<mjloggm ver="2.3"><GO type="169" lobby="0"/><UN n0="%E3%81%A1%E3%82%83%E3%81%B0%E3%82%8A%E3%83%BC%E3%82%84" n1="%E3%82%A2%E3%83%A9%E3%82%B5%E3%83%BC%E3%81%A0%E3%82%88%21%21" n2="%E6%81%8B%E3%81%AE%E3%81%86%E3%81%9F" n3="%E4%B8%83%E7%94%9F%E5%A4%95" dan="16,18,17,16" rate="2116.65,2233.86,2265.18,2102.34" sx="M,F,M,M"/><TAIKYOKU oya="0"/><INIT seed="0,0,0,1,3,72" ten="250,250,250,250" oya="0" hai0="131,128,109,103,20,122,118,132,117,54,11,105,114" hai1="126,9,51,107,30,55,94,28,24,3,37,108,17" hai2="81,13,25,52,93,57,26,90,119,120,14,80,8" hai3="86,5,21,32,133,112,84,44,66,79,4,82,56"/><T43/><D43/><U60/><E107/><V1/><F1/><W15/><G32/><T69/><D54/><U98/><E37/><V96/><F120/><W29/><G133/><T67/><D20/><N who="1" m="13327" /><E108/><V34/><F13/><W41/><G112/><T83/><D11/><U47/><E126/><V135/><F119/><N who="0" m="45578" /><D67/><U12/><E3/><V102/><F135/><W100/><G100/><T45/><D45/><U40/><E60/><V123/><F123/><W97/><G97/><N who="0" m="61679" /><D132/><U88/><E40/><V61/><F102/><W104/><G104/><T36/><D69/><U2/><E2/><V71/><F71/><W18/><G29/><T127/><D36/><U63/><E63/><V78/><F81/><N who="3" m="47167" /><G66/><T38/><D38/><U46/><E46/><V76/><F80/><W68/><G56/><T39/><D114/><U49/><E49/><V42/><F42/><W19/><G68/><T134/><D134/><U27/><E27/><N who="2" m="10251" /><F34/><W64/><G64/><T125/><D122/><U70/><E70/><V22/><F22/><W53/><G41/><T110/><D83/><U58/><E58/><V95/><F95/><W74/><G44/><T35/><D35/><U7/><AGARI ba="0,0" hai="7,9,12,28,30,47,51,55,88,94,98" m="13327" machi="7" ten="30,2000,0" yaku="8,1,54,1" doraHai="72" who="1" fromWho="1" sc="250,-10,250,20,250,-5,250,-5" /><INIT seed="1,0,0,4,5,30" ten="240,270,245,245" oya="1" hai0="92,9,110,1,118,122,34,117,45,40,128,74,75" hai1="36,119,105,95,116,48,83,96,100,125,73,13,38" hai2="69,103,14,108,132,53,94,72,102,25,127,78,87" hai3="93,33,19,86,115,64,21,77,109,88,18,59,133"/><U65/><E125/><V121/><F69/><W46/><G115/><T56/><D92/><U124/><E124/><V131/><BYE who="1" /><F127/><W111/><G133/><T91/><D91/><U4/><E4/><V0/><F0/><W15/><G77/><T37/><D56/><U104/><E104/><V16/><F108/><N who="3" m="41547" /><G46/><T97/><D110/><UN n1="%E3%82%A2%E3%83%A9%E3%82%B5%E3%83%BC%E3%81%A0%E3%82%88%21%21" /><U81/><E65/><V126/><F131/><W60/><G19/><T80/><D97/><U135/><E135/><V29/><F121/><W27/><G27/><T113/><D113/><U98/><E48/><V22/><F72/><W28/><G28/><T6/><D128/><U114/><E114/><V123/><F123/><W5/><G5/><T106/><D106/><U35/><E13/><V10/><F132/><W82/><G82/><T2/><D2/><U63/><E63/><V50/><F126/><W52/><G33/><T24/><D122/><U44/><E35/><V129/><F129/><W41/><G41/><T71/><D71/><U51/><E38/><V90/><REACH who="2" step="1"/><F78/><REACH who="2" ten="240,270,235,245" step="2"/><W17/><G17/><T76/><D75/><U67/><E73/><V55/><F55/><AGARI ba="0,1" hai="15,18,21,52,55,59,60,64,86,88,93" m="41547" machi="55" ten="30,3900,0" yaku="14,1,54,2" doraHai="30" who="3" fromWho="2" sc="240,0,270,0,235,-39,245,49" /><INIT seed="2,0,0,4,3,69" ten="240,270,196,294" oya="2" hai0="3,64,42,106,94,100,61,23,75,66,118,46,70" hai1="8,48,115,47,119,24,81,126,97,107,108,95,36" hai2="32,21,1,120,124,12,83,39,30,15,50,109,87" hai3="104,133,74,53,4,2,121,103,28,88,7,45,63"/><V77/><F120/><W19/><G121/><T85/><D118/><U34/><E119/><V60/><F1/><W134/><G28/><T38/><D75/><U111/><E115/><V37/><F124/><W33/><G33/><T6/><D106/><U56/><E107/><V91/><F32/><W98/><G74/><T26/><D66/><U17/><E126/><V43/><F60/><W117/><G117/><T44/><D44/><U78/><E56/><V73/><F109/><N who="1" m="42057" /><E34/><V52/><F43/><W18/><G88/><T29/><D85/><N who="1" m="48311" /><E24/><V54/><F12/><W51/><G63/><T49/><D38/><U86/><E86/><V101/><F101/><W10/><REACH who="3" step="1"/><G7/><REACH who="3" ten="240,270,196,284" step="2"/><T131/><D6/><U105/><E97/><V96/><F96/><W135/><AGARI ba="0,1" hai="2,4,10,18,19,45,51,53,98,103,104,133,134,135" machi="135" ten="30,7900,0" yaku="1,1,2,1,0,1,20,1,53,0" doraHai="69" doraHaiUra="122" who="3" fromWho="3" sc="240,-20,270,-20,196,-39,284,89" /><INIT seed="3,0,0,5,4,132" ten="220,250,157,373" oya="3" hai0="47,110,125,129,22,26,92,39,96,116,123,40,6" hai1="67,41,50,52,25,58,97,15,128,29,127,44,86" hai2="10,38,73,60,75,48,28,121,112,107,36,122,84" hai3="99,98,80,65,130,78,23,74,91,1,134,11,77"/><W30/><G134/><T61/><D116/><U135/><E127/><V95/><F28/><W108/><G130/><T21/><D123/><N who="2" m="47114" /><F48/><W55/><G65/><T34/><D129/><U120/><E135/><V85/><F10/><W102/><G77/><T113/><D110/><U49/><E120/><V27/><F27/><W62/><G91/><T93/><D113/><U32/><E128/><V0/><F60/><W18/><G30/><T101/><D6/><U114/><E114/><V66/><F66/><W43/><G43/><T3/><D3/><U8/><E86/><N who="2" m="33387" /><F112/><W79/><G11/><T35/><D21/><U76/><E76/><V83/><F107/><W117/><G18/><T82/><D61/><U7/><E97/><V51/><F51/><W24/><G23/><T57/><D57/><U14/><REACH who="1" step="1"/><E67/><REACH who="1" ten="220,240,157,373" step="2"/><V16/><F73/><W5/><G74/><T118/><D118/><U126/><E126/><V131/><F131/><W106/><G117/><T33/><D125/><U89/><E89/><V104/><F75/><W42/><G78/><T72/><D72/><U31/><E31/><V81/><F81/><W111/><G80/><T56/><D82/><U13/><AGARI ba="0,1" hai="7,8,13,14,15,25,29,32,41,44,49,50,52,58" machi="13" ten="20,8000,1" yaku="1,1,0,1,7,1,54,1,53,1" doraHai="132" doraHaiUra="2" who="1" fromWho="1" sc="220,-20,240,90,157,-20,373,-40" /><INIT seed="4,0,0,4,3,17" ten="200,330,137,333" oya="0" hai0="47,21,58,98,57,19,105,15,81,127,60,83,82" hai1="132,76,38,31,29,63,107,91,74,2,130,56,118" hai2="39,14,51,95,9,113,37,70,86,35,24,73,78" hai3="112,87,85,33,13,128,49,93,106,52,101,64,12"/><T102/><D127/><U30/><E118/><V50/><F70/><W72/><G72/><T40/><REACH who="0" step="1"/><D60/><REACH who="0" ten="190,330,137,333" step="2"/><U122/><E63/><V115/><F115/><W134/><G112/><T67/><D67/><U77/><E122/><V119/><F113/><W125/><G64/><T42/><D42/><U11/><E132/><V80/><F119/><W53/><G125/><T94/><D94/><U62/><E62/><V16/><F39/><AGARI ba="0,1" hai="15,19,21,39,40,47,57,58,81,82,83,98,102,105" machi="39" ten="40,3900,0" yaku="1,1,52,1,53,0" doraHai="17" doraHaiUra="23" who="0" fromWho="2" sc="190,49,330,0,137,-39,333,0" /><INIT seed="4,1,0,3,3,39" ten="239,330,98,333" oya="0" hai0="103,5,20,112,113,92,47,70,74,0,107,133,127" hai1="94,24,105,73,31,83,108,66,33,109,86,80,67" hai2="43,4,25,102,58,114,125,81,38,121,44,42,53" hai3="129,90,128,36,62,57,99,40,126,120,104,51,123"/><T116/><D116/><U76/><E105/><V78/><F121/><N who="3" m="46667" /><G104/><T132/><D70/><U28/><E28/><V100/><F114/><N who="0" m="44138" /><D20/><U71/><E94/><V68/><F125/><W55/><G99/><N who="0" m="61951" /><D47/><U54/><E54/><V48/><F68/><W18/><G90/><T119/><D119/><U41/><E41/><V8/><F25/><W11/><G18/><T14/><D14/><U59/><E71/><V21/><F21/><W95/><G95/><T34/><D34/><U91/><REACH who="1" step="1"/><E59/><REACH who="1" ten="239,320,98,333" step="2"/><V22/><F43/><W98/><G126/><T79/><D127/><U30/><E30/><V27/><F27/><W82/><G57/><T16/><D92/><U131/><E131/><V45/><F58/><W35/><G40/><T61/><D61/><U46/><E46/><V6/><F44/><W2/><G62/><T135/><D135/><U49/><E49/><V84/><F48/><W60/><G51/><T96/><D96/><U7/><E7/><V75/><F4/><W72/><G98/><T56/><D56/><U117/><E117/><V93/><F53/><W3/><G55/><T122/><D122/><U9/><E9/><V17/><F22/><W77/><G60/><T23/><D5/><U106/><E106/><V88/><REACH who="2" step="1"/><F17/><REACH who="2" ten="239,320,88,333" step="2"/><W64/><G128/><T26/><D0/><AGARI ba="1,2" hai="0,6,8,38,42,45,75,78,81,84,88,93,100,102" machi="0" ten="30,12000,2" yaku="1,1,2,1,7,1,25,2,52,1,54,1,53,0" doraHai="39" doraHaiUra="110" who="2" fromWho="0" sc="239,-123,320,0,88,143,333,0" /><INIT seed="5,0,0,1,3,100" ten="116,320,231,333" oya="1" hai0="23,63,85,121,21,91,40,4,131,55,125,1,5" hai1="115,135,83,116,61,74,24,13,93,3,67,25,90" hai2="0,26,12,102,46,94,38,109,84,7,62,111,112" hai3="103,117,118,76,60,2,52,9,8,36,134,86,49"/><U22/><E116/><N who="3" m="44650" /><G36/><T122/><D125/><U68/><E115/><V70/><F0/><W57/><G134/><T10/><D131/><U81/><E135/><V92/><F26/><W75/><G75/><T130/><D130/><U114/><E114/><V133/><F133/><W69/><G103/><T71/><D40/><U42/><E3/><V72/><F72/><W126/><G126/><T34/><D34/><U119/><E119/><V6/><F102/><W128/><G2/><T35/><D35/><U28/><E42/><V110/><F112/><W64/><G128/><T29/><D5/><U77/><E83/><AGARI ba="0,0" hai="8,9,49,52,57,60,64,69,76,83,86" m="44650" machi="83" ten="30,2000,0" yaku="12,1,54,1" doraHai="100" who="3" fromWho="1" sc="116,0,320,-20,231,0,333,20" /><INIT seed="6,0,0,2,3,15" ten="116,300,231,353" oya="2" hai0="61,119,97,116,20,31,57,75,64,90,29,26,63" hai1="14,98,101,34,23,50,65,79,96,104,115,36,85" hai2="10,87,68,4,88,84,11,95,35,94,46,6,131" hai3="93,47,71,107,83,38,9,69,128,74,58,127,113"/><V103/><F68/><W33/><G107/><T100/><D75/><U70/><E34/><V41/><F35/><W133/><G33/><T22/><D116/><U25/><E36/><V60/><F131/><W109/><G109/><T81/><D119/><U42/><E115/><V99/><F60/><W73/><G93/><T118/><D118/><U49/><E98/><V121/><F121/><W122/><G9/><T8/><D8/><U132/><E132/><V27/><F27/><W89/><G89/><T129/><D129/><U44/><E14/><V105/><F10/><W106/><G83/><T28/><D63/><U114/><E114/><V51/><F11/><W110/><G106/><T82/><D20/><U123/><E123/><V134/><F134/><W86/><G38/><T1/><D1/><U21/><E21/><V39/><F39/><W24/><G71/><T124/><D124/><U30/><E65/><V62/><F62/><W59/><G69/><T77/><D90/><AGARI ba="0,0" hai="4,6,41,46,51,84,87,88,90,94,95,99,103,105" machi="90" ten="40,3900,0" yaku="9,1,54,1" doraHai="15" who="2" fromWho="0" sc="116,-39,300,0,231,39,353,0" /><INIT seed="6,1,0,3,4,75" ten="77,300,270,353" oya="2" hai0="134,70,11,9,88,66,104,25,33,41,63,77,21" hai1="123,42,53,2,91,0,105,79,37,122,15,45,51" hai2="29,94,118,65,8,117,54,67,28,72,125,69,120" hai3="89,135,34,81,23,101,80,96,24,62,93,39,61"/><V82/><F120/><N who="1" m="46121" /><E105/><V115/><F115/><W119/><G119/><T56/><D134/><U126/><E126/><V110/><F125/><W36/><G135/><T128/><D128/><U107/><E107/><V95/><F72/><W19/><G34/><T97/><D33/><U27/><E27/><V44/><F82/><N who="3" m="31851" /><G39/><T133/><D133/><U46/><E91/><V12/><F69/><W85/><G36/><T71/><D41/><U74/><E15/><V109/><F12/><W18/><G18/><T3/><D104/><U6/><E6/><V98/><F54/><W87/><G101/><T121/><D121/><U43/><E43/><V73/><F73/><W64/><G64/><T52/><D3/><N who="1" m="1067" /><E74/><V55/><F55/><W35/><G35/><T48/><D71/><U47/><E47/><V112/><F44/><W113/><G113/><T68/><D68/><U59/><E59/><V111/><F112/><W130/><G130/><T127/><D127/><U30/><E30/><V40/><F40/><W17/><G17/><T13/><D13/><U124/><E124/><V92/><F98/><W20/><G20/><T1/><D1/><U50/><E37/><V129/><F8/><W38/><G38/><T103/><D103/><U90/><E90/><V60/><F129/><W78/><G96/><T100/><D100/><U22/><E22/><V108/><N who="2" m="27648" /><DORA hai="132" /><V102/><F102/><W10/><G10/><T7/><D7/><U57/><E45/><V76/><F65/><W83/><AGARI ba="1,0" hai="19,23,24,61,62,78,83,85,87,89,93" m="31851" machi="83" ten="30,2000,0" yaku="8,1,52,1" doraHai="75,132" who="3" fromWho="3" sc="77,-6,300,-6,270,-11,353,23" /><INIT seed="7,0,0,1,0,69" ten="71,294,259,376" oya="3" hai0="108,118,77,95,82,83,110,26,30,13,134,22,11" hai1="17,76,67,41,34,15,105,120,132,49,109,23,68" hai2="103,70,135,72,92,131,115,56,40,116,33,29,62" hai3="32,99,48,43,35,73,54,98,119,31,39,16,89"/><W65/><G73/><T97/><D134/><U57/><E109/><V94/><F116/><W79/><G79/><T45/><D118/><U126/><E34/><V91/><F72/><W5/><G5/><T52/><D108/><U81/><E68/><V129/><F70/><W7/><G7/><T19/><D110/><U47/><E105/><V122/><F135/><W104/><G65/><T24/><D77/><U36/><E126/><V63/><F115/><W10/><G54/><T61/><D24/><U123/><E132/><V38/><F103/><W37/><G48/><T60/><D60/><U86/><REACH who="1" step="1"/><E67/><REACH who="1" ten="71,284,259,376" step="2"/><V80/><F122/><W66/><G104/><T51/><REACH who="0" step="1"/><D61/><REACH who="0" ten="61,284,259,376" step="2"/><U114/><E114/><V100/><F62/><W18/><G119/><T2/><D2/><U96/><E96/><V4/><F63/><W88/><G98/><T121/><D121/><U75/><E75/><V6/><F131/><W93/><G99/><T127/><D127/><U8/><E8/><V85/><F129/><W102/><G10/><T133/><D133/><U0/><E0/><V78/><F33/><W14/><G32/><T12/><D12/><U90/><E90/><AGARI ba="0,2" hai="11,13,19,22,26,30,45,51,52,82,83,90,95,97" machi="90" ten="30,7700,0" yaku="1,1,7,1,8,1,54,1,53,0" doraHai="69" doraHaiUra="101" who="0" fromWho="1" sc="61,97,284,-77,259,0,376,0" owari="158,-34.2,207,-19.3,259,5.9,376,47.6" /></mjloggm>