<mjloggm ver="2.3"><GO type="169" lobby="0"/><UN n0="%E8%B6%85%E6%94%BB%E6%92%83%E9%BA%BB%E9%9B%80" n1="%E7%89%A7%E5%A0%B4%E3%81%AE%E5%B0%8F%E5%A5%B3" n2="%E3%81%BC%E3%82%93%E3%81%BC%E3%82%93" n3="%E6%8E%A2%39" dan="16,17,16,17" rate="2157.34,2191.29,2122.22,2192.19" sx="M,F,M,M"/><TAIKYOKU oya="0"/><INIT seed="0,0,0,0,1,95" ten="250,250,250,250" oya="0" hai0="42,103,62,5,81,128,108,116,16,14,29,28,106" hai1="20,68,45,84,0,58,87,8,119,112,121,83,105" hai2="55,37,135,63,52,99,126,104,17,54,122,102,76" hai3="64,21,59,92,7,94,85,93,2,65,69,134,53"/><T36/><D116/><U30/><E68/><V34/><F122/><W117/><G117/><T31/><D128/><U111/><E119/><V39/><F34/><W75/><G75/><T50/><D36/><U90/><E121/><V3/><F3/><W26/><G134/><T125/><D125/><U88/><E105/><V11/><F126/><W80/><G69/><T6/><D108/><U24/><E111/><V10/><F135/><W41/><G41/><T82/><D62/><U89/><E112/><V113/><F113/><W25/><G7/><N who="0" m="2571" /><D103/><U96/><E0/><V13/><F76/><W22/><G2/><T66/><D66/><N who="3" m="25705" /><G21/><N who="0" m="11415" /><D106/><U78/><E8/><V77/><F77/><N who="3" m="46223" /><G22/><T72/><D72/><U123/><E123/><V91/><F10/><W57/><G59/><T61/><D61/><AGARI ba="0,0" hai="25,26,53,57,61,92,93,94" m="46223,25705" machi="61" ten="30,1000,0" yaku="8,1" doraHai="95" who="3" fromWho="0" sc="250,-10,250,0,250,0,250,10" /><INIT seed="1,0,0,2,3,36" ten="240,250,250,260" oya="1" hai0="28,22,3,32,18,67,85,110,75,78,21,114,113" hai1="57,72,52,20,94,42,133,4,39,53,26,100,44" hai2="126,82,59,117,41,65,90,9,127,80,49,83,123" hai3="79,108,106,101,45,66,107,112,38,58,92,33,14"/><U24/><E133/><V99/><F123/><W0/><G0/><T61/><D75/><U2/><E72/><V74/><F74/><W116/><G112/><T103/><D3/><U1/><E24/><V93/><F117/><W12/><G33/><T54/><D32/><U25/><E26/><V87/><F65/><W56/><G79/><T81/><D28/><U119/><E119/><V109/><F109/><W37/><G92/><T50/><D103/><U46/><E4/><V86/><F9/><W30/><G45/><T5/><D5/><U124/><E124/><N who="2" m="47659" /><F59/><W64/><G101/><T27/><D22/><U35/><E35/><V71/><F71/><W55/><G55/><T115/><D110/><U47/><E53/><V125/><N who="2" m="47667" /><V48/><DORA hai="96" /><F48/><W11/><G11/><T105/><D105/><U10/><E1/><V122/><F122/><W84/><G108/><T70/><REACH who="0" step="1"/><D114/><REACH who="0" ten="230,250,250,260" step="2"/><U135/><E2/><V134/><F134/><W118/><G30/><T34/><D34/><U63/><E135/><V60/><F60/><W31/><G31/><T104/><D104/><U120/><E120/><V6/><F6/><W128/><G107/><T8/><D8/><U129/><E10/><V15/><F15/><W19/><G106/><T62/><D62/><U121/><E121/><V7/><F7/><W23/><G118/><T98/><D98/><N who="1" m="59479" /><E39/><V68/><F99/><W76/><G116/><T130/><D130/><U40/><E129/><V91/><F87/><W95/><G128/><T132/><D132/><U102/><E102/><V77/><F86/><W111/><G84/><RYUUKYOKU ba="0,1" sc="230,15,250,15,250,-15,260,-15" hai0="18,21,27,50,54,61,67,70,78,81,85,113,115" hai1="20,25,40,42,44,46,47,52,57,63" /><INIT seed="1,1,1,4,1,17" ten="245,265,235,245" oya="1" hai0="88,63,115,133,52,113,31,24,62,45,23,35,49" hai1="97,71,70,104,3,82,64,125,90,14,27,9,21" hai2="85,91,74,4,30,39,108,111,51,57,129,94,80" hai3="40,26,43,22,78,47,122,119,86,15,132,101,72"/><U118/><E3/><V81/><F39/><W130/><G122/><T54/><D133/><U46/><E118/><V117/><F4/><W87/><G132/><T33/><D33/><U41/><E125/><V48/><F117/><W12/><G119/><T128/><D128/><U76/><E64/><V73/><F30/><W89/><G101/><T0/><D0/><U10/><E104/><V79/><F57/><W110/><G72/><T11/><D11/><U42/><E97/><V120/><F120/><W123/><G110/><N who="2" m="42025" /><F48/><N who="3" m="26727" /><G43/><T60/><D35/><U112/><E42/><V98/><F51/><W61/><G61/><T93/><REACH who="0" step="1"/><D54/><REACH who="0" ten="235,265,235,245" step="2"/><U100/><E10/><V121/><F121/><W109/><G130/><T38/><D38/><U50/><E9/><V18/><F129/><W127/><G109/><T29/><D29/><U16/><E41/><V34/><F34/><W131/><G131/><T67/><D67/><U20/><E21/><V25/><F81/><N who="3" m="47415" /><G123/><T107/><D107/><U19/><E82/><V59/><F59/><W83/><G127/><T53/><D53/><U105/><E105/><V2/><F2/><W84/><G83/><T77/><D77/><U56/><E76/><V44/><F44/><W124/><G124/><T99/><AGARI ba="1,2" hai="23,24,31,45,49,52,60,62,63,88,93,99,113,115" machi="99" ten="30,8000,1" yaku="1,1,0,1,52,1,54,2,53,0" doraHai="17" doraHaiUra="103" who="0" fromWho="0" sc="235,103,265,-41,235,-21,245,-21" /><INIT seed="2,0,0,3,3,0" ten="338,224,214,224" oya="2" hai0="24,23,95,102,46,90,79,5,15,48,106,44,16" hai1="75,50,113,68,128,30,17,13,97,55,54,119,129" hai2="135,49,61,26,64,40,82,21,65,60,133,10,41" hai3="109,114,19,57,56,6,73,71,76,38,131,66,117"/><V125/><F125/><W86/><G73/><T92/><D106/><U115/><E75/><V35/><F35/><W45/><G117/><T94/><D102/><U33/><E119/><V107/><F107/><W25/><G109/><T81/><D90/><U67/><E97/><V31/><F82/><W70/><G57/><T52/><D46/><U62/><E30/><V118/><F118/><W110/><G131/><N who="1" m="50250" /><E33/><V84/><F84/><W29/><G19/><T122/><D122/><U91/><E91/><V116/><F116/><W87/><G87/><T104/><D104/><U74/><E74/><V43/><F10/><W2/><G110/><T130/><D130/><U59/><E54/><V18/><F31/><W36/><G86/><N who="0" m="48447" /><D5/><U134/><E134/><N who="2" m="51211" /><F49/><W11/><G38/><T111/><D111/><U58/><E68/><N who="2" m="41991" /><F40/><W12/><G76/><T96/><D96/><U9/><AGARI ba="0,0" hai="9,13,17,50,55,58,59,62,67,113,115" m="50250" machi="9" ten="30,1100,0" yaku="19,1" doraHai="0" who="1" fromWho="1" sc="338,-3,224,11,214,-5,224,-3" /><INIT seed="3,0,0,1,0,24" ten="335,235,209,221" oya="3" hai0="34,90,91,65,108,12,107,101,1,122,49,127,37" hai1="120,132,110,16,27,61,3,130,106,74,69,31,133" hai2="94,114,46,26,44,8,59,92,116,83,75,57,60" hai3="78,99,93,125,2,38,115,131,81,64,71,58,15"/><W40/><G2/><T36/><D49/><U87/><E87/><V21/><F114/><W32/><G115/><T89/><D12/><U126/><E61/><V17/><F116/><W35/><G71/><T102/><D1/><U9/><E106/><V50/><F75/><W86/><G131/><T68/><D108/><U30/><E74/><V119/><F119/><W63/><G125/><T66/><D34/><U7/><E69/><V48/><F83/><W33/><G15/><T20/><D68/><U5/><E110/><V96/><F8/><W42/><REACH who="3" step="1"/><G38/><REACH who="3" ten="335,235,209,211" step="2"/><T39/><D127/><U73/><E126/><V70/><F70/><W85/><G85/><T105/><D122/><U98/><E73/><V72/><F72/><W51/><G51/><T55/><D20/><N who="1" m="13703" /><E120/><V129/><F129/><W128/><G128/><T112/><D112/><U25/><E130/><V47/><F50/><W84/><G84/><T56/><D39/><U53/><E3/><V54/><REACH who="2" step="1"/><F96/><REACH who="2" ten="335,235,199,211" step="2"/><W76/><G76/><T100/><D37/><U134/><E98/><V118/><F118/><W124/><G124/><T43/><D36/><U22/><E133/><V19/><F19/><W67/><G67/><AGARI ba="0,2" hai="17,21,26,44,46,47,48,54,57,59,60,67,92,94" machi="67" ten="40,2600,0" yaku="1,1,8,1,53,0" doraHai="24" doraHaiUra="109" who="2" fromWho="3" sc="335,0,235,0,199,46,211,-26" /><INIT seed="4,0,0,3,3,129" ten="335,235,245,185" oya="0" hai0="109,97,33,61,24,114,41,89,84,14,66,45,108" hai1="101,72,52,78,105,34,95,79,74,128,120,4,27" hai2="13,25,135,119,63,30,57,88,8,115,131,50,35" hai3="98,3,16,91,19,7,62,100,85,10,116,43,47"/><T121/><D121/><U80/><E4/><V9/><F131/><W28/><G116/><T0/><D0/><U20/><E120/><V26/><F115/><W22/><G62/><T54/><D114/><U23/><E105/><V59/><F119/><W117/><G117/><T133/><D97/><U112/><E112/><V44/><F26/><W92/><G28/><T70/><D14/><U132/><E128/><V87/><F135/><W75/><G22/><T83/><D54/><U110/><E110/><V94/><F63/><W40/><G75/><T39/><D33/><U51/><E132/><V31/><F31/><W38/><REACH who="3" step="1"/><G40/><REACH who="3" ten="335,235,245,175" step="2"/><T21/><REACH who="0" step="1"/><D133/><REACH who="0" ten="325,235,245,175" step="2"/><U67/><E34/><V126/><F126/><W15/><G15/><T32/><D32/><U82/><E27/><V69/><F13/><W36/><G36/><T73/><D73/><U68/><E72/><V103/><F25/><W42/><G42/><T122/><D122/><U37/><E74/><V104/><F35/><W102/><G102/><T123/><D123/><U60/><E37/><V77/><F103/><W113/><G113/><T86/><D86/><U124/><E124/><V134/><F87/><W90/><G90/><T12/><D12/><U49/><E101/><V6/><F88/><W48/><G48/><T127/><D127/><U76/><E49/><V29/><F50/><W17/><G17/><AGARI ba="0,2" hai="17,21,24,39,41,45,61,66,70,83,84,89,108,109" machi="17" ten="40,2000,0" yaku="1,1,53,0" doraHai="129" doraHaiUra="107" who="0" fromWho="3" sc="325,40,235,0,245,0,175,-20" /><INIT seed="4,1,0,0,2,122" ten="365,235,245,155" oya="0" hai0="9,60,123,38,23,37,53,61,107,20,80,62,77" hai1="5,33,51,70,78,66,98,73,103,120,134,49,6" hai2="87,72,44,76,131,65,110,93,130,94,106,127,46" hai3="52,126,41,1,56,14,25,101,114,57,96,45,111"/><T71/><D123/><U11/><E120/><V118/><F65/><W30/><G1/><T55/><D71/><U26/><E134/><V12/><F12/><W83/><G114/><T64/><D64/><U121/><E121/><V32/><F32/><W0/><G0/><T24/><D107/><U28/><E78/><V27/><F27/><W48/><G126/><T54/><D9/><U36/><E36/><V124/><F106/><W40/><G14/><T129/><D129/><N who="2" m="49162" /><F72/><W115/><G115/><T69/><D69/><U113/><E73/><V29/><F29/><W105/><G83/><T2/><D2/><U21/><E21/><V89/><F76/><W91/><G91/><T125/><D125/><N who="2" m="48202" /><F118/><W86/><G86/><T31/><REACH who="0" step="1"/><D23/><REACH who="0" ten="355,235,245,155" step="2"/><U47/><E113/><V39/><F39/><W13/><G105/><T109/><D109/><U112/><E112/><V133/><F110/><W7/><G111/><T85/><AGARI ba="1,1" hai="20,24,31,37,38,53,54,55,60,61,62,77,80,85" machi="85" ten="30,3000,0" yaku="1,1,0,1,53,0" doraHai="122" doraHaiUra="84" who="0" fromWho="0" sc="355,43,235,-11,245,-11,155,-11" /><INIT seed="4,2,0,4,2,129" ten="398,224,234,144" oya="0" hai0="98,41,43,67,68,103,131,2,66,61,56,48,58" hai1="53,7,99,123,54,10,71,70,121,112,33,14,124" hai2="49,85,102,95,133,77,31,87,82,38,115,110,5" hai3="17,63,122,104,117,32,23,80,20,40,46,130,25"/><T62/><D2/><U0/><E33/><V55/><F38/><W83/><G117/><T22/><D131/><U89/><E124/><V108/><F115/><W36/><G130/><T97/><D97/><U74/><E74/><V135/><F5/><W94/><G104/><T37/><D22/><U60/><E112/><V125/><F31/><W24/><G122/><T105/><D98/><U134/><E0/><V69/><F69/><W127/><G127/><T44/><D103/><U21/><E21/><V91/><F125/><W47/><G32/><T30/><D30/><U86/><E99/><N who="2" m="59775" /><F49/><W1/><G1/><T34/><D105/><U13/><E7/><V6/><F55/><W3/><G3/><T111/><D34/><U9/><E86/><V113/><F6/><W18/><G94/><T42/><D111/><N who="2" m="42538" /><F113/><W96/><G96/><T81/><D81/><AGARI ba="2,0" hai="77,81,82,85,87,91,133,135" m="42538,59775" machi="81" ten="30,7700,0" yaku="34,2,52,2" doraHai="129" who="2" fromWho="0" sc="398,-83,224,0,234,83,144,0" /><INIT seed="5,0,0,0,0,66" ten="315,224,317,144" oya="1" hai0="81,87,40,70,86,85,22,7,102,31,104,79,1" hai1="38,98,18,92,21,54,60,30,109,3,90,39,5" hai2="74,110,83,120,84,91,123,93,130,41,8,114,48" hai3="29,32,101,105,12,69,33,17,23,100,108,77,35"/><U82/><E109/><V124/><F110/><W10/><G108/><T16/><D31/><U64/><E30/><V25/><F25/><W67/><G100/><T55/><D40/><U125/><E125/><V122/><F8/><W13/><G77/><T19/><D19/><U126/><E126/><V61/><F124/><W56/><G56/><T107/><D7/><U129/><E129/><V131/><F61/><W106/><G106/><T57/><D1/><U75/><E5/><V80/><F48/><W27/><G13/><T43/><D43/><U34/><E34/><V28/><F41/><W99/><G10/><T89/><D70/><U113/><E3/><V72/><F28/><W24/><REACH who="3" step="1"/><G27/><REACH who="3" ten="315,224,317,134" step="2"/><T65/><D102/><U45/><E90/><V47/><F47/><W63/><AGARI ba="0,1" hai="12,17,23,24,29,32,33,35,63,67,69,99,101,105" machi="63" ten="30,12000,2" yaku="1,1,2,1,0,1,25,2,52,1,53,1" doraHai="66" doraHaiUra="11" who="3" fromWho="3" sc="315,-30,224,-60,317,-30,134,130" /><INIT seed="6,0,0,1,3,120" ten="285,164,287,264" oya="2" hai0="68,42,59,57,129,58,38,118,97,15,131,101,95" hai1="115,69,72,124,30,113,18,45,88,14,44,62,125" hai2="133,82,84,122,46,16,127,77,54,111,11,6,39" hai3="60,121,132,25,103,61,74,83,26,90,1,85,134"/><V67/><F122/><W34/><G121/><T87/><D68/><U31/><E72/><V64/><F127/><N who="1" m="48713" /><E62/><N who="3" m="24170" /><G34/><T19/><D118/><U98/><E69/><V126/><F133/><N who="3" m="51307" /><G1/><T99/><D87/><U117/><E117/><V66/><F126/><W33/><G33/><T17/><D42/><U10/><E31/><V9/><F39/><W104/><G74/><T105/><D38/><U28/><E28/><V70/><F70/><W110/><G110/><T0/><D0/><U107/><E30/><V71/><F111/><W102/><G104/><T114/><D114/><N who="1" m="43531" /><E107/><V81/><F71/><W7/><G7/><T56/><N who="0" m="14336" /><DORA hai="40" /><T37/><D37/><U112/><N who="1" m="43539" /><U50/><DORA hai="4" /><E50/><N who="2" m="29015" /><F6/><W73/><G73/><T80/><D80/><U32/><E32/><V13/><F82/><W12/><G12/><T94/><D105/><U96/><E96/><V135/><F135/><W20/><G25/><T92/><D92/><AGARI ba="0,0" hai="10,14,18,44,45,88,92,98" m="43539,48713" machi="92" ten="50,12000,2" yaku="18,1,15,1,52,3,54,1" doraHai="120,40,4" who="1" fromWho="0" sc="285,-120,164,120,287,0,264,0" /><INIT seed="7,0,0,1,1,91" ten="165,284,287,264" oya="3" hai0="124,78,71,100,74,11,81,8,88,10,95,119,16" hai1="86,63,3,101,127,115,112,97,52,2,84,118,5" hai2="130,46,23,126,60,61,38,135,66,104,57,62,96" hai3="25,37,55,42,1,13,33,31,105,76,4,110,58"/><W103/><G76/><T89/><D119/><U73/><E73/><V122/><F126/><W35/><G42/><T131/><D71/><U129/><E127/><V94/><F104/><W69/><G37/><T72/><D124/><U128/><E118/><V87/><F130/><N who="1" m="50281" /><E63/><V54/><F135/><W0/><G69/><T132/><D131/><U133/><E52/><V12/><F87/><N who="1" m="33321" /><E133/><V99/><F99/><W22/><G110/><T59/><D132/><U85/><N who="1" m="33329" /><U134/><DORA hai="107" /><E134/><V43/><F122/><W30/><G103/><T24/><D74/><U34/><E34/><N who="3" m="12810" /><G105/><T14/><D59/><U45/><E45/><V102/><REACH who="2" step="1"/><F66/><REACH who="2" ten="165,284,277,264" step="2"/><W28/><G55/><T21/><REACH who="0" step="1"/><D24/><REACH who="0" ten="155,284,277,264" step="2"/><U80/><E80/><V65/><F65/><W64/><G64/><T70/><D70/><U17/><E115/><V98/><F98/><AGARI ba="0,2" hai="8,10,11,14,16,21,72,78,81,88,89,95,98,100" machi="98" ten="40,12000,2" yaku="1,1,52,2,54,2,53,1" doraHai="91,107" doraHaiUra="79,121" who="0" fromWho="2" sc="155,140,284,0,277,-120,264,0" /><INIT seed="8,0,0,4,1,16" ten="295,284,157,264" oya="0" hai0="31,106,134,110,22,35,6,54,77,123,63,66,85" hai1="14,21,24,69,88,86,45,127,130,83,116,129,25" hai2="10,118,113,119,41,125,87,28,5,115,32,11,40" hai3="94,38,30,91,131,101,121,56,97,82,27,23,76"/><T57/><D123/><U92/><E116/><N who="2" m="44587" /><F125/><W48/><G131/><N who="1" m="50186" /><E127/><V78/><F28/><W8/><G38/><T13/><D35/><U128/><N who="1" m="50194" /><U112/><DORA hai="1" /><E112/><N who="2" m="43083" /><F32/><W100/><G121/><T72/><D72/><U120/><E120/><V60/><F60/><W18/><G56/><T105/><D134/><U46/><E69/><V3/><F11/><W74/><G48/><T15/><D110/><U132/><E132/><V47/><F47/><N who="1" m="17929" /><E83/><AGARI ba="0,0" hai="3,5,10,40,41,78,83,87" m="43083,44587" machi="83" ten="30,3900,0" yaku="16,1,12,1,52,1" doraHai="16,1" who="2" fromWho="1" sc="295,0,284,-39,157,39,264,0" /><INIT seed="9,0,0,3,2,3" ten="295,245,196,264" oya="1" hai0="29,94,2,101,123,18,82,119,5,14,107,36,70" hai1="49,134,131,67,80,120,32,78,117,126,27,124,127" hai2="121,62,72,76,106,11,12,63,45,92,51,64,56" hai3="35,69,115,41,50,130,1,87,46,118,30,93,73"/><U114/><E114/><V65/><F106/><W33/><G115/><T25/><D36/><U103/><E120/><V58/><F121/><W95/><G73/><T43/><D43/><U66/><E117/><V84/><F72/><W105/><G69/><T90/><D101/><U88/><E103/><V15/><F15/><W71/><G71/><T111/><D107/><U135/><E49/><V7/><F92/><W48/><G130/><T20/><D70/><U83/><E32/><V132/><F132/><N who="1" m="50729" /><E27/><V16/><F84/><W22/><G1/><T79/><D123/><U34/><E34/><V24/><F76/><W108/><G108/><T55/><D111/><U54/><E54/><N who="2" m="30063" /><F24/><W37/><G118/><T81/><D79/><U122/><E122/><V4/><AGARI ba="0,0" hai="4,7,11,12,16,56,58,62,63,64,65" m="30063" machi="4" ten="30,7900,0" yaku="8,1,52,2,54,1" doraHai="3" who="2" fromWho="2" sc="295,-20,245,-39,196,79,264,-20" /><INIT seed="10,0,0,2,1,54" ten="275,206,275,244" oya="2" hai0="20,119,61,47,69,13,135,23,120,74,32,118,21" hai1="49,80,85,107,73,25,52,95,93,58,34,55,56" hai2="77,38,30,8,17,91,86,108,62,70,109,39,18" hai3="59,46,76,110,31,43,131,132,114,105,124,15,121"/><V41/><F77/><W9/><G121/><T65/><D120/><U14/><E107/><V60/><F30/><W50/><G110/><N who="2" m="42601" /><F41/><W101/><G131/><T90/><D32/><U122/><E73/><V104/><F104/><W24/><G132/><T27/><D135/><U81/><E122/><V82/><F70/><W71/><G71/><T84/><D74/><U3/><E3/><V83/><F83/><N who="1" m="31817" /><E34/><V67/><F67/><W37/><G124/><T2/><D2/><U126/><E126/><V128/><F128/><W125/><G76/><T97/><D27/><U48/><E25/><V0/><F0/><W64/><G125/><T98/><D13/><U89/><E93/><V16/><F8/><W42/><G105/><T103/><D47/><N who="1" m="27679" /><E14/><V96/><F96/><W75/><G75/><T57/><D69/><U127/><E127/><V51/><F51/><W35/><G37/><AGARI ba="0,0" hai="16,17,18,37,38,39,60,62,82,86,91" m="42601" machi="37" ten="40,3900,0" yaku="10,1,54,1" doraHai="54" who="2" fromWho="3" sc="275,0,206,0,275,39,244,-39" owari="275,7.5,206,-19.4,314,41.4,205,-29.5" /></mjloggm>