<mjloggm ver="2.3"><GO type="169" lobby="0"/><UN n0="%E3%83%A4%E3%83%9E%E3%83%80%E3%81%95%E3%82%93" n1="%E3%81%95%E3%81%8F%E3%82%88%E3%81%93%E3%81%A1%E3%82%83%E3%82%93" n2="%63%61%72%6C%6F%73%6E" n3="%74%6F%72%69%30%36%31%32" dan="17,16,17,18" rate="2116.24,2063.51,2186.79,2195.30" sx="M,M,M,M"/><TAIKYOKU oya="0"/><INIT seed="0,0,0,5,3,123" ten="250,250,250,250" oya="0" hai0="29,38,67,55,82,69,35,115,34,8,52,91,90" hai1="1,57,105,2,59,109,85,10,103,30,18,74,104" hai2="20,83,111,17,112,46,130,62,110,88,13,66,51" hai3="79,76,33,102,75,6,48,77,37,117,56,44,114"/><T26/><D115/><U45/><E74/><V28/><F112/><W61/><G37/><T116/><D116/><U23/><E30/><V131/><F28/><W27/><G114/><T129/><D34/><U9/><E45/><V50/><F83/><W65/><G102/><T87/><D129/><N who="2" m="49162" /><F88/><W11/><G27/><T126/><D126/><U100/><E23/><V119/><F119/><W121/><G33/><T70/><D38/><U94/><E18/><V93/><F93/><W3/><G117/><T54/><D67/><U106/><E106/><V39/><F39/><W81/><REACH who="3" step="1"/><G121/><REACH who="3" ten="250,250,250,240" step="2"/><T135/><D135/><U58/><E103/><V97/><F97/><W42/><AGARI ba="0,1" hai="3,6,11,42,44,48,56,61,65,75,76,77,79,81" machi="42" ten="20,8000,1" yaku="1,1,2,1,0,1,7,1,53,1" doraHai="123" doraHaiUra="43" who="3" fromWho="3" sc="250,-40,250,-20,250,-20,240,90" /><INIT seed="1,0,0,4,2,112" ten="210,230,230,330" oya="1" hai0="35,70,31,10,22,39,130,62,24,93,1,104,99" hai1="63,26,121,118,100,51,120,94,12,101,83,17,89" hai2="79,15,6,64,125,38,131,42,4,8,75,87,134" hai3="123,95,68,47,43,19,111,25,44,14,84,56,105"/><U53/><E118/><V116/><F116/><W52/><G68/><T91/><D130/><U102/><E63/><V114/><F75/><W86/><G105/><T78/><D39/><U81/><E26/><V113/><F131/><W71/><G71/><T20/><D78/><U103/><N who="1" m="25600" /><DORA hai="119" /><U48/><E121/><V108/><F125/><W128/><G111/><T58/><D70/><U135/><E135/><V29/><F134/><W115/><G115/><T69/><D69/><U18/><E51/><V127/><F127/><W16/><G95/><T9/><D104/><U30/><E30/><V92/><F108/><W109/><G123/><T23/><REACH who="0" step="1"/><D1/><REACH who="0" ten="200,230,230,330" step="2"/><U11/><E120/><V33/><F79/><W0/><G0/><T2/><D2/><U66/><E66/><AGARI ba="0,1" hai="9,10,20,22,23,24,31,35,58,62,66,91,93,99" machi="66" ten="40,2600,0" yaku="1,1,53,1" doraHai="112,119" doraHaiUra="117,27" who="0" fromWho="1" sc="200,36,230,-26,230,0,330,0" /><INIT seed="2,0,0,5,4,29" ten="236,204,230,330" oya="2" hai0="25,98,0,8,121,45,55,129,126,92,67,19,65" hai1="68,90,24,81,91,9,34,124,2,49,43,128,77" hai2="58,108,113,3,70,71,53,52,37,109,32,21,82" hai3="36,131,133,30,26,22,106,33,83,127,17,69,64"/><V15/><F113/><W56/><G36/><T97/><D121/><U87/><E68/><V51/><F3/><W88/><G127/><T80/><D126/><U47/><E128/><V104/><F37/><W116/><G116/><T101/><D129/><U102/><E124/><V123/><F123/><W79/><G106/><T62/><D0/><U40/><E40/><V122/><F122/><W57/><G133/><T42/><D80/><U132/><E132/><V12/><F104/><W10/><G10/><T72/><D72/><U27/><E102/><V20/><F82/><W7/><G7/><T96/><D55/><U107/><E107/><V28/><F28/><W54/><G69/><T73/><D73/><U105/><E105/><V111/><F32/><W89/><G57/><T103/><D62/><U78/><E78/><V99/><F99/><W110/><G64/><T11/><D11/><U14/><E2/><V38/><F38/><W48/><G110/><T23/><D8/><U39/><E39/><V63/><F20/><W93/><G93/><N who="0" m="58511" /><D98/><U134/><E134/><V135/><F135/><W95/><G95/><T46/><D42/><U120/><E120/><V117/><F117/><W84/><G131/><T125/><D125/><U86/><E34/><V1/><F1/><W130/><G130/><T115/><D115/><U44/><E44/><AGARI ba="0,0" hai="19,23,25,44,45,46,65,67,92,97,103" m="58511" machi="44" ten="30,1000,0" yaku="8,1" doraHai="29" who="0" fromWho="1" sc="236,10,204,-10,230,0,330,0" /><INIT seed="3,0,0,4,2,91" ten="246,194,230,330" oya="3" hai0="103,129,69,23,55,118,53,130,56,123,14,18,21" hai1="6,115,54,25,48,22,119,116,124,17,80,61,36" hai2="44,20,47,59,113,83,92,98,58,67,15,127,62" hai3="30,4,65,27,38,95,106,121,50,86,74,37,90"/><W41/><G106/><T70/><D118/><U100/><E36/><V88/><F113/><W109/><G121/><T97/><D123/><U117/><E115/><V134/><F127/><W13/><G74/><T96/><D21/><U42/><E124/><V110/><F110/><W31/><G65/><T122/><D53/><U68/><E100/><V85/><F134/><W3/><G3/><T10/><D10/><U120/><E120/><V112/><F112/><W128/><G128/><N who="0" m="49259" /><D122/><U133/><E133/><V34/><F34/><W111/><G50/><N who="0" m="30839" /><D96/><U40/><E6/><V89/><F59/><W72/><G72/><T131/><N who="0" m="49267" /><T43/><DORA hai="107" /><D43/><U49/><E49/><V126/><F126/><W46/><G38/><T51/><D51/><U125/><E125/><V35/><F35/><W26/><G31/><T5/><D5/><U79/><E61/><V75/><F75/><W93/><G4/><T114/><D114/><U84/><REACH who="1" step="1"/><E68/><REACH who="1" ten="246,184,230,330" step="2"/><V64/><F64/><W73/><G37/><T1/><D1/><U11/><E11/><V78/><F78/><W33/><G111/><T71/><D71/><U77/><E77/><V32/><F32/><W101/><G109/><T45/><D45/><AGARI ba="0,1" hai="17,22,25,40,42,45,48,54,79,80,84,116,117,119" machi="45" ten="40,2600,0" yaku="1,1,12,1,53,0" doraHai="91,107" doraHaiUra="108,132" who="1" fromWho="0" sc="246,-26,184,36,230,0,330,0" /><INIT seed="4,0,0,0,0,109" ten="220,220,230,330" oya="0" hai0="115,117,27,15,6,56,37,32,82,135,96,86,89" hai1="34,57,126,43,3,118,71,4,33,51,99,120,111" hai2="128,40,119,49,58,14,110,24,63,11,134,68,98" hai3="121,12,83,104,75,107,38,62,84,130,113,79,129"/><T52/><D117/><U108/><E118/><V64/><F119/><W90/><G38/><T0/><D37/><U47/><E120/><V76/><F110/><W41/><G41/><T67/><D67/><U61/><E126/><V60/><F128/><N who="3" m="49259" /><G62/><T36/><D36/><U35/><E71/><V45/><F134/><W17/><G121/><T106/><D135/><U72/><E72/><V101/><F76/><W133/><G133/><T103/><D0/><U46/><E46/><V5/><F24/><W95/><G113/><T54/><D115/><U102/><E4/><V1/><F1/><W25/><G25/><T73/><D73/><U105/><REACH who="1" step="1"/><E3/><REACH who="1" ten="220,210,230,330" step="2"/><V13/><F68/><W10/><AGARI ba="0,1" hai="10,12,17,75,79,83,84,90,95,104,107" m="49259" machi="10" ten="30,1100,0" yaku="19,1" doraHai="109" who="3" fromWho="3" sc="220,-5,210,-3,230,-3,330,21" /><INIT seed="5,0,0,3,2,135" ten="215,207,227,351" oya="1" hai0="85,110,76,134,106,87,128,40,113,75,60,31,115" hai1="68,83,73,109,41,51,49,72,50,78,114,27,28" hai2="8,112,119,67,94,130,38,16,129,36,95,30,24" hai3="70,3,43,133,101,34,116,82,84,64,4,33,96"/><U39/><E68/><V81/><F119/><W14/><G133/><T37/><D134/><U80/><E114/><N who="0" m="43529" /><D31/><U131/><E131/><N who="2" m="50187" /><F112/><W86/><G86/><N who="0" m="32779" /><D128/><U10/><E10/><V127/><F81/><W111/><G14/><T6/><D110/><U62/><E62/><V55/><F67/><W56/><G56/><T20/><D106/><U77/><E109/><V61/><F127/><W117/><G43/><T57/><D6/><U29/><REACH who="1" step="1"/><E27/><REACH who="1" ten="215,197,227,351" step="2"/><V90/><F24/><W99/><G111/><T63/><D63/><U69/><E69/><V13/><F61/><W118/><G70/><T22/><D60/><U48/><N who="1" m="12288" /><DORA hai="92" /><U45/><AGARI ba="0,1" hai="28,29,39,41,45,72,73,77,78,80,83" m="12288" machi="45" ten="40,12000,1" yaku="1,1,4,1,0,1,9,1,53,1" doraHai="135,92" doraHaiUra="125,42" who="1" fromWho="1" sc="215,-40,197,130,227,-40,351,-40" /><INIT seed="5,1,0,5,0,127" ten="175,327,187,311" oya="1" hai0="54,63,30,124,117,66,58,90,129,83,78,36,81" hai1="88,87,39,93,31,69,50,14,109,9,104,111,62" hai2="74,11,91,119,2,97,47,57,107,116,118,46,68" hai3="64,122,8,110,37,41,25,105,94,44,13,101,75"/><U67/><E39/><V28/><F68/><W35/><G110/><T135/><D117/><U133/><E104/><V51/><F74/><W48/><G75/><T72/><D124/><U43/><E31/><V19/><F28/><W73/><G73/><T0/><D0/><U60/><E60/><V49/><F57/><W61/><G105/><T4/><D4/><U6/><E133/><V99/><F91/><W120/><G37/><T53/><D36/><U77/><E77/><V123/><F123/><W32/><G25/><T108/><D108/><N who="1" m="41547" /><E43/><V20/><F107/><W89/><G101/><T96/><D135/><U26/><E26/><V33/><F33/><W86/><G35/><T92/><D30/><U1/><E50/><V132/><F132/><W34/><G34/><T12/><D12/><AGARI ba="1,0" hai="1,6,9,12,14,62,67,69,87,88,93" m="41547" machi="12" ten="30,2900,0" yaku="10,1,54,1" doraHai="127" who="1" fromWho="0" sc="175,-32,327,32,187,0,311,0" /><INIT seed="5,2,0,3,4,57" ten="143,359,187,311" oya="1" hai0="127,91,115,131,73,67,20,124,117,18,71,68,99" hai1="40,31,113,87,89,11,7,43,94,22,125,61,119" hai2="23,59,49,100,3,32,14,35,84,121,24,51,110" hai3="80,48,45,37,126,129,50,17,55,38,109,16,42"/><U54/><E113/><V83/><F110/><W52/><G109/><T6/><D117/><U4/><E119/><V10/><F3/><W118/><G118/><T85/><D73/><U69/><E125/><V128/><F121/><W76/><G126/><N who="0" m="48171" /><D6/><U90/><E90/><V108/><F108/><W122/><G129/><T132/><D131/><U62/><E69/><V106/><F100/><W114/><G114/><T44/><D115/><U116/><E54/><V1/><F106/><W78/><G122/><T12/><D99/><U82/><E94/><V47/><F1/><W29/><G29/><T77/><D77/><U2/><E4/><V111/><F51/><W70/><G70/><T34/><D34/><U107/><E107/><V9/><F59/><W96/><G96/><T66/><D132/><U81/><E81/><V63/><F128/><W74/><G78/><T130/><D130/><U53/><E53/><V93/><F93/><W103/><G103/><T8/><D44/><U33/><E33/><V86/><F86/><W27/><G42/><T58/><D8/><U0/><E0/><V105/><F9/><W98/><G98/><T101/><D101/><U13/><E2/><V120/><F120/><W92/><G92/><N who="0" m="54383" /><D58/><U102/><E102/><V39/><F35/><W56/><G37/><T88/><D88/><U123/><E116/><V112/><F32/><W26/><G38/><T104/><D104/><U5/><E123/><V79/><F105/><W134/><G134/><T36/><D36/><U72/><E72/><N who="2" m="43495" /><F39/><W21/><G21/><T15/><D15/><U75/><E22/><RYUUKYOKU ba="2,0" sc="143,15,359,-15,187,-15,311,15" hai0="12,18,20,66,67,68,71" hai3="16,17,26,27,45,48,50,52,55,56,74,76,80" /><INIT seed="6,3,0,4,5,14" ten="158,344,172,326" oya="2" hai0="3,92,28,134,27,38,24,116,51,131,118,19,26" hai1="107,106,123,41,23,62,112,54,103,50,87,63,31" hai2="65,12,73,129,91,82,69,58,9,93,110,74,34" hai3="124,75,113,53,114,105,49,119,57,100,56,25,45"/><V72/><F34/><W33/><G75/><T52/><D38/><U88/><E112/><N who="3" m="43114" /><G119/><N who="0" m="45611" /><D131/><U128/><E128/><V43/><F129/><W67/><G105/><T90/><D3/><U79/><E79/><V18/><F110/><W39/><G100/><T76/><D76/><U111/><E41/><V13/><F43/><N who="3" m="22783" /><G33/><N who="0" m="20615" /><D19/><U70/><E103/><V85/><F69/><W35/><G35/><T5/><D5/><U80/><E70/><V64/><F58/><W0/><G0/><T127/><D127/><U115/><E106/><V101/><REACH who="2" step="1"/><F13/><REACH who="2" ten="158,344,162,326" step="2"/><W30/><G124/><T122/><D122/><U130/><E123/><V15/><F15/><W135/><G57/><N who="0" m="32927" /><D134/><U37/><E115/><V126/><F126/><W8/><G135/><T133/><D133/><U4/><E130/><V36/><F36/><W97/><G56/><T40/><D40/><U6/><E37/><V96/><AGARI ba="3,1" hai="9,12,18,64,65,72,73,74,82,85,91,93,96,101" machi="96" ten="40,12000,1" yaku="1,1,0,1,52,1,53,1" doraHai="14" doraHaiUra="7" who="2" fromWho="2" sc="158,-43,344,-43,162,139,326,-43" /><INIT seed="6,4,0,2,4,41" ten="115,301,301,283" oya="2" hai0="121,77,119,69,24,26,52,82,4,83,21,79,129" hai1="64,86,5,114,102,62,16,61,73,87,7,20,46" hai2="81,15,60,49,100,118,91,10,1,131,109,70,72" hai3="99,95,74,3,32,134,51,57,116,68,90,40,130"/><V50/><F118/><W133/><G68/><T42/><D121/><U37/><E73/><V93/><F1/><W63/><G74/><T11/><D69/><U6/><E102/><V54/><F131/><W9/><G32/><T117/><D129/><U35/><E35/><V30/><F30/><W123/><G123/><T55/><D42/><U31/><E31/><V19/><F109/><W78/><G78/><T58/><D11/><U27/><E114/><V98/><F72/><W103/><G116/><T75/><D75/><U80/><E87/><N who="2" m="50671" /><F70/><W17/><G130/><T135/><D58/><AGARI ba="4,0" hai="10,15,19,49,50,54,58,60,93,98,100" m="50671" machi="58" ten="30,1500,0" yaku="8,1" doraHai="41" who="2" fromWho="0" sc="115,-27,301,0,301,27,283,0" /><INIT seed="6,5,0,5,0,103" ten="88,301,328,283" oya="2" hai0="126,16,5,30,15,42,76,72,46,0,10,129,111" hai1="64,21,115,62,108,40,78,100,26,123,122,33,99" hai2="45,65,118,121,55,128,79,7,73,82,125,56,18" hai3="109,127,106,57,34,97,19,1,81,44,23,85,98"/><V130/><F118/><W53/><G34/><T132/><D126/><U6/><E108/><V86/><F121/><N who="1" m="46089" /><E115/><V60/><F125/><W12/><G1/><T24/><D129/><N who="2" m="49770" /><F7/><W90/><G109/><T120/><D132/><U68/><E6/><V88/><F18/><W107/><G44/><T59/><D120/><U54/><E40/><V104/><F104/><W43/><G43/><T9/><D111/><U52/><E78/><V91/><F73/><W2/><G2/><T71/><D71/><U95/><E33/><V61/><F45/><W28/><G28/><AGARI ba="5,0" hai="21,26,28,52,54,62,64,68,95,99,100" m="46089" machi="28" ten="30,2000,0" yaku="13,1,54,1" doraHai="103" who="1" fromWho="3" sc="88,0,301,35,328,0,283,-35" /><INIT seed="7,0,0,2,0,40" ten="88,336,328,248" oya="3" hai0="28,26,75,121,89,39,133,27,52,16,131,122,97" hai1="15,53,17,127,0,125,55,100,49,111,50,62,78" hai2="8,134,3,56,124,117,126,21,120,123,79,37,59" hai3="101,95,43,44,70,7,57,77,74,118,116,10,129"/><W60/><G70/><T61/><D75/><U58/><E111/><V102/><F117/><W128/><G95/><T64/><D131/><N who="3" m="50249" /><G101/><T42/><D133/><U68/><E0/><V20/><F134/><W48/><G77/><T24/><D28/><U65/><E78/><V106/><F37/><W83/><G83/><T13/><D122/><N who="2" m="46634" /><F79/><W115/><G74/><T46/><D121/><U91/><E91/><V109/><F109/><W99/><G99/><T81/><D64/><U114/><E114/><V67/><F59/><W92/><G92/><T84/><D97/><U86/><E86/><V34/><F34/><W1/><G115/><T18/><REACH who="0" step="1"/><D13/><REACH who="0" ten="78,336,328,248" step="2"/><U47/><E100/><V90/><F102/><W76/><G76/><T72/><D72/><U6/><E6/><N who="2" m="1119" /><F106/><W29/><G29/><T54/><D54/><AGARI ba="0,1" hai="1,7,10,43,44,48,54,57,60,116,118" m="50249" machi="54" ten="30,2900,0" yaku="19,1,52,1" doraHai="40" who="3" fromWho="0" sc="78,-29,336,0,328,0,248,39" /><INIT seed="7,1,0,2,1,79" ten="49,336,328,287" oya="3" hai0="76,98,75,74,1,93,89,80,45,53,99,96,59" hai1="117,41,102,62,126,109,104,9,78,110,34,123,134" hai2="50,21,6,121,7,49,125,83,124,20,100,66,72" hai3="42,107,35,60,8,44,122,39,26,85,103,67,131"/><W22/><G122/><T31/><D31/><U73/><E123/><V81/><F121/><W87/><G131/><T105/><D59/><U132/><E126/><N who="2" m="48747" /><F100/><W43/><G43/><T11/><D53/><U48/><E34/><V13/><F66/><W10/><G35/><T128/><D11/><U115/><E115/><V25/><F21/><W23/><G23/><T90/><D45/><N who="1" m="25647" /><E62/><V118/><F118/><W0/><G103/><T71/><D71/><U84/><E73/><V32/><F32/><W112/><G107/><T86/><D1/><U16/><E117/><V40/><F50/><W97/><G97/><T61/><D61/><U56/><E56/><V77/><F83/><W33/><G112/><T5/><D5/><U47/><E47/><N who="2" m="25831" /><F13/><W18/><G33/><T37/><D37/><U36/><E36/><V119/><F119/><W91/><G0/><T55/><D55/><U38/><E38/><V51/><F51/><W54/><G54/><T88/><D128/><U111/><E102/><V15/><F15/><W52/><G52/><T116/><D116/><U114/><E104/><V92/><F92/><W68/><REACH who="3" step="1"/><G91/><REACH who="3" ten="49,336,328,277" step="2"/><N who="0" m="34891" /><D105/><U29/><E114/><V64/><F64/><W12/><G12/><T127/><D127/><U69/><E111/><V65/><F65/><W94/><G94/><T19/><D19/><AGARI ba="1,1" hai="6,7,19,20,25,72,77,81" m="25831,48747" machi="19" ten="30,2000,0" yaku="18,1,52,1" doraHai="79" who="2" fromWho="0" sc="49,-23,336,0,328,33,277,0" owari="26,-47.4,336,13.6,361,46.1,277,-12.3" /></mjloggm>