<mjloggm ver="2.3"><GO type="225" lobby="0"/><UN n0="%E3%82%BC%E3%83%AB%E3%83%80%E3%81%AE%E4%BC%9D%E8%AA%AC" n1="%33%74%72%65%65" n2="%E3%81%BF%E3%81%BF%E3%81%9A" n3="%E3%81%AF%E3%82%88%E3%81%8A%E3%81%98%E3%81%95%E3%82%93" dan="17,17,17,16" rate="2154.26,2175.98,2255.27,2195.62" sx="M,F,M,M"/><TAIKYOKU oya="0"/><INIT seed="0,0,0,2,2,54" ten="250,250,250,250" oya="0" hai0="45,104,69,116,50,9,99,2,95,21,48,103,18" hai1="123,93,105,49,89,76,98,14,114,131,100,46,29" hai2="0,70,68,78,11,115,119,6,23,120,10,59,117" hai3="12,113,33,43,39,130,111,118,106,108,16,51,71"/><T63/><D116/><N who="2" m="44618" /><F120/><W82/><G118/><T87/><D2/><U79/><E123/><V74/><F115/><W15/><G113/><T109/><D109/><U133/><E114/><V41/><F11/><W44/><G106/><T96/><D9/><U5/><E131/><V22/><F41/><W27/><G71/><N who="2" m="27177" /><F59/><W88/><G39/><T62/><D87/><U134/><E29/><V61/><F61/><W55/><G43/><T4/><D4/><U86/><E5/><V28/><F28/><W8/><G12/><T40/><D50/><U127/><E14/><V102/><F102/><W20/><G33/><T13/><REACH who="0" step="1"/><D69/><REACH who="0" ten="240,250,250,250" step="2"/><U42/><REACH who="1" step="1"/><E127/><REACH who="1" ten="240,240,250,250" step="2"/><V128/><F128/><W60/><G130/><T34/><D34/><U67/><E67/><V122/><F122/><W37/><G108/><T17/><D17/><U58/><E58/><V3/><F0/><W26/><G111/><T85/><D85/><U36/><E36/><V126/><F126/><W7/><G37/><T135/><D135/><AGARI ba="0,2" hai="42,46,49,76,79,86,89,93,98,100,105,133,134,135" machi="135" ten="40,2600,0" yaku="1,1,20,1,53,0" doraHai="54" doraHaiUra="25" who="1" fromWho="0" sc="240,-26,240,46,250,0,250,0" /><INIT seed="1,0,0,2,1,127" ten="214,286,250,250" oya="1" hai0="86,100,132,118,76,38,80,39,134,15,90,45,19" hai1="116,68,24,122,42,111,85,52,35,9,29,27,23" hai2="22,53,103,25,3,128,64,66,104,94,113,65,18" hai3="16,58,32,48,10,108,82,11,60,71,83,97,21"/><U41/><E116/><V50/><F3/><W54/><G32/><T130/><D118/><U26/><E122/><V1/><F1/><W119/><G119/><T28/><D28/><U34/><E68/><V88/><F113/><W98/><G108/><T47/><D100/><U14/><E111/><V131/><F103/><W55/><G71/><T4/><D4/><U17/><E35/><V72/><F72/><W62/><G97/><T61/><D61/><U44/><E85/><V92/><F104/><W95/><G10/><T93/><D47/><U7/><REACH who="1" step="1"/><E27/><REACH who="1" ten="214,276,250,250" step="2"/><V67/><N who="2" m="16384" /><DORA hai="20" /><V57/><REACH who="2" step="1"/><F92/><REACH who="2" ten="214,276,240,250" step="2"/><W124/><G95/><T12/><D93/><U2/><E2/><V36/><F36/><W129/><G124/><T75/><D38/><U96/><E96/><AGARI ba="0,2" hai="18,22,25,50,53,57,88,94,96,128,131" m="16384" machi="96" ten="50,12000,2" yaku="1,1,52,3,54,1,53,1" doraHai="127,20" doraHaiUra="91,78" who="2" fromWho="1" sc="214,0,276,-120,240,140,250,0" /><INIT seed="2,0,0,2,0,74" ten="214,156,380,250" oya="2" hai0="69,98,9,50,17,110,18,16,20,44,71,92,96" hai1="62,52,121,0,134,67,12,35,131,73,1,72,49" hai2="89,101,135,28,6,119,126,47,10,84,36,97,32" hai3="34,68,64,112,127,122,13,25,56,48,70,80,91"/><V83/><F119/><W108/><G122/><T90/><D110/><U61/><E121/><V78/><F126/><W103/><G108/><T54/><D20/><U104/><E104/><V45/><F135/><W27/><G127/><T4/><REACH who="0" step="1"/><D96/><REACH who="0" ten="204,156,380,250" step="2"/><U99/><E134/><V132/><F132/><W107/><G34/><T105/><D105/><U124/><E35/><V59/><F32/><W116/><G107/><T3/><AGARI ba="0,1" hai="3,4,9,16,17,18,44,50,54,69,71,90,92,98" machi="3" ten="30,7900,0" yaku="1,1,0,1,54,1,53,1" doraHai="74" doraHaiUra="86" who="0" fromWho="0" sc="204,89,156,-20,380,-39,250,-20" /><INIT seed="3,0,0,5,2,80" ten="293,136,341,230" oya="3" hai0="12,26,28,1,11,133,75,67,123,70,13,19,79" hai1="63,74,55,2,69,46,83,39,51,47,45,35,82" hai2="121,72,41,111,94,110,5,3,29,42,58,118,85" hai3="15,95,43,92,7,53,71,90,87,107,22,8,108"/><W44/><G107/><T40/><D123/><U50/><E35/><V32/><F72/><W122/><G122/><T24/><D133/><U36/><E2/><V27/><F121/><W116/><G116/><T117/><D117/><U100/><E100/><V97/><F118/><W119/><G119/><T106/><D106/><U93/><E93/><V49/><F85/><W109/><G71/><T77/><D1/><U98/><E98/><V115/><F115/><W54/><G22/><T127/><D127/><U16/><E74/><V60/><F5/><W78/><G78/><T126/><D126/><U103/><E103/><N who="2" m="60855" /><F49/><N who="1" m="18441" /><E83/><V14/><F14/><W31/><G31/><T10/><D40/><N who="1" m="22663" /><E82/><V89/><F89/><W102/><G102/><T113/><D113/><U25/><E25/><V38/><F38/><W30/><G30/><T132/><D75/><U21/><E21/><V101/><F3/><W33/><G33/><T129/><D28/><U34/><E34/><V17/><F17/><W130/><G95/><T18/><D79/><U104/><E104/><V99/><F99/><W120/><G120/><T135/><D77/><U37/><E16/><V81/><F101/><W4/><G7/><T112/><D112/><U134/><E134/><V114/><F81/><W9/><G9/><T20/><D11/><U131/><E131/><V73/><F114/><W96/><G130/><T64/><D129/><U48/><E46/><V76/><F73/><W68/><G96/><T128/><D128/><U59/><E69/><V91/><F76/><W88/><G68/><T86/><D70/><U61/><E37/><RYUUKYOKU ba="0,0" sc="293,-10,136,30,341,-10,230,-10" hai1="39,47,48,55,59,61,63" owari="283,8.3,166,-33.4,331,43.1,220,-18.0" /></mjloggm>