<mjloggm ver="2.3"><GO type="169" lobby="0"/><UN n0="%4A%4B%E3%81%97%E3%82%8D%E3%81%BE%E3%82%8B" n1="%E6%84%9B%E3%81%AF%E6%AD%A3%E7%BE%A9" n2="%E6%95%97%E5%8C%97%E8%80%85%E3%81%AD%E3%82%8B" n3="%E3%81%9D%E3%82%93%E3%81%97%E6%A7%98" dan="16,16,17,17" rate="2131.12,2074.58,2192.53,2230.31" sx="F,F,F,M"/><TAIKYOKU oya="0"/><INIT seed="0,0,0,0,3,109" ten="250,250,250,250" oya="0" hai0="123,56,55,126,30,0,102,110,64,28,14,63,82" hai1="81,29,27,75,4,35,108,135,21,40,92,3,107" hai2="34,117,62,39,47,93,131,11,112,1,80,57,61" hai3="73,9,48,71,118,54,87,106,134,50,74,20,36"/><T66/><D0/><U15/><E108/><V5/><F34/><W124/><G118/><T127/><D123/><U60/><E107/><V45/><F117/><W98/><G36/><T133/><D110/><U33/><E135/><V101/><F131/><W105/><G71/><T114/><D133/><U2/><E40/><V85/><F112/><W52/><G87/><T59/><D102/><U38/><E38/><V67/><F39/><W24/><G9/><T41/><D41/><U84/><E75/><V86/><F62/><W70/><G70/><T96/><D96/><U103/><E60/><V79/><REACH who="2" step="1"/><F101/><REACH who="2" ten="250,250,240,250" step="2"/><W31/><G134/><T128/><D114/><U13/><E103/><V18/><F18/><W111/><G111/><T10/><D128/><U7/><E35/><V83/><F83/><W91/><G124/><N who="0" m="47659" /><D82/><U53/><E81/><V129/><F129/><W22/><G31/><N who="0" m="11819" /><D59/><U42/><E33/><V100/><F100/><W46/><G106/><T89/><D89/><AGARI ba="0,1" hai="1,5,11,45,47,57,61,67,79,80,85,86,89,93" machi="89" ten="40,1300,0" yaku="1,1,53,0" doraHai="109" doraHaiUra="19" who="2" fromWho="0" sc="250,-13,250,0,240,23,250,0" /><INIT seed="1,0,0,3,5,62" ten="237,250,263,250" oya="1" hai0="117,85,19,132,113,107,67,9,32,28,59,18,33" hai1="78,118,74,60,7,38,41,93,127,47,40,119,57" hai2="48,0,123,129,46,2,65,111,22,71,54,86,124" hai3="51,126,15,99,131,50,79,52,39,6,104,63,70"/><U88/><E127/><V29/><F123/><W103/><G39/><T66/><D107/><U16/><E41/><V100/><F124/><W30/><G131/><T23/><D113/><U69/><E69/><V112/><F129/><W73/><G126/><T81/><D117/><U31/><E31/><V61/><F112/><W82/><G30/><T49/><D132/><U42/><E42/><V25/><F111/><W96/><G96/><T91/><D33/><U108/><E7/><V34/><F86/><W53/><G6/><T101/><D101/><U4/><E4/><V102/><REACH who="2" step="1"/><F34/><REACH who="2" ten="237,250,253,250" step="2"/><W92/><G73/><T44/><D32/><U115/><E115/><V37/><F37/><W110/><G110/><T10/><D28/><U56/><E108/><V120/><F120/><W14/><G99/><T68/><D68/><U133/><E133/><V5/><F5/><W122/><G70/><T105/><D19/><U17/><E118/><V97/><F97/><W134/><G134/><T76/><D85/><U72/><E119/><V8/><F8/><W80/><G122/><T11/><D11/><U20/><E74/><V116/><F116/><W1/><G1/><AGARI ba="0,1" hai="0,1,2,22,25,29,46,48,54,61,65,71,100,102" machi="1" ten="40,2600,0" yaku="1,1,52,1,53,0" doraHai="62" doraHaiUra="89" who="2" fromWho="3" sc="237,0,250,0,253,36,250,-26" /><INIT seed="2,0,0,2,4,78" ten="237,250,289,224" oya="2" hai0="19,88,20,59,25,75,130,84,7,131,54,118,129" hai1="27,96,23,120,89,125,119,115,80,50,64,60,36" hai2="6,93,77,35,44,40,117,90,16,108,8,123,12" hai3="85,10,76,18,106,100,28,113,69,22,71,42,109"/><V102/><F117/><W63/><G109/><T47/><D118/><U53/><E115/><V37/><F123/><W99/><G113/><T65/><D75/><U112/><E112/><V52/><F35/><W58/><G42/><T126/><D126/><U66/><E119/><V74/><F102/><W29/><G10/><T110/><D110/><U82/><E120/><V55/><F108/><W38/><G38/><T92/><D7/><U2/><E2/><V13/><F77/><W133/><G133/><T1/><D1/><U17/><E36/><V81/><F81/><N who="1" m="31337" /><E60/><V46/><F46/><W51/><G85/><T33/><D33/><U105/><E105/><V124/><F74/><W122/><G76/><T73/><D73/><U61/><E125/><V9/><REACH who="2" step="1"/><F124/><REACH who="2" ten="237,250,279,224" step="2"/><W86/><G122/><T68/><D47/><N who="1" m="27871" /><E61/><V79/><F79/><W41/><G63/><N who="0" m="38143" /><D68/><U15/><E27/><V103/><F103/><W134/><G100/><T128/><D128/><U4/><E4/><V135/><F135/><W49/><G134/><T72/><D72/><U57/><E57/><V30/><F30/><W11/><G58/><T56/><D56/><U87/><E96/><AGARI ba="0,1" hai="6,8,9,12,13,16,37,40,44,52,55,90,93,96" machi="96" ten="30,11600,0" yaku="1,1,7,1,54,2,53,0" doraHai="78" doraHaiUra="26" who="2" fromWho="1" sc="237,0,250,-116,279,126,224,0" /><INIT seed="2,1,0,3,0,67" ten="237,134,405,224" oya="2" hai0="73,105,14,89,84,81,90,68,63,103,37,22,39" hai1="72,25,79,24,1,93,36,32,85,38,133,124,108" hai2="130,77,61,11,10,15,8,52,4,12,35,64,104" hai3="50,110,91,106,128,55,27,134,123,28,111,135,62"/><V5/><F104/><W46/><G106/><T76/><D90/><U56/><E108/><N who="3" m="41514" /><G91/><T13/><D13/><U117/><E117/><V7/><F35/><W92/><G92/><T33/><D33/><U20/><E1/><V9/><F130/><W88/><G88/><T121/><D121/><U115/><E115/><V54/><F77/><W78/><G78/><T102/><D102/><U18/><E133/><N who="3" m="50698" /><G27/><T2/><D2/><U98/><E72/><V42/><F42/><N who="3" m="24919" /><G28/><T45/><D103/><U21/><E32/><V101/><F101/><W29/><G29/><T3/><D105/><U57/><E85/><V58/><N who="2" m="2048" /><DORA hai="17" /><V131/><REACH who="2" step="1"/><F131/><REACH who="2" ten="237,134,395,224" step="2"/><W0/><G0/><T26/><D76/><U86/><E79/><V129/><F129/><W48/><G128/><T69/><D3/><U82/><E82/><V71/><F71/><W66/><G123/><T43/><D84/><U83/><E83/><V119/><F119/><W118/><G118/><T87/><D87/><U53/><E86/><V95/><F95/><W47/><G66/><T51/><D89/><U70/><E93/><V31/><F31/><W107/><G107/><T94/><D94/><U40/><E18/><V30/><F30/><W125/><G125/><T6/><D81/><U59/><E124/><V96/><F96/><W109/><G109/><T80/><D80/><U41/><E98/><V120/><F120/><W65/><G65/><T100/><D100/><U19/><E19/><V126/><F126/><W132/><G132/><T60/><D73/><U16/><E16/><V44/><F44/><W97/><G97/><RYUUKYOKU ba="1,1" sc="237,-15,134,-15,395,15,224,15" hai2="4,5,7,12,15,52,54,58,61,64" hai3="47,48,55,62" /><INIT seed="2,2,1,3,1,70" ten="222,119,410,239" oya="2" hai0="27,104,101,76,92,50,55,74,98,90,82,48,0" hai1="81,83,93,39,10,36,6,34,89,56,9,112,121" hai2="75,79,91,22,61,38,103,94,131,26,117,84,21" hai3="37,8,28,65,1,12,4,62,97,128,123,40,66"/><V88/><F117/><W63/><G123/><T105/><D0/><U47/><E112/><V13/><F38/><W43/><G128/><T106/><D27/><U85/><E34/><V33/><F131/><W20/><G97/><T46/><REACH who="0" step="1"/><D50/><REACH who="0" ten="212,119,410,239" step="2"/><U100/><E121/><V51/><F51/><W42/><G1/><T73/><D73/><U130/><E130/><V129/><F129/><W2/><G2/><T69/><D69/><U41/><E10/><V132/><F75/><W77/><G37/><T31/><D31/><U19/><E19/><V120/><F26/><N who="3" m="16455" /><G77/><T24/><D24/><U53/><E100/><AGARI ba="2,2" hai="46,48,55,74,76,82,90,92,98,100,101,104,105,106" machi="100" ten="40,2600,0" yaku="1,1,53,1" doraHai="70" doraHaiUra="95" who="0" fromWho="1" sc="212,52,119,-32,410,0,239,0" /><INIT seed="3,0,0,2,0,37" ten="264,87,410,239" oya="3" hai0="18,6,88,31,32,121,3,40,16,102,106,54,131" hai1="130,122,73,7,0,49,19,62,34,90,21,26,50" hai2="113,108,127,61,68,64,96,17,91,23,47,36,76" hai3="29,80,125,105,119,42,117,22,33,35,75,2,109"/><W9/><G105/><T114/><D121/><U53/><E122/><V112/><F113/><W60/><G60/><T65/><D65/><U59/><E130/><V118/><F118/><W116/><G125/><T38/><D54/><U8/><E73/><V44/><F112/><W43/><G22/><T111/><D131/><U4/><E4/><V128/><F127/><W69/><G69/><T120/><D6/><U13/><REACH who="1" step="1"/><E90/><REACH who="1" ten="264,77,410,239" step="2"/><V84/><F128/><W77/><G109/><T51/><D88/><U99/><E99/><V87/><F96/><W132/><G132/><T101/><D120/><U135/><E135/><V24/><F108/><W79/><G79/><T81/><D111/><U1/><E1/><V93/><F36/><W39/><G39/><T85/><D3/><U103/><E103/><V92/><F76/><W82/><G77/><T66/><D102/><U48/><E48/><V110/><F110/><W56/><G75/><T98/><D51/><U83/><E83/><V12/><F87/><W107/><G82/><T41/><D114/><U5/><E5/><V63/><F63/><W94/><G80/><T27/><D38/><U46/><E46/><V86/><F86/><W70/><G117/><T55/><D85/><U11/><E11/><V89/><F89/><W71/><G119/><T25/><D81/><U14/><E14/><V28/><F84/><W115/><G115/><T30/><D101/><U123/><E123/><V97/><F97/><W126/><G116/><T74/><D98/><U72/><E72/><V100/><F100/><W104/><G2/><T134/><D74/><RYUUKYOKU ba="0,1" sc="264,-10,77,30,410,-10,239,-10" hai1="0,7,8,13,19,21,26,34,49,50,53,59,62" /><INIT seed="4,1,1,0,4,35" ten="254,107,400,229" oya="0" hai0="15,52,62,117,38,28,51,78,87,108,116,16,53" hai1="47,31,43,128,14,88,91,25,41,97,55,103,112" hai2="69,17,0,46,24,23,2,135,111,120,7,133,32" hai3="13,80,45,4,33,99,6,63,39,101,44,96,115"/><T72/><D38/><U73/><E73/><V12/><F69/><W27/><G115/><T9/><D72/><U92/><E112/><V121/><F111/><W74/><G33/><T123/><D123/><N who="2" m="47178" /><F46/><W94/><G27/><T76/><D108/><U84/><E128/><V124/><F124/><W70/><G44/><N who="0" m="27751" /><D117/><U126/><E126/><V129/><F129/><W20/><G70/><T131/><D116/><U122/><E122/><V125/><F125/><W107/><G45/><T104/><D104/><U36/><E43/><V42/><F42/><W3/><G3/><N who="2" m="1065" /><F7/><W109/><G4/><T64/><D131/><U59/><E14/><V75/><F75/><W56/><G13/><T93/><D64/><U79/><E79/><V95/><F95/><W119/><G94/><T50/><D62/><U26/><E91/><V98/><F98/><W19/><G63/><T89/><D28/><AGARI ba="1,1" hai="12,17,23,24,28,32,133,135" m="1065,47178" machi="28" ten="40,8000,1" yaku="34,2,52,3" doraHai="35" who="2" fromWho="0" sc="254,-83,107,0,400,93,229,0" /><INIT seed="5,0,0,4,4,82" ten="171,107,493,229" oya="1" hai0="76,16,28,84,26,41,5,97,29,77,49,103,78" hai1="18,45,44,53,30,71,90,113,127,21,62,1,123" hai2="131,61,58,48,94,112,85,91,80,121,31,24,63" hai3="114,55,46,105,70,111,13,9,33,73,99,74,20"/><U98/><E123/><V129/><F112/><W95/><G111/><T42/><D5/><U19/><E113/><V54/><F121/><W96/><G33/><T119/><D119/><U107/><E1/><V23/><REACH who="2" step="1"/><F80/><REACH who="2" ten="171,107,483,229" step="2"/><W125/><G114/><T60/><D78/><U88/><E127/><V22/><F22/><W106/><G20/><T2/><D77/><U35/><E35/><V79/><F79/><W93/><G125/><T39/><D76/><U56/><E71/><V135/><F135/><W122/><G70/><T12/><D29/><U109/><E109/><V89/><F89/><N who="1" m="34409" /><E107/><V47/><F47/><N who="1" m="17993" /><E98/><V4/><F4/><W25/><G99/><T81/><D97/><U34/><E34/><V40/><F40/><W0/><G96/><T32/><D42/><U132/><E132/><V15/><F15/><W72/><G13/><T128/><D41/><U130/><E130/><AGARI ba="0,1" hai="23,24,31,48,54,58,61,63,85,91,94,129,130,131" machi="130" ten="40,5200,0" yaku="1,1,19,1,52,1,53,0" doraHai="82" doraHaiUra="104" who="2" fromWho="1" sc="171,0,107,-52,483,62,229,0" /><INIT seed="6,0,0,2,2,71" ten="171,55,545,229" oya="2" hai0="23,26,126,84,117,96,29,100,22,105,33,119,24" hai1="101,82,34,49,92,104,9,46,74,94,35,120,73" hai2="68,88,4,5,25,95,6,16,67,18,48,27,42" hai3="47,135,53,55,98,44,83,40,79,56,128,38,60"/><V63/><F42/><W118/><G118/><N who="0" m="45067" /><D126/><U45/><E104/><V93/><F48/><W134/><G98/><T61/><D26/><U109/><E109/><V130/><F130/><W10/><G128/><T132/><D132/><N who="3" m="50729" /><G10/><T57/><D84/><U123/><E9/><V86/><F25/><W65/><G47/><T0/><D0/><U59/><E59/><V50/><F50/><W20/><G20/><T90/><D90/><U78/><E101/><V87/><F27/><W97/><G97/><T2/><D2/><U17/><E49/><V69/><F68/><W114/><G114/><T80/><D80/><U62/><E82/><V64/><F67/><AGARI ba="0,0" hai="22,23,24,29,33,57,61,67,96,100,105" m="45067" machi="67" ten="30,1000,0" yaku="12,1" doraHai="71" who="0" fromWho="2" sc="171,10,55,0,545,-10,229,0" /><INIT seed="7,0,0,0,2,90" ten="181,55,535,229" oya="3" hai0="45,9,82,125,2,76,7,38,49,88,30,126,135" hai1="42,85,95,14,15,117,64,120,24,119,81,115,109" hai2="132,27,100,93,94,13,131,10,118,52,18,21,72" hai3="17,28,112,25,128,83,35,58,96,68,71,40,51"/><W29/><G29/><T31/><D135/><U130/><E109/><V133/><F72/><W79/><G112/><T98/><D38/><U73/><E115/><V48/><F118/><W114/><G128/><T6/><D6/><U113/><E113/><V86/><F131/><W12/><G96/><T16/><D16/><U66/><E130/><V1/><F1/><W65/><G65/><T67/><D67/><U23/><E42/><V32/><F32/><W34/><G34/><T57/><D57/><U99/><E73/><V44/><F100/><W129/><G114/><T11/><D11/><U53/><E120/><V110/><F110/><W54/><G40/><N who="0" m="24743" /><D76/><U102/><E119/><V89/><REACH who="2" step="1"/><F94/><REACH who="2" ten="181,55,525,229" step="2"/><W103/><G129/><T47/><D47/><U59/><E117/><V111/><F111/><W62/><G35/><T122/><D122/><U19/><E14/><V74/><F74/><W5/><G68/><T41/><D41/><U80/><E80/><V36/><F36/><W69/><G83/><T0/><D0/><U104/><E104/><V121/><F121/><W46/><G71/><T84/><D98/><U43/><E43/><V20/><F20/><W60/><G69/><T101/><D101/><U91/><REACH who="1" step="1"/><E15/><REACH who="1" ten="181,45,525,229" step="2"/><V26/><F26/><W56/><G25/><T127/><AGARI ba="0,2" hai="2,7,9,30,31,82,84,88,125,126,127" m="24743" machi="127" ten="30,2000,0" yaku="18,1,54,1" doraHai="90" who="0" fromWho="0" sc="181,40,45,-5,525,-5,229,-10" owari="221,2.1,40,-46.0,520,62.0,219,-18.1" /></mjloggm>