<mjloggm ver="2.3"><GO type="169" lobby="0"/><UN n0="%79%6D%6C%73%67%61%6D%65" n1="%E3%81%BE%E3%81%88%E3%81%9F" n2="%E3%81%9B%E3%81%A9%E3%81%AA%E3%82%8A%E3%81%82%E3%82%93" n3="%E5%85%83%E3%82%AB%E3%83%8E%E7%B3%BB%E3%83%92%E3%83%AD%E3%82%A4%E3%83%B3" dan="16,16,17,16" rate="2139.09,2191.37,2194.69,2182.36" sx="F,F,F,M"/><TAIKYOKU oya="0"/><INIT seed="0,0,0,2,5,18" ten="250,250,250,250" oya="0" hai0="42,10,6,52,133,51,93,106,31,102,130,124,132" hai1="56,112,36,84,75,71,89,7,72,129,135,73,2" hai2="68,122,39,101,92,35,22,77,53,120,113,94,16" hai3="60,63,54,17,88,5,118,44,108,87,19,32,26"/><T47/><D106/><U62/><E135/><N who="0" m="51785" /><D130/><U1/><E129/><V33/><F113/><W48/><G118/><T45/><D124/><U86/><E112/><V50/><F39/><W24/><G108/><T83/><D83/><U76/><E36/><V97/><F77/><W59/><G5/><T111/><D111/><U95/><E71/><V70/><F70/><W57/><G32/><T98/><D31/><U65/><REACH who="1" step="1"/><E7/><REACH who="1" ten="250,240,250,250" step="2"/><V38/><F68/><W28/><G24/><T34/><D34/><U110/><E110/><V15/><F38/><W27/><G27/><T61/><D61/><U41/><E41/><V123/><REACH who="2" step="1"/><F94/><REACH who="2" ten="250,240,240,250" step="2"/><N who="3" m="54559" /><G26/><T125/><D125/><U81/><AGARI ba="0,2" hai="1,2,56,62,65,72,73,75,76,81,84,86,89,95" machi="81" ten="40,2700,0" yaku="1,1,0,1,53,0" doraHai="18" doraHaiUra="21" who="1" fromWho="1" sc="250,-13,240,47,240,-7,250,-7" /><INIT seed="1,0,0,1,5,22" ten="237,287,233,243" oya="1" hai0="10,9,1,39,14,34,91,63,18,68,19,94,64" hai1="42,50,98,126,75,85,38,93,60,80,55,57,101" hai2="35,47,124,82,99,40,23,129,29,71,5,26,6" hai3="77,117,133,112,92,111,15,116,106,121,51,4,17"/><U96/><E126/><V61/><F124/><W13/><G106/><T16/><D39/><U95/><E75/><V54/><F129/><W89/><G121/><T125/><D125/><U76/><E38/><V108/><F108/><W3/><G112/><T86/><REACH who="0" step="1"/><D34/><REACH who="0" ten="227,287,233,243" step="2"/><U83/><E83/><V105/><F35/><W43/><G116/><T88/><D88/><N who="1" m="55335" /><E42/><V74/><F82/><W113/><G89/><T45/><D45/><U67/><E67/><V90/><F90/><W56/><G43/><T0/><D0/><U31/><E31/><V2/><F2/><W102/><G3/><T30/><D30/><U32/><E32/><V37/><F54/><W33/><G33/><T104/><D104/><U20/><E20/><V115/><F115/><W118/><G113/><T87/><D87/><U135/><E135/><V49/><F37/><W132/><G132/><T81/><D81/><U62/><AGARI ba="0,1" hai="50,55,57,60,62,76,80,85,95,98,101" m="55335" machi="62" ten="30,3000,0" yaku="8,1,54,1" doraHai="22" who="1" fromWho="1" sc="227,-10,287,40,233,-10,243,-10" /><INIT seed="1,1,0,3,5,73" ten="217,327,223,233" oya="1" hai0="12,80,8,130,86,132,41,65,58,79,111,64,32" hai1="46,61,125,82,51,93,31,108,124,49,21,48,116" hai2="95,57,99,25,70,13,92,109,6,119,81,4,7" hai3="2,9,24,0,54,110,78,17,123,60,47,131,71"/><U5/><E116/><V68/><F119/><W101/><G123/><T16/><D32/><U100/><E108/><V134/><F109/><W35/><G110/><T36/><D111/><U133/><E133/><V62/><F134/><W42/><G131/><T69/><D132/><U23/><E5/><V56/><F13/><W94/><G101/><T27/><D69/><U55/><E61/><V63/><F25/><W118/><G94/><T114/><D114/><U44/><E82/><V83/><F4/><W28/><G118/><T67/><D130/><U117/><E117/><V120/><REACH who="2" step="1"/><F99/><REACH who="2" ten="217,327,213,233" step="2"/><W75/><G24/><T129/><D129/><U122/><E122/><AGARI ba="1,1" hai="6,7,56,57,62,63,68,70,81,83,92,95,120,122" machi="122" ten="25,12000,2" yaku="1,1,2,1,22,2,53,2" doraHai="73" doraHaiUra="52" who="2" fromWho="1" sc="217,0,327,-123,213,133,233,0" /><INIT seed="2,0,0,3,1,39" ten="217,204,346,233" oya="2" hai0="122,85,35,5,17,27,87,118,24,101,51,113,121" hai1="82,10,20,41,47,64,72,108,34,91,68,44,18" hai2="30,89,123,88,92,114,130,132,9,15,133,70,127" hai3="61,115,96,12,0,56,50,28,71,29,52,77,23"/><V131/><F114/><W125/><G0/><T80/><D113/><U124/><E34/><V46/><F123/><W86/><G115/><T54/><D5/><U4/><E124/><V63/><F30/><W81/><G125/><T83/><D118/><U8/><E108/><V126/><F46/><W6/><G71/><T69/><D69/><U11/><E47/><V25/><F25/><W33/><G33/><T135/><D101/><U37/><E64/><N who="2" m="41247" /><F126/><W3/><G3/><T79/><D135/><N who="2" m="51786" /><F127/><W109/><G109/><T22/><D35/><U105/><E105/><V58/><F58/><W57/><G96/><T53/><D27/><U66/><E66/><V99/><F89/><W49/><G49/><T98/><D98/><U40/><E68/><V36/><F36/><W43/><G43/><T45/><REACH who="0" step="1"/><D54/><REACH who="0" ten="207,204,346,233" step="2"/><U107/><E40/><V2/><F2/><W13/><G6/><AGARI ba="0,1" hai="6,9,15,88,92,99,130,131" m="51786,41247" machi="6" ten="30,2900,0" yaku="20,1,54,1" doraHai="39" who="2" fromWho="3" sc="207,0,204,0,346,39,233,-29" /><INIT seed="2,1,0,1,1,89" ten="207,204,385,204" oya="2" hai0="36,1,131,33,0,30,69,12,48,126,25,93,42" hai1="65,28,59,55,47,6,77,90,71,104,130,134,85" hai2="51,17,135,132,99,128,38,57,31,79,44,18,114" hai3="73,8,88,129,72,112,67,117,3,91,52,101,115"/><V110/><F114/><N who="3" m="43563" /><G117/><T35/><D131/><U61/><E104/><V113/><F113/><W32/><G129/><T84/><D126/><U127/><E130/><V102/><F128/><W34/><G67/><T40/><D36/><U68/><E127/><V70/><F70/><W10/><G101/><T41/><D69/><U81/><E134/><N who="2" m="51243" /><F31/><W56/><G91/><T75/><D75/><N who="3" m="28745" /><G88/><T108/><D108/><U92/><E28/><V20/><F79/><W124/><G124/><T24/><D12/><U105/><E105/><V43/><F110/><W21/><G21/><T4/><D4/><U2/><E6/><V49/><F20/><W15/><G3/><T87/><D48/><N who="2" m="18506" /><F57/><W121/><G121/><T58/><D58/><U50/><REACH who="1" step="1"/><E2/><REACH who="1" ten="207,194,385,204" step="2"/><V54/><F54/><W133/><G133/><T100/><D30/><U53/><E53/><V125/><F125/><W5/><G10/><T78/><D0/><U76/><E76/><V106/><AGARI ba="1,1" hai="17,18,38,43,44,99,102,106" m="18506,51243" machi="106" ten="30,1500,0" yaku="20,1" doraHai="89" who="2" fromWho="2" sc="207,-6,194,-6,385,28,204,-6" /><INIT seed="2,2,0,0,2,36" ten="201,188,413,198" oya="2" hai0="27,125,3,19,22,30,5,90,82,130,76,100,41" hai1="123,103,133,71,131,53,111,33,52,12,122,28,18" hai2="119,64,44,43,49,104,108,59,112,88,70,124,67" hai3="99,116,31,80,78,81,74,0,42,10,24,101,106"/><V9/><F112/><W26/><G116/><T128/><D100/><U134/><E71/><V98/><F119/><W115/><G115/><T47/><D125/><U113/><E113/><V102/><F124/><W50/><G80/><T66/><D66/><U121/><E103/><V39/><F108/><W109/><G109/><T21/><D90/><U57/><E111/><V63/><F9/><W35/><G26/><T92/><D92/><U17/><E131/><N who="0" m="50217" /><D5/><U62/><E53/><N who="2" m="32175" /><F67/><W34/><G50/><N who="0" m="26991" /><D3/><U89/><E89/><AGARI ba="2,0" hai="39,43,44,63,64,70,88,89,98,102,104" m="32175" machi="89" ten="30,5800,0" yaku="24,1,52,1,54,1" doraHai="36" who="2" fromWho="1" sc="201,0,188,-64,413,64,198,0" /><INIT seed="2,3,0,2,3,84" ten="201,124,477,198" oya="2" hai0="104,33,31,42,100,108,47,110,132,121,105,22,133" hai1="89,35,53,13,96,43,62,24,58,123,1,93,56" hai2="19,106,103,68,64,79,90,118,39,28,44,45,25" hai3="76,14,16,73,94,2,114,23,11,36,15,38,127"/><V112/><F112/><W54/><G114/><T20/><D121/><U4/><E123/><V12/><F118/><W120/><G120/><T77/><D77/><U27/><E35/><V63/><F79/><W74/><G2/><T9/><D9/><U134/><E134/><N who="0" m="51817" /><D33/><U97/><E1/><V30/><F30/><W34/><G34/><T82/><D82/><U69/><E69/><V3/><F3/><W102/><G127/><T98/><D105/><U52/><E43/><V48/><F39/><W37/><G54/><T70/><D70/><U83/><E83/><V26/><F28/><W75/><G76/><T125/><D125/><U67/><E97/><V18/><F18/><W131/><G131/><T0/><D0/><U72/><E72/><V116/><F116/><W107/><G107/><T32/><D32/><U21/><E58/><V122/><F122/><W101/><REACH who="3" step="1"/><G94/><REACH who="3" ten="201,124,477,188" step="2"/><T135/><D135/><U126/><E126/><V111/><F106/><W119/><G119/><T51/><D31/><N who="1" m="17807" /><E27/><V59/><F25/><W66/><G66/><T57/><D104/><U81/><E81/><V61/><F26/><W88/><G88/><T86/><D110/><U10/><AGARI ba="3,1" hai="4,10,13,52,53,56,62,67,89,93,96" m="17807" machi="10" ten="30,4000,0" yaku="8,1,52,1,54,1" doraHai="84" who="1" fromWho="1" sc="201,-13,124,59,477,-23,188,-13" /><INIT seed="3,0,0,5,5,38" ten="188,183,454,175" oya="3" hai0="60,129,21,55,123,86,99,85,47,108,36,40,130" hai1="115,63,98,20,26,75,83,44,69,116,70,3,125" hai2="50,96,134,27,81,15,5,57,67,80,121,114,13" hai3="18,73,102,107,94,112,133,10,46,8,118,68,30"/><W59/><G112/><T2/><D123/><U103/><E3/><V32/><F114/><W89/><G118/><T4/><D108/><U76/><E115/><V6/><F134/><W78/><G68/><T45/><D99/><U92/><E125/><V49/><F121/><W54/><G133/><T88/><D21/><U23/><E116/><V28/><F96/><W66/><G30/><T37/><D86/><U97/><E20/><V25/><F57/><W110/><G110/><T7/><D2/><U31/><E44/><V53/><F53/><W22/><G107/><T61/><D55/><U43/><E43/><V65/><F28/><W48/><G102/><T64/><D60/><U106/><REACH who="1" step="1"/><E63/><REACH who="1" ten="188,173,454,175" step="2"/><V56/><F32/><W16/><G46/><T128/><D47/><U79/><E79/><V58/><AGARI ba="0,1" hai="5,6,13,15,25,27,49,50,56,58,65,67,80,81" machi="58" ten="25,6400,0" yaku="0,1,22,2,8,1" doraHai="38" who="2" fromWho="2" sc="188,-16,173,-16,454,74,175,-32" /><INIT seed="4,0,0,2,2,133" ten="172,157,528,143" oya="0" hai0="82,65,11,75,16,84,64,73,92,38,56,24,116" hai1="96,5,37,100,58,79,112,117,9,120,107,97,51" hai2="40,118,119,48,25,13,104,50,14,134,20,2,95" hai3="132,17,103,43,94,15,66,114,7,77,59,52,68"/><T106/><D116/><N who="2" m="44586" /><F104/><W67/><G132/><T91/><D106/><U83/><E117/><V41/><F2/><W87/><G68/><T34/><D38/><U93/><E37/><V113/><F113/><W123/><G114/><T111/><D111/><U128/><E128/><V76/><F76/><W55/><G123/><T81/><D73/><U4/><E112/><V29/><F95/><W23/><G43/><N who="2" m="16457" /><F134/><W90/><G103/><T21/><D75/><U72/><E120/><V6/><F6/><W78/><G55/><T18/><D34/><U74/><E74/><V69/><F69/><W61/><REACH who="3" step="1"/><G7/><REACH who="3" ten="172,157,528,133" step="2"/><T98/><D65/><AGARI ba="0,1" hai="15,17,23,52,59,61,65,66,67,77,78,87,90,94" machi="65" ten="40,8000,1" yaku="1,1,2,1,8,1,54,1,53,0" doraHai="133" doraHaiUra="32" who="3" fromWho="0" sc="172,-80,157,0,528,0,133,90" /><INIT seed="5,0,0,4,4,91" ten="92,157,528,223" oya="1" hai0="13,126,28,44,42,131,7,112,54,3,46,89,29" hai1="15,82,87,102,98,107,52,78,125,85,4,104,51" hai2="0,75,14,18,80,2,101,27,127,25,17,16,124" hai3="55,108,8,119,41,61,58,32,60,1,23,49,100"/><U20/><E125/><N who="2" m="48203" /><F101/><W115/><G32/><T43/><D126/><U63/><E63/><V21/><F27/><W92/><G108/><T6/><D3/><N who="2" m="1066" /><F14/><W83/><G115/><T134/><D131/><U90/><E104/><V88/><F88/><W9/><G119/><T40/><D134/><U39/><E39/><V81/><F75/><W66/><G23/><T59/><D112/><U117/><E117/><V22/><F22/><W71/><G83/><AGARI ba="0,0" hai="16,17,18,21,25,80,81,83" m="1066,48203" machi="83" ten="30,2000,0" yaku="18,1,54,1" doraHai="91" who="2" fromWho="3" sc="92,0,157,0,528,20,223,-20" /><INIT seed="6,0,0,5,1,18" ten="92,157,548,203" oya="2" hai0="45,74,60,127,91,38,90,25,126,35,75,64,53" hai1="20,94,92,32,49,56,73,114,79,24,36,21,0" hai2="125,119,61,5,28,102,39,19,93,123,99,124,85" hai3="14,128,122,67,4,10,72,66,65,3,15,62,27"/><V68/><F39/><W70/><G122/><T100/><D100/><U81/><E36/><V88/><F119/><W71/><G72/><T117/><D117/><U29/><E0/><V104/><F123/><W111/><G111/><T134/><D134/><U2/><E2/><V133/><F133/><W110/><G110/><T118/><D118/><U17/><E114/><V59/><F5/><W76/><G76/><T98/><D98/><U40/><E32/><V120/><F120/><W8/><G128/><T121/><D121/><U52/><E40/><V50/><F28/><W63/><G66/><T84/><D91/><U108/><E108/><V13/><F68/><W78/><G78/><T109/><D109/><U57/><E57/><V89/><F89/><W41/><G41/><T16/><D35/><U129/><E129/><V101/><F101/><W132/><G132/><T26/><D53/><U97/><E97/><V54/><REACH who="2" step="1"/><F61/><REACH who="2" ten="92,157,538,203" step="2"/><W95/><G62/><T116/><D116/><U82/><E82/><V34/><F34/><W43/><G63/><T103/><D38/><U37/><E37/><V105/><F105/><W77/><G4/><T96/><D60/><U44/><E44/><V22/><AGARI ba="0,1" hai="13,19,22,50,54,59,85,88,93,99,102,104,124,125" machi="22" ten="30,18000,2" yaku="1,1,0,1,25,2,52,1,54,1,53,0" doraHai="18" doraHaiUra="6" who="2" fromWho="2" sc="92,-60,157,-60,538,190,203,-60" /><INIT seed="6,1,0,1,2,39" ten="32,97,728,143" oya="2" hai0="32,52,104,2,54,126,134,135,43,28,78,51,63" hai1="85,127,31,14,13,96,56,115,5,12,92,69,29" hai2="131,81,117,114,47,36,109,91,94,10,65,120,121" hai3="112,30,49,42,62,20,1,50,45,124,82,26,0"/><V128/><F10/><W57/><G124/><T71/><D104/><U46/><E69/><V48/><F81/><W44/><G112/><T97/><D78/><U11/><E115/><V100/><F100/><W98/><G82/><T18/><D2/><U67/><E127/><V6/><F6/><W70/><G70/><T84/><D97/><U55/><E85/><V23/><F23/><W130/><G130/><N who="2" m="49705" /><F91/><W105/><G105/><T88/><D126/><U64/><E46/><V24/><F24/><W95/><G49/><T110/><D110/><U74/><E74/><V108/><F94/><W61/><G45/><N who="0" m="26047" /><D18/><U86/><E86/><V119/><F36/><W79/><G61/><T87/><D87/><U38/><E38/><V122/><F65/><N who="1" m="25161" /><E29/><V89/><F89/><W9/><G9/><T41/><D41/><U102/><E31/><V93/><F93/><W77/><G0/><T106/><D106/><U58/><E58/><V40/><F114/><W53/><G1/><T123/><D123/><U7/><E7/><V73/><F73/><W27/><G27/><N who="0" m="18463" /><D71/><U35/><E35/><V33/><F33/><W68/><G68/><T101/><D101/><AGARI ba="1,0" hai="20,26,30,42,44,50,53,57,62,77,79,95,98,101" machi="101" ten="30,3900,0" yaku="7,1,8,1,52,1" doraHai="39" who="3" fromWho="0" sc="32,-42,97,0,728,0,143,42" owari="-10,-51.0,97,-30.3,728,82.8,185,-1.5" /></mjloggm>