<mjloggm ver="2.3"><GO type="169" lobby="0"/><UN n0="%E3%81%9B%E3%81%A9%E3%81%AA%E3%82%8A%E3%81%82%E3%82%93" n1="%E6%99%82%E8%A8%88%E5%9D%82%E9%9B%B6" n2="%E6%B2%B3%E7%AB%A5%E3%81%AE%E3%83%AF%E3%82%AB%E3%83%9E%E3%83%84" n3="%E4%B8%8A%E6%B5%B7%E3%83%8B%E3%83%83%E3%82%AF" dan="17,16,17,16" rate="2185.16,2157.37,2169.53,2162.84" sx="M,M,M,M"/><TAIKYOKU oya="0"/><INIT seed="0,0,0,1,1,38" ten="250,250,250,250" oya="0" hai0="123,69,132,34,51,134,98,124,58,74,32,31,128" hai1="94,82,133,23,86,62,88,21,14,15,78,53,4" hai2="111,121,19,72,27,126,101,0,37,129,95,18,46" hai3="63,20,7,89,109,1,13,47,113,106,104,76,10"/><T125/><D74/><U119/><E133/><N who="0" m="51305" /><D69/><U17/><E119/><V107/><F121/><W90/><G113/><T5/><D98/><U48/><E62/><V91/><F0/><W49/><G109/><T45/><D58/><U24/><E21/><V41/><F129/><W71/><G76/><T55/><D123/><U61/><E4/><V66/><F126/><N who="0" m="48746" /><D5/><U60/><E60/><V131/><F72/><W105/><G63/><T92/><D92/><U83/><E83/><V85/><F66/><W42/><G71/><T52/><D55/><U30/><E30/><V93/><F93/><W127/><G127/><T116/><D116/><U79/><E79/><V122/><F122/><W59/><G59/><T77/><D77/><U16/><E17/><V118/><F18/><W84/><G106/><T108/><D108/><U39/><E39/><V6/><F6/><W102/><G105/><T120/><D120/><U44/><REACH who="1" step="1"/><E61/><REACH who="1" ten="250,240,250,250" step="2"/><V81/><F118/><W96/><G1/><T29/><D128/><U100/><E100/><V12/><F131/><W130/><G130/><T99/><D99/><AGARI ba="0,1" hai="14,15,16,23,24,44,48,53,78,82,86,88,94,99" machi="99" ten="30,8000,1" yaku="1,1,7,1,8,1,54,2,53,0" doraHai="38" doraHaiUra="3" who="1" fromWho="0" sc="250,-80,240,90,250,0,250,0" /><INIT seed="1,0,0,4,3,63" ten="170,330,250,250" oya="1" hai0="49,90,131,133,31,6,112,78,84,71,53,21,123" hai1="47,52,80,130,7,41,114,1,9,103,66,64,18" hai2="134,30,22,54,43,107,28,98,15,81,129,125,88" hai3="104,102,29,20,5,4,39,121,67,46,122,106,25"/><U97/><E114/><V8/><F129/><W128/><G128/><T110/><D131/><U58/><E130/><V13/><F134/><W17/><G39/><T40/><D112/><U92/><E80/><V68/><F125/><W124/><G46/><T55/><D110/><U77/><E77/><V74/><F68/><W16/><G102/><T115/><D115/><U27/><E27/><V26/><F43/><W23/><G124/><T118/><D118/><U2/><E18/><V38/><F38/><W105/><G29/><T72/><D72/><U56/><E1/><V119/><F119/><W3/><G3/><T62/><D123/><U48/><REACH who="1" step="1"/><E58/><REACH who="1" ten="170,320,250,250" step="2"/><V12/><F81/><W60/><G122/><T0/><D78/><U34/><E34/><V99/><F26/><W93/><G121/><T86/><D0/><U89/><E89/><V59/><F88/><W87/><G17/><T36/><D90/><U95/><E95/><V127/><F127/><W108/><G93/><T91/><D91/><U101/><E101/><V42/><F13/><W61/><G87/><T116/><D116/><U120/><E120/><V79/><F15/><W33/><G33/><T35/><D35/><U126/><E126/><V11/><F12/><W32/><G32/><T69/><D84/><U19/><E19/><V109/><F79/><W135/><G16/><T57/><D86/><U113/><E113/><V44/><F22/><W45/><G25/><N who="0" m="16815" /><D6/><U70/><E70/><V10/><F28/><W51/><G4/><T85/><D85/><U65/><E65/><V117/><F30/><W111/><G5/><RYUUKYOKU ba="0,1" sc="170,-10,320,30,250,-10,250,-10" hai1="2,7,9,41,47,48,52,56,64,66,92,97,103" /><INIT seed="1,1,1,1,4,11" ten="160,350,240,240" oya="1" hai0="26,67,18,22,12,134,104,55,39,88,98,80,89" hai1="21,49,28,131,101,96,64,38,5,97,61,7,14" hai2="53,29,36,120,31,133,130,86,68,115,47,73,111" hai3="82,129,81,123,69,54,66,99,90,74,52,85,44"/><U79/><E38/><V37/><F73/><W75/><G129/><T132/><D39/><U32/><E131/><V92/><F130/><W58/><G123/><T71/><D71/><U125/><E79/><V33/><F120/><W62/><G99/><T127/><D67/><U24/><E49/><V76/><F68/><W108/><G108/><T94/><D104/><U25/><E125/><V13/><F111/><W77/><G44/><T128/><D128/><U45/><E45/><V95/><F133/><N who="0" m="51306" /><D55/><U15/><E32/><V41/><F115/><W23/><G69/><T87/><D127/><U107/><E25/><AGARI ba="1,1" hai="12,18,22,25,26,80,87,88,89,94,98" m="51306" machi="25" ten="30,3900,0" yaku="20,1,52,1,54,1" doraHai="11" who="0" fromWho="1" sc="160,52,350,-42,240,0,240,0" /><INIT seed="2,0,0,1,0,29" ten="212,308,240,240" oya="2" hai0="97,135,92,114,112,105,132,39,111,27,108,129,72" hai1="47,41,67,56,14,52,118,4,17,66,5,127,50" hai2="28,11,43,19,22,44,107,134,24,62,12,109,61" hai3="25,65,34,10,80,30,116,99,70,36,69,73,123"/><V59/><F134/><N who="0" m="51242" /><D39/><U63/><E127/><V98/><F109/><N who="0" m="42058" /><D27/><U6/><REACH who="1" step="1"/><E118/><REACH who="1" ten="212,298,240,240" step="2"/><V83/><F83/><W86/><G116/><T124/><D124/><U82/><E82/><V79/><F79/><W103/><G123/><T18/><D129/><U101/><E101/><V100/><REACH who="2" step="1"/><F59/><REACH who="2" ten="212,298,230,240" step="2"/><W15/><G73/><T0/><D72/><U31/><E31/><V26/><F26/><W13/><G70/><T117/><D117/><U106/><E106/><V3/><F3/><W88/><G69/><T90/><D0/><U55/><E55/><V94/><F94/><W115/><G65/><T54/><D54/><U78/><E78/><V64/><F64/><W113/><G113/><N who="0" m="43627" /><D18/><U96/><E96/><V110/><F110/><W40/><G115/><T9/><D9/><AGARI ba="0,2" hai="4,5,6,9,14,17,41,47,50,52,56,63,66,67" machi="9" ten="40,8000,1" yaku="1,1,8,1,54,1,53,1" doraHai="29" doraHaiUra="42" who="1" fromWho="0" sc="212,-80,298,100,230,0,240,0" /><INIT seed="3,0,0,4,5,125" ten="132,398,230,240" oya="3" hai0="64,66,52,0,123,26,30,13,68,126,134,53,90" hai1="127,14,113,73,51,111,108,102,107,60,22,117,67" hai2="80,32,79,105,82,49,99,27,3,45,39,84,36" hai3="135,33,25,88,115,100,83,78,106,81,69,86,9"/><W23/><G33/><T47/><D0/><U109/><E73/><V21/><F3/><W46/><G69/><T16/><D123/><U89/><E113/><V77/><F32/><W43/><G115/><T132/><D126/><U55/><E127/><V131/><F105/><W20/><G135/><N who="0" m="51755" /><D90/><U15/><E117/><V12/><F99/><W112/><G112/><T120/><D120/><U56/><E89/><V122/><F12/><W93/><G9/><N who="0" m="6191" /><D68/><N who="1" m="42087" /><E22/><V37/><F122/><W8/><G8/><T121/><D121/><U124/><E124/><V91/><F80/><W48/><G23/><N who="0" m="15711" /><D53/><U118/><E118/><V75/><F75/><W129/><G100/><T35/><D35/><U76/><E76/><V34/><F34/><W50/><G106/><T133/><N who="0" m="51763" /><T57/><DORA hai="4" /><D47/><U44/><E44/><V2/><F2/><W97/><G83/><T7/><D7/><U95/><E107/><V98/><F79/><W63/><G46/><T101/><D101/><U85/><E102/><V19/><F77/><W31/><G43/><T130/><D130/><U29/><E55/><V71/><F71/><W54/><G129/><T40/><D40/><U41/><E41/><V1/><F1/><W70/><G70/><T96/><D96/><U42/><E42/><N who="2" m="24759" /><F98/><W18/><G31/><T5/><D5/><U65/><E29/><V6/><F6/><W119/><G119/><T72/><D72/><U94/><E109/><V128/><F128/><W17/><G17/><T103/><D103/><U92/><E111/><V58/><F131/><W38/><G38/><T110/><D110/><RYUUKYOKU ba="0,0" sc="132,10,398,-30,230,10,240,10" hai0="52,57,64,66" hai2="19,21,27,36,37,39,58,82,84,91" hai3="18,20,25,48,50,54,63,78,81,86,88,93,97" /><INIT seed="3,1,0,1,4,32" ten="142,368,240,250" oya="3" hai0="100,103,122,106,116,73,118,14,79,83,34,42,40" hai1="53,123,35,88,46,126,6,37,101,113,45,36,89" hai2="31,56,91,120,17,27,86,54,8,84,20,38,2" hai3="127,81,55,96,9,16,19,49,80,82,28,61,48"/><W60/><G127/><T0/><D34/><U5/><E35/><V25/><F38/><W110/><G28/><T7/><D122/><U26/><E113/><V57/><F120/><W23/><G110/><T3/><D14/><U99/><E26/><V69/><F69/><W47/><G96/><T121/><D121/><U59/><E123/><V131/><F131/><W64/><G64/><T133/><D133/><U87/><E126/><V41/><F41/><W72/><G72/><T112/><D112/><U29/><E29/><V93/><F84/><W85/><G85/><T74/><D7/><U119/><E119/><V135/><F135/><W75/><G75/><T98/><D98/><U71/><E71/><V124/><F124/><W24/><G49/><T115/><D115/><U125/><E125/><V90/><F90/><W43/><G43/><T107/><D83/><U77/><E77/><AGARI ba="1,0" hai="0,3,40,42,73,74,77,79,100,103,106,107,116,118" machi="77" ten="25,6400,0" yaku="22,2,52,2" doraHai="32" who="0" fromWho="1" sc="142,67,368,-67,240,0,250,0" /><INIT seed="4,0,0,4,2,118" ten="209,301,240,250" oya="0" hai0="11,13,134,68,41,121,123,42,3,27,97,26,55" hai1="45,51,107,4,14,43,25,78,84,47,57,10,32" hai2="93,29,60,28,81,88,1,129,99,39,73,128,132" hai3="111,75,6,101,119,34,16,85,76,105,77,21,86"/><T44/><D3/><U35/><E107/><V115/><F1/><W24/><G111/><T124/><D68/><U122/><E122/><V74/><F39/><W62/><G119/><T23/><D124/><U79/><E57/><V17/><F115/><W96/><G6/><T46/><D55/><U48/><E25/><V8/><F132/><W20/><G34/><T15/><D97/><U7/><E4/><V98/><F60/><W12/><G62/><T49/><D134/><U133/><E133/><V135/><F135/><W117/><G117/><T72/><D72/><U100/><E100/><V64/><F64/><W38/><G38/><T91/><D91/><U52/><REACH who="1" step="1"/><E78/><REACH who="1" ten="209,291,240,250" step="2"/><V106/><F106/><W82/><REACH who="3" step="1"/><G77/><REACH who="3" ten="209,291,240,240" step="2"/><T127/><D127/><U113/><E113/><V31/><F128/><W69/><G69/><T110/><D110/><U130/><E130/><V112/><F129/><W18/><AGARI ba="0,2" hai="12,16,18,20,21,24,75,76,82,85,86,96,101,105" machi="18" ten="20,5200,0" yaku="1,1,0,1,7,1,54,1,53,0" doraHai="118" doraHaiUra="70" who="3" fromWho="3" sc="209,-26,291,-13,240,-13,240,72" /><INIT seed="5,0,0,2,5,45" ten="183,278,227,312" oya="1" hai0="85,48,77,120,58,100,74,102,86,66,99,54,6" hai1="110,31,105,71,109,91,127,118,50,55,88,7,28" hai2="79,20,1,115,30,112,98,72,13,114,95,76,24" hai3="81,108,26,41,23,119,83,122,5,51,25,36,132"/><U16/><E118/><V106/><F1/><W9/><G108/><N who="1" m="41578" /><E71/><V35/><F106/><W125/><G122/><T14/><D120/><U3/><E105/><V93/><F72/><W104/><G119/><T65/><D74/><U2/><E127/><V68/><F68/><W15/><G104/><T44/><D77/><U103/><E103/><N who="0" m="39465" /><D99/><U38/><E38/><V135/><F135/><W111/><G36/><T89/><D58/><N who="1" m="33143" /><E16/><N who="2" m="10255" /><F93/><W18/><G125/><T49/><D86/><U27/><E28/><V107/><F107/><W34/><G132/><T10/><D49/><U17/><E17/><V123/><F123/><W0/><G111/><T21/><D21/><N who="1" m="15855" /><E7/><V67/><F67/><W113/><G26/><T84/><D84/><U80/><E80/><AGARI ba="0,0" hai="6,10,14,44,48,54,65,66,80,85,89" m="39465" machi="80" ten="30,2000,0" yaku="8,1,52,1" doraHai="45" who="0" fromWho="1" sc="183,20,278,-20,227,0,312,0" /><INIT seed="6,0,0,1,4,101" ten="203,258,227,312" oya="2" hai0="134,111,43,98,76,56,61,6,54,135,132,107,53" hai1="18,20,102,44,40,12,112,100,118,90,73,115,25" hai2="10,36,124,95,89,83,45,55,113,29,41,33,28" hai3="93,39,122,19,126,66,68,63,9,85,123,77,116"/><V8/><F113/><N who="1" m="43593" /><E118/><V31/><F124/><W120/><G116/><T130/><D111/><U71/><E71/><V4/><F83/><W82/><G39/><T117/><D117/><U23/><E73/><V64/><F64/><W46/><G126/><T88/><D76/><U65/><E90/><V62/><F33/><W27/><G46/><T69/><D69/><U51/><E65/><V7/><F62/><W50/><G50/><T125/><D43/><U91/><E91/><V96/><REACH who="2" step="1"/><F55/><REACH who="2" ten="203,258,217,312" step="2"/><W74/><G123/><T58/><D125/><U81/><E81/><V38/><F38/><W110/><G122/><T129/><D6/><AGARI ba="0,1" hai="4,6,7,8,10,28,29,31,36,41,45,89,95,96" machi="6" ten="40,2000,0" yaku="1,1,53,0" doraHai="101" doraHaiUra="119" who="2" fromWho="0" sc="203,-20,258,0,217,30,312,0" /><INIT seed="6,1,0,3,2,6" ten="183,258,247,312" oya="2" hai0="110,122,29,25,23,14,32,35,58,34,77,94,40" hai1="38,91,53,42,133,48,119,109,129,12,83,128,24" hai2="2,62,100,54,8,80,16,112,65,124,39,36,74" hai3="70,37,117,4,85,97,103,7,96,79,15,61,113"/><V41/><F112/><W20/><G117/><T127/><D77/><U104/><E104/><V95/><F54/><W76/><G37/><T3/><D40/><U66/><E119/><V93/><F124/><W55/><G113/><T9/><D58/><U44/><E109/><V52/><F52/><W71/><G103/><T81/><D81/><U49/><E133/><V69/><F100/><W1/><G1/><T0/><D94/><U17/><E24/><V43/><F41/><W87/><G55/><T84/><D84/><N who="1" m="50591" /><E66/><V67/><F67/><W27/><G27/><N who="0" m="18495" /><D122/><U68/><E68/><V108/><F108/><W98/><G61/><T28/><D110/><U101/><E101/><V22/><F39/><W114/><G114/><T78/><D78/><N who="3" m="29737" /><G71/><T57/><D57/><U19/><E19/><V5/><F80/><W51/><G51/><T131/><D131/><N who="1" m="50251" /><E53/><V86/><F86/><N who="3" m="32779" /><G70/><T60/><D60/><U26/><E26/><V121/><F121/><W18/><AGARI ba="1,0" hai="4,7,15,18,20,96,97,98" m="32779,29737" machi="18" ten="40,1500,0" yaku="8,1" doraHai="6" who="3" fromWho="3" sc="183,-5,258,-5,247,-8,312,18" /><INIT seed="7,0,0,3,0,122" ten="178,253,239,330" oya="3" hai0="20,99,38,128,134,21,111,6,71,80,79,102,8" hai1="17,78,92,135,5,91,116,85,11,37,124,88,106" hai2="131,29,81,101,44,96,105,93,39,51,41,61,87" hai3="34,18,74,98,47,49,68,10,89,112,119,127,115"/><W65/><G119/><T126/><D71/><U9/><E37/><V36/><F131/><W16/><G74/><T110/><D38/><U43/><E43/><V117/><F117/><W52/><G34/><T130/><D126/><U60/><E106/><V7/><F29/><W15/><G127/><T24/><D134/><U12/><E135/><V118/><F118/><W48/><G68/><T132/><D132/><U100/><E116/><V108/><F108/><N who="0" m="41514" /><D24/><U133/><E133/><V55/><F105/><W86/><G65/><T129/><D99/><N who="1" m="59495" /><E124/><V31/><F31/><W90/><G98/><T54/><D54/><U63/><E78/><V14/><F61/><N who="1" m="23625" /><E85/><V120/><F55/><W50/><G18/><T67/><D67/><U30/><E30/><V64/><F64/><W0/><G0/><N who="0" m="71" /><D102/><U70/><E70/><V73/><F73/><AGARI ba="0,0" hai="20,21,73,79,80,128,129,130" m="71,41514" machi="73" ten="40,8000,1" yaku="19,1,52,3" doraHai="122" who="0" fromWho="2" sc="178,80,253,0,239,-80,330,0" owari="258,5.8,253,-14.7,159,-34.1,330,43.0" /></mjloggm>