<mjloggm ver="2.3"><GO type="169" lobby="0"/><UN n0="%E6%81%8B%E3%81%AE%E3%81%86%E3%81%9F" n1="%E3%81%B8%E3%81%9D%E3%81%AA%E3%82%81%E3%81%9F%E3%81%84" n2="%E5%85%BC%E6%98%8E%E5%81%8F%E6%9A%97" n3="%E5%8F%97%E3%81%91%E5%85%A5%E3%82%8C%E9%87%8D%E8%A6%96" dan="17,16,16,16" rate="2216.95,2155.79,2179.73,2164.64" sx="M,M,M,M"/><TAIKYOKU oya="0"/><INIT seed="0,0,0,1,2,132" ten="250,250,250,250" oya="0" hai0="90,98,114,61,106,40,35,97,13,111,107,130,45" hai1="88,83,23,17,24,85,78,4,122,27,32,52,41" hai2="121,112,75,120,19,133,126,62,51,96,54,48,18" hai3="0,74,9,86,37,14,28,34,108,93,46,79,3"/><T7/><D114/><U53/><E122/><V110/><F75/><W134/><G134/><T104/><D35/><U115/><E115/><V84/><F133/><W44/><G74/><T82/><D130/><U91/><E41/><V129/><F112/><W43/><G108/><T56/><D7/><U10/><E27/><V94/><F110/><W66/><G66/><T50/><D111/><U135/><E32/><V59/><F129/><W2/><G46/><T76/><D90/><U87/><E135/><V69/><F120/><W71/><G71/><T29/><D29/><U16/><E17/><V105/><F105/><W80/><G93/><T101/><D13/><N who="1" m="5319" /><E78/><V77/><F121/><W12/><REACH who="3" step="1"/><G9/><REACH who="3" ten="250,250,250,240" step="2"/><T55/><REACH who="0" step="1"/><D98/><REACH who="0" ten="240,250,250,240" step="2"/><U47/><E47/><V92/><F96/><W102/><G102/><T118/><D118/><U49/><E49/><V22/><F51/><W6/><G6/><T1/><D1/><U21/><E21/><V95/><F22/><W8/><G8/><T58/><D58/><U81/><AGARI ba="0,2" hai="16,23,24,52,53,81,83,85,87,88,91" m="5319" machi="81" ten="30,7900,0" yaku="8,1,54,3" doraHai="132" who="1" fromWho="1" sc="240,-39,250,99,250,-20,240,-20" /><INIT seed="1,0,0,4,2,81" ten="201,349,230,220" oya="1" hai0="34,36,8,30,129,56,12,100,47,120,73,95,18" hai1="121,113,60,76,75,84,114,37,0,70,3,5,25" hai2="1,9,22,54,86,111,80,91,55,62,115,52,132" hai3="44,24,58,102,6,103,68,90,57,66,27,98,45"/><U79/><E121/><V53/><F111/><W46/><G68/><T67/><D73/><U50/><E50/><V19/><F132/><W29/><G6/><T21/><D129/><U15/><E15/><V97/><F115/><W14/><G14/><T41/><D34/><U88/><E37/><V71/><F71/><W10/><G10/><T101/><D120/><U13/><E25/><V78/><F1/><W63/><G24/><T16/><D30/><U106/><E106/><V17/><F9/><W125/><G125/><T128/><D128/><U61/><E13/><V82/><F22/><W124/><G124/><T89/><D18/><U119/><E70/><V94/><F80/><W59/><G90/><T126/><D126/><U69/><E69/><V107/><F107/><W11/><G11/><T43/><D43/><U23/><E23/><V93/><F93/><W39/><G39/><T92/><D92/><U110/><E75/><V28/><F28/><W99/><G98/><T42/><D42/><U35/><E35/><V105/><F105/><W4/><G4/><T87/><REACH who="0" step="1"/><D8/><REACH who="0" ten="191,349,230,220" step="2"/><U49/><E114/><V135/><F135/><W77/><G29/><T48/><D48/><U33/><E33/><V131/><F131/><W38/><G38/><T118/><D118/><U72/><E113/><V85/><F97/><W127/><G99/><T31/><D31/><U40/><E119/><V20/><F20/><W116/><G127/><T112/><D112/><U7/><E5/><V104/><F104/><W122/><G116/><T26/><D26/><U109/><E7/><V130/><F130/><RYUUKYOKU ba="0,1" sc="191,15,349,-15,230,15,220,-15" hai0="12,16,21,36,41,47,56,67,87,89,95,100,101" hai2="17,19,52,53,54,55,62,78,82,85,86,91,94" /><INIT seed="2,1,1,5,1,54" ten="206,334,245,205" oya="2" hai0="77,14,17,35,111,76,69,82,33,99,45,127,23" hai1="102,48,20,50,91,31,64,8,36,24,133,115,25" hai2="83,125,88,101,26,13,119,124,60,117,55,106,19" hai3="108,61,79,57,110,107,109,96,66,93,134,51,59"/><V74/><F26/><W4/><G107/><T34/><D111/><U5/><E115/><V12/><F101/><W131/><G131/><T52/><D69/><U30/><E36/><V118/><F106/><W44/><G134/><T63/><D127/><N who="2" m="48714" /><F19/><W98/><G79/><T3/><D3/><U9/><E102/><V126/><N who="2" m="48722" /><V21/><DORA hai="43" /><F21/><W0/><G57/><T97/><D77/><U75/><E75/><V18/><F18/><W85/><G85/><T116/><D116/><U62/><E91/><V11/><F11/><N who="3" m="2439" /><G93/><T40/><D76/><U1/><E9/><V95/><F83/><W132/><G132/><T37/><REACH who="0" step="1"/><D82/><REACH who="0" ten="196,334,245,205" step="2"/><U103/><E133/><V73/><F73/><W2/><G2/><T71/><D71/><U56/><REACH who="1" step="1"/><E103/><REACH who="1" ten="196,324,245,205" step="2"/><V15/><F74/><W90/><G90/><T41/><D41/><AGARI ba="1,3" hai="41,44,51,59,61,66,96,98,108,109,110" m="2439" machi="41" ten="30,3900,0" yaku="14,1,52,2" doraHai="54,43" who="3" fromWho="0" sc="196,-42,324,0,245,0,205,72" /><INIT seed="3,0,0,5,1,127" ten="154,324,245,277" oya="3" hai0="46,100,79,39,48,14,23,69,118,70,52,112,131" hai1="132,72,128,124,103,92,113,49,13,44,110,107,28" hai2="55,134,105,26,30,87,83,116,11,37,12,65,82" hai3="77,114,34,20,15,31,102,42,73,18,25,41,86"/><W35/><G114/><T63/><D118/><U16/><E113/><V99/><F116/><W50/><G73/><T108/><D112/><U121/><E121/><V85/><F37/><W68/><G68/><T101/><D108/><U56/><E72/><V76/><F134/><W62/><G62/><T111/><D111/><U33/><E107/><V5/><F65/><W6/><G35/><T90/><D79/><U74/><E74/><V106/><F55/><W84/><G102/><T75/><D75/><U29/><E110/><V122/><F99/><W95/><G84/><T119/><D119/><U57/><E124/><V117/><F122/><W36/><G36/><T135/><D135/><U104/><E104/><V78/><REACH who="2" step="1"/><F117/><REACH who="2" ten="154,324,235,277" step="2"/><W40/><G40/><T60/><D39/><U89/><E132/><V88/><F88/><W45/><G41/><T27/><D90/><U4/><E89/><V17/><F17/><W64/><G64/><T21/><D100/><U53/><E103/><V22/><AGARI ba="0,1" hai="5,11,12,22,26,30,76,78,82,83,85,87,105,106" machi="22" ten="20,5200,0" yaku="1,1,0,1,7,1,9,1,53,0" doraHai="127" doraHaiUra="94" who="2" fromWho="2" sc="154,-13,324,-13,235,62,277,-26" /><INIT seed="4,0,0,1,2,96" ten="141,311,297,251" oya="0" hai0="6,65,60,88,36,130,26,30,28,17,21,9,116" hai1="43,129,112,19,38,47,55,95,105,11,51,94,35" hai2="42,99,8,12,22,89,109,73,104,5,115,85,1" hai3="4,15,52,45,108,128,121,56,79,119,2,82,107"/><T103/><D116/><U70/><E129/><V75/><F109/><W25/><G119/><T10/><D36/><U18/><E35/><V111/><F111/><W69/><G108/><T71/><D130/><U20/><E112/><V7/><F115/><W86/><G69/><T23/><D103/><U92/><E70/><V110/><F110/><W61/><G128/><T68/><D68/><U57/><E105/><V106/><F42/><W31/><G2/><T124/><D124/><U135/><E135/><V37/><F37/><W122/><G107/><T77/><D77/><U113/><E113/><V48/><F48/><W127/><G127/><T59/><D71/><U120/><E120/><V66/><F66/><W134/><G134/><T80/><D6/><U39/><E11/><V72/><F99/><W54/><G4/><T83/><D83/><U14/><E39/><V33/><F33/><W44/><G15/><T67/><D67/><U123/><E19/><V32/><F32/><W97/><G97/><T125/><D125/><U16/><E18/><V24/><F5/><W91/><G79/><T50/><D50/><U58/><REACH who="1" step="1"/><E123/><REACH who="1" ten="141,301,297,251" step="2"/><N who="3" m="47114" /><G54/><T53/><D53/><U98/><E98/><V102/><F106/><W93/><G82/><T114/><D114/><U3/><E3/><V64/><F1/><W101/><G101/><T90/><D80/><U0/><E0/><V27/><F104/><W118/><G118/><T63/><D65/><U133/><E133/><V29/><F102/><W74/><G74/><T78/><D78/><U76/><E76/><V13/><F73/><W41/><G41/><RYUUKYOKU ba="0,1" sc="141,-15,301,15,297,-15,251,15" hai1="14,16,20,38,43,47,51,55,57,58,92,94,95" hai3="25,31,44,45,52,56,61,86,91,93" /><INIT seed="5,1,1,2,3,116" ten="126,316,282,266" oya="1" hai0="48,64,126,112,105,53,15,129,122,50,45,110,18" hai1="108,49,104,52,30,44,82,75,118,4,37,125,79" hai2="29,7,12,27,86,17,55,128,63,85,24,9,88" hai3="67,111,10,117,77,8,135,33,78,81,134,21,70"/><U42/><E118/><V95/><F128/><W76/><G117/><T36/><D105/><U100/><E125/><V62/><F55/><W26/><G33/><T5/><D110/><U103/><E108/><V106/><F106/><W91/><G111/><T127/><D5/><U71/><E104/><V90/><F7/><W31/><G70/><T11/><D36/><U43/><E43/><V25/><REACH who="2" step="1"/><F29/><REACH who="2" ten="126,316,272,266" step="2"/><W69/><G67/><T51/><D129/><U109/><E109/><V58/><F58/><W47/><G69/><T19/><D64/><U94/><E71/><V114/><F114/><W46/><BYE who="2" /><G46/><T66/><D112/><U3/><E30/><V72/><F72/><W89/><G47/><T97/><D66/><U130/><E130/><V68/><F68/><W124/><G124/><T132/><D126/><U93/><E94/><V115/><F115/><W59/><G59/><T32/><D127/><U40/><E93/><UN n2="%E5%85%BC%E6%98%8E%E5%81%8F%E6%9A%97" /><V23/><F23/><W60/><G60/><T121/><D32/><U96/><E40/><V74/><F74/><W87/><REACH who="3" step="1"/><G91/><REACH who="3" ten="126,316,272,256" step="2"/><T98/><D45/><U123/><E44/><V73/><F73/><W57/><G57/><T0/><D48/><U16/><E75/><V14/><F14/><W120/><G120/><T83/><D15/><U39/><E123/><V65/><F65/><W80/><G80/><T61/><D122/><U119/><E82/><V92/><AGARI ba="1,3" hai="9,12,17,24,25,27,62,63,85,86,88,90,92,95" machi="92" ten="30,8000,1" yaku="1,1,0,1,9,1,8,1,54,1,53,0" doraHai="116" doraHaiUra="133" who="2" fromWho="2" sc="126,-21,316,-41,272,113,256,-21" /><INIT seed="6,0,0,1,2,115" ten="105,275,385,235" oya="2" hai0="92,28,64,74,124,17,88,40,127,73,102,50,33" hai1="111,117,82,3,54,27,57,45,12,20,62,118,61" hai2="21,126,95,87,19,133,36,38,26,59,93,35,75" hai3="44,32,4,53,131,96,18,55,30,86,31,1,78"/><V5/><F75/><W106/><G131/><T58/><D33/><U29/><E111/><V85/><F133/><W91/><G78/><T84/><D28/><U109/><E109/><V37/><F126/><N who="0" m="48170" /><D64/><U99/><E3/><V125/><F125/><W6/><G106/><T70/><D70/><U52/><E82/><V46/><F5/><N who="3" m="2155" /><G32/><T9/><D40/><U43/><E12/><V66/><F35/><W15/><G96/><N who="0" m="59655" /><D58/><U101/><E54/><N who="3" m="20490" /><G44/><T81/><D17/><U121/><E62/><V123/><F46/><W119/><G1/><T105/><D9/><U41/><E121/><V107/><F107/><W76/><G76/><T113/><D50/><U48/><E43/><V10/><F123/><W90/><G119/><T23/><D23/><U0/><E0/><V2/><F2/><W71/><G71/><T24/><D24/><U13/><E13/><V135/><F59/><W94/><G91/><T83/><D113/><U89/><E89/><V42/><F10/><AGARI ba="0,0" hai="10,15,18,30,31,86,90,94" m="20490,2155" machi="10" ten="30,1000,0" yaku="8,1" doraHai="115" who="3" fromWho="2" sc="105,0,275,0,385,-10,235,10" /><INIT seed="7,0,0,4,2,100" ten="105,275,375,245" oya="3" hai0="72,111,91,93,33,49,125,12,126,63,38,17,44" hai1="77,135,112,94,104,92,6,98,123,113,50,14,73" hai2="18,56,76,43,95,133,0,67,124,35,118,53,80" hai3="58,99,23,13,103,8,70,114,61,42,96,37,109"/><W121/><G121/><T84/><D33/><U87/><E50/><V52/><F118/><W2/><G70/><T78/><D38/><U102/><E14/><V128/><F0/><W105/><G114/><N who="1" m="44138" /><E6/><V79/><F35/><W65/><G109/><T10/><D111/><U30/><E30/><V41/><F128/><W117/><G117/><T47/><D72/><U54/><E54/><N who="2" m="21099" /><F124/><W27/><G2/><T129/><D129/><U106/><E123/><V59/><F133/><W131/><G131/><T101/><D125/><U85/><E135/><V66/><F95/><W64/><G65/><N who="2" m="24585" /><F18/><W71/><G71/><T132/><D132/><U130/><E130/><V39/><F39/><W15/><G99/><T22/><D126/><U26/><E26/><V107/><F107/><N who="1" m="41001" /><E94/><V28/><F28/><W31/><REACH who="3" step="1"/><G8/><REACH who="3" ten="105,275,375,235" step="2"/><T45/><D10/><U108/><E108/><V32/><F56/><W19/><G19/><T119/><D119/><U68/><E68/><V25/><F59/><W57/><G57/><T116/><D116/><U74/><E74/><V5/><F5/><W134/><G134/><T4/><D4/><U86/><E73/><V40/><F32/><W11/><G11/><T20/><D20/><U3/><E3/><V122/><F122/><W90/><G90/><T89/><D89/><U55/><E55/><V62/><F62/><W69/><G69/><T110/><D110/><U46/><E46/><AGARI ba="0,1" hai="13,15,23,27,31,37,42,46,58,61,64,96,103,105" machi="46" ten="40,3900,0" yaku="1,1,52,1,53,0" doraHai="100" doraHaiUra="1" who="3" fromWho="1" sc="105,0,275,-39,375,0,235,49" /><INIT seed="7,1,0,5,2,8" ten="105,236,375,284" oya="3" hai0="33,63,57,95,12,94,133,50,11,44,73,119,69" hai1="74,120,17,52,107,104,36,82,115,49,30,64,65" hai2="96,5,21,14,71,3,41,126,130,39,117,27,111" hai3="45,15,31,38,58,59,113,37,131,48,123,108,72"/><W10/><G123/><T124/><D119/><U89/><E120/><V121/><F111/><W16/><G72/><T76/><D124/><U51/><E36/><V13/><F121/><W92/><G108/><T110/><D133/><U47/><E115/><V77/><F71/><W29/><G113/><T56/><D110/><U20/><E30/><N who="3" m="11274" /><G37/><T0/><D0/><U83/><E107/><V55/><F117/><W61/><G38/><T91/><D69/><U78/><E104/><V70/><F70/><W75/><G75/><T32/><D73/><U125/><E125/><V18/><F126/><W79/><G131/><T103/><D33/><U80/><E83/><V9/><F130/><W46/><G79/><T62/><D32/><U101/><E101/><V128/><F128/><W135/><G135/><T24/><D76/><U54/><E89/><V43/><F77/><W109/><G109/><T100/><D24/><U60/><E82/><V25/><F39/><W127/><G127/><T66/><D95/><U2/><E60/><V114/><F114/><W122/><G122/><T34/><D34/><U99/><E99/><V102/><F3/><W19/><G92/><T22/><D22/><U6/><E6/><V28/><F55/><N who="3" m="32103" /><G19/><T85/><D63/><U67/><E2/><V23/><F27/><W106/><G106/><AGARI ba="1,0" hai="5,9,13,14,18,21,23,25,28,41,43,96,102,106" machi="106" ten="30,3900,0" yaku="7,1,52,2" doraHai="8" who="2" fromWho="3" sc="105,0,236,0,375,42,284,-42" owari="105,-39.5,236,-16.4,417,51.7,242,4.2" /></mjloggm>