<mjloggm ver="2.3"><GO type="169" lobby="0"/><UN n0="%E3%81%8B%E3%81%AA%E3%81%8D%E3%83%BC" n1="%72%65%6E%6A%69%38%33" n2="%E6%97%A5%E9%99%B0%E3%81%95%E3%82%93" n3="%6B%61%74%65%72%69%6E%61" dan="17,17,17,16" rate="2222.15,2229.55,2210.92,2113.01" sx="F,M,F,M"/><TAIKYOKU oya="0"/><INIT seed="0,0,0,2,3,56" ten="250,250,250,250" oya="0" hai0="38,41,16,58,102,109,130,82,14,12,89,65,7" hai1="116,17,10,6,11,44,88,92,26,39,72,23,27" hai2="40,78,118,79,51,8,49,73,61,36,57,0,99" hai3="43,47,108,96,134,20,2,64,86,4,104,74,83"/><T29/><D130/><U53/><E116/><V5/><F118/><W48/><G108/><T21/><D109/><U77/><E72/><V90/><F90/><W100/><G134/><T71/><D71/><U80/><E27/><V95/><F95/><W128/><G128/><T132/><D132/><U101/><E101/><V98/><F98/><W75/><G20/><T117/><D29/><U66/><E66/><V97/><F97/><W67/><G67/><T22/><D102/><U32/><E32/><V119/><F99/><W54/><G64/><T127/><D127/><U59/><E44/><N who="2" m="23559" /><F79/><W3/><G3/><T115/><D115/><U125/><E39/><V63/><F119/><W25/><G25/><T113/><D113/><U103/><E103/><V19/><F19/><W129/><G129/><T93/><D41/><U15/><E11/><V1/><F1/><W84/><G84/><T76/><D38/><U34/><E34/><V45/><F57/><W42/><G42/><T13/><D7/><U105/><E125/><V121/><F121/><W94/><G104/><T122/><D122/><U50/><E105/><V62/><F45/><W60/><G4/><T52/><D21/><U111/><E111/><V55/><F55/><W120/><G2/><T69/><D117/><U106/><E106/><V110/><F110/><W35/><G35/><T85/><D65/><U33/><E33/><V107/><F107/><W126/><G126/><T24/><D24/><U37/><E37/><V124/><F124/><W91/><G120/><T135/><D135/><U112/><E112/><V46/><F46/><RYUUKYOKU ba="0,0" sc="250,-15,250,-15,250,15,250,15" hai2="0,5,8,49,51,61,62,63,73,78" hai3="43,47,48,54,60,74,75,83,86,91,94,96,100" /><INIT seed="1,1,0,3,1,117" ten="235,235,265,265" oya="1" hai0="9,74,110,126,124,68,97,49,121,37,51,58,93" hai1="60,101,4,12,52,95,62,115,24,81,130,72,77" hai2="70,66,122,39,27,28,21,0,65,88,20,19,3" hai3="47,92,78,116,96,118,125,48,119,111,11,31,17"/><U98/><E115/><V50/><F39/><W35/><G125/><N who="0" m="48235" /><D68/><U105/><E130/><V53/><F122/><W43/><G111/><T114/><D37/><U34/><E105/><V127/><F127/><W46/><G78/><T44/><D74/><U76/><E76/><V30/><F70/><W36/><G31/><T5/><D114/><U112/><E112/><V63/><F63/><W57/><G57/><T8/><D110/><U106/><E106/><V75/><F75/><W123/><G123/><T128/><D128/><U2/><E2/><V120/><F120/><W15/><G35/><T82/><D82/><U25/><E12/><V104/><F104/><W42/><REACH who="3" step="1"/><G118/><REACH who="3" ten="235,235,265,255" step="2"/><T40/><D121/><U134/><E34/><V100/><F30/><W7/><G7/><T83/><D5/><U67/><E4/><V94/><F28/><W132/><G132/><T107/><D58/><U89/><E134/><V69/><F69/><W85/><G85/><T102/><D49/><U18/><E77/><V1/><F50/><W71/><G71/><T103/><D51/><U13/><E72/><V84/><F84/><W129/><G129/><T29/><D29/><U73/><E73/><V59/><F19/><W61/><G61/><T133/><D133/><U80/><E60/><V91/><F59/><W86/><G86/><T14/><D97/><U87/><E80/><V113/><F113/><W64/><G64/><T109/><D83/><U41/><E67/><V23/><F65/><W56/><G56/><T90/><D109/><U79/><E79/><V54/><F66/><W55/><G55/><RYUUKYOKU ba="1,1" sc="235,-10,235,-10,265,-10,255,30" hai3="11,15,17,36,42,43,46,47,48,92,96,116,119" /><INIT seed="2,2,1,2,2,102" ten="225,225,255,285" oya="2" hai0="39,85,90,50,3,132,116,97,43,117,126,26,103" hai1="10,61,84,76,4,88,72,9,128,75,120,71,101" hai2="125,66,118,23,104,57,135,44,17,36,13,37,31" hai3="24,89,77,119,67,16,98,92,49,35,7,15,133"/><V5/><F118/><W65/><G119/><T53/><D3/><U32/><E32/><V54/><F125/><W131/><G131/><T130/><D126/><U2/><E128/><V41/><F135/><W106/><G133/><T114/><D130/><U107/><E76/><V109/><F66/><W30/><G77/><T11/><D132/><U59/><E71/><V124/><F124/><W19/><G7/><T87/><D11/><U123/><E10/><V82/><F5/><W63/><G106/><T129/><D129/><U55/><E101/><V14/><F31/><W78/><G78/><T20/><D43/><U51/><E107/><V45/><F104/><W73/><G73/><T33/><D39/><U100/><E100/><V108/><F82/><W64/><G49/><T83/><D85/><U21/><E21/><V134/><F13/><W12/><REACH who="3" step="1"/><G63/><REACH who="3" ten="225,225,255,275" step="2"/><T22/><D50/><U62/><E62/><N who="2" m="36151" /><F134/><W58/><G58/><T0/><D116/><U34/><E61/><V29/><F37/><W111/><G111/><N who="2" m="42569" /><F45/><W27/><G27/><T47/><D26/><U79/><E72/><V80/><F29/><W48/><G48/><T25/><D25/><U122/><E75/><V70/><F80/><W105/><G105/><T91/><D83/><N who="1" m="49183" /><E79/><V40/><F40/><W38/><G38/><T86/><D117/><U113/><E113/><V28/><F28/><W96/><G96/><T99/><D114/><U8/><E51/><V6/><F6/><W121/><G121/><T18/><D99/><U95/><E4/><V115/><F115/><W42/><G42/><T81/><D97/><RYUUKYOKU ba="2,2" sc="225,-15,225,-15,255,15,275,15" hai2="14,17,23,36,41,44,70" hai3="12,15,16,19,24,30,35,64,65,67,89,92,98" /><INIT seed="2,3,2,3,3,63" ten="210,210,270,290" oya="2" hai0="115,27,64,52,61,94,9,124,72,99,6,125,126" hai1="76,58,14,24,62,118,25,123,15,12,91,128,21" hai2="2,78,67,33,29,95,43,135,46,105,92,16,5" hai3="51,59,133,48,65,18,68,3,47,107,4,55,73"/><V34/><F105/><W80/><G107/><T88/><D115/><U114/><E118/><V35/><F29/><W19/><G133/><T90/><D72/><U83/><E114/><V1/><F135/><W39/><G39/><T23/><D52/><U44/><E128/><V74/><F67/><W11/><G68/><T28/><D90/><U86/><E123/><V31/><F16/><W120/><G120/><T77/><D77/><U49/><E21/><V79/><F31/><W109/><G109/><T103/><D103/><U0/><E0/><V89/><F92/><W71/><G71/><T116/><D116/><U117/><E117/><V102/><F102/><W119/><G119/><T40/><D40/><U85/><E49/><V32/><F74/><W127/><G65/><T122/><D122/><U111/><E44/><V87/><N who="2" m="8192" /><DORA hai="106" /><V53/><F53/><W101/><G101/><T70/><REACH who="0" step="1"/><D124/><REACH who="0" ten="200,210,270,290" step="2"/><U22/><E111/><V75/><F75/><W98/><G127/><T134/><D134/><U36/><E91/><V30/><F78/><W100/><G73/><T113/><D113/><U13/><E76/><V7/><F79/><W8/><G55/><T96/><D96/><U69/><E83/><V129/><F43/><W38/><G80/><T45/><D45/><U17/><E85/><V112/><F46/><W54/><G47/><T97/><D97/><U104/><E86/><V121/><F112/><W82/><G98/><T81/><D81/><U50/><N who="1" m="3072" /><DORA hai="108" /><U84/><E84/><V42/><F87/><W66/><G82/><T10/><D10/><U20/><E104/><RYUUKYOKU ba="3,3" sc="200,30,210,-10,270,-10,290,-10" hai0="6,9,23,27,28,61,64,70,88,94,99,125,126" /><INIT seed="3,4,3,3,3,27" ten="230,200,260,280" oya="3" hai0="44,79,70,65,24,36,37,69,125,110,56,14,102" hai1="80,46,132,7,73,83,122,11,112,58,21,50,99" hai2="107,103,108,62,98,30,118,23,81,38,93,91,134" hai3="35,1,33,72,31,45,121,28,94,13,126,131,32"/><W74/><G121/><T130/><D110/><U92/><E112/><V10/><F118/><W113/><G113/><T8/><D130/><U135/><E122/><V120/><F38/><W40/><G1/><T52/><D125/><U67/><E73/><V75/><F120/><W104/><G104/><T19/><D79/><U63/><E21/><V15/><F108/><W41/><G131/><T129/><D102/><U106/><E106/><V76/><F134/><W123/><G123/><T77/><D77/><U57/><E57/><V97/><F62/><W133/><G126/><T85/><D85/><U20/><E20/><V26/><F15/><W84/><G13/><T17/><D65/><U25/><E25/><V128/><F128/><W59/><G59/><T124/><D129/><U60/><E60/><V89/><F10/><W68/><G68/><T54/><D54/><U86/><E86/><V9/><F9/><W48/><G41/><T82/><D82/><U39/><E39/><V42/><F42/><W127/><G133/><N who="1" m="51274" /><E7/><V64/><F64/><W96/><G84/><T5/><D5/><U4/><E11/><V47/><F47/><W100/><REACH who="3" step="1"/><G127/><REACH who="3" ten="230,200,260,270" step="2"/><T16/><D124/><U88/><E4/><V71/><F71/><W78/><G78/><T87/><D87/><U90/><E80/><V18/><REACH who="2" step="1"/><F91/><REACH who="2" ten="230,200,250,270" step="2"/><W66/><G66/><T22/><D70/><U43/><E90/><V3/><F3/><W55/><G55/><T115/><D69/><U6/><E6/><V111/><F111/><W2/><G2/><T29/><D52/><U49/><E43/><V119/><F119/><RYUUKYOKU ba="4,5" sc="230,-15,200,-15,250,15,270,15" hai2="18,23,26,30,75,76,81,89,93,97,98,103,107" hai3="28,31,32,33,35,40,45,48,72,74,94,96,100" /><INIT seed="3,5,5,5,0,11" ten="215,185,265,285" oya="3" hai0="100,10,37,121,61,130,76,87,126,32,57,9,74" hai1="50,106,93,77,111,53,112,38,12,5,20,68,125" hai2="118,94,43,30,75,46,96,115,135,1,132,82,102" hai3="14,95,59,128,86,55,35,110,114,33,48,34,28"/><W40/><G114/><T8/><D121/><U24/><E106/><V85/><F115/><W109/><G128/><T6/><D37/><U69/><E112/><V81/><F1/><W13/><G28/><T134/><D32/><U63/><E38/><V97/><F30/><W66/><G40/><T42/><D42/><U79/><E111/><N who="3" m="42506" /><G66/><T23/><D74/><U98/><E125/><V113/><F113/><W131/><G131/><T2/><D130/><U31/><E63/><V120/><F118/><W49/><G49/><T103/><D126/><U17/><E5/><V56/><F120/><W51/><G51/><T29/><D134/><N who="2" m="51242" /><F75/><W101/><G86/><T107/><D107/><U78/><E93/><N who="2" m="58639" /><F85/><W123/><G123/><T67/><D2/><U52/><E98/><AGARI ba="5,5" hai="13,14,33,34,35,48,55,59,95,98,101" m="42506" machi="98" ten="40,12000,1" yaku="14,1,10,1,52,2" doraHai="11" who="3" fromWho="1" sc="215,0,185,-135,265,0,285,185" /><INIT seed="3,6,0,2,1,35" ten="215,50,265,470" oya="3" hai0="23,74,13,88,78,107,37,118,33,45,96,21,24" hai1="11,105,80,16,43,62,120,99,14,58,49,69,85" hai2="12,70,134,84,59,86,122,109,32,67,117,129,3" hai3="132,65,103,40,50,94,39,76,19,95,1,2,41"/><W18/><G39/><T108/><D118/><U51/><E120/><V123/><F32/><W91/><G132/><T0/><D108/><U30/><E30/><V92/><F117/><W112/><G112/><T17/><D33/><U87/><E69/><V36/><F36/><W38/><G38/><T82/><D0/><U63/><E63/><N who="2" m="40319" /><F109/><W68/><G68/><T100/><D37/><U131/><E131/><V60/><F3/><W66/><G50/><T20/><D45/><U72/><E72/><V55/><F129/><W124/><G91/><T128/><D128/><U114/><E114/><V116/><F134/><W115/><G115/><T29/><D29/><U34/><E34/><V113/><F116/><W46/><G46/><T97/><REACH who="0" step="1"/><D13/><REACH who="0" ten="205,50,265,470" step="2"/><U48/><E43/><V54/><F113/><W83/><G41/><T47/><D47/><U6/><E6/><V71/><F12/><W121/><G1/><T31/><D31/><U28/><E28/><V8/><F122/><W104/><G2/><T61/><D61/><U42/><E42/><V130/><F123/><W22/><G121/><T56/><D56/><U10/><E58/><V102/><F130/><W98/><G40/><T25/><D25/><U7/><E62/><V110/><F60/><W64/><G64/><T90/><D90/><U9/><E7/><V119/><F59/><W81/><G66/><T93/><AGARI ba="6,1" hai="17,20,21,23,24,74,78,82,88,93,96,97,100,107" machi="93" ten="30,4000,0" yaku="1,1,0,1,54,1,53,0" doraHai="35" doraHaiUra="27" who="0" fromWho="0" sc="205,68,50,-16,265,-16,470,-26" /><INIT seed="4,0,0,2,3,72" ten="273,34,249,444" oya="0" hai0="134,42,38,18,123,124,93,7,17,98,128,5,21" hai1="33,117,102,34,99,131,83,1,103,85,2,49,78" hai2="104,100,87,75,95,39,68,65,96,121,40,0,59" hai3="94,20,13,37,76,101,91,122,25,47,90,71,69"/><T24/><D123/><U88/><E117/><V9/><F121/><W92/><G122/><T26/><D128/><U74/><E131/><V97/><F59/><W8/><G101/><T35/><D124/><U84/><E103/><V113/><F87/><W30/><G76/><T105/><D134/><U16/><E85/><V23/><F23/><W56/><G56/><T120/><D105/><U28/><E49/><V27/><F27/><W66/><G66/><T54/><D120/><U41/><E41/><V61/><F113/><W11/><G11/><T129/><D129/><U43/><E43/><V89/><F75/><W86/><G47/><T3/><D3/><U46/><E46/><V115/><F115/><W22/><G22/><T32/><D38/><U4/><E16/><V10/><F0/><W109/><G109/><T119/><D42/><U118/><E118/><V53/><F53/><W132/><G132/><T135/><D135/><U106/><E4/><V77/><F77/><W60/><G60/><T111/><D111/><U62/><E62/><V73/><F73/><W70/><G37/><T48/><D119/><U81/><REACH who="1" step="1"/><E34/><REACH who="1" ten="273,24,249,444" step="2"/><V108/><F108/><W126/><G126/><T15/><D35/><U127/><E127/><V110/><F110/><W82/><REACH who="3" step="1"/><G90/><REACH who="3" ten="273,24,249,434" step="2"/><N who="0" m="55607" /><D32/><U29/><E29/><V12/><F89/><W116/><G116/><T130/><D130/><U125/><E125/><V19/><F100/><W14/><G14/><T58/><D15/><U79/><E79/><V57/><F12/><W45/><G45/><T52/><D54/><U80/><E80/><V114/><F61/><RYUUKYOKU ba="0,2" sc="273,10,24,10,249,-30,434,10" hai0="5,7,17,18,21,24,26,48,52,58" hai1="1,2,28,33,74,78,81,83,84,88,99,102,106" hai3="8,13,20,25,30,69,70,71,82,86,91,92,94" /><INIT seed="4,1,2,5,2,105" ten="283,34,219,444" oya="0" hai0="92,40,66,106,81,35,119,77,33,123,75,24,135" hai1="103,57,14,134,5,88,96,30,32,79,80,86,56" hai2="58,113,107,90,93,13,18,120,114,15,111,115,0" hai3="69,84,116,4,78,50,22,44,110,53,91,26,121"/><T130/><D106/><U127/><E127/><V28/><F120/><W71/><G110/><T1/><D119/><U124/><E124/><V129/><F111/><W132/><G116/><T112/><D112/><U102/><E134/><V68/><F68/><W67/><G132/><T72/><D123/><U19/><E5/><V64/><F107/><W73/><G121/><T41/><D135/><U94/><E30/><V100/><F0/><W47/><G4/><T131/><D1/><U46/><E32/><V70/><F129/><N who="0" m="49162" /><D66/><U3/><E3/><V126/><F126/><W2/><G2/><T62/><D62/><U16/><E46/><V52/><F28/><W48/><G67/><T8/><D8/><U6/><E6/><V101/><F64/><W98/><G98/><T54/><D54/><U11/><REACH who="1" step="1"/><E19/><REACH who="1" ten="283,24,219,444" step="2"/><V55/><F18/><W99/><G44/><T7/><D7/><U60/><E60/><V122/><F114/><W43/><G47/><T133/><D133/><U61/><E61/><V12/><F113/><W45/><G45/><T9/><D35/><U118/><E118/><V37/><F115/><W83/><G43/><T31/><D40/><U125/><E125/><V38/><F122/><W34/><G34/><T17/><D41/><U65/><E65/><V10/><F38/><W104/><G50/><T82/><D17/><U59/><AGARI ba="1,3" hai="11,14,16,56,57,59,79,80,86,88,94,96,102,103" machi="59" ten="30,8000,1" yaku="1,1,0,1,8,1,54,2,53,0" doraHai="105" doraHaiUra="63" who="1" fromWho="1" sc="283,-41,24,113,219,-21,444,-21" /><INIT seed="5,0,0,2,2,78" ten="242,137,198,423" oya="1" hai0="8,52,10,35,67,103,76,124,9,112,120,82,61" hai1="42,48,57,131,125,34,47,70,105,64,46,115,43" hai2="72,62,133,33,2,38,16,102,71,92,1,88,93" hai3="53,25,73,100,122,13,6,134,109,59,50,111,51"/><U96/><E34/><V80/><F38/><W129/><G122/><T135/><D35/><U32/><E32/><V20/><F33/><W31/><G73/><T12/><D112/><U29/><E29/><V74/><F133/><W79/><G134/><T114/><D114/><U5/><E5/><V94/><F102/><W118/><G79/><T58/><D135/><U7/><E7/><V84/><F71/><W37/><G37/><T99/><D124/><U101/><E115/><V36/><F36/><W108/><G100/><T22/><D67/><U56/><E131/><V28/><F28/><W104/><G104/><T55/><D55/><U27/><E27/><V24/><REACH who="2" step="1"/><F62/><REACH who="2" ten="242,137,188,423" step="2"/><W110/><G110/><T15/><D120/><U66/><E125/><V130/><F130/><W106/><G129/><T65/><D103/><U128/><E128/><V127/><F127/><W3/><G109/><T69/><D69/><U23/><E23/><V95/><N who="2" m="23552" /><DORA hai="98" /><V126/><F126/><W97/><G108/><T54/><D99/><U77/><E70/><V89/><F89/><W26/><G97/><T49/><D22/><U107/><E107/><V121/><F121/><W4/><G106/><T63/><D63/><U83/><E56/><V90/><F90/><W117/><G59/><T87/><D65/><U40/><E57/><AGARI ba="0,1" hai="8,9,10,12,15,49,52,54,57,58,61,76,82,87" machi="57" ten="40,5200,0" yaku="8,1,52,1,54,1" doraHai="78,98" who="0" fromWho="1" sc="242,62,137,-52,188,0,423,0" /><INIT seed="6,0,0,1,5,12" ten="304,85,188,423" oya="2" hai0="105,72,126,55,110,22,5,116,117,1,103,6,32" hai1="17,111,66,86,82,8,65,58,113,26,134,19,13" hai2="35,127,104,44,46,36,49,81,129,69,47,73,79" hai3="25,89,77,121,135,98,106,71,123,119,56,11,132"/><V91/><F36/><W87/><G119/><N who="0" m="45643" /><D32/><U16/><E111/><V125/><F104/><W97/><G71/><T33/><D33/><U53/><E113/><V39/><F39/><W107/><G77/><T59/><D72/><U93/><E93/><V64/><F35/><W4/><G56/><T133/><D133/><N who="3" m="51273" /><G25/><T18/><D126/><N who="2" m="48138" /><F129/><W43/><G43/><T60/><D1/><U57/><E26/><V20/><F91/><W90/><G90/><T75/><D75/><U9/><E9/><V84/><F73/><W109/><G109/><T76/><D76/><N who="1" m="46407" /><E134/><V37/><F37/><W85/><G89/><T95/><D105/><U80/><E80/><V50/><F20/><W38/><G38/><T52/><D110/><U28/><E28/><V128/><F128/><W122/><G106/><T130/><D130/><U15/><E58/><V41/><F41/><W78/><G107/><T54/><D59/><U24/><E24/><V94/><F94/><W51/><G123/><T2/><D2/><U83/><E83/><V0/><F0/><W115/><G122/><T131/><D131/><U10/><E19/><V101/><F101/><W118/><G118/><T42/><D42/><U68/><E68/><V92/><F92/><W124/><G124/><T14/><D60/><AGARI ba="0,0" hai="8,10,13,15,16,17,53,57,60,65,66" m="46407" machi="60" ten="30,7700,0" yaku="8,1,52,2,54,1" doraHai="12" who="1" fromWho="0" sc="304,-77,85,77,188,0,423,0" /><AGARI ba="0,0" hai="44,46,47,49,50,60,64,69,79,81,84" m="48138" machi="60" ten="30,1500,0" yaku="18,1" doraHai="12" who="2" fromWho="0" sc="227,-15,162,0,188,15,423,0" /><INIT seed="6,1,0,2,0,37" ten="212,162,203,423" oya="2" hai0="62,80,31,0,85,26,32,22,112,96,40,77,123" hai1="39,116,82,36,46,91,41,51,127,18,57,115,63" hai2="14,113,90,100,47,59,66,87,108,70,30,13,11" hai3="23,43,106,29,61,84,52,9,21,133,83,107,109"/><V24/><F113/><W73/><G109/><T65/><D123/><U134/><E116/><V60/><F108/><W111/><G111/><T122/><D122/><U45/><E115/><V86/><F100/><W10/><G73/><T129/><D0/><U124/><E18/><V97/><F70/><W92/><G133/><T69/><D129/><U114/><E114/><V95/><F47/><W117/><G117/><T130/><D130/><U74/><E91/><V64/><F64/><W25/><G92/><T98/><D112/><U132/><E82/><V8/><F8/><W17/><G43/><T38/><D32/><U33/><E33/><V125/><F125/><N who="1" m="48201" /><E74/><V48/><F48/><W72/><G72/><T27/><D27/><U135/><E46/><V34/><REACH who="2" step="1"/><F14/><REACH who="2" ten="212,162,193,423" step="2"/><N who="3" m="9399" /><G107/><T102/><D102/><U99/><E99/><V16/><AGARI ba="1,1" hai="11,13,16,24,30,34,59,60,66,86,87,90,95,97" machi="16" ten="20,7800,0" yaku="1,1,0,1,7,1,54,1,53,0" doraHai="37" doraHaiUra="121" who="2" fromWho="2" sc="212,-27,162,-27,193,91,423,-27" /><INIT seed="6,2,0,3,0,109" ten="185,135,284,396" oya="2" hai0="85,89,82,63,51,31,107,117,37,81,86,78,83" hai1="41,22,42,133,59,61,58,91,60,100,108,129,49" hai2="13,52,121,116,1,95,132,118,0,38,70,101,119" hai3="45,29,92,128,123,88,124,122,12,2,98,102,80"/><V28/><F121/><W20/><G2/><T84/><D37/><U43/><E108/><V111/><F70/><W21/><G128/><T19/><D31/><U53/><E129/><V56/><F38/><W5/><G124/><T71/><D117/><U65/><E100/><V74/><F74/><W7/><G123/><T106/><D51/><U11/><E11/><V113/><F111/><W15/><G45/><T75/><D19/><U87/><E22/><N who="3" m="8810" /><G29/><T94/><D63/><U66/><E133/><V30/><F132/><W73/><G73/><T115/><D71/><N who="1" m="42407" /><E91/><V17/><F1/><W120/><G120/><T103/><D115/><U35/><E87/><N who="0" m="33353" /><D103/><U3/><E35/><V97/><F113/><W47/><G47/><T131/><D131/><U18/><E18/><V93/><F0/><W112/><G112/><T40/><D40/><U90/><E90/><V79/><F79/><W77/><G77/><T33/><D33/><U68/><E3/><V114/><F114/><W104/><G122/><T39/><D39/><U10/><E10/><V72/><F72/><W6/><G104/><AGARI ba="2,0" hai="75,78,81,82,83,86,89,94,104,106,107" m="33353" machi="104" ten="30,8000,1" yaku="35,5" doraHai="109" who="0" fromWho="3" sc="185,86,135,0,284,0,396,-86" /><INIT seed="7,0,0,2,4,62" ten="271,135,284,310" oya="3" hai0="44,127,122,103,60,27,10,111,95,30,12,116,1" hai1="119,56,70,69,118,101,98,19,3,133,29,16,18" hai2="42,68,93,89,83,48,135,26,112,39,20,54,52" hai3="43,23,53,115,72,114,65,4,2,61,55,67,104"/><W74/><G104/><T109/><D116/><N who="1" m="44587" /><E3/><V80/><F68/><N who="1" m="26217" /><E29/><V46/><F112/><N who="3" m="43051" /><G43/><T81/><D122/><U79/><E79/><V85/><F135/><W106/><G106/><T99/><D127/><U71/><N who="1" m="26225" /><U22/><DORA hai="32" /><E56/><V9/><F9/><N who="3" m="2199" /><G23/><T41/><D1/><U73/><E73/><N who="3" m="28266" /><G55/><N who="2" m="21033" /><F39/><W126/><G126/><T17/><D81/><U90/><E90/><V76/><F76/><W125/><G125/><T123/><D123/><U92/><E133/><V94/><F83/><W107/><G107/><T78/><D78/><U35/><E35/><V59/><F59/><AGARI ba="0,0" hai="53,59,61,65,67" m="28266,2199,43051" machi="59" ten="30,11600,0" yaku="15,1,52,3" doraHai="62,32" who="3" fromWho="2" sc="271,0,135,0,284,-116,310,116" owari="271,7.1,135,-36.5,168,-23.2,426,52.6" /></mjloggm>