<mjloggm ver="2.3"><GO type="225" lobby="0"/><UN n0="%4B%2E%32%2E%4B%2E" n1="%E9%A6%AC%E5%BC%95%E7%81%AB%33" n2="%E5%8D%A0%E3%81%84%E5%B8%AB%E8%A3%8F%E3%81%AA%E3%81%84%E3%81%97" n3="%E3%83%96%E3%83%83%E3%83%91%E3%82%AA%E3%83%96%E3%83%81%E3%82%AD%E3%83%B3" dan="17,16,17,16" rate="2166.13,2124.94,2194.35,2136.64" sx="M,M,M,M"/><TAIKYOKU oya="0"/><INIT seed="0,0,0,2,5,0" ten="250,250,250,250" oya="0" hai0="55,50,58,35,86,2,91,125,79,57,66,32,33" hai1="49,38,72,65,10,40,52,36,109,22,126,51,121" hai2="133,47,123,25,83,24,39,101,34,77,105,29,28" hai3="129,127,15,7,99,75,9,54,107,27,23,84,111"/><T95/><D125/><U43/><E72/><V30/><F133/><W3/><G127/><T46/><D2/><U11/><E126/><V106/><F123/><W103/><G111/><T114/><D114/><U82/><E22/><V89/><F89/><W110/><G110/><T97/><REACH who="0" step="1"/><D66/><REACH who="0" ten="240,250,250,250" step="2"/><U128/><E109/><V19/><F34/><W4/><G3/><T71/><D71/><U16/><E65/><V112/><F112/><W76/><G129/><T37/><D37/><U18/><E128/><V80/><F39/><W122/><G122/><T120/><D120/><U87/><E121/><V119/><F119/><W92/><G54/><T131/><D131/><U48/><E48/><V130/><F130/><W17/><G75/><T117/><D117/><U108/><E108/><V74/><F74/><W81/><REACH who="3" step="1"/><G107/><REACH who="3" ten="240,250,250,240" step="2"/><T68/><D68/><U73/><E73/><V118/><F105/><W64/><G64/><T70/><D70/><U78/><E52/><V62/><F106/><W14/><G14/><T26/><D26/><U124/><E124/><V116/><F24/><W21/><G21/><T45/><D45/><U12/><E12/><V135/><F25/><W63/><G63/><T1/><D1/><U94/><E43/><V113/><F62/><W93/><G93/><T67/><D67/><U60/><E40/><V96/><F116/><W100/><G100/><T44/><D44/><U61/><E94/><N who="2" m="58519" /><F47/><W88/><G88/><T42/><D42/><U104/><E104/><V53/><F53/><W132/><G132/><T85/><D85/><U5/><E61/><V13/><F118/><RYUUKYOKU ba="0,2" sc="240,15,250,-15,250,-15,240,15" hai0="32,33,35,46,50,55,57,58,79,86,91,95,97" hai3="4,7,9,15,17,23,27,76,81,84,92,99,103" /><INIT seed="0,1,2,0,2,98" ten="255,235,235,255" oya="0" hai0="126,60,2,107,36,79,32,74,12,124,109,90,99" hai1="0,111,89,35,8,46,21,41,51,37,117,69,131" hai2="110,1,48,19,120,93,72,122,52,45,29,92,42" hai3="25,57,70,54,103,44,76,47,7,123,80,78,102"/><T82/><D32/><U40/><E117/><V22/><F1/><W128/><G70/><T31/><D31/><U10/><E35/><V13/><F72/><W94/><G128/><T132/><D132/><U4/><E131/><V115/><F115/><W26/><G7/><T24/><D24/><N who="3" m="9321" /><G123/><T112/><D112/><U3/><E111/><V38/><F110/><W34/><G34/><T27/><D27/><U100/><E69/><V23/><F23/><W14/><G14/><T68/><D109/><U20/><E89/><V55/><F55/><W101/><G94/><T67/><D2/><U121/><E121/><V9/><F22/><W129/><G129/><T133/><D133/><U56/><E56/><V17/><F17/><W91/><G91/><T130/><D130/><U87/><E87/><V114/><F114/><W65/><G65/><T127/><D36/><U85/><E85/><V30/><F120/><W73/><G73/><T64/><D64/><U58/><E58/><V118/><F118/><W15/><G15/><T88/><D12/><U53/><E53/><V83/><F83/><W11/><G11/><T6/><D6/><U134/><E134/><V63/><F122/><W96/><G96/><T71/><D68/><U119/><E119/><V59/><REACH who="2" step="1"/><F38/><REACH who="2" ten="255,235,225,255" step="2"/><W49/><G80/><T105/><REACH who="0" step="1"/><D105/><REACH who="0" ten="245,235,225,255" step="2"/><U135/><E135/><V50/><F50/><W125/><G125/><T18/><D18/><U5/><E51/><V97/><F97/><W43/><G43/><T62/><D62/><U113/><E113/><V66/><F66/><W116/><G116/><T75/><D75/><RYUUKYOKU ba="1,4" sc="245,10,235,-30,225,10,255,10" hai0="60,67,71,74,79,82,88,90,99,107,124,126,127" hai2="9,13,19,29,30,42,45,48,52,59,63,92,93" hai3="44,47,49,54,57,76,78,101,102,103" /><INIT seed="0,2,4,0,3,108" ten="255,205,235,265" oya="0" hai0="11,91,131,4,84,105,98,16,104,52,0,38,19" hai1="43,22,76,111,122,53,86,48,7,120,30,37,72" hai2="75,99,21,89,102,44,118,116,93,41,128,64,17" hai3="129,59,46,25,10,32,126,88,31,69,28,109,14"/><T13/><D38/><U107/><E72/><V39/><F75/><W77/><G69/><T100/><D131/><U33/><E33/><V2/><F2/><W127/><G109/><T6/><D105/><U24/><E111/><V119/><F64/><W20/><G129/><T12/><D52/><U96/><E7/><V5/><F5/><W103/><G77/><T115/><D115/><U23/><E43/><V35/><F35/><W3/><G103/><T55/><D55/><U29/><E37/><V81/><F128/><W57/><G3/><T27/><D27/><U106/><E22/><V54/><F54/><W90/><G32/><T79/><D79/><U56/><E30/><V61/><F61/><W95/><G31/><T85/><D85/><U8/><E8/><V67/><F67/><W70/><G70/><T74/><D74/><U80/><REACH who="1" step="1"/><E96/><REACH who="1" ten="255,195,235,265" step="2"/><V15/><F81/><W113/><G10/><T87/><D87/><U18/><E18/><V125/><F125/><W83/><G20/><T45/><D0/><U60/><E60/><V114/><F114/><W34/><G113/><T124/><D124/><U47/><E47/><V101/><AGARI ba="2,5" hai="15,17,21,39,41,44,89,93,99,101,102,116,118,119" machi="101" ten="40,2700,0" yaku="0,1,12,1" doraHai="108" who="2" fromWho="2" sc="255,-15,195,-9,235,83,265,-9" /><INIT seed="1,0,0,2,2,93" ten="240,186,318,256" oya="1" hai0="8,112,68,63,96,33,125,21,104,61,97,17,129" hai1="122,74,4,60,35,27,2,19,41,79,88,11,12" hai2="82,83,80,106,24,34,91,6,135,45,120,38,15" hai3="13,23,101,31,0,95,66,1,107,121,131,30,109"/><U5/><E122/><V40/><F120/><W62/><G121/><T10/><D112/><U85/><E41/><V114/><F114/><W75/><G75/><T111/><D104/><U43/><E43/><V100/><F135/><W51/><G107/><T117/><D117/><U7/><E60/><N who="0" m="23113" /><D33/><U69/><E69/><V56/><F56/><N who="3" m="37191" /><G1/><T32/><D32/><U127/><E127/><V84/><F6/><W18/><G0/><T25/><D68/><U133/><E133/><V98/><REACH who="2" step="1"/><F15/><REACH who="2" ten="240,186,308,256" step="2"/><N who="3" m="9695" /><G109/><T119/><D111/><U99/><E2/><V113/><F113/><W67/><G131/><T123/><D123/><U126/><E126/><V102/><F102/><W44/><G13/><T89/><D125/><U47/><E47/><V52/><F52/><N who="3" m="29799" /><G67/><T50/><D129/><U108/><E108/><V92/><F92/><W37/><G37/><T16/><D119/><U49/><E12/><V77/><F77/><W134/><G134/><T116/><D116/><U71/><E79/><V58/><F58/><W64/><G64/><T128/><D128/><U14/><E14/><V46/><F46/><W29/><G101/><T87/><D8/><U86/><E71/><V55/><F55/><W118/><G118/><T94/><D10/><U70/><E70/><V105/><F105/><W110/><G110/><T132/><D132/><U76/><E11/><V36/><F36/><W130/><G130/><T9/><D50/><U42/><E76/><V28/><AGARI ba="0,1" hai="24,28,34,38,40,45,80,82,83,84,91,98,100,106" machi="28" ten="30,7900,0" yaku="1,1,0,1,52,1,53,1" doraHai="93" doraHaiUra="39" who="2" fromWho="2" sc="240,-20,186,-39,308,89,256,-20" /><INIT seed="2,0,0,0,0,55" ten="220,147,397,236" oya="2" hai0="21,128,20,25,8,104,14,122,43,114,120,32,127" hai1="92,16,56,113,62,63,49,9,72,19,53,39,33" hai2="35,45,38,0,90,23,6,28,82,115,130,79,12" hai3="86,50,58,80,118,103,74,131,22,111,44,133,64"/><V110/><F115/><W3/><G118/><T65/><D104/><U7/><E113/><V4/><F130/><W68/><G3/><T57/><D114/><U69/><E39/><V24/><F110/><W87/><G131/><T117/><D128/><U60/><E72/><V91/><F35/><W41/><G111/><T105/><D105/><U116/><E116/><V76/><F76/><W67/><G133/><T126/><D43/><U42/><E33/><V85/><F0/><W106/><G68/><T66/><D117/><U52/><E42/><V2/><F2/><W54/><G74/><T123/><D66/><U31/><E31/><V95/><F38/><W51/><G87/><T37/><D37/><U48/><E69/><V10/><F45/><W99/><REACH who="3" step="1"/><G22/><REACH who="3" ten="220,147,397,226" step="2"/><T132/><D132/><U125/><E125/><N who="0" m="47625" /><D32/><U11/><E92/><V77/><F95/><W83/><G83/><T26/><D21/><U5/><REACH who="1" step="1"/><E62/><REACH who="1" ten="220,137,397,226" step="2"/><V36/><F82/><W135/><G135/><T70/><D70/><U27/><E27/><V100/><F24/><W30/><G30/><N who="0" m="17703" /><D26/><U81/><E81/><V71/><F28/><W73/><G73/><T97/><D123/><U59/><AGARI ba="0,2" hai="5,7,9,11,16,19,48,49,52,53,56,59,60,63" machi="59" ten="25,16000,3" yaku="1,1,0,1,22,2,8,1,52,2,54,2,53,0" doraHai="55" doraHaiUra="107" who="1" fromWho="1" sc="220,-40,137,180,397,-80,226,-40" /><INIT seed="3,0,0,1,0,125" ten="180,317,317,186" oya="3" hai0="35,1,111,83,8,30,51,66,119,41,40,102,80" hai1="49,123,101,120,50,134,118,13,67,115,36,22,85" hai2="81,93,89,121,43,15,128,105,90,117,130,77,122" hai3="135,70,100,73,7,108,55,129,127,61,11,110,72"/><W3/><G127/><T59/><D119/><U124/><E36/><V64/><F105/><W97/><G135/><T25/><D111/><N who="3" m="42537" /><G55/><T132/><D132/><U27/><E124/><V44/><F117/><W17/><G17/><T79/><D102/><U52/><E134/><V20/><F64/><N who="3" m="41231" /><G129/><N who="2" m="49769" /><F15/><W39/><G39/><T112/><D112/><U62/><E118/><V48/><F20/><W38/><G38/><T114/><D114/><U113/><E113/><V42/><F42/><W88/><G88/><N who="2" m="33897" /><F93/><AGARI ba="0,0" hai="3,7,11,72,73,93,97,100" m="41231,42537" machi="93" ten="30,2900,0" yaku="14,1,10,1" doraHai="125" who="3" fromWho="2" sc="180,0,317,0,317,-29,186,29" /><INIT seed="3,1,0,3,5,76" ten="180,317,288,215" oya="3" hai0="6,121,104,22,10,87,100,59,115,131,92,3,116" hai1="69,54,117,93,48,128,133,122,110,26,49,71,97" hai2="16,61,36,50,113,27,18,0,98,21,52,40,37" hai3="86,1,126,95,46,119,39,83,35,32,78,123,81"/><W127/><G119/><T75/><D116/><U84/><E117/><V43/><F0/><W103/><G123/><T109/><D121/><U42/><E122/><V55/><F113/><W88/><G1/><T45/><D75/><U23/><E110/><V4/><F4/><W85/><G39/><T80/><D109/><U19/><E128/><V62/><F98/><N who="3" m="59871" /><G46/><T57/><D104/><U15/><E133/><V82/><F82/><W41/><G41/><N who="2" m="15945" /><F36/><W13/><G13/><T106/><D45/><U108/><E108/><V73/><F37/><W24/><G24/><T7/><D106/><U132/><E132/><V63/><F73/><W114/><G114/><T72/><D72/><U68/><E42/><V70/><F70/><W38/><G38/><T28/><D7/><U74/><E74/><V79/><F79/><W53/><G53/><N who="2" m="20553" /><F50/><W89/><G78/><T91/><D115/><U60/><E71/><V17/><AGARI ba="1,0" hai="16,17,18,21,27,61,62,63" m="20553,15945" machi="17" ten="40,5200,0" yaku="8,1,54,2" doraHai="76" who="2" fromWho="2" sc="180,-14,317,-14,288,55,215,-27" owari="166,-33.4,303,10.3,343,44.3,188,-21.2" /></mjloggm>