<mjloggm ver="2.3"><GO type="169" lobby="0"/><UN n0="%E8%8F%85%E7%94%B0%E5%B0%86%E6%9A%89%28%E5%81%BD%E7%89%A9%29" n1="%E6%84%9B%E3%81%AF%E6%AD%A3%E7%BE%A9" n2="%64%69%76%61" n3="%E3%82%B7%E3%83%B3%E3%83%97%E3%83%AB%E3%81%AA%E3%83%AF%E3%82%AD%E3%82%AC" dan="16,16,16,17" rate="2194.73,2099.76,2063.19,2242.12" sx="M,F,M,M"/><TAIKYOKU oya="0"/><INIT seed="0,0,0,1,2,28" ten="250,250,250,250" oya="0" hai0="89,11,54,93,58,18,64,97,31,47,94,107,52" hai1="113,114,105,17,119,85,95,106,26,131,120,56,34" hai2="22,77,63,83,55,96,73,112,86,125,126,71,110" hai3="40,41,37,66,61,48,132,5,124,14,35,23,3"/><T62/><D107/><U57/><E120/><V8/><F112/><N who="1" m="43113" /><E119/><V65/><F110/><W16/><G37/><T36/><D31/><N who="1" m="19831" /><E131/><V32/><F8/><W59/><G132/><T98/><D36/><U123/><E123/><V70/><F70/><W15/><G124/><N who="2" m="47721" /><F96/><W84/><G3/><T81/><D81/><U20/><E105/><V10/><F10/><N who="3" m="4431" /><G35/><T12/><REACH who="0" step="1"/><D47/><REACH who="0" ten="240,250,250,250" step="2"/><U122/><E122/><V103/><F83/><W134/><G134/><T74/><D74/><U2/><E106/><V33/><F73/><W99/><G99/><T51/><D51/><U130/><E130/><V90/><F32/><W50/><G84/><T7/><D7/><U24/><E2/><V1/><F86/><W88/><G88/><AGARI ba="0,1" hai="11,12,18,52,54,58,62,64,88,89,93,94,97,98" machi="88" ten="30,18000,2" yaku="1,1,7,1,9,1,8,1,54,2,53,0" doraHai="28" doraHaiUra="30" who="0" fromWho="3" sc="240,190,250,0,250,0,250,-180" /><AGARI ba="0,0" hai="17,20,24,56,57,85,88,95" m="19831,43113" machi="88" ten="30,3900,0" yaku="11,1,52,1,54,1" doraHai="28" who="1" fromWho="3" sc="430,0,250,39,250,0,70,-39" /><INIT seed="0,1,0,3,4,66" ten="430,289,250,31" oya="0" hai0="3,110,20,68,131,73,34,39,120,85,21,31,16" hai1="42,4,79,123,65,108,112,98,2,91,54,121,118" hai2="87,106,109,70,90,56,77,30,29,100,82,102,97" hai3="27,24,76,104,80,52,78,122,128,28,55,38,105"/><T107/><RYUUKYOKU type="yao9" ba="1,0" sc="430,0,289,0,250,0,31,0" hai0="3,16,20,21,31,34,39,68,73,85,107,110,120,131" /><INIT seed="0,2,0,3,4,111" ten="430,289,250,31" oya="0" hai0="44,8,11,18,55,4,68,31,109,71,112,42,99" hai1="32,86,38,66,22,133,47,102,82,93,74,59,37" hai2="105,67,130,56,26,85,51,114,61,0,30,65,36" hai3="123,41,34,103,116,64,125,52,13,96,87,117,63"/><T97/><D109/><U89/><E32/><V113/><F0/><W101/><G34/><T135/><D135/><U69/><E69/><V14/><F105/><W120/><G13/><T78/><D31/><U77/><E133/><V10/><F130/><W25/><G25/><T91/><D78/><U24/><E47/><V76/><F36/><W53/><G87/><T106/><D106/><U104/><E66/><V75/><F75/><W6/><G6/><T21/><D55/><N who="3" m="21065" /><G101/><T110/><D110/><U94/><E94/><V5/><F67/><W45/><G96/><T119/><D119/><N who="3" m="45641" /><G103/><T126/><D126/><U128/><E128/><V127/><F127/><W43/><G125/><T62/><D62/><U122/><E22/><V131/><F131/><W60/><G60/><T33/><D33/><U79/><E24/><V81/><REACH who="2" step="1"/><F51/><REACH who="2" ten="430,289,240,31" step="2"/><N who="3" m="27055" /><G43/><T28/><D42/><U73/><E104/><V46/><F46/><W115/><G115/><T54/><D44/><U29/><E74/><V12/><F12/><W134/><G134/><T15/><D112/><U70/><E73/><V95/><F95/><W88/><G88/><T35/><D91/><U108/><E93/><V23/><AGARI ba="2,1" hai="5,10,14,23,26,30,56,61,65,76,81,85,113,114" machi="23" ten="20,8000,1" yaku="1,1,0,1,7,1,52,2,53,0" doraHai="111" doraHaiUra="50" who="2" fromWho="2" sc="430,-42,289,-22,240,96,31,-22" /><INIT seed="1,0,0,4,2,67" ten="388,267,336,9" oya="1" hai0="12,63,59,105,8,27,119,20,4,117,106,37,7" hai1="98,40,14,65,25,72,113,99,18,15,122,85,61" hai2="88,50,82,54,75,97,6,92,123,129,118,29,36" hai3="91,102,11,64,69,120,19,130,10,79,39,74,95"/><U124/><E113/><V17/><F123/><W115/><G115/><T38/><D7/><U76/><E122/><V109/><F118/><W94/><G120/><T70/><D70/><U22/><E124/><V31/><F36/><W49/><G39/><T24/><D38/><U3/><E3/><V33/><F33/><W87/><G130/><T26/><D37/><U132/><E132/><V96/><F129/><W89/><G102/><T73/><D73/><U108/><E108/><V128/><F128/><W55/><G74/><T56/><D20/><U107/><E72/><V0/><F109/><W47/><G79/><T21/><D21/><U35/><E40/><V5/><F0/><W58/><G69/><T100/><D59/><U60/><E60/><V134/><F134/><W28/><G28/><N who="2" m="10825" /><F75/><W103/><G103/><T13/><D13/><U16/><E35/><V77/><F97/><N who="1" m="36873" /><E107/><V125/><F125/><W86/><G19/><N who="1" m="7210" /><E61/><AGARI ba="0,0" hai="10,11,47,49,55,58,61,64,86,87,89,91,94,95" machi="61" ten="40,2600,0" yaku="9,1,8,1" doraHai="67" who="3" fromWho="1" sc="388,0,267,-26,336,0,9,26" /><INIT seed="2,0,0,3,0,43" ten="388,241,336,35" oya="2" hai0="24,122,54,14,16,28,59,125,46,85,42,51,10" hai1="36,96,1,29,64,26,120,39,129,82,79,110,66" hai2="114,133,2,23,21,58,38,12,34,74,63,95,81" hai3="65,3,8,71,52,56,117,47,90,35,67,109,112"/><V5/><F114/><W86/><G117/><T108/><D108/><U19/><E110/><V50/><F34/><W123/><G109/><T30/><D125/><U131/><E1/><V7/><F38/><W41/><G123/><T55/><D122/><U75/><E120/><V92/><F133/><W105/><G105/><T118/><D118/><U22/><E39/><V107/><F107/><W102/><G102/><T13/><D24/><U76/><E36/><V134/><F134/><W53/><G71/><T68/><D68/><U25/><E79/><V18/><F2/><W93/><G35/><T70/><D70/><U27/><E96/><V0/><F0/><W111/><G111/><T69/><D69/><U77/><E77/><V91/><F74/><W11/><G112/><T15/><D85/><U73/><E73/><V130/><F130/><N who="1" m="49673" /><E26/><V119/><F81/><W88/><G90/><T89/><D89/><U48/><E48/><V33/><F95/><W100/><G100/><T61/><D42/><U116/><E116/><V44/><F119/><W37/><G53/><T115/><D115/><U101/><E101/><V127/><F127/><W32/><G32/><AGARI ba="0,0" hai="19,22,25,27,29,32,64,66,75,76,82" m="49673" machi="32" ten="30,1000,0" yaku="19,1" doraHai="43" who="1" fromWho="3" sc="388,0,241,10,336,0,35,-10" /><INIT seed="3,0,0,1,0,40" ten="388,251,336,25" oya="3" hai0="127,22,6,105,129,61,123,5,68,48,56,8,14" hai1="27,134,87,63,2,24,75,19,76,98,4,133,109" hai2="119,97,38,1,125,73,111,25,78,102,83,21,66" hai3="124,107,94,33,70,77,86,59,110,44,85,82,36"/><W93/><G70/><T12/><D123/><U3/><E109/><V31/><F111/><W74/><G110/><T114/><D105/><U16/><E75/><V41/><F119/><W69/><G69/><T45/><D68/><U112/><E98/><V101/><F125/><W57/><G107/><T95/><D127/><U11/><E63/><V122/><F122/><W51/><G33/><T128/><D114/><U10/><E76/><V15/><F66/><W20/><G124/><T100/><D22/><U90/><E87/><V26/><F1/><W121/><G121/><T79/><D79/><U67/><E67/><V23/><F15/><N who="0" m="5674" /><D8/><U29/><E90/><V60/><F60/><W7/><G7/><T81/><D81/><U35/><E112/><V52/><F102/><W80/><G36/><T42/><D129/><U104/><E104/><V34/><F38/><W131/><G20/><T53/><D128/><U65/><E65/><V130/><F41/><N who="3" m="24975" /><G74/><T17/><D17/><N who="1" m="6731" /><E27/><V49/><F26/><W58/><G131/><T13/><D13/><N who="1" m="5319" /><E11/><V103/><F130/><W115/><G115/><T47/><D6/><U120/><E120/><V108/><F108/><W50/><G50/><N who="0" m="26935" /><D5/><U30/><E30/><V46/><REACH who="2" step="1"/><F103/><REACH who="2" ten="388,251,326,25" step="2"/><W116/><G116/><T72/><D61/><U32/><E32/><V126/><F126/><W0/><G0/><AGARI ba="0,1" hai="0,2,3,24,29,35,133,134" m="5319,6731" machi="0" ten="30,3900,0" yaku="34,2,54,1" doraHai="40" who="1" fromWho="3" sc="388,0,251,49,326,0,25,-39" owari="388,48.8,300,-10.0,326,12.6,-14,-51.4" /></mjloggm>