<mjloggm ver="2.3"><GO type="169" lobby="0"/><UN n0="%E5%A4%A9%E7%A9%BA%E3%81%AE%E6%8A%80" n1="%E3%82%84%E3%82%89%E3%82%8C%E5%BD%B9" n2="%E8%99%9A%E6%B7%B5%E7%8E%84" n3="%73%61%69%63%68%61%6E%7A" dan="16,17,17,17" rate="2123.23,2150.70,2203.59,2149.58" sx="M,M,M,M"/><TAIKYOKU oya="0"/><BYE who="2" /><INIT seed="0,0,0,3,0,97" ten="250,250,250,250" oya="0" hai0="111,11,28,87,109,91,69,104,55,30,13,14,123" hai1="73,9,102,2,66,131,15,20,19,7,74,72,85" hai2="26,0,24,127,105,27,80,18,5,31,62,59,92" hai3="117,67,34,40,65,108,57,119,114,79,86,35,107"/><T29/><D123/><UN n2="%E8%99%9A%E6%B7%B5%E7%8E%84" /><U96/><E131/><V54/><F54/><W17/><G114/><T61/><D104/><U112/><E66/><V63/><F105/><W98/><G108/><N who="0" m="41547" /><D69/><U36/><E36/><V99/><F127/><W71/><G40/><T42/><D42/><U90/><E112/><V58/><F5/><W33/><G71/><T121/><D121/><U64/><E64/><V48/><F0/><W4/><G4/><N who="0" m="3303" /><D14/><U106/><REACH who="1" step="1"/><E74/><REACH who="1" ten="250,240,250,250" step="2"/><V25/><F31/><BYE who="2" /><W94/><G65/><T133/><D133/><U82/><AGARI ba="0,1" hai="2,7,9,15,19,20,72,73,82,85,90,96,102,106" machi="82" ten="20,12000,2" yaku="1,1,2,1,0,1,7,1,52,1,53,1" doraHai="97" doraHaiUra="3" who="1" fromWho="1" sc="250,-60,240,130,250,-30,250,-30" /><INIT seed="1,0,0,3,0,95" ten="190,370,220,220" oya="1" hai0="45,27,5,82,91,31,20,13,120,57,134,75,14" hai1="17,63,101,135,53,32,129,123,84,62,77,8,47" hai2="132,107,68,38,11,21,55,76,121,86,116,127,60" hai3="94,39,88,7,30,113,106,43,110,109,122,2,105"/><U111/><E123/><V98/><F98/><W42/><G122/><T6/><D120/><U99/><E32/><V90/><F90/><W108/><G113/><UN n2="%E8%99%9A%E6%B7%B5%E7%8E%84" /><T97/><D134/><U4/><E135/><V102/><F121/><W44/><G42/><T118/><D118/><U0/><E129/><V10/><F127/><W25/><G7/><N who="0" m="2571" /><D75/><U74/><E74/><V40/><F21/><W100/><G100/><T54/><D45/><U125/><E125/><V16/><F68/><W24/><G2/><T1/><D1/><U35/><E35/><V70/><F70/><W56/><G56/><T18/><D31/><U104/><E17/><V19/><F38/><W83/><G83/><T87/><D97/><U130/><E111/><V128/><F128/><W50/><G39/><T124/><D124/><U92/><E130/><V58/><F116/><W46/><G46/><T117/><D117/><U28/><E28/><V37/><F37/><W96/><REACH who="3" step="1"/><G24/><REACH who="3" ten="190,370,220,210" step="2"/><T64/><D64/><U49/><E104/><V61/><F107/><W115/><G115/><T79/><D79/><U73/><E77/><V51/><F102/><W71/><G71/><T33/><D33/><AGARI ba="0,1" hai="25,30,33,43,44,50,88,94,96,105,106,108,109,110" machi="33" ten="40,8000,1" yaku="1,1,14,1,52,1,54,1,53,0" doraHai="95" doraHaiUra="69" who="3" fromWho="0" sc="190,-80,370,0,220,0,210,90" /><INIT seed="2,0,0,0,2,29" ten="110,370,220,300" oya="2" hai0="125,32,30,22,34,18,72,4,97,12,67,98,64" hai1="44,94,21,0,49,105,96,23,132,90,124,63,75" hai2="80,50,103,3,112,33,61,42,38,86,40,115,2" hai3="60,107,48,7,73,84,51,14,13,99,41,118,45"/><V52/><F103/><W91/><G73/><T129/><D72/><U106/><E0/><V54/><F38/><W15/><G118/><T82/><D129/><U131/><E75/><V114/><F61/><W113/><G113/><T122/><D122/><U1/><E1/><V59/><F33/><W58/><G51/><T119/><D119/><U130/><E63/><V16/><F54/><W9/><G99/><T89/><D125/><U104/><E132/><V76/><REACH who="2" step="1"/><F16/><REACH who="2" ten="110,370,210,300" step="2"/><W120/><G107/><T133/><D34/><U66/><E106/><V55/><F55/><N who="3" m="33887" /><G120/><T111/><D32/><U117/><E105/><V37/><F37/><W26/><G26/><T39/><D39/><U46/><E104/><V35/><F35/><W77/><G77/><T62/><D62/><U68/><E117/><V93/><F93/><AGARI ba="0,1" hai="7,9,13,14,15,41,45,48,84,91,93" m="33887" machi="93" ten="30,1000,0" yaku="8,1" doraHai="29" who="3" fromWho="2" sc="110,0,370,0,210,-10,300,20" /><INIT seed="3,0,0,2,1,43" ten="110,370,200,320" oya="3" hai0="31,11,134,26,86,59,114,12,124,29,115,34,107" hai1="121,123,111,125,5,108,62,50,129,87,39,10,35" hai2="74,93,7,58,81,75,95,100,21,113,14,19,23" hai3="130,70,91,46,42,67,103,33,96,92,54,104,60"/><W57/><G33/><T53/><D107/><U109/><E39/><V66/><F113/><W77/><G130/><T45/><D134/><U48/><E129/><V0/><F0/><W13/><G77/><T88/><D124/><U55/><E35/><V110/><F7/><W8/><G104/><T52/><D31/><U105/><E105/><V4/><F4/><W68/><G103/><T76/><D76/><U41/><E125/><V78/><F110/><W82/><G82/><T38/><D38/><U89/><E62/><V32/><F32/><W3/><G3/><T22/><D34/><U83/><E41/><V9/><F75/><W127/><G127/><T135/><D135/><U102/><E102/><V101/><F101/><W112/><G112/><N who="0" m="43051" /><D59/><N who="1" m="33255" /><E50/><V24/><F100/><W99/><G99/><T131/><D131/><U117/><E117/><V71/><F71/><W98/><G98/><T126/><D126/><U119/><E119/><V73/><F73/><W49/><REACH who="3" step="1"/><G67/><REACH who="3" ten="110,370,200,310" step="2"/><T85/><D85/><U40/><E40/><V15/><F66/><W72/><G72/><T27/><D86/><U79/><E79/><V28/><F78/><W84/><G84/><T64/><D64/><U17/><E123/><V69/><F74/><W90/><G90/><T1/><D88/><U118/><E118/><V47/><F81/><W61/><G61/><T97/><D97/><U106/><E106/><V6/><F93/><W25/><G25/><T80/><D27/><U36/><E121/><V51/><F95/><W116/><G116/><T133/><D26/><U122/><E122/><V16/><F24/><RYUUKYOKU ba="0,1" sc="110,-10,370,-10,200,-10,310,30" hai3="8,13,42,46,49,54,57,60,68,70,91,92,96" /><INIT seed="3,1,1,0,0,54" ten="100,360,190,340" oya="3" hai0="67,82,43,51,111,25,117,113,10,134,126,40,123" hai1="102,78,76,125,26,35,97,49,2,94,1,74,31" hai2="87,16,7,83,81,47,96,46,130,28,85,133,12" hai3="91,61,128,30,72,114,109,100,106,93,11,33,122"/><W5/><G122/><T23/><D111/><U66/><E125/><V118/><F118/><W92/><G114/><T77/><D113/><U14/><E66/><V105/><F133/><W42/><G109/><T90/><D126/><U38/><E38/><V48/><F130/><W120/><G120/><T131/><D131/><U50/><E14/><V108/><F28/><W73/><G128/><T20/><D134/><U121/><E121/><V127/><F7/><W98/><G42/><T0/><D0/><U57/><E49/><V24/><F24/><W68/><G93/><T95/><D10/><U88/><E102/><V21/><F108/><W41/><G41/><T101/><D101/><U115/><E115/><V80/><F127/><W89/><G89/><T36/><D36/><U15/><E15/><V129/><F129/><W4/><G4/><T6/><D6/><U37/><E37/><V64/><F64/><N who="3" m="40975" /><G92/><T17/><D117/><U135/><E135/><V34/><F34/><W18/><G18/><T39/><D39/><U22/><E35/><V53/><REACH who="2" step="1"/><F47/><REACH who="2" ten="100,360,180,340" step="2"/><W63/><G30/><N who="0" m="17703" /><D123/><U32/><E32/><V13/><F13/><W71/><G33/><T75/><D17/><U132/><E132/><V124/><F124/><W56/><G5/><T86/><D23/><U119/><E119/><V19/><F19/><W3/><G11/><T29/><D29/><U116/><E116/><V52/><F52/><N who="3" m="34183" /><G3/><T45/><D67/><U59/><E1/><V70/><F70/><W8/><G8/><T110/><D110/><U9/><E2/><V107/><F107/><W58/><G71/><RYUUKYOKU ba="1,2" sc="100,15,360,-15,180,15,340,-15" hai0="40,43,45,51,75,77,82,86,90,95" hai2="12,16,21,46,48,53,80,81,83,85,87,96,105" /><INIT seed="4,2,2,1,5,114" ten="115,345,195,325" oya="0" hai0="64,128,102,55,120,24,133,50,46,131,59,115,73" hai1="116,16,110,99,69,18,35,91,94,8,93,52,20" hai2="49,29,2,11,109,1,0,3,44,76,82,129,25" hai3="27,67,48,68,103,95,66,15,92,45,6,86,12"/><T105/><D120/><U33/><E116/><V26/><F109/><W127/><G127/><T125/><D73/><U100/><E110/><V31/><F129/><N who="0" m="49738" /><D125/><U58/><E69/><V19/><F3/><W90/><G27/><T88/><D115/><U63/><E8/><V51/><F11/><N who="3" m="4215" /><G68/><T70/><D70/><U83/><E83/><V96/><F96/><N who="3" m="59783" /><G15/><T61/><D133/><U43/><E43/><AGARI ba="2,2" hai="43,45,48,66,67,86,90,95" m="59783,4215" machi="43" ten="30,1000,0" yaku="8,1" doraHai="114" who="3" fromWho="1" sc="115,0,345,-16,195,0,325,36" /><INIT seed="5,0,0,5,1,57" ten="115,329,195,361" oya="1" hai0="87,117,49,129,93,84,75,85,29,79,98,41,6" hai1="62,96,34,17,51,65,77,31,110,100,90,5,42" hai2="12,122,123,104,132,47,27,40,130,38,55,18,25" hai3="135,16,1,11,8,68,52,86,60,131,105,76,99"/><U44/><E110/><V91/><F104/><W23/><G135/><T22/><D129/><U3/><E77/><V114/><F130/><W48/><G131/><T74/><D6/><U46/><E90/><V124/><F132/><W95/><G1/><T80/><D117/><U121/><E121/><V73/><F73/><N who="0" m="27658" /><D49/><U71/><E17/><V133/><F124/><W32/><G32/><T50/><D50/><U56/><E5/><V19/><F133/><W64/><G105/><T37/><D41/><U72/><E72/><V35/><F114/><W120/><G120/><T14/><D14/><U66/><E3/><V4/><F4/><W24/><G86/><N who="0" m="48415" /><D37/><U127/><E127/><V118/><F118/><W69/><G69/><T88/><D22/><U92/><E46/><V94/><F35/><W107/><G107/><T7/><D29/><U28/><E34/><V83/><F18/><W43/><G76/><T10/><D10/><U70/><E56/><V113/><F123/><W97/><G43/><T115/><D7/><U21/><E21/><V111/><F40/><W0/><G0/><T89/><D115/><U54/><E42/><V78/><F113/><W33/><G33/><T39/><D39/><U128/><E128/><V106/><F38/><W26/><G26/><T9/><D9/><U134/><E134/><V116/><F27/><W45/><G99/><T61/><D61/><AGARI ba="0,0" hai="28,31,44,51,54,61,62,65,66,70,71,92,96,100" machi="61" ten="40,7700,0" yaku="9,1,52,2" doraHai="57" who="1" fromWho="0" sc="115,-77,329,77,195,0,361,0" /><INIT seed="5,1,0,4,0,76" ten="38,406,195,361" oya="1" hai0="127,3,42,126,120,118,81,7,78,100,58,89,18" hai1="107,67,85,101,125,26,41,75,63,56,103,131,46" hai2="62,40,133,4,52,98,45,29,28,112,33,92,49" hai3="8,95,70,25,135,71,15,19,113,86,59,91,121"/><U79/><E75/><V104/><F104/><W55/><G121/><T111/><D42/><U50/><E131/><V44/><F133/><W102/><G113/><T130/><D58/><U17/><E107/><V20/><F33/><W84/><G135/><T22/><D22/><N who="1" m="13647" /><E125/><V129/><F4/><W10/><G102/><T21/><D21/><U68/><E68/><V73/><F73/><W96/><G25/><T35/><D35/><U82/><AGARI ba="1,0" hai="41,46,50,56,63,67,79,82,85,101,103" m="13647" machi="82" ten="30,3000,0" yaku="8,1,52,1" doraHai="76" who="1" fromWho="1" sc="38,-11,406,33,195,-11,361,-11" /><INIT seed="5,2,0,1,3,100" ten="27,439,184,350" oya="1" hai0="24,67,12,68,92,122,44,113,88,19,114,118,14" hai1="119,37,63,7,1,43,33,82,93,135,54,40,69" hai2="80,71,20,98,27,22,81,99,46,78,50,53,115" hai3="85,41,4,109,89,5,77,129,101,10,73,38,90"/><U16/><E119/><V66/><F115/><W23/><G109/><T130/><D118/><U132/><E33/><V126/><F126/><W105/><G129/><T35/><D130/><U79/><E93/><V18/><F71/><W60/><G23/><T97/><D122/><U21/><E7/><V8/><F66/><W84/><G60/><T86/><D67/><U112/><E1/><V128/><F128/><W123/><G123/><T48/><D68/><U95/><E95/><V3/><F80/><W131/><G131/><T83/><D35/><U116/><E116/><V76/><F76/><W72/><G41/><T2/><D24/><U64/><E54/><V121/><F121/><W59/><G59/><T29/><D29/><U17/><E17/><V56/><F3/><W70/><G70/><T13/><D2/><U133/><E37/><V30/><F8/><W104/><G38/><T127/><D127/><U25/><E112/><V74/><F56/><W65/><G65/><T58/><D58/><U108/><E108/><V102/><F102/><W61/><G61/><T75/><D75/><AGARI ba="2,0" hai="16,21,25,40,43,63,64,69,75,79,82,132,133,135" machi="75" ten="40,3900,0" yaku="20,1,54,1" doraHai="100" who="1" fromWho="0" sc="27,-45,439,45,184,0,350,0" owari="-18,-51.8,484,58.4,184,-21.6,350,15.0" /></mjloggm>