<mjloggm ver="2.3"><GO type="169" lobby="0"/><UN n0="%53%69%6C%76%65%72%44%46" n1="%6B%75%72%69%73%75" n2="%E3%83%AD%E3%83%99%E3%83%AB%E3%82%BF%E3%81%95%E3%82%93%EF%BC%A0" n3="%E3%82%BF%E3%82%A4%E4%BA%BA%EF%BC%A0%E3%83%90%E3%83%B3%E3%82%B3%E3%82%AF" dan="17,16,16,16" rate="2217.87,2148.32,2144.93,2152.39" sx="M,F,F,M"/><TAIKYOKU oya="0"/><INIT seed="0,0,0,3,0,76" ten="250,250,250,250" oya="0" hai0="34,25,23,68,66,133,96,88,115,129,4,44,14" hai1="20,10,99,114,62,97,98,29,123,127,30,39,7" hai2="119,42,104,75,105,0,16,57,89,27,126,11,135" hai3="103,131,13,95,84,91,120,102,12,48,31,87,73"/><T55/><D115/><U52/><E123/><V64/><F135/><W111/><G73/><T5/><D133/><U2/><E39/><V58/><F126/><W51/><G111/><T132/><D132/><U28/><E127/><V19/><F75/><W118/><G118/><T35/><D129/><U53/><E114/><V108/><F89/><W109/><G109/><T21/><D66/><U81/><E20/><V112/><F64/><W61/><G61/><T79/><D68/><U6/><E6/><V36/><F11/><W83/><G31/><T134/><D79/><U85/><REACH who="1" step="1"/><E62/><REACH who="1" ten="250,240,250,250" step="2"/><V18/><F36/><W49/><G120/><T65/><D23/><U69/><E69/><V130/><F112/><W8/><G131/><T90/><D4/><U40/><E40/><V116/><F42/><W37/><G37/><T33/><D5/><U67/><E67/><V46/><F130/><W1/><G1/><T54/><D65/><U121/><E121/><V125/><F0/><W117/><G117/><T124/><D124/><U17/><E17/><V41/><F18/><N who="3" m="8455" /><G13/><T50/><D14/><U82/><E82/><V107/><F125/><W47/><G47/><T101/><D134/><U106/><E106/><V26/><F105/><W32/><G32/><T72/><D55/><U59/><E59/><V63/><F108/><W80/><G95/><N who="0" m="58527" /><D21/><U24/><E24/><V45/><F63/><W3/><G3/><T86/><D25/><U78/><AGARI ba="0,1" hai="2,7,10,28,29,30,52,53,78,81,85,97,98,99" machi="78" ten="30,12000,2" yaku="1,1,0,1,52,1,54,1,53,3" doraHai="76" doraHaiUra="93" who="1" fromWho="1" sc="250,-60,240,130,250,-30,250,-30" /><INIT seed="1,0,0,4,2,69" ten="190,370,220,220" oya="1" hai0="19,39,51,131,59,1,67,77,74,37,124,17,16" hai1="133,100,57,49,36,5,26,68,89,35,79,135,92" hai2="90,47,45,81,43,91,58,22,56,64,31,110,61" hai3="96,33,123,30,84,126,6,116,95,38,85,34,12"/><U0/><E68/><V87/><F110/><W130/><G123/><T75/><D1/><U24/><E100/><V119/><F119/><W125/><G116/><T9/><D131/><U86/><E79/><V53/><F90/><W46/><G130/><T7/><D124/><N who="3" m="47721" /><G12/><T93/><D93/><U112/><E112/><V42/><F22/><W20/><G20/><T99/><D99/><U55/><E36/><V114/><F31/><W71/><G6/><T73/><D77/><U21/><E35/><N who="3" m="13322" /><G30/><T29/><D29/><U111/><E111/><V106/><F106/><W120/><G120/><T122/><D122/><U70/><E70/><V115/><F45/><W63/><G63/><T109/><D109/><U32/><E32/><V65/><F65/><W117/><G71/><T80/><D80/><U107/><E107/><V2/><F2/><W4/><G4/><T104/><D104/><U3/><E24/><V15/><F15/><W88/><G117/><T108/><D108/><U118/><E118/><V8/><F8/><W82/><G82/><T98/><D67/><U76/><E5/><V83/><F83/><W128/><G128/><T27/><D27/><U105/><E105/><V62/><REACH who="2" step="1"/><F42/><AGARI ba="0,0" hai="38,42,46,84,85,88,95,96" m="13322,47721" machi="42" ten="30,3900,0" yaku="18,1,52,1,54,1" doraHai="69" who="3" fromWho="2" sc="190,0,370,0,220,-39,220,39" /><INIT seed="2,0,0,0,5,36" ten="190,370,181,259" oya="2" hai0="56,59,97,132,7,19,80,57,68,103,5,130,13" hai1="46,78,106,101,12,114,122,4,92,90,58,27,88" hai2="49,34,85,10,69,100,66,72,118,31,102,119,16" hai3="82,42,60,95,74,24,111,91,109,129,98,52,28"/><V37/><F72/><W25/><G129/><T89/><D68/><U33/><E114/><V134/><F134/><W71/><G71/><T125/><D130/><U40/><E122/><V126/><F37/><W54/><G25/><T121/><D121/><U76/><E106/><V53/><F126/><W87/><G74/><T26/><D26/><U133/><E133/><V110/><F31/><W67/><G67/><T30/><D30/><U15/><E27/><V38/><F38/><W70/><G70/><T124/><D132/><U1/><E33/><V128/><F34/><W77/><G42/><T93/><D124/><U81/><E101/><V84/><F128/><W9/><G9/><T45/><D45/><U44/><E58/><V105/><F110/><N who="3" m="41995" /><G60/><T104/><D125/><U32/><E32/><AGARI ba="0,0" hai="24,28,32,52,54,77,82,87,91,95,98" m="41995" machi="32" ten="30,2000,0" yaku="14,1,54,1" doraHai="36" who="3" fromWho="1" sc="190,0,370,-20,181,0,259,20" /><INIT seed="3,0,0,0,1,125" ten="190,350,181,279" oya="3" hai0="19,79,122,111,118,129,130,53,70,104,38,35,105" hai1="94,85,110,68,91,92,116,2,71,52,66,15,25" hai2="131,16,89,39,58,76,50,59,61,128,86,8,30" hai3="40,47,37,108,96,124,113,4,112,32,11,14,60"/><W114/><G32/><T34/><D118/><U21/><E2/><V1/><F39/><W6/><G124/><T22/><D122/><U31/><E110/><V101/><F101/><W78/><G108/><T74/><D111/><U10/><E116/><V123/><F123/><W103/><G78/><T12/><D70/><U100/><E66/><V63/><F76/><W27/><G27/><T93/><D38/><U23/><E23/><V88/><F30/><W9/><G60/><T56/><D93/><U98/><REACH who="1" step="1"/><E52/><REACH who="1" ten="190,340,181,279" step="2"/><N who="2" m="32023" /><F1/><W95/><REACH who="3" step="1"/><G113/><REACH who="3" ten="190,340,181,269" step="2"/><T48/><D35/><U18/><AGARI ba="0,2" hai="10,15,18,21,25,31,68,71,85,91,92,94,98,100" machi="18" ten="20,2700,0" yaku="1,1,0,1,7,1,53,0" doraHai="125" doraHaiUra="120" who="1" fromWho="1" sc="190,-7,340,47,181,-7,269,-13" /><INIT seed="4,0,0,4,0,110" ten="183,387,174,256" oya="0" hai0="20,6,86,21,120,91,8,103,64,129,2,100,27" hai1="77,62,32,70,73,94,26,128,39,57,29,47,58" hai2="43,117,104,90,111,5,69,24,124,135,78,97,98" hai3="53,41,13,40,23,109,67,37,54,96,42,15,81"/><T0/><D120/><U31/><E70/><V50/><F69/><W82/><G109/><T25/><D129/><U102/><E128/><V49/><F5/><W60/><G37/><T89/><D64/><U133/><E133/><V11/><F11/><W55/><G96/><T118/><D118/><U74/><E29/><V46/><F24/><W132/><G132/><T44/><D44/><U134/><E58/><V34/><F34/><W16/><REACH who="3" step="1"/><G13/><REACH who="3" ten="183,387,174,246" step="2"/><T35/><D0/><U107/><E39/><V59/><F111/><W65/><G65/><T66/><D66/><U51/><E134/><V95/><F98/><W33/><G33/><T87/><D35/><U113/><E32/><V122/><F97/><W28/><G28/><T76/><D103/><U7/><E31/><V19/><F135/><W1/><G1/><T56/><D100/><U71/><E102/><V93/><F117/><W3/><G3/><T80/><D2/><U125/><E107/><V79/><F104/><W123/><G123/><T48/><D27/><U17/><E26/><V61/><F122/><W105/><G105/><T52/><D25/><U63/><E125/><V30/><F30/><W75/><G75/><T112/><D86/><U45/><E74/><V85/><F85/><W83/><G83/><T126/><D126/><U22/><E73/><V88/><F124/><W10/><G10/><T12/><REACH who="0" step="1"/><D112/><REACH who="0" ten="173,387,174,246" step="2"/><U68/><E113/><V4/><F46/><W38/><G38/><T14/><D14/><U108/><E47/><V9/><F59/><AGARI ba="0,2" hai="15,16,23,40,41,42,53,54,55,59,60,67,81,82" machi="59" ten="40,5200,0" yaku="1,1,8,1,54,1,53,0" doraHai="110" doraHaiUra="127" who="3" fromWho="2" sc="173,0,387,0,174,-52,246,72" /><INIT seed="5,0,0,0,3,37" ten="173,387,122,318" oya="1" hai0="81,54,53,126,56,20,114,50,5,131,117,94,9" hai1="112,109,32,113,34,120,70,61,46,86,59,110,2" hai2="73,65,122,88,66,13,78,8,14,118,0,128,82" hai3="57,107,103,19,11,75,79,101,39,4,119,31,6"/><U116/><E2/><V71/><F128/><W33/><G119/><T68/><D114/><N who="1" m="44139" /><E70/><V89/><F122/><W55/><G31/><T135/><D131/><U100/><E120/><V25/><F118/><W129/><G33/><N who="1" m="12906" /><E116/><V7/><F25/><W15/><G107/><T16/><D126/><U87/><E100/><V84/><F89/><W104/><G104/><T106/><D106/><U51/><E87/><V18/><F71/><W72/><G72/><T124/><D124/><U38/><E86/><V58/><F58/><W44/><G79/><T30/><D68/><U67/><E38/><V85/><F0/><W99/><G75/><T69/><D69/><U27/><E27/><V23/><REACH who="2" step="1"/><F73/><REACH who="2" ten="173,387,112,318" step="2"/><W42/><G129/><T97/><D117/><U10/><E110/><V24/><F24/><W3/><G3/><T41/><D56/><U17/><E109/><V63/><F63/><W29/><G103/><T22/><D30/><U133/><E61/><V64/><F64/><W108/><G29/><T45/><D135/><U60/><E133/><V35/><F35/><W49/><G108/><T62/><D62/><U12/><E60/><V40/><F40/><W123/><G123/><T74/><D41/><N who="1" m="25039" /><E67/><V134/><F134/><W93/><AGARI ba="0,1" hai="4,6,11,15,19,39,42,44,49,55,57,93,99,101" machi="93" ten="20,2700,0" yaku="0,1,7,1,52,1" doraHai="37" who="3" fromWho="3" sc="173,-7,387,-13,112,-7,318,37" /><INIT seed="6,0,0,2,0,91" ten="166,374,105,355" oya="2" hai0="79,10,124,27,29,99,28,134,42,1,15,70,76" hai1="77,86,108,53,118,50,75,64,47,81,96,48,132" hai2="129,107,121,62,103,14,21,127,49,66,92,51,56" hai3="117,112,36,55,113,87,60,101,93,110,120,94,83"/><V89/><F129/><W131/><G117/><T88/><D70/><U126/><E108/><V37/><F127/><W43/><G110/><T59/><D1/><U84/><E118/><V39/><F121/><W26/><G120/><T80/><D124/><U128/><E126/><V63/><F103/><W46/><G131/><T44/><D134/><U6/><E128/><V73/><F107/><W30/><G101/><T40/><D59/><U65/><E132/><V13/><F73/><W24/><G24/><T122/><D122/><U23/><E6/><V74/><F74/><W105/><G105/><T97/><D29/><U90/><E96/><V98/><F63/><W104/><G104/><T45/><D99/><U106/><E106/><V38/><REACH who="2" step="1"/><F13/><REACH who="2" ten="166,374,95,355" step="2"/><W7/><G60/><T82/><D15/><U69/><E75/><V16/><AGARI ba="0,1" hai="14,16,21,37,38,39,49,51,56,62,66,89,92,98" machi="16" ten="40,12000,1" yaku="1,1,2,1,0,1,52,1,54,1,53,0" doraHai="91" doraHaiUra="31" who="2" fromWho="2" sc="166,-40,374,-40,95,130,355,-40" /><INIT seed="6,1,0,3,2,7" ten="126,334,225,315" oya="2" hai0="28,111,89,37,131,71,49,88,105,123,39,130,13" hai1="73,2,43,15,4,99,52,90,64,81,79,51,23" hai2="102,44,72,78,125,26,31,16,55,76,74,35,10" hai3="68,9,6,56,57,46,30,20,47,38,116,129,18"/><V119/><F119/><W112/><G68/><T61/><D105/><U42/><E2/><V45/><F125/><W33/><G116/><T5/><D123/><U19/><E64/><V53/><F102/><W0/><G129/><N who="0" m="49163" /><D111/><U113/><E4/><V115/><F115/><W34/><G112/><T24/><D49/><U62/><E62/><V84/><F45/><N who="3" m="16907" /><G34/><N who="0" m="20743" /><D61/><U122/><E122/><V128/><F128/><W82/><G82/><T95/><D71/><U17/><E113/><V22/><F35/><W54/><G54/><N who="2" m="20489" /><F72/><W86/><G86/><N who="0" m="52631" /><D89/><U83/><E83/><N who="2" m="47223" /><F44/><W12/><G38/><T65/><D65/><U114/><E114/><V21/><F76/><W75/><G75/><T1/><D1/><U121/><E121/><V29/><F74/><W97/><G97/><T106/><D106/><U41/><E99/><V70/><F70/><W50/><G50/><T93/><D93/><U124/><E51/><V133/><F133/><W96/><G96/><T134/><D134/><U107/><E73/><V91/><F91/><W100/><G100/><T11/><AGARI ba="1,0" hai="5,11,13,37,39" m="52631,20743,49163" machi="11" ten="30,4000,0" yaku="19,1,52,1,54,1" doraHai="7" who="0" fromWho="0" sc="126,43,334,-11,225,-21,315,-11" /><INIT seed="7,0,0,1,5,130" ten="169,323,204,304" oya="3" hai0="46,23,47,123,27,39,43,17,19,11,98,28,109" hai1="9,50,38,53,58,121,44,12,74,113,64,18,14" hai2="124,67,132,117,125,4,49,72,93,102,112,60,57" hai3="15,1,99,80,30,107,3,103,24,84,88,108,55"/><W101/><G101/><T86/><D123/><U2/><E121/><V115/><F72/><W97/><G97/><T10/><D109/><U81/><E2/><V32/><F32/><W33/><G108/><T7/><D10/><U63/><E113/><N who="2" m="43595" /><F4/><W59/><G15/><T22/><D22/><U0/><E0/><V133/><F117/><W122/><G122/><T8/><D8/><U73/><E81/><V61/><F93/><W118/><G118/><T126/><D126/><N who="2" m="48746" /><F102/><W94/><G107/><T51/><D98/><U106/><E106/><V66/><F49/><AGARI ba="0,0" hai="1,3,24,30,33,49,55,59,80,84,88,94,99,103" machi="49" ten="30,2900,0" yaku="7,1,54,1" doraHai="130" who="3" fromWho="2" sc="169,0,323,0,204,-29,304,29" owari="169,-33.1,323,12.3,175,-22.5,333,43.3" /></mjloggm>