<mjloggm ver="2.3"><GO type="169" lobby="0"/><UN n0="%E3%83%A9%E3%83%B3%E3%82%B9%E3%83%AD%E3%83%83%E3%83%88" n1="%E5%B2%A9%E4%B8%8A%E9%80%9A%E3%82%8A" n2="%6B%61%74%65%72%69%6E%61" n3="%44%61%6C%69" dan="17,16,16,17" rate="2082.42,2112.89,2118.28,2192.08" sx="M,M,M,M"/><TAIKYOKU oya="0"/><INIT seed="0,0,0,4,4,24" ten="250,250,250,250" oya="0" hai0="132,112,39,59,31,4,26,37,110,40,85,70,88" hai1="75,15,22,113,93,38,72,21,76,33,17,133,83" hai2="34,30,10,90,105,134,57,9,79,119,28,55,77" hai3="130,116,114,20,0,11,98,65,107,125,1,3,91"/><T62/><D112/><U97/><E33/><V7/><F105/><W123/><G114/><T51/><D70/><U23/><E38/><V121/><F121/><W69/><G116/><T64/><D4/><U71/><E71/><V96/><F134/><W2/><G130/><T68/><D132/><U6/><E113/><V42/><F42/><W86/><G125/><T129/><D129/><U61/><E133/><V16/><F34/><W100/><G123/><T101/><D101/><U29/><E72/><V46/><F46/><W48/><G11/><N who="2" m="4105" /><F7/><W63/><N who="3" m="0" /><DORA hai="81" /><W60/><G60/><T128/><D110/><U8/><E61/><N who="2" m="36031" /><F16/><W14/><G48/><T127/><D127/><U80/><E80/><V56/><F56/><W109/><G14/><T82/><D128/><U35/><E35/><V120/><F120/><W115/><G115/><T92/><D82/><U36/><E36/><V124/><F119/><W104/><G109/><T27/><D27/><U95/><E6/><V45/><F45/><W50/><G50/><T32/><REACH who="0" step="1"/><D59/><REACH who="0" ten="240,250,250,250" step="2"/><U18/><E18/><V52/><F124/><W74/><G100/><T49/><D49/><U106/><E106/><V41/><F41/><W5/><G104/><T73/><D73/><U44/><E44/><AGARI ba="0,1" hai="26,31,32,37,39,40,44,51,62,64,68,85,88,92" machi="44" ten="40,18000,2" yaku="1,1,52,2,54,1,53,2" doraHai="24,81" doraHaiUra="47,67" who="0" fromWho="1" sc="240,190,250,-180,250,0,250,0" /><INIT seed="0,1,0,0,2,81" ten="430,70,250,250" oya="0" hai0="134,2,7,20,13,3,112,38,19,65,84,86,79" hai1="89,92,70,34,41,127,50,108,60,110,54,100,116" hai2="33,83,16,101,14,0,42,24,45,51,93,123,118" hai3="71,18,107,132,56,68,4,77,78,52,133,113,66"/><T102/><D112/><U58/><E34/><V32/><F123/><W21/><G107/><T104/><D38/><U121/><E100/><V43/><F0/><W37/><G4/><T55/><D65/><U9/><E121/><V131/><F131/><W5/><G5/><T8/><D134/><N who="3" m="51817" /><G37/><T44/><D2/><U30/><E30/><V126/><F126/><W128/><G113/><T114/><D114/><U29/><E29/><V67/><F118/><W46/><G46/><T130/><D130/><U111/><E116/><V63/><F43/><W80/><G66/><T91/><D79/><N who="3" m="30217" /><G80/><T99/><REACH who="0" step="1"/><D91/><REACH who="0" ten="420,70,250,250" step="2"/><U64/><E127/><V6/><F67/><W49/><G128/><T69/><D69/><U15/><E41/><V115/><F42/><W22/><G22/><T59/><D59/><U36/><E36/><V35/><F115/><W23/><G23/><T85/><D85/><U109/><E109/><V94/><F35/><W26/><AGARI ba="1,1" hai="18,21,26,49,52,56,68,71" m="30217,51817" machi="26" ten="30,2000,0" yaku="20,1,54,1" doraHai="81" who="3" fromWho="3" sc="420,-11,70,-6,250,-6,250,33" /><INIT seed="1,0,0,1,5,10" ten="409,64,244,283" oya="1" hai0="86,17,91,69,87,108,65,90,123,131,26,115,129" hai1="70,130,53,3,24,31,109,83,94,128,2,41,36" hai2="81,68,110,15,30,51,47,43,104,4,133,114,111" hai3="27,135,9,32,28,12,19,60,58,74,132,112,77"/><U125/><E70/><V102/><F68/><W44/><G112/><T62/><D115/><U6/><E125/><V49/><F114/><W93/><G77/><T42/><D108/><N who="2" m="41514" /><F133/><W61/><G74/><T127/><D127/><U92/><E109/><V7/><F30/><W73/><G73/><T121/><D42/><U76/><E53/><V23/><F81/><W96/><G44/><T13/><D26/><U105/><E105/><V8/><F23/><W103/><REACH who="3" step="1"/><G61/><REACH who="3" ten="409,64,244,273" step="2"/><T33/><D62/><U52/><E76/><V124/><F124/><W113/><G113/><T126/><D126/><U14/><E130/><V107/><F51/><W16/><G16/><T100/><D17/><U122/><E128/><V63/><F63/><W29/><G29/><T116/><D129/><U59/><E122/><V106/><F7/><W48/><G48/><T39/><D131/><U71/><E36/><V40/><F43/><W95/><G95/><T37/><D37/><U72/><E41/><V67/><F67/><AGARI ba="0,1" hai="9,12,19,27,28,32,58,60,67,93,96,103,132,135" machi="67" ten="40,2600,0" yaku="1,1,52,1,53,0" doraHai="10" doraHaiUra="64" who="3" fromWho="2" sc="409,0,64,0,244,-26,273,36" /><INIT seed="2,0,0,1,0,21" ten="409,64,218,309" oya="2" hai0="101,110,123,63,68,20,91,84,16,24,85,108,69" hai1="119,61,117,109,126,73,18,106,53,17,94,89,74" hai2="80,107,102,43,66,70,65,75,2,52,57,104,114" hai3="55,130,8,19,81,58,87,121,128,37,23,90,77"/><V56/><F2/><W27/><G37/><T131/><D123/><U6/><E106/><V62/><F114/><W46/><G121/><T48/><D101/><U0/><E109/><N who="0" m="42089" /><D131/><U98/><E126/><V41/><F70/><N who="0" m="27242" /><D63/><U45/><E74/><V88/><F66/><W124/><G124/><T30/><D91/><U49/><E73/><V12/><F12/><W97/><G46/><T99/><D99/><U67/><E6/><V133/><F133/><W33/><G33/><N who="0" m="20679" /><D48/><U100/><E0/><V71/><F71/><W111/><G111/><T120/><D120/><U95/><E117/><V105/><F102/><W47/><G47/><T59/><D59/><U32/><E32/><V82/><F82/><W4/><G97/><T22/><D22/><U86/><E119/><V129/><F129/><W9/><G90/><T40/><D40/><U78/><REACH who="1" step="1"/><E78/><REACH who="1" ten="409,54,218,309" step="2"/><V51/><REACH who="2" step="1"/><F75/><REACH who="2" ten="409,54,208,309" step="2"/><W92/><G128/><T60/><D60/><U14/><E14/><AGARI ba="0,2" hai="14,16,20,84,85" m="20679,27242,42089" machi="14" ten="30,3900,0" yaku="14,1,52,1,54,1" doraHai="21" who="0" fromWho="1" sc="409,59,54,-39,208,0,309,0" /><INIT seed="3,0,0,0,5,53" ten="468,15,208,309" oya="3" hai0="127,83,131,18,101,22,40,98,14,108,51,78,23" hai1="81,118,76,129,99,0,34,92,59,133,117,100,114" hai2="46,105,70,116,94,111,31,113,124,62,72,115,55" hai3="61,71,2,82,25,36,30,135,79,10,97,15,63"/><W43/><G2/><T41/><D108/><U120/><E34/><V8/><F105/><W47/><G135/><T68/><D68/><U33/><E33/><V9/><F72/><W132/><G71/><T12/><D131/><U13/><E0/><V65/><F116/><W7/><G97/><T54/><D127/><U102/><E13/><V134/><F124/><W37/><G132/><T67/><D67/><U89/><E133/><V19/><F134/><W106/><G106/><T126/><D126/><U58/><E114/><V87/><F111/><W74/><G37/><T112/><D112/><U3/><E3/><V125/><F125/><W110/><G110/><T35/><D35/><AGARI ba="0,0" hai="7,10,15,25,30,35,36,43,47,61,63,74,79,82" machi="35" ten="30,1500,0" yaku="7,1" doraHai="53" who="3" fromWho="0" sc="468,-15,15,0,208,0,309,15" /><INIT seed="3,1,0,1,4,72" ten="453,15,208,324" oya="3" hai0="27,102,45,123,105,50,30,63,103,86,67,125,90" hai1="91,49,29,118,59,108,6,68,101,81,114,8,80" hai2="83,58,95,5,20,52,115,99,35,69,24,107,43" hai3="47,85,75,10,117,126,40,17,18,70,74,128,48"/><W98/><G117/><T100/><D125/><U38/><E68/><V76/><F115/><W55/><G70/><T92/><D123/><U134/><E38/><V56/><F69/><W71/><G128/><T109/><D109/><U25/><E108/><V54/><F107/><W21/><G126/><T113/><D113/><U119/><E134/><V31/><F43/><W9/><G71/><T44/><D44/><U73/><E101/><V84/><F5/><W106/><G75/><T124/><D124/><U41/><E114/><V39/><F39/><W36/><G74/><T19/><D19/><U78/><E91/><V12/><F12/><W77/><G98/><T121/><D121/><U0/><E81/><V110/><F110/><W122/><G106/><T51/><D45/><U23/><REACH who="1" step="1"/><E59/><REACH who="1" ten="453,5,208,324" step="2"/><N who="2" m="22571" /><F35/><W3/><G36/><T42/><D105/><U112/><E112/><V93/><F93/><W89/><G89/><AGARI ba="1,1" hai="20,24,31,52,54,76,83,84,89,95,99" m="22571" machi="89" ten="30,3900,0" yaku="8,1,52,1,54,1" doraHai="72" who="2" fromWho="3" sc="453,0,5,0,208,52,324,-42" /><INIT seed="4,0,0,1,1,97" ten="453,5,260,282" oya="0" hai0="39,0,89,16,43,76,24,100,18,86,81,91,71" hai1="75,88,51,134,69,79,102,6,129,119,60,132,42" hai2="37,36,15,30,80,94,77,92,111,3,20,59,90" hai3="26,121,13,27,128,125,73,44,49,112,68,104,127"/><T118/><D118/><U107/><E119/><V56/><F3/><W48/><G121/><T29/><D71/><U96/><E129/><V28/><F111/><W12/><G73/><T35/><D0/><U34/><E6/><V72/><F15/><W47/><G68/><T25/><D39/><U8/><E8/><V84/><F92/><W61/><G61/><T106/><D43/><U22/><E22/><V114/><F114/><W40/><G104/><T85/><D76/><U109/><E109/><V98/><F72/><W52/><G112/><T31/><D106/><U124/><E124/><N who="3" m="47690" /><G128/><T70/><D70/><U126/><E126/><V63/><F59/><W55/><G40/><T19/><D100/><U4/><E4/><V7/><F7/><W45/><G44/><T110/><D110/><U66/><E88/><V113/><F113/><W130/><G130/><T38/><D38/><U101/><E101/><V133/><F133/><W93/><G93/><T65/><D65/><U5/><E5/><V103/><F77/><W87/><G87/><T105/><D105/><U33/><E51/><V83/><F83/><W115/><G115/><T32/><D19/><U116/><E42/><V1/><F1/><W54/><G54/><T78/><D78/><U123/><E116/><V21/><F36/><W11/><G11/><T41/><D41/><U57/><E57/><V46/><F46/><W2/><G2/><T9/><D9/><U53/><E53/><N who="2" m="34191" /><F37/><W99/><G99/><T67/><D67/><U64/><E64/><V120/><F120/><W135/><G135/><N who="1" m="51754" /><E123/><V10/><F10/><RYUUKYOKU ba="0,0" sc="453,0,5,0,260,0,282,0" hai0="16,18,24,25,29,31,32,35,81,85,86,89,91" hai1="33,34,60,66,69,75,79,96,102,107" hai2="20,21,28,30,80,84,90,94,98,103" hai3="12,13,26,27,45,47,48,49,52,55" /><INIT seed="4,1,0,2,3,44" ten="453,5,260,282" oya="0" hai0="40,126,80,65,91,8,38,58,121,129,87,0,23" hai1="99,62,89,25,104,73,36,43,54,97,102,96,4" hai2="92,114,68,26,72,3,108,127,1,57,103,119,94" hai3="5,101,7,95,70,49,63,82,20,18,59,112,107"/><T67/><D121/><U69/><E4/><V86/><F108/><W76/><G107/><T42/><D38/><U113/><E73/><V64/><F68/><W17/><G70/><T12/><D129/><U28/><E89/><N who="2" m="53303" /><F72/><W30/><G112/><T100/><D126/><U9/><E113/><V120/><F114/><W117/><G117/><T105/><D0/><U66/><E9/><V135/><F120/><W6/><G30/><T98/><D23/><U16/><E16/><N who="3" m="6250" /><G20/><T2/><D2/><U60/><E43/><V61/><F127/><W48/><G82/><T93/><D105/><U85/><E85/><V51/><F1/><W27/><G27/><T78/><D78/><U115/><E36/><V77/><F3/><W110/><G76/><T22/><D22/><U130/><E130/><V31/><F119/><W128/><G110/><T118/><D118/><U47/><E115/><V84/><F135/><W21/><G21/><T132/><D132/><U74/><E74/><V111/><F111/><W131/><G128/><T134/><D134/><U109/><E109/><V79/><F26/><W29/><G29/><T14/><D14/><U46/><E46/><V90/><F31/><W106/><G106/><T116/><D116/><U13/><E13/><V45/><F103/><W133/><G131/><T55/><D12/><U37/><E37/><V39/><F39/><W15/><G15/><T24/><D24/><U81/><E81/><V125/><F125/><W53/><G133/><T10/><D10/><U83/><E83/><V56/><F45/><W33/><G33/><T11/><D11/><RYUUKYOKU ba="1,0" sc="453,-15,5,-15,260,15,282,15" hai2="51,56,57,61,64,77,79,84,90,94" hai3="5,6,7,48,49,53,59,63,95,101" owari="438,53.8,-10,-51.0,275,-12.5,297,9.7" /></mjloggm>