<mjloggm ver="2.3"><GO type="169" lobby="0"/><UN n0="%59%75%74%74%61%6D%61%6E" n1="%E9%BA%BB%E5%80%89%E8%91%89" n2="%65%6B%61%72%75%74%65" n3="%E2%97%8E%E3%82%88%E3%81%97%E2%97%8E" dan="16,16,16,17" rate="2048.15,2152.27,2114.61,2167.83" sx="M,M,M,M"/><TAIKYOKU oya="0"/><INIT seed="0,0,0,0,1,90" ten="250,250,250,250" oya="0" hai0="32,92,9,10,56,22,14,20,41,123,108,110,99" hai1="31,15,38,54,1,126,134,42,94,2,80,57,58" hai2="68,104,91,40,16,100,0,97,45,84,26,83,79" hai3="51,17,18,23,62,131,70,88,7,8,86,63,43"/><T85/><D123/><U129/><E126/><V95/><F0/><W125/><G131/><T127/><D32/><U33/><E134/><V53/><F68/><W34/><G34/><T122/><D122/><U74/><E129/><V132/><F53/><W65/><G63/><T73/><D73/><U119/><E58/><V98/><F132/><W109/><G109/><N who="0" m="42091" /><D41/><U128/><E15/><V124/><F124/><W48/><G43/><T21/><D85/><U12/><E12/><V93/><F26/><W71/><G71/><T3/><D127/><U111/><E42/><V112/><F16/><W77/><G77/><T75/><D75/><U11/><E31/><V105/><REACH who="2" step="1"/><F112/><REACH who="2" ten="250,250,240,250" step="2"/><W55/><G18/><N who="0" m="8527" /><D56/><U36/><E57/><V72/><F72/><W30/><G125/><T116/><D116/><U120/><E74/><V115/><F115/><W59/><G70/><T133/><D133/><U101/><E119/><V50/><AGARI ba="0,1" hai="40,45,50,79,83,84,91,93,95,97,98,100,104,105" machi="50" ten="20,12000,2" yaku="1,1,0,1,7,1,52,2,53,1" doraHai="90" doraHaiUra="96" who="2" fromWho="2" sc="250,-60,250,-30,240,130,250,-30" /><INIT seed="1,0,0,4,4,67" ten="190,220,370,220" oya="1" hai0="61,55,113,53,20,87,108,130,4,27,99,81,131" hai1="58,86,37,90,120,45,75,24,12,60,72,73,19" hai2="107,65,14,70,102,59,22,18,8,47,40,92,32" hai3="69,84,82,129,103,39,7,79,11,89,17,123,15"/><U101/><E120/><V128/><F32/><W111/><G39/><T109/><D4/><U66/><E101/><V29/><F128/><N who="0" m="49194" /><D99/><U117/><E117/><V64/><F107/><W96/><G123/><T21/><D113/><U28/><E45/><V95/><F70/><W10/><G111/><N who="0" m="42571" /><D61/><U116/><E37/><V115/><F115/><W83/><G129/><T33/><D33/><U5/><E5/><V124/><F124/><W0/><G69/><T122/><D122/><U97/><E97/><V91/><F102/><W52/><G96/><T63/><D63/><U38/><E38/><V105/><F105/><W48/><G103/><T77/><D21/><U54/><E116/><V41/><F22/><W62/><G62/><T135/><D135/><U74/><E74/><V35/><F65/><W49/><REACH who="3" step="1"/><G52/><REACH who="3" ten="190,220,370,210" step="2"/><T36/><D36/><U106/><E54/><V134/><F64/><W46/><G46/><T85/><D85/><AGARI ba="0,1" hai="0,7,10,11,15,17,48,49,79,82,83,84,85,89" machi="85" ten="30,7700,0" yaku="1,1,7,1,53,2" doraHai="67" doraHaiUra="78" who="3" fromWho="0" sc="190,-77,220,0,370,0,210,87" /><INIT seed="2,0,0,2,4,18" ten="113,220,370,297" oya="2" hai0="11,102,103,76,63,78,9,8,71,73,72,28,61" hai1="2,6,86,99,68,30,14,109,38,106,65,62,50" hai2="70,31,118,20,23,117,41,94,101,24,54,134,120" hai3="25,35,47,56,46,113,83,127,77,90,3,87,116"/><V17/><F120/><W29/><G116/><T98/><D28/><U97/><E109/><V67/><F134/><W104/><G3/><T80/><D98/><U40/><E38/><V45/><F54/><W51/><G127/><T26/><D26/><U4/><E2/><V96/><F67/><W39/><G113/><T132/><D132/><U49/><E30/><V108/><F70/><W91/><G104/><T64/><REACH who="0" step="1"/><D63/><REACH who="0" ten="103,220,370,297" step="2"/><U121/><E97/><V93/><F108/><W111/><G111/><T0/><D0/><U60/><E99/><V85/><F85/><W130/><G87/><T112/><D112/><U32/><E86/><V122/><F122/><W5/><G25/><T1/><D1/><U59/><E62/><V110/><F110/><W7/><G29/><T119/><D119/><U126/><E60/><V114/><F114/><W58/><G130/><T69/><D69/><U48/><E68/><V36/><REACH who="2" step="1"/><F93/><REACH who="2" ten="103,220,360,297" step="2"/><W75/><G75/><T95/><D95/><U81/><E121/><V13/><AGARI ba="0,2" hai="13,17,20,23,24,31,36,41,45,94,96,101,117,118" machi="13" ten="20,18000,2" yaku="1,1,2,1,0,1,7,1,52,2,53,0" doraHai="18" doraHaiUra="79" who="2" fromWho="2" sc="103,-60,220,-60,360,200,297,-60" /><INIT seed="2,1,0,5,5,123" ten="43,160,560,237" oya="2" hai0="37,102,98,46,81,101,96,11,108,119,51,13,86" hai1="19,54,5,57,127,104,8,6,56,93,70,59,20" hai2="43,115,42,132,22,78,35,109,124,30,131,73,2" hai3="103,17,63,52,120,126,130,113,45,95,7,83,129"/><V135/><F115/><W134/><G120/><T1/><D119/><U27/><E70/><V34/><F2/><W114/><G7/><T21/><D37/><U118/><E104/><V12/><F73/><W39/><G17/><T77/><D1/><U65/><E127/><V26/><F78/><W31/><G31/><T105/><D21/><U0/><E65/><V125/><F131/><N who="3" m="50187" /><G83/><T36/><D36/><U89/><E6/><V49/><F109/><W58/><G95/><T94/><D108/><U106/><E106/><V72/><F72/><W33/><G103/><T107/><D94/><U61/><REACH who="1" step="1"/><E118/><REACH who="1" ten="43,150,560,237" step="2"/><V60/><F124/><W29/><G126/><T88/><D77/><U47/><E47/><V68/><F68/><W97/><G45/><T3/><D3/><U69/><E69/><V23/><F125/><W38/><G114/><T53/><REACH who="0" step="1"/><D13/><REACH who="0" ten="33,150,560,237" step="2"/><U64/><E64/><V18/><F12/><W62/><G113/><T74/><D74/><U110/><E110/><V41/><F135/><W76/><G134/><T79/><D79/><U40/><E40/><V117/><F43/><W66/><G76/><T90/><D90/><U87/><AGARI ba="1,2" hai="0,5,8,19,20,27,54,56,57,59,61,87,89,93" machi="87" ten="20,5200,0" yaku="1,1,0,1,7,1,53,1" doraHai="123" doraHaiUra="50" who="1" fromWho="1" sc="33,-14,150,75,560,-27,237,-14" /><INIT seed="3,0,0,3,5,116" ten="19,225,533,223" oya="3" hai0="46,33,17,48,36,80,25,49,83,27,44,95,94" hai1="88,85,2,112,126,4,92,79,32,121,38,91,56" hai2="86,64,42,1,110,102,78,120,89,135,96,28,43" hai3="16,115,54,61,130,129,75,74,77,108,113,22,107"/><W39/><G107/><T105/><D17/><U41/><E112/><N who="3" m="43082" /><G39/><T40/><D105/><U45/><E32/><V59/><F1/><W12/><G77/><T53/><D36/><U99/><E126/><V71/><F71/><W52/><G61/><T90/><D33/><U132/><E132/><V100/><F135/><W30/><G30/><T124/><D124/><U19/><E79/><V131/><F43/><W73/><G108/><T8/><D8/><U133/><E133/><V9/><F42/><W111/><G111/><T82/><REACH who="0" step="1"/><D95/><REACH who="0" ten="9,225,533,223" step="2"/><U20/><E19/><V37/><F9/><W57/><G57/><T106/><D106/><U7/><E56/><V103/><F37/><W31/><G31/><T122/><D122/><U76/><E121/><V26/><F120/><W55/><G22/><T70/><D70/><U66/><E20/><V87/><F110/><W11/><G16/><T29/><D29/><U118/><E38/><V114/><F114/><W34/><G34/><T67/><D67/><U47/><E66/><V98/><F64/><W93/><G93/><T51/><D51/><U81/><E92/><V123/><F123/><W23/><G23/><T119/><D119/><U10/><E118/><V13/><F59/><W15/><G11/><T104/><D104/><U14/><E10/><V134/><F134/><W35/><G35/><T68/><D68/><U18/><E18/><V62/><F28/><W50/><G50/><T128/><D128/><AGARI ba="0,1" hai="12,15,52,54,55,73,74,75,128,129,130" m="43082" machi="128" ten="40,12000,1" yaku="28,2,19,1,54,1" doraHai="116" who="3" fromWho="0" sc="9,-120,225,0,533,0,223,130" owari="-111,-61.1,225,-17.5,533,63.3,353,15.3" /></mjloggm>