<mjloggm ver="2.3"><GO type="169" lobby="0"/><UN n0="%E3%82%B8%E3%83%9F%E3%83%BC" n1="%68%61%73%68%69%30%30%31" n2="%E3%82%AB%E3%82%AA%E3%82%B9%E3%81%8C%E6%A5%B5%E3%81%BE%E3%82%8B" n3="%E3%81%A8%E3%82%8D%E3%82%8D%E3%81%9D%E3%81%B0" dan="16,16,17,17" rate="2082.58,2105.10,2120.31,2236.37" sx="M,M,M,M"/><TAIKYOKU oya="0"/><INIT seed="0,0,0,2,3,43" ten="250,250,250,250" oya="0" hai0="88,103,8,11,30,29,78,115,123,60,134,86,9" hai1="27,74,63,105,130,120,92,71,37,53,76,131,75" hai2="15,97,62,42,89,67,12,81,2,1,79,73,94" hai3="132,31,18,113,127,39,96,26,99,135,44,22,118"/><T7/><D115/><U0/><E0/><V50/><F2/><W40/><G113/><T14/><D123/><U65/><E37/><V41/><F1/><W28/><G118/><T109/><D134/><N who="3" m="51241" /><G127/><T16/><D109/><U116/><E116/><V3/><F3/><W93/><G99/><T17/><D103/><AGARI ba="0,0" hai="18,22,26,28,31,39,40,44,93,96,103" m="51241" machi="103" ten="30,2000,0" yaku="20,1,52,1" doraHai="43" who="3" fromWho="0" sc="250,-20,250,0,250,0,250,20" /><INIT seed="1,0,0,2,1,85" ten="230,250,250,270" oya="1" hai0="130,90,112,3,46,135,45,8,105,10,49,106,53" hai1="12,79,87,11,36,93,107,73,109,95,55,24,124" hai2="82,86,71,134,32,122,127,74,115,50,60,108,29" hai3="99,72,38,51,83,98,37,47,23,28,30,22,7"/><U97/><E36/><V132/><F122/><W19/><G7/><T44/><D112/><U103/><E24/><V84/><F115/><W43/><G38/><T104/><D130/><U102/><E55/><V65/><F74/><W54/><G30/><T91/><D135/><U0/><E0/><V2/><F108/><W89/><G28/><T42/><D3/><U21/><E21/><V9/><F127/><W15/><G23/><T5/><D5/><U117/><E117/><V16/><F86/><W129/><G129/><T118/><D118/><U14/><E14/><V81/><F81/><W58/><G72/><T13/><D13/><U59/><E59/><V123/><F50/><W116/><G116/><T100/><D100/><N who="1" m="62863" /><E12/><V88/><F123/><W70/><G70/><T69/><D69/><U76/><E11/><N who="0" m="4137" /><D53/><U35/><E35/><V126/><F2/><W56/><G56/><T128/><D128/><U48/><E48/><V66/><F66/><W75/><G75/><T17/><D49/><U26/><E26/><V61/><F61/><W52/><G54/><T80/><D80/><N who="1" m="45071" /><E124/><V27/><F126/><W114/><G114/><T96/><D96/><U31/><E31/><V133/><F9/><W94/><G83/><T62/><D17/><AGARI ba="0,0" hai="16,17,27,29,32,60,65,71,82,84,88,132,133,134" machi="17" ten="40,8000,1" yaku="20,1,52,1,54,2" doraHai="85" who="2" fromWho="0" sc="230,-80,250,0,250,80,270,0" /><INIT seed="2,0,0,2,3,71" ten="150,250,330,270" oya="2" hai0="38,4,6,17,69,79,41,23,63,5,121,91,65" hai1="83,26,12,107,120,1,134,50,49,129,20,84,112" hai2="9,59,97,117,46,103,110,39,80,32,15,52,56" hai3="28,96,85,104,88,25,67,108,118,116,60,101,27"/><V98/><F117/><W99/><G108/><T122/><D79/><U76/><E107/><V61/><F32/><W30/><G99/><T66/><D66/><U87/><E112/><V44/><F110/><W51/><G51/><T77/><D77/><U58/><E1/><V115/><F115/><W74/><G74/><T10/><D10/><U19/><E134/><V81/><F56/><W40/><G40/><T57/><D91/><U43/><E129/><V95/><F97/><W45/><G45/><T54/><D38/><U127/><E127/><V89/><F39/><W114/><G25/><T33/><D33/><U102/><E102/><V128/><F128/><W8/><G8/><T31/><D31/><U13/><E120/><V124/><F124/><W22/><G30/><T92/><D92/><U3/><E3/><V47/><REACH who="2" step="1"/><F103/><REACH who="2" ten="150,250,320,270" step="2"/><W119/><G114/><T94/><D121/><U78/><E58/><V34/><F34/><W16/><G118/><T109/><D122/><U55/><E43/><V106/><F106/><W11/><G119/><T126/><D41/><U37/><E37/><V100/><F100/><W48/><G116/><T2/><D109/><U18/><E87/><V72/><F72/><W93/><G104/><T70/><D126/><U7/><E84/><V53/><F53/><W62/><G101/><T29/><D54/><U132/><E55/><V14/><F14/><N who="3" m="7263" /><G96/><T35/><D2/><U82/><E26/><V73/><F73/><W36/><G36/><T105/><D105/><U0/><E0/><V123/><F123/><W130/><G130/><T135/><D35/><RYUUKYOKU ba="0,1" sc="150,-10,250,-10,320,30,270,-10" hai2="9,15,44,46,47,52,59,61,80,81,89,95,98" /><INIT seed="2,1,1,3,0,68" ten="140,240,350,260" oya="2" hai0="2,113,46,55,56,122,65,108,30,112,3,14,71" hai1="98,31,5,93,130,118,21,28,101,24,124,54,13" hai2="61,38,17,133,57,78,43,129,88,19,127,77,73" hai3="26,80,94,7,91,100,117,34,6,11,32,102,83"/><V97/><F73/><W79/><G117/><T37/><D122/><U82/><E124/><V131/><F127/><W110/><G110/><T44/><D30/><U51/><E130/><N who="2" m="49675" /><F133/><W96/><G83/><T10/><D108/><U41/><E118/><V0/><F0/><W52/><G6/><T63/><D3/><U35/><E41/><V50/><F50/><W104/><G26/><T42/><D44/><U95/><E31/><V111/><F111/><W64/><G64/><T105/><D105/><U67/><E67/><N who="2" m="39343" /><F43/><W47/><G47/><T114/><D2/><U128/><E128/><V12/><F38/><W89/><G89/><T86/><D86/><U134/><E134/><V23/><F19/><W27/><G102/><T123/><D123/><U120/><E120/><V107/><F107/><W135/><G135/><T75/><D75/><U33/><E5/><V66/><F66/><W81/><G104/><T106/><D106/><U70/><E70/><V69/><F69/><W1/><G100/><T49/><REACH who="0" step="1"/><D114/><REACH who="0" ten="130,240,350,260" step="2"/><U16/><E35/><V4/><F4/><AGARI ba="1,2" hai="4,10,14,37,42,46,49,55,56,63,65,71,112,113" machi="4" ten="30,12000,2" yaku="1,1,2,1,7,1,24,2,52,1,53,0" doraHai="68" doraHaiUra="18" who="0" fromWho="2" sc="130,143,240,0,350,-123,260,0" /><INIT seed="3,0,0,4,2,43" ten="273,240,227,260" oya="3" hai0="126,7,89,72,3,32,93,103,79,95,53,2,84" hai1="129,36,40,127,45,77,66,75,16,22,110,113,81" hai2="78,92,44,131,35,108,119,85,88,118,74,96,46" hai3="15,86,58,5,10,76,4,8,134,24,62,57,117"/><W100/><G117/><T94/><D32/><U6/><E113/><V21/><F35/><W27/><G134/><T55/><D126/><U106/><E110/><V90/><F108/><W120/><G120/><T52/><D103/><U97/><E129/><V13/><F131/><W64/><G100/><T73/><D7/><U12/><E66/><V47/><F74/><W128/><G128/><T63/><D63/><U104/><E127/><V11/><F78/><W28/><G28/><T25/><D25/><U125/><E125/><V19/><REACH who="2" step="1"/><F21/><REACH who="2" ten="273,240,217,260" step="2"/><W101/><G76/><T20/><D79/><U102/><REACH who="1" step="1"/><E6/><REACH who="1" ten="273,230,217,260" step="2"/><V135/><F135/><W130/><G130/><T112/><D112/><U122/><E122/><V48/><F48/><W105/><G4/><T41/><D73/><U23/><E23/><V114/><F114/><W83/><G10/><T121/><D20/><U107/><AGARI ba="0,2" hai="12,16,22,36,40,45,75,77,81,97,102,104,106,107" machi="107" ten="20,12000,2" yaku="1,1,0,1,7,1,52,1,54,1,53,1" doraHai="43" doraHaiUra="71" who="1" fromWho="1" sc="273,-30,230,140,217,-30,260,-60" /><INIT seed="4,0,0,4,1,72" ten="243,370,187,200" oya="0" hai0="61,84,112,133,126,25,85,22,56,102,121,89,16" hai1="71,95,101,97,45,131,14,91,107,96,130,116,36" hai2="40,104,69,76,93,118,110,52,8,24,124,31,81" hai3="33,19,67,94,11,103,23,38,39,88,109,15,48"/><T2/><D121/><U49/><E71/><V7/><F110/><W62/><G33/><T74/><D74/><U132/><E36/><V80/><F104/><W10/><G109/><T28/><D133/><U63/><E63/><V26/><F69/><W111/><G111/><T100/><D126/><U68/><E68/><V1/><F124/><W119/><G119/><T34/><D2/><U70/><E70/><V123/><F123/><W75/><G75/><T99/><D112/><U128/><E14/><V35/><F118/><W47/><G103/><T105/><D89/><U90/><E116/><V13/><F40/><W66/><G39/><T92/><D102/><N who="1" m="60703" /><E132/><V43/><F43/><AGARI ba="0,0" hai="43,45,49,90,91,97,101,107,128,130,131" m="60703" machi="43" ten="30,1000,0" yaku="19,1" doraHai="72" who="1" fromWho="2" sc="243,0,370,10,187,-10,200,0" /><INIT seed="5,0,0,1,1,29" ten="243,380,177,200" oya="1" hai0="4,9,47,89,37,48,66,44,82,135,73,45,42" hai1="15,67,68,10,23,53,129,111,94,71,35,105,125" hai2="46,28,32,123,11,5,80,83,2,31,90,54,134" hai3="132,131,7,64,86,81,91,96,84,49,108,101,26"/><U25/><E105/><V36/><F123/><W6/><G108/><T52/><D135/><U18/><E125/><V92/><F134/><W33/><G132/><T50/><D66/><U120/><E120/><V40/><F31/><W130/><G64/><T127/><D127/><U12/><E67/><V34/><F54/><W110/><G110/><T133/><D133/><U126/><E94/><V13/><F2/><W65/><G65/><T77/><D89/><U59/><E129/><N who="3" m="49162" /><G49/><T19/><D19/><U16/><E126/><V60/><F60/><W22/><G86/><T74/><D74/><U30/><REACH who="1" step="1"/><E111/><REACH who="1" ten="243,370,177,200" step="2"/><V113/><F113/><W107/><G107/><T128/><D128/><U109/><E109/><V57/><F57/><W55/><G81/><T62/><D82/><U119/><E119/><V104/><F104/><W99/><G99/><T14/><D45/><U0/><E0/><V75/><F83/><W24/><G96/><T39/><D47/><U100/><E100/><V124/><F124/><W117/><G101/><T102/><D102/><U79/><E79/><V87/><REACH who="2" step="1"/><F28/><REACH who="2" ten="243,370,167,200" step="2"/><N who="3" m="19591" /><G117/><T8/><D44/><U98/><E98/><V97/><F97/><W43/><G43/><T58/><D42/><U116/><E116/><V63/><F63/><AGARI ba="0,2" hai="10,12,15,16,18,23,25,30,35,53,59,63,68,71" machi="63" ten="30,11600,0" yaku="1,1,7,1,52,1,54,1,53,0" doraHai="29" doraHaiUra="95" who="1" fromWho="2" sc="243,0,370,136,167,-116,200,0" /><INIT seed="5,1,0,4,4,4" ten="243,506,51,200" oya="1" hai0="97,45,99,132,131,22,61,19,3,85,20,66,126" hai1="112,96,15,129,104,53,5,88,63,134,62,41,103" hai2="82,27,93,72,124,52,34,115,18,83,125,14,29" hai3="7,71,64,118,117,90,100,25,79,70,109,44,8"/><U127/><E112/><V17/><F115/><W123/><G109/><T108/><D108/><U23/><E127/><V59/><F125/><W94/><G123/><T54/><D131/><U50/><E41/><V21/><F124/><W48/><G100/><T69/><D126/><U84/><E134/><V6/><F72/><W56/><G25/><T32/><D32/><U102/><E102/><V43/><F43/><W91/><G79/><T116/><D116/><N who="3" m="44649" /><G56/><T16/><D3/><U95/><E129/><V12/><F6/><W86/><G91/><T11/><D11/><U120/><E120/><V130/><F130/><W111/><G64/><T87/><D132/><U105/><E105/><V26/><F26/><W37/><G37/><T110/><D110/><U92/><E104/><V36/><F36/><W67/><G67/><T42/><D54/><U2/><E2/><V75/><F75/><W133/><G133/><T35/><D35/><U55/><E55/><V81/><F93/><W58/><G58/><T60/><D42/><U33/><E33/><V80/><N who="2" m="20480" /><DORA hai="113" /><V49/><REACH who="2" step="1"/><F34/><REACH who="2" ten="243,506,41,200" step="2"/><W78/><G111/><T24/><D24/><U68/><E5/><V65/><F65/><W13/><G78/><T121/><D66/><U74/><E68/><V40/><F40/><AGARI ba="1,1" hai="7,8,13,40,44,48,70,71,86,90,94" m="44649" machi="40" ten="30,8000,1" yaku="12,1,52,4" doraHai="4,113" who="3" fromWho="2" sc="243,0,506,0,41,-83,200,93" owari="243,-15.7,506,60.6,-42,-54.2,293,9.3" /></mjloggm>