<mjloggm ver="2.3"><GO type="169" lobby="0"/><UN n0="%E3%82%89%E3%81%84%E3%81%82%E3%82%93%E3%81%98%E3%82%83%E3%82%93" n1="%E3%83%95%E3%82%AF%E3%83%AD%E3%82%A6%E3%82%B5%E3%83%B3" n2="%E7%BC%B6%E3%82%B3%E3%83%92" n3="%73%61%6E%64%69%72%69%73" dan="17,17,16,17" rate="2204.88,2200.09,2039.92,2213.81" sx="M,M,M,M"/><TAIKYOKU oya="0"/><INIT seed="0,0,0,5,0,73" ten="250,250,250,250" oya="0" hai0="135,59,33,85,51,132,46,86,83,6,0,24,127" hai1="38,16,126,116,133,104,114,65,12,28,55,78,39" hai2="69,128,96,75,70,19,71,101,109,124,3,87,119" hai3="90,130,66,74,93,82,43,108,131,5,36,27,81"/><T122/><D122/><U98/><E116/><V10/><F75/><W88/><G5/><T14/><D0/><U15/><E28/><V120/><F120/><W45/><G108/><T47/><D127/><U117/><E117/><V107/><F109/><W115/><G115/><T134/><D33/><U41/><E65/><V89/><F119/><W77/><G66/><T44/><D24/><U54/><E41/><V102/><F124/><W34/><G82/><T94/><D94/><U99/><E126/><V63/><F128/><N who="3" m="49195" /><G93/><T8/><D86/><U52/><E104/><V111/><F102/><W25/><G25/><T97/><D97/><U92/><E114/><V22/><F111/><W20/><G34/><T61/><D61/><U123/><E123/><V84/><F63/><W100/><G100/><T2/><D59/><U1/><E1/><V26/><REACH who="2" step="1"/><F89/><REACH who="2" ten="250,250,240,250" step="2"/><W103/><G103/><T72/><D72/><U121/><E121/><V29/><F29/><AGARI ba="0,1" hai="20,27,29,36,43,45,74,77,81,88,90" m="49195" machi="29" ten="30,3900,0" yaku="19,1,52,1,54,1" doraHai="73" who="3" fromWho="2" sc="250,0,250,0,240,-39,250,49" /><INIT seed="1,0,0,4,2,123" ten="250,250,201,299" oya="1" hai0="89,3,0,14,2,87,121,74,47,29,101,115,112" hai1="23,117,88,92,57,1,76,32,37,56,62,49,7" hai2="124,15,13,17,82,20,93,30,70,72,128,135,28" hai3="9,133,129,48,61,77,103,31,75,54,39,58,24"/><U125/><E117/><V134/><F70/><W95/><G39/><T45/><D74/><U122/><E122/><V107/><F107/><W73/><G133/><N who="2" m="50697" /><F72/><W52/><G129/><T64/><D121/><U81/><E32/><V34/><F82/><W22/><G77/><T126/><D101/><U78/><E37/><V106/><F93/><W118/><G118/><T41/><D64/><U68/><E125/><V85/><F85/><W46/><REACH who="3" step="1"/><G9/><REACH who="3" ten="250,250,201,289" step="2"/><T130/><D130/><U131/><E131/><V38/><F38/><W79/><G79/><T96/><D115/><U44/><E78/><V19/><F128/><W18/><G18/><T94/><D112/><U90/><E76/><V59/><F124/><W16/><G16/><T53/><D126/><U111/><E7/><V110/><F19/><W67/><G67/><T119/><D119/><U4/><E4/><V55/><F17/><W105/><G105/><T12/><D0/><U109/><E1/><V8/><F106/><W86/><G86/><T71/><D2/><U66/><E23/><V5/><F34/><W84/><G84/><T63/><D3/><U27/><E81/><V120/><F20/><W10/><G10/><T40/><D87/><U69/><E92/><V6/><F120/><W98/><AGARI ba="0,1" hai="22,24,31,46,48,52,54,58,61,73,75,95,98,103" machi="98" ten="30,4000,0" yaku="1,1,0,1,54,1,53,0" doraHai="123" doraHaiUra="114" who="3" fromWho="3" sc="250,-10,250,-20,201,-10,289,50" /><INIT seed="2,0,0,5,5,54" ten="240,230,191,339" oya="2" hai0="15,29,77,126,43,93,33,36,3,74,56,103,81" hai1="109,123,60,94,115,68,102,21,20,99,119,84,91" hai2="107,41,39,34,12,112,57,87,22,8,25,131,52" hai3="37,55,117,110,1,35,50,135,133,108,82,67,18"/><V69/><F112/><W14/><G1/><T113/><D113/><U17/><E115/><V92/><F107/><W61/><G35/><T80/><D126/><U127/><E119/><V42/><F69/><W132/><G82/><T32/><D15/><U104/><E127/><V130/><F34/><W10/><G37/><T0/><D81/><U31/><E109/><V48/><F39/><W89/><G89/><T4/><D29/><U71/><E123/><V63/><F87/><W62/><G117/><T38/><D0/><U98/><E31/><V128/><F92/><W129/><G129/><T26/><D26/><U111/><E21/><V121/><F121/><W90/><G90/><T9/><D36/><U114/><E111/><N who="3" m="42538" /><G67/><T122/><D56/><AGARI ba="0,0" hai="10,14,18,50,55,56,61,62,132,133,135" m="42538" machi="56" ten="40,5200,0" yaku="20,1,14,1,52,1" doraHai="54" who="3" fromWho="0" sc="240,-52,230,0,191,0,339,52" /><INIT seed="3,0,0,5,0,106" ten="188,230,191,391" oya="3" hai0="34,72,113,53,114,107,123,89,129,43,19,118,127" hai1="93,112,22,65,12,29,16,51,60,62,54,96,17" hai2="55,74,124,49,5,32,76,15,88,36,38,28,39" hai3="108,56,99,66,90,58,25,40,30,70,35,24,64"/><W111/><G40/><T7/><D107/><U73/><E112/><V45/><F124/><W80/><G24/><T57/><D89/><U120/><E120/><V2/><F2/><W0/><G0/><T63/><D19/><U92/><E29/><V101/><F101/><W23/><G35/><T135/><D7/><U46/><E73/><V14/><F28/><W9/><G9/><T91/><D91/><U75/><E75/><V47/><F32/><W119/><G119/><T26/><D72/><U20/><E65/><N who="3" m="25194" /><G70/><T95/><D26/><U18/><E18/><V13/><F88/><W134/><G134/><T121/><D34/><U68/><E68/><V133/><F133/><W97/><G80/><T122/><D135/><U100/><REACH who="1" step="1"/><E93/><REACH who="1" ten="188,220,191,391" step="2"/><V31/><F31/><W52/><G30/><T132/><D95/><U69/><E69/><V98/><F5/><W104/><G104/><T61/><D132/><U48/><E48/><V105/><F105/><W85/><G99/><T8/><D121/><U41/><E41/><V81/><REACH who="2" step="1"/><F98/><REACH who="2" ten="188,220,181,391" step="2"/><W77/><G97/><T1/><D123/><U42/><E42/><AGARI ba="0,2" hai="13,14,15,36,38,39,42,45,47,49,55,74,76,81" machi="42" ten="40,5200,0" yaku="1,1,2,1,52,1,53,0" doraHai="106" doraHaiUra="6" who="2" fromWho="1" sc="188,0,220,-52,181,72,391,0" /><INIT seed="4,0,0,0,5,5" ten="188,168,253,391" oya="0" hai0="14,23,25,30,77,6,64,72,26,24,52,101,118" hai1="50,60,96,124,8,110,71,13,92,130,121,112,82" hai2="108,86,12,53,10,116,54,48,93,20,35,2,115" hai3="22,36,91,120,19,83,34,89,21,103,76,135,134"/><T29/><D64/><U66/><E110/><V33/><F108/><W78/><G34/><T63/><D101/><U69/><E121/><V126/><F115/><W74/><G120/><T44/><D118/><U49/><E130/><V75/><F75/><W73/><G36/><T119/><D119/><U129/><E129/><V98/><F116/><W18/><G83/><T88/><D77/><U7/><E124/><V62/><F2/><W39/><G39/><T40/><D72/><U111/><E111/><V85/><F20/><W37/><G37/><T131/><D131/><U128/><E128/><V100/><F35/><W127/><REACH who="3" step="1"/><G103/><REACH who="3" ten="188,168,253,381" step="2"/><T55/><D30/><U105/><E112/><V15/><F33/><W87/><G87/><T65/><D29/><U106/><E82/><V99/><F126/><AGARI ba="0,1" hai="18,19,21,22,73,74,76,78,89,91,126,127,134,135" machi="126" ten="25,3200,0" yaku="1,1,22,2,53,0" doraHai="5" doraHaiUra="79" who="3" fromWho="2" sc="188,0,168,0,253,-32,381,42" /><INIT seed="5,0,0,2,5,18" ten="188,168,221,423" oya="1" hai0="64,101,125,28,103,37,22,58,121,128,108,29,75" hai1="104,82,100,7,116,91,40,131,14,30,6,88,98" hai2="17,114,95,74,89,4,2,72,21,105,68,42,49" hai3="92,12,36,23,46,10,87,26,126,111,59,31,77"/><U122/><E116/><V129/><F105/><W93/><G111/><T70/><D108/><U134/><E122/><V66/><F129/><W32/><G126/><T16/><D70/><U76/><E131/><V94/><F114/><W78/><G32/><T48/><D37/><U13/><E134/><V57/><F68/><W118/><G118/><T133/><D75/><U124/><E124/><V1/><F94/><W123/><G123/><T56/><D128/><U47/><E30/><N who="0" m="11881" /><D133/><U80/><E13/><V41/><F4/><N who="3" m="3143" /><G36/><T107/><D107/><U84/><E14/><V35/><F35/><W97/><G46/><T73/><D73/><U63/><E63/><N who="2" m="38255" /><F74/><W96/><G59/><T127/><D121/><U52/><E52/><V99/><F72/><W62/><G62/><N who="0" m="37959" /><D127/><U61/><E61/><V25/><F2/><W113/><G113/><T119/><D119/><U38/><REACH who="1" step="1"/><E76/><REACH who="1" ten="188,158,221,423" step="2"/><V24/><F1/><W11/><G78/><T43/><D125/><U90/><E90/><V112/><F112/><W51/><G77/><T106/><D106/><U86/><AGARI ba="0,1" hai="6,7,38,40,47,80,82,84,86,88,91,98,100,104" machi="86" ten="30,11700,0" yaku="1,1,0,1,9,1,54,1,53,0" doraHai="18" doraHaiUra="44" who="1" fromWho="1" sc="188,-39,158,127,221,-39,423,-39" /><INIT seed="5,1,0,3,2,64" ten="149,285,182,384" oya="1" hai0="5,10,110,32,36,19,48,107,61,49,67,93,46" hai1="8,74,69,11,111,83,27,98,39,41,90,100,62" hai2="97,1,55,106,28,81,80,120,66,53,118,114,96" hai3="6,20,37,94,135,45,40,108,12,7,79,130,88"/><U75/><E111/><V101/><F118/><W89/><G108/><T105/><D110/><U77/><E90/><V76/><F1/><W112/><G135/><T50/><D32/><U14/><E8/><V30/><F120/><W104/><G104/><T0/><D19/><U128/><E128/><V54/><F66/><W25/><G112/><T26/><D26/><U21/><E75/><V85/><F114/><W3/><G3/><T15/><D0/><U63/><E41/><V31/><F97/><W99/><G130/><T2/><D2/><U123/><E39/><V119/><F119/><W58/><G79/><T70/><REACH who="0" step="1"/><D93/><REACH who="0" ten="139,285,182,384" step="2"/><U134/><E134/><V102/><F102/><W24/><G24/><T44/><D44/><U47/><E47/><V125/><F31/><W9/><G6/><T52/><D52/><U73/><E123/><V56/><F101/><W43/><G43/><AGARI ba="1,1" hai="5,10,15,36,43,46,48,49,50,61,67,70,105,107" machi="43" ten="40,2600,0" yaku="1,1,52,1,53,0" doraHai="64" doraHaiUra="17" who="0" fromWho="3" sc="139,39,285,0,182,0,384,-29" /><INIT seed="6,0,0,2,2,62" ten="178,285,182,355" oya="2" hai0="5,110,28,18,2,63,131,3,48,91,36,61,67" hai1="75,134,87,77,11,38,114,22,122,46,104,115,68" hai2="29,103,129,57,76,10,72,89,64,58,25,0,1" hai3="13,23,105,106,112,56,49,127,7,99,41,16,101"/><V108/><F129/><W39/><G127/><T51/><D110/><U69/><E87/><V42/><F108/><W20/><G112/><N who="1" m="43050" /><E134/><V33/><F103/><W88/><G39/><T66/><D36/><U95/><E95/><V26/><F42/><W74/><G74/><T17/><D28/><U47/><E104/><V6/><F1/><W19/><G7/><T130/><D5/><U45/><E38/><V123/><F123/><W124/><G124/><T97/><D91/><U37/><E37/><V54/><F26/><W55/><G41/><T102/><D97/><U80/><E11/><V32/><F89/><W59/><G88/><T34/><D34/><U31/><E122/><V90/><F90/><W98/><G59/><T94/><D94/><U44/><E44/><V86/><F72/><W93/><G99/><T111/><D111/><U50/><E50/><V92/><F33/><W52/><G55/><T83/><D83/><U135/><E135/><V30/><F92/><W65/><G65/><T15/><D15/><AGARI ba="0,0" hai="13,15,16,19,20,23,49,52,56,93,98,101,105,106" machi="15" ten="30,7700,0" yaku="7,1,9,1,54,2" doraHai="62" who="3" fromWho="0" sc="178,-77,285,0,182,0,355,77" /><INIT seed="7,0,0,0,4,61" ten="101,285,182,432" oya="3" hai0="19,60,49,130,93,38,16,30,23,124,12,99,115" hai1="120,125,106,76,94,39,1,117,85,46,29,3,2" hai2="64,88,135,103,35,42,13,71,32,105,109,75,81" hai3="52,59,86,101,127,44,83,104,95,7,56,25,122"/><W17/><G104/><T9/><D38/><U119/><E94/><V100/><F42/><W24/><G122/><T98/><D130/><U123/><E85/><V111/><F135/><W41/><G7/><T48/><D124/><U97/><E76/><N who="2" m="44191" /><F13/><W118/><G118/><T11/><D115/><U62/><E97/><N who="2" m="61583" /><F88/><W134/><G127/><T132/><D132/><U14/><E14/><V26/><F103/><W45/><G134/><T33/><D33/><N who="2" m="12874" /><F26/><W18/><G45/><T90/><D30/><U84/><E125/><V69/><F64/><W40/><G40/><T36/><D36/><U92/><E92/><V28/><F28/><W4/><G4/><T74/><D74/><U110/><E84/><V10/><F10/><W50/><G59/><T102/><D102/><U65/><E29/><V72/><F72/><W47/><G47/><T96/><D19/><U55/><E106/><V121/><F121/><W27/><G101/><T21/><D9/><U78/><E78/><V114/><F114/><W37/><G95/><T6/><D23/><U91/><E91/><V5/><F5/><W63/><G37/><T112/><D112/><U66/><E39/><V131/><F131/><W128/><G128/><T107/><D107/><U34/><E34/><V54/><F54/><W113/><G113/><T116/><D116/><U0/><E119/><V87/><F71/><W126/><G126/><T77/><D77/><AGARI ba="0,0" hai="17,18,24,25,27,41,44,50,52,56,63,77,83,86" machi="77" ten="40,3900,0" yaku="8,1,54,1" doraHai="61" who="3" fromWho="0" sc="101,-39,285,0,182,0,432,39" owari="62,-43.8,285,8.5,182,-21.8,471,57.1" /></mjloggm>