<mjloggm ver="2.3"><GO type="169" lobby="0"/><UN n0="%5B%5B%79%75%79%75%5D%5D" n1="%E2%97%8E%E3%82%88%E3%81%97%E2%97%8E" n2="%79%7A%68%61%6E%67" n3="%73%61%69%63%68%61%6E%7A" dan="16,17,16,17" rate="2128.91,2189.71,2163.66,2141.34" sx="M,M,M,M"/><TAIKYOKU oya="0"/><INIT seed="0,0,0,5,3,14" ten="250,250,250,250" oya="0" hai0="134,26,105,62,66,25,2,29,125,65,8,70,18" hai1="3,50,82,114,96,93,43,41,73,7,54,75,23" hai2="11,98,121,89,56,90,36,55,77,19,71,53,129" hai3="113,31,33,87,24,97,12,49,101,80,127,103,109"/><T108/><D125/><U45/><E114/><V22/><F71/><W34/><G113/><T63/><D134/><U17/><E7/><V107/><F121/><W64/><G127/><T72/><D72/><U42/><E3/><V86/><F36/><W132/><G132/><T48/><D105/><U117/><E117/><V39/><F39/><W20/><G109/><T124/><D124/><U38/><E38/><V21/><F129/><W130/><G130/><T44/><D108/><U110/><E82/><V95/><F77/><W104/><G103/><T133/><D133/><U1/><E1/><V10/><F21/><W135/><G135/><T126/><D126/><U115/><E115/><V111/><F111/><W74/><G74/><T122/><D122/><U37/><E37/><V123/><F123/><W106/><G106/><T119/><D119/><U47/><E47/><V0/><F0/><W69/><G49/><T61/><D2/><U84/><E84/><V85/><F85/><W91/><REACH who="3" step="1"/><G12/><REACH who="3" ten="250,250,250,240" step="2"/><N who="0" m="7431" /><D70/><U35/><E110/><V9/><F107/><W116/><G116/><T67/><D29/><U13/><REACH who="1" step="1"/><E35/><REACH who="1" ten="250,240,250,240" step="2"/><V102/><F102/><AGARI ba="0,2" hai="13,17,23,41,42,43,45,50,54,73,75,93,96,102" machi="102" ten="40,5200,0" yaku="1,1,2,1,52,1,53,0" doraHai="14" doraHaiUra="100" who="1" fromWho="2" sc="250,0,240,72,250,-52,240,0" /><INIT seed="1,0,0,4,1,5" ten="250,312,198,240" oya="1" hai0="0,9,132,38,92,127,14,28,51,111,67,78,118" hai1="16,68,70,60,98,47,81,107,18,30,53,103,66" hai2="23,94,134,19,15,72,8,17,99,48,50,83,31" hai3="105,117,119,126,116,109,87,43,115,12,1,27,46"/><U55/><E70/><V33/><F134/><W129/><G105/><T85/><D38/><U29/><E81/><V25/><F72/><W101/><G115/><T56/><D132/><U57/><E47/><V37/><F37/><W2/><G101/><T74/><D118/><U114/><E53/><V97/><F83/><W96/><G96/><T59/><D0/><U90/><E90/><V24/><REACH who="2" step="1"/><F99/><REACH who="2" ten="250,312,188,240" step="2"/><W108/><G116/><T65/><D74/><U44/><E114/><V80/><F80/><W84/><G117/><T58/><D78/><U89/><E89/><AGARI ba="0,1" hai="8,15,17,19,23,24,25,31,33,48,50,89,94,97" machi="89" ten="30,3900,0" yaku="1,1,7,1,52,1,53,0" doraHai="5" doraHaiUra="34" who="2" fromWho="1" sc="250,0,312,-39,188,49,240,0" /><INIT seed="2,0,0,1,0,8" ten="250,273,237,240" oya="2" hai0="0,77,78,118,61,119,130,54,39,52,22,21,40" hai1="107,23,102,15,32,3,27,114,34,103,99,59,132" hai2="36,19,2,127,26,116,98,93,111,51,43,124,85" hai3="97,37,72,131,122,42,5,24,80,55,95,105,134"/><V46/><F116/><N who="0" m="44586" /><D0/><U49/><E114/><V82/><F2/><W35/><G122/><T90/><D40/><U91/><E3/><V129/><F129/><W33/><G131/><T75/><D39/><U115/><E132/><V110/><F19/><W94/><G134/><T65/><D130/><U58/><E103/><N who="2" m="60879" /><F26/><W86/><G5/><T10/><D10/><U81/><E32/><V117/><F117/><W112/><G112/><T108/><D108/><N who="2" m="41514" /><F36/><W18/><G37/><T11/><D11/><U12/><E34/><V53/><F53/><N who="0" m="20586" /><D90/><AGARI ba="0,0" hai="43,46,51,82,85,90,124,127" m="41514,60879" machi="90" ten="30,2900,0" yaku="14,1,10,1" doraHai="8" who="2" fromWho="0" sc="250,-29,273,0,237,29,240,0" /><INIT seed="2,1,0,0,2,34" ten="221,273,266,240" oya="2" hai0="52,134,54,95,127,128,108,32,101,65,28,97,14" hai1="102,23,81,85,8,47,51,114,61,26,64,111,3" hai2="70,96,6,69,88,41,7,37,45,25,94,131,33" hai3="129,57,42,109,118,92,63,121,126,53,18,125,122"/><V43/><F131/><W74/><G74/><T50/><D128/><U20/><E111/><V16/><F43/><W93/><G129/><T71/><D108/><U40/><E114/><V112/><F112/><W84/><G109/><T39/><D39/><U27/><E102/><V12/><F33/><W90/><G118/><T66/><D127/><N who="3" m="48649" /><G42/><T35/><D134/><U79/><E26/><V38/><F38/><W73/><G73/><T75/><D75/><U21/><E8/><V78/><F78/><W68/><G68/><T117/><D117/><U72/><E72/><V130/><F25/><W91/><G18/><T46/><D54/><U135/><E135/><V24/><F24/><W44/><G44/><T103/><D103/><U80/><E81/><V89/><F130/><W5/><G5/><T58/><D71/><U48/><E3/><V115/><F115/><W36/><G36/><T55/><D32/><U9/><E9/><V2/><F6/><W10/><G10/><T119/><D119/><U60/><E27/><V29/><F29/><W31/><G31/><T133/><D133/><U120/><E120/><V56/><F56/><W49/><G63/><N who="0" m="36319" /><D35/><U107/><E61/><V124/><F124/><W62/><G62/><T98/><D28/><U67/><E60/><V113/><F113/><W13/><G13/><T83/><D14/><U104/><REACH who="1" step="1"/><E51/><REACH who="1" ten="221,263,266,240" step="2"/><V82/><F2/><W76/><G76/><T15/><D83/><U105/><AGARI ba="1,1" hai="20,21,23,40,47,48,64,67,79,80,85,104,105,107" machi="105" ten="40,12000,2" yaku="1,1,2,1,0,1,53,3" doraHai="34" doraHaiUra="100" who="1" fromWho="1" sc="221,-31,263,133,266,-61,240,-31" /><INIT seed="3,0,0,1,0,73" ten="190,396,205,209" oya="3" hai0="35,77,67,133,109,45,82,48,80,34,47,124,118" hai1="36,37,83,62,95,71,102,64,126,112,70,121,114" hai2="23,111,61,79,52,94,12,17,20,72,115,81,110" hai3="24,92,75,106,89,43,28,33,8,58,42,93,127"/><W50/><G106/><T130/><D109/><N who="2" m="41482" /><F115/><N who="1" m="44073" /><E83/><V3/><F3/><W104/><G104/><T69/><D118/><U91/><E102/><V56/><F94/><W51/><G127/><T2/><D124/><U74/><E74/><V39/><F39/><N who="1" m="14921" /><E91/><V5/><F5/><W99/><G75/><T4/><D130/><U85/><E85/><V60/><F60/><W119/><G119/><T97/><D133/><U57/><E95/><V29/><F29/><W9/><G9/><AGARI ba="0,0" hai="9,12,17,20,23,52,56,61,72,79,81" m="41482" machi="9" ten="30,3900,0" yaku="14,1,52,1,54,1" doraHai="73" who="2" fromWho="3" sc="190,0,396,0,205,39,209,-39" /><INIT seed="4,0,0,4,1,3" ten="190,396,244,170" oya="0" hai0="72,58,119,65,118,87,4,13,27,100,37,135,68" hai1="110,53,24,38,99,111,112,132,131,115,123,7,128" hai2="5,104,117,41,12,6,1,52,60,92,64,57,121" hai3="16,70,130,22,43,34,114,26,88,18,59,103,46"/><T74/><D37/><U116/><E38/><V21/><F104/><W61/><G70/><T80/><D68/><U82/><E53/><V8/><F121/><W94/><G114/><N who="1" m="43562" /><E82/><V44/><F117/><W71/><G71/><T63/><D135/><U73/><E73/><V109/><F109/><N who="1" m="41481" /><E99/><V42/><F92/><W83/><G34/><T28/><D100/><U81/><E81/><V25/><F1/><W62/><G130/><N who="1" m="49706" /><E116/><V32/><F32/><W93/><G18/><T10/><D74/><U85/><E85/><V107/><F107/><W11/><G11/><T51/><D72/><U129/><E129/><V14/><F64/><W40/><G83/><T79/><REACH who="0" step="1"/><D51/><REACH who="0" ten="180,396,244,170" step="2"/><U19/><E132/><V78/><F78/><W56/><G103/><T102/><D102/><U96/><E123/><V67/><F67/><N who="3" m="39335" /><G46/><T84/><D84/><U23/><E96/><V66/><F66/><N who="3" m="39263" /><G94/><T75/><D75/><U106/><E106/><V113/><F113/><W126/><G126/><T76/><D76/><U48/><E48/><V98/><F98/><AGARI ba="0,1" hai="16,22,26,40,43,88,93,98" m="39263,39335" machi="98" ten="30,3900,0" yaku="8,1,54,2" doraHai="3" who="3" fromWho="2" sc="180,0,396,0,244,-39,170,49" /><INIT seed="5,0,0,0,5,18" ten="180,396,205,219" oya="1" hai0="43,95,124,29,61,2,34,69,94,24,26,41,70" hai1="117,47,107,14,64,92,99,48,45,132,123,103,114" hai2="67,89,7,87,53,104,109,75,28,16,5,74,82" hai3="4,56,97,58,36,125,49,111,30,73,131,8,12"/><U72/><E123/><V130/><F109/><W133/><G36/><T90/><D2/><U116/><E72/><V3/><F104/><W106/><G111/><T66/><D124/><U54/><E114/><V83/><F130/><W80/><G125/><T108/><D108/><U126/><E132/><V68/><F28/><W13/><G131/><T62/><D26/><U57/><E126/><V122/><F122/><W44/><G133/><T105/><D105/><U120/><E120/><V11/><F53/><W96/><G30/><T119/><D119/><U121/><E121/><V77/><F5/><W42/><G13/><T127/><D127/><U15/><E107/><V25/><F67/><W50/><G50/><T84/><REACH who="0" step="1"/><D95/><REACH who="0" ten="170,396,205,219" step="2"/><U37/><E92/><V98/><F68/><W100/><REACH who="3" step="1"/><G97/><REACH who="3" ten="170,396,205,209" step="2"/><T10/><D10/><U76/><E99/><V27/><F98/><W9/><G9/><T46/><D46/><U0/><E45/><V93/><F3/><W20/><G20/><T81/><D81/><U78/><E47/><V86/><F82/><W21/><G21/><T63/><D63/><U52/><E0/><V128/><F83/><W113/><G113/><T112/><D112/><U118/><E116/><V32/><F128/><W31/><G31/><T65/><AGARI ba="0,2" hai="24,29,34,41,43,61,62,65,66,69,70,84,90,94" machi="65" ten="30,4000,0" yaku="1,1,0,1,9,1,53,0" doraHai="18" doraHaiUra="115" who="0" fromWho="0" sc="170,60,396,-20,205,-10,209,-10" /><INIT seed="6,0,0,3,1,77" ten="230,376,195,199" oya="2" hai0="43,90,73,47,26,30,24,20,50,52,14,133,74" hai1="87,45,117,93,56,32,105,101,116,57,13,70,120" hai2="51,22,113,97,92,23,128,9,81,119,123,130,67" hai3="122,33,98,102,41,95,135,115,99,108,125,88,71"/><V96/><F119/><W129/><G122/><T21/><D133/><U84/><E70/><V58/><F123/><W124/><G108/><T38/><D14/><U8/><E32/><V11/><F81/><W111/><G111/><T25/><D90/><U44/><E105/><V64/><F51/><W4/><G71/><T17/><REACH who="0" step="1"/><D25/><REACH who="0" ten="220,376,195,199" step="2"/><U126/><E13/><V106/><F113/><W53/><G135/><T2/><D2/><U10/><E120/><V89/><F89/><W72/><G115/><T7/><D7/><U134/><E134/><V54/><F128/><W55/><G4/><T94/><D94/><U35/><E93/><V85/><F92/><W16/><G129/><T132/><D132/><U3/><E3/><V65/><F130/><W34/><G88/><T37/><D37/><U48/><E117/><V59/><F106/><W103/><G95/><T104/><D104/><U61/><E116/><V127/><F127/><W15/><G15/><T12/><D12/><U19/><E126/><V5/><F5/><W68/><G125/><T75/><D75/><U118/><E118/><V60/><F85/><W121/><G124/><T83/><D83/><U82/><E82/><V107/><F107/><W91/><G72/><T6/><D6/><U79/><E87/><V66/><N who="2" m="16384" /><DORA hai="39" /><V1/><F1/><W63/><G121/><T29/><D29/><U112/><E84/><V0/><F0/><W69/><G91/><T114/><D114/><U62/><E112/><V109/><F109/><W49/><G69/><T100/><D100/><U18/><E101/><V36/><F36/><RYUUKYOKU ba="0,1" sc="220,30,376,-10,195,-10,199,-10" hai0="17,20,21,24,26,30,38,43,47,50,52,73,74" /><INIT seed="7,1,1,2,0,106" ten="250,366,185,189" oya="3" hai0="29,124,129,30,35,69,37,49,18,70,20,105,23" hai1="17,50,33,59,133,128,92,111,39,44,101,38,126" hai2="28,125,97,36,72,122,8,56,123,47,71,58,60" hai3="16,19,15,57,78,102,0,51,86,3,32,79,100"/><W109/><G32/><T4/><D37/><U75/><E17/><V91/><F72/><W99/><G109/><T90/><D105/><U98/><E59/><V48/><F125/><W7/><G19/><T89/><D124/><U10/><E92/><N who="2" m="56479" /><F36/><W94/><G100/><T34/><D4/><U22/><E50/><V53/><F28/><W61/><G51/><T65/><D18/><U27/><E10/><V135/><F8/><W87/><G7/><T112/><D49/><U21/><E44/><V83/><F83/><W24/><G24/><T9/><D9/><U43/><E98/><V84/><F84/><N who="3" m="32299" /><G3/><T103/><D103/><U68/><E27/><V110/><F110/><W40/><G40/><T113/><REACH who="0" step="1"/><D65/><REACH who="0" ten="240,366,185,189" step="2"/><U76/><E101/><V42/><F135/><W74/><G0/><T130/><AGARI ba="1,2" hai="20,23,29,30,34,35,69,70,89,90,112,113,129,130" machi="130" ten="25,8000,1" yaku="1,1,2,1,0,1,22,2,53,0" doraHai="106" doraHaiUra="107" who="0" fromWho="0" sc="240,103,366,-21,185,-21,189,-41" owari="343,14.3,345,44.5,164,-23.6,148,-35.2" /></mjloggm>