<mjloggm ver="2.3"><GO type="169" lobby="0"/><UN n0="%31%35%2E%31%35%63%6D" n1="%E5%A4%A9%E7%A9%BA%E3%81%AE%E6%8A%80" n2="%E3%82%A2%E3%83%B3%E3%83%88%E3%83%AC%E3%83%BC%E3%82%B9" n3="%4B%6F%74%61%38%31%36" dan="16,16,16,17" rate="2159.87,2115.65,2082.43,2177.80" sx="M,M,M,M"/><TAIKYOKU oya="0"/><INIT seed="0,0,0,5,2,35" ten="250,250,250,250" oya="0" hai0="34,24,33,60,37,99,2,26,30,93,105,95,118" hai1="96,117,128,131,110,40,89,130,113,59,63,79,122" hai2="47,36,55,68,10,58,20,5,103,123,109,127,13" hai3="85,12,21,15,6,32,78,125,97,69,23,64,41"/><T80/><D118/><U134/><E117/><V83/><F123/><W56/><G69/><T54/><D37/><U90/><E122/><V16/><F68/><W101/><G32/><T7/><D105/><U124/><E113/><V1/><F109/><W84/><G125/><T81/><D60/><U108/><E124/><V45/><F127/><W31/><G41/><T62/><D62/><U38/><E40/><V19/><F36/><W70/><G56/><T52/><D7/><U94/><E38/><V73/><F103/><W8/><G64/><T119/><D119/><U87/><E79/><V126/><F126/><W115/><G70/><T17/><D17/><U98/><E134/><V61/><REACH who="2" step="1"/><F19/><REACH who="2" ten="250,250,240,250" step="2"/><W9/><G101/><T28/><D99/><U107/><E107/><V48/><F48/><W27/><G97/><T91/><D91/><U42/><E98/><V18/><F18/><W104/><G104/><T100/><D100/><U133/><E110/><V88/><F88/><W121/><G121/><T39/><D39/><U75/><E108/><V4/><F4/><W86/><G115/><T71/><D71/><U92/><E90/><V3/><F3/><AGARI ba="0,1" hai="2,3,24,26,28,30,33,34,52,54,80,81,93,95" machi="3" ten="25,12000,1" yaku="22,2,52,2,54,1" doraHai="35" who="0" fromWho="2" sc="250,130,250,0,240,-120,250,0" /><INIT seed="0,1,0,5,0,8" ten="380,250,120,250" oya="0" hai0="124,7,29,132,48,1,120,117,97,85,107,13,106" hai1="125,133,79,43,53,28,121,11,73,88,67,91,89" hai2="104,20,50,17,69,3,114,10,127,54,64,24,21" hai3="68,87,41,95,31,126,90,96,72,34,6,93,108"/><T116/><D120/><U30/><E121/><V51/><F114/><W123/><G68/><T14/><D29/><U80/><E133/><V84/><F104/><W111/><G123/><T16/><D1/><U37/><E67/><V65/><F127/><W25/><G72/><T135/><D124/><U130/><E130/><V23/><F23/><W109/><G126/><T42/><D85/><U102/><E102/><V115/><F115/><W0/><G41/><T99/><D7/><U128/><E128/><V5/><F50/><W18/><G18/><T59/><D59/><U2/><E53/><V78/><F69/><W32/><G6/><T131/><D48/><U83/><E80/><V100/><F100/><N who="3" m="60431" /><G0/><T33/><D42/><U46/><E125/><V82/><REACH who="2" step="1"/><F21/><AGARI ba="1,0" hai="21,25,31,32,34,87,90,95,108,109,111" m="60431" machi="21" ten="30,1000,0" yaku="14,1" doraHai="8" who="3" fromWho="2" sc="380,0,250,0,120,-13,250,13" /><INIT seed="1,0,0,5,0,134" ten="380,250,107,263" oya="1" hai0="80,89,98,52,85,75,57,56,71,116,76,132,23" hai1="73,32,38,103,61,92,59,108,96,82,65,77,27" hai2="125,126,99,28,123,100,11,40,34,2,79,133,54" hai3="112,111,19,3,47,39,135,55,117,110,22,35,95"/><U101/><E38/><V33/><F40/><W109/><G112/><T58/><D116/><U97/><E108/><V91/><F91/><W78/><G35/><T6/><D71/><U18/><E32/><V104/><F123/><W60/><G135/><T105/><D132/><U29/><E18/><V37/><F37/><W120/><G120/><T67/><D67/><U115/><E115/><V49/><F133/><W72/><G3/><T68/><D68/><U93/><E27/><V43/><F43/><W14/><G117/><T46/><D6/><U53/><REACH who="1" step="1"/><E29/><REACH who="1" ten="380,240,107,263" step="2"/><V25/><F34/><W124/><G39/><T44/><D23/><U4/><E4/><V10/><F79/><W88/><G78/><T45/><D75/><U66/><AGARI ba="0,1" hai="53,59,61,65,66,73,77,82,92,93,96,97,101,103" machi="66" ten="30,12000,1" yaku="1,1,0,1,9,1,53,2" doraHai="134" doraHaiUra="63" who="1" fromWho="1" sc="380,-40,240,130,107,-40,263,-40" /><INIT seed="1,1,0,1,4,70" ten="340,370,67,223" oya="1" hai0="71,82,27,50,107,43,103,33,24,65,80,87,16" hai1="37,49,96,59,53,129,3,42,52,133,128,119,111" hai2="86,97,22,20,35,127,112,28,79,104,56,78,15" hai3="34,26,114,14,39,63,64,30,29,7,116,85,19"/><U32/><E3/><V11/><F127/><W21/><G114/><T66/><D107/><U99/><E32/><V125/><F125/><W89/><G116/><T76/><D103/><U121/><E119/><V131/><F112/><W110/><G110/><T47/><D71/><U61/><E99/><V55/><F131/><N who="1" m="50249" /><E96/><V91/><F35/><W115/><G115/><T44/><D33/><U106/><E106/><V48/><F97/><W58/><G39/><T113/><D113/><U57/><E121/><V77/><F28/><W95/><REACH who="3" step="1"/><G34/><REACH who="3" ten="340,370,67,213" step="2"/><T126/><D126/><U122/><E122/><V109/><F109/><W72/><G72/><T74/><D47/><N who="1" m="24015" /><E111/><V124/><F124/><W51/><G51/><T100/><D50/><N who="1" m="30871" /><E133/><V5/><REACH who="2" step="1"/><F104/><REACH who="2" ten="340,370,57,213" step="2"/><W69/><G69/><T67/><D74/><U120/><E120/><V75/><F75/><W46/><G46/><T102/><D44/><U41/><E41/><V134/><F134/><W4/><G4/><T36/><D43/><U0/><E0/><V9/><F9/><AGARI ba="1,2" hai="7,9,14,19,21,26,29,30,58,63,64,85,89,95" machi="9" ten="40,5200,0" yaku="1,1,8,1,53,1" doraHai="70" doraHaiUra="88" who="3" fromWho="2" sc="340,0,370,0,57,-55,213,75" /><INIT seed="2,0,0,2,1,77" ten="340,370,2,288" oya="2" hai0="114,70,106,109,68,41,119,105,135,134,56,113,96" hai1="51,66,127,83,91,85,43,84,53,36,73,102,111" hai2="48,15,87,110,98,45,23,129,99,55,71,57,82" hai3="92,94,32,88,8,90,61,64,13,14,67,0,108"/><V39/><F71/><N who="0" m="27178" /><D96/><N who="2" m="36906" /><F39/><W26/><G108/><T44/><D106/><U30/><E36/><V78/><F110/><W27/><G0/><T1/><D105/><U59/><E111/><V126/><F129/><W123/><G123/><T120/><D1/><U104/><E43/><N who="2" m="24639" /><F126/><W125/><G8/><T34/><D34/><U25/><E73/><V3/><F3/><W12/><G32/><T16/><D16/><U58/><E104/><V95/><F95/><N who="3" m="36395" /><G61/><T18/><D18/><U17/><E17/><N who="2" m="10687" /><F57/><W21/><G21/><T118/><D109/><U60/><E127/><V29/><F55/><W103/><G103/><T131/><D56/><U124/><E102/><V132/><F132/><N who="0" m="50730" /><D131/><U62/><E124/><V46/><F46/><W6/><G6/><T89/><D120/><U112/><E62/><V115/><F115/><N who="0" m="44042" /><D89/><N who="3" m="34409" /><G125/><T52/><D52/><U40/><E53/><V133/><F133/><W86/><G86/><T97/><D97/><U7/><E85/><V117/><F117/><W10/><G10/><T42/><D42/><U75/><E40/><V63/><F63/><W72/><G72/><T24/><D24/><AGARI ba="0,0" hai="12,13,14,24,26,27,64,67" m="34409,36395" machi="24" ten="30,7700,0" yaku="28,2,8,1,54,1" doraHai="77" who="3" fromWho="0" sc="340,-77,370,0,2,0,288,77" /><INIT seed="3,0,0,3,5,4" ten="263,370,2,365" oya="3" hai0="47,134,82,113,105,81,71,101,17,22,43,87,135" hai1="55,86,62,70,93,59,53,78,30,8,61,9,98" hai2="42,66,125,83,73,131,126,35,67,109,80,20,50" hai3="51,11,38,91,128,48,45,64,2,104,32,119,72"/><W97/><G119/><T100/><D71/><U69/><E30/><V13/><F35/><W12/><G2/><T95/><D47/><U116/><E116/><V54/><F42/><W120/><G120/><T103/><D43/><U77/><E86/><V112/><F112/><W132/><G32/><T130/><D22/><U33/><E33/><V74/><F109/><W41/><G72/><N who="2" m="27753" /><F20/><W58/><G128/><T18/><D130/><U7/><E7/><V108/><F108/><W92/><G132/><N who="0" m="50731" /><D105/><U106/><E106/><V118/><F118/><W63/><G104/><T23/><D23/><U19/><E19/><AGARI ba="0,0" hai="11,12,19,38,41,45,48,51,58,63,64,91,92,97" machi="19" ten="30,2900,0" yaku="7,1,52,1" doraHai="4" who="3" fromWho="1" sc="263,0,370,-29,2,0,365,29" /><INIT seed="3,1,0,4,0,1" ten="263,341,2,394" oya="3" hai0="26,89,124,48,24,79,129,31,102,57,71,8,70" hai1="6,28,32,95,107,101,108,120,68,7,17,84,10" hai2="58,13,46,42,5,122,11,64,98,83,104,19,80" hai3="15,55,25,91,90,100,119,75,51,92,21,9,43"/><W109/><G119/><T126/><D79/><U133/><E108/><V88/><F122/><W77/><G109/><T125/><D129/><U30/><E107/><V81/><F104/><W3/><G3/><T60/><D102/><U76/><E68/><V105/><F105/><W85/><G43/><T66/><D89/><N who="1" m="53671" /><E32/><V39/><F64/><W37/><G37/><T16/><D48/><U2/><E2/><V59/><F19/><N who="3" m="8687" /><G75/><T52/><D66/><U40/><E40/><V103/><F103/><W132/><G132/><T86/><D86/><U47/><E101/><V22/><F22/><W74/><G74/><T131/><D131/><U62/><E62/><V123/><F123/><W0/><G0/><T18/><D26/><U56/><E56/><V87/><F98/><N who="3" m="59463" /><G77/><T94/><D94/><U12/><E76/><V73/><F73/><W113/><G113/><T130/><D130/><U61/><E133/><V36/><F36/><W106/><G85/><T50/><D60/><U96/><E120/><V35/><F35/><W134/><G134/><T128/><D128/><U93/><E96/><V14/><F14/><W34/><G34/><T33/><REACH who="0" step="1"/><D8/><REACH who="0" ten="253,341,2,394" step="2"/><U49/><E93/><N who="2" m="54431" /><F39/><W99/><G106/><T112/><D112/><U111/><E111/><V44/><F42/><W67/><G67/><T53/><D53/><N who="1" m="29887" /><E61/><V63/><F63/><W29/><G99/><T110/><D110/><U45/><E45/><AGARI ba="1,1" hai="5,11,13,44,45,46,58,59,80,81,83" m="54431" machi="45" ten="30,3900,0" yaku="8,1,52,1,54,1" doraHai="1" who="2" fromWho="1" sc="253,0,341,-42,2,52,394,0" /><AGARI ba="1,0" hai="21,25,29,45,51,55,90,91" m="59463,8687" machi="45" ten="30,1500,0" yaku="8,1" doraHai="1" who="3" fromWho="1" sc="253,0,299,-15,54,0,394,15" /><INIT seed="3,2,0,2,3,44" ten="253,284,54,409" oya="3" hai0="63,91,48,60,109,57,58,108,95,79,74,13,107" hai1="32,25,56,34,29,65,26,88,46,130,53,54,5" hai2="132,96,19,114,31,110,49,97,120,87,125,51,76" hai3="133,10,14,127,99,86,11,116,73,75,66,117,93"/><W55/><G133/><T35/><D35/><U129/><E5/><V77/><F114/><W0/><G0/><T52/><D107/><U45/><E65/><V42/><F132/><W83/><G127/><T70/><D70/><U72/><E72/><V33/><F125/><W20/><G66/><T113/><D113/><U16/><E56/><V21/><F110/><N who="0" m="42602" /><D13/><U112/><E112/><V78/><F120/><W134/><G134/><T7/><D7/><U15/><E15/><N who="2" m="9471" /><F33/><W50/><G73/><T69/><D69/><U94/><E94/><V122/><F42/><W17/><G75/><T6/><D6/><U68/><E68/><V118/><F31/><W92/><G116/><T38/><D38/><U106/><E106/><V9/><F9/><W103/><G93/><T18/><D18/><U89/><REACH who="1" step="1"/><E16/><REACH who="1" ten="253,274,54,409" step="2"/><V36/><F122/><W12/><G117/><T2/><D58/><U41/><E41/><V62/><F118/><W61/><G14/><T135/><D135/><U85/><E85/><V43/><F87/><W64/><G64/><T123/><D123/><U1/><E1/><V37/><F43/><W121/><G121/><T3/><D3/><U59/><E59/><V67/><F36/><W115/><G115/><T27/><D2/><U98/><E98/><N who="2" m="37995" /><F37/><W119/><G119/><T100/><D74/><U39/><E39/><V126/><F126/><W101/><G86/><T47/><D57/><AGARI ba="2,1" hai="49,51,57,62,67,76,77,78" m="37995,9471" machi="57" ten="30,3900,0" yaku="8,1,52,2" doraHai="44" who="2" fromWho="0" sc="253,-45,274,0,54,55,409,0" /><INIT seed="4,0,0,3,5,47" ten="208,274,109,409" oya="0" hai0="109,128,92,83,98,32,121,16,19,39,23,81,55" hai1="0,69,52,41,7,46,111,1,94,120,54,42,82" hai2="26,89,48,50,44,127,60,61,65,118,115,31,63" hai3="18,77,10,28,76,124,66,33,71,68,102,131,11"/><T43/><D32/><U116/><E120/><V101/><F115/><W79/><G124/><T99/><D121/><U3/><E7/><V113/><F113/><W30/><G131/><T112/><D112/><U75/><E111/><V59/><F101/><W129/><G129/><T108/><D128/><U95/><E69/><V85/><F127/><W57/><G102/><T15/><D43/><U53/><E116/><V87/><F87/><W100/><G100/><T62/><D39/><U34/><E34/><V45/><F118/><W72/><G72/><T135/><D135/><U91/><E75/><V134/><F134/><W14/><G10/><T123/><D123/><U73/><E73/><V103/><F103/><W29/><G33/><T104/><D104/><U13/><E13/><V80/><F26/><W8/><G8/><T78/><D92/><U49/><E42/><N who="2" m="24599" /><F31/><W132/><G132/><T93/><D93/><U119/><REACH who="1" step="1"/><E119/><REACH who="1" ten="208,264,109,409" step="2"/><V51/><F45/><W107/><G68/><T40/><D15/><U37/><E37/><V125/><F125/><W126/><G71/><T122/><D122/><U133/><E133/><V84/><F84/><AGARI ba="0,1" hai="0,1,3,41,46,49,52,53,54,82,84,91,94,95" machi="84" ten="50,6400,0" yaku="1,1,52,1,54,1,53,0" doraHai="47" doraHaiUra="56" who="1" fromWho="2" sc="208,0,264,74,109,-64,409,0" /><INIT seed="5,0,0,1,0,57" ten="208,338,45,409" oya="1" hai0="20,60,23,72,90,19,113,63,30,78,3,124,130" hai1="31,5,11,39,126,116,71,106,67,46,96,18,9" hai2="21,110,41,10,53,108,49,17,102,12,0,55,86" hai3="93,120,85,84,2,1,105,101,28,15,107,92,65"/><U42/><E126/><V4/><F102/><W48/><G120/><T34/><D3/><U111/><E116/><V26/><F41/><W112/><G48/><T82/><D34/><U117/><E117/><V7/><F108/><W115/><G15/><T43/><D124/><U134/><E134/><V129/><F129/><W58/><G58/><T56/><D113/><U91/><E31/><V119/><F119/><W76/><G65/><T109/><D109/><U83/><E18/><V62/><F110/><W38/><G76/><T131/><D43/><U104/><E9/><V135/><F0/><W79/><G79/><T29/><D90/><U66/><E66/><V52/><F135/><W40/><G40/><T22/><D19/><U25/><E25/><V44/><F86/><W80/><G80/><T64/><REACH who="0" step="1"/><D63/><REACH who="0" ten="198,338,45,409" step="2"/><U81/><E111/><V73/><F4/><W68/><G1/><T99/><D99/><U77/><E91/><V125/><F125/><W95/><G2/><T50/><D50/><U51/><E51/><V88/><F88/><W97/><G112/><T122/><D122/><U24/><E96/><V45/><F73/><W54/><G97/><T114/><D114/><U35/><E35/><V128/><F128/><AGARI ba="0,1" hai="20,22,23,29,30,56,60,64,72,78,82,128,130,131" machi="128" ten="40,5200,0" yaku="1,1,19,1,52,1,53,0" doraHai="57" doraHaiUra="47" who="0" fromWho="2" sc="198,62,338,0,45,-52,409,0" owari="260,-14.0,338,13.8,-7,-50.7,409,50.9" /></mjloggm>