<mjloggm ver="2.3"><GO type="169" lobby="0"/><UN n0="%E8%B5%A4%E6%9C%A8%E3%81%97%E3%81%92%E3%82%8B" n1="%E3%83%97%E3%83%AC%E3%82%B9%E3%83%97" n2="%E6%99%A8%E6%98%8F%E5%B0%8D%E5%B3%99" n3="%E3%83%87%E3%83%A9%E3%82%B3%E3%83%83%E3%82%B3" dan="16,16,17,16" rate="2074.54,2174.71,2205.62,2138.73" sx="M,M,M,M"/><TAIKYOKU oya="0"/><INIT seed="0,0,0,3,4,13" ten="250,250,250,250" oya="0" hai0="22,56,45,23,128,17,46,77,134,51,66,31,104" hai1="69,72,98,92,109,100,14,54,35,107,110,65,125" hai2="133,3,101,90,99,63,84,130,80,120,105,102,115" hai3="124,25,39,114,29,112,113,7,117,2,106,33,118"/><T81/><D134/><U76/><E125/><V55/><F3/><W41/><G106/><T27/><D128/><U34/><E54/><V83/><F130/><W52/><G52/><N who="0" m="31775" /><D104/><U19/><E107/><N who="2" m="63935" /><F55/><W10/><REACH who="3" step="1"/><G124/><REACH who="3" ten="250,250,250,240" step="2"/><T121/><D121/><U135/><E135/><V62/><F133/><W48/><G48/><T53/><D53/><U57/><E109/><V94/><F120/><W70/><G70/><T12/><D66/><U44/><E69/><V38/><F38/><W15/><G15/><T16/><D31/><U30/><E30/><V97/><F62/><W60/><G60/><T123/><D123/><U0/><E110/><V78/><F63/><W36/><G36/><T122/><D122/><U111/><E111/><V58/><F58/><W59/><G59/><T75/><D75/><U11/><E57/><V79/><F115/><W131/><G131/><T67/><D67/><U5/><E65/><V129/><F129/><W64/><G64/><T28/><D28/><U4/><E44/><AGARI ba="0,1" hai="2,7,10,25,29,33,39,41,44,112,113,114,117,118" machi="44" ten="40,5200,0" yaku="1,1,23,2,53,0" doraHai="13" doraHaiUra="50" who="3" fromWho="1" sc="250,0,250,-52,250,0,240,62" /><INIT seed="1,0,0,3,3,122" ten="250,198,250,302" oya="1" hai0="114,95,94,126,60,124,130,4,127,3,28,34,10" hai1="105,85,97,31,133,132,98,68,101,108,117,2,47" hai2="91,93,102,71,49,11,0,80,116,21,63,74,42" hai3="79,44,15,134,48,25,69,89,67,32,96,37,131"/><U113/><E2/><V88/><F116/><W27/><G37/><T104/><D104/><U52/><E117/><V77/><F21/><W118/><G118/><T62/><D114/><U125/><E113/><V90/><F71/><W103/><G131/><T121/><D121/><U1/><E1/><V51/><F63/><N who="0" m="24106" /><D130/><U65/><E65/><V39/><F102/><W120/><G79/><T26/><AGARI ba="0,0" hai="3,4,10,26,28,34,94,95,124,126,127" m="24106" machi="26" ten="40,1500,0" yaku="18,1" doraHai="122" who="0" fromWho="0" sc="250,15,198,-7,250,-4,302,-4" /><INIT seed="2,0,0,0,0,2" ten="265,191,246,298" oya="2" hai0="37,60,46,8,3,10,11,17,66,31,126,107,68" hai1="23,108,51,12,62,127,94,13,29,82,105,86,78" hai2="35,25,102,41,50,7,36,109,44,119,48,88,125" hai3="115,116,15,129,130,16,28,14,79,132,92,87,61"/><V120/><F120/><W110/><G116/><T22/><D107/><U58/><E105/><V6/><F119/><W106/><G106/><T33/><D126/><U118/><E118/><V65/><F125/><W97/><G110/><T80/><D80/><U103/><E127/><V75/><F75/><W122/><G122/><T71/><D71/><U72/><E108/><V39/><F39/><W45/><G28/><T83/><D83/><U101/><E51/><N who="2" m="27023" /><F35/><W117/><G117/><T123/><D123/><U113/><E113/><V32/><F32/><W89/><G115/><T59/><D68/><U53/><E72/><V34/><F34/><W98/><G45/><T133/><D31/><U73/><E73/><V21/><F36/><W90/><G79/><T30/><D133/><U121/><E121/><V128/><F65/><W47/><G47/><T84/><D30/><U43/><E43/><V42/><F102/><W112/><G132/><T69/><D33/><U114/><E114/><V76/><F76/><W49/><G112/><T96/><D69/><U131/><E131/><V135/><F128/><W95/><G49/><N who="2" m="19049" /><F42/><W134/><G61/><T0/><D37/><U85/><E101/><V124/><F124/><W100/><G134/><T70/><D70/><U9/><E103/><V5/><F135/><W19/><G100/><T91/><D46/><U20/><E29/><N who="2" m="17583" /><F109/><W56/><G56/><T52/><D59/><U24/><E24/><V55/><F55/><W64/><G64/><T99/><D52/><U57/><E53/><V1/><F1/><W104/><G104/><T67/><D66/><RYUUKYOKU ba="0,0" sc="265,-15,191,-15,246,15,298,15" hai2="5,6,7,88" hai3="14,15,16,19,87,89,90,92,95,97,98,129,130" /><INIT seed="2,1,0,0,3,91" ten="250,176,261,313" oya="2" hai0="97,38,93,76,57,30,23,31,109,103,13,45,86" hai1="65,59,46,72,61,71,49,115,22,32,82,69,132" hai2="111,34,129,106,133,81,85,8,99,11,84,28,4" hai3="25,41,17,56,114,10,67,14,21,112,58,9,79"/><V96/><F133/><W117/><G117/><T7/><D109/><U37/><E115/><N who="3" m="44074" /><G79/><T87/><D38/><U5/><E32/><V131/><F111/><W3/><G41/><T121/><D121/><U18/><E132/><V105/><F34/><W16/><G67/><T98/><D98/><N who="2" m="37418" /><F28/><N who="0" m="10794" /><D45/><U64/><E5/><AGARI ba="1,0" hai="3,5,9,10,14,16,17,21,25,56,58" m="44074" machi="5" ten="30,2000,0" yaku="11,1,54,1" doraHai="91" who="3" fromWho="1" sc="250,0,176,-23,261,0,313,23" /><INIT seed="3,0,0,5,5,121" ten="250,153,261,336" oya="3" hai0="71,129,34,99,124,18,17,106,118,36,38,84,131" hai1="19,4,22,65,102,100,49,64,39,40,6,52,1" hai2="95,125,42,26,24,74,51,21,11,82,50,15,90" hai3="76,55,133,61,112,68,46,78,109,103,111,92,77"/><W86/><G112/><T134/><D84/><U89/><E39/><V75/><F125/><W62/><G133/><T16/><D118/><U126/><E40/><V54/><F42/><W28/><G28/><T87/><D87/><U32/><E32/><V85/><F51/><N who="3" m="29175" /><G68/><T117/><D117/><U113/><E113/><V72/><F95/><W56/><G56/><T132/><D71/><U67/><E126/><V130/><F130/><N who="0" m="49674" /><D34/><U110/><E110/><N who="3" m="41994" /><G86/><T47/><D47/><U69/><E69/><V122/><F122/><W23/><G23/><T60/><D60/><U127/><E127/><V116/><F21/><W108/><N who="3" m="42002" /><W104/><DORA hai="33" /><G104/><T79/><D124/><U13/><E89/><V44/><REACH who="2" step="1"/><F116/><REACH who="2" ten="250,153,251,336" step="2"/><W97/><AGARI ba="0,1" hai="61,62,76,77,78,92,97,103" m="42002,29175" machi="97" ten="50,18000,2" yaku="14,1,10,1,52,4" doraHai="121,33" who="3" fromWho="3" sc="250,-60,153,-60,251,-60,336,190" /><INIT seed="3,1,0,3,1,38" ten="190,93,191,526" oya="3" hai0="80,102,34,124,66,12,82,45,69,5,30,133,23" hai1="74,37,87,9,62,51,63,28,50,78,103,68,130" hai2="56,104,42,31,94,47,108,115,107,10,1,95,17" hai3="21,125,24,57,15,29,131,97,118,105,67,100,76"/><W49/><G118/><T52/><D133/><U3/><E74/><V79/><F108/><W101/><G125/><T44/><D124/><U13/><E3/><V91/><F115/><W109/><G131/><T54/><D34/><U83/><E130/><V2/><F31/><W32/><G101/><T59/><D102/><U0/><E0/><V39/><F95/><W7/><G76/><T113/><D113/><U89/><E37/><V90/><F90/><W4/><G109/><T61/><D69/><U6/><E28/><V77/><F56/><W48/><G67/><T86/><D80/><U25/><E25/><V26/><F1/><W33/><G49/><N who="0" m="28967" /><D45/><U58/><E103/><V99/><F26/><W70/><G70/><T88/><D30/><U55/><E68/><V20/><F79/><W11/><G4/><T75/><D75/><U121/><E121/><V114/><F114/><W18/><G7/><T35/><D35/><U8/><E8/><V110/><F77/><W53/><AGARI ba="1,0" hai="11,15,18,21,24,29,32,33,48,53,57,97,100,105" machi="53" ten="30,1500,0" yaku="0,1" doraHai="38" who="3" fromWho="3" sc="190,-6,93,-6,191,-6,526,18" /><INIT seed="3,2,0,4,0,72" ten="184,87,185,544" oya="3" hai0="56,78,23,21,83,7,80,96,130,120,132,39,97" hai1="20,17,76,66,98,34,85,101,22,11,68,33,55" hai2="110,1,24,111,122,69,88,26,71,64,119,30,75" hai3="70,51,16,48,52,90,84,73,126,10,105,47,63"/><W44/><G73/><T103/><D39/><U27/><E11/><V60/><F75/><W38/><G105/><T92/><D120/><U86/><E68/><V54/><F119/><W5/><G126/><T31/><D132/><U124/><E124/><V61/><F1/><W128/><G128/><T91/><D130/><U135/><E135/><V89/><F122/><W59/><G38/><T15/><D83/><U57/><E66/><V2/><F2/><W8/><G70/><N who="2" m="26633" /><F54/><W49/><G5/><T109/><D31/><U45/><E45/><V133/><F64/><W43/><G8/><T32/><D32/><U117/><E117/><V102/><F102/><W87/><G87/><N who="0" m="48535" /><D109/><N who="2" m="41482" /><F30/><W82/><G43/><T74/><D74/><U108/><E108/><V113/><F113/><W12/><AGARI ba="2,0" hai="10,12,16,44,47,48,49,51,52,59,63,82,84,90" machi="12" ten="30,11700,0" yaku="0,1,8,1,54,2" doraHai="72" who="3" fromWho="3" sc="184,-41,87,-41,185,-41,544,123" /><INIT seed="3,3,0,1,5,57" ten="143,46,144,667" oya="3" hai0="2,43,100,124,118,8,94,41,127,53,25,75,62" hai1="47,34,132,90,28,107,55,89,48,44,20,52,98" hai2="59,63,114,10,102,88,54,70,128,5,56,58,103" hai3="121,9,108,87,123,133,76,19,35,84,115,120,24"/><W46/><G46/><T27/><D118/><U60/><E34/><V95/><F114/><W101/><G9/><T109/><D109/><U112/><E112/><V15/><F128/><W131/><G19/><T86/><D75/><U29/><E132/><V122/><F122/><W50/><G50/><T11/><D2/><U110/><E110/><V30/><F30/><N who="1" m="11881" /><E107/><V67/><REACH who="2" step="1"/><F54/><REACH who="2" ten="143,46,134,667" step="2"/><W68/><G131/><T21/><D53/><U125/><E125/><V61/><F61/><W106/><G115/><T42/><D124/><U36/><E36/><V78/><F78/><W97/><G76/><T23/><D127/><U26/><E60/><V104/><F104/><W129/><G129/><T79/><D79/><U134/><E134/><V99/><AGARI ba="3,1" hai="5,10,15,56,58,59,63,67,70,88,95,99,102,103" machi="99" ten="30,7900,0" yaku="1,1,0,1,52,1,54,1,53,0" doraHai="57" doraHaiUra="18" who="2" fromWho="2" sc="143,-23,46,-23,134,98,667,-42" /><INIT seed="4,0,0,4,5,81" ten="120,23,232,625" oya="0" hai0="87,14,43,26,63,22,56,69,119,111,95,50,92" hai1="34,9,12,25,71,46,28,128,68,20,60,77,29" hai2="74,105,55,133,79,19,16,80,38,85,99,130,35" hai3="18,72,17,110,120,1,31,70,23,24,67,39,58"/><T117/><D69/><U123/><E123/><V116/><F35/><W7/><G72/><T94/><D111/><U124/><E128/><V108/><F108/><W100/><G39/><T103/><D117/><U30/><E124/><V102/><F116/><W64/><G70/><T93/><D119/><U96/><E77/><V6/><F133/><W125/><G100/><T82/><D14/><U44/><E71/><V13/><F38/><W76/><G76/><N who="0" m="46535" /><D50/><U106/><E44/><V0/><F0/><W104/><G104/><T40/><N who="0" m="23552" /><DORA hai="86" /><T52/><D103/><U129/><E46/><V78/><F130/><W53/><G58/><T32/><D32/><U115/><E129/><V121/><F121/><W66/><G1/><T89/><D89/><U118/><E118/><V84/><F74/><W57/><G57/><T101/><D101/><N who="1" m="62759" /><E20/><V98/><F98/><W37/><G37/><T91/><D91/><U3/><E3/><V112/><F112/><W83/><G110/><T131/><D131/><U48/><E48/><V90/><F78/><W73/><G73/><T47/><D47/><U65/><E115/><V27/><F27/><W135/><G120/><T114/><D114/><U42/><E42/><V21/><F21/><W10/><G24/><T33/><D33/><U97/><E97/><V36/><F36/><W51/><G51/><T62/><D62/><U127/><E127/><V4/><F13/><W41/><G125/><T59/><D56/><U88/><E88/><V2/><F2/><W75/><G75/><T15/><D15/><U5/><AGARI ba="0,0" hai="5,9,12,25,28,29,30,34,60,65,68" m="62759" machi="5" ten="30,1100,0" yaku="25,1" doraHai="81,86" who="1" fromWho="1" sc="120,-5,23,11,232,-3,625,-3" /><INIT seed="5,0,0,0,1,47" ten="115,34,229,622" oya="1" hai0="97,127,25,30,76,64,1,20,17,33,57,55,21" hai1="117,94,9,38,112,31,19,78,15,122,86,6,14" hai2="82,74,101,124,88,42,105,128,59,22,134,87,68" hai3="83,93,102,2,41,0,58,72,56,103,119,16,50"/><U34/><E117/><V7/><F68/><W111/><G111/><T79/><D1/><U43/><E122/><V52/><F42/><W135/><G135/><T107/><D33/><U132/><E132/><V118/><F134/><W104/><G104/><T130/><D64/><U48/><E38/><V27/><F118/><W92/><G41/><T131/><D127/><U96/><E112/><V121/><F124/><W81/><G50/><N who="0" m="30967" /><D97/><U120/><E120/><V10/><F74/><W80/><G16/><N who="0" m="12423" /><D107/><U109/><E109/><V99/><F128/><N who="0" m="49194" /><D30/><U89/><E31/><V71/><F71/><W133/><G133/><T108/><D108/><U123/><E34/><V39/><F121/><W26/><G72/><T28/><D28/><U85/><E123/><V126/><F126/><W90/><G26/><AGARI ba="0,0" hai="17,21,26,76,79" m="49194,12423,30967" machi="26" ten="30,3900,0" yaku="19,1,52,1,54,1" doraHai="47" who="0" fromWho="3" sc="115,39,34,0,229,0,622,-39" /><INIT seed="6,0,0,4,2,27" ten="154,34,229,583" oya="2" hai0="76,2,82,58,133,10,94,8,18,1,83,113,15" hai1="54,134,39,52,69,12,85,44,51,4,57,28,34" hai2="109,107,38,40,135,105,48,98,120,13,19,104,96" hai3="53,97,79,37,41,128,71,75,88,26,74,43,118"/><V16/><F120/><W60/><G118/><T59/><D133/><U93/><E134/><V121/><F121/><W101/><G128/><T17/><D94/><U84/><E69/><V114/><F135/><W116/><G116/><T68/><D68/><U64/><E64/><V87/><F38/><W115/><G88/><T110/><D76/><U127/><E127/><V108/><F87/><W103/><G53/><T63/><D113/><U50/><E39/><V45/><F114/><W7/><G7/><T61/><REACH who="0" step="1"/><D15/><REACH who="0" ten="144,34,229,583" step="2"/><U131/><E131/><V65/><F65/><W32/><G79/><T6/><D6/><U112/><E112/><V99/><REACH who="2" step="1"/><F13/><REACH who="2" ten="144,34,219,583" step="2"/><W23/><G37/><T89/><D89/><U20/><E12/><V5/><F5/><W25/><G115/><T122/><D122/><U0/><E4/><V56/><F56/><W129/><G71/><T33/><D33/><U78/><E0/><V81/><F81/><W106/><G75/><T14/><D14/><U3/><E3/><V124/><F124/><W102/><G74/><T125/><D125/><U62/><E34/><V67/><F67/><W31/><G32/><T111/><AGARI ba="0,2" hai="1,2,8,10,17,18,58,59,61,63,82,83,110,111" machi="111" ten="25,6400,0" yaku="1,1,0,1,22,2,53,0" doraHai="27" doraHaiUra="29" who="0" fromWho="0" sc="144,84,34,-16,219,-32,583,-16" /><INIT seed="7,0,0,3,3,39" ten="228,18,187,567" oya="3" hai0="70,64,101,34,113,66,65,63,80,116,37,24,11" hai1="111,78,32,129,112,130,36,42,105,85,27,46,9" hai2="52,133,16,51,18,83,131,103,57,26,104,75,41" hai3="76,115,56,110,59,31,44,72,19,89,29,54,126"/><W79/><G89/><T87/><D116/><U114/><E85/><V62/><F133/><W4/><G19/><N who="2" m="7209" /><F131/><W97/><G97/><T0/><D37/><U30/><E78/><V91/><F75/><W71/><G4/><T67/><D101/><U13/><E105/><V35/><F35/><W61/><G54/><T124/><D124/><U40/><E36/><V107/><F107/><W132/><G44/><T74/><D74/><U93/><E93/><V60/><F104/><W135/><G61/><N who="2" m="23657" /><F26/><W53/><G53/><T117/><D117/><U119/><E119/><V23/><F23/><W38/><G38/><T86/><D24/><U118/><E118/><V33/><F33/><W102/><G102/><T6/><D34/><U108/><E32/><V106/><F106/><W3/><G3/><T69/><D69/><U25/><E30/><V82/><F103/><W98/><G98/><T96/><D96/><U45/><REACH who="1" step="1"/><E13/><REACH who="1" ten="228,8,187,567" step="2"/><V92/><F41/><W50/><G76/><T99/><D87/><AGARI ba="0,1" hai="51,52,57,82,83,87,91,92" m="23657,7209" machi="87" ten="30,3900,0" yaku="8,1,54,2" doraHai="39" who="2" fromWho="0" sc="228,-39,8,0,187,49,567,0" owari="189,-21.1,8,-49.2,236,3.6,567,66.7" /></mjloggm>