<mjloggm ver="2.3"><GO type="169" lobby="0"/><UN n0="%E3%81%9B%E3%81%A9%E3%81%AA%E3%82%8A%E3%81%82%E3%82%93" n1="%45%7A%61%6B%69" n2="%70%6F%6E%2D%65%6E" n3="%E2%84%83%2D%75%74%65" dan="17,16,16,17" rate="2202.81,2118.89,2108.93,2200.39" sx="F,M,F,M"/><TAIKYOKU oya="0"/><INIT seed="0,0,0,3,1,127" ten="250,250,250,250" oya="0" hai0="7,1,110,58,96,9,19,49,113,47,13,85,40" hai1="69,17,133,18,41,27,55,109,30,76,67,99,77" hai2="38,37,106,63,116,86,21,2,44,83,23,6,66" hai3="120,28,89,132,131,33,64,39,125,72,12,51,57"/><T90/><D113/><U107/><E109/><V103/><F116/><W134/><G39/><T0/><D110/><U112/><E112/><V70/><F106/><W45/><G72/><T80/><D7/><U25/><E41/><V115/><F103/><W124/><G28/><T126/><D126/><N who="3" m="48745" /><G12/><T46/><D58/><U43/><E43/><V59/><F115/><W50/><G89/><T62/><D62/><U101/><E133/><N who="3" m="51306" /><G33/><T79/><D79/><N who="1" m="30283" /><E55/><V97/><F21/><W8/><G8/><T42/><REACH who="0" step="1"/><D96/><REACH who="0" ten="240,250,250,250" step="2"/><U61/><E27/><V88/><F97/><W74/><G120/><T31/><D31/><U111/><E111/><V14/><F6/><W22/><G74/><T54/><D54/><U123/><E123/><V56/><F2/><W114/><G114/><T129/><D129/><U82/><E82/><V60/><F83/><W75/><G75/><T53/><D53/><U102/><E25/><V15/><F15/><W87/><G87/><T95/><D95/><U4/><E30/><V71/><F14/><W5/><G5/><T98/><D98/><U104/><E4/><V73/><F73/><W92/><G92/><T78/><D78/><U65/><E99/><V35/><F86/><W32/><G57/><T24/><D24/><U16/><E107/><V118/><F59/><W3/><G3/><T119/><D119/><U91/><E104/><V10/><F56/><W135/><G135/><T68/><D68/><U108/><E108/><V48/><F71/><W52/><G52/><T26/><D26/><U29/><E69/><V122/><F70/><W121/><G121/><RYUUKYOKU ba="0,1" sc="240,30,250,-10,250,-10,250,-10" hai0="0,1,9,13,19,40,42,46,47,49,80,85,90" /><INIT seed="0,1,1,3,0,76" ten="270,240,240,240" oya="0" hai0="107,40,110,7,87,63,28,129,120,128,131,59,2" hai1="80,104,47,3,126,65,67,49,45,12,121,43,124" hai2="51,69,8,60,123,89,18,17,48,38,103,73,111" hai3="77,56,57,133,100,26,33,119,95,132,85,61,37"/><T93/><D120/><U11/><E121/><V14/><F38/><W90/><G119/><T27/><D107/><U115/><E104/><V134/><F111/><W71/><G37/><T91/><D40/><U15/><E115/><V117/><F134/><W135/><G100/><T109/><D7/><U16/><E3/><V92/><F123/><W105/><G105/><T20/><REACH who="0" step="1"/><D2/><REACH who="0" ten="260,240,240,240" step="2"/><U79/><E124/><V39/><F117/><W75/><G133/><T41/><D41/><U25/><E126/><V22/><F39/><W122/><G122/><T29/><D29/><U114/><E114/><V1/><F1/><W83/><G135/><T21/><D21/><U64/><E45/><V127/><F22/><W30/><G132/><T35/><D35/><U0/><E0/><V70/><F127/><W102/><G33/><T10/><D10/><U106/><E106/><V82/><F8/><W108/><G30/><T42/><D42/><U24/><REACH who="1" step="1"/><E12/><REACH who="1" ten="260,230,240,240" step="2"/><V97/><F14/><W13/><G13/><T74/><D74/><AGARI ba="1,3" hai="11,15,16,24,25,43,47,49,64,65,67,74,79,80" machi="74" ten="40,12000,2" yaku="1,1,2,1,52,1,54,1,53,3" doraHai="76" doraHaiUra="62" who="1" fromWho="0" sc="260,-123,230,153,240,0,240,0" /><INIT seed="1,0,0,0,3,89" ten="137,383,240,240" oya="1" hai0="28,11,97,125,131,86,73,104,38,17,13,44,71" hai1="90,88,64,105,119,83,87,26,67,53,29,124,7" hai2="25,78,47,20,112,31,57,46,77,15,123,134,95" hai3="36,19,108,106,126,59,68,111,22,35,66,110,50"/><U49/><E119/><V98/><F123/><W18/><G35/><T81/><D71/><U69/><E105/><V61/><F134/><W21/><G106/><T99/><D73/><U130/><E124/><V0/><F0/><W92/><G36/><T60/><D125/><U120/><E120/><V100/><F112/><W101/><G126/><T45/><D131/><U43/><E130/><V14/><F78/><W132/><G132/><T56/><D28/><U102/><E102/><V12/><REACH who="2" step="1"/><F77/><REACH who="2" ten="137,383,230,240" step="2"/><W24/><G110/><T135/><D135/><U40/><E7/><V117/><F117/><W72/><G108/><T94/><D104/><U91/><E69/><V93/><F93/><W48/><G92/><T52/><D38/><U70/><E70/><V23/><F23/><W128/><G22/><T3/><D3/><U109/><E109/><V133/><F133/><W37/><G21/><T41/><D41/><N who="1" m="15947" /><E26/><V58/><F58/><W79/><G59/><T85/><D99/><U129/><E129/><V103/><F103/><W1/><G101/><N who="0" m="60599" /><D86/><U122/><E122/><V16/><F16/><W127/><G19/><T80/><D80/><U51/><E29/><V114/><F114/><W9/><G18/><T39/><D39/><U76/><E51/><V115/><F115/><W74/><G48/><T33/><D33/><U34/><E34/><V10/><F10/><W84/><G50/><T6/><D6/><U8/><E8/><V32/><F32/><W63/><G37/><T82/><D82/><U30/><E30/><V42/><F42/><W54/><G128/><T113/><D113/><RYUUKYOKU ba="0,1" sc="137,10,383,10,230,10,240,-30" hai0="11,13,17,44,45,52,56,60,81,85" hai1="49,53,64,67,76,83,87,88,90,91" hai2="12,14,15,20,25,31,46,47,57,61,95,98,100" /><INIT seed="1,1,1,4,3,42" ten="147,393,240,210" oya="1" hai0="43,131,55,28,13,36,125,113,128,97,17,25,91" hai1="95,64,52,83,116,98,38,15,121,75,35,27,74" hai2="108,78,0,133,81,61,12,129,26,37,80,102,124" hai3="88,51,118,107,79,104,56,14,30,85,84,46,135"/><U40/><E116/><V54/><F0/><W90/><G135/><T86/><D113/><U122/><E64/><V33/><F108/><W7/><G79/><T5/><D5/><U3/><E3/><V127/><F133/><W16/><G30/><T9/><D125/><U31/><E15/><V115/><F37/><W112/><G7/><T59/><D97/><U58/><E121/><V63/><F129/><N who="0" m="49738" /><D43/><U47/><E83/><V82/><F102/><W44/><G112/><T94/><D36/><U34/><E34/><V18/><F78/><W70/><G70/><T24/><D28/><U120/><E120/><V19/><F54/><N who="3" m="31839" /><G104/><T69/><D69/><U21/><E35/><V103/><F103/><W50/><G107/><T76/><D76/><U57/><E57/><V101/><F101/><W123/><G118/><T62/><AGARI ba="1,1" hai="9,13,17,24,25,55,59,62,86,91,94" m="49738" machi="62" ten="30,1100,0" yaku="19,1" doraHai="42" who="0" fromWho="0" sc="147,24,393,-6,240,-4,210,-4" /><INIT seed="2,0,0,1,0,75" ten="171,387,236,206" oya="2" hai0="102,123,1,63,99,29,126,60,13,3,28,4,48" hai1="85,36,15,127,7,17,54,110,78,43,31,86,12" hai2="33,23,115,69,74,61,112,52,133,122,72,37,57" hai3="64,111,90,51,56,65,32,100,21,94,97,46,116"/><V62/><F33/><W113/><G32/><T68/><D123/><U125/><E110/><V66/><F72/><W27/><G111/><T35/><D126/><N who="1" m="48139" /><E31/><V120/><F23/><W30/><G116/><T20/><D48/><U41/><E54/><V108/><F74/><W89/><G113/><N who="2" m="43593" /><F108/><W70/><G70/><T0/><D68/><U55/><E55/><V79/><F79/><W24/><G24/><T67/><D67/><U26/><E26/><V59/><F133/><W39/><G39/><T71/><D71/><U34/><E34/><V93/><F93/><W19/><G19/><T58/><D58/><U131/><E36/><V124/><F124/><W45/><G45/><T25/><D29/><U114/><E114/><V128/><F128/><W117/><G117/><T77/><D77/><U88/><E131/><V98/><F98/><W2/><G2/><T105/><REACH who="0" step="1"/><D20/><REACH who="0" ten="161,387,236,206" step="2"/><U91/><E78/><V107/><F69/><W81/><G56/><T106/><D106/><U5/><E43/><V84/><F107/><W22/><G22/><T92/><D92/><N who="1" m="54287" /><E41/><V109/><F109/><W11/><G21/><T104/><D104/><U49/><E49/><V50/><F37/><W118/><G51/><T8/><AGARI ba="0,1" hai="0,1,3,4,8,13,25,28,35,60,63,99,102,105" machi="8" ten="40,2700,0" yaku="1,1,0,1,53,0" doraHai="75" doraHaiUra="16" who="0" fromWho="0" sc="161,37,387,-7,236,-13,206,-7" /><INIT seed="3,0,0,0,0,45" ten="198,380,223,199" oya="3" hai0="1,2,109,92,63,116,125,24,5,103,8,11,34" hai1="46,51,57,117,23,101,44,78,104,27,56,62,4" hai2="115,77,6,53,69,129,48,134,26,118,31,65,67" hai3="10,66,84,18,33,38,42,86,36,82,88,37,128"/><W73/><G73/><T122/><D116/><U114/><E114/><V80/><F115/><W99/><G33/><T113/><D122/><U70/><E117/><V83/><F118/><W60/><G128/><T12/><D113/><U76/><E70/><V93/><F134/><W123/><G123/><T3/><D63/><U89/><E4/><V15/><F129/><W39/><G99/><T100/><D92/><U95/><E101/><V49/><F93/><W110/><G110/><T22/><D100/><U79/><E104/><V32/><F69/><W91/><G42/><T133/><D103/><U41/><E46/><V28/><F28/><W58/><N who="3" m="9216" /><DORA hai="97" /><W132/><G132/><T40/><D40/><U120/><E62/><V106/><F106/><W105/><G105/><T127/><D133/><U111/><E111/><V9/><F80/><W61/><G61/><T13/><D34/><U108/><E108/><V43/><F43/><W19/><REACH who="3" step="1"/><G10/><REACH who="3" ten="198,380,223,189" step="2"/><T68/><D109/><U17/><E120/><V55/><F55/><W96/><G96/><AGARI ba="0,1" hai="17,23,27,41,44,51,56,57,76,78,79,89,95,96" machi="96" ten="40,2600,0" yaku="8,1,52,1" doraHai="45,97" who="1" fromWho="3" sc="198,0,380,36,223,0,189,-26" /><INIT seed="4,0,0,2,5,9" ten="198,416,223,163" oya="0" hai0="98,88,97,13,119,135,121,84,6,130,92,49,120" hai1="73,52,60,70,85,28,54,133,123,100,62,115,82" hai2="67,27,132,96,59,68,124,65,77,101,112,20,125" hai3="117,18,64,63,19,50,1,114,0,23,21,75,78"/><T25/><D119/><U38/><E123/><V113/><F77/><W32/><G32/><T102/><D130/><U134/><E115/><N who="2" m="44107" /><F59/><W131/><G114/><T91/><D135/><N who="1" m="51723" /><E73/><V122/><F132/><W16/><G117/><T7/><D25/><U30/><E38/><V40/><F40/><W48/><G131/><T79/><D79/><N who="1" m="46303" /><E100/><V116/><F122/><W128/><G128/><T126/><D126/><N who="2" m="48746" /><F68/><W4/><G78/><T105/><D49/><U51/><E54/><V10/><F10/><W37/><G37/><T106/><D102/><U87/><E87/><V86/><F86/><W12/><G75/><T76/><D84/><U24/><E70/><V72/><F116/><W45/><G4/><T94/><D76/><U42/><E42/><V36/><F72/><W29/><G29/><N who="1" m="11370" /><E24/><V58/><F58/><AGARI ba="0,0" hai="51,52,58,60,62" m="11370,46303,51723" machi="58" ten="30,2000,0" yaku="20,1,54,1" doraHai="9" who="1" fromWho="2" sc="198,0,416,20,223,-20,163,0" /><INIT seed="5,0,0,0,0,36" ten="198,436,203,163" oya="1" hai0="121,15,11,17,109,108,16,115,99,126,50,21,34" hai1="31,74,102,124,79,33,97,1,3,82,129,22,92" hai2="89,70,111,37,35,25,66,128,59,86,47,0,84" hai3="104,62,77,18,105,24,93,94,117,85,53,106,27"/><U113/><E113/><V114/><F111/><W65/><G117/><T57/><D34/><U26/><E129/><V90/><F0/><W73/><G73/><T78/><D115/><U42/><E124/><V45/><F70/><W58/><G77/><T13/><D126/><U44/><REACH who="1" step="1"/><E33/><REACH who="1" ten="198,426,203,163" step="2"/><V63/><F128/><W88/><G104/><T19/><D108/><U12/><E12/><V41/><F114/><W48/><G106/><T43/><D109/><U23/><E23/><V10/><F35/><W72/><G105/><T83/><D15/><U8/><E8/><V112/><F112/><W67/><G24/><T49/><D21/><U123/><E123/><V110/><F110/><W2/><G2/><T119/><D121/><U14/><E14/><V87/><F25/><W7/><G27/><T130/><D130/><U116/><E116/><V95/><F10/><W131/><G131/><T54/><D119/><U4/><E4/><V80/><REACH who="2" step="1"/><F47/><REACH who="2" ten="198,426,193,163" step="2"/><W51/><G7/><T132/><D11/><U135/><E135/><V133/><F133/><W29/><G58/><T91/><D132/><U39/><AGARI ba="0,2" hai="1,3,22,26,31,39,42,44,74,79,82,92,97,102" machi="39" ten="20,7800,0" yaku="1,1,0,1,7,1,52,1,53,0" doraHai="36" doraHaiUra="125" who="1" fromWho="1" sc="198,-26,426,98,193,-26,163,-26" /><INIT seed="5,1,0,3,3,124" ten="172,524,167,137" oya="1" hai0="20,5,66,16,67,22,103,3,87,12,28,93,131" hai1="23,44,128,25,109,14,94,120,53,125,79,98,46" hai2="64,115,50,129,1,45,91,56,48,2,132,95,85" hai3="35,75,52,60,83,76,73,130,9,31,88,99,127"/><U40/><E120/><V121/><F121/><W62/><G127/><T86/><D131/><U113/><E125/><V80/><F132/><W29/><G73/><T110/><D110/><U108/><E113/><V97/><F115/><W54/><G9/><T41/><D41/><U6/><E79/><V19/><F129/><W10/><G130/><T58/><D5/><U89/><E128/><V71/><F71/><W37/><G37/><T55/><D3/><U122/><E122/><V68/><F68/><W61/><G10/><T36/><D36/><U18/><E53/><V17/><F2/><W104/><G104/><T51/><D103/><U7/><E46/><V92/><F92/><W119/><G119/><T81/><D93/><U21/><E108/><V82/><F82/><W134/><G134/><T65/><REACH who="0" step="1"/><D81/><REACH who="0" ten="162,524,167,137" step="2"/><U15/><E109/><V74/><F1/><W90/><G99/><T133/><D133/><U78/><E94/><V69/><F97/><W26/><REACH who="3" step="1"/><G29/><REACH who="3" ten="162,524,167,127" step="2"/><T100/><D100/><U30/><E98/><V0/><F0/><W27/><G27/><AGARI ba="1,2" hai="12,16,20,22,27,28,51,55,58,65,66,67,86,87" machi="27" ten="40,5200,0" yaku="1,1,8,1,54,1,53,0" doraHai="124" doraHaiUra="135" who="0" fromWho="3" sc="162,75,524,0,167,0,127,-55" /><INIT seed="6,0,0,0,1,32" ten="237,524,167,72" oya="2" hai0="114,6,57,76,3,102,15,77,47,37,98,65,0" hai1="81,35,2,119,88,18,121,118,74,129,48,109,101" hai2="21,105,89,22,100,16,83,43,103,14,49,71,52" hai3="95,123,64,39,60,68,42,45,28,134,135,92,130"/><V99/><F71/><W24/><G123/><T7/><D15/><U79/><E109/><V41/><F103/><W69/><G69/><T96/><D57/><U78/><E121/><V53/><F21/><W108/><G108/><T122/><D122/><U50/><E35/><V12/><F12/><W116/><G116/><T61/><D47/><U54/><E129/><V85/><REACH who="2" step="1"/><F53/><REACH who="2" ten="237,524,157,72" step="2"/><W51/><G130/><T34/><D102/><U55/><E101/><V107/><F107/><W11/><G11/><T70/><D70/><U124/><E119/><V38/><F38/><W72/><G72/><T17/><D34/><U26/><E74/><V117/><F117/><W80/><G39/><T94/><D37/><U20/><E118/><V82/><F82/><W59/><G80/><T115/><D94/><U13/><E20/><V44/><AGARI ba="0,1" hai="14,16,22,41,43,44,49,52,83,85,89,99,100,105" machi="44" ten="20,18000,2" yaku="1,1,0,1,7,1,54,2,53,1" doraHai="32" doraHaiUra="19" who="2" fromWho="2" sc="237,-60,524,-60,157,190,72,-60" /><INIT seed="6,1,0,3,3,64" ten="177,464,347,12" oya="2" hai0="97,57,75,104,71,67,20,40,51,18,27,50,118" hai1="45,1,3,52,74,54,19,90,68,5,35,124,41" hai2="117,2,7,62,120,121,58,65,16,106,89,44,34" hai3="47,105,81,119,109,88,25,0,125,26,116,60,132"/><V56/><F117/><W85/><G109/><T95/><D75/><U115/><E74/><V98/><F34/><W69/><G105/><T101/><D118/><U129/><E35/><V114/><F114/><W128/><G0/><T10/><D104/><U123/><E115/><V91/><F44/><W6/><G6/><T93/><D71/><U127/><E123/><V53/><F2/><W63/><G128/><T42/><D93/><U131/><E68/><V33/><F7/><W46/><G125/><N who="1" m="48202" /><E90/><V80/><F33/><W108/><G108/><T135/><D135/><U61/><E19/><V134/><F134/><W24/><G132/><T28/><D51/><N who="1" m="27055" /><E3/><V8/><F106/><W55/><G116/><T99/><D99/><U66/><E5/><V96/><F121/><W4/><G119/><T77/><D77/><U103/><E103/><V83/><F120/><W78/><G4/><T49/><D49/><U102/><E102/><V82/><F91/><W29/><G29/><T122/><D122/><U84/><E84/><V79/><F89/><W30/><G30/><T110/><D110/><U100/><E100/><V23/><F8/><W107/><G107/><T31/><D31/><U72/><E72/><V73/><F79/><W126/><G126/><T48/><D48/><U21/><E1/><V22/><F73/><W12/><G12/><N who="0" m="7447" /><D50/><U37/><E37/><V9/><F9/><W133/><G133/><T86/><D86/><U43/><E21/><N who="2" m="7691" /><F16/><W32/><G32/><T112/><D112/><U92/><E129/><V113/><F113/><W87/><G69/><T94/><D94/><RYUUKYOKU ba="1,0" sc="177,15,464,-15,347,15,12,-15" hai0="20,27,28,40,42,57,67,95,97,101" hai2="53,56,58,62,65,80,82,83,96,98" owari="192,-20.8,449,54.9,362,16.2,-3,-50.3" /></mjloggm>