<mjloggm ver="2.3"><GO type="169" lobby="0"/><UN n0="%E3%81%AD%E3%81%8A%E3%82%80%E3%83%BC%E3%81%BF%E3%82%93" n1="%E3%81%A6%E3%82%93%E3%81%8F%E3%81%86" n2="%E7%94%9F%E4%BD%93%E3%81%AE%E6%A7%8B%E9%80%A0%31" n3="%E3%83%AF%E3%82%BF%E3%82%B7%E3%81%8C%E9%A3%9B%E3%82%93%E3%81%A0%E6%97%A5" dan="16,16,17,16" rate="2083.65,2197.17,2166.06,2112.48" sx="M,M,M,M"/><TAIKYOKU oya="0"/><INIT seed="0,0,0,5,4,19" ten="250,250,250,250" oya="0" hai0="65,5,122,109,135,48,82,112,70,27,91,100,31" hai1="35,49,38,103,36,37,30,69,10,43,127,6,45" hai2="42,68,52,32,46,63,102,94,72,105,124,21,98" hai3="96,25,131,54,4,123,77,101,23,29,44,88,40"/><T22/><D112/><U117/><E127/><V53/><F32/><W16/><G131/><T79/><D122/><U93/><E117/><V104/><F72/><W61/><G123/><T12/><D135/><U28/><E69/><V110/><F124/><W60/><G4/><T129/><D129/><U134/><E134/><V39/><F110/><W51/><G77/><T18/><D109/><U118/><E118/><V13/><F68/><W56/><G29/><T9/><D100/><U89/><E103/><V116/><F116/><W132/><G132/><T3/><D70/><U59/><E59/><V80/><F80/><W81/><G81/><T92/><D65/><U108/><E35/><V0/><F0/><W115/><G115/><T121/><D48/><U85/><REACH who="1" step="1"/><E108/><REACH who="1" ten="250,240,250,250" step="2"/><V133/><F133/><W73/><G73/><T58/><D58/><U84/><E84/><V128/><F128/><W130/><G130/><T97/><D121/><U66/><E66/><V99/><F105/><W41/><G101/><T107/><D107/><U120/><E120/><V14/><F99/><W17/><G61/><T106/><D106/><U113/><E113/><V2/><F104/><W78/><G78/><T7/><REACH who="0" step="1"/><D3/><AGARI ba="0,1" hai="3,6,10,28,30,36,37,38,43,45,49,85,89,93" machi="3" ten="40,2600,0" yaku="1,1,53,1" doraHai="19" doraHaiUra="87" who="1" fromWho="0" sc="250,-26,240,36,250,0,250,0" /><INIT seed="1,0,0,2,2,22" ten="224,276,250,250" oya="1" hai0="17,127,101,62,117,128,96,82,124,97,68,91,98" hai1="34,119,112,113,73,38,32,25,63,4,54,104,36" hai2="8,134,95,69,37,28,52,106,120,27,49,74,87" hai3="107,53,80,31,108,118,41,11,33,7,70,35,76"/><U9/><E119/><V21/><F120/><W48/><G107/><T84/><D68/><U16/><E104/><V133/><F106/><W105/><G105/><N who="0" m="63655" /><D62/><U51/><E73/><V45/><F74/><W0/><G118/><T55/><D55/><U93/><E93/><V79/><F69/><W121/><G121/><T85/><D17/><U5/><E63/><V131/><F131/><W2/><G2/><T125/><D117/><U40/><E40/><V115/><F115/><W29/><G70/><T77/><D128/><U109/><E109/><V92/><F37/><W135/><G108/><T65/><D65/><U110/><E110/><V30/><F30/><W24/><G41/><T81/><AGARI ba="0,0" hai="77,81,82,84,85,91,97,98,124,125,127" m="63655" machi="81" ten="40,5200,0" yaku="18,1,34,2" doraHai="22" who="0" fromWho="0" sc="224,52,276,-26,250,-13,250,-13" /><INIT seed="2,0,0,1,5,128" ten="276,250,237,237" oya="2" hai0="54,1,53,71,102,27,59,123,32,47,14,82,118" hai1="42,60,130,7,89,69,18,98,124,58,96,3,57" hai2="111,93,70,45,66,109,67,99,91,133,110,126,49" hai3="2,15,94,72,106,22,125,43,6,103,63,79,107"/><V86/><F126/><W74/><G74/><T84/><D1/><U92/><E130/><V30/><F70/><W95/><G95/><T87/><D123/><U73/><E73/><V122/><F122/><W81/><G63/><T5/><D71/><U50/><E124/><V8/><F133/><W101/><G15/><T119/><D102/><U83/><E83/><V135/><F135/><W129/><G22/><T13/><D47/><U23/><E7/><V19/><F30/><W80/><G80/><T112/><D112/><U64/><E3/><V108/><N who="2" m="27648" /><DORA hai="121" /><V134/><F134/><W117/><G117/><T113/><D113/><U114/><E114/><V20/><F8/><N who="3" m="2135" /><G125/><T39/><D39/><U52/><E42/><N who="2" m="24759" /><F86/><W36/><G129/><T131/><D131/><U75/><E75/><V132/><F132/><W115/><G115/><T4/><D118/><U40/><E40/><V31/><F31/><W116/><G116/><T78/><D84/><N who="1" m="52263" /><E69/><V26/><AGARI ba="0,0" hai="19,20,26,66,67,91,93,99" m="24759,27648" machi="26" ten="60,18000,2" yaku="14,1,10,1,52,4" doraHai="128,121" who="2" fromWho="2" sc="276,-60,250,-60,237,180,237,-60" /><INIT seed="2,1,0,2,1,42" ten="216,190,417,177" oya="2" hai0="115,74,78,71,85,120,124,39,119,67,34,4,123" hai1="10,9,52,79,116,0,26,36,108,5,107,103,106" hai2="33,25,51,81,105,92,110,28,59,58,88,104,64" hai3="44,76,114,17,60,84,27,61,57,109,99,94,35"/><V95/><F110/><W38/><G61/><T130/><RYUUKYOKU type="yao9" ba="1,0" sc="216,0,190,0,417,0,177,0" hai0="4,34,39,67,71,74,78,85,115,119,120,123,124,130" /><INIT seed="2,2,0,2,1,22" ten="216,190,417,177" oya="2" hai0="126,35,85,44,119,127,54,52,106,75,109,91,20" hai1="86,82,89,60,68,31,27,14,90,33,97,66,131" hai2="123,95,99,80,88,94,77,12,117,121,9,56,112" hai3="18,132,134,1,42,115,73,48,49,108,51,55,87"/><V10/><F112/><W76/><G73/><T24/><D75/><U30/><E131/><V5/><F117/><W61/><G1/><T105/><D35/><U98/><E30/><V46/><F56/><N who="3" m="34975" /><G76/><T113/><D113/><U100/><E14/><V17/><F94/><W114/><G87/><T15/><D15/><U64/><E64/><V39/><F39/><W84/><G18/><T102/><D109/><U29/><E29/><V72/><REACH who="2" step="1"/><F46/><REACH who="2" ten="216,190,407,177" step="2"/><N who="3" m="25687" /><G108/><T63/><D119/><U13/><E97/><V107/><F107/><W45/><G45/><T36/><D105/><N who="1" m="63639" /><E13/><AGARI ba="2,1" hai="5,9,10,12,13,17,72,77,80,88,95,99,121,123" machi="13" ten="30,5800,0" yaku="1,1,7,1,54,1,53,0" doraHai="22" doraHaiUra="62" who="2" fromWho="1" sc="216,0,190,-64,407,74,177,0" /><INIT seed="2,3,0,2,4,49" ten="216,126,481,177" oya="2" hai0="62,107,57,60,43,4,111,113,29,12,15,53,135" hai1="69,31,125,18,76,65,36,128,87,90,93,38,112" hai2="34,85,119,25,98,123,120,27,116,118,110,126,1" hai3="50,70,26,22,17,86,124,40,73,30,83,101,103"/><V5/><F85/><W46/><G70/><T16/><D113/><U80/><E128/><V88/><F88/><W99/><G124/><T117/><D107/><U3/><E3/><V6/><F98/><W114/><G114/><T95/><D111/><U19/><E125/><V89/><F89/><W55/><G73/><T108/><D108/><U106/><E106/><V94/><F94/><W39/><G99/><T59/><D135/><U96/><E112/><V13/><F126/><W7/><G7/><N who="2" m="2569" /><F110/><W51/><G17/><T58/><D29/><U61/><E31/><N who="2" m="19823" /><F1/><W56/><REACH who="3" step="1"/><G39/><REACH who="3" ten="216,126,481,167" step="2"/><T68/><D68/><U21/><REACH who="1" step="1"/><E18/><REACH who="1" ten="216,116,481,167" step="2"/><V9/><F119/><W84/><G84/><T78/><D16/><U131/><E131/><V109/><F118/><W102/><G102/><T35/><D117/><U44/><E44/><V127/><F116/><W132/><G132/><T28/><D4/><U2/><E2/><V91/><F127/><W8/><G8/><T20/><D28/><U67/><E67/><V42/><F109/><W121/><G121/><T33/><D33/><U0/><E0/><V75/><F123/><W23/><G23/><T122/><D20/><U130/><E130/><V63/><F120/><W134/><G134/><T64/><D35/><U115/><E115/><V32/><F9/><W11/><G11/><T24/><D122/><U105/><E105/><V129/><F32/><W52/><G52/><T77/><D53/><U66/><E66/><V10/><F129/><W41/><G41/><T133/><D43/><U82/><E82/><V92/><F42/><W48/><G48/><RYUUKYOKU ba="3,2" sc="216,-15,116,15,481,-15,167,15" hai1="19,21,36,38,61,65,69,76,80,87,90,93,96" hai3="22,26,30,40,46,50,51,55,56,83,86,101,103" /><INIT seed="3,4,2,5,2,50" ten="201,131,466,182" oya="3" hai0="54,85,91,104,44,10,110,113,7,127,130,2,76" hai1="62,23,48,27,90,30,34,77,80,13,73,107,57" hai2="126,43,116,131,102,31,45,79,89,8,36,115,97" hai3="105,56,64,70,51,96,4,122,12,25,125,33,65"/><W47/><G122/><T92/><D104/><U52/><E107/><V117/><F115/><W114/><G114/><T120/><D113/><U53/><E90/><V68/><F68/><W111/><G125/><T108/><D120/><U11/><E34/><V49/><F126/><W38/><G38/><T93/><D127/><U86/><E73/><V69/><F69/><W135/><G64/><T61/><D130/><U95/><E95/><V39/><F131/><W101/><G56/><T121/><D121/><U124/><E124/><V59/><F79/><W129/><G129/><T71/><D76/><U112/><E112/><V106/><F31/><N who="3" m="19695" /><G12/><T132/><D132/><U22/><E22/><V98/><F8/><W41/><G4/><T1/><D1/><U15/><E11/><V63/><F36/><W87/><G87/><T37/><D71/><U128/><E128/><V109/><F39/><W74/><G74/><T81/><D37/><U118/><E118/><V0/><F0/><W6/><G6/><T29/><D29/><U99/><E99/><V21/><F98/><W42/><G135/><T28/><D28/><U119/><E119/><V40/><F116/><W60/><G111/><N who="0" m="42539" /><D44/><AGARI ba="4,2" hai="13,15,23,27,30,44,48,52,53,57,62,77,80,86" machi="44" ten="30,8000,1" yaku="7,1,8,1,52,2,54,1" doraHai="50" who="1" fromWho="0" sc="201,-92,131,112,466,0,182,0" /><INIT seed="4,0,0,1,0,91" ten="109,243,466,182" oya="0" hai0="96,23,124,28,87,53,129,40,73,44,69,45,60" hai1="120,13,63,61,128,134,18,19,75,31,110,52,2" hai2="79,107,4,26,123,10,114,58,92,57,94,127,108" hai3="3,1,14,122,48,74,95,17,25,83,118,125,27"/><T5/><D73/><U59/><E120/><V76/><F123/><W30/><G118/><T62/><D124/><U39/><E110/><V99/><F107/><W111/><G111/><T97/><D129/><U42/><E2/><V67/><F108/><W35/><G122/><T46/><D5/><U6/><E75/><V34/><F127/><W115/><G25/><T56/><D40/><U55/><E31/><V130/><F130/><W47/><G125/><T37/><D37/><U100/><E134/><V121/><F121/><W80/><G115/><T71/><D87/><U135/><E135/><V103/><F114/><W20/><G80/><T81/><D81/><U112/><E112/><V106/><F26/><W113/><G113/><T117/><D117/><U38/><E100/><V15/><F34/><W78/><G95/><T9/><D9/><U0/><E0/><V12/><F106/><W82/><G83/><T132/><D132/><U126/><E126/><V116/><F116/><W90/><G90/><T72/><D72/><U88/><E42/><AGARI ba="0,0" hai="1,3,14,17,20,27,30,35,42,47,48,74,78,82" machi="42" ten="30,1000,0" yaku="7,1" doraHai="91" who="3" fromWho="1" sc="109,0,243,-10,466,0,182,10" /><INIT seed="5,0,0,5,0,54" ten="109,233,466,192" oya="1" hai0="64,32,65,8,39,93,2,95,11,35,90,110,71" hai1="62,117,127,89,132,97,85,99,92,70,53,49,121" hai2="44,122,51,128,41,100,98,47,42,135,113,57,56" hai3="36,79,109,69,76,108,14,20,28,22,67,25,37"/><U40/><E117/><V112/><F122/><W104/><G14/><T115/><D110/><U86/><E121/><V102/><F128/><W45/><G45/><T78/><D39/><U13/><E132/><V87/><F87/><W1/><G67/><T27/><D115/><N who="2" m="44106" /><F135/><W124/><G104/><T26/><D90/><U72/><E72/><V101/><F98/><W114/><G114/><T125/><D125/><U17/><E40/><V18/><F18/><W134/><G134/><T43/><D43/><U116/><E127/><V83/><F83/><W33/><G124/><T29/><D78/><U58/><E116/><V111/><F111/><W48/><G79/><T91/><D71/><U60/><E86/><V66/><F66/><W31/><G69/><T68/><D68/><U106/><E70/><V81/><F81/><W16/><G76/><T131/><D131/><U38/><E38/><AGARI ba="0,0" hai="38,41,42,44,47,51,56,57,100,101,102" m="44106" machi="38" ten="30,7700,0" yaku="15,1,11,1,52,2" doraHai="54" who="2" fromWho="1" sc="109,0,233,-77,466,77,192,0" /><INIT seed="6,0,0,1,1,72" ten="109,156,543,192" oya="2" hai0="15,75,13,73,29,125,53,82,93,98,129,126,112" hai1="94,10,51,11,57,17,80,116,33,77,7,132,123" hai2="114,69,121,87,85,102,39,14,9,128,111,2,56" hai3="1,3,71,36,101,83,106,31,86,117,113,47,19"/><V68/><F39/><W122/><G122/><T115/><D29/><U100/><E33/><V91/><F2/><W30/><G71/><T32/><D32/><U89/><E100/><V60/><F121/><W62/><G117/><T25/><D25/><U59/><E123/><V70/><F114/><N who="0" m="43562" /><D53/><U26/><E132/><V81/><F128/><W49/><G3/><T41/><D41/><U20/><E51/><V23/><F23/><W67/><G36/><T76/><D15/><U99/><E116/><V78/><F102/><W0/><G0/><T103/><D13/><N who="1" m="5343" /><E11/><V92/><F111/><W52/><G1/><T133/><D133/><U61/><E61/><V97/><F97/><W16/><G31/><T130/><D75/><U38/><E38/><V118/><F118/><W134/><G30/><T55/><D55/><U108/><E108/><V40/><F40/><W131/><G134/><T90/><D103/><U124/><E124/><AGARI ba="0,0" hai="73,76,82,90,93,98,124,125,126,129,130" m="43562" machi="124" ten="30,8000,1" yaku="18,1,15,1,34,2,52,1" doraHai="72" who="0" fromWho="1" sc="109,80,156,-80,543,0,192,0" /><INIT seed="7,0,0,0,5,5" ten="189,76,543,192" oya="3" hai0="29,100,46,43,26,14,106,82,15,18,68,97,58" hai1="118,74,62,39,51,19,132,8,24,102,21,9,10" hai2="81,48,83,79,55,3,66,125,33,101,40,113,23" hai3="130,109,87,80,59,86,120,54,123,129,73,69,85"/><W77/><G69/><T114/><D68/><U1/><E39/><V133/><F33/><W72/><G109/><T103/><D114/><U4/><E74/><N who="3" m="28778" /><G54/><T110/><D110/><U16/><E102/><V38/><F55/><W71/><G59/><T76/><D100/><U78/><E78/><V20/><F113/><W111/><G71/><T2/><D2/><U45/><E132/><V84/><F125/><W42/><G42/><T41/><D58/><U121/><E121/><N who="3" m="46666" /><G111/><T34/><D46/><U50/><E118/><V89/><F133/><W117/><G117/><T126/><D15/><U0/><E0/><V12/><F12/><W28/><BYE who="2" /><G28/><T44/><D44/><U67/><E19/><V112/><F112/><W98/><G98/><T25/><D25/><U57/><REACH who="1" step="1"/><E51/><REACH who="1" ten="189,66,543,192" step="2"/><V93/><F93/><W108/><G108/><T37/><D37/><U63/><E63/><V6/><F6/><W127/><G127/><T107/><D126/><U99/><E99/><V92/><F92/><W60/><G60/><T13/><D106/><U94/><E94/><V30/><F30/><W122/><G122/><T11/><D107/><U32/><E32/><V75/><F75/><AGARI ba="0,1" hai="75,77,80,85,86,87,129,130" m="46666,28778" machi="75" ten="40,3900,0" yaku="34,2" doraHai="5" who="3" fromWho="2" sc="189,0,66,0,543,-39,192,49" /><INIT seed="7,1,0,3,1,34" ten="189,66,504,241" oya="3" hai0="9,124,88,72,46,41,57,73,47,97,61,105,19" hai1="125,133,48,67,37,24,12,114,135,109,36,120,44" hai2="39,118,17,119,102,23,117,53,14,1,110,116,11" hai3="69,106,50,91,129,100,33,122,52,90,107,18,76"/><W28/><G122/><T60/><D124/><U126/><E12/><V101/><F101/><W68/><G76/><T71/><D71/><U92/><E92/><V66/><F66/><W128/><G28/><T29/><D29/><U111/><E24/><V65/><F65/><W78/><G78/><T63/><D57/><U77/><E77/><V4/><F4/><W26/><G100/><T127/><D127/><N who="1" m="48651" /><E67/><V20/><F20/><N who="3" m="13591" /><G33/><T64/><D64/><U27/><E27/><V84/><F84/><W21/><G21/><T10/><D10/><U49/><E44/><V32/><F32/><W121/><G121/><T58/><D58/><U51/><E114/><V42/><F42/><W5/><G69/><T93/><D105/><U2/><E2/><V94/><F94/><W81/><G68/><T70/><D70/><U55/><E55/><V6/><F6/><W43/><G107/><T74/><D41/><U3/><E3/><V112/><F112/><W80/><G5/><T8/><D8/><U54/><E54/><V95/><F95/><W56/><G106/><T123/><D123/><U62/><E62/><V30/><F30/><W15/><G43/><T87/><D87/><U134/><E120/><V115/><F115/><W132/><G56/><T45/><D9/><U0/><E0/><V103/><F103/><W22/><G52/><T79/><D79/><U98/><E98/><V59/><F59/><W40/><G40/><T38/><D19/><U83/><E83/><V75/><F75/><W104/><G104/><T85/><D85/><U16/><E16/><V99/><F99/><RYUUKYOKU ba="1,0" sc="189,15,66,15,504,-15,241,-15" hai0="38,45,46,47,60,61,63,72,73,74,88,93,97" hai1="36,37,48,49,51,109,111,133,134,135" owari="204,-19.6,81,-41.9,489,58.9,226,2.6" /></mjloggm>