<mjloggm ver="2.3"><GO type="169" lobby="0"/><UN n0="%E8%B5%A4%E6%AF%9B%E3%81%AE%E3%82%AD%E3%83%A7%E3%83%B3" n1="%E3%81%BE%E3%81%A8%E3%81%9F" n2="%E3%83%95%E3%82%8A%E3%82%AA%E3%83%8B%E3%83%BC%E3%83%AB" n3="%E6%9C%8B%E4%B9%9F%40" dan="18,16,16,16" rate="2342.80,2083.23,2157.09,2163.37" sx="M,M,M,M"/><TAIKYOKU oya="0"/><INIT seed="0,0,0,3,4,44" ten="250,250,250,250" oya="0" hai0="126,86,93,49,121,101,32,76,70,85,33,68,91" hai1="43,132,11,82,79,50,19,130,119,13,36,116,120" hai2="27,42,3,28,23,84,14,123,78,115,1,124,54" hai3="90,21,103,57,46,114,106,45,62,87,94,71,52"/><T59/><D121/><U26/><E120/><V80/><F123/><W100/><G114/><T16/><D126/><U25/><E36/><V117/><F115/><W18/><G71/><T73/><D73/><U47/><E130/><V35/><F124/><W67/><G106/><T104/><D104/><U81/><E132/><V61/><F42/><W134/><G134/><T4/><D4/><U38/><E82/><V10/><F117/><W15/><G46/><T55/><D101/><U97/><E97/><V105/><F105/><W89/><G89/><T30/><D30/><U99/><E99/><V98/><F98/><W31/><G31/><T107/><D107/><U5/><E38/><V108/><F108/><W51/><AGARI ba="0,0" hai="15,18,21,45,51,52,57,62,67,87,90,94,100,103" machi="51" ten="30,7900,0" yaku="0,1,8,1,52,1,54,1" doraHai="44" who="3" fromWho="3" sc="250,-39,250,-20,250,-20,250,79" /><INIT seed="1,0,0,1,5,52" ten="211,230,230,329" oya="1" hai0="111,64,31,47,78,100,88,23,101,126,87,82,36" hai1="115,128,97,107,66,123,98,120,27,94,129,112,46" hai2="16,3,0,83,33,8,17,35,4,18,89,108,59" hai3="14,110,12,102,53,49,58,7,95,134,43,20,61"/><U96/><E66/><V103/><F103/><W56/><G110/><T13/><D111/><U54/><E27/><V44/><F108/><W91/><G134/><T41/><D126/><U45/><E54/><V77/><F3/><W127/><G127/><T6/><D64/><U5/><E5/><V125/><F125/><W9/><G102/><T51/><D36/><U67/><E94/><V39/><F89/><W76/><G76/><T30/><D78/><U10/><E10/><V65/><F39/><W131/><G43/><T109/><D109/><U1/><E67/><V37/><F37/><W42/><G42/><T105/><D105/><U63/><E63/><V40/><F44/><N who="1" m="17001" /><E1/><V99/><F99/><N who="3" m="57855" /><G131/><N who="1" m="50250" /><E107/><V29/><F40/><W90/><G90/><T84/><D84/><U118/><E118/><V121/><F121/><AGARI ba="0,0" hai="96,97,98,112,115,120,121,123" m="50250,17001" machi="121" ten="40,7700,0" yaku="28,2,19,1" doraHai="52" who="1" fromWho="2" sc="211,0,230,77,230,-77,329,0" /><INIT seed="1,1,0,5,4,22" ten="211,307,153,329" oya="1" hai0="28,29,1,100,61,99,56,77,7,32,44,130,21" hai1="81,65,5,103,98,117,74,63,64,83,89,73,33" hai2="19,129,12,26,104,51,109,71,0,41,108,72,123" hai3="17,4,87,107,76,128,93,118,53,80,30,62,111"/><U35/><E5/><V34/><F123/><W114/><G118/><T38/><D130/><U97/><E89/><V91/><F71/><W43/><G107/><T115/><D115/><U57/><E57/><V60/><F129/><W23/><G128/><T86/><D32/><U47/><E63/><V113/><F113/><W16/><G114/><T58/><D1/><U31/><E47/><N who="2" m="26095" /><F72/><W11/><G111/><N who="2" m="42569" /><F104/><W18/><G43/><T9/><D38/><U122/><E31/><N who="2" m="19831" /><F60/><W54/><G62/><T68/><D68/><U49/><E49/><V88/><F0/><W127/><G127/><T96/><D44/><U75/><E122/><V106/><F106/><W112/><G112/><T69/><D69/><U8/><E73/><V121/><F121/><W125/><G125/><T27/><D29/><U48/><E48/><V78/><F78/><W134/><G134/><T59/><D61/><U102/><REACH who="1" step="1"/><E117/><REACH who="1" ten="211,297,153,329" step="2"/><V50/><F50/><W120/><G120/><T15/><REACH who="0" step="1"/><D100/><REACH who="0" ten="201,297,153,329" step="2"/><U52/><E52/><V94/><F94/><W37/><G93/><T85/><D85/><U119/><E119/><V131/><F131/><W70/><G37/><T126/><D126/><U90/><E90/><V82/><F82/><AGARI ba="1,2" hai="7,9,15,21,27,28,56,58,59,77,82,86,96,99" machi="82" ten="40,5200,0" yaku="1,1,8,1,52,1,53,0" doraHai="22" doraHaiUra="42" who="0" fromWho="2" sc="201,75,297,0,153,-55,329,0" /><INIT seed="2,0,0,0,5,134" ten="276,297,98,329" oya="2" hai0="96,102,117,69,90,18,86,123,99,104,82,79,73" hai1="122,46,91,97,100,8,28,38,71,129,32,22,107" hai2="81,126,29,67,95,34,50,56,23,4,72,113,93" hai3="13,61,19,30,112,37,84,2,83,9,85,41,78"/><V3/><F113/><W14/><G112/><T75/><D69/><U127/><E129/><V40/><F34/><W47/><G30/><T26/><D123/><U115/><E22/><V80/><F3/><W108/><G108/><T87/><D18/><U58/><E115/><V21/><F4/><W88/><G61/><T125/><D26/><U31/><E31/><V12/><F29/><W5/><REACH who="3" step="1"/><G19/><REACH who="3" ten="276,297,98,319" step="2"/><T76/><D117/><U24/><E28/><V66/><F66/><W10/><G10/><T70/><D70/><U27/><E8/><V120/><F67/><W119/><G119/><T16/><D16/><U17/><E17/><V132/><F120/><W35/><G35/><T103/><D125/><U135/><E71/><V20/><F126/><W89/><G89/><T133/><D133/><U64/><E135/><V74/><F132/><W7/><G7/><T130/><D130/><U65/><E32/><V128/><F128/><W0/><G0/><T60/><D60/><N who="1" m="37911" /><E65/><V36/><F23/><W48/><G48/><T11/><D11/><U101/><E91/><V53/><F50/><W51/><G51/><T1/><D1/><U98/><E122/><V114/><F114/><W110/><G110/><T25/><D25/><U57/><E24/><V33/><F33/><W15/><G15/><T52/><D79/><U131/><E131/><V77/><F77/><W6/><G6/><T62/><D62/><U55/><E27/><V106/><F12/><W92/><AGARI ba="0,1" hai="2,5,9,13,14,37,41,47,78,83,84,85,88,92" machi="92" ten="20,5200,0" yaku="1,1,0,1,7,1,54,1,53,0" doraHai="134" doraHaiUra="109" who="3" fromWho="3" sc="276,-13,297,-13,98,-26,319,62" /><INIT seed="3,0,0,1,2,130" ten="263,284,72,381" oya="3" hai0="111,66,114,61,9,64,98,120,68,22,7,104,134" hai1="63,17,73,110,108,90,77,92,14,57,36,94,78" hai2="42,16,46,8,109,115,50,2,60,5,54,105,65" hai3="1,106,85,6,12,122,95,21,83,52,131,35,82"/><W100/><G122/><T59/><D120/><U87/><E36/><V31/><F109/><N who="1" m="42089" /><E73/><V86/><F115/><W38/><G35/><T99/><D111/><U107/><E107/><V28/><F105/><W45/><G106/><T34/><D34/><U20/><E94/><V23/><F86/><W112/><G112/><T4/><D114/><U91/><E90/><V43/><F43/><W55/><G131/><T47/><D104/><U13/><E13/><V71/><REACH who="2" step="1"/><F42/><REACH who="2" ten="263,284,62,381" step="2"/><W125/><G85/><T119/><D98/><U15/><E78/><V44/><F44/><W93/><G45/><T133/><D99/><U0/><E77/><V10/><F10/><W101/><G125/><T49/><D9/><U89/><E87/><V39/><F39/><W19/><G83/><T32/><D47/><U18/><E92/><V37/><F37/><W117/><G38/><T80/><D80/><U41/><E41/><V126/><F126/><W79/><G82/><T72/><D72/><U30/><E0/><V128/><F128/><W132/><G79/><T102/><D119/><U51/><E57/><V53/><F53/><W70/><G117/><T25/><D59/><U56/><E56/><V26/><AGARI ba="0,1" hai="2,5,8,16,23,26,28,31,46,50,54,60,65,71" machi="26" ten="20,5200,0" yaku="1,1,0,1,7,1,54,1,53,0" doraHai="130" doraHaiUra="69" who="2" fromWho="2" sc="263,-13,284,-13,62,62,381,-26" /><INIT seed="4,0,0,3,4,46" ten="250,271,124,355" oya="0" hai0="103,119,14,69,21,72,40,37,29,83,6,0,135" hai1="124,132,74,23,12,63,92,98,33,113,111,78,11" hai2="96,104,38,81,80,93,71,47,82,26,18,45,52" hai3="112,31,117,73,100,87,107,85,79,34,41,127,59"/><T30/><D119/><U90/><E33/><V116/><F71/><W24/><G117/><T4/><D69/><U51/><E111/><V48/><F116/><W122/><G112/><T60/><D135/><U125/><E132/><V121/><F104/><W91/><G127/><N who="1" m="48714" /><E23/><N who="2" m="13687" /><F38/><W131/><G131/><T64/><D103/><U16/><E63/><V10/><F10/><W118/><G118/><T126/><D126/><U55/><E113/><V95/><F121/><W49/><G122/><T19/><D37/><U67/><E67/><V76/><F76/><W1/><G79/><T133/><D133/><U109/><E109/><V8/><F8/><W36/><G36/><T88/><D72/><U134/><E134/><V84/><F84/><W7/><G87/><N who="0" m="50303" /><D0/><U108/><E108/><V101/><F95/><W99/><G73/><T97/><D97/><U43/><E43/><V75/><F75/><W22/><G41/><T128/><D128/><U9/><E9/><V105/><F105/><W62/><G34/><T20/><D40/><U58/><E78/><V123/><F123/><W65/><G1/><T3/><D3/><U129/><E74/><V25/><F25/><W66/><G107/><T32/><D32/><U56/><E129/><V2/><F2/><W120/><G120/><T28/><D21/><U54/><E54/><V57/><AGARI ba="0,0" hai="45,47,48,52,57,80,81,82,93,96,101" m="13687" machi="57" ten="30,4000,0" yaku="8,1,52,1,54,1" doraHai="46" who="2" fromWho="2" sc="250,-20,271,-10,124,40,355,-10" /><INIT seed="5,0,0,4,4,53" ten="230,261,164,345" oya="1" hai0="69,105,15,44,72,58,67,51,85,7,79,36,55" hai1="116,46,6,32,17,29,128,9,93,82,27,4,3" hai2="66,64,34,19,35,73,119,24,43,12,26,54,14" hai3="49,0,99,8,134,117,5,90,109,61,28,131,118"/><U81/><E116/><N who="3" m="44650" /><G109/><T80/><D105/><U71/><E71/><V95/><F119/><W41/><G134/><T107/><D107/><U47/><E128/><V2/><F73/><W133/><G133/><T1/><D1/><U108/><E108/><V11/><F43/><W83/><G131/><T45/><D72/><U22/><E93/><V87/><F2/><W135/><G135/><T60/><REACH who="0" step="1"/><D36/><REACH who="0" ten="220,261,164,345" step="2"/><U74/><E6/><V10/><F34/><W103/><G5/><T113/><D113/><U21/><E32/><V37/><F37/><W98/><G0/><T112/><D112/><U124/><E74/><V94/><F35/><W59/><G99/><T132/><D132/><U30/><E3/><V20/><F87/><W104/><G98/><T129/><D129/><U50/><E124/><V86/><F86/><W84/><G104/><T126/><D126/><U96/><E96/><V101/><F101/><W48/><G103/><T106/><D106/><U97/><E97/><V130/><F130/><W122/><G84/><T115/><D115/><U91/><E4/><V42/><F94/><W40/><G83/><T39/><D39/><U52/><E82/><V92/><F92/><W16/><G122/><T38/><D38/><U88/><E81/><V63/><F95/><W125/><G125/><T70/><D70/><U100/><E100/><V77/><F77/><W89/><G89/><T57/><D57/><N who="1" m="32919" /><E88/><V62/><F66/><W25/><G90/><T75/><D75/><U121/><E91/><V78/><F64/><W110/><G110/><T65/><D65/><U56/><E121/><RYUUKYOKU ba="0,1" sc="220,30,261,-10,164,-10,345,-10" hai0="7,15,44,45,51,55,58,60,67,69,79,80,85" /><INIT seed="6,1,1,3,5,49" ten="250,251,154,335" oya="2" hai0="29,43,32,115,60,128,106,46,91,58,13,14,22" hai1="47,6,5,97,64,27,50,18,127,2,41,93,98" hai2="21,61,123,67,125,3,23,112,111,54,107,71,119" hai3="108,102,85,105,42,51,16,53,90,66,0,69,52"/><V7/><F119/><W56/><G0/><T79/><D106/><U80/><E2/><V75/><F123/><W62/><G108/><T77/><D115/><U26/><E64/><V28/><F112/><W113/><G113/><T4/><D32/><U9/><E97/><V73/><F111/><W45/><G69/><T38/><D128/><U33/><E33/><V132/><F107/><W86/><G105/><T84/><D14/><N who="1" m="7503" /><E80/><V78/><F132/><W39/><G102/><T89/><D89/><N who="1" m="55599" /><E127/><V82/><F125/><W92/><G39/><T12/><D12/><U88/><E88/><V30/><F75/><W57/><G57/><T48/><D38/><U99/><E99/><V40/><F40/><W126/><G126/><T122/><D122/><U131/><E131/><V24/><F7/><AGARI ba="1,1" hai="5,6,7,26,27,41,47,50" m="55599,7503" machi="7" ten="30,1000,0" yaku="8,1" doraHai="49" who="1" fromWho="2" sc="250,0,251,23,154,-13,335,0" /><INIT seed="7,0,0,5,3,118" ten="250,274,141,335" oya="3" hai0="90,75,28,127,100,91,95,135,68,51,39,79,56" hai1="61,103,33,31,94,47,114,124,76,121,59,4,122" hai2="58,29,93,85,27,65,117,71,109,22,133,60,1" hai3="67,48,115,89,40,119,108,57,30,42,80,88,19"/><W86/><G119/><T17/><D39/><U46/><E4/><V125/><F117/><W96/><G108/><T132/><D68/><U9/><E9/><V12/><F109/><W26/><G115/><T83/><D28/><U6/><E6/><V11/><F133/><N who="0" m="51274" /><D17/><U38/><E76/><V37/><F125/><W82/><G30/><T131/><D51/><U5/><E5/><V116/><F116/><W128/><G128/><T113/><D56/><U36/><E124/><V55/><F37/><N who="1" m="14441" /><E94/><V2/><F93/><N who="3" m="56367" /><G82/><T99/><D127/><U16/><E103/><V44/><F85/><W104/><G104/><N who="0" m="63519" /><D131/><U74/><E31/><V72/><F72/><W66/><G19/><T126/><D126/><U134/><E33/><V8/><F44/><N who="1" m="16937" /><E16/><V106/><F106/><W64/><G26/><T73/><D113/><U52/><E74/><N who="0" m="28169" /><D95/><U87/><E134/><V78/><F78/><W77/><G77/><T97/><D97/><U50/><E114/><V18/><REACH who="2" step="1"/><F11/><REACH who="2" ten="250,274,131,335" step="2"/><W130/><G130/><T69/><D69/><U24/><E87/><AGARI ba="0,1" hai="79,83,87,90,91" m="28169,63519,51274" machi="87" ten="30,3900,0" yaku="20,1,34,2" doraHai="118" who="0" fromWho="1" sc="250,49,274,-39,131,0,335,0" owari="299,9.9,235,-16.5,131,-36.9,335,43.5" /></mjloggm>