<mjloggm ver="2.3"><GO type="169" lobby="0"/><UN n0="%79%61%6E%72%6F%75" n1="%E6%98%8E%E6%98%9F%E5%B8%82%E6%B0%91" n2="%E4%B8%89%E6%B2%B3%E5%B1%8B%E3%81%AE%E3%82%B5%E3%83%96" n3="%E5%AE%88%E6%9D%91%E6%A1%9C%E5%BC%A5" dan="16,16,16,17" rate="2145.09,2148.77,2146.74,2175.48" sx="M,M,M,M"/><TAIKYOKU oya="0"/><INIT seed="0,0,0,4,3,95" ten="250,250,250,250" oya="0" hai0="99,26,37,53,81,27,106,48,133,74,129,124,90" hai1="118,18,13,59,62,64,125,30,55,100,1,91,40" hai2="123,35,7,122,67,44,84,85,4,68,103,20,25" hai3="107,49,80,22,54,75,78,120,14,119,33,101,93"/><T42/><D129/><U79/><E125/><V109/><F109/><W131/><G119/><T77/><D124/><U92/><E1/><V52/><F35/><W21/><G33/><T94/><D133/><U45/><E118/><V105/><F68/><W115/><G115/><T17/><D17/><U130/><E30/><V126/><F126/><W132/><G132/><T23/><D23/><U24/><E79/><V39/><F67/><W108/><G108/><T12/><D12/><U97/><E24/><V61/><F39/><W117/><G117/><T135/><D135/><U127/><E130/><V134/><F134/><W110/><G110/><T38/><D38/><U43/><E127/><V57/><F44/><W32/><G32/><T76/><D76/><U47/><E100/><V29/><F84/><W63/><G63/><T112/><D112/><U116/><E116/><V58/><F58/><N who="3" m="33103" /><G14/><T28/><D28/><U8/><E64/><V65/><F65/><W70/><G70/><T86/><D42/><AGARI ba="0,0" hai="8,13,18,40,42,43,45,47,55,59,62,91,92,97" machi="42" ten="40,2600,0" yaku="8,1,52,1" doraHai="95" who="1" fromWho="0" sc="250,-26,250,26,250,0,250,0" /><INIT seed="1,0,0,2,3,93" ten="224,276,250,250" oya="1" hai0="75,16,47,38,54,57,22,6,128,84,74,0,49" hai1="27,68,46,126,63,13,85,41,122,42,53,50,98" hai2="52,37,1,60,45,114,99,35,61,100,11,25,40" hai3="17,33,77,2,133,78,105,65,34,81,76,102,31"/><U94/><E126/><V30/><F114/><W32/><G133/><T23/><D128/><U29/><E122/><V109/><F109/><W117/><G2/><T56/><D22/><U71/><E13/><V112/><F112/><W58/><G117/><T73/><D38/><U15/><E15/><V36/><F36/><W88/><G17/><T51/><D51/><U20/><E85/><V106/><REACH who="2" step="1"/><F52/><REACH who="2" ten="224,276,240,250" step="2"/><W62/><G31/><T4/><D84/><U130/><E130/><V91/><F91/><W66/><G88/><T3/><D3/><U24/><E63/><V64/><F64/><W119/><G119/><T79/><D79/><U108/><E108/><V69/><F69/><W12/><G66/><T110/><D110/><U104/><E71/><V87/><F87/><W118/><G118/><T7/><REACH who="0" step="1"/><D0/><REACH who="0" ten="214,276,240,250" step="2"/><U123/><E123/><V89/><F89/><W101/><G78/><T70/><D70/><U72/><E68/><V48/><F48/><W113/><G77/><T129/><D129/><U82/><E72/><V111/><F111/><W92/><G113/><T5/><N who="0" m="1024" /><DORA hai="14" /><T83/><D83/><U120/><E82/><V67/><F67/><W90/><G81/><T103/><D103/><U44/><E120/><V18/><F18/><W59/><G76/><T96/><D96/><U116/><E98/><V124/><F124/><W86/><G101/><T39/><D39/><U121/><E50/><V21/><F21/><W131/><G131/><T10/><D10/><U115/><E121/><V125/><F125/><W107/><G102/><T134/><D134/><U97/><E20/><RYUUKYOKU ba="0,2" sc="214,15,276,-15,240,15,250,-15" hai0="16,23,47,49,54,56,57,73,74,75" hai2="1,11,25,30,35,37,40,45,60,61,99,100,106" /><INIT seed="2,1,2,5,3,97" ten="229,261,255,235" oya="2" hai0="99,38,63,57,79,102,72,82,68,116,42,60,81" hai1="69,85,26,39,95,4,98,111,106,62,56,40,12" hai2="80,128,30,3,27,0,47,6,5,31,101,11,24" hai3="113,120,28,45,89,76,48,78,108,1,35,135,77"/><V131/><F80/><W7/><G120/><T73/><D116/><U10/><E111/><V2/><F47/><W17/><G108/><T16/><D68/><U86/><E69/><V67/><F101/><W19/><G135/><T23/><D38/><U84/><E106/><V105/><F105/><W43/><G113/><T25/><D42/><U13/><E40/><V65/><F2/><W50/><G48/><T70/><D70/><U61/><E39/><V52/><REACH who="2" step="1"/><F11/><REACH who="2" ten="229,261,245,235" step="2"/><W127/><G1/><T92/><D57/><U126/><E56/><V14/><F14/><W37/><G45/><T36/><D36/><U117/><E117/><V104/><F104/><W71/><G37/><T132/><D132/><U53/><E10/><V129/><F129/><W112/><G112/><T32/><D32/><U114/><E13/><V119/><F119/><W49/><G35/><T133/><D133/><U34/><E12/><V123/><F123/><W110/><G110/><T75/><D75/><U109/><E34/><V88/><F88/><W90/><G90/><T91/><D91/><U64/><E109/><V107/><F107/><W44/><G89/><T46/><D46/><U115/><E115/><V20/><F20/><W103/><G44/><T21/><D23/><U9/><E9/><V66/><F66/><W18/><G43/><T130/><D130/><U41/><E64/><V15/><F15/><W58/><G58/><T100/><D102/><U124/><E41/><V54/><AGARI ba="1,3" hai="0,3,5,6,24,27,30,31,52,54,65,67,128,131" machi="54" ten="25,18000,2" yaku="1,1,0,1,22,2,54,1,53,2" doraHai="97" doraHaiUra="51" who="2" fromWho="2" sc="229,-61,261,-61,245,213,235,-61" /><INIT seed="2,2,0,2,2,15" ten="168,200,458,174" oya="2" hai0="31,109,38,97,45,95,74,93,89,0,44,54,33" hai1="18,114,51,124,50,102,23,63,73,13,49,107,30" hai2="75,58,21,61,69,28,76,88,129,100,132,94,1" hai3="111,90,113,57,5,79,62,135,127,72,43,17,116"/><V122/><F122/><W4/><G116/><T66/><D74/><U52/><E114/><V104/><F1/><W106/><G113/><T105/><D0/><U42/><E124/><V36/><F36/><W7/><G127/><T121/><D109/><U98/><E73/><V40/><F40/><W34/><G34/><T24/><D121/><U65/><E42/><V35/><F69/><W112/><G112/><T87/><D105/><U27/><E65/><V85/><F35/><W29/><G106/><T3/><D3/><U78/><E63/><V110/><F110/><W12/><G29/><T91/><D38/><U131/><E78/><V84/><F129/><W39/><G90/><T37/><D37/><U26/><E131/><V32/><F32/><W59/><G111/><T77/><D77/><U70/><E70/><V117/><F117/><W126/><G135/><T108/><D108/><U130/><E130/><V120/><F120/><W11/><G126/><T103/><D66/><U68/><E68/><V22/><F28/><W20/><G62/><T6/><D6/><U71/><E71/><V60/><F85/><W67/><G67/><T16/><D54/><U14/><E27/><V82/><F132/><W80/><G43/><T56/><D56/><N who="3" m="21577" /><G39/><T99/><REACH who="0" step="1"/><D16/><REACH who="0" ten="158,200,458,174" step="2"/><U53/><REACH who="1" step="1"/><E13/><REACH who="1" ten="158,190,458,174" step="2"/><V92/><F75/><W83/><G72/><T134/><D134/><U2/><E2/><V119/><F119/><W41/><G41/><T55/><D55/><U10/><AGARI ba="2,2" hai="10,14,18,23,26,30,49,50,51,52,53,98,102,107" machi="10" ten="30,7900,0" yaku="1,1,0,1,52,1,54,1,53,0" doraHai="15" doraHaiUra="81" who="1" fromWho="1" sc="158,-22,190,105,458,-41,174,-22" /><INIT seed="3,0,0,3,2,18" ten="136,295,417,152" oya="3" hai0="66,109,0,82,102,126,104,3,133,16,59,116,30" hai1="75,35,93,106,84,13,65,79,67,45,32,98,74" hai2="57,25,48,87,119,39,28,41,43,42,60,127,23" hai3="70,129,12,78,86,26,69,99,27,135,56,80,55"/><W33/><G129/><T62/><D116/><U64/><E106/><V6/><F119/><W9/><G135/><T77/><D133/><U11/><E45/><N who="2" m="25647" /><F39/><W61/><G99/><T85/><D109/><U124/><E124/><V121/><F121/><W95/><G95/><T130/><D126/><U50/><E50/><V100/><F127/><W7/><REACH who="3" step="1"/><G33/><REACH who="3" ten="136,295,417,142" step="2"/><T103/><D130/><U101/><E32/><V47/><F42/><W81/><G81/><T71/><D104/><U73/><E35/><V68/><F43/><W37/><G37/><T114/><D114/><U8/><E93/><V91/><F100/><W76/><G76/><T14/><D103/><U134/><E98/><V53/><F91/><W5/><G5/><T83/><D102/><U4/><E101/><V40/><F6/><W131/><G131/><T51/><D82/><U10/><E134/><V123/><F40/><W107/><G107/><T113/><D113/><U17/><E4/><V90/><F90/><W128/><G128/><T1/><D1/><U44/><E79/><V34/><F34/><W38/><G38/><T112/><D112/><U49/><E73/><V21/><F123/><W111/><G111/><T52/><REACH who="0" step="1"/><D30/><REACH who="0" ten="126,295,417,142" step="2"/><U58/><E74/><V88/><F28/><W118/><G118/><T2/><D2/><U15/><E75/><V132/><F132/><W97/><G97/><T54/><D54/><U46/><E84/><V105/><F53/><W117/><G117/><T89/><D89/><U29/><E29/><V63/><F88/><W36/><G36/><T92/><D92/><U115/><E115/><RYUUKYOKU ba="0,2" sc="126,15,295,-15,417,-15,142,15" hai0="0,3,14,16,51,52,59,62,66,71,77,83,85" hai3="7,9,12,26,27,55,56,61,69,70,78,80,86" /><INIT seed="3,1,2,0,1,15" ten="141,280,402,157" oya="3" hai0="79,59,99,16,27,78,36,126,92,129,46,98,125" hai1="56,35,115,76,18,29,41,53,86,70,120,39,127" hai2="83,49,112,32,109,96,67,26,88,23,85,133,38" hai3="123,64,117,135,75,12,90,119,30,124,21,34,97"/><W89/><G123/><T77/><D129/><U1/><E120/><V72/><F38/><W113/><G113/><T58/><D36/><U50/><E1/><V106/><F112/><W100/><G75/><T116/><D116/><U20/><E127/><N who="0" m="48649" /><D46/><U69/><E115/><V51/><F32/><W91/><G124/><T6/><D6/><U114/><E35/><V94/><F109/><W33/><G135/><T87/><D87/><U13/><E29/><V60/><F106/><W31/><G31/><T48/><D48/><U93/><E114/><V7/><F7/><W45/><G34/><T4/><D4/><U11/><E76/><V130/><F72/><W103/><G33/><T111/><D111/><U8/><E41/><V5/><F5/><W19/><G30/><T14/><D27/><U61/><E39/><V52/><F130/><W121/><G121/><T54/><D54/><U62/><E70/><V131/><F52/><W132/><G132/><T25/><D25/><U3/><E3/><V105/><F105/><W71/><G45/><T57/><D92/><U81/><E81/><V43/><F43/><W101/><REACH who="3" step="1"/><G97/><REACH who="3" ten="141,280,402,147" step="2"/><T134/><D134/><U0/><E0/><V2/><F2/><W65/><G65/><T128/><D128/><U68/><E68/><N who="2" m="42087" /><F133/><W110/><G110/><T40/><D40/><U82/><E69/><V84/><F131/><W17/><G17/><T73/><D73/><U22/><E18/><N who="2" m="12663" /><F96/><W66/><G66/><T28/><D28/><U44/><E44/><V107/><F107/><W95/><G95/><T9/><AGARI ba="1,3" hai="9,14,16,57,58,59,77,78,79,98,99" m="48649" machi="9" ten="40,5200,0" yaku="18,1,52,1,54,1" doraHai="15" who="0" fromWho="0" sc="141,85,280,-14,402,-14,147,-27" /><INIT seed="4,0,0,3,4,36" ten="226,266,388,120" oya="0" hai0="79,3,32,9,61,97,132,34,74,111,37,46,0" hai1="81,110,120,20,31,102,19,13,107,12,103,73,8" hai2="18,64,44,42,22,24,6,28,40,86,39,89,41" hai3="130,57,122,91,25,10,99,76,52,87,78,135,17"/><T82/><D132/><U15/><E110/><V49/><F6/><W128/><G135/><T75/><D111/><U88/><E120/><V47/><F64/><W62/><G122/><T1/><D74/><U23/><E107/><V30/><REACH who="2" step="1"/><F42/><REACH who="2" ten="226,266,378,120" step="2"/><W123/><G123/><T60/><D0/><U67/><E67/><V7/><F7/><W98/><G130/><T29/><D1/><U115/><E115/><V109/><F109/><W117/><G128/><T131/><D131/><U94/><E73/><V33/><F33/><W106/><G117/><T93/><D34/><U92/><E31/><V48/><F48/><W59/><G59/><T72/><D32/><U127/><E19/><V90/><F90/><W124/><G124/><T27/><D72/><U70/><E70/><V133/><F133/><W84/><G76/><T63/><D29/><U14/><E88/><V134/><F134/><W113/><G78/><T121/><D121/><U50/><E50/><V114/><F114/><W26/><G113/><T21/><D75/><U5/><E5/><V68/><F68/><W65/><G65/><T11/><D3/><U66/><E66/><V83/><AGARI ba="0,1" hai="18,22,24,28,30,39,40,41,44,47,49,83,86,89" machi="83" ten="20,8000,1" yaku="1,1,0,1,7,1,52,2,53,0" doraHai="36" doraHaiUra="125" who="2" fromWho="2" sc="226,-40,266,-20,378,90,120,-20" /><INIT seed="5,0,0,3,5,84" ten="186,246,468,100" oya="1" hai0="86,35,83,76,129,98,66,124,108,61,49,54,56" hai1="75,26,102,42,2,73,18,112,132,0,131,24,3" hai2="9,10,81,80,34,64,92,46,23,93,25,44,37" hai3="30,43,29,107,78,74,115,79,91,130,58,99,128"/><U94/><E112/><V95/><F34/><W116/><G43/><T122/><D124/><U113/><E113/><V5/><F64/><W111/><G115/><T16/><D129/><N who="3" m="49769" /><G111/><T69/><D122/><U119/><E131/><V38/><F5/><W100/><G58/><T17/><D108/><U1/><E132/><V67/><F67/><W36/><G36/><T57/><D35/><U125/><E125/><V40/><F44/><W62/><G62/><T22/><D22/><U120/><E119/><V47/><F47/><W88/><G116/><T15/><D15/><U127/><E120/><V39/><F46/><W85/><G85/><T28/><D28/><N who="3" m="10857" /><G74/><T6/><D6/><U19/><E127/><V87/><F40/><W70/><G70/><T89/><D69/><U110/><E110/><V77/><REACH who="2" step="1"/><F81/><REACH who="2" ten="186,246,458,100" step="2"/><W8/><G8/><T68/><D68/><U27/><E42/><V14/><F14/><W106/><G106/><T48/><D49/><U4/><E4/><V45/><F45/><W135/><G135/><T41/><D41/><U133/><E133/><V104/><F104/><W71/><G71/><T121/><D121/><U32/><E0/><V33/><F33/><W134/><G134/><T114/><D114/><U126/><E126/><V20/><F20/><W55/><G55/><T123/><D123/><U59/><E1/><V13/><F13/><W65/><G65/><T11/><D11/><U90/><E2/><V109/><F109/><W97/><G97/><T12/><D12/><U72/><E3/><V101/><F101/><W82/><G82/><N who="0" m="49367" /><D98/><U117/><E102/><RYUUKYOKU ba="0,1" sc="186,10,246,-30,458,10,100,10" hai0="16,17,48,54,56,57,61,66,76,83" hai2="9,10,23,25,37,38,39,77,80,87,92,93,95" hai3="78,79,88,91,99,100,107" /><INIT seed="6,1,1,0,5,134" ten="196,216,468,110" oya="2" hai0="108,40,123,15,66,124,118,44,77,119,33,133,112" hai1="31,84,34,25,72,52,97,3,81,122,109,71,19" hai2="30,88,59,27,32,111,58,126,14,87,26,76,82" hai3="9,23,91,98,116,79,22,4,74,117,130,100,121"/><V13/><F126/><W132/><G121/><T114/><D33/><U28/><E3/><V92/><F111/><W103/><G132/><T69/><D133/><U51/><E109/><V16/><F27/><W83/><G130/><T62/><D108/><U29/><E122/><V48/><F48/><W105/><G103/><T35/><D35/><U7/><E71/><V12/><REACH who="2" step="1"/><F16/><REACH who="2" ten="196,216,458,110" step="2"/><W1/><G117/><N who="0" m="44555" /><D123/><U17/><E72/><AGARI ba="1,2" hai="12,13,14,26,30,32,58,59,72,76,82,87,88,92" machi="72" ten="40,12000,1" yaku="1,1,54,1,53,2" doraHai="134" doraHaiUra="55" who="2" fromWho="1" sc="196,0,216,-123,458,143,110,0" /><INIT seed="6,2,0,4,0,29" ten="196,93,601,110" oya="2" hai0="3,95,43,38,58,102,112,115,121,76,104,129,31" hai1="135,17,82,84,12,48,77,119,35,88,26,33,16" hai2="87,124,126,123,6,117,50,78,20,57,18,52,107" hai3="9,85,68,131,11,106,54,89,55,114,90,32,2"/><V73/><F117/><W70/><G85/><T34/><D121/><U19/><E135/><V80/><F123/><W86/><G86/><T23/><D3/><U108/><E108/><V105/><F6/><W36/><G36/><T63/><D104/><U44/><E119/><V25/><REACH who="2" step="1"/><F73/><REACH who="2" ten="196,93,591,110" step="2"/><W116/><G116/><T122/><D122/><U41/><E26/><V60/><F60/><W91/><G131/><T125/><D63/><U61/><E61/><V111/><F111/><W101/><G2/><T132/><D129/><U4/><E77/><V59/><F59/><W28/><G70/><T1/><D58/><U72/><E72/><V53/><F53/><W133/><G68/><T79/><D1/><U15/><REACH who="1" step="1"/><E4/><REACH who="1" ten="196,83,591,110" step="2"/><V81/><F81/><W94/><G133/><T98/><D132/><U51/><E51/><V24/><F24/><W97/><G114/><N who="0" m="43563" /><D76/><U69/><E69/><V37/><F37/><W0/><G0/><T74/><D79/><U56/><E56/><V21/><F21/><W100/><G11/><T118/><D74/><U92/><E92/><V66/><F66/><W67/><G67/><T7/><D7/><U120/><E120/><V134/><F134/><W65/><G65/><T71/><D71/><U47/><E47/><V8/><F8/><W10/><G10/><T109/><D109/><U103/><E103/><V27/><F27/><N who="3" m="18463" /><G9/><T40/><D38/><U130/><E130/><V64/><F64/><W110/><G110/><T39/><D39/><U46/><E46/><V113/><F113/><W83/><G83/><T30/><D118/><U75/><E75/><RYUUKYOKU ba="2,2" sc="196,-30,83,10,591,10,110,10" hai1="12,15,16,17,19,33,35,41,44,48,82,84,88" hai2="18,20,25,50,52,57,78,80,87,105,107,124,126" hai3="54,55,89,90,91,94,97,100,101,106" /><INIT seed="6,3,2,1,3,79" ten="166,93,601,120" oya="2" hai0="13,1,87,10,115,36,38,107,109,99,52,3,96" hai1="33,101,120,108,104,92,91,130,32,15,26,29,82" hai2="19,58,78,11,69,37,35,70,134,0,73,83,8" hai3="46,14,124,85,27,74,12,66,28,48,61,102,53"/><V98/><F134/><W122/><G124/><T116/><D109/><U4/><E108/><V129/><F129/><W94/><G74/><T49/><D115/><U117/><E130/><V18/><F35/><W31/><G122/><T119/><D87/><U88/><E117/><N who="0" m="45129" /><D36/><U90/><E120/><V60/><F37/><W93/><G93/><T7/><D38/><U67/><E33/><V40/><F40/><W17/><G17/><T133/><D133/><U128/><E128/><V45/><F45/><W81/><G102/><N who="0" m="62919" /><D99/><U59/><E104/><V103/><F18/><W126/><G94/><T41/><D41/><U2/><E101/><V30/><F30/><W62/><G126/><T24/><D24/><U22/><E32/><V112/><F112/><W106/><G106/><T55/><D55/><U95/><E2/><V110/><F110/><W135/><G135/><T63/><D63/><N who="1" m="38399" /><E82/><V114/><F114/><W57/><G61/><T131/><D131/><U72/><E72/><V118/><F118/><W51/><G51/><T65/><D65/><U68/><E68/><N who="2" m="26219" /><F19/><W16/><G16/><T23/><D23/><U71/><E71/><V105/><F0/><W121/><G121/><T47/><AGARI ba="3,2" hai="1,3,7,10,13,47,49,52" m="62919,45129" machi="47" ten="30,2000,0" yaku="12,1,54,1" doraHai="79" who="0" fromWho="0" sc="166,49,93,-8,601,-13,120,-8" /><INIT seed="7,0,0,4,1,74" ten="215,85,588,112" oya="3" hai0="36,81,33,53,42,46,68,28,83,63,20,85,41" hai1="108,55,117,95,8,106,88,35,11,21,87,45,64" hai2="91,67,93,110,69,79,72,70,101,75,97,113,119" hai3="134,86,31,1,60,34,109,84,76,40,123,44,94"/><W65/><G123/><T125/><D33/><U73/><E108/><V54/><F110/><W133/><G1/><T92/><D41/><U80/><E35/><V100/><F119/><W77/><G109/><T4/><D4/><U51/><E106/><V39/><F39/><W127/><G127/><T56/><D92/><U5/><E117/><V22/><F113/><W96/><G31/><T128/><D128/><U50/><E64/><V120/><F120/><W121/><G34/><T47/><D68/><U131/><E131/><V58/><F22/><W57/><G86/><T30/><D46/><U18/><E5/><V107/><F100/><N who="3" m="60439" /><G84/><T82/><D85/><U90/><E50/><V114/><F114/><W130/><G130/><T38/><D36/><U24/><E73/><V14/><F75/><W66/><G66/><T89/><D30/><U27/><E27/><V61/><F14/><W15/><G15/><T3/><D3/><U43/><E43/><V32/><F32/><W116/><G116/><T129/><D125/><U99/><AGARI ba="0,0" hai="8,11,18,21,24,45,51,55,80,87,88,90,95,99" machi="99" ten="20,5200,0" yaku="0,1,7,1,8,1,54,1" doraHai="74" who="1" fromWho="1" sc="215,-13,85,52,588,-13,112,-26" owari="202,0.2,137,-26.3,575,67.5,86,-41.4" /></mjloggm>