<mjloggm ver="2.3"><GO type="169" lobby="0"/><UN n0="%E5%A4%A9%E6%89%8D%E9%BA%BB%E5%B0%86%E6%99%BA%E4%B9%83" n1="%E5%9C%9C%E7%94%B0%E6%B5%81%E7%89%8C%E6%89%8B" n2="%E6%88%B8%E9%83%B7%E7%BF%94%E5%BE%81" n3="%E3%81%9B%E3%81%A9%E3%81%AA%E3%82%8A%E3%81%82%E3%82%93" dan="16,16,17,17" rate="2172.18,2136.98,2196.54,2199.75" sx="M,M,M,F"/><TAIKYOKU oya="0"/><INIT seed="0,0,0,5,1,61" ten="250,250,250,250" oya="0" hai0="96,68,40,89,64,1,80,38,9,49,114,34,116" hai1="87,29,82,54,112,39,2,55,46,118,94,122,63" hai2="35,14,41,20,71,4,78,70,37,67,60,86,100" hai3="77,50,51,31,56,121,33,103,22,107,69,105,27"/><T117/><D114/><U134/><E2/><V10/><F35/><W26/><G69/><T5/><D34/><U129/><E118/><V75/><F75/><W58/><G77/><T108/><D38/><U65/><E129/><V73/><F73/><W81/><G81/><T44/><D108/><U124/><E122/><V98/><F71/><W11/><G11/><T90/><D89/><U53/><E124/><V74/><F74/><W131/><G103/><T45/><D45/><U92/><E29/><V99/><F99/><W95/><G95/><T25/><D25/><U123/><E123/><V130/><F130/><W119/><G121/><T13/><D1/><U23/><E23/><V6/><F20/><W83/><G83/><T127/><D127/><U132/><E112/><V24/><F24/><W135/><G135/><N who="1" m="51754" /><E46/><V43/><F37/><W59/><G131/><T120/><D120/><U125/><E39/><V66/><F4/><W42/><G119/><T97/><D117/><U133/><E125/><V47/><F47/><W93/><G42/><T21/><D21/><U7/><E7/><V16/><F6/><W57/><N who="3" m="14336" /><DORA hai="88" /><W17/><REACH who="3" step="1"/><G93/><REACH who="3" ten="250,250,250,240" step="2"/><T62/><REACH who="0" step="1"/><D116/><REACH who="0" ten="240,250,250,240" step="2"/><U115/><E133/><V85/><F10/><W110/><G110/><T126/><D126/><U8/><E115/><V18/><F78/><W28/><G28/><T32/><D32/><U30/><E8/><V19/><F14/><W101/><G101/><T128/><D128/><U109/><E30/><V84/><F100/><W113/><G113/><T0/><D0/><U76/><E109/><V3/><F3/><RYUUKYOKU ba="0,2" sc="240,10,250,10,250,-30,240,10" hai0="5,9,13,40,44,49,62,64,68,80,90,96,97" hai1="53,54,55,63,65,76,82,87,92,94" hai3="17,22,26,27,31,33,50,51,105,107" /><INIT seed="0,1,2,5,4,91" ten="250,260,220,250" oya="0" hai0="47,55,127,42,61,27,3,72,71,68,96,108,63" hai1="66,15,5,74,28,135,122,11,99,87,12,106,82" hai2="115,65,89,73,56,38,9,36,8,45,58,98,116" hai3="83,26,97,117,23,46,0,104,50,57,59,19,120"/><T70/><D72/><U125/><E122/><V13/><F115/><W54/><G117/><T103/><D3/><U119/><E119/><V123/><F73/><W101/><G0/><T62/><D27/><U90/><E125/><V77/><F123/><W94/><G120/><T102/><D102/><U31/><E135/><V113/><F77/><W39/><G104/><T7/><D7/><U51/><E66/><V126/><F113/><W34/><G34/><T10/><D10/><U43/><E15/><V44/><F126/><W88/><G39/><T131/><D127/><U32/><E32/><V114/><F114/><W110/><G110/><T30/><D30/><U112/><E74/><V134/><F134/><W107/><REACH who="3" step="1"/><G83/><REACH who="3" ten="250,260,220,240" step="2"/><T40/><D108/><U52/><E112/><V121/><F116/><W105/><G105/><T75/><D131/><U49/><E106/><V53/><F38/><W69/><G69/><T118/><D118/><U111/><E111/><V24/><F36/><W20/><G20/><T86/><D71/><U84/><E43/><V4/><F121/><W2/><G2/><T14/><D70/><U128/><E128/><V1/><F1/><W67/><G67/><T132/><D68/><U17/><E82/><V37/><F37/><W41/><G41/><T60/><D42/><U22/><E22/><V6/><F65/><W80/><G80/><T21/><D40/><U48/><E52/><V81/><F53/><W29/><G29/><T78/><D55/><U85/><E5/><V130/><F6/><W18/><G18/><T79/><D21/><U35/><E35/><RYUUKYOKU ba="1,3" sc="250,-15,260,15,220,-15,240,15" hai1="11,12,17,28,31,48,49,51,84,85,87,90,99" hai3="19,23,26,46,50,54,57,59,88,94,97,101,107" /><INIT seed="1,2,3,2,0,19" ten="235,275,205,255" oya="1" hai0="7,13,42,69,132,22,24,102,61,28,29,47,33" hai1="128,64,51,89,34,21,35,55,76,116,125,44,3" hai2="58,119,56,59,57,121,106,16,109,134,9,129,82" hai3="91,67,54,49,2,99,39,100,95,80,131,117,77"/><U17/><E116/><V112/><F121/><W115/><G115/><T10/><D132/><U88/><E3/><V15/><F119/><W18/><G117/><T87/><D102/><U50/><E128/><V31/><F134/><W94/><G39/><T108/><D108/><U124/><E76/><V46/><F109/><W113/><G113/><T120/><D120/><U48/><E64/><V1/><F106/><W96/><G2/><T103/><D103/><U75/><E75/><V74/><F129/><W0/><G0/><T105/><D105/><U122/><E122/><V40/><F112/><W123/><G123/><T62/><D69/><U25/><E55/><V53/><F1/><W20/><G67/><T63/><D87/><U8/><E8/><V45/><F31/><W104/><G104/><T32/><REACH who="0" step="1"/><D29/><REACH who="0" ten="225,275,205,255" step="2"/><U43/><E43/><V92/><F40/><W98/><G131/><T127/><D127/><N who="1" m="48715" /><E44/><V23/><F46/><N who="3" m="27959" /><G100/><T12/><D12/><U135/><E135/><V79/><F45/><W27/><G77/><T90/><D90/><AGARI ba="2,4" hai="17,21,25,34,35,48,50,51,88,89,90" m="48715" machi="90" ten="30,5800,0" yaku="18,1,52,1,54,1" doraHai="19" who="1" fromWho="0" sc="225,-64,275,104,205,0,255,0" /><INIT seed="1,3,0,2,3,1" ten="161,379,205,255" oya="1" hai0="41,55,100,49,77,45,122,118,92,67,12,79,42" hai1="63,4,123,9,110,130,72,131,80,108,127,25,38" hai2="26,105,37,83,64,61,56,121,3,113,69,58,2" hai3="23,78,16,17,51,75,50,24,46,115,27,39,20"/><U35/><E38/><V34/><F121/><W101/><G115/><T81/><D118/><U126/><E63/><V57/><F37/><W109/><G109/><N who="1" m="42090" /><E80/><V117/><F117/><W132/><G132/><T54/><D122/><U82/><E82/><V84/><F113/><W52/><G101/><T106/><D106/><U65/><E65/><V74/><F74/><W0/><G0/><T62/><D42/><U47/><E47/><V11/><F105/><W19/><G39/><T31/><D79/><U103/><E103/><V94/><F94/><W119/><G119/><T7/><D92/><U36/><E72/><V66/><F66/><W116/><G116/><T22/><D100/><U107/><E107/><V97/><F97/><W129/><G129/><N who="1" m="49162" /><E36/><V33/><F26/><W88/><G78/><T93/><D93/><U125/><E123/><V28/><F28/><N who="3" m="17415" /><G75/><T15/><D77/><U96/><E96/><V30/><F30/><N who="3" m="17791" /><G51/><T133/><D49/><U29/><E127/><V91/><F2/><AGARI ba="3,0" hai="2,4,9,25,29,35,125,126" m="49162,42090" machi="2" ten="30,18000,2" yaku="14,1,10,1,19,1,23,1,34,2,52,1" doraHai="1" who="1" fromWho="2" sc="161,0,379,189,205,-189,255,0" /><INIT seed="1,4,0,4,1,36" ten="161,568,16,255" oya="1" hai0="96,105,56,99,135,0,54,35,91,58,82,124,122" hai1="74,53,5,30,73,85,64,34,121,114,108,32,59" hai2="40,20,14,19,69,77,127,48,22,83,52,4,24" hai3="117,129,84,62,78,130,103,38,116,66,132,26,75"/><U86/><E114/><V61/><F127/><W89/><G38/><T31/><D124/><U18/><E121/><V11/><F69/><W92/><G132/><T15/><D0/><U94/><E64/><V88/><F61/><W115/><G115/><T119/><D119/><N who="3" m="45641" /><G26/><T80/><D135/><U134/><E5/><V98/><F77/><W133/><G133/><T71/><D71/><U50/><E134/><V107/><F107/><W102/><G62/><T68/><D68/><U72/><E30/><V112/><F112/><W90/><G66/><T100/><D122/><U16/><E108/><V111/><F111/><W97/><G78/><T49/><D31/><U63/><E63/><V47/><F22/><W33/><G75/><T6/><D35/><U29/><E29/><V101/><F101/><N who="3" m="38411" /><G33/><T60/><D91/><U37/><E37/><V42/><F98/><N who="0" m="37418" /><D100/><U67/><E67/><V13/><F24/><W9/><G9/><N who="0" m="4535" /><D105/><U65/><E65/><AGARI ba="4,0" hai="49,54,56,58,60,65,80,82" m="4535,37418" machi="65" ten="30,1000,0" yaku="8,1" doraHai="36" who="0" fromWho="1" sc="161,22,568,-22,16,0,255,0" /><INIT seed="2,0,0,3,3,43" ten="183,546,16,255" oya="2" hai0="56,42,72,50,47,80,115,69,114,44,6,121,123" hai1="103,54,46,45,10,26,120,23,20,58,135,109,106" hai2="99,79,1,76,64,37,85,55,71,68,51,133,117" hai3="5,14,134,118,116,53,132,95,4,127,49,94,90"/><V13/><F117/><N who="3" m="45163" /><G127/><T25/><D6/><N who="3" m="2665" /><G14/><T66/><D25/><U131/><E109/><V30/><F1/><W75/><G75/><T126/><D69/><U2/><E131/><V16/><F133/><N who="3" m="51307" /><G90/><T119/><D119/><U83/><E2/><V105/><F30/><W124/><G124/><T35/><D126/><U48/><E103/><V84/><F37/><W100/><G100/><T7/><D7/><U98/><E26/><V52/><F105/><W63/><G63/><N who="0" m="38247" /><D72/><U34/><E106/><V130/><F99/><W87/><G87/><N who="2" m="33353" /><F130/><W122/><G122/><N who="0" m="46603" /><D80/><U89/><E120/><V93/><F93/><W41/><G41/><N who="0" m="24847" /><D35/><U21/><E83/><V38/><F38/><AGARI ba="0,0" hai="38,42,47,114,115" m="24847,46603,38247" machi="38" ten="30,7700,0" yaku="34,2,52,2" doraHai="43" who="0" fromWho="2" sc="183,77,546,0,16,-77,255,0" owari="260,6.0,546,64.6,-61,-56.1,255,-14.5" /></mjloggm>