<mjloggm ver="2.3"><GO type="169" lobby="0"/><UN n0="%4D%41%43%4F%54%4F" n1="%E3%82%8A%E3%82%87%E3%81%A1" n2="%E3%83%A4%E3%83%9E%E3%83%80%E3%81%95%E3%82%93" n3="%E9%A2%A8%E3%81%A7%E9%B3%B4%E3%81%8F" dan="16,16,17,16" rate="2066.36,2155.28,2105.22,2170.57" sx="F,M,M,M"/><TAIKYOKU oya="0"/><INIT seed="0,0,0,0,5,79" ten="250,250,250,250" oya="0" hai0="130,48,115,126,35,117,109,119,8,62,81,30,54" hai1="63,27,36,47,86,5,84,107,95,128,4,90,132" hai2="93,88,49,22,94,6,31,75,28,50,40,33,101" hai3="78,10,53,45,3,41,11,64,96,37,29,77,106"/><T20/><D115/><U15/><E107/><V57/><F75/><W9/><G3/><T66/><D35/><U113/><E128/><V7/><F33/><W19/><G29/><T114/><D114/><U111/><E113/><V102/><F57/><W69/><G19/><T73/><D126/><U52/><E111/><V135/><F135/><W55/><G106/><T2/><D109/><U59/><E132/><V39/><F39/><W61/><G96/><T85/><D73/><U76/><E15/><V99/><F40/><W1/><G1/><T71/><D130/><U51/><E36/><V67/><F67/><W110/><G110/><T112/><D112/><U91/><E76/><V118/><F118/><W133/><G133/><T105/><D105/><U44/><E27/><V98/><F22/><W131/><G131/><T125/><D125/><U134/><E134/><V21/><F21/><W72/><REACH who="3" step="1"/><G77/><REACH who="3" ten="250,250,250,240" step="2"/><T12/><D2/><U25/><E25/><V121/><F121/><W87/><G87/><T17/><D30/><U103/><E103/><V38/><F38/><W97/><G97/><T122/><D122/><U129/><E129/><V14/><F14/><W124/><G124/><T83/><D85/><U70/><E70/><V74/><F74/><W58/><G58/><T46/><REACH who="0" step="1"/><D8/><REACH who="0" ten="240,250,250,240" step="2"/><U92/><E44/><V116/><F116/><AGARI ba="0,2" hai="12,17,20,46,48,54,62,66,71,81,83,116,117,119" machi="116" ten="40,12000,1" yaku="1,1,2,1,52,2,53,0" doraHai="79" doraHaiUra="23" who="0" fromWho="2" sc="240,140,250,0,250,-120,240,0" /><INIT seed="0,1,0,0,5,131" ten="380,250,130,240" oya="0" hai0="9,82,46,6,80,103,37,31,110,2,41,81,13" hai1="44,135,48,74,99,106,116,40,57,30,128,69,101" hai2="132,70,61,122,18,124,68,118,28,39,71,17,14" hai3="4,15,16,43,121,91,125,113,79,130,51,8,78"/><T75/><D110/><U22/><E116/><V109/><F122/><W3/><G113/><T11/><D103/><U56/><E69/><V111/><F39/><W92/><G121/><T32/><D31/><U38/><E128/><V95/><F118/><W65/><G130/><T72/><REACH who="0" step="1"/><D32/><REACH who="0" ten="370,250,130,240" step="2"/><U1/><E30/><V77/><F28/><W5/><G125/><T112/><D112/><U19/><E101/><V66/><F124/><W98/><G65/><T45/><D45/><U93/><E44/><V96/><F109/><W114/><G114/><T108/><D108/><U73/><E106/><V25/><F111/><W89/><G3/><T85/><D85/><U0/><E0/><V115/><F115/><W127/><G127/><T105/><D105/><U90/><E1/><V54/><F66/><W76/><G89/><T10/><D10/><U86/><E90/><V120/><F120/><W20/><G8/><T26/><D26/><U134/><E73/><V53/><F25/><W60/><G60/><T59/><D59/><U36/><E57/><V63/><F63/><W117/><G117/><T84/><D84/><U119/><E86/><V27/><F61/><W58/><G58/><T7/><AGARI ba="1,1" hai="2,6,7,9,11,13,37,41,46,72,75,80,81,82" machi="7" ten="30,3000,0" yaku="1,1,0,1,53,0" doraHai="131" doraHaiUra="123" who="0" fromWho="0" sc="370,43,250,-11,130,-11,240,-11" /><INIT seed="0,2,0,1,5,116" ten="413,239,119,229" oya="0" hai0="84,77,122,92,10,66,35,64,73,87,127,133,78" hai1="59,86,119,113,16,47,7,25,12,93,69,81,11" hai2="102,48,54,117,6,90,134,76,89,46,99,129,43" hai3="126,41,17,108,28,45,67,21,63,42,128,22,71"/><T115/><D115/><U24/><E69/><V56/><F117/><W23/><G126/><T20/><D35/><U32/><E119/><V40/><F129/><W100/><G128/><T104/><D104/><U112/><E93/><V91/><F134/><W15/><G108/><T85/><D133/><U68/><E68/><V79/><F6/><W60/><G100/><T51/><D73/><U65/><E47/><V5/><F5/><W88/><G28/><T61/><D122/><U62/><E32/><V34/><F34/><W70/><G42/><T75/><D75/><U19/><E112/><V120/><F120/><W29/><G29/><T1/><D92/><U26/><REACH who="1" step="1"/><E113/><REACH who="1" ten="413,229,119,229" step="2"/><V44/><F44/><W2/><G70/><T110/><D110/><U82/><E82/><V3/><F3/><W31/><G71/><T101/><D127/><U135/><E135/><V131/><F131/><W74/><G31/><T105/><D105/><U33/><E33/><V106/><REACH who="2" step="1"/><F40/><REACH who="2" ten="413,229,109,229" step="2"/><W30/><G45/><T52/><D1/><U0/><E0/><V8/><F8/><W4/><G41/><T53/><D10/><U94/><E94/><V83/><F83/><W18/><G2/><T80/><D80/><U9/><E9/><V118/><F118/><W27/><G30/><T95/><D95/><U72/><E72/><V50/><AGARI ba="2,2" hai="43,46,48,50,54,56,76,79,89,90,91,99,102,106" machi="50" ten="30,4000,0" yaku="1,1,0,1,53,1" doraHai="116" doraHaiUra="36" who="2" fromWho="2" sc="413,-22,229,-12,109,66,229,-12" /><INIT seed="1,0,0,0,5,43" ten="391,217,175,217" oya="1" hai0="126,5,134,123,24,82,108,73,50,8,84,90,81" hai1="62,109,94,13,93,86,12,58,0,26,66,59,2" hai2="111,125,100,31,76,118,116,23,106,117,51,56,78" hai3="29,57,68,83,74,55,44,104,92,77,47,80,124"/><U28/><E109/><V131/><F111/><W17/><G68/><T87/><D108/><U101/><E0/><V34/><F34/><W88/><G104/><T19/><D134/><U15/><E2/><V27/><F125/><W120/><G120/><T46/><D73/><U22/><E58/><V39/><F39/><W119/><G119/><T99/><D99/><U63/><E63/><V75/><F131/><W132/><G124/><T41/><D123/><U35/><E35/><V30/><F30/><W122/><G122/><T4/><D126/><U91/><REACH who="1" step="1"/><E12/><REACH who="1" ten="391,207,175,217" step="2"/><V40/><F56/><W105/><G132/><T54/><D24/><U128/><E128/><V20/><F27/><W45/><G105/><T102/><D102/><U53/><E53/><V71/><F100/><W16/><G29/><T127/><D127/><U52/><E52/><V32/><F106/><W49/><REACH who="3" step="1"/><G83/><REACH who="3" ten="391,207,175,207" step="2"/><T96/><D81/><U11/><E11/><V42/><F31/><W89/><G89/><T48/><D82/><U95/><E95/><V37/><F117/><W113/><G113/><T10/><D90/><U3/><E3/><V79/><F118/><W1/><G1/><T7/><D8/><U6/><E6/><V130/><F116/><W38/><G38/><T14/><D4/><U121/><E121/><V85/><F37/><W61/><G61/><T65/><D5/><U36/><E36/><V114/><F114/><W112/><G112/><T64/><D7/><U135/><E135/><V110/><F110/><W98/><AGARI ba="0,2" hai="16,17,44,45,47,49,55,57,74,77,80,88,92,98" machi="98" ten="30,12000,2" yaku="1,1,0,1,52,3,54,2,53,0" doraHai="43" doraHaiUra="115" who="3" fromWho="3" sc="391,-30,207,-60,175,-30,207,140" /><INIT seed="2,0,0,0,2,55" ten="361,147,145,347" oya="2" hai0="122,53,28,132,134,16,74,106,22,126,25,102,105" hai1="0,50,124,38,9,83,88,30,92,62,40,57,107" hai2="112,44,67,109,12,115,118,101,23,84,75,125,121" hai3="108,1,54,5,24,60,87,52,96,7,113,47,48"/><V46/><F75/><W3/><G108/><T34/><D122/><U89/><E107/><V19/><F121/><W86/><G113/><T120/><D120/><U114/><E114/><V131/><F118/><W82/><G87/><T66/><D74/><U100/><E38/><V71/><F109/><W129/><G129/><T21/><D66/><U103/><E124/><V49/><F125/><W20/><G96/><T59/><D34/><U35/><E35/><V130/><F101/><W32/><G32/><T110/><D110/><U85/><E30/><V17/><F84/><W98/><G98/><T56/><D102/><U18/><E50/><V123/><F44/><W4/><G54/><T68/><D68/><U37/><E40/><N who="2" m="24775" /><F17/><W119/><G60/><T73/><D73/><U128/><E37/><V42/><F42/><W2/><G119/><T14/><D126/><U111/><E128/><N who="2" m="49195" /><F123/><W80/><REACH who="3" step="1"/><G86/><REACH who="3" ten="361,147,145,337" step="2"/><T45/><D106/><U97/><E111/><V90/><F90/><W15/><G15/><T8/><D105/><U63/><E0/><V91/><F91/><W27/><G27/><T81/><D25/><U36/><E63/><AGARI ba="0,1" hai="12,19,23,63,67,71,112,115" m="49195,24775" machi="63" ten="30,1500,0" yaku="19,1" doraHai="55" who="2" fromWho="1" sc="361,0,147,-15,145,25,337,0" /><INIT seed="2,1,0,3,5,134" ten="361,132,170,337" oya="2" hai0="25,12,95,90,17,118,37,66,92,10,101,117,112" hai1="2,53,69,94,31,44,67,5,26,33,7,122,54" hai2="27,88,64,14,100,110,131,22,98,65,109,120,42" hai3="104,93,6,75,107,20,76,48,38,34,40,46,1"/><V97/><F120/><W123/><G34/><T52/><D112/><U128/><E128/><V68/><F42/><W78/><G78/><T83/><D37/><U127/><E122/><V23/><F131/><W59/><G123/><T96/><D66/><U111/><E111/><N who="2" m="42507" /><F14/><W0/><G93/><T114/><D114/><U45/><E94/><N who="2" m="56519" /><F68/><W79/><G79/><T50/><D83/><U87/><E2/><V18/><F22/><W119/><G119/><T85/><REACH who="0" step="1"/><D25/><REACH who="0" ten="351,132,170,337" step="2"/><U11/><E26/><V80/><F80/><W41/><G38/><T106/><D106/><AGARI ba="1,1" hai="18,23,27,64,65,98,100,106" m="56519,42507" machi="106" ten="30,5800,0" yaku="14,1,10,1,54,1" doraHai="134" who="2" fromWho="0" sc="351,-61,132,0,170,71,337,0" /><INIT seed="2,2,0,5,1,102" ten="290,132,241,337" oya="2" hai0="58,12,114,88,77,116,67,19,99,37,105,132,119" hai1="97,53,9,40,70,26,24,69,83,42,65,109,73" hai2="135,50,23,71,117,112,30,82,111,96,68,43,17" hai3="130,33,29,62,56,84,100,108,54,64,90,123,45"/><V16/><F112/><W127/><G123/><T131/><D114/><U106/><E109/><V44/><F117/><N who="0" m="45130" /><D37/><U31/><E53/><V104/><F111/><W124/><G108/><T15/><D131/><U113/><E113/><V95/><F135/><W126/><G100/><N who="0" m="62623" /><D77/><U5/><E73/><V25/><F104/><W80/><G130/><T93/><D132/><U46/><E83/><V32/><F82/><W18/><G18/><T94/><D94/><U47/><E65/><V81/><F81/><W98/><G98/><N who="0" m="57639" /><D19/><U14/><E97/><V129/><F129/><W27/><REACH who="3" step="1"/><G45/><REACH who="3" ten="290,132,241,327" step="2"/><T103/><D103/><U61/><E47/><V63/><F17/><W7/><G7/><T1/><D1/><U8/><E46/><V0/><F0/><W85/><G85/><T22/><D22/><U121/><E5/><V74/><F16/><W78/><G78/><T4/><D4/><U49/><E121/><V48/><F23/><W133/><G133/><T115/><D115/><U59/><E8/><V118/><F118/><W110/><G110/><T28/><D28/><U38/><E9/><V51/><F44/><W79/><G79/><T52/><D67/><AGARI ba="2,1" hai="27,29,33,54,56,62,64,67,80,84,90,124,126,127" machi="67" ten="40,2600,0" yaku="1,1,18,1,53,0" doraHai="102" doraHaiUra="41" who="3" fromWho="0" sc="290,-32,132,0,241,0,327,42" /><INIT seed="3,0,0,2,1,83" ten="258,132,241,369" oya="3" hai0="31,49,126,17,108,44,10,21,51,58,5,96,26" hai1="19,45,89,16,127,116,94,133,11,56,42,85,132" hai2="67,84,77,68,36,100,123,75,109,22,110,135,18" hai3="112,35,114,50,92,2,113,39,20,66,14,30,59"/><W119/><G39/><T90/><D108/><U43/><E127/><V125/><F125/><W73/><G2/><T1/><D126/><U27/><E116/><V118/><F118/><W134/><G119/><T111/><D111/><U63/><E19/><V12/><F36/><W105/><G105/><T124/><D124/><U102/><E102/><V33/><F33/><W101/><G73/><T106/><D106/><U28/><E133/><V93/><F75/><W9/><G134/><T129/><D129/><U117/><E132/><V128/><F135/><W122/><G35/><T104/><D104/><U53/><E117/><V98/><F128/><W115/><G115/><T131/><D131/><U54/><E28/><V47/><F47/><W60/><G122/><T81/><D58/><U82/><E94/><V107/><F123/><W8/><G50/><T97/><D49/><N who="1" m="28847" /><E27/><V69/><F69/><W120/><G120/><T121/><D31/><U32/><E32/><V72/><F67/><W41/><G41/><T65/><D65/><U6/><E6/><V55/><F55/><W91/><G101/><T4/><D4/><U78/><E78/><V70/><F110/><W0/><G0/><T25/><D25/><U76/><E76/><V62/><F109/><W61/><G61/><T15/><D1/><U38/><E38/><V46/><F62/><W74/><G74/><T29/><D5/><U34/><E34/><V37/><F72/><W103/><G103/><T88/><D121/><U3/><E3/><V23/><F107/><W79/><G113/><T13/><D29/><U52/><E54/><RYUUKYOKU ba="0,0" sc="258,-10,132,30,241,-10,369,-10" hai1="11,16,42,43,52,56,63,82,85,89" /><INIT seed="4,1,0,2,1,99" ten="248,162,231,359" oya="0" hai0="94,88,55,101,103,83,34,68,118,131,13,9,71" hai1="77,53,49,24,92,95,51,4,97,111,39,79,85" hai2="14,82,47,66,121,115,135,21,63,67,36,76,54" hai3="7,73,50,45,15,10,57,87,52,105,17,0,116"/><T102/><D118/><U100/><E111/><V42/><F121/><W69/><G69/><T29/><D131/><U44/><E39/><V78/><F115/><W1/><G116/><T56/><D83/><U28/><E4/><V132/><F21/><W26/><G73/><T5/><D29/><U107/><E107/><V18/><F54/><W35/><G105/><T22/><D22/><U127/><E127/><V31/><F31/><W30/><G87/><T64/><D64/><U11/><E11/><N who="2" m="6495" /><F66/><W120/><G120/><T113/><D34/><U41/><E92/><V33/><F33/><W75/><G75/><T81/><D81/><U40/><E85/><V117/><F82/><W32/><G32/><T16/><D113/><U134/><E134/><N who="2" m="51243" /><F117/><W123/><G123/><T104/><D104/><U59/><REACH who="1" step="1"/><E40/><REACH who="1" ten="248,152,231,359" step="2"/><V89/><F89/><W124/><G124/><T74/><D74/><U19/><E19/><V122/><F122/><W43/><REACH who="3" step="1"/><G17/><REACH who="3" ten="248,152,231,349" step="2"/><T110/><D110/><U130/><E130/><V62/><F78/><W8/><G8/><T96/><REACH who="0" step="1"/><D16/><REACH who="0" ten="238,152,231,349" step="2"/><U86/><E86/><V129/><F129/><W65/><G65/><T93/><D93/><U37/><E37/><AGARI ba="1,3" hai="0,1,7,10,15,26,30,35,37,43,45,50,52,57" machi="37" ten="30,3900,0" yaku="1,1,7,1,54,1,53,0" doraHai="99" doraHaiUra="114" who="3" fromWho="1" sc="238,0,152,-42,231,0,349,72" /><INIT seed="5,0,0,2,3,71" ten="238,110,231,421" oya="1" hai0="101,92,73,122,65,108,5,33,59,30,9,35,27" hai1="22,32,102,109,135,83,12,81,11,107,2,15,40" hai2="43,58,64,132,111,97,19,51,49,110,127,82,48" hai3="96,131,3,53,10,23,14,114,68,100,29,113,25"/><U80/><E32/><V61/><F82/><W1/><G68/><T124/><D108/><N who="2" m="41514" /><F97/><W70/><G70/><T86/><D73/><U84/><E109/><V103/><F19/><W50/><G131/><T34/><D124/><U24/><E135/><V4/><F4/><W52/><G53/><T16/><D122/><U69/><E69/><N who="2" m="42127" /><F103/><W116/><G116/><T47/><D47/><U120/><E120/><V28/><F28/><W72/><G72/><T112/><D112/><N who="3" m="43113" /><G10/><T38/><D101/><U37/><E2/><V88/><F88/><W78/><G14/><T7/><D9/><U31/><E84/><V128/><F127/><W106/><G78/><T93/><D86/><U105/><E15/><V55/><F128/><W134/><G134/><T13/><D13/><U98/><E105/><V63/><F132/><W36/><G36/><T8/><D38/><U121/><E121/><V21/><F21/><W130/><G130/><T79/><D79/><U119/><E119/><V95/><F95/><W60/><G60/><N who="0" m="38047" /><D93/><U104/><E104/><V117/><F117/><W74/><G74/><T89/><D7/><U67/><E67/><V90/><F90/><W87/><G87/><N who="0" m="52287" /><D5/><N who="1" m="3183" /><E80/><V20/><F20/><W54/><G54/><T77/><D77/><U126/><E126/><V46/><AGARI ba="0,0" hai="43,46,48,49,51,55,58,63" m="42127,41514" machi="46" ten="30,2000,0" yaku="34,2" doraHai="71" who="2" fromWho="2" sc="238,-5,110,-10,231,20,421,-5" /><INIT seed="6,0,0,5,0,125" ten="233,100,251,416" oya="2" hai0="24,124,42,41,88,3,69,109,7,112,115,45,20" hai1="78,49,128,92,76,80,57,47,10,34,87,98,0" hai2="119,117,113,101,28,65,12,15,121,54,103,36,51" hai3="96,59,62,114,100,75,133,107,104,32,70,106,83"/><V14/><F121/><W94/><G70/><T44/><D109/><U4/><E128/><V118/><F36/><W84/><G114/><N who="0" m="43563" /><D69/><U95/><E34/><V37/><F37/><W105/><G32/><T108/><D124/><U135/><E135/><V126/><F126/><W97/><G133/><T66/><D66/><U52/><E76/><V19/><F113/><W110/><G110/><T38/><D108/><U64/><REACH who="1" step="1"/><E98/><REACH who="1" ten="233,90,251,416" step="2"/><V132/><F132/><W33/><G33/><T67/><D67/><U86/><E86/><V60/><F65/><W22/><G75/><T11/><D38/><U23/><E23/><V74/><F74/><W90/><G22/><T71/><D71/><U18/><E18/><V40/><F19/><W2/><G2/><T134/><D134/><U111/><E111/><V48/><F28/><W50/><G97/><T63/><D20/><U81/><E81/><V17/><F17/><W8/><G8/><T120/><D11/><U16/><E16/><V122/><F122/><W127/><G127/><T6/><D3/><U5/><E5/><V91/><F12/><W73/><G73/><T131/><D6/><U93/><E93/><V43/><F119/><W55/><REACH who="3" step="1"/><G62/><AGARI ba="0,1" hai="0,4,10,47,49,52,57,62,64,78,80,87,92,95" machi="62" ten="40,5200,0" yaku="1,1,54,1,53,1" doraHai="125" doraHaiUra="46" who="1" fromWho="3" sc="233,0,90,62,251,0,416,-52" /><INIT seed="7,0,0,3,1,21" ten="233,152,251,364" oya="3" hai0="93,22,122,32,49,70,3,107,17,52,24,54,91" hai1="98,114,61,94,60,50,14,72,129,88,47,45,38" hai2="130,31,43,18,80,16,127,71,85,86,73,105,62" hai3="103,92,42,116,77,104,125,87,74,120,55,100,2"/><W83/><G2/><T101/><D122/><U90/><E72/><V44/><F105/><W10/><G116/><T82/><D3/><U35/><E114/><V84/><F31/><W126/><G120/><T19/><D70/><U56/><E129/><V97/><F97/><W48/><G42/><T8/><D32/><U109/><E109/><V58/><F71/><W119/><G119/><T134/><D134/><U28/><E38/><V46/><F130/><W25/><G10/><T69/><D69/><U0/><E0/><V68/><F68/><W26/><G104/><T99/><D82/><U27/><E90/><V39/><F44/><W135/><G135/><T9/><D54/><U96/><E96/><V53/><REACH who="2" step="1"/><F127/><REACH who="2" ten="233,152,241,364" step="2"/><N who="3" m="48651" /><G74/><T132/><D132/><U121/><E121/><V64/><F64/><W76/><G76/><AGARI ba="0,1" hai="16,18,39,43,46,53,58,62,73,76,80,84,85,86" machi="76" ten="40,2600,0" yaku="1,1,54,1,53,0" doraHai="21" doraHaiUra="89" who="2" fromWho="3" sc="233,0,152,0,241,36,364,-26" owari="233,-16.7,152,-34.8,277,7.7,338,43.8" /></mjloggm>