<mjloggm ver="2.3"><GO type="225" lobby="0"/><UN n0="%E6%A1%9C%E8%8A%B1%E9%96%83%E3%80%85" n1="%E4%BF%BA%E3%81%A8%E5%A6%96%E5%A4%A2" n2="%E3%81%BF%E3%81%BF%E3%81%9A" n3="%77%72%77%72%77%72%77%72" dan="16,16,17,17" rate="2220.72,2110.29,2224.78,2131.19" sx="M,F,M,M"/><TAIKYOKU oya="0"/><INIT seed="0,0,0,5,1,43" ten="250,250,250,250" oya="0" hai0="112,95,31,98,73,50,47,7,53,41,129,38,60" hai1="24,61,8,27,40,67,11,39,21,99,91,54,23" hai2="22,128,63,20,28,111,34,46,83,102,66,105,127" hai3="16,135,51,126,45,101,32,97,109,58,71,4,82"/><T59/><D112/><U72/><E72/><V121/><F121/><W125/><G71/><T1/><D129/><U106/><E54/><V92/><F128/><W124/><G109/><T6/><D73/><U12/><E106/><V29/><F111/><W18/><G135/><T131/><D131/><U56/><E99/><N who="2" m="59751" /><F34/><W5/><G32/><T123/><D123/><U88/><E40/><V85/><F105/><N who="3" m="63663" /><G58/><T14/><D1/><U79/><E79/><V103/><F127/><W44/><G82/><T130/><D130/><U77/><E77/><V74/><F103/><W13/><G18/><T90/><D31/><N who="2" m="11850" /><F74/><W49/><G4/><T108/><D108/><U94/><E39/><V132/><F132/><W57/><G5/><T81/><D81/><U48/><E94/><V68/><F68/><W35/><G35/><T37/><REACH who="0" step="1"/><D6/><REACH who="0" ten="240,250,250,250" step="2"/><U96/><E96/><V19/><F83/><W104/><G104/><T10/><AGARI ba="0,1" hai="7,10,14,37,38,41,47,50,53,59,60,90,95,98" machi="10" ten="30,11700,0" yaku="1,1,2,1,0,1,52,1,53,0" doraHai="43" doraHaiUra="78" who="0" fromWho="0" sc="240,127,250,-39,250,-39,250,-39" /><INIT seed="0,1,0,2,2,1" ten="367,211,211,211" oya="0" hai0="120,89,71,54,16,132,55,70,15,104,9,126,40" hai1="102,84,107,51,11,87,45,19,100,65,64,88,81" hai2="61,49,2,8,38,115,94,69,74,63,90,96,6" hai3="36,91,119,32,66,24,4,121,99,78,50,58,29"/><T109/><D120/><U116/><E116/><V133/><F115/><W124/><G119/><T3/><D126/><U57/><E107/><V5/><F38/><W118/><G118/><T105/><D132/><U60/><E65/><V112/><F112/><W42/><G124/><T113/><D113/><U130/><E130/><V12/><F133/><W7/><G121/><T80/><D40/><U28/><E28/><V103/><F74/><W97/><G78/><T23/><D109/><U128/><E128/><V123/><F123/><W62/><G36/><T122/><D104/><U52/><REACH who="1" step="1"/><E84/><REACH who="1" ten="367,201,211,211" step="2"/><V0/><F69/><W31/><G31/><T92/><D105/><U21/><E21/><V18/><F0/><W101/><G101/><T46/><D122/><U26/><E26/><V108/><F108/><W114/><G114/><T77/><D71/><U33/><E33/><V135/><F135/><W10/><G10/><T34/><D34/><U67/><E67/><V129/><F2/><W82/><G99/><T41/><D70/><U68/><E68/><V131/><F129/><W48/><G97/><N who="0" m="57487" /><D23/><U59/><E59/><V111/><F131/><W56/><G56/><T76/><D3/><U83/><E83/><V37/><F111/><W14/><G58/><T25/><D25/><U20/><E20/><V93/><F37/><W98/><G66/><T110/><D110/><U117/><E117/><V85/><F49/><W75/><G50/><N who="0" m="26959" /><D80/><U106/><E106/><V30/><F30/><W13/><G48/><T72/><D72/><U134/><E134/><V127/><F127/><W43/><G75/><RYUUKYOKU ba="1,1" sc="367,10,201,10,211,10,211,-30" hai0="9,15,16,54,55,76,77" hai1="11,19,45,51,52,57,60,64,81,87,88,100,102" hai2="5,6,8,12,18,61,63,85,90,93,94,96,103" /><INIT seed="0,2,1,2,5,85" ten="377,211,221,181" oya="0" hai0="91,34,11,33,70,24,115,129,111,71,119,25,107" hai1="108,18,83,88,66,57,124,87,27,8,22,32,12" hai2="5,94,21,28,114,76,45,84,50,103,117,19,132" hai3="52,3,35,98,113,86,112,75,30,56,1,102,37"/><T38/><D115/><U95/><E108/><V51/><F114/><W109/><G75/><T17/><D38/><U20/><E124/><V39/><F39/><W89/><G37/><T77/><D77/><U79/><E32/><N who="0" m="12393" /><D107/><U48/><E27/><N who="0" m="10313" /><D91/><U0/><E0/><V101/><F132/><W126/><G109/><T42/><D42/><U31/><E31/><V10/><F28/><W23/><G126/><T44/><D44/><U13/><E13/><N who="2" m="5327" /><F117/><W72/><G72/><T15/><D71/><U63/><E48/><V120/><F120/><W59/><G35/><T16/><D70/><U123/><E123/><V130/><F130/><W9/><G112/><T134/><D111/><U29/><E29/><V55/><F50/><W54/><G113/><T78/><D78/><U121/><E121/><V62/><F62/><W40/><G40/><T36/><D36/><U106/><E106/><V125/><F125/><W6/><G1/><T26/><D119/><U116/><E116/><V133/><F133/><W64/><G30/><T92/><D92/><U53/><E66/><V68/><F68/><W81/><G64/><T100/><D26/><U127/><E127/><V2/><F2/><W105/><REACH who="3" step="1"/><G23/><REACH who="3" ten="377,211,221,171" step="2"/><T97/><D134/><U4/><E4/><V41/><F41/><W80/><G80/><T128/><D128/><U96/><AGARI ba="2,2" hai="8,12,18,20,22,53,57,63,79,83,87,88,95,96" machi="96" ten="20,8000,1" yaku="0,1,7,1,8,1,52,1,54,1" doraHai="85" who="1" fromWho="1" sc="377,-42,211,106,221,-22,171,-22" /><INIT seed="1,0,0,3,2,69" ten="335,317,199,149" oya="1" hai0="134,93,15,47,135,51,90,129,34,50,127,28,88" hai1="130,52,45,79,12,27,122,13,61,103,107,58,7" hai2="81,57,86,117,116,5,22,111,14,71,102,4,99" hai3="63,84,38,33,78,96,10,75,120,25,92,80,18"/><U123/><E130/><V24/><F71/><W98/><G120/><T2/><D2/><U73/><E103/><V100/><F111/><W3/><G63/><T9/><D129/><U19/><E107/><V39/><F39/><W48/><G48/><T126/><D28/><U105/><E105/><V124/><F124/><N who="0" m="47658" /><D34/><U94/><E94/><V29/><F116/><W68/><G68/><T59/><D59/><U131/><E131/><V85/><F117/><W101/><G33/><T114/><D114/><U30/><E7/><V125/><F125/><W109/><G109/><T133/><D93/><U115/><E12/><V91/><F14/><W76/><G76/><T121/><D121/><U119/><E119/><V65/><F86/><W64/><G64/><T67/><D67/><U97/><E97/><V49/><F102/><W118/><G118/><T53/><D51/><U43/><E115/><V55/><REACH who="2" step="1"/><F65/><REACH who="2" ten="335,317,189,149" step="2"/><W112/><G96/><T108/><D108/><U17/><E13/><V23/><F23/><W77/><G112/><T42/><D53/><U35/><E123/><V87/><F87/><W32/><G38/><T0/><D0/><U36/><REACH who="1" step="1"/><E122/><REACH who="1" ten="335,307,189,149" step="2"/><V31/><F31/><N who="3" m="19567" /><G3/><T66/><D66/><U72/><E72/><V41/><F41/><W26/><G75/><T62/><D15/><U56/><E56/><V70/><F70/><W113/><G113/><T21/><D134/><U74/><E74/><V6/><F6/><W40/><G98/><T132/><D132/><U16/><E16/><V82/><F82/><AGARI ba="0,2" hai="17,19,27,30,35,36,43,45,52,58,61,73,79,82" machi="82" ten="40,7700,0" yaku="1,1,52,1,54,1,53,0" doraHai="69" doraHaiUra="83" who="1" fromWho="2" sc="335,0,307,97,189,-77,149,0" /><INIT seed="1,1,0,3,2,8" ten="335,404,112,149" oya="1" hai0="4,90,98,56,118,127,115,76,31,86,5,113,27" hai1="29,61,129,109,50,0,17,48,7,40,128,19,82" hai2="68,20,110,89,92,95,58,38,9,97,111,30,11" hai3="134,62,55,33,67,70,34,45,18,104,91,44,6"/><U2/><E29/><V66/><F38/><W16/><G134/><T102/><D118/><U87/><E61/><N who="2" m="38199" /><F68/><W73/><G73/><T83/><D127/><U105/><E105/><V53/><F53/><W51/><G104/><T21/><D56/><U81/><E87/><V133/><F133/><W93/><G6/><T35/><D35/><U99/><E99/><V57/><F57/><W103/><G103/><T106/><D113/><U107/><E107/><V116/><F116/><W84/><REACH who="3" step="1"/><G44/><REACH who="3" ten="335,404,112,139" step="2"/><T122/><D115/><U126/><E7/><V39/><F39/><W12/><G12/><T1/><D1/><U112/><E112/><V85/><F111/><W47/><G47/><T96/><D122/><U32/><E109/><V25/><F110/><W59/><G59/><T3/><D3/><U124/><E2/><V78/><F78/><W79/><G79/><T41/><D4/><U132/><E0/><V74/><F74/><W101/><G101/><AGARI ba="1,1" hai="9,11,20,25,30,85,89,92,95,97,101" m="38199" machi="101" ten="30,2000,0" yaku="25,1,8,1" doraHai="8" who="2" fromWho="3" sc="335,0,404,0,112,33,139,-23" /><INIT seed="2,0,0,4,1,114" ten="335,404,145,116" oya="2" hai0="115,119,24,47,71,134,41,117,40,97,5,79,126" hai1="100,70,109,82,64,59,43,32,22,67,77,133,110" hai2="105,62,52,84,127,90,83,55,29,25,20,42,113" hai3="0,99,31,106,89,10,108,8,120,4,56,88,93"/><V36/><F113/><W50/><G120/><T95/><D115/><U124/><E32/><V11/><F127/><W72/><G72/><T104/><D104/><U6/><E70/><V125/><F125/><W49/><G108/><N who="1" m="41578" /><E124/><V101/><F11/><W123/><G123/><T85/><D126/><U74/><E133/><V58/><F36/><W19/><G31/><T131/><D134/><U9/><E100/><V13/><F42/><W94/><G106/><T129/><D71/><U69/><E69/><V121/><F121/><W92/><G92/><T76/><D24/><U17/><E59/><V2/><F2/><W132/><G132/><T135/><D5/><U87/><E74/><V81/><F13/><W39/><G39/><N who="0" m="21919" /><D41/><U51/><E51/><V27/><F27/><W3/><G56/><T26/><D26/><N who="1" m="14671" /><E43/><V12/><F12/><AGARI ba="0,0" hai="6,9,12,64,67,77,82,87" m="14671,41578" machi="12" ten="30,1000,0" yaku="14,1" doraHai="114" who="1" fromWho="2" sc="335,0,404,10,145,-10,116,0" /><INIT seed="3,0,0,1,0,86" ten="335,414,135,116" oya="3" hai0="57,132,103,5,23,6,118,62,48,33,133,11,39" hai1="128,120,43,135,90,77,0,9,102,13,65,124,7" hai2="91,16,8,76,32,38,126,25,20,108,119,52,26" hai3="10,68,53,22,100,12,88,71,96,123,87,18,111"/><W54/><G123/><T17/><D39/><U110/><E120/><V66/><F38/><W122/><G122/><T14/><D103/><U30/><E102/><V115/><F115/><W89/><G111/><T60/><D48/><U127/><E77/><V117/><F66/><W79/><G68/><T129/><D62/><U49/><E110/><V28/><F108/><W50/><G71/><T104/><D104/><U2/><E135/><V67/><F67/><W113/><G113/><T15/><D57/><U44/><E128/><V72/><F126/><N who="1" m="48169" /><E65/><V74/><F76/><W56/><G53/><T42/><D60/><U46/><E30/><V95/><F74/><W70/><G70/><T4/><D42/><N who="1" m="24727" /><E90/><V94/><F72/><W125/><G125/><T80/><D80/><U73/><E73/><V41/><F41/><W1/><G1/><T78/><D78/><U24/><E24/><V40/><F40/><W35/><G35/><T121/><D121/><U19/><E19/><V29/><F52/><W134/><G134/><T63/><D63/><U92/><E92/><V69/><F69/><W21/><G79/><T75/><D75/><U114/><E114/><V116/><F91/><N who="3" m="34891" /><G87/><T27/><D118/><U55/><E55/><V106/><F106/><W37/><G37/><AGARI ba="0,0" hai="0,2,7,9,13,37,43,46" m="24727,48169" machi="37" ten="30,1000,0" yaku="18,1" doraHai="86" who="1" fromWho="3" sc="335,0,414,10,135,0,116,-10" owari="335,13.5,424,52.4,135,-26.5,106,-39.4" /></mjloggm>