<mjloggm ver="2.3"><GO type="225" lobby="0"/><UN n0="%E5%91%A8%E6%9D%B1" n1="%E3%82%BC%E3%83%AB%E3%83%80%E3%81%AE%E4%BC%9D%E8%AA%AC" n2="%E3%83%96%E3%83%83%E3%83%91%E3%82%AA%E3%83%96%E3%83%81%E3%82%AD%E3%83%B3" n3="%E3%81%8B%E3%82%8F%E3%81%A1%E3%82%83%E3%82%93%35%38" dan="16,17,16,16" rate="2167.87,2144.49,2137.20,2115.95" sx="M,M,M,M"/><TAIKYOKU oya="0"/><INIT seed="0,0,0,1,4,64" ten="250,250,250,250" oya="0" hai0="135,66,106,101,122,113,102,63,30,60,123,79,58" hai1="94,131,4,91,74,51,28,57,32,17,109,31,52" hai2="0,118,108,56,99,105,23,26,43,16,25,75,78" hai3="12,24,14,90,134,103,96,10,20,65,97,98,130"/><T128/><D113/><U84/><E109/><V71/><F0/><W125/><G125/><T83/><D128/><U6/><E131/><V47/><F108/><W67/><G130/><T21/><D135/><U86/><E74/><V40/><F118/><W53/><G134/><T22/><D106/><U81/><E17/><V127/><F127/><W72/><G72/><T54/><D122/><U107/><E107/><V92/><F105/><W73/><G73/><T104/><D123/><U62/><E62/><V42/><F71/><W50/><G90/><T68/><D104/><U110/><E110/><V15/><F75/><W124/><G12/><T46/><D46/><U19/><E19/><V49/><F56/><N who="3" m="32823" /><G103/><T39/><D39/><U55/><E55/><N who="2" m="30143" /><F78/><W116/><G116/><T27/><REACH who="0" step="1"/><D21/><REACH who="0" ten="240,250,250,250" step="2"/><U48/><E32/><V95/><F95/><W44/><G44/><T76/><D76/><N who="1" m="46119" /><E48/><V9/><F23/><W41/><G124/><T121/><D121/><U112/><E112/><V115/><F115/><W119/><G119/><T36/><D36/><U61/><E51/><V3/><F3/><W35/><G35/><T13/><D13/><U33/><E33/><V87/><F87/><AGARI ba="0,1" hai="22,27,30,54,58,60,63,66,68,79,83,87,101,102" machi="87" ten="30,5800,0" yaku="1,1,7,1,52,1,53,0" doraHai="64" doraHaiUra="69" who="0" fromWho="2" sc="240,68,250,0,250,-58,250,0" /><INIT seed="0,1,0,3,4,59" ten="308,250,192,250" oya="0" hai0="46,103,107,54,0,69,125,25,57,99,61,116,131" hai1="43,4,114,38,13,127,66,68,92,105,41,101,129" hai2="50,49,124,26,15,19,28,20,29,7,9,80,47" hai3="14,42,110,5,97,84,109,79,21,58,94,134,118"/><T70/><D116/><U62/><E127/><V33/><F124/><W65/><G118/><T106/><D125/><U32/><E129/><V35/><F80/><W89/><G134/><T108/><D131/><U85/><E114/><V8/><F47/><W12/><G42/><T10/><D108/><U11/><E38/><V71/><F71/><W100/><G79/><T73/><D73/><U48/><E32/><N who="2" m="12363" /><F50/><W45/><G45/><T18/><D107/><U119/><E119/><V102/><F49/><W74/><G74/><T63/><D46/><U123/><E123/><V76/><F102/><W39/><G39/><T95/><D106/><U72/><E72/><V82/><F82/><W96/><G96/><T44/><D44/><U23/><E48/><V133/><F76/><W60/><G5/><T111/><D111/><N who="3" m="42505" /><G21/><T104/><D104/><AGARI ba="1,0" hai="12,14,58,60,65,84,89,94,97,100,104" m="42505" machi="104" ten="30,2000,0" yaku="14,1,52,1" doraHai="59" who="3" fromWho="0" sc="308,-23,250,0,192,0,250,23" /><INIT seed="1,0,0,0,4,106" ten="285,250,192,273" oya="1" hai0="92,128,132,72,40,103,42,25,17,30,102,31,130" hai1="84,104,113,20,0,95,34,27,28,89,111,75,107" hai2="125,80,32,47,65,61,55,69,18,60,51,6,41" hai3="124,135,46,62,117,109,22,36,73,133,43,97,35"/><U83/><E113/><V96/><F125/><W11/><G35/><T13/><D132/><U9/><E111/><V3/><F32/><W112/><G112/><T94/><D13/><U5/><REACH who="1" step="1"/><E34/><REACH who="1" ten="285,240,192,273" step="2"/><V121/><F121/><W110/><G110/><T10/><D130/><U100/><E100/><V59/><F96/><W50/><G109/><T93/><D128/><U53/><E53/><V49/><F80/><W134/><G97/><T12/><D103/><U105/><E105/><V44/><F18/><W119/><G134/><T99/><D102/><U71/><E71/><V91/><F91/><W29/><G135/><T116/><D99/><U131/><E131/><V86/><F6/><W2/><G133/><T77/><D116/><U4/><E4/><V115/><F115/><W98/><G119/><T81/><REACH who="0" step="1"/><D30/><REACH who="0" ten="275,240,192,273" step="2"/><U127/><E127/><V24/><F69/><W85/><G124/><T54/><D54/><U39/><E39/><V129/><F55/><W123/><G117/><T122/><D122/><U1/><E1/><V15/><F3/><W88/><G123/><T82/><D82/><U57/><E57/><V23/><F59/><W37/><G98/><T79/><D79/><AGARI ba="0,2" hai="0,5,9,20,27,28,75,79,83,84,89,95,104,107" machi="79" ten="40,7700,0" yaku="1,1,52,1,53,1" doraHai="106" doraHaiUra="74" who="1" fromWho="0" sc="275,-77,240,97,192,0,273,0" /><INIT seed="1,1,0,0,3,36" ten="198,337,192,273" oya="1" hai0="86,96,58,105,116,122,15,40,112,97,2,83,71" hai1="12,6,54,42,66,94,128,4,115,130,53,30,44" hai2="59,101,107,10,108,26,118,117,0,38,25,68,67" hai3="39,23,114,70,18,16,22,79,74,132,5,43,63"/><U50/><E115/><V124/><F68/><W95/><G114/><T28/><D112/><U99/><E66/><V8/><F38/><W100/><G132/><T27/><D116/><N who="2" m="44650" /><F59/><W24/><G5/><N who="1" m="2154" /><E30/><V17/><F67/><W104/><G104/><T32/><D2/><U72/><E72/><V88/><F101/><W90/><G100/><T77/><D122/><U120/><E120/><V85/><F107/><W60/><G70/><T48/><D71/><U81/><E81/><N who="2" m="49199" /><F0/><W111/><G79/><T37/><D105/><U49/><E49/><V3/><F3/><W29/><G74/><T1/><D1/><U33/><E33/><V7/><F7/><W62/><G111/><T129/><D37/><U35/><E35/><V103/><F103/><W65/><G65/><T113/><D113/><U126/><E12/><N who="2" m="7303" /><F108/><W20/><G29/><T14/><D15/><U69/><E69/><V109/><F109/><W110/><G110/><T56/><D14/><U55/><E94/><V11/><F124/><W127/><G127/><T92/><D92/><U123/><E126/><V82/><F82/><W13/><G22/><T134/><D134/><U75/><E123/><V121/><F121/><W57/><G57/><T119/><D119/><U51/><E75/><V91/><F91/><W31/><G31/><T102/><D102/><U19/><E19/><V89/><F89/><W61/><N who="3" m="15360" /><DORA hai="135" /><W41/><G39/><T131/><D58/><N who="1" m="33079" /><E99/><AGARI ba="1,0" hai="13,16,18,20,23,24,41,43,90,95,99" m="15360" machi="99" ten="50,8000,1" yaku="8,1,52,2,54,1" doraHai="36,135" who="3" fromWho="1" sc="198,0,337,-83,192,0,273,83" /><INIT seed="2,0,0,5,1,115" ten="198,254,192,356" oya="2" hai0="109,116,43,4,94,108,81,8,53,17,73,130,22" hai1="33,114,124,54,105,86,49,42,23,79,36,40,56" hai2="77,66,59,69,103,131,107,72,100,71,16,2,47" hai3="46,85,68,57,120,112,119,21,87,15,29,113,110"/><V18/><F2/><W5/><G68/><T63/><D43/><U38/><E33/><V48/><F107/><W70/><G70/><T7/><D130/><U60/><E105/><V6/><F72/><W32/><G32/><T82/><D94/><U133/><E23/><V3/><F3/><W83/><G120/><T101/><D101/><N who="2" m="38986" /><F71/><W78/><G110/><N who="0" m="42603" /><D116/><U135/><E86/><V19/><F69/><W35/><G15/><N who="0" m="9535" /><D73/><U31/><E31/><V95/><F131/><W128/><G78/><T117/><D117/><U134/><E79/><V1/><F1/><W12/><G57/><N who="0" m="35247" /><D4/><U88/><E114/><V13/><F77/><W76/><G46/><T44/><D44/><N who="1" m="27943" /><E88/><V118/><F118/><W24/><G119/><T65/><D65/><N who="1" m="39047" /><E124/><V75/><F75/><W28/><G128/><T51/><D51/><U55/><E55/><N who="2" m="30111" /><F95/><W27/><G112/><T64/><D64/><U123/><E123/><V91/><F91/><W132/><G113/><T111/><N who="0" m="42611" /><T125/><DORA hai="98" /><D125/><U121/><E121/><V30/><F6/><W89/><G5/><T0/><AGARI ba="0,0" hai="0,7,8,81,82" m="35247,9535,42611" machi="0" ten="40,1500,0" yaku="14,1" doraHai="115,98" who="0" fromWho="0" sc="198,15,254,-4,192,-7,356,-4" /><INIT seed="3,0,0,0,0,92" ten="213,250,185,352" oya="3" hai0="20,110,40,37,100,75,33,8,14,115,103,59,52" hai1="6,4,56,73,122,68,88,69,0,55,38,84,65" hai2="124,74,130,53,41,49,27,105,79,104,43,135,91" hai3="15,102,12,99,132,112,11,22,101,116,107,32,71"/><W123/><G32/><T94/><D33/><U78/><E38/><V113/><F113/><W125/><G71/><T24/><D75/><U3/><E78/><V83/><F124/><W35/><G35/><T134/><D115/><U77/><E77/><V28/><F130/><W1/><G22/><T72/><D72/><U46/><E46/><V95/><F135/><W60/><G60/><T106/><D106/><U128/><E56/><V18/><F43/><W13/><G101/><T39/><D134/><U10/><E84/><V7/><F7/><W58/><G58/><T25/><D110/><U89/><E55/><V30/><F18/><W26/><G26/><T86/><D25/><U111/><E73/><V23/><F41/><W44/><G102/><T51/><D39/><U36/><E10/><V64/><F30/><W97/><G11/><T47/><D94/><U118/><E118/><V9/><F9/><W127/><G116/><T131/><D86/><U48/><E48/><V29/><F29/><W114/><G44/><T98/><D98/><U45/><E45/><V81/><F81/><W119/><G99/><T129/><D131/><U117/><E117/><V126/><F64/><W2/><G119/><T70/><D70/><U42/><E122/><V120/><F120/><W62/><G123/><T96/><D96/><U54/><E111/><V63/><F126/><W121/><G114/><T66/><D66/><U82/><E65/><V76/><F76/><W109/><G112/><T5/><D129/><U19/><E128/><V50/><F63/><W133/><G121/><T31/><AGARI ba="0,0" hai="5,8,14,20,24,31,37,40,47,51,52,59,100,103" machi="31" ten="20,5200,0" yaku="5,1,0,1,7,1,54,1" doraHai="92" who="0" fromWho="0" sc="213,52,250,-13,185,-13,352,-26" owari="265,6.5,237,-16.3,172,-32.8,326,42.6" /></mjloggm>