<mjloggm ver="2.3"><GO type="169" lobby="0"/><UN n0="%E4%B8%9E%E9%A3%9B" n1="%4B%6F%74%61%38%31%36" n2="%E3%81%B8%E3%81%9D%E3%81%AA%E3%82%81%E3%81%9F%E3%81%84" n3="%E7%B5%B6%E5%AF%BE%E9%98%B2%E5%BE%A1%E5%B0%86%E8%BB%8D" dan="16,17,16,16" rate="2070.95,2183.59,2151.89,2111.86" sx="M,M,M,M"/><TAIKYOKU oya="0"/><INIT seed="0,0,0,4,5,121" ten="250,250,250,250" oya="0" hai0="94,46,101,115,13,26,57,83,130,38,47,30,102" hai1="17,75,70,80,103,73,34,58,15,24,66,124,9" hai2="69,41,35,87,31,60,56,7,114,21,85,22,108" hai3="27,132,117,127,84,119,64,48,62,63,112,6,0"/><T86/><D115/><U53/><E124/><V68/><F41/><W61/><G112/><T14/><D130/><U1/><E103/><V135/><F7/><W109/><G64/><T55/><D38/><U96/><E96/><V74/><F74/><W39/><G39/><T33/><D102/><U92/><E92/><V51/><F35/><W67/><G67/><T126/><D126/><U72/><E1/><V77/><F51/><W90/><G132/><T54/><D101/><U45/><E45/><V36/><F36/><W131/><G131/><T123/><D94/><U3/><E3/><V106/><F31/><W5/><G48/><T40/><D46/><U129/><E129/><V65/><F106/><W120/><G120/><T50/><D40/><U105/><E105/><V93/><F93/><N who="3" m="54471" /><G27/><T81/><D81/><U104/><E104/><V71/><F135/><W49/><G49/><T110/><D110/><U32/><E24/><V19/><F114/><W2/><G109/><T128/><D128/><U11/><E11/><V28/><F77/><W100/><G100/><T43/><D123/><U133/><E80/><V95/><F95/><W44/><G44/><T111/><D111/><U20/><E9/><V122/><F122/><W29/><G127/><T89/><D43/><U76/><E76/><V79/><F79/><W25/><G0/><T52/><D54/><U113/><E133/><V59/><F108/><W8/><G6/><T37/><D37/><U107/><E107/><V99/><F99/><W88/><G88/><T118/><D118/><U97/><E113/><V16/><F85/><RYUUKYOKU ba="0,0" sc="250,15,250,-15,250,-15,250,15" hai0="13,14,26,30,33,47,50,52,55,57,83,86,89" hai3="2,5,8,25,29,61,62,63,117,119" /><INIT seed="0,1,0,3,4,37" ten="265,235,235,265" oya="0" hai0="22,94,74,4,21,2,72,7,135,117,41,76,84" hai1="48,82,29,116,47,86,71,53,28,113,54,40,33" hai2="14,36,68,32,108,120,5,97,3,104,50,43,57" hai3="133,60,35,23,134,65,103,93,80,66,100,87,31"/><T112/><D112/><U88/><E116/><V58/><F14/><W20/><G35/><T96/><D117/><U13/><E71/><V70/><F50/><W49/><G49/><T105/><D135/><N who="3" m="51721" /><G93/><T9/><D4/><U0/><E0/><V124/><F57/><N who="3" m="37007" /><G66/><T8/><D8/><U129/><E129/><V102/><F58/><W132/><G132/><T56/><D56/><U19/><E113/><V18/><F108/><W39/><G39/><T123/><D123/><U111/><E111/><V63/><F120/><W79/><G31/><N who="1" m="11850" /><E33/><V64/><F18/><W122/><G122/><T34/><D105/><U98/><E98/><V69/><F32/><W59/><G59/><T121/><D34/><U15/><E15/><V106/><F124/><W44/><G44/><T89/><D121/><U26/><E26/><V24/><F24/><W42/><G42/><T114/><D114/><U1/><E1/><V17/><F17/><W85/><G85/><T12/><D41/><U10/><AGARI ba="1,0" hai="10,13,19,40,47,48,53,54,82,86,88" m="11850" machi="10" ten="30,4000,0" yaku="8,1,52,1,54,1" doraHai="37" who="1" fromWho="1" sc="265,-21,235,43,235,-11,265,-11" /><INIT seed="1,0,0,0,4,37" ten="244,278,224,254" oya="1" hai0="10,67,49,89,79,95,31,126,94,107,34,72,100" hai1="33,25,32,45,50,53,123,8,85,23,20,109,127" hai2="76,5,52,51,120,21,111,132,124,104,42,129,134" hai3="15,91,24,133,1,82,36,65,56,128,103,29,19"/><U125/><E123/><V108/><F104/><W135/><G1/><T75/><D67/><U57/><E109/><N who="2" m="42059" /><F120/><W64/><G36/><T92/><D31/><U98/><E98/><V18/><F5/><W26/><G103/><T80/><D34/><U4/><E85/><V69/><F76/><W102/><G102/><T74/><D49/><U30/><E33/><V54/><F124/><N who="1" m="47689" /><E57/><V70/><F129/><W11/><G128/><T68/><D10/><U86/><E86/><V110/><N who="2" m="42067" /><V71/><DORA hai="6" /><F18/><W117/><G56/><T118/><D68/><U114/><E114/><V84/><F84/><W81/><G19/><T93/><D126/><U66/><E66/><V61/><F21/><W12/><G65/><T16/><D16/><U46/><E46/><N who="2" m="26071" /><F61/><W106/><G106/><T121/><D121/><U55/><E55/><AGARI ba="0,0" hai="52,54,55,69,70,71,132,134" m="26071,42067" machi="55" ten="50,8000,1" yaku="14,1,34,2,52,1,54,1" doraHai="37,6" who="2" fromWho="1" sc="244,0,278,-80,224,80,254,0" /><INIT seed="2,0,0,5,1,73" ten="244,198,304,254" oya="2" hai0="56,69,134,80,43,35,118,82,102,16,21,63,67" hai1="96,126,94,116,64,93,37,5,55,47,91,51,103" hai2="101,9,20,6,62,108,88,72,39,75,26,24,2" hai3="123,27,131,11,28,48,120,124,99,68,44,81,90"/><V130/><F130/><W19/><G68/><T3/><D134/><U128/><E116/><V32/><F101/><W14/><G131/><T115/><D118/><U60/><E128/><V65/><F39/><W122/><G124/><T30/><D115/><U0/><E126/><V113/><F113/><W79/><G99/><T22/><D3/><U110/><E110/><V46/><F46/><W95/><G95/><T111/><D111/><U76/><E37/><V100/><F26/><W89/><G28/><T119/><D43/><U13/><E0/><V86/><F100/><W12/><G12/><T59/><D35/><U34/><E34/><V83/><F32/><W54/><REACH who="3" step="1"/><G27/><REACH who="3" ten="244,198,304,244" step="2"/><T78/><D69/><U105/><E93/><V53/><F108/><W41/><G41/><T17/><D30/><U71/><E13/><V133/><F133/><W61/><G61/><T114/><D63/><U85/><REACH who="1" step="1"/><E5/><REACH who="1" ten="244,188,304,244" step="2"/><V45/><F6/><W121/><N who="3" m="30720" /><DORA hai="84" /><W33/><G33/><T15/><D15/><U58/><E58/><V77/><F2/><W135/><G135/><T97/><D59/><U25/><E25/><V125/><F24/><W8/><G8/><T107/><D56/><U36/><E36/><V18/><F9/><W106/><G106/><T31/><D107/><U1/><E1/><V10/><F10/><W98/><G98/><T74/><D97/><U112/><E112/><V29/><F125/><W132/><G132/><T129/><D114/><U66/><E66/><V38/><F65/><W40/><G40/><T104/><D67/><U70/><E70/><V23/><F38/><RYUUKYOKU ba="0,2" sc="244,-15,188,15,304,-15,244,15" hai1="47,51,55,60,64,71,76,85,91,94,96,103,105" hai3="11,14,19,44,48,54,79,81,89,90" /><INIT seed="3,1,2,1,0,46" ten="229,203,289,259" oya="3" hai0="83,130,103,31,30,68,15,79,28,104,37,18,98" hai1="6,64,80,62,1,109,40,14,60,50,43,59,2" hai2="8,94,10,123,22,54,96,36,61,120,124,131,13" hai3="17,58,97,129,100,108,5,77,48,72,82,29,88"/><W95/><G129/><T70/><D130/><U45/><E109/><V20/><F36/><W84/><G108/><T25/><D37/><U33/><E33/><V16/><F124/><W69/><G69/><T38/><D38/><U132/><E132/><V53/><F131/><W41/><G5/><T63/><D25/><U35/><E35/><V128/><F128/><W7/><G7/><T73/><REACH who="0" step="1"/><D63/><REACH who="0" ten="219,203,289,259" step="2"/><U11/><E40/><V34/><F61/><W74/><G41/><T47/><D47/><U57/><REACH who="1" step="1"/><E80/><REACH who="1" ten="219,193,289,259" step="2"/><V113/><F34/><W26/><G82/><T65/><D65/><AGARI ba="1,4" hai="1,2,6,11,14,43,45,50,57,59,60,62,64,65" machi="65" ten="30,8000,1" yaku="1,1,2,1,7,1,9,1,52,1,53,0" doraHai="46" doraHaiUra="78" who="1" fromWho="0" sc="219,-83,193,123,289,0,259,0" /><INIT seed="4,0,0,2,4,127" ten="136,316,289,259" oya="0" hai0="43,72,50,133,77,59,109,41,11,55,89,45,103" hai1="118,13,16,123,85,132,111,114,57,130,86,101,60" hai2="88,63,35,52,14,4,0,97,105,40,107,26,22" hai3="95,100,2,5,15,39,115,38,112,106,84,134,54"/><T92/><D109/><U49/><E111/><V96/><F0/><W135/><G2/><T73/><D133/><N who="3" m="50697" /><G106/><T12/><D103/><U98/><E132/><V56/><F35/><W131/><G54/><T67/><D67/><U33/><E118/><V48/><F105/><W104/><G104/><T64/><D64/><U23/><E123/><V21/><F107/><W20/><G131/><T42/><D77/><U46/><E33/><V3/><F3/><W113/><G84/><T51/><D73/><U68/><E130/><V124/><F124/><W58/><G58/><T79/><D79/><U87/><E68/><V29/><F88/><W1/><G1/><T66/><D66/><N who="1" m="39183" /><E114/><V128/><F128/><W99/><G20/><T71/><D72/><U53/><E98/><V108/><F108/><W6/><G15/><T91/><D71/><U93/><E101/><V8/><REACH who="2" step="1"/><F21/><REACH who="2" ten="136,316,279,259" step="2"/><W17/><G115/><T78/><D78/><U90/><AGARI ba="0,1" hai="13,16,23,46,49,53,85,86,87,90,93" m="39183" machi="90" ten="30,2000,0" yaku="8,1,54,1" doraHai="127" who="1" fromWho="1" sc="136,-10,316,30,279,-5,259,-5" /><INIT seed="5,0,0,2,5,2" ten="126,346,274,254" oya="1" hai0="37,87,59,53,17,78,67,57,42,82,12,126,83" hai1="114,79,29,108,25,51,70,49,35,13,125,10,88" hai2="113,101,8,96,115,105,9,64,33,97,22,98,75" hai3="1,133,38,60,30,65,18,110,44,20,107,90,74"/><U93/><E70/><V21/><F33/><W39/><G110/><T52/><D126/><U6/><E125/><V128/><F75/><W31/><G74/><T102/><D37/><U68/><E68/><V91/><F64/><W77/><G77/><T124/><D124/><U121/><E121/><V129/><F91/><W36/><G107/><T81/><D42/><U130/><E79/><V5/><F101/><W118/><G1/><T41/><D41/><U23/><E114/><N who="2" m="43531" /><F105/><W28/><G133/><T122/><D122/><U117/><E117/><V15/><F9/><W45/><G90/><T43/><D43/><U95/><E130/><AGARI ba="0,0" hai="5,8,15,21,22,96,97,98,128,129,130" m="43531" machi="130" ten="40,8000,1" yaku="19,1,15,1,11,1,52,1" doraHai="2" who="2" fromWho="1" sc="126,0,346,-80,274,80,254,0" /><INIT seed="6,0,0,2,1,76" ten="126,266,354,254" oya="2" hai0="60,53,9,46,44,78,65,135,101,47,38,127,4" hai1="18,62,43,28,67,119,133,36,104,10,3,108,24" hai2="45,124,23,16,110,75,99,111,27,59,61,70,30" hai3="26,40,29,42,68,97,55,79,37,94,125,73,14"/><V11/><F70/><W90/><G68/><T109/><D109/><N who="2" m="41482" /><F124/><W131/><G37/><T17/><D135/><U130/><E108/><V118/><F118/><W7/><G131/><T15/><D127/><U81/><E119/><V35/><F75/><W112/><G125/><T57/><D101/><U21/><E104/><V20/><F45/><W13/><G112/><T71/><D78/><U56/><E133/><V100/><F11/><W77/><G55/><T102/><D102/><U33/><E130/><V126/><F126/><W48/><G77/><T22/><D22/><U128/><E128/><V115/><F115/><W96/><G79/><T2/><D2/><U54/><E43/><V19/><F23/><W95/><G73/><T58/><D4/><U134/><E36/><V92/><F35/><W32/><G48/><T93/><D93/><U122/><E122/><V82/><F82/><W0/><G0/><T31/><D31/><U69/><E81/><V105/><F105/><W8/><REACH who="3" step="1"/><G14/><REACH who="3" ten="126,266,354,244" step="2"/><T63/><D71/><U51/><E134/><V114/><F114/><W121/><G121/><T86/><D38/><U12/><REACH who="1" step="1"/><E3/><REACH who="1" ten="126,256,354,244" step="2"/><V25/><F25/><W107/><G107/><T116/><D116/><U106/><E106/><V6/><F27/><W80/><G80/><T64/><REACH who="0" step="1"/><D53/><REACH who="0" ten="116,256,354,244" step="2"/><U89/><E89/><AGARI ba="0,3" hai="7,8,13,26,29,32,40,42,89,90,94,95,96,97" machi="89" ten="30,8000,1" yaku="1,1,7,1,9,1,53,2" doraHai="76" doraHaiUra="84" who="3" fromWho="1" sc="116,0,256,-80,354,0,244,110" /><INIT seed="7,0,0,3,0,49" ten="116,176,354,354" oya="3" hai0="24,42,48,107,2,128,88,53,16,89,30,60,109" hai1="40,20,113,72,31,19,71,111,52,25,105,27,116" hai2="97,62,59,65,100,12,74,68,50,34,123,39,0" hai3="117,9,90,4,130,51,3,84,82,37,108,78,96"/><W115/><G37/><T135/><D109/><U76/><E111/><V43/><F0/><W11/><G108/><T26/><D2/><U122/><E122/><V64/><F74/><W35/><G117/><T131/><D107/><U125/><E71/><V15/><F34/><W69/><G115/><T36/><D60/><U8/><E105/><V17/><F65/><W63/><G130/><N who="0" m="49707" /><D135/><U102/><E102/><V14/><F123/><W46/><G35/><N who="0" m="20935" /><D42/><U10/><E113/><V79/><F79/><W70/><G11/><T119/><D36/><U104/><E104/><V85/><F85/><W83/><G63/><T103/><D103/><U106/><E106/><V91/><F100/><W127/><G127/><T73/><D73/><U47/><E125/><V7/><F39/><W114/><G114/><T118/><D119/><U98/><E72/><V58/><F68/><W38/><G38/><T61/><D61/><U13/><E40/><V22/><F7/><W5/><G4/><T66/><D66/><U1/><E1/><V57/><F62/><W132/><G132/><T133/><D133/><U33/><E116/><V56/><F64/><W126/><G126/><T121/><D121/><U93/><E33/><V77/><F43/><N who="3" m="25055" /><G96/><T124/><D124/><U92/><E98/><V134/><F134/><W129/><G129/><T86/><D118/><U32/><E32/><V67/><F67/><W120/><G120/><T41/><D41/><U81/><E31/><V28/><F28/><W44/><G44/><N who="0" m="27783" /><D86/><U54/><E47/><V110/><N who="2" m="14336" /><DORA hai="87" /><V29/><F110/><W18/><G18/><RYUUKYOKU ba="0,0" sc="116,15,176,-15,354,-15,354,15" hai0="16,26,88,89" hai3="3,5,9,69,70,78,82,83,84,90" owari="131,-36.9,161,-23.9,339,13.9,369,46.9" /></mjloggm>