<mjloggm ver="2.3"><GO type="169" lobby="0"/><UN n0="%E8%B5%A4%E6%AF%9B%E3%81%AE%E3%82%AD%E3%83%A7%E3%83%B3" n1="%E3%81%A6%E3%82%93%E3%81%8F%E3%81%86" n2="%4E%6F%73%75%6B%65" n3="%E3%81%B8%E3%81%9D%E3%81%AA%E3%82%81%E3%81%9F%E3%81%84" dan="18,16,16,16" rate="2272.31,2182.13,2131.86,2153.63" sx="M,M,M,M"/><TAIKYOKU oya="0"/><INIT seed="0,0,0,4,4,65" ten="250,250,250,250" oya="0" hai0="25,76,46,54,41,71,110,1,78,49,132,118,107" hai1="112,127,17,114,56,116,7,47,32,66,97,119,83" hai2="89,74,35,53,4,81,14,69,63,87,88,94,39" hai3="122,20,104,19,75,40,102,86,21,131,60,26,28"/><T10/><D118/><U29/><E47/><V31/><F39/><W6/><G75/><T105/><D132/><U44/><E44/><V120/><F120/><W58/><G122/><T8/><D110/><U13/><E97/><V11/><F35/><W92/><G104/><T134/><D134/><U24/><E83/><V135/><F135/><W48/><G131/><T108/><D108/><U73/><E56/><V16/><F31/><W99/><G6/><T123/><D123/><U12/><E66/><V42/><F42/><W59/><G86/><T30/><D71/><U91/><E91/><V115/><F115/><N who="1" m="44073" /><E73/><V90/><F74/><W64/><G40/><T68/><D68/><U84/><E84/><V126/><F126/><W103/><G48/><T52/><D107/><U82/><E82/><V45/><F69/><W129/><G129/><T96/><D105/><U80/><E80/><V36/><F36/><W100/><G59/><T50/><D96/><U77/><E77/><N who="0" m="29801" /><D1/><U18/><E7/><V34/><F94/><W57/><REACH who="3" step="1"/><G57/><REACH who="3" ten="250,250,250,240" step="2"/><N who="0" m="32911" /><D41/><U15/><E127/><V98/><F87/><W117/><G117/><AGARI ba="0,1" hai="12,13,15,17,18,24,29,32,116,117,119" m="44073" machi="117" ten="40,5200,0" yaku="11,1,34,2" doraHai="65" who="1" fromWho="3" sc="250,0,250,62,250,0,240,-52" /><INIT seed="1,0,0,1,0,23" ten="250,312,250,188" oya="1" hai0="117,9,5,132,118,100,3,11,33,35,7,76,107" hai1="57,6,49,105,109,40,77,74,96,97,135,82,111" hai2="39,24,15,45,67,83,20,120,92,130,26,123,16" hai3="129,8,22,68,84,63,104,36,80,98,70,86,14"/><U127/><E127/><V31/><F130/><W47/><G129/><T25/><D76/><U112/><E112/><V18/><F67/><W61/><G104/><T42/><D42/><U87/><E135/><V106/><F106/><W44/><G98/><T12/><D100/><U30/><E6/><V125/><F125/><W64/><G36/><T29/><D107/><U99/><E30/><V73/><F92/><W101/><G101/><T71/><D71/><U110/><E105/><V50/><F39/><W66/><G22/><T93/><D93/><U121/><E121/><V65/><F65/><W126/><G126/><T62/><D62/><U21/><E21/><V0/><F0/><W78/><REACH who="3" step="1"/><G84/><REACH who="3" ten="250,312,250,178" step="2"/><T28/><D132/><U95/><E87/><V37/><F37/><W69/><G69/><T94/><D94/><U90/><REACH who="1" step="1"/><E57/><REACH who="1" ten="250,302,250,178" step="2"/><V55/><F123/><W134/><G134/><T53/><D53/><U27/><E27/><AGARI ba="0,2" hai="3,5,7,9,11,12,25,27,28,29,33,35,117,118" machi="27" ten="40,12000,2" yaku="9,1,34,3,52,2" doraHai="23" who="0" fromWho="1" sc="250,140,302,-120,250,0,178,0" /><INIT seed="2,0,0,1,5,93" ten="390,182,250,178" oya="2" hai0="36,109,15,117,87,76,122,10,70,83,0,134,58" hai1="3,27,39,12,90,49,110,22,13,53,38,7,102" hai2="72,106,47,126,86,11,4,119,75,97,108,68,92" hai3="127,116,88,16,5,89,79,18,24,121,113,43,91"/><V101/><F68/><W55/><G116/><T54/><D122/><U130/><E110/><V52/><F119/><W82/><G121/><T29/><D117/><U48/><E130/><V63/><F126/><W115/><G127/><T31/><D70/><U41/><E3/><V125/><F125/><W40/><G5/><T60/><D36/><U23/><E102/><V120/><F120/><W20/><G55/><T45/><D109/><U42/><E53/><V67/><F108/><W73/><REACH who="3" step="1"/><G18/><REACH who="3" ten="390,182,250,168" step="2"/><T71/><D54/><U32/><E7/><V46/><F52/><W131/><G131/><T17/><D17/><U64/><E64/><V114/><F47/><W19/><G19/><T124/><D45/><U33/><REACH who="1" step="1"/><E90/><REACH who="1" ten="390,172,250,168" step="2"/><V123/><F123/><W51/><G51/><T78/><D124/><U99/><E99/><V69/><F46/><W98/><G98/><T111/><D111/><U37/><E37/><V35/><F114/><AGARI ba="0,2" hai="16,20,24,40,43,73,79,82,88,89,91,113,114,115" machi="114" ten="40,8000,1" yaku="1,1,11,1,54,2,53,0" doraHai="93" doraHaiUra="133" who="3" fromWho="2" sc="390,0,172,0,250,-80,168,100" /><INIT seed="3,0,0,2,1,10" ten="390,172,170,268" oya="3" hai0="2,135,106,35,16,49,118,5,26,56,91,90,59" hai1="110,124,113,15,134,48,120,14,19,84,102,29,105" hai2="17,61,98,104,103,79,68,11,85,8,55,109,57" hai3="40,86,82,92,18,20,94,41,88,116,58,112,42"/><W45/><G112/><T12/><D118/><U101/><E113/><V89/><F109/><W121/><G116/><T33/><D106/><U81/><E120/><V133/><F133/><W60/><G121/><T47/><D135/><U115/><E115/><V99/><F68/><W1/><G1/><T108/><D108/><U54/><E110/><V71/><F71/><W63/><G45/><T50/><D2/><U37/><E37/><V132/><F132/><W53/><REACH who="3" step="1"/><G63/><REACH who="3" ten="390,172,170,258" step="2"/><T28/><D47/><U131/><E134/><V31/><F61/><W114/><G114/><T30/><D35/><U43/><E131/><V78/><F78/><W38/><G38/><T39/><D39/><U0/><E0/><V76/><F76/><W7/><G7/><T44/><D5/><U127/><E127/><V62/><F79/><W36/><G36/><T52/><D30/><U70/><E124/><V13/><F31/><W126/><G126/><T107/><D107/><U9/><E29/><V69/><F104/><W67/><G67/><T64/><D64/><U46/><E105/><V75/><F62/><W123/><G123/><T80/><D44/><U77/><E70/><V27/><F69/><W117/><G117/><T122/><D122/><U51/><REACH who="1" step="1"/><E15/><AGARI ba="0,1" hai="15,18,20,40,41,42,53,58,60,82,86,88,92,94" machi="15" ten="40,12000,1" yaku="1,1,8,1,52,1,54,1,53,0" doraHai="10" doraHaiUra="23" who="3" fromWho="1" sc="390,0,172,-120,170,0,258,130" /><INIT seed="3,1,0,5,3,70" ten="390,52,170,388" oya="3" hai0="37,135,17,110,61,98,64,74,119,93,122,100,0" hai1="20,57,30,52,81,28,116,72,132,71,51,92,118" hai2="115,121,123,83,85,80,103,14,44,18,47,96,8" hai3="59,16,35,58,34,101,36,60,48,4,131,133,89"/><W69/><G133/><T73/><D119/><N who="1" m="45611" /><E132/><V38/><F115/><W19/><G131/><T84/><D135/><U76/><E71/><V49/><F38/><W23/><G4/><T109/><D122/><U127/><E127/><V15/><F47/><W43/><G101/><T50/><D0/><U55/><E20/><V54/><F15/><W31/><G19/><T6/><D6/><U68/><E68/><V24/><F24/><W130/><G130/><T77/><D37/><U94/><E55/><V91/><REACH who="2" step="1"/><F80/><REACH who="2" ten="390,52,160,388" step="2"/><W114/><G114/><T105/><D109/><U53/><E53/><V134/><F134/><W22/><G36/><T62/><D110/><U126/><E126/><V82/><F82/><W27/><G60/><T40/><D62/><U112/><E112/><V102/><F102/><W124/><G124/><T108/><D108/><U67/><E67/><V66/><F66/><W86/><G69/><T128/><D128/><U11/><E11/><V45/><F45/><W63/><G63/><T99/><D61/><U25/><E25/><V65/><F65/><W2/><G2/><T79/><D64/><U39/><E39/><V95/><AGARI ba="1,1" hai="8,14,18,44,49,54,83,85,91,95,96,103,121,123" machi="95" ten="30,7900,0" yaku="1,1,0,1,25,2,53,0" doraHai="70" doraHaiUra="21" who="2" fromWho="2" sc="390,-21,52,-21,160,92,388,-40" /><INIT seed="4,0,0,4,2,46" ten="369,31,252,348" oya="0" hai0="7,62,83,88,56,100,43,77,91,108,107,132,135" hai1="26,67,60,128,32,96,75,41,54,118,80,134,11" hai2="119,127,44,35,99,82,71,84,89,24,65,9,30" hai3="49,6,78,25,101,115,20,111,126,57,19,133,53"/><T95/><D7/><U2/><E118/><V52/><F119/><W15/><G115/><T17/><D43/><U10/><E134/><N who="0" m="51241" /><D17/><U98/><E128/><V68/><F127/><W64/><G126/><T105/><D108/><U74/><E54/><V50/><F65/><W87/><G111/><T40/><D40/><U70/><E41/><V114/><F114/><W0/><G0/><T113/><D113/><U81/><E2/><V34/><F34/><W97/><G64/><T117/><D56/><U28/><E81/><V42/><F99/><W104/><G133/><T106/><D62/><U51/><E51/><V8/><REACH who="2" step="1"/><F42/><REACH who="2" ten="369,31,242,348" step="2"/><W45/><G97/><N who="0" m="59455" /><D117/><U3/><E98/><V63/><F63/><W36/><G101/><T18/><D18/><U123/><E96/><V93/><F93/><W130/><G104/><T48/><D48/><U73/><E123/><V61/><F61/><W76/><G130/><T31/><D31/><U38/><E38/><V109/><F109/><W39/><G36/><T16/><D16/><U59/><E60/><V23/><F23/><W14/><G39/><T12/><D12/><U85/><E67/><V33/><F33/><W129/><G15/><T55/><D55/><U125/><E125/><V131/><F131/><W27/><G129/><T37/><D37/><U116/><E116/><V124/><F124/><W1/><G14/><T58/><D58/><U79/><E59/><V4/><F4/><W29/><G6/><T13/><D13/><U69/><REACH who="1" step="1"/><E3/><REACH who="1" ten="369,21,242,348" step="2"/><V5/><F5/><W121/><G1/><T90/><D107/><U72/><E72/><AGARI ba="0,2" hai="72,77,83,88,90,91,105,106" m="59455,51241" machi="72" ten="30,12000,1" yaku="6,1,20,1,34,2,54,1" doraHai="46" who="0" fromWho="1" sc="369,140,21,-120,242,0,348,0" owari="509,60.9,-99,-59.9,242,-15.8,348,14.8" /></mjloggm>