<mjloggm ver="2.3"><GO type="169" lobby="0"/><UN n0="%73%69%65%72%61%34%30%31" n1="%E5%B2%A9%E4%B8%8A%E9%80%9A%E3%82%8A" n2="%E6%99%82%E8%A8%88%E5%9D%82%E9%9B%B6" n3="%E9%95%B7%E5%A4%A7%E3%82%92%E5%87%BA%E3%81%9F%E3%81%91%E3%82%8C%E3%81%A9" dan="17,16,16,16" rate="2245.16,2114.76,2140.42,2174.30" sx="F,M,M,M"/><TAIKYOKU oya="0"/><INIT seed="0,0,0,3,1,118" ten="250,250,250,250" oya="0" hai0="84,60,22,4,32,44,26,61,108,134,130,21,113" hai1="37,100,33,11,87,34,98,90,80,28,56,0,105" hai2="86,110,72,70,103,112,39,106,15,57,97,122,115" hai3="85,123,49,135,76,25,17,67,36,74,82,7,43"/><T120/><D113/><U83/><E37/><V55/><F70/><W24/><G135/><T3/><D134/><U96/><E28/><V99/><F39/><W59/><G74/><T53/><D130/><U68/><E68/><V63/><F72/><W29/><G17/><T50/><D32/><U125/><E125/><V132/><F132/><W40/><G36/><T77/><D120/><U127/><E127/><V117/><F110/><W9/><G123/><T1/><D108/><U131/><E96/><V31/><F117/><W64/><G43/><T65/><D4/><U114/><E131/><V129/><F129/><W101/><G101/><T35/><D35/><U13/><E0/><V46/><F122/><W92/><G92/><T126/><D22/><U66/><E83/><V8/><F31/><W111/><G59/><N who="0" m="37023" /><D61/><U51/><E114/><V88/><F46/><N who="3" m="25799" /><G111/><T14/><D126/><U71/><E71/><V104/><F104/><W93/><G93/><T20/><D1/><U58/><E58/><V119/><F119/><W38/><G38/><T116/><D3/><U78/><E34/><V10/><F99/><W16/><G29/><N who="0" m="17607" /><D116/><U6/><E33/><V52/><F10/><W18/><G24/><T107/><D107/><U2/><E2/><V128/><F128/><W27/><G27/><T23/><D14/><U54/><E66/><N who="3" m="25130" /><G25/><T41/><D41/><U30/><E30/><V81/><REACH who="2" step="1"/><F55/><REACH who="2" ten="250,250,240,250" step="2"/><W48/><G9/><T5/><D5/><AGARI ba="0,1" hai="5,8,15,52,57,63,81,86,88,97,103,106,112,115" machi="5" ten="30,8000,1" yaku="1,1,2,1,7,1,54,2,53,0" doraHai="118" doraHaiUra="124" who="2" fromWho="0" sc="250,-80,250,0,240,90,250,0" /><INIT seed="1,0,0,3,2,84" ten="170,250,330,250" oya="1" hai0="99,94,88,13,1,130,71,107,8,35,65,0,31" hai1="3,89,61,87,36,19,2,62,30,98,81,54,128" hai2="44,21,53,46,108,10,57,133,58,102,101,20,26" hai3="134,104,125,110,96,68,11,82,112,38,51,80,124"/><U47/><E128/><V23/><F108/><W105/><G38/><T132/><D130/><U7/><E30/><V12/><F133/><W66/><G68/><T52/><D132/><U40/><E3/><V116/><F116/><W117/><G66/><T55/><D107/><U119/><E119/><V113/><F113/><W83/><G51/><T60/><D31/><U126/><E126/><N who="3" m="48746" /><G117/><T70/><D35/><U69/><E69/><V90/><F26/><W123/><G134/><T78/><D78/><U121/><E121/><V115/><F115/><W75/><G11/><T22/><D22/><U100/><E19/><V63/><F57/><W73/><G112/><T43/><D43/><U103/><E103/><N who="2" m="39435" /><F90/><W9/><G9/><T42/><D42/><U106/><REACH who="1" step="1"/><E54/><REACH who="1" ten="170,240,330,250" step="2"/><V131/><F131/><W32/><G123/><T49/><D70/><U91/><E91/><V48/><F63/><W97/><G110/><T74/><D55/><U114/><E114/><V16/><AGARI ba="0,1" hai="10,12,16,20,21,23,44,46,48,53,58" m="39435" machi="16" ten="30,2000,0" yaku="8,1,54,1" doraHai="84" who="2" fromWho="2" sc="170,-5,240,-10,330,30,250,-5" /><INIT seed="2,0,0,2,3,21" ten="165,230,360,245" oya="2" hai0="69,30,7,113,104,114,80,108,0,103,24,40,68" hai1="132,29,100,42,72,44,51,81,36,1,39,67,18" hai2="27,133,124,101,32,131,130,45,15,13,75,38,118" hai3="135,109,48,89,96,25,19,26,92,88,71,112,8"/><V57/><F75/><W6/><G71/><N who="0" m="27211" /><D80/><U55/><E132/><V37/><F118/><W66/><G112/><T50/><D50/><U31/><E100/><V33/><F124/><W64/><G135/><T22/><D22/><U52/><E67/><N who="3" m="25642" /><G109/><T59/><D59/><U98/><E98/><V11/><F133/><W110/><G110/><T102/><D40/><U54/><E1/><V20/><F57/><W99/><G48/><T128/><D102/><U126/><E18/><V111/><F101/><W119/><G119/><T106/><D108/><U115/><E115/><V85/><F111/><W43/><G43/><T78/><D78/><U16/><E126/><V17/><F85/><W14/><G19/><T10/><D128/><N who="2" m="49194" /><F13/><W95/><AGARI ba="0,0" hai="6,8,14,25,26,88,89,92,95,96,99" m="25642" machi="95" ten="30,7900,0" yaku="8,1,52,2,54,1" doraHai="21" who="3" fromWho="3" sc="165,-20,230,-20,360,-39,245,79" /><INIT seed="3,0,0,2,4,122" ten="145,210,321,324" oya="3" hai0="84,33,66,109,117,17,63,28,98,19,114,16,46" hai1="13,113,12,32,72,14,43,44,135,30,129,94,96" hai2="121,92,27,53,5,85,10,104,68,18,37,78,111" hai3="24,108,110,47,31,38,127,60,70,112,77,134,20"/><W93/><G112/><T82/><D117/><U86/><E72/><V132/><F104/><W126/><G77/><T59/><D114/><U15/><E113/><V95/><F68/><W34/><G134/><T102/><D109/><N who="3" m="42089" /><G93/><T106/><D46/><U88/><E129/><V91/><F37/><W81/><G81/><T130/><D130/><U61/><E135/><V131/><F121/><W3/><G3/><T103/><D103/><U49/><E30/><V67/><F131/><W90/><G90/><T100/><D100/><U35/><N who="1" m="3072" /><DORA hai="87" /><U105/><E105/><V21/><F78/><W69/><G34/><T56/><D28/><U42/><E42/><V119/><F119/><W73/><G73/><T74/><D74/><U118/><E118/><V79/><F79/><W55/><G55/><T41/><D41/><U101/><E35/><V9/><F132/><W52/><G38/><T124/><D33/><U54/><E32/><V23/><F53/><W26/><G26/><T1/><D1/><U36/><E36/><V120/><F95/><W8/><G8/><T128/><D128/><U45/><E101/><V115/><F9/><W57/><G47/><T25/><D25/><U107/><E107/><V39/><F39/><W75/><G75/><T133/><D133/><U123/><E123/><V62/><F111/><W83/><G83/><T2/><D2/><U22/><E45/><V40/><F10/><W58/><G58/><T64/><D59/><N who="1" m="35063" /><E86/><V65/><F115/><W50/><G69/><T97/><D106/><U89/><E89/><V76/><F120/><W48/><G70/><RYUUKYOKU ba="0,0" sc="145,-15,210,15,321,-15,324,15" hai1="22,43,44,49,88,94,96" hai3="20,24,31,48,50,52,57,60,126,127" /><INIT seed="3,1,0,1,3,121" ten="130,225,306,339" oya="3" hai0="10,49,57,75,6,111,32,124,20,76,135,14,59" hai1="129,39,95,123,71,13,89,90,102,105,31,98,22" hai2="87,82,40,132,101,110,26,103,119,122,77,54,128" hai3="61,47,65,3,63,66,104,23,93,35,30,41,108"/><W60/><G3/><T37/><D37/><U78/><E71/><V125/><F119/><W127/><G104/><T81/><D124/><U29/><E39/><V21/><F125/><W131/><G35/><T19/><D135/><U0/><E0/><V109/><F132/><W43/><G127/><T4/><D32/><U92/><E123/><V83/><F128/><W9/><G9/><T45/><D111/><N who="2" m="42506" /><F122/><W50/><G108/><T86/><D75/><U51/><E78/><N who="2" m="46551" /><F54/><N who="3" m="30047" /><G131/><T67/><D67/><N who="3" m="25609" /><G93/><T25/><REACH who="0" step="1"/><D4/><REACH who="0" ten="120,225,306,339" step="2"/><U44/><E129/><V69/><F69/><W53/><G53/><AGARI ba="1,1" hai="6,10,14,19,20,25,45,49,53,57,59,76,81,86" machi="53" ten="30,7700,0" yaku="1,1,2,1,7,1,8,1,53,0" doraHai="121" doraHaiUra="120" who="0" fromWho="3" sc="120,90,225,0,306,0,339,-80" /><INIT seed="4,0,0,5,3,90" ten="210,225,306,259" oya="0" hai0="95,99,123,111,107,53,70,8,127,65,120,59,9" hai1="2,35,132,79,60,63,44,15,92,88,118,0,69" hai2="72,68,130,89,96,131,93,135,5,36,94,55,112" hai3="109,22,18,121,110,38,49,14,128,91,129,30,20"/><T1/><D127/><U113/><E35/><V87/><F68/><W58/><G38/><T50/><D107/><U24/><E113/><V103/><F36/><W25/><G49/><T12/><D111/><N who="3" m="42505" /><G58/><T62/><D1/><U84/><E118/><V54/><F72/><W34/><G91/><T56/><D70/><U105/><E105/><V67/><F67/><W28/><G121/><T16/><REACH who="0" step="1"/><D9/><REACH who="0" ten="200,225,306,259" step="2"/><U76/><E2/><V39/><F112/><W42/><G42/><T124/><D124/><U77/><E0/><V83/><F131/><N who="3" m="50251" /><G30/><T3/><D3/><U122/><E69/><V27/><F130/><W133/><G133/><T119/><D119/><U80/><E132/><V46/><F135/><W51/><G51/><T73/><D73/><U74/><E122/><V7/><F39/><W75/><G75/><T61/><D61/><U71/><E63/><V45/><F45/><W31/><G31/><T11/><D11/><AGARI ba="0,1" hai="11,14,18,20,22,25,28,34" m="50251,42505" machi="11" ten="30,3900,0" yaku="19,1,34,2" doraHai="90" who="3" fromWho="0" sc="200,-39,225,0,306,0,259,49" /><INIT seed="5,0,0,2,4,49" ten="161,225,306,308" oya="1" hai0="65,5,82,51,89,23,135,53,125,34,92,70,129" hai1="101,43,57,134,84,63,87,32,86,124,111,16,30" hai2="106,107,42,71,119,36,73,55,60,123,29,67,116" hai3="118,4,35,77,97,69,1,56,61,47,94,81,45"/><U98/><E124/><V130/><F73/><W105/><G118/><N who="2" m="45097" /><F29/><W122/><G122/><T108/><D108/><U128/><E134/><V115/><F106/><W21/><G35/><T28/><D135/><U10/><E128/><V127/><F107/><W78/><G69/><T44/><D129/><U14/><E111/><V112/><F130/><W66/><G105/><T9/><D125/><U79/><E43/><V17/><F17/><W0/><G4/><T113/><D113/><N who="2" m="43594" /><F127/><W33/><G33/><T18/><D34/><U131/><E131/><V80/><F80/><W8/><G0/><T75/><D28/><U22/><E32/><V62/><F123/><W39/><G8/><T126/><D126/><U7/><E30/><V109/><F109/><W15/><G1/><T99/><D75/><U120/><E79/><V58/><F42/><W50/><G21/><T88/><D5/><U117/><E117/><V93/><F93/><W38/><G15/><T40/><D9/><U59/><E120/><V27/><F27/><W3/><G3/><T74/><D74/><U20/><E20/><V102/><F102/><W104/><G104/><T114/><D114/><U6/><E6/><V100/><F100/><N who="3" m="60471" /><G78/><T121/><D121/><U13/><E101/><V31/><F31/><W41/><G77/><T132/><D132/><U64/><E98/><V95/><F95/><W37/><G81/><T19/><D23/><U83/><E83/><V91/><F91/><W52/><G41/><T85/><D40/><U25/><E25/><V110/><F110/><W12/><G12/><T24/><D24/><RYUUKYOKU ba="0,0" sc="161,0,225,0,306,0,308,0" hai0="18,19,44,51,53,65,70,82,85,88,89,92,99" hai1="7,10,13,14,16,22,57,59,63,64,84,86,87" hai2="36,55,58,60,62,67,71" hai3="37,38,39,45,47,50,52,56,61,66" /><INIT seed="5,1,0,0,3,14" ten="161,225,306,308" oya="1" hai0="32,63,23,8,35,42,2,92,4,18,27,73,103" hai1="60,72,126,86,22,105,19,15,67,48,116,133,106" hai2="7,85,10,104,94,46,110,107,125,131,25,54,0" hai3="20,93,55,36,28,113,78,102,45,66,95,118,50"/><U6/><E72/><V34/><F110/><W74/><G36/><T119/><D73/><U17/><E116/><V13/><F125/><W96/><G118/><T29/><D119/><U58/><E126/><V33/><F131/><W114/><G66/><T98/><D42/><U91/><E133/><V43/><F54/><W37/><G37/><T111/><D111/><U41/><E6/><V108/><F108/><W44/><G93/><T129/><D129/><U30/><E30/><V80/><F94/><W134/><G134/><T75/><D75/><U115/><E115/><N who="3" m="44042" /><G28/><T51/><D51/><U24/><E48/><V61/><F61/><W26/><G26/><T1/><D1/><U123/><E41/><V31/><F34/><W99/><G20/><T39/><D39/><U5/><E5/><V97/><F97/><N who="3" m="59711" /><G44/><T76/><D76/><U87/><E123/><V56/><F0/><W130/><G130/><T64/><REACH who="0" step="1"/><D29/><REACH who="0" ten="151,225,306,308" step="2"/><U127/><E127/><V47/><F31/><W68/><G78/><T11/><D11/><U9/><REACH who="1" step="1"/><E91/><REACH who="1" ten="151,215,306,308" step="2"/><V89/><F43/><W120/><G74/><T77/><D77/><U121/><E121/><V112/><F112/><W117/><G120/><T65/><D65/><U128/><E128/><V90/><F90/><W69/><G117/><T3/><D3/><U70/><E70/><AGARI ba="1,2" hai="45,50,55,68,69,70,96,99" m="59711,44042" machi="70" ten="30,1000,0" yaku="15,1" doraHai="14" who="3" fromWho="1" sc="151,0,215,-13,306,0,308,33" /><AGARI ba="1,0" hai="2,4,8,18,23,27,32,35,63,64,70,92,98,103" machi="70" ten="30,7700,0" yaku="1,1,7,1,52,1,53,1" doraHai="14" doraHaiUra="59" who="0" fromWho="1" sc="151,77,202,-77,306,0,341,0" /><INIT seed="6,0,0,1,5,33" ten="228,125,306,341" oya="2" hai0="67,2,109,101,43,93,11,71,123,108,51,55,73" hai1="0,64,96,27,81,112,127,91,116,36,58,59,65" hai2="105,14,29,134,132,133,103,90,84,113,7,47,57" hai3="52,125,107,24,38,54,6,5,41,98,19,76,49"/><V130/><F113/><W114/><G114/><T118/><D123/><U17/><E36/><V18/><F130/><W68/><G68/><T80/><D43/><U115/><E96/><N who="2" m="61671" /><F29/><W35/><G38/><T32/><D32/><U100/><E100/><V66/><F7/><W63/><G107/><T62/><D118/><U87/><E116/><V3/><F47/><W15/><G98/><T95/><D101/><U48/><E127/><V119/><F119/><W121/><G125/><T30/><D30/><U106/><E106/><V110/><F110/><W120/><G35/><T86/><D73/><U92/><E115/><V135/><N who="2" m="33792" /><DORA hai="56" /><V53/><F3/><W74/><G24/><T31/><D31/><U8/><E112/><V61/><F66/><W104/><G104/><T20/><D108/><U26/><E92/><N who="2" m="54343" /><F14/><W85/><G15/><T21/><D109/><U9/><E48/><V12/><F12/><W72/><G49/><T82/><D2/><U78/><E0/><V1/><F1/><W10/><G5/><T4/><D4/><U75/><E65/><V128/><F128/><W89/><G6/><T37/><D67/><U50/><E64/><V83/><F83/><W60/><G19/><AGARI ba="0,0" hai="18,19,53,57,61" m="54343,33792,61671" machi="19" ten="60,5800,0" yaku="20,1,52,1" doraHai="33,56" who="2" fromWho="3" sc="228,0,125,0,306,58,341,-58" /><INIT seed="6,1,0,3,4,107" ten="228,125,364,283" oya="2" hai0="36,111,20,5,128,95,2,109,80,91,3,39,15" hai1="116,17,85,30,100,52,133,32,11,47,22,72,125" hai2="120,57,104,69,67,122,64,66,61,70,38,113,56" hai3="123,114,26,93,129,132,58,25,6,40,79,88,130"/><V87/><F104/><W127/><G123/><N who="2" m="47145" /><F87/><W37/><G6/><T71/><D128/><N who="3" m="49257" /><G79/><T135/><D135/><U14/><E133/><V0/><F0/><W24/><G132/><T42/><D71/><N who="2" m="27146" /><F113/><W65/><G114/><T41/><D95/><U60/><E125/><V34/><F34/><W53/><G127/><T97/><D97/><U103/><E116/><V74/><F74/><W131/><G65/><N who="2" m="25193" /><F38/><W84/><G131/><T46/><D80/><U86/><E32/><V7/><F7/><W98/><G98/><T16/><D91/><U21/><E72/><V101/><F101/><W54/><G58/><AGARI ba="1,0" hai="56,57,58,61,67" m="25193,27146,47145" machi="58" ten="40,3900,0" yaku="34,2" doraHai="107" who="2" fromWho="3" sc="228,0,125,0,364,42,283,-42" /><INIT seed="6,2,0,3,3,40" ten="228,125,406,241" oya="2" hai0="38,108,106,96,86,52,104,57,69,76,128,116,17" hai1="103,60,45,79,111,27,5,130,64,13,67,105,35" hai2="19,99,44,10,3,22,7,28,47,20,54,126,70" hai3="46,15,4,37,29,127,48,101,88,114,118,90,124"/><V33/><F70/><W98/><G118/><T56/><D108/><U9/><E130/><V26/><F126/><N who="3" m="48171" /><G37/><T107/><D69/><U62/><E111/><V110/><F110/><W16/><G114/><T61/><D128/><U80/><E103/><V65/><F65/><W77/><G29/><T73/><D73/><U23/><E105/><V6/><F6/><W43/><G77/><T68/><D68/><U123/><E35/><V120/><F120/><W12/><G4/><T95/><D38/><U49/><E67/><V109/><F109/><W14/><G16/><T18/><D116/><U89/><E89/><V63/><F22/><W113/><G113/><T135/><D135/><U131/><E123/><V1/><F1/><W53/><G53/><T42/><D42/><U72/><E131/><V82/><F82/><W51/><G51/><T32/><D32/><U92/><E92/><AGARI ba="2,0" hai="12,14,15,43,46,48,88,90,92,98,101" m="48171" machi="92" ten="30,3900,0" yaku="18,1,52,1,54,1" doraHai="40" who="3" fromWho="1" sc="228,0,125,-45,406,0,241,45" /><INIT seed="7,0,0,1,2,135" ten="228,80,406,286" oya="3" hai0="108,0,110,22,61,54,87,103,111,72,128,96,117" hai1="119,73,112,98,33,106,118,11,130,9,3,123,19" hai2="38,18,97,27,85,129,25,82,16,40,30,122,83" hai3="91,94,84,71,77,120,51,95,57,49,26,35,134"/><W1/><G71/><T64/><D0/><U4/><E98/><V7/><F129/><W78/><G134/><T93/><D54/><U32/><E106/><V42/><F122/><W37/><G37/><T62/><D62/><U65/><E65/><V104/><F7/><W81/><G120/><T45/><D45/><U20/><E73/><V74/><F38/><W12/><G1/><T126/><D117/><U75/><E75/><V36/><F36/><W92/><G35/><T10/><D10/><U133/><E123/><V53/><F74/><W52/><G26/><T76/><D72/><U50/><E50/><V121/><F121/><W86/><G12/><T88/><D76/><U55/><E55/><V99/><F53/><W47/><REACH who="3" step="1"/><G86/><REACH who="3" ten="228,80,406,276" step="2"/><T114/><D87/><U43/><E133/><V89/><F27/><W102/><G102/><T58/><D103/><U125/><E130/><V31/><F25/><W48/><G48/><T56/><D128/><U6/><E3/><V29/><F85/><W105/><G105/><T17/><D108/><U14/><E14/><V21/><F104/><W13/><G13/><T44/><D111/><U67/><E33/><V59/><F30/><W124/><G124/><T101/><D126/><U116/><E32/><V60/><F29/><W15/><G15/><T69/><D110/><U41/><E125/><V28/><F28/><W24/><G24/><T2/><D2/><U109/><E109/><V80/><F31/><W79/><G79/><T63/><D101/><U70/><E119/><V34/><F34/><W8/><G8/><T23/><D69/><RYUUKYOKU ba="0,1" sc="228,-10,80,-10,406,-10,276,30" hai3="47,49,51,52,57,77,78,81,84,91,92,94,95" /><INIT seed="7,1,1,4,2,12" ten="218,70,396,306" oya="3" hai0="86,61,113,103,76,25,9,55,32,135,106,65,8" hai1="124,29,104,83,102,43,98,116,62,92,56,54,77" hai2="40,58,90,131,49,41,30,59,69,101,39,60,42" hai3="74,105,96,66,73,119,36,91,38,13,85,14,122"/><W44/><G122/><T15/><D55/><U80/><E124/><V133/><F101/><W10/><G119/><T130/><D86/><U22/><E116/><V95/><F131/><W23/><G66/><T132/><D76/><U51/><E43/><V50/><F39/><W123/><G123/><T79/><D79/><U111/><E111/><V45/><F133/><W81/><G38/><T87/><D87/><U7/><E7/><V114/><F69/><W110/><G110/><T11/><D15/><U107/><E107/><V67/><F30/><W128/><G128/><T2/><D2/><U21/><E21/><V17/><F17/><W70/><G70/><N who="0" m="42287" /><D113/><U18/><E104/><V134/><F134/><W121/><G23/><T120/><D120/><U57/><E77/><V4/><F4/><W108/><G14/><T37/><D37/><U24/><REACH who="1" step="1"/><E18/><REACH who="1" ten="218,60,396,306" step="2"/><V125/><F125/><W47/><G108/><T33/><D130/><U127/><E127/><V93/><F114/><W19/><G121/><T97/><D33/><U64/><AGARI ba="1,2" hai="22,24,29,51,54,56,57,62,64,80,83,92,98,102" machi="64" ten="20,12000,2" yaku="1,1,0,1,7,1,25,2,8,1,53,0" doraHai="12" doraHaiUra="0" who="1" fromWho="1" sc="218,-31,60,143,396,-31,306,-61" owari="187,-31.3,203,-19.7,365,46.5,245,4.5" /></mjloggm>