<mjloggm ver="2.3"><GO type="169" lobby="0"/><UN n0="%E3%81%A1%E3%82%83%E3%81%B0%E3%82%8A%E3%83%BC%E3%82%84" n1="%E5%A7%9C" n2="%E5%9C%A7%E5%80%92%E7%9A%84%E3%83%9D%E3%83%B3" n3="%E3%82%88%E3%81%B4" dan="16,16,17,17" rate="2118.14,2159.19,2195.00,2128.67" sx="M,M,M,M"/><TAIKYOKU oya="0"/><INIT seed="0,0,0,5,0,65" ten="250,250,250,250" oya="0" hai0="6,3,115,32,101,95,42,47,90,52,129,98,91" hai1="112,100,23,79,8,20,114,44,128,88,25,56,94" hai2="9,59,77,48,39,64,107,26,40,55,37,104,84" hai3="117,43,93,120,134,29,123,63,21,132,13,45,2"/><T19/><D115/><N who="1" m="44075" /><E128/><V4/><F39/><W69/><G2/><T126/><D129/><U80/><E100/><V50/><F37/><W97/><G117/><T96/><D126/><U12/><E56/><V58/><F26/><W122/><G29/><T1/><D32/><U116/><E116/><V131/><F131/><W27/><G27/><T57/><D19/><N who="1" m="8583" /><E44/><V30/><F30/><W68/><G21/><T53/><D6/><U108/><E108/><V60/><F40/><W46/><G13/><T125/><D125/><U109/><E109/><V119/><F48/><N who="3" m="26687" /><G46/><T75/><D75/><N who="1" m="43135" /><E25/><V99/><F119/><W61/><G61/><T85/><D1/><U49/><E49/><V28/><F28/><W31/><G63/><N who="0" m="36263" /><D3/><U70/><E70/><N who="3" m="27242" /><G31/><T10/><D42/><U67/><E67/><V72/><F72/><W54/><G54/><T130/><D130/><U87/><AGARI ba="0,0" hai="20,23,87,88,94" m="43135,8583,44075" machi="87" ten="30,2000,0" yaku="11,1,54,1" doraHai="65" who="1" fromWho="1" sc="250,-10,250,20,250,-5,250,-5" /><INIT seed="1,0,0,2,3,131" ten="240,270,245,245" oya="1" hai0="30,42,129,118,61,51,133,79,123,6,22,56,38" hai1="77,39,29,81,34,135,114,2,132,9,40,121,67" hai2="10,36,117,35,130,109,43,87,105,62,21,119,46" hai3="97,102,134,3,113,45,64,104,122,55,24,28,86"/><U82/><E114/><V8/><F105/><W25/><G3/><T15/><D118/><U16/><E121/><V103/><F130/><W54/><G24/><T44/><D129/><U63/><E34/><V120/><F35/><W80/><G113/><T98/><D123/><U49/><E29/><V65/><F120/><W101/><G101/><T11/><D38/><U5/><E49/><V107/><F109/><W99/><G99/><T92/><D133/><N who="1" m="51275" /><E16/><V60/><F60/><W71/><G28/><T68/><D30/><U69/><E77/><V27/><F103/><W84/><G102/><T12/><D79/><U115/><E115/><V23/><F107/><W75/><G104/><T7/><D7/><U111/><E111/><V17/><F87/><W94/><G84/><T127/><D22/><U90/><E90/><V74/><F74/><W108/><G86/><T93/><D6/><U128/><E128/><V52/><F119/><W125/><G75/><T106/><D51/><U53/><E53/><V18/><F117/><W13/><G55/><T58/><D11/><U112/><E112/><V89/><F89/><W20/><G54/><T126/><D42/><U78/><E78/><V100/><F100/><W95/><G108/><T26/><D106/><U48/><E48/><V110/><F110/><W88/><G88/><T19/><D19/><U37/><E37/><V70/><F52/><W91/><G91/><T57/><D61/><U66/><E66/><V31/><F31/><W32/><G122/><T72/><D72/><U33/><E33/><V85/><F85/><W14/><G134/><RYUUKYOKU ba="0,0" sc="240,-15,270,15,245,15,245,-15" hai1="2,5,9,39,40,63,67,69,81,82" hai2="8,10,17,18,21,23,27,36,43,46,62,65,70" /><INIT seed="1,1,0,3,4,128" ten="225,285,260,230" oya="1" hai0="87,135,75,59,98,31,38,120,103,19,92,13,49" hai1="50,96,18,1,5,88,8,73,67,124,76,93,23" hai2="107,131,0,61,90,47,35,30,112,34,110,37,29" hai3="82,44,42,22,40,111,97,85,94,15,114,104,102"/><U41/><E124/><V45/><F107/><W51/><G111/><T63/><D120/><U100/><E67/><V129/><F0/><W54/><G114/><T20/><D38/><U7/><E7/><V134/><F112/><W95/><G95/><T83/><D75/><U106/><E76/><V78/><F78/><W53/><G104/><T89/><D135/><U6/><E6/><V91/><F110/><W55/><G42/><T81/><D31/><U14/><E73/><V116/><F61/><W28/><G28/><T3/><D3/><U70/><E70/><V68/><F68/><W69/><G69/><T17/><D17/><U11/><E11/><V84/><F84/><W39/><G39/><T123/><D49/><U9/><E9/><V46/><F46/><W105/><G105/><T10/><D123/><U109/><E109/><V66/><F37/><W117/><G117/><T71/><D71/><U12/><E50/><V4/><F116/><W77/><G22/><T24/><D81/><U64/><E64/><V36/><F36/><W108/><G108/><T132/><D132/><U115/><E41/><V99/><F66/><W62/><REACH who="3" step="1"/><G15/><REACH who="3" ten="225,285,260,220" step="2"/><T25/><REACH who="0" step="1"/><D20/><REACH who="0" ten="215,285,260,220" step="2"/><U57/><E115/><V118/><F118/><W101/><G101/><T26/><D26/><U27/><E1/><V130/><F131/><W80/><G80/><T33/><D33/><U125/><E27/><V121/><F121/><W122/><G122/><T113/><D113/><U58/><E125/><V133/><F130/><W16/><G16/><T72/><D72/><U52/><E23/><V48/><F129/><RYUUKYOKU ba="1,2" sc="215,15,285,-15,260,-15,220,15" hai0="10,13,19,24,25,59,63,83,87,89,92,98,103" hai3="40,44,51,53,54,55,62,77,82,85,94,97,102" /><INIT seed="2,2,2,5,5,113" ten="230,270,245,235" oya="2" hai0="129,34,114,23,106,107,105,68,64,38,46,33,133" hai1="18,119,51,60,4,125,93,97,57,100,96,111,130" hai2="0,10,62,109,3,82,22,85,76,74,19,117,6" hai3="50,70,55,63,87,45,17,28,79,41,115,67,71"/><V95/><F109/><W132/><G115/><T78/><D114/><U20/><E111/><V7/><F7/><W98/><G132/><T120/><D120/><U124/><E130/><V135/><F135/><W11/><G28/><T8/><D133/><U69/><E69/><V32/><F32/><W84/><G71/><T75/><D23/><U110/><E110/><V128/><F128/><W72/><G98/><T9/><D9/><U43/><E4/><V53/><F117/><W127/><G127/><N who="1" m="48714" /><E119/><V42/><F42/><W99/><G99/><T103/><D8/><U81/><E81/><V30/><F30/><W73/><G84/><T27/><D103/><N who="1" m="60815" /><E51/><V131/><F131/><W121/><G50/><T91/><D129/><U47/><E47/><V66/><F53/><W5/><G45/><T26/><D46/><U31/><E43/><V2/><F95/><W94/><G94/><T13/><D38/><U12/><E31/><V80/><F62/><W29/><G63/><T37/><D37/><U61/><E57/><V54/><F54/><W102/><G55/><T122/><D68/><U101/><E101/><V116/><F66/><W24/><G102/><T56/><D56/><U88/><E88/><V108/><F108/><W52/><G67/><T59/><D91/><U92/><AGARI ba="2,2" hai="12,18,20,60,61,92,97,100" m="60815,48714" machi="92" ten="30,1100,0" yaku="18,1" doraHai="113" who="1" fromWho="1" sc="230,-5,270,37,245,-7,235,-5" /><INIT seed="3,0,0,0,3,72" ten="225,307,238,230" oya="3" hai0="23,115,56,8,37,131,5,135,102,121,53,75,64" hai1="63,90,83,40,113,4,92,127,21,82,15,34,93" hai2="103,89,119,14,46,114,101,12,51,60,112,19,99" hai3="49,79,35,41,39,1,87,74,44,22,18,98,29"/><W76/><G74/><T117/><D117/><U62/><E34/><V36/><F119/><W45/><G1/><T24/><D121/><U33/><E33/><V30/><F36/><W20/><G87/><T38/><D131/><U67/><E113/><V9/><F30/><W71/><G71/><T57/><D135/><U88/><E40/><V7/><F60/><W126/><G126/><T85/><D75/><U69/><E127/><V128/><F128/><W61/><G61/><T73/><D73/><U68/><E21/><V26/><F26/><W118/><G98/><T133/><D57/><U66/><E15/><V42/><F89/><W84/><G84/><T122/><D64/><U97/><REACH who="1" step="1"/><E4/><REACH who="1" ten="225,297,238,230" step="2"/><V65/><F114/><W109/><G35/><T58/><D115/><U16/><E16/><V27/><F112/><W11/><G118/><T32/><D32/><U91/><E91/><V17/><F7/><W81/><G109/><T100/><D5/><U124/><E124/><V105/><F27/><W2/><G29/><T59/><D23/><U52/><E52/><V120/><F65/><W50/><G2/><T28/><D53/><U55/><E55/><V116/><F116/><W134/><G18/><T25/><D28/><U0/><E0/><V111/><F103/><W47/><G41/><T54/><D102/><U86/><AGARI ba="0,1" hai="62,63,66,67,68,69,82,83,86,88,90,92,93,97" machi="86" ten="20,8000,1" yaku="1,1,0,1,7,1,9,1,54,1,53,0" doraHai="72" doraHaiUra="6" who="1" fromWho="1" sc="225,-20,297,90,238,-20,230,-40" /><INIT seed="4,0,0,0,2,52" ten="205,387,218,190" oya="0" hai0="100,109,78,30,79,89,128,2,134,53,8,43,59" hai1="112,116,20,15,74,47,58,26,50,68,73,13,90" hai2="92,135,60,18,131,119,48,130,114,38,96,98,19" hai3="81,101,72,36,49,84,93,91,85,22,121,44,113"/><T95/><D128/><N who="2" m="49194" /><F38/><W29/><G36/><T46/><D134/><U4/><E116/><V40/><F119/><W0/><G0/><T70/><D70/><U71/><E71/><V99/><F135/><W127/><G113/><T35/><D100/><U42/><E68/><V104/><F104/><W67/><G127/><T105/><D105/><U118/><E74/><V62/><F114/><W64/><G72/><T3/><D109/><U57/><E73/><V5/><F5/><W106/><G106/><T80/><D30/><U27/><E118/><V102/><F48/><W11/><G11/><T33/><D33/><U69/><E69/><V41/><F92/><W122/><G122/><T87/><D35/><U97/><E27/><V39/><F39/><W45/><G45/><T7/><D2/><U56/><E4/><V23/><F23/><W61/><G61/><N who="2" m="23657" /><F102/><W34/><G34/><T129/><D129/><U9/><E9/><V132/><F132/><W77/><G101/><T25/><D25/><U55/><E42/><AGARI ba="0,0" hai="18,19,40,41,42,96,98,99" m="23657,49194" machi="42" ten="40,5200,0" yaku="28,2,19,1" doraHai="52" who="2" fromWho="1" sc="205,0,387,-52,218,52,190,0" /><INIT seed="5,0,0,1,0,33" ten="205,335,270,190" oya="1" hai0="76,44,102,71,75,20,60,114,50,43,107,37,29" hai1="124,122,79,54,86,69,81,41,133,82,63,100,13" hai2="110,8,22,129,99,85,131,4,126,78,132,34,87" hai3="70,0,18,88,9,11,73,115,111,10,93,65,108"/><U25/><E122/><V109/><F34/><W89/><G73/><T116/><D116/><U6/><E124/><V46/><F126/><W64/><G70/><T32/><D114/><U123/><E123/><V67/><F67/><W72/><G72/><T16/><D50/><U106/><E133/><V7/><F132/><W40/><G40/><T117/><D117/><U15/><E41/><V96/><F22/><W103/><G103/><T24/><D76/><U112/><E112/><V2/><F46/><W104/><G104/><T36/><D75/><U92/><E106/><V119/><F119/><W57/><G115/><T98/><D36/><U30/><E6/><V94/><F78/><W42/><G42/><T97/><D97/><N who="1" m="59431" /><E82/><V83/><F83/><W26/><G57/><T62/><REACH who="0" step="1"/><D71/><REACH who="0" ten="195,335,270,190" step="2"/><U74/><E69/><V38/><F38/><W47/><G108/><T49/><D49/><U120/><E74/><V58/><F99/><W35/><G111/><T23/><D23/><N who="1" m="15679" /><E120/><V101/><F110/><W28/><G35/><T91/><D91/><U121/><E121/><V5/><F109/><W27/><G88/><T17/><D17/><U45/><E45/><V125/><F125/><W118/><G47/><T51/><D51/><U3/><E79/><V128/><F58/><W1/><G118/><T84/><D84/><AGARI ba="0,1" hai="2,4,5,7,8,84,85,87,94,96,101,128,129,131" machi="84" ten="40,2600,0" yaku="19,1,52,1" doraHai="33" who="2" fromWho="0" sc="195,-26,335,0,270,36,190,0" /><INIT seed="6,0,0,0,1,42" ten="169,335,306,190" oya="2" hai0="133,27,1,71,75,31,108,74,4,57,7,80,131" hai1="124,122,105,52,9,69,129,53,54,17,47,77,126" hai2="0,44,132,36,33,23,100,120,8,2,89,109,87" hai3="50,94,135,72,128,14,6,39,46,58,29,117,92"/><V24/><F120/><W43/><G72/><T107/><D108/><U70/><E122/><V96/><F33/><W76/><G76/><T35/><D7/><U88/><E105/><V48/><F36/><W121/><G117/><T65/><D57/><U45/><E77/><V22/><F22/><W55/><G128/><T67/><D67/><U49/><E129/><V134/><F109/><W93/><G135/><T13/><D131/><U62/><E88/><V90/><F90/><W86/><G29/><T66/><D66/><N who="1" m="41175" /><E70/><V99/><F99/><W97/><G121/><T64/><D64/><U28/><E28/><V68/><F68/><W11/><REACH who="3" step="1"/><G86/><REACH who="3" ten="169,335,306,180" step="2"/><T79/><D75/><U102/><E126/><V123/><F123/><W16/><G16/><T5/><D133/><U114/><E17/><V110/><F134/><W60/><G60/><T10/><D4/><U104/><E124/><V37/><F132/><W82/><G82/><T106/><D13/><U12/><E12/><V15/><F110/><W101/><AGARI ba="0,1" hai="6,11,14,39,43,46,50,55,58,92,93,94,97,101" machi="101" ten="20,5200,0" yaku="1,1,0,1,7,1,52,1,53,0" doraHai="42" doraHaiUra="111" who="3" fromWho="3" sc="169,-13,335,-13,306,-26,180,62" /><INIT seed="7,0,0,5,5,67" ten="156,322,280,242" oya="3" hai0="63,18,82,75,54,105,50,124,90,11,76,116,4" hai1="24,128,135,8,125,98,5,97,3,134,1,32,20" hai2="23,80,29,58,7,30,47,9,123,129,2,28,62" hai3="64,102,12,107,104,93,84,49,88,52,33,87,126"/><W70/><G33/><T26/><D124/><U21/><E125/><V118/><F118/><W27/><G126/><T77/><D116/><U132/><E128/><V100/><F129/><W60/><G102/><T114/><D114/><U110/><E110/><V66/><F123/><W119/><G119/><T71/><D105/><U92/><E1/><V86/><F100/><W127/><G27/><T22/><D77/><U61/><E61/><V51/><F23/><N who="1" m="8777" /><E92/><V34/><F34/><W25/><G25/><T59/><D90/><U109/><E109/><V72/><F72/><W133/><G133/><T101/><D101/><U94/><E94/><V48/><REACH who="2" step="1"/><F47/><REACH who="2" ten="156,322,270,242" step="2"/><W113/><G127/><T117/><D117/><U43/><E43/><V37/><F37/><W53/><G113/><T78/><D78/><AGARI ba="0,1" hai="2,7,9,28,29,30,48,51,58,62,66,78,80,86" machi="78" ten="40,1300,0" yaku="1,1,53,0" doraHai="67" doraHaiUra="69" who="2" fromWho="0" sc="156,-13,322,0,270,23,242,0" owari="143,-35.7,322,42.2,293,9.3,242,-15.8" /></mjloggm>