<mjloggm ver="2.3"><GO type="225" lobby="0"/><UN n0="%E7%89%B9%E6%9D%B1%E3%81%AF%E4%B8%96%E7%95%8C%E3%82%92%E6%95%91%E3%81%86" n1="%72%61%6B%33" n2="%E9%A6%AC%E5%BC%95%E7%81%AB%33" n3="%74%2E%6F%2E%6F%2E%73" dan="16,16,16,17" rate="2138.78,2102.66,2129.44,2126.29" sx="M,M,M,M"/><TAIKYOKU oya="0"/><INIT seed="0,0,0,5,1,38" ten="250,250,250,250" oya="0" hai0="72,54,108,2,116,15,124,94,106,69,133,62,64" hai1="4,9,37,132,55,112,11,135,98,33,128,73,96" hai2="32,41,81,53,31,21,134,5,25,13,86,49,93" hai3="99,30,78,117,89,35,42,70,118,40,76,80,46"/><T102/><D116/><U126/><E73/><V115/><F115/><W58/><G70/><T87/><D2/><U77/><E77/><V95/><F134/><W74/><G76/><T113/><D113/><U119/><E119/><V101/><F101/><W16/><G40/><T61/><D72/><U20/><E112/><V109/><F109/><W91/><G58/><T125/><D133/><U105/><E33/><V79/><F32/><W63/><G63/><T100/><D106/><U131/><E37/><V88/><F41/><W8/><G30/><T56/><D108/><U90/><E20/><V84/><F13/><W103/><G35/><T48/><D15/><U1/><E55/><V28/><F5/><W24/><G117/><T22/><D22/><U57/><E57/><N who="2" m="32943" /><F28/><W68/><G68/><T127/><REACH who="0" step="1"/><D61/><REACH who="0" ten="240,250,250,250" step="2"/><U85/><E105/><V97/><F97/><W59/><G118/><T34/><D34/><U26/><E98/><V19/><F31/><W3/><G3/><T14/><D14/><U120/><E96/><V7/><F7/><W129/><G99/><T18/><D18/><U50/><E4/><V52/><F19/><W6/><G6/><T43/><D43/><U44/><E1/><V17/><F17/><W65/><G16/><T60/><D60/><U51/><E135/><V10/><F21/><W83/><G74/><T130/><D130/><U123/><E131/><V23/><F23/><W27/><G129/><T75/><D75/><U29/><E132/><V12/><F12/><W107/><G107/><T104/><D104/><U121/><E128/><V114/><F114/><RYUUKYOKU ba="0,1" sc="240,30,250,-10,250,-10,250,-10" hai0="48,54,56,62,64,69,87,94,100,102,124,125,127" /><INIT seed="0,1,1,1,4,40" ten="270,240,240,240" oya="0" hai0="63,52,64,28,37,42,114,60,105,17,119,29,12" hai1="36,35,126,87,57,61,72,31,73,100,84,0,106" hai2="93,46,14,71,11,3,89,56,67,125,92,6,111" hai3="65,76,4,108,96,88,34,54,32,115,47,13,127"/><T53/><D114/><U44/><E0/><V116/><F111/><W90/><G115/><T66/><D119/><U24/><E126/><V107/><F107/><W18/><G108/><T9/><D105/><U83/><E87/><V69/><F125/><W8/><G127/><T101/><D101/><U38/><E100/><V75/><F75/><W95/><G76/><T70/><D29/><U99/><E99/><V129/><F129/><W117/><G117/><T62/><D28/><U7/><E7/><V91/><F116/><W41/><G65/><T122/><D122/><U123/><E106/><V1/><F56/><W20/><G54/><T82/><D82/><U16/><E16/><V51/><F67/><W10/><G90/><T110/><D62/><U134/><E134/><V2/><F92/><W77/><G77/><T30/><D30/><U79/><E123/><V98/><REACH who="2" step="1"/><F89/><REACH who="2" ten="270,240,230,240" step="2"/><W5/><G5/><T15/><D110/><U124/><E124/><V43/><AGARI ba="1,2" hai="1,2,3,6,11,14,43,46,51,69,71,91,93,98" machi="43" ten="30,7900,0" yaku="1,1,2,1,0,1,52,1,53,0" doraHai="40" doraHaiUra="74" who="2" fromWho="2" sc="270,-40,240,-21,230,102,240,-21" /><INIT seed="1,0,0,4,5,91" ten="230,219,332,219" oya="1" hai0="90,100,58,49,59,13,81,84,18,124,133,85,40" hai1="44,107,48,54,97,114,132,134,92,3,80,32,53" hai2="63,73,104,106,64,123,9,51,41,57,15,31,76" hai3="11,46,61,78,122,96,22,68,93,99,17,60,118"/><U2/><E114/><V10/><F123/><W116/><G122/><T6/><D133/><N who="1" m="51307" /><E32/><V5/><F31/><W29/><G78/><T36/><D124/><U70/><E107/><V108/><F108/><W72/><G72/><T101/><D36/><U33/><E33/><V89/><F89/><W65/><G46/><N who="0" m="25799" /><D6/><U109/><E70/><V117/><F117/><N who="3" m="45163" /><G60/><T8/><D85/><U45/><E80/><V39/><F10/><W42/><G42/><T66/><D66/><U131/><E131/><V98/><F15/><N who="3" m="7423" /><G93/><T62/><D62/><U130/><E130/><V115/><F39/><W110/><G110/><T94/><D81/><U35/><E109/><V111/><F111/><W121/><G121/><T77/><D77/><U67/><E67/><V83/><F64/><W37/><G37/><T28/><D28/><U120/><E120/><V47/><F104/><W82/><G82/><T30/><D30/><U74/><E74/><V43/><F106/><W25/><AGARI ba="0,0" hai="22,25,29,61,65,68,96,99" m="7423,45163" machi="25" ten="30,1100,0" yaku="12,1" doraHai="91" who="3" fromWho="3" sc="230,-3,219,-5,332,-3,219,11" /><INIT seed="2,0,0,1,2,77" ten="227,214,329,230" oya="2" hai0="125,132,40,39,12,52,1,74,41,109,124,70,87" hai1="48,110,79,53,122,19,115,30,56,93,127,44,20" hai2="25,126,3,55,81,59,7,43,90,67,91,102,51" hai3="123,63,42,106,45,73,101,113,27,104,65,105,121"/><V88/><F126/><N who="0" m="48746" /><D74/><U71/><E127/><V15/><F3/><W135/><G135/><T66/><D1/><U117/><E117/><V21/><F102/><W14/><G113/><T22/><D39/><U108/><E115/><V18/><F67/><W17/><G101/><T111/><D132/><U89/><E71/><V33/><F43/><N who="0" m="16458" /><D87/><U13/><E122/><V128/><F128/><W0/><G0/><T10/><D22/><U32/><E110/><BYE who="1" /><N who="0" m="41993" /><D52/><U120/><E120/><UN n1="%72%61%6B%33" /><V6/><F33/><W114/><G73/><T16/><D66/><U31/><E108/><V119/><F119/><W64/><G114/><T100/><D100/><U99/><E32/><V36/><F36/><W131/><G65/><T62/><D62/><U68/><E68/><AGARI ba="0,0" hai="10,12,16,68,70" m="41993,16458,48746" machi="68" ten="40,5200,0" yaku="18,1,14,1,54,1" doraHai="77" who="0" fromWho="1" sc="227,52,214,-52,329,0,230,0" /><INIT seed="3,0,0,2,2,27" ten="279,162,329,230" oya="3" hai0="30,41,0,45,98,22,11,74,46,52,100,101,51" hai1="7,79,128,57,29,85,1,49,67,66,131,81,34" hai2="19,116,50,105,13,23,24,58,115,77,96,65,103" hai3="88,17,110,62,93,47,107,59,80,121,37,63,92"/><W28/><G121/><T134/><D74/><U53/><E7/><V106/><F115/><W86/><G107/><T3/><D134/><U55/><E1/><V6/><F116/><W112/><G112/><T8/><D101/><U73/><E73/><V129/><F129/><W109/><G17/><T16/><D30/><U91/><E79/><V72/><F65/><W35/><G47/><T15/><D0/><U20/><E34/><V117/><F117/><W44/><G44/><T108/><D3/><U75/><E75/><V40/><F40/><W78/><G37/><T48/><REACH who="0" step="1"/><D108/><REACH who="0" ten="269,162,329,230" step="2"/><N who="3" m="41577" /><G59/><T56/><D56/><U4/><E131/><V126/><F58/><W130/><G130/><T114/><D114/><U54/><E128/><V99/><F72/><N who="3" m="43079" /><G93/><AGARI ba="0,1" hai="8,11,15,16,22,41,45,46,48,51,52,93,98,100" machi="93" ten="30,12000,2" yaku="1,1,7,1,8,1,54,2,53,1" doraHai="27" doraHaiUra="14" who="0" fromWho="3" sc="269,130,162,0,329,0,230,-120" owari="399,49.9,162,-23.8,329,12.9,110,-39.0" /></mjloggm>