<mjloggm ver="2.3"><GO type="169" lobby="0"/><UN n0="%E4%BF%9D%E8%82%B2%E5%A3%AB" n1="%E2%97%8E%E3%82%88%E3%81%97%E2%97%8E" n2="%E3%83%9C%E3%82%A4%E3%83%AD%E5%B0%86%E6%A3%8B%E9%83%A8%E5%93%A1" n3="%E3%82%A4%E3%82%AB%E3%81%AB%E3%82%82%E6%9D%B1%E5%8C%97" dan="16,17,17,16" rate="2219.10,2180.52,2180.43,2142.85" sx="M,M,M,M"/><TAIKYOKU oya="0"/><INIT seed="0,0,0,5,1,3" ten="250,250,250,250" oya="0" hai0="72,33,108,133,118,128,49,28,73,14,29,97,74" hai1="50,106,75,116,87,32,99,120,77,125,126,66,93" hai2="114,61,85,110,78,37,12,6,81,91,19,112,25" hai3="41,53,34,129,43,55,101,134,95,113,90,51,18"/><T35/><D118/><U135/><E32/><V107/><F37/><W52/><G113/><T76/><D76/><U60/><E116/><V36/><F36/><W104/><G34/><T64/><D133/><U123/><E50/><V46/><F107/><W62/><G134/><T98/><D128/><U79/><E135/><V54/><F110/><W94/><G129/><T22/><D108/><U23/><E23/><V69/><F25/><W122/><G122/><N who="1" m="46634" /><E60/><V21/><F46/><W57/><G104/><T48/><D73/><U45/><E45/><V105/><F105/><W58/><G53/><T131/><D22/><U71/><E66/><V17/><F17/><W7/><G7/><T63/><D63/><U109/><E71/><V100/><F100/><W68/><G68/><T124/><D131/><U119/><E119/><V40/><F40/><W9/><G101/><T84/><D64/><U39/><E39/><V130/><F130/><W0/><G95/><T132/><D132/><U80/><E109/><V127/><F69/><W96/><REACH who="3" step="1"/><G0/><REACH who="3" ten="250,250,250,240" step="2"/><T30/><D35/><U1/><E1/><V59/><F112/><W20/><G20/><T88/><D33/><U56/><E106/><V44/><F114/><W4/><G4/><T67/><D67/><U38/><E93/><V111/><F6/><W5/><G5/><T86/><D124/><U102/><E126/><V2/><F127/><W11/><G11/><T92/><D92/><U121/><E125/><V89/><F111/><W70/><G70/><T27/><D98/><U8/><E121/><V103/><F2/><W15/><AGARI ba="0,1" hai="9,15,18,41,43,51,52,55,57,58,62,90,94,96" machi="15" ten="30,8000,1" yaku="1,1,5,1,0,1,8,1,54,1,53,0" doraHai="3" doraHaiUra="16" who="3" fromWho="3" sc="250,-40,250,-20,250,-20,240,90" /><INIT seed="1,0,0,0,4,67" ten="210,230,230,330" oya="1" hai0="85,8,110,49,24,1,74,119,77,58,92,53,51" hai1="5,123,82,131,22,121,61,65,2,94,62,84,107" hai2="38,0,68,69,12,71,75,56,37,23,132,26,47" hai3="6,118,100,105,129,4,90,122,27,102,57,59,114"/><U124/><E107/><V81/><F81/><W83/><BYE who="2" /><G122/><UN n2="%E3%83%9C%E3%82%A4%E3%83%AD%E5%B0%86%E6%A3%8B%E9%83%A8%E5%93%A1" /><T87/><D119/><U112/><E112/><V89/><F75/><W109/><G114/><T66/><D110/><U52/><E124/><V73/><F73/><W42/><G109/><T18/><D74/><U9/><E131/><V126/><F0/><W80/><G118/><T130/><D130/><U54/><E94/><V21/><F126/><W127/><G127/><T117/><D117/><U50/><E22/><V120/><F120/><W86/><G42/><T45/><D77/><U43/><E43/><V70/><F132/><W25/><G86/><T17/><D1/><U46/><E54/><V35/><F35/><W33/><G90/><T29/><D8/><U108/><E62/><V72/><F72/><W30/><G30/><T32/><D66/><U10/><E10/><V125/><F125/><W106/><G129/><T101/><D85/><U88/><E108/><V91/><F56/><AGARI ba="0,0" hai="2,5,9,46,50,52,56,61,65,82,84,88,121,123" machi="56" ten="30,5800,0" yaku="7,1,54,2" doraHai="67" who="1" fromWho="2" sc="210,0,230,58,230,-58,330,0" /><INIT seed="1,1,0,5,3,109" ten="210,288,172,330" oya="1" hai0="52,87,39,132,7,28,118,82,83,107,36,1,106" hai1="19,97,100,48,55,60,75,27,121,74,114,31,64" hai2="42,43,128,13,3,84,119,4,59,16,8,111,94" hai3="58,18,110,85,76,81,21,50,124,129,63,33,20"/><U56/><E121/><V104/><F119/><W46/><G33/><T102/><D118/><U12/><E114/><V92/><F104/><W67/><G110/><T122/><D28/><U2/><E2/><V99/><F111/><W53/><G129/><T5/><D1/><U88/><E12/><V54/><F128/><W25/><G124/><T73/><D87/><U9/><E19/><V95/><F99/><W127/><G127/><T91/><D91/><U35/><E9/><V135/><F135/><W10/><G21/><T44/><D44/><U66/><E66/><V78/><F78/><W108/><G108/><T130/><D130/><U34/><E34/><V26/><F84/><W57/><REACH who="3" step="1"/><G10/><REACH who="3" ten="210,288,172,320" step="2"/><T24/><D132/><U120/><E120/><V115/><F115/><W0/><G0/><T37/><D122/><U15/><E15/><V98/><F3/><W133/><G133/><T17/><D24/><U116/><E116/><V117/><F117/><W70/><AGARI ba="1,1" hai="18,20,25,46,50,53,57,58,63,67,70,76,81,85" machi="70" ten="20,2700,0" yaku="1,1,0,1,7,1,53,0" doraHai="109" doraHaiUra="90" who="3" fromWho="3" sc="210,-8,288,-14,172,-8,320,40" /><INIT seed="2,0,0,2,4,46" ten="202,274,164,360" oya="2" hai0="134,21,56,71,104,20,62,59,4,53,57,94,54" hai1="7,27,74,36,1,99,112,38,123,111,95,30,128" hai2="83,5,105,90,40,124,107,22,130,35,121,97,0" hai3="102,117,67,32,85,9,49,64,63,133,11,87,23"/><V34/><F121/><W81/><G117/><T129/><D104/><U58/><E74/><V2/><F124/><W96/><G32/><T88/><D134/><U98/><E123/><V109/><F130/><W47/><G23/><T125/><D125/><U89/><E112/><V108/><F40/><W31/><G31/><T103/><D129/><U6/><E111/><N who="2" m="42571" /><F22/><W19/><G133/><T91/><D71/><U70/><E70/><V29/><F5/><W12/><G9/><T43/><D57/><U86/><E128/><V84/><F107/><W66/><G63/><T68/><D68/><U28/><E28/><V114/><F114/><W41/><REACH who="3" step="1"/><G81/><REACH who="3" ten="202,274,164,350" step="2"/><T126/><D126/><U60/><E1/><N who="2" m="619" /><F29/><W42/><G42/><T48/><D43/><U55/><E6/><V116/><F116/><W73/><G73/><T131/><D131/><U119/><E7/><V132/><F132/><W69/><G69/><T115/><D115/><U76/><E119/><V80/><F80/><W18/><G18/><T122/><D4/><U78/><E30/><V51/><F51/><W106/><AGARI ba="0,1" hai="11,12,19,41,47,49,64,66,67,85,87,96,102,106" machi="106" ten="30,7900,0" yaku="1,1,0,1,52,1,53,1" doraHai="46" doraHaiUra="101" who="3" fromWho="3" sc="202,-20,274,-20,164,-39,350,89" /><INIT seed="3,0,0,0,5,28" ten="182,254,125,439" oya="3" hai0="59,61,64,12,107,63,124,70,13,7,118,34,14" hai1="37,89,101,18,75,135,86,100,80,119,62,38,39" hai2="81,17,85,69,54,65,42,114,132,126,66,74,21" hai3="6,44,73,27,99,78,106,112,40,131,83,67,111"/><W45/><G112/><T91/><D118/><U48/><E119/><V122/><F114/><W16/><G131/><T79/><D124/><U96/><E135/><V26/><F132/><W113/><G113/><T116/><D116/><U133/><E133/><V60/><F126/><W32/><G111/><T88/><D107/><U90/><E75/><V95/><F122/><W108/><G108/><T50/><D7/><U76/><E100/><V11/><F74/><W43/><G6/><T9/><D79/><U129/><E129/><V102/><F42/><W47/><G67/><T72/><D72/><U2/><E2/><V46/><F11/><W87/><G73/><T57/><D9/><U49/><E62/><V93/><F102/><W109/><G109/><T121/><D34/><U82/><E18/><V25/><F66/><W97/><G106/><T115/><D121/><U4/><E4/><V29/><F54/><W103/><G103/><T1/><D1/><U110/><E110/><V33/><REACH who="2" step="1"/><F46/><REACH who="2" ten="182,254,115,439" step="2"/><W71/><G43/><T31/><D115/><U24/><E101/><V22/><F22/><W120/><G40/><T125/><D125/><U41/><E41/><V35/><F35/><W55/><G32/><T134/><D134/><U77/><E39/><V52/><F52/><W58/><G120/><T15/><D64/><U56/><E38/><V53/><F53/><W117/><G117/><T127/><D127/><U130/><E37/><V20/><F20/><N who="3" m="13703" /><G71/><T30/><D70/><U10/><E10/><V128/><F128/><W8/><G8/><T105/><D105/><U92/><E130/><RYUUKYOKU ba="0,1" sc="182,-15,254,-15,115,15,439,15" hai2="17,21,25,26,29,33,60,65,69,81,85,93,95" hai3="44,45,47,55,58,78,83,87,97,99" /><INIT seed="3,1,1,1,3,86" ten="167,239,130,454" oya="3" hai0="46,131,112,61,79,115,24,124,133,62,120,91,113" hai1="77,71,82,40,81,2,27,80,100,12,99,129,117" hai2="74,89,59,39,8,119,34,108,65,56,30,19,35" hai3="28,75,109,85,31,55,44,63,111,105,58,66,72"/><W68/><G105/><T122/><D79/><U102/><E2/><V95/><F119/><W135/><G135/><T21/><D133/><U17/><E71/><V10/><F39/><W70/><G44/><T107/><D107/><U60/><E117/><V83/><F108/><N who="3" m="41547" /><G85/><T16/><D131/><U134/><E129/><V22/><F8/><W45/><G45/><T25/><D124/><U90/><E40/><V97/><F10/><W23/><G70/><T93/><D25/><U87/><E134/><V11/><F11/><W52/><G55/><T67/><D46/><U57/><E27/><V118/><F118/><W125/><G125/><T110/><D110/><U3/><E3/><V126/><F30/><N who="3" m="11307" /><G23/><T98/><D61/><AGARI ba="1,1" hai="52,58,61,63,66,68,72,75" m="11307,41547" machi="61" ten="30,5800,0" yaku="14,1,10,1,54,1" doraHai="86" who="3" fromWho="0" sc="167,-61,239,0,130,0,454,71" /><INIT seed="3,2,0,2,4,1" ten="106,239,130,525" oya="3" hai0="4,132,17,32,53,21,58,96,52,63,87,18,109" hai1="65,72,38,68,2,133,25,62,40,9,41,121,131" hai2="104,74,123,56,8,59,61,6,111,75,19,24,130" hai3="94,95,84,81,54,86,125,15,103,29,134,102,110"/><W85/><G29/><T44/><D32/><U79/><E41/><V0/><F111/><W118/><G118/><T119/><D119/><U49/><E49/><V91/><F104/><W100/><G54/><T11/><D109/><U98/><E98/><V57/><F130/><W112/><G15/><N who="0" m="5607" /><D132/><U107/><E25/><V77/><F123/><W135/><G110/><T34/><D34/><U82/><E133/><N who="3" m="50698" /><G112/><T16/><D96/><U126/><E126/><V42/><F42/><W127/><G81/><T88/><D44/><N who="1" m="23575" /><E131/><V5/><F61/><W66/><G66/><N who="0" m="39287" /><D21/><U28/><E28/><V108/><F108/><W64/><G64/><T90/><D90/><U26/><E26/><V3/><F91/><W116/><G116/><T51/><D51/><U60/><E60/><V99/><F99/><W46/><G46/><T67/><D67/><U55/><E55/><V92/><F24/><W80/><G80/><AGARI ba="2,0" hai="16,17,18,52,53,80,87,88" m="39287,5607" machi="80" ten="30,8000,1" yaku="8,1,52,1,54,3" doraHai="1" who="0" fromWho="3" sc="106,86,239,0,130,0,525,-86" /><INIT seed="4,0,0,1,4,8" ten="192,239,130,439" oya="0" hai0="30,109,56,43,80,91,103,37,101,120,39,57,1" hai1="15,76,68,40,78,3,9,95,93,82,16,60,87" hai2="129,11,28,2,50,133,134,132,20,104,0,116,122" hai3="126,42,31,90,111,61,6,131,130,35,45,89,29"/><T112/><D120/><U70/><E3/><V72/><F104/><W4/><G111/><T115/><D109/><U84/><E40/><V59/><F72/><W22/><G35/><T81/><D43/><U23/><E68/><V10/><F50/><W69/><G126/><T96/><D91/><N who="3" m="34825" /><G61/><T113/><D1/><N who="2" m="618" /><F59/><N who="0" m="22602" /><D96/><U25/><E60/><V74/><F74/><W62/><G62/><T24/><D24/><U58/><E58/><V135/><N who="2" m="33792" /><DORA hai="102" /><V54/><F54/><W85/><G85/><T67/><D30/><N who="3" m="11273" /><G22/><T26/><D26/><U123/><E123/><V105/><F122/><W14/><G14/><T107/><D67/><U124/><E70/><V71/><F71/><W51/><G69/><T83/><D107/><U44/><E124/><V108/><F105/><W21/><G21/><T114/><N who="0" m="28672" /><DORA hai="117" /><T94/><D94/><U49/><E49/><V34/><F108/><W33/><G33/><T53/><D53/><U41/><E41/><V128/><F34/><W88/><G88/><T52/><D52/><U125/><E125/><V100/><F100/><AGARI ba="0,0" hai="37,39,80,81,83,100,101,103" m="28672,22602" machi="100" ten="60,11600,0" yaku="28,2,15,1" doraHai="8,102,117" who="0" fromWho="2" sc="192,116,239,0,130,-116,439,0" /><INIT seed="4,1,0,3,0,48" ten="308,239,14,439" oya="0" hai0="70,2,4,18,98,31,17,93,27,26,24,52,107" hai1="29,51,113,135,1,28,53,103,127,63,11,81,0" hai2="10,65,13,8,76,50,66,112,19,115,134,44,101" hai3="32,123,6,74,121,132,90,37,60,46,75,20,129"/><T105/><D70/><U125/><E135/><V15/><F134/><W80/><G32/><T82/><D31/><N who="1" m="11851" /><E103/><V77/><F101/><W16/><G132/><T61/><D82/><U114/><E63/><V72/><F72/><W30/><G129/><T67/><D67/><U92/><E92/><V21/><F21/><W87/><G30/><T22/><D2/><N who="1" m="1131" /><E81/><V34/><F34/><W39/><G6/><T108/><D4/><U118/><E11/><V5/><F112/><N who="1" m="43113" /><E118/><V117/><F115/><W131/><G60/><T128/><D107/><U94/><E94/><V79/><REACH who="2" step="1"/><F117/><REACH who="2" ten="308,239,4,439" step="2"/><W91/><G75/><T110/><D22/><U100/><E100/><V47/><F47/><AGARI ba="1,1" hai="47,51,53,125,127" m="43113,1131,11851" machi="47" ten="40,5200,0" yaku="15,1,11,1,52,1" doraHai="48" who="1" fromWho="2" sc="308,0,239,65,4,-55,439,0" owari="308,10.8,304,-9.6,-51,-55.1,439,53.9" /></mjloggm>