<mjloggm ver="2.3"><GO type="169" lobby="0"/><UN n0="%6B%65%79%33" n1="%E3%83%95%E3%83%AB%E3%82%BC%E3%83%B3%E3%83%84%E3%81%8F%E3%82%93" n2="%52%65%61%6C%58" n3="%E3%82%A4%E3%82%AB%E3%81%AB%E3%82%82%E6%9D%B1%E5%8C%97" dan="16,16,16,16" rate="2068.39,2185.47,2185.30,2144.78" sx="M,F,F,M"/><TAIKYOKU oya="0"/><INIT seed="0,0,0,4,0,51" ten="250,250,250,250" oya="0" hai0="101,59,130,32,125,3,11,31,39,19,65,116,109" hai1="88,66,56,131,26,64,105,74,81,75,135,113,24" hai2="58,25,97,114,118,127,80,35,92,14,40,87,2" hai3="18,84,7,54,78,133,21,83,98,89,53,28,91"/><T108/><D39/><U86/><E113/><V104/><F114/><W117/><G117/><T110/><D116/><U93/><E105/><V100/><F2/><W82/><G133/><T62/><D125/><U103/><E135/><V13/><F127/><W129/><G129/><T42/><D42/><U29/><E131/><V107/><F40/><W36/><G36/><T123/><D130/><U5/><E5/><V61/><F118/><W0/><G28/><T90/><D123/><U30/><E30/><V49/><F35/><W124/><G124/><T60/><D101/><U48/><E24/><V69/><F25/><W67/><G67/><T47/><D47/><U122/><E122/><V120/><F120/><W12/><G7/><T10/><D3/><U27/><E27/><V38/><F38/><W94/><REACH who="3" step="1"/><G0/><REACH who="3" ten="250,250,250,240" step="2"/><T128/><D128/><U134/><E134/><V132/><F132/><W111/><G111/><T79/><D31/><U70/><E66/><V99/><F107/><W6/><G6/><T115/><D115/><U33/><E64/><V72/><F104/><W77/><G77/><T85/><D79/><U71/><E71/><V106/><F69/><W4/><G4/><T96/><D109/><U112/><E70/><V46/><F106/><W34/><G34/><T37/><D32/><U73/><E112/><V44/><F72/><AGARI ba="0,1" hai="12,18,21,53,54,72,78,82,83,84,89,91,94,98" machi="72" ten="30,8000,1" yaku="1,1,7,1,52,2,53,1" doraHai="51" doraHaiUra="8" who="3" fromWho="2" sc="250,0,250,0,250,-80,240,90" /><INIT seed="1,0,0,4,5,80" ten="250,250,170,330" oya="1" hai0="50,27,119,37,124,84,10,98,129,71,109,117,108" hai1="83,110,44,55,14,35,25,9,43,107,3,56,100" hai2="90,89,132,105,112,8,60,111,1,53,103,28,30" hai3="126,82,31,45,94,49,51,115,101,130,40,46,39"/><U116/><E116/><V42/><F111/><N who="0" m="42570" /><D37/><U57/><E110/><V67/><F112/><W122/><G122/><T11/><D71/><U78/><E3/><V121/><F121/><W68/><G68/><T79/><D129/><U12/><E100/><V120/><F120/><W87/><G115/><T127/><D50/><U38/><E107/><V19/><F132/><W65/><G65/><T41/><D41/><U17/><E55/><V54/><F42/><W123/><G126/><N who="0" m="48171" /><D98/><U20/><E35/><V85/><F103/><W86/><G130/><T48/><D48/><U58/><REACH who="1" step="1"/><E9/><REACH who="1" ten="250,240,170,330" step="2"/><V106/><F105/><W72/><G101/><T92/><D10/><U128/><E128/><V29/><F106/><W135/><G123/><T32/><D11/><U33/><E33/><V76/><F1/><W93/><G40/><T70/><D32/><U64/><E64/><V134/><F53/><W77/><G135/><T13/><D117/><U69/><E69/><V59/><F134/><W36/><G46/><T74/><D70/><U62/><E62/><V34/><F34/><W2/><G45/><T131/><D119/><U0/><E0/><V73/><F67/><W66/><G66/><T97/><D131/><U125/><E125/><V15/><F73/><AGARI ba="0,1" hai="12,14,17,20,25,38,43,44,56,57,58,73,78,83" machi="73" ten="40,2000,0" yaku="1,1,53,0" doraHai="80" doraHaiUra="113" who="1" fromWho="2" sc="250,0,240,30,170,-20,330,0" /><INIT seed="1,1,0,0,2,96" ten="250,270,150,330" oya="1" hai0="100,46,115,101,43,10,91,53,28,54,122,118,42" hai1="60,7,82,37,108,102,87,21,85,86,113,49,33" hai2="89,26,58,29,30,84,15,14,110,11,78,18,112" hai3="70,17,80,74,4,123,40,66,0,22,2,130,63"/><U13/><E113/><V9/><F112/><W119/><G123/><T64/><D118/><U20/><E37/><V65/><F110/><W34/><G34/><T55/><D115/><U93/><E33/><V73/><F73/><W31/><G119/><T57/><D122/><U25/><E108/><V135/><F135/><W35/><G130/><T107/><D107/><U117/><E117/><V52/><F78/><W121/><G121/><T68/><D68/><U88/><E60/><V114/><F65/><W56/><G40/><N who="0" m="15403" /><D28/><U50/><E102/><N who="0" m="39529" /><D10/><N who="1" m="4319" /><E20/><V99/><F114/><W92/><G22/><T61/><D91/><N who="1" m="53487" /><E86/><V105/><F99/><W45/><G35/><T97/><D97/><U36/><E36/><V124/><F105/><W23/><G23/><T83/><D83/><U132/><E132/><V62/><F26/><W67/><G80/><T69/><D69/><U125/><E125/><V24/><F24/><W109/><G70/><T6/><D6/><U77/><E77/><V126/><F126/><W120/><G4/><T71/><D71/><U47/><E88/><V133/><F133/><W27/><G74/><T127/><D127/><U106/><E106/><V38/><F38/><W48/><G120/><T131/><D131/><U79/><E79/><V94/><F124/><W103/><G109/><T5/><D5/><AGARI ba="1,0" hai="5,9,11,14,15,18,29,30,52,58,62,84,89,94" machi="5" ten="30,3900,0" yaku="7,1,8,1,54,1" doraHai="96" who="2" fromWho="0" sc="250,-42,270,0,150,42,330,0" /><INIT seed="2,0,0,5,0,111" ten="208,270,192,330" oya="2" hai0="39,48,54,126,17,115,29,103,83,125,113,108,85" hai1="82,40,38,14,96,26,118,46,21,117,88,57,75" hai2="134,36,121,135,1,84,43,110,50,13,95,92,66" hai3="49,116,22,27,25,67,97,124,3,41,122,42,4"/><V59/><F121/><W61/><G116/><T89/><D39/><U45/><E57/><V44/><F1/><W15/><G122/><T129/><D108/><U20/><E46/><V119/><F119/><W56/><G124/><N who="0" m="47723" /><D129/><U102/><E14/><V18/><F110/><W98/><G3/><T100/><D17/><U133/><E20/><V86/><F86/><W131/><G131/><T65/><D65/><U58/><E58/><V64/><F84/><W8/><G27/><T123/><D29/><U109/><E133/><N who="2" m="50699" /><F36/><W68/><G68/><T33/><D33/><U77/><E109/><V53/><F66/><W90/><G90/><T112/><D123/><U70/><E88/><V60/><F64/><W32/><G32/><T114/><D114/><U55/><E70/><V120/><F120/><W0/><G0/><T101/><D101/><U19/><REACH who="1" step="1"/><E55/><REACH who="1" ten="208,260,192,330" step="2"/><V78/><F78/><W5/><G67/><T52/><D52/><U12/><E12/><V9/><AGARI ba="0,1" hai="9,13,18,43,44,50,53,59,60,92,95" m="50699" machi="9" ten="30,1500,0" yaku="20,1" doraHai="111" who="2" fromWho="2" sc="208,-5,260,-5,192,25,330,-5" /><INIT seed="2,1,0,4,1,76" ten="203,255,217,325" oya="2" hai0="88,82,49,10,62,135,58,78,36,72,24,34,131" hai1="113,63,96,44,8,122,46,103,134,35,84,7,80" hai2="68,11,59,60,89,64,128,5,45,132,65,92,4" hai3="6,53,31,114,25,43,111,70,52,107,27,112,32"/><V26/><F128/><W91/><G70/><T28/><D36/><U17/><E113/><N who="3" m="43626" /><G107/><T100/><D131/><U42/><E134/><V15/><F132/><W77/><G111/><T127/><D135/><U40/><E122/><V14/><F45/><W71/><G71/><T119/><D127/><U50/><E35/><V90/><F26/><W79/><G43/><T121/><D121/><U30/><E30/><V124/><F124/><W129/><G129/><T83/><D100/><U75/><E75/><V66/><F68/><W109/><G109/><T126/><D126/><U0/><E63/><V120/><F120/><W29/><G91/><N who="2" m="34825" /><F92/><W110/><G6/><N who="2" m="2665" /><F11/><W81/><G110/><T130/><D130/><U74/><E74/><V51/><F51/><W67/><G67/><AGARI ba="1,0" hai="14,15,59,60,64,65,66,67" m="2665,34825" machi="67" ten="30,1500,0" yaku="8,1" doraHai="76" who="2" fromWho="3" sc="203,0,255,0,217,18,325,-18" /><INIT seed="2,2,0,1,4,37" ten="203,255,235,307" oya="2" hai0="0,124,63,42,117,96,13,44,11,67,85,107,103" hai1="116,87,65,59,121,10,91,125,2,127,130,97,71" hai2="6,23,84,73,39,98,4,60,45,74,105,36,5" hai3="51,100,104,133,3,41,70,118,126,20,26,50,68"/><V106/><F84/><W34/><G118/><T40/><D124/><N who="1" m="47691" /><E116/><V90/><F23/><W31/><G3/><T62/><D117/><U53/><E130/><V32/><F32/><W48/><G126/><T52/><D0/><U49/><E121/><V27/><F27/><W7/><G7/><T35/><D35/><U61/><E97/><V99/><F60/><W78/><G133/><T57/><D85/><U81/><E10/><V43/><F39/><W101/><G78/><T21/><D21/><U69/><E2/><V55/><F55/><W14/><G41/><T25/><D25/><U102/><E102/><V123/><F123/><W112/><G112/><T131/><D131/><U19/><E19/><V16/><F16/><W47/><G47/><AGARI ba="2,0" hai="47,49,53,59,61,65,69,71,81,87,91" m="47691" machi="47" ten="30,1000,0" yaku="18,1" doraHai="37" who="1" fromWho="3" sc="203,0,255,16,235,0,307,-16" /><INIT seed="3,0,0,0,1,30" ten="203,271,235,291" oya="3" hai0="71,40,28,52,93,21,34,104,84,81,32,87,14" hai1="35,66,88,65,26,9,117,135,13,53,125,113,12" hai2="63,49,37,68,38,73,6,126,130,90,122,116,56" hai3="20,109,72,94,132,115,18,86,91,5,123,45,29"/><W78/><G115/><T100/><D71/><U101/><E113/><V98/><F116/><W111/><G123/><T64/><D64/><U103/><E117/><V119/><F119/><W4/><G29/><T96/><D40/><U16/><E135/><V7/><F73/><W74/><G45/><T118/><D118/><U27/><E125/><V114/><F114/><W67/><G67/><T76/><D52/><U75/><E75/><N who="3" m="28714" /><G78/><T55/><D55/><U41/><E41/><V69/><F126/><W89/><G91/><T80/><D104/><U128/><E53/><V44/><F130/><W33/><G33/><T107/><D107/><U57/><E128/><V124/><F124/><W24/><G132/><T121/><D121/><U11/><E57/><V134/><F134/><W17/><G18/><T77/><D28/><U95/><E95/><V83/><F69/><W110/><AGARI ba="0,0" hai="4,5,17,20,24,86,89,94,109,110,111" m="28714" machi="110" ten="40,3900,0" yaku="14,1,10,1" doraHai="30" who="3" fromWho="3" sc="203,-13,271,-13,235,-13,291,39" /><INIT seed="3,1,0,4,2,77" ten="190,258,222,330" oya="3" hai0="40,124,29,92,8,62,35,89,42,53,117,48,1" hai1="84,107,121,109,100,130,4,114,72,14,134,70,96" hai2="11,59,0,87,19,69,128,75,119,22,50,12,3" hai3="129,122,91,111,17,106,66,118,34,74,64,113,63"/><W27/><G113/><T93/><D117/><U103/><E14/><V15/><F119/><W9/><G118/><T6/><D124/><U16/><E16/><V80/><F75/><W85/><G122/><T105/><D105/><U125/><E4/><V108/><F69/><W47/><G74/><T41/><D62/><U38/><E84/><V95/><F108/><W71/><G106/><T135/><D135/><U73/><E96/><V10/><F128/><W86/><G129/><T23/><D35/><U24/><E24/><V68/><F68/><W115/><G115/><T78/><D78/><U31/><E31/><V65/><F95/><W32/><G66/><T58/><REACH who="0" step="1"/><D89/><REACH who="0" ten="180,258,222,330" step="2"/><U67/><E103/><V94/><F65/><W5/><G91/><T13/><D13/><U126/><E100/><V46/><F0/><W112/><G63/><T28/><D28/><U36/><E67/><V2/><F3/><W18/><G34/><T82/><D82/><U123/><E107/><V60/><F2/><W30/><G32/><T57/><D57/><U90/><E90/><N who="2" m="51559" /><F94/><W132/><G64/><T20/><D20/><U45/><E130/><V79/><F79/><W52/><G71/><T102/><D102/><U99/><E70/><V55/><F15/><W21/><G132/><T43/><N who="0" m="10240" /><DORA hai="83" /><T76/><D76/><U133/><E114/><V127/><F127/><W54/><G112/><T25/><AGARI ba="1,1" hai="1,6,8,23,25,29,48,53,58,92,93" m="10240" machi="25" ten="40,8000,1" yaku="1,1,0,1,53,2" doraHai="77,83" doraHaiUra="116,88" who="0" fromWho="0" sc="180,93,258,-21,222,-21,330,-41" /><INIT seed="4,0,0,1,2,45" ten="273,237,201,289" oya="0" hai0="33,109,7,14,54,24,107,117,55,26,72,42,112" hai1="120,80,123,61,75,52,50,87,41,29,19,79,131" hai2="119,100,3,76,114,27,77,13,16,9,121,116,68" hai3="4,108,40,21,135,83,25,64,70,102,28,39,60"/><T124/><D117/><N who="2" m="45130" /><F68/><W12/><G108/><T96/><D72/><U125/><E125/><V118/><F121/><W130/><G130/><T47/><D112/><U46/><E131/><V88/><F114/><W126/><G126/><T2/><D2/><U66/><E29/><V110/><F110/><W90/><G135/><T73/><D73/><U18/><E75/><V65/><F100/><W15/><G102/><T44/><D107/><U127/><E127/><V48/><F65/><W101/><G101/><T57/><D96/><U51/><E123/><V103/><F103/><W71/><G71/><T99/><D99/><U129/><E129/><V93/><F3/><W78/><G90/><T10/><D33/><U92/><E92/><V35/><N who="2" m="45138" /><V104/><DORA hai="63" /><F48/><W81/><G83/><T115/><D115/><U11/><E11/><V17/><F104/><W106/><G106/><T43/><D109/><U0/><E0/><V98/><F17/><W31/><G4/><T85/><D7/><U56/><REACH who="1" step="1"/><E120/><REACH who="1" ten="273,227,201,289" step="2"/><V59/><F59/><AGARI ba="0,1" hai="18,19,41,46,50,51,52,56,59,61,66,79,80,87" machi="59" ten="30,16000,3" yaku="1,1,2,1,7,1,8,1,52,3,54,1,53,0" doraHai="45,63" doraHaiUra="8,22" who="1" fromWho="2" sc="273,0,227,170,201,-160,289,0" /><INIT seed="5,0,0,1,4,13" ten="273,397,41,289" oya="1" hai0="36,123,93,115,85,89,116,48,127,73,57,9,16" hai1="5,122,100,125,58,55,32,60,129,8,106,105,62" hai2="74,91,75,27,59,61,111,39,42,126,53,95,44" hai3="15,132,133,110,96,6,117,46,11,4,50,134,49"/><U37/><E122/><V40/><F111/><W47/><G110/><T64/><D116/><U128/><E32/><V29/><F126/><W19/><G117/><T135/><D36/><U71/><E37/><V124/><F124/><W65/><G65/><T54/><D127/><U101/><E125/><V45/><F45/><W98/><G47/><T76/><D115/><U131/><E71/><V31/><F31/><W104/><G50/><T21/><D135/><U99/><E60/><V108/><F108/><W66/><G66/><T26/><D123/><U94/><REACH who="1" step="1"/><E101/><REACH who="1" ten="273,387,41,289" step="2"/><V79/><F42/><W63/><G63/><T68/><D68/><U20/><E20/><V30/><F79/><W18/><G133/><T10/><D64/><U113/><E113/><V72/><REACH who="2" step="1"/><F27/><REACH who="2" ten="273,387,31,289" step="2"/><W90/><G134/><T130/><D76/><U43/><E43/><V56/><F56/><W80/><G132/><T107/><D26/><U69/><E69/><V83/><F83/><W17/><G80/><T119/><D57/><U81/><E81/><V52/><F52/><W41/><G41/><T67/><D54/><U121/><E121/><V24/><F24/><W87/><G46/><T34/><D119/><U86/><E86/><AGARI ba="0,2" hai="29,30,39,40,44,53,59,61,72,74,75,86,91,95" machi="86" ten="40,1300,0" yaku="1,1,53,0" doraHai="13" doraHaiUra="22" who="2" fromWho="1" sc="273,0,387,-13,31,33,289,0" /><INIT seed="6,0,0,5,4,130" ten="273,374,64,289" oya="2" hai0="103,72,65,19,54,123,8,118,0,94,86,82,20" hai1="73,33,78,97,102,42,1,74,21,132,112,109,83" hai2="92,2,67,35,120,110,85,75,56,121,119,122,116" hai3="45,10,125,60,61,50,16,63,126,48,34,43,47"/><V13/><F2/><W29/><G29/><T95/><D123/><N who="2" m="31490" /><V81/><DORA hai="129" /><F13/><N who="3" m="7223" /><G34/><T113/><D72/><U80/><E21/><V26/><F26/><W79/><G79/><T66/><D103/><U101/><E42/><V36/><F36/><W32/><G32/><T53/><D118/><N who="2" m="45098" /><F35/><W111/><G111/><T49/><D8/><U11/><E109/><V91/><F110/><W88/><G88/><N who="0" m="51287" /><D54/><U38/><E38/><V7/><F7/><W57/><G126/><T99/><D113/><U134/><E112/><V4/><F4/><W5/><G5/><T106/><D106/><U9/><E33/><V93/><F56/><W55/><G125/><T37/><D37/><U52/><E52/><AGARI ba="0,0" hai="43,45,47,48,50,52,55,57,60,61,63" m="7223" machi="52" ten="30,3900,0" yaku="8,1,54,2" doraHai="130,129" who="3" fromWho="1" sc="273,0,374,-39,64,0,289,39" /><INIT seed="7,0,0,1,3,16" ten="273,335,64,328" oya="3" hai0="3,49,132,59,42,114,68,11,92,94,75,80,54" hai1="82,5,99,102,115,89,97,22,93,25,81,7,29" hai2="65,88,133,46,2,8,10,72,84,51,90,56,30" hai3="130,118,27,95,77,100,105,86,21,106,85,14,116"/><W19/><G130/><T33/><D68/><U123/><E123/><V119/><F72/><W117/><G85/><T79/><D33/><U87/><E115/><V96/><F119/><W1/><G1/><T41/><D132/><U120/><E120/><V64/><F2/><W104/><G100/><T83/><D114/><U0/><E0/><V52/><F133/><W74/><G74/><T61/><D80/><N who="1" m="30827" /><E97/><V101/><F84/><W23/><G77/><T110/><D110/><U26/><E26/><V58/><F30/><W24/><REACH who="3" step="1"/><G23/><REACH who="3" ten="273,335,64,318" step="2"/><T111/><D111/><U47/><E47/><V32/><F32/><W36/><G36/><T71/><D92/><AGARI ba="0,1" hai="5,7,22,25,29,87,89,92,93,99,102" m="30827" machi="92" ten="30,2000,0" yaku="8,1,52,1" doraHai="16" who="1" fromWho="0" sc="273,-20,335,30,64,0,318,0" owari="253,-14.7,365,46.5,64,-43.6,318,11.8" /></mjloggm>