<mjloggm ver="2.3"><GO type="169" lobby="0"/><UN n0="%70%6F%6E%2D%65%6E" n1="%6F%6B%62%6F%6B%62" n2="%E7%BC%B6%E3%82%B3%E3%83%92" n3="%43%72%37" dan="16,17,16,18" rate="2156.53,2203.48,2027.41,2226.57" sx="F,M,M,M"/><TAIKYOKU oya="0"/><INIT seed="0,0,0,1,3,111" ten="250,250,250,250" oya="0" hai0="6,99,54,74,98,65,40,108,113,89,129,107,33" hai1="41,109,25,121,91,42,27,31,123,124,133,64,88" hai2="103,32,90,100,97,71,128,30,93,95,102,68,44" hai3="115,52,75,63,132,56,76,80,49,66,0,110,85"/><T34/><D74/><U39/><E109/><V101/><F128/><W83/><G110/><T23/><D108/><U47/><E133/><V92/><F44/><W7/><G132/><T4/><D129/><U79/><E79/><V3/><F3/><W131/><G131/><T2/><D40/><U61/><E124/><V135/><F135/><W125/><G125/><T73/><D73/><U70/><E41/><V50/><F50/><W28/><G28/><T105/><D65/><U22/><REACH who="1" step="1"/><E25/><REACH who="1" ten="250,240,250,250" step="2"/><V17/><F71/><W104/><G76/><T10/><D107/><U45/><E45/><V9/><F68/><W112/><G104/><T19/><D105/><U48/><E48/><V5/><F17/><W120/><G120/><AGARI ba="0,1" hai="22,27,31,39,42,47,61,64,70,88,91,120,121,123" machi="120" ten="40,2600,0" yaku="1,1,54,1,53,0" doraHai="111" doraHaiUra="72" who="1" fromWho="3" sc="250,0,240,36,250,0,250,-26" /><INIT seed="1,0,0,1,4,51" ten="250,276,250,224" oya="1" hai0="6,54,72,65,32,13,116,88,35,63,37,121,126" hai1="22,117,132,26,69,105,84,70,46,120,122,49,62" hai2="74,113,52,40,48,108,89,92,50,130,60,39,66" hai3="98,96,86,41,115,16,109,61,0,68,43,135,47"/><U123/><E117/><V15/><F74/><W45/><G115/><T44/><D116/><U112/><E112/><V107/><F107/><W95/><G0/><T125/><D72/><U134/><E105/><V7/><F113/><W31/><G109/><T77/><D77/><U28/><E84/><V94/><F108/><W90/><G31/><T97/><D6/><U57/><E57/><V59/><F130/><W129/><G135/><N who="1" m="51754" /><E62/><V124/><F124/><W29/><G29/><T20/><D13/><U8/><E8/><N who="2" m="4511" /><F39/><W33/><G129/><T133/><D20/><U5/><E5/><V64/><F40/><AGARI ba="0,0" hai="22,26,28,40,46,49,69,70,120,122,123" m="51754" machi="40" ten="40,2000,0" yaku="20,1" doraHai="51" who="1" fromWho="2" sc="250,0,276,20,250,-20,224,0" /><INIT seed="1,1,0,3,2,47" ten="250,296,230,224" oya="1" hai0="31,28,66,43,45,125,27,13,59,107,120,18,127" hai1="21,132,33,67,80,77,100,78,52,128,110,37,109" hai2="11,82,134,75,57,87,53,123,112,4,130,3,98" hai3="16,115,108,2,104,91,63,106,56,8,97,124,129"/><U25/><E33/><V84/><F130/><W30/><G115/><T86/><D107/><U70/><E128/><V50/><F134/><W95/><G129/><T60/><D120/><U17/><E132/><V23/><F112/><W19/><G108/><N who="1" m="41578" /><E37/><V64/><F123/><W41/><G124/><N who="0" m="47691" /><D27/><U116/><E116/><V133/><F133/><W71/><G71/><T46/><D86/><U44/><E100/><V74/><F64/><W92/><G30/><N who="0" m="11307" /><D43/><U68/><E67/><V90/><F98/><W96/><G41/><T89/><D89/><U62/><E77/><V79/><REACH who="2" step="1"/><F23/><AGARI ba="1,0" hai="13,18,23,45,46,59,60,66" m="11307,47691" machi="23" ten="30,1000,0" yaku="18,1" doraHai="47" who="0" fromWho="2" sc="250,13,296,0,230,-13,224,0" /><INIT seed="2,0,0,4,3,35" ten="263,296,217,224" oya="2" hai0="39,3,112,28,132,69,0,104,88,77,108,115,97" hai1="25,91,133,10,126,110,31,57,84,123,93,16,116" hai2="59,33,32,2,63,36,72,67,14,42,94,120,17" hai3="78,96,26,52,71,24,103,73,109,41,82,130,85"/><V125/><F72/><W129/><G71/><T11/><D88/><U87/><E110/><V118/><F118/><W135/><G41/><T124/><D11/><U55/><E123/><V65/><F125/><W86/><G109/><T70/><D28/><U18/><E126/><V101/><F120/><W47/><G135/><T40/><D77/><U76/><E133/><V74/><F74/><W19/><G86/><T68/><D124/><U122/><E122/><V22/><F2/><N who="0" m="554" /><D132/><U134/><E134/><V61/><F36/><W38/><G38/><T21/><D21/><N who="1" m="15791" /><E10/><V56/><REACH who="2" step="1"/><F42/><REACH who="2" ten="263,296,207,224" step="2"/><W46/><G73/><T128/><D108/><U100/><E116/><V127/><F127/><W15/><G130/><T80/><D128/><U9/><E9/><V113/><F113/><W83/><G129/><T121/><D121/><U90/><E76/><V66/><F66/><W95/><G82/><T6/><D80/><N who="1" m="49415" /><E100/><V75/><F75/><W98/><G103/><N who="0" m="62575" /><D6/><U92/><E92/><V119/><F119/><W131/><G95/><T13/><D13/><U81/><E93/><V105/><F105/><W43/><G131/><T20/><D20/><U89/><E91/><V48/><F48/><AGARI ba="0,1" hai="16,18,48,55,57,81,87,89" m="49415,15791" machi="48" ten="30,2000,0" yaku="8,1,54,1" doraHai="35" who="1" fromWho="2" sc="263,0,296,30,207,-20,224,0" /><INIT seed="3,0,0,1,0,130" ten="263,326,187,224" oya="3" hai0="132,58,84,65,92,101,59,107,105,51,106,24,117" hai1="48,27,31,93,127,38,57,104,113,102,21,64,30" hai2="68,37,61,98,49,134,39,60,28,85,124,66,94" hai3="81,46,114,43,53,72,12,118,5,33,125,110,79"/><W19/><G114/><T100/><D117/><U45/><E104/><V22/><F124/><W109/><G118/><T14/><D24/><U88/><E102/><V96/><F49/><W54/><G33/><T122/><D122/><U70/><E127/><V123/><F123/><W32/><G32/><T42/><D14/><U7/><E7/><V35/><F35/><W116/><G5/><T103/><D65/><U126/><E126/><V71/><F85/><W3/><G3/><T11/><D11/><U89/><E31/><V83/><F83/><W55/><G116/><T47/><D84/><U0/><E0/><V120/><F120/><W50/><REACH who="3" step="1"/><G125/><REACH who="3" ten="263,326,187,214" step="2"/><T111/><D107/><U133/><E113/><V26/><F39/><W87/><G87/><T78/><D106/><U8/><E38/><V40/><F37/><W115/><G115/><T63/><D105/><U56/><E8/><AGARI ba="0,1" hai="8,12,19,43,46,50,53,54,55,72,79,81,109,110" machi="8" ten="40,2000,0" yaku="1,1,53,0" doraHai="130" doraHaiUra="99" who="3" fromWho="1" sc="263,0,326,-20,187,0,214,30" /><INIT seed="3,1,0,2,4,50" ten="263,306,187,244" oya="3" hai0="100,108,132,5,67,123,47,96,34,42,60,91,35" hai1="44,21,6,78,17,129,0,12,69,20,31,43,107" hai2="82,83,77,113,130,57,62,121,109,24,15,41,86" hai3="1,71,88,74,11,23,112,28,104,99,116,16,79"/><W19/><G112/><T68/><D108/><U81/><E69/><V87/><F109/><W110/><G110/><T46/><D123/><U135/><E107/><V32/><F121/><W90/><G116/><T125/><D125/><U134/><E129/><V59/><F130/><W40/><G71/><T103/><D132/><U92/><E92/><V120/><F120/><W9/><G40/><T29/><D5/><U2/><E31/><V70/><F113/><W49/><G74/><T101/><D46/><U54/><E20/><V65/><F41/><W53/><G79/><T127/><D127/><U26/><E2/><V97/><F97/><W119/><G119/><T80/><D80/><U102/><E102/><V76/><REACH who="2" step="1"/><F15/><REACH who="2" ten="263,306,177,244" step="2"/><W66/><G1/><T4/><D96/><U8/><E0/><V105/><F105/><W64/><G104/><T13/><D13/><U94/><E43/><V3/><F3/><W72/><G99/><T73/><D42/><U106/><E106/><V133/><F133/><W14/><G72/><T63/><D73/><U7/><E135/><V111/><F111/><W75/><G75/><T36/><D36/><U30/><E134/><V115/><F115/><W10/><G28/><AGARI ba="1,1" hai="24,28,32,57,59,62,65,70,76,77,82,83,86,87" machi="28" ten="40,2600,0" yaku="1,1,9,1,53,0" doraHai="50" doraHaiUra="126" who="2" fromWho="3" sc="263,0,306,0,177,39,244,-29" /><INIT seed="4,0,0,3,5,115" ten="263,306,216,215" oya="0" hai0="52,0,46,80,43,22,109,27,88,121,97,113,79" hai1="81,10,96,16,69,65,38,95,1,104,100,66,110" hai2="77,101,20,33,57,125,54,82,48,61,50,103,108" hai3="24,5,14,29,74,6,120,42,123,102,55,86,78"/><T2/><D121/><N who="3" m="46665" /><G74/><T72/><D113/><U130/><E110/><V34/><F108/><W118/><G42/><T47/><D109/><U75/><E38/><V64/><F125/><W19/><G102/><T116/><D116/><U134/><E134/><V3/><F3/><W92/><G55/><T26/><D47/><U89/><E69/><V105/><F50/><W114/><G114/><T4/><D4/><N who="3" m="1641" /><G92/><T128/><D52/><U106/><E1/><V49/><F49/><W62/><G86/><T90/><D26/><U35/><E35/><V21/><F34/><N who="3" m="20775" /><G78/><T83/><D83/><U112/><E130/><V129/><F33/><W9/><G62/><T111/><D128/><U127/><E127/><V119/><F129/><W12/><G12/><T73/><D111/><U23/><E104/><V131/><F131/><W58/><G58/><T91/><D73/><U122/><E122/><V56/><F103/><W11/><G118/><T25/><D97/><U18/><E112/><V31/><F119/><W28/><G28/><T7/><D2/><U99/><E75/><N who="2" m="43327" /><F31/><W85/><G85/><T68/><D68/><U13/><REACH who="1" step="1"/><E81/><REACH who="1" ten="263,296,216,215" step="2"/><V51/><F105/><W132/><G132/><T87/><D0/><U41/><E41/><V44/><F57/><W30/><G30/><T135/><D43/><U45/><E45/><V53/><F101/><W107/><G107/><T71/><D46/><U37/><E37/><V40/><F40/><W133/><G133/><T36/><D135/><U60/><E60/><V17/><F44/><W63/><G63/><T15/><D71/><U84/><E84/><RYUUKYOKU ba="0,1" sc="263,-15,296,15,216,-15,215,15" hai1="10,13,16,18,23,65,66,89,95,96,99,100,106" hai3="9,11,14,19" /><INIT seed="5,1,1,1,0,52" ten="248,311,201,230" oya="1" hai0="51,25,132,98,111,135,30,3,122,120,77,115,8" hai1="48,83,126,4,2,106,13,58,33,65,1,92,133" hai2="31,73,110,80,71,24,113,89,97,18,124,96,22" hai3="67,134,88,130,99,100,101,131,90,32,118,102,12"/><U104/><E33/><V95/><F110/><W15/><G32/><T41/><D111/><U87/><E126/><V9/><F124/><W29/><G29/><T75/><D115/><U79/><E133/><N who="0" m="51273" /><D98/><U116/><E116/><V103/><F71/><W72/><G134/><T49/><D77/><U20/><E2/><V42/><F113/><W119/><G67/><T109/><D75/><U117/><E1/><V37/><F73/><W11/><G72/><T46/><D49/><U57/><E117/><N who="3" m="44554" /><G99/><T76/><D76/><U94/><E104/><V82/><F42/><W19/><G15/><T5/><D109/><U28/><E106/><V68/><F68/><W66/><G66/><T39/><D51/><U38/><E38/><V0/><F37/><W54/><G54/><T60/><D60/><N who="1" m="38031" /><E28/><V105/><REACH who="2" step="1"/><F31/><REACH who="2" ten="248,311,191,230" step="2"/><W55/><G55/><T44/><D39/><U16/><E4/><AGARI ba="1,2" hai="0,4,9,18,22,24,80,82,89,95,96,97,103,105" machi="4" ten="40,2600,0" yaku="1,1,2,1,53,0" doraHai="52" doraHaiUra="56" who="2" fromWho="1" sc="248,0,311,-29,191,49,230,0" /><INIT seed="6,0,0,1,3,87" ten="248,282,240,230" oya="2" hai0="23,116,7,94,66,20,10,64,18,68,81,19,26" hai1="117,109,79,115,39,57,36,11,110,120,49,9,37" hai2="124,45,50,125,12,38,102,90,98,119,1,46,130" hai3="132,80,17,114,52,3,62,77,134,22,21,65,113"/><V31/><F1/><W92/><G3/><T112/><D112/><N who="3" m="43113" /><G92/><T53/><D116/><U13/><E115/><V14/><F119/><W69/><G52/><T59/><D68/><U51/><E117/><V44/><F130/><W6/><G6/><T78/><D94/><U95/><E79/><V83/><F31/><W70/><G70/><T8/><D78/><U133/><E133/><N who="3" m="51306" /><G17/><T123/><D81/><U40/><E120/><V72/><F38/><W97/><G97/><T56/><D123/><U29/><E29/><V16/><F98/><W76/><G76/><T111/><D111/><U101/><E110/><V126/><F102/><W2/><G2/><T15/><D10/><U30/><E30/><V73/><F50/><W85/><AGARI ba="0,0" hai="21,22,62,65,69,77,80,85" m="51306,43113" machi="85" ten="30,4000,0" yaku="15,1,11,1,20,1" doraHai="87" who="3" fromWho="3" sc="248,-10,282,-10,240,-20,230,40" /><INIT seed="7,0,0,4,2,72" ten="238,272,220,270" oya="3" hai0="49,103,126,56,98,101,112,0,16,41,51,131,34" hai1="114,71,83,68,117,14,80,125,17,13,38,133,135" hai2="10,96,59,90,58,20,19,65,9,127,50,18,99" hai3="128,28,46,8,132,70,106,81,118,64,109,1,42"/><W92/><G106/><T75/><D0/><U7/><E38/><V23/><F127/><W121/><G121/><T105/><D34/><U82/><E125/><V30/><F30/><W60/><G118/><T102/><D126/><U100/><E117/><V11/><F65/><W88/><G28/><T95/><D131/><U35/><E35/><V5/><F5/><W22/><G22/><N who="2" m="8233" /><F50/><W85/><G132/><N who="1" m="50762" /><E7/><V44/><F44/><W55/><G55/><N who="0" m="31855" /><D112/><U57/><E114/><V63/><F90/><W66/><G66/><T62/><D75/><U67/><E100/><V94/><F63/><W73/><G128/><T40/><D62/><N who="1" m="38351" /><E17/><N who="2" m="6155" /><F94/><W76/><G109/><T124/><D105/><U74/><E74/><V108/><F108/><W54/><G54/><T2/><D124/><U24/><E24/><V43/><F43/><W36/><G1/><T104/><D2/><U21/><E21/><V84/><F84/><W29/><G29/><T134/><D104/><U26/><E26/><V78/><F78/><W33/><G33/><T91/><D134/><U3/><E3/><V116/><F116/><W6/><G6/><T45/><D16/><U25/><E25/><V111/><F111/><W89/><G89/><T120/><D40/><U107/><E107/><V110/><F110/><W12/><G8/><T61/><D61/><U87/><E87/><V27/><F27/><W115/><G115/><T39/><D39/><U37/><E37/><V53/><F53/><W129/><G129/><T97/><D97/><AGARI ba="0,0" hai="9,10,11,58,59,96,97,99" m="6155,8233" machi="97" ten="30,3900,0" yaku="28,2,8,1" doraHai="72" who="2" fromWho="0" sc="238,-39,272,0,220,39,270,0" /><INIT seed="8,0,0,2,4,124" ten="199,272,259,270" oya="0" hai0="20,120,73,62,128,115,87,112,16,80,68,23,82" hai1="55,27,29,69,53,19,1,45,101,25,7,133,8" hai2="117,54,64,76,71,100,22,18,107,59,116,83,127" hai3="12,34,77,111,88,109,56,50,110,3,13,75,94"/><T102/><D120/><U38/><E69/><V40/><F127/><W84/><G3/><T119/><D119/><N who="2" m="45642" /><F40/><W125/><G34/><T58/><D128/><U24/><E133/><V134/><F134/><W130/><G130/><T11/><D68/><U46/><E101/><V39/><F39/><W48/><G125/><T89/><D102/><U32/><E38/><V123/><F123/><W96/><G75/><T97/><D97/><U52/><E25/><N who="2" m="14551" /><F64/><W74/><G74/><T93/><D115/><U92/><E92/><V10/><F10/><W66/><G66/><N who="0" m="39255" /><D73/><U26/><E26/><V36/><F36/><W6/><G6/><T49/><D49/><U5/><E7/><V113/><F113/><W126/><G126/><T105/><D105/><U43/><E43/><V131/><F71/><W132/><G132/><T70/><D70/><U41/><E41/><V78/><F131/><W121/><G121/><T37/><D37/><U33/><REACH who="1" step="1"/><E19/><REACH who="1" ten="199,262,259,270" step="2"/><V51/><F83/><N who="0" m="31786" /><D112/><U104/><E104/><V42/><F42/><W95/><G95/><T30/><D30/><AGARI ba="0,1" hai="1,5,8,24,27,29,30,32,33,45,46,52,53,55" machi="30" ten="40,8000,1" yaku="1,1,9,1,54,1,53,1" doraHai="124" doraHaiUra="35" who="1" fromWho="0" sc="199,-80,262,90,259,0,270,0" owari="119,-38.1,352,45.2,259,-14.1,270,7.0" /></mjloggm>