<mjloggm ver="2.3"><GO type="169" lobby="0"/><UN n0="%E3%83%9F%E3%83%83%E3%82%AD%E3%83%BC%30%37%31%30" n1="%E5%B2%A9%E4%B8%8A%E9%80%9A%E3%82%8A" n2="%E3%81%9B%E3%81%A9%E3%81%AA%E3%82%8A%E3%81%82%E3%82%93" n3="%E4%B8%83%E8%8D%89%E9%A6%99%E6%BE%84" dan="17,16,17,16" rate="2184.83,2133.13,2183.23,2170.74" sx="M,M,M,F"/><TAIKYOKU oya="0"/><INIT seed="0,0,0,3,1,113" ten="250,250,250,250" oya="0" hai0="43,53,64,44,9,56,110,2,81,4,107,97,62" hai1="103,45,70,20,16,13,25,132,79,78,52,48,15" hai2="71,3,10,66,93,5,112,94,24,74,65,35,115" hai3="135,0,30,29,108,83,11,58,12,82,104,133,120"/><T90/><D110/><U69/><E132/><N who="3" m="50762" /><G0/><T87/><D107/><U131/><E131/><V26/><F74/><W38/><G38/><T130/><D130/><U33/><E103/><V54/><F54/><W102/><G108/><T99/><REACH who="0" step="1"/><D64/><REACH who="0" ten="240,250,250,250" step="2"/><U125/><E125/><V126/><F66/><W118/><G104/><T116/><D116/><U129/><E129/><V55/><F65/><W40/><G118/><T117/><D117/><U77/><REACH who="1" step="1"/><E33/><REACH who="1" ten="240,240,250,250" step="2"/><V122/><F35/><W73/><G102/><T8/><D8/><U96/><E96/><V111/><F10/><W49/><G11/><T7/><D7/><U109/><E109/><V51/><F5/><W86/><G120/><T31/><D31/><U67/><E67/><V46/><F126/><W121/><G121/><T124/><D124/><U19/><E19/><V100/><F122/><W119/><G119/><T34/><D34/><U50/><E50/><AGARI ba="0,2" hai="2,4,9,43,44,50,53,56,62,81,87,90,97,99" machi="50" ten="30,5800,0" yaku="1,1,7,1,53,1" doraHai="113" doraHaiUra="47" who="0" fromWho="1" sc="240,78,240,-58,250,0,250,0" /><INIT seed="0,1,0,2,3,19" ten="318,182,250,250" oya="0" hai0="45,5,25,91,134,26,131,86,98,46,69,36,9" hai1="16,1,116,58,81,43,42,99,47,17,124,31,95" hai2="23,0,32,52,21,78,128,39,119,10,107,37,59" hai3="105,38,135,33,113,126,83,63,73,90,6,8,13"/><T29/><D69/><U97/><E116/><V3/><F32/><W51/><G113/><T77/><D131/><U18/><E1/><V4/><F107/><W93/><G38/><T28/><D134/><U53/><E124/><V123/><F0/><W127/><G105/><T2/><D77/><U65/><E31/><V55/><F123/><W109/><G33/><T24/><D98/><U50/><E81/><V60/><F78/><N who="3" m="44495" /><G135/><T112/><D112/><U35/><E35/><V132/><F132/><W56/><G51/><T106/><D106/><U30/><E30/><V79/><F79/><W100/><G100/><T15/><D2/><U75/><E75/><V92/><F128/><W48/><G48/><T34/><D36/><U80/><E80/><V94/><F37/><W133/><G133/><T121/><D121/><U87/><E65/><V57/><F39/><W64/><G109/><T70/><D70/><U54/><E87/><V40/><F40/><W14/><G14/><T88/><D91/><U20/><E99/><V72/><F72/><W68/><G68/><T108/><D108/><U122/><E122/><V41/><F41/><W82/><G82/><N who="0" m="49239" /><D34/><U102/><E43/><V117/><F92/><W49/><G49/><T85/><D85/><U125/><E125/><N who="3" m="47626" /><G90/><T74/><D74/><U111/><E111/><V44/><F94/><AGARI ba="1,0" hai="6,8,13,56,63,64,93,94" m="47626,44495" machi="94" ten="30,1000,0" yaku="18,1" doraHai="19" who="3" fromWho="2" sc="318,0,182,0,250,-13,250,13" /><INIT seed="1,0,0,0,4,92" ten="318,182,237,263" oya="1" hai0="59,71,15,73,50,132,61,133,14,49,134,62,82" hai1="64,43,127,105,75,11,91,112,45,24,109,33,20" hai2="108,65,83,100,103,107,40,17,131,37,66,120,122" hai3="18,42,48,70,90,46,81,79,13,41,85,104,135"/><U26/><E112/><V84/><F108/><W123/><G123/><T36/><D73/><U4/><E127/><V29/><F29/><W96/><G135/><T119/><D82/><U53/><E109/><V22/><F131/><W111/><G111/><T98/><D119/><U39/><E64/><V5/><F5/><W125/><G125/><T51/><D36/><U80/><E33/><V93/><F107/><W38/><G70/><T86/><D86/><U68/><E68/><V31/><F31/><W35/><G35/><T8/><D71/><U0/><E105/><V129/><F129/><W97/><G104/><T6/><D15/><U2/><E91/><V58/><F37/><W128/><G128/><T67/><D61/><U54/><E2/><V87/><F40/><N who="3" m="24647" /><G38/><T114/><D114/><U95/><E95/><V32/><F32/><W130/><G130/><T115/><D115/><U28/><REACH who="1" step="1"/><E26/><REACH who="1" ten="318,172,237,263" step="2"/><N who="2" m="14671" /><F120/><W69/><G69/><T117/><D117/><U76/><AGARI ba="0,1" hai="0,4,11,20,24,28,39,43,45,53,54,75,76,80" machi="76" ten="30,11700,0" yaku="1,1,0,1,25,2,53,0" doraHai="92" doraHaiUra="10" who="1" fromWho="1" sc="318,-39,172,127,237,-39,263,-39" /><INIT seed="1,1,0,1,4,76" ten="279,299,198,224" oya="1" hai0="90,20,54,93,92,60,104,2,108,47,105,102,48" hai1="23,75,6,61,123,96,82,26,36,30,12,86,110" hai2="81,91,56,88,43,72,16,80,73,133,22,84,115" hai3="121,68,39,89,71,15,98,85,132,135,28,125,65"/><U4/><E36/><V38/><F133/><N who="3" m="51275" /><G121/><T21/><D2/><U62/><E123/><V106/><F106/><W109/><G39/><T114/><D114/><U31/><E75/><V8/><F115/><W77/><G109/><T7/><D108/><U127/><E127/><V118/><F118/><W59/><G125/><T126/><D7/><U70/><E70/><V58/><F8/><W99/><G77/><T120/><D126/><U94/><E31/><V1/><F1/><W14/><G28/><T35/><D35/><U50/><E50/><V95/><F38/><W3/><G3/><T130/><D130/><U52/><E110/><V33/><F33/><W37/><G37/><T103/><D104/><U53/><E62/><V63/><F43/><W9/><G59/><N who="0" m="34935" /><D92/><U119/><E119/><V131/><F131/><W111/><G111/><T10/><D10/><N who="1" m="4167" /><E61/><V42/><F42/><W101/><G65/><T129/><D105/><U51/><E6/><V83/><F91/><W134/><G134/><T78/><D78/><N who="1" m="46423" /><E51/><V27/><REACH who="2" step="1"/><F58/><REACH who="2" ten="279,299,188,224" step="2"/><W100/><G71/><T79/><D129/><U69/><E69/><V17/><F17/><W112/><G68/><T5/><D120/><U97/><E97/><N who="3" m="36874" /><G112/><T66/><D79/><U116/><E116/><V124/><F124/><W44/><G9/><T128/><D128/><U34/><E34/><V29/><F29/><W25/><G89/><AGARI ba="1,1" hai="23,26,30,52,53,89,94,96" m="46423,4167" machi="89" ten="30,5800,0" yaku="8,1,52,1,54,1" doraHai="76" who="1" fromWho="3" sc="279,0,299,71,188,0,224,-61" /><INIT seed="1,2,0,1,5,32" ten="279,370,188,163" oya="1" hai0="79,107,126,28,36,81,52,133,130,24,39,35,27" hai1="105,128,10,62,64,80,14,55,103,53,129,89,21" hai2="41,25,106,51,58,82,50,134,100,74,121,60,83" hai3="3,73,77,135,12,111,59,116,123,75,96,70,119"/><U17/><E105/><V63/><F121/><W38/><G70/><T101/><D126/><U124/><E103/><V8/><F134/><W4/><G38/><T94/><D107/><U110/><E124/><V31/><F60/><W98/><G12/><T46/><D133/><U43/><E43/><V113/><F113/><W72/><G59/><T67/><D130/><U0/><E110/><V122/><F122/><W34/><G34/><T115/><D115/><U5/><E80/><V69/><F69/><W48/><G123/><T90/><D67/><U15/><E89/><V85/><F74/><N who="3" m="28779" /><G135/><T29/><D101/><U108/><E108/><V92/><F106/><W127/><G127/><T109/><D81/><U66/><E66/><V97/><F8/><N who="3" m="2079" /><G111/><T9/><D79/><U20/><E20/><N who="2" m="15783" /><F41/><W23/><G23/><T54/><D9/><U65/><E65/><N who="2" m="39159" /><F83/><N who="3" m="45503" /><G48/><T118/><D109/><U42/><E42/><V87/><F87/><W11/><G11/><T112/><D112/><U7/><E7/><V22/><F22/><W44/><G44/><T120/><D120/><U13/><E21/><V71/><F71/><W37/><G37/><T16/><D39/><U49/><E17/><V91/><AGARI ba="2,0" hai="50,51,82,85,91,92,97,100" m="39159,15783" machi="91" ten="30,2000,0" yaku="25,1,8,1" doraHai="32" who="2" fromWho="2" sc="279,-7,370,-12,188,26,163,-7" /><INIT seed="2,0,0,0,2,134" ten="272,358,214,156" oya="2" hai0="49,0,89,16,42,32,2,121,18,12,39,59,6" hai1="119,19,129,65,98,115,128,50,34,84,24,36,44" hai2="13,75,26,114,80,8,124,28,47,31,108,83,22" hai3="102,130,23,112,93,68,81,100,54,35,97,46,71"/><V110/><F114/><W33/><G112/><T78/><D32/><U63/><E36/><V74/><F47/><W61/><G130/><T52/><D121/><U10/><E119/><V43/><F43/><W95/><G81/><N who="2" m="31305" /><F28/><W4/><G4/><T79/><D89/><U116/><E84/><V94/><F94/><W117/><G117/><T17/><D12/><U92/><E116/><V60/><F60/><W11/><G11/><T7/><D7/><U131/><E115/><V58/><F58/><W55/><G61/><T111/><D111/><N who="2" m="42538" /><F124/><W1/><G46/><T99/><D99/><U57/><E34/><V29/><F29/><W45/><G45/><T101/><D101/><U51/><E44/><V85/><F85/><W87/><G87/><T56/><D42/><U125/><E125/><V104/><F104/><W77/><G77/><T27/><D39/><U5/><E92/><V107/><F107/><W30/><G30/><T40/><D40/><U38/><E38/><V14/><F14/><W15/><G15/><T70/><D56/><U73/><E57/><V37/><F37/><W53/><G1/><T48/><D48/><U135/><E51/><V66/><F66/><W120/><G55/><T62/><D0/><U113/><E50/><V91/><F91/><W127/><G127/><T88/><D88/><U126/><E126/><V41/><F41/><W82/><G82/><T109/><D109/><U122/><E131/><V105/><F105/><W67/><G67/><N who="0" m="41335" /><D27/><U133/><E129/><V9/><F9/><W103/><G71/><T86/><D86/><U64/><E128/><RYUUKYOKU ba="0,0" sc="272,15,358,-15,214,15,156,-15" hai0="2,6,16,17,18,49,52,59,78,79" hai2="8,13,22,26,31,74,75" /><INIT seed="2,1,0,1,2,58" ten="287,343,229,141" oya="2" hai0="26,61,83,68,121,11,70,134,115,47,57,128,53" hai1="32,126,36,74,19,33,114,80,21,76,124,13,67" hai2="40,117,116,97,48,22,44,63,49,34,132,108,75" hai3="81,92,122,103,77,54,109,101,31,39,71,90,17"/><V46/><F34/><N who="1" m="13417" /><E36/><V12/><F75/><W45/><G122/><T28/><D115/><U41/><E41/><V119/><F132/><W62/><G109/><T43/><D121/><U37/><E37/><V27/><F108/><W6/><G31/><T30/><D134/><U42/><E42/><V15/><F97/><W23/><G6/><T118/><D118/><U105/><E67/><V25/><F22/><W91/><G39/><T50/><D128/><U5/><E105/><V110/><F110/><W125/><G125/><N who="1" m="48234" /><E5/><V52/><REACH who="2" step="1"/><F63/><REACH who="2" ten="287,343,219,141" step="2"/><W102/><G62/><T106/><D61/><U16/><E114/><V55/><F55/><W59/><G54/><T120/><D120/><U98/><E98/><V111/><F111/><W20/><G20/><T56/><D53/><U84/><E74/><V7/><F7/><W79/><G23/><T29/><D43/><U73/><E73/><V107/><F107/><W88/><G17/><AGARI ba="1,1" hai="13,16,17,19,21,76,80,84" m="48234,13417" machi="17" ten="30,2000,0" yaku="18,1,54,1" doraHai="58" who="1" fromWho="3" sc="287,0,343,33,219,0,141,-23" /><INIT seed="3,0,0,1,3,128" ten="287,376,219,118" oya="3" hai0="134,36,88,6,79,91,40,104,85,75,51,15,127" hai1="38,17,59,117,108,60,74,84,71,39,129,131,31" hai2="46,61,52,112,20,16,64,56,32,78,27,9,94" hai3="25,111,58,73,90,30,125,120,86,13,135,8,29"/><W67/><G120/><T54/><D104/><U132/><E74/><V7/><F112/><W98/><G73/><T3/><D127/><U102/><E31/><V76/><F32/><W57/><G125/><T12/><D91/><U35/><E35/><V114/><F114/><W23/><G111/><T107/><D107/><U92/><E71/><V83/><F94/><W5/><G135/><T33/><D33/><U44/><E108/><V123/><F123/><W113/><G113/><T2/><D2/><U77/><E17/><V103/><F103/><W18/><G98/><T89/><D89/><U124/><E44/><V34/><F34/><W49/><G49/><T65/><D65/><U19/><E19/><V97/><F97/><W133/><G133/><T62/><D62/><U99/><E124/><V42/><F83/><W11/><G67/><T4/><D40/><U119/><E132/><V100/><F100/><W24/><G8/><T109/><D36/><N who="1" m="13867" /><E77/><V68/><F46/><W43/><G43/><T45/><D109/><U101/><E84/><V26/><F26/><W116/><G116/><N who="1" m="44618" /><E102/><V130/><F130/><W95/><REACH who="3" step="1"/><G18/><REACH who="3" ten="287,376,219,108" step="2"/><T48/><D134/><U110/><E110/><V41/><F42/><W81/><G81/><N who="0" m="47295" /><D75/><U22/><E131/><V0/><F41/><W69/><G69/><T80/><D51/><AGARI ba="0,1" hai="0,7,9,16,20,27,51,52,56,61,64,68,76,78" machi="51" ten="30,3900,0" yaku="7,1,54,2" doraHai="128" who="2" fromWho="0" sc="287,-39,376,0,219,49,108,0" /><INIT seed="4,0,0,3,5,37" ten="248,376,268,108" oya="0" hai0="68,0,102,41,119,77,70,96,79,107,40,10,66" hai1="123,122,90,35,19,130,16,32,133,108,109,52,69" hai2="125,85,60,6,42,118,78,67,112,76,12,30,46" hai3="94,8,106,38,22,64,9,28,121,128,31,129,126"/><T49/><D119/><U88/><E69/><V58/><F112/><W127/><G106/><T63/><D70/><U21/><E21/><V81/><F125/><N who="3" m="47627" /><G64/><T50/><D50/><U75/><E75/><V83/><F118/><W91/><G38/><T73/><D49/><U131/><E133/><V34/><F34/><W100/><G100/><T2/><D73/><U57/><E57/><V111/><F111/><W132/><G121/><T92/><D107/><U104/><E104/><V7/><F30/><N who="3" m="11307" /><G22/><T84/><D79/><U82/><E82/><V93/><F93/><W80/><G80/><T61/><D61/><U5/><E5/><V1/><F1/><W51/><G51/><T134/><D134/><U55/><AGARI ba="0,0" hai="16,19,32,35,52,55,88,90,108,109,122,123,130,131" machi="55" ten="25,12000,2" yaku="0,1,22,2,54,3" doraHai="37" who="1" fromWho="1" sc="248,-60,376,120,268,-30,108,-30" /><INIT seed="5,0,0,3,5,101" ten="188,496,238,78" oya="1" hai0="62,116,45,25,73,130,42,105,23,57,38,63,31" hai1="81,12,10,9,122,133,7,115,52,53,51,83,8" hai2="72,14,5,102,47,110,119,94,11,114,64,107,69" hai3="4,54,135,88,50,32,90,104,21,58,75,74,65"/><U76/><E122/><V24/><F110/><W120/><G120/><T92/><D116/><U39/><E39/><V55/><F119/><W29/><G32/><T13/><D73/><U118/><E118/><V33/><F72/><W124/><G124/><T19/><D130/><U36/><E36/><V48/><F114/><W0/><G135/><T3/><D3/><U89/><E115/><V121/><F121/><W68/><G75/><T108/><D108/><U131/><E131/><V1/><F94/><W15/><G74/><T44/><D105/><U117/><E117/><V41/><F41/><W34/><G34/><T127/><D127/><U123/><E53/><V109/><F109/><W96/><G0/><T106/><D106/><U134/><E76/><V28/><F1/><W85/><G68/><T49/><D92/><U61/><E61/><V132/><F132/><N who="1" m="50793" /><E123/><V100/><F107/><W27/><G65/><T26/><D57/><N who="1" m="32927" /><E81/><V18/><F64/><W78/><G78/><T97/><D38/><U91/><E89/><V67/><F67/><W111/><G111/><T126/><D62/><U70/><E70/><V17/><F69/><W20/><G90/><T99/><D63/><U60/><E60/><V128/><F128/><W93/><G88/><T71/><D71/><U98/><E98/><V59/><F59/><W103/><G58/><T43/><D126/><U87/><AGARI ba="0,0" hai="7,8,9,10,12,83,87,91" m="32927,50793" machi="87" ten="30,3000,0" yaku="20,1,54,1" doraHai="101" who="1" fromWho="1" sc="188,-10,496,30,238,-10,78,-10" /><INIT seed="5,1,0,5,0,118" ten="178,526,228,68" oya="1" hai0="72,39,85,13,51,22,37,114,94,133,14,98,26" hai1="43,40,12,95,47,5,10,48,104,131,54,3,105" hai2="27,129,65,100,59,83,11,125,33,115,119,87,20" hai3="93,117,126,23,112,132,69,25,35,64,135,45,1"/><U113/><E113/><V2/><F119/><W56/><G117/><T74/><D72/><U134/><E131/><V122/><F122/><W127/><G69/><T107/><D74/><U17/><E134/><N who="3" m="51242" /><G45/><T18/><D114/><U38/><E95/><V55/><F33/><W61/><G112/><T66/><D107/><U49/><E38/><V50/><F129/><W103/><G35/><T111/><D111/><U96/><E96/><V36/><F125/><N who="3" m="47627" /><G1/><T31/><D133/><U92/><E92/><V6/><F36/><W60/><G60/><T106/><D66/><U116/><E116/><V78/><F115/><W21/><G25/><T84/><D106/><U46/><E54/><V4/><F65/><W42/><G42/><T76/><D39/><U58/><E58/><V63/><F63/><W24/><G24/><T88/><D37/><U110/><E110/><V99/><F2/><W34/><G34/><T62/><D62/><U32/><E32/><V80/><F27/><W108/><G108/><T77/><D51/><U102/><E102/><V52/><F50/><W81/><G81/><N who="0" m="47143" /><D31/><U68/><E68/><V123/><F100/><W120/><G120/><T97/><D97/><AGARI ba="1,0" hai="21,23,56,61,64,93,97,103" m="47627,51242" machi="97" ten="30,2000,0" yaku="20,1,18,1" doraHai="118" who="3" fromWho="0" sc="178,-23,526,0,228,0,68,23" /><INIT seed="6,0,0,2,1,23" ten="155,526,228,91" oya="2" hai0="63,24,51,62,17,130,108,54,8,92,85,94,104" hai1="40,36,128,86,43,58,120,76,50,28,79,84,81" hai2="39,59,116,123,117,25,67,98,35,132,105,134,83" hai3="99,91,114,29,112,103,47,125,56,111,1,9,82"/><V131/><F39/><W11/><G111/><T121/><D104/><U52/><E128/><V89/><F67/><W110/><G110/><T60/><D108/><U113/><E113/><N who="3" m="43626" /><G1/><T53/><D121/><U48/><E120/><V97/><F59/><W46/><G56/><T90/><D130/><U68/><E68/><V102/><F123/><W20/><G125/><T57/><D92/><U126/><E126/><V15/><F15/><W75/><G91/><T26/><D54/><U34/><E36/><V18/><F131/><W32/><G32/><T106/><D106/><U78/><E34/><V21/><F35/><W122/><G122/><T71/><D71/><U38/><E28/><V41/><F41/><W61/><G61/><T107/><D107/><U77/><E38/><V42/><F42/><W49/><G82/><T69/><D69/><U127/><E127/><V44/><F44/><N who="3" m="16939" /><G49/><T10/><D17/><U118/><E43/><V135/><F83/><W37/><G75/><T3/><D3/><U70/><E70/><V14/><F14/><W73/><G73/><T19/><D19/><U119/><E40/><V13/><F13/><W100/><G37/><T96/><D85/><N who="1" m="48295" /><E50/><V33/><F33/><W45/><N who="3" m="16947" /><W0/><DORA hai="74" /><G0/><T12/><D12/><U65/><E65/><V101/><F89/><W109/><G109/><T6/><D6/><U27/><E58/><V93/><AGARI ba="0,0" hai="18,21,25,93,97,98,101,102,105,116,117,132,134,135" machi="93" ten="30,6000,0" yaku="0,1,20,1,52,1" doraHai="23,74" who="2" fromWho="2" sc="155,-20,526,-20,228,60,91,-20" /><INIT seed="6,1,0,2,1,80" ten="135,506,288,71" oya="2" hai0="99,19,125,119,82,6,17,16,55,133,26,38,108" hai1="66,65,61,131,123,129,98,0,103,120,44,3,114" hai2="130,96,41,78,124,8,93,111,72,54,28,56,85" hai3="110,45,83,62,67,2,116,13,100,4,122,18,64"/><V37/><F72/><W30/><G116/><T49/><D38/><U47/><E114/><V76/><F28/><W20/><G122/><N who="1" m="46634" /><E47/><V59/><F124/><W32/><G110/><T94/><D108/><U74/><E44/><V117/><F117/><W33/><G100/><T70/><D70/><N who="1" m="42287" /><E66/><V89/><F130/><N who="1" m="49673" /><E74/><V106/><F111/><W10/><G45/><T134/><D119/><U84/><E84/><V91/><F85/><W127/><G127/><T68/><D68/><U51/><E51/><V77/><F37/><W71/><G64/><T104/><D125/><U50/><E50/><V75/><F75/><W112/><G112/><T21/><D104/><AGARI ba="1,0" hai="0,3,98,103,104" m="49673,42287,46634" machi="104" ten="30,3900,0" yaku="13,1,19,1,23,1" doraHai="80" who="1" fromWho="0" sc="135,-42,506,42,288,0,71,0" /><INIT seed="7,0,0,5,1,31" ten="93,548,288,71" oya="3" hai0="61,108,75,47,11,45,71,21,78,26,120,79,36" hai1="12,53,2,19,9,97,121,0,122,77,129,50,49" hai2="57,44,6,72,23,16,85,100,56,40,82,73,15" hai3="17,76,124,112,1,62,29,98,32,22,33,80,41"/><W67/><G1/><T38/><D108/><U93/><E77/><V84/><F100/><W131/><G29/><T30/><D120/><U74/><E74/><V10/><F73/><W91/><G41/><T117/><D117/><U14/><E129/><V116/><F72/><W70/><G131/><T126/><D126/><U103/><E50/><N who="2" m="26887" /><F85/><W20/><G124/><T128/><D128/><U134/><E134/><V87/><F87/><W123/><G123/><T95/><D38/><U8/><E2/><V106/><F106/><W46/><G46/><N who="0" m="17419" /><D36/><U90/><E0/><V119/><F119/><W83/><G112/><T86/><D71/><U37/><E37/><V127/><F127/><W94/><G20/><T99/><D75/><U42/><E42/><V113/><F116/><W104/><G104/><T132/><D132/><U102/><E122/><V115/><F115/><W107/><G107/><T96/><D61/><U60/><E49/><V25/><F113/><W64/><G64/><T118/><D118/><U81/><E81/><V68/><F68/><W39/><G39/><T52/><D11/><U88/><E103/><V133/><F133/><W58/><G70/><T13/><D13/><U59/><E121/><V135/><F135/><W69/><G69/><T63/><D86/><U35/><E35/><N who="3" m="13386" /><G76/><AGARI ba="0,0" hai="6,10,15,16,23,25,56,57,76,82,84" m="26887" machi="76" ten="30,3900,0" yaku="25,1,8,1,54,1" doraHai="31" who="2" fromWho="3" sc="93,0,548,0,288,39,71,-39" owari="93,-30.7,548,64.8,327,12.7,32,-46.8" /></mjloggm>