<mjloggm ver="2.3"><GO type="169" lobby="0"/><UN n0="%73%65%69%67%65%6E" n1="%E7%8F%BE%E5%A0%B4%E3%81%AD%E3%81%93" n2="%E5%9B%9B%E5%89%AF%E9%9C%B2%E5%8D%98%E9%A8%8E" n3="%E3%81%86%E3%81%91%E3%81%AA%E3%81%8C%E3%81%97%E3%81%BE%E3%81%9B%E3%82%93" dan="17,16,16,17" rate="2205.25,2081.59,2037.64,2245.97" sx="M,M,F,F"/><TAIKYOKU oya="0"/><INIT seed="0,0,0,3,4,60" ten="250,250,250,250" oya="0" hai0="20,91,86,73,25,40,43,29,98,39,37,101,48" hai1="96,12,105,77,85,62,100,17,32,78,36,134,19" hai2="42,26,34,127,52,128,10,47,95,74,88,84,123" hai3="102,33,46,113,24,108,59,107,53,2,72,115,5"/><T71/><D73/><U8/><E134/><V106/><F128/><W56/><G72/><T50/><D71/><U111/><E111/><V3/><F127/><W45/><G2/><T112/><D112/><U135/><E135/><V30/><F123/><W117/><G5/><T131/><D131/><U7/><E36/><V87/><F74/><W89/><G102/><T116/><D116/><U44/><E44/><V104/><F87/><W49/><G89/><T81/><D39/><U66/><E32/><V70/><F70/><W129/><G24/><T103/><D37/><U61/><E61/><V93/><F93/><W68/><G33/><T126/><D126/><U92/><E105/><V75/><F75/><W82/><G82/><T11/><D11/><U63/><E63/><V57/><F47/><N who="3" m="17931" /><G107/><T122/><D122/><U21/><E85/><V120/><F42/><N who="0" m="15914" /><D98/><U31/><E31/><V22/><F120/><W58/><G129/><T51/><AGARI ba="0,0" hai="20,25,29,48,50,51,81,86,91,101,103" m="15914" machi="51" ten="30,1500,0" yaku="8,1" doraHai="60" who="0" fromWho="0" sc="250,15,250,-5,250,-5,250,-5" /><INIT seed="0,1,0,1,4,21" ten="265,245,245,245" oya="0" hai0="34,45,132,105,67,4,22,12,53,14,123,17,124" hai1="96,7,56,117,54,74,3,62,101,100,39,5,125" hai2="44,121,51,69,41,93,133,58,63,19,66,120,32" hai3="61,98,73,135,70,65,42,106,104,92,87,71,15"/><T13/><D123/><U75/><E125/><V47/><F32/><W16/><G73/><T79/><D124/><U81/><E39/><V9/><F133/><W49/><G71/><T102/><D132/><U46/><E117/><V85/><F44/><W130/><G135/><T31/><D79/><U80/><E46/><V77/><F93/><W35/><G35/><T91/><D67/><U115/><E115/><V103/><F103/><W126/><G130/><T118/><D118/><U89/><E101/><V129/><F129/><W50/><G87/><T28/><D34/><U11/><E5/><V43/><F43/><W64/><G64/><T25/><D4/><U37/><E37/><V33/><F33/><W76/><G76/><T90/><D102/><U82/><REACH who="1" step="1"/><E89/><REACH who="1" ten="265,235,245,245" step="2"/><N who="0" m="33801" /><D105/><AGARI ba="1,1" hai="3,7,11,54,56,62,74,75,80,81,82,96,100,105" machi="105" ten="40,1300,0" yaku="1,1,53,0" doraHai="21" doraHaiUra="114" who="1" fromWho="0" sc="265,-16,235,26,245,0,245,0" /><INIT seed="1,0,0,4,2,67" ten="249,261,245,245" oya="1" hai0="90,16,87,105,25,128,70,86,99,97,55,114,83" hai1="46,51,30,53,130,85,39,133,106,98,27,15,12" hai2="73,18,20,7,43,96,92,119,26,9,84,4,91" hai3="58,107,62,118,93,104,37,77,72,95,125,127,81"/><U57/><E130/><V32/><F119/><W89/><G37/><T35/><D114/><U74/><E74/><V0/><F73/><W76/><G118/><T6/><D128/><U45/><E133/><V21/><F43/><W19/><G19/><T44/><D105/><N who="3" m="40521" /><G62/><T2/><D70/><U29/><E29/><V50/><F7/><W61/><G61/><T134/><D134/><U52/><E85/><V22/><F50/><W78/><G58/><T108/><D108/><U5/><E5/><V64/><F64/><W49/><G49/><N who="0" m="29095" /><D35/><U80/><E80/><V10/><F10/><W110/><G110/><T82/><D2/><U103/><E45/><V69/><F69/><W100/><G127/><T31/><D31/><U116/><E116/><V63/><F63/><W11/><G11/><T120/><D120/><U121/><E121/><V17/><F17/><W111/><G111/><T117/><D6/><U112/><E112/><V3/><F3/><W126/><G125/><T1/><D1/><U54/><E39/><V113/><F113/><W8/><G8/><T38/><D38/><U129/><E129/><V48/><F48/><W123/><G123/><T33/><D33/><N who="1" m="20703" /><E57/><V132/><F132/><W13/><G13/><T56/><D56/><U71/><E71/><V42/><F42/><W23/><G23/><N who="2" m="8777" /><F32/><W135/><G135/><T122/><D117/><U79/><E15/><V102/><F9/><W65/><G65/><T101/><D122/><U34/><E34/><V115/><F0/><W24/><G24/><T60/><D25/><U124/><E124/><V28/><F26/><RYUUKYOKU ba="0,0" sc="249,0,261,0,245,0,245,0" /><INIT seed="2,1,0,2,0,118" ten="249,261,245,245" oya="2" hai0="68,28,33,8,4,79,17,64,34,98,87,70,111" hai1="93,13,30,88,40,131,59,22,44,84,41,130,19" hai2="78,95,101,6,114,53,76,14,29,82,81,5,25" hai3="92,49,48,99,62,104,26,51,134,117,67,125,36"/><V109/><F114/><W90/><G117/><T50/><D111/><U102/><E102/><V10/><F109/><W46/><G125/><T39/><D39/><U91/><E30/><V18/><F53/><W110/><G110/><T128/><D128/><U42/><E59/><V74/><F95/><W115/><G115/><T97/><D17/><U60/><E60/><V1/><F101/><W103/><G134/><T21/><D21/><U73/><E73/><V23/><REACH who="2" step="1"/><F1/><REACH who="2" ten="249,261,235,245" step="2"/><W47/><G103/><T20/><D98/><U52/><E52/><V11/><F11/><W107/><G107/><T75/><D97/><U105/><E105/><V120/><F120/><W12/><G104/><T31/><D8/><U43/><REACH who="1" step="1"/><E91/><REACH who="1" ten="249,251,235,245" step="2"/><V116/><F116/><W126/><G90/><T35/><D35/><U108/><E108/><V86/><AGARI ba="1,2" hai="5,6,10,14,18,23,25,29,74,76,78,81,82,86" machi="86" ten="20,3900,0" yaku="1,1,0,1,7,1,53,0" doraHai="118" doraHaiUra="55" who="2" fromWho="2" sc="249,-14,251,-14,235,62,245,-14" /><INIT seed="2,2,0,0,5,75" ten="235,237,297,231" oya="2" hai0="42,70,45,23,13,11,15,93,90,32,43,119,18" hai1="49,51,73,14,58,65,112,59,76,88,133,53,85" hai2="128,17,86,44,4,40,25,87,71,72,132,68,123" hai3="100,105,16,34,126,33,21,56,118,37,64,122,28"/><V91/><F123/><W24/><G122/><T97/><D119/><U124/><E124/><V83/><F128/><W55/><G118/><T46/><D32/><U50/><E133/><V92/><F132/><W12/><G126/><T77/><D70/><U99/><E112/><V26/><F72/><W135/><G135/><T39/><D77/><U27/><E73/><V0/><F0/><W116/><G116/><T1/><D1/><U121/><E121/><V114/><F4/><W107/><G37/><T113/><D113/><U117/><E27/><V29/><F25/><W74/><G74/><T102/><D102/><U94/><E14/><V38/><F17/><W108/><G108/><T84/><D97/><U131/><E131/><V52/><F52/><W63/><G34/><T104/><D104/><U129/><E129/><V5/><F5/><W54/><G54/><T109/><D109/><U82/><E117/><V110/><F110/><W101/><G107/><T36/><REACH who="0" step="1"/><D15/><REACH who="0" ten="225,237,297,231" step="2"/><U103/><E103/><V8/><F114/><W41/><G105/><T127/><D127/><U57/><REACH who="1" step="1"/><E65/><REACH who="1" ten="225,227,297,231" step="2"/><V79/><REACH who="2" step="1"/><F8/><AGARI ba="2,2" hai="8,11,13,18,23,36,39,42,43,45,46,84,90,93" machi="8" ten="40,2600,0" yaku="1,1,9,1,53,0" doraHai="75" doraHaiUra="115" who="0" fromWho="2" sc="225,52,227,0,297,-32,231,0" /><INIT seed="3,0,0,1,5,18" ten="277,227,265,231" oya="3" hai0="107,47,8,41,86,1,54,114,53,29,72,58,134" hai1="0,120,125,4,17,36,62,67,129,30,126,35,88" hai2="2,23,133,99,12,19,105,52,123,59,124,68,95" hai3="14,92,87,122,118,13,97,57,121,64,38,103,74"/><W76/><G118/><T71/><D71/><U10/><E120/><V96/><F123/><W44/><G121/><T91/><D107/><U110/><E36/><V66/><F133/><W119/><G119/><T80/><D134/><U132/><E132/><V42/><F124/><W127/><G127/><N who="1" m="48650" /><E110/><V33/><F2/><W32/><G32/><T6/><D114/><U26/><E17/><V101/><F33/><W73/><G122/><T34/><D58/><N who="1" m="37335" /><E88/><V135/><F135/><W82/><G74/><T69/><D69/><U3/><E3/><V60/><F42/><W85/><G85/><T55/><D72/><U79/><E79/><V22/><F68/><W7/><G7/><T15/><D1/><U94/><E94/><V48/><F66/><W28/><G73/><T21/><D34/><U106/><E106/><V117/><F117/><W27/><G44/><T16/><D29/><U113/><E129/><V90/><F60/><N who="3" m="37903" /><G38/><T98/><D98/><U89/><E89/><V37/><F37/><W49/><G49/><T24/><D41/><U78/><E78/><V46/><F46/><AGARI ba="0,0" hai="6,8,15,16,21,24,46,47,53,54,55,80,86,91" machi="46" ten="40,5200,0" yaku="8,1,52,1,54,1" doraHai="18" who="0" fromWho="2" sc="277,52,227,0,265,-52,231,0" /><INIT seed="4,0,0,1,1,71" ten="329,227,213,231" oya="0" hai0="61,70,58,129,63,75,22,67,53,125,88,102,5" hai1="98,42,103,20,39,93,128,52,27,114,15,80,36" hai2="112,49,68,13,89,33,131,84,77,57,109,82,1" hai3="55,51,50,37,9,31,6,41,8,85,81,28,19"/><T38/><D75/><U127/><E114/><V132/><F109/><W116/><G116/><T117/><D117/><U134/><E42/><V124/><F1/><W107/><G107/><T45/><D102/><U119/><E119/><V65/><F33/><W66/><G66/><T69/><D5/><U83/><E15/><V18/><F112/><W46/><G19/><T40/><D129/><U24/><E24/><V73/><F131/><W135/><G135/><T26/><D125/><U113/><E113/><V130/><F130/><W59/><G9/><T64/><D88/><U111/><E128/><V43/><F132/><W23/><G23/><T32/><D32/><U48/><E134/><V47/><F68/><W105/><G105/><T99/><D99/><U54/><E54/><V78/><F73/><W100/><G100/><T133/><D133/><U60/><E60/><N who="2" m="38031" /><F124/><W29/><G29/><T86/><D86/><U62/><E62/><V10/><AGARI ba="0,0" hai="10,13,18,43,47,49,77,78,82,84,89" m="38031" machi="10" ten="30,1100,0" yaku="8,1" doraHai="71" who="2" fromWho="2" sc="329,-5,227,-3,213,11,231,-3" /><INIT seed="5,0,0,2,5,48" ten="324,224,224,228" oya="1" hai0="57,52,121,22,6,23,65,53,103,96,13,2,70" hai1="115,84,49,123,98,85,127,119,15,86,58,71,14" hai2="46,31,0,36,63,132,43,134,61,11,118,41,130" hai3="83,19,62,74,106,76,18,89,30,129,67,24,75"/><U88/><E119/><V110/><F118/><W37/><G129/><T73/><D73/><U4/><E71/><V109/><F31/><W105/><G37/><T54/><D70/><U87/><E123/><V44/><F11/><W92/><G75/><T7/><D2/><U114/><E127/><V17/><F17/><W12/><G19/><T122/><D65/><U90/><E98/><V20/><F0/><W55/><G24/><T72/><D57/><U38/><E38/><V68/><F20/><N who="0" m="7722" /><D13/><N who="1" m="4619" /><E4/><N who="0" m="1577" /><D72/><U108/><N who="1" m="21504" /><DORA hai="60" /><U133/><E133/><N who="2" m="51307" /><F130/><W9/><G30/><T26/><D26/><U107/><E107/><V50/><F63/><W81/><G81/><T124/><D124/><U3/><E3/><V10/><F10/><W95/><G106/><T35/><D35/><U56/><E108/><V16/><F16/><W27/><G105/><T80/><D80/><U77/><E77/><V131/><F131/><W45/><G27/><T104/><D104/><U125/><E125/><V69/><F69/><W111/><G111/><T32/><D32/><U100/><E58/><V1/><F1/><W101/><G18/><T64/><D96/><U40/><E56/><V126/><F126/><W113/><G83/><T120/><D64/><AGARI ba="0,0" hai="36,41,43,44,46,50,61,64,68,109,110" m="51307" machi="64" ten="30,7700,0" yaku="20,1,34,2,52,1" doraHai="48,60" who="2" fromWho="0" sc="324,-77,224,0,224,77,228,0" /><INIT seed="6,0,0,0,3,53" ten="247,224,301,228" oya="2" hai0="121,67,118,54,120,28,88,125,115,45,134,123,48" hai1="74,104,87,20,95,62,23,35,6,14,8,29,27" hai2="2,0,13,89,81,129,108,19,22,57,69,93,32" hai3="101,44,77,59,107,30,17,80,114,102,105,76,127"/><V49/><F69/><W90/><G30/><T37/><D28/><U18/><E104/><V64/><F32/><W34/><G34/><T43/><D88/><U135/><E74/><V3/><F129/><W91/><G44/><T68/><D115/><U111/><E111/><V124/><F124/><W116/><G17/><T78/><D78/><U70/><E135/><V24/><F108/><W106/><G59/><N who="0" m="33223" /><D134/><U119/><E119/><V131/><F131/><W117/><G114/><T11/><D11/><U61/><E70/><V10/><F81/><W47/><G47/><T63/><D125/><U40/><E40/><V31/><F49/><W100/><G127/><T26/><D26/><N who="1" m="14615" /><E35/><V92/><REACH who="2" step="1"/><F89/><AGARI ba="0,0" hai="6,8,14,23,27,29,61,62,87,89,95" m="14615" machi="89" ten="30,1000,0" yaku="8,1" doraHai="53" who="1" fromWho="2" sc="247,0,224,10,301,-10,228,0" /><INIT seed="7,0,0,4,1,71" ten="247,234,291,228" oya="3" hai0="23,117,72,89,7,128,75,134,26,59,99,3,105" hai1="53,78,0,129,16,14,131,92,17,124,36,125,120" hai2="51,133,130,91,83,109,48,64,41,93,82,123,54" hai3="88,110,46,101,113,6,121,19,37,24,70,67,43"/><W30/><G121/><T77/><D117/><U20/><E120/><V106/><F109/><W52/><G110/><T28/><D128/><N who="1" m="49227" /><E0/><V132/><F106/><W114/><G6/><T29/><D134/><N who="2" m="51818" /><F123/><W115/><G101/><T74/><D29/><U126/><E78/><V98/><F64/><W39/><G19/><T66/><D7/><U5/><E36/><V62/><F62/><N who="3" m="40311" /><G88/><T90/><D3/><U21/><E5/><V76/><F130/><W35/><G52/><T85/><D66/><U103/><E53/><V65/><F76/><W79/><G79/><T112/><D59/><U40/><E40/><V9/><F9/><W8/><G8/><T12/><D12/><N who="1" m="9223" /><E103/><V135/><F65/><W55/><G55/><T97/><D77/><U81/><E92/><V86/><F135/><W47/><G47/><T69/><D69/><U27/><E81/><V95/><F48/><AGARI ba="0,0" hai="24,30,35,37,39,43,46,48,113,114,115" m="40311" machi="48" ten="30,5800,0" yaku="15,1,52,2" doraHai="71" who="3" fromWho="2" sc="247,0,234,0,291,-58,228,58" /><INIT seed="7,1,0,3,4,34" ten="247,234,233,286" oya="3" hai0="69,126,118,105,45,61,129,112,14,37,123,73,78" hai1="7,67,2,57,18,39,23,92,83,74,40,31,130" hai2="108,90,100,36,87,86,111,54,15,0,1,16,29" hai3="135,98,68,32,21,38,99,20,122,124,30,3,53"/><W5/><G122/><T28/><RYUUKYOKU type="yao9" ba="1,0" sc="247,0,234,0,233,0,286,0" hai0="14,28,37,45,61,69,73,78,105,112,118,123,126,129" /><INIT seed="7,2,0,2,4,27" ten="247,234,233,286" oya="3" hai0="24,23,123,18,6,40,58,121,41,70,100,59,0" hai1="95,7,118,97,90,130,62,3,72,129,22,15,31" hai2="93,114,127,75,9,8,17,37,103,53,81,128,21" hai3="119,45,57,30,67,131,65,34,125,11,99,117,116"/><W36/><G30/><T115/><D70/><U60/><E72/><V16/><F37/><W71/><G34/><T126/><D126/><U33/><E118/><V29/><F127/><W26/><G125/><T94/><D115/><U105/><E3/><V79/><F114/><W1/><G26/><T87/><D123/><U2/><E2/><V113/><F113/><W109/><G109/><T52/><D121/><U133/><E33/><V28/><F128/><N who="1" m="49257" /><E105/><V69/><F69/><W134/><G131/><T13/><D59/><U132/><E31/><N who="2" m="11851" /><F75/><W124/><G71/><T50/><D0/><U102/><E102/><V39/><F39/><W122/><G122/><T47/><D47/><U66/><E60/><V89/><F53/><W76/><G124/><T54/><D54/><U51/><E51/><V80/><F103/><W43/><G67/><T74/><D74/><U4/><E62/><V104/><F104/><W91/><G65/><T48/><D48/><U44/><E66/><V46/><F46/><W96/><G57/><T42/><D100/><U98/><E44/><V111/><F111/><W120/><G120/><T107/><D107/><U32/><E32/><V83/><F79/><W5/><G76/><T106/><D106/><U78/><E78/><V68/><F68/><W56/><G56/><T14/><D6/><N who="1" m="2091" /><E98/><N who="3" m="37418" /><G134/><T20/><D20/><U25/><E25/><N who="2" m="14503" /><F17/><AGARI ba="2,0" hai="15,17,22,90,95,97,132,133" m="2091,49257" machi="17" ten="30,1000,0" yaku="19,1" doraHai="27" who="1" fromWho="2" sc="247,0,234,16,233,-16,286,0" /><INIT seed="8,0,0,3,4,60" ten="247,250,217,286" oya="0" hai0="29,13,0,86,65,28,4,19,35,22,25,7,18" hai1="26,100,42,80,79,116,94,133,62,115,50,53,128" hai2="71,75,41,104,87,93,107,8,24,39,32,112,64" hai3="77,5,2,84,130,134,124,49,55,44,98,27,72"/><T89/><D0/><U129/><E116/><V51/><F51/><W109/><G109/><T78/><D78/><U81/><E115/><V110/><F93/><W83/><G130/><T120/><D120/><U102/><E42/><V119/><F87/><W6/><G124/><T47/><D47/><U15/><E26/><V85/><F85/><W54/><G134/><T17/><D65/><U37/><E37/><V111/><F8/><W66/><G66/><T113/><D113/><U63/><E133/><V14/><F14/><W10/><G6/><N who="0" m="2091" /><D35/><U9/><E128/><V99/><F75/><W23/><G72/><T88/><D19/><U40/><E40/><V121/><F112/><W117/><G117/><T123/><D123/><U21/><E21/><V61/><F119/><W92/><G55/><T57/><D57/><U58/><E129/><V59/><F59/><W125/><G125/><T34/><D34/><U70/><E70/><V31/><F121/><W97/><REACH who="3" step="1"/><G92/><REACH who="3" ten="247,250,217,276" step="2"/><N who="0" m="54295" /><D89/><U126/><E126/><V1/><F107/><W135/><G135/><T45/><D45/><U131/><E131/><V52/><F52/><W56/><G56/><T48/><D48/><U3/><E50/><V132/><F132/><W30/><AGARI ba="0,1" hai="2,5,10,23,27,30,44,49,54,77,83,84,97,98" machi="30" ten="20,2700,0" yaku="1,1,0,1,7,1,53,0" doraHai="60" doraHaiUra="108" who="3" fromWho="3" sc="247,-13,250,-7,217,-7,276,37" owari="234,-16.6,243,4.3,210,-29.0,313,41.3" /></mjloggm>