<mjloggm ver="2.3"><GO type="169" lobby="0"/><UN n0="%E3%83%8A%E3%82%AB%E3%81%AB%E3%81%97" n1="%79%61%6E%72%6F%75" n2="%E9%87%A3%E3%82%8A%E6%97%A5%E5%92%8C" n3="%E3%83%87%E3%83%A9%E3%82%B3%E3%83%83%E3%82%B3" dan="17,16,17,16" rate="2236.50,2144.48,2170.90,2123.81" sx="M,M,M,M"/><TAIKYOKU oya="0"/><INIT seed="0,0,0,5,1,50" ten="250,250,250,250" oya="0" hai0="89,51,121,104,21,85,116,122,91,27,127,102,75" hai1="68,80,58,53,45,59,2,114,128,86,43,23,99" hai2="131,17,76,66,35,40,107,67,19,110,44,103,78" hai3="83,109,108,118,14,29,36,54,15,87,135,97,42"/><T52/><D116/><U6/><E128/><V125/><F35/><W95/><G118/><T11/><D75/><U77/><E68/><V13/><F131/><W64/><G64/><T84/><D127/><U34/><E34/><V41/><F125/><W47/><G29/><T133/><D133/><U30/><E114/><V4/><F4/><W63/><G135/><T28/><D104/><U123/><E123/><V72/><F110/><W61/><G61/><T129/><D102/><U10/><E99/><V94/><F107/><W33/><G33/><T57/><D129/><U20/><E59/><V56/><F19/><W90/><G63/><T106/><D106/><U126/><E30/><V101/><F56/><W22/><G54/><T48/><D11/><U46/><E46/><V5/><F5/><W88/><REACH who="3" step="1"/><G22/><REACH who="3" ten="250,250,250,240" step="2"/><T38/><D38/><U92/><E126/><V69/><F66/><W74/><G74/><T71/><D71/><U8/><E10/><V112/><F67/><W93/><G93/><T60/><D121/><U16/><E92/><V32/><F94/><W79/><G79/><T120/><D120/><U96/><E23/><V0/><F32/><W119/><G119/><T132/><D122/><U130/><E130/><V105/><F69/><W26/><G26/><T31/><D28/><U134/><E134/><V62/><F62/><W18/><G18/><T65/><D132/><U24/><E24/><V113/><F72/><W115/><G115/><T25/><D27/><U117/><E16/><V9/><F113/><W12/><AGARI ba="0,1" hai="12,14,15,36,42,47,83,87,88,90,95,97,108,109" machi="12" ten="30,7900,0" yaku="1,1,0,1,54,1,53,1" doraHai="50" doraHaiUra="81" who="3" fromWho="3" sc="250,-39,250,-20,250,-20,240,89" /><INIT seed="1,0,0,1,4,48" ten="211,230,230,329" oya="1" hai0="8,32,132,47,103,93,61,100,118,7,131,44,57" hai1="106,83,36,73,46,117,102,91,59,10,87,21,52" hai2="133,55,19,75,12,18,86,109,42,120,4,125,128" hai3="70,58,38,84,67,54,11,79,130,114,53,26,31"/><U40/><E117/><V65/><F75/><W56/><G38/><T126/><D118/><U6/><E73/><V69/><F120/><W101/><G114/><T113/><D32/><U108/><E108/><V119/><F119/><W92/><G70/><T14/><D113/><U29/><E106/><V112/><F112/><W77/><G11/><T13/><D131/><U51/><E102/><V81/><F42/><W23/><G130/><T66/><D132/><U82/><E21/><V135/><F128/><W63/><G58/><T124/><D103/><U17/><E29/><V116/><F116/><W2/><G2/><T111/><D111/><U96/><E96/><V72/><F72/><W30/><G30/><T5/><D126/><U123/><E17/><V71/><F4/><W115/><G115/><T16/><D124/><U62/><E123/><V122/><F19/><W129/><G129/><T95/><D5/><U64/><E82/><V76/><F65/><W34/><G34/><T94/><REACH who="0" step="1"/><D100/><REACH who="0" ten="201,230,230,329" step="2"/><U50/><REACH who="1" step="1"/><E64/><REACH who="1" ten="201,220,230,329" step="2"/><V60/><F109/><W105/><G101/><T0/><D0/><AGARI ba="0,2" hai="0,6,10,36,40,46,50,51,52,59,62,83,87,91" machi="0" ten="30,18000,2" yaku="1,1,2,1,7,1,52,1,54,1,53,1" doraHai="48" doraHaiUra="35" who="1" fromWho="0" sc="201,-180,220,200,230,0,329,0" /><INIT seed="1,1,0,0,1,74" ten="21,420,230,329" oya="1" hai0="68,0,117,80,27,104,13,7,127,91,18,30,39" hai1="88,108,97,31,65,36,28,53,34,11,72,17,118" hai2="50,135,51,60,89,77,126,112,96,86,14,81,46" hai3="92,45,87,94,44,78,111,119,71,9,59,101,38"/><U62/><E118/><V124/><F135/><W12/><G71/><T35/><D39/><U66/><E72/><V52/><F112/><W84/><G111/><T1/><D68/><U22/><E36/><V116/><F116/><W56/><G119/><T23/><D104/><U64/><E34/><V132/><F132/><W55/><G38/><T5/><D91/><U103/><E11/><V99/><F60/><W95/><G101/><T32/><D80/><U110/><E103/><V29/><F29/><W75/><G75/><T109/><D117/><U16/><E17/><V20/><F20/><W3/><G3/><N who="0" m="1099" /><D127/><N who="2" m="48682" /><F14/><W82/><G87/><T47/><D47/><N who="3" m="17993" /><G55/><T113/><D113/><U6/><E6/><AGARI ba="1,0" hai="6,9,12,56,59,78,82,84,92,94,95" m="17993" machi="6" ten="30,2000,0" yaku="8,1,52,1" doraHai="74" who="3" fromWho="1" sc="21,0,420,-23,230,0,329,23" /><INIT seed="2,0,0,5,3,11" ten="21,397,230,352" oya="2" hai0="106,35,45,67,86,121,107,123,38,112,37,61,23" hai1="47,77,4,118,89,14,88,15,99,18,16,3,113" hai2="19,98,81,133,64,117,80,71,22,7,91,54,122" hai3="126,63,76,33,12,103,29,70,55,46,116,10,28"/><V24/><F117/><W110/><G116/><T44/><D35/><U95/><E113/><V17/><F122/><W96/><G110/><T49/><D112/><U52/><E118/><V82/><F133/><W94/><G126/><T102/><D102/><N who="1" m="60799" /><E4/><V105/><F7/><W135/><G135/><T56/><D86/><U129/><E77/><V32/><F32/><W57/><G70/><T8/><D23/><N who="1" m="11671" /><E129/><V60/><F54/><W39/><G76/><T73/><D73/><U78/><E78/><V131/><F131/><W30/><G33/><T69/><D8/><N who="1" m="6503" /><E3/><V125/><F125/><W90/><G39/><N who="0" m="14859" /><D107/><U27/><E27/><V115/><F115/><W48/><G103/><T87/><D106/><U79/><E79/><V111/><F111/><W120/><G120/><N who="0" m="46155" /><D87/><U132/><E132/><V108/><F108/><W75/><G75/><T93/><D93/><U109/><E109/><V83/><F83/><W58/><REACH who="3" step="1"/><G63/><REACH who="3" ten="21,397,230,342" step="2"/><N who="0" m="40191" /><D49/><AGARI ba="0,1" hai="47,49,52,88,89" m="6503,11671,60799" machi="49" ten="30,12000,2" yaku="8,1,52,2,54,3" doraHai="11" who="1" fromWho="0" sc="21,-120,397,130,230,0,342,0" owari="-99,-59.9,527,62.7,230,-17.0,342,14.2" /></mjloggm>