<mjloggm ver="2.3"><GO type="225" lobby="0"/><UN n0="%E6%97%A5%E6%9B%9C%E6%97%A5%E3%82%88%E3%82%8A%E3%81%AE%E4%BD%BF%E8%80%85" n1="%E7%B4%94%E6%BD%94%E3%83%94%E3%83%A9%E3%83%8B%E3%82%A2" n2="%E3%81%AF%E3%82%88%E3%81%8A%E3%81%98%E3%81%95%E3%82%93" n3="%E3%81%AD%E3%82%93%E3%81%9B%E3%81%84%E3%81%8B%E3%81%84" dan="17,16,16,16" rate="2211.13,2211.31,2171.72,2143.55" sx="M,M,M,M"/><TAIKYOKU oya="0"/><INIT seed="0,0,0,5,4,132" ten="250,250,250,250" oya="0" hai0="68,107,46,5,60,4,113,30,40,128,36,28,91" hai1="8,41,126,15,111,24,49,47,89,82,45,118,110" hai2="104,14,55,6,103,59,65,33,95,64,52,38,117" hai3="108,22,79,81,106,35,57,119,18,9,133,29,0"/><T31/><D113/><U74/><E118/><V70/><F33/><W3/><G106/><T53/><D107/><U20/><E47/><V19/><F38/><W63/><G119/><T66/><D128/><U121/><E121/><V51/><F104/><W69/><G69/><T94/><REACH who="0" step="1"/><D53/><REACH who="0" ten="240,250,250,250" step="2"/><U125/><E111/><V27/><F117/><W48/><G108/><T1/><D1/><U58/><E110/><V25/><F55/><W75/><G0/><T11/><D11/><U101/><E126/><V42/><F52/><W56/><G9/><T72/><D72/><U12/><E125/><V71/><F70/><W84/><G75/><T16/><D16/><U134/><E74/><V26/><F71/><W96/><G18/><T127/><D127/><U13/><E134/><V78/><F19/><W76/><G3/><T87/><AGARI ba="0,1" hai="4,5,28,30,31,36,40,46,60,66,68,87,91,94" machi="87" ten="30,3000,0" yaku="1,1,0,1,53,0" doraHai="132" doraHaiUra="92" who="0" fromWho="0" sc="240,40,250,-10,250,-10,250,-10" /><INIT seed="0,1,0,0,2,43" ten="280,240,240,240" oya="0" hai0="127,16,21,102,85,25,94,37,22,105,14,1,45" hai1="54,118,55,96,72,46,101,66,2,89,52,122,75" hai2="116,73,29,95,26,80,134,103,42,50,106,28,83" hai3="40,81,27,34,104,93,5,84,63,123,32,61,17"/><T70/><D70/><U30/><E118/><V49/><F106/><W124/><G104/><T126/><D1/><U71/><E122/><V68/><F68/><W82/><G124/><N who="0" m="47659" /><D105/><U113/><E2/><V62/><F116/><W58/><G123/><T44/><D37/><U91/><E30/><V69/><F134/><W87/><G93/><T76/><D76/><U110/><E110/><V86/><F73/><W59/><G40/><T98/><D85/><U131/><E131/><V57/><F69/><W13/><G27/><T77/><D77/><U133/><E133/><V4/><F4/><W12/><REACH who="3" step="1"/><G17/><AGARI ba="1,0" hai="14,16,17,21,22,25,44,45,94,98,102" m="47659" machi="17" ten="30,11600,0" yaku="18,1,52,2,54,1" doraHai="43" who="0" fromWho="3" sc="280,119,240,0,240,0,240,-119" /><INIT seed="0,2,0,0,4,53" ten="399,240,240,121" oya="0" hai0="19,27,22,31,36,128,28,104,68,3,100,71,16" hai1="77,50,55,20,13,54,109,110,83,5,37,106,0" hai2="67,84,63,47,24,93,25,34,111,125,89,52,95" hai3="42,92,11,76,44,33,1,114,23,118,21,75,49"/><T70/><D36/><U91/><E37/><V78/><F111/><N who="1" m="42505" /><E106/><V62/><F125/><W121/><G114/><T59/><D3/><U96/><E0/><V85/><F34/><W26/><G118/><T72/><D72/><U133/><E133/><V12/><F12/><W117/><G117/><T126/><D126/><U45/><E91/><V98/><F84/><W30/><G121/><T60/><D128/><U48/><E96/><V90/><F78/><W97/><G76/><T57/><D28/><U123/><E123/><V17/><F17/><W32/><G75/><T113/><D113/><U94/><E94/><V74/><F74/><W6/><REACH who="3" step="1"/><G32/><REACH who="3" ten="399,240,240,111" step="2"/><T102/><D104/><U38/><E77/><V116/><F116/><W124/><G124/><T73/><D73/><U132/><E132/><V79/><F79/><W58/><G58/><T14/><D59/><N who="1" m="33223" /><E83/><V7/><F85/><W8/><G8/><T56/><D57/><U39/><E20/><V65/><F98/><W107/><G107/><T61/><D61/><U101/><E101/><AGARI ba="2,1" hai="1,6,11,21,23,26,30,33,42,44,49,92,97,101" machi="101" ten="30,2000,0" yaku="1,1,7,1,53,0" doraHai="53" doraHaiUra="119" who="3" fromWho="1" sc="399,0,240,-26,240,0,111,36" /><INIT seed="1,0,0,3,1,119" ten="399,214,240,147" oya="1" hai0="104,53,124,24,11,56,61,83,13,117,68,2,121" hai1="7,108,103,5,134,96,9,91,31,87,41,90,72" hai2="118,92,113,135,23,67,29,22,52,71,81,26,25" hai3="130,125,18,62,3,73,19,21,84,6,94,69,89"/><U97/><E72/><V77/><F118/><W63/><G73/><T82/><D117/><U98/><E134/><V51/><F135/><W55/><G125/><T15/><D104/><U10/><E31/><V80/><F113/><W44/><G130/><T120/><D124/><U116/><E116/><V79/><F92/><W58/><G3/><T101/><D101/><U85/><E41/><V112/><F112/><W122/><G6/><N who="1" m="2058" /><E103/><V78/><F67/><W42/><G122/><N who="0" m="47211" /><D2/><U34/><E34/><V64/><F64/><W65/><REACH who="3" step="1"/><G21/><REACH who="3" ten="399,214,240,137" step="2"/><T54/><D68/><U49/><E108/><V27/><F71/><W33/><G33/><T70/><D70/><U1/><E1/><V30/><REACH who="2" step="1"/><F26/><REACH who="2" ten="399,214,230,137" step="2"/><W127/><G127/><T35/><D24/><U0/><E0/><V131/><F131/><W100/><G100/><T129/><D129/><U128/><E128/><V16/><F16/><W60/><G60/><T46/><D61/><U109/><E109/><V133/><F133/><W47/><G47/><AGARI ba="0,2" hai="22,23,25,27,29,30,47,51,52,77,78,79,80,81" machi="47" ten="40,8000,1" yaku="1,1,9,1,8,1,54,1,53,0" doraHai="119" doraHaiUra="106" who="2" fromWho="3" sc="399,0,214,0,230,100,137,-80" /><INIT seed="2,0,0,3,2,107" ten="399,214,330,57" oya="2" hai0="68,8,28,133,21,123,74,112,34,61,60,71,2" hai1="17,73,65,12,19,37,50,51,49,46,77,115,64" hai2="94,125,22,108,18,135,62,105,110,96,75,106,25" hai3="109,78,58,70,99,42,111,129,63,118,113,26,45"/><V82/><F125/><W91/><G78/><T114/><D21/><U24/><E24/><V6/><F135/><W5/><G5/><N who="0" m="1079" /><D123/><U131/><E115/><V41/><F41/><W38/><G26/><N who="0" m="18711" /><D133/><U134/><E131/><V35/><F6/><W95/><G118/><T93/><D93/><U32/><E32/><V66/><F35/><W31/><G113/><T72/><D61/><U55/><E134/><V87/><F94/><W48/><G31/><T119/><D119/><U88/><E88/><V36/><F36/><W11/><G11/><T81/><D71/><U103/><E103/><V16/><F18/><W27/><G27/><T15/><D15/><U80/><E17/><V122/><F122/><W44/><G129/><T40/><D40/><U3/><E3/><V7/><F7/><W23/><G23/><T10/><D10/><U98/><E98/><V126/><F126/><W116/><G44/><T89/><D89/><U120/><E120/><V1/><F1/><W132/><G132/><T130/><D130/><U52/><E37/><V53/><F53/><W121/><G121/><T9/><D9/><U0/><E0/><V100/><F105/><W90/><G90/><T128/><D128/><U20/><E49/><V59/><REACH who="2" step="1"/><F87/><REACH who="2" ten="399,214,320,57" step="2"/><W4/><G4/><T30/><D30/><U29/><REACH who="1" step="1"/><E29/><REACH who="1" ten="399,204,320,57" step="2"/><V33/><F33/><W85/><G116/><T97/><D114/><U43/><E43/><V127/><F127/><W13/><G85/><T69/><D112/><U57/><AGARI ba="0,2" hai="12,19,20,46,50,51,52,55,57,64,65,73,77,80" machi="57" ten="20,12000,2" yaku="1,1,0,1,7,1,52,1,54,1,53,1" doraHai="107" doraHaiUra="104" who="1" fromWho="1" sc="399,-30,204,140,320,-60,57,-30" /><INIT seed="3,0,0,1,1,61" ten="369,344,260,27" oya="3" hai0="106,56,57,133,55,19,9,87,13,121,63,8,105" hai1="71,96,111,101,1,129,78,127,11,29,44,114,2" hai2="130,77,10,75,26,120,54,99,14,28,68,40,104" hai3="49,122,67,25,94,125,102,36,113,117,50,119,70"/><W74/><G113/><T103/><D121/><U15/><E114/><V0/><F68/><W132/><G122/><T135/><D103/><U100/><E111/><V37/><F120/><W34/><G74/><T20/><D87/><U12/><E127/><V62/><F130/><W128/><G36/><T118/><D118/><N who="3" m="45065" /><G94/><T85/><D85/><U126/><E126/><V16/><F0/><W42/><G125/><T22/><D22/><U17/><E71/><V108/><F108/><W18/><G102/><T131/><D131/><U97/><E29/><V41/><F37/><W52/><G128/><T45/><D45/><U112/><E112/><V33/><F104/><N who="0" m="40042" /><D57/><U92/><E129/><V83/><F99/><W123/><G18/><T79/><D79/><U115/><E115/><V95/><F95/><W31/><G123/><T60/><D60/><U82/><E44/><V107/><F107/><W81/><G81/><T46/><D46/><U64/><E96/><V88/><F88/><W72/><G72/><T51/><D63/><U4/><E100/><V124/><F124/><W35/><G132/><AGARI ba="0,0" hai="8,9,13,19,20,51,55,56,132,133,135" m="40042" machi="132" ten="30,1000,0" yaku="20,1" doraHai="61" who="0" fromWho="3" sc="369,10,344,0,260,0,27,-10" owari="379,47.9,344,14.4,260,-14.0,17,-48.3" /></mjloggm>