<mjloggm ver="2.3"><GO type="169" lobby="0"/><UN n0="%E9%BB%92%E6%B2%A2%E7%BE%A9%E6%98%8E" n1="%6B%61%74%65%72%69%6E%61" n2="%72%65%6E%6A%69%38%33" n3="%E5%91%A8%E6%9D%B1" dan="17,16,17,16" rate="2190.01,2117.32,2226.51,2147.42" sx="M,M,M,M"/><TAIKYOKU oya="0"/><INIT seed="0,0,0,4,5,35" ten="250,250,250,250" oya="0" hai0="126,51,83,67,55,48,52,115,90,80,6,65,78" hai1="27,0,46,129,93,4,81,62,43,97,111,133,116" hai2="92,106,53,17,102,132,135,120,85,13,33,69,56" hai3="37,2,121,61,18,94,68,122,40,41,119,103,114"/><T70/><D115/><U54/><E116/><V118/><F120/><N who="3" m="46187" /><G119/><T21/><D126/><U125/><E125/><V72/><F118/><W32/><G114/><T89/><D6/><U39/><E111/><V30/><F72/><W134/><G32/><T64/><D21/><U50/><E129/><V20/><F69/><W57/><G68/><T99/><D70/><U95/><E133/><N who="2" m="51275" /><F106/><W25/><G37/><T28/><D28/><U34/><E62/><V8/><F33/><W88/><G103/><T127/><D127/><U128/><E128/><V109/><F109/><W49/><G49/><N who="0" m="19019" /><D99/><U107/><E107/><V1/><F30/><W23/><G2/><T110/><D78/><U45/><E97/><N who="2" m="59687" /><F85/><N who="3" m="52495" /><G134/><T84/><D110/><U108/><E108/><V86/><F86/><AGARI ba="0,0" hai="52,55,64,65,67,80,83,84,86,89,90" m="19019" machi="86" ten="30,2900,0" yaku="8,1,54,1" doraHai="35" who="0" fromWho="2" sc="250,29,250,0,250,-29,250,0" /><INIT seed="0,1,0,5,3,20" ten="279,250,221,250" oya="0" hai0="109,99,36,93,28,108,77,2,61,57,101,72,18" hai1="124,37,119,106,114,15,62,80,3,60,127,125,31" hai2="47,115,88,32,44,120,23,104,26,13,65,10,86" hai3="111,12,92,34,134,70,116,117,42,9,59,64,17"/><T30/><D36/><U122/><E119/><V132/><F120/><W118/><G70/><T84/><D72/><U107/><E122/><V52/><F115/><W69/><G69/><T49/><D2/><U128/><E3/><V79/><F104/><W112/><G112/><T0/><D0/><U33/><E114/><V98/><F32/><W130/><G42/><T46/><D18/><U56/><E37/><V4/><F132/><W6/><G92/><T11/><D11/><U82/><E128/><V29/><F65/><W91/><G91/><T94/><D94/><U40/><E40/><V21/><F98/><W22/><G59/><T113/><D113/><U54/><E60/><V41/><F79/><W85/><G85/><T43/><D84/><U100/><E15/><V7/><F52/><W51/><G64/><T135/><D77/><U8/><E8/><V63/><F63/><W5/><G51/><T74/><D74/><U75/><E75/><V71/><F71/><W48/><G48/><T73/><D73/><U16/><E16/><N who="2" m="10383" /><F41/><W121/><G121/><T129/><D135/><U66/><E66/><V78/><F78/><W123/><G123/><T90/><D90/><U87/><E87/><V76/><F76/><W39/><G134/><T83/><D129/><U50/><E62/><V103/><F103/><W89/><G130/><T24/><D61/><U67/><E67/><V1/><F7/><W53/><G117/><T45/><D43/><U133/><E133/><V27/><F27/><W105/><G118/><T58/><D24/><N who="1" m="18663" /><E107/><V110/><F110/><W96/><G116/><RYUUKYOKU ba="1,0" sc="279,-15,250,15,221,15,250,-15" hai1="50,54,56,80,82,100,106,124,125,127" hai2="1,4,10,23,26,29,44,47,86,88" /><INIT seed="1,2,0,3,2,103" ten="264,265,236,235" oya="1" hai0="85,4,77,117,43,63,39,68,40,9,46,51,98" hai1="74,20,134,21,120,114,10,82,109,31,79,25,55" hai2="121,133,70,38,23,130,7,26,118,0,48,28,122" hai3="116,1,110,27,86,56,100,11,102,57,96,42,47"/><U45/><E114/><V60/><F118/><W52/><G116/><T36/><D117/><U44/><E120/><V111/><F38/><W66/><G110/><T107/><D43/><U101/><E109/><V81/><F111/><W84/><G102/><T104/><D98/><U19/><E134/><V89/><F133/><W22/><G57/><T49/><D49/><U87/><E74/><V69/><F130/><W90/><G66/><N who="0" m="41055" /><D39/><U128/><E128/><V129/><F129/><W132/><G90/><T8/><D8/><U41/><E55/><V93/><F7/><W37/><G132/><T105/><D105/><U34/><E101/><V24/><F0/><W71/><G71/><T92/><D92/><U119/><E119/><V73/><F48/><W80/><G80/><N who="0" m="47247" /><D36/><U125/><E41/><V113/><F113/><W58/><G58/><T78/><D78/><U99/><E99/><V5/><F5/><W67/><G67/><T17/><D17/><U30/><E45/><V50/><F50/><W126/><G11/><T6/><D6/><U124/><E44/><V15/><F81/><W13/><G13/><AGARI ba="2,0" hai="4,9,13,40,46,51,104,107" m="47247,41055" machi="13" ten="30,3900,0" yaku="25,1,52,2" doraHai="103" who="0" fromWho="3" sc="264,45,265,0,236,0,235,-45" /><INIT seed="2,0,0,4,3,61" ten="309,265,236,190" oya="2" hai0="42,71,80,24,118,12,124,83,123,126,31,38,5" hai1="25,3,133,97,13,79,68,76,106,91,59,40,95" hai2="114,29,121,115,51,52,36,19,15,46,54,26,44" hai3="119,0,45,64,49,9,1,105,20,23,66,120,4"/><V60/><F121/><W2/><G119/><T111/><D123/><U43/><E68/><V62/><F36/><W84/><G120/><T89/><D71/><U78/><E3/><V135/><F135/><W57/><G105/><T110/><D118/><U104/><E133/><V7/><F7/><W122/><G122/><T109/><D42/><U116/><E116/><V113/><F46/><W47/><G47/><T102/><D102/><U21/><E13/><V70/><F54/><W16/><G84/><N who="0" m="50311" /><D83/><U129/><E129/><V81/><F81/><W127/><G127/><N who="0" m="48683" /><D38/><U48/><E106/><V90/><F90/><W11/><G23/><N who="0" m="15775" /><D12/><U74/><E74/><V14/><F14/><W75/><G75/><T117/><D117/><U82/><E82/><V88/><F88/><W28/><G28/><T32/><D5/><U98/><E98/><V134/><F134/><W112/><G112/><T86/><D86/><U53/><REACH who="1" step="1"/><E104/><REACH who="1" ten="309,255,236,190" step="2"/><V6/><F6/><W101/><G0/><T128/><D128/><U56/><E56/><V103/><F70/><W92/><G57/><T10/><D10/><U69/><E69/><V39/><F114/><W94/><G9/><T65/><D32/><U8/><E8/><V125/><F113/><W85/><G1/><T108/><D108/><U131/><E131/><V132/><F115/><W17/><G85/><T93/><D93/><U77/><N who="1" m="19456" /><DORA hai="27" /><U50/><E50/><N who="2" m="28743" /><F125/><W35/><G2/><T34/><D34/><U33/><E33/><V107/><F51/><W55/><G49/><T58/><D58/><U67/><E67/><AGARI ba="0,1" hai="65,67,109,110,111" m="15775,48683,50311" machi="67" ten="40,8000,1" yaku="14,1,18,1,52,3" doraHai="61,27" who="0" fromWho="1" sc="309,90,255,-80,236,0,190,0" /><INIT seed="3,0,0,1,2,86" ten="399,175,236,190" oya="3" hai0="109,135,4,129,41,3,40,131,9,112,47,28,8" hai1="63,58,72,65,17,123,87,45,61,30,69,20,78" hai2="6,59,25,98,85,91,93,68,122,132,96,79,94" hai3="128,29,116,24,56,16,127,1,119,124,80,26,51"/><W89/><G1/><T19/><D109/><U77/><E123/><V70/><F122/><W35/><G128/><N who="0" m="49227" /><D135/><U108/><E108/><V73/><F132/><W114/><G114/><T105/><D105/><U102/><E72/><V121/><F121/><W92/><G80/><T55/><D28/><U118/><E118/><V15/><F73/><W5/><G5/><T115/><D55/><U57/><E69/><V81/><F25/><W133/><G133/><T21/><D9/><U76/><E102/><V10/><REACH who="2" step="1"/><F59/><REACH who="2" ten="399,175,226,190" step="2"/><W39/><G116/><T12/><D41/><U54/><E45/><V49/><F49/><AGARI ba="0,1" hai="3,4,8,12,19,21,40,47,49,112,115" m="49227" machi="49" ten="30,1000,0" yaku="19,1" doraHai="86" who="0" fromWho="2" sc="399,20,175,0,226,-10,190,0" /><INIT seed="4,0,0,0,3,113" ten="419,175,216,190" oya="0" hai0="120,13,90,96,86,11,75,22,43,83,63,92,71" hai1="60,99,128,114,39,28,87,38,66,46,134,41,131" hai2="72,55,40,115,70,73,61,48,107,17,33,133,91" hai3="9,117,108,74,49,47,5,82,35,37,50,29,103"/><T109/><D120/><U12/><E28/><V62/><F33/><W85/><G103/><T3/><D109/><U126/><E87/><V1/><F1/><W4/><G108/><T125/><D125/><U65/><E99/><V30/><F30/><W7/><G117/><T122/><D122/><U15/><E126/><V119/><F40/><W26/><G74/><T77/><D3/><U59/><E15/><V89/><F48/><W34/><G34/><T112/><D112/><U8/><E114/><V93/><F70/><W80/><G80/><T2/><D2/><U19/><E134/><V121/><F55/><W132/><G132/><T94/><D22/><U127/><E127/><V14/><F115/><W97/><G97/><T123/><D43/><U24/><E24/><V78/><F14/><W100/><G100/><T101/><D123/><U32/><E32/><V110/><F121/><W76/><G37/><T81/><D63/><U68/><E39/><V56/><F56/><W25/><G25/><T129/><D71/><U130/><REACH who="1" step="1"/><E68/><REACH who="1" ten="419,165,216,190" step="2"/><V52/><F133/><W69/><G69/><T42/><D13/><U95/><E95/><V102/><F93/><W31/><G31/><T67/><D94/><U36/><E36/><V10/><F110/><W45/><G9/><T64/><D11/><U84/><E84/><V51/><F10/><W27/><G27/><T54/><D86/><U79/><E79/><V88/><F78/><W53/><G4/><T57/><D77/><U6/><E6/><V44/><F72/><W0/><G0/><T98/><D75/><U16/><E16/><RYUUKYOKU ba="0,1" sc="419,-15,165,15,216,-15,190,15" hai1="8,12,19,38,41,46,59,60,65,66,128,130,131" hai3="5,7,26,29,35,45,47,49,50,53,76,82,85" /><INIT seed="5,1,1,0,5,51" ten="404,180,201,205" oya="1" hai0="25,94,80,110,58,131,114,65,8,52,55,3,50" hai1="11,29,91,122,105,33,57,135,27,40,12,42,28" hai2="14,19,132,72,130,125,26,10,97,4,6,95,85" hai3="5,41,69,1,47,71,112,102,116,104,123,111,36"/><U37/><E122/><V61/><F72/><W59/><G111/><T120/><D110/><U46/><E105/><V101/><F125/><W73/><G123/><T134/><D120/><U133/><E29/><V76/><F130/><W2/><G59/><T78/><D131/><U23/><E42/><V83/><F132/><N who="1" m="50761" /><E91/><V115/><F115/><W103/><G103/><T53/><D134/><U98/><E98/><V49/><F26/><W45/><G112/><T0/><D114/><U18/><E57/><V75/><F75/><W81/><G45/><T34/><D94/><U35/><AGARI ba="1,1" hai="11,12,18,23,27,28,33,35,37,40,46" m="50761" machi="35" ten="30,1500,0" yaku="20,1" doraHai="51" who="1" fromWho="1" sc="404,-6,180,28,201,-6,205,-6" /><INIT seed="5,2,0,3,5,75" ten="398,208,195,199" oya="1" hai0="82,2,114,97,47,65,52,103,84,54,131,45,112" hai1="105,129,1,77,93,44,36,133,104,14,86,132,124" hai2="69,31,16,70,98,68,99,72,42,63,102,11,37" hai3="74,24,55,17,12,5,15,89,57,50,83,80,23"/><U107/><E1/><V91/><F72/><W116/><G116/><T39/><D2/><U111/><E111/><V76/><F76/><W38/><G38/><T41/><D65/><U28/><E129/><V32/><F91/><W22/><G74/><T58/><D47/><U81/><E124/><V30/><F98/><W94/><G12/><T85/><D131/><U25/><E14/><N who="2" m="7263" /><F30/><W92/><G92/><T101/><D85/><U35/><REACH who="1" step="1"/><E93/><REACH who="1" ten="398,198,195,199" step="2"/><V43/><F70/><W118/><G118/><T100/><D114/><U6/><E6/><V56/><F69/><W53/><G5/><T59/><D112/><U120/><E120/><V117/><F68/><W110/><G110/><T127/><D127/><U0/><E0/><V95/><F117/><W88/><G89/><T66/><D103/><U108/><E108/><V135/><F95/><W46/><G15/><T21/><D101/><U60/><E60/><V73/><F63/><N who="3" m="36271" /><G23/><T4/><D21/><U96/><E96/><AGARI ba="2,1" hai="17,22,24,46,50,55,80,83,88,94,96" m="36271" machi="96" ten="30,3900,0" yaku="25,1,8,1,54,1" doraHai="75" who="3" fromWho="1" sc="398,0,198,-45,195,0,199,55" /><INIT seed="6,0,0,0,1,17" ten="398,153,195,254" oya="2" hai0="44,25,46,48,108,80,23,105,127,90,82,123,89" hai1="16,26,115,53,118,51,55,41,69,56,104,3,63" hai2="30,28,5,20,116,98,96,129,103,12,37,86,101" hai3="8,126,78,43,92,64,85,35,109,95,50,4,66"/><V134/><F116/><W75/><G35/><T38/><D108/><U24/><E118/><V102/><F37/><W0/><G109/><T14/><D105/><U74/><E74/><V10/><F129/><W33/><G33/><T60/><D123/><U99/><E3/><V111/><F134/><W73/><G126/><T65/><D14/><U19/><E115/><V77/><F111/><W21/><G75/><T47/><D48/><U11/><E41/><V40/><F40/><W87/><G73/><T61/><D38/><U114/><E114/><V7/><F7/><W121/><G87/><T135/><D127/><U131/><E131/><V42/><F42/><W18/><G95/><T71/><D61/><U93/><E104/><V91/><F77/><W88/><G78/><T59/><D71/><U57/><E69/><V1/><F1/><W133/><G133/><T83/><D135/><U70/><E70/><V106/><F106/><W117/><G121/><T94/><D94/><U130/><E130/><V22/><F30/><AGARI ba="0,0" hai="23,25,30,44,46,47,59,60,65,80,82,83,89,90" machi="30" ten="40,2600,0" yaku="8,1,52,1" doraHai="17" who="0" fromWho="2" sc="398,26,153,0,195,-26,254,0" /><INIT seed="7,0,0,5,5,94" ten="424,153,169,254" oya="3" hai0="100,36,111,102,12,134,39,64,109,128,41,40,5" hai1="112,30,53,103,38,6,121,76,126,20,15,61,33" hai2="96,135,122,132,4,113,14,108,117,7,54,56,95" hai3="101,73,88,93,2,27,55,52,75,106,8,83,48"/><W99/><G27/><T63/><D12/><U90/><E121/><V65/><F117/><W32/><G32/><T24/><D5/><U89/><E38/><V35/><F108/><W19/><G83/><T67/><D24/><N who="1" m="16647" /><E33/><V31/><F113/><W25/><G55/><T58/><D58/><N who="1" m="35023" /><E112/><V17/><F65/><W119/><G119/><T57/><D57/><U29/><E29/><V127/><F127/><W110/><G110/><T72/><D63/><U26/><E26/><N who="2" m="18935" /><F122/><W10/><G25/><T97/><D97/><U16/><E126/><V114/><F114/><W104/><G104/><T80/><D128/><U11/><E103/><N who="2" m="60831" /><F17/><W44/><G10/><T51/><D134/><N who="2" m="51242" /><F14/><W1/><G19/><T105/><D51/><AGARI ba="0,0" hai="4,7,51,54,56" m="51242,60831,18935" machi="51" ten="30,2000,0" yaku="20,1,52,1" doraHai="94" who="2" fromWho="0" sc="424,-20,153,0,169,20,254,0" owari="404,50.4,153,-34.7,189,-21.1,254,5.4" /></mjloggm>