<mjloggm ver="2.3"><GO type="169" lobby="0"/><UN n0="%E3%82%AB%E3%83%AB%E3%83%94%E3%82%B9%E3%82%B5%E3%83%AF%E3%83%BC" n1="%E3%83%87%E3%83%A9%E3%82%B3%E3%83%83%E3%82%B3" n2="%E8%8F%85%E7%94%B0%E5%B0%86%E6%9A%89%28%E5%81%BD%E7%89%A9%29" n3="%E5%9C%A7%E5%80%92%E7%9A%84%E3%83%9D%E3%83%B3" dan="17,16,16,17" rate="2229.52,2172.38,2172.01,2202.30" sx="M,M,M,M"/><TAIKYOKU oya="0"/><INIT seed="0,0,0,5,0,124" ten="250,250,250,250" oya="0" hai0="30,60,12,111,70,24,50,116,22,77,26,63,25" hai1="128,94,71,41,83,4,88,96,55,82,109,17,91" hai2="114,1,31,134,43,112,6,73,99,54,23,35,32" hai3="67,97,0,106,37,84,105,103,110,39,38,56,65"/><T95/><D116/><U58/><E71/><V108/><F73/><W86/><G0/><T16/><D111/><U36/><E109/><V130/><F108/><W87/><G110/><T46/><D77/><U79/><E4/><V34/><F43/><W11/><G11/><T20/><D95/><U5/><E5/><V107/><F54/><W13/><G13/><T125/><D125/><U47/><E128/><V98/><F107/><W51/><G51/><T40/><D70/><U64/><E64/><V15/><F98/><W2/><G2/><T3/><D3/><U42/><E42/><V75/><F99/><W115/><G115/><N who="2" m="44073" /><F75/><W135/><G135/><T102/><D102/><U76/><E17/><N who="2" m="10687" /><F134/><W59/><REACH who="3" step="1"/><G105/><REACH who="3" ten="250,250,250,240" step="2"/><T122/><D122/><U53/><E36/><V133/><F133/><W74/><G74/><T7/><D25/><U80/><E47/><V9/><F130/><W19/><G19/><T62/><D24/><AGARI ba="0,1" hai="1,6,9,24,31,32,34,35" m="10687,44073" machi="24" ten="30,3900,0" yaku="24,1,34,2" doraHai="124" who="2" fromWho="0" sc="250,-39,250,0,250,49,240,0" /><INIT seed="1,0,0,3,5,76" ten="211,250,299,240" oya="1" hai0="63,69,121,87,55,92,37,130,58,10,15,42,35" hai1="77,31,1,84,105,57,133,56,43,86,23,108,52" hai2="49,14,111,44,46,26,134,75,7,117,19,27,89" hai3="13,29,72,80,11,78,129,91,45,67,66,50,83"/><U28/><E1/><V79/><F117/><W12/><G29/><T97/><D35/><U119/><E119/><V39/><F111/><W116/><G116/><T98/><D130/><U3/><E3/><V2/><F134/><W0/><G0/><T120/><D69/><U106/><E133/><V135/><F135/><W88/><G12/><T32/><D32/><U122/><E122/><N who="0" m="47209" /><D42/><U53/><E43/><V17/><F39/><W104/><G104/><T18/><D37/><U25/><E108/><V109/><F109/><W60/><G129/><T5/><D5/><U36/><E36/><V8/><F17/><W101/><G101/><T110/><D110/><U107/><E77/><V59/><F59/><W94/><G60/><T132/><D132/><U90/><E31/><V30/><F89/><AGARI ba="0,0" hai="10,15,18,55,58,63,87,89,92,97,98" m="47209" machi="89" ten="30,1000,0" yaku="13,1" doraHai="76" who="0" fromWho="2" sc="211,10,250,0,299,-10,240,0" /><INIT seed="2,0,0,1,2,30" ten="221,250,289,240" oya="2" hai0="124,76,116,47,28,81,8,100,86,85,73,37,49" hai1="79,27,21,120,112,92,56,33,5,67,50,60,25" hai2="22,110,119,104,89,17,4,66,135,106,111,39,16" hai3="129,18,75,34,9,96,95,83,23,70,133,1,58"/><V121/><F119/><W46/><G70/><T107/><D116/><U128/><E112/><V118/><F118/><W101/><G129/><T35/><D37/><U52/><E128/><V32/><F121/><W87/><G75/><T0/><D124/><U26/><E120/><V43/><F135/><W36/><G133/><T15/><D0/><U55/><E5/><V63/><F4/><W68/><G68/><T125/><D125/><U3/><E3/><V51/><F39/><W6/><G58/><T82/><D107/><U78/><E33/><V97/><F32/><W7/><G7/><T122/><D100/><U62/><E21/><V11/><F11/><W13/><G36/><T127/><D127/><U131/><E131/><V103/><F89/><W57/><G57/><T14/><D122/><U29/><E29/><V109/><F104/><W59/><G59/><T126/><D126/><U90/><E55/><V44/><F22/><W93/><G46/><T123/><D123/><U2/><E2/><V77/><F77/><N who="1" m="29193" /><E67/><V19/><F19/><W20/><G20/><T65/><D65/><U69/><E69/><AGARI ba="0,0" hai="16,17,43,44,51,63,66,69,97,103,106,109,110,111" machi="69" ten="40,7700,0" yaku="14,1,10,1,54,1" doraHai="30" who="2" fromWho="1" sc="221,0,250,-77,289,77,240,0" /><INIT seed="2,1,0,1,1,56" ten="221,173,366,240" oya="2" hai0="37,6,11,15,95,86,121,67,72,29,32,33,105" hai1="44,109,79,68,101,52,8,119,57,28,128,66,100" hai2="98,81,5,0,91,55,88,127,87,26,45,41,2" hai3="84,90,94,49,69,7,48,104,131,132,74,20,10"/><V126/><F55/><W59/><G104/><T53/><D121/><U64/><E119/><V1/><F5/><W102/><G69/><T61/><D72/><U21/><E109/><V82/><F26/><W114/><G74/><T130/><D105/><U93/><E128/><V96/><F96/><W89/><G102/><T47/><D130/><U65/><E68/><V123/><F123/><W17/><G131/><T60/><D29/><U73/><E73/><V116/><F116/><W107/><G107/><T50/><D37/><U62/><E79/><V39/><F98/><W13/><G132/><T25/><D25/><N who="1" m="16431" /><E8/><V125/><REACH who="2" step="1"/><F82/><REACH who="2" ten="221,173,356,240" step="2"/><W22/><G114/><T30/><D6/><U85/><E44/><V110/><F110/><W16/><BYE who="2" /><G90/><AGARI ba="1,1" hai="52,57,62,64,65,66,85,90,93,100,101" m="16431" machi="90" ten="30,3900,0" yaku="8,1,52,1,54,1" doraHai="56" who="1" fromWho="3" sc="221,0,173,52,356,0,240,-42" /><INIT seed="3,0,0,4,0,17" ten="221,225,356,198" oya="3" hai0="23,47,33,135,59,95,0,107,88,123,13,92,116" hai1="121,38,39,2,70,5,50,115,24,91,69,125,37" hai2="106,66,127,132,72,56,27,100,89,54,97,43,114" hai3="29,113,58,94,87,21,105,65,110,96,104,25,34"/><W35/><G113/><T46/><D116/><U112/><E115/><V52/><F52/><W85/><G105/><T18/><D123/><U122/><E112/><V76/><F76/><W41/><G104/><T48/><D107/><U108/><E108/><V111/><F111/><W51/><G110/><T12/><D0/><U79/><E79/><V62/><F62/><N who="3" m="38103" /><G35/><T31/><D135/><U10/><E125/><V19/><F19/><W131/><G34/><T130/><D130/><U134/><E134/><V102/><F102/><N who="3" m="60695" /><G131/><T101/><D33/><U63/><E50/><V80/><F80/><W109/><G109/><T129/><D129/><U1/><E1/><V57/><F57/><W26/><G26/><UN n2="%E8%8F%85%E7%94%B0%E5%B0%86%E6%9A%89%28%E5%81%BD%E7%89%A9%29" /><T77/><D12/><U40/><E70/><V9/><F27/><W22/><G22/><T30/><D59/><U90/><E24/><V6/><F56/><W7/><G7/><T83/><D95/><U3/><E3/><V71/><F6/><W20/><G20/><T53/><D101/><U67/><REACH who="1" step="1"/><E40/><REACH who="1" ten="221,215,356,198" step="2"/><V11/><F43/><W14/><G14/><T73/><REACH who="0" step="1"/><D47/><AGARI ba="0,1" hai="21,25,29,41,47,51,85,87" m="60695,38103" machi="47" ten="30,5800,0" yaku="25,1,8,1,52,1" doraHai="17" who="3" fromWho="0" sc="221,-58,215,0,356,0,198,68" /><INIT seed="3,1,0,4,0,40" ten="163,215,356,266" oya="3" hai0="126,30,88,106,2,127,21,1,60,117,54,76,70" hai1="13,122,82,92,133,124,58,27,118,47,25,48,89" hai2="23,79,36,112,59,24,11,91,16,83,119,101,123" hai3="109,69,41,96,85,57,132,49,116,66,103,63,50"/><W128/><G116/><T6/><D117/><U135/><E118/><V113/><F123/><W100/><G128/><T55/><D106/><U29/><E122/><V65/><F36/><W28/><G132/><N who="1" m="50762" /><E124/><N who="0" m="47657" /><D76/><U114/><E114/><V64/><F101/><W32/><G103/><T134/><D134/><U52/><E13/><V120/><F120/><W26/><G109/><T80/><D70/><U74/><E29/><V35/><F35/><W104/><G57/><N who="0" m="34871" /><D55/><U17/><E17/><V129/><F119/><W33/><G33/><T105/><D105/><U111/><E111/><V4/><F129/><W95/><REACH who="3" step="1"/><G41/><REACH who="3" ten="163,215,356,256" step="2"/><T61/><D61/><U8/><E58/><V44/><F59/><W42/><G42/><T31/><D1/><U87/><E8/><V90/><F112/><W68/><G68/><T37/><D21/><U121/><E121/><V73/><F113/><W72/><G72/><T39/><D2/><U46/><E46/><V14/><F44/><W130/><G130/><T9/><D9/><U131/><E131/><V110/><F110/><W10/><G10/><T84/><D6/><U108/><E108/><V86/><F73/><W115/><G115/><T18/><D18/><U71/><E71/><V75/><F75/><W7/><G7/><T20/><D30/><U12/><E74/><V51/><F4/><W125/><G125/><T43/><D43/><U22/><E22/><V98/><F11/><W93/><G93/><T45/><D45/><U102/><E102/><V53/><F16/><W5/><G5/><T78/><D20/><U97/><E12/><V3/><F14/><RYUUKYOKU ba="1,1" sc="163,-15,215,15,356,-15,256,15" hai1="25,27,47,48,52,82,87,89,92,97" hai3="26,28,32,49,50,63,66,69,85,95,96,100,104" /><INIT seed="3,2,1,3,4,122" ten="148,230,341,271" oya="3" hai0="18,81,5,96,24,89,14,37,110,85,62,78,57" hai1="95,77,42,25,34,54,63,83,31,109,129,82,38" hai2="4,104,39,132,94,133,48,44,6,87,22,112,33" hai3="120,92,71,51,79,41,35,131,32,65,99,67,66"/><W49/><G120/><T130/><D130/><U70/><E129/><V3/><F112/><W19/><G131/><T59/><D37/><U126/><E126/><V0/><F33/><W111/><G71/><T90/><D110/><U91/><E38/><V28/><F104/><W103/><G111/><T86/><D5/><N who="2" m="2154" /><F39/><W102/><G79/><T26/><D96/><U16/><E42/><V50/><F28/><W45/><G103/><T12/><D78/><U53/><E109/><V123/><F22/><W20/><REACH who="3" step="1"/><G51/><REACH who="3" ten="148,230,341,261" step="2"/><T21/><D26/><AGARI ba="2,2" hai="19,20,26,32,35,41,45,49,65,66,67,92,99,102" machi="26" ten="40,3900,0" yaku="1,1,2,1,53,0" doraHai="122" doraHaiUra="2" who="3" fromWho="0" sc="148,-45,230,0,341,0,261,65" /><INIT seed="3,3,0,1,2,85" ten="103,230,341,326" oya="3" hai0="93,82,78,14,60,44,59,108,100,24,99,114,72" hai1="34,21,33,19,2,81,15,7,36,9,73,132,83" hai2="76,121,43,1,25,65,126,22,18,62,122,77,101" hai3="130,5,48,120,8,94,52,106,16,27,42,80,125"/><W117/><G120/><N who="2" m="46185" /><F1/><W96/><G117/><T64/><D108/><U127/><E36/><V61/><F126/><W35/><G106/><T57/><D114/><U38/><E127/><V123/><N who="2" m="46193" /><V56/><DORA hai="28" /><F43/><W116/><G116/><T86/><D14/><U107/><E107/><V90/><F101/><W13/><G125/><T91/><D44/><U0/><E38/><V88/><F62/><W12/><G42/><T55/><D24/><U20/><E73/><V47/><F47/><W67/><G67/><T53/><REACH who="0" step="1"/><D59/><REACH who="0" ten="93,230,341,326" step="2"/><U105/><E0/><V118/><F118/><W102/><G27/><T92/><AGARI ba="3,1" hai="53,55,57,60,64,72,78,82,86,91,92,93,99,100" machi="92" ten="20,12000,2" yaku="1,1,2,1,0,1,7,1,52,1,53,1" doraHai="85,28" doraHaiUra="104,112" who="0" fromWho="0" sc="93,139,230,-33,341,-33,326,-63" /><INIT seed="4,0,0,5,1,90" ten="232,197,308,263" oya="0" hai0="111,113,32,126,93,94,45,5,106,23,4,92,105" hai1="86,68,73,15,117,22,56,36,65,125,103,102,2" hai2="110,39,25,116,24,76,129,20,96,14,80,101,57" hai3="67,122,108,3,97,99,52,109,8,54,66,33,75"/><T28/><D32/><U69/><E2/><V71/><F71/><W114/><G114/><T131/><D113/><U107/><E73/><V78/><F39/><W81/><G33/><T42/><D131/><U134/><E36/><V21/><F110/><W6/><G122/><T95/><D111/><U37/><E37/><V130/><F57/><W84/><G75/><T121/><D121/><U87/><E117/><V50/><F50/><W85/><G8/><T63/><D126/><U64/><E56/><V44/><F14/><W18/><G18/><T120/><D120/><U115/><E115/><V58/><F58/><W41/><G41/><T123/><D123/><U29/><E15/><V16/><F44/><W30/><G81/><T17/><D28/><U9/><E9/><V82/><F116/><W60/><G60/><T51/><N who="0" m="23552" /><DORA hai="112" /><T133/><D133/><U55/><E55/><V61/><F61/><W127/><G3/><T72/><D72/><U10/><E10/><V13/><F13/><W77/><G77/><N who="2" m="29801" /><F101/><W98/><G98/><T11/><D63/><U27/><E134/><V43/><F43/><W89/><G89/><T79/><D79/><U35/><E35/><V74/><F96/><W70/><G70/><N who="1" m="27242" /><E125/><V118/><F118/><W59/><G127/><T53/><D42/><U0/><E0/><V124/><F74/><W62/><G62/><T40/><D40/><U12/><E12/><V132/><F132/><W19/><G109/><T135/><D135/><U100/><E107/><N who="0" m="40969" /><D11/><U48/><E48/><V49/><F49/><N who="3" m="31119" /><G108/><T88/><D88/><U26/><E26/><AGARI ba="0,0" hai="4,5,17,23,26,45,51,53" m="40969,23552" machi="26" ten="40,12000,1" yaku="6,1,52,4" doraHai="90,112" who="0" fromWho="1" sc="232,120,197,-120,308,0,263,0" /><INIT seed="4,1,0,2,4,112" ten="352,77,308,263" oya="0" hai0="33,11,48,117,69,120,12,51,31,17,6,50,29" hai1="14,4,26,53,119,131,41,115,113,105,108,111,125" hai2="87,116,81,67,107,56,47,86,49,102,66,58,103" hai3="34,55,52,95,109,42,35,77,28,45,24,83,85"/><T74/><D120/><U20/><E105/><V15/><F107/><W106/><G109/><N who="1" m="42058" /><E41/><V127/><F127/><W72/><G106/><T98/><D74/><U92/><E92/><V46/><F15/><W32/><G72/><T90/><D69/><U122/><E53/><V65/><F116/><W21/><REACH who="3" step="1"/><G95/><REACH who="3" ten="352,77,308,253" step="2"/><N who="0" m="56695" /><D117/><U128/><E119/><V101/><F81/><W39/><AGARI ba="1,1" hai="21,24,28,32,34,35,39,42,45,52,55,77,83,85" machi="39" ten="30,4000,0" yaku="1,1,0,1,54,1,53,0" doraHai="112" doraHaiUra="63" who="3" fromWho="3" sc="352,-21,77,-11,308,-11,253,53" /><INIT seed="5,0,0,1,2,103" ten="331,66,297,306" oya="1" hai0="132,16,25,87,60,111,98,15,23,32,10,2,94" hai1="27,133,120,106,28,37,128,30,45,134,33,14,35" hai2="61,53,26,130,75,121,82,126,74,5,95,71,122" hai3="58,127,70,90,50,51,85,13,62,84,99,108,39"/><U77/><E77/><V47/><F130/><W48/><G39/><T19/><D111/><U105/><E120/><V1/><F126/><W54/><G108/><T18/><D132/><N who="1" m="50795" /><E128/><V41/><F95/><W36/><G36/><T66/><D2/><U116/><E116/><V59/><F26/><W38/><G38/><T83/><D32/><N who="1" m="12363" /><E14/><V12/><F12/><W110/><G110/><T119/><D119/><U114/><E114/><V88/><F71/><W31/><G31/><N who="1" m="11818" /><E27/><V44/><F74/><W123/><G123/><T118/><D118/><U7/><E7/><V115/><F75/><W52/><G127/><T43/><D19/><U104/><E37/><V86/><F115/><W92/><G70/><T22/><D18/><U56/><E56/><V68/><F68/><W64/><G13/><T42/><D25/><U65/><E45/><V124/><F124/><W113/><G113/><T3/><D23/><U76/><E76/><V135/><F135/><W6/><G6/><T40/><D22/><U107/><N who="1" m="26624" /><DORA hai="96" /><U21/><E21/><V69/><F69/><W100/><G85/><T67/><D87/><U102/><E65/><V78/><F78/><W55/><G64/><T81/><D67/><U72/><E72/><V89/><F44/><W8/><G8/><T17/><D17/><U24/><E24/><V125/><F125/><W93/><AGARI ba="0,0" hai="48,50,51,52,54,55,58,62,84,90,92,93,99,100" machi="93" ten="30,7900,0" yaku="0,1,8,1,52,1,54,1" doraHai="103,96" who="3" fromWho="3" sc="331,-20,66,-39,297,-20,306,79" /><INIT seed="6,0,0,5,3,52" ten="311,27,277,385" oya="2" hai0="87,8,132,134,26,129,88,95,91,27,19,101,5" hai1="84,9,59,64,83,38,66,78,125,126,113,110,93" hai2="13,76,47,40,42,79,29,2,72,89,45,43,16" hai3="7,99,62,3,10,130,17,114,109,106,108,61,123"/><V85/><F2/><W118/><G123/><T23/><D129/><U92/><E38/><V18/><F29/><W24/><G118/><T104/><D91/><U120/><E110/><V115/><F115/><W128/><G114/><T119/><D119/><U51/><E113/><V135/><F135/><W37/><G37/><T41/><D41/><U111/><E111/><V107/><F107/><W65/><G62/><T44/><D44/><N who="2" m="16970" /><F72/><W48/><G48/><T56/><D26/><U116/><E116/><V11/><F18/><W81/><G81/><AGARI ba="0,0" hai="11,13,16,40,42,43,76,79,81,85,89" m="16970" machi="81" ten="30,2900,0" yaku="8,1,54,1" doraHai="52" who="2" fromWho="3" sc="311,0,27,0,277,29,385,-29" /><INIT seed="6,1,0,3,5,134" ten="311,27,306,356" oya="2" hai0="87,123,42,16,117,90,95,33,92,75,108,88,63" hai1="55,44,32,64,59,84,26,51,61,20,62,133,34" hai2="100,114,56,126,72,30,49,6,17,103,68,24,69" hai3="5,54,83,38,3,112,15,9,73,93,46,58,104"/><V39/><F72/><W127/><G104/><T105/><D108/><U71/><E133/><V36/><F114/><W14/><G112/><T122/><D105/><U109/><E109/><V50/><F6/><W28/><G28/><T4/><D75/><U110/><E110/><V60/><F17/><W13/><G93/><T70/><D33/><U79/><E79/><V37/><F126/><W102/><G102/><T0/><D117/><U121/><E121/><V91/><F91/><W25/><G25/><T12/><D42/><U130/><E130/><V35/><F100/><W7/><G7/><T31/><D31/><U47/><E47/><V116/><F103/><W8/><G8/><T27/><D27/><U1/><E1/><V125/><F125/><W124/><G58/><T65/><D4/><U80/><E26/><V22/><F35/><W131/><G131/><T129/><D0/><U97/><E20/><V128/><F128/><W21/><G21/><T98/><REACH who="0" step="1"/><D129/><REACH who="0" ten="301,27,306,356" step="2"/><U52/><REACH who="1" step="1"/><E97/><REACH who="1" ten="301,17,306,356" step="2"/><V118/><F118/><W45/><G127/><T85/><D85/><U119/><E119/><V96/><F96/><W23/><G124/><T89/><D89/><U43/><E43/><V113/><F116/><W2/><G2/><T115/><D115/><U78/><AGARI ba="1,2" hai="32,34,44,51,52,55,59,61,62,64,71,78,80,84" machi="78" ten="20,12000,2" yaku="1,1,0,1,7,1,54,1,53,2" doraHai="134" doraHaiUra="57" who="1" fromWho="1" sc="301,-31,17,143,306,-61,356,-31" /><INIT seed="7,0,0,3,3,16" ten="270,160,245,325" oya="3" hai0="11,50,111,118,4,88,76,99,1,104,12,127,28" hai1="42,58,0,78,124,46,31,59,44,5,87,126,63" hai2="74,122,97,39,10,60,98,79,113,130,119,110,133" hai3="8,43,123,71,40,57,68,24,106,135,120,35,15"/><W9/><G106/><T54/><D118/><U132/><E31/><V33/><RYUUKYOKU type="yao9" ba="0,0" sc="270,0,160,0,245,0,325,0" hai2="10,33,39,60,74,79,97,98,110,113,119,122,130,133" /><INIT seed="7,1,0,3,4,95" ten="270,160,245,325" oya="3" hai0="8,61,102,17,4,131,106,83,71,15,55,99,30" hai1="12,124,67,91,14,135,82,121,89,103,100,38,21" hai2="109,59,117,133,88,115,9,92,41,27,53,85,75" hai3="98,112,26,13,47,57,42,51,28,64,73,48,74"/><W127/><G127/><T45/><D131/><U35/><E35/><V54/><F117/><W78/><G112/><T132/><D132/><U86/><E121/><V60/><F75/><W104/><G78/><T108/><D108/><U120/><E120/><V128/><F109/><W80/><G80/><T105/><D30/><U11/><E135/><V34/><F133/><W56/><G56/><T50/><D83/><U126/><E38/><V2/><F115/><W20/><G13/><T111/><D111/><U33/><E33/><V87/><F128/><W5/><G5/><T84/><D84/><U49/><E67/><V116/><F116/><W66/><G66/><T79/><D79/><U37/><E37/><V32/><F41/><W40/><G64/><T6/><D71/><U119/><E119/><V81/><F27/><W113/><G113/><T77/><D77/><U70/><E70/><V52/><F32/><W39/><G39/><T29/><D29/><U94/><E49/><V114/><F34/><W25/><G25/><T129/><D129/><U76/><E91/><N who="2" m="53359" /><F114/><W90/><G90/><T31/><D31/><U44/><E44/><V93/><F81/><W22/><G22/><T110/><D110/><U16/><E124/><V7/><F2/><W1/><G1/><T58/><REACH who="0" step="1"/><D105/><REACH who="0" ten="260,160,245,325" step="2"/><U10/><E126/><V3/><F3/><W65/><G74/><T18/><D18/><U118/><E118/><V125/><F125/><W122/><G73/><T23/><D23/><U46/><E21/><V24/><F88/><W68/><G68/><T96/><D96/><N who="1" m="57423" /><E46/><V130/><F130/><RYUUKYOKU ba="1,1" sc="260,15,160,15,245,-15,325,-15" hai0="4,6,8,15,17,45,50,55,58,61,99,102,106" hai1="10,11,12,14,16,76,82,86,100,103" owari="275,7.5,175,-32.5,230,-17.0,320,42.0" /></mjloggm>