<mjloggm ver="2.3"><GO type="169" lobby="0"/><UN n0="%E3%81%A9%E3%82%93%E3%81%9F%E3%82%83%E3%82%93" n1="%6D%6F%75%77" n2="%E2%97%8E%E3%82%88%E3%81%97%E2%97%8E" n3="%E5%AE%8C%E5%85%A8%E5%AE%89%E7%89%8C" dan="16,16,17,18" rate="2188.67,2101.58,2163.75,2298.59" sx="F,M,M,M"/><TAIKYOKU oya="0"/><INIT seed="0,0,0,0,5,62" ten="250,250,250,250" oya="0" hai0="133,49,35,78,17,45,87,10,107,124,67,85,86" hai1="29,47,57,19,14,111,8,73,58,28,26,104,96" hai2="102,36,39,46,83,3,117,70,64,92,90,20,71" hai3="109,69,125,115,27,101,74,79,9,59,31,95,130"/><T88/><D107/><U63/><E73/><V135/><F3/><W33/><G69/><T40/><D35/><U1/><E1/><V127/><F135/><W100/><G115/><T81/><D133/><U84/><E63/><V61/><F127/><W89/><G109/><T54/><D124/><U103/><E111/><V91/><F71/><W112/><G112/><T75/><D40/><U123/><E29/><V118/><F20/><W52/><G130/><T50/><D50/><U72/><E72/><V93/><F102/><W129/><G129/><T134/><D134/><U55/><E84/><N who="2" m="52295" /><F83/><W66/><G66/><T15/><REACH who="0" step="1"/><D67/><REACH who="0" ten="240,250,250,250" step="2"/><U126/><E126/><V131/><F131/><W60/><G125/><T25/><D25/><U108/><E26/><V76/><F39/><W113/><G113/><T65/><D65/><U48/><E108/><V5/><F36/><W23/><G33/><T77/><D77/><U94/><E104/><V11/><F76/><W13/><G79/><T97/><D97/><U121/><E121/><V24/><F24/><W128/><G128/><T21/><D21/><U16/><E123/><V119/><F46/><W44/><G44/><T110/><D110/><U68/><E68/><V38/><F38/><W12/><G27/><T4/><D4/><N who="1" m="3335" /><E28/><V22/><F22/><W80/><G31/><T37/><D37/><U41/><E41/><V56/><F70/><W6/><G23/><T18/><D18/><AGARI ba="0,1" hai="16,18,19,47,48,55,57,58,94,96,103" m="3335" machi="18" ten="30,2000,0" yaku="8,1,54,1" doraHai="62" who="1" fromWho="0" sc="240,-20,250,30,250,0,250,0" /><INIT seed="1,0,0,4,3,53" ten="220,280,250,250" oya="1" hai0="105,12,7,65,121,81,60,130,1,32,118,35,66" hai1="82,104,125,69,73,22,70,9,91,134,116,63,132" hai2="27,3,30,17,111,98,129,114,86,44,58,14,29" hai3="10,5,61,57,6,48,24,64,13,45,88,90,122"/><U15/><E116/><V26/><F3/><W87/><G122/><T16/><D118/><U31/><E104/><V41/><F111/><W50/><G5/><T107/><D66/><U113/><E113/><V55/><F129/><W54/><G24/><T47/><D130/><U127/><E73/><V40/><F114/><W124/><G124/><N who="1" m="47690" /><E82/><V39/><F41/><W62/><G87/><T89/><D121/><U126/><E91/><V96/><F86/><W23/><G23/><T59/><D47/><U51/><E51/><V93/><F27/><W115/><G115/><T100/><D89/><U117/><E117/><V2/><F2/><W112/><G112/><T36/><D36/><U133/><E126/><V85/><F85/><W25/><G25/><T97/><D105/><U67/><E22/><V72/><F72/><W71/><REACH who="3" step="1"/><G50/><REACH who="3" ten="220,280,250,240" step="2"/><T80/><D35/><U42/><E31/><V135/><F29/><W131/><G131/><T28/><D28/><U46/><E9/><V77/><F30/><W20/><G20/><T78/><D32/><U83/><E15/><V108/><F26/><W37/><G37/><T0/><D7/><U76/><E76/><V18/><F77/><W94/><G94/><T8/><D81/><U109/><E83/><V33/><F33/><W102/><G102/><T99/><D97/><N who="2" m="37482" /><F93/><W4/><G4/><T49/><D49/><N who="1" m="26839" /><E109/><V43/><F108/><W19/><G19/><N who="2" m="7177" /><F14/><W92/><G92/><T74/><AGARI ba="0,1" hai="0,1,8,12,16,59,60,65,74,78,80,99,100,107" machi="74" ten="20,5200,0" yaku="0,1,7,1,52,1,54,1" doraHai="53" who="0" fromWho="0" sc="220,62,280,-26,250,-13,240,-13" /><INIT seed="2,0,0,3,0,47" ten="282,254,237,227" oya="2" hai0="43,67,98,74,86,105,60,126,55,128,36,1,5" hai1="81,24,0,110,15,94,121,56,92,37,88,75,70" hai2="135,21,54,18,130,99,131,48,107,112,52,42,132" hai3="53,68,91,82,133,32,14,93,62,79,58,65,111"/><V59/><F112/><W80/><G111/><T125/><D74/><U23/><E70/><V127/><F42/><W89/><G133/><N who="2" m="51273" /><F99/><W123/><G123/><T17/><D128/><N who="2" m="49194" /><F107/><W40/><G32/><T28/><D55/><U113/><E37/><V8/><F8/><W97/><G40/><T2/><D43/><U73/><E110/><V38/><F54/><W6/><G89/><T12/><D98/><U29/><E121/><V76/><F76/><W4/><G14/><T25/><D12/><U45/><E0/><V77/><F77/><W30/><G30/><T46/><D105/><U41/><E113/><V51/><F38/><W50/><REACH who="3" step="1"/><G80/><REACH who="3" ten="282,254,237,217" step="2"/><T119/><D1/><U71/><E81/><V31/><F31/><W9/><G9/><T114/><D28/><U96/><E15/><N who="2" m="9439" /><F127/><W13/><G13/><T7/><D2/><U115/><E115/><V122/><F122/><W120/><G120/><T66/><D114/><U109/><E109/><V102/><F102/><W117/><G117/><T33/><D119/><U72/><E41/><V57/><F57/><W34/><G34/><T101/><D33/><U63/><E56/><V35/><F35/><W85/><AGARI ba="0,1" hai="4,6,50,53,58,62,65,68,79,82,85,91,93,97" machi="85" ten="20,8000,1" yaku="1,1,0,1,7,1,52,1,53,1" doraHai="47" doraHaiUra="44" who="3" fromWho="3" sc="282,-20,254,-20,237,-40,217,90" /><INIT seed="3,0,0,5,4,89" ten="262,234,197,307" oya="3" hai0="72,126,73,23,42,59,111,104,40,66,25,93,17" hai1="119,58,98,82,43,113,114,36,105,4,76,122,65" hai2="67,117,131,87,108,19,70,5,80,128,16,26,9" hai3="27,95,55,96,0,31,12,125,37,102,41,100,68"/><W110/><G0/><T69/><D104/><U38/><E122/><V22/><F117/><W57/><G68/><T15/><D69/><U79/><E79/><V115/><F115/><W112/><G112/><T132/><D111/><U39/><E43/><V35/><F35/><W107/><G125/><T64/><D126/><U120/><E4/><V99/><F108/><W48/><G110/><T61/><D66/><U74/><E120/><V13/><F99/><W45/><G12/><T21/><D132/><U56/><E56/><V103/><F103/><W88/><REACH who="3" step="1"/><G107/><REACH who="3" ten="262,234,197,297" step="2"/><T52/><D15/><U51/><E105/><V46/><F70/><W53/><G53/><T44/><D52/><U28/><E114/><V78/><F67/><W81/><G81/><T127/><D64/><U118/><E113/><V135/><F135/><W10/><G10/><T18/><D127/><U83/><E83/><V62/><F128/><W90/><G90/><T84/><D42/><U75/><E65/><V134/><F131/><W106/><G106/><T14/><D14/><U6/><E82/><V123/><F134/><W8/><G8/><T32/><D40/><U92/><E76/><V94/><F123/><W11/><G11/><T85/><D25/><U2/><E2/><V71/><F26/><W77/><G77/><T24/><D24/><U49/><E119/><V63/><F71/><W124/><G124/><T33/><D33/><AGARI ba="0,1" hai="27,31,33,37,41,45,48,55,57,88,95,96,100,102" machi="33" ten="30,11600,0" yaku="1,1,7,1,52,1,54,1,53,0" doraHai="89" doraHaiUra="3" who="3" fromWho="0" sc="262,-116,234,0,197,0,297,126" /><INIT seed="3,1,0,3,0,5" ten="146,234,197,423" oya="3" hai0="81,55,6,100,105,23,75,27,124,60,30,26,66" hai1="69,12,18,8,87,119,3,16,126,39,121,24,10" hai2="135,32,118,108,36,80,84,131,73,89,92,96,65" hai3="22,109,4,13,15,120,33,20,37,28,47,86,99"/><W54/><G120/><T103/><D124/><U63/><E121/><V78/><F36/><W14/><G109/><T67/><D105/><U45/><E126/><V106/><F32/><W43/><G99/><T59/><D6/><U29/><E119/><V38/><F38/><W51/><G86/><T122/><D122/><U53/><E3/><V132/><F65/><W114/><G114/><T90/><D67/><U48/><E39/><V49/><F49/><W41/><G4/><T88/><D75/><U0/><E0/><V70/><F70/><W97/><G97/><T31/><D66/><U46/><E69/><V133/><F118/><W68/><G68/><T58/><D58/><U79/><E63/><V7/><F7/><W9/><G41/><T104/><D104/><U98/><E98/><V19/><F19/><N who="1" m="7209" /><E12/><V102/><F131/><W35/><G9/><N who="1" m="3690" /><E24/><V82/><F108/><W107/><G107/><AGARI ba="1,0" hai="73,78,80,82,84,89,92,96,102,106,107,132,133,135" machi="107" ten="40,8000,1" yaku="20,1,34,3" doraHai="5" who="2" fromWho="3" sc="146,0,234,0,197,83,423,-83" /><INIT seed="4,0,0,5,2,8" ten="146,234,280,340" oya="0" hai0="81,37,3,4,24,39,75,65,51,100,29,22,21" hai1="71,121,95,64,60,113,45,122,92,28,112,123,16" hai2="118,56,57,115,120,125,106,103,52,77,53,46,83" hai3="19,59,25,79,94,68,54,1,131,44,108,33,90"/><T62/><D100/><U49/><E28/><V0/><F120/><W76/><G68/><T34/><D22/><U105/><E105/><V114/><F0/><W9/><G108/><T2/><D21/><U119/><E119/><V99/><F118/><W35/><G131/><T73/><D51/><U109/><E109/><V30/><F30/><W20/><G44/><T23/><D23/><U48/><E16/><V134/><F134/><W104/><G104/><T135/><D135/><U70/><E49/><N who="2" m="28727" /><F53/><W124/><G124/><T67/><D67/><U89/><E89/><V84/><F125/><W96/><G1/><N who="0" m="11" /><D4/><U111/><E111/><V87/><F84/><W74/><G9/><T97/><D97/><U42/><E95/><V12/><F12/><W110/><G110/><T27/><D27/><U61/><E92/><V117/><F117/><W69/><G69/><N who="0" m="42167" /><D81/><U85/><E85/><V91/><F91/><W17/><G76/><T128/><D128/><U11/><E11/><V13/><F13/><W127/><G127/><T86/><D86/><U93/><E93/><V26/><F26/><W78/><G79/><T98/><D98/><U129/><E129/><V18/><F18/><W55/><G19/><T102/><D102/><U7/><E7/><V38/><F38/><AGARI ba="0,0" hai="24,29,34,37,38,39,73,75" m="42167,11" machi="38" ten="30,2900,0" yaku="33,2" doraHai="8" who="0" fromWho="2" sc="146,29,234,0,280,-29,340,0" /><INIT seed="4,1,0,0,2,98" ten="175,234,251,340" oya="0" hai0="35,34,49,0,86,108,124,71,19,121,127,37,89" hai1="91,16,106,47,30,40,131,25,2,67,33,116,101" hai2="24,48,109,104,18,123,17,126,59,15,6,94,77" hai3="7,22,129,32,92,81,125,3,41,31,65,39,135"/><T55/><D121/><U26/><E2/><V46/><F104/><W113/><G32/><T83/><D0/><U107/><E116/><V95/><F109/><W99/><G113/><T52/><D108/><U74/><E74/><V112/><F126/><N who="0" m="48170" /><D37/><U60/><E91/><V79/><F59/><W21/><G39/><T70/><D55/><U100/><E107/><V82/><F112/><W12/><G41/><T130/><D130/><U117/><E117/><V27/><F6/><W43/><G43/><T97/><D19/><N who="2" m="7178" /><F15/><W14/><G12/><T38/><D38/><U58/><E106/><V134/><F134/><W110/><G14/><T1/><D1/><U88/><E88/><V8/><F8/><W29/><G7/><T78/><D34/><U45/><E131/><V57/><F57/><W87/><G129/><T69/><D35/><U53/><E67/><V23/><F82/><W36/><G36/><T133/><D133/><U10/><E47/><V76/><F123/><W72/><G135/><T105/><D71/><U4/><E4/><V63/><F63/><W132/><G132/><T84/><D105/><U120/><E120/><V44/><F44/><W102/><G110/><T28/><D28/><U90/><E10/><V50/><F46/><W128/><G128/><T42/><D42/><U115/><E115/><V54/><F54/><W61/><G3/><T85/><D97/><U93/><E45/><V96/><F96/><W51/><G125/><T5/><D5/><U64/><E40/><V56/><F56/><W13/><G99/><T119/><D70/><U122/><E122/><RYUUKYOKU ba="1,0" sc="175,0,234,0,251,0,340,0" /><INIT seed="5,2,0,3,0,115" ten="175,234,251,340" oya="1" hai0="73,123,65,11,8,69,24,51,77,15,93,20,110" hai1="21,7,38,82,26,133,42,0,121,14,25,107,59" hai2="55,39,92,98,19,28,122,87,37,95,45,127,4" hai3="109,113,35,105,12,90,29,34,3,17,76,71,106"/><U23/><E107/><V130/><F122/><W1/><G109/><T46/><D110/><U103/><E121/><V81/><F4/><W83/><G90/><T48/><D123/><U100/><E0/><V120/><F28/><W16/><G71/><T9/><D51/><U50/><E38/><V88/><F120/><W132/><G113/><T43/><D93/><U80/><E133/><V86/><F127/><W99/><G29/><T112/><D112/><U118/><E118/><V125/><F130/><W128/><G83/><N who="1" m="31786" /><E7/><V134/><F134/><W33/><G76/><T79/><D73/><U64/><E64/><V53/><F125/><W56/><G34/><T94/><D15/><U18/><E59/><V102/><F19/><W49/><G56/><T47/><D47/><N who="1" m="25975" /><E14/><V41/><REACH who="2" step="1"/><F37/><REACH who="2" ten="175,234,241,340" step="2"/><W44/><G132/><T63/><REACH who="0" step="1"/><D94/><REACH who="0" ten="165,234,241,340" step="2"/><U75/><E75/><V131/><F131/><W72/><G128/><T60/><D60/><U40/><E40/><V108/><F108/><W67/><G72/><T84/><D84/><U116/><E116/><V66/><F66/><W13/><G67/><T97/><D97/><U57/><E57/><V22/><F22/><W62/><G99/><T78/><D78/><AGARI ba="2,2" hai="39,41,45,53,55,78,81,86,87,88,92,95,98,102" machi="78" ten="30,3900,0" yaku="1,1,7,1,54,1,53,0" doraHai="115" doraHaiUra="5" who="2" fromWho="0" sc="165,-45,234,0,241,65,340,0" /><INIT seed="6,0,0,3,5,115" ten="120,234,306,340" oya="2" hai0="104,7,28,49,79,121,90,67,4,111,39,110,42" hai1="124,68,46,95,114,50,81,59,127,93,116,84,117" hai2="106,43,15,80,16,25,73,24,85,128,21,76,51" hai3="94,86,0,48,26,3,77,5,62,41,102,1,101"/><V133/><F106/><W30/><G5/><T58/><D104/><U83/><E68/><V52/><F128/><W11/><G11/><T37/><D28/><U14/><E59/><V34/><F133/><W33/><G62/><T10/><D90/><N who="1" m="51471" /><E14/><V74/><F43/><W129/><G129/><T88/><D88/><U99/><E50/><V8/><F34/><W22/><G22/><T96/><D49/><U89/><E46/><V82/><F82/><W19/><G19/><T107/><D107/><U135/><E114/><V130/><F24/><W6/><G6/><T13/><D13/><U36/><E36/><V87/><F74/><W92/><G77/><T69/><D58/><U47/><E47/><V66/><F66/><W31/><G86/><T2/><D67/><U63/><E63/><V126/><F126/><N who="1" m="48169" /><E135/><V72/><F72/><W134/><G134/><T54/><D10/><U56/><E56/><V109/><F130/><W64/><G30/><T98/><D42/><U113/><E113/><V118/><F51/><W18/><G18/><T27/><D27/><U35/><E35/><V71/><F71/><W122/><G64/><T53/><D69/><U20/><E83/><V60/><F60/><W105/><G41/><T17/><D17/><U61/><E61/><V103/><F80/><W119/><G48/><T23/><D23/><U40/><E40/><V131/><F131/><W70/><G33/><T9/><D9/><U38/><E38/><V29/><F21/><W91/><G70/><T32/><D32/><U108/><E20/><V125/><F125/><W44/><G44/><RYUUKYOKU ba="0,0" sc="120,0,234,0,306,0,340,0" /><INIT seed="7,1,0,2,3,118" ten="120,234,306,340" oya="3" hai0="64,127,78,55,36,26,50,106,89,130,82,84,15" hai1="103,59,131,86,73,39,108,120,115,24,71,66,72" hai2="20,95,110,91,117,109,42,37,88,23,77,30,70" hai3="76,17,1,57,98,85,61,9,69,99,32,58,62"/><W27/><G69/><T94/><D36/><U53/><E39/><V65/><F117/><W67/><G32/><T16/><D130/><U114/><E24/><V93/><F77/><W34/><G1/><T49/><D127/><U129/><E53/><V126/><F126/><W121/><G121/><T5/><D106/><U102/><E59/><V128/><F128/><N who="1" m="49225" /><E66/><V96/><F30/><W125/><G34/><T87/><D64/><U48/><E48/><V10/><F10/><W105/><G105/><T52/><D50/><U22/><E22/><V80/><F80/><N who="3" m="47239" /><G125/><T19/><D26/><U101/><E71/><V135/><F70/><W14/><G27/><T68/><D68/><U122/><E86/><V18/><F65/><AGARI ba="1,0" hai="9,14,17,57,58,61,62,65,67,98,99" m="47239" machi="65" ten="30,1500,0" yaku="8,1" doraHai="118" who="3" fromWho="2" sc="120,0,234,0,306,-18,340,18" owari="120,-38.0,234,-16.6,288,8.8,358,45.8" /></mjloggm>