<mjloggm ver="2.3"><GO type="169" lobby="0"/><UN n0="%E3%83%91%E3%83%BC%E3%83%A9%E3%83%A1%E3%83%B3%E3%83%88" n1="%31%74%61" n2="%E6%81%8B%E3%81%AE%E3%81%86%E3%81%9F" n3="%E8%8A%B1%E8%90%BD%E4%BD%95%E4%BA%BA%E7%9F%A5" dan="16,17,17,16" rate="2205.87,2226.57,2225.59,2112.74" sx="M,M,M,M"/><TAIKYOKU oya="0"/><INIT seed="0,0,0,3,1,67" ten="250,250,250,250" oya="0" hai0="4,74,99,13,69,60,25,124,88,123,50,43,10" hai1="32,92,15,128,91,20,134,85,71,73,87,82,24" hai2="51,120,72,6,108,112,63,14,127,77,2,100,37" hai3="111,21,104,54,70,34,80,42,118,76,11,27,78"/><T81/><D123/><U64/><E128/><V97/><F120/><W28/><G118/><T122/><D122/><U16/><E134/><V7/><F37/><W86/><G104/><T58/><D124/><U75/><E32/><V94/><F2/><W106/><G106/><T5/><D5/><U135/><E135/><V45/><F108/><W116/><G116/><T113/><D113/><U121/><E121/><V35/><F35/><W98/><G111/><T68/><D25/><U132/><E132/><V44/><F44/><W49/><G42/><T107/><D107/><U31/><E64/><V46/><F46/><W55/><G55/><T9/><D43/><U126/><E71/><V95/><F72/><W133/><G70/><T52/><D50/><U0/><E0/><V109/><F77/><W117/><G98/><T129/><D129/><U39/><E39/><V131/><F109/><W48/><G48/><T38/><D38/><U65/><E65/><V47/><F112/><W66/><G66/><T29/><D29/><U105/><E105/><V103/><F51/><W26/><G11/><T30/><D30/><U115/><E115/><V36/><F36/><W114/><G114/><T33/><D33/><U102/><E126/><V8/><F127/><W59/><G117/><T96/><D10/><N who="1" m="6263" /><E102/><V84/><F131/><W119/><G119/><T125/><D125/><U56/><E56/><V61/><F6/><W130/><G133/><T93/><REACH who="0" step="1"/><D99/><REACH who="0" ten="240,250,250,250" step="2"/><U62/><E62/><N who="2" m="23563" /><F100/><W22/><G130/><T19/><D19/><U12/><E12/><V3/><F3/><W89/><G34/><RYUUKYOKU ba="0,1" sc="240,0,250,0,250,0,250,0" hai0="4,9,13,52,58,60,68,69,74,81,88,93,96" hai1="20,24,31,73,75,82,85,87,91,92" hai2="7,8,14,45,47,84,94,95,97,103" hai3="21,22,26,27,28,49,54,59,76,78,80,86,89" /><INIT seed="0,1,1,2,3,30" ten="240,250,250,250" oya="0" hai0="59,132,107,46,97,10,130,5,0,98,122,114,103" hai1="71,21,126,112,47,86,124,32,99,65,79,55,42" hai2="3,39,2,84,100,52,131,70,116,108,33,119,57" hai3="117,95,27,14,60,34,111,4,48,68,45,93,81"/><T74/><D114/><U91/><E112/><V40/><F70/><W123/><G117/><N who="2" m="45129" /><F108/><W110/><G123/><T78/><D122/><U80/><E55/><V7/><F131/><W72/><G72/><T50/><D132/><U109/><E109/><N who="3" m="41482" /><G81/><T73/><D130/><U53/><E53/><V128/><F128/><W23/><G68/><T13/><D59/><U94/><E21/><V8/><F100/><W36/><G36/><T35/><D78/><U61/><REACH who="1" step="1"/><E32/><REACH who="1" ten="240,240,250,250" step="2"/><V104/><F33/><W120/><G34/><T26/><D0/><U43/><E43/><V31/><F3/><W11/><G120/><T135/><D135/><U41/><E41/><V49/><F40/><N who="3" m="24615" /><G60/><T92/><D46/><U6/><E6/><V75/><F7/><W125/><G125/><T121/><D121/><U101/><E101/><V113/><F113/><W18/><AGARI ba="1,2" hai="4,11,14,18,23,27,93,95" m="24615,41482" machi="18" ten="30,1100,0" yaku="14,1" doraHai="30" who="3" fromWho="3" sc="240,-6,240,-4,250,-4,250,34" /><INIT seed="1,0,0,4,5,25" ten="234,236,246,284" oya="1" hai0="2,20,35,66,36,55,50,121,97,112,40,31,124" hai1="49,23,74,75,42,135,33,131,59,126,58,133,92" hai2="8,88,81,76,14,62,69,5,43,57,44,104,106" hai3="13,10,52,1,12,26,34,18,54,84,94,95,134"/><U41/><E33/><V86/><F69/><W110/><G1/><T120/><D2/><U96/><E131/><V7/><F7/><W128/><G128/><T122/><D112/><U28/><E126/><V90/><F104/><W68/><G68/><T3/><D3/><U53/><E23/><V15/><F106/><W32/><G110/><T19/><D124/><U107/><E107/><V119/><F14/><W27/><G84/><T101/><D66/><U47/><E28/><V100/><F100/><W102/><G102/><T91/><D91/><U115/><E115/><V37/><REACH who="2" step="1"/><F119/><REACH who="2" ten="234,236,236,284" step="2"/><W38/><G13/><T123/><D121/><U72/><E41/><V129/><F129/><W29/><G12/><T80/><D40/><U83/><E83/><V73/><F73/><W98/><G134/><N who="1" m="51210" /><E42/><V127/><F127/><W105/><G105/><T93/><D80/><U46/><E59/><V111/><F111/><W71/><G71/><T118/><D118/><U114/><E114/><V108/><F108/><W45/><G95/><T24/><D36/><U60/><E60/><V117/><F117/><W61/><G61/><T17/><REACH who="0" step="1"/><D35/><REACH who="0" ten="224,236,236,284" step="2"/><U63/><E63/><V30/><F30/><W89/><G29/><T77/><D77/><U78/><E78/><V103/><F103/><AGARI ba="0,2" hai="46,47,49,53,58,72,74,75,92,96,103" m="51210" machi="103" ten="40,2000,0" yaku="20,1" doraHai="25" who="1" fromWho="2" sc="224,0,236,40,236,-20,284,0" /><INIT seed="1,1,0,4,2,3" ten="224,276,216,284" oya="1" hai0="108,118,95,44,107,83,55,48,61,18,102,134,78" hai1="40,68,91,20,103,74,75,92,124,24,85,0,88" hai2="116,11,31,117,39,77,15,129,28,99,16,89,13" hai3="93,113,37,97,56,64,49,94,41,6,80,14,82"/><U46/><E68/><V115/><F39/><W114/><G37/><T84/><D118/><N who="2" m="45674" /><F77/><W126/><G126/><T133/><D108/><U121/><E121/><V69/><F99/><W125/><G125/><T65/><D107/><U38/><E0/><V50/><F50/><W135/><G135/><N who="0" m="51723" /><D18/><U23/><E103/><V25/><F89/><W58/><G114/><T32/><D32/><U101/><E101/><V106/><F69/><W87/><G113/><T19/><D19/><U66/><E124/><V110/><F106/><W104/><G104/><T43/><D43/><U72/><E66/><V1/><F115/><W2/><G2/><T63/><D65/><U67/><E67/><V17/><F1/><W29/><G97/><AGARI ba="1,0" hai="44,48,55,61,63,78,83,84,95,97,102" m="51723" machi="97" ten="30,1000,0" yaku="20,1" doraHai="3" who="0" fromWho="3" sc="224,13,276,0,216,0,284,-13" /><INIT seed="2,0,0,5,5,116" ten="237,276,216,271" oya="2" hai0="84,130,127,70,4,135,89,113,20,14,81,41,112" hai1="50,1,56,120,64,42,47,122,117,93,91,119,87" hai2="52,98,86,79,74,71,80,114,23,21,109,131,68" hai3="58,108,8,49,123,125,104,40,73,0,128,7,53"/><V77/><F114/><W48/><G104/><T17/><D70/><U25/><E1/><V97/><F131/><W54/><G73/><T57/><D130/><U37/><E25/><V124/><F124/><W18/><G128/><T55/><D127/><U134/><E134/><V100/><F109/><W92/><G125/><T30/><D135/><U62/><REACH who="1" step="1"/><E37/><REACH who="1" ten="237,266,216,271" step="2"/><V132/><F132/><W46/><G108/><T6/><D113/><U19/><E19/><V22/><F74/><W72/><G72/><T44/><D112/><U59/><E59/><V29/><F71/><W76/><G18/><T99/><D30/><U78/><E78/><V10/><F68/><W61/><G76/><T102/><D44/><U28/><E28/><V67/><F79/><W82/><G0/><T94/><REACH who="0" step="1"/><D41/><REACH who="0" ten="227,266,216,271" step="2"/><U126/><E126/><V105/><F29/><W107/><G40/><T32/><D32/><U110/><E110/><V95/><F77/><W85/><G46/><T118/><D118/><AGARI ba="0,2" hai="42,47,50,56,62,64,87,91,93,117,118,119,120,122" machi="118" ten="40,5200,0" yaku="1,1,52,2,53,0" doraHai="116" doraHaiUra="103" who="1" fromWho="0" sc="227,-52,266,72,216,0,271,0" /><INIT seed="3,0,0,4,5,40" ten="175,338,216,271" oya="3" hai0="110,1,71,33,66,45,97,57,91,28,6,93,50" hai1="86,124,72,119,61,126,20,22,65,104,59,127,53" hai2="8,12,4,30,29,35,128,39,70,74,58,117,118" hai3="49,100,64,131,3,44,69,42,24,92,133,115,46"/><W109/><G115/><T48/><D110/><U98/><E72/><V38/><F70/><W132/><G3/><T75/><D75/><U111/><E111/><V54/><F74/><W76/><G109/><T94/><D71/><U31/><E119/><V0/><F128/><W95/><G76/><T116/><D116/><U96/><E86/><V32/><F58/><W62/><G131/><T83/><D33/><N who="2" m="12874" /><F39/><W9/><G9/><T81/><D28/><N who="2" m="10858" /><F54/><W82/><G24/><T73/><D6/><U103/><E31/><V5/><F38/><N who="3" m="21591" /><G82/><T67/><D1/><U102/><REACH who="1" step="1"/><E53/><REACH who="1" ten="175,328,216,271" step="2"/><V79/><F117/><W51/><G133/><T41/><D73/><U14/><E14/><V114/><F118/><W88/><G132/><T63/><D67/><U26/><E26/><V112/><F112/><W16/><G64/><T90/><REACH who="0" step="1"/><D50/><REACH who="0" ten="165,328,216,271" step="2"/><U106/><AGARI ba="0,2" hai="20,22,59,61,65,96,98,102,103,104,106,124,126,127" machi="106" ten="30,7900,0" yaku="1,1,0,1,9,1,18,1,53,0" doraHai="40" doraHaiUra="43" who="1" fromWho="1" sc="165,-20,328,99,216,-20,271,-39" /><INIT seed="4,0,0,4,4,50" ten="145,427,196,232" oya="0" hai0="34,77,68,9,40,95,115,1,70,75,55,38,57" hai1="10,103,42,79,96,114,11,17,48,94,99,111,118" hai2="47,86,8,27,89,69,101,78,2,108,105,122,44" hai3="90,13,73,30,62,32,81,100,130,102,49,6,129"/><T83/><D115/><U71/><E111/><V52/><F108/><W22/><G62/><T43/><D34/><U131/><E71/><V80/><F122/><W106/><G106/><T14/><D95/><U31/><E31/><V82/><F69/><W107/><G107/><T45/><D43/><U64/><E64/><V128/><F128/><N who="3" m="49259" /><G49/><T0/><D0/><U16/><E79/><V125/><F125/><W97/><G97/><T23/><D23/><U67/><E67/><V26/><F101/><W21/><G32/><T4/><D14/><U25/><E118/><V51/><F105/><W65/><G65/><T53/><D53/><U7/><E48/><AGARI ba="0,0" hai="1,4,9,38,40,45,48,55,57,68,70,75,77,83" machi="48" ten="30,11600,0" yaku="7,1,25,2,52,1" doraHai="50" who="0" fromWho="1" sc="145,116,427,-116,196,0,232,0" /><INIT seed="4,1,0,0,5,95" ten="261,311,196,232" oya="0" hai0="75,61,38,2,127,0,103,37,20,66,106,31,115" hai1="133,107,99,65,93,117,121,59,110,90,14,86,1" hai2="52,63,113,80,43,89,3,42,102,23,98,79,40" hai3="35,15,120,124,88,132,101,13,123,118,6,53,50"/><T126/><D75/><U119/><E1/><N who="0" m="617" /><D20/><U92/><E121/><N who="3" m="46666" /><G118/><T91/><D91/><U114/><E14/><V9/><F113/><W82/><G35/><T27/><D27/><U85/><E59/><V116/><F116/><W56/><G124/><N who="0" m="47659" /><D31/><U131/><E114/><V125/><F125/><W134/><G101/><T104/><D115/><U49/><E90/><V57/><F89/><W34/><G34/><T71/><D106/><U33/><E33/><V24/><F3/><W78/><G88/><T30/><D30/><U41/><E107/><V55/><F9/><N who="3" m="4279" /><G15/><T19/><D19/><U105/><E105/><V29/><F55/><W77/><G77/><T69/><D69/><U48/><E86/><AGARI ba="1,0" hai="50,53,56,78,82,86,132,134" m="4279,46666" machi="86" ten="30,1000,0" yaku="13,1" doraHai="95" who="3" fromWho="1" sc="261,0,311,-13,196,0,232,13" /><INIT seed="5,0,0,5,3,44" ten="261,298,196,245" oya="1" hai0="86,15,43,78,10,67,73,90,38,88,46,14,101" hai1="89,11,45,50,35,74,42,106,129,59,117,55,58" hai2="115,48,94,28,125,19,7,51,91,80,118,87,61" hai3="77,72,111,4,120,56,1,84,66,21,57,133,96"/><U85/><E117/><V40/><F118/><W64/><G111/><T110/><D110/><U6/><E74/><V18/><F125/><W71/><G120/><T60/><D101/><U70/><E70/><V108/><F108/><W0/><G72/><T41/><D41/><U75/><E75/><V37/><F37/><W49/><G133/><T16/><D73/><U97/><E35/><V33/><F7/><W24/><G96/><T103/><D103/><U34/><E34/><V128/><F128/><W82/><G71/><T126/><D126/><U36/><E129/><V3/><F3/><W135/><G135/><T113/><D113/><U22/><E22/><V130/><F40/><W68/><G68/><T122/><D122/><U27/><E27/><V121/><F121/><W83/><G83/><T76/><D15/><U47/><E97/><V124/><F124/><W29/><G4/><T23/><D90/><U92/><REACH who="1" step="1"/><E106/><REACH who="1" ten="261,288,196,245" step="2"/><V100/><F130/><W13/><G21/><T93/><D23/><U12/><AGARI ba="0,1" hai="6,11,12,36,42,45,47,50,55,58,59,85,89,92" machi="12" ten="20,18000,2" yaku="1,1,2,1,0,1,7,1,52,1,53,1" doraHai="44" doraHaiUra="69" who="1" fromWho="1" sc="261,-60,288,190,196,-60,245,-60" /><INIT seed="5,1,0,2,0,56" ten="201,478,136,185" oya="1" hai0="3,20,51,132,122,130,29,52,54,59,57,70,50" hai1="91,23,14,68,19,109,116,93,79,71,63,22,47" hai2="9,2,129,121,6,30,11,127,15,83,134,24,44" hai3="75,94,74,38,16,31,27,13,17,60,40,119,99"/><U95/><E116/><V117/><F117/><W35/><G119/><T45/><D3/><U89/><E79/><V135/><F44/><W8/><G17/><T97/><D122/><U125/><E125/><V98/><F98/><W46/><REACH who="3" step="1"/><G60/><REACH who="3" ten="201,478,136,175" step="2"/><T42/><D130/><U80/><E63/><V76/><F129/><W33/><G33/><T55/><D132/><U67/><E19/><V82/><F121/><W49/><G49/><N who="0" m="26807" /><D29/><U41/><E109/><V102/><F134/><W103/><AGARI ba="1,1" hai="8,13,16,27,31,35,38,40,46,74,75,94,99,103" machi="103" ten="20,5200,0" yaku="1,1,0,1,7,1,54,1,53,0" doraHai="56" doraHaiUra="53" who="3" fromWho="3" sc="201,-14,478,-27,136,-14,175,65" /><INIT seed="6,0,0,1,5,92" ten="187,451,122,240" oya="2" hai0="31,120,36,85,101,19,4,42,52,20,104,73,30" hai1="129,62,93,51,99,113,96,112,118,109,23,102,122" hai2="13,89,7,5,2,110,119,14,45,24,15,63,123" hai3="134,133,16,130,27,75,132,38,70,95,116,56,53"/><V80/><F119/><W125/><G116/><T72/><D120/><U34/><E34/><V66/><F123/><W40/><G75/><T0/><D0/><U86/><E118/><V1/><F110/><W35/><G70/><T82/><D4/><U105/><E109/><V91/><F45/><N who="3" m="23703" /><G130/><T46/><D73/><U114/><E122/><V41/><F41/><W77/><G77/><T22/><D72/><U67/><E129/><V78/><F24/><W88/><G125/><T33/><D33/><U124/><E51/><V131/><F131/><W128/><G128/><T18/><D101/><N who="1" m="60559" /><E23/><V55/><F55/><W59/><G53/><T74/><D52/><U32/><E32/><V9/><F2/><W84/><G35/><T87/><D74/><U54/><E86/><V3/><F78/><W69/><G69/><T98/><D104/><U6/><E54/><V8/><REACH who="2" step="1"/><F80/><REACH who="2" ten="187,451,112,240" step="2"/><W76/><G76/><T108/><D82/><U43/><E43/><V44/><F44/><W115/><G115/><T61/><D46/><U64/><E113/><V68/><AGARI ba="0,1" hai="1,3,5,7,8,9,13,14,15,63,66,68,89,91" machi="68" ten="30,11700,0" yaku="1,1,0,1,9,1,53,1" doraHai="92" doraHaiUra="58" who="2" fromWho="2" sc="187,-39,451,-39,112,127,240,-39" /><INIT seed="6,1,0,0,0,74" ten="148,412,239,201" oya="2" hai0="117,97,118,16,76,54,127,103,37,106,121,81,19" hai1="3,30,83,10,35,1,135,123,46,47,5,90,82" hai2="113,98,50,67,111,77,105,84,110,71,91,44,109" hai3="64,18,130,6,114,95,11,65,131,88,75,58,96"/><V42/><F113/><W86/><G75/><N who="0" m="43167" /><D37/><U7/><E135/><V66/><F71/><W57/><G114/><T70/><D70/><U55/><E30/><V104/><F98/><W2/><G18/><T56/><D121/><U69/><E69/><V33/><F33/><W41/><G41/><T4/><D4/><U20/><E20/><V13/><F13/><W78/><G58/><T51/><D127/><U94/><E35/><V34/><F34/><W61/><REACH who="3" step="1"/><G65/><REACH who="3" ten="148,412,239,191" step="2"/><T25/><D25/><U93/><E7/><V115/><F115/><W80/><AGARI ba="1,1" hai="2,6,11,57,61,64,78,80,86,88,95,96,130,131" machi="80" ten="30,8000,1" yaku="1,1,2,1,0,1,52,1,54,1,53,0" doraHai="74" doraHaiUra="43" who="3" fromWho="3" sc="148,-21,412,-21,239,-41,191,93" /><INIT seed="7,0,0,3,4,62" ten="127,391,198,284" oya="3" hai0="110,105,18,114,30,8,34,72,37,55,45,35,5" hai1="117,87,77,42,89,41,61,71,7,96,6,132,52" hai2="91,57,2,118,106,86,90,68,101,19,25,51,15" hai3="125,43,14,65,134,98,104,27,95,113,0,60,109"/><W29/><G0/><T32/><D110/><U33/><E33/><V129/><F118/><W46/><G109/><T58/><D105/><U111/><E111/><V69/><F2/><W83/><G113/><T94/><D72/><U78/><E132/><V38/><F38/><W21/><G134/><T122/><D122/><U112/><E96/><V17/><F129/><W121/><G121/><T12/><D45/><U123/><E123/><V31/><F101/><W39/><G125/><T82/><D37/><U20/><E20/><V40/><F106/><W59/><G104/><T93/><D82/><U22/><E22/><V24/><F40/><W54/><G83/><T26/><D94/><U133/><E71/><V47/><F57/><W9/><G54/><T75/><D93/><U1/><E1/><V13/><F47/><W4/><G95/><T97/><D97/><U63/><E112/><V74/><F51/><W84/><G98/><T10/><D75/><U16/><E87/><V85/><REACH who="2" step="1"/><F31/><REACH who="2" ten="127,391,188,284" step="2"/><W92/><G92/><T88/><D114/><U23/><E42/><V11/><F11/><W115/><G115/><T28/><D58/><U128/><E41/><V49/><F49/><W130/><G130/><T3/><D55/><U36/><E128/><V53/><F53/><W107/><G107/><T66/><D66/><U76/><E133/><V73/><AGARI ba="0,1" hai="13,15,17,19,24,25,68,69,73,74,85,86,90,91" machi="73" ten="25,6400,0" yaku="1,1,0,1,22,2,53,0" doraHai="62" doraHaiUra="48" who="2" fromWho="2" sc="127,-16,391,-16,188,74,284,-32" owari="111,-38.9,375,47.5,262,6.2,252,-14.8" /></mjloggm>