<mjloggm ver="2.3"><GO type="169" lobby="0"/><UN n0="%68%69%72%6F%30%33%30%39" n1="%E7%B4%94%E6%BD%94%E3%83%94%E3%83%A9%E3%83%8B%E3%82%A2" n2="%E6%A3%AE%E5%B1%B1%E7%94%B0%E7%9B%B4%E5%A4%AA%E6%9C%97%E4%B9%8B%E4%BB%8B" n3="%E3%81%82%E3%81%BE%E3%81%82%E3%82%93" dan="16,16,16,17" rate="2073.31,2146.64,2188.23,2130.96" sx="M,M,M,M"/><TAIKYOKU oya="0"/><INIT seed="0,0,0,2,4,35" ten="250,250,250,250" oya="0" hai0="99,125,113,38,34,65,57,68,93,30,36,46,55" hai1="52,54,116,133,39,110,28,37,95,86,21,60,44" hai2="45,2,105,23,87,32,123,101,29,111,24,40,81" hai3="106,70,90,8,73,135,66,71,17,19,112,53,6"/><T119/><D113/><U108/><E116/><V22/><F123/><W131/><G112/><T20/><D34/><U10/><E10/><V15/><F111/><N who="1" m="42537" /><E133/><V91/><F2/><W4/><G73/><T14/><D119/><U94/><E60/><V89/><F101/><W88/><G106/><T97/><D125/><U78/><E78/><V120/><F105/><W43/><G43/><T48/><D68/><U117/><E117/><V134/><F134/><W51/><G135/><T11/><D97/><U107/><E107/><V49/><F120/><W56/><G6/><T58/><D36/><N who="1" m="13899" /><E44/><V129/><F129/><W72/><G131/><T83/><D38/><U63/><E86/><V132/><F132/><W41/><G72/><T31/><D65/><U84/><E84/><V77/><F32/><W3/><G41/><T96/><D11/><U115/><E115/><V59/><F59/><W25/><G70/><T62/><D57/><N who="1" m="35239" /><E54/><V103/><F103/><W109/><G109/><T18/><D83/><U128/><E128/><V1/><F1/><W33/><G71/><T80/><D80/><U5/><E5/><V100/><F100/><W42/><G66/><N who="0" m="39255" /><D99/><U9/><E9/><V50/><F50/><W98/><G42/><T124/><D124/><U61/><E61/><V69/><F69/><W76/><G76/><T122/><D122/><U27/><AGARI ba="0,0" hai="21,27,28,94,95" m="35239,13899,42537" machi="27" ten="40,2700,0" yaku="14,1,54,1" doraHai="35" who="1" fromWho="1" sc="250,-13,250,27,250,-7,250,-7" /><INIT seed="1,0,0,5,0,99" ten="237,277,243,243" oya="1" hai0="73,69,51,11,28,86,112,127,49,66,121,62,17" hai1="54,36,45,92,98,76,26,39,12,68,31,97,70" hai2="56,126,122,33,134,4,111,101,81,3,120,2,20" hai3="61,113,90,116,91,109,78,108,1,93,53,57,88"/><U58/><E76/><V74/><F56/><W6/><G113/><T95/><D73/><U94/><E12/><V42/><F20/><W71/><G116/><T24/><D112/><U72/><E72/><V8/><F42/><W5/><G78/><T9/><D127/><U47/><E58/><V65/><F65/><W107/><G107/><T0/><D121/><U80/><E80/><V132/><F81/><W133/><G133/><N who="2" m="51305" /><F74/><W25/><G71/><T89/><D11/><U63/><E31/><V119/><F101/><W55/><G55/><T46/><D46/><U104/><E54/><V52/><F52/><W110/><G25/><T50/><D0/><N who="2" m="42" /><F33/><W35/><G35/><T128/><D49/><U18/><E104/><V13/><F111/><W7/><REACH who="3" step="1"/><G1/><REACH who="3" ten="237,277,243,233" step="2"/><T75/><D69/><U103/><E26/><V102/><F119/><W30/><G30/><T130/><D28/><U129/><E70/><V14/><F126/><W117/><G117/><T10/><D128/><U131/><E68/><V96/><F14/><W32/><G32/><T22/><D130/><U123/><E123/><V43/><F43/><W105/><G105/><AGARI ba="0,1" hai="4,8,13,96,102,105,120,122" m="42,51305" machi="105" ten="30,2000,0" yaku="20,1,52,1" doraHai="99" who="2" fromWho="3" sc="237,0,277,0,243,30,233,-20" /><INIT seed="2,0,0,0,0,12" ten="237,277,273,213" oya="2" hai0="94,61,37,56,110,120,114,64,47,67,0,25,15" hai1="49,45,104,50,128,4,1,44,41,93,119,80,135" hai2="38,2,116,63,7,75,72,53,113,90,62,99,69" hai3="8,76,77,122,24,74,55,26,129,39,106,124,57"/><V130/><F116/><W32/><G122/><T134/><D0/><U54/><E104/><V11/><F113/><W71/><G71/><T51/><D25/><U34/><E34/><V132/><F132/><W20/><G39/><T86/><D120/><U115/><E115/><V13/><F130/><W107/><G129/><T23/><D114/><U131/><E119/><V103/><F38/><W29/><G124/><T65/><D110/><U40/><E135/><V66/><F90/><W68/><G68/><T109/><D109/><U101/><E80/><V19/><F53/><W123/><G123/><T9/><D23/><U127/><E127/><V91/><F62/><W5/><G74/><T36/><D134/><U92/><E54/><V111/><F91/><W60/><G77/><T126/><D126/><U21/><E21/><V108/><F108/><W18/><REACH who="3" step="1"/><G76/><REACH who="3" ten="237,277,273,203" step="2"/><T82/><D36/><U133/><E133/><V105/><REACH who="2" step="1"/><F111/><REACH who="2" ten="237,277,263,203" step="2"/><W14/><AGARI ba="0,2" hai="5,8,14,18,20,24,26,29,32,55,57,60,106,107" machi="14" ten="20,8000,1" yaku="1,1,2,1,0,1,7,1,52,1,53,0" doraHai="12" doraHaiUra="87" who="3" fromWho="3" sc="237,-20,277,-20,263,-40,203,100" /><INIT seed="3,0,0,5,0,107" ten="217,257,223,303" oya="3" hai0="132,19,93,6,111,90,97,131,66,4,87,24,100" hai1="23,103,61,29,115,101,89,7,123,86,67,28,45" hai2="57,84,27,127,105,76,10,60,38,102,92,12,21" hai3="94,108,78,79,91,96,133,35,129,72,99,95,104"/><W42/><G35/><T121/><D121/><U83/><E123/><V126/><F38/><W22/><G42/><T63/><D111/><U16/><E7/><V70/><F70/><W112/><G22/><T43/><D131/><U36/><E115/><V109/><F109/><W37/><G37/><T49/><D132/><U130/><E130/><V135/><F105/><W65/><G65/><T56/><D43/><U120/><E120/><V11/><F135/><W74/><G133/><T98/><D98/><U59/><E45/><V0/><F0/><W110/><G129/><T117/><D117/><U85/><E85/><V31/><F76/><W77/><G104/><T8/><D49/><U88/><E89/><V20/><F20/><W44/><G44/><T54/><D54/><U134/><E134/><V125/><F12/><W3/><G3/><T82/><D24/><N who="1" m="14439" /><E36/><V52/><REACH who="2" step="1"/><F84/><REACH who="2" ten="217,257,213,303" step="2"/><W122/><G122/><T62/><D8/><U68/><E68/><V25/><F25/><W50/><G112/><T30/><D4/><U18/><E18/><V119/><F119/><W15/><G15/><T81/><D6/><U124/><E124/><V58/><F58/><W32/><G32/><T13/><D19/><U55/><E67/><V116/><F116/><W1/><G1/><T39/><D39/><U71/><E71/><V106/><F106/><W46/><G110/><T5/><D5/><U47/><E47/><V9/><F9/><W75/><G108/><T41/><D66/><U114/><E114/><V118/><F118/><W51/><G46/><T34/><D87/><U33/><E33/><RYUUKYOKU ba="0,1" sc="217,-30,257,10,213,10,303,10" hai1="28,29,55,59,61,83,86,88,101,103" hai2="10,11,21,27,31,52,57,60,92,102,125,126,127" hai3="50,51,72,74,75,77,78,79,91,94,95,96,99" /><INIT seed="3,1,1,3,5,125" ten="187,267,223,313" oya="3" hai0="37,107,51,119,87,41,27,99,76,97,127,120,90" hai1="49,108,59,64,84,0,32,109,30,17,85,24,93" hai2="111,128,10,34,71,53,25,66,44,129,68,20,117" hai3="55,15,43,102,33,80,61,122,91,48,46,112,73"/><W132/><G112/><T115/><D37/><U7/><E17/><V100/><F117/><W89/><G122/><T6/><D119/><U23/><E23/><V40/><F111/><N who="1" m="42569" /><E93/><V57/><F34/><W95/><G33/><T114/><D6/><U98/><E98/><V118/><F118/><W11/><G132/><T58/><D120/><U18/><E18/><V106/><F10/><W103/><G61/><T79/><D127/><U2/><E7/><V65/><F100/><W123/><G123/><T14/><D14/><U124/><E124/><V35/><F106/><W42/><G73/><T5/><D27/><U96/><E96/><V21/><F35/><W67/><G67/><N who="2" m="25609" /><F25/><W54/><G80/><T38/><D5/><U82/><E85/><V72/><F72/><W31/><G31/><T104/><D87/><U52/><E64/><V116/><F116/><W8/><G15/><T113/><D90/><AGARI ba="1,1" hai="0,2,24,30,32,49,52,59,82,84,90" m="42569" machi="90" ten="30,2000,0" yaku="14,1,54,1" doraHai="125" who="1" fromWho="0" sc="187,-23,267,33,223,0,313,0" /><INIT seed="4,0,0,0,2,119" ten="164,300,223,313" oya="0" hai0="0,102,7,19,107,46,58,88,111,115,24,109,93" hai1="35,43,28,64,57,126,116,91,121,83,127,47,92" hai2="56,49,72,101,73,48,51,32,15,69,42,52,106" hai3="118,3,27,110,2,60,70,97,124,11,4,16,50"/><T25/><D115/><U131/><E116/><V81/><F32/><W21/><G118/><T14/><D107/><U74/><E131/><V87/><F69/><W66/><G110/><N who="0" m="41995" /><D102/><U71/><E71/><V100/><F73/><W76/><G124/><T77/><D77/><U105/><E105/><V6/><F72/><W99/><G76/><T62/><D46/><U30/><E83/><V10/><F106/><W95/><G50/><T82/><D82/><U67/><E74/><V103/><REACH who="2" step="1"/><F42/><REACH who="2" ten="164,300,213,313" step="2"/><W55/><G55/><N who="0" m="34143" /><D0/><U17/><E43/><V68/><F68/><W45/><G3/><T120/><D7/><U8/><E35/><V132/><F132/><W134/><G134/><T63/><D63/><U86/><E127/><V89/><AGARI ba="0,1" hai="6,10,15,48,49,51,52,56,81,87,89,100,101,103" machi="89" ten="30,7900,0" yaku="1,1,0,1,8,1,54,1,53,0" doraHai="119" doraHaiUra="117" who="2" fromWho="2" sc="164,-39,300,-20,213,89,313,-20" /><INIT seed="5,0,0,0,0,54" ten="125,280,302,293" oya="1" hai0="91,62,34,86,79,31,56,59,122,60,119,123,49" hai1="126,21,8,9,76,69,117,63,109,93,111,135,78" hai2="125,35,0,127,4,18,130,94,3,50,92,101,106" hai3="73,88,55,107,47,30,14,110,87,33,26,71,102"/><U98/><E117/><V42/><F35/><W90/><G110/><N who="1" m="41994" /><E126/><N who="2" m="48139" /><F130/><W124/><G73/><T7/><D119/><U116/><E116/><V104/><F18/><W6/><G124/><T100/><D79/><N who="1" m="30251" /><E135/><V72/><F72/><W25/><G71/><T131/><D131/><U24/><E69/><V41/><F4/><W95/><G26/><N who="0" m="18807" /><D100/><N who="1" m="60495" /><E63/><N who="0" m="24105" /><D49/><U46/><E46/><N who="2" m="25935" /><F42/><W17/><G47/><T44/><D44/><U11/><E11/><V27/><F27/><W118/><G118/><T51/><D51/><U58/><E58/><N who="0" m="22057" /><D7/><U67/><E67/><V28/><F28/><AGARI ba="0,0" hai="8,9,21,24,28" m="60495,30251,41994" machi="28" ten="30,1500,0" yaku="10,1" doraHai="54" who="1" fromWho="2" sc="125,0,280,15,302,-15,293,0" /><INIT seed="5,1,0,0,5,109" ten="125,295,287,293" oya="1" hai0="98,68,69,2,3,44,108,59,77,38,66,21,71" hai1="40,36,123,32,107,22,100,73,124,125,17,92,83" hai2="70,34,101,84,85,64,39,15,6,135,43,131,93" hai3="86,27,130,116,95,105,37,89,51,67,0,61,18"/><U82/><E32/><V90/><F34/><W103/><G37/><T121/><D108/><U42/><E107/><V57/><F135/><W80/><G0/><T133/><D77/><U4/><E4/><V115/><F70/><W117/><G105/><T26/><D133/><U72/><E123/><V20/><F131/><W11/><G130/><T7/><D121/><U99/><E82/><V50/><F39/><W87/><G51/><T49/><D38/><U62/><E62/><V65/><F115/><W122/><G122/><T120/><D120/><U30/><E30/><V119/><F101/><W60/><G103/><T58/><D98/><U106/><E106/><V25/><F84/><W129/><G129/><T53/><D7/><U81/><E81/><V63/><F119/><N who="3" m="45643" /><G67/><T56/><REACH who="0" step="1"/><D66/><REACH who="0" ten="115,295,287,293" step="2"/><U112/><E36/><V127/><F65/><W24/><G86/><T28/><AGARI ba="1,1" hai="2,3,21,26,28,44,49,53,56,58,59,68,69,71" machi="28" ten="40,5200,0" yaku="1,1,2,1,0,1,53,0" doraHai="109" doraHaiUra="75" who="0" fromWho="0" sc="115,65,295,-27,287,-14,293,-14" /><INIT seed="6,0,0,0,3,43" ten="180,268,273,279" oya="2" hai0="1,39,12,84,17,111,116,19,31,81,7,112,125" hai1="129,100,123,122,56,95,120,6,88,104,48,83,135" hai2="35,45,74,121,114,96,10,42,66,128,79,2,63" hai3="67,89,117,85,102,68,93,64,108,4,15,65,14"/><V133/><F121/><W78/><G108/><T73/><D111/><U29/><E129/><V118/><F128/><W60/><G117/><T59/><D73/><U61/><E135/><V71/><F133/><W101/><G68/><T54/><D39/><U90/><E6/><N who="2" m="1367" /><F96/><W87/><G60/><T86/><D112/><U5/><E5/><V28/><F118/><W34/><G34/><T46/><D116/><U3/><E3/><V119/><F119/><W75/><G75/><T70/><D70/><U110/><E110/><V113/><F28/><W107/><G107/><T76/><D125/><U36/><E36/><N who="2" m="21703" /><F35/><W13/><G4/><T30/><D1/><U33/><E104/><V94/><F94/><W25/><G25/><T47/><D7/><U9/><E9/><V99/><F99/><W72/><G72/><T20/><D19/><U57/><E100/><V32/><F32/><W51/><G51/><T41/><D41/><U132/><E132/><V11/><F11/><W69/><G69/><T24/><D84/><N who="1" m="50207" /><E48/><V53/><F53/><W127/><G127/><T115/><D115/><U97/><E61/><V23/><F23/><W50/><G50/><N who="0" m="31191" /><D30/><U21/><E33/><V92/><F92/><W77/><G87/><T109/><D109/><U0/><E0/><V44/><F44/><W38/><G38/><T52/><D52/><U126/><E126/><V37/><F37/><W105/><G105/><T16/><D31/><U55/><E55/><V103/><F103/><AGARI ba="0,0" hai="13,14,15,64,65,67,77,78,85,89,93,101,102,103" machi="103" ten="40,1300,0" yaku="8,1" doraHai="43" who="3" fromWho="2" sc="180,0,268,0,273,-13,279,13" /><INIT seed="7,0,0,1,3,13" ten="180,268,260,292" oya="3" hai0="0,60,105,49,82,118,131,78,21,61,74,85,8" hai1="6,104,126,102,80,3,73,97,14,113,130,39,71" hai2="1,57,121,58,47,76,90,72,88,135,37,63,66" hai3="20,29,46,110,92,84,43,111,93,81,127,75,122"/><W33/><G33/><T123/><D118/><U41/><E14/><V112/><F1/><W98/><G75/><T42/><D123/><U26/><E26/><V38/><F112/><W17/><G29/><T106/><D131/><U11/><E113/><V53/><F121/><W52/><G52/><T103/><D74/><U30/><E30/><V124/><F124/><W25/><G122/><T24/><D103/><U100/><E100/><V59/><F135/><W79/><G127/><T68/><D68/><U51/><E51/><V86/><F72/><W10/><G10/><T125/><D125/><U101/><E101/><V45/><F76/><W15/><G15/><T99/><D99/><U132/><E126/><V107/><F107/><W87/><G87/><T18/><D105/><U108/><E108/><N who="3" m="41514" /><G98/><T56/><D106/><U64/><E130/><V9/><F9/><W4/><G4/><T23/><D23/><U117/><E117/><V35/><F35/><W34/><G34/><T95/><D95/><U40/><E40/><V12/><F12/><W22/><G22/><T96/><D96/><U94/><E94/><V62/><F58/><W83/><G83/><T119/><D119/><U114/><E132/><V54/><REACH who="2" step="1"/><F86/><REACH who="2" ten="180,268,250,292" step="2"/><W27/><G27/><T134/><D134/><U19/><E114/><V65/><AGARI ba="0,1" hai="37,38,45,47,53,54,57,59,62,63,65,66,88,90" machi="65" ten="25,12000,2" yaku="1,1,2,1,0,1,22,2,54,1,53,0" doraHai="13" doraHaiUra="7" who="2" fromWho="2" sc="180,-30,268,-30,250,130,292,-60" owari="150,-35.0,238,3.8,380,48.0,232,-16.8" /></mjloggm>