<mjloggm ver="2.3"><GO type="169" lobby="0"/><UN n0="%71%75%65%79%69%6D%65%6E" n1="%E3%81%B1%E3%82%93%E3%81%AA%E3%81%93%E3%81%BE%E3%81%A3%E3%81%9F" n2="%E3%81%88%E3%81%84%E3%81%8D%E3%81%A1%40%35%6D%66" n3="%E6%BD%94" dan="16,17,17,16" rate="2115.43,2242.45,2199.59,2063.93" sx="M,M,M,F"/><TAIKYOKU oya="0"/><INIT seed="0,0,0,1,5,80" ten="250,250,250,250" oya="0" hai0="124,27,1,55,131,37,76,13,99,21,48,95,87" hai1="129,39,34,22,30,84,114,0,61,94,67,25,128" hai2="85,46,4,36,92,116,93,127,70,134,96,115,26" hai3="118,78,108,24,31,98,74,121,103,23,132,49,2"/><T47/><D131/><N who="1" m="50251" /><E39/><V42/><F115/><W10/><G118/><T7/><D124/><U57/><E0/><V72/><F72/><W73/><G108/><T14/><D37/><U111/><E111/><V40/><F70/><W44/><G132/><T52/><D1/><U130/><N who="1" m="50259" /><U16/><DORA hai="125" /><E114/><V113/><F113/><W100/><G78/><T9/><D14/><N who="1" m="9495" /><E94/><V97/><F93/><W51/><G121/><T50/><D76/><U122/><E84/><V65/><F85/><W38/><G38/><T68/><D87/><U12/><E12/><V69/><F92/><W32/><G73/><T105/><D105/><U11/><E11/><V71/><F36/><W83/><G74/><T29/><D68/><U126/><E126/><V109/><F69/><W112/><G83/><T119/><D119/><U66/><E66/><V107/><F65/><W62/><G10/><T91/><D50/><U101/><E101/><V6/><F71/><W135/><G2/><T59/><D59/><U86/><E86/><V106/><F107/><W41/><G100/><T43/><AGARI ba="0,0" hai="7,9,13,21,27,29,43,47,48,52,55,91,95,99" machi="43" ten="20,7800,0" yaku="0,1,7,1,8,1,54,1" doraHai="80,125" who="0" fromWho="0" sc="250,78,250,-26,250,-26,250,-26" /><INIT seed="0,1,0,4,2,119" ten="328,224,224,224" oya="0" hai0="116,35,19,44,87,33,92,91,114,93,127,100,113" hai1="54,105,23,17,123,121,37,71,40,43,118,84,30" hai2="50,106,48,34,8,135,129,57,82,83,98,16,104" hai3="79,73,42,29,52,55,99,110,49,1,62,63,80"/><T76/><D116/><U101/><E118/><V61/><F34/><W131/><G1/><T45/><D127/><U36/><E71/><V10/><F129/><W60/><G110/><T120/><D120/><U89/><E30/><V128/><F128/><W7/><G7/><T41/><D45/><U39/><E54/><V126/><F126/><W9/><G9/><T14/><D76/><U11/><E11/><V27/><F135/><W56/><G131/><T18/><D18/><U107/><E43/><V59/><F98/><W117/><G117/><T24/><D93/><U51/><E51/><V46/><F46/><W130/><G130/><T58/><D100/><U25/><E40/><V125/><F125/><W64/><G29/><T103/><D103/><U78/><E78/><V5/><F16/><W96/><G42/><T115/><D58/><U22/><E22/><V111/><F61/><W94/><G55/><T28/><D35/><U134/><E134/><V32/><F32/><W124/><G124/><T132/><D132/><U26/><E26/><V12/><F27/><W31/><G31/><T68/><D68/><U20/><E20/><V3/><F12/><W95/><G64/><T102/><D102/><U6/><E6/><V85/><F85/><W74/><G74/><T65/><D65/><U81/><REACH who="1" step="1"/><E101/><REACH who="1" ten="328,214,224,224" step="2"/><V86/><F5/><W38/><G38/><T112/><D113/><U2/><E2/><V72/><F3/><W108/><G108/><T77/><D77/><U133/><E133/><V88/><F111/><W13/><G13/><T90/><D112/><U75/><E75/><RYUUKYOKU ba="1,1" sc="328,-15,214,15,224,-15,224,15" hai1="17,23,25,36,37,39,81,84,89,105,107,121,123" hai3="49,52,56,60,62,63,73,79,80,94,95,96,99" /><INIT seed="1,2,1,4,5,61" ten="313,229,209,239" oya="1" hai0="44,1,86,62,133,122,26,35,95,25,5,114,89" hai1="104,56,123,32,51,8,131,94,128,2,120,9,40" hai2="63,124,14,127,11,28,15,135,129,20,88,99,18" hai3="33,50,98,42,81,71,112,108,58,59,24,72,105"/><U117/><E104/><V55/><F129/><N who="1" m="49737" /><E94/><N who="2" m="56775" /><F135/><W36/><G112/><T68/><D114/><U87/><E87/><V65/><F28/><W93/><G36/><T43/><D133/><U52/><E32/><V45/><F45/><W90/><G71/><T73/><D73/><U66/><E2/><V67/><F55/><W111/><G105/><T47/><D122/><N who="1" m="46635" /><E117/><V106/><F63/><W130/><G130/><T39/><D35/><U84/><E84/><V48/><F48/><W132/><G132/><T4/><D25/><U134/><E134/><V115/><F106/><W57/><G24/><T76/><D26/><U82/><E82/><V125/><F115/><W38/><G33/><T77/><D5/><AGARI ba="2,1" hai="5,11,14,15,18,20,65,67,124,125,127" m="56775" machi="5" ten="30,7700,0" yaku="18,1,52,2,54,1" doraHai="61" who="2" fromWho="0" sc="313,-83,229,0,209,93,239,0" /><INIT seed="2,0,0,0,4,24" ten="230,229,302,239" oya="2" hai0="3,44,19,87,77,30,132,40,131,51,101,14,6" hai1="12,124,117,34,79,58,80,102,4,100,13,60,33" hai2="37,111,39,72,15,68,122,119,1,49,27,130,45" hai3="99,76,95,112,48,86,25,57,50,32,23,103,10"/><V78/><F1/><W54/><G112/><T64/><D132/><U66/><E117/><V133/><F119/><W22/><G32/><T116/><D131/><U16/><E124/><V31/><F122/><W8/><G23/><T96/><D116/><U63/><E4/><V84/><F68/><W41/><G76/><T94/><D64/><U55/><E12/><V21/><F72/><W59/><G86/><T82/><D3/><U120/><E33/><V9/><F111/><W69/><G69/><T109/><D109/><U98/><E34/><V134/><F130/><W129/><G129/><T75/><D75/><U104/><E102/><V18/><F84/><W126/><G126/><T29/><D6/><U114/><E114/><V38/><REACH who="2" step="1"/><F78/><REACH who="2" ten="230,229,292,239" step="2"/><W65/><G99/><T7/><REACH who="0" step="1"/><D7/><REACH who="0" ten="220,229,292,239" step="2"/><U115/><E115/><V70/><F70/><W0/><G0/><T83/><D83/><U93/><E120/><V85/><F85/><W74/><G74/><T28/><D28/><U127/><E127/><V53/><AGARI ba="0,2" hai="9,15,18,21,27,31,37,38,39,45,49,53,133,134" machi="53" ten="40,7800,0" yaku="1,1,0,1,52,1,53,0" doraHai="24" doraHaiUra="67" who="2" fromWho="2" sc="220,-26,229,-26,292,98,239,-26" /><INIT seed="2,1,0,5,5,89" ten="194,203,390,213" oya="2" hai0="34,75,23,43,78,22,59,64,10,110,84,50,60" hai1="103,102,113,66,0,45,12,93,106,39,101,90,132" hai2="116,125,134,109,135,17,18,31,111,54,19,8,122" hai3="24,82,49,63,72,76,105,28,4,35,5,14,30"/><V37/><F37/><W33/><G105/><T118/><D110/><N who="2" m="41994" /><F116/><W70/><G14/><T117/><D34/><U79/><E0/><V91/><F122/><W26/><REACH who="3" step="1"/><G49/><REACH who="3" ten="194,203,390,203" step="2"/><T123/><D50/><U88/><E106/><V61/><F125/><W52/><G52/><T119/><D123/><U95/><E132/><V44/><F134/><W68/><G68/><T83/><D43/><U133/><E133/><V53/><F135/><W98/><G98/><T85/><D10/><U129/><E129/><V94/><F8/><W13/><G13/><T124/><D124/><U6/><E113/><V40/><F61/><W97/><G97/><T92/><REACH who="0" step="1"/><D75/><REACH who="0" ten="184,203,390,203" step="2"/><U130/><E130/><V1/><F40/><W11/><G11/><T21/><D21/><U56/><E39/><V104/><F1/><W3/><G3/><T2/><D2/><U65/><E6/><V27/><F44/><W107/><G107/><T81/><D81/><U77/><E45/><V57/><F104/><W29/><G29/><T114/><D114/><U121/><E121/><V42/><F42/><W126/><G126/><T47/><D47/><U74/><E74/><V7/><F7/><W67/><AGARI ba="1,2" hai="4,5,24,26,28,30,33,35,63,67,70,72,76,82" machi="67" ten="30,4000,0" yaku="1,1,0,1,9,1,53,0" doraHai="89" doraHaiUra="15" who="3" fromWho="3" sc="184,-11,203,-11,390,-21,203,63" /><INIT seed="3,0,0,1,4,132" ten="173,192,369,266" oya="3" hai0="40,32,62,107,6,93,14,101,37,125,86,115,88" hai1="131,80,2,57,105,28,54,1,116,38,43,74,17" hai2="15,120,92,30,5,133,87,126,63,75,13,130,27" hai3="89,4,85,109,3,26,71,65,124,82,60,25,113"/><W119/><G113/><T134/><D134/><U128/><E105/><V97/><F133/><W102/><G119/><T39/><D32/><U70/><E70/><V122/><F75/><W112/><G112/><T68/><D115/><U22/><E116/><V29/><F130/><N who="1" m="49705" /><E28/><V78/><F126/><W0/><G124/><T103/><D125/><U98/><E98/><V127/><F127/><W46/><G109/><T129/><D129/><U42/><E80/><N who="2" m="47511" /><F63/><W72/><G72/><T7/><D40/><N who="1" m="15403" /><E38/><V55/><F55/><W58/><G46/><T114/><D114/><U50/><E74/><V61/><F61/><W36/><G36/><T64/><D39/><U31/><E31/><V16/><F5/><W90/><G102/><T24/><D37/><U9/><E9/><N who="2" m="6191" /><F15/><AGARI ba="0,0" hai="1,2,15,17,22,50,54,57" m="15403,49705" machi="15" ten="30,1000,0" yaku="19,1" doraHai="132" who="1" fromWho="2" sc="173,0,192,10,369,-10,266,0" /><INIT seed="4,0,0,0,2,58" ten="173,202,359,266" oya="0" hai0="62,126,34,12,102,8,40,20,45,119,56,71,5" hai1="52,57,37,6,33,76,7,83,123,67,4,111,82" hai2="68,43,53,95,87,130,107,14,103,90,135,115,13" hai3="63,73,0,94,80,26,48,118,131,79,86,122,127"/><T125/><D34/><U17/><E111/><V22/><F68/><W39/><G39/><T69/><D119/><U1/><E123/><V114/><F130/><W128/><G0/><T84/><D102/><U101/><E33/><V134/><F43/><W31/><G118/><T72/><D72/><U16/><E1/><V2/><F2/><W19/><G127/><T117/><D117/><U98/><E37/><V112/><F53/><W10/><G122/><T75/><D75/><U41/><E41/><V47/><F47/><W85/><G48/><T100/><D100/><U9/><E67/><V11/><F22/><W49/><G49/><T96/><D96/><U97/><E9/><V81/><F107/><W124/><G124/><N who="0" m="47723" /><D84/><N who="1" m="48199" /><E83/><V92/><F14/><W54/><G94/><N who="2" m="35881" /><F103/><W35/><G10/><T15/><D20/><U25/><E101/><V129/><F129/><N who="3" m="49739" /><G19/><AGARI ba="0,0" hai="11,13,19,81,87,90,112,114,115,134,135" m="35881" machi="19" ten="40,1300,0" yaku="15,1" doraHai="58" who="2" fromWho="3" sc="173,0,202,0,359,13,266,-13" /><INIT seed="5,0,0,2,1,49" ten="173,202,372,253" oya="1" hai0="102,99,2,33,51,17,58,36,54,90,68,18,122" hai1="100,107,63,118,84,45,119,76,4,35,72,1,40" hai2="10,14,126,106,13,128,86,3,20,96,56,130,77" hai3="114,50,23,129,31,89,26,16,112,47,71,27,75"/><U111/><E35/><V9/><F126/><W95/><G71/><T42/><D2/><U117/><E84/><V43/><F43/><W22/><G75/><T8/><D33/><U30/><E30/><V44/><F44/><W108/><G129/><T25/><D122/><U124/><E124/><V73/><F73/><W104/><G104/><T113/><D113/><U65/><E111/><V5/><F20/><W67/><G67/><T19/><D68/><U81/><E100/><N who="2" m="62727" /><F56/><W97/><REACH who="3" step="1"/><G108/><REACH who="3" ten="173,202,372,243" step="2"/><T12/><D36/><U98/><E107/><V131/><F10/><W93/><G93/><T59/><D42/><AGARI ba="0,1" hai="16,22,23,26,27,31,42,47,50,89,95,97,112,114" machi="42" ten="40,2600,0" yaku="1,1,54,1,53,0" doraHai="49" doraHaiUra="52" who="3" fromWho="0" sc="173,-26,202,0,372,0,243,36" /><INIT seed="6,0,0,5,3,75" ten="147,202,372,279" oya="2" hai0="46,65,94,49,17,76,52,133,122,48,47,21,24" hai1="68,45,87,125,123,51,42,16,6,39,40,102,27" hai2="119,118,66,33,55,97,1,5,79,113,56,54,60" hai3="115,44,53,77,130,106,126,127,25,107,37,8,63"/><V78/><F33/><W114/><G130/><T71/><D133/><U82/><E68/><V104/><F113/><N who="3" m="43019" /><G8/><T9/><D122/><U93/><E125/><N who="3" m="47626" /><G25/><T128/><D128/><U32/><E123/><V135/><F135/><W80/><G63/><T109/><D109/><U69/><E69/><V38/><F38/><W62/><G62/><T3/><D71/><U110/><E110/><V116/><F5/><W41/><G53/><T20/><D65/><U74/><E6/><V0/><F0/><W18/><G18/><T90/><D21/><U22/><E32/><V81/><F1/><W108/><G108/><T58/><D3/><U105/><E39/><V23/><F23/><W101/><G101/><T59/><D9/><U14/><E27/><V131/><F131/><W83/><G83/><T29/><D17/><U11/><E11/><V43/><F81/><W35/><G35/><T100/><D100/><U72/><E102/><V95/><F55/><W132/><G132/><T13/><D13/><U111/><E82/><V36/><F54/><W134/><G134/><T99/><REACH who="0" step="1"/><D76/><REACH who="0" ten="137,202,372,279" step="2"/><U28/><E111/><V121/><F79/><W12/><G12/><T10/><D10/><U7/><E14/><V2/><F78/><W129/><G129/><T26/><D26/><U91/><E16/><V67/><F2/><W19/><G19/><T98/><D98/><U34/><E22/><V73/><F97/><W92/><G92/><T84/><D84/><AGARI ba="0,1" hai="37,41,44,77,80,84,106,107" m="47626,43019" machi="84" ten="30,7700,0" yaku="15,1,11,1,18,1,52,1" doraHai="75" who="3" fromWho="0" sc="137,-77,202,0,372,0,279,87" /><INIT seed="7,0,0,2,2,39" ten="60,202,372,366" oya="3" hai0="60,48,2,8,120,107,95,24,84,27,119,100,99" hai1="19,101,75,103,72,20,106,133,16,7,88,81,128" hai2="96,42,63,116,40,31,98,64,23,109,71,12,3" hai3="0,111,121,76,92,90,97,105,115,46,35,91,28"/><W25/><G121/><T10/><D120/><U21/><E128/><V34/><F109/><W87/><G0/><T80/><D119/><U59/><E133/><V56/><F3/><W43/><G115/><T94/><D2/><U79/><E7/><V130/><F116/><W117/><G117/><T93/><D60/><U113/><E113/><V123/><F123/><W26/><G111/><T33/><D33/><U127/><E127/><V89/><F34/><W82/><G105/><T110/><D110/><U129/><E129/><V112/><F130/><W30/><G26/><T86/><D48/><U132/><E106/><V62/><F112/><W67/><G67/><T61/><D61/><U37/><E37/><V118/><F118/><W83/><G30/><T108/><D108/><U122/><E75/><V44/><F89/><W73/><G83/><T50/><D50/><U41/><E88/><V38/><F42/><W55/><G55/><T14/><D95/><U125/><E81/><V131/><F131/><W66/><G66/><T65/><D65/><U135/><E125/><V22/><F31/><W102/><G73/><T29/><D107/><U104/><E72/><V51/><F38/><AGARI ba="0,0" hai="25,28,35,38,43,46,76,82,87,90,91,92,97,102" machi="38" ten="30,2900,0" yaku="7,1,52,1" doraHai="39" who="3" fromWho="2" sc="60,0,202,0,372,-29,366,29" owari="60,-44.0,202,-19.8,343,14.3,395,49.5" /></mjloggm>