<mjloggm ver="2.3"><GO type="169" lobby="0"/><UN n0="%E3%82%B5%E3%83%AF%E3%83%B3%E3%82%B3%E3%83%95" n1="%E3%82%AD%E3%83%B3%E3%82%B0%E3%81%82%E3%81%A4%E3%81%97" n2="%E7%9C%9F%E4%B8%80" n3="%72%61%69%32%31%31" dan="16,16,17,16" rate="2188.75,2174.86,2258.61,2154.40" sx="M,M,M,M"/><TAIKYOKU oya="0"/><INIT seed="0,0,0,0,4,105" ten="250,250,250,250" oya="0" hai0="85,93,124,50,96,115,90,84,30,27,108,34,109" hai1="107,41,122,45,37,52,75,12,14,116,35,25,78" hai2="104,110,38,72,126,67,89,24,9,77,106,81,57" hai3="10,83,70,20,92,31,15,54,97,48,47,69,1"/><T0/><D115/><U125/><E116/><V23/><F38/><W121/><G121/><T113/><D113/><U6/><E122/><V21/><F110/><N who="0" m="42602" /><D0/><U127/><E107/><V55/><F126/><N who="1" m="48137" /><E6/><V2/><F67/><W19/><G83/><T62/><D124/><U44/><E35/><V39/><F39/><W28/><G1/><T132/><D132/><U5/><E25/><V134/><F134/><W118/><G118/><T3/><D3/><U99/><E99/><V80/><F23/><W49/><G49/><T16/><D62/><U73/><E5/><V33/><F33/><W66/><G66/><T61/><D61/><U87/><E87/><N who="0" m="33353" /><D50/><N who="1" m="28751" /><E78/><V42/><F2/><W114/><G114/><T18/><AGARI ba="0,0" hai="16,18,27,30,34,90,93,96" m="33353,42602" machi="18" ten="30,6000,0" yaku="14,1,10,1,54,1" doraHai="105" who="0" fromWho="0" sc="250,60,250,-20,250,-20,250,-20" /><INIT seed="0,1,0,5,4,46" ten="310,230,230,230" oya="0" hai0="51,27,65,16,35,43,109,20,75,73,6,120,15" hai1="32,80,47,38,3,84,25,28,83,54,61,68,92" hai2="126,42,124,14,29,44,134,85,81,50,72,107,12" hai3="66,33,11,90,77,56,78,105,102,58,55,131,21"/><T59/><D120/><U41/><E3/><V24/><F107/><W133/><G33/><T103/><D109/><U106/><E106/><V116/><F72/><W8/><G131/><T17/><D103/><U113/><E113/><V117/><F134/><W45/><G133/><T52/><D6/><U132/><E132/><V7/><F24/><W87/><G102/><T74/><D43/><U114/><E114/><V26/><F26/><W119/><G105/><T13/><D65/><U128/><E128/><V23/><F23/><W129/><G119/><N who="2" m="45641" /><F29/><W97/><G129/><T108/><D108/><U112/><E112/><V91/><F7/><W18/><G97/><T76/><D35/><U100/><E100/><V95/><F81/><W123/><G123/><T30/><REACH who="0" step="1"/><D76/><REACH who="0" ten="300,230,230,230" step="2"/><U89/><E41/><V122/><F122/><W99/><G78/><T127/><D127/><AGARI ba="1,1" hai="12,14,42,44,50,85,91,95,124,126,127" m="45641" machi="127" ten="30,3900,0" yaku="18,1,12,1,52,1" doraHai="46" who="2" fromWho="0" sc="300,-42,230,0,230,52,230,0" /><INIT seed="1,0,0,4,4,86" ten="258,230,282,230" oya="1" hai0="118,50,101,61,62,108,110,33,92,51,105,84,131" hai1="85,4,66,97,21,25,122,121,11,54,67,31,100" hai2="6,130,22,43,65,24,38,128,124,59,7,106,113" hai3="63,109,81,94,82,60,26,16,32,71,46,98,49"/><U52/><E121/><V17/><F106/><W1/><G1/><T12/><D118/><U114/><E114/><V37/><F113/><W36/><G36/><N who="2" m="13929" /><F43/><W80/><G109/><N who="0" m="42091" /><D33/><U79/><E122/><V91/><F124/><W96/><G32/><T2/><D2/><U93/><E67/><V72/><F72/><W8/><G71/><T123/><D131/><N who="2" m="50218" /><F91/><W47/><G47/><T125/><D105/><U10/><E66/><V23/><F22/><N who="3" m="13639" /><G8/><N who="1" m="3114" /><E4/><V135/><F135/><W27/><G27/><T68/><D125/><U88/><E79/><V103/><F103/><N who="3" m="60823" /><G98/><T34/><D101/><U58/><E58/><V127/><F127/><W56/><G56/><T64/><D123/><U39/><E39/><V55/><F65/><W126/><G126/><T48/><D64/><U107/><E107/><V117/><F117/><W69/><G69/><T95/><D68/><U90/><E100/><V116/><F116/><W78/><G78/><T132/><D132/><U30/><E30/><V74/><F74/><W112/><G112/><T28/><D34/><U120/><E120/><V57/><F57/><W129/><G129/><T76/><D28/><U99/><E99/><V102/><F102/><W89/><G89/><N who="0" m="53287" /><D76/><U9/><N who="1" m="3122" /><U20/><DORA hai="83" /><E20/><V77/><F77/><W41/><AGARI ba="0,0" hai="41,46,49,60,63,80,81,82" m="60823,13639" machi="41" ten="30,2000,0" yaku="8,1,54,1" doraHai="86,83" who="3" fromWho="3" sc="258,-5,230,-10,282,-5,230,20" /><INIT seed="2,0,0,5,2,58" ten="253,220,277,250" oya="2" hai0="115,46,92,38,14,24,3,100,65,68,76,0,82" hai1="37,4,22,7,20,128,94,44,47,5,84,69,90" hai2="6,75,118,11,103,15,132,21,9,54,109,87,72" hai3="81,123,17,48,26,28,70,126,73,127,110,95,113"/><V104/><F118/><W106/><G123/><T80/><D115/><U23/><E69/><V63/><F132/><W77/><G106/><T2/><D14/><U8/><E37/><V40/><F40/><W57/><G70/><T102/><D92/><U41/><E128/><V74/><F109/><W79/><G110/><T35/><D82/><U55/><E41/><V18/><F87/><W64/><G113/><T10/><D10/><U25/><E8/><V105/><F103/><W27/><G79/><T124/><D124/><N who="3" m="47657" /><G17/><T71/><D71/><U99/><E55/><V125/><F125/><W56/><G95/><T88/><D46/><N who="1" m="17451" /><E84/><V66/><F54/><N who="3" m="31815" /><G28/><AGARI ba="0,0" hai="4,5,7,20,22,23,25,28,90,94,99" m="17451" machi="28" ten="30,1000,0" yaku="8,1" doraHai="58" who="1" fromWho="3" sc="253,0,220,10,277,0,250,-10" /><INIT seed="3,0,0,2,5,2" ten="253,230,277,240" oya="3" hai0="14,36,25,7,110,131,99,93,32,46,80,21,64" hai1="86,42,90,47,62,34,118,77,113,60,125,17,81" hai2="127,18,39,37,74,97,83,112,20,30,95,117,71" hai3="12,13,73,49,55,72,128,61,134,96,3,122,70"/><W78/><G122/><T94/><D110/><U0/><E113/><V4/><F71/><W6/><G128/><T23/><D131/><U82/><E34/><V89/><F117/><W132/><G96/><T79/><D64/><U35/><E35/><V5/><F112/><W98/><G98/><T121/><D121/><U58/><E125/><V10/><F30/><W104/><G104/><T66/><D66/><U111/><E111/><V31/><F31/><W16/><G3/><T130/><D130/><U135/><E135/><N who="3" m="51754" /><G70/><T59/><D59/><U76/><E0/><V115/><F115/><W101/><G101/><T108/><D108/><U129/><E118/><V107/><F107/><W27/><G61/><T26/><D99/><U1/><E1/><V33/><F127/><W29/><G78/><T40/><D32/><U123/><E123/><V87/><F33/><N who="3" m="20671" /><G12/><T102/><D102/><U28/><E77/><V56/><F74/><W9/><G16/><T116/><D116/><U24/><E17/><V65/><F10/><W100/><G100/><T68/><D68/><U63/><E129/><V15/><F39/><W124/><G124/><T67/><D79/><U54/><E24/><V38/><F37/><W114/><G114/><T43/><D25/><U133/><E28/><V75/><F38/><W84/><G84/><T120/><D26/><U50/><REACH who="1" step="1"/><E133/><REACH who="1" ten="253,220,277,240" step="2"/><V57/><F75/><AGARI ba="0,1" hai="42,47,50,54,58,60,62,63,75,76,81,82,86,90" machi="75" ten="30,7700,0" yaku="1,1,2,1,7,1,53,1" doraHai="2" doraHaiUra="48" who="1" fromWho="2" sc="253,0,220,87,277,-77,240,0" /><INIT seed="4,0,0,1,4,78" ten="253,307,200,240" oya="0" hai0="61,29,32,15,100,129,94,86,105,11,38,127,57" hai1="117,89,76,65,36,59,48,121,70,35,67,33,55" hai2="134,28,4,14,95,30,74,19,82,92,106,64,80" hai3="71,49,124,77,102,31,103,118,128,27,131,122,90"/><T99/><D129/><N who="3" m="49737" /><G71/><T24/><D127/><U26/><E121/><V40/><F106/><W18/><G118/><T13/><D38/><U112/><E117/><V50/><F134/><W41/><G124/><T69/><D69/><U46/><E76/><V56/><F4/><W88/><G122/><T81/><D105/><U107/><E107/><V66/><F74/><W39/><G39/><T17/><D11/><U114/><E89/><N who="3" m="34410" /><G18/><T42/><D42/><N who="1" m="22855" /><E26/><V73/><F73/><W98/><G77/><T72/><D72/><U22/><E22/><V111/><F111/><W79/><G79/><T116/><D116/><U115/><E70/><V51/><F40/><W10/><G10/><T91/><REACH who="0" step="1"/><D17/><REACH who="0" ten="243,307,200,240" step="2"/><U21/><E112/><V52/><F19/><W43/><G43/><T108/><D108/><U6/><E114/><V12/><REACH who="2" step="1"/><F56/><REACH who="2" ten="243,307,190,240" step="2"/><W135/><G135/><T16/><D16/><U110/><E59/><V53/><AGARI ba="0,2" hai="12,14,28,30,50,51,52,53,64,66,80,82,92,95" machi="53" ten="25,16000,3" yaku="1,1,2,1,0,1,22,2,8,1,52,2,54,1,53,0" doraHai="78" doraHaiUra="113" who="2" fromWho="2" sc="243,-80,307,-40,190,180,240,-40" /><INIT seed="5,0,0,4,2,26" ten="163,267,370,200" oya="1" hai0="125,33,57,17,67,101,100,96,60,65,86,121,106" hai1="19,29,47,18,2,52,7,11,124,105,34,13,133" hai2="135,12,103,50,75,128,93,35,22,134,81,91,70" hai3="32,88,1,5,123,90,20,49,69,27,97,116,110"/><U21/><E105/><V41/><F70/><W3/><G123/><T74/><D125/><U0/><E133/><N who="2" m="50699" /><F35/><W84/><G110/><T119/><D119/><U111/><E124/><V54/><F41/><W59/><G69/><T24/><D121/><U122/><E122/><V117/><F103/><W51/><G32/><T71/><D74/><U10/><E111/><V126/><F128/><W31/><G116/><T15/><D101/><U80/><E80/><V25/><F12/><W130/><G130/><T109/><D109/><U63/><E0/><V98/><F117/><W129/><G129/><T8/><D67/><U48/><E63/><V89/><F126/><W56/><G1/><T55/><D86/><U61/><E61/><V127/><F127/><W62/><G5/><T92/><D55/><U113/><E113/><V28/><F75/><W16/><G3/><T38/><D38/><U39/><E39/><V102/><F81/><N who="3" m="49167" /><G97/><T114/><D114/><U79/><E79/><V68/><F68/><W73/><G73/><T58/><REACH who="0" step="1"/><D92/><REACH who="0" ten="153,267,370,200" step="2"/><U104/><E104/><V44/><AGARI ba="0,1" hai="22,25,28,44,50,54,89,91,93,98,102" m="50699" machi="44" ten="30,2000,0" yaku="20,1,52,1" doraHai="26" who="2" fromWho="2" sc="153,-5,267,-10,370,30,200,-5" /><INIT seed="6,0,0,5,3,65" ten="148,257,400,195" oya="2" hai0="11,71,28,32,9,100,96,85,7,92,22,74,109" hai1="131,47,58,29,67,50,70,89,82,23,76,120,126" hai2="4,33,40,1,129,5,8,41,77,2,12,94,10" hai3="97,133,72,122,3,64,130,117,55,53,21,99,37"/><V59/><F129/><W75/><G117/><T125/><D109/><U95/><E70/><V80/><F33/><W26/><G122/><T60/><D74/><U20/><E126/><V42/><F94/><W44/><G3/><T127/><D32/><U18/><E29/><V57/><REACH who="2" step="1"/><F12/><REACH who="2" ten="148,257,390,195" step="2"/><W16/><G130/><T111/><D111/><U103/><E95/><V87/><AGARI ba="0,1" hai="1,2,4,5,8,10,40,41,42,57,59,77,80,87" machi="87" ten="30,11700,0" yaku="1,1,2,1,0,1,9,1,53,0" doraHai="65" doraHaiUra="119" who="2" fromWho="2" sc="148,-39,257,-39,390,127,195,-39" /><INIT seed="6,1,0,2,3,42" ten="109,218,517,156" oya="2" hai0="53,17,99,21,52,125,119,81,80,57,69,45,44" hai1="134,92,110,1,123,12,67,74,73,98,0,77,130" hai2="102,131,135,25,75,63,116,11,6,27,55,18,59" hai3="61,35,54,122,109,31,10,34,19,82,43,39,58"/><V112/><F75/><W101/><G122/><T9/><D69/><U132/><E110/><V90/><F116/><W129/><G109/><T22/><D125/><U71/><E130/><V66/><F112/><W88/><G129/><T127/><D127/><U78/><E67/><V5/><F102/><W3/><G101/><T68/><D68/><U23/><E71/><V115/><F115/><W118/><G118/><T14/><D119/><U38/><E38/><V60/><F135/><N who="1" m="51753" /><E123/><V2/><F131/><W26/><G35/><T124/><D124/><U46/><E46/><N who="0" m="18025" /><D99/><U40/><E40/><V84/><F18/><W48/><G39/><T126/><D126/><U7/><E23/><N who="0" m="8713" /><D53/><U128/><E74/><V72/><F72/><W83/><G43/><T51/><AGARI ba="1,0" hai="9,14,17,51,52,57,80,81" m="8713,18025" machi="51" ten="30,8000,1" yaku="8,1,52,3,54,1" doraHai="42" who="0" fromWho="0" sc="109,83,218,-21,517,-41,156,-21" /><INIT seed="7,0,0,5,0,117" ten="192,197,476,135" oya="3" hai0="2,9,15,109,89,70,112,19,129,41,120,17,52" hai1="67,14,11,80,1,110,47,63,84,55,27,23,3" hai2="66,116,79,87,46,107,7,56,40,38,12,65,128" hai3="32,58,103,125,21,53,97,121,0,90,95,82,74"/><W134/><G32/><T114/><D109/><U54/><E110/><V50/><F116/><W34/><G34/><T86/><D70/><U105/><E105/><V93/><F107/><W122/><G0/><T106/><D106/><U49/><E3/><V132/><F132/><W99/><G134/><T25/><D2/><U94/><E94/><V13/><F128/><W78/><G125/><T68/><D68/><U71/><E1/><V131/><F38/><W92/><REACH who="3" step="1"/><G21/><REACH who="3" ten="192,197,476,125" step="2"/><N who="0" m="13487" /><D129/><U81/><E23/><V64/><F131/><W100/><G100/><T51/><D120/><U16/><E27/><V37/><F66/><W123/><G123/><T73/><D73/><U39/><E39/><V59/><F65/><W61/><AGARI ba="0,1" hai="53,58,61,74,78,82,90,92,95,97,99,103,121,122" machi="61" ten="20,18000,2" yaku="1,1,0,1,7,1,52,2,53,2" doraHai="117" doraHaiUra="118" who="3" fromWho="3" sc="192,-60,197,-60,476,-60,125,190" /><INIT seed="7,1,0,3,5,4" ten="132,137,416,315" oya="3" hai0="75,112,17,95,96,131,5,68,82,90,37,61,55" hai1="2,83,65,120,134,113,107,14,12,121,80,66,88" hai2="38,63,72,19,108,11,106,15,133,13,20,123,64" hai3="111,128,69,71,16,40,27,25,105,84,102,74,101"/><W52/><G74/><T42/><D131/><U81/><E2/><V0/><F38/><W129/><G40/><T34/><D34/><U3/><E3/><V22/><F108/><W97/><G111/><T8/><D112/><U115/><E107/><V50/><F106/><W7/><G7/><T92/><D17/><U36/><E36/><V110/><F0/><W58/><G84/><T39/><D42/><U62/><E88/><V109/><F133/><W70/><G102/><T26/><D26/><U35/><E35/><V48/><F22/><W130/><REACH who="3" step="1"/><G16/><REACH who="3" ten="132,137,416,305" step="2"/><T24/><D37/><U30/><E115/><V76/><F72/><W57/><G57/><T122/><D39/><U104/><E113/><V29/><F110/><W54/><G54/><T98/><D24/><U135/><E135/><V77/><F109/><W45/><G45/><T60/><D55/><U119/><E134/><V18/><F19/><W43/><G43/><T89/><D68/><U31/><E121/><V6/><F123/><W21/><G21/><T93/><D122/><U117/><E120/><V59/><F29/><W10/><G10/><T91/><D75/><U51/><E31/><V85/><F85/><W126/><G126/><T46/><D46/><U124/><E30/><V125/><F125/><W132/><G132/><T86/><D95/><U79/><E124/><V127/><F127/><W100/><G100/><T99/><D99/><U118/><E104/><V28/><F28/><W78/><G78/><AGARI ba="1,1" hai="6,11,13,15,18,20,48,50,59,63,64,76,77,78" machi="78" ten="40,2600,0" yaku="8,1,52,1" doraHai="4" who="2" fromWho="3" sc="132,0,137,0,416,39,305,-29" owari="132,-36.8,137,-26.3,455,55.5,276,7.6" /></mjloggm>