<mjloggm ver="2.3"><GO type="225" lobby="0"/><UN n0="%E3%82%A2%E3%83%9E%E3%83%9D%EF%BD%9E%EF%BD%9E%E3%83%A9" n1="%EF%BC%AE%EF%BC%A1%EF%BC%AF%33%33%39" n2="%E5%8D%A0%E3%81%84%E5%B8%AB%E8%A3%8F%E3%81%AA%E3%81%84%E3%81%97" n3="%70%68%65%6E%6F%6D%65" dan="17,16,17,16" rate="2122.46,2138.71,2186.62,2194.00" sx="M,M,M,M"/><TAIKYOKU oya="0"/><INIT seed="0,0,0,4,5,16" ten="250,250,250,250" oya="0" hai0="68,102,15,13,130,80,47,79,95,72,128,112,105" hai1="29,28,67,53,34,129,110,59,36,32,65,27,69" hai2="20,17,60,125,98,6,108,8,64,26,84,100,115" hai3="131,120,78,49,117,35,134,133,41,104,94,101,86"/><T24/><D112/><U23/><E36/><V111/><F125/><W57/><G35/><T90/><D68/><U38/><E38/><V118/><F115/><W97/><G117/><T83/><D47/><U106/><E106/><V71/><F84/><W92/><G41/><T18/><D83/><U62/><E110/><V113/><F118/><W114/><G49/><T81/><D81/><U33/><E129/><N who="0" m="49769" /><D102/><U11/><E11/><V119/><F119/><W123/><G57/><T0/><D0/><U61/><REACH who="1" step="1"/><E67/><REACH who="1" ten="250,240,250,250" step="2"/><V3/><REACH who="2" step="1"/><F113/><REACH who="2" ten="250,240,240,250" step="2"/><W63/><G114/><T12/><D105/><AGARI ba="0,2" hai="3,6,8,17,20,26,60,64,71,98,100,105,108,111" machi="105" ten="40,8000,1" yaku="1,1,2,1,52,1,53,1" doraHai="16" doraHaiUra="2" who="2" fromWho="0" sc="250,-80,240,0,240,100,250,0" /><INIT seed="1,0,0,0,3,76" ten="170,240,340,250" oya="1" hai0="108,33,85,35,92,109,17,5,113,88,118,93,26" hai1="101,87,78,4,19,34,91,74,29,123,128,112,62" hai2="45,124,130,60,119,8,15,68,111,89,67,94,38" hai3="11,69,90,73,121,27,53,22,105,52,70,77,83"/><U132/><E112/><V30/><F119/><W110/><G121/><T7/><D118/><U103/><E123/><V54/><F111/><N who="0" m="42570" /><D113/><U64/><E4/><N who="0" m="1609" /><D93/><U65/><E65/><V79/><F130/><W56/><G105/><T25/><D17/><U51/><E128/><V9/><F30/><W133/><G133/><T37/><D37/><U107/><E107/><V21/><F124/><W47/><G11/><T58/><D58/><U0/><E0/><V24/><F79/><W72/><G110/><T98/><D98/><U59/><E132/><V40/><F15/><W120/><G120/><T96/><D96/><U129/><E129/><V97/><F54/><W39/><G69/><T46/><D46/><U50/><E19/><V44/><F45/><W122/><G70/><T57/><D57/><U71/><E71/><V134/><F134/><W102/><G102/><T13/><D13/><U106/><E106/><V126/><F126/><W16/><G122/><T100/><D100/><U43/><E101/><V63/><F68/><W1/><G1/><T115/><D115/><U75/><E103/><V131/><F131/><W86/><G56/><T125/><D125/><U81/><E59/><N who="2" m="37279" /><F63/><W104/><G104/><T23/><D23/><U127/><E127/><V61/><F61/><W116/><G116/><T32/><AGARI ba="0,0" hai="25,26,32,33,35,85,88,92" m="1609,42570" machi="32" ten="40,2700,0" yaku="14,1,54,1" doraHai="76" who="0" fromWho="0" sc="170,27,240,-13,340,-7,250,-7" /><INIT seed="2,0,0,5,0,70" ten="197,227,333,243" oya="2" hai0="52,47,12,42,81,105,85,56,63,100,22,8,32" hai1="109,92,108,76,58,107,53,35,54,119,5,48,118" hai2="129,18,44,120,97,4,25,95,41,115,62,17,69" hai3="96,128,23,60,13,10,39,133,31,124,131,2,94"/><V37/><F115/><W38/><G124/><T91/><D32/><U132/><E107/><V29/><F120/><W27/><G2/><T46/><D105/><U90/><E35/><V57/><F4/><N who="3" m="3271" /><G60/><T130/><D130/><N who="3" m="49705" /><G133/><T103/><D22/><U110/><E132/><V134/><F69/><W36/><G94/><T59/><D59/><U6/><E76/><V72/><F72/><W113/><G96/><T88/><D91/><U15/><E54/><V45/><F45/><N who="0" m="16906" /><D42/><U127/><E127/><V74/><F74/><W33/><G33/><T126/><D126/><U77/><E77/><V19/><F134/><W122/><G122/><T135/><D135/><U14/><E14/><V123/><F123/><W50/><G50/><T3/><D3/><U87/><REACH who="1" step="1"/><E15/><REACH who="1" ten="197,217,333,243" step="2"/><V0/><F129/><W67/><G113/><T43/><D43/><U83/><E83/><V82/><F82/><W116/><G67/><T112/><D112/><U89/><E89/><V9/><F0/><W73/><G73/><T98/><D98/><U1/><E1/><V121/><F121/><W65/><G65/><T86/><D86/><U84/><E84/><V40/><F97/><W55/><G55/><T106/><D106/><U125/><E125/><V11/><F25/><W21/><G23/><T80/><D80/><U117/><AGARI ba="0,1" hai="5,6,48,53,58,87,90,92,108,109,110,117,118,119" machi="117" ten="40,5200,0" yaku="1,1,0,1,14,1,53,0" doraHai="70" doraHaiUra="7" who="1" fromWho="1" sc="197,-13,217,62,333,-26,243,-13" /><INIT seed="3,0,0,4,3,123" ten="184,279,307,230" oya="3" hai0="23,75,119,29,66,86,80,20,131,107,28,18,120" hai1="125,102,88,110,112,16,30,111,127,94,54,97,53" hai2="71,38,69,72,27,50,108,61,83,87,33,64,117" hai3="103,48,4,45,9,113,43,76,7,15,116,35,134"/><W57/><G113/><T47/><D120/><U124/><E112/><V51/><F108/><N who="1" m="41513" /><E30/><V24/><F38/><W59/><G134/><T25/><D119/><U62/><E62/><V21/><F72/><W126/><G126/><T11/><D131/><U81/><E16/><V46/><F117/><W1/><G35/><T8/><D107/><N who="1" m="63951" /><E81/><V91/><F69/><W44/><G116/><T100/><D100/><U95/><E95/><V3/><F3/><W132/><G103/><T32/><D75/><U74/><E74/><V56/><F71/><W104/><G1/><T49/><D66/><U6/><E6/><V77/><F77/><W36/><G4/><T68/><D68/><U89/><E89/><V133/><F133/><W22/><G104/><T55/><D32/><U114/><E114/><V63/><F61/><W39/><G76/><T84/><D29/><U98/><AGARI ba="0,0" hai="53,54,88,94,98,124,125,127" m="63951,41513" machi="98" ten="40,12000,2" yaku="18,1,14,1,52,3,54,1" doraHai="123" who="1" fromWho="1" sc="184,-30,279,120,307,-30,230,-60" owari="154,-34.6,399,49.9,277,7.7,170,-23.0" /></mjloggm>