<mjloggm ver="2.3"><GO type="169" lobby="0"/><UN n0="%70%6F%72%66%65%76%72%65" n1="%E6%95%97%E5%8C%97%E8%80%85%E3%81%AD%E3%82%8B" n2="%E3%81%BB%E3%81%A3%E3%81%A1%E3%82%83%E3%82%93" n3="%E6%9C%A8%E5%8E%9F%E8%B1%AA%E4%B8%80" dan="16,17,17,16" rate="2152.91,2160.33,2186.17,2161.64" sx="M,F,F,M"/><TAIKYOKU oya="0"/><INIT seed="0,0,0,5,4,95" ten="250,250,250,250" oya="0" hai0="122,84,128,50,124,3,90,39,58,106,69,115,26" hai1="29,127,129,133,116,7,25,88,44,10,2,134,103" hai2="80,4,112,109,12,89,64,74,68,110,85,91,16" hai3="31,104,97,71,18,43,45,102,101,17,118,19,52"/><T59/><D122/><U135/><E116/><V65/><F112/><W114/><G114/><T54/><D3/><U38/><E129/><V82/><F4/><W99/><G118/><T30/><D69/><U42/><E127/><V131/><F131/><W77/><G71/><T40/><D124/><U35/><E103/><V60/><F65/><W123/><G123/><T1/><D1/><U22/><E22/><V120/><F120/><W92/><G77/><T37/><D106/><U9/><E9/><V28/><F28/><W56/><G31/><T49/><D115/><U5/><E5/><V78/><REACH who="2" step="1"/><F89/><AGARI ba="0,0" hai="2,7,10,25,29,35,38,42,44,88,89,133,134,135" machi="89" ten="40,2600,0" yaku="20,1,54,1" doraHai="95" who="1" fromWho="2" sc="250,0,250,26,250,-26,250,0" /><INIT seed="1,0,0,0,3,78" ten="250,276,224,250" oya="1" hai0="113,7,18,60,4,8,61,64,125,79,19,82,6" hai1="76,110,116,34,11,25,117,5,67,59,2,24,35" hai2="58,129,103,14,94,3,33,81,32,105,37,122,92" hai3="90,120,30,15,26,36,114,88,42,23,50,102,89"/><U73/><E67/><V77/><F3/><W71/><G71/><T106/><D106/><U39/><E39/><V104/><F122/><W54/><G114/><T109/><D113/><U133/><E59/><V135/><F135/><W1/><G1/><T121/><D121/><U127/><E76/><V123/><F123/><W46/><G120/><T9/><D109/><U0/><E73/><V69/><F69/><W97/><G15/><T51/><D51/><U126/><E133/><V80/><F14/><W41/><REACH who="3" step="1"/><G36/><REACH who="3" ten="250,276,224,240" step="2"/><T63/><D125/><N who="1" m="47627" /><E0/><V53/><F37/><W100/><G100/><T55/><D64/><U86/><E110/><V47/><F103/><W28/><G28/><T124/><D124/><U112/><E112/><V16/><F129/><W111/><G111/><T43/><D43/><U99/><E99/><V21/><F53/><W118/><G118/><N who="1" m="45674" /><E86/><V101/><F101/><W74/><G74/><T12/><D55/><U27/><AGARI ba="0,1" hai="2,5,11,24,25,27,34,35" m="45674,47627" machi="27" ten="40,7800,0" yaku="18,1,34,2" doraHai="78" who="1" fromWho="1" sc="250,-26,276,88,224,-26,240,-26" /><INIT seed="1,1,0,1,4,83" ten="224,364,198,214" oya="1" hai0="106,79,117,124,25,125,1,85,129,122,81,90,69" hai1="16,57,58,94,5,2,93,15,75,4,20,63,23" hai2="112,62,123,50,14,119,80,131,73,46,109,42,11" hai3="115,45,41,29,74,51,37,107,0,82,66,114,43"/><U53/><E75/><V97/><F119/><W33/><G107/><T118/><D1/><U56/><E2/><V78/><F123/><W113/><G66/><T36/><D36/><U87/><E23/><V130/><F109/><W39/><G51/><T126/><D25/><U101/><E94/><V100/><F62/><W9/><G43/><T111/><D69/><U70/><E70/><V55/><F55/><W54/><G54/><T96/><D111/><U19/><E19/><V127/><F112/><W95/><G95/><N who="0" m="56439" /><D129/><U28/><E28/><V18/><REACH who="2" step="1"/><F127/><REACH who="2" ten="224,364,188,214" step="2"/><W105/><G115/><T17/><D122/><U99/><E63/><V30/><F30/><W32/><G29/><T71/><D71/><U77/><E53/><V98/><F98/><W13/><G114/><T24/><D118/><U103/><REACH who="1" step="1"/><E101/><REACH who="1" ten="224,354,188,214" step="2"/><V86/><F86/><W92/><G113/><T135/><D117/><U84/><E84/><V60/><F60/><W8/><G74/><T44/><D125/><U91/><E91/><V121/><F121/><W110/><G110/><T6/><D124/><U102/><E102/><V49/><F49/><W88/><G88/><T134/><D126/><U132/><E132/><V47/><F47/><W48/><G48/><T52/><D44/><U65/><E65/><V104/><AGARI ba="1,2" hai="11,14,18,42,46,50,73,78,80,97,100,104,130,131" machi="104" ten="30,2000,0" yaku="1,1,0,1,53,0" doraHai="83" doraHaiUra="133" who="2" fromWho="2" sc="224,-6,354,-11,188,43,214,-6" /><INIT seed="2,0,0,5,2,123" ten="218,343,231,208" oya="2" hai0="85,134,47,70,17,8,38,126,80,75,41,27,18" hai1="60,130,69,10,86,11,62,121,16,66,63,23,81" hai2="49,78,55,65,72,117,5,33,34,56,28,116,51" hai3="76,114,3,57,32,133,24,29,107,119,82,74,36"/><V26/><F34/><W87/><G119/><T19/><D126/><U84/><E121/><V12/><F65/><W50/><G36/><T68/><D134/><U43/><E130/><V88/><F72/><W90/><G3/><T101/><D101/><U91/><E43/><V118/><F78/><W45/><G133/><T132/><D132/><U64/><E84/><V25/><F25/><W111/><G107/><T122/><D122/><U2/><E2/><V92/><F49/><W89/><G114/><T95/><D95/><U115/><E115/><V9/><REACH who="2" step="1"/><F117/><REACH who="2" ten="218,343,221,208" step="2"/><W42/><G74/><T131/><D75/><U13/><REACH who="1" step="1"/><E60/><REACH who="1" ten="218,333,221,208" step="2"/><V61/><F61/><W135/><G135/><T53/><D131/><U0/><E0/><V97/><AGARI ba="0,2" hai="5,9,12,26,28,33,51,55,56,88,92,97,116,118" machi="97" ten="20,7800,0" yaku="1,1,0,1,7,1,54,1,53,0" doraHai="123" doraHaiUra="96" who="2" fromWho="2" sc="218,-26,333,-26,221,98,208,-26" /><INIT seed="2,1,0,1,5,109" ten="192,307,319,182" oya="2" hai0="121,90,70,56,1,106,41,59,0,76,134,16,52" hai1="75,87,61,24,36,17,67,13,54,33,129,39,21" hai2="69,114,125,78,34,91,29,48,107,40,127,22,95" hai3="12,124,62,28,63,102,49,108,100,117,44,111,96"/><V47/><F34/><W3/><G3/><T2/><D70/><U94/><E75/><V64/><F107/><W97/><G117/><T19/><D106/><U104/><E104/><V31/><F78/><W30/><G12/><T15/><D76/><U101/><E129/><V82/><F82/><W68/><G68/><T73/><D73/><U55/><E39/><V53/><F40/><W131/><G49/><T120/><D41/><U25/><E36/><V135/><F135/><W45/><REACH who="3" step="1"/><G124/><REACH who="3" ten="192,307,319,172" step="2"/><T42/><D15/><U98/><E13/><V6/><F69/><W18/><G18/><T46/><D121/><U50/><E50/><V38/><F38/><W60/><G60/><T27/><D120/><U58/><E25/><V85/><F125/><W93/><G93/><T112/><D27/><U57/><E33/><V77/><F95/><W51/><G51/><T88/><D1/><U7/><E7/><V79/><F6/><W116/><G116/><T99/><D2/><U92/><E57/><V122/><F48/><W103/><G103/><T32/><D0/><U119/><E119/><V133/><F127/><W126/><G126/><T130/><D32/><U113/><E113/><V11/><F122/><W115/><G115/><T10/><D112/><U35/><E35/><V80/><F114/><W66/><G66/><T89/><D59/><U8/><E8/><V81/><F11/><W105/><G105/><T37/><D10/><U84/><E92/><N who="2" m="54383" /><F64/><W72/><G72/><T65/><D65/><U5/><E5/><V86/><F47/><W74/><G74/><T14/><D46/><RYUUKYOKU ba="1,1" sc="192,-15,307,15,319,-15,172,15" hai1="17,21,24,54,55,58,61,67,84,87,94,98,101" hai3="28,30,44,45,62,63,96,97,100,102,108,111,131" /><INIT seed="3,2,1,3,1,61" ten="177,322,304,187" oya="3" hai0="16,121,77,88,82,57,90,134,66,87,29,94,74" hai1="132,102,17,32,83,71,86,47,22,110,27,2,131" hai2="51,120,130,6,105,55,8,76,125,38,116,40,124" hai3="26,56,18,100,9,115,50,118,54,49,67,41,37"/><W103/><G115/><T62/><D121/><U107/><E71/><V69/><F116/><W70/><G118/><T33/><D134/><U108/><E2/><V19/><F120/><W10/><G37/><T48/><D33/><U65/><E132/><V75/><F130/><W109/><G109/><N who="1" m="42090" /><E131/><V99/><F19/><W13/><G26/><T85/><D29/><U7/><E7/><V106/><F69/><W114/><G114/><T60/><D60/><U59/><E32/><V123/><F123/><W42/><G70/><T14/><D48/><U122/><E47/><N who="2" m="23959" /><F99/><W126/><G67/><T43/><D43/><N who="3" m="16393" /><G126/><N who="2" m="48745" /><F75/><W98/><G98/><T3/><D3/><U0/><E0/><N who="2" m="71" /><F76/><W97/><G97/><T84/><D90/><N who="1" m="51551" /><E122/><V127/><F127/><W45/><G10/><AGARI ba="2,1" hai="10,14,16,57,62,66,74,77,82,84,85,87,88,94" machi="10" ten="30,7700,0" yaku="7,1,52,1,54,2" doraHai="61" who="0" fromWho="3" sc="177,93,322,0,304,0,187,-83" /><INIT seed="4,0,0,3,0,12" ten="270,322,304,104" oya="0" hai0="125,103,81,8,54,35,31,127,43,83,59,53,74" hai1="113,32,104,71,27,49,60,135,87,97,38,52,34" hai2="84,61,37,22,100,99,101,75,44,131,130,4,11" hai3="36,17,96,24,29,13,14,66,85,56,46,72,3"/><T82/><D74/><U79/><E38/><V118/><F75/><W105/><G72/><T0/><D103/><U70/><E135/><V16/><F118/><W107/><G3/><T95/><D43/><U5/><E5/><V134/><F134/><W2/><G2/><T69/><D69/><U64/><E71/><V28/><F28/><W1/><G1/><T20/><D95/><U25/><E113/><V102/><F84/><W88/><G14/><T124/><D35/><U19/><E79/><V111/><F111/><W120/><G96/><T63/><D31/><U91/><E97/><V47/><F37/><W10/><G120/><T106/><D20/><U93/><E104/><V119/><F119/><W30/><G30/><T116/><D116/><U48/><E48/><V98/><F61/><W129/><G129/><N who="2" m="49161" /><F4/><W57/><G36/><T92/><D92/><U80/><E80/><V6/><F6/><W90/><G46/><N who="2" m="17449" /><F11/><W51/><G51/><T128/><D128/><U21/><REACH who="1" step="1"/><E27/><AGARI ba="0,0" hai="16,22,27,98,99,100,101,102" m="17449,49161" machi="27" ten="30,3900,0" yaku="19,1,52,1,54,1" doraHai="12" who="2" fromWho="1" sc="270,0,322,-39,304,39,104,0" /><INIT seed="5,0,0,1,3,7" ten="270,283,343,104" oya="1" hai0="86,108,135,3,51,59,116,32,58,115,126,43,19" hai1="69,99,21,101,6,71,134,133,89,78,10,123,82" hai2="0,122,56,83,15,130,46,107,68,27,118,50,72" hai3="128,44,125,119,67,14,4,70,62,92,26,48,85"/><U17/><E123/><V110/><F0/><W30/><G128/><T42/><D108/><U112/><E112/><V41/><F118/><W100/><G125/><T129/><D32/><U2/><E89/><V104/><F68/><W91/><G119/><T114/><D3/><U40/><E40/><V87/><F72/><W98/><G4/><T121/><D19/><U24/><E82/><V1/><F1/><W22/><G14/><T109/><D86/><U106/><REACH who="1" step="1"/><E78/><REACH who="1" ten="270,273,343,104" step="2"/><V102/><F83/><W31/><G100/><T132/><D121/><U5/><E5/><V36/><F41/><W97/><REACH who="3" step="1"/><G31/><REACH who="3" ten="270,273,343,94" step="2"/><T120/><D120/><U131/><E131/><V34/><F102/><W47/><G47/><T11/><D129/><U39/><E39/><V65/><F46/><W52/><AGARI ba="0,2" hai="22,26,30,44,48,52,62,67,70,85,91,92,97,98" machi="52" ten="20,5200,0" yaku="1,1,0,1,7,1,54,1,53,0" doraHai="7" doraHaiUra="37" who="3" fromWho="3" sc="270,-13,273,-26,343,-13,94,72" /><INIT seed="6,0,0,1,1,24" ten="257,247,330,166" oya="2" hai0="84,31,119,91,6,81,40,111,113,61,58,117,101" hai1="90,109,134,74,15,22,127,23,85,59,50,75,80" hai2="73,102,55,121,62,71,53,56,115,16,19,125,88" hai3="34,82,79,110,28,67,37,104,27,123,17,41,133"/><V135/><F121/><W48/><G123/><T68/><D111/><U99/><E109/><V78/><F71/><W100/><G133/><T12/><D68/><U87/><E134/><V46/><F135/><W107/><G110/><T0/><D40/><U128/><E128/><V98/><F115/><W9/><G67/><T114/><D101/><U132/><E132/><V112/><F112/><N who="0" m="43114" /><D0/><U52/><E127/><V97/><F125/><W4/><G17/><T126/><D31/><U14/><E99/><V21/><F73/><N who="3" m="43375" /><G48/><T66/><D126/><U51/><E87/><V93/><F78/><W29/><G29/><T25/><D25/><U33/><E33/><V35/><F35/><W8/><G8/><AGARI ba="0,0" hai="6,8,12,58,61,66,81,84,91,117,119" m="43114" machi="8" ten="30,1000,0" yaku="15,1" doraHai="24" who="0" fromWho="3" sc="257,10,247,0,330,0,166,-10" /><INIT seed="7,0,0,5,3,102" ten="267,247,330,156" oya="3" hai0="106,80,86,70,121,126,3,131,82,127,17,58,44" hai1="99,60,21,22,115,23,52,25,38,97,1,39,122" hai2="18,118,4,16,108,28,114,35,62,34,94,91,98" hai3="47,11,0,50,15,77,68,36,56,78,55,75,101"/><W37/><G0/><T48/><D106/><U83/><E122/><V57/><F108/><W111/><G68/><T13/><D70/><U124/><E1/><V107/><F118/><W59/><G111/><T46/><D3/><U89/><E115/><V54/><F107/><W29/><G29/><T95/><D131/><U128/><E128/><V64/><F114/><W12/><G101/><T84/><D58/><N who="1" m="34887" /><E38/><V73/><F4/><W24/><G24/><T79/><D95/><U2/><E39/><V26/><F73/><W14/><G11/><N who="0" m="6335" /><D48/><U109/><E2/><V132/><F132/><W43/><G37/><T5/><D5/><U134/><E134/><V67/><F34/><W32/><G32/><T103/><D103/><U45/><E124/><N who="0" m="47657" /><D121/><U76/><E45/><V93/><F93/><W63/><REACH who="3" step="1"/><G75/><REACH who="3" ten="267,247,330,146" step="2"/><T88/><AGARI ba="0,1" hai="44,46,79,80,82,84,86,88" m="47657,6335" machi="88" ten="30,2000,0" yaku="18,1,54,1" doraHai="102" who="0" fromWho="0" sc="267,30,247,-5,330,-5,146,-10" owari="297,9.7,242,-15.8,325,42.5,136,-36.4" /></mjloggm>