<mjloggm ver="2.3"><GO type="169" lobby="0"/><UN n0="%E3%81%A1%E3%82%83%E3%81%B0%E3%82%8A%E3%83%BC%E3%82%84" n1="%E5%AE%88%E6%9D%91%E6%A1%9C%E5%BC%A5" n2="%67%6F%67%6F%2D%E3%82%B4%E3%83%AA%E3%83%A9" n3="%E5%9C%A7%E5%80%92%E7%9A%84%E3%83%9D%E3%83%B3" dan="16,17,19,17" rate="2115.97,2159.48,2271.23,2205.12" sx="M,M,M,M"/><TAIKYOKU oya="0"/><INIT seed="0,0,0,3,2,102" ten="250,250,250,250" oya="0" hai0="123,53,18,98,54,37,115,88,77,104,118,75,87" hai1="116,38,134,112,12,25,135,108,130,6,58,55,93" hai2="69,47,120,133,19,96,7,101,92,109,1,59,45" hai3="72,85,66,106,71,65,83,0,97,13,42,119,31"/><T129/><D115/><U86/><E116/><V20/><F120/><W30/><G72/><T64/><D118/><U103/><E38/><V57/><F69/><W44/><G0/><T61/><D123/><U100/><E112/><V90/><F109/><W2/><G2/><T63/><D37/><U94/><E130/><V46/><F133/><N who="1" m="50697" /><E25/><V40/><F40/><W111/><G111/><T22/><D129/><U67/><E67/><V4/><F90/><W79/><G119/><T82/><D61/><N who="1" m="36063" /><E94/><V76/><F76/><W80/><G71/><T24/><D98/><U121/><E121/><V3/><F3/><W107/><G66/><T14/><D104/><U73/><E73/><V10/><REACH who="2" step="1"/><F4/><REACH who="2" ten="250,250,240,250" step="2"/><W60/><G79/><T23/><D75/><U51/><E108/><V29/><F29/><W39/><G31/><T36/><D77/><U27/><E6/><V70/><F70/><W105/><G30/><T95/><D36/><U124/><E103/><V35/><F35/><W15/><G97/><T26/><D82/><U68/><E68/><V81/><F81/><W132/><G83/><T21/><D64/><U5/><E5/><V99/><F99/><W56/><G132/><T74/><D74/><U41/><E41/><V33/><F33/><W32/><G32/><T8/><D54/><U127/><E100/><V122/><F122/><W110/><G110/><T131/><D131/><U43/><E43/><V125/><F125/><W11/><G80/><T113/><D113/><U126/><E126/><V117/><F117/><W34/><G34/><T84/><D84/><U17/><E127/><RYUUKYOKU ba="0,1" sc="250,15,250,-15,240,15,250,-15" hai0="8,14,18,21,22,23,24,26,53,63,87,88,95" hai2="1,7,10,19,20,45,46,47,57,59,92,96,101" /><INIT seed="0,1,1,0,0,16" ten="265,235,255,235" oya="0" hai0="47,34,30,135,45,38,128,44,97,133,127,79,78" hai1="40,26,120,66,24,13,90,73,75,55,17,130,51" hai2="94,46,63,109,32,33,68,93,125,70,58,2,119" hai3="100,131,124,21,37,107,18,106,7,1,132,27,3"/><T89/><D38/><U101/><E120/><V14/><F2/><W0/><G37/><T67/><D127/><U129/><E40/><V52/><F125/><W126/><G100/><T83/><D128/><N who="1" m="49259" /><E66/><V31/><F109/><W110/><G131/><T98/><D67/><U114/><E114/><V91/><F119/><W80/><G7/><T48/><D48/><U88/><E101/><V59/><F46/><W39/><G39/><T71/><D71/><U36/><E24/><V69/><F31/><W5/><G5/><T87/><D34/><U41/><E26/><V23/><F59/><W25/><G110/><T72/><D30/><U64/><E64/><V118/><F118/><W43/><G43/><T86/><D72/><N who="1" m="27723" /><E41/><V10/><F94/><W19/><G80/><T122/><D122/><U8/><E36/><V111/><F111/><W116/><G116/><T29/><D29/><U82/><E82/><V85/><REACH who="2" step="1"/><F10/><REACH who="2" ten="265,235,245,235" step="2"/><W76/><G0/><T28/><D28/><U103/><E103/><V62/><F62/><W108/><G108/><T117/><D117/><U113/><E113/><V92/><F92/><W96/><G126/><T15/><D44/><AGARI ba="1,2" hai="8,13,17,44,51,55,88,90" m="27723,49259" machi="44" ten="30,2000,0" yaku="19,1,54,1" doraHai="16" who="1" fromWho="0" sc="265,-23,235,43,245,0,235,0" /><INIT seed="1,0,0,1,3,73" ten="242,278,245,235" oya="1" hai0="80,59,71,9,66,113,86,81,5,118,111,114,52" hai1="125,64,74,24,37,27,93,112,26,107,63,65,47" hai2="78,50,41,120,11,89,28,57,131,85,20,130,19" hai3="53,129,31,7,10,34,69,101,91,45,30,97,83"/><U38/><E107/><V88/><F120/><W29/><G69/><T95/><D118/><U102/><E112/><V42/><F28/><W56/><G34/><T33/><D33/><U96/><E125/><V15/><F20/><W84/><G129/><N who="2" m="49161" /><F57/><W49/><G56/><T75/><D111/><U103/><E74/><V105/><F105/><W132/><G132/><T6/><D95/><U43/><E65/><V17/><F17/><W67/><G67/><T127/><D127/><U124/><E124/><V108/><F108/><W12/><REACH who="3" step="1"/><G31/><REACH who="3" ten="242,278,245,225" step="2"/><T2/><D66/><U22/><E103/><V68/><F68/><W16/><G16/><T3/><D71/><U122/><E122/><V46/><F42/><W126/><G126/><T55/><D59/><U25/><E64/><V121/><F121/><W134/><G134/><T0/><D114/><U39/><REACH who="1" step="1"/><E63/><REACH who="1" ten="242,268,245,225" step="2"/><V128/><F128/><W76/><G76/><T133/><D113/><U123/><E123/><V117/><F117/><W90/><G90/><T60/><D133/><U44/><E44/><V82/><AGARI ba="0,2" hai="11,15,19,41,46,50,78,82,85,88,89" m="49161" machi="82" ten="30,4000,0" yaku="19,1,52,1,54,1" doraHai="73" who="2" fromWho="2" sc="242,-10,268,-20,245,60,225,-10" /><INIT seed="2,0,0,2,5,1" ten="232,248,305,215" oya="2" hai0="43,115,27,86,135,87,85,102,13,104,6,18,30" hai1="67,109,12,83,15,122,60,32,110,64,53,44,91" hai2="112,108,36,7,45,129,14,128,51,103,31,133,65" hai3="17,21,121,8,96,52,68,22,0,90,24,61,70"/><V82/><F112/><W26/><G121/><T113/><D135/><U37/><E32/><V55/><F133/><W56/><G0/><T111/><D111/><N who="1" m="42507" /><E122/><V84/><F108/><W48/><G8/><T93/><D104/><U41/><E53/><V99/><F36/><W54/><G96/><T117/><D117/><U116/><E116/><V25/><F65/><N who="1" m="25161" /><E60/><V72/><F72/><W94/><G94/><T50/><D43/><U42/><E42/><V63/><F63/><W35/><G35/><T23/><D50/><U77/><E91/><V120/><F120/><W59/><REACH who="3" step="1"/><G90/><REACH who="3" ten="232,248,305,205" step="2"/><T127/><D93/><U28/><E28/><AGARI ba="0,1" hai="17,21,22,24,26,28,48,52,54,56,59,61,68,70" machi="28" ten="30,7700,0" yaku="1,1,2,1,7,1,54,1,53,0" doraHai="1" doraHaiUra="39" who="3" fromWho="1" sc="232,0,248,-77,305,0,205,87" /><INIT seed="3,0,0,5,4,106" ten="232,171,305,292" oya="3" hai0="25,102,45,4,69,101,55,50,24,95,23,93,133" hai1="74,107,52,84,3,90,86,21,131,125,15,1,30" hai2="56,124,70,54,120,42,105,73,8,117,85,31,113" hai3="61,123,13,87,100,48,36,127,71,27,0,134,111"/><W63/><G123/><T20/><D133/><U116/><E107/><V16/><F113/><W22/><G0/><T46/><D69/><U35/><E131/><V29/><F117/><W34/><G34/><T7/><D50/><U37/><E37/><V26/><F70/><W129/><G36/><T67/><REACH who="0" step="1"/><D55/><REACH who="0" ten="222,171,305,292" step="2"/><U80/><E52/><V19/><F54/><W14/><G134/><T39/><D39/><U72/><E116/><V130/><F120/><W12/><G71/><T122/><D122/><U53/><E53/><V51/><F51/><W58/><G129/><T41/><D41/><U65/><E65/><AGARI ba="0,1" hai="4,7,20,23,24,25,45,46,65,67,93,95,101,102" machi="65" ten="25,12000,2" yaku="1,1,22,2,8,1,53,2" doraHai="106" doraHaiUra="88" who="0" fromWho="1" sc="222,130,171,-120,305,0,292,0" /><INIT seed="4,0,0,5,4,72" ten="352,51,305,292" oya="0" hai0="41,117,78,18,0,61,118,54,89,26,126,48,12" hai1="38,32,67,90,84,119,134,100,2,22,27,35,105" hai2="37,71,110,39,122,112,80,24,40,49,60,129,70" hai3="19,34,79,36,108,53,59,66,33,77,4,81,16"/><T11/><D126/><U111/><E119/><V74/><F24/><W133/><G108/><T58/><D0/><U132/><E111/><V1/><F1/><W56/><G36/><T102/><D102/><U97/><E2/><V83/><F110/><W92/><G133/><T123/><D123/><U46/><E67/><V87/><F122/><W93/><G81/><T73/><D89/><U99/><E99/><V128/><F112/><W65/><G53/><T57/><D26/><U69/><E69/><V17/><F17/><W8/><G8/><T68/><D68/><U47/><E47/><V15/><F15/><W86/><G86/><T127/><D127/><U91/><E91/><V103/><F103/><W43/><REACH who="3" step="1"/><G4/><REACH who="3" ten="352,51,305,282" step="2"/><T116/><D117/><U109/><E109/><V52/><F87/><W31/><G31/><T62/><D118/><U121/><E121/><V75/><F52/><W13/><G13/><T10/><D10/><U115/><E115/><V98/><F98/><W5/><G5/><T125/><D116/><U44/><E134/><V14/><F14/><W9/><G9/><T96/><D125/><U82/><E132/><V25/><F25/><W29/><G29/><T21/><D11/><U106/><E38/><V94/><F39/><W28/><G28/><T23/><D12/><U30/><E32/><V124/><F37/><W50/><G50/><T7/><D48/><U55/><E35/><V104/><F49/><W42/><AGARI ba="0,1" hai="16,19,33,34,42,43,56,59,65,66,77,79,92,93" machi="42" ten="25,12000,2" yaku="1,1,0,1,22,2,52,2,54,1,53,0" doraHai="72" doraHaiUra="45" who="3" fromWho="3" sc="352,-60,51,-30,305,-30,282,130" /><INIT seed="5,0,0,5,3,99" ten="292,21,275,412" oya="1" hai0="11,121,73,77,15,5,35,14,51,88,65,107,32" hai1="113,68,44,127,131,16,109,2,91,117,75,6,105" hai2="45,48,129,101,36,114,85,8,64,86,124,132,55" hai3="93,63,98,71,116,24,130,61,34,29,13,102,56"/><U31/><RYUUKYOKU type="yao9" ba="0,0" sc="292,0,21,0,275,0,412,0" hai1="2,6,16,31,44,68,75,91,105,109,113,117,127,131" /><INIT seed="5,1,0,3,4,110" ten="292,21,275,412" oya="1" hai0="132,115,87,55,65,108,59,80,116,70,64,90,128" hai1="71,122,112,6,62,119,101,133,7,52,93,0,79" hai2="19,30,29,103,2,97,120,46,134,8,44,72,69" hai3="23,113,76,88,114,45,48,39,56,85,125,49,42"/><U94/><E122/><V78/><F120/><W74/><G125/><T81/><D108/><U50/><E119/><V124/><F69/><W77/><G74/><T27/><D116/><U16/><E133/><V86/><F72/><W105/><G105/><T54/><D128/><U92/><E101/><V18/><F124/><W57/><G23/><T104/><D104/><U135/><E135/><V51/><F2/><W32/><G32/><T20/><D70/><U47/><E79/><N who="3" m="30282" /><G57/><T106/><D81/><U14/><E0/><V121/><F46/><W129/><G56/><T15/><D106/><U25/><E25/><V5/><F5/><W11/><G11/><T35/><D35/><U73/><E73/><V33/><F33/><W36/><G49/><T107/><D107/><U89/><E89/><V68/><F68/><W1/><G1/><T117/><D90/><U34/><E34/><V75/><F75/><W109/><G109/><T12/><D117/><U98/><E98/><V26/><F8/><W22/><G22/><T53/><D20/><U127/><E127/><V3/><F3/><W37/><G129/><T99/><D27/><U95/><N who="1" m="23552" /><DORA hai="4" /><U91/><E91/><V31/><F26/><W10/><G10/><T28/><D99/><U102/><E102/><V100/><F121/><W130/><G130/><T111/><D111/><U13/><E13/><V61/><F134/><W17/><G17/><N who="2" m="6153" /><F61/><W9/><G9/><T83/><D12/><U43/><E71/><V58/><F97/><W63/><G63/><N who="0" m="36335" /><D132/><U40/><E62/><V126/><F126/><W123/><G123/><RYUUKYOKU ba="1,0" sc="292,-10,21,-10,275,-10,412,30" hai3="36,37,39,42,45,48,85,88,113,114" /><INIT seed="6,2,0,2,2,12" ten="282,11,265,442" oya="2" hai0="30,130,119,128,82,19,106,103,111,133,8,21,14" hai1="23,47,92,109,29,31,42,75,123,63,35,104,65" hai2="64,7,135,13,96,70,110,90,72,48,55,121,100" hai3="112,76,16,99,60,62,127,33,5,69,38,26,22"/><V114/><F121/><W88/><G38/><T18/><D106/><U85/><E109/><V115/><F110/><W66/><G127/><T132/><D103/><U71/><E123/><V131/><F131/><N who="0" m="50218" /><D111/><U10/><E23/><V91/><F72/><W20/><G33/><T129/><D129/><U6/><E31/><V9/><F135/><N who="0" m="51786" /><D82/><U81/><E85/><V3/><F3/><W107/><G112/><N who="2" m="43049" /><F64/><W34/><G34/><T57/><D57/><U105/><E92/><N who="2" m="58375" /><F70/><W113/><G113/><T1/><D119/><U93/><E93/><V77/><F77/><W78/><G62/><T86/><D86/><U17/><E17/><V4/><F4/><W50/><G5/><N who="0" m="3343" /><D1/><U11/><E11/><V108/><F108/><W32/><G32/><T126/><D126/><U58/><E58/><AGARI ba="2,0" hai="7,9,13,48,55,58,90,91" m="58375,43049" machi="58" ten="30,1500,0" yaku="15,1" doraHai="12" who="2" fromWho="1" sc="282,0,11,-21,265,21,442,0" owari="282,-11.8,-10,-51.0,286,8.6,442,54.2" /></mjloggm>