<mjloggm ver="2.3"><GO type="225" lobby="0"/><UN n0="%E3%81%94%E3%83%BC%E3%81%A9%E3%82%93" n1="%E3%82%A4%E3%83%BC%E3%82%B1%E3%83%97%E3%83%A9" n2="%E3%81%99%E3%81%84%E3%81%BE%E3%81%9B%E3%83%BC%E3%82%93" n3="%E3%81%BF%E3%81%BF%E3%81%9A" dan="16,16,18,17" rate="2094.76,2122.48,2203.09,2242.71" sx="M,M,M,M"/><TAIKYOKU oya="0"/><INIT seed="0,0,0,1,5,129" ten="250,250,250,250" oya="0" hai0="40,98,2,0,28,32,42,125,7,84,88,66,53" hai1="95,37,92,10,49,35,116,3,104,48,80,11,79" hai2="118,135,86,58,69,77,85,111,117,114,73,112,119" hai3="25,17,36,12,106,8,51,74,87,71,105,47,107"/><T41/><D125/><U82/><E104/><V22/><F69/><W113/><G113/><N who="2" m="43625" /><F22/><W67/><G74/><T61/><D98/><U100/><E35/><V46/><F58/><W78/><G36/><T56/><D7/><U23/><E37/><V130/><F46/><W65/><G71/><T4/><D4/><U94/><E116/><V83/><F130/><W109/><G109/><T90/><D90/><U26/><E100/><V123/><F123/><W93/><G25/><T97/><D97/><U27/><E3/><V21/><F21/><W55/><REACH who="3" step="1"/><G93/><REACH who="3" ten="250,250,250,240" step="2"/><T124/><D124/><U96/><E96/><V13/><F111/><W120/><G120/><T18/><D18/><U29/><E27/><V63/><F119/><W72/><G72/><T102/><D102/><U30/><E30/><V52/><F73/><W103/><G103/><T62/><D28/><U6/><E29/><V20/><F118/><W131/><G131/><T70/><REACH who="0" step="1"/><D32/><REACH who="0" ten="240,250,250,240" step="2"/><U19/><E19/><V68/><F117/><W99/><G99/><T76/><D76/><U59/><E79/><V44/><F77/><W34/><G34/><T128/><D128/><U31/><E31/><V132/><F86/><W122/><G122/><T39/><D39/><U121/><E121/><V38/><F38/><W14/><G14/><T115/><D115/><U89/><E26/><V91/><F13/><W16/><G16/><T33/><D33/><U110/><E110/><V1/><F20/><W45/><G45/><T126/><D126/><U57/><E23/><V64/><F1/><W50/><G50/><T134/><D134/><RYUUKYOKU ba="0,2" sc="240,10,250,-30,250,10,240,10" hai0="0,2,40,41,42,53,56,61,62,66,70,84,88" hai2="44,52,63,64,68,83,85,91,132,135" hai3="8,12,17,47,51,55,65,67,78,87,105,106,107" /><INIT seed="0,1,2,3,3,57" ten="250,220,260,250" oya="0" hai0="108,34,129,26,105,70,103,63,23,93,79,114,27" hai1="1,53,90,68,0,43,11,16,96,67,25,120,125" hai2="104,123,126,38,81,87,33,15,62,10,30,54,77" hai3="28,115,44,20,98,5,118,76,22,21,39,37,2"/><T55/><D114/><U13/><E120/><V88/><F123/><W6/><G115/><T94/><D105/><U102/><E43/><V46/><F104/><W124/><G44/><T84/><D129/><U64/><E125/><V119/><F126/><W131/><G124/><T45/><D34/><U72/><E72/><V127/><F127/><W117/><G98/><N who="0" m="59855" /><D70/><U89/><E0/><V110/><F110/><W130/><G76/><T35/><D35/><U48/><E1/><V73/><F119/><N who="3" m="45579" /><G2/><T61/><D108/><U106/><E25/><N who="0" m="9225" /><D23/><U8/><E8/><V100/><F100/><W97/><G97/><T95/><D79/><U12/><E12/><V7/><F38/><N who="3" m="14347" /><G28/><T42/><D42/><U116/><E116/><V86/><F73/><W134/><G134/><T111/><D111/><U133/><E133/><V107/><F107/><W113/><G113/><T18/><D18/><U121/><E121/><V14/><F30/><W3/><G3/><T92/><D84/><U59/><E68/><V49/><F33/><W71/><G71/><T65/><D65/><U51/><E67/><V80/><F15/><W122/><G122/><T41/><D41/><U74/><E64/><V132/><F132/><W17/><G17/><T91/><D91/><N who="1" m="34827" /><E74/><V85/><F87/><W135/><G135/><T19/><D19/><U4/><E16/><V75/><F75/><W32/><G32/><T36/><D36/><U82/><E82/><V83/><F81/><W101/><G101/><T66/><D66/><U78/><E78/><V56/><F77/><W99/><G99/><T109/><D109/><RYUUKYOKU ba="1,2" sc="250,10,220,10,260,-30,250,10" hai0="45,55,61,63,92,94,95" hai1="4,11,13,48,51,53,59,96,102,106" hai3="5,6,20,21,22,130,131" /><INIT seed="0,2,2,2,2,54" ten="260,230,230,260" oya="0" hai0="1,60,16,70,13,98,22,104,33,39,59,127,53" hai1="102,3,5,68,128,109,89,35,97,9,105,133,103" hai2="2,34,52,51,0,111,120,76,85,20,15,115,129" hai3="32,45,81,123,88,84,43,4,87,112,25,10,79"/><T42/><D127/><U122/><E122/><V41/><F120/><W106/><G123/><T19/><D33/><U113/><E68/><V74/><F34/><W55/><G106/><T14/><D1/><U107/><E35/><V63/><F115/><W110/><G110/><T119/><D119/><U94/><E109/><V28/><F74/><W134/><G134/><T132/><D132/><U27/><E133/><V126/><F111/><W108/><G108/><T96/><D104/><U83/><E113/><V131/><F126/><W8/><G55/><T24/><D70/><U31/><E128/><N who="2" m="49227" /><F63/><W77/><G112/><T58/><D24/><U116/><E116/><V100/><F41/><W135/><G135/><T121/><D121/><U11/><E11/><V26/><F100/><W92/><G79/><T23/><D59/><U56/><E56/><N who="2" m="32799" /><F15/><W37/><G32/><T44/><AGARI ba="2,2" hai="13,14,16,19,22,23,39,42,44,53,58,60,96,98" machi="44" ten="30,11700,0" yaku="0,1,9,1,52,1,54,1" doraHai="54" who="0" fromWho="0" sc="260,143,230,-41,230,-41,260,-41" /><INIT seed="0,3,0,3,3,78" ten="403,189,189,219" oya="0" hai0="17,112,100,29,10,123,101,48,98,2,135,55,128" hai1="85,5,75,127,114,57,106,13,131,81,111,12,129" hai2="88,53,108,30,64,22,134,3,67,102,62,132,59" hai3="40,70,54,28,56,118,83,4,124,77,93,32,43"/><T1/><D112/><U63/><E106/><V36/><F3/><W39/><G70/><T109/><D123/><U31/><E75/><V94/><F108/><W96/><G118/><T66/><D66/><U34/><E111/><V24/><F36/><W42/><G124/><T115/><D109/><U60/><E127/><V74/><F102/><W27/><G4/><T41/><D115/><U9/><E114/><V72/><F67/><W15/><G15/><T0/><D41/><U86/><E13/><V95/><F64/><W44/><G93/><T25/><D128/><N who="1" m="49227" /><E86/><V18/><F95/><W87/><REACH who="3" step="1"/><G96/><REACH who="3" ten="403,189,189,209" step="2"/><T107/><D98/><U23/><E5/><V20/><F134/><W84/><G84/><T45/><D135/><U99/><E99/><V105/><F132/><W117/><G117/><T16/><D1/><U121/><E85/><V116/><F116/><W76/><G76/><T89/><D2/><U80/><E12/><V130/><F130/><W65/><G65/><T104/><D0/><U97/><E97/><N who="2" m="57543" /><F105/><W120/><G120/><T35/><D107/><U103/><E121/><V110/><F110/><W14/><G14/><T82/><D104/><U90/><E103/><V68/><F68/><W37/><G37/><T8/><D101/><U33/><E9/><V58/><F74/><W21/><G21/><T126/><D100/><U79/><E23/><V51/><F72/><W133/><G133/><T113/><D126/><U47/><E79/><V26/><F22/><W7/><G7/><T6/><D113/><U61/><E34/><V73/><F73/><W92/><G92/><RYUUKYOKU ba="3,1" sc="403,-10,189,-10,189,-10,209,30" hai3="27,28,32,39,40,42,43,44,54,56,77,83,87" /><INIT seed="1,4,1,2,1,111" ten="393,179,179,239" oya="1" hai0="19,16,124,35,90,49,98,17,68,6,31,27,86" hai1="94,123,40,34,36,125,102,82,112,69,126,66,103" hai2="76,80,45,84,11,15,88,56,65,2,133,135,72" hai3="61,129,33,29,48,47,96,71,62,9,12,118,30"/><U127/><E123/><V39/><F2/><W108/><G108/><T70/><D124/><U53/><E34/><V55/><F65/><W3/><G3/><T73/><D73/><U119/><E119/><V85/><F45/><W95/><G129/><T7/><D98/><U58/><E82/><V97/><F39/><W91/><G33/><T121/><D121/><U81/><E81/><V134/><F97/><W38/><G38/><T26/><D26/><U93/><E66/><V23/><F23/><W24/><G118/><T100/><D100/><N who="1" m="38443" /><E69/><V21/><F21/><N who="3" m="15503" /><G30/><T51/><D51/><N who="1" m="31039" /><E112/><V50/><REACH who="2" step="1"/><F88/><REACH who="2" ten="393,179,169,239" step="2"/><W46/><G71/><T20/><D35/><U8/><E8/><V43/><F43/><N who="3" m="24671" /><G47/><AGARI ba="4,2" hai="36,40,47,93,94,125,126,127" m="31039,38443" machi="47" ten="40,2000,0" yaku="18,1" doraHai="111" who="1" fromWho="3" sc="393,0,179,52,169,0,239,-32" /><INIT seed="1,5,0,0,4,63" ten="393,231,169,207" oya="1" hai0="103,59,67,72,9,117,11,98,13,39,116,94,40" hai1="61,4,64,34,6,21,78,38,15,118,65,127,114" hai2="74,54,73,7,42,20,51,62,31,47,134,77,100" hai3="44,27,41,66,79,16,109,37,46,106,33,120,69"/><U110/><E114/><V57/><F134/><W122/><G79/><T128/><D72/><U130/><E118/><V71/><F77/><W124/><G124/><T119/><D128/><U96/><E38/><V18/><F31/><N who="3" m="19711" /><G44/><T75/><D75/><U108/><E34/><V112/><F112/><W36/><G16/><T35/><D35/><U88/><E78/><V80/><F80/><W68/><G36/><T3/><D3/><U23/><E127/><V86/><F86/><W43/><G43/><T14/><D40/><U91/><E61/><V85/><F85/><W93/><G93/><T26/><D39/><U107/><E96/><V90/><F90/><N who="1" m="34345" /><E107/><V1/><F71/><N who="3" m="27211" /><G66/><N who="1" m="25706" /><E130/><V83/><F83/><W131/><G131/><T45/><D98/><U89/><N who="1" m="34353" /><U24/><DORA hai="81" /><E15/><V53/><F74/><W32/><G32/><T2/><D14/><U48/><E48/><V113/><F73/><W105/><G109/><N who="1" m="42090" /><E23/><V125/><F125/><W58/><G58/><T95/><D59/><U56/><E56/><V49/><F113/><W129/><G129/><T126/><D13/><U55/><E55/><V17/><F54/><W29/><G106/><T84/><D126/><U10/><E10/><V102/><F51/><W8/><G105/><T0/><D11/><U97/><E97/><V60/><F62/><W52/><G8/><T104/><D9/><U111/><N who="1" m="42098" /><U132/><DORA hai="19" /><E132/><V121/><F20/><W30/><G52/><T87/><D104/><U135/><E135/><V12/><F12/><W50/><G37/><T76/><D117/><U101/><E101/><RYUUKYOKU ba="5,0" sc="393,-15,231,15,169,-15,207,15" hai1="4,6,21,24" hai3="29,30,41,46,50,120,122" /><INIT seed="1,6,0,1,2,97" ten="378,246,154,222" oya="1" hai0="28,83,36,95,44,103,64,108,21,115,112,131,7" hai1="63,107,12,121,34,96,132,110,101,35,47,46,40" hai2="59,4,39,22,45,105,135,55,79,91,54,86,130" hai3="102,5,16,104,66,14,125,90,26,8,69,85,19"/><U106/><E121/><V75/><F135/><W2/><G125/><T78/><D108/><U119/><E119/><V126/><F126/><W52/><G69/><T24/><D131/><U127/><E132/><V30/><F130/><W118/><G66/><T80/><D64/><U57/><E127/><V17/><F105/><W124/><G124/><T128/><D128/><U74/><E74/><V72/><F30/><W68/><G68/><T60/><D60/><U117/><E117/><V10/><F79/><W122/><G122/><T49/><D36/><U23/><E110/><V116/><F116/><W33/><G118/><T84/><D7/><U27/><E107/><V92/><F39/><W43/><G43/><T11/><D11/><U58/><E12/><V42/><F42/><W93/><G52/><T71/><D71/><U56/><E63/><V114/><F45/><W113/><G113/><T41/><D80/><U81/><E81/><V25/><F55/><W61/><G61/><T50/><D50/><U9/><E9/><V13/><REACH who="2" step="1"/><F114/><REACH who="2" ten="378,246,144,222" step="2"/><W76/><G76/><T3/><D115/><U134/><E134/><V100/><F100/><W65/><G65/><T38/><D78/><U51/><REACH who="1" step="1"/><E47/><REACH who="1" ten="378,236,144,222" step="2"/><V48/><AGARI ba="6,2" hai="4,10,13,17,22,25,48,54,59,72,75,86,91,92" machi="48" ten="20,2700,0" yaku="1,1,0,1,7,1,53,0" doraHai="97" doraHaiUra="31" who="2" fromWho="2" sc="378,-13,236,-19,144,65,222,-13" /><INIT seed="2,0,0,1,1,100" ten="365,217,209,209" oya="2" hai0="86,81,40,98,36,97,59,63,39,90,52,105,80" hai1="54,135,121,104,123,133,16,21,122,37,47,18,125" hai2="10,20,102,25,131,68,43,0,41,29,108,79,96" hai3="35,93,74,91,31,112,95,120,127,12,34,124,101"/><V89/><F68/><W115/><G74/><T84/><D40/><N who="1" m="22927" /><E125/><N who="3" m="48202" /><G120/><T57/><D57/><U134/><E104/><V110/><F131/><W48/><G31/><T58/><D58/><U132/><N who="1" m="33792" /><DORA hai="60" /><U130/><E130/><V24/><F79/><W49/><G12/><T61/><D61/><U27/><E54/><V113/><F89/><W64/><G64/><T46/><D46/><U66/><E66/><V9/><F113/><N who="3" m="43595" /><G101/><T88/><D105/><U67/><E67/><V99/><F25/><W17/><G17/><AGARI ba="0,0" hai="16,17,18,21,27,121,122,123" m="33792,22927" machi="17" ten="70,8000,1" yaku="13,1,20,1,54,1" doraHai="100,60" who="1" fromWho="3" sc="365,0,217,80,209,0,209,-80" /><INIT seed="3,0,0,1,3,31" ten="365,297,209,129" oya="3" hai0="91,116,104,87,81,76,41,103,118,127,25,49,89" hai1="28,18,67,80,57,13,50,32,9,101,4,0,8" hai2="58,120,21,47,128,88,46,26,105,115,22,133,107" hai3="37,51,131,95,27,2,112,20,134,61,74,71,56"/><W130/><G112/><T7/><D49/><U79/><E101/><V102/><F115/><W109/><G37/><T10/><D25/><U38/><E38/><V54/><F133/><W42/><G74/><T100/><D127/><U129/><E129/><N who="3" m="49162" /><G134/><T52/><D52/><U72/><E50/><V23/><F128/><W48/><G2/><T86/><D10/><U126/><E126/><V3/><F3/><W19/><G71/><T5/><D41/><U6/><E6/><V122/><F26/><W34/><G109/><T53/><D5/><U59/><REACH who="1" step="1"/><E67/><REACH who="1" ten="365,287,209,129" step="2"/><V14/><F102/><N who="0" m="38954" /><D7/><U123/><E123/><V65/><F122/><W69/><G69/><T82/><D53/><U110/><E110/><V96/><F120/><W63/><G42/><T111/><D111/><U113/><E113/><V62/><F65/><N who="3" m="39079" /><G63/><T83/><D104/><U75/><E75/><AGARI ba="0,1" hai="75,76,81,82,83,86,87,89,91,116,118" m="38954" machi="75" ten="30,2000,0" yaku="34,2" doraHai="31" who="0" fromWho="1" sc="365,30,287,-20,209,0,129,0" owari="395,49.5,267,6.7,209,-19.1,129,-37.1" /></mjloggm>