<mjloggm ver="2.3"><GO type="169" lobby="0"/><UN n0="%E4%BE%8D" n1="%E3%81%B2%E3%81%90%E3%81%A1" n2="%6F%67%75%6B%65%6E" n3="%4A%4B%E3%81%97%E3%82%8D%E3%81%BE%E3%82%8B" dan="17,17,16,16" rate="2242.46,2212.97,2129.78,2129.64" sx="M,M,M,F"/><TAIKYOKU oya="0"/><INIT seed="0,0,0,2,3,56" ten="250,250,250,250" oya="0" hai0="8,37,11,43,47,2,48,81,114,68,63,122,22" hai1="116,129,61,85,74,123,28,1,118,12,121,72,106" hai2="119,19,108,58,60,44,53,66,107,24,52,110,9" hai3="26,33,109,10,49,135,27,120,99,5,70,115,100"/><T7/><D122/><N who="1" m="46603" /><E12/><V3/><F107/><W82/><G115/><T39/><D114/><U73/><E28/><V15/><F119/><N who="1" m="45609" /><E1/><V46/><F3/><W25/><G135/><T89/><D11/><U127/><E61/><N who="2" m="36039" /><F53/><W101/><G70/><T102/><D102/><U79/><E127/><V88/><F88/><W133/><G101/><T77/><D89/><U64/><E64/><V0/><F24/><W92/><G27/><T50/><D37/><U98/><E129/><V95/><F95/><W18/><G26/><T13/><D13/><U117/><N who="1" m="45617" /><U59/><DORA hai="29" /><E59/><N who="2" m="37151" /><F0/><W111/><G92/><T93/><D93/><U69/><E69/><V86/><F86/><W112/><G25/><T87/><REACH who="0" step="1"/><D22/><REACH who="0" ten="240,250,250,250" step="2"/><U30/><E30/><V45/><F9/><W16/><G10/><T90/><D90/><U125/><E125/><V17/><F15/><W71/><G120/><T103/><D103/><N who="1" m="62839" /><E85/><V84/><F84/><W105/><G112/><T128/><D128/><U94/><E94/><V78/><F17/><W38/><G16/><T23/><D23/><U51/><E51/><V35/><F19/><W130/><G49/><T55/><D55/><U76/><AGARI ba="0,1" hai="72,73,74,76,79" m="62839,45617,46603" machi="76" ten="60,4000,0" yaku="34,2" doraHai="56,29" who="1" fromWho="1" sc="240,-20,250,50,250,-10,250,-10" /><INIT seed="1,0,0,1,4,88" ten="220,300,240,240" oya="1" hai0="13,118,54,71,36,110,44,121,128,126,112,47,125" hai1="70,46,39,94,24,95,15,68,131,99,89,38,114" hai2="1,78,37,80,33,16,17,41,2,86,34,76,124" hai3="92,9,53,62,57,107,109,117,64,85,127,119,51"/><U0/><E114/><V130/><F130/><W43/><G107/><T90/><D13/><U63/><E0/><V28/><F124/><N who="0" m="47722" /><D90/><U3/><E3/><V113/><F113/><W81/><G127/><T83/><D83/><U87/><E131/><V111/><F111/><W91/><G109/><T79/><D79/><U4/><E24/><V58/><F58/><W31/><G43/><N who="0" m="22631" /><D110/><U48/><E38/><V29/><F41/><W101/><G31/><T74/><D74/><U42/><E39/><V67/><F37/><W59/><G9/><T27/><D27/><U49/><E49/><V23/><F67/><W97/><AGARI ba="0,0" hai="51,53,57,59,62,64,81,85,91,92,97,101,117,119" machi="97" ten="30,2000,0" yaku="0,1,52,1" doraHai="88" who="3" fromWho="3" sc="220,-5,300,-10,240,-5,240,20" /><INIT seed="2,0,0,2,0,135" ten="215,290,235,260" oya="2" hai0="107,70,79,110,91,9,129,35,8,100,16,32,11" hai1="99,69,118,30,43,97,72,86,31,82,73,84,1" hai2="49,102,111,90,78,54,77,75,13,132,103,128,48" hai3="62,15,14,5,83,121,127,26,24,29,47,45,57"/><V92/><F132/><W65/><G121/><T18/><D70/><U133/><E69/><V22/><F128/><W105/><G105/><T123/><D79/><U12/><E12/><V34/><F34/><W66/><G127/><T10/><D100/><U7/><E43/><V52/><F111/><W33/><G65/><T94/><D107/><U41/><E41/><V23/><F75/><W36/><G36/><T27/><D123/><U116/><E133/><V25/><F13/><W53/><G15/><T117/><D129/><U76/><E76/><V58/><F78/><W4/><G83/><T50/><D110/><U28/><E82/><V93/><F77/><W44/><G26/><T60/><D117/><U68/><E68/><V125/><F25/><W71/><REACH who="3" step="1"/><G14/><REACH who="3" ten="215,290,235,250" step="2"/><T85/><D27/><U101/><E30/><V2/><F2/><W19/><G19/><T114/><D16/><U64/><E64/><V112/><F112/><W0/><G0/><T46/><D114/><U96/><E1/><V106/><F106/><W115/><G115/><T38/><D38/><U61/><E28/><V3/><F3/><W88/><G88/><T104/><D104/><U80/><E31/><V134/><F134/><W59/><G59/><T6/><D18/><U130/><E80/><V55/><F125/><W17/><G17/><T56/><D9/><U40/><E130/><V20/><F58/><W124/><G124/><T21/><D10/><U67/><E116/><V39/><F39/><W95/><G95/><N who="2" m="36425" /><F90/><W37/><G37/><T89/><D11/><U42/><E118/><V109/><F109/><RYUUKYOKU ba="0,1" sc="215,-15,290,-15,235,15,250,15" hai2="20,22,23,48,49,52,54,55,102,103" hai3="4,5,24,29,33,44,45,47,53,57,62,66,71" /><INIT seed="2,1,1,0,1,126" ten="200,275,250,265" oya="2" hai0="23,100,133,69,111,16,90,35,22,53,36,18,93" hai1="113,79,83,89,77,63,27,62,122,25,108,121,82" hai2="132,131,76,11,70,74,115,15,117,68,97,98,34" hai3="60,88,47,19,13,2,52,125,99,31,45,72,120"/><V135/><F115/><W37/><G2/><T14/><D111/><U10/><E10/><V91/><F117/><W123/><G72/><T59/><D133/><N who="2" m="51274" /><F34/><W107/><G125/><T46/><D35/><U104/><E104/><V85/><F76/><N who="1" m="29257" /><E89/><V8/><F74/><W48/><G31/><T128/><D69/><N who="2" m="26730" /><F11/><W67/><G45/><T106/><D106/><U58/><E58/><V109/><F109/><W94/><G37/><T44/><D100/><U95/><E108/><V116/><F116/><W49/><G49/><T12/><D36/><U80/><E113/><V118/><F118/><W40/><G40/><T102/><D102/><U75/><E95/><N who="2" m="54767" /><F131/><W124/><G107/><T84/><D128/><U7/><E7/><AGARI ba="1,1" hai="7,8,15,97,98" m="54767,26730,51274" machi="7" ten="30,1500,0" yaku="20,1" doraHai="126" who="2" fromWho="1" sc="200,0,275,-18,250,28,265,0" /><INIT seed="2,2,0,2,3,20" ten="200,257,278,265" oya="2" hai0="72,117,104,13,79,50,64,23,33,58,97,2,76" hai1="30,133,108,88,24,57,1,17,27,3,86,114,35" hai2="81,14,8,40,75,46,10,128,74,49,15,106,29" hai3="52,83,36,89,91,62,111,55,112,39,70,63,121"/><V9/><F128/><W107/><G107/><T101/><D2/><U125/><E114/><V102/><F29/><W126/><G112/><T130/><D33/><U60/><E108/><V66/><F66/><W32/><G83/><T85/><D130/><U92/><E125/><V12/><F81/><W94/><G94/><T25/><D117/><U38/><E38/><V34/><F34/><W51/><G51/><T96/><D72/><U16/><E133/><V4/><F4/><W80/><G80/><T113/><D113/><U84/><E84/><V5/><F5/><W28/><G32/><T54/><D85/><U82/><E82/><V77/><F77/><W71/><G28/><T42/><D13/><U115/><E115/><V56/><F56/><W116/><G121/><T124/><D124/><U131/><E131/><V69/><F69/><W26/><G126/><T105/><D42/><U21/><E17/><V132/><F132/><W19/><G19/><T120/><D64/><AGARI ba="2,0" hai="1,3,16,21,24,27,30,35,57,60,64,86,88,92" machi="64" ten="30,8000,1" yaku="7,1,52,2,54,2" doraHai="20" who="1" fromWho="0" sc="200,-86,257,86,278,0,265,0" /><INIT seed="3,0,0,2,1,7" ten="114,343,278,265" oya="3" hai0="79,63,135,62,96,12,110,65,53,35,6,18,67" hai1="28,34,15,81,31,17,27,127,39,24,92,91,46" hai2="55,119,50,83,77,104,122,128,0,102,10,47,14" hai3="41,111,60,5,61,49,74,133,76,103,22,51,58"/><W125/><G133/><T48/><D110/><U98/><E127/><V9/><F128/><W36/><G125/><T109/><D109/><U129/><E129/><V105/><F119/><W40/><G111/><T116/><D116/><U126/><E126/><V71/><F71/><W101/><G74/><T43/><D35/><U93/><E81/><V25/><F122/><W124/><G76/><T66/><D135/><U33/><E92/><V21/><F102/><W88/><G36/><T112/><D112/><U44/><REACH who="1" step="1"/><E39/><REACH who="1" ten="114,333,278,265" step="2"/><V113/><F113/><W32/><G124/><T13/><D79/><U16/><E16/><V86/><F105/><W90/><G5/><T78/><D78/><U85/><E85/><V73/><F104/><W23/><G32/><T117/><D117/><U114/><E114/><V89/><F73/><W70/><G70/><T37/><D6/><U38/><E38/><V107/><F107/><W130/><G130/><T134/><D134/><U29/><E29/><V45/><F77/><W80/><G58/><T69/><D69/><U82/><E82/><AGARI ba="0,1" hai="22,23,40,41,49,51,60,61,80,82,88,90,101,103" machi="82" ten="25,9600,0" yaku="22,2,8,1,54,1" doraHai="7" who="3" fromWho="1" sc="114,0,333,-96,278,0,265,106" /><INIT seed="3,1,0,2,5,113" ten="114,237,278,371" oya="3" hai0="93,120,31,102,123,13,76,53,74,16,91,98,90" hai1="132,59,35,70,64,62,125,115,82,69,17,32,47" hai2="110,86,44,131,87,81,80,71,5,105,11,54,27" hai3="28,49,107,39,50,42,130,109,3,127,8,55,20"/><W77/><G107/><T2/><D2/><U25/><E115/><V111/><F105/><W92/><G39/><T41/><D41/><U51/><E125/><V121/><F71/><W30/><G127/><T116/><D31/><U21/><E132/><V19/><F131/><W103/><G130/><T117/><D53/><U88/><E69/><V6/><F121/><N who="0" m="46666" /><D13/><U26/><E70/><V52/><F27/><W22/><G77/><T33/><D16/><U46/><E46/><V119/><F19/><W38/><G38/><T4/><D4/><U60/><E60/><V48/><F11/><W61/><G61/><T12/><D12/><U100/><E100/><V101/><F101/><W75/><G75/><T106/><D33/><U0/><E0/><V65/><F65/><W79/><G79/><T36/><D36/><U114/><E114/><V9/><F9/><W78/><G78/><T108/><D108/><U18/><E26/><V129/><F129/><W99/><G109/><T1/><D1/><U29/><E35/><V57/><F48/><W24/><G22/><T97/><D91/><U73/><E73/><V67/><F67/><W72/><G72/><T14/><D14/><U7/><E7/><V85/><F44/><N who="3" m="25751" /><G30/><T135/><D135/><U124/><E124/><V126/><F126/><W66/><G66/><T58/><D58/><U37/><E32/><V89/><F57/><N who="3" m="33015" /><G3/><T83/><AGARI ba="1,0" hai="74,76,83,90,93,97,98,102,106,116,117" m="46666" machi="83" ten="30,7900,0" yaku="34,2,52,2" doraHai="113" who="0" fromWho="0" sc="114,82,237,-21,278,-21,371,-40" /><INIT seed="4,0,0,2,4,88" ten="196,216,257,331" oya="0" hai0="109,27,69,54,68,38,8,70,23,111,107,102,98" hai1="40,72,56,21,114,119,63,48,1,125,59,60,90" hai2="100,71,94,33,83,113,93,16,41,91,74,131,29" hai3="10,42,80,39,73,2,32,95,34,78,52,135,82"/><T12/><D38/><U55/><E72/><V35/><F71/><W76/><G135/><T105/><D105/><U133/><E1/><V31/><F41/><W84/><G52/><T46/><D46/><U7/><E7/><V14/><F74/><W17/><G17/><T79/><D79/><U20/><E119/><V19/><F83/><W81/><G81/><T92/><D54/><U57/><E133/><V121/><F91/><W123/><G95/><T6/><REACH who="0" step="1"/><D107/><REACH who="0" ten="186,216,257,331" step="2"/><U3/><E55/><V120/><F120/><W126/><G123/><T117/><D117/><U110/><E40/><V43/><F43/><W61/><G39/><T26/><D26/><U66/><E66/><V101/><F121/><W103/><G42/><T104/><D104/><U30/><E48/><V37/><F37/><W15/><G78/><T108/><D108/><U99/><E110/><V50/><F50/><W75/><G76/><T118/><D118/><U51/><E51/><V9/><F35/><W89/><G34/><T67/><D67/><U22/><E60/><V122/><F33/><W53/><G32/><T24/><D24/><U49/><E63/><V96/><F122/><W130/><G61/><T11/><D11/><U86/><E49/><V13/><F9/><W124/><G10/><T134/><D134/><U132/><E132/><V58/><F58/><W36/><G36/><T106/><D106/><U45/><E57/><V44/><F44/><W112/><G75/><T5/><D5/><U127/><E56/><V47/><F47/><W77/><G73/><T28/><AGARI ba="0,1" hai="6,8,12,23,27,28,68,69,70,92,98,102,109,111" machi="28" ten="40,7800,0" yaku="1,1,0,1,52,1,53,0" doraHai="88" doraHaiUra="116" who="0" fromWho="0" sc="186,88,216,-26,257,-26,331,-26" /><INIT seed="4,1,0,3,5,117" ten="274,190,231,305" oya="0" hai0="131,110,113,13,55,134,99,86,34,38,129,62,97" hai1="121,14,0,24,103,130,43,98,1,58,11,49,93" hai2="54,90,42,82,100,133,123,40,5,26,76,79,81" hai3="17,27,6,106,10,52,101,64,126,96,116,77,3"/><T28/><D113/><U31/><E130/><N who="0" m="49673" /><D38/><U44/><E58/><V35/><F35/><W46/><G116/><T23/><D134/><U9/><E9/><V119/><F119/><W87/><G64/><T108/><D34/><U59/><E59/><V85/><F133/><W107/><G126/><T111/><D86/><U114/><E114/><V118/><F118/><W51/><G107/><T2/><D2/><U78/><E78/><V45/><F100/><W104/><G104/><T112/><D112/><U65/><E65/><V68/><F68/><W56/><G27/><N who="0" m="16511" /><D13/><U74/><E74/><V80/><F26/><W128/><G17/><T61/><D55/><U70/><E70/><V50/><F5/><W84/><G128/><T95/><D99/><U53/><E53/><V89/><F54/><W8/><G8/><T71/><D71/><U22/><REACH who="1" step="1"/><E121/><REACH who="1" ten="274,180,231,305" step="2"/><V91/><F123/><W30/><G77/><T29/><D29/><U25/><E25/><V57/><F79/><W67/><G30/><T36/><D36/><U15/><E15/><V132/><F76/><W41/><REACH who="3" step="1"/><G67/><REACH who="3" ten="274,180,231,295" step="2"/><T18/><D18/><AGARI ba="1,2" hai="0,1,11,14,18,22,24,31,43,44,49,93,98,103" machi="18" ten="30,2000,0" yaku="1,1,7,1,53,0" doraHai="117" doraHaiUra="115" who="1" fromWho="0" sc="274,-23,180,43,231,0,295,0" /><INIT seed="5,0,0,1,0,44" ten="251,223,231,295" oya="1" hai0="10,13,17,123,49,131,43,97,85,106,90,93,2" hai1="19,72,101,91,78,20,87,69,24,109,50,34,25" hai2="29,65,122,125,36,74,14,35,16,110,79,128,8" hai3="38,129,5,67,71,51,68,26,23,92,103,9,37"/><U61/><E109/><V63/><F122/><W54/><G129/><T134/><D131/><U100/><E72/><V113/><F128/><W84/><G38/><T115/><D115/><U75/><E75/><V21/><F110/><W42/><G42/><T130/><D130/><U6/><E78/><V55/><F36/><W88/><G103/><T118/><D118/><U39/><E6/><V80/><F113/><W11/><G37/><T18/><D134/><U132/><E132/><V27/><F125/><W105/><G105/><T133/><D133/><U104/><E39/><V1/><F55/><W126/><G126/><T89/><D123/><U112/><E112/><V47/><F47/><W15/><G11/><T77/><D2/><U76/><E76/><V95/><F95/><W73/><G67/><T114/><D114/><U56/><E69/><V22/><REACH who="2" step="1"/><F1/><REACH who="2" ten="251,223,221,295" step="2"/><W108/><G108/><T32/><D106/><U135/><E135/><V94/><F94/><W12/><G92/><T98/><D98/><U82/><E104/><V102/><F102/><W58/><G54/><T40/><D40/><U28/><REACH who="1" step="1"/><E50/><REACH who="1" ten="251,213,221,295" step="2"/><V59/><AGARI ba="0,2" hai="8,14,16,21,22,27,29,35,59,63,65,74,79,80" machi="59" ten="20,8000,1" yaku="1,1,0,1,7,1,54,1,53,1" doraHai="44" doraHaiUra="53" who="2" fromWho="2" sc="251,-20,213,-40,221,100,295,-20" /><INIT seed="6,0,0,4,3,3" ten="231,173,321,275" oya="2" hai0="0,76,64,45,87,85,21,79,110,98,22,51,71" hai1="56,111,73,78,8,119,18,60,103,42,43,96,55" hai2="130,112,93,39,11,20,15,126,101,127,107,80,19" hai3="25,106,31,30,47,69,97,23,113,9,128,6,14"/><V28/><F39/><W124/><G69/><T33/><D110/><U95/><E111/><V58/><F107/><W32/><G124/><N who="2" m="47657" /><F80/><W40/><G128/><T29/><D0/><U63/><E119/><V16/><F130/><W129/><G129/><T35/><D71/><U27/><E73/><V53/><F112/><W92/><G106/><T100/><D64/><U46/><E78/><V1/><F101/><W88/><G113/><T17/><D33/><U37/><E43/><V102/><F102/><W34/><G31/><T82/><D35/><U70/><E27/><N who="2" m="16487" /><F93/><W123/><G123/><T116/><D29/><U36/><E36/><AGARI ba="0,0" hai="6,9,14,23,25,30,32,34,36,40,47,88,92,97" machi="36" ten="30,3900,0" yaku="7,1,52,1,54,1" doraHai="3" who="3" fromWho="1" sc="231,0,173,-39,321,0,275,39" /><INIT seed="7,0,0,1,4,116" ten="231,134,321,314" oya="3" hai0="119,6,2,20,30,21,74,29,10,95,118,87,102" hai1="47,117,23,71,89,1,55,40,105,31,12,3,68" hai2="78,104,83,11,32,110,27,35,37,45,60,67,49" hai3="113,42,25,123,59,34,0,108,80,36,28,66,58"/><W41/><G123/><T98/><D74/><U56/><E105/><V8/><F110/><W109/><G0/><T114/><D87/><U106/><E106/><V4/><F104/><W16/><G113/><T85/><D85/><U81/><E1/><V22/><F37/><W128/><G128/><T100/><D100/><U76/><E3/><V133/><F133/><W93/><G80/><T65/><D114/><U92/><E117/><V39/><F39/><W94/><G16/><T121/><D121/><U107/><E107/><V77/><F35/><W17/><G17/><T130/><D130/><U14/><E71/><V57/><F32/><W97/><G36/><T129/><D129/><U127/><E68/><V64/><F64/><W52/><G59/><T120/><D120/><U84/><E127/><V103/><F103/><N who="3" m="60847" /><G94/><T54/><D54/><U132/><E132/><V9/><F4/><W44/><G44/><T72/><D72/><U73/><E47/><V51/><F83/><W50/><G66/><T24/><D65/><U53/><E40/><N who="2" m="24743" /><F51/><W101/><G101/><T111/><D111/><AGARI ba="0,0" hai="25,28,34,41,42,50,52,58,108,109,111" m="60847" machi="111" ten="30,2900,0" yaku="10,1,54,1" doraHai="116" who="3" fromWho="0" sc="231,-29,134,0,321,0,314,29" owari="202,-19.8,134,-36.6,321,12.1,343,44.3" /></mjloggm>