<mjloggm ver="2.3"><GO type="169" lobby="0"/><UN n0="%E3%81%B5%E3%81%8B" n1="%57%49%4E%44%59%58%58" n2="%E4%BA%9C%E6%9C%88" n3="%E2%97%8E%E3%82%88%E3%81%97%E2%97%8E" dan="17,17,17,17" rate="2232.51,2143.42,2176.95,2186.25" sx="M,M,M,M"/><TAIKYOKU oya="0"/><INIT seed="0,0,0,4,3,7" ten="250,250,250,250" oya="0" hai0="61,99,8,67,119,126,80,27,90,17,68,97,128" hai1="88,33,116,92,71,37,21,132,109,10,1,117,76" hai2="56,91,54,111,6,113,51,44,58,9,14,78,28" hai3="4,62,36,60,100,16,3,108,70,123,87,59,134"/><T53/><D119/><U110/><E33/><V94/><F113/><W77/><G36/><T131/><D126/><U30/><E132/><V104/><F104/><W95/><G70/><T125/><D125/><U106/><E106/><V32/><F111/><N who="1" m="42505" /><E71/><V23/><F78/><W35/><G77/><T69/><D69/><U50/><E37/><V64/><F32/><W112/><G35/><T57/><D80/><U114/><E76/><V115/><F115/><W22/><G134/><T84/><D84/><N who="1" m="52231" /><E114/><V120/><F120/><W38/><G123/><T43/><D43/><U15/><E50/><V41/><F41/><W83/><G38/><T40/><D40/><U65/><E65/><V81/><F64/><W73/><G112/><T66/><D66/><U118/><E1/><V52/><F54/><W31/><G3/><T82/><D82/><U46/><E46/><V55/><F55/><W124/><G83/><T11/><D97/><U101/><E101/><V26/><F81/><W74/><G100/><T121/><D121/><U2/><E2/><V127/><F127/><W5/><G124/><T72/><D72/><U75/><E75/><V98/><AGARI ba="0,0" hai="6,9,14,23,26,28,44,51,52,56,58,91,94,98" machi="98" ten="20,8000,1" yaku="0,1,7,1,8,1,52,1,54,1" doraHai="7" who="2" fromWho="2" sc="250,-40,250,-20,250,80,250,-20" /><INIT seed="1,0,0,5,3,69" ten="210,230,330,230" oya="1" hai0="7,133,112,125,36,123,84,3,73,34,135,19,104" hai1="116,63,50,83,58,38,92,108,10,134,39,110,124" hai2="132,33,8,122,111,54,115,107,74,96,18,43,46" hai3="113,78,17,32,15,25,48,59,40,13,51,121,2"/><U67/><E116/><V21/><F33/><W30/><G113/><T131/><RYUUKYOKU type="yao9" ba="0,0" sc="210,0,230,0,330,0,230,0" hai0="3,7,19,34,36,73,84,104,112,123,125,131,133,135" /><INIT seed="1,1,0,2,2,47" ten="210,230,330,230" oya="1" hai0="104,4,31,55,56,14,24,85,87,51,73,22,91" hai1="88,98,58,48,16,99,30,71,67,127,66,64,44" hai2="79,35,9,68,17,81,119,102,65,20,125,122,18" hai3="38,54,101,120,45,29,23,59,50,61,105,2,62"/><U89/><E71/><V100/><F35/><W107/><G120/><T5/><D73/><U86/><E127/><V27/><F119/><W36/><G2/><T129/><D129/><U70/><E70/><V116/><F116/><W19/><G29/><T95/><D104/><U130/><E30/><V33/><F33/><W72/><G72/><T111/><D111/><U135/><E135/><V34/><F34/><W26/><G62/><T77/><REACH who="0" step="1"/><D14/><REACH who="0" ten="200,230,330,230" step="2"/><U108/><E108/><V40/><F122/><W28/><G105/><T109/><D109/><U131/><E131/><V69/><F125/><W123/><G123/><T52/><D52/><N who="1" m="29703" /><E130/><V12/><F40/><W114/><G114/><T0/><D0/><U37/><E37/><V42/><F42/><W49/><G36/><T32/><D32/><U80/><E58/><V94/><F69/><W57/><G38/><T15/><D15/><U118/><E118/><V121/><F121/><W76/><G59/><T134/><D134/><U110/><E110/><V74/><F68/><W3/><G57/><T103/><D103/><U93/><E16/><V63/><F102/><W82/><G19/><T13/><D13/><U8/><E8/><V43/><F100/><W78/><G3/><T11/><D11/><U92/><E67/><V113/><F113/><W117/><G107/><T53/><D53/><U124/><E124/><V90/><F43/><W106/><G106/><T75/><D75/><U10/><E10/><V1/><F1/><W25/><G117/><T84/><D84/><U7/><E7/><V133/><F133/><W60/><G101/><AGARI ba="1,1" hai="64,66,80,86,88,89,92,93,98,99,101" m="29703" machi="101" ten="30,12000,1" yaku="6,1,8,1,52,1,54,2" doraHai="47" who="1" fromWho="3" sc="200,0,230,133,330,0,230,-123" /><INIT seed="1,2,0,2,3,36" ten="200,363,330,107" oya="1" hai0="124,98,79,4,14,11,86,92,66,73,87,126,43" hai1="56,69,54,108,90,96,44,121,62,2,57,63,128" hai2="88,21,7,71,1,81,131,101,130,23,17,116,104" hai3="31,83,59,70,103,50,129,123,127,89,93,133,20"/><U119/><E2/><V99/><F116/><W94/><G70/><T34/><D34/><U3/><E3/><V51/><F71/><W12/><G123/><T5/><D66/><U27/><E121/><V115/><F115/><W49/><G127/><N who="0" m="48683" /><D4/><U8/><E119/><V67/><F67/><W10/><G129/><N who="2" m="49161" /><F51/><W76/><G133/><T75/><D43/><U47/><E69/><V24/><F23/><W114/><G114/><T95/><D95/><N who="1" m="56439" /><E128/><V125/><F125/><W33/><G94/><T132/><D132/><U61/><E108/><V85/><F1/><W120/><G33/><T110/><D110/><U113/><E113/><V0/><F0/><W38/><G120/><T97/><D97/><U118/><E118/><V25/><F7/><W22/><G93/><T46/><D46/><N who="1" m="17451" /><E8/><V19/><F25/><W107/><G10/><T40/><D11/><U64/><E27/><V30/><AGARI ba="2,0" hai="17,19,21,24,30,81,85,88,99,101,104" m="49161" machi="30" ten="30,2000,0" yaku="19,1,54,1" doraHai="36" who="2" fromWho="2" sc="200,-7,363,-12,330,26,107,-7" /><INIT seed="2,0,0,5,2,109" ten="193,351,356,100" oya="2" hai0="93,10,9,31,67,74,25,86,21,92,34,84,24" hai1="80,29,17,110,133,79,94,7,36,48,14,85,69" hai2="12,23,68,51,135,45,20,113,22,98,41,131,65" hai3="117,123,40,3,108,132,102,83,121,62,28,124,59"/><V122/><F122/><W13/><G117/><T39/><D74/><U90/><E36/><V16/><F131/><W87/><G3/><T118/><D39/><U71/><E110/><V116/><F116/><W77/><G108/><T120/><D120/><U130/><E133/><V101/><F135/><W43/><G132/><T19/><D118/><U76/><E130/><V61/><REACH who="2" step="1"/><F113/><REACH who="2" ten="193,351,346,100" step="2"/><W107/><G123/><T103/><D67/><U96/><E69/><V75/><F75/><W11/><G121/><T91/><D103/><U104/><E71/><V119/><F119/><W57/><G102/><T47/><D47/><U127/><E127/><V99/><F99/><W114/><G124/><T82/><REACH who="0" step="1"/><D92/><AGARI ba="0,1" hai="12,16,20,22,23,41,45,51,61,65,68,92,98,101" machi="92" ten="30,5800,0" yaku="1,1,7,1,54,1,53,0" doraHai="109" doraHaiUra="106" who="2" fromWho="0" sc="193,-58,351,0,346,68,100,0" /><INIT seed="2,1,0,3,1,80" ten="135,351,414,100" oya="2" hai0="39,38,43,23,105,106,114,56,72,111,107,121,50" hai1="54,85,89,104,109,108,118,110,6,126,62,91,25" hai2="11,135,58,88,101,115,133,7,99,18,29,48,34" hai3="12,120,0,94,49,44,73,31,130,10,122,68,46"/><V21/><F115/><W32/><G73/><T125/><D114/><U16/><E118/><V37/><F37/><W40/><G68/><T96/><D72/><U90/><E126/><V5/><F34/><W20/><G0/><T51/><D121/><U66/><E54/><V4/><F29/><W97/><G130/><T65/><D125/><U24/><E6/><V113/><F113/><W15/><G32/><T42/><D111/><U119/><E104/><V71/><F71/><W45/><G120/><T64/><D96/><U102/><E102/><V75/><F75/><W123/><G122/><T67/><D23/><N who="1" m="13415" /><E25/><V53/><F11/><W63/><G63/><T124/><D124/><U33/><E33/><V84/><F101/><N who="3" m="60599" /><G31/><T3/><D3/><U116/><E62/><V14/><F99/><W132/><G132/><T41/><REACH who="0" step="1"/><D56/><REACH who="0" ten="125,351,414,100" step="2"/><U19/><E66/><V47/><F58/><W86/><G86/><T60/><D60/><U78/><E19/><V81/><AGARI ba="1,1" hai="4,5,7,14,18,21,47,48,53,81,84,88,133,135" machi="81" ten="30,6000,0" yaku="0,1,52,1,54,1" doraHai="80" who="2" fromWho="2" sc="125,-21,351,-21,414,73,100,-21" /><INIT seed="2,2,0,0,3,67" ten="104,330,487,79" oya="2" hai0="37,44,130,33,35,36,22,34,70,118,4,56,6" hai1="60,73,54,117,113,82,109,125,32,0,91,25,129" hai2="112,40,18,131,83,7,74,78,79,66,3,24,15" hai3="95,94,128,14,64,122,43,97,84,127,50,119,72"/><V11/><F112/><W48/><G48/><T88/><BYE who="3" /><D130/><U100/><E113/><V68/><F131/><W69/><G69/><T92/><D118/><U105/><E117/><V38/><F79/><W9/><G9/><T5/><D70/><U101/><E0/><V10/><F24/><W65/><G65/><T77/><D77/><U111/><E129/><V115/><F115/><W27/><G27/><T26/><D56/><N who="1" m="34839" /><E105/><V63/><REACH who="2" step="1"/><F40/><REACH who="2" ten="104,330,477,79" step="2"/><W86/><G86/><T87/><REACH who="0" step="1"/><D44/><REACH who="0" ten="94,330,477,79" step="2"/><U120/><E73/><V93/><F93/><W71/><G71/><T45/><D45/><U103/><E111/><V53/><F53/><W23/><G23/><T20/><D20/><U55/><E109/><V57/><F57/><W104/><G104/><T81/><D81/><U75/><E75/><V107/><F107/><W116/><G116/><T62/><D62/><U16/><E55/><V133/><F133/><W126/><G126/><T12/><D12/><U28/><E125/><V134/><F134/><W80/><G80/><T76/><D76/><U17/><E82/><V61/><F61/><W106/><G106/><T30/><AGARI ba="2,2" hai="4,5,6,22,26,30,33,34,35,36,37,87,88,92" machi="30" ten="40,5200,0" yaku="1,1,0,1,54,1,53,0" doraHai="67" doraHaiUra="121" who="0" fromWho="0" sc="94,78,330,-15,477,-28,79,-15" /><INIT seed="3,0,0,0,1,84" ten="172,315,449,64" oya="3" hai0="125,27,129,132,93,71,111,59,117,12,11,28,83" hai1="43,49,118,20,107,89,130,61,57,80,53,67,2" hai2="39,8,60,79,1,94,97,131,21,7,90,48,120" hai3="105,38,82,74,68,69,32,55,63,128,56,46,113"/><W14/><G14/><T92/><D71/><U91/><E2/><V34/><F39/><W40/><G40/><T36/><D117/><U116/><E107/><V58/><F34/><W96/><G96/><T24/><D36/><U41/><E130/><V47/><F131/><W134/><G134/><T95/><D129/><U33/><E33/><V29/><F79/><W19/><G19/><T127/><D132/><U108/><E108/><V64/><F120/><W135/><G135/><T101/><D111/><U72/><E72/><V44/><F48/><W22/><G22/><UN n3="%E2%97%8E%E3%82%88%E3%81%97%E2%97%8E" /><T31/><D101/><U15/><E80/><V35/><F35/><W0/><G32/><T85/><D59/><U4/><E41/><V119/><F119/><N who="1" m="45609" /><E43/><V70/><F70/><W104/><G128/><T45/><D45/><N who="1" m="27823" /><E20/><V126/><F126/><N who="0" m="48138" /><D28/><U50/><E50/><V54/><F29/><W18/><G38/><T10/><D31/><U5/><E15/><V121/><F21/><W86/><G69/><T124/><D124/><U88/><AGARI ba="0,0" hai="4,5,57,61,67,88,89,91" m="27823,45609" machi="88" ten="30,8000,1" yaku="12,1,52,3,54,1" doraHai="84" who="1" fromWho="1" sc="172,-20,315,80,449,-20,64,-40" /><INIT seed="4,0,0,5,0,121" ten="152,395,429,24" oya="0" hai0="46,51,17,42,8,116,85,83,28,112,52,133,123" hai1="36,13,94,89,87,2,129,53,77,40,21,32,107" hai2="95,105,88,62,31,75,59,79,44,106,37,72,131" hai3="61,127,93,48,119,30,128,102,5,125,33,126,135"/><T67/><D123/><U108/><E108/><V58/><F131/><W22/><G119/><T98/><D116/><U80/><E2/><V19/><F31/><W99/><G128/><T41/><D112/><U38/><E32/><V20/><F37/><W104/><G135/><T120/><D120/><U39/><E129/><V103/><F44/><W29/><G33/><T63/><D133/><U101/><E53/><V24/><F59/><W113/><G113/><T130/><D28/><U14/><E21/><V91/><F91/><W49/><G104/><T115/><D98/><U54/><E54/><N who="2" m="34135" /><F103/><W4/><G61/><T86/><D86/><U69/><E40/><V122/><F122/><W114/><G29/><T35/><D35/><U23/><E23/><V76/><F76/><W11/><G5/><T81/><D81/><U9/><E69/><V100/><F100/><W18/><G30/><T66/><D115/><U34/><E34/><V132/><F132/><W78/><G78/><N who="0" m="46327" /><D130/><U7/><E14/><V47/><F79/><W10/><G114/><T27/><D27/><U16/><E7/><V111/><F75/><W92/><G93/><T60/><D60/><U26/><E26/><V82/><F82/><W50/><REACH who="3" step="1"/><G4/><REACH who="3" ten="152,395,429,14" step="2"/><T134/><D134/><U110/><E107/><V109/><F105/><W71/><G71/><T12/><D63/><U1/><E94/><V0/><F106/><W57/><G57/><T65/><AGARI ba="0,1" hai="8,12,17,41,42,46,51,52,65,66,67" m="46327" machi="65" ten="30,3000,0" yaku="8,1,54,1" doraHai="121" who="0" fromWho="0" sc="152,40,395,-10,429,-10,14,-10" /><INIT seed="4,1,0,1,3,38" ten="192,385,419,4" oya="0" hai0="55,2,88,114,46,36,109,110,3,129,111,126,93" hai1="133,8,115,25,23,116,27,121,103,125,35,79,87" hai2="80,98,128,70,72,91,44,61,65,20,100,76,43" hai3="14,30,17,41,92,54,120,49,69,84,71,1,24"/><T0/><D114/><U104/><E116/><V6/><F128/><W68/><G1/><T105/><D129/><U83/><E121/><V135/><F135/><W112/><G120/><T33/><D126/><U62/><E133/><V124/><F124/><W16/><G112/><T77/><D105/><U113/><E125/><V53/><F6/><W5/><G71/><T57/><D33/><U10/><E35/><V123/><F123/><W90/><G69/><T118/><D118/><U19/><E113/><V26/><F53/><W50/><G68/><T22/><D77/><U119/><E119/><V86/><F100/><W66/><G66/><T12/><D46/><U96/><E115/><V132/><F98/><W97/><G5/><T58/><D36/><U4/><E62/><V95/><F132/><W101/><G14/><T32/><D32/><U39/><E39/><V74/><F80/><N who="3" m="49415" /><G30/><T89/><D89/><U75/><E75/><V40/><F76/><W102/><G24/><T11/><D22/><U81/><E81/><V37/><F43/><W48/><G102/><T60/><D58/><U52/><E52/><V7/><F7/><W122/><G122/><T107/><D107/><U18/><E4/><V63/><F63/><W82/><G82/><T56/><D56/><U134/><E134/><V59/><F59/><N who="3" m="33223" /><G50/><T29/><D29/><AGARI ba="1,0" hai="20,26,29,37,40,44,61,65,70,72,74,86,91,95" machi="29" ten="30,2000,0" yaku="7,1,52,1" doraHai="38" who="2" fromWho="0" sc="192,-23,385,0,419,23,4,0" /><INIT seed="5,0,0,5,1,5" ten="169,385,442,4" oya="1" hai0="118,114,69,130,124,71,14,36,94,113,89,128,85" hai1="81,108,3,37,8,100,45,76,39,135,95,19,84" hai2="116,66,62,82,101,24,77,42,122,35,26,120,4" hai3="103,134,79,70,0,51,46,88,11,16,1,96,54"/><U99/><E135/><V78/><F116/><W87/><G70/><N who="0" m="26635" /><D118/><U125/><E125/><V111/><F111/><W132/><G79/><T50/><D36/><U57/><E108/><V20/><F101/><W105/><G132/><T91/><D124/><U72/><E57/><V59/><F42/><W52/><G54/><T83/><D50/><U47/><E37/><V17/><F4/><W61/><G61/><T18/><D94/><U27/><E27/><V74/><F78/><W93/><G134/><T65/><D89/><U49/><E39/><V90/><F90/><W40/><G40/><T133/><D65/><U2/><E72/><V121/><F35/><W129/><G129/><N who="0" m="49771" /><D133/><U53/><REACH who="1" step="1"/><E45/><REACH who="1" ten="169,375,442,4" step="2"/><V63/><F26/><W6/><G16/><T104/><D18/><U109/><E109/><V110/><F110/><W115/><G115/><T12/><D113/><U7/><E7/><V31/><F121/><W32/><G32/><T9/><D114/><U22/><E22/><V119/><F119/><W48/><G48/><T38/><D38/><U44/><E44/><V28/><F122/><W92/><G105/><T23/><D104/><U55/><E55/><V102/><F120/><W131/><G131/><T67/><D23/><U41/><E41/><V73/><F73/><W13/><AGARI ba="0,1" hai="0,1,6,11,13,46,51,52,87,88,92,93,96,103" machi="13" ten="20,8000,1" yaku="0,1,7,1,52,1,54,2" doraHai="5" who="3" fromWho="3" sc="169,-20,375,-40,442,-20,4,90" /><INIT seed="6,0,0,3,0,57" ten="149,335,422,94" oya="2" hai0="24,129,69,17,123,124,58,43,90,88,37,16,85" hai1="96,39,12,95,33,19,106,32,114,4,51,73,93" hai2="20,77,80,78,92,59,70,36,121,66,60,118,28" hai3="31,9,46,128,108,40,54,113,83,107,65,10,86"/><V35/><F118/><W87/><G107/><T14/><D123/><U18/><E39/><V79/><F121/><W22/><G108/><T27/><D69/><U2/><E73/><V3/><F3/><W132/><G128/><T42/><D129/><U101/><E114/><V89/><F36/><W38/><G132/><T130/><D130/><U72/><E72/><V52/><F35/><W125/><G125/><T112/><D112/><U50/><E2/><V135/><F135/><W91/><G113/><T6/><D124/><U109/><E4/><V75/><F28/><W131/><G131/><T1/><D1/><U15/><E96/><V67/><F67/><W53/><G65/><T71/><D71/><U26/><E26/><N who="0" m="9769" /><D37/><U55/><E101/><V30/><F20/><W116/><G116/><T99/><D58/><U111/><E106/><V64/><F64/><W117/><G117/><T76/><D76/><U44/><E44/><V134/><F30/><W81/><G31/><T13/><D6/><U84/><E84/><V97/><F134/><W63/><G86/><T61/><D61/><AGARI ba="0,0" hai="52,59,60,61,66,70,75,77,78,79,80,89,92,97" machi="61" ten="30,11600,0" yaku="7,1,52,2,54,1" doraHai="57" who="2" fromWho="0" sc="149,-116,335,0,422,116,94,0" /><INIT seed="6,1,0,1,1,76" ten="33,335,538,94" oya="2" hai0="4,20,94,14,31,42,67,38,10,40,103,124,47" hai1="60,78,53,112,107,81,70,114,21,30,68,19,88" hai2="71,101,109,2,9,74,7,32,111,80,28,37,125" hai3="102,23,104,51,110,24,84,36,130,86,46,55,29"/><V79/><F125/><W57/><G110/><T66/><D124/><U0/><E0/><V116/><F116/><W72/><G72/><T54/><D40/><U97/><E30/><V113/><F113/><N who="1" m="43625" /><E53/><V15/><F71/><W56/><G130/><T39/><D39/><U34/><E34/><V127/><F127/><W1/><G1/><T25/><REACH who="0" step="1"/><D54/><REACH who="0" ten="23,335,538,94" step="2"/><U77/><E70/><V117/><F37/><W59/><G36/><T123/><D123/><U52/><E68/><V5/><F111/><W43/><G43/><T126/><D126/><U17/><E52/><V33/><F109/><W90/><G55/><T11/><D11/><U135/><E135/><V106/><F117/><W27/><G51/><T92/><D92/><U131/><E107/><V58/><F9/><W65/><G104/><T12/><D12/><U85/><E60/><V62/><F62/><W115/><G115/><T121/><D121/><U35/><E131/><V96/><F15/><W87/><G46/><T73/><D73/><U69/><E69/><V91/><F74/><W22/><G27/><T120/><D120/><U3/><E3/><V100/><F106/><W132/><G132/><T105/><D105/><U50/><E50/><V64/><F2/><W75/><G75/><T49/><D49/><U18/><E17/><V6/><F6/><W61/><G61/><T99/><AGARI ba="1,1" hai="4,10,14,20,25,31,38,42,47,66,67,94,99,103" machi="99" ten="30,2000,0" yaku="1,1,0,1,53,0" doraHai="76" doraHaiUra="13" who="0" fromWho="0" sc="23,33,335,-6,538,-11,94,-6" /><INIT seed="7,0,0,2,2,134" ten="56,329,527,88" oya="3" hai0="38,62,50,75,17,15,125,88,74,64,110,84,37" hai1="97,79,54,101,94,93,19,85,42,65,11,130,121" hai2="120,60,126,10,106,48,135,100,36,41,51,28,78" hai3="86,117,113,57,49,95,0,87,7,104,46,14,53"/><W1/><G104/><T8/><D110/><U3/><E121/><V132/><F78/><W13/><G117/><T76/><D125/><U124/><E124/><V18/><F126/><W83/><G113/><T99/><D99/><U114/><E114/><V128/><F120/><W4/><G1/><T25/><D50/><U2/><E130/><V59/><F28/><W52/><G95/><T70/><D25/><U58/><E42/><V22/><F10/><W30/><G30/><T31/><D31/><U44/><E44/><N who="2" m="23591" /><F100/><W45/><G0/><T29/><D29/><U43/><E43/><V122/><F106/><W109/><G109/><T47/><D47/><U127/><E65/><N who="2" m="39071" /><F122/><W131/><G131/><T89/><D89/><U96/><E127/><V82/><F82/><W21/><G83/><T108/><D108/><U61/><E79/><V73/><F73/><W67/><G49/><T105/><D105/><U68/><E85/><V33/><F33/><W115/><G115/><T103/><D103/><U118/><E68/><V111/><F128/><W91/><G91/><T112/><D112/><U34/><E34/><V55/><F111/><W63/><G86/><T66/><D66/><U40/><E40/><V26/><F55/><N who="3" m="21067" /><G87/><T90/><D90/><N who="1" m="55351" /><E118/><V72/><F72/><N who="0" m="27690" /><D76/><U98/><E98/><V133/><AGARI ba="0,0" hai="18,22,26,48,51,132,133,135" m="39071,23591" machi="133" ten="30,1100,0" yaku="20,1" doraHai="134" who="2" fromWho="2" sc="56,-3,329,-3,527,11,88,-5" owari="53,-44.7,326,12.6,538,63.8,83,-31.7" /></mjloggm>