<mjloggm ver="2.3"><GO type="169" lobby="0"/><UN n0="%73%69%65%72%61%34%30%31" n1="%E3%81%A1%E3%82%83%E3%82%93%E3%81%AE%E3%81%B6" n2="%E5%85%A9%E5%84%80%E4%B8%B6%E5%BC%8F" n3="%74%6B%34%32" dan="17,17,16,16" rate="2246.37,2140.56,2127.04,2108.57" sx="F,M,M,M"/><TAIKYOKU oya="0"/><INIT seed="0,0,0,4,2,91" ten="250,250,250,250" oya="0" hai0="125,131,80,104,106,133,50,56,21,116,77,66,52" hai1="10,3,73,34,14,69,60,36,55,83,35,1,23" hai2="25,16,43,41,92,128,9,108,109,4,93,2,54" hai3="97,87,135,119,20,114,27,59,11,100,110,13,94"/><T65/><D116/><U32/><E36/><V28/><F128/><W98/><G114/><T40/><D131/><U121/><E121/><V120/><F120/><W62/><G119/><T122/><D122/><U46/><E69/><V0/><F0/><W102/><G110/><N who="2" m="42601" /><F54/><W72/><G72/><T107/><D125/><U47/><E23/><N who="2" m="13543" /><F28/><W71/><G71/><T63/><D133/><U67/><E3/><V48/><F48/><W44/><G44/><T74/><REACH who="0" step="1"/><D21/><REACH who="0" ten="240,250,250,250" step="2"/><U132/><E132/><V126/><F126/><W96/><G135/><T68/><D68/><U70/><E35/><V18/><F18/><N who="3" m="12695" /><G102/><T76/><D76/><U78/><E34/><V127/><F127/><W29/><G29/><T85/><D85/><U86/><E86/><V24/><F24/><W115/><G87/><T49/><D49/><U61/><E32/><V103/><F103/><W22/><G22/><T57/><D57/><U99/><E70/><V8/><F8/><W30/><G30/><T31/><D31/><U19/><E10/><V82/><F82/><W111/><G115/><T90/><D90/><U89/><E83/><V113/><F113/><W7/><G111/><T5/><D5/><U51/><E89/><V45/><F45/><AGARI ba="0,1" hai="40,45,50,52,56,63,65,66,74,77,80,104,106,107" machi="45" ten="40,3900,0" yaku="1,1,54,1,53,0" doraHai="91" doraHaiUra="12" who="0" fromWho="2" sc="240,49,250,0,250,-39,250,0" /><INIT seed="0,1,0,3,1,110" ten="289,250,211,250" oya="0" hai0="75,8,62,53,76,72,83,109,121,16,2,0,80" hai1="100,24,40,92,78,116,105,104,63,73,19,113,36" hai2="128,55,33,42,106,123,122,43,77,21,10,118,115" hai3="125,1,89,117,102,86,27,47,22,31,48,90,5"/><T56/><D121/><U11/><E116/><V101/><F33/><W41/><G117/><T127/><D127/><U99/><E63/><V124/><F118/><W23/><G125/><T45/><D109/><U13/><E24/><V32/><F124/><W14/><G102/><T91/><D45/><U64/><E64/><V49/><F32/><W52/><G1/><T93/><D80/><U129/><E129/><V79/><F128/><W88/><G41/><T112/><D112/><U135/><E135/><V133/><F10/><W4/><G86/><T84/><REACH who="0" step="1"/><D72/><REACH who="0" ten="279,250,211,250" step="2"/><U39/><E113/><V71/><F115/><W66/><G66/><T81/><D81/><U87/><E73/><V12/><F133/><W57/><G47/><T54/><D54/><U95/><E78/><V108/><F55/><W98/><G98/><T103/><D103/><U26/><E100/><V67/><F101/><W111/><G111/><T68/><D68/><U34/><E95/><V35/><F108/><W65/><G65/><T114/><D114/><U51/><E92/><V94/><F67/><W120/><G120/><T74/><D74/><U6/><E104/><V44/><F71/><W61/><G61/><T58/><D58/><U38/><E105/><V7/><F106/><W59/><G59/><T132/><D132/><U17/><E99/><V131/><F123/><W30/><G30/><T37/><D37/><U96/><E96/><V134/><F122/><W28/><G31/><T25/><D25/><U18/><E87/><V97/><F134/><W119/><G119/><T50/><D50/><U3/><E51/><RYUUKYOKU ba="1,1" sc="279,15,250,-15,211,-15,250,15" hai0="0,2,8,16,53,56,62,75,76,83,84,91,93" hai3="4,5,14,22,23,27,28,48,52,57,88,89,90" /><INIT seed="0,2,1,2,1,46" ten="294,235,196,265" oya="0" hai0="2,78,6,116,12,117,114,57,92,24,10,45,109" hai1="88,126,127,39,70,95,129,15,50,30,80,23,4" hai2="121,103,22,67,128,35,133,100,119,41,25,73,44" hai3="53,36,38,84,49,1,69,19,29,28,135,123,31"/><T60/><D114/><U76/><E39/><V20/><F121/><W65/><G135/><T52/><D109/><U8/><E70/><V48/><F73/><W14/><G123/><T54/><D78/><U66/><E66/><V7/><F133/><W99/><G1/><T108/><D108/><U131/><E23/><V32/><F128/><N who="1" m="49225" /><E30/><V3/><F119/><W86/><G99/><T42/><D54/><U110/><E110/><V27/><F67/><W64/><G36/><T51/><D92/><U93/><E93/><V83/><F7/><W37/><G37/><T105/><D105/><U16/><E4/><V62/><F3/><W94/><G38/><T91/><D91/><U112/><E50/><V97/><F83/><W118/><G118/><T96/><D96/><N who="1" m="57447" /><E112/><V68/><F68/><W124/><G124/><T47/><D47/><U56/><E56/><V26/><F62/><W122/><G122/><T85/><D85/><AGARI ba="2,1" hai="8,15,16,76,80,85,126,127" m="57447,49225" machi="85" ten="30,3900,0" yaku="19,1,54,2" doraHai="46" who="1" fromWho="0" sc="294,-45,235,55,196,0,265,0" /><INIT seed="1,0,0,3,2,16" ten="249,290,196,265" oya="1" hai0="134,98,76,55,34,0,50,13,102,8,71,94,88" hai1="82,53,90,104,6,73,17,110,39,12,14,58,42" hai2="126,77,111,87,127,9,26,129,86,66,107,84,61" hai3="100,101,116,99,135,93,79,35,19,65,83,5,119"/><U18/><E104/><V89/><F9/><W49/><G35/><T31/><D71/><U114/><E114/><V72/><F26/><W57/><G135/><T95/><D0/><U62/><E6/><V3/><F3/><W45/><G5/><T46/><D134/><U25/><E110/><V74/><F61/><W33/><G33/><T22/><D34/><U21/><E42/><V7/><F66/><W20/><G100/><T85/><D76/><U56/><E39/><V128/><F7/><W29/><G29/><T133/><D133/><U24/><E73/><N who="2" m="28267" /><F107/><W69/><G69/><T92/><D31/><U37/><E37/><V27/><F27/><W130/><G57/><T103/><D22/><U81/><E58/><V70/><F70/><W112/><G112/><T113/><D113/><U43/><E43/><V91/><F77/><W60/><G60/><T123/><D123/><U96/><E17/><V115/><F111/><W28/><G28/><T15/><D8/><U64/><E64/><V54/><F54/><N who="3" m="29999" /><G65/><T47/><D47/><U48/><E62/><V122/><F122/><W118/><G130/><N who="2" m="50281" /><F115/><W80/><G79/><T117/><D13/><AGARI ba="0,0" hai="13,19,20,80,83,93,99,101,116,118,119" m="29999" machi="13" ten="30,2000,0" yaku="12,1,52,1" doraHai="16" who="3" fromWho="0" sc="249,-20,290,0,196,0,265,20" /><INIT seed="2,0,0,4,0,9" ten="229,290,196,285" oya="2" hai0="1,91,34,83,13,2,111,86,99,23,129,74,12" hai1="98,17,78,18,112,131,19,7,71,29,51,0,37" hai2="89,115,58,88,100,39,14,44,15,130,90,116,119" hai3="92,123,43,57,27,28,66,117,72,60,20,50,24"/><V61/><F115/><W38/><G117/><T124/><D34/><U33/><E37/><V3/><F3/><W32/><G72/><T121/><D121/><U5/><E71/><V62/><F130/><W114/><G123/><T85/><D74/><U68/><E68/><V107/><F107/><W126/><G126/><T128/><D124/><U64/><E64/><V110/><F100/><W127/><G127/><T96/><D23/><U8/><E112/><V118/><F110/><W48/><G114/><T31/><D31/><U103/><E78/><V46/><F39/><W101/><G38/><T125/><D125/><U77/><E77/><V87/><F87/><W54/><G43/><T35/><D35/><U10/><E51/><V52/><REACH who="2" step="1"/><F62/><REACH who="2" ten="229,290,186,285" step="2"/><W105/><G105/><T56/><D111/><U53/><E131/><N who="0" m="50249" /><D86/><U134/><E98/><N who="0" m="37417" /><D56/><U70/><E70/><V45/><AGARI ba="0,1" hai="14,15,44,45,46,52,58,61,88,89,90,116,118,119" machi="45" ten="40,36000,4" yaku="1,1,0,1,29,2,52,2,54,2,53,3" doraHai="9" doraHaiUra="84" who="2" fromWho="2" sc="229,-120,290,-120,186,370,285,-120" /><INIT seed="2,1,0,4,1,130" ten="109,170,556,165" oya="2" hai0="54,76,120,30,94,23,125,124,90,11,97,53,2" hai1="28,96,36,64,122,127,55,34,123,68,74,88,37" hai2="65,109,85,48,52,10,73,129,131,39,67,1,57" hai3="121,106,50,17,18,26,62,33,113,117,44,35,107"/><V114/><F39/><W133/><G117/><T19/><D120/><N who="1" m="46123" /><E74/><V77/><F73/><W100/><G121/><T126/><D30/><U24/><E127/><V41/><F114/><W49/><G133/><T47/><D76/><U58/><E64/><V8/><F109/><W104/><G100/><T42/><D11/><U72/><E68/><V56/><F41/><W69/><G113/><T98/><D98/><U116/><E72/><V119/><F119/><W89/><G89/><T75/><D2/><U4/><E4/><V7/><F8/><W59/><G69/><T13/><REACH who="0" step="1"/><D75/><REACH who="0" ten="99,170,556,165" step="2"/><U16/><E116/><V86/><F77/><W82/><G35/><T101/><D101/><U132/><E132/><V83/><F131/><W110/><G33/><T40/><D40/><U61/><E16/><V87/><F129/><W43/><G18/><T38/><AGARI ba="1,1" hai="13,19,23,38,42,47,53,54,90,94,97,124,125,126" machi="38" ten="30,4000,0" yaku="1,1,0,1,18,1,53,0" doraHai="130" doraHaiUra="66" who="0" fromWho="0" sc="99,53,170,-11,556,-21,165,-11" /><INIT seed="3,0,0,2,0,114" ten="152,159,535,154" oya="3" hai0="119,126,67,124,18,99,44,83,108,9,76,48,16" hai1="115,26,89,20,120,102,52,29,130,27,75,93,61" hai2="46,19,87,78,71,90,105,40,17,55,57,36,110" hai3="32,92,2,10,85,49,14,59,23,128,47,109,122"/><W3/><G122/><T21/><D108/><U33/><E115/><V79/><F105/><W98/><G128/><T129/><D129/><U123/><E130/><V127/><F71/><W84/><G109/><T121/><D121/><U63/><E75/><V38/><F38/><W45/><G32/><T101/><D67/><U131/><E63/><V88/><F127/><N who="0" m="48682" /><D9/><U25/><E102/><V66/><F110/><W60/><G23/><T82/><D119/><U0/><E0/><V24/><F66/><W22/><G22/><T135/><D135/><U74/><E74/><V7/><F7/><W103/><G3/><T80/><D76/><U112/><E112/><V31/><F79/><W73/><G2/><T37/><D37/><U41/><E41/><V11/><F78/><W91/><G73/><T100/><D21/><U30/><E27/><V56/><F90/><W62/><G62/><T96/><D96/><U97/><REACH who="1" step="1"/><E131/><REACH who="1" ten="152,149,535,154" step="2"/><V43/><F43/><W35/><G60/><T95/><D101/><U58/><AGARI ba="0,1" hai="20,25,26,29,30,33,52,58,61,89,93,97,120,123" machi="58" ten="30,8000,1" yaku="1,1,2,1,0,1,54,1,53,1" doraHai="114" doraHaiUra="28" who="1" fromWho="1" sc="152,-20,149,90,535,-20,154,-40" /><INIT seed="4,0,0,2,3,39" ten="132,239,515,114" oya="0" hai0="46,101,59,44,113,123,135,118,78,103,82,76,45" hai1="94,80,66,62,125,85,126,109,116,133,34,64,12" hai2="22,5,61,86,9,75,112,69,58,2,87,105,49" hai3="114,71,37,110,119,134,97,16,102,83,67,27,55"/><T99/><D123/><U13/><E109/><V1/><F105/><W25/><G134/><T17/><D118/><U0/><E116/><V72/><F69/><W111/><G114/><T21/><D113/><U96/><E34/><V19/><F112/><W60/><G119/><T4/><D135/><U84/><E0/><V121/><F121/><W43/><G27/><T33/><D33/><U93/><E133/><V129/><F1/><W70/><G70/><T132/><D132/><U91/><E94/><V63/><F129/><W32/><G55/><T51/><D4/><U122/><E85/><V56/><F49/><W106/><G83/><T124/><D124/><N who="1" m="47723" /><E122/><V28/><F28/><W90/><G90/><T31/><D31/><U127/><E127/><V26/><F75/><W23/><REACH who="3" step="1"/><G32/><REACH who="3" ten="132,239,515,104" step="2"/><T73/><D78/><N who="1" m="46103" /><E66/><V20/><F72/><W81/><G81/><T35/><D35/><U88/><E91/><V120/><F120/><W77/><G77/><T68/><D68/><AGARI ba="0,1" hai="12,13,62,64,68,88,93,96" m="46103,47723" machi="68" ten="30,2000,0" yaku="18,1,54,1" doraHai="39" who="1" fromWho="0" sc="132,-20,239,30,515,0,104,0" /><INIT seed="5,0,0,5,0,29" ten="112,269,515,104" oya="1" hai0="1,12,81,17,133,13,103,8,109,24,5,77,71" hai1="54,21,60,23,15,129,96,35,11,52,84,79,104" hai2="94,106,130,122,55,88,58,110,69,43,131,98,101" hai3="56,123,114,93,19,42,32,92,59,22,37,128,99"/><U87/><E129/><N who="2" m="49163" /><F110/><W126/><G128/><T82/><D109/><U95/><E104/><V30/><F122/><W38/><G123/><T111/><D111/><U120/><E120/><V61/><F69/><W51/><G126/><T34/><D71/><U0/><E35/><V41/><F30/><W73/><G73/><T80/><D133/><U91/><E0/><V86/><AGARI ba="0,0" hai="41,43,55,58,61,86,88,94,98,101,106" m="49163" machi="86" ten="30,2000,0" yaku="19,1,54,1" doraHai="29" who="2" fromWho="2" sc="112,-5,269,-10,515,20,104,-5" /><INIT seed="6,0,0,2,3,91" ten="107,259,535,99" oya="2" hai0="20,59,130,77,127,109,125,14,90,34,61,40,3" hai1="98,97,67,95,48,66,5,37,49,50,36,15,45" hai2="28,87,35,112,12,86,65,52,25,120,70,38,7" hai3="22,41,21,68,84,72,102,81,47,73,134,71,13"/><V18/><F120/><W63/><G134/><T60/><D3/><U117/><E117/><V121/><F121/><W85/><G102/><T54/><D34/><U135/><E135/><V44/><F112/><W9/><G73/><T53/><D109/><U115/><E115/><V1/><F65/><W94/><G72/><T108/><D108/><U106/><E106/><V62/><F70/><W33/><G33/><T31/><D77/><U129/><E129/><V131/><F38/><W75/><G75/><T118/><D40/><U58/><E45/><V100/><F100/><W29/><G63/><T17/><D130/><U42/><E42/><V10/><F131/><W69/><G29/><T110/><D110/><U114/><E114/><V88/><F88/><N who="3" m="53511" /><G71/><T24/><D118/><U79/><E37/><V128/><F128/><W80/><G69/><T2/><D2/><U8/><E36/><V132/><F132/><W64/><G64/><T96/><D14/><U116/><E67/><V16/><F18/><N who="3" m="8495" /><G80/><T6/><D31/><U43/><E66/><V124/><F124/><W133/><G68/><T23/><D6/><U107/><E5/><V93/><F62/><W39/><G39/><T78/><D78/><U113/><E79/><V104/><F7/><W119/><G119/><T51/><D61/><U46/><E116/><V122/><F1/><W82/><G82/><T101/><D101/><U83/><E83/><V32/><F122/><W19/><G133/><T103/><D103/><N who="1" m="62959" /><E113/><V55/><F35/><W4/><G4/><T76/><D76/><U74/><E74/><V123/><F123/><RYUUKYOKU ba="0,0" sc="107,0,259,0,535,0,99,0" /><INIT seed="7,1,0,1,2,91" ten="107,259,535,99" oya="3" hai0="134,86,103,7,35,25,94,67,49,107,125,63,40" hai1="90,112,52,89,110,43,37,33,75,8,128,79,124" hai2="114,131,120,12,2,42,71,31,78,26,47,32,80" hai3="21,56,77,14,28,10,93,118,83,132,64,46,92"/><W1/><G118/><T117/><D117/><U59/><E52/><V0/><F12/><W50/><G132/><T60/><D107/><U4/><E79/><V51/><F114/><W20/><G1/><T57/><D125/><U29/><E89/><V58/><F71/><W106/><G106/><T45/><D134/><U9/><E29/><V18/><F131/><W135/><G135/><T81/><D35/><U87/><E87/><V116/><F116/><W22/><G28/><T23/><D7/><U24/><E90/><V76/><F120/><W16/><G56/><T119/><D119/><U27/><E24/><V95/><F78/><W61/><G61/><N who="0" m="38319" /><D103/><U69/><E27/><V62/><F18/><W130/><G64/><T97/><D97/><U109/><E128/><V34/><F95/><W115/><G115/><T111/><D94/><U102/><E59/><V84/><F34/><W68/><G68/><T105/><D105/><U54/><E54/><AGARI ba="1,0" hai="0,2,26,31,32,42,47,51,54,58,62,76,80,84" machi="54" ten="30,1000,0" yaku="7,1" doraHai="91" who="2" fromWho="1" sc="107,0,259,-13,535,13,99,0" owari="107,-29.3,246,4.6,548,64.8,99,-40.1" /></mjloggm>