<mjloggm ver="2.3"><GO type="169" lobby="0"/><UN n0="%42%42%E3%81%A7%E3%81%99%E3%80%82" n1="%E6%A8%99" n2="%E3%81%9B%E3%81%A9%E3%81%AA%E3%82%8A%E3%81%82%E3%82%93" n3="%E6%B2%B3%E7%AB%A5%E3%81%AE%E3%83%AF%E3%82%AB%E3%83%9E%E3%83%84" dan="17,16,17,17" rate="2184.53,2143.29,2190.33,2176.87" sx="M,M,F,M"/><TAIKYOKU oya="0"/><INIT seed="0,0,0,2,2,78" ten="250,250,250,250" oya="0" hai0="25,8,3,42,13,129,11,37,128,93,50,119,96" hai1="51,9,57,115,26,132,47,121,99,44,108,120,86" hai2="53,19,118,71,81,0,116,101,34,94,60,54,7" hai3="55,98,31,74,82,43,91,70,6,33,64,88,14"/><T110/><D37/><U87/><E132/><V22/><F34/><W21/><G43/><T97/><D119/><N who="2" m="45610" /><F7/><W73/><G33/><T104/><D110/><U77/><E115/><V126/><F0/><W89/><G98/><T49/><D3/><U122/><E108/><V38/><F38/><W65/><G55/><T4/><D25/><U1/><E99/><N who="2" m="59639" /><F126/><W46/><G46/><T18/><D42/><U109/><E109/><V113/><F113/><W117/><G117/><T52/><D104/><U23/><E57/><V5/><F5/><W103/><G103/><T92/><D4/><U124/><E124/><V12/><F81/><W127/><G82/><T133/><D13/><U135/><E135/><V2/><F2/><W69/><G14/><T62/><D133/><U84/><E51/><V41/><F41/><W125/><G6/><T112/><D112/><U45/><E1/><V39/><F39/><W36/><G36/><T102/><D102/><U67/><E67/><AGARI ba="0,0" hai="12,19,22,53,54,60,67,71" m="59639,45610" machi="67" ten="30,1000,0" yaku="12,1" doraHai="78" who="2" fromWho="1" sc="250,0,250,-10,250,10,250,0" /><INIT seed="1,0,0,0,4,51" ten="250,240,260,250" oya="1" hai0="106,55,63,19,16,72,92,115,87,126,123,73,97" hai1="26,112,35,94,42,44,76,69,88,100,46,39,53" hai2="50,119,66,28,6,135,12,17,130,7,79,23,48" hai3="83,68,1,98,15,43,52,85,122,95,134,33,99"/><U109/><E69/><V27/><F130/><W133/><G1/><T113/><D106/><U116/><E116/><V59/><F135/><N who="3" m="51723" /><G33/><T41/><D41/><U11/><E112/><V62/><F119/><W45/><G68/><T31/><D31/><U124/><E109/><V36/><F36/><W0/><G0/><T86/><D92/><U30/><E124/><V54/><F79/><W24/><G24/><T128/><D97/><U37/><E76/><V32/><REACH who="2" step="1"/><F48/><REACH who="2" ten="250,240,250,250" step="2"/><W111/><G111/><T105/><D128/><U82/><E39/><V132/><F132/><W64/><G122/><T90/><D123/><U110/><E110/><V13/><F13/><W118/><G15/><T70/><D115/><U58/><E37/><V3/><F3/><W102/><G118/><T5/><D113/><U129/><E129/><V14/><F14/><W60/><G102/><T93/><D126/><U67/><E11/><V4/><F4/><W84/><G98/><T8/><D5/><U108/><E108/><V10/><F10/><W77/><G99/><T9/><D8/><U18/><E26/><V120/><F120/><W49/><G77/><T117/><D9/><U125/><E125/><V81/><F81/><W22/><G83/><T61/><D117/><U127/><E127/><V29/><F29/><W103/><G49/><T131/><D131/><U21/><E30/><V40/><F40/><W47/><G43/><T78/><D78/><U121/><E42/><V2/><F2/><W91/><G103/><T101/><D101/><U89/><E100/><V71/><AGARI ba="0,1" hai="6,7,12,17,23,27,28,32,50,54,59,62,66,71" machi="71" ten="20,5200,0" yaku="1,1,0,1,7,1,52,1,53,0" doraHai="51" doraHaiUra="104" who="2" fromWho="2" sc="250,-13,240,-26,250,62,250,-13" /><INIT seed="2,0,0,2,3,61" ten="237,214,312,237" oya="2" hai0="12,115,83,45,76,95,8,120,119,49,32,36,86" hai1="92,60,29,85,81,93,71,11,129,127,88,68,73" hai2="87,67,21,66,112,2,103,104,79,117,56,65,19" hai3="131,3,43,51,37,64,126,10,34,63,30,106,132"/><V40/><F112/><W1/><G131/><T123/><D115/><U31/><E129/><V18/><F117/><W96/><G132/><T58/><D32/><U105/><E105/><V134/><F2/><W100/><G126/><T69/><D69/><U14/><E127/><V33/><F33/><W53/><G10/><T121/><D119/><U57/><E71/><V97/><F40/><W99/><G99/><T6/><D36/><U48/><E48/><V7/><F7/><W0/><G43/><T91/><D58/><U20/><E68/><V62/><F134/><W77/><G77/><T89/><REACH who="0" step="1"/><D95/><REACH who="0" ten="227,214,312,237" step="2"/><U28/><E92/><N who="2" m="58791" /><F21/><W42/><G37/><T24/><D24/><N who="1" m="16391" /><E93/><V124/><F104/><W59/><G34/><T4/><D4/><N who="1" m="3431" /><E73/><V17/><F124/><W90/><G106/><T15/><D15/><U78/><E78/><V98/><F98/><W108/><G96/><T110/><D110/><U16/><E16/><V9/><F9/><W52/><G108/><T27/><D27/><U116/><E116/><V125/><F125/><W26/><G26/><T74/><D74/><U23/><E23/><V41/><F41/><AGARI ba="0,1" hai="6,8,12,41,45,49,76,83,86,89,91,120,121,123" machi="41" ten="40,5200,0" yaku="1,1,25,2,53,0" doraHai="61" doraHaiUra="94" who="0" fromWho="2" sc="227,62,214,0,312,-52,237,0" /><INIT seed="3,0,0,4,3,11" ten="289,214,260,237" oya="3" hai0="44,35,67,92,49,10,133,18,39,27,33,122,26" hai1="50,123,135,55,69,28,30,127,47,32,56,12,64" hai2="120,106,111,2,58,93,99,9,3,90,105,124,74" hai3="134,84,63,5,130,71,15,21,117,36,131,91,94"/><W41/><G117/><T4/><D122/><U38/><E123/><V70/><F70/><W132/><G36/><T46/><D133/><N who="3" m="51305" /><G41/><T118/><D118/><U40/><E135/><V51/><F120/><W6/><G71/><T62/><D39/><U37/><E37/><V61/><F74/><W13/><G63/><T100/><D35/><U73/><E73/><V25/><F111/><W53/><G53/><T68/><D18/><U75/><E75/><V60/><F60/><W113/><G113/><T57/><D68/><U119/><E119/><V17/><F51/><W83/><G83/><T24/><D33/><U121/><E121/><V126/><F106/><W129/><G21/><T95/><D100/><U76/><E76/><V31/><F105/><W109/><G109/><T108/><D108/><U7/><E32/><V42/><F42/><W81/><G81/><T87/><D87/><U115/><E115/><V34/><F124/><W66/><G66/><T16/><D4/><AGARI ba="0,0" hai="4,5,6,13,15,84,91,94,129,130,131" m="51305" machi="4" ten="40,12000,1" yaku="19,1,20,1,52,2" doraHai="11" who="3" fromWho="0" sc="289,-120,214,0,260,0,237,120" /><INIT seed="3,1,0,5,5,44" ten="169,214,260,357" oya="3" hai0="49,20,105,43,30,8,25,56,17,54,18,97,22" hai1="2,78,63,58,111,112,132,119,122,53,114,24,86" hai2="69,21,13,98,26,115,110,90,113,104,131,109,84" hai3="66,19,130,32,70,103,82,11,5,92,129,96,87"/><W116/><G32/><T81/><D43/><U75/><E122/><V85/><F69/><W126/><G116/><T133/><D133/><U135/><E2/><V14/><F131/><W121/><G121/><T102/><D8/><U46/><E75/><V9/><F98/><W68/><G19/><T74/><REACH who="0" step="1"/><D22/><REACH who="0" ten="159,214,260,357" step="2"/><U128/><E119/><V62/><F9/><W27/><G11/><T45/><D45/><U101/><E128/><V36/><F21/><W37/><G129/><T93/><D93/><U72/><E46/><V73/><F104/><W88/><G92/><T61/><D61/><U35/><E111/><V47/><F47/><W60/><G60/><T99/><D99/><U41/><E41/><V51/><F62/><W40/><G96/><T100/><D100/><U16/><E35/><V124/><F36/><W39/><G103/><T15/><D15/><U91/><E101/><V1/><F1/><W48/><G130/><T118/><D118/><U67/><E112/><V55/><F113/><W57/><G40/><T107/><D107/><U6/><E114/><V29/><F115/><W125/><G39/><T38/><D38/><U31/><E132/><V108/><F109/><W42/><G37/><T117/><D117/><U34/><E135/><V120/><F108/><W95/><G95/><T33/><D33/><U3/><E34/><N who="2" m="20791" /><F110/><W134/><G134/><T71/><D71/><U12/><E12/><V10/><F10/><W4/><G70/><T28/><D28/><U59/><E3/><V83/><F13/><W94/><G42/><T50/><D50/><U0/><E0/><RYUUKYOKU ba="1,1" sc="159,30,214,-10,260,-10,357,-10" hai0="17,18,20,25,30,49,54,56,74,81,97,102,105" /><INIT seed="4,2,1,4,5,65" ten="189,204,250,347" oya="0" hai0="120,91,132,78,58,55,88,134,108,51,113,127,56" hai1="7,46,99,92,25,30,60,118,66,103,135,50,115" hai2="14,84,101,5,12,67,129,90,31,1,79,45,121" hai3="119,73,95,110,87,44,133,109,126,125,3,48,15"/><T9/><D120/><U43/><E118/><V86/><F121/><W97/><G3/><T34/><D34/><U128/><E115/><V82/><F101/><W96/><G119/><T70/><D70/><U36/><E135/><N who="0" m="51753" /><D113/><U131/><E7/><V4/><F129/><W63/><G73/><T89/><D127/><N who="3" m="48649" /><G133/><T28/><D28/><U8/><E8/><V38/><F67/><W77/><G63/><T0/><D78/><U74/><E74/><V106/><F106/><W93/><G15/><N who="2" m="5673" /><F38/><W32/><G32/><T68/><D68/><U122/><E122/><V85/><F85/><W116/><G116/><T42/><D42/><U105/><E50/><V75/><F75/><W112/><G112/><T49/><D108/><U16/><E16/><V54/><F31/><W81/><G44/><N who="0" m="28071" /><D51/><U98/><E98/><N who="3" m="37994" /><G48/><T17/><D17/><U117/><E117/><V22/><F45/><W94/><AGARI ba="2,1" hai="77,81,87,93,94,95,109,110" m="37994,48649" machi="94" ten="40,5200,0" yaku="18,1,34,2" doraHai="65" who="3" fromWho="3" sc="189,-28,204,-15,250,-15,347,68" /><INIT seed="5,0,0,4,1,22" ten="161,189,235,415" oya="1" hai0="39,47,63,93,106,105,45,87,81,31,135,18,61" hai1="26,60,14,54,55,102,118,113,116,17,33,78,62" hai2="10,66,23,98,43,4,97,120,121,49,58,53,52" hai3="40,134,99,65,9,57,89,86,59,67,46,128,85"/><U16/><E78/><V42/><F66/><W91/><G128/><T108/><D108/><U101/><E14/><V7/><F23/><W1/><G134/><T103/><D135/><U8/><E8/><V74/><F74/><W133/><G133/><T130/><D130/><U123/><E123/><V64/><F64/><W79/><G79/><T83/><D31/><U5/><E5/><V3/><F10/><W122/><G99/><T13/><D93/><U77/><E77/><V84/><F58/><W109/><G109/><T125/><D125/><U21/><E21/><V112/><F49/><W12/><G1/><T44/><D39/><U15/><E15/><V25/><F84/><W28/><G28/><T115/><D115/><U117/><E117/><V56/><F56/><W72/><G72/><T36/><D36/><U32/><E113/><V37/><F37/><W124/><G124/><T34/><D34/><U29/><E29/><V50/><F50/><N who="3" m="26951" /><G122/><T114/><D114/><U90/><E90/><V94/><F112/><W76/><G76/><T119/><D119/><U92/><E92/><V69/><F94/><N who="3" m="54575" /><G67/><T51/><D106/><U30/><E30/><V41/><F41/><W111/><G65/><T75/><D105/><U132/><E132/><V2/><F69/><W0/><G0/><T88/><D103/><U27/><AGARI ba="0,0" hai="16,17,26,27,32,33,54,55,60,62,101,102,116,118" machi="27" ten="25,18000,2" yaku="0,1,22,2,52,2,54,1" doraHai="22" who="1" fromWho="1" sc="161,-60,189,180,235,-60,415,-60" /><INIT seed="5,1,0,4,5,124" ten="101,369,175,355" oya="1" hai0="45,75,55,101,43,69,51,118,113,56,64,31,33" hai1="19,29,74,127,40,58,48,24,57,108,107,37,4" hai2="38,87,98,35,17,82,1,3,106,93,63,133,25" hai3="114,16,11,15,117,6,46,126,78,2,85,105,8"/><U66/><E127/><V36/><F106/><W65/><G126/><T123/><D75/><U68/><E74/><V134/><F63/><W73/><G114/><T111/><D101/><U115/><E115/><V128/><F17/><W112/><G112/><T116/><D113/><U95/><E107/><V79/><F25/><W39/><G105/><T18/><D18/><U47/><E4/><V71/><F71/><W122/><G122/><T67/><D31/><U109/><E19/><V13/><F13/><W52/><G65/><T44/><D33/><U70/><E95/><V14/><F14/><W53/><G85/><T110/><D123/><U84/><E84/><V92/><F35/><W21/><G8/><T12/><D12/><U32/><E58/><V81/><F87/><W59/><G59/><T86/><D86/><U42/><E42/><V41/><F41/><N who="3" m="22847" /><G117/><N who="0" m="45163" /><D45/><U50/><E50/><V7/><F7/><W102/><G102/><T72/><D72/><U60/><E70/><V10/><F10/><W77/><G77/><T94/><D94/><U135/><E135/><V26/><F26/><W61/><G61/><N who="0" m="40079" /><D67/><U90/><E90/><V104/><F104/><W76/><G76/><T9/><D9/><U130/><E130/><V23/><F79/><W30/><G30/><T0/><D0/><U97/><E97/><V120/><F120/><W27/><G27/><T131/><D111/><U80/><E80/><AGARI ba="1,0" hai="2,6,11,15,16,21,52,53,73,78,80" m="22847" machi="80" ten="30,3900,0" yaku="25,1,54,2" doraHai="124" who="3" fromWho="1" sc="101,0,369,-42,175,0,355,42" /><INIT seed="6,0,0,2,3,51" ten="101,327,175,397" oya="2" hai0="37,121,130,30,125,131,18,87,10,93,104,24,66" hai1="102,50,108,89,25,120,99,78,88,73,57,11,3" hai2="109,92,48,64,118,113,26,31,13,58,34,28,129" hai3="74,16,38,76,95,46,133,69,62,56,0,2,77"/><V35/><F118/><W61/><G133/><T68/><D104/><U65/><E108/><V103/><F113/><W27/><G69/><T98/><D37/><U47/><E120/><V55/><F129/><W116/><G116/><T67/><D121/><U86/><E73/><V107/><F107/><W59/><G95/><T36/><D36/><U134/><E134/><V96/><F109/><W23/><G38/><T20/><D125/><U70/><E70/><V49/><F64/><W15/><G46/><T123/><D123/><U72/><E72/><V84/><F13/><W1/><G74/><T14/><D68/><U6/><E25/><V119/><F119/><W127/><G127/><T8/><D87/><U40/><E78/><V52/><F84/><W132/><G132/><T44/><D8/><U5/><E5/><V122/><F122/><W42/><G42/><T22/><D10/><U91/><E57/><V80/><F80/><W126/><G126/><T33/><D33/><U17/><E17/><V82/><F82/><W135/><G135/><T115/><D115/><U100/><E65/><V9/><F9/><W54/><REACH who="3" step="1"/><G27/><REACH who="3" ten="101,327,175,387" step="2"/><T101/><REACH who="0" step="1"/><D44/><REACH who="0" ten="91,327,175,387" step="2"/><U106/><REACH who="1" step="1"/><E100/><REACH who="1" ten="91,317,175,387" step="2"/><V29/><F35/><W79/><G79/><T112/><D112/><U43/><E43/><V117/><F117/><W32/><G32/><T97/><D97/><U53/><E53/><AGARI ba="0,3" hai="0,1,2,15,16,23,53,54,56,59,61,62,76,77" machi="53" ten="40,12000,2" yaku="1,1,9,1,52,2,54,1,53,1" doraHai="51" doraHaiUra="19" who="3" fromWho="1" sc="91,0,317,-120,175,0,387,150" /><INIT seed="7,0,0,4,3,123" ten="91,197,175,537" oya="3" hai0="114,28,2,22,125,130,13,87,25,12,89,58,134" hai1="93,53,59,47,81,95,88,75,8,21,131,104,34" hai2="98,121,19,107,113,31,24,126,27,100,129,62,90" hai3="79,128,65,26,83,111,23,50,92,122,110,20,117"/><W16/><G122/><T105/><D2/><U33/><E104/><V74/><F121/><W5/><G117/><T9/><D105/><U99/><E131/><V49/><F74/><W103/><G128/><T73/><D73/><U29/><E8/><V45/><F129/><W48/><G65/><T35/><D130/><U135/><E47/><V68/><F113/><W115/><G115/><T17/><D114/><U3/><E3/><V109/><F126/><W119/><G119/><T61/><D125/><U71/><E71/><V106/><F106/><W37/><G37/><T57/><D134/><U11/><E11/><V78/><F78/><W120/><G5/><T52/><D35/><U112/><E112/><V42/><F90/><W4/><G4/><T56/><REACH who="0" step="1"/><D13/><REACH who="0" ten="81,197,175,537" step="2"/><U0/><E135/><V94/><F107/><W38/><G120/><T7/><D7/><U1/><E0/><V44/><F27/><W80/><G38/><T91/><D91/><N who="1" m="55807" /><E1/><V70/><F24/><W82/><G79/><T32/><D32/><U54/><E33/><V67/><F100/><W40/><G103/><T66/><D66/><U132/><E34/><V30/><F67/><W14/><G14/><T69/><D69/><U124/><E75/><V51/><F68/><W55/><G26/><T36/><D36/><U133/><E124/><V84/><F70/><W39/><G39/><T72/><D72/><U10/><E132/><V15/><F15/><W46/><G23/><T86/><D86/><U101/><E88/><V127/><F127/><W85/><G20/><T18/><D18/><U76/><E133/><RYUUKYOKU ba="0,1" sc="81,30,197,-10,175,-10,537,-10" hai0="9,12,17,22,25,28,52,56,57,58,61,87,89" owari="111,-38.9,187,-1.3,165,-23.5,537,63.7" /></mjloggm>