<mjloggm ver="2.3"><GO type="169" lobby="0"/><UN n0="%E9%B3%B4%E8%8C%B6" n1="%E6%95%97%E5%8C%97%E8%80%85%E3%81%AD%E3%82%8B" n2="%E3%83%97%E3%83%AC%E3%82%B9%E3%83%97" n3="%E5%8F%97%E3%81%91%E5%85%A5%E3%82%8C%E9%87%8D%E8%A6%96" dan="16,17,16,16" rate="2148.08,2185.93,2166.84,2174.86" sx="M,F,M,M"/><TAIKYOKU oya="0"/><INIT seed="0,0,0,0,2,43" ten="250,250,250,250" oya="0" hai0="72,71,2,115,125,90,32,98,11,54,88,64,124" hai1="96,6,78,94,104,87,47,81,34,113,126,65,129" hai2="31,122,92,27,12,8,1,53,16,91,51,85,45" hai3="3,84,60,42,61,107,135,120,69,93,103,82,15"/><T56/><D115/><U121/><E121/><V24/><F122/><W19/><G107/><T50/><D32/><U22/><E34/><V70/><F70/><W44/><G3/><T95/><D72/><U109/><E113/><V52/><F1/><W28/><G28/><T48/><D71/><U79/><E109/><V66/><F66/><W36/><G120/><T49/><D64/><U108/><E108/><V63/><F31/><W75/><G135/><T102/><D11/><U74/><E78/><V105/><F105/><W13/><G75/><T57/><D2/><U55/><E65/><V119/><F119/><W100/><G13/><T117/><D117/><U134/><E6/><V62/><F53/><W114/><G114/><T112/><D112/><U132/><E22/><N who="2" m="13383" /><F27/><W77/><G69/><T18/><D18/><AGARI ba="0,0" hai="8,12,18,45,51,52,62,63,85,91,92" m="13383" machi="18" ten="30,7700,0" yaku="8,1,52,1,54,2" doraHai="43" who="2" fromWho="0" sc="250,-77,250,0,250,77,250,0" /><INIT seed="1,0,0,1,0,73" ten="173,250,327,250" oya="1" hai0="61,64,122,104,15,69,28,86,130,88,33,60,51" hai1="110,24,29,87,26,57,128,37,9,68,50,126,71" hai2="113,112,81,63,90,23,129,46,40,115,91,8,75" hai3="21,103,77,5,101,85,111,17,119,49,58,2,135"/><U25/><E37/><V38/><F129/><W80/><G111/><T3/><D3/><U22/><E128/><V42/><F42/><W131/><G131/><T10/><D130/><U116/><E116/><V72/><F23/><W16/><G119/><T44/><D104/><U14/><E126/><V93/><F63/><W54/><G135/><T36/><D36/><U66/><E110/><V43/><F43/><W35/><G35/><T100/><D100/><U6/><E71/><V45/><F45/><W99/><G101/><T114/><D114/><U32/><E68/><V34/><F34/><W13/><G2/><T55/><D122/><U97/><E32/><V121/><F121/><W56/><G5/><T132/><D132/><U120/><E120/><V95/><F8/><W117/><G117/><T98/><D98/><U107/><E107/><V96/><REACH who="2" step="1"/><F81/><REACH who="2" ten="173,250,317,250" step="2"/><W102/><G58/><T109/><D109/><U124/><E22/><V82/><F82/><W48/><G48/><T89/><D60/><N who="1" m="38159" /><E29/><V7/><F7/><W92/><G17/><T19/><REACH who="0" step="1"/><D86/><AGARI ba="0,1" hai="38,40,46,72,75,86,90,91,93,95,96,112,113,115" machi="86" ten="40,2600,0" yaku="1,1,11,1,53,0" doraHai="73" doraHaiUra="76" who="2" fromWho="0" sc="173,-26,250,0,317,36,250,0" /><INIT seed="2,0,0,4,3,35" ten="147,250,353,250" oya="2" hai0="129,103,109,61,75,113,107,15,9,69,110,127,119" hai1="82,78,98,90,87,132,33,28,55,48,81,112,65" hai2="38,19,100,57,122,42,37,92,124,67,115,77,72" hai3="70,50,46,104,128,34,93,31,39,85,94,68,32"/><V56/><F115/><W5/><G104/><T40/><D113/><U45/><E112/><V7/><F122/><W24/><G39/><T20/><D75/><U125/><E125/><V51/><F124/><W66/><G32/><T114/><D114/><U23/><E132/><V36/><F19/><W123/><G123/><T84/><D127/><U60/><E33/><V52/><F7/><W134/><G134/><T59/><D69/><U25/><E98/><V74/><F42/><W102/><G128/><T11/><D40/><U41/><E41/><V118/><F77/><W131/><G131/><T0/><D129/><U18/><E28/><V58/><F118/><W44/><G46/><T8/><D119/><U21/><E21/><V30/><F30/><W126/><G126/><T133/><D84/><U117/><E117/><V63/><REACH who="2" step="1"/><F57/><REACH who="2" ten="147,250,343,250" step="2"/><W83/><G5/><T64/><D133/><U130/><E130/><V6/><F6/><W106/><G70/><T96/><REACH who="0" step="1"/><D0/><REACH who="0" ten="137,250,343,250" step="2"/><U97/><E78/><V73/><F73/><W121/><G121/><T16/><AGARI ba="0,2" hai="8,9,11,15,16,20,59,61,64,96,103,107,109,110" machi="16" ten="30,8000,1" yaku="1,1,2,1,0,1,54,1,53,1" doraHai="35" doraHaiUra="99" who="0" fromWho="0" sc="137,100,250,-20,343,-40,250,-20" /><INIT seed="3,0,0,2,1,23" ten="237,230,303,230" oya="3" hai0="5,134,64,56,90,22,118,123,16,97,73,0,59" hai1="98,133,9,125,76,44,52,83,117,68,51,10,102" hai2="19,78,50,109,66,74,69,89,24,12,128,39,131" hai3="26,116,114,4,80,93,105,108,46,75,130,58,48"/><W124/><G105/><T126/><D123/><U106/><E68/><V65/><F39/><W87/><G114/><T122/><D122/><U132/><E125/><V34/><F109/><W104/><G104/><T1/><D118/><U77/><E117/><V3/><F3/><W32/><G116/><T55/><D73/><U92/><E106/><V2/><F2/><W101/><G75/><T84/><D126/><U36/><E36/><V47/><F78/><W100/><G124/><T121/><D121/><U81/><E133/><V38/><F38/><W57/><G4/><T67/><D134/><U53/><E132/><V129/><F89/><W13/><G13/><T15/><D97/><U17/><E53/><N who="2" m="29919" /><F69/><W54/><G108/><T61/><D5/><U71/><E71/><V113/><F74/><W70/><G70/><T111/><D111/><U14/><REACH who="1" step="1"/><E9/><REACH who="1" ten="237,220,303,230" step="2"/><N who="2" m="6543" /><F113/><W31/><G130/><T119/><D119/><U115/><E115/><V7/><F131/><W120/><G120/><T96/><D67/><U33/><E33/><V63/><F66/><W72/><G72/><T107/><D107/><U42/><E42/><V21/><F34/><W8/><G8/><T99/><D0/><U88/><E88/><V85/><F128/><W60/><G101/><T86/><D1/><U27/><E27/><V94/><F24/><W29/><G100/><T30/><D90/><U6/><E6/><V18/><F7/><W11/><G32/><T37/><D37/><U25/><E25/><N who="2" m="14519" /><F129/><W20/><G26/><T91/><D91/><U49/><E49/><V82/><F65/><W127/><G127/><RYUUKYOKU ba="0,1" sc="237,-10,220,30,303,-10,230,-10" hai1="10,14,17,44,51,52,76,77,81,83,92,98,102" /><INIT seed="4,1,1,0,2,135" ten="227,250,293,220" oya="0" hai0="59,12,5,74,15,49,37,90,88,129,32,22,39" hai1="125,126,99,102,62,0,121,26,6,104,52,16,41" hai2="66,2,42,92,50,8,31,105,23,84,117,18,19" hai3="109,133,70,131,108,111,122,43,7,78,58,79,93"/><T118/><D32/><U76/><E121/><V46/><F105/><W113/><G70/><T11/><D118/><U86/><E41/><V61/><F117/><W80/><G133/><T10/><D74/><U29/><E6/><V73/><F73/><W35/><G35/><T20/><D129/><U3/><E16/><V17/><F2/><W48/><G131/><T100/><D100/><U47/><E76/><V69/><F8/><W107/><G107/><T27/><D49/><N who="1" m="28735" /><E86/><V13/><F31/><W77/><G122/><T36/><D59/><U51/><E51/><V128/><F128/><W53/><G113/><T98/><D98/><U25/><E62/><V83/><REACH who="2" step="1"/><F92/><REACH who="2" ten="227,250,283,220" step="2"/><W95/><G7/><T119/><D119/><U24/><E29/><V112/><F112/><W14/><G80/><T71/><D71/><U130/><E130/><V55/><F55/><W21/><G21/><T123/><D123/><U124/><AGARI ba="1,2" hai="0,3,24,25,26,99,102,104,124,125,126" m="28735" machi="124" ten="40,8000,1" yaku="18,1,52,3,54,1" doraHai="135" who="1" fromWho="1" sc="227,-41,250,103,283,-21,220,-21" /><INIT seed="5,0,0,5,2,131" ten="186,353,262,199" oya="1" hai0="103,118,2,28,14,49,95,31,76,73,111,67,90" hai1="6,127,22,92,20,27,52,5,69,129,18,123,125" hai2="75,132,122,32,102,108,10,35,19,4,48,110,77" hai3="0,34,116,33,80,91,54,119,30,64,42,62,66"/><U74/><E123/><V124/><F122/><W63/><G0/><T58/><D2/><U86/><E74/><V82/><F124/><N who="1" m="47689" /><E69/><V65/><F65/><W115/><G42/><T7/><D118/><N who="3" m="45097" /><G115/><T130/><D130/><U47/><E129/><V81/><F102/><W57/><G30/><N who="0" m="11307" /><D111/><U126/><N who="1" m="47697" /><U25/><DORA hai="94" /><E92/><V53/><F19/><W133/><G133/><T38/><D38/><U60/><E86/><V89/><F132/><W104/><G104/><T16/><D73/><U68/><E68/><V45/><F89/><W97/><G66/><T37/><D37/><U36/><E36/><V71/><F71/><N who="3" m="42391" /><G80/><T26/><D103/><U135/><E135/><V15/><REACH who="2" step="1"/><F82/><REACH who="2" ten="186,353,252,199" step="2"/><W40/><G40/><T84/><D67/><U100/><E100/><V41/><F41/><W96/><G91/><T120/><D120/><U51/><E60/><V29/><F29/><AGARI ba="0,1" hai="5,6,18,20,22,25,27,29,47,51,52" m="47697" machi="29" ten="40,3900,0" yaku="18,1,54,1" doraHai="131,94" who="1" fromWho="2" sc="186,0,353,49,252,-39,199,0" /><INIT seed="5,1,0,2,1,46" ten="186,402,213,199" oya="1" hai0="22,78,1,47,99,121,28,29,57,13,110,12,44" hai1="48,122,16,51,35,65,71,109,3,100,53,5,84" hai2="69,112,23,55,128,19,34,86,102,88,80,8,62" hai3="73,11,76,72,56,107,36,95,42,119,81,97,113"/><U25/><E122/><V74/><F34/><W7/><G107/><T129/><D1/><U54/><E109/><V90/><F128/><W31/><G113/><T30/><D110/><U89/><E100/><V75/><F112/><W85/><G119/><T70/><D70/><U98/><E98/><V103/><F8/><W66/><G31/><T126/><D129/><U127/><E127/><V105/><F90/><W21/><G21/><T20/><D126/><U77/><E77/><V49/><F62/><W96/><G97/><T133/><D121/><U82/><E71/><V32/><F32/><W130/><G130/><T17/><D133/><U92/><E65/><V67/><F67/><W52/><G66/><T14/><D78/><U38/><E38/><V63/><F63/><W120/><G120/><T37/><D99/><N who="1" m="57743" /><E35/><V18/><F18/><W116/><G116/><T115/><D115/><U108/><E5/><V2/><F2/><W132/><G132/><T87/><D37/><U114/><E3/><V10/><F10/><W131/><G131/><T26/><D87/><U41/><E108/><V104/><F69/><W124/><G124/><T125/><D125/><U9/><E114/><V40/><F105/><W24/><G36/><T15/><REACH who="0" step="1"/><D57/><REACH who="0" ten="176,402,213,199" step="2"/><N who="1" m="32935" /><E41/><V94/><F40/><W59/><G42/><T4/><D4/><U101/><E101/><V117/><F117/><W123/><G123/><T118/><D118/><U91/><E84/><V0/><F0/><W93/><G85/><T43/><D43/><U39/><E39/><V27/><F103/><W6/><G76/><T60/><D60/><RYUUKYOKU ba="1,1" sc="176,30,402,-10,213,-10,199,-10" hai0="12,13,14,15,17,20,22,26,28,29,30,44,47" /><INIT seed="6,2,1,4,3,8" ten="206,392,203,189" oya="2" hai0="6,80,134,11,7,135,98,36,126,123,109,18,99" hai1="131,94,9,28,34,35,85,16,50,101,22,43,56" hai2="24,49,129,108,128,23,66,67,92,107,115,52,112" hai3="42,59,29,73,62,102,118,93,114,39,40,38,86"/><V65/><F107/><W0/><G73/><T45/><D109/><U41/><E131/><N who="2" m="50251" /><F92/><W15/><G0/><T103/><D123/><U125/><E125/><V27/><F108/><W10/><G118/><T53/><D126/><U90/><E101/><V96/><F96/><W81/><G29/><T19/><D80/><U47/><E41/><V119/><F119/><W117/><G117/><T13/><D98/><U100/><E100/><V44/><F23/><W69/><G69/><T71/><D71/><U17/><E56/><V83/><F83/><W91/><G114/><AGARI ba="2,1" hai="24,27,44,49,52,65,66,67,112,114,115" m="50251" machi="114" ten="40,7700,0" yaku="15,1,19,1,54,1" doraHai="8" who="2" fromWho="3" sc="206,0,392,0,203,93,189,-83" /><INIT seed="6,3,0,0,3,49" ten="206,392,296,106" oya="2" hai0="59,116,63,8,9,107,111,23,105,25,54,119,123" hai1="57,91,66,112,46,21,122,88,33,72,127,24,2" hai2="99,22,5,87,36,20,12,124,32,55,97,94,108" hai3="44,71,75,48,115,102,128,1,39,51,50,3,41"/><V134/><F32/><W126/><G75/><T65/><D123/><U90/><E72/><V84/><F134/><W30/><G71/><T76/><D111/><U114/><E2/><V35/><F35/><W62/><G126/><T80/><D105/><U106/><E106/><V16/><F124/><W19/><G30/><T73/><D107/><U27/><E127/><V31/><F36/><W81/><G128/><T6/><D65/><U120/><E46/><V110/><F5/><W83/><G102/><T56/><D59/><U15/><E15/><V98/><F94/><W129/><G129/><T77/><D77/><U131/><E131/><V74/><F74/><W38/><G38/><T58/><D56/><U79/><E79/><V133/><F133/><W68/><G115/><N who="1" m="44074" /><E33/><V118/><F118/><N who="0" m="45098" /><D6/><U82/><E82/><V60/><F108/><W135/><G135/><T104/><D104/><U103/><E103/><V121/><F121/><N who="1" m="46697" /><E21/><V96/><N who="2" m="24576" /><DORA hai="28" /><V86/><F110/><W18/><G83/><T67/><D67/><U117/><E117/><V34/><F34/><W7/><G81/><T29/><AGARI ba="3,0" hai="8,9,23,25,29,54,58,63,73,76,80" m="45098" machi="29" ten="30,2000,0" yaku="12,1,52,1" doraHai="49,28" who="0" fromWho="0" sc="206,29,392,-8,296,-13,106,-8" /><INIT seed="7,0,0,3,1,37" ten="235,384,283,98" oya="3" hai0="31,77,41,21,96,12,1,55,128,19,67,8,51" hai1="48,121,79,108,97,29,23,18,22,83,103,13,40" hai2="104,24,5,109,65,92,16,42,99,132,3,35,71" hai3="20,101,100,76,133,106,122,56,130,69,11,105,33"/><W15/><G69/><T94/><D128/><U6/><E108/><V91/><F109/><W26/><G33/><T114/><D77/><U119/><E119/><V93/><F104/><W125/><G122/><T66/><D114/><U36/><E36/><V90/><F132/><W2/><G2/><T98/><D1/><U30/><E6/><V50/><F65/><W123/><G123/><T81/><D81/><U43/><E121/><V63/><F63/><W135/><G130/><T64/><D41/><N who="1" m="15947" /><E48/><V10/><F71/><W113/><G113/><T52/><D94/><N who="1" m="58807" /><E22/><V115/><F35/><W117/><G117/><T28/><D55/><U53/><E53/><V87/><F42/><W86/><G125/><T72/><D72/><U4/><E4/><V58/><F115/><W0/><G0/><T102/><D21/><U32/><E32/><V25/><F50/><W80/><G105/><T134/><D134/><N who="3" m="51209" /><G106/><T59/><REACH who="0" step="1"/><D102/><REACH who="0" ten="225,384,283,98" step="2"/><U9/><E23/><V112/><F112/><W14/><G56/><T46/><D46/><U127/><E127/><V49/><F58/><W70/><G70/><T84/><D84/><AGARI ba="0,1" hai="9,13,18,29,30,79,83,84" m="58807,15947" machi="84" ten="30,7700,0" yaku="8,1,52,3" doraHai="37" who="1" fromWho="0" sc="225,-77,384,87,283,0,98,0" owari="148,-25.2,471,57.1,283,8.3,98,-40.2" /></mjloggm>