<mjloggm ver="2.3"><GO type="169" lobby="0"/><UN n0="%2D%E8%B1%8A%E5%8F%A3%E3%82%81%E3%81%90%E3%81%BF%2D" n1="%E5%9C%A7%E5%80%92%E7%9A%84%E3%83%9D%E3%83%B3" n2="%E3%81%93%E3%81%AB" n3="%6C%6E%61%69" dan="17,17,16,16" rate="2165.82,2208.58,2156.13,2053.81" sx="F,M,M,M"/><TAIKYOKU oya="0"/><INIT seed="0,0,0,3,0,82" ten="250,250,250,250" oya="0" hai0="54,46,41,57,11,120,13,18,47,23,14,100,125" hai1="94,38,36,24,134,111,113,53,105,101,129,10,20" hai2="28,133,32,132,49,7,3,107,67,31,33,69,114" hai3="27,104,128,84,108,127,110,106,97,22,55,35,103"/><T98/><D125/><U73/><E73/><V74/><F74/><W59/><G35/><N who="2" m="13385" /><F49/><W26/><G128/><T34/><D34/><U40/><E105/><V77/><F77/><W99/><G127/><T48/><D120/><U50/><E113/><V92/><F92/><W96/><G27/><T29/><D29/><N who="2" m="11338" /><F67/><W85/><G22/><T80/><D80/><U93/><E129/><V37/><F37/><W79/><G26/><T119/><D119/><U9/><E40/><V42/><F69/><W71/><G71/><T91/><D91/><U64/><E64/><V126/><F42/><W52/><G79/><T61/><D47/><U51/><E51/><V60/><F60/><W2/><G2/><T19/><REACH who="0" step="1"/><D98/><REACH who="0" ten="240,250,250,250" step="2"/><U86/><E101/><AGARI ba="0,1" hai="11,13,14,18,19,23,41,46,48,54,57,61,100,101" machi="101" ten="40,12000,1" yaku="1,1,2,1,8,1,53,1" doraHai="82" doraHaiUra="56" who="0" fromWho="1" sc="240,130,250,-120,250,0,250,0" /><INIT seed="0,1,0,0,2,30" ten="370,130,250,250" oya="0" hai0="100,132,29,108,10,96,77,66,84,40,80,34,17" hai1="20,83,27,52,99,81,122,92,85,5,68,135,82" hai2="26,61,101,50,94,63,53,15,12,35,44,126,116" hai3="32,47,38,21,65,54,19,130,70,62,72,67,98"/><T110/><D40/><U18/><E122/><V93/><F126/><W25/><G72/><T133/><D66/><U64/><E135/><N who="0" m="51785" /><D10/><U75/><E75/><V76/><F76/><W60/><G130/><T39/><D39/><U73/><E73/><V89/><F116/><W134/><G134/><T118/><D17/><U69/><E64/><V117/><F117/><W55/><G98/><T4/><D4/><U1/><E85/><V109/><F109/><N who="0" m="42090" /><D118/><U115/><E115/><V7/><F7/><W123/><G123/><T8/><D8/><U0/><E5/><V48/><F26/><W111/><G111/><T37/><D37/><U105/><E105/><V42/><F42/><W28/><G38/><T125/><D125/><U45/><E1/><V74/><F53/><W22/><G22/><T91/><D29/><U106/><E106/><V103/><F12/><W59/><G47/><T79/><D34/><U119/><E0/><V104/><F15/><AGARI ba="1,0" hai="15,19,21,25,28,32,54,55,59,60,62,65,67,70" machi="15" ten="30,2000,0" yaku="7,1,52,1" doraHai="30" who="3" fromWho="2" sc="370,0,130,0,250,-23,250,23" /><INIT seed="1,0,0,0,4,46" ten="370,130,227,273" oya="1" hai0="88,132,65,52,120,27,128,24,69,116,55,48,101" hai1="18,7,14,0,131,12,57,13,124,119,61,68,94" hai2="36,112,87,56,26,62,86,63,59,85,49,111,100" hai3="41,53,82,117,93,118,31,91,89,25,54,1,102"/><U98/><E119/><N who="3" m="45578" /><G1/><T96/><D116/><U107/><E107/><V92/><F36/><W8/><G8/><T34/><D132/><U43/><E68/><V130/><F111/><W58/><G41/><T23/><D128/><U6/><E124/><V105/><F105/><W110/><G110/><T99/><D120/><U127/><E127/><V47/><F130/><W75/><G54/><T19/><D55/><U73/><E73/><V60/><F112/><W109/><G109/><T106/><D65/><U90/><E43/><N who="2" m="24831" /><F26/><W39/><G39/><T9/><D9/><U3/><E131/><V33/><F33/><N who="3" m="20719" /><G102/><T22/><D34/><U40/><E40/><V134/><F134/><W79/><G93/><T17/><D69/><U74/><E74/><V44/><F44/><W38/><G38/><T15/><D15/><N who="1" m="5707" /><E0/><V71/><F71/><W42/><G42/><T66/><D66/><N who="1" m="39215" /><E3/><V5/><F5/><W32/><G32/><T45/><D99/><AGARI ba="0,0" hai="56,59,60,62,63,85,86,87,92,99,100" m="24831" machi="99" ten="30,2000,0" yaku="8,1,52,1" doraHai="46" who="2" fromWho="0" sc="370,-20,130,0,227,20,273,0" /><INIT seed="2,0,0,4,2,66" ten="350,130,247,273" oya="2" hai0="50,18,52,100,122,120,135,28,55,77,22,65,93" hai1="79,32,25,41,60,72,62,61,91,6,126,129,102" hai2="20,89,119,125,113,85,12,49,86,27,2,4,44" hai3="53,127,97,15,116,81,99,34,106,128,74,33,84"/><V130/><F113/><W67/><G116/><T17/><D135/><U5/><E126/><V40/><F119/><W11/><G74/><T123/><D77/><U76/><E72/><V87/><F125/><W3/><G3/><T95/><D65/><U108/><E108/><V107/><F107/><W131/><G127/><T1/><D1/><U13/><E129/><N who="3" m="49738" /><G67/><T63/><D63/><U68/><E68/><V16/><F130/><W105/><G53/><T83/><D83/><U45/><E102/><V98/><F2/><W36/><G36/><T104/><D104/><N who="3" m="40041" /><G33/><T103/><D28/><U82/><E32/><V43/><F43/><W7/><G34/><T112/><D112/><U80/><E25/><V21/><F4/><W46/><G46/><T69/><D120/><U133/><E133/><V47/><F47/><W64/><G64/><T56/><D56/><U38/><E13/><V10/><REACH who="2" step="1"/><F27/><REACH who="2" ten="350,130,237,273" step="2"/><W70/><G70/><T37/><D69/><U31/><E6/><V30/><F30/><W134/><G134/><T88/><D123/><U109/><E5/><V8/><F8/><W73/><G73/><T35/><D122/><U57/><E31/><V54/><F54/><W90/><AGARI ba="0,1" hai="7,11,15,81,84,90,97,99" m="40041,49738" machi="90" ten="30,1100,0" yaku="19,1" doraHai="66" who="3" fromWho="3" sc="350,-3,130,-3,237,-5,273,21" /><INIT seed="3,0,0,3,4,36" ten="347,127,232,294" oya="3" hai0="89,74,17,59,115,91,66,57,11,6,67,135,14" hai1="43,23,105,99,24,40,127,46,58,110,112,102,9" hai2="122,61,63,100,34,114,120,101,130,125,128,31,85" hai3="84,5,80,22,104,0,88,133,118,82,15,33,27"/><W54/><G118/><T72/><D135/><U10/><E112/><V98/><F114/><W95/><G104/><T56/><D115/><U53/><E127/><V65/><F125/><W19/><G133/><T116/><D116/><U113/><E113/><V45/><F45/><W52/><G80/><T38/><D38/><U26/><E26/><V2/><F2/><W83/><G83/><T25/><D74/><U131/><E131/><N who="2" m="50219" /><F85/><W107/><G107/><T18/><D72/><U44/><E110/><V16/><F31/><N who="3" m="19711" /><G82/><T64/><REACH who="0" step="1"/><D25/><REACH who="0" ten="337,127,232,294" step="2"/><U42/><E46/><V37/><F37/><W20/><G20/><T103/><D103/><U117/><E44/><V41/><F101/><W48/><G48/><T123/><D123/><U28/><REACH who="1" step="1"/><E117/><REACH who="1" ten="337,117,232,294" step="2"/><V71/><F120/><W108/><G108/><T21/><D21/><U3/><E3/><V90/><F122/><W70/><G0/><T1/><D1/><U73/><E73/><V51/><F34/><W39/><G22/><T129/><D129/><U132/><E132/><V8/><F100/><W75/><G75/><T134/><D134/><U94/><E94/><V78/><F78/><W106/><G95/><T111/><D111/><U35/><E35/><V109/><F109/><W68/><G106/><T97/><D97/><U119/><E119/><V49/><F98/><W4/><G84/><T76/><D76/><U62/><AGARI ba="0,2" hai="9,10,23,24,28,40,42,43,53,58,62,99,102,105" machi="62" ten="30,12000,2" yaku="1,1,0,1,52,3,53,1" doraHai="36" doraHaiUra="92" who="1" fromWho="1" sc="337,-30,117,140,232,-30,294,-60" /><INIT seed="4,0,0,5,1,28" ten="307,257,202,234" oya="0" hai0="75,38,51,44,84,45,22,78,25,76,79,112,15" hai1="56,2,16,104,87,82,41,52,26,30,27,117,65" hai2="9,134,74,50,130,103,4,53,37,33,42,114,59" hai3="89,113,93,40,24,115,83,29,68,118,57,69,102"/><T67/><D112/><N who="3" m="43081" /><G118/><T108/><D108/><U94/><E104/><V116/><F114/><W10/><G40/><T101/><D75/><U129/><E117/><V90/><F116/><W92/><G83/><T122/><D122/><U106/><E106/><V7/><F130/><W72/><G72/><T35/><D67/><U54/><E2/><V128/><F128/><W34/><G10/><T127/><D127/><U19/><E94/><N who="3" m="36458" /><G89/><T88/><D101/><U20/><E41/><V77/><F90/><W95/><G57/><T73/><D73/><U131/><E131/><V109/><F109/><W58/><G58/><T49/><D38/><U71/><E71/><V100/><F42/><W21/><G21/><T111/><D111/><U11/><E129/><V18/><F37/><W107/><G107/><T70/><D70/><U31/><E11/><V96/><F9/><W66/><G66/><T105/><D105/><U61/><E54/><V5/><F74/><W36/><G36/><T47/><D15/><U13/><E65/><V135/><F100/><W63/><G63/><T98/><D98/><AGARI ba="0,0" hai="24,29,34,68,69,95,98,102" m="36458,43081" machi="98" ten="30,2000,0" yaku="15,1,52,1" doraHai="28" who="3" fromWho="0" sc="307,-20,257,0,202,0,234,20" /><INIT seed="5,0,0,4,4,55" ten="287,257,202,254" oya="1" hai0="80,77,9,100,129,18,125,79,3,15,49,37,65" hai1="17,90,20,78,109,135,38,40,35,28,25,118,19" hai2="50,36,87,72,97,42,41,116,52,39,6,47,133" hai3="56,119,114,73,54,81,64,7,74,2,27,58,122"/><U103/><E118/><V110/><F72/><W24/><G122/><T76/><D37/><N who="2" m="14410" /><F97/><W46/><G119/><T63/><D125/><U53/><E109/><V132/><F87/><W94/><G114/><T66/><D129/><U12/><E135/><N who="2" m="51787" /><F6/><W99/><G2/><T31/><D3/><U75/><E103/><V113/><F116/><W84/><G7/><T71/><D66/><U48/><E90/><V43/><F113/><W98/><G73/><T117/><D117/><U1/><E1/><V70/><F70/><W61/><G74/><T108/><D100/><U45/><E75/><V83/><F83/><W4/><G4/><T130/><D80/><U13/><E78/><V85/><F85/><W34/><G34/><T101/><D101/><U21/><E38/><V105/><F105/><W111/><G111/><AGARI ba="0,0" hai="41,42,43,47,50,52,110,111" m="51787,14410" machi="111" ten="40,8000,1" yaku="20,1,34,2,54,1" doraHai="55" who="2" fromWho="3" sc="287,0,257,0,202,80,254,-80" /><INIT seed="6,0,0,5,4,24" ten="287,257,282,174" oya="2" hai0="43,114,46,16,38,85,107,63,30,35,102,74,22" hai1="48,132,129,100,94,133,41,121,117,73,75,105,98" hai2="32,3,64,96,111,37,23,33,66,118,71,83,2" hai3="113,130,21,123,56,19,108,128,81,25,42,99,62"/><V5/><F118/><W106/><G108/><T13/><D74/><N who="1" m="28171" /><E41/><V0/><F37/><W78/><G123/><T57/><D114/><U20/><E48/><V80/><F5/><W67/><G42/><T70/><D70/><U77/><E20/><V109/><F23/><W87/><REACH who="3" step="1"/><G113/><REACH who="3" ten="287,257,282,164" step="2"/><T17/><D43/><U84/><E121/><V44/><F109/><W60/><G60/><T18/><D63/><U15/><E117/><V131/><F111/><W86/><G86/><T1/><D85/><U135/><E129/><V51/><F131/><W58/><G58/><T119/><D57/><U34/><E34/><V29/><F32/><W39/><G39/><T95/><D119/><U9/><E84/><V115/><F33/><W110/><G110/><T68/><D35/><U7/><E77/><V101/><F115/><W126/><G126/><T76/><D76/><U11/><E11/><V49/><F49/><W4/><G4/><T92/><D38/><U61/><E61/><V91/><F51/><W55/><G55/><T59/><D59/><U90/><E135/><V89/><F71/><W79/><G79/><T82/><D68/><U93/><E133/><V52/><F52/><W40/><G40/><T31/><D46/><U47/><E47/><V27/><F44/><W14/><G14/><T26/><D13/><U12/><E132/><V10/><F10/><W45/><G45/><T116/><D116/><U88/><E15/><V6/><F6/><W120/><G120/><T134/><D134/><U54/><E54/><V65/><F0/><W69/><G69/><T124/><D1/><RYUUKYOKU ba="0,1" sc="287,-15,257,15,282,-15,164,15" hai1="7,9,12,88,90,93,94,98,100,105" hai3="19,21,25,56,62,67,78,81,87,99,106,128,130" /><INIT seed="7,1,1,4,5,70" ten="272,272,267,179" oya="3" hai0="72,27,84,95,122,29,131,41,49,110,37,132,101" hai1="65,13,60,19,14,33,90,124,86,36,52,89,42" hai2="87,51,74,43,118,22,75,102,7,112,127,79,117" hai3="1,32,92,130,133,15,34,93,71,40,16,23,107"/><W3/><G107/><T45/><D110/><U12/><E33/><V123/><F7/><W64/><G130/><T73/><D122/><U109/><E109/><V104/><F22/><W69/><G133/><T6/><D131/><U106/><E106/><V120/><F51/><W85/><G40/><T17/><D6/><U108/><E108/><V111/><F43/><W114/><G114/><T96/><D132/><U39/><E42/><V24/><F24/><W46/><G46/><T77/><D17/><U56/><E124/><V53/><F53/><W5/><G71/><T78/><D49/><U67/><E19/><V28/><F28/><W21/><G21/><T99/><D99/><U80/><REACH who="1" step="1"/><E89/><REACH who="1" ten="272,262,267,179" step="2"/><V31/><F111/><W88/><G93/><T61/><D95/><U128/><E128/><V10/><F127/><W98/><G98/><T59/><D96/><U26/><E26/><V47/><F104/><W116/><G116/><T134/><D27/><U76/><E76/><V38/><F118/><W66/><G69/><T4/><D78/><U119/><E119/><V11/><F79/><W125/><G125/><T91/><D77/><U63/><E63/><V25/><F117/><W9/><REACH who="3" step="1"/><G3/><REACH who="3" ten="272,262,267,169" step="2"/><T18/><D134/><U44/><E44/><V83/><F47/><W126/><G126/><T2/><D2/><U58/><E58/><V129/><F129/><W113/><G113/><T57/><D45/><U100/><E100/><V8/><F102/><W30/><G30/><T0/><D29/><U20/><E20/><N who="2" m="15783" /><F112/><W48/><G48/><T82/><D101/><U81/><E81/><RYUUKYOKU ba="1,3" sc="272,-15,262,15,267,-15,169,15" hai1="12,13,14,36,39,52,56,60,65,67,80,86,90" hai3="1,5,9,15,16,23,32,34,64,66,85,88,92" /><INIT seed="7,2,3,5,5,108" ten="257,277,252,184" oya="3" hai0="39,77,119,41,121,122,21,24,98,62,112,38,72" hai1="47,32,54,11,93,107,48,12,34,17,52,73,78" hai2="129,95,125,15,20,22,94,92,130,13,23,33,35" hai3="97,64,61,132,83,68,55,16,124,36,3,102,120"/><W0/><G120/><T56/><D119/><U8/><E107/><V135/><F135/><W46/><G132/><T49/><D72/><U91/><E78/><V87/><F87/><W53/><G124/><T74/><D77/><U88/><E73/><V90/><F90/><W42/><G83/><T25/><D74/><U70/><E70/><V44/><F44/><W126/><G126/><T51/><D98/><U131/><E131/><N who="2" m="50187" /><F125/><W18/><G53/><T6/><D41/><U103/><E103/><V57/><F57/><W58/><G0/><T101/><D56/><U84/><E54/><V111/><F111/><W106/><REACH who="3" step="1"/><G3/><REACH who="3" ten="257,277,252,174" step="2"/><T60/><D122/><U81/><E11/><V5/><F15/><W43/><G43/><T26/><D121/><U85/><AGARI ba="2,4" hai="8,12,17,32,34,47,48,52,81,84,85,88,91,93" machi="85" ten="20,12000,2" yaku="0,1,7,1,25,2,54,2" doraHai="108" who="1" fromWho="1" sc="257,-32,277,166,252,-32,174,-62" owari="225,2.5,443,54.3,220,-18.0,112,-38.8" /></mjloggm>