<mjloggm ver="2.3"><GO type="169" lobby="0"/><UN n0="%E3%82%80%E3%81%97%E6%AD%AF" n1="%40%75" n2="%E3%81%B5%E3%81%8B" n3="%E8%B5%A4%E4%BA%94%E7%AB%8B%E7%9B%B4" dan="17,17,17,16" rate="2147.79,2191.21,2219.77,2181.55" sx="M,F,M,F"/><TAIKYOKU oya="0"/><INIT seed="0,0,0,5,5,70" ten="250,250,250,250" oya="0" hai0="20,78,131,88,18,52,32,50,28,7,26,112,25" hai1="128,8,48,39,47,108,69,104,89,115,95,19,82" hai2="0,58,16,10,130,1,109,103,98,55,21,17,6" hai3="71,90,67,38,135,116,93,132,22,107,124,122,12"/><T5/><D112/><U91/><E104/><V120/><F109/><W33/><G33/><T125/><D125/><U79/><E69/><V46/><F130/><W57/><G124/><T119/><D119/><U2/><E108/><V106/><F120/><W60/><G107/><T81/><D131/><U134/><E128/><V66/><F66/><W41/><G116/><T74/><REACH who="0" step="1"/><D88/><REACH who="0" ten="240,250,250,250" step="2"/><U42/><E91/><V133/><F133/><W51/><G122/><T24/><D24/><U97/><E134/><V35/><F35/><W49/><G132/><T11/><D11/><U36/><E115/><V68/><F10/><W4/><G135/><T75/><D75/><U31/><E31/><V65/><F21/><W92/><G90/><T102/><D102/><U62/><E8/><V127/><F103/><W99/><G22/><T76/><D76/><U15/><E79/><V85/><F127/><W101/><G92/><T45/><AGARI ba="0,1" hai="5,7,18,20,25,26,28,32,45,50,52,74,78,81" machi="45" ten="20,7800,0" yaku="1,1,0,1,7,1,54,1,53,0" doraHai="70" doraHaiUra="94" who="0" fromWho="0" sc="240,88,250,-26,250,-26,250,-26" /><INIT seed="0,1,0,3,2,20" ten="328,224,224,224" oya="0" hai0="56,35,7,32,26,113,125,33,122,133,2,5,42" hai1="59,99,135,17,77,65,103,18,100,48,111,105,0" hai2="68,21,3,74,31,14,19,40,10,81,50,23,73" hai3="115,91,130,72,62,1,80,6,4,132,70,11,41"/><T38/><D113/><U131/><E0/><V24/><F68/><W61/><G115/><T45/><D122/><U121/><E121/><V104/><F104/><W88/><G130/><T58/><D125/><U97/><E111/><V71/><F71/><W101/><G132/><T86/><D133/><U47/><E135/><V129/><F129/><W84/><G101/><T102/><D102/><U25/><E131/><V37/><F50/><W12/><G72/><T110/><D110/><U39/><E77/><V117/><F117/><W79/><G41/><T90/><D2/><U126/><E126/><V52/><F52/><W15/><G1/><T75/><D75/><U76/><E76/><V98/><F98/><W120/><G120/><T69/><D69/><U27/><E39/><V112/><F81/><W54/><G70/><T94/><D56/><U51/><E65/><V114/><F114/><W28/><G28/><T55/><REACH who="0" step="1"/><D26/><REACH who="0" ten="318,224,224,224" step="2"/><U93/><E59/><V16/><F112/><W134/><G134/><T89/><D89/><U63/><E63/><AGARI ba="1,1" hai="5,7,32,33,35,38,42,45,55,58,63,86,90,94" machi="63" ten="40,2000,0" yaku="1,1,53,0" doraHai="20" doraHaiUra="96" who="0" fromWho="1" sc="318,33,224,-23,224,0,224,0" /><INIT seed="0,2,0,5,2,12" ten="351,201,224,224" oya="0" hai0="36,1,79,13,60,72,135,18,118,87,8,117,71" hai1="99,126,40,45,112,75,38,76,80,28,66,59,90" hai2="24,73,21,74,56,61,34,104,65,26,15,102,105" hai3="55,109,120,16,85,98,46,94,23,14,134,5,82"/><T77/><D72/><U133/><E126/><V132/><F132/><W35/><G134/><T53/><D36/><U67/><E133/><V101/><F104/><W47/><G35/><T63/><D135/><U54/><E112/><V121/><F121/><W130/><G109/><T32/><D32/><U116/><E116/><V129/><F129/><W84/><G120/><T92/><D1/><U89/><E28/><V39/><F39/><W122/><G130/><T131/><D131/><U91/><REACH who="1" step="1"/><E99/><REACH who="1" ten="351,191,224,224" step="2"/><V95/><F34/><W44/><G122/><T106/><D118/><U42/><E42/><V70/><F74/><W125/><G125/><T3/><D117/><U96/><E96/><V119/><F73/><W103/><G5/><T41/><D41/><U115/><E115/><V52/><F119/><W48/><REACH who="3" step="1"/><G85/><REACH who="3" ten="351,191,224,214" step="2"/><T29/><D87/><U64/><E64/><V43/><F65/><W51/><G51/><AGARI ba="2,2" hai="38,40,45,51,54,59,66,67,75,76,80,89,90,91" machi="51" ten="40,1300,0" yaku="1,1,53,0" doraHai="12" doraHaiUra="127" who="1" fromWho="3" sc="351,0,191,39,224,0,214,-19" /><INIT seed="1,0,0,1,1,39" ten="351,230,224,195" oya="1" hai0="48,24,61,71,37,100,55,3,82,113,69,80,41" hai1="62,31,103,59,16,85,75,90,46,22,124,10,123" hai2="106,0,42,127,47,109,5,104,119,126,122,77,40" hai3="121,120,45,50,2,15,95,67,125,33,73,32,74"/><U35/><E123/><V28/><F122/><W23/><G2/><T110/><D113/><U54/><E124/><N who="2" m="47659" /><F119/><W52/><G125/><T111/><D3/><U29/><E75/><V9/><F109/><N who="0" m="41482" /><D100/><U97/><E35/><V7/><F7/><W58/><G120/><T57/><D24/><U43/><E10/><V20/><F77/><W27/><G121/><T116/><D116/><U38/><E97/><V99/><F99/><W51/><G32/><T8/><D8/><U78/><E103/><V87/><F87/><W56/><G56/><N who="0" m="32871" /><D82/><U86/><E78/><V44/><F20/><W64/><G33/><T81/><D81/><U25/><REACH who="1" step="1"/><E86/><REACH who="1" ten="351,220,224,195" step="2"/><V92/><F9/><W135/><G73/><T117/><D117/><U91/><E91/><V96/><F96/><W105/><G74/><T89/><D89/><U133/><E133/><V53/><F104/><W63/><G105/><T88/><D88/><U134/><E134/><V76/><F76/><W21/><G135/><T112/><D112/><U83/><AGARI ba="0,1" hai="16,22,25,29,31,38,43,46,54,59,62,83,85,90" machi="83" ten="20,12000,1" yaku="1,1,0,1,7,1,52,1,54,1,53,0" doraHai="39" doraHaiUra="65" who="1" fromWho="1" sc="351,-40,220,130,224,-40,195,-40" /><INIT seed="1,1,0,1,4,82" ten="311,350,184,155" oya="1" hai0="102,64,59,74,93,113,35,15,67,72,71,37,29" hai1="120,48,13,27,63,62,87,54,25,56,65,129,78" hai2="117,121,41,127,80,76,5,85,86,75,16,32,52" hai3="73,44,84,8,124,112,68,55,4,89,24,61,81"/><U14/><E129/><V115/><F117/><W95/><G112/><T88/><D113/><U132/><E132/><V7/><F115/><W6/><G124/><T60/><D37/><U43/><E120/><V122/><F32/><W104/><G104/><T45/><D102/><U90/><E78/><V50/><F127/><W99/><G73/><T28/><D45/><U18/><E43/><V12/><F41/><W21/><G68/><T106/><D106/><U53/><E53/><V79/><F121/><W100/><G8/><T130/><D130/><U36/><E36/><V34/><F34/><W42/><G42/><T108/><D108/><U133/><E62/><V20/><F122/><W2/><G2/><T134/><D134/><U77/><E77/><N who="2" m="29771" /><F75/><W23/><G23/><T123/><D123/><U22/><E14/><V118/><F118/><W0/><G0/><T3/><D3/><U110/><E110/><V70/><F70/><W51/><REACH who="3" step="1"/><G61/><REACH who="3" ten="311,350,184,145" step="2"/><T11/><D74/><U38/><E133/><V97/><F20/><W58/><G58/><T49/><D35/><U69/><REACH who="1" step="1"/><E38/><REACH who="1" ten="311,340,184,145" step="2"/><V101/><F50/><W47/><G47/><T92/><D72/><U96/><E96/><V57/><F97/><W111/><G111/><T105/><D49/><U103/><E103/><V30/><F101/><W19/><AGARI ba="1,2" hai="4,6,19,21,24,44,51,55,81,84,89,95,99,100" machi="19" ten="20,8000,1" yaku="1,1,0,1,7,1,8,1,52,1,53,0" doraHai="82" doraHaiUra="125" who="3" fromWho="3" sc="311,-21,340,-41,184,-21,145,103" /><INIT seed="2,0,0,4,3,19" ten="290,299,163,248" oya="2" hai0="116,122,119,130,48,125,47,35,101,126,104,49,22" hai1="17,59,51,9,6,72,121,1,39,113,94,2,13" hai2="58,29,93,3,112,57,33,31,111,62,26,103,69" hai3="60,84,83,11,109,79,32,123,75,105,67,80,15"/><V81/><F112/><W46/><G123/><T56/><D122/><U55/><E121/><V102/><F3/><W20/><G109/><T16/><D35/><U110/><E113/><V114/><F114/><W45/><G32/><T7/><D7/><U52/><E39/><V0/><F0/><W135/><G105/><T89/><D130/><U24/><E72/><V40/><F40/><W78/><G135/><T120/><D120/><U50/><E110/><V18/><F111/><W68/><REACH who="3" step="1"/><G20/><REACH who="3" ten="290,299,163,238" step="2"/><T115/><D115/><U131/><E131/><V77/><F33/><W107/><G107/><T30/><D104/><U36/><E36/><V63/><F69/><W97/><G97/><T118/><D118/><U108/><E108/><V88/><F31/><W128/><G128/><T91/><D30/><U23/><REACH who="1" step="1"/><E94/><REACH who="1" ten="290,289,163,238" step="2"/><V90/><F93/><W134/><G134/><T14/><D119/><U38/><E38/><V117/><F117/><W53/><G53/><T43/><D116/><U100/><E100/><V28/><F102/><W44/><G44/><AGARI ba="0,2" hai="1,2,6,9,13,17,23,24,44,50,51,52,55,59" machi="44" ten="30,7700,0" yaku="1,1,7,1,52,1,54,1,53,0" doraHai="19" doraHaiUra="133" who="1" fromWho="3" sc="290,0,289,97,163,0,238,-77" /><INIT seed="3,0,0,2,0,119" ten="290,386,163,161" oya="3" hai0="42,4,110,12,46,55,61,74,34,78,66,96,83" hai1="57,81,97,109,101,29,90,76,68,53,52,65,26" hai2="95,124,106,7,93,47,116,2,23,134,43,73,71" hai3="50,31,75,70,103,123,85,129,16,35,102,21,24"/><W88/><G75/><T72/><D34/><U108/><E90/><V98/><F71/><W37/><G37/><T64/><D110/><N who="1" m="42603" /><E68/><V49/><F106/><W87/><G70/><T36/><D74/><N who="1" m="43159" /><E65/><V107/><F107/><W80/><G123/><T9/><REACH who="0" step="1"/><D96/><REACH who="0" ten="280,386,163,161" step="2"/><U111/><E111/><V60/><F98/><W135/><G135/><T59/><AGARI ba="0,1" hai="4,9,12,36,42,46,55,59,61,64,66,72,78,83" machi="59" ten="30,4000,0" yaku="1,1,2,1,0,1,53,0" doraHai="119" doraHaiUra="126" who="0" fromWho="0" sc="280,50,386,-10,163,-10,161,-20" /><INIT seed="4,0,0,3,3,128" ten="330,376,153,141" oya="0" hai0="81,51,57,12,108,39,98,71,35,73,19,110,94" hai1="8,1,96,9,70,40,90,117,103,14,124,123,111" hai2="15,50,28,25,0,84,118,48,127,10,113,56,97" hai3="72,59,132,64,88,76,3,2,105,104,67,26,11"/><T135/><D39/><U87/><E111/><N who="0" m="42537" /><D35/><U95/><E70/><V74/><F74/><W112/><G112/><T130/><D71/><U68/><E68/><V37/><F37/><W31/><G76/><N who="0" m="44175" /><D130/><U52/><E117/><V36/><F36/><W89/><G72/><T134/><D51/><U65/><E123/><V63/><F0/><W44/><G44/><T38/><D57/><U41/><E124/><V101/><F84/><W4/><G59/><T79/><D79/><U5/><E65/><V49/><F113/><W102/><G102/><N who="0" m="60759" /><D38/><U82/><REACH who="1" step="1"/><E52/><REACH who="1" ten="330,366,153,141" step="2"/><V86/><F127/><W34/><G64/><T60/><D60/><U46/><E46/><V100/><F118/><W16/><G67/><T42/><D42/><U125/><E125/><V83/><F63/><W116/><G116/><T33/><D33/><U13/><E13/><V109/><F109/><W78/><G34/><T126/><D126/><U45/><E45/><V30/><F15/><W6/><G3/><T75/><D75/><U54/><E54/><V131/><F131/><W27/><G2/><T29/><D29/><U93/><E93/><V66/><F28/><W133/><G31/><T61/><D61/><U32/><E32/><V80/><F30/><W22/><G78/><T120/><D120/><U114/><E114/><V106/><F66/><W122/><G122/><T91/><D91/><U17/><AGARI ba="0,1" hai="1,5,8,9,14,17,40,41,82,87,90,95,96,103" machi="17" ten="20,2700,0" yaku="1,1,0,1,7,1,53,0" doraHai="128" doraHaiUra="18" who="1" fromWho="1" sc="330,-13,366,37,153,-7,141,-7" /><INIT seed="5,0,0,2,2,78" ten="317,403,146,134" oya="1" hai0="37,4,8,50,28,120,68,111,96,26,30,17,66" hai1="54,71,75,47,135,67,49,18,42,76,35,134,126" hai2="94,112,65,61,117,84,74,118,93,95,5,77,38" hai3="97,19,55,107,99,56,53,36,119,127,22,80,69"/><U29/><E18/><V14/><F38/><W11/><G127/><T122/><D37/><N who="1" m="21967" /><E29/><V12/><F74/><W98/><G69/><T130/><D111/><U103/><E103/><V82/><F112/><W46/><G119/><T7/><D96/><U81/><E35/><V72/><F72/><W33/><G33/><T60/><D130/><U88/><E88/><V9/><REACH who="2" step="1"/><F12/><REACH who="2" ten="317,403,136,134" step="2"/><W121/><G36/><T102/><D122/><U92/><E75/><V128/><F128/><W114/><G121/><T90/><D120/><U70/><E135/><V20/><F20/><W40/><G114/><T27/><D8/><U43/><E134/><V108/><F108/><W6/><G107/><T123/><D123/><U51/><E126/><V110/><F110/><W87/><G11/><T105/><D105/><U25/><E70/><AGARI ba="0,1" hai="5,9,14,61,65,70,77,82,84,93,94,95,117,118" machi="70" ten="40,2600,0" yaku="1,1,52,1,53,0" doraHai="78" doraHaiUra="125" who="2" fromWho="1" sc="317,0,403,-26,136,36,134,0" /><INIT seed="6,0,0,5,3,53" ten="317,377,172,134" oya="2" hai0="107,14,106,97,95,110,132,43,92,31,74,86,59" hai1="41,96,105,38,0,88,115,123,39,104,109,49,85" hai2="56,29,55,65,129,68,1,75,20,94,69,5,21" hai3="77,83,100,57,46,64,103,25,36,12,4,58,17"/><V62/><F75/><W19/><G64/><T134/><D31/><U48/><E109/><V63/><F129/><W124/><G124/><T28/><D28/><U45/><E0/><V47/><F68/><W82/><G36/><T11/><D43/><U112/><E123/><V102/><F47/><W128/><G128/><T101/><D110/><U113/><E96/><V8/><REACH who="2" step="1"/><F29/><REACH who="2" ten="317,377,162,134" step="2"/><W78/><G46/><T131/><D74/><U81/><E39/><V98/><AGARI ba="0,1" hai="1,5,8,20,21,55,56,62,63,65,69,94,98,102" machi="98" ten="30,12000,1" yaku="1,1,2,1,0,1,52,1,53,1" doraHai="53" doraHaiUra="90" who="2" fromWho="2" sc="317,-40,377,-40,162,130,134,-40" /><INIT seed="6,1,0,2,2,99" ten="277,337,292,94" oya="2" hai0="38,113,80,42,79,30,100,98,19,28,29,129,39" hai1="62,97,1,33,35,96,124,131,10,74,105,59,9" hai2="8,45,47,70,84,69,53,95,31,130,85,90,63" hai3="86,43,48,44,54,132,64,117,77,0,72,126,102"/><V51/><F130/><W57/><G117/><T50/><D113/><U25/><E74/><V11/><F31/><W13/><G0/><T37/><D129/><U12/><E131/><V107/><F107/><W118/><G118/><T71/><D71/><U135/><E1/><V103/><F63/><W93/><G126/><T108/><D108/><U5/><E124/><V87/><F90/><W120/><G120/><T89/><D19/><U14/><E135/><V2/><F2/><W20/><G132/><T27/><D89/><U91/><E105/><V83/><F83/><W17/><G72/><T21/><D50/><U75/><E75/><V56/><F70/><W18/><G64/><T127/><D42/><U66/><E25/><V119/><F69/><W36/><G77/><T55/><D55/><U92/><REACH who="1" step="1"/><E97/><REACH who="1" ten="277,327,292,94" step="2"/><N who="2" m="59839" /><F119/><W81/><G81/><T40/><D127/><U123/><E123/><V65/><F65/><W60/><G36/><T24/><D80/><U3/><E3/><V26/><F26/><W15/><G15/><T109/><D27/><U52/><E52/><V134/><F134/><W115/><G115/><T110/><D40/><U121/><E121/><V122/><F122/><W76/><G76/><T61/><D79/><U16/><AGARI ba="1,1" hai="5,9,10,12,14,16,33,35,59,62,66,91,92,96" machi="16" ten="20,5200,0" yaku="1,1,0,1,7,1,54,1,53,0" doraHai="99" doraHaiUra="133" who="1" fromWho="1" sc="277,-14,327,65,292,-27,94,-14" /><INIT seed="7,0,0,4,5,85" ten="263,392,265,80" oya="3" hai0="79,80,105,77,14,73,37,24,6,108,51,94,87" hai1="0,78,55,30,127,84,121,111,133,21,97,103,98" hai2="115,16,56,28,118,130,70,75,34,57,120,69,83" hai3="26,18,4,76,96,41,13,92,42,20,52,71,117"/><W10/><G117/><T39/><D108/><U38/><E111/><V93/><F118/><W50/><G71/><T5/><D105/><U27/><E0/><V65/><F28/><W86/><G76/><T64/><D64/><U60/><E38/><V95/><F34/><W49/><G49/><T99/><D24/><U2/><E2/><V128/><F115/><W102/><REACH who="3" step="1"/><G86/><REACH who="3" ten="263,392,265,70" step="2"/><T135/><D79/><U36/><E84/><V110/><F110/><W31/><G31/><T68/><D68/><U25/><E30/><V15/><F70/><W12/><G12/><T116/><D116/><U9/><E78/><V45/><F69/><W132/><G132/><T131/><D135/><U53/><E133/><V134/><F15/><W67/><G67/><T106/><D14/><U8/><E27/><V35/><F65/><W62/><G62/><T61/><D61/><U119/><E60/><V22/><F134/><W40/><G40/><T1/><D1/><U47/><E25/><V112/><F75/><W43/><G43/><T59/><D39/><U81/><E36/><V122/><F112/><W109/><G109/><T74/><D37/><U91/><E119/><V46/><F120/><W125/><G125/><T88/><D74/><U11/><E127/><V48/><F48/><W29/><G29/><T89/><D73/><U33/><E121/><V90/><F122/><W114/><G114/><T66/><D66/><U126/><E126/><V17/><F35/><W32/><G32/><T124/><D124/><U58/><E33/><V23/><F128/><W82/><G82/><T44/><D80/><RYUUKYOKU ba="0,1" sc="263,-10,392,-10,265,-10,70,30" hai3="4,10,13,18,20,26,41,42,50,52,92,96,102" /><INIT seed="7,1,1,3,5,127" ten="253,382,255,100" oya="3" hai0="85,110,51,115,90,75,105,15,4,42,101,2,50" hai1="24,45,26,25,76,71,124,135,77,121,120,20,6" hai2="134,34,91,69,70,80,116,73,63,118,22,65,37" hai3="107,54,57,119,55,113,133,35,44,67,31,1,87"/><W49/><G119/><T82/><D110/><U68/><E6/><V92/><F34/><W13/><G1/><T39/><D2/><U126/><E45/><V58/><F37/><W104/><G113/><T7/><D75/><U123/><E20/><V0/><F0/><W14/><G67/><T109/><D109/><U17/><E17/><V46/><F134/><W88/><G133/><T66/><D39/><U5/><E5/><V129/><F46/><W64/><G64/><T84/><D42/><U28/><E28/><V61/><F22/><W40/><G54/><T9/><D115/><U93/><E93/><V3/><F3/><W112/><G112/><T16/><D66/><U43/><E43/><V86/><F70/><N who="1" m="26665" /><E135/><V99/><F73/><W19/><G31/><T94/><D105/><U33/><E33/><V38/><F38/><W100/><G35/><T11/><D101/><U102/><E102/><V8/><F8/><W56/><G56/><T32/><D32/><U21/><E21/><V53/><F129/><W122/><G122/><T52/><D11/><U117/><E117/><V95/><F95/><N who="3" m="54687" /><G100/><AGARI ba="1,1" hai="53,58,61,63,65,69,80,86,91,92,99,100,116,118" machi="100" ten="30,1000,0" yaku="7,1" doraHai="127" who="2" fromWho="3" sc="253,0,382,0,255,23,100,-13" owari="253,-14.7,382,48.2,278,7.8,87,-41.3" /></mjloggm>