<mjloggm ver="2.3"><GO type="169" lobby="0"/><UN n0="%E3%82%AD%E3%83%B3%E3%82%B0%E3%81%82%E3%81%A4%E3%81%97" n1="%E3%81%8C%E3%81%8F%E3%81%BE%E3%82%8B" n2="%E3%81%82%E3%81%BE%E3%81%82%E3%82%93" n3="%31%74%61" dan="16,16,16,17" rate="2162.96,2042.79,2087.38,2239.10" sx="M,M,M,M"/><TAIKYOKU oya="0"/><INIT seed="0,0,0,5,0,50" ten="250,250,250,250" oya="0" hai0="9,57,1,3,62,82,117,108,80,27,21,73,7" hai1="79,22,5,51,34,48,115,83,2,25,93,16,44" hai2="131,78,89,17,43,104,37,121,122,75,91,41,52" hai3="77,38,58,85,13,15,106,46,60,129,135,28,90"/><T4/><D117/><U103/><E115/><V102/><F131/><W120/><G106/><T30/><D73/><U95/><E34/><V42/><F37/><W39/><G129/><T32/><D108/><U10/><E51/><V84/><F75/><W45/><G135/><T92/><D92/><U94/><E103/><V54/><F104/><W124/><G124/><T110/><D110/><U114/><E114/><V87/><F102/><W53/><G77/><T63/><D63/><U74/><REACH who="1" step="1"/><E95/><REACH who="1" ten="250,240,250,250" step="2"/><N who="2" m="54695" /><F122/><W14/><G120/><T96/><D32/><U72/><E72/><V6/><F121/><W70/><G39/><T68/><D68/><U24/><E24/><V66/><F78/><W125/><G70/><T112/><D112/><U99/><E99/><V127/><F127/><W26/><G38/><T100/><D96/><U47/><E47/><V111/><F111/><W101/><G101/><T12/><D100/><U123/><E123/><V81/><F6/><W23/><REACH who="3" step="1"/><G125/><REACH who="3" ten="250,240,250,240" step="2"/><T133/><D133/><U105/><E105/><V61/><F17/><W128/><G128/><T33/><D33/><U113/><E113/><V88/><F91/><W49/><G49/><T130/><D130/><U36/><E36/><V11/><F11/><W118/><G118/><T109/><D109/><U126/><E126/><V67/><F61/><W8/><G8/><T20/><D9/><U86/><E86/><V97/><F97/><W55/><G55/><AGARI ba="0,2" hai="2,5,10,16,22,25,44,48,55,74,79,83,93,94" machi="55" ten="30,8000,1" yaku="1,1,7,1,52,1,54,1,53,1" doraHai="50" doraHaiUra="19" who="1" fromWho="3" sc="250,0,240,100,250,0,240,-80" /><AGARI ba="0,0" hai="41,42,43,52,54,55,66,67,81,87,88" m="54695" machi="55" ten="30,12000,2" yaku="8,1,52,3,54,2" doraHai="50" who="2" fromWho="3" sc="250,0,340,0,250,120,160,-120" /><INIT seed="1,0,0,1,2,61" ten="250,340,370,40" oya="1" hai0="129,30,16,11,77,93,0,20,112,124,80,92,64" hai1="8,49,79,96,43,53,110,65,125,67,47,35,54" hai2="7,89,97,26,122,66,100,105,57,120,23,6,45" hai3="59,19,130,28,133,60,36,18,94,21,52,22,111"/><U83/><E125/><V116/><F116/><W40/><G111/><T24/><D112/><U71/><E35/><V33/><F33/><W1/><G1/><T86/><D129/><U123/><E123/><V38/><F89/><W17/><G130/><T48/><D124/><U101/><E71/><V72/><F72/><W131/><G131/><T102/><D102/><U107/><E110/><V115/><F115/><W76/><G133/><T58/><D0/><U81/><E8/><V78/><F78/><W95/><G76/><T121/><D121/><U5/><E5/><V31/><F7/><W84/><G36/><T50/><D50/><U127/><E127/><V73/><F73/><W14/><G40/><T104/><D104/><U25/><E25/><V29/><F29/><W91/><G28/><T15/><D48/><U56/><E54/><V34/><F6/><W39/><G39/><T63/><AGARI ba="0,0" hai="11,15,16,20,24,30,58,63,64,77,80,86,92,93" machi="63" ten="30,7900,0" yaku="0,1,8,1,52,1,54,1" doraHai="61" who="0" fromWho="0" sc="250,79,340,-39,370,-20,40,-20" /><INIT seed="2,0,0,0,1,59" ten="329,301,350,20" oya="2" hai0="118,109,126,49,98,122,105,114,115,11,28,96,25" hai1="135,129,51,104,58,61,121,47,15,6,107,38,119" hai2="92,76,133,75,90,22,42,24,95,26,12,123,40" hai3="80,81,50,86,78,32,69,0,94,45,14,63,17"/><V19/><F123/><W71/><G0/><T35/><D122/><U34/><E119/><V67/><F133/><W131/><G32/><T23/><D105/><U36/><E34/><V77/><F67/><W62/><G131/><T106/><D106/><U79/><E129/><V29/><F92/><W64/><G94/><T72/><D72/><U48/><E135/><V88/><F90/><W16/><G81/><T21/><D49/><U127/><E127/><V66/><F66/><W82/><G69/><T111/><D98/><U5/><E79/><N who="2" m="30283" /><F75/><W1/><G1/><T41/><D96/><U97/><E97/><N who="2" m="57575" /><F26/><W3/><G3/><T117/><D41/><U91/><E91/><V52/><F52/><N who="3" m="29775" /><G71/><T112/><D126/><U68/><E68/><V87/><F87/><N who="3" m="48535" /><G64/><T31/><D115/><U100/><E104/><V27/><F27/><W134/><G134/><T99/><D25/><U124/><E107/><V102/><F102/><W37/><G37/><T18/><D99/><U13/><E100/><V60/><F60/><N who="3" m="23083" /><G14/><N who="1" m="5130" /><E124/><V39/><F39/><W2/><G2/><T103/><D35/><U57/><E38/><V120/><F120/><W128/><G128/><T101/><D101/><U116/><E36/><V8/><AGARI ba="0,0" hai="8,12,19,22,24,29,40,42" m="57575,30283" machi="8" ten="30,3000,0" yaku="8,1,54,1" doraHai="59" who="2" fromWho="2" sc="329,-10,301,-10,350,30,20,-10" /><INIT seed="2,1,0,4,3,109" ten="319,291,380,10" oya="2" hai0="133,17,52,64,33,86,12,45,11,25,16,59,89" hai1="29,117,35,106,1,108,62,23,13,130,43,94,32" hai2="114,124,113,128,40,126,30,121,60,99,42,79,31" hai3="110,4,65,88,104,3,27,92,56,111,131,2,41"/><V80/><F121/><W72/><G104/><T53/><D133/><U20/><E106/><V129/><F60/><N who="3" m="38023" /><G72/><T96/><D96/><U54/><E117/><V87/><F99/><N who="3" m="57735" /><G4/><T7/><D33/><U77/><E77/><V61/><F61/><W28/><G41/><N who="2" m="15977" /><F79/><W76/><G76/><T66/><D45/><U58/><E1/><V48/><F48/><W50/><G50/><N who="0" m="31127" /><D53/><U49/><E35/><V38/><F38/><W73/><G73/><T0/><D0/><U135/><E32/><V26/><F87/><W75/><G75/><T91/><D91/><U93/><E135/><V103/><F103/><W34/><G131/><N who="2" m="50249" /><F80/><W123/><G123/><T70/><D70/><U120/><E130/><V90/><F90/><W122/><G122/><T36/><D36/><U101/><E120/><V127/><F26/><W81/><G81/><N who="0" m="49359" /><D25/><U19/><E101/><V37/><F37/><W69/><G69/><T47/><D47/><U39/><E39/><V78/><F78/><W21/><G34/><T9/><D7/><U15/><E43/><V8/><F8/><W67/><G67/><T51/><D51/><U57/><E49/><V83/><F83/><W6/><G6/><T125/><D64/><U97/><E62/><V134/><F134/><W119/><G119/><T102/><D66/><U10/><E10/><V22/><F22/><W115/><G115/><AGARI ba="1,0" hai="30,31,113,114,115,124,126,127" m="50249,15977" machi="115" ten="40,18000,2" yaku="28,2,18,1,19,1,52,3" doraHai="109" who="2" fromWho="3" sc="319,0,291,0,380,183,10,-183" owari="319,11.9,291,-10.9,563,66.3,-173,-67.3" /></mjloggm>