<mjloggm ver="2.3"><GO type="169" lobby="0"/><UN n0="%E5%A4%A9%E6%89%8D%E9%BA%BB%E5%B0%86%E6%99%BA%E4%B9%83" n1="%41%63%75%6E%61%4A%72" n2="%E3%81%8B%E3%82%81%E3%81%98%E3%82%8D%E3%81%86" n3="%E3%81%A8%E3%82%8D%E3%82%8D%E3%81%9D%E3%81%B0" dan="16,17,16,17" rate="2179.65,2271.98,2146.03,2238.89" sx="M,M,M,M"/><TAIKYOKU oya="0"/><INIT seed="0,0,0,2,2,41" ten="250,250,250,250" oya="0" hai0="84,72,75,31,91,1,23,123,111,35,18,2,100" hai1="134,115,6,53,93,60,128,80,11,20,55,74,97" hai2="49,125,43,78,56,90,14,103,92,29,76,112,51" hai3="94,12,132,37,86,25,52,28,61,4,122,7,105"/><T62/><D123/><U42/><E134/><V38/><F112/><W131/><G105/><T89/><D100/><U107/><E128/><V8/><F125/><W81/><G37/><T40/><D35/><U67/><E107/><V119/><F119/><W26/><G132/><T102/><D31/><U36/><E20/><V46/><F29/><W24/><G131/><T47/><D102/><U96/><E96/><V87/><F103/><W65/><G122/><T121/><D121/><U118/><E118/><V34/><F34/><W58/><G28/><T71/><D111/><U114/><E80/><V10/><F10/><W117/><G94/><T73/><D62/><U110/><E74/><V120/><F120/><W135/><G135/><T63/><D63/><U5/><E5/><V95/><F95/><W54/><G117/><T0/><D84/><U66/><E66/><V83/><F56/><W129/><G129/><T48/><REACH who="0" step="1"/><D71/><REACH who="0" ten="240,250,250,250" step="2"/><U50/><E110/><V109/><F109/><W104/><G104/><T116/><D116/><U101/><E114/><V27/><F76/><W15/><G4/><T126/><D126/><U69/><E115/><V113/><F113/><W39/><G7/><T21/><D21/><U124/><E124/><V57/><F78/><W133/><G133/><T17/><D17/><U88/><E101/><V59/><F87/><W98/><G98/><T64/><D64/><U13/><E69/><V9/><F8/><W70/><G70/><T130/><D130/><U32/><E32/><V45/><F9/><W79/><G79/><T30/><D30/><U85/><E97/><RYUUKYOKU ba="0,1" sc="240,30,250,-10,250,-10,250,-10" hai0="0,1,2,18,23,40,47,48,72,73,75,89,91" /><INIT seed="0,1,1,0,2,57" ten="270,240,240,240" oya="0" hai0="31,74,41,64,24,25,6,80,11,66,62,20,121" hai1="87,85,30,46,93,13,56,112,132,116,108,72,98" hai2="44,95,96,34,43,45,54,99,58,133,70,68,61" hai3="88,75,134,115,38,71,79,12,127,122,78,59,90"/><T5/><D121/><U67/><E116/><V9/><F34/><W131/><G71/><T100/><D41/><U81/><E108/><V52/><F133/><W49/><G38/><T128/><D128/><U130/><E132/><V103/><F9/><W2/><G2/><T37/><D37/><U111/><E111/><V123/><F123/><W60/><G115/><T105/><D66/><U118/><E118/><V3/><F3/><W89/><G134/><T125/><D125/><U8/><E130/><V104/><F54/><W69/><G131/><T18/><D105/><U27/><E46/><V117/><F45/><W48/><G69/><T120/><D100/><U97/><E72/><V47/><F44/><W10/><G127/><T119/><D120/><U17/><E98/><V36/><REACH who="2" step="1"/><F117/><REACH who="2" ten="270,240,230,240" step="2"/><W92/><G122/><T0/><D119/><U33/><E112/><V124/><F124/><W77/><G75/><T1/><D1/><U63/><REACH who="1" step="1"/><E81/><REACH who="1" ten="270,230,230,240" step="2"/><V40/><F40/><W110/><G110/><T101/><D80/><U50/><E50/><V35/><F35/><W19/><REACH who="3" step="1"/><G92/><REACH who="3" ten="270,230,230,230" step="2"/><T15/><D74/><U32/><E32/><V4/><F4/><W113/><G113/><T26/><D6/><U82/><E82/><V73/><F73/><W102/><G102/><AGARI ba="1,4" hai="8,13,17,27,30,33,56,63,67,85,87,93,97,102" machi="102" ten="30,7700,0" yaku="1,1,7,1,52,1,53,1" doraHai="57" doraHaiUra="22" who="1" fromWho="3" sc="270,0,230,120,230,0,230,-80" /><AGARI ba="1,0" hai="36,43,47,52,58,61,68,70,95,96,99,102,103,104" machi="102" ten="30,7700,0" yaku="1,1,7,1,52,1,54,1,53,0" doraHai="57" doraHaiUra="22" who="2" fromWho="3" sc="270,0,350,0,230,77,150,-77" /><INIT seed="1,0,0,2,4,5" ten="270,350,307,73" oya="1" hai0="127,26,78,52,3,50,20,41,108,18,7,87,33" hai1="74,107,128,102,28,57,60,113,97,61,123,25,120" hai2="56,89,117,66,111,10,70,112,115,21,62,99,9" hai3="64,106,23,42,54,93,27,86,134,109,83,122,85"/><U2/><E113/><N who="2" m="43595" /><F117/><W22/><G106/><T103/><D108/><U32/><E74/><V6/><F111/><W73/><G73/><T59/><D127/><U77/><E128/><V129/><F129/><W36/><G122/><T94/><D33/><U30/><E77/><V46/><F46/><W38/><G64/><T116/><D116/><U135/><E135/><V100/><F89/><W13/><G109/><T8/><D41/><U1/><E30/><V58/><F21/><W133/><G54/><T110/><D110/><U14/><E61/><N who="2" m="40271" /><F6/><W72/><G72/><T105/><D105/><U114/><E114/><V75/><F75/><W90/><G42/><T96/><D87/><U67/><REACH who="1" step="1"/><E14/><REACH who="1" ten="270,340,307,73" step="2"/><V68/><F68/><W43/><G134/><T91/><REACH who="0" step="1"/><D78/><REACH who="0" ten="260,340,307,73" step="2"/><U82/><E82/><V11/><F62/><W51/><G133/><T126/><D126/><U4/><E4/><V45/><F45/><W17/><G83/><T40/><D40/><U104/><E104/><AGARI ba="0,2" hai="9,10,11,56,58,99,100,104" m="40271,43595" machi="104" ten="30,7700,0" yaku="11,1,52,3" doraHai="5" who="2" fromWho="1" sc="260,0,340,-77,307,97,73,0" /><INIT seed="2,0,0,5,1,125" ten="260,263,404,73" oya="2" hai0="114,106,87,73,1,13,126,99,135,19,56,116,41" hai1="89,54,133,26,17,28,100,22,35,2,7,69,98" hai2="93,131,16,65,122,72,25,108,62,86,47,12,82" hai3="50,3,74,0,10,39,5,27,61,104,97,111,46"/><V113/><F122/><W88/><G111/><T109/><D73/><U124/><E124/><V103/><F113/><W4/><G39/><T134/><D1/><U67/><E133/><N who="0" m="50697" /><D114/><U68/><E89/><V52/><F72/><W79/><G61/><T110/><D126/><U96/><E54/><V44/><F108/><W63/><G63/><T11/><D116/><U49/><E49/><V66/><F25/><W51/><G27/><T14/><D41/><U70/><E67/><N who="2" m="25611" /><F131/><W31/><G31/><T77/><D56/><U84/><E84/><V85/><F85/><W80/><G104/><T118/><D118/><U76/><E76/><N who="2" m="46407" /><F93/><W127/><G127/><T115/><D115/><U75/><E75/><V117/><F103/><W53/><G51/><T107/><D107/><U48/><E48/><V37/><F37/><W94/><REACH who="3" step="1"/><G4/><REACH who="3" ten="260,263,404,63" step="2"/><T33/><D106/><U121/><E121/><V64/><F117/><W36/><G36/><T90/><D110/><U78/><E68/><V40/><F64/><W38/><G38/><T101/><D109/><U42/><E70/><V45/><F40/><W8/><G8/><T105/><D11/><N who="1" m="2551" /><E42/><V59/><F45/><W55/><G55/><T92/><D105/><U20/><E69/><V21/><AGARI ba="0,1" hai="12,16,21,44,47,52,59,62" m="46407,25611" machi="21" ten="30,6000,0" yaku="8,1,54,2" doraHai="125" who="2" fromWho="2" sc="260,-20,263,-20,404,70,63,-20" /><INIT seed="2,1,0,4,4,9" ten="240,243,474,43" oya="2" hai0="120,38,2,122,13,44,121,23,56,10,46,111,72" hai1="61,60,70,25,105,85,135,124,53,39,86,123,100" hai2="102,54,76,69,108,45,41,71,81,7,90,16,104" hai3="132,118,66,15,8,117,91,119,19,93,133,129,28"/><V18/><F108/><W87/><G129/><T32/><D32/><U58/><E39/><V35/><F35/><W73/><G73/><T50/><D72/><U0/><E124/><V68/><F90/><W14/><G66/><T131/><D131/><U63/><E0/><V112/><F112/><W130/><G130/><T126/><D126/><U36/><E36/><V110/><F110/><W48/><G28/><T62/><D111/><U30/><E135/><V114/><F54/><W22/><REACH who="3" step="1"/><G48/><REACH who="3" ten="240,243,474,33" step="2"/><T115/><D38/><U42/><E30/><V99/><F114/><W94/><G94/><T40/><D115/><U116/><E105/><V92/><F104/><W21/><G21/><T80/><D23/><U78/><E116/><V55/><F55/><W103/><G103/><T79/><D50/><U128/><E100/><V47/><F7/><AGARI ba="1,1" hai="7,8,14,15,19,22,87,91,93,117,118,119,132,133" machi="7" ten="40,8000,1" yaku="1,1,52,2,53,1" doraHai="9" doraHaiUra="6" who="3" fromWho="2" sc="240,0,243,0,474,-83,33,93" /><INIT seed="3,0,0,4,1,71" ten="240,243,391,126" oya="3" hai0="35,114,45,37,50,76,18,72,65,25,79,66,92" hai1="21,85,112,26,28,40,64,9,16,33,39,42,60" hai2="95,84,135,63,24,127,110,111,120,83,44,67,109" hai3="8,132,126,97,87,0,11,68,46,102,77,96,123"/><W57/><G68/><T73/><D37/><U62/><E112/><V32/><F127/><W99/><G123/><T107/><D107/><U69/><E62/><V51/><F135/><W52/><G126/><T81/><D114/><U48/><E39/><V49/><F120/><W130/><G132/><T124/><D124/><U119/><E119/><V56/><F95/><W116/><G116/><T101/><D101/><U30/><E30/><N who="2" m="19527" /><F44/><W20/><G0/><T55/><D92/><U86/><E9/><V122/><F122/><W13/><G46/><T90/><D90/><AGARI ba="0,0" hai="49,51,56,63,67,83,84,90,109,110,111" m="19527" machi="90" ten="30,1000,0" yaku="14,1" doraHai="71" who="2" fromWho="0" sc="240,-10,243,0,391,10,126,0" /><INIT seed="4,0,0,1,0,79" ten="230,243,401,126" oya="0" hai0="103,108,26,52,45,27,112,60,122,5,134,99,90" hai1="19,63,72,98,54,126,87,120,119,62,57,2,7" hai2="77,31,130,113,83,48,132,8,67,88,51,35,85" hai3="75,80,117,64,32,11,1,43,100,78,70,111,12"/><T4/><D122/><U135/><E120/><V46/><F113/><W53/><G111/><T0/><D112/><U20/><E72/><V44/><F130/><W101/><G117/><T95/><D108/><U49/><E119/><V24/><F132/><W9/><G32/><T56/><D134/><U96/><E126/><V23/><F67/><W68/><G43/><T102/><D0/><U39/><E39/><V123/><F35/><W10/><G1/><T50/><D27/><U127/><E127/><V61/><F61/><W71/><G64/><T16/><D102/><U106/><E106/><V65/><F65/><W33/><G33/><T107/><D107/><U36/><E36/><V110/><F110/><W125/><G125/><T28/><D103/><U129/><E129/><V14/><F123/><W116/><G116/><T133/><D133/><U40/><E7/><V25/><F25/><W84/><G12/><T55/><D28/><U18/><E18/><V38/><F38/><W13/><G13/><T21/><AGARI ba="0,0" hai="4,5,16,21,26,45,50,52,55,56,60,90,95,99" machi="21" ten="30,18000,2" yaku="0,1,25,2,8,1,54,2" doraHai="79" who="0" fromWho="0" sc="230,180,243,-60,401,-60,126,-60" /><INIT seed="4,1,0,2,0,77" ten="410,183,341,66" oya="0" hai0="67,2,104,22,89,6,121,16,24,112,30,68,131" hai1="76,13,117,38,78,132,26,72,25,60,43,109,134" hai2="80,46,32,111,53,63,124,20,29,44,113,70,95" hai3="35,45,88,21,123,92,118,102,133,87,122,51,3"/><T107/><D121/><U64/><E109/><V126/><F111/><W84/><G35/><T5/><D112/><U9/><E117/><V41/><F32/><W1/><G118/><T27/><D131/><U69/><E43/><V66/><F113/><W54/><G133/><N who="1" m="51306" /><E38/><V125/><F95/><W74/><G74/><T11/><D6/><U12/><E12/><V130/><F130/><W14/><G102/><T85/><D67/><U115/><E115/><V106/><F106/><W120/><G87/><T93/><REACH who="0" step="1"/><D68/><REACH who="0" ten="400,183,341,66" step="2"/><U19/><E72/><V40/><F124/><W49/><G49/><T58/><D58/><U127/><E127/><V62/><F125/><W31/><G31/><T15/><D15/><U105/><E64/><V114/><F126/><W135/><G135/><T55/><D55/><U110/><E69/><V47/><F114/><W28/><G28/><T17/><D17/><AGARI ba="1,1" hai="1,3,14,17,21,45,51,54,84,88,92,120,122,123" machi="17" ten="40,2600,0" yaku="13,1,54,1" doraHai="77" who="3" fromWho="0" sc="400,-29,183,0,341,0,66,39" /><INIT seed="5,0,0,1,0,113" ten="371,183,341,105" oya="1" hai0="26,16,70,35,135,121,7,101,1,2,54,9,25" hai1="71,80,88,96,24,79,76,21,90,94,46,108,126" hai2="27,57,50,61,91,30,125,40,115,34,15,49,95" hai3="67,5,112,89,127,48,69,39,73,68,36,19,92"/><U87/><E71/><V55/><F125/><W99/><G112/><T82/><D70/><U122/><E122/><V20/><F115/><W117/><G127/><T44/><D2/><U22/><E126/><V102/><F102/><W120/><G120/><T110/><D110/><U83/><E108/><V3/><F3/><W114/><G114/><T133/><D101/><U37/><E37/><V116/><F116/><W103/><G73/><T107/><D107/><U98/><E46/><V28/><F40/><W31/><G5/><T93/><D93/><U45/><E45/><V11/><F30/><W106/><G31/><T77/><D121/><U128/><E128/><V104/><F104/><W111/><G111/><T123/><D35/><U109/><E109/><V130/><F34/><W75/><G75/><N who="0" m="43327" /><D16/><U118/><E118/><V64/><F64/><W60/><G69/><T42/><D54/><U119/><E119/><V85/><REACH who="2" step="1"/><F130/><REACH who="2" ten="371,183,331,105" step="2"/><W18/><G117/><T4/><D123/><U52/><E52/><V17/><AGARI ba="0,1" hai="11,15,17,20,27,28,49,50,55,57,61,85,91,95" machi="17" ten="20,12000,2" yaku="1,1,2,1,0,1,7,1,8,1,53,1" doraHai="113" doraHaiUra="12" who="2" fromWho="2" sc="371,-30,183,-60,331,130,105,-30" /><INIT seed="6,0,0,2,1,29" ten="341,123,461,75" oya="2" hai0="6,124,64,92,104,105,41,81,122,16,10,110,11" hai1="50,107,44,43,101,31,7,74,76,2,116,69,34" hai2="21,128,57,82,72,51,35,37,62,133,56,97,18" hai3="20,68,53,123,58,83,113,5,120,33,132,30,78"/><V121/><F121/><W49/><G68/><T1/><D110/><U87/><E69/><V86/><F37/><W114/><G5/><T80/><D122/><U60/><E60/><V88/><F128/><W59/><G59/><T13/><D124/><U67/><E67/><V135/><F72/><W79/><G20/><T28/><D64/><U45/><E87/><V95/><F35/><W96/><G96/><T17/><D41/><U85/><E85/><V19/><F51/><W46/><G58/><T36/><D36/><U3/><E7/><V134/><F21/><W27/><G132/><T8/><D92/><U90/><E90/><V129/><F56/><W52/><G53/><T22/><D28/><U65/><E65/><N who="2" m="39119" /><F129/><W93/><G93/><T115/><D115/><N who="3" m="44041" /><G79/><AGARI ba="0,0" hai="18,19,79,82,86,88,95,97,133,134,135" m="39119" machi="79" ten="30,2900,0" yaku="20,1,54,1" doraHai="29" who="2" fromWho="3" sc="341,0,123,0,461,29,75,-29" /><INIT seed="6,1,0,5,0,52" ten="341,123,490,46" oya="2" hai0="60,58,79,30,99,72,114,33,23,28,77,31,135" hai1="110,102,22,115,132,129,50,21,69,119,112,93,29" hai2="91,54,83,107,104,121,36,88,48,74,40,100,17" hai3="78,38,42,128,45,53,47,113,43,7,63,5,85"/><V1/><F121/><W90/><G128/><T26/><D114/><N who="1" m="43563" /><E110/><V41/><F1/><W27/><G78/><T109/><D109/><U84/><E119/><V10/><F36/><W120/><G120/><T65/><D135/><U8/><E69/><V133/><F133/><W57/><G27/><T124/><D124/><U73/><E73/><V61/><F61/><W12/><G12/><T37/><D37/><U82/><E29/><V11/><F74/><W68/><G113/><T16/><D33/><U20/><E8/><V4/><F4/><W89/><G89/><T117/><D117/><U39/><E39/><V103/><F54/><W67/><G47/><T70/><D72/><U134/><E50/><V130/><F48/><W49/><REACH who="3" step="1"/><G43/><REACH who="3" ten="341,123,490,36" step="2"/><T2/><D2/><U127/><E129/><V24/><F130/><W106/><G106/><T64/><D77/><N who="1" m="46159" /><E127/><V111/><F111/><W108/><G108/><T13/><D79/><U6/><E6/><V44/><F44/><W25/><G25/><T101/><D26/><U81/><E134/><V32/><F24/><W62/><G62/><T80/><D80/><AGARI ba="1,1" hai="5,7,38,42,45,49,53,57,63,67,68,80,85,90" machi="80" ten="30,8000,1" yaku="1,1,7,1,24,2,52,1,53,0" doraHai="52" doraHaiUra="95" who="3" fromWho="0" sc="341,-83,123,0,490,0,36,93" /><INIT seed="7,0,0,5,4,135" ten="258,123,490,129" oya="3" hai0="119,90,59,41,43,120,16,80,110,49,26,69,117" hai1="28,84,29,40,91,42,31,24,75,4,64,32,100" hai2="112,104,123,107,113,30,25,121,65,124,116,95,19" hai3="74,122,68,33,5,39,114,85,56,106,72,20,126"/><W54/><G122/><N who="2" m="46601" /><F124/><W101/><G33/><T131/><D110/><U10/><E75/><V0/><F0/><W83/><G68/><T15/><D69/><U99/><E64/><V27/><F116/><W57/><G39/><T60/><D131/><U37/><E37/><V63/><F95/><W92/><G106/><T127/><D127/><U47/><E42/><V61/><F19/><W78/><G126/><T12/><D120/><U86/><E40/><N who="0" m="15433" /><D49/><U17/><E47/><V44/><F44/><W13/><G57/><T108/><D108/><U8/><E17/><V67/><F25/><W98/><G114/><N who="2" m="44137" /><F65/><W82/><G82/><T111/><D111/><U52/><E52/><V1/><F1/><W71/><G71/><T97/><D60/><N who="2" m="23114" /><F67/><W73/><G5/><T81/><D90/><U118/><E118/><V35/><AGARI ba="0,0" hai="27,30,35,104,107" m="23114,44137,46601" machi="35" ten="40,2700,0" yaku="13,1,15,1" doraHai="135" who="2" fromWho="2" sc="258,-7,123,-7,490,27,129,-13" owari="251,5.1,116,-28.4,517,61.7,116,-38.4" /></mjloggm>