<mjloggm ver="2.3"><GO type="169" lobby="0"/><UN n0="%E3%83%95%E3%83%AB%E3%82%BC%E3%83%B3%E3%83%84%E3%81%8F%E3%82%93" n1="%4D%41%43%4F%54%4F" n2="%6D%65%6C%65%78" n3="%E7%BD%AA%E5%88%91%E6%B3%95%E5%AE%9A%E4%B8%BB%E7%BE%A9" dan="16,16,16,17" rate="2153.59,2069.02,2087.97,2219.25" sx="F,F,M,M"/><TAIKYOKU oya="0"/><INIT seed="0,0,0,0,2,88" ten="250,250,250,250" oya="0" hai0="14,41,77,104,7,47,43,95,1,52,54,22,56" hai1="127,53,107,69,51,36,111,118,92,117,26,61,133" hai2="84,135,50,68,106,96,78,71,115,112,91,60,10" hai3="116,131,105,120,66,123,24,49,132,129,59,17,124"/><T39/><D104/><U114/><E107/><V126/><F78/><W23/><G105/><T70/><D70/><U76/><E111/><V3/><F106/><W130/><G116/><T109/><D109/><U20/><E36/><V31/><F31/><W122/><G124/><T99/><D77/><U38/><E38/><V28/><F28/><W12/><G132/><T121/><D121/><U32/><E32/><V5/><F96/><W11/><G66/><T29/><D1/><U83/><E133/><V101/><F135/><W4/><G59/><T86/><D86/><U19/><E114/><V34/><F34/><W48/><AGARI ba="0,0" hai="4,11,12,17,23,24,48,49,120,122,123,129,130,131" machi="48" ten="40,5200,0" yaku="0,1,13,1,19,1" doraHai="88" who="3" fromWho="3" sc="250,-26,250,-13,250,-13,250,52" /><INIT seed="1,0,0,2,3,11" ten="224,237,237,302" oya="1" hai0="58,123,49,126,96,10,73,43,74,133,5,116,87" hai1="22,47,16,77,70,50,115,101,65,18,132,99,78" hai2="9,117,68,105,26,30,119,32,20,121,64,107,131" hai3="13,114,63,67,55,108,75,112,81,71,41,89,6"/><U35/><E115/><V79/><F121/><W0/><G108/><T52/><D116/><U7/><E35/><V45/><F131/><W40/><G0/><T27/><D123/><U4/><E132/><V31/><F79/><W33/><G33/><T42/><D133/><U86/><E65/><V102/><F45/><W93/><G55/><T46/><D126/><U92/><E70/><V100/><F9/><W122/><G122/><T97/><D43/><U61/><E61/><V85/><F85/><W118/><G118/><T3/><D87/><U39/><E39/><V82/><F82/><W48/><G75/><T76/><D27/><U37/><E37/><V60/><F32/><W25/><G81/><T62/><REACH who="0" step="1"/><D76/><REACH who="0" ten="214,237,237,302" step="2"/><U80/><E78/><V2/><F117/><W84/><G41/><T135/><D135/><U24/><E18/><V38/><F119/><W95/><G114/><T53/><D53/><AGARI ba="0,1" hai="4,7,16,22,24,47,50,53,77,80,86,92,99,101" machi="53" ten="30,5800,0" yaku="7,1,8,1,54,1" doraHai="11" who="1" fromWho="0" sc="214,-58,237,68,237,0,302,0" /><INIT seed="1,1,0,1,5,20" ten="156,305,237,302" oya="1" hai0="48,135,56,21,130,23,134,6,39,79,111,102,14" hai1="113,84,44,12,5,78,127,91,92,24,63,75,45" hai2="41,76,50,104,27,103,69,117,82,37,110,40,74" hai3="19,43,58,108,68,98,49,87,71,10,85,13,90"/><U16/><E113/><V61/><F117/><W35/><G108/><T99/><D39/><U53/><E127/><V124/><F110/><W116/><G116/><T88/><D111/><U33/><E5/><V47/><F124/><W2/><G35/><T59/><D79/><U17/><E75/><V70/><F41/><W121/><G121/><T132/><D130/><U55/><E78/><V119/><F119/><W22/><G98/><T57/><D48/><U11/><E33/><V72/><F72/><W86/><G90/><T101/><D6/><U18/><E55/><V89/><F50/><W25/><G2/><T122/><D122/><U109/><E109/><V65/><F89/><W95/><G95/><N who="0" m="56807" /><D14/><U52/><E53/><V133/><F133/><W129/><G129/><T93/><D93/><U118/><E118/><V51/><F51/><W128/><G128/><T30/><D21/><N who="1" m="13367" /><E17/><V26/><REACH who="2" step="1"/><F69/><REACH who="2" ten="156,305,227,302" step="2"/><W120/><G120/><T1/><D1/><U29/><E29/><V9/><F9/><W115/><G115/><T46/><D46/><U32/><E32/><V66/><F66/><W100/><G100/><T62/><D62/><U3/><E3/><V112/><F112/><W36/><G36/><T15/><D30/><U125/><E125/><V64/><F64/><W105/><G71/><T31/><D31/><U107/><E107/><V126/><F126/><W0/><G105/><T4/><D23/><U94/><E94/><V83/><F83/><W60/><G68/><T80/><D80/><U114/><E114/><V7/><F7/><W34/><G22/><T106/><D106/><RYUUKYOKU ba="1,1" sc="156,10,305,10,227,10,302,-30" hai0="4,15,56,57,59,101,102,132,134,135" hai1="11,12,16,44,45,52,63,84,91,92" hai2="26,27,37,40,47,61,65,70,74,76,82,103,104" /><INIT seed="1,2,1,2,3,66" ten="166,315,237,272" oya="1" hai0="21,11,5,131,23,82,100,78,31,34,121,12,120" hai1="115,112,128,77,57,84,97,113,53,16,119,65,123" hai2="13,114,72,118,61,62,14,75,124,54,125,91,111" hai3="46,93,122,42,4,32,6,56,15,19,133,127,98"/><U103/><E119/><V85/><F118/><W47/><G122/><N who="0" m="47211" /><D100/><U48/><E123/><V80/><F111/><W59/><G32/><T58/><D58/><N who="3" m="22057" /><G127/><N who="2" m="48713" /><F114/><W41/><G133/><T108/><D108/><U106/><E128/><V89/><F89/><N who="3" m="55599" /><G47/><T117/><D117/><U74/><E65/><V101/><F101/><W55/><G55/><T69/><D69/><U1/><E1/><V18/><F54/><W92/><G92/><T135/><D131/><U105/><E105/><V36/><F36/><W60/><G60/><N who="2" m="23145" /><F18/><W40/><G46/><T90/><D90/><U126/><E126/><V71/><F71/><W30/><G30/><T28/><D135/><U37/><E37/><V17/><F14/><W3/><G3/><T107/><D107/><U52/><E53/><V132/><F132/><W51/><G51/><T49/><D49/><U39/><E39/><V43/><F43/><W2/><G2/><T7/><D31/><U104/><E104/><V81/><F81/><W64/><G64/><T76/><D76/><U25/><E77/><V27/><F27/><W116/><G116/><T63/><D63/><U8/><E25/><V102/><F102/><W87/><G42/><T70/><D70/><U26/><E26/><V88/><F91/><W86/><G41/><T73/><D73/><U95/><E74/><V33/><F33/><W29/><G40/><T9/><D28/><U50/><E50/><V38/><F38/><W24/><G24/><T44/><D34/><U96/><E113/><V45/><F45/><W99/><G29/><T20/><D44/><U109/><E115/><RYUUKYOKU ba="2,1" sc="166,-10,315,-10,237,30,272,-10" hai2="13,17,72,75,80,85,88" /><INIT seed="2,3,1,1,3,129" ten="156,305,267,262" oya="2" hai0="77,68,85,48,132,82,13,8,31,11,96,72,22" hai1="100,21,124,92,135,5,47,87,91,78,134,98,37" hai2="43,90,3,14,64,94,50,123,1,62,38,89,45" hai3="28,103,51,54,34,125,60,49,130,128,83,121,36"/><V25/><F123/><W75/><G121/><T122/><D68/><U105/><E124/><V35/><F14/><W41/><G125/><T27/><D122/><U79/><E5/><V119/><F119/><W101/><G28/><T106/><D132/><N who="1" m="50731" /><E21/><V18/><F38/><W110/><G34/><T131/><D131/><N who="3" m="50217" /><G110/><T107/><D8/><U33/><E33/><V88/><F94/><W30/><G30/><T99/><D72/><U29/><E29/><V126/><F126/><W74/><G36/><T12/><D12/><U117/><E117/><V57/><REACH who="2" step="1"/><F35/><REACH who="2" ten="156,305,257,262" step="2"/><W127/><G127/><T46/><D107/><U16/><E16/><V102/><F102/><W40/><G103/><T19/><REACH who="0" step="1"/><D106/><REACH who="0" ten="146,305,257,262" step="2"/><U113/><E113/><V0/><F0/><W81/><G75/><T4/><D4/><U9/><E9/><V26/><F26/><W39/><G74/><T32/><D32/><U65/><E105/><V133/><F133/><W80/><G39/><T116/><D116/><U10/><E10/><V84/><F84/><W67/><G101/><T95/><D95/><U44/><E87/><V61/><F61/><W2/><G2/><T115/><D115/><U93/><E100/><V97/><F97/><W7/><G7/><T55/><AGARI ba="3,3" hai="11,13,19,22,27,31,46,48,55,77,82,85,96,99" machi="55" ten="20,5200,0" yaku="1,1,0,1,7,1,8,1,53,0" doraHai="129" doraHaiUra="112" who="0" fromWho="0" sc="146,91,305,-16,257,-29,262,-16" /><INIT seed="3,0,0,3,4,54" ten="237,289,228,246" oya="3" hai0="93,21,94,110,64,81,124,116,72,46,86,16,92" hai1="88,113,98,134,5,19,133,48,44,63,71,59,53" hai2="132,2,82,103,131,73,112,69,33,123,55,18,32" hai3="17,78,77,104,58,3,120,99,24,31,84,79,65"/><W96/><G120/><T41/><D116/><U90/><E113/><V40/><F103/><W102/><G3/><T66/><D72/><U38/><E5/><V35/><F82/><W1/><G1/><T115/><D110/><U74/><E74/><V30/><F55/><W43/><G43/><T100/><D124/><U12/><E38/><V15/><F40/><W34/><G99/><T42/><D100/><U56/><E71/><V0/><F69/><W7/><G7/><T70/><D70/><U75/><E75/><V80/><F80/><W76/><G17/><T91/><D42/><U111/><E111/><V130/><F73/><W106/><N who="3" m="19456" /><DORA hai="101" /><W29/><G29/><T4/><D4/><U37/><E37/><V109/><F109/><W62/><REACH who="3" step="1"/><G84/><REACH who="3" ten="237,289,228,236" step="2"/><T50/><REACH who="0" step="1"/><D115/><REACH who="0" ten="227,289,228,236" step="2"/><U60/><E134/><V122/><F112/><W87/><G87/><T36/><D36/><U10/><E133/><V121/><F132/><W8/><G8/><T83/><D83/><U85/><E85/><V117/><F117/><W25/><G25/><AGARI ba="0,2" hai="16,21,25,41,46,50,64,66,81,86,91,92,93,94" machi="25" ten="40,5200,0" yaku="1,1,8,1,54,1,53,0" doraHai="54,101" doraHaiUra="51,119" who="0" fromWho="3" sc="227,72,289,0,228,0,236,-52" /><INIT seed="4,0,0,4,1,2" ten="299,289,228,184" oya="0" hai0="25,58,11,127,80,57,20,23,16,49,39,61,115" hai1="69,72,64,0,134,7,110,9,98,126,106,131,77" hai2="114,65,122,29,105,81,59,119,14,53,22,34,8" hai3="102,113,73,54,42,3,17,19,13,87,111,124,5"/><T21/><D115/><U46/><E110/><V91/><F122/><W89/><G111/><T67/><D127/><U45/><E126/><V60/><F105/><W135/><G73/><T68/><D39/><U101/><E131/><V27/><F114/><W92/><G124/><T26/><D80/><U132/><E46/><V121/><F119/><W38/><G113/><T120/><D120/><U107/><E107/><V83/><F121/><W31/><G135/><T71/><D71/><U33/><E33/><V12/><F91/><W129/><G129/><T15/><D68/><U108/><E108/><V103/><F103/><W125/><G125/><T95/><D95/><U47/><E47/><V43/><F43/><W32/><G102/><T37/><REACH who="0" step="1"/><D37/><REACH who="0" ten="289,289,228,184" step="2"/><U76/><E132/><V100/><F81/><W55/><G38/><T99/><D99/><U40/><E134/><V128/><F83/><W90/><G92/><T50/><D50/><U74/><E76/><V94/><F128/><W112/><G112/><T85/><D85/><U28/><E77/><V56/><F94/><W6/><G87/><T51/><D51/><N who="1" m="27047" /><E72/><V70/><F70/><W24/><G90/><T88/><D88/><U30/><E74/><V66/><F100/><W104/><G89/><T109/><D109/><U48/><E48/><V62/><F62/><W118/><G104/><T82/><D82/><U117/><E117/><V86/><F86/><W10/><G118/><T63/><D63/><N who="1" m="40095" /><E106/><V96/><F96/><W97/><G97/><T130/><D130/><U18/><E98/><V116/><F116/><W84/><G84/><RYUUKYOKU ba="0,1" sc="289,30,289,-10,228,-10,184,-10" hai0="11,15,16,20,21,23,25,26,49,57,58,61,67" /><INIT seed="4,1,1,2,3,70" ten="319,279,218,174" oya="0" hai0="132,45,5,41,63,60,37,116,98,108,87,112,47" hai1="6,107,4,101,54,90,69,33,114,123,72,58,85" hai2="102,11,99,121,25,66,81,106,82,93,17,18,83" hai3="77,73,92,76,117,30,38,134,55,0,19,24,34"/><T46/><D116/><U61/><E123/><V35/><F121/><W133/><G117/><T62/><D112/><U97/><E33/><V109/><F109/><W110/><G110/><T84/><D108/><U32/><E32/><V57/><F106/><W59/><G0/><T80/><D132/><N who="3" m="50793" /><G19/><T111/><D111/><U21/><E72/><V44/><F44/><W64/><G64/><T65/><D65/><U49/><E114/><V42/><F42/><W23/><G34/><T124/><D124/><U28/><E69/><V40/><F40/><W78/><G92/><T94/><D84/><U104/><E104/><V130/><F130/><W91/><G91/><T128/><D5/><U79/><E79/><V71/><F71/><W29/><G29/><T39/><D41/><U12/><E61/><V126/><F126/><W48/><G73/><T103/><REACH who="0" step="1"/><D128/><REACH who="0" ten="309,279,218,174" step="2"/><U119/><E119/><V56/><F66/><W89/><G89/><AGARI ba="1,2" hai="37,39,45,46,47,60,62,63,80,87,89,94,98,103" machi="89" ten="40,12000,1" yaku="1,1,2,1,52,2,53,0" doraHai="70" doraHaiUra="8" who="0" fromWho="3" sc="309,143,279,0,218,0,174,-123" /><INIT seed="4,2,0,0,2,50" ten="452,279,218,51" oya="0" hai0="28,70,130,75,54,124,37,84,125,135,122,117,69" hai1="56,26,8,34,43,45,51,15,134,68,72,12,94" hai2="97,78,73,89,13,57,19,38,14,129,99,7,118" hai3="90,30,83,66,27,36,95,100,96,9,91,35,39"/><T4/><D75/><U42/><E68/><V76/><F129/><W25/><G66/><T127/><D117/><U41/><E72/><V104/><F38/><W60/><G60/><T111/><D122/><U11/><E134/><V123/><F123/><W103/><G9/><T102/><D130/><U20/><E34/><V80/><F118/><W23/><G103/><T52/><D135/><U88/><E56/><V22/><F76/><W32/><G32/><T113/><D113/><U133/><E8/><V0/><F0/><W119/><G119/><T58/><D4/><U128/><E133/><V65/><F104/><W112/><G112/><T21/><D111/><U98/><E128/><V64/><F89/><W93/><G83/><T49/><D37/><U48/><E11/><V131/><F131/><W120/><G100/><T101/><D84/><U77/><E77/><V107/><F107/><W59/><G59/><N who="0" m="33167" /><D69/><U116/><E116/><V63/><F7/><W126/><G126/><T87/><D87/><U17/><E48/><V121/><F121/><W71/><G71/><T86/><D86/><U10/><REACH who="1" step="1"/><E15/><REACH who="1" ten="452,269,218,51" step="2"/><V110/><F14/><W67/><G120/><T33/><D70/><U79/><E79/><V1/><F78/><W31/><REACH who="3" step="1"/><G67/><REACH who="3" ten="452,269,218,41" step="2"/><T62/><D33/><U2/><E2/><V85/><F1/><W29/><G29/><AGARI ba="2,2" hai="10,12,17,20,26,29,41,42,43,45,51,88,94,98" machi="29" ten="30,8000,1" yaku="1,1,7,1,8,1,54,1,53,1" doraHai="50" doraHaiUra="47" who="1" fromWho="3" sc="452,0,269,106,218,0,41,-86" owari="452,55.2,375,17.5,218,-18.2,-45,-54.5" /></mjloggm>