<mjloggm ver="2.3"><GO type="169" lobby="0"/><UN n0="%37%34%31%34%4E%6D%73%6C" n1="%E6%84%9A%E5%85%84%E3%81%8C%E6%84%9A%E5%BD%A2" n2="%E8%B5%A4%E7%BE%8E%E6%BF%83%E3%81%BE%E3%81%90%E3%82%8D" n3="%48%57%49%4E%47" dan="16,18,16,16" rate="2048.15,2210.41,2153.94,2127.34" sx="M,M,M,M"/><TAIKYOKU oya="0"/><INIT seed="0,0,0,1,4,47" ten="250,250,250,250" oya="0" hai0="74,75,71,78,83,113,4,32,103,127,100,36,133" hai1="19,66,14,135,40,96,116,122,97,51,118,80,18" hai2="26,57,8,52,94,35,73,16,99,101,12,59,90" hai3="106,34,55,76,30,29,49,9,86,130,87,93,27"/><T110/><D113/><U6/><E122/><V84/><F73/><W128/><G106/><T119/><D4/><U114/><E135/><V70/><F70/><W129/><G30/><T46/><D71/><U88/><E114/><V63/><F35/><W0/><G76/><T58/><D32/><U21/><E66/><V117/><F117/><W24/><G24/><T48/><D119/><U41/><E6/><V43/><F43/><W125/><G125/><T81/><D133/><U3/><E3/><V72/><F72/><W20/><G34/><T22/><D127/><U39/><E39/><V13/><F26/><W45/><G93/><T120/><D120/><U1/><E1/><V92/><F59/><W31/><G31/><T104/><D104/><U56/><E19/><V33/><F33/><W61/><G61/><T126/><D126/><U95/><E97/><V109/><F109/><W105/><G105/><T2/><D2/><U23/><E23/><V37/><F37/><W53/><REACH who="3" step="1"/><G55/><REACH who="3" ten="250,250,250,240" step="2"/><T38/><D78/><U132/><E118/><V50/><F13/><W60/><G60/><AGARI ba="0,1" hai="8,12,16,50,52,57,60,63,84,90,92,94,99,101" machi="60" ten="40,8000,1" yaku="8,1,52,1,54,2" doraHai="47" who="2" fromWho="3" sc="250,0,250,0,250,90,240,-80" /><INIT seed="1,0,0,2,2,0" ten="250,250,340,160" oya="1" hai0="46,36,35,77,52,5,63,112,107,3,55,131,124" hai1="79,132,116,47,16,32,89,69,85,40,114,113,120" hai2="67,24,98,59,92,50,38,88,135,57,106,109,1" hai3="29,11,111,14,22,105,65,126,25,97,23,74,26"/><U61/><E116/><V108/><F1/><W33/><G74/><T121/><D112/><U8/><E32/><V4/><F38/><W7/><G65/><T81/><D35/><U86/><E120/><V76/><F135/><W62/><G62/><T13/><D131/><U27/><E132/><V31/><F76/><W110/><G105/><T95/><D107/><U15/><E27/><V6/><F106/><W90/><G97/><T68/><D13/><U103/><E103/><V99/><F99/><W58/><G58/><N who="2" m="22025" /><F50/><W28/><G90/><T34/><D95/><U130/><E130/><V134/><F67/><W70/><G70/><T60/><D34/><U66/><E86/><V129/><F129/><W30/><G126/><T125/><D121/><U93/><REACH who="1" step="1"/><E79/><REACH who="1" ten="250,240,340,160" step="2"/><V91/><F134/><W10/><G10/><N who="0" m="2367" /><D125/><U18/><E18/><V19/><F19/><N who="3" m="12511" /><G33/><T128/><D128/><U127/><E127/><V115/><F24/><W9/><G9/><T17/><D17/><AGARI ba="0,1" hai="7,11,14,17,23,26,28,29,30,110,111" m="12511" machi="17" ten="30,3900,0" yaku="34,2,52,1" doraHai="0" who="3" fromWho="0" sc="250,-39,240,0,340,0,160,49" /><INIT seed="2,0,0,3,1,1" ten="211,240,340,209" oya="2" hai0="135,120,123,80,97,10,103,16,44,134,95,69,64" hai1="39,111,68,101,15,2,104,25,27,36,20,126,70" hai2="109,108,24,71,11,128,105,84,31,132,66,52,92" hai3="49,89,9,58,54,83,124,7,112,127,106,30,18"/><V50/><F105/><W32/><G112/><T34/><D34/><U61/><E2/><V133/><F128/><W67/><G106/><T96/><D44/><U115/><E115/><V110/><F11/><W14/><G67/><T19/><D80/><U90/><E111/><V13/><F13/><W60/><G32/><T78/><D78/><U119/><E119/><V118/><F118/><W42/><G30/><T22/><D64/><U117/><E117/><V51/><F51/><W107/><G107/><T102/><D69/><U79/><E79/><V62/><F84/><W91/><G18/><T65/><D65/><U43/><E61/><V33/><F92/><W94/><G83/><T131/><D22/><U129/><E126/><N who="3" m="48170" /><G94/><T29/><D95/><U37/><E129/><V4/><F4/><W74/><G74/><T45/><D45/><AGARI ba="0,0" hai="24,31,33,45,50,52,62,66,71,108,109,110,132,133" machi="45" ten="40,7700,0" yaku="14,1,10,1,54,1" doraHai="1" who="2" fromWho="0" sc="211,-77,240,0,340,77,209,0" /><AGARI ba="0,0" hai="7,9,14,42,45,49,54,58,60,89,91" m="48170" machi="45" ten="30,2000,0" yaku="18,1,52,1" doraHai="1" who="3" fromWho="0" sc="134,-20,240,0,417,0,209,20" /><INIT seed="2,1,0,4,0,20" ten="114,240,417,229" oya="2" hai0="61,135,90,30,8,132,129,109,91,94,17,70,0" hai1="85,53,73,26,18,1,86,133,36,116,12,40,38" hai2="89,95,16,59,76,108,103,131,111,122,69,49,117" hai3="32,25,42,128,123,46,71,48,51,7,99,6,33"/><V63/><F117/><W98/><G123/><T119/><D109/><N who="2" m="42058" /><F122/><W112/><G71/><T83/><D119/><U31/><E73/><V43/><F69/><W57/><G128/><T23/><D129/><U121/><E133/><N who="0" m="51273" /><D83/><U100/><E100/><V14/><F131/><W118/><G118/><T110/><D110/><U113/><E113/><V78/><F103/><W21/><G112/><T125/><D125/><U114/><E114/><V34/><F34/><W102/><G32/><T55/><D30/><U29/><E29/><V75/><F75/><W88/><G33/><T3/><D55/><U52/><E1/><N who="0" m="585" /><D8/><U37/><E40/><V134/><F43/><W130/><G130/><T5/><D5/><U13/><E121/><V27/><F49/><W56/><G102/><T4/><D4/><N who="3" m="1577" /><G51/><T15/><D94/><U93/><E93/><V39/><F39/><W77/><G77/><T107/><D107/><U104/><E104/><V106/><F106/><W11/><G11/><T65/><AGARI ba="1,0" hai="15,17,23,61,65,70,90,91" m="585,51273" machi="65" ten="40,1500,0" yaku="20,1" doraHai="20" who="0" fromWho="0" sc="114,18,240,-5,417,-8,229,-5" /><INIT seed="3,0,0,5,1,3" ten="132,235,409,224" oya="3" hai0="1,125,33,28,67,121,120,61,77,128,84,29,13" hai1="122,92,6,62,101,99,131,96,51,82,73,23,66" hai2="98,90,12,59,27,103,88,60,46,123,105,89,109" hai3="91,56,53,113,31,85,104,130,19,129,133,65,15"/><W40/><G113/><T17/><D125/><U106/><E131/><N who="3" m="50186" /><G104/><T5/><D128/><U8/><E122/><V52/><F109/><W25/><G40/><T21/><D77/><U2/><E51/><V18/><F123/><W45/><G45/><T74/><D74/><U16/><E82/><V57/><F27/><W41/><G41/><T32/><D84/><U14/><E73/><V76/><F76/><W47/><G47/><T75/><D75/><U43/><E43/><V95/><F46/><W83/><G65/><T102/><D102/><U36/><E36/><V39/><F39/><W0/><G0/><T114/><D114/><U70/><REACH who="1" step="1"/><E96/><REACH who="1" ten="132,225,409,224" step="2"/><V34/><F34/><N who="3" m="20847" /><G133/><T7/><D121/><U111/><E111/><V48/><F105/><AGARI ba="0,1" hai="2,6,8,14,16,23,62,66,70,92,99,101,105,106" machi="105" ten="40,5200,0" yaku="1,1,52,1,54,1,53,0" doraHai="3" doraHaiUra="117" who="1" fromWho="2" sc="132,0,225,62,409,-52,224,0" /><INIT seed="4,0,0,3,4,124" ten="132,287,357,224" oya="0" hai0="75,45,56,63,11,7,65,27,72,38,55,28,83" hai1="4,77,99,15,120,115,70,48,13,100,6,130,57" hai2="58,84,52,40,39,17,81,43,102,113,109,10,16" hai3="92,30,42,127,119,0,54,22,87,114,21,108,5"/><T35/><D83/><U9/><E120/><V71/><F71/><W135/><G108/><T37/><D37/><U51/><E70/><V105/><F109/><W133/><G119/><T14/><D38/><U66/><E115/><V91/><F113/><W59/><G42/><N who="2" m="15913" /><F105/><W96/><G127/><T67/><REACH who="0" step="1"/><D45/><REACH who="0" ten="122,287,357,224" step="2"/><U31/><E77/><V74/><F39/><W111/><G114/><T90/><D90/><U126/><E126/><V46/><F46/><W2/><G111/><T98/><D98/><U19/><E99/><V132/><F132/><W125/><G125/><T97/><D97/><U82/><E82/><V80/><F80/><W24/><G133/><T33/><D33/><U86/><E86/><V41/><F74/><AGARI ba="0,1" hai="7,11,14,27,28,35,55,56,63,65,67,72,74,75" machi="74" ten="40,2000,0" yaku="1,1,53,0" doraHai="124" doraHaiUra="118" who="0" fromWho="2" sc="122,30,287,0,357,-20,224,0" /><INIT seed="4,1,0,4,5,36" ten="152,287,337,224" oya="0" hai0="119,12,23,72,103,64,102,11,78,107,28,37,112" hai1="108,97,110,42,14,114,0,104,93,6,132,115,130" hai2="60,88,3,122,27,58,34,94,135,54,43,99,9" hai3="70,84,100,73,15,127,131,77,2,41,30,111,39"/><T59/><D119/><U92/><E0/><V61/><F122/><W80/><G111/><T89/><D112/><N who="1" m="43051" /><E130/><V105/><F135/><W21/><G70/><T98/><D102/><N who="1" m="62543" /><E132/><V83/><F105/><W91/><G100/><T8/><D37/><U13/><E42/><V134/><F134/><W63/><G2/><T133/><D133/><U125/><E125/><V53/><F3/><W76/><G131/><T44/><D44/><U120/><E120/><V85/><F43/><W22/><G41/><T113/><D113/><U18/><E14/><V55/><F9/><W79/><G39/><T33/><D33/><U56/><E56/><V116/><F116/><W10/><G127/><T32/><D32/><U57/><E57/><V121/><F121/><W67/><G30/><T75/><D89/><U46/><E46/><V128/><F128/><W74/><G74/><T117/><D117/><U129/><E6/><V48/><F34/><W24/><G24/><T40/><D40/><U86/><E86/><V16/><F60/><W50/><G73/><N who="0" m="28235" /><D78/><U95/><E129/><V66/><F48/><W1/><G50/><T47/><D47/><U124/><E124/><V106/><F66/><W17/><G1/><T19/><D28/><U5/><E5/><V123/><F123/><W26/><G26/><T62/><D59/><U25/><E25/><V29/><F29/><W69/><AGARI ba="1,0" hai="10,15,17,21,22,63,67,69,76,77,79,80,84,91" machi="69" ten="30,1100,0" yaku="0,1" doraHai="36" who="3" fromWho="3" sc="152,-6,287,-4,337,-4,224,14" /><INIT seed="5,0,0,4,3,89" ten="146,283,333,238" oya="1" hai0="135,20,102,76,61,119,30,95,41,34,73,96,112" hai1="2,77,28,40,49,48,120,117,57,14,25,122,45" hai2="65,125,21,12,108,29,87,133,124,91,63,127,8" hai3="111,106,55,18,70,50,85,93,101,114,5,9,83"/><U13/><E2/><V66/><F108/><W33/><G111/><T75/><D119/><U23/><E117/><V36/><F36/><W86/><G70/><T10/><D112/><U72/><E72/><V35/><F35/><W71/><G71/><T47/><D34/><U26/><E77/><V59/><F133/><W0/><G33/><T67/><D135/><U94/><E26/><V3/><F3/><W19/><G114/><T68/><D76/><U109/><E109/><V42/><F42/><W1/><G106/><T92/><D10/><U104/><E104/><V81/><F21/><W44/><G0/><T39/><D30/><U43/><E57/><V115/><F115/><W99/><REACH who="3" step="1"/><G86/><REACH who="3" ten="146,283,333,228" step="2"/><T131/><D131/><U90/><E122/><V4/><F29/><W129/><G129/><T130/><D130/><U64/><E120/><V51/><F127/><W32/><G32/><T100/><D20/><U126/><E126/><V132/><F132/><W84/><G84/><T103/><D100/><U118/><E118/><V107/><F107/><W38/><G38/><T60/><D61/><U53/><E64/><V105/><F105/><W58/><G58/><T54/><D54/><U97/><E53/><N who="2" m="32191" /><F65/><W116/><G116/><T46/><D47/><AGARI ba="0,1" hai="13,14,23,25,28,40,43,45,47,48,49,90,94,97" machi="47" ten="40,7700,0" yaku="9,1,8,1,52,1" doraHai="89" who="1" fromWho="0" sc="146,-77,283,87,333,0,228,0" /><INIT seed="5,1,0,3,0,122" ten="69,370,333,228" oya="1" hai0="70,40,12,60,22,79,61,69,73,28,18,101,50" hai1="76,27,88,111,99,96,66,133,11,62,103,14,107" hai2="57,72,123,116,51,71,117,3,39,63,100,82,124" hai3="91,15,1,87,119,53,98,16,7,92,59,43,132"/><U25/><E133/><V93/><F123/><W38/><G132/><T64/><D101/><U35/><E76/><V89/><F39/><W121/><G121/><T26/><D79/><U46/><E46/><V45/><F3/><W105/><G119/><T84/><D73/><U33/><E33/><V65/><F124/><W75/><G75/><T108/><D84/><U85/><E99/><V44/><F71/><W30/><G30/><T115/><D115/><U55/><E55/><V131/><F131/><W5/><G43/><T90/><D90/><U118/><E35/><V106/><F106/><W49/><G38/><T134/><D134/><U67/><E111/><V74/><F74/><W102/><REACH who="3" step="1"/><G1/><REACH who="3" ten="69,370,333,218" step="2"/><T58/><D108/><U21/><E118/><V23/><F72/><W0/><G0/><T135/><D135/><U94/><E67/><V83/><F117/><W24/><G24/><T120/><D120/><U77/><E25/><V10/><F116/><W80/><G80/><T41/><D70/><U81/><E27/><V34/><F83/><W48/><G48/><T129/><D50/><U42/><E42/><V6/><F82/><W19/><G19/><T86/><D129/><U37/><E37/><V125/><F51/><W97/><G97/><T110/><D110/><U31/><E31/><V104/><F125/><W32/><G32/><N who="0" m="20503" /><D86/><U126/><E126/><V112/><F34/><W56/><G56/><T78/><D78/><U36/><E36/><V113/><F57/><W47/><G47/><T114/><D114/><N who="2" m="44138" /><F45/><W2/><G2/><T9/><D58/><U95/><E77/><RYUUKYOKU ba="1,1" sc="69,-10,370,-10,333,-10,218,30" hai3="5,7,15,16,49,53,59,87,91,92,98,102,105" /><INIT seed="6,2,1,0,1,82" ten="59,360,323,248" oya="2" hai0="113,22,63,111,102,59,118,129,128,37,8,53,48" hai1="55,52,50,117,65,10,71,132,9,105,67,84,23" hai2="62,6,74,68,15,90,95,13,18,106,83,101,69" hai3="79,75,1,56,92,116,11,54,119,91,21,57,121"/><V64/><F6/><W36/><G121/><T43/><D22/><U58/><E105/><V123/><F123/><W96/><G36/><T27/><D27/><U32/><E32/><V70/><F106/><W93/><G75/><T44/><D8/><U77/><E132/><V97/><F13/><W17/><G79/><T100/><D102/><U94/><E117/><V20/><F74/><W98/><G11/><N who="1" m="4106" /><E71/><V14/><F14/><W89/><G1/><T125/><D100/><U115/><E115/><V33/><F33/><W66/><G66/><T28/><D28/><U26/><E55/><V78/><F78/><W51/><REACH who="3" step="1"/><G57/><REACH who="3" ten="59,360,323,238" step="2"/><N who="0" m="32935" /><D111/><U40/><E77/><V46/><F46/><W130/><G130/><N who="0" m="50283" /><D113/><U126/><E67/><V41/><F70/><W12/><AGARI ba="2,2" hai="12,17,21,51,54,56,89,91,92,93,96,98,116,119" machi="12" ten="20,5200,0" yaku="1,1,0,1,7,1,9,1,53,0" doraHai="82" doraHaiUra="99" who="3" fromWho="3" sc="59,-15,360,-15,323,-28,238,78" /><INIT seed="7,0,0,0,1,54" ten="44,345,295,316" oya="3" hai0="116,81,83,56,79,38,36,134,57,110,13,109,65" hai1="40,19,105,55,94,33,117,130,17,80,0,92,1" hai2="28,122,30,73,106,49,115,135,45,25,91,4,59" hai3="58,86,24,128,85,27,52,112,43,61,99,100,95"/><W15/><G112/><T16/><D65/><U12/><E105/><V67/><F73/><W132/><G128/><T37/><D79/><U124/><E33/><V41/><F106/><W98/><G132/><T74/><D74/><U121/><E121/><V113/><F135/><W26/><G43/><T35/><D134/><U34/><E34/><V14/><F122/><W90/><REACH who="3" step="1"/><G15/><REACH who="3" ten="44,345,295,306" step="2"/><T64/><D13/><U7/><E40/><V3/><F3/><W50/><G50/><T131/><D35/><U53/><E12/><V89/><F115/><W2/><G2/><T39/><D131/><U120/><E130/><V23/><F113/><W48/><G48/><T68/><D116/><U44/><E117/><V133/><F133/><W69/><G69/><T70/><N who="0" m="9216" /><DORA hai="66" /><T87/><D64/><U75/><E0/><V97/><F97/><W88/><G88/><N who="2" m="33865" /><F14/><W104/><AGARI ba="0,1" hai="24,26,27,52,58,61,85,86,90,95,98,99,100,104" machi="104" ten="30,11700,0" yaku="1,1,0,1,52,1,54,1,53,0" doraHai="54,66" doraHaiUra="78,127" who="3" fromWho="3" sc="44,-39,345,-39,295,-39,306,127" owari="5,-49.5,306,10.6,256,-14.4,433,53.3" /></mjloggm>