<mjloggm ver="2.3"><GO type="169" lobby="0"/><UN n0="%E7%8C%AA%E7%8B%A9%E5%AE%88" n1="%E3%81%A8%E3%82%8D%E3%82%8D%E3%81%9D%E3%81%B0" n2="%E3%82%88%E3%81%B4" n3="%E3%81%A8%E3%81%B3%E3%81%BE%E3%81%93" dan="17,17,17,16" rate="2186.57,2256.14,2147.29,2197.03" sx="M,M,M,M"/><TAIKYOKU oya="0"/><INIT seed="0,0,0,0,0,127" ten="250,250,250,250" oya="0" hai0="97,18,72,24,123,54,105,113,112,108,59,114,89" hai1="87,57,29,118,61,75,110,122,121,64,70,65,11" hai2="14,36,78,94,34,27,7,40,23,82,41,30,86" hai3="69,74,81,107,63,116,1,38,99,115,126,79,102"/><T52/><D123/><U134/><E75/><V132/><F132/><W133/><G133/><T88/><D72/><U106/><E134/><V22/><F36/><W84/><G126/><T58/><D108/><U45/><E106/><V130/><F130/><W49/><G49/><T66/><D105/><U117/><E29/><V42/><F7/><W48/><G48/><T2/><D2/><U16/><E87/><V60/><F14/><W31/><G115/><T93/><D89/><U5/><E5/><V12/><F12/><W17/><G17/><T95/><D95/><U9/><E110/><V8/><F8/><W25/><G84/><T19/><D24/><U50/><E9/><V120/><F120/><N who="1" m="46185" /><E16/><V13/><F60/><W47/><G116/><N who="1" m="44650" /><E11/><V100/><F13/><W68/><G63/><T91/><D93/><U128/><E65/><V55/><F34/><W3/><G3/><T39/><D112/><U101/><E101/><V77/><F23/><W0/><G1/><T46/><D66/><U103/><E103/><V109/><F100/><W67/><G67/><T26/><D26/><U20/><E20/><V53/><F109/><W10/><G10/><T6/><D6/><U33/><E33/><V15/><F15/><W4/><G4/><T129/><D97/><U43/><E70/><V73/><F94/><W125/><G125/><T37/><D46/><U119/><N who="1" m="44658" /><U80/><DORA hai="35" /><E80/><V90/><F73/><W124/><G0/><T28/><D28/><U62/><E62/><V51/><F30/><W32/><G124/><T76/><D76/><U104/><E104/><RYUUKYOKU ba="0,0" sc="250,10,250,10,250,-30,250,10" hai0="18,19,37,39,52,54,58,59,88,91,113,114,129" hai1="43,45,50,57,61,64,128" hai3="25,31,32,38,47,68,69,74,79,81,99,102,107" /><INIT seed="0,1,0,0,4,101" ten="260,260,220,260" oya="0" hai0="66,89,126,48,105,16,14,131,21,65,22,47,121" hai1="102,15,36,118,57,115,6,77,107,79,113,85,90" hai2="120,28,60,54,117,108,130,98,10,133,63,128,44" hai3="53,94,68,132,11,111,2,49,42,37,62,72,25"/><T31/><D121/><U97/><E36/><V39/><F120/><W56/><G72/><T103/><D126/><U114/><E57/><V124/><F28/><W83/><G111/><T125/><D125/><U74/><E118/><V100/><F124/><W71/><G83/><T86/><D131/><U127/><E127/><V19/><F108/><W87/><G132/><T92/><D103/><U0/><E0/><V104/><F133/><W24/><G71/><T76/><D76/><U88/><E74/><V50/><F39/><W26/><G87/><T67/><D105/><U5/><E90/><V109/><F117/><W40/><G94/><T18/><D31/><U20/><E5/><V59/><F109/><W78/><G78/><T134/><D134/><U75/><E75/><V41/><F63/><W17/><G37/><T95/><D95/><U45/><E45/><V9/><REACH who="2" step="1"/><F19/><REACH who="2" ten="260,260,210,260" step="2"/><W43/><G17/><N who="0" m="10423" /><D22/><U3/><E3/><V13/><F13/><W69/><REACH who="3" step="1"/><G62/><REACH who="3" ten="260,260,210,250" step="2"/><T110/><D110/><U73/><E73/><V38/><F38/><W1/><G1/><T55/><AGARI ba="1,2" hai="16,18,47,48,55,65,66,67,86,89,92" m="10423" machi="55" ten="30,3000,0" yaku="8,1,54,1" doraHai="101" who="0" fromWho="0" sc="260,53,260,-11,210,-11,250,-11" /><INIT seed="0,2,0,2,2,44" ten="313,249,199,239" oya="0" hai0="109,74,49,62,9,110,86,94,10,122,66,37,50" hai1="12,35,15,135,84,118,8,98,7,46,60,47,130" hai2="27,96,116,107,126,13,80,95,30,28,16,101,14" hai3="100,5,54,57,91,2,68,75,19,125,81,112,115"/><T26/><D122/><U17/><E118/><V40/><F126/><W24/><G68/><T88/><D74/><U102/><E35/><V82/><F116/><W3/><G125/><T41/><D37/><U43/><E130/><V108/><F108/><N who="0" m="41578" /><D26/><U127/><E127/><V58/><F107/><W25/><G100/><T71/><D41/><U38/><E135/><V56/><F40/><W70/><G70/><T129/><D129/><U93/><E60/><V113/><F113/><W0/><G5/><T99/><D86/><U117/><E117/><V83/><F13/><W97/><G75/><T92/><D94/><U85/><E47/><V90/><F101/><W65/><G65/><T36/><D36/><U119/><E119/><V22/><REACH who="2" step="1"/><F30/><REACH who="2" ten="313,249,189,239" step="2"/><W39/><G115/><T45/><D45/><U55/><E55/><V69/><F69/><W61/><G54/><T124/><D124/><U59/><E59/><V87/><F87/><W51/><G57/><T42/><D42/><U1/><E1/><V89/><F89/><W31/><G91/><T134/><D134/><U73/><E73/><V34/><AGARI ba="2,1" hai="14,16,22,27,28,34,56,58,80,82,83,90,95,96" machi="34" ten="30,4000,0" yaku="1,1,0,1,54,1,53,0" doraHai="44" doraHaiUra="128" who="2" fromWho="2" sc="313,-22,249,-12,189,56,239,-12" /><INIT seed="1,0,0,3,3,26" ten="291,237,245,227" oya="1" hai0="16,92,18,72,109,98,28,21,43,94,46,119,89" hai1="65,132,62,45,61,73,67,105,84,10,66,126,117" hai2="76,47,71,0,63,88,59,64,8,14,133,9,17" hai3="12,53,118,3,37,127,44,74,106,50,107,83,55"/><U69/><E73/><V58/><F133/><W115/><G3/><T111/><D119/><U38/><E105/><V79/><F71/><W114/><G37/><T41/><D72/><U11/><E117/><V110/><F110/><N who="0" m="41994" /><D94/><U130/><E132/><V7/><F47/><W90/><G118/><T97/><D97/><U123/><E123/><V104/><F104/><W23/><G106/><T91/><D91/><U85/><E126/><V129/><F129/><W32/><G107/><T134/><D134/><U57/><E130/><V120/><F120/><W34/><G127/><T25/><D41/><U52/><E67/><V20/><F58/><W80/><G53/><T103/><D103/><U112/><E112/><V5/><REACH who="2" step="1"/><F88/><REACH who="2" ten="291,237,235,227" step="2"/><W30/><G90/><T13/><D13/><AGARI ba="0,1" hai="0,5,7,8,9,13,14,17,20,59,63,64,76,79" machi="13" ten="30,3900,0" yaku="1,1,2,1,7,1,53,0" doraHai="26" doraHaiUra="29" who="2" fromWho="0" sc="291,-39,237,0,235,49,227,0" /><INIT seed="2,0,0,1,1,94" ten="252,237,284,227" oya="2" hai0="10,18,31,112,98,79,78,73,45,115,90,116,107" hai1="74,84,60,109,42,106,91,57,117,16,104,88,82" hai2="97,27,132,69,50,127,83,129,108,0,130,128,23" hai3="89,119,70,5,68,24,67,113,38,100,101,41,126"/><V134/><F69/><W54/><G119/><T2/><D31/><U62/><E117/><V39/><F39/><W1/><G126/><T121/><D121/><U92/><E109/><V114/><F0/><W51/><G113/><T12/><D2/><U63/><E42/><V17/><F114/><W29/><G89/><T85/><D78/><U125/><E125/><V135/><F127/><W52/><G54/><T96/><D107/><U72/><E106/><V34/><F34/><W81/><G81/><T131/><D131/><U86/><E104/><V55/><F83/><W133/><G133/><T14/><D79/><U120/><E120/><V22/><F22/><W47/><G5/><T61/><D73/><U26/><E74/><V25/><F108/><W3/><G3/><T76/><D76/><U15/><E72/><V11/><F11/><W75/><G75/><T21/><D61/><U32/><E32/><V118/><F118/><W8/><G8/><T65/><D65/><N who="1" m="39055" /><E26/><V59/><F27/><W80/><G80/><N who="0" m="49447" /><D116/><U110/><E110/><V87/><F87/><W53/><G53/><T56/><D56/><U95/><E95/><V105/><F105/><W124/><G1/><T123/><D123/><U35/><E35/><V93/><F134/><W43/><G43/><T19/><D115/><U9/><AGARI ba="0,0" hai="9,15,16,62,63,82,84,86,88,91,92" m="39055" machi="9" ten="30,4000,0" yaku="8,1,54,2" doraHai="94" who="1" fromWho="1" sc="252,-10,237,40,284,-20,227,-10" /><INIT seed="3,0,0,3,2,61" ten="242,277,264,217" oya="3" hai0="106,26,135,50,124,110,29,114,68,39,62,113,42" hai1="49,30,100,118,80,122,8,76,116,36,92,103,70" hai2="93,101,128,65,33,105,111,78,81,48,13,34,102" hai3="43,66,4,71,46,123,134,40,119,129,28,85,12"/><W51/><G119/><T133/><D106/><U130/><E36/><V22/><F111/><W55/><G123/><T127/><D110/><U109/><E122/><V53/><F105/><W63/><G129/><T15/><D50/><U18/><E109/><V95/><F65/><W20/><G134/><N who="0" m="51211" /><D15/><U45/><E30/><V19/><F34/><W112/><G112/><N who="0" m="43115" /><D26/><U84/><E70/><V77/><F33/><W79/><G28/><T126/><D29/><U72/><E130/><V10/><F128/><W74/><G74/><T1/><D1/><U69/><E69/><V56/><F10/><W25/><G25/><T24/><D24/><U83/><E8/><V115/><F115/><W96/><G96/><T32/><D32/><U82/><E18/><V107/><F107/><W27/><G27/><T117/><D117/><N who="1" m="45163" /><E49/><V120/><F120/><W11/><REACH who="3" step="1"/><G20/><REACH who="3" ten="242,277,264,207" step="2"/><T7/><D124/><U94/><E72/><V60/><F22/><W87/><G87/><T99/><D99/><N who="1" m="59495" /><E45/><V21/><F21/><W9/><G9/><T52/><D126/><U59/><E59/><V5/><F56/><W2/><G2/><T89/><D68/><U86/><E84/><V0/><F0/><W57/><G57/><N who="0" m="35111" /><D127/><U3/><E3/><V37/><F19/><W17/><G17/><T125/><D125/><U44/><E44/><V35/><F35/><W104/><G104/><T73/><D73/><U67/><E86/><V38/><F5/><W54/><G54/><T64/><D7/><U88/><E76/><V16/><F77/><W75/><G75/><T47/><D64/><U23/><E67/><RYUUKYOKU ba="0,1" sc="242,15,277,-15,264,-15,207,15" hai0="39,42,47,89" hai3="4,11,12,40,43,46,51,55,63,66,71,79,85" /><INIT seed="3,1,1,4,1,10" ten="257,262,249,222" oya="3" hai0="29,110,94,15,115,123,124,35,111,33,130,26,101" hai1="60,65,72,54,78,38,106,95,41,63,3,6,51" hai2="75,5,121,22,96,18,55,85,19,36,57,11,31" hai3="9,108,52,47,82,119,1,32,34,91,37,88,20"/><W100/><G119/><T120/><D101/><U71/><E106/><V125/><F75/><W118/><G118/><T66/><D66/><U4/><E3/><V42/><F125/><W104/><G108/><N who="0" m="41515" /><D94/><U13/><E63/><V48/><F31/><W86/><G91/><T64/><D64/><U97/><E38/><V105/><F22/><W16/><G37/><T81/><D81/><U76/><E41/><V61/><F121/><N who="0" m="46666" /><D124/><U49/><E49/><V50/><F50/><W17/><G47/><T92/><D92/><U44/><E72/><V14/><F105/><W107/><G52/><T2/><D2/><U58/><E71/><V83/><F96/><W12/><G1/><T46/><D46/><U122/><E122/><V62/><F36/><W24/><REACH who="3" step="1"/><G107/><REACH who="3" ten="257,262,249,212" step="2"/><T98/><D115/><U27/><E78/><N who="2" m="46327" /><F62/><W80/><G80/><T79/><D79/><U113/><E76/><V21/><F61/><W39/><G39/><T131/><D98/><AGARI ba="1,2" hai="9,12,16,17,20,24,32,34,82,86,88,98,100,104" machi="98" ten="40,12000,1" yaku="1,1,52,1,54,2,53,0" doraHai="10" doraHaiUra="116" who="3" fromWho="0" sc="257,-123,262,0,249,0,212,143" /><INIT seed="3,2,0,5,5,92" ten="134,262,249,355" oya="3" hai0="0,48,118,64,35,13,6,3,24,101,62,55,9" hai1="15,86,83,84,98,56,25,67,40,76,95,16,114" hai2="54,81,31,75,20,93,57,45,12,85,90,74,58" hai3="111,37,122,72,96,131,121,1,127,126,135,28,78"/><W41/><G1/><T104/><D118/><U33/><E114/><V5/><F57/><W119/><G28/><T27/><D3/><U80/><E33/><V89/><F45/><W117/><G41/><T7/><D7/><U94/><E25/><V128/><F128/><W18/><G18/><T42/><D42/><U82/><E95/><V87/><F31/><W22/><G22/><T105/><D0/><U123/><E123/><N who="3" m="47114" /><G37/><T100/><D104/><U120/><E40/><V43/><F43/><W53/><G53/><T65/><D35/><U2/><E2/><V63/><F5/><W91/><G135/><T51/><D51/><U129/><E129/><V60/><F60/><W19/><G19/><T36/><D36/><U112/><E112/><V21/><F21/><W73/><G111/><T17/><D105/><U130/><E130/><V115/><F115/><W11/><G11/><T29/><D29/><U23/><E120/><V116/><F116/><N who="3" m="44619" /><G78/><T10/><D10/><U132/><E76/><V61/><F61/><W49/><G49/><T52/><D55/><U26/><E15/><V103/><F20/><W110/><G110/><T99/><D17/><U66/><E132/><V113/><F12/><W39/><G39/><T47/><D24/><U107/><E67/><N who="0" m="25673" /><D27/><U32/><E32/><V77/><F113/><W71/><G71/><T79/><D62/><N who="1" m="38215" /><E107/><V88/><F63/><W14/><G14/><T102/><D79/><U30/><E30/><V133/><F133/><W109/><G131/><T108/><D108/><U70/><E70/><V38/><F77/><W59/><G109/><RYUUKYOKU ba="2,0" sc="134,15,262,15,249,-15,355,-15" hai0="6,9,13,47,48,52,99,100,101,102" hai1="16,23,26,80,82,83,84,86,94,98" /><INIT seed="4,3,0,2,1,79" ten="149,277,234,340" oya="0" hai0="41,69,135,28,61,51,42,109,2,115,111,48,129" hai1="66,9,56,31,37,6,87,74,45,91,52,50,97" hai2="64,46,93,118,34,133,103,17,116,132,90,68,73" hai3="126,53,82,38,32,85,15,77,89,94,101,30,124"/><T7/><D2/><U57/><E74/><V8/><F34/><W84/><G38/><T99/><D7/><U102/><E31/><V130/><F68/><W75/><G15/><T107/><D28/><U21/><E21/><V81/><F64/><W92/><G53/><T72/><D72/><U119/><E119/><N who="2" m="45611" /><F46/><W22/><G22/><T134/><D107/><U96/><E37/><V122/><F17/><W117/><G117/><T67/><D99/><U78/><E78/><N who="2" m="44239" /><F8/><W0/><G0/><T76/><D76/><U83/><E66/><V13/><F13/><W105/><G30/><T98/><D98/><N who="1" m="37995" /><E102/><V10/><F10/><W25/><G25/><T120/><D120/><U39/><E39/><V108/><F103/><W35/><G105/><T131/><D115/><U80/><E6/><V20/><F20/><W63/><G101/><T3/><D3/><U100/><E100/><V49/><F49/><N who="0" m="19018" /><D41/><U54/><E9/><V16/><F16/><W4/><G4/><T59/><D42/><U104/><E104/><V36/><F36/><W27/><G35/><T19/><D69/><U1/><E1/><V125/><F122/><W29/><G63/><T11/><D19/><U60/><E45/><V14/><F14/><W110/><G75/><T47/><D47/><U127/><E127/><V23/><F125/><N who="3" m="48235" /><G110/><N who="0" m="41995" /><D11/><U65/><E65/><V5/><F5/><W33/><G32/><T40/><D40/><U43/><E43/><V44/><F108/><W58/><G58/><T70/><D70/><U114/><E114/><V12/><F44/><W18/><G18/><T95/><D95/><AGARI ba="3,0" hai="50,52,54,56,57,60,80,83,87,91,95" m="37995" machi="95" ten="30,8000,1" yaku="6,1,8,1,52,2,54,1" doraHai="79" who="1" fromWho="0" sc="149,-89,277,89,234,0,340,0" /><AGARI ba="3,0" hai="27,29,33,77,82,84,85,89,92,94,95" m="48235" machi="95" ten="30,3900,0" yaku="6,1,18,1,52,1" doraHai="79" who="3" fromWho="0" sc="60,-39,366,0,234,0,340,39" /><INIT seed="5,0,0,0,4,93" ten="21,366,234,379" oya="1" hai0="52,115,120,18,61,133,130,13,121,45,73,48,74" hai1="57,58,26,78,8,114,128,35,101,24,68,123,113" hai2="30,70,21,56,33,66,16,9,27,64,132,119,44" hai3="40,95,67,65,77,107,88,122,31,49,118,82,79"/><U72/><E68/><V0/><F132/><W11/><G107/><T116/><D116/><U47/><E123/><N who="0" m="47177" /><D115/><N who="1" m="44043" /><E128/><V81/><F70/><W135/><G122/><T108/><D108/><U42/><E8/><V54/><F44/><N who="3" m="25735" /><G135/><T3/><D3/><U99/><E78/><N who="3" m="29706" /><G82/><T97/><D130/><U126/><E72/><N who="0" m="27753" /><D61/><U63/><E126/><V91/><F119/><W92/><G92/><T22/><D133/><U60/><E60/><V20/><F33/><W85/><G118/><T110/><D110/><U111/><E111/><V103/><F0/><W15/><G31/><T34/><D34/><U104/><E35/><V86/><F9/><W94/><G95/><T23/><D23/><U10/><E10/><V80/><F80/><W69/><G69/><T19/><D19/><AGARI ba="0,0" hai="11,15,19,65,67,85,88,94" m="29706,25735" machi="19" ten="30,2000,0" yaku="8,1,54,1" doraHai="93" who="3" fromWho="0" sc="21,-20,366,0,234,0,379,20" /><INIT seed="6,0,0,3,5,28" ten="1,366,234,399" oya="2" hai0="67,86,125,71,131,81,53,11,52,24,42,85,65" hai1="108,99,8,10,77,55,89,122,2,128,83,101,41" hai2="3,43,19,124,113,51,17,100,44,30,129,26,9" hai3="25,132,118,105,74,97,59,78,63,66,116,120,14"/><V6/><F113/><W80/><G120/><T94/><D71/><U75/><E108/><V4/><F124/><W112/><G112/><T84/><D125/><U72/><E72/><V20/><F129/><W62/><G132/><T88/><D131/><U119/><E119/><V22/><F100/><W79/><G79/><T0/><D0/><U48/><E128/><V90/><F90/><W117/><G63/><T15/><D42/><U109/><E109/><V115/><F115/><W37/><G37/><T16/><D24/><U130/><E130/><V98/><F98/><W64/><G14/><T46/><D86/><U38/><E122/><V56/><F56/><W36/><G36/><T12/><D15/><U27/><E27/><V114/><F114/><W93/><G25/><T7/><D7/><U103/><E41/><V96/><F96/><W47/><G47/><T70/><D70/><U58/><E38/><V33/><REACH who="2" step="1"/><F6/><REACH who="2" ten="1,366,224,399" step="2"/><W50/><G97/><T61/><D46/><U95/><E103/><V106/><F106/><W68/><G105/><T31/><D31/><U126/><E126/><V82/><F82/><W29/><G80/><T73/><D73/><U121/><E121/><V18/><AGARI ba="0,1" hai="3,4,9,17,18,19,20,22,26,30,33,43,44,51" machi="18" ten="30,11700,0" yaku="1,1,0,1,52,1,53,1" doraHai="28" doraHaiUra="45" who="2" fromWho="2" sc="1,-39,366,-39,224,127,399,-39" owari="-38,-53.8,327,-7.3,351,15.1,360,46.0" /></mjloggm>