<mjloggm ver="2.3"><GO type="169" lobby="0"/><UN n0="%E3%81%82%E3%81%BE%E3%81%82%E3%82%93" n1="%E3%83%9F%E3%82%B2%E3%83%BC%E3%83%AB%E6%94%B9" n2="%E3%81%93%E3%81%AB" n3="%E3%81%95%E3%81%8D%E3%81%8A%E3%80%82" dan="17,16,16,16" rate="2123.42,2203.60,2154.25,2137.60" sx="M,M,M,M"/><TAIKYOKU oya="0"/><INIT seed="0,0,0,1,4,86" ten="250,250,250,250" oya="0" hai0="96,72,127,51,27,116,109,123,7,46,62,83,26" hai1="9,95,25,70,113,111,132,93,28,22,47,100,103" hai2="99,36,104,82,32,10,117,56,74,33,80,53,13" hai3="110,61,125,90,64,30,115,68,63,44,35,112,84"/><T8/><D116/><U38/><E70/><V0/><F0/><W122/><G110/><T108/><D123/><U114/><E111/><N who="0" m="42569" /><D127/><U11/><E38/><V97/><F36/><W45/><G125/><T118/><D118/><U39/><E39/><V5/><F117/><W48/><G122/><T121/><D121/><U14/><E47/><V92/><F104/><W1/><G1/><N who="0" m="111" /><D62/><U77/><E77/><V31/><F74/><W41/><G63/><T15/><D15/><U69/><E69/><V94/><F33/><W43/><G30/><T50/><D96/><U65/><E65/><V3/><F31/><W73/><G35/><T120/><D120/><U107/><E107/><V91/><F3/><W21/><G21/><T16/><D51/><U67/><E67/><V37/><F37/><W24/><G24/><T19/><D27/><U119/><E119/><V134/><F32/><W78/><G45/><T101/><D101/><U20/><E25/><V57/><F57/><W17/><G43/><N who="0" m="24927" /><D26/><U60/><E60/><N who="2" m="35855" /><F134/><W58/><G68/><T66/><D66/><U4/><E28/><V105/><F105/><W131/><G48/><T52/><D52/><U71/><E132/><V124/><F124/><W98/><G44/><T88/><D72/><U6/><E71/><V49/><F49/><W133/><G73/><T42/><D42/><U12/><AGARI ba="0,0" hai="4,6,9,11,12,14,20,22,93,95,100,103,113,114" machi="12" ten="25,3200,0" yaku="0,1,22,2" doraHai="86" who="1" fromWho="1" sc="250,-16,250,32,250,-8,250,-8" /><INIT seed="1,0,0,1,2,128" ten="234,282,242,242" oya="1" hai0="39,33,124,103,1,59,24,20,125,115,60,35,100" hai1="28,19,17,62,45,8,122,9,27,111,106,95,15" hai2="127,68,11,91,101,53,74,12,36,83,107,46,126" hai3="93,86,92,72,16,102,38,123,58,135,18,26,0"/><U25/><E106/><V88/><F68/><W57/><G72/><T55/><D115/><U117/><E122/><V65/><F65/><W132/><G0/><T112/><D112/><U84/><E117/><V116/><F116/><W99/><G38/><T66/><D39/><U40/><E28/><V48/><F36/><W37/><G37/><T76/><D1/><U130/><E130/><V41/><F41/><W121/><G86/><T113/><D113/><U13/><E111/><V21/><F21/><W47/><G47/><T49/><D76/><U69/><E69/><V89/><F74/><W80/><G80/><T29/><D100/><U114/><E114/><V131/><F131/><W5/><G5/><T63/><D103/><U97/><E84/><N who="2" m="50207" /><F101/><W4/><G4/><T73/><D73/><U87/><E87/><V31/><F31/><W14/><G26/><T32/><REACH who="0" step="1"/><D63/><REACH who="0" ten="224,282,242,242" step="2"/><U6/><E62/><V90/><F107/><W64/><G102/><T81/><D81/><U54/><E95/><V44/><F126/><W3/><G3/><T129/><D129/><U119/><E119/><V105/><F105/><W51/><G51/><T77/><D77/><U10/><E6/><N who="2" m="3191" /><F127/><W70/><G70/><AGARI ba="0,1" hai="20,24,29,32,33,35,49,55,59,60,66,70,124,125" machi="70" ten="40,1300,0" yaku="1,1,53,0" doraHai="128" doraHaiUra="79" who="0" fromWho="3" sc="224,23,282,0,242,0,242,-13" /><INIT seed="2,0,0,1,3,74" ten="247,282,242,229" oya="2" hai0="61,51,25,67,81,66,91,115,13,75,134,40,114" hai1="48,124,126,6,31,37,9,68,121,52,84,130,54" hai2="104,35,50,79,97,33,86,103,99,1,49,41,113" hai3="28,77,69,101,95,88,62,87,46,111,102,133,24"/><V93/><F113/><W32/><G111/><T118/><D134/><U39/><E68/><V117/><F117/><W83/><G133/><T57/><D118/><U108/><E31/><V20/><F1/><W23/><G46/><T107/><D107/><U18/><E108/><V82/><F20/><W89/><G32/><T73/><D13/><U70/><E70/><V109/><F109/><W27/><G27/><T116/><D116/><U112/><E112/><V63/><F63/><W45/><G89/><T123/><D123/><U29/><E18/><V80/><F80/><W47/><G47/><T78/><D25/><U106/><E29/><V132/><F132/><W129/><G129/><T11/><D11/><U59/><E106/><V26/><F41/><W22/><G22/><T21/><D21/><U15/><E130/><V76/><F76/><W128/><G45/><T100/><D100/><U16/><E6/><V44/><F26/><W43/><G43/><T60/><D40/><U30/><E30/><V53/><REACH who="2" step="1"/><F50/><REACH who="2" ten="247,282,232,229" step="2"/><W96/><REACH who="3" step="1"/><G128/><REACH who="3" ten="247,282,232,219" step="2"/><T122/><D114/><U3/><E39/><V55/><F55/><W36/><G36/><T98/><D115/><U65/><E54/><V64/><F64/><AGARI ba="0,2" hai="23,24,28,62,64,69,77,83,87,88,95,96,101,102" machi="64" ten="40,5200,0" yaku="1,1,52,1,54,1,53,0" doraHai="74" doraHaiUra="5" who="3" fromWho="2" sc="247,0,282,0,232,-52,219,72" /><INIT seed="3,0,0,2,3,126" ten="247,282,180,291" oya="3" hai0="34,103,78,41,45,107,114,102,119,97,94,66,51" hai1="133,118,42,69,17,47,125,24,60,68,120,58,109" hai2="7,18,54,101,59,32,49,28,8,6,76,106,100" hai3="85,73,26,1,71,0,88,29,33,19,80,39,25"/><W36/><G71/><N who="1" m="27210" /><E17/><V92/><F106/><W67/><G67/><T21/><D119/><U121/><E24/><V110/><F110/><W128/><G73/><T84/><D34/><U70/><E109/><V93/><F32/><W105/><G105/><T13/><D114/><U5/><E5/><V116/><F116/><W86/><G128/><T15/><D66/><N who="1" m="41287" /><E118/><V57/><F76/><W9/><G86/><T77/><D107/><U44/><E125/><V10/><F49/><W74/><G74/><T124/><D124/><U132/><E58/><V130/><F18/><W98/><G98/><T108/><D108/><U117/><E47/><V122/><F54/><W4/><REACH who="3" step="1"/><G0/><REACH who="3" ten="247,282,180,281" step="2"/><T11/><D84/><U35/><E117/><V87/><F87/><W63/><G63/><T14/><D97/><U104/><E104/><V31/><REACH who="2" step="1"/><F122/><REACH who="2" ten="247,282,170,281" step="2"/><N who="1" m="47209" /><E35/><V89/><F89/><W61/><G61/><T72/><D72/><U12/><E12/><V62/><F62/><W82/><G82/><T127/><D127/><U91/><E91/><V113/><F113/><W46/><G46/><T123/><D123/><U95/><E95/><V52/><F52/><W30/><G30/><T20/><D94/><U2/><E2/><V56/><F56/><W43/><G43/><T83/><D14/><U38/><AGARI ba="0,2" hai="38,42,44,132,133" m="47209,41287,27210" machi="38" ten="40,5200,0" yaku="23,1,34,2" doraHai="126" who="1" fromWho="1" sc="247,-13,282,72,170,-13,281,-26" /><INIT seed="4,0,0,4,5,135" ten="234,354,157,255" oya="0" hai0="0,73,43,7,42,125,89,68,11,35,111,91,116" hai1="25,71,2,56,93,55,107,70,69,63,129,38,53" hai2="132,27,85,112,105,17,3,121,134,110,114,47,99" hai3="33,120,61,22,106,72,45,128,83,32,130,62,16"/><T57/><D116/><U65/><E107/><V13/><F47/><W19/><G106/><T117/><D117/><U80/><E2/><V66/><F66/><W113/><G45/><T88/><D68/><U115/><E80/><V78/><F3/><W74/><G113/><N who="2" m="43625" /><F27/><W18/><G22/><T122/><D122/><U119/><E115/><V124/><F17/><W101/><G101/><T37/><D35/><N who="3" m="13385" /><G83/><T131/><D37/><U94/><E119/><V12/><F121/><W1/><G1/><T86/><D73/><N who="3" m="28265" /><G120/><T76/><D43/><U4/><E38/><V48/><F48/><W52/><G52/><T44/><D42/><U79/><E55/><V40/><F40/><W20/><G20/><T59/><D44/><U41/><E53/><V123/><F123/><W104/><G104/><T81/><D0/><U23/><E41/><V50/><F50/><W100/><G100/><T30/><D30/><U60/><E69/><V58/><F105/><W9/><G9/><T75/><D11/><U92/><E71/><V102/><F13/><W126/><G126/><T5/><D125/><U28/><E70/><V98/><F12/><W109/><G109/><T96/><D111/><U29/><E23/><V103/><F110/><W31/><G31/><T26/><D26/><U49/><E25/><V97/><F124/><W133/><G133/><N who="2" m="51305" /><F58/><W87/><G87/><T39/><D86/><U108/><E56/><N who="0" m="21577" /><D39/><U67/><E29/><V46/><F46/><W36/><G36/><T24/><D24/><U21/><E28/><V15/><F15/><W34/><G34/><T90/><D75/><RYUUKYOKU ba="0,0" sc="234,-15,354,-15,157,15,255,15" hai2="78,85,97,98,99,102,103" hai3="16,18,19,61,62,128,130" /><INIT seed="5,1,0,1,3,107" ten="219,339,172,270" oya="1" hai0="95,6,35,129,12,43,26,28,119,108,112,85,98" hai1="47,58,68,125,2,116,133,31,88,74,29,111,66" hai2="132,33,70,78,121,20,103,86,27,120,69,93,16" hai3="81,38,113,32,46,39,84,50,56,87,73,4,21"/><U106/><E116/><V40/><F132/><W11/><G32/><T82/><D108/><U63/><E106/><V45/><F33/><W51/><G113/><T67/><D119/><U10/><E133/><V9/><F9/><W118/><G21/><T134/><D134/><U110/><E68/><V18/><F18/><W37/><G118/><T72/><D112/><U76/><E47/><V71/><F103/><W64/><G64/><T101/><D129/><U105/><E105/><V77/><F93/><W61/><G61/><T59/><D43/><U97/><E2/><V117/><F117/><W57/><G73/><T102/><D102/><U55/><E10/><V3/><F3/><W92/><G92/><T25/><D72/><U22/><E66/><V96/><F96/><W123/><G123/><T90/><D26/><U130/><E22/><V36/><REACH who="2" step="1"/><F86/><REACH who="2" ten="219,339,162,270" step="2"/><W80/><G11/><N who="0" m="4215" /><D35/><U52/><E130/><V83/><F83/><W99/><G99/><T79/><D28/><U48/><E31/><V41/><F41/><W5/><G84/><T42/><D42/><U124/><E29/><V127/><F127/><W94/><G94/><T114/><D114/><U135/><E125/><V122/><AGARI ba="1,1" hai="16,20,27,36,40,45,69,70,71,77,78,120,121,122" machi="122" ten="40,5200,0" yaku="1,1,0,1,54,1,53,0" doraHai="107" doraHaiUra="91" who="2" fromWho="2" sc="219,-14,339,-27,162,65,270,-14" /><INIT seed="6,0,0,5,2,122" ten="205,312,227,256" oya="2" hai0="12,2,101,46,80,84,94,88,92,83,134,121,90" hai1="93,111,114,36,126,39,82,120,20,115,13,58,7" hai2="131,105,132,32,113,133,71,108,61,30,67,123,66" hai3="29,42,1,76,35,21,41,64,33,23,14,127,28"/><V51/><F123/><W68/><G68/><T107/><D121/><U87/><E120/><V86/><F113/><N who="1" m="43017" /><E126/><V4/><F67/><W91/><G64/><T15/><D2/><U69/><E69/><V22/><F131/><W45/><G91/><T100/><D134/><N who="2" m="51818" /><F22/><W27/><G127/><T95/><D46/><U62/><E93/><N who="0" m="35945" /><D12/><U70/><E70/><V50/><F4/><W117/><G117/><T6/><D15/><U85/><E111/><V40/><F40/><W49/><G1/><T73/><D6/><U11/><E20/><V44/><F44/><W57/><G57/><T116/><D116/><U60/><E87/><V53/><F53/><W52/><G76/><N who="0" m="44047" /><D107/><U19/><E7/><V38/><F38/><N who="1" m="14377" /><E58/><V17/><F17/><W129/><G129/><T109/><D109/><U18/><E19/><V59/><F108/><W5/><G5/><T16/><D16/><U118/><E118/><V89/><F105/><W25/><REACH who="3" step="1"/><G14/><REACH who="3" ten="205,312,227,246" step="2"/><T124/><D124/><U65/><E65/><V79/><F71/><W78/><G78/><AGARI ba="0,1" hai="11,13,18,60,62,78,82,85" m="14377,43017" machi="78" ten="30,1000,0" yaku="15,1" doraHai="122" who="1" fromWho="3" sc="205,0,312,20,227,0,246,-10" /><INIT seed="7,0,0,4,4,52" ten="205,332,227,236" oya="3" hai0="131,121,84,71,108,20,30,29,127,50,133,56,77" hai1="8,120,14,5,123,72,106,82,70,3,36,89,19" hai2="13,135,113,114,17,18,129,110,65,38,40,92,12" hai3="134,103,10,101,85,57,122,11,37,68,88,49,130"/><W47/><G68/><T43/><D108/><U7/><E106/><V6/><F110/><W107/><G122/><T59/><D121/><U115/><E70/><V69/><F129/><W87/><G130/><T98/><D131/><U109/><E109/><V118/><F118/><W23/><G87/><T31/><D71/><U2/><E36/><V15/><F135/><W112/><G112/><N who="2" m="43113" /><F6/><W95/><G134/><T100/><D133/><U21/><E115/><V111/><F111/><W125/><G125/><T24/><D127/><U27/><E89/><V32/><F32/><W116/><G116/><T91/><D77/><U75/><E82/><V60/><F92/><W64/><G23/><T99/><D43/><U35/><E75/><V53/><F53/><N who="3" m="29887" /><G37/><T67/><D50/><U22/><E72/><V74/><F74/><W80/><G107/><T81/><D67/><U124/><E35/><V48/><F48/><W132/><G132/><T55/><D55/><U126/><E124/><V54/><F54/><W78/><G78/><T9/><D9/><N who="3" m="3081" /><G95/><N who="0" m="58463" /><D99/><U34/><E34/><V63/><F63/><AGARI ba="0,0" hai="57,63,64,80,85,88,101,103" m="3081,29887" machi="63" ten="30,5800,0" yaku="8,1,52,1,54,1" doraHai="52" who="3" fromWho="2" sc="205,0,332,0,227,-58,236,58" /><INIT seed="7,1,0,0,3,16" ten="205,332,169,294" oya="3" hai0="48,106,3,77,110,68,20,129,1,79,49,61,71" hai1="80,90,85,118,57,97,132,96,51,33,28,73,37" hai2="65,32,58,126,5,101,109,100,95,9,30,60,133" hai3="87,113,130,124,6,53,36,92,82,11,108,34,40"/><W74/><G34/><T84/><D106/><U112/><E37/><V105/><F109/><W75/><G108/><T45/><D20/><U13/><E73/><V12/><F126/><W99/><G124/><T121/><D121/><U70/><E70/><V88/><F133/><W47/><G113/><T27/><D110/><U25/><E132/><V98/><REACH who="2" step="1"/><F105/><REACH who="2" ten="205,332,159,294" step="2"/><W107/><G107/><T117/><D117/><U38/><E118/><V91/><F91/><W35/><G130/><T19/><D129/><U119/><E90/><V55/><F55/><W104/><G104/><T72/><D72/><U66/><E119/><V120/><F120/><W17/><G53/><T31/><D84/><U81/><E85/><V39/><F39/><W131/><G131/><T23/><D79/><U122/><E38/><V102/><F102/><W111/><G111/><T4/><D77/><U62/><E122/><V0/><F0/><W93/><G87/><T125/><D125/><U115/><E115/><V128/><F128/><W94/><G74/><T59/><D3/><U114/><E114/><V14/><F14/><W135/><G75/><T103/><D103/><U78/><E13/><V7/><F7/><W46/><G6/><T44/><D4/><U26/><E78/><V67/><F67/><W2/><G2/><T8/><D1/><U42/><E66/><V69/><F69/><W134/><G134/><T56/><D71/><U127/><E127/><V76/><F76/><W63/><G135/><T18/><D68/><U54/><E54/><V86/><F86/><W15/><G15/><T29/><D8/><RYUUKYOKU ba="1,1" sc="205,-10,332,-10,159,30,294,-10" hai2="5,9,12,30,32,58,60,65,88,95,98,100,101" owari="195,-20.5,332,43.2,189,-31.1,284,8.4" /></mjloggm>