<mjloggm ver="2.3"><GO type="169" lobby="0"/><UN n0="%6F%69%6E%61%72%69%6E%67" n1="%72%75%69%6E%65%76%65%72" n2="%E3%81%82%E3%81%95%E3%81%B4%E3%82%93%EF%BC%A0%EF%BD%8D%EF%BD%8A" n3="%E5%BE%A1%E5%BD%B1%E3%82%86%E3%81%9A%E3%81%8D" dan="16,16,18,17" rate="2066.43,2114.87,2238.20,2187.59" sx="M,M,M,M"/><TAIKYOKU oya="0"/><INIT seed="0,0,0,0,0,6" ten="250,250,250,250" oya="0" hai0="55,17,44,87,110,101,78,107,126,81,30,71,57" hai1="7,54,109,28,132,118,69,91,77,49,4,12,65" hai2="117,67,70,120,63,43,11,45,32,111,104,88,108" hai3="41,14,13,36,121,93,84,98,131,128,31,116,83"/><T15/><D126/><U90/><E118/><V59/><F120/><W123/><G31/><T56/><D71/><U27/><E109/><N who="2" m="42059" /><F32/><W86/><G116/><T2/><D2/><U46/><E132/><V106/><F117/><W24/><G24/><T130/><D130/><N who="3" m="49705" /><G41/><T60/><D110/><U97/><E77/><V129/><F129/><W73/><G36/><T85/><D30/><U133/><E133/><V115/><F115/><W8/><G14/><T22/><D87/><N who="3" m="33321" /><G13/><T76/><D78/><U20/><E97/><V51/><F70/><W119/><G119/><T40/><D57/><U66/><E69/><V102/><F102/><N who="3" m="60751" /><G8/><T79/><D76/><AGARI ba="0,0" hai="73,76,83,121,123" m="60751,33321,49705" machi="76" ten="30,3900,0" yaku="19,1,34,2" doraHai="6" who="3" fromWho="0" sc="250,-39,250,0,250,0,250,39" /><INIT seed="1,0,0,2,4,88" ten="211,250,250,289" oya="1" hai0="24,114,25,133,80,127,28,79,44,111,102,69,89" hai1="105,47,77,27,76,8,35,13,115,64,86,82,129" hai2="56,60,112,94,32,103,14,17,107,40,31,90,66" hai3="110,116,65,4,123,113,72,71,26,21,12,135,108"/><U63/><E115/><V118/><F118/><W87/><G72/><T96/><D114/><U39/><E105/><V1/><F112/><W120/><G113/><T99/><D111/><N who="3" m="42537" /><G116/><T7/><D127/><U91/><E129/><V41/><F1/><W61/><G135/><T126/><D126/><U78/><E39/><V85/><F107/><W131/><G131/><T132/><D69/><U67/><E47/><V20/><F32/><W104/><G104/><T11/><D89/><U22/><E35/><V48/><F31/><N who="3" m="17871" /><G87/><T70/><D70/><U6/><REACH who="1" step="1"/><E63/><REACH who="1" ten="211,240,250,289" step="2"/><V57/><F103/><W81/><G123/><T29/><D44/><U95/><E95/><V134/><F134/><W9/><G120/><T54/><D132/><U43/><E43/><V93/><F94/><W18/><G81/><T23/><D133/><U19/><AGARI ba="0,1" hai="6,8,13,19,22,27,64,67,76,77,78,82,86,91" machi="19" ten="30,11700,0" yaku="1,1,0,1,8,1,53,1" doraHai="88" doraHaiUra="15" who="1" fromWho="1" sc="211,-39,240,127,250,-39,289,-39" /><INIT seed="1,1,0,0,4,74" ten="172,367,211,250" oya="1" hai0="51,40,103,21,3,30,15,25,19,63,122,67,65" hai1="33,2,36,80,79,84,61,112,31,76,120,70,43" hai2="111,97,11,27,17,52,54,20,62,94,14,91,110" hai3="102,16,48,7,107,129,72,89,128,68,96,64,1"/><U57/><E112/><V108/><REACH who="2" step="1"/><F62/><REACH who="2" ten="172,367,201,250" step="2"/><W50/><G128/><T71/><D122/><U28/><E120/><V82/><F82/><W12/><G129/><T53/><D63/><U9/><E61/><V118/><F118/><W117/><G117/><T49/><D71/><U92/><E70/><V125/><F125/><W88/><G68/><T131/><D131/><U78/><E80/><V81/><F81/><W121/><G64/><T6/><D67/><U75/><E75/><V4/><AGARI ba="1,1" hai="4,11,14,17,20,27,52,54,91,94,97,108,110,111" machi="4" ten="30,8000,1" yaku="21,2,0,1,14,1,54,1,53,0" doraHai="74" doraHaiUra="98" who="2" fromWho="2" sc="172,-21,367,-41,201,93,250,-21" /><INIT seed="2,0,0,5,3,85" ten="151,326,294,229" oya="2" hai0="75,23,27,117,93,96,127,56,83,1,135,7,5" hai1="99,52,122,60,34,53,104,78,118,133,31,41,29" hai2="120,130,128,90,103,67,51,2,58,134,105,110,79" hai3="88,43,39,26,121,54,30,119,129,106,94,114,62"/><V18/><F2/><W77/><G121/><T63/><D117/><U125/><E118/><V132/><F120/><W47/><G119/><T42/><D127/><U3/><E122/><V24/><F79/><W9/><G106/><T0/><D135/><N who="2" m="51754" /><F110/><W89/><G114/><T37/><D37/><U73/><E133/><V64/><F103/><W68/><G129/><N who="2" m="49769" /><F105/><W109/><G109/><T32/><D42/><U97/><E3/><V14/><F24/><W6/><G77/><T12/><D32/><U100/><E34/><V84/><F51/><W4/><G94/><T70/><D0/><U20/><E104/><V113/><F58/><W28/><G28/><T36/><D1/><U101/><E31/><V81/><F113/><W71/><G71/><T11/><D36/><U38/><E29/><V45/><F45/><W80/><G80/><T44/><D44/><U16/><E78/><V86/><F86/><W115/><G115/><T61/><D75/><U46/><E73/><V87/><F87/><W98/><G98/><T59/><D83/><U8/><E99/><V55/><F55/><W116/><G116/><T40/><D70/><U21/><E97/><V82/><F82/><W48/><G26/><T13/><D59/><U111/><E111/><V49/><F49/><W25/><G25/><T126/><D56/><U92/><E101/><V131/><N who="2" m="49777" /><V124/><DORA hai="66" /><F124/><W123/><G123/><T22/><D126/><U17/><E125/><V91/><F91/><W35/><G35/><T50/><D27/><N who="1" m="14727" /><E53/><V72/><F72/><W10/><G54/><T15/><D96/><RYUUKYOKU ba="0,0" sc="151,-10,326,-10,294,30,229,-10" hai2="14,18,64,67,81,84,90" /><INIT seed="2,1,0,0,4,117" ten="141,316,324,219" oya="2" hai0="31,40,54,56,15,64,134,69,62,120,130,46,20" hai1="4,16,84,19,131,127,81,67,129,17,72,44,34" hai2="116,121,32,1,96,70,110,75,45,42,98,77,14" hai3="83,66,18,100,88,41,123,87,11,109,3,12,61"/><V106/><F14/><W99/><G109/><T68/><D31/><U38/><E34/><V2/><F96/><W89/><G3/><T29/><D29/><U105/><E105/><V43/><F43/><W113/><G113/><T13/><D20/><U91/><E127/><V9/><F116/><W53/><G41/><T57/><D13/><U49/><E38/><N who="2" m="21719" /><F70/><N who="0" m="27242" /><D15/><U92/><E4/><N who="2" m="1167" /><F2/><W51/><G123/><T122/><D130/><N who="1" m="49675" /><E67/><V33/><F110/><W125/><G125/><T128/><D134/><U28/><E28/><V65/><F65/><W0/><G0/><T80/><D80/><U115/><E115/><V112/><F121/><N who="0" m="46698" /><D128/><U133/><E133/><V103/><F112/><W97/><G100/><T86/><D86/><U118/><E118/><V7/><F7/><W59/><REACH who="3" step="1"/><G89/><REACH who="3" ten="141,316,324,209" step="2"/><T55/><D57/><AGARI ba="1,1" hai="11,12,18,51,53,57,59,61,66,83,87,88,97,99" machi="57" ten="30,12000,2" yaku="1,1,2,1,7,1,8,1,54,1,53,1" doraHai="117" doraHaiUra="63" who="3" fromWho="0" sc="141,-123,316,0,324,0,209,133" /><INIT seed="3,0,0,4,5,128" ten="18,316,324,342" oya="3" hai0="72,24,3,126,61,80,39,71,125,57,12,70,121" hai1="18,88,124,117,45,92,28,109,53,94,79,7,65" hai2="127,21,54,17,84,74,47,111,103,100,1,96,116" hai3="14,48,115,0,36,122,75,68,6,37,42,87,52"/><W41/><G75/><T44/><D3/><U56/><E109/><V77/><F116/><W113/><G0/><T120/><D72/><U32/><E117/><V82/><F111/><W35/><G35/><T27/><D27/><U55/><E124/><N who="0" m="47721" /><D80/><U22/><E79/><V64/><F127/><W110/><G110/><T20/><D12/><U16/><E32/><V101/><F1/><W10/><G122/><N who="0" m="47211" /><D20/><U102/><E7/><V9/><F64/><W134/><G68/><N who="0" m="26155" /><D24/><N who="1" m="16407" /><E65/><V123/><F123/><W60/><G87/><T13/><D13/><U38/><E94/><V8/><F96/><W19/><G6/><T90/><D90/><U11/><E11/><V114/><F114/><W83/><G83/><T89/><D89/><U91/><E91/><V73/><F74/><W105/><G10/><T78/><D78/><U85/><E92/><V107/><F107/><W58/><G14/><T34/><D34/><U26/><E26/><N who="2" m="14639" /><F73/><W46/><G105/><T50/><D39/><U106/><E38/><V131/><F131/><W23/><G23/><T104/><D104/><U108/><E108/><V119/><F119/><W97/><G97/><T2/><D2/><U86/><E106/><V67/><F8/><W99/><G99/><T4/><D4/><U129/><E129/><V31/><F9/><W5/><G5/><T40/><D61/><N who="1" m="35983" /><E102/><V81/><F81/><W132/><G19/><N who="1" m="7210" /><E88/><V133/><F101/><W135/><G37/><T59/><AGARI ba="0,0" hai="40,44,50,57,59" m="26155,47211,47721" machi="59" ten="40,5200,0" yaku="18,1,34,2" doraHai="128" who="0" fromWho="0" sc="18,52,316,-13,324,-13,342,-26" /><INIT seed="4,0,0,3,3,37" ten="70,303,311,316" oya="0" hai0="6,103,34,47,119,83,131,132,31,128,120,5,56" hai1="126,88,130,50,29,127,22,102,58,7,118,3,51" hai2="104,27,78,116,106,25,54,62,94,55,39,70,64" hai3="59,97,96,52,93,79,28,114,42,14,61,92,57"/><T87/><D120/><U124/><E118/><V81/><F39/><W43/><G114/><T13/><D119/><U1/><E102/><V108/><F116/><W15/><G28/><T67/><D103/><U10/><E130/><N who="0" m="49705" /><D132/><U8/><E58/><V115/><F108/><W48/><G79/><N who="0" m="46591" /><D47/><U33/><E33/><V135/><F115/><W44/><G59/><T2/><D2/><U41/><E3/><V24/><F135/><W123/><G123/><T89/><D89/><U45/><E10/><V66/><F66/><N who="3" m="39215" /><G14/><T99/><D99/><N who="3" m="37961" /><G15/><T110/><D110/><U98/><E51/><V40/><F104/><W109/><G109/><T49/><D13/><U20/><E29/><V9/><F106/><W26/><G26/><N who="0" m="18807" /><D67/><U133/><E133/><V129/><F129/><W101/><G101/><T38/><D38/><U35/><E35/><V72/><F9/><W46/><G46/><T63/><D63/><U30/><E30/><V60/><F60/><W75/><G75/><T117/><D117/><U86/><E98/><V105/><F105/><W32/><G32/><T85/><D85/><U76/><REACH who="1" step="1"/><E76/><REACH who="1" ten="70,293,311,316" step="2"/><V134/><F134/><W121/><G121/><T74/><D74/><U21/><E21/><V12/><F72/><W111/><G111/><T17/><D17/><U36/><E36/><V68/><F78/><W113/><G113/><T69/><D69/><U100/><E100/><V53/><F68/><W112/><G112/><T18/><D18/><U71/><E71/><V82/><F70/><W19/><G19/><T65/><D65/><U107/><E107/><V23/><F64/><RYUUKYOKU ba="0,1" sc="70,10,293,10,311,-30,316,10" hai0="5,6,49,56" hai1="1,7,8,20,22,41,45,50,86,88,124,126,127" hai3="42,43,44,48,52,92,93" /><INIT seed="4,1,1,5,4,128" ten="80,303,281,326" oya="0" hai0="25,10,50,9,105,48,68,57,32,79,119,55,106" hai1="29,39,8,23,77,130,129,100,58,72,125,17,4" hai2="102,31,64,34,108,135,92,70,33,51,104,109,44" hai3="53,103,12,121,40,43,123,107,26,88,127,59,18"/><T35/><D119/><U2/><E39/><V89/><F102/><W97/><G127/><T99/><D68/><U30/><E125/><V37/><F104/><W5/><G26/><T73/><D73/><U19/><E100/><V46/><F64/><W131/><G5/><T54/><D79/><U11/><E58/><V74/><F74/><W82/><G131/><N who="1" m="50186" /><E77/><V132/><F70/><W94/><G82/><T83/><D83/><U134/><E72/><V91/><F37/><W67/><G67/><T21/><D21/><U116/><E116/><V81/><F81/><W52/><G43/><T110/><D110/><U98/><E98/><V56/><F56/><W42/><G40/><T71/><D71/><U93/><E93/><V115/><F92/><W27/><G27/><T0/><D25/><N who="1" m="14575" /><E134/><V7/><F51/><W65/><G42/><T69/><D69/><U90/><E90/><V36/><F36/><W24/><G24/><T114/><D57/><U66/><E66/><V22/><F22/><N who="3" m="11591" /><G65/><T76/><D76/><U95/><E95/><V47/><F47/><W120/><G59/><T60/><D0/><U16/><E19/><V63/><F63/><W6/><G6/><T84/><D84/><AGARI ba="1,1" hai="52,53,84,88,94,97,103,107,120,121,123" m="11591" machi="84" ten="30,3900,0" yaku="13,1,54,2" doraHai="128" who="3" fromWho="0" sc="80,-42,303,0,281,0,326,52" /><INIT seed="5,0,0,3,2,131" ten="38,303,281,378" oya="1" hai0="39,93,116,110,105,10,78,103,63,98,82,14,0" hai1="85,106,8,69,125,114,4,34,132,118,60,36,38" hai2="13,20,72,67,126,50,108,75,11,61,23,1,81" hai3="5,71,3,117,59,16,21,49,41,79,43,99,64"/><U30/><E118/><V51/><F108/><W86/><G117/><T56/><D116/><U92/><E114/><V121/><F121/><W53/><G99/><T123/><D123/><U57/><E106/><V113/><F126/><W65/><G3/><T133/><D110/><U46/><E69/><V76/><F75/><W7/><G71/><T112/><D112/><U70/><E70/><V18/><F113/><W27/><G79/><T31/><D39/><U109/><E109/><V122/><F122/><W12/><G86/><T66/><D0/><U95/><E125/><V128/><F128/><W104/><G104/><T129/><D129/><U55/><E85/><V120/><F120/><W90/><G90/><T102/><D31/><U97/><E46/><V24/><F1/><W134/><G134/><T33/><D33/><U2/><E132/><V48/><REACH who="2" step="1"/><F24/><REACH who="2" ten="38,303,271,378" step="2"/><W100/><G27/><T115/><D115/><U68/><E2/><V74/><F74/><W47/><G12/><T111/><D111/><U62/><E68/><AGARI ba="0,1" hai="11,13,18,20,23,48,50,51,61,67,68,72,76,81" machi="68" ten="40,1300,0" yaku="1,1,53,0" doraHai="131" doraHaiUra="22" who="2" fromWho="1" sc="38,0,303,-13,271,23,378,0" /><INIT seed="6,0,0,5,2,108" ten="38,290,294,378" oya="2" hai0="33,91,87,90,27,8,84,127,135,119,129,110,104" hai1="44,15,109,86,55,35,51,72,45,30,105,89,66" hai2="53,59,39,94,85,61,50,131,99,18,71,52,38" hai3="73,103,101,115,133,24,118,6,134,74,26,75,121"/><V36/><F131/><W97/><G115/><T64/><D110/><U68/><E109/><V41/><F85/><W10/><G121/><T112/><D64/><U125/><E72/><V82/><F82/><W57/><G57/><T3/><D104/><U126/><E105/><V19/><F41/><W46/><G46/><T31/><D129/><U34/><E30/><V83/><F83/><W2/><G118/><T54/><D119/><U49/><E15/><V4/><F4/><W88/><G88/><T128/><D128/><U32/><E66/><V107/><F107/><N who="3" m="63919" /><G103/><T123/><D123/><U67/><E67/><V9/><F9/><W60/><G60/><T122/><D122/><U7/><E7/><V17/><F71/><W11/><G11/><T70/><D70/><U48/><E68/><V120/><F120/><W130/><G130/><T96/><D96/><U100/><E100/><V117/><F117/><W47/><G47/><T124/><D112/><U58/><E45/><V114/><F114/><W28/><G26/><T65/><D65/><U62/><REACH who="1" step="1"/><E44/><REACH who="1" ten="38,280,294,378" step="2"/><V116/><F116/><W29/><G28/><T78/><D31/><U37/><E37/><V111/><F111/><W79/><G79/><T16/><D78/><U1/><E1/><V20/><F20/><W95/><G75/><T102/><D3/><U76/><E76/><V13/><F13/><W113/><G74/><T40/><D102/><U63/><E63/><V43/><F43/><W81/><G73/><T5/><D40/><U22/><E22/><V132/><F38/><W56/><G2/><T42/><D5/><RYUUKYOKU ba="0,1" sc="38,-10,280,30,294,-10,378,-10" hai1="32,34,35,48,49,51,55,58,62,86,89,125,126" /><INIT seed="7,1,1,2,1,30" ten="28,310,284,368" oya="3" hai0="77,2,9,83,94,87,24,43,49,120,133,96,105" hai1="124,127,74,15,5,90,33,50,117,135,32,26,122" hai2="101,79,59,63,116,40,56,84,66,70,100,109,110" hai3="71,39,103,104,21,128,125,42,48,130,80,76,112"/><W111/><G71/><T108/><D49/><U123/><E74/><V115/><F116/><W57/><G111/><T55/><D55/><U134/><E117/><V93/><F115/><W38/><G112/><T4/><D24/><U20/><E50/><V51/><F109/><W35/><G35/><N who="1" m="13386" /><E90/><N who="2" m="53447" /><F70/><W89/><G21/><T78/><D9/><N who="1" m="4527" /><E123/><V25/><F110/><W60/><G48/><T62/><D62/><U11/><E122/><V126/><F126/><N who="1" m="48169" /><E11/><V6/><F6/><W36/><G125/><T72/><D43/><U53/><E53/><N who="2" m="31807" /><F40/><W3/><G42/><T31/><D31/><AGARI ba="1,1" hai="20,26,31,134,135" m="48169,4527,13386" machi="31" ten="30,12000,2" yaku="18,1,34,2,52,3" doraHai="30" who="1" fromWho="0" sc="28,-123,310,133,284,0,368,0" owari="-95,-59.5,443,54.3,284,-11.6,368,16.8" /></mjloggm>