<mjloggm ver="2.3"><GO type="169" lobby="0"/><UN n0="%79%61%6E%72%6F%75" n1="%70%70%61%61%6F%6F" n2="%E3%83%A8%E3%83%BC%E3%83%BB%E3%83%9E%E3%82%A4%E3%82%AB" n3="%E3%82%A2%E3%83%A9%E3%82%B5%E3%83%BC%E3%81%A0%E3%82%88%21%21" dan="16,17,17,18" rate="2162.87,2177.22,2189.46,2210.76" sx="M,M,M,M"/><TAIKYOKU oya="0"/><INIT seed="0,0,0,1,2,85" ten="250,250,250,250" oya="0" hai0="5,133,52,46,21,128,93,34,110,26,114,11,65" hai1="72,59,83,127,120,96,90,0,119,36,129,13,94" hai2="57,60,64,8,6,92,134,63,74,81,69,19,116" hai3="113,91,47,27,28,68,122,29,22,42,76,48,1"/><T2/><D114/><U15/><E0/><V77/><F134/><W12/><G1/><T79/><D133/><U32/><E119/><V30/><F116/><W130/><G113/><T115/><D115/><U14/><E120/><V38/><F38/><W62/><G122/><T58/><D128/><U53/><E32/><V87/><F30/><W121/><G121/><T61/><D110/><U24/><E129/><V7/><F19/><W104/><G104/><T4/><D5/><U131/><E131/><V25/><F25/><W135/><G76/><T49/><D79/><U100/><E127/><V88/><REACH who="2" step="1"/><F8/><REACH who="2" ten="250,250,240,250" step="2"/><W117/><G28/><T112/><D112/><U9/><E36/><V84/><F84/><W123/><G117/><T124/><D124/><U111/><E24/><V101/><F101/><W43/><G135/><T3/><D34/><U45/><E111/><V71/><F71/><W20/><G68/><T35/><D35/><U50/><E72/><V126/><F126/><W89/><G130/><T41/><D2/><U67/><E9/><V102/><F102/><W40/><G123/><T39/><D39/><U55/><E100/><V33/><F33/><W103/><G103/><T75/><D75/><U80/><REACH who="1" step="1"/><E67/><AGARI ba="0,1" hai="6,7,57,60,63,64,67,69,74,77,81,87,88,92" machi="67" ten="30,7700,0" yaku="1,1,7,1,52,1,54,1,53,0" doraHai="85" doraHaiUra="70" who="2" fromWho="1" sc="250,0,250,-77,240,87,250,0" /><INIT seed="1,0,0,4,2,116" ten="250,173,327,250" oya="1" hai0="61,86,42,63,98,1,135,69,113,107,36,20,59" hai1="109,126,127,92,13,9,71,125,24,77,65,117,94" hai2="48,101,30,54,56,90,112,97,2,100,104,72,124" hai3="11,74,41,44,10,19,73,106,80,60,129,49,67"/><U132/><E117/><V68/><F124/><W58/><G106/><T39/><D113/><U119/><E119/><V75/><F112/><W15/><G129/><T102/><D1/><U78/><E132/><V88/><F68/><W79/><REACH who="3" step="1"/><G11/><REACH who="3" ten="250,173,327,240" step="2"/><T50/><D107/><U33/><E109/><V130/><F130/><W76/><G76/><T81/><D135/><U84/><E78/><V131/><F131/><W128/><G128/><T47/><D69/><U28/><E77/><V7/><F75/><AGARI ba="0,1" hai="10,15,19,41,44,49,58,60,67,73,74,75,79,80" machi="75" ten="30,2000,0" yaku="1,1,7,1,53,0" doraHai="116" doraHaiUra="110" who="3" fromWho="2" sc="250,0,173,0,327,-20,240,30" /><INIT seed="2,0,0,1,3,100" ten="250,173,307,270" oya="2" hai0="39,0,135,106,117,34,83,8,53,62,121,104,76" hai1="101,57,86,7,85,89,44,28,41,5,52,45,99" hai2="13,69,113,92,40,35,47,38,29,73,18,65,54" hai3="67,4,134,72,132,15,61,64,75,42,116,63,22"/><V94/><F113/><W81/><G116/><T32/><D121/><U124/><E124/><V55/><F73/><W21/><G42/><T126/><D126/><U12/><E28/><V10/><F69/><W95/><G95/><T31/><D53/><U90/><E85/><V87/><F65/><W71/><G4/><N who="0" m="1031" /><D135/><N who="3" m="51753" /><G81/><T77/><D76/><U79/><E79/><V2/><F92/><W20/><G15/><T129/><D129/><U56/><E56/><AGARI ba="0,0" hai="20,21,22,56,61,63,64,67,71,72,75" m="51753" machi="56" ten="30,1000,0" yaku="20,1" doraHai="100" who="3" fromWho="1" sc="250,0,173,-10,307,0,270,10" /><INIT seed="3,0,0,3,3,24" ten="250,163,307,280" oya="3" hai0="131,49,94,124,111,57,23,20,64,41,35,101,88" hai1="95,47,43,103,99,110,135,102,106,28,21,9,115" hai2="5,55,74,59,39,62,65,84,7,15,117,4,78" hai3="51,45,129,77,116,54,0,30,130,58,71,11,70"/><W96/><G116/><T53/><D111/><U125/><E115/><V114/><F117/><W81/><G77/><T85/><D124/><U1/><E125/><V12/><F114/><W134/><G134/><T90/><D131/><N who="3" m="50185" /><G81/><T37/><D101/><U97/><E110/><V46/><F74/><W79/><G79/><T122/><D122/><U56/><E135/><V72/><F72/><W73/><G73/><T38/><D35/><U128/><E128/><V108/><F108/><W22/><G96/><T121/><D121/><U69/><E69/><V67/><F39/><W34/><G22/><T13/><D64/><N who="2" m="24650" /><F46/><W133/><G133/><T40/><D37/><U36/><E56/><V2/><F2/><W127/><G127/><T89/><D20/><U93/><E106/><V100/><F100/><W19/><G45/><T17/><D38/><U52/><E21/><V113/><F113/><W92/><G92/><T42/><AGARI ba="0,0" hai="13,17,23,40,41,42,49,53,57,85,88,89,90,94" machi="42" ten="30,8000,1" yaku="0,1,25,2,8,1,54,1" doraHai="24" who="0" fromWho="0" sc="250,80,163,-20,307,-20,280,-40" /><INIT seed="4,0,0,1,4,46" ten="330,143,287,240" oya="0" hai0="51,68,56,2,96,24,93,27,36,25,67,126,105" hai1="55,12,119,48,69,122,50,16,42,131,4,74,121" hai2="19,134,20,90,61,88,65,124,83,9,79,34,6" hai3="5,129,135,18,71,112,123,8,49,86,84,120,78"/><T54/><D126/><U125/><E119/><V62/><F124/><W115/><G71/><T37/><D105/><U38/><E125/><V76/><F134/><W108/><G108/><T45/><D2/><U95/><E74/><V21/><F34/><W44/><G18/><T13/><D68/><U91/><E38/><V33/><F33/><W32/><G32/><T94/><D94/><U22/><E131/><V102/><F102/><W82/><G86/><T80/><D80/><U127/><E127/><V132/><F132/><W35/><G35/><T26/><D13/><U15/><E69/><V7/><F19/><W72/><G72/><T63/><N who="0" m="6144" /><DORA hai="77" /><T60/><REACH who="0" step="1"/><D63/><REACH who="0" ten="320,143,287,240" step="2"/><U85/><E122/><N who="3" m="46634" /><G135/><T92/><D92/><U31/><E121/><V128/><F128/><W53/><G129/><T39/><D39/><U75/><E31/><V97/><F83/><W3/><AGARI ba="0,1" hai="3,5,8,44,49,53,78,82,84,112,115" m="46634" machi="3" ten="30,4000,0" yaku="13,1,52,2" doraHai="46,77" who="3" fromWho="3" sc="320,-20,143,-10,287,-10,240,50" /><INIT seed="5,0,0,2,3,97" ten="300,133,277,290" oya="1" hai0="122,70,54,123,104,29,0,71,60,5,11,100,49" hai1="59,45,128,132,103,135,10,23,20,4,43,78,113" hai2="99,21,52,58,112,91,30,33,25,36,9,27,53" hai3="127,37,102,46,101,50,110,12,72,125,86,44,129"/><U114/><E128/><V3/><F112/><N who="1" m="43113" /><E78/><V35/><F36/><W116/><G72/><T1/><D0/><N who="1" m="263" /><E59/><V121/><F121/><N who="0" m="46090" /><D60/><U117/><E117/><V109/><F109/><W66/><G110/><T67/><D67/><U76/><E76/><V77/><F77/><W83/><G66/><T56/><D29/><U107/><E107/><V134/><F134/><N who="1" m="51241" /><E103/><V26/><F91/><W61/><G116/><T105/><D105/><U34/><E34/><V95/><F58/><W80/><G129/><T98/><AGARI ba="0,0" hai="1,5,11,49,54,56,70,71,98,100,104" m="46090" machi="98" ten="30,2000,0" yaku="13,1,52,1" doraHai="97" who="0" fromWho="0" sc="300,20,133,-10,277,-5,290,-5" /><INIT seed="6,0,0,4,3,135" ten="320,123,272,285" oya="2" hai0="74,87,85,122,114,98,90,29,18,76,40,42,108" hai1="115,7,127,34,81,35,65,6,95,94,111,113,73" hai2="61,105,69,28,93,116,54,62,13,44,57,78,25" hai3="16,27,70,38,126,48,3,49,131,19,63,0,104"/><V67/><F116/><W11/><G104/><T102/><D108/><U23/><E111/><V120/><F105/><W77/><G38/><T60/><D122/><U89/><E65/><V53/><F120/><W21/><G77/><T96/><D74/><U88/><E23/><V8/><F78/><W59/><G126/><T128/><D114/><U31/><E31/><V43/><F93/><W58/><G131/><T22/><D29/><U9/><E9/><V39/><F54/><W50/><G70/><T130/><D60/><U107/><E107/><V119/><F119/><W97/><G97/><T68/><D68/><U32/><E32/><V26/><REACH who="2" step="1"/><F28/><REACH who="2" ten="320,123,262,285" step="2"/><W103/><G103/><T83/><D102/><U30/><E30/><V125/><F125/><W91/><G91/><T99/><D130/><U2/><E127/><V72/><F72/><W82/><G82/><N who="0" m="49463" /><D128/><U51/><E73/><V134/><F134/><W14/><REACH who="3" step="1"/><G59/><REACH who="3" ten="320,123,262,275" step="2"/><T75/><D75/><U109/><E109/><V79/><F79/><W84/><G84/><T46/><D46/><U129/><E129/><V12/><F12/><AGARI ba="0,2" hai="12,18,22,40,42,76,83,87,96,98,99" m="49463" machi="12" ten="30,1000,0" yaku="8,1" doraHai="135" who="0" fromWho="2" sc="320,30,123,0,262,-10,275,0" /><INIT seed="7,0,0,0,2,89" ten="350,123,252,275" oya="3" hai0="133,17,50,27,65,20,115,36,87,120,69,30,84" hai1="70,43,116,75,95,112,56,26,22,31,86,23,110" hai2="52,68,46,15,66,71,125,9,5,135,105,126,8" hai3="33,19,111,121,54,1,12,97,74,44,82,62,7"/><W134/><G121/><T102/><D36/><U59/><E75/><V37/><F105/><W90/><G33/><T107/><D120/><U38/><E70/><V3/><F66/><W60/><G134/><T64/><D115/><U24/><E110/><V10/><F135/><W13/><G74/><T108/><D108/><U91/><E112/><V106/><F106/><W104/><G104/><T4/><D4/><U92/><E116/><V117/><F117/><W11/><G1/><T101/><D69/><U28/><E38/><V48/><F37/><W78/><G78/><T128/><D128/><U18/><E43/><V2/><F9/><W47/><G111/><T94/><D107/><U29/><E29/><V57/><F57/><N who="3" m="34871" /><G62/><T85/><D50/><U21/><E92/><V80/><F80/><W61/><G61/><T39/><D39/><U99/><E99/><V96/><F96/><W100/><G100/><N who="0" m="38507" /><D94/><U45/><E45/><V58/><F46/><W109/><G109/><T93/><D93/><U53/><E53/><V123/><F123/><W14/><G97/><T32/><D32/><U72/><E72/><V67/><F67/><N who="0" m="25674" /><D133/><U16/><E18/><AGARI ba="0,0" hai="17,18,20,27,30,84,85,87" m="25674,38507" machi="18" ten="30,1000,0" yaku="8,1" doraHai="89" who="0" fromWho="1" sc="350,10,123,-10,252,0,275,0" owari="360,46.0,113,-38.7,252,-14.8,275,7.5" /></mjloggm>