<mjloggm ver="2.3"><GO type="169" lobby="0"/><UN n0="%41%62%65%73%65%6E%61%6C" n1="%E3%83%A1%E3%82%AC%E3%83%95%E3%83%BC%E3%83%87%E3%82%A3%E3%83%B3" n2="%68%61%72%75%6B%61%73" n3="%E5%B5%8C%E5%85%AB" dan="16,16,16,16" rate="2129.60,2222.57,2206.08,2105.88" sx="M,F,M,M"/><TAIKYOKU oya="0"/><INIT seed="0,0,0,1,3,48" ten="250,250,250,250" oya="0" hai0="121,28,35,68,101,74,66,32,114,99,57,71,6" hai1="79,91,49,38,23,134,116,19,7,76,37,97,88" hai2="84,22,119,80,128,51,73,54,69,65,105,87,96" hai3="89,44,95,9,108,60,12,61,15,104,3,55,29"/><T18/><D114/><U30/><E116/><V85/><F128/><W43/><G104/><T58/><D121/><U125/><E125/><V17/><F119/><W62/><G108/><T45/><D74/><U133/><E30/><V100/><F65/><W135/><G135/><N who="1" m="51722" /><E7/><V1/><F69/><W90/><G29/><T75/><D75/><U110/><E110/><V93/><F1/><W41/><G3/><T98/><D6/><U39/><E49/><V106/><F73/><W92/><G61/><T117/><D117/><U13/><E97/><V83/><F106/><W81/><G81/><T56/><D18/><U113/><E113/><V5/><F105/><W34/><G44/><T27/><D35/><U112/><E112/><V103/><F103/><W109/><G109/><T123/><D123/><U50/><E50/><V127/><F5/><W21/><G34/><T78/><D78/><AGARI ba="0,0" hai="13,19,23,37,38,39,76,78,79,88,91" m="51722" machi="78" ten="40,2600,0" yaku="20,1,54,1" doraHai="48" who="1" fromWho="0" sc="250,-26,250,26,250,0,250,0" /><INIT seed="1,0,0,3,2,30" ten="224,276,250,250" oya="1" hai0="45,21,38,59,86,31,105,5,125,80,124,90,61" hai1="131,26,74,12,53,33,44,18,11,69,104,102,14" hai2="99,60,17,39,132,95,68,81,6,76,8,40,16" hai3="123,93,107,96,15,27,3,135,92,50,56,24,101"/><U98/><E131/><V58/><F68/><W41/><G3/><T111/><D105/><U106/><E74/><V114/><F132/><W36/><G135/><T23/><D111/><U129/><E129/><V28/><F28/><W122/><G36/><T119/><D119/><U127/><E127/><N who="0" m="48713" /><D5/><U121/><E121/><V63/><F40/><W9/><G123/><T4/><D4/><U87/><E69/><V32/><F39/><W42/><G122/><T120/><D31/><U100/><E26/><V89/><F32/><W126/><G93/><T75/><D75/><U34/><E87/><V35/><F35/><W71/><G71/><T22/><D120/><U109/><E109/><V13/><F114/><W1/><G1/><T25/><D25/><N who="3" m="9801" /><G107/><T70/><D70/><U82/><E82/><V47/><F47/><W51/><G126/><T57/><D61/><U103/><E103/><V118/><F63/><W62/><G51/><T7/><D7/><U110/><E110/><V84/><REACH who="2" step="1"/><F118/><REACH who="2" ten="224,276,240,250" step="2"/><W128/><G50/><T52/><D38/><U117/><E117/><V130/><F130/><W55/><G128/><T115/><D115/><U73/><E33/><V2/><F2/><W10/><G42/><T19/><D45/><U49/><E34/><V79/><F79/><W133/><G41/><T46/><D46/><U66/><E44/><V85/><F85/><W67/><G133/><T91/><D59/><U48/><E73/><V78/><F78/><W72/><G72/><T54/><D57/><U37/><E37/><V94/><F94/><W43/><G56/><T116/><D116/><RYUUKYOKU ba="0,1" sc="224,-10,276,-10,240,30,250,-10" hai2="6,8,13,16,17,58,60,76,81,84,89,95,99" /><INIT seed="2,1,1,2,5,38" ten="214,266,270,240" oya="2" hai0="12,113,66,42,33,24,21,63,35,5,86,30,94" hai1="115,91,55,62,11,106,76,47,39,15,130,59,18" hai2="121,32,84,73,57,85,128,65,37,9,103,25,97" hai3="131,83,27,54,41,110,68,127,4,81,132,26,16"/><V29/><F121/><W10/><G68/><T92/><D113/><U50/><E115/><V8/><F73/><W96/><G54/><T28/><D35/><U1/><E106/><V129/><F37/><W87/><G110/><T49/><D33/><U117/><E117/><V43/><F43/><W53/><G53/><T116/><D116/><U112/><E112/><V124/><F124/><W135/><G131/><N who="2" m="50249" /><F57/><W31/><G96/><T111/><D30/><U23/><E130/><V56/><F56/><W78/><G127/><T67/><D111/><U89/><E39/><V109/><F65/><W107/><G107/><T14/><D67/><U133/><E133/><V46/><F46/><W99/><G99/><T88/><D92/><U101/><E101/><V58/><F58/><W79/><G31/><T100/><D100/><U123/><E123/><V77/><F109/><W44/><G135/><T122/><D122/><U52/><REACH who="1" step="1"/><E76/><REACH who="1" ten="214,256,270,240" step="2"/><V71/><F77/><W104/><G132/><T7/><D7/><AGARI ba="1,2" hai="1,7,11,15,18,23,47,50,52,55,59,62,89,91" machi="7" ten="40,8000,1" yaku="1,1,2,1,54,1,53,1" doraHai="38" doraHaiUra="0" who="1" fromWho="0" sc="214,-83,256,103,270,0,240,0" /><INIT seed="3,0,0,5,1,94" ten="131,359,270,240" oya="3" hai0="50,9,26,111,98,102,96,129,68,99,132,87,128" hai1="8,57,47,4,126,19,29,11,97,124,65,115,58" hai2="59,54,14,49,1,48,104,89,62,117,114,40,105" hai3="53,5,73,80,31,16,100,133,35,55,71,72,61"/><W130/><G5/><T76/><D68/><U77/><E115/><V64/><F1/><W119/><G119/><T25/><D111/><U131/><E131/><N who="0" m="50249" /><D132/><U95/><E29/><V10/><F114/><W36/><G130/><T127/><D127/><N who="1" m="48683" /><E77/><V6/><F117/><W0/><G0/><T91/><D76/><U67/><E47/><V20/><F20/><W116/><G36/><T120/><D120/><U30/><E30/><V122/><F122/><W34/><G116/><T121/><D121/><U18/><E57/><V2/><F2/><W81/><G71/><T39/><D39/><U110/><E110/><V3/><F3/><W27/><G35/><T13/><D50/><U45/><E45/><V15/><F15/><W88/><G72/><T70/><D102/><N who="1" m="60735" /><E4/><V24/><F48/><W43/><G73/><T108/><D70/><U46/><E46/><V7/><F7/><W41/><G133/><T52/><D52/><U134/><E134/><V79/><F79/><W23/><G55/><T56/><D56/><U51/><E51/><V69/><F40/><W90/><G100/><T63/><D63/><N who="1" m="38135" /><E67/><V109/><F109/><W112/><G112/><T42/><D42/><N who="3" m="15881" /><G34/><T101/><D101/><U84/><E84/><V75/><F75/><W22/><G61/><T83/><D108/><U86/><E86/><V107/><F89/><N who="3" m="34411" /><G53/><T44/><D44/><U32/><E32/><V135/><F135/><W125/><G125/><T37/><D37/><U85/><E85/><V38/><F38/><W28/><G28/><T66/><D66/><U82/><E82/><V123/><F123/><RYUUKYOKU ba="0,0" sc="131,0,359,0,270,0,240,0" hai0="9,13,25,26,83,87,91,96,98,99" hai1="8,11,18,19" hai2="6,10,14,24,49,54,59,62,64,69,104,105,107" hai3="16,22,23,27,31,80,81" /><INIT seed="3,1,0,5,1,124" ten="131,359,270,240" oya="3" hai0="17,77,23,22,76,90,61,68,66,89,15,123,7" hai1="48,75,80,42,95,54,100,56,70,129,118,34,51" hai2="62,125,106,96,108,50,57,49,39,1,40,20,92" hai3="113,24,93,132,64,122,10,117,18,135,107,94,0"/><W126/><G113/><T104/><D123/><U119/><E70/><V91/><F125/><W81/><G126/><T101/><D7/><U21/><E34/><V128/><F1/><W131/><G107/><T82/><D104/><U73/><E129/><V86/><F108/><W99/><G117/><N who="1" m="44554" /><E80/><V53/><F128/><W111/><G131/><T112/><D101/><U6/><E6/><V116/><F116/><W45/><G0/><T60/><D112/><U65/><E65/><V74/><F74/><N who="1" m="28169" /><E21/><V127/><F127/><W46/><G81/><T120/><D23/><U29/><E29/><V28/><F28/><W38/><G64/><T25/><D82/><U55/><E42/><V13/><F106/><W5/><G5/><T98/><D120/><U16/><E16/><N who="2" m="10255" /><F40/><W133/><G122/><T8/><D68/><U121/><E121/><V115/><F115/><W12/><G111/><T4/><D66/><U36/><E36/><V52/><F39/><W114/><G38/><T30/><D30/><U41/><E41/><V3/><F3/><W69/><G69/><T105/><D105/><U58/><E100/><N who="2" m="60423" /><F53/><N who="1" m="19977" /><E95/><AGARI ba="1,0" hai="49,50,52,57,62,86,91,95" m="60423,10255" machi="95" ten="30,3900,0" yaku="8,1,54,2" doraHai="124" who="2" fromWho="1" sc="131,0,359,-42,270,42,240,0" /><INIT seed="4,0,0,0,3,113" ten="131,317,312,240" oya="0" hai0="93,49,88,109,56,20,13,115,86,135,97,69,61" hai1="84,39,30,122,14,15,63,35,108,44,119,107,11" hai2="16,25,22,71,54,48,85,58,94,47,64,103,19" hai3="6,29,76,74,4,57,18,106,52,50,129,42,99"/><T51/><D115/><U28/><E108/><V79/><F71/><W96/><G129/><T121/><D135/><U95/><E122/><V31/><F79/><W125/><G125/><T33/><D33/><U5/><E107/><V100/><F85/><W92/><G29/><T126/><D126/><U98/><E35/><V34/><F34/><W24/><G74/><T124/><D121/><U110/><E110/><V37/><F37/><W17/><G76/><T67/><D124/><U130/><E130/><V8/><F8/><W81/><G81/><T40/><D109/><U75/><E75/><V83/><F83/><W3/><G3/><T114/><D114/><U62/><E84/><V36/><F36/><W23/><G42/><T72/><D72/><U60/><E119/><V128/><F100/><W82/><G82/><T1/><D1/><U26/><E26/><V111/><F128/><W131/><G131/><T127/><D127/><U66/><E66/><V120/><F120/><W90/><G106/><T70/><D97/><U7/><E39/><V132/><F132/><W46/><G99/><T41/><D70/><U80/><E44/><V91/><F103/><W104/><G104/><T12/><D69/><U27/><E27/><V116/><F111/><W87/><G96/><T78/><D78/><U21/><E80/><V55/><F64/><W89/><G90/><T101/><D101/><N who="1" m="60639" /><E5/><N who="3" m="2154" /><G46/><N who="0" m="25799" /><D20/><U38/><E38/><V123/><F123/><W32/><G32/><T43/><D43/><U10/><E21/><V0/><F0/><W133/><G133/><T68/><D68/><U2/><E2/><RYUUKYOKU ba="0,0" sc="131,10,317,10,312,-30,240,10" hai0="12,13,41,51,56,61,67,86,88,93" hai1="7,10,11,14,15,28,30,60,62,63" hai3="17,18,23,24,50,52,57,87,89,92" /><INIT seed="4,1,0,3,5,26" ten="141,327,282,250" oya="0" hai0="101,110,71,4,89,13,134,73,20,5,17,51,87" hai1="70,62,78,10,98,111,57,102,105,48,32,112,80" hai2="108,75,103,33,68,64,120,59,135,21,31,45,37" hai3="2,79,76,47,126,88,55,50,104,115,43,44,29"/><T107/><D73/><U42/><E111/><V19/><F120/><W85/><G2/><T40/><D71/><U9/><E32/><V125/><F75/><W95/><G104/><T91/><D134/><U35/><E35/><V27/><F68/><W66/><G115/><T65/><D65/><U18/><E112/><V116/><F125/><W60/><G126/><T58/><D110/><U113/><E113/><V52/><F116/><W3/><G3/><T130/><D130/><U83/><E70/><V118/><F118/><W24/><G66/><T56/><D91/><U129/><E129/><V86/><F103/><W77/><G60/><T0/><D101/><U131/><E83/><V49/><F135/><W97/><G47/><T61/><D107/><U30/><E18/><V38/><F86/><W69/><G69/><T36/><D36/><U28/><E48/><V11/><F11/><W106/><G106/><T46/><D0/><U54/><E42/><V22/><F33/><W99/><REACH who="3" step="1"/><G43/><REACH who="3" ten="141,327,282,240" step="2"/><T100/><D58/><U25/><E131/><V72/><F108/><W96/><G96/><T133/><D133/><U7/><E98/><V93/><F64/><W41/><G41/><T6/><D100/><U119/><E62/><V53/><F59/><W82/><G82/><N who="0" m="49399" /><D56/><U16/><E102/><V90/><F45/><W121/><G121/><T124/><D124/><U81/><E105/><V74/><F53/><W39/><G39/><T23/><D61/><U12/><E57/><N who="2" m="32911" /><F38/><W34/><AGARI ba="1,1" hai="24,29,34,44,50,55,76,77,79,85,88,95,97,99" machi="34" ten="30,7900,0" yaku="1,1,0,1,52,1,54,1,53,0" doraHai="26" doraHaiUra="67" who="3" fromWho="3" sc="141,-40,327,-21,282,-21,240,92" /><INIT seed="5,0,0,0,5,45" ten="101,306,261,332" oya="1" hai0="57,75,107,36,10,5,106,127,132,64,2,92,23" hai1="123,94,44,86,115,51,53,32,29,9,12,129,128" hai2="122,119,58,22,66,111,60,79,13,102,126,80,30" hai3="65,63,98,90,62,84,93,130,50,69,70,3,108"/><U112/><E123/><V21/><F119/><W55/><G108/><T11/><D127/><U101/><E29/><V40/><F126/><W34/><G3/><T95/><D132/><U20/><E32/><V4/><F111/><W81/><G130/><N who="1" m="50282" /><E20/><V100/><F40/><W33/><G63/><T67/><D23/><U71/><E71/><V121/><F122/><W120/><G70/><T46/><D57/><U31/><E31/><V85/><F121/><W96/><G96/><T133/><D133/><U56/><E44/><V39/><F39/><W8/><G8/><T17/><D75/><U49/><E101/><N who="2" m="39019" /><F30/><W82/><G82/><T89/><D46/><N who="1" m="27831" /><E94/><V25/><F25/><W74/><G74/><T6/><D36/><U0/><E86/><V7/><F21/><W1/><G1/><T48/><D2/><U15/><E0/><V77/><F79/><W124/><G124/><T78/><D78/><U116/><E116/><V52/><F66/><W26/><G26/><T16/><REACH who="0" step="1"/><D89/><REACH who="0" ten="91,306,261,332" step="2"/><U135/><E135/><V38/><F38/><W73/><G73/><T19/><D19/><AGARI ba="0,1" hai="4,7,13,19,22,52,58,60,77,80,85" m="39019" machi="19" ten="30,2000,0" yaku="8,1,54,1" doraHai="45" who="2" fromWho="0" sc="91,-20,306,0,261,30,332,0" /><INIT seed="6,0,0,4,1,114" ten="71,306,291,332" oya="2" hai0="81,122,112,31,99,88,26,62,50,47,42,82,41" hai1="78,18,117,126,29,91,119,132,85,115,123,90,9" hai2="80,129,92,53,1,19,65,86,89,30,2,45,43" hai3="4,17,105,27,134,67,104,106,72,113,83,93,44"/><V23/><F129/><W95/><G4/><T51/><D112/><U60/><E115/><V57/><F30/><W46/><G67/><T64/><D122/><U5/><E123/><V14/><F65/><W84/><G72/><T101/><D42/><U68/><E29/><V40/><F80/><W7/><G7/><T55/><D51/><U49/><E68/><V56/><F56/><W54/><G54/><T66/><D41/><U58/><E49/><N who="2" m="30895" /><F43/><W10/><G113/><T130/><D130/><U118/><E18/><V22/><F22/><W35/><G35/><T75/><D75/><U39/><E39/><AGARI ba="0,0" hai="1,2,14,19,23,39,40,45,86,89,92" m="30895" machi="39" ten="30,1500,0" yaku="25,1" doraHai="114" who="2" fromWho="1" sc="71,0,306,-15,291,15,332,0" /><INIT seed="6,1,0,4,5,36" ten="71,291,306,332" oya="2" hai0="121,106,80,120,113,122,81,94,105,10,82,66,131" hai1="33,16,87,119,91,116,14,114,26,54,99,44,130" hai2="123,69,100,135,15,92,39,50,104,78,59,49,97" hai3="84,2,41,79,60,8,63,34,125,132,74,76,64"/><V43/><F123/><W27/><G132/><T75/><D10/><U61/><E114/><V40/><F69/><W57/><G125/><T126/><D66/><U95/><E130/><V7/><F39/><W35/><G74/><T58/><D58/><U42/><E33/><V101/><F135/><W86/><G60/><T96/><D113/><U31/><E31/><V129/><F78/><W5/><G41/><N who="2" m="15945" /><F104/><W37/><G37/><T3/><D3/><U28/><E28/><V1/><F1/><W48/><G48/><N who="2" m="18537" /><F129/><W83/><G27/><T89/><D131/><U25/><E119/><V134/><F134/><W52/><G64/><T38/><D38/><U11/><E116/><V62/><F100/><W24/><G24/><N who="1" m="9322" /><E42/><V17/><F7/><W93/><G93/><T133/><D133/><U112/><E112/><V67/><F17/><W103/><G103/><T13/><D13/><AGARI ba="1,0" hai="13,15,59,62,67,92,97,101" m="18537,15945" machi="13" ten="30,11600,0" yaku="8,1,52,3" doraHai="36" who="2" fromWho="0" sc="71,-119,291,0,306,119,332,0" owari="-48,-54.8,291,-10.9,425,52.5,332,13.2" /></mjloggm>