<mjloggm ver="2.3"><GO type="169" lobby="0"/><UN n0="%41%4C%50%45%52%49%4E" n1="%E4%B9%9D%E7%B4%8B%E9%BE%8D%E5%8F%B2%E9%80%B2" n2="%E3%81%82%E3%81%95%E3%81%B4%E3%82%93%EF%BC%A0%EF%BD%8D%EF%BD%8A" n3="%6D%79%6D%65%6C%6F%58%58" dan="17,19,18,17" rate="2184.67,2284.75,2302.35,2207.91" sx="M,M,M,F"/><TAIKYOKU oya="0"/><INIT seed="0,0,0,2,2,131" ten="250,250,250,250" oya="0" hai0="94,88,123,64,73,51,70,115,23,54,80,111,20" hai1="89,108,92,57,68,125,17,82,50,118,59,0,72" hai2="5,19,27,39,26,109,106,120,96,13,132,76,69" hai3="10,62,110,21,15,85,104,90,45,126,49,97,130"/><T34/><D115/><U133/><E118/><V135/><F39/><W48/><G130/><T37/><D123/><U105/><E68/><V103/><F120/><W121/><G121/><T8/><D37/><U114/><E0/><V122/><F122/><W7/><G110/><T95/><D111/><U3/><E3/><V99/><F109/><W119/><G126/><T71/><D34/><U112/><E105/><V79/><F69/><W18/><G119/><T56/><D8/><U55/><E125/><V61/><F61/><W77/><G77/><N who="2" m="29769" /><F99/><W33/><G33/><T84/><D73/><U91/><E72/><V83/><F83/><W60/><G97/><T35/><D35/><U4/><E4/><V22/><F5/><W98/><G98/><T40/><D40/><U53/><E82/><V52/><F52/><W129/><G49/><T14/><D71/><U25/><E108/><V107/><F107/><W117/><G129/><T78/><D95/><U28/><E92/><V12/><F12/><W66/><G104/><T42/><D14/><U31/><E50/><V24/><F13/><N who="3" m="9423" /><G66/><T116/><D116/><U2/><E2/><V102/><F102/><W86/><G117/><T30/><D42/><U16/><REACH who="1" step="1"/><E25/><REACH who="1" ten="250,240,250,250" step="2"/><V38/><F38/><W11/><G7/><T44/><D70/><U113/><E113/><V58/><F58/><W43/><G48/><T74/><D56/><U67/><E67/><V75/><F75/><W46/><G15/><T36/><D64/><U32/><E32/><V6/><F6/><W134/><G45/><T128/><D36/><U93/><E93/><RYUUKYOKU ba="0,1" sc="250,-15,240,15,250,15,250,-15" hai1="16,17,28,31,53,55,57,59,89,91,112,114,133" hai2="19,22,24,26,27,96,103,106,132,135" /><INIT seed="1,1,1,3,4,95" ten="235,255,265,235" oya="1" hai0="67,126,45,124,75,7,133,29,6,132,103,38,110" hai1="2,97,130,12,116,80,44,134,41,58,94,78,115" hai2="114,49,61,9,66,125,74,40,100,54,88,131,35" hai3="23,85,31,18,22,65,59,104,109,84,19,93,42"/><U39/><E115/><V0/><F35/><W5/><G104/><T48/><D38/><U73/><E116/><V112/><F74/><W89/><G109/><T118/><D118/><U52/><E130/><V105/><F131/><W99/><G42/><T26/><D75/><U122/><E134/><N who="0" m="51817" /><D67/><U25/><E2/><V96/><F40/><W62/><G5/><T98/><D110/><U53/><E122/><V10/><F125/><N who="0" m="48234" /><D48/><U30/><E12/><V86/><F0/><W14/><REACH who="3" step="1"/><G31/><REACH who="3" ten="235,255,265,225" step="2"/><T47/><D7/><U32/><REACH who="1" step="1"/><E58/><REACH who="1" ten="235,245,265,225" step="2"/><V77/><F112/><W70/><G70/><T68/><D68/><U33/><E33/><V63/><F114/><W1/><G1/><T83/><D47/><U79/><E79/><V46/><F77/><W50/><G50/><T13/><D45/><U117/><E117/><V102/><F46/><W16/><G16/><T119/><D119/><U43/><E43/><V8/><F49/><W64/><G64/><T69/><D69/><U111/><E111/><V51/><F66/><W56/><G56/><T60/><D6/><U37/><E37/><V107/><F51/><W90/><G90/><AGARI ba="1,3" hai="25,30,32,39,41,44,52,53,73,78,80,90,94,97" machi="90" ten="30,11600,0" yaku="1,1,7,1,52,1,54,1,53,0" doraHai="95" doraHaiUra="11" who="1" fromWho="3" sc="235,0,245,149,265,0,225,-119" /><INIT seed="1,2,0,1,0,108" ten="235,394,265,106" oya="1" hai0="96,124,24,76,40,100,59,118,81,133,110,123,42" hai1="46,7,75,102,4,90,57,132,105,16,43,116,68" hai2="114,51,82,93,63,20,22,109,60,128,87,64,113" hai3="17,12,35,84,32,21,117,70,15,101,88,49,71"/><U28/><E68/><V1/><F1/><W6/><G117/><T79/><D118/><U34/><E75/><V18/><F109/><W121/><G121/><T26/><D110/><U95/><E132/><V39/><F39/><W126/><G126/><T66/><D133/><U36/><E116/><V112/><F128/><W97/><G71/><T107/><D124/><U85/><E28/><V77/><F51/><W94/><G70/><T78/><D123/><U131/><E34/><V115/><N who="2" m="28672" /><DORA hai="9" /><V37/><F37/><W54/><G12/><T106/><D81/><U25/><E131/><V122/><F122/><W91/><G91/><T125/><D107/><U56/><E105/><V120/><F120/><W111/><G6/><T52/><D66/><U83/><E7/><V47/><F47/><W72/><G72/><T67/><D67/><U30/><E30/><V80/><F64/><W27/><G27/><T86/><D86/><U103/><E4/><V29/><F93/><W50/><G50/><T53/><D125/><U104/><E104/><V73/><F29/><W127/><G127/><T134/><D134/><U119/><E119/><V19/><F18/><W14/><G14/><T44/><D44/><U65/><E46/><V5/><F5/><W74/><G74/><T48/><REACH who="0" step="1"/><D53/><REACH who="0" ten="225,394,265,106" step="2"/><U41/><E65/><V62/><REACH who="2" step="1"/><F19/><REACH who="2" ten="225,394,255,106" step="2"/><W8/><G111/><T135/><D135/><U98/><E16/><V10/><F10/><W92/><REACH who="3" step="1"/><G8/><REACH who="3" ten="225,394,255,96" step="2"/><T89/><D89/><AGARI ba="2,3" hai="20,22,60,62,63,73,77,80,82,87,89" m="28672" machi="89" ten="70,16000,3" yaku="1,1,11,1,52,4,53,3" doraHai="108,9" doraHaiUra="58,13" who="2" fromWho="0" sc="225,-166,394,0,255,196,96,0" /><INIT seed="2,0,0,3,4,129" ten="59,394,451,96" oya="2" hai0="32,34,105,13,79,123,61,111,12,53,135,29,21" hai1="83,75,15,65,108,128,71,72,103,5,93,74,41" hai2="6,42,4,59,62,44,110,10,1,35,113,23,89" hai3="26,37,115,54,56,106,127,57,18,85,95,45,133"/><V28/><F113/><W97/><G115/><T69/><D111/><U102/><E108/><V27/><F110/><W24/><G127/><T33/><D105/><U80/><E41/><V120/><F120/><W48/><G106/><T73/><D123/><U51/><E51/><V17/><F6/><W16/><G85/><T86/><D73/><U91/><E15/><V81/><F81/><N who="1" m="31305" /><E65/><V20/><F89/><W49/><G37/><T52/><D79/><U104/><E71/><V122/><F122/><W117/><G117/><T101/><D101/><N who="1" m="38411" /><E5/><V63/><F17/><N who="3" m="6763" /><G133/><T70/><D86/><N who="1" m="52471" /><E128/><V40/><F40/><N who="3" m="24615" /><G57/><T60/><D34/><U67/><E67/><V126/><F126/><W43/><G43/><T8/><D29/><U58/><E58/><V112/><F112/><W77/><G77/><T87/><D8/><U107/><AGARI ba="0,0" hai="72,74,75,104,107" m="52471,38411,31305" machi="107" ten="40,8000,1" yaku="35,5" doraHai="129" who="1" fromWho="1" sc="59,-20,394,80,451,-40,96,-20" /><INIT seed="3,0,0,0,5,115" ten="39,474,411,76" oya="3" hai0="58,46,59,130,56,5,9,119,105,108,61,135,60" hai1="73,82,47,53,44,31,113,104,66,80,122,6,35" hai2="106,25,14,124,10,24,109,125,48,81,131,33,134" hai3="43,40,8,75,89,68,110,41,1,69,71,16,100"/><W107/><G75/><T86/><D105/><U77/><E113/><V132/><F106/><W87/><G107/><T3/><D108/><U123/><E104/><V85/><F48/><W95/><G110/><T4/><D130/><U93/><E66/><V70/><F70/><W79/><G79/><T7/><D135/><N who="2" m="51754" /><F109/><W55/><G100/><T63/><D86/><U42/><E82/><V13/><F85/><W97/><G87/><T129/><D129/><U28/><E93/><V118/><F81/><W84/><G84/><T94/><D94/><U17/><E53/><V120/><F131/><W21/><G55/><T52/><D119/><U26/><E47/><V29/><F120/><W36/><G36/><T90/><D90/><U91/><E91/><V112/><F112/><W50/><G50/><T51/><REACH who="0" step="1"/><D3/><REACH who="0" ten="29,474,411,76" step="2"/><U103/><E103/><V121/><F121/><W83/><G83/><T78/><D78/><U96/><E123/><V22/><F118/><W62/><G62/><T92/><D92/><U30/><E122/><V64/><F64/><W38/><G38/><T37/><D37/><U18/><E96/><V32/><F14/><W27/><G1/><T12/><AGARI ba="0,1" hai="4,5,7,9,12,46,51,52,56,58,59,60,61,63" machi="12" ten="30,7900,0" yaku="1,1,0,1,8,1,54,1,53,0" doraHai="115" doraHaiUra="20" who="0" fromWho="0" sc="29,89,474,-20,411,-20,76,-39" /><INIT seed="4,0,0,1,5,105" ten="118,454,391,37" oya="0" hai0="11,131,40,9,111,61,123,72,132,130,98,80,41" hai1="57,5,118,92,64,47,51,86,37,33,35,45,25" hai2="13,117,84,82,110,116,27,128,108,7,83,134,21" hai3="69,74,67,52,78,46,18,76,87,39,129,120,107"/><T12/><D123/><U2/><E118/><N who="2" m="45675" /><F134/><W0/><G120/><T3/><D132/><U1/><E37/><V17/><F83/><W8/><G107/><T68/><D111/><N who="2" m="42538" /><F84/><W15/><G129/><N who="0" m="49163" /><D3/><U14/><E2/><V19/><F82/><W65/><G0/><T90/><D98/><U54/><E1/><V95/><F95/><W22/><G87/><N who="0" m="50535" /><D72/><U71/><E86/><V59/><F128/><W62/><G74/><T119/><D119/><U20/><E92/><V58/><F7/><W91/><G91/><T99/><D99/><U4/><E4/><V79/><F79/><W32/><G78/><T77/><D77/><U6/><E6/><V133/><F133/><W94/><G76/><T112/><D112/><U24/><E5/><V81/><F81/><W125/><G94/><T100/><D100/><U60/><E14/><V103/><F103/><W113/><G113/><T36/><D36/><U127/><E25/><V42/><F42/><N who="0" m="16490" /><D12/><U102/><E102/><V93/><F93/><W38/><G38/><T50/><D50/><U23/><E51/><V66/><F66/><AGARI ba="0,0" hai="9,11,61,66,68" m="16490,50535,49163" machi="66" ten="30,1500,0" yaku="19,1" doraHai="105" who="0" fromWho="2" sc="118,15,454,0,391,-15,37,0" /><INIT seed="4,1,0,0,4,41" ten="133,454,376,37" oya="0" hai0="82,49,115,83,3,65,50,79,127,92,24,60,89" hai1="112,87,106,7,80,27,94,118,109,123,18,57,33" hai2="42,34,71,59,81,48,13,69,51,126,43,116,101" hai3="64,125,124,6,25,21,88,46,105,12,77,108,0"/><T44/><D127/><N who="3" m="48713" /><G105/><T14/><D115/><U31/><E118/><V66/><F126/><W113/><G113/><T30/><D3/><U23/><E109/><V120/><F34/><W73/><G108/><T16/><D60/><U78/><E106/><V72/><F101/><W103/><G103/><T84/><D65/><U54/><E123/><V35/><F35/><W133/><G133/><T52/><D50/><N who="2" m="18986" /><F13/><W129/><G64/><T107/><D107/><U122/><E122/><V99/><F81/><N who="3" m="45231" /><G129/><T90/><D90/><U26/><E112/><V117/><F99/><W134/><G134/><T121/><D121/><U70/><E70/><N who="2" m="26635" /><F72/><W98/><G0/><T114/><D114/><U22/><E33/><V63/><F120/><W104/><G104/><T36/><D36/><U100/><E100/><V74/><F74/><W102/><G102/><T68/><D68/><U29/><E94/><V131/><F131/><W45/><G12/><T20/><D79/><U67/><E78/><V10/><F10/><AGARI ba="1,0" hai="10,14,16,20,24,30,44,49,52,82,83,84,89,92" machi="10" ten="30,12000,1" yaku="7,1,8,1,52,1,54,2" doraHai="41" who="0" fromWho="2" sc="133,123,454,0,376,-123,37,0" /><INIT seed="4,2,0,2,5,17" ten="256,454,253,37" oya="0" hai0="29,64,83,28,117,51,39,89,8,115,87,42,119" hai1="69,43,84,121,14,78,130,60,52,53,31,75,1" hai2="66,0,96,19,93,44,125,131,101,61,120,112,23" hai3="18,79,77,105,71,127,15,124,126,67,97,116,40"/><T13/><D39/><U6/><E121/><V62/><F120/><W50/><G116/><T63/><D115/><U73/><E1/><V122/><F122/><W25/><G25/><T3/><D3/><U57/><E69/><V133/><F0/><W90/><G67/><T132/><D132/><U26/><E43/><V12/><F112/><W55/><G40/><T36/><D36/><U7/><E130/><V98/><F131/><W22/><G71/><T54/><D42/><U123/><E75/><V5/><F133/><W99/><G90/><T20/><D119/><U48/><E73/><V72/><F72/><W46/><REACH who="3" step="1"/><G105/><REACH who="3" ten="256,454,253,27" step="2"/><T33/><D117/><U41/><E41/><V65/><F66/><W88/><G88/><T103/><D103/><U111/><E123/><V11/><F65/><W86/><G86/><T109/><D109/><U38/><E84/><V135/><F135/><W47/><G47/><T2/><D64/><U68/><E68/><V32/><F44/><W30/><G30/><T9/><D29/><U110/><E110/><V81/><F101/><W134/><G134/><T91/><D28/><U45/><E111/><V35/><F93/><W56/><G56/><T80/><D91/><U94/><E94/><V27/><F27/><W118/><G118/><T92/><D92/><U4/><E38/><V16/><F81/><W102/><G102/><T85/><D80/><U95/><E95/><V59/><F59/><W114/><G114/><T82/><D83/><U70/><E70/><V10/><F35/><W113/><G113/><T37/><D33/><N who="1" m="20727" /><E57/><V107/><F32/><RYUUKYOKU ba="2,1" sc="256,-10,454,-10,253,-10,27,30" hai3="15,18,22,46,50,55,77,79,97,99,124,126,127" /><INIT seed="5,3,1,2,5,46" ten="246,444,243,57" oya="1" hai0="124,78,34,33,2,13,107,128,87,35,18,129,10" hai1="17,134,125,25,99,32,5,24,76,7,115,54,79" hai2="52,37,88,55,72,106,116,133,92,63,38,113,57" hai3="48,77,97,75,111,19,31,0,131,114,29,11,65"/><U3/><E3/><V59/><F116/><W26/><G111/><T80/><D124/><U90/><E115/><V1/><F106/><W51/><G75/><T104/><REACH who="0" step="1"/><D2/><REACH who="0" ten="236,444,243,57" step="2"/><U122/><E125/><V62/><F1/><W84/><G114/><T56/><D56/><U126/><E126/><V123/><F113/><W132/><G0/><T81/><D81/><U45/><E134/><V118/><F133/><W6/><G132/><T39/><D39/><U66/><E122/><V60/><F123/><W95/><G131/><AGARI ba="3,2" hai="10,13,18,33,34,35,78,80,87,104,107,128,129,131" machi="131" ten="50,3200,0" yaku="1,1,19,1,53,0" doraHai="46" doraHaiUra="23" who="0" fromWho="3" sc="236,61,444,0,243,0,57,-41" /><INIT seed="6,0,0,3,4,134" ten="297,444,243,16" oya="2" hai0="96,2,89,8,47,16,99,5,107,92,43,59,123" hai1="108,68,93,65,23,79,117,25,103,39,52,81,67" hai2="110,102,73,35,19,130,14,7,128,37,1,131,3" hai3="17,55,78,74,26,124,0,88,12,126,53,49,31"/><V122/><F73/><W105/><G0/><N who="2" m="73" /><F37/><W83/><G105/><T51/><D123/><U97/><E108/><V80/><F80/><W24/><G88/><T9/><D59/><U15/><E39/><V38/><F38/><W119/><G119/><T109/><D109/><U95/><E68/><V44/><F110/><W29/><G26/><T69/><D69/><U40/><E40/><V98/><F35/><W70/><G70/><T41/><D107/><U66/><E117/><V32/><F32/><W61/><G61/><T112/><D112/><U114/><E114/><V118/><F118/><W34/><G31/><T132/><D132/><U111/><E111/><V6/><F44/><W135/><G135/><T87/><D43/><U82/><E95/><N who="2" m="58719" /><F122/><W125/><REACH who="3" step="1"/><G49/><REACH who="3" ten="297,444,243,6" step="2"/><T20/><D2/><U115/><E115/><V64/><F64/><W85/><G85/><T13/><D87/><U21/><E65/><V94/><F94/><W90/><G90/><T71/><D71/><U4/><E66/><V106/><F106/><W62/><G62/><T33/><D92/><U22/><E67/><V27/><F27/><W57/><G57/><T133/><D133/><U46/><E25/><V48/><F48/><W84/><G84/><T77/><D51/><U116/><E116/><V121/><F121/><W113/><G113/><T10/><D89/><U28/><E93/><V56/><F56/><W30/><G30/><T129/><D47/><U101/><E46/><V54/><F130/><W75/><G75/><T100/><D129/><U72/><E28/><V91/><F128/><W127/><G127/><RYUUKYOKU ba="0,1" sc="297,-10,444,-10,243,-10,6,30" hai3="12,17,24,29,34,53,55,74,78,83,124,125,126" /><INIT seed="7,1,1,4,0,14" ten="287,434,233,36" oya="3" hai0="57,15,82,124,31,108,115,75,94,54,1,32,16" hai1="72,40,128,133,23,107,112,22,119,8,110,52,90" hai2="73,135,59,21,92,37,3,100,68,77,2,93,64" hai3="48,134,96,76,63,126,97,7,101,104,122,6,17"/><W29/><G122/><T49/><D108/><U43/><E110/><V123/><F37/><W70/><G126/><T28/><D1/><U106/><E72/><V41/><F41/><W88/><G134/><T13/><D124/><U74/><E74/><V30/><F68/><W51/><G76/><T25/><D115/><U38/><E8/><V83/><F135/><W11/><G29/><T56/><D31/><U45/><E133/><V109/><F123/><W39/><G39/><T58/><D94/><U117/><E128/><V111/><F111/><W12/><G96/><T60/><D15/><U121/><E40/><V42/><F42/><W27/><G88/><T9/><D75/><U0/><E0/><V102/><F109/><W131/><G131/><T85/><D60/><U46/><E112/><V24/><F93/><W4/><REACH who="3" step="1"/><G27/><REACH who="3" ten="287,434,233,26" step="2"/><T84/><D85/><U33/><E90/><AGARI ba="1,2" hai="9,13,16,25,28,32,49,54,56,57,58,82,84,90" machi="90" ten="30,3900,0" yaku="7,1,52,1,54,1" doraHai="14" who="0" fromWho="1" sc="287,62,434,-42,233,0,26,0" owari="349,14.9,392,49.2,233,-16.7,26,-47.4" /></mjloggm>