<mjloggm ver="2.3"><GO type="169" lobby="0"/><UN n0="%E9%B3%B4%E8%8C%B6" n1="%E5%8D%97%E5%B8%9D%E5%8D%97%E6%B5%A6" n2="%E6%BB%9D%E6%9C%AC%E3%81%B2%E3%81%B5%E3%81%BF%EF%BC%81" n3="%E7%8A%B6%E6%85%8B%E9%BA%BB%E9%9B%80" dan="16,17,16,17" rate="2157.08,2216.73,2180.06,2221.89" sx="M,M,M,M"/><TAIKYOKU oya="0"/><INIT seed="0,0,0,2,2,6" ten="250,250,250,250" oya="0" hai0="130,24,132,20,73,34,2,33,107,72,135,65,59" hai1="120,52,18,0,99,22,31,121,27,60,32,68,82" hai2="50,117,64,4,102,112,81,75,36,67,54,57,8" hai3="104,45,85,79,119,43,93,9,48,123,116,44,74"/><T131/><D107/><U98/><E82/><V80/><F112/><W56/><G104/><T23/><D65/><U69/><E99/><V7/><F117/><W115/><G115/><T17/><D59/><U92/><E0/><V90/><F36/><W61/><G123/><T108/><D2/><U84/><E84/><V118/><F118/><W11/><G74/><N who="0" m="28779" /><D108/><U26/><E121/><V133/><F133/><N who="0" m="51274" /><D23/><U111/><E111/><V83/><F102/><W125/><G125/><T39/><D39/><U113/><E113/><V89/><F75/><W58/><G119/><T16/><D17/><U105/><E105/><V127/><F127/><W37/><G116/><T13/><D24/><U95/><E95/><V129/><F129/><AGARI ba="0,0" hai="13,16,20,33,34,129,130,131" m="51274,28779" machi="129" ten="40,7700,0" yaku="19,1,20,1,54,1" doraHai="6" who="0" fromWho="2" sc="250,77,250,0,250,-77,250,0" /><INIT seed="0,1,0,4,5,56" ten="327,250,173,250" oya="0" hai0="134,91,106,129,6,22,115,9,103,80,95,51,79" hai1="119,66,127,48,121,116,65,21,47,52,123,7,75" hai2="85,38,5,133,61,90,49,72,87,64,96,122,58" hai3="20,84,74,83,105,53,77,15,46,81,59,27,8"/><T29/><D115/><U125/><E7/><V109/><F122/><N who="1" m="46601" /><E21/><V43/><F109/><W131/><G131/><T111/><D106/><U10/><E10/><V71/><F72/><W30/><G105/><T112/><D103/><U3/><E3/><V0/><F133/><W50/><G46/><T132/><D129/><U93/><E93/><V25/><F96/><W41/><G41/><T35/><D35/><U39/><E39/><V99/><F99/><W2/><G2/><T73/><D112/><U57/><E75/><V70/><F25/><W89/><G74/><T100/><D100/><U16/><E16/><V68/><F38/><W63/><G50/><T17/><D29/><U14/><E14/><V54/><F43/><W24/><G24/><T28/><D28/><U108/><E108/><V92/><REACH who="2" step="1"/><F85/><REACH who="2" ten="327,250,163,250" step="2"/><W42/><G42/><T126/><D111/><U18/><E119/><V44/><F44/><W1/><G1/><T45/><D134/><U37/><E116/><V113/><F113/><W78/><REACH who="3" step="1"/><G81/><REACH who="3" ten="327,250,163,240" step="2"/><T12/><D132/><U55/><E37/><V31/><F31/><W114/><G114/><T128/><D128/><U32/><E32/><V33/><F33/><W62/><G62/><T26/><D45/><U135/><E135/><V67/><F67/><N who="1" m="25609" /><E18/><AGARI ba="1,2" hai="8,15,18,20,27,30,53,59,63,77,78,83,84,89" machi="18" ten="30,7700,0" yaku="1,1,7,1,8,1,52,1,53,0" doraHai="56" doraHaiUra="88" who="3" fromWho="1" sc="327,0,250,-80,163,0,240,100" /><INIT seed="1,0,0,4,5,9" ten="327,170,163,340" oya="1" hai0="65,41,28,135,61,118,40,102,44,32,7,115,110" hai1="48,20,60,23,90,70,88,109,67,99,16,112,69" hai2="75,78,111,52,100,35,128,37,132,134,97,34,0" hai3="19,26,72,125,13,33,64,54,105,42,39,83,3"/><U1/><E112/><V10/><F111/><W55/><G3/><T122/><D115/><U84/><E109/><V22/><F37/><W14/><G105/><T131/><D110/><U129/><E129/><V80/><F128/><W58/><G125/><T49/><D131/><U98/><E1/><V36/><F36/><W25/><G39/><T68/><D118/><U91/><E84/><V71/><F71/><W11/><G42/><T82/><D7/><U93/><E70/><V123/><F123/><W87/><G72/><T127/><D127/><U51/><E23/><V73/><F73/><W18/><G64/><T92/><D122/><U2/><E2/><V114/><F22/><N who="3" m="11599" /><G33/><T107/><D82/><U81/><E81/><V89/><F114/><W50/><G55/><N who="0" m="30119" /><D92/><U104/><E104/><N who="2" m="63503" /><F89/><AGARI ba="0,0" hai="11,14,19,25,26,50,54,58,83,87,89" m="11599" machi="89" ten="30,3900,0" yaku="8,1,52,2" doraHai="9" who="3" fromWho="2" sc="327,0,170,0,163,-39,340,39" /><INIT seed="2,0,0,1,2,2" ten="327,170,124,379" oya="2" hai0="15,36,3,93,51,92,17,41,8,83,96,7,50" hai1="130,30,62,69,46,12,79,118,65,45,32,80,66" hai2="117,56,31,109,134,81,82,43,68,57,5,35,24" hai3="10,4,74,20,26,16,99,33,48,104,47,60,94"/><V100/><F117/><W122/><G122/><T27/><D36/><U105/><E118/><V75/><F68/><W121/><G121/><T78/><D27/><U42/><E130/><V13/><F134/><W11/><G74/><T111/><D111/><U103/><E66/><V125/><F125/><W112/><G104/><T77/><D92/><U85/><E12/><V59/><F109/><W128/><G128/><T38/><D38/><U110/><E110/><V64/><F64/><W53/><G112/><T113/><D113/><U88/><E79/><V116/><F116/><W34/><G60/><T129/><D129/><U91/><E91/><V52/><F43/><W49/><G49/><T19/><D41/><U115/><E42/><V98/><F75/><W73/><G73/><T61/><D61/><U9/><E9/><V87/><F87/><W108/><G11/><T23/><D19/><U71/><E71/><V25/><F25/><W132/><G132/><T89/><REACH who="0" step="1"/><D77/><REACH who="0" ten="317,170,124,379" step="2"/><U54/><E115/><V86/><F86/><AGARI ba="0,1" hai="3,7,8,15,17,23,50,51,78,83,86,89,93,96" machi="86" ten="30,7700,0" yaku="1,1,2,1,7,1,52,1,53,0" doraHai="2" doraHaiUra="58" who="0" fromWho="2" sc="317,87,170,0,124,-77,379,0" /><INIT seed="3,0,0,4,1,109" ten="404,170,47,379" oya="3" hai0="29,65,86,59,82,3,17,19,11,66,98,111,33" hai1="45,31,22,62,25,88,14,64,128,134,69,61,34" hai2="123,23,77,115,129,112,30,36,10,18,47,105,20" hai3="76,74,46,117,135,113,114,26,68,79,87,4,49"/><W78/><G117/><T16/><D111/><U67/><E128/><V83/><F105/><W116/><G116/><T132/><D132/><U42/><E134/><V120/><F129/><W119/><G119/><T57/><D98/><U84/><E14/><N who="2" m="7511" /><F36/><W85/><G135/><T125/><D125/><U40/><E34/><V110/><F47/><W133/><G133/><T51/><D33/><U39/><E45/><V8/><F110/><W92/><G74/><T103/><D103/><U70/><REACH who="1" step="1"/><E39/><REACH who="1" ten="404,160,47,379" step="2"/><V126/><F126/><W100/><G68/><T118/><D118/><U94/><AGARI ba="0,1" hai="22,25,31,40,42,61,62,64,67,69,70,84,88,94" machi="94" ten="20,12000,2" yaku="1,1,2,1,0,1,7,1,9,1,54,1,53,0" doraHai="109" doraHaiUra="127" who="1" fromWho="1" sc="404,-30,160,130,47,-30,379,-60" /><INIT seed="4,0,0,1,4,95" ten="374,290,17,319" oya="0" hai0="127,49,5,108,75,123,28,4,30,124,19,79,69" hai1="116,29,59,42,100,117,131,109,41,34,104,57,25" hai2="105,39,51,89,36,81,7,98,114,78,58,55,63" hai3="60,73,128,133,107,126,48,129,46,26,92,106,125"/><T65/><D123/><U85/><E109/><V80/><F114/><W72/><G60/><N who="0" m="40103" /><D19/><U112/><E112/><V94/><F7/><N who="0" m="2634" /><D49/><U52/><E131/><N who="3" m="50250" /><G26/><T53/><D53/><U13/><E59/><V93/><F105/><N who="3" m="39947" /><G92/><T18/><D18/><U10/><E85/><V27/><F27/><W76/><G133/><T96/><D96/><U97/><E117/><V68/><F93/><W2/><G2/><T101/><D101/><U20/><E34/><V119/><F119/><W14/><G14/><T70/><D70/><U32/><E32/><V84/><REACH who="2" step="1"/><F80/><REACH who="2" ten="374,290,7,319" step="2"/><N who="3" m="45063" /><G73/><T35/><D35/><U6/><REACH who="1" step="1"/><E116/><REACH who="1" ten="374,280,7,319" step="2"/><V99/><F99/><W23/><G23/><T111/><D28/><U12/><E12/><V45/><F45/><W8/><G8/><T22/><D30/><U54/><E54/><AGARI ba="0,2" hai="46,48,54,125,126" m="45063,39947,50250" machi="54" ten="30,1000,0" yaku="19,1" doraHai="95" who="3" fromWho="1" sc="374,0,280,-10,7,0,319,30" /><INIT seed="5,0,0,5,0,102" ten="374,270,7,349" oya="1" hai0="101,55,11,64,78,0,110,3,4,81,133,46,88" hai1="116,44,41,49,91,38,24,33,34,28,80,37,107" hai2="75,7,27,51,16,72,58,39,95,117,97,104,9" hai3="20,128,126,74,119,105,65,2,123,14,129,121,15"/><U48/><E116/><V17/><F39/><W21/><G74/><T53/><D110/><U79/><E34/><V29/><F117/><W76/><G76/><T66/><D133/><U63/><E91/><V115/><F115/><W89/><G119/><T83/><D0/><U106/><E38/><V56/><F72/><W18/><G65/><T25/><D101/><U99/><E99/><V122/><F75/><W31/><G89/><T108/><D108/><U26/><E26/><V134/><F122/><N who="3" m="46603" /><G105/><N who="1" m="39946" /><E49/><V93/><F134/><W42/><G42/><T5/><D25/><U23/><E48/><V40/><F104/><W71/><G71/><T94/><D5/><U36/><E23/><N who="2" m="15615" /><F7/><W120/><G2/><T127/><D46/><N who="1" m="23847" /><E63/><V131/><F131/><N who="3" m="50251" /><G120/><T30/><D55/><U59/><E59/><N who="2" m="22571" /><F9/><N who="3" m="6479" /><G31/><T82/><D53/><U130/><E130/><V35/><F35/><W32/><G32/><T96/><D78/><U90/><E90/><N who="2" m="55479" /><F95/><W118/><G118/><T50/><D50/><U135/><E80/><V85/><F85/><W19/><G21/><T52/><D52/><U67/><E67/><N who="0" m="25641" /><D30/><U98/><E79/><V57/><N who="2" m="22579" /><V62/><DORA hai="13" /><F62/><W114/><G114/><T109/><D109/><U6/><E98/><V8/><F8/><W84/><G84/><T77/><D77/><U124/><E6/><V12/><F12/><W125/><AGARI ba="0,0" hai="15,19,20,125,126" m="6479,50251,46603" machi="125" ten="40,8000,1" yaku="19,1,34,2,52,2" doraHai="102,13" who="3" fromWho="3" sc="374,-20,270,-40,7,-20,349,80" owari="354,15.4,230,-17.0,-13,-51.3,429,52.9" /></mjloggm>