<mjloggm ver="2.3"><GO type="169" lobby="0"/><UN n0="%E2%97%8E%E3%82%88%E3%81%97%E2%97%8E" n1="%E4%B8%9E%E9%A3%9B" n2="%62%69%70%73%64" n3="%E3%81%A6%E3%82%93%E3%81%BD%E3%81%84%E3%82%93%E3%81%A8" dan="17,16,18,18" rate="2184.87,2082.78,2259.03,2192.47" sx="M,F,M,M"/><TAIKYOKU oya="0"/><INIT seed="0,0,0,0,1,73" ten="250,250,250,250" oya="0" hai0="53,90,2,0,83,25,68,69,77,126,40,87,44" hai1="13,82,106,8,103,4,67,115,58,81,132,133,100" hai2="110,121,26,78,104,55,60,125,98,28,48,111,36" hai3="64,6,75,70,38,61,97,62,54,52,66,116,43"/><T122/><D122/><U15/><E115/><V124/><F121/><W51/><G6/><T3/><D126/><N who="2" m="48746" /><F36/><W109/><G75/><T95/><D25/><U96/><E103/><N who="2" m="62583" /><F60/><N who="3" m="40199" /><G97/><T135/><D53/><N who="3" m="20585" /><G116/><T112/><D112/><U41/><E41/><V72/><F72/><W130/><G109/><T89/><D135/><U119/><E119/><V45/><F78/><W76/><G76/><T113/><D113/><U31/><E132/><V22/><AGARI ba="0,0" hai="22,26,28,45,48,55,110,111" m="62583,48746" machi="22" ten="30,1100,0" yaku="18,1" doraHai="73" who="2" fromWho="2" sc="250,-5,250,-3,250,11,250,-3" /><INIT seed="1,0,0,4,0,60" ten="245,247,261,247" oya="1" hai0="124,38,67,116,101,127,112,2,11,12,5,26,106" hai1="31,76,51,61,96,44,118,21,37,4,115,117,32" hai2="78,128,43,82,74,40,25,71,77,75,53,104,100" hai3="90,55,70,58,89,85,18,20,111,41,47,130,81"/><U50/><E32/><V73/><F71/><W23/><G111/><T48/><D112/><U62/><E115/><V103/><F25/><W68/><G130/><T34/><D116/><U72/><E37/><V94/><F53/><W0/><G0/><T99/><D38/><U97/><E4/><V84/><F40/><W24/><G90/><T113/><D113/><U125/><E125/><V86/><F43/><W22/><G70/><T64/><D48/><U57/><E76/><N who="2" m="46151" /><F128/><W114/><G68/><T16/><D26/><U39/><E39/><V131/><F131/><W45/><G114/><T42/><D42/><U29/><E72/><V54/><F54/><W123/><G123/><T9/><REACH who="0" step="1"/><D34/><REACH who="0" ten="235,247,261,247" step="2"/><U33/><E33/><V28/><F28/><W120/><G120/><T93/><D93/><U107/><E29/><V52/><F104/><W1/><G41/><T46/><D46/><N who="3" m="17417" /><G1/><T122/><D122/><U69/><E44/><V109/><F109/><W83/><G83/><T6/><D6/><U14/><E107/><V126/><F94/><W129/><G129/><T8/><D8/><U66/><E31/><V119/><F119/><W121/><G121/><T133/><D133/><U92/><E117/><V27/><F126/><AGARI ba="0,1" hai="2,5,9,11,12,16,64,67,99,101,106,124,126,127" machi="126" ten="40,12000,2" yaku="1,1,18,1,52,2,54,1,53,1" doraHai="60" doraHaiUra="3" who="0" fromWho="2" sc="235,130,247,0,261,-120,247,0" /><INIT seed="2,0,0,3,2,119" ten="365,247,141,247" oya="2" hai0="72,114,102,86,89,95,44,82,111,134,93,98,68" hai1="78,123,73,101,88,21,106,50,71,104,121,109,43" hai2="135,84,105,122,59,91,53,67,96,54,75,64,35" hai3="117,62,107,18,118,7,13,129,5,33,94,30,20"/><V26/><F75/><W76/><G107/><N who="0" m="63959" /><D68/><U40/><E71/><V132/><F105/><N who="1" m="40553" /><E101/><V97/><F35/><W48/><G76/><N who="0" m="44295" /><D44/><U29/><E109/><V49/><F122/><N who="1" m="46601" /><E88/><V23/><F135/><W69/><G69/><T55/><D134/><U11/><E11/><V90/><F132/><W128/><G118/><T14/><D111/><U19/><E29/><V34/><F34/><W27/><G30/><T115/><D115/><U120/><N who="1" m="46609" /><U38/><DORA hai="8" /><E38/><V31/><F91/><W80/><G33/><T1/><D114/><U56/><E78/><V103/><F103/><W0/><G117/><T22/><D95/><U124/><E73/><V65/><REACH who="2" step="1"/><F54/><REACH who="2" ten="365,247,131,247" step="2"/><W126/><G129/><T24/><D55/><N who="1" m="31863" /><E124/><V32/><F32/><W63/><G126/><T83/><D89/><U52/><E52/><V51/><F51/><W60/><G48/><T116/><D116/><U47/><E47/><V77/><F77/><W16/><G128/><T85/><D93/><AGARI ba="0,1" hai="23,26,31,49,53,59,64,65,67,84,90,93,96,97" machi="93" ten="40,3900,0" yaku="1,1,8,1,53,0" doraHai="119,8" doraHaiUra="37,74" who="2" fromWho="0" sc="365,-39,247,0,131,49,247,0" /><INIT seed="2,1,0,2,2,120" ten="326,247,180,247" oya="2" hai0="14,61,1,28,60,83,118,93,107,56,115,47,87" hai1="105,11,65,111,79,38,110,96,4,55,52,88,78" hai2="99,26,70,17,2,59,68,135,77,16,125,45,69" hai3="50,20,64,40,43,108,132,27,134,129,29,32,85"/><V95/><F2/><W10/><G129/><T36/><D107/><U84/><E38/><V39/><F135/><N who="3" m="51755" /><G64/><T102/><D1/><U44/><E65/><V71/><N who="2" m="17408" /><DORA hai="104" /><V31/><F125/><W46/><G10/><T130/><D115/><U24/><E24/><V133/><F133/><W57/><G57/><T122/><D122/><U98/><E105/><V121/><F121/><W116/><G108/><N who="1" m="41514" /><E44/><V126/><F77/><N who="1" m="29193" /><E98/><V7/><F126/><W75/><G46/><T76/><D47/><U80/><E96/><V49/><F59/><W30/><G27/><T23/><D36/><U53/><E53/><V9/><F39/><W117/><G40/><T0/><D0/><AGARI ba="1,0" hai="0,4,11,52,55,80,84,88" m="29193,41514" machi="0" ten="30,12000,2" yaku="14,1,52,3,54,2" doraHai="120,104" who="1" fromWho="0" sc="326,-123,247,123,180,0,247,0" /><INIT seed="3,0,0,5,2,96" ten="203,370,180,247" oya="3" hai0="21,45,55,111,87,73,88,123,24,10,7,89,40" hai1="119,86,64,107,41,131,112,106,118,3,42,116,124" hai2="82,29,39,129,9,92,75,97,91,114,17,0,4" hai3="35,100,133,67,126,14,108,130,6,56,36,127,134"/><W74/><G74/><T101/><D73/><U37/><E64/><V128/><F114/><W68/><G35/><T132/><D123/><U1/><E112/><V28/><F17/><W48/><G6/><T117/><D117/><U61/><E61/><V102/><F39/><W63/><G14/><T66/><D66/><U33/><E124/><N who="3" m="47658" /><G100/><T78/><D132/><N who="3" m="50793" /><G36/><T59/><D111/><U69/><E33/><V135/><F135/><W51/><G108/><T110/><D110/><U120/><E37/><V90/><F75/><W57/><G130/><N who="2" m="50281" /><F82/><W125/><N who="3" m="47666" /><W31/><DORA hai="47" /><G31/><AGARI ba="0,0" hai="0,4,9,28,29,31,90,91,92,97,102" m="50281" machi="31" ten="30,2000,0" yaku="19,1,52,1" doraHai="96,47" who="2" fromWho="3" sc="203,0,370,0,180,20,247,-20" /><INIT seed="4,0,0,5,0,117" ten="203,370,200,227" oya="0" hai0="60,75,82,78,8,129,14,91,121,113,24,1,54" hai1="103,127,72,108,36,88,92,48,80,61,35,126,89" hai2="53,99,11,85,50,68,28,29,100,97,134,55,86" hai3="46,40,110,73,102,69,23,9,26,66,74,70,65"/><T64/><D113/><U19/><E36/><V62/><F134/><W52/><G110/><T98/><D129/><U31/><E108/><V7/><F28/><W81/><G102/><T93/><D1/><U0/><E0/><V42/><F29/><W71/><G9/><T58/><D24/><U15/><E48/><V94/><F42/><W39/><G52/><T77/><D77/><U132/><E132/><V90/><F68/><W118/><G118/><T120/><REACH who="0" step="1"/><D54/><REACH who="0" ten="193,370,200,227" step="2"/><U114/><E114/><V115/><F115/><W123/><G123/><T119/><D119/><U130/><E130/><V34/><F53/><W95/><G26/><T79/><D79/><U38/><E35/><V17/><F34/><W37/><G74/><T67/><D67/><U112/><E72/><V105/><F62/><W21/><G73/><T83/><D83/><U12/><E80/><V20/><F55/><W30/><G81/><T76/><D76/><U2/><E2/><V124/><F50/><W27/><G37/><T16/><AGARI ba="0,1" hai="8,14,16,58,60,64,75,78,82,91,93,98,120,121" machi="16" ten="20,18000,2" yaku="1,1,0,1,7,1,52,2,54,1,53,0" doraHai="117" doraHaiUra="111" who="0" fromWho="0" sc="193,190,370,-60,200,-60,227,-60" /><INIT seed="4,1,0,1,3,135" ten="383,310,140,167" oya="0" hai0="26,50,127,64,23,128,24,67,2,75,35,102,8" hai1="7,51,89,58,70,65,91,77,115,14,29,60,36" hai2="11,15,39,133,99,112,47,37,3,9,87,46,86" hai3="101,25,80,68,49,30,40,13,134,81,83,19,0"/><T85/><D75/><U54/><E36/><V17/><F133/><W10/><G134/><T63/><D67/><U34/><E77/><V132/><F132/><W61/><G101/><T5/><D128/><U93/><E115/><V107/><F112/><W98/><G98/><T131/><D131/><U100/><E34/><V111/><F111/><W71/><G61/><T125/><D35/><U79/><E79/><V16/><F99/><W113/><G113/><T109/><D109/><U52/><E29/><V31/><F31/><W45/><REACH who="3" step="1"/><G0/><REACH who="3" ten="383,310,140,157" step="2"/><T32/><D102/><U55/><E100/><V53/><F3/><W18/><G18/><T105/><D105/><U130/><E130/><V59/><F107/><W84/><G84/><T48/><D85/><N who="2" m="32266" /><F39/><W74/><G74/><T4/><D4/><U94/><E7/><N who="2" m="3519" /><F37/><W6/><G6/><T124/><D32/><AGARI ba="1,1" hai="10,13,19,25,30,32,40,45,49,68,71,80,81,83" machi="32" ten="40,1300,0" yaku="1,1,53,0" doraHai="135" doraHaiUra="110" who="3" fromWho="0" sc="383,-16,310,0,140,0,157,26" /><INIT seed="5,0,0,3,0,40" ten="367,310,140,183" oya="1" hai0="72,31,65,130,126,74,81,108,123,98,1,15,46" hai1="57,80,77,105,94,75,64,35,107,12,29,59,23" hai2="0,101,49,14,37,50,97,25,54,8,89,129,103" hai3="117,111,86,17,121,90,116,104,133,19,7,79,63"/><U53/><E35/><V48/><F0/><W5/><G111/><T22/><D1/><U119/><E119/><N who="3" m="45642" /><G121/><T34/><D108/><U24/><E64/><V70/><F37/><W60/><G104/><T26/><D65/><U127/><E127/><V100/><F70/><W21/><G79/><T118/><D123/><U114/><E114/><V96/><F129/><W30/><G30/><T52/><D130/><U33/><E59/><V78/><F78/><W9/><G133/><T69/><D69/><U109/><E109/><V67/><F67/><W120/><G17/><T134/><D126/><U113/><E113/><V83/><F25/><N who="3" m="14527" /><G120/><T61/><D31/><U102/><E33/><V18/><REACH who="2" step="1"/><F54/><REACH who="2" ten="367,310,130,183" step="2"/><W6/><G9/><T85/><D118/><U4/><E53/><V16/><F16/><W82/><AGARI ba="0,1" hai="5,6,7,60,63,82,86,90" m="14527,45642" machi="82" ten="30,1100,0" yaku="12,1" doraHai="40" who="3" fromWho="3" sc="367,-3,310,-5,130,-3,183,21" /><INIT seed="6,0,0,0,2,89" ten="364,305,127,204" oya="2" hai0="17,41,119,79,59,127,40,22,81,30,98,123,99" hai1="104,21,68,115,10,43,49,42,62,4,13,93,25" hai2="45,46,114,15,66,3,69,19,131,128,38,82,24" hai3="67,32,35,61,86,11,0,100,70,52,96,124,94"/><V118/><F118/><W97/><G124/><T1/><D1/><U5/><E104/><V51/><F3/><W72/><G72/><T50/><D123/><U37/><E37/><V26/><F114/><W23/><G86/><N who="0" m="48447" /><D30/><U58/><E115/><V117/><F117/><W6/><G23/><T47/><D127/><U101/><E68/><V34/><F38/><W78/><G78/><T83/><D83/><U31/><E5/><V48/><F82/><W76/><G76/><T92/><D59/><U90/><E49/><V36/><F36/><W102/><REACH who="3" step="1"/><G52/><REACH who="3" ten="364,305,127,194" step="2"/><N who="0" m="29791" /><D119/><U28/><E28/><V14/><F34/><W71/><G71/><T122/><D122/><U80/><E80/><V9/><F69/><W103/><G103/><N who="0" m="60871" /><D99/><N who="1" m="59631" /><E90/><V109/><F46/><W129/><G129/><T91/><D91/><U64/><AGARI ba="0,1" hai="4,10,13,21,25,31,42,43,58,62,64" m="59631" machi="64" ten="30,4000,0" yaku="25,1,8,1,52,1" doraHai="89" who="1" fromWho="1" sc="364,-10,305,50,127,-20,194,-10" /><INIT seed="7,0,0,2,2,11" ten="354,355,107,184" oya="3" hai0="2,80,113,108,21,18,44,135,129,96,81,27,63" hai1="104,19,100,101,50,122,28,88,22,110,115,99,85" hai2="127,36,0,98,123,59,105,4,74,9,13,130,75" hai3="77,16,109,49,95,33,26,23,90,65,107,103,42"/><W112/><G112/><T126/><D108/><U25/><E110/><V1/><F130/><W76/><G109/><T94/><D2/><U10/><E115/><V87/><F127/><W70/><G33/><T117/><D117/><U35/><E122/><V118/><F118/><W43/><G107/><T111/><D111/><U92/><E100/><V31/><F123/><W72/><G103/><N who="0" m="60823" /><D113/><U34/><E10/><V38/><F31/><W3/><G3/><N who="2" m="1097" /><F87/><W125/><G42/><T121/><D135/><U60/><E28/><V53/><F59/><W116/><G23/><T64/><D121/><U131/><E131/><V7/><F53/><W82/><G26/><T119/><D119/><U68/><E50/><V46/><F46/><W97/><G77/><T134/><D134/><U91/><E91/><V71/><F98/><W54/><G97/><T66/><D126/><U15/><E25/><V78/><F78/><W120/><G49/><T51/><D129/><U93/><E104/><V30/><F30/><W47/><G54/><N who="0" m="30055" /><D63/><U57/><E68/><V128/><F128/><W132/><G76/><T40/><D40/><U48/><E48/><V102/><F71/><W14/><G70/><T55/><D55/><AGARI ba="0,0" hai="15,19,22,34,35,55,57,60,85,88,92,93,99,101" machi="55" ten="30,3900,0" yaku="7,1,52,1,54,1" doraHai="11" who="1" fromWho="0" sc="354,-39,355,39,107,0,184,0" owari="315,11.5,394,49.4,107,-39.3,184,-21.6" /></mjloggm>