<mjloggm ver="2.3"><GO type="169" lobby="0"/><UN n0="%E9%B3%B4%E8%8C%B6" n1="%E5%9B%9B%E5%AE%AE%E7%B4%85%E8%BC%9D" n2="%E3%81%AB%E3%81%97%E3%81%8B%E3%81%9F" n3="%43%55%4B%45%59" dan="16,18,16,16" rate="2158.43,2207.99,2113.20,2090.97" sx="M,F,M,M"/><TAIKYOKU oya="0"/><INIT seed="0,0,0,2,0,89" ten="250,250,250,250" oya="0" hai0="105,69,87,75,7,88,60,80,121,0,71,79,133" hai1="82,56,92,45,124,40,100,28,66,132,73,85,25" hai2="53,39,110,58,3,35,27,67,9,10,36,12,130" hai3="70,23,2,68,47,30,78,101,95,65,62,38,97"/><T8/><D121/><U74/><E124/><V72/><F72/><W81/><G2/><T84/><D133/><U43/><E132/><V128/><F110/><W76/><G70/><T16/><D105/><U59/><E73/><V22/><F35/><W34/><G34/><T48/><D75/><U122/><E74/><V104/><F104/><W42/><G81/><T77/><D48/><U123/><E123/><V127/><F127/><W18/><REACH who="3" step="1"/><G30/><REACH who="3" ten="250,250,250,240" step="2"/><T115/><D115/><U98/><E122/><V54/><F3/><W13/><AGARI ba="0,1" hai="13,18,23,38,42,47,62,65,68,76,78,95,97,101" machi="13" ten="20,8000,1" yaku="1,1,2,1,0,1,7,1,52,1,53,0" doraHai="89" doraHaiUra="31" who="3" fromWho="3" sc="250,-40,250,-20,250,-20,240,90" /><INIT seed="1,0,0,0,1,28" ten="210,230,230,330" oya="1" hai0="118,74,21,101,59,71,45,90,65,32,53,120,14" hai1="52,80,105,87,25,79,31,13,89,27,127,4,44" hai2="110,60,117,24,72,16,124,82,37,2,5,0,81" hai3="17,55,77,3,11,15,130,54,61,76,62,9,123"/><U48/><E127/><V116/><F124/><W78/><G123/><T68/><D118/><U39/><E105/><V41/><F110/><W133/><G133/><T111/><D111/><U93/><E39/><V126/><F126/><W63/><G130/><T112/><D112/><U97/><REACH who="1" step="1"/><E31/><REACH who="1" ten="210,220,230,330" step="2"/><V38/><F38/><W91/><G3/><T94/><D120/><U114/><E114/><V49/><F37/><W34/><G34/><T40/><D32/><U19/><E19/><V64/><F16/><W66/><G66/><T132/><D65/><U107/><E107/><V56/><F64/><W33/><G33/><T119/><D119/><U7/><E7/><V20/><F5/><W10/><G17/><T26/><D132/><U109/><E109/><V113/><F117/><W75/><G75/><T125/><D74/><U70/><E70/><V12/><F72/><W115/><G115/><T46/><D125/><U50/><E50/><V100/><F49/><W83/><G15/><T95/><D14/><U22/><E22/><V36/><F20/><W129/><G129/><T92/><D71/><U102/><E102/><V73/><F100/><W128/><G128/><T42/><D68/><U67/><E67/><V1/><F12/><W57/><G57/><T18/><D101/><U103/><E103/><V134/><F56/><W104/><G104/><T108/><D108/><U135/><E135/><V35/><F134/><W121/><G121/><T131/><D131/><U6/><E6/><V86/><F116/><W8/><N who="3" m="2048" /><DORA hai="58" /><W69/><G69/><T99/><D59/><U85/><E85/><AGARI ba="0,1" hai="54,55,61,62,63,76,77,78,83,85,91" m="2048" machi="85" ten="60,12000,2" yaku="6,1,29,2,8,1,52,3" doraHai="28,58" who="3" fromWho="1" sc="210,0,220,-120,230,0,330,130" /><INIT seed="2,0,0,3,2,134" ten="210,100,230,460" oya="2" hai0="108,93,63,76,58,52,96,135,116,71,70,68,44" hai1="132,67,9,121,53,47,113,66,110,59,54,94,51" hai2="131,15,64,49,38,0,29,87,7,26,18,101,6" hai3="65,78,35,3,31,50,46,16,88,57,73,89,36"/><V41/><F38/><W80/><G3/><T109/><D135/><U127/><E132/><V103/><F64/><W114/><G114/><T115/><D115/><U74/><E74/><V21/><F131/><W42/><G35/><T69/><D76/><U125/><E113/><V118/><F118/><W10/><G31/><T106/><D106/><U56/><E110/><N who="0" m="42601" /><D116/><U92/><E9/><V105/><F105/><W75/><G75/><T85/><D85/><U11/><E11/><V100/><F87/><W95/><G95/><T14/><D14/><U8/><E8/><V22/><REACH who="2" step="1"/><F0/><REACH who="2" ten="210,100,220,460" step="2"/><W34/><G65/><N who="1" m="24586" /><E121/><V117/><F117/><W39/><G39/><T19/><D71/><U99/><E94/><V55/><F55/><N who="1" m="21001" /><E92/><V124/><F124/><N who="1" m="47689" /><E99/><V82/><F82/><W81/><G80/><T129/><D70/><U111/><E111/><V128/><F128/><W62/><G81/><T40/><D129/><U33/><E33/><V112/><F112/><W61/><G34/><T60/><D69/><U23/><E23/><V1/><F1/><W83/><G83/><T24/><D68/><U126/><N who="1" m="47697" /><U133/><DORA hai="45" /><E133/><V98/><F98/><W5/><G73/><T84/><D93/><U102/><E102/><V79/><F79/><W13/><G78/><T123/><D96/><U12/><E12/><V2/><F2/><W107/><G107/><T97/><D97/><U120/><E120/><V20/><F20/><W104/><G104/><T43/><D123/><U122/><E122/><V37/><F37/><W77/><G77/><T25/><D84/><U17/><E17/><RYUUKYOKU ba="0,1" sc="210,-15,100,15,220,15,460,-15" hai1="47,51,56,59" hai2="6,7,15,18,21,22,26,29,41,49,100,101,103" /><INIT seed="2,1,1,1,1,22" ten="195,115,235,445" oya="2" hai0="61,69,110,119,123,124,9,78,96,72,115,111,101" hai1="63,51,86,80,13,15,131,29,83,106,67,89,113" hai2="45,118,58,36,130,121,50,4,62,27,40,93,11" hai3="81,128,74,56,21,64,75,52,84,47,23,59,114"/><V0/><F121/><W20/><G114/><T17/><D123/><U100/><E113/><V28/><F118/><W103/><G128/><T2/><D115/><U77/><E131/><V12/><F130/><W129/><G129/><T117/><D124/><U70/><E51/><V109/><F109/><N who="0" m="41482" /><D78/><U33/><E100/><V108/><F108/><W95/><G74/><T104/><D72/><U65/><E65/><V132/><F132/><W79/><G64/><N who="0" m="41103" /><D17/><U92/><E106/><V71/><F71/><W16/><G59/><T116/><D9/><U91/><E83/><V60/><F93/><W3/><G47/><T133/><D2/><U87/><REACH who="1" step="1"/><E77/><REACH who="1" ten="195,105,235,445" step="2"/><V125/><F125/><W44/><G103/><T24/><D24/><AGARI ba="1,2" hai="13,15,24,29,33,63,67,70,80,86,87,89,91,92" machi="24" ten="40,5200,0" yaku="1,1,2,1,52,1,53,0" doraHai="22" doraHaiUra="105" who="1" fromWho="0" sc="195,-55,105,75,235,0,445,0" /><INIT seed="3,0,0,0,3,47" ten="140,180,235,445" oya="3" hai0="109,113,11,127,60,106,52,105,117,93,71,26,124" hai1="74,89,35,9,96,92,73,112,5,54,132,1,4" hai2="7,2,46,48,19,75,83,17,97,63,134,13,95" hai3="49,32,15,20,28,80,98,62,31,100,108,78,72"/><W0/><G0/><T12/><D117/><U45/><E112/><V57/><F134/><W82/><G32/><T125/><D113/><U107/><E132/><V16/><F2/><W30/><G62/><T37/><D37/><U116/><E116/><V91/><F75/><W123/><G123/><T59/><D109/><U53/><E35/><V58/><F83/><W119/><G119/><T43/><D71/><U70/><E70/><V102/><F102/><W33/><G82/><T88/><D43/><U128/><E128/><V51/><F46/><W23/><G33/><T25/><D106/><U94/><E107/><V68/><F68/><W81/><G81/><T131/><D105/><U24/><E4/><V115/><F115/><W69/><G69/><T55/><D55/><U99/><E24/><V130/><F130/><W129/><G129/><T22/><D22/><U41/><E74/><V61/><F7/><W110/><G15/><T18/><REACH who="0" step="1"/><D131/><REACH who="0" ten="130,180,235,445" step="2"/><U103/><REACH who="1" step="1"/><E73/><REACH who="1" ten="130,170,235,445" step="2"/><V27/><F27/><W50/><G72/><T111/><D111/><U118/><E118/><V126/><F126/><W90/><G110/><T84/><AGARI ba="0,2" hai="11,12,18,25,26,52,59,60,84,88,93,124,125,127" machi="84" ten="30,16000,3" yaku="1,1,0,1,18,1,54,2,53,3" doraHai="47" doraHaiUra="135" who="0" fromWho="0" sc="130,180,170,-40,235,-40,445,-80" /><INIT seed="4,0,0,5,1,60" ten="310,130,195,365" oya="0" hai0="54,23,108,127,64,46,105,13,9,129,25,8,95" hai1="135,87,119,61,74,120,89,126,15,121,113,70,12" hai2="20,93,91,84,6,82,107,124,100,7,76,122,111" hai3="52,48,106,55,44,33,112,71,32,72,49,56,99"/><T31/><D105/><U65/><E119/><V79/><F122/><W132/><G132/><T110/><D129/><U114/><E74/><V115/><F111/><N who="0" m="42538" /><D127/><U97/><E97/><V90/><F124/><W51/><G112/><N who="1" m="43114" /><E126/><V47/><F115/><W98/><G71/><T66/><D95/><N who="1" m="54719" /><E135/><V123/><F123/><AGARI ba="0,0" hai="12,15,61,65,70,120,121,123" m="54719,43114" machi="123" ten="30,3900,0" yaku="15,1,11,1,52,1" doraHai="60" who="1" fromWho="2" sc="310,0,130,39,195,-39,365,0" /><INIT seed="5,0,0,4,0,116" ten="310,169,156,365" oya="1" hai0="114,123,79,71,87,20,33,78,15,76,86,107,49" hai1="36,1,40,37,98,94,14,93,130,4,39,35,105" hai2="18,104,126,25,46,68,21,47,96,131,22,74,91" hai3="23,92,59,10,31,115,27,9,65,69,129,135,2"/><U60/><E130/><V43/><F68/><W97/><G115/><T51/><D33/><U101/><E35/><V52/><F74/><W85/><G135/><T83/><D71/><U53/><E1/><V119/><F119/><W113/><G113/><T117/><D114/><U88/><E40/><V102/><F131/><W128/><G69/><T19/><D107/><U5/><E105/><V57/><F126/><W42/><G42/><T103/><D117/><U95/><E95/><V66/><F66/><W24/><G85/><N who="0" m="32267" /><D123/><U38/><N who="1" m="9216" /><DORA hai="90" /><U55/><E60/><V30/><F91/><W109/><G109/><T106/><D106/><U70/><E70/><V48/><REACH who="2" step="1"/><F43/><REACH who="2" ten="310,169,146,365" step="2"/><W120/><G128/><T61/><D103/><U45/><E53/><V77/><F77/><W121/><G129/><T54/><D83/><U80/><E80/><V82/><F82/><W133/><G65/><T34/><D34/><U89/><E89/><V118/><F118/><W29/><G121/><T112/><D112/><U17/><E55/><V124/><F124/><W12/><G120/><T56/><AGARI ba="0,1" hai="15,19,20,49,51,54,56,61,76,78,79" m="32267" machi="56" ten="30,1100,0" yaku="8,1" doraHai="116,90" who="0" fromWho="0" sc="310,21,169,-5,146,-3,365,-3" /><INIT seed="6,0,0,0,1,8" ten="331,164,143,362" oya="2" hai0="63,28,133,2,50,82,30,94,128,1,135,86,36" hai1="120,103,75,11,5,116,112,19,33,97,122,109,21" hai2="49,52,29,48,105,118,119,44,72,98,10,126,55" hai3="14,111,104,39,60,25,22,95,76,91,27,92,53"/><V42/><F126/><W134/><G104/><T130/><D36/><U78/><E33/><V51/><F72/><W45/><G134/><N who="0" m="51211" /><D94/><N who="3" m="35881" /><G39/><T13/><D50/><U113/><E109/><V81/><F81/><W32/><G32/><T69/><D63/><U6/><E116/><V31/><F119/><W131/><G111/><T99/><D99/><U83/><E97/><V65/><F118/><W127/><G76/><N who="0" m="46407" /><D13/><N who="1" m="9455" /><E103/><V26/><F65/><W124/><G131/><N who="0" m="50219" /><D69/><U68/><E68/><V7/><F98/><W54/><G60/><T87/><D87/><U108/><E6/><V88/><F105/><W77/><G77/><T38/><D38/><U115/><E108/><V43/><F88/><W100/><G91/><T3/><AGARI ba="0,0" hai="1,2,3,28,30" m="50219,46407,51211" machi="3" ten="40,2700,0" yaku="20,1,19,1" doraHai="8" who="0" fromWho="0" sc="331,27,164,-7,143,-13,362,-7" /><INIT seed="7,0,0,2,2,42" ten="358,157,130,355" oya="3" hai0="107,31,58,6,98,103,104,134,13,4,87,55,0" hai1="18,29,23,113,68,85,7,71,22,62,10,129,122" hai2="126,80,41,51,111,28,49,92,97,19,89,117,12" hai3="105,46,72,24,86,115,16,34,33,57,108,96,114"/><W9/><G72/><T112/><D0/><U27/><E122/><V15/><F117/><W39/><G108/><T100/><D134/><U88/><E113/><N who="3" m="43018" /><G86/><T38/><D38/><U45/><E45/><V125/><F111/><W8/><G57/><T91/><D112/><U118/><E62/><V128/><F128/><W93/><G105/><T83/><D31/><U65/><E65/><V67/><F67/><W37/><G46/><T44/><D44/><U52/><E118/><V11/><F41/><W75/><G75/><T30/><D30/><U32/><E52/><V3/><F3/><W127/><G127/><T130/><D130/><U5/><E129/><V40/><F40/><W132/><G132/><T82/><D83/><U135/><E135/><V1/><F1/><W70/><G70/><T81/><D82/><U131/><E131/><V73/><F28/><N who="3" m="19591" /><G34/><T26/><D107/><U99/><E85/><V60/><F60/><W110/><G110/><T101/><D98/><U50/><E68/><V74/><F15/><N who="3" m="7271" /><G9/><T48/><D104/><U53/><E71/><V119/><F119/><W90/><AGARI ba="0,0" hai="37,39,90,93,96" m="7271,19591,43018" machi="90" ten="30,3000,0" yaku="15,1,54,1" doraHai="42" who="3" fromWho="3" sc="358,-10,157,-10,130,-10,355,30" owari="348,14.8,147,-25.3,120,-38.0,385,48.5" /></mjloggm>