<mjloggm ver="2.3"><GO type="169" lobby="0"/><UN n0="%E3%83%97%E3%83%AC%E3%82%B9%E3%83%97" n1="%5B%5B%79%75%79%75%5D%5D" n2="%E3%81%82%E3%81%BE%E3%81%82%E3%82%93" n3="%E3%81%AE%E3%81%AF%E3%81%A3%E3%81%A1" dan="16,16,16,17" rate="2195.01,2145.40,2078.35,2207.50" sx="M,M,M,M"/><TAIKYOKU oya="0"/><INIT seed="0,0,0,4,2,75" ten="250,250,250,250" oya="0" hai0="105,25,27,78,68,90,132,102,8,89,44,41,57" hai1="36,67,103,117,12,46,82,42,101,108,34,6,127" hai2="98,106,116,65,47,104,79,58,130,63,111,87,2" hai3="5,112,96,93,24,64,95,35,92,13,1,15,59"/><T81/><D68/><U56/><E117/><V113/><F113/><W43/><G112/><T29/><D132/><U88/><E127/><V114/><F114/><W70/><G70/><T118/><D118/><U120/><E34/><V126/><F116/><W22/><G1/><T125/><D125/><U85/><E108/><V110/><F2/><W80/><G35/><T28/><D57/><U72/><E120/><V30/><F126/><W62/><G43/><T100/><D8/><U115/><E115/><V84/><F130/><W54/><G5/><T71/><D71/><U128/><E128/><V66/><F47/><W20/><G54/><T129/><D129/><U37/><E37/><V51/><F51/><W14/><G80/><T123/><D123/><U91/><E91/><V119/><F119/><W69/><G69/><T7/><D7/><U45/><E45/><V21/><F66/><W18/><REACH who="3" step="1"/><G20/><REACH who="3" ten="250,250,250,240" step="2"/><T10/><D81/><U107/><E67/><V122/><F122/><W124/><G124/><T134/><D41/><U77/><E6/><V55/><F65/><W74/><G74/><T38/><D38/><U16/><E56/><V19/><F58/><W86/><G86/><T50/><D44/><U4/><E4/><V11/><F84/><W133/><G133/><T39/><D39/><U109/><E109/><V94/><F110/><W97/><AGARI ba="0,1" hai="13,14,15,18,22,24,59,62,64,92,93,95,96,97" machi="97" ten="40,5200,0" yaku="1,1,0,1,8,1,53,0" doraHai="75" doraHaiUra="48" who="3" fromWho="3" sc="250,-26,250,-13,250,-13,240,62" /><INIT seed="1,0,0,2,3,125" ten="224,237,237,302" oya="1" hai0="54,72,70,134,93,11,51,96,124,74,4,21,73" hai1="115,59,104,22,111,40,42,83,5,78,16,71,110" hai2="88,62,67,1,18,30,121,56,47,46,131,17,27" hai3="113,76,24,8,44,97,36,38,105,91,19,12,10"/><U29/><E71/><V87/><F121/><W95/><G113/><T43/><D124/><U123/><E104/><V80/><F1/><W89/><G105/><T92/><D70/><U35/><E123/><V108/><F108/><N who="1" m="41513" /><E115/><V135/><F135/><W99/><G76/><T52/><D134/><U14/><E5/><V116/><F116/><W100/><G24/><T82/><D21/><U26/><E59/><V81/><F131/><W39/><G100/><T69/><D69/><U57/><E57/><V122/><F122/><W15/><G44/><T90/><D43/><U2/><E2/><V117/><F117/><W129/><G129/><T20/><D20/><U103/><E103/><V3/><F3/><W107/><G107/><T9/><D4/><U48/><E48/><V112/><F112/><W25/><G25/><T75/><D51/><U102/><E102/><V53/><F47/><W128/><G128/><T37/><D37/><U118/><E118/><V132/><F132/><W33/><G33/><T133/><D133/><U13/><E13/><V86/><F46/><W98/><REACH who="3" step="1"/><G95/><REACH who="3" ten="224,237,237,292" step="2"/><T127/><D92/><U68/><E68/><V66/><F27/><W63/><G63/><T64/><D93/><U58/><E58/><V94/><F94/><W50/><G50/><T34/><D127/><U7/><E7/><AGARI ba="0,1" hai="7,8,10,12,15,19,36,38,39,89,91,97,98,99" machi="7" ten="50,1600,0" yaku="1,1,53,0" doraHai="125" doraHaiUra="114" who="3" fromWho="1" sc="224,0,237,-16,237,0,292,26" /><INIT seed="2,0,0,2,2,47" ten="224,221,237,318" oya="2" hai0="49,89,114,124,101,112,60,78,107,72,23,91,30" hai1="17,1,20,117,75,70,116,11,108,96,44,83,51" hai2="27,77,66,13,86,94,22,90,109,21,10,15,9" hai3="81,8,53,58,0,134,12,7,36,43,50,41,69"/><V119/><F119/><W4/><G134/><T133/><D133/><U37/><E70/><V5/><F109/><W130/><G130/><T25/><D124/><U40/><E108/><V2/><F66/><W46/><G41/><T65/><D72/><U104/><E20/><V113/><F113/><W102/><G102/><T110/><D78/><U24/><E24/><V100/><F100/><W38/><G69/><T59/><D110/><U76/><E17/><V121/><F121/><W85/><G4/><T120/><D120/><U126/><E126/><V63/><F63/><W19/><G19/><T122/><D122/><U115/><E115/><V74/><F2/><W48/><REACH who="3" step="1"/><G0/><REACH who="3" ten="224,221,237,308" step="2"/><T31/><D101/><U68/><E68/><V125/><F125/><W93/><G93/><T131/><D131/><U73/><E116/><V32/><F5/><W34/><G34/><T55/><D107/><U111/><E117/><V99/><F32/><W132/><G132/><T52/><D112/><U56/><E111/><V80/><F27/><W128/><G128/><T14/><D114/><U106/><E106/><V103/><F15/><W57/><G57/><N who="0" m="37007" /><D14/><U71/><E71/><V105/><F13/><W127/><G127/><T28/><D55/><U95/><E104/><V67/><F67/><W35/><G35/><T29/><AGARI ba="0,1" hai="23,25,28,29,30,31,49,52,59,89,91" m="37007" machi="29" ten="30,4000,0" yaku="8,1,52,1,54,1" doraHai="47" who="0" fromWho="0" sc="224,50,221,-10,237,-20,308,-10" /><INIT seed="3,0,0,0,2,113" ten="274,211,217,298" oya="3" hai0="34,104,38,66,107,114,55,62,60,12,69,52,32" hai1="15,70,109,25,92,39,79,41,86,122,19,98,128" hai2="6,11,3,73,90,48,133,121,46,61,37,7,89" hai3="71,125,84,120,82,130,76,124,21,74,59,129,51"/><W64/><G71/><T10/><D114/><U31/><E122/><V99/><F37/><W65/><G120/><T16/><D38/><U56/><E70/><V4/><F121/><W96/><G21/><T88/><D104/><U87/><E109/><V1/><F73/><W94/><G51/><T116/><D116/><U100/><E128/><N who="3" m="49258" /><G59/><T83/><D107/><U47/><E79/><V42/><F133/><W58/><G58/><T77/><D62/><U106/><E56/><V72/><F72/><W0/><G0/><T93/><D32/><U110/><E110/><V50/><F61/><W26/><G26/><T36/><D34/><U63/><E63/><V91/><F50/><W17/><G17/><T27/><D27/><U117/><E106/><V134/><F134/><W118/><G118/><T9/><D36/><U132/><E132/><V57/><F57/><W95/><G64/><T44/><D10/><U103/><E103/><V115/><F115/><W22/><G22/><T45/><D45/><U28/><E117/><V53/><F53/><W75/><G65/><T43/><D43/><U112/><E112/><V14/><F3/><W35/><G35/><T80/><D44/><U135/><E135/><V68/><F68/><W8/><G8/><T119/><D119/><U49/><E39/><V54/><F54/><N who="0" m="20522" /><D77/><U97/><E97/><V20/><F99/><W40/><G40/><T24/><D24/><U105/><E105/><V30/><F1/><W29/><G29/><N who="1" m="11338" /><E25/><AGARI ba="0,0" hai="4,6,7,11,14,20,25,30,42,46,48,89,90,91" machi="25" ten="40,1300,0" yaku="8,1" doraHai="113" who="2" fromWho="1" sc="274,0,211,-13,217,13,298,0" /><INIT seed="4,0,0,2,2,79" ten="274,198,230,298" oya="0" hai0="93,12,94,90,43,52,128,104,112,22,101,86,67" hai1="129,19,56,35,8,32,70,17,53,45,48,105,118" hai2="135,49,97,64,102,108,47,121,28,21,85,34,10" hai3="80,134,125,59,18,27,4,7,74,87,3,84,106"/><T122/><D43/><U58/><E70/><V50/><F108/><W26/><G106/><T39/><D39/><U72/><E105/><V120/><F34/><W60/><G125/><T99/><D122/><U40/><E118/><V33/><F33/><W71/><G134/><T68/><D112/><U73/><E129/><V78/><F135/><W11/><G71/><T31/><D128/><U109/><E109/><V6/><F64/><W95/><G4/><T24/><D12/><U123/><E123/><V81/><F21/><W20/><G95/><T110/><D110/><U63/><E35/><V42/><F49/><W57/><G57/><T124/><D124/><U15/><E32/><V5/><F28/><W131/><G131/><T29/><D29/><U14/><REACH who="1" step="1"/><E58/><REACH who="1" ten="274,188,230,298" step="2"/><V46/><F46/><W132/><G132/><T103/><D104/><U113/><E113/><V25/><F25/><W1/><G26/><T69/><D69/><U100/><E100/><V23/><F121/><W75/><G27/><T130/><D130/><U111/><E111/><V55/><F120/><W98/><G59/><T127/><D127/><U133/><E133/><V91/><F102/><W0/><G1/><T115/><D115/><U92/><E92/><V61/><F47/><W117/><G0/><T126/><D126/><U65/><E65/><V9/><F61/><W37/><G60/><N who="0" m="40039" /><D103/><U88/><E88/><V51/><F91/><W89/><G117/><T62/><D62/><U2/><E2/><V119/><F119/><W76/><G3/><T36/><D36/><U13/><E13/><V54/><F78/><RYUUKYOKU ba="0,1" sc="274,15,188,15,230,-15,298,-15" hai0="22,24,31,52,86,90,93,94,99,101" hai1="8,14,15,17,19,40,45,48,53,56,63,72,73" /><INIT seed="4,1,1,3,4,87" ten="289,203,215,283" oya="0" hai0="117,14,29,94,59,21,43,80,127,64,26,75,20" hai1="65,103,88,112,125,90,122,131,17,105,113,42,100" hai2="82,134,2,78,110,96,11,128,66,39,57,120,48" hai3="83,97,72,70,126,61,0,18,89,68,38,32,123"/><T74/><D117/><U114/><E122/><V91/><F110/><W69/><G38/><T119/><D119/><U23/><E125/><V135/><F120/><W55/><G32/><T56/><D127/><U93/><E131/><V101/><F39/><W108/><G108/><T118/><D118/><U9/><E9/><V130/><F2/><W12/><G0/><T7/><D43/><U15/><E42/><V95/><F11/><W98/><G126/><T73/><D80/><U31/><E105/><V13/><F13/><W121/><G72/><T99/><D64/><U104/><E104/><V22/><F22/><W129/><G129/><N who="2" m="49769" /><F101/><N who="1" m="38985" /><E31/><V4/><F4/><W33/><G33/><T3/><D3/><U10/><E93/><V28/><F28/><W67/><G123/><T85/><D85/><U60/><E10/><V40/><F40/><W47/><G121/><T52/><D7/><U51/><E51/><V6/><F6/><W34/><G34/><T27/><D14/><U36/><E36/><V106/><F106/><W53/><G70/><AGARI ba="1,1" hai="15,17,23,60,65,70,88,90,112,113,114" m="38985" machi="70" ten="30,8000,1" yaku="15,1,11,1,52,2,54,1" doraHai="87" who="1" fromWho="3" sc="289,0,203,93,215,0,283,-83" /><INIT seed="5,0,0,3,3,71" ten="289,296,215,200" oya="1" hai0="118,90,36,60,94,57,133,134,1,67,25,34,76" hai1="86,37,128,42,4,61,51,5,96,92,105,47,106" hai2="54,59,98,135,17,127,41,13,111,126,21,69,9" hai3="107,114,132,131,18,31,104,33,99,10,26,29,91"/><U63/><E128/><V117/><F111/><W97/><G114/><T38/><D118/><U56/><E105/><V129/><F117/><W11/><G132/><N who="0" m="50795" /><D1/><U78/><E106/><V58/><F135/><W79/><G79/><T6/><D6/><U27/><E63/><V32/><F32/><W113/><G113/><T52/><D76/><U102/><E27/><V43/><F69/><W14/><G131/><T83/><D83/><N who="1" m="47479" /><E37/><N who="0" m="14441" /><D25/><U109/><E109/><V19/><F129/><W130/><G130/><T44/><D34/><U101/><E101/><V8/><F126/><W39/><G39/><T73/><D73/><U74/><E74/><V100/><F127/><W35/><G26/><T122/><D122/><U84/><E84/><V62/><F100/><W45/><G33/><T65/><D44/><U112/><E112/><V124/><F124/><W95/><G45/><T119/><D119/><U110/><E110/><V82/><F82/><W20/><G35/><T120/><D120/><U53/><AGARI ba="0,0" hai="4,5,42,47,51,53,56,61,92,96,102" m="47479" machi="53" ten="30,1500,0" yaku="8,1" doraHai="71" who="1" fromWho="1" sc="289,-5,296,15,215,-5,200,-5" /><INIT seed="5,1,0,3,0,74" ten="284,311,210,195" oya="1" hai0="0,49,99,18,111,11,24,122,22,21,83,112,72" hai1="14,129,19,51,92,133,10,50,2,131,43,42,23" hai2="110,78,87,45,73,54,126,28,7,38,117,84,121" hai3="90,55,46,1,63,56,69,71,125,61,80,58,29"/><U20/><E133/><V57/><F110/><W105/><G125/><T52/><D111/><U32/><E32/><V75/><F117/><W5/><G105/><T108/><D108/><U60/><E60/><V30/><F121/><W33/><G46/><T68/><D68/><U104/><E104/><V107/><F107/><W37/><G37/><T76/><D112/><U86/><E2/><V26/><F126/><W102/><G102/><T13/><D122/><U4/><E23/><V88/><F7/><W81/><G29/><T82/><D0/><U17/><E4/><V65/><F65/><W95/><G33/><T128/><D128/><N who="1" m="49227" /><E51/><V53/><F38/><W113/><G113/><T101/><D82/><U123/><E50/><V85/><F45/><W47/><G47/><T115/><D115/><U98/><E86/><V77/><F85/><W39/><G39/><T62/><D62/><U3/><E123/><V120/><F120/><W109/><G109/><T25/><D25/><N who="1" m="14479" /><E3/><V119/><F26/><W134/><G134/><T12/><D12/><U48/><E48/><V114/><F114/><W93/><G5/><T116/><D24/><U31/><E31/><V70/><F119/><W6/><G6/><T36/><D36/><U124/><E124/><V9/><F9/><W130/><G130/><T64/><D64/><U127/><E127/><V16/><F16/><W135/><G135/><T41/><D41/><U27/><E27/><V94/><F94/><W40/><G40/><T66/><D66/><U103/><AGARI ba="1,0" hai="10,14,19,42,43,92,98,103" m="14479,49227" machi="103" ten="30,1500,0" yaku="19,1" doraHai="74" who="1" fromWho="1" sc="284,-6,311,18,210,-6,195,-6" /><INIT seed="5,2,0,3,1,115" ten="278,329,204,189" oya="1" hai0="118,96,73,107,56,76,97,80,111,109,117,101,32" hai1="93,29,48,125,26,105,114,24,58,35,128,2,92" hai2="46,15,132,33,18,4,133,131,3,22,57,98,43" hai3="27,50,37,13,64,6,1,42,88,10,72,11,112"/><U8/><E105/><V31/><F57/><W70/><G112/><T55/><D32/><U108/><E114/><V90/><F90/><W66/><G72/><T122/><D122/><U44/><E125/><V60/><F60/><W135/><G135/><N who="2" m="51785" /><F98/><W91/><G37/><T113/><D113/><U53/><E128/><V124/><F46/><W51/><G27/><T17/><D17/><U5/><E108/><N who="0" m="41545" /><D55/><U16/><E44/><V116/><F43/><W83/><G42/><T45/><D56/><U104/><E104/><V65/><F65/><W34/><G34/><T59/><D59/><U129/><REACH who="1" step="1"/><E129/><REACH who="1" ten="278,319,204,189" step="2"/><V23/><F131/><W89/><G83/><T63/><D45/><U85/><E85/><V12/><F124/><W121/><G121/><T79/><D63/><U41/><E41/><V110/><F110/><W14/><G1/><T102/><D79/><U130/><E130/><V103/><F3/><W9/><G6/><T75/><D73/><U99/><E99/><V126/><F4/><W123/><G123/><T49/><D49/><N who="3" m="18441" /><G70/><T81/><D81/><U78/><E78/><V61/><F126/><W71/><G71/><T82/><D80/><U94/><E94/><AGARI ba="2,1" hai="75,76,82,94,96,97,101,102,107,117,118" m="41545" machi="94" ten="30,7700,0" yaku="34,2,52,2" doraHai="115" who="0" fromWho="1" sc="278,93,319,-83,204,0,189,0" /><INIT seed="6,0,0,4,1,18" ten="371,236,204,189" oya="2" hai0="108,82,103,97,26,126,16,72,101,106,90,131,58" hai1="38,113,22,134,120,129,124,4,28,14,69,84,68" hai2="35,119,115,7,12,107,135,127,32,40,8,43,125" hai3="85,61,105,57,76,83,94,111,36,89,11,117,54"/><V53/><F107/><W47/><G111/><T104/><D108/><U112/><E38/><V88/><F119/><W15/><G117/><T3/><D3/><U74/><E74/><V91/><F115/><N who="1" m="44105" /><E120/><V19/><F135/><W60/><G105/><T62/><D126/><N who="2" m="48138" /><F53/><W21/><G36/><T93/><D131/><U25/><E124/><V48/><F48/><W128/><G128/><T98/><D72/><U6/><E129/><V87/><F7/><N who="1" m="2601" /><E134/><V45/><F91/><W123/><G47/><T132/><D82/><U0/><E0/><V17/><F17/><W27/><G15/><T75/><D75/><U80/><E14/><V77/><F77/><AGARI ba="0,0" hai="22,25,28,68,69,77,80,84" m="2601,44105" machi="77" ten="30,2000,0" yaku="15,1,52,1" doraHai="18" who="1" fromWho="2" sc="371,0,236,20,204,-20,189,0" /><INIT seed="7,0,0,1,1,86" ten="371,256,184,189" oya="3" hai0="2,49,61,28,107,1,102,67,22,109,75,111,26" hai1="23,3,69,45,11,103,133,126,41,64,114,44,33" hai2="9,116,91,120,73,55,35,58,30,96,12,51,62" hai3="118,72,119,68,129,54,110,99,37,84,36,104,127"/><W128/><G72/><T14/><D75/><U13/><E33/><V39/><F116/><N who="3" m="44587" /><G68/><T123/><D123/><U112/><E126/><V80/><F39/><N who="3" m="14923" /><G54/><T48/><D14/><U0/><E133/><V79/><F120/><W17/><G17/><T47/><D2/><U57/><E69/><V81/><F51/><W78/><G127/><T34/><D1/><U76/><E3/><V74/><F96/><W101/><G84/><T134/><D22/><U50/><E103/><V5/><F91/><W25/><G78/><T88/><D88/><U105/><E105/><V32/><F30/><W6/><G6/><T108/><D134/><U124/><E124/><V40/><F40/><W27/><G110/><T66/><D66/><U90/><E76/><AGARI ba="0,0" hai="5,9,12,32,35,55,58,62,73,74,76,79,80,81" machi="76" ten="40,1300,0" yaku="9,1" doraHai="86" who="2" fromWho="1" sc="371,0,256,-13,184,13,189,0" owari="371,47.1,243,4.3,197,-20.3,189,-31.1" /></mjloggm>