<mjloggm ver="2.3"><GO type="169" lobby="0"/><UN n0="%E2%97%8E%E3%82%88%E3%81%97%E2%97%8E" n1="%E3%82%AB%E3%83%AB%E3%83%94%E3%82%B9%E3%82%B5%E3%83%AF%E3%83%BC" n2="%6E%61%67%61%69%6D%6F" n3="%40%75" dan="16,17,17,17" rate="2150.67,2203.98,2149.38,2185.59" sx="M,M,M,F"/><TAIKYOKU oya="0"/><INIT seed="0,0,0,5,2,20" ten="250,250,250,250" oya="0" hai0="126,18,105,131,14,97,43,112,15,113,110,2,9" hai1="115,122,62,120,102,5,23,26,27,1,35,118,84" hai2="16,77,66,30,42,53,64,67,94,121,69,39,135" hai3="31,127,81,80,78,52,76,50,133,11,72,132,92"/><T103/><D126/><U4/><E84/><V79/><F121/><N who="1" m="46697" /><E62/><V99/><F69/><W24/><G127/><T56/><D131/><U54/><E54/><V107/><F107/><W8/><G92/><T125/><D125/><U123/><N who="1" m="46705" /><U74/><DORA hai="57" /><E102/><V116/><F116/><W89/><G89/><T119/><D119/><U58/><E58/><V59/><F30/><W46/><G133/><T117/><D117/><U44/><E44/><V71/><F71/><W13/><G13/><T28/><D2/><U0/><E74/><V63/><F135/><W96/><G96/><T93/><D43/><U101/><E101/><V10/><F39/><W21/><REACH who="3" step="1"/><G132/><REACH who="3" ten="250,250,250,240" step="2"/><T33/><D93/><U91/><E91/><N who="2" m="55775" /><F42/><W130/><G130/><T70/><D97/><U12/><E118/><V87/><F87/><AGARI ba="0,1" hai="8,11,21,24,31,46,50,52,72,76,78,80,81,87" machi="87" ten="30,7700,0" yaku="1,1,7,1,52,1,54,1,53,0" doraHai="20,57" doraHaiUra="61,124" who="3" fromWho="2" sc="250,0,250,0,250,-77,240,87" /><INIT seed="1,0,0,4,4,59" ten="250,250,173,327" oya="1" hai0="71,82,118,80,19,60,35,12,0,32,46,56,63" hai1="99,96,33,67,134,23,26,89,24,131,69,95,1" hai2="129,50,55,70,22,41,39,122,42,127,91,47,20" hai3="61,68,115,45,7,14,126,124,74,4,119,117,76"/><U29/><E131/><V28/><F122/><W62/><G115/><T101/><D118/><N who="3" m="45065" /><G68/><T13/><D0/><U130/><E130/><V81/><F129/><W98/><G45/><T43/><D101/><U6/><E134/><V21/><F127/><N who="3" m="48683" /><G98/><T72/><D72/><U77/><E77/><V54/><F70/><W58/><G58/><T88/><D71/><U111/><E111/><V10/><F39/><W121/><G121/><T86/><D32/><U44/><E44/><V11/><F28/><W104/><G104/><T65/><D35/><U53/><E53/><V113/><F113/><W107/><G107/><T51/><D13/><U110/><E110/><V40/><F55/><W100/><G100/><T17/><D63/><N who="3" m="24073" /><G14/><T18/><REACH who="0" step="1"/><D80/><AGARI ba="0,0" hai="4,7,74,76,80" m="24073,48683,45065" machi="80" ten="40,8000,1" yaku="12,1,18,1,52,3" doraHai="59" who="3" fromWho="0" sc="250,-80,250,0,173,0,327,80" /><INIT seed="2,0,0,2,0,101" ten="170,250,173,407" oya="2" hai0="44,107,108,36,48,2,98,55,111,72,58,105,129" hai1="85,59,52,7,10,53,118,128,86,62,113,3,73" hai2="68,21,135,123,117,75,27,116,39,17,34,46,18" hai3="35,120,71,6,88,97,15,29,12,96,45,64,56"/><V81/><F68/><W22/><G120/><T19/><D72/><U26/><E113/><V69/><F69/><W82/><G35/><T126/><D2/><U130/><E118/><V47/><F123/><W121/><G121/><T89/><D126/><U13/><E73/><V37/><F34/><W83/><G71/><T8/><D129/><N who="1" m="49771" /><E26/><V125/><F125/><W51/><G64/><T110/><D98/><N who="3" m="37993" /><G56/><T109/><N who="0" m="27648" /><DORA hai="133" /><T20/><D89/><U100/><E100/><V87/><F75/><W40/><G6/><T92/><D92/><U119/><E119/><V95/><F95/><W127/><G127/><T102/><D8/><N who="1" m="2175" /><E53/><V41/><F135/><W23/><G83/><T90/><D90/><U57/><E57/><V103/><F103/><W134/><G134/><T33/><D33/><U38/><E38/><V32/><F32/><W115/><G115/><T77/><D102/><U131/><N who="1" m="49779" /><U76/><DORA hai="63" /><E76/><V104/><F18/><AGARI ba="0,0" hai="10,13,18,52,59,62,85,86" m="2175,49779" machi="18" ten="40,2600,0" yaku="19,1,54,1" doraHai="101,133,63" who="1" fromWho="2" sc="170,0,250,26,173,-26,407,0" /><INIT seed="3,0,0,3,3,34" ten="170,276,147,407" oya="3" hai0="89,65,4,23,55,56,82,93,133,129,92,131,120" hai1="74,90,71,60,106,128,75,43,69,37,8,28,100" hai2="94,45,22,26,78,125,44,40,6,39,81,111,47" hai3="80,110,38,87,108,115,102,30,24,126,62,122,66"/><W18/><G115/><T134/><D65/><N who="1" m="41127" /><E90/><V21/><F111/><N who="3" m="42539" /><G122/><T79/><D23/><U58/><E58/><V85/><F125/><W48/><G38/><T57/><D4/><U9/><E9/><V2/><F94/><N who="0" m="36458" /><D120/><U96/><E128/><N who="0" m="49225" /><D89/><U1/><E71/><V123/><F22/><W73/><G126/><T112/><D112/><U99/><E99/><V103/><F103/><W63/><G102/><T46/><D46/><N who="1" m="23919" /><E28/><V13/><F13/><W25/><G18/><T67/><D67/><U42/><E42/><V64/><F64/><W113/><G113/><T51/><D57/><U118/><E118/><V117/><F117/><W116/><G116/><T20/><D20/><U91/><E91/><V104/><F104/><W16/><G16/><T41/><D41/><U32/><E32/><V86/><F123/><W5/><G30/><T83/><D83/><U7/><AGARI ba="0,0" hai="1,7,8,74,75,96,100,106" m="23919,41127" machi="7" ten="30,4000,0" yaku="33,2,52,1" doraHai="34" who="1" fromWho="1" sc="170,-10,276,40,147,-10,407,-20" /><INIT seed="4,0,0,2,4,65" ten="160,316,137,387" oya="0" hai0="118,96,74,112,4,29,134,45,82,122,116,93,84" hai1="95,37,10,131,108,12,83,39,44,9,115,125,35" hai2="92,130,23,121,5,66,75,13,111,110,86,26,28" hai3="0,94,59,8,27,11,99,62,17,106,50,135,14"/><T63/><D122/><U109/><E35/><V42/><F75/><W73/><G73/><T19/><D134/><U88/><E131/><V30/><F121/><W6/><G135/><T49/><D112/><U58/><E125/><V105/><F105/><W107/><G50/><T55/><D74/><U38/><E83/><V15/><F130/><W76/><G76/><T61/><D4/><U123/><E123/><V47/><F30/><W20/><G59/><T16/><D29/><U67/><E44/><V132/><F132/><W117/><G62/><N who="0" m="23563" /><D118/><U104/><E104/><V54/><F66/><W71/><G71/><T119/><D116/><U21/><E58/><V69/><F54/><W85/><G85/><T126/><D126/><U98/><E67/><V34/><F69/><W101/><G117/><T72/><D72/><U53/><E53/><V133/><F133/><W31/><AGARI ba="0,0" hai="0,6,8,11,14,17,20,27,31,94,99,101,106,107" machi="31" ten="20,1500,0" yaku="0,1,7,1" doraHai="65" who="3" fromWho="3" sc="160,-7,316,-4,137,-4,387,15" /><INIT seed="5,0,0,4,5,77" ten="153,312,133,402" oya="1" hai0="128,7,90,57,41,10,75,122,85,69,55,130,21" hai1="56,125,93,35,121,113,81,98,116,120,59,87,84" hai2="117,34,60,108,52,83,1,132,89,88,129,22,17" hai3="47,112,42,104,97,127,13,38,19,49,53,96,70"/><U82/><E35/><V43/><F117/><W37/><G70/><T67/><D75/><U65/><E116/><V9/><F108/><W131/><G38/><T2/><D122/><U119/><E119/><V40/><F34/><W28/><G28/><T14/><D41/><N who="2" m="15946" /><F1/><W91/><G104/><T12/><D67/><U5/><E5/><V123/><F123/><W110/><G110/><T103/><D103/><U94/><E65/><V31/><F132/><W8/><G112/><T51/><D69/><U126/><REACH who="1" step="1"/><E98/><REACH who="1" ten="153,302,133,402" step="2"/><V134/><F134/><W74/><G97/><T54/><D128/><U100/><E100/><V109/><F129/><W62/><G96/><T6/><D130/><U45/><E45/><V20/><F109/><W92/><G131/><T86/><D6/><U106/><E106/><V78/><F31/><W71/><G47/><T11/><D7/><U30/><E30/><V135/><F135/><W27/><G37/><T16/><D2/><U80/><E80/><V101/><F101/><W48/><G19/><T25/><D16/><U46/><E46/><V61/><F9/><W73/><G8/><T64/><D11/><U95/><E95/><V68/><F22/><W50/><G92/><N who="0" m="54351" /><D10/><U24/><E24/><V79/><F17/><W63/><G27/><T58/><D64/><U111/><E111/><V107/><F107/><W118/><G118/><T39/><D25/><U44/><E44/><V4/><F4/><W23/><G42/><T32/><D39/><U29/><E29/><V0/><F0/><W36/><G36/><T66/><D21/><U99/><E99/><RYUUKYOKU ba="0,1" sc="153,-10,302,30,133,-10,402,-10" hai1="56,59,81,82,84,87,93,94,113,120,121,125,126" /><INIT seed="5,1,1,4,3,12" ten="143,332,123,392" oya="1" hai0="111,44,106,10,2,108,112,116,110,30,46,53,57" hai1="122,132,9,85,82,68,104,103,63,91,36,65,92" hai2="32,51,101,38,115,96,87,41,24,73,90,17,61" hai3="71,64,47,97,120,7,31,0,81,114,42,89,109"/><U45/><E122/><V70/><F73/><W123/><G109/><T93/><D116/><U20/><E132/><V83/><F38/><W39/><G31/><T13/><D106/><U128/><E128/><V105/><F115/><W54/><G114/><T107/><D107/><U69/><E69/><V72/><F72/><W29/><G29/><T3/><D112/><U125/><E125/><V102/><F102/><W50/><G7/><T121/><D30/><U18/><E9/><V119/><F119/><W129/><G0/><T79/><D79/><U58/><E68/><V19/><F32/><W78/><G129/><T27/><D27/><U131/><E131/><V84/><F24/><W95/><G64/><T88/><D3/><U56/><E104/><V4/><F4/><W40/><G40/><T117/><D2/><U127/><E127/><V134/><F134/><W8/><G8/><T66/><D66/><U22/><E58/><V14/><F14/><W34/><G34/><T25/><D25/><U35/><E35/><V23/><F23/><W124/><G71/><T77/><D77/><U33/><E33/><V113/><F113/><W48/><G39/><T74/><D74/><U49/><E36/><V76/><F61/><W1/><G1/><T26/><D121/><U59/><E59/><V37/><F37/><W28/><G124/><T75/><D75/><U100/><E92/><N who="2" m="54367" /><F70/><W135/><G135/><T118/><D117/><U99/><E99/><V130/><F130/><W62/><G123/><T67/><D118/><U126/><E126/><V52/><F41/><W5/><G42/><RYUUKYOKU ba="1,1" sc="143,-10,332,-10,123,30,392,-10" hai2="17,19,51,52,76,83,84,96,101,105" /><INIT seed="6,2,1,0,0,13" ten="133,322,153,382" oya="2" hai0="131,26,104,10,74,73,85,118,125,40,111,100,42" hai1="110,82,69,64,41,95,99,135,96,49,84,67,21" hai2="15,89,101,113,72,98,127,129,58,48,47,8,46" hai3="134,53,132,32,24,80,116,86,79,6,117,9,87"/><V37/><F72/><W105/><G105/><T33/><D111/><U34/><E110/><V29/><F129/><W31/><G53/><T133/><D104/><U77/><E34/><V78/><F78/><W65/><G65/><T106/><D106/><U28/><E135/><N who="3" m="51754" /><G86/><T30/><D100/><U54/><E41/><V97/><F37/><W114/><G114/><T51/><D125/><U71/><E71/><V50/><F113/><W16/><G16/><T122/><D133/><U19/><E28/><V103/><F127/><W63/><G63/><T22/><D74/><U112/><E112/><V75/><F75/><W1/><AGARI ba="2,1" hai="1,6,9,24,31,32,79,80,87,116,117" m="51754" machi="1" ten="30,1100,0" yaku="20,1" doraHai="13" who="3" fromWho="3" sc="133,-5,322,-5,153,-7,382,27" /><INIT seed="7,0,0,1,2,21" ten="128,317,146,409" oya="3" hai0="81,94,98,91,36,122,76,45,29,72,34,113,132" hai1="123,96,126,48,109,20,39,49,12,9,107,77,69" hai2="114,32,66,47,68,116,63,16,58,46,131,35,43" hai3="102,120,89,97,17,124,71,119,78,1,8,85,79"/><W65/><G119/><T121/><D132/><U30/><E123/><V62/><F116/><W90/><G120/><T95/><D113/><U38/><E109/><V60/><F114/><W108/><G71/><T83/><D83/><U37/><E69/><V7/><F131/><W14/><G65/><T2/><D2/><U75/><E126/><V55/><F7/><W129/><G1/><T115/><D115/><U42/><E75/><V11/><F60/><W101/><G129/><T84/><D36/><U54/><E77/><V61/><F61/><W134/><G134/><T4/><D45/><U105/><E42/><V24/><F47/><W93/><G124/><T74/><D4/><U57/><E48/><V88/><F88/><W31/><G31/><T67/><D67/><U111/><E111/><V127/><F127/><W5/><G5/><T15/><D15/><U52/><E54/><V19/><F11/><W13/><G13/><T125/><D125/><U33/><E33/><V73/><F73/><W133/><G133/><T92/><D72/><U56/><E56/><V64/><F64/><W104/><G108/><T86/><D74/><U41/><E41/><V10/><F10/><W44/><G44/><T128/><D128/><U112/><E112/><V3/><F3/><W0/><G0/><T103/><D95/><U59/><E59/><V110/><F110/><W28/><G104/><T51/><D51/><U27/><REACH who="1" step="1"/><E96/><REACH who="1" ten="128,307,146,409" step="2"/><V6/><F6/><AGARI ba="0,1" hai="6,9,12,20,27,30,37,38,39,49,52,57,105,107" machi="6" ten="40,12000,2" yaku="1,1,2,1,52,1,54,1,53,3" doraHai="21" doraHaiUra="70" who="1" fromWho="2" sc="128,0,307,130,146,-120,409,0" owari="128,-27.2,437,53.7,26,-47.4,409,20.9" /></mjloggm>