<mjloggm ver="2.3"><GO type="169" lobby="0"/><UN n0="%6B%61%74%65%72%69%6E%61" n1="%E6%81%8B%E3%81%AE%E3%81%86%E3%81%9F" n2="%E3%81%A0%E3%81%A3" n3="%41%72%69%61" dan="16,17,16,16" rate="2122.73,2234.86,2192.02,2150.68" sx="M,M,F,F"/><TAIKYOKU oya="0"/><INIT seed="0,0,0,0,4,12" ten="250,250,250,250" oya="0" hai0="129,121,80,130,127,2,83,52,46,126,51,64,34" hai1="59,112,100,42,79,82,30,23,97,94,113,89,33" hai2="35,102,78,135,67,133,66,6,16,86,47,77,60" hai3="1,107,63,29,72,69,123,110,27,7,84,134,9"/><T118/><D2/><U93/><E33/><V14/><F102/><W124/><G84/><T119/><D34/><U31/><E42/><V70/><F35/><N who="3" m="20927" /><G72/><T62/><D83/><U87/><E59/><V37/><F66/><W116/><G107/><T128/><D80/><U76/><E30/><V43/><F6/><W92/><G92/><T61/><D121/><U3/><E23/><V20/><REACH who="2" step="1"/><F86/><REACH who="2" ten="250,250,240,250" step="2"/><W131/><G7/><T17/><D62/><U109/><E87/><V15/><F15/><W74/><G63/><T132/><D132/><AGARI ba="0,1" hai="14,16,20,37,43,47,60,67,70,77,78,132,133,135" machi="132" ten="40,8000,1" yaku="1,1,20,1,52,1,54,1,53,1" doraHai="12" doraHaiUra="8" who="2" fromWho="0" sc="250,-80,250,0,240,90,250,0" /><INIT seed="1,0,0,3,0,31" ten="170,250,330,250" oya="1" hai0="78,111,133,1,115,63,96,0,89,107,84,66,17" hai1="60,70,72,67,68,98,4,102,112,85,91,50,130" hai2="18,61,121,57,19,75,87,64,99,42,82,45,110" hai3="48,126,36,25,9,47,65,54,40,15,43,16,117"/><U69/><E112/><V7/><F121/><W27/><G126/><T104/><D115/><U58/><E72/><V118/><F118/><W93/><G117/><T24/><D111/><U127/><E130/><V35/><F75/><W52/><G65/><T6/><D133/><U46/><E4/><V109/><F7/><W103/><G54/><T100/><D104/><U30/><E127/><V28/><F99/><N who="3" m="59887" /><G36/><T131/><D78/><U21/><E21/><V56/><F56/><W14/><G14/><T101/><D101/><U74/><E74/><V53/><F64/><W80/><G80/><T12/><D24/><AGARI ba="0,0" hai="9,15,16,24,25,27,40,43,47,48,52" m="59887" machi="24" ten="30,3900,0" yaku="8,1,54,2" doraHai="31" who="3" fromWho="0" sc="170,-39,250,0,330,0,250,39" /><INIT seed="2,0,0,1,1,104" ten="131,250,330,289" oya="2" hai0="108,74,130,10,134,120,33,79,72,36,119,70,65" hai1="21,22,92,8,25,69,23,41,2,1,45,39,0" hai2="95,3,24,114,124,129,93,101,109,115,116,57,51" hai3="40,128,85,122,107,44,63,11,76,132,18,9,87"/><V20/><F3/><W112/><G107/><T110/><D79/><U102/><E69/><V15/><F116/><W83/><G122/><T84/><D84/><U60/><E60/><V94/><F101/><W98/><G132/><T12/><D12/><U125/><E125/><V73/><F73/><W5/><G128/><T48/><D48/><U117/><E117/><V28/><F129/><W97/><G112/><T52/><D52/><U19/><REACH who="1" step="1"/><E8/><REACH who="1" ten="131,240,330,289" step="2"/><V14/><F124/><W59/><G11/><T26/><D70/><U56/><E56/><V123/><F115/><W46/><G59/><T13/><D119/><U111/><E111/><V30/><F109/><W105/><G63/><T89/><D110/><U88/><E88/><V135/><F114/><W6/><G9/><T82/><D89/><U126/><E126/><V133/><F123/><W81/><G46/><T43/><D10/><U7/><E7/><V78/><F135/><W16/><G44/><T47/><D108/><U54/><E54/><N who="2" m="31967" /><F133/><W106/><G76/><T42/><D134/><U86/><E86/><V66/><F78/><W61/><G61/><T77/><D130/><U37/><E37/><V53/><F66/><W90/><G90/><T103/><D120/><U75/><E75/><V27/><F53/><W121/><G121/><T62/><D74/><U55/><E55/><V58/><F58/><W67/><G67/><T50/><D65/><U127/><E127/><V131/><F131/><W32/><G5/><T38/><D72/><U49/><E49/><V4/><F4/><W113/><G6/><T71/><D50/><RYUUKYOKU ba="0,1" sc="131,-15,240,15,330,15,289,-15" hai1="0,1,2,19,21,22,23,25,39,41,45,92,102" hai2="14,15,20,24,27,28,30,93,94,95" /><INIT seed="2,1,1,1,1,125" ten="116,255,345,274" oya="2" hai0="122,64,12,103,97,13,134,31,5,4,28,19,51" hai1="29,84,90,16,98,55,99,10,37,94,102,32,2" hai2="82,36,88,68,85,74,124,107,114,33,38,132,34" hai3="45,128,58,116,79,57,6,93,106,110,9,75,20"/><V100/><F114/><W129/><G106/><T89/><D122/><U112/><E37/><V39/><F68/><W7/><G116/><T42/><D134/><U135/><E112/><V131/><F124/><W30/><G110/><T96/><D64/><U80/><E135/><V17/><F132/><W40/><G75/><T105/><D42/><U23/><E32/><V50/><F74/><W1/><G79/><T72/><D72/><U15/><E2/><V66/><F66/><W60/><G7/><T21/><D51/><U26/><E98/><V0/><F0/><W115/><G115/><T78/><D78/><U11/><REACH who="1" step="1"/><E55/><REACH who="1" ten="116,245,345,274" step="2"/><V130/><F34/><W47/><G40/><T25/><D13/><U117/><E117/><V3/><F33/><W133/><G133/><T70/><D70/><U126/><E126/><V92/><F3/><W91/><G57/><T69/><D69/><U73/><E73/><V101/><F36/><W18/><G47/><T63/><D12/><U77/><E77/><V22/><F38/><W119/><G45/><T43/><D43/><U62/><E62/><V127/><F39/><W81/><G119/><T24/><D63/><U95/><E95/><V52/><F127/><W113/><G113/><T27/><D27/><U56/><E56/><N who="2" m="32791" /><F107/><W86/><G93/><N who="0" m="56367" /><D25/><U120/><E120/><V8/><F92/><W76/><G76/><T121/><D121/><U53/><E53/><V35/><F35/><W104/><G104/><T118/><D118/><U41/><E41/><V71/><F71/><W65/><G1/><T44/><D44/><U49/><E49/><RYUUKYOKU ba="1,2" sc="116,15,245,15,345,-15,274,-15" hai0="4,5,19,21,24,28,31,97,103,105" hai1="10,11,15,16,23,26,29,80,84,90,94,99,102" /><BYE who="1" /><UN n1="%E6%81%8B%E3%81%AE%E3%81%86%E3%81%9F" /><INIT seed="3,2,2,4,5,29" ten="131,260,330,259" oya="3" hai0="20,34,35,18,54,80,14,113,112,56,13,77,62" hai1="98,53,33,40,58,61,28,117,87,132,120,37,52" hai2="135,78,93,41,43,94,97,42,128,47,114,11,5" hai3="131,8,126,25,90,86,84,9,125,27,44,26,124"/><W63/><G131/><T107/><D107/><U0/><E120/><V46/><F128/><W119/><G119/><T127/><D127/><U2/><E117/><V74/><F114/><N who="0" m="44138" /><D13/><U3/><E132/><V48/><F135/><W24/><N who="3" m="6144" /><DORA hai="36" /><W76/><G63/><T85/><AGARI ba="2,2" hai="14,18,20,34,35,54,56,62,77,80,85" m="44138" machi="85" ten="30,4000,0" yaku="11,1,52,2" doraHai="29,36" who="0" fromWho="0" sc="131,66,260,-12,330,-12,259,-22" /><INIT seed="4,0,0,1,2,104" ten="197,248,318,237" oya="0" hai0="45,61,55,90,108,2,68,66,65,112,121,13,34" hai1="20,48,124,74,133,134,103,57,99,43,95,7,83" hai2="102,51,93,100,116,30,84,42,29,63,22,85,76" hai3="73,129,101,86,114,33,21,70,96,106,78,17,0"/><T36/><D2/><U40/><E7/><V111/><F111/><W32/><G0/><T39/><D34/><U123/><E123/><V126/><F126/><W8/><G8/><T26/><D121/><U58/><E124/><V16/><F116/><W122/><G70/><T88/><D112/><U49/><E20/><V71/><F71/><W64/><G122/><T28/><D108/><U79/><E48/><V98/><F102/><W54/><G64/><T132/><D132/><N who="1" m="50795" /><E49/><V117/><F117/><W25/><G114/><T118/><D118/><U62/><E57/><V53/><F63/><W77/><G129/><T56/><D13/><U12/><E12/><N who="2" m="9479" /><F42/><W37/><G37/><T72/><D39/><U38/><E38/><V69/><F69/><W23/><G54/><AGARI ba="0,0" hai="40,43,54,58,62,74,79,83,95,99,103" m="50795" machi="54" ten="30,2000,0" yaku="20,1,52,1" doraHai="104" who="1" fromWho="3" sc="197,0,248,20,318,0,237,-20" /><INIT seed="5,0,0,1,3,58" ten="197,268,318,217" oya="1" hai0="36,52,96,125,107,97,62,114,79,41,93,57,60" hai1="25,20,32,12,87,43,95,100,42,131,85,40,19" hai2="133,10,8,115,59,24,94,13,92,116,1,48,63" hai3="46,16,69,14,11,90,66,130,126,73,113,134,23"/><U122/><E122/><V22/><F116/><W102/><G73/><T9/><D114/><U111/><E131/><V124/><F115/><W75/><G75/><T108/><D108/><U30/><REACH who="1" step="1"/><E111/><REACH who="1" ten="197,258,318,217" step="2"/><V34/><F124/><W39/><G126/><T15/><D125/><U44/><E44/><V132/><F132/><W89/><G130/><T135/><D135/><U61/><E61/><V109/><F63/><W128/><G134/><T35/><D62/><U17/><E17/><V2/><F133/><W65/><G128/><T83/><D60/><U21/><E21/><V110/><F22/><W70/><G113/><T76/><D57/><U127/><E127/><V106/><F59/><W27/><G70/><T112/><D112/><U67/><E67/><V26/><F110/><W86/><G69/><T72/><D72/><U64/><E64/><V56/><F109/><W50/><G66/><T55/><D35/><U31/><E31/><V0/><F56/><W37/><G65/><T77/><D55/><U45/><E45/><V105/><F34/><W54/><G102/><T80/><D52/><U3/><E3/><V29/><F0/><W78/><G39/><T18/><D36/><U28/><E28/><V103/><F29/><N who="3" m="17663" /><G37/><T7/><D18/><U74/><E74/><V118/><F103/><W101/><G101/><N who="0" m="62887" /><D41/><U38/><E38/><V68/><F68/><W104/><G104/><T33/><D33/><U47/><E47/><V82/><F1/><W51/><G51/><T121/><D121/><U49/><E49/><V88/><F2/><W129/><G129/><T81/><D79/><RYUUKYOKU ba="0,1" sc="197,10,258,10,318,-30,217,10" hai0="7,9,15,76,77,80,81,83,93,97" hai1="12,19,20,25,30,32,40,42,43,85,87,95,100" hai3="11,14,16,46,50,54,78,86,89,90" /><INIT seed="5,1,1,4,3,54" ten="207,268,288,227" oya="1" hai0="50,6,45,58,29,126,44,107,56,42,116,32,38" hai1="82,24,17,59,135,19,30,88,37,74,67,127,97" hai2="0,128,25,69,90,28,47,36,109,26,68,100,27" hai3="41,110,40,22,13,94,99,120,72,117,15,46,70"/><U66/><E37/><V113/><F109/><W12/><G72/><T134/><D116/><U132/><E127/><V5/><F28/><W102/><G70/><T131/><D126/><U16/><E74/><V86/><F100/><W21/><G120/><T35/><D107/><U48/><E48/><V83/><F128/><W33/><G33/><T85/><D131/><U4/><E4/><V57/><F5/><W23/><G110/><T34/><D29/><U14/><E14/><V123/><F0/><W80/><G117/><T108/><D108/><U73/><E73/><V125/><F123/><W98/><G80/><T96/><D96/><U2/><E2/><V49/><F113/><W130/><G130/><T121/><D121/><U51/><E51/><V20/><F20/><W53/><G99/><T101/><D101/><U43/><E43/><N who="3" m="16458" /><G53/><T64/><D64/><U115/><E115/><V79/><F36/><W31/><G46/><T106/><D106/><U95/><E82/><V9/><F47/><W129/><G129/><T39/><D39/><U62/><REACH who="1" step="1"/><E67/><REACH who="1" ten="207,258,288,227" step="2"/><V89/><F83/><W18/><G31/><T52/><D6/><U76/><E76/><V81/><F79/><W71/><G71/><T112/><D112/><U91/><E91/><N who="2" m="51663" /><F68/><W87/><G102/><T105/><D38/><U11/><E11/><V61/><F125/><W1/><G1/><T7/><D7/><U78/><E78/><V3/><F69/><W77/><G77/><T124/><D124/><U8/><E8/><V114/><F114/><W111/><G111/><T119/><D119/><U92/><E92/><RYUUKYOKU ba="1,2" sc="207,-10,258,30,288,-10,227,-10" hai1="16,17,19,24,30,59,62,66,88,95,97,132,135" /><INIT seed="5,2,2,2,5,130" ten="197,288,278,217" oya="1" hai0="74,134,114,85,23,127,7,20,11,67,125,15,34" hai1="97,98,47,50,129,106,64,88,132,92,95,133,72" hai2="54,42,21,84,60,77,49,61,41,27,86,104,18" hai3="4,80,122,25,102,63,10,76,75,32,59,5,105"/><U121/><E129/><V17/><F104/><W36/><G122/><T19/><D74/><U28/><E121/><V55/><F17/><W38/><G4/><T110/><D67/><U118/><E118/><V40/><F77/><W87/><G105/><T83/><D110/><U90/><E72/><V62/><REACH who="2" step="1"/><F54/><REACH who="2" ten="197,288,268,217" step="2"/><W70/><G76/><T124/><D114/><U57/><E106/><V52/><F52/><W0/><G75/><T8/><D34/><U48/><E28/><V53/><F53/><W46/><G5/><T22/><D134/><N who="1" m="51819" /><E47/><AGARI ba="2,3" hai="18,21,27,40,41,42,47,49,55,60,61,62,84,86" machi="47" ten="40,2600,0" yaku="1,1,8,1,53,0" doraHai="130" doraHaiUra="33" who="2" fromWho="1" sc="197,0,288,-32,268,62,217,0" /><INIT seed="6,0,0,3,2,72" ten="197,256,330,217" oya="2" hai0="49,101,71,106,54,87,99,83,34,45,120,96,58" hai1="9,91,118,20,60,41,28,82,104,64,1,61,76" hai2="122,2,39,14,29,40,69,134,88,131,5,132,35" hai3="26,112,124,100,103,105,51,125,111,18,74,92,116"/><V86/><F122/><W8/><G111/><T16/><D120/><U57/><E104/><V123/><F123/><W17/><G116/><T62/><D34/><U38/><E118/><V12/><F69/><W3/><G105/><T85/><D71/><U108/><E108/><V133/><F131/><W0/><G74/><T73/><D96/><U119/><E119/><V89/><F89/><W36/><G36/><T19/><D73/><U126/><E126/><N who="3" m="48746" /><G51/><T63/><D63/><U97/><E38/><V44/><F35/><W109/><G109/><T70/><D70/><U81/><E41/><V113/><F29/><W6/><G0/><T48/><D48/><U115/><E1/><V128/><F113/><W75/><G75/><T79/><REACH who="0" step="1"/><D85/><REACH who="0" ten="187,256,330,217" step="2"/><U25/><E60/><V65/><F128/><W67/><G112/><T93/><D93/><U4/><E115/><V50/><F39/><W7/><G92/><T78/><D78/><U68/><E68/><V32/><F32/><W90/><G90/><T47/><D47/><U21/><E76/><V43/><F88/><W114/><G114/><T22/><D22/><U11/><E20/><V127/><F127/><W52/><G103/><T31/><D31/><U129/><E129/><V94/><F94/><W55/><G100/><T121/><D121/><U98/><E91/><V46/><F134/><W117/><G117/><T66/><AGARI ba="0,1" hai="16,19,45,49,54,58,62,66,79,83,87,99,101,106" machi="66" ten="20,8000,1" yaku="1,1,0,1,7,1,52,1,54,1,53,0" doraHai="72" doraHaiUra="33" who="0" fromWho="0" sc="187,90,256,-20,330,-40,217,-20" /><INIT seed="7,0,0,5,5,14" ten="277,236,290,197" oya="3" hai0="3,33,107,39,49,126,64,13,103,8,34,120,83" hai1="108,93,113,61,52,10,31,134,62,28,100,59,16" hai2="65,117,123,112,106,2,66,9,46,41,6,130,92" hai3="27,20,99,29,71,81,135,11,79,30,15,55,37"/><W57/><G71/><T102/><D120/><U53/><E108/><V85/><F106/><W131/><G37/><T44/><D3/><U17/><E113/><V90/><F117/><W21/><G135/><T119/><D119/><U129/><E129/><V127/><F112/><W58/><G131/><T95/><D39/><U69/><E134/><V22/><F130/><W80/><G99/><T128/><D107/><U96/><E10/><V32/><F32/><W68/><G68/><T125/><D64/><U74/><E74/><V86/><F127/><N who="0" m="48650" /><D83/><N who="3" m="31817" /><G79/><T26/><D128/><U56/><E69/><V12/><F123/><W116/><G116/><T63/><D63/><U88/><E100/><N who="0" m="38441" /><D95/><U50/><E61/><V35/><F35/><W25/><G55/><N who="0" m="30119" /><D26/><U98/><E98/><V104/><F86/><W84/><G84/><T101/><N who="0" m="38449" /><T24/><DORA hai="54" /><D24/><U109/><E109/><V89/><F89/><W70/><G70/><T73/><D73/><U115/><E115/><V94/><F94/><W124/><G124/><T87/><D87/><U60/><E50/><V48/><F104/><W4/><AGARI ba="0,0" hai="4,11,15,20,21,25,27,29,30,57,58" m="31817" machi="4" ten="30,6000,0" yaku="8,1,52,2" doraHai="14,54" who="3" fromWho="3" sc="277,-20,236,-20,290,-20,197,60" /><INIT seed="7,1,0,1,3,16" ten="257,216,270,257" oya="3" hai0="86,64,14,60,119,116,27,83,10,52,7,73,65" hai1="89,62,109,124,29,45,135,30,39,75,19,82,130" hai2="113,97,15,61,134,105,69,41,37,63,56,133,128" hai3="104,49,99,117,74,118,94,47,51,131,108,8,4"/><W93/><G74/><T123/><D123/><U55/><E109/><V53/><F15/><W84/><G108/><T32/><D73/><U100/><E130/><V115/><F97/><W25/><G104/><T31/><D65/><U9/><E135/><N who="2" m="51723" /><F105/><W81/><G131/><T5/><D5/><U24/><E124/><V20/><F20/><W50/><G25/><T66/><D66/><U0/><E100/><V43/><F128/><W26/><G26/><T126/><D126/><U103/><E103/><V132/><F132/><W11/><G47/><T98/><D98/><U72/><E72/><V101/><F101/><W36/><G36/><T77/><REACH who="0" step="1"/><D52/><REACH who="0" ten="247,216,270,257" step="2"/><U121/><E121/><V129/><F129/><W95/><G99/><T70/><AGARI ba="1,1" hai="7,10,14,27,31,32,60,64,70,77,83,86,116,119" machi="70" ten="20,5200,0" yaku="1,1,2,1,0,1,7,1,53,0" doraHai="16" doraHaiUra="120" who="0" fromWho="0" sc="247,65,216,-14,270,-14,257,-27" owari="312,41.2,202,-29.8,256,5.6,230,-17.0" /></mjloggm>