<mjloggm ver="2.3"><GO type="169" lobby="0"/><UN n0="%E7%B8%A6%E9%B3%A5%E5%8D%83%E6%B3%A2" n1="%E3%81%AF%E3%81%9F%E3%82%86%E3%81%86" n2="%E3%81%A1%E3%82%83%E3%82%8B%E3%82%81%E3%82%89" n3="%E3%83%99%E3%83%AA%E3%83%B3%E3%83%80" dan="16,16,17,17" rate="2142.83,2139.14,2221.01,2204.30" sx="F,M,M,M"/><TAIKYOKU oya="0"/><INIT seed="0,0,0,0,2,122" ten="250,250,250,250" oya="0" hai0="111,42,77,29,43,76,11,36,4,126,53,99,84" hai1="81,78,114,95,32,49,16,64,66,93,91,51,80" hai2="98,100,45,125,37,5,20,97,19,96,8,2,103" hai3="31,130,14,27,74,9,34,54,47,88,12,59,68"/><T38/><D126/><U22/><E32/><V50/><F125/><W101/><G68/><T123/><D123/><U115/><E78/><V86/><F37/><W6/><G74/><T52/><D29/><U75/><E75/><V48/><F86/><W107/><G130/><T28/><D28/><U63/><E63/><V87/><F87/><W21/><G47/><T134/><D134/><U67/><E51/><V90/><F90/><W13/><G34/><T127/><D127/><U23/><E49/><V104/><F50/><W17/><G31/><T117/><D117/><U44/><E44/><V0/><F0/><W71/><G71/><T83/><D99/><U40/><E40/><V15/><REACH who="2" step="1"/><F103/><REACH who="2" ten="250,250,240,250" step="2"/><W72/><G72/><T69/><D38/><U131/><E91/><V30/><F30/><W65/><G88/><T105/><D36/><U129/><E67/><V110/><F110/><W119/><G65/><T33/><D111/><U124/><REACH who="1" step="1"/><E124/><REACH who="1" ten="250,240,240,250" step="2"/><V85/><F85/><W82/><G119/><T41/><D84/><U57/><E57/><V18/><F18/><AGARI ba="0,2" hai="16,18,22,23,64,66,80,81,93,95,114,115,129,131" machi="18" ten="25,6400,0" yaku="1,1,22,2,54,1,53,0" doraHai="122" doraHaiUra="135" who="1" fromWho="2" sc="250,0,240,84,240,-64,250,0" /><INIT seed="1,0,0,5,5,105" ten="250,324,176,250" oya="1" hai0="96,117,91,100,66,95,87,33,74,118,2,24,78" hai1="16,43,48,51,52,129,13,36,38,41,76,34,68" hai2="135,71,120,133,116,94,12,27,90,19,115,131,46" hai3="57,8,111,85,107,15,125,53,82,86,39,0,83"/><U23/><E129/><V37/><F71/><W112/><G39/><T49/><D2/><U17/><E34/><V42/><F116/><W84/><G107/><N who="0" m="63879" /><D49/><U4/><E68/><V64/><F64/><W55/><G112/><T134/><D66/><U58/><E76/><V20/><F131/><W18/><G111/><T88/><D134/><N who="2" m="51210" /><F120/><W45/><G125/><T72/><D24/><N who="1" m="14439" /><E4/><V93/><F115/><W40/><G0/><T47/><D47/><N who="1" m="25711" /><E38/><V79/><F79/><W124/><G124/><T70/><D33/><U128/><E36/><V73/><F73/><N who="0" m="28266" /><D70/><U98/><E98/><N who="2" m="57655" /><F94/><W130/><G130/><T69/><D69/><U22/><E128/><V99/><F99/><W28/><G28/><T114/><D114/><U11/><E43/><V113/><F113/><W31/><G40/><T10/><D10/><AGARI ba="0,0" hai="10,11,13,17,22,51,52,58" m="25711,14439" machi="10" ten="30,5800,0" yaku="8,1,54,2" doraHai="105" who="1" fromWho="0" sc="250,-58,324,58,176,0,250,0" /><INIT seed="1,1,0,5,3,121" ten="192,382,176,250" oya="1" hai0="81,46,72,75,50,92,129,35,30,98,73,110,111" hai1="62,64,115,17,37,66,114,23,27,63,128,28,130" hai2="85,12,3,8,77,20,94,51,103,70,120,24,86" hai3="91,93,49,71,59,90,131,100,76,96,45,29,68"/><U135/><E37/><V88/><F70/><W14/><G131/><N who="1" m="50218" /><E135/><V132/><F132/><W125/><G125/><T9/><D129/><U69/><E17/><V83/><F3/><W6/><G76/><T43/><D81/><U2/><E2/><V84/><F120/><W0/><G0/><T31/><D9/><U97/><E97/><V10/><F103/><W126/><G29/><T113/><D113/><U52/><E52/><V38/><F38/><W108/><G126/><T89/><REACH who="0" step="1"/><D35/><REACH who="0" ten="182,382,176,250" step="2"/><U18/><E28/><AGARI ba="1,1" hai="28,30,31,43,46,50,72,73,75,89,92,98,110,111" machi="28" ten="50,8000,1" yaku="1,1,2,1,52,2,53,0" doraHai="121" doraHaiUra="82" who="0" fromWho="1" sc="182,93,382,-83,176,0,250,0" /><INIT seed="2,0,0,5,2,51" ten="275,299,176,250" oya="2" hai0="48,111,124,135,81,39,70,30,27,60,134,93,2" hai1="56,16,85,31,131,50,121,63,95,118,40,22,101" hai2="79,128,73,90,43,94,89,132,47,9,106,74,25" hai3="62,58,108,130,82,35,7,24,64,87,66,6,72"/><V18/><F106/><W123/><G123/><T49/><D39/><U109/><E118/><V84/><F128/><W36/><G36/><T29/><D2/><U41/><E131/><V78/><F132/><N who="0" m="50730" /><D111/><U15/><E109/><V1/><F25/><W0/><G108/><T96/><D124/><U52/><E121/><V11/><F18/><W26/><G72/><T126/><D126/><U19/><E31/><V115/><F115/><W97/><G130/><T100/><D81/><U125/><E125/><V98/><F74/><W3/><G3/><T57/><D70/><U103/><E103/><V45/><F73/><W8/><G35/><N who="0" m="20927" /><D30/><U110/><E110/><V42/><F1/><W13/><G66/><AGARI ba="0,0" hai="48,49,57,60,66,93,96,100" m="20927,50730" machi="66" ten="30,1000,0" yaku="20,1" doraHai="51" who="0" fromWho="3" sc="275,10,299,0,176,0,250,-10" /><INIT seed="3,0,0,3,1,104" ten="285,299,176,240" oya="3" hai0="53,121,49,1,4,22,117,40,57,76,39,86,27" hai1="118,94,10,126,23,46,119,15,66,92,68,82,17" hai2="84,129,111,45,135,131,80,73,106,24,89,132,56" hai3="112,65,109,101,20,113,16,96,62,55,63,34,102"/><W79/><G34/><T5/><D117/><N who="1" m="44555" /><E126/><V83/><F24/><W11/><G109/><T99/><D121/><U21/><E46/><V120/><F45/><W90/><G11/><T36/><D1/><U75/><E66/><V59/><F111/><W6/><G6/><N who="0" m="2667" /><D39/><U42/><E42/><V85/><F106/><W38/><G38/><T52/><D36/><U91/><E68/><V37/><F37/><W122/><G122/><T100/><D100/><U128/><E128/><N who="2" m="49227" /><F120/><W127/><G127/><T30/><D99/><N who="1" m="57759" /><E94/><N who="2" m="54567" /><F59/><W41/><G41/><T115/><D115/><U25/><E25/><V81/><F56/><W3/><G3/><T125/><D125/><U26/><E26/><V50/><F50/><W54/><G113/><T12/><D12/><U7/><E7/><V103/><F103/><W130/><G112/><T51/><D40/><U18/><E18/><V78/><F83/><W110/><G130/><T58/><D58/><U88/><E88/><AGARI ba="0,0" hai="73,78,80,81,85,88,132,135" m="54567,49227" machi="88" ten="30,8000,1" yaku="19,1,34,2,52,1,54,1" doraHai="104" who="2" fromWho="1" sc="285,0,299,-80,176,80,240,0" /><INIT seed="4,0,0,2,4,134" ten="285,219,256,240" oya="0" hai0="25,115,126,112,32,24,101,54,60,128,13,105,3" hai1="78,80,57,22,113,35,122,124,114,31,4,70,87" hai2="77,46,86,14,99,120,21,74,36,28,90,53,133" hai3="64,130,48,5,16,88,97,111,33,8,9,127,116"/><T92/><D3/><U51/><E70/><V108/><F133/><W58/><G33/><T100/><D128/><U6/><E35/><V131/><F131/><W61/><G130/><T2/><D2/><U132/><E132/><V20/><F108/><W81/><G111/><T15/><D105/><U109/><E122/><V27/><F74/><W10/><G116/><T65/><D54/><U38/><E38/><V56/><F77/><W12/><G127/><T103/><D92/><U104/><E104/><V11/><F99/><W45/><G5/><T83/><D83/><U95/><E95/><V69/><F69/><W72/><G72/><T129/><D129/><U75/><E75/><V40/><F21/><W63/><G63/><T119/><D119/><U76/><E76/><V43/><F36/><W55/><G97/><T0/><D0/><U52/><E124/><V93/><F46/><W66/><G64/><T18/><D126/><U125/><E125/><V84/><F86/><AGARI ba="0,0" hai="8,9,10,12,16,45,48,55,58,61,66,81,86,88" machi="86" ten="40,8000,1" yaku="25,2,8,1,54,2" doraHai="134" who="3" fromWho="2" sc="285,0,219,0,256,-80,240,80" /><INIT seed="5,0,0,0,5,109" ten="285,219,176,320" oya="1" hai0="89,80,0,108,123,79,115,125,53,6,3,84,20" hai1="76,5,51,107,59,135,82,65,38,46,21,114,90" hai2="31,103,133,116,34,98,39,78,45,8,131,69,95" hai3="63,110,127,104,117,72,40,132,67,33,102,9,70"/><U91/><E107/><V32/><F116/><W25/><G110/><T119/><D119/><U83/><E38/><V121/><F121/><W35/><G117/><T94/><D108/><U96/><E135/><V47/><F133/><W111/><G111/><T4/><D125/><U68/><E68/><V56/><F69/><W2/><G132/><T54/><D123/><U15/><E114/><V41/><F131/><W26/><G127/><T73/><D115/><U106/><E83/><V105/><F47/><W75/><G40/><T97/><D20/><U22/><E106/><V18/><F78/><W57/><G57/><T134/><D134/><U44/><E44/><V7/><F18/><W58/><G58/><T42/><D42/><U120/><E120/><V16/><F16/><W74/><G26/><T27/><D27/><U24/><E96/><V23/><F56/><W10/><G25/><T61/><D61/><U62/><E22/><V71/><F71/><W93/><G93/><T66/><D66/><U13/><E13/><V86/><F23/><W124/><G9/><T112/><D112/><U14/><E14/><V88/><REACH who="2" step="1"/><F31/><REACH who="2" ten="285,219,166,320" step="2"/><W92/><G124/><T48/><D6/><U37/><E5/><V55/><F55/><W77/><G70/><T30/><D30/><U126/><E126/><V50/><F50/><W118/><G118/><T81/><D4/><U43/><E51/><V52/><F52/><N who="0" m="20074" /><D48/><U36/><E36/><V17/><F17/><W100/><G77/><T1/><D79/><U128/><E128/><V85/><F85/><W49/><G49/><T101/><D73/><RYUUKYOKU ba="0,1" sc="285,15,219,-15,166,15,320,-15" hai0="0,1,3,80,81,84,89,94,97,101" hai2="7,8,32,34,39,41,45,86,88,95,98,103,105" /><INIT seed="6,1,1,3,3,28" ten="300,204,181,305" oya="2" hai0="45,16,40,108,19,13,24,76,11,26,91,31,92" hai1="4,1,89,127,70,18,107,17,34,125,75,29,54" hai2="30,2,44,32,50,39,132,122,10,94,109,101,59" hai3="73,53,36,57,135,118,95,64,15,129,119,6,25"/><V67/><F122/><W80/><G36/><T128/><D108/><U85/><E75/><V123/><F109/><W7/><G129/><T110/><D128/><U46/><E107/><V78/><F123/><W61/><G135/><T49/><D110/><U55/><E70/><V126/><F132/><W88/><G25/><T96/><D76/><U22/><E4/><V5/><F78/><W56/><G73/><T97/><D19/><U106/><E106/><V41/><F126/><N who="1" m="48137" /><E1/><V74/><F74/><W12/><G80/><T79/><D79/><U100/><E100/><V65/><F101/><W38/><G38/><T113/><D113/><U58/><E46/><V21/><F94/><W52/><G119/><T131/><D131/><U33/><E29/><V114/><F114/><W66/><G118/><T23/><D26/><N who="1" m="14671" /><E18/><V120/><F120/><W87/><G6/><T117/><D117/><U69/><E69/><V130/><F130/><W72/><G72/><T0/><D0/><U90/><E55/><N who="3" m="21066" /><G7/><T37/><D37/><U86/><E86/><AGARI ba="1,1" hai="11,13,16,23,24,31,40,45,49,86,91,92,96,97" machi="86" ten="30,3900,0" yaku="7,1,8,1,54,1" doraHai="28" who="0" fromWho="1" sc="300,52,204,-42,181,0,305,0" /><INIT seed="7,0,0,0,4,118" ten="352,162,181,305" oya="3" hai0="32,98,41,127,117,97,103,84,105,51,27,7,95" hai1="26,104,126,13,56,50,59,2,47,82,128,36,6" hai2="18,43,74,44,10,60,133,121,21,35,76,81,46" hai3="33,58,83,64,19,111,124,28,80,131,106,37,29"/><W75/><G106/><T5/><D117/><U96/><E128/><V55/><F35/><W109/><G37/><T87/><D127/><U85/><E36/><V15/><F133/><W102/><G102/><T89/><D41/><U99/><E2/><V107/><F107/><W135/><G131/><T8/><D51/><U48/><E26/><V93/><F121/><W3/><G3/><T119/><D119/><U30/><E30/><V24/><F93/><W73/><G124/><T38/><D38/><U90/><E104/><V14/><F14/><W34/><G19/><T65/><D65/><U91/><E126/><V79/><F79/><W112/><G58/><T45/><D45/><U9/><E50/><V4/><F43/><W1/><G1/><T22/><D32/><U66/><E91/><V92/><F92/><W25/><G25/><T123/><D123/><U31/><E31/><V77/><F77/><W62/><G62/><T16/><D7/><U52/><REACH who="1" step="1"/><E56/><REACH who="1" ten="352,152,181,305" step="2"/><V113/><F113/><W40/><G112/><T71/><D71/><U116/><E116/><V42/><F42/><W11/><G40/><T70/><D70/><U129/><E129/><V132/><F132/><W53/><G135/><T108/><D108/><U17/><E17/><V78/><F78/><W125/><G125/><T39/><D39/><U120/><E120/><V0/><F0/><AGARI ba="0,1" hai="0,5,8,16,22,27,84,87,89,95,97,98,103,105" machi="0" ten="30,2000,0" yaku="7,1,54,1" doraHai="118" who="0" fromWho="2" sc="352,30,152,0,181,-20,305,0" owari="382,48.2,152,-34.8,161,-23.9,305,10.5" /></mjloggm>