<mjloggm ver="2.3"><GO type="225" lobby="0"/><UN n0="%E6%9C%88%E5%B3%B6%E5%9F%BA" n1="%72%61%6B%33" n2="%40%77%61%6B%61" n3="%E3%81%BF%E3%81%BF%E3%81%9A" dan="17,16,16,17" rate="2215.02,2113.29,2081.05,2234.23" sx="M,M,M,M"/><TAIKYOKU oya="0"/><INIT seed="0,0,0,4,0,126" ten="250,250,250,250" oya="0" hai0="77,52,7,84,33,69,8,17,127,103,58,119,59" hai1="99,64,68,106,67,78,125,13,128,134,108,98,37" hai2="115,130,118,5,79,57,36,50,10,20,51,61,113" hai3="92,9,131,97,16,54,102,121,93,62,2,112,56"/><T65/><D119/><U132/><E37/><V75/><F36/><W74/><G112/><T96/><D127/><U31/><E125/><V0/><F118/><W80/><G121/><T26/><D69/><U110/><E78/><V45/><F130/><W76/><G131/><T86/><D65/><N who="1" m="25163" /><E128/><V14/><F79/><W30/><G30/><T83/><D59/><U109/><E31/><V100/><F100/><W48/><G2/><T129/><D129/><U11/><E68/><V72/><F113/><W24/><G48/><T123/><D123/><U53/><E53/><V1/><F51/><W43/><G43/><T22/><D33/><U40/><E40/><V3/><F20/><W18/><G9/><T90/><D8/><U29/><E29/><V101/><F101/><W122/><G122/><T55/><D7/><N who="1" m="3327" /><E106/><V32/><F32/><W124/><G124/><T135/><D135/><AGARI ba="0,0" hai="98,99,108,109,110,132,134,135" m="3327,25163" machi="135" ten="40,2600,0" yaku="14,1,20,1" doraHai="126" who="1" fromWho="0" sc="250,-26,250,26,250,0,250,0" /><INIT seed="1,0,0,1,0,103" ten="224,276,250,250" oya="1" hai0="85,34,62,64,61,92,53,105,47,116,87,95,79" hai1="28,134,7,63,112,76,23,80,100,109,46,67,52" hai2="74,86,43,101,94,40,107,27,39,118,32,111,5" hai3="26,121,81,24,51,17,21,91,48,50,58,20,9"/><U10/><E112/><V1/><F86/><N who="3" m="50639" /><G121/><T30/><D116/><U84/><E134/><V82/><F94/><W38/><G38/><T42/><D34/><U124/><E124/><V127/><F43/><W90/><G9/><T83/><D30/><U113/><E113/><V65/><F65/><W54/><G90/><T98/><D53/><U35/><E35/><V49/><F49/><W88/><G88/><T123/><D123/><U73/><E109/><V13/><F13/><W133/><G133/><T70/><D62/><U120/><E120/><V122/><F122/><W19/><AGARI ba="0,0" hai="17,19,20,21,24,26,48,50,51,54,58" m="50639" machi="19" ten="30,1100,0" yaku="8,1" doraHai="103" who="3" fromWho="3" sc="224,-3,276,-5,250,-3,250,11" /><INIT seed="2,0,0,5,1,95" ten="221,271,247,261" oya="2" hai0="134,88,30,20,33,53,83,75,102,118,84,51,2" hai1="36,39,32,77,23,18,97,22,60,52,126,8,19" hai2="76,3,31,91,124,82,24,127,86,28,104,16,14" hai3="13,49,66,130,35,89,121,46,25,40,9,101,78"/><V123/><F104/><W47/><G121/><T65/><D2/><U0/><E32/><V27/><F3/><W37/><G130/><T42/><D33/><U108/><E108/><V54/><F123/><W56/><G78/><T103/><D75/><U26/><E126/><N who="2" m="48171" /><F54/><W122/><G122/><T117/><D65/><U98/><E77/><V10/><F76/><W63/><G101/><T43/><D134/><U120/><E120/><V72/><F72/><W74/><G74/><T99/><D103/><U81/><E81/><V45/><F45/><W96/><G25/><AGARI ba="0,0" hai="10,14,16,24,25,27,28,31,82,86,91" m="48171" machi="25" ten="30,2900,0" yaku="18,1,54,1" doraHai="95" who="2" fromWho="3" sc="221,0,271,0,247,29,261,-29" /><INIT seed="2,1,0,3,1,4" ten="221,271,276,232" oya="2" hai0="82,54,46,64,92,86,104,43,97,37,5,17,109" hai1="48,56,59,12,103,2,108,88,66,1,102,52,6" hai2="131,62,34,60,23,126,67,107,61,80,124,18,55" hai3="133,10,111,127,20,36,125,15,121,35,120,74,100"/><V122/><F122/><W38/><G74/><T70/><D109/><U39/><E39/><N who="3" m="14890" /><G35/><T53/><D104/><U78/><E108/><V118/><F118/><W3/><G111/><T7/><D70/><U77/><E1/><V65/><F107/><W63/><G100/><N who="1" m="38442" /><E2/><V85/><F34/><W68/><G20/><T101/><D64/><U32/><E32/><V11/><F55/><W98/><G98/><T29/><D29/><U9/><E88/><N who="2" m="51239" /><F131/><W116/><G133/><T76/><D54/><N who="1" m="31815" /><E66/><V69/><F69/><W22/><G116/><T73/><D73/><U130/><E130/><V117/><F117/><W113/><G113/><T106/><D106/><U24/><E24/><N who="2" m="14455" /><F124/><N who="3" m="47691" /><G68/><T83/><D101/><U93/><E93/><V57/><F126/><W99/><G99/><T84/><D97/><U14/><E14/><V110/><F110/><W51/><G63/><AGARI ba="1,0" hai="6,9,12,52,59,63,77,78" m="31815,38442" machi="63" ten="30,3900,0" yaku="8,1,52,1,54,1" doraHai="4" who="1" fromWho="3" sc="221,0,271,42,276,0,232,-42" /><INIT seed="3,0,0,2,4,59" ten="221,313,276,190" oya="3" hai0="25,57,98,44,61,56,63,1,34,129,18,133,66" hai1="75,123,70,5,118,105,47,53,65,82,108,55,112" hai2="38,28,64,2,36,14,3,87,100,71,20,0,99" hai3="94,119,104,85,33,126,46,81,125,76,6,39,60"/><W23/><G119/><T17/><D1/><U50/><E112/><V97/><F87/><W95/><G104/><T91/><D129/><U128/><E123/><V32/><F14/><W113/><G33/><T83/><D133/><U35/><E105/><N who="2" m="63631" /><F99/><W54/><G113/><T114/><D114/><U21/><E35/><V132/><F20/><W31/><G6/><T106/><D106/><U107/><E107/><V43/><F43/><W29/><G39/><T67/><D44/><U120/><E120/><V9/><F9/><W130/><G130/><T77/><D91/><U4/><E118/><V73/><F73/><W90/><G95/><T12/><D98/><U40/><E75/><V11/><F11/><W22/><G22/><T111/><D111/><U74/><E108/><V37/><F132/><W24/><G29/><T127/><D127/><N who="3" m="48649" /><G46/><T26/><D34/><U51/><E128/><V79/><F79/><W16/><G31/><T124/><D124/><U131/><E131/><V27/><F38/><W84/><G54/><T62/><D77/><U122/><E122/><V103/><F103/><W8/><G8/><N who="0" m="6279" /><D83/><U86/><E82/><V42/><F42/><W80/><G81/><T134/><D134/><U10/><E40/><V19/><F19/><W58/><G58/><N who="0" m="22635" /><D18/><U101/><E101/><V110/><F110/><W102/><G102/><T49/><D49/><N who="1" m="28863" /><E10/><V52/><F52/><W45/><G45/><T88/><D88/><U78/><E5/><V41/><F41/><W7/><G7/><T93/><D93/><U30/><E4/><V89/><F89/><W116/><G116/><RYUUKYOKU ba="0,0" sc="221,10,313,-30,276,10,190,10" hai0="25,26,61,62,63,66,67" hai2="0,2,3,27,28,32,36,37,64,71" hai3="16,23,24,60,76,80,84,85,90,94" /><INIT seed="3,1,0,3,1,112" ten="231,283,286,200" oya="3" hai0="127,30,84,4,99,118,113,126,50,29,78,10,120" hai1="77,117,65,32,41,56,91,133,18,2,22,58,60" hai2="80,62,49,72,89,66,95,119,57,7,131,61,109" hai3="24,1,74,37,132,44,9,90,69,129,71,110,36"/><W34/><G90/><T92/><D120/><U8/><E32/><V134/><F119/><W116/><G129/><T93/><D113/><U67/><E117/><V3/><F131/><W98/><G98/><T28/><D118/><U42/><E133/><V123/><F109/><W35/><G116/><T45/><D78/><U27/><E77/><V79/><F134/><W31/><G132/><T17/><D17/><N who="1" m="12751" /><E2/><V63/><F123/><W94/><G94/><T107/><D84/><U23/><E8/><V46/><F7/><N who="3" m="1263" /><G110/><T52/><D107/><U81/><E58/><V16/><F16/><W43/><G35/><T40/><D40/><U5/><E67/><V48/><F3/><W130/><G130/><T135/><D135/><U86/><E5/><V20/><F20/><W68/><G36/><T33/><D33/><U83/><E83/><V128/><F128/><W15/><G15/><AGARI ba="1,0" hai="15,18,23,41,42,56,60,65,81,86,91" m="12751" machi="15" ten="30,1000,0" yaku="8,1" doraHai="112" who="1" fromWho="3" sc="231,0,283,13,286,0,200,-13" /><INIT seed="4,0,0,0,5,134" ten="231,296,286,187" oya="0" hai0="48,97,7,103,10,77,86,102,9,49,22,111,84" hai1="115,50,56,8,35,46,119,121,113,39,114,12,110" hai2="76,96,24,78,45,107,52,59,26,17,60,124,88" hai3="38,21,93,72,89,130,44,30,41,69,91,2,109"/><T118/><D118/><U101/><E119/><V20/><F124/><W132/><G72/><T98/><D111/><U28/><E110/><V126/><F126/><W79/><G109/><T116/><D116/><U62/><E121/><V104/><F104/><W133/><G79/><N who="2" m="30249" /><F107/><W14/><G2/><T129/><D77/><U55/><E101/><N who="0" m="38409" /><D129/><U70/><E70/><V36/><F36/><W81/><G130/><T54/><D22/><U71/><E71/><V37/><F37/><W87/><G69/><T57/><D49/><U108/><E108/><V83/><F45/><W33/><G33/><T47/><D47/><U23/><E35/><V18/><F96/><N who="0" m="36970" /><D7/><U11/><E39/><V19/><F20/><W53/><G53/><T106/><D106/><U131/><E131/><V125/><F125/><W80/><G30/><T0/><D0/><U128/><E128/><V43/><F43/><W5/><G5/><T74/><D74/><U1/><E1/><V67/><F67/><W92/><G132/><T51/><D51/><U112/><E112/><V100/><F100/><W66/><G133/><T85/><AGARI ba="0,0" hai="9,10,48,54,57,84,85,86" m="36970,38409" machi="85" ten="30,1500,0" yaku="8,1" doraHai="134" who="0" fromWho="0" sc="231,15,296,-5,286,-5,187,-5" /><INIT seed="4,1,0,5,0,9" ten="246,291,281,182" oya="0" hai0="34,117,4,98,44,97,15,111,45,20,107,92,28" hai1="93,21,90,51,29,32,7,128,65,60,75,1,67" hai2="100,50,106,71,78,17,118,104,18,119,2,87,59" hai3="63,13,127,43,37,77,125,133,55,10,101,6,57"/><T74/><D117/><N who="2" m="44554" /><F71/><W53/><G133/><T42/><D74/><U95/><E75/><V113/><F2/><W35/><G35/><T73/><D73/><U22/><E1/><V83/><F113/><W49/><G77/><T31/><D111/><U68/><E7/><V109/><F109/><W64/><G101/><T102/><D34/><U122/><E122/><V47/><F59/><W56/><REACH who="3" step="1"/><G64/><REACH who="3" ten="246,291,281,172" step="2"/><T80/><D102/><U72/><E67/><V38/><F100/><W25/><G25/><T85/><D107/><N who="2" m="41002" /><F38/><W70/><G70/><T94/><D44/><AGARI ba="1,1" hai="6,10,13,37,43,44,49,53,55,56,57,63,125,127" machi="44" ten="40,5200,0" yaku="1,1,52,1,53,1" doraHai="9" doraHaiUra="39" who="3" fromWho="0" sc="246,-55,291,0,281,0,172,65" /><INIT seed="5,0,0,0,1,103" ten="191,291,281,237" oya="1" hai0="133,75,95,90,52,15,56,31,70,8,84,123,20" hai1="126,76,134,51,63,109,79,34,66,19,38,129,78" hai2="120,100,39,99,42,82,44,64,67,27,53,81,49" hai3="48,2,117,97,98,116,131,36,124,91,18,4,6"/><U32/><E38/><V29/><F120/><W118/><G36/><T72/><D123/><U102/><E102/><V37/><F37/><W93/><G124/><T62/><D133/><U73/><E73/><V30/><F67/><W96/><G131/><T94/><D70/><U85/><E134/><V50/><F64/><W47/><G18/><T104/><D104/><U41/><E129/><V87/><F39/><W28/><G28/><T1/><D1/><U86/><E126/><V22/><F29/><W0/><G0/><T7/><REACH who="0" step="1"/><D94/><REACH who="0" ten="181,291,281,237" step="2"/><U3/><E3/><V71/><F71/><W9/><REACH who="3" step="1"/><G4/><REACH who="3" ten="181,291,281,227" step="2"/><T111/><D111/><U26/><E109/><V125/><F125/><W24/><G24/><AGARI ba="0,2" hai="7,8,15,20,24,31,52,56,62,72,75,84,90,95" machi="24" ten="40,2600,0" yaku="1,1,54,1,53,0" doraHai="103" doraHaiUra="114" who="0" fromWho="3" sc="181,46,291,0,281,0,227,-26" /><INIT seed="6,0,0,3,5,17" ten="227,291,281,201" oya="2" hai0="22,14,38,110,83,48,95,15,114,102,128,131,13" hai1="34,2,21,87,25,1,117,133,121,93,12,45,125" hai2="79,80,77,5,90,98,60,92,104,57,107,89,100" hai3="129,71,36,28,55,35,7,72,111,69,50,20,30"/><V119/><F119/><W9/><G111/><T27/><D38/><U122/><E117/><V62/><F5/><W33/><G36/><T75/><D110/><U73/><E73/><V123/><F123/><N who="1" m="47113" /><E125/><V64/><F60/><W52/><G72/><T37/><D37/><U127/><E127/><V3/><F3/><N who="1" m="1033" /><E133/><V11/><F11/><W99/><G9/><T40/><D75/><U56/><E45/><V59/><F59/><W88/><G50/><T31/><D114/><U132/><E132/><V47/><F47/><W44/><G44/><T85/><D48/><U84/><E93/><V26/><F26/><W29/><G7/><T58/><D40/><U18/><E56/><V49/><F49/><W112/><G112/><T103/><D58/><U67/><E67/><V91/><REACH who="2" step="1"/><F79/><REACH who="2" ten="227,291,271,201" step="2"/><W0/><G0/><T46/><D46/><U65/><E65/><V105/><F105/><W19/><G129/><T16/><D128/><U86/><E34/><V76/><F76/><W41/><G41/><T61/><D131/><U70/><E25/><V113/><F113/><W54/><G35/><T120/><D120/><U134/><E134/><V101/><F101/><W32/><G33/><N who="0" m="20735" /><D61/><U24/><E24/><V106/><F106/><W124/><G32/><T8/><D103/><U118/><E118/><V39/><F39/><W135/><G124/><T81/><D102/><U53/><E70/><N who="3" m="26634" /><G135/><T94/><D8/><U96/><E53/><N who="3" m="13570" /><W51/><DORA hai="78" /><G51/><T74/><D15/><U97/><AGARI ba="0,1" hai="12,18,21,84,86,87,96,97" m="1033,47113" machi="97" ten="40,2700,0" yaku="13,1,52,1" doraHai="17,78" who="1" fromWho="1" sc="227,-7,291,37,271,-13,201,-7" owari="220,-18.0,328,42.8,258,5.8,194,-30.6" /></mjloggm>