<mjloggm ver="2.3"><GO type="225" lobby="0"/><UN n0="%E7%B4%94%E6%BD%94%E3%83%94%E3%83%A9%E3%83%8B%E3%82%A2" n1="%33%74%72%65%65" n2="%E3%82%A4%E3%83%BC%E3%82%B1%E3%83%97%E3%83%A9" n3="%E3%81%8B%E3%82%8F%E3%81%A1%E3%82%83%E3%82%93%35%38" dan="16,17,17,16" rate="2203.87,2155.59,2155.48,2130.48" sx="M,F,M,M"/><TAIKYOKU oya="0"/><INIT seed="0,0,0,2,5,65" ten="250,250,250,250" oya="0" hai0="78,132,49,112,35,36,104,115,89,82,55,51,68" hai1="110,100,43,60,77,29,57,79,39,70,74,15,62" hai2="10,88,16,95,97,28,122,52,109,75,11,40,2" hai3="47,9,69,38,53,42,34,108,131,46,121,98,106"/><T96/><D36/><U128/><E110/><V134/><F122/><W61/><G9/><T45/><D35/><U14/><E128/><V27/><F75/><W30/><G53/><T125/><D132/><U3/><E3/><V120/><F120/><W33/><G121/><T93/><D125/><U12/><E29/><V67/><F134/><W26/><G108/><T5/><D68/><U99/><E39/><V48/><F109/><W25/><G46/><T19/><D5/><U1/><E1/><V54/><F67/><N who="3" m="41199" /><G131/><T111/><D104/><U6/><E43/><V86/><F2/><W133/><G133/><T90/><D90/><U8/><E70/><V127/><F127/><W7/><G7/><T124/><D124/><U72/><E74/><V4/><F4/><W63/><G63/><T130/><D130/><U13/><E72/><V81/><F40/><W37/><G37/><T83/><D111/><U87/><E87/><V116/><F54/><W103/><G25/><T66/><D66/><U84/><E84/><V18/><F116/><W114/><G114/><T101/><D49/><U22/><E22/><N who="2" m="15479" /><F10/><W24/><G24/><T102/><D19/><U64/><REACH who="1" step="1"/><E62/><REACH who="1" ten="250,240,250,250" step="2"/><V118/><F118/><W80/><G80/><T76/><D115/><U23/><E23/><V123/><F123/><W59/><G33/><T119/><D112/><U73/><E73/><V0/><F0/><W50/><G38/><T21/><D21/><U44/><E44/><N who="2" m="27655" /><F11/><W126/><G126/><T113/><D113/><U129/><E129/><V56/><F56/><AGARI ba="0,1" hai="26,30,34,42,47,50,56,59,98,103,106" m="41199" machi="56" ten="30,2000,0" yaku="25,1,52,1" doraHai="65" who="3" fromWho="2" sc="250,0,240,0,250,-20,250,30" /><INIT seed="1,0,0,4,2,109" ten="250,240,230,280" oya="1" hai0="97,46,96,48,75,13,122,121,34,92,26,117,106" hai1="70,33,30,60,5,20,73,74,19,91,95,111,104" hai2="40,14,124,119,133,131,59,32,65,56,39,31,63" hai3="112,94,116,110,114,61,54,120,103,93,102,85,24"/><U1/><E104/><V49/><F119/><W8/><G120/><N who="0" m="46187" /><D75/><U84/><E111/><V113/><F131/><W23/><G110/><T67/><D117/><U115/><E115/><V10/><F124/><W27/><G116/><T62/><D13/><U134/><E134/><V66/><F133/><W4/><G61/><T42/><D106/><U128/><E128/><V129/><F129/><W107/><G54/><T71/><D92/><U105/><E105/><V50/><F113/><W125/><G125/><T47/><D46/><U108/><E108/><V15/><F39/><W57/><G57/><T18/><D18/><U44/><E44/><V78/><F78/><W17/><G24/><T90/><D90/><U6/><E70/><V77/><F77/><W35/><G35/><T126/><D126/><U21/><E60/><V22/><F32/><W86/><G107/><T98/><D26/><U130/><E130/><V3/><F3/><W99/><G86/><T11/><D11/><N who="1" m="2479" /><E6/><N who="2" m="3415" /><F40/><W53/><G53/><T55/><D34/><U87/><E33/><V37/><F37/><W101/><G85/><T7/><D7/><U76/><E74/><V45/><F45/><W29/><G17/><T25/><D25/><N who="1" m="16679" /><E73/><V135/><F135/><W16/><G29/><T36/><D36/><U88/><E76/><V28/><F28/><W100/><REACH who="3" step="1"/><G93/><REACH who="3" ten="250,240,230,270" step="2"/><T41/><AGARI ba="0,1" hai="41,42,47,48,55,62,67,71,96,97,98" m="46187" machi="41" ten="40,1500,0" yaku="13,1" doraHai="109" who="0" fromWho="0" sc="250,25,240,-7,230,-4,270,-4" /><INIT seed="2,0,0,0,1,31" ten="275,233,226,266" oya="2" hai0="74,24,37,86,44,90,12,81,103,84,42,45,79" hai1="63,4,30,125,1,36,20,43,88,100,28,104,94" hai2="8,40,83,64,14,48,120,34,108,123,39,133,25" hai3="3,112,23,95,54,71,96,130,26,73,51,53,114"/><V68/><F39/><W49/><G130/><T102/><D74/><U22/><E125/><V27/><F133/><W32/><G73/><T111/><D111/><U0/><E104/><V134/><F134/><W72/><G72/><T92/><D24/><U35/><E100/><V17/><F108/><W59/><G3/><T6/><D44/><U91/><E36/><V62/><F83/><W127/><G71/><T60/><D60/><U89/><E94/><V19/><F27/><W110/><G110/><T131/><D131/><U21/><E63/><V122/><F19/><W9/><G9/><T119/><D119/><U33/><E43/><V93/><F93/><W116/><G116/><T113/><D113/><N who="3" m="43625" /><G127/><T56/><D56/><U117/><E117/><V87/><F87/><W2/><G2/><N who="1" m="1130" /><E4/><V99/><F99/><W46/><G32/><AGARI ba="0,0" hai="20,21,22,28,30,32,33,35,88,89,91" m="1130" machi="32" ten="40,12000,2" yaku="28,2,52,3,54,1" doraHai="31" who="1" fromWho="3" sc="275,0,233,120,226,0,266,-120" /><INIT seed="3,0,0,2,2,97" ten="275,353,226,146" oya="3" hai0="92,84,68,9,47,27,33,134,6,132,119,43,90" hai1="129,104,56,58,20,109,98,13,52,77,79,42,7" hai2="96,82,108,74,111,34,106,25,131,46,81,36,17" hai3="16,21,101,120,18,94,51,103,5,114,66,107,126"/><W40/><G114/><T65/><D119/><U128/><E109/><N who="2" m="42059" /><F131/><N who="1" m="50249" /><E42/><N who="2" m="22855" /><F74/><W14/><G120/><T86/><D84/><U35/><E35/><V61/><F61/><W85/><G107/><T53/><D90/><U93/><E104/><V59/><F59/><N who="1" m="22569" /><E52/><V29/><F17/><W102/><G126/><T99/><D27/><U45/><E45/><V121/><F121/><W100/><G66/><T72/><D9/><N who="1" m="4287" /><E20/><V60/><F60/><W122/><G122/><T67/><D92/><U87/><E87/><V0/><F0/><W89/><N who="3" m="25600" /><DORA hai="1" /><W54/><G40/><T70/><D68/><U71/><E71/><V118/><F106/><W115/><G115/><T49/><D6/><U4/><E4/><V127/><F96/><W124/><G124/><T117/><D49/><U3/><E3/><V31/><F127/><W76/><G76/><T69/><D69/><U113/><E113/><V135/><F135/><W73/><G73/><T11/><D67/><U15/><E77/><V39/><F118/><W95/><G95/><T64/><D117/><U44/><E93/><V57/><F57/><N who="3" m="32991" /><G21/><T50/><D64/><U26/><E79/><V133/><F133/><W105/><G105/><T12/><D65/><U80/><E80/><N who="2" m="30827" /><F39/><W63/><G63/><T55/><D72/><U41/><E41/><V88/><F88/><W125/><G125/><T123/><D70/><U28/><E98/><V38/><F38/><W130/><G130/><T116/><D99/><U110/><E110/><V91/><F91/><W32/><G32/><T75/><D123/><U19/><E44/><V62/><F62/><RYUUKYOKU ba="0,0" sc="275,-15,353,-15,226,15,146,15" hai2="25,29,31,34" hai3="5,14,16,18,85,89,94" /><INIT seed="3,1,0,4,3,66" ten="260,338,241,161" oya="3" hai0="78,54,0,70,61,69,49,57,93,114,22,120,43" hai1="8,71,32,126,14,60,41,1,24,62,65,92,85" hai2="90,111,96,77,19,16,13,125,47,87,68,18,89" hai3="25,108,88,34,132,84,53,107,40,128,81,110,115"/><W117/><G115/><T3/><D120/><U20/><E1/><V122/><F68/><W46/><G117/><T91/><D114/><U48/><E32/><V101/><F122/><W131/><G107/><T31/><D78/><U42/><E126/><V99/><F125/><W123/><G123/><T11/><D0/><U44/><E42/><V21/><F111/><N who="3" m="42539" /><G132/><T74/><D74/><U105/><E105/><V121/><F121/><W104/><G104/><T82/><D82/><U130/><E130/><N who="3" m="49706" /><G53/><T36/><D36/><U10/><E62/><V39/><F77/><W5/><G5/><T103/><D103/><U119/><E119/><V100/><F39/><N who="3" m="21791" /><G25/><T133/><D133/><U127/><E127/><V102/><F47/><W17/><G17/><N who="2" m="6761" /><F90/><W23/><G23/><T75/><D91/><U129/><E24/><V97/><F101/><W51/><G51/><T37/><D49/><U118/><E48/><V28/><F28/><W29/><G34/><T27/><D27/><U109/><E20/><V33/><F33/><W134/><G134/><T9/><D22/><U56/><E109/><V95/><AGARI ba="1,0" hai="13,19,21,87,89,95,96,97,99,100,102" m="6761" machi="95" ten="30,2000,0" yaku="8,1,54,1" doraHai="66" who="2" fromWho="2" sc="260,-6,338,-6,241,23,161,-11" owari="254,-14.6,332,43.2,264,6.4,150,-35.0" /></mjloggm>