<mjloggm ver="2.3"><GO type="169" lobby="0"/><UN n0="%4F%4D%41%4E%54%41" n1="%E6%AF%94%E5%98%89%E6%84%9B%E6%9C%AA" n2="%E6%B3%A2%E4%B9%83%E7%90%86" n3="%E8%99%B9%E8%89%B2%E3%82%B8%E3%83%A7%E3%83%BC%E3%82%AB%E3%83%BC" dan="17,19,16,17" rate="2188.27,2273.19,2123.72,2190.56" sx="M,F,M,M"/><TAIKYOKU oya="0"/><INIT seed="0,0,0,5,0,110" ten="250,250,250,250" oya="0" hai0="15,0,133,90,42,52,75,80,30,129,54,108,127" hai1="55,98,36,85,66,109,14,11,92,91,34,60,53" hai2="123,18,121,25,17,5,106,130,47,62,132,39,22" hai3="1,82,57,77,112,99,131,44,6,79,113,81,100"/><T26/><D0/><U63/><E109/><V45/><F106/><N who="3" m="63775" /><G57/><T97/><D108/><U29/><E36/><V23/><F130/><W102/><G44/><T95/><D129/><U104/><E63/><V64/><F132/><W105/><G6/><T74/><D133/><U4/><E104/><V84/><F5/><W134/><G1/><T111/><D111/><U27/><REACH who="1" step="1"/><E98/><REACH who="1" ten="250,240,250,250" step="2"/><V51/><F39/><W67/><G131/><T114/><D127/><U50/><E50/><V103/><F123/><W43/><G134/><T89/><D97/><U37/><E37/><V2/><F121/><W16/><G105/><T21/><D54/><U8/><E8/><V59/><F51/><W125/><G67/><T94/><D52/><U126/><E126/><V41/><F62/><W49/><G125/><T87/><D42/><U71/><AGARI ba="0,1" hai="4,11,14,27,29,34,53,55,60,66,71,85,91,92" machi="71" ten="20,2700,0" yaku="1,1,0,1,7,1,53,0" doraHai="110" doraHaiUra="135" who="1" fromWho="1" sc="250,-13,240,37,250,-7,250,-7" /><INIT seed="1,0,0,2,4,126" ten="237,277,243,243" oya="1" hai0="120,21,39,85,42,86,122,55,118,113,117,17,115" hai1="76,130,53,98,9,40,93,116,13,114,56,81,10" hai2="73,63,38,6,8,24,123,77,41,54,83,102,96" hai3="36,62,37,68,110,12,29,2,112,28,94,0,91"/><U64/><E114/><N who="0" m="43529" /><D42/><U48/><E116/><N who="0" m="44649" /><D55/><U15/><E64/><V125/><F123/><N who="0" m="47146" /><D39/><U82/><E40/><V16/><F125/><W11/><G37/><T1/><D1/><U128/><E10/><V7/><F54/><W127/><G36/><T35/><D35/><U60/><E48/><V30/><F63/><W67/><G2/><T66/><D66/><U80/><E76/><V51/><F51/><W61/><G61/><T22/><D17/><U19/><REACH who="1" step="1"/><E13/><REACH who="1" ten="237,267,243,243" step="2"/><V69/><F41/><W45/><G12/><T31/><D31/><U133/><E133/><V33/><F38/><W23/><G29/><T99/><D99/><U14/><E14/><V26/><F8/><W107/><G11/><T129/><D86/><U132/><E132/><V43/><F43/><W131/><G67/><T95/><D85/><U103/><AGARI ba="0,1" hai="9,15,19,53,56,60,80,81,82,93,98,103,128,130" machi="103" ten="30,11700,0" yaku="1,1,0,1,52,2,53,0" doraHai="126" doraHaiUra="3" who="1" fromWho="1" sc="237,-39,267,127,243,-39,243,-39" /><INIT seed="1,1,0,0,3,6" ten="198,394,204,204" oya="1" hai0="48,88,113,47,80,72,124,37,115,116,29,5,41" hai1="2,135,18,66,10,93,102,9,40,20,35,69,123" hai2="101,56,74,45,55,30,23,114,34,28,49,99,83" hai3="134,0,71,15,119,78,91,84,117,89,43,107,14"/><U120/><E35/><V79/><F114/><W32/><G32/><T65/><D116/><N who="3" m="44617" /><G0/><T131/><D131/><U118/><E118/><V133/><F133/><W76/><G71/><T1/><D124/><U21/><E2/><V103/><F34/><W51/><G107/><T125/><D125/><U81/><E40/><V112/><F112/><W7/><G134/><T57/><D29/><U108/><E135/><V39/><F103/><W13/><G7/><T70/><D70/><U3/><E3/><V73/><F73/><W64/><G64/><T25/><D25/><U38/><E38/><V130/><F130/><W121/><G121/><T42/><D42/><U86/><E69/><V24/><F39/><W61/><G61/><N who="0" m="38063" /><D88/><N who="3" m="33865" /><G84/><T52/><D115/><U122/><E66/><V59/><REACH who="2" step="1"/><F30/><REACH who="2" ten="198,394,194,204" step="2"/><W97/><G97/><T53/><D113/><U110/><E120/><V27/><F27/><W68/><G68/><T33/><D33/><U98/><E122/><V62/><F62/><W105/><G105/><AGARI ba="1,1" hai="23,24,28,45,49,55,56,59,74,79,83,99,101,105" machi="105" ten="30,2000,0" yaku="1,1,7,1,53,0" doraHai="6" doraHaiUra="60" who="2" fromWho="3" sc="198,0,394,0,194,33,204,-23" /><INIT seed="2,0,0,2,2,121" ten="198,394,227,181" oya="2" hai0="77,134,5,15,59,20,65,71,24,42,16,93,40" hai1="58,112,123,120,133,83,34,68,79,126,21,130,12" hai2="38,76,80,48,4,26,87,110,63,60,9,33,3" hai3="88,69,106,66,91,57,37,50,18,104,49,101,47"/><V95/><F38/><W125/><G125/><T90/><D71/><U74/><E112/><V84/><F33/><W56/><G37/><T100/><D134/><U98/><E68/><V75/><F75/><W127/><G127/><T124/><D77/><U96/><E126/><V111/><F26/><W7/><G69/><T36/><D124/><U0/><E34/><V31/><F31/><W119/><G7/><T99/><D36/><U128/><E0/><V39/><F39/><W10/><G10/><T92/><D5/><U8/><E21/><V30/><F30/><W64/><G101/><T89/><D24/><U6/><E58/><V70/><F48/><W117/><REACH who="3" step="1"/><G18/><REACH who="3" ten="198,394,227,171" step="2"/><T11/><D11/><U94/><E8/><V62/><REACH who="2" step="1"/><F70/><REACH who="2" ten="198,394,217,171" step="2"/><W67/><G67/><T116/><D116/><U109/><E120/><V28/><F28/><W107/><G107/><T85/><D100/><U97/><E123/><V131/><F131/><W1/><G1/><T81/><D65/><U118/><E118/><V41/><F41/><W115/><G115/><T22/><D42/><U55/><E128/><V102/><F102/><W17/><G17/><T61/><D40/><U29/><E130/><V72/><F72/><W132/><G132/><T25/><D16/><U113/><E133/><V103/><F103/><W54/><G54/><T14/><D14/><U129/><E12/><V52/><F52/><W19/><G19/><T43/><D15/><U73/><E55/><V53/><F53/><W78/><G78/><T32/><D43/><U135/><E135/><V108/><F108/><W13/><G13/><RYUUKYOKU ba="0,2" sc="198,-15,394,-15,217,15,171,15" hai2="3,4,9,60,62,63,76,80,84,87,95,110,111" hai3="47,49,50,56,57,64,66,88,91,104,106,117,119" /><INIT seed="2,1,2,2,3,37" ten="183,379,232,186" oya="2" hai0="100,71,61,19,85,45,68,86,107,118,91,83,73" hai1="9,48,70,2,105,34,53,1,33,17,108,90,22" hai2="5,0,55,134,60,21,56,80,82,65,132,114,7" hai3="59,76,106,51,92,128,38,115,64,127,14,8,20"/><V27/><F114/><W97/><G38/><T126/><D126/><U133/><E70/><V13/><F0/><W32/><G32/><T26/><D118/><U74/><E74/><V94/><F94/><W25/><G127/><T15/><D26/><U43/><E105/><V99/><F99/><W89/><G115/><T75/><D85/><U131/><E33/><V36/><F36/><W72/><G128/><T77/><D61/><U103/><E34/><V31/><F65/><W10/><G106/><T50/><D100/><U121/><E2/><V39/><F39/><W28/><G72/><T125/><D107/><U54/><E1/><V81/><REACH who="2" step="1"/><F13/><REACH who="2" ten="183,379,222,186" step="2"/><W57/><G14/><T49/><D125/><U120/><E131/><V63/><F63/><N who="3" m="37999" /><G76/><T18/><D50/><U79/><E48/><V11/><F11/><W135/><G135/><AGARI ba="1,3" hai="5,7,21,27,31,55,56,60,80,81,82,132,134,135" machi="135" ten="40,3900,0" yaku="1,1,20,1,53,0" doraHai="37" doraHaiUra="111" who="2" fromWho="3" sc="183,0,379,0,222,72,186,-42" /><INIT seed="2,2,0,0,4,67" ten="183,379,294,144" oya="2" hai0="94,65,128,131,76,117,26,107,2,102,6,98,62" hai1="10,18,53,122,96,101,88,12,92,24,87,79,29" hai2="27,75,59,22,49,113,44,71,51,8,13,45,132" hai3="38,99,89,86,78,55,33,15,35,31,16,72,95"/><V127/><F113/><W126/><G38/><T120/><D120/><U81/><E122/><V36/><F75/><W7/><G126/><T118/><D76/><U103/><REACH who="1" step="1"/><E53/><REACH who="1" ten="183,369,294,144" step="2"/><V124/><F127/><W73/><G55/><T68/><D128/><U97/><E97/><V77/><F124/><W19/><G99/><T56/><D131/><U108/><E108/><V112/><F112/><W50/><G50/><T28/><D56/><U60/><E60/><V17/><F36/><W135/><G73/><T0/><D117/><U40/><E40/><N who="2" m="24711" /><F59/><W84/><G72/><T104/><D118/><U80/><E80/><V37/><F37/><W130/><G130/><T134/><D134/><U61/><E61/><V64/><F132/><W125/><G135/><T93/><D107/><U105/><E105/><V11/><F64/><W85/><G125/><T121/><D121/><U3/><E3/><V9/><F71/><W69/><G69/><T70/><D70/><U32/><AGARI ba="2,1" hai="10,12,18,24,29,32,79,81,87,88,92,96,101,103" machi="32" ten="20,5200,0" yaku="1,1,0,1,7,1,54,1,53,0" doraHai="67" doraHaiUra="116" who="1" fromWho="1" sc="183,-15,369,68,294,-28,144,-15" /><INIT seed="3,0,0,0,2,104" ten="168,437,266,129" oya="3" hai0="134,33,77,53,70,84,129,44,95,38,23,43,132" hai1="108,127,21,27,32,113,109,79,110,24,66,4,61" hai2="49,67,100,14,124,3,46,111,106,8,37,68,36" hai3="39,88,91,101,81,17,52,25,93,62,85,0,22"/><W26/><G39/><T71/><D33/><U1/><E113/><V7/><F124/><W42/><G0/><T135/><D129/><U2/><E127/><V65/><F111/><W57/><G42/><T9/><D23/><U6/><E79/><V130/><F130/><W114/><G114/><T116/><D116/><U96/><E96/><N who="2" m="61703" /><F49/><W13/><REACH who="3" step="1"/><G101/><REACH who="3" ten="168,437,266,119" step="2"/><T76/><D43/><U55/><E1/><V64/><F37/><W69/><G69/><T115/><D38/><U86/><E2/><V126/><F126/><W29/><G29/><T48/><D115/><U20/><E108/><V80/><F3/><W105/><G105/><T59/><D71/><U92/><E109/><V112/><F112/><W54/><G54/><N who="0" m="29959" /><D70/><U83/><E55/><V47/><F68/><W35/><G35/><T50/><D9/><U58/><E32/><V16/><F36/><W90/><G90/><AGARI ba="0,1" hai="50,53,59,76,77,84,90,95,132,134,135" m="29959" machi="90" ten="30,1000,0" yaku="20,1" doraHai="104" who="0" fromWho="3" sc="168,20,437,0,266,0,119,-10" /><INIT seed="4,0,0,3,5,1" ten="188,437,266,109" oya="0" hai0="117,76,87,81,97,86,51,27,124,42,38,95,101" hai1="123,28,65,88,60,41,7,17,69,98,10,115,9" hai2="63,53,59,11,80,106,21,20,104,52,108,96,3" hai3="92,130,67,110,129,71,6,22,57,102,119,127,131"/><T35/><D117/><U40/><E123/><V62/><F108/><W78/><G119/><T134/><D124/><U73/><E73/><V112/><F112/><W70/><G110/><T26/><D38/><U24/><E115/><V23/><F80/><W55/><G127/><T12/><D134/><U37/><E17/><V8/><F96/><W116/><G116/><T121/><D121/><U132/><E132/><V66/><F66/><W133/><G133/><T111/><D111/><U43/><E37/><V44/><F44/><W0/><G78/><T47/><D35/><U19/><E19/><V90/><F90/><W125/><G22/><T13/><REACH who="0" step="1"/><D86/><REACH who="0" ten="178,437,266,109" step="2"/><U135/><E135/><V33/><F33/><W107/><G125/><T113/><D113/><U75/><E75/><V118/><F118/><W18/><G129/><T89/><D89/><U30/><E88/><V103/><F103/><W16/><G131/><T56/><D56/><U122/><E122/><V120/><F120/><W128/><G130/><T64/><D64/><U74/><E74/><V2/><F23/><W45/><G128/><T54/><D54/><U31/><E65/><V83/><F83/><W48/><G67/><T61/><D61/><U5/><E60/><V109/><F109/><W36/><G57/><AGARI ba="0,1" hai="2,3,8,11,20,21,52,53,57,59,62,63,104,106" machi="57" ten="25,3200,0" yaku="22,2,54,1" doraHai="1" who="2" fromWho="3" sc="178,0,437,0,266,42,109,-32" /><INIT seed="5,0,0,4,2,20" ten="178,437,308,77" oya="1" hai0="55,46,128,107,82,118,90,53,85,135,58,100,11" hai1="95,101,133,103,73,113,40,105,77,76,47,15,3" hai2="125,96,34,48,93,134,89,25,14,6,88,35,19" hai3="0,104,7,37,9,97,110,61,112,78,23,49,57"/><U26/><E3/><V36/><F36/><W83/><G110/><T84/><D118/><U30/><E105/><V130/><F130/><W127/><G37/><T102/><D128/><U122/><E122/><V116/><F116/><W75/><G112/><T31/><D107/><U108/><E113/><V94/><F125/><W109/><G109/><T44/><D135/><U13/><E108/><V126/><F126/><W121/><G127/><T124/><D124/><U63/><E133/><V21/><F134/><W38/><G38/><T29/><D11/><U129/><E129/><V59/><F59/><W72/><G121/><T43/><D43/><U92/><E63/><V12/><F48/><W117/><G49/><T114/><D114/><U111/><E73/><V51/><F51/><W50/><G50/><T67/><D67/><U132/><E132/><V16/><F6/><W91/><G117/><T68/><D68/><U41/><E111/><V60/><F60/><W123/><G123/><T79/><D58/><U24/><E30/><V39/><F39/><W18/><G75/><T52/><D29/><U65/><E65/><V106/><F106/><W8/><G8/><T66/><D31/><U80/><E80/><V69/><F69/><W27/><G104/><T32/><D66/><U22/><E22/><N who="2" m="13511" /><F34/><W115/><G115/><T1/><D1/><U70/><E70/><V45/><F45/><AGARI ba="0,0" hai="13,15,24,26,40,41,45,47,76,77,92,95,101,103" machi="45" ten="25,12000,1" yaku="22,2,8,1,52,2" doraHai="20" who="1" fromWho="2" sc="178,0,437,120,308,-120,77,0" /><INIT seed="5,1,0,5,5,16" ten="178,557,188,77" oya="1" hai0="65,2,51,115,79,78,118,22,72,101,109,37,41" hai1="87,123,20,62,21,66,25,27,67,17,52,106,10" hai2="14,84,57,116,75,85,95,54,38,133,127,97,11" hai3="73,33,105,35,55,91,24,88,69,126,46,61,1"/><U130/><E123/><V77/><F38/><W19/><G73/><T99/><D109/><U89/><E106/><V110/><F110/><W96/><G1/><T29/><D118/><U132/><E132/><V108/><F108/><W56/><G126/><T83/><D2/><U90/><E130/><V32/><F32/><W117/><G117/><T134/><D115/><U13/><E27/><V26/><F116/><W131/><G131/><T121/><D37/><U103/><E103/><V18/><F127/><W107/><G69/><T119/><D119/><U92/><E89/><V6/><F77/><W53/><G46/><T4/><D121/><U114/><E114/><V113/><F75/><W47/><G47/><T98/><D79/><U122/><E122/><V129/><F129/><W34/><G55/><T28/><D65/><N who="1" m="24587" /><E25/><V7/><F7/><W8/><G8/><T30/><D101/><U68/><E68/><V125/><F125/><W63/><G63/><T59/><D4/><U60/><E60/><N who="2" m="35895" /><F113/><W40/><G91/><T58/><D134/><U86/><E86/><V49/><F49/><W104/><G104/><T120/><D120/><U93/><E93/><V112/><F112/><W39/><G107/><T102/><D102/><U81/><E92/><V94/><F94/><N who="3" m="56391" /><G105/><T76/><D76/><U42/><E42/><V80/><F80/><W0/><G0/><T36/><D36/><U111/><E111/><V100/><F133/><W43/><G39/><T31/><D41/><U124/><E124/><V64/><F64/><W45/><G45/><T5/><D72/><U9/><E62/><RYUUKYOKU ba="1,0" sc="178,-15,557,-15,188,15,77,15" hai2="6,11,14,18,26,84,85,95,97,100" hai3="19,24,33,34,35,40,43,53,56,61" /><INIT seed="6,2,0,4,3,59" ten="163,542,203,92" oya="2" hai0="63,91,21,26,16,73,25,75,101,83,113,2,6" hai1="120,80,20,126,5,109,71,54,86,56,133,32,35" hai2="99,93,67,102,110,24,66,51,89,103,98,19,81" hai3="45,15,76,0,14,79,60,90,28,134,82,124,22"/><V115/><F115/><W85/><G0/><T12/><D113/><U58/><E109/><V9/><F110/><W10/><G134/><T108/><D108/><U3/><E71/><V11/><F51/><W39/><G124/><T117/><D117/><U100/><E133/><V34/><F34/><W94/><G76/><T18/><D101/><U50/><E126/><V36/><F36/><W111/><G111/><T44/><D2/><U116/><E116/><V33/><F33/><W78/><G78/><T49/><D6/><U37/><E37/><V53/><F53/><W55/><G39/><T52/><D63/><U72/><E72/><V43/><F43/><W127/><G127/><T38/><D38/><U130/><E120/><V70/><F81/><W13/><G45/><T122/><D122/><U42/><E42/><V68/><F89/><W29/><G22/><N who="0" m="11527" /><D73/><U87/><E80/><V61/><F67/><W1/><G1/><T41/><D75/><U131/><E50/><V96/><F96/><W88/><G10/><T135/><D135/><U84/><E54/><V97/><F97/><N who="3" m="57543" /><G90/><T65/><D65/><U107/><E35/><V112/><F112/><W4/><G4/><T30/><D41/><U92/><E32/><V132/><F70/><W40/><G40/><T118/><D118/><U119/><E119/><V17/><F132/><W23/><G23/><N who="0" m="15679" /><D91/><U47/><E20/><N who="2" m="13327" /><F19/><W123/><G123/><T125/><D125/><U114/><E114/><V121/><F121/><W62/><G55/><T104/><D83/><U46/><E3/><V105/><F68/><W95/><G95/><RYUUKYOKU ba="2,0" sc="163,10,542,-30,203,10,92,10" hai0="18,21,26,44,49,52,104" hai2="9,11,61,66,93,98,99,102,103,105" hai3="13,14,15,28,29,60,62,79,82,85" /><INIT seed="6,3,0,0,0,129" ten="173,512,213,102" oya="2" hai0="2,85,28,94,54,38,82,46,62,4,114,74,102" hai1="13,98,19,7,93,97,42,103,92,41,30,0,10" hai2="127,116,71,128,91,40,121,20,34,53,72,44,50" hai3="89,115,25,81,106,37,75,83,125,131,96,1,16"/><V90/><F121/><W52/><G131/><T112/><D28/><U58/><E30/><V15/><F71/><W60/><G37/><T32/><D32/><U35/><E35/><V18/><F128/><W29/><G1/><T113/><D74/><U76/><E76/><V22/><F34/><W5/><G125/><T45/><D102/><U134/><E134/><V69/><F127/><W49/><G5/><T63/><D94/><U110/><E110/><V117/><F69/><W14/><G75/><T87/><D87/><U21/><E58/><V61/><F72/><W17/><G60/><N who="0" m="23083" /><D54/><U47/><E47/><N who="0" m="17929" /><D38/><U31/><E31/><V6/><F6/><W56/><G106/><T64/><D64/><U59/><E59/><V124/><F124/><W67/><G67/><T65/><D65/><U109/><E109/><V120/><F120/><W55/><G55/><T133/><D133/><U107/><E107/><V23/><F117/><W24/><G17/><T104/><D104/><U108/><E108/><V80/><F116/><W135/><G135/><T68/><D68/><U130/><E130/><V105/><F105/><W33/><G25/><T132/><D132/><U99/><E99/><V88/><REACH who="2" step="1"/><F80/><REACH who="2" ten="173,512,203,102" step="2"/><W77/><G77/><N who="0" m="46287" /><D4/><U36/><E7/><V26/><F26/><W66/><G66/><T119/><D119/><U101/><E0/><AGARI ba="3,1" hai="0,2,112,113,114" m="46287,17929,23083" machi="0" ten="40,1300,0" yaku="15,1" doraHai="129" who="0" fromWho="1" sc="173,32,512,-22,203,0,102,0" /><INIT seed="7,0,0,1,1,2" ten="205,490,203,102" oya="3" hai0="32,122,57,30,118,66,83,58,45,135,125,4,29" hai1="129,93,23,124,26,114,52,101,47,55,59,106,3" hai2="134,117,81,100,54,43,1,77,69,79,37,36,95" hai3="110,102,112,49,104,10,71,94,15,13,120,111,123"/><W40/><G71/><T31/><D122/><U109/><E106/><V92/><F117/><W68/><G68/><T19/><D118/><U35/><E35/><V85/><F69/><W98/><G112/><T50/><D125/><U0/><E109/><N who="3" m="41482" /><G104/><T44/><D135/><U74/><E74/><V46/><F134/><W87/><G87/><T51/><D32/><U60/><E124/><V133/><F133/><W116/><G116/><T113/><D4/><U88/><E101/><V107/><F37/><W7/><G15/><T80/><D19/><N who="1" m="12671" /><E129/><V89/><F1/><W67/><G67/><T91/><D91/><U24/><E24/><V103/><F107/><W48/><G40/><T63/><D113/><U72/><E72/><V65/><F65/><W28/><G28/><T75/><D75/><U119/><E114/><V86/><F54/><W84/><G84/><T33/><D33/><U16/><E119/><V42/><F42/><W108/><N who="3" m="41490" /><W78/><DORA hai="70" /><G78/><T127/><D127/><U22/><E3/><V27/><F27/><W99/><G99/><T17/><D30/><U132/><E0/><V20/><F79/><W121/><AGARI ba="0,0" hai="7,10,13,48,49,94,98,102,120,121,123" m="41490" machi="121" ten="50,4800,0" yaku="10,1,52,1" doraHai="2,70" who="3" fromWho="3" sc="205,-16,490,-16,203,-16,102,48" /><INIT seed="7,1,0,1,0,57" ten="189,474,187,150" oya="3" hai0="90,6,47,101,11,43,123,34,36,8,40,26,35" hai1="126,92,111,115,12,104,128,102,65,17,2,73,80" hai2="20,85,82,93,69,110,119,42,87,9,7,13,18" hai3="86,108,1,67,83,68,5,32,129,79,107,60,120"/><W61/><G120/><T39/><D123/><U95/><E111/><V30/><F110/><W27/><G108/><T37/><D101/><U55/><E2/><V51/><F69/><W135/><G135/><T46/><D37/><U29/><E29/><V4/><F119/><W59/><G129/><T124/><D124/><U10/><E115/><V19/><F30/><W106/><G32/><T58/><D26/><U84/><E126/><V105/><F105/><W121/><G121/><T62/><D90/><U33/><E33/><V81/><F93/><W94/><G27/><T52/><D11/><U131/><E65/><V116/><F116/><W125/><G125/><T103/><D103/><U122/><E122/><V21/><F9/><W134/><G134/><T14/><AGARI ba="1,0" hai="6,8,14,34,35,36,39,40,43,46,47,52,58,62" machi="14" ten="20,8000,1" yaku="0,1,7,1,9,1,52,1,54,1" doraHai="57" who="0" fromWho="0" sc="189,83,474,-21,187,-21,150,-41" owari="272,7.2,453,55.3,166,-23.4,109,-39.1" /></mjloggm>