<mjloggm ver="2.3"><GO type="169" lobby="0"/><UN n0="%62%73%64%5F%33" n1="%E3%81%9B%E3%81%A9%E3%81%AA%E3%82%8A%E3%81%82%E3%82%93" n2="%6C%6E%61%69" n3="%E3%81%95%E3%81%8F%E3%82%88%E3%81%93%E3%81%A1%E3%82%83%E3%82%93" dan="17,17,16,16" rate="2133.27,2169.03,2055.47,2060.45" sx="F,F,M,M"/><TAIKYOKU oya="0"/><INIT seed="0,0,0,2,5,6" ten="250,250,250,250" oya="0" hai0="96,95,124,88,125,99,57,45,123,39,102,2,75" hai1="128,104,58,61,68,74,90,72,62,13,20,32,35" hai2="8,37,116,118,66,107,111,77,98,23,31,92,71" hai3="46,38,40,27,67,0,43,12,17,121,114,87,11"/><T79/><D2/><U18/><E104/><V25/><F37/><W100/><G114/><T129/><D39/><U1/><E1/><V60/><F111/><W82/><G121/><T49/><D123/><U53/><E128/><V81/><F107/><W109/><G109/><T33/><D33/><U73/><REACH who="1" step="1"/><E90/><REACH who="1" ten="250,240,250,250" step="2"/><V16/><F118/><W59/><G0/><T130/><D130/><U105/><E105/><V113/><F116/><W55/><G100/><T112/><D129/><U93/><E93/><V52/><F113/><W108/><G108/><T64/><D112/><U122/><E122/><V110/><F110/><W28/><G67/><AGARI ba="0,1" hai="13,18,20,32,35,53,58,61,62,67,68,72,73,74" machi="67" ten="40,1300,0" yaku="1,1,53,0" doraHai="6" doraHaiUra="131" who="1" fromWho="3" sc="250,0,240,23,250,0,250,-13" /><INIT seed="1,0,0,1,4,101" ten="250,263,250,237" oya="1" hai0="134,63,49,47,12,48,80,84,20,76,126,125,9" hai1="39,106,53,78,58,96,95,35,98,54,14,81,109" hai2="33,31,131,74,21,17,57,37,89,1,28,45,97" hai3="75,103,56,3,128,123,26,133,120,40,117,69,113"/><U6/><E35/><V105/><F74/><W18/><G18/><T46/><D134/><U68/><E68/><V93/><F1/><W130/><G103/><T62/><D20/><U52/><E39/><V50/><F131/><W51/><G56/><T43/><D126/><U111/><E106/><V77/><F33/><W23/><G23/><T13/><D13/><U42/><E42/><V104/><F37/><W15/><G15/><T36/><D36/><U5/><E58/><V30/><F77/><W64/><G51/><T71/><D71/><U132/><E132/><V114/><F114/><W87/><G87/><T44/><D44/><U7/><E14/><V2/><F2/><W115/><G40/><T34/><D34/><U25/><E25/><V22/><F22/><W90/><G26/><T107/><D107/><U129/><E129/><V41/><REACH who="2" step="1"/><F57/><REACH who="2" ten="250,263,240,237" step="2"/><W66/><G69/><T27/><D125/><U55/><N who="1" m="13312" /><DORA hai="82" /><U119/><E119/><V110/><F110/><N who="1" m="41993" /><E95/><V4/><F4/><W19/><G117/><T116/><D116/><U11/><E11/><V59/><F59/><W24/><G128/><T94/><D9/><U38/><E38/><V100/><F100/><W122/><G130/><T108/><D108/><U102/><E102/><V92/><F92/><W88/><G3/><T73/><D94/><U65/><E65/><V85/><F85/><AGARI ba="0,1" hai="5,6,7,78,81,85,96,98" m="41993,13312" machi="85" ten="50,12000,1" yaku="14,1,10,1,52,1,54,1" doraHai="101,82" who="1" fromWho="2" sc="250,0,263,130,240,-120,237,0" /><INIT seed="1,1,0,4,3,119" ten="250,393,120,237" oya="1" hai0="73,53,41,104,81,112,131,15,89,25,55,74,39" hai1="134,126,111,42,12,50,70,21,14,94,31,37,124" hai2="116,13,61,4,90,129,101,6,68,78,38,40,16" hai3="23,48,93,87,64,51,9,5,32,26,91,63,98"/><U96/><E70/><V49/><F116/><W58/><G32/><T22/><D112/><U75/><E75/><V122/><F38/><W133/><G133/><T103/><D131/><U105/><E105/><V102/><F129/><W132/><G132/><T69/><D69/><U54/><E134/><V127/><F127/><N who="1" m="48681" /><E42/><V30/><F30/><W108/><G108/><T130/><D41/><U24/><E37/><V8/><F78/><W57/><G57/><T106/><D39/><U72/><E72/><V43/><F43/><W11/><G98/><T110/><D110/><U56/><E111/><V135/><F135/><W44/><G44/><T123/><D15/><U86/><E86/><V20/><F40/><W100/><G100/><AGARI ba="1,0" hai="12,14,21,24,31,50,54,56,94,96,100" m="48681" machi="100" ten="30,1500,0" yaku="18,1" doraHai="119" who="1" fromWho="3" sc="250,0,393,18,120,0,237,-18" /><INIT seed="1,2,0,5,3,101" ten="250,411,120,219" oya="1" hai0="102,14,29,92,105,66,78,98,40,113,115,23,32" hai1="54,82,133,125,7,46,58,70,48,108,50,10,83" hai2="39,6,20,59,91,97,80,81,119,77,104,15,62" hai3="100,135,87,57,52,71,65,118,28,13,114,93,103"/><U75/><E70/><V129/><F119/><W131/><G114/><T25/><D78/><U30/><E125/><V63/><F39/><W69/><G118/><T74/><D74/><U45/><E133/><V42/><F42/><W8/><G135/><T84/><D40/><U88/><E30/><V43/><F43/><W53/><G131/><T26/><D14/><U47/><E108/><V51/><F129/><W85/><G28/><T3/><D3/><U96/><E75/><V41/><F81/><W122/><G122/><T123/><D123/><U16/><E48/><V37/><F37/><W1/><G1/><T109/><D109/><U132/><E132/><V60/><F41/><W121/><G121/><T9/><D9/><U18/><E82/><V128/><F51/><W33/><G33/><T72/><D72/><U68/><E68/><V36/><F36/><W44/><G44/><T99/><D84/><N who="1" m="50207" /><E96/><V90/><F128/><W24/><G69/><T17/><REACH who="0" step="1"/><D66/><REACH who="0" ten="240,411,120,219" step="2"/><U12/><AGARI ba="2,1" hai="7,10,12,16,18,45,46,47,50,54,58" m="50207" machi="12" ten="30,6000,0" yaku="8,1,54,2" doraHai="101" who="1" fromWho="1" sc="240,-22,411,76,120,-22,219,-22" /><INIT seed="1,3,0,4,5,126" ten="218,487,98,197" oya="1" hai0="108,106,132,107,40,4,43,44,18,10,131,29,45" hai1="42,64,124,120,68,114,118,35,89,83,119,1,46" hai2="135,76,39,48,96,104,51,102,11,69,30,0,95" hai3="88,24,58,54,41,134,52,101,81,61,103,12,23"/><U49/><E1/><V97/><F39/><W93/><G134/><T66/><D132/><U37/><E35/><V70/><F135/><W84/><G41/><T56/><D29/><U80/><E80/><V100/><F76/><W127/><G12/><T26/><D108/><U17/><E17/><V133/><F133/><W8/><G8/><T7/><D56/><U62/><E89/><V32/><F0/><W9/><G9/><T130/><D66/><U3/><E83/><V111/><F11/><W90/><G54/><T121/><D10/><U128/><E3/><V110/><F48/><W99/><G127/><T79/><D79/><U63/><E124/><V28/><F51/><W75/><G75/><T33/><D33/><U105/><E105/><V92/><F32/><W71/><G71/><T60/><D60/><U38/><E114/><V72/><REACH who="2" step="1"/><F104/><REACH who="2" ten="218,487,88,197" step="2"/><W19/><AGARI ba="3,1" hai="19,23,24,52,58,61,81,84,88,90,93,99,101,103" machi="19" ten="20,12000,2" yaku="0,1,7,1,25,2,8,1,54,2" doraHai="126" who="3" fromWho="3" sc="218,-33,487,-63,88,-33,197,139" /><INIT seed="2,0,0,5,1,131" ten="185,424,55,336" oya="2" hai0="11,19,85,112,109,120,29,96,93,99,17,7,130" hai1="28,55,86,121,41,129,91,103,14,44,27,94,4" hai2="122,16,73,10,59,117,114,67,60,111,50,87,5" hai3="107,48,38,72,81,102,13,45,95,33,84,61,15"/><V132/><F114/><W3/><G38/><T57/><D120/><U0/><E129/><V24/><F117/><W63/><G33/><T34/><D112/><U88/><E0/><V51/><F122/><W104/><G3/><T125/><D130/><U53/><E103/><V18/><F73/><W79/><G61/><T101/><D109/><U77/><E77/><V82/><F111/><W64/><G104/><T69/><D69/><U47/><E47/><V115/><F115/><W92/><G92/><T21/><D34/><U2/><E2/><V37/><F37/><W70/><G107/><T113/><D125/><U40/><E40/><V106/><F106/><W89/><REACH who="3" step="1"/><G102/><REACH who="3" ten="185,424,55,326" step="2"/><T71/><D101/><U97/><E121/><V76/><F132/><W90/><G90/><T116/><D113/><U108/><E91/><V127/><F127/><W83/><G83/><T68/><D116/><U65/><E108/><V62/><F62/><W39/><G39/><T8/><D71/><U6/><E88/><V1/><REACH who="2" step="1"/><F24/><REACH who="2" ten="185,424,45,326" step="2"/><W134/><G134/><T56/><D68/><U25/><E27/><V54/><F54/><AGARI ba="0,2" hai="13,15,45,48,54,63,64,70,72,79,81,84,89,95" machi="54" ten="30,2000,0" yaku="1,1,7,1,53,0" doraHai="131" doraHaiUra="36" who="3" fromWho="2" sc="185,0,424,0,45,-20,326,40" /><INIT seed="3,0,0,2,1,131" ten="185,424,25,366" oya="3" hai0="3,59,28,111,7,77,15,114,105,112,83,13,115" hai1="74,94,69,43,63,108,4,49,126,86,11,52,53" hai2="40,56,50,104,46,42,24,93,35,17,16,76,85" hai3="103,41,18,129,73,20,57,23,117,118,109,101,119"/><W32/><G32/><T1/><D105/><U21/><E74/><V127/><F104/><W62/><G129/><T88/><D111/><U30/><E108/><V90/><F127/><W39/><G73/><T67/><D28/><U72/><E72/><V79/><F40/><W31/><G109/><T99/><D67/><U133/><E126/><V97/><F35/><W8/><G41/><T134/><D59/><U70/><E43/><V36/><F36/><W68/><G68/><T130/><D77/><U25/><E133/><V34/><F34/><W98/><G39/><T71/><D71/><U65/><E70/><V45/><F45/><W125/><G125/><T121/><D121/><U38/><E38/><V122/><F122/><W27/><G8/><N who="0" m="4255" /><D15/><U135/><E135/><V22/><F56/><W9/><G9/><T19/><D19/><U84/><E94/><V58/><F58/><W106/><G103/><T44/><D44/><U0/><E53/><V82/><REACH who="2" step="1"/><F17/><REACH who="2" ten="185,424,15,366" step="2"/><W47/><G47/><AGARI ba="0,1" hai="0,4,11,21,25,30,47,49,52,63,65,69,84,86" machi="47" ten="30,2000,0" yaku="7,1,54,1" doraHai="131" who="1" fromWho="3" sc="185,0,424,30,15,0,366,-20" /><INIT seed="4,0,0,0,5,107" ten="185,454,15,346" oya="0" hai0="70,65,4,99,106,71,112,62,94,14,90,135,119" hai1="41,47,55,17,104,84,98,54,118,116,31,86,83" hai2="131,88,69,49,68,96,11,44,57,115,50,134,16" hai3="102,26,33,36,45,9,24,60,38,28,32,114,29"/><T78/><D119/><U75/><E31/><V130/><F115/><W105/><G114/><T111/><D112/><U121/><E121/><V3/><F134/><W12/><G45/><T109/><D135/><U23/><E84/><V77/><F77/><W74/><G60/><T15/><D71/><U21/><E21/><V37/><F37/><W103/><G103/><T81/><D106/><U67/><E67/><V56/><F3/><W120/><G120/><T10/><REACH who="0" step="1"/><D15/><REACH who="0" ten="175,454,15,346" step="2"/><U6/><E104/><V22/><F68/><W89/><G12/><T72/><AGARI ba="0,1" hai="4,10,14,62,65,70,72,78,81,90,94,99,109,111" machi="72" ten="30,11700,0" yaku="1,1,2,1,0,1,52,1,53,0" doraHai="107" doraHaiUra="46" who="0" fromWho="0" sc="175,127,454,-39,15,-39,346,-39" owari="302,-9.8,415,51.5,-24,-52.4,307,10.7" /></mjloggm>