<mjloggm ver="2.3"><GO type="169" lobby="0"/><UN n0="%E3%80%8E%E3%83%A8%E3%82%B9%E3%82%AC%E3%83%8E%E3%82%BD%E3%83%A9%E3%80%8F" n1="%E5%9C%A7%E5%80%92%E7%9A%84%E3%83%9D%E3%83%B3" n2="%E3%83%87%E3%83%A9%E3%82%B3%E3%83%83%E3%82%B3" n3="%E5%BA%84%E5%8F%B8%E5%81%A5%E5%A4%AA%E6%9C%97" dan="17,17,16,16" rate="2173.82,2221.45,2158.21,2058.59" sx="M,M,M,M"/><TAIKYOKU oya="0"/><INIT seed="0,0,0,4,3,17" ten="250,250,250,250" oya="0" hai0="99,20,2,90,116,61,119,33,5,10,64,55,105" hai1="88,113,102,11,46,68,32,16,108,126,117,94,19" hai2="60,92,69,98,30,104,106,110,41,87,36,6,63" hai3="128,47,96,134,70,111,127,66,35,37,58,71,31"/><T81/><D33/><U125/><E117/><V78/><F110/><W56/><G96/><T124/><D124/><U14/><E113/><V21/><F6/><W123/><G31/><T50/><D105/><U7/><E68/><V54/><F36/><W122/><G35/><T74/><D99/><U93/><E32/><V24/><F41/><N who="3" m="22959" /><G134/><T112/><D112/><U120/><E120/><N who="3" m="46122" /><G128/><T75/><D75/><U28/><E28/><V48/><F69/><N who="3" m="26123" /><G66/><T49/><D64/><U67/><E67/><V34/><F34/><W72/><G72/><T9/><D74/><U43/><E108/><V52/><F106/><W82/><G82/><T114/><D81/><U73/><E73/><V133/><F133/><W76/><G76/><T59/><D114/><U15/><E102/><V57/><F104/><W80/><G80/><T131/><D131/><U42/><E94/><V121/><F121/><W101/><G101/><T23/><D90/><U27/><E27/><V12/><F12/><W25/><G111/><T84/><D84/><U130/><E130/><V86/><F78/><W79/><G79/><T107/><D107/><U3/><E3/><V89/><F87/><W65/><G65/><T29/><D9/><N who="1" m="6223" /><E7/><V97/><REACH who="2" step="1"/><F63/><REACH who="2" ten="250,250,240,250" step="2"/><W83/><G127/><N who="1" m="48650" /><E46/><AGARI ba="0,1" hai="21,24,30,46,48,52,54,57,60,86,89,92,97,98" machi="46" ten="30,8000,1" yaku="1,1,7,1,8,1,52,1,54,1,53,0" doraHai="17" doraHaiUra="118" who="2" fromWho="1" sc="250,0,250,-80,240,90,250,0" /><INIT seed="1,0,0,0,1,100" ten="250,170,330,250" oya="1" hai0="38,95,61,127,37,105,22,117,78,14,54,124,128" hai1="62,68,45,55,107,35,115,2,122,109,13,82,76" hai2="29,69,48,66,119,75,64,36,79,20,15,83,99" hai3="98,71,6,103,91,8,56,59,31,111,80,39,12"/><U57/><E107/><V130/><F119/><W53/><G71/><T40/><D117/><U34/><E2/><V94/><F36/><W134/><G111/><T132/><D132/><U58/><E122/><V88/><F130/><W92/><G39/><T51/><D128/><U4/><E68/><V93/><F69/><W63/><G134/><T24/><D78/><U42/><E115/><V0/><F0/><W84/><G31/><T30/><D61/><U49/><E109/><V123/><F123/><W72/><G72/><T118/><D118/><U129/><E129/><V26/><F48/><W7/><REACH who="3" step="1"/><G59/><REACH who="3" ten="250,170,330,240" step="2"/><T121/><D37/><U21/><E58/><V44/><F44/><W97/><G97/><T102/><D38/><U65/><E65/><V89/><F15/><W43/><G43/><T87/><D40/><U67/><E67/><V70/><F70/><W86/><G86/><AGARI ba="0,1" hai="20,26,29,64,66,75,79,83,86,88,89,93,94,99" machi="86" ten="30,2000,0" yaku="7,1,54,1" doraHai="100" who="2" fromWho="3" sc="250,0,170,0,330,30,240,-20" /><INIT seed="2,0,0,2,0,20" ten="250,170,360,220" oya="2" hai0="75,60,36,101,125,9,130,119,53,33,117,28,44" hai1="7,15,50,74,37,104,93,63,35,109,34,97,67" hai2="129,107,49,90,88,54,8,32,102,76,16,95,22" hai3="19,1,92,120,121,29,66,89,126,116,6,57,17"/><V38/><F38/><W83/><G116/><N who="0" m="44619" /><D75/><U123/><E74/><V112/><F112/><W94/><G126/><T39/><D125/><U79/><E104/><V12/><F32/><W45/><G29/><T135/><D135/><U23/><E123/><V52/><F107/><W69/><G69/><T40/><D130/><U91/><E37/><V62/><F76/><W10/><G45/><T72/><D72/><U78/><E109/><V46/><F129/><W127/><G83/><T30/><D39/><U4/><E35/><V99/><F8/><W131/><G94/><T103/><D9/><U26/><E34/><V84/><F84/><W96/><G127/><T65/><D53/><U18/><E50/><N who="2" m="28759" /><F62/><N who="3" m="38223" /><G131/><T47/><D47/><AGARI ba="0,0" hai="12,16,22,47,49,54,88,90,95,99,102" m="28759" machi="47" ten="30,11600,0" yaku="8,1,54,3" doraHai="20" who="2" fromWho="0" sc="250,-116,170,0,360,116,220,0" /><INIT seed="2,1,0,1,1,127" ten="134,170,476,220" oya="2" hai0="65,106,58,89,30,17,12,9,85,69,40,41,92" hai1="131,80,10,108,109,20,117,28,4,15,44,55,32" hai2="91,93,60,16,35,71,64,70,36,74,13,121,76" hai3="37,116,53,8,5,129,23,14,67,94,19,99,100"/><V88/><F121/><W43/><G116/><T107/><D69/><U73/><E117/><V38/><F35/><W3/><G67/><T101/><D30/><U123/><E123/><V81/><F71/><W84/><G53/><T125/><D125/><U52/><E32/><V82/><F82/><W59/><G59/><T45/><D101/><U122/><E122/><V47/><F47/><W24/><G43/><T27/><D27/><N who="1" m="16487" /><E44/><V18/><F18/><W49/><G49/><T86/><D41/><U75/><E131/><V110/><F110/><N who="1" m="42601" /><E80/><V78/><F78/><W113/><G37/><T62/><REACH who="0" step="1"/><D85/><REACH who="0" ten="124,170,476,220" step="2"/><U0/><E0/><V118/><F118/><W56/><G3/><T11/><D11/><U54/><AGARI ba="1,1" hai="4,10,15,52,54,55,73,75" m="42601,16487" machi="54" ten="30,2000,0" yaku="14,1,54,1" doraHai="127" who="1" fromWho="1" sc="124,-6,170,33,476,-11,220,-6" /><INIT seed="3,0,0,5,4,96" ten="118,203,465,214" oya="3" hai0="1,82,44,4,106,19,105,34,76,47,52,115,17" hai1="67,8,55,24,20,119,38,120,59,73,99,41,61" hai2="2,95,113,103,9,40,102,46,15,57,14,130,108" hai3="48,85,104,93,72,21,11,107,50,133,49,128,43"/><W6/><G72/><T10/><D34/><U13/><E120/><V118/><F118/><W42/><G128/><T32/><D32/><U109/><E73/><V101/><F113/><W90/><G133/><T58/><D115/><U70/><E119/><V127/><F130/><W100/><G21/><T114/><D114/><U51/><E109/><V87/><F108/><W123/><G123/><T62/><D44/><U110/><E110/><V75/><F75/><W117/><G117/><T112/><D112/><U79/><E79/><V69/><F69/><W12/><REACH who="3" step="1"/><G100/><REACH who="3" ten="118,203,465,204" step="2"/><T121/><D121/><U29/><E38/><V7/><F103/><W111/><G111/><T16/><REACH who="0" step="1"/><D47/><REACH who="0" ten="108,203,465,204" step="2"/><U116/><E116/><V54/><F46/><W84/><G84/><AGARI ba="0,2" hai="1,4,10,16,17,19,52,58,62,76,82,84,105,106" machi="84" ten="40,8000,1" yaku="1,1,2,1,54,2,53,0" doraHai="96" doraHaiUra="126" who="0" fromWho="3" sc="108,100,203,0,465,0,204,-80" /><INIT seed="4,0,0,5,0,133" ten="208,203,465,124" oya="0" hai0="50,28,85,60,124,58,99,89,18,33,24,127,70" hai1="108,27,122,56,121,123,88,93,97,49,69,61,120" hai2="82,21,64,98,43,128,135,39,59,94,77,81,102" hai3="107,130,42,90,26,8,25,40,10,75,117,54,12"/><T51/><D70/><U80/><E69/><V67/><F135/><W9/><G117/><T48/><D18/><U115/><E108/><V132/><F132/><W105/><G130/><T2/><D99/><U63/><E115/><V44/><F128/><W22/><G75/><T66/><REACH who="0" step="1"/><D2/><REACH who="0" ten="198,203,465,124" step="2"/><U29/><E123/><V118/><F98/><W13/><G107/><T4/><D4/><U71/><E71/><V84/><F118/><W31/><G105/><T68/><D68/><U100/><E122/><V76/><F102/><W37/><G37/><T87/><D87/><U129/><E129/><V45/><F84/><W65/><G26/><T5/><D5/><U72/><E121/><V83/><F39/><W0/><G0/><T106/><D106/><U53/><E120/><V131/><F131/><W125/><G13/><T95/><AGARI ba="0,1" hai="24,28,33,48,50,51,58,60,66,85,89,95,124,127" machi="95" ten="30,12000,1" yaku="1,1,0,1,52,2,53,1" doraHai="133" doraHaiUra="91" who="0" fromWho="0" sc="198,130,203,-40,465,-40,124,-40" /><INIT seed="4,1,0,1,2,91" ten="328,163,425,84" oya="0" hai0="39,74,43,93,131,116,5,41,45,87,99,88,4" hai1="73,90,97,18,70,42,135,48,94,102,78,53,84" hai2="46,1,126,37,107,15,29,61,63,64,109,69,117" hai3="108,9,38,60,50,122,27,28,77,92,129,49,128"/><T34/><D116/><U33/><E70/><V125/><F1/><W51/><G108/><T65/><D74/><U19/><E33/><V54/><F107/><W13/><G38/><T11/><D34/><U26/><E42/><N who="2" m="22863" /><F29/><W79/><G122/><T80/><D131/><U120/><E120/><V22/><F22/><W127/><G60/><T8/><D65/><U6/><E6/><N who="0" m="2665" /><D39/><U100/><E135/><V12/><F109/><W81/><G77/><N who="0" m="46479" /><D45/><U134/><E134/><V112/><F117/><W24/><G127/><N who="2" m="48649" /><F112/><W17/><G128/><T2/><D2/><U83/><E26/><V104/><F104/><W132/><G132/><T16/><D8/><U106/><E102/><V21/><F21/><W105/><G105/><T114/><D114/><U110/><E110/><V124/><F124/><W0/><G0/><T95/><D95/><U7/><E7/><V76/><F76/><W85/><G129/><T32/><D32/><U47/><AGARI ba="1,0" hai="18,19,47,48,53,73,78,83,84,90,94,97,100,106" machi="47" ten="20,8000,1" yaku="0,1,7,1,24,2,52,1" doraHai="91" who="1" fromWho="1" sc="328,-41,163,83,425,-21,84,-21" /><INIT seed="5,0,0,1,1,116" ten="287,246,404,63" oya="1" hai0="57,130,127,75,111,113,132,110,61,17,56,14,108" hai1="36,24,19,90,84,86,21,114,49,102,40,59,96" hai2="109,129,32,26,93,72,3,43,82,67,4,131,103" hai3="10,73,45,125,23,29,51,89,52,7,1,120,6"/><U95/><E114/><V124/><F109/><W41/><G125/><T70/><D75/><U47/><E36/><V104/><F67/><W71/><G73/><T60/><D127/><U106/><E59/><V58/><F43/><W117/><G117/><T79/><D79/><U2/><E2/><V134/><F93/><W62/><G7/><T12/><D113/><U78/><E78/><N who="2" m="44359" /><F58/><W46/><G89/><T112/><D112/><U30/><E19/><V83/><F83/><W33/><G33/><T13/><D132/><U85/><AGARI ba="0,0" hai="21,24,30,40,47,49,84,85,86,90,95,96,102,106" machi="85" ten="20,2100,0" yaku="0,1,7,1" doraHai="116" who="1" fromWho="1" sc="287,-7,246,21,404,-7,63,-7" /><INIT seed="5,1,0,5,1,35" ten="280,267,397,56" oya="1" hai0="68,93,64,17,36,122,88,105,119,102,6,112,96" hai1="81,89,30,43,127,77,20,61,103,48,28,8,39" hai2="33,15,37,7,86,134,118,98,83,13,90,34,3" hai3="47,2,57,72,14,76,114,135,26,5,94,31,42"/><U63/><E39/><V38/><F118/><W125/><G114/><T4/><D119/><U106/><E89/><V95/><F3/><W91/><G125/><T70/><D36/><U22/><E106/><V52/><F34/><W116/><G135/><T66/><D112/><U101/><E127/><V56/><F33/><W29/><G14/><T41/><D122/><U50/><E8/><V73/><F15/><W84/><G116/><T12/><D41/><U110/><E81/><V126/><F126/><W18/><G57/><T82/><D82/><U99/><E99/><V100/><F134/><W113/><G113/><T60/><D66/><U65/><E43/><V71/><F71/><W62/><G62/><T129/><D68/><U115/><E115/><V85/><F85/><W74/><G18/><T108/><D129/><U75/><E65/><V46/><F46/><W120/><G120/><T44/><D44/><U1/><E75/><V109/><F109/><W128/><G128/><T24/><D24/><U69/><E69/><V78/><F13/><W21/><G31/><T132/><D132/><U49/><E49/><N who="2" m="30735" /><F7/><W117/><G76/><T9/><REACH who="0" step="1"/><D108/><REACH who="0" ten="270,267,397,56" step="2"/><U130/><E130/><V54/><F54/><W104/><G117/><T51/><D51/><U133/><E133/><V40/><F40/><W32/><G42/><T92/><D92/><U79/><E110/><V16/><F37/><W10/><G47/><T80/><D80/><U19/><E19/><V58/><F38/><W0/><G104/><T107/><D107/><U124/><E124/><V67/><F16/><W111/><G111/><RYUUKYOKU ba="1,1" sc="270,15,267,15,397,-15,56,-15" hai0="4,6,9,12,17,60,64,70,88,93,96,102,105" hai1="1,20,22,28,30,48,50,61,63,77,79,101,103" /><INIT seed="5,2,1,5,0,29" ten="285,282,382,41" oya="1" hai0="92,51,32,27,98,35,66,73,95,79,56,16,88" hai1="78,60,28,114,45,125,97,77,83,48,31,91,106" hai2="120,121,107,69,109,64,67,12,75,10,111,41,112" hai3="68,135,6,20,128,102,63,59,133,118,123,11,72"/><U49/><E114/><V80/><F107/><W117/><G123/><T53/><D66/><U62/><E125/><V99/><F99/><W46/><G128/><T86/><D73/><U37/><E37/><V101/><F101/><W50/><G68/><T34/><D79/><N who="1" m="30219" /><E106/><V9/><F41/><N who="3" m="24911" /><G20/><T70/><D70/><U55/><E31/><V76/><F76/><W58/><G102/><T127/><D127/><U71/><E28/><V2/><F12/><N who="3" m="5239" /><G72/><T18/><REACH who="0" step="1"/><D27/><REACH who="0" ten="275,282,382,41" step="2"/><U21/><E71/><V122/><F75/><W82/><G118/><T74/><D74/><U126/><E126/><V57/><F69/><W115/><G117/><T44/><D44/><N who="1" m="28039" /><E21/><V22/><F22/><W19/><G115/><T113/><D113/><U15/><E15/><V24/><F112/><W85/><G135/><T14/><D14/><U134/><E134/><V90/><F122/><W33/><G133/><T81/><D81/><U0/><E0/><V96/><F80/><W110/><G59/><T94/><D94/><N who="1" m="56543" /><E83/><V40/><F2/><W61/><G82/><T26/><D26/><U105/><E105/><V30/><F24/><W119/><G119/><T130/><D130/><U39/><E39/><V104/><F104/><W7/><G58/><T5/><D5/><U23/><E23/><V13/><F57/><W42/><G7/><T124/><D124/><U38/><E38/><V129/><F129/><W84/><G33/><T3/><D3/><U65/><E65/><V108/><F121/><W93/><G93/><T17/><D17/><U89/><E89/><AGARI ba="2,2" hai="16,18,32,34,35,51,53,56,86,88,89,92,95,98" machi="89" ten="40,12000,2" yaku="1,1,52,3,54,2,53,1" doraHai="29" doraHaiUra="54" who="0" fromWho="1" sc="275,146,282,-126,382,0,41,0" /><INIT seed="6,0,0,5,0,2" ten="421,156,382,41" oya="2" hai0="5,117,66,86,72,55,106,110,113,129,38,111,132" hai1="11,1,21,42,0,112,23,124,9,14,59,63,73" hai2="74,43,133,134,48,3,80,92,8,120,87,17,89" hai3="76,100,37,53,64,51,67,77,82,90,95,57,61"/><V45/><F120/><W96/><G37/><T13/><D72/><U81/><E42/><V25/><F25/><W46/><G100/><T101/><D38/><U108/><E108/><V114/><F114/><W84/><REACH who="3" step="1"/><G77/><REACH who="3" ten="421,156,382,31" step="2"/><T119/><D101/><U12/><E112/><V60/><F134/><W107/><G107/><T99/><D106/><U7/><E124/><V127/><F133/><W31/><G31/><T98/><D132/><U62/><E73/><V4/><F127/><W93/><G93/><T6/><D113/><U20/><E81/><V122/><F80/><W121/><G121/><T97/><D111/><U102/><E102/><V30/><F122/><W70/><G70/><T27/><D110/><U123/><E123/><V26/><F74/><W39/><G39/><T28/><D28/><U109/><E109/><V83/><F83/><W79/><G79/><T35/><D119/><U29/><E29/><V32/><F17/><W36/><G36/><T125/><D117/><U18/><REACH who="1" step="1"/><E63/><REACH who="1" ten="421,146,382,31" step="2"/><V54/><F60/><W19/><G19/><T41/><D125/><U50/><E50/><V85/><F43/><AGARI ba="0,2" hai="43,46,51,53,57,61,64,67,76,82,84,90,95,96" machi="43" ten="30,3900,0" yaku="1,1,7,1,8,1,53,0" doraHai="2" doraHaiUra="71" who="3" fromWho="2" sc="421,0,146,0,382,-39,31,59" /><INIT seed="7,0,0,2,0,123" ten="421,146,343,90" oya="3" hai0="30,21,107,88,50,18,28,39,7,117,49,83,70" hai1="119,71,22,125,113,120,126,84,82,97,44,111,6" hai2="17,133,127,9,14,27,124,37,33,130,69,4,34" hai3="48,104,81,51,108,94,46,65,91,128,58,2,13"/><W73/><G2/><T26/><D117/><U10/><E71/><V31/><F69/><W90/><G104/><T78/><D107/><U101/><E111/><V106/><F37/><W19/><G128/><T41/><D70/><U20/><E120/><V42/><F42/><W112/><G112/><T86/><D39/><U52/><E119/><V1/><F106/><W8/><G108/><T131/><D131/><U129/><E113/><V40/><F40/><N who="3" m="24647" /><G73/><T43/><D7/><U132/><E129/><V54/><F54/><N who="3" m="32095" /><G81/><T45/><D78/><U53/><E132/><V87/><F87/><N who="3" m="52575" /><G91/><T103/><D103/><U16/><E44/><AGARI ba="0,0" hai="18,21,26,28,30,41,43,44,45,49,50,83,86,88" machi="44" ten="40,5200,0" yaku="9,1,8,1,54,1" doraHai="123" who="0" fromWho="1" sc="421,52,146,-52,343,0,90,0" owari="473,57.3,94,-30.6,343,14.3,90,-41.0" /></mjloggm>