<mjloggm ver="2.3"><GO type="169" lobby="0"/><UN n0="%E5%A4%A9%E6%89%8D%E9%BA%BB%E5%B0%86%E6%99%BA%E4%B9%83" n1="%E3%81%BE%E3%81%8B%E3%81%B7%E3%82%93" n2="%53%68%69%72%6C%65%79" n3="%E7%94%9F%E5%BE%92%E4%BC%9A%E3%80%90%E5%BA%8F%E3%80%91" dan="16,16,16,17" rate="2155.80,2078.56,2088.63,2165.34" sx="M,M,M,M"/><TAIKYOKU oya="0"/><INIT seed="0,0,0,5,4,19" ten="250,250,250,250" oya="0" hai0="72,113,105,63,61,130,46,54,38,13,53,55,99" hai1="131,93,45,123,96,48,57,84,5,135,0,7,77" hai2="82,122,56,29,30,1,126,62,78,119,88,65,35" hai3="40,79,81,69,52,76,27,89,60,12,100,107,106"/><T51/><D72/><U10/><E123/><V133/><F122/><W50/><G40/><T127/><D113/><U114/><E131/><V47/><F133/><W14/><G89/><T58/><D38/><U41/><E135/><V111/><F1/><W124/><G124/><T110/><D127/><U16/><E114/><V42/><F126/><W134/><G134/><T3/><D3/><U25/><E57/><V67/><F111/><W9/><G12/><T101/><D130/><U26/><E5/><V28/><F119/><W64/><G27/><T91/><D110/><U121/><E121/><V75/><F67/><W90/><G100/><T83/><D13/><N who="1" m="7223" /><E0/><V129/><F129/><W109/><G109/><T21/><D63/><U120/><E7/><V103/><F103/><W39/><G39/><T102/><D102/><N who="1" m="60687" /><E120/><V31/><F35/><W112/><G112/><T8/><D8/><U24/><E24/><V20/><F30/><W66/><G66/><T118/><D118/><U33/><E33/><V108/><F108/><W128/><G128/><T36/><D36/><U95/><E95/><V6/><F6/><N who="3" m="3383" /><G107/><T85/><REACH who="0" step="1"/><D21/><REACH who="0" ten="240,250,250,250" step="2"/><U34/><E34/><V97/><F20/><W70/><G106/><T49/><D49/><U44/><E48/><V59/><F75/><W73/><G73/><T92/><D92/><U74/><E74/><V17/><F62/><W18/><G60/><T87/><D87/><U94/><E94/><V68/><F97/><W104/><G104/><T2/><D2/><U37/><E84/><V117/><F117/><W116/><G116/><T43/><AGARI ba="0,1" hai="43,46,51,53,54,55,58,61,83,85,91,99,101,105" machi="43" ten="20,7800,0" yaku="1,1,5,1,0,1,7,1,53,0" doraHai="19" doraHaiUra="71" who="0" fromWho="0" sc="240,88,250,-26,250,-26,250,-26" /><INIT seed="0,1,0,1,5,56" ten="328,224,224,224" oya="0" hai0="19,8,92,86,120,63,69,31,40,118,62,111,91" hai1="45,41,67,5,37,22,125,71,32,60,131,43,34" hai2="10,4,18,95,103,99,11,9,77,133,33,89,24" hai3="27,36,66,88,15,38,127,87,112,39,128,2,116"/><T25/><D118/><U73/><E73/><V64/><F133/><W50/><G2/><T79/><D120/><U117/><E117/><V12/><F77/><W97/><G116/><T110/><D69/><U68/><E131/><V26/><F26/><W74/><G74/><T109/><D40/><U124/><E43/><V80/><F33/><W93/><G128/><T83/><D8/><U107/><E107/><V61/><F80/><W6/><G112/><T57/><D57/><U81/><E81/><V58/><REACH who="2" step="1"/><F103/><REACH who="2" ten="328,224,214,224" step="2"/><W75/><G75/><N who="0" m="43519" /><D19/><U84/><E32/><AGARI ba="1,1" hai="25,31,32,62,63,86,91,92,109,110,111" m="43519" machi="32" ten="30,11600,0" yaku="14,1,10,1,52,2" doraHai="56" who="0" fromWho="1" sc="328,129,224,-119,214,0,224,0" /><INIT seed="0,2,0,2,2,131" ten="457,105,214,224" oya="0" hai0="85,129,57,15,2,97,78,123,40,4,65,48,17" hai1="39,32,66,22,108,75,115,99,63,52,84,72,5" hai2="49,135,47,83,60,67,94,33,16,46,24,101,82" hai3="124,13,27,61,10,98,59,54,1,43,87,106,58"/><T114/><D114/><U25/><E32/><V104/><F104/><W56/><G124/><T71/><D123/><U18/><E39/><V116/><F116/><W105/><G1/><T109/><D129/><U91/><E108/><V95/><F46/><W110/><G110/><T122/><D122/><U117/><E117/><V51/><F51/><W20/><G43/><T73/><D73/><U88/><E115/><V30/><F94/><W68/><G68/><T80/><D2/><U64/><E5/><V62/><F62/><W50/><G87/><T130/><D130/><U38/><E38/><V107/><F107/><W28/><G98/><T133/><D4/><U31/><E31/><V55/><F101/><W0/><G0/><T120/><D120/><U23/><E23/><V76/><F95/><W92/><G92/><T127/><D127/><U134/><E134/><V41/><F135/><W9/><G9/><T112/><D112/><U7/><E7/><V44/><F41/><W8/><G8/><T36/><D133/><U42/><E42/><V119/><F119/><W81/><G81/><T128/><D128/><U77/><E99/><V103/><F33/><W93/><G93/><T11/><D109/><U86/><E52/><V35/><F55/><W118/><G118/><T29/><D97/><U121/><E121/><V111/><F111/><W79/><G79/><T100/><D36/><U126/><E77/><V21/><F76/><W19/><G61/><N who="0" m="40367" /><D100/><U102/><E102/><V45/><F103/><W74/><G74/><T26/><D40/><U3/><E75/><V37/><F37/><RYUUKYOKU ba="2,0" sc="457,-10,105,-10,214,-10,224,30" hai3="10,13,19,20,27,28,50,54,56,58,59,105,106" /><INIT seed="1,3,0,0,1,119" ten="447,95,204,254" oya="1" hai0="18,86,72,64,129,97,21,16,96,71,37,83,133" hai1="60,25,80,22,111,6,56,125,63,93,19,98,79" hai2="122,10,73,7,24,23,110,105,57,35,69,29,89" hai3="134,76,70,43,131,20,40,67,68,94,77,84,8"/><U58/><E125/><V42/><F69/><W126/><G126/><T100/><D72/><U47/><E111/><V3/><F110/><W53/><G131/><T91/><D37/><U49/><E6/><V59/><F105/><W85/><G134/><T101/><D133/><U120/><E120/><V99/><F73/><W46/><G53/><T0/><D0/><U124/><E124/><V132/><F132/><W15/><G20/><T17/><D129/><U121/><E121/><V75/><F75/><W123/><G123/><T66/><D21/><U55/><E56/><V26/><F42/><W106/><G106/><T103/><D71/><U27/><E27/><V11/><F122/><W117/><G117/><T88/><D91/><U54/><E63/><V78/><F78/><W104/><G104/><T65/><AGARI ba="3,0" hai="16,17,18,64,65,66,83,86,88,96,97,100,101,103" machi="65" ten="40,12000,2" yaku="0,1,29,2,8,1,54,2" doraHai="119" who="0" fromWho="0" sc="447,129,95,-63,204,-33,254,-33" /><INIT seed="2,0,0,5,3,107" ten="576,32,171,221" oya="2" hai0="130,57,69,59,118,65,13,112,127,54,55,103,93" hai1="56,88,94,2,72,119,73,47,27,100,49,95,85" hai2="32,92,10,60,46,31,126,35,58,83,8,75,40" hai3="99,21,129,20,33,67,79,64,74,45,1,68,110"/><V120/><F120/><W105/><G1/><T131/><D13/><U101/><E119/><V98/><F126/><W51/><G33/><T117/><D93/><U86/><E2/><V9/><F31/><W116/><G116/><N who="0" m="44651" /><D103/><U61/><E27/><V26/><F26/><W115/><G115/><T53/><D112/><U19/><E19/><V7/><F7/><W5/><G5/><T114/><D114/><U14/><E14/><V34/><F46/><W111/><G129/><N who="0" m="49163" /><D127/><U3/><E3/><V97/><F40/><W16/><G20/><T24/><D24/><U39/><E39/><V50/><F50/><W77/><G99/><T43/><D43/><U78/><E78/><V48/><F48/><W106/><G106/><T81/><D81/><U132/><E132/><V38/><F38/><W121/><G105/><T70/><D65/><N who="3" m="25161" /><G68/><AGARI ba="0,0" hai="53,54,55,57,59,68,69,70" m="49163,44651" machi="68" ten="40,12000,2" yaku="28,2,12,1,19,1,34,2" doraHai="107" who="0" fromWho="3" sc="576,120,32,0,171,0,221,-120" /><INIT seed="3,0,0,4,1,8" ten="696,32,171,101" oya="3" hai0="97,29,66,84,87,77,58,68,70,106,49,67,128" hai1="64,53,72,34,35,127,43,45,48,99,1,75,88" hai2="62,39,2,59,103,102,57,92,25,130,4,32,114" hai3="78,98,23,30,46,26,117,91,33,129,108,96,133"/><W95/><G117/><T105/><D77/><U51/><E127/><V16/><F39/><W113/><G113/><T116/><D29/><U38/><E1/><V36/><F36/><W13/><G108/><T73/><D49/><U107/><E38/><V131/><F59/><W112/><G112/><T90/><D90/><U82/><E64/><V6/><F114/><W80/><G133/><T28/><D28/><U110/><E110/><V86/><F32/><W19/><G129/><N who="2" m="49161" /><F2/><W18/><G46/><T7/><D7/><U52/><E43/><V135/><F103/><W20/><G96/><T83/><D83/><U24/><E107/><V85/><F85/><W56/><G56/><T3/><D58/><U111/><E111/><V123/><F123/><W40/><G40/><T21/><D3/><U63/><E63/><V12/><F25/><W120/><G120/><T119/><D73/><U76/><E72/><V115/><F135/><W44/><G44/><T134/><D128/><U74/><E74/><V54/><F115/><W65/><G65/><T37/><D134/><U47/><E24/><V41/><F41/><W94/><G94/><AGARI ba="0,0" hai="34,35,45,47,48,51,52,53,75,76,82,88,94,99" machi="94" ten="40,5200,0" yaku="9,1,54,2" doraHai="8" who="1" fromWho="3" sc="696,0,32,52,171,0,101,-52" /><INIT seed="4,0,0,5,0,104" ten="696,84,171,49" oya="0" hai0="40,9,48,112,123,96,30,27,124,61,69,63,35" hai1="102,120,115,83,109,56,32,38,68,4,70,100,13" hai2="22,79,72,44,81,58,129,25,111,24,135,128,106" hai3="134,0,29,7,43,71,14,31,52,17,77,64,37"/><T80/><D123/><U55/><E120/><V127/><F111/><W97/><G134/><T1/><D69/><U42/><E109/><V19/><F106/><W89/><G77/><T103/><D124/><U10/><E32/><V21/><F135/><W76/><G76/><T20/><D112/><U133/><E133/><V15/><F127/><W45/><G7/><T11/><D35/><U6/><E115/><V36/><F58/><W60/><G0/><T117/><D117/><U12/><E38/><V95/><F95/><W47/><G89/><T74/><D1/><U57/><E42/><N who="2" m="22599" /><F21/><W86/><G86/><T84/><D74/><U75/><E83/><V18/><F18/><W34/><G97/><T116/><D116/><U110/><E110/><V94/><F94/><W99/><G99/><T8/><D96/><U2/><E2/><V118/><F118/><W119/><G34/><T105/><D105/><U85/><E85/><V67/><F67/><W26/><G26/><T54/><D40/><U125/><E125/><V59/><F59/><W23/><REACH who="3" step="1"/><G119/><REACH who="3" ten="696,84,171,39" step="2"/><T132/><D132/><U92/><E92/><V87/><F87/><W65/><G65/><T108/><D108/><U121/><E121/><V107/><F24/><W130/><G130/><T46/><D103/><U91/><E91/><AGARI ba="0,1" hai="8,9,11,20,27,30,46,48,54,61,63,80,84,91" machi="91" ten="40,2000,0" yaku="8,1" doraHai="104" who="0" fromWho="1" sc="696,30,84,-20,171,0,39,0" /><INIT seed="4,1,0,2,3,21" ten="726,64,171,39" oya="0" hai0="8,68,25,96,134,70,85,120,123,66,60,45,28" hai1="94,82,77,53,97,81,32,51,76,26,61,114,37" hai2="110,1,72,132,87,74,119,59,36,133,86,62,40" hai3="33,104,111,22,38,44,106,69,108,93,48,34,105"/><T0/><D85/><U2/><E37/><V101/><F110/><W107/><G69/><T124/><D45/><U56/><E2/><V71/><F1/><W63/><G38/><T39/><D39/><U31/><E114/><V130/><F71/><W84/><G63/><T12/><D70/><U103/><REACH who="1" step="1"/><E61/><REACH who="1" ten="726,54,171,39" step="2"/><V9/><F62/><W117/><G111/><T131/><D0/><U65/><E65/><V43/><F36/><W58/><G108/><T80/><D66/><U118/><E118/><V95/><F119/><W109/><G117/><T135/><D68/><U54/><E54/><V55/><F55/><W75/><G109/><T35/><D60/><U78/><AGARI ba="1,1" hai="26,31,32,51,53,56,76,77,78,81,82,94,97,103" machi="78" ten="30,7900,0" yaku="1,1,0,1,52,1,53,1" doraHai="21" doraHaiUra="20" who="1" fromWho="1" sc="726,-40,54,92,171,-21,39,-21" /><INIT seed="5,0,0,2,5,34" ten="686,146,150,18" oya="1" hai0="32,22,78,43,38,117,56,7,131,50,52,0,93" hai1="55,135,126,91,65,15,100,82,103,71,60,25,119" hai2="68,53,81,19,125,102,133,47,79,44,112,94,54" hai3="66,12,21,97,58,92,114,69,109,31,23,98,28"/><U1/><E119/><V72/><F68/><W75/><G75/><T62/><D32/><U99/><E126/><V106/><F125/><W110/><G69/><T14/><D117/><U132/><E25/><V80/><F133/><N who="1" m="51273" /><E15/><V41/><F106/><W49/><G114/><T20/><D14/><U115/><E115/><V122/><F122/><W74/><G74/><T130/><D38/><U51/><E1/><V37/><F112/><W40/><G40/><T129/><D78/><U120/><E120/><V84/><F44/><W105/><G105/><T35/><D35/><U42/><E42/><V113/><F113/><W30/><G12/><T123/><D123/><U76/><E91/><V36/><F36/><W64/><G49/><T61/><D93/><U8/><E8/><V13/><F94/><W39/><G39/><T107/><D107/><U101/><E99/><N who="3" m="37898" /><G92/><T104/><D104/><U116/><E116/><V77/><F102/><W95/><G95/><T17/><D43/><U5/><E5/><V85/><F72/><W26/><G26/><N who="0" m="14607" /><D22/><AGARI ba="0,0" hai="13,19,22,37,41,47,53,54,77,79,80,81,84,85" machi="22" ten="30,2000,0" yaku="7,1,9,1" doraHai="34" who="2" fromWho="0" sc="686,-20,146,0,150,20,18,0" /><INIT seed="6,0,0,5,5,70" ten="666,146,170,18" oya="2" hai0="123,108,0,7,63,120,46,115,85,36,51,41,133" hai1="9,110,88,83,111,64,20,26,14,50,39,27,32" hai2="109,107,124,24,3,73,35,40,57,129,66,99,18" hai3="89,8,13,47,62,67,33,59,29,77,15,65,44"/><V21/><F129/><W2/><G2/><T37/><D7/><U22/><E32/><V17/><F124/><W55/><G33/><T116/><D0/><U118/><E118/><V93/><F73/><W43/><G29/><T30/><D30/><U69/><E39/><N who="0" m="14921" /><D85/><U23/><E50/><V101/><F40/><W79/><G89/><T54/><D116/><U134/><E64/><N who="3" m="24650" /><G15/><T80/><D80/><U68/><E134/><V94/><F3/><W132/><G132/><T119/><D119/><U28/><E68/><V76/><F76/><N who="3" m="29259" /><G43/><T34/><D34/><N who="1" m="20759" /><E69/><V25/><F35/><W49/><G49/><T87/><D133/><U5/><E88/><V135/><F135/><W71/><G71/><T58/><D87/><U78/><E83/><V19/><F66/><W127/><G127/><T6/><D6/><AGARI ba="0,0" hai="6,8,13,44,47,55,59,62" m="29259,24650" machi="6" ten="30,1000,0" yaku="8,1" doraHai="70" who="3" fromWho="0" sc="666,-10,146,0,170,0,18,10" /><INIT seed="7,0,0,1,0,12" ten="656,146,170,28" oya="3" hai0="1,3,60,63,11,25,23,108,90,64,97,74,110" hai1="131,126,55,38,52,130,61,123,6,58,101,0,77" hai2="114,129,76,21,56,115,86,83,44,81,133,118,91" hai3="41,84,45,57,69,67,80,39,82,10,4,49,24"/><W135/><G135/><T89/><D74/><U18/><E123/><V106/><F133/><W109/><G109/><T28/><D63/><U43/><E126/><V40/><F106/><W7/><G69/><T42/><D42/><U14/><E101/><V70/><F70/><W71/><G71/><T88/><D97/><U104/><E104/><V121/><F118/><W5/><G24/><T99/><D99/><U30/><E77/><V65/><F21/><W2/><G82/><T68/><D1/><U53/><E30/><V79/><F121/><W29/><G29/><T13/><D3/><U32/><E32/><V17/><F129/><N who="1" m="49161" /><E6/><V75/><F76/><W94/><G94/><T46/><D46/><N who="1" m="23927" /><E0/><V37/><F17/><W132/><G132/><T62/><D62/><U78/><E78/><V16/><F16/><W47/><G57/><T19/><AGARI ba="0,0" hai="11,13,19,23,25,28,60,64,68,88,89,90,108,110" machi="19" ten="30,4000,0" yaku="0,1,52,1,54,1" doraHai="12" who="0" fromWho="0" sc="656,40,146,-10,170,-10,28,-20" owari="696,79.6,136,-26.4,160,-4.0,8,-49.2" /></mjloggm>