<mjloggm ver="2.3"><GO type="169" lobby="0"/><UN n0="%E3%83%A9%E3%83%9E%E3%83%BC%E7%9A%87%E5%AD%90" n1="%E7%A9%BA%E6%B0%97%E3%82%B1%E3%83%BC%E3%82%AD" n2="%E8%B5%A4%E5%9B%A3%E8%8A%B1%E9%96%8B" n3="%4D%41%54%59%55%49%E2%98%86" dan="19,17,17,17" rate="2237.41,2188.89,2179.77,2189.66" sx="M,M,M,M"/><TAIKYOKU oya="0"/><INIT seed="0,0,0,3,5,108" ten="250,250,250,250" oya="0" hai0="119,92,111,131,98,130,96,63,55,82,76,39,13" hai1="19,126,6,14,120,54,80,34,43,37,132,69,35" hai2="60,94,74,114,11,124,93,32,135,49,64,23,21" hai3="59,47,109,104,5,95,115,7,9,36,33,70,122"/><T77/><D39/><U86/><E120/><V72/><F32/><W10/><G70/><T106/><D119/><U68/><E6/><V56/><F124/><W61/><G104/><T101/><D13/><U121/><E121/><V27/><F135/><W97/><G33/><T88/><D55/><U20/><E126/><V107/><F107/><W25/><G25/><T75/><D63/><U102/><E132/><V17/><F11/><W51/><G36/><T45/><D45/><U133/><E133/><V1/><F1/><W117/><G117/><T127/><D127/><U46/><E35/><V44/><F114/><W22/><G22/><T118/><D118/><U62/><E102/><V134/><F134/><W8/><G115/><T18/><D18/><U105/><E105/><V100/><F23/><W50/><G109/><T15/><D15/><U81/><E81/><V29/><F17/><W65/><G122/><T52/><D52/><U53/><E34/><V78/><F78/><N who="0" m="30314" /><D111/><U0/><E0/><V83/><F83/><W48/><REACH who="3" step="1"/><G47/><REACH who="3" ten="250,250,250,240" step="2"/><T67/><D67/><U24/><E24/><V79/><F44/><W73/><G73/><T66/><D66/><U31/><E68/><V85/><F74/><W38/><G38/><T123/><D123/><U125/><E125/><V12/><F72/><W87/><G87/><N who="0" m="50295" /><D75/><U129/><E69/><N who="2" m="42119" /><F27/><W3/><G3/><T128/><D128/><U40/><E129/><V116/><F116/><W90/><AGARI ba="0,1" hai="5,7,8,9,10,48,50,51,59,61,65,90,95,97" machi="90" ten="30,4000,0" yaku="1,1,0,1,8,1,53,0" doraHai="108" doraHaiUra="112" who="3" fromWho="3" sc="250,-20,250,-10,250,-10,240,50" /><INIT seed="1,0,0,1,5,123" ten="230,240,240,290" oya="1" hai0="24,134,126,92,82,26,93,75,125,108,19,15,65" hai1="46,74,13,103,12,99,4,8,114,69,37,132,85" hai2="63,28,135,38,57,54,55,61,91,41,116,76,77" hai3="36,30,14,44,121,33,60,83,124,43,51,50,117"/><U111/><E114/><V106/><F106/><W49/><G121/><T71/><D134/><U68/><E74/><V88/><F116/><W32/><G124/><N who="0" m="47723" /><D65/><U131/><E132/><V23/><F135/><W107/><G107/><T115/><D71/><U129/><E85/><V104/><F104/><W70/><G117/><T90/><D115/><U17/><E37/><V27/><F41/><W86/><G14/><T79/><D93/><N who="1" m="58863" /><E46/><V5/><F5/><W112/><G30/><T64/><D64/><U100/><E100/><V53/><F38/><W39/><G39/><T67/><D67/><U18/><E4/><V72/><F72/><W119/><G119/><T94/><D94/><U127/><E127/><V1/><F1/><W87/><G87/><N who="0" m="52319" /><D108/><U10/><E111/><V16/><F28/><W7/><G112/><T110/><D110/><U58/><E58/><N who="2" m="35023" /><F55/><W101/><G70/><T52/><D52/><U29/><E29/><V48/><F48/><W35/><G60/><T96/><D96/><U120/><E120/><V9/><F9/><AGARI ba="0,0" hai="9,15,19,24,26,75,79,82" m="52319,47723" machi="9" ten="30,1000,0" yaku="18,1" doraHai="123" who="0" fromWho="2" sc="230,10,240,0,240,-10,290,0" /><INIT seed="2,0,0,0,2,133" ten="240,240,230,290" oya="2" hai0="135,103,129,60,73,82,101,132,68,90,72,1,83" hai1="61,30,99,16,109,11,116,64,41,122,22,58,15" hai2="54,69,71,125,59,31,7,113,13,8,108,78,111" hai3="40,10,26,81,88,77,21,96,48,25,87,100,24"/><V43/><F113/><W45/><G10/><T67/><D1/><U123/><E116/><V104/><F104/><W115/><G115/><T105/><D129/><U89/><E109/><N who="2" m="42059" /><F43/><W52/><G77/><T98/><D103/><U44/><E89/><V97/><F97/><W23/><REACH who="3" step="1"/><G40/><REACH who="3" ten="240,240,230,280" step="2"/><T12/><D135/><U20/><E122/><V19/><F78/><W86/><G86/><T3/><D132/><U117/><E123/><V66/><F66/><W36/><G36/><T79/><D3/><U55/><E64/><V70/><F31/><W119/><G119/><T112/><D112/><U128/><E117/><V33/><F33/><W93/><AGARI ba="0,1" hai="21,23,24,25,26,45,48,52,81,87,88,93,96,100" machi="93" ten="30,12000,2" yaku="1,1,0,1,8,1,54,2,53,1" doraHai="133" doraHaiUra="91" who="3" fromWho="3" sc="240,-30,240,-30,230,-60,280,130" /><INIT seed="3,0,0,0,2,49" ten="210,210,170,410" oya="3" hai0="74,64,80,48,105,84,107,34,75,68,46,59,125" hai1="113,62,30,110,83,23,38,39,54,82,127,9,0" hai2="53,134,135,106,7,104,119,91,111,103,55,88,43" hai3="14,3,77,76,27,6,87,5,18,72,63,26,124"/><W1/><G72/><T118/><D68/><U33/><E113/><V41/><F7/><W99/><G99/><T52/><D34/><U31/><E33/><V4/><F4/><W22/><G124/><T129/><D118/><U44/><E110/><V12/><F12/><W60/><G87/><T90/><D125/><U16/><E127/><V89/><F111/><W97/><G97/><T50/><D129/><U95/><E95/><V58/><F58/><W70/><G14/><T117/><D117/><U122/><E122/><V78/><F78/><W32/><G32/><T121/><D121/><U102/><E102/><V131/><F119/><W29/><G22/><T126/><D126/><U116/><E116/><V35/><F35/><W114/><G18/><T109/><D109/><U61/><E9/><V98/><F131/><W130/><G130/><T19/><D19/><U132/><E0/><V36/><F36/><W85/><G85/><T100/><D64/><U42/><E39/><V40/><F106/><W17/><G17/><T28/><D28/><U112/><E31/><V10/><F10/><W108/><G29/><T2/><D2/><U81/><E30/><V56/><F56/><W123/><G108/><T133/><D133/><AGARI ba="0,0" hai="40,41,43,53,55,88,89,91,98,103,104,133,134,135" machi="133" ten="50,8000,1" yaku="20,1,52,2,54,1" doraHai="49" who="2" fromWho="0" sc="210,-80,210,0,170,80,410,0" /><INIT seed="4,0,0,3,4,0" ten="130,210,250,410" oya="0" hai0="55,37,51,109,28,69,102,116,13,78,58,17,122" hai1="56,94,26,76,39,33,68,11,120,126,32,115,22" hai2="57,103,119,64,104,134,86,46,107,2,85,27,20" hai3="44,90,118,101,18,47,84,15,41,49,110,4,67"/><T131/><D116/><U108/><E108/><V95/><F2/><W45/><G110/><T128/><D109/><U8/><E68/><V81/><F134/><W130/><G118/><T135/><D122/><U54/><E39/><V79/><F119/><W12/><G67/><T52/><D135/><U43/><E43/><V10/><F46/><W35/><G35/><T111/><D69/><U96/><E120/><V31/><F10/><N who="3" m="4167" /><G101/><T48/><D37/><U127/><E76/><V74/><F86/><W61/><G61/><T1/><D1/><U72/><E72/><V123/><F123/><W105/><G105/><T133/><D111/><U73/><E73/><V5/><F5/><W23/><G130/><T66/><D133/><U113/><E8/><V93/><F74/><W99/><G99/><T3/><D3/><U7/><E32/><V25/><F25/><W19/><G19/><T89/><D28/><U34/><E34/><V62/><REACH who="2" step="1"/><F95/><AGARI ba="0,0" hai="15,18,23,41,44,45,47,49,84,90,95" m="4167" machi="95" ten="30,2000,0" yaku="8,1,52,1" doraHai="0" who="3" fromWho="2" sc="130,0,210,0,250,-20,410,20" /><INIT seed="5,0,0,2,4,80" ten="130,210,230,430" oya="1" hai0="94,88,5,34,32,37,128,27,112,54,45,120,0" hai1="117,59,84,47,106,113,119,130,69,3,19,9,28" hai2="60,36,102,121,6,43,44,55,7,20,56,16,101" hai3="67,25,35,122,85,13,52,51,72,1,77,135,29"/><U42/><E69/><V133/><F133/><W114/><G1/><T79/><D112/><U4/><E106/><V93/><F121/><W91/><G122/><T107/><D107/><U17/><E130/><V105/><F105/><W116/><G114/><T63/><D120/><U98/><E98/><V76/><F76/><W53/><G67/><T62/><D128/><U40/><E40/><V90/><F6/><W57/><G116/><T33/><D79/><U86/><E28/><V65/><F7/><W100/><G100/><T26/><D5/><U97/><E97/><V92/><F65/><W61/><G13/><T31/><D0/><U12/><E113/><V129/><F93/><W14/><G14/><T95/><D95/><U104/><E104/><V71/><F71/><W22/><G135/><T46/><D46/><U125/><E125/><V15/><REACH who="2" step="1"/><F129/><REACH who="2" ten="130,210,220,430" step="2"/><W68/><G68/><T8/><D34/><U108/><E3/><V66/><F66/><W81/><G35/><T124/><D32/><U48/><E117/><V123/><F123/><W131/><G131/><T83/><D94/><U109/><E119/><V134/><F134/><W70/><G70/><T127/><D33/><U126/><E126/><V10/><F10/><W89/><G72/><T21/><D127/><U132/><E132/><V78/><F78/><W74/><G74/><T75/><D124/><U115/><E115/><V11/><F11/><W58/><AGARI ba="0,1" hai="22,25,29,51,52,53,57,58,61,77,81,85,89,91" machi="58" ten="20,8000,1" yaku="0,1,7,1,8,1,52,1,54,1" doraHai="80" who="3" fromWho="3" sc="130,-20,210,-40,220,-20,430,90" /><INIT seed="6,0,0,3,4,99" ten="110,170,200,520" oya="2" hai0="71,18,124,29,120,28,55,57,32,109,103,21,41" hai1="121,60,111,104,46,80,11,9,52,0,33,50,93" hai2="65,89,97,129,49,131,79,114,123,16,127,26,85" hai3="108,78,22,40,94,88,63,67,115,95,51,126,2"/><V66/><F123/><W69/><G108/><T84/><D120/><U14/><E104/><V31/><F79/><W98/><G2/><T75/><D75/><U61/><E33/><V12/><F49/><W73/><G126/><T25/><D71/><U19/><E111/><V119/><F119/><W27/><G115/><T76/><D109/><U113/><E113/><V70/><F114/><W38/><G38/><T53/><D124/><U4/><E121/><V128/><F127/><W68/><G68/><T101/><D41/><U6/><E6/><V44/><F44/><W5/><G5/><T107/><D107/><U56/><E93/><N who="2" m="54447" /><F97/><W24/><G78/><T1/><D1/><U15/><E0/><V64/><F70/><W58/><G73/><T105/><D105/><U86/><E56/><V47/><F47/><W48/><G69/><T77/><D77/><AGARI ba="0,0" hai="4,9,11,14,15,19,46,50,52,60,61,77,80,86" machi="77" ten="30,3900,0" yaku="7,1,8,1,54,1" doraHai="99" who="1" fromWho="0" sc="110,-39,170,39,200,0,520,0" /><INIT seed="7,0,0,4,4,135" ten="71,209,200,520" oya="3" hai0="87,55,109,18,11,115,77,12,44,120,17,113,2" hai1="61,101,4,16,32,51,14,5,76,53,71,9,131" hai2="59,82,60,134,80,45,104,47,6,95,103,133,50" hai3="125,20,41,40,22,110,70,27,68,48,0,85,1"/><W3/><G85/><T13/><D109/><U69/><E32/><V36/><F104/><W100/><G100/><T79/><D120/><U111/><E76/><V119/><F119/><W127/><G48/><T106/><D106/><U37/><E37/><V19/><F6/><W114/><G114/><T91/><D2/><U81/><E81/><V8/><F36/><W10/><G10/><T35/><D35/><U105/><E69/><N who="3" m="26730" /><G110/><T67/><D67/><U39/><E39/><V116/><F116/><W54/><G54/><T46/><D115/><U73/><E73/><V102/><F133/><W126/><G20/><T86/><D113/><U58/><E131/><V63/><F63/><W52/><G52/><T43/><D55/><U117/><E117/><V78/><F47/><W56/><G56/><T98/><D11/><U21/><E111/><V121/><F121/><W123/><G123/><T25/><D25/><U96/><E21/><V118/><F118/><W92/><G92/><T124/><D91/><U97/><E97/><N who="2" m="59711" /><F103/><W99/><G99/><T129/><D98/><U83/><E83/><N who="2" m="31787" /><F78/><W108/><G108/><T34/><D34/><U29/><E71/><V128/><F134/><W33/><G33/><T130/><REACH who="0" step="1"/><D43/><REACH who="0" ten="61,209,200,520" step="2"/><U94/><E105/><V72/><F72/><W64/><G64/><T132/><D132/><U112/><E112/><V66/><F128/><W74/><G74/><T62/><D62/><U75/><E61/><V88/><F88/><W15/><G27/><T28/><D28/><U23/><E29/><V31/><F31/><W122/><G122/><T38/><D38/><RYUUKYOKU ba="0,1" sc="61,15,209,-15,200,-15,520,15" hai0="12,13,17,18,44,46,77,79,86,87,124,129,130" hai3="0,1,3,15,22,40,41,125,126,127" owari="76,-42.4,194,-0.6,185,-21.5,545,64.5" /></mjloggm>