<mjloggm ver="2.3"><GO type="169" lobby="0"/><UN n0="%E5%A7%AB%E7%95%99" n1="%E3%82%89%E3%81%84%E3%81%82%E3%82%93%E3%81%98%E3%82%83%E3%82%93" n2="%E3%81%BE%E3%81%88%E3%81%9F" n3="%58%E7%8C%AB" dan="16,17,16,16" rate="2132.84,2192.16,2192.36,2069.47" sx="M,M,F,M"/><TAIKYOKU oya="0"/><INIT seed="0,0,0,5,0,132" ten="250,250,250,250" oya="0" hai0="34,66,110,58,75,120,94,57,85,131,46,68,88" hai1="119,1,69,134,47,14,35,12,80,133,76,43,74" hai2="89,82,72,86,25,92,64,28,15,118,29,55,0" hai3="84,21,130,8,106,37,93,78,11,9,113,23,128"/><T41/><D120/><U4/><E119/><V59/><F0/><W105/><G37/><T90/><D75/><U60/><E35/><V10/><F118/><W125/><G113/><T129/><D34/><U81/><E81/><V7/><F72/><W51/><G51/><T36/><D110/><U39/><E14/><V111/><F111/><W22/><G78/><T53/><D90/><U112/><E12/><V116/><F116/><W18/><G18/><T83/><D83/><U2/><E112/><V107/><F107/><W48/><G48/><N who="0" m="30887" /><D58/><U103/><E103/><V99/><F25/><W40/><G40/><T38/><D38/><U104/><E104/><N who="3" m="40042" /><G93/><T50/><D50/><U97/><E97/><V126/><F64/><W79/><G79/><T71/><D71/><U3/><REACH who="1" step="1"/><E4/><REACH who="1" ten="250,240,250,250" step="2"/><V16/><F7/><W67/><G84/><T20/><D20/><U6/><E6/><V109/><F109/><W52/><G23/><T96/><D96/><U44/><E44/><V63/><REACH who="2" step="1"/><F126/><REACH who="2" ten="250,240,240,250" step="2"/><W32/><G125/><T102/><D102/><AGARI ba="0,2" hai="10,15,16,28,29,55,59,63,82,86,89,92,99,102" machi="102" ten="30,8000,1" yaku="1,1,2,1,7,1,8,1,54,1,53,0" doraHai="132" doraHaiUra="114" who="2" fromWho="0" sc="250,-80,240,0,240,100,250,0" /><INIT seed="1,0,0,1,2,23" ten="170,240,340,250" oya="1" hai0="119,116,33,32,68,85,118,89,124,1,45,8,58" hai1="98,113,6,57,93,19,95,48,55,28,75,0,121" hai2="109,9,81,40,101,42,16,29,131,21,17,90,79" hai3="72,110,83,44,88,100,61,50,36,64,74,105,5"/><U132/><E113/><V103/><F109/><W62/><G36/><T133/><D68/><U104/><E121/><V82/><F131/><W15/><G110/><T97/><D124/><U117/><E117/><V108/><F108/><W18/><G5/><T73/><D73/><U25/><E75/><V39/><F29/><W53/><G62/><T60/><D133/><U12/><E132/><V86/><F9/><W35/><G35/><T38/><D97/><U43/><E43/><V63/><F63/><W106/><G74/><T46/><D8/><U126/><E126/><V134/><F134/><W96/><G106/><T30/><D1/><U80/><E80/><V22/><F22/><W115/><G115/><T54/><D38/><U135/><E6/><V4/><F4/><W10/><G72/><T120/><D120/><U107/><E93/><V37/><F17/><W129/><G129/><T127/><D127/><U3/><E3/><V94/><F81/><W123/><G123/><T78/><D78/><U128/><E0/><V41/><F39/><W122/><G122/><T125/><D125/><U31/><E31/><V87/><REACH who="2" step="1"/><F37/><REACH who="2" ten="170,240,330,250" step="2"/><W99/><G83/><T77/><D32/><N who="1" m="20495" /><E135/><V130/><F130/><W71/><G61/><T69/><D30/><U67/><E128/><V51/><F51/><W114/><G114/><T59/><D118/><U24/><E48/><V56/><F56/><W2/><G71/><T34/><D69/><U11/><E57/><V102/><F102/><W52/><G100/><T7/><D59/><U14/><E19/><V84/><F84/><W112/><G112/><RYUUKYOKU ba="0,1" sc="170,-10,240,-10,330,30,250,-10" hai2="16,21,40,41,42,79,82,86,87,90,94,101,103" /><INIT seed="2,1,1,2,5,67" ten="160,230,360,240" oya="2" hai0="124,74,114,88,38,115,84,47,85,72,66,26,132" hai1="64,107,8,0,109,58,44,43,133,129,60,61,97" hai2="101,30,7,32,104,45,130,68,83,69,48,34,70" hai3="57,90,98,9,35,18,20,36,62,102,96,53,110"/><V80/><F130/><W94/><G35/><T108/><D26/><U126/><E109/><V111/><F111/><W106/><G110/><T12/><D108/><U19/><E126/><V113/><F113/><W31/><G36/><T52/><D12/><U116/><E133/><V21/><F7/><W41/><G41/><T122/><D124/><U1/><E129/><V75/><F21/><W99/><G99/><T89/><D132/><U13/><E116/><V10/><F10/><W81/><G9/><T40/><D66/><U27/><E27/><V42/><F30/><W39/><G39/><T117/><D122/><U82/><E82/><V15/><F15/><W79/><G31/><T46/><D117/><U120/><E120/><V51/><F51/><W49/><G49/><T78/><D38/><U28/><E28/><V14/><F14/><W91/><G91/><T5/><D40/><U55/><E43/><V59/><F59/><W77/><REACH who="3" step="1"/><G81/><REACH who="3" ten="160,230,360,230" step="2"/><T11/><D11/><U29/><E29/><V63/><F83/><W121/><G121/><T24/><D5/><U73/><E8/><V33/><F80/><W100/><G100/><T71/><D114/><U6/><E6/><V128/><F128/><W103/><G103/><T123/><D115/><U125/><E97/><V22/><F22/><W93/><G93/><T3/><D89/><U56/><E125/><V17/><F101/><W54/><G54/><T50/><D88/><U86/><E55/><V2/><F42/><W23/><G23/><T105/><D52/><U92/><E19/><V134/><F17/><W127/><G127/><RYUUKYOKU ba="1,2" sc="160,-10,230,-10,360,-10,230,30" hai3="18,20,53,57,62,77,79,90,94,96,98,102,106" /><INIT seed="3,2,2,0,5,86" ten="150,220,350,260" oya="3" hai0="115,108,48,107,51,54,63,27,109,70,101,49,103" hai1="122,117,68,89,125,1,11,116,75,3,67,99,97" hai2="133,98,20,121,58,73,96,60,135,53,114,59,78" hai3="44,36,8,35,81,9,12,25,82,112,50,74,94"/><W42/><G112/><T113/><D107/><U84/><E122/><V120/><F114/><N who="0" m="43530" /><D27/><U76/><E125/><V47/><F47/><W46/><G74/><T19/><D19/><U62/><E76/><V13/><F78/><W45/><G35/><T17/><D17/><U88/><E75/><V134/><F73/><W39/><G25/><T61/><D54/><U57/><E68/><V102/><F58/><W41/><G94/><T85/><D85/><U132/><E132/><V30/><F30/><W38/><G50/><T87/><D87/><U71/><E71/><V4/><F20/><W79/><G12/><T23/><D23/><U21/><E21/><V123/><REACH who="2" step="1"/><F102/><REACH who="2" ten="150,220,340,260" step="2"/><N who="0" m="38922" /><D70/><U80/><E57/><V5/><F5/><W104/><G79/><T7/><D7/><U130/><E116/><V119/><F119/><W90/><G90/><T95/><D95/><U105/><E117/><V106/><F106/><W2/><G104/><T56/><D56/><U6/><E89/><V128/><F128/><W52/><G52/><T100/><N who="0" m="38930" /><T34/><DORA hai="93" /><D34/><U64/><E105/><V111/><F111/><AGARI ba="2,3" hai="48,49,51,61,63,108,109,111" m="38930,43530" machi="111" ten="40,8000,1" yaku="28,2,14,1,11,1" doraHai="86,93" who="0" fromWho="2" sc="150,116,220,0,340,-86,260,0" /><INIT seed="4,0,0,2,0,51" ten="266,220,254,260" oya="0" hai0="126,53,21,42,123,25,44,34,117,55,82,58,111" hai1="35,78,41,129,26,76,96,28,70,107,113,127,64" hai2="114,37,54,86,73,134,17,16,48,12,15,94,103" hai3="29,67,0,60,115,20,9,39,108,2,100,104,110"/><T69/><D117/><U99/><E129/><V102/><F73/><W62/><G62/><T89/><D123/><U125/><E41/><V106/><F37/><W105/><G20/><T132/><D69/><U43/><E43/><V91/><F114/><W133/><G115/><T46/><D34/><U87/><E113/><V72/><F72/><W52/><G39/><T13/><D132/><U61/><E96/><V24/><F24/><W10/><G29/><T32/><D32/><U128/><E128/><V81/><F106/><W18/><G18/><T36/><D126/><N who="1" m="48139" /><E87/><V90/><F134/><W23/><G23/><T135/><D135/><U131/><E131/><V130/><F130/><W22/><G22/><T88/><D13/><N who="2" m="5194" /><F103/><AGARI ba="0,0" hai="26,28,35,61,64,70,76,78,99,103,107" m="48139" machi="103" ten="30,2000,0" yaku="25,1,18,1" doraHai="51" who="1" fromWho="2" sc="266,0,220,20,254,-20,260,0" /><INIT seed="5,0,0,0,5,6" ten="266,240,234,260" oya="1" hai0="109,46,98,35,123,18,77,116,132,97,40,103,1" hai1="29,76,133,23,64,112,50,62,25,30,130,53,16" hai2="31,111,55,22,115,73,96,110,131,13,34,122,135" hai3="19,11,57,60,93,83,38,12,127,80,88,21,71"/><U90/><E112/><V4/><F73/><W32/><G38/><T128/><D109/><U94/><E130/><V5/><F96/><W106/><G106/><T75/><D116/><U84/><E133/><V120/><F55/><W67/><G32/><T66/><D1/><U101/><E76/><V95/><F95/><W36/><G36/><T99/><D132/><U119/><E101/><V118/><F118/><W43/><G127/><T8/><D35/><U85/><E85/><V51/><F51/><W78/><G43/><T92/><D128/><U45/><REACH who="1" step="1"/><E119/><REACH who="1" ten="266,230,234,260" step="2"/><V68/><F135/><W49/><G78/><T104/><D77/><U100/><E100/><V58/><F131/><W124/><G124/><T14/><D75/><U9/><E9/><V59/><F115/><W20/><G83/><T52/><D103/><U48/><E48/><V107/><F111/><W41/><G80/><T2/><D8/><U61/><E61/><V39/><F110/><W24/><G24/><T72/><D72/><U126/><E126/><V0/><F39/><W134/><G134/><T17/><D99/><U26/><E26/><V113/><F113/><W82/><G82/><T117/><D98/><U89/><E89/><V15/><F120/><W54/><G41/><T86/><D97/><AGARI ba="0,1" hai="11,12,19,20,21,49,54,57,60,67,71,88,93,97" machi="97" ten="30,3900,0" yaku="7,1,52,1,54,1" doraHai="6" who="3" fromWho="0" sc="266,-39,230,0,234,0,260,49" /><INIT seed="6,0,0,4,0,88" ten="227,230,234,309" oya="2" hai0="69,63,21,15,127,38,51,27,70,99,53,43,98" hai1="133,129,114,91,36,54,67,104,96,125,16,31,111" hai2="29,85,65,135,4,23,119,7,120,0,113,86,50" hai3="9,80,44,107,42,19,122,26,58,60,8,116,112"/><V5/><F119/><W52/><G122/><T2/><D2/><U39/><E111/><V118/><F118/><W72/><G116/><T92/><D127/><U109/><E109/><V71/><F120/><W102/><G72/><T3/><D3/><U82/><E125/><V117/><F117/><W28/><G112/><T128/><D128/><U115/><E129/><V10/><F113/><N who="1" m="43017" /><E31/><V90/><F135/><W124/><G124/><T59/><D15/><U126/><E133/><V14/><F85/><W130/><G130/><T106/><D106/><U18/><E67/><V77/><F77/><W108/><G80/><T13/><D13/><U100/><E54/><V17/><F29/><W87/><G87/><T68/><D38/><N who="1" m="14379" /><E126/><V37/><F37/><W1/><G1/><T101/><D99/><N who="1" m="61471" /><E82/><V64/><F64/><W97/><G108/><T121/><D121/><U61/><E61/><V57/><F71/><W49/><G19/><T132/><D132/><U24/><E24/><V48/><F48/><W94/><G107/><T75/><D75/><U105/><E105/><V89/><F65/><W33/><AGARI ba="0,0" hai="8,9,26,28,33,42,44,49,52,58,60,94,97,102" machi="33" ten="20,5200,0" yaku="0,1,7,1,52,1,54,1" doraHai="88" who="3" fromWho="3" sc="227,-13,230,-13,234,-26,309,52" /><INIT seed="7,0,0,5,4,87" ten="214,217,208,361" oya="3" hai0="91,117,30,74,36,88,121,67,56,59,29,22,82" hai1="134,130,61,75,127,107,37,0,50,131,39,14,58" hai2="1,46,13,70,128,40,65,114,32,94,103,122,111" hai3="12,85,44,57,90,24,41,81,10,95,28,108,2"/><W42/><G2/><T7/><D117/><U76/><E0/><V54/><F111/><W18/><G108/><T80/><D36/><U110/><E110/><V78/><F1/><W66/><G44/><T96/><D74/><U120/><E120/><V26/><F78/><W55/><G66/><T118/><D118/><U5/><E107/><V3/><F3/><W8/><G8/><T123/><D7/><U77/><E50/><V64/><F122/><W27/><G95/><T125/><D125/><U112/><E112/><V71/><F114/><W119/><G119/><T6/><D6/><U104/><E104/><V25/><F13/><W23/><G27/><N who="2" m="10249" /><F32/><W60/><AGARI ba="0,0" hai="10,12,18,23,24,28,41,42,55,57,60,81,85,90" machi="60" ten="20,7800,0" yaku="0,1,7,1,8,1,52,1" doraHai="87" who="3" fromWho="3" sc="214,-26,217,-26,208,-26,361,78" owari="188,-21.2,191,-0.9,182,-31.8,439,53.9" /></mjloggm>