<mjloggm ver="2.3"><GO type="169" lobby="0"/><UN n0="%E3%83%94%E3%83%B3%E3%82%B5%E3%83%AD%E5%BA%97%E5%93%A1" n1="%E3%81%97%E3%82%83%E3%82%93%E3%81%8A%E3%81%98" n2="%63%2E%63%2D%76%2E%76" n3="%E3%82%88%E3%81%97%E3%81%A0%E3%81%84%E3%81%9F%E3%82%8B" dan="17,17,17,16" rate="2273.89,2164.50,2225.05,2154.00" sx="M,F,F,M"/><TAIKYOKU oya="0"/><INIT seed="0,0,0,3,0,6" ten="250,250,250,250" oya="0" hai0="62,90,97,37,25,113,135,70,129,45,69,105,92" hai1="57,108,35,120,65,64,82,76,22,87,49,131,116" hai2="72,103,134,47,106,98,128,31,123,11,56,39,50" hai3="115,89,75,29,51,14,78,94,16,81,67,30,77"/><T5/><D113/><U124/><E116/><V15/><F123/><W84/><G115/><T83/><D129/><U121/><E35/><V13/><F128/><W48/><G67/><T114/><D114/><U60/><E131/><V53/><F134/><W122/><G122/><T96/><D135/><U110/><E124/><V1/><F31/><W40/><G78/><T68/><D83/><U21/><E65/><V61/><F72/><W88/><G89/><T99/><D105/><U34/><E34/><V17/><F1/><W130/><G130/><T101/><D101/><U4/><E4/><V117/><F117/><W20/><G40/><T58/><D25/><U91/><E76/><V132/><F132/><W9/><G20/><N who="1" m="7786" /><E49/><V59/><F15/><W33/><REACH who="3" step="1"/><G30/><REACH who="3" ten="250,250,250,240" step="2"/><T43/><REACH who="0" step="1"/><D5/><REACH who="0" ten="240,250,250,240" step="2"/><U0/><E121/><V28/><F28/><W27/><AGARI ba="0,2" hai="9,14,16,27,29,33,48,51,75,77,81,84,88,94" machi="27" ten="30,12000,2" yaku="1,1,2,1,0,1,52,1,54,2,53,0" doraHai="6" doraHaiUra="55" who="3" fromWho="3" sc="240,-60,250,-30,250,-30,240,140" /><INIT seed="1,0,0,2,2,88" ten="180,220,220,380" oya="1" hai0="66,36,72,127,99,84,56,98,71,117,90,23,92" hai1="10,93,51,130,96,9,39,54,61,109,7,62,25" hai2="31,13,17,63,76,91,42,2,79,120,124,70,112" hai3="118,32,134,15,21,132,83,101,18,14,114,37,57"/><U116/><E116/><V110/><F120/><W60/><G114/><T34/><D117/><U100/><E39/><V16/><F112/><W128/><G118/><T68/><D34/><U12/><E130/><V126/><F2/><W44/><G32/><T1/><D72/><U24/><E109/><V94/><F110/><W22/><G128/><T82/><D1/><U3/><E61/><V108/><F108/><W123/><G123/><T89/><D36/><U80/><E62/><V52/><F42/><W30/><G101/><T86/><D127/><N who="2" m="48682" /><F31/><W8/><G83/><T97/><D66/><U113/><E80/><V67/><F17/><W38/><G44/><T75/><D56/><U131/><E131/><V104/><F104/><W122/><G122/><T85/><D75/><U119/><E119/><V41/><F41/><W59/><G60/><T4/><D4/><U95/><E113/><V0/><F0/><W103/><G103/><T135/><D135/><U107/><E24/><V106/><F106/><W111/><G30/><T77/><REACH who="0" step="1"/><D23/><REACH who="0" ten="170,220,220,380" step="2"/><U133/><E133/><N who="3" m="51306" /><G111/><T129/><D129/><U26/><E9/><N who="2" m="6191" /><F67/><W102/><G22/><T78/><D78/><U40/><E3/><V55/><F70/><W27/><G38/><T19/><D19/><U5/><E5/><V11/><F11/><W35/><G37/><T49/><D49/><U64/><E64/><V53/><F63/><W115/><G115/><T58/><D58/><U20/><E20/><V121/><F121/><W69/><G35/><T105/><D105/><U65/><E107/><V74/><F74/><W81/><G8/><RYUUKYOKU ba="0,1" sc="170,15,220,-15,220,15,380,-15" hai0="68,71,77,82,84,85,86,89,90,92,97,98,99" hai2="52,53,55,76,79,91,94" /><INIT seed="2,1,1,2,5,128" ten="185,205,235,365" oya="2" hai0="90,9,22,43,31,39,6,108,109,75,21,112,23" hai1="36,32,123,86,129,3,134,40,30,16,111,110,65" hai2="94,2,62,66,70,33,92,96,11,119,0,35,77" hai3="87,74,53,1,116,47,57,10,114,106,59,131,17"/><V46/><F119/><W14/><G116/><T28/><D75/><U48/><E36/><V49/><F77/><W63/><G131/><T41/><D90/><U37/><E37/><V73/><F73/><W84/><G114/><T88/><D39/><U93/><E3/><V44/><F94/><W67/><G106/><T126/><D112/><U64/><E123/><V45/><F49/><W104/><G104/><T60/><D60/><U121/><E121/><V58/><F70/><W68/><G74/><T56/><D56/><U25/><E129/><V61/><F61/><W107/><G107/><T81/><D126/><U5/><E5/><V97/><F97/><W51/><G1/><T89/><D9/><U79/><E40/><N who="0" m="15433" /><D6/><U52/><E64/><V76/><F76/><W124/><G124/><T115/><D115/><U120/><E65/><V34/><REACH who="2" step="1"/><F11/><REACH who="2" ten="185,205,225,365" step="2"/><W80/><G84/><N who="0" m="50191" /><D89/><AGARI ba="1,2" hai="0,2,33,34,35,44,45,46,58,62,66,89,92,96" machi="89" ten="50,2400,0" yaku="1,1,53,0" doraHai="128" doraHaiUra="100" who="2" fromWho="0" sc="185,-27,205,0,225,47,365,0" /><AGARI ba="1,0" hai="10,14,17,47,51,53,57,59,63,67,68,80,87,89" machi="89" ten="30,3900,0" yaku="7,1,25,2" doraHai="128" who="3" fromWho="0" sc="158,-39,205,0,272,0,365,39" /><INIT seed="2,2,0,0,1,47" ten="119,205,272,404" oya="2" hai0="13,61,49,131,127,104,26,83,123,24,102,88,14" hai1="29,5,59,2,6,41,57,63,90,107,58,113,22" hai2="98,125,52,128,81,40,122,93,85,106,108,31,55" hai3="39,19,50,56,79,86,92,11,67,60,17,76,66"/><V126/><F122/><W133/><G39/><T9/><D123/><U69/><E113/><V118/><F118/><W44/><G133/><T89/><D131/><U7/><E107/><V132/><F132/><W54/><G67/><T74/><D127/><N who="2" m="48650" /><F31/><W33/><G33/><T124/><D124/><U46/><E69/><V23/><F128/><W70/><G70/><T71/><D102/><U94/><E2/><V97/><F40/><W115/><G115/><T45/><D104/><U103/><E103/><N who="2" m="62831" /><F23/><W73/><G73/><T78/><D14/><U1/><E1/><V28/><F28/><W36/><G36/><T62/><D26/><U37/><E22/><V95/><F108/><W100/><G100/><T134/><D24/><U114/><E29/><V96/><F95/><W53/><G66/><T91/><D71/><U105/><E105/><V121/><F121/><W16/><G11/><T65/><D65/><U25/><E25/><V120/><F120/><W84/><G92/><T4/><REACH who="0" step="1"/><D134/><REACH who="0" ten="109,205,272,404" step="2"/><U109/><E114/><V12/><F12/><W51/><G60/><T111/><D111/><U10/><E109/><V30/><F30/><W82/><REACH who="3" step="1"/><G86/><REACH who="3" ten="109,205,272,394" step="2"/><T130/><D130/><U116/><E63/><V72/><F96/><W8/><G8/><T99/><D99/><U21/><E10/><V18/><F72/><W42/><G42/><AGARI ba="2,2" hai="4,9,13,42,45,49,61,62,74,78,83,88,89,91" machi="42" ten="40,5200,0" yaku="1,1,52,1,54,1,53,0" doraHai="47" doraHaiUra="32" who="0" fromWho="3" sc="109,78,205,0,272,0,394,-58" /><INIT seed="3,0,0,5,0,91" ten="187,205,272,336" oya="3" hai0="17,83,102,19,32,3,55,66,110,132,65,16,116" hai1="14,128,31,28,2,122,106,84,79,86,12,30,11" hai2="115,125,26,15,75,22,25,4,90,46,92,54,36" hai3="60,51,52,42,33,57,47,1,41,108,112,49,105"/><W133/><G105/><T7/><D116/><U113/><E113/><V131/><F75/><W109/><G1/><T104/><D32/><U118/><E122/><V77/><F115/><W98/><G33/><T45/><D110/><N who="3" m="42601" /><G98/><T78/><D132/><U37/><E106/><V107/><F77/><W82/><G82/><T99/><D7/><U8/><E37/><V89/><F107/><W119/><G112/><T23/><D3/><U101/><E101/><V63/><F36/><W117/><G133/><T59/><D45/><AGARI ba="0,0" hai="41,42,45,47,49,51,52,57,60,117,119" m="42601" machi="45" ten="30,12000,1" yaku="14,1,10,1,34,2,54,1" doraHai="91" who="3" fromWho="0" sc="187,-120,205,0,272,0,336,120" /><INIT seed="3,1,0,5,2,107" ten="67,205,272,456" oya="3" hai0="86,60,97,132,130,52,108,22,131,32,89,59,122" hai1="28,67,126,77,74,63,76,117,2,3,127,14,17" hai2="116,80,87,13,7,99,29,24,71,43,124,81,79" hai3="23,45,1,49,96,83,114,35,125,58,85,72,53"/><W0/><G114/><T61/><D122/><U104/><E104/><V55/><F116/><W62/><G35/><T18/><D32/><U47/><E28/><V44/><F71/><W38/><G125/><N who="1" m="47626" /><E47/><V113/><F124/><W15/><G96/><T8/><D108/><U11/><E117/><V12/><F113/><W100/><G38/><T103/><D8/><U120/><E120/><V4/><F55/><W26/><G100/><T57/><D132/><U94/><E94/><V9/><F99/><W101/><G101/><T20/><D97/><U129/><E129/><V82/><F12/><W54/><G15/><T27/><D22/><U93/><E93/><V75/><F4/><W109/><G109/><T88/><D103/><U36/><E36/><V64/><F64/><W16/><REACH who="3" step="1"/><G72/><REACH who="3" ten="67,205,272,446" step="2"/><T111/><D111/><U39/><E39/><V123/><F75/><W19/><G19/><T42/><D42/><U51/><E74/><V10/><F123/><W33/><G33/><T21/><D21/><U48/><E2/><V90/><F10/><W134/><G134/><T37/><D37/><U135/><E3/><V50/><F24/><W69/><G69/><T6/><D6/><U40/><E135/><V46/><F29/><W34/><G34/><T102/><D102/><U70/><E17/><V115/><F9/><W92/><G92/><T30/><D18/><U133/><E133/><V91/><F13/><W78/><AGARI ba="1,1" hai="0,1,16,23,26,45,49,53,54,58,62,78,83,85" machi="78" ten="20,7800,0" yaku="1,1,0,1,7,1,54,1,53,0" doraHai="107" doraHaiUra="112" who="3" fromWho="3" sc="67,-27,205,-27,272,-27,446,91" /><INIT seed="3,2,0,3,5,107" ten="40,178,245,537" oya="3" hai0="84,62,14,22,111,98,6,28,32,127,113,126,38" hai1="45,103,3,114,125,65,34,23,88,63,54,26,17" hai2="57,75,11,69,29,4,44,7,10,89,33,47,13" hai3="91,109,19,39,99,64,68,18,133,101,100,83,30"/><W95/><G133/><T130/><D38/><U37/><E114/><V0/><F69/><W61/><G39/><T123/><D84/><U97/><E125/><N who="0" m="47625" /><D98/><U66/><E3/><V12/><F0/><W2/><G2/><T87/><D87/><U48/><E37/><V119/><F119/><W106/><G101/><T15/><D62/><U94/><E34/><V27/><F89/><W76/><G109/><T71/><D71/><U35/><E35/><V55/><REACH who="2" step="1"/><F75/><REACH who="2" ten="40,178,235,537" step="2"/><N who="3" m="43423" /><G30/><T42/><D111/><U8/><E103/><V90/><F90/><W85/><AGARI ba="2,1" hai="18,19,61,64,68,85,91,95,99,100,106" m="43423" machi="85" ten="30,3000,0" yaku="24,1,52,1" doraHai="107" who="3" fromWho="3" sc="40,-12,178,-12,235,-12,537,46" /><INIT seed="3,3,0,5,1,95" ten="28,166,223,583" oya="3" hai0="13,82,74,81,135,40,55,34,21,101,129,59,133" hai1="3,25,31,107,84,131,48,2,96,69,118,19,9" hai2="93,26,36,60,124,39,29,18,99,41,126,109,98" hai3="54,44,104,62,37,24,76,61,27,91,113,58,42"/><W89/><G113/><T38/><D34/><U72/><E72/><V134/><F109/><W16/><G104/><T33/><D33/><U115/><E115/><V15/><F134/><N who="0" m="51210" /><D129/><U5/><E69/><V53/><F93/><W88/><G76/><N who="0" m="44183" /><D82/><U80/><E131/><V7/><F7/><W70/><REACH who="3" step="1"/><G16/><REACH who="3" ten="28,166,223,573" step="2"/><N who="0" m="10383" /><D101/><U56/><E19/><V64/><F18/><W35/><G35/><T23/><D23/><U46/><E107/><V47/><F26/><W117/><G117/><T119/><D119/><U83/><E25/><V103/><F29/><W71/><G71/><T121/><D121/><U11/><E31/><V94/><F126/><W79/><G79/><T20/><D20/><U63/><E118/><V45/><F124/><W51/><G51/><N who="0" m="31231" /><D38/><U67/><E48/><V97/><F39/><W122/><G122/><T1/><D1/><U92/><E2/><V28/><F28/><W32/><G32/><T43/><AGARI ba="3,1" hai="40,43" m="31231,10383,44183,51210" machi="43" ten="30,2000,0" yaku="20,1,54,1" doraHai="95" who="0" fromWho="0" sc="28,39,166,-8,223,-8,573,-13" /><INIT seed="4,0,0,0,3,31" ten="67,158,215,560" oya="0" hai0="46,126,87,121,118,62,36,96,77,97,106,125,30" hai1="119,80,66,129,3,112,2,53,18,130,5,4,19" hai2="61,108,32,49,6,132,111,37,55,47,104,50,11" hai3="94,85,15,86,135,57,23,100,72,84,10,76,89"/><T75/><D118/><U78/><E66/><V63/><F104/><W117/><G117/><T102/><D121/><U88/><E119/><V127/><F127/><N who="0" m="48650" /><D75/><U105/><E105/><V131/><F131/><N who="1" m="50185" /><E53/><V14/><F132/><W41/><G135/><T16/><D96/><U33/><E33/><V123/><F32/><W116/><G116/><T107/><D30/><U91/><E112/><V9/><F123/><W0/><G0/><N who="1" m="42" /><E78/><V12/><F37/><W133/><G133/><T74/><D74/><U134/><E80/><V59/><F61/><W26/><G76/><T52/><D107/><U42/><E42/><V28/><F50/><W35/><G41/><N who="0" m="22823" /><D77/><U22/><E134/><V29/><F29/><W103/><G72/><T82/><D82/><U101/><E101/><V58/><F28/><W21/><G103/><T93/><D87/><U20/><E91/><V45/><F108/><W109/><G100/><T51/><D106/><U67/><E67/><N who="2" m="39415" /><F111/><W17/><G109/><T24/><D62/><U120/><E88/><V7/><AGARI ba="0,0" hai="6,7,9,11,12,14,45,47,49,55,59" m="39415" machi="7" ten="30,1100,0" yaku="8,1" doraHai="31" who="2" fromWho="2" sc="67,-5,158,-3,215,11,560,-3" /><INIT seed="5,0,0,4,0,52" ten="62,155,226,557" oya="1" hai0="58,80,107,64,91,124,92,128,132,39,129,0,126" hai1="86,20,76,73,45,14,117,34,125,15,77,118,40" hai2="82,121,7,89,69,1,38,113,60,36,17,111,133" hai3="101,28,26,62,16,79,33,41,57,88,85,93,22"/><U19/><E73/><V61/><F111/><W27/><G41/><T59/><D107/><U55/><E34/><V51/><F121/><W31/><G79/><T131/><D0/><U9/><E125/><N who="0" m="48233" /><D39/><U10/><E55/><V47/><F133/><W109/><G109/><T102/><D64/><U63/><E63/><V44/><F17/><W18/><G101/><T32/><D32/><U49/><E20/><V53/><F7/><W21/><G33/><T116/><D116/><U134/><E134/><V25/><F25/><W83/><G83/><T54/><D132/><U99/><E99/><V48/><F1/><W94/><G94/><T11/><D11/><U67/><E67/><AGARI ba="0,0" hai="16,18,21,22,26,27,28,31,57,62,67,85,88,93" machi="67" ten="30,12000,2" yaku="7,1,9,1,8,1,52,1,54,2" doraHai="52" who="3" fromWho="1" sc="62,0,155,-120,226,0,557,120" /><INIT seed="6,0,0,4,4,60" ten="62,35,226,677" oya="2" hai0="132,6,15,88,14,19,84,110,35,52,83,70,36" hai1="122,39,100,23,4,79,123,33,76,124,9,126,72" hai2="68,109,66,119,105,47,20,92,49,7,69,129,32" hai3="80,91,125,24,78,117,97,54,115,89,29,74,134"/><V2/><F105/><W104/><G54/><T5/><D110/><U11/><E39/><V48/><F32/><W1/><G1/><T8/><D70/><U113/><E33/><V21/><F119/><W3/><G3/><T131/><D131/><U93/><E23/><V121/><F92/><W98/><G24/><T90/><D132/><U128/><E128/><V17/><F2/><W133/><G29/><T94/><D36/><U25/><E25/><V50/><F7/><W99/><G117/><T82/><D35/><U12/><E113/><V38/><F121/><N who="1" m="46089" /><E72/><V87/><F38/><W44/><G44/><T13/><D83/><U10/><E12/><N who="0" m="4713" /><D52/><U57/><E57/><V59/><F59/><W112/><G125/><N who="1" m="48234" /><E4/><V127/><F127/><W71/><G71/><T62/><D62/><U51/><E51/><V30/><F50/><W18/><G18/><T63/><D63/><U85/><E85/><AGARI ba="0,0" hai="5,6,8,15,19,82,84,85,88,90,94" m="4713" machi="85" ten="30,2000,0" yaku="8,1,54,1" doraHai="60" who="0" fromWho="1" sc="62,20,35,-20,226,0,677,0" /><INIT seed="7,0,0,0,4,37" ten="82,15,226,677" oya="3" hai0="43,94,66,80,24,14,112,92,127,87,15,27,4" hai1="49,73,63,113,21,33,96,82,6,133,104,68,22" hai2="86,8,102,30,106,124,109,117,83,46,16,47,81" hai3="99,89,97,54,119,41,84,90,132,38,20,71,48"/><W60/><G119/><T29/><D127/><U19/><E113/><V58/><F58/><W62/><G132/><T36/><D112/><U55/><E133/><V78/><F30/><W72/><G72/><T130/><D130/><U44/><E33/><V129/><F16/><W32/><G32/><T25/><D29/><U131/><E131/><V52/><F52/><W105/><G105/><T31/><D31/><U67/><E6/><V88/><F8/><W57/><G62/><T74/><D74/><U0/><E0/><V12/><F12/><W101/><G101/><T70/><D70/><U45/><E104/><V7/><F7/><W123/><G123/><T125/><D66/><U3/><E3/><V95/><F47/><W17/><G90/><T121/><D125/><U110/><E110/><V40/><F46/><W107/><G107/><T114/><D121/><U111/><E111/><V13/><F13/><W11/><G11/><T118/><D15/><U91/><E19/><V69/><F69/><W122/><G84/><T5/><D87/><U35/><E35/><V115/><F86/><W1/><G89/><T50/><D94/><U64/><E64/><V61/><F95/><W98/><G20/><T77/><D92/><U134/><E134/><V79/><F106/><W23/><G23/><T53/><D77/><U2/><E2/><V103/><F79/><W120/><G17/><T126/><D5/><U10/><E10/><V51/><F78/><W28/><G28/><T135/><D4/><U39/><E73/><V85/><F124/><W56/><G71/><T9/><D126/><RYUUKYOKU ba="0,0" sc="82,0,15,0,226,0,677,0" owari="82,-31.8,15,-48.5,226,2.6,677,77.7" /></mjloggm>