<mjloggm ver="2.3"><GO type="169" lobby="0"/><UN n0="%72%61%79%2A%6B%77%6B%6D" n1="%6F%6B%61%62%65%73%68%69" n2="%E8%A6%9A%E9%86%92%E3%81%97%E3%81%9F%E3%81%A8%E3%81%BE%E3%81%A8" n3="%6E%61%67%61%69%6D%6F" dan="16,17,16,16" rate="2090.49,2207.03,2127.02,2141.59" sx="F,M,M,M"/><TAIKYOKU oya="0"/><INIT seed="0,0,0,0,4,124" ten="250,250,250,250" oya="0" hai0="72,39,91,62,111,53,14,126,64,81,83,16,13" hai1="41,36,29,5,131,15,48,78,50,125,84,118,123" hai2="63,34,95,130,22,110,73,18,68,59,45,6,120" hai3="33,47,54,2,109,113,40,135,7,86,70,55,128"/><T82/><D39/><U27/><E123/><V35/><F120/><W23/><G70/><T97/><D126/><U85/><E125/><V132/><F110/><W77/><G33/><T99/><D111/><U101/><E118/><V88/><F132/><W30/><G113/><T20/><D72/><U25/><E36/><V122/><F122/><W105/><G105/><T1/><D1/><U96/><E25/><V38/><F73/><W100/><G100/><T75/><D75/><U56/><E48/><V43/><F6/><W3/><G135/><T115/><D115/><U92/><E78/><V57/><F130/><W90/><G77/><T69/><D53/><U87/><E41/><V134/><F68/><W46/><G109/><T52/><D91/><U61/><E50/><V79/><F79/><W119/><G119/><T26/><REACH who="0" step="1"/><D52/><REACH who="0" ten="240,250,250,250" step="2"/><U116/><E116/><V49/><F134/><W19/><G55/><T44/><D44/><U129/><E5/><V10/><F38/><W104/><G54/><T93/><D93/><U66/><REACH who="1" step="1"/><E15/><AGARI ba="0,1" hai="13,14,15,16,20,26,62,64,69,81,82,83,97,99" machi="15" ten="40,3900,0" yaku="1,1,54,1,53,0" doraHai="124" doraHaiUra="127" who="0" fromWho="1" sc="240,49,250,-39,250,0,250,0" /><INIT seed="0,1,0,4,1,124" ten="289,211,250,250" oya="0" hai0="119,37,56,24,65,113,73,95,77,34,50,20,21" hai1="45,46,83,105,11,72,36,129,78,19,40,134,75" hai2="115,130,31,84,29,27,68,122,74,57,2,38,53" hai3="89,100,35,82,13,23,15,61,125,86,128,131,92"/><T59/><D113/><U91/><E134/><V8/><F74/><W32/><G125/><T98/><D119/><U47/><E105/><V88/><F115/><W12/><G23/><T18/><D37/><U6/><E72/><V17/><F122/><W133/><G133/><T120/><D120/><U79/><E79/><V39/><F68/><W97/><REACH who="3" step="1"/><G61/><REACH who="3" ten="289,211,250,240" step="2"/><T132/><D132/><U69/><E69/><V118/><F118/><W42/><G42/><T16/><D34/><AGARI ba="1,1" hai="12,13,15,32,34,35,82,86,89,92,97,100,128,131" machi="34" ten="40,8000,1" yaku="1,1,52,2,53,2" doraHai="124" doraHaiUra="126" who="3" fromWho="0" sc="289,-83,211,0,250,0,240,93" /><INIT seed="1,0,0,4,3,100" ten="206,211,250,333" oya="1" hai0="118,32,129,60,7,50,31,58,76,130,3,91,44" hai1="124,122,96,0,128,127,110,20,47,9,113,85,8" hai2="67,4,39,95,87,104,88,56,134,103,86,17,30" hai3="23,21,6,81,135,52,116,38,40,26,115,112,57"/><U93/><E122/><V22/><F134/><W68/><G68/><T71/><D118/><U46/><E113/><V11/><F39/><W27/><G135/><T108/><D108/><U2/><E85/><V62/><F30/><W64/><G64/><T114/><D114/><U34/><E34/><V53/><F86/><W15/><G116/><T5/><D76/><U120/><E120/><V16/><F22/><W33/><G33/><T13/><D3/><U55/><E20/><V105/><F67/><W119/><G81/><T70/><D32/><U111/><E55/><V79/><F79/><W10/><G119/><T102/><D31/><U35/><E35/><V37/><F37/><W45/><G23/><T49/><D91/><U41/><E128/><N who="0" m="49257" /><D102/><N who="1" m="60687" /><E47/><V131/><F131/><W36/><G27/><T78/><D78/><U126/><E0/><V74/><F74/><W63/><REACH who="3" step="1"/><G38/><REACH who="3" ten="206,211,250,323" step="2"/><T75/><D71/><U29/><E29/><AGARI ba="0,1" hai="6,10,15,21,26,29,36,40,45,52,57,63,112,115" machi="29" ten="30,8000,1" yaku="1,1,2,1,7,1,54,1,53,1" doraHai="100" doraHaiUra="48" who="3" fromWho="1" sc="206,0,211,-80,250,0,323,90" /><INIT seed="2,0,0,1,0,117" ten="206,131,250,413" oya="2" hai0="100,132,128,1,56,48,20,4,71,99,10,126,86" hai1="26,23,28,29,16,21,22,39,33,11,91,131,3" hai2="76,98,79,101,127,17,64,129,108,27,134,51,85" hai3="105,112,93,124,111,63,89,67,65,59,78,107,52"/><V49/><F134/><W2/><G2/><T116/><D71/><U44/><E39/><V32/><F129/><W82/><G112/><T104/><D132/><U12/><E44/><V46/><F127/><W69/><G124/><T119/><D126/><U0/><E91/><V77/><F108/><W34/><G34/><T40/><D128/><U36/><E36/><V68/><F64/><W106/><G69/><T31/><D86/><U37/><E37/><V87/><F68/><W74/><REACH who="3" step="1"/><G111/><REACH who="3" ten="206,131,250,403" step="2"/><T121/><D1/><N who="1" m="587" /><E131/><V110/><F110/><W123/><G123/><T130/><D121/><U7/><E29/><V115/><F115/><W57/><G57/><T90/><D56/><U75/><E75/><V135/><F135/><W53/><G53/><T62/><D130/><U80/><E80/><V18/><F32/><W24/><G24/><AGARI ba="0,1" hai="7,11,12,16,21,22,23,24,26,28,33" m="587" machi="24" ten="30,12000,2" yaku="35,5,54,1" doraHai="117" who="1" fromWho="3" sc="206,0,131,130,250,0,403,-120" /><INIT seed="3,0,0,2,3,130" ten="206,261,250,283" oya="3" hai0="24,94,23,46,129,60,116,67,53,123,91,133,26" hai1="20,95,113,111,106,6,75,114,86,96,124,90,36" hai2="134,87,103,68,49,0,108,70,45,3,65,2,30" hai3="73,21,37,80,120,99,1,97,79,54,128,14,100"/><W119/><G1/><T40/><D116/><U132/><E36/><V19/><F108/><W76/><G119/><T34/><D123/><U84/><E6/><V118/><F118/><W92/><G120/><T58/><D129/><U82/><E20/><V22/><F30/><W12/><G37/><T101/><D101/><N who="1" m="62759" /><E111/><V5/><F5/><W72/><G128/><T38/><D34/><U122/><E122/><V131/><F131/><W35/><G35/><T29/><D26/><U62/><E62/><V98/><F87/><W55/><G99/><T44/><D44/><U51/><E51/><V127/><F127/><W13/><REACH who="3" step="1"/><G21/><REACH who="3" ten="206,261,250,273" step="2"/><T15/><D38/><U27/><E113/><V8/><F3/><W9/><G9/><T71/><D23/><U41/><E114/><V56/><F2/><W18/><G18/><T39/><D39/><U107/><E124/><V25/><F8/><W61/><G61/><T69/><D60/><U66/><E75/><V104/><F0/><W105/><G105/><T10/><D10/><U109/><E107/><V135/><F65/><W85/><G85/><T115/><D67/><U43/><E66/><V48/><F49/><W88/><G88/><T59/><D91/><U28/><E84/><V81/><F104/><W125/><G125/><T7/><D115/><U121/><E121/><V77/><F98/><W57/><G57/><T93/><D59/><U50/><E86/><N who="2" m="48431" /><F56/><W33/><G33/><T110/><D58/><U52/><E90/><V102/><F103/><W63/><G63/><T31/><D110/><U17/><E50/><V126/><F102/><RYUUKYOKU ba="0,1" sc="206,-10,261,-10,250,-10,273,30" hai3="12,13,14,54,55,72,73,76,79,80,92,97,100" /><INIT seed="3,1,1,4,1,12" ten="196,251,240,303" oya="3" hai0="64,74,49,56,122,88,58,46,26,119,109,120,2" hai1="21,70,114,40,99,22,42,14,11,86,95,59,53" hai2="80,45,110,111,67,5,135,108,52,51,66,15,39" hai3="16,28,100,134,57,132,31,107,71,9,7,38,65"/><W81/><G71/><T106/><D2/><U47/><E114/><V130/><F135/><N who="3" m="51755" /><G38/><T34/><D119/><U4/><E70/><V73/><F130/><W72/><G107/><T96/><D74/><U44/><E86/><V89/><F39/><W104/><G104/><T55/><D109/><U115/><E115/><V103/><F103/><W36/><G100/><T10/><D10/><U90/><E44/><V87/><REACH who="2" step="1"/><F73/><REACH who="2" ten="196,251,230,303" step="2"/><W60/><G36/><T6/><D122/><U117/><E117/><V63/><F63/><W35/><G35/><T8/><D120/><U23/><E47/><V127/><F127/><W1/><G72/><T105/><D46/><U125/><E125/><V126/><F126/><W121/><G121/><T79/><D34/><U94/><E95/><V118/><F118/><W48/><G81/><T69/><D106/><U101/><E101/><V61/><F61/><AGARI ba="1,2" hai="4,11,14,21,22,23,40,42,53,59,61,90,94,99" machi="61" ten="40,1300,0" yaku="8,1" doraHai="12" who="1" fromWho="2" sc="196,0,251,36,230,-16,303,0" /><INIT seed="4,0,0,1,3,59" ten="196,287,214,303" oya="0" hai0="70,8,95,90,69,3,122,72,64,4,49,46,50" hai1="63,125,15,120,55,88,79,19,115,78,116,111,133" hai2="38,117,126,44,22,16,114,33,73,99,2,1,100" hai3="119,67,24,29,135,103,107,113,23,39,48,91,62"/><T127/><D122/><U32/><E120/><V52/><F33/><W86/><G39/><T36/><D127/><U71/><E116/><V31/><F126/><W84/><G119/><T68/><D72/><U89/><E125/><V27/><F117/><W104/><G113/><T98/><D36/><U97/><E111/><V110/><F110/><W28/><G135/><T37/><D37/><U82/><E32/><V21/><F114/><W11/><G29/><T106/><D106/><U14/><E133/><V0/><F73/><W83/><G103/><T123/><D123/><U17/><E115/><V43/><F52/><W94/><G48/><T128/><D128/><U105/><E105/><V25/><REACH who="2" step="1"/><F2/><REACH who="2" ten="196,287,204,303" step="2"/><W102/><G11/><T13/><D3/><U12/><E55/><V40/><F40/><W65/><G65/><T112/><D112/><U51/><E78/><V6/><F6/><W124/><G124/><T134/><D134/><U108/><E79/><V56/><F56/><W5/><G5/><T34/><D34/><U75/><E108/><V9/><F9/><W61/><G67/><T30/><D64/><U132/><E132/><V129/><F129/><W81/><G107/><AGARI ba="0,1" hai="0,1,16,21,22,25,27,31,38,43,44,99,100,107" machi="107" ten="30,7700,0" yaku="1,1,7,1,54,1,53,1" doraHai="59" doraHaiUra="96" who="2" fromWho="3" sc="196,0,287,0,204,87,303,-77" /><INIT seed="5,0,0,4,0,20" ten="196,287,291,226" oya="1" hai0="130,9,24,31,35,23,106,10,110,34,135,48,118" hai1="33,58,88,11,43,26,42,89,5,97,123,1,87" hai2="12,27,93,40,60,112,133,51,100,105,7,91,107" hai3="125,80,19,18,62,17,131,47,68,0,14,22,46"/><U86/><E123/><V67/><F133/><W38/><G0/><T117/><D106/><U99/><E33/><N who="0" m="12297" /><D48/><U30/><E58/><V121/><F112/><W45/><G38/><T124/><D110/><U103/><E1/><V65/><F121/><W84/><G131/><T113/><D113/><U76/><E76/><V21/><F100/><W79/><G125/><T122/><D122/><U39/><E39/><V2/><F2/><W25/><REACH who="3" step="1"/><G14/><REACH who="3" ten="196,287,291,216" step="2"/><T37/><D37/><U57/><E103/><V32/><F12/><W3/><G3/><T41/><D130/><U16/><E5/><V82/><F7/><W15/><G15/><T61/><D124/><U98/><E11/><V101/><F107/><W8/><G8/><T69/><D9/><U116/><E116/><V119/><F105/><W85/><G85/><T72/><D10/><U74/><E86/><V120/><F119/><W128/><G128/><T75/><D117/><U96/><E74/><V108/><F120/><W81/><G81/><T126/><D118/><U71/><E87/><V115/><F82/><W104/><G104/><T44/><D126/><U36/><E36/><V28/><F115/><W92/><G92/><T95/><D95/><U63/><E99/><V83/><F93/><W13/><G13/><T77/><D75/><U94/><E98/><V78/><F83/><W49/><G49/><T64/><D72/><U90/><E97/><V109/><F51/><W55/><G55/><T29/><D64/><AGARI ba="0,1" hai="17,18,19,22,25,45,46,47,62,64,68,79,80,84" machi="64" ten="40,2600,0" yaku="1,1,52,1,53,0" doraHai="20" doraHaiUra="70" who="3" fromWho="0" sc="196,-26,287,0,291,0,216,36" /><INIT seed="6,0,0,0,4,118" ten="170,287,291,252" oya="2" hai0="20,104,65,79,83,16,68,131,77,89,98,4,114" hai1="106,93,41,120,91,9,111,95,47,70,36,6,76" hai2="103,61,107,19,13,52,73,81,21,5,58,1,71" hai3="105,121,48,116,82,124,101,54,80,11,7,55,102"/><V119/><F119/><W84/><G116/><T53/><D114/><U28/><E111/><V34/><F34/><W50/><G124/><T75/><D131/><U15/><E106/><V108/><F108/><W23/><G23/><T66/><D4/><U133/><E70/><V40/><F40/><W122/><G105/><T32/><D32/><U27/><E133/><V43/><F43/><W85/><G7/><T30/><D30/><U10/><E120/><V25/><F71/><W35/><G35/><T96/><D79/><U8/><E76/><V37/><F37/><W110/><G110/><T112/><D112/><U97/><REACH who="1" step="1"/><E93/><REACH who="1" ten="170,277,291,252" step="2"/><V128/><F128/><W88/><G11/><T64/><D68/><U45/><E45/><V57/><F58/><W113/><G113/><T22/><D104/><U130/><E130/><V94/><F107/><W44/><G44/><T38/><D77/><U62/><E62/><V132/><F132/><W134/><G134/><T2/><D83/><U39/><E39/><V17/><F81/><W31/><G31/><T129/><D38/><U59/><E59/><V90/><F94/><W42/><G42/><T87/><D129/><U0/><E0/><V14/><F1/><W18/><G18/><T72/><D2/><U12/><E12/><V24/><F19/><W56/><G56/><T115/><D16/><U60/><E60/><V99/><F61/><W135/><G135/><T127/><D115/><U123/><E123/><V33/><F57/><W100/><G122/><T86/><D66/><U125/><E125/><V49/><F17/><W117/><G121/><RYUUKYOKU ba="0,1" sc="170,-10,277,30,291,-10,252,-10" hai1="6,8,9,10,15,27,28,36,41,47,91,95,97" /><INIT seed="7,1,1,4,4,94" ten="160,307,281,242" oya="3" hai0="71,79,107,131,132,115,77,10,84,93,43,133,128" hai1="44,99,11,129,34,103,104,65,96,18,15,67,121" hai2="116,54,56,4,109,91,20,6,64,89,88,127,122" hai3="70,25,61,9,38,118,59,72,66,90,28,97,27"/><W125/><G118/><T102/><D10/><U16/><E121/><V40/><F116/><W114/><G114/><T86/><D43/><U37/><E34/><V120/><F109/><W68/><G38/><T22/><D22/><U134/><E129/><N who="0" m="49737" /><D71/><U135/><E96/><V62/><F127/><W5/><G125/><T49/><D49/><U63/><E18/><V21/><F40/><W50/><G50/><T55/><D55/><U73/><E73/><V8/><F4/><W85/><G27/><T78/><D115/><U105/><E105/><V57/><F122/><W98/><G70/><T123/><D123/><U53/><E37/><V130/><F130/><W33/><G68/><T3/><D3/><U30/><E30/><V124/><F120/><W36/><G36/><T47/><D47/><U126/><E126/><V76/><F76/><W69/><G69/><T24/><D24/><U117/><E117/><V23/><F124/><W81/><G72/><T0/><D0/><AGARI ba="1,1" hai="0,5,9,25,28,33,59,61,66,81,85,90,97,98" machi="0" ten="30,5800,0" yaku="7,1,52,2" doraHai="94" who="3" fromWho="0" sc="160,-61,307,0,281,0,242,71" owari="99,-40.1,307,10.7,281,-11.9,313,41.3" /></mjloggm>