<mjloggm ver="2.3"><GO type="169" lobby="0"/><UN n0="%E6%8E%A2%39" n1="%E3%83%A9%E3%83%A0%E3%83%9E%E3%82%B8%E5%A4%A9%E4%BD%BF" n2="%E3%81%82%E3%82%8B%E8%A8%BC%E6%98%8E%EF%BF%A1" n3="%E5%B0%8F%E5%AE%AE%E7%95%B3%E5%BA%97" dan="17,17,16,16" rate="2157.69,2125.82,2094.68,2096.57" sx="M,M,M,M"/><TAIKYOKU oya="0"/><INIT seed="0,0,0,2,2,108" ten="250,250,250,250" oya="0" hai0="11,96,22,34,32,51,9,112,0,65,90,46,128" hai1="35,105,111,55,7,25,125,29,115,117,121,69,45" hai2="1,6,119,2,104,78,135,95,85,72,77,56,37" hai3="12,81,17,107,64,28,122,50,103,98,4,48,89"/><T134/><D128/><U120/><E55/><V97/><F119/><W20/><G122/><T23/><D65/><U24/><E45/><V49/><F37/><W116/><G116/><T8/><D0/><U39/><E7/><V99/><F72/><W102/><G64/><T130/><D130/><U3/><E24/><V58/><F135/><W70/><G70/><T131/><D131/><U74/><E25/><V62/><F104/><W132/><G28/><T15/><D134/><U10/><E10/><V86/><F49/><W113/><G113/><T5/><D112/><U87/><E87/><V91/><F6/><W100/><G132/><T38/><D38/><U47/><E47/><V52/><F56/><W30/><G30/><T109/><D109/><U61/><E29/><V114/><F114/><W21/><G21/><N who="0" m="7691" /><D32/><U110/><E61/><V129/><F129/><W80/><G4/><T63/><D63/><U13/><E13/><V40/><F40/><W66/><G66/><T33/><D34/><U79/><E79/><N who="2" m="30219" /><F1/><W92/><REACH who="3" step="1"/><G107/><REACH who="3" ten="250,250,250,240" step="2"/><T133/><D33/><U31/><E111/><V42/><F2/><W36/><G36/><T127/><D133/><U60/><E39/><V82/><F42/><W83/><AGARI ba="0,1" hai="12,17,20,48,50,80,81,83,89,92,98,100,102,103" machi="83" ten="30,4000,0" yaku="1,1,0,1,8,1,53,0" doraHai="108" doraHaiUra="101" who="3" fromWho="3" sc="250,-20,250,-10,250,-10,240,50" /><INIT seed="1,0,0,0,3,40" ten="230,240,240,290" oya="1" hai0="17,83,126,125,13,22,71,56,9,67,100,19,1" hai1="33,106,3,70,20,88,36,41,109,98,120,122,81" hai2="130,80,103,26,48,74,73,43,121,65,82,11,132" hai3="37,23,12,61,93,84,119,63,95,35,0,39,10"/><U69/><E33/><V49/><F121/><W66/><G35/><T4/><D71/><U6/><E109/><V86/><F130/><W79/><G119/><T116/><D116/><U34/><E34/><V117/><F117/><W124/><G0/><T113/><D113/><U111/><E111/><V104/><F132/><W64/><G124/><T44/><D100/><U110/><E110/><V91/><F65/><W42/><G23/><T8/><D83/><U25/><E36/><V77/><F26/><W97/><G39/><T134/><D56/><U30/><E3/><V92/><F11/><W21/><G21/><T94/><D94/><U89/><E106/><V107/><F48/><W58/><G42/><T29/><D67/><U7/><E69/><V51/><F49/><W52/><G37/><T45/><D29/><U53/><E70/><V135/><F135/><W99/><G63/><T24/><REACH who="0" step="1"/><D134/><REACH who="0" ten="220,240,240,290" step="2"/><U57/><E122/><V68/><F68/><W50/><G66/><T60/><D60/><U123/><E123/><V28/><F28/><W72/><G72/><T46/><AGARI ba="0,1" hai="1,4,8,9,13,17,19,22,24,44,45,46,125,126" machi="46" ten="30,12000,2" yaku="1,1,0,1,52,3,53,2" doraHai="40" doraHaiUra="5" who="0" fromWho="0" sc="220,130,240,-60,240,-30,290,-30" /><INIT seed="2,0,0,2,1,8" ten="350,180,210,260" oya="2" hai0="52,65,81,5,115,19,16,121,37,113,7,28,34" hai1="27,46,90,97,2,123,36,54,125,105,130,1,32" hai2="67,38,100,88,135,61,82,47,120,99,126,50,101" hai3="26,84,127,109,102,63,78,48,83,134,71,74,11"/><V133/><F120/><W68/><G109/><T89/><D37/><U41/><E123/><V0/><F0/><W9/><G134/><N who="2" m="51209" /><F38/><W60/><G127/><T69/><D121/><U91/><E125/><V39/><F39/><W45/><G102/><T114/><D65/><U42/><E130/><V117/><F117/><W29/><G74/><T111/><D69/><U51/><E42/><N who="2" m="24951" /><F126/><W107/><G107/><T104/><D104/><U12/><E1/><V98/><F98/><W76/><G76/><T44/><D111/><U4/><E2/><V21/><F21/><W24/><G71/><T122/><D122/><U94/><E105/><V49/><F49/><W119/><G68/><T118/><D118/><U87/><E32/><V6/><F6/><W80/><G80/><T95/><D81/><U53/><E36/><V56/><F99/><W112/><G112/><T40/><D40/><U103/><E27/><N who="3" m="10282" /><G29/><T124/><D28/><U129/><E129/><V22/><F22/><W30/><G30/><T73/><D34/><U15/><E4/><V75/><F75/><W23/><G23/><T58/><D73/><U33/><E33/><V110/><F110/><W93/><G93/><T14/><D124/><U92/><REACH who="1" step="1"/><E103/><REACH who="1" ten="350,170,210,260" step="2"/><V96/><F96/><W131/><G131/><T3/><D5/><U55/><AGARI ba="0,1" hai="12,15,41,46,51,53,54,55,87,90,91,92,94,97" machi="55" ten="30,12000,2" yaku="1,1,2,1,0,1,8,1,52,2,53,0" doraHai="8" doraHaiUra="70" who="1" fromWho="1" sc="350,-30,170,130,210,-60,260,-30" /><INIT seed="3,0,0,5,1,65" ten="320,300,150,230" oya="3" hai0="36,94,123,80,48,115,16,124,117,10,121,32,86" hai1="30,61,106,44,42,51,8,14,29,116,125,69,21" hai2="84,68,63,26,96,82,34,6,88,98,73,49,3" hai3="59,25,22,91,87,13,9,109,100,46,104,1,2"/><W119/><G119/><T47/><D117/><U122/><E116/><V78/><F49/><W105/><G109/><T81/><D32/><U64/><E122/><V50/><F50/><W43/><G59/><T74/><D36/><U17/><E125/><V58/><F6/><W99/><G105/><T54/><D124/><U79/><E106/><V11/><F11/><W97/><G97/><T85/><D115/><U19/><REACH who="1" step="1"/><E79/><REACH who="1" ten="320,290,150,230" step="2"/><V24/><F34/><W38/><G25/><AGARI ba="0,1" hai="8,14,17,19,21,25,29,30,42,44,51,61,64,69" machi="25" ten="30,8000,1" yaku="1,1,2,1,7,1,52,1,53,1" doraHai="65" doraHaiUra="45" who="1" fromWho="3" sc="320,0,290,90,150,0,230,-80" /><INIT seed="4,0,0,5,0,114" ten="320,380,150,150" oya="0" hai0="81,86,27,39,105,55,54,28,25,96,93,29,116" hai1="127,6,46,131,76,30,85,106,87,19,34,98,52" hai2="104,35,107,122,101,4,45,102,60,23,31,44,124" hai3="24,113,83,12,32,9,2,11,121,123,5,64,59"/><T63/><D39/><U13/><E127/><V49/><F122/><N who="3" m="46603" /><G64/><T57/><D105/><U84/><E131/><V66/><F124/><W50/><G59/><T94/><D116/><U0/><E106/><V18/><F4/><N who="3" m="1175" /><G50/><T115/><D115/><U73/><E98/><V103/><F35/><W71/><G71/><T40/><D40/><U20/><E73/><V15/><F31/><N who="0" m="11850" /><D54/><U82/><E0/><V48/><F48/><W36/><G36/><T92/><D96/><U133/><E133/><V130/><F130/><W120/><N who="3" m="46611" /><W61/><DORA hai="119" /><G61/><T51/><D63/><U128/><E128/><V109/><F109/><W58/><G58/><T135/><D135/><U8/><E34/><V118/><F118/><W129/><G129/><T72/><D72/><U62/><E62/><V132/><F132/><W112/><G83/><T10/><D10/><U108/><E108/><V21/><F44/><W134/><G134/><T78/><AGARI ba="0,0" hai="25,27,51,55,57,78,81,86,92,93,94" m="11850" machi="78" ten="30,1500,0" yaku="8,1" doraHai="114,119" who="0" fromWho="0" sc="320,15,380,-5,150,-5,150,-5" /><INIT seed="4,1,0,2,0,72" ten="335,375,145,145" oya="0" hai0="25,6,113,39,3,88,108,127,35,83,105,21,4" hai1="106,63,62,128,100,23,82,16,11,110,75,43,17" hai2="103,36,66,33,87,92,19,131,32,20,15,94,70" hai3="74,53,89,77,1,9,102,18,130,12,71,67,13"/><T104/><D39/><U111/><E128/><V68/><F36/><W76/><G130/><T107/><D35/><U101/><E11/><V96/><F131/><W46/><G1/><T41/><D113/><U123/><E123/><V50/><F70/><W129/><G74/><T109/><D41/><U58/><E43/><V65/><F33/><W40/><G129/><T38/><D38/><U7/><E7/><V99/><F32/><W64/><G102/><T14/><D14/><U81/><E75/><V133/><F133/><W122/><G122/><T51/><D51/><U79/><E23/><V24/><F87/><W47/><G71/><T56/><D56/><U118/><E58/><V37/><F37/><W59/><G89/><T55/><D55/><U2/><E2/><V26/><F50/><N who="3" m="26951" /><G47/><T80/><D127/><U54/><E54/><V78/><F78/><N who="3" m="30315" /><G12/><T0/><D0/><U125/><E79/><V84/><F84/><W44/><G44/><T10/><D88/><U5/><E125/><V22/><F68/><W69/><G69/><T91/><D91/><U29/><E101/><N who="2" m="60551" /><F15/><W28/><G28/><AGARI ba="1,0" hai="19,20,22,24,26,28,65,66,94,99,103" m="60551" machi="28" ten="30,1000,0" yaku="8,1" doraHai="72" who="2" fromWho="3" sc="335,0,375,0,145,13,145,-13" /><INIT seed="5,0,0,5,4,35" ten="335,375,158,132" oya="1" hai0="68,33,105,26,25,85,40,86,45,133,44,66,28" hai1="64,22,12,109,120,81,122,98,65,46,119,42,38" hai2="88,73,111,56,95,5,128,27,132,78,51,129,50" hai3="102,124,83,104,39,13,87,112,107,17,110,54,103"/><U62/><E119/><V30/><F111/><W29/><G110/><T11/><D133/><U123/><E109/><V101/><F132/><W113/><G39/><T75/><D75/><U55/><E98/><V53/><F101/><N who="3" m="38411" /><G29/><T58/><D68/><U71/><E81/><N who="2" m="45263" /><F5/><W1/><G1/><T63/><D105/><N who="3" m="40521" /><G54/><T115/><D115/><N who="3" m="44105" /><G13/><T84/><D40/><U57/><E12/><V60/><F30/><W121/><G17/><T82/><D26/><U3/><E22/><V97/><F27/><W21/><G21/><T2/><D82/><U108/><E108/><V61/><F61/><W69/><G69/><T93/><D2/><U59/><E3/><V10/><F10/><W9/><G9/><T0/><D0/><U134/><E134/><V15/><F15/><W47/><G47/><T32/><D44/><N who="1" m="23639" /><E65/><V24/><F24/><W79/><G124/><T127/><D127/><U80/><E80/><V52/><F53/><W106/><N who="3" m="40529" /><W41/><DORA hai="18" /><G41/><T91/><D11/><U74/><E46/><V135/><F135/><W76/><G76/><T70/><D45/><U16/><E16/><V43/><F43/><W118/><G118/><T67/><D33/><U34/><E34/><V19/><F19/><W96/><G96/><T94/><D67/><U131/><E55/><V99/><F99/><W117/><G117/><T37/><D37/><U100/><E64/><V23/><F23/><W8/><G8/><T4/><D70/><U48/><E71/><V20/><F20/><W36/><G36/><T130/><D66/><U6/><E6/><V72/><F72/><RYUUKYOKU ba="0,0" sc="335,-15,375,-15,158,15,132,15" hai2="50,51,52,56,60,88,95,97,128,129" hai3="79,83,87,121" /><INIT seed="6,1,0,2,1,101" ten="320,360,173,147" oya="2" hai0="47,123,69,102,21,99,107,54,10,82,114,129,72" hai1="0,78,71,59,38,94,64,33,97,55,124,16,118" hai2="11,77,15,19,104,34,63,111,52,91,132,9,109" hai3="119,76,58,73,86,23,22,130,80,51,131,128,92"/><V39/><F132/><W17/><G119/><T88/><D123/><U89/><E118/><V65/><F39/><W30/><G30/><T70/><D21/><U45/><E0/><V110/><F34/><W120/><G120/><T40/><D54/><U106/><E33/><V98/><F77/><W122/><G122/><T61/><D114/><U36/><E124/><V37/><F37/><W74/><G92/><T46/><D129/><U60/><E78/><V121/><F121/><W134/><G134/><T103/><D103/><U105/><E16/><V7/><F91/><W24/><G23/><T50/><D47/><U68/><E68/><V66/><F98/><W87/><G74/><T29/><D29/><U8/><E8/><V133/><F133/><W49/><REACH who="3" step="1"/><G58/><REACH who="3" ten="320,360,173,137" step="2"/><T42/><D72/><U93/><E94/><V3/><F104/><W116/><G116/><T126/><D107/><U57/><E57/><AGARI ba="1,1" hai="3,7,9,11,15,19,52,57,63,65,66,109,110,111" machi="57" ten="40,3900,0" yaku="10,1,54,1" doraHai="101" who="2" fromWho="1" sc="320,0,360,-42,173,52,137,0" /><INIT seed="6,2,0,5,1,78" ten="320,318,225,137" oya="2" hai0="72,101,62,102,117,105,94,132,20,33,60,51,71" hai1="14,54,31,81,1,0,36,39,6,52,76,53,121" hai2="100,88,97,46,129,57,37,114,131,49,95,109,23" hai3="48,28,66,40,65,22,133,27,89,130,111,8,68"/><V96/><F114/><W13/><G111/><T119/><D33/><U120/><E31/><V87/><F37/><N who="1" m="14409" /><E14/><V85/><F109/><W103/><G133/><T70/><D105/><U26/><E26/><V124/><F57/><W118/><G130/><N who="2" m="49673" /><F23/><W32/><G118/><N who="0" m="45067" /><D72/><N who="1" m="43143" /><E6/><V7/><F7/><W41/><G103/><N who="0" m="39435" /><D132/><U115/><E115/><V113/><F113/><W4/><G89/><T56/><D94/><U67/><E67/><V24/><F24/><W19/><G68/><N who="0" m="26155" /><D20/><U127/><E127/><V86/><F124/><W44/><REACH who="3" step="1"/><G40/><REACH who="3" ten="320,318,225,127" step="2"/><T2/><D2/><AGARI ba="2,1" hai="2,4,8,13,19,22,27,28,32,41,44,48,65,66" machi="2" ten="30,8000,1" yaku="1,1,2,1,7,1,24,2,53,0" doraHai="78" doraHaiUra="128" who="3" fromWho="0" sc="320,-86,318,0,225,0,127,96" /><INIT seed="7,0,0,2,4,49" ten="234,318,225,223" oya="3" hai0="127,36,60,30,129,4,67,22,44,39,78,82,126" hai1="3,43,104,122,52,6,135,72,26,1,25,124,21" hai2="37,58,113,65,96,97,46,116,31,112,56,89,71" hai3="118,92,117,24,102,74,111,107,80,83,85,114,119"/><W130/><G24/><N who="0" m="16663" /><D4/><U29/><E43/><N who="2" m="22895" /><F116/><W120/><G120/><T64/><D129/><U53/><E124/><N who="0" m="47657" /><D44/><U41/><E135/><V66/><F31/><W75/><G130/><T90/><D90/><U19/><E41/><V18/><F18/><W9/><G9/><T27/><D27/><U134/><E134/><V57/><F89/><N who="3" m="53295" /><G114/><N who="2" m="44137" /><F71/><W110/><G102/><T76/><D76/><U45/><E26/><V106/><F106/><W47/><G47/><T88/><D88/><U38/><E45/><V133/><F133/><W15/><G15/><T54/><D54/><U81/><E52/><V128/><F128/><W14/><G14/><T109/><D109/><N who="3" m="41481" /><G107/><T99/><D99/><AGARI ba="0,0" hai="56,57,58,65,66,96,97,99" m="44137,22895" machi="99" ten="30,1000,0" yaku="15,1" doraHai="49" who="2" fromWho="0" sc="234,-10,318,0,225,10,223,0" owari="224,-17.6,318,41.8,235,3.5,223,-27.7" /></mjloggm>