<mjloggm ver="2.3"><GO type="169" lobby="0"/><UN n0="%E4%B8%83%E8%8D%89%E9%A6%99%E6%BE%84" n1="%E4%B8%89%E6%B2%B3%E5%B1%8B%E3%81%AE%E3%82%B5%E3%83%96" n2="%E4%BA%8C%E9%9A%8E%E5%A0%82%E7%9C%9F%E7%B4%85%E3%81%A1%E3%82%83%E3%82%93" n3="%6F%69%6E%61%72%69%6E%67" dan="16,16,16,16" rate="2178.62,2141.54,2115.79,2075.19" sx="F,M,M,M"/><TAIKYOKU oya="0"/><INIT seed="0,0,0,1,0,34" ten="250,250,250,250" oya="0" hai0="49,71,126,33,82,5,116,98,92,23,76,30,80" hai1="101,120,89,57,103,19,90,20,55,123,111,102,38" hai2="81,27,51,105,63,32,46,52,45,9,43,40,69" hai3="1,75,53,59,97,14,42,133,112,79,93,11,77"/><T122/><D116/><U135/><E38/><V41/><F81/><W83/><G112/><T68/><D122/><U12/><E111/><V35/><F105/><W114/><G114/><T124/><D33/><U10/><E135/><V104/><F104/><W47/><G133/><T108/><D108/><U132/><E132/><V128/><F128/><W2/><G79/><T0/><D49/><U24/><E123/><V56/><F27/><W131/><G131/><T73/><D82/><U74/><E74/><V100/><F100/><W44/><G44/><T65/><D30/><U29/><REACH who="1" step="1"/><E120/><REACH who="1" ten="250,240,250,250" step="2"/><V54/><F32/><W72/><G75/><T6/><D73/><U37/><E37/><N who="2" m="21647" /><F35/><W13/><G42/><N who="2" m="15881" /><F9/><W26/><G47/><T129/><D129/><U15/><E15/><V127/><F127/><W106/><G14/><T99/><D126/><U78/><E78/><V21/><F21/><W119/><G26/><T84/><D124/><U115/><E115/><V88/><F88/><W3/><G119/><T94/><D76/><U66/><E66/><V22/><F22/><W85/><G72/><T70/><D65/><U64/><E64/><V50/><F50/><AGARI ba="0,1" hai="10,12,19,20,24,29,50,55,57,89,90,101,102,103" machi="50" ten="40,2600,0" yaku="1,1,8,1,53,0" doraHai="34" doraHaiUra="67" who="1" fromWho="2" sc="250,0,240,36,250,-26,250,0" /><INIT seed="1,0,0,0,1,26" ten="250,276,224,250" oya="1" hai0="89,135,40,1,82,59,132,54,101,5,104,86,122" hai1="27,67,47,127,94,68,45,58,71,93,62,84,129" hai2="75,0,2,16,66,120,125,52,7,134,115,44,12" hai3="11,35,91,114,4,99,70,96,117,41,21,69,23"/><U6/><E129/><V19/><F75/><W83/><G114/><T123/><D40/><U22/><E127/><V85/><F120/><N who="0" m="46122" /><D1/><U103/><E6/><V48/><F66/><W32/><G41/><T34/><D5/><U110/><E110/><V128/><F134/><N who="0" m="51242" /><D34/><U39/><E39/><V116/><F116/><W133/><G133/><T53/><D59/><U63/><E84/><V87/><F128/><W73/><G117/><T17/><D17/><U105/><E105/><V100/><F125/><W88/><G4/><T24/><D24/><U102/><E27/><V90/><F115/><W33/><G33/><T118/><D118/><U119/><E119/><V57/><F2/><W3/><G3/><T37/><D37/><U108/><E108/><V95/><F0/><W56/><G73/><T113/><D113/><U15/><E58/><V107/><F44/><W28/><G56/><T98/><AGARI ba="0,0" hai="53,54,82,86,89,98,101,104" m="51242,46122" machi="98" ten="40,2700,0" yaku="13,1,20,1" doraHai="26" who="0" fromWho="0" sc="250,27,276,-13,224,-7,250,-7" /><INIT seed="2,0,0,0,5,5" ten="277,263,217,243" oya="2" hai0="132,19,95,47,121,92,82,21,30,31,37,114,49" hai1="73,20,135,51,76,9,103,113,119,74,120,93,50" hai2="1,58,87,29,130,96,101,53,129,24,57,116,32" hai3="39,117,109,7,89,91,4,98,110,14,80,68,48"/><V59/><F116/><W88/><G39/><T84/><D121/><U26/><E119/><V33/><F33/><W61/><G117/><T124/><D114/><U86/><E113/><V54/><F87/><W127/><G127/><T70/><D37/><U71/><E71/><V128/><REACH who="2" step="1"/><F1/><REACH who="2" ten="277,263,207,243" step="2"/><W78/><G109/><T118/><D118/><U23/><E86/><V35/><F35/><W123/><G110/><T52/><D124/><U56/><E73/><V106/><AGARI ba="0,1" hai="24,29,32,53,54,57,58,59,96,101,106,128,129,130" machi="106" ten="40,18000,2" yaku="1,1,0,1,19,1,53,3" doraHai="5" doraHaiUra="125" who="2" fromWho="2" sc="277,-60,263,-60,207,190,243,-60" /><INIT seed="2,1,0,3,1,132" ten="217,203,397,183" oya="2" hai0="28,124,22,40,45,114,123,25,49,76,78,68,19" hai1="64,24,16,87,98,14,58,85,44,33,95,15,118" hai2="112,133,6,90,97,103,18,83,108,10,91,73,67" hai3="131,50,5,35,3,7,4,120,2,17,47,75,128"/><V13/><F112/><W102/><G75/><T20/><D123/><U69/><E69/><V135/><F67/><W122/><G102/><T0/><D114/><U100/><E118/><V129/><F18/><W38/><G38/><T115/><D115/><U80/><E44/><V110/><F129/><N who="3" m="49739" /><G50/><T113/><D113/><U42/><E42/><V12/><F12/><W41/><G47/><T32/><D68/><U53/><E64/><V117/><F117/><W119/><G41/><T30/><D0/><N who="3" m="41" /><G119/><T37/><D37/><U59/><E14/><V125/><F73/><W96/><G96/><T43/><D43/><U66/><E33/><V63/><F63/><W29/><G17/><T127/><D30/><U9/><E24/><AGARI ba="1,0" hai="4,5,7,24,29,35,120,122" m="41,49739" machi="24" ten="40,5200,0" yaku="19,1,34,2" doraHai="132" who="3" fromWho="1" sc="217,0,203,-55,397,0,183,55" /><INIT seed="3,0,0,3,0,17" ten="217,148,397,238" oya="3" hai0="5,117,26,134,55,47,23,14,133,18,126,29,118" hai1="6,63,106,112,110,99,113,21,89,50,78,109,10" hai2="116,95,54,35,41,81,103,20,135,9,130,128,33" hai3="57,12,2,30,25,67,91,123,86,31,28,104,121"/><W32/><G2/><T3/><D47/><U39/><E39/><V74/><F41/><W96/><G12/><T127/><D55/><U11/><E78/><V45/><F54/><W49/><G121/><T62/><D62/><U51/><E63/><V34/><F45/><W71/><G123/><T7/><D117/><U40/><E40/><V129/><F81/><W24/><G49/><N who="1" m="18442" /><E21/><V92/><F103/><N who="3" m="62567" /><G24/><T102/><D118/><U111/><E10/><V80/><F9/><W48/><G48/><T131/><D102/><N who="1" m="62815" /><E89/><V58/><F58/><W107/><G57/><T85/><D85/><U125/><E125/><N who="0" m="47625" /><D131/><U0/><AGARI ba="0,0" hai="0,6,11,109,110,111,112,113" m="62815,18442" machi="0" ten="40,1500,0" yaku="14,1" doraHai="17" who="1" fromWho="1" sc="217,-4,148,15,397,-4,238,-7" /><INIT seed="4,0,0,3,1,17" ten="213,163,393,231" oya="0" hai0="131,14,109,96,32,58,55,10,133,108,48,56,98" hai1="87,124,93,102,39,64,29,8,127,3,91,89,110" hai2="6,15,26,4,121,52,90,44,31,73,118,18,99" hai3="2,135,25,97,114,62,27,21,78,7,66,60,107"/><T47/><D32/><U61/><E110/><N who="0" m="42601" /><D131/><U42/><E102/><V41/><F73/><W46/><G114/><T92/><D133/><U45/><E29/><V49/><F121/><W65/><G135/><T86/><D86/><U0/><E91/><V9/><F118/><W71/><G78/><T111/><N who="0" m="42609" /><T117/><DORA hai="113" /><D117/><U85/><E85/><V23/><REACH who="2" step="1"/><F41/><REACH who="2" ten="213,163,383,231" step="2"/><W95/><G107/><T54/><D92/><AGARI ba="0,1" hai="4,6,9,15,18,23,26,31,44,49,52,90,92,99" machi="92" ten="40,8000,1" yaku="1,1,2,1,8,1,52,1,54,1,53,0" doraHai="17,113" doraHaiUra="76,83" who="2" fromWho="0" sc="213,-80,163,0,383,90,231,0" /><INIT seed="5,0,0,4,2,122" ten="133,163,473,231" oya="1" hai0="82,4,74,117,52,0,129,30,121,34,24,51,58" hai1="29,27,32,17,132,72,49,116,134,114,36,43,14" hai2="57,15,79,78,23,10,76,3,102,73,22,12,71" hai3="38,93,16,11,47,119,9,131,44,107,125,120,6"/><U50/><E72/><V19/><F71/><W83/><G107/><T80/><D117/><U46/><E116/><V65/><F3/><W92/><G120/><T98/><D121/><U127/><E114/><V2/><F2/><W104/><G104/><T135/><D129/><U96/><E127/><V64/><F73/><W100/><G119/><T35/><D135/><N who="1" m="51755" /><E96/><V33/><F33/><W90/><G125/><T77/><D35/><U70/><E70/><V13/><F102/><W41/><G131/><T37/><D37/><U130/><E130/><V39/><F39/><W112/><G47/><T95/><D82/><U31/><E31/><V109/><F109/><W40/><G40/><T62/><D4/><U21/><AGARI ba="0,0" hai="14,17,21,27,29,32,36,43,46,49,50" m="51755" machi="21" ten="30,1500,0" yaku="20,1" doraHai="122" who="1" fromWho="1" sc="133,-5,163,15,473,-5,231,-5" /><INIT seed="5,1,0,1,4,116" ten="128,178,468,226" oya="1" hai0="28,46,80,23,42,120,71,63,96,49,131,113,67" hai1="68,54,30,69,90,84,16,133,10,100,1,26,3" hai2="51,94,58,9,115,55,47,101,122,61,104,7,129" hai3="78,36,114,22,37,91,60,31,53,105,109,110,64"/><U73/><E73/><V72/><F72/><W6/><G105/><T2/><D113/><U121/><E133/><V134/><F122/><W127/><G78/><T25/><D131/><U74/><E74/><V88/><F134/><W4/><G114/><T19/><D2/><U52/><E100/><V18/><F129/><W27/><G127/><T41/><D96/><U103/><E103/><V57/><F101/><W76/><G76/><T97/><D97/><U8/><E121/><V44/><F18/><W118/><G118/><T77/><D120/><U39/><E39/><V107/><F115/><W108/><G53/><T130/><D130/><U45/><E68/><V81/><F81/><W17/><G91/><T56/><D71/><U50/><E69/><V82/><F82/><W95/><G95/><T43/><REACH who="0" step="1"/><D28/><REACH who="0" ten="118,178,468,226" step="2"/><U83/><E1/><V33/><F107/><W15/><G31/><T21/><D21/><N who="1" m="13607" /><E3/><V35/><F104/><W29/><G110/><T32/><D32/><U125/><E30/><V34/><F34/><W87/><G109/><T66/><D66/><U132/><E132/><V65/><F33/><W126/><G108/><T102/><D102/><U111/><E111/><V38/><F35/><W59/><G29/><T12/><D12/><U0/><E0/><V75/><F65/><W14/><G15/><T99/><D99/><U70/><E70/><V117/><F117/><W98/><G14/><T93/><D93/><U24/><E24/><V79/><F94/><W62/><G98/><T48/><D48/><N who="1" m="28687" /><E125/><V112/><F112/><W89/><G126/><T20/><D20/><RYUUKYOKU ba="1,1" sc="118,15,178,15,468,-15,226,-15" hai0="19,23,25,41,42,43,46,49,56,63,67,77,80" hai1="8,10,50,54,83,84,90" /><INIT seed="5,2,1,1,1,27" ten="133,193,453,211" oya="1" hai0="71,95,3,35,13,41,24,89,107,39,114,8,133" hai1="124,73,34,98,101,93,28,5,127,29,91,33,44" hai2="2,110,32,30,20,70,128,58,134,76,11,25,6" hai3="17,108,9,122,80,112,90,43,65,36,72,69,64"/><U50/><E73/><V79/><F70/><W53/><G108/><T37/><D3/><U111/><E111/><V63/><F110/><W59/><G122/><T78/><D107/><U16/><E5/><V1/><F1/><W97/><G112/><T60/><D114/><U55/><E16/><V130/><F134/><W84/><G72/><T48/><D133/><U12/><E12/><V92/><F32/><N who="1" m="12393" /><E101/><V7/><F7/><W68/><G97/><T15/><D78/><U120/><E120/><V113/><F92/><W0/><G0/><T119/><D119/><U10/><E10/><V116/><F116/><W85/><G43/><T135/><D135/><U49/><E49/><V94/><F94/><N who="3" m="54599" /><G36/><T21/><D35/><U121/><E121/><V61/><F113/><W51/><G69/><T109/><D109/><U66/><E66/><V103/><F103/><W40/><G40/><T118/><D118/><U82/><E82/><V54/><F79/><N who="3" m="46239" /><G68/><T102/><D102/><U52/><E55/><V129/><F76/><W57/><G57/><T100/><D100/><U19/><E19/><V126/><F58/><W132/><G132/><T18/><D37/><U67/><E67/><V125/><F54/><W104/><G104/><T14/><D39/><U47/><E47/><V62/><AGARI ba="2,1" hai="2,6,11,20,25,30,61,62,63,125,126,128,129,130" machi="62" ten="40,5200,0" yaku="0,1,19,1,52,1" doraHai="27" who="2" fromWho="2" sc="133,-15,193,-28,453,68,211,-15" /><INIT seed="6,0,0,1,1,122" ten="118,165,521,196" oya="2" hai0="127,36,99,16,66,102,117,1,52,2,81,41,25" hai1="22,56,109,84,77,38,35,28,8,18,32,98,101" hai2="12,37,85,132,128,112,43,67,53,120,9,34,60" hai3="49,62,70,61,130,116,17,115,74,3,76,33,14"/><V42/><F34/><W30/><G116/><T39/><D66/><U90/><E38/><V121/><F85/><W72/><G3/><T79/><D117/><U119/><E119/><V58/><F12/><W135/><G130/><T113/><D113/><U118/><E118/><V91/><F9/><W104/><G104/><T29/><D127/><U123/><E123/><V26/><F26/><W54/><G62/><T71/><D71/><U7/><E77/><V68/><F91/><W46/><G76/><T88/><D1/><U45/><E45/><N who="2" m="23759" /><F112/><W78/><G135/><T125/><D2/><U65/><E32/><V0/><F0/><W24/><G78/><T59/><D125/><U124/><E84/><V11/><F11/><W27/><G27/><T5/><D5/><U57/><E90/><V126/><F126/><W110/><G110/><T114/><D114/><U94/><E8/><V107/><F107/><W44/><G115/><T20/><D41/><U108/><E7/><V50/><F128/><W40/><G72/><N who="0" m="43239" /><D29/><U55/><E124/><V133/><F43/><W134/><G74/><T13/><D13/><N who="1" m="9551" /><E28/><V103/><F103/><W73/><G73/><T96/><D102/><U83/><E35/><V4/><F4/><W89/><G89/><T111/><D88/><U97/><E83/><V23/><F23/><W87/><G33/><T93/><D93/><U75/><E75/><V82/><F82/><W63/><G30/><T21/><D21/><U129/><E129/><V15/><F15/><W86/><G14/><T92/><D92/><U131/><E131/><V31/><F31/><RYUUKYOKU ba="0,0" sc="118,-10,165,-10,521,30,196,-10" hai2="50,53,58,60,67,68,120,121,132,133" /><INIT seed="6,1,0,1,5,7" ten="108,155,551,186" oya="2" hai0="3,67,126,95,49,30,4,78,50,72,129,122,16" hai1="51,119,37,112,5,63,124,91,110,86,74,93,127" hai2="130,10,28,73,68,123,109,38,81,134,23,99,70" hai3="132,100,41,66,131,89,15,55,113,39,60,83,64"/><V65/><F23/><W69/><G100/><T11/><D122/><U97/><E37/><V88/><F28/><W44/><G89/><T24/><D129/><U133/><E74/><V35/><F35/><W53/><G83/><T59/><D126/><N who="1" m="48171" /><E119/><V79/><F134/><W80/><G80/><T62/><D72/><U29/><E110/><V40/><F65/><N who="3" m="41127" /><G15/><T76/><D95/><U33/><E133/><V94/><F130/><W56/><G131/><T9/><D30/><U18/><E112/><V31/><F31/><W14/><G14/><T34/><D34/><U104/><E5/><V92/><F92/><W84/><G84/><T42/><D42/><U108/><E108/><V19/><F123/><W116/><G132/><T96/><D96/><U6/><E6/><V82/><F82/><W102/><G102/><T0/><D0/><U21/><E51/><V87/><F19/><W2/><G2/><T125/><D125/><U61/><E29/><V105/><F109/><W47/><G116/><T43/><D43/><U77/><E33/><V22/><F22/><W114/><G47/><T13/><REACH who="0" step="1"/><D24/><REACH who="0" ten="98,155,551,186" step="2"/><N who="1" m="14391" /><E104/><V20/><F105/><W115/><G55/><T121/><D121/><U26/><E26/><V12/><F73/><W111/><G111/><T75/><D75/><U120/><E120/><V58/><F99/><W32/><G32/><T107/><D107/><U71/><E97/><V118/><F87/><W17/><G115/><T48/><AGARI ba="1,1" hai="3,4,9,11,13,16,48,49,50,59,62,67,76,78" machi="48" ten="30,8000,1" yaku="1,1,0,1,52,2,54,1,53,0" doraHai="7" doraHaiUra="101" who="0" fromWho="0" sc="98,93,155,-21,551,-41,186,-21" /><INIT seed="7,0,0,0,4,131" ten="191,134,510,165" oya="3" hai0="71,59,65,132,96,58,42,93,8,17,77,106,46" hai1="68,57,12,66,101,30,78,9,15,7,62,133,5" hai2="55,25,52,121,56,4,43,76,19,113,87,105,122" hai3="26,61,111,88,38,51,23,74,134,100,125,13,98"/><W110/><G38/><T102/><D132/><U124/><E124/><V45/><F105/><W91/><G74/><T50/><D71/><U60/><E133/><V117/><F117/><W119/><G119/><T6/><D106/><U33/><E78/><V2/><F2/><W109/><G134/><T94/><D77/><U123/><E123/><V69/><F69/><W97/><G125/><T44/><D65/><U37/><E37/><V34/><F4/><W63/><G13/><N who="0" m="5271" /><D93/><U31/><E33/><V92/><F113/><W28/><G51/><N who="0" m="27031" /><D17/><U112/><E112/><V53/><F56/><W3/><G3/><T73/><D73/><U99/><E12/><V36/><F19/><W10/><G10/><T67/><D67/><U29/><E5/><V18/><F18/><W85/><G91/><T41/><AGARI ba="0,0" hai="41,46,50,58,59,94,96,102" m="27031,5271" machi="41" ten="30,1100,0" yaku="8,1" doraHai="131" who="0" fromWho="0" sc="191,11,134,-3,510,-3,165,-5" owari="202,0.2,131,-36.9,507,60.7,160,-24.0" /></mjloggm>