<mjloggm ver="2.3"><GO type="169" lobby="0"/><UN n0="%6F%6B%61%62%65%73%68%69" n1="%E7%8A%B6%E6%85%8B%E9%BA%BB%E9%9B%80" n2="%E6%9C%AC%E5%AE%B6%E3%81%8B%E3%81%BE%E3%81%A9%E3%82%84" n3="%31%32%33%35%37%38%35" dan="17,17,16,16" rate="2219.65,2209.29,2151.49,2052.37" sx="M,M,M,M"/><TAIKYOKU oya="0"/><INIT seed="0,0,0,0,2,44" ten="250,250,250,250" oya="0" hai0="131,99,130,78,18,101,92,116,100,123,91,62,34" hai1="38,67,94,51,121,3,76,79,72,132,135,127,11" hai2="108,88,107,33,55,14,119,41,48,28,43,114,68" hai3="2,124,25,105,19,21,13,129,1,80,65,57,74"/><T128/><D34/><U56/><E121/><V4/><F114/><W31/><G105/><T20/><D123/><U53/><E127/><V69/><F107/><W113/><G113/><T24/><D116/><U89/><E38/><V35/><F108/><W122/><G122/><T84/><D78/><U133/><E72/><V47/><F119/><W49/><G129/><T59/><REACH who="0" step="1"/><D84/><REACH who="0" ten="240,250,250,250" step="2"/><U8/><E79/><V37/><F35/><W83/><G74/><T103/><D103/><U39/><E76/><V17/><F33/><W54/><G124/><T30/><D30/><U60/><E39/><V71/><F28/><W98/><G98/><T93/><D93/><U40/><E3/><V115/><F115/><W42/><G1/><T134/><D134/><U5/><E5/><V58/><F4/><W118/><G2/><T111/><D111/><U45/><REACH who="1" step="1"/><E67/><AGARI ba="0,1" hai="18,20,24,59,62,67,91,92,99,100,101,128,130,131" machi="67" ten="40,3900,0" yaku="1,1,19,1,53,0" doraHai="44" doraHaiUra="120" who="0" fromWho="1" sc="240,49,250,-39,250,0,250,0" /><INIT seed="0,1,0,5,5,15" ten="289,211,250,250" oya="0" hai0="44,111,26,59,121,43,28,5,12,126,3,132,104" hai1="118,63,14,71,87,96,110,129,34,119,93,67,40" hai2="117,94,9,18,128,101,31,70,98,65,122,57,131" hai3="50,106,90,25,64,29,4,30,56,19,24,120,85"/><T115/><D121/><U45/><E110/><V60/><F122/><W108/><G106/><T72/><D115/><U130/><E34/><V69/><F117/><W89/><G120/><T113/><D113/><U92/><E87/><V127/><F127/><W74/><G74/><T47/><D104/><U102/><E92/><V17/><F31/><W99/><G4/><T48/><D72/><U54/><E54/><V95/><F95/><W77/><G77/><T6/><D3/><U33/><E33/><V78/><F78/><W39/><G39/><T124/><D44/><U86/><E86/><V88/><F101/><W109/><G99/><T123/><D123/><U134/><E134/><V20/><F9/><W135/><G85/><T55/><D132/><U23/><E23/><V125/><F125/><N who="0" m="48234" /><D12/><U16/><E119/><V133/><F133/><W36/><G36/><N who="0" m="21991" /><D111/><U73/><E73/><V107/><F107/><W27/><G135/><T112/><D112/><U38/><REACH who="1" step="1"/><E118/><REACH who="1" ten="289,201,250,250" step="2"/><V66/><F20/><AGARI ba="1,1" hai="5,6,20,26,28,48,55,59" m="21991,48234" machi="20" ten="30,1500,0" yaku="18,1" doraHai="15" who="0" fromWho="2" sc="289,28,201,0,250,-18,250,0" /><INIT seed="0,2,0,2,3,25" ten="317,201,232,250" oya="0" hai0="79,114,6,93,87,19,131,98,47,24,59,75,91" hai1="113,26,108,46,135,57,125,110,105,134,50,121,90" hai2="83,127,96,61,29,3,64,4,112,23,116,106,119" hai3="89,132,48,11,16,55,84,54,65,107,69,66,32"/><T67/><D114/><U51/><E105/><V85/><F112/><W9/><G32/><T17/><D131/><U27/><E113/><V8/><F127/><W111/><G107/><T73/><D6/><U77/><E77/><V39/><F39/><W94/><G111/><N who="1" m="42538" /><E121/><V99/><F106/><W35/><G35/><T72/><D47/><U10/><E125/><V21/><F21/><W31/><G31/><T49/><D24/><N who="1" m="9259" /><E90/><N who="2" m="51519" /><F29/><W88/><G69/><T124/><D124/><U28/><E28/><V20/><F23/><W80/><G11/><T101/><D79/><U63/><E10/><V102/><F20/><W36/><G36/><T15/><D15/><U133/><E46/><V62/><F102/><W103/><G103/><T100/><D100/><U44/><E44/><V70/><F62/><W86/><G55/><AGARI ba="2,0" hai="50,51,55,57,63,133,134,135" m="9259,42538" machi="55" ten="40,2600,0" yaku="20,1,14,1" doraHai="25" who="1" fromWho="3" sc="317,0,201,32,232,0,250,-32" /><INIT seed="1,0,0,0,5,31" ten="317,233,232,218" oya="1" hai0="23,114,111,13,46,14,9,36,75,24,103,59,10" hai1="15,122,120,84,117,83,134,131,85,44,92,121,81" hai2="80,90,69,12,126,50,78,97,49,54,112,73,67" hai3="26,98,79,124,102,19,3,118,57,32,125,42,64"/><U135/><E15/><V76/><F126/><N who="3" m="48747" /><G3/><T7/><D114/><U18/><E18/><V109/><F112/><W115/><G115/><T96/><D75/><U106/><E44/><V39/><F39/><W35/><G79/><T104/><D111/><U99/><E117/><V34/><F109/><W1/><G42/><T70/><D70/><U40/><E40/><V28/><F73/><W11/><G118/><T63/><D36/><U94/><E106/><V8/><F67/><W119/><G119/><T93/><D104/><U16/><E16/><V56/><F69/><W27/><G27/><T4/><D46/><U86/><E131/><V30/><F49/><W100/><G1/><T41/><D41/><U58/><E58/><V107/><F107/><N who="3" m="63895" /><G102/><T133/><D133/><N who="1" m="50699" /><E99/><V55/><F97/><W113/><G113/><T37/><D37/><U82/><AGARI ba="0,0" hai="81,82,83,84,85,86,92,94,120,121,122" m="50699" machi="82" ten="50,18000,2" yaku="29,2,28,2,20,1,34,2" doraHai="31" who="1" fromWho="1" sc="317,-60,233,180,232,-60,218,-60" /><INIT seed="1,1,0,1,3,127" ten="257,413,172,158" oya="1" hai0="36,69,95,124,37,90,15,115,46,131,65,13,106" hai1="100,93,3,14,111,116,45,21,39,129,19,79,80" hai2="101,76,94,30,26,81,16,23,125,47,24,108,68" hai3="5,128,8,35,64,31,109,130,34,86,42,135,67"/><U78/><E116/><V104/><F125/><W91/><G109/><T118/><D124/><U60/><E3/><V107/><F108/><W49/><G135/><T123/><D106/><U2/><E2/><V7/><F68/><W58/><G42/><T103/><D103/><U33/><E33/><V114/><F7/><W32/><G31/><T9/><D115/><U1/><E1/><V98/><F114/><W82/><G49/><T12/><D118/><U40/><E111/><V88/><F47/><W71/><G71/><T63/><D131/><N who="3" m="50217" /><G58/><T43/><D123/><U83/><E129/><V92/><F30/><W50/><G50/><T48/><REACH who="0" step="1"/><D9/><REACH who="0" ten="247,413,172,158" step="2"/><U29/><E100/><V44/><F104/><W120/><G120/><T6/><D6/><U55/><E39/><V17/><F107/><W132/><G132/><T122/><D122/><U62/><E40/><V27/><F101/><W96/><G96/><AGARI ba="1,1" hai="12,13,15,36,37,43,46,48,63,65,69,90,95,96" machi="96" ten="40,2600,0" yaku="1,1,53,1" doraHai="127" doraHaiUra="38" who="0" fromWho="3" sc="247,39,413,0,172,0,158,-29" /><INIT seed="2,0,0,4,1,69" ten="286,413,172,129" oya="2" hai0="33,86,30,98,14,64,34,39,103,8,71,111,45" hai1="52,20,121,120,76,133,50,125,7,104,132,44,105" hai2="65,36,119,29,19,6,31,89,1,93,48,78,87" hai3="129,4,63,24,108,56,60,124,11,83,0,23,126"/><V88/><F119/><W62/><G108/><T26/><D34/><U25/><E7/><V115/><F115/><W96/><G129/><T66/><D111/><U46/><E76/><V130/><F130/><W28/><G83/><T116/><D116/><U51/><E125/><N who="3" m="48234" /><G96/><T114/><D114/><U2/><E2/><V112/><F78/><W109/><G109/><T110/><D110/><U58/><E58/><AGARI ba="0,0" hai="0,4,11,23,24,28,56,58,60,62,63" m="48234" machi="58" ten="30,1000,0" yaku="18,1" doraHai="69" who="3" fromWho="1" sc="286,0,413,-10,172,0,129,10" /><INIT seed="3,0,0,5,1,5" ten="286,403,172,139" oya="3" hai0="31,89,130,118,0,41,37,52,83,4,125,108,35" hai1="26,65,48,94,109,56,9,8,6,50,30,85,116" hai2="102,19,95,64,87,3,29,119,51,60,72,111,134" hai3="131,54,46,24,76,18,53,68,40,129,82,25,11"/><W114/><G68/><T32/><D118/><U97/><E109/><V128/><F111/><W126/><G114/><T90/><D108/><U115/><E115/><V132/><F119/><W33/><G126/><T112/><D112/><U110/><E116/><V122/><F122/><W91/><G91/><T78/><D125/><U100/><E110/><V77/><F3/><W84/><G33/><T135/><D130/><N who="3" m="49673" /><G25/><T34/><D135/><U75/><E75/><V113/><F72/><W96/><G96/><T28/><D41/><U98/><E98/><V124/><F102/><W71/><G71/><T63/><D37/><U107/><E107/><V81/><F113/><W104/><G104/><T59/><D31/><U66/><E85/><V1/><F29/><W49/><G24/><T43/><D28/><U15/><E9/><V2/><F124/><W103/><G103/><T14/><D0/><U38/><E38/><V70/><F128/><W55/><G40/><T58/><D43/><U92/><E92/><V22/><F95/><W121/><G121/><T23/><D59/><U21/><E66/><V74/><F74/><W79/><G79/><T20/><D20/><U101/><E100/><V45/><F132/><W13/><AGARI ba="0,0" hai="11,13,18,46,49,53,54,55,76,82,84" m="49673" machi="13" ten="30,3000,0" yaku="19,1,52,1" doraHai="5" who="3" fromWho="3" sc="286,-10,403,-10,172,-10,139,30" /><INIT seed="3,1,0,3,1,68" ten="276,393,162,169" oya="3" hai0="4,26,133,92,135,84,123,41,70,37,11,42,108" hai1="28,87,99,24,25,33,58,0,10,121,44,113,47" hai2="72,27,39,52,131,130,20,63,118,112,93,48,94" hai3="15,55,59,122,82,53,1,129,106,75,2,69,32"/><W54/><G122/><T17/><D123/><U119/><E121/><V5/><F112/><W116/><G69/><T101/><D70/><U81/><E113/><V50/><F118/><W31/><G116/><T104/><D104/><U120/><E120/><V66/><F72/><W90/><G106/><T23/><D108/><U111/><E111/><V40/><F5/><W88/><G59/><T95/><D37/><U114/><E114/><V64/><F48/><W19/><G129/><N who="2" m="49161" /><F40/><W16/><G75/><T102/><D95/><N who="2" m="36362" /><F39/><W62/><G62/><T78/><D41/><U43/><E119/><V14/><F14/><W103/><G103/><T6/><D42/><U36/><E47/><N who="2" m="27743" /><F63/><W124/><G124/><T67/><D4/><U56/><E25/><V65/><F65/><W79/><G79/><T86/><D67/><U30/><E99/><V73/><F73/><W51/><G51/><T35/><D35/><U9/><E0/><V80/><F80/><W85/><G90/><N who="0" m="53319" /><D78/><U71/><E36/><V57/><F57/><W60/><G60/><T76/><D76/><N who="1" m="46503" /><E71/><V77/><F77/><W49/><G49/><T91/><D91/><U7/><E7/><V13/><F13/><W46/><G46/><T61/><D61/><U98/><E58/><V8/><F8/><N who="1" m="3177" /><E56/><V38/><F38/><W105/><G105/><T96/><D86/><U110/><E110/><V125/><F125/><W22/><REACH who="3" step="1"/><G19/><AGARI ba="1,0" hai="19,20,27,64,66" m="27743,36362,49161" machi="19" ten="30,2000,0" yaku="19,1,54,1" doraHai="68" who="2" fromWho="3" sc="276,0,393,0,162,23,169,-23" /><INIT seed="4,0,0,1,4,33" ten="276,393,185,146" oya="0" hai0="90,7,121,23,54,78,98,42,56,4,58,96,25" hai1="131,100,41,88,29,76,12,95,134,85,10,59,38" hai2="120,40,67,87,69,115,125,83,110,31,11,19,60" hai3="55,116,47,92,34,124,122,80,28,22,94,64,51"/><T105/><D121/><U106/><E131/><V135/><F110/><W61/><G116/><T129/><D129/><U57/><E134/><V113/><F120/><W53/><G122/><T84/><D78/><U63/><E29/><V8/><F135/><W48/><G34/><T30/><D42/><U74/><E41/><V114/><F125/><W62/><G80/><T9/><D58/><U17/><E38/><V43/><F31/><W108/><G108/><T109/><D109/><U37/><E37/><V73/><F73/><W118/><G118/><T132/><D132/><U52/><E74/><V50/><F50/><W13/><G124/><T20/><D20/><U65/><E76/><V104/><F104/><W71/><G61/><T103/><D96/><U127/><E127/><V49/><F49/><W101/><G101/><T15/><D4/><U68/><E106/><V111/><F111/><W82/><G82/><T1/><D15/><U91/><E100/><V79/><F8/><W97/><G97/><T5/><D5/><U112/><E112/><V39/><F39/><W2/><G2/><T126/><D126/><U27/><E27/><V16/><F19/><N who="3" m="10607" /><G28/><T66/><D66/><U130/><E130/><V89/><F79/><W3/><G3/><T75/><D75/><U18/><E68/><V93/><F83/><W86/><G86/><T24/><D24/><U72/><E72/><V99/><F99/><W123/><G123/><T45/><D45/><U36/><E36/><V128/><F128/><W26/><G26/><T119/><D119/><U35/><E35/><V46/><F46/><AGARI ba="0,0" hai="46,47,48,51,53,55,62,64,71,92,94" m="10607" machi="46" ten="30,1000,0" yaku="6,1" doraHai="33" who="3" fromWho="2" sc="276,0,393,0,185,-10,146,10" /><INIT seed="5,0,0,4,2,122" ten="276,393,175,156" oya="1" hai0="119,132,76,96,61,104,7,39,17,71,34,103,66" hai1="93,13,92,80,60,63,43,32,115,78,31,134,19" hai2="81,11,16,57,89,98,126,125,20,3,30,107,65" hai3="74,99,86,67,101,131,54,62,40,84,130,113,21"/><U127/><E115/><V69/><F69/><W53/><G74/><T50/><D119/><U75/><E127/><N who="2" m="48651" /><F30/><W22/><G40/><T35/><D132/><U29/><E134/><V23/><F3/><W111/><G113/><T94/><D39/><U12/><E43/><V124/><F107/><W4/><G4/><T6/><D76/><U1/><E1/><V9/><F23/><W83/><G111/><T117/><D117/><U91/><E13/><N who="2" m="9231" /><F124/><W112/><G112/><T25/><D35/><U5/><E5/><V110/><F110/><W135/><G135/><T28/><D17/><U82/><E31/><V77/><F89/><W38/><G21/><T52/><D94/><U26/><E82/><V68/><F68/><W97/><G22/><T85/><D85/><U8/><REACH who="1" step="1"/><E93/><REACH who="1" ten="276,383,175,156" step="2"/><V56/><F98/><AGARI ba="0,1" hai="8,12,19,26,29,32,60,63,75,78,80,91,92,98" machi="98" ten="30,11600,0" yaku="1,1,2,1,7,1,53,1" doraHai="122" doraHaiUra="79" who="1" fromWho="2" sc="276,0,383,126,175,-116,156,0" /><INIT seed="5,1,0,4,4,21" ten="276,509,59,156" oya="1" hai0="27,10,82,79,8,51,4,6,70,62,121,72,77" hai1="63,19,123,12,104,116,67,17,85,65,22,102,3" hai2="101,49,114,81,98,133,45,80,57,11,43,74,95" hai3="55,37,76,130,115,31,117,52,92,118,42,120,35"/><U103/><E116/><N who="3" m="44650" /><G120/><T75/><D121/><U40/><E123/><V107/><F133/><W96/><G115/><T110/><D110/><U71/><E3/><V113/><F107/><W0/><G0/><T89/><D51/><U134/><E134/><V61/><F11/><W99/><G76/><T41/><D89/><U69/><E40/><V59/><F59/><W29/><G96/><T7/><D41/><U39/><E39/><V68/><F68/><W9/><G9/><T47/><D47/><U24/><E104/><V97/><F97/><W46/><G130/><T5/><D70/><U25/><E85/><V30/><F30/><N who="3" m="11275" /><G35/><T125/><D125/><U93/><E93/><V64/><REACH who="2" step="1"/><F74/><REACH who="2" ten="276,509,49,156" step="2"/><W135/><G135/><T36/><D8/><U20/><E63/><V122/><F122/><W53/><G99/><T73/><D62/><U128/><E128/><V23/><F23/><W56/><G92/><T88/><D10/><U84/><E84/><V13/><F13/><AGARI ba="1,1" hai="12,13,17,19,20,22,24,25,65,67,69,71,102,103" machi="13" ten="25,9600,0" yaku="22,2,52,2" doraHai="21" who="1" fromWho="2" sc="276,0,509,109,49,-99,156,0" owari="276,7.6,618,71.8,-50,-55.0,156,-24.4" /></mjloggm>