<mjloggm ver="2.3"><GO type="169" lobby="0"/><UN n0="%6C%6E%61%69" n1="%4E%55%44%41" n2="%E3%82%BC%E3%83%B3%E3%83%84%E3%83%9E%E3%82%B7%E3%83%BC%E3%83%B3" n3="%E3%81%A8%E3%81%B3%E3%81%BE%E3%81%93" dan="16,17,16,16" rate="2051.38,2174.81,2138.50,2181.03" sx="M,M,M,M"/><TAIKYOKU oya="0"/><INIT seed="0,0,0,2,3,81" ten="250,250,250,250" oya="0" hai0="135,58,77,92,127,115,65,114,63,113,73,91,34" hai1="64,96,109,51,131,54,85,32,104,126,45,125,128" hai2="103,1,101,61,74,119,86,46,14,89,52,112,117" hai3="68,49,72,9,88,87,31,28,3,47,60,55,97"/><T108/><D34/><U53/><E32/><V129/><F1/><W22/><G72/><T123/><D123/><U40/><E85/><V105/><F112/><W79/><G79/><T29/><D29/><U24/><E24/><V6/><F74/><W110/><G110/><T5/><D127/><N who="1" m="48651" /><E96/><V130/><F6/><W122/><G97/><T70/><D135/><U93/><E93/><N who="2" m="54455" /><F14/><W66/><G122/><T116/><D116/><N who="2" m="44618" /><F105/><W16/><G9/><T111/><D5/><U95/><E95/><V107/><F107/><W15/><G3/><T37/><D37/><N who="1" m="21647" /><E104/><V41/><F41/><W100/><G100/><N who="2" m="38473" /><F61/><W134/><G134/><T8/><D8/><U67/><E109/><N who="0" m="42057" /><D73/><U118/><E118/><V121/><F121/><W7/><G7/><T99/><D77/><U84/><E84/><V56/><F56/><AGARI ba="0,0" hai="56,58,63,65,70,91,92,99,113,114,115" m="42057" machi="56" ten="40,3900,0" yaku="14,1,10,1" doraHai="81" who="0" fromWho="2" sc="250,39,250,0,250,-39,250,0" /><INIT seed="0,1,0,5,4,35" ten="289,250,211,250" oya="0" hai0="71,59,10,53,18,73,86,34,111,30,21,84,14" hai1="106,23,103,16,38,116,89,62,60,110,56,98,97" hai2="3,90,12,8,9,92,132,78,42,107,6,29,127" hai3="17,74,133,120,96,52,57,22,126,49,118,88,69"/><T129/><D73/><U43/><E116/><V2/><F107/><W4/><G118/><T135/><D71/><U5/><E110/><V32/><F132/><W46/><G69/><T83/><D135/><U20/><E5/><V45/><F127/><W130/><G74/><T63/><D129/><U13/><E23/><V26/><F78/><W109/><G133/><T65/><D111/><U112/><E112/><V134/><F9/><W115/><G109/><T72/><D34/><U1/><E1/><V99/><REACH who="2" step="1"/><F134/><REACH who="2" ten="289,250,201,250" step="2"/><W79/><G126/><T125/><D125/><U28/><E106/><V15/><F15/><W87/><G115/><T41/><D14/><U70/><E13/><V104/><F104/><W48/><G130/><T76/><D76/><U44/><E98/><V33/><F33/><W105/><G120/><T121/><D121/><U95/><E97/><V102/><F102/><W67/><G79/><T114/><D10/><U81/><E103/><V82/><F82/><N who="3" m="49271" /><G105/><T85/><D114/><U51/><E20/><V80/><F80/><W31/><G96/><T19/><D83/><U131/><E81/><V61/><F61/><N who="3" m="38319" /><G4/><T124/><D124/><U101/><E131/><V47/><F47/><W39/><G39/><AGARI ba="1,1" hai="2,3,6,8,12,26,29,32,39,42,45,90,92,99" machi="39" ten="30,7700,0" yaku="1,1,7,1,52,2,53,0" doraHai="35" doraHaiUra="123" who="2" fromWho="3" sc="289,0,250,0,201,90,250,-80" /><INIT seed="1,0,0,3,2,71" ten="289,250,291,170" oya="1" hai0="68,54,65,72,87,41,61,84,57,18,88,97,43" hai1="105,67,31,78,21,3,44,39,8,0,55,27,46" hai2="13,85,4,17,106,128,29,19,15,6,70,96,2" hai3="63,73,56,74,86,80,122,117,91,76,120,16,107"/><U22/><E105/><V83/><F70/><W101/><G117/><T48/><D72/><U93/><E67/><V49/><F128/><W100/><G74/><T34/><D34/><U1/><E78/><V115/><F115/><W94/><G16/><N who="2" m="6217" /><F106/><W53/><REACH who="3" step="1"/><G100/><REACH who="3" ten="289,250,291,160" step="2"/><T37/><D18/><U113/><E113/><V108/><F29/><W102/><G102/><T130/><D130/><U36/><E8/><V104/><F108/><W116/><G116/><T38/><D97/><AGARI ba="0,1" hai="53,56,63,73,76,80,86,91,94,97,101,107,120,122" machi="97" ten="40,5200,0" yaku="1,1,24,2,53,0" doraHai="71" doraHaiUra="32" who="3" fromWho="0" sc="289,-52,250,0,291,0,160,62" /><INIT seed="2,0,0,0,2,6" ten="237,250,291,222" oya="2" hai0="88,19,14,104,68,22,33,58,107,78,15,120,103" hai1="96,7,61,70,29,124,28,66,106,80,118,95,110" hai2="117,98,16,12,46,11,41,115,86,119,54,52,99" hai3="108,135,37,81,69,13,3,94,9,49,67,129,24"/><V23/><F115/><W127/><G37/><T45/><D120/><U38/><E118/><V4/><F86/><W10/><G108/><T92/><D68/><U62/><E38/><V109/><F109/><W91/><G127/><T40/><D33/><U97/><E110/><V87/><F87/><W34/><G81/><T36/><D78/><U39/><E39/><V71/><F71/><W122/><G122/><T101/><D58/><U85/><E124/><V20/><F119/><W55/><G129/><T2/><D2/><U83/><E7/><V73/><F73/><W48/><G135/><T76/><D76/><U18/><E18/><V111/><F117/><W64/><G3/><T60/><D60/><U77/><E62/><V131/><F131/><W82/><G82/><T21/><D107/><U65/><E65/><N who="3" m="25162" /><G34/><T63/><D63/><U125/><E125/><V1/><F23/><W43/><G13/><T47/><D47/><U90/><E106/><V53/><REACH who="2" step="1"/><F111/><REACH who="2" ten="237,250,281,222" step="2"/><W8/><G69/><T133/><D133/><U42/><E85/><V134/><F134/><W112/><G112/><T17/><REACH who="0" step="1"/><D104/><REACH who="0" ten="227,250,281,222" step="2"/><U75/><E70/><V123/><F123/><W100/><G100/><T0/><D0/><U132/><E132/><V102/><F102/><W84/><G43/><T74/><D74/><U31/><E42/><V121/><F121/><W59/><G24/><T128/><D128/><U35/><E35/><V130/><F130/><W56/><G55/><T89/><D89/><U25/><E75/><V50/><AGARI ba="0,2" hai="1,4,11,12,16,20,41,46,50,52,53,54,98,99" machi="50" ten="30,12000,1" yaku="1,1,0,1,52,1,54,2,53,0" doraHai="6" doraHaiUra="57" who="2" fromWho="2" sc="227,-40,250,-40,281,140,222,-40" /><INIT seed="2,1,0,3,3,0" ten="187,210,421,182" oya="2" hai0="112,109,33,104,20,91,43,66,58,1,94,67,88" hai1="32,14,24,84,51,92,129,26,11,13,100,79,124" hai2="130,34,119,30,86,55,113,68,111,117,12,76,82" hai3="7,57,93,72,50,37,99,107,131,49,54,77,61"/><V80/><F113/><W101/><G37/><T78/><D112/><U85/><E124/><V121/><F121/><W127/><G127/><T22/><D33/><U16/><E129/><V2/><F2/><W133/><G131/><T75/><D104/><U38/><E38/><V21/><F130/><W116/><G116/><T48/><D109/><U115/><E115/><V65/><F111/><W96/><G133/><T118/><D118/><U126/><E126/><V6/><F34/><W23/><G23/><T19/><D1/><U5/><E51/><V36/><F36/><W97/><G97/><T103/><D20/><N who="1" m="11279" /><E32/><V62/><F55/><W17/><G17/><T128/><D128/><U27/><E79/><V123/><F123/><W105/><G105/><T40/><D78/><U90/><E100/><V71/><F71/><W18/><G18/><T56/><D75/><U70/><E70/><V9/><REACH who="2" step="1"/><F80/><REACH who="2" ten="187,210,411,182" step="2"/><W125/><G125/><T102/><D40/><U110/><E110/><V41/><F41/><W64/><G54/><T8/><D43/><U132/><E132/><V39/><F39/><W59/><G64/><T89/><D67/><U3/><E3/><V53/><F53/><W52/><G52/><T95/><D66/><U28/><E28/><V134/><F134/><W45/><G50/><T106/><D48/><U4/><E85/><V120/><F120/><W10/><G49/><T108/><D108/><U35/><E35/><V15/><F15/><W46/><G59/><T114/><D114/><U74/><E74/><V44/><F44/><W25/><G72/><T73/><D73/><RYUUKYOKU ba="1,1" sc="187,-15,210,15,411,15,182,-15" hai1="4,5,11,14,24,26,27,84,90,92" hai2="6,9,12,21,30,62,65,68,76,82,86,117,119" /><INIT seed="2,2,1,3,5,99" ten="172,225,426,167" oya="2" hai0="94,59,64,49,18,103,58,27,115,11,105,75,24" hai1="39,6,92,57,111,56,109,81,62,86,22,116,37" hai2="43,34,52,100,114,126,32,35,41,80,26,51,61" hai3="29,63,45,90,83,20,69,46,47,40,67,113,108"/><V23/><F114/><W130/><G108/><N who="1" m="41546" /><E116/><V134/><F134/><W36/><G113/><T31/><D115/><U74/><E6/><V12/><F126/><W122/><G122/><T104/><D75/><U72/><E22/><V78/><F12/><W110/><G110/><T135/><D135/><U124/><E124/><V88/><F61/><W8/><G130/><T97/><D58/><N who="1" m="22635" /><E62/><V9/><F9/><W106/><G106/><T0/><D0/><U112/><E92/><V19/><F100/><W132/><G8/><T107/><D31/><U127/><E112/><V121/><F121/><W93/><G83/><T125/><D125/><U48/><E48/><V66/><F66/><W44/><G132/><T3/><D3/><U16/><E16/><V42/><F78/><W117/><G117/><T77/><D77/><N who="1" m="46383" /><E127/><V102/><F35/><W98/><G29/><T123/><D123/><U91/><E91/><V119/><F119/><W53/><REACH who="3" step="1"/><G20/><REACH who="3" ten="172,225,426,157" step="2"/><T38/><D64/><U13/><E13/><V65/><F65/><W95/><G95/><T84/><D11/><U55/><E55/><AGARI ba="2,2" hai="36,40,44,45,46,47,53,55,63,67,69,90,93,98" machi="55" ten="40,1300,0" yaku="1,1,53,0" doraHai="99" doraHaiUra="82" who="3" fromWho="1" sc="172,0,225,-19,426,0,157,39" /><INIT seed="3,0,0,2,5,112" ten="172,206,426,196" oya="3" hai0="53,127,40,60,106,115,55,0,71,100,72,129,42" hai1="95,135,87,28,8,52,121,132,122,110,104,81,48" hai2="103,61,105,130,107,78,9,26,74,13,39,65,27" hai3="108,76,59,12,133,23,117,82,37,111,77,102,58"/><W51/><G37/><T73/><D0/><U34/><E104/><V19/><F39/><W89/><G102/><T86/><D115/><U94/><E110/><N who="3" m="42026" /><G133/><N who="1" m="51274" /><E8/><V69/><F130/><W113/><G113/><T70/><D129/><U116/><E116/><V5/><F103/><W1/><G1/><T41/><D127/><U62/><E62/><V25/><REACH who="2" step="1"/><F5/><REACH who="2" ten="172,206,416,196" step="2"/><W125/><G125/><T109/><D109/><U45/><E121/><V14/><F14/><W32/><G117/><T99/><D100/><U36/><E122/><V30/><F30/><W21/><G32/><T18/><D18/><U90/><E36/><V91/><F91/><W47/><G89/><T15/><D15/><U80/><E28/><V6/><F6/><W44/><G76/><T17/><D17/><U46/><E34/><V92/><F92/><N who="1" m="35369" /><E81/><AGARI ba="0,1" hai="9,13,19,25,26,27,61,65,69,74,78,81,105,107" machi="81" ten="40,1300,0" yaku="1,1,53,0" doraHai="112" doraHaiUra="134" who="2" fromWho="1" sc="172,0,206,-13,416,23,196,0" /><INIT seed="4,0,0,0,1,82" ten="172,193,439,196" oya="0" hai0="74,44,127,123,87,45,114,106,56,36,8,51,40" hai1="37,115,1,103,113,34,28,124,31,65,42,21,110" hai2="99,62,120,23,46,2,132,18,102,96,109,119,24" hai3="89,29,118,4,111,72,59,25,92,6,61,66,53"/><T108/><D123/><U131/><E110/><V47/><F109/><W43/><G111/><T30/><D108/><U97/><E124/><V52/><F120/><W5/><G72/><T11/><D74/><U32/><E1/><V9/><F132/><W22/><G118/><T84/><D106/><N who="1" m="63855" /><E65/><V85/><F119/><W69/><G43/><T67/><D127/><U75/><E75/><V116/><F116/><W57/><REACH who="3" step="1"/><G53/><REACH who="3" ten="172,193,439,186" step="2"/><T15/><D114/><N who="1" m="43531" /><E131/><V83/><F52/><W130/><G130/><T105/><D67/><U26/><E31/><V81/><F102/><W104/><G104/><T95/><D105/><U86/><E42/><V13/><F2/><W49/><G49/><T39/><D30/><U50/><E50/><V64/><F64/><W19/><G19/><T54/><D36/><U117/><E117/><V20/><F18/><W60/><G60/><T94/><D45/><U133/><E37/><V14/><F47/><W126/><G126/><T16/><REACH who="0" step="1"/><D11/><REACH who="0" ten="162,193,439,186" step="2"/><U41/><E28/><V0/><F9/><W125/><G125/><T121/><D121/><U128/><E128/><V79/><F46/><W91/><G91/><T3/><D3/><U88/><E88/><V33/><F0/><W93/><G93/><AGARI ba="0,2" hai="8,15,16,39,40,44,51,54,56,84,87,93,94,95" machi="93" ten="40,18000,2" yaku="1,1,52,2,54,1,53,3" doraHai="82" doraHaiUra="90" who="0" fromWho="3" sc="162,200,193,0,439,0,186,-180" /><INIT seed="4,1,0,2,5,63" ten="362,193,439,6" oya="0" hai0="127,53,12,59,50,17,0,88,40,92,46,20,123" hai1="33,86,54,49,68,56,87,109,73,31,126,101,90" hai2="58,91,70,29,132,105,74,75,16,131,3,106,134" hai3="121,85,11,24,42,124,32,10,119,82,71,96,102"/><T27/><D127/><U108/><E73/><N who="2" m="27659" /><F70/><W18/><G119/><T81/><D123/><U15/><E68/><V65/><F3/><W34/><G71/><T19/><D0/><U48/><E126/><V112/><F29/><W64/><G64/><T13/><D81/><U22/><E33/><V45/><F112/><W62/><G62/><T7/><D7/><U30/><E101/><V98/><F45/><W111/><G111/><T130/><D19/><N who="1" m="10623" /><E108/><V133/><F131/><W44/><G124/><T6/><D6/><U77/><E109/><V83/><F65/><W8/><G34/><T89/><D89/><U122/><E122/><V28/><F58/><W107/><G121/><T55/><D55/><N who="1" m="31847" /><E77/><V35/><F35/><W41/><G44/><T72/><D72/><U129/><E129/><V117/><F28/><N who="1" m="10793" /><E90/><V25/><F117/><W61/><G61/><T93/><D130/><U135/><E135/><V128/><F128/><W125/><G125/><T57/><D57/><AGARI ba="1,0" hai="49,54,57,86,87" m="10793,31847,10623" machi="57" ten="30,1000,0" yaku="8,1" doraHai="63" who="1" fromWho="0" sc="362,-13,193,13,439,0,6,0" /><INIT seed="5,0,0,4,2,51" ten="349,206,439,6" oya="1" hai0="74,102,119,18,106,65,79,122,121,47,60,118,115" hai1="16,81,91,10,131,108,86,62,34,3,23,95,75" hai2="105,57,35,56,73,116,22,129,111,127,128,113,93" hai3="27,43,53,19,83,28,126,77,123,99,76,130,97"/><U134/><E34/><V31/><F116/><W2/><G123/><N who="0" m="47115" /><D115/><U11/><E108/><V15/><F111/><W45/><G2/><T50/><D18/><U109/><E109/><V103/><F105/><W40/><G130/><N who="2" m="50281" /><F73/><W59/><G126/><T20/><D20/><U133/><E131/><V89/><F103/><W117/><G117/><T13/><D13/><N who="1" m="9615" /><E3/><V66/><F35/><W0/><G0/><T38/><D38/><U71/><E71/><V12/><F127/><W68/><G28/><T48/><D102/><U24/><E24/><N who="2" m="16791" /><F113/><W96/><G68/><N who="0" m="42023" /><D106/><U110/><E110/><V61/><F57/><W54/><G45/><T36/><D79/><N who="3" m="30281" /><G83/><T80/><D80/><U33/><E33/><V98/><AGARI ba="0,0" hai="12,15,56,61,66,89,93,98" m="16791,50281" machi="98" ten="30,1100,0" yaku="19,1" doraHai="51" who="2" fromWho="2" sc="349,-3,206,-5,439,11,6,-3" /><INIT seed="6,0,0,3,2,60" ten="346,201,450,3" oya="2" hai0="58,30,24,99,128,61,77,88,35,23,109,66,118" hai1="86,51,67,64,119,133,71,20,114,110,84,53,62" hai2="79,103,33,121,74,63,130,122,100,2,37,46,22" hai3="11,42,28,25,112,129,132,27,36,83,75,95,29"/><V72/><F33/><W54/><G129/><T96/><D128/><U40/><E110/><V120/><F2/><W97/><G132/><T31/><D118/><U38/><E119/><V19/><F130/><W26/><G112/><T108/><D77/><U1/><E114/><V116/><F116/><W0/><G54/><T82/><D99/><U55/><E1/><V34/><F34/><W125/><G125/><T101/><D31/><U134/><E20/><V10/><F10/><W89/><G36/><T5/><D5/><U6/><E6/><V102/><F79/><W59/><G42/><T68/><D58/><N who="1" m="36951" /><E84/><V113/><F113/><W52/><G75/><T45/><D45/><N who="1" m="23703" /><E86/><V41/><REACH who="2" step="1"/><F63/><REACH who="2" ten="346,201,440,3" step="2"/><N who="3" m="36327" /><G0/><T7/><D23/><U48/><E133/><V105/><F105/><W106/><G106/><T57/><D109/><U73/><E134/><V94/><F94/><W91/><G11/><T15/><D108/><U21/><E21/><V50/><F50/><N who="1" m="18985" /><E73/><V47/><F47/><W104/><G104/><T3/><D3/><U44/><E44/><V9/><F9/><W85/><AGARI ba="0,1" hai="25,26,27,28,29,83,85,89,91,95,97" m="36327" machi="85" ten="30,2000,0" yaku="8,1,54,1" doraHai="60" who="3" fromWho="3" sc="346,-5,201,-5,440,-10,3,30" /><INIT seed="7,0,0,1,4,87" ten="341,196,430,33" oya="3" hai0="112,93,9,114,39,47,130,0,8,80,125,63,101" hai1="107,30,117,134,27,119,111,82,109,55,92,126,32" hai2="94,28,5,21,31,12,26,135,33,65,38,104,79" hai3="15,132,64,118,29,89,113,121,124,7,99,46,1"/><W78/><G118/><N who="1" m="45066" /><E107/><V123/><F104/><W115/><G121/><T96/><D0/><U48/><E134/><V16/><F38/><W108/><G132/><T14/><D63/><U6/><E126/><V24/><F135/><W91/><G124/><T23/><D125/><U100/><E6/><V18/><F123/><W44/><G1/><T81/><D130/><U74/><E100/><V133/><F65/><W20/><G64/><T43/><D23/><U3/><E92/><V69/><F69/><W120/><G78/><T34/><D34/><U10/><E74/><V77/><F94/><W106/><G120/><T68/><D68/><U50/><E82/><V35/><F133/><W85/><G108/><N who="1" m="41546" /><E55/><V73/><F73/><W102/><G7/><T110/><D110/><U2/><E10/><N who="2" m="4175" /><F79/><W131/><G131/><T25/><D25/><U97/><E97/><V83/><F83/><W61/><G61/><T122/><D122/><U67/><E67/><V42/><F42/><W58/><G58/><T70/><D70/><U57/><E57/><V41/><F41/><W103/><G103/><T51/><D39/><U59/><E59/><V60/><F77/><W95/><G89/><T84/><D14/><U62/><E62/><V66/><F60/><W36/><G15/><T105/><D105/><U127/><E127/><V76/><F76/><W54/><G36/><T98/><D98/><U13/><E13/><N who="2" m="9359" /><F66/><W116/><G116/><T22/><D22/><U88/><E88/><V53/><F53/><W45/><G54/><T17/><D43/><U11/><E3/><V37/><F37/><RYUUKYOKU ba="0,0" sc="341,-30,196,10,430,10,33,10" hai1="2,11,27,30,32,48,50" hai2="18,24,26,28,31,33,35" hai3="20,29,44,45,46,85,91,95,99,102,106,113,115" /><INIT seed="7,1,0,4,2,120" ten="311,206,440,43" oya="3" hai0="20,64,118,76,134,90,124,110,45,63,39,29,109" hai1="132,115,44,25,103,87,82,75,105,116,98,35,51" hai2="43,125,9,13,69,55,53,102,7,16,10,88,89" hai3="57,58,26,78,18,42,121,17,11,72,93,28,1"/><W30/><G121/><T96/><D118/><U135/><E115/><V86/><F69/><W23/><G42/><T97/><D124/><U108/><E116/><V129/><F129/><W126/><G126/><T38/><D76/><U36/><E36/><V5/><F125/><W122/><G122/><T59/><D134/><N who="1" m="51243" /><E108/><V123/><F123/><W80/><G93/><T52/><D96/><U100/><E100/><V133/><F43/><W112/><G112/><T48/><D97/><U107/><E75/><V8/><F102/><W128/><G128/><T47/><D90/><N who="2" m="34922" /><F86/><W92/><G92/><T3/><D3/><U83/><E107/><V14/><F133/><W22/><G11/><N who="2" m="4169" /><F13/><W4/><G4/><AGARI ba="1,0" hai="4,5,7,10,14,16,53,55" m="4169,34922" machi="4" ten="30,3900,0" yaku="8,1,54,2" doraHai="120" who="2" fromWho="3" sc="311,0,206,0,440,42,43,-42" owari="311,11.1,206,-19.4,482,58.2,1,-49.9" /></mjloggm>