<mjloggm ver="2.3"><GO type="169" lobby="0"/><UN n0="%74%6B%34%32" n1="%E2%91%A3%E3%82%BB%E3%83%B3%E3%83%81" n2="%E3%81%8B%E3%81%AA%E3%81%8D%E3%83%BC" n3="%4D%72%52%41%4D%4F" dan="16,18,17,16" rate="2083.53,2265.01,2226.15,2133.26" sx="M,M,F,M"/><TAIKYOKU oya="0"/><INIT seed="0,0,0,0,2,47" ten="250,250,250,250" oya="0" hai0="8,14,124,87,108,31,5,53,125,111,118,48,82" hai1="52,75,22,6,66,38,120,9,57,91,117,123,114" hai2="55,131,119,81,18,64,7,122,50,65,13,80,128" hai3="73,99,59,83,93,89,49,11,77,134,39,56,115"/><T90/><D118/><U78/><E117/><V20/><F122/><W26/><G134/><T35/><D35/><U36/><E66/><N who="2" m="25707" /><F7/><W106/><G39/><T116/><D31/><U76/><E114/><V95/><F95/><W79/><G115/><T27/><D27/><U40/><E22/><V92/><F92/><W21/><G79/><T44/><REACH who="0" step="1"/><D116/><REACH who="0" ten="240,250,250,250" step="2"/><U100/><E123/><V112/><F119/><W1/><G26/><T68/><D68/><U85/><E120/><V105/><F112/><W61/><G21/><T129/><D129/><N who="2" m="49738" /><F105/><W2/><G106/><T34/><D34/><U3/><E75/><V63/><F63/><W109/><G11/><T133/><D133/><U54/><E9/><V16/><F18/><W132/><G132/><T62/><D62/><U102/><E6/><V10/><F10/><W103/><G61/><T29/><D29/><U86/><E3/><V98/><F98/><W107/><G2/><T58/><D58/><AGARI ba="0,1" hai="13,16,20,50,55,58,80,81" m="49738,25707" machi="58" ten="30,3900,0" yaku="19,1,52,1,54,1" doraHai="47" who="2" fromWho="0" sc="240,-39,250,0,250,49,250,0" /><INIT seed="1,0,0,3,0,33" ten="201,250,299,250" oya="1" hai0="28,1,68,104,19,38,70,3,26,16,47,82,87" hai1="111,45,31,76,35,66,123,0,59,49,94,83,48" hai2="109,110,43,51,8,62,24,72,98,119,44,101,80" hai3="107,64,5,36,116,105,55,50,91,61,18,73,126"/><U129/><E123/><V130/><F119/><W30/><G36/><T97/><D38/><U15/><E35/><V34/><F130/><W132/><G73/><T135/><D135/><U65/><E31/><V79/><F62/><W92/><G132/><T77/><D47/><U10/><E0/><V9/><F24/><W117/><G30/><T131/><D131/><U37/><E37/><V71/><F71/><W11/><G18/><T108/><D108/><N who="2" m="41578" /><F34/><W58/><G126/><T67/><D19/><U81/><E81/><V6/><F6/><W115/><G115/><T42/><D42/><U69/><E69/><N who="0" m="26729" /><D16/><U63/><E111/><V21/><F21/><W32/><G32/><N who="0" m="20503" /><D87/><U57/><E129/><V7/><F7/><W23/><G23/><T22/><D22/><U133/><E133/><V85/><F85/><W124/><G124/><T86/><D86/><N who="1" m="48487" /><E94/><AGARI ba="0,0" hai="8,9,43,44,51,72,79,80,94,98,101" m="41578" machi="94" ten="30,1000,0" yaku="14,1" doraHai="33" who="2" fromWho="1" sc="201,0,250,-10,299,10,250,0" /><INIT seed="2,0,0,1,1,58" ten="201,240,309,250" oya="2" hai0="31,99,80,77,26,109,127,108,14,38,125,131,75" hai1="62,50,111,44,135,98,41,93,23,0,72,85,34" hai2="124,87,73,40,90,130,10,65,24,122,20,134,67" hai3="129,126,3,9,89,86,53,117,133,56,112,119,107"/><V121/><F73/><W63/><G126/><N who="0" m="48139" /><D38/><U132/><E34/><V8/><F124/><W76/><G129/><T29/><D131/><U42/><E72/><V46/><F130/><W59/><G107/><T71/><D71/><U94/><E0/><V18/><F134/><N who="1" m="51241" /><E111/><N who="0" m="42569" /><D99/><U49/><E85/><V28/><F122/><W45/><G133/><T114/><D114/><U55/><E93/><V22/><F121/><W16/><G76/><T27/><D14/><U70/><E23/><V106/><F106/><W83/><G112/><T2/><D2/><U123/><E94/><V15/><F22/><W95/><G45/><T68/><D68/><U19/><E19/><V100/><F100/><W66/><G95/><T32/><D32/><U30/><E30/><AGARI ba="0,0" hai="26,27,29,30,31,75,77,80" m="42569,48139" machi="30" ten="30,2000,0" yaku="18,1,14,1" doraHai="58" who="0" fromWho="1" sc="201,20,240,-20,309,0,250,0" /><INIT seed="3,0,0,3,0,98" ten="221,220,309,250" oya="3" hai0="38,114,48,62,77,120,51,34,20,43,113,54,28" hai1="116,94,47,36,46,18,50,44,42,108,24,21,22" hai2="11,106,8,125,35,37,88,134,30,41,85,58,67" hai3="31,84,86,76,9,15,33,101,133,89,60,14,59"/><W127/><G127/><T83/><D34/><U103/><E108/><V122/><F106/><W32/><G133/><T72/><D120/><U109/><E109/><V4/><F125/><W40/><G40/><T124/><D124/><U63/><E116/><V131/><F131/><W118/><G118/><T45/><D28/><U111/><E111/><V126/><F134/><W23/><G76/><T39/><D20/><U82/><E36/><V79/><F79/><W69/><G69/><T117/><D62/><U16/><E82/><V65/><F58/><W102/><G32/><T80/><D80/><U52/><E42/><V27/><F11/><W93/><G84/><T87/><D72/><U53/><E63/><V17/><F17/><N who="3" m="10679" /><G31/><T100/><D100/><N who="3" m="38505" /><G33/><T90/><D77/><U29/><E29/><V115/><F41/><W92/><G92/><T123/><D123/><U49/><E94/><V64/><F122/><W119/><G119/><T55/><D43/><U129/><E103/><V5/><F126/><W74/><G74/><T130/><D130/><U70/><E70/><V81/><F37/><W3/><G3/><T2/><D2/><U10/><E129/><V128/><F128/><W78/><G78/><T73/><D73/><U6/><E22/><V91/><F115/><N who="0" m="44042" /><D117/><U19/><E21/><V75/><F75/><W25/><G25/><T66/><D66/><U104/><E24/><V135/><F135/><W1/><G1/><T95/><D95/><U68/><E104/><V56/><F35/><W13/><G9/><T57/><AGARI ba="0,0" hai="38,39,45,48,51,54,55,57,83,87,90" m="44042" machi="57" ten="30,1100,0" yaku="11,1" doraHai="98" who="0" fromWho="0" sc="221,11,220,-3,309,-3,250,-5" /><INIT seed="4,0,0,0,0,74" ten="232,217,306,245" oya="0" hai0="28,24,99,20,114,75,7,79,89,84,21,63,43" hai1="76,90,34,101,52,0,61,17,14,126,1,81,119" hai2="45,59,68,22,62,38,121,46,25,58,113,33,108" hai3="87,118,69,32,13,86,65,135,72,39,67,26,132"/><T96/><D114/><U41/><E34/><V102/><F121/><W80/><G39/><T64/><D43/><U53/><E119/><V93/><F108/><W91/><G118/><T125/><D125/><U47/><E101/><V56/><F33/><W54/><G72/><T57/><D7/><U15/><E90/><V73/><F73/><W131/><G131/><T70/><D70/><U83/><E126/><V5/><F5/><W98/><G98/><T95/><REACH who="0" step="1"/><D20/><REACH who="0" ten="222,217,306,245" step="2"/><U50/><E41/><V44/><F113/><W51/><G69/><T116/><D116/><U30/><E0/><V31/><F68/><W11/><G132/><T103/><D103/><U60/><E1/><V127/><F127/><W128/><G135/><T88/><D88/><U18/><E47/><V115/><F115/><W40/><G40/><T78/><D78/><U48/><E30/><V9/><F31/><W3/><G3/><T8/><D8/><U133/><E133/><V122/><F9/><W111/><G32/><T42/><D42/><U123/><REACH who="1" step="1"/><E76/><REACH who="1" ten="222,207,306,245" step="2"/><V27/><F102/><W124/><G91/><T71/><D71/><U82/><E82/><AGARI ba="0,2" hai="21,24,28,57,63,64,75,79,82,84,89,95,96,99" machi="82" ten="40,3900,0" yaku="1,1,52,1,53,0" doraHai="74" doraHaiUra="129" who="0" fromWho="1" sc="222,59,207,-39,306,0,245,0" /><INIT seed="4,1,0,4,5,60" ten="281,168,306,245" oya="0" hai0="29,7,80,89,130,49,100,67,38,111,124,11,8" hai1="61,30,3,35,42,50,53,132,20,51,97,114,134" hai2="37,16,57,13,55,5,112,133,66,44,96,127,6" hai3="115,102,4,91,46,116,99,93,9,95,27,41,118"/><T107/><D130/><U54/><E3/><V108/><F108/><W63/><G115/><T94/><D38/><U84/><E35/><V15/><F112/><W101/><G27/><T22/><D124/><U82/><E114/><V117/><F127/><W129/><G129/><T103/><D111/><U47/><E97/><V23/><F133/><N who="1" m="51305" /><E61/><N who="2" m="38191" /><F37/><W90/><G63/><T72/><D49/><U104/><E104/><V125/><F125/><W105/><G105/><T10/><D7/><N who="2" m="2570" /><F96/><W68/><G68/><T77/><D107/><U119/><E119/><V2/><F2/><W17/><G116/><T59/><D59/><U135/><N who="1" m="51313" /><U64/><DORA hai="28" /><E64/><V65/><F65/><W21/><G118/><T12/><D67/><U14/><E51/><N who="2" m="29159" /><F117/><W92/><G4/><T120/><D120/><U121/><E121/><V131/><F131/><W26/><G9/><T1/><D1/><U73/><E73/><V48/><F48/><N who="3" m="26703" /><G99/><T81/><D10/><U113/><E113/><V71/><F71/><W83/><G102/><T19/><D11/><U0/><E0/><V25/><AGARI ba="1,0" hai="13,15,16,23,25" m="29159,2570,38191" machi="25" ten="30,4000,0" yaku="8,1,52,1,54,1" doraHai="60,28" who="2" fromWho="2" sc="281,-21,168,-11,306,43,245,-11" /><INIT seed="5,0,0,3,0,4" ten="260,157,349,234" oya="1" hai0="106,65,104,97,20,130,82,6,105,78,131,1,132" hai1="33,52,64,28,53,116,26,3,0,84,38,27,128" hai2="31,30,86,23,60,62,45,85,109,99,75,107,90" hai3="16,135,9,79,124,101,94,14,44,110,5,49,2"/><U40/><E116/><V55/><F109/><W118/><G110/><T25/><D132/><U43/><E64/><V54/><F75/><W12/><G135/><T10/><D65/><U32/><E84/><V77/><F107/><W8/><G118/><T80/><D97/><U127/><E38/><V71/><F71/><W41/><G124/><T89/><D89/><U98/><E98/><V72/><F72/><W67/><G67/><T42/><D42/><U24/><E28/><V108/><F108/><W11/><G79/><T58/><D58/><U114/><E114/><V112/><F112/><W74/><G74/><T83/><D78/><U68/><E128/><N who="0" m="49193" /><D80/><U69/><REACH who="1" step="1"/><E27/><REACH who="1" ten="260,147,349,234" step="2"/><V51/><F99/><N who="3" m="59639" /><G2/><T36/><D36/><U95/><E95/><V96/><F96/><W133/><G133/><T18/><AGARI ba="0,1" hai="1,6,10,18,20,25,82,83,104,105,106" m="49193" machi="18" ten="40,2700,0" yaku="19,1,52,1" doraHai="4" who="0" fromWho="0" sc="260,37,147,-13,349,-7,234,-7" /><INIT seed="6,0,0,3,4,90" ten="297,134,342,227" oya="2" hai0="43,92,123,45,30,36,63,50,122,37,117,67,116" hai1="106,23,103,64,66,49,71,85,70,135,56,111,84" hai2="60,115,16,99,107,114,78,1,47,93,41,83,3" hai3="46,113,25,102,6,24,31,35,17,18,19,124,39"/><V12/><F107/><W96/><G124/><T129/><D129/><U82/><E106/><V4/><F60/><W131/><G131/><T88/><D30/><U130/><E130/><V94/><F4/><W7/><G113/><N who="2" m="43017" /><F99/><W40/><REACH who="3" step="1"/><G25/><REACH who="3" ten="297,134,342,217" step="2"/><T32/><D123/><U79/><E111/><V61/><F1/><W87/><G87/><N who="0" m="52255" /><D122/><U100/><E85/><N who="2" m="48375" /><F3/><W119/><G119/><N who="0" m="45643" /><D32/><U54/><E84/><V57/><F41/><W80/><G80/><T95/><D95/><AGARI ba="0,1" hai="6,7,17,18,19,24,31,35,39,40,46,95,96,102" machi="95" ten="40,5200,0" yaku="1,1,52,1,53,1" doraHai="90" doraHaiUra="68" who="3" fromWho="0" sc="297,-52,134,0,342,0,217,62" /><INIT seed="7,0,0,3,0,7" ten="245,134,342,279" oya="3" hai0="26,85,51,55,15,5,24,94,83,120,38,4,45" hai1="79,135,56,116,77,3,114,67,50,25,9,35,57" hai2="125,100,128,110,62,27,105,52,122,93,12,134,60" hai3="96,75,126,36,34,39,14,112,18,32,49,73,46"/><W107/><G112/><T64/><D120/><U133/><E67/><V109/><F105/><W74/><G126/><T53/><D38/><U123/><E50/><V78/><F128/><W108/><G108/><T104/><D104/><U132/><E57/><V68/><F134/><N who="1" m="34305" /><U44/><DORA hai="42" /><E56/><V61/><F125/><W16/><G96/><T97/><D64/><U88/><E79/><V121/><F78/><W91/><G91/><N who="0" m="51647" /><D55/><U43/><E77/><V131/><F52/><W54/><G107/><T101/><D5/><N who="1" m="1215" /><E88/><V117/><F62/><W20/><REACH who="3" step="1"/><G18/><REACH who="3" ten="245,134,342,269" step="2"/><T33/><D33/><AGARI ba="0,1" hai="14,16,20,32,33,34,36,39,46,49,54,73,74,75" machi="33" ten="50,12000,1" yaku="1,1,2,1,52,1,54,1,53,0" doraHai="7,42" doraHaiUra="23,59" who="3" fromWho="0" sc="245,-120,134,0,342,0,269,130" owari="125,-37.5,134,-26.6,342,14.2,399,49.9" /></mjloggm>