<mjloggm ver="2.3"><GO type="169" lobby="0"/><UN n0="%E4%BA%BA%E5%93%81%E3%81%AA%E3%81%97" n1="%E6%B2%B3%E7%AB%A5%E3%81%AE%E3%83%AF%E3%82%AB%E3%83%9E%E3%83%84" n2="%E3%82%82%E3%82%8A%E3%82%8A%E3%82%93%E3%82%82%E3%82%8A%E3%82%82%E3%82%8A" n3="%41%4C%50%45%52%49%4E" dan="17,17,16,17" rate="2192.15,2195.73,2058.43,2197.18" sx="M,M,M,M"/><TAIKYOKU oya="0"/><INIT seed="0,0,0,0,1,105" ten="250,250,250,250" oya="0" hai0="1,21,13,123,132,43,37,106,108,93,92,95,96" hai1="75,52,11,65,18,29,4,82,25,17,54,113,27" hai2="83,38,19,53,74,8,102,119,90,64,129,124,70" hai3="117,135,63,120,111,116,81,47,109,86,77,22,122"/><T125/><D123/><N who="3" m="47145" /><G47/><T33/><D33/><U45/><E113/><V128/><F38/><W73/><G63/><T16/><D125/><U88/><E65/><V100/><F53/><W130/><G22/><T127/><D127/><U44/><E45/><V87/><F8/><W99/><G135/><T103/><D132/><U66/><E66/><V114/><F19/><W110/><G130/><N who="2" m="50281" /><F64/><W50/><G50/><T5/><D108/><U79/><E18/><V67/><F124/><W118/><G99/><T40/><REACH who="0" step="1"/><D37/><REACH who="0" ten="240,250,250,250" step="2"/><U46/><E46/><V7/><F114/><W24/><G24/><T42/><D42/><U10/><E44/><V126/><F126/><W9/><G9/><AGARI ba="0,1" hai="1,5,9,13,16,21,40,43,92,93,95,96,103,106" machi="9" ten="40,3900,0" yaku="1,1,54,1,53,0" doraHai="105" doraHaiUra="76" who="0" fromWho="3" sc="240,49,250,0,250,0,250,-39" /><INIT seed="0,1,0,3,4,10" ten="289,250,250,211" oya="0" hai0="66,3,102,90,106,22,97,72,119,42,37,9,86" hai1="43,95,27,16,128,116,96,118,122,114,125,82,94" hai2="68,100,77,30,29,135,57,133,67,1,91,101,25" hai3="58,12,115,35,87,111,47,38,45,6,17,18,36"/><T21/><D119/><U5/><E122/><V99/><F1/><W123/><G115/><T59/><D72/><U70/><E70/><V113/><F68/><W69/><G69/><T110/><D110/><U74/><E114/><V56/><F77/><W33/><G123/><T52/><D66/><U98/><E5/><V132/><F113/><W34/><G111/><T127/><D127/><U20/><E125/><V105/><F101/><W65/><G87/><T60/><D42/><U112/><E112/><V49/><F49/><W117/><G117/><T134/><D37/><U89/><E128/><V80/><F67/><W88/><G88/><T7/><REACH who="0" step="1"/><D134/><REACH who="0" ten="279,250,250,211" step="2"/><U64/><E64/><V85/><REACH who="2" step="1"/><F30/><REACH who="2" ten="279,250,240,211" step="2"/><W32/><G65/><T46/><D46/><U4/><E116/><V79/><F79/><W107/><G45/><T0/><D0/><U121/><E118/><V15/><F15/><W23/><G47/><T31/><D31/><U51/><E121/><V108/><F108/><W24/><G12/><T48/><D48/><U11/><E51/><V75/><F75/><W39/><G39/><T63/><D63/><U83/><E74/><V50/><F50/><W131/><G36/><T40/><D40/><U61/><E61/><V92/><F92/><AGARI ba="1,2" hai="3,7,9,21,22,52,59,60,86,90,92,97,102,106" machi="92" ten="30,5800,0" yaku="1,1,7,1,54,1,53,0" doraHai="10" doraHaiUra="130" who="0" fromWho="2" sc="279,81,250,0,240,-61,211,0" /><INIT seed="0,2,0,4,3,100" ten="360,250,179,211" oya="0" hai0="117,107,94,9,95,1,58,56,61,35,98,102,135" hai1="22,19,103,78,4,63,97,109,70,130,44,65,14" hai2="87,49,119,27,52,55,69,124,53,15,125,90,46" hai3="40,114,6,89,127,13,16,84,7,32,132,39,91"/><T99/><D117/><U24/><E109/><V134/><F27/><W25/><G114/><T11/><D135/><U23/><E130/><V50/><F119/><W101/><G132/><T18/><D35/><U30/><E78/><V131/><F15/><W0/><G127/><N who="2" m="48713" /><F131/><W133/><G133/><T115/><D115/><U68/><E4/><V81/><F134/><W60/><G0/><T42/><D42/><U126/><E126/><V73/><F69/><W67/><G101/><T48/><D48/><N who="2" m="18538" /><F73/><W118/><G118/><T120/><D120/><U45/><REACH who="1" step="1"/><E68/><REACH who="1" ten="360,240,179,211" step="2"/><V92/><F46/><W104/><G6/><T29/><D58/><U79/><E79/><V8/><F8/><W3/><G7/><T113/><D11/><U88/><E88/><V121/><F121/><W38/><G91/><T85/><D9/><U36/><E36/><V2/><F2/><W21/><G39/><T110/><D1/><U5/><E5/><V72/><F72/><W31/><G38/><T129/><D113/><U93/><AGARI ba="2,1" hai="14,19,22,23,24,30,44,45,63,65,70,93,97,103" machi="93" ten="20,2700,0" yaku="1,1,0,1,7,1,53,0" doraHai="100" doraHaiUra="111" who="1" fromWho="1" sc="360,-15,240,43,179,-9,211,-9" /><INIT seed="1,0,0,4,1,96" ten="345,283,170,202" oya="1" hai0="114,46,118,79,14,41,81,28,8,55,0,5,127" hai1="61,97,58,70,62,69,27,47,59,52,135,122,16" hai2="12,86,2,63,43,128,126,30,112,49,53,84,67" hai3="60,65,72,48,130,124,113,105,90,94,75,34,133"/><U7/><E122/><V80/><F2/><W6/><G113/><T104/><D118/><U101/><E135/><V56/><F112/><W54/><G105/><T32/><D127/><U107/><E7/><V115/><F126/><W99/><G124/><T82/><D114/><U110/><E110/><V19/><F128/><W44/><G34/><T13/><D55/><U15/><E27/><V36/><F30/><W64/><G130/><T116/><D116/><U3/><E47/><V51/><F115/><W42/><G133/><T85/><D104/><U98/><E98/><V74/><F74/><W66/><G6/><T73/><D28/><U83/><E83/><V88/><F43/><W24/><G24/><T102/><D102/><U71/><E3/><V25/><F36/><W100/><REACH who="3" step="1"/><G90/><REACH who="3" ten="345,283,170,192" step="2"/><T120/><D32/><U11/><REACH who="1" step="1"/><E59/><AGARI ba="0,1" hai="42,44,48,54,59,60,64,65,66,72,75,94,99,100" machi="59" ten="40,8000,1" yaku="1,1,2,1,52,1,53,1" doraHai="96" doraHaiUra="89" who="3" fromWho="1" sc="345,0,283,-80,170,0,192,90" /><INIT seed="2,0,0,5,3,22" ten="345,203,170,282" oya="2" hai0="15,1,121,88,118,134,20,76,73,90,115,35,107" hai1="128,24,92,62,40,10,84,9,113,54,46,93,81" hai2="50,33,41,2,108,104,38,87,59,27,97,44,21" hai3="57,52,39,98,45,106,65,60,36,103,123,37,94"/><V135/><F2/><W49/><REACH who="3" step="1"/><G106/><REACH who="3" ten="345,203,170,272" step="2"/><T124/><RYUUKYOKU type="yao9" ba="0,1" sc="345,0,203,0,170,0,272,0" hai0="1,15,20,35,73,76,88,90,107,115,118,121,124,134" /><INIT seed="2,1,1,3,3,116" ten="345,203,170,272" oya="2" hai0="92,58,17,132,5,34,35,82,128,71,19,10,0" hai1="1,133,88,127,109,22,110,114,13,98,121,122,97" hai2="4,101,111,123,60,2,80,79,16,38,3,108,51" hai3="43,126,47,53,31,135,40,28,24,9,103,68,50"/><V12/><F38/><W7/><G126/><T93/><D71/><U63/><E114/><V39/><F39/><W75/><G135/><T41/><D132/><U100/><E133/><V30/><F123/><N who="1" m="47113" /><E1/><V95/><F30/><W66/><G75/><T91/><D128/><U21/><E127/><V14/><F4/><W124/><G124/><T29/><D41/><U26/><E63/><V72/><F12/><W27/><G103/><T81/><D92/><N who="1" m="56455" /><E13/><V37/><F37/><W104/><G104/><T6/><D6/><U129/><E129/><V52/><F60/><W57/><G7/><T56/><D56/><U23/><E26/><V11/><F95/><AGARI ba="1,1" hai="21,22,23,95,98,100,109,110" m="56455,47113" machi="95" ten="30,8000,1" yaku="13,1,52,3,54,1" doraHai="116" who="1" fromWho="2" sc="345,0,203,93,170,-83,272,0" /><INIT seed="3,0,0,5,0,32" ten="345,296,87,272" oya="3" hai0="90,56,127,34,85,50,49,17,84,20,126,12,1" hai1="10,72,69,54,104,106,95,53,15,80,63,68,24" hai2="96,8,64,112,42,131,125,3,6,11,30,111,45" hai3="27,83,81,39,13,65,43,28,97,89,116,35,123"/><W87/><G116/><T118/><D118/><U41/><E41/><V23/><F111/><W48/><G123/><T14/><D34/><U26/><E95/><V36/><F112/><W29/><G39/><T124/><D85/><U74/><E10/><V75/><F125/><W128/><G128/><T2/><D14/><U47/><E15/><V135/><F135/><W109/><G109/><T98/><D98/><U76/><E47/><V40/><F131/><W25/><G65/><T67/><D67/><U44/><E44/><V107/><F42/><W101/><G43/><T94/><D50/><U108/><E108/><V38/><F38/><W79/><G48/><T46/><D56/><U77/><REACH who="1" step="1"/><E80/><REACH who="1" ten="345,286,87,272" step="2"/><V71/><F11/><W57/><G13/><T51/><REACH who="0" step="1"/><D51/><REACH who="0" ten="335,286,87,272" step="2"/><U58/><E58/><V92/><F45/><W21/><G57/><T22/><D22/><U16/><E16/><V59/><F40/><AGARI ba="0,2" hai="1,2,12,17,20,40,46,49,84,90,94,124,126,127" machi="40" ten="40,8000,1" yaku="1,1,18,1,52,2,53,0" doraHai="32" doraHaiUra="122" who="0" fromWho="2" sc="335,100,286,0,87,-80,272,0" /><INIT seed="4,0,0,3,2,122" ten="435,286,7,272" oya="0" hai0="125,11,65,102,133,108,117,50,43,93,86,7,128" hai1="24,20,83,90,26,13,104,31,30,114,6,56,44" hai2="15,0,40,113,29,47,103,69,22,115,16,32,80" hai3="63,135,39,131,58,101,109,76,2,66,73,87,5"/><T54/><D117/><U70/><E70/><V98/><F69/><W60/><G39/><T95/><D125/><U37/><E104/><V49/><F80/><W71/><G131/><T132/><D128/><U88/><E56/><V4/><F103/><W21/><G135/><N who="0" m="51787" /><D108/><U121/><E121/><V134/><F98/><W67/><G73/><T85/><D43/><U34/><E114/><N who="2" m="43531" /><F134/><W41/><G41/><T74/><D65/><U96/><E37/><V33/><F29/><W3/><G101/><T120/><D74/><U72/><E96/><V17/><F17/><W57/><G71/><T99/><D95/><U126/><E126/><V111/><F111/><W36/><G36/><T129/><D120/><U81/><E44/><V92/><F92/><W77/><G109/><T9/><D129/><U25/><E25/><V28/><F28/><W84/><G21/><T38/><D38/><U116/><E116/><V112/><N who="2" m="43539" /><V68/><DORA hai="75" /><F68/><W89/><G89/><T61/><D61/><U1/><E1/><V23/><F23/><W79/><G76/><T12/><D9/><AGARI ba="0,0" hai="0,4,9,15,16,22,32,33,40,47,49" m="43539" machi="9" ten="40,2600,0" yaku="15,1,54,1" doraHai="122,75" who="2" fromWho="0" sc="435,-26,286,0,7,26,272,0" /><INIT seed="5,0,0,4,1,43" ten="409,286,33,272" oya="1" hai0="34,105,14,9,86,70,89,85,97,122,13,53,57" hai1="128,27,119,88,100,68,47,94,30,75,64,71,107" hai2="1,132,7,38,102,115,48,63,87,28,124,79,80" hai3="39,16,12,66,117,11,103,114,84,50,21,56,129"/><U69/><E119/><V74/><F38/><W5/><G39/><T45/><D122/><U130/><E75/><V134/><F28/><W120/><G120/><T121/><D70/><U135/><E135/><V73/><F7/><W95/><G114/><T26/><D45/><U126/><E126/><V76/><F63/><W31/><G129/><N who="1" m="49770" /><E107/><V98/><F48/><W46/><G117/><T33/><D121/><U92/><E100/><V6/><F6/><W44/><G31/><T0/><D0/><U18/><E18/><V118/><F1/><W99/><G84/><T8/><D89/><U60/><E47/><V4/><F4/><W133/><G133/><N who="2" m="51305" /><F124/><W65/><G56/><T104/><D57/><N who="1" m="36879" /><E88/><N who="2" m="51303" /><F118/><W29/><G29/><T127/><D127/><U108/><E108/><V35/><F35/><AGARI ba="0,0" hai="27,30,35,68,69,71,92,94" m="36879,49770" machi="35" ten="40,2000,0" yaku="19,1" doraHai="43" who="1" fromWho="2" sc="409,0,286,20,33,-20,272,0" /><INIT seed="5,1,0,1,3,89" ten="409,306,13,272" oya="1" hai0="103,4,60,67,116,50,52,58,23,36,88,27,78" hai1="21,105,100,38,111,96,7,112,93,135,69,91,133" hai2="92,30,12,131,80,85,15,11,109,126,125,2,1" hai3="49,14,68,22,120,5,25,45,98,74,6,19,42"/><U37/><E69/><V121/><F109/><W84/><G120/><T132/><D116/><U106/><E7/><V54/><F121/><W35/><G74/><T87/><D132/><N who="1" m="50763" /><E111/><V63/><F131/><W46/><G68/><T55/><D36/><N who="1" m="13931" /><E112/><V134/><F134/><W107/><G84/><T90/><D4/><U127/><E127/><N who="2" m="48651" /><F30/><W56/><G56/><N who="0" m="37255" /><D103/><U79/><E79/><N who="2" m="46239" /><F92/><W28/><REACH who="3" step="1"/><G46/><REACH who="3" ten="409,306,13,262" step="2"/><N who="0" m="27735" /><D87/><U10/><E96/><V66/><F54/><W29/><G29/><N who="0" m="17663" /><D78/><U62/><E62/><AGARI ba="1,1" hai="55,58,62,88,90" m="17663,27735,37255" machi="62" ten="30,3900,0" yaku="8,1,54,2" doraHai="89" who="0" fromWho="1" sc="409,52,306,-42,13,0,262,0" /><INIT seed="6,0,0,0,4,123" ten="461,264,13,262" oya="2" hai0="93,31,46,36,111,106,20,35,122,118,26,52,32" hai1="125,42,95,87,28,77,40,134,57,14,62,69,61" hai2="99,78,120,104,30,60,110,53,27,84,59,3,96" hai3="44,132,101,22,24,103,89,49,64,107,119,86,29"/><V1/><F120/><W113/><G119/><T90/><D111/><U105/><E105/><V9/><F110/><W92/><G132/><T83/><D118/><U79/><E28/><V13/><F78/><W12/><G113/><T114/><D114/><U115/><E115/><V16/><F84/><W65/><G12/><T98/><D106/><U70/><E14/><V2/><REACH who="2" step="1"/><F104/><REACH who="2" ten="461,264,3,262" step="2"/><W68/><G107/><T56/><D122/><U0/><E87/><V126/><F126/><W48/><G86/><T112/><D112/><U37/><E125/><V55/><F55/><W129/><G65/><T88/><D52/><U43/><E79/><V116/><F116/><W127/><G64/><T58/><D98/><U100/><E77/><V6/><F6/><W133/><G127/><T97/><D97/><U73/><E73/><V17/><F17/><W19/><G19/><T108/><D108/><U131/><E134/><V38/><F38/><W71/><G133/><T47/><D36/><U75/><E75/><V67/><F67/><W33/><G29/><T23/><D31/><U94/><E37/><V130/><F130/><W66/><G129/><T76/><D76/><U4/><E131/><V50/><F50/><W39/><G49/><T85/><D85/><U5/><E5/><V7/><F7/><W15/><G39/><T117/><D117/><U74/><E74/><V41/><F41/><W82/><G48/><T11/><D93/><U54/><E94/><V34/><AGARI ba="0,1" hai="1,2,3,9,13,16,27,30,34,53,59,60,96,99" machi="34" ten="30,11700,0" yaku="1,1,0,1,54,1,53,1" doraHai="123" doraHaiUra="8" who="2" fromWho="2" sc="461,-39,264,-39,3,127,262,-39" /><INIT seed="6,1,0,2,1,36" ten="422,225,130,223" oya="2" hai0="32,8,101,49,38,6,25,81,110,102,92,77,59" hai1="122,99,40,11,51,53,5,55,67,87,13,80,57" hai2="124,106,46,86,123,30,1,63,93,119,33,128,96" hai3="47,84,132,54,74,34,66,48,52,24,103,14,91"/><V16/><F123/><W134/><G74/><T117/><D110/><U108/><E108/><V83/><F119/><W12/><G66/><T23/><D38/><U19/><E122/><V37/><F1/><W62/><G103/><T61/><D32/><U75/><E75/><V131/><F106/><W109/><G109/><T126/><D49/><U112/><E112/><V17/><F124/><W78/><G78/><T89/><D126/><U7/><E67/><V64/><F30/><N who="3" m="19783" /><G54/><T29/><D117/><U70/><E70/><V28/><F28/><W97/><G97/><N who="0" m="57487" /><D8/><U118/><E118/><V31/><F31/><W125/><G62/><T71/><D6/><U42/><E99/><V113/><F33/><W22/><G22/><T129/><D129/><N who="2" m="49738" /><F46/><W121/><G121/><T45/><D71/><U98/><E98/><V72/><F37/><W116/><G116/><T95/><D95/><U100/><E100/><N who="2" m="60431" /><F72/><W60/><G125/><T94/><D45/><U56/><E5/><V15/><F15/><W69/><G14/><T41/><D101/><U76/><E7/><V111/><F111/><W50/><G12/><T4/><D102/><U10/><E11/><V130/><N who="2" m="49746" /><V2/><DORA hai="58" /><F2/><W120/><G120/><T135/><D4/><U0/><E0/><V18/><F113/><W90/><G47/><T35/><D35/><U104/><E104/><V133/><F133/><W39/><G39/><T9/><D135/><U127/><E127/><V115/><F115/><W82/><G134/><T79/><D29/><U85/><E85/><V68/><F86/><N who="3" m="50519" /><G132/><T3/><D3/><RYUUKYOKU ba="1,0" sc="422,-15,225,15,130,15,223,-15" hai1="10,13,19,40,42,51,53,55,56,57,76,80,87" hai2="16,17,18,63,64,68,83" /><INIT seed="6,2,0,3,4,30" ten="407,240,145,208" oya="2" hai0="82,102,68,89,2,112,36,18,91,133,41,106,103" hai1="44,27,34,48,35,86,99,40,111,120,67,90,65" hai2="50,29,125,25,11,128,96,94,1,93,98,26,72" hai3="109,28,76,79,4,127,105,51,49,81,92,100,57"/><V95/><F72/><W13/><G109/><T46/><D68/><U130/><E111/><V73/><F73/><W134/><G105/><T61/><D2/><U15/><E130/><V19/><F128/><W88/><G127/><T22/><D112/><U70/><E120/><V121/><F125/><W123/><G123/><T9/><D9/><U118/><E118/><V56/><F121/><W119/><G119/><T69/><D133/><U16/><E99/><N who="2" m="37931" /><F1/><W43/><G100/><T117/><D117/><U42/><E42/><V83/><F29/><W37/><G37/><T64/><D91/><U104/><E104/><V0/><F0/><W122/><G122/><T131/><D106/><U8/><E27/><N who="2" m="10251" /><F83/><W32/><G134/><T63/><D131/><U14/><E14/><N who="2" m="7647" /><F50/><W6/><G28/><T113/><D113/><U10/><E10/><V5/><F56/><W21/><G32/><T38/><D38/><U45/><E45/><V71/><F71/><W20/><G51/><T115/><D115/><U33/><REACH who="1" step="1"/><E70/><REACH who="1" ten="407,230,145,208" step="2"/><V55/><F55/><W58/><G43/><T101/><D41/><U110/><E110/><V75/><F75/><W114/><G114/><T126/><D69/><U60/><E60/><V53/><F53/><W132/><G132/><T85/><D63/><U47/><E47/><V3/><F3/><W135/><G135/><T107/><D46/><U39/><E39/><V12/><F12/><W54/><G13/><N who="0" m="9551" /><D36/><U84/><E84/><V23/><F5/><W80/><G6/><T74/><D74/><U108/><E108/><V87/><F87/><N who="3" m="52255" /><G4/><T62/><D85/><RYUUKYOKU ba="2,1" sc="407,-15,230,15,145,15,208,-15" hai1="8,15,16,33,34,35,40,44,48,65,67,86,90" hai2="23,93,94,95" /><INIT seed="6,3,1,5,1,41" ten="392,245,160,193" oya="2" hai0="108,13,84,80,62,54,69,50,130,51,90,102,60" hai1="122,10,46,128,14,24,132,82,72,73,134,22,115" hai2="81,113,76,91,1,0,52,131,49,129,55,83,79" hai3="47,116,105,48,63,37,70,109,89,39,114,27,101"/><V58/><F113/><W23/><G116/><T19/><D108/><U100/><E115/><V57/><F91/><W15/><G109/><T66/><D130/><U43/><E100/><V65/><F65/><W32/><G114/><T74/><D102/><U68/><E68/><V26/><F26/><W12/><G89/><T64/><D54/><U40/><E122/><V35/><REACH who="2" step="1"/><F49/><REACH who="2" ten="392,245,150,193" step="2"/><W104/><G39/><T5/><D51/><U103/><E128/><V98/><F98/><W9/><G37/><T29/><D50/><U38/><E43/><V75/><F75/><W95/><G48/><T33/><D74/><U107/><E73/><V125/><F125/><W53/><G27/><T87/><D87/><U71/><E103/><V133/><F133/><W59/><G101/><T31/><D64/><U93/><E132/><V77/><F77/><W96/><G96/><T106/><D66/><U111/><E134/><V121/><F121/><W120/><G120/><T4/><D90/><U99/><E111/><V34/><AGARI ba="3,2" hai="0,1,34,35,52,55,57,58,76,79,81,83,129,131" machi="34" ten="25,12000,1" yaku="1,1,0,1,22,2,54,1,53,0" doraHai="41" doraHaiUra="44" who="2" fromWho="2" sc="392,-43,245,-43,150,149,193,-43" /><INIT seed="6,4,0,0,3,14" ten="349,202,299,150" oya="2" hai0="21,42,115,132,29,70,18,127,19,135,53,86,106" hai1="54,62,24,117,104,56,12,34,89,9,75,57,126" hai2="91,114,45,129,23,77,46,116,124,94,31,0,72" hai3="101,131,2,112,33,27,121,22,3,102,123,100,7"/><V68/><F116/><W130/><G33/><T113/><D127/><U92/><E117/><V6/><F68/><W32/><G32/><T119/><D119/><U49/><E104/><V58/><F124/><W80/><G112/><N who="0" m="43083" /><D42/><U48/><E75/><V59/><F6/><W118/><G118/><T111/><D111/><U16/><E126/><V13/><F0/><W65/><G65/><T93/><D106/><U55/><E34/><V41/><F77/><W26/><G80/><T87/><D70/><U44/><E24/><N who="3" m="9258" /><G22/><T69/><D69/><U109/><E109/><V73/><F73/><W39/><G7/><T67/><D67/><U43/><E89/><V8/><F72/><W78/><G78/><T81/><D29/><U105/><E105/><V90/><F129/><N who="3" m="49163" /><G39/><T97/><D21/><U40/><E92/><V133/><F114/><W61/><G61/><T120/><D53/><AGARI ba="4,0" hai="9,12,16,40,43,44,48,49,53,54,55,56,57,62" machi="53" ten="30,7700,0" yaku="7,1,8,1,52,1,54,1" doraHai="14" who="1" fromWho="0" sc="349,-89,202,89,299,0,150,0" /><INIT seed="7,0,0,1,1,102" ten="260,291,299,150" oya="3" hai0="128,0,89,25,35,19,32,68,20,118,67,104,47" hai1="65,64,60,94,133,87,16,15,56,58,75,18,98" hai2="52,9,55,73,22,48,81,63,8,119,126,49,82" hai3="24,41,103,5,117,27,99,108,109,28,26,122,36"/><W127/><G117/><T130/><D118/><U134/><E75/><V91/><F126/><W86/><G122/><T112/><D0/><U29/><E87/><N who="2" m="50671" /><F119/><W4/><G127/><T92/><D47/><U88/><E29/><V1/><F1/><W62/><G28/><T77/><D77/><U3/><E3/><V40/><F73/><W38/><G62/><N who="0" m="40055" /><D112/><U100/><E100/><V116/><F82/><W132/><G86/><T46/><D46/><U69/><E18/><V131/><F131/><N who="0" m="50218" /><D104/><U114/><E114/><V125/><F125/><W23/><G23/><T30/><D30/><U80/><E80/><V66/><F116/><W12/><G132/><N who="1" m="50794" /><E65/><V37/><F37/><N who="3" m="14443" /><G12/><T57/><D57/><U6/><E6/><N who="3" m="2666" /><G41/><T135/><D135/><U33/><E33/><V53/><F40/><W10/><G10/><AGARI ba="0,0" hai="10,15,16,56,58,60,64,69,88,94,98" m="50794" machi="10" ten="30,3900,0" yaku="20,1,54,2" doraHai="102" who="1" fromWho="3" sc="260,0,291,39,299,0,150,-39" owari="260,-14.0,330,43.0,299,9.9,111,-38.9" /></mjloggm>