<mjloggm ver="2.3"><GO type="169" lobby="0"/><UN n0="%58%59%47%59" n1="%E3%83%87%E3%83%A9%E3%82%B3%E3%83%83%E3%82%B3" n2="%E5%A4%A9%E7%A9%BA%E3%81%AE%E6%8A%80" n3="%6E%61%67%61%69%6D%6F" dan="16,16,16,17" rate="2082.73,2116.40,2136.19,2143.49" sx="M,M,M,M"/><TAIKYOKU oya="0"/><INIT seed="0,0,0,5,3,32" ten="250,250,250,250" oya="0" hai0="62,72,108,115,0,46,106,16,52,111,43,20,81" hai1="27,121,30,10,19,102,123,92,83,12,4,97,65" hai2="85,24,91,120,61,36,117,15,55,113,104,96,99" hai3="112,22,48,14,86,6,67,128,70,130,11,84,9"/><T103/><D115/><U118/><E118/><V54/><F36/><W2/><G112/><T126/><D106/><U109/><E109/><N who="0" m="42057" /><D103/><U25/><E83/><V38/><F38/><W57/><G70/><T116/><D126/><U31/><E65/><V42/><F42/><W79/><G22/><T90/><D116/><U34/><REACH who="1" step="1"/><E4/><REACH who="1" ten="250,240,250,250" step="2"/><V93/><F117/><W69/><G130/><T53/><D72/><U134/><E134/><V39/><F113/><W63/><G128/><T51/><D81/><U114/><E114/><V26/><F120/><W47/><G69/><T58/><D90/><U133/><E133/><V77/><F91/><W3/><G79/><T59/><D59/><U56/><E56/><V127/><F77/><W80/><G80/><T5/><D5/><U45/><E45/><V28/><F127/><W21/><G21/><AGARI ba="0,1" hai="10,12,19,21,25,27,30,31,34,92,97,102,121,123" machi="21" ten="30,2000,0" yaku="1,1,7,1,53,0" doraHai="32" doraHaiUra="40" who="1" fromWho="3" sc="250,0,240,30,250,0,250,-20" /><INIT seed="1,0,0,1,2,114" ten="250,270,250,230" oya="1" hai0="111,43,92,15,127,8,48,82,45,120,90,67,63" hai1="110,106,95,29,83,33,66,72,44,47,56,105,28" hai2="91,52,7,88,132,71,133,20,122,113,134,10,112" hai3="41,37,101,73,12,135,93,22,54,1,126,102,74"/><U65/><E95/><V118/><F71/><W36/><G1/><T58/><D111/><U86/><E72/><V68/><F68/><W70/><G70/><T13/><D127/><U9/><E110/><V35/><F35/><W21/><G12/><T99/><D120/><U6/><E33/><V123/><F20/><W27/><G93/><T79/><REACH who="0" step="1"/><D8/><REACH who="0" ten="240,270,250,230" step="2"/><U97/><E9/><V69/><F123/><W100/><G126/><T107/><D107/><U104/><E104/><V121/><F121/><W129/><G135/><T49/><D49/><U11/><E106/><V59/><F122/><W62/><G37/><T30/><D30/><U34/><E29/><V2/><F113/><W76/><G36/><T125/><D125/><U31/><E31/><V78/><F112/><W16/><G129/><T4/><D4/><U55/><E28/><V124/><F124/><W98/><G22/><T46/><D46/><U51/><E11/><V14/><F10/><W17/><G21/><T75/><AGARI ba="0,1" hai="13,15,43,45,48,58,63,67,75,79,82,90,92,99" machi="75" ten="20,5200,0" yaku="1,1,0,1,7,1,53,1" doraHai="114" doraHaiUra="53" who="0" fromWho="0" sc="240,62,270,-26,250,-13,230,-13" /><INIT seed="2,0,0,1,2,128" ten="302,244,237,217" oya="2" hai0="21,108,25,7,49,73,30,63,23,112,42,39,94" hai1="5,76,99,78,12,41,52,15,109,28,60,79,69" hai2="92,57,72,8,101,31,89,98,3,66,75,86,126" hai3="120,83,33,80,19,53,114,62,105,88,1,37,61"/><V134/><F126/><W64/><G1/><T106/><D112/><U27/><E109/><V4/><F31/><W20/><G33/><T102/><D39/><U44/><E99/><V24/><F24/><W0/><G0/><T110/><D106/><U90/><E90/><V113/><F113/><W118/><G105/><T67/><D73/><U115/><E115/><V11/><F11/><W18/><G37/><T131/><D131/><U71/><E71/><V16/><F16/><W87/><G114/><T2/><D21/><U97/><E97/><V123/><F123/><W26/><G120/><T10/><D102/><U70/><E70/><V14/><F3/><W77/><G118/><T45/><D94/><U96/><E96/><V6/><F6/><W119/><G119/><T103/><D103/><U91/><E91/><V85/><F85/><W104/><G104/><T59/><AGARI ba="0,0" hai="2,7,10,23,25,30,42,45,49,59,63,67,108,110" machi="59" ten="30,1100,0" yaku="0,1" doraHai="128" who="0" fromWho="0" sc="302,11,244,-3,237,-5,217,-3" /><INIT seed="3,0,0,3,5,111" ten="313,241,232,214" oya="3" hai0="132,120,104,88,115,117,0,73,66,96,14,5,53" hai1="54,6,97,70,84,25,119,113,82,121,92,110,29" hai2="1,124,68,107,101,86,20,76,135,58,17,85,10" hai3="52,89,2,8,36,72,31,122,127,106,64,15,134"/><W26/><G122/><T44/><D120/><U90/><E121/><V34/><F68/><W12/><G36/><T77/><D117/><U3/><E110/><V9/><F34/><W95/><G72/><T41/><D66/><U13/><E70/><V71/><F71/><W39/><G39/><T91/><D0/><U118/><E3/><V75/><F75/><W133/><G106/><T51/><D77/><U87/><E54/><V50/><F135/><N who="3" m="51723" /><G64/><T83/><D83/><U60/><E60/><V100/><F107/><W32/><G127/><T4/><D73/><U38/><E38/><V47/><F124/><W123/><G123/><T105/><D104/><U108/><E108/><V109/><F109/><W46/><G2/><T80/><D105/><U43/><E43/><N who="2" m="24959" /><F58/><W7/><G15/><T56/><D14/><U35/><E13/><N who="2" m="9263" /><F1/><W59/><G46/><T102/><D44/><U23/><E35/><V74/><F74/><W37/><G37/><T49/><D132/><U99/><E119/><V40/><F40/><W114/><G114/><T30/><D41/><U61/><E113/><V48/><F48/><W16/><G7/><T81/><D5/><U128/><E6/><V78/><F78/><W67/><G67/><T62/><D4/><U65/><E118/><V27/><F27/><W45/><G45/><T131/><D51/><U126/><E126/><V18/><F76/><W116/><G116/><T130/><D49/><U112/><E112/><V63/><F63/><N who="3" m="36327" /><G89/><T33/><D115/><U24/><E65/><V125/><F125/><W22/><G32/><T129/><D33/><RYUUKYOKU ba="0,0" sc="313,-10,241,-10,232,-10,214,30" hai3="8,12,16,22,26,31,95" /><INIT seed="3,1,0,1,5,15" ten="303,231,222,244" oya="3" hai0="73,63,67,34,11,77,41,59,104,130,95,58,116" hai1="123,33,20,71,85,126,2,46,94,124,40,61,69" hai2="55,37,113,127,107,66,89,0,7,131,45,129,1" hai3="21,78,26,23,65,76,48,32,103,5,84,114,57"/><W29/><G114/><T19/><D116/><U111/><E33/><V121/><F113/><W42/><G5/><T109/><D104/><U39/><E2/><V83/><F107/><W106/><G106/><T70/><D34/><U62/><E20/><V102/><F102/><W52/><G103/><T125/><D109/><U30/><E30/><V79/><F66/><W68/><G42/><T91/><D77/><U13/><E13/><V88/><F121/><W36/><G36/><T117/><D73/><U133/><E94/><V101/><F101/><W64/><G68/><N who="1" m="26186" /><E85/><N who="2" m="48383" /><F127/><N who="1" m="48681" /><E123/><V82/><F7/><W92/><G32/><T99/><D125/><U132/><E111/><V112/><F112/><W3/><G3/><N who="2" m="1097" /><F82/><N who="3" m="47175" /><G78/><T14/><D117/><U4/><E4/><V43/><F55/><W53/><G53/><T60/><D130/><AGARI ba="1,0" hai="37,43,45,88,89,129,130,131" m="1097,48383" machi="130" ten="30,2000,0" yaku="19,1,54,1" doraHai="15" who="2" fromWho="0" sc="303,-23,231,0,222,23,244,0" /><INIT seed="4,0,0,2,0,56" ten="280,231,245,244" oya="0" hai0="27,21,90,8,45,82,33,110,58,4,23,106,38" hai1="122,93,7,84,76,19,44,78,66,126,1,97,108" hai2="59,15,18,68,102,118,123,83,57,113,53,2,50" hai3="42,95,0,41,64,43,13,131,34,114,63,12,125"/><T128/><D106/><U20/><E108/><V99/><F2/><W75/><G0/><T107/><D107/><U73/><E122/><V74/><F113/><W92/><G34/><T49/><D38/><U124/><E73/><V30/><F30/><W89/><G75/><T9/><D128/><U65/><E44/><V48/><F68/><W69/><G114/><T35/><D23/><U47/><E47/><V55/><F123/><W40/><G131/><T86/><D58/><U101/><E7/><V36/><F36/><W46/><G125/><N who="1" m="48234" /><E1/><V22/><F118/><W103/><G103/><T11/><D4/><U94/><E94/><V25/><F74/><W5/><G5/><T85/><D85/><U29/><E29/><V26/><F83/><W120/><G120/><T61/><D110/><U72/><E84/><V32/><REACH who="2" step="1"/><F32/><REACH who="2" ten="280,231,235,244" step="2"/><W16/><G89/><T70/><D33/><U116/><E116/><V100/><F100/><W129/><G129/><T71/><D71/><U80/><E78/><V17/><F17/><W115/><G115/><T96/><D70/><U3/><E3/><V109/><F109/><W130/><G130/><T60/><D35/><U91/><E91/><V134/><F134/><W77/><G77/><T54/><D96/><U104/><E104/><AGARI ba="0,1" hai="15,18,22,25,26,48,50,53,55,57,59,99,102,104" machi="104" ten="30,3900,0" yaku="1,1,7,1,9,1,53,0" doraHai="56" doraHaiUra="119" who="2" fromWho="1" sc="280,0,231,-39,235,49,244,0" /><INIT seed="5,0,0,2,2,129" ten="280,192,284,244" oya="1" hai0="119,50,30,76,47,52,107,92,9,84,126,35,13" hai1="134,78,74,51,71,115,108,48,22,1,26,90,24" hai2="10,2,70,55,130,42,45,82,5,104,99,69,19" hai3="95,25,124,12,20,65,67,85,3,111,113,61,8"/><U11/><E115/><V34/><F34/><W40/><G111/><T86/><D107/><U66/><E108/><V132/><F130/><W106/><G106/><T15/><D119/><U33/><E33/><V122/><F122/><W112/><G3/><T62/><D35/><U131/><E131/><V17/><F55/><W49/><G124/><T127/><D30/><U72/><E90/><V89/><F70/><W0/><G0/><T43/><D92/><U73/><E78/><V38/><F69/><W6/><G113/><T60/><D43/><U123/><E123/><V97/><F97/><W88/><G112/><T36/><D36/><U135/><E66/><V79/><F132/><N who="1" m="50729" /><E71/><V18/><F89/><W21/><G21/><T57/><D76/><U7/><E26/><V75/><F19/><AGARI ba="0,0" hai="1,7,11,19,22,24,48,51,72,73,74" m="50729" machi="19" ten="40,12000,1" yaku="20,1,52,3" doraHai="129" who="1" fromWho="2" sc="280,0,192,120,284,-120,244,0" /><INIT seed="5,1,0,5,5,37" ten="280,312,164,244" oya="1" hai0="107,36,14,10,135,27,0,95,112,127,17,74,90" hai1="69,84,46,77,71,50,30,97,53,43,63,28,105" hai2="124,131,40,88,85,58,99,101,18,8,86,51,42" hai3="31,128,78,55,119,87,23,120,24,100,102,122,60"/><U6/><E6/><V133/><F131/><W33/><G128/><T64/><D107/><U25/><E77/><V5/><F133/><W93/><G119/><T15/><D74/><U1/><E1/><V98/><F124/><W47/><G33/><T125/><D112/><U126/><E84/><V116/><F116/><W59/><G122/><T26/><D135/><U111/><E126/><V106/><F18/><W132/><G120/><T20/><D36/><U11/><E11/><V57/><F99/><W92/><G132/><T3/><D64/><U39/><E111/><V19/><F19/><W56/><G56/><T114/><D114/><U103/><E63/><V52/><F58/><W48/><G93/><T21/><D90/><U62/><E62/><V2/><F86/><W72/><G72/><T73/><D95/><AGARI ba="1,0" hai="2,5,8,40,42,51,52,57,85,88,95,98,101,106" machi="95" ten="30,8000,1" yaku="7,1,52,2,54,2" doraHai="37" who="2" fromWho="0" sc="280,-83,312,0,164,83,244,0" /><INIT seed="6,0,0,2,3,10" ten="197,312,247,244" oya="2" hai0="112,8,2,71,128,84,38,81,115,78,46,3,9" hai1="72,116,29,79,109,41,134,45,95,111,36,24,4" hai2="11,126,19,102,94,35,88,103,69,64,90,123,97" hai3="83,62,37,130,32,47,48,51,124,23,1,89,120"/><V133/><F35/><W34/><G1/><T26/><D71/><U131/><E116/><V52/><F123/><W135/><G120/><T68/><D68/><U61/><E61/><V18/><F133/><W77/><G135/><T75/><D26/><U17/><E134/><V14/><F126/><W91/><G124/><T13/><D128/><U129/><E17/><V22/><F103/><W30/><G37/><T119/><D75/><U101/><E4/><V117/><F117/><W20/><G130/><T21/><D119/><U85/><E85/><V15/><F52/><W93/><G62/><T92/><D92/><U107/><E95/><V7/><F64/><W0/><G0/><T53/><D21/><U65/><E65/><V44/><F69/><W73/><G91/><N who="2" m="34857" /><F44/><W31/><G34/><T110/><D8/><U49/><E101/><V12/><F12/><W59/><G59/><T60/><D60/><U122/><E122/><V76/><F76/><W113/><G51/><N who="0" m="28919" /><D38/><U28/><E49/><V50/><F50/><W132/><G132/><T27/><D27/><U63/><E63/><V67/><F67/><W106/><G32/><T16/><D110/><N who="1" m="41995" /><E107/><V87/><F87/><W121/><G106/><T86/><D86/><U25/><E25/><V42/><F42/><W118/><G121/><T127/><D127/><U43/><E43/><V57/><F57/><W70/><G70/><T80/><D80/><N who="1" m="45159" /><E24/><V104/><F104/><W55/><G118/><T100/><D100/><U99/><E131/><V98/><F98/><W125/><G125/><T74/><D74/><U66/><E129/><RYUUKYOKU ba="0,0" sc="197,15,312,-15,247,15,244,-15" hai0="2,3,9,13,16,78,81,84,112,115" hai2="7,11,14,15,18,19,22,94,97,102" /><INIT seed="6,1,0,5,3,9" ten="212,297,262,229" oya="2" hai0="15,83,8,12,123,131,130,90,46,120,44,106,40" hai1="43,73,82,70,28,69,62,23,121,88,66,114,22" hai2="33,122,117,85,56,42,52,103,79,102,37,16,87" hai3="1,98,24,91,119,89,26,67,125,4,64,94,93"/><V6/><F33/><W105/><G119/><T110/><D106/><U133/><E114/><V55/><F122/><N who="0" m="46634" /><D8/><U100/><E121/><V72/><F72/><W41/><G105/><T81/><D110/><U101/><E133/><V124/><F117/><W104/><G104/><T80/><D90/><U51/><E70/><V36/><F6/><W0/><G4/><T54/><D54/><U92/><E82/><V75/><F75/><W59/><G98/><T65/><D65/><U34/><E34/><V3/><F3/><W10/><G10/><T60/><D60/><U20/><E28/><V7/><F7/><W13/><G59/><T99/><D99/><U135/><E135/><V132/><F132/><W29/><G41/><T11/><D11/><U35/><E35/><V19/><F42/><W96/><G96/><T76/><D76/><U57/><E73/><V111/><F79/><W47/><G29/><T21/><D21/><U61/><E61/><V48/><F56/><W118/><G118/><T134/><D134/><U108/><E108/><V95/><F111/><W32/><G32/><T109/><D109/><U128/><E69/><V112/><F95/><W39/><G47/><N who="0" m="17963" /><D40/><U84/><E43/><V63/><F63/><W74/><G74/><T116/><D116/><U30/><E51/><V38/><F38/><W53/><G53/><T68/><D68/><U17/><E62/><V25/><F37/><W45/><G45/><T2/><D2/><U49/><E49/><V129/><F48/><W31/><G39/><T58/><D58/><U86/><E57/><V115/><F36/><RYUUKYOKU ba="1,0" sc="212,30,297,-10,262,-10,229,-10" hai0="12,15,80,81,83,130,131" /><INIT seed="7,2,0,3,5,31" ten="242,287,252,219" oya="3" hai0="116,23,126,13,37,68,96,4,100,99,122,45,84" hai1="10,56,125,130,48,134,111,0,123,81,106,53,9" hai2="32,5,124,44,2,36,102,50,66,80,8,118,101" hai3="14,7,51,27,82,3,79,112,46,17,55,59,73"/><W39/><G112/><T15/><D116/><U64/><E123/><V57/><F124/><W33/><G3/><T92/><D122/><U117/><E111/><V90/><F36/><W104/><G104/><T11/><D68/><U60/><E106/><V119/><F102/><W42/><G7/><T120/><D126/><U47/><E125/><V115/><F101/><W88/><G88/><N who="0" m="53255" /><D37/><U105/><E105/><V58/><F115/><W121/><G121/><T133/><D133/><U91/><E0/><V35/><F58/><W78/><G78/><T107/><D107/><U62/><E134/><V98/><F118/><W16/><REACH who="3" step="1"/><G14/><REACH who="3" ten="242,287,252,209" step="2"/><T108/><D120/><U94/><E91/><V41/><F119/><W97/><G97/><T114/><D114/><U54/><E117/><V113/><F113/><W21/><G21/><T128/><D108/><U75/><E94/><V26/><F98/><W24/><G24/><T6/><D100/><U70/><E9/><V103/><F26/><W29/><AGARI ba="2,1" hai="16,17,27,29,33,39,42,46,51,55,59,73,79,82" machi="29" ten="30,11700,0" yaku="1,1,0,1,52,1,54,1,53,0" doraHai="31" doraHaiUra="86" who="3" fromWho="3" sc="242,-41,287,-41,252,-41,209,133" owari="201,-29.9,246,4.6,211,-18.9,342,44.2" /></mjloggm>