<mjloggm ver="2.3"><GO type="169" lobby="0"/><UN n0="%48%61%6C%66%73" n1="%E3%81%95%E3%81%8F%E3%82%88%E3%81%93%E3%81%A1%E3%82%83%E3%82%93" n2="%E3%81%9D%E3%82%93%E3%81%97%E6%A7%98" n3="%73%69%65%72%61%34%30%31" dan="17,16,17,16" rate="2173.28,2035.91,2216.46,2224.09" sx="M,M,M,F"/><TAIKYOKU oya="0"/><INIT seed="0,0,0,4,5,7" ten="250,250,250,250" oya="0" hai0="93,20,48,87,89,9,6,72,79,92,41,68,37" hai1="102,109,127,11,56,96,120,124,32,94,22,103,91" hai2="31,73,74,14,12,108,100,99,15,135,77,4,125" hai3="1,97,54,44,78,17,21,60,105,42,38,46,52"/><T122/><D122/><U43/><E32/><V16/><F108/><W24/><G1/><T62/><D37/><U25/><E109/><V34/><F135/><W67/><G78/><T36/><D36/><U40/><E120/><V133/><F133/><W84/><G84/><T71/><D92/><U69/><E69/><V35/><F125/><N who="1" m="48201" /><E56/><V51/><F35/><W111/><G111/><T86/><D62/><U95/><E11/><V107/><F4/><W39/><G97/><T59/><D20/><U64/><E64/><V118/><F118/><W47/><G105/><T121/><D72/><U13/><E13/><V65/><F65/><W3/><G3/><T49/><D121/><U106/><E95/><V81/><F74/><W27/><G27/><T23/><D23/><U132/><E132/><V61/><F61/><W128/><G128/><T45/><D49/><U123/><E123/><V63/><F63/><W57/><REACH who="3" step="1"/><G46/><REACH who="3" ten="250,250,250,240" step="2"/><T83/><REACH who="0" step="1"/><D59/><REACH who="0" ten="240,250,250,240" step="2"/><U101/><E106/><V119/><F107/><W130/><G130/><T134/><D134/><U55/><E25/><V104/><F104/><W50/><G50/><T80/><D80/><U113/><E96/><V90/><F99/><W116/><G116/><T129/><D129/><U66/><E94/><V28/><F119/><W110/><G110/><T115/><D115/><U131/><E113/><V29/><F51/><W112/><G112/><T58/><D58/><U85/><E131/><V26/><F81/><W88/><G88/><T70/><D70/><U33/><E91/><V75/><F90/><W117/><G117/><T0/><AGARI ba="0,2" hai="0,6,9,41,45,48,68,71,79,83,86,87,89,93" machi="0" ten="20,12000,1" yaku="1,1,5,1,0,1,7,1,52,1,53,0" doraHai="7" doraHaiUra="114" who="0" fromWho="0" sc="240,140,250,-40,250,-40,240,-40" /><INIT seed="0,1,0,5,0,72" ten="380,210,210,200" oya="0" hai0="53,57,45,124,109,110,94,134,85,49,29,79,1" hai1="42,104,121,62,11,17,69,3,26,112,100,84,101" hai2="67,40,102,4,58,70,9,99,8,87,39,93,27" hai3="44,75,37,38,131,116,74,108,86,0,24,89,120"/><T107/><D107/><U95/><E121/><V41/><F70/><W135/><G116/><T88/><D1/><U133/><E104/><V83/><F27/><W28/><G0/><T73/><D124/><U47/><E133/><V19/><F39/><W91/><G108/><N who="0" m="41579" /><D134/><U97/><E101/><V43/><F19/><W98/><G131/><T48/><D29/><U12/><E112/><V130/><F130/><W35/><G120/><T118/><D118/><U65/><E3/><V96/><F96/><W23/><G135/><T55/><D73/><U2/><E2/><V7/><F58/><W25/><G75/><T105/><D105/><U82/><E26/><V33/><F67/><W36/><G74/><T76/><AGARI ba="1,0" hai="45,48,49,53,55,57,76,79,85,88,94" m="41579" machi="76" ten="30,12000,1" yaku="14,1,10,1,52,2,54,1" doraHai="72" who="0" fromWho="0" sc="380,123,210,-41,210,-41,200,-41" /><INIT seed="0,2,0,4,3,109" ten="503,169,169,159" oya="0" hai0="58,133,120,104,128,5,44,31,131,45,126,99,108" hai1="4,49,2,116,56,62,18,80,65,61,102,15,134" hai2="22,23,47,7,3,42,77,73,112,103,75,41,78" hai3="118,48,51,9,97,88,74,76,70,13,17,57,59"/><T64/><D120/><U54/><E134/><V125/><F103/><W117/><G70/><T19/><D5/><U46/><E116/><V39/><F125/><W0/><G0/><T89/><D133/><U81/><E2/><V28/><F28/><W1/><G1/><T96/><D31/><U101/><E4/><V66/><F66/><W92/><G74/><T24/><D108/><U106/><E106/><V68/><F68/><W79/><G117/><T34/><D19/><U132/><E132/><V105/><F105/><W107/><G107/><T91/><D58/><N who="3" m="22025" /><G118/><T38/><D24/><U25/><E25/><V95/><F3/><W37/><G37/><T114/><D64/><U67/><E62/><V32/><F32/><W113/><G113/><T110/><D114/><U6/><E6/><V111/><F7/><W10/><G9/><T26/><D26/><U135/><E67/><V55/><F111/><W16/><G17/><T40/><D126/><U50/><E50/><AGARI ba="2,0" hai="10,13,16,48,50,51,76,79,88,92,97" m="22025" machi="50" ten="30,3900,0" yaku="8,1,54,2" doraHai="109" who="3" fromWho="1" sc="503,0,169,-45,169,0,159,45" /><INIT seed="1,0,0,1,5,85" ten="503,124,169,204" oya="1" hai0="66,100,63,105,86,41,124,76,118,130,43,3,26" hai1="49,64,77,108,120,106,20,98,11,68,75,19,90" hai2="115,51,13,37,4,59,96,14,54,83,110,88,45" hai3="48,69,7,44,78,39,9,18,127,67,55,135,102"/><U131/><E120/><V95/><F110/><W29/><G127/><T52/><D3/><U112/><E112/><V60/><F115/><W16/><G135/><T79/><D100/><U2/><E108/><V10/><F37/><W33/><G102/><T111/><D105/><U47/><E131/><V84/><F14/><W134/><G134/><T133/><D41/><U93/><E106/><V56/><F60/><W61/><G78/><AGARI ba="0,0" hai="4,10,13,45,51,54,56,59,78,83,84,88,95,96" machi="78" ten="30,7700,0" yaku="7,1,8,1,52,1,54,1" doraHai="85" who="2" fromWho="3" sc="503,0,124,0,169,77,204,-77" /><INIT seed="2,0,0,0,0,109" ten="503,124,246,127" oya="2" hai0="11,98,46,6,83,78,88,3,21,77,20,115,99" hai1="117,57,96,86,33,4,93,24,75,131,70,101,64" hai2="39,127,103,54,85,132,51,114,48,47,112,76,97" hai3="82,81,69,1,55,90,22,134,74,49,2,35,34"/><V8/><F39/><W26/><G69/><T133/><D115/><U36/><E36/><V108/><F108/><W12/><G134/><T61/><D133/><U100/><E117/><V50/><F132/><W116/><G116/><T102/><D77/><U27/><E75/><V91/><F127/><W95/><G12/><T124/><D124/><U111/><E111/><V123/><F76/><W65/><G65/><T119/><D119/><U89/><E70/><V125/><F123/><W72/><G72/><T5/><D5/><U121/><E121/><V67/><F67/><W17/><G34/><T122/><D61/><N who="1" m="37935" /><E33/><V68/><F68/><W45/><G35/><T18/><D46/><U13/><E131/><V104/><F125/><W32/><G32/><T7/><D98/><U58/><E58/><V23/><F23/><W62/><G62/><T37/><D18/><U60/><E60/><V118/><F118/><W120/><G120/><T40/><D102/><N who="1" m="39531" /><E96/><V31/><F31/><W126/><G126/><T128/><D20/><U105/><E105/><V63/><F8/><AGARI ba="0,0" hai="4,8,13,24,27,86,89,93" m="39531,37935" machi="8" ten="30,1000,0" yaku="8,1" doraHai="109" who="1" fromWho="2" sc="503,0,124,10,246,-10,127,0" /><INIT seed="3,0,0,1,3,101" ten="503,134,236,127" oya="3" hai0="115,46,42,30,132,123,37,112,17,131,102,40,3" hai1="54,69,66,86,126,44,114,50,20,10,43,95,21" hai2="125,71,65,15,113,28,77,82,22,98,120,60,135" hai3="38,57,89,4,2,47,74,31,25,75,73,83,7"/><W12/><G2/><T5/><D30/><U104/><E104/><V133/><F113/><W85/><G57/><T52/><D102/><U8/><E114/><V35/><F125/><W48/><G38/><T127/><D123/><U0/><E126/><V100/><F120/><W36/><G36/><T94/><D40/><U122/><E122/><V121/><F121/><W108/><G12/><T23/><D52/><U18/><E0/><V97/><F97/><W33/><REACH who="3" step="1"/><G108/><REACH who="3" ten="503,134,236,117" step="2"/><T29/><D37/><U62/><E69/><V41/><F15/><W27/><G27/><T49/><D3/><U1/><E1/><V80/><F71/><W6/><G6/><T99/><D5/><U90/><E44/><V76/><F135/><W91/><G91/><T116/><D132/><U129/><E90/><V130/><F133/><W79/><G79/><T72/><D46/><U53/><E129/><V14/><F77/><W107/><G107/><T61/><D131/><U88/><E88/><V63/><F76/><W70/><G70/><T55/><D115/><U56/><E56/><V68/><F68/><W19/><G19/><T84/><D17/><U51/><E18/><V45/><F14/><W64/><G64/><T134/><D112/><U111/><E66/><V93/><F65/><W13/><G13/><T16/><D16/><U26/><E26/><V39/><F130/><W128/><G128/><T78/><D78/><U87/><E111/><V103/><F39/><W34/><G34/><T67/><D67/><U58/><E58/><V24/><F35/><W105/><G105/><T106/><D134/><RYUUKYOKU ba="0,1" sc="503,-10,134,-10,236,-10,117,30" hai3="4,7,25,31,33,47,48,73,74,75,83,85,89" /><INIT seed="3,1,1,4,1,48" ten="493,124,226,147" oya="3" hai0="1,73,77,101,47,100,98,15,41,55,13,17,107" hai1="42,126,78,21,83,120,34,103,56,51,125,116,31" hai2="64,33,70,93,108,20,76,121,112,22,131,60,30" hai3="59,63,97,96,35,135,95,74,25,122,49,61,18"/><W90/><G122/><T67/><D101/><U81/><E116/><V43/><F108/><W133/><G49/><T26/><D67/><U40/><E120/><V65/><F112/><W87/><G74/><T28/><D17/><U79/><E34/><V114/><F114/><W23/><G35/><T46/><D1/><U102/><E31/><V14/><F65/><W58/><G133/><T6/><D77/><U127/><E21/><V12/><F22/><W4/><G4/><T99/><D99/><U27/><E27/><V68/><F20/><W38/><G38/><T19/><D19/><U94/><E94/><V130/><F93/><W104/><G104/><T75/><D26/><U37/><E51/><V132/><F132/><W86/><G135/><T32/><D32/><U44/><E56/><V3/><F70/><W80/><G59/><T24/><D6/><U9/><E9/><V66/><F68/><W36/><G36/><T53/><D107/><U92/><E92/><V89/><F33/><W2/><G2/><T110/><D75/><N who="1" m="43231" /><E42/><V106/><F43/><W111/><G111/><T134/><D110/><U105/><E105/><V88/><F106/><W39/><G39/><T5/><D5/><U128/><E128/><V71/><F71/><W10/><G10/><T82/><D73/><AGARI ba="1,1" hai="37,40,44,73,79,83,102,103,125,126,127" m="43231" machi="73" ten="30,1000,0" yaku="18,1" doraHai="48" who="1" fromWho="0" sc="493,-13,124,23,226,0,147,0" /><INIT seed="4,0,0,1,4,100" ten="480,147,226,147" oya="0" hai0="71,116,66,15,61,126,103,11,12,104,8,82,56" hai1="93,49,52,83,48,39,31,67,94,19,42,107,110" hai2="63,131,2,34,29,16,13,98,121,111,112,5,78" hai3="123,51,25,17,30,79,58,3,102,22,125,124,43"/><T95/><D104/><U85/><E110/><V90/><F121/><W21/><G3/><T27/><D126/><U70/><E107/><V6/><F111/><W88/><G79/><T36/><D36/><U4/><E39/><V60/><F112/><W59/><G102/><T114/><D116/><U134/><E4/><V45/><F78/><W105/><G105/><T122/><D82/><U133/><E31/><V117/><F131/><W75/><G75/><T46/><D46/><N who="1" m="25687" /><E19/><V9/><F6/><W57/><G123/><T33/><D27/><U97/><E97/><V118/><F45/><W127/><G43/><T72/><D11/><U130/><E67/><V20/><F90/><W109/><G109/><T76/><D76/><N who="1" m="46311" /><E70/><V18/><F98/><W32/><G51/><T62/><D8/><U47/><E130/><V44/><F18/><W28/><G28/><T108/><D72/><U120/><E120/><V50/><F29/><W23/><REACH who="3" step="1"/><G88/><REACH who="3" ten="480,147,226,137" step="2"/><T38/><D103/><U99/><E99/><V10/><F2/><W26/><AGARI ba="0,1" hai="17,21,22,23,25,26,30,32,57,58,59,124,125,127" machi="26" ten="40,8000,1" yaku="1,1,2,1,0,1,18,1,53,0" doraHai="100" doraHaiUra="35" who="3" fromWho="3" sc="480,-40,147,-20,226,-20,137,90" /><INIT seed="5,0,0,2,2,44" ten="440,127,206,227" oya="1" hai0="100,65,50,61,42,74,111,114,134,17,131,8,115" hai1="39,5,49,98,132,66,24,53,117,45,96,127,121" hai2="97,41,27,68,18,56,16,125,40,108,9,60,58" hai3="71,20,2,57,102,110,93,73,4,86,1,87,7"/><U101/><E117/><V133/><F108/><W13/><G110/><T31/><D74/><U48/><E121/><V99/><F68/><W11/><G73/><T43/><D31/><U51/><E127/><V94/><F133/><W129/><G71/><T59/><D134/><U112/><E132/><V38/><F38/><W28/><G129/><T22/><D131/><U25/><E112/><V10/><F125/><W21/><G57/><N who="2" m="22121" /><F60/><W33/><G102/><T95/><D8/><N who="2" m="3178" /><F27/><N who="1" m="10313" /><E39/><V130/><F130/><W119/><G11/><T116/><D116/><U29/><E29/><V106/><F106/><W91/><G28/><T62/><D61/><U32/><E32/><V120/><F120/><W72/><G72/><T124/><D62/><U55/><E5/><V63/><F63/><W80/><G33/><T0/><D124/><U84/><E66/><V15/><F15/><W82/><G13/><T109/><D65/><U34/><E34/><V79/><F79/><W90/><G119/><T46/><D114/><U78/><E101/><N who="2" m="60599" /><F99/><N who="1" m="37929" /><E55/><V135/><F135/><W64/><G64/><T122/><D115/><U81/><AGARI ba="0,0" hai="45,48,49,51,53,78,81,84" m="37929,10313" machi="81" ten="30,11700,0" yaku="8,1,52,3" doraHai="44" who="1" fromWho="1" sc="440,-39,127,117,206,-39,227,-39" /><INIT seed="5,1,0,0,0,116" ten="401,244,167,188" oya="1" hai0="59,104,63,30,10,99,92,119,33,125,34,111,60" hai1="12,114,7,38,9,135,55,90,126,45,93,115,46" hai2="76,129,57,132,21,15,127,68,36,112,98,64,75" hai3="97,16,131,120,67,49,43,71,19,77,107,37,20"/><U105/><E105/><V39/><F68/><W91/><G131/><T11/><D111/><U41/><E126/><V100/><F129/><W113/><G37/><T96/><D119/><U85/><E135/><V121/><F121/><W40/><G113/><N who="1" m="43018" /><E46/><V110/><F110/><W50/><G77/><T2/><D2/><U56/><E56/><V13/><F132/><W42/><G120/><T122/><D122/><U84/><E55/><V66/><F127/><W83/><G107/><T101/><D59/><U44/><E44/><V88/><F112/><W102/><G102/><T8/><D125/><U134/><E134/><V47/><F100/><W73/><G73/><T58/><D58/><U124/><E124/><V62/><F66/><W117/><G117/><T128/><D128/><U106/><E106/><V48/><F39/><W0/><G0/><T6/><D101/><U26/><E26/><V109/><F109/><W28/><G67/><T72/><D104/><U78/><E78/><V89/><F36/><W18/><G71/><T94/><D72/><U27/><E27/><V123/><F123/><W70/><G70/><T69/><D69/><U80/><E80/><V95/><F76/><W22/><G83/><T130/><D130/><U24/><E24/><V133/><F75/><W74/><G74/><T81/><D81/><U32/><E32/><V25/><F133/><W23/><G28/><T29/><D33/><U17/><E85/><V5/><F64/><W87/><G87/><T118/><D34/><U52/><E52/><V51/><F48/><W14/><G14/><T54/><D118/><RYUUKYOKU ba="1,0" sc="401,-15,244,15,167,-15,188,15" hai1="7,9,12,17,38,41,45,84,90,93" hai3="16,18,19,20,22,23,40,42,43,49,50,91,97" /><INIT seed="5,2,0,1,0,32" ten="386,259,152,203" oya="1" hai0="61,135,127,98,67,117,50,70,121,80,14,15,125" hai1="3,83,91,20,6,57,124,131,58,28,2,30,79" hai2="49,11,16,84,39,130,47,123,129,45,90,22,82" hai3="10,25,89,86,34,1,96,33,108,42,26,110,85"/><U60/><E131/><V68/><F123/><W106/><G42/><T62/><D117/><U126/><E91/><V103/><F68/><W100/><G86/><T41/><D135/><U31/><E20/><V112/><F103/><W38/><G38/><T114/><D114/><U63/><E6/><V133/><F133/><W111/><G33/><T105/><D62/><U122/><E122/><V119/><F119/><W88/><G34/><T27/><D80/><U116/><E116/><V76/><F112/><W64/><G64/><T13/><D27/><U72/><E63/><V35/><F35/><W8/><G89/><T7/><D121/><U44/><E44/><V51/><F11/><W0/><G10/><T115/><D7/><U66/><REACH who="1" step="1"/><E57/><REACH who="1" ten="386,249,152,203" step="2"/><V9/><F90/><W18/><G8/><T5/><D5/><U37/><E37/><V55/><F9/><W102/><G102/><T71/><D61/><U81/><E81/><V46/><F39/><W21/><REACH who="3" step="1"/><G25/><REACH who="3" ten="386,249,152,193" step="2"/><T75/><D14/><U12/><E12/><N who="2" m="9479" /><F130/><W56/><G56/><T78/><D13/><U95/><E95/><AGARI ba="2,2" hai="0,1,18,21,26,85,88,95,96,100,106,108,110,111" machi="95" ten="40,8000,1" yaku="1,1,52,2,54,1,53,1" doraHai="32" doraHaiUra="97" who="3" fromWho="1" sc="386,0,249,-86,152,0,193,106" /><INIT seed="6,0,0,1,3,19" ten="386,163,152,299" oya="2" hai0="101,134,114,129,44,58,89,62,91,28,125,85,13" hai1="7,12,42,11,119,48,25,88,56,83,124,118,31" hai2="4,50,116,8,29,61,76,6,80,123,59,37,128" hai3="3,81,127,57,60,43,40,92,97,110,46,32,36"/><V104/><F123/><W86/><G110/><T115/><D125/><U133/><E124/><V75/><F116/><W96/><G127/><T105/><D129/><U66/><E133/><V126/><F126/><W132/><G132/><T17/><D28/><U35/><E66/><V84/><F128/><W5/><G32/><T14/><D14/><U2/><E2/><V98/><F37/><W20/><G40/><T108/><D108/><U72/><E72/><V53/><F29/><W94/><G5/><T47/><D101/><U112/><E112/><N who="0" m="43049" /><D105/><U113/><E113/><V45/><F75/><W63/><G3/><T79/><D79/><U87/><REACH who="1" step="1"/><E56/><REACH who="1" ten="386,153,152,299" step="2"/><V15/><F104/><W55/><G57/><T38/><D58/><U64/><E64/><V95/><F6/><W69/><G69/><T73/><D73/><U131/><E131/><V18/><F4/><W16/><G60/><T78/><D62/><U82/><E82/><V122/><F122/><W120/><G63/><T39/><D134/><U34/><E34/><V0/><F0/><W1/><G81/><T130/><D130/><U121/><E121/><V90/><F61/><W51/><G1/><T77/><D38/><U106/><E106/><V109/><F109/><W93/><G120/><T26/><D39/><U22/><E22/><V21/><F59/><W24/><G36/><T10/><D10/><AGARI ba="0,1" hai="8,10,15,18,21,45,50,53,76,80,84,90,95,98" machi="10" ten="40,3900,0" yaku="8,1,52,1" doraHai="19" who="2" fromWho="0" sc="386,-39,153,0,152,49,299,0" /><INIT seed="6,1,0,0,1,48" ten="347,153,201,299" oya="2" hai0="131,75,127,22,125,36,94,15,33,5,124,73,101" hai1="104,133,24,76,56,64,39,107,90,62,12,72,20" hai2="26,102,23,123,114,37,109,130,115,10,85,43,128" hai3="80,46,79,40,38,98,18,135,31,28,6,120,65"/><V88/><F123/><W7/><G120/><T96/><D33/><U106/><E39/><V69/><F69/><W89/><G135/><T93/><D36/><U19/><E133/><V14/><F102/><W92/><G65/><T59/><D131/><N who="2" m="50218" /><F109/><W0/><G18/><N who="0" m="10591" /><D5/><U112/><E112/><N who="2" m="43051" /><F43/><W13/><G13/><T119/><D119/><U1/><E1/><V2/><F37/><W3/><G7/><T91/><D59/><U63/><E90/><V68/><F68/><W110/><G0/><T45/><D45/><U81/><E12/><V32/><F32/><W55/><G110/><T61/><D61/><U25/><E25/><V66/><F66/><W4/><G4/><T126/><D126/><U21/><E21/><V113/><F113/><W16/><G6/><T83/><D83/><U49/><REACH who="1" step="1"/><E64/><REACH who="1" ten="347,143,201,299" step="2"/><V108/><F108/><W58/><G3/><T60/><D91/><U121/><E121/><V11/><F14/><W52/><G38/><T78/><D124/><U42/><E42/><V132/><F132/><W29/><G40/><T77/><D125/><U97/><E97/><V41/><F41/><W47/><G98/><T105/><D96/><U51/><E51/><V71/><F2/><W99/><G99/><T111/><D111/><U117/><E117/><V116/><F116/><W44/><G89/><T17/><D127/><U95/><E95/><N who="2" m="54671" /><F71/><W67/><G67/><T87/><D101/><U74/><E74/><V103/><F103/><W30/><G92/><T9/><D93/><U8/><E8/><V34/><F34/><W57/><G80/><N who="0" m="47511" /><D94/><U122/><E122/><RYUUKYOKU ba="1,1" sc="347,-15,143,15,201,15,299,-15" hai1="19,20,24,49,56,62,63,72,76,81,104,106,107" hai2="10,11,23,26" /><INIT seed="6,2,1,1,4,128" ten="332,158,216,284" oya="2" hai0="12,78,35,112,103,102,108,61,81,7,55,54,126" hai1="116,123,8,57,76,16,68,43,80,4,135,79,46" hai2="27,96,15,9,22,89,97,94,66,3,65,122,20" hai3="23,119,28,111,17,11,115,47,56,125,100,37,90"/><V107/><F122/><W88/><G119/><T113/><D108/><U40/><E116/><V63/><F3/><W95/><G111/><T34/><D12/><U38/><E68/><V29/><F22/><W59/><G125/><T77/><D7/><U13/><E123/><V85/><F107/><W44/><G37/><T19/><D19/><U70/><E70/><V10/><F10/><W99/><G115/><T92/><D92/><U71/><E71/><V75/><F75/><W1/><G28/><T5/><D5/><U110/><E110/><V98/><REACH who="2" step="1"/><F63/><REACH who="2" ten="332,158,206,284" step="2"/><W39/><G11/><T18/><D61/><U121/><E121/><V0/><F0/><W69/><G1/><T114/><D114/><U106/><E106/><V134/><F134/><W25/><G23/><T84/><D112/><U129/><E135/><V86/><F86/><W31/><G31/><T36/><D84/><U14/><E129/><V130/><F130/><W101/><G99/><T127/><D113/><U109/><E109/><V74/><F74/><W41/><G25/><T91/><D126/><U73/><E79/><V62/><F62/><W49/><G17/><AGARI ba="2,2" hai="9,15,17,20,27,29,65,66,85,89,94,96,97,98" machi="17" ten="40,3900,0" yaku="1,1,8,1,53,0" doraHai="128" doraHaiUra="30" who="2" fromWho="3" sc="332,0,158,0,206,65,284,-45" /><INIT seed="6,3,0,2,5,127" ten="332,158,271,239" oya="2" hai0="14,95,62,37,101,4,54,82,106,64,49,59,45" hai1="92,103,94,76,135,78,79,19,72,102,31,115,8" hai2="0,66,33,99,6,60,81,67,44,89,74,1,11" hai3="58,130,87,110,68,116,88,42,119,48,75,13,114"/><V80/><F33/><W69/><G110/><T38/><D106/><U83/><E31/><V124/><F124/><W24/><G75/><T100/><D82/><N who="1" m="45319" /><E19/><V126/><F126/><W25/><G68/><T56/><D37/><U111/><E8/><V73/><F67/><W23/><G69/><T9/><D95/><N who="1" m="36395" /><E111/><V77/><F1/><W93/><G13/><T118/><D118/><U65/><E65/><V27/><F27/><W123/><G23/><T97/><D97/><U113/><E135/><V132/><F132/><W107/><G24/><T70/><D56/><U30/><E30/><V63/><F66/><W84/><G58/><T125/><D125/><U128/><E128/><V53/><F99/><W29/><G25/><T46/><D46/><U39/><E39/><V28/><F28/><W5/><G29/><T131/><D131/><U129/><E129/><V7/><F7/><W122/><G5/><T121/><D38/><U20/><E20/><V117/><F44/><W112/><G130/><T40/><D70/><U98/><E79/><V61/><F53/><W108/><G42/><T36/><D64/><U47/><E47/><V51/><F51/><W10/><G48/><T109/><D109/><U21/><E21/><V55/><F55/><W18/><G108/><T26/><D26/><U104/><E103/><V3/><F3/><W96/><G10/><T120/><D36/><U133/><E133/><V91/><F117/><W12/><G116/><T32/><D32/><U43/><E43/><V90/><F77/><W134/><G119/><T52/><D40/><U41/><E41/><RYUUKYOKU ba="3,0" sc="332,10,158,10,271,10,239,-30" hai0="4,9,14,45,49,52,54,59,62,100,101,120,121" hai1="78,83,98,102,104,113,115" hai2="0,6,11,60,61,63,73,74,80,81,89,90,91" /><INIT seed="6,4,0,4,5,118" ten="342,168,281,209" oya="2" hai0="38,60,41,35,130,66,91,48,33,80,51,127,67" hai1="20,93,64,89,58,10,45,75,54,97,90,88,9" hai2="104,44,61,8,57,6,116,53,132,27,112,7,46" hai3="39,22,30,21,28,95,23,106,122,68,18,17,117"/><V111/><F112/><W74/><G106/><T56/><D127/><U77/><E75/><V50/><F116/><W19/><G39/><T63/><D130/><U82/><E64/><V55/><F132/><W126/><G74/><T103/><D103/><U42/><E20/><V16/><F104/><W115/><G68/><T76/><D91/><N who="1" m="34827" /><E77/><V37/><F111/><W2/><G117/><T49/><D38/><U11/><E82/><V135/><F135/><W114/><G95/><T110/><D41/><U43/><E45/><V99/><F99/><W32/><G126/><T24/><D24/><U98/><E98/><V102/><F102/><W69/><G69/><T108/><D110/><U129/><E129/><V15/><F37/><W36/><G36/><T96/><D96/><U34/><E34/><V109/><F109/><W78/><G78/><T26/><D26/><U29/><E29/><N who="3" m="11370" /><G32/><T133/><D133/><U131/><E131/><V13/><F27/><W1/><G122/><T0/><D108/><U31/><E31/><V105/><F105/><W134/><G134/><T128/><D128/><U121/><E121/><V86/><F86/><W79/><G79/><T113/><D113/><AGARI ba="4,0" hai="1,2,17,18,19,21,22,23,113,114,115" m="11370" machi="113" ten="40,12000,2" yaku="28,2,15,1,11,1,34,2" doraHai="118" who="3" fromWho="0" sc="342,-132,168,0,281,0,209,132" /><INIT seed="7,0,0,3,4,72" ten="210,168,281,341" oya="3" hai0="61,127,53,48,36,39,22,91,16,84,34,97,67" hai1="115,121,99,105,35,112,73,17,62,79,92,104,109" hai2="9,134,94,13,88,120,19,76,87,64,28,29,18" hai3="119,58,126,25,52,27,118,130,100,108,8,116,106"/><W59/><G126/><T20/><D97/><U107/><E35/><V69/><F134/><W98/><G130/><T2/><D2/><U68/><E109/><V113/><F113/><N who="1" m="43593" /><E68/><V14/><F120/><W7/><G108/><T6/><D6/><U70/><E70/><V51/><F69/><W80/><G80/><T49/><D34/><U86/><E62/><V77/><F64/><W83/><G83/><T26/><D22/><U128/><E17/><V57/><F57/><W21/><G21/><T90/><D127/><U23/><E23/><N who="2" m="11727" /><F51/><W102/><G102/><T32/><D49/><U125/><E125/><V15/><F15/><W89/><G89/><T56/><D32/><U50/><E50/><V66/><F66/><W95/><G106/><T111/><D111/><U117/><E128/><V30/><AGARI ba="0,0" hai="9,14,19,28,29,30,76,77,87,88,94" m="11727" machi="30" ten="30,7900,0" yaku="8,1,52,2,54,1" doraHai="72" who="2" fromWho="2" sc="210,-20,168,-20,281,79,341,-39" owari="190,-21.0,148,-35.2,360,46.0,302,10.2" /></mjloggm>