<mjloggm ver="2.3"><GO type="169" lobby="0"/><UN n0="%E5%BA%84%E5%8F%B8%E5%81%A5%E5%A4%AA%E6%9C%97" n1="%E3%81%86%E3%81%83%E3%82%93%E3%81%A7%E3%81%83" n2="%E3%83%8F%E3%82%BF%E3%83%A2%E3%83%88%E3%83%92%E3%83%AD" n3="%6C%6E%61%69" dan="16,18,16,16" rate="2051.24,2210.83,2151.44,2046.97" sx="M,M,M,M"/><TAIKYOKU oya="0"/><INIT seed="0,0,0,0,5,109" ten="250,250,250,250" oya="0" hai0="80,40,57,23,42,75,114,92,132,116,66,51,101" hai1="5,54,25,113,43,2,30,55,18,34,127,122,53" hai2="7,106,27,78,32,3,36,14,39,58,33,61,74" hai3="83,134,63,65,50,81,123,128,4,129,21,73,22"/><T99/><D116/><U56/><E122/><V77/><F106/><W88/><G123/><T28/><D132/><U125/><E43/><V45/><F14/><W13/><G134/><T86/><D75/><U82/><E18/><V0/><F0/><W1/><G1/><T89/><D114/><U12/><E2/><V94/><F94/><W20/><G50/><T79/><D79/><U105/><E105/><V9/><F78/><W48/><G48/><T102/><D101/><U117/><E117/><V84/><F84/><W19/><G4/><T119/><D119/><U115/><E82/><N who="3" m="31242" /><G88/><T72/><D72/><U8/><E56/><V68/><F68/><W64/><G73/><T26/><D51/><U120/><E120/><V60/><F77/><W131/><G63/><AGARI ba="0,0" hai="23,26,28,40,42,57,63,66,80,86,89,92,99,102" machi="63" ten="40,7700,0" yaku="25,2,8,1" doraHai="109" who="0" fromWho="3" sc="250,77,250,0,250,0,250,-77" /><INIT seed="0,1,0,5,1,102" ten="327,250,250,173" oya="0" hai0="54,55,133,92,110,88,129,47,108,38,126,101,39" hai1="16,89,61,71,22,43,0,33,5,53,99,130,98" hai2="10,21,113,123,27,14,104,118,41,13,121,23,124" hai3="75,19,68,48,86,65,85,6,49,100,70,132,29"/><T69/><D101/><U94/><E33/><V11/><F41/><W95/><G75/><T4/><D126/><U9/><E130/><V131/><F104/><W51/><G132/><T30/><D69/><U40/><E98/><V119/><F131/><W111/><G111/><N who="0" m="42539" /><D129/><U32/><E32/><V64/><F64/><W37/><G37/><N who="0" m="13835" /><D133/><U80/><E80/><V12/><F12/><W76/><G29/><T46/><D30/><U96/><E96/><V7/><F27/><W116/><G116/><T122/><D122/><U127/><E127/><V66/><F66/><W135/><G135/><T44/><D4/><U50/><E71/><V97/><F97/><AGARI ba="1,0" hai="44,46,47,54,55,88,92,97" m="13835,42539" machi="97" ten="40,7700,0" yaku="14,1,10,1,54,1" doraHai="102" who="0" fromWho="2" sc="327,80,250,0,250,-80,173,0" /><INIT seed="0,2,0,1,0,125" ten="407,250,170,173" oya="0" hai0="43,99,49,122,134,93,32,2,104,0,98,132,52" hai1="25,40,54,27,18,9,80,30,120,121,102,83,17" hai2="82,64,37,131,65,85,78,100,86,92,118,24,81" hai3="107,133,21,12,67,116,84,6,108,91,22,3,89"/><T90/><D122/><U128/><E40/><V39/><F118/><W79/><G116/><T117/><D32/><U26/><E30/><V19/><F100/><W34/><G107/><T66/><D43/><U41/><E41/><V110/><F92/><W70/><G34/><T62/><D117/><U94/><E54/><V71/><F110/><W28/><G108/><T74/><D74/><U38/><E38/><V48/><F71/><W35/><G3/><T135/><D99/><U23/><E9/><V87/><F87/><W103/><G103/><T130/><D130/><U114/><E114/><V129/><F48/><W44/><G133/><T76/><D76/><U111/><E111/><V13/><F24/><W72/><G72/><T15/><D15/><U96/><E128/><N who="2" m="49227" /><F37/><W61/><G84/><T57/><REACH who="0" step="1"/><D104/><REACH who="0" ten="397,250,170,173" step="2"/><U105/><E105/><V16/><F39/><W33/><G33/><T63/><D63/><U124/><E121/><V1/><F1/><W75/><G35/><T101/><D101/><U126/><E120/><V112/><F112/><W58/><G61/><T59/><AGARI ba="2,1" hai="0,2,49,52,57,59,62,66,90,93,98,132,134,135" machi="59" ten="30,11700,0" yaku="1,1,0,1,20,1,54,1,53,0" doraHai="125" doraHaiUra="113" who="0" fromWho="0" sc="397,133,250,-41,170,-41,173,-41" /><INIT seed="0,3,0,0,0,48" ten="530,209,129,132" oya="0" hai0="115,34,122,84,11,67,65,50,66,32,123,25,77" hai1="107,14,80,33,74,68,83,12,60,129,59,121,93" hai2="18,134,124,85,87,46,120,91,117,94,106,112,53" hai3="72,101,61,1,42,49,118,64,15,51,128,76,44"/><T86/><D115/><U55/><E107/><V105/><F112/><W22/><G118/><T37/><D37/><U75/><E121/><V114/><F114/><W28/><G128/><T79/><D11/><U16/><E33/><V3/><F120/><W17/><G1/><T54/><BYE who="3" /><D67/><UN n3="%6C%6E%61%69" /><U30/><E30/><V110/><F3/><W108/><G108/><T99/><D50/><U89/><E68/><V38/><F110/><W58/><G101/><T52/><D99/><U119/><E129/><V41/><F124/><W19/><G28/><T98/><D98/><U135/><E135/><V43/><F134/><W95/><G95/><T126/><D25/><U8/><E119/><V6/><F6/><W2/><G2/><T82/><D82/><U73/><REACH who="1" step="1"/><E14/><REACH who="1" ten="530,199,129,132" step="2"/><V27/><F117/><W132/><G132/><T88/><D126/><U69/><E69/><V20/><F106/><W130/><G130/><T21/><D21/><U71/><E71/><V111/><F105/><W116/><G116/><T103/><D103/><U92/><E92/><V97/><F111/><W125/><G125/><T109/><D109/><U29/><E29/><V31/><F31/><W56/><G22/><T26/><D26/><U47/><E47/><V9/><F46/><W39/><G15/><T127/><D127/><U70/><E70/><V13/><F13/><W96/><G44/><T62/><D34/><U100/><E100/><V10/><F94/><W36/><G58/><T81/><D32/><U63/><E63/><V23/><F23/><W113/><G61/><T57/><D123/><U5/><E5/><RYUUKYOKU ba="3,1" sc="530,-10,199,30,129,-10,132,-10" hai1="8,12,16,55,59,60,73,74,75,80,83,89,93" /><INIT seed="1,4,1,1,3,67" ten="520,229,119,122" oya="1" hai0="110,55,8,84,19,135,121,87,5,92,132,99,40" hai1="109,129,115,24,52,125,76,101,114,127,124,43,49" hai2="18,65,42,41,57,116,15,34,134,95,73,117,54" hai3="0,17,30,21,70,51,77,123,113,10,12,33,50"/><U83/><E129/><V71/><F73/><W90/><G123/><T69/><D69/><U29/><E101/><V91/><F34/><W2/><G113/><T9/><D40/><U122/><E43/><V94/><F134/><W26/><G77/><T47/><D110/><U106/><E106/><V72/><F72/><W13/><G70/><T61/><D19/><U78/><E122/><V88/><F65/><W105/><G105/><T130/><D9/><U44/><E109/><V89/><F71/><W45/><G90/><N who="0" m="55703" /><D130/><U112/><REACH who="1" step="1"/><E83/><REACH who="1" ten="520,219,119,122" step="2"/><V66/><F41/><W23/><G33/><AGARI ba="4,2" hai="24,29,33,44,49,52,76,78,112,114,115,124,125,127" machi="33" ten="50,12000,1" yaku="1,1,2,1,18,1,54,1,53,0" doraHai="67" doraHaiUra="107" who="1" fromWho="3" sc="520,0,219,152,119,0,122,-132" owari="520,62.0,371,17.1,119,-28.1,-10,-51.0" /></mjloggm>