<mjloggm ver="2.3"><GO type="169" lobby="0"/><UN n0="%E3%83%9F%E3%82%B2%E3%83%BC%E3%83%AB%E6%94%B9" n1="%E2%91%A3%E3%82%BB%E3%83%B3%E3%83%81" n2="%E7%B4%AC%E3%83%B4%E3%82%A7%E3%83%B3%E3%83%80%E3%83%BC%E3%82%B9" n3="%E3%83%AD%E3%83%AD%E3%82%93" dan="16,18,16,16" rate="2215.89,2273.75,2145.44,2140.47" sx="M,M,M,M"/><TAIKYOKU oya="0"/><INIT seed="0,0,0,2,0,64" ten="250,250,250,250" oya="0" hai0="97,120,62,135,63,76,20,124,122,105,89,130,99" hai1="91,102,132,80,100,31,65,111,104,98,53,68,23" hai2="72,47,51,44,74,43,59,127,0,27,55,29,54" hai3="133,37,77,22,78,103,95,15,101,116,86,30,121"/><T8/><D135/><U4/><E132/><V96/><F0/><W49/><G37/><T73/><D8/><U119/><E119/><V82/><F127/><W79/><G133/><T2/><D2/><U38/><E38/><V67/><F67/><W26/><G121/><T106/><D20/><U61/><E111/><V40/><F96/><W10/><G49/><T21/><D21/><U118/><E118/><V12/><F12/><W13/><G13/><T32/><D32/><U123/><E123/><V113/><F113/><W134/><G134/><T3/><D3/><U19/><E102/><V70/><F70/><W66/><G66/><T48/><D48/><U7/><E53/><V87/><F55/><W41/><G41/><T94/><D124/><U92/><E80/><V56/><F56/><W108/><G108/><T9/><D9/><U58/><E58/><V52/><F54/><W71/><G71/><T85/><D63/><U39/><E31/><V115/><F115/><W90/><REACH who="3" step="1"/><G116/><REACH who="3" ten="250,250,250,240" step="2"/><T131/><D62/><U34/><E39/><V69/><F69/><W57/><G57/><T81/><D122/><U36/><E36/><V18/><F43/><W5/><AGARI ba="0,1" hai="5,10,15,22,26,30,77,78,79,86,90,95,101,103" machi="5" ten="30,4000,0" yaku="1,1,0,1,8,1,53,0" doraHai="64" doraHaiUra="117" who="3" fromWho="3" sc="250,-20,250,-10,250,-10,240,50" /><INIT seed="1,0,0,4,1,47" ten="230,240,240,290" oya="1" hai0="33,89,131,10,2,34,134,118,77,135,45,76,19" hai1="117,88,73,59,9,115,3,78,130,25,61,32,1" hai2="42,83,31,110,53,48,67,127,49,40,38,119,8" hai3="101,51,74,99,133,104,64,17,107,68,7,5,92"/><U120/><E115/><V22/><F119/><W112/><G74/><T36/><D118/><U56/><E117/><V39/><F110/><W14/><G133/><N who="0" m="50699" /><D89/><U4/><E120/><V52/><F127/><W29/><G29/><T20/><D76/><U71/><E3/><V90/><F67/><W23/><G68/><T72/><D77/><U100/><E130/><V54/><F38/><W27/><G64/><T114/><D72/><U46/><E71/><V106/><F106/><W103/><G27/><N who="0" m="14751" /><D114/><U129/><E100/><V11/><F39/><W60/><G60/><T109/><D109/><U98/><E78/><V15/><F31/><W79/><G79/><T75/><D75/><U105/><E73/><V128/><F22/><W26/><G26/><T50/><D36/><U94/><E105/><V111/><F111/><W125/><G125/><T108/><D131/><U113/><E113/><V132/><F128/><W70/><G70/><T58/><D58/><U62/><E129/><V0/><F0/><W6/><G112/><T16/><D2/><U82/><E82/><V55/><F132/><W122/><G122/><T123/><D123/><U28/><REACH who="1" step="1"/><E46/><REACH who="1" ten="230,230,240,290" step="2"/><V91/><F83/><W44/><REACH who="3" step="1"/><G103/><REACH who="3" ten="230,230,240,280" step="2"/><T124/><D124/><U96/><E96/><V84/><F91/><W13/><G13/><N who="0" m="7223" /><D108/><U65/><E65/><V87/><F90/><W30/><G30/><T86/><D86/><U35/><E35/><V18/><F87/><W93/><G93/><T80/><D80/><U37/><E37/><V81/><F84/><W41/><AGARI ba="0,2" hai="5,6,7,14,17,23,41,44,51,92,99,101,104,107" machi="41" ten="30,4000,0" yaku="1,1,0,1,52,1,53,0" doraHai="47" doraHaiUra="126" who="3" fromWho="3" sc="230,-10,230,-20,240,-10,280,60" /><INIT seed="2,0,0,4,3,121" ten="220,210,230,340" oya="2" hai0="66,16,80,34,113,129,7,38,46,49,15,120,98" hai1="14,105,123,12,51,60,83,75,8,101,81,116,22" hai2="112,0,27,71,74,65,68,128,95,43,78,126,103" hai3="44,110,32,115,69,23,55,133,127,122,57,28,42"/><V70/><F112/><W4/><G69/><T24/><D113/><U89/><E116/><V26/><F126/><W76/><G32/><T29/><D120/><U111/><E75/><V100/><F128/><W54/><G76/><T118/><D118/><U97/><E123/><V73/><F0/><W134/><G4/><T47/><D129/><U59/><E51/><V119/><F119/><W20/><G127/><T63/><D7/><U33/><E33/><V90/><F43/><W125/><G57/><T25/><D25/><U64/><E14/><V35/><F65/><W107/><G107/><T13/><D13/><U31/><E89/><V17/><F17/><W79/><G79/><T130/><D38/><U117/><E117/><V1/><F1/><W3/><G28/><T11/><D130/><U102/><E102/><V91/><F35/><W92/><G44/><T52/><D80/><U5/><E111/><V94/><F68/><W58/><G3/><T124/><D124/><U72/><REACH who="1" step="1"/><E72/><REACH who="1" ten="220,200,230,340" step="2"/><V132/><REACH who="2" step="1"/><F78/><REACH who="2" ten="220,200,220,340" step="2"/><W93/><G122/><T21/><D34/><U40/><E40/><V82/><F82/><W39/><G42/><T114/><D114/><U6/><E6/><V50/><F50/><W88/><G115/><T53/><D63/><U86/><E86/><V19/><F19/><W41/><G41/><T10/><D98/><U104/><E104/><V45/><F45/><W109/><G125/><T108/><D47/><U30/><E30/><V135/><AGARI ba="0,2" hai="26,27,70,71,73,74,90,91,94,95,100,103,132,135" machi="135" ten="25,18000,2" yaku="1,1,0,1,22,2,53,2" doraHai="121" doraHaiUra="87" who="2" fromWho="2" sc="220,-60,200,-60,220,200,340,-60" /><INIT seed="2,1,0,0,0,65" ten="160,140,420,280" oya="2" hai0="46,51,67,71,103,11,114,30,85,100,73,74,33" hai1="87,6,110,69,23,129,38,125,104,27,39,49,21" hai2="93,45,97,84,83,76,1,134,121,58,40,4,133" hai3="94,60,109,53,57,80,25,64,106,17,59,3,96"/><V127/><F121/><W8/><G106/><T31/><D85/><U111/><E104/><V99/><F127/><W63/><G3/><T117/><D114/><U72/><E72/><V0/><F58/><W107/><G107/><T123/><D123/><U13/><E125/><V77/><F77/><W68/><G80/><T66/><D11/><U131/><E49/><V9/><F0/><W35/><G35/><T130/><D51/><U61/><E87/><V112/><F112/><W135/><G109/><N who="1" m="41482" /><E6/><V2/><F2/><W122/><G135/><N who="2" m="51721" /><F93/><W91/><G122/><T126/><D126/><U18/><E61/><V95/><F95/><W32/><G32/><T102/><D102/><U29/><E69/><V16/><F16/><W5/><G5/><T92/><D33/><U124/><E124/><V26/><F26/><W20/><G8/><T128/><D92/><U62/><E62/><V118/><F118/><W19/><G19/><T113/><D113/><U79/><E79/><V28/><F28/><W43/><G68/><T119/><D46/><U10/><E10/><V90/><F90/><W70/><G70/><AGARI ba="1,0" hai="30,31,66,67,70,71,73,74,100,103,117,119,128,130" machi="70" ten="25,6400,0" yaku="22,2,52,2" doraHai="65" who="0" fromWho="3" sc="160,67,140,0,420,0,280,-67" /><INIT seed="3,0,0,1,5,71" ten="227,140,420,213" oya="3" hai0="65,102,1,58,94,30,104,20,100,122,49,82,98" hai1="130,125,4,6,75,8,37,53,52,107,60,24,103" hai2="67,14,119,23,120,70,15,0,26,108,38,77,33" hai3="10,132,59,84,116,21,34,7,66,89,113,29,36"/><W127/><G116/><T64/><D122/><U2/><E75/><V88/><F119/><W81/><G132/><T110/><D1/><U72/><E72/><V128/><F120/><W45/><G127/><T13/><D110/><U111/><E6/><V80/><F108/><W76/><G34/><T19/><D104/><U79/><E79/><V86/><F128/><W31/><G113/><T42/><D102/><U55/><E111/><V54/><F0/><W106/><G106/><T87/><D30/><U92/><E107/><V78/><F33/><W135/><G135/><T129/><D129/><U68/><E24/><V3/><F3/><W131/><G131/><T121/><D121/><U114/><E114/><V11/><F38/><W41/><G66/><T46/><REACH who="0" step="1"/><D58/><REACH who="0" ten="217,140,420,213" step="2"/><U69/><E130/><V99/><F70/><W50/><G59/><T12/><D12/><U134/><E134/><V57/><F15/><W47/><G21/><T93/><D93/><U105/><E105/><V32/><F14/><W51/><G31/><T43/><D43/><U56/><E125/><V126/><F57/><W96/><G29/><T124/><D124/><U48/><E69/><V9/><F23/><W25/><G25/><T123/><D123/><U133/><E68/><V16/><F26/><W83/><G41/><T73/><D73/><U90/><E103/><V91/><F126/><W95/><G83/><T5/><D5/><U101/><E133/><V22/><F80/><W27/><G27/><T18/><D18/><U85/><E56/><V35/><F32/><W17/><G7/><T44/><D44/><RYUUKYOKU ba="0,1" sc="217,30,140,-10,420,-10,213,-10" hai0="13,19,20,42,46,49,64,65,82,87,94,98,100" /><INIT seed="4,1,1,1,2,83" ten="247,130,410,203" oya="0" hai0="112,39,126,62,104,67,69,12,66,94,92,44,37" hai1="98,14,90,132,97,71,119,60,122,16,115,27,52" hai2="54,20,19,59,133,40,33,65,32,61,135,121,2" hai3="131,36,22,51,18,63,26,75,103,86,134,45,102"/><T25/><D104/><U101/><E119/><V23/><F121/><W11/><G75/><T72/><D72/><U96/><E122/><V87/><F2/><W78/><G36/><T31/><D112/><U79/><E79/><V100/><F40/><W114/><G131/><T118/><D118/><U89/><E132/><N who="2" m="50763" /><F100/><W106/><G106/><T0/><D0/><U82/><E115/><V127/><F127/><W93/><G134/><T84/><D126/><U105/><E27/><N who="2" m="14751" /><F23/><W64/><G114/><T80/><D12/><U95/><E82/><V129/><F129/><W58/><G11/><T73/><D73/><U38/><E38/><V56/><F87/><W57/><G57/><T108/><D108/><U111/><E111/><V41/><F41/><W3/><G3/><T49/><D39/><U4/><E4/><V21/><F21/><W124/><G124/><T17/><D37/><U43/><E43/><V8/><F8/><W24/><G24/><T53/><D17/><U116/><E116/><V85/><F85/><W76/><G76/><T130/><D130/><U99/><E90/><V125/><F125/><W30/><G30/><T7/><D7/><U1/><E1/><V107/><F107/><W13/><G13/><T123/><D123/><U70/><E101/><V28/><F28/><W120/><G120/><T29/><D31/><U91/><E105/><V9/><F9/><W10/><G10/><T113/><D113/><U6/><E6/><V110/><F110/><W34/><G34/><T109/><D109/><U68/><N who="1" m="24576" /><DORA hai="81" /><U42/><E42/><V46/><F46/><RYUUKYOKU ba="1,1" sc="247,-10,130,-10,410,30,203,-10" hai2="32,33,54,56,59,61,65" /><INIT seed="5,2,1,5,2,11" ten="237,120,440,193" oya="1" hai0="97,112,69,103,104,12,124,52,81,86,118,13,20" hai1="53,130,19,116,7,29,4,25,1,67,57,83,84" hai2="43,93,134,56,26,63,62,16,64,119,50,92,89" hai3="41,34,60,33,37,123,76,49,35,77,133,75,28"/><U24/><E116/><V45/><F119/><W23/><G133/><T68/><D118/><U98/><E130/><V22/><F134/><W3/><G3/><T59/><D69/><U0/><E67/><V120/><F120/><W107/><G107/><T47/><D68/><U88/><E1/><V6/><F6/><W95/><G37/><T27/><D47/><U126/><E126/><V115/><F115/><W129/><G129/><T5/><D5/><U2/><E2/><V40/><F40/><W85/><G60/><T117/><D117/><U106/><E19/><V46/><F46/><W55/><G41/><T132/><D112/><U131/><E131/><V18/><F63/><W30/><G75/><T122/><D124/><U65/><E65/><V31/><F93/><W15/><G123/><T48/><D132/><U51/><E25/><V105/><F105/><W121/><G77/><T66/><D66/><U70/><E70/><V135/><F135/><W17/><G121/><T44/><D44/><U94/><E106/><V39/><F39/><W82/><REACH who="3" step="1"/><G95/><REACH who="3" ten="237,120,440,183" step="2"/><T74/><D74/><U72/><E72/><V10/><F10/><W110/><G110/><T61/><D61/><U101/><REACH who="1" step="1"/><E0/><REACH who="1" ten="237,110,440,183" step="2"/><V87/><AGARI ba="2,3" hai="16,18,22,26,31,43,45,50,56,62,64,87,89,92" machi="87" ten="20,5200,0" yaku="0,1,7,1,8,1,54,1" doraHai="11" who="2" fromWho="2" sc="237,-15,110,-28,440,88,183,-15" /><INIT seed="6,0,0,3,2,117" ten="222,82,528,168" oya="2" hai0="130,1,59,32,62,38,118,36,123,41,52,105,85" hai1="61,114,43,26,83,63,18,30,131,74,45,121,54" hai2="97,34,13,76,124,64,71,22,116,135,132,73,47" hai3="93,50,111,92,5,48,115,128,49,106,40,89,28"/><V98/><F116/><W35/><G106/><T25/><D1/><U39/><E114/><V12/><F34/><W20/><G128/><T104/><D118/><U33/><E131/><V9/><F124/><W88/><G35/><T2/><D2/><U109/><E109/><V100/><F76/><W67/><G67/><T69/><D130/><U3/><E18/><V99/><F73/><W108/><G5/><T127/><D69/><U4/><E54/><V55/><F22/><W31/><G40/><T110/><D110/><U65/><E65/><V81/><F81/><W58/><G58/><T113/><D105/><U79/><REACH who="1" step="1"/><E121/><REACH who="1" ten="222,72,528,168" step="2"/><V90/><F64/><W112/><G111/><T133/><D123/><U21/><E21/><V78/><F55/><W75/><G108/><T56/><D113/><N who="3" m="43593" /><G20/><T101/><D32/><U42/><E42/><V53/><F53/><W37/><G37/><T44/><D52/><U10/><AGARI ba="0,1" hai="3,4,10,26,30,33,39,43,45,61,63,74,79,83" machi="10" ten="30,8000,1" yaku="1,1,0,1,25,2,53,1" doraHai="117" doraHaiUra="77" who="1" fromWho="1" sc="222,-20,72,90,528,-40,168,-20" /><INIT seed="7,0,0,2,2,74" ten="202,162,488,148" oya="3" hai0="22,49,84,35,131,129,72,25,113,62,68,26,8" hai1="58,54,123,88,98,6,80,50,76,34,99,31,75" hai2="48,47,57,67,59,64,101,108,86,51,109,73,5" hai3="105,53,42,126,128,66,27,55,125,115,94,9,28"/><W2/><G105/><T110/><D110/><U46/><E123/><V127/><F73/><W114/><G66/><T78/><D72/><U87/><E6/><V23/><F127/><N who="3" m="48651" /><G42/><T111/><D111/><U29/><E34/><V1/><F101/><W71/><G71/><T36/><D36/><U133/><E133/><V90/><F67/><W85/><G128/><N who="0" m="49227" /><D113/><N who="3" m="43017" /><G94/><T12/><D49/><N who="1" m="31055" /><E75/><V4/><F64/><W91/><G91/><T41/><D62/><U79/><E99/><V0/><F90/><W124/><N who="3" m="48659" /><W103/><DORA hai="121" /><G85/><T32/><D41/><N who="1" m="24911" /><E79/><V116/><F86/><W3/><G103/><T69/><D84/><N who="1" m="48135" /><E98/><V7/><F47/><W102/><G102/><T45/><D45/><U18/><E18/><V83/><F83/><AGARI ba="0,0" hai="29,31,83,87,88" m="48135,24911,31055" machi="83" ten="30,3900,0" yaku="8,1,52,1,54,1" doraHai="74,121" who="1" fromWho="2" sc="202,0,162,39,488,-39,148,0" owari="202,0.2,201,-19.9,449,54.9,148,-35.2" /></mjloggm>