<mjloggm ver="2.3"><GO type="169" lobby="0"/><UN n0="%43%72%37" n1="%74%61%6B%65%2D%79%6F%75" n2="%E5%B0%8F%E4%B8%89%E5%85%83%E5%8D%97%E5%8D%98%E9%A8%8E" n3="%E5%BA%84%E5%8F%B8%E5%81%A5%E5%A4%AA%E6%9C%97" dan="18,17,16,16" rate="2216.53,2235.90,2107.61,2070.13" sx="M,M,M,M"/><TAIKYOKU oya="0"/><INIT seed="0,0,0,3,2,89" ten="250,250,250,250" oya="0" hai0="11,96,64,67,88,76,48,0,83,9,132,18,97" hai1="31,60,66,99,59,109,10,110,37,34,130,63,92" hai2="43,78,70,28,49,39,98,112,120,36,123,135,93" hai3="118,131,104,106,90,125,35,116,74,25,40,52,23"/><T72/><D132/><U108/><E130/><V105/><F112/><W127/><G35/><T56/><D97/><U12/><E37/><V69/><F135/><W29/><G131/><T54/><D9/><U17/><E60/><V8/><F105/><N who="3" m="40555" /><G40/><T133/><D133/><U26/><REACH who="1" step="1"/><E109/><REACH who="1" ten="250,240,250,250" step="2"/><V19/><F39/><W117/><G117/><T85/><D96/><U77/><E77/><V41/><F36/><W126/><G118/><T2/><D67/><U45/><E45/><V129/><F98/><W62/><G116/><T91/><D64/><U14/><E14/><V114/><F129/><W7/><G127/><T122/><D122/><U73/><E73/><V86/><F78/><W21/><G74/><T50/><D50/><U55/><E55/><V20/><F49/><W95/><G52/><T5/><D0/><U134/><E134/><V32/><F123/><W81/><G62/><T100/><D72/><U47/><E47/><V53/><F53/><W124/><G125/><T128/><D128/><U79/><E79/><V71/><F120/><W94/><G126/><T4/><D2/><U6/><E6/><N who="0" m="2665" /><D100/><AGARI ba="0,1" hai="10,12,17,26,31,34,59,63,66,92,99,100,108,110" machi="100" ten="40,2600,0" yaku="1,1,52,1,53,0" doraHai="89" doraHaiUra="46" who="1" fromWho="0" sc="250,-26,240,36,250,0,250,0" /><INIT seed="1,0,0,4,4,84" ten="224,276,250,250" oya="1" hai0="86,28,36,27,34,130,135,50,79,26,105,37,69" hai1="20,1,119,51,87,38,61,75,99,19,129,117,23" hai2="132,14,31,17,15,10,133,68,80,134,124,6,55" hai3="95,131,101,16,125,5,13,3,83,64,109,70,128"/><U56/><E75/><V85/><F124/><W35/><G35/><T21/><D69/><U48/><E38/><V89/><F68/><W65/><G109/><T7/><D105/><U90/><E1/><V88/><F31/><W92/><G125/><T54/><D130/><N who="3" m="49705" /><G5/><T113/><D113/><U45/><E99/><V46/><F46/><W107/><G3/><T32/><D7/><U53/><E51/><V121/><F55/><W76/><G107/><T59/><D135/><U11/><E11/><N who="2" m="4471" /><F121/><W120/><G120/><T4/><D4/><U52/><E20/><V122/><F122/><W0/><G0/><T96/><D96/><U60/><E60/><V106/><F106/><W82/><G82/><T110/><D110/><U24/><REACH who="1" step="1"/><E129/><REACH who="1" ten="224,266,250,250" step="2"/><V91/><AGARI ba="0,1" hai="10,15,17,80,85,88,89,91,132,133,134" m="4471" machi="91" ten="40,8000,1" yaku="20,1,52,3,54,1" doraHai="84" who="2" fromWho="2" sc="224,-20,266,-40,250,90,250,-20" /><INIT seed="2,0,0,5,2,89" ten="204,226,340,230" oya="2" hai0="105,80,87,91,115,99,25,21,27,20,5,37,90" hai1="53,96,51,108,65,50,88,73,72,74,1,116,7" hai2="38,45,132,28,75,32,55,59,125,24,15,42,23" hai3="26,64,30,103,110,135,81,83,82,100,49,10,3"/><V117/><F117/><W35/><G110/><T101/><D115/><U133/><E116/><V36/><F132/><W113/><G135/><T40/><D5/><U118/><E118/><V129/><F129/><W134/><G134/><T16/><D40/><U104/><E133/><V66/><F125/><W47/><G64/><T29/><REACH who="0" step="1"/><D37/><REACH who="0" ten="194,226,340,230" step="2"/><U77/><E7/><V33/><F38/><W62/><G113/><T106/><D106/><U102/><E108/><V130/><F36/><W60/><G3/><T61/><D61/><U18/><E50/><V6/><F42/><W58/><G62/><T76/><AGARI ba="0,1" hai="16,20,21,25,27,29,76,80,87,90,91,99,101,105" machi="76" ten="20,5200,0" yaku="1,1,0,1,7,1,54,1,53,0" doraHai="89" doraHaiUra="126" who="0" fromWho="0" sc="194,62,226,-13,340,-26,230,-13" /><INIT seed="3,0,0,4,2,3" ten="256,213,314,217" oya="3" hai0="117,96,110,100,24,43,9,109,15,116,60,67,53" hai1="112,78,103,12,105,29,114,97,89,52,119,74,34" hai2="0,64,39,17,86,85,70,19,92,56,13,62,58" hai3="94,127,104,25,14,49,79,21,87,42,40,124,71"/><W41/><G104/><T46/><D24/><U90/><E29/><V51/><F39/><W128/><G71/><N who="0" m="42471" /><D96/><U4/><E34/><V120/><F120/><W102/><G128/><T38/><D100/><U126/><E126/><N who="3" m="48170" /><G14/><T80/><D80/><U73/><E119/><N who="0" m="45641" /><D9/><U32/><E32/><V20/><F70/><W75/><G75/><T83/><D83/><U35/><E35/><V33/><F0/><W54/><G79/><T81/><D81/><U65/><E78/><V5/><F33/><W50/><G54/><T69/><D15/><U134/><E12/><V84/><F92/><W113/><G113/><T63/><D53/><U72/><E52/><N who="2" m="31775" /><F20/><W99/><G87/><T66/><AGARI ba="0,0" hai="38,43,46,63,66,69,109,110" m="45641,42471" machi="66" ten="30,4000,0" yaku="23,1,34,2" doraHai="3" who="0" fromWho="0" sc="256,40,213,-10,314,-10,217,-20" /><INIT seed="4,0,0,3,3,102" ten="296,203,304,197" oya="0" hai0="80,0,119,84,42,123,93,99,14,32,6,7,4" hai1="16,112,88,33,95,103,127,58,98,30,108,109,128" hai2="115,79,101,113,78,63,96,24,2,125,100,21,40" hai3="110,17,129,117,25,29,107,20,12,3,53,10,36"/><T85/><D119/><U90/><E128/><V134/><F134/><W51/><G36/><T46/><D123/><U45/><E127/><V122/><F122/><W54/><G129/><T41/><D32/><U69/><E69/><V114/><F125/><W75/><G110/><T19/><D0/><U62/><E112/><V60/><F2/><W68/><G75/><T39/><D42/><U104/><E45/><V83/><F40/><W73/><G73/><T130/><D80/><U64/><E90/><V118/><F118/><W55/><G68/><T65/><D65/><U74/><E74/><N who="2" m="43479" /><F79/><W124/><G124/><T22/><REACH who="0" step="1"/><D130/><REACH who="0" ten="286,203,304,197" step="2"/><U89/><E108/><V70/><F115/><W135/><G117/><T34/><D34/><U57/><E109/><V133/><F114/><W47/><G135/><T97/><D97/><U77/><E33/><V91/><F133/><W37/><G37/><T56/><D56/><U132/><E58/><V86/><F70/><W116/><G116/><T15/><D15/><U28/><E132/><V82/><F96/><W61/><G3/><T81/><D81/><U11/><E98/><V50/><F113/><W59/><REACH who="3" step="1"/><G55/><REACH who="3" ten="286,203,304,187" step="2"/><T27/><D27/><U67/><E67/><V66/><F66/><W120/><G120/><T26/><D26/><U49/><E64/><V72/><F24/><W92/><G92/><T105/><D105/><AGARI ba="0,2" hai="10,12,17,20,25,29,47,51,53,54,59,61,105,107" machi="105" ten="40,5200,0" yaku="1,1,52,2,53,0" doraHai="102" doraHaiUra="131" who="3" fromWho="0" sc="286,-52,203,0,304,0,187,72" /><INIT seed="5,0,0,4,1,41" ten="234,203,304,259" oya="1" hai0="99,49,18,45,67,5,36,105,19,10,42,6,70" hai1="3,112,107,58,60,83,111,125,85,102,30,79,16" hai2="62,128,114,119,84,68,117,71,90,135,81,33,82" hai3="74,77,88,46,15,93,108,109,21,7,96,92,14"/><U39/><E3/><V47/><F33/><W69/><G69/><T54/><D105/><U61/><E112/><V130/><F114/><W133/><G133/><T89/><D99/><U94/><E125/><V104/><F104/><W103/><G77/><T65/><D89/><U35/><E111/><V132/><F62/><W50/><G74/><T34/><D34/><U20/><E35/><V66/><F66/><W95/><G95/><T87/><D87/><U80/><E107/><V29/><F29/><W22/><G7/><T13/><D5/><U113/><E113/><V27/><F27/><W122/><G122/><T63/><REACH who="0" step="1"/><D67/><REACH who="0" ten="224,203,304,259" step="2"/><U100/><E100/><V73/><F90/><W131/><G109/><T76/><D76/><U23/><E102/><V127/><F84/><N who="3" m="52231" /><G108/><T25/><D25/><N who="1" m="16679" /><E79/><V86/><F86/><W124/><G124/><T98/><D98/><U24/><E85/><V118/><F127/><W120/><G103/><T28/><D28/><U129/><E24/><V38/><F119/><W43/><G96/><T115/><D115/><U0/><E94/><V110/><F110/><W9/><G120/><T44/><AGARI ba="0,1" hai="6,10,13,18,19,36,42,44,45,49,54,63,65,70" machi="44" ten="20,8000,1" yaku="1,1,0,1,7,1,52,2,53,0" doraHai="41" doraHaiUra="26" who="0" fromWho="0" sc="224,90,203,-40,304,-20,259,-20" /><INIT seed="6,0,0,2,0,98" ten="314,163,284,239" oya="2" hai0="122,7,63,42,128,113,66,57,31,48,2,22,75" hai1="25,81,38,26,0,100,60,58,135,117,50,51,3" hai2="41,129,92,23,56,73,111,54,9,101,15,17,36" hai3="132,59,77,130,35,125,108,68,69,10,27,79,123"/><V24/><F129/><W61/><G108/><T49/><D122/><U131/><E117/><V124/><F124/><W93/><G123/><T126/><D75/><U116/><E116/><V121/><F73/><W18/><G132/><T89/><D113/><U84/><E38/><V43/><F36/><W102/><G69/><T94/><D128/><U32/><E131/><V64/><F111/><W40/><G68/><T55/><D2/><U119/><E119/><V90/><F64/><W133/><G40/><T30/><D7/><U134/><E60/><V33/><F33/><W88/><G133/><T127/><D42/><U83/><E84/><V29/><F101/><W53/><G102/><T110/><D48/><U19/><E58/><V44/><F44/><W76/><G125/><N who="0" m="47627" /><D22/><U4/><E4/><V107/><F107/><W87/><G130/><T78/><D78/><U104/><E32/><V95/><F95/><W11/><G35/><T1/><D1/><U39/><E39/><V13/><F13/><W62/><G61/><T16/><D16/><U65/><E19/><V120/><F120/><W37/><G37/><T106/><D106/><U85/><E104/><V118/><F118/><W97/><G87/><N who="0" m="52543" /><D110/><U6/><E6/><V114/><F114/><W70/><G70/><AGARI ba="0,0" hai="30,31,49,55,57,63,66,70" m="52543,47627" machi="70" ten="30,1000,0" yaku="18,1" doraHai="98" who="0" fromWho="3" sc="314,10,163,0,284,0,239,-10" /><INIT seed="7,0,0,1,1,31" ten="324,163,284,229" oya="3" hai0="78,104,125,22,82,28,54,40,55,111,35,63,91" hai1="90,95,89,56,67,80,93,48,1,42,94,6,52" hai2="120,74,66,129,69,49,29,68,46,97,85,100,18" hai3="118,12,99,101,20,84,92,57,33,23,65,96,72"/><W9/><G118/><T5/><D111/><U135/><E135/><V77/><F129/><W113/><G72/><T14/><D35/><U128/><E128/><V3/><F120/><W7/><G33/><T61/><D104/><U79/><E67/><V110/><F110/><W124/><G113/><T116/><D40/><U107/><E107/><V133/><F74/><W38/><G38/><T59/><D91/><U43/><E1/><V50/><F3/><W8/><G8/><T109/><D125/><U76/><E6/><V122/><F133/><W60/><G124/><T73/><D116/><U13/><E13/><V102/><F66/><W71/><G71/><T24/><D109/><U27/><E27/><V131/><F131/><W121/><G121/><T36/><D36/><U117/><E117/><V45/><F85/><W127/><G127/><T51/><D55/><U37/><E76/><V26/><F26/><W70/><G70/><T30/><D30/><U25/><E25/><V114/><F29/><W64/><G65/><T126/><D126/><U16/><E16/><V4/><F18/><W17/><G17/><T119/><D119/><U108/><E108/><V0/><F0/><W134/><G134/><T106/><D106/><U130/><E130/><V123/><F77/><W132/><G132/><T58/><D58/><U41/><REACH who="1" step="1"/><E37/><REACH who="1" ten="324,153,284,229" step="2"/><V105/><F105/><W83/><G23/><T11/><AGARI ba="0,1" hai="5,11,14,22,24,28,51,54,59,61,63,73,78,82" machi="11" ten="30,1100,0" yaku="0,1" doraHai="31" who="0" fromWho="0" sc="324,21,153,-3,284,-3,229,-5" owari="345,44.5,150,-35.0,281,8.1,224,-17.6" /></mjloggm>