<mjloggm ver="2.3"><GO type="225" lobby="0"/><UN n0="%E6%98%93%E5%88%A9%E8%96%A9%E4%BC%AF" n1="%E8%81%B7%E6%A5%AD%E3%80%81%E9%A2%A8%32" n2="%EF%BC%AE%EF%BC%A1%EF%BC%AF%33%33%39" n3="%E3%81%82%E3%81%84%E3%81%82%E3%81%8A%E3%81%84" dan="17,16,16,18" rate="2226.75,2161.73,2173.69,2252.50" sx="F,M,M,M"/><TAIKYOKU oya="0"/><INIT seed="0,0,0,5,2,69" ten="250,250,250,250" oya="0" hai0="133,62,31,3,70,58,124,90,11,79,81,115,55" hai1="49,109,16,36,105,60,23,1,74,114,0,93,21" hai2="85,92,102,45,101,103,97,59,7,52,135,43,128" hai3="99,14,9,94,64,110,15,77,131,126,44,18,134"/><T129/><D115/><U57/><E109/><V6/><F128/><W32/><G110/><T27/><D133/><U29/><E105/><V75/><F75/><W76/><G32/><T73/><D124/><U113/><E74/><V30/><F30/><W37/><G131/><T120/><D120/><U40/><E49/><V86/><F135/><W116/><G116/><T35/><D129/><U22/><E29/><V48/><F86/><W84/><G134/><T71/><REACH who="0" step="1"/><D90/><REACH who="0" ten="240,250,250,250" step="2"/><U10/><E113/><V72/><F72/><W87/><G126/><T67/><D67/><U54/><E114/><V50/><REACH who="2" step="1"/><F85/><REACH who="2" ten="240,250,240,250" step="2"/><W46/><G87/><T132/><D132/><U127/><E127/><V65/><F65/><W100/><G64/><T96/><D96/><U2/><E93/><V68/><F68/><W119/><G84/><T24/><D24/><U17/><REACH who="1" step="1"/><E10/><REACH who="1" ten="240,240,240,250" step="2"/><V82/><F82/><W56/><G9/><T121/><D121/><U47/><AGARI ba="0,3" hai="0,1,2,16,17,21,22,23,36,40,47,54,57,60" machi="47" ten="40,8000,1" yaku="1,1,2,1,0,1,52,1,54,1,53,0" doraHai="69" doraHaiUra="28" who="1" fromWho="1" sc="240,-40,240,110,240,-20,250,-20" /><INIT seed="1,0,0,5,0,93" ten="200,350,220,230" oya="1" hai0="92,0,101,127,23,72,114,44,17,76,14,121,47" hai1="35,123,50,80,30,43,18,104,10,51,79,67,112" hai2="24,5,124,100,55,26,19,38,34,22,131,117,13" hai3="60,126,115,15,16,105,36,32,135,29,134,74,129"/><U103/><E112/><V46/><F117/><W57/><G115/><T37/><D114/><U4/><E123/><V71/><F71/><W87/><G74/><T25/><D0/><U133/><E133/><V48/><F38/><W99/><G36/><T66/><D121/><U59/><E18/><V8/><F131/><W1/><G1/><T3/><D3/><U73/><E43/><V41/><F124/><W91/><G126/><T88/><D101/><U111/><E30/><V128/><F128/><W75/><G75/><T54/><D66/><U11/><E35/><V130/><F130/><W98/><G105/><T65/><D65/><U68/><E68/><V118/><F118/><W86/><G129/><T56/><D127/><U9/><E4/><V53/><F34/><W77/><G77/><T125/><D125/><U102/><E102/><V12/><F100/><W49/><G49/><T110/><D110/><U94/><E104/><V120/><F120/><W64/><G87/><T39/><D14/><U108/><E67/><V90/><F90/><W119/><G119/><T40/><D76/><U78/><E78/><V106/><F106/><W84/><G84/><T20/><D20/><U82/><E82/><V85/><F85/><W113/><G113/><T52/><D72/><U42/><E59/><V95/><F95/><N who="3" m="54775" /><G29/><T81/><D81/><U27/><E27/><AGARI ba="0,0" hai="5,8,12,13,19,22,24,26,27,41,46,48,53,55" machi="27" ten="40,1300,0" yaku="8,1" doraHai="93" who="2" fromWho="1" sc="200,0,350,-13,220,13,230,0" /><INIT seed="2,0,0,5,0,62" ten="200,337,233,230" oya="2" hai0="104,67,91,88,135,26,96,98,131,68,29,58,15" hai1="1,65,84,100,10,125,41,92,95,28,123,22,45" hai2="75,53,70,82,83,103,51,89,46,119,30,76,48" hai3="16,121,79,37,19,102,69,54,94,47,34,25,21"/><V124/><F119/><W6/><G121/><T20/><D131/><U60/><E123/><V57/><F70/><W64/><G34/><T56/><D135/><U4/><E125/><V108/><F124/><W35/><G35/><T132/><D132/><U52/><E100/><V97/><F30/><W8/><G79/><T31/><D68/><U118/><E118/><V17/><F108/><W36/><G19/><T81/><D31/><U110/><E110/><V44/><F17/><W90/><G102/><T85/><D15/><U74/><E74/><V112/><F112/><W116/><G116/><T126/><D126/><U87/><E41/><V40/><F83/><W72/><G72/><T63/><D104/><U7/><E22/><V109/><F109/><W11/><G54/><T23/><D23/><U32/><E28/><V134/><F134/><W33/><G33/><T55/><D91/><U113/><E32/><V117/><F89/><W107/><G107/><T93/><D81/><U5/><E10/><V106/><F117/><W0/><G11/><T77/><D77/><U105/><E105/><V27/><F27/><W42/><G69/><T3/><D3/><U129/><E1/><V127/><F127/><W49/><G64/><T86/><D86/><AGARI ba="0,0" hai="0,6,8,16,21,25,36,37,42,47,49,86,90,94" machi="86" ten="30,2000,0" yaku="7,1,54,1" doraHai="62" who="3" fromWho="0" sc="200,-20,337,0,233,0,230,20" /><INIT seed="3,0,0,5,3,134" ten="180,337,233,250" oya="3" hai0="44,4,108,91,19,67,58,43,56,80,33,127,55" hai1="49,47,41,38,93,101,52,128,122,36,8,75,11" hai2="62,99,26,77,120,106,73,79,64,53,118,135,48" hai3="16,23,20,78,84,50,24,34,57,131,111,60,28"/><W9/><G131/><T61/><D108/><U45/><E128/><V13/><F118/><W107/><G107/><T95/><D33/><U17/><E122/><V98/><F135/><W130/><G130/><T123/><D123/><U110/><E110/><V103/><F120/><W0/><G111/><T74/><D4/><U119/><E75/><V72/><F72/><W14/><G50/><T109/><D109/><U3/><E119/><V65/><F65/><W121/><G121/><T30/><D30/><U94/><E3/><V114/><F73/><W25/><G25/><T66/><D74/><U85/><E38/><V12/><F114/><W40/><G40/><T32/><D32/><U133/><E133/><V2/><F2/><W29/><G29/><T102/><D102/><U87/><E17/><V100/><F26/><W42/><G42/><T6/><D6/><U115/><E115/><V132/><F132/><W97/><G97/><T10/><D80/><U71/><E71/><V31/><F31/><W15/><G15/><T7/><D7/><U22/><E22/><V83/><F83/><N who="3" m="47223" /><G0/><T27/><D127/><U126/><E126/><V88/><F13/><W51/><G9/><T89/><D58/><U76/><E76/><V90/><F79/><W39/><G34/><T81/><D81/><U125/><E125/><V112/><F77/><W105/><G105/><T86/><D91/><N who="1" m="53487" /><E101/><V117/><F117/><W116/><G116/><T113/><D113/><U1/><E1/><V63/><F112/><W124/><G124/><T5/><D5/><U21/><E21/><V46/><F106/><RYUUKYOKU ba="0,0" sc="180,-10,337,30,233,-10,250,-10" hai1="8,11,36,41,45,47,49,52,87,94" owari="170,-33.0,367,46.7,223,-17.7,240,4.0" /></mjloggm>