<mjloggm ver="2.3"><GO type="169" lobby="0"/><UN n0="%E5%8B%98%E5%BC%81%E3%81%97%E3%81%A6%E3%82%88" n1="%62%6F%79%61%74%65%74%75" n2="%E4%BF%9D%E8%82%B2%E5%A3%AB" n3="%E3%81%9F%E3%81%8B%E3%81%AF%E3%81%97%E3%81%83%E3%81%83%E3%81%83" dan="17,17,16,19" rate="2225.81,2178.59,2217.10,2241.41" sx="M,M,M,M"/><TAIKYOKU oya="0"/><INIT seed="0,0,0,3,5,65" ten="250,250,250,250" oya="0" hai0="35,106,51,79,1,0,121,105,41,90,60,124,10" hai1="2,75,81,74,85,97,33,53,126,131,6,112,16" hai2="20,103,57,23,125,22,40,30,96,54,114,82,32" hai3="31,99,110,46,133,122,83,28,9,21,134,27,3"/><T76/><D121/><U109/><E33/><V104/><F114/><W71/><G99/><T7/><D0/><U49/><E112/><V69/><F125/><W43/><G122/><T115/><D115/><U24/><E109/><V73/><F40/><W45/><G110/><T98/><D124/><U113/><E113/><V48/><F32/><W68/><G28/><T13/><D1/><U123/><E131/><V101/><F101/><W70/><G83/><T44/><D35/><U132/><E132/><N who="3" m="50794" /><G43/><T93/><REACH who="0" step="1"/><D60/><REACH who="0" ten="240,250,250,250" step="2"/><U130/><E126/><V127/><F127/><W5/><AGARI ba="0,1" hai="3,5,9,21,27,31,45,46,68,70,71" m="50794" machi="5" ten="40,8000,1" yaku="20,1,52,3" doraHai="65" who="3" fromWho="3" sc="240,-40,250,-20,250,-20,250,90" /><INIT seed="1,0,0,4,4,80" ten="200,230,230,340" oya="1" hai0="58,26,50,32,72,56,60,75,19,84,121,66,102" hai1="114,129,81,76,29,91,53,52,104,57,101,27,37" hai2="38,65,23,13,112,55,99,15,34,89,105,41,54" hai3="7,59,74,128,1,2,68,86,119,117,94,123,12"/><U4/><E114/><V39/><F34/><W69/><G74/><T6/><D121/><U95/><E37/><V48/><F112/><W85/><G123/><T108/><D108/><U133/><E129/><V11/><F65/><W135/><G128/><T116/><D116/><N who="3" m="44617" /><G135/><T63/><D102/><U62/><E133/><V36/><F41/><W79/><G59/><T98/><D98/><U96/><E4/><V51/><F23/><W130/><G130/><T45/><D6/><U107/><E53/><V20/><F20/><W0/><G79/><T30/><D19/><U92/><E92/><V43/><F43/><W42/><G42/><T8/><D8/><U67/><E67/><V9/><F38/><W24/><G24/><T10/><D10/><U3/><E3/><V49/><F49/><W125/><G125/><T118/><D118/><U5/><E5/><V132/><F99/><W71/><G94/><T113/><D113/><U77/><E77/><V14/><F14/><W47/><G47/><T61/><D61/><U44/><E44/><V126/><F105/><W64/><G64/><T78/><D58/><U109/><E109/><V87/><F132/><W115/><G115/><T82/><REACH who="0" step="1"/><D63/><REACH who="0" ten="190,230,230,340" step="2"/><U103/><E103/><V18/><F18/><W90/><G90/><T127/><D127/><U16/><E101/><V40/><F89/><W17/><G7/><T100/><D100/><U131/><E131/><V22/><F126/><W124/><G124/><T70/><D70/><U33/><REACH who="1" step="1"/><E16/><REACH who="1" ten="190,220,230,340" step="2"/><V97/><F9/><AGARI ba="0,2" hai="0,1,2,9,12,17,68,69,71,85,86" m="44617" machi="9" ten="40,5200,0" yaku="12,1,52,2" doraHai="80" who="3" fromWho="2" sc="190,0,220,0,230,-52,340,72" /><INIT seed="2,0,0,2,3,30" ten="190,220,178,412" oya="2" hai0="64,53,124,65,22,123,62,27,133,109,2,45,49" hai1="33,95,59,1,6,29,31,41,32,106,46,98,83" hai2="9,56,104,0,125,60,97,84,86,28,108,128,79" hai3="69,131,82,57,24,91,127,3,81,54,11,116,101"/><V21/><F125/><W114/><G69/><T40/><D2/><U130/><E106/><V4/><F128/><W19/><G116/><T105/><D105/><U25/><E130/><V94/><F104/><W107/><G131/><T135/><D123/><U110/><E110/><V134/><F134/><N who="0" m="51210" /><D109/><U73/><E59/><V78/><F108/><W34/><G114/><T50/><D124/><U66/><E66/><N who="0" m="25705" /><D22/><U90/><E1/><V74/><F74/><W20/><G82/><T89/><D89/><U85/><E73/><V80/><F86/><W76/><G54/><T117/><D27/><U8/><E8/><V12/><F78/><W126/><G24/><T52/><D117/><U88/><E6/><V129/><F129/><W96/><G91/><T75/><D75/><U103/><E90/><N who="2" m="55511" /><F0/><W48/><G76/><T71/><D49/><U14/><E14/><V61/><F56/><W93/><G57/><N who="0" m="35119" /><D71/><U63/><E63/><V68/><F68/><W15/><G107/><T44/><D44/><U102/><E102/><V17/><F28/><W5/><G126/><T112/><D40/><U39/><E29/><V99/><F99/><W35/><G127/><T132/><N who="0" m="51218" /><T51/><DORA hai="7" /><D51/><U72/><E72/><V120/><F120/><W100/><G48/><T38/><D38/><U87/><E87/><V18/><F21/><AGARI ba="0,0" hai="21,25,31,32,33,39,41,46,83,85,88,95,98,103" machi="21" ten="30,7700,0" yaku="7,1,52,2,54,1" doraHai="30,7" who="1" fromWho="2" sc="190,0,220,77,178,-77,412,0" /><INIT seed="3,0,0,1,4,0" ten="190,297,101,412" oya="3" hai0="122,5,95,117,93,106,107,70,113,33,7,104,100" hai1="116,16,25,56,69,71,125,32,101,132,19,63,58" hai2="49,20,86,120,43,82,119,83,29,68,4,61,44" hai3="8,85,18,99,36,57,52,124,40,67,14,115,114"/><W2/><G124/><T42/><D117/><U105/><E125/><V17/><F119/><W51/><G2/><T112/><D122/><U48/><E116/><V97/><F120/><W108/><G108/><T15/><D33/><U76/><E132/><V11/><F29/><W64/><G99/><N who="0" m="59519" /><D70/><U21/><E32/><V37/><F97/><W41/><G85/><T130/><D42/><U31/><E76/><V94/><F37/><W34/><G34/><T65/><D65/><U74/><E74/><V103/><F61/><W10/><G10/><T53/><D93/><U80/><E80/><V118/><F68/><W75/><G75/><T127/><D127/><U126/><E126/><V98/><F118/><W110/><G110/><T66/><D66/><U77/><E71/><V9/><F4/><N who="0" m="1610" /><D15/><U135/><E69/><V128/><F128/><W72/><G72/><T46/><D130/><U60/><E105/><V84/><F84/><W28/><G64/><T73/><D73/><U91/><E101/><V23/><F82/><W62/><G40/><T78/><D78/><U89/><E77/><V79/><REACH who="2" step="1"/><F23/><REACH who="2" ten="190,297,91,412" step="2"/><W6/><G36/><T1/><D1/><U47/><E21/><V13/><AGARI ba="0,1" hai="9,11,13,17,20,43,44,49,79,83,86,94,98,103" machi="13" ten="20,12000,2" yaku="1,1,2,1,0,1,7,1,8,1,53,1" doraHai="0" doraHaiUra="81" who="2" fromWho="2" sc="190,-30,297,-30,91,130,412,-60" /><INIT seed="4,0,0,3,1,91" ten="160,267,221,352" oya="0" hai0="29,126,19,2,38,48,85,50,100,121,109,41,23" hai1="75,108,112,105,32,11,93,44,77,34,40,80,60" hai2="119,101,22,27,43,59,115,62,129,6,120,88,95" hai3="35,70,46,133,53,54,104,4,107,79,78,76,28"/><T33/><D2/><U118/><E108/><V69/><F120/><W10/><G70/><T84/><D121/><U20/><E118/><V26/><F69/><W57/><G133/><T8/><D38/><U45/><E45/><V24/><F119/><W5/><G46/><T73/><D73/><U52/><E105/><V102/><F115/><W128/><G128/><T7/><D126/><U99/><E11/><V55/><F129/><W106/><G57/><T103/><D109/><U9/><E9/><V72/><F72/><W15/><G4/><T124/><D124/><U134/><E20/><V47/><F6/><W125/><G125/><T117/><D117/><U82/><E82/><V17/><F26/><W127/><G127/><T16/><D33/><U131/><E134/><V37/><REACH who="2" step="1"/><F27/><REACH who="2" ten="160,267,211,352" step="2"/><W0/><G5/><T61/><D7/><U86/><E75/><V81/><F81/><W114/><G114/><T89/><D29/><U25/><E25/><V18/><F18/><W123/><G28/><T94/><D19/><U111/><E131/><V96/><AGARI ba="0,1" hai="17,22,24,37,43,47,55,59,62,88,95,96,101,102" machi="96" ten="20,16000,3" yaku="1,1,0,1,7,1,25,2,52,1,54,1,53,1" doraHai="91" doraHaiUra="87" who="2" fromWho="2" sc="160,-80,267,-40,211,170,352,-40" /><INIT seed="5,0,0,4,3,3" ten="80,227,381,312" oya="1" hai0="130,76,135,52,101,119,58,68,120,10,75,63,95" hai1="61,11,84,90,112,4,25,22,116,91,9,74,48" hai2="64,124,46,129,128,14,54,110,12,122,93,43,17" hai3="108,40,24,123,99,118,50,47,71,85,69,42,56"/><U87/><E116/><V133/><F110/><W1/><G1/><T36/><D119/><U7/><E74/><V20/><F122/><W89/><G118/><T86/><D120/><U121/><E121/><V114/><F124/><W6/><G123/><T53/><D36/><U32/><E32/><V125/><F125/><W27/><G99/><T49/><D130/><U13/><E61/><V19/><F64/><W5/><G108/><T132/><D75/><U41/><E112/><V62/><F93/><W111/><G111/><T100/><D68/><U60/><E60/><V78/><F78/><W29/><G69/><T73/><D73/><U83/><E48/><V23/><F133/><W21/><G71/><T81/><D95/><U79/><E87/><V96/><F96/><W55/><G24/><T109/><D109/><U88/><E41/><N who="3" m="15978" /><G47/><T117/><D117/><U15/><E79/><V59/><REACH who="2" step="1"/><F114/><REACH who="2" ten="80,227,371,312" step="2"/><W66/><G66/><T107/><D107/><U16/><AGARI ba="0,1" hai="4,7,9,11,13,15,16,22,25,83,84,88,90,91" machi="16" ten="20,24000,3" yaku="0,1,7,1,9,1,8,1,52,2,54,2" doraHai="3" who="1" fromWho="1" sc="80,-80,227,250,371,-80,312,-80" /><INIT seed="5,1,0,1,2,29" ten="0,477,291,232" oya="1" hai0="58,128,65,88,84,118,124,23,87,81,74,72,129" hai1="14,40,42,79,94,57,76,38,115,44,107,21,116" hai2="104,110,27,82,67,73,102,53,101,71,34,121,60" hai3="86,70,92,105,111,13,109,63,50,24,12,46,133"/><U19/><E107/><V33/><F110/><W114/><G105/><T89/><D23/><U37/><E116/><V120/><F53/><W17/><G12/><T134/><D58/><U97/><E115/><V32/><F27/><W113/><G133/><T18/><D18/><U132/><E132/><V64/><F64/><W43/><G24/><T126/><D65/><U130/><E130/><N who="0" m="50281" /><D118/><U54/><E40/><V66/><F66/><W10/><G63/><T36/><D36/><U39/><E39/><V31/><F31/><W2/><G70/><T6/><D6/><U77/><E38/><V119/><F119/><W47/><G2/><T112/><D112/><N who="3" m="43113" /><G46/><T52/><D52/><U3/><E3/><V48/><F48/><W80/><G92/><N who="0" m="54279" /><D134/><U83/><E54/><V8/><F8/><W59/><G59/><T85/><D85/><U16/><E57/><V22/><F22/><W61/><G61/><T4/><D4/><U7/><E7/><V123/><REACH who="2" step="1"/><F104/><REACH who="2" ten="0,477,281,232" step="2"/><W78/><AGARI ba="1,1" hai="10,13,17,43,47,50,78,80,86,109,111" m="43113" machi="78" ten="30,1100,0" yaku="15,1" doraHai="29" who="3" fromWho="3" sc="0,-4,477,-6,281,-4,232,24" owari="-4,-50.4,471,57.1,277,7.7,256,-14.4" /></mjloggm>