<mjloggm ver="2.3"><GO type="169" lobby="0"/><UN n0="%E5%A4%A9%E6%89%8D%E9%BA%BB%E5%B0%86%E6%99%BA%E4%B9%83" n1="%E9%B3%B3%E5%8D%97%E3%81%AE%E3%81%B6%E3%81%9F%E3%81%95%E3%82%93" n2="%E5%85%A9%E5%84%80%E4%B8%B6%E5%BC%8F" n3="%E3%81%82%E3%81%95%E3%81%B4%E3%82%93%EF%BC%A0%EF%BD%8D%EF%BD%8A" dan="16,18,16,18" rate="2128.76,2249.82,2131.87,2258.95" sx="M,M,M,M"/><TAIKYOKU oya="0"/><INIT seed="0,0,0,3,2,106" ten="250,250,250,250" oya="0" hai0="35,67,125,99,69,132,93,95,62,44,103,72,27" hai1="50,76,6,26,51,15,47,55,131,108,98,23,102" hai2="52,46,113,97,133,135,34,88,28,112,92,11,60" hai3="86,96,24,89,129,91,58,116,48,43,21,17,90"/><T13/><D132/><N who="2" m="50762" /><F11/><W53/><G129/><T33/><D125/><U30/><E131/><V39/><F28/><W19/><G116/><T123/><D123/><U118/><E118/><V4/><F4/><W14/><G96/><T126/><D126/><U119/><E119/><V130/><F34/><W81/><REACH who="3" step="1"/><G43/><REACH who="3" ten="250,250,250,240" step="2"/><T38/><D99/><U59/><E108/><V57/><F130/><W8/><AGARI ba="0,1" hai="8,14,17,19,21,24,48,53,58,81,86,89,90,91" machi="8" ten="20,12000,2" yaku="1,1,2,1,0,1,7,1,8,1,53,1" doraHai="106" doraHaiUra="79" who="3" fromWho="3" sc="250,-60,250,-30,250,-30,240,130" /><INIT seed="1,0,0,0,0,10" ten="190,220,220,370" oya="1" hai0="97,13,20,118,39,75,16,41,29,129,85,121,69" hai1="133,68,107,43,84,125,112,11,101,116,123,99,28" hai2="3,95,9,128,14,122,67,76,88,24,4,135,6" hai3="110,117,15,102,49,103,17,83,120,35,89,93,92"/><U134/><E68/><V81/><F122/><W91/><G120/><T87/><D75/><U25/><E123/><V131/><F135/><N who="1" m="51721" /><E112/><V21/><F67/><W1/><G1/><T132/><D118/><U44/><E116/><V65/><F65/><W50/><G35/><T72/><D72/><U106/><E125/><V42/><F42/><W98/><G110/><T124/><D132/><U8/><E84/><V18/><F128/><W64/><G64/><T77/><D69/><U23/><E107/><V104/><F104/><W127/><G127/><T59/><D124/><U119/><E119/><V53/><F131/><W32/><G32/><T12/><D129/><U66/><E66/><V22/><F53/><W5/><G5/><T33/><D77/><U34/><E34/><V70/><F70/><W27/><G27/><T52/><D121/><U82/><E82/><V80/><F4/><W61/><G61/><T54/><D54/><U105/><E105/><V31/><REACH who="2" step="1"/><F76/><REACH who="2" ten="190,220,210,370" step="2"/><W56/><G117/><T2/><D41/><U60/><E60/><V63/><F63/><W48/><G56/><T130/><D130/><U37/><AGARI ba="0,1" hai="8,11,23,25,28,37,43,44,99,101,106" m="51721" machi="37" ten="30,1500,0" yaku="20,1" doraHai="10" who="1" fromWho="1" sc="190,-5,220,25,210,-5,370,-5" /><INIT seed="1,1,0,4,0,10" ten="185,245,205,365" oya="1" hai0="41,135,65,99,62,90,85,63,68,55,56,11,128" hai1="69,113,50,22,46,112,102,54,9,100,42,66,120" hai2="17,116,47,2,23,111,104,60,131,96,32,118,98" hai3="57,33,18,108,83,34,73,51,13,72,21,14,97"/><U49/><E120/><V122/><F2/><W89/><G108/><T25/><D128/><U52/><E22/><V0/><F122/><W7/><G73/><T86/><D135/><U127/><E127/><V70/><F0/><W28/><G28/><T38/><D38/><U61/><E100/><V84/><F111/><W88/><G34/><T91/><D41/><U20/><E102/><V82/><F32/><W75/><G33/><T36/><D36/><U58/><E9/><V45/><F131/><W78/><G75/><T19/><D90/><U31/><E31/><V115/><F115/><W107/><G107/><T105/><D105/><U94/><E94/><V12/><F104/><W35/><G35/><T29/><D29/><U132/><E20/><V64/><F45/><W4/><G97/><T79/><D79/><U119/><E132/><V121/><F121/><W37/><G37/><T40/><D40/><U110/><E110/><V123/><F47/><W134/><G134/><T81/><D81/><U67/><E119/><V109/><F109/><W124/><G124/><T71/><D71/><U95/><E95/><V3/><F3/><W53/><REACH who="3" step="1"/><G14/><REACH who="3" ten="185,245,205,355" step="2"/><T16/><D99/><N who="2" m="37930" /><F123/><W59/><G59/><T76/><D56/><N who="1" m="32855" /><E66/><V44/><F44/><W8/><G8/><T26/><D11/><U5/><E5/><AGARI ba="1,1" hai="4,5,7,13,18,21,51,53,57,72,78,83,88,89" machi="5" ten="40,5200,0" yaku="1,1,52,1,54,1,53,0" doraHai="10" doraHaiUra="39" who="3" fromWho="1" sc="185,0,245,-55,205,0,355,65" /><INIT seed="2,0,0,0,4,112" ten="185,190,205,420" oya="2" hai0="5,45,78,16,111,128,73,108,126,134,91,40,8" hai1="130,51,102,131,76,118,44,92,99,15,19,4,82" hai2="53,81,57,11,1,93,17,103,120,66,72,50,85" hai3="28,113,74,39,123,62,117,43,34,115,94,96,42"/><V20/><F120/><W97/><G123/><T132/><D91/><U7/><E118/><V52/><F72/><W75/><G62/><T55/><D55/><U18/><E131/><V56/><F66/><W95/><G28/><T109/><D128/><U86/><E130/><V33/><F33/><W6/><G6/><T70/><D70/><U114/><E114/><V22/><F1/><W90/><G34/><T101/><D101/><U41/><REACH who="1" step="1"/><E19/><REACH who="1" ten="185,180,205,420" step="2"/><V122/><F122/><W87/><G117/><T110/><D16/><U10/><AGARI ba="0,1" hai="4,7,10,15,18,41,44,51,76,82,86,92,99,102" machi="10" ten="20,8000,1" yaku="1,1,2,1,0,1,7,1,8,1,53,0" doraHai="112" doraHaiUra="124" who="1" fromWho="1" sc="185,-20,180,90,205,-40,420,-20" /><INIT seed="3,0,0,3,4,55" ten="165,270,165,400" oya="3" hai0="130,34,98,101,25,134,81,92,127,113,12,6,90" hai1="88,16,132,4,58,131,126,60,69,110,106,117,124" hai2="108,0,1,63,133,53,65,109,123,56,112,7,104" hai3="107,93,11,118,100,89,17,115,26,84,73,78,30"/><W52/><G115/><T14/><D130/><U47/><E106/><V2/><F112/><W57/><G118/><T31/><D113/><U97/><E69/><V99/><F7/><W46/><G46/><T62/><D134/><U23/><E131/><V68/><F133/><W9/><G73/><T119/><D119/><U35/><E35/><V66/><F123/><W8/><G78/><T54/><D6/><U86/><E132/><V27/><F27/><W61/><G107/><T76/><D127/><N who="1" m="48683" /><E4/><V13/><F13/><W19/><REACH who="3" step="1"/><G100/><REACH who="3" ten="165,270,165,390" step="2"/><T105/><D105/><U125/><E125/><V82/><F104/><W36/><G36/><T111/><D101/><U87/><E47/><V32/><F109/><W38/><G38/><T45/><D111/><U72/><E72/><V50/><F108/><W42/><G42/><T37/><D37/><U29/><E110/><V71/><F0/><W5/><G5/><T85/><D45/><U114/><E114/><V22/><F1/><W21/><AGARI ba="0,1" hai="8,9,11,17,19,21,26,30,52,57,61,84,89,93" machi="21" ten="30,12000,1" yaku="1,1,0,1,8,1,52,1,54,1,53,0" doraHai="55" doraHaiUra="120" who="3" fromWho="3" sc="165,-40,270,-40,165,-40,390,130" /><INIT seed="3,1,0,3,3,135" ten="125,230,125,520" oya="3" hai0="3,46,131,54,29,22,18,26,69,101,106,88,74" hai1="36,85,99,119,127,21,124,34,92,82,35,91,78" hai2="47,58,118,61,8,110,115,90,122,60,64,123,71" hai3="98,28,45,83,11,6,55,30,79,17,94,96,113"/><W4/><G113/><T59/><D69/><U70/><E70/><V5/><F115/><W105/><G105/><T42/><D74/><U57/><E36/><V31/><F118/><W67/><G67/><T65/><D65/><U112/><E112/><V14/><F110/><W95/><G17/><T128/><D3/><U111/><E111/><V68/><F31/><W87/><G45/><T125/><D125/><N who="1" m="48203" /><E119/><V15/><F47/><W77/><G55/><T89/><D29/><U48/><E21/><V73/><F73/><W134/><G134/><T44/><D101/><U52/><AGARI ba="1,0" hai="34,35,48,52,57,78,82,85,91,92,99" m="48203" machi="52" ten="30,8000,1" yaku="18,1,52,3,54,1" doraHai="135" who="1" fromWho="1" sc="125,-21,230,83,125,-21,520,-41" /><INIT seed="4,0,0,2,0,53" ten="104,313,104,479" oya="0" hai0="61,108,65,121,80,81,46,120,21,124,3,20,92" hai1="114,27,127,134,28,94,85,97,66,64,113,13,62" hai2="5,34,126,96,23,110,43,87,129,41,69,103,117" hai3="118,123,56,25,98,73,128,131,50,35,1,112,106"/><T70/><D3/><U101/><E127/><V68/><F34/><W93/><G118/><T30/><D124/><U132/><E13/><V42/><F126/><W86/><G73/><T72/><D108/><U19/><E19/><V14/><F110/><W6/><G106/><T48/><D92/><U133/><E85/><V59/><F117/><W89/><G112/><N who="1" m="43114" /><E62/><V76/><F129/><W99/><G6/><T15/><D21/><AGARI ba="0,0" hai="21,27,28,64,66,94,97,101,132,133,134" m="43114" machi="21" ten="40,5200,0" yaku="20,1,15,1,11,1" doraHai="53" who="1" fromWho="0" sc="104,-52,313,52,104,0,479,0" /><INIT seed="5,0,0,1,3,66" ten="52,365,104,479" oya="1" hai0="28,35,75,5,122,99,105,46,72,47,4,81,55" hai1="126,101,40,33,16,91,118,73,62,18,7,25,90" hai2="61,80,69,120,71,111,19,17,12,104,119,57,125" hai3="108,38,39,123,110,20,45,24,92,44,56,128,59"/><U100/><E118/><V30/><F111/><W1/><G1/><T22/><D122/><U124/><E73/><V112/><F119/><W127/><G92/><T129/><D129/><U36/><E7/><V34/><F120/><W134/><G20/><T0/><D35/><U115/><E115/><V130/><F104/><W10/><G24/><T88/><D0/><U74/><E74/><V26/><F130/><W113/><G10/><T116/><D116/><U42/><E62/><V82/><F112/><W117/><G117/><T9/><D105/><U94/><E94/><V109/><F125/><W107/><G127/><T89/><D9/><U102/><E102/><V60/><F109/><W96/><G96/><T93/><D22/><U67/><E67/><V11/><F17/><W6/><G6/><T64/><D64/><U68/><E36/><V65/><REACH who="2" step="1"/><F61/><REACH who="2" ten="52,365,94,479" step="2"/><W114/><G107/><T78/><D28/><U15/><E25/><V8/><F8/><W51/><G123/><T83/><D4/><U49/><E126/><V29/><F29/><W135/><G128/><T13/><D5/><U2/><E124/><V97/><F97/><W76/><G76/><T85/><D13/><U31/><E15/><V87/><F87/><W37/><G37/><T131/><D131/><U79/><E31/><V14/><F14/><W53/><G51/><N who="0" m="29175" /><D75/><U27/><E18/><V98/><F98/><W77/><G77/><T21/><D21/><U58/><E16/><V132/><F132/><W23/><G23/><T103/><D103/><U86/><E101/><V95/><F95/><W133/><G133/><RYUUKYOKU ba="0,1" sc="52,10,365,-30,94,10,479,10" hai0="47,72,78,81,83,85,88,89,93,99" hai2="11,12,19,26,30,34,57,60,65,69,71,80,82" hai3="38,39,44,45,53,56,59,108,110,113,114,134,135" /><INIT seed="6,1,1,4,3,121" ten="62,335,104,489" oya="2" hai0="42,55,54,129,53,106,77,120,126,61,49,57,135" hai1="133,47,30,91,1,16,109,122,98,35,86,14,134" hai2="107,80,89,128,117,4,97,81,125,15,116,70,39" hai3="94,68,69,28,84,102,50,38,85,17,18,112,64"/><V111/><F39/><W2/><G38/><T26/><D106/><U48/><E1/><V34/><F70/><W5/><G28/><T21/><D120/><U58/><E122/><V65/><F34/><W22/><G5/><T87/><D129/><U79/><E79/><V31/><F65/><W118/><G2/><T72/><D72/><U45/><E98/><V8/><F31/><W29/><G29/><T74/><D74/><U60/><E30/><V105/><F128/><W110/><G50/><T10/><D135/><N who="1" m="51723" /><E48/><V88/><F125/><W66/><G102/><T103/><D126/><U113/><E113/><V101/><F107/><W132/><G132/><T95/><D10/><N who="1" m="6231" /><E35/><V104/><F104/><W23/><G112/><T36/><D36/><U127/><E109/><V40/><F111/><W92/><G110/><T27/><D42/><U44/><E127/><V12/><F12/><W114/><G114/><T32/><D32/><U6/><E6/><V56/><F40/><W52/><G118/><T59/><D55/><AGARI ba="1,1" hai="17,18,22,23,52,55,64,66,68,69,84,85,92,94" machi="55" ten="25,3200,0" yaku="22,2,54,1" doraHai="121" who="3" fromWho="0" sc="62,-35,335,0,104,0,489,45" /><INIT seed="7,0,0,5,3,0" ten="27,335,104,534" oya="3" hai0="109,122,46,134,110,68,118,100,73,56,54,14,42" hai1="31,107,39,89,38,80,114,30,48,32,82,119,70" hai2="98,69,121,125,20,64,65,113,124,75,120,102,23" hai3="83,108,106,12,132,43,55,117,8,6,76,96,24"/><W59/><G117/><T58/><D73/><U18/><E119/><V52/><F75/><W72/><G132/><T111/><D100/><U1/><E1/><V21/><F52/><W87/><G108/><T53/><D118/><U116/><E116/><V5/><F5/><W129/><G129/><T63/><D14/><U40/><E70/><V34/><F34/><W25/><G43/><T94/><D94/><U22/><E107/><N who="2" m="63959" /><F113/><W128/><G128/><T28/><D28/><U95/><E114/><V41/><F41/><W49/><G72/><T19/><D19/><U17/><E40/><V33/><F33/><W86/><G86/><T15/><D15/><U97/><E32/><V2/><F2/><W131/><G131/><T3/><D3/><U11/><E97/><V99/><F99/><W92/><G106/><T101/><D101/><AGARI ba="0,0" hai="6,8,12,24,25,49,55,59,76,83,87,92,96,101" machi="101" ten="30,5800,0" yaku="7,1,8,1,52,1" doraHai="0" who="3" fromWho="0" sc="27,-58,335,0,104,0,534,58" owari="-31,-53.1,335,13.5,104,-29.6,592,69.2" /></mjloggm>