<mjloggm ver="2.3"><GO type="169" lobby="0"/><UN n0="%E3%81%BE%E3%81%A8%E3%81%9F" n1="%73%79%75%70%6F%6E" n2="%74%73%75%6B%69%31" n3="%E5%85%94%E6%96%AF%E5%9F%BA" dan="16,17,16,16" rate="2075.09,2216.51,2191.25,2092.13" sx="M,M,M,M"/><TAIKYOKU oya="0"/><INIT seed="0,0,0,2,5,44" ten="250,250,250,250" oya="0" hai0="131,50,91,127,33,63,73,69,29,52,135,55,95" hai1="104,124,103,13,118,47,35,8,115,70,17,84,38" hai2="34,116,40,121,122,25,126,16,82,76,6,23,3" hai3="9,22,114,42,88,128,130,24,85,27,101,10,90"/><T66/><D127/><U21/><E118/><V20/><F126/><W100/><G42/><T62/><D73/><U60/><E124/><V129/><F116/><W56/><G56/><N who="0" m="35079" /><D33/><U109/><E35/><V48/><F34/><W105/><G105/><T32/><D32/><U97/><E109/><V120/><F129/><W94/><G114/><T108/><D29/><U79/><E115/><V1/><F6/><W45/><G45/><N who="0" m="28111" /><D91/><U71/><E47/><V0/><F40/><W67/><G67/><T43/><D95/><U57/><E38/><V39/><F39/><W59/><G94/><T106/><D106/><U19/><E84/><V53/><F20/><W77/><G59/><N who="0" m="37247" /><D43/><U86/><E86/><V15/><F0/><W18/><G85/><T110/><D131/><U102/><E79/><V41/><F41/><W51/><G77/><T74/><D74/><U119/><E103/><V2/><F76/><W54/><G101/><T83/><D83/><U75/><E75/><V80/><REACH who="2" step="1"/><F25/><REACH who="2" ten="250,250,240,250" step="2"/><W30/><G130/><T89/><D89/><U117/><E117/><V98/><F98/><W58/><G128/><T107/><D107/><U14/><E119/><V68/><F68/><W64/><G90/><T92/><D69/><U81/><E71/><V111/><F111/><N who="0" m="42538" /><D92/><U37/><E70/><V93/><F93/><W31/><G88/><T112/><D112/><U4/><E4/><V123/><N who="2" m="30720" /><DORA hai="134" /><V72/><F72/><W36/><G24/><T12/><D12/><U96/><E96/><V49/><F49/><W5/><G51/><T87/><D87/><U11/><E97/><RYUUKYOKU ba="0,1" sc="250,15,250,-15,240,15,250,-15" hai0="135" hai2="1,2,3,15,16,23,48,53,80,82" /><INIT seed="0,1,1,0,5,125" ten="265,235,255,235" oya="0" hai0="25,114,42,35,26,47,78,101,62,34,33,8,130" hai1="102,108,103,123,20,118,39,121,98,134,95,38,81" hai2="107,75,46,27,44,124,4,77,116,132,16,45,100" hai3="53,64,73,119,3,18,66,52,65,40,49,63,67"/><T56/><D114/><U5/><E118/><V128/><F124/><W99/><G119/><T135/><D135/><U2/><E134/><V12/><F132/><W85/><G73/><T14/><D101/><U48/><E108/><V111/><F116/><W79/><G3/><T70/><D70/><U82/><E20/><V30/><F111/><W74/><G74/><T15/><D78/><U31/><E31/><V76/><F75/><W115/><G115/><T110/><D15/><U41/><E48/><V61/><F4/><W28/><G28/><T80/><D80/><U117/><E117/><V133/><F133/><W96/><G40/><T68/><D68/><U84/><E103/><V112/><F61/><W69/><G53/><T93/><D93/><U32/><E32/><V37/><F37/><W58/><REACH who="3" step="1"/><G18/><REACH who="3" ten="265,235,255,225" step="2"/><T43/><D43/><U57/><E41/><V109/><F112/><W86/><G86/><T106/><D110/><U92/><E84/><V71/><F109/><W90/><G90/><T55/><D42/><U10/><E2/><V19/><F19/><W22/><G22/><T72/><D55/><U97/><E123/><V104/><F30/><W83/><AGARI ba="1,2" hai="49,52,58,63,64,65,66,67,69,79,83,85,96,99" machi="83" ten="30,4000,0" yaku="1,1,0,1,54,1,53,0" doraHai="125" doraHaiUra="6" who="3" fromWho="3" sc="265,-21,235,-11,255,-11,225,63" /><INIT seed="1,0,0,5,2,69" ten="244,224,244,288" oya="1" hai0="86,97,117,93,29,58,125,89,81,63,107,114,109" hai1="96,119,79,41,62,108,45,25,85,110,33,34,44" hai2="54,30,115,116,19,0,1,36,124,12,23,35,113" hai3="120,13,56,70,40,64,99,128,87,112,38,2,6"/><U92/><E119/><V21/><F54/><W51/><G120/><T133/><D114/><N who="2" m="43530" /><F116/><W50/><G112/><T90/><D117/><U59/><E85/><V22/><F36/><W66/><G2/><N who="2" m="1129" /><F124/><W18/><G38/><T127/><D29/><U118/><E79/><V71/><F71/><W106/><G70/><T80/><D58/><U52/><E118/><V121/><F121/><W28/><G56/><T8/><D63/><U105/><E105/><V130/><F130/><W9/><G66/><T100/><D8/><U75/><E75/><V57/><F57/><W31/><G64/><T129/><D129/><U32/><E25/><AGARI ba="0,0" hai="12,19,21,22,23,25,30,35" m="1129,43530" machi="25" ten="30,3900,0" yaku="11,1,34,2" doraHai="69" who="2" fromWho="1" sc="244,0,224,-39,244,39,288,0" /><INIT seed="2,0,0,1,4,87" ten="244,185,283,288" oya="2" hai0="9,118,61,58,103,97,100,126,23,109,98,117,119" hai1="44,113,8,114,46,127,92,95,60,34,108,82,135" hai2="43,47,73,36,13,52,81,86,12,64,85,25,101" hai3="14,26,83,69,7,38,21,29,50,54,84,56,80"/><V77/><F64/><W122/><G122/><T71/><D71/><U93/><E108/><V18/><F101/><N who="0" m="38986" /><D23/><U33/><E8/><V10/><F25/><W1/><G38/><T110/><D9/><U22/><E22/><V28/><F28/><W78/><G69/><T19/><D19/><U128/><E82/><V121/><F121/><W104/><G104/><T32/><D32/><U11/><E11/><V0/><F0/><W65/><G1/><T24/><D24/><U102/><E102/><V133/><F12/><W94/><G65/><T57/><D61/><U106/><E106/><V45/><REACH who="2" step="1"/><F133/><REACH who="2" ten="244,185,273,288" step="2"/><W42/><G14/><T35/><D35/><U5/><E33/><V130/><F130/><W131/><G131/><T105/><D105/><U91/><E34/><V116/><F116/><W120/><G120/><T76/><D119/><U132/><E128/><V63/><F63/><W70/><G29/><T15/><D118/><U48/><E60/><V2/><F2/><W40/><G26/><T124/><D117/><U55/><E135/><V89/><F89/><W16/><G70/><T96/><D15/><U123/><E132/><V53/><F53/><W115/><G54/><T79/><D76/><U51/><E123/><V68/><F68/><W112/><G78/><T39/><D79/><U67/><E67/><V37/><F37/><W62/><G62/><T17/><D39/><U27/><E27/><V41/><F41/><W125/><G40/><T31/><D31/><U99/><E55/><V49/><AGARI ba="0,1" hai="10,13,18,36,43,45,47,49,52,73,77,81,85,86" machi="49" ten="30,6000,0" yaku="1,1,0,1,54,1,53,0" doraHai="87" doraHaiUra="134" who="2" fromWho="2" sc="244,-20,185,-20,273,70,288,-20" /><INIT seed="2,1,0,3,0,11" ten="224,165,343,268" oya="2" hai0="63,81,82,4,70,91,25,74,40,36,53,83,120" hai1="134,17,135,125,43,118,116,94,2,61,5,13,30" hai2="68,100,80,50,41,87,35,14,7,20,9,10,107" hai3="77,130,121,102,12,64,111,59,45,90,131,115,99"/><V79/><F35/><W39/><G121/><T26/><D120/><U105/><E105/><V92/><F68/><W124/><G111/><T108/><D74/><U133/><E43/><V47/><F107/><W34/><G34/><T89/><D4/><U57/><E125/><V31/><F9/><W114/><G77/><T60/><D40/><U109/><E109/><V104/><F104/><N who="3" m="63583" /><G90/><T72/><D36/><U6/><E94/><V71/><F71/><W122/><G122/><T84/><D72/><U42/><E42/><V8/><F8/><W51/><G39/><T98/><D108/><U65/><E30/><V106/><F106/><W44/><G124/><T126/><D126/><U123/><E123/><V52/><F52/><N who="3" m="32159" /><G64/><T19/><D70/><U86/><E86/><V103/><F92/><W33/><G33/><T85/><D98/><U93/><E93/><V95/><F95/><W129/><G12/><T66/><D82/><U21/><REACH who="1" step="1"/><E2/><REACH who="1" ten="224,155,343,268" step="2"/><V3/><F3/><W58/><G58/><T18/><REACH who="0" step="1"/><D66/><REACH who="0" ten="214,155,343,268" step="2"/><U48/><E48/><V69/><F69/><W67/><G67/><T24/><D24/><AGARI ba="1,2" hai="7,10,14,20,24,31,41,47,50,79,80,87,100,103" machi="24" ten="40,12000,1" yaku="25,2,8,1,52,1" doraHai="11" who="2" fromWho="0" sc="214,-123,155,0,343,143,268,0" /><INIT seed="2,2,0,5,4,96" ten="91,155,486,268" oya="2" hai0="104,81,67,10,83,87,114,27,22,49,5,134,48" hai1="20,123,64,92,37,105,21,98,101,42,75,62,79" hai2="115,60,111,110,72,119,128,88,39,14,51,25,74" hai3="4,50,84,103,6,15,53,80,65,120,91,63,2"/><V38/><F115/><W95/><G2/><T11/><D114/><U32/><E123/><V33/><F119/><W113/><G120/><T73/><D104/><U71/><E37/><V133/><F133/><W78/><G113/><T16/><D134/><U85/><E42/><V131/><F51/><W44/><G15/><T117/><D117/><U59/><E32/><V86/><F60/><W94/><G103/><T126/><D126/><U54/><E75/><N who="2" m="28715" /><F14/><W57/><REACH who="3" step="1"/><G95/><REACH who="3" ten="91,155,486,258" step="2"/><T28/><D73/><AGARI ba="2,1" hai="4,6,44,50,53,57,63,65,73,78,80,84,91,94" machi="73" ten="30,3900,0" yaku="1,1,2,1,7,1,53,0" doraHai="96" doraHaiUra="18" who="3" fromWho="0" sc="91,-45,155,0,486,0,258,55" /><INIT seed="3,0,0,3,1,19" ten="46,155,486,313" oya="3" hai0="18,105,11,110,20,79,0,50,54,73,95,13,44" hai1="17,12,28,56,87,72,1,46,25,66,10,33,63" hai2="70,128,53,31,114,30,117,62,81,97,67,83,3" hai3="96,35,64,92,134,84,39,57,113,49,48,16,102"/><W115/><G39/><T2/><D110/><U101/><E72/><V4/><F117/><W76/><G35/><T23/><D105/><U68/><E101/><V112/><F4/><W104/><G134/><T122/><D122/><U85/><E68/><V45/><F3/><W8/><G115/><T32/><D32/><U43/><REACH who="1" step="1"/><E1/><REACH who="1" ten="46,145,486,313" step="2"/><V99/><F70/><W61/><G113/><T51/><D0/><U86/><E86/><V77/><F112/><W116/><G116/><T47/><D2/><U14/><E14/><V59/><F114/><W29/><G104/><T119/><D119/><U98/><E98/><V60/><F99/><W124/><G124/><T34/><D34/><U37/><AGARI ba="0,1" hai="10,12,17,25,28,33,37,43,46,56,63,66,85,87" machi="37" ten="20,2700,0" yaku="1,1,0,1,7,1,53,0" doraHai="19" doraHaiUra="107" who="1" fromWho="1" sc="46,-7,145,37,486,-7,313,-13" /><INIT seed="4,0,0,5,3,128" ten="39,182,479,300" oya="0" hai0="1,4,54,33,57,113,83,126,48,17,2,16,87" hai1="124,19,42,66,116,15,123,22,63,24,29,99,23" hai2="117,97,62,131,67,81,101,120,13,119,118,37,30" hai3="82,135,130,76,92,109,69,11,86,39,55,20,26"/><T112/><D33/><U95/><E116/><V80/><F120/><W132/><G39/><T46/><D126/><U60/><E123/><V53/><F37/><W115/><G109/><T84/><D1/><U25/><E124/><V70/><F131/><W107/><G107/><T0/><D2/><U6/><E42/><V56/><F13/><W43/><G130/><T121/><D121/><U27/><E6/><V34/><F30/><W40/><G69/><T133/><D133/><N who="3" m="51273" /><G115/><T96/><D96/><U28/><E28/><V31/><F31/><N who="3" m="17863" /><G11/><N who="0" m="2439" /><D46/><U9/><E9/><V10/><F10/><W38/><G38/><T8/><D8/><U106/><E106/><N who="2" m="63791" /><F34/><W129/><G129/><T44/><D44/><U134/><E134/><V65/><F70/><W77/><G77/><N who="0" m="46191" /><D87/><U41/><E41/><N who="3" m="15946" /><G55/><T35/><D35/><U75/><E29/><V85/><F53/><W72/><G92/><T125/><D125/><U127/><E95/><V32/><F32/><W105/><G105/><T61/><D61/><U89/><E60/><V64/><F80/><W111/><G86/><T91/><D91/><AGARI ba="0,0" hai="56,62,64,65,67,81,85,91,117,118,119" m="63791" machi="91" ten="30,1000,0" yaku="12,1" doraHai="128" who="2" fromWho="0" sc="39,-10,182,0,479,10,300,0" /><INIT seed="5,0,0,5,1,112" ten="29,182,489,300" oya="1" hai0="60,17,67,54,2,95,117,84,11,73,57,94,105" hai1="39,36,125,66,99,47,134,40,18,98,50,87,3" hai2="122,42,113,19,49,121,131,34,74,35,103,111,123" hai3="25,10,7,86,65,46,53,56,29,120,61,135,93"/><U118/><E3/><V64/><F74/><W14/><G120/><T91/><D105/><U38/><E125/><V13/><F111/><W44/><G135/><T80/><D73/><U90/><E134/><V76/><F113/><W127/><G127/><T100/><D2/><U109/><E109/><V5/><F5/><W79/><G53/><T77/><D100/><U72/><E72/><V6/><F6/><W132/><G132/><T32/><D32/><U70/><E118/><V55/><F42/><W58/><G58/><T102/><D117/><U116/><E116/><V133/><F76/><W96/><G86/><T130/><D130/><U88/><E18/><V51/><F103/><W106/><G79/><T1/><D1/><U15/><E15/><V78/><F78/><W33/><G106/><T20/><D11/><U108/><E90/><AGARI ba="0,0" hai="7,10,14,25,29,33,44,46,56,61,65,90,93,96" machi="90" ten="30,1000,0" yaku="7,1" doraHai="112" who="3" fromWho="1" sc="29,0,182,-10,489,0,300,10" /><INIT seed="6,0,0,3,5,84" ten="29,172,489,310" oya="2" hai0="62,74,11,72,109,0,5,32,34,128,79,115,54" hai1="73,94,38,49,68,2,121,82,15,1,17,18,107" hai2="123,4,99,45,33,97,8,102,106,113,29,75,59" hai3="26,24,14,57,47,100,87,78,111,10,27,35,119"/><V22/><F33/><W124/><G119/><T96/><D109/><U12/><E107/><V135/><F123/><W85/><G35/><T48/><D115/><U36/><E68/><V7/><F75/><W132/><G111/><T56/><D128/><U83/><E94/><V86/><F113/><W31/><G31/><T39/><D74/><U3/><E49/><V80/><F99/><W98/><G132/><T16/><D39/><U51/><E51/><V61/><F45/><W134/><G124/><T52/><D96/><U60/><E60/><V88/><F135/><W133/><G47/><T103/><D103/><U55/><E55/><V44/><F44/><W127/><G127/><T19/><D79/><U125/><E73/><V76/><F76/><W91/><G78/><T63/><D72/><U67/><E67/><V64/><F8/><W53/><G134/><T131/><D48/><U104/><E104/><V117/><F117/><W65/><G10/><T71/><D71/><U118/><E121/><V110/><F110/><W9/><G100/><T30/><D131/><U89/><E3/><V129/><F129/><W70/><G70/><T120/><D120/><U46/><E46/><V40/><F40/><W92/><G133/><T37/><D37/><U58/><E125/><V42/><F42/><W126/><G126/><T81/><D81/><U90/><E58/><V101/><F101/><W66/><G57/><T50/><D50/><U77/><E77/><V21/><F29/><W6/><G53/><T116/><D116/><AGARI ba="0,0" hai="1,2,12,15,17,18,36,38,82,83,89,90,116,118" machi="116" ten="25,6400,0" yaku="22,2,52,2" doraHai="84" who="1" fromWho="0" sc="29,-64,172,64,489,0,310,0" owari="-35,-53.5,236,-16.4,489,58.9,310,11.0" /></mjloggm>