<mjloggm ver="2.3"><GO type="225" lobby="0"/><UN n0="%E6%97%A5%E6%9B%9C%E6%97%A5%E3%82%88%E3%82%8A%E3%81%AE%E4%BD%BF%E8%80%85" n1="%E8%B5%A4%E3%81%84%E8%9B%99%31%31" n2="%E3%81%99%E3%81%84%E3%81%BE%E3%81%9B%E3%83%BC%E3%82%93" n3="%72%61%6B%33" dan="17,16,18,16" rate="2209.90,2103.07,2200.29,2076.34" sx="M,M,M,M"/><TAIKYOKU oya="0"/><INIT seed="0,0,0,5,3,42" ten="250,250,250,250" oya="0" hai0="25,61,77,14,129,54,65,11,48,102,46,78,104" hai1="47,80,6,35,53,120,108,72,41,1,34,99,122" hai2="4,9,50,133,95,21,88,23,96,38,67,27,117" hai3="85,8,134,111,86,97,13,103,0,33,26,66,49"/><T64/><D129/><U109/><E53/><V44/><F133/><W5/><G111/><N who="1" m="42570" /><E99/><V101/><F38/><W127/><G134/><T124/><D124/><U118/><E118/><V81/><F117/><W131/><G127/><T37/><D37/><N who="1" m="21935" /><E6/><V106/><F67/><W119/><G131/><T128/><D128/><U3/><E80/><V107/><F81/><W92/><G119/><T45/><D104/><U10/><E72/><V125/><F125/><W79/><G79/><N who="0" m="30219" /><D102/><U84/><E84/><V52/><F101/><W105/><G92/><T15/><D25/><U24/><E10/><V89/><F89/><W20/><G49/><N who="0" m="28975" /><D61/><U56/><E56/><V116/><F116/><W74/><G74/><T2/><D2/><N who="1" m="523" /><E24/><V113/><F113/><W130/><G130/><T29/><D29/><U71/><E71/><V132/><F132/><W39/><G0/><T76/><N who="0" m="30227" /><T83/><DORA hai="123" /><D83/><U40/><E40/><V115/><F27/><W59/><G26/><T57/><D57/><U31/><E31/><V43/><F43/><W73/><G59/><T75/><D75/><U12/><E12/><N who="0" m="4649" /><D11/><U62/><E62/><V93/><F9/><W70/><G73/><T22/><D22/><U100/><E100/><V82/><F23/><W91/><G20/><T63/><D63/><U90/><E90/><V114/><F21/><W112/><G8/><T28/><D28/><U36/><E36/><V51/><F88/><W121/><G39/><T69/><D69/><U87/><E35/><V94/><F82/><W58/><G33/><T55/><AGARI ba="0,0" hai="46,48,55,64,65" m="4649,28975,30227" machi="55" ten="40,7800,0" yaku="8,1,52,2" doraHai="42,123" who="0" fromWho="0" sc="250,78,250,-26,250,-26,250,-26" /><INIT seed="0,1,0,1,5,133" ten="328,224,224,224" oya="0" hai0="119,127,57,43,99,32,54,114,17,118,107,96,121" hai1="33,49,7,71,109,2,18,27,134,51,102,70,123" hai2="120,110,23,98,5,30,53,130,61,94,45,10,52" hai3="24,122,135,88,90,97,55,36,104,21,3,84,77"/><T78/><D32/><U87/><E123/><V111/><F120/><W131/><G122/><T28/><D114/><U63/><E134/><V117/><F130/><W37/><G135/><T47/><D28/><U75/><E75/><V35/><F35/><W8/><G131/><T74/><D78/><U25/><E109/><N who="2" m="41483" /><F117/><W108/><G108/><T86/><D74/><U95/><E2/><N who="2" m="311" /><F61/><W1/><G77/><T29/><D29/><U91/><E7/><V132/><F45/><W92/><G104/><T9/><D107/><U39/><E39/><V60/><F60/><W83/><G55/><T6/><D47/><U125/><E33/><V38/><F38/><W41/><G8/><T56/><D54/><U106/><E63/><V116/><F116/><W93/><G37/><T34/><D34/><U65/><E70/><V115/><F115/><W19/><REACH who="3" step="1"/><G83/><REACH who="3" ten="328,224,224,214" step="2"/><T44/><D121/><U79/><E79/><V26/><F132/><W48/><G48/><T81/><D81/><U0/><E49/><V82/><F82/><W50/><G50/><T58/><D119/><U68/><E51/><V46/><F46/><AGARI ba="1,1" hai="1,3,19,21,24,36,41,46,84,88,90,92,93,97" machi="46" ten="40,2600,0" yaku="1,1,54,1,53,0" doraHai="133" doraHaiUra="64" who="3" fromWho="2" sc="328,0,224,0,224,-29,214,39" /><INIT seed="1,0,0,1,5,37" ten="328,224,195,253" oya="1" hai0="46,83,47,107,34,96,81,62,30,17,88,70,20" hai1="24,101,78,19,36,129,52,6,67,23,31,8,1" hai2="94,5,133,41,90,33,28,69,54,121,29,58,108" hai3="87,75,3,2,105,45,86,64,71,98,77,134,117"/><U124/><E124/><V61/><F121/><W111/><G87/><T92/><D107/><U125/><E125/><V32/><F108/><W57/><G57/><T112/><D112/><U119/><E119/><V12/><F133/><W50/><G75/><T40/><D34/><U7/><E7/><V4/><F69/><W135/><G111/><T53/><D30/><N who="2" m="11882" /><F33/><W60/><G117/><T49/><D70/><U26/><E129/><V39/><F39/><W126/><G126/><T66/><D66/><U84/><E101/><V16/><F32/><W22/><G22/><T85/><D85/><U131/><E131/><V15/><F15/><W9/><G9/><T116/><D116/><U109/><E109/><V10/><F41/><N who="3" m="24879" /><G98/><AGARI ba="0,0" hai="4,5,10,12,16,54,58,61,90,94,98" m="11882" machi="98" ten="30,2000,0" yaku="8,1,54,1" doraHai="37" who="2" fromWho="3" sc="328,0,224,0,195,20,253,-20" /><INIT seed="2,0,0,2,3,73" ten="328,224,215,233" oya="2" hai0="126,81,36,82,13,104,11,125,130,118,127,62,109" hai1="38,61,84,9,27,63,110,58,19,106,119,85,39" hai2="108,10,122,69,88,70,79,25,4,8,28,45,44" hai3="98,34,40,128,54,26,95,96,92,105,117,93,124"/><V55/><F122/><W113/><G117/><T75/><D118/><U48/><E119/><V99/><F108/><W100/><G124/><T134/><D109/><U65/><E106/><V94/><F79/><W6/><G128/><T103/><D130/><U14/><E110/><V53/><F70/><W42/><G113/><T1/><D134/><U87/><E27/><V116/><F69/><W35/><G6/><N who="0" m="1487" /><D36/><U57/><REACH who="1" step="1"/><E48/><REACH who="1" ten="328,214,215,233" step="2"/><V18/><F116/><W71/><G26/><T0/><D127/><U101/><E101/><V7/><F7/><W60/><G100/><T121/><D103/><U49/><E49/><V23/><F28/><W91/><G105/><T3/><D104/><U12/><E12/><N who="2" m="5127" /><F10/><W97/><G34/><T24/><D24/><U2/><E2/><V47/><AGARI ba="0,1" hai="18,23,25,44,45,47,53,55,88,94,99" m="5127" machi="47" ten="30,3000,0" yaku="8,1,54,1" doraHai="73" who="2" fromWho="2" sc="328,-10,214,-10,215,40,233,-10" /><INIT seed="2,1,0,4,3,53" ten="318,204,255,223" oya="2" hai0="42,28,101,110,112,3,63,43,67,115,84,22,49" hai1="51,100,88,132,39,135,54,29,128,119,70,77,26" hai2="79,73,126,55,74,2,68,56,52,72,23,105,18" hai3="46,93,80,114,21,92,75,37,123,108,57,71,62"/><V83/><F68/><W133/><G123/><T98/><D3/><U58/><E119/><V50/><F105/><W36/><G108/><T61/><D110/><U116/><E116/><V65/><F2/><W90/><G71/><T40/><D84/><U45/><E100/><V91/><F126/><W11/><G133/><N who="1" m="51274" /><E77/><V87/><F65/><W38/><G114/><T24/><D49/><U17/><E128/><V103/><F55/><W69/><G69/><T59/><REACH who="0" step="1"/><D63/><REACH who="0" ten="308,204,255,223" step="2"/><U33/><E39/><V10/><F74/><W34/><G36/><T0/><D0/><U120/><E120/><V109/><F73/><W125/><G37/><T82/><D82/><U113/><E113/><V94/><F109/><W99/><G80/><T13/><D13/><U20/><E70/><V134/><F134/><W27/><G38/><T16/><D16/><U131/><E131/><V25/><F72/><W48/><G48/><T86/><D86/><U96/><E17/><V97/><F10/><W6/><G11/><T85/><D85/><U104/><E104/><AGARI ba="1,1" hai="22,24,28,40,42,43,59,61,67,98,101,104,112,115" machi="104" ten="40,2600,0" yaku="1,1,52,1,53,0" doraHai="53" doraHaiUra="118" who="0" fromWho="1" sc="308,39,204,-29,255,0,223,0" /><INIT seed="3,0,0,4,1,5" ten="347,175,255,223" oya="3" hai0="36,44,48,128,47,111,53,50,84,39,46,22,118" hai1="56,109,92,100,76,4,120,0,131,135,73,15,10" hai2="45,37,64,108,81,87,74,97,7,59,40,26,27" hai3="32,107,18,114,17,25,80,14,88,79,90,82,101"/><W91/><G114/><T60/><D84/><U70/><E70/><V99/><F108/><W94/><G107/><T95/><D95/><U24/><E120/><V121/><F74/><W19/><G32/><T75/><D22/><U117/><E109/><V31/><F7/><W33/><G33/><T69/><D75/><U130/><E117/><V63/><F121/><W41/><G41/><N who="0" m="24591" /><D111/><U129/><E135/><V52/><F64/><W89/><G25/><T115/><D128/><U78/><E56/><V23/><F27/><W28/><G28/><T103/><D103/><U38/><E38/><N who="0" m="14377" /><D118/><U124/><E124/><V127/><F127/><W13/><G101/><T11/><D11/><N who="1" m="2439" /><E24/><V71/><F71/><W125/><G125/><T133/><D133/><U35/><E35/><V58/><F58/><W72/><REACH who="3" step="1"/><G80/><REACH who="3" ten="347,175,255,213" step="2"/><T54/><D115/><U98/><E73/><V34/><F34/><W8/><G8/><T119/><D119/><U62/><E62/><V49/><F37/><W116/><G116/><T43/><D47/><U1/><E1/><V123/><F123/><W113/><G113/><T6/><D6/><AGARI ba="0,1" hai="6,10,15,76,78,92,98,100,129,130,131" m="2439" machi="6" ten="30,3900,0" yaku="19,1,52,2" doraHai="5" who="1" fromWho="0" sc="347,-39,175,49,255,0,213,0" owari="308,40.8,224,-17.6,255,5.5,213,-28.7" /></mjloggm>