<mjloggm ver="2.3"><GO type="169" lobby="0"/><UN n0="%E3%81%93%E3%81%AB" n1="%E6%97%A5%E9%99%B0%E3%81%95%E3%82%93" n2="%43%68%72%69%73%74%31%32" n3="%E3%82%86%E3%83%BC%E3%82%84%2E%74" dan="16,17,17,18" rate="2143.54,2203.37,2178.32,2162.15" sx="M,F,F,M"/><TAIKYOKU oya="0"/><INIT seed="0,0,0,0,2,23" ten="250,250,250,250" oya="0" hai0="16,93,48,58,118,69,6,64,20,79,31,92,112" hai1="75,101,129,55,68,97,119,116,60,57,110,109,63" hai2="29,49,30,77,88,103,43,122,24,2,134,37,81" hai3="117,4,50,41,25,7,133,87,100,5,105,14,78"/><T46/><D112/><U111/><E75/><V32/><F122/><W35/><G117/><T18/><D118/><U21/><E21/><V27/><F2/><W84/><G133/><T86/><D69/><U82/><E82/><V107/><F37/><W47/><G78/><T1/><D6/><U128/><E97/><V131/><F134/><W8/><G100/><T121/><D1/><U71/><E101/><V3/><F3/><W90/><G105/><T53/><D121/><U15/><E15/><V65/><F65/><W56/><G56/><T120/><D120/><U70/><E63/><V74/><F131/><AGARI ba="0,0" hai="55,57,60,68,70,71,109,110,111,116,119,128,129,131" machi="131" ten="50,8000,1" yaku="14,1,19,1,34,3" doraHai="23" who="1" fromWho="2" sc="250,0,250,80,250,-80,250,0" /><INIT seed="1,0,0,2,1,55" ten="250,330,170,250" oya="1" hai0="52,6,127,20,101,95,129,40,131,59,114,0,92" hai1="84,57,71,70,87,13,2,132,80,116,61,110,66" hai2="113,5,47,134,123,75,124,111,120,115,64,28,38" hai3="107,26,135,72,98,62,122,14,25,49,8,89,133"/><U23/><E116/><V76/><F28/><W130/><G122/><N who="2" m="46633" /><F5/><W51/><G72/><T36/><D114/><N who="2" m="43530" /><F76/><W69/><G130/><N who="0" m="49675" /><D127/><U83/><E2/><V54/><F75/><W37/><G37/><T45/><D101/><U63/><E132/><N who="3" m="50762" /><G69/><T4/><D20/><U15/><E110/><V85/><F85/><W119/><G62/><N who="0" m="36199" /><D6/><U11/><E23/><V32/><F32/><W79/><G119/><T9/><AGARI ba="0,0" hai="0,4,9,36,40,45,92,95" m="36199,49675" machi="9" ten="30,4000,0" yaku="19,1,52,1,54,1" doraHai="55" who="0" fromWho="0" sc="250,40,330,-20,170,-10,250,-10" /><INIT seed="2,0,0,1,2,17" ten="290,310,160,240" oya="2" hai0="31,125,73,8,43,89,65,85,21,127,109,123,14" hai1="23,120,100,107,41,35,68,124,46,11,49,102,15" hai2="121,111,34,24,19,16,7,133,129,52,63,71,86" hai3="126,44,60,38,110,94,51,10,27,50,61,72,55"/><V75/><F121/><W74/><G38/><T66/><D73/><U69/><E35/><V98/><F75/><W39/><G39/><T101/><D101/><U40/><E120/><V87/><F129/><W96/><G110/><T95/><D123/><U113/><E113/><V5/><F133/><W25/><G126/><N who="0" m="48139" /><D43/><U37/><E124/><V42/><F42/><W77/><G10/><T118/><D118/><U9/><E37/><V80/><F111/><W3/><G3/><T103/><D103/><U90/><E90/><V135/><F135/><W67/><G61/><T93/><D93/><U1/><E1/><V62/><F71/><W79/><G51/><T104/><D104/><U128/><E128/><V134/><F34/><W36/><G74/><T131/><D131/><U2/><E2/><V6/><F134/><W81/><G77/><T58/><D58/><U106/><E49/><V59/><F98/><W88/><REACH who="3" step="1"/><G36/><REACH who="3" ten="290,310,160,230" step="2"/><T112/><D109/><U91/><E9/><V78/><F63/><W45/><G45/><T33/><D112/><U22/><E46/><V122/><F122/><W64/><G64/><T32/><D65/><U99/><E11/><V28/><REACH who="2" step="1"/><F86/><REACH who="2" ten="290,310,150,230" step="2"/><W29/><G29/><T108/><D108/><U97/><E106/><V54/><F54/><W30/><G30/><T56/><D31/><U84/><E107/><V0/><F0/><W53/><G53/><T132/><D132/><U92/><E84/><V13/><F13/><W57/><AGARI ba="0,2" hai="25,27,44,50,55,57,60,67,72,79,81,88,94,96" machi="57" ten="20,8000,1" yaku="1,1,0,1,7,1,54,1,53,1" doraHai="17" doraHaiUra="47" who="3" fromWho="3" sc="290,-20,310,-20,150,-40,230,100" /><INIT seed="3,0,0,2,0,29" ten="270,290,110,330" oya="3" hai0="108,71,126,18,34,25,98,100,114,83,4,51,111" hai1="69,70,32,89,76,60,26,9,112,104,113,130,27" hai2="73,118,79,5,28,11,41,0,121,124,36,55,1" hai3="7,109,37,87,122,77,67,3,35,57,15,12,82"/><W90/><G122/><T8/><D71/><U30/><E76/><V56/><F118/><W133/><G37/><T125/><D51/><U120/><E120/><V128/><F121/><W48/><G133/><T106/><D83/><U14/><E130/><V101/><F128/><W80/><G109/><N who="0" m="42059" /><D114/><U63/><E104/><V93/><F124/><N who="0" m="47722" /><D18/><U85/><E69/><V61/><F1/><W44/><G3/><N who="0" m="31" /><D25/><U22/><E70/><V13/><F13/><W2/><G2/><T74/><D74/><U119/><E119/><V21/><F73/><W99/><G7/><T96/><D98/><U86/><E112/><V50/><F36/><W88/><G99/><T81/><D81/><U134/><E113/><V45/><F79/><W49/><G82/><T97/><D96/><U19/><E86/><V66/><F101/><W132/><G80/><T75/><D75/><U23/><E89/><V115/><F115/><W6/><G49/><T17/><D17/><U33/><E85/><V131/><F131/><W84/><G48/><T92/><D92/><U123/><E123/><V46/><F93/><W116/><G87/><T43/><D43/><U38/><E38/><V40/><F46/><W16/><G84/><T52/><D52/><U107/><E107/><V39/><F39/><W47/><G77/><T110/><N who="0" m="42067" /><T95/><DORA hai="42" /><D95/><U62/><E60/><V54/><REACH who="2" step="1"/><F55/><REACH who="2" ten="270,290,100,330" step="2"/><W127/><G47/><T24/><D100/><U72/><E72/><V105/><F105/><W31/><G44/><T129/><D129/><U65/><E14/><N who="3" m="5162" /><G127/><T20/><D106/><U58/><E9/><RYUUKYOKU ba="0,1" sc="270,-10,290,-10,100,30,330,-10" hai2="0,5,11,21,28,40,41,45,50,54,56,61,66" /><INIT seed="4,1,1,1,1,30" ten="260,280,130,320" oya="0" hai0="114,46,101,44,27,37,91,13,20,36,109,98,132" hai1="97,135,18,26,49,63,81,1,96,76,28,5,118" hai2="25,77,121,104,75,55,21,106,52,51,2,6,16" hai3="88,105,99,54,119,94,39,103,43,7,59,107,12"/><T10/><D114/><U60/><E118/><V72/><F121/><W31/><G119/><T38/><D132/><U11/><E135/><V90/><F55/><W57/><G31/><T126/><D91/><U82/><E82/><V85/><F6/><W127/><G127/><T123/><D123/><U95/><E49/><V92/><F2/><W45/><G59/><T131/><D126/><U4/><E18/><V22/><F77/><W102/><G102/><T116/><D116/><U79/><E79/><V86/><F86/><W71/><G71/><T113/><D113/><U78/><E5/><V87/><F87/><W134/><G134/><T65/><D65/><U112/><E78/><V29/><F75/><W73/><G73/><T50/><D131/><U47/><E47/><V15/><REACH who="2" step="1"/><F72/><REACH who="2" ten="260,280,120,320" step="2"/><W128/><G128/><T0/><D0/><U42/><E112/><V125/><F125/><W61/><G7/><T80/><D109/><U89/><E42/><V124/><F124/><W122/><G122/><T115/><D115/><U69/><E1/><V83/><F83/><W66/><G54/><T108/><D80/><U19/><E81/><V17/><F17/><W70/><G43/><T129/><D108/><U58/><E19/><V64/><F64/><W41/><G41/><T48/><D129/><U3/><E76/><V40/><F40/><W9/><G66/><T8/><D38/><U68/><E3/><V111/><F111/><W100/><G39/><T93/><D37/><U34/><E4/><V23/><F23/><W24/><G9/><T130/><D36/><U35/><E11/><RYUUKYOKU ba="1,2" sc="260,-10,280,-10,120,30,320,-10" hai2="15,16,21,22,25,29,51,52,85,90,92,104,106" /><INIT seed="5,2,2,3,5,127" ten="250,270,150,310" oya="1" hai0="6,101,28,111,18,32,106,128,66,1,7,100,76" hai1="42,2,99,37,31,8,121,91,38,77,93,132,58" hai2="45,103,14,130,68,60,65,12,80,10,83,36,0" hai3="90,59,118,64,134,23,125,89,92,5,135,95,40"/><U112/><E121/><V81/><F103/><W43/><G125/><T30/><D111/><U34/><E112/><V96/><F96/><N who="3" m="57359" /><G118/><T25/><D30/><U109/><E132/><N who="3" m="50730" /><G5/><T104/><D76/><U20/><E34/><V110/><F110/><W52/><G23/><T17/><D66/><U22/><E77/><V49/><F36/><W56/><G64/><T15/><D1/><U129/><E109/><V79/><F79/><W86/><G59/><T67/><D67/><U19/><E58/><V51/><F130/><W131/><G131/><T48/><D128/><U9/><E129/><V11/><F0/><W97/><G97/><T124/><D124/><U46/><E2/><V54/><REACH who="2" step="1"/><F51/><AGARI ba="2,2" hai="40,43,51,52,56,86,90,95" m="50730,57359" machi="51" ten="30,2000,0" yaku="20,1,54,1" doraHai="127" who="3" fromWho="2" sc="250,0,270,0,150,-26,310,46" /><INIT seed="6,0,0,1,0,27" ten="250,270,124,356" oya="2" hai0="118,108,95,4,19,112,113,6,20,125,99,56,111" hai1="24,121,13,49,101,46,68,64,29,119,94,12,122" hai2="110,3,97,96,72,107,16,71,41,58,28,42,25" hai3="86,81,117,100,124,1,2,52,21,105,14,8,10"/><V69/><F3/><W63/><G117/><T128/><D118/><U38/><E119/><V36/><F72/><W55/><G124/><T78/><D78/><U65/><E38/><V32/><F110/><N who="0" m="42026" /><D56/><U135/><E135/><V31/><F36/><W106/><G21/><T123/><D123/><N who="1" m="47115" /><E94/><V84/><F58/><W62/><G14/><N who="1" m="5738" /><E101/><V0/><F0/><W45/><G100/><N who="0" m="60543" /><D125/><U134/><E134/><V79/><F107/><W127/><G127/><T67/><D67/><U89/><E89/><V54/><F54/><W70/><G81/><T17/><D128/><U75/><E68/><V126/><F126/><W116/><G116/><T103/><D103/><U83/><E83/><V93/><F79/><W73/><G70/><T18/><D20/><N who="1" m="15495" /><E75/><V77/><F77/><W76/><G76/><T39/><D39/><U23/><E23/><N who="2" m="13543" /><F32/><W33/><G33/><T98/><D98/><N who="2" m="37994" /><F71/><W102/><G73/><T43/><D43/><AGARI ba="0,0" hai="43,46,49,64,65" m="15495,5738,47115" machi="43" ten="30,2000,0" yaku="13,1,52,1" doraHai="27" who="1" fromWho="0" sc="250,-20,270,20,124,0,356,0" /><INIT seed="7,0,0,5,5,4" ten="230,290,124,356" oya="3" hai0="17,74,108,135,94,77,104,76,118,124,55,5,130" hai1="134,68,72,117,3,31,110,64,44,131,86,42,11" hai2="18,114,91,98,0,38,113,89,79,14,84,128,27" hai3="112,16,126,22,83,23,120,30,107,90,111,73,93"/><W52/><G120/><T69/><D104/><U56/><E110/><V21/><F38/><W85/><G107/><T66/><D108/><U95/><E72/><V63/><F0/><W20/><G111/><T123/><D118/><U71/><E31/><V43/><F128/><W46/><G112/><T122/><D124/><U41/><E41/><V132/><F132/><W121/><G121/><T28/><D135/><U50/><E134/><V96/><F43/><W32/><G32/><T99/><D130/><U7/><E131/><V6/><F79/><N who="3" m="46335" /><G73/><T37/><D37/><U103/><E117/><V127/><F127/><W67/><G67/><T35/><D74/><U70/><E103/><V40/><F40/><W125/><G30/><T53/><D35/><U13/><E3/><V24/><F63/><W62/><G46/><T34/><D34/><U87/><E95/><V75/><F75/><W54/><G54/><T60/><D69/><U8/><E56/><V116/><F116/><W82/><G62/><T26/><D122/><U51/><E64/><V115/><F91/><W61/><G90/><T133/><D123/><U102/><E102/><V58/><F58/><W12/><G61/><T59/><D133/><U129/><E129/><V10/><REACH who="2" step="1"/><F27/><REACH who="2" ten="230,290,114,356" step="2"/><W47/><G125/><T119/><D119/><U88/><E42/><V105/><F105/><W97/><G126/><T100/><D76/><U80/><E70/><V19/><F19/><W57/><G16/><T109/><D77/><U15/><E68/><V92/><AGARI ba="0,1" hai="6,10,14,18,21,24,84,89,92,96,98,113,114,115" machi="92" ten="30,7900,0" yaku="1,1,0,1,15,1,52,1,53,0" doraHai="4" doraHaiUra="25" who="2" fromWho="2" sc="230,-20,290,-20,114,89,356,-39" owari="210,-19.0,270,7.0,203,-29.7,317,41.7" /></mjloggm>