<mjloggm ver="2.3"><GO type="169" lobby="0"/><UN n0="%E6%95%97%E5%8C%97%E8%80%85%E3%81%AD%E3%82%8B" n1="%73%61%6E%67%6F%64%64%6F" n2="%E9%95%B7%E5%A4%A7%E3%82%92%E5%87%BA%E3%81%9F%E3%81%91%E3%82%8C%E3%81%A9" n3="%E8%B5%A4%E7%BE%8E%E6%BF%83%E3%81%BE%E3%81%90%E3%82%8D" dan="17,17,16,17" rate="2182.44,2178.26,2169.48,2195.43" sx="F,M,M,M"/><TAIKYOKU oya="0"/><INIT seed="0,0,0,1,5,13" ten="250,250,250,250" oya="0" hai0="1,106,104,5,29,69,135,28,123,35,45,71,107" hai1="65,105,26,61,131,76,10,109,36,83,39,79,11" hai2="2,97,96,113,102,87,124,16,30,133,98,0,55" hai3="14,100,128,12,110,17,92,52,40,101,80,58,134"/><T49/><D123/><U130/><E105/><V72/><F113/><W112/><G112/><T121/><D121/><U94/><E94/><V18/><F72/><W70/><G70/><T77/><D135/><U114/><E114/><V20/><F133/><W63/><G110/><T90/><D77/><N who="1" m="29771" /><E26/><V31/><F87/><W15/><G128/><N who="1" m="49194" /><E83/><V78/><F78/><W38/><G134/><T47/><D90/><U115/><E115/><V88/><F88/><W9/><G80/><T57/><D57/><U68/><E109/><V6/><F102/><W33/><G33/><T95/><D95/><U132/><E132/><V56/><F6/><W53/><G101/><T46/><D49/><U54/><E54/><V50/><F124/><W125/><G125/><T89/><D89/><U84/><E84/><V111/><F111/><W21/><G38/><AGARI ba="0,0" hai="10,11,36,38,39,61,65,68" m="49194,29771" machi="38" ten="30,1000,0" yaku="19,1" doraHai="13" who="1" fromWho="3" sc="250,0,250,10,250,0,250,-10" /><INIT seed="1,0,0,1,4,80" ten="250,260,250,240" oya="1" hai0="4,33,86,65,1,90,57,40,93,106,69,117,16" hai1="37,63,51,126,53,112,97,66,38,10,130,122,72" hai2="17,133,26,105,29,73,104,96,125,8,36,25,102" hai3="85,116,50,28,81,108,111,55,124,95,0,11,109"/><U23/><E112/><V114/><F114/><W19/><G124/><T78/><D117/><U56/><E122/><V135/><F125/><W2/><G116/><T132/><D106/><U131/><E72/><V94/><F36/><W118/><G118/><T46/><D69/><U62/><E10/><V134/><F73/><W76/><G28/><T98/><D33/><U24/><E126/><V101/><F101/><W71/><G71/><T99/><D132/><U64/><E97/><V18/><F25/><W128/><G128/><N who="1" m="49194" /><E23/><V34/><F17/><W54/><G95/><T129/><D78/><U15/><E15/><AGARI ba="0,0" hai="8,15,18,26,29,34,94,96,102,104,105,133,134,135" machi="15" ten="40,1300,0" yaku="20,1" doraHai="80" who="2" fromWho="1" sc="250,0,260,-13,250,13,240,0" /><INIT seed="2,0,0,1,3,53" ten="250,247,263,240" oya="2" hai0="88,8,114,116,67,72,91,76,109,130,115,49,77" hai1="35,15,52,32,36,103,46,26,63,126,54,82,97" hai2="41,57,83,3,42,50,102,27,111,85,124,94,81" hai3="5,133,92,89,129,121,62,120,2,84,56,123,19"/><V132/><F3/><W0/><G129/><T58/><D109/><U51/><E126/><V113/><F113/><W100/><G133/><T127/><D130/><U135/><E135/><V60/><F132/><W134/><G134/><T73/><D127/><U48/><E36/><V95/><F124/><W105/><G5/><T69/><D69/><U40/><E82/><V65/><F111/><W131/><G19/><T112/><D116/><U99/><E63/><V107/><F107/><W24/><G24/><T7/><D73/><U125/><E125/><V17/><F83/><W106/><G131/><T71/><D71/><U34/><E26/><V122/><F122/><W75/><G75/><T11/><D11/><U66/><E66/><V45/><F102/><W22/><G22/><T93/><D91/><U61/><E61/><V10/><F42/><W9/><G9/><T68/><D68/><U70/><E70/><V128/><F128/><W18/><G18/><T43/><D43/><U80/><E15/><N who="2" m="7415" /><F27/><W117/><G117/><T74/><D74/><U1/><E1/><V33/><F33/><W21/><G106/><T16/><D72/><U79/><E103/><V44/><F45/><W104/><G104/><T118/><D118/><U31/><E31/><V59/><F57/><W86/><G105/><T23/><D8/><U20/><E20/><V39/><F39/><W13/><G100/><T98/><D7/><U55/><REACH who="1" step="1"/><E48/><REACH who="1" ten="250,237,263,240" step="2"/><V6/><F6/><W14/><G123/><T90/><D49/><U38/><E38/><V37/><F37/><W4/><G121/><T64/><D115/><RYUUKYOKU ba="0,1" sc="250,-15,237,15,263,15,240,-15" hai1="32,34,35,40,46,51,52,54,55,79,80,97,99" hai2="41,44,50,59,60,65,81,85,94,95" /><INIT seed="2,1,1,4,5,78" ten="235,252,278,225" oya="2" hai0="67,111,125,41,62,34,113,120,71,15,35,114,47" hai1="94,95,31,101,19,79,83,108,5,73,44,42,115" hai2="1,30,26,63,97,17,60,45,48,39,99,61,53" hai3="16,29,135,82,132,13,28,103,46,64,85,9,69"/><V56/><F1/><W98/><G46/><T106/><D106/><U119/><E115/><V104/><F17/><W96/><G64/><T43/><D120/><U102/><E119/><V66/><F39/><W4/><G69/><T90/><D111/><U116/><E116/><V121/><F121/><W117/><G117/><T25/><D125/><U130/><E19/><V93/><F104/><W122/><G4/><T86/><D41/><U59/><E130/><V54/><F99/><N who="3" m="37931" /><G103/><T131/><D131/><U88/><E59/><V18/><F18/><W74/><G74/><T76/><D76/><U49/><E108/><V68/><F68/><W112/><G122/><T100/><D100/><U65/><E65/><V75/><F75/><W38/><G38/><T72/><D15/><U51/><E51/><V27/><F54/><W6/><G6/><T21/><D72/><U110/><E110/><V36/><F36/><W58/><G58/><T87/><D87/><U81/><E101/><V133/><F133/><N who="3" m="51275" /><G112/><T33/><D47/><U57/><E57/><V40/><F66/><W124/><G124/><T84/><D43/><U52/><E42/><V11/><F40/><W24/><G24/><T8/><D86/><N who="1" m="50271" /><E102/><V92/><F56/><W70/><G70/><T128/><D128/><U23/><E5/><V14/><F27/><W55/><G55/><T10/><D114/><U12/><E12/><V32/><REACH who="2" step="1"/><F97/><REACH who="2" ten="235,252,268,225" step="2"/><W77/><AGARI ba="1,2" hai="9,13,16,28,29,77,82,85" m="51275,37931" machi="77" ten="30,4000,0" yaku="20,1,52,1,54,1" doraHai="78" who="3" fromWho="3" sc="235,-11,252,-11,268,-21,225,63" /><INIT seed="3,0,0,1,5,126" ten="224,241,247,288" oya="3" hai0="50,97,16,94,43,14,109,29,31,10,35,74,84" hai1="18,59,112,19,76,3,104,53,106,55,108,133,26" hai2="96,68,52,13,60,54,66,0,124,70,11,92,67" hai3="61,46,120,25,7,82,117,65,2,110,78,9,77"/><W42/><G117/><T100/><D74/><U49/><E112/><V101/><F124/><W123/><G110/><T47/><D109/><U44/><E108/><V6/><REACH who="2" step="1"/><F0/><REACH who="2" ten="224,241,237,288" step="2"/><W81/><G123/><T23/><D35/><U51/><E3/><V99/><F99/><W114/><G120/><T88/><REACH who="0" step="1"/><D23/><REACH who="0" ten="214,241,237,288" step="2"/><U131/><E133/><V73/><F73/><W27/><G114/><T17/><D17/><U102/><E18/><V87/><F87/><W15/><G7/><T63/><D63/><AGARI ba="0,2" hai="6,11,13,52,54,60,63,66,67,68,70,92,96,101" machi="63" ten="40,5200,0" yaku="1,1,9,1,54,1,53,0" doraHai="126" doraHaiUra="72" who="2" fromWho="0" sc="214,-52,241,0,237,72,288,0" /><INIT seed="4,0,0,4,0,43" ten="162,241,309,288" oya="0" hai0="129,58,39,96,54,126,114,48,81,41,108,18,85" hai1="32,47,89,25,50,133,115,131,33,120,73,52,1" hai2="17,2,66,110,3,135,16,61,56,22,87,29,125" hai3="67,116,53,36,24,38,49,31,30,71,77,40,60"/><T107/><D114/><U134/><E120/><V104/><F110/><W15/><G116/><T94/><D108/><U130/><E115/><V5/><F135/><N who="1" m="51721" /><E1/><V106/><F125/><W57/><G77/><T27/><D126/><U95/><E73/><V75/><F75/><W6/><G31/><T26/><D129/><N who="1" m="49163" /><E25/><V68/><F87/><AGARI ba="0,0" hai="32,33,47,50,52,87,89,95" m="49163,51721" machi="87" ten="30,7700,0" yaku="20,1,19,1,52,1,54,1" doraHai="43" who="1" fromWho="2" sc="162,0,241,77,309,-77,288,0" /><INIT seed="5,0,0,1,4,35" ten="162,318,232,288" oya="1" hai0="110,94,47,34,71,95,18,63,14,13,79,41,83" hai1="98,114,103,61,96,40,64,111,67,81,28,46,23" hai2="65,11,56,130,75,66,48,118,26,133,123,109,134" hai3="39,72,54,135,37,84,73,36,45,59,120,132,129"/><U92/><E114/><V88/><F75/><W53/><G120/><T128/><D34/><U124/><E124/><V101/><F118/><W69/><G69/><T70/><D110/><U125/><E125/><V1/><F123/><W60/><G84/><T62/><D128/><U55/><E111/><V33/><F101/><W115/><G115/><T99/><D71/><U58/><E81/><V10/><F130/><W44/><G129/><T126/><D126/><U86/><E86/><V105/><F109/><W116/><G116/><T77/><D70/><U91/><E28/><V104/><F33/><W80/><G80/><T31/><D31/><U20/><E20/><V119/><F48/><N who="3" m="28815" /><G73/><T4/><D4/><U93/><REACH who="1" step="1"/><E23/><REACH who="1" ten="162,308,232,288" step="2"/><V112/><F112/><W68/><G72/><T49/><D83/><U19/><E19/><V15/><F119/><W9/><G9/><T29/><D29/><U38/><AGARI ba="0,1" hai="38,40,46,55,58,61,64,67,91,92,93,96,98,103" machi="38" ten="20,7800,0" yaku="1,1,0,1,7,1,53,1" doraHai="35" doraHaiUra="87" who="1" fromWho="1" sc="162,-26,308,88,232,-26,288,-26" /><INIT seed="5,1,0,1,0,125" ten="136,396,206,262" oya="1" hai0="70,8,109,53,12,11,55,91,23,88,63,65,78" hai1="34,107,134,92,128,22,17,28,37,66,29,4,82" hai2="131,122,80,87,58,38,43,120,20,62,59,90,93" hai3="67,25,114,3,123,101,1,52,48,100,41,33,119"/><U14/><E107/><V111/><F111/><W13/><G123/><T116/><D109/><U98/><E37/><V16/><F131/><W95/><G114/><T106/><D116/><U103/><E134/><V135/><F135/><W112/><G112/><T56/><D106/><U118/><E118/><V19/><F58/><W45/><G119/><T110/><D110/><U113/><E113/><V127/><F127/><W117/><G117/><T7/><D78/><U35/><E66/><V132/><F132/><W97/><G67/><T72/><D72/><U85/><E128/><V121/><F43/><W44/><G101/><T2/><D23/><U79/><REACH who="1" step="1"/><E4/><REACH who="1" ten="136,386,206,262" step="2"/><V30/><F38/><W130/><G130/><T104/><D104/><U0/><E0/><V15/><F122/><W49/><G3/><T9/><D9/><U133/><E133/><V61/><F121/><W96/><G1/><T74/><D74/><U31/><AGARI ba="1,1" hai="14,17,22,28,29,31,34,35,79,82,85,92,98,103" machi="31" ten="30,3000,0" yaku="1,1,0,1,53,0" doraHai="125" doraHaiUra="60" who="1" fromWho="1" sc="136,-11,386,43,206,-11,262,-11" /><INIT seed="5,2,0,4,4,13" ten="125,429,195,251" oya="1" hai0="12,56,55,45,70,74,90,35,96,26,71,67,41" hai1="112,84,57,114,86,118,100,111,82,62,104,130,94" hai2="109,131,125,30,79,66,91,69,33,53,99,16,103" hai3="78,9,113,88,18,108,110,20,61,14,95,107,44"/><U134/><E57/><V48/><F109/><W38/><G107/><T39/><D74/><U28/><E62/><V8/><F91/><W42/><G113/><N who="1" m="43626" /><E28/><V34/><F79/><W54/><G78/><T49/><D96/><N who="1" m="61447" /><E118/><V83/><F83/><W85/><G61/><T122/><D90/><N who="1" m="53591" /><E130/><V24/><F131/><W97/><G97/><T0/><D122/><U60/><E60/><V6/><F33/><W17/><REACH who="3" step="1"/><G54/><REACH who="3" ten="125,429,195,241" step="2"/><T58/><D55/><U98/><E98/><V65/><F99/><W2/><G2/><T23/><D0/><U37/><E111/><V31/><F103/><W50/><G50/><T101/><D49/><U132/><E37/><V36/><F36/><W126/><G126/><T133/><D39/><U1/><E1/><V64/><F125/><W117/><G117/><T27/><D67/><U51/><E51/><V25/><F48/><W75/><G75/><T123/><D71/><U43/><E43/><V11/><F53/><W73/><G73/><T93/><D70/><U76/><AGARI ba="2,1" hai="76,82,84,132,134" m="53591,61447,43626" machi="76" ten="30,6000,0" yaku="15,1,34,2" doraHai="13" who="1" fromWho="1" sc="125,-22,429,76,195,-22,241,-22" /><INIT seed="5,3,0,5,3,58" ten="103,505,173,219" oya="1" hai0="77,115,29,101,70,119,118,93,73,0,82,126,36" hai1="39,61,76,89,5,65,114,19,107,15,12,75,113" hai2="59,32,17,37,79,14,123,80,103,87,91,78,97" hai3="105,40,135,122,95,22,128,55,6,53,67,52,131"/><U2/><E39/><V56/><F123/><W124/><G122/><T64/><D0/><U11/><E107/><V57/><F37/><W129/><G105/><T3/><D3/><U1/><E89/><V27/><F32/><W8/><G124/><T111/><D36/><U16/><E75/><V81/><F27/><W4/><G135/><T26/><D111/><U44/><E76/><V45/><F45/><W18/><G40/><T117/><D115/><N who="1" m="44043" /><E44/><V100/><F79/><W92/><G67/><T85/><D126/><U120/><E120/><V90/><F90/><W66/><G66/><T74/><D26/><U9/><E19/><V47/><F47/><W50/><G50/><T25/><D64/><U127/><E127/><V86/><REACH who="2" step="1"/><F97/><REACH who="2" ten="103,505,163,219" step="2"/><W72/><G72/><T132/><D25/><U38/><E38/><V96/><F96/><W116/><G116/><T49/><D73/><U24/><E24/><V84/><F84/><W60/><G131/><T130/><D74/><U13/><E1/><V102/><F102/><W31/><G129/><T46/><D101/><U42/><E42/><V41/><F41/><W94/><G128/><T21/><D117/><U71/><AGARI ba="3,1" hai="2,5,9,11,12,13,15,16,61,65,71" m="44043" machi="71" ten="30,6000,0" yaku="15,1,52,1,54,1" doraHai="58" who="1" fromWho="1" sc="103,-23,505,79,163,-23,219,-23" /><INIT seed="5,4,0,0,3,24" ten="80,584,140,196" oya="1" hai0="33,97,78,118,42,82,120,91,119,95,122,37,1" hai1="73,28,93,131,121,127,43,52,49,44,56,134,126" hai2="45,27,128,99,5,9,41,68,55,133,10,26,8" hai3="67,35,0,86,17,70,109,72,111,81,124,48,15"/><U110/><E121/><N who="0" m="46697" /><D33/><U20/><E73/><V18/><F68/><W92/><G0/><T105/><D1/><U112/><E112/><V23/><F133/><W135/><G72/><N who="0" m="43335" /><D42/><U29/><E134/><V60/><F128/><W75/><G75/><T65/><D37/><U6/><E6/><V64/><F99/><W71/><G35/><T2/><D65/><U100/><E131/><V11/><F55/><W34/><G34/><T36/><D36/><U94/><E20/><V83/><F83/><W125/><G48/><T108/><D2/><U102/><E110/><V69/><F27/><W39/><G39/><T117/><D108/><U115/><E115/><V14/><REACH who="2" step="1"/><F8/><REACH who="2" ten="80,584,130,196" step="2"/><N who="3" m="6375" /><G70/><T62/><D62/><N who="1" m="36103" /><E127/><V57/><F57/><W74/><G135/><T76/><D76/><U123/><E126/><V47/><F47/><W61/><G111/><T96/><D96/><N who="1" m="59407" /><E123/><V13/><F13/><W89/><G109/><T116/><D116/><U53/><E53/><V132/><F132/><W7/><G125/><T40/><D40/><U38/><E38/><AGARI ba="4,1" hai="5,9,10,11,14,18,23,26,38,41,45,60,64,69" machi="38" ten="30,3900,0" yaku="1,1,7,1,53,1" doraHai="24" doraHaiUra="21" who="2" fromWho="1" sc="80,0,584,-51,130,61,196,0" /><INIT seed="6,0,0,1,4,88" ten="80,533,191,196" oya="2" hai0="107,22,79,64,75,105,101,60,90,28,131,8,18" hai1="122,115,135,120,92,81,85,36,19,96,51,49,12" hai2="7,34,130,98,48,0,111,46,89,59,33,35,125" hai3="2,15,129,40,100,45,30,63,67,126,104,65,57"/><V108/><F130/><W3/><G126/><T53/><D131/><U62/><E36/><V80/><F125/><W103/><G129/><T55/><D28/><U77/><E115/><V114/><F114/><W94/><G104/><T124/><D124/><U97/><E62/><V134/><F134/><W29/><G15/><T93/><D8/><N who="1" m="6535" /><E135/><V83/><F59/><W102/><G67/><T32/><D32/><U119/><E119/><V24/><F24/><W76/><G76/><T4/><D4/><U41/><E41/><V66/><F66/><W21/><G3/><T70/><D79/><U11/><E11/><V69/><F69/><W6/><G6/><T106/><D75/><U20/><E20/><V123/><F123/><W73/><G73/><T1/><D101/><N who="1" m="60551" /><E97/><V52/><F7/><W112/><G2/><T37/><D37/><U31/><E31/><V68/><F68/><W54/><G112/><T23/><D1/><U133/><E133/><V91/><F91/><W82/><G21/><T26/><REACH who="0" step="1"/><D22/><REACH who="0" ten="70,533,191,196" step="2"/><U61/><E61/><V132/><F0/><W113/><G29/><T14/><D14/><U9/><E9/><V44/><F132/><W109/><G30/><T71/><D71/><U86/><E51/><V13/><F13/><W10/><G10/><T38/><D38/><U78/><E49/><V16/><F33/><W27/><G113/><T118/><D118/><U99/><E77/><V25/><F34/><W84/><G63/><T50/><D50/><U116/><E116/><V5/><F35/><W56/><G103/><T58/><D58/><U110/><E122/><RYUUKYOKU ba="0,1" sc="70,30,533,-10,191,-10,196,-10" hai0="18,23,26,53,55,60,64,70,90,93,105,106,107" /><INIT seed="7,1,1,4,3,15" ten="100,523,181,186" oya="3" hai0="95,119,65,103,51,122,64,54,81,3,30,70,46" hai1="86,39,77,68,66,36,85,14,120,55,110,41,73" hai2="31,24,116,0,2,44,80,130,42,74,117,56,84" hai3="100,63,33,69,11,20,82,111,108,99,48,83,13"/><W19/><G33/><T71/><D119/><U127/><E110/><N who="3" m="42026" /><G48/><T124/><D122/><U35/><E77/><V7/><F130/><W134/><G134/><T10/><D124/><U32/><E86/><V27/><F74/><W9/><G63/><T104/><D104/><U97/><E41/><V58/><F7/><W57/><G57/><T118/><D118/><U21/><E73/><V115/><F115/><W72/><G69/><T12/><D3/><U61/><E55/><V62/><F58/><W18/><G72/><T23/><D71/><U123/><E61/><V129/><F129/><W79/><G79/><T45/><D70/><U135/><E135/><V43/><F43/><W90/><G90/><T102/><D46/><U47/><E47/><V98/><F42/><W67/><G67/><T76/><D65/><U4/><E66/><V37/><F44/><W22/><G82/><T8/><D64/><U131/><E35/><V60/><F56/><W16/><G83/><T94/><D103/><U59/><E32/><V25/><F60/><W107/><G11/><N who="0" m="4139" /><D102/><U128/><E59/><V40/><F62/><W87/><G87/><N who="0" m="48551" /><D30/><U106/><E85/><V91/><F31/><W53/><G53/><T125/><D125/><U89/><E127/><V121/><F121/><N who="1" m="46665" /><E89/><N who="2" m="51335" /><F117/><W88/><G88/><T78/><D78/><U93/><E68/><V132/><F116/><W1/><G1/><T109/><D109/><U5/><E128/><V114/><F132/><W28/><G28/><T101/><D101/><U6/><E131/><V17/><F0/><W29/><G100/><T50/><D50/><RYUUKYOKU ba="1,1" sc="100,30,523,-10,181,-10,186,-10" hai0="12,23,45,51,54,94,95" owari="130,-37.0,523,62.3,171,-22.9,176,-2.4" /></mjloggm>