<mjloggm ver="2.3"><GO type="169" lobby="0"/><UN n0="%E7%8F%BE%E5%A0%B4%E3%81%AD%E3%81%93" n1="%E3%83%AA%E3%83%AA%E3%83%BC%E3%83%96%E3%83%A9%E3%83%83%E3%82%AF" n2="%E5%91%89%E5%AF%8C%E6%98%A5" n3="%E5%85%A9%E5%84%80%E4%B8%B6%E5%BC%8F" dan="16,16,16,16" rate="2081.40,2033.37,2065.32,2124.73" sx="M,F,M,M"/><TAIKYOKU oya="0"/><INIT seed="0,0,0,1,1,21" ten="250,250,250,250" oya="0" hai0="47,15,64,79,113,105,26,121,36,42,0,124,70" hai1="77,19,91,17,71,53,54,90,85,96,4,114,98" hai2="119,104,51,135,68,39,32,95,16,30,22,76,101" hai3="18,1,106,10,35,60,9,33,82,84,116,99,130"/><T55/><D0/><U122/><E122/><V115/><F115/><W7/><G116/><T23/><D121/><U41/><E71/><V94/><F39/><W63/><G130/><T112/><D105/><U93/><E41/><V126/><F119/><W123/><G123/><T59/><D124/><U5/><E77/><V38/><F38/><W2/><G106/><T102/><D102/><U129/><E85/><V57/><F126/><W31/><G99/><T20/><D79/><U46/><E46/><V37/><F37/><W25/><G35/><T92/><D92/><U109/><E93/><V125/><F125/><W111/><G111/><T73/><D73/><U50/><E50/><V66/><F76/><W45/><G45/><T12/><D12/><U27/><E114/><V52/><F135/><W97/><G97/><T56/><D56/><U108/><REACH who="1" step="1"/><E27/><REACH who="1" ten="250,240,250,250" step="2"/><V6/><F104/><W24/><G24/><T34/><BYE who="3" /><D113/><U40/><E40/><V132/><F132/><W100/><G100/><T131/><D112/><U13/><E13/><V128/><F101/><W78/><G78/><T69/><D15/><U67/><E67/><V110/><F128/><AGARI ba="0,1" hai="4,5,17,19,53,54,90,91,96,98,108,109,128,129" machi="128" ten="25,8000,1" yaku="1,1,22,2,53,2" doraHai="21" doraHaiUra="120" who="1" fromWho="2" sc="250,0,240,90,250,-80,250,0" /><INIT seed="1,0,0,1,3,116" ten="250,330,170,250" oya="1" hai0="15,45,21,132,72,128,75,27,74,40,63,36,67" hai1="25,3,104,125,97,78,90,23,68,109,77,16,80" hai2="126,105,83,55,35,61,111,32,129,9,100,131,47" hai3="34,38,92,50,59,73,119,26,91,135,93,4,120"/><U127/><E68/><V39/><F111/><W18/><G18/><T33/><D128/><N who="2" m="49226" /><F126/><N who="1" m="48137" /><E3/><V134/><F134/><W43/><G43/><T102/><D132/><U44/><E109/><V96/><F9/><W108/><G108/><T66/><D33/><U11/><E11/><V8/><F8/><W1/><G1/><T28/><D102/><N who="1" m="62543" /><E44/><V52/><F83/><W56/><G56/><T65/><REACH who="0" step="1"/><D15/><REACH who="0" ten="240,330,170,250" step="2"/><U98/><E98/><V5/><F35/><W19/><G19/><T31/><D31/><U114/><E114/><V10/><F32/><W95/><G95/><T30/><D30/><U76/><E90/><V49/><F39/><W42/><G42/><T81/><D81/><AGARI ba="0,1" hai="16,23,25,76,77,78,80,81" m="62543,48137" machi="81" ten="30,2900,0" yaku="18,1,54,1" doraHai="116" who="1" fromWho="0" sc="240,-29,330,39,170,0,250,0" /><INIT seed="1,1,0,2,0,24" ten="211,369,170,250" oya="1" hai0="18,4,99,106,114,129,67,58,66,15,93,120,16" hai1="8,127,111,85,30,72,11,71,42,96,73,128,87" hai2="88,57,91,37,105,38,78,133,63,55,6,108,22" hai3="90,123,48,29,75,56,9,94,47,27,13,69,100"/><U132/><E71/><V1/><F105/><W70/><G70/><T97/><D129/><U119/><E119/><V39/><F108/><W44/><G44/><T64/><D114/><U65/><E65/><V92/><F133/><W79/><G79/><T104/><D120/><U49/><E42/><V125/><F125/><W113/><G113/><T35/><D35/><U115/><E49/><V50/><F78/><W41/><G41/><T26/><D4/><U117/><E117/><V103/><F1/><UN n3="%E5%85%A9%E5%84%80%E4%B8%B6%E5%BC%8F" /><W80/><G123/><T130/><D130/><U68/><E68/><V101/><F6/><W7/><G75/><T135/><D135/><U40/><E40/><V36/><N who="2" m="9216" /><DORA hai="116" /><V51/><F91/><W21/><G69/><T121/><D121/><U83/><E115/><V25/><F50/><W110/><G110/><T126/><D126/><U134/><E96/><V10/><F10/><W112/><G112/><T19/><D26/><U3/><E3/><V52/><F55/><N who="3" m="30111" /><G100/><T82/><D82/><U34/><E83/><V84/><REACH who="2" step="1"/><F51/><REACH who="2" ten="211,369,160,250" step="2"/><W5/><G80/><T23/><D106/><U45/><E127/><V124/><F124/><W28/><G5/><T86/><D104/><U62/><E111/><V118/><F118/><W17/><G56/><T33/><D58/><U14/><E45/><V60/><F60/><W95/><G90/><N who="0" m="53463" /><D33/><U131/><E34/><V20/><F20/><W46/><G46/><T53/><D53/><U109/><E109/><V43/><F43/><W89/><G89/><T2/><D2/><U81/><E128/><V0/><F0/><W54/><G54/><RYUUKYOKU ba="1,1" sc="211,10,369,-30,160,10,250,10" hai0="15,16,18,19,23,64,66,67,97,99" hai2="22,25,52,57,63,84,88,92,101,103" hai3="7,9,13,17,21,27,28,29,94,95" /><INIT seed="2,2,1,2,4,49" ten="221,339,170,260" oya="2" hai0="19,31,28,63,85,21,69,44,32,65,39,58,38" hai1="41,106,4,92,66,60,43,22,123,88,121,14,62" hai2="119,0,126,98,1,130,94,127,26,30,108,15,117" hai3="89,109,47,70,80,34,134,97,82,81,13,55,68"/><V3/><F94/><W76/><G34/><T52/><D32/><U125/><E106/><V129/><F98/><W56/><G109/><T100/><D100/><U95/><E125/><N who="2" m="47627" /><F15/><W103/><G134/><T112/><D112/><U50/><E92/><V18/><F18/><W6/><G47/><T74/><D39/><U7/><E7/><V77/><F77/><W122/><G122/><T75/><D75/><U23/><E22/><N who="2" m="15703" /><F108/><W101/><G76/><T131/><D74/><U29/><E29/><V72/><F72/><W33/><G33/><T114/><D85/><N who="1" m="52623" /><E121/><V135/><F135/><W118/><G118/><AGARI ba="2,1" hai="0,1,3,117,118,119,129,130" m="15703,47627" machi="118" ten="40,7700,0" yaku="18,1,34,2" doraHai="49" who="2" fromWho="3" sc="221,0,339,0,170,93,260,-83" /><INIT seed="2,3,0,5,4,36" ten="221,339,263,177" oya="2" hai0="133,98,24,61,106,53,41,130,0,33,88,31,87" hai1="14,123,100,89,109,40,85,115,1,74,19,124,39" hai2="93,49,43,56,3,134,86,46,68,17,120,104,51" hai3="112,90,44,75,8,55,11,108,29,30,62,79,84"/><V32/><F120/><W58/><G108/><T67/><D130/><U59/><E115/><V76/><F68/><W25/><G112/><T95/><D133/><U82/><E1/><V38/><F134/><W47/><G79/><T92/><D0/><U34/><E109/><V103/><F32/><W54/><G75/><T16/><D106/><U135/><E135/><V23/><F3/><W27/><G84/><T37/><D53/><U119/><E119/><V101/><F104/><W4/><G90/><T52/><D52/><U28/><E124/><V45/><F56/><W26/><G8/><T77/><D77/><U80/><E100/><V6/><F6/><W48/><REACH who="3" step="1"/><G47/><REACH who="3" ten="221,339,263,167" step="2"/><T70/><D98/><U102/><E74/><V2/><F76/><W126/><G126/><T129/><D129/><U127/><E127/><V73/><F73/><W21/><G21/><T78/><D78/><U22/><E102/><V72/><F72/><W65/><G65/><T131/><D131/><U128/><E128/><V107/><F101/><W97/><G97/><T132/><D132/><U99/><E99/><V10/><F103/><W105/><G105/><T13/><D87/><U121/><E123/><V20/><F45/><W5/><G5/><T42/><D88/><U66/><E121/><V9/><F107/><W122/><G122/><T96/><D96/><U116/><E89/><N who="2" m="53431" /><F9/><W113/><G113/><T118/><D118/><U57/><E116/><V83/><F23/><W110/><G110/><T81/><D33/><U125/><E34/><V69/><F20/><W18/><G18/><T71/><D16/><RYUUKYOKU ba="3,1" sc="221,-10,339,-10,263,-10,167,30" hai3="4,11,25,26,27,29,30,44,48,54,55,58,62" /><INIT seed="3,4,1,1,2,74" ten="211,329,253,197" oya="3" hai0="121,124,20,120,76,67,17,82,89,23,7,129,63" hai1="133,31,78,36,6,132,81,73,86,112,130,72,111" hai2="66,102,79,77,62,64,100,90,95,59,126,65,104" hai3="115,29,75,91,80,55,61,134,21,101,28,113,34"/><W60/><G34/><T105/><D124/><U96/><E36/><V125/><F104/><W48/><G101/><N who="2" m="39017" /><F125/><W70/><G134/><N who="1" m="51818" /><E31/><V44/><F44/><W122/><G122/><T99/><D129/><U33/><E33/><V128/><F128/><W47/><G70/><T131/><D7/><U107/><E6/><V41/><F41/><W119/><G119/><T1/><D1/><U123/><E130/><V46/><F46/><W83/><G83/><T116/><D116/><U10/><E10/><V68/><F68/><W52/><G91/><T69/><D20/><U53/><E112/><V85/><F126/><W43/><G113/><T92/><D105/><U98/><E123/><V16/><F16/><W56/><G115/><T42/><D42/><U127/><E127/><V71/><F71/><W97/><G97/><N who="1" m="37482" /><E107/><V24/><F24/><W88/><G21/><T45/><D45/><U11/><E11/><V0/><F0/><W118/><G118/><T2/><D2/><U94/><E111/><V117/><F117/><W13/><G13/><T32/><D32/><U37/><E37/><V50/><F50/><W106/><G106/><T110/><D110/><U87/><E53/><AGARI ba="4,1" hai="53,59,62,64,65,66,77,79,85,90,95" m="39017" machi="53" ten="30,3900,0" yaku="8,1,52,2" doraHai="74" who="2" fromWho="1" sc="211,0,329,-51,253,61,197,0" /><INIT seed="4,0,0,0,4,22" ten="211,278,314,197" oya="0" hai0="27,6,2,93,13,134,54,133,30,75,37,135,86" hai1="16,10,132,61,73,25,104,70,109,91,128,121,57" hai2="130,42,63,77,45,67,98,28,5,83,126,106,62" hai3="4,90,119,26,88,66,33,60,84,89,122,58,118"/><T50/><D37/><U7/><E109/><V124/><F130/><W95/><G122/><T64/><D64/><U71/><E121/><V97/><F5/><W80/><G4/><T9/><D75/><U20/><E128/><V65/><F28/><W101/><G101/><T76/><D93/><U103/><E132/><V21/><F21/><W112/><G112/><T47/><D86/><U51/><E73/><V72/><F106/><W100/><G100/><T96/><D96/><U78/><E103/><V129/><F129/><W105/><G105/><T85/><D85/><U15/><E104/><V36/><F98/><W18/><G90/><T0/><REACH who="0" step="1"/><D76/><REACH who="0" ten="201,278,314,197" step="2"/><U92/><E78/><V53/><F97/><W114/><G114/><T115/><D115/><U110/><E110/><V117/><F53/><W127/><G127/><T41/><D41/><U34/><E92/><V52/><F52/><W81/><G81/><T55/><D55/><N who="1" m="31999" /><E91/><V44/><F126/><W38/><G38/><T69/><D69/><U79/><E79/><V102/><F124/><W35/><G89/><T107/><D107/><U17/><E71/><V49/><F36/><W125/><G95/><T120/><D120/><U24/><E70/><V1/><F72/><W116/><G125/><T111/><D111/><U123/><E123/><V19/><F77/><W56/><G56/><T12/><D12/><U59/><E59/><V99/><F102/><W23/><AGARI ba="0,1" hai="18,23,26,33,35,58,60,66,80,84,88,116,118,119" machi="23" ten="40,5200,0" yaku="0,1,52,1,54,1" doraHai="22" who="3" fromWho="3" sc="201,-26,278,-13,314,-13,197,62" /><INIT seed="5,0,0,2,5,14" ten="175,265,301,259" oya="1" hai0="87,8,89,47,103,129,2,29,131,101,126,66,67" hai1="77,127,95,19,46,76,48,94,98,53,117,104,84" hai2="134,4,17,63,122,44,30,132,45,38,10,58,23" hai3="21,72,135,62,113,128,56,91,57,34,92,33,13"/><U5/><E117/><V114/><F30/><W81/><G113/><T116/><D116/><U80/><E127/><V24/><F122/><W60/><G128/><N who="0" m="49227" /><D126/><U111/><E111/><V51/><F38/><W20/><G135/><N who="2" m="51753" /><F51/><W75/><G81/><T69/><D29/><U118/><E118/><V18/><F114/><W50/><G50/><T3/><D47/><N who="2" m="17994" /><F23/><W108/><G13/><T97/><D69/><U88/><E5/><V121/><F24/><W93/><REACH who="3" step="1"/><G91/><REACH who="3" ten="175,265,301,249" step="2"/><T109/><D109/><AGARI ba="0,1" hai="20,21,33,34,56,57,60,62,72,75,92,93,108,109" machi="109" ten="25,6400,0" yaku="1,1,2,1,22,2,53,0" doraHai="14" doraHaiUra="73" who="3" fromWho="0" sc="175,-64,265,0,301,0,249,74" /><INIT seed="6,0,0,0,4,59" ten="111,265,301,323" oya="2" hai0="120,29,4,94,25,122,52,54,114,53,97,78,105" hai1="75,77,104,5,90,50,100,8,10,17,127,79,43" hai2="133,129,101,19,21,39,26,35,93,84,108,99,6" hai3="11,132,131,118,73,106,60,113,130,69,66,46,125"/><V30/><F129/><N who="3" m="49163" /><G118/><T20/><D114/><U38/><E38/><V109/><F133/><W121/><G121/><T48/><D105/><U76/><E127/><V111/><F39/><W22/><G132/><T2/><D78/><U37/><E37/><V67/><F6/><W0/><G106/><T13/><D2/><U95/><E104/><V62/><F84/><W86/><G73/><T1/><D1/><U123/><E100/><V65/><REACH who="2" step="1"/><F62/><REACH who="2" ten="111,265,291,323" step="2"/><W91/><G125/><T128/><D128/><U56/><E75/><V126/><F126/><W28/><G113/><T40/><D120/><U80/><E5/><V110/><N who="2" m="27648" /><DORA hai="117" /><V103/><F103/><W27/><G0/><T89/><D122/><U3/><E3/><V49/><F49/><W14/><G46/><T82/><D82/><U12/><E80/><V115/><F115/><W51/><G51/><T92/><D92/><U87/><E123/><V88/><F88/><W70/><G91/><T72/><D72/><U32/><E77/><V134/><F134/><W63/><G86/><T58/><REACH who="0" step="1"/><D40/><REACH who="0" ten="101,265,291,323" step="2"/><U36/><E79/><V83/><F83/><W16/><G63/><T47/><D47/><U102/><E76/><V7/><F7/><W45/><G45/><T24/><D24/><AGARI ba="0,2" hai="19,21,24,26,30,35,65,67,93,99,101" m="27648" machi="24" ten="70,12000,1" yaku="1,1,10,1,53,1" doraHai="59,117" doraHaiUra="116,96" who="2" fromWho="0" sc="101,-120,265,0,291,140,323,0" owari="-19,-51.9,265,-13.5,431,53.1,323,12.3" /></mjloggm>