<mjloggm ver="2.3"><GO type="169" lobby="0"/><UN n0="%E3%81%82%E3%81%95%E3%81%B4%E3%82%93%EF%BC%A0%EF%BD%8D%EF%BD%8A" n1="%E6%81%8B%E3%81%AE%E3%81%86%E3%81%9F" n2="%E5%85%BC%E6%98%8E%E5%81%8F%E6%9A%97" n3="%E3%81%95%E3%81%8F%E3%82%88%E3%81%93%E3%81%A1%E3%82%83%E3%82%93" dan="18,17,17,16" rate="2289.13,2263.97,2205.43,2071.37" sx="M,M,M,M"/><TAIKYOKU oya="0"/><INIT seed="0,0,0,3,4,31" ten="250,250,250,250" oya="0" hai0="47,14,64,96,44,4,76,48,86,33,118,120,21" hai1="103,72,83,12,113,77,106,28,0,91,5,63,78" hai2="100,9,67,95,112,80,89,20,27,2,8,102,41" hai3="97,32,129,26,121,128,126,127,88,34,46,111,43"/><T87/><D118/><U110/><E110/><V79/><F112/><W60/><G111/><T13/><D120/><U56/><E0/><V94/><F67/><W81/><G60/><T50/><D64/><U130/><E130/><N who="3" m="50282" /><G121/><T52/><D33/><N who="3" m="12905" /><G26/><T53/><D76/><U7/><E77/><V23/><F41/><W131/><N who="3" m="50290" /><W68/><DORA hai="124" /><G68/><T6/><D96/><U101/><E63/><V134/><F27/><W38/><G97/><T17/><D6/><U61/><E5/><V10/><F2/><W84/><AGARI ba="0,0" hai="38,43,46,81,84,88,126,127" m="12905,50290" machi="84" ten="50,16000,3" yaku="19,1,52,7,54,1" doraHai="31,124" who="3" fromWho="3" sc="250,-80,250,-40,250,-40,250,160" /><INIT seed="1,0,0,1,5,58" ten="170,210,210,410" oya="1" hai0="101,25,12,87,74,95,23,49,35,88,65,47,15" hai1="105,119,28,90,1,32,50,36,94,79,59,98,43" hai2="86,0,41,7,75,27,10,102,113,51,82,37,107" hai3="40,52,39,78,42,69,125,54,80,99,123,33,70"/><U81/><E119/><V77/><F51/><W31/><G123/><T44/><D35/><U114/><E114/><V13/><F113/><W24/><G125/><T19/><D74/><U8/><E105/><V124/><F124/><W127/><G127/><T126/><D126/><U76/><E36/><V20/><F86/><W3/><G3/><T26/><D101/><U48/><E32/><V100/><F13/><W55/><G99/><T63/><D15/><U18/><E28/><V108/><F108/><W22/><G33/><T4/><D4/><U117/><E117/><V6/><F6/><W97/><G97/><T96/><D96/><U84/><E1/><V72/><F72/><W45/><REACH who="3" step="1"/><G40/><REACH who="3" ten="170,210,210,400" step="2"/><T16/><D49/><U17/><E50/><V130/><F107/><W128/><G128/><T121/><D121/><U71/><E43/><V109/><F130/><W11/><G11/><T2/><D2/><U38/><E8/><V85/><F109/><W21/><G21/><T64/><D26/><U68/><E38/><V118/><F118/><W9/><G9/><N who="0" m="6159" /><D65/><U104/><E104/><V67/><F67/><W133/><G133/><T92/><D92/><U93/><E93/><V103/><F27/><W135/><G135/><T61/><D64/><U66/><E66/><V122/><F20/><W110/><G110/><T116/><D116/><U91/><E71/><V129/><F129/><W131/><G131/><T30/><D30/><U56/><E68/><V46/><F122/><W57/><G57/><N who="1" m="22090" /><E48/><V112/><F112/><W73/><AGARI ba="0,1" hai="22,24,31,39,42,45,52,54,55,69,70,73,78,80" machi="73" ten="30,4000,0" yaku="1,1,0,1,54,1,53,0" doraHai="58" doraHaiUra="134" who="3" fromWho="3" sc="170,-10,210,-20,210,-10,400,50" /><INIT seed="2,0,0,2,0,16" ten="160,190,200,450" oya="2" hai0="38,13,54,21,23,47,36,94,121,32,60,133,131" hai1="111,17,74,99,26,24,33,35,102,6,116,125,92" hai2="57,34,100,96,93,88,70,65,14,132,5,59,107" hai3="90,91,75,69,83,53,55,128,113,103,39,106,42"/><V68/><F132/><W31/><G69/><T87/><D121/><U25/><E116/><V115/><F115/><W7/><G113/><T0/><D0/><U85/><E74/><V4/><F34/><W46/><G128/><T82/><D32/><U63/><E111/><V134/><F134/><W77/><G7/><T30/><D133/><U52/><E125/><V1/><F1/><W56/><G31/><T12/><D131/><U61/><E6/><V123/><F123/><W108/><G108/><T119/><D119/><U117/><E117/><V114/><F114/><W58/><G103/><T109/><D109/><U40/><E40/><V10/><F4/><W49/><G106/><T130/><D30/><U41/><E41/><V45/><F45/><W8/><G8/><T67/><D94/><U44/><E33/><V15/><F15/><N who="0" m="5706" /><D38/><U51/><E35/><V118/><F118/><W62/><AGARI ba="0,0" hai="39,42,46,49,53,55,56,58,62,75,77,83,90,91" machi="62" ten="20,1500,0" yaku="0,1,7,1" doraHai="16" who="3" fromWho="3" sc="160,-4,190,-4,200,-7,450,15" /><INIT seed="3,0,0,3,3,121" ten="156,186,193,465" oya="3" hai0="78,32,129,56,9,130,125,80,87,43,106,124,48" hai1="99,12,2,35,27,1,23,62,58,36,53,82,119" hai2="54,79,19,18,13,98,110,126,116,75,44,109,117" hai3="115,57,6,71,112,122,46,61,133,7,108,5,107"/><W89/><G122/><T93/><D32/><U68/><E36/><V103/><F126/><N who="0" m="48746" /><D9/><U120/><E120/><V55/><F79/><W31/><G133/><T84/><D56/><U69/><E119/><V67/><F75/><W65/><G107/><T47/><D106/><U64/><E35/><V86/><F86/><W90/><G71/><T95/><D43/><U4/><E68/><V102/><F44/><W3/><G3/><T96/><D48/><U111/><E4/><V21/><F67/><W92/><G46/><T0/><D0/><U16/><E111/><N who="2" m="42507" /><F18/><W37/><G37/><T66/><D66/><U105/><E82/><V51/><F102/><W70/><G65/><T100/><D47/><U30/><E64/><V20/><F21/><W88/><G70/><T76/><D76/><U41/><E69/><V25/><F25/><W34/><G108/><T24/><D24/><U14/><E27/><V114/><F114/><W63/><G112/><T72/><D72/><U28/><E23/><V26/><F26/><W101/><G101/><T77/><D77/><U59/><E30/><V132/><F132/><W134/><G31/><T42/><D42/><U8/><E41/><V131/><F131/><W22/><G134/><T135/><D135/><U128/><E28/><V94/><F51/><W39/><G39/><T40/><D40/><U10/><E128/><V52/><AGARI ba="0,0" hai="13,19,20,52,54,55,94,98,103,116,117" m="42507" machi="52" ten="30,8000,1" yaku="14,1,52,3,54,1" doraHai="121" who="2" fromWho="2" sc="156,-20,186,-20,193,80,465,-40" /><INIT seed="4,0,0,2,2,87" ten="136,166,273,425" oya="0" hai0="66,34,37,61,3,119,102,67,113,81,15,52,26" hai1="128,80,105,43,114,96,124,95,125,91,75,50,110" hai2="89,112,42,40,58,41,2,29,97,126,69,46,106" hai3="0,127,8,84,4,54,79,121,47,118,92,44,104"/><T32/><D119/><U65/><E65/><V25/><F69/><W10/><G118/><T59/><D3/><U18/><E43/><V98/><F2/><W33/><G104/><T109/><D37/><U83/><E50/><V132/><F112/><W27/><G127/><N who="1" m="48714" /><E18/><V45/><F126/><W108/><G108/><T88/><D113/><U57/><E57/><V31/><F132/><W53/><G10/><T94/><D109/><U100/><E110/><V51/><F106/><W99/><G84/><N who="0" m="50191" /><D32/><U90/><E114/><V16/><F58/><W38/><G79/><T76/><D34/><U14/><E14/><V12/><F25/><W123/><G27/><T63/><D26/><U111/><E111/><V130/><F130/><W82/><G33/><T39/><D39/><U55/><E55/><N who="3" m="21002" /><G82/><N who="1" m="31274" /><E75/><V9/><F41/><W21/><G38/><T72/><D72/><U70/><E70/><V62/><F62/><N who="0" m="23562" /><D76/><U64/><E64/><V1/><F1/><W68/><G68/><T22/><D22/><U6/><E128/><V17/><F9/><W135/><G21/><T86/><D15/><U56/><E56/><V129/><F12/><W120/><G135/><T131/><D131/><U36/><E36/><V24/><F24/><W71/><G71/><T13/><D13/><U116/><E116/><V101/><F129/><W122/><G123/><T7/><D7/><U78/><E78/><V20/><F20/><W77/><G77/><T103/><D66/><U49/><E6/><V23/><F23/><W134/><G134/><T5/><D67/><U30/><E105/><V74/><F74/><RYUUKYOKU ba="0,0" sc="136,-10,166,-10,273,-10,425,30" hai3="0,4,8,44,47,92,99,120,121,122" /><INIT seed="5,1,0,0,3,54" ten="126,156,263,455" oya="1" hai0="124,95,60,123,1,61,47,117,68,114,34,119,37" hai1="65,29,87,45,59,77,53,67,102,51,41,50,12" hai2="11,113,84,42,116,106,26,43,107,74,22,64,23" hai3="133,69,4,120,105,75,108,35,80,62,36,49,57"/><U6/><E102/><V112/><F74/><W9/><G105/><N who="2" m="39945" /><F116/><N who="0" m="44618" /><D95/><U73/><E73/><V19/><F64/><W27/><G49/><T66/><D34/><U88/><E77/><V0/><F84/><W8/><G62/><T83/><D83/><U10/><REACH who="1" step="1"/><E29/><REACH who="1" ten="126,146,263,455" step="2"/><V126/><F112/><W130/><G75/><T118/><D118/><U121/><E121/><V72/><F72/><W103/><G120/><T122/><D114/><U109/><E109/><V24/><F113/><W71/><G108/><T94/><D123/><U70/><E70/><V48/><F126/><W85/><G71/><T13/><D122/><U128/><E128/><V93/><F42/><W30/><G69/><T16/><D124/><U18/><E18/><V39/><F19/><W76/><G30/><T21/><D68/><U90/><E90/><V78/><F43/><W2/><G130/><T100/><D100/><U97/><E97/><V17/><F17/><W46/><G103/><T38/><D16/><U3/><E3/><V110/><F0/><W20/><G2/><T96/><D1/><U63/><E63/><V81/><F78/><W127/><G76/><T14/><D61/><U129/><E129/><V55/><F110/><W135/><G127/><T131/><D131/><U15/><E15/><V25/><F25/><W86/><G27/><T92/><D96/><U5/><E5/><V101/><F26/><W82/><G4/><T31/><D13/><U104/><E104/><V98/><F24/><W33/><G33/><T40/><D14/><U91/><E91/><V132/><F101/><W79/><G35/><RYUUKYOKU ba="1,1" sc="126,-10,146,30,263,-10,455,-10" hai1="6,10,12,41,45,50,51,53,59,65,67,87,88" /><INIT seed="5,2,1,4,1,132" ten="116,176,253,445" oya="1" hai0="126,26,28,7,110,13,73,39,97,5,85,3,70" hai1="59,135,124,72,1,87,116,8,45,106,10,54,25" hai2="58,91,99,40,52,29,111,68,19,67,92,83,66" hai3="17,123,90,31,30,74,102,16,112,129,115,119,94"/><U61/><E72/><V51/><F111/><W2/><G123/><T103/><D73/><U75/><E75/><V105/><F105/><W42/><G2/><T80/><D110/><U15/><E116/><V71/><F29/><W113/><G119/><T81/><D39/><U32/><E106/><V109/><F109/><W23/><G129/><T62/><D3/><U131/><E135/><V95/><F40/><W49/><G102/><T12/><D70/><U43/><E131/><V96/><F83/><W56/><G17/><T44/><D44/><U76/><E1/><V77/><F77/><W65/><G42/><T108/><D62/><U36/><E32/><V34/><F34/><W50/><G74/><T78/><D81/><U4/><E8/><V86/><F86/><N who="3" m="52567" /><G65/><T57/><D108/><U14/><E14/><V84/><F84/><W127/><G127/><T93/><D57/><U64/><E25/><V11/><F71/><W21/><G56/><T89/><D103/><U0/><E0/><V82/><F82/><W60/><G60/><T22/><REACH who="0" step="1"/><D126/><REACH who="0" ten="106,176,253,445" step="2"/><U9/><E124/><V6/><F68/><W55/><G115/><T128/><D128/><U130/><E130/><V47/><F58/><W133/><G113/><T53/><D53/><U41/><E41/><V79/><F67/><W118/><G112/><T98/><D98/><U20/><E64/><V117/><F66/><W120/><G133/><T35/><D35/><U134/><E134/><V24/><F99/><W88/><G118/><T121/><D121/><U38/><E38/><V101/><F117/><W46/><G120/><RYUUKYOKU ba="2,2" sc="106,30,176,-10,253,-10,445,-10" hai0="5,7,12,13,22,26,28,78,80,85,89,93,97" /><INIT seed="6,3,2,5,5,1" ten="136,166,243,435" oya="2" hai0="33,22,120,45,64,128,110,3,21,104,131,51,8" hai1="31,17,88,122,62,119,72,132,102,38,36,4,34" hai2="82,99,94,10,127,60,47,91,130,75,19,105,107" hai3="40,58,95,61,44,46,96,35,63,69,67,26,101"/><V18/><F127/><W16/><G35/><T73/><D120/><U106/><E119/><V52/><F130/><N who="0" m="49706" /><D110/><U74/><E17/><V32/><F32/><W71/><G63/><T66/><D33/><U12/><E132/><V49/><F60/><W39/><G46/><T135/><D104/><U123/><E102/><V83/><F19/><W14/><G26/><T89/><D73/><U2/><E12/><V11/><F75/><N who="1" m="28713" /><E88/><N who="2" m="55751" /><F107/><W53/><G67/><N who="0" m="25643" /><D89/><U50/><E50/><V124/><F105/><W98/><G98/><T113/><D135/><U65/><E106/><V79/><F124/><W57/><G57/><T85/><D85/><U23/><E23/><AGARI ba="3,2" hai="14,16,23,39,40,44,53,58,61,69,71,95,96,101" machi="23" ten="30,2000,0" yaku="7,1,54,1" doraHai="1" who="3" fromWho="1" sc="136,0,166,-29,243,0,435,49" /><INIT seed="7,0,0,5,3,13" ten="136,137,243,484" oya="3" hai0="66,63,74,59,9,53,77,33,70,58,19,57,84" hai1="130,100,122,107,82,56,80,43,98,23,81,101,104" hai2="121,28,15,60,126,73,134,96,131,44,97,27,62" hai3="78,112,79,103,102,42,91,61,30,51,18,68,17"/><W106/><G106/><N who="1" m="40490" /><E56/><N who="0" m="21609" /><D70/><U89/><E43/><V83/><F131/><W118/><G91/><T20/><D33/><U109/><E23/><V31/><F126/><W129/><G30/><T128/><D128/><U49/><E49/><V64/><F134/><W115/><G68/><T2/><D74/><U6/><E6/><V16/><F44/><W34/><G51/><T75/><D75/><U119/><E130/><V123/><F73/><W4/><G4/><T1/><D1/><U127/><E109/><V94/><F83/><N who="1" m="31785" /><E122/><V132/><F64/><W41/><G129/><T65/><D2/><U95/><E127/><V22/><F31/><W26/><G34/><T85/><D9/><U92/><E119/><V135/><F135/><W48/><G48/><T32/><D32/><U76/><E95/><V71/><F132/><W124/><G124/><T90/><D77/><U120/><E120/><N who="2" m="46155" /><F94/><W40/><G40/><T105/><D105/><U12/><E12/><V45/><F45/><W67/><G118/><T110/><D110/><U36/><E36/><V25/><F25/><W39/><G39/><T125/><D125/><U93/><E93/><V55/><F55/><W111/><G111/><T99/><D65/><U10/><E10/><N who="2" m="6263" /><F71/><W86/><G67/><T87/><D66/><U69/><E69/><V113/><F62/><W35/><G61/><T38/><D38/><U37/><E37/><V50/><F60/><W24/><G35/><T46/><D46/><U54/><E54/><V88/><F50/><W14/><G14/><N who="0" m="9335" /><D99/><U11/><E11/><V72/><F97/><W117/><G117/><RYUUKYOKU ba="0,0" sc="136,10,137,10,243,-30,484,10" hai0="53,59,63,84,85,87,90" hai1="76,81,89,92,98,100,101" hai3="17,18,24,26,41,42,78,79,86,102,103,112,115" owari="146,-35.4,147,-25.3,213,1.3,494,59.4" /></mjloggm>