<mjloggm ver="2.3"><GO type="169" lobby="0"/><UN n0="%62%61%6B%75%72%61%30%38" n1="%61%73%61%64%61%31%32" n2="%E3%82%AB%E3%83%AB%E3%83%94%E3%82%B9%E3%82%B5%E3%83%AF%E3%83%BC" n3="%4F%4D%41%4E%54%41" dan="17,17,17,17" rate="2184.75,2207.89,2231.35,2180.43" sx="M,M,M,M"/><TAIKYOKU oya="0"/><INIT seed="0,0,0,3,5,99" ten="250,250,250,250" oya="0" hai0="130,29,81,27,134,76,124,52,19,57,22,97,24" hai1="102,45,90,69,125,66,113,9,64,17,84,58,28" hai2="42,135,11,63,62,65,40,36,93,37,104,128,71" hai3="39,110,35,78,72,119,43,33,88,87,38,82,7"/><T34/><D124/><U6/><E69/><V49/><F93/><W21/><G119/><T50/><D130/><U100/><E28/><V53/><F11/><W109/><G7/><T13/><D134/><U95/><E125/><V4/><F104/><W98/><G98/><T51/><D97/><U96/><E113/><V18/><F18/><W31/><G21/><T16/><D51/><U41/><E17/><V89/><F89/><W126/><G126/><T44/><D57/><U122/><E122/><V23/><F23/><W73/><G43/><N who="2" m="16425" /><F4/><W55/><G55/><T30/><REACH who="0" step="1"/><D13/><REACH who="0" ten="240,250,250,250" step="2"/><N who="1" m="5303" /><E58/><N who="2" m="33071" /><F128/><W94/><G39/><N who="2" m="14921" /><F135/><W10/><G38/><T67/><D67/><N who="1" m="25643" /><E96/><V101/><F101/><N who="1" m="39017" /><E41/><V108/><F108/><W111/><G111/><T1/><D1/><U15/><E45/><V75/><F75/><AGARI ba="0,1" hai="16,19,22,24,27,29,30,34,44,50,52,75,76,81" machi="75" ten="30,12000,1" yaku="1,1,7,1,54,2,53,1" doraHai="99" doraHaiUra="105" who="0" fromWho="2" sc="240,130,250,0,250,-120,250,0" /><INIT seed="0,1,0,3,5,120" ten="370,250,130,250" oya="0" hai0="37,33,102,112,32,127,114,21,44,50,75,6,134" hai1="20,103,2,88,109,41,77,48,26,118,15,52,85" hai2="99,59,130,16,60,113,71,31,91,122,11,58,92" hai3="96,55,82,81,47,24,13,65,35,125,68,78,111"/><T86/><D75/><U79/><E2/><V14/><F122/><W19/><G125/><T62/><D37/><U30/><E118/><V54/><F130/><W56/><G68/><T84/><D127/><U94/><E109/><V119/><F113/><W128/><G128/><T70/><D6/><U106/><E41/><V116/><F71/><W67/><G111/><T108/><D134/><U76/><E106/><V93/><F31/><W66/><G47/><T4/><D4/><U73/><E103/><V124/><F124/><W28/><G96/><T1/><D1/><U9/><E73/><V100/><REACH who="2" step="1"/><F59/><REACH who="2" ten="370,250,120,250" step="2"/><W87/><G28/><T110/><D70/><U5/><E77/><V40/><F40/><W126/><G126/><T27/><D112/><U51/><E51/><V72/><F72/><W53/><G56/><AGARI ba="1,1" hai="5,9,15,20,26,30,48,52,56,76,79,85,88,94" machi="56" ten="30,7700,0" yaku="7,1,8,1,54,2" doraHai="120" who="1" fromWho="3" sc="370,0,250,90,120,0,250,-80" /><INIT seed="1,0,0,0,4,77" ten="370,340,120,170" oya="1" hai0="10,96,24,36,72,128,15,0,86,62,65,91,106" hai1="83,49,17,60,79,31,70,111,4,64,89,30,75" hai2="122,103,33,131,51,58,66,125,56,28,63,132,78" hai3="67,18,117,133,107,100,23,41,34,98,39,73,22"/><U76/><E4/><V26/><F122/><W8/><G34/><T59/><D72/><U9/><E111/><V55/><F131/><W101/><G73/><T81/><D128/><U93/><E76/><V11/><F125/><W32/><G32/><T97/><D36/><U95/><E95/><V25/><F132/><W80/><G133/><T102/><D0/><U3/><E49/><V82/><F103/><W6/><G67/><T71/><D24/><U127/><E127/><V112/><F112/><W16/><G101/><T124/><D124/><U108/><E108/><V13/><F28/><W20/><G117/><T46/><D46/><U61/><E60/><V2/><F2/><W115/><G115/><T27/><D27/><U74/><E74/><V110/><F110/><W94/><G107/><T1/><D96/><U118/><E118/><V87/><REACH who="2" step="1"/><F33/><REACH who="2" ten="370,340,110,170" step="2"/><W130/><G130/><T134/><D1/><U29/><E3/><V120/><F120/><W69/><G100/><T45/><D134/><U43/><E30/><V38/><F38/><W7/><G39/><T105/><D105/><U90/><E31/><V5/><AGARI ba="0,1" hai="5,11,13,25,26,51,55,56,58,63,66,78,82,87" machi="5" ten="20,8000,1" yaku="1,1,0,1,7,1,8,1,52,1,53,0" doraHai="77" doraHaiUra="35" who="2" fromWho="2" sc="370,-20,340,-40,110,90,170,-20" /><INIT seed="2,0,0,3,2,9" ten="350,300,200,150" oya="2" hai0="77,79,6,34,69,2,124,110,132,130,121,38,18" hai1="127,30,7,98,135,71,39,70,133,60,29,44,8" hai2="76,52,115,31,5,93,58,4,54,95,74,88,94" hai3="91,56,134,42,36,78,102,65,51,25,46,116,1"/><V105/><F115/><W41/><G116/><T81/><RYUUKYOKU type="yao9" ba="0,0" sc="350,0,300,0,200,0,150,0" hai0="2,6,18,34,38,69,77,79,81,110,121,124,130,132" /><INIT seed="2,1,0,1,0,97" ten="350,300,200,150" oya="2" hai0="26,115,86,2,91,120,135,48,24,30,93,126,73" hai1="27,83,89,129,109,15,74,28,65,85,53,60,125" hai2="21,67,0,6,39,63,34,134,14,76,64,72,36" hai3="132,35,118,116,62,38,61,84,52,9,68,45,1"/><V41/><F34/><W12/><G35/><T70/><D120/><U128/><E125/><V57/><F134/><W17/><G132/><T119/><D115/><U101/><E109/><V29/><F0/><W79/><G1/><T95/><D126/><U110/><E110/><V3/><F3/><W133/><G133/><T69/><D73/><U123/><E74/><V23/><F64/><W108/><G108/><T131/><D119/><U31/><E123/><V104/><F104/><W122/><G122/><T124/><D131/><N who="1" m="50251" /><E53/><V121/><F121/><W113/><G113/><T40/><D135/><U102/><E15/><V46/><F36/><W82/><G38/><T44/><D124/><U112/><E112/><V107/><F107/><W18/><G18/><T88/><D24/><U117/><E117/><V19/><F6/><W51/><REACH who="3" step="1"/><G62/><REACH who="3" ten="350,300,200,140" step="2"/><T103/><D2/><U78/><E31/><V94/><F29/><W49/><G49/><T22/><REACH who="0" step="1"/><D103/><REACH who="0" ten="340,300,200,140" step="2"/><U100/><E28/><V7/><F72/><W66/><AGARI ba="1,2" hai="9,12,17,45,51,52,61,66,68,79,82,84,116,118" machi="66" ten="30,7900,0" yaku="1,1,0,1,54,1,53,1" doraHai="97" doraHaiUra="77" who="3" fromWho="3" sc="340,-21,300,-21,200,-40,140,102" /><INIT seed="3,0,0,1,4,35" ten="319,279,160,242" oya="3" hai0="127,56,113,115,120,13,60,33,107,119,14,52,15" hai1="108,11,87,103,51,126,129,124,82,37,111,135,76" hai2="48,97,12,36,30,21,63,130,125,9,90,32,22" hai3="77,109,72,34,85,53,114,71,105,68,132,104,7"/><W88/><G114/><N who="0" m="43531" /><D119/><U31/><E37/><V73/><F36/><W4/><G34/><T17/><D120/><U83/><E31/><V55/><F73/><W122/><G122/><T92/><D107/><U96/><E51/><V46/><F130/><W100/><G132/><T91/><D33/><U8/><E11/><V67/><F125/><N who="1" m="48233" /><E8/><V1/><F32/><W49/><G109/><N who="1" m="42058" /><E135/><V101/><F30/><W6/><G53/><T57/><D57/><U20/><E20/><V28/><F28/><W5/><G49/><T10/><D127/><U59/><E59/><V39/><F39/><W50/><G50/><T80/><D80/><N who="1" m="47495" /><E129/><V94/><F21/><W38/><G5/><T58/><D58/><U112/><E112/><V110/><F22/><W86/><G38/><T65/><D65/><U3/><E3/><V78/><F1/><W81/><G68/><T44/><D44/><U64/><E64/><V25/><F110/><W99/><G71/><T116/><D116/><U24/><E24/><V89/><F25/><W128/><G128/><T43/><D43/><U2/><E2/><V118/><F118/><W106/><REACH who="3" step="1"/><G72/><REACH who="3" ten="319,279,160,232" step="2"/><T70/><D70/><U29/><E29/><V84/><F67/><W74/><G74/><T19/><D10/><U75/><E75/><V61/><F63/><W27/><G27/><T98/><AGARI ba="0,1" hai="13,14,15,17,19,52,56,60,91,92,98" m="43531" machi="98" ten="30,2000,0" yaku="11,1,54,1" doraHai="35" who="0" fromWho="0" sc="319,30,279,-5,160,-5,232,-10" /><INIT seed="4,0,0,4,4,86" ten="349,274,155,222" oya="0" hai0="9,125,132,87,45,61,13,8,124,121,6,55,104" hai1="47,113,65,129,93,123,108,102,1,42,114,3,53" hai2="64,96,60,21,91,111,115,17,72,63,73,79,101" hai3="130,92,20,23,127,10,59,71,76,18,66,31,82"/><T39/><D121/><U99/><E123/><V34/><F111/><W116/><G116/><T62/><D104/><U16/><E108/><V85/><F34/><W12/><G71/><T43/><D132/><U32/><E32/><V112/><F79/><W57/><G130/><T22/><D22/><U54/><E65/><V70/><F63/><W117/><G117/><T0/><D87/><U30/><E30/><V58/><F70/><W52/><G127/><N who="0" m="48715" /><D55/><N who="1" m="21003" /><E129/><V49/><F49/><W33/><G33/><T24/><D24/><U78/><E78/><V95/><F112/><N who="1" m="43113" /><E16/><AGARI ba="0,0" hai="0,6,8,9,13,16,39,43,45,61,62" m="48715" machi="16" ten="30,2900,0" yaku="18,1,54,1" doraHai="86" who="0" fromWho="1" sc="349,29,274,-29,155,0,222,0" /><INIT seed="4,1,0,1,4,17" ten="378,245,155,222" oya="0" hai0="66,132,11,131,96,2,24,91,15,33,129,68,65" hai1="95,123,35,94,108,85,115,8,30,134,105,102,13" hai2="93,120,1,3,71,48,46,9,110,69,125,23,37" hai3="42,76,121,45,116,34,53,114,78,44,6,25,99"/><T74/><D74/><U113/><E123/><V127/><F120/><W0/><G116/><T119/><D119/><U88/><E108/><V124/><F110/><W39/><G121/><T60/><D2/><U21/><E35/><V133/><F37/><W38/><G114/><N who="1" m="43530" /><E134/><V10/><F133/><W41/><G53/><T130/><D132/><U16/><E105/><V72/><F72/><W14/><G0/><N who="2" m="73" /><F93/><W19/><G6/><T67/><D24/><N who="1" m="16655" /><E102/><V31/><F9/><W51/><G99/><T109/><D33/><U62/><E62/><V75/><F10/><W82/><G51/><T63/><D109/><U56/><E56/><V89/><F75/><W135/><G135/><T40/><D40/><U59/><E59/><V117/><F117/><W47/><G47/><T84/><D63/><U87/><E95/><V126/><N who="2" m="31744" /><DORA hai="54" /><V103/><F103/><W86/><G34/><T97/><D60/><U70/><E87/><V80/><F71/><AGARI ba="1,0" hai="8,13,16,70,71,85,88,94" m="16655,43530" machi="71" ten="30,8000,1" yaku="15,1,11,1,52,1,54,2" doraHai="17,54" who="1" fromWho="2" sc="378,0,245,83,155,-83,222,0" /><INIT seed="5,0,0,5,1,116" ten="378,328,72,222" oya="1" hai0="100,8,56,46,109,107,70,59,63,26,16,21,35" hai1="37,73,40,103,71,104,31,6,86,118,92,49,108" hai2="75,32,126,74,62,4,69,65,129,39,83,91,88" hai3="130,18,47,55,117,17,87,113,111,54,9,101,64"/><U66/><E118/><V96/><F129/><W48/><G117/><T68/><D109/><U20/><E73/><V45/><F32/><W131/><G111/><T98/><D35/><U43/><E108/><V112/><F126/><W124/><G124/><T60/><D46/><U128/><E37/><V2/><F112/><W121/><G113/><T13/><D59/><U58/><E71/><V77/><F96/><W97/><G64/><T22/><D22/><U11/><E104/><V38/><F75/><W114/><G121/><T119/><D119/><U44/><E128/><N who="3" m="49194" /><G9/><T94/><D107/><U99/><E86/><V90/><REACH who="2" step="1"/><F45/><REACH who="2" ten="378,328,62,222" step="2"/><N who="3" m="27919" /><G114/><T19/><REACH who="0" step="1"/><D63/><REACH who="0" ten="368,328,62,222" step="2"/><N who="1" m="38263" /><E44/><V24/><F24/><W120/><G47/><T67/><AGARI ba="0,2" hai="8,13,16,19,21,26,56,60,67,68,70,94,98,100" machi="67" ten="20,5200,0" yaku="1,1,0,1,7,1,54,1,53,0" doraHai="116" doraHaiUra="3" who="0" fromWho="0" sc="368,72,328,-26,62,-13,222,-13" /><INIT seed="6,0,0,0,4,65" ten="440,302,49,209" oya="2" hai0="44,77,15,52,133,5,28,46,88,42,10,73,29" hai1="80,115,14,13,83,48,4,60,55,124,1,131,109" hai2="71,121,107,62,96,98,19,41,43,111,100,81,69" hai3="54,129,6,70,101,40,127,50,117,76,32,53,68"/><V123/><F111/><W108/><G108/><T78/><D73/><U20/><E1/><V95/><F81/><W113/><G6/><T99/><D133/><U105/><E105/><V34/><F34/><W17/><G17/><T30/><D52/><U72/><E115/><V75/><F75/><W11/><G101/><T56/><D56/><U57/><E131/><V61/><F19/><W51/><G11/><T36/><D44/><U2/><E2/><V135/><F95/><W104/><G127/><T106/><D106/><U18/><E124/><V89/><F107/><W66/><G117/><T116/><D116/><U21/><E72/><V94/><F94/><W0/><G51/><T58/><D58/><U102/><E102/><V25/><F100/><W93/><G93/><T82/><D99/><U91/><E109/><V118/><F118/><W110/><G76/><T59/><D59/><U125/><E125/><V31/><F25/><W64/><G50/><T103/><D103/><U128/><E128/><V49/><F49/><W22/><G22/><T97/><D97/><U90/><E48/><V87/><F31/><W27/><G27/><T63/><D63/><U92/><E21/><V130/><F130/><W33/><G129/><T26/><D26/><U132/><E132/><V37/><F135/><W16/><G110/><T35/><D35/><U114/><E114/><V38/><REACH who="2" step="1"/><F87/><REACH who="2" ten="440,302,39,209" step="2"/><W119/><G16/><T74/><D74/><U84/><E91/><AGARI ba="0,1" hai="37,38,41,43,61,62,69,71,89,91,96,98,121,123" machi="91" ten="25,18000,2" yaku="1,1,2,1,22,2,52,2,53,0" doraHai="65" doraHaiUra="12" who="2" fromWho="1" sc="440,0,302,-180,39,190,209,0" /><INIT seed="6,1,0,4,0,99" ten="440,122,229,209" oya="2" hai0="39,5,118,40,111,124,24,50,21,46,22,81,35" hai1="112,127,126,72,133,14,131,6,135,116,101,85,74" hai2="52,121,73,42,61,62,102,89,47,27,78,92,103" hai3="75,34,37,59,10,60,120,7,43,113,70,54,117"/><V129/><F121/><W95/><G120/><T67/><D111/><U49/><E6/><V104/><F104/><W13/><G117/><T45/><D124/><N who="1" m="47659" /><E14/><V19/><F129/><W84/><G75/><N who="1" m="28714" /><E49/><N who="2" m="28735" /><F73/><W76/><G34/><T88/><D88/><U4/><E4/><V119/><F78/><W33/><G33/><T38/><D81/><U132/><E116/><V8/><F42/><W0/><G70/><T123/><D67/><U122/><E122/><V106/><F106/><W69/><G69/><T97/><D97/><U15/><E15/><N who="2" m="7655" /><F27/><W25/><G25/><T31/><D24/><U96/><E85/><N who="2" m="52271" /><F119/><W58/><G13/><T23/><D40/><U48/><E48/><V114/><F114/><W66/><G113/><T80/><D50/><U93/><E112/><V86/><F86/><W71/><G71/><T16/><D123/><U26/><E26/><V57/><F61/><W109/><G76/><T51/><D51/><U82/><E82/><V32/><F32/><W63/><G84/><T30/><D80/><U94/><E93/><V18/><F18/><W29/><G95/><T64/><D16/><U83/><E83/><V56/><F56/><W41/><G41/><T55/><D35/><U65/><E65/><AGARI ba="1,0" hai="57,62,65,102,103" m="52271,7655,28735" machi="65" ten="30,11600,0" yaku="8,1,52,2,54,1" doraHai="99" who="2" fromWho="1" sc="440,0,122,-119,229,119,209,0" /><INIT seed="6,2,0,4,0,16" ten="440,3,348,209" oya="2" hai0="118,27,30,19,133,23,92,98,9,48,109,17,53" hai1="22,49,39,36,85,20,102,119,57,132,134,83,34" hai2="125,67,91,35,75,120,130,81,32,15,97,135,96" hai3="106,50,4,59,111,8,77,26,47,79,25,3,115"/><V13/><F120/><W51/><G111/><T110/><D133/><N who="1" m="51307" /><E34/><V18/><F135/><W40/><G106/><T122/><D122/><U1/><E1/><V14/><F130/><W88/><G115/><T127/><D127/><U58/><E102/><V121/><F121/><W38/><G38/><N who="1" m="14378" /><E119/><V76/><F125/><W21/><G26/><T64/><D118/><U114/><E114/><V94/><F67/><W31/><G59/><N who="1" m="22538" /><E49/><V80/><F96/><W103/><G103/><T105/><D105/><U41/><E41/><V78/><REACH who="2" step="1"/><F18/><REACH who="2" ten="440,3,338,209" step="2"/><W70/><G31/><T42/><D64/><U60/><E60/><V86/><AGARI ba="2,1" hai="13,14,15,32,35,75,76,78,80,81,86,91,94,97" machi="86" ten="30,6000,0" yaku="1,1,2,1,0,1,53,0" doraHai="16" doraHaiUra="55" who="2" fromWho="2" sc="440,-22,3,-22,338,76,209,-22" owari="418,51.8,-19,-51.9,414,21.4,187,-21.3" /></mjloggm>