<mjloggm ver="2.3"><GO type="225" lobby="0"/><UN n0="%E3%82%BC%E3%83%AB%E3%83%80%E3%81%AE%E4%BC%9D%E8%AA%AC" n1="%E3%83%A9%E3%83%BC%E3%83%A1%E3%83%B3%E4%BA%94%E9%83%8E" n2="%E5%8D%A0%E3%81%84%E5%B8%AB%E8%A3%8F%E3%81%AA%E3%81%84%E3%81%97" n3="%E6%B4%BE%E9%81%A3%E3%81%AE%E3%82%B8%E3%83%A3%E3%83%83%E3%82%AF" dan="17,16,17,17" rate="2160.05,2076.36,2213.49,2161.36" sx="M,M,M,M"/><TAIKYOKU oya="0"/><INIT seed="0,0,0,0,2,3" ten="250,250,250,250" oya="0" hai0="84,68,17,63,57,121,89,130,91,72,45,34,119" hai1="9,66,86,110,116,46,98,40,0,108,65,77,80" hai2="71,37,16,20,15,52,48,104,123,29,42,41,75" hai3="60,92,114,99,131,19,87,14,38,22,43,35,36"/><T33/><D72/><U50/><E116/><V11/><F123/><W105/><G114/><T21/><D119/><U67/><REACH who="1" step="1"/><E98/><REACH who="1" ten="250,240,250,250" step="2"/><V44/><F71/><W55/><G99/><T118/><D118/><U26/><E26/><N who="2" m="16583" /><F104/><W56/><G105/><T106/><D106/><U125/><E125/><V109/><F109/><W70/><G70/><T93/><D68/><U81/><E81/><V135/><F135/><W113/><G113/><T88/><D121/><U117/><E117/><V115/><F115/><W122/><G122/><T126/><D126/><U32/><E32/><V83/><F37/><W103/><G35/><T73/><D33/><U47/><E47/><V78/><F75/><W90/><G36/><T54/><D34/><U2/><E2/><V124/><F124/><W133/><G133/><T30/><D73/><U111/><E111/><V49/><F83/><W85/><G38/><T120/><D120/><U1/><E1/><V59/><F78/><W112/><G112/><T69/><D69/><U132/><E132/><V101/><F101/><W64/><G103/><T39/><D39/><U28/><E28/><V62/><F48/><W58/><G131/><T53/><D30/><U51/><E51/><V18/><F18/><W24/><G24/><N who="0" m="14383" /><D130/><U74/><E74/><V82/><F82/><W7/><G19/><T13/><D13/><U76/><E76/><V79/><F79/><W61/><G14/><T129/><D129/><U127/><E127/><V128/><F128/><W107/><G107/><T27/><D27/><U134/><E134/><V23/><F23/><W96/><G22/><RYUUKYOKU ba="0,1" sc="250,10,240,10,250,10,250,-30" hai0="45,53,54,57,63,84,88,89,91,93" hai1="0,9,40,46,50,65,66,67,77,80,86,108,110" hai2="11,15,16,41,42,44,49,52,59,62" /><INIT seed="0,1,1,5,4,67" ten="260,250,260,220" oya="0" hai0="55,27,98,7,26,91,76,126,39,15,59,103,3" hai1="83,60,101,13,20,123,112,41,82,62,108,29,10" hai2="49,57,11,52,36,85,18,110,133,30,63,43,90" hai3="0,32,64,53,28,75,33,122,125,2,38,92,104"/><T105/><D39/><U50/><E123/><V12/><F110/><W71/><G122/><T89/><D3/><U100/><E108/><V51/><F133/><W134/><G92/><N who="0" m="58823" /><D126/><U24/><E112/><V35/><F36/><W1/><G53/><T31/><D76/><U87/><E50/><V121/><F121/><W116/><G116/><T131/><D105/><U16/><E41/><V34/><F34/><W79/><G125/><T113/><D131/><U94/><E82/><V127/><F127/><W46/><G134/><T77/><D77/><N who="1" m="46575" /><E94/><N who="2" m="54607" /><F35/><W56/><G56/><T25/><D31/><U8/><E8/><V5/><F30/><W135/><G135/><T78/><D78/><U130/><E130/><V124/><F124/><W22/><G22/><T99/><D99/><U132/><E132/><V80/><F80/><N who="3" m="45183" /><G104/><T72/><D113/><U96/><E96/><V73/><F73/><W17/><G17/><T61/><D72/><U74/><E74/><V45/><F49/><W44/><G44/><T117/><D117/><U58/><E62/><V95/><F95/><W81/><G81/><T47/><D47/><U88/><E88/><V14/><F14/><W70/><G28/><T21/><D21/><U120/><E120/><V9/><F9/><AGARI ba="1,1" hai="7,9,15,25,26,27,55,59,61,89,91" m="58823" machi="9" ten="30,1500,0" yaku="8,1" doraHai="67" who="0" fromWho="2" sc="260,28,250,0,260,-18,220,0" /><INIT seed="0,2,0,3,4,86" ten="288,250,242,220" oya="0" hai0="79,54,1,69,6,106,7,22,94,55,37,116,25" hai1="108,31,102,73,16,0,101,107,23,50,3,45,83" hai2="43,92,80,46,99,81,32,75,65,77,131,120,5" hai3="113,61,103,64,24,41,29,9,11,93,114,48,66"/><T13/><D106/><U63/><E31/><V39/><F120/><W88/><G103/><T109/><D116/><U126/><E108/><V56/><F32/><W49/><G113/><T118/><D118/><U90/><E126/><V121/><F121/><W68/><G114/><T33/><D69/><U124/><E124/><V40/><F131/><W85/><G66/><T72/><D37/><U130/><E130/><V62/><F40/><W8/><REACH who="3" step="1"/><G41/><REACH who="3" ten="288,250,242,210" step="2"/><T57/><D109/><U112/><E102/><V87/><F5/><W20/><AGARI ba="2,1" hai="8,9,11,20,24,29,48,49,61,64,68,85,88,93" machi="20" ten="30,12000,2" yaku="1,1,2,1,0,1,52,1,54,1,53,1" doraHai="86" doraHaiUra="26" who="3" fromWho="3" sc="288,-62,250,-32,242,-32,210,136" /><INIT seed="1,0,0,1,2,19" ten="226,218,210,346" oya="1" hai0="81,75,129,113,63,102,42,132,108,27,90,5,128" hai1="121,92,39,60,120,56,41,72,87,11,1,54,33" hai2="7,112,10,12,14,78,25,95,31,16,0,118,114" hai3="97,127,13,135,69,117,85,106,17,26,130,3,66"/><U36/><E72/><V123/><F78/><W91/><G3/><T86/><D113/><N who="2" m="43626" /><F118/><W23/><G127/><T111/><D42/><U57/><E33/><N who="2" m="20719" /><F95/><W105/><G135/><T61/><D5/><U82/><E92/><V101/><F101/><W4/><G130/><N who="0" m="50283" /><D132/><U96/><E96/><V79/><F79/><W28/><G4/><T22/><D75/><U116/><E116/><V74/><F74/><W93/><G117/><T46/><D46/><U18/><E1/><V40/><F40/><W89/><G66/><T126/><D126/><U29/><E41/><V6/><F123/><W15/><G69/><T20/><D102/><U43/><E43/><V47/><F47/><W109/><G109/><N who="0" m="42059" /><D27/><U44/><E44/><V67/><F67/><W115/><G115/><T100/><D100/><U131/><E131/><V88/><F88/><W48/><G91/><T125/><D125/><U37/><E57/><V35/><F35/><W71/><G105/><T32/><D32/><U45/><E45/><V99/><F99/><W84/><G97/><T52/><D61/><U51/><E60/><V103/><F103/><W34/><G106/><T24/><D24/><U55/><E121/><V83/><F0/><W104/><G104/><T38/><D38/><U68/><E120/><V119/><F119/><W107/><G107/><T124/><D124/><U53/><E37/><V65/><F65/><W8/><G85/><T21/><D63/><U77/><E39/><V122/><F122/><W59/><G84/><T9/><D52/><N who="1" m="20075" /><E36/><V98/><F6/><N who="3" m="3223" /><G34/><T134/><D134/><U50/><E55/><RYUUKYOKU ba="0,0" sc="226,30,218,-10,210,-10,346,-10" hai0="9,20,21,22,81,86,90" /><INIT seed="2,1,0,3,1,1" ten="256,208,200,336" oya="2" hai0="27,135,114,97,65,29,75,105,8,44,41,5,95" hai1="103,26,84,112,116,13,118,56,49,62,86,91,107" hai2="132,69,96,51,127,4,72,78,77,21,36,38,109" hai3="120,106,130,67,11,40,18,111,93,85,101,12,23"/><V3/><F69/><W113/><G120/><T126/><D114/><U31/><E112/><V115/><F115/><W104/><G111/><T63/><D126/><U20/><E49/><V64/><F127/><W82/><G113/><T108/><D108/><U22/><E107/><V119/><F119/><W100/><G67/><T15/><D135/><U6/><E103/><V55/><F109/><W61/><G61/><T16/><D75/><U10/><E22/><V122/><F122/><W66/><G66/><T33/><D105/><U102/><E102/><V87/><F132/><W88/><G40/><T58/><D95/><U83/><REACH who="1" step="1"/><E84/><REACH who="1" ten="256,198,200,336" step="2"/><V92/><F72/><W19/><G104/><T73/><D73/><U70/><E70/><V125/><F125/><W30/><G106/><T28/><D97/><U80/><E80/><V98/><F87/><W134/><G100/><T117/><D117/><U47/><E47/><V90/><F98/><W124/><G124/><T24/><D44/><U35/><E35/><V14/><F21/><W53/><G134/><T71/><D71/><U128/><E128/><V50/><F50/><W43/><G130/><T46/><D46/><U121/><E121/><V25/><F38/><W9/><G82/><T52/><D41/><U59/><E59/><N who="2" m="33279" /><F36/><W57/><G43/><T45/><D45/><U7/><E7/><V68/><F68/><W32/><G101/><T54/><D5/><U94/><E94/><V99/><F99/><W39/><G39/><T89/><D33/><U123/><E123/><V79/><F4/><W42/><G32/><T129/><D129/><RYUUKYOKU ba="1,1" sc="256,-10,198,30,200,-10,336,-10" hai1="6,10,13,20,26,31,56,62,83,86,91,116,118" /><INIT seed="3,2,1,2,5,109" ten="246,228,190,326" oya="3" hai0="41,46,23,69,113,115,45,51,84,81,20,93,90" hai1="21,104,72,95,61,86,13,102,73,0,49,119,55" hai2="15,59,44,14,105,130,34,87,35,121,123,12,85" hai3="107,74,75,52,80,11,10,5,50,40,126,88,128"/><W110/><G107/><T66/><D69/><U125/><E0/><V131/><F105/><W67/><G67/><T83/><D66/><U100/><E104/><V129/><F59/><W120/><G120/><N who="2" m="46153" /><F44/><W38/><G110/><T111/><D111/><U18/><E72/><V65/><F65/><W116/><G116/><T2/><D2/><U25/><E73/><V76/><F76/><W26/><G40/><T133/><D133/><U64/><E119/><V53/><F53/><W112/><G52/><T31/><D45/><N who="1" m="28079" /><E125/><V6/><F6/><W30/><G5/><T97/><D81/><U82/><E95/><V22/><F22/><W89/><G80/><T106/><D106/><U48/><E48/><V135/><F135/><W92/><G126/><T7/><D7/><U118/><E118/><V70/><F70/><W101/><G92/><T9/><D9/><N who="1" m="6447" /><E64/><V42/><F42/><W39/><G74/><T63/><D63/><U3/><E61/><V78/><F78/><W77/><G77/><T56/><D56/><U33/><E33/><AGARI ba="2,1" hai="12,14,15,33,34,35,85,87,129,130,131" m="46153" machi="33" ten="40,8000,1" yaku="28,2,19,1,13,1" doraHai="109" who="2" fromWho="1" sc="246,0,228,-86,190,96,326,0" owari="246,-15.4,142,-35.8,286,8.6,326,42.6" /></mjloggm>