<mjloggm ver="2.3"><GO type="169" lobby="0"/><UN n0="%E3%81%B1%E3%82%93%E3%81%AA%E3%81%93%E3%81%BE%E3%81%A3%E3%81%9F" n1="%63%2E%63%2D%76%2E%76" n2="%E3%81%A1%E3%82%83%E3%82%8B%E3%82%81%E3%82%89" n3="%E8%80%81%E6%A5%BD" dan="18,17,17,17" rate="2256.16,2224.86,2229.93,2248.68" sx="M,F,M,M"/><TAIKYOKU oya="0"/><INIT seed="0,0,0,0,4,77" ten="250,250,250,250" oya="0" hai0="16,74,12,36,132,107,106,21,46,2,99,68,33" hai1="92,122,25,80,135,111,78,72,87,45,49,54,29" hai2="10,82,15,89,22,81,13,83,38,120,129,27,109" hai3="128,124,104,0,56,73,75,119,44,98,103,32,88"/><T59/><D68/><U23/><E122/><V130/><F38/><W20/><G32/><T42/><D132/><U62/><E111/><V127/><F120/><W110/><G0/><T96/><D33/><U86/><E135/><V30/><F109/><W134/><G119/><T31/><D2/><U37/><E37/><V97/><F127/><W58/><G110/><T94/><D74/><U5/><E5/><V17/><F97/><W63/><G58/><T18/><D31/><U7/><E7/><V61/><F61/><W133/><G124/><T4/><D4/><U121/><E121/><V69/><F69/><W51/><G20/><T93/><D59/><U114/><E114/><V125/><F125/><W85/><G128/><N who="2" m="49257" /><F15/><W84/><G84/><AGARI ba="0,0" hai="10,13,17,22,27,30,81,82,83,84,89" m="49257" machi="84" ten="30,7700,0" yaku="19,1,52,3" doraHai="77" who="2" fromWho="3" sc="250,0,250,0,250,77,250,-77" /><INIT seed="1,0,0,3,3,100" ten="250,250,327,173" oya="1" hai0="78,61,131,93,25,133,17,111,121,119,114,81,77" hai1="130,10,75,97,127,45,123,47,9,112,128,3,7" hai2="43,124,83,80,24,56,18,65,82,49,6,59,92" hai3="21,20,135,125,22,110,23,74,79,69,32,87,2"/><U33/><E112/><V132/><F124/><W106/><G74/><T15/><D114/><U34/><E123/><V66/><F132/><W30/><G69/><T108/><D119/><U28/><E127/><V54/><F6/><W118/><G2/><T48/><D133/><U91/><E91/><V39/><F39/><W102/><G125/><T57/><D121/><U41/><E10/><V8/><F43/><W60/><G135/><T19/><D131/><N who="1" m="50219" /><E28/><V67/><F92/><W95/><G110/><T58/><D93/><U96/><E47/><V68/><F68/><W104/><G118/><T36/><D78/><U84/><E84/><V99/><F99/><N who="1" m="37961" /><E75/><V12/><REACH who="2" step="1"/><F24/><REACH who="2" ten="250,250,317,173" step="2"/><W89/><G102/><T107/><D25/><U11/><E11/><V42/><F42/><W71/><N who="3" m="5120" /><DORA hai="103" /><W86/><G30/><T1/><D108/><U76/><E76/><V134/><F134/><W29/><G29/><T85/><D77/><U116/><E116/><V51/><F51/><AGARI ba="0,1" hai="3,7,9,33,34,41,45,51" m="37961,50219" machi="51" ten="30,1500,0" yaku="19,1" doraHai="100,103" who="1" fromWho="2" sc="250,0,250,25,317,-15,173,0" /><INIT seed="1,1,0,1,5,73" ten="250,275,302,173" oya="1" hai0="135,12,89,112,79,14,1,29,43,123,72,51,116" hai1="54,65,18,86,56,76,75,101,40,113,104,77,100" hai2="5,118,50,85,74,71,59,16,41,78,57,26,55" hai3="34,63,30,39,126,93,81,98,132,60,0,6,28"/><U107/><E113/><V11/><F71/><W31/><G34/><T61/><D1/><U91/><E65/><V15/><F74/><W90/><G39/><T62/><D112/><U23/><E40/><V22/><F118/><W96/><G126/><T8/><D116/><U69/><E69/><V52/><F41/><W95/><G132/><T110/><D135/><U70/><E70/><V121/><F121/><W27/><G27/><T94/><D123/><U33/><E75/><V129/><F129/><W106/><G106/><T109/><D29/><U111/><E33/><V35/><F35/><W45/><G81/><N who="0" m="45287" /><D51/><N who="1" m="30815" /><E107/><V130/><F130/><W20/><G20/><T21/><D21/><U87/><E104/><V44/><F55/><W19/><G19/><N who="0" m="8583" /><D14/><N who="1" m="9687" /><E111/><N who="0" m="42505" /><D43/><U108/><E108/><V134/><F134/><W47/><G0/><T25/><D25/><U3/><E3/><V17/><F26/><W24/><G24/><T46/><D46/><N who="3" m="17417" /><G6/><T117/><D117/><U131/><E131/><V92/><F5/><W115/><G115/><T125/><D125/><U103/><E87/><AGARI ba="1,0" hai="61,62,87,89,94" m="42505,8583,45287" machi="87" ten="30,2000,0" yaku="14,1,52,1" doraHai="73" who="0" fromWho="1" sc="250,23,275,-23,302,0,173,0" /><INIT seed="2,0,0,3,0,86" ten="273,252,302,173" oya="2" hai0="133,56,18,115,79,33,99,22,11,30,118,51,87" hai1="20,126,113,84,131,125,60,80,49,27,6,101,134" hai2="65,73,135,5,117,67,1,54,7,112,37,70,59" hai3="114,88,104,132,107,62,55,0,44,93,23,10,38"/><V16/><F112/><W102/><G102/><T41/><D115/><U127/><E113/><V121/><F117/><W26/><G114/><T69/><D118/><U122/><E122/><V68/><F121/><W77/><G77/><T100/><D69/><U3/><E101/><V110/><F73/><W119/><G119/><T95/><D133/><U109/><E109/><V58/><F37/><W53/><G132/><T24/><D11/><U103/><E103/><V71/><F135/><W129/><G129/><T66/><D41/><U28/><E134/><V89/><F1/><W31/><G0/><T81/><D51/><U25/><E131/><V36/><F36/><W90/><G10/><T97/><D97/><U78/><E49/><V94/><F16/><W128/><G128/><T61/><D33/><U124/><N who="1" m="31744" /><DORA hai="111" /><U35/><E60/><V9/><F9/><W96/><BYE who="2" /><G90/><T12/><REACH who="0" step="1"/><D12/><REACH who="0" ten="263,252,302,173" step="2"/><U74/><E3/><V45/><F45/><W85/><G96/><T98/><D98/><U34/><E6/><UN n2="%E3%81%A1%E3%82%83%E3%82%8B%E3%82%81%E3%82%89" /><V75/><F110/><W47/><G62/><T108/><D108/><U120/><E120/><V19/><F71/><W13/><G13/><T72/><D72/><U82/><REACH who="1" step="1"/><E27/><REACH who="1" ten="263,242,302,173" step="2"/><V50/><F70/><W8/><G38/><T64/><D64/><U76/><AGARI ba="0,2" hai="20,25,28,34,35,74,76,78,80,82,84" m="31744" machi="76" ten="60,8000,1" yaku="1,1,2,1,0,1,18,1,53,1" doraHai="86,111" doraHaiUra="42,105" who="1" fromWho="1" sc="263,-20,242,100,302,-40,173,-20" /><INIT seed="3,0,0,5,1,33" ten="243,342,262,153" oya="3" hai0="129,57,13,124,74,5,134,108,23,73,49,37,79" hai1="54,76,109,69,64,105,84,60,35,0,1,121,130" hai2="123,116,78,112,97,28,96,66,25,47,68,34,39" hai3="100,106,43,107,58,128,85,75,2,32,7,92,83"/><W113/><G113/><T27/><D37/><U119/><E121/><V14/><F112/><W30/><G75/><T44/><D108/><U111/><E130/><V62/><F123/><W17/><G43/><T48/><D129/><U71/><E54/><V131/><F131/><W117/><G128/><T3/><D3/><N who="1" m="1099" /><E84/><V135/><F78/><W19/><G58/><T18/><D124/><U53/><E53/><V45/><F45/><W63/><G63/><T132/><D134/><U46/><E76/><V51/><F39/><W93/><G30/><T59/><D132/><U9/><E9/><V110/><F110/><N who="1" m="41993" /><E119/><V102/><F116/><W95/><G117/><T103/><D79/><U86/><E86/><V55/><F135/><W50/><G32/><T99/><D74/><U82/><E82/><V52/><F55/><W98/><G50/><T90/><D49/><U91/><E91/><V122/><F122/><W118/><G107/><T11/><D90/><U114/><E114/><V15/><F96/><W16/><G118/><T20/><D73/><U87/><E87/><V36/><F36/><W22/><G85/><T29/><D99/><U81/><E81/><V72/><F72/><W127/><G83/><T125/><D125/><U104/><E46/><V61/><F62/><W56/><G127/><T67/><D103/><U10/><E35/><V80/><F80/><W133/><G133/><T42/><D67/><N who="1" m="41191" /><E10/><V70/><F68/><W21/><REACH who="3" step="1"/><G56/><REACH who="3" ten="243,342,262,143" step="2"/><T4/><D59/><U126/><E126/><V24/><F70/><W115/><G115/><T41/><D57/><U12/><E71/><RYUUKYOKU ba="0,1" sc="243,-10,342,-10,262,-10,143,30" hai3="2,7,16,17,19,21,22,92,93,95,98,100,106" /><INIT seed="3,1,1,5,1,78" ten="233,332,252,173" oya="3" hai0="129,18,39,111,52,75,134,119,7,73,135,101,50" hai1="57,60,25,45,26,32,28,86,21,64,99,56,35" hai2="34,116,27,48,113,133,100,1,104,46,110,90,15" hai3="13,93,69,89,112,123,4,6,94,91,68,51,108"/><W30/><G112/><T19/><D119/><U127/><E127/><V14/><F113/><W106/><G106/><T114/><D114/><U87/><E35/><V66/><F116/><W102/><G123/><T54/><D39/><U17/><E45/><V81/><F1/><W77/><G102/><T92/><D7/><U103/><REACH who="1" step="1"/><E57/><REACH who="1" ten="233,322,252,173" step="2"/><V82/><F46/><W55/><G68/><T0/><D135/><U128/><E128/><V96/><F34/><W22/><G69/><T29/><D134/><U125/><E125/><V47/><F47/><W115/><G115/><T58/><D129/><U132/><E132/><V117/><F133/><W126/><G126/><T12/><D58/><U97/><E97/><V20/><F96/><W61/><G108/><T33/><D111/><U95/><AGARI ba="1,2" hai="17,21,25,26,28,32,56,60,64,86,87,95,99,103" machi="95" ten="20,2700,0" yaku="1,1,0,1,7,1,53,0" doraHai="78" doraHaiUra="71" who="1" fromWho="1" sc="233,-8,322,50,252,-8,173,-14" /><INIT seed="4,0,0,2,5,122" ten="225,372,244,159" oya="0" hai0="130,132,91,14,97,6,62,36,66,55,85,25,51" hai1="13,29,1,2,21,68,129,133,34,125,94,100,50" hai2="92,127,26,75,109,78,45,74,110,117,65,33,72" hai3="28,15,4,90,52,107,12,83,95,0,8,120,56"/><T22/><D130/><U48/><E68/><V118/><F65/><W44/><G107/><T96/><D132/><U42/><E133/><V103/><F45/><W111/><G120/><T71/><D36/><U115/><E129/><V7/><F7/><W89/><G111/><T41/><D41/><U134/><E134/><V99/><F127/><W24/><G44/><T17/><D6/><U23/><E34/><V3/><F3/><W106/><G106/><T104/><D25/><U67/><E67/><V35/><F35/><W79/><G83/><T39/><D39/><U82/><E82/><V16/><F78/><W80/><G90/><T10/><D104/><U64/><E64/><V11/><F33/><W58/><G58/><T31/><D31/><U20/><E29/><V93/><F92/><W119/><G119/><N who="2" m="45577" /><F26/><W30/><G30/><T98/><D98/><U77/><E77/><V60/><F60/><W101/><G101/><T37/><D37/><U128/><E128/><V102/><F103/><W57/><G57/><T84/><D84/><U46/><E100/><V123/><F123/><W69/><G69/><T81/><REACH who="0" step="1"/><D22/><REACH who="0" ten="215,372,244,159" step="2"/><U116/><E23/><V108/><F75/><N who="3" m="43135" /><G24/><T113/><D113/><U87/><E115/><V114/><F114/><W112/><G112/><T54/><D54/><U38/><E21/><V59/><F74/><W43/><G43/><T5/><D5/><U70/><E42/><V124/><F72/><W135/><G135/><T61/><D61/><U86/><E116/><V32/><F110/><W76/><G4/><T40/><D40/><U105/><E105/><RYUUKYOKU ba="0,1" sc="215,30,372,-10,244,-10,159,-10" hai0="10,14,17,51,55,62,66,71,81,85,91,96,97" /><INIT seed="4,1,1,0,0,125" ten="245,362,234,149" oya="0" hai0="100,121,73,13,63,62,41,95,7,104,61,31,74" hai1="78,6,113,75,76,33,66,80,52,94,133,106,110" hai2="60,26,92,28,69,99,27,86,47,24,2,111,67" hai3="56,71,53,8,103,48,122,51,34,83,1,11,44"/><T119/><D119/><U25/><E110/><V91/><F111/><W46/><G34/><T49/><D121/><U64/><E106/><V18/><F2/><W68/><G122/><T23/><D104/><U54/><E133/><V97/><F18/><W16/><G103/><T116/><D116/><U50/><E76/><V45/><F28/><W134/><G134/><T88/><D100/><U89/><E6/><V114/><F114/><W43/><G83/><T109/><D109/><U65/><E113/><V19/><F19/><W123/><G123/><T85/><D31/><U38/><E38/><V101/><REACH who="2" step="1"/><F97/><REACH who="2" ten="245,362,224,149" step="2"/><W90/><G1/><T35/><D7/><U70/><E33/><V132/><F132/><W102/><G16/><T17/><REACH who="0" step="1"/><D35/><REACH who="0" ten="235,362,224,149" step="2"/><U126/><E126/><V96/><F96/><W81/><G8/><T135/><D135/><U115/><E115/><V5/><F5/><W21/><G11/><T29/><D29/><U39/><E25/><V12/><F12/><W55/><G21/><T98/><D98/><U14/><E14/><V108/><F108/><W130/><G102/><T77/><D77/><U0/><E0/><V124/><F124/><W22/><G22/><T3/><D3/><U118/><E118/><V59/><F59/><W57/><G56/><T30/><D30/><U131/><E78/><V4/><F4/><W112/><G57/><T107/><D107/><AGARI ba="1,3" hai="24,26,27,45,47,60,67,69,86,91,92,99,101,107" machi="107" ten="40,1300,0" yaku="1,1,53,0" doraHai="125" doraHaiUra="15" who="2" fromWho="0" sc="235,-16,362,0,224,46,149,0" /><INIT seed="5,0,0,5,3,95" ten="219,362,270,149" oya="1" hai0="76,98,118,129,42,38,10,27,15,2,83,82,12" hai1="60,133,108,111,54,122,89,26,126,57,62,5,37" hai2="114,36,131,52,18,22,31,53,124,100,59,74,110" hai3="11,0,93,28,86,66,127,106,24,34,67,47,50"/><U132/><E5/><V32/><F110/><N who="1" m="42025" /><E122/><V88/><F124/><W3/><G106/><T19/><D118/><U6/><E6/><V121/><F121/><W73/><G73/><T105/><D129/><U75/><E75/><V69/><F131/><W1/><G127/><T63/><D2/><U72/><E72/><V13/><F69/><W51/><G11/><T81/><D27/><U64/><E89/><V44/><F74/><W39/><G39/><T35/><D35/><U30/><E126/><V94/><F100/><W33/><G33/><T49/><D38/><U80/><E80/><V17/><F114/><W79/><G50/><T130/><D63/><U65/><E37/><V78/><F78/><W128/><G128/><T77/><D130/><U43/><E43/><V103/><F103/><W84/><G84/><T125/><D125/><U55/><E26/><V102/><F102/><W109/><G109/><T25/><D25/><U8/><E8/><V123/><F123/><W117/><G117/><T134/><D15/><U46/><E30/><V56/><F32/><W85/><G85/><T113/><D77/><U45/><E45/><V41/><F31/><W99/><G86/><T115/><D113/><U48/><E54/><N who="2" m="21099" /><F18/><W91/><REACH who="3" step="1"/><G79/><REACH who="3" ten="219,362,270,139" step="2"/><T101/><D76/><U97/><E48/><V135/><F36/><W96/><G96/><T23/><D10/><U9/><E9/><V71/><F22/><W7/><G7/><T14/><D115/><U87/><E97/><V92/><F44/><W112/><G112/><T16/><D98/><U29/><E46/><V120/><F120/><RYUUKYOKU ba="0,1" sc="219,-10,362,-10,270,-10,139,30" hai3="0,1,3,24,28,34,47,51,66,67,91,93,99" /><INIT seed="6,1,1,1,0,127" ten="209,352,260,169" oya="2" hai0="70,97,120,128,105,28,57,2,118,37,92,111,3" hai1="62,19,64,81,12,49,93,73,30,75,8,133,25" hai2="104,5,116,41,78,48,63,88,68,27,119,42,54" hai3="55,134,52,91,53,87,29,16,135,33,110,124,84"/><V56/><F104/><W21/><G110/><T0/><D111/><U86/><E133/><N who="3" m="50698" /><G124/><T38/><D70/><U11/><E93/><V69/><F78/><W122/><G122/><T40/><D120/><U101/><E101/><V72/><F72/><W24/><G91/><T46/><D105/><U109/><E109/><V15/><F27/><AGARI ba="1,1" hai="16,21,24,27,29,33,52,53,55,84,87" m="50698" machi="27" ten="30,3900,0" yaku="20,1,54,2" doraHai="127" who="3" fromWho="2" sc="209,0,352,0,260,-42,169,52" /><INIT seed="7,0,0,4,4,95" ten="209,352,218,221" oya="3" hai0="39,126,55,22,47,78,127,128,77,59,25,13,112" hai1="92,115,111,60,56,51,19,107,118,48,123,90,70" hai2="42,109,132,94,133,69,98,5,37,29,50,43,124" hai3="54,122,65,68,73,33,1,102,83,30,80,46,99"/><W2/><G54/><T117/><D117/><U125/><E111/><V134/><F109/><W14/><G14/><T21/><D128/><U8/><E107/><V91/><F69/><W74/><G46/><T41/><D112/><U105/><E105/><V28/><F124/><N who="0" m="47658" /><D13/><U114/><E123/><V58/><F5/><W120/><G83/><T9/><D9/><U44/><E118/><V103/><F37/><W85/><G85/><T88/><D88/><U82/><E70/><V27/><F91/><W86/><G86/><T100/><D100/><U31/><E31/><N who="2" m="11851" /><F27/><N who="3" m="18655" /><G122/><T87/><D87/><U108/><E82/><V131/><F131/><W61/><G120/><T96/><D96/><U67/><E48/><V15/><F15/><W104/><G80/><T63/><D25/><U26/><E19/><V23/><F23/><AGARI ba="0,0" hai="21,22,23,39,41,47,55,59,63,77,78" m="47658" machi="23" ten="30,1000,0" yaku="18,1" doraHai="95" who="0" fromWho="2" sc="209,10,352,0,218,-10,221,0" owari="219,-18.1,352,45.2,208,-29.2,221,2.1" /></mjloggm>