<mjloggm ver="2.3"><GO type="169" lobby="0"/><UN n0="%E4%BE%8D" n1="%E4%B8%83%E8%8D%89%E9%A6%99%E6%BE%84" n2="%6F%6B%62%6F%6B%62" n3="%E6%9C%89%E6%96%90%E3%81%AE%E6%98%9F" dan="17,16,17,16" rate="2231.04,2174.29,2196.10,2095.48" sx="M,F,M,M"/><TAIKYOKU oya="0"/><INIT seed="0,0,0,0,0,83" ten="250,250,250,250" oya="0" hai0="18,67,27,26,13,58,112,28,74,133,61,64,3" hai1="11,80,44,103,43,37,85,24,19,50,129,51,56" hai2="134,29,52,120,66,40,109,78,33,90,123,65,32" hai3="131,2,6,84,105,70,77,95,114,20,92,5,126"/><T96/><D112/><U81/><E129/><V101/><F40/><W8/><G105/><T118/><D118/><U108/><E108/><V47/><F78/><W75/><G114/><T122/><D122/><U135/><E135/><V14/><F109/><W0/><G131/><T128/><D74/><U93/><E37/><V104/><F134/><W39/><G126/><T1/><D128/><U22/><E11/><V117/><F117/><W10/><G70/><T53/><D133/><U107/><E107/><V121/><F14/><W110/><G110/><T35/><D27/><U42/><E103/><V38/><F38/><W116/><G116/><T99/><D1/><U60/><E51/><V88/><F101/><W87/><G39/><T21/><REACH who="0" step="1"/><D3/><REACH who="0" ten="240,250,250,250" step="2"/><U119/><E119/><V36/><F123/><W94/><REACH who="3" step="1"/><G20/><REACH who="3" ten="240,250,250,240" step="2"/><T12/><D12/><U15/><E15/><V72/><F121/><W30/><G30/><T46/><D46/><U4/><E44/><V132/><F29/><W125/><G125/><T63/><D63/><U31/><E31/><V54/><F47/><W57/><G57/><T17/><D17/><U49/><E60/><V45/><F45/><W97/><G97/><AGARI ba="0,2" hai="13,18,21,26,28,35,53,58,61,64,67,96,97,99" machi="97" ten="40,2000,0" yaku="1,1,53,0" doraHai="83" doraHaiUra="130" who="0" fromWho="3" sc="240,40,250,0,250,0,240,-20" /><INIT seed="0,1,0,2,0,2" ten="280,250,250,220" oya="0" hai0="127,86,120,123,17,135,105,83,41,90,95,122,6" hai1="5,87,108,49,81,93,22,32,21,128,121,85,19" hai2="78,59,96,97,37,25,14,109,45,56,124,30,63" hai3="23,20,26,70,4,113,76,126,67,110,91,112,100"/><T98/><D17/><U33/><E121/><V125/><F109/><W43/><G110/><T84/><D41/><U111/><E128/><V29/><F78/><W117/><G126/><T58/><D58/><U94/><E19/><V39/><F14/><W102/><G117/><T82/><D6/><U52/><E81/><V64/><F45/><W132/><G43/><T0/><D0/><U133/><E133/><V11/><F11/><W13/><G132/><T99/><D135/><U106/><E106/><V66/><F63/><W129/><G76/><T57/><D57/><U24/><E24/><AGARI ba="1,0" hai="24,25,29,30,37,39,56,59,64,66,96,97,124,125" machi="24" ten="25,1600,0" yaku="22,2" doraHai="2" who="2" fromWho="1" sc="280,0,250,-19,250,19,220,0" /><INIT seed="1,0,0,0,5,3" ten="280,231,269,220" oya="1" hai0="89,117,57,35,45,4,77,56,62,130,90,13,111" hai1="44,129,22,20,63,51,102,58,113,60,74,54,93" hai2="70,30,116,131,86,18,122,69,64,31,9,76,16" hai3="46,65,68,67,115,92,84,33,99,112,12,98,94"/><U95/><E113/><V87/><F116/><W106/><G33/><T27/><D117/><U41/><E129/><V71/><F131/><W110/><G110/><T108/><D130/><U79/><E74/><V114/><F64/><W43/><G106/><T66/><D77/><U1/><E79/><V23/><F122/><W83/><G12/><T24/><D45/><U81/><E81/><V125/><F125/><W124/><G124/><T40/><D40/><U29/><E1/><V127/><F127/><W21/><G21/><T73/><D73/><U37/><E29/><V123/><F123/><W107/><G107/><T75/><D75/><U121/><E121/><V118/><F118/><W101/><G68/><T91/><D57/><U15/><E95/><V105/><F105/><W52/><G115/><T119/><D119/><U103/><E103/><V128/><F128/><W59/><G112/><T7/><D13/><U80/><E80/><V38/><F38/><W100/><G84/><T61/><D61/><U2/><E2/><V14/><F114/><W47/><G83/><T26/><D35/><U48/><E37/><V78/><F78/><W82/><G82/><T28/><D28/><U96/><E20/><V32/><F76/><W6/><G6/><T85/><D85/><N who="2" m="32266" /><F32/><W55/><G59/><T88/><N who="0" m="22528" /><DORA hai="135" /><T25/><N who="0" m="6144" /><DORA hai="132" /><T11/><D11/><U109/><REACH who="1" step="1"/><E109/><AGARI ba="0,0" hai="4,7,56,62,66,108,109,111" m="6144,22528" machi="109" ten="70,8000,1" yaku="14,1,52,2,54,1" doraHai="3,135,132" who="0" fromWho="1" sc="280,80,231,-80,269,0,220,0" /><INIT seed="2,0,0,3,2,52" ten="360,151,269,220" oya="2" hai0="25,116,20,44,89,23,63,76,4,34,22,12,15" hai1="62,72,81,45,37,121,90,125,110,91,17,21,53" hai2="135,87,84,101,66,7,100,95,124,85,102,82,92" hai3="57,108,67,109,59,68,104,94,60,8,132,103,107"/><V117/><F7/><W130/><G132/><T134/><D116/><U86/><E72/><V61/><F135/><W93/><G130/><T10/><D134/><U79/><E110/><N who="3" m="42602" /><G8/><T42/><D89/><U122/><E125/><V118/><F124/><W75/><G75/><T0/><D63/><U128/><E128/><V96/><F61/><N who="3" m="38319" /><G68/><T99/><D99/><U106/><E106/><N who="3" m="40490" /><G103/><N who="2" m="39497" /><F66/><AGARI ba="0,0" hai="59,60,66,93,94" m="40490,38319,42602" machi="66" ten="30,3900,0" yaku="14,1,52,2" doraHai="52" who="3" fromWho="2" sc="360,0,151,0,269,-39,220,39" /><INIT seed="3,0,0,3,5,61" ten="360,151,230,259" oya="3" hai0="9,64,101,66,57,109,94,50,19,34,88,96,60" hai1="69,129,93,79,45,4,3,108,33,42,23,39,74" hai2="21,80,52,78,104,7,36,105,10,86,44,72,1" hai3="84,12,83,28,58,117,123,0,63,24,67,70,98"/><W22/><G117/><T17/><D34/><U90/><E108/><V119/><F119/><W49/><G123/><T89/><D109/><U76/><E33/><V77/><F21/><W5/><G0/><T32/><D32/><U55/><E129/><V54/><F86/><W41/><G98/><T134/><D134/><U118/><E118/><V68/><F77/><W48/><G41/><T103/><D64/><U120/><E120/><V111/><F111/><W13/><G70/><T16/><D9/><U73/><E69/><V14/><F14/><N who="3" m="5739" /><G5/><T106/><D106/><N who="2" m="41066" /><F68/><W43/><G43/><AGARI ba="0,0" hai="1,7,10,36,43,44,52,54,72,78,80" m="41066" machi="43" ten="30,2000,0" yaku="25,1,54,1" doraHai="61" who="2" fromWho="3" sc="360,0,151,0,230,20,259,-20" /><INIT seed="4,0,0,4,4,31" ten="360,151,250,239" oya="0" hai0="75,116,39,120,20,72,109,24,18,113,60,97,48" hai1="126,123,40,9,98,12,43,95,131,89,49,5,99" hai2="83,14,25,112,26,69,68,133,91,108,63,10,111" hai3="94,86,132,57,37,105,78,45,107,118,22,129,58"/><T6/><D116/><U34/><E123/><V65/><F133/><W115/><G118/><T36/><D120/><U52/><E131/><V41/><F112/><W80/><G115/><T33/><D113/><U101/><E126/><V114/><F114/><W53/><G129/><T28/><D109/><U64/><E64/><V4/><F68/><W128/><G132/><T42/><D6/><U44/><REACH who="1" step="1"/><E34/><REACH who="1" ten="360,141,250,239" step="2"/><V76/><F108/><W51/><G128/><T61/><D75/><U100/><E100/><V0/><F111/><W88/><G107/><AGARI ba="0,1" hai="5,9,12,40,43,44,49,52,89,95,98,99,101,107" machi="107" ten="30,3900,0" yaku="1,1,7,1,54,1,53,0" doraHai="31" doraHaiUra="56" who="1" fromWho="3" sc="360,0,141,49,250,0,239,-39" /><INIT seed="5,0,0,3,1,10" ten="360,190,250,200" oya="1" hai0="54,92,134,40,129,66,126,27,87,79,128,119,36" hai1="116,101,0,52,41,96,112,15,74,33,48,58,39" hai2="8,132,44,32,89,68,23,18,130,113,80,49,53" hai3="43,62,42,26,51,84,106,13,65,93,99,100,88"/><U16/><E116/><V69/><F32/><W63/><G26/><T45/><D119/><U86/><E74/><V114/><F132/><W4/><G51/><T75/><D75/><U60/><E0/><V47/><F47/><W109/><G109/><T34/><D134/><U6/><E33/><V71/><F130/><N who="0" m="50282" /><D126/><U90/><E39/><V110/><F110/><W56/><REACH who="3" step="1"/><G63/><REACH who="3" ten="360,190,250,190" step="2"/><T25/><D25/><U133/><E133/><V91/><F80/><W97/><G97/><T122/><D27/><U24/><E24/><V82/><F82/><W67/><G67/><T61/><D66/><U123/><E96/><V12/><REACH who="2" step="1"/><F8/><AGARI ba="0,1" hai="4,8,13,42,43,56,62,65,84,88,93,99,100,106" machi="8" ten="40,5200,0" yaku="1,1,52,1,54,1,53,0" doraHai="10" doraHaiUra="35" who="3" fromWho="2" sc="360,0,190,0,250,-52,190,62" /><INIT seed="6,0,0,0,1,45" ten="360,190,198,252" oya="2" hai0="17,39,118,92,80,94,134,59,48,18,128,135,124" hai1="53,33,40,97,51,14,23,112,122,1,81,57,93" hai2="19,60,104,113,32,37,114,117,26,76,52,47,89" hai3="116,56,96,67,62,71,8,7,88,95,10,115,55"/><V36/><F104/><W38/><G116/><T63/><D39/><U15/><E1/><V85/><F76/><W9/><G115/><N who="2" m="44041" /><F117/><W84/><G38/><T78/><D118/><U22/><E112/><V110/><F110/><W83/><G71/><T35/><D35/><U6/><E33/><V44/><F44/><W129/><G129/><T61/><D124/><U120/><E40/><V74/><F74/><W46/><G46/><T20/><D48/><U125/><E125/><V100/><F100/><W64/><REACH who="3" step="1"/><G7/><REACH who="3" ten="360,190,198,242" step="2"/><T72/><D128/><U25/><E6/><V24/><F37/><W68/><G68/><T3/><D135/><U109/><E109/><V0/><F36/><W73/><G73/><T132/><D72/><U69/><E69/><V79/><F79/><AGARI ba="0,1" hai="8,9,10,55,56,62,64,67,79,83,84,88,95,96" machi="79" ten="40,5200,0" yaku="1,1,8,1,54,1,53,0" doraHai="45" doraHaiUra="30" who="3" fromWho="2" sc="360,0,190,0,198,-52,242,62" /><INIT seed="7,0,0,3,0,20" ten="360,190,146,304" oya="3" hai0="85,23,102,87,94,44,60,51,29,62,22,105,28" hai1="27,39,84,107,64,67,82,11,21,6,71,126,14" hai2="48,15,104,92,5,9,59,75,76,17,46,33,135" hai3="118,124,86,131,96,49,122,0,95,66,81,4,25"/><W74/><G118/><T121/><D105/><U89/><E107/><V32/><F104/><W117/><G117/><T36/><D36/><U101/><E39/><V111/><F111/><W30/><G122/><T40/><D121/><U38/><E38/><V12/><F135/><W130/><G74/><T134/><D134/><U73/><E71/><V78/><F59/><W24/><G124/><T63/><D102/><U54/><E73/><V123/><F123/><W55/><G66/><T116/><D116/><U77/><E126/><V18/><F5/><W127/><G4/><T58/><D58/><U68/><E68/><V115/><F115/><W80/><G0/><T45/><D45/><U113/><E113/><V97/><F32/><W43/><G43/><T119/><D119/><U93/><E101/><V13/><F33/><W1/><G1/><T125/><D125/><U50/><E77/><V72/><F72/><W10/><G10/><T31/><D87/><U26/><E82/><N who="3" m="31850" /><G86/><T42/><D42/><U2/><E2/><V133/><F75/><W47/><G30/><T103/><D85/><U70/><E70/><V110/><F110/><W3/><G3/><T61/><N who="0" m="15360" /><DORA hai="120" /><T106/><D106/><U65/><E21/><V98/><F133/><W99/><G127/><T16/><D16/><N who="2" m="6250" /><F9/><W79/><G79/><N who="2" m="30249" /><F92/><W112/><G112/><T88/><D103/><U114/><E114/><V100/><F100/><N who="3" m="60447" /><G99/><N who="2" m="37897" /><F46/><AGARI ba="0,0" hai="6,11,14,26,27,46,50,54,64,65,67,84,89,93" machi="46" ten="40,5200,0" yaku="8,1,52,2" doraHai="20,120" who="1" fromWho="2" sc="360,0,190,52,146,-52,304,0" owari="360,46.0,242,-15.8,94,-40.6,304,10.4" /></mjloggm>