<mjloggm ver="2.3"><GO type="169" lobby="0"/><UN n0="%E3%83%95%E3%82%AF%E3%83%AD%E3%82%A6%E3%82%B5%E3%83%B3" n1="%E3%81%BD%E3%81%A1%E3%81%9F%E3%81%93%E3%82%84" n2="%E8%80%81%E6%A5%BD" n3="%E3%81%A8%E3%82%8D%E3%82%8D%E3%81%9D%E3%81%B0" dan="17,16,17,17" rate="2185.41,2135.23,2232.88,2228.98" sx="M,M,M,M"/><TAIKYOKU oya="0"/><INIT seed="0,0,0,5,4,119" ten="250,250,250,250" oya="0" hai0="124,84,52,43,116,132,20,115,131,122,114,0,13" hai1="67,22,53,8,121,56,7,101,29,2,57,32,88" hai2="1,71,128,12,46,37,82,89,39,72,104,108,35" hai3="93,54,48,94,6,105,10,69,36,134,47,80,78"/><T70/><D43/><U58/><E121/><V4/><F12/><W34/><G105/><T133/><D84/><U11/><E32/><V98/><F89/><W74/><G134/><T87/><D87/><U81/><E101/><V9/><F128/><W3/><G34/><T83/><D83/><U28/><E67/><V96/><F96/><W109/><G109/><T63/><D0/><U16/><E11/><V33/><F71/><W18/><G69/><T117/><D13/><U85/><REACH who="1" step="1"/><E53/><REACH who="1" ten="250,240,250,250" step="2"/><V77/><F108/><W107/><G107/><T27/><D122/><U92/><E92/><V73/><F73/><W14/><REACH who="3" step="1"/><G36/><REACH who="3" ten="250,240,250,240" step="2"/><T40/><D116/><U51/><E51/><V125/><F37/><W129/><G129/><T99/><D117/><U126/><E126/><V76/><F125/><W120/><G120/><T86/><D131/><U135/><E135/><V41/><REACH who="2" step="1"/><F77/><REACH who="2" ten="250,240,240,240" step="2"/><W30/><G30/><N who="0" m="17767" /><D124/><U75/><E75/><V50/><F50/><W5/><G5/><T68/><D133/><U95/><E95/><V112/><F112/><W45/><G45/><T118/><D132/><U100/><E100/><AGARI ba="0,3" hai="1,4,9,33,35,39,41,46,72,76,82,98,100,104" machi="100" ten="40,12000,2" yaku="1,1,25,2,33,3,53,0" doraHai="119" doraHaiUra="21" who="2" fromWho="1" sc="250,0,240,-120,240,150,240,0" /><INIT seed="1,0,0,2,5,116" ten="250,120,390,240" oya="1" hai0="29,114,125,119,117,112,46,113,84,132,60,7,65" hai1="102,31,106,68,63,12,72,134,17,61,15,28,111" hai2="104,49,89,115,70,107,133,8,26,27,47,0,21" hai3="6,78,22,32,54,129,75,105,30,44,79,81,103"/><U59/><E72/><V38/><F38/><W39/><G129/><T109/><D7/><U85/><E134/><V52/><F70/><W5/><G22/><T43/><D29/><U66/><E111/><V24/><F133/><W69/><G54/><T121/><D84/><U127/><E127/><V92/><F115/><W57/><G57/><T62/><D132/><U67/><E12/><V48/><F21/><W23/><G23/><T90/><D90/><U93/><E106/><V33/><F33/><W94/><G79/><T88/><D88/><U11/><REACH who="1" step="1"/><E85/><REACH who="1" ten="250,110,390,240" step="2"/><V131/><F107/><W87/><G105/><T80/><D125/><U53/><E53/><V19/><F104/><W135/><G87/><T77/><D109/><U73/><E73/><V14/><F0/><W95/><G135/><T18/><D114/><U126/><E126/><V96/><F131/><W55/><G55/><T130/><D113/><U13/><E13/><V71/><F52/><W20/><G75/><T2/><D130/><U128/><E128/><V50/><F47/><W120/><G44/><T1/><D1/><U97/><AGARI ba="0,1" hai="11,15,17,28,31,59,61,63,66,67,68,93,97,102" machi="97" ten="30,3000,0" yaku="1,1,0,1,53,0" doraHai="116" doraHaiUra="83" who="1" fromWho="1" sc="250,-10,110,40,390,-10,240,-10" /><INIT seed="1,1,0,5,4,6" ten="240,150,380,230" oya="1" hai0="46,132,36,68,107,75,71,109,118,43,79,77,0" hai1="130,54,74,119,34,72,111,45,115,91,88,135,4" hai2="26,87,53,69,82,19,24,117,125,23,30,127,90" hai3="96,100,86,98,80,99,41,113,62,89,27,17,55"/><U102/><E34/><V134/><F117/><W13/><G113/><T131/><RYUUKYOKU type="yao9" ba="1,0" sc="240,0,150,0,380,0,230,0" hai0="0,36,43,46,68,71,75,77,79,107,109,118,131,132" /><INIT seed="1,2,0,5,3,18" ten="240,150,380,230" oya="1" hai0="37,3,60,53,114,101,25,31,54,30,104,85,13" hai1="135,0,57,81,133,127,49,56,80,55,131,12,36" hai2="117,7,40,65,90,38,6,124,74,88,62,44,79" hai3="64,113,50,106,28,134,87,115,69,41,52,68,100"/><U33/><E0/><V89/><F117/><W15/><G134/><N who="1" m="51210" /><E36/><V48/><F124/><W132/><G132/><T97/><D114/><U95/><E33/><V75/><F38/><W98/><G41/><T96/><D3/><U2/><E2/><V84/><F84/><W130/><G130/><T19/><D37/><U99/><E127/><V70/><REACH who="2" step="1"/><F79/><REACH who="2" ten="240,150,370,230" step="2"/><W63/><G87/><T34/><D85/><U61/><E131/><V122/><F122/><W103/><G115/><T5/><D97/><U86/><E86/><V4/><AGARI ba="2,1" hai="4,6,7,40,44,48,62,65,70,74,75,88,89,90" machi="4" ten="30,4000,0" yaku="1,1,0,1,54,1,53,0" doraHai="18" doraHaiUra="110" who="2" fromWho="2" sc="240,-12,150,-22,370,56,230,-12" /><INIT seed="2,0,0,4,2,17" ten="228,128,426,218" oya="2" hai0="93,16,51,55,18,96,35,71,0,65,75,91,58" hai1="42,9,116,31,10,1,36,56,68,129,97,103,8" hai2="4,90,110,82,135,122,66,94,95,14,124,77,53" hai3="87,20,46,33,43,114,12,6,134,62,41,54,74"/><V102/><F66/><W34/><G74/><T98/><D0/><U118/><E68/><V7/><F122/><W24/><G134/><T131/><D35/><U132/><E132/><V79/><F135/><W59/><G114/><T26/><D75/><U76/><E1/><V11/><F124/><W130/><G130/><T113/><D113/><U121/><E129/><V45/><F110/><W50/><G43/><T128/><D128/><U73/><E121/><V44/><F4/><W84/><G34/><T64/><D131/><U99/><E31/><V115/><F115/><W104/><G104/><T57/><D71/><U38/><E56/><V48/><F82/><W60/><G60/><T25/><D98/><U120/><E120/><V86/><F45/><W63/><G63/><N who="0" m="37999" /><D65/><U70/><E70/><V108/><F108/><W123/><G33/><T22/><D18/><U23/><E99/><AGARI ba="0,0" hai="7,11,14,44,48,53,77,79,86,90,94,95,99,102" machi="99" ten="40,2000,0" yaku="8,1" doraHai="17" who="2" fromWho="1" sc="228,0,128,-20,426,20,218,0" /><INIT seed="2,1,0,4,1,15" ten="228,108,446,218" oya="2" hai0="118,29,13,55,126,110,33,87,74,52,96,58,67" hai1="9,84,50,133,30,119,42,73,63,31,65,88,51" hai2="2,115,122,114,132,12,117,36,93,54,16,116,64" hai3="60,38,5,82,32,8,10,131,23,0,101,113,20"/><V44/><F2/><W7/><G38/><T100/><D74/><U14/><E73/><V89/><F64/><W21/><G101/><T26/><D110/><U53/><E119/><V125/><F122/><W85/><G131/><T128/><D128/><U127/><E133/><V18/><F36/><W75/><G75/><T107/><D118/><U37/><E37/><V25/><F44/><W66/><G32/><T76/><D126/><U130/><E127/><V121/><F54/><W70/><G113/><T83/><REACH who="0" step="1"/><D13/><REACH who="0" ten="218,108,446,218" step="2"/><U129/><E129/><V69/><F12/><W56/><G70/><T22/><D22/><U3/><E3/><V109/><F69/><W62/><G62/><AGARI ba="1,1" hai="26,29,33,52,55,58,62,67,76,83,87,96,100,107" machi="62" ten="40,5200,0" yaku="1,1,54,1,53,1" doraHai="15" doraHaiUra="61" who="0" fromWho="3" sc="218,65,108,0,446,0,218,-55" /><INIT seed="3,0,0,0,2,18" ten="283,108,446,163" oya="3" hai0="92,15,95,99,105,133,45,68,1,78,2,84,91" hai1="79,126,96,104,121,28,61,100,63,80,125,36,6" hai2="23,112,37,50,5,16,129,60,114,73,62,44,53" hai3="117,72,98,110,56,132,108,17,89,43,103,87,25"/><W8/><G72/><T90/><D68/><U85/><E36/><V49/><F73/><W21/><G117/><T107/><D45/><U29/><E6/><V58/><F5/><W111/><G132/><T52/><D133/><U71/><E121/><V10/><F10/><W77/><G77/><T7/><D15/><U19/><E19/><V0/><F0/><W47/><G56/><T97/><D7/><U51/><E51/><V120/><F37/><W119/><G119/><T48/><D78/><U24/><E28/><V65/><F129/><W86/><G89/><T35/><D35/><U14/><E14/><V22/><F120/><W130/><G8/><T31/><D31/><U83/><E83/><V40/><F62/><W123/><G130/><T12/><D12/><U30/><E30/><V46/><F23/><W66/><G66/><T116/><D84/><U33/><REACH who="1" step="1"/><E61/><REACH who="1" ten="283,98,446,163" step="2"/><V88/><F49/><N who="3" m="26879" /><G123/><T42/><D116/><U39/><E39/><V82/><F60/><W55/><G55/><T94/><D52/><U76/><E76/><V20/><F53/><W70/><G70/><T109/><D48/><U115/><E115/><V41/><F50/><W54/><G54/><T127/><D1/><U131/><E131/><V124/><F112/><W93/><AGARI ba="0,1" hai="17,21,25,86,87,93,98,103,108,110,111" m="26879" machi="93" ten="30,6000,0" yaku="14,1,10,1,52,1" doraHai="18" who="3" fromWho="3" sc="283,-20,98,-20,446,-20,163,70" /><INIT seed="3,1,0,1,2,6" ten="263,78,426,233" oya="3" hai0="49,93,135,53,36,121,131,90,47,32,66,48,134" hai1="33,107,72,84,106,123,18,69,111,40,92,100,25" hai2="75,116,19,79,108,74,46,21,70,11,125,37,0" hai3="115,83,99,61,5,3,13,76,60,88,44,105,129"/><W133/><G115/><T73/><D73/><U30/><E123/><V10/><F70/><W31/><G3/><T24/><D121/><U23/><E111/><V78/><F116/><W122/><G122/><T126/><D36/><U15/><E72/><V89/><F0/><W64/><G129/><T12/><D66/><U28/><E69/><V127/><F108/><W63/><G133/><N who="0" m="50699" /><D126/><N who="2" m="48138" /><F74/><W34/><G34/><T94/><D131/><U2/><E40/><N who="2" m="22799" /><F89/><W128/><G128/><T68/><D68/><U35/><E84/><V16/><F19/><W104/><G31/><N who="0" m="19559" /><D90/><U22/><E92/><V41/><F41/><W117/><G117/><T58/><D12/><U45/><E45/><V57/><F57/><W103/><G105/><T43/><AGARI ba="1,0" hai="43,47,48,49,53,58,93,94" m="19559,50699" machi="43" ten="30,1100,0" yaku="20,1" doraHai="6" who="0" fromWho="0" sc="263,14,78,-4,426,-4,233,-6" /><INIT seed="4,0,0,0,0,103" ten="277,74,422,227" oya="0" hai0="3,99,68,41,90,79,18,113,115,127,130,82,66" hai1="58,27,9,12,70,49,31,129,87,93,95,39,52" hai2="100,114,84,43,35,46,134,120,122,128,121,36,104" hai3="78,40,77,67,108,117,4,8,71,65,44,74,17"/><T98/><D3/><U6/><E129/><V135/><F84/><W63/><G17/><T75/><D130/><U81/><E70/><V89/><F89/><W72/><G67/><T88/><D41/><U62/><E39/><V123/><F123/><W53/><G108/><T23/><D66/><U0/><E0/><V60/><F35/><W50/><G117/><T73/><D68/><U20/><REACH who="1" step="1"/><E62/><REACH who="1" ten="277,64,422,227" step="2"/><V11/><F60/><W106/><G71/><T54/><D115/><U91/><AGARI ba="0,1" hai="6,9,12,20,27,31,49,52,58,81,87,91,93,95" machi="91" ten="20,12000,2" yaku="1,1,2,1,0,1,7,1,8,1,54,1,53,1" doraHai="103" doraHaiUra="55" who="1" fromWho="1" sc="277,-60,64,130,422,-30,227,-30" /><INIT seed="5,0,0,0,3,122" ten="217,194,392,197" oya="1" hai0="41,24,50,114,31,111,62,64,39,46,66,42,36" hai1="115,127,11,129,90,102,87,26,104,4,124,37,71" hai2="5,91,34,61,79,98,68,118,54,110,96,8,60" hai3="53,128,77,89,93,112,125,29,72,7,40,32,59"/><U97/><E37/><N who="0" m="14409" /><D24/><U84/><E71/><V14/><F34/><W100/><G40/><N who="0" m="24903" /><D31/><U23/><E115/><V81/><F60/><W131/><G112/><T83/><D83/><U121/><E121/><V44/><F91/><W43/><G43/><N who="0" m="16395" /><D114/><U78/><E129/><V134/><F96/><W108/><G7/><T1/><D1/><U70/><E70/><V67/><F98/><W106/><G100/><T126/><D126/><N who="1" m="48171" /><E78/><V85/><F79/><W48/><G106/><T12/><D12/><N who="1" m="5223" /><E90/><V18/><F14/><W109/><G125/><T47/><D111/><U82/><E82/><V30/><F110/><W69/><G77/><T117/><D117/><U57/><E23/><V73/><F81/><W119/><G119/><T80/><D80/><U95/><E26/><V6/><F118/><W74/><G72/><T58/><D47/><U76/><E76/><V0/><F44/><W103/><G74/><T27/><D27/><U22/><E22/><V88/><F73/><W21/><G21/><T19/><D19/><U130/><E104/><V123/><F18/><W92/><G103/><T51/><D51/><U116/><E116/><V99/><F8/><W120/><G93/><T52/><AGARI ba="0,0" hai="52,58,62,64,66" m="16395,24903,14409" machi="52" ten="30,12000,2" yaku="35,5,54,1" doraHai="122" who="0" fromWho="0" sc="217,120,194,-60,392,-30,197,-30" /><INIT seed="6,0,0,5,2,80" ten="337,134,362,167" oya="2" hai0="47,30,61,134,58,81,1,36,118,99,66,90,22" hai1="48,42,122,40,41,97,131,21,56,57,114,69,100" hai2="20,88,2,77,55,71,117,64,17,24,23,127,133" hai3="7,34,115,27,95,78,120,31,86,3,15,85,128"/><V103/><F2/><W98/><G120/><T28/><D1/><U0/><E69/><V123/><F103/><W79/><G128/><T82/><D134/><U89/><E131/><V9/><F77/><W87/><G3/><T18/><D118/><U59/><E122/><V52/><F9/><W54/><G115/><T49/><D36/><U32/><E32/><V43/><F43/><W104/><G104/><T6/><D6/><U94/><E114/><V126/><F123/><W26/><G26/><T124/><D124/><N who="2" m="47658" /><F117/><W44/><G7/><T37/><D37/><U35/><E35/><V73/><F73/><W74/><G74/><T125/><D125/><U105/><E0/><V68/><F23/><N who="3" m="15871" /><G15/><N who="0" m="9567" /><D99/><U65/><E21/><V83/><F133/><W19/><G19/><T11/><D11/><U60/><REACH who="1" step="1"/><E48/><REACH who="1" ten="337,124,362,167" step="2"/><V130/><F130/><W53/><G34/><T12/><D49/><U84/><AGARI ba="0,1" hai="40,41,42,56,57,59,60,65,84,89,94,97,100,105" machi="84" ten="30,8000,1" yaku="1,1,2,1,0,1,52,1,53,1" doraHai="80" doraHaiUra="92" who="1" fromWho="1" sc="337,-20,124,90,362,-40,167,-20" /><INIT seed="7,0,0,3,1,59" ten="317,214,322,147" oya="3" hai0="135,47,2,54,49,63,76,89,34,69,96,114,117" hai1="13,46,29,44,36,43,104,40,52,74,26,109,116" hai2="111,100,120,124,7,16,112,131,65,81,133,4,102" hai3="37,62,10,129,84,14,105,87,33,28,15,9,42"/><W35/><G105/><T95/><D117/><U103/><E109/><V80/><F65/><W11/><G129/><T75/><D2/><U125/><E74/><V38/><F38/><W126/><G126/><T72/><D34/><U25/><E116/><V17/><F112/><W130/><G130/><T106/><D106/><U71/><E125/><V20/><F20/><W107/><G107/><T61/><D69/><U53/><E71/><V83/><F83/><W70/><G37/><T57/><D135/><U21/><E13/><V90/><F90/><W31/><G42/><T113/><D61/><U64/><E64/><V79/><F79/><W39/><G39/><T5/><D5/><U50/><REACH who="1" step="1"/><E26/><REACH who="1" ten="317,204,322,147" step="2"/><V60/><F111/><W115/><G9/><T132/><D132/><U128/><E128/><V27/><F133/><W18/><G115/><N who="0" m="44043" /><D76/><U91/><E91/><V93/><F131/><W68/><REACH who="3" step="1"/><G18/><REACH who="3" ten="317,204,322,137" step="2"/><T58/><D75/><U66/><E66/><V55/><F17/><W94/><G94/><T123/><D72/><U99/><AGARI ba="0,2" hai="21,25,29,36,40,43,44,46,50,52,53,99,103,104" machi="99" ten="30,4000,0" yaku="1,1,0,1,54,1,53,0" doraHai="59" doraHaiUra="6" who="1" fromWho="1" sc="317,-10,204,60,322,-10,137,-20" owari="307,10.7,264,-13.6,312,41.2,117,-38.3" /></mjloggm>