<mjloggm ver="2.3"><GO type="225" lobby="0"/><UN n0="%E3%81%AF%E3%82%88%E3%81%8A%E3%81%98%E3%81%95%E3%82%93" n1="%E7%B4%94%E6%BD%94%E3%83%94%E3%83%A9%E3%83%8B%E3%82%A2" n2="%E5%91%89%E5%AF%8C%E6%98%A5" n3="%E5%BA%84%E5%8F%B8%E5%81%A5%E5%A4%AA%E6%9C%97" dan="16,16,16,16" rate="2165.92,2213.75,2066.50,2052.97" sx="M,M,M,M"/><TAIKYOKU oya="0"/><INIT seed="0,0,0,4,5,61" ten="250,250,250,250" oya="0" hai0="11,134,40,129,76,70,19,66,109,21,94,8,2" hai1="122,39,102,90,44,41,75,83,46,29,119,64,107" hai2="68,33,118,42,59,28,113,14,36,23,45,48,65" hai3="79,132,26,9,6,114,16,89,93,50,85,67,104"/><T22/><D129/><U60/><E119/><V77/><F118/><W87/><G114/><T95/><D134/><U13/><E122/><V43/><F113/><W63/><G104/><T72/><D109/><U101/><E107/><V54/><F77/><W53/><G132/><T126/><D126/><U84/><E75/><V88/><F43/><W37/><G37/><T120/><D120/><U106/><E46/><V97/><F33/><W24/><G16/><T20/><D40/><U127/><E127/><V131/><F131/><W99/><G87/><T112/><D112/><U108/><E108/><V128/><F128/><W7/><G7/><T117/><D19/><U38/><E38/><V3/><F3/><W1/><G99/><T96/><D117/><U15/><E29/><V78/><F78/><W115/><G79/><T74/><D76/><U5/><E106/><V10/><F23/><W103/><G103/><T125/><D125/><U57/><REACH who="1" step="1"/><E13/><REACH who="1" ten="250,240,250,250" step="2"/><V130/><F28/><W116/><G116/><T17/><D72/><U55/><E55/><V31/><F31/><W27/><G115/><T111/><D74/><U0/><E0/><V49/><F130/><W71/><G27/><T91/><D111/><U92/><E92/><N who="2" m="56455" /><F36/><W12/><G1/><T121/><D94/><U56/><E56/><AGARI ba="0,1" hai="6,9,12,24,26,50,53,56,63,67,71,85,89,93" machi="56" ten="30,2000,0" yaku="7,1,52,1" doraHai="61" who="3" fromWho="1" sc="250,0,240,-20,250,0,250,30" /><INIT seed="1,0,0,2,3,40" ten="250,220,250,280" oya="1" hai0="37,128,16,117,127,19,7,8,57,3,116,91,53" hai1="21,130,39,124,113,83,110,59,79,18,107,65,13" hai2="20,41,27,25,74,102,72,94,47,103,95,5,105" hai3="10,123,120,44,9,101,90,84,96,30,36,46,34"/><U50/><E113/><V70/><F70/><W125/><G36/><T88/><D37/><U32/><E39/><V99/><F5/><W62/><G123/><T54/><D127/><U1/><E124/><V112/><F112/><W43/><G43/><T55/><D128/><U92/><E107/><V11/><F11/><N who="3" m="4107" /><G34/><T22/><D57/><U78/><E1/><V6/><F6/><W66/><G30/><T48/><D48/><U77/><E32/><V64/><F64/><W129/><G129/><T33/><D33/><U31/><E31/><V17/><F27/><W26/><G26/><T76/><D76/><U28/><E28/><V42/><F42/><W86/><G120/><T131/><D131/><U49/><E110/><V118/><F118/><W126/><G126/><T45/><D45/><N who="3" m="17513" /><G101/><T85/><D19/><U80/><E92/><V109/><F109/><W104/><G104/><T87/><D116/><U51/><REACH who="1" step="1"/><E130/><REACH who="1" ten="250,210,250,280" step="2"/><V63/><F105/><W81/><G125/><T67/><D117/><U75/><E75/><V69/><F74/><W23/><G81/><T122/><D122/><U134/><E134/><V52/><F72/><W108/><G108/><T56/><D3/><U58/><E58/><V35/><F35/><W82/><G82/><T132/><D132/><U133/><E133/><V15/><F41/><W100/><G100/><T115/><D7/><U73/><E73/><V111/><F111/><W12/><G23/><T135/><D135/><U60/><AGARI ba="0,1" hai="13,18,21,49,50,51,59,60,65,77,78,79,80,83" machi="60" ten="40,7800,0" yaku="1,1,0,1,8,1,53,0" doraHai="40" doraHaiUra="106" who="1" fromWho="1" sc="250,-26,210,88,250,-26,280,-26" /><INIT seed="1,1,0,3,1,59" ten="224,298,224,254" oya="1" hai0="119,44,57,125,2,43,97,72,111,135,105,100,49" hai1="124,23,0,41,29,92,122,83,65,52,14,129,73" hai2="85,108,48,37,45,19,20,74,25,42,102,96,86" hai3="91,84,133,79,12,107,56,98,1,33,70,130,31"/><U101/><E122/><V47/><F108/><W113/><G1/><T30/><D119/><U103/><E0/><V69/><F69/><W116/><G113/><T22/><D2/><U11/><E41/><V115/><F74/><W64/><G56/><T118/><D118/><U28/><E65/><V34/><F34/><W117/><G79/><T17/><D111/><U18/><E124/><V6/><F6/><W127/><G12/><T112/><D112/><U39/><E39/><V13/><F13/><W77/><G77/><T35/><D125/><U78/><E129/><V9/><F9/><W80/><G133/><T50/><D135/><U132/><E132/><V94/><REACH who="2" step="1"/><F115/><REACH who="2" ten="224,298,214,254" step="2"/><W66/><G127/><T68/><D72/><U99/><E11/><V89/><F89/><W4/><G4/><T88/><D68/><U32/><E32/><V120/><F120/><W36/><G130/><T26/><D88/><U95/><E101/><V93/><F93/><W67/><G117/><T87/><D87/><U134/><E92/><V61/><F61/><N who="3" m="40207" /><G116/><T58/><D49/><U3/><E3/><V40/><AGARI ba="1,1" hai="19,20,25,37,40,42,45,47,48,85,86,94,96,102" machi="40" ten="20,2700,0" yaku="1,1,0,1,7,1,53,0" doraHai="59" doraHaiUra="51" who="2" fromWho="2" sc="224,-8,298,-14,214,40,254,-8" /><INIT seed="2,0,0,5,0,117" ten="216,284,254,246" oya="2" hai0="111,118,51,127,1,32,98,119,3,95,80,116,58" hai1="25,84,108,121,132,75,77,27,6,45,99,103,94" hai2="71,102,18,130,78,104,33,56,106,124,14,15,87" hai3="16,82,89,17,122,29,0,115,76,63,23,30,133"/><V40/><F71/><W74/><G133/><T59/><D32/><U65/><E132/><V22/><F33/><W54/><G115/><T134/><D134/><U42/><E108/><V92/><F40/><W13/><G0/><T123/><D111/><U19/><E65/><V81/><F124/><W112/><G112/><T101/><D127/><U128/><E6/><V47/><F47/><W31/><G122/><T107/><D80/><U35/><E121/><V129/><F56/><W86/><G63/><T66/><D107/><U8/><E75/><V37/><F37/><W96/><G54/><T113/><D113/><U48/><E35/><V72/><F15/><W69/><G69/><T41/><D123/><U126/><E128/><N who="2" m="49259" /><F87/><W4/><G4/><T135/><D135/><U2/><E2/><N who="0" m="521" /><D66/><U85/><E85/><V24/><F24/><W5/><G5/><T26/><D26/><U83/><E126/><V50/><F50/><W131/><G131/><T73/><D73/><U109/><E109/><V53/><F53/><W114/><G114/><T28/><D28/><U49/><E48/><V9/><F9/><W64/><G64/><T34/><D34/><U46/><E45/><V11/><F11/><W52/><G52/><N who="0" m="32031" /><D59/><U125/><E125/><V55/><F55/><W21/><G74/><T57/><D57/><U88/><E77/><V60/><F60/><W110/><G110/><T105/><D41/><U68/><E68/><V10/><F10/><N who="3" m="6199" /><G17/><T93/><AGARI ba="0,0" hai="93,95,98,101,105,116,118,119" m="32031,521" machi="93" ten="40,2700,0" yaku="12,1,54,1" doraHai="117" who="0" fromWho="0" sc="216,27,284,-7,254,-13,246,-7" /><INIT seed="3,0,0,3,4,48" ten="243,277,241,239" oya="3" hai0="85,129,113,110,96,90,44,117,57,37,128,92,40" hai1="52,131,49,42,69,41,23,15,126,24,8,27,82" hai2="112,17,30,51,93,22,47,43,133,78,61,53,72" hai3="102,124,79,60,33,91,116,65,123,101,83,7,76"/><W88/><G116/><T125/><D117/><U100/><E69/><V118/><F112/><W70/><G123/><T64/><D113/><U35/><E35/><V10/><F118/><W59/><G124/><T108/><D125/><U77/><E100/><V104/><F104/><W39/><G39/><T0/><D0/><U66/><E66/><V130/><F130/><N who="0" m="50282" /><D96/><U16/><E131/><V31/><F133/><W135/><G33/><T89/><D89/><N who="3" m="34377" /><G70/><T80/><D92/><U132/><E27/><V107/><F107/><W32/><G32/><T75/><D75/><U98/><E98/><V114/><F114/><W67/><G7/><T20/><D20/><U119/><E132/><V115/><F115/><W21/><G135/><T73/><D73/><U120/><E120/><V36/><F93/><W6/><G6/><T68/><D68/><U54/><E119/><V29/><F10/><W38/><G38/><T11/><D11/><U111/><E41/><V4/><F4/><W74/><G21/><T134/><D134/><U63/><E42/><V86/><F72/><W14/><G67/><T19/><D19/><U97/><E97/><V9/><F9/><W99/><G99/><T58/><D64/><U28/><E126/><V121/><F121/><W122/><G122/><T71/><D71/><U45/><E82/><N who="2" m="47447" /><F36/><W12/><G79/><T87/><D85/><U94/><E77/><V46/><F29/><W95/><G95/><T34/><D34/><U5/><E94/><V109/><F31/><W50/><G50/><T2/><D2/><U18/><E5/><V13/><F30/><RYUUKYOKU ba="0,0" sc="243,15,277,-15,241,-15,239,15" hai0="37,40,44,57,58,80,87,90,108,110" hai3="12,14,59,60,65,74,76,83,101,102" /><INIT seed="3,1,0,5,5,43" ten="258,262,226,254" oya="3" hai0="71,36,19,11,125,129,106,67,41,45,86,16,107" hai1="109,25,53,22,40,90,49,0,105,121,52,94,66" hai2="12,79,99,31,117,78,44,108,24,15,17,61,82" hai3="112,135,57,56,98,14,126,20,70,13,18,77,133"/><W50/><G70/><T115/><D125/><U59/><E121/><V37/><F108/><W92/><G112/><T63/><D115/><U89/><E109/><V88/><F117/><W72/><G126/><T47/><D129/><U51/><E105/><V91/><F61/><W7/><G77/><T10/><D86/><U33/><E0/><V130/><F130/><W58/><G72/><T65/><D67/><U76/><E33/><V28/><F78/><W8/><REACH who="3" step="1"/><G50/><REACH who="3" ten="258,262,226,244" step="2"/><T114/><D114/><U96/><E76/><V26/><F79/><W21/><G21/><T87/><D71/><U95/><E49/><V3/><F37/><W131/><G131/><T116/><D36/><U1/><E51/><V84/><F3/><W75/><G75/><T73/><D73/><U27/><E1/><V39/><F28/><W29/><G29/><T34/><D34/><U9/><E22/><V60/><F31/><W100/><AGARI ba="1,1" hai="7,8,13,14,18,20,56,57,58,92,98,100,133,135" machi="100" ten="30,3000,0" yaku="1,1,0,1,53,0" doraHai="43" doraHaiUra="81" who="3" fromWho="3" sc="258,-11,262,-11,226,-11,244,43" /><INIT seed="3,2,0,2,5,28" ten="247,251,215,287" oya="3" hai0="74,50,135,103,34,31,65,93,49,120,26,133,83" hai1="68,35,106,18,78,91,107,70,98,57,77,17,102" hai2="117,131,81,113,64,33,128,76,100,110,111,0,3" hai3="5,71,122,30,72,1,60,95,82,61,108,46,24"/><W48/><G122/><T21/><D120/><U63/><E91/><V10/><F64/><W23/><G71/><T51/><D65/><U6/><E6/><N who="2" m="1351" /><F3/><W86/><G72/><T32/><D103/><U29/><E106/><V97/><F113/><W56/><G108/><N who="2" m="41513" /><F117/><W67/><G61/><T80/><D93/><U101/><E101/><V13/><F13/><W132/><G132/><N who="0" m="50763" /><D74/><U104/><E104/><N who="2" m="63503" /><F33/><AGARI ba="2,0" hai="21,26,31,32,33,34,49,50,51,80,83" m="50763" machi="33" ten="40,8000,1" yaku="20,1,52,3" doraHai="28" who="0" fromWho="2" sc="247,86,251,0,215,-86,287,0" owari="333,43.3,251,-14.9,129,-37.1,287,8.7" /></mjloggm>