<mjloggm ver="2.3"><GO type="169" lobby="0"/><UN n0="%6D%6F%75%77" n1="%70%6F%6E%2D%65%6E" n2="%E4%BA%BA%E5%93%81%E3%81%AA%E3%81%97" n3="%E3%81%82%E3%81%8B%E3%82%8A%E3%82%8D%E3%82%93" dan="16,16,17,16" rate="2128.37,2102.73,2183.93,2165.19" sx="M,F,M,F"/><TAIKYOKU oya="0"/><INIT seed="0,0,0,3,5,73" ten="250,250,250,250" oya="0" hai0="13,92,91,112,127,17,54,53,77,58,124,72,18" hai1="113,49,87,12,102,109,31,100,96,130,57,3,7" hai2="23,50,86,134,107,83,84,43,45,66,122,104,42" hai3="37,38,44,11,26,79,30,80,32,70,106,28,2"/><T85/><D112/><U46/><E109/><V90/><F134/><W121/><G28/><T67/><D67/><U135/><E130/><V68/><F122/><W27/><G27/><T5/><D5/><U111/><E111/><V33/><F33/><W20/><G20/><T56/><D18/><U132/><E113/><V41/><F68/><W105/><G121/><T47/><D47/><U34/><E3/><V123/><F123/><W1/><G70/><T103/><D103/><U55/><E87/><V4/><F66/><W60/><G60/><T0/><D0/><U40/><E34/><V82/><F4/><N who="3" m="1423" /><G2/><T39/><D39/><N who="3" m="14857" /><G44/><T74/><D58/><U133/><E31/><V93/><F93/><W119/><G119/><T81/><D72/><AGARI ba="0,0" hai="26,30,32,72,79,80,105,106" m="14857,1423" machi="72" ten="30,3900,0" yaku="33,2,52,1" doraHai="73" who="3" fromWho="0" sc="250,-39,250,0,250,0,250,39" /><INIT seed="1,0,0,5,0,70" ten="211,250,250,289" oya="1" hai0="80,26,27,13,91,95,54,56,134,23,61,68,4" hai1="34,1,121,96,76,118,114,123,8,59,16,116,108" hai2="62,98,75,45,112,35,11,33,0,14,104,110,89" hai3="126,36,111,72,86,47,125,94,105,128,3,20,6"/><U124/><E76/><V19/><F110/><W48/><G111/><T55/><D134/><U15/><E96/><V130/><F130/><W28/><G72/><T10/><D68/><U109/><E59/><V58/><F75/><W92/><G105/><T63/><D80/><U51/><E51/><V122/><F122/><N who="1" m="46601" /><E124/><N who="3" m="47722" /><G128/><T44/><D23/><U41/><E41/><V50/><F0/><W49/><G6/><T46/><D44/><U99/><E99/><V103/><F112/><W90/><G94/><T29/><D29/><U67/><E67/><V120/><F120/><W38/><G3/><T22/><D22/><N who="1" m="11551" /><E34/><V88/><F33/><W83/><G83/><T31/><D31/><U102/><E102/><V18/><F35/><W64/><G64/><T100/><D100/><U84/><E84/><V24/><F24/><N who="3" m="16391" /><G48/><N who="0" m="28951" /><D63/><U79/><E79/><V82/><F82/><W52/><AGARI ba="0,0" hai="36,38,47,49,52,86,90,92" m="16391,47722" machi="52" ten="30,7900,0" yaku="18,1,52,2,54,1" doraHai="70" who="3" fromWho="3" sc="211,-20,250,-39,250,-20,289,79" /><INIT seed="2,0,0,4,4,11" ten="191,211,230,368" oya="2" hai0="62,1,124,38,102,4,75,34,10,101,35,41,7" hai1="128,91,32,28,33,85,88,43,117,3,78,115,68" hai2="83,48,72,119,60,26,40,94,106,114,46,67,76" hai3="108,130,96,131,55,47,12,69,63,107,105,19,81"/><V52/><F114/><W37/><G108/><T74/><D124/><U15/><E3/><V118/><F106/><W111/><G111/><T65/><D102/><U82/><E115/><V129/><F129/><N who="3" m="49163" /><G81/><T42/><D42/><U25/><E117/><V126/><F126/><W135/><G135/><T70/><D7/><U58/><E68/><V125/><F125/><W99/><G107/><T98/><D74/><U57/><E128/><V23/><F94/><W84/><G84/><T109/><D109/><U110/><E32/><V73/><F73/><W100/><G99/><T87/><D87/><U24/><E24/><V2/><F40/><W27/><G27/><T93/><D75/><U120/><E120/><V8/><F8/><N who="3" m="6535" /><G37/><T92/><D92/><U45/><E15/><V116/><F2/><W133/><G133/><T30/><D30/><U80/><E110/><V16/><REACH who="2" step="1"/><F118/><REACH who="2" ten="191,211,220,368" step="2"/><W53/><G105/><T97/><D38/><U122/><E122/><V51/><F51/><W49/><G49/><T36/><D36/><U104/><E104/><V18/><F18/><W31/><G31/><T134/><D41/><U56/><E82/><V66/><F66/><W39/><G39/><T14/><D134/><U113/><E113/><V29/><F29/><W121/><G121/><T112/><D112/><U9/><E9/><V13/><F13/><W17/><G17/><T86/><D1/><U6/><E6/><V22/><F22/><W0/><G0/><T61/><D4/><U77/><E77/><V89/><F89/><N who="1" m="34377" /><E78/><V95/><F95/><W20/><G20/><T50/><D93/><RYUUKYOKU ba="0,1" sc="191,-10,211,-10,220,30,368,-10" hai2="16,23,26,46,48,52,60,67,72,76,83,116,119" /><INIT seed="2,1,1,0,0,32" ten="181,201,250,358" oya="2" hai0="41,66,23,73,101,131,65,135,112,16,72,31,30" hai1="54,61,87,58,2,79,97,93,15,75,33,95,55" hai2="105,85,53,52,109,4,90,74,114,7,128,60,49" hai3="122,89,39,117,77,24,29,46,64,57,104,69,120"/><V9/><F114/><W91/><G117/><T116/><D112/><U51/><E2/><V115/><F115/><W110/><G110/><T100/><D41/><U124/><E124/><V21/><F74/><W125/><G125/><T36/><D36/><U99/><E33/><V12/><F128/><W83/><G69/><T127/><D127/><U1/><E1/><V50/><F105/><W3/><G104/><T86/><D86/><U19/><E75/><V70/><F109/><W56/><G3/><T108/><D23/><N who="1" m="11775" /><E79/><V35/><F35/><W26/><G26/><T130/><D108/><U103/><E87/><V6/><F21/><W34/><G120/><T18/><REACH who="0" step="1"/><D135/><REACH who="0" ten="171,201,250,358" step="2"/><U0/><E0/><V5/><F70/><W111/><G39/><T8/><D8/><U84/><E84/><V22/><F22/><W44/><G34/><T17/><D17/><U132/><E132/><V106/><F106/><W48/><G111/><T40/><D40/><U94/><E99/><V107/><F107/><W98/><G98/><T92/><D92/><U10/><E10/><V78/><F78/><W28/><G77/><T27/><D27/><U43/><E43/><V67/><F67/><W113/><G24/><T96/><D96/><U121/><E121/><V63/><F53/><W123/><G64/><T76/><D76/><U14/><E14/><V11/><F9/><W134/><G113/><T129/><D129/><U133/><E133/><V119/><F52/><W20/><G134/><T71/><D71/><U25/><E25/><V37/><N who="2" m="1024" /><DORA hai="102" /><V81/><F37/><W62/><G122/><RYUUKYOKU ba="1,2" sc="171,15,201,15,250,-15,358,-15" hai0="16,18,30,31,65,66,72,73,100,101,116,130,131" hai1="51,54,55,58,61,93,94,95,97,103" /><INIT seed="3,2,2,5,1,115" ten="186,216,235,343" oya="3" hai0="126,109,104,90,105,67,56,82,122,17,59,39,120" hai1="98,32,94,96,124,58,1,80,102,7,14,76,47" hai2="135,85,114,100,40,20,43,68,2,50,16,111,97" hai3="60,33,131,51,44,106,133,78,99,127,22,57,62"/><W30/><G131/><T92/><D39/><U118/><E32/><V116/><F114/><W113/><G113/><T75/><D67/><U107/><E124/><V52/><F116/><W6/><G127/><T8/><D126/><U27/><E27/><V18/><F68/><W129/><G129/><T101/><D17/><U45/><E1/><V83/><F111/><W74/><G33/><T26/><D8/><U64/><E14/><V12/><F135/><W24/><G133/><T11/><D11/><U42/><E7/><V70/><F18/><W36/><G36/><T0/><D59/><U53/><E42/><V84/><F70/><W31/><G6/><T61/><D26/><U112/><E64/><V9/><F20/><W37/><G37/><T54/><D0/><U123/><E123/><V41/><F83/><W81/><G57/><T13/><D13/><U121/><E121/><V10/><F10/><W88/><G31/><T79/><D105/><U110/><E110/><V128/><F128/><W38/><G38/><T3/><D3/><U66/><E66/><V134/><F134/><W19/><G30/><T119/><D119/><U21/><E21/><V72/><F72/><W55/><REACH who="3" step="1"/><G106/><REACH who="3" ten="186,216,235,333" step="2"/><T28/><D28/><U103/><E112/><V87/><F2/><W73/><G73/><T46/><D109/><U91/><E107/><V48/><REACH who="2" step="1"/><F52/><REACH who="2" ten="186,216,225,333" step="2"/><W77/><G77/><T4/><D122/><U132/><E76/><V23/><F23/><W5/><G5/><T49/><D120/><U69/><E69/><V95/><AGARI ba="2,4" hai="9,12,16,40,41,43,48,50,84,85,87,95,97,100" machi="95" ten="30,7900,0" yaku="1,1,0,1,8,1,54,1,53,0" doraHai="115" doraHaiUra="63" who="2" fromWho="2" sc="186,-22,216,-22,225,125,333,-41" /><INIT seed="4,0,0,3,1,14" ten="164,194,350,292" oya="0" hai0="135,29,28,118,80,69,46,11,127,95,30,15,87" hai1="67,54,8,56,113,16,94,85,99,74,132,59,33" hai2="112,37,27,55,97,42,7,131,17,9,126,43,70" hai3="6,45,49,122,81,20,120,109,62,10,133,117,12"/><T60/><D118/><U76/><E33/><V98/><F112/><W48/><G109/><T0/><D0/><U68/><E74/><V57/><F70/><W79/><G117/><T61/><D135/><U19/><E68/><V65/><F126/><W58/><G133/><T134/><D127/><U53/><E67/><V100/><F131/><W91/><G91/><T13/><D134/><U32/><E32/><V52/><F65/><W101/><G101/><T5/><D69/><U82/><E113/><V63/><F55/><N who="1" m="21001" /><E132/><V73/><F73/><W51/><G20/><T31/><N who="0" m="7168" /><DORA hai="110" /><T96/><D15/><N who="1" m="7271" /><E19/><V129/><F129/><W22/><G120/><T40/><D46/><U35/><E35/><V25/><F98/><W130/><G45/><T89/><REACH who="0" step="1"/><D40/><REACH who="0" ten="154,194,350,292" step="2"/><U128/><E128/><V66/><F42/><W90/><G130/><T50/><D50/><U114/><E114/><V116/><F43/><W1/><G48/><T107/><D107/><U106/><E106/><V102/><F27/><W4/><G49/><T92/><D92/><U86/><E86/><V34/><F25/><W124/><G51/><T44/><D44/><U21/><E21/><V39/><F34/><W2/><G22/><T75/><D75/><U119/><E119/><V64/><F116/><W121/><G124/><T18/><D18/><U77/><E56/><V41/><F57/><W84/><G58/><T105/><D105/><U36/><E59/><V111/><F17/><W38/><G84/><T24/><D24/><U108/><E94/><N who="2" m="58423" /><F111/><W23/><G23/><T125/><D125/><U103/><E108/><RYUUKYOKU ba="0,1" sc="154,30,194,-10,350,-10,292,-10" hai0="5,11,13,60,61,80,87,89,95,96" /><INIT seed="4,1,1,5,3,32" ten="184,184,340,282" oya="0" hai0="131,9,89,22,123,6,20,30,68,103,101,74,93" hai1="87,134,41,125,11,43,117,28,0,71,70,106,58" hai2="18,121,27,105,135,115,83,119,8,55,118,73,61" hai3="90,33,14,126,25,67,39,122,96,128,60,7,129"/><T13/><D131/><N who="3" m="50249" /><G126/><T29/><D68/><U99/><E117/><V46/><F115/><W69/><G39/><T110/><D74/><U38/><E28/><N who="0" m="10857" /><D123/><U37/><E58/><N who="2" m="35039" /><F135/><W100/><G33/><T77/><D77/><U53/><E53/><V81/><F121/><W130/><G25/><T34/><D110/><U114/><E87/><V50/><F73/><W104/><N who="3" m="50257" /><W56/><DORA hai="78" /><G122/><T98/><D34/><U88/><E106/><V95/><F105/><W15/><G7/><T24/><D24/><U16/><E71/><V82/><F95/><W51/><G90/><T112/><D112/><U66/><E88/><V132/><F132/><W85/><G85/><T91/><D91/><U10/><E125/><V127/><F127/><W31/><G31/><T79/><D79/><U65/><E38/><V23/><F118/><W92/><G104/><T35/><D35/><U76/><E76/><V59/><F119/><W40/><G69/><T64/><D64/><U45/><E66/><V80/><N who="2" m="20480" /><DORA hai="1" /><V102/><F102/><AGARI ba="1,1" hai="6,9,13,20,22,89,93,98,101,102,103" m="10857" machi="102" ten="30,2900,0" yaku="8,1,52,1" doraHai="32,78,1" who="0" fromWho="2" sc="184,42,184,0,340,-32,282,0" /><INIT seed="4,2,0,1,5,69" ten="226,184,308,282" oya="0" hai0="79,5,16,121,101,80,135,127,68,116,7,19,120" hai1="40,93,82,39,17,118,89,56,70,74,24,43,130" hai2="32,60,25,35,54,100,122,72,94,78,3,125,119" hai3="75,29,14,115,41,126,52,63,9,123,51,76,129"/><T109/><D68/><U11/><E70/><V42/><F122/><W131/><G123/><N who="0" m="47179" /><D101/><U102/><E118/><V77/><F125/><W111/><G111/><T34/><D80/><U59/><E130/><N who="3" m="49674" /><G126/><T83/><D83/><U23/><E102/><V88/><F100/><W33/><G115/><T38/><D79/><U37/><E82/><V6/><F119/><W30/><G76/><T18/><D127/><U128/><E74/><V105/><F105/><W114/><G114/><T85/><D85/><U62/><E128/><V53/><F42/><W21/><G75/><T112/><D112/><U44/><E11/><V1/><F25/><W87/><G87/><T96/><D96/><U45/><E62/><V133/><F6/><N who="0" m="2058" /><D116/><U117/><E117/><V113/><F60/><W27/><G63/><T106/><D106/><U90/><E90/><V64/><F113/><W26/><G41/><T15/><D109/><U66/><E66/><V36/><F72/><W2/><G51/><T20/><D38/><U58/><E58/><V98/><F36/><W107/><G52/><T61/><D34/><U124/><E124/><V91/><F94/><W73/><G73/><T67/><D135/><U22/><E22/><V86/><F86/><AGARI ba="2,0" hai="17,23,24,37,39,40,43,44,45,56,59,86,89,93" machi="86" ten="30,7700,0" yaku="7,1,9,1,52,2" doraHai="69" who="1" fromWho="2" sc="226,0,184,83,308,-83,282,0" /><INIT seed="5,0,0,3,3,54" ten="226,267,225,282" oya="1" hai0="96,61,4,18,115,50,32,24,90,56,30,89,39" hai1="29,95,101,19,119,129,74,120,70,72,127,42,21" hai2="57,75,43,93,133,52,68,108,64,85,49,128,78" hai3="60,23,11,121,110,112,63,47,106,27,97,107,69"/><U8/><E119/><V34/><F108/><W59/><G110/><T22/><D39/><U105/><E120/><V118/><F118/><W125/><G121/><T3/><D115/><U46/><E105/><V71/><F34/><W12/><G112/><T44/><D96/><U109/><E70/><V53/><F43/><W20/><G125/><T126/><D4/><U6/><E29/><V58/><F128/><W86/><G47/><T77/><D77/><U111/><E127/><V88/><F64/><W80/><G69/><T122/><D3/><U48/><E129/><V40/><F40/><W38/><G38/><T33/><D33/><U28/><E28/><V124/><F133/><W79/><G63/><T67/><D126/><U132/><E132/><V81/><F124/><W2/><G2/><T16/><D122/><U114/><E114/><V1/><F1/><W134/><G134/><T0/><D0/><N who="1" m="71" /><E74/><V26/><F26/><W84/><G84/><T14/><D18/><U102/><E72/><V113/><F113/><W51/><G51/><AGARI ba="0,0" hai="49,51,52,53,57,58,68,71,75,78,81,85,88,93" machi="51" ten="30,12000,2" yaku="7,1,9,1,52,2,54,2" doraHai="54" who="2" fromWho="3" sc="226,0,267,0,225,120,282,-120" /><INIT seed="6,0,0,4,1,13" ten="226,267,345,162" oya="2" hai0="101,114,55,134,62,30,54,14,113,107,50,33,76" hai1="78,80,116,53,105,21,32,63,133,119,66,69,2" hai2="35,112,24,70,56,59,100,121,19,118,27,39,65" hai3="31,127,45,75,6,94,84,3,90,60,122,36,109"/><V117/><F121/><W5/><G109/><T111/><D111/><U12/><E32/><V88/><F39/><W92/><G122/><T128/><D128/><U85/><E2/><V102/><F112/><N who="0" m="43114" /><D76/><U96/><E133/><V86/><F70/><W67/><G127/><T132/><D62/><U71/><E71/><V18/><F88/><W123/><G123/><T129/><D129/><U64/><E64/><V23/><F23/><W47/><G75/><T72/><D72/><U25/><E12/><V7/><F86/><W42/><G31/><T97/><D14/><U99/><E53/><N who="0" m="19977" /><D50/><U108/><E108/><V110/><F110/><W51/><G3/><T9/><D9/><U125/><E125/><V1/><F1/><W93/><G45/><T98/><D98/><U126/><E99/><V0/><F0/><W73/><G73/><T41/><D41/><U52/><E126/><V40/><F40/><W26/><G26/><AGARI ba="0,0" hai="26,30,33,97,101,107,132,134" m="19977,43114" machi="26" ten="30,1000,0" yaku="15,1" doraHai="13" who="0" fromWho="3" sc="226,10,267,0,345,0,162,-10" /><INIT seed="7,0,0,4,1,113" ten="236,267,345,152" oya="3" hai0="97,80,111,42,108,63,61,71,25,105,110,129,103" hai1="81,102,120,10,98,73,7,28,51,34,32,57,53" hai2="112,64,15,58,33,43,131,119,16,37,4,79,3" hai3="62,11,118,128,36,125,45,60,26,82,54,2,75"/><W72/><G128/><T116/><D129/><U126/><E120/><V89/><F119/><W86/><G125/><T95/><D42/><U49/><E126/><V114/><F131/><W5/><G26/><T70/><D80/><U35/><E73/><V0/><F33/><W92/><G92/><T29/><D95/><U21/><E81/><V19/><F79/><W59/><G62/><T1/><D1/><U121/><E121/><V96/><F4/><W99/><G99/><T104/><D104/><U94/><E21/><N who="2" m="11423" /><F19/><W13/><G2/><T90/><D90/><U47/><E28/><V65/><F89/><W6/><G6/><T56/><D63/><U8/><REACH who="1" step="1"/><E7/><REACH who="1" ten="236,257,345,152" step="2"/><V91/><F114/><W31/><G31/><T115/><D115/><U12/><E12/><V66/><F112/><W38/><G118/><T77/><D77/><U93/><E93/><V76/><F0/><W133/><G133/><T127/><D127/><U132/><E132/><V18/><F3/><W52/><G36/><T83/><D83/><U109/><E109/><V85/><F37/><W46/><G38/><T27/><D116/><U44/><E44/><N who="3" m="17002" /><G54/><AGARI ba="0,1" hai="8,10,32,34,35,47,49,51,53,54,57,94,98,102" machi="54" ten="40,1300,0" yaku="1,1,53,0" doraHai="113" doraHaiUra="24" who="1" fromWho="3" sc="236,0,257,23,345,0,152,-13" owari="236,-16.4,280,8.0,345,44.5,139,-36.1" /></mjloggm>