<mjloggm ver="2.3"><GO type="169" lobby="0"/><UN n0="%E3%81%95%E3%81%8F%E3%82%88%E3%81%93%E3%81%A1%E3%82%83%E3%82%93" n1="%E8%B5%A4%E5%BA%A7%E3%81%82%E3%81%8B%E3%82%8A%45%58" n2="%E3%81%A6%E3%81%A4%EF%BC%A3" n3="%E3%80%90%E3%83%A1%E3%82%BF%E3%83%A9%E3%83%BC%E3%80%91" dan="16,16,16,17" rate="2082.52,2121.19,2130.97,2151.61" sx="M,M,M,M"/><TAIKYOKU oya="0"/><INIT seed="0,0,0,3,4,25" ten="250,250,250,250" oya="0" hai0="105,103,24,84,35,13,60,79,100,134,90,11,43" hai1="50,63,51,102,17,108,113,91,82,59,83,23,125" hai2="18,49,126,81,55,67,119,110,12,70,0,1,28" hai3="45,37,124,98,7,4,30,131,109,14,68,34,69"/><T93/><D134/><U94/><E108/><V122/><F110/><W5/><G109/><T31/><D105/><U114/><E125/><V107/><F122/><W74/><G74/><T85/><D43/><U44/><E102/><V116/><F107/><W53/><G131/><T64/><D84/><U92/><E92/><V26/><F126/><W47/><G14/><T75/><D79/><U115/><E51/><V41/><F41/><W21/><G34/><T112/><D75/><U48/><E50/><V27/><F27/><W42/><G98/><T133/><D112/><U58/><E44/><V101/><F101/><W117/><G117/><T95/><D95/><U127/><E48/><V104/><F81/><W106/><G106/><T2/><D2/><U97/><E127/><V87/><F87/><W78/><G78/><T62/><D62/><U56/><REACH who="1" step="1"/><E63/><REACH who="1" ten="250,240,250,250" step="2"/><V86/><F104/><W65/><G124/><T88/><D133/><U36/><E36/><V57/><F119/><W111/><G111/><T39/><D39/><U96/><E96/><V9/><F116/><W77/><G47/><T46/><D46/><U15/><AGARI ba="0,1" hai="15,17,23,56,58,59,82,83,91,94,97,113,114,115" machi="15" ten="40,8000,1" yaku="1,1,0,1,11,1,53,1" doraHai="25" doraHaiUra="89" who="1" fromWho="1" sc="250,-40,240,90,250,-20,250,-20" /><INIT seed="1,0,0,1,5,103" ten="210,330,230,230" oya="1" hai0="9,97,115,95,13,34,131,86,108,79,123,80,84" hai1="14,89,65,100,129,41,92,133,6,106,48,135,112" hai2="101,114,42,120,55,38,78,90,23,50,27,132,68" hai3="44,76,28,119,71,104,127,59,72,20,99,2,88"/><U60/><E112/><V10/><F114/><W39/><G71/><T87/><D115/><U110/><E129/><V17/><F120/><W130/><G2/><T73/><D123/><U31/><E31/><V0/><F132/><W134/><G134/><T36/><D36/><U8/><E110/><V111/><F111/><W25/><G130/><T18/><D131/><U4/><E4/><V83/><F68/><W70/><G70/><T98/><D34/><U117/><E117/><V109/><F109/><W124/><G59/><T29/><D29/><U121/><E121/><V64/><F64/><W81/><G39/><T51/><D108/><U46/><E100/><V126/><F126/><N who="3" m="48171" /><G44/><T63/><D63/><U43/><E106/><V61/><F61/><W85/><G119/><T16/><D51/><U5/><E5/><V1/><F42/><W35/><G99/><T47/><D47/><U102/><E102/><V45/><F101/><W11/><G11/><T116/><D116/><U82/><E82/><V122/><F38/><W22/><G104/><T93/><D98/><U3/><E3/><V54/><F122/><W26/><G26/><T125/><D125/><U105/><E105/><V74/><F10/><W58/><G58/><T37/><D37/><U66/><E43/><V21/><F55/><W69/><G69/><T49/><D97/><N who="1" m="57487" /><E66/><V12/><F90/><W40/><G40/><T77/><D77/><U24/><E24/><V30/><AGARI ba="0,0" hai="0,1,12,17,21,23,27,30,45,50,54,74,78,83" machi="30" ten="20,1500,0" yaku="0,1,7,1" doraHai="103" who="2" fromWho="2" sc="210,-4,330,-7,230,15,230,-4" /><INIT seed="2,0,0,5,0,0" ten="206,323,245,226" oya="2" hai0="28,134,113,26,65,62,44,7,30,73,6,1,49" hai1="45,66,57,121,5,63,58,11,54,23,80,39,95" hai2="20,88,126,13,92,74,2,69,17,96,79,9,122" hai3="131,14,8,27,59,125,98,72,64,15,84,41,68"/><V77/><F122/><W100/><G125/><T81/><D113/><U56/><E121/><V61/><F126/><W101/><G131/><T32/><D134/><U4/><E39/><V107/><F107/><W118/><G118/><T124/><D124/><U31/><E11/><V71/><F74/><W53/><G72/><T60/><D1/><U132/><E132/><V116/><F116/><W129/><G129/><T130/><D30/><U48/><E80/><V86/><F71/><W133/><G133/><T43/><D130/><U18/><E31/><V24/><F2/><W33/><G41/><T70/><REACH who="0" step="1"/><D60/><REACH who="0" ten="196,323,245,226" step="2"/><U99/><E63/><V78/><F61/><W46/><G68/><T110/><D110/><U112/><E112/><V82/><REACH who="2" step="1"/><F69/><REACH who="2" ten="196,323,235,226" step="2"/><W21/><G64/><T93/><D93/><U109/><E66/><V50/><F50/><W76/><G33/><T111/><D111/><U25/><E109/><V119/><F119/><W89/><G101/><AGARI ba="0,2" hai="4,5,18,23,25,45,48,54,56,57,58,95,99,101" machi="101" ten="40,5200,0" yaku="8,1,52,2" doraHai="0" who="1" fromWho="3" sc="196,0,323,72,235,0,226,-52" /><INIT seed="3,0,0,3,4,39" ten="196,395,235,174" oya="3" hai0="128,23,42,123,48,88,101,105,117,69,20,95,33" hai1="64,86,38,2,106,58,61,55,78,15,73,59,36" hai2="44,3,35,16,66,1,90,103,32,46,82,131,97" hai3="130,93,100,85,31,17,113,112,132,70,125,37,92"/><W40/><G125/><T108/><D117/><U19/><E2/><V7/><F131/><W4/><G130/><T57/><D123/><U116/><E73/><V72/><F66/><W45/><G132/><T109/><D69/><U54/><E106/><V71/><F71/><W122/><G70/><T124/><D33/><U21/><E116/><V41/><F46/><W77/><G122/><T68/><D68/><U52/><REACH who="1" step="1"/><E58/><REACH who="1" ten="196,385,235,174" step="2"/><V91/><F1/><W43/><G113/><T126/><D128/><U25/><E25/><V134/><F72/><W22/><G112/><T24/><D24/><U34/><E34/><V12/><F35/><W129/><G129/><T94/><D126/><U119/><E119/><V6/><F32/><W120/><G120/><T89/><D124/><U76/><E76/><V10/><F134/><W18/><G77/><T84/><D57/><U0/><E0/><V102/><F3/><W56/><G56/><T118/><D118/><U28/><E28/><V115/><F115/><W107/><G107/><T79/><D79/><U47/><E47/><V62/><F44/><W133/><G133/><T96/><D108/><U111/><E111/><V114/><F114/><W9/><G31/><T53/><D109/><U50/><E50/><V29/><F29/><W8/><G45/><N who="0" m="25655" /><D53/><U11/><E11/><V65/><F10/><W81/><G9/><T110/><D110/><U30/><E30/><V27/><F27/><W121/><G8/><T80/><D105/><U83/><AGARI ba="0,1" hai="15,19,21,36,38,52,54,55,59,61,64,78,83,86" machi="83" ten="30,4000,0" yaku="1,1,0,1,54,1,53,0" doraHai="39" doraHaiUra="135" who="1" fromWho="1" sc="196,-10,385,50,235,-10,174,-20" /><INIT seed="4,0,0,0,3,38" ten="186,435,225,154" oya="0" hai0="19,65,34,42,130,124,52,86,9,85,120,16,134" hai1="96,57,114,76,90,69,82,7,104,75,64,41,35" hai2="28,1,39,77,43,70,59,112,54,117,94,15,128" hai3="131,102,113,122,50,11,129,63,31,74,101,21,83"/><T111/><D120/><U48/><E35/><V58/><F112/><W25/><G122/><T0/><D34/><U53/><E114/><V32/><F1/><W26/><G113/><T24/><D130/><U95/><E7/><V17/><F70/><W49/><G63/><T30/><D134/><U20/><E69/><V68/><F68/><W4/><G26/><T99/><D124/><U10/><E10/><V44/><F128/><N who="3" m="49227" /><G83/><T87/><D65/><U121/><E64/><V29/><F77/><W51/><G74/><T115/><D115/><U106/><E121/><V79/><F79/><W62/><G62/><T12/><D0/><AGARI ba="0,0" hai="0,4,11,21,25,31,49,50,51,101,102" m="49227" machi="0" ten="30,1000,0" yaku="19,1" doraHai="38" who="3" fromWho="0" sc="186,-10,435,0,225,0,154,10" /><INIT seed="5,0,0,5,2,96" ten="176,435,225,164" oya="1" hai0="72,47,27,29,110,107,2,33,49,105,69,55,46" hai1="11,3,82,51,106,80,9,102,119,78,120,127,66" hai2="103,95,123,43,35,32,131,104,122,126,74,18,93" hai3="41,90,100,10,48,20,54,23,92,87,121,50,37"/><U99/><E119/><V88/><F74/><W71/><G121/><T44/><D110/><U25/><E120/><V15/><F131/><W40/><G71/><T24/><D72/><U76/><E127/><V31/><F126/><W62/><G37/><T128/><D128/><U67/><E51/><N who="3" m="19498" /><G10/><T19/><D2/><U113/><E25/><V115/><F104/><W45/><G100/><T5/><D5/><U39/><E39/><V94/><F43/><N who="3" m="16459" /><G45/><T108/><D69/><U83/><E11/><V101/><F123/><W22/><G62/><T21/><REACH who="0" step="1"/><D108/><REACH who="0" ten="166,435,225,164" step="2"/><U12/><E3/><V97/><F122/><W117/><G117/><T16/><D16/><U65/><REACH who="1" step="1"/><E113/><REACH who="1" ten="166,425,225,164" step="2"/><V79/><F115/><W36/><G36/><T28/><D28/><U56/><E56/><AGARI ba="0,2" hai="19,21,24,27,29,33,44,46,47,49,55,56,105,107" machi="56" ten="40,1300,0" yaku="1,1,53,0" doraHai="96" doraHaiUra="0" who="0" fromWho="1" sc="166,33,425,-13,225,0,164,0" /><INIT seed="6,0,0,4,0,125" ten="199,412,225,164" oya="2" hai0="118,56,34,18,128,126,68,123,116,57,50,101,65" hai1="42,58,32,81,96,31,104,3,43,9,26,45,6" hai2="108,47,113,78,12,130,86,29,74,15,20,27,99" hai3="85,69,110,94,120,52,114,24,132,33,107,119,4"/><V16/><F74/><W83/><G107/><T23/><D123/><U111/><E111/><V93/><F113/><W1/><G69/><T22/><D126/><U8/><E58/><V122/><F122/><W103/><G119/><N who="0" m="45611" /><D34/><U60/><E60/><V39/><F108/><W109/><G120/><T135/><D135/><U2/><E81/><N who="2" m="47415" /><F130/><W102/><G132/><T92/><D128/><U87/><E87/><V48/><F39/><W55/><G114/><T82/><D82/><U75/><E75/><V77/><F29/><W51/><G55/><N who="0" m="31863" /><D68/><U17/><E31/><V54/><F77/><W30/><G110/><T76/><D18/><U64/><E2/><V46/><F47/><W112/><G112/><T84/><D101/><AGARI ba="0,0" hai="12,15,16,20,27,46,48,54,93,99,101" m="47415" machi="101" ten="30,2900,0" yaku="8,1,54,1" doraHai="125" who="2" fromWho="0" sc="199,-29,412,0,225,29,164,0" /><INIT seed="6,1,0,1,1,68" ten="170,412,254,164" oya="2" hai0="20,92,63,50,130,131,42,34,80,65,129,79,66" hai1="53,56,0,103,132,8,7,14,89,26,22,123,121" hai2="110,24,124,12,23,51,90,82,127,86,84,77,96" hai3="135,69,75,94,4,107,97,117,115,3,18,88,116"/><V85/><F51/><W119/><G135/><T118/><D34/><U37/><E37/><V87/><F12/><W55/><G69/><T41/><D118/><U114/><E132/><V125/><F23/><W1/><G75/><T27/><D50/><U5/><E103/><V113/><F24/><W106/><G115/><T49/><D92/><U57/><E114/><V105/><F113/><W38/><G38/><T28/><D49/><U67/><E67/><V64/><F64/><W128/><G128/><T43/><REACH who="0" step="1"/><D63/><REACH who="0" ten="160,412,254,164" step="2"/><U98/><E121/><V21/><F110/><W78/><G119/><T15/><D15/><U108/><E14/><V36/><F36/><W58/><G107/><T17/><D17/><U122/><E122/><V31/><F31/><W2/><G106/><T120/><D120/><U109/><E123/><V54/><F54/><W61/><G3/><T83/><D83/><U73/><E0/><V52/><F52/><W46/><G2/><T33/><D33/><U99/><E53/><V9/><F9/><W133/><G1/><T60/><D60/><U47/><E8/><V101/><REACH who="2" step="1"/><F21/><REACH who="2" ten="160,412,244,164" step="2"/><W76/><G133/><T39/><D39/><U6/><E108/><V95/><AGARI ba="1,2" hai="77,82,84,85,86,87,90,95,96,101,105,124,125,127" machi="95" ten="30,18000,2" yaku="1,1,2,1,0,1,18,1,34,3,53,0" doraHai="68" doraHaiUra="32" who="2" fromWho="2" sc="160,-61,412,-61,244,203,164,-61" /><INIT seed="6,2,0,2,4,103" ten="99,351,447,103" oya="2" hai0="70,6,17,29,65,41,76,40,36,58,84,91,34" hai1="135,81,10,99,118,126,5,66,22,52,130,93,115" hai2="131,106,49,92,24,55,133,3,48,18,63,27,119" hai3="127,78,43,23,26,38,100,90,35,88,116,28,56"/><V85/><F119/><W46/><G116/><T89/><D70/><U125/><E118/><V123/><F123/><W132/><G127/><T9/><D36/><U71/><E115/><V32/><F106/><W16/><G132/><T110/><D110/><U13/><E135/><V1/><F133/><W25/><G78/><T107/><D107/><U86/><E130/><V62/><F85/><W95/><REACH who="3" step="1"/><G56/><REACH who="3" ten="99,351,447,93" step="2"/><T12/><D58/><U4/><E126/><V79/><F79/><W113/><G113/><T112/><D91/><U67/><E125/><V82/><F131/><W20/><G20/><T39/><D76/><U114/><E114/><V54/><F32/><W21/><G21/><T77/><D77/><U108/><E108/><V96/><F1/><W64/><G64/><T47/><D65/><U80/><E71/><V60/><F3/><W117/><G117/><T31/><D34/><U73/><E22/><V50/><F27/><W101/><G101/><T134/><D134/><U8/><E67/><V105/><F24/><W97/><AGARI ba="2,1" hai="16,23,25,26,28,35,38,43,46,88,90,95,97,100" machi="97" ten="30,7900,0" yaku="1,1,0,1,54,2,53,0" doraHai="103" doraHaiUra="102" who="3" fromWho="3" sc="99,-22,351,-22,447,-41,93,95" /><INIT seed="7,0,0,4,0,119" ten="77,329,406,188" oya="3" hai0="134,75,67,99,121,59,16,127,83,58,36,11,118" hai1="71,88,89,80,49,14,39,23,76,84,3,101,100" hai2="47,102,68,29,104,62,82,34,96,130,105,56,22" hai3="42,54,123,15,106,0,26,20,72,51,1,33,132"/><W92/><G106/><T27/><D118/><U115/><E39/><V112/><F112/><W12/><G72/><T98/><D36/><U103/><E3/><V93/><F130/><W116/><G116/><T48/><D127/><U7/><E71/><V126/><F126/><W90/><G42/><T38/><D38/><U31/><E115/><V135/><F135/><W24/><G132/><T40/><D121/><U79/><E79/><V44/><F34/><W74/><G74/><T55/><D40/><U110/><E110/><V114/><F68/><W41/><G41/><T61/><D134/><U30/><E49/><V70/><F70/><W86/><G15/><T129/><D129/><U91/><REACH who="1" step="1"/><E23/><REACH who="1" ten="77,319,406,188" step="2"/><V66/><F114/><W133/><G133/><T97/><D75/><U94/><E94/><V13/><F105/><W21/><G33/><T2/><D2/><U111/><E111/><V120/><F104/><W5/><G1/><T124/><D124/><U50/><E50/><V63/><F93/><W69/><G69/><T46/><D83/><U60/><E60/><V25/><F82/><W53/><G51/><T37/><D37/><U77/><E77/><V19/><F62/><W6/><G21/><T52/><D59/><U85/><E85/><V108/><F108/><W57/><G20/><T81/><D81/><U64/><E64/><V35/><F22/><W43/><G43/><T32/><D32/><U9/><AGARI ba="0,1" hai="7,9,14,30,31,76,80,84,88,89,91,100,101,103" machi="9" ten="40,8000,1" yaku="1,1,0,1,8,1,54,1,53,0" doraHai="119" doraHaiUra="113" who="1" fromWho="1" sc="77,-20,319,90,406,-20,188,-40" owari="57,-44.3,409,50.9,386,18.6,148,-25.2" /></mjloggm>