<mjloggm ver="2.3"><GO type="169" lobby="0"/><UN n0="%6B%61%74%65%72%69%6E%61" n1="%41%62%65%73%65%6E%61%6C" n2="%E6%9C%88%E5%A4%9C%E3%81%AB%E9%A2%A8" n3="%E8%A1%A8%E7%A4%BA%E4%BE%A1%E6%A0%BC%E3%82%88%E3%82%8A%E5%8D%8A%E9%A1%8D" dan="16,16,16,16" rate="2123.19,2134.68,2055.88,2094.69" sx="M,M,M,M"/><TAIKYOKU oya="0"/><INIT seed="0,0,0,3,1,85" ten="250,250,250,250" oya="0" hai0="43,78,75,129,107,34,73,110,68,103,123,106,96" hai1="61,46,77,125,99,131,59,81,4,47,17,52,118" hai2="109,2,38,117,71,98,31,16,19,79,63,35,102" hai3="119,91,41,128,86,29,24,65,67,64,15,74,45"/><T13/><D123/><U3/><E118/><V56/><F109/><W48/><G128/><T70/><D34/><U7/><E131/><V51/><F38/><W32/><G119/><T20/><D129/><U72/><E125/><V14/><F2/><W124/><G124/><T133/><D133/><U88/><E3/><V97/><F79/><W57/><G74/><T108/><D43/><U60/><E60/><V101/><F71/><N who="0" m="27178" /><D20/><U44/><REACH who="1" step="1"/><E17/><REACH who="1" ten="250,240,250,250" step="2"/><V26/><F117/><W0/><G0/><T112/><D112/><U23/><E23/><V127/><F127/><W12/><REACH who="3" step="1"/><G57/><REACH who="3" ten="250,240,250,240" step="2"/><T33/><D110/><U55/><E55/><V94/><F56/><W89/><G89/><T21/><D108/><U11/><E11/><V100/><F100/><W95/><AGARI ba="0,2" hai="12,15,24,29,32,41,45,48,64,65,67,86,91,95" machi="95" ten="30,4000,0" yaku="1,1,0,1,52,1,53,0" doraHai="85" doraHaiUra="1" who="3" fromWho="3" sc="250,-20,240,-10,250,-10,240,60" /><INIT seed="1,0,0,5,3,2" ten="230,230,240,300" oya="1" hai0="93,4,19,107,65,133,81,112,74,20,58,23,56" hai1="29,70,95,15,116,18,43,47,12,8,49,32,67" hai2="31,34,55,24,25,120,83,22,100,94,17,53,26" hai3="88,135,101,72,62,40,102,108,127,28,90,71,50"/><U110/><E116/><V57/><F120/><W13/><G72/><T77/><D107/><U75/><E75/><V117/><F117/><W106/><G127/><T63/><D112/><U115/><E115/><V27/><F83/><W132/><G28/><T39/><D39/><U124/><E124/><V0/><F0/><W45/><G13/><T98/><D133/><N who="3" m="51273" /><G108/><T7/><D58/><U54/><E110/><V78/><F78/><W89/><G106/><T52/><D65/><AGARI ba="0,0" hai="40,45,50,62,65,71,88,89,90,101,102" m="51273" machi="65" ten="30,2000,0" yaku="20,1,54,1" doraHai="2" who="3" fromWho="0" sc="230,-20,230,0,240,0,300,20" /><INIT seed="2,0,0,0,4,59" ten="210,230,240,320" oya="2" hai0="125,38,2,25,115,33,55,122,85,107,79,123,103" hai1="72,73,127,133,117,64,132,36,23,121,95,42,110" hai2="12,92,30,120,83,43,135,7,1,16,44,20,124" hai3="69,9,76,96,86,56,131,102,8,3,22,116,19"/><V87/><F120/><W126/><G116/><T97/><D115/><U45/><E117/><V65/><F124/><W31/><G69/><T109/><D109/><U48/><E110/><V94/><F135/><N who="1" m="51785" /><E127/><V0/><F30/><W6/><G126/><T60/><D125/><U81/><E121/><V108/><F108/><W5/><G31/><T15/><D2/><U28/><E95/><V50/><F0/><W17/><G131/><T13/><D38/><U91/><E36/><V47/><F47/><W70/><G70/><T14/><D33/><U111/><E64/><V58/><F7/><W26/><G56/><T52/><D25/><N who="1" m="16447" /><E111/><V119/><F1/><W53/><G53/><T128/><D128/><U41/><E41/><V78/><REACH who="2" step="1"/><F119/><REACH who="2" ten="210,230,230,320" step="2"/><W68/><G3/><T99/><D123/><U84/><AGARI ba="0,1" hai="42,45,48,72,73,81,84,91" m="16447,51785" machi="84" ten="30,1100,0" yaku="20,1" doraHai="59" who="1" fromWho="1" sc="210,-3,230,21,230,-5,320,-3" /><INIT seed="3,0,0,2,1,4" ten="207,251,225,317" oya="3" hai0="0,34,105,112,22,69,116,117,97,35,115,53,40" hai1="6,24,19,102,94,49,61,2,60,107,47,50,129" hai2="123,67,18,80,101,89,125,7,130,65,68,16,114" hai3="23,96,27,111,32,126,11,59,91,77,131,41,70"/><W103/><G70/><T127/><D53/><U71/><E107/><V73/><F114/><N who="0" m="43562" /><D22/><U108/><E108/><V36/><F36/><W25/><G111/><T52/><D40/><U93/><E129/><V134/><F125/><W46/><G126/><T13/><D127/><U5/><E71/><V124/><F134/><W57/><G131/><T58/><D69/><U29/><E19/><V87/><F130/><W88/><G32/><N who="0" m="12331" /><D0/><U120/><E120/><V121/><F68/><W1/><G77/><T86/><D86/><U74/><E74/><V9/><F73/><W21/><G21/><T109/><D13/><U20/><E2/><V135/><F135/><W78/><G78/><T84/><D84/><U43/><E50/><V26/><F124/><W31/><G25/><T28/><D28/><U104/><E104/><V106/><F26/><W113/><G113/><T100/><D109/><U72/><E72/><V132/><F132/><W8/><G1/><T44/><D44/><U38/><E38/><V118/><F118/><W37/><G57/><T62/><AGARI ba="0,0" hai="52,58,62,97,100,105,116,117" m="12331,43562" machi="62" ten="30,2000,0" yaku="11,1,54,1" doraHai="4" who="0" fromWho="0" sc="207,20,251,-5,225,-5,317,-10" /><INIT seed="4,0,0,4,3,64" ten="227,246,220,307" oya="0" hai0="113,26,131,52,83,11,85,59,37,43,40,126,31" hai1="78,54,15,36,84,76,12,49,132,134,9,47,79" hai2="88,34,105,103,135,35,95,71,104,106,125,87,8" hai3="28,32,70,123,17,2,111,72,94,7,90,56,100"/><T69/><D113/><U51/><E36/><V30/><F125/><W75/><G111/><T38/><D126/><U25/><E25/><V50/><F135/><W82/><G123/><T18/><D131/><U20/><E84/><V81/><F30/><W102/><G28/><T27/><D69/><U124/><E124/><V80/><F71/><W129/><G32/><T122/><D122/><U112/><E112/><V98/><F8/><W5/><G129/><T10/><D38/><U4/><E20/><V127/><F127/><W74/><G17/><T44/><D40/><U89/><E89/><V117/><F117/><W101/><G56/><T29/><D29/><U55/><REACH who="1" step="1"/><E15/><REACH who="1" ten="227,236,220,307" step="2"/><V46/><REACH who="2" step="1"/><F80/><REACH who="2" ten="227,236,210,307" step="2"/><W73/><G82/><T60/><D83/><U115/><E115/><V118/><F118/><W14/><G74/><T99/><D11/><U33/><E33/><V0/><F0/><W23/><G73/><T107/><D10/><U121/><E121/><V133/><F133/><W109/><G75/><T110/><D31/><U66/><E66/><V42/><AGARI ba="0,2" hai="34,35,42,46,50,81,87,88,95,98,103,104,105,106" machi="42" ten="30,7900,0" yaku="1,1,0,1,54,1,53,1" doraHai="64" doraHaiUra="96" who="2" fromWho="2" sc="227,-39,236,-20,210,99,307,-20" /><INIT seed="5,0,0,1,4,133" ten="188,216,309,287" oya="1" hai0="87,109,26,65,94,32,106,82,45,124,123,64,103" hai1="116,16,112,55,69,88,119,33,70,73,74,100,67" hai2="38,54,118,85,48,49,35,17,10,114,122,84,81" hai3="83,24,128,7,59,11,46,12,50,18,75,41,77"/><U52/><E33/><V31/><F118/><W4/><G128/><T92/><D109/><U5/><E5/><V80/><F38/><W99/><G99/><T97/><D123/><U44/><E100/><V1/><F114/><W62/><REACH who="3" step="1"/><G24/><REACH who="3" ten="188,216,309,277" step="2"/><T60/><D26/><U95/><E112/><V25/><F122/><W66/><AGARI ba="0,1" hai="4,7,11,12,18,41,46,50,59,62,66,75,77,83" machi="66" ten="20,5200,0" yaku="1,1,2,1,0,1,7,1,53,0" doraHai="133" doraHaiUra="98" who="3" fromWho="3" sc="188,-13,216,-26,309,-13,277,62" /><INIT seed="6,0,0,3,2,47" ten="175,190,296,339" oya="2" hai0="64,122,74,76,115,114,67,102,97,3,101,124,125" hai1="60,90,78,19,87,84,27,31,5,65,52,42,93" hai2="2,116,108,100,85,1,129,50,51,69,104,118,22" hai3="53,96,133,92,91,89,17,7,70,4,59,20,80"/><V11/><F69/><W134/><G70/><T39/><D39/><U45/><E5/><V55/><F129/><W9/><G134/><T57/><D3/><U86/><E19/><V112/><F112/><N who="0" m="43050" /><D122/><U34/><E78/><V14/><F108/><W10/><G133/><T15/><D15/><U126/><E126/><N who="0" m="48745" /><D57/><U82/><E82/><V113/><F113/><W29/><G29/><T21/><D21/><U77/><E77/><V63/><F22/><W36/><G36/><T30/><D30/><U38/><REACH who="1" step="1"/><E52/><REACH who="1" ten="175,180,296,339" step="2"/><V88/><F55/><W16/><G4/><T37/><D37/><U8/><E8/><V62/><F11/><W103/><G9/><T6/><D6/><U117/><E117/><V123/><F118/><W49/><G7/><T33/><D33/><U24/><E24/><V54/><F116/><W46/><G80/><N who="0" m="45079" /><D102/><U0/><E0/><V40/><F100/><W119/><G119/><T26/><D26/><U107/><E107/><AGARI ba="0,1" hai="64,67,97,101,107" m="45079,48745,43050" machi="107" ten="30,2000,0" yaku="15,1,18,1" doraHai="47" who="0" fromWho="1" sc="175,30,180,-20,296,0,339,0" /><INIT seed="7,0,0,1,0,89" ten="205,160,296,339" oya="3" hai0="123,97,134,2,135,122,37,130,80,67,133,74,88" hai1="58,78,56,71,115,125,18,35,43,29,70,94,19" hai2="52,21,33,126,84,86,90,73,92,57,116,76,6" hai3="5,49,24,7,77,113,12,40,68,114,99,101,48"/><W3/><G68/><T22/><D2/><U4/><E115/><N who="3" m="44042" /><G77/><N who="0" m="44087" /><D37/><U117/><E125/><V119/><F33/><W36/><G24/><T100/><D67/><U103/><E117/><V39/><F39/><W47/><G12/><T8/><D8/><U60/><E4/><N who="3" m="1610" /><G3/><T124/><D22/><U28/><E78/><V1/><F126/><W104/><AGARI ba="0,0" hai="36,40,47,48,49,99,101,104" m="1610,44042" machi="104" ten="30,1500,0" yaku="15,1" doraHai="89" who="3" fromWho="3" sc="205,-5,160,-5,296,-5,339,15" owari="200,-20.0,155,-34.5,291,9.1,354,45.4" /></mjloggm>