<mjloggm ver="2.3"><GO type="169" lobby="0"/><UN n0="%E3%81%99%E3%81%91%E3%81%B4%E3%82%87%E3%82%93" n1="%E3%81%97%E3%82%82%E3%82%93%E3%81%AC" n2="%E3%81%AF%E3%81%9F%E3%82%86%E3%81%86" n3="%E3%82%88%E3%81%97%E3%81%A0%E3%81%84%E3%81%9F%E3%82%8B" dan="16,16,16,16" rate="2116.03,2179.73,2126.41,2160.09" sx="M,M,M,M"/><TAIKYOKU oya="0"/><INIT seed="0,0,0,4,2,51" ten="250,250,250,250" oya="0" hai0="88,7,112,4,48,76,68,106,19,93,127,11,71" hai1="94,109,16,3,39,22,73,79,24,58,122,70,74" hai2="17,38,90,1,86,108,87,97,26,30,101,69,6" hai3="27,46,91,18,45,64,118,132,52,133,59,29,15"/><T77/><D106/><U124/><E122/><V83/><F108/><W103/><G118/><T23/><D112/><U75/><E70/><V96/><F69/><W129/><G129/><T61/><D71/><U72/><E109/><V128/><F38/><W115/><G64/><T56/><D68/><U40/><E3/><V134/><F134/><N who="3" m="51819" /><G115/><T37/><D37/><U116/><E116/><V57/><F128/><W34/><G91/><T28/><D28/><U63/><E124/><V2/><F17/><W10/><G103/><T44/><D127/><U36/><E40/><V80/><F6/><N who="0" m="2090" /><D11/><U54/><REACH who="1" step="1"/><E94/><REACH who="1" ten="250,240,250,250" step="2"/><V126/><F126/><W105/><G105/><T65/><D44/><U13/><E13/><V110/><F110/><W125/><G125/><T123/><D123/><U32/><E32/><V99/><F2/><W55/><G55/><N who="0" m="31847" /><D65/><U84/><E84/><V67/><F1/><W120/><G120/><T82/><D82/><AGARI ba="0,1" hai="16,22,24,36,39,54,58,63,72,73,74,75,79,82" machi="82" ten="40,5200,0" yaku="1,1,52,1,54,1,53,0" doraHai="51" doraHaiUra="31" who="1" fromWho="0" sc="250,-52,240,62,250,0,250,0" /><INIT seed="1,0,0,4,1,19" ten="198,302,250,250" oya="1" hai0="134,23,119,54,1,96,49,99,5,39,33,92,32" hai1="69,65,21,112,60,50,7,107,76,88,103,17,24" hai2="82,98,80,84,79,83,42,105,31,120,114,94,101" hai3="57,135,18,97,45,20,29,66,8,78,74,62,77"/><U48/><E112/><V46/><F120/><W3/><G135/><T108/><D39/><U71/><E71/><V116/><F116/><W51/><G74/><T58/><D119/><U117/><E117/><V72/><F31/><W100/><G3/><T22/><D134/><U64/><E64/><V85/><F46/><W133/><G8/><T122/><D122/><U81/><E7/><V14/><F14/><W35/><G35/><T55/><D108/><U110/><E110/><V47/><F47/><W124/><G124/><T25/><D55/><U13/><E24/><V44/><F114/><W4/><G4/><T123/><D123/><U102/><E88/><N who="2" m="53511" /><F85/><W132/><G29/><T34/><D25/><U91/><E91/><V10/><F10/><W118/><G118/><T43/><D43/><U15/><E15/><V73/><F73/><W93/><G133/><T128/><D128/><U59/><E69/><V127/><F127/><W9/><G9/><T106/><D5/><U90/><E90/><V131/><F131/><W2/><G2/><T28/><D28/><U130/><E130/><V61/><F61/><W52/><G132/><T111/><D1/><U104/><E104/><V0/><F0/><W86/><G86/><T36/><D111/><U115/><E115/><V113/><F113/><W75/><G75/><T70/><D70/><U11/><E11/><V87/><F87/><W38/><G38/><AGARI ba="0,0" hai="38,42,44,72,79,80,82,83,98,101,105" m="53511" machi="38" ten="30,2000,0" yaku="24,1,54,1" doraHai="19" who="2" fromWho="3" sc="198,0,302,0,250,20,250,-20" /><INIT seed="2,0,0,5,1,12" ten="198,302,270,230" oya="2" hai0="130,30,89,101,96,25,82,72,131,88,133,57,71" hai1="51,69,60,122,36,48,49,4,39,19,7,120,22" hai2="83,134,26,100,28,116,135,104,52,32,107,103,85" hai3="20,1,62,3,67,118,92,2,121,70,18,105,37"/><V94/><F116/><W0/><N who="3" m="0" /><DORA hai="24" /><W44/><G118/><T61/><D133/><N who="2" m="50698" /><F94/><W124/><G124/><T129/><D71/><U123/><E69/><V50/><F104/><W81/><G121/><T56/><D72/><U84/><E60/><V117/><F107/><W76/><G105/><N who="0" m="63655" /><D82/><U33/><E33/><V114/><F114/><W15/><G92/><T110/><D110/><U102/><E102/><V75/><F75/><W8/><G37/><N who="1" m="14410" /><E84/><V10/><F10/><W16/><G44/><T14/><D14/><AGARI ba="0,0" hai="4,7,14,19,22,48,49,51,120,122,123" m="14410" machi="14" ten="40,2600,0" yaku="13,1,52,1" doraHai="12,24" who="1" fromWho="0" sc="198,-26,302,26,270,0,230,0" /><INIT seed="3,0,0,4,0,110" ten="172,328,270,230" oya="3" hai0="21,89,60,118,19,126,31,109,48,84,15,68,22" hai1="104,72,117,83,103,2,42,92,121,79,77,82,97" hai2="16,26,53,132,40,101,99,8,122,78,27,39,74" hai3="87,36,70,71,113,91,30,129,102,75,54,6,51"/><W46/><G75/><T9/><D118/><U52/><E2/><V108/><F108/><W100/><G129/><T124/><D109/><U5/><E5/><V73/><F132/><W32/><G6/><T130/><D130/><U47/><E121/><V76/><F122/><W43/><G32/><T1/><D1/><U56/><E117/><V7/><F74/><W128/><G30/><T13/><D31/><U49/><E82/><V123/><F123/><W111/><G128/><T133/><D133/><U80/><E80/><V98/><F40/><W69/><G111/><T4/><D22/><U66/><E66/><V45/><F39/><W29/><G29/><T62/><D48/><U112/><E77/><V0/><F73/><W64/><G64/><T93/><REACH who="0" step="1"/><D68/><REACH who="0" ten="162,328,270,230" step="2"/><U38/><REACH who="1" step="1"/><E112/><REACH who="1" ten="162,318,270,230" step="2"/><V11/><F0/><W134/><G113/><T44/><D44/><U33/><E33/><V94/><F45/><W127/><G134/><T86/><D86/><U18/><E18/><V3/><F16/><W14/><G46/><T67/><D67/><U131/><E131/><V63/><F3/><W57/><G71/><T35/><D35/><U105/><AGARI ba="0,2" hai="38,42,47,49,52,56,72,79,83,92,97,103,104,105" machi="105" ten="30,4000,0" yaku="1,1,0,1,54,1,53,0" doraHai="110" doraHaiUra="61" who="1" fromWho="1" sc="162,-10,318,60,270,-10,230,-20" /><INIT seed="4,0,0,0,4,108" ten="152,378,260,210" oya="0" hai0="90,43,95,62,129,76,123,57,111,40,128,65,88" hai1="36,118,59,3,104,100,110,119,120,55,98,2,103" hai2="109,116,127,13,28,14,7,81,87,97,112,75,10" hai3="131,60,47,64,133,105,34,82,115,0,135,30,99"/><T44/><D123/><U132/><E110/><V58/><F109/><W96/><G0/><T31/><D111/><U66/><E120/><V46/><F75/><W69/><G131/><N who="0" m="50251" /><D76/><U38/><E132/><N who="3" m="50762" /><G105/><T78/><D78/><U117/><E66/><V79/><F127/><W19/><G19/><T130/><N who="0" m="50259" /><T49/><DORA hai="61" /><D31/><U18/><E18/><V27/><F116/><W93/><G82/><T67/><D90/><U6/><E100/><V101/><F46/><W72/><G72/><T32/><D32/><U51/><REACH who="1" step="1"/><E6/><REACH who="1" ten="152,368,260,210" step="2"/><V86/><F7/><W53/><G64/><N who="0" m="38991" /><D43/><U83/><E83/><V48/><F81/><W12/><G30/><T41/><D40/><U42/><E42/><V29/><F29/><W16/><G34/><T56/><D56/><U126/><E126/><V5/><F58/><W70/><G70/><T37/><D37/><AGARI ba="0,1" hai="2,3,36,37,38,51,55,59,98,103,104,117,118,119" machi="37" ten="50,8000,1" yaku="1,1,53,3" doraHai="108,61" doraHaiUra="114,11" who="1" fromWho="0" sc="152,-80,368,90,260,0,210,0" /><INIT seed="5,0,0,0,4,135" ten="72,458,260,210" oya="1" hai0="57,127,36,98,95,17,29,24,85,14,90,48,30" hai1="26,53,7,71,129,9,92,16,130,18,56,2,122" hai2="94,19,68,49,41,108,67,116,77,81,113,32,54" hai3="69,34,103,31,23,20,27,115,86,106,133,76,105"/><U43/><E122/><V84/><F116/><W1/><G115/><T101/><D36/><U114/><E114/><V91/><F32/><W128/><G69/><T35/><D30/><U121/><E121/><V15/><F108/><W110/><G110/><T97/><D101/><U47/><E71/><V45/><F68/><W88/><G76/><T107/><D107/><U73/><E73/><V38/><F67/><W111/><G111/><T72/><D72/><U13/><E92/><V37/><F41/><W61/><G133/><T109/><D109/><U119/><E119/><V11/><REACH who="2" step="1"/><F113/><REACH who="2" ten="72,458,250,210" step="2"/><W44/><G34/><T25/><D25/><U120/><E120/><V46/><F46/><W134/><G44/><T112/><D112/><U131/><E26/><V126/><F126/><W8/><G27/><T99/><D127/><U123/><E123/><V5/><F5/><W21/><G134/><T4/><D4/><U52/><E56/><V63/><F63/><W39/><G61/><T65/><D65/><U83/><E43/><V82/><F82/><W132/><G132/><T40/><D40/><U6/><E83/><V66/><F66/><W125/><G125/><T12/><REACH who="0" step="1"/><D17/><REACH who="0" ten="62,458,250,210" step="2"/><U96/><E6/><V124/><F124/><W10/><G31/><T70/><D70/><U28/><E18/><V118/><F118/><W102/><G39/><T75/><D75/><AGARI ba="0,2" hai="11,15,19,37,38,45,49,54,75,77,81,84,91,94" machi="75" ten="30,2000,0" yaku="1,1,7,1,53,0" doraHai="135" doraHaiUra="60" who="2" fromWho="0" sc="62,-20,458,0,250,40,210,0" /><INIT seed="6,0,0,4,2,37" ten="42,458,290,210" oya="2" hai0="81,84,131,107,54,90,93,12,29,106,3,103,72" hai1="73,83,86,97,94,50,65,134,7,91,110,48,122" hai2="31,128,127,105,1,121,114,130,49,24,28,62,67" hai3="33,126,98,116,36,45,108,34,125,43,23,119,47"/><V123/><F105/><W56/><G98/><T18/><D3/><U42/><E110/><V51/><F1/><W25/><G56/><T35/><D131/><N who="2" m="50218" /><F31/><W102/><G102/><T27/><D54/><U46/><E134/><V40/><F127/><N who="3" m="48651" /><G108/><T118/><D118/><N who="3" m="45097" /><G47/><T117/><D117/><U66/><E122/><N who="2" m="46603" /><F114/><W6/><G6/><T78/><REACH who="0" step="1"/><D103/><REACH who="0" ten="32,458,290,210" step="2"/><U57/><E65/><V113/><F113/><W10/><G10/><AGARI ba="0,1" hai="10,12,18,27,29,35,72,78,81,84,90,93,106,107" machi="10" ten="30,3900,0" yaku="1,1,2,1,7,1,53,0" doraHai="37" doraHaiUra="17" who="0" fromWho="3" sc="32,49,458,0,290,0,210,-39" /><INIT seed="7,0,0,0,3,109" ten="81,458,290,171" oya="3" hai0="14,104,110,87,52,27,23,1,49,106,34,55,121" hai1="38,98,74,134,126,81,47,107,35,54,72,113,105" hai2="0,10,44,13,40,131,111,60,99,123,82,6,2" hai3="5,11,53,115,63,122,76,133,41,130,56,61,132"/><W28/><G122/><T73/><D73/><U24/><E54/><V45/><F111/><W17/><G130/><T112/><D121/><U101/><E113/><V118/><F118/><W124/><G124/><T3/><D110/><U79/><E126/><V65/><F131/><W97/><G41/><T83/><D34/><U37/><E134/><V21/><F123/><W51/><G28/><T25/><D14/><U4/><E4/><V20/><F2/><W93/><G17/><T46/><D3/><U9/><E9/><V71/><F45/><W59/><G76/><T58/><D1/><U120/><E120/><V102/><F82/><W68/><G68/><T127/><D127/><U94/><E74/><V86/><F86/><W128/><G128/><T80/><D80/><U66/><E66/><V85/><F85/><W7/><G51/><T119/><D119/><U69/><E69/><V100/><F0/><W18/><G18/><T30/><D27/><U75/><E75/><V62/><F62/><W78/><G78/><T26/><D26/><U89/><E47/><V43/><F102/><W19/><G5/><T117/><D117/><U8/><E8/><V64/><F64/><W116/><G7/><T16/><D30/><N who="1" m="19911" /><E107/><V31/><F31/><W114/><G116/><T88/><REACH who="0" step="1"/><D112/><REACH who="0" ten="71,458,290,171" step="2"/><U77/><E77/><V108/><F108/><W50/><G114/><T33/><D33/><U90/><E90/><V22/><F100/><W129/><G115/><T103/><D103/><U84/><AGARI ba="0,1" hai="37,38,72,79,81,84,89,94,98,101,105" m="19911" machi="84" ten="30,1100,0" yaku="24,1" doraHai="109" who="1" fromWho="1" sc="71,-3,458,21,290,-3,171,-5" owari="68,-43.2,479,57.9,287,8.7,166,-23.4" /></mjloggm>