<mjloggm ver="2.3"><GO type="169" lobby="0"/><UN n0="%E8%B5%A4%E5%BA%A7%E3%81%82%E3%81%8B%E3%82%8A%45%58" n1="%E5%9C%A7%E5%80%92%E7%9A%84%E3%83%9D%E3%83%B3" n2="%E3%82%BF%E3%82%A4%E4%BA%BA%EF%BC%A0%E3%83%90%E3%83%B3%E3%82%B3%E3%82%AF" n3="%E3%81%86%E3%81%91%E3%81%AA%E3%81%8C%E3%81%97%E3%81%BE%E3%81%9B%E3%82%93" dan="16,17,16,17" rate="2172.48,2201.77,2158.80,2247.90" sx="M,M,M,F"/><TAIKYOKU oya="0"/><INIT seed="0,0,0,0,3,26" ten="250,250,250,250" oya="0" hai0="78,27,134,43,128,65,94,90,79,123,50,130,111" hai1="51,96,93,67,20,61,115,109,62,116,66,97,99" hai2="1,82,22,30,18,101,54,80,124,126,69,72,11" hai3="8,9,84,89,122,106,12,29,48,32,40,68,119"/><T0/><D0/><U25/><E109/><V98/><F69/><W34/><G119/><T110/><D65/><U73/><E73/><V10/><F54/><W44/><G106/><T117/><D117/><U131/><E116/><V49/><F49/><W52/><G122/><T16/><D123/><U57/><E131/><N who="0" m="50217" /><D134/><U132/><E51/><V17/><F72/><W83/><G68/><T33/><D43/><U133/><E115/><V56/><F56/><W121/><G121/><T105/><D105/><U37/><E37/><V38/><F38/><W15/><G40/><T125/><D50/><U45/><E45/><V129/><F129/><W59/><G59/><T108/><D125/><N who="2" m="48234" /><F82/><W87/><G87/><N who="0" m="52575" /><D33/><U19/><E62/><V74/><F80/><W39/><G39/><T71/><D71/><U58/><E58/><V5/><F74/><W28/><G34/><T91/><D91/><U64/><REACH who="1" step="1"/><E93/><REACH who="1" ten="250,240,250,250" step="2"/><V53/><F53/><AGARI ba="0,1" hai="19,20,25,53,57,61,64,66,67,96,97,99,132,133" machi="53" ten="40,2600,0" yaku="1,1,2,1,53,0" doraHai="26" doraHaiUra="24" who="1" fromWho="2" sc="250,0,240,36,250,-26,250,0" /><INIT seed="1,0,0,0,5,103" ten="250,276,224,250" oya="1" hai0="115,98,9,99,78,3,65,54,68,64,20,91,39" hai1="47,34,56,129,81,24,93,97,133,1,95,128,62" hai2="134,13,114,70,101,36,27,48,5,45,10,127,72" hai3="51,112,106,123,32,94,126,42,86,19,85,60,130"/><U74/><E1/><V90/><F72/><W113/><G32/><T105/><D115/><U124/><E124/><V33/><F114/><W92/><G126/><T16/><D39/><U0/><E0/><V30/><F70/><W31/><G123/><T15/><D78/><U96/><E47/><V102/><F127/><W61/><G31/><T58/><D68/><U84/><E74/><V116/><F116/><W43/><G51/><T111/><D111/><U35/><E133/><V75/><F75/><W50/><G50/><T21/><D3/><U8/><E8/><V73/><F73/><W100/><G100/><T110/><D105/><U12/><E12/><V6/><F6/><W108/><G19/><T55/><D55/><U38/><E38/><V25/><F36/><W79/><G79/><T37/><D37/><U22/><E35/><V57/><F57/><W63/><G63/><T131/><D131/><N who="1" m="50251" /><E34/><V14/><F14/><W135/><G130/><T46/><D46/><U132/><E132/><V4/><F27/><W104/><REACH who="3" step="1"/><G135/><REACH who="3" ten="250,276,224,240" step="2"/><T83/><D110/><AGARI ba="0,1" hai="42,43,60,61,85,86,92,94,104,106,108,110,112,113" machi="110" ten="25,12000,2" yaku="1,1,2,1,22,2,52,2,53,0" doraHai="103" doraHaiUra="40" who="3" fromWho="0" sc="250,-120,276,0,224,0,240,130" /><INIT seed="2,0,0,5,5,38" ten="130,276,224,370" oya="2" hai0="47,37,103,11,67,58,128,127,52,82,32,62,83" hai1="60,134,70,13,72,79,133,77,74,54,92,132,68" hai2="120,2,53,107,87,125,84,20,22,17,14,9,19" hai3="118,91,18,21,34,45,113,66,75,78,35,23,69"/><V55/><F120/><W26/><G118/><T12/><D32/><U65/><E92/><V123/><F123/><W46/><G113/><T8/><D127/><U100/><E100/><V30/><F107/><W111/><G111/><T28/><D128/><U50/><E13/><V76/><F125/><W101/><G101/><T43/><D103/><U126/><E126/><V112/><F112/><W81/><G46/><T86/><D28/><U31/><E31/><V3/><F30/><W36/><G66/><T106/><D106/><U89/><E89/><V99/><F14/><W85/><G69/><T122/><D122/><U131/><E131/><V1/><F1/><W108/><G23/><T117/><D117/><U96/><E96/><V10/><REACH who="2" step="1"/><F99/><REACH who="2" ten="130,276,214,370" step="2"/><W121/><G121/><T40/><D12/><U27/><E27/><V57/><F57/><W102/><G108/><T7/><D58/><N who="1" m="33111" /><E70/><V95/><F95/><W73/><G26/><T124/><D124/><U114/><E114/><V44/><F44/><W51/><G45/><T116/><D47/><U88/><E68/><V25/><F25/><W104/><G104/><T49/><D116/><U93/><E93/><V48/><F48/><W97/><G51/><T98/><D98/><U5/><E134/><V59/><F59/><W80/><G97/><T29/><D49/><U0/><E133/><V39/><F39/><W90/><G36/><T4/><D37/><U64/><E0/><V94/><F94/><W33/><G102/><T6/><D29/><U63/><E132/><V130/><F130/><W16/><G35/><T56/><D56/><RYUUKYOKU ba="0,1" sc="130,-10,276,-10,214,30,370,-10" hai2="2,3,9,10,17,19,20,22,53,55,76,84,87" /><INIT seed="2,1,1,2,0,112" ten="120,266,244,360" oya="2" hai0="101,62,122,123,103,7,54,126,4,85,71,111,86" hai1="3,135,34,89,52,125,36,16,64,84,75,65,46" hai2="118,128,114,45,41,47,22,120,13,39,95,104,55" hai3="53,91,119,37,19,105,58,10,94,9,102,77,76"/><V132/><F114/><W15/><G37/><T2/><D2/><U79/><E34/><V35/><F35/><W108/><G108/><T83/><D71/><U116/><E116/><V99/><F104/><W51/><G119/><T106/><D62/><U82/><E3/><V73/><F73/><W40/><G40/><T133/><D54/><U38/><E125/><V117/><F120/><W109/><G109/><T17/><D17/><U48/><E135/><V78/><F78/><W50/><G102/><T56/><D56/><U130/><E130/><V127/><F127/><W61/><G105/><T24/><D24/><U110/><E110/><V26/><F13/><W14/><G77/><T87/><D111/><U97/><E97/><V44/><F128/><W49/><G76/><T60/><D60/><U42/><E38/><V18/><F47/><W12/><REACH who="3" step="1"/><G10/><REACH who="3" ten="120,266,244,350" step="2"/><T80/><D106/><U11/><E42/><V30/><F132/><W1/><G1/><T5/><D133/><U90/><E36/><V113/><F113/><W93/><G93/><T66/><D126/><U25/><E11/><V59/><F30/><W67/><G67/><N who="1" m="25674" /><E75/><V98/><F45/><W6/><G6/><T27/><D66/><U129/><E129/><V107/><F107/><W134/><G134/><T124/><D124/><U23/><AGARI ba="1,2" hai="16,23,25,46,48,52,79,82,84,89,90" m="25674" machi="23" ten="30,4000,0" yaku="8,1,54,2" doraHai="112" who="1" fromWho="1" sc="120,-11,266,63,244,-21,350,-11" /><INIT seed="3,0,0,3,1,74" ten="109,329,223,339" oya="3" hai0="115,97,125,76,91,53,116,98,10,109,107,9,131" hai1="56,83,62,54,135,84,24,111,16,110,95,99,30" hai2="35,113,65,51,101,114,108,126,18,44,79,6,39" hai3="20,80,119,93,112,0,68,118,122,28,61,32,42"/><W103/><G112/><T38/><D38/><U43/><E135/><V46/><F35/><W73/><G122/><T89/><D53/><U123/><E123/><V60/><F108/><W127/><G127/><T129/><D115/><U21/><E43/><V72/><F126/><W87/><G0/><T104/><D125/><U36/><E36/><V31/><F31/><W90/><G42/><T50/><D50/><U48/><E48/><V8/><F101/><W22/><G22/><T63/><D63/><U124/><E124/><V130/><F18/><W100/><G32/><T49/><D49/><U121/><E30/><V88/><F46/><W14/><G103/><T105/><D116/><U29/><E29/><V134/><F39/><W7/><G7/><T11/><D76/><N who="1" m="46183" /><E121/><V71/><F130/><N who="0" m="49674" /><D109/><U96/><E96/><AGARI ba="0,0" hai="9,10,11,89,91,96,97,98,104,105,107" m="49674" machi="96" ten="40,5200,0" yaku="28,2,19,1" doraHai="74" who="0" fromWho="1" sc="109,52,329,-52,223,0,339,0" /><INIT seed="4,0,0,0,5,89" ten="161,277,223,339" oya="0" hai0="119,71,3,53,46,57,86,112,73,92,2,88,107" hai1="67,134,58,99,20,6,43,52,75,10,22,47,77" hai2="19,120,70,49,48,15,18,40,23,100,1,11,41" hai3="27,32,118,124,95,63,94,37,34,21,84,12,113"/><T96/><D119/><U50/><E134/><V111/><F70/><W91/><G118/><T45/><D71/><U109/><E109/><V90/><F111/><W4/><G37/><T102/><D112/><U25/><E67/><V44/><F120/><W8/><G113/><T105/><D73/><U81/><E25/><V54/><F100/><W35/><G124/><T31/><D31/><U65/><E65/><V101/><F101/><W59/><G95/><T29/><D29/><U74/><E99/><V79/><F79/><W30/><REACH who="3" step="1"/><G35/><REACH who="3" ten="161,277,223,329" step="2"/><T125/><D125/><U60/><REACH who="1" step="1"/><E75/><REACH who="1" ten="161,267,223,329" step="2"/><V97/><F1/><AGARI ba="0,2" hai="1,6,10,20,22,43,47,50,52,58,60,74,77,81" machi="1" ten="30,7700,0" yaku="1,1,2,1,7,1,54,1,53,0" doraHai="89" doraHaiUra="135" who="1" fromWho="2" sc="161,0,267,97,223,-77,329,0" /><INIT seed="5,0,0,3,4,2" ten="161,364,146,329" oya="1" hai0="127,22,57,20,76,79,12,4,26,113,126,67,35" hai1="50,52,19,133,134,34,33,54,10,8,96,124,21" hai2="37,48,36,103,15,53,112,47,6,3,125,88,65" hai3="60,17,7,75,77,66,94,114,40,72,45,78,70"/><U128/><E96/><V0/><F125/><N who="0" m="47626" /><D67/><U63/><E124/><V95/><F112/><W43/><G114/><T122/><D57/><U29/><E63/><V100/><F65/><W91/><G77/><T97/><D97/><U30/><E50/><V14/><F0/><W99/><G17/><T89/><D89/><U116/><E116/><V9/><F3/><W44/><G78/><T32/><D79/><U117/><E117/><V55/><F37/><W92/><G92/><T31/><D76/><U135/><E52/><N who="2" m="20043" /><F36/><W130/><G130/><T104/><D104/><U132/><E54/><N who="2" m="29983" /><F15/><W119/><G45/><T80/><D80/><U59/><E59/><V39/><F39/><W87/><G44/><T93/><D93/><U74/><E74/><V16/><F16/><W106/><G119/><T86/><D86/><AGARI ba="0,0" hai="6,9,14,86,88,95,100,103" m="29983,20043" machi="86" ten="30,7700,0" yaku="8,1,52,1,54,2" doraHai="2" who="2" fromWho="0" sc="161,-77,364,0,146,77,329,0" /><INIT seed="6,0,0,4,5,24" ten="84,364,223,329" oya="2" hai0="111,93,29,130,40,47,81,73,12,105,69,134,127" hai1="90,42,70,94,76,62,61,22,83,9,80,129,87" hai2="67,54,17,13,1,39,102,101,135,10,44,27,88" hai3="117,51,119,71,57,58,11,103,34,2,20,91,125"/><V23/><F135/><W114/><G34/><T41/><D105/><U98/><E129/><V100/><F67/><W33/><G33/><T84/><D69/><U25/><E70/><V21/><F1/><W28/><G71/><T56/><D111/><U124/><E124/><V19/><F39/><W92/><G125/><T131/><D134/><U49/><E9/><V115/><F115/><W126/><G103/><T45/><D127/><U53/><E42/><V26/><F88/><W107/><G107/><T118/><D118/><U52/><E53/><V63/><F63/><W122/><G122/><T85/><D12/><U35/><E35/><V30/><F54/><W5/><G126/><T7/><D73/><U74/><E74/><V104/><F104/><W133/><G133/><T108/><D7/><U31/><E83/><V86/><F86/><W65/><G114/><T15/><D15/><U64/><E64/><V128/><REACH who="2" step="1"/><F44/><AGARI ba="0,0" hai="22,25,31,44,49,52,61,62,76,80,87,90,94,98" machi="44" ten="30,7700,0" yaku="7,1,8,1,52,1,54,1" doraHai="24" who="1" fromWho="2" sc="84,0,364,77,223,-77,329,0" /><INIT seed="7,0,0,0,4,16" ten="84,441,146,329" oya="3" hai0="61,45,69,113,88,20,5,125,103,116,49,72,37" hai1="39,44,129,19,9,68,24,26,48,78,74,70,99" hai2="56,63,112,23,109,106,50,14,124,57,28,135,47" hai3="31,87,7,59,93,66,132,4,30,118,25,119,94"/><W86/><G59/><T65/><D116/><U54/><E129/><V15/><F106/><W75/><G75/><T84/><D72/><U79/><E39/><V90/><F109/><W34/><G34/><T12/><D125/><U130/><E130/><V64/><F112/><W126/><G25/><T91/><D113/><U100/><E78/><V131/><F135/><W95/><G132/><T77/><D103/><U11/><E11/><V53/><F124/><W62/><G126/><T40/><D5/><U10/><E10/><V107/><F107/><W133/><G133/><T13/><D13/><U96/><E96/><V134/><F134/><W3/><G95/><T21/><D37/><U101/><E101/><V82/><F131/><W76/><G76/><T2/><D2/><U89/><E89/><V73/><F73/><W80/><G62/><T55/><D40/><U98/><E98/><V51/><F90/><W108/><G66/><T123/><D123/><U127/><E26/><N who="2" m="16479" /><F82/><W105/><G105/><T17/><REACH who="0" step="1"/><D21/><REACH who="0" ten="74,441,146,329" step="2"/><U114/><E127/><V6/><F6/><W115/><G115/><T0/><D0/><U104/><E114/><V110/><F110/><W41/><G3/><T111/><D111/><U18/><E74/><V122/><F122/><W32/><G108/><T121/><D121/><U58/><E100/><V83/><F14/><W71/><G32/><T1/><D1/><U128/><E128/><V52/><F15/><W29/><G41/><T22/><D22/><U117/><E117/><V42/><F42/><W46/><G119/><T36/><D36/><U35/><E35/><RYUUKYOKU ba="0,1" sc="74,15,441,-15,146,15,329,-15" hai0="12,17,20,45,49,55,61,65,69,77,84,88,91" hai2="47,50,51,52,53,56,57,63,64,83" owari="89,-41.1,436,53.6,161,-23.9,314,11.4" /></mjloggm>