<mjloggm ver="2.3"><GO type="169" lobby="0"/><UN n0="%E4%BA%8C%E9%9A%8E%E5%A0%82%E7%9C%9F%E7%B4%85%E3%81%A1%E3%82%83%E3%82%93" n1="%79%6D%6C%73%67%61%6D%65" n2="%70%6F%6E%2D%65%6E" n3="%E3%83%AD%E3%83%99%E3%83%AB%E3%82%BF%E3%81%95%E3%82%93%EF%BC%A0" dan="16,16,16,16" rate="2155.12,2144.52,2193.75,2129.64" sx="M,F,F,F"/><TAIKYOKU oya="0"/><INIT seed="0,0,0,1,3,35" ten="250,250,250,250" oya="0" hai0="38,29,69,31,127,60,3,65,2,108,51,121,66" hai1="70,9,20,43,58,64,112,107,105,56,123,68,14" hai2="47,134,21,23,40,28,96,95,104,85,11,78,37" hai3="103,101,109,10,75,22,132,118,99,80,32,42,30"/><T135/><D121/><U13/><E123/><V130/><F130/><W4/><G109/><T33/><D127/><U115/><E20/><V87/><F134/><W120/><G103/><T36/><D135/><U7/><E7/><V27/><F104/><W122/><G22/><T54/><D108/><U39/><E43/><V44/><F44/><W102/><G102/><T111/><D111/><U48/><E48/><V17/><F11/><W76/><G42/><T94/><D94/><U34/><E34/><V52/><F78/><W116/><G132/><T114/><D114/><U6/><E6/><V71/><F71/><W90/><G90/><T133/><D66/><U61/><E61/><V91/><REACH who="2" step="1"/><F52/><REACH who="2" ten="250,250,240,250" step="2"/><W93/><G120/><T67/><D133/><U77/><E77/><V89/><F89/><W18/><G122/><T100/><D67/><U129/><E9/><V57/><F57/><W12/><G4/><T86/><D100/><U55/><E64/><V19/><F19/><W119/><G119/><T59/><D31/><U106/><E106/><V128/><F128/><W83/><G30/><T88/><D29/><U8/><E8/><V92/><F92/><W124/><G93/><T73/><D88/><U26/><E55/><V126/><F126/><W62/><G124/><T110/><D110/><U53/><E53/><V72/><F72/><W113/><G75/><T0/><D73/><U84/><E129/><V5/><F5/><W63/><G118/><T131/><D131/><U125/><E125/><V74/><F74/><W82/><G116/><T15/><D69/><U41/><E107/><RYUUKYOKU ba="0,1" sc="250,-10,250,-10,240,30,250,-10" hai2="17,21,23,27,28,37,40,47,85,87,91,95,96" /><INIT seed="1,1,1,5,2,79" ten="240,240,270,240" oya="1" hai0="98,41,8,49,44,34,45,78,60,109,102,85,104" hai1="129,63,48,90,124,83,119,72,99,53,11,12,64" hai2="57,128,110,87,131,27,125,89,33,37,77,94,15" hai3="7,116,30,28,55,80,111,9,69,106,71,130,14"/><U73/><E119/><V122/><F122/><W47/><G111/><T121/><D34/><U91/><E129/><V93/><F110/><W31/><G130/><T134/><D134/><U59/><E124/><V23/><F37/><W54/><G106/><T112/><D109/><U19/><E99/><V105/><F105/><W100/><G100/><T3/><D112/><U118/><E118/><V16/><F125/><W135/><G135/><T120/><D60/><U38/><E38/><V43/><F43/><W32/><G32/><T56/><D56/><U25/><E25/><V117/><F117/><W70/><G116/><T66/><D66/><U67/><E67/><V133/><F133/><W18/><G47/><T81/><REACH who="0" step="1"/><D45/><REACH who="0" ten="230,240,270,240" step="2"/><U46/><REACH who="1" step="1"/><E91/><REACH who="1" ten="230,230,270,240" step="2"/><V52/><F128/><W113/><G113/><T76/><D76/><U1/><E1/><V86/><F131/><W10/><G71/><T115/><D115/><U62/><E62/><V126/><F126/><W40/><G70/><T17/><D17/><U20/><E20/><V65/><F77/><W114/><G69/><T42/><D42/><U95/><E95/><V26/><F65/><W35/><G40/><T75/><D75/><U132/><E132/><V13/><F33/><W92/><G114/><T107/><D107/><U84/><AGARI ba="1,3" hai="11,12,19,46,48,53,59,63,64,72,73,83,84,90" machi="84" ten="30,18000,2" yaku="1,1,0,1,25,2,52,1,53,1" doraHai="79" doraHaiUra="51" who="1" fromWho="1" sc="230,-61,230,213,270,-61,240,-61" /><INIT seed="1,2,0,1,4,75" ten="169,443,209,179" oya="1" hai0="17,80,90,18,46,61,4,53,43,125,122,74,131" hai1="128,5,20,15,38,16,41,29,119,3,84,100,69" hai2="89,121,133,57,54,73,31,58,1,39,48,117,64" hai3="82,87,30,13,97,130,111,114,60,19,124,28,27"/><U62/><E119/><V88/><F117/><W14/><G111/><T115/><D115/><U105/><E128/><V93/><F121/><W106/><G124/><T72/><D72/><U77/><E29/><V44/><F133/><W9/><G114/><T129/><D4/><U107/><E100/><V71/><F1/><W95/><G106/><T91/><D91/><U2/><E38/><V51/><F73/><W78/><G130/><T25/><D25/><U49/><E41/><V12/><F31/><W120/><G120/><T8/><D125/><U109/><E109/><V110/><F110/><W24/><G30/><T52/><D18/><U70/><E49/><V40/><F12/><W94/><G28/><T86/><D74/><U34/><E34/><V35/><F35/><W113/><G95/><T116/><D116/><U7/><E62/><N who="2" m="40343" /><F93/><W26/><G113/><T66/><D122/><U0/><E105/><V134/><F134/><W21/><G60/><T32/><D32/><U99/><E7/><V112/><F112/><W96/><REACH who="3" step="1"/><G94/><REACH who="3" ten="169,443,209,169" step="2"/><T10/><D131/><U132/><E132/><V67/><F67/><W102/><G102/><T76/><D66/><U108/><E108/><V50/><F58/><W45/><G45/><T79/><D129/><U118/><E118/><V6/><F57/><W127/><G127/><T36/><D61/><U63/><E63/><V59/><F59/><W42/><G42/><T11/><REACH who="0" step="1"/><D17/><AGARI ba="2,1" hai="9,13,14,17,19,21,24,26,27,78,82,87,96,97" machi="17" ten="40,5200,0" yaku="1,1,8,1,52,1,53,0" doraHai="75" doraHaiUra="101" who="3" fromWho="0" sc="169,-58,443,0,209,0,169,68" /><INIT seed="2,0,0,4,0,49" ten="111,443,209,237" oya="2" hai0="33,8,52,120,44,62,58,30,23,114,90,55,96" hai1="80,1,74,25,20,89,106,118,18,100,28,3,59" hai2="111,83,97,110,60,24,16,125,10,128,40,108,94" hai3="113,38,46,15,57,87,12,93,26,85,39,84,50"/><V115/><F115/><W117/><G117/><T121/><D33/><U27/><E118/><V104/><F128/><W81/><G113/><T112/><D112/><U132/><E132/><V48/><F125/><W6/><G57/><T31/><D114/><U109/><E109/><V66/><F104/><W67/><G67/><T36/><D36/><U51/><E89/><V70/><F83/><W2/><G2/><T122/><D8/><U73/><E100/><V92/><F97/><W91/><G26/><T88/><D23/><U43/><E106/><V71/><F71/><W79/><G85/><T65/><D90/><U134/><E134/><V78/><F78/><W63/><G63/><T124/><D124/><U14/><E27/><V123/><F123/><W53/><G6/><T131/><D131/><U133/><E133/><V41/><F41/><W107/><G107/><T127/><D127/><U42/><E42/><V119/><F119/><W82/><G93/><T75/><D75/><U22/><E43/><V68/><F68/><W35/><G35/><T5/><D5/><U29/><E29/><V45/><F10/><W98/><G98/><T32/><D32/><U72/><E80/><V95/><F95/><W34/><G34/><T86/><D96/><U7/><E7/><V77/><F77/><W101/><G101/><T37/><D37/><U13/><E13/><V4/><F4/><W102/><G102/><T99/><D99/><U47/><E1/><V21/><AGARI ba="0,0" hai="16,21,24,40,45,48,60,66,70,92,94,108,110,111" machi="21" ten="40,12000,1" yaku="0,1,14,1,10,1,54,1" doraHai="49" who="2" fromWho="2" sc="111,-40,443,-40,209,120,237,-40" /><INIT seed="2,1,0,5,4,109" ten="71,403,329,197" oya="2" hai0="102,135,86,44,36,4,81,77,126,18,74,114,60" hai1="8,103,42,7,108,120,26,76,104,111,43,125,2" hai2="131,112,31,116,133,91,48,50,65,75,117,6,9" hai3="45,98,25,69,29,78,30,34,33,132,39,13,113"/><V27/><F75/><W54/><G132/><T0/><D86/><U130/><E130/><V14/><F65/><W19/><G69/><T96/><D18/><U59/><E125/><V11/><F91/><W89/><G78/><T16/><D16/><U52/><E76/><V129/><F50/><W127/><G127/><T101/><D126/><U122/><E26/><V68/><F48/><W67/><G67/><T22/><D22/><U21/><E21/><N who="2" m="15855" /><F68/><W15/><G15/><T121/><D102/><U23/><E23/><V123/><F123/><N who="1" m="47145" /><E103/><V100/><F100/><W49/><G39/><T94/><D60/><N who="1" m="35943" /><E104/><V38/><F38/><W66/><G66/><T80/><D135/><U128/><E128/><N who="2" m="49227" /><F133/><W35/><G98/><T62/><D62/><U47/><E43/><V72/><F72/><W99/><G99/><T124/><D124/><U20/><E20/><V58/><F58/><W92/><G89/><T71/><D71/><U56/><E56/><V40/><F40/><W61/><G61/><T82/><D121/><U118/><E118/><N who="2" m="45675" /><F11/><W37/><G37/><AGARI ba="1,0" hai="2,7,8,37,42,47,108,111" m="35943,47145" machi="37" ten="30,2000,0" yaku="13,1,54,1" doraHai="109" who="1" fromWho="3" sc="71,0,403,23,329,0,197,-23" /><INIT seed="3,0,0,4,5,135" ten="71,426,329,174" oya="3" hai0="60,117,14,103,26,41,44,52,19,100,127,43,129" hai1="72,42,16,69,107,111,3,76,62,15,65,67,110" hai2="91,8,94,98,86,116,68,55,90,0,2,85,17" hai3="10,36,61,31,87,97,51,78,37,35,59,30,20"/><W24/><G51/><T83/><D117/><U99/><E3/><V89/><F116/><W7/><G97/><T81/><D129/><U47/><E67/><V48/><F68/><W40/><G40/><T108/><D108/><N who="1" m="41515" /><E76/><V70/><F70/><W121/><G121/><T56/><D26/><U95/><E107/><V21/><F2/><W101/><G101/><T118/><D118/><U75/><E95/><V120/><F8/><W57/><G57/><T80/><D127/><U58/><E99/><V133/><F0/><W131/><G131/><T92/><D92/><U29/><E29/><V113/><F133/><W22/><G87/><N who="2" m="33289" /><F113/><W109/><G78/><T63/><D63/><U132/><E69/><V84/><F120/><W13/><G109/><T11/><REACH who="0" step="1"/><D43/><REACH who="0" ten="61,426,329,174" step="2"/><U122/><E132/><V39/><F98/><W54/><G35/><T9/><D9/><N who="1" m="6255" /><E122/><V93/><F93/><W53/><G53/><T32/><D32/><U112/><E112/><V5/><F94/><W33/><G33/><T102/><D102/><U82/><E82/><V105/><F55/><W79/><G61/><T115/><D115/><U66/><E66/><V49/><F91/><W88/><G54/><T106/><D106/><U96/><E96/><V74/><F90/><W126/><G88/><T18/><D18/><U28/><E28/><V125/><F105/><W6/><G31/><T124/><D124/><U45/><E42/><V23/><F125/><W128/><G30/><T25/><D25/><U114/><E114/><V130/><F89/><W71/><G24/><T27/><D27/><U104/><E104/><RYUUKYOKU ba="0,1" sc="61,15,426,15,329,-15,174,-15" hai0="11,14,19,41,44,52,56,60,80,81,83,100,103" hai1="45,47,58,62,65,72,75" /><INIT seed="4,1,1,1,1,53" ten="76,441,314,159" oya="0" hai0="79,110,111,128,63,54,64,98,1,47,109,100,118" hai1="55,58,68,83,66,9,70,14,8,44,2,92,72" hai2="19,88,104,103,29,12,0,75,42,10,112,38,61" hai3="21,40,101,114,135,69,126,97,85,52,36,15,87"/><T107/><D118/><U131/><E2/><V6/><F112/><W34/><G114/><T91/><D1/><U41/><E131/><V99/><F75/><W20/><G135/><T74/><D54/><U81/><E92/><V67/><F29/><W11/><G69/><T23/><D23/><U116/><E116/><V22/><F38/><W89/><G34/><T46/><D128/><U86/><E72/><V33/><F42/><W30/><G87/><T3/><D3/><U119/><E119/><V122/><F122/><W117/><G30/><T84/><D79/><U80/><E86/><V49/><F49/><W129/><G126/><T50/><D50/><U17/><E9/><V127/><F127/><W77/><G77/><T121/><D121/><U13/><E13/><V78/><F78/><W32/><G32/><T123/><D123/><U57/><E66/><V96/><F33/><W59/><G40/><T51/><D51/><N who="1" m="27023" /><E68/><V95/><F61/><W18/><G36/><T25/><D25/><U71/><E70/><V90/><F67/><W106/><G117/><T4/><D4/><U28/><E71/><V26/><F0/><W24/><G24/><T65/><D74/><U133/><E133/><V108/><F108/><N who="0" m="27650" /><T132/><DORA hai="31" /><D132/><U5/><E5/><V76/><REACH who="2" step="1"/><F76/><REACH who="2" ten="76,441,304,159" step="2"/><W45/><G129/><T43/><D43/><U124/><E124/><V7/><F7/><W120/><G120/><T27/><D65/><U130/><E130/><V102/><AGARI ba="1,2" hai="6,10,12,19,22,26,88,90,95,96,99,102,103,104" machi="102" ten="20,12000,2" yaku="1,1,0,1,7,1,54,1,53,2" doraHai="53,31" doraHaiUra="113,93" who="2" fromWho="2" sc="76,-61,441,-31,304,143,159,-31" /><INIT seed="5,0,0,0,0,2" ten="15,410,447,128" oya="1" hai0="33,103,24,84,68,66,52,40,58,53,95,50,120" hai1="46,112,118,6,130,0,91,10,113,30,122,119,36" hai2="27,74,101,17,26,97,86,129,96,34,56,8,15" hai3="124,16,79,77,49,70,73,126,9,54,62,132,23"/><U115/><E130/><V4/><F74/><W61/><G9/><T88/><D120/><U104/><E91/><V57/><F129/><W3/><G3/><T51/><D68/><U128/><E128/><V93/><F34/><W109/><G132/><T121/><D121/><U117/><E104/><V31/><F31/><W71/><G109/><T92/><D66/><U37/><E46/><V44/><F44/><N who="3" m="27943" /><G71/><T65/><D65/><U85/><E85/><V13/><F97/><W100/><G100/><T123/><D40/><U78/><E78/><N who="3" m="29706" /><G73/><T48/><D123/><U80/><E80/><V107/><F86/><W116/><G70/><T43/><D43/><U32/><E122/><V94/><F94/><W14/><G116/><T127/><D127/><AGARI ba="0,0" hai="14,16,23,61,62,124,126,127" m="29706,27943" machi="127" ten="30,2000,0" yaku="18,1,54,1" doraHai="2" who="3" fromWho="0" sc="15,-20,410,0,447,0,128,20" owari="-5,-50.5,410,21.0,447,54.7,148,-25.2" /></mjloggm>