<mjloggm ver="2.3"><GO type="169" lobby="0"/><UN n0="%40%75" n1="%E8%8B%B1%E5%9B%BD%E5%A3%B2%E5%8D%B4" n2="%E5%A4%A7%E4%BB%81%E7%94%B0%E8%96%84" n3="%E3%82%80%E3%81%97%E6%AD%AF" dan="17,17,17,17" rate="2193.19,2219.52,2186.02,2170.51" sx="F,M,M,M"/><TAIKYOKU oya="0"/><INIT seed="0,0,0,2,4,70" ten="250,250,250,250" oya="0" hai0="26,123,75,79,110,101,127,24,5,95,38,20,0" hai1="61,76,94,102,60,64,30,57,28,35,50,83,32" hai2="74,62,31,22,128,48,23,33,100,12,120,25,47" hai3="80,15,10,130,3,93,39,58,116,21,66,42,40"/><T91/><D123/><U132/><E132/><V77/><F120/><W13/><G116/><T16/><D127/><U46/><E61/><V18/><F128/><W6/><G130/><T2/><D101/><U131/><E131/><V134/><F134/><W118/><G118/><T89/><D110/><U97/><E35/><V121/><F121/><W36/><G93/><T1/><D5/><U59/><E59/><V8/><F100/><W34/><G34/><T11/><D11/><U17/><E17/><V45/><F45/><W29/><G80/><T87/><D91/><U106/><E32/><V119/><F119/><W53/><G66/><T9/><D9/><U86/><REACH who="1" step="1"/><E106/><REACH who="1" ten="250,240,250,250" step="2"/><V44/><F44/><W114/><G29/><T65/><D65/><U49/><E49/><V108/><F108/><W67/><G67/><T124/><D124/><U71/><E71/><V107/><F107/><W43/><G114/><T68/><D68/><U122/><E122/><V81/><REACH who="2" step="1"/><F62/><REACH who="2" ten="250,240,240,250" step="2"/><W111/><G111/><T72/><D24/><U7/><E7/><V109/><F109/><W103/><G6/><T63/><D63/><U78/><E78/><V96/><F96/><W99/><G99/><T112/><D79/><U69/><E69/><V27/><F27/><W84/><G103/><T88/><D26/><U4/><E4/><V98/><F98/><W19/><G19/><T115/><D16/><U51/><E51/><V54/><AGARI ba="0,2" hai="8,12,18,22,23,25,31,33,47,48,54,74,77,81" machi="54" ten="20,5200,0" yaku="1,1,0,1,7,1,53,1" doraHai="70" doraHaiUra="73" who="2" fromWho="2" sc="250,-26,240,-13,240,72,250,-13" /><INIT seed="1,0,0,3,1,84" ten="224,227,312,237" oya="1" hai0="77,49,6,25,26,5,56,95,88,43,71,134,36" hai1="67,34,31,29,20,3,86,120,64,114,97,24,132" hai2="127,45,133,57,119,110,9,41,10,76,2,53,30" hai3="21,78,101,40,51,79,44,55,74,94,22,69,129"/><U125/><E114/><V32/><F119/><W98/><G69/><T17/><D71/><U39/><E120/><V99/><F110/><W73/><G129/><T11/><D134/><U93/><E132/><V91/><F127/><W100/><G100/><T107/><D107/><U35/><E39/><V50/><F133/><W130/><G130/><T42/><D36/><U52/><E125/><V65/><F65/><N who="1" m="25161" /><E3/><V106/><F76/><N who="3" m="29227" /><G74/><T92/><D77/><U124/><E35/><V37/><F2/><W83/><G73/><T4/><D95/><U61/><E34/><V108/><F108/><W112/><G112/><T89/><D56/><N who="1" m="34951" /><E86/><V85/><F30/><W63/><G83/><T47/><D43/><U115/><E115/><V7/><F32/><W121/><G121/><T38/><D38/><U27/><E124/><V111/><F111/><W104/><G104/><T105/><D105/><U126/><E126/><V54/><F54/><W75/><G75/><T82/><D82/><U90/><E27/><N who="0" m="10249" /><D92/><U23/><E23/><V118/><F118/><W59/><AGARI ba="0,0" hai="21,22,40,44,51,55,59,63,94,98,101" m="29227" machi="59" ten="30,1100,0" yaku="8,1" doraHai="84" who="3" fromWho="3" sc="224,-3,227,-5,312,-3,237,11" /><INIT seed="2,0,0,1,5,133" ten="221,222,309,248" oya="2" hai0="75,11,83,62,60,40,38,68,106,115,33,86,15" hai1="26,24,2,70,5,44,124,46,31,107,98,32,109" hai2="89,79,132,65,36,47,125,45,110,57,112,71,128" hai3="13,99,59,120,116,122,43,64,78,14,29,126,3"/><V104/><F104/><W135/><G116/><T4/><D115/><U113/><E113/><V49/><F79/><W90/><G3/><T114/><D114/><U121/><E109/><V48/><F89/><W10/><G135/><T37/><D33/><U53/><E70/><V8/><F8/><W101/><G78/><T20/><D75/><U76/><E76/><V88/><F88/><W91/><G43/><T55/><D106/><U80/><E80/><V61/><F112/><W105/><G29/><T66/><D40/><U23/><E121/><V51/><F132/><W127/><G91/><T69/><D20/><U77/><E77/><V30/><F30/><W56/><G90/><T94/><D94/><U35/><E5/><V22/><F22/><W6/><G14/><T73/><D73/><U25/><E2/><V18/><F18/><W111/><G111/><T50/><D86/><U96/><E107/><V100/><F100/><W108/><G108/><T1/><D1/><U123/><E123/><N who="3" m="47146" /><G64/><T12/><D12/><U74/><E74/><V82/><F82/><W84/><G84/><T117/><D117/><U58/><E32/><V63/><F110/><W97/><G97/><N who="1" m="37482" /><E35/><V72/><F72/><W102/><G102/><T129/><D83/><U95/><E95/><V39/><F128/><W41/><G41/><T85/><D129/><U34/><E34/><V9/><F9/><W52/><G52/><T103/><D103/><U81/><E81/><V21/><F21/><W16/><G6/><T131/><D131/><U7/><E7/><V87/><F87/><W130/><G130/><RYUUKYOKU ba="0,0" sc="221,-10,222,-10,309,-10,248,30" hai3="10,13,16,56,59,99,101,105,126,127" /><INIT seed="3,1,0,2,4,9" ten="211,212,299,278" oya="3" hai0="51,121,66,63,27,26,95,100,68,3,83,85,69" hai1="135,134,89,6,46,22,84,74,78,17,41,105,45" hai2="55,91,56,127,120,43,14,18,0,112,59,106,24" hai3="47,52,76,38,79,62,115,40,57,132,130,111,50"/><W1/><G115/><T101/><D121/><U34/><E34/><V126/><F0/><W2/><G130/><T19/><D3/><U70/><E70/><V102/><F112/><W104/><G132/><N who="1" m="50730" /><E105/><V94/><F43/><W8/><G104/><T129/><D129/><U49/><E6/><V116/><F24/><W131/><G131/><T88/><D68/><U35/><E35/><V67/><F116/><W30/><G111/><T25/><D51/><U77/><E46/><V124/><F120/><W53/><G30/><T96/><REACH who="0" step="1"/><D19/><REACH who="0" ten="201,212,299,278" step="2"/><U118/><E118/><V4/><F18/><W65/><G1/><T16/><D16/><U114/><E114/><V80/><F126/><W75/><G75/><T81/><D81/><N who="1" m="49295" /><E74/><V86/><F80/><W128/><G128/><T73/><D73/><U117/><E117/><V64/><F127/><W36/><G36/><T12/><D12/><AGARI ba="1,1" hai="12,17,22,41,45,49,77,78" m="49295,50730" machi="12" ten="30,2000,0" yaku="20,1,52,1" doraHai="9" who="1" fromWho="0" sc="201,-23,212,33,299,0,278,0" /><INIT seed="4,0,0,2,5,27" ten="178,245,299,278" oya="0" hai0="70,123,88,115,4,15,76,22,77,127,125,106,67" hai1="80,89,110,93,50,94,131,99,37,96,73,11,74" hai2="66,32,82,69,36,33,113,34,128,57,100,29,122" hai3="12,1,103,104,121,54,40,25,126,114,105,20,107"/><T71/><D123/><U19/><E37/><V117/><F69/><N who="0" m="26122" /><D106/><U98/><E50/><V14/><F36/><W60/><G1/><T48/><D67/><U90/><E19/><V92/><F122/><W26/><G107/><T45/><D22/><U91/><E11/><V13/><F29/><W112/><G20/><T119/><D119/><U78/><E110/><V83/><F113/><W17/><G105/><T23/><D115/><U9/><E9/><V85/><F128/><W58/><G104/><T101/><D101/><U42/><E42/><V31/><F31/><W5/><G103/><T49/><D4/><U53/><E53/><V64/><F117/><W35/><G5/><T18/><D88/><N who="1" m="33899" /><E131/><V62/><F64/><W30/><G54/><N who="0" m="29967" /><D49/><U43/><E43/><V24/><F24/><W52/><G26/><T135/><D135/><U51/><E51/><V28/><F28/><W84/><G40/><T132/><D132/><U61/><E61/><V111/><F111/><W87/><G121/><T68/><N who="0" m="26130" /><T41/><DORA hai="39" /><D41/><U134/><E134/><V72/><F72/><N who="1" m="27753" /><E94/><V79/><F14/><W65/><G65/><T130/><D130/><U102/><N who="1" m="33907" /><U2/><DORA hai="124" /><E2/><V8/><F13/><W118/><G118/><T81/><D81/><U129/><E129/><V108/><F83/><W59/><G112/><T10/><D10/><U86/><AGARI ba="0,0" hai="78,80,86,93,96,98,99,102" m="27753,33907" machi="86" ten="40,12000,2" yaku="35,5,54,1" doraHai="27,39,124" who="1" fromWho="1" sc="178,-60,245,120,299,-30,278,-30" /><INIT seed="5,0,0,1,3,55" ten="118,365,269,248" oya="1" hai0="13,85,45,120,36,56,41,63,1,69,92,86,24" hai1="67,12,5,93,60,133,119,125,126,124,91,9,94" hai2="88,23,121,61,132,25,29,104,18,73,33,118,59" hai3="21,74,65,117,30,31,0,116,127,32,131,42,84"/><U40/><E119/><N who="3" m="45642" /><G74/><T20/><D1/><U83/><E40/><V79/><F118/><W134/><G0/><T4/><D120/><U90/><E133/><V58/><F121/><W47/><G134/><T76/><D69/><U6/><E6/><V35/><F104/><W48/><G32/><T112/><D112/><U52/><E52/><V37/><F37/><W10/><G127/><T109/><D109/><U44/><E44/><V34/><F132/><W64/><G10/><T43/><D43/><U122/><E122/><V39/><F39/><W16/><G84/><T100/><D13/><U111/><E111/><V89/><F29/><N who="3" m="10763" /><G131/><T66/><D4/><U28/><E28/><V26/><F26/><AGARI ba="0,0" hai="16,21,26,42,47,48,64,65" m="10763,45642" machi="26" ten="30,2000,0" yaku="12,1,54,1" doraHai="55" who="3" fromWho="2" sc="118,0,365,0,269,-20,248,20" /><INIT seed="6,0,0,2,1,125" ten="118,365,249,268" oya="2" hai0="69,35,10,72,70,104,126,14,53,6,98,82,73" hai1="24,45,18,20,42,83,131,34,67,5,57,123,133" hai2="46,118,11,109,60,121,13,43,96,111,51,8,135" hai3="26,78,29,97,93,30,28,32,41,25,110,62,124"/><V61/><F121/><W101/><G110/><N who="2" m="41993" /><F118/><W132/><G124/><T91/><D126/><U7/><E131/><V130/><F130/><W23/><G132/><T80/><D35/><U1/><E133/><V48/><F135/><W52/><G41/><T56/><D69/><U44/><E34/><V74/><F74/><W47/><G78/><T36/><D70/><U21/><E123/><V12/><F96/><W3/><G3/><T38/><D38/><U15/><E1/><V95/><F95/><W105/><G105/><T79/><D36/><U89/><E42/><V68/><F48/><W81/><G81/><T27/><D27/><U75/><E75/><V134/><F134/><W17/><REACH who="3" step="1"/><G47/><REACH who="3" ten="118,365,249,258" step="2"/><T108/><D108/><U100/><E45/><V107/><F107/><W85/><G85/><T86/><D80/><U84/><E44/><V0/><F0/><W31/><G31/><T22/><D22/><U127/><E21/><V128/><F128/><W106/><G106/><T99/><D104/><U9/><E127/><V102/><F68/><W114/><G114/><T117/><D117/><U120/><E120/><V4/><F102/><W40/><G40/><T103/><D103/><U33/><E100/><V129/><F129/><W64/><G64/><T88/><D73/><U63/><E33/><V19/><AGARI ba="0,1" hai="4,8,11,12,13,19,43,46,51,60,61" m="41993" machi="19" ten="30,1500,0" yaku="10,1" doraHai="125" who="2" fromWho="2" sc="118,-5,365,-5,249,25,258,-5" /><INIT seed="6,1,0,5,4,7" ten="113,360,274,253" oya="2" hai0="8,96,77,105,29,92,36,58,24,16,39,114,66" hai1="49,57,124,63,53,133,76,91,123,4,73,116,34" hai2="128,30,86,35,106,6,99,84,62,131,69,54,95" hai3="17,74,55,94,56,67,107,10,42,127,83,115,120"/><V15/><F106/><W90/><G120/><T19/><D114/><U5/><E116/><V41/><F41/><W72/><G107/><T78/><D105/><U125/><E123/><V79/><F30/><W68/><G127/><T46/><D39/><U85/><E34/><V2/><F2/><W61/><G42/><T135/><D135/><U100/><E100/><V117/><F35/><W102/><G102/><T109/><D109/><U21/><E133/><V0/><F0/><W43/><G43/><T70/><D70/><U11/><E76/><V13/><F117/><W14/><G83/><T37/><D37/><U25/><E73/><V22/><F15/><W118/><G115/><T33/><D46/><U87/><E49/><V75/><F75/><W38/><G38/><T134/><D36/><U52/><E53/><V108/><F79/><W47/><G47/><T45/><D45/><U28/><E5/><V89/><F108/><W129/><G129/><N who="2" m="49737" /><F22/><W71/><G71/><T40/><D40/><U122/><E122/><V1/><F1/><W112/><G112/><T50/><D134/><U93/><REACH who="1" step="1"/><E87/><REACH who="1" ten="113,350,274,253" step="2"/><V97/><F84/><W98/><REACH who="3" step="1"/><G118/><REACH who="3" ten="113,350,274,243" step="2"/><T119/><D119/><U60/><E60/><AGARI ba="1,2" hai="10,14,17,55,56,60,61,67,68,72,74,90,94,98" machi="60" ten="30,7700,0" yaku="1,1,2,1,7,1,52,1,53,0" doraHai="7" doraHaiUra="132" who="3" fromWho="1" sc="113,0,350,-80,274,0,243,100" /><INIT seed="7,0,0,4,1,8" ten="113,270,274,343" oya="3" hai0="29,0,111,2,18,112,55,39,89,115,108,48,123" hai1="40,57,23,78,52,93,125,19,103,121,28,84,30" hai2="71,85,133,70,60,129,16,15,135,120,10,117,68" hai3="127,82,65,81,9,37,6,119,7,42,24,97,13"/><W130/><G119/><T17/><D48/><U46/><E125/><V25/><F117/><W63/><G130/><T109/><D55/><U43/><E121/><V131/><F120/><W104/><G7/><T132/><D89/><N who="1" m="53415" /><E103/><V5/><F85/><W126/><G24/><T124/><D39/><U59/><E59/><V51/><F60/><W38/><G82/><T56/><D56/><U105/><E105/><V77/><F77/><W87/><G97/><T66/><D66/><U98/><E78/><V114/><F114/><N who="0" m="43562" /><D123/><U74/><E74/><V14/><F25/><W79/><G104/><T41/><D41/><N who="1" m="15947" /><E46/><V11/><F51/><W36/><G42/><T128/><D124/><N who="3" m="47657" /><G37/><T12/><D128/><AGARI ba="0,0" hai="5,10,11,14,15,16,68,70,71,128,129,131,133,135" machi="128" ten="50,8000,1" yaku="19,1,52,2,54,1" doraHai="8" who="2" fromWho="0" sc="113,-80,270,0,274,80,343,0" owari="33,-46.7,270,-13.0,354,45.4,343,14.3" /></mjloggm>