<mjloggm ver="2.3"><GO type="169" lobby="0"/><UN n0="%E3%83%97%E3%83%AC%E3%82%B9%E3%83%97" n1="%E3%81%9D%E3%82%93%E3%81%97%E6%A7%98" n2="%E3%81%9B%E3%81%A9%E3%81%AA%E3%82%8A%E3%81%82%E3%82%93" n3="%E3%83%A8%E3%83%BC%E3%83%BB%E3%83%9E%E3%82%A4%E3%82%AB" dan="16,17,17,17" rate="2163.48,2222.19,2211.87,2205.54" sx="M,M,F,M"/><TAIKYOKU oya="0"/><INIT seed="0,0,0,0,0,117" ten="250,250,250,250" oya="0" hai0="133,116,95,49,103,52,92,56,94,83,60,121,105" hai1="55,22,35,50,36,91,73,9,129,25,16,20,84" hai2="4,67,12,11,120,123,86,99,104,112,90,107,114" hai3="98,1,81,76,34,18,75,15,119,28,8,41,113"/><T62/><D116/><U79/><E129/><V61/><F112/><W7/><G119/><T57/><D133/><U46/><E36/><V115/><F115/><W102/><G113/><T48/><D121/><U47/><E35/><V128/><F128/><W33/><G28/><T45/><D105/><U74/><E79/><V77/><F77/><W72/><G72/><T59/><D103/><U64/><E64/><V97/><F107/><W29/><G29/><T89/><REACH who="0" step="1"/><D49/><REACH who="0" ten="240,250,250,250" step="2"/><U63/><E50/><V85/><F114/><W131/><G131/><T135/><D135/><U26/><E73/><V23/><F104/><W37/><G102/><T71/><D71/><U106/><E74/><V100/><F100/><W19/><G75/><T82/><D82/><U93/><E106/><V43/><F120/><W80/><G81/><T65/><D65/><U70/><E70/><V58/><F123/><W130/><G80/><T127/><D127/><U111/><E111/><V24/><F67/><W69/><G69/><T10/><D10/><U110/><E9/><V134/><F11/><W101/><G101/><T13/><D13/><U40/><E110/><V109/><F12/><W78/><G15/><T32/><D32/><U3/><E3/><V68/><F68/><W108/><G8/><T44/><D44/><U125/><E125/><V17/><F109/><W39/><G108/><T124/><D124/><U96/><E46/><V14/><F134/><W21/><G130/><T66/><D66/><U126/><E47/><V27/><F14/><W122/><G1/><T132/><D132/><U30/><E126/><RYUUKYOKU ba="0,1" sc="240,30,250,-10,250,-10,250,-10" hai0="45,48,52,56,57,59,60,62,83,89,92,94,95" /><INIT seed="0,1,1,4,1,12" ten="270,240,240,240" oya="0" hai0="124,36,37,91,123,88,29,115,90,48,68,34,28" hai1="113,122,23,98,99,74,2,9,84,89,27,134,33" hai2="53,101,72,52,102,119,54,17,3,64,21,114,69" hai3="7,51,4,11,103,1,104,125,132,58,77,116,32"/><T59/><D115/><U19/><E122/><V15/><F114/><W46/><G116/><T5/><D123/><U117/><E117/><V87/><F72/><W86/><G125/><T61/><D124/><U42/><E113/><V10/><F119/><W57/><G132/><T76/><D68/><U47/><E74/><V0/><F69/><W81/><G32/><T66/><D76/><U8/><E33/><V41/><F64/><W13/><G1/><T38/><D34/><U49/><E134/><V14/><F41/><W129/><G7/><T95/><D5/><U22/><E22/><V112/><F112/><W106/><G129/><T35/><D35/><U56/><E56/><V118/><F118/><W39/><G39/><T107/><D107/><U24/><E24/><V130/><F130/><W63/><G103/><T97/><REACH who="0" step="1"/><D48/><REACH who="0" ten="260,240,240,240" step="2"/><U93/><E2/><V43/><F3/><W111/><G111/><T50/><D50/><U127/><E127/><V73/><F0/><W92/><G106/><T133/><D133/><U83/><REACH who="1" step="1"/><E99/><REACH who="1" ten="260,230,240,240" step="2"/><V121/><F121/><W20/><G58/><T128/><D128/><U110/><E110/><V25/><F73/><W82/><G57/><T100/><AGARI ba="1,3" hai="28,29,36,37,38,59,61,66,88,90,91,95,97,100" machi="100" ten="40,7800,0" yaku="1,1,0,1,54,1,53,0" doraHai="12" doraHaiUra="131" who="0" fromWho="0" sc="260,111,230,-27,240,-27,240,-27" /><INIT seed="0,2,0,4,0,65" ten="371,203,213,213" oya="0" hai0="8,47,96,94,120,13,14,123,104,80,54,119,29" hai1="107,23,39,33,75,60,67,49,69,71,114,43,63" hai2="51,97,132,50,98,58,89,25,115,45,102,19,72" hai3="101,42,56,34,3,40,70,117,82,113,133,64,99"/><T131/><D119/><U18/><E107/><V127/><F72/><W53/><G117/><T126/><D126/><U4/><E75/><V125/><F115/><W10/><G113/><T12/><D131/><U6/><E114/><V2/><F2/><W22/><G133/><T37/><D104/><U86/><E33/><V95/><F132/><W48/><G34/><T7/><D29/><U66/><E39/><V16/><F58/><W87/><G22/><T68/><D80/><U112/><E112/><V28/><F125/><W116/><G116/><T78/><D78/><U85/><E49/><V135/><F135/><W11/><G64/><T38/><D68/><U130/><E43/><V52/><F50/><W24/><G24/><T15/><D54/><U79/><E130/><V122/><F122/><W55/><G53/><T110/><D110/><U88/><E79/><V5/><F5/><W134/><G70/><T81/><D81/><U31/><E31/><V0/><F0/><W30/><G30/><T128/><D128/><U41/><E41/><N who="3" m="15978" /><G3/><T84/><D84/><U17/><E23/><N who="2" m="15423" /><F127/><W74/><G74/><T100/><REACH who="0" step="1"/><D47/><REACH who="0" ten="361,203,213,213" step="2"/><U26/><E26/><V27/><F27/><W77/><G134/><T121/><AGARI ba="2,1" hai="7,8,12,13,14,15,37,38,94,96,100,120,121,123" machi="121" ten="40,7800,0" yaku="1,1,2,1,0,1,53,0" doraHai="65" doraHaiUra="32" who="0" fromWho="0" sc="361,94,203,-28,213,-28,213,-28" /><INIT seed="0,3,0,2,4,89" ten="455,175,185,185" oya="0" hai0="74,118,13,110,112,122,60,72,105,17,71,2,114" hai1="130,16,61,59,73,83,99,120,76,28,14,53,86" hai2="25,55,79,49,69,103,117,81,3,29,58,121,129" hai3="66,85,44,50,18,36,41,65,75,34,35,128,15"/><T96/><D118/><U134/><E130/><V80/><F121/><W70/><G128/><T27/><D122/><U39/><E134/><V9/><F129/><W97/><G75/><T46/><D2/><U131/><E131/><V43/><F69/><W8/><G36/><T135/><D135/><U123/><E39/><V23/><F117/><W98/><G35/><T111/><D27/><U33/><E73/><N who="0" m="28265" /><D46/><U47/><E47/><V26/><F43/><W62/><G34/><T48/><D48/><U68/><E68/><V40/><F40/><W57/><G70/><T19/><D60/><U21/><REACH who="1" step="1"/><E99/><REACH who="1" ten="455,165,185,185" step="2"/><N who="3" m="37898" /><G85/><T102/><D71/><U108/><E108/><N who="0" m="41513" /><D19/><U7/><E7/><V38/><F38/><W56/><G56/><T77/><D77/><U116/><E116/><V126/><F79/><W113/><G113/><T45/><D45/><U104/><E104/><V133/><F133/><W106/><G106/><T84/><D84/><U78/><E78/><V107/><F107/><W24/><G24/><AGARI ba="3,1" hai="14,16,21,24,28,33,53,59,61,76,83,86,120,123" machi="24" ten="40,2600,0" yaku="1,1,54,1,53,0" doraHai="89" doraHaiUra="87" who="1" fromWho="3" sc="455,0,165,45,185,0,185,-35" /><INIT seed="1,0,0,4,0,111" ten="455,210,185,150" oya="1" hai0="88,74,131,69,92,20,42,17,116,18,24,11,120" hai1="30,133,61,109,100,84,103,115,63,37,50,117,8" hai2="90,132,80,129,5,122,91,106,79,71,123,23,49" hai3="14,78,94,70,113,82,87,76,29,19,77,75,41"/><U127/><E117/><V58/><F71/><W21/><G70/><T39/><D116/><U55/><E37/><V60/><F106/><W85/><G41/><T125/><D69/><U81/><E115/><V16/><F5/><W34/><G75/><T107/><D107/><U13/><E30/><V66/><F129/><W3/><G3/><T108/><D131/><U64/><E133/><V128/><F128/><W28/><G113/><T40/><D108/><U33/><E33/><V38/><F38/><W68/><G68/><T126/><D74/><U118/><E127/><N who="0" m="48649" /><D39/><U99/><E64/><V32/><F32/><W45/><G45/><T124/><D120/><U43/><E43/><V27/><F132/><W102/><G34/><T57/><D57/><N who="1" m="33015" /><E118/><V4/><F4/><W6/><G6/><T119/><N who="0" m="48657" /><T44/><DORA hai="15" /><D44/><U51/><E109/><V7/><F7/><W54/><G54/><T95/><D95/><N who="1" m="58495" /><E103/><V48/><F122/><W53/><G53/><T12/><D119/><U134/><E134/><V101/><F101/><W10/><G102/><T104/><D104/><U1/><E1/><V35/><F35/><W25/><REACH who="3" step="1"/><G29/><REACH who="3" ten="455,210,185,140" step="2"/><T112/><D112/><U114/><E114/><V86/><F123/><W62/><G62/><T56/><D56/><U67/><E51/><AGARI ba="0,1" hai="16,23,27,48,49,51,58,60,66,79,80,86,90,91" machi="51" ten="40,5200,0" yaku="8,1,52,1,54,1" doraHai="111,15" who="2" fromWho="1" sc="455,0,210,-52,185,62,140,0" /><INIT seed="2,0,0,5,3,129" ten="455,158,247,140" oya="2" hai0="34,24,113,67,83,94,122,111,127,27,135,76,125" hai1="41,43,36,69,112,80,120,15,95,82,85,31,13" hai2="37,86,106,104,91,84,118,48,52,101,130,89,18" hai3="59,74,121,108,39,115,100,9,102,2,56,35,54"/><V78/><F118/><W124/><G35/><T11/><D122/><U26/><E112/><V105/><F37/><W44/><G121/><T99/><D113/><U19/><E69/><V25/><F130/><W107/><G115/><T114/><D114/><U81/><E120/><V72/><F72/><W103/><G108/><T63/><D111/><U12/><E19/><V79/><F101/><W8/><G124/><N who="0" m="47691" /><D135/><U128/><E128/><V6/><F6/><W65/><G74/><N who="0" m="43415" /><D11/><N who="3" m="4169" /><G107/><T119/><D34/><U131/><E131/><V17/><F25/><W45/><G2/><T29/><D29/><U40/><E95/><V132/><F106/><W70/><G70/><N who="0" m="42367" /><D119/><U46/><REACH who="1" step="1"/><E85/><REACH who="1" ten="455,148,247,140" step="2"/><V57/><F104/><W64/><G39/><T38/><D38/><U14/><N who="1" m="3072" /><DORA hai="61" /><U60/><E60/><V123/><F105/><W1/><G1/><T73/><D73/><U0/><E0/><V55/><F123/><W33/><G33/><AGARI ba="0,1" hai="26,31,33,36,40,41,43,46,80,81,82" m="3072" machi="33" ten="50,1600,0" yaku="1,1,53,0" doraHai="129,61" doraHaiUra="58,7" who="1" fromWho="3" sc="455,0,148,26,247,0,140,-16" /><INIT seed="3,0,0,4,2,88" ten="455,174,247,124" oya="3" hai0="131,58,2,26,60,93,39,73,97,130,126,72,64" hai1="70,83,129,18,135,29,42,68,106,15,101,96,85" hai2="89,40,112,108,116,23,76,94,122,28,57,4,65" hai3="3,92,75,123,25,46,79,132,81,6,49,103,74"/><W16/><G123/><T8/><D39/><U71/><E129/><N who="0" m="49161" /><D126/><U114/><E114/><V35/><F116/><W115/><G115/><T117/><D117/><U41/><E29/><V102/><F112/><W100/><G132/><T11/><D26/><U98/><E98/><V37/><F35/><W14/><G3/><T86/><D86/><U5/><E5/><V9/><F108/><W59/><G75/><N who="0" m="28747" /><D2/><U38/><E38/><V20/><F28/><W7/><G25/><T1/><D1/><U50/><E50/><V67/><F76/><W69/><G74/><T111/><D111/><U61/><E61/><V124/><F124/><W125/><G79/><T63/><D63/><U121/><E121/><V13/><F37/><W45/><G81/><T33/><D33/><U32/><E32/><V77/><F77/><W0/><G0/><T34/><D34/><U21/><REACH who="1" step="1"/><E135/><REACH who="1" ten="455,164,247,124" step="2"/><V119/><F122/><W66/><G125/><T27/><D27/><U36/><E36/><V128/><F119/><W22/><G7/><T52/><D64/><U24/><E24/><V47/><F128/><W12/><G6/><T48/><D48/><U31/><E31/><V90/><F67/><W127/><G127/><T19/><D19/><U91/><AGARI ba="0,1" hai="15,18,21,41,42,68,70,71,83,85,91,96,101,106" machi="91" ten="30,4000,0" yaku="1,1,0,1,53,1" doraHai="88" doraHaiUra="84" who="1" fromWho="1" sc="455,-10,164,50,247,-10,124,-20" /><INIT seed="4,0,0,1,4,98" ten="445,214,237,104" oya="0" hai0="61,55,29,22,132,25,19,13,110,3,93,28,20" hai1="70,79,63,100,11,97,41,47,62,36,117,52,31" hai2="40,76,1,88,8,116,34,16,91,10,114,68,83" hai3="50,60,122,4,94,37,118,127,85,74,71,80,89"/><T82/><D132/><U48/><E117/><V27/><F68/><W90/><G118/><T78/><D3/><U106/><E79/><V133/><F116/><W129/><G122/><T104/><D104/><U9/><E31/><V21/><F34/><W58/><G127/><T121/><D121/><U125/><E125/><V112/><F40/><W135/><G135/><T46/><D110/><U51/><E51/><V2/><F2/><W128/><G37/><T124/><D93/><U109/><E109/><V64/><F64/><W23/><G71/><T72/><D124/><U17/><E17/><V103/><F103/><W6/><G50/><T18/><D46/><U56/><E63/><V119/><F133/><W84/><G74/><T77/><D77/><U105/><E106/><V120/><F120/><W32/><G32/><T131/><D131/><U5/><E5/><N who="2" m="1071" /><F10/><W73/><G73/><T111/><D111/><U65/><AGARI ba="0,0" hai="9,11,36,41,47,48,52,56,62,65,70,97,100,105" machi="65" ten="30,8000,1" yaku="0,1,24,2,52,1,54,1" doraHai="98" who="1" fromWho="1" sc="445,-40,214,80,237,-20,104,-20" /><INIT seed="5,0,0,0,3,37" ten="405,294,217,84" oya="1" hai0="55,1,87,7,84,39,85,48,3,82,69,114,126" hai1="116,128,86,47,90,74,68,36,103,135,50,0,111" hai2="70,64,19,5,67,10,133,65,106,117,92,2,97" hai3="95,98,119,58,76,31,6,30,4,56,96,127,100"/><U134/><E116/><V53/><F117/><W33/><G127/><T71/><D39/><U14/><E0/><V62/><F133/><W60/><G119/><T105/><D105/><U75/><E128/><V8/><F106/><W63/><G33/><T51/><D126/><U89/><E68/><V104/><F104/><W16/><G95/><T13/><D82/><U73/><E36/><V26/><F53/><W59/><G76/><T129/><D129/><U34/><E34/><V24/><F24/><W49/><G49/><T40/><D13/><U131/><E131/><V79/><F79/><W81/><G81/><T18/><D18/><U35/><E35/><V88/><REACH who="2" step="1"/><F10/><REACH who="2" ten="405,294,207,84" step="2"/><W27/><G27/><T80/><D55/><N who="1" m="30175" /><E135/><V43/><F43/><W120/><G120/><T15/><D40/><U94/><E134/><V54/><F54/><W93/><G16/><T124/><D124/><U21/><E111/><V17/><F17/><W118/><G118/><T122/><D122/><U77/><E77/><V44/><F44/><W41/><G41/><T125/><D125/><U83/><E75/><V57/><F57/><W42/><G42/><T101/><D69/><U112/><E73/><V78/><F78/><W9/><G9/><T113/><D71/><U110/><E74/><V28/><F28/><W130/><G130/><T32/><D7/><U29/><E29/><V38/><F38/><W108/><G108/><T91/><D32/><U109/><E109/><V115/><F115/><W123/><G6/><T45/><D113/><U12/><E110/><V23/><AGARI ba="0,1" hai="2,5,8,19,23,26,62,64,65,67,70,88,92,97" machi="23" ten="30,4000,0" yaku="1,1,0,1,54,1,53,0" doraHai="37" doraHaiUra="121" who="2" fromWho="2" sc="405,-10,294,-20,207,50,84,-10" /><INIT seed="6,0,0,2,1,132" ten="395,274,257,74" oya="2" hai0="46,42,95,44,17,130,0,119,10,126,108,134,69" hai1="60,25,55,53,59,127,97,133,61,121,120,105,124" hai2="64,84,90,63,86,109,72,39,52,57,31,115,11" hai3="6,28,66,2,91,37,112,51,89,32,92,93,19"/><V113/><F72/><W33/><G37/><T9/><D108/><U128/><E133/><V98/><F39/><W101/><G101/><T16/><D134/><U4/><E4/><V38/><F38/><W21/><G66/><T123/><D123/><N who="1" m="47179" /><E128/><V3/><F31/><W118/><G118/><T30/><D30/><U54/><E25/><V35/><F35/><W73/><G73/><T117/><D69/><U65/><E105/><V74/><F74/><W107/><G107/><T94/><D42/><U40/><E97/><V75/><F75/><W80/><G28/><T106/><D106/><U114/><E114/><N who="2" m="43531" /><F109/><W22/><G112/><T81/><D81/><U82/><E82/><V56/><F98/><W77/><G80/><T71/><D71/><N who="1" m="42407" /><E40/><V83/><F86/><W70/><G70/><T15/><D130/><U103/><E103/><V76/><F76/><W1/><G6/><T85/><D85/><U88/><E88/><V29/><F29/><W62/><G77/><T100/><D100/><U111/><E111/><V36/><F36/><W99/><G99/><T122/><D122/><U102/><E102/><V104/><F104/><W135/><G135/><T23/><D0/><U27/><E27/><V34/><F34/><W110/><G110/><T8/><D15/><U125/><AGARI ba="0,0" hai="53,54,55,59,61,124,125,127" m="42407,47179" machi="125" ten="40,12000,2" yaku="18,1,13,1,34,2,52,3" doraHai="132" who="1" fromWho="1" sc="395,-30,274,120,257,-60,74,-30" /><INIT seed="7,0,0,1,0,80" ten="365,394,197,44" oya="3" hai0="94,59,75,66,116,112,132,89,2,12,15,18,24" hai1="38,126,71,45,130,41,125,102,9,98,13,117,77" hai2="16,81,99,121,63,67,111,133,26,19,44,70,92" hai3="104,60,96,36,95,93,52,122,110,135,113,35,90"/><W114/><G35/><T134/><D116/><U55/><E130/><V73/><F111/><W83/><G36/><T76/><D2/><U43/><E117/><V33/><F44/><W107/><G60/><T97/><D112/><N who="3" m="43113" /><G110/><T119/><D119/><U91/><E91/><V87/><F73/><W30/><G30/><T22/><D75/><U129/><E129/><V78/><F133/><W53/><G135/><T34/><D132/><U108/><E108/><V20/><F33/><W109/><G109/><T5/><D134/><U14/><E77/><V61/><F61/><W40/><G40/><T72/><D34/><U29/><E29/><V3/><F121/><W17/><G17/><T27/><D76/><U103/><E71/><V37/><F37/><W128/><G122/><T120/><D72/><U65/><E65/><V39/><F39/><W1/><G1/><T106/><D106/><N who="3" m="40489" /><G128/><T58/><D120/><U32/><E32/><V54/><F3/><W79/><G95/><T0/><D0/><U74/><E38/><V68/><F54/><W69/><G69/><T23/><D5/><U127/><E55/><V48/><F48/><W6/><G6/><T124/><D66/><U10/><E43/><V100/><F70/><W25/><G25/><T49/><D49/><U56/><E41/><V50/><F50/><W115/><N who="3" m="43121" /><W85/><AGARI ba="0,0" hai="52,53,79,83,85,90,93,96" m="40489,43121" machi="85" ten="50,12000,1" yaku="4,1,15,1,52,1,54,1" doraHai="80" who="3" fromWho="3" sc="365,-40,394,-40,197,-40,44,120" /><INIT seed="7,1,0,4,0,31" ten="325,354,157,164" oya="3" hai0="121,9,43,85,88,13,1,65,127,101,18,95,96" hai1="94,26,123,35,70,114,111,131,134,54,82,110,133" hai2="126,81,109,44,30,51,117,73,20,122,36,37,55" hai3="41,91,115,124,119,27,97,108,57,3,125,49,16"/><W112/><G119/><T38/><D121/><U105/><E114/><N who="3" m="43562" /><G3/><T6/><D127/><N who="3" m="48713" /><G108/><T15/><D43/><U48/><E123/><V58/><F117/><W83/><G83/><T40/><D65/><U45/><E82/><V75/><F126/><W25/><G16/><T56/><D56/><U2/><E2/><V47/><F122/><W39/><G39/><T19/><D40/><U52/><E110/><V93/><F109/><W67/><G91/><T34/><D34/><U8/><E35/><V78/><F73/><W120/><G120/><T5/><D38/><U99/><E8/><V21/><F37/><W68/><G97/><T74/><D74/><U135/><E99/><V50/><F36/><W90/><G90/><T116/><D116/><U0/><E0/><V63/><F30/><W130/><G130/><T72/><D72/><U29/><E131/><V24/><F81/><W132/><G132/><T62/><D62/><U53/><E111/><V89/><F75/><W42/><G68/><T128/><D128/><U60/><E70/><V69/><F69/><W12/><G41/><T28/><D28/><U77/><E29/><V23/><F24/><N who="3" m="9291" /><G12/><T64/><D1/><U87/><E134/><V33/><F33/><W22/><G22/><T129/><D129/><U92/><E135/><V71/><F71/><W100/><G100/><T103/><D103/><U113/><E133/><V104/><F78/><W107/><G107/><T79/><D101/><U4/><E113/><V80/><F104/><W17/><G17/><T84/><D19/><U10/><E105/><V32/><F80/><RYUUKYOKU ba="1,0" sc="325,0,354,0,157,0,164,0" owari="325,12.5,354,45.4,157,-34.3,164,-23.6" /></mjloggm>