<mjloggm ver="2.3"><GO type="169" lobby="0"/><UN n0="%E8%B4%88%E4%BA%BA%E8%A9%A9%E6%96%BC%E5%A4%A2" n1="%48%57%49%4E%47" n2="%E3%82%A8%E3%82%B9%E3%82%AB%E3%83%AB%E3%82%B4%E3%83%B3" n3="%E6%AF%94%E5%98%89%E6%84%9B%E6%9C%AA" dan="17,16,16,19" rate="2204.66,2152.08,2139.20,2269.97" sx="M,M,M,F"/><TAIKYOKU oya="0"/><INIT seed="0,0,0,5,3,66" ten="250,250,250,250" oya="0" hai0="24,109,114,93,40,53,81,132,52,16,126,57,94" hai1="13,118,102,120,68,124,128,122,14,56,92,103,34" hai2="95,82,4,7,135,70,18,63,3,106,107,96,46" hai3="29,31,38,79,116,121,129,89,113,59,65,49,5"/><T104/><D104/><U11/><E118/><V33/><F33/><W58/><G113/><T73/><D114/><U28/><E124/><V22/><F135/><W62/><G116/><T26/><D132/><U87/><E128/><V105/><F82/><W9/><G38/><T108/><D40/><U47/><E47/><V12/><F46/><W27/><G129/><T80/><D126/><U23/><E34/><V2/><F4/><W131/><G131/><T74/><D57/><U36/><E36/><V78/><F78/><W61/><G121/><T67/><D67/><U90/><E68/><V45/><F45/><W86/><G49/><T133/><D133/><U50/><E120/><V43/><F43/><W88/><G79/><T10/><REACH who="0" step="1"/><D16/><REACH who="0" ten="240,250,250,250" step="2"/><N who="1" m="10639" /><E28/><V72/><F105/><W85/><G65/><T30/><D30/><U117/><E122/><V39/><F106/><W97/><G29/><T76/><D76/><U83/><E117/><V112/><F107/><W35/><G31/><T25/><D25/><U119/><E119/><V75/><F18/><W41/><G27/><T60/><D60/><U6/><E92/><V17/><F95/><W37/><G41/><T8/><AGARI ba="0,1" hai="8,10,24,26,52,53,73,74,80,81,93,94,108,109" machi="8" ten="25,18000,2" yaku="1,1,0,1,22,2,54,1,53,2" doraHai="66" doraHaiUra="21" who="0" fromWho="0" sc="240,190,250,-60,250,-60,250,-60" /><INIT seed="0,1,0,0,5,47" ten="430,190,190,190" oya="0" hai0="13,101,71,78,18,9,56,82,44,124,24,69,8" hai1="104,86,36,52,49,128,99,39,34,126,53,91,120" hai2="43,3,96,73,85,30,14,72,84,17,20,57,113" hai3="0,97,125,27,28,60,21,93,131,7,11,121,89"/><T92/><D124/><U74/><E120/><V81/><F113/><W68/><G125/><T41/><D56/><U65/><E126/><V62/><F3/><W58/><G131/><T109/><D109/><U16/><E34/><V88/><F43/><W77/><G121/><T110/><D110/><U75/><E128/><V135/><F135/><W90/><G77/><T112/><D112/><U102/><E65/><V19/><F30/><W25/><G25/><T98/><D8/><U116/><E53/><V10/><F84/><W122/><G122/><T130/><D24/><U59/><E116/><V26/><REACH who="2" step="1"/><F96/><REACH who="2" ten="430,190,180,190" step="2"/><W64/><REACH who="3" step="1"/><G68/><REACH who="3" ten="430,190,180,180" step="2"/><T67/><D130/><U1/><E1/><V6/><F6/><W106/><G106/><T66/><D69/><U87/><E75/><V79/><F79/><W117/><G117/><T46/><D71/><U45/><E74/><V12/><F12/><W54/><G54/><AGARI ba="1,2" hai="10,14,17,19,20,26,54,57,62,72,73,81,85,88" machi="54" ten="30,3900,0" yaku="1,1,7,1,54,1,53,0" doraHai="47" doraHaiUra="129" who="2" fromWho="3" sc="430,0,190,0,180,62,180,-42" /><INIT seed="1,0,0,0,5,135" ten="430,190,242,138" oya="1" hai0="51,76,58,5,128,36,31,70,81,34,22,92,97" hai1="1,55,84,26,125,69,17,3,115,117,90,48,45" hai2="2,127,106,72,52,111,88,122,118,102,30,120,123" hai3="73,49,13,54,60,116,100,103,23,79,132,121,44"/><U77/><E115/><V25/><F118/><W129/><G121/><T67/><D36/><U126/><E117/><V74/><F2/><W18/><G116/><T134/><D34/><U35/><E69/><V42/><F42/><W41/><G132/><T40/><D70/><U62/><E77/><V33/><F111/><W24/><G129/><T119/><D5/><U46/><E62/><V8/><F8/><W85/><G73/><T37/><D37/><U95/><E45/><V64/><F64/><W9/><G60/><T104/><D104/><U96/><E96/><V59/><F127/><N who="1" m="48649" /><E17/><V20/><F106/><W110/><G110/><T14/><D128/><U108/><E108/><V56/><F56/><W47/><G47/><T94/><D97/><U53/><E55/><V7/><F52/><W75/><G54/><T105/><D58/><U130/><E130/><V83/><F59/><W32/><G75/><T11/><D134/><U80/><E95/><V82/><F74/><W133/><G133/><T39/><D94/><U27/><E27/><N who="2" m="18655" /><F72/><W107/><G107/><T109/><D105/><U93/><E93/><V114/><F114/><W57/><G57/><T113/><D113/><U50/><E50/><V87/><F123/><W68/><G68/><T98/><D119/><U101/><E101/><V71/><F102/><W124/><G124/><T21/><D51/><U43/><E43/><V112/><F71/><W91/><G79/><T6/><D76/><U19/><E19/><N who="2" m="12447" /><F112/><W29/><G100/><T10/><D109/><U38/><E38/><V15/><F82/><N who="3" m="49591" /><G103/><T0/><D39/><RYUUKYOKU ba="0,0" sc="430,-30,190,10,242,10,138,10" hai1="1,3,26,35,46,48,53,80,84,90" hai2="7,15,83,87,88,120,122" hai3="9,13,18,23,24,29,32,41,44,49" /><INIT seed="1,1,0,4,4,21" ten="400,200,252,148" oya="1" hai0="108,53,119,37,67,20,70,45,14,41,63,95,11" hai1="5,26,22,52,1,85,100,125,19,17,116,28,12" hai2="4,134,80,64,30,50,133,65,43,120,88,3,90" hai3="36,27,109,75,13,68,131,92,56,29,113,23,57"/><U94/><E116/><V114/><F120/><W76/><G113/><T103/><D108/><U71/><E71/><V128/><F114/><W55/><G68/><T96/><D119/><U44/><E125/><V51/><F128/><W132/><G109/><T0/><D0/><U111/><E111/><V46/><F30/><W124/><G131/><T110/><D20/><U49/><E1/><V82/><F3/><W72/><G36/><T84/><D84/><U115/><E115/><V102/><F102/><W15/><G132/><T24/><D53/><U93/><E93/><V105/><F4/><W69/><G69/><T62/><D62/><U2/><E2/><V61/><F105/><W47/><G75/><T101/><D101/><U77/><E77/><V58/><F65/><W74/><G74/><T98/><D98/><N who="1" m="59479" /><E85/><V135/><REACH who="2" step="1"/><F50/><REACH who="2" ten="400,200,242,148" step="2"/><W130/><G130/><T9/><D110/><U87/><E87/><V97/><F97/><W117/><G117/><T40/><D96/><U31/><E5/><V16/><F16/><W126/><G72/><T79/><D103/><U127/><E127/><V38/><F38/><W25/><G124/><T48/><D37/><U18/><E31/><V32/><F32/><W78/><G126/><T73/><D73/><U123/><E123/><V121/><F121/><W106/><G106/><T42/><D48/><U122/><E122/><V8/><F8/><AGARI ba="1,1" hai="8,12,17,18,19,22,26,28,44,49,52" m="59479" machi="8" ten="30,5800,0" yaku="8,1,52,1,54,1" doraHai="21" who="1" fromWho="2" sc="400,0,200,71,242,-61,148,0" /><INIT seed="1,2,0,3,1,36" ten="400,271,181,148" oya="1" hai0="80,87,34,54,110,16,22,46,65,133,108,103,121" hai1="113,97,55,98,106,45,32,44,15,109,122,115,25" hai2="39,17,1,130,125,135,64,40,7,95,62,73,57" hai3="41,0,116,74,107,75,77,10,117,3,128,127,96"/><U105/><E122/><V42/><F73/><W99/><G128/><T18/><D34/><U50/><E109/><N who="0" m="42089" /><D133/><U60/><E60/><V76/><F39/><W20/><G20/><T101/><D65/><U4/><E106/><V61/><F135/><W11/><G77/><N who="0" m="46479" /><D18/><U28/><E44/><V14/><F130/><W131/><G131/><T67/><D67/><U82/><E82/><V111/><F76/><W81/><G81/><T91/><D91/><U27/><E27/><V94/><F111/><W29/><G29/><T69/><D69/><U86/><E86/><V48/><F125/><W31/><G31/><T63/><D121/><U59/><E59/><N who="2" m="36927" /><F1/><W71/><G71/><T124/><D124/><U23/><E32/><V13/><F7/><W37/><G127/><T134/><D134/><U6/><E6/><V56/><F13/><W12/><G12/><N who="0" m="9479" /><D63/><U5/><E5/><V104/><F62/><W43/><REACH who="3" step="1"/><G37/><REACH who="3" ten="400,271,181,138" step="2"/><T123/><D123/><U21/><E21/><V66/><F66/><W51/><G51/><AGARI ba="2,1" hai="46,51,54,101,103" m="9479,46479,42089" machi="51" ten="30,2000,0" yaku="14,1,54,1" doraHai="36" who="0" fromWho="3" sc="400,36,271,0,181,0,138,-26" /><INIT seed="2,0,0,5,1,103" ten="436,271,181,112" oya="2" hai0="68,0,60,119,81,28,63,70,57,95,82,39,125" hai1="48,116,65,19,106,1,2,100,51,108,79,99,96" hai2="37,54,109,85,46,64,24,118,97,42,91,72,27" hai3="10,23,84,47,126,31,40,127,114,36,130,75,6"/><V55/><F118/><W71/><G71/><T76/><D0/><U73/><E116/><V124/><F72/><W13/><G75/><T122/><D122/><U18/><E108/><V25/><F124/><W107/><G130/><T44/><D125/><N who="3" m="47625" /><G84/><T50/><D39/><U117/><E65/><V80/><F109/><W83/><G83/><T45/><D28/><U11/><E117/><V38/><F38/><W69/><G69/><T29/><D29/><U113/><E113/><V20/><F64/><W123/><G123/><T30/><D30/><U59/><E79/><V134/><F134/><W92/><G92/><T53/><D95/><U135/><E73/><V4/><F4/><W112/><G31/><T43/><D81/><U86/><E86/><V32/><F32/><W111/><G23/><T104/><D82/><U26/><E11/><V62/><F20/><W133/><G111/><T129/><D76/><U56/><E26/><V132/><F132/><W9/><G9/><T66/><D129/><U3/><E135/><V115/><F115/><N who="3" m="44075" /><G133/><T93/><D93/><U15/><E15/><V52/><REACH who="2" step="1"/><F97/><REACH who="2" ten="436,271,171,112" step="2"/><W121/><G121/><T5/><D119/><U131/><E99/><V120/><F120/><W58/><G58/><AGARI ba="0,1" hai="24,25,27,37,42,46,52,54,55,58,62,80,85,91" machi="58" ten="40,3900,0" yaku="1,1,54,1,53,0" doraHai="103" doraHaiUra="8" who="2" fromWho="3" sc="436,0,271,0,171,49,112,-39" /><INIT seed="2,1,0,1,4,84" ten="436,271,220,73" oya="2" hai0="38,95,18,32,98,59,39,56,69,124,19,105,120" hai1="106,122,45,23,20,64,90,17,96,97,62,75,43" hai2="83,22,99,14,108,24,80,94,130,113,85,76,77" hai3="52,111,109,0,34,30,25,114,21,131,116,128,37"/><V7/><F113/><W9/><G37/><T79/><D69/><U135/><E75/><V49/><F130/><N who="3" m="49707" /><G52/><T101/><D32/><U125/><E125/><V60/><F108/><N who="3" m="41547" /><G116/><T102/><D120/><U27/><E135/><V110/><F110/><W117/><G117/><T78/><D95/><U50/><E106/><V86/><F49/><W2/><G114/><T81/><D81/><U123/><E23/><V92/><F60/><W127/><G127/><T118/><D118/><U8/><E8/><N who="2" m="4383" /><F99/><W65/><G65/><T31/><D98/><U57/><REACH who="1" step="1"/><E97/><REACH who="1" ten="436,261,220,73" step="2"/><V11/><F11/><W71/><G9/><T6/><D124/><U61/><E61/><V29/><AGARI ba="1,1" hai="22,24,29,76,77,80,83,85,86,92,94" m="4383" machi="29" ten="30,1500,0" yaku="8,1" doraHai="84" who="2" fromWho="2" sc="436,-6,261,-6,220,28,73,-6" /><INIT seed="2,2,0,4,2,47" ten="430,255,248,67" oya="2" hai0="23,79,100,88,40,45,77,26,24,111,117,67,127" hai1="110,65,94,90,38,83,74,33,125,82,124,53,131" hai2="115,89,112,129,73,101,29,1,13,118,104,122,92" hai3="123,28,36,108,128,7,106,80,70,9,6,134,27"/><V135/><F1/><W59/><G123/><T99/><D111/><U97/><E33/><V85/><F29/><W48/><G108/><T4/><D127/><N who="1" m="48715" /><E38/><V98/><F122/><W37/><G70/><T120/><D120/><U76/><E65/><V44/><F118/><W63/><G106/><T61/><D4/><U34/><E34/><V107/><F13/><W95/><G134/><T25/><D23/><U96/><E110/><V18/><F18/><W130/><G80/><T81/><D100/><N who="1" m="60439" /><E53/><V51/><F135/><W32/><G6/><T39/><D117/><U126/><N who="1" m="48723" /><U58/><DORA hai="8" /><E58/><V11/><F107/><W57/><G95/><T15/><D81/><N who="1" m="45207" /><E131/><V114/><F129/><W43/><G128/><T19/><D39/><U14/><E14/><V31/><F11/><W105/><G130/><T75/><D15/><U35/><E35/><V86/><F114/><W16/><G7/><T3/><D3/><U71/><E71/><V55/><F115/><W103/><G59/><T121/><D121/><U119/><E119/><V78/><F112/><W42/><G9/><T21/><D26/><U52/><E52/><V54/><F55/><N who="3" m="31975" /><G63/><T116/><D61/><U93/><AGARI ba="2,0" hai="82,83,90,93,97" m="45207,60439,48723" machi="93" ten="40,5200,0" yaku="18,1,34,2" doraHai="47,8" who="1" fromWho="1" sc="430,-15,255,58,248,-28,67,-15" /><INIT seed="3,0,0,2,5,24" ten="415,313,220,52" oya="3" hai0="63,70,135,103,87,45,62,60,5,133,90,53,68" hai1="31,91,72,27,36,111,129,108,124,98,84,14,110" hai2="2,54,80,64,118,128,20,109,99,85,41,123,15" hai3="126,18,48,1,55,134,75,37,30,125,13,97,74"/><W130/><G37/><T26/><D103/><U127/><E36/><V61/><F118/><W33/><G1/><T46/><D5/><U3/><E3/><V9/><F109/><W122/><G122/><T57/><D26/><U119/><E72/><V22/><F128/><W51/><G130/><T25/><D25/><U17/><E98/><V12/><F123/><W81/><G134/><N who="0" m="51211" /><D90/><U113/><E113/><V23/><F41/><W19/><G97/><T32/><D87/><U42/><E42/><V21/><F54/><W120/><G120/><T38/><D32/><N who="1" m="20607" /><E119/><V16/><F99/><W40/><G40/><N who="0" m="22679" /><D46/><U95/><E129/><V101/><F101/><W93/><G33/><T59/><D59/><U121/><E121/><V100/><F100/><W8/><G13/><T106/><D106/><U116/><E116/><V83/><F2/><W4/><G4/><T35/><D35/><U132/><E132/><V88/><F83/><W0/><G0/><T11/><D11/><AGARI ba="0,0" hai="11,14,17,84,91,95,108,110,111,124,127" m="20607" machi="11" ten="30,2000,0" yaku="14,1,52,1" doraHai="24" who="1" fromWho="0" sc="415,-20,313,20,220,0,52,0" /><INIT seed="4,0,0,1,5,135" ten="395,333,220,52" oya="0" hai0="123,19,118,131,97,3,32,105,45,66,99,71,101" hai1="22,1,7,26,104,21,88,29,89,91,120,122,52" hai2="121,0,82,10,124,77,78,59,129,57,93,116,132" hai3="85,65,73,62,18,28,80,100,106,130,83,15,2"/><T51/><D118/><U42/><E104/><V35/><F121/><W27/><G2/><T113/><D123/><U58/><E42/><V64/><F35/><W72/><G130/><T37/><D3/><U40/><E40/><V126/><F132/><W8/><G83/><T39/><D32/><U134/><E134/><V54/><F129/><W114/><G114/><T16/><D113/><U17/><E7/><V69/><F116/><W108/><G108/><T5/><D5/><U90/><N who="1" m="22528" /><DORA hai="12" /><U128/><E128/><V30/><F93/><W74/><G85/><T111/><D111/><U107/><E107/><V38/><F38/><W81/><G100/><T86/><D86/><U13/><REACH who="1" step="1"/><E1/><REACH who="1" ten="395,323,220,52" step="2"/><V102/><F0/><W41/><G41/><T56/><D131/><U23/><E23/><V33/><F33/><W61/><G106/><T31/><D105/><U14/><E14/><V115/><F115/><W117/><G117/><T87/><D101/><U127/><E127/><V48/><F124/><W25/><G25/><T43/><D37/><U46/><E46/><V55/><F126/><W70/><REACH who="3" step="1"/><G62/><AGARI ba="0,1" hai="13,17,21,22,26,29,52,58,62,120,122" m="22528" machi="62" ten="50,8000,1" yaku="1,1,52,1,54,2,53,0" doraHai="135,12" doraHaiUra="133,4" who="1" fromWho="3" sc="395,0,323,90,220,0,52,-80" owari="395,19.5,413,51.3,220,-18.0,-28,-52.8" /></mjloggm>