<mjloggm ver="2.3"><GO type="169" lobby="0"/><UN n0="%70%65%6E%74%6F%6C%61" n1="%6B%61%74%65%72%69%6E%61" n2="%E6%B9%8A%E6%96%97%E3%81%8B%E3%81%92%E3%81%82%E3%81%8D" n3="%E8%B4%88%E4%BA%BA%E8%A9%A9%E6%96%BC%E5%A4%A2" dan="16,16,16,17" rate="2181.80,2110.82,2112.76,2182.62" sx="M,M,M,M"/><TAIKYOKU oya="0"/><INIT seed="0,0,0,4,2,118" ten="250,250,250,250" oya="0" hai0="105,130,35,132,117,81,77,82,87,120,133,28,122" hai1="93,94,78,111,49,50,68,3,33,6,64,4,2" hai2="114,29,42,24,103,0,126,115,32,109,17,135,65" hai3="25,85,46,26,52,119,1,23,15,59,27,69,98"/><T38/><D38/><U72/><E33/><V71/><F109/><W58/><G1/><T21/><D35/><U22/><E22/><V124/><F42/><W14/><G69/><T106/><D28/><U134/><E68/><V34/><F103/><W57/><G119/><T37/><D21/><U60/><E78/><V18/><F65/><W51/><G98/><T88/><D37/><U36/><E36/><V19/><F71/><W127/><G127/><N who="2" m="48681" /><F135/><N who="0" m="51786" /><D130/><U128/><E134/><V76/><F76/><W13/><REACH who="3" step="1"/><G85/><REACH who="3" ten="250,250,250,240" step="2"/><N who="0" m="50223" /><D117/><U31/><E128/><V129/><F129/><W44/><G44/><T86/><D86/><U9/><E111/><V12/><F0/><W75/><G75/><T80/><D80/><U96/><E3/><V121/><F114/><W53/><G53/><T102/><D102/><U7/><E2/><V95/><F115/><W67/><G67/><T79/><D79/><U123/><E64/><V66/><F66/><W39/><G39/><T131/><D131/><U101/><E101/><V30/><F34/><W99/><G99/><T91/><D77/><U61/><E96/><V8/><F32/><W89/><G89/><T55/><D55/><U112/><E72/><V74/><F74/><W10/><G10/><T125/><D125/><U48/><E9/><V84/><F84/><W54/><G54/><T116/><D116/><U107/><E112/><V62/><F8/><W56/><N who="3" m="14336" /><DORA hai="40" /><W73/><G73/><T92/><D82/><U70/><E61/><V16/><F62/><W5/><G5/><T83/><D83/><U47/><E60/><V41/><F41/><RYUUKYOKU ba="0,1" sc="250,15,250,-15,250,-15,240,15" hai0="87,91,92,105,106,120,122" hai3="13,14,15,23,25,26,27,46,51,52" /><INIT seed="0,1,1,1,5,74" ten="265,235,235,255" oya="0" hai0="78,1,52,89,18,45,98,33,129,20,84,113,79" hai1="70,36,47,132,6,29,59,80,130,38,77,28,109" hai2="94,103,13,65,57,95,43,105,9,5,54,56,82" hai3="42,11,4,41,122,39,108,75,85,97,114,26,118"/><T125/><D113/><U131/><E70/><V24/><F105/><W14/><G75/><T86/><D33/><U90/><E109/><V99/><F43/><W58/><G114/><T119/><D119/><U68/><E68/><V19/><F65/><W126/><G118/><T111/><D1/><U107/><E107/><V61/><F56/><W120/><G126/><T40/><D125/><U106/><E106/><V69/><F69/><W21/><G97/><T62/><D129/><N who="1" m="49163" /><E132/><V60/><F82/><W134/><G108/><T133/><D133/><U63/><E90/><V49/><REACH who="2" step="1"/><F94/><REACH who="2" ten="265,235,225,255" step="2"/><W25/><G58/><N who="0" m="35143" /><D111/><U117/><E59/><V35/><F35/><W71/><G71/><T67/><D67/><U22/><E117/><V102/><F102/><W37/><G134/><T135/><D135/><U55/><E55/><V3/><F3/><W91/><G41/><T27/><D86/><U116/><E116/><V100/><F100/><W53/><G53/><T76/><D98/><U16/><E38/><V104/><F104/><W112/><G112/><T32/><D32/><U8/><E36/><V81/><F81/><N who="3" m="49583" /><G39/><T124/><D124/><U88/><E80/><V66/><F66/><W0/><G42/><T64/><D64/><U2/><E2/><V50/><F50/><W48/><G48/><N who="0" m="26663" /><D84/><U128/><E128/><V51/><F51/><W34/><G37/><T31/><D89/><U110/><E88/><V72/><F72/><W96/><G34/><T93/><D93/><U92/><E92/><V101/><F101/><W7/><G0/><T17/><AGARI ba="1,2" hai="17,18,20,27,31,76,78,79" m="26663,35143" machi="17" ten="30,12000,1" yaku="8,1,52,3,54,1" doraHai="74" who="0" fromWho="0" sc="265,143,235,-41,225,-41,255,-41" /><INIT seed="0,2,0,2,5,99" ten="408,194,184,214" oya="0" hai0="24,40,48,52,44,105,38,49,20,16,41,92,7" hai1="34,134,125,29,19,104,113,97,15,131,129,114,35" hai2="22,117,6,81,12,112,73,9,98,0,17,130,70" hai3="94,126,101,69,31,54,33,85,119,108,67,107,110"/><T90/><D105/><U59/><E59/><V3/><F112/><N who="1" m="43113" /><E104/><V14/><F70/><W62/><G119/><T55/><D7/><U30/><E97/><V63/><F117/><W28/><G126/><T2/><D2/><U88/><E88/><V50/><F130/><N who="1" m="49673" /><E134/><V79/><F63/><W25/><G31/><N who="1" m="11786" /><E125/><V118/><F118/><W115/><G115/><T18/><D18/><U21/><AGARI ba="2,0" hai="15,19,21,34,35" m="11786,49673,43113" machi="21" ten="40,8000,1" yaku="11,1,19,1,34,2" doraHai="99" who="1" fromWho="1" sc="408,-42,194,86,184,-22,214,-22" /><INIT seed="1,0,0,3,4,46" ten="366,280,162,192" oya="1" hai0="37,10,84,103,74,1,79,132,17,24,12,90,99" hai1="113,75,26,92,42,27,96,76,72,55,28,22,94" hai2="78,39,41,134,57,40,80,62,105,29,131,117,56" hai3="124,111,30,126,32,15,58,34,20,49,25,13,110"/><U18/><E113/><V52/><F117/><W85/><G85/><T128/><D132/><U21/><E42/><V59/><F105/><W88/><G88/><T97/><D1/><U119/><E119/><V66/><F134/><W4/><G58/><T106/><D37/><U120/><E120/><V61/><F131/><W98/><G98/><T53/><D128/><U91/><E76/><V108/><F108/><N who="3" m="41515" /><G49/><T8/><D24/><U86/><REACH who="1" step="1"/><E55/><REACH who="1" ten="366,270,162,192" step="2"/><V48/><F40/><W50/><G50/><T68/><D53/><U71/><E71/><V38/><F41/><W45/><G45/><T118/><D68/><U77/><E77/><V102/><F78/><W116/><G116/><T135/><D118/><U122/><E122/><V63/><F52/><W107/><G107/><T89/><D135/><U0/><E0/><V54/><F54/><W83/><G83/><T3/><D3/><U123/><E123/><V16/><F59/><W129/><G129/><T100/><BYE who="3" /><D79/><U82/><E82/><V64/><F80/><W125/><G125/><T47/><D47/><U130/><E130/><V93/><F57/><W87/><G87/><T133/><D133/><U73/><E73/><V69/><F56/><W127/><G127/><T67/><D74/><UN n3="%E8%B4%88%E4%BA%BA%E8%A9%A9%E6%96%BC%E5%A4%A2" /><U23/><E23/><V104/><F69/><W51/><G51/><T121/><D121/><U115/><E115/><V109/><F48/><W36/><G36/><T101/><D84/><U7/><E7/><V70/><F39/><W5/><G4/><T43/><D43/><U60/><E60/><V114/><F109/><W11/><G34/><RYUUKYOKU ba="0,1" sc="366,-15,270,15,162,-15,192,15" hai1="18,21,22,26,27,28,72,75,86,91,92,94,96" hai3="5,11,13,15,20,25,30,32,124,126" /><INIT seed="1,1,1,4,5,122" ten="351,285,147,207" oya="1" hai0="55,51,11,117,94,59,101,103,115,32,58,98,63" hai1="85,92,33,70,42,83,8,53,109,102,62,71,22" hai2="10,82,97,17,21,14,108,91,78,133,30,40,27" hai3="119,113,128,31,34,110,64,127,81,44,29,16,15"/><U35/><E42/><V74/><F133/><W50/><G113/><T96/><D32/><U132/><E132/><V77/><F40/><W100/><G127/><T112/><D11/><U2/><E22/><V75/><F97/><W18/><G128/><T43/><D117/><U130/><E130/><V126/><F126/><W120/><G120/><T80/><D80/><U73/><E73/><V105/><F105/><W89/><G119/><T52/><REACH who="0" step="1"/><D43/><REACH who="0" ten="341,285,147,207" step="2"/><U36/><E83/><V131/><F131/><W3/><G34/><T6/><D6/><U4/><E35/><V49/><F82/><W79/><G81/><T37/><D37/><U57/><E36/><V60/><F10/><W134/><G134/><T13/><D13/><U47/><E33/><V99/><F14/><W118/><G15/><T125/><D125/><U104/><E8/><V129/><F129/><W68/><G118/><T9/><D9/><U28/><E4/><V66/><F75/><W19/><G79/><T135/><D135/><U65/><E2/><V54/><F74/><W90/><G3/><T123/><D123/><U106/><E106/><AGARI ba="1,2" hai="51,52,55,58,59,63,94,96,98,101,103,106,112,115" machi="106" ten="30,3900,0" yaku="1,1,7,1,54,1,53,0" doraHai="122" doraHaiUra="23" who="0" fromWho="1" sc="341,62,285,-42,147,0,207,0" /><INIT seed="2,0,0,0,1,55" ten="403,243,147,207" oya="2" hai0="41,131,121,112,101,117,80,62,113,73,25,14,118" hai1="68,92,72,51,127,115,63,60,45,33,32,65,11" hai2="17,84,86,71,38,133,96,54,35,5,69,59,1" hai3="83,110,53,82,108,87,119,44,9,105,95,98,13"/><V31/><F38/><W6/><G105/><T94/><D41/><U29/><E115/><V52/><F133/><W93/><G119/><T90/><D25/><U24/><E72/><V124/><F124/><W16/><G6/><T4/><D4/><U50/><E127/><V114/><F114/><W47/><G83/><T120/><D14/><U20/><E60/><V91/><F17/><W27/><G27/><T56/><D101/><U88/><E11/><V79/><F31/><W135/><G135/><T111/><D80/><U116/><E116/><N who="0" m="44649" /><D73/><U36/><E36/><V34/><F79/><W19/><G19/><T125/><D125/><U28/><E28/><V103/><F103/><W134/><G134/><T123/><D131/><U132/><E51/><V66/><F5/><W70/><G70/><T89/><D89/><U37/><E37/><V26/><F26/><W99/><G108/><T0/><D0/><U43/><REACH who="1" step="1"/><E132/><REACH who="1" ten="403,233,147,207" step="2"/><V109/><F109/><W2/><G110/><T30/><D30/><U128/><E128/><V74/><F74/><W106/><G9/><T122/><D111/><U102/><E102/><V81/><F1/><W48/><G2/><T21/><D120/><U12/><E12/><V61/><F34/><W22/><G13/><T40/><D112/><U100/><E100/><V46/><F35/><W7/><G48/><T64/><D113/><U23/><E23/><V39/><F39/><W15/><G22/><T97/><D21/><U49/><E49/><V76/><F61/><W18/><G15/><T78/><D121/><U126/><E126/><V8/><F8/><RYUUKYOKU ba="0,1" sc="403,-10,233,30,147,-10,207,-10" hai1="20,24,29,32,33,43,45,50,63,65,68,88,92" /><INIT seed="3,1,1,0,2,111" ten="393,263,137,197" oya="3" hai0="133,99,67,98,115,41,5,31,10,47,55,17,29" hai1="65,63,123,36,35,32,122,38,7,77,30,125,120" hai2="75,25,88,14,96,48,44,128,6,40,13,135,2" hai3="80,134,104,93,91,27,117,85,59,51,18,64,4"/><W8/><G104/><T102/><D133/><U74/><E125/><V73/><F135/><W42/><G117/><T124/><D124/><U109/><E109/><V95/><F128/><W119/><G119/><T86/><D67/><U22/><E22/><V78/><F2/><W9/><G134/><T107/><D98/><U52/><E52/><V28/><F78/><W113/><G113/><T21/><D55/><U61/><E61/><V72/><REACH who="2" step="1"/><F6/><REACH who="2" ten="393,263,127,197" step="2"/><W132/><G4/><T54/><D5/><U94/><E7/><V82/><F82/><W114/><G132/><T0/><D0/><U68/><E77/><V49/><F49/><W3/><G3/><T76/><D76/><U126/><E126/><V34/><AGARI ba="1,2" hai="13,14,25,28,34,40,44,48,72,73,75,88,95,96" machi="34" ten="30,4000,0" yaku="1,1,0,1,54,1,53,0" doraHai="111" doraHaiUra="50" who="2" fromWho="2" sc="393,-11,263,-11,127,63,197,-21" /><INIT seed="4,0,0,1,3,129" ten="382,252,190,176" oya="0" hai0="91,20,130,104,84,112,44,46,74,131,0,133,3" hai1="56,26,107,49,132,89,101,83,69,71,32,135,102" hai2="45,103,72,53,42,87,79,59,41,64,63,38,97" hai3="86,33,14,52,114,54,16,9,95,24,123,108,62"/><T100/><D74/><U40/><E89/><V90/><F41/><W76/><G108/><T125/><D112/><U66/><E83/><V19/><F19/><W10/><G114/><T25/><D104/><U36/><E36/><V2/><F2/><W134/><G123/><T117/><D100/><U7/><E7/><V47/><F79/><W82/><G134/><N who="1" m="51242" /><E40/><V78/><F78/><W22/><G33/><T58/><D91/><U68/><E107/><V118/><F118/><W29/><G62/><T96/><D117/><U4/><E4/><V94/><F72/><W105/><G105/><T57/><D133/><U106/><E106/><V8/><F38/><W124/><G124/><T23/><D125/><U11/><E11/><V35/><F8/><W73/><G73/><T81/><D81/><U28/><E49/><V13/><F42/><W128/><G128/><T115/><D115/><U85/><E85/><V111/><F87/><W48/><G48/><T98/><D84/><U109/><E109/><V30/><F111/><W39/><G39/><T1/><D1/><U51/><E51/><V99/><F90/><W120/><G120/><T121/><D121/><U70/><N who="1" m="17408" /><DORA hai="77" /><U17/><E17/><V61/><F103/><W126/><G126/><T92/><D92/><U60/><AGARI ba="0,0" hai="26,28,32,56,60,66,101,102" m="17408,51242" machi="60" ten="60,8000,1" yaku="20,1,52,3" doraHai="129,77" who="1" fromWho="1" sc="382,-40,252,80,190,-20,176,-20" /><INIT seed="5,0,0,1,3,47" ten="342,332,170,156" oya="1" hai0="86,3,35,83,27,6,124,1,40,58,13,56,89" hai1="34,17,115,78,85,63,26,95,128,101,61,80,87" hai2="99,5,84,102,108,25,81,121,51,21,52,98,68" hai3="28,134,104,33,23,94,44,39,57,31,70,111,45"/><U76/><E115/><V131/><F108/><W4/><G104/><T24/><D124/><U59/><E128/><V125/><F121/><W100/><G70/><T109/><D109/><U16/><E34/><V96/><F68/><W130/><G111/><T123/><D1/><U10/><E63/><V48/><F125/><W75/><G75/><T49/><D3/><U54/><E26/><V93/><F5/><W37/><G33/><T0/><D0/><U77/><E10/><V120/><F131/><W65/><G134/><T55/><D40/><U66/><E66/><V46/><F48/><W2/><G2/><T19/><D6/><U53/><E53/><V22/><F22/><W117/><G117/><T20/><D123/><U133/><E133/><V127/><F120/><W43/><G4/><T72/><D72/><U129/><E129/><V29/><F127/><W88/><G100/><T60/><REACH who="0" step="1"/><D35/><REACH who="0" ten="332,332,170,156" step="2"/><U118/><E118/><V8/><REACH who="2" step="1"/><F8/><REACH who="2" ten="332,332,160,156" step="2"/><W9/><G9/><T112/><D112/><U36/><E36/><V106/><F106/><W11/><G11/><T71/><D71/><U126/><E126/><V12/><F12/><W18/><G130/><T64/><AGARI ba="0,2" hai="13,19,20,24,27,49,55,56,58,60,64,83,86,89" machi="64" ten="20,8000,1" yaku="1,1,0,1,7,1,8,1,52,1,53,0" doraHai="47" doraHaiUra="116" who="0" fromWho="0" sc="332,100,332,-40,160,-20,156,-20" /><INIT seed="6,0,0,2,2,21" ten="432,292,140,136" oya="2" hai0="57,92,98,13,33,69,78,101,86,16,49,84,0" hai1="12,95,79,83,47,41,132,66,68,118,53,22,126" hai2="128,91,55,74,131,64,114,7,34,72,39,104,3" hai3="81,46,113,103,106,42,24,117,56,60,96,35,108"/><V43/><F104/><W134/><G108/><T14/><D0/><U23/><E118/><V115/><F64/><W85/><G117/><T17/><D69/><U58/><E126/><V111/><F111/><W20/><G35/><T9/><D33/><U36/><E132/><V129/><F34/><W40/><G113/><N who="2" m="43017" /><F55/><W51/><G42/><T28/><D28/><U93/><E66/><V25/><F91/><W99/><G134/><T18/><D78/><U29/><E68/><V61/><F61/><W63/><G56/><T87/><D14/><U82/><E82/><V52/><F52/><AGARI ba="0,0" hai="9,13,16,17,18,49,52,57,84,86,87,92,98,101" machi="52" ten="40,5200,0" yaku="8,1,54,2" doraHai="21" who="0" fromWho="2" sc="432,52,292,0,140,-52,136,0" /><INIT seed="7,0,0,5,1,85" ten="484,292,88,136" oya="3" hai0="48,79,70,108,84,98,31,49,34,62,95,100,112" hai1="18,113,89,6,40,110,44,16,132,126,128,43,99" hai2="65,105,56,134,19,92,30,50,2,104,102,3,118" hai3="75,46,61,115,35,124,69,58,23,80,133,13,9"/><W93/><G35/><T7/><D7/><U36/><E110/><V21/><F118/><W11/><G115/><T81/><D112/><U74/><E74/><V32/><F134/><W111/><G124/><T122/><D122/><U37/><E113/><V109/><F109/><W15/><G69/><T28/><D108/><U82/><E126/><V41/><F32/><W12/><G133/><T90/><D70/><U55/><E132/><V22/><F2/><W67/><G111/><T4/><D4/><U10/><E128/><V51/><F3/><W24/><G93/><T97/><D62/><U88/><E55/><V127/><F127/><W72/><G46/><T53/><D48/><U96/><E82/><V101/><F30/><W86/><G72/><T38/><D38/><U45/><REACH who="1" step="1"/><E6/><REACH who="1" ten="484,282,88,136" step="2"/><V33/><F65/><W54/><G75/><T39/><D81/><U114/><E114/><V42/><F33/><W131/><G131/><T1/><D53/><U0/><E0/><V119/><F119/><W57/><G54/><T17/><D1/><U14/><E14/><V47/><F47/><W91/><REACH who="3" step="1"/><G58/><REACH who="3" ten="484,282,88,126" step="2"/><T60/><D34/><U129/><E129/><V29/><F56/><W63/><G63/><T106/><D60/><U76/><E76/><V66/><F66/><W116/><G116/><T117/><D79/><U121/><E121/><V83/><F83/><W135/><G135/><T68/><D117/><U130/><E130/><V25/><F42/><W103/><G103/><N who="2" m="39433" /><F41/><W8/><G8/><AGARI ba="0,2" hai="8,10,16,18,36,37,40,43,44,45,88,89,96,99" machi="8" ten="25,12000,2" yaku="1,1,22,2,52,2,54,2,53,0" doraHai="85" doraHaiUra="125" who="1" fromWho="3" sc="484,0,282,140,88,0,126,-120" owari="484,58.4,422,22.2,88,-31.2,6,-49.4" /></mjloggm>