<mjloggm ver="2.3"><GO type="169" lobby="0"/><UN n0="%6F%6B%62%6F%6B%62" n1="%E6%8E%A2%39" n2="%E3%82%80%E3%81%97%E6%AD%AF" n3="%74%61%63%6F%73" dan="17,17,17,18" rate="2203.07,2155.50,2140.06,2202.40" sx="M,M,M,M"/><TAIKYOKU oya="0"/><INIT seed="0,0,0,4,5,15" ten="250,250,250,250" oya="0" hai0="100,69,39,88,52,18,125,103,50,87,17,37,93" hai1="45,36,9,83,67,8,113,10,124,118,108,38,128" hai2="80,34,20,53,2,82,40,59,57,74,91,3,49" hai3="54,47,42,63,31,23,111,61,130,28,21,58,134"/><T129/><D69/><U109/><E118/><V119/><F34/><W4/><G111/><N who="1" m="42570" /><E124/><V133/><F119/><W85/><G130/><T101/><D129/><U56/><E128/><V26/><F133/><W107/><G134/><T120/><D120/><U116/><E116/><V66/><F40/><W73/><G73/><T43/><D125/><U22/><E113/><V55/><F66/><W92/><G107/><T44/><REACH who="0" step="1"/><D37/><REACH who="0" ten="240,250,250,250" step="2"/><U65/><E38/><V96/><F74/><W89/><G28/><T131/><D131/><U114/><E36/><V106/><F3/><W24/><G4/><T64/><D64/><U48/><E67/><V13/><F2/><W25/><G61/><T104/><D104/><U29/><E65/><V122/><F122/><W60/><G63/><T19/><D19/><U79/><E114/><V71/><F71/><W77/><G31/><T70/><D70/><U81/><E29/><V27/><F106/><W115/><G115/><T102/><N who="0" m="25600" /><DORA hai="84" /><T51/><D51/><U16/><E48/><V0/><F0/><W121/><G121/><T97/><D97/><U112/><E112/><V86/><F96/><W94/><G60/><T90/><D90/><U123/><E16/><N who="2" m="10255" /><F82/><W7/><G7/><T110/><D110/><U132/><E83/><V33/><F33/><W72/><G89/><T105/><D105/><U127/><E81/><V117/><F117/><W95/><G94/><T12/><D12/><U62/><E123/><V6/><F6/><W5/><G92/><T32/><D32/><U126/><E127/><V11/><F80/><W41/><G5/><RYUUKYOKU ba="0,1" sc="240,30,250,-10,250,-10,250,-10" hai0="17,18,39,43,44,50,52,87,88,93" /><INIT seed="0,1,1,2,1,83" ten="270,240,240,240" oya="0" hai0="122,94,12,100,29,23,124,64,34,111,25,16,11" hai1="96,26,107,109,127,33,59,3,92,43,106,56,74" hai2="68,28,121,55,17,75,117,35,86,128,5,81,118" hai3="52,78,2,101,97,49,27,76,13,77,129,82,21"/><T46/><D122/><U79/><E3/><V73/><F121/><W45/><G129/><T115/><D115/><U105/><E109/><V47/><F68/><W53/><G2/><T91/><D111/><U24/><E43/><V7/><F128/><W37/><G37/><T1/><D124/><U126/><E74/><V36/><F17/><W80/><G13/><T120/><D120/><U134/><E79/><V66/><F66/><W70/><G70/><T30/><D64/><U57/><E134/><V62/><F28/><W69/><G53/><T84/><D46/><U116/><E116/><N who="2" m="44651" /><F35/><W19/><REACH who="3" step="1"/><G69/><REACH who="3" ten="270,240,240,230" step="2"/><T22/><D1/><U72/><E72/><V63/><F75/><W132/><G132/><T48/><D48/><U110/><E110/><V50/><F36/><W38/><G38/><T42/><D42/><U32/><E24/><V61/><F73/><W87/><G87/><T60/><D60/><U113/><E113/><V18/><F63/><W31/><G31/><T39/><D39/><U9/><E26/><V6/><F62/><W15/><G15/><T112/><D112/><U71/><E71/><V108/><F61/><W58/><G58/><T85/><D29/><U119/><E119/><V104/><F108/><W135/><G135/><T4/><D84/><U20/><E127/><V10/><F86/><W125/><G125/><T102/><D34/><U65/><E126/><V89/><F50/><W14/><G14/><T54/><D54/><U95/><E33/><V99/><F55/><W8/><G8/><T44/><D44/><U67/><E32/><V41/><F47/><RYUUKYOKU ba="1,2" sc="270,15,240,-15,240,-15,230,15" hai0="4,11,12,16,22,23,25,30,85,91,94,100,102" hai3="19,21,27,45,49,52,76,77,78,80,82,97,101" /><INIT seed="0,2,2,3,4,8" ten="285,225,225,245" oya="0" hai0="9,105,130,125,132,13,68,103,6,82,135,110,85" hai1="91,94,72,98,61,7,108,96,34,126,11,14,42" hai2="67,63,128,111,4,32,45,117,1,36,104,73,24" hai3="106,2,12,101,0,114,28,79,25,77,97,134,55"/><T39/><D68/><U54/><E108/><V23/><F111/><W107/><G114/><T69/><D110/><U113/><E126/><V19/><F128/><W35/><G106/><T75/><D39/><U95/><E113/><V60/><F117/><W38/><G38/><T92/><D69/><U121/><E121/><V93/><F104/><W53/><G134/><N who="0" m="51243" /><D130/><U43/><E34/><V74/><F32/><W70/><G70/><T99/><D125/><U81/><E72/><V80/><F4/><W31/><G31/><T112/><D112/><U58/><REACH who="1" step="1"/><E81/><REACH who="1" ten="285,215,225,245" step="2"/><V127/><F80/><W86/><G35/><T10/><D75/><U47/><E47/><V17/><F45/><W89/><G79/><N who="0" m="46303" /><D9/><U123/><E123/><V20/><F74/><W16/><G77/><T41/><D41/><U27/><E27/><V119/><F24/><W50/><G25/><T129/><D129/><U51/><E51/><V65/><F73/><W120/><G50/><T90/><D105/><U118/><E118/><V64/><F127/><W88/><G107/><T109/><D109/><U44/><E44/><V76/><F119/><W59/><G120/><T78/><D78/><U46/><E46/><V84/><F36/><W124/><G124/><T29/><D29/><U5/><E5/><V115/><F115/><W30/><G28/><T100/><AGARI ba="2,3" hai="6,10,13,90,92,99,100,103" m="46303,51243" machi="100" ten="30,3000,0" yaku="20,1,52,1" doraHai="8" who="0" fromWho="0" sc="285,66,215,-12,225,-12,245,-12" /><INIT seed="0,3,0,3,0,3" ten="351,203,213,233" oya="0" hai0="10,107,82,42,34,125,95,65,66,87,63,61,111" hai1="97,28,128,122,121,62,36,13,25,19,57,130,2" hai2="24,94,4,18,49,31,29,79,80,93,48,60,108" hai3="81,104,129,115,106,133,17,38,5,88,84,45,8"/><T135/><D107/><U112/><E36/><V1/><F108/><W96/><G115/><T21/><D34/><N who="1" m="20751" /><E97/><V53/><F1/><W54/><G129/><N who="1" m="49770" /><E112/><V69/><F4/><W118/><G118/><T41/><D135/><U44/><E44/><V46/><F18/><W14/><G133/><T134/><D125/><U35/><E2/><V30/><F24/><W52/><G17/><T124/><D124/><U100/><E100/><V20/><F20/><W59/><G96/><T120/><D21/><N who="1" m="11503" /><E35/><V26/><F46/><W0/><G0/><T123/><D134/><U55/><AGARI ba="3,0" hai="55,57,62,121,122" m="11503,49770,20751" machi="55" ten="30,1100,0" yaku="19,1" doraHai="3" who="1" fromWho="1" sc="351,-8,203,20,213,-6,233,-6" /><INIT seed="1,0,0,1,3,128" ten="343,223,207,227" oya="1" hai0="76,25,3,133,90,8,91,130,29,22,7,83,94" hai1="9,24,18,72,84,45,59,92,74,116,113,127,82" hai2="98,109,49,10,57,34,118,124,89,96,121,95,87" hai3="69,11,86,52,64,73,111,67,62,104,26,36,54"/><U132/><E113/><V2/><F109/><W41/><G73/><T77/><D130/><U75/><E116/><V21/><F118/><W33/><G111/><T39/><D39/><U38/><E127/><V31/><F121/><W70/><G104/><T0/><D0/><U106/><E106/><V125/><F34/><W102/><G102/><T114/><D114/><U19/><E59/><V51/><F10/><W42/><G86/><T61/><D61/><U50/><E38/><V65/><F2/><W68/><G11/><T46/><D46/><U1/><E92/><V81/><F98/><W55/><G36/><T4/><D4/><U126/><E126/><V13/><F124/><W14/><G14/><T32/><D32/><U6/><E24/><N who="2" m="16783" /><F13/><W110/><G110/><T37/><D37/><U131/><E131/><V88/><F125/><W85/><G85/><T27/><D27/><U35/><E35/><V15/><F15/><W107/><G107/><T43/><D76/><U48/><E48/><V60/><AGARI ba="0,0" hai="49,51,57,60,65,81,87,88,89,95,96" m="16783" machi="60" ten="30,2000,0" yaku="8,1,54,1" doraHai="128" who="2" fromWho="2" sc="343,-5,223,-10,207,20,227,-5" /><INIT seed="2,0,0,0,0,26" ten="338,213,227,222" oya="2" hai0="122,44,107,85,106,16,134,110,24,31,58,38,45" hai1="94,0,89,49,55,66,19,120,5,100,36,40,82" hai2="125,83,39,97,53,18,73,15,130,57,37,35,133" hai3="30,88,76,80,74,84,2,119,28,4,102,67,17"/><V41/><F35/><W61/><G119/><T90/><D122/><U113/><E120/><V112/><F112/><W114/><G114/><T54/><D110/><U20/><E113/><V86/><F125/><W87/><G74/><T56/><D134/><U64/><E100/><V81/><F133/><W77/><G102/><T135/><D135/><U69/><E82/><V78/><F130/><W95/><G76/><T75/><D75/><U128/><E128/><V129/><F97/><W27/><G4/><T14/><D38/><U117/><E117/><V8/><F41/><W116/><G2/><T6/><D6/><U105/><E105/><V9/><F9/><W51/><G51/><N who="0" m="29031" /><D45/><U65/><E40/><V50/><REACH who="2" step="1"/><F129/><REACH who="2" ten="338,213,217,222" step="2"/><W123/><G123/><T11/><D107/><U10/><E36/><V12/><F12/><W92/><G116/><T25/><D106/><U62/><E20/><V79/><AGARI ba="0,1" hai="8,15,18,37,39,50,53,57,73,78,79,81,83,86" machi="79" ten="20,3900,0" yaku="1,1,0,1,7,1,53,0" doraHai="26" doraHaiUra="108" who="2" fromWho="2" sc="338,-13,213,-13,217,49,222,-13" /><INIT seed="2,1,0,2,1,88" ten="325,200,266,209" oya="2" hai0="34,131,42,52,102,23,37,109,25,22,82,38,119" hai1="7,113,132,36,26,39,43,31,50,117,79,100,120" hai2="1,77,71,6,114,55,78,76,29,98,118,67,75" hai3="17,125,121,83,70,66,122,90,11,19,35,41,68"/><V91/><F114/><W54/><G35/><T96/><D109/><U15/><E117/><V101/><F118/><W115/><G115/><T12/><D119/><U18/><E113/><V87/><F29/><W40/><G125/><T16/><D42/><U80/><E132/><V123/><F123/><W13/><G54/><T10/><D23/><U111/><E100/><V116/><F116/><W33/><G33/><T3/><D82/><U28/><E111/><V14/><F1/><W53/><G53/><T69/><D69/><U58/><E7/><V84/><F84/><W130/><G130/><T2/><D131/><U73/><E31/><V30/><F30/><W20/><G83/><T46/><D34/><U104/><E104/><V27/><F27/><W49/><G90/><T63/><D37/><U128/><E128/><V134/><F134/><W45/><G41/><T126/><D38/><U106/><E106/><V133/><F133/><W86/><G86/><T44/><D3/><U97/><E97/><V9/><F75/><W62/><REACH who="3" step="1"/><G68/><REACH who="3" ten="325,200,266,199" step="2"/><T110/><D126/><U4/><E43/><V47/><F55/><W99/><G99/><T108/><D108/><U127/><E127/><V5/><F47/><W61/><G61/><T112/><D110/><U103/><E120/><V81/><F71/><W105/><G105/><T32/><D112/><U95/><E80/><V124/><F124/><W135/><G135/><T24/><D63/><U59/><E73/><V93/><REACH who="2" step="1"/><F67/><REACH who="2" ten="325,200,256,199" step="2"/><W64/><G64/><T21/><D44/><U56/><E56/><V0/><F0/><W48/><G48/><RYUUKYOKU ba="1,2" sc="325,-15,200,-15,256,15,199,15" hai2="5,6,9,14,76,77,78,81,87,91,93,98,101" hai3="11,13,17,19,20,40,45,49,62,66,70,121,122" /><INIT seed="2,2,2,5,1,105" ten="310,185,271,214" oya="2" hai0="69,117,126,67,62,110,132,77,8,88,31,83,74" hai1="48,102,95,73,5,65,2,59,15,54,50,90,128" hai2="107,125,116,4,63,33,103,13,75,12,78,35,131" hai3="106,135,36,82,112,79,7,40,26,56,68,130,120"/><V0/><F116/><W22/><G68/><T11/><D117/><U61/><E2/><V121/><F121/><W16/><G106/><T86/><D110/><U49/><E128/><V93/><F107/><W80/><G120/><T113/><D113/><U104/><E73/><V25/><F131/><W99/><G130/><T109/><D109/><U39/><E39/><V134/><F125/><W47/><G112/><T24/><D126/><U101/><E104/><V19/><F0/><W32/><G135/><T38/><D38/><U124/><E65/><V18/><F4/><W27/><G99/><T94/><REACH who="0" step="1"/><D132/><REACH who="0" ten="300,185,271,214" step="2"/><U6/><E124/><V127/><F134/><W71/><G36/><T123/><D123/><U66/><E66/><V92/><F127/><W55/><G32/><AGARI ba="2,3" hai="8,11,24,31,32,62,67,69,74,77,83,86,88,94" machi="32" ten="30,7700,0" yaku="1,1,7,1,52,1,54,1,53,0" doraHai="105" doraHaiUra="14" who="0" fromWho="3" sc="300,113,185,0,271,0,214,-83" /><INIT seed="3,0,0,4,0,131" ten="413,185,271,131" oya="3" hai0="95,135,2,106,24,17,110,63,89,134,102,83,16" hai1="1,5,27,65,59,30,130,79,35,7,90,96,12" hai2="109,33,81,60,114,29,15,0,55,10,72,67,88" hai3="13,76,129,121,39,93,126,44,75,125,133,51,68"/><W25/><G121/><T22/><D2/><U21/><E130/><V91/><F114/><W117/><G117/><T58/><D110/><U77/><E7/><V28/><F0/><W119/><G119/><T132/><D83/><U86/><E96/><V111/><F55/><W50/><G129/><T53/><D106/><U43/><E43/><V23/><F23/><W107/><G107/><T41/><D41/><U73/><E73/><V113/><F113/><W82/><G68/><T46/><D46/><U101/><E101/><V49/><F49/><W87/><G13/><T11/><D11/><N who="1" m="2479" /><E59/><V8/><F8/><W115/><G115/><T118/><D118/><U56/><E56/><V52/><F52/><W42/><G25/><T45/><D45/><U104/><E65/><V70/><F33/><W108/><G108/><N who="2" m="41545" /><F72/><W6/><G6/><T97/><D102/><U112/><E112/><V61/><F61/><W62/><G62/><T124/><D17/><N who="1" m="10407" /><E104/><V80/><F80/><AGARI ba="0,0" hai="27,30,35,77,79,80,86,90" m="10407,2479" machi="80" ten="30,1000,0" yaku="24,1" doraHai="131" who="1" fromWho="2" sc="413,0,185,10,271,-10,131,0" /><INIT seed="4,0,0,0,4,17" ten="413,195,261,131" oya="0" hai0="100,102,133,16,44,98,14,59,74,126,115,42,130" hai1="106,85,49,113,124,55,63,41,87,40,114,118,116" hai2="58,13,119,83,96,0,23,39,54,86,26,84,122" hai3="95,38,27,129,22,34,108,9,68,123,110,88,112"/><T121/><D121/><U5/><E106/><V60/><F122/><W91/><G123/><T111/><D111/><U47/><E5/><V53/><F0/><W127/><G34/><T18/><D115/><N who="1" m="44043" /><E87/><V62/><F39/><W7/><G38/><T94/><D74/><U24/><E85/><V3/><F3/><W82/><G112/><T32/><D32/><U120/><E120/><V64/><F119/><N who="1" m="45609" /><E24/><V66/><F13/><W61/><G82/><T6/><D133/><U117/><N who="1" m="45617" /><U103/><DORA hai="109" /><E103/><V99/><F99/><W2/><G91/><T48/><D126/><U104/><E104/><V77/><F96/><W76/><G76/><T73/><D73/><U8/><E8/><V10/><F86/><W72/><G72/><T78/><D78/><U105/><E105/><V107/><F10/><W80/><G127/><T57/><D130/><U31/><E31/><V70/><REACH who="2" step="1"/><F107/><REACH who="2" ten="413,195,251,131" step="2"/><W134/><G108/><T43/><D100/><U135/><E124/><V46/><F46/><W33/><G110/><T1/><D1/><U20/><E135/><V75/><F75/><W81/><G134/><T101/><D101/><U28/><E47/><V35/><F35/><W50/><G9/><T12/><D102/><U51/><E20/><V37/><F37/><W45/><G22/><T90/><D44/><U125/><E125/><V132/><F132/><W89/><G45/><T52/><D98/><U19/><E41/><V65/><F65/><W30/><G33/><T92/><D42/><U25/><E40/><V29/><AGARI ba="0,1" hai="23,26,29,53,54,58,60,62,64,66,70,77,83,84" machi="29" ten="20,8000,1" yaku="1,1,0,1,7,1,52,1,53,1" doraHai="17,109" doraHaiUra="67,97" who="2" fromWho="2" sc="413,-40,195,-20,251,90,131,-20" /><INIT seed="5,0,0,0,4,47" ten="373,175,341,111" oya="1" hai0="74,18,0,78,119,130,52,39,56,65,10,28,71" hai1="59,48,76,68,96,133,29,87,53,49,54,77,89" hai2="121,42,93,118,111,95,60,15,117,97,105,6,62" hai3="110,24,132,83,73,36,112,80,43,120,128,41,102"/><U85/><E68/><V63/><F121/><W131/><G110/><T40/><D119/><U98/><E133/><V72/><F111/><W123/><G132/><T101/><D101/><U38/><E38/><V116/><F72/><W129/><G112/><T14/><D28/><U55/><E55/><V44/><F105/><W99/><G24/><T13/><D0/><U50/><E29/><V70/><F70/><W94/><G36/><T45/><D130/><U115/><E115/><V64/><F64/><W35/><G35/><T91/><D91/><U92/><E49/><V9/><REACH who="2" step="1"/><F97/><REACH who="2" ten="373,175,331,111" step="2"/><N who="1" m="37481" /><E87/><V57/><F57/><AGARI ba="0,1" hai="48,50,53,54,57,59,76,77,85,89,92" m="37481" machi="57" ten="30,5800,0" yaku="8,1,52,2" doraHai="47" who="1" fromWho="2" sc="373,0,175,68,331,-58,111,0" /><INIT seed="5,1,0,4,2,9" ten="373,243,273,111" oya="1" hai0="25,58,40,77,23,45,65,48,22,24,50,102,64" hai1="44,60,78,112,11,130,0,107,14,31,116,10,79" hai2="51,74,26,84,97,19,123,99,100,73,132,87,111" hai3="20,89,57,35,109,42,61,66,34,128,80,110,43"/><U47/><E116/><V21/><F111/><W88/><G128/><T91/><D77/><U104/><E31/><V38/><F38/><W96/><G20/><T36/><D36/><U63/><E0/><V131/><F123/><W2/><G2/><T117/><D102/><U67/><E67/><V75/><F131/><W53/><G109/><T114/><D114/><U127/><E130/><V62/><F132/><W27/><G110/><T3/><D3/><U90/><E90/><V134/><F134/><W105/><G53/><T69/><D69/><U124/><REACH who="1" step="1"/><E14/><REACH who="1" ten="373,233,273,111" step="2"/><V106/><F99/><W103/><G89/><T41/><D91/><U4/><E4/><V56/><REACH who="2" step="1"/><F51/><REACH who="2" ten="373,233,263,111" step="2"/><W52/><G96/><T76/><D117/><U133/><E133/><V118/><F118/><W28/><G61/><T17/><D48/><U54/><E54/><AGARI ba="1,2" hai="19,21,26,54,56,62,73,74,75,84,87,97,100,106" machi="54" ten="40,1300,0" yaku="1,1,53,0" doraHai="9" doraHaiUra="135" who="2" fromWho="1" sc="373,0,233,-16,263,36,111,0" /><INIT seed="6,0,0,5,5,76" ten="373,217,299,111" oya="2" hai0="100,68,5,74,89,17,96,93,122,45,52,20,71" hai1="112,35,98,64,19,55,79,105,80,42,118,4,50" hai2="13,128,67,61,15,23,3,106,94,107,7,131,53" hai3="60,38,109,43,18,134,114,123,84,124,2,72,70"/><V130/><F53/><W39/><RYUUKYOKU type="yao9" ba="0,0" sc="373,0,217,0,299,0,111,0" hai3="2,18,38,39,43,60,70,72,84,109,114,123,124,134" /><INIT seed="6,1,0,4,0,129" ten="373,217,299,111" oya="2" hai0="124,61,9,121,69,47,122,52,104,54,16,34,56" hai1="30,12,45,14,17,100,72,39,62,46,126,24,55" hai2="36,120,93,4,59,91,73,111,43,88,3,99,89" hai3="7,25,48,103,57,53,26,132,1,117,116,112,32"/><V130/><F120/><W109/><G109/><T33/><D104/><U42/><E72/><V81/><F130/><W23/><G112/><T74/><D74/><U95/><E126/><V29/><F111/><W123/><G123/><T66/><D124/><U44/><E12/><V10/><F29/><W8/><G103/><T135/><D135/><U105/><E105/><V58/><F58/><W75/><G75/><T67/><D121/><U85/><E55/><V84/><F59/><W77/><G77/><T119/><D122/><U80/><E62/><V15/><F15/><W20/><G32/><T108/><D108/><U83/><E39/><V40/><F40/><W87/><G87/><T114/><D114/><U28/><E42/><V19/><F19/><W49/><G49/><T110/><D110/><U31/><E24/><V107/><F107/><W79/><G79/><T51/><D119/><U27/><E27/><V38/><F38/><W6/><G6/><T128/><D128/><U11/><E100/><V133/><F133/><W101/><G101/><T98/><D33/><U118/><E118/><V125/><F125/><W50/><G50/><T63/><D34/><U96/><E96/><V41/><F41/><W60/><G48/><T70/><D70/><U113/><E113/><V131/><F131/><W21/><G132/><T37/><D69/><U82/><E95/><V35/><F35/><W92/><G92/><T13/><D37/><U18/><E85/><V127/><F127/><W97/><G97/><T68/><D68/><U5/><AGARI ba="1,0" hai="5,11,14,17,18,28,30,31,44,45,46,80,82,83" machi="5" ten="40,8000,1" yaku="0,1,29,2,8,1" doraHai="129" who="1" fromWho="1" sc="373,-21,217,83,299,-41,111,-21" /><INIT seed="7,0,0,0,4,9" ten="352,300,258,90" oya="3" hai0="10,116,110,4,72,135,80,43,91,66,102,76,89" hai1="32,69,15,84,46,132,67,119,0,60,54,29,88" hai2="23,8,85,6,58,105,97,95,118,2,47,115,74" hai3="17,81,98,28,40,51,87,34,61,113,117,27,124"/><W71/><G117/><T13/><D110/><U24/><E0/><V36/><F118/><W120/><G120/><T107/><D116/><U75/><E119/><V65/><F115/><W20/><G113/><T133/><D66/><U122/><E122/><V121/><F121/><W92/><G124/><T18/><D43/><U94/><E75/><V37/><F105/><W25/><G71/><T56/><D56/><U3/><E3/><V109/><F74/><W90/><G61/><T125/><D125/><U21/><E132/><N who="0" m="50761" /><D102/><U38/><E38/><V82/><F23/><W45/><REACH who="3" step="1"/><G81/><REACH who="3" ten="352,300,258,80" step="2"/><T57/><D80/><U127/><E127/><V86/><F82/><W59/><G59/><T62/><D57/><U41/><E69/><V22/><F58/><W93/><G93/><T26/><D62/><U49/><E60/><V11/><F95/><W103/><G103/><T111/><D107/><U104/><E104/><V131/><F65/><W79/><G79/><T53/><D111/><U96/><E67/><V78/><F78/><W134/><G134/><T50/><D76/><U42/><E94/><V12/><F109/><W5/><G5/><T70/><D70/><U123/><E123/><V126/><F126/><W7/><G7/><T64/><D64/><U44/><E44/><V128/><F6/><W68/><G68/><T33/><D4/><U63/><E63/><V31/><F47/><W129/><G129/><T30/><D72/><U106/><E106/><V16/><F131/><W100/><G100/><T83/><D83/><N who="1" m="49183" /><E96/><AGARI ba="0,1" hai="17,20,25,27,28,34,40,45,51,87,90,92,96,98" machi="96" ten="40,2000,0" yaku="1,1,53,0" doraHai="9" doraHaiUra="77" who="3" fromWho="1" sc="352,0,300,-20,258,0,80,30" /><INIT seed="7,1,0,4,3,92" ten="352,280,258,110" oya="3" hai0="131,36,91,83,70,16,76,0,135,129,25,69,118" hai1="86,63,13,19,8,33,105,117,38,61,71,110,115" hai2="47,44,62,43,40,73,80,112,89,12,99,24,108" hai3="88,87,34,114,51,90,120,104,7,126,122,60,17"/><W128/><G114/><T50/><D36/><U94/><E38/><V46/><F108/><W119/><G119/><T53/><D0/><U85/><E110/><V96/><F112/><W121/><G126/><T11/><D91/><U9/><E105/><V49/><F62/><N who="1" m="23561" /><E33/><V113/><F113/><W79/><G128/><N who="0" m="49227" /><D135/><U58/><E71/><V55/><F24/><W42/><G34/><T32/><D11/><N who="1" m="6591" /><E115/><V72/><F72/><W28/><G28/><N who="0" m="19471" /><D16/><U31/><E58/><N who="2" m="33135" /><F73/><W66/><G7/><T20/><D20/><U123/><E31/><V65/><F12/><W116/><G116/><T133/><D133/><U82/><E123/><V106/><F106/><W1/><G1/><T77/><D118/><U56/><E56/><V57/><F57/><W39/><G39/><T111/><D111/><U78/><E117/><V67/><F67/><W81/><G104/><T35/><D35/><U3/><E3/><V134/><F65/><W107/><G107/><T64/><D64/><U48/><E48/><V10/><F10/><W124/><G124/><T132/><D50/><U95/><E95/><V98/><F134/><W75/><G17/><T41/><D132/><U21/><E21/><V97/><N who="2" m="24576" /><DORA hai="6" /><V22/><F22/><W4/><G4/><T93/><D93/><U59/><E59/><V74/><F74/><W130/><G75/><T5/><D69/><U103/><E103/><V26/><F26/><W100/><G130/><T125/><D70/><U45/><E45/><V101/><F101/><W23/><G23/><T102/><D125/><U14/><E14/><V68/><F68/><RYUUKYOKU ba="1,0" sc="352,-15,280,15,258,15,110,-15" hai1="8,9,78,82,85,86,94" hai2="40,43,44,46,47,80,89" owari="337,43.7,295,9.5,273,-12.7,95,-40.5" /></mjloggm>