<mjloggm ver="2.3"><GO type="169" lobby="0"/><UN n0="%E3%83%87%E3%83%A9%E3%82%B3%E3%83%83%E3%82%B3" n1="%E4%BA%8C%E9%9A%8E%E5%A0%82%E7%9C%9F%E7%B4%85%E3%81%A1%E3%82%83%E3%82%93" n2="%E5%BA%84%E5%8F%B8%E5%81%A5%E5%A4%AA%E6%9C%97" n3="%E7%99%BE%E9%87%8E%E3%81%95%E3%82%93" dan="16,16,16,17" rate="2108.31,2131.08,2056.99,2193.26" sx="M,M,M,M"/><TAIKYOKU oya="0"/><INIT seed="0,0,0,2,5,80" ten="250,250,250,250" oya="0" hai0="31,134,71,96,39,32,30,87,64,46,101,70,125" hai1="2,94,119,79,75,68,123,28,118,124,131,3,98" hai2="44,15,53,127,55,89,35,111,10,84,99,6,26" hai3="93,69,110,59,129,90,121,49,112,56,115,103,97"/><T104/><D125/><U116/><E68/><V45/><F111/><W16/><G69/><T27/><D31/><U52/><E123/><V130/><F130/><W0/><G110/><T76/><D134/><U36/><E36/><V100/><F127/><W72/><G129/><T92/><D76/><U63/><E131/><V17/><F35/><W19/><G0/><T117/><D117/><U43/><E43/><V74/><F74/><W48/><G72/><T128/><D128/><U86/><E28/><V61/><F26/><W51/><G121/><T67/><D67/><U25/><E25/><V41/><F6/><W1/><G1/><T24/><D24/><U102/><E75/><V66/><F99/><W33/><G33/><T20/><D20/><U107/><E124/><V122/><F100/><W14/><G103/><T37/><D46/><N who="2" m="18026" /><F41/><W12/><G112/><T65/><D65/><U7/><E7/><V40/><F40/><W34/><G34/><T38/><REACH who="0" step="1"/><D64/><REACH who="0" ten="240,250,250,250" step="2"/><U114/><E114/><V82/><F122/><W13/><G115/><T91/><AGARI ba="0,1" hai="27,30,32,37,38,39,70,71,87,91,92,96,101,104" machi="91" ten="40,12000,1" yaku="1,1,2,1,0,1,52,1,53,1" doraHai="80" doraHaiUra="85" who="0" fromWho="0" sc="240,130,250,-40,250,-40,250,-40" /><INIT seed="0,1,0,2,5,12" ten="370,210,210,210" oya="0" hai0="123,107,23,125,55,66,109,93,85,74,31,131,29" hai1="68,10,78,45,24,3,104,8,21,47,94,86,129" hai2="121,119,89,39,128,27,70,130,115,6,49,110,75" hai3="17,73,20,30,58,134,60,87,101,16,117,108,46"/><T84/><D123/><U124/><E104/><V102/><F39/><W38/><G117/><T77/><D107/><U59/><E68/><V112/><F70/><W33/><G73/><T14/><D74/><U106/><E106/><V1/><F75/><W95/><G33/><T0/><D0/><U126/><E129/><V40/><F102/><W82/><G108/><T54/><D66/><U76/><E59/><V41/><F89/><W44/><G134/><T35/><D35/><U28/><E94/><V11/><F121/><W133/><G133/><T122/><D122/><U65/><E65/><V113/><F110/><W32/><G32/><T53/><D131/><N who="2" m="50218" /><F119/><W43/><G38/><T13/><D125/><U51/><E47/><N who="3" m="17962" /><G43/><N who="2" m="16457" /><F49/><W2/><G2/><T34/><D34/><U96/><E3/><V25/><AGARI ba="1,0" hai="1,6,11,25,27,112,113,115" m="16457,50218" machi="25" ten="40,1500,0" yaku="19,1" doraHai="12" who="2" fromWho="2" sc="370,-8,210,-5,210,18,210,-5" /><INIT seed="1,0,0,4,2,35" ten="362,205,228,205" oya="1" hai0="37,92,11,45,131,62,124,70,103,4,19,76,38" hai1="93,32,130,99,82,41,50,78,26,94,98,129,39" hai2="43,16,71,86,18,36,107,85,118,116,117,53,40" hai3="135,46,57,119,83,2,66,133,102,1,8,12,128"/><U73/><E39/><V20/><F107/><W6/><G128/><N who="1" m="49258" /><E41/><N who="2" m="15947" /><F20/><W132/><G46/><T27/><D45/><U52/><E32/><V5/><F5/><W21/><G119/><T127/><D76/><U64/><E64/><V113/><F53/><W25/><G102/><T96/><D131/><U100/><E26/><V101/><F101/><W108/><G108/><T123/><D27/><U42/><E42/><V110/><F110/><W15/><G83/><T14/><D123/><U115/><E115/><V51/><F51/><W125/><G125/><N who="0" m="48203" /><D19/><N who="2" m="7210" /><F71/><W63/><G15/><T9/><D9/><U114/><E114/><V33/><F33/><W55/><G66/><AGARI ba="0,0" hai="4,11,14,37,38,62,66,70,92,96,103" m="48203" machi="66" ten="30,1000,0" yaku="18,1" doraHai="35" who="0" fromWho="3" sc="362,10,205,0,228,0,205,-10" /><INIT seed="2,0,0,5,5,50" ten="372,205,228,195" oya="2" hai0="71,127,11,42,26,126,15,98,38,1,36,65,117" hai1="92,73,133,119,104,123,51,16,110,6,130,67,23" hai2="129,90,62,35,21,37,105,49,70,89,97,29,52" hai3="103,17,3,93,79,9,77,88,10,56,55,131,83"/><V87/><F37/><W75/><G131/><T34/><D117/><U43/><E104/><V80/><F129/><W0/><G103/><T14/><D98/><U13/><E130/><V76/><F35/><W2/><G79/><T53/><D1/><U120/><E119/><V31/><F70/><W108/><G108/><T82/><D82/><U57/><E73/><V72/><F62/><W118/><G118/><T122/><D122/><U28/><E133/><V94/><F21/><W86/><REACH who="3" step="1"/><G17/><REACH who="3" ten="372,205,228,185" step="2"/><T39/><D127/><U54/><E110/><V100/><REACH who="2" step="1"/><F89/><REACH who="2" ten="372,205,218,185" step="2"/><W19/><G19/><T84/><D34/><U69/><E16/><V61/><F61/><AGARI ba="0,2" hai="0,2,3,9,10,55,56,61,75,77,83,86,88,93" machi="61" ten="40,5200,0" yaku="1,1,52,1,54,1,53,0" doraHai="50" doraHaiUra="114" who="3" fromWho="2" sc="372,0,205,0,218,-52,185,72" /><INIT seed="3,0,0,5,1,14" ten="372,205,166,257" oya="3" hai0="45,0,20,48,118,17,36,7,63,77,60,83,68" hai1="90,73,58,126,49,99,41,116,12,82,62,44,6" hai2="133,39,3,54,121,131,19,135,92,95,110,117,18" hai3="46,124,88,111,122,80,106,55,112,93,64,91,9"/><W28/><G112/><T109/><D109/><U47/><E126/><V70/><F117/><W5/><G122/><T89/><D68/><U15/><E116/><V4/><F39/><W56/><G106/><T130/><D130/><U65/><E6/><V61/><F110/><W103/><G111/><T81/><D36/><U78/><REACH who="1" step="1"/><E47/><REACH who="1" ten="372,195,166,257" step="2"/><V38/><F131/><W1/><G46/><T27/><D7/><U59/><E59/><N who="2" m="35063" /><F70/><W128/><G124/><T115/><D45/><U40/><E40/><V23/><F38/><W107/><G128/><T84/><D118/><U50/><E50/><V108/><F108/><W32/><G56/><T29/><D48/><U43/><E43/><V52/><F121/><W31/><G5/><T97/><D115/><U10/><E10/><V66/><F4/><W34/><G9/><T21/><D0/><U120/><E120/><V2/><F3/><W85/><G1/><T98/><D63/><U57/><E57/><V37/><F37/><W35/><G55/><T123/><D60/><U53/><E53/><V96/><F2/><W51/><G51/><T13/><REACH who="0" step="1"/><D123/><REACH who="0" ten="362,195,166,257" step="2"/><U101/><E101/><V76/><F66/><W129/><G64/><T75/><AGARI ba="0,2" hai="13,17,20,21,27,29,75,77,81,83,84,89,97,98" machi="75" ten="20,8000,1" yaku="1,1,2,1,0,1,7,1,52,1,53,0" doraHai="14" doraHaiUra="114" who="0" fromWho="0" sc="362,100,195,-20,166,-20,257,-40" /><INIT seed="4,0,0,3,0,124" ten="462,175,146,217" oya="0" hai0="35,9,17,46,128,18,114,25,15,60,55,91,81" hai1="104,65,134,80,102,83,92,86,75,32,97,96,45" hai2="37,100,121,110,98,22,54,103,42,113,130,4,51" hai3="2,0,50,122,95,88,62,16,61,135,108,125,119"/><T82/><D114/><U36/><E32/><V7/><F113/><W49/><G108/><T93/><D128/><U64/><E134/><V78/><F121/><W94/><G119/><T13/><D35/><U117/><E117/><V34/><F34/><W23/><G135/><T120/><D25/><U90/><E36/><V6/><F110/><W67/><G125/><T123/><D123/><U58/><E45/><V107/><F37/><W44/><G95/><T26/><D26/><U5/><E5/><V28/><F42/><W20/><G122/><T29/><D29/><U132/><E58/><V99/><F78/><W77/><G77/><T1/><D1/><U19/><E19/><V85/><F85/><W76/><G76/><T21/><D120/><U27/><E27/><V47/><F22/><W73/><G23/><T63/><D63/><U89/><E132/><V111/><F28/><W30/><G30/><T41/><D60/><U106/><E64/><V112/><F112/><W133/><G73/><T39/><D55/><U38/><E65/><V109/><REACH who="2" step="1"/><F130/><REACH who="2" ten="462,175,136,217" step="2"/><W59/><G133/><T71/><D71/><U57/><E38/><V48/><F48/><W43/><G50/><T8/><D21/><U69/><E69/><V115/><F115/><W12/><G61/><T105/><D105/><AGARI ba="0,1" hai="4,6,7,47,51,54,98,99,100,103,105,107,109,111" machi="105" ten="40,2600,0" yaku="1,1,9,1,53,0" doraHai="124" doraHaiUra="74" who="2" fromWho="0" sc="462,-26,175,0,136,36,217,0" /><INIT seed="5,0,0,2,3,7" ten="436,175,172,217" oya="1" hai0="41,90,16,6,133,109,11,77,28,47,82,105,93" hai1="127,49,42,75,81,33,98,40,46,26,56,17,12" hai2="87,116,55,135,1,119,3,27,59,48,54,99,118" hai3="101,103,111,123,125,121,38,73,112,64,14,69,60"/><U74/><E127/><V65/><F65/><W96/><G111/><T92/><D105/><U129/><E129/><V83/><F135/><W13/><G112/><T37/><D28/><U88/><E42/><V8/><F99/><W50/><G38/><T43/><D43/><U78/><E75/><V52/><F27/><W91/><G125/><T66/><D66/><U115/><E115/><V18/><F3/><W120/><G73/><N who="0" m="43311" /><D109/><U21/><E56/><V0/><F0/><W51/><G91/><T34/><D34/><U5/><E33/><V134/><F134/><W2/><G2/><N who="0" m="471" /><D90/><U44/><E44/><V94/><F94/><W122/><G123/><T76/><D76/><U25/><REACH who="1" step="1"/><E5/><REACH who="1" ten="436,165,172,217" step="2"/><V62/><F1/><W71/><G121/><T23/><D133/><U68/><E68/><V9/><F18/><W84/><G71/><T20/><D16/><U70/><E70/><V107/><F107/><W63/><G69/><T86/><D47/><U58/><E58/><V10/><REACH who="2" step="1"/><F62/><REACH who="2" ten="436,165,162,217" step="2"/><W19/><G63/><T124/><D124/><U79/><E79/><AGARI ba="0,2" hai="8,9,10,48,52,54,55,59,79,83,87,116,118,119" machi="79" ten="50,12000,2" yaku="1,1,2,1,52,3,54,1,53,0" doraHai="7" doraHaiUra="57" who="2" fromWho="1" sc="436,0,165,-120,162,140,217,0" /><INIT seed="6,0,0,1,5,75" ten="436,45,302,217" oya="2" hai0="57,93,124,50,99,126,133,106,125,129,95,38,127" hai1="60,85,31,128,135,45,32,49,52,79,64,10,13" hai2="98,40,111,87,6,21,105,36,26,0,83,58,14" hai3="71,59,131,84,100,70,73,2,35,4,91,76,11"/><V117/><F117/><W94/><G35/><T103/><D126/><U39/><E135/><V102/><F111/><W33/><G33/><T18/><D38/><U80/><E128/><V114/><F114/><W104/><G131/><T17/><D129/><U30/><E39/><V41/><F0/><W25/><G25/><T132/><D57/><U20/><E20/><V29/><F36/><W22/><G22/><T19/><D50/><U63/><E32/><V46/><F46/><W7/><G7/><T43/><D43/><U54/><E54/><V62/><F14/><W88/><G91/><T28/><D28/><U115/><E115/><V15/><F15/><W122/><G59/><T61/><D61/><U108/><E108/><V27/><F27/><W66/><G66/><T65/><D65/><U112/><E63/><V42/><F6/><W48/><G48/><T130/><D130/><U134/><E134/><AGARI ba="0,0" hai="17,18,19,93,95,99,103,106,124,125,127,132,133,134" machi="134" ten="50,3200,0" yaku="18,1,20,1" doraHai="75" who="0" fromWho="1" sc="436,32,45,-32,302,0,217,0" /><INIT seed="7,0,0,2,2,60" ten="468,13,302,217" oya="3" hai0="82,50,61,58,17,108,95,6,65,71,21,97,12" hai1="86,79,116,9,54,117,125,53,74,23,66,96,25" hai2="83,78,42,120,123,11,128,101,68,41,87,52,37" hai3="80,47,105,7,76,1,18,104,93,39,19,85,30"/><W69/><G69/><T48/><D108/><U102/><E74/><V45/><F128/><W13/><G1/><T75/><D71/><U72/><E72/><V32/><F68/><W73/><G30/><T28/><D6/><U40/><E125/><V59/><F32/><W122/><G122/><N who="2" m="46633" /><F42/><W132/><G132/><T118/><D118/><U49/><E40/><V14/><F101/><W106/><G7/><T62/><D62/><U133/><E133/><V5/><F52/><W57/><G57/><AGARI ba="0,0" hai="5,11,14,37,41,45,57,59,78,83,87" m="46633" machi="57" ten="30,1000,0" yaku="13,1" doraHai="60" who="2" fromWho="3" sc="468,0,13,0,302,10,217,-10" owari="468,56.8,13,-48.7,312,11.2,207,-19.3" /></mjloggm>