<mjloggm ver="2.3"><GO type="225" lobby="0"/><UN n0="%E6%A0%B9%E5%85%83%E3%81%8B%E3%82%89%E5%90%B9%E3%81%A3%E9%A3%9B%E3%81%B6" n1="%E6%81%A5%E6%99%92%E3%81%97" n2="%E3%81%A4%E3%81%A3%E3%81%B1%E3%82%8A%E3%83%9D%E3%83%BC%E3%83%AB" n3="%E3%83%96%E3%83%83%E3%83%91%E3%82%AA%E3%83%96%E3%83%81%E3%82%AD%E3%83%B3" dan="16,16,17,16" rate="2142.72,2050.43,2181.96,2146.51" sx="F,M,M,M"/><TAIKYOKU oya="0"/><INIT seed="0,0,0,5,1,64" ten="250,250,250,250" oya="0" hai0="20,78,90,103,108,113,3,116,21,1,107,6,77" hai1="67,131,45,4,16,80,105,12,118,9,0,72,110" hai2="117,82,42,89,98,53,13,38,18,7,101,39,70" hai3="87,34,41,50,5,65,129,93,61,73,35,111,57"/><T127/><D108/><U52/><E118/><V58/><F117/><W134/><G73/><T60/><D116/><U24/><E110/><V114/><F114/><W37/><G111/><T47/><D113/><U128/><E105/><V17/><F70/><W97/><G129/><N who="1" m="49738" /><E67/><V44/><F39/><W2/><G134/><T75/><D127/><U83/><E72/><V109/><F109/><W23/><G87/><T25/><D103/><U26/><E26/><V86/><F7/><W104/><G104/><T63/><D90/><U119/><E24/><V33/><F33/><W15/><G2/><T122/><D47/><U123/><E123/><V51/><REACH who="2" step="1"/><F13/><REACH who="2" ten="250,250,240,250" step="2"/><W132/><G37/><T85/><D6/><U29/><E119/><V8/><F8/><W96/><G5/><T14/><D14/><U32/><E32/><V79/><F79/><W22/><G35/><T100/><D78/><U48/><E29/><V40/><F40/><W74/><G34/><T11/><D77/><U30/><E30/><V43/><F43/><W91/><G41/><T133/><D122/><U130/><N who="1" m="49746" /><U76/><DORA hai="19" /><E76/><V121/><F121/><W59/><G15/><T28/><D75/><U69/><E69/><V66/><F66/><W125/><G65/><T49/><D1/><U120/><E120/><V135/><F135/><W102/><G132/><T99/><D133/><U112/><E112/><V115/><F115/><W27/><G74/><T54/><D3/><U94/><E0/><V68/><F68/><W124/><G124/><T46/><D28/><U71/><E4/><V92/><AGARI ba="0,1" hai="17,18,38,42,44,51,53,58,82,86,89,92,98,101" machi="92" ten="20,8000,1" yaku="1,1,5,1,0,1,7,1,53,1" doraHai="64,19" doraHaiUra="84,106" who="2" fromWho="2" sc="250,-40,250,-20,240,90,250,-20" /><INIT seed="1,0,0,2,5,30" ten="210,230,330,230" oya="1" hai0="78,37,16,4,115,66,131,54,90,8,23,15,132" hai1="5,3,12,34,127,17,63,68,39,36,71,103,97" hai2="77,100,24,48,22,62,91,19,119,106,58,6,33" hai3="126,134,98,59,7,118,104,102,0,31,52,116,85"/><U124/><E3/><V61/><F119/><N who="3" m="45611" /><G134/><T65/><D115/><U99/><E5/><V44/><F33/><W84/><G126/><N who="1" m="48170" /><E99/><V129/><F129/><W49/><G31/><T111/><D131/><U94/><E34/><V96/><F77/><W25/><G25/><T107/><D132/><U123/><E123/><V28/><F6/><W53/><G53/><T38/><D111/><U125/><N who="1" m="48178" /><U121/><DORA hai="75" /><E121/><V21/><F58/><W57/><G57/><T56/><D107/><U13/><E13/><V79/><F79/><W109/><G109/><T117/><D117/><U82/><E82/><V55/><F91/><W88/><G88/><T83/><D38/><N who="1" m="14379" /><E63/><V89/><F89/><W18/><G18/><T46/><D90/><U101/><E101/><V135/><F135/><W50/><G50/><T45/><D78/><U86/><E86/><V105/><F105/><W110/><G110/><T92/><D83/><U2/><E2/><V43/><F62/><W60/><G60/><N who="0" m="35863" /><D92/><U10/><AGARI ba="0,0" hai="10,12,17,68,71,94,97,103" m="14379,48178" machi="10" ten="50,2400,0" yaku="18,1" doraHai="30,75" who="1" fromWho="1" sc="210,-8,230,24,330,-8,230,-8" /><INIT seed="1,1,0,4,0,66" ten="202,254,322,222" oya="1" hai0="94,131,129,39,24,52,82,25,105,7,33,45,71" hai1="42,104,49,12,46,123,23,72,134,85,62,100,76" hai2="87,128,56,132,63,65,8,92,90,89,51,101,91" hai3="5,50,112,109,32,81,57,0,103,125,95,130,34"/><U70/><E123/><V88/><F132/><W121/><G112/><T116/><D105/><U37/><E134/><V115/><F115/><W119/><G121/><T27/><D116/><U110/><E110/><V135/><F135/><W18/><G119/><T127/><D33/><U96/><E72/><V59/><F128/><N who="0" m="49226" /><D7/><U36/><E76/><V44/><F101/><W3/><G130/><T111/><D111/><U133/><E85/><V1/><F1/><W108/><G125/><T9/><D127/><U28/><E133/><V16/><F59/><W61/><G5/><T68/><D9/><U30/><E12/><N who="2" m="7175" /><F90/><W120/><G120/><T113/><D113/><U75/><E75/><V93/><F93/><W47/><G34/><T118/><D118/><U15/><E36/><V117/><F117/><W67/><G32/><T6/><D82/><U58/><E37/><V60/><F60/><W13/><G81/><T77/><D77/><U73/><E73/><V97/><F97/><N who="3" m="59839" /><G109/><T29/><D94/><U26/><E58/><V78/><F78/><W64/><G108/><T38/><D29/><U40/><E30/><V122/><F122/><W48/><G0/><T54/><D39/><U106/><E106/><V102/><F102/><W31/><G3/><T19/><D19/><N who="1" m="10751" /><E28/><V11/><F11/><N who="3" m="6463" /><G31/><T69/><D6/><U35/><E35/><V107/><F107/><W22/><G61/><T114/><D114/><U20/><E62/><V79/><F79/><W10/><G10/><T80/><D80/><U83/><E83/><V43/><AGARI ba="1,0" hai="43,44,51,56,63,65,87,88,89,91,92" m="7175" machi="43" ten="30,4000,0" yaku="8,1,54,2" doraHai="66" who="2" fromWho="2" sc="202,-11,254,-21,322,43,222,-11" /><INIT seed="2,0,0,3,0,84" ten="191,233,365,211" oya="2" hai0="97,0,21,61,107,99,122,124,102,130,135,119,95" hai1="85,88,14,131,101,15,42,34,121,83,8,55,133" hai2="78,89,6,17,39,28,50,48,19,123,58,32,62" hai3="134,87,4,74,41,71,64,46,18,111,132,92,93"/><V65/><F123/><W33/><G74/><T118/><D0/><U38/><E34/><V105/><F105/><W126/><G33/><T72/><D122/><U40/><E121/><V117/><F39/><W103/><G111/><T125/><D72/><U114/><E114/><V91/><F117/><N who="0" m="44554" /><D61/><U69/><E69/><V73/><F73/><W44/><G4/><T76/><D21/><U75/><E38/><V81/><F6/><W56/><G71/><T110/><D110/><U104/><E131/><V12/><F32/><W100/><G126/><N who="0" m="48747" /><D135/><N who="3" m="51753" /><G64/><T90/><D76/><U96/><E133/><V82/><F28/><W43/><G56/><T80/><D80/><N who="2" m="30826" /><F78/><W127/><G127/><T9/><D9/><U70/><E8/><N who="2" m="6279" /><F19/><W7/><G18/><T13/><D13/><U24/><E24/><V77/><F77/><W54/><G7/><T5/><D5/><U20/><E70/><V66/><F66/><W53/><G103/><N who="0" m="62959" /><D130/><U63/><E14/><V60/><F60/><W57/><G100/><AGARI ba="0,0" hai="90,95,99,100,102" m="62959,48747,44554" machi="100" ten="30,8000,1" yaku="12,1,18,1,34,2,52,1" doraHai="84" who="0" fromWho="3" sc="191,80,233,0,365,0,211,-80" /><INIT seed="3,0,0,1,2,135" ten="271,233,365,131" oya="3" hai0="42,112,121,64,69,113,109,30,100,134,67,119,88" hai1="66,15,53,49,122,83,62,73,106,48,9,128,11" hai2="7,34,39,27,84,118,86,20,41,60,6,76,117" hai3="108,44,31,5,45,70,68,123,126,65,32,3,131"/><W104/><G123/><T81/><D119/><U75/><E122/><V52/><F34/><W40/><G104/><T87/><D109/><U21/><E48/><V92/><F39/><N who="3" m="21535" /><G45/><T80/><D134/><U115/><E115/><N who="0" m="44105" /><D69/><N who="3" m="26729" /><G65/><N who="0" m="25163" /><D121/><U114/><E83/><N who="0" m="31817" /><D100/><U95/><E95/><V14/><F92/><W94/><G94/><N who="0" m="54559" /><D30/><U50/><E21/><V26/><F26/><N who="3" m="18551" /><G108/><T22/><D22/><U102/><E106/><V33/><F33/><W19/><G19/><T77/><D77/><U125/><E102/><V78/><F41/><AGARI ba="0,0" hai="41,42" m="54559,31817,25163,44105" machi="41" ten="30,2000,0" yaku="11,1,54,1" doraHai="135" who="0" fromWho="2" sc="271,20,233,0,365,-20,131,0" owari="291,9.1,233,-16.7,345,44.5,131,-36.9" /></mjloggm>