<mjloggm ver="2.3"><GO type="169" lobby="0"/><UN n0="%E3%81%84%E3%83%BC%E3%81%9F%E3%82%93%EF%BC%A0%E9%9D%92%E8%91%89" n1="%68%69%72%6F%30%33%30%39" n2="%E3%81%82%E3%81%AF%E3%82%82" n3="%E5%85%94%E6%96%AF%E5%9F%BA" dan="17,16,16,16" rate="2150.13,2068.23,2181.97,2087.63" sx="M,M,M,M"/><TAIKYOKU oya="0"/><INIT seed="0,0,0,2,3,42" ten="250,250,250,250" oya="0" hai0="11,114,68,50,73,130,123,119,89,16,117,83,51" hai1="122,65,43,80,67,77,70,34,74,94,86,78,55" hai2="102,45,90,22,32,9,133,39,124,28,98,79,5" hai3="31,71,14,2,46,127,128,97,87,27,81,105,62"/><T3/><D123/><U8/><E122/><V110/><F79/><W24/><G2/><T35/><D68/><U53/><E34/><V64/><F110/><W56/><G127/><T104/><D35/><U131/><E131/><V10/><F124/><W21/><G71/><T120/><D120/><U121/><E121/><V69/><F90/><W107/><G128/><T66/><D104/><U118/><E8/><V106/><F22/><W88/><G97/><T29/><D29/><U44/><E118/><V18/><F18/><W61/><G61/><T15/><D130/><U57/><E55/><V6/><F6/><W30/><G14/><T25/><D66/><U48/><E70/><V92/><F92/><W0/><G0/><T129/><D129/><U103/><E103/><V85/><F85/><W54/><REACH who="3" step="1"/><G46/><REACH who="3" ten="250,250,250,240" step="2"/><T63/><D63/><U95/><E65/><V115/><F64/><W135/><G135/><T20/><D114/><U72/><E67/><V19/><F115/><W84/><G84/><N who="0" m="50335" /><D117/><U12/><E86/><V59/><F69/><W126/><G126/><T134/><D119/><U113/><E12/><V60/><F133/><W96/><G96/><T49/><D134/><U38/><E113/><V132/><F132/><W93/><G93/><T40/><D73/><U112/><E112/><V52/><F60/><W76/><G76/><T100/><D3/><U91/><E91/><V108/><F98/><W41/><G41/><T7/><D100/><U23/><E78/><V116/><F102/><W36/><G36/><T17/><D40/><U47/><E43/><V111/><F116/><RYUUKYOKU ba="0,1" sc="250,15,250,-15,250,-15,240,15" hai0="7,11,15,16,17,20,25,49,50,51" hai3="21,24,27,30,31,54,56,62,81,87,88,105,107" /><INIT seed="0,1,1,3,4,65" ten="265,235,235,255" oya="0" hai0="131,51,69,41,85,132,3,42,97,116,71,44,118" hai1="13,106,110,55,46,29,86,109,75,96,112,89,92" hai2="54,5,81,123,37,93,0,117,1,103,62,78,88" hai3="76,15,10,20,11,23,115,127,128,114,32,52,39"/><T40/><D3/><U125/><E29/><V79/><F123/><W16/><G39/><T95/><D131/><U102/><E13/><V130/><F130/><W74/><G128/><T133/><D85/><U107/><E55/><V59/><F37/><W126/><G32/><T121/><D97/><N who="1" m="61775" /><E46/><V100/><F117/><N who="0" m="45162" /><D121/><U68/><E125/><N who="3" m="47626" /><G74/><T113/><D95/><N who="1" m="54711" /><E68/><N who="0" m="26185" /><D113/><N who="3" m="43017" /><G76/><T135/><AGARI ba="1,1" hai="40,41,42,44,51,132,133,135" m="26185,45162" machi="135" ten="40,18000,2" yaku="20,1,34,2,52,3" doraHai="65" who="0" fromWho="0" sc="265,193,235,-61,235,-61,255,-61" /><INIT seed="0,2,0,2,3,76" ten="458,174,174,194" oya="0" hai0="34,127,17,112,7,117,113,48,14,66,16,62,36" hai1="20,72,67,15,33,101,130,63,24,43,88,44,79" hai2="19,6,92,13,118,134,106,100,133,52,55,103,3" hai3="125,45,110,74,60,111,114,12,9,25,96,4,75"/><T129/><D117/><U58/><E130/><V0/><F106/><W80/><G114/><T86/><D36/><U93/><E101/><N who="2" m="38987" /><F6/><W1/><G125/><T50/><D34/><U37/><E33/><V46/><F92/><W108/><G96/><T64/><D127/><U8/><E79/><V132/><F118/><W2/><G25/><T119/><D119/><U59/><E72/><N who="3" m="27690" /><G60/><T28/><D28/><U21/><E59/><V39/><F39/><W102/><G102/><T105/><D86/><U131/><E24/><V65/><F65/><W91/><G45/><T31/><D31/><U84/><REACH who="1" step="1"/><E131/><REACH who="1" ten="458,164,174,194" step="2"/><V10/><F46/><W109/><N who="3" m="27648" /><DORA hai="107" /><W99/><G80/><T95/><D129/><U121/><E121/><V73/><F73/><W5/><G5/><AGARI ba="2,1" hai="5,8,15,20,21,37,43,44,58,63,67,84,88,93" machi="5" ten="30,3900,0" yaku="1,1,7,1,54,1,53,0" doraHai="76,107" doraHaiUra="94,120" who="1" fromWho="3" sc="458,0,164,55,174,0,194,-45" /><INIT seed="1,0,0,0,5,123" ten="458,219,174,149" oya="1" hai0="107,5,100,99,43,115,50,18,12,85,45,114,6" hai1="30,32,49,73,28,37,57,55,130,119,80,104,51" hai2="108,7,105,66,65,109,31,118,47,27,117,67,29" hai3="92,79,44,53,61,48,76,54,10,4,93,101,102"/><U60/><E119/><N who="2" m="45579" /><F105/><W106/><G106/><T72/><D72/><U116/><E116/><V2/><F47/><W70/><G70/><T87/><D87/><U41/><E104/><V128/><F128/><W89/><G76/><T11/><REACH who="0" step="1"/><D85/><REACH who="0" ten="448,219,174,149" step="2"/><U40/><E73/><V86/><F86/><W133/><G79/><T0/><D0/><U75/><E75/><V33/><F2/><W112/><G112/><AGARI ba="0,1" hai="5,6,11,12,18,43,45,50,99,100,107,112,114,115" machi="112" ten="40,1300,0" yaku="1,1,53,0" doraHai="123" doraHaiUra="88" who="0" fromWho="3" sc="448,23,219,0,174,0,149,-13" /><INIT seed="2,0,0,0,5,119" ten="471,219,174,136" oya="2" hai0="25,33,133,126,104,87,48,17,10,82,74,91,42" hai1="31,8,94,67,20,95,60,47,62,3,117,106,118" hai2="134,69,9,132,71,55,35,24,73,79,63,107,23" hai3="21,131,19,78,58,125,102,11,135,98,56,66,22"/><V96/><F35/><W53/><G135/><N who="2" m="51753" /><F9/><W88/><G125/><T109/><D133/><U18/><E106/><V103/><F79/><W121/><G78/><T123/><D104/><U59/><E31/><N who="2" m="17823" /><F73/><W29/><G29/><T16/><D74/><U84/><E47/><V1/><F1/><W13/><G131/><T52/><D126/><U85/><E8/><V112/><F112/><W99/><G121/><T77/><D123/><U70/><E3/><V111/><F111/><W75/><G75/><T15/><D42/><U80/><E20/><V116/><F116/><W114/><G114/><T38/><D38/><U120/><E18/><V115/><F115/><W86/><G21/><N who="0" m="13487" /><D109/><U101/><E117/><V37/><F37/><W32/><G32/><T92/><D33/><U41/><E118/><V128/><F128/><W61/><G102/><T34/><D34/><U5/><E101/><V40/><F40/><W28/><G28/><T124/><D124/><U45/><E41/><V122/><F122/><W64/><G11/><T127/><D127/><U39/><E39/><V26/><F26/><W0/><G0/><T44/><D77/><U46/><E120/><V105/><F107/><W51/><REACH who="3" step="1"/><G66/><REACH who="3" ten="471,219,174,126" step="2"/><T27/><D27/><U14/><E67/><V4/><F4/><W110/><G110/><T12/><D12/><U72/><E14/><V129/><F129/><W65/><G65/><T76/><D76/><U36/><E5/><V90/><F90/><W50/><G50/><T108/><D108/><U89/><E36/><V43/><F43/><W83/><AGARI ba="0,1" hai="13,19,22,51,53,56,58,61,64,83,86,88,98,99" machi="83" ten="20,8000,1" yaku="1,1,0,1,7,1,8,1,54,1,53,0" doraHai="119" doraHaiUra="130" who="3" fromWho="3" sc="471,-20,219,-20,174,-40,126,90" /><INIT seed="3,0,0,4,1,69" ten="451,199,134,216" oya="3" hai0="78,82,54,68,20,38,81,66,115,28,29,118,65" hai1="59,125,18,67,124,73,1,51,24,23,121,16,98" hai2="128,100,60,76,42,30,22,8,89,126,47,122,112" hai3="56,99,21,0,94,106,61,15,70,107,111,10,88"/><W95/><G70/><T77/><D38/><U2/><E73/><V91/><F112/><W109/><G0/><N who="1" m="106" /><E98/><V79/><F126/><N who="1" m="48745" /><E121/><V133/><F133/><W53/><G21/><T71/><D54/><N who="1" m="32223" /><E67/><V17/><F60/><W92/><G107/><T43/><D20/><U27/><E27/><V55/><F122/><W50/><G61/><T110/><D43/><U6/><E6/><V97/><F55/><W32/><G106/><T102/><D102/><U46/><E46/><V41/><F47/><W120/><G32/><T5/><D5/><U26/><E26/><V39/><F97/><W35/><G35/><T4/><D4/><U49/><E49/><V90/><F100/><W103/><G120/><T45/><D45/><U86/><E86/><V74/><F74/><W62/><G50/><T113/><D66/><U36/><E36/><V96/><F39/><W131/><G103/><T114/><D65/><U135/><E135/><V63/><F96/><W117/><G99/><T72/><D72/><U13/><E13/><N who="2" m="7335" /><F63/><W108/><G62/><T31/><D115/><U40/><E40/><N who="2" m="15467" /><F128/><W58/><G131/><T85/><D85/><U105/><E105/><V84/><F84/><W9/><G109/><T80/><D114/><U93/><E93/><V116/><F116/><W123/><G117/><T52/><D113/><U25/><E25/><AGARI ba="0,0" hai="22,25,30,76,79,89,90,91" m="15467,7335" machi="25" ten="30,1000,0" yaku="8,1" doraHai="69" who="2" fromWho="1" sc="451,0,199,-10,134,10,216,0" /><INIT seed="4,0,0,5,3,53" ten="451,189,144,216" oya="0" hai0="30,78,122,87,25,56,129,104,15,90,124,63,49" hai1="106,98,110,109,26,92,127,128,66,39,58,105,132" hai2="37,64,82,0,54,3,23,85,35,19,69,79,93" hai3="100,61,42,97,95,94,62,36,73,130,120,40,103"/><T29/><D122/><U9/><E39/><V8/><F37/><W10/><G120/><T5/><D104/><U111/><E128/><V46/><F35/><W86/><G73/><T134/><D129/><U47/><E127/><V119/><F119/><W65/><G130/><T118/><D134/><U44/><E132/><V48/><F8/><W2/><G36/><T21/><D124/><U14/><E26/><V81/><F93/><W135/><G135/><T27/><D78/><U116/><E116/><V133/><F133/><W20/><G62/><T89/><D49/><U71/><E71/><V112/><F112/><W96/><G86/><T70/><D70/><U50/><E105/><V83/><F83/><W67/><G20/><T1/><D1/><U57/><E66/><V51/><F51/><W91/><G91/><T28/><D90/><U77/><E77/><V22/><F82/><W126/><G126/><T38/><D38/><U41/><E47/><V117/><F22/><W121/><G121/><T131/><D118/><U6/><REACH who="1" step="1"/><E106/><REACH who="1" ten="451,179,144,216" step="2"/><V99/><F117/><W59/><REACH who="3" step="1"/><G67/><REACH who="3" ten="451,179,144,206" step="2"/><N who="0" m="39399" /><D131/><U113/><E113/><V102/><F64/><W108/><G108/><T32/><D32/><U34/><E34/><V72/><F72/><W13/><G13/><T52/><D27/><U115/><E115/><V84/><F3/><W12/><G12/><T74/><D74/><U101/><AGARI ba="0,2" hai="6,9,14,41,44,50,57,58,92,98,101,109,110,111" machi="101" ten="30,7900,0" yaku="1,1,0,1,52,2,53,0" doraHai="53" doraHaiUra="125" who="1" fromWho="1" sc="451,-39,179,99,144,-20,206,-20" /><INIT seed="5,0,0,2,4,1" ten="412,278,124,186" oya="1" hai0="36,46,94,4,123,81,11,42,23,14,64,106,87" hai1="114,29,35,58,40,26,79,118,71,111,132,115,75" hai2="88,125,90,22,2,122,116,31,84,91,59,104,16" hai3="5,50,10,9,66,86,112,24,113,135,33,98,19"/><U49/><E118/><V13/><F116/><W41/><G66/><T76/><D106/><U128/><E71/><V130/><F122/><W37/><G37/><T89/><D123/><U133/><E128/><V72/><F72/><W103/><G135/><N who="1" m="51786" /><E111/><V134/><F134/><W101/><G86/><T17/><D64/><U47/><E58/><V93/><F104/><W39/><G39/><T121/><D121/><U30/><E30/><V97/><F130/><W62/><G62/><T131/><D131/><U109/><E109/><V8/><F125/><W77/><G77/><T44/><D42/><U110/><E110/><V100/><F59/><W34/><G41/><T119/><D36/><U20/><E35/><V96/><F96/><W68/><G68/><T52/><D52/><U45/><E45/><V92/><REACH who="2" step="1"/><F2/><REACH who="2" ten="412,278,114,186" step="2"/><W25/><G98/><N who="0" m="57679" /><D119/><U99/><E99/><V65/><F65/><W73/><G73/><T127/><D127/><U28/><E75/><V117/><F117/><W78/><G103/><T6/><D46/><U63/><E47/><V69/><F69/><W129/><G101/><T54/><D44/><U18/><E114/><V107/><F107/><W0/><G129/><T120/><D120/><U95/><E115/><V70/><F70/><W85/><G113/><T102/><D102/><U43/><E40/><V12/><F12/><N who="3" m="7575" /><G112/><T21/><D54/><U48/><E43/><V15/><F15/><W3/><G3/><T82/><D82/><U57/><E57/><V105/><F105/><W124/><G124/><T32/><D14/><U80/><E80/><V56/><F56/><RYUUKYOKU ba="0,1" sc="412,-10,278,-10,114,30,186,-10" hai2="8,13,16,22,31,84,88,90,91,92,93,97,100" /><INIT seed="6,1,1,0,3,64" ten="402,268,144,176" oya="2" hai0="131,98,67,7,134,119,40,95,120,88,57,23,125" hai1="96,2,41,83,114,102,52,89,27,42,8,59,58" hai2="106,126,54,76,90,17,55,123,109,94,35,9,10" hai3="37,107,18,81,19,0,30,112,127,32,115,68,61"/><V51/><F123/><W87/><G0/><T26/><D120/><U56/><E114/><N who="3" m="43562" /><G37/><T130/><D125/><U97/><E27/><V11/><F106/><W6/><G6/><T72/><D72/><U117/><E117/><V53/><F35/><W116/><G107/><T38/><D134/><U34/><E34/><V80/><F126/><W78/><G116/><T14/><D119/><U47/><E2/><V66/><F109/><W82/><G127/><T21/><D40/><N who="1" m="15467" /><E102/><V105/><F105/><W39/><G39/><T110/><D38/><U45/><E8/><V111/><F111/><W5/><G5/><T132/><D132/><U1/><E1/><V28/><F28/><W75/><G30/><T36/><D36/><U124/><E124/><V85/><F66/><N who="3" m="41039" /><G32/><T73/><D73/><U100/><E100/><V92/><F17/><W133/><G133/><T84/><D110/><U135/><E135/><V49/><REACH who="2" step="1"/><F94/><REACH who="2" ten="402,268,134,176" step="2"/><W77/><AGARI ba="1,2" hai="18,19,75,77,78,81,82,87" m="41039,43562" machi="77" ten="30,4000,0" yaku="15,1,11,1,52,1" doraHai="64" who="3" fromWho="3" sc="402,-11,268,-11,134,-21,176,63" /><INIT seed="7,0,0,2,1,19" ten="391,257,113,239" oya="3" hai0="122,88,48,113,34,4,123,131,36,134,51,20,35" hai1="99,2,3,135,124,91,6,23,129,30,87,53,21" hai2="128,10,126,105,26,15,112,62,96,102,76,114,79" hai3="61,120,77,109,93,11,73,9,45,59,43,103,101"/><W89/><G120/><T17/><D36/><U12/><E129/><V29/><F128/><W31/><G109/><T63/><D131/><U7/><E135/><V41/><F126/><W67/><G73/><T125/><D113/><U44/><E124/><V106/><F41/><W117/><G77/><T37/><D37/><U46/><E99/><V58/><F106/><W54/><G117/><T110/><D63/><U116/><E116/><V104/><F105/><W42/><G67/><T64/><D64/><U66/><E66/><V70/><F112/><W119/><G119/><T0/><D4/><U55/><E12/><V84/><F84/><W57/><G57/><T80/><D17/><U81/><E30/><V86/><F86/><W78/><G78/><T90/><D80/><U127/><E127/><V60/><F114/><W25/><G103/><T52/><D52/><U33/><E33/><V27/><F70/><W97/><G101/><T39/><D39/><U50/><E50/><V22/><F60/><W65/><G65/><T68/><D125/><U69/><E69/><V16/><REACH who="2" step="1"/><F26/><REACH who="2" ten="391,257,103,239" step="2"/><W71/><G71/><T108/><D68/><U94/><E87/><V74/><F74/><W24/><G24/><T75/><D75/><U32/><E81/><V107/><F107/><W56/><G43/><T83/><D123/><U14/><E94/><V130/><F130/><W95/><G95/><T8/><D122/><U18/><E2/><V98/><F98/><W40/><G40/><T47/><D0/><U13/><E3/><V132/><F132/><W133/><G133/><T100/><D134/><RYUUKYOKU ba="0,1" sc="391,-10,257,-10,103,30,239,-10" hai2="10,15,16,22,27,29,58,62,76,79,96,102,104" owari="391,49.1,247,4.7,133,-36.7,229,-17.1" /></mjloggm>