<mjloggm ver="2.3"><GO type="169" lobby="0"/><UN n0="%53%6F%6C%69%64" n1="%73%69%65%72%61%34%30%31" n2="%E6%81%8B%E3%81%AE%E3%81%86%E3%81%9F" n3="%E9%A2%A8%E3%81%A7%E9%B3%B4%E3%81%8F" dan="17,16,17,16" rate="2171.44,2199.71,2205.50,2149.34" sx="M,F,M,M"/><TAIKYOKU oya="0"/><INIT seed="0,0,0,1,0,75" ten="250,250,250,250" oya="0" hai0="31,35,24,118,68,44,111,32,3,8,100,66,88" hai1="43,98,12,115,11,20,17,37,26,122,92,105,126" hai2="107,0,112,71,86,36,124,113,127,14,90,51,80" hai3="129,131,74,52,78,84,125,103,4,56,123,6,110"/><T133/><D118/><U13/><E122/><V82/><F36/><W73/><G103/><T19/><D100/><U97/><E126/><N who="2" m="48171" /><F0/><W25/><G125/><T104/><D104/><U60/><E105/><V108/><F71/><W59/><G25/><T83/><D133/><U109/><E109/><V70/><F70/><W130/><G110/><T81/><D111/><U87/><E115/><N who="2" m="44107" /><F51/><N who="3" m="30751" /><G59/><T10/><D35/><U94/><E60/><V120/><F14/><W106/><G106/><T63/><D44/><U79/><E37/><V93/><F108/><W38/><G38/><T53/><D3/><U67/><E67/><V95/><F107/><W39/><G39/><T89/><D53/><U23/><E43/><V49/><F49/><W29/><G29/><T21/><D10/><U50/><E50/><V1/><F1/><W45/><G45/><T46/><D8/><U42/><E42/><V15/><F15/><W62/><G62/><T2/><D2/><U116/><E11/><V132/><F120/><W33/><G33/><T18/><D46/><U102/><E23/><V117/><F132/><W119/><G119/><T128/><D32/><U7/><E116/><V134/><F134/><W135/><G135/><T65/><D65/><U72/><E7/><N who="3" m="2602" /><G123/><T27/><D27/><U101/><E72/><V57/><F57/><W64/><G64/><T5/><D5/><U69/><E69/><V48/><F48/><W96/><G96/><T9/><D31/><U114/><E114/><V61/><F61/><W30/><G30/><T16/><D9/><U121/><E121/><V55/><F117/><RYUUKYOKU ba="0,0" sc="250,-15,250,15,250,-15,250,15" hai1="12,13,17,20,26,79,87,92,94,97,98,101,102" hai3="73,74,78,84,129,130,131" /><INIT seed="1,1,0,2,5,90" ten="235,265,235,265" oya="1" hai0="1,56,8,104,64,23,121,10,76,127,42,49,11" hai1="74,40,107,134,91,132,18,92,97,32,39,94,77" hai2="65,110,15,34,118,103,75,22,37,36,30,112,45" hai3="69,35,99,125,131,89,135,59,102,28,111,116,44"/><U80/><E32/><V95/><F118/><W68/><G89/><T50/><D104/><U6/><E6/><V78/><F110/><W62/><G111/><T16/><D127/><U26/><E39/><V98/><F112/><W19/><G125/><T17/><D121/><U128/><E40/><V51/><F34/><W54/><G131/><T84/><D1/><U117/><E117/><V5/><F65/><W53/><G135/><N who="1" m="51754" /><E128/><V122/><F122/><W109/><G109/><T66/><D17/><U79/><E77/><V60/><F60/><W12/><G116/><T72/><D72/><U27/><E107/><V3/><F3/><W87/><G87/><T106/><D106/><U88/><E18/><V71/><F71/><W63/><G28/><T14/><D42/><U123/><E123/><V41/><F75/><W83/><G83/><N who="0" m="47207" /><D64/><U115/><E115/><V58/><F78/><W82/><G82/><T133/><D133/><U46/><E46/><V31/><F37/><W70/><G35/><T86/><D86/><AGARI ba="1,0" hai="26,27,74,79,80,86,88,91,92,94,97" m="51754" machi="86" ten="30,11600,0" yaku="20,1,52,2,54,1" doraHai="90" who="1" fromWho="0" sc="235,-119,265,119,235,0,265,0" /><INIT seed="1,2,0,3,5,37" ten="116,384,235,265" oya="1" hai0="19,68,120,126,108,21,55,13,101,54,35,113,107" hai1="65,50,70,93,0,12,18,130,43,74,17,16,23" hai2="117,98,116,5,33,72,1,29,60,59,105,81,125" hai3="27,52,9,25,51,97,134,41,3,58,69,121,100"/><U129/><E74/><V24/><F125/><W49/><G121/><T115/><D35/><U66/><E0/><V48/><F1/><W106/><G69/><T91/><D68/><U102/><E102/><V62/><F5/><W6/><REACH who="3" step="1"/><G134/><REACH who="3" ten="116,384,235,255" step="2"/><T46/><D120/><U47/><E70/><V40/><F117/><W128/><G128/><N who="1" m="49258" /><E93/><V79/><F116/><W14/><G14/><T75/><D13/><N who="1" m="9615" /><E18/><V135/><F135/><W82/><G82/><T88/><D19/><U28/><E28/><V56/><F29/><W53/><G53/><T22/><D54/><U84/><E84/><V95/><F95/><W45/><AGARI ba="2,1" hai="3,6,9,25,27,41,45,49,51,52,58,97,100,106" machi="45" ten="30,7900,0" yaku="1,1,0,1,52,1,54,1,53,0" doraHai="37" doraHaiUra="112" who="3" fromWho="3" sc="116,-22,384,-41,235,-22,255,95" /><INIT seed="2,0,0,2,4,65" ten="94,343,213,350" oya="2" hai0="13,88,78,99,133,60,67,86,22,58,28,50,104" hai1="35,85,25,3,64,83,41,91,76,46,126,39,77" hai2="49,80,134,123,82,9,34,103,55,107,61,122,62" hai3="125,18,40,93,73,19,112,132,111,47,29,127,17"/><V54/><F34/><W1/><G73/><T106/><D133/><U69/><E3/><V108/><F103/><W81/><G132/><T92/><D50/><U90/><E126/><N who="3" m="48138" /><G1/><T98/><D98/><U94/><E35/><V102/><F134/><W4/><G4/><T130/><D130/><U36/><E36/><V52/><F102/><W72/><G29/><T32/><D32/><U114/><E25/><V16/><F107/><W135/><G135/><T128/><D128/><U10/><E10/><V119/><F119/><W71/><G71/><T51/><D51/><U95/><E114/><V7/><F49/><N who="3" m="26855" /><G111/><T109/><D109/><U26/><E26/><V27/><F108/><W87/><G93/><T24/><REACH who="0" step="1"/><D13/><REACH who="0" ten="84,343,213,350" step="2"/><U120/><E120/><V31/><F123/><W124/><G124/><T8/><D8/><U12/><E12/><N who="2" m="5183" /><F122/><W56/><G56/><T2/><D2/><U44/><E44/><V121/><F121/><W129/><G129/><T42/><D42/><U23/><E46/><V0/><F0/><W53/><G112/><T21/><D21/><U96/><E23/><N who="2" m="13799" /><F31/><W89/><G72/><T38/><D38/><U14/><E14/><V113/><F113/><W101/><G101/><T63/><D63/><AGARI ba="0,1" hai="52,54,55,61,62,63,80,82" m="13799,5183" machi="63" ten="30,5800,0" yaku="8,1,54,2" doraHai="65" who="2" fromWho="0" sc="84,-58,343,0,213,68,350,0" /><INIT seed="2,1,0,2,1,131" ten="26,343,281,350" oya="2" hai0="94,70,55,74,118,132,3,44,108,59,117,24,86" hai1="78,83,17,2,28,71,95,63,80,20,18,104,37" hai2="33,19,0,46,103,100,129,102,6,76,41,1,14" hai3="97,13,22,125,85,45,51,48,25,106,133,82,65"/><V87/><F33/><W127/><G65/><T72/><D70/><U69/><E104/><V96/><F129/><W34/><G34/><T60/><D3/><U53/><E37/><V73/><F73/><W123/><G13/><T54/><D108/><U66/><E2/><V93/><F0/><W50/><G123/><T40/><D54/><U119/><E119/><N who="0" m="45577" /><D24/><U120/><E71/><V112/><F112/><W128/><G128/><T49/><D132/><U126/><E126/><N who="3" m="48138" /><G97/><T62/><D60/><U39/><E53/><V38/><F1/><W68/><G106/><T29/><D29/><U10/><E28/><V81/><REACH who="2" step="1"/><F6/><REACH who="2" ten="26,343,271,350" step="2"/><W116/><G116/><T58/><D58/><U12/><E69/><V90/><F90/><AGARI ba="1,1" hai="40,44,49,55,59,62,72,74,86,90,94" m="45577" machi="90" ten="30,1000,0" yaku="12,1" doraHai="131" who="0" fromWho="2" sc="26,23,343,0,271,-13,350,0" /><INIT seed="3,0,0,0,3,124" ten="49,343,258,350" oya="3" hai0="117,64,31,62,52,113,34,32,95,40,29,99,4" hai1="94,118,60,133,2,22,87,19,3,69,91,127,13" hai2="71,6,110,96,30,70,123,24,36,73,98,108,112" hai3="57,33,16,84,37,66,53,21,23,122,50,97,131"/><W18/><G33/><T12/><D117/><U17/><E127/><V11/><F73/><W86/><G122/><T63/><D113/><U83/><E133/><V59/><F36/><W111/><G37/><T114/><D114/><U80/><E118/><V44/><F44/><W46/><G131/><T7/><D40/><U74/><E74/><V43/><F43/><W61/><G111/><N who="2" m="42537" /><F59/><W72/><G72/><T100/><D32/><U121/><E121/><V75/><F75/><W76/><G76/><T109/><D109/><U54/><E2/><N who="2" m="471" /><F112/><W101/><G21/><T116/><D116/><U49/><E3/><V93/><F123/><W48/><G48/><T85/><D34/><U39/><E39/><V82/><F82/><W104/><REACH who="3" step="1"/><G18/><REACH who="3" ten="49,343,258,340" step="2"/><T47/><D29/><U107/><E19/><V68/><F93/><W102/><G102/><T0/><D31/><U55/><E107/><V79/><F79/><W27/><AGARI ba="0,1" hai="16,23,27,46,50,53,57,61,66,84,86,97,101,104" machi="27" ten="20,7800,0" yaku="1,1,0,1,7,1,54,1,53,0" doraHai="124" doraHaiUra="38" who="3" fromWho="3" sc="49,-26,343,-26,258,-26,340,88" /><INIT seed="3,1,0,1,2,36" ten="23,317,232,428" oya="3" hai0="7,115,11,92,41,29,101,26,62,58,42,25,55" hai1="125,71,99,53,95,2,61,9,47,18,12,96,37" hai2="84,89,106,134,16,17,24,21,121,68,129,110,73" hai3="14,30,82,63,57,127,60,87,91,69,77,46,65"/><W97/><G127/><T23/><D115/><U48/><E125/><V52/><F73/><W86/><G97/><N who="0" m="59559" /><D26/><U6/><E37/><V33/><F68/><W35/><G35/><T103/><D103/><U107/><E107/><V126/><F126/><W90/><G30/><T109/><D109/><U116/><E116/><V85/><F129/><W40/><G14/><AGARI ba="1,0" hai="7,11,14,23,25,29,41,42,55,58,62" m="59559" machi="14" ten="30,3900,0" yaku="8,1,52,2" doraHai="36" who="0" fromWho="3" sc="23,42,317,0,232,0,428,-42" /><INIT seed="4,0,0,0,3,66" ten="65,317,232,386" oya="0" hai0="113,74,16,73,108,1,105,98,36,59,61,75,54" hai1="116,99,93,10,124,28,125,88,49,101,39,86,56" hai2="58,82,24,42,110,79,3,132,72,127,37,52,121" hai3="77,109,91,27,31,100,133,111,46,81,102,17,0"/><T41/><D1/><U48/><E39/><V26/><F110/><W47/><G0/><T22/><D108/><U44/><E116/><V29/><F121/><W7/><G7/><T63/><D113/><U80/><E28/><V34/><F132/><W53/><G17/><T32/><D32/><U117/><E117/><V30/><F127/><N who="1" m="48713" /><E44/><V89/><F3/><W69/><G69/><T6/><D6/><U62/><E10/><V112/><F112/><W33/><G133/><T50/><D36/><U40/><E40/><V45/><F89/><W114/><G114/><T5/><D5/><U128/><E128/><V83/><F79/><W35/><G35/><T78/><D41/><U14/><E14/><V67/><F72/><W38/><G38/><T13/><REACH who="0" step="1"/><D78/><REACH who="0" ten="55,317,232,386" step="2"/><U21/><E21/><V8/><F8/><W104/><G33/><T70/><D70/><U131/><E131/><V106/><F42/><W2/><G2/><T123/><D123/><U95/><E80/><V87/><F82/><W118/><G81/><T15/><D15/><U119/><E119/><V11/><F37/><W64/><G118/><T103/><AGARI ba="0,1" hai="13,16,22,50,54,59,61,63,73,74,75,98,103,105" machi="103" ten="40,7800,0" yaku="1,1,0,1,54,1,53,0" doraHai="66" doraHaiUra="90" who="0" fromWho="0" sc="55,88,317,-26,232,-26,386,-26" /><INIT seed="4,1,0,2,3,4" ten="143,291,206,360" oya="0" hai0="116,122,95,75,27,128,26,66,77,99,34,119,58" hai1="82,47,96,104,100,135,6,124,24,2,71,92,8" hai2="123,131,50,62,111,37,134,87,60,101,65,90,42" hai3="52,94,15,83,127,103,49,73,72,12,93,98,28"/><T38/><D122/><U17/><E124/><V132/><F101/><W61/><G127/><T130/><D38/><U0/><E135/><N who="2" m="51755" /><F87/><W43/><G43/><T114/><D114/><U84/><E71/><V91/><F91/><W45/><G28/><T3/><D3/><U117/><E117/><N who="0" m="45129" /><D34/><U69/><E69/><V88/><F131/><N who="0" m="50218" /><D66/><U120/><E120/><V89/><F123/><W32/><G32/><T7/><D58/><U46/><E0/><V55/><F111/><W29/><G29/><T105/><D105/><U121/><E121/><V5/><F5/><W113/><G113/><T106/><D106/><U56/><E56/><N who="2" m="32887" /><F65/><W11/><G45/><AGARI ba="1,0" hai="37,42,45,60,62,88,89,90" m="32887,51755" machi="45" ten="30,2000,0" yaku="20,1,54,1" doraHai="4" who="2" fromWho="3" sc="143,0,291,0,206,23,360,-23" /><INIT seed="5,0,0,1,3,40" ten="143,291,229,337" oya="1" hai0="19,20,17,38,9,70,87,123,131,113,101,105,1" hai1="85,72,128,108,86,90,81,49,127,35,96,110,63" hai2="135,124,21,13,62,71,78,91,61,52,30,22,34" hai3="65,39,75,106,73,26,69,51,8,12,5,118,74"/><U42/><E35/><V16/><F124/><W32/><G39/><T0/><D70/><U77/><E63/><V98/><F135/><W55/><G106/><T18/><D113/><U57/><E57/><V58/><F34/><W114/><G114/><T47/><D131/><U121/><E121/><V7/><F78/><W59/><G118/><T43/><D123/><U23/><E23/><V116/><F116/><W67/><REACH who="3" step="1"/><G69/><REACH who="3" ten="143,291,229,327" step="2"/><T45/><D105/><U120/><E120/><V53/><F71/><W33/><G33/><T109/><D38/><U130/><E127/><V94/><F7/><W68/><G68/><T83/><D109/><N who="1" m="42091" /><E96/><V24/><REACH who="2" step="1"/><F62/><REACH who="2" ten="143,291,219,327" step="2"/><W133/><G133/><T2/><D20/><U14/><E130/><V112/><F112/><W37/><G37/><T66/><D9/><U102/><E128/><V100/><F100/><W76/><G76/><T4/><D101/><U79/><E102/><V103/><F103/><W82/><G82/><T89/><D4/><U25/><E77/><V54/><AGARI ba="0,2" hai="13,16,21,22,24,30,52,53,54,58,61,91,94,98" machi="54" ten="20,12000,2" yaku="1,1,0,1,7,1,8,1,54,2,53,0" doraHai="40" doraHaiUra="125" who="2" fromWho="2" sc="143,-30,291,-60,219,140,327,-30" /><INIT seed="6,0,0,1,1,134" ten="113,231,359,297" oya="2" hai0="47,92,31,122,127,130,46,124,128,112,67,33,26" hai1="40,18,86,35,115,120,17,61,70,25,117,21,100" hai2="82,132,106,95,28,79,22,91,37,50,75,83,111" hai3="88,9,119,108,131,90,126,87,20,19,63,72,107"/><V99/><F37/><W42/><G72/><T96/><D122/><U12/><E117/><V116/><F116/><W30/><G107/><T105/><D105/><U44/><E115/><V2/><F2/><W52/><G119/><T110/><D67/><U97/><E120/><V129/><F129/><N who="0" m="49770" /><D110/><U125/><E86/><V24/><F132/><W76/><G131/><T58/><D58/><U59/><E70/><V0/><F0/><W8/><G108/><T41/><D112/><U98/><E125/><N who="0" m="48201" /><D41/><U81/><E59/><V56/><F106/><W53/><G42/><T89/><AGARI ba="0,0" hai="26,31,33,46,47,89,92,96" m="48201,49770" machi="89" ten="30,8000,1" yaku="19,1,18,1,52,3" doraHai="134" who="0" fromWho="0" sc="113,80,231,-20,359,-40,297,-20" /><INIT seed="7,0,0,2,2,84" ten="193,211,319,277" oya="3" hai0="9,76,41,4,105,63,80,45,130,82,17,23,93" hai1="42,59,12,32,115,15,70,72,110,101,35,68,71" hai2="134,53,43,61,57,113,47,5,114,11,37,27,77" hai3="60,75,48,112,135,6,66,3,33,88,51,89,124"/><W24/><G75/><T133/><D105/><U7/><E110/><V108/><F108/><W29/><G112/><N who="2" m="43113" /><F134/><W99/><G135/><T122/><D133/><U55/><E115/><V90/><F90/><W103/><G124/><T73/><D122/><U62/><E72/><V31/><F77/><W52/><G6/><T83/><D130/><U8/><E42/><V119/><F119/><W64/><G64/><T2/><D63/><U78/><E78/><V128/><F128/><W20/><G3/><T18/><D18/><U25/><E101/><V131/><F131/><W49/><G52/><T19/><D19/><U111/><E111/><V117/><F117/><W85/><G85/><T123/><D123/><U65/><E55/><V91/><F91/><W125/><G125/><T21/><D93/><U34/><REACH who="1" step="1"/><E15/><REACH who="1" ten="193,201,319,277" step="2"/><V79/><F79/><W126/><G126/><T132/><D132/><U74/><E74/><V118/><F118/><W95/><REACH who="3" step="1"/><G33/><REACH who="3" ten="193,201,319,267" step="2"/><T30/><D30/><AGARI ba="0,2" hai="7,8,12,25,30,32,34,35,59,62,65,68,70,71" machi="30" ten="40,2600,0" yaku="1,1,53,1" doraHai="84" doraHaiUra="54" who="1" fromWho="0" sc="193,-26,201,46,319,0,267,0" owari="167,-33.3,247,-15.3,319,41.9,267,6.7" /></mjloggm>