<mjloggm ver="2.3"><GO type="169" lobby="0"/><UN n0="%70%6F%6E%2D%65%6E" n1="%73%73%73%78%34" n2="%72%61%79%2A%6B%77%6B%6D" n3="%E3%82%80%E3%81%97%E6%AD%AF" dan="16,16,16,17" rate="2207.90,2204.47,2080.87,2168.55" sx="F,M,F,M"/><TAIKYOKU oya="0"/><INIT seed="0,0,0,0,1,44" ten="250,250,250,250" oya="0" hai0="7,76,30,122,49,67,31,106,9,127,3,91,8" hai1="123,42,20,87,52,53,24,69,25,71,12,88,21" hai2="10,125,43,59,135,37,109,78,18,61,15,93,72" hai3="108,35,81,102,65,96,47,41,17,103,54,107,48"/><T22/><D122/><U57/><E42/><V85/><F109/><W133/><G108/><T82/><D127/><U51/><E123/><V101/><F125/><W45/><G133/><T29/><D106/><U118/><E118/><V92/><F135/><W117/><G117/><T26/><D91/><U39/><E39/><V64/><F72/><W1/><G1/><T89/><D89/><U83/><E12/><V5/><F37/><W55/><G35/><T34/><D67/><U105/><E105/><V70/><F43/><W6/><G6/><T13/><D49/><U132/><E132/><V126/><F126/><W19/><G81/><T32/><D82/><U84/><E84/><V14/><F70/><W121/><G121/><T128/><D76/><U68/><REACH who="1" step="1"/><E53/><REACH who="1" ten="250,240,250,250" step="2"/><V28/><F85/><W97/><G41/><T86/><D86/><U77/><E77/><V38/><F38/><W129/><G65/><T74/><D74/><U99/><E99/><V124/><F78/><W58/><G129/><T80/><D128/><U112/><E112/><V4/><F124/><W73/><G73/><T104/><D104/><U115/><E115/><V100/><F15/><W36/><G36/><T16/><D80/><U62/><E62/><V56/><F61/><W95/><REACH who="3" step="1"/><G45/><REACH who="3" ten="250,240,250,240" step="2"/><T114/><D114/><U134/><E134/><V27/><F64/><W46/><G46/><T111/><D111/><U23/><AGARI ba="0,2" hai="20,21,23,24,25,51,52,57,68,69,71,83,87,88" machi="23" ten="40,8000,1" yaku="1,1,0,1,52,1,54,2,53,0" doraHai="44" doraHaiUra="113" who="1" fromWho="1" sc="250,-40,240,100,250,-20,240,-20" /><INIT seed="1,0,0,2,2,52" ten="210,340,230,220" oya="1" hai0="6,134,37,110,114,98,71,31,70,72,23,75,84" hai1="112,32,67,124,14,35,94,64,7,49,27,77,62" hai2="46,121,125,16,91,132,113,102,53,88,48,69,115" hai3="123,85,17,122,47,36,2,126,83,127,99,0,76"/><U10/><E112/><N who="2" m="43083" /><F121/><W92/><G123/><T5/><D114/><U56/><E124/><N who="3" m="47658" /><G122/><T39/><D84/><U128/><E128/><V4/><F125/><W33/><G33/><T135/><D23/><U133/><E133/><N who="0" m="50697" /><D98/><U58/><E77/><V116/><F132/><W26/><G26/><T100/><D31/><U9/><E27/><V117/><F69/><N who="0" m="26122" /><D100/><U90/><E10/><V66/><F66/><W93/><G17/><T59/><D59/><U22/><E22/><V15/><F4/><N who="0" m="1642" /><D110/><U87/><E49/><V130/><F102/><N who="3" m="60775" /><G93/><T104/><D104/><U54/><E54/><V101/><F101/><W57/><G57/><T73/><AGARI ba="0,0" hai="37,39,72,73,75" m="1642,26122,50697" machi="73" ten="40,5200,0" yaku="28,2,20,1" doraHai="52" who="0" fromWho="0" sc="210,52,340,-26,230,-13,220,-13" /><INIT seed="2,0,0,4,0,111" ten="262,314,217,207" oya="2" hai0="58,3,114,83,112,109,108,14,47,17,115,131,42" hai1="65,25,50,71,102,88,85,123,87,32,59,45,0" hai2="91,26,103,18,20,121,54,113,93,70,118,107,130" hai3="80,10,128,8,129,40,15,61,101,133,7,104,77"/><V62/><F118/><W34/><G34/><T110/><D3/><U106/><E0/><V76/><F121/><W12/><G133/><T30/><D30/><U86/><E123/><V82/><F130/><W31/><G31/><T19/><D131/><U97/><E32/><V67/><F107/><W57/><G101/><T73/><D58/><U46/><E25/><V90/><F113/><W79/><G79/><N who="0" m="44527" /><D14/><U132/><E71/><V44/><F103/><W1/><G104/><T68/><D68/><U48/><E65/><V56/><F44/><W43/><G128/><T49/><AGARI ba="0,0" hai="17,19,42,47,49,108,109,110,112,114,115" m="44527" machi="49" ten="40,8000,1" yaku="14,1,52,3" doraHai="111" who="0" fromWho="0" sc="262,80,314,-20,217,-40,207,-20" /><INIT seed="3,0,0,1,0,28" ten="342,294,177,187" oya="3" hai0="47,12,65,91,52,37,59,64,135,86,24,7,27" hai1="25,110,128,42,87,69,117,40,132,17,122,35,76" hai2="21,54,0,123,14,5,89,121,30,41,105,82,2" hai3="129,36,72,4,50,85,31,66,84,57,134,23,116"/><W112/><G112/><T119/><D135/><U15/><E69/><V26/><F105/><W93/><G116/><T46/><D119/><U3/><E3/><V130/><F41/><W92/><G36/><T49/><D12/><U70/><E70/><V127/><F54/><W90/><G72/><T99/><D99/><U131/><E42/><V19/><F89/><N who="3" m="53287" /><G134/><T51/><D7/><U102/><E40/><V133/><F82/><W88/><G129/><T83/><D37/><U107/><E102/><V118/><F118/><W33/><G33/><T74/><D74/><U53/><E53/><V103/><F103/><W73/><G73/><T75/><D75/><U120/><E35/><N who="2" m="20951" /><F133/><W43/><G4/><T109/><D109/><U106/><E106/><V114/><F114/><W6/><G6/><T55/><REACH who="0" step="1"/><D59/><REACH who="0" ten="332,294,177,187" step="2"/><U98/><E132/><V32/><F130/><W62/><G85/><T48/><D48/><U111/><E87/><V68/><F68/><W94/><G94/><T45/><D45/><U16/><E117/><V115/><F115/><W79/><G93/><T80/><D80/><U113/><E113/><V1/><F127/><W67/><G50/><T78/><D78/><U108/><E76/><V63/><F63/><W101/><G79/><T81/><D81/><U56/><E131/><V9/><F32/><W34/><G34/><T13/><D13/><AGARI ba="0,1" hai="0,1,2,5,9,13,14,19,21,121,123" m="20951" machi="13" ten="30,3900,0" yaku="34,2,52,1" doraHai="28" who="2" fromWho="0" sc="332,-39,294,0,177,49,187,0" /><INIT seed="4,0,0,5,1,90" ten="293,294,226,187" oya="0" hai0="57,73,46,48,67,86,53,8,96,78,50,122,39" hai1="47,17,87,28,45,4,36,113,18,133,7,22,54" hai2="74,72,63,102,119,101,16,1,44,97,0,79,129" hai3="83,114,94,65,60,51,59,131,109,85,20,100,40"/><T24/><D122/><U70/><E70/><V112/><F112/><W128/><G109/><T14/><D73/><U92/><E133/><V89/><F129/><N who="3" m="49739" /><G114/><T64/><D39/><U3/><E3/><V34/><F34/><W77/><G20/><T126/><D126/><U103/><E36/><V91/><F119/><W71/><G71/><T127/><D127/><U6/><E28/><V35/><F35/><W84/><G40/><N who="0" m="24647" /><D96/><N who="1" m="59783" /><E18/><V11/><F63/><W68/><G51/><T121/><D24/><N who="1" m="14415" /><E113/><V15/><F102/><W108/><G108/><T110/><D121/><U115/><E115/><V120/><F120/><W5/><G5/><N who="0" m="3343" /><D110/><U62/><E87/><V52/><F72/><N who="3" m="43431" /><G68/><T80/><AGARI ba="0,0" hai="50,53,57,64,67,78,80,86" m="3343,24647" machi="80" ten="30,3000,0" yaku="25,1,8,1" doraHai="90" who="0" fromWho="0" sc="293,30,294,-10,226,-10,187,-10" /><INIT seed="4,1,0,1,4,119" ten="323,284,216,177" oya="0" hai0="30,82,76,100,115,135,114,130,88,64,77,81,113" hai1="134,72,45,49,5,111,124,133,6,87,20,65,97" hai2="48,15,11,24,121,86,33,129,83,90,21,127,0" hai3="44,10,79,102,103,42,58,73,120,107,67,71,126"/><T47/><D130/><U2/><E72/><V89/><F129/><W122/><G126/><T110/><D135/><U104/><E111/><V12/><F127/><W78/><G71/><T95/><D110/><U46/><E65/><V23/><F33/><W40/><G10/><T116/><D116/><U106/><E124/><V13/><F121/><N who="3" m="46699" /><G107/><T4/><D4/><U18/><E87/><V85/><F0/><W125/><G125/><T68/><D30/><U37/><E97/><V39/><F39/><N who="3" m="21535" /><G42/><T74/><D47/><U14/><E45/><V80/><F48/><W53/><G67/><T56/><D68/><U59/><E106/><V75/><F75/><W101/><G73/><T92/><D64/><U26/><E104/><V109/><F109/><W19/><G19/><T61/><D74/><U28/><E2/><V8/><REACH who="2" step="1"/><F23/><REACH who="2" ten="323,284,206,177" step="2"/><W22/><G22/><T131/><D131/><U98/><E20/><V132/><F132/><W84/><G84/><T34/><D34/><U128/><E134/><V9/><F9/><W27/><G27/><T96/><D114/><U108/><E26/><V91/><F91/><W50/><AGARI ba="1,1" hai="50,53,58,78,79,101,102,103" m="21535,46699" machi="50" ten="30,7900,0" yaku="13,1,52,3" doraHai="119" who="3" fromWho="3" sc="323,-40,284,-21,206,-21,177,92" /><INIT seed="5,0,0,0,5,53" ten="283,263,185,269" oya="1" hai0="21,11,109,113,99,15,76,78,24,86,116,79,59" hai1="83,44,73,96,6,88,71,123,14,119,10,55,100" hai2="128,52,18,130,115,37,133,90,94,31,108,103,107" hai3="49,46,132,56,105,134,126,16,77,72,57,68,65"/><U98/><E119/><V70/><F108/><W54/><G105/><T124/><D109/><U91/><E71/><V41/><F70/><W80/><G126/><T62/><D113/><U66/><E66/><V129/><F115/><W87/><G72/><T9/><D124/><U51/><E123/><V2/><F133/><N who="3" m="51307" /><G16/><N who="0" m="12327" /><D116/><U131/><E131/><V26/><F2/><W50/><G50/><T29/><D29/><U45/><E98/><N who="2" m="61943" /><F18/><W121/><G121/><T69/><D69/><U112/><E112/><V13/><F13/><W7/><G7/><N who="0" m="3519" /><D99/><U64/><E73/><V122/><F122/><W12/><G12/><T40/><D40/><U89/><E83/><V110/><F110/><W102/><G102/><T36/><D36/><U43/><E43/><V30/><F26/><W20/><G20/><T93/><D93/><N who="1" m="58383" /><E64/><V1/><F1/><W19/><G19/><T101/><D101/><U61/><E61/><AGARI ba="0,0" hai="46,49,54,56,57,61,65,68,77,80,87" m="51307" machi="61" ten="30,3900,0" yaku="20,1,52,2" doraHai="53" who="3" fromWho="1" sc="283,0,263,-39,185,0,269,39" /><INIT seed="6,0,0,1,5,22" ten="283,224,185,308" oya="2" hai0="13,114,32,11,117,35,46,130,122,108,10,103,23" hai1="36,123,86,53,56,104,19,132,58,110,15,49,27" hai2="68,1,78,62,76,120,90,105,20,5,63,43,94" hai3="39,92,84,51,93,74,135,9,29,59,134,73,79"/><V54/><F120/><W70/><G39/><T118/><D103/><U34/><E110/><V125/><F105/><W119/><G70/><T0/><D46/><U21/><E36/><V87/><F125/><W72/><G119/><N who="0" m="45579" /><D108/><U69/><E69/><V42/><F1/><W38/><G38/><T95/><D95/><U4/><E123/><V133/><F133/><N who="3" m="50699" /><G29/><T7/><D122/><U88/><E104/><V113/><F113/><W127/><G127/><T71/><D71/><U52/><E132/><V112/><F112/><W91/><G9/><N who="0" m="2279" /><D114/><U24/><E34/><N who="0" m="12841" /><D130/><U48/><E4/><V8/><F68/><W99/><G59/><T37/><D37/><U107/><E107/><V97/><F20/><W96/><G51/><T80/><D80/><AGARI ba="0,0" hai="15,19,21,24,27,48,49,52,53,56,58,80,86,88" machi="80" ten="30,12000,2" yaku="7,1,9,1,8,1,52,2,54,2" doraHai="22" who="1" fromWho="0" sc="283,-120,224,120,185,0,308,0" /><INIT seed="7,0,0,4,3,60" ten="163,344,185,308" oya="3" hai0="107,8,75,131,48,105,19,56,26,93,35,64,76" hai1="49,45,100,46,89,52,121,20,112,71,125,25,37" hai2="74,120,122,61,113,115,135,2,31,86,23,40,5" hai3="126,47,17,96,43,69,3,85,81,42,117,10,114"/><W72/><G114/><N who="2" m="43529" /><F135/><W15/><G117/><T91/><D131/><U83/><E121/><V67/><F74/><W129/><G129/><T57/><D75/><U109/><E71/><N who="2" m="42479" /><F40/><W82/><G69/><T103/><D76/><U18/><E109/><V4/><F86/><W78/><G126/><T102/><D35/><U99/><E125/><V84/><F84/><W59/><G3/><T88/><D107/><U53/><E37/><V127/><F127/><W62/><G96/><N who="0" m="59663" /><D103/><U128/><E128/><V65/><F65/><W133/><G133/><T39/><D105/><U22/><E100/><V106/><F106/><W118/><G118/><T34/><D34/><U30/><E99/><V79/><F79/><W73/><G82/><T108/><D108/><U97/><E97/><V63/><F63/><W28/><G28/><T119/><D119/><U7/><E112/><V132/><F132/><W66/><REACH who="3" step="1"/><G42/><REACH who="3" ten="163,344,185,298" step="2"/><T0/><D0/><U58/><E83/><V29/><F2/><W101/><G101/><T1/><D1/><U55/><E58/><V50/><F31/><W41/><G41/><T124/><D124/><U92/><E46/><V98/><F98/><W111/><G111/><T9/><D39/><AGARI ba="0,1" hai="10,15,17,39,43,47,59,62,66,72,73,78,81,85" machi="39" ten="30,12000,1" yaku="1,1,7,1,52,1,53,2" doraHai="60" doraHaiUra="104" who="3" fromWho="0" sc="163,-120,344,0,185,0,298,130" owari="43,-45.7,344,14.4,185,-21.5,428,52.8" /></mjloggm>