<mjloggm ver="2.3"><GO type="169" lobby="0"/><UN n0="%E3%81%88%E3%81%84%E3%81%8D%E3%81%A1%40%35%6D%66" n1="%E3%83%94%E3%83%B3%E3%82%B5%E3%83%AD%E5%BA%97%E5%93%A1" n2="%E2%97%8E%E3%82%88%E3%81%97%E2%97%8E" n3="%4D%41%43%4F%54%4F" dan="17,17,17,16" rate="2208.35,2261.55,2178.49,2064.80" sx="M,M,M,F"/><TAIKYOKU oya="0"/><INIT seed="0,0,0,0,1,110" ten="250,250,250,250" oya="0" hai0="47,37,77,9,115,53,15,70,32,117,40,90,0" hai1="69,102,68,6,111,80,127,128,42,120,52,91,134" hai2="10,72,7,88,119,17,79,101,131,18,83,121,19" hai3="44,1,85,16,54,95,64,5,65,106,98,46,58"/><T63/><D117/><U124/><E120/><V29/><F121/><W112/><G112/><T125/><D32/><U122/><E122/><V2/><F131/><W28/><G106/><T74/><D125/><N who="1" m="48203" /><E42/><V62/><F119/><W114/><G114/><T59/><D115/><U38/><E38/><V67/><F101/><W22/><G28/><T49/><D90/><U35/><E35/><V11/><F29/><W43/><G85/><T94/><D94/><U97/><E111/><V61/><F67/><W93/><G5/><T34/><D34/><U24/><E24/><V60/><REACH who="2" step="1"/><F88/><REACH who="2" ten="250,250,240,250" step="2"/><N who="3" m="55591" /><G65/><T31/><D31/><U103/><E128/><V82/><F82/><W27/><G64/><T108/><D108/><U105/><E103/><V51/><F51/><W21/><G1/><T100/><D100/><U8/><E80/><V25/><F25/><W123/><G123/><T26/><D26/><U96/><E91/><V78/><F78/><W4/><G27/><T89/><D89/><U12/><E97/><V14/><AGARI ba="0,1" hai="2,7,10,11,14,17,18,19,60,61,62,72,79,83" machi="14" ten="30,2000,0" yaku="1,1,0,1,53,0" doraHai="110" doraHaiUra="92" who="2" fromWho="2" sc="250,-10,250,-5,240,30,250,-5" /><INIT seed="1,0,0,4,0,128" ten="240,245,270,245" oya="1" hai0="52,129,73,6,16,91,28,12,61,64,124,35,46" hai1="14,40,44,104,8,86,13,79,54,90,32,20,26" hai2="72,103,125,83,92,71,15,69,98,41,21,66,4" hai3="67,126,29,78,122,80,10,24,75,70,38,133,47"/><U36/><E104/><V115/><F125/><W93/><G122/><T121/><D73/><U65/><E32/><V106/><F115/><W119/><G126/><T19/><D124/><U130/><E130/><V37/><F66/><W45/><G119/><T87/><D129/><U18/><E79/><V110/><F110/><W120/><G120/><T2/><D121/><U109/><E109/><V116/><F116/><W85/><G38/><T82/><D2/><U96/><E96/><V27/><F41/><W105/><G105/><T30/><D6/><U11/><E65/><V57/><F37/><W81/><G93/><T111/><D111/><U102/><E102/><V100/><F100/><W50/><G10/><N who="0" m="6167" /><D35/><U34/><E54/><V55/><F15/><W17/><G67/><T59/><D19/><U33/><E14/><V114/><F4/><W25/><G70/><T60/><D60/><U77/><E77/><V49/><F114/><W88/><G17/><T95/><D95/><U108/><E108/><V112/><F112/><W7/><G7/><T131/><D131/><U127/><E127/><V3/><F3/><W9/><G9/><T117/><D117/><U5/><REACH who="1" step="1"/><E11/><REACH who="1" ten="240,235,270,245" step="2"/><V89/><F106/><W51/><G78/><T101/><D101/><U132/><E132/><V56/><F103/><W53/><G133/><T97/><D97/><U58/><E58/><V134/><F56/><W68/><G68/><T84/><D84/><U31/><E31/><N who="2" m="17903" /><F134/><W99/><G29/><T42/><D64/><U63/><E63/><V135/><F135/><W23/><G85/><T74/><D74/><RYUUKYOKU ba="0,1" sc="240,10,235,10,270,10,245,-30" hai0="28,30,42,46,52,59,61,82,87,91" hai1="5,8,13,18,20,26,33,34,36,40,44,86,90" hai2="49,55,57,69,71,72,83,89,92,98" /><INIT seed="1,1,1,1,0,102" ten="250,245,280,215" oya="1" hai0="6,64,104,38,109,124,43,82,61,135,126,11,117" hai1="24,37,87,86,55,34,52,85,78,9,70,12,5" hai2="20,105,96,110,18,26,103,15,107,128,129,68,91" hai3="40,39,28,134,113,106,111,53,71,100,127,7,3"/><U80/><E70/><V72/><F110/><W66/><G113/><T23/><D117/><U10/><E37/><V83/><F68/><W33/><G53/><T21/><D109/><U112/><E112/><V118/><F118/><W125/><G111/><T50/><D38/><U54/><REACH who="1" step="1"/><E10/><REACH who="1" ten="250,235,280,215" step="2"/><V90/><F128/><W123/><G39/><T19/><D11/><U13/><E13/><V98/><F129/><W51/><G71/><T121/><D124/><U114/><E114/><V120/><F120/><W42/><G123/><T22/><D126/><U17/><E17/><V31/><F15/><W36/><G36/><T92/><D19/><U63/><E63/><V81/><F18/><W56/><G125/><T119/><D61/><U115/><E115/><V2/><F2/><W132/><G3/><T58/><D121/><U30/><AGARI ba="1,2" hai="5,9,12,24,30,34,52,54,55,78,80,85,86,87" machi="30" ten="30,6000,0" yaku="1,1,0,1,54,1,53,0" doraHai="102" doraHaiUra="133" who="1" fromWho="1" sc="250,-21,235,83,280,-21,215,-21" /><INIT seed="1,2,0,1,2,80" ten="229,318,259,194" oya="1" hai0="30,103,61,75,116,97,92,79,132,77,33,135,130" hai1="37,87,20,72,69,3,34,94,108,48,76,51,109" hai2="127,71,52,131,28,129,58,121,32,111,44,38,134" hai3="119,31,16,112,124,81,107,110,85,104,22,74,8"/><U118/><E118/><V123/><F28/><W128/><G112/><T2/><D2/><U56/><E34/><V78/><F32/><W89/><G119/><T96/><D61/><U7/><E69/><V18/><F18/><W59/><G110/><N who="1" m="42602" /><E37/><V122/><F78/><N who="0" m="29706" /><D30/><U42/><E72/><V63/><F111/><W84/><G74/><T35/><D35/><U5/><E20/><V101/><F101/><W21/><G128/><T114/><D33/><U26/><E26/><V24/><F24/><N who="3" m="16791" /><G104/><N who="0" m="63591" /><D75/><U11/><E7/><V66/><F134/><N who="0" m="51242" /><D130/><N who="2" m="49674" /><F127/><W120/><G124/><T73/><D73/><U29/><E29/><V82/><F38/><W91/><G107/><T70/><D70/><U133/><E133/><V102/><F123/><W67/><G120/><T100/><D116/><U46/><E56/><V88/><F122/><W95/><G8/><T115/><AGARI ba="2,0" hai="92,97,100,114,115" m="51242,63591,29706" machi="115" ten="30,4000,0" yaku="20,1,34,2" doraHai="80" who="0" fromWho="0" sc="229,46,318,-22,259,-12,194,-12" /><INIT seed="2,0,0,4,1,111" ten="275,296,247,182" oya="2" hai0="96,75,70,4,37,65,108,1,20,63,116,33,109" hai1="54,40,58,76,32,89,117,107,81,18,119,10,27" hai2="12,23,59,99,80,45,43,135,87,124,105,122,62" hai3="102,53,110,101,103,3,93,86,31,50,106,132,131"/><V113/><F122/><W95/><G3/><T2/><D33/><U118/><E107/><V83/><F124/><W55/><G110/><N who="0" m="42603" /><D75/><U74/><E40/><V77/><F135/><W13/><G132/><T29/><D37/><U120/><E120/><V42/><F105/><W21/><G106/><T94/><D4/><U22/><E32/><V61/><F99/><W79/><G131/><T57/><D70/><U66/><E66/><V67/><F43/><W134/><G134/><T46/><D46/><U38/><E38/><V90/><F113/><W127/><G127/><T91/><D116/><U88/><REACH who="1" step="1"/><E10/><REACH who="1" ten="275,286,247,182" step="2"/><V60/><F23/><W44/><G55/><T121/><D121/><U24/><E24/><AGARI ba="0,1" hai="1,2,20,24,29,57,63,65,91,94,96" m="42603" machi="24" ten="30,1000,0" yaku="14,1" doraHai="111" who="0" fromWho="1" sc="275,20,286,-10,247,0,182,0" /><INIT seed="3,0,0,3,4,41" ten="295,276,247,182" oya="3" hai0="20,80,121,2,104,101,9,108,89,111,44,19,112" hai1="97,27,49,126,86,77,5,131,82,92,50,122,91" hai2="94,58,54,99,42,118,79,55,32,76,74,56,63" hai3="70,96,35,100,29,106,23,26,85,83,8,3,90"/><W110/><G110/><N who="0" m="42027" /><D121/><U43/><E122/><V17/><F118/><W0/><G8/><T13/><D112/><U46/><E131/><V125/><F125/><W64/><REACH who="3" step="1"/><G23/><REACH who="3" ten="295,276,247,172" step="2"/><T33/><D9/><U132/><E126/><V18/><F32/><W15/><G15/><T72/><D33/><U61/><E132/><V73/><F73/><W31/><G31/><T102/><D72/><U4/><E27/><V129/><F74/><W66/><G66/><T12/><D12/><U105/><E105/><V30/><F30/><W60/><AGARI ba="0,1" hai="0,3,26,29,35,60,64,70,83,85,90,96,100,106" machi="60" ten="30,12000,1" yaku="1,1,0,1,25,2,53,1" doraHai="41" doraHaiUra="81" who="3" fromWho="3" sc="295,-40,276,-40,247,-40,172,130" /><INIT seed="3,1,0,0,1,80" ten="255,236,207,302" oya="3" hai0="13,59,132,2,82,115,61,95,107,67,56,89,37" hai1="3,75,15,45,70,64,112,68,35,32,92,74,12" hai2="128,125,51,27,8,21,16,19,7,134,50,84,9" hai3="38,98,78,72,4,124,85,31,116,93,131,11,23"/><W26/><G116/><T46/><D2/><U118/><E3/><V29/><F125/><W53/><G38/><T109/><D107/><U66/><E92/><V18/><F128/><W40/><G40/><T47/><D109/><U100/><E45/><V42/><F134/><W127/><G131/><T20/><D132/><U33/><E100/><V34/><F34/><W69/><G72/><N who="1" m="27690" /><E112/><V0/><F42/><W104/><G69/><N who="1" m="26730" /><E118/><V135/><F135/><W58/><G104/><T126/><D126/><U101/><E101/><V99/><F99/><W30/><G30/><T44/><D115/><U114/><E114/><V60/><F60/><W129/><G129/><T94/><D37/><U54/><E54/><V102/><F102/><W73/><G73/><T14/><D59/><U105/><E105/><V133/><F133/><W88/><G78/><T25/><D82/><U130/><E130/><V117/><F117/><W91/><G91/><T113/><D95/><U17/><E17/><V103/><F103/><W97/><G124/><T122/><D113/><U110/><E110/><V86/><REACH who="2" step="1"/><F9/><REACH who="2" ten="255,236,197,302" step="2"/><W63/><REACH who="3" step="1"/><G127/><REACH who="3" ten="255,236,197,292" step="2"/><T5/><D89/><U62/><E62/><V41/><F41/><W81/><G81/><T121/><D61/><U1/><E35/><V119/><F119/><W48/><G48/><AGARI ba="1,2" hai="0,7,8,16,18,19,21,27,29,48,50,51,84,86" machi="48" ten="40,8000,1" yaku="1,1,52,2,54,1,53,0" doraHai="80" doraHaiUra="43" who="2" fromWho="3" sc="255,0,236,0,197,103,292,-83" /><INIT seed="4,0,0,3,5,71" ten="255,236,300,209" oya="0" hai0="133,49,107,81,58,119,88,31,85,40,131,4,39" hai1="100,77,19,32,108,64,95,45,124,114,62,130,86" hai2="75,112,56,7,93,22,3,113,82,34,117,84,13" hai3="125,123,126,78,28,101,57,68,99,2,122,74,33"/><T83/><D119/><U129/><E108/><V24/><F117/><W80/><G68/><T9/><D107/><U103/><E32/><V38/><F75/><W44/><G2/><T105/><D105/><U66/><E124/><N who="3" m="47722" /><G57/><T1/><D131/><N who="1" m="50187" /><E114/><V132/><F132/><W116/><G116/><T90/><D133/><U20/><E45/><V10/><F93/><N who="3" m="58607" /><G44/><T65/><D31/><U69/><E66/><V97/><F56/><W61/><G61/><T89/><D39/><U67/><E67/><V91/><F38/><W26/><AGARI ba="0,0" hai="26,28,33,74,78,80,122,123" m="58607,47722" machi="26" ten="30,1100,0" yaku="18,1" doraHai="71" who="3" fromWho="3" sc="255,-5,236,-3,300,-3,209,11" /><INIT seed="5,0,0,2,0,102" ten="250,233,297,220" oya="1" hai0="90,36,8,127,4,99,38,135,121,116,78,12,65" hai1="14,50,54,119,40,64,72,81,132,51,45,57,112" hai2="49,110,69,120,104,16,29,105,70,94,98,19,2" hai3="9,6,122,47,114,80,109,63,31,67,43,35,30"/><U59/><E119/><V68/><F110/><W118/><G109/><T95/><D116/><U130/><E72/><V37/><F37/><W17/><G122/><T111/><D111/><U28/><E81/><V46/><F2/><W93/><G35/><T61/><D121/><U133/><E28/><V124/><F29/><W21/><G114/><T107/><D127/><U33/><E33/><V97/><F124/><W74/><G93/><T27/><D135/><N who="1" m="51787" /><E14/><V24/><F98/><W60/><G118/><T25/><D78/><U101/><E101/><V42/><F120/><W125/><G125/><T83/><D83/><U129/><E112/><V91/><REACH who="2" step="1"/><F24/><REACH who="2" ten="250,233,287,220" step="2"/><W96/><G31/><T77/><D38/><U41/><E41/><V55/><F55/><W66/><G30/><T1/><D36/><U32/><E32/><V11/><F11/><W3/><G96/><T48/><D1/><U92/><E92/><V88/><F88/><W89/><G89/><T108/><D108/><U115/><E115/><V53/><F53/><W82/><G82/><T75/><D27/><U100/><E100/><V58/><F58/><W128/><G80/><T106/><D25/><U113/><E113/><V71/><N who="2" m="17408" /><DORA hai="15" /><V26/><F26/><W86/><G3/><T73/><D8/><U23/><E23/><V76/><F76/><W103/><G21/><T22/><D77/><U85/><E85/><V134/><F134/><W10/><G86/><T18/><D75/><U0/><E0/><V7/><F7/><W131/><G6/><T20/><D73/><U34/><E34/><V87/><F87/><RYUUKYOKU ba="0,1" sc="250,-15,233,15,287,15,220,-15" hai1="40,45,50,51,54,57,59,64,129,130" hai2="16,19,42,46,49,91,94,97,104,105" /><INIT seed="5,1,1,3,3,28" ten="235,248,302,205" oya="1" hai0="107,49,76,132,63,6,114,19,60,119,20,133,14" hai1="125,30,71,46,67,15,84,51,10,1,95,94,32" hai2="27,88,97,100,40,47,106,44,13,50,36,34,58" hai3="101,80,4,55,121,66,39,37,21,134,16,92,48"/><U135/><E1/><V24/><F58/><W111/><G121/><T113/><D119/><U116/><E116/><V122/><F122/><W2/><G111/><T77/><D107/><U7/><E135/><N who="0" m="51785" /><D6/><U89/><E125/><V33/><F13/><W130/><G134/><T65/><D49/><U90/><E71/><V9/><F9/><W123/><G123/><T8/><D8/><U72/><E72/><V109/><F109/><W126/><G126/><T108/><D63/><U31/><E67/><V93/><F27/><W86/><G66/><T45/><D45/><U70/><E32/><V105/><F24/><W104/><G104/><T52/><D108/><U129/><E129/><V124/><F106/><W99/><G4/><T42/><D42/><U85/><REACH who="1" step="1"/><E70/><REACH who="1" ten="235,238,302,205" step="2"/><V62/><F124/><W115/><G130/><T29/><D113/><U87/><E87/><V64/><F64/><W35/><G115/><T117/><D114/><U56/><E56/><V61/><F61/><W81/><G35/><T59/><D117/><U0/><E0/><V43/><F62/><W118/><G118/><T73/><D73/><U41/><AGARI ba="1,2" hai="7,10,15,30,31,41,46,51,84,85,89,90,94,95" machi="41" ten="20,12000,1" yaku="1,1,0,1,7,1,9,1,8,1,53,0" doraHai="28" doraHaiUra="17" who="1" fromWho="1" sc="235,-41,238,143,302,-41,205,-41" /><INIT seed="5,2,0,1,0,115" ten="194,381,261,164" oya="1" hai0="96,32,112,80,0,45,25,34,7,21,125,69,4" hai1="23,51,49,14,131,40,3,83,56,89,100,120,72" hai2="29,107,71,106,122,98,130,87,128,65,47,70,86" hai3="38,41,57,30,133,12,31,33,119,84,90,102,19"/><U91/><E120/><V15/><F15/><W74/><G74/><T37/><D69/><N who="2" m="26122" /><F65/><W39/><G133/><T26/><D112/><U28/><E3/><V46/><F98/><W2/><G2/><T75/><D125/><U111/><E131/><N who="2" m="50219" /><F29/><W127/><G127/><T18/><D96/><U44/><E100/><V76/><F76/><W110/><G102/><T134/><D134/><U17/><E111/><V123/><F86/><W92/><G110/><T101/><D101/><U78/><E28/><V48/><F87/><W118/><G31/><T114/><D114/><U113/><E113/><V77/><F48/><W105/><G105/><N who="2" m="39945" /><F77/><W88/><G90/><T1/><D26/><U61/><REACH who="1" step="1"/><E51/><REACH who="1" ten="194,371,261,164" step="2"/><V36/><F36/><W54/><G39/><T85/><D0/><U58/><E58/><V82/><F82/><W93/><G38/><T99/><D1/><U79/><E79/><V60/><F60/><W8/><G57/><T121/><D80/><U97/><E97/><V124/><F124/><W11/><G30/><T68/><D68/><U10/><E10/><V94/><F94/><W103/><G92/><T6/><D99/><U117/><E117/><V73/><F73/><W22/><G103/><T5/><D75/><U95/><E95/><V43/><F122/><W132/><G132/><T129/><D121/><U64/><AGARI ba="2,1" hai="14,17,23,40,44,49,56,61,64,72,78,83,89,91" machi="64" ten="20,7800,0" yaku="1,1,0,1,7,1,53,1" doraHai="115" doraHaiUra="13" who="1" fromWho="1" sc="194,-28,371,94,261,-28,164,-28" /><INIT seed="5,3,0,1,3,98" ten="166,465,233,136" oya="1" hai0="5,130,19,62,67,79,17,14,80,89,125,102,66" hai1="49,99,120,114,118,15,12,3,68,132,31,27,0" hai2="69,91,40,33,117,95,4,6,46,13,34,73,32" hai3="112,28,9,127,109,18,36,94,131,64,96,133,76"/><U86/><E68/><V11/><F117/><W53/><G109/><T60/><D130/><U134/><E86/><V24/><F69/><W54/><G131/><T115/><D115/><U42/><E42/><V101/><F73/><W38/><G112/><T47/><D125/><U44/><E114/><V111/><F111/><W58/><G127/><T45/><D89/><U106/><E49/><V30/><F6/><W110/><G133/><N who="1" m="51306" /><E44/><V126/><F126/><W39/><G76/><T78/><D5/><U97/><E97/><V108/><F108/><W59/><G28/><T121/><D14/><N who="1" m="5163" /><E99/><V129/><F129/><W124/><G110/><T41/><D41/><U70/><E106/><V88/><F91/><W104/><G104/><T48/><D48/><U37/><E37/><V55/><F55/><W77/><G77/><T93/><D121/><U61/><E61/><V122/><F122/><W113/><G113/><T87/><D87/><U123/><E70/><V10/><F46/><W72/><G72/><T50/><D50/><U23/><E118/><V65/><F40/><W7/><G124/><T83/><D93/><U82/><E82/><V81/><F81/><W103/><G64/><T63/><D63/><U116/><E116/><V105/><F65/><W92/><G92/><T84/><D84/><U1/><AGARI ba="3,0" hai="0,1,3,23,27,31,120,123" m="5163,51306" machi="1" ten="40,7800,0" yaku="20,1,34,2" doraHai="98" who="1" fromWho="1" sc="166,-29,465,87,233,-29,136,-29" /><INIT seed="5,4,0,3,3,76" ten="137,552,204,107" oya="1" hai0="78,134,18,89,14,10,77,130,127,12,126,102,62" hai1="74,93,43,87,118,123,103,132,113,110,108,63,11" hai2="115,19,41,7,128,83,15,49,73,112,97,75,64" hai3="68,120,47,79,34,86,16,121,35,114,24,26,48"/><U100/><E43/><V5/><F64/><W3/><G3/><T1/><D130/><U82/><E63/><V61/><F61/><W2/><G2/><T22/><D1/><U51/><E51/><V57/><F97/><W20/><G68/><T96/><D134/><U122/><E11/><V106/><F106/><W95/><G114/><N who="2" m="43561" /><F128/><W17/><G35/><T116/><D116/><U40/><E40/><V54/><F41/><W27/><G34/><T107/><D89/><N who="1" m="53439" /><E113/><V0/><F0/><W71/><G71/><T70/><D70/><U125/><E118/><V44/><F57/><W67/><G67/><T55/><D62/><U117/><E117/><V99/><F99/><W9/><G120/><N who="1" m="46122" /><E132/><V53/><F54/><W45/><G121/><T33/><D33/><U109/><E125/><N who="0" m="47625" /><D55/><U36/><E36/><V13/><F15/><N who="3" m="7279" /><G95/><T80/><D14/><U25/><E25/><N who="3" m="9834" /><G48/><T59/><D59/><U85/><E74/><V119/><F73/><W84/><G84/><T4/><D10/><U105/><E105/><V94/><F119/><W69/><G69/><T38/><D38/><U42/><E42/><V21/><F7/><W6/><G6/><T135/><D4/><U72/><E72/><V65/><F5/><W23/><G23/><T124/><D135/><U56/><E56/><V37/><F37/><W90/><G47/><T111/><D124/><U91/><AGARI ba="4,0" hai="82,85,91,100,103,108,109,110" m="46122,53439" machi="91" ten="40,12000,1" yaku="10,1,34,2,52,1" doraHai="76" who="1" fromWho="1" sc="137,-44,552,132,204,-44,107,-44" /><INIT seed="5,5,0,0,4,111" ten="93,684,160,63" oya="1" hai0="20,78,97,5,118,26,29,36,54,52,106,31,55" hai1="65,6,90,50,16,101,86,48,24,79,34,122,7" hai2="96,88,27,60,8,134,19,11,2,105,17,39,33" hai3="119,73,117,80,25,41,91,1,47,0,21,42,28"/><U99/><E122/><V32/><F39/><W70/><G70/><T129/><D118/><N who="3" m="45065" /><G91/><T40/><D129/><U22/><E34/><N who="2" m="13419" /><F60/><W69/><G69/><T59/><D5/><U61/><E79/><V49/><F49/><N who="3" m="26863" /><G42/><T74/><D31/><U120/><E120/><V131/><F131/><W84/><G84/><T14/><D14/><U92/><E50/><V83/><F83/><W62/><G62/><T72/><D59/><N who="1" m="37055" /><E48/><V112/><F88/><W125/><G125/><T15/><D15/><U35/><E35/><V18/><F2/><N who="3" m="1131" /><G80/><AGARI ba="5,0" hai="6,7,16,22,24,80,86,90,92,99,101" m="37055" machi="80" ten="30,2900,0" yaku="8,1,54,1" doraHai="111" who="1" fromWho="3" sc="93,0,684,44,160,0,63,-44" /><INIT seed="5,6,0,1,4,36" ten="93,728,160,19" oya="1" hai0="3,101,83,65,99,4,48,114,20,72,0,55,23" hai1="124,103,79,8,104,46,14,129,107,134,21,93,76" hai2="109,113,22,125,80,69,60,1,34,2,67,81,50" hai3="40,53,24,102,35,126,100,43,7,87,62,61,52"/><U89/><E129/><V130/><F34/><W110/><G110/><T42/><D114/><U127/><E21/><V98/><F109/><W29/><G126/><N who="1" m="48170" /><E46/><V39/><F39/><W82/><G7/><T47/><D65/><U92/><E14/><V9/><F22/><N who="3" m="15511" /><G62/><T41/><D20/><U73/><E8/><V16/><F9/><W116/><G116/><T70/><D70/><U18/><E18/><V86/><F16/><W131/><G131/><T88/><D23/><U31/><E31/><V90/><F130/><W15/><G15/><T91/><D72/><U17/><E17/><V132/><F125/><W6/><G6/><T122/><D122/><U95/><E134/><V97/><F132/><W5/><G5/><T111/><D111/><U57/><E57/><V74/><F1/><W51/><G61/><T117/><D117/><U84/><E73/><V115/><F2/><W120/><G120/><T133/><D133/><U96/><E104/><V64/><F74/><W63/><G63/><T11/><D0/><U106/><E106/><V44/><F60/><W119/><G35/><T19/><D19/><U66/><E66/><V77/><F67/><W10/><G10/><T68/><D68/><U38/><E38/><V118/><F64/><W54/><G119/><T33/><D33/><U32/><E32/><V25/><F69/><W26/><G26/><T13/><D3/><U58/><E58/><V49/><F25/><W12/><G12/><T94/><D4/><U112/><E112/><N who="2" m="43083" /><F118/><W56/><G56/><T78/><D11/><U59/><E59/><V30/><F30/><RYUUKYOKU ba="6,0" sc="93,-10,728,30,160,-10,19,-10" hai1="76,79,84,89,92,93,95,96,103,107" /><INIT seed="5,7,0,2,2,24" ten="83,758,150,9" oya="1" hai0="130,87,128,4,28,98,71,46,94,103,70,131,76" hai1="5,77,35,82,116,30,33,135,72,100,123,23,104" hai2="84,20,101,65,81,63,118,21,31,41,133,26,120" hai3="50,22,18,29,38,108,56,54,113,89,15,39,106"/><U13/><E116/><V134/><F118/><W42/><G108/><T62/><D4/><U64/><E123/><V66/><F120/><W11/><G106/><T60/><D46/><U97/><E135/><N who="2" m="51723" /><F41/><W14/><G113/><T85/><D28/><U86/><E64/><N who="2" m="24683" /><F101/><W37/><G29/><T61/><REACH who="0" step="1"/><D76/><REACH who="0" ten="73,758,150,9" step="2"/><U75/><E5/><V48/><F31/><W125/><G125/><T67/><D67/><U0/><E0/><V43/><F43/><W90/><G42/><T3/><D3/><U2/><E2/><V112/><F112/><W68/><G68/><AGARI ba="7,1" hai="60,61,62,68,70,71,85,87,94,98,103,128,130,131" machi="68" ten="50,3200,0" yaku="1,1,19,1,53,0" doraHai="24" doraHaiUra="74" who="0" fromWho="3" sc="73,63,758,0,150,0,9,-53" owari="136,-26.4,758,85.8,150,-5.0,-44,-54.4" /></mjloggm>