<mjloggm ver="2.3"><GO type="169" lobby="0"/><UN n0="%62%73%64%5F%33" n1="%E3%81%BF%E3%81%8B%E3%82%93%EF%BC%A0%E3%82%8F%E3%81%8B%E3%82%81%E3%81%A6" n2="%E8%B5%A4%E7%BE%8E%E6%BF%83%E3%81%BE%E3%81%90%E3%82%8D" n3="%E3%81%9B%E3%81%A9%E3%81%AA%E3%82%8A%E3%81%82%E3%82%93" dan="17,16,17,17" rate="2131.13,2144.86,2210.49,2193.92" sx="F,M,M,F"/><TAIKYOKU oya="0"/><INIT seed="0,0,0,0,5,6" ten="250,250,250,250" oya="0" hai0="59,21,29,127,79,63,32,14,40,7,10,133,15" hai1="20,105,106,64,23,80,44,77,110,46,122,17,92" hai2="57,4,121,94,81,30,2,41,108,43,89,88,113" hai3="22,85,134,90,67,1,47,34,70,73,48,120,98"/><T65/><D133/><U50/><E122/><V100/><F113/><W99/><G34/><T71/><D127/><U19/><E110/><V82/><F121/><W56/><G70/><T109/><D109/><U51/><E92/><V52/><F108/><W49/><G73/><T69/><D40/><N who="2" m="15434" /><F2/><W115/><G115/><T97/><D79/><U91/><E77/><V42/><N who="2" m="15442" /><V8/><DORA hai="39" /><F30/><W36/><G36/><T83/><D83/><N who="2" m="31754" /><F4/><W76/><G76/><T37/><D37/><U16/><E19/><V12/><F100/><W84/><G1/><T13/><D32/><U116/><E80/><V53/><F89/><W66/><G90/><T118/><D118/><U132/><E91/><V104/><F104/><W26/><G120/><T129/><D71/><U58/><E132/><V96/><F57/><W93/><G56/><T107/><D69/><U38/><E38/><V103/><F103/><W74/><G74/><T55/><D107/><U27/><E58/><V45/><F45/><W117/><G47/><T33/><D33/><U18/><E17/><V24/><F24/><W95/><G26/><T126/><D29/><U131/><E27/><V123/><F123/><W62/><G134/><T119/><D7/><U135/><E135/><V112/><F112/><W86/><G117/><T3/><D3/><U68/><E68/><V72/><F72/><W28/><G28/><T31/><D31/><U124/><E116/><V114/><F114/><W9/><G93/><T101/><D101/><U5/><E5/><V0/><F0/><W11/><G95/><T102/><D119/><RYUUKYOKU ba="0,0" sc="250,-10,250,-10,250,30,250,-10" hai2="8,12,52,53,88,94,96" /><INIT seed="1,1,0,5,5,97" ten="240,240,280,240" oya="1" hai0="38,57,52,100,48,86,81,71,90,6,51,44,20" hai1="41,22,109,31,78,8,5,129,110,14,16,73,83" hai2="98,40,105,19,43,2,17,50,87,118,46,89,68" hai3="131,114,108,33,96,134,116,1,34,123,91,101,39"/><U67/><E67/><V120/><F118/><W53/><RYUUKYOKU type="yao9" ba="1,0" sc="240,0,240,0,280,0,240,0" hai3="1,33,34,39,53,91,96,101,108,114,116,123,131,134" /><INIT seed="1,2,0,0,0,64" ten="240,240,280,240" oya="1" hai0="74,124,73,125,14,36,120,42,132,34,5,53,52" hai1="6,27,71,54,69,1,110,135,121,114,97,7,11" hai2="24,75,100,20,127,21,13,0,37,89,105,56,85" hai3="117,130,29,91,67,16,108,101,78,51,94,76,4"/><U9/><E114/><V90/><F75/><W26/><G108/><T98/><D34/><U128/><E121/><V61/><F0/><W116/><G4/><T84/><D120/><U77/><E110/><V30/><F37/><W113/><G113/><T83/><D132/><U12/><E135/><V33/><F127/><N who="0" m="48714" /><D98/><U88/><E128/><V49/><F49/><W80/><G101/><T122/><D122/><U22/><E77/><V126/><F126/><W104/><G104/><T23/><D42/><U109/><E109/><V2/><F2/><W57/><G130/><T95/><D95/><U103/><E54/><N who="0" m="21097" /><D36/><U102/><E88/><V134/><F134/><W44/><G78/><N who="0" m="46199" /><D23/><U58/><E58/><V59/><F59/><W111/><G111/><T82/><D82/><U45/><E45/><V93/><F90/><W106/><G106/><T65/><D65/><U32/><E32/><V79/><F79/><W19/><G67/><T99/><D99/><U40/><E40/><V18/><F105/><W25/><G57/><T10/><AGARI ba="2,0" hai="5,10,14,73,74" m="46199,21097,48714" machi="10" ten="30,2000,0" yaku="18,1,54,1" doraHai="64" who="0" fromWho="0" sc="240,26,240,-12,280,-7,240,-7" /><INIT seed="2,0,0,0,1,63" ten="266,228,273,233" oya="2" hai0="110,130,117,21,90,102,109,0,6,50,12,55,129" hai1="87,84,13,118,18,127,5,105,31,33,56,27,101" hai2="46,59,83,88,124,122,107,96,128,9,119,1,35" hai3="65,43,72,19,14,58,2,48,98,25,135,132,113"/><V108/><F119/><W42/><G2/><T40/><D0/><U100/><E118/><V39/><F122/><W85/><G72/><T97/><D40/><U73/><E73/><V81/><F35/><W32/><G113/><T80/><D117/><U68/><E127/><V106/><F124/><W30/><G85/><N who="0" m="50471" /><D6/><U67/><E56/><V22/><F128/><N who="0" m="49258" /><D12/><U78/><E5/><V77/><F108/><W24/><G24/><T41/><D21/><U49/><E49/><V94/><F9/><W111/><G98/><T92/><D41/><U91/><E78/><V26/><F1/><W11/><G111/><T51/><D51/><U54/><E54/><V126/><F126/><W131/><G131/><T17/><D17/><U16/><E18/><V38/><F38/><W3/><G3/><T103/><D103/><U133/><E100/><V8/><F8/><W15/><G15/><T7/><D7/><U93/><E101/><V34/><F34/><W70/><G43/><T60/><D60/><N who="1" m="40039" /><E105/><V120/><F107/><W36/><G36/><T121/><D121/><U64/><E13/><V44/><F106/><W69/><G42/><T61/><D61/><U82/><E16/><N who="2" m="12615" /><F39/><W125/><G125/><T20/><D20/><U79/><E133/><N who="3" m="51274" /><G48/><T116/><D116/><U52/><E33/><V10/><F10/><W134/><G134/><T66/><D66/><U57/><E64/><V28/><F120/><W29/><G29/><T53/><D53/><U99/><E52/><V71/><F28/><W86/><G86/><T37/><D37/><U23/><E87/><N who="2" m="50303" /><F71/><N who="3" m="27147" /><G65/><T74/><D74/><RYUUKYOKU ba="0,0" sc="266,10,228,10,273,-30,233,10" hai0="50,55,92,97,102,109,110" hai1="23,27,31,57,79,82,84,91,93,99" hai3="11,14,19,25,30,32,58" /><INIT seed="3,1,0,2,3,88" ten="276,238,243,243" oya="3" hai0="98,36,60,86,50,64,7,97,99,104,85,57,133" hai1="87,66,49,93,92,91,72,18,134,70,56,125,67" hai2="118,71,131,90,122,35,106,52,101,53,30,55,80" hai3="107,115,14,0,132,13,42,12,45,74,44,58,5"/><W105/><G115/><T2/><D36/><U32/><E32/><V111/><F118/><W46/><G74/><T17/><D104/><U68/><E72/><V10/><F71/><W29/><G29/><T129/><D129/><U4/><E4/><V81/><F111/><W21/><G132/><T77/><D133/><U135/><E125/><V61/><F131/><W24/><G42/><T108/><D108/><U126/><E126/><V25/><F122/><W15/><N who="3" m="3072" /><DORA hai="40" /><W112/><G112/><T11/><D17/><U8/><E91/><V48/><F10/><W16/><REACH who="3" step="1"/><G58/><REACH who="3" ten="276,238,243,233" step="2"/><T110/><D110/><U116/><E56/><V9/><F9/><AGARI ba="1,1" hai="0,5,9,16,21,24,44,45,46,105,107" m="3072" machi="9" ten="60,18000,2" yaku="1,1,2,1,52,3,54,1,53,0" doraHai="88,40" doraHaiUra="62,65" who="3" fromWho="2" sc="276,0,238,0,243,-183,233,193" /><INIT seed="3,2,0,5,5,74" ten="276,238,60,426" oya="3" hai0="29,9,88,62,117,135,27,57,112,93,48,106,134" hai1="51,100,110,23,22,35,19,39,7,31,116,55,26" hai2="54,17,14,41,133,3,34,5,123,24,132,71,43" hai3="45,1,12,60,76,101,91,69,92,104,59,127,102"/><W103/><G1/><T33/><D117/><U118/><E39/><V68/><F123/><W94/><G69/><N who="2" m="26697" /><F54/><W131/><G104/><T126/><D126/><U63/><E100/><V80/><F80/><W77/><G127/><T56/><D106/><U99/><E99/><V95/><F95/><W90/><G131/><T122/><D122/><U111/><E63/><V121/><F121/><W30/><G30/><T115/><D9/><U49/><E55/><V125/><F125/><W128/><G45/><T73/><D48/><U64/><E64/><V83/><F83/><W13/><G128/><T18/><D18/><U114/><E51/><V21/><F43/><W28/><G28/><T37/><D73/><U85/><E49/><V86/><F86/><N who="3" m="52311" /><G12/><T130/><D37/><U108/><E85/><V46/><F46/><W119/><G13/><T50/><D50/><U6/><E114/><N who="0" m="43561" /><D130/><U16/><E35/><V38/><F38/><W72/><G119/><N who="1" m="45610" /><E31/><N who="2" m="19815" /><F41/><W20/><G20/><T2/><D2/><U66/><E66/><V40/><F40/><W58/><G72/><T10/><D10/><AGARI ba="2,0" hai="3,5,10,14,17,21,132,133" m="19815,26697" machi="10" ten="30,1000,0" yaku="24,1" doraHai="74" who="2" fromWho="0" sc="276,-16,238,0,60,16,426,0" /><INIT seed="4,0,0,5,1,26" ten="260,238,76,426" oya="0" hai0="16,27,120,1,93,50,48,100,29,54,107,55,6" hai1="89,61,113,37,68,57,23,9,99,135,44,42,85" hai2="128,46,36,13,84,103,101,17,49,131,108,121,39" hai3="11,96,97,18,43,58,82,67,76,5,90,30,132"/><T3/><D107/><U45/><E68/><V7/><F7/><W10/><G43/><T127/><D120/><U78/><E135/><V56/><F56/><W74/><G30/><T87/><D127/><U102/><E78/><V28/><F108/><W109/><G109/><T19/><D6/><U12/><E45/><V94/><F121/><W60/><G132/><T8/><D3/><U51/><E23/><V21/><F84/><W69/><G69/><T24/><D1/><U2/><E2/><V0/><F0/><W118/><G118/><T92/><D87/><U122/><E122/><V83/><F83/><W25/><G5/><T106/><D106/><U66/><E113/><V73/><F73/><W70/><G70/><T105/><D105/><U133/><E133/><V114/><F114/><W95/><G96/><T129/><D129/><N who="2" m="49738" /><F28/><W15/><G25/><T47/><D100/><N who="2" m="38474" /><F94/><W75/><G75/><T22/><D8/><AGARI ba="0,0" hai="8,10,11,15,18,58,60,67,74,76,82,90,95,97" machi="8" ten="30,1000,0" yaku="7,1" doraHai="26" who="3" fromWho="0" sc="260,-10,238,0,76,0,426,10" /><INIT seed="5,0,0,5,1,71" ten="250,238,76,436" oya="1" hai0="29,103,131,23,40,126,75,109,6,73,77,9,35" hai1="117,123,111,94,22,104,122,24,58,31,88,87,37" hai2="114,20,32,36,130,102,84,115,124,92,86,119,66" hai3="43,28,48,26,2,64,89,95,5,56,17,67,41"/><U59/><E117/><V91/><F32/><W135/><G2/><T85/><D109/><U113/><E111/><V80/><F119/><W47/><G5/><T13/><D35/><U132/><E113/><N who="2" m="43019" /><F130/><W60/><G17/><T125/><D131/><U44/><E104/><V112/><N who="2" m="43027" /><V106/><DORA hai="133" /><F66/><W53/><G67/><T110/><D110/><U39/><E132/><V62/><F62/><W120/><G120/><T11/><D103/><U108/><E108/><V74/><F74/><W30/><G135/><T19/><D40/><N who="3" m="15433" /><G26/><N who="0" m="16607" /><D85/><AGARI ba="0,0" hai="28,30,47,48,53,56,60,64,85,89,95" m="15433" machi="85" ten="30,1000,0" yaku="8,1" doraHai="71,133" who="3" fromWho="0" sc="250,-10,238,0,76,0,436,10" /><INIT seed="6,0,0,3,0,130" ten="240,238,76,446" oya="2" hai0="21,29,121,118,94,107,39,67,37,119,52,43,135" hai1="78,20,48,64,100,10,15,82,2,28,1,97,60" hai2="133,124,59,35,57,50,56,75,116,122,38,8,89" hai3="134,3,93,53,112,54,106,113,114,47,73,9,80"/><V103/><F116/><N who="0" m="44586" /><D107/><U83/><E48/><V101/><F122/><W92/><G134/><T49/><D121/><U42/><E42/><V55/><F35/><W31/><G106/><T40/><D94/><N who="3" m="36457" /><G31/><T132/><D67/><U79/><E28/><V44/><F75/><W61/><G61/><T76/><D76/><U27/><E27/><V51/><F124/><W123/><G47/><N who="0" m="27711" /><D21/><U24/><E24/><V87/><F38/><N who="0" m="14346" /><D29/><U7/><E20/><V62/><F133/><AGARI ba="0,0" hai="40,43,132,133,135" m="14346,27711,44586" machi="133" ten="40,16000,3" yaku="20,1,12,1,34,2,52,3,54,1" doraHai="130" who="0" fromWho="2" sc="240,160,238,0,76,-160,446,0" owari="400,20.0,238,-16.2,-84,-58.4,446,54.6" /></mjloggm>