<mjloggm ver="2.3"><GO type="169" lobby="0"/><UN n0="%E5%BA%84%E5%8F%B8%E5%81%A5%E5%A4%AA%E6%9C%97" n1="%E5%A4%A9%E3%81%8B%E3%81%91%E3%82%8B%E6%98%9F" n2="%E3%83%AC%E3%82%A4%E3%83%88%E3%83%B3%E5%87%86%E6%95%99%E6%8E%88" n3="%E7%B4%94%E6%BD%94%E3%83%94%E3%83%A9%E3%83%8B%E3%82%A2" dan="16,16,18,16" rate="2061.07,2068.94,2224.91,2195.57" sx="M,M,M,M"/><TAIKYOKU oya="0"/><INIT seed="0,0,0,1,0,49" ten="250,250,250,250" oya="0" hai0="89,69,82,83,33,60,25,112,85,42,126,62,55" hai1="104,94,119,53,38,107,10,117,77,14,99,1,125" hai2="39,96,76,109,13,28,16,0,12,80,103,111,57" hai3="15,22,26,78,17,134,52,71,130,124,75,3,122"/><T131/><D112/><U24/><E38/><V46/><F0/><W11/><G71/><T68/><D126/><U65/><E1/><V50/><F28/><W127/><G130/><T132/><D131/><U34/><E65/><V133/><F133/><W66/><G66/><T7/><D42/><U9/><E77/><V90/><F57/><W97/><G134/><T32/><D7/><U35/><E24/><V123/><F39/><W79/><G97/><T116/><D116/><U74/><E74/><V88/><F123/><W44/><G3/><T36/><D36/><U118/><E125/><N who="3" m="48202" /><G75/><T93/><D132/><U21/><E21/><N who="2" m="11399" /><F13/><W98/><G98/><T102/><D102/><U106/><E10/><V8/><F8/><W59/><G44/><T108/><D108/><N who="2" m="41546" /><F96/><W128/><G122/><T4/><D4/><U54/><E35/><V113/><F103/><W72/><G72/><T51/><D33/><U91/><REACH who="1" step="1"/><E34/><REACH who="1" ten="250,240,250,250" step="2"/><V121/><F121/><W5/><G128/><T43/><D32/><U115/><E115/><V120/><F113/><W92/><G92/><T64/><D25/><U110/><E110/><V63/><F120/><W129/><G129/><T86/><D93/><U114/><E114/><V70/><F70/><W135/><G135/><T30/><D69/><U2/><E2/><V23/><F23/><W31/><G31/><T27/><D68/><U105/><N who="1" m="26624" /><DORA hai="95" /><U84/><E84/><V41/><F80/><W19/><G5/><AGARI ba="0,1" hai="5,9,14,53,54,91,94,99,117,118,119" m="26624" machi="5" ten="70,8000,1" yaku="1,1,52,3,53,0" doraHai="49,95" doraHaiUra="29,81" who="1" fromWho="3" sc="250,0,240,90,250,0,250,-80" /><INIT seed="1,0,0,4,3,31" ten="250,330,250,170" oya="1" hai0="99,126,34,100,117,71,46,23,45,8,119,32,15" hai1="61,129,84,75,83,42,56,53,9,4,28,7,41" hai2="104,20,135,24,115,55,60,35,22,87,120,16,47" hai3="77,64,76,44,131,26,66,6,27,30,91,65,111"/><U37/><E75/><V123/><F135/><W73/><G111/><T92/><D71/><U90/><E129/><V94/><F104/><W106/><G131/><T12/><D126/><U93/><E37/><V10/><F115/><W109/><G109/><T133/><D133/><U95/><E28/><V63/><F35/><W108/><G108/><T124/><D124/><U101/><E7/><V51/><F120/><W68/><G68/><T86/><D23/><U29/><E29/><V38/><F38/><W116/><G106/><T132/><D132/><U127/><E127/><V1/><F123/><W88/><G73/><T3/><D3/><U85/><E101/><V40/><F40/><W113/><G113/><T82/><D15/><N who="1" m="5543" /><E95/><V14/><F20/><W36/><G36/><T112/><D112/><U59/><E56/><V2/><F2/><W62/><G6/><T107/><D107/><U122/><E122/><V19/><F1/><W118/><G30/><T69/><D69/><U48/><E48/><V33/><F33/><N who="0" m="12906" /><D119/><N who="3" m="45609" /><G62/><T102/><D100/><U89/><AGARI ba="0,0" hai="41,42,53,59,61,83,84,85,89,90,93" m="5543" machi="89" ten="30,1500,0" yaku="8,1" doraHai="31" who="1" fromWho="1" sc="250,-5,330,15,250,-5,170,-5" /><INIT seed="1,1,0,5,0,48" ten="245,345,245,165" oya="1" hai0="58,130,71,51,15,33,9,62,83,63,53,43,118" hai1="29,23,20,35,13,75,4,10,64,116,40,110,65" hai2="25,102,59,117,17,79,94,93,57,133,42,69,124" hai3="120,90,123,95,27,49,67,66,50,31,129,114,18"/><U86/><E75/><V11/><F117/><W47/><G114/><T16/><D118/><U72/><E72/><V99/><F133/><W96/><G129/><T82/><D33/><U81/><E116/><V54/><F124/><W128/><G128/><T44/><REACH who="0" step="1"/><D130/><REACH who="0" ten="235,345,245,165" step="2"/><U2/><E35/><V39/><F69/><W84/><G123/><T5/><D5/><U1/><E110/><V112/><F112/><W78/><G120/><T19/><D19/><U26/><E40/><V77/><F42/><W70/><G18/><T88/><D88/><U56/><E2/><V87/><F39/><W32/><G70/><T119/><D119/><U101/><E101/><V131/><F131/><W135/><G135/><T22/><D22/><U8/><E20/><N who="2" m="13455" /><F11/><W91/><G78/><T80/><D80/><U7/><E56/><V106/><F57/><W111/><G111/><T37/><D37/><U28/><E29/><V113/><F113/><W76/><G76/><AGARI ba="1,1" hai="1,4,7,8,10,13,23,26,28,64,65,76,81,86" machi="76" ten="30,1500,0" yaku="7,1" doraHai="48" who="1" fromWho="3" sc="235,0,345,28,245,0,165,-18" /><INIT seed="1,2,0,2,5,47" ten="235,373,245,147" oya="1" hai0="2,87,0,127,132,96,100,109,54,104,59,65,74" hai1="10,51,117,17,68,15,32,134,135,8,122,115,114" hai2="72,89,40,94,60,24,98,126,11,108,82,41,9" hai3="23,70,67,64,99,101,35,107,22,91,58,43,19"/><U3/><E68/><V69/><F108/><W125/><G35/><T30/><D74/><U103/><E117/><V56/><F126/><W130/><G130/><T133/><D109/><U63/><E122/><V105/><F69/><W88/><G70/><T14/><D65/><U48/><E63/><V49/><F105/><W33/><G33/><T102/><D102/><U97/><E32/><V45/><F40/><W124/><G43/><T93/><D30/><U27/><E27/><V78/><REACH who="2" step="1"/><F24/><REACH who="2" ten="235,373,235,147" step="2"/><W57/><G107/><T83/><D104/><N who="1" m="63599" /><E114/><V73/><F73/><W85/><G101/><T66/><D127/><U84/><E115/><V12/><F12/><W34/><G34/><T52/><D14/><U116/><E116/><V31/><F31/><W71/><G71/><T123/><D123/><U121/><E121/><V16/><F16/><W44/><G19/><T39/><D2/><U28/><E28/><V53/><AGARI ba="2,1" hai="9,11,41,45,49,53,56,60,72,78,82,89,94,98" machi="53" ten="20,12000,2" yaku="1,1,0,1,7,1,52,1,53,2" doraHai="47" doraHaiUra="4" who="2" fromWho="2" sc="235,-32,373,-62,235,136,147,-32" /><INIT seed="2,0,0,1,5,8" ten="203,311,371,115" oya="2" hai0="54,22,106,41,12,111,56,55,17,29,32,128,114" hai1="16,49,123,98,24,87,99,75,45,46,5,86,1" hai2="58,57,91,113,85,82,104,14,62,110,61,52,44" hai3="30,3,10,125,65,109,132,59,42,102,36,72,126"/><V89/><F113/><W33/><G72/><T27/><D114/><U73/><E1/><V88/><F104/><W131/><G109/><T34/><D106/><U92/><E5/><V28/><F110/><W103/><G131/><T134/><D111/><U66/><E123/><V100/><F100/><W95/><G132/><T116/><D128/><U47/><E49/><V7/><F28/><W77/><G77/><T71/><D71/><U130/><E66/><N who="2" m="39215" /><F44/><N who="3" m="23623" /><G95/><T15/><D134/><U60/><E60/><V4/><F4/><N who="3" m="1311" /><G59/><T118/><D41/><U63/><E63/><V119/><F119/><N who="0" m="45610" /><D55/><U2/><E2/><V21/><F7/><W108/><G65/><T70/><D70/><U40/><E40/><V19/><AGARI ba="0,0" hai="14,19,21,52,58,62,82,85,88,89,91" m="39215" machi="19" ten="30,11700,0" yaku="8,1,52,1,54,2" doraHai="8" who="2" fromWho="2" sc="203,-39,311,-39,371,117,115,-39" /><INIT seed="2,1,0,2,4,66" ten="164,272,488,76" oya="2" hai0="35,86,97,17,38,40,129,131,87,91,41,118,39" hai1="132,28,1,20,63,57,15,19,114,120,2,127,99" hai2="133,81,26,23,4,60,68,58,73,84,5,45,7" hai3="70,62,93,119,8,30,44,36,16,72,13,111,0"/><V128/><F73/><W9/><G119/><T126/><D35/><U61/><E114/><V49/><F128/><N who="0" m="49226" /><D126/><U96/><E127/><V65/><F133/><W56/><G72/><T123/><D123/><U50/><E132/><V122/><F122/><W75/><G75/><T101/><D17/><U64/><E28/><V77/><F45/><W79/><G30/><T32/><D32/><U100/><E50/><V104/><F104/><W82/><G111/><T135/><D135/><U95/><E120/><V112/><F112/><W76/><G82/><N who="0" m="49623" /><D87/><U92/><REACH who="1" step="1"/><E63/><REACH who="1" ten="164,262,488,76" step="2"/><V89/><F49/><W55/><G62/><T107/><D118/><U105/><E105/><V47/><F47/><W90/><G44/><T42/><AGARI ba="1,1" hai="38,39,40,41,42,97,101,107" m="49623,49226" machi="42" ten="30,1100,0" yaku="19,1" doraHai="66" who="0" fromWho="0" sc="164,24,262,-4,488,-6,76,-4" /><INIT seed="3,0,0,2,1,88" ten="188,258,482,72" oya="3" hai0="59,67,56,76,119,95,98,62,29,66,35,102,121" hai1="3,125,78,96,79,81,1,101,123,65,127,40,108" hai2="20,83,53,104,43,97,30,113,45,134,27,2,120" hai3="44,61,46,86,24,73,16,17,38,135,48,19,5"/><W23/><G73/><T112/><D119/><U69/><E123/><V132/><F120/><W50/><G135/><T100/><D121/><U10/><E108/><V80/><F2/><W58/><G5/><T22/><D35/><U89/><E40/><V55/><F113/><W42/><G86/><T4/><D112/><U75/><E79/><V47/><F104/><W74/><G74/><T130/><D130/><U63/><E89/><V13/><F97/><W93/><G93/><T57/><D76/><U107/><REACH who="1" step="1"/><E10/><REACH who="1" ten="188,248,482,72" step="2"/><V39/><F132/><W71/><G38/><T87/><D102/><U14/><E14/><V110/><F110/><W8/><G8/><T126/><D126/><AGARI ba="0,1" hai="1,3,63,65,69,75,78,81,96,101,107,125,126,127" machi="126" ten="40,8000,1" yaku="1,1,18,1,23,2,53,1" doraHai="88" doraHaiUra="60" who="1" fromWho="0" sc="188,-80,248,90,482,0,72,0" /><INIT seed="4,0,0,1,1,44" ten="108,338,482,72" oya="0" hai0="78,112,61,65,47,21,80,134,129,22,98,19,95" hai1="87,17,115,38,84,18,106,120,92,33,94,103,56" hai2="107,1,57,8,83,108,66,109,5,20,104,14,105" hai3="70,124,34,23,39,45,49,91,117,60,35,15,82"/><T7/><D112/><U0/><E120/><V72/><F1/><W73/><G39/><T36/><D134/><U37/><E0/><V4/><F4/><W54/><G117/><T30/><D129/><U16/><E33/><V116/><F116/><W11/><G23/><T40/><D7/><U123/><E123/><V75/><F20/><W28/><G28/><T118/><D118/><U88/><E115/><V69/><F57/><W9/><G124/><T67/><D30/><U99/><E56/><V122/><F122/><W111/><G111/><T77/><D80/><U130/><E130/><V125/><F125/><W119/><G11/><T90/><D67/><U96/><REACH who="1" step="1"/><E84/><REACH who="1" ten="108,328,482,72" step="2"/><V53/><F108/><W113/><G113/><T86/><D86/><U6/><E6/><V100/><F109/><W93/><G119/><T46/><D47/><U50/><E50/><V114/><F114/><W74/><G34/><T41/><D41/><U26/><E26/><V63/><F5/><W76/><G35/><T89/><D46/><U132/><E132/><V31/><F75/><W68/><G73/><T27/><D40/><U24/><E24/><V3/><F3/><W62/><G68/><T127/><D36/><U64/><E64/><V131/><F69/><W59/><G70/><T110/><D127/><U128/><E128/><V32/><F66/><W81/><G45/><T10/><D110/><U101/><AGARI ba="0,1" hai="16,17,18,37,38,87,88,92,94,96,99,101,103,106" machi="101" ten="30,7900,0" yaku="1,1,0,1,54,2,53,0" doraHai="44" doraHaiUra="79" who="1" fromWho="1" sc="108,-39,328,89,482,-20,72,-20" /><INIT seed="5,0,0,3,1,8" ten="69,417,462,52" oya="1" hai0="81,31,91,101,41,6,14,124,24,59,79,26,71" hai1="0,84,106,69,98,107,42,110,57,36,89,67,21" hai2="126,34,54,66,130,68,123,61,5,104,74,56,64" hai3="105,99,49,51,90,55,113,13,127,7,29,62,122"/><U32/><E32/><V76/><F123/><W120/><G113/><T75/><D71/><U60/><E0/><V100/><F126/><W118/><G127/><T9/><D124/><U102/><E110/><V17/><F130/><W48/><G118/><T63/><D101/><U3/><E3/><V128/><F128/><W94/><G105/><T115/><D115/><U65/><E107/><V93/><F104/><W22/><G29/><T83/><D41/><U25/><E42/><V87/><F5/><W82/><G82/><T33/><D26/><U18/><E36/><V109/><F34/><W50/><G62/><T132/><D132/><U38/><E38/><V40/><F40/><W20/><G122/><T95/><D79/><U73/><E73/><V11/><F68/><W19/><G7/><T12/><D12/><U16/><E69/><V80/><F109/><W15/><G120/><T96/><REACH who="0" step="1"/><D75/><REACH who="0" ten="59,417,462,52" step="2"/><U85/><E89/><V47/><F74/><W103/><G103/><T117/><D117/><U43/><E43/><V72/><F72/><W114/><G114/><T28/><D28/><U97/><E67/><AGARI ba="0,1" hai="6,9,14,24,31,33,59,63,67,81,83,91,95,96" machi="67" ten="30,7700,0" yaku="1,1,7,1,52,1,53,1" doraHai="8" doraHaiUra="2" who="0" fromWho="1" sc="59,87,417,-77,462,0,52,0" /><INIT seed="6,0,0,2,5,128" ten="146,340,462,52" oya="2" hai0="26,60,13,6,117,80,39,9,97,113,17,127,129" hai1="52,123,72,103,98,47,78,20,87,74,132,16,110" hai2="68,22,58,56,29,50,21,30,45,105,102,35,32" hai3="75,10,109,23,130,124,14,91,33,111,38,44,119"/><V63/><F68/><W85/><G33/><T27/><D39/><U82/><E110/><V100/><F63/><W28/><G75/><T114/><D129/><U89/><E123/><V5/><F5/><W83/><G119/><T51/><D127/><U93/><E132/><V3/><F45/><W134/><G124/><T135/><D135/><U25/><REACH who="1" step="1"/><E78/><REACH who="1" ten="146,330,462,52" step="2"/><V94/><F32/><W88/><G134/><T125/><D125/><U1/><E1/><V11/><F35/><W59/><G130/><T99/><D117/><U96/><E96/><V133/><F3/><W43/><G91/><T64/><D99/><U55/><E55/><V77/><F77/><W62/><G23/><T7/><D97/><U131/><E131/><V69/><F21/><W112/><G112/><T106/><D114/><U118/><E118/><V18/><F22/><W76/><G76/><T126/><D126/><U95/><E95/><V67/><F94/><W41/><G41/><T19/><D106/><U86/><E86/><V0/><F105/><W79/><G79/><T37/><D113/><U4/><E4/><V121/><F0/><W54/><REACH who="3" step="1"/><G28/><REACH who="3" ten="146,330,462,42" step="2"/><T84/><D9/><U104/><E104/><V120/><F11/><W48/><G48/><AGARI ba="0,2" hai="16,20,25,47,48,52,72,74,82,87,89,93,98,103" machi="48" ten="40,8000,1" yaku="1,1,54,2,53,1" doraHai="128" doraHaiUra="40" who="1" fromWho="3" sc="146,0,330,100,462,0,42,-80" owari="146,-25.4,430,23.0,462,56.2,-38,-53.8" /></mjloggm>