<mjloggm ver="2.3"><GO type="169" lobby="0"/><UN n0="%E3%81%9F%E3%81%BE%E5%AD%90" n1="%E3%82%88%E3%81%86%E3%81%B8%E3%83%BC%58" n2="%6B%75%72%69%73%75" n3="%E7%BD%AA%E5%88%91%E6%B3%95%E5%AE%9A%E4%B8%BB%E7%BE%A9" dan="16,17,16,17" rate="2148.89,2228.36,2160.51,2241.33" sx="M,M,F,M"/><TAIKYOKU oya="0"/><INIT seed="0,0,0,3,3,69" ten="250,250,250,250" oya="0" hai0="3,43,0,100,75,4,6,132,91,130,28,84,45" hai1="67,104,116,62,24,131,21,33,102,80,50,60,54" hai2="73,16,26,22,63,107,110,55,127,57,30,64,48" hai3="81,92,103,129,120,14,85,66,41,90,71,38,74"/><T105/><D75/><U61/><E116/><V15/><F110/><W97/><G129/><T37/><D130/><U88/><E33/><V89/><F127/><W114/><G114/><T119/><D119/><U23/><E131/><V5/><F73/><W125/><G125/><T123/><D123/><U10/><E10/><V134/><F134/><W53/><G120/><T18/><D132/><U126/><E126/><V11/><F89/><W51/><G74/><T117/><D117/><U13/><E104/><V7/><REACH who="2" step="1"/><F107/><REACH who="2" ten="250,250,240,250" step="2"/><W31/><G90/><T83/><D105/><U12/><E102/><V47/><AGARI ba="0,1" hai="5,7,11,15,16,22,26,30,47,48,55,57,63,64" machi="47" ten="20,12000,2" yaku="1,1,2,1,0,1,7,1,8,1,54,1,53,1" doraHai="69" doraHaiUra="44" who="2" fromWho="2" sc="250,-60,250,-30,240,130,250,-30" /><INIT seed="1,0,0,5,0,6" ten="190,220,370,220" oya="1" hai0="44,97,132,39,65,29,67,63,110,70,118,82,28" hai1="115,69,98,37,103,121,96,3,1,60,104,75,7" hai2="130,13,58,38,72,79,15,86,2,127,135,53,49" hai3="14,87,102,12,119,133,91,5,57,78,8,113,18"/><U128/><E121/><V116/><F116/><W62/><G113/><T95/><D118/><U47/><E115/><V11/><F130/><W76/><G133/><T88/><D132/><U123/><E123/><V125/><F135/><W4/><G102/><T90/><D110/><U92/><E128/><V43/><F72/><W46/><G46/><T51/><D39/><U16/><E75/><V36/><F2/><W21/><G4/><T89/><D67/><U40/><E7/><V64/><F64/><W9/><G21/><T106/><D106/><U23/><E60/><V41/><F38/><W81/><G119/><T0/><D0/><U33/><E33/><V50/><F36/><W84/><G84/><T122/><D122/><U66/><E66/><AGARI ba="0,0" hai="5,8,9,12,14,18,57,62,66,76,78,81,87,91" machi="66" ten="30,7700,0" yaku="7,1,8,1,52,2" doraHai="6" who="3" fromWho="1" sc="190,0,220,-77,370,0,220,77" /><INIT seed="2,0,0,5,3,104" ten="190,143,370,297" oya="2" hai0="124,97,110,94,47,41,134,71,126,96,44,73,12" hai1="0,11,128,129,42,37,50,7,59,78,9,122,16" hai2="95,22,90,18,120,81,101,4,23,112,8,62,64" hai3="114,34,67,43,65,121,39,3,27,125,102,58,31"/><V92/><F112/><W55/><G121/><T26/><D71/><U72/><E122/><V106/><F120/><W70/><G114/><T79/><D110/><U105/><E105/><V19/><F106/><W133/><G125/><N who="0" m="48235" /><D134/><U132/><E132/><V89/><F101/><W63/><G133/><T40/><D26/><U20/><E11/><V35/><F35/><W99/><G3/><T45/><D12/><N who="1" m="9223" /><E59/><V66/><F81/><W2/><G2/><T113/><D113/><U119/><E50/><V51/><F51/><W115/><G115/><T21/><D21/><U46/><E119/><V100/><F100/><W86/><G86/><T108/><D108/><U83/><AGARI ba="0,0" hai="0,7,9,37,42,46,72,78,83,128,129" m="9223" machi="83" ten="30,4000,0" yaku="25,1,52,1,54,1" doraHai="104" who="1" fromWho="1" sc="190,-10,143,40,370,-20,297,-10" /><INIT seed="3,0,0,3,2,11" ten="180,183,350,287" oya="3" hai0="96,48,118,75,126,3,94,28,52,66,39,46,108" hai1="102,16,33,85,55,77,125,24,15,71,32,4,5" hai2="34,109,121,123,0,78,31,134,41,132,113,120,106" hai3="84,99,37,115,25,112,43,89,79,83,13,68,104"/><W18/><G68/><T1/><D118/><U21/><E71/><V38/><F113/><W92/><G25/><T135/><D108/><U98/><E125/><V72/><F106/><W22/><REACH who="3" step="1"/><G104/><REACH who="3" ten="180,183,350,277" step="2"/><T90/><D126/><U116/><E116/><V14/><F120/><W129/><G129/><T59/><D135/><U65/><E24/><N who="2" m="18791" /><F132/><W114/><G114/><T8/><D28/><U127/><E127/><V49/><F134/><W101/><G101/><T95/><D75/><U53/><E33/><V97/><F72/><W88/><G88/><T60/><D39/><U19/><E32/><V130/><F38/><W50/><G50/><T63/><D63/><U122/><E122/><V58/><F130/><W30/><G30/><T124/><D124/><U86/><E77/><V56/><F78/><W27/><G27/><T6/><REACH who="0" step="1"/><D94/><REACH who="0" ten="170,183,350,277" step="2"/><N who="1" m="58711" /><E65/><V64/><F64/><W128/><G128/><T117/><D117/><U70/><E70/><V67/><F67/><W81/><G81/><T54/><D54/><U10/><E55/><V93/><F123/><W82/><G82/><T87/><D87/><N who="1" m="33291" /><E53/><V73/><F121/><W26/><G26/><T76/><D76/><U23/><E23/><V57/><F49/><W9/><G9/><T12/><AGARI ba="0,2" hai="1,3,6,8,12,46,48,52,59,60,66,90,95,96" machi="12" ten="20,8000,1" yaku="1,1,0,1,7,1,52,1,54,1,53,0" doraHai="11" doraHaiUra="105" who="0" fromWho="0" sc="170,100,183,-20,350,-20,277,-40" /><INIT seed="4,0,0,1,3,83" ten="270,163,330,237" oya="0" hai0="0,84,48,51,26,99,111,24,85,71,22,32,65" hai1="132,112,60,58,73,6,98,1,45,107,64,124,37" hai2="27,80,87,53,94,134,101,50,78,18,38,75,42" hai3="30,35,120,52,7,92,33,39,126,116,9,68,13"/><T25/><D0/><U72/><E132/><V41/><F134/><W86/><G116/><T17/><D111/><U54/><E124/><V125/><F125/><W59/><G68/><T56/><D71/><U8/><E112/><V66/><F66/><W113/><G126/><T19/><D99/><U67/><E67/><V135/><F135/><W2/><G113/><T21/><D32/><U23/><E23/><N who="0" m="8713" /><D65/><U96/><E96/><N who="2" m="59543" /><F75/><W88/><G39/><T114/><D114/><U115/><E115/><V128/><F38/><W5/><G120/><T12/><D56/><U100/><REACH who="1" step="1"/><E54/><REACH who="1" ten="270,153,330,237" step="2"/><V110/><F53/><W10/><REACH who="3" step="1"/><G30/><REACH who="3" ten="270,153,330,227" step="2"/><T4/><D26/><U15/><E15/><V14/><F27/><W40/><G40/><AGARI ba="0,2" hai="1,6,8,37,40,45,58,60,64,72,73,98,100,107" machi="40" ten="40,2600,0" yaku="1,1,53,1" doraHai="83" doraHaiUra="102" who="1" fromWho="3" sc="270,0,153,46,330,0,227,-26" /><INIT seed="5,0,0,2,1,49" ten="270,199,330,201" oya="1" hai0="44,34,133,86,19,82,55,27,131,71,81,102,84" hai1="80,6,30,135,118,14,87,46,128,98,52,95,101" hai2="26,56,23,93,88,85,110,120,69,57,18,112,130" hai3="37,53,42,4,2,16,122,132,119,36,54,115,45"/><U11/><E118/><V104/><F120/><W105/><G122/><T51/><D131/><U68/><E68/><V92/><F110/><W10/><G105/><T114/><D114/><U7/><E128/><V76/><F104/><W24/><G115/><T32/><D133/><U106/><E135/><V43/><F69/><W9/><G132/><T39/><D71/><U90/><E30/><V63/><F130/><W111/><G111/><T64/><D64/><U113/><E113/><V117/><F117/><W108/><G108/><T61/><D61/><U31/><E31/><V13/><F76/><W20/><G119/><T8/><D39/><U127/><E127/><V0/><F0/><W96/><G37/><T25/><D102/><U29/><E29/><N who="2" m="17631" /><F43/><W100/><REACH who="3" step="1"/><G10/><REACH who="3" ten="270,199,330,191" step="2"/><T48/><D8/><U125/><E125/><V107/><F107/><W35/><G35/><T3/><D34/><U38/><E38/><V77/><F112/><W17/><G17/><T123/><D123/><U134/><E134/><V28/><F28/><W22/><G22/><T79/><D32/><U41/><E41/><V126/><F126/><W67/><G67/><T99/><D19/><N who="1" m="8671" /><E106/><V78/><F18/><W89/><G89/><T73/><D79/><U116/><E116/><V5/><F78/><W91/><G91/><T66/><D66/><U59/><E46/><V83/><F77/><W65/><G65/><T70/><D44/><U58/><E58/><V72/><F56/><W74/><G74/><T50/><D73/><U1/><E1/><V97/><F72/><W33/><G33/><T94/><D3/><RYUUKYOKU ba="0,1" sc="270,-15,199,15,330,-15,191,15" hai1="6,7,52,59,80,87,90,95,98,101" hai3="2,4,9,16,20,24,36,42,45,53,54,96,100" /><INIT seed="5,1,1,2,2,111" ten="255,214,315,206" oya="1" hai0="23,93,73,67,1,14,19,68,110,86,60,17,24" hai1="35,134,28,109,74,62,81,46,0,47,115,116,29" hai2="4,61,7,103,5,56,95,84,57,6,124,94,126" hai3="71,16,2,51,129,27,40,97,80,45,12,76,118"/><U87/><E62/><V100/><F5/><W112/><G2/><T54/><D110/><U72/><E0/><V104/><F84/><W53/><G71/><T82/><D1/><U117/><E134/><V26/><F26/><W48/><G129/><T3/><D3/><U128/><E109/><V22/><F22/><W30/><G118/><T44/><D93/><N who="2" m="35338" /><F104/><W105/><G105/><T31/><D73/><U64/><E87/><V52/><F57/><W9/><G97/><T32/><D19/><U70/><E70/><V127/><AGARI ba="1,1" hai="4,6,7,52,56,61,100,103,124,126,127" m="35338" machi="127" ten="40,2700,0" yaku="18,1,54,1" doraHai="111" who="2" fromWho="2" sc="255,-8,214,-14,315,40,206,-8" /><INIT seed="6,0,0,2,3,73" ten="247,200,355,198" oya="2" hai0="51,88,14,104,66,130,71,16,38,125,72,55,116" hai1="21,9,85,0,31,78,19,1,123,62,90,49,11" hai2="45,26,80,113,79,126,56,121,86,25,114,70,118" hai3="112,134,100,59,109,2,33,98,12,120,30,54,99"/><V93/><F70/><W110/><G2/><T48/><D104/><U74/><E123/><V47/><F118/><W76/><G120/><T81/><D38/><U24/><E62/><V58/><F126/><W132/><G33/><T94/><D125/><U91/><E49/><V89/><F121/><W101/><G30/><T46/><D116/><U69/><E69/><V29/><F56/><W52/><G12/><T50/><D130/><U5/><E74/><V64/><F58/><W10/><G59/><T60/><D81/><U27/><E0/><V97/><F64/><W53/><G10/><T122/><D72/><U3/><E3/><V111/><F25/><W115/><G54/><T6/><D6/><U65/><E65/><V61/><F61/><W105/><G105/><T102/><D102/><U22/><REACH who="1" step="1"/><E11/><REACH who="1" ten="247,190,355,198" step="2"/><V84/><F111/><W82/><G82/><AGARI ba="0,1" hai="1,5,9,19,21,22,24,27,31,78,82,85,90,91" machi="82" ten="40,5200,0" yaku="1,1,2,1,52,1,53,0" doraHai="73" doraHaiUra="128" who="1" fromWho="3" sc="247,0,190,62,355,0,198,-52" /><INIT seed="7,0,0,3,3,18" ten="247,252,355,146" oya="3" hai0="72,76,84,26,108,111,85,88,71,54,69,62,20" hai1="44,97,35,42,77,8,3,98,118,2,50,36,104" hai2="124,47,52,73,91,105,59,131,65,133,128,1,46" hai3="83,68,17,126,5,9,134,109,57,33,112,87,39"/><W21/><G68/><T12/><D72/><U123/><E123/><V28/><F105/><W34/><G39/><T49/><D12/><U43/><E118/><V80/><F1/><W6/><G112/><T93/><D71/><U56/><E35/><V90/><F65/><W132/><G57/><T11/><D11/><U130/><E130/><N who="2" m="49707" /><F28/><W106/><G106/><T4/><D4/><N who="3" m="1641" /><G9/><T10/><D10/><U53/><E8/><V114/><F114/><W23/><G126/><T120/><D120/><U119/><E119/><V24/><F133/><N who="3" m="51307" /><G109/><T16/><D69/><U92/><E43/><V32/><F124/><W27/><G87/><T75/><D75/><U14/><E3/><V113/><F73/><W78/><G83/><T64/><D64/><U121/><E2/><V60/><F80/><W51/><G51/><T58/><D49/><U89/><E121/><V127/><F127/><W99/><G99/><T100/><D100/><U96/><E104/><V101/><F113/><W19/><G78/><T70/><D70/><U125/><E77/><V94/><F46/><W117/><G117/><T13/><D76/><U25/><E125/><V135/><F47/><W122/><G122/><T110/><D13/><AGARI ba="0,0" hai="13,17,19,21,23,27,33,34" m="51307,1641" machi="13" ten="30,12000,1" yaku="20,1,34,2,52,2" doraHai="18" who="3" fromWho="0" sc="247,-120,252,0,355,0,146,120" /><INIT seed="7,1,0,5,3,93" ten="127,252,355,266" oya="3" hai0="66,103,107,49,2,61,47,116,0,101,40,55,46" hai1="99,96,68,6,120,124,7,48,13,36,115,126,57" hai2="9,135,83,63,45,32,102,76,118,70,65,15,95" hai3="84,133,54,77,123,106,50,125,97,33,73,129,22"/><W26/><G123/><T78/><D116/><U81/><E115/><V82/><F118/><W64/><G73/><T74/><D74/><U91/><E68/><V12/><F32/><W130/><G33/><T42/><D78/><U98/><E36/><V88/><F102/><N who="3" m="62799" /><G64/><T10/><D10/><U31/><E31/><V19/><F135/><W80/><G133/><T56/><D103/><U35/><E35/><V27/><F27/><W4/><G4/><N who="1" m="1578" /><E13/><V44/><F12/><W114/><G114/><T85/><D85/><N who="1" m="50607" /><E120/><V20/><F9/><W51/><G54/><T90/><D90/><U29/><E29/><V30/><F30/><N who="3" m="17751" /><G125/><N who="1" m="48234" /><E57/><V14/><F14/><W112/><G112/><T18/><D18/><U25/><E48/><V53/><F53/><W75/><G75/><T105/><D105/><U111/><E25/><V122/><F122/><W34/><G34/><T23/><D23/><U72/><E72/><V128/><F76/><W127/><G127/><T89/><D89/><U58/><E58/><V59/><F70/><W92/><G92/><T108/><D108/><AGARI ba="1,0" hai="96,98,99,108,111" m="48234,50607,1578" machi="108" ten="40,8000,1" yaku="18,1,52,3" doraHai="93" who="1" fromWho="0" sc="127,-83,252,83,355,0,266,0" owari="44,-45.6,335,13.5,355,45.5,266,-13.4" /></mjloggm>