<mjloggm ver="2.3"><GO type="169" lobby="0"/><UN n0="%E3%83%99%E3%83%AA%E3%83%B3%E3%83%80" n1="%E3%81%86%E3%81%9A%E3%82%89%E5%8D%B5%E3%83%95%E3%83%A9%E3%82%A4" n2="%E3%82%AB%E3%83%AB%E3%83%94%E3%82%B9%E3%82%B5%E3%83%AF%E3%83%BC" n3="%43%4F%45%44%4F%E7%B7%91" dan="17,16,17,18" rate="2197.47,2033.64,2227.38,2196.18" sx="M,M,M,F"/><TAIKYOKU oya="0"/><INIT seed="0,0,0,3,4,45" ten="250,250,250,250" oya="0" hai0="104,26,96,98,108,5,17,28,77,92,135,76,65" hai1="75,130,74,53,105,59,61,38,51,68,52,48,0" hai2="122,13,78,82,70,1,80,109,124,93,132,2,37" hai3="79,71,49,89,64,16,8,19,84,31,34,88,33"/><T36/><D36/><U23/><E0/><V123/><F93/><W81/><G71/><T86/><D135/><U11/><E38/><V120/><F13/><N who="3" m="7207" /><G34/><T95/><D5/><U87/><E105/><V47/><F82/><W69/><G33/><T50/><D104/><U97/><E130/><V54/><F132/><W18/><G69/><T103/><D108/><U24/><E11/><V25/><F109/><W10/><G64/><T118/><D118/><U133/><E133/><V116/><F124/><W99/><G31/><T27/><D17/><N who="3" m="6153" /><G10/><T107/><D65/><U121/><E68/><V14/><F14/><W101/><G101/><T29/><D86/><U73/><E121/><V85/><F70/><W57/><G99/><T46/><D107/><U39/><E39/><V127/><F127/><W114/><G114/><T4/><D4/><U60/><E97/><V9/><F116/><W40/><G40/><T58/><D58/><U100/><E100/><V129/><F129/><W7/><G7/><T106/><D106/><U22/><E87/><V55/><F9/><W6/><G6/><T110/><D110/><U72/><E72/><V12/><F12/><W30/><G30/><N who="0" m="11883" /><D26/><U15/><E15/><V117/><F25/><W90/><G79/><T35/><D27/><U91/><E24/><V131/><F131/><W44/><G44/><T115/><D35/><U128/><E128/><V63/><F117/><W112/><G112/><T56/><D115/><U67/><E67/><V113/><F113/><W21/><G21/><N who="1" m="7690" /><E91/><V41/><F122/><W125/><G125/><T83/><D103/><RYUUKYOKU ba="0,0" sc="250,-15,250,15,250,-15,250,15" hai1="48,51,52,53,59,60,61,73,74,75" hai3="49,57,81,84,88,89,90" /><INIT seed="1,1,0,2,2,66" ten="235,265,235,265" oya="1" hai0="42,96,132,67,120,131,64,121,44,97,114,36,94" hai1="8,0,110,116,79,5,3,71,14,59,128,57,29" hai2="95,60,119,115,17,25,82,4,77,101,98,91,54" hai3="6,43,100,23,68,107,65,2,19,12,33,80,122"/><U118/><E79/><V53/><F119/><W134/><G122/><N who="0" m="47211" /><D114/><U11/><E71/><V47/><F115/><W63/><G134/><T90/><D132/><U56/><E128/><V112/><F112/><W129/><G129/><T113/><D113/><U117/><E110/><V109/><F109/><W83/><G43/><T45/><D131/><U50/><E29/><V105/><F4/><W88/><G33/><T37/><D97/><U81/><E81/><V123/><F123/><W74/><G74/><T46/><D42/><U127/><E127/><V41/><F17/><W86/><G83/><T72/><D72/><U104/><E104/><V16/><F60/><W10/><G107/><T62/><D67/><U92/><E50/><V15/><F25/><W40/><G40/><T26/><D26/><U135/><E135/><V78/><F101/><W76/><REACH who="3" step="1"/><G100/><REACH who="3" ten="235,265,235,255" step="2"/><T9/><D9/><U49/><E11/><V70/><F105/><W30/><G30/><T126/><D126/><U103/><E103/><V52/><F82/><W58/><G58/><AGARI ba="1,1" hai="36,37,44,45,46,58,62,64,90,94,96" m="47211" machi="58" ten="30,1000,0" yaku="13,1" doraHai="66" who="0" fromWho="3" sc="235,23,265,0,235,0,255,-13" /><INIT seed="2,0,0,1,0,42" ten="258,265,235,242" oya="2" hai0="92,31,48,62,33,122,99,78,68,89,9,36,65" hai1="74,93,53,126,79,104,19,110,44,69,47,32,1" hai2="87,27,23,120,66,113,60,45,43,101,135,24,127" hai3="21,41,11,84,131,57,88,25,59,14,133,112,105"/><V17/><F113/><W124/><G105/><T7/><D36/><U51/><E104/><V73/><F120/><W95/><G112/><T71/><D122/><U85/><E74/><V106/><F73/><W49/><G124/><T129/><D129/><U107/><E107/><V98/><F127/><W125/><G131/><T63/><D78/><U130/><E130/><V29/><F135/><W123/><G133/><T81/><D81/><U35/><E69/><V80/><F87/><W54/><G41/><T26/><D48/><U134/><E134/><V117/><F80/><W119/><G119/><T102/><D89/><U96/><E1/><V72/><F72/><W97/><G125/><T91/><D91/><U15/><E126/><V100/><F100/><W40/><G40/><T50/><D50/><U67/><E67/><V111/><F111/><W18/><G123/><T115/><D115/><U77/><E35/><V94/><F117/><W2/><G2/><T0/><D63/><U38/><E32/><V28/><F24/><W46/><REACH who="3" step="1"/><G84/><REACH who="3" ten="258,265,235,232" step="2"/><T34/><D34/><U109/><E85/><V128/><F106/><W103/><G103/><T30/><D33/><U58/><E110/><V118/><F118/><W56/><G56/><T12/><D0/><U22/><E109/><V39/><REACH who="2" step="1"/><F128/><REACH who="2" ten="258,265,225,232" step="2"/><W86/><G86/><T90/><D102/><N who="1" m="60687" /><E38/><V37/><F37/><W3/><G3/><T6/><D99/><U116/><E116/><V20/><F20/><W10/><G10/><T13/><D9/><U82/><E82/><V75/><F75/><W4/><AGARI ba="0,2" hai="4,11,14,18,21,25,46,49,54,57,59,88,95,97" machi="4" ten="20,12000,2" yaku="1,1,0,1,7,1,8,1,52,1,54,1,53,0" doraHai="42" doraHaiUra="132" who="3" fromWho="3" sc="258,-30,265,-30,225,-60,232,140" /><INIT seed="3,0,0,4,2,50" ten="228,235,165,372" oya="3" hai0="103,111,122,71,51,52,66,37,87,65,92,67,15" hai1="130,16,25,131,13,107,60,57,114,113,99,110,74" hai2="97,132,54,17,105,14,120,3,112,129,83,100,98" hai3="128,12,5,58,96,63,80,11,135,43,1,42,125"/><W41/><G125/><T31/><D122/><U56/><E74/><V72/><F112/><W81/><G128/><N who="1" m="49194" /><E110/><V20/><F129/><W19/><G135/><T29/><D37/><U62/><E25/><V108/><F3/><W126/><G126/><T133/><D71/><U53/><E99/><V82/><F108/><W118/><G118/><T38/><D38/><U104/><E107/><V26/><F132/><W124/><G124/><T55/><D133/><U0/><E0/><V47/><F120/><W116/><G116/><T93/><D111/><U119/><E104/><V90/><F72/><W95/><G5/><T18/><D103/><U27/><E27/><V86/><F97/><W91/><REACH who="3" step="1"/><G1/><REACH who="3" ten="228,235,165,362" step="2"/><T69/><D69/><U101/><E119/><V109/><F109/><W88/><G88/><N who="0" m="53279" /><D93/><U45/><E101/><V64/><F100/><W68/><G68/><T2/><D2/><U46/><E114/><V28/><F105/><W34/><G34/><T134/><D134/><U44/><E113/><V35/><F35/><W85/><G85/><T22/><D51/><N who="1" m="30783" /><E57/><V79/><F86/><W102/><G102/><T115/><D115/><U23/><AGARI ba="0,1" hai="13,16,23,44,45,46,60,62" m="30783,49194" machi="23" ten="30,4000,0" yaku="19,1,52,1,54,1" doraHai="50" who="1" fromWho="1" sc="228,-10,235,50,165,-10,362,-20" /><INIT seed="4,0,0,3,1,75" ten="218,285,155,342" oya="0" hai0="95,134,63,77,114,132,15,56,66,5,51,107,53" hai1="112,109,17,43,87,120,102,21,61,18,57,24,101" hai2="115,93,125,92,83,23,86,27,14,129,78,62,96" hai3="74,67,60,64,40,65,117,3,2,19,50,4,38"/><T69/><D107/><U106/><E120/><V89/><F115/><W52/><G74/><T82/><D114/><U98/><E109/><V79/><F129/><W34/><G117/><T76/><D95/><U121/><E121/><V108/><F125/><W30/><G40/><T123/><D123/><U7/><E112/><V70/><F108/><W116/><G38/><T90/><D90/><U55/><E102/><V88/><F14/><W54/><G116/><T100/><D100/><U104/><E7/><V16/><F70/><W22/><G30/><T26/><D26/><U81/><E43/><V72/><F62/><W135/><G34/><T6/><D82/><U35/><E35/><V128/><F128/><W59/><G4/><N who="0" m="1643" /><D15/><U68/><E68/><V1/><REACH who="2" step="1"/><F79/><REACH who="2" ten="218,285,145,342" step="2"/><W99/><G3/><AGARI ba="0,1" hai="1,3,16,23,27,72,78,83,86,88,89,92,93,96" machi="3" ten="40,12000,2" yaku="1,1,2,1,52,1,54,2,53,1" doraHai="75" doraHaiUra="105" who="2" fromWho="3" sc="218,0,285,0,145,130,342,-120" /><INIT seed="5,0,0,2,0,71" ten="218,285,275,222" oya="1" hai0="7,126,77,0,2,123,27,49,111,72,5,22,100" hai1="133,53,134,37,132,131,78,91,107,69,66,87,135" hai2="109,10,28,8,19,24,4,82,30,97,105,18,84" hai3="106,112,80,74,108,65,62,115,113,125,68,15,42"/><U119/><E119/><V99/><F109/><W39/><G108/><T44/><D111/><U57/><E107/><V118/><F118/><W6/><G106/><T130/><D100/><U43/><E131/><V95/><F105/><W88/><G125/><T128/><D72/><U52/><E69/><V33/><F28/><W11/><G74/><T58/><D77/><U104/><E78/><V85/><F97/><W86/><G42/><T23/><D58/><U9/><E9/><V96/><F96/><W25/><G25/><T17/><D126/><U121/><E121/><V50/><F50/><W110/><G110/><T114/><D123/><U63/><N who="1" m="33792" /><DORA hai="89" /><U103/><E103/><V21/><F10/><W54/><G54/><T101/><D101/><U73/><E73/><V40/><F40/><W3/><REACH who="3" step="1"/><G39/><REACH who="3" ten="218,285,275,212" step="2"/><T34/><D27/><U98/><E43/><V120/><F24/><W12/><AGARI ba="0,1" hai="3,6,11,12,15,62,65,68,80,86,88,112,113,115" machi="12" ten="40,12000,2" yaku="1,1,2,1,0,1,15,1,54,1,53,2" doraHai="71,89" doraHaiUra="67,76" who="3" fromWho="3" sc="218,-30,285,-60,275,-30,212,130" /><INIT seed="6,0,0,4,0,132" ten="188,225,245,342" oya="2" hai0="31,5,55,12,119,26,126,96,50,105,106,33,18" hai1="86,135,78,101,121,84,39,1,125,30,89,13,74" hai2="9,129,11,69,52,75,14,36,0,4,37,21,118" hai3="47,127,41,60,54,90,117,112,56,20,66,35,95"/><V116/><F75/><W130/><G117/><T62/><D119/><U133/><E1/><V104/><F104/><W29/><G35/><T114/><D114/><U27/><E39/><V79/><F79/><W134/><G134/><T24/><D24/><U107/><E121/><V82/><F82/><W63/><G112/><T98/><D62/><U94/><E13/><V43/><F69/><W57/><G130/><T93/><D5/><U109/><E27/><V44/><F36/><W34/><G34/><T10/><D126/><U110/><E30/><V45/><F21/><W113/><G127/><T67/><D67/><U40/><E40/><V25/><F25/><N who="3" m="16551" /><G113/><T73/><D73/><U53/><E53/><V58/><F44/><W51/><G90/><T100/><REACH who="0" step="1"/><D98/><REACH who="0" ten="178,225,245,342" step="2"/><N who="1" m="61879" /><E125/><V17/><F129/><W99/><G99/><T6/><D6/><U8/><E74/><V122/><F122/><W28/><G28/><T108/><D108/><N who="1" m="41579" /><E8/><V16/><F17/><W64/><G64/><T42/><D42/><U124/><E124/><V71/><F71/><W68/><G68/><T61/><D61/><AGARI ba="0,1" hai="0,4,9,11,14,16,37,43,45,52,58,61,116,118" machi="61" ten="30,5800,0" yaku="7,1,54,2" doraHai="132" who="2" fromWho="0" sc="178,-58,225,0,245,68,342,0" /><INIT seed="6,1,0,4,1,99" ten="120,225,313,342" oya="2" hai0="63,109,73,121,85,49,68,104,86,70,51,72,75" hai1="1,96,3,125,29,126,41,95,56,9,25,82,89" hai2="77,52,81,28,100,13,120,53,108,111,11,115,21" hai3="46,24,83,114,90,36,124,78,66,32,133,84,131"/><V64/><F120/><W43/><G124/><N who="1" m="47722" /><E41/><V33/><F33/><W80/><G131/><T38/><D121/><U116/><E116/><V6/><F115/><W34/><G114/><T48/><D109/><N who="2" m="42058" /><F64/><W69/><G133/><T91/><D38/><U79/><E56/><V2/><F100/><W47/><G47/><T113/><D113/><U102/><E89/><V20/><F28/><W110/><G110/><T35/><D35/><N who="1" m="20911" /><E9/><V57/><F53/><W58/><G69/><T62/><D104/><U31/><E31/><V93/><F93/><W22/><G66/><T16/><D16/><U105/><E95/><V37/><F37/><W129/><G129/><T27/><D27/><U55/><E55/><V14/><F20/><W127/><G127/><T134/><D134/><U94/><E94/><V26/><F21/><W45/><G45/><T107/><D107/><U67/><E67/><V98/><F26/><W117/><G58/><T112/><D112/><U119/><E119/><V19/><F19/><W118/><G117/><T106/><D106/><U23/><E23/><V122/><F122/><W15/><G118/><T71/><REACH who="0" step="1"/><D91/><REACH who="0" ten="110,225,313,342" step="2"/><U88/><E88/><V61/><F98/><W132/><G132/><T10/><D10/><U128/><E128/><V7/><F7/><W12/><G34/><T30/><D30/><U17/><E17/><V60/><F60/><AGARI ba="1,1" hai="48,49,51,60,62,63,68,70,71,72,73,75,85,86" machi="60" ten="60,8000,1" yaku="1,1,29,2,28,2,53,0" doraHai="99" doraHaiUra="18" who="0" fromWho="2" sc="110,93,225,0,313,-83,342,0" /><INIT seed="7,0,0,4,1,25" ten="203,225,230,342" oya="3" hai0="123,21,8,86,47,116,93,14,135,72,9,79,64" hai1="60,54,111,18,131,45,39,102,96,51,133,82,107" hai2="85,76,80,27,134,71,81,50,56,100,42,23,87" hai3="4,91,118,119,0,40,113,29,83,20,126,1,129"/><W65/><G40/><T99/><D116/><U63/><E111/><V33/><F33/><W92/><G65/><T127/><D123/><U84/><E39/><V31/><F71/><W28/><G83/><T130/><D130/><U62/><E131/><V103/><F134/><W26/><G92/><T7/><D135/><U58/><E133/><V112/><F112/><W74/><G91/><T2/><D72/><U88/><REACH who="1" step="1"/><E18/><REACH who="1" ten="203,215,230,342" step="2"/><V30/><F30/><N who="3" m="17735" /><G129/><T44/><D127/><U73/><E73/><V70/><F70/><W114/><G74/><T89/><D64/><AGARI ba="0,1" hai="45,51,54,58,60,62,63,64,82,84,88,96,102,107" machi="64" ten="30,7700,0" yaku="1,1,7,1,54,1,53,1" doraHai="25" doraHaiUra="43" who="1" fromWho="0" sc="203,-77,215,87,230,0,342,0" owari="126,-37.4,302,10.2,230,-17.0,342,44.2" /></mjloggm>