<mjloggm ver="2.3"><GO type="225" lobby="0"/><UN n0="%E3%83%96%E3%83%83%E3%83%91%E3%82%AA%E3%83%96%E3%83%81%E3%82%AD%E3%83%B3" n1="%77%72%77%72%77%72%77%72" n2="%E6%81%A5%E6%99%92%E3%81%97" n3="%E5%91%A8%E6%9D%B1" dan="16,17,16,16" rate="2137.19,2120.31,2047.20,2171.51" sx="M,M,M,M"/><TAIKYOKU oya="0"/><INIT seed="0,0,0,0,3,49" ten="250,250,250,250" oya="0" hai0="15,12,52,97,130,39,90,19,100,57,70,113,8" hai1="0,80,74,54,129,34,60,51,75,117,125,29,111" hai2="42,58,3,28,85,1,13,105,27,133,86,79,69" hai3="7,23,53,122,2,127,20,32,89,16,9,110,83"/><T118/><D113/><U55/><E117/><V21/><F69/><W92/><G110/><T46/><D118/><U94/><E0/><V14/><F105/><W121/><G32/><T114/><D114/><U64/><E111/><V62/><F133/><W61/><G83/><T41/><D130/><U98/><E129/><V44/><F3/><W104/><G104/><T135/><D135/><U65/><E125/><V103/><F103/><W84/><G127/><T96/><D70/><U43/><E43/><V22/><F1/><W71/><G23/><T72/><D72/><U73/><E80/><N who="2" m="47263" /><F86/><W134/><G134/><T108/><D108/><U131/><E131/><V120/><F120/><W5/><G5/><T25/><D90/><U24/><E51/><N who="2" m="27031" /><F21/><W78/><G78/><T63/><D25/><U88/><REACH who="1" step="1"/><E64/><AGARI ba="0,0" hai="13,14,22,27,28,58,62,64" m="27031,47263" machi="64" ten="30,1000,0" yaku="8,1" doraHai="49" who="2" fromWho="1" sc="250,0,250,-10,250,10,250,0" /><INIT seed="1,0,0,2,1,75" ten="250,240,260,250" oya="1" hai0="21,46,74,54,92,120,96,60,57,129,93,47,45" hai1="85,104,99,83,100,73,25,27,44,105,11,111,84" hai2="126,3,50,112,7,70,9,115,97,40,58,102,135" hai3="98,132,106,63,88,64,121,118,16,109,33,87,29"/><U51/><E111/><V108/><F108/><W62/><G121/><T131/><D120/><U77/><E105/><V37/><F58/><W2/><G2/><T26/><D74/><U94/><E11/><V76/><F50/><W125/><G109/><T56/><D56/><U23/><E104/><N who="2" m="63567" /><F126/><W1/><G1/><T95/><REACH who="0" step="1"/><D96/><REACH who="0" ten="240,240,260,250" step="2"/><U123/><E123/><V43/><F70/><W35/><G98/><T78/><D78/><U101/><E101/><V14/><F76/><W124/><G125/><T91/><D91/><U72/><E72/><V130/><F112/><W52/><G124/><T86/><D86/><U28/><REACH who="1" step="1"/><E25/><REACH who="1" ten="240,230,260,250" step="2"/><V30/><F115/><W15/><G118/><T122/><D122/><U41/><AGARI ba="0,2" hai="23,27,28,41,44,51,73,77,83,84,85,94,99,100" machi="41" ten="20,12000,1" yaku="1,1,2,1,0,1,7,1,52,1,53,0" doraHai="75" doraHaiUra="0" who="1" fromWho="1" sc="240,-40,230,140,260,-40,250,-40" /><INIT seed="1,1,0,4,2,105" ten="200,370,220,210" oya="1" hai0="129,33,111,81,96,35,116,39,28,69,118,29,64" hai1="110,119,124,58,93,107,59,65,66,47,114,89,54" hai2="20,130,61,48,132,13,115,55,15,5,101,106,133" hai3="11,46,50,123,90,83,60,40,76,135,80,131,128"/><U68/><E114/><V9/><F130/><W108/><G123/><T120/><D39/><U45/><E119/><N who="0" m="45609" /><D96/><U27/><E107/><V82/><F115/><W56/><G135/><T103/><D103/><U121/><E121/><V98/><F61/><W72/><G108/><T100/><D100/><U34/><E110/><V87/><F20/><W38/><G50/><T3/><D81/><U25/><E124/><V126/><F126/><W92/><G83/><T1/><D64/><N who="1" m="24683" /><E34/><N who="0" m="12809" /><D69/><U17/><E59/><V32/><F32/><W99/><REACH who="3" step="1"/><G11/><REACH who="3" ten="200,370,220,200" step="2"/><T53/><D111/><U86/><E68/><V36/><F36/><W109/><G109/><T113/><D120/><U0/><E47/><V19/><F132/><W104/><G104/><T18/><D113/><U10/><E45/><V122/><F122/><W70/><G70/><T24/><D129/><U75/><E10/><V94/><F106/><W49/><G49/><T26/><D53/><AGARI ba="1,1" hai="38,40,46,53,56,60,72,76,80,90,92,99,128,131" machi="53" ten="40,2600,0" yaku="1,1,52,1,53,0" doraHai="105" doraHaiUra="23" who="3" fromWho="0" sc="200,-29,370,0,220,0,200,39" /><INIT seed="2,0,0,2,0,133" ten="171,370,220,239" oya="2" hai0="9,6,93,84,125,96,71,103,62,38,100,99,24" hai1="104,66,132,43,128,97,121,74,127,124,52,120,131" hai2="39,76,29,63,77,108,68,53,126,82,130,14,20" hai3="81,56,114,54,101,64,34,135,36,16,26,32,65"/><V57/><F39/><W72/><G36/><T10/><D38/><U80/><E43/><V118/><F118/><W115/><G135/><T49/><D84/><U94/><E66/><N who="3" m="25706" /><G101/><T91/><D71/><U117/><E52/><N who="2" m="34215" /><F68/><W3/><G3/><T88/><D62/><U31/><E31/><V119/><F119/><W25/><G81/><T89/><D125/><N who="1" m="48203" /><E104/><V95/><F95/><W50/><G72/><T60/><D60/><U134/><E117/><V106/><F106/><W4/><G34/><T85/><D85/><U27/><E27/><V69/><F29/><W11/><G32/><T41/><D24/><U116/><E116/><V40/><F40/><W78/><G26/><T2/><D2/><U44/><E44/><V15/><F69/><W67/><G54/><T109/><D109/><U129/><E134/><V45/><F108/><W12/><G67/><T87/><D6/><U47/><E47/><V51/><F45/><W75/><G4/><T46/><REACH who="0" step="1"/><D87/><REACH who="0" ten="161,370,220,239" step="2"/><U0/><E132/><V35/><F126/><W18/><G25/><T61/><D61/><U122/><E0/><V111/><F111/><W58/><G50/><T13/><D13/><U59/><E74/><V21/><F14/><W79/><G75/><T22/><D22/><U48/><E48/><V17/><F20/><W110/><G110/><T7/><D7/><U83/><E59/><V55/><F51/><W28/><G56/><T98/><D98/><U37/><E37/><V86/><F15/><W105/><G58/><T42/><D42/><U23/><E23/><V90/><F21/><W102/><G12/><RYUUKYOKU ba="0,1" sc="161,15,370,15,220,-15,239,-15" hai0="9,10,41,46,49,88,89,91,93,96,99,100,103" hai1="80,83,94,97,120,121,122,128,129,131" /><INIT seed="3,1,1,5,1,89" ten="176,385,205,224" oya="3" hai0="76,17,86,122,101,28,31,25,29,38,119,121,5" hai1="113,70,69,107,127,42,47,129,79,133,39,124,65" hai2="66,35,19,134,135,49,43,75,92,106,77,82,33" hai3="78,9,67,34,4,54,22,13,56,64,126,11,87"/><W85/><G34/><T8/><D38/><U21/><E113/><V105/><F66/><W111/><G111/><T61/><D101/><U63/><E107/><N who="2" m="40971" /><F92/><W96/><G126/><N who="1" m="48170" /><E79/><V55/><F19/><W88/><G96/><T3/><D61/><U7/><E129/><V46/><F55/><W115/><G115/><T93/><D119/><U20/><E133/><AGARI ba="1,1" hai="33,35,43,46,49,75,77,82,133,134,135" m="40971" machi="133" ten="30,1000,0" yaku="20,1" doraHai="89" who="2" fromWho="1" sc="176,0,385,-13,205,23,224,0" owari="176,-32.4,372,47.2,228,2.8,224,-17.6" /></mjloggm>