<mjloggm ver="2.3"><GO type="169" lobby="0"/><UN n0="%E6%B2%B3%E7%AB%A5%E3%81%AE%E3%83%AF%E3%82%AB%E3%83%9E%E3%83%84" n1="%6F%6B%62%6F%6B%62" n2="%E7%94%9F%E5%BE%92%E4%BC%9A%E3%80%90%E5%BA%8F%E3%80%91" n3="%E2%91%A3%E3%82%BB%E3%83%B3%E3%83%81" dan="17,17,17,18" rate="2212.77,2179.28,2173.60,2259.69" sx="M,M,M,M"/><TAIKYOKU oya="0"/><INIT seed="0,0,0,4,0,78" ten="250,250,250,250" oya="0" hai0="46,65,55,32,134,96,8,28,13,82,27,97,85" hai1="1,48,30,133,70,7,117,102,3,62,129,100,43" hai2="10,108,75,26,2,52,77,15,16,5,63,79,72" hai3="14,111,121,23,25,89,105,130,110,95,120,113,88"/><T0/><D0/><U20/><E117/><V125/><F108/><N who="3" m="41515" /><G105/><T101/><D134/><U93/><E133/><V98/><F125/><W24/><G113/><T17/><D65/><U92/><E129/><V12/><F26/><N who="3" m="10347" /><G130/><T59/><D101/><U21/><E62/><V57/><F2/><W126/><G126/><T33/><D33/><U71/><E48/><V53/><F75/><W60/><G60/><T87/><D87/><U91/><E91/><N who="3" m="34890" /><G95/><T116/><D116/><U118/><E118/><V50/><F72/><W109/><N who="3" m="41523" /><W41/><DORA hai="74" /><G41/><T115/><D115/><U61/><E61/><V81/><F81/><W45/><G45/><T31/><D46/><U64/><E43/><V112/><F98/><N who="0" m="37994" /><D32/><U47/><E47/><N who="2" m="27743" /><F112/><W104/><G104/><T103/><D27/><U80/><E64/><V40/><F40/><W68/><G68/><T29/><D103/><U94/><E94/><V83/><F83/><W66/><G66/><T4/><D85/><U49/><E80/><V84/><F84/><W58/><G58/><T135/><D135/><U19/><E49/><V128/><F128/><W67/><G67/><T42/><D42/><U76/><E30/><V18/><F18/><AGARI ba="0,0" hai="14,18,23,120,121" m="34890,10347,41523" machi="18" ten="50,3200,0" yaku="14,1,54,1" doraHai="78,74" who="3" fromWho="2" sc="250,0,250,0,250,-32,250,32" /><INIT seed="1,0,0,0,5,1" ten="250,250,218,282" oya="1" hai0="88,26,70,68,96,89,92,100,116,19,133,97,131" hai1="108,57,48,79,9,84,13,119,33,25,107,90,50" hai2="47,28,23,4,36,91,56,7,52,78,110,72,75" hai3="6,5,87,98,65,103,17,55,86,93,64,134,109"/><U51/><E107/><V82/><F110/><W29/><G109/><T59/><D116/><U63/><E108/><V27/><F75/><W95/><G29/><T35/><D131/><U37/><E37/><V130/><F130/><W41/><G41/><T18/><D133/><U53/><E119/><V94/><F47/><W61/><G134/><T15/><D59/><U127/><E127/><V123/><F36/><W132/><G132/><T74/><D74/><U77/><E25/><V11/><F11/><W99/><G55/><T62/><D62/><U30/><E30/><V69/><F69/><W66/><G61/><T32/><D26/><U67/><E33/><V16/><F28/><W0/><G17/><T58/><D58/><U112/><E67/><V39/><F39/><W85/><G0/><T106/><D92/><U125/><E125/><V24/><F24/><W22/><G22/><T124/><D124/><U60/><E63/><N who="2" m="36231" /><F123/><W12/><G12/><T102/><REACH who="0" step="1"/><D15/><REACH who="0" ten="240,250,218,282" step="2"/><U45/><E45/><V54/><F54/><W3/><REACH who="3" step="1"/><G3/><REACH who="3" ten="240,250,218,272" step="2"/><T126/><D126/><U76/><E112/><V105/><F105/><AGARI ba="0,2" hai="18,19,32,35,68,70,88,89,96,97,100,102,105,106" machi="105" ten="25,6400,0" yaku="1,1,22,2,54,1,53,0" doraHai="1" doraHaiUra="44" who="0" fromWho="2" sc="240,84,250,0,218,-64,272,0" /><INIT seed="2,0,0,5,0,107" ten="324,250,154,272" oya="2" hai0="54,22,70,33,114,0,104,49,46,105,113,16,11" hai1="2,80,74,125,47,67,48,14,13,128,10,12,43" hai2="6,73,31,1,132,29,58,68,44,126,96,86,51" hai3="108,60,32,92,35,41,79,110,91,34,93,3,130"/><V69/><F126/><W36/><G3/><T38/><D70/><U109/><E109/><N who="3" m="42090" /><G130/><T90/><D33/><U77/><E128/><V24/><F132/><W61/><G79/><T84/><D38/><U42/><E125/><V85/><F58/><W83/><G83/><T134/><D134/><U101/><E101/><V121/><F121/><W37/><G41/><T119/><D119/><U115/><E115/><V81/><F96/><W4/><G4/><T88/><D104/><U66/><REACH who="1" step="1"/><E43/><REACH who="1" ten="324,240,154,272" step="2"/><V23/><F69/><W135/><G135/><T120/><D120/><U52/><E52/><V127/><F68/><W64/><G64/><T45/><D113/><U21/><E21/><V111/><F127/><W102/><G102/><T56/><D114/><U26/><E26/><V103/><F111/><W17/><G35/><T25/><D105/><U82/><E82/><V5/><F103/><W65/><G34/><T131/><D131/><U63/><E63/><V100/><F100/><W19/><G32/><T27/><D27/><U112/><E112/><V9/><F31/><W124/><G124/><T97/><D25/><U99/><E99/><V116/><F116/><W18/><G93/><N who="0" m="54407" /><D97/><U117/><E117/><V57/><F29/><W89/><G92/><T87/><D22/><U129/><E129/><V72/><F23/><W30/><G30/><T15/><D0/><U39/><E39/><N who="3" m="14922" /><G65/><T78/><D90/><AGARI ba="0,1" hai="17,18,19,60,61,89,90,91" m="14922,42090" machi="90" ten="40,5200,0" yaku="28,2,14,1" doraHai="107" who="3" fromWho="0" sc="324,-52,240,0,154,0,272,62" /><INIT seed="3,0,0,1,2,28" ten="272,240,154,334" oya="3" hai0="52,44,29,134,15,23,118,10,42,103,41,48,86" hai1="51,40,35,133,50,120,77,61,56,8,109,135,55" hai2="117,100,130,78,67,30,73,107,64,4,93,2,111" hai3="132,114,5,79,76,33,102,74,27,60,34,62,115"/><W0/><G102/><T106/><D118/><U75/><E120/><V80/><F117/><W88/><G27/><T83/><D134/><N who="1" m="51211" /><E109/><V91/><F111/><W68/><G132/><T46/><D106/><U81/><E8/><V124/><F130/><W101/><G101/><T71/><D71/><U18/><E18/><V97/><F124/><W128/><G128/><T129/><D103/><U95/><E40/><V122/><F122/><W94/><G94/><T112/><D112/><N who="3" m="43049" /><G88/><N who="0" m="51295" /><D44/><U99/><E35/><N who="3" m="13322" /><G62/><T116/><D116/><U131/><E131/><V96/><F30/><W92/><G92/><T65/><D129/><U59/><E56/><V21/><F97/><W16/><G16/><N who="0" m="8311" /><D65/><U57/><E57/><V54/><F100/><AGARI ba="0,0" hai="50,51,55,59,61,75,77,81,95,99,100" m="51211" machi="100" ten="30,1000,0" yaku="20,1" doraHai="28" who="1" fromWho="2" sc="272,0,240,10,154,-10,334,0" /><INIT seed="4,0,0,5,4,29" ten="272,250,144,334" oya="0" hai0="23,20,3,21,48,4,6,98,7,76,78,35,94" hai1="72,90,65,5,8,127,0,53,100,63,84,1,128" hai2="81,19,45,103,83,55,25,114,88,120,132,92,112" hai3="129,85,116,96,107,80,134,111,60,109,59,32,68"/><T16/><D3/><U118/><E118/><V93/><F120/><W104/><G68/><T18/><D35/><U82/><E128/><V37/><F132/><W9/><G116/><T123/><D123/><U42/><E42/><V86/><F37/><W108/><G129/><T22/><D48/><U97/><E53/><V106/><F106/><W14/><G32/><T89/><REACH who="0" step="1"/><D18/><REACH who="0" ten="262,250,144,334" step="2"/><U49/><E49/><N who="2" m="29103" /><F114/><W58/><G134/><T67/><D67/><U52/><E0/><V79/><F112/><W122/><G122/><T12/><AGARI ba="0,1" hai="4,6,7,12,16,20,21,22,23,76,78,89,94,98" machi="12" ten="30,12000,1" yaku="1,1,0,1,8,1,54,1,53,1" doraHai="29" doraHaiUra="87" who="0" fromWho="0" sc="262,130,250,-40,144,-40,334,-40" /><INIT seed="4,1,0,3,5,93" ten="392,210,104,294" oya="0" hai0="117,32,118,103,3,62,98,4,55,134,78,15,99" hai1="124,60,14,49,10,51,109,20,81,113,26,130,110" hai2="119,85,112,21,70,102,79,107,46,65,41,31,88" hai3="23,97,69,12,75,22,67,82,37,122,101,123,66"/><T73/><D32/><U95/><E130/><V25/><F112/><W91/><G37/><T48/><D3/><U92/><E113/><V76/><F119/><W71/><G91/><T53/><D134/><U100/><E81/><V6/><F6/><W83/><G12/><T28/><D28/><U63/><E124/><V54/><F54/><W8/><G8/><T56/><D73/><U90/><E100/><V2/><F2/><W13/><G13/><T84/><D78/><U33/><E33/><V72/><F72/><W35/><G35/><T57/><D84/><U61/><E92/><V86/><F86/><W74/><G101/><T135/><D135/><U44/><E109/><V105/><F65/><W127/><G127/><T106/><REACH who="0" step="1"/><D98/><AGARI ba="1,0" hai="22,23,66,67,69,71,74,75,82,83,97,98,122,123" machi="98" ten="25,6400,0" yaku="22,2,52,2" doraHai="93" who="3" fromWho="0" sc="392,-67,210,0,104,0,294,67" /><INIT seed="5,0,0,0,0,73" ten="325,210,104,361" oya="1" hai0="19,127,135,46,33,79,75,118,115,92,95,96,117" hai1="98,49,101,55,131,42,86,120,28,77,44,4,35" hai2="52,116,128,82,65,121,134,3,51,132,13,80,32" hai3="17,87,22,2,31,68,129,5,47,64,16,124,20"/><U123/><E131/><V34/><F3/><W23/><G68/><T130/><D33/><U71/><E71/><V126/><F116/><W58/><G64/><T54/><D115/><U122/><E4/><V113/><F121/><W9/><G58/><T108/><D108/><U59/><E28/><V39/><F39/><W83/><G129/><T37/><D130/><U90/><E35/><V94/><F128/><W112/><G112/><T40/><D135/><U1/><E1/><V41/><F113/><W74/><G74/><T97/><D127/><U105/><E77/><V69/><F126/><W7/><G124/><T78/><D54/><U18/><E18/><V99/><F41/><W36/><G7/><T67/><D67/><U60/><REACH who="1" step="1"/><E122/><REACH who="1" ten="325,200,104,361" step="2"/><V15/><F34/><W56/><G31/><T76/><D75/><U43/><E43/><V89/><F32/><W26/><G17/><T110/><D110/><U125/><E125/><V6/><F134/><W11/><G16/><T62/><D19/><U91/><E91/><V63/><F132/><W133/><G133/><T27/><D27/><U85/><E85/><V81/><REACH who="2" step="1"/><F6/><REACH who="2" ten="325,200,94,361" step="2"/><W119/><G5/><T10/><D117/><U21/><E21/><V72/><F72/><W102/><G119/><T0/><D118/><U107/><E107/><V38/><F38/><W111/><G2/><T50/><D37/><U84/><E84/><V61/><F61/><W29/><G23/><T100/><D62/><U12/><E12/><V8/><F8/><W93/><G22/><T30/><D0/><U88/><E88/><V53/><F53/><RYUUKYOKU ba="0,2" sc="325,-15,200,15,94,15,361,-15" hai1="42,44,49,55,59,60,86,90,98,101,105,120,123" hai2="13,15,51,52,63,65,69,80,81,82,89,94,99" /><INIT seed="5,1,2,0,2,97" ten="310,215,109,346" oya="1" hai0="30,125,80,7,111,31,2,87,64,82,13,34,50" hai1="33,27,117,129,19,42,5,11,76,43,70,102,58" hai2="10,119,103,54,73,96,93,28,29,37,16,62,18" hai3="14,60,24,128,95,90,17,120,135,127,35,36,68"/><U134/><E117/><V113/><F73/><W79/><G36/><T39/><D111/><U123/><E70/><V116/><F37/><W15/><G120/><T49/><D39/><U122/><E76/><V26/><F116/><W124/><G79/><T112/><D2/><U118/><E118/><V48/><F119/><W9/><G128/><T108/><D108/><U131/><E134/><V92/><F113/><W89/><G135/><T65/><D112/><U98/><E58/><V61/><F93/><W41/><G41/><N who="1" m="15370" /><E19/><V75/><F75/><W6/><G24/><T88/><D125/><N who="3" m="48201" /><G95/><T45/><D80/><U0/><E27/><V20/><F18/><W83/><G35/><T109/><D109/><U12/><E0/><V53/><F53/><W126/><G83/><T101/><D34/><U100/><E33/><V46/><REACH who="2" step="1"/><F10/><REACH who="2" ten="310,215,99,346" step="2"/><N who="3" m="4439" /><G126/><T121/><D121/><N who="1" m="46091" /><E98/><V1/><F1/><W3/><G3/><T56/><D82/><U110/><E110/><V66/><F66/><AGARI ba="1,3" hai="9,15,17,60,66,68,89,90" m="4439,48201" machi="66" ten="30,1000,0" yaku="18,1" doraHai="97" who="3" fromWho="2" sc="310,0,215,0,99,-13,346,43" /><INIT seed="6,0,0,1,5,0" ten="310,215,86,389" oya="2" hai0="75,43,64,39,53,24,93,52,12,58,133,123,17" hai1="32,16,85,86,121,71,109,37,105,69,46,27,42" hai2="22,125,129,49,124,4,48,87,76,60,95,104,113" hai3="83,132,26,127,90,97,5,110,100,135,62,99,118"/><V92/><F104/><W89/><G110/><T10/><D123/><U103/><E109/><V66/><F113/><W122/><G122/><T63/><D75/><U51/><E121/><V116/><F116/><W11/><G118/><T73/><D73/><U45/><E105/><V84/><F129/><W59/><G26/><T130/><D130/><U18/><E103/><V65/><F22/><W33/><G33/><T44/><D133/><N who="3" m="51273" /><G83/><T8/><D24/><U29/><E69/><V134/><F134/><W94/><G99/><T96/><REACH who="0" step="1"/><D8/><REACH who="0" ten="300,215,86,389" step="2"/><U88/><E71/><V80/><F80/><W81/><G81/><T101/><AGARI ba="0,1" hai="10,12,17,39,43,44,52,53,58,63,64,93,96,101" machi="101" ten="20,8000,1" yaku="1,1,2,1,0,1,7,1,54,1,53,0" doraHai="0" doraHaiUra="2" who="0" fromWho="0" sc="300,90,215,-20,86,-40,389,-20" /><INIT seed="7,0,0,0,1,35" ten="390,195,46,369" oya="3" hai0="45,17,70,90,110,133,33,54,63,83,77,11,104" hai1="12,114,44,14,93,67,98,51,2,19,38,71,94" hai2="125,50,101,65,115,87,122,58,37,82,107,135,68" hai3="29,75,42,109,6,7,55,88,49,95,26,40,30"/><W79/><G109/><T66/><D110/><U4/><E38/><V53/><F101/><W129/><G129/><T52/><D33/><U84/><E67/><V91/><F107/><W1/><G79/><T73/><D104/><U103/><E71/><V61/><F115/><W32/><G75/><T127/><D133/><U102/><E2/><V108/><F135/><W31/><G26/><T46/><D127/><U5/><E12/><V128/><F125/><W121/><G32/><T74/><D74/><U64/><E64/><V120/><F128/><W15/><G1/><T113/><D113/><U78/><E78/><V106/><F106/><W27/><G27/><T13/><REACH who="0" step="1"/><D90/><REACH who="0" ten="380,195,46,369" step="2"/><N who="1" m="53447" /><E114/><V100/><F108/><W60/><G60/><T62/><D62/><U16/><E103/><V134/><F100/><W118/><G118/><T0/><D0/><U18/><E14/><V9/><F134/><W105/><G121/><T3/><D3/><U89/><E102/><V130/><F130/><W132/><G105/><T28/><D28/><U112/><E112/><V47/><REACH who="2" step="1"/><F9/><REACH who="2" ten="380,195,36,369" step="2"/><N who="3" m="4535" /><G132/><T123/><D123/><U41/><AGARI ba="0,2" hai="4,5,16,18,19,41,44,51,89,94,98" m="53447" machi="41" ten="30,2000,0" yaku="8,1,54,1" doraHai="35" who="1" fromWho="1" sc="380,-5,195,40,36,-5,369,-10" owari="375,47.5,235,-16.5,31,-46.9,359,15.9" /></mjloggm>