<mjloggm ver="2.3"><GO type="169" lobby="0"/><UN n0="%E4%BA%9C%E6%9C%88" n1="%E3%81%82%E3%81%95%E3%81%B4%E3%82%93%EF%BC%A0%EF%BD%8D%EF%BD%8A" n2="%64%65%62" n3="%E5%B0%8F%E5%AE%AE%E3%81%9F%E3%81%9A%E3%81%8D" dan="17,18,16,16" rate="2191.97,2306.00,2060.80,2101.55" sx="M,M,M,F"/><TAIKYOKU oya="0"/><INIT seed="0,0,0,3,4,16" ten="250,250,250,250" oya="0" hai0="55,17,68,11,22,8,101,53,87,111,38,106,52" hai1="70,88,6,36,41,33,128,118,1,34,123,116,65" hai2="91,90,78,81,125,59,47,63,39,54,97,104,103" hai3="126,115,27,98,18,79,132,93,75,102,61,120,113"/><T40/><D68/><U74/><E88/><V77/><F125/><W82/><G126/><T51/><D38/><U122/><E74/><V21/><F78/><W12/><G132/><T117/><D117/><N who="1" m="45163" /><E65/><V76/><F77/><W89/><G120/><N who="1" m="46122" /><E70/><V108/><F108/><W56/><G27/><T124/><D111/><U3/><E41/><V114/><F114/><W15/><G15/><T14/><D124/><U134/><E36/><V129/><F129/><W9/><G102/><T110/><D110/><U31/><E6/><V13/><F47/><W96/><G96/><T135/><D135/><U0/><E134/><V67/><F39/><W92/><REACH who="3" step="1"/><G93/><REACH who="3" ten="250,250,250,240" step="2"/><T50/><D101/><U35/><E128/><V7/><F97/><W24/><G24/><AGARI ba="0,1" hai="0,1,3,24,31,33,34,35" m="46122,45163" machi="24" ten="40,5200,0" yaku="23,1,34,2" doraHai="16" who="1" fromWho="3" sc="250,0,250,62,250,0,240,-52" /><INIT seed="1,0,0,3,2,110" ten="250,312,250,188" oya="1" hai0="119,113,103,43,44,127,71,23,80,27,88,125,19" hai1="68,69,39,49,9,135,2,15,20,98,59,124,118" hai2="52,56,5,102,90,38,51,24,121,42,22,100,104" hai3="10,87,40,89,36,99,94,58,83,107,18,67,74"/><U95/><E118/><V48/><F121/><W64/><G107/><T7/><D119/><U32/><E39/><V60/><F5/><W96/><G74/><T53/><D71/><U133/><E32/><V57/><F104/><W85/><G36/><T123/><D7/><U111/><E2/><V131/><F131/><W81/><G40/><T108/><D108/><U120/><E20/><V79/><F79/><N who="3" m="46271" /><G99/><T93/><D123/><U50/><E120/><V97/><F38/><W114/><G114/><T16/><D53/><N who="1" m="32175" /><E50/><V66/><F90/><N who="3" m="55383" /><G58/><T13/><D113/><U31/><E31/><V101/><F97/><W109/><G109/><T92/><D103/><N who="1" m="60895" /><E111/><V61/><REACH who="2" step="1"/><F42/><REACH who="2" ten="250,312,240,188" step="2"/><W65/><G65/><T84/><D127/><U47/><E124/><V0/><F0/><W41/><G41/><T25/><D125/><U8/><E133/><V122/><F122/><W70/><G70/><T28/><D43/><U78/><E135/><V26/><F26/><W12/><AGARI ba="0,1" hai="10,12,18,64,67,83,87,89" m="55383,46271" machi="12" ten="30,1100,0" yaku="8,1" doraHai="110" who="3" fromWho="3" sc="250,-3,312,-5,240,-3,188,21" /><INIT seed="2,0,0,1,0,65" ten="247,307,237,209" oya="2" hai0="127,52,106,100,60,89,71,21,49,84,42,134,95" hai1="5,17,41,104,93,4,78,124,132,18,38,15,37" hai2="1,26,94,113,28,2,59,56,40,99,123,32,116" hai3="63,109,79,118,135,66,70,129,58,24,128,125,82"/><V121/><F113/><W20/><G118/><T98/><D127/><U110/><E104/><V57/><F116/><W51/><G125/><T11/><D134/><U107/><E107/><V117/><F117/><W105/><G105/><T9/><D42/><U64/><E124/><V86/><F86/><W46/><G135/><T91/><D21/><U72/><E132/><V108/><F108/><W14/><G109/><T126/><D126/><U97/><E110/><V111/><F40/><W87/><G14/><T133/><D133/><U62/><E78/><V85/><F85/><W103/><G103/><T29/><D29/><U112/><E72/><V43/><F43/><W101/><G101/><T6/><D91/><U81/><E81/><V120/><REACH who="2" step="1"/><F111/><REACH who="2" ten="247,307,227,209" step="2"/><W54/><REACH who="3" step="1"/><G46/><REACH who="3" ten="247,307,227,199" step="2"/><T23/><D84/><U36/><E112/><V77/><F77/><W45/><G45/><T0/><D106/><U76/><E76/><V115/><F115/><W30/><AGARI ba="0,2" hai="20,24,30,51,54,58,63,66,70,79,82,87,128,129" machi="30" ten="30,4000,0" yaku="1,1,0,1,52,1,53,0" doraHai="65" doraHaiUra="96" who="3" fromWho="3" sc="247,-10,307,-10,227,-20,199,60" /><INIT seed="3,0,0,1,0,42" ten="237,297,207,259" oya="3" hai0="81,62,87,132,67,15,115,16,40,41,60,65,83" hai1="78,66,8,73,39,103,13,33,29,129,124,24,36" hai2="117,12,11,114,77,133,76,35,30,68,127,80,112" hai3="97,122,52,116,9,44,50,98,53,47,110,22,96"/><W102/><G116/><T49/><D132/><U90/><E129/><V1/><F117/><W48/><G122/><T31/><D31/><U20/><E124/><V104/><F1/><W84/><G110/><T10/><D115/><U125/><E125/><V26/><F127/><W95/><G22/><T45/><D41/><U131/><E131/><V134/><F68/><W51/><G51/><T121/><D121/><U7/><E103/><V4/><F104/><W128/><G128/><T38/><D38/><U34/><E66/><N who="0" m="25097" /><D83/><U37/><E90/><AGARI ba="0,0" hai="10,15,16,40,45,49,60,62,81,87,90" m="25097" machi="90" ten="30,3900,0" yaku="8,1,52,1,54,1" doraHai="42" who="0" fromWho="1" sc="237,39,297,-39,207,0,259,0" /><INIT seed="4,0,0,2,1,120" ten="276,258,207,259" oya="0" hai0="121,26,125,93,128,129,2,54,111,49,29,39,110" hai1="98,43,36,38,48,102,83,0,108,69,82,40,41" hai2="27,101,86,126,78,113,10,117,81,105,50,34,76" hai3="109,53,88,12,17,24,71,32,135,72,123,46,115"/><T131/><D121/><U56/><E0/><V21/><F113/><W15/><G115/><T133/><D39/><U85/><E69/><V103/><F126/><W60/><G72/><T100/><D2/><U79/><E108/><N who="0" m="41513" /><D125/><U77/><E56/><V1/><F34/><W18/><G135/><T58/><D133/><U124/><E48/><V37/><F37/><W70/><G24/><T99/><D129/><U122/><E122/><V134/><F105/><W130/><G32/><AGARI ba="0,0" hai="26,29,32,49,54,58,93,99,100,128,131" m="41513" machi="32" ten="30,11600,0" yaku="10,1,52,3" doraHai="120" who="0" fromWho="3" sc="276,116,258,0,207,0,259,-116" /><INIT seed="4,1,0,3,1,116" ten="392,258,207,143" oya="0" hai0="0,75,108,19,106,123,126,102,85,80,111,3,14" hai1="36,66,94,67,40,129,61,39,120,35,132,6,89" hai2="13,37,22,73,96,91,47,8,84,125,93,78,16" hai3="121,27,64,44,77,92,81,76,57,49,101,112,70"/><T90/><D126/><U10/><E35/><V17/><F125/><W30/><G112/><T26/><D75/><U69/><E132/><V28/><F28/><W109/><G70/><T72/><D72/><U97/><E129/><V104/><F73/><W50/><G109/><N who="0" m="42059" /><D26/><U62/><E40/><V42/><F104/><W55/><G121/><T20/><D102/><U124/><E124/><V46/><F46/><W43/><G81/><T29/><D106/><U7/><E120/><V34/><F34/><W103/><G64/><T118/><D118/><U133/><E133/><V21/><F78/><W110/><G110/><T98/><D98/><U32/><E32/><V71/><F71/><W15/><G103/><T31/><D123/><U60/><E7/><V65/><F65/><W79/><G101/><T45/><D45/><U82/><E82/><V25/><REACH who="2" step="1"/><F21/><REACH who="2" ten="392,258,197,143" step="2"/><W1/><G79/><T135/><D135/><U51/><E67/><V114/><F114/><W100/><G76/><T87/><D31/><U33/><E33/><V105/><F105/><W117/><G77/><T41/><D29/><U52/><E66/><V58/><F58/><W74/><G74/><T119/><D20/><U18/><E69/><V83/><F83/><W56/><G117/><T127/><D127/><U134/><E134/><V113/><F113/><W4/><G57/><T115/><D80/><U23/><E23/><V107/><F107/><W88/><G56/><T68/><D115/><U24/><E39/><V95/><F95/><W122/><G122/><T11/><D119/><U131/><E36/><V48/><F48/><RYUUKYOKU ba="1,1" sc="392,-10,258,-10,197,30,143,-10" hai2="8,13,16,17,22,25,37,42,47,84,91,93,96" /><INIT seed="5,2,1,4,2,129" ten="382,248,227,133" oya="1" hai0="87,33,79,44,57,116,26,90,29,3,120,101,38" hai1="86,125,121,73,7,42,35,50,113,18,36,27,24" hai2="110,43,74,40,2,95,91,71,81,17,92,32,28" hai3="68,8,123,54,124,104,100,96,72,78,103,75,69"/><U106/><E121/><V30/><F71/><W9/><G123/><T37/><D116/><U13/><E73/><V128/><F110/><W135/><G78/><T59/><D3/><U1/><E106/><V64/><F64/><W11/><G124/><T19/><D120/><U118/><E36/><V126/><F2/><W109/><G109/><T56/><D101/><U122/><E122/><V5/><F5/><W55/><G8/><T117/><D117/><U84/><E118/><V108/><F126/><W41/><G96/><T23/><D79/><U49/><E113/><V114/><F128/><W45/><G45/><T58/><D44/><N who="1" m="25751" /><E35/><V46/><F40/><W130/><G41/><T83/><N who="0" m="14336" /><DORA hai="98" /><T82/><D82/><U127/><E1/><V88/><F114/><W112/><G130/><T107/><D107/><U66/><E66/><V31/><F32/><W52/><G55/><T6/><D6/><U47/><E7/><V119/><F108/><W15/><G104/><T12/><AGARI ba="2,1" hai="12,19,23,26,29,33,37,38,83,87,90" m="14336" machi="12" ten="40,1500,0" yaku="0,1" doraHai="129,98" who="0" fromWho="0" sc="382,31,248,-9,227,-6,133,-6" /><INIT seed="6,0,0,1,4,109" ten="413,239,221,127" oya="2" hai0="106,131,12,0,64,80,120,65,36,135,71,117,68" hai1="103,39,95,113,49,5,134,97,122,10,75,50,105" hai2="87,126,69,129,2,59,133,53,130,35,7,56,115" hai3="8,47,111,52,101,1,21,118,88,11,83,34,42"/><V19/><F69/><W54/><G34/><T16/><D120/><U98/><E39/><V96/><F35/><W4/><G118/><T43/><D0/><U93/><E75/><V24/><F126/><W41/><G111/><T22/><D106/><U125/><E125/><V61/><F133/><W82/><G101/><T32/><D32/><U91/><E134/><V18/><F96/><W127/><G127/><T46/><D131/><N who="2" m="50186" /><F87/><W45/><G21/><T38/><D38/><U40/><E122/><V73/><F73/><W51/><G51/><T57/><D117/><U99/><E40/><V100/><F100/><W94/><G94/><T107/><D107/><U121/><E121/><V63/><F24/><W37/><G37/><T30/><D30/><U114/><E98/><V6/><F115/><N who="1" m="44041" /><E105/><V85/><F85/><W79/><G1/><AGARI ba="0,0" hai="1,5,10,49,50,91,93,95,97,99,103" m="44041" machi="1" ten="30,7700,0" yaku="15,1,52,3" doraHai="109" who="1" fromWho="3" sc="413,0,239,77,221,0,127,-77" /><INIT seed="7,0,0,5,3,107" ten="413,316,221,50" oya="3" hai0="66,50,9,132,54,100,46,119,33,32,67,103,129" hai1="77,36,92,85,109,96,70,17,5,64,121,117,18" hai2="78,19,81,76,62,133,41,116,16,45,113,93,74" hai3="21,135,30,51,48,63,7,83,43,88,123,128,105"/><W2/><G123/><T125/><D119/><U82/><E121/><V102/><F116/><W104/><G104/><T71/><D129/><U61/><E117/><V79/><F113/><W29/><G105/><T122/><D122/><U55/><E109/><V72/><F133/><W69/><G135/><T35/><D132/><U44/><E5/><V28/><F28/><N who="3" m="10859" /><G128/><T89/><D71/><U131/><E131/><V49/><F62/><W42/><G2/><T12/><D89/><U80/><E80/><V57/><F57/><W6/><G69/><T59/><D59/><U75/><E85/><V90/><F102/><W58/><G21/><T4/><D125/><U106/><E106/><V112/><F112/><W25/><G25/><T115/><D115/><U108/><E108/><V118/><F118/><W124/><G124/><T1/><D1/><U84/><E84/><V56/><F56/><W86/><G48/><T8/><D8/><U15/><E15/><V24/><F24/><W60/><G60/><T130/><D130/><U53/><E36/><V11/><F11/><W65/><G43/><T87/><D33/><U39/><E39/><V31/><F31/><W97/><G97/><T0/><D0/><U22/><E22/><V20/><F20/><W52/><G65/><N who="0" m="24587" /><D35/><U111/><E111/><V26/><F26/><W14/><G14/><T98/><D32/><U38/><E38/><V13/><F13/><W40/><G40/><T94/><D98/><U10/><E10/><V3/><F3/><W126/><G126/><T23/><D23/><U134/><E134/><V47/><F41/><RYUUKYOKU ba="0,0" sc="413,15,316,-15,221,-15,50,15" hai0="4,9,12,46,50,54,87,94,100,103" hai3="6,7,42,51,52,58,63,83,86,88" /><INIT seed="7,1,0,0,5,129" ten="428,301,206,65" oya="3" hai0="18,48,40,8,96,84,100,85,22,99,115,104,13" hai1="65,123,23,26,14,42,68,4,118,6,73,76,89" hai2="30,114,81,124,15,17,126,117,95,105,82,72,74" hai3="80,51,70,113,79,121,102,59,67,133,45,61,16"/><W75/><G113/><T69/><D69/><U107/><E123/><V46/><F114/><W60/><G121/><T29/><D115/><U135/><E107/><V20/><F105/><W128/><G128/><T41/><D41/><U27/><E42/><V52/><F117/><W112/><G112/><T132/><D99/><U131/><E131/><V119/><F119/><W11/><G102/><T98/><D98/><U32/><E89/><V87/><F30/><W116/><G116/><T37/><D37/><U1/><E76/><V101/><F101/><W58/><G133/><T39/><D39/><U33/><E73/><V25/><F15/><W10/><G70/><T5/><D29/><U90/><E90/><N who="2" m="53727" /><F74/><W57/><G57/><T55/><D132/><U0/><E65/><V62/><F72/><W111/><G111/><T31/><D40/><U106/><E106/><V56/><F46/><W49/><G45/><T47/><D31/><U66/><E66/><V50/><F62/><W7/><G16/><T103/><D103/><U94/><E94/><V109/><F109/><W86/><G75/><T130/><D130/><U134/><E68/><V127/><AGARI ba="1,0" hai="17,20,25,50,52,56,81,82,124,126,127" m="53727" machi="127" ten="30,2000,0" yaku="18,1,54,1" doraHai="129" who="2" fromWho="2" sc="428,-6,301,-6,206,23,65,-11" owari="422,52.2,295,9.5,229,-17.1,54,-44.6" /></mjloggm>