<mjloggm ver="2.3"><GO type="169" lobby="0"/><UN n0="%E6%84%9B%E3%81%AF%E6%AD%A3%E7%BE%A9" n1="%E6%9D%BE%E6%9C%AC%E5%81%A5%E7%94%B7" n2="%73%69%65%72%61%34%30%31" n3="%6D%79%6D%65%6C%6F%58%58" dan="16,17,17,17" rate="2078.41,2246.94,2248.69,2211.70" sx="F,M,F,M"/><TAIKYOKU oya="0"/><INIT seed="0,0,0,2,4,66" ten="250,250,250,250" oya="0" hai0="94,26,102,27,1,47,83,38,53,18,40,76,48" hai1="103,22,106,43,73,6,124,87,78,82,77,86,95" hai2="88,99,24,81,29,126,0,72,74,132,118,70,59" hai3="133,80,36,71,11,128,57,112,130,114,45,108,52"/><T98/><D1/><U44/><E124/><V67/><F0/><W93/><G93/><T31/><D18/><U119/><E119/><V89/><F126/><W115/><G80/><T100/><D100/><U90/><E6/><V2/><F2/><W20/><G20/><T58/><REACH who="0" step="1"/><D31/><REACH who="0" ten="240,250,250,250" step="2"/><U104/><E103/><V9/><F29/><W125/><G125/><T16/><D16/><U121/><E121/><V35/><F118/><W42/><G11/><T123/><D123/><U39/><E106/><V92/><F9/><W111/><G133/><T96/><D96/><U85/><E104/><V21/><F132/><W50/><REACH who="3" step="1"/><G71/><REACH who="3" ten="240,250,250,240" step="2"/><T3/><D3/><U32/><E95/><V84/><F70/><W110/><AGARI ba="0,2" hai="36,42,45,50,52,57,108,110,111,112,114,115,128,130" machi="110" ten="40,16000,3" yaku="1,1,2,1,0,1,14,1,34,3,54,1,53,1" doraHai="66" doraHaiUra="51" who="3" fromWho="3" sc="240,-80,250,-40,250,-40,240,180" /><INIT seed="1,0,0,3,5,13" ten="160,210,210,420" oya="1" hai0="75,51,131,121,36,47,5,92,113,15,124,43,1" hai1="20,39,58,65,105,91,68,74,100,57,107,30,29" hai2="22,12,77,88,23,54,127,37,73,128,99,93,118" hai3="46,69,129,112,109,115,56,26,24,98,28,60,17"/><U66/><E39/><V78/><F118/><W14/><G69/><T10/><D121/><U6/><E74/><V94/><F127/><W80/><G109/><T71/><D113/><U67/><E68/><V106/><F128/><W18/><G129/><T87/><D131/><U38/><E38/><V104/><F37/><W48/><G115/><T50/><D124/><U103/><E6/><V55/><F12/><W133/><G133/><T125/><D125/><U122/><E91/><V62/><F62/><W119/><G119/><T16/><D71/><U97/><E122/><V76/><F73/><W82/><G98/><T2/><D75/><U108/><E108/><V96/><F77/><W64/><G112/><T34/><D34/><U40/><E40/><V102/><REACH who="2" step="1"/><F88/><REACH who="2" ten="160,210,200,420" step="2"/><W41/><G14/><T63/><D63/><U11/><E97/><V126/><F126/><W110/><G110/><T84/><D84/><U81/><E81/><N who="3" m="31338" /><G26/><T9/><D87/><U114/><E114/><V53/><F53/><W25/><G24/><T120/><D120/><U33/><E67/><V116/><F116/><W79/><G79/><T72/><D72/><U0/><E0/><V123/><F123/><W59/><G25/><T83/><D83/><U61/><E61/><V86/><F86/><W27/><G27/><T21/><D92/><U90/><E90/><V134/><F134/><W49/><G28/><T19/><D2/><U45/><E66/><V132/><F132/><W44/><G59/><T42/><D42/><AGARI ba="0,1" hai="17,18,41,42,44,46,48,49,56,60,64" m="31338" machi="42" ten="30,3900,0" yaku="8,1,52,2" doraHai="13" who="3" fromWho="0" sc="160,-39,210,0,200,0,420,49" /><INIT seed="2,0,0,2,0,129" ten="121,210,200,469" oya="2" hai0="59,42,106,39,124,8,54,87,108,109,27,16,83" hai1="61,96,102,66,116,26,6,18,49,107,58,11,60" hai2="3,105,110,82,37,123,70,80,135,122,34,121,53" hai3="56,47,89,29,119,23,134,79,86,74,7,120,63"/><V111/><F3/><W92/><G119/><T71/><D71/><U125/><E125/><V91/><F34/><W32/><G32/><T76/><D124/><U72/><E72/><V44/><F70/><W94/><G74/><T33/><D106/><U115/><E115/><V24/><F24/><W85/><G7/><T81/><D81/><N who="2" m="31338" /><F105/><W77/><G47/><T30/><D42/><U128/><E128/><V0/><F0/><W73/><G73/><T14/><REACH who="0" step="1"/><D39/><REACH who="0" ten="111,210,200,469" step="2"/><U31/><E116/><V21/><F37/><W51/><G120/><T126/><D126/><U118/><E118/><V101/><F121/><W52/><G79/><T55/><D55/><U130/><E130/><V48/><F122/><W36/><G36/><T43/><D43/><U13/><E49/><AGARI ba="0,1" hai="8,14,16,27,30,33,49,54,59,76,83,87,108,109" machi="49" ten="40,2600,0" yaku="1,1,54,1,53,0" doraHai="129" doraHaiUra="113" who="0" fromWho="1" sc="111,36,210,-26,200,0,469,0" /><INIT seed="3,0,0,4,5,41" ten="147,184,200,469" oya="3" hai0="99,28,0,115,66,128,80,62,64,108,126,42,22" hai1="16,69,18,98,90,25,71,121,88,23,59,57,104" hai2="61,82,87,65,77,67,70,37,24,76,6,51,78" hai3="125,93,81,50,133,34,48,97,101,4,122,8,132"/><W119/><G119/><T107/><D0/><U36/><E121/><V92/><F37/><W33/><G122/><T83/><D108/><U120/><E120/><V95/><F6/><W38/><G38/><T30/><D115/><U15/><E36/><V46/><F67/><W75/><G125/><T89/><D126/><U94/><E104/><V55/><REACH who="2" step="1"/><F24/><REACH who="2" ten="147,184,190,469" step="2"/><W1/><G4/><T29/><D66/><U91/><E71/><V106/><F106/><W5/><G5/><T117/><D117/><U39/><E69/><V45/><F45/><W32/><G1/><T74/><D64/><U7/><E7/><V112/><F112/><W2/><G2/><T102/><D128/><U129/><E39/><V14/><F14/><W12/><G12/><T85/><D62/><U103/><REACH who="1" step="1"/><E129/><REACH who="1" ten="147,174,190,469" step="2"/><V105/><F105/><W58/><G132/><T26/><D107/><U27/><E27/><V116/><F116/><W72/><G133/><T17/><D26/><U49/><E49/><V113/><F113/><W123/><G50/><T109/><D109/><U130/><E130/><V73/><F73/><W100/><G75/><T19/><D74/><U53/><E53/><V131/><F131/><W124/><G72/><T3/><D42/><U63/><E63/><V135/><F135/><W79/><G48/><T44/><D3/><U40/><E40/><V68/><F68/><W54/><G54/><T10/><D44/><U52/><E52/><V47/><F47/><W96/><G123/><T56/><D56/><U134/><E134/><V21/><F21/><AGARI ba="0,2" hai="15,16,18,21,23,25,57,59,88,90,91,94,98,103" machi="21" ten="40,8000,1" yaku="1,1,8,1,54,2,53,0" doraHai="41" doraHaiUra="35" who="1" fromWho="2" sc="147,0,174,100,190,-80,469,0" /><INIT seed="4,0,0,2,0,106" ten="147,274,110,469" oya="0" hai0="81,100,28,63,2,67,84,86,43,53,85,33,13" hai1="135,64,78,57,132,71,5,123,74,122,130,30,97" hai2="133,51,16,116,127,68,19,61,62,121,76,25,45" hai3="105,103,12,37,110,42,10,114,41,134,22,54,94"/><T80/><D2/><U75/><E71/><V48/><F121/><W118/><G110/><T6/><D43/><U83/><E130/><V129/><F129/><W65/><G105/><T18/><D6/><U108/><E108/><V113/><F113/><W120/><G118/><T23/><D100/><U92/><E30/><V131/><F131/><W47/><G114/><T70/><REACH who="0" step="1"/><D53/><REACH who="0" ten="137,274,110,469" step="2"/><U24/><E123/><V104/><F116/><W31/><G54/><T44/><D44/><U125/><E5/><V0/><F0/><W96/><G42/><T26/><AGARI ba="0,1" hai="13,18,23,26,28,33,63,67,70,80,81,84,85,86" machi="26" ten="30,3000,0" yaku="1,1,0,1,53,0" doraHai="106" doraHaiUra="40" who="0" fromWho="0" sc="137,40,274,-10,110,-10,469,-10" /><INIT seed="4,1,0,5,5,10" ten="177,264,100,459" oya="0" hai0="40,55,47,82,100,73,131,2,42,34,6,32,45" hai1="63,24,104,90,83,125,117,12,43,106,116,127,122" hai2="97,58,7,75,41,133,95,77,57,54,50,98,36" hai3="59,38,22,67,27,118,78,107,21,14,91,48,103"/><T102/><D131/><U31/><E122/><V35/><F35/><W5/><G38/><T23/><D55/><U56/><E43/><V108/><F108/><W74/><G74/><T110/><D110/><U86/><E104/><V33/><F33/><W61/><G118/><T1/><D23/><U26/><E106/><V49/><F133/><W109/><G78/><T11/><D100/><U99/><E99/><V4/><F36/><W19/><G109/><T76/><D102/><U126/><E12/><V119/><F119/><N who="1" m="45641" /><E31/><V30/><F30/><W66/><G107/><T68/><D68/><U25/><E25/><V85/><F75/><W69/><G103/><T129/><D2/><U84/><E86/><V120/><F120/><W114/><G114/><T8/><D8/><U101/><E101/><N who="2" m="60607" /><F98/><W16/><G5/><T79/><D79/><U39/><E39/><V62/><F49/><W115/><G115/><T60/><D60/><U37/><E37/><V3/><F3/><W121/><G121/><T94/><D94/><U80/><E80/><N who="2" m="47247" /><F41/><N who="0" m="15978" /><D129/><U17/><E17/><V64/><AGARI ba="1,0" hai="4,7,50,54,57,58,62,64" m="47247,60607" machi="64" ten="30,1100,0" yaku="8,1" doraHai="10" who="2" fromWho="2" sc="177,-6,264,-4,100,14,459,-4" /><INIT seed="5,0,0,4,1,62" ten="171,260,114,455" oya="1" hai0="46,107,80,125,9,102,92,121,66,14,85,117,79" hai1="45,104,76,2,119,39,115,124,26,100,32,34,44" hai2="74,52,83,72,106,98,112,22,59,123,95,110,25" hai3="108,99,64,96,13,47,50,63,90,11,89,16,86"/><U61/><E119/><V12/><F123/><W48/><G108/><T134/><D121/><U77/><E115/><V6/><F106/><W87/><G87/><T23/><D117/><U58/><E124/><V126/><F110/><W120/><G120/><T71/><D125/><U15/><E2/><V28/><F126/><W8/><G8/><T1/><D1/><U60/><E60/><V30/><F30/><W20/><G20/><T33/><D33/><U49/><E39/><V91/><F112/><W127/><G90/><T78/><D134/><U21/><E15/><V75/><F12/><W38/><G38/><T24/><D46/><U27/><E45/><V118/><F6/><W51/><G47/><T67/><D71/><U70/><E70/><V97/><F118/><W135/><G135/><T53/><D53/><U103/><E34/><V114/><F114/><W88/><G89/><T17/><D79/><U56/><E56/><V69/><F69/><W132/><G132/><T131/><D107/><U84/><E32/><V73/><N who="2" m="18432" /><DORA hai="41" /><V122/><F83/><N who="3" m="49247" /><G127/><T93/><D131/><U31/><E104/><V0/><F122/><W36/><G36/><T54/><D54/><N who="1" m="29991" /><E76/><V68/><F68/><W3/><G3/><T37/><D37/><U43/><E43/><V129/><F129/><W94/><G94/><N who="0" m="36459" /><D102/><U82/><E77/><V128/><F128/><W5/><G5/><AGARI ba="0,0" hai="5,9,14,17,23,24,66,67,78,80,85" m="36459" machi="5" ten="30,3900,0" yaku="8,1,52,2" doraHai="62,41" who="0" fromWho="3" sc="171,39,260,0,114,0,455,-39" /><INIT seed="6,0,0,1,3,52" ten="210,260,114,416" oya="2" hai0="60,114,37,21,24,57,129,46,105,135,128,93,80" hai1="55,2,26,83,122,85,71,31,68,58,115,19,92" hai2="32,104,78,132,10,127,131,102,44,38,120,39,121" hai3="88,62,64,75,113,5,103,73,111,84,133,86,91"/><V107/><F102/><W100/><G5/><T67/><D114/><U41/><E122/><N who="2" m="47211" /><F44/><W3/><G3/><T90/><D105/><N who="2" m="40522" /><F78/><W25/><G111/><T108/><D108/><U45/><E19/><V28/><F10/><W96/><G25/><T59/><D80/><U4/><E92/><V54/><F54/><W9/><G9/><T65/><D135/><U49/><E115/><V112/><F112/><W77/><G113/><T70/><D46/><U99/><E99/><V116/><F116/><W53/><G53/><T29/><D37/><N who="2" m="13834" /><F132/><W43/><G133/><T27/><D67/><U118/><E118/><V56/><F56/><W17/><G77/><T134/><D134/><U72/><E2/><V6/><F6/><W42/><G64/><T81/><D81/><U40/><E4/><V117/><F117/><W33/><G96/><N who="0" m="57399" /><D27/><U98/><E98/><V18/><F18/><W119/><G119/><T15/><D15/><U36/><E41/><V66/><F66/><W76/><G76/><T124/><D124/><U11/><E83/><V16/><F16/><W87/><G17/><T7/><D7/><U130/><E26/><N who="2" m="18455" /><F131/><AGARI ba="0,0" hai="21,24,29,57,59,60,65,70,128,129,131" m="57399" machi="131" ten="30,3900,0" yaku="19,1,52,2" doraHai="52" who="0" fromWho="2" sc="210,39,260,0,114,-39,416,0" /><INIT seed="7,0,0,2,5,20" ten="249,260,75,416" oya="3" hai0="102,74,66,47,85,115,19,0,80,52,91,6,77" hai1="123,100,129,76,40,111,53,117,38,61,29,44,93" hai2="57,90,63,114,64,94,122,69,75,99,15,84,59" hai3="73,113,14,68,33,81,127,120,51,132,65,108,7"/><W135/><G120/><T134/><D134/><U18/><E123/><V95/><F75/><W130/><G33/><T37/><D115/><U60/><E111/><V21/><F69/><W45/><G14/><T31/><D66/><U71/><E117/><V5/><F114/><W41/><G81/><T25/><D102/><U23/><E129/><V110/><F110/><W121/><G73/><T42/><D19/><U3/><E3/><V2/><F2/><W88/><G88/><T79/><D0/><U125/><E29/><V43/><F122/><W104/><G51/><T92/><D6/><U97/><E125/><V12/><F43/><W39/><G45/><T36/><D77/><U116/><E116/><V17/><F5/><W86/><G7/><T83/><D83/><U70/><E76/><V56/><F56/><W50/><G41/><T124/><D124/><U24/><E61/><V27/><F84/><W35/><G86/><T9/><D9/><U105/><E105/><V62/><REACH who="2" step="1"/><F94/><REACH who="2" ten="249,260,65,416" step="2"/><W34/><G68/><T112/><D112/><U101/><E70/><V96/><F96/><W119/><G108/><T106/><D42/><U118/><E71/><V58/><F58/><W8/><G113/><T11/><D106/><U82/><E118/><V107/><F107/><W54/><G119/><T131/><D131/><U28/><E93/><V46/><F46/><W89/><G130/><T126/><D126/><U78/><E97/><V109/><F109/><W67/><G127/><T98/><D74/><U32/><E40/><V55/><AGARI ba="0,1" hai="12,15,17,21,27,55,57,59,62,63,64,90,95,99" machi="55" ten="20,12000,2" yaku="1,1,0,1,7,1,25,2,8,1,52,1,53,0" doraHai="20" doraHaiUra="1" who="2" fromWho="2" sc="249,-30,260,-30,65,130,416,-60" owari="219,-18.1,230,3.0,195,-30.5,356,45.6" /></mjloggm>