<mjloggm ver="2.3"><GO type="169" lobby="0"/><UN n0="%E3%83%95%E3%82%AF%E3%83%AD%E3%82%A6%E3%82%B5%E3%83%B3" n1="%E8%A6%9A%E9%86%92%E3%81%97%E3%81%9F%E3%81%A8%E3%81%BE%E3%81%A8" n2="%E3%82%BF%E3%82%A4%E4%BA%BA%EF%BC%A0%E3%83%90%E3%83%B3%E3%82%B3%E3%82%AF" n3="%E8%B6%85%E6%94%BB%E6%92%83%E9%BA%BB%E9%9B%80" dan="17,16,16,16" rate="2193.44,2130.55,2146.77,2178.38" sx="M,M,M,M"/><TAIKYOKU oya="0"/><INIT seed="0,0,0,3,3,9" ten="250,250,250,250" oya="0" hai0="56,5,68,75,39,37,91,71,118,134,50,98,106" hai1="49,133,115,27,78,12,124,30,129,86,126,65,31" hai2="21,87,102,84,15,52,60,122,48,18,58,67,105" hai3="92,107,14,114,4,66,7,103,55,72,130,0,54"/><T3/><D75/><U100/><E115/><V81/><F122/><W42/><G114/><T32/><D32/><U47/><E133/><V96/><REACH who="2" step="1"/><F81/><REACH who="2" ten="250,250,240,250" step="2"/><W108/><G130/><T61/><D134/><U63/><E129/><V112/><F112/><W90/><G108/><T41/><D118/><U94/><E126/><V93/><F93/><W36/><G92/><T99/><D106/><U11/><E94/><V53/><F53/><W110/><G54/><T20/><D41/><U26/><E124/><V109/><F109/><W127/><G55/><T104/><D104/><U120/><E120/><V59/><AGARI ba="0,1" hai="15,18,21,48,52,58,59,60,67,84,87,96,102,105" machi="59" ten="20,12000,2" yaku="1,1,0,1,7,1,52,1,54,1,53,1" doraHai="9" doraHaiUra="57" who="2" fromWho="2" sc="250,-60,250,-30,240,130,250,-30" /><INIT seed="1,0,0,1,5,78" ten="190,220,370,220" oya="1" hai0="0,28,106,2,9,126,17,6,59,40,38,41,69" hai1="118,109,36,99,130,91,122,82,44,87,46,113,8" hai2="64,3,68,24,74,76,104,77,63,94,135,92,61" hai3="19,15,10,45,79,125,30,58,132,60,133,128,25"/><U88/><E113/><V134/><F104/><W75/><G45/><N who="1" m="17514" /><E118/><V67/><F3/><W85/><G75/><T129/><D69/><U105/><E122/><V124/><F24/><W12/><G125/><T50/><D106/><U117/><E117/><V95/><F124/><W80/><G15/><T13/><D126/><U32/><E32/><V116/><F116/><W93/><G93/><T123/><D38/><U29/><E36/><V34/><F34/><W21/><REACH who="3" step="1"/><G128/><REACH who="3" ten="190,220,370,210" step="2"/><T127/><D127/><U86/><E105/><V71/><F74/><W11/><G11/><T26/><D129/><U72/><E72/><V16/><F135/><W100/><G100/><T4/><D123/><U20/><E130/><V22/><F134/><W119/><G119/><T112/><D112/><U70/><E109/><V73/><F73/><W23/><G23/><N who="0" m="15455" /><D0/><U66/><E8/><V54/><F95/><W96/><G96/><T97/><D97/><U101/><E99/><V57/><F94/><W55/><AGARI ba="0,1" hai="10,12,19,21,25,30,55,58,60,79,80,85,132,133" machi="55" ten="30,4000,0" yaku="1,1,0,1,52,1,53,0" doraHai="78" doraHaiUra="43" who="3" fromWho="3" sc="190,-10,220,-20,370,-10,210,50" /><INIT seed="2,0,0,5,5,42" ten="180,200,360,260" oya="2" hai0="117,124,49,30,68,36,132,130,12,25,11,14,64" hai1="93,26,72,16,108,53,114,128,60,31,125,78,104" hai2="39,61,84,103,0,9,98,123,83,48,45,6,87" hai3="62,22,46,44,113,99,77,115,106,21,5,20,119"/><V27/><F123/><W7/><G119/><T1/><D36/><U2/><E104/><V109/><F39/><W74/><G62/><T122/><D122/><U90/><E114/><N who="3" m="43530" /><G77/><T116/><D64/><U50/><E108/><V54/><F109/><W82/><G82/><T32/><D68/><U56/><E128/><V127/><F127/><W102/><G74/><T41/><D41/><U80/><E125/><V107/><F83/><W85/><G85/><T96/><D124/><U66/><E2/><V24/><F61/><W19/><G19/><T86/><D96/><U17/><E90/><V15/><F0/><W131/><G131/><T75/><D75/><U110/><E93/><V118/><F118/><N who="0" m="45674" /><D130/><U34/><REACH who="1" step="1"/><E110/><REACH who="1" ten="180,190,360,260" step="2"/><V52/><F87/><W92/><G106/><T81/><D1/><U105/><E105/><V76/><F84/><W33/><G33/><T10/><D86/><U13/><E13/><V120/><F120/><W69/><G69/><AGARI ba="0,1" hai="16,17,26,31,34,50,53,56,60,66,69,72,78,80" machi="69" ten="30,3900,0" yaku="1,1,7,1,54,1,53,0" doraHai="42" doraHaiUra="3" who="1" fromWho="3" sc="180,0,190,49,360,0,260,-39" /><INIT seed="3,0,0,1,3,101" ten="180,239,360,221" oya="3" hai0="64,119,122,14,66,116,68,96,29,89,111,1,73" hai1="40,21,124,72,82,129,104,128,121,52,59,110,16" hai2="7,6,67,18,60,62,84,69,74,31,108,134,10" hai3="102,55,113,41,75,132,65,99,123,37,9,114,38"/><W109/><G123/><T90/><D122/><U95/><E121/><V130/><F74/><W133/><G75/><T125/><D1/><U42/><E110/><V88/><F108/><W93/><G109/><T28/><D111/><U39/><E104/><V0/><F130/><N who="1" m="50281" /><E124/><V85/><F134/><N who="3" m="51819" /><G65/><T45/><D73/><U30/><E30/><V80/><F31/><W47/><G38/><T24/><D14/><N who="1" m="9367" /><E39/><V77/><F7/><W92/><G55/><T13/><D13/><U118/><E118/><V91/><F18/><W127/><G127/><T17/><D17/><U46/><E46/><V98/><F98/><N who="3" m="59719" /><G9/><T27/><D125/><U50/><E95/><V112/><F112/><W79/><G79/><AGARI ba="0,0" hai="40,42,50,52,59,72,79,82" m="9367,50281" machi="79" ten="30,3900,0" yaku="19,1,54,2" doraHai="101" who="1" fromWho="3" sc="180,0,239,39,360,0,221,-39" /><INIT seed="4,0,0,1,0,54" ten="180,278,360,182" oya="0" hai0="51,74,43,41,11,110,88,9,135,123,2,108,129" hai1="95,103,46,50,59,82,133,111,47,38,81,44,76" hai2="120,24,73,130,122,83,75,26,68,37,70,96,31" hai3="40,4,30,1,112,6,128,134,124,7,55,106,3"/><T52/><D74/><U65/><E111/><N who="0" m="42537" /><D123/><U118/><E118/><V61/><F37/><W132/><G106/><T117/><D117/><U125/><E133/><N who="3" m="51306" /><G40/><N who="0" m="15435" /><D2/><N who="3" m="521" /><G55/><T89/><D135/><U105/><E105/><V93/><F75/><W58/><G58/><N who="0" m="33055" /><D129/><U57/><E38/><V20/><F130/><W101/><G101/><T94/><D89/><U45/><E103/><V78/><F120/><W28/><G128/><T119/><D119/><U63/><E125/><V64/><F122/><W15/><G124/><T25/><D25/><U39/><E39/><V104/><F26/><W69/><G69/><T53/><D53/><N who="1" m="31927" /><E76/><V77/><F77/><W109/><G109/><T0/><D0/><U33/><E33/><V60/><F78/><W91/><G91/><T71/><D71/><U102/><N who="1" m="11264" /><DORA hai="14" /><U36/><E36/><V12/><F73/><W8/><G112/><T113/><D113/><U126/><E126/><V29/><F70/><W16/><AGARI ba="0,0" hai="4,6,7,8,15,16,28,30" m="521,51306" machi="16" ten="40,8000,1" yaku="20,1,34,2,52,1,54,1" doraHai="54,14" who="3" fromWho="3" sc="180,-40,278,-20,360,-20,182,80" /><INIT seed="5,0,0,1,2,67" ten="140,258,340,262" oya="1" hai0="18,103,126,72,68,52,58,112,54,7,125,36,97" hai1="111,95,9,115,34,101,70,15,105,63,74,62,16" hai2="19,31,48,114,84,35,108,71,46,109,110,64,66" hai3="27,100,22,30,25,131,69,129,124,106,134,79,59"/><U10/><E115/><V116/><F116/><W60/><G79/><T56/><D72/><U135/><E135/><V123/><F123/><W11/><G11/><T65/><D7/><U21/><E34/><V3/><F3/><W14/><G14/><T128/><D36/><U73/><E105/><V39/><F39/><W26/><G134/><T28/><D28/><U5/><E111/><V75/><F75/><W93/><G106/><T82/><D82/><U118/><E118/><V53/><F114/><W92/><G124/><N who="0" m="47723" /><D112/><U130/><E130/><N who="3" m="49674" /><G69/><T29/><D29/><U113/><E113/><V122/><F71/><W42/><G42/><T120/><D128/><U17/><E74/><V45/><F122/><W132/><G132/><T0/><D0/><U77/><E73/><V78/><F110/><W98/><G93/><N who="0" m="58799" /><D18/><U50/><E77/><V33/><F19/><W1/><G1/><T90/><D90/><U49/><E17/><V117/><F31/><W37/><G37/><T133/><D133/><U83/><E83/><V44/><F117/><W38/><G38/><T102/><D102/><U107/><E107/><V81/><F109/><W89/><G89/><T47/><D120/><U23/><E5/><V13/><F108/><W8/><G8/><T127/><N who="0" m="47731" /><T32/><DORA hai="2" /><D32/><U4/><E10/><V86/><F35/><W104/><G104/><T55/><D47/><U121/><E121/><V96/><F33/><W61/><G59/><T94/><D94/><U57/><E70/><V87/><F78/><W6/><G6/><T12/><D12/><U51/><E15/><RYUUKYOKU ba="0,0" sc="140,15,258,-15,340,-15,262,15" hai0="52,54,55,56,58,65,68" hai3="22,25,26,27,30,60,61,92,98,100" /><INIT seed="6,1,0,5,5,66" ten="155,243,325,277" oya="2" hai0="101,116,30,114,16,7,104,1,132,44,109,135,61" hai1="31,56,43,131,95,102,45,18,54,10,2,51,70" hai2="91,22,60,96,100,24,67,65,36,42,78,87,29" hai3="118,27,125,25,39,59,82,4,113,53,72,75,55"/><V64/><F78/><W46/><G118/><T35/><D44/><U133/><E133/><N who="0" m="51273" /><D101/><U123/><E123/><V26/><F36/><W98/><G125/><T48/><D48/><U5/><E131/><V33/><F42/><W71/><G98/><T47/><D47/><U83/><E31/><V23/><F26/><W0/><G59/><T81/><D104/><U130/><E130/><V80/><REACH who="2" step="1"/><F60/><REACH who="2" ten="155,243,315,277" step="2"/><W14/><G25/><T103/><D61/><U94/><E43/><V50/><F50/><W73/><G27/><T68/><D116/><U20/><E51/><V38/><F38/><W12/><G39/><T49/><D49/><U115/><E45/><V57/><F57/><W9/><G46/><T88/><D114/><U119/><E56/><V85/><F85/><W37/><G113/><T32/><D109/><U58/><E115/><V21/><F21/><W17/><G37/><T124/><D124/><U117/><E20/><V107/><AGARI ba="1,1" hai="22,23,24,29,33,64,65,67,80,87,91,96,100,107" machi="107" ten="30,12000,1" yaku="1,1,0,1,53,3" doraHai="66" doraHaiUra="63" who="2" fromWho="2" sc="155,-41,243,-41,315,133,277,-41" /><INIT seed="6,2,0,3,1,86" ten="114,202,448,236" oya="2" hai0="66,58,81,87,77,116,127,24,115,46,25,92,76" hai1="8,43,17,48,124,130,98,63,2,75,109,53,6" hai2="42,79,7,78,99,18,108,134,135,107,30,16,89" hai3="13,91,44,50,39,131,94,62,31,41,72,84,26"/><V123/><F123/><W112/><G131/><T102/><D115/><U100/><E130/><V118/><F118/><W51/><G72/><T80/><D116/><U60/><E124/><V11/><F108/><W0/><G0/><T95/><D127/><U19/><E109/><V105/><F30/><W106/><G106/><T14/><D46/><U20/><E75/><V4/><F42/><W33/><G112/><T132/><D132/><U70/><E43/><V54/><F54/><W85/><G13/><T40/><D40/><U34/><E34/><V9/><F99/><W64/><REACH who="3" step="1"/><G85/><REACH who="3" ten="114,202,448,226" step="2"/><T27/><D14/><U61/><E70/><AGARI ba="2,1" hai="26,31,33,39,41,44,50,51,62,64,70,84,91,94" machi="70" ten="30,8000,1" yaku="1,1,2,1,7,1,52,1,53,1" doraHai="86" doraHaiUra="82" who="3" fromWho="1" sc="114,0,202,-86,448,0,226,96" /><INIT seed="7,0,0,2,3,10" ten="114,116,448,322" oya="3" hai0="27,14,103,59,58,111,106,91,79,84,30,102,1" hai1="76,81,107,53,95,123,12,94,125,66,124,41,129" hai2="127,7,37,23,16,80,18,51,83,13,128,5,120" hai3="122,71,74,64,88,55,2,26,135,121,9,93,109"/><W63/><G74/><T114/><D111/><U22/><E123/><V108/><F120/><W34/><G109/><T132/><D1/><U54/><E107/><V131/><F108/><W118/><G118/><T104/><D104/><U70/><E41/><V78/><F37/><W96/><G135/><T73/><D132/><U40/><E40/><V69/><F69/><W33/><G33/><T92/><D114/><U29/><E129/><N who="2" m="49739" /><F127/><N who="1" m="48713" /><E66/><V47/><F18/><W61/><G34/><T112/><D112/><U90/><E70/><V24/><F24/><W6/><REACH who="3" step="1"/><G26/><REACH who="3" ten="114,116,448,312" step="2"/><T20/><D73/><N who="1" m="43151" /><E29/><V42/><F83/><W3/><G3/><T68/><D68/><U87/><E95/><V31/><F31/><W56/><AGARI ba="0,1" hai="2,6,9,55,56,61,63,64,71,88,93,96,121,122" machi="56" ten="30,6000,0" yaku="1,1,0,1,54,1,53,0" doraHai="10" doraHaiUra="39" who="3" fromWho="3" sc="114,-20,116,-20,448,-20,312,70" /><INIT seed="7,1,0,0,5,97" ten="94,96,428,382" oya="3" hai0="15,5,128,98,18,33,66,102,115,90,108,71,123" hai1="62,94,43,93,56,58,17,42,117,55,110,96,50" hai2="57,20,113,27,133,114,87,65,12,74,91,127,7" hai3="72,64,73,49,0,68,13,82,24,89,131,79,29"/><W37/><G37/><T92/><D108/><U34/><E110/><V69/><F69/><W104/><G0/><T85/><D123/><U105/><E117/><V121/><F74/><W30/><G30/><T119/><D119/><U100/><E34/><V22/><F127/><W36/><G36/><T35/><D5/><U132/><E132/><V45/><F133/><W76/><G131/><T1/><D1/><U21/><E105/><V130/><F130/><W88/><G104/><T14/><D128/><U103/><E94/><N who="2" m="54655" /><F121/><W39/><G39/><T4/><D115/><N who="2" m="44042" /><F27/><W6/><G49/><T41/><D41/><U122/><E122/><V26/><F26/><W84/><G68/><T125/><D125/><U120/><E120/><V10/><F45/><W31/><G64/><T129/><D129/><U19/><E103/><V53/><F65/><W28/><G24/><T106/><D4/><U2/><E2/><V80/><F80/><W61/><G61/><AGARI ba="1,0" hai="7,10,12,20,22,53,57,61" m="44042,54655" machi="61" ten="30,1000,0" yaku="15,1" doraHai="97" who="2" fromWho="3" sc="94,0,96,0,428,13,382,-13" owari="94,-40.6,96,-30.4,441,54.1,369,16.9" /></mjloggm>