<mjloggm ver="2.3"><GO type="225" lobby="0"/><UN n0="%E9%A6%AC%E5%BC%95%E7%81%AB%33" n1="%72%65%6E%6B%75%6E" n2="%E9%B3%B4%E8%8C%B6" n3="%E6%9C%88%E5%B3%B6%E5%9F%BA" dan="16,17,16,17" rate="2127.35,2209.24,2142.33,2210.41" sx="M,M,M,M"/><TAIKYOKU oya="0"/><INIT seed="0,0,0,1,4,63" ten="250,250,250,250" oya="0" hai0="114,95,117,105,89,91,77,64,55,18,119,70,73" hai1="133,51,16,109,94,88,21,8,102,53,69,127,32" hai2="4,0,110,3,44,2,60,116,112,132,36,54,59" hai3="74,13,34,38,11,40,135,84,67,86,46,19,121"/><T130/><D114/><U71/><E32/><V17/><F112/><W90/><G74/><T37/><D105/><U14/><E102/><V10/><F110/><W92/><G34/><T126/><D37/><U99/><E109/><V129/><F132/><W93/><G135/><T101/><D126/><U7/><E133/><V87/><F129/><W5/><G121/><T66/><D130/><U103/><E103/><V107/><F107/><W12/><G67/><N who="0" m="25643" /><D70/><U62/><E62/><V108/><F108/><W75/><G75/><T35/><D35/><U76/><E76/><V39/><F116/><W25/><G25/><T111/><D73/><U58/><REACH who="1" step="1"/><E127/><REACH who="1" ten="250,240,250,250" step="2"/><V104/><F104/><W122/><G122/><T100/><D111/><U57/><E57/><V22/><F59/><W30/><G90/><N who="0" m="34315" /><D119/><U41/><E41/><V15/><F60/><W33/><G40/><T48/><D117/><U49/><E49/><V98/><F39/><W29/><G33/><T56/><D77/><U23/><E23/><V85/><F22/><W61/><G38/><T81/><D81/><U97/><E97/><V28/><F98/><W78/><G78/><T27/><D95/><U120/><E120/><V83/><F83/><W52/><G92/><T79/><D79/><U96/><E96/><V1/><F36/><W80/><G93/><T131/><D131/><U45/><E45/><V128/><F44/><W115/><G115/><T65/><D65/><U123/><E123/><V47/><F47/><W26/><G80/><T124/><D124/><U42/><E42/><V118/><F128/><W72/><G72/><RYUUKYOKU ba="0,1" sc="250,15,240,15,250,-15,250,-15" hai0="18,27,48,55,56,100,101" hai1="7,8,14,16,21,51,53,58,69,71,88,94,99" /><INIT seed="0,1,1,2,2,6" ten="265,255,235,235" oya="0" hai0="85,53,45,126,122,52,5,77,17,34,42,33,130" hai1="98,118,134,87,18,29,15,83,74,51,63,131,91" hai2="7,90,39,101,107,56,88,37,25,9,75,79,0" hai3="93,84,22,133,78,54,69,81,89,113,2,82,57"/><T100/><D122/><U119/><E74/><V16/><F101/><W121/><G113/><T106/><D126/><U26/><E131/><V96/><F107/><W65/><G121/><T72/><D130/><U60/><E134/><V62/><F79/><W125/><G2/><T73/><D5/><U48/><E98/><V20/><F75/><W115/><G115/><T114/><D114/><U135/><E135/><V21/><F21/><W4/><G133/><T108/><D85/><U36/><E36/><V129/><F129/><W1/><G125/><T8/><D108/><U14/><E14/><V32/><F32/><W12/><G1/><T111/><D111/><U64/><E118/><V68/><F68/><W47/><G69/><T102/><D45/><U109/><E119/><V40/><F40/><W10/><G22/><T44/><D44/><U23/><E109/><V95/><F90/><W105/><G105/><T35/><D35/><U97/><E97/><V120/><F120/><W116/><G116/><T31/><D42/><U76/><E76/><V50/><F50/><N who="1" m="18985" /><E64/><AGARI ba="1,1" hai="0,7,9,16,20,25,37,39,56,62,64,88,95,96" machi="64" ten="30,7700,0" yaku="7,1,52,1,54,2" doraHai="6" who="2" fromWho="1" sc="265,0,255,-80,235,90,235,0" /><INIT seed="1,0,0,0,4,82" ten="265,175,325,235" oya="1" hai0="22,114,59,124,28,15,35,24,38,73,58,134,99" hai1="43,1,18,78,71,50,45,113,115,127,67,25,42" hai2="68,3,32,98,53,122,81,133,119,27,77,29,70" hai3="132,34,92,57,79,41,74,129,131,63,112,54,125"/><U104/><E1/><V9/><F122/><W10/><G112/><T47/><D114/><N who="1" m="43531" /><E104/><V109/><F119/><W101/><G34/><T88/><D73/><U6/><E6/><V100/><F53/><W55/><G74/><T46/><D124/><U2/><E78/><V44/><F44/><N who="0" m="16938" /><D134/><U126/><E2/><V97/><F98/><N who="3" m="59591" /><G41/><T135/><D38/><U49/><E18/><V30/><F30/><W106/><G79/><T12/><D35/><U40/><E25/><V95/><F133/><W84/><G10/><T85/><D135/><U69/><E45/><V94/><F95/><W72/><G72/><T65/><D99/><U120/><E120/><V118/><F118/><W76/><G125/><N who="1" m="47626" /><E67/><V89/><F77/><W26/><G106/><T66/><D66/><U5/><E5/><V111/><F9/><W20/><G132/><T102/><D102/><U96/><E96/><V61/><F3/><W23/><G26/><T36/><D36/><U64/><E64/><V116/><F116/><W117/><G117/><T123/><D123/><U90/><E90/><V130/><F89/><W108/><G76/><T33/><D33/><U87/><E87/><V103/><F100/><W14/><G84/><T52/><D65/><U51/><AGARI ba="0,0" hai="40,42,43,49,50,51,69,71" m="47626,43531" machi="51" ten="40,12000,1" yaku="28,2,18,1,34,2" doraHai="82" who="1" fromWho="1" sc="265,-40,175,120,325,-40,235,-40" /><INIT seed="1,1,0,5,3,1" ten="225,295,285,195" oya="1" hai0="42,47,0,62,56,14,8,135,3,63,91,52,66" hai1="121,48,13,95,53,15,118,18,68,34,67,103,107" hai2="28,25,102,97,57,10,17,4,21,120,134,125,94" hai3="113,74,39,7,119,123,2,116,11,87,92,111,43"/><U73/><E34/><V105/><F120/><W30/><G123/><T45/><D135/><U64/><E73/><V26/><F134/><W23/><G74/><T93/><D0/><U36/><E36/><V130/><F125/><W44/><G113/><T71/><D3/><U81/><E107/><V32/><F130/><W106/><G106/><T41/><D41/><U127/><E118/><N who="3" m="45098" /><G111/><T114/><D42/><U101/><E121/><V12/><F57/><W5/><G2/><T51/><D63/><U128/><E68/><V89/><REACH who="2" step="1"/><F105/><REACH who="2" ten="225,295,275,195" step="2"/><W22/><G11/><T19/><D114/><U122/><E127/><V59/><F59/><W16/><G30/><T27/><D27/><U69/><E128/><V35/><F35/><W86/><G23/><T129/><D129/><U110/><E69/><V85/><F85/><AGARI ba="1,1" hai="8,14,19,45,47,51,52,56,62,66,71,85,91,93" machi="85" ten="30,2000,0" yaku="7,1,54,1" doraHai="1" who="0" fromWho="2" sc="225,33,295,0,275,-23,195,0" /><INIT seed="2,0,0,4,2,110" ten="258,295,252,195" oya="2" hai0="6,129,35,121,71,28,29,0,81,5,79,101,58" hai1="25,18,83,69,37,97,77,61,12,52,72,112,36" hai2="32,89,82,67,114,38,59,60,2,106,39,85,64" hai3="34,3,84,63,104,122,15,1,120,45,40,76,128"/><V108/><F2/><W9/><G104/><T100/><D121/><U33/><E112/><V43/><F106/><W66/><G34/><T46/><D71/><U42/><E97/><V30/><F114/><W49/><G128/><T4/><D0/><U124/><E124/><V115/><F115/><W21/><G3/><T41/><D129/><U62/><E69/><V17/><F108/><W47/><G1/><T130/><D58/><U16/><E42/><V7/><F7/><W107/><G107/><T54/><D54/><U111/><E111/><V117/><F117/><W55/><G21/><T99/><D130/><U68/><E61/><V134/><F134/><W91/><G76/><T78/><D35/><U57/><E68/><V26/><F43/><W74/><G74/><T116/><D116/><U51/><E62/><V65/><REACH who="2" step="1"/><F17/><REACH who="2" ten="258,295,242,195" step="2"/><W27/><G120/><T95/><D5/><U118/><E118/><V70/><F70/><W80/><G122/><T133/><D4/><U131/><E131/><V50/><F50/><W127/><G127/><T109/><D6/><U103/><E37/><AGARI ba="0,1" hai="26,30,32,37,38,39,59,60,64,65,67,82,85,89" machi="37" ten="40,2000,0" yaku="1,1,53,0" doraHai="110" doraHaiUra="94" who="2" fromWho="1" sc="258,0,295,-20,242,30,195,0" /><INIT seed="2,1,0,4,2,58" ten="258,275,272,195" oya="2" hai0="9,48,114,104,47,13,76,38,37,83,108,20,54" hai1="24,106,42,116,35,66,41,46,105,81,88,65,52" hai2="34,113,53,128,107,111,33,94,4,85,56,72,115" hai3="44,7,110,23,75,6,69,26,1,124,68,98,132"/><V100/><F72/><W0/><G75/><T59/><D114/><U40/><E116/><V17/><F107/><W62/><G110/><T131/><D108/><U80/><E35/><V82/><F111/><W102/><G124/><T103/><D131/><U126/><E126/><V87/><F128/><W55/><G132/><T95/><D104/><U30/><E105/><V21/><F4/><W51/><G7/><T10/><D20/><N who="1" m="15623" /><E106/><V71/><F71/><W101/><G68/><T32/><D32/><U49/><E80/><V119/><F119/><W36/><G36/><T29/><D29/><U92/><E81/><V109/><F109/><W129/><G129/><T96/><D47/><U64/><E41/><V61/><F34/><W121/><G121/><T43/><D43/><U112/><E112/><V12/><F33/><W90/><G6/><T25/><D25/><U50/><E50/><V73/><F73/><W5/><G5/><T70/><D70/><U15/><E15/><V39/><F39/><N who="0" m="14858" /><D13/><U135/><E135/><V16/><F17/><W118/><G118/><T60/><D48/><U122/><E122/><V127/><F127/><W120/><G120/><T134/><D134/><U45/><E45/><V123/><F123/><W3/><G69/><T91/><D103/><U89/><E89/><N who="2" m="53551" /><F100/><W19/><G101/><T74/><D74/><U14/><E14/><V28/><F28/><W22/><G102/><T130/><D130/><U79/><E79/><N who="2" m="46559" /><F115/><W27/><G3/><T97/><D97/><AGARI ba="1,0" hai="40,42,46,49,52,64,65,66,88,92,97" m="15623" machi="97" ten="30,3900,0" yaku="8,1,54,2" doraHai="58" who="1" fromWho="0" sc="258,-42,275,42,272,0,195,0" /><INIT seed="3,0,0,0,3,37" ten="216,317,272,195" oya="3" hai0="109,17,95,3,120,93,106,134,121,115,24,92,10" hai1="67,36,82,64,16,105,76,131,55,132,60,89,96" hai2="69,127,39,51,33,135,62,5,22,117,107,90,87" hai3="18,2,108,71,42,19,8,29,46,61,15,12,63"/><W65/><G2/><T13/><D106/><U50/><E36/><V75/><F33/><W48/><G108/><T44/><D109/><U101/><E89/><V53/><F39/><W111/><G111/><T112/><D134/><U98/><E98/><V94/><F117/><W102/><G29/><T74/><D74/><U35/><E35/><V133/><F75/><W81/><G102/><T58/><D44/><U118/><E132/><N who="2" m="50763" /><F107/><W83/><REACH who="3" step="1"/><G63/><REACH who="3" ten="216,317,272,185" step="2"/><T124/><D3/><U128/><E60/><V130/><F62/><W113/><G113/><N who="0" m="43595" /><D124/><U45/><E118/><V99/><F127/><W116/><G116/><T34/><D58/><U114/><E114/><V119/><F119/><W14/><G14/><T47/><D47/><U68/><E128/><V21/><F130/><W23/><AGARI ba="0,1" hai="8,12,15,18,19,23,42,46,48,61,65,71,81,83" machi="23" ten="20,7800,0" yaku="1,1,0,1,7,1,52,1,53,0" doraHai="37" doraHaiUra="84" who="3" fromWho="3" sc="216,-26,317,-26,272,-26,185,88" /><INIT seed="3,1,0,3,5,40" ten="190,291,246,273" oya="3" hai0="32,21,43,105,42,15,37,132,70,126,58,41,74" hai1="83,116,84,59,64,78,71,47,125,26,119,52,80" hai2="96,67,134,22,68,8,6,99,86,131,72,54,89" hai3="81,110,117,25,14,17,115,18,56,36,106,38,60"/><W128/><G115/><T100/><D32/><U9/><E125/><V10/><F72/><W103/><G117/><N who="1" m="45130" /><E47/><V133/><F131/><W65/><G128/><T82/><D126/><U48/><E26/><V104/><F54/><W118/><G118/><T11/><D132/><N who="2" m="50794" /><F22/><W20/><G110/><T130/><D130/><U129/><E129/><V19/><F104/><W135/><G135/><T79/><D37/><U34/><E34/><V13/><F67/><W23/><G81/><T102/><D41/><U123/><E9/><V77/><F77/><W66/><G66/><T45/><D42/><U4/><E4/><V111/><F68/><W75/><G75/><T57/><D43/><U62/><E83/><N who="2" m="49375" /><F111/><W51/><G51/><T94/><D82/><U31/><E31/><V33/><F33/><W108/><G108/><T44/><D79/><U73/><E73/><V93/><F93/><W16/><G18/><T28/><D28/><U124/><E124/><V61/><F61/><W90/><G90/><T69/><D74/><U1/><E123/><V101/><F101/><W63/><G63/><T113/><D113/><U114/><E114/><V24/><F24/><W55/><G65/><T91/><D11/><U0/><AGARI ba="1,0" hai="0,1,48,52,59,62,64,71,78,80,84" m="45130" machi="0" ten="30,2000,0" yaku="12,1,54,1" doraHai="40" who="1" fromWho="1" sc="190,-6,291,23,246,-6,273,-11" owari="184,-31.6,314,41.4,240,-16.0,262,6.2" /></mjloggm>