<mjloggm ver="2.3"><GO type="169" lobby="0"/><UN n0="%E4%B8%9E%E9%A3%9B" n1="%63%61%72%6C%6F%73%6E" n2="%56%45%54%54%45%4C" n3="%E3%81%93%E3%81%AB" dan="16,17,16,16" rate="2088.55,2203.90,2117.22,2158.29" sx="F,M,M,M"/><TAIKYOKU oya="0"/><INIT seed="0,0,0,3,2,4" ten="250,250,250,250" oya="0" hai0="51,39,71,0,79,69,86,116,102,53,126,108,127" hai1="125,45,91,41,74,12,32,52,65,25,120,113,123" hai2="22,134,5,62,90,133,70,48,112,57,107,84,122" hai3="129,34,2,131,81,93,38,58,23,128,24,47,37"/><T55/><D0/><U3/><E3/><V130/><F122/><W104/><G104/><T46/><D39/><U78/><E65/><V82/><F112/><W26/><G2/><T63/><D116/><U80/><E113/><V97/><F130/><W72/><G58/><T54/><D108/><U6/><E125/><V56/><F5/><W59/><G59/><T21/><D102/><U98/><E41/><V111/><F111/><W76/><G93/><T16/><D79/><U17/><E6/><V96/><F22/><W42/><G34/><T99/><D86/><U35/><E91/><V95/><F107/><W20/><G38/><T135/><D99/><U103/><E25/><AGARI ba="0,0" hai="20,23,24,25,26,37,42,47,72,76,81,128,129,131" machi="25" ten="40,1300,0" yaku="19,1" doraHai="4" who="3" fromWho="1" sc="250,0,250,-13,250,0,250,13" /><INIT seed="1,0,0,1,4,83" ten="250,237,250,263" oya="1" hai0="55,76,33,85,114,82,66,93,80,48,1,134,105" hai1="35,0,12,19,5,133,53,119,20,64,113,67,101" hai2="25,106,132,9,88,50,103,89,87,45,51,47,40" hai3="98,86,32,115,65,79,52,56,49,62,94,10,90"/><U4/><E113/><V70/><F132/><W118/><G115/><T78/><D33/><U54/><E119/><V73/><F73/><W7/><G118/><T84/><D134/><U8/><E133/><V41/><F70/><W14/><G32/><T68/><D1/><U111/><E5/><V121/><F121/><W135/><G135/><T34/><D114/><U58/><E111/><V95/><F25/><W131/><G131/><T127/><D34/><U97/><E35/><V11/><REACH who="2" step="1"/><F89/><REACH who="2" ten="250,237,240,263" step="2"/><W81/><REACH who="3" step="1"/><G49/><REACH who="3" ten="250,237,240,253" step="2"/><T17/><D127/><U104/><REACH who="1" step="1"/><E54/><AGARI ba="0,2" hai="7,10,14,52,54,56,62,65,79,81,86,90,94,98" machi="54" ten="40,8000,1" yaku="1,1,2,1,8,1,52,1,54,1,53,0" doraHai="83" doraHaiUra="102" who="3" fromWho="1" sc="250,0,237,-80,240,0,253,100" /><INIT seed="2,0,0,5,5,100" ten="250,157,240,353" oya="2" hai0="54,117,30,131,86,49,45,46,2,26,14,112,37" hai1="130,91,61,109,52,127,95,19,82,115,72,24,124" hai2="56,42,84,50,88,66,85,41,121,8,21,48,62" hai3="74,125,105,126,101,134,7,83,87,9,73,123,81"/><V116/><F116/><W10/><G123/><T135/><D2/><U118/><E118/><V33/><F121/><W29/><G29/><T60/><D131/><U75/><E115/><V97/><F33/><W16/><G134/><T23/><D135/><U90/><E130/><V5/><F21/><W119/><G119/><T28/><D112/><U11/><E109/><V113/><F113/><W17/><G101/><T76/><D117/><U38/><E38/><V128/><F128/><W4/><G87/><N who="2" m="33353" /><F8/><W96/><G96/><T70/><D28/><U94/><E11/><V31/><F5/><W67/><G67/><T99/><D99/><U40/><E40/><N who="2" m="15467" /><F31/><W15/><G15/><T32/><D37/><U25/><E19/><V39/><F39/><W133/><G133/><T93/><D14/><U78/><E78/><V53/><F66/><W59/><G59/><T44/><D32/><U35/><E35/><V122/><F122/><W13/><G13/><T64/><REACH who="0" step="1"/><D93/><AGARI ba="0,0" hai="48,50,53,56,62,88,93,97" m="15467,33353" machi="93" ten="30,2900,0" yaku="8,1,54,1" doraHai="100" who="2" fromWho="0" sc="250,-29,157,0,240,29,353,0" /><INIT seed="2,1,0,1,4,15" ten="221,157,269,353" oya="2" hai0="134,45,24,63,47,9,33,20,101,51,75,70,48" hai1="83,44,110,106,100,123,122,46,19,119,127,0,35" hai2="34,40,111,18,135,128,120,12,3,23,112,11,97" hai3="32,39,53,5,14,26,76,27,104,61,57,41,43"/><V77/><F112/><W82/><G104/><T91/><D75/><U108/><E119/><V132/><F120/><N who="1" m="46121" /><E35/><V30/><F77/><W98/><G98/><T55/><D134/><N who="2" m="51242" /><F40/><W99/><G99/><T94/><D33/><U125/><E0/><V22/><F97/><W79/><G79/><T37/><D9/><U58/><E100/><V2/><F128/><W64/><G64/><T59/><D101/><U8/><E106/><V87/><F87/><N who="3" m="48583" /><G39/><T52/><D70/><U113/><E83/><V86/><F86/><W73/><G73/><T80/><D37/><U107/><E58/><V85/><F85/><W121/><G121/><T49/><D80/><U71/><E107/><V126/><F126/><N who="1" m="48137" /><E71/><V29/><F111/><N who="1" m="42537" /><E113/><V118/><F118/><W4/><G32/><T54/><D94/><U92/><E92/><V38/><F38/><W90/><G57/><T1/><D1/><N who="2" m="10" /><F34/><W10/><G90/><T96/><D91/><U130/><E130/><V60/><F60/><W50/><G61/><T62/><D96/><U89/><E89/><V116/><F116/><W124/><G124/><T109/><D109/><U114/><E114/><V17/><F23/><W25/><G10/><T16/><AGARI ba="1,0" hai="16,20,24,45,47,48,49,51,52,54,55,59,62,63" machi="16" ten="20,12000,2" yaku="0,1,7,1,9,1,8,1,52,1,54,2" doraHai="15" who="0" fromWho="0" sc="221,123,157,-31,269,-61,353,-31" /><INIT seed="3,0,0,0,1,55" ten="344,126,208,322" oya="3" hai0="22,62,7,96,77,6,109,60,32,82,90,71,104" hai1="50,81,70,11,119,108,98,33,20,91,125,72,99" hai2="66,29,135,24,26,46,69,15,4,3,59,129,107" hai3="86,16,118,76,40,101,0,65,49,88,63,9,67"/><W53/><G118/><T123/><D32/><U132/><E33/><V45/><F69/><W115/><G115/><T19/><D109/><U44/><E70/><V83/><F129/><W97/><G76/><T114/><D123/><U111/><E119/><V116/><F3/><W87/><G40/><T54/><D114/><U105/><E125/><V85/><F107/><W102/><G0/><T68/><D71/><U10/><E20/><V13/><F116/><W61/><G97/><T57/><D104/><U117/><E117/><V112/><F135/><W37/><G37/><T94/><D62/><N who="3" m="23561" /><G87/><T93/><D93/><U25/><E132/><V130/><F85/><W14/><G65/><T103/><D103/><U126/><E126/><V95/><F66/><W74/><G74/><T73/><REACH who="0" step="1"/><D68/><REACH who="0" ten="334,126,208,322" step="2"/><U27/><E105/><V133/><F112/><W41/><G67/><T39/><D39/><U92/><E111/><V58/><F133/><W38/><G38/><T12/><AGARI ba="0,1" hai="6,7,12,19,22,54,57,60,73,77,82,90,94,96" machi="12" ten="20,8000,1" yaku="1,1,0,1,7,1,52,1,53,1" doraHai="55" doraHaiUra="79" who="0" fromWho="0" sc="334,90,126,-20,208,-20,322,-40" /><INIT seed="4,0,0,1,1,0" ten="424,106,188,282" oya="0" hai0="93,129,28,39,11,125,79,23,37,33,6,95,59" hai1="38,50,24,130,124,104,62,42,60,70,56,57,46" hai2="121,64,26,32,111,18,40,48,113,63,119,29,134" hai3="135,49,69,98,127,87,2,84,54,105,83,102,107"/><T14/><D125/><U86/><E104/><V7/><F121/><W4/><G127/><T66/><D129/><U65/><E124/><V67/><F111/><W82/><G135/><T27/><D79/><U19/><E19/><V35/><F134/><W96/><G69/><T72/><D72/><U9/><E24/><V122/><F122/><W77/><G2/><T116/><D116/><U10/><E130/><V97/><F67/><W25/><G25/><T44/><D33/><U89/><E38/><V12/><F113/><W101/><G4/><T1/><D1/><U73/><E73/><V99/><F35/><W94/><G49/><T85/><D37/><U55/><REACH who="1" step="1"/><E70/><REACH who="1" ten="424,96,188,282" step="2"/><V90/><F119/><W74/><G54/><T8/><D39/><U13/><E13/><V78/><F12/><W128/><G128/><T21/><D14/><U118/><E118/><V20/><F18/><W43/><G43/><T75/><D27/><U53/><E53/><V81/><F26/><W114/><G114/><T45/><D75/><U88/><E88/><V131/><F90/><N who="3" m="51479" /><G74/><T91/><D91/><U132/><E132/><V41/><F40/><W112/><G112/><T103/><D28/><U15/><E15/><V30/><F29/><W16/><G16/><T5/><D103/><U76/><E76/><V58/><F30/><W115/><G115/><T126/><D126/><U123/><E123/><V61/><F78/><W110/><G110/><T17/><D17/><U36/><E36/><V106/><F131/><W71/><G71/><T109/><D109/><U68/><E68/><V22/><F41/><RYUUKYOKU ba="0,1" sc="424,-15,96,15,188,-15,282,15" hai1="9,10,42,46,50,55,56,57,60,62,65,86,89" hai3="77,83,87,94,96,98,101,102,105,107" /><INIT seed="5,1,1,0,5,35" ten="409,111,173,297" oya="1" hai0="44,28,115,43,108,39,19,20,76,29,34,135,123" hai1="81,85,25,75,126,32,124,79,62,88,89,59,6" hai2="114,78,33,116,16,99,90,48,94,133,64,53,105" hai3="3,92,52,121,9,2,40,98,118,134,8,15,103"/><U109/><E109/><V72/><F116/><W58/><G121/><T102/><D108/><U131/><E131/><V93/><F133/><W11/><G134/><T113/><D135/><U41/><E41/><V104/><F33/><W57/><G118/><T128/><D128/><U127/><E6/><V67/><F114/><W80/><G40/><T120/><D76/><U112/><E112/><N who="0" m="43081" /><D102/><U83/><E89/><V38/><F38/><W51/><G80/><T91/><D91/><U1/><E1/><V87/><F72/><W95/><G15/><N who="0" m="9343" /><D34/><U71/><E71/><V21/><F104/><W82/><G82/><T107/><D107/><U111/><E111/><V69/><F105/><W100/><G58/><T26/><D26/><U46/><E46/><N who="2" m="27799" /><F69/><W4/><G4/><T7/><D7/><U68/><E68/><V10/><F10/><W47/><G57/><T36/><D36/><U42/><E42/><V60/><F60/><W132/><G132/><T66/><D66/><N who="1" m="39263" /><E32/><V13/><F78/><W30/><G30/><AGARI ba="1,1" hai="28,29,30,39,43,44,120,123" m="9343,43081" machi="30" ten="30,1000,0" yaku="15,1" doraHai="35" who="0" fromWho="3" sc="409,23,111,0,173,0,297,-13" /><INIT seed="6,0,0,2,3,48" ten="432,111,173,284" oya="2" hai0="31,23,135,19,25,56,46,60,4,105,18,52,101" hai1="107,38,58,83,126,71,117,88,7,67,13,90,8" hai2="122,82,116,114,76,91,69,34,124,12,72,49,10" hai3="61,17,118,3,75,9,68,121,55,40,97,1,115"/><V29/><F122/><W94/><G121/><T41/><D135/><U45/><E117/><V22/><F116/><W42/><G75/><T129/><D129/><U134/><E107/><V35/><F69/><W81/><G81/><T15/><D105/><U11/><E134/><V103/><F114/><W92/><G118/><T14/><D101/><U130/><E130/><V79/><F124/><W106/><G106/><T73/><D73/><U54/><E126/><V53/><F79/><W108/><G108/><T85/><D85/><U21/><E21/><V66/><F66/><W80/><G80/><T102/><D102/><U100/><E100/><V26/><F91/><W62/><G17/><T57/><D57/><U133/><E83/><V33/><F103/><W65/><G9/><T27/><D4/><U5/><E71/><V96/><F96/><W77/><G65/><T93/><D93/><U132/><E132/><V30/><F30/><W36/><G36/><T78/><D78/><U70/><E70/><V125/><F125/><W120/><G68/><T16/><D27/><U104/><E104/><V89/><F89/><W84/><G77/><T119/><D119/><U43/><E67/><V2/><F2/><W39/><G97/><T86/><D86/><U110/><E110/><V128/><F128/><W123/><G84/><T127/><D127/><U99/><E99/><V63/><F63/><W6/><G115/><T37/><AGARI ba="0,0" hai="14,15,16,18,19,23,25,31,37,41,46,52,56,60" machi="37" ten="30,7900,0" yaku="0,1,52,1,54,2" doraHai="48" who="0" fromWho="0" sc="432,79,111,-20,173,-39,284,-20" /><INIT seed="7,0,0,5,4,87" ten="511,91,134,264" oya="3" hai0="106,103,39,78,8,27,91,86,62,66,83,134,125" hai1="84,97,72,5,122,118,101,14,100,24,127,59,114" hai2="126,57,80,133,43,4,75,18,102,123,11,60,124" hai3="53,111,96,23,132,105,130,47,20,61,131,54,67"/><W73/><G73/><T76/><D39/><U88/><E118/><V117/><F117/><W16/><G111/><T112/><D125/><N who="2" m="48234" /><F133/><W38/><G132/><T110/><D110/><U2/><E127/><V85/><F123/><W120/><G38/><T7/><D112/><U94/><E122/><V92/><F43/><W13/><G120/><T49/><D27/><U50/><E72/><V48/><F48/><W77/><G77/><T113/><D113/><U99/><E2/><N who="2" m="407" /><F18/><W58/><G16/><T121/><D121/><U90/><E114/><V55/><F75/><W17/><G17/><T107/><D76/><U3/><E3/><V104/><F104/><W36/><G105/><T21/><D21/><U98/><E24/><V109/><F109/><W6/><G36/><T63/><D103/><N who="1" m="39499" /><E50/><V41/><F41/><W51/><G51/><T1/><D91/><N who="1" m="53607" /><E59/><V46/><F46/><W12/><G47/><T45/><D62/><U35/><E35/><V93/><F102/><W30/><G61/><T119/><D119/><U10/><AGARI ba="0,0" hai="5,10,14,88,90,97,98,99" m="53607,39499" machi="10" ten="30,8000,1" yaku="8,1,52,3,54,1" doraHai="87" who="1" fromWho="1" sc="511,-20,91,80,134,-20,264,-40" owari="491,59.1,171,-22.9,114,-38.6,224,2.4" /></mjloggm>