<mjloggm ver="2.3"><GO type="169" lobby="0"/><UN n0="%E3%81%97%E3%82%82%E3%82%93%E3%81%AC" n1="%E3%81%A8%E3%82%8D%E3%82%8D%E3%81%9D%E3%81%B0" n2="%54%4F%52" n3="%E3%82%89%E3%81%84%E3%81%B5%E3%81%8C%E3%83%BC%E3%81%A9%E3%81%99%E3%81%8D" dan="16,17,16,17" rate="2160.46,2245.68,2147.37,2097.62" sx="M,M,M,M"/><TAIKYOKU oya="0"/><INIT seed="0,0,0,4,0,94" ten="250,250,250,250" oya="0" hai0="78,30,63,21,74,109,61,1,32,20,37,41,62" hai1="51,115,24,7,70,132,129,66,93,114,6,128,126" hai2="92,82,64,4,40,83,79,58,122,116,65,108,56" hai3="8,34,11,10,111,106,15,77,23,0,3,80,97"/><T103/><D1/><U125/><E70/><V134/><F122/><W17/><G111/><T86/><D74/><U117/><E117/><V104/><F104/><W119/><G119/><T25/><D109/><U101/><E66/><V16/><F116/><W121/><G121/><T33/><D33/><U26/><E51/><V48/><F108/><W59/><G34/><T55/><D55/><U85/><E85/><V113/><F113/><N who="1" m="43017" /><E93/><V88/><F4/><N who="1" m="1577" /><E101/><V31/><F64/><W19/><G59/><N who="2" m="22569" /><F65/><W50/><G50/><T2/><D2/><U44/><E44/><N who="2" m="25607" /><F79/><W45/><G45/><T75/><D75/><U87/><E87/><N who="2" m="52255" /><F31/><W29/><G29/><T96/><D37/><U67/><E67/><V130/><F130/><N who="1" m="50281" /><E132/><V28/><F134/><W95/><G106/><T90/><D78/><U36/><E36/><V49/><F49/><W53/><G0/><T133/><D41/><U110/><E110/><V22/><F28/><W57/><G3/><T127/><D133/><U27/><AGARI ba="0,0" hai="24,26,27,125,126" m="50281,1577,43017" machi="27" ten="40,12000,2" yaku="28,2,11,1,19,1,34,2" doraHai="94" who="1" fromWho="1" sc="250,-60,250,120,250,-30,250,-30" /><INIT seed="1,0,0,2,0,62" ten="190,370,220,220" oya="1" hai0="5,124,87,29,22,95,30,114,46,26,84,57,20" hai1="36,34,85,4,119,128,3,80,52,91,89,123,100" hai2="17,92,72,110,127,131,75,51,71,9,2,7,78" hai3="81,132,121,133,60,125,24,50,74,66,12,118,14"/><U32/><E119/><V83/><F110/><W43/><G121/><T33/><D124/><U28/><E123/><V115/><F115/><W99/><G125/><T15/><D114/><U68/><E36/><V48/><F127/><W97/><G118/><T0/><D46/><U134/><E128/><V10/><F131/><W53/><G43/><T135/><D135/><N who="3" m="51785" /><G24/><N who="0" m="18599" /><D57/><U64/><E134/><V108/><F108/><W1/><G1/><T112/><D95/><U8/><E100/><V104/><F104/><W47/><G74/><T35/><D84/><U103/><E103/><V65/><F72/><W18/><G81/><T19/><D87/><U120/><E120/><V82/><F82/><W59/><G18/><T40/><D40/><U105/><E105/><V49/><F92/><W109/><G109/><T11/><D112/><U61/><E28/><V44/><F44/><W113/><G113/><T69/><D69/><U23/><E23/><AGARI ba="0,0" hai="0,5,11,15,19,20,22,23,26,30,35" m="18599" machi="23" ten="30,12000,2" yaku="24,1,35,5" doraHai="62" who="0" fromWho="1" sc="190,120,370,-120,220,0,220,0" /><INIT seed="2,0,0,5,4,5" ten="310,250,220,220" oya="2" hai0="133,102,30,58,9,2,49,134,109,53,26,96,15" hai1="135,16,83,14,27,71,32,87,0,127,59,18,118" hai2="97,111,81,48,68,12,90,47,108,75,131,104,100" hai3="7,28,33,72,66,65,132,34,122,24,4,11,44"/><V112/><F112/><W70/><G122/><T19/><D109/><N who="2" m="42058" /><F68/><W20/><G72/><T61/><D2/><U74/><E71/><V31/><F131/><W115/><G115/><T46/><D96/><U73/><E118/><V126/><F126/><W6/><G132/><T98/><D98/><U21/><E127/><V57/><F31/><W50/><G70/><T41/><REACH who="0" step="1"/><D102/><REACH who="0" ten="300,250,220,220" step="2"/><U82/><E0/><V22/><F97/><W93/><G34/><AGARI ba="0,1" hai="9,15,19,26,30,34,41,46,49,53,58,61,133,134" machi="34" ten="40,5200,0" yaku="1,1,2,1,52,1,53,0" doraHai="5" doraHaiUra="3" who="0" fromWho="3" sc="300,62,250,0,220,0,220,-52" /><INIT seed="3,0,0,0,3,80" ten="362,250,220,168" oya="3" hai0="21,68,57,44,83,55,122,128,134,30,52,126,88" hai1="11,20,78,79,81,106,87,18,53,64,24,84,15" hai2="33,61,40,71,77,10,63,42,12,75,103,110,89" hai3="124,5,4,119,97,99,36,135,118,111,100,130,117"/><W6/><G36/><T50/><D122/><U17/><E106/><V113/><F113/><W39/><G39/><T127/><D68/><U120/><E120/><V25/><F110/><W114/><G114/><T54/><D128/><U23/><E64/><V66/><F103/><W35/><G130/><T133/><D30/><U94/><E53/><N who="0" m="20585" /><D21/><U101/><E101/><V82/><F61/><W31/><G111/><T116/><D116/><U102/><E102/><V28/><REACH who="2" step="1"/><F89/><REACH who="2" ten="362,250,210,168" step="2"/><W72/><G119/><T108/><D108/><U0/><E0/><V59/><F59/><W74/><G118/><T1/><D1/><U115/><E115/><V46/><F46/><W60/><G117/><T43/><D88/><N who="1" m="53511" /><E11/><V16/><AGARI ba="0,1" hai="10,12,16,25,28,33,40,42,63,66,71,75,77,82" machi="16" ten="20,5200,0" yaku="1,1,0,1,7,1,54,1,53,0" doraHai="80" doraHaiUra="129" who="2" fromWho="2" sc="362,-13,250,-13,210,62,168,-26" /><INIT seed="4,0,0,4,1,38" ten="349,237,272,142" oya="0" hai0="23,128,10,86,80,96,70,72,76,17,73,49,97" hai1="65,3,119,9,135,112,25,6,115,22,51,24,62" hai2="26,93,16,11,28,89,101,124,92,34,133,43,81" hai3="21,14,60,74,84,88,0,110,75,87,50,2,127"/><T5/><D70/><U57/><E119/><V106/><F106/><W100/><G110/><T113/><D113/><N who="1" m="43595" /><E135/><V52/><F133/><W67/><G127/><T123/><D123/><U47/><E22/><N who="2" m="15447" /><F124/><W125/><G100/><T91/><D128/><U44/><E44/><V32/><F32/><W122/><G122/><T94/><D96/><U53/><AGARI ba="0,0" hai="3,6,9,24,25,47,51,53,57,62,65" m="43595" machi="53" ten="30,2000,0" yaku="15,1,11,1" doraHai="38" who="1" fromWho="1" sc="349,-10,237,20,272,-5,142,-5" /><INIT seed="5,0,0,2,2,133" ten="339,257,267,137" oya="1" hai0="129,58,59,56,68,0,48,41,123,36,104,1,19" hai1="114,43,3,65,29,22,40,35,131,127,82,124,126" hai2="87,30,80,14,12,86,120,95,107,9,64,67,62" hai3="79,116,21,85,92,44,121,135,103,88,17,110,32"/><U102/><E114/><V38/><F107/><W128/><G110/><T100/><D104/><U132/><E132/><V34/><F38/><W74/><G135/><T66/><D100/><U7/><E131/><V37/><F37/><W69/><G128/><T57/><D19/><U125/><N who="1" m="31744" /><DORA hai="46" /><U5/><E35/><V47/><F120/><W94/><G32/><T134/><D134/><U111/><E111/><V97/><F47/><W20/><G69/><T33/><D33/><U8/><E102/><V52/><F30/><W106/><G94/><T18/><D18/><U84/><E65/><N who="2" m="25163" /><F34/><W75/><G116/><T54/><D129/><U45/><E7/><N who="2" m="3135" /><F14/><W25/><G121/><T109/><D109/><U42/><E22/><V27/><F27/><W117/><G117/><T24/><D24/><U115/><E115/><V113/><F113/><W112/><G112/><T70/><D123/><U10/><E10/><V90/><F80/><W13/><G21/><T53/><D70/><U60/><E60/><V2/><F2/><W51/><G25/><T81/><D0/><U76/><E29/><V16/><F16/><W101/><G106/><T50/><D1/><U77/><E77/><V28/><F28/><W31/><G31/><T130/><D130/><U91/><E76/><V11/><F11/><W26/><G26/><T6/><D68/><U96/><E96/><V108/><F108/><W39/><G79/><T63/><D63/><U105/><E105/><V122/><F122/><W89/><G20/><T49/><D66/><U72/><E72/><V4/><F4/><W118/><G74/><RYUUKYOKU ba="0,0" sc="339,-15,257,15,267,15,137,-15" hai1="3,5,8,40,42,43,45,82,84,91" hai2="52,62,86,87,90,95,97" /><INIT seed="5,1,0,1,3,67" ten="324,272,282,122" oya="1" hai0="127,124,56,120,5,6,77,92,12,46,57,32,133" hai1="4,34,99,43,18,89,123,79,82,112,68,75,27" hai2="13,97,65,59,106,52,0,9,8,88,11,134,102" hai3="96,33,64,54,63,29,42,86,30,24,119,15,21"/><U101/><E123/><V44/><F134/><W104/><G119/><T100/><D133/><U53/><E112/><V71/><F0/><W31/><G42/><T39/><D32/><U114/><E114/><V40/><F65/><W10/><G54/><T83/><D120/><U22/><E34/><V45/><F71/><W2/><G86/><T80/><D46/><U130/><E130/><V91/><F13/><W116/><G116/><T84/><D39/><U129/><E129/><V58/><F58/><N who="0" m="22634" /><D12/><U94/><E43/><V105/><F105/><W23/><G23/><T1/><D1/><U3/><E53/><V37/><REACH who="2" step="1"/><F44/><REACH who="2" ten="324,272,272,122" step="2"/><W115/><G115/><T62/><D127/><U93/><E68/><V41/><F41/><W103/><G2/><T81/><D124/><U125/><E125/><V25/><F25/><W85/><G64/><T60/><D77/><U76/><E76/><V74/><F74/><W61/><G61/><AGARI ba="1,1" hai="8,9,11,37,40,45,52,59,61,88,91,97,102,106" machi="61" ten="40,5200,0" yaku="1,1,54,2,53,0" doraHai="67" doraHaiUra="132" who="2" fromWho="3" sc="324,0,272,0,272,65,122,-55" /><INIT seed="6,0,0,1,2,2" ten="324,272,337,67" oya="2" hai0="62,20,26,18,17,71,121,113,76,22,80,114,77" hai1="84,73,38,12,81,15,123,133,35,108,86,52,69" hai2="64,106,93,59,31,14,6,45,46,82,42,79,100" hai3="104,130,40,0,27,60,7,88,119,102,16,110,78"/><V53/><F106/><W92/><G119/><T41/><D121/><U91/><E108/><V49/><F31/><W115/><G110/><T11/><D41/><U33/><E73/><V56/><F64/><W99/><G40/><T47/><D47/><U74/><E74/><V34/><F34/><W4/><G0/><T44/><D44/><U117/><E38/><V65/><F65/><W10/><G130/><T98/><D98/><U101/><E69/><V122/><F122/><W54/><G78/><T85/><D76/><U32/><E117/><V120/><F120/><W23/><G10/><T103/><D103/><U50/><E133/><V28/><F28/><W96/><G115/><N who="0" m="44043" /><D11/><U90/><E101/><V107/><F107/><W1/><REACH who="3" step="1"/><G1/><REACH who="3" ten="324,272,337,57" step="2"/><T48/><D77/><U29/><E123/><V129/><F129/><W25/><G25/><T21/><D26/><U36/><E36/><V37/><F79/><W132/><G132/><T111/><D111/><U70/><E70/><V8/><REACH who="2" step="1"/><F82/><REACH who="2" ten="324,272,327,57" step="2"/><W55/><G55/><T9/><D80/><U72/><E72/><V68/><F68/><W58/><AGARI ba="0,2" hai="4,7,16,23,27,54,58,60,88,92,96,99,102,104" machi="58" ten="30,16000,3" yaku="1,1,0,1,25,2,52,2,54,2,53,0" doraHai="2" doraHaiUra="134" who="3" fromWho="3" sc="324,-40,272,-40,327,-80,57,180" /><INIT seed="7,0,0,1,2,58" ten="284,232,247,237" oya="3" hai0="80,25,107,8,61,98,32,131,14,84,0,47,28" hai1="132,125,122,119,75,12,33,53,71,18,95,57,74" hai2="108,130,134,81,13,67,113,10,26,126,93,102,72" hai3="59,64,4,54,39,19,89,16,83,52,116,46,2"/><W21/><G116/><T103/><D131/><U97/><E122/><V85/><F108/><W104/><G104/><T128/><D128/><U133/><E71/><V88/><F130/><W112/><G112/><T22/><D0/><U45/><E45/><V106/><F113/><W79/><G89/><T51/><D61/><N who="1" m="36015" /><E33/><V109/><F109/><W86/><G64/><T111/><D111/><U96/><E125/><V56/><F134/><N who="1" m="51817" /><E119/><V121/><F121/><W55/><G59/><T36/><D36/><U76/><E76/><N who="2" m="44167" /><F26/><W29/><G29/><T77/><D32/><U101/><E97/><N who="2" m="61775" /><F126/><W82/><G82/><T62/><D62/><U15/><E15/><V99/><F99/><W114/><G114/><T17/><D47/><U44/><E44/><V70/><F70/><W1/><G1/><T127/><D127/><U73/><E73/><V3/><F3/><W91/><G2/><T69/><D69/><U35/><E35/><V100/><F56/><W7/><G79/><T38/><D38/><U90/><E101/><V124/><F100/><W123/><G123/><T40/><REACH who="0" step="1"/><D51/><REACH who="0" ten="274,232,247,237" step="2"/><U87/><E96/><V92/><F124/><W129/><G129/><T94/><D94/><U37/><E37/><V135/><F93/><W65/><G39/><T120/><D120/><U49/><E49/><V20/><F135/><W110/><G110/><T43/><AGARI ba="0,1" hai="8,14,17,22,25,28,40,43,77,80,84,98,103,107" machi="43" ten="30,4000,0" yaku="1,1,0,1,53,1" doraHai="58" doraHaiUra="24" who="0" fromWho="0" sc="274,50,232,-10,247,-10,237,-20" owari="324,42.4,222,-17.8,237,3.7,217,-28.3" /></mjloggm>