<mjloggm ver="2.3"><GO type="169" lobby="0"/><UN n0="%E6%B2%B3%E7%AB%A5%E3%81%AE%E3%83%AF%E3%82%AB%E3%83%9E%E3%83%84" n1="%E3%81%8B%E3%82%81%E3%81%98%E3%82%8D%E3%81%86" n2="%E6%95%97%E5%8C%97%E8%80%85%E3%81%AD%E3%82%8B" n3="%E3%82%B7%E3%83%B3%E3%83%97%E3%83%AB%E3%81%AA%E3%83%AF%E3%82%AD%E3%82%AC" dan="17,16,17,17" rate="2175.17,2146.75,2166.26,2229.73" sx="M,M,F,M"/><TAIKYOKU oya="0"/><INIT seed="0,0,0,3,2,130" ten="250,250,250,250" oya="0" hai0="59,60,30,82,76,58,36,123,12,34,73,63,67" hai1="96,38,98,43,6,103,62,114,25,115,129,101,72" hai2="80,0,122,57,26,108,24,133,28,79,66,128,102" hai3="90,87,8,40,119,48,109,97,105,117,83,31,49"/><T70/><D123/><U9/><E129/><V74/><F122/><W77/><G31/><T121/><D121/><U7/><E72/><V89/><F128/><W11/><G11/><T88/><D36/><U93/><E43/><V116/><F0/><W39/><G39/><T2/><D2/><U53/><E38/><V71/><F71/><W124/><G48/><T126/><D126/><U131/><E131/><V54/><F108/><W22/><G22/><T23/><D34/><U112/><E25/><V106/><F66/><W21/><G21/><T17/><D30/><U134/><E134/><V69/><F69/><W104/><G8/><T51/><D51/><U110/><E110/><V37/><F37/><W4/><G4/><T65/><REACH who="0" step="1"/><D70/><REACH who="0" ten="240,250,250,250" step="2"/><U33/><E33/><V45/><F28/><W41/><G49/><T61/><D61/><U132/><E62/><V92/><F116/><W111/><G124/><T10/><D10/><U86/><E9/><V113/><F113/><W91/><G109/><T29/><D29/><U52/><E112/><V120/><F120/><W13/><G111/><T64/><D64/><U3/><E114/><V99/><F133/><W47/><G117/><T42/><D42/><U81/><E132/><V16/><F16/><W35/><G119/><T125/><D125/><U84/><E115/><V94/><F45/><W44/><G35/><T85/><D85/><U78/><E86/><N who="2" m="52279" /><F106/><W56/><G104/><T20/><D20/><U5/><REACH who="1" step="1"/><E3/><REACH who="1" ten="240,240,250,250" step="2"/><V95/><F74/><N who="3" m="43447" /><G41/><T46/><D46/><U100/><E100/><V135/><F135/><W68/><G40/><RYUUKYOKU ba="0,2" sc="240,15,240,15,250,-15,250,-15" hai0="12,17,23,58,59,60,63,65,67,73,76,82,88" hai1="5,6,7,52,53,78,81,84,93,96,98,101,103" /><INIT seed="0,1,2,0,2,90" ten="255,255,235,235" oya="0" hai0="95,99,96,115,104,56,82,135,37,97,50,80,84" hai1="93,52,65,33,7,86,36,40,46,117,106,122,29" hai2="120,51,85,9,23,126,72,31,123,103,110,17,4" hai3="6,38,118,19,8,44,13,83,124,21,101,66,16"/><T14/><D115/><U1/><E106/><V105/><F72/><W132/><G118/><T73/><D37/><U25/><E122/><V113/><F113/><W77/><G132/><T59/><D135/><U92/><E117/><V10/><F110/><W20/><G124/><T45/><D104/><U11/><E65/><V129/><F126/><W119/><G119/><T30/><D30/><U112/><E112/><V75/><F75/><W54/><G66/><T28/><D28/><U0/><E0/><V49/><F129/><W70/><G70/><T121/><D121/><U88/><E52/><V42/><F31/><W79/><G101/><T74/><D14/><U125/><E125/><V48/><F42/><W109/><G109/><T2/><D74/><U41/><REACH who="1" step="1"/><E40/><REACH who="1" ten="255,245,235,235" step="2"/><V63/><F123/><W134/><G134/><T133/><D2/><U69/><E69/><V64/><F120/><W3/><G54/><T53/><D133/><U107/><E107/><V102/><F105/><W94/><G44/><T27/><D45/><U26/><E26/><V89/><F64/><W100/><G3/><T114/><D114/><U43/><E43/><V35/><F63/><W87/><G13/><T12/><D56/><U67/><E67/><V61/><F61/><W57/><G57/><T98/><D27/><U108/><E108/><V18/><F35/><W91/><G77/><T34/><D12/><U39/><E39/><V32/><F32/><W60/><G79/><N who="0" m="44143" /><D34/><U78/><E78/><V22/><F10/><W71/><G71/><T127/><N who="0" m="24576" /><DORA hai="5" /><T62/><D127/><U76/><E76/><RYUUKYOKU ba="1,3" sc="255,-10,245,30,235,-10,235,-10" hai1="1,7,11,25,29,33,36,41,46,86,88,92,93" /><INIT seed="1,2,3,4,0,68" ten="245,275,225,225" oya="1" hai0="99,116,6,21,84,65,29,83,117,64,20,42,74" hai1="30,126,61,50,63,33,85,17,14,26,0,125,3" hai2="45,36,11,10,82,107,35,2,22,94,114,40,92" hai3="121,34,87,106,52,122,54,28,97,108,96,89,132"/><U48/><E85/><V101/><F35/><W9/><G108/><T43/><D74/><U112/><E48/><V86/><F114/><W123/><G132/><T129/><D129/><U77/><E77/><V24/><F107/><W128/><G128/><T135/><D135/><U98/><E98/><V51/><F36/><W93/><G9/><N who="2" m="3081" /><F101/><W115/><G115/><T95/><D6/><U73/><E73/><V62/><F62/><N who="1" m="23561" /><E112/><V23/><F2/><W59/><G106/><T120/><D120/><U110/><E50/><V103/><F103/><W80/><G59/><T13/><D13/><U75/><E75/><V56/><F56/><W32/><G97/><T104/><D104/><U37/><E37/><V16/><F22/><N who="0" m="8810" /><D29/><U69/><E69/><V4/><F4/><W31/><G28/><T78/><D117/><U5/><E5/><V67/><F67/><N who="0" m="25674" /><D116/><U134/><E134/><V66/><F66/><W70/><G70/><T131/><D131/><U90/><E110/><V118/><F118/><W111/><G111/><T124/><D124/><N who="1" m="47723" /><E90/><AGARI ba="2,3" hai="16,23,24,40,45,51,82,86,90,92,94" m="3081" machi="90" ten="30,2000,0" yaku="8,1,54,1" doraHai="68" who="2" fromWho="1" sc="245,0,275,-26,225,56,225,0" /><AGARI ba="2,0" hai="42,43,78,83,84,90,95,99" m="25674,8810" machi="90" ten="30,1000,0" yaku="8,1" doraHai="68" who="0" fromWho="1" sc="245,10,249,-10,281,0,225,0" /><INIT seed="2,0,0,0,4,63" ten="255,239,281,225" oya="2" hai0="122,57,8,107,132,72,82,5,101,76,25,86,10" hai1="52,119,74,92,40,35,48,41,98,102,135,33,64" hai2="59,45,65,116,15,43,93,55,28,58,88,38,4" hai3="110,90,78,12,67,128,126,134,115,103,30,129,70"/><V80/><F116/><W125/><G78/><T79/><D122/><U75/><E119/><V29/><F80/><W133/><G110/><T44/><D132/><N who="3" m="50793" /><G115/><T95/><D107/><U16/><E135/><V96/><F59/><W83/><G103/><T18/><D79/><U91/><E35/><V22/><F65/><W24/><G12/><T117/><D44/><N who="1" m="27655" /><E33/><V111/><F111/><W118/><G118/><T37/><D18/><U39/><E39/><V53/><F53/><W124/><G67/><T54/><D10/><U0/><E0/><V81/><F81/><W84/><G70/><T127/><D25/><U99/><E75/><V94/><F94/><W56/><G56/><T2/><D95/><N who="1" m="56703" /><E74/><V49/><REACH who="2" step="1"/><F22/><AGARI ba="0,0" hai="22,24,30,83,84,90,124,125,126,128,129" m="50793" machi="22" ten="40,8000,1" yaku="30,2,18,1,20,1" doraHai="63" who="3" fromWho="2" sc="255,0,239,0,281,-80,225,80" /><INIT seed="3,0,0,5,5,17" ten="255,239,201,305" oya="3" hai0="114,106,95,56,36,42,75,134,39,51,76,74,107" hai1="82,79,90,52,27,67,80,40,11,64,8,72,93" hai2="123,61,105,6,15,44,132,9,7,135,43,47,32" hai3="66,100,124,104,120,38,16,128,49,84,78,30,55"/><W112/><G112/><T14/><D114/><U4/><E40/><V102/><F32/><W133/><G120/><T71/><D71/><U12/><E82/><V50/><F123/><W70/><G38/><T81/><D75/><U68/><E68/><V92/><F105/><W89/><G30/><T31/><D134/><N who="2" m="51242" /><F61/><W111/><G78/><T118/><D118/><U1/><E27/><V22/><F44/><W69/><G133/><T97/><D39/><U129/><E129/><V99/><F22/><W21/><G124/><T46/><D31/><U115/><E115/><V18/><AGARI ba="0,0" hai="6,7,9,15,18,43,47,50,92,99,102" m="51242" machi="18" ten="30,1100,0" yaku="20,1" doraHai="17" who="2" fromWho="2" sc="255,-3,239,-3,201,11,305,-5" /><INIT seed="4,0,0,0,4,19" ten="252,236,212,300" oya="0" hai0="59,38,132,115,51,101,4,69,46,108,42,118,11" hai1="29,12,15,39,107,104,49,120,100,134,78,91,66" hai2="116,33,31,106,117,79,95,125,60,68,9,123,85" hai3="124,30,65,74,131,70,135,62,20,80,83,10,103"/><T97/><D118/><N who="2" m="45674" /><F106/><W34/><G34/><T56/><D69/><U22/><E120/><V133/><F123/><W122/><G122/><T45/><D115/><U77/><E39/><V48/><F125/><W50/><G124/><T8/><D132/><U114/><E134/><V112/><F48/><W110/><G110/><T81/><D108/><U87/><E66/><V128/><F95/><W63/><G74/><T24/><D24/><U113/><E49/><V102/><F9/><W84/><G103/><T96/><D11/><U17/><E29/><V57/><F85/><W14/><G62/><T53/><D81/><N who="1" m="49647" /><E15/><V13/><F13/><W5/><G135/><T111/><D111/><U119/><E119/><V98/><F68/><W36/><G36/><T28/><D28/><U86/><E86/><V7/><F7/><W40/><G84/><T64/><D97/><N who="1" m="61455" /><E107/><V67/><F133/><W26/><G80/><T0/><REACH who="0" step="1"/><D64/><REACH who="0" ten="242,236,212,300" step="2"/><U35/><E113/><V121/><F112/><W130/><REACH who="3" step="1"/><G83/><REACH who="3" ten="242,236,212,290" step="2"/><T58/><D58/><U129/><E114/><V75/><F121/><W37/><G37/><T44/><D44/><AGARI ba="0,2" hai="5,10,14,20,26,30,40,44,50,63,65,70,130,131" machi="44" ten="40,2600,0" yaku="1,1,52,1,53,0" doraHai="19" doraHaiUra="32" who="3" fromWho="0" sc="242,-26,236,0,212,0,290,46" /><INIT seed="5,0,0,4,2,86" ten="216,236,212,336" oya="1" hai0="57,96,32,20,132,113,128,134,4,44,5,84,50" hai1="109,127,3,46,106,19,55,62,38,119,118,11,13" hai2="130,91,83,26,68,53,90,94,73,81,59,17,0" hai3="28,47,117,8,97,87,22,29,54,108,56,101,104"/><U64/><E106/><V41/><F68/><W112/><G108/><T120/><D32/><U12/><E109/><V27/><F0/><W89/><G112/><T9/><D113/><U76/><E3/><V135/><F130/><W123/><G123/><T107/><D128/><U6/><E127/><V124/><F124/><W71/><G71/><T15/><D120/><U67/><E76/><V61/><F135/><N who="0" m="51754" /><D20/><U33/><E33/><V114/><F114/><W43/><G22/><T126/><D57/><U66/><E62/><V52/><F73/><W78/><G78/><T7/><D126/><U25/><E25/><N who="2" m="9227" /><F41/><W2/><G117/><T92/><D84/><U115/><E115/><V102/><F53/><W42/><G42/><N who="0" m="24855" /><D107/><U36/><E118/><V131/><F131/><W93/><G8/><T14/><D14/><U77/><E77/><V65/><F65/><W18/><G2/><T49/><D49/><U35/><E35/><V98/><F17/><W116/><G18/><T85/><D85/><U80/><E119/><V16/><F16/><W70/><G70/><T37/><D37/><U24/><E24/><V69/><F69/><W105/><G105/><T31/><D31/><U30/><E30/><V21/><F21/><W122/><G122/><T103/><AGARI ba="0,0" hai="4,5,7,9,15,92,96,103" m="24855,51754" machi="103" ten="30,1100,0" yaku="20,1" doraHai="86" who="0" fromWho="0" sc="216,11,236,-5,212,-3,336,-3" /><INIT seed="6,0,0,5,0,31" ten="227,231,209,333" oya="2" hai0="80,59,111,129,82,134,43,89,68,128,91,78,71" hai1="130,100,49,0,105,6,14,67,104,75,29,84,13" hai2="18,57,15,95,7,135,122,94,56,88,101,83,4" hai3="1,60,86,79,74,51,90,52,28,17,93,42,33"/><V132/><F122/><W87/><G1/><T37/><D111/><U66/><E75/><V27/><F27/><W109/><G74/><T125/><D134/><N who="2" m="51242" /><F83/><N who="3" m="47487" /><G33/><T99/><D125/><U85/><E0/><V97/><F4/><W45/><G28/><T26/><D26/><U131/><E29/><V30/><F30/><W102/><G109/><T62/><D43/><U76/><E49/><V124/><F7/><W116/><G116/><T98/><D59/><U65/><E76/><V112/><F112/><W34/><G34/><T113/><D78/><U20/><E100/><V108/><F108/><W120/><G120/><T12/><D37/><U106/><E20/><N who="2" m="11359" /><F124/><W118/><G118/><T21/><D21/><U107/><N who="1" m="26624" /><DORA hai="32" /><U22/><E6/><V5/><F5/><W19/><G102/><T47/><D12/><N who="1" m="4715" /><E22/><V8/><F8/><W40/><G60/><T73/><D62/><U44/><E44/><V36/><F36/><W69/><G69/><T16/><D73/><U119/><E119/><V50/><F50/><N who="3" m="26919" /><G42/><T103/><D103/><U117/><E117/><V70/><F70/><W10/><G10/><T115/><D16/><U63/><E63/><V77/><F77/><W25/><G25/><T23/><D23/><U58/><E58/><AGARI ba="0,0" hai="17,19,51,52,58,87,90,93" m="26919,47487" machi="58" ten="30,2000,0" yaku="8,1,54,1" doraHai="31,32" who="3" fromWho="1" sc="227,0,231,-20,209,0,333,20" /><INIT seed="7,0,0,3,4,127" ten="227,211,209,353" oya="3" hai0="72,33,86,114,22,54,66,39,58,70,119,135,115" hai1="21,78,76,100,8,108,4,132,101,50,90,83,73" hai2="14,41,109,59,45,98,20,134,6,36,12,96,93" hai3="40,105,74,110,48,102,126,55,34,1,51,57,3"/><W79/><G34/><T52/><D72/><U112/><E108/><V87/><F109/><W61/><G102/><T53/><D33/><U10/><E132/><V130/><F134/><W75/><G105/><T60/><D119/><U89/><E112/><N who="0" m="43049" /><D135/><U31/><E50/><V131/><F87/><W42/><G61/><N who="0" m="40271" /><D39/><U37/><E37/><V95/><F59/><W107/><G79/><N who="1" m="30250" /><E73/><V0/><F0/><W113/><G55/><T116/><D116/><U38/><E38/><V62/><F62/><W121/><G107/><T49/><D86/><N who="1" m="50399" /><E90/><N who="2" m="55351" /><F20/><W27/><G113/><T69/><D22/><U11/><E4/><V56/><F56/><W35/><G57/><T129/><D129/><N who="2" m="49162" /><F6/><W103/><G75/><T32/><D32/><U77/><N who="1" m="30258" /><U82/><DORA hai="46" /><E82/><V111/><F111/><W24/><G74/><T85/><D85/><U92/><E92/><V117/><F117/><W71/><G35/><T29/><D69/><U26/><AGARI ba="0,0" hai="8,10,11,21,26,31,100,101" m="50399,30258" machi="26" ten="40,1500,0" yaku="8,1" doraHai="127,46" who="1" fromWho="1" sc="227,-4,211,15,209,-4,353,-7" owari="223,-17.7,226,2.6,205,-29.5,346,44.6" /></mjloggm>