<mjloggm ver="2.3"><GO type="169" lobby="0"/><UN n0="%E3%81%97%E3%82%87%E3%81%BC%E3%82%93%EF%BD%8E" n1="%41%6E%6B%6F%61%6E%6B%6F" n2="%E3%81%97%E3%82%83%E3%82%93%E3%81%8A%E3%81%98" n3="%63%6C%75%74%63%68%37%33" dan="17,16,17,17" rate="2260.44,2145.01,2182.07,2284.53" sx="M,F,F,M"/><TAIKYOKU oya="0"/><INIT seed="0,0,0,2,4,0" ten="250,250,250,250" oya="0" hai0="59,86,61,106,125,102,128,36,63,99,93,29,90" hai1="32,44,81,13,39,23,129,91,60,114,58,40,9" hai2="94,53,48,68,74,43,17,37,18,71,67,80,30" hai3="112,108,1,98,42,24,62,119,130,41,35,12,15"/><T88/><D128/><U34/><E129/><V56/><F30/><W2/><G62/><T84/><D125/><U69/><E69/><V57/><F57/><W83/><G83/><T110/><D110/><U89/><E114/><V31/><F31/><W70/><G98/><T52/><D36/><U113/><E113/><V105/><F105/><W124/><G24/><T10/><D29/><U26/><E23/><V115/><F94/><W97/><G97/><T120/><D120/><U20/><E20/><V51/><F51/><W4/><G70/><T46/><D46/><U122/><E122/><V118/><F118/><W78/><G78/><T54/><D10/><U6/><E26/><V111/><F111/><W3/><G3/><T14/><D14/><U45/><E45/><N who="2" m="23791" /><F71/><W85/><G85/><T87/><D106/><U5/><E5/><V116/><F116/><W101/><G101/><T7/><D7/><U76/><E34/><V104/><F104/><W28/><G28/><T100/><D100/><U55/><REACH who="1" step="1"/><E32/><REACH who="1" ten="250,240,250,250" step="2"/><V134/><F115/><W22/><G22/><T79/><D79/><U96/><E96/><V16/><F134/><W19/><G35/><T11/><D11/><U107/><E107/><V64/><F68/><W25/><G25/><T73/><D73/><AGARI ba="0,1" hai="6,9,13,39,40,44,55,58,60,73,76,81,89,91" machi="73" ten="30,3900,0" yaku="1,1,7,1,52,1,53,0" doraHai="0" doraHaiUra="103" who="1" fromWho="0" sc="250,-39,240,49,250,0,250,0" /><INIT seed="1,0,0,2,0,25" ten="211,289,250,250" oya="1" hai0="102,103,88,129,45,70,117,69,114,109,17,76,78" hai1="77,89,110,40,36,106,121,113,79,7,20,83,6" hai2="47,5,24,133,93,98,107,60,32,67,50,15,62" hai3="99,127,0,118,61,38,96,73,125,124,100,90,65"/><U51/><E113/><V74/><F74/><W130/><G38/><T35/><D114/><U72/><E121/><V92/><F133/><W8/><G118/><T23/><D117/><U1/><E106/><V59/><F62/><W132/><G73/><T58/><D35/><U13/><E36/><V126/><F126/><W3/><G132/><T105/><D109/><U134/><E134/><V94/><F107/><W10/><G90/><T97/><D103/><U9/><E110/><V18/><F5/><W64/><G130/><T81/><D129/><U16/><E7/><V84/><F84/><W119/><G119/><T34/><D34/><U53/><E40/><V44/><F24/><W14/><G14/><T91/><D45/><U128/><E128/><V19/><F32/><W42/><G42/><T31/><D58/><U101/><E101/><V120/><F47/><W131/><G131/><T39/><D39/><U104/><E104/><V4/><F120/><W66/><G61/><T57/><D57/><U33/><E33/><V135/><F98/><N who="3" m="37419" /><G100/><T63/><D63/><U115/><E115/><V86/><F86/><W55/><G55/><T49/><D49/><U123/><E123/><V27/><F135/><W85/><G85/><T80/><D102/><U11/><E79/><V26/><F4/><W37/><G37/><T82/><D105/><U108/><E108/><V111/><F111/><W21/><G21/><T54/><D76/><U56/><REACH who="1" step="1"/><E20/><REACH who="1" ten="211,279,250,250" step="2"/><N who="2" m="11359" /><F19/><W75/><G75/><T2/><D17/><U116/><E116/><V122/><F122/><W68/><G68/><T112/><D69/><RYUUKYOKU ba="0,1" sc="211,-30,279,10,250,10,250,10" hai1="1,6,9,11,13,16,51,53,56,72,77,83,89" hai2="26,27,44,50,59,60,67,92,93,94" hai3="0,3,8,10,64,65,66,124,125,127" /><INIT seed="1,1,1,1,3,72" ten="181,289,260,260" oya="1" hai0="14,68,65,109,26,67,111,118,82,47,96,84,23" hai1="18,45,126,4,123,27,16,8,6,32,103,95,105" hai2="7,17,80,25,10,124,116,87,110,39,28,135,98" hai3="56,93,2,71,58,73,99,55,57,120,78,49,15"/><U66/><E105/><V89/><F116/><W52/><G120/><T37/><D118/><U83/><E123/><V30/><F39/><W36/><G2/><T106/><D14/><U12/><E126/><V29/><F124/><W100/><G36/><T132/><D132/><U94/><E66/><V48/><F135/><W35/><G35/><T92/><D106/><U50/><E83/><V79/><F110/><N who="0" m="41994" /><D47/><U38/><E38/><V128/><F128/><W34/><G34/><T9/><D9/><U125/><E125/><V91/><F98/><W70/><G15/><T86/><D86/><U43/><E32/><V113/><F113/><W22/><G22/><T119/><D68/><U108/><E108/><V129/><F129/><W33/><G33/><T133/><D133/><U88/><E95/><V134/><F134/><W121/><G121/><T63/><D63/><U104/><E103/><V59/><F59/><W69/><REACH who="3" step="1"/><G49/><REACH who="3" ten="181,289,260,250" step="2"/><T101/><D37/><U117/><E117/><V41/><F48/><W21/><G21/><T97/><D119/><U122/><E122/><V54/><F25/><W11/><G11/><T131/><D131/><U85/><E104/><V130/><F130/><W90/><G90/><N who="0" m="51479" /><D96/><U81/><E94/><V0/><F10/><W102/><G102/><T64/><D23/><AGARI ba="1,2" hai="4,6,8,12,16,18,23,27,43,45,50,81,85,88" machi="23" ten="40,7700,0" yaku="8,1,54,2" doraHai="72" who="1" fromWho="0" sc="181,-80,289,100,260,0,250,0" /><INIT seed="1,2,0,1,3,81" ten="101,389,260,250" oya="1" hai0="55,70,2,14,73,126,47,113,64,134,123,96,111" hai1="51,97,59,87,34,19,33,107,124,54,65,114,66" hai2="115,11,68,6,80,129,13,42,50,103,94,26,122" hai3="22,131,43,84,92,72,100,67,110,24,1,128,7"/><U18/><E114/><V21/><F122/><W62/><G110/><T23/><D113/><U127/><E107/><V112/><F68/><W78/><G43/><T44/><D2/><U17/><E97/><V98/><F129/><N who="3" m="49739" /><G72/><T82/><D111/><U77/><E77/><V117/><F117/><W30/><G7/><T60/><D126/><N who="1" m="48171" /><E87/><V36/><F36/><W99/><G1/><T4/><D134/><U104/><E104/><V95/><F95/><W3/><G3/><T41/><D123/><U132/><E132/><V37/><F37/><W10/><G10/><T106/><D55/><U35/><AGARI ba="2,0" hai="17,18,19,33,34,35,51,54,59,65,66" m="48171" machi="35" ten="40,2100,0" yaku="18,1" doraHai="81" who="1" fromWho="1" sc="101,-9,389,27,260,-9,250,-9" /><INIT seed="1,3,0,5,4,82" ten="92,416,251,241" oya="1" hai0="71,40,65,64,56,31,102,83,32,44,121,1,6" hai1="15,11,87,37,61,14,117,81,88,9,16,126,17" hai2="57,21,45,77,103,106,72,85,135,107,94,19,20" hai3="47,110,119,86,70,100,79,58,122,101,5,91,7"/><U23/><E37/><V120/><F120/><W89/><G70/><T8/><D121/><U111/><E126/><V41/><F135/><W53/><G122/><T92/><D71/><U96/><E117/><V48/><F72/><W134/><G134/><T34/><D83/><U109/><E61/><V128/><F128/><W104/><G110/><N who="1" m="41994" /><E96/><V105/><F103/><N who="3" m="39499" /><G47/><T124/><D56/><U55/><E55/><V98/><F98/><W51/><G104/><T13/><D124/><U4/><E23/><V73/><F73/><W52/><G53/><T24/><D32/><U84/><E84/><V127/><F127/><W38/><G38/><T131/><D131/><U80/><E80/><V115/><F57/><W67/><G67/><T35/><D35/><U54/><E54/><V66/><F66/><W93/><G79/><T22/><D92/><U43/><E4/><N who="3" m="1610" /><G119/><T29/><D102/><U113/><E113/><V69/><F115/><W10/><G91/><T50/><REACH who="0" step="1"/><D31/><REACH who="0" ten="82,416,251,241" step="2"/><U0/><E0/><V12/><F69/><W99/><G10/><T63/><D63/><U18/><E18/><AGARI ba="3,1" hai="1,6,8,13,18,22,24,29,34,40,44,50,64,65" machi="18" ten="40,5200,0" yaku="1,1,24,2,53,0" doraHai="82" doraHaiUra="76" who="0" fromWho="1" sc="82,71,416,-61,251,0,241,0" /><INIT seed="2,0,0,5,5,47" ten="153,355,251,241" oya="2" hai0="103,21,10,102,38,76,123,126,15,26,65,63,22" hai1="66,121,70,74,20,79,81,85,25,67,68,82,100" hai2="87,99,51,5,54,112,86,28,8,101,34,93,44" hai3="41,4,49,14,98,27,33,46,64,59,119,52,115"/><V0/><REACH who="2" step="1"/><F112/><REACH who="2" ten="153,355,241,241" step="2"/><W128/><G115/><T113/><D113/><U48/><E121/><V135/><F135/><W45/><G119/><T43/><D123/><U108/><E108/><V105/><F105/><W2/><G128/><T60/><D126/><U37/><E70/><V55/><F55/><W42/><G2/><T35/><D65/><U78/><E68/><V17/><F17/><W3/><G3/><T24/><D43/><U72/><E67/><V1/><F1/><W80/><G64/><T114/><D114/><U71/><E66/><V50/><F50/><W106/><G42/><T77/><D63/><U91/><E71/><V53/><F53/><W96/><G106/><T130/><D60/><U134/><E48/><V132/><F132/><W124/><G124/><T117/><D130/><U69/><E69/><V32/><F32/><W107/><G107/><T73/><D35/><U56/><E134/><V30/><F30/><W92/><G41/><T111/><D111/><U110/><E110/><V94/><F94/><W31/><G92/><T125/><D125/><U89/><E37/><V40/><F40/><W129/><G129/><T116/><D38/><U39/><E39/><V29/><F29/><W120/><G120/><T19/><D116/><U58/><E82/><V62/><F62/><W95/><G80/><T6/><D117/><U18/><E81/><V23/><F23/><W16/><G95/><T131/><D131/><U57/><E20/><V88/><F88/><W12/><G52/><T90/><D90/><U9/><E91/><V75/><F75/><W13/><G33/><RYUUKYOKU ba="0,1" sc="153,-10,355,-10,241,30,241,-10" hai2="0,5,8,28,34,44,51,54,86,87,93,99,101" /><INIT seed="2,1,1,5,1,85" ten="143,345,271,231" oya="2" hai0="83,36,23,100,91,109,5,132,63,8,61,124,67" hai1="26,52,78,102,77,75,69,116,119,126,47,45,112" hai2="108,62,50,110,39,49,43,74,90,80,34,58,3" hai3="73,22,88,57,54,64,20,123,60,134,76,82,51"/><V71/><F3/><W48/><G134/><T6/><D36/><U35/><E112/><V81/><F34/><W66/><G123/><T70/><D132/><U107/><E126/><V9/><F9/><W11/><G11/><T117/><D109/><N who="2" m="42090" /><F74/><W0/><G0/><T1/><D5/><U10/><E69/><V127/><F127/><W24/><G22/><T53/><D100/><U79/><E10/><V95/><F71/><W13/><G13/><T42/><D42/><U31/><E75/><V28/><F28/><W121/><G121/><T46/><D117/><U128/><E128/><V12/><F12/><W14/><G14/><T99/><D124/><U114/><E114/><V41/><F39/><W122/><G122/><T92/><D23/><U111/><E111/><V65/><F43/><W97/><G66/><T101/><D67/><U21/><E35/><V106/><F106/><W18/><REACH who="3" step="1"/><G64/><REACH who="3" ten="143,345,271,221" step="2"/><T96/><D70/><U125/><E125/><V129/><F129/><W30/><G30/><T72/><D1/><U38/><E31/><V17/><F17/><W15/><G15/><T4/><D4/><U44/><E21/><V37/><F37/><W113/><G113/><T59/><D6/><U94/><E38/><V93/><F65/><W130/><G130/><T120/><D120/><U135/><E135/><V27/><F27/><W104/><G104/><T55/><D8/><U84/><E107/><V86/><F50/><W19/><G19/><T131/><D131/><U98/><E26/><V16/><F49/><W40/><G40/><T87/><D61/><U115/><E115/><RYUUKYOKU ba="1,2" sc="143,-10,345,-10,271,-10,221,30" hai3="18,20,24,48,51,54,57,60,73,76,82,88,97" /><INIT seed="3,2,2,0,0,39" ten="133,335,261,251" oya="3" hai0="43,12,1,14,121,117,52,27,19,63,10,18,135" hai1="70,53,55,38,28,59,24,57,92,122,132,107,88" hai2="34,133,13,42,82,47,8,58,37,31,65,60,16" hai3="64,33,9,20,26,126,102,68,0,108,32,67,21"/><W85/><G126/><T51/><D117/><U73/><E122/><V79/><F133/><W71/><G108/><T48/><D121/><U25/><E107/><V104/><F104/><W129/><G129/><T109/><D1/><U100/><E70/><V84/><F31/><W123/><G123/><T11/><D135/><U77/><E132/><V56/><REACH who="2" step="1"/><F34/><REACH who="2" ten="133,335,251,251" step="2"/><W134/><G134/><T110/><D110/><U101/><E28/><V72/><F72/><W6/><G33/><T78/><D109/><U36/><E73/><V99/><F99/><W76/><G32/><T96/><D96/><U7/><E77/><V116/><F116/><W83/><G102/><T124/><D124/><U131/><E101/><V128/><F128/><W114/><G114/><T5/><D78/><U90/><E100/><V29/><F29/><W17/><REACH who="3" step="1"/><G21/><REACH who="3" ten="133,335,251,241" step="2"/><N who="0" m="13751" /><D43/><U94/><E131/><V54/><F54/><W35/><G35/><T4/><D4/><AGARI ba="2,4" hai="4,7,24,25,36,38,53,55,57,59,88,90,92,94" machi="4" ten="25,3200,0" yaku="22,2,54,1" doraHai="39" who="1" fromWho="0" sc="133,-38,335,78,251,0,241,0" /><INIT seed="4,0,0,3,5,125" ten="95,413,251,241" oya="0" hai0="61,67,130,16,79,12,13,120,85,108,40,5,44" hai1="135,34,115,110,29,129,31,24,57,26,123,109,22" hai2="122,66,92,30,72,11,83,86,118,89,81,42,100" hai3="25,28,114,58,45,95,15,7,37,10,104,2,47"/><T131/><D120/><U106/><E106/><V4/><F122/><W76/><G104/><T99/><D108/><N who="1" m="41579" /><E57/><V20/><F118/><W46/><G114/><T107/><D5/><U73/><E73/><V60/><F42/><W91/><G76/><T94/><D107/><U27/><E123/><V8/><F72/><W133/><G133/><T90/><D12/><U87/><E87/><V54/><F54/><W124/><G124/><T113/><D113/><U32/><E115/><V119/><F119/><W75/><G75/><T88/><D79/><U70/><E70/><V101/><F101/><W38/><G2/><T14/><D14/><U53/><E53/><V132/><F132/><W80/><G58/><T97/><D61/><U18/><E135/><V84/><F4/><W41/><G80/><T126/><D67/><U48/><E48/><V102/><F102/><W3/><G3/><T35/><D35/><U64/><E64/><V121/><F81/><W82/><G82/><T78/><D78/><U74/><E74/><V36/><F36/><W1/><G1/><T68/><D68/><U111/><E111/><V23/><F121/><W9/><G9/><N who="2" m="3657" /><F30/><W17/><G7/><T98/><D90/><U39/><E39/><V71/><F100/><W116/><G38/><N who="0" m="21527" /><D126/><U128/><AGARI ba="0,0" hai="18,22,24,26,27,29,31,32,34,128,129" m="41579" machi="128" ten="30,7900,0" yaku="34,2,52,2" doraHai="125" who="1" fromWho="1" sc="95,-39,413,79,251,-20,241,-20" /><INIT seed="5,0,0,4,0,127" ten="56,492,231,221" oya="1" hai0="96,12,1,70,62,7,90,89,21,63,46,109,131" hai1="56,11,43,115,87,118,48,2,88,44,117,32,79" hai2="78,50,77,86,93,4,58,71,0,75,130,42,102" hai3="39,124,65,66,36,47,91,67,10,33,35,76,41"/><U40/><E32/><V99/><F71/><W104/><G124/><T14/><D109/><U6/><E115/><V18/><F75/><W83/><G104/><T68/><D1/><U29/><E79/><V28/><F28/><W34/><G10/><T74/><D74/><U64/><E29/><V24/><F0/><W132/><G132/><T126/><D126/><U113/><E113/><V30/><F4/><W107/><G107/><T133/><D7/><U84/><E84/><V105/><F18/><W100/><G100/><T103/><D103/><U69/><E69/><V38/><F38/><W9/><G9/><T128/><D46/><U110/><E110/><V121/><F121/><W81/><G76/><T61/><D21/><U95/><REACH who="1" step="1"/><E40/><REACH who="1" ten="56,482,231,221" step="2"/><V112/><F112/><W122/><G122/><T119/><D133/><U52/><E52/><N who="2" m="32023" /><F42/><W108/><G108/><T134/><D134/><U97/><E97/><V116/><F78/><W26/><G41/><T55/><D55/><U3/><E3/><V49/><F77/><W27/><G35/><T72/><D72/><U106/><E106/><V23/><F86/><W13/><G34/><T19/><D96/><U5/><E5/><V8/><F105/><W92/><G33/><T120/><D120/><U15/><E15/><N who="0" m="5673" /><D19/><U125/><E125/><V51/><F30/><W135/><G135/><T31/><D31/><U82/><E82/><V73/><F99/><W54/><G54/><T59/><D59/><U80/><E80/><V17/><F73/><W98/><G98/><T101/><D68/><U22/><E22/><V85/><F23/><RYUUKYOKU ba="0,1" sc="56,-10,482,30,231,-10,221,-10" hai1="2,6,11,43,44,48,56,64,87,88,95,117,118" /><INIT seed="5,1,1,4,0,91" ten="46,512,221,211" oya="1" hai0="86,49,133,16,35,1,87,12,47,33,17,99,83" hai1="55,112,31,72,113,94,18,22,111,66,71,37,67" hai2="124,104,108,123,100,114,56,24,5,121,125,2,132" hai3="28,79,81,8,70,107,82,128,127,39,77,134,85"/><U59/><E72/><V52/><F108/><W45/><G70/><T46/><D1/><U42/><E111/><V25/><F132/><W23/><G107/><T48/><D99/><U102/><E31/><V57/><F100/><W135/><G128/><T92/><D12/><U96/><E37/><V6/><F104/><W44/><G127/><N who="2" m="48713" /><F57/><W109/><G109/><T14/><D14/><U110/><E42/><V130/><F130/><W34/><G34/><T80/><REACH who="0" step="1"/><D133/><REACH who="0" ten="36,512,221,211" step="2"/><U15/><E110/><V89/><F2/><W97/><G97/><T116/><D116/><U26/><E15/><V58/><F5/><W62/><G135/><T93/><AGARI ba="1,2" hai="16,17,33,35,46,47,48,49,80,83,86,87,92,93" machi="93" ten="25,12000,2" yaku="1,1,0,1,22,2,52,2,54,1,53,0" doraHai="91" doraHaiUra="54" who="0" fromWho="0" sc="36,143,512,-61,221,-31,211,-31" /><INIT seed="6,0,0,2,1,101" ten="179,451,190,180" oya="2" hai0="68,87,78,124,79,0,114,104,30,23,18,112,47" hai1="134,36,2,75,20,29,45,8,16,119,9,109,116" hai2="31,39,22,122,61,33,34,37,95,111,64,46,102" hai3="27,11,100,120,89,105,131,49,32,129,15,86,5"/><V106/><F122/><W113/><G120/><T62/><D0/><U24/><E109/><V72/><F111/><W63/><G113/><N who="0" m="43627" /><D124/><U88/><E134/><V50/><F72/><W121/><G121/><T90/><D30/><U135/><E135/><V66/><F66/><W128/><G63/><T71/><D47/><U133/><E133/><V77/><F77/><N who="0" m="29194" /><D62/><U103/><E75/><V80/><F80/><W132/><G132/><T82/><D104/><U57/><E103/><V51/><F106/><W125/><G125/><T83/><D83/><U74/><E74/><V110/><F110/><W28/><G49/><T58/><D58/><U4/><E57/><N who="2" m="36911" /><F50/><W14/><G14/><AGARI ba="0,0" hai="14,18,23,68,71,82,87,90" m="29194,43627" machi="14" ten="30,1000,0" yaku="15,1" doraHai="101" who="0" fromWho="3" sc="179,10,451,0,190,0,180,-10" /><INIT seed="7,0,0,2,3,60" ten="189,451,190,170" oya="3" hai0="65,10,81,56,21,46,110,14,50,70,11,68,78" hai1="20,104,72,82,41,117,79,119,135,26,16,87,123" hai2="67,55,37,35,28,58,1,44,122,113,59,88,126" hai3="27,105,34,132,22,30,33,111,96,12,86,92,32"/><W101/><G132/><T38/><D110/><U102/><E123/><V73/><F1/><W108/><G12/><T6/><D38/><U90/><E135/><V25/><F73/><W5/><G5/><T89/><D89/><U39/><E41/><V64/><F122/><W98/><REACH who="3" step="1"/><G86/><REACH who="3" ten="189,451,190,160" step="2"/><N who="0" m="48439" /><D11/><U125/><E87/><V91/><F126/><W24/><G24/><T83/><D83/><U51/><E26/><V133/><F133/><W107/><G107/><T128/><D128/><U116/><E104/><V93/><F25/><W131/><G131/><T36/><D36/><U112/><E39/><V31/><F37/><W57/><G57/><T15/><D15/><U29/><E82/><V7/><F7/><W19/><G19/><T115/><D115/><U52/><E16/><V100/><F113/><W94/><G94/><T47/><D21/><U74/><E125/><V66/><F58/><W134/><G134/><T85/><D85/><U103/><E20/><V114/><F114/><W8/><G8/><T129/><D129/><U118/><E112/><V2/><F2/><W4/><G4/><T71/><D56/><U69/><E118/><V13/><F13/><W106/><G106/><T84/><D84/><U77/><E117/><V43/><F59/><W40/><G40/><N who="0" m="24903" /><D47/><U80/><E119/><V17/><F17/><W97/><G97/><T49/><D49/><U121/><E116/><V127/><F127/><W75/><G75/><T61/><AGARI ba="0,1" hai="6,10,14,61,65,68,70,71" m="24903,48439" machi="61" ten="30,2000,0" yaku="25,1,52,1" doraHai="60" who="0" fromWho="0" sc="189,30,451,-5,190,-5,160,-10" owari="219,1.9,446,54.6,185,-21.5,150,-35.0" /></mjloggm>