<mjloggm ver="2.3"><GO type="169" lobby="0"/><UN n0="%E5%B0%8F%E9%B3%A5%E9%81%8A%E7%B7%B4%E7%84%A1%32%31%E6%AD%B3" n1="%E3%81%9D%E3%82%93%E3%81%97%E6%A7%98" n2="%E3%83%A9%E3%83%B3%E3%82%B0%E3%83%A9" n3="%E6%96%B0%E5%AD%90%E6%9C%9B" dan="16,17,16,16" rate="2145.39,2225.67,2081.99,2134.30" sx="F,M,M,M"/><TAIKYOKU oya="0"/><INIT seed="0,0,0,1,5,13" ten="250,250,250,250" oya="0" hai0="88,120,19,123,46,79,113,18,41,96,31,40,34" hai1="109,92,105,21,10,67,70,37,11,89,12,122,131" hai2="99,49,108,65,47,75,61,127,110,33,104,36,2" hai3="0,98,76,53,133,125,35,74,44,30,95,4,58"/><T132/><D113/><U6/><E122/><V100/><F2/><W63/><G125/><T134/><D79/><U101/><E37/><V77/><F127/><W52/><G133/><N who="0" m="51307" /><D34/><U115/><E109/><V62/><F33/><W128/><G128/><T78/><D31/><U15/><E131/><V64/><F36/><W3/><G35/><T117/><D78/><U129/><E129/><V111/><F77/><W60/><G30/><T103/><D117/><U39/><E39/><V24/><F75/><W94/><G4/><T42/><D46/><U73/><E73/><V72/><F72/><W26/><G26/><T80/><D103/><U55/><E101/><V81/><F81/><W38/><G76/><T93/><D80/><U114/><E105/><V69/><F24/><W85/><G74/><T86/><D86/><U27/><E92/><V59/><REACH who="2" step="1"/><F110/><REACH who="2" ten="250,250,240,250" step="2"/><W102/><G38/><T118/><D118/><U116/><E116/><V14/><F14/><W25/><G25/><T28/><D28/><U130/><E12/><V119/><F119/><W87/><G0/><T54/><D123/><U112/><E130/><V56/><F56/><N who="3" m="34823" /><G3/><T107/><D120/><U84/><E115/><V20/><F20/><W97/><G44/><T50/><D107/><U82/><E114/><V16/><F16/><N who="0" m="6186" /><D50/><U121/><E112/><V126/><F126/><W9/><G9/><T57/><D57/><U135/><E10/><V22/><F22/><W17/><G17/><T48/><D48/><U124/><E135/><V90/><F90/><AGARI ba="0,1" hai="53,58,63,85,87,90,94,95,97,98,102" m="34823" machi="90" ten="30,2000,0" yaku="8,1,54,1" doraHai="13" who="3" fromWho="2" sc="250,0,250,0,240,-20,250,30" /><INIT seed="1,0,0,1,4,72" ten="250,250,220,280" oya="1" hai0="20,35,113,10,107,13,97,9,68,115,48,114,49" hai1="87,82,128,3,129,98,112,122,81,52,124,95,85" hai2="40,5,105,16,31,34,62,88,106,46,84,100,38" hai3="59,126,119,60,4,104,86,83,58,78,23,135,45"/><U121/><BYE who="3" /><E3/><V47/><F5/><W15/><G15/><T130/><D130/><N who="1" m="50283" /><E52/><UN n3="%E6%96%B0%E5%AD%90%E6%9C%9B" /><V24/><F100/><W74/><G104/><T14/><D35/><U65/><E65/><V32/><F32/><W12/><G126/><T67/><D20/><U1/><E1/><V73/><F73/><W90/><G135/><T94/><D107/><U127/><E112/><V25/><F47/><W69/><G119/><T11/><D67/><U21/><E21/><V27/><F62/><W92/><G45/><T33/><D33/><U26/><E26/><V22/><REACH who="2" step="1"/><F25/><REACH who="2" ten="250,250,210,280" step="2"/><W125/><G60/><T123/><D123/><N who="1" m="47115" /><E85/><V77/><F77/><W6/><G78/><T102/><REACH who="0" step="1"/><D68/><REACH who="0" ten="240,250,210,280" step="2"/><U103/><E81/><AGARI ba="0,2" hai="16,22,24,27,31,34,38,40,46,81,84,88,105,106" machi="81" ten="30,7700,0" yaku="1,1,7,1,54,2,53,0" doraHai="72" doraHaiUra="134" who="2" fromWho="1" sc="240,0,250,-77,210,97,280,0" /><INIT seed="2,0,0,2,0,42" ten="240,173,307,280" oya="2" hai0="69,61,119,127,113,45,4,80,12,31,115,75,121" hai1="78,131,111,32,88,74,92,65,96,19,25,59,105" hai2="104,122,70,73,27,76,63,99,46,71,22,100,109" hai3="26,62,133,53,57,107,68,85,89,29,3,50,84"/><V94/><F122/><W128/><G3/><T18/><D121/><U23/><E111/><V17/><F109/><W123/><G123/><T36/><D127/><U129/><E32/><V93/><F73/><W103/><G128/><T117/><D31/><U86/><E65/><V44/><F76/><W30/><G30/><T7/><D61/><U112/><E112/><N who="0" m="43081" /><D69/><U21/><E21/><V47/><REACH who="2" step="1"/><F63/><REACH who="2" ten="240,173,297,280" step="2"/><W110/><G110/><T9/><D75/><U58/><E131/><V55/><F55/><W35/><G62/><T54/><D54/><U67/><E129/><V72/><F72/><W97/><G53/><T114/><D114/><U1/><E67/><V108/><F108/><W6/><G133/><T2/><D119/><U102/><REACH who="1" step="1"/><E1/><REACH who="1" ten="240,163,297,280" step="2"/><V83/><F83/><AGARI ba="0,2" hai="19,23,25,58,59,74,78,83,86,88,92,96,102,105" machi="83" ten="40,8000,1" yaku="1,1,2,1,24,2,54,1,53,0" doraHai="42" doraHaiUra="33" who="1" fromWho="2" sc="240,0,163,100,297,-80,280,0" /><INIT seed="3,0,0,5,0,63" ten="240,263,217,280" oya="3" hai0="46,56,58,35,88,84,27,17,12,21,51,92,117" hai1="50,74,90,0,65,130,107,13,121,127,122,133,5" hai2="114,48,131,49,93,55,120,44,77,34,128,126,57" hai3="23,85,109,132,70,8,3,2,31,4,18,110,59"/><W86/><G70/><T82/><D117/><U97/><E0/><V79/><F34/><W62/><G2/><T7/><D92/><U113/><E5/><V61/><F114/><W71/><G71/><T38/><D38/><U33/><E13/><V54/><F93/><W10/><G10/><T32/><D32/><U103/><E50/><V81/><F81/><W135/><G31/><T78/><D35/><U102/><E33/><V105/><F105/><W19/><G86/><T83/><D7/><U24/><E24/><V76/><F126/><W15/><G85/><T20/><D82/><U101/><E127/><V42/><REACH who="2" step="1"/><F120/><REACH who="2" ten="240,263,207,280" step="2"/><W118/><G118/><T134/><D78/><U73/><E107/><V1/><F1/><W26/><G3/><T47/><D134/><N who="3" m="51241" /><G4/><T69/><D69/><U9/><E133/><V52/><F52/><AGARI ba="0,1" hai="8,15,18,19,23,26,52,59,62,109,110" m="51241" machi="52" ten="30,2900,0" yaku="20,1,54,1" doraHai="63" who="3" fromWho="2" sc="240,0,263,0,207,-29,280,39" /><INIT seed="3,1,0,0,2,134" ten="240,263,178,319" oya="3" hai0="35,45,38,107,37,28,92,10,12,9,22,82,101" hai1="70,89,109,42,50,52,135,100,113,76,120,112,15" hai2="13,94,106,71,36,63,105,65,126,40,16,30,24" hai3="79,47,57,125,84,59,130,127,111,129,48,67,68"/><W49/><G79/><T26/><D107/><U124/><E120/><V23/><F126/><N who="3" m="48139" /><G84/><T7/><D82/><U46/><E89/><V54/><F54/><N who="3" m="31943" /><G59/><T18/><D45/><U55/><E46/><V21/><F40/><N who="3" m="24807" /><G111/><T8/><D101/><U116/><E100/><V25/><F36/><W110/><G110/><T1/><D92/><U11/><E76/><V14/><F94/><W86/><G86/><T128/><D128/><U41/><E109/><V122/><F122/><W103/><G103/><T29/><D29/><U58/><E58/><V4/><F106/><W114/><G114/><T133/><D133/><U131/><E135/><V98/><F105/><W90/><G90/><T87/><D87/><U132/><E132/><V31/><F98/><W69/><G69/><T73/><D73/><U19/><E70/><V44/><F44/><W123/><G123/><T39/><AGARI ba="1,0" hai="1,7,8,9,10,12,18,22,26,28,35,37,38,39" machi="39" ten="30,4000,0" yaku="0,1,24,2" doraHai="134" who="0" fromWho="0" sc="240,43,263,-11,178,-11,319,-21" /><INIT seed="4,0,0,3,3,28" ten="283,252,167,298" oya="0" hai0="47,68,8,13,35,75,79,105,84,16,86,64,66" hai1="77,53,36,59,120,12,3,14,29,23,93,15,118" hai2="90,60,39,122,110,85,9,126,111,127,62,58,55" hai3="67,102,11,89,72,99,5,97,87,17,22,7,26"/><T83/><D105/><U103/><E118/><V115/><F122/><W48/><G72/><T74/><D47/><U134/><E120/><V73/><F73/><W70/><G70/><T0/><BYE who="3" /><D74/><U80/><E3/><V43/><F115/><W94/><G94/><T123/><D123/><U30/><E36/><V133/><F133/><W117/><G117/><T6/><D35/><UN n3="%E6%96%B0%E5%AD%90%E6%9C%9B" /><U54/><E23/><V109/><F39/><W40/><G67/><T108/><D108/><U132/><E93/><V71/><F43/><W81/><G102/><T104/><D104/><U10/><E10/><V98/><F98/><N who="3" m="37387" /><G11/><T61/><REACH who="0" step="1"/><D66/><REACH who="0" ten="273,252,167,298" step="2"/><U44/><E44/><AGARI ba="0,1" hai="5,7,17,22,26,40,44,48,81,87,89" m="37387" machi="44" ten="30,1000,0" yaku="8,1" doraHai="28" who="3" fromWho="1" sc="273,0,252,-10,167,0,298,20" /><INIT seed="5,0,0,3,4,93" ten="273,242,167,318" oya="1" hai0="64,103,110,73,68,78,57,63,34,21,120,95,24" hai1="6,32,7,1,122,75,104,18,71,46,129,134,23" hai2="128,92,65,113,48,20,22,109,62,28,14,41,97" hai3="131,59,43,106,86,44,119,84,80,4,126,56,118"/><U2/><E75/><V66/><F109/><W101/><G126/><T91/><D34/><U105/><E71/><V36/><F36/><W50/><G131/><T111/><D120/><U88/><E122/><V39/><F39/><W35/><G35/><T100/><D68/><U82/><E32/><V76/><F128/><W10/><G106/><T67/><D67/><U112/><E112/><V85/><F113/><W69/><G101/><T9/><D9/><U123/><E123/><V133/><F133/><W98/><G69/><T30/><D100/><U16/><E134/><V70/><F66/><W40/><G40/><T31/><D31/><U5/><E129/><V8/><F28/><W107/><G107/><T79/><D91/><U45/><E6/><V25/><F25/><W117/><G98/><N who="0" m="59871" /><D73/><U53/><E88/><V135/><F135/><W121/><G121/><T102/><D102/><U94/><E94/><V54/><F41/><W90/><G86/><T58/><D58/><U96/><E23/><V81/><F92/><W12/><AGARI ba="0,0" hai="4,10,12,43,44,50,56,59,80,84,90,117,118,119" machi="12" ten="30,2000,0" yaku="0,1,12,1" doraHai="93" who="3" fromWho="3" sc="273,-5,242,-10,167,-5,318,20" /><INIT seed="6,0,0,5,3,48" ten="268,232,162,338" oya="2" hai0="31,25,36,10,7,53,113,32,94,104,12,6,42" hai1="18,27,63,15,98,90,128,70,28,125,26,62,72" hai2="112,89,79,108,38,1,56,135,23,92,11,14,93" hai3="51,84,95,80,127,85,67,45,24,43,30,129,101"/><V3/><F38/><W131/><G127/><T50/><D104/><U16/><E72/><V81/><F112/><W49/><G67/><T34/><D94/><N who="1" m="56663" /><E128/><N who="3" m="49226" /><G51/><T8/><D113/><U60/><E70/><V97/><F135/><W22/><G80/><T88/><D42/><U91/><E125/><V59/><F108/><W71/><G71/><T19/><D36/><U5/><E28/><V130/><F130/><W64/><G64/><T41/><D41/><U58/><E5/><V35/><F35/><W99/><AGARI ba="0,0" hai="22,24,30,43,45,49,84,85,95,99,101" m="49226" machi="99" ten="30,1100,0" yaku="19,1" doraHai="48" who="3" fromWho="3" sc="268,-3,232,-3,162,-5,338,11" /><INIT seed="7,0,0,4,0,25" ten="265,229,157,349" oya="3" hai0="59,123,111,81,58,53,70,71,38,112,47,86,37" hai1="114,78,7,97,102,77,125,80,133,116,44,88,100" hai2="96,101,13,22,72,91,49,0,11,89,60,43,2" hai3="117,118,17,9,20,52,55,110,83,68,19,76,29"/><W39/><G68/><N who="0" m="26155" /><D86/><N who="1" m="50247" /><E114/><V85/><F72/><W130/><G9/><T129/><D81/><U128/><E128/><V119/><F119/><W73/><G20/><T8/><D8/><U87/><E133/><V3/><F60/><W24/><G24/><T41/><D111/><U5/><E125/><V31/><F43/><W95/><G95/><T66/><D123/><U109/><E109/><V14/><F49/><W1/><G76/><N who="1" m="29290" /><E116/><V67/><F67/><W122/><G83/><T82/><D82/><U12/><E87/><V90/><F85/><W131/><G110/><T115/><D129/><U33/><E33/><V108/><F108/><W61/><G1/><T103/><D103/><N who="1" m="39467" /><E97/><V104/><REACH who="2" step="1"/><F11/><REACH who="2" ten="265,229,147,349" step="2"/><W16/><G118/><T105/><D66/><U120/><E120/><V127/><F127/><W51/><G122/><T121/><D121/><U134/><E134/><V62/><F62/><W34/><G117/><T36/><D115/><U132/><E132/><V98/><F98/><W92/><G131/><T106/><D112/><U126/><E126/><V27/><AGARI ba="0,1" hai="0,2,3,13,14,22,27,31,89,90,91,96,101,104" machi="27" ten="40,5200,0" yaku="1,1,0,1,52,1,53,0" doraHai="25" doraHaiUra="56" who="2" fromWho="2" sc="265,-13,229,-13,147,62,349,-26" owari="252,5.2,216,-18.4,209,-29.1,323,42.3" /></mjloggm>