<mjloggm ver="2.3"><GO type="169" lobby="0"/><UN n0="%70%6F%6E%2D%65%6E" n1="%E3%82%A4%E3%82%AB%E3%81%AB%E3%82%82%E6%9D%B1%E5%8C%97" n2="%E3%82%82%E3%82%8A%E3%82%8A%E3%82%93%E3%82%82%E3%82%8A%E3%82%82%E3%82%8A" n3="%E2%97%8E%E3%82%88%E3%81%97%E2%97%8E" dan="16,16,16,16" rate="2121.38,2157.41,2047.22,2151.00" sx="F,M,M,M"/><TAIKYOKU oya="0"/><INIT seed="0,0,0,1,3,109" ten="250,250,250,250" oya="0" hai0="33,86,42,58,116,121,110,98,131,41,61,81,71" hai1="6,87,7,78,127,75,25,102,18,63,92,111,27" hai2="37,49,68,15,29,115,126,11,60,130,40,57,54" hai3="93,14,97,84,28,8,47,24,89,108,3,65,2"/><T39/><D116/><U124/><E75/><V53/><F29/><W10/><G108/><T38/><D121/><U34/><E111/><V114/><F130/><W1/><G65/><T122/><D110/><U96/><E27/><V4/><F126/><N who="1" m="48169" /><E63/><V67/><REACH who="2" step="1"/><F54/><REACH who="2" ten="250,250,240,250" step="2"/><W62/><G28/><T52/><D131/><U26/><E34/><V135/><F135/><W107/><G1/><T32/><D122/><U119/><E119/><V51/><F51/><W20/><G2/><T12/><D38/><U55/><E55/><V48/><F48/><W103/><G3/><T5/><D39/><U112/><E18/><V43/><F43/><W133/><G133/><T83/><D41/><U85/><E7/><V23/><F23/><W76/><G20/><T45/><D33/><U69/><E6/><V72/><F72/><W80/><G62/><T73/><D32/><U59/><E25/><V125/><F125/><W128/><G128/><T64/><D73/><U100/><E26/><V132/><F132/><W90/><G24/><T99/><D42/><U16/><E16/><V19/><F19/><W50/><G14/><T79/><D5/><U123/><E123/><V94/><F94/><W0/><G0/><T9/><D12/><U17/><E17/><V88/><F88/><N who="3" m="33899" /><G107/><T22/><D22/><U21/><E21/><V74/><F74/><W13/><G13/><T31/><D31/><U91/><E92/><V95/><F95/><W66/><G66/><T70/><D64/><U30/><E30/><V35/><F35/><W105/><G105/><T120/><D120/><U106/><E106/><RYUUKYOKU ba="0,1" sc="250,-15,250,-15,240,15,250,15" hai2="4,11,15,37,40,49,53,57,60,67,68,114,115" hai3="8,10,47,50,76,80,84,93,97,103" /><INIT seed="1,1,1,1,4,131" ten="235,235,255,265" oya="1" hai0="6,5,92,50,68,0,106,41,61,105,16,38,89" hai1="58,69,102,28,134,59,97,48,127,7,56,115,72" hai2="20,100,44,9,27,66,11,33,34,49,51,83,45" hai3="67,120,130,84,77,8,46,110,26,25,17,31,76"/><U108/><E115/><V18/><F100/><W12/><G120/><T79/><D38/><U101/><E69/><V24/><F66/><W4/><G130/><T19/><D79/><N who="3" m="30281" /><G110/><T53/><D41/><U73/><E108/><V65/><F65/><W71/><G71/><T93/><D61/><U95/><E127/><V74/><F74/><W94/><G67/><T15/><D68/><U86/><E28/><V14/><F83/><W10/><G31/><T98/><D93/><U63/><E63/><V39/><F39/><W55/><G8/><T116/><D116/><U99/><E7/><V64/><F64/><W57/><G4/><T112/><D112/><U42/><E86/><V36/><F36/><W123/><G46/><T126/><D126/><U29/><E29/><V85/><F85/><W23/><G10/><T90/><D19/><U35/><E35/><V81/><F81/><W107/><G107/><T52/><D105/><U87/><E87/><V78/><F78/><W3/><G3/><T80/><D106/><U128/><E128/><V118/><F118/><W32/><G32/><T2/><D2/><U43/><E43/><N who="2" m="24735" /><F51/><N who="3" m="30975" /><G123/><T103/><D0/><U13/><E48/><V133/><F33/><W75/><G75/><T122/><D122/><U37/><E37/><V129/><F34/><W132/><G132/><T109/><D109/><U60/><E134/><V54/><F133/><W82/><G82/><T111/><D111/><U30/><E42/><V135/><F135/><W21/><G23/><T70/><D70/><U91/><E72/><V88/><F129/><W1/><G1/><RYUUKYOKU ba="1,1" sc="235,-10,235,-10,255,-10,265,30" hai3="12,17,21,25,26,84,94" /><INIT seed="2,2,1,4,3,6" ten="225,225,245,295" oya="2" hai0="4,35,74,102,134,97,111,91,86,127,109,28,79" hai1="57,135,122,131,78,51,123,130,58,47,53,110,30" hai2="119,76,22,29,71,21,25,0,128,67,64,124,31" hai3="103,99,55,81,19,66,52,65,107,60,49,112,9"/><V115/><F119/><W96/><G112/><T92/><D4/><U56/><E30/><V101/><F115/><W39/><G39/><T114/><D28/><U104/><E104/><V3/><F124/><W83/><G96/><T125/><D35/><U27/><E27/><V20/><F128/><N who="1" m="49193" /><E78/><V59/><F71/><W63/><G55/><T26/><D26/><U44/><E110/><N who="0" m="41993" /><D134/><U24/><E24/><V37/><F37/><W121/><G121/><N who="1" m="46090" /><E44/><V73/><F101/><W77/><G81/><N who="0" m="45303" /><D114/><U40/><E135/><V68/><F68/><W89/><G89/><T75/><D75/><U2/><E2/><V133/><F133/><W13/><G66/><T120/><D120/><U93/><E93/><AGARI ba="2,1" hai="86,91,92,93,97,102,125,127" m="45303,41993" machi="93" ten="30,3900,0" yaku="14,1,34,2" doraHai="6" who="0" fromWho="1" sc="225,55,225,-45,245,0,295,0" /><INIT seed="3,0,0,2,5,41" ten="280,180,245,295" oya="3" hai0="123,45,50,8,134,131,78,11,67,119,58,105,28" hai1="34,66,100,73,15,72,69,81,61,24,128,86,115" hai2="36,122,82,48,76,6,98,40,47,96,95,25,52" hai3="35,109,5,64,3,93,74,127,97,87,126,121,94"/><W111/><G35/><T42/><D119/><U55/><E115/><V63/><F122/><W77/><G64/><T59/><D123/><U106/><E128/><V37/><F6/><W101/><G121/><T53/><D105/><U108/><E108/><N who="3" m="41546" /><G5/><T23/><D134/><U57/><E15/><V62/><F25/><W56/><G56/><T104/><D104/><U116/><E116/><V125/><F125/><N who="3" m="47627" /><G3/><T102/><D102/><U132/><E132/><V75/><F96/><N who="3" m="59535" /><G74/><T22/><D131/><U26/><E73/><V112/><F112/><W49/><G49/><T38/><D28/><U21/><E72/><V65/><F36/><W43/><G43/><T18/><D67/><U133/><E34/><V29/><F29/><W110/><N who="3" m="41554" /><W2/><DORA hai="90" /><G2/><T79/><D59/><U92/><E57/><V51/><F65/><W130/><G130/><T32/><D32/><U12/><E66/><V91/><F37/><W54/><G54/><T39/><D39/><U129/><E55/><V46/><AGARI ba="0,0" hai="40,46,47,48,51,52,62,63,75,76,82,91,95,98" machi="46" ten="20,12000,2" yaku="0,1,7,1,52,3,54,1" doraHai="41,90" who="2" fromWho="2" sc="280,-30,180,-30,245,120,295,-60" /><INIT seed="4,0,0,3,5,110" ten="250,150,365,235" oya="0" hai0="118,125,97,94,82,130,81,95,90,19,34,14,61" hai1="129,56,99,35,126,67,66,128,28,59,123,135,36" hai2="100,60,92,68,2,101,0,3,5,111,64,83,65" hai3="11,63,75,102,10,89,57,84,49,25,121,72,85"/><T93/><D118/><U106/><E35/><V22/><F111/><W108/><G108/><T39/><D34/><U21/><E28/><V69/><F5/><W52/><G121/><T42/><D125/><U74/><E74/><V70/><F83/><N who="0" m="31754" /><D39/><U133/><E21/><V8/><F8/><W109/><G109/><T45/><D130/><N who="1" m="50283" /><E99/><V46/><F46/><W88/><G102/><T104/><D104/><U53/><E106/><V80/><F80/><N who="3" m="49159" /><G72/><T91/><D97/><U114/><E123/><V107/><F107/><W51/><G25/><T71/><D14/><U78/><E78/><V16/><F92/><N who="3" m="54319" /><G75/><T86/><D19/><U12/><E12/><V1/><N who="2" m="0" /><DORA hai="105" /><V58/><REACH who="2" step="1"/><F65/><REACH who="2" ten="250,150,355,235" step="2"/><W29/><G29/><T62/><D95/><U134/><E67/><V47/><F47/><W44/><G49/><T55/><D94/><U122/><E36/><V27/><AGARI ba="0,1" hai="16,22,27,58,60,64,68,69,70,100,101" m="0" machi="27" ten="70,8000,1" yaku="1,1,0,1,54,1,53,0" doraHai="110,105" doraHaiUra="116,120" who="2" fromWho="2" sc="250,-40,150,-20,355,90,235,-20" /><INIT seed="5,0,0,2,3,86" ten="210,130,445,215" oya="1" hai0="134,73,85,123,19,64,61,92,8,68,111,16,126" hai1="117,39,38,132,32,56,120,40,76,49,106,121,48" hai2="15,59,122,27,89,47,84,70,103,35,71,5,63" hai3="82,74,67,114,87,105,109,12,17,94,98,119,66"/><U3/><E106/><V115/><F122/><N who="1" m="47209" /><E76/><V0/><F0/><W80/><G109/><T108/><D123/><U91/><E91/><V83/><F47/><W24/><G114/><T55/><D73/><U116/><E3/><V34/><F103/><W101/><G119/><N who="1" m="45642" /><E32/><V62/><F115/><W13/><G24/><T78/><D108/><U93/><E93/><V33/><F27/><W81/><G13/><T53/><D111/><U54/><E132/><V30/><F30/><W23/><REACH who="3" step="1"/><G74/><REACH who="3" ten="210,130,445,205" step="2"/><T72/><D72/><U14/><E14/><V10/><F15/><W29/><G29/><T2/><D2/><U118/><N who="1" m="45650" /><U51/><DORA hai="36" /><E40/><V18/><F33/><W6/><G6/><T107/><D19/><U133/><E133/><V112/><F18/><W88/><AGARI ba="0,1" hai="12,17,23,66,67,80,81,82,87,88,94,98,101,105" machi="88" ten="30,7900,0" yaku="1,1,0,1,52,1,54,1,53,0" doraHai="86,36" doraHaiUra="131,26" who="3" fromWho="3" sc="210,-20,130,-39,445,-20,205,89" /><INIT seed="6,0,0,3,4,135" ten="190,91,425,294" oya="2" hai0="75,109,89,119,57,52,10,108,80,104,13,107,101" hai1="103,58,28,78,33,60,43,29,90,16,133,121,25" hai2="77,118,131,1,46,88,64,36,91,21,17,50,3" hai3="74,23,67,32,24,105,82,122,76,84,47,45,66"/><V106/><F131/><W68/><G122/><T117/><D89/><U114/><E133/><V27/><F106/><N who="0" m="40490" /><D101/><U70/><E121/><V87/><F36/><W22/><G105/><T83/><D75/><U128/><E128/><V115/><F115/><W35/><G74/><T55/><D83/><U99/><E114/><V113/><F113/><W39/><G39/><T6/><D80/><U123/><E123/><V56/><F118/><N who="0" m="45066" /><D55/><U72/><E70/><V0/><F77/><W97/><G82/><T132/><D132/><U71/><E71/><V126/><F64/><W26/><G68/><T5/><D6/><U120/><E120/><V69/><F69/><W110/><G97/><T81/><D81/><U95/><E72/><V100/><F56/><W34/><G34/><T30/><D30/><U134/><E134/><V94/><F100/><W9/><G9/><T63/><AGARI ba="0,0" hai="5,10,13,52,57,63,108,109" m="45066,40490" machi="63" ten="30,2000,0" yaku="12,1,54,1" doraHai="135" who="0" fromWho="0" sc="190,20,91,-5,425,-10,294,-5" /><INIT seed="7,0,0,4,4,54" ten="210,86,415,289" oya="3" hai0="68,76,60,20,123,94,106,36,2,90,102,16,23" hai1="135,128,22,77,116,64,79,27,8,92,29,96,21" hai2="104,9,95,73,14,83,74,48,101,45,107,53,119" hai3="130,78,35,118,62,41,10,12,56,71,4,17,127"/><W15/><G118/><T46/><D123/><U122/><E122/><V97/><F119/><W111/><G35/><T47/><D2/><U11/><E128/><V93/><F74/><W24/><G130/><T80/><D23/><U126/><E126/><V28/><F28/><W120/><G127/><T55/><D102/><U115/><E135/><V98/><F83/><W132/><G132/><T89/><D106/><U51/><E115/><V112/><F73/><W72/><G71/><T114/><D114/><U50/><E116/><V84/><F84/><W1/><G111/><T67/><D55/><U25/><E64/><V40/><F40/><W70/><G70/><T42/><D47/><U105/><E105/><V38/><F38/><W113/><G113/><T5/><D5/><U108/><E108/><V133/><F133/><W63/><G41/><T32/><D94/><U91/><E92/><V131/><F131/><W58/><G120/><T33/><D33/><U52/><E96/><V109/><F109/><W43/><G43/><T88/><D90/><U39/><E39/><V87/><F87/><W125/><G125/><T65/><D32/><U100/><E100/><V7/><F112/><W121/><G121/><T0/><D0/><U86/><E86/><V6/><F6/><W59/><G24/><N who="0" m="14343" /><D67/><U34/><E34/><V75/><F75/><W19/><G1/><T124/><D124/><U103/><E103/><AGARI ba="0,0" hai="7,9,14,45,48,53,93,95,97,98,101,103,104,107" machi="103" ten="30,2000,0" yaku="7,1,9,1" doraHai="54" who="2" fromWho="1" sc="210,0,86,-20,415,20,289,0" owari="210,-19.0,66,-43.4,435,53.5,289,8.9" /></mjloggm>