<mjloggm ver="2.3"><GO type="169" lobby="0"/><UN n0="%E3%81%AF%E3%81%84%E3%82%8C%E3%81%AB%E3%82%83%E3%82%93" n1="%53%68%69%72%6C%65%79" n2="%E6%A0%B9%E5%85%83%E3%81%8B%E3%82%89%E5%90%B9%E3%81%A3%E9%A3%9B%E3%81%B6" n3="%E3%83%9F%E3%82%B2%E3%83%BC%E3%83%AB%E6%94%B9" dan="16,16,16,16" rate="2058.51,2093.43,2157.38,2204.02" sx="M,M,F,M"/><TAIKYOKU oya="0"/><INIT seed="0,0,0,5,4,129" ten="250,250,250,250" oya="0" hai0="50,1,113,23,51,61,84,59,121,98,16,14,19" hai1="66,34,22,95,36,57,109,71,110,135,15,21,24" hai2="79,39,115,114,75,132,78,26,13,18,64,0,43" hai3="69,81,116,58,3,90,101,2,68,56,86,112,122"/><T5/><D113/><U49/><E36/><V4/><F64/><W103/><G116/><T117/><D117/><U6/><E71/><V47/><F26/><W32/><G112/><T85/><D121/><U104/><E104/><V77/><F132/><W119/><G119/><T74/><D74/><U134/><E34/><V38/><F38/><W80/><G90/><T82/><D85/><U44/><E95/><V125/><F125/><W37/><G37/><T83/><D83/><U7/><E57/><V99/><F99/><W127/><G86/><T92/><D19/><N who="1" m="10495" /><E66/><V93/><F93/><W65/><G65/><T12/><D12/><U94/><E94/><V131/><F131/><W130/><G130/><T91/><D5/><N who="1" m="1547" /><E44/><V28/><F28/><W72/><G72/><T73/><D1/><U31/><E49/><V126/><F126/><W118/><G118/><T100/><REACH who="0" step="1"/><D73/><REACH who="0" ten="240,250,250,250" step="2"/><U29/><E31/><V62/><F75/><W128/><G127/><T10/><D10/><U8/><E8/><V102/><F115/><W40/><G128/><T67/><AGARI ba="0,1" hai="14,16,23,50,51,59,61,67,82,84,91,92,98,100" machi="67" ten="20,18000,2" yaku="1,1,0,1,7,1,8,1,54,1,53,1" doraHai="129" doraHaiUra="96" who="0" fromWho="0" sc="240,190,250,-60,250,-60,250,-60" /><INIT seed="0,1,0,3,0,63" ten="430,190,190,190" oya="0" hai0="2,118,38,128,31,87,129,66,5,39,10,55,1" hai1="65,86,21,27,88,11,59,18,16,29,133,135,24" hai2="73,96,79,130,95,107,124,90,84,71,12,82,23" hai3="3,51,30,120,14,20,22,100,68,108,0,131,57"/><T83/><D118/><U85/><E85/><V33/><F33/><W122/><G68/><T126/><D126/><U49/><E11/><V9/><F71/><W109/><G57/><T98/><D31/><U46/><E46/><V32/><F32/><W121/><G51/><T103/><D2/><N who="3" m="553" /><G100/><T127/><D55/><U45/><E45/><V91/><F130/><N who="0" m="50282" /><D66/><U44/><E44/><V54/><F54/><W62/><G62/><T35/><D35/><U106/><E106/><V80/><F124/><W81/><G131/><T105/><D127/><U75/><E75/><V17/><F107/><W74/><G74/><T89/><AGARI ba="1,0" hai="1,5,10,38,39,83,87,89,98,103,105" m="50282" machi="89" ten="30,1500,0" yaku="19,1" doraHai="63" who="0" fromWho="0" sc="430,18,190,-6,190,-6,190,-6" /><INIT seed="0,2,0,5,4,121" ten="448,184,184,184" oya="0" hai0="111,119,95,30,2,1,32,53,102,92,69,4,113" hai1="51,115,65,59,24,87,106,133,129,85,99,71,28" hai2="54,60,112,47,3,74,103,104,17,105,125,127,19" hai3="93,84,80,12,34,21,58,108,81,16,43,33,7"/><T100/><D113/><U75/><E75/><V13/><F112/><W83/><G43/><T39/><D69/><U122/><E122/><V31/><F74/><W23/><G23/><T79/><D39/><U36/><E36/><V70/><F3/><W29/><G29/><T50/><D32/><U128/><E115/><V42/><F31/><W67/><G7/><T118/><D30/><U62/><E133/><V97/><F104/><W27/><G27/><T110/><D79/><U46/><E59/><N who="2" m="34935" /><F70/><W91/><G67/><T89/><D53/><U64/><E64/><V88/><F13/><W124/><G58/><T15/><D50/><U117/><E117/><V109/><F88/><W48/><G48/><T37/><D37/><U45/><E45/><V131/><F131/><N who="1" m="50249" /><E106/><V120/><F120/><W49/><G49/><T86/><D15/><U0/><E0/><N who="0" m="105" /><D4/><U61/><E61/><V135/><F135/><W77/><G77/><T56/><D56/><U18/><E99/><V114/><F114/><W8/><G34/><T44/><D44/><U40/><E18/><N who="2" m="6667" /><F47/><W98/><G33/><AGARI ba="2,0" hai="24,28,33,40,46,51,62,65,71,85,87" m="50249" machi="33" ten="30,1000,0" yaku="19,1" doraHai="121" who="1" fromWho="3" sc="448,0,184,16,184,0,184,-16" /><INIT seed="1,0,0,3,5,118" ten="448,200,184,168" oya="1" hai0="73,77,33,12,61,45,66,13,94,117,101,36,102" hai1="120,69,103,86,84,54,0,129,57,29,23,43,132" hai2="116,8,34,40,44,64,121,100,75,112,134,9,90" hai3="17,19,18,30,10,48,82,107,35,39,89,125,16"/><U24/><E69/><V83/><F116/><W6/><G107/><T119/><D33/><U110/><E129/><V131/><F34/><W133/><G39/><T97/><D73/><U87/><E132/><V85/><F134/><W115/><G133/><T52/><D77/><U62/><E110/><V5/><F112/><W3/><G115/><T49/><D102/><U68/><E0/><V60/><F100/><W93/><G82/><T104/><D119/><U105/><E43/><V21/><F21/><W55/><G125/><T111/><D111/><U74/><E74/><V123/><F131/><W80/><G80/><T26/><D36/><U67/><E120/><V22/><F22/><W88/><N who="3" m="4096" /><DORA hai="70" /><W108/><G93/><T14/><D26/><U126/><E126/><V31/><F31/><W99/><G99/><T41/><D104/><U91/><E103/><V59/><F75/><W124/><G108/><T15/><D15/><U7/><E7/><V58/><F58/><W114/><G114/><T81/><D81/><U130/><E105/><V37/><F9/><W113/><G113/><T76/><D76/><U63/><REACH who="1" step="1"/><E130/><REACH who="1" ten="448,190,184,168" step="2"/><V11/><F11/><W71/><G71/><T1/><D1/><AGARI ba="0,1" hai="1,5,8,37,40,44,59,60,64,83,85,90,121,123" machi="1" ten="30,7700,0" yaku="7,1,52,3" doraHai="118,70" who="2" fromWho="0" sc="448,-77,190,0,184,87,168,0" /><INIT seed="2,0,0,4,2,68" ten="371,190,271,168" oya="2" hai0="92,80,76,72,38,24,63,109,75,59,13,128,0" hai1="46,130,62,6,35,69,48,98,71,67,96,1,102" hai2="129,18,17,7,30,117,88,94,126,87,54,106,47" hai3="133,112,8,83,110,104,89,33,73,125,45,61,4"/><V23/><F117/><W52/><G33/><T51/><D0/><U28/><E130/><V14/><F129/><W16/><G104/><T97/><D128/><U70/><E6/><V53/><F126/><W113/><G125/><T101/><D109/><U120/><E1/><V65/><F106/><W25/><G110/><T121/><D121/><U60/><E120/><V31/><F65/><W9/><G133/><T37/><D75/><U12/><E12/><V43/><F7/><W119/><G119/><T57/><D13/><U42/><E62/><V90/><F18/><W49/><G61/><T55/><REACH who="0" step="1"/><D24/><REACH who="0" ten="361,190,271,168" step="2"/><U44/><E98/><V20/><F14/><N who="3" m="7247" /><G25/><T116/><D116/><U111/><E111/><V82/><F20/><W105/><G73/><T124/><D124/><U127/><E127/><V36/><F54/><AGARI ba="0,1" hai="37,38,51,54,55,57,59,63,72,76,80,92,97,101" machi="54" ten="30,7700,0" yaku="1,1,7,1,52,2,53,0" doraHai="68" doraHaiUra="131" who="0" fromWho="2" sc="361,87,190,0,271,-77,168,0" /><INIT seed="3,0,0,2,1,69" ten="448,190,194,168" oya="3" hai0="112,60,113,82,29,25,97,0,64,94,12,31,37" hai1="89,90,100,13,133,80,101,108,84,36,40,116,35" hai2="21,124,50,55,71,88,6,110,49,65,106,15,70" hai3="76,123,120,87,1,32,118,44,134,16,51,67,73"/><W91/><G118/><T43/><D0/><U41/><E35/><V18/><F110/><W93/><G32/><T135/><D135/><U121/><E121/><V103/><F124/><W22/><G1/><T128/><D128/><U79/><E13/><V129/><F129/><W66/><G134/><T52/><D52/><U34/><E34/><V59/><F65/><W119/><G119/><T47/><D82/><U53/><E53/><V130/><F130/><W46/><G73/><T4/><D4/><U72/><E40/><V107/><F6/><W48/><G76/><T68/><D12/><U109/><E36/><V54/><F103/><N who="1" m="39497" /><E41/><V61/><F61/><W62/><G123/><T86/><D86/><U102/><E133/><V38/><F38/><W5/><G5/><T104/><D104/><U122/><E122/><V96/><F106/><W78/><G78/><T98/><D98/><U127/><E127/><V56/><F107/><W8/><G8/><T63/><D63/><U83/><N who="1" m="39505" /><U2/><DORA hai="39" /><E2/><V92/><AGARI ba="0,0" hai="15,18,21,49,50,54,55,56,59,70,71,88,92,96" machi="92" ten="30,4000,0" yaku="0,1,9,1,54,1" doraHai="69,39" who="2" fromWho="2" sc="448,-10,190,-10,194,40,168,-20" /><INIT seed="4,0,0,5,1,113" ten="438,180,234,148" oya="0" hai0="83,84,75,116,125,135,122,133,41,55,82,6,57" hai1="37,63,59,28,68,52,13,16,51,65,131,56,1" hai2="121,34,93,22,2,58,10,60,91,126,0,105,130" hai3="32,43,47,90,74,77,107,48,85,15,111,73,128"/><T9/><D122/><U110/><E110/><V38/><F34/><W66/><G111/><T67/><D41/><U104/><E1/><V101/><F121/><W12/><G32/><T17/><D67/><U26/><E131/><V71/><F71/><W29/><G107/><T129/><D116/><U49/><E37/><V24/><F38/><W44/><G29/><T124/><D17/><U112/><E104/><V98/><F130/><W86/><G128/><T117/><D75/><U27/><E112/><V62/><F10/><W96/><G66/><T97/><D97/><U25/><E28/><V102/><F62/><W30/><G30/><T123/><D117/><U78/><E78/><V103/><F126/><N who="0" m="48746" /><D123/><U19/><E13/><V31/><REACH who="2" step="1"/><F105/><REACH who="2" ten="438,180,224,148" step="2"/><W5/><G48/><T40/><D9/><U119/><E119/><V95/><F95/><W109/><G109/><T132/><D129/><U3/><E3/><V127/><F127/><W120/><G120/><T94/><D94/><U106/><E106/><V50/><F50/><W20/><G43/><T64/><D40/><U108/><E108/><V72/><F72/><W88/><G74/><T36/><D36/><U69/><E69/><V70/><F70/><W18/><G73/><T92/><D92/><U53/><AGARI ba="0,1" hai="16,19,25,26,27,49,51,52,53,56,59,63,65,68" machi="53" ten="30,7900,0" yaku="0,1,9,1,54,2" doraHai="113" who="1" fromWho="1" sc="438,-39,180,89,224,-20,148,-20" /><INIT seed="5,0,0,4,4,63" ten="399,269,204,128" oya="1" hai0="89,30,51,53,72,69,133,83,105,48,74,5,68" hai1="116,97,18,124,49,27,123,100,23,87,104,113,88" hai2="96,127,12,131,120,134,81,21,1,43,122,111,115" hai3="13,90,31,98,44,94,129,73,57,85,77,4,92"/><U8/><E116/><V79/><F1/><W118/><G118/><T15/><D105/><U34/><E123/><V36/><F36/><W24/><G129/><T60/><D30/><U39/><E39/><V46/><F21/><W84/><G73/><T45/><D133/><U50/><E113/><V130/><F12/><W67/><G44/><T2/><D2/><U82/><E124/><V112/><F46/><W56/><G56/><T99/><D51/><U76/><E34/><V9/><F9/><N who="3" m="4263" /><G77/><T109/><D109/><U37/><E37/><V65/><F43/><W114/><G114/><N who="2" m="43561" /><F111/><W58/><G58/><T121/><D69/><U117/><E117/><V11/><F11/><W33/><G33/><T102/><D68/><U26/><E26/><V55/><F55/><W108/><G108/><T119/><D15/><U14/><REACH who="1" step="1"/><E76/><REACH who="1" ten="399,259,204,128" step="2"/><V126/><F126/><W75/><G24/><T132/><D119/><U32/><E32/><V41/><F127/><W64/><G31/><AGARI ba="0,1" hai="8,14,18,23,27,31,49,50,82,87,88,97,100,104" machi="31" ten="30,5800,0" yaku="1,1,7,1,54,1,53,0" doraHai="63" doraHaiUra="91" who="1" fromWho="3" sc="399,0,259,68,204,0,128,-58" /><INIT seed="5,1,0,0,5,28" ten="399,327,204,70" oya="1" hai0="61,45,20,34,39,94,80,48,42,24,71,110,91" hai1="128,84,26,134,104,3,13,118,1,111,2,27,47" hai2="25,124,101,81,19,32,44,62,16,132,75,50,131" hai3="100,93,96,55,6,102,105,15,9,90,22,86,8"/><U89/><E118/><V58/><F124/><W18/><G102/><T53/><D110/><U127/><E104/><V60/><F131/><W103/><G100/><T119/><D119/><U78/><E127/><V67/><F132/><W98/><G98/><T95/><D34/><U88/><E128/><V40/><F101/><W77/><G77/><T121/><D121/><U126/><E134/><V125/><F125/><W113/><G113/><T123/><D123/><U112/><E112/><V117/><F117/><W116/><G116/><T65/><D80/><U41/><E126/><V29/><REACH who="2" step="1"/><F62/><REACH who="2" ten="399,327,194,70" step="2"/><W135/><G135/><T83/><D61/><U122/><E122/><V49/><F49/><W38/><G38/><T4/><D48/><U30/><E111/><V14/><F14/><W68/><G68/><T129/><D71/><U51/><E13/><V64/><F64/><W92/><G105/><T114/><D65/><U36/><E36/><V108/><F108/><W115/><G115/><T23/><D114/><U99/><E51/><V72/><F72/><W43/><G43/><T57/><D42/><U7/><E41/><V66/><F66/><W120/><G120/><T76/><D39/><U0/><E0/><V73/><F73/><W130/><G130/><T52/><D129/><U87/><E1/><V37/><F37/><W21/><G55/><T69/><D53/><U107/><E2/><AGARI ba="1,1" hai="2,6,8,9,15,18,21,22,86,90,92,93,96,103" machi="2" ten="30,1000,0" yaku="7,1" doraHai="28" who="3" fromWho="1" sc="399,0,327,-13,194,0,70,23" /><INIT seed="6,0,0,3,0,111" ten="399,314,194,93" oya="2" hai0="74,32,69,81,23,119,13,22,104,71,58,30,108" hai1="62,46,130,78,53,42,131,10,87,5,17,107,26" hai2="57,59,117,94,49,25,110,123,15,67,83,64,72" hai3="7,90,16,102,105,63,52,80,103,112,60,50,126"/><V75/><F117/><W2/><G126/><T14/><D108/><U77/><E107/><V135/><F123/><W100/><G105/><T79/><D104/><U21/><E62/><N who="3" m="23594" /><G2/><T99/><D99/><U24/><E53/><V116/><F110/><W3/><G3/><T82/><D30/><U19/><E19/><V4/><F4/><W121/><G7/><T56/><D79/><U66/><E66/><V38/><F38/><W76/><G76/><T73/><D32/><U44/><E44/><V115/><F135/><W43/><G121/><T91/><D91/><U1/><E26/><V97/><F67/><W54/><G112/><T89/><D89/><U20/><E20/><V41/><F115/><W6/><G6/><T12/><REACH who="0" step="1"/><D13/><REACH who="0" ten="389,314,194,93" step="2"/><U98/><E98/><V129/><F15/><W70/><G90/><T92/><D92/><U33/><E78/><V34/><F97/><W101/><G80/><T18/><D18/><U55/><E33/><V0/><F83/><W84/><G70/><T8/><D8/><U96/><E10/><V118/><F34/><W132/><G132/><T51/><D51/><U28/><E17/><V61/><F49/><W36/><G36/><T133/><D133/><U113/><E77/><V93/><F93/><W9/><G84/><T48/><D48/><U127/><E87/><V86/><F86/><W31/><G31/><T114/><D114/><U11/><E113/><V65/><F65/><W68/><G68/><T27/><D27/><U40/><E24/><V95/><F64/><W134/><N who="3" m="25600" /><DORA hai="106" /><W122/><G134/><T124/><D124/><RYUUKYOKU ba="0,1" sc="389,30,314,-10,194,-10,93,-10" hai0="12,14,22,23,56,58,69,71,73,74,81,82,119" /><INIT seed="7,1,1,2,4,32" ten="419,304,184,83" oya="3" hai0="79,103,72,17,82,45,99,26,38,123,98,50,130" hai1="14,59,51,125,53,91,121,124,86,78,28,109,23" hai2="68,81,61,36,112,29,118,128,56,13,39,21,49" hai3="119,69,90,0,96,5,100,9,84,95,10,116,71"/><W35/><G35/><T22/><D130/><U114/><E109/><V102/><F118/><W122/><G122/><T57/><D123/><U73/><E114/><V27/><F102/><W129/><G129/><T65/><D38/><U52/><E121/><V106/><F106/><W11/><G11/><T33/><D33/><U104/><E104/><V20/><F68/><W76/><G76/><T105/><D99/><U12/><E73/><V42/><F81/><W64/><G10/><T31/><D65/><U135/><E135/><V67/><F112/><W6/><G6/><T2/><D57/><U1/><E1/><V44/><F128/><W43/><G43/><T62/><D62/><U48/><E28/><V133/><F133/><W8/><G8/><T87/><D2/><U83/><E78/><V66/><F66/><W30/><G30/><T111/><D111/><U19/><E12/><V134/><F134/><W92/><REACH who="3" step="1"/><G64/><REACH who="3" ten="419,304,184,73" step="2"/><T55/><D31/><U15/><E125/><V110/><F110/><W97/><G97/><T25/><D72/><U131/><E124/><V85/><F85/><W75/><G75/><T94/><D87/><U58/><E131/><V77/><F77/><W115/><G115/><T89/><D79/><U7/><E7/><V80/><F42/><W3/><G3/><T37/><D98/><U101/><E86/><V60/><F29/><W74/><G74/><T24/><D22/><U113/><E113/><V63/><F67/><W40/><G40/><T120/><D120/><U70/><E23/><V4/><F27/><W88/><G88/><T47/><D26/><RYUUKYOKU ba="1,2" sc="419,-10,304,-10,184,-10,73,30" hai3="0,5,9,69,71,84,90,92,95,96,100,116,119" /><INIT seed="7,2,2,5,3,56" ten="409,294,174,103" oya="3" hai0="46,58,28,108,84,121,27,96,17,51,117,127,128" hai1="39,36,72,107,34,54,21,24,97,59,14,75,80" hai2="64,126,9,53,130,26,2,60,115,88,50,90,20" hai3="87,120,113,52,114,125,55,70,66,4,133,86,15"/><W119/><G120/><T6/><D117/><U57/><E57/><N who="2" m="36879" /><F2/><W40/><G40/><T67/><D108/><U109/><E109/><V129/><F9/><N who="3" m="4519" /><G119/><T131/><D127/><U77/><E34/><V104/><F104/><W68/><G125/><T91/><D6/><U18/><E75/><V112/><F126/><W48/><G133/><T99/><D17/><U89/><E14/><V44/><F90/><W23/><G23/><N who="0" m="15487" /><D121/><U124/><E124/><V102/><F88/><W33/><G33/><T74/><D74/><U76/><E76/><V65/><F102/><W73/><G73/><T81/><D58/><U106/><E106/><V10/><F10/><W82/><G70/><T22/><D67/><U1/><E1/><V134/><F65/><W0/><G0/><T94/><D22/><U30/><E30/><N who="2" m="17735" /><F134/><W105/><G105/><T132/><D132/><U43/><E43/><V42/><F42/><W103/><G103/><T16/><D16/><U32/><E32/><V12/><F12/><W78/><G87/><T5/><D5/><U100/><E89/><V62/><F130/><N who="0" m="49706" /><D94/><U63/><AGARI ba="2,2" hai="18,21,24,36,39,54,59,63,72,77,80,97,100,107" machi="63" ten="20,2700,0" yaku="0,1,7,1,52,1" doraHai="56" who="1" fromWho="1" sc="409,-9,294,53,174,-9,103,-15" owari="400,50.0,347,14.7,165,-23.5,88,-41.2" /></mjloggm>