<mjloggm ver="2.3"><GO type="169" lobby="0"/><UN n0="%E3%81%95%E3%81%8F%E3%82%88%E3%81%93%E3%81%A1%E3%82%83%E3%82%93" n1="%E3%81%82%E3%81%BE%E3%81%82%E3%82%93" n2="%43%55%4B%45%59" n3="%E7%8A%B6%E6%85%8B%E9%BA%BB%E9%9B%80" dan="16,16,16,17" rate="2090.32,2085.71,2074.23,2210.74" sx="F,M,M,M"/><TAIKYOKU oya="0"/><INIT seed="0,0,0,1,0,40" ten="250,250,250,250" oya="0" hai0="49,72,6,112,33,56,24,64,53,119,70,134,130" hai1="101,113,90,132,95,36,44,11,39,77,38,1,81" hai2="109,21,115,41,96,91,59,13,75,123,23,55,131" hai3="48,57,103,3,133,76,79,37,107,20,111,67,92"/><T4/><D112/><U83/><E113/><V102/><F115/><W116/><G37/><T54/><D119/><U16/><E132/><V34/><F109/><W118/><G107/><T18/><D72/><U97/><E1/><V2/><F2/><W15/><G3/><T14/><D134/><U43/><E101/><V68/><F68/><W82/><G133/><T9/><D130/><U73/><REACH who="1" step="1"/><E81/><REACH who="1" ten="250,240,250,250" step="2"/><V8/><F102/><W84/><G82/><T128/><D128/><U93/><E93/><V31/><F131/><W46/><G92/><T27/><D33/><U86/><E86/><V17/><F34/><W94/><G84/><T87/><D87/><U110/><E110/><V30/><F75/><W28/><G111/><T58/><D70/><U129/><E129/><V80/><F80/><W45/><G94/><T29/><D29/><U32/><E32/><V71/><F71/><W66/><G28/><T25/><REACH who="0" step="1"/><D64/><REACH who="0" ten="240,240,250,250" step="2"/><U19/><E19/><N who="2" m="8615" /><F30/><W7/><G67/><T100/><D100/><U125/><E125/><V114/><F31/><W69/><G103/><T74/><D74/><U65/><E65/><V47/><F17/><W0/><G69/><T52/><D52/><U22/><E22/><V50/><F114/><W61/><G118/><T122/><D122/><U105/><E105/><V121/><F123/><W51/><G116/><T108/><D108/><U135/><E135/><V12/><F121/><W35/><G35/><T26/><N who="0" m="6144" /><DORA hai="78" /><T89/><D89/><U10/><E10/><V99/><F91/><W117/><G117/><T98/><D98/><N who="2" m="37418" /><F12/><AGARI ba="0,2" hai="11,12,16,36,38,39,43,44,73,77,83,90,95,97" machi="12" ten="40,12000,2" yaku="1,1,52,2,54,1,53,2" doraHai="40,78" doraHaiUra="5,104" who="1" fromWho="2" sc="240,0,240,140,250,-120,250,0" /><INIT seed="1,0,0,0,1,84" ten="240,380,130,250" oya="1" hai0="2,106,88,124,62,86,80,97,7,55,10,24,75" hai1="30,23,99,100,6,91,58,48,33,74,77,65,16" hai2="27,98,122,54,111,94,133,114,72,52,71,4,56" hai3="0,3,42,26,20,121,66,87,50,68,132,49,120"/><U64/><E6/><V113/><F122/><W47/><G132/><T135/><D135/><U29/><E74/><V104/><F133/><W90/><G50/><T67/><D124/><U46/><E77/><V125/><F71/><W61/><G121/><T22/><D75/><U41/><E33/><V69/><F125/><W11/><G11/><T38/><D38/><U123/><E123/><V43/><F69/><W19/><REACH who="3" step="1"/><G120/><REACH who="3" ten="240,380,130,240" step="2"/><T96/><D106/><U134/><E134/><V34/><F104/><W82/><AGARI ba="0,1" hai="0,3,19,20,26,42,47,49,61,66,68,82,87,90" machi="82" ten="20,8000,1" yaku="1,1,2,1,0,1,7,1,52,1,53,0" doraHai="84" doraHaiUra="93" who="3" fromWho="3" sc="240,-20,380,-40,130,-20,240,90" /><INIT seed="2,0,0,5,4,21" ten="220,340,110,330" oya="2" hai0="111,112,103,63,26,91,72,38,90,0,122,135,92" hai1="84,55,80,29,67,37,75,85,134,104,114,14,6" hai2="48,24,46,87,35,127,13,69,25,15,62,78,23" hai3="124,34,105,110,51,129,4,125,52,18,50,49,94"/><V16/><F127/><N who="3" m="48715" /><G105/><T42/><D112/><U33/><E114/><V119/><F119/><W120/><G120/><T83/><D122/><U22/><E37/><V76/><F69/><W96/><G34/><T123/><D123/><U102/><E134/><V99/><F62/><W8/><G110/><T65/><D0/><U73/><E67/><V64/><F64/><W47/><G18/><T39/><D111/><U3/><E3/><V116/><F99/><W56/><G47/><T32/><D135/><U77/><E33/><V36/><F36/><W17/><G17/><T109/><D109/><U93/><E6/><V71/><F71/><W74/><G74/><T2/><D2/><U43/><E43/><N who="2" m="24671" /><F116/><W54/><G54/><T20/><D32/><U58/><E104/><V88/><F35/><W121/><G129/><T128/><D128/><U28/><E73/><V5/><F13/><N who="3" m="5255" /><G121/><T70/><D42/><U126/><E126/><V45/><F45/><W61/><G61/><T79/><D39/><U66/><E66/><V60/><F60/><W27/><G27/><N who="2" m="10313" /><F5/><W1/><G1/><T59/><D38/><U133/><E133/><V81/><AGARI ba="0,0" hai="15,16,23,76,78,81,87,88" m="10313,24671" machi="81" ten="30,18000,2" yaku="8,1,52,3,54,2" doraHai="21" who="2" fromWho="2" sc="220,-60,340,-60,110,180,330,-60" /><INIT seed="2,1,0,3,3,109" ten="160,280,290,270" oya="2" hai0="67,43,3,61,108,53,118,100,57,7,119,11,58" hai1="41,71,86,31,28,6,38,129,97,73,32,35,122" hai2="62,135,20,125,8,94,48,103,88,2,114,68,26" hai3="13,78,47,131,134,89,101,25,4,75,82,16,12"/><V59/><F135/><W29/><G134/><T54/><D108/><U15/><E73/><V133/><F133/><W70/><G70/><T120/><D120/><U9/><E71/><V90/><F125/><W27/><G131/><T87/><D67/><U60/><E129/><V39/><F39/><W95/><G101/><T127/><D127/><U113/><E113/><V124/><F114/><W105/><G105/><T72/><D72/><U111/><E111/><V126/><F48/><W19/><G4/><T24/><D43/><U102/><E122/><V52/><F68/><W104/><G104/><T49/><D100/><U123/><E123/><V33/><F33/><W76/><G76/><T17/><D87/><U40/><E86/><V79/><F79/><W110/><G47/><T18/><REACH who="0" step="1"/><D24/><REACH who="0" ten="150,280,290,270" step="2"/><U84/><E40/><V83/><F126/><W21/><G110/><T96/><D96/><U56/><E41/><V37/><F124/><W36/><G36/><T5/><D5/><U30/><E38/><V10/><F37/><W45/><G27/><T50/><D50/><U92/><REACH who="1" step="1"/><E84/><REACH who="1" ten="150,270,290,270" step="2"/><N who="2" m="50463" /><F103/><W85/><G75/><T34/><D34/><U93/><E93/><V115/><F115/><W130/><G130/><T112/><D112/><U77/><E77/><V44/><F94/><W22/><G95/><T117/><AGARI ba="1,2" hai="3,7,11,17,18,49,53,54,57,58,61,117,118,119" machi="117" ten="30,4000,0" yaku="1,1,0,1,12,1,53,0" doraHai="109" doraHaiUra="121" who="0" fromWho="0" sc="150,63,270,-11,290,-21,270,-11" /><INIT seed="3,0,0,3,2,1" ten="213,259,269,259" oya="3" hai0="130,101,108,18,34,115,77,5,72,41,120,127,65" hai1="74,99,27,19,90,40,9,29,95,4,15,112,39" hai2="46,20,89,78,121,123,96,81,11,106,37,28,51" hai3="98,21,35,22,114,131,88,12,126,24,134,2,49"/><W124/><G114/><T133/><D41/><U23/><E112/><V109/><F37/><W132/><G2/><T107/><D18/><U75/><E39/><V43/><F109/><W6/><G49/><T16/><D34/><U17/><E40/><V85/><F106/><W25/><G35/><T67/><D77/><U93/><E19/><V33/><F33/><W58/><G58/><T103/><D5/><U125/><E125/><N who="3" m="48234" /><G98/><T61/><D16/><U13/><REACH who="1" step="1"/><E93/><REACH who="1" ten="213,249,269,259" step="2"/><N who="2" m="56367" /><F123/><W7/><G131/><T105/><D130/><U45/><E45/><V31/><F121/><W3/><G134/><T71/><D133/><U110/><E110/><V79/><F28/><N who="3" m="17423" /><G132/><T62/><D108/><U94/><E94/><V8/><F79/><W100/><G100/><T36/><D120/><U80/><E80/><V113/><F113/><W14/><G88/><T53/><D36/><U59/><E59/><V63/><F63/><W97/><G97/><T92/><D115/><U68/><E68/><V135/><F135/><W52/><G7/><T87/><D127/><U26/><E26/><AGARI ba="0,1" hai="8,11,20,26,31,43,46,51,78,81,85" m="56367" machi="26" ten="30,1000,0" yaku="8,1" doraHai="1" who="2" fromWho="1" sc="213,0,249,-10,269,20,259,0" /><INIT seed="4,0,0,2,4,8" ten="213,239,289,259" oya="0" hai0="86,104,50,20,71,10,16,118,79,131,0,135,43" hai1="38,66,62,128,52,47,53,30,114,35,92,122,76" hai2="123,121,100,26,107,111,7,82,74,54,132,110,14" hai3="44,61,22,130,41,72,78,95,105,127,45,46,113"/><T80/><D118/><U85/><E122/><V4/><F54/><W51/><G105/><T75/><D104/><U39/><E128/><V34/><F82/><W108/><G108/><N who="2" m="41513" /><F74/><W63/><G130/><T28/><D131/><U15/><E114/><V81/><F81/><W90/><G113/><T25/><D71/><U89/><E76/><V73/><F73/><W24/><G127/><T83/><D135/><U13/><E35/><V27/><F100/><W32/><G32/><T120/><D120/><N who="2" m="46154" /><F107/><W101/><G101/><T93/><D93/><U49/><E30/><N who="2" m="19799" /><F27/><W12/><G78/><T9/><D0/><U99/><E53/><V70/><F70/><W87/><G72/><T77/><REACH who="0" step="1"/><D28/><REACH who="0" ten="203,239,289,259" step="2"/><U119/><E119/><V125/><F132/><W2/><G2/><T134/><D134/><U42/><E99/><V102/><F102/><W116/><G116/><T19/><D19/><U31/><E31/><V55/><F125/><W29/><G29/><T124/><D124/><U109/><E109/><V64/><F4/><W67/><G95/><T18/><D18/><U5/><E5/><V59/><F7/><W98/><G98/><T133/><D133/><U21/><E21/><V129/><F129/><W68/><G22/><T84/><D84/><U11/><E11/><V94/><F94/><W40/><G87/><T58/><D58/><N who="1" m="33039" /><E39/><V57/><F57/><W48/><G68/><T60/><D60/><U88/><E89/><V23/><F23/><W97/><G90/><T37/><D37/><U33/><E33/><V106/><F106/><W65/><G63/><T17/><D17/><RYUUKYOKU ba="0,1" sc="203,15,239,15,289,-15,259,-15" hai0="9,10,16,20,25,43,50,75,77,79,80,83,86" hai1="13,15,38,42,47,62,66,85,88,92" /><INIT seed="4,1,1,0,0,55" ten="218,254,274,244" oya="0" hai0="85,75,107,58,23,83,19,34,110,31,40,69,89" hai1="104,30,120,11,111,46,44,108,76,81,125,122,90" hai2="128,102,63,70,130,20,6,121,12,113,47,88,132" hai3="84,50,25,91,135,129,28,64,22,45,21,26,60"/><T29/><D69/><U94/><E104/><V24/><F121/><W48/><G129/><N who="2" m="49769" /><F102/><W101/><G135/><T74/><D107/><U134/><E30/><V79/><F79/><W49/><G101/><T14/><D110/><U96/><E134/><V65/><F113/><W18/><G45/><T3/><D3/><U39/><E125/><V86/><F47/><W57/><REACH who="3" step="1"/><G48/><REACH who="3" ten="218,254,274,234" step="2"/><T133/><D133/><U9/><E46/><V114/><F132/><W1/><G1/><T33/><D40/><U105/><E44/><V72/><F114/><W52/><G52/><T126/><D126/><U87/><E39/><V42/><F42/><W93/><AGARI ba="1,2" hai="18,21,22,25,26,28,49,50,57,60,64,84,91,93" machi="93" ten="20,12000,2" yaku="1,1,0,1,7,1,8,1,52,1,53,2" doraHai="55" doraHaiUra="16" who="3" fromWho="3" sc="218,-61,254,-31,274,-31,234,143" /><INIT seed="5,0,0,5,4,97" ten="157,223,243,377" oya="1" hai0="112,77,36,41,62,9,109,15,21,35,88,24,31" hai1="27,83,33,30,28,14,11,101,130,71,7,74,37" hai2="93,19,51,89,44,59,103,126,79,20,39,92,120" hai3="110,60,96,56,22,128,25,29,10,43,46,34,84"/><U90/><E130/><V104/><F39/><W100/><G110/><T81/><D109/><U80/><E71/><V131/><F120/><W69/><G128/><T87/><D112/><U115/><E115/><V13/><F126/><W17/><G69/><T63/><D36/><U106/><E37/><V2/><F2/><W98/><G84/><T114/><D114/><U125/><E125/><V57/><F79/><W40/><G10/><T38/><D38/><U32/><E74/><V129/><F104/><W108/><G108/><T118/><D118/><U121/><E121/><V55/><F129/><W132/><G132/><T6/><D41/><U119/><E119/><V52/><F131/><W45/><G96/><T122/><D122/><U117/><E117/><V18/><F103/><W135/><G40/><T86/><REACH who="0" step="1"/><D35/><REACH who="0" ten="147,223,243,377" step="2"/><U113/><E113/><V0/><F0/><W1/><G43/><T47/><D47/><U102/><E106/><V26/><F44/><W116/><G1/><T61/><D61/><U99/><E80/><AGARI ba="0,1" hai="6,9,15,21,24,31,62,63,77,80,81,86,87,88" machi="80" ten="30,7700,0" yaku="1,1,7,1,8,1,54,1,53,0" doraHai="97" doraHaiUra="49" who="0" fromWho="1" sc="147,87,223,-77,243,0,377,0" /><INIT seed="6,0,0,0,3,87" ten="234,146,243,377" oya="2" hai0="93,60,59,47,127,62,38,2,31,78,43,45,32" hai1="70,99,76,50,65,77,27,19,15,1,26,11,125" hai2="131,101,28,63,109,71,25,30,102,100,98,122,7" hai3="13,115,66,108,97,35,134,124,8,89,54,95,133"/><V129/><F122/><W132/><G108/><T51/><D2/><U119/><E119/><V86/><F109/><W67/><G124/><T117/><D117/><U9/><E125/><V16/><F7/><N who="3" m="3231" /><G115/><T75/><D127/><U81/><E70/><V57/><F71/><W36/><G36/><T107/><D107/><U39/><E65/><N who="3" m="24586" /><G54/><T33/><D31/><U4/><E39/><V104/><F86/><W41/><G41/><T49/><D38/><U0/><E0/><V88/><F104/><W112/><G112/><T24/><D24/><U48/><E77/><V106/><F106/><W69/><G69/><T46/><D78/><U72/><E27/><V14/><F25/><W53/><G53/><T29/><D29/><U105/><REACH who="1" step="1"/><E26/><REACH who="1" ten="234,136,243,377" step="2"/><V5/><F28/><W61/><G35/><T85/><D32/><U79/><E79/><V94/><F30/><W44/><G134/><T55/><D33/><U6/><E6/><V64/><REACH who="2" step="1"/><F5/><REACH who="2" ten="234,136,233,377" step="2"/><W114/><G114/><T123/><D123/><U42/><E42/><V37/><F37/><W34/><G34/><T130/><D43/><U116/><E116/><V128/><F128/><W96/><G133/><T12/><D12/><U68/><E68/><V82/><F82/><W23/><G132/><T103/><D130/><U80/><E80/><V3/><F3/><W83/><G83/><T110/><D110/><U17/><E17/><V92/><F92/><W22/><G95/><T120/><D93/><U90/><E90/><V91/><F91/><W56/><G89/><T18/><D18/><U118/><E118/><V10/><AGARI ba="0,2" hai="10,14,16,57,63,64,88,94,98,100,101,102,129,131" machi="10" ten="30,18000,2" yaku="1,1,5,1,0,1,52,1,54,2,53,0" doraHai="87" doraHaiUra="74" who="2" fromWho="2" sc="234,-60,136,-60,233,200,377,-60" /><INIT seed="6,1,0,2,1,105" ten="174,76,433,317" oya="2" hai0="28,12,128,63,53,30,67,20,22,122,1,18,125" hai1="5,87,115,39,124,13,99,35,49,50,119,132,59" hai2="17,96,41,106,37,36,133,24,93,69,126,110,117" hai3="48,129,3,82,8,79,86,64,108,95,52,130,15"/><V51/><F117/><W29/><G108/><T4/><D122/><U97/><E119/><V73/><F69/><W14/><G64/><T62/><D128/><N who="3" m="49257" /><G29/><T107/><D107/><U57/><E39/><V46/><F110/><W90/><G3/><T33/><D33/><U91/><E35/><V2/><F133/><W92/><G8/><T84/><D125/><U45/><E124/><V10/><F106/><W114/><G114/><T43/><D43/><U101/><E115/><V121/><F121/><W27/><G27/><T0/><D4/><U56/><E132/><V112/><F112/><W94/><G90/><T11/><D0/><U113/><E113/><V54/><F2/><W81/><G81/><T98/><D67/><U47/><E101/><V71/><F71/><W135/><G135/><T16/><D28/><U44/><E13/><V83/><F37/><W9/><G9/><T88/><D30/><U40/><E5/><V72/><F36/><W103/><G103/><T77/><D11/><U7/><E7/><V76/><F126/><W55/><G55/><T21/><D53/><U26/><E26/><V111/><F111/><W123/><G123/><T42/><D42/><U6/><E6/><V127/><F127/><W70/><G70/><T80/><D1/><U19/><E19/><N who="0" m="7209" /><D12/><U75/><E75/><V32/><F72/><W66/><G66/><T58/><D58/><AGARI ba="1,0" hai="14,15,48,52,58,79,82,86,92,94,95" m="49257" machi="58" ten="30,2000,0" yaku="19,1,54,1" doraHai="105" who="3" fromWho="0" sc="174,-23,76,0,433,0,317,23" /><INIT seed="7,0,0,5,0,46" ten="151,76,433,340" oya="3" hai0="7,80,131,38,117,36,89,102,63,134,30,73,69" hai1="12,40,103,23,76,0,97,16,90,25,33,42,92" hai2="53,48,67,116,59,94,28,74,60,19,31,132,129" hai3="115,49,126,130,84,15,119,24,41,113,66,91,18"/><W11/><G119/><T70/><D117/><U135/><E135/><V85/><F116/><W57/><G130/><T37/><D134/><U121/><E121/><V79/><F132/><W45/><G126/><T100/><D131/><U93/><E0/><V2/><F2/><W124/><G124/><T58/><D7/><U108/><E108/><V64/><F74/><W123/><G123/><T118/><D30/><N who="2" m="11306" /><F129/><W3/><G3/><T44/><D44/><U82/><E33/><V20/><F60/><W35/><G35/><T51/><D51/><U34/><E34/><V81/><F94/><W133/><G24/><AGARI ba="0,0" hai="19,20,24,48,53,59,64,67,79,81,85" m="11306" machi="24" ten="30,2000,0" yaku="8,1,52,1" doraHai="46" who="2" fromWho="3" sc="151,0,76,0,433,20,340,-20" owari="151,-24.9,76,-42.4,453,55.3,320,12.0" /></mjloggm>