<mjloggm ver="2.3"><GO type="169" lobby="0"/><UN n0="%E3%81%95%E3%81%8B%E3%81%8D" n1="%E2%91%A3%E3%82%BB%E3%83%B3%E3%83%81" n2="%E3%83%80%E3%83%8B%E3%83%90%E3%83%81%E3%83%A7%E3%83%95" n3="%E3%81%AA%E3%81%8B%E3%81%AE%E3%81%86%E3%81%88" dan="16,18,17,16" rate="2141.88,2271.43,2194.02,2151.09" sx="M,M,M,M"/><TAIKYOKU oya="0"/><INIT seed="0,0,0,4,4,127" ten="250,250,250,250" oya="0" hai0="25,41,74,110,96,37,125,40,120,80,42,123,101" hai1="132,28,87,50,3,112,66,35,116,70,47,107,57" hai2="124,36,102,81,95,104,108,114,92,49,31,103,122" hai3="2,105,61,89,71,111,20,67,78,109,69,7,43"/><T79/><D125/><U21/><E107/><V113/><F124/><W6/><G105/><T13/><D37/><U129/><E3/><V16/><F36/><W44/><G71/><T33/><D110/><N who="3" m="41993" /><G78/><T55/><D13/><U97/><E35/><V63/><F108/><W10/><G7/><T65/><D65/><U46/><E70/><V14/><F31/><W0/><G89/><T90/><D90/><U100/><E116/><V60/><F104/><W29/><G2/><T68/><D68/><U5/><E5/><V72/><F122/><W48/><G20/><T19/><D55/><U121/><E132/><V52/><F81/><W73/><G29/><T45/><D45/><U118/><E112/><V85/><F72/><AGARI ba="0,0" hai="0,6,10,43,44,48,61,67,69,72,73" m="41993" machi="72" ten="30,1000,0" yaku="14,1" doraHai="127" who="3" fromWho="2" sc="250,0,250,0,250,-10,250,10" /><INIT seed="1,0,0,5,2,13" ten="250,250,240,260" oya="1" hai0="10,109,126,5,77,74,79,0,48,94,9,82,88" hai1="111,22,45,131,14,85,21,2,61,98,51,41,93" hai2="73,86,40,64,96,66,113,89,92,42,1,65,8" hai3="80,35,103,62,18,117,124,44,60,128,49,17,52"/><U71/><E2/><V33/><F73/><W7/><G35/><T39/><D109/><U125/><E131/><V38/><F33/><W24/><G128/><T54/><D126/><U25/><E125/><V36/><F113/><W129/><G124/><T108/><D108/><U58/><E111/><V59/><F59/><W132/><G129/><T4/><D39/><U32/><E71/><V76/><F38/><W27/><G132/><T3/><D82/><U83/><E32/><V56/><F36/><W53/><G117/><T101/><D101/><U15/><E22/><V97/><F1/><W106/><G7/><T84/><REACH who="0" step="1"/><D74/><REACH who="0" ten="240,250,240,260" step="2"/><U134/><E134/><V81/><F56/><AGARI ba="0,1" hai="0,3,4,5,9,10,48,54,56,77,79,84,88,94" machi="56" ten="30,8000,1" yaku="1,1,2,1,7,1,9,1,54,1,53,0" doraHai="13" doraHaiUra="29" who="0" fromWho="2" sc="240,90,250,0,240,-80,260,0" /><INIT seed="2,0,0,4,3,52" ten="330,250,160,260" oya="2" hai0="45,96,127,73,105,109,47,89,40,35,57,58,15" hai1="23,92,132,81,129,56,116,122,124,12,85,17,113" hai2="63,34,117,61,26,25,41,133,91,101,84,32,60" hai3="42,135,62,82,51,115,46,111,43,19,20,54,50"/><V2/><F117/><W24/><G111/><T131/><D73/><U125/><E116/><V38/><F2/><W121/><G121/><T3/><D3/><U126/><E113/><V18/><F133/><W13/><G135/><T123/><D123/><U48/><E122/><V106/><F41/><W87/><G115/><T108/><D35/><U22/><E132/><V102/><F38/><W72/><G72/><T53/><D131/><U110/><E110/><N who="0" m="42601" /><D127/><U9/><E92/><V21/><F106/><W70/><G70/><T14/><D53/><N who="1" m="31783" /><E129/><V11/><F11/><W114/><G62/><T55/><D55/><U95/><E95/><V130/><F130/><W74/><G74/><T107/><D89/><AGARI ba="0,0" hai="9,12,17,22,23,81,85,89,124,125,126" m="31783" machi="89" ten="30,2000,0" yaku="18,1,52,1" doraHai="52" who="1" fromWho="0" sc="330,-20,250,20,160,0,260,0" /><INIT seed="3,0,0,4,0,68" ten="310,270,160,260" oya="3" hai0="21,110,16,106,87,66,88,96,63,120,52,99,129" hai1="105,124,92,81,76,78,62,42,131,56,119,93,97" hai2="26,33,38,34,36,72,102,100,17,109,18,43,11" hai3="94,61,113,84,111,114,98,103,32,10,101,0,134"/><W37/><G32/><T86/><D120/><U73/><E124/><V127/><F109/><W6/><G111/><T89/><D110/><U22/><E131/><V24/><F43/><W44/><G134/><T5/><D5/><U123/><E123/><V4/><F4/><W59/><G103/><T29/><D29/><U74/><E42/><V15/><F72/><N who="1" m="27753" /><E22/><V40/><F40/><W95/><G44/><T125/><D129/><U2/><E56/><V75/><F75/><W60/><G37/><T130/><D125/><U135/><E62/><V1/><F15/><W112/><REACH who="3" step="1"/><G59/><REACH who="3" ten="310,270,160,250" step="2"/><N who="0" m="35303" /><D130/><U83/><E135/><V121/><F121/><W53/><G53/><T108/><D108/><U27/><E119/><V57/><F57/><W128/><G128/><T115/><D106/><U25/><E105/><V28/><F127/><W64/><G64/><T91/><D66/><U69/><E69/><V126/><F126/><W77/><G77/><T47/><D47/><U65/><E65/><V14/><F1/><W104/><G104/><T46/><D46/><U19/><E78/><V116/><F116/><W117/><G117/><T82/><D115/><U49/><E76/><V12/><REACH who="2" step="1"/><F11/><REACH who="2" ten="310,270,150,250" step="2"/><W67/><G67/><T132/><D132/><U9/><E9/><V3/><F3/><W90/><AGARI ba="0,2" hai="0,6,10,60,61,84,90,94,95,98,101,112,113,114" machi="90" ten="40,3900,0" yaku="1,1,0,1,53,0" doraHai="68" doraHaiUra="50" who="3" fromWho="3" sc="310,-13,270,-13,150,-13,250,59" /><INIT seed="3,1,0,5,2,102" ten="297,257,137,309" oya="3" hai0="107,108,63,45,77,86,101,24,74,6,89,105,65" hai1="16,12,99,49,112,23,17,29,113,118,123,126,94" hai2="92,67,122,64,127,125,79,33,106,96,61,87,91" hai3="128,40,58,53,2,111,124,88,132,83,44,80,130"/><W54/><G2/><T68/><D108/><U1/><E123/><V20/><F33/><W28/><G111/><T73/><D6/><U93/><E1/><V103/><F122/><W71/><G71/><T38/><D24/><U52/><E126/><N who="2" m="48139" /><F79/><W48/><G132/><T120/><D120/><U115/><E118/><V70/><F67/><W26/><G124/><T42/><D101/><U59/><E29/><V81/><F20/><W85/><G83/><AGARI ba="1,0" hai="61,64,70,81,83,87,91,92,96,103,106" m="48139" machi="83" ten="30,2000,0" yaku="18,1,52,1" doraHai="102" who="2" fromWho="3" sc="297,0,257,0,137,23,309,-23" /><INIT seed="4,0,0,5,3,60" ten="297,257,160,286" oya="0" hai0="102,84,113,115,128,87,63,65,19,76,62,97,106" hai1="58,32,82,31,39,127,40,56,17,98,7,22,126" hai2="66,37,122,55,75,48,134,80,100,116,5,130,47" hai3="85,103,43,89,124,3,50,42,11,69,119,53,27"/><T123/><D123/><U2/><E39/><V79/><F122/><W44/><G119/><T18/><D128/><U110/><E40/><V51/><F116/><W94/><G124/><N who="1" m="47658" /><E82/><V12/><F134/><W86/><G69/><T52/><D115/><U23/><E98/><V120/><F120/><W83/><G3/><T99/><D113/><U74/><E58/><V13/><F130/><W59/><G11/><T67/><D76/><U91/><E91/><V10/><F37/><W0/><G0/><T72/><D72/><U61/><E74/><V9/><F100/><W54/><G27/><T118/><D118/><U111/><E23/><V68/><F51/><N who="3" m="28903" /><G103/><T92/><D102/><U112/><E112/><V77/><F77/><AGARI ba="0,0" hai="42,43,50,54,59,77,83,85,86,89,94" m="28903" machi="77" ten="30,1000,0" yaku="8,1" doraHai="60" who="3" fromWho="2" sc="297,0,257,0,160,-10,286,10" /><INIT seed="5,0,0,5,1,89" ten="297,257,150,296" oya="1" hai0="115,86,111,8,63,64,14,133,127,70,58,15,55" hai1="97,7,81,42,80,11,124,114,37,106,67,52,1" hai2="29,96,31,57,28,71,47,108,51,53,125,12,18" hai3="119,25,65,3,107,113,21,60,9,93,50,110,26"/><U19/><E67/><V38/><F108/><W103/><G107/><T131/><D111/><U22/><E114/><V59/><F71/><W4/><G113/><T44/><D115/><U54/><E124/><V45/><F125/><W43/><G119/><T79/><D127/><U66/><E66/><V94/><F45/><W120/><G120/><T72/><D72/><U109/><E109/><V17/><F38/><W117/><G117/><T33/><D33/><U41/><E81/><V90/><REACH who="2" step="1"/><F18/><REACH who="2" ten="297,257,140,296" step="2"/><W116/><G110/><T129/><D44/><U128/><E37/><V49/><F49/><W88/><G50/><T87/><D70/><U100/><E128/><V75/><F75/><W83/><G116/><T92/><D131/><U84/><E42/><V101/><F101/><W61/><G103/><T123/><D129/><U85/><E41/><V16/><F16/><W5/><G43/><T39/><D39/><U126/><E126/><V98/><F98/><W6/><G61/><T132/><D63/><U46/><E46/><V13/><F13/><W62/><G62/><T24/><D15/><U35/><E85/><V104/><F104/><W23/><G60/><T36/><D36/><U78/><REACH who="1" step="1"/><E35/><REACH who="1" ten="297,247,140,296" step="2"/><V30/><N who="2" m="7168" /><DORA hai="56" /><V69/><F69/><W32/><G32/><T122/><D87/><U74/><E74/><V68/><F68/><W82/><G65/><T0/><D64/><U118/><E118/><V121/><F121/><W40/><G40/><T112/><D112/><U91/><E91/><V99/><F99/><W95/><G88/><T76/><D123/><U135/><E135/><RYUUKYOKU ba="0,2" sc="297,-15,247,15,140,15,296,-15" hai1="1,7,11,19,22,52,54,78,80,84,97,100,106" hai2="12,17,47,51,53,57,59,90,94,96" /><INIT seed="5,1,2,2,0,79" ten="282,262,155,281" oya="1" hai0="112,111,110,12,133,49,56,55,117,77,82,101,36" hai1="34,114,18,107,10,87,68,32,135,43,118,124,1" hai2="131,85,2,42,53,37,8,100,120,28,44,97,60" hai3="78,21,70,63,75,45,5,134,19,128,73,81,23"/><U9/><E68/><V90/><F120/><W102/><G128/><T80/><D117/><U96/><E43/><V4/><F131/><W99/><G134/><T41/><D133/><U98/><E107/><V72/><F72/><W86/><G5/><T122/><D122/><U106/><E106/><V30/><F53/><W94/><G45/><T64/><D112/><U95/><E135/><V48/><F60/><W127/><G127/><T24/><D101/><U119/><E87/><V54/><F97/><W74/><REACH who="3" step="1"/><G19/><REACH who="3" ten="282,262,155,271" step="2"/><T61/><D111/><U67/><E18/><V6/><F6/><W76/><G76/><T29/><D77/><U84/><E124/><V38/><F100/><W104/><G104/><T66/><D110/><U103/><E103/><V91/><F91/><W62/><G62/><T83/><D36/><U71/><E118/><V33/><F38/><W51/><G51/><T31/><D49/><U40/><E119/><V109/><F109/><W93/><G93/><T15/><D41/><U0/><E95/><V25/><F30/><W113/><G113/><T57/><D29/><U11/><E40/><V121/><F121/><W20/><G20/><N who="0" m="15751" /><D64/><AGARI ba="1,3" hai="21,23,63,64,70,73,74,75,78,81,86,94,99,102" machi="64" ten="40,2600,0" yaku="1,1,52,1,53,0" doraHai="79" doraHaiUra="22" who="3" fromWho="0" sc="282,-29,262,0,155,0,271,59" /><INIT seed="6,0,0,4,4,116" ten="253,262,155,330" oya="2" hai0="32,33,56,25,51,66,79,40,5,31,81,130,113" hai1="50,49,27,74,86,98,123,117,17,18,62,88,110" hai2="37,75,8,69,0,35,77,61,14,132,30,122,97" hai3="78,7,23,12,111,43,67,55,15,11,99,21,54"/><V36/><F132/><W129/><G111/><T38/><D113/><U114/><E110/><V39/><F122/><W133/><G129/><T42/><D130/><U102/><E74/><V19/><F0/><W106/><G133/><T4/><D33/><U20/><E117/><V109/><F109/><W100/><G67/><T45/><D42/><U121/><E62/><V82/><F97/><W22/><G43/><T118/><D118/><U104/><E18/><V1/><F1/><W72/><G15/><T80/><D80/><U41/><E114/><V112/><F112/><W84/><G72/><T94/><D94/><U28/><E28/><V124/><F124/><W96/><G96/><T87/><D66/><U9/><E9/><V68/><REACH who="2" step="1"/><F61/><REACH who="2" ten="253,262,145,330" step="2"/><W125/><G125/><T16/><D4/><U89/><E123/><V95/><F95/><W63/><G63/><T64/><D5/><U127/><E121/><V135/><F135/><W6/><G6/><T29/><D64/><U134/><E134/><V85/><F85/><W93/><G106/><T48/><D87/><U57/><E127/><V108/><F108/><W126/><G126/><T10/><D81/><AGARI ba="0,1" hai="7,11,12,21,22,23,54,55,78,81,84,93,99,100" machi="81" ten="40,1300,0" yaku="8,1" doraHai="116" who="3" fromWho="0" sc="253,-13,262,0,145,0,330,23" /><INIT seed="7,0,0,0,4,83" ten="240,262,145,353" oya="3" hai0="73,20,60,33,49,26,63,23,122,8,79,82,131" hai1="102,28,57,59,91,44,12,50,86,61,7,9,135" hai2="121,126,65,15,41,21,37,14,87,16,75,24,66" hai3="129,97,1,101,51,116,128,115,43,69,39,25,38"/><W78/><G51/><T58/><D122/><U35/><E135/><V106/><F75/><W104/><G25/><T48/><D131/><U70/><E70/><V30/><F121/><W19/><G19/><T127/><D127/><U45/><E35/><V108/><F108/><W32/><G97/><T54/><D33/><U107/><E107/><V98/><F126/><W113/><G101/><T84/><D73/><U110/><E102/><V100/><F15/><W3/><G78/><T111/><D111/><U92/><E110/><V6/><F6/><W10/><G39/><T64/><D8/><U36/><E28/><V105/><F106/><W132/><G38/><T17/><D20/><U55/><REACH who="1" step="1"/><E36/><REACH who="1" ten="240,252,145,353" step="2"/><V4/><F4/><W77/><G104/><T88/><D79/><U103/><E103/><V85/><F37/><W90/><G77/><T0/><D0/><U93/><E93/><V114/><F114/><W68/><G132/><T123/><D123/><U81/><E81/><V118/><F118/><W18/><G32/><T119/><D119/><U95/><E95/><V74/><F74/><W22/><G116/><T2/><D2/><U42/><E42/><V80/><F41/><W72/><G43/><T120/><D120/><U99/><E99/><V76/><REACH who="2" step="1"/><F87/><REACH who="2" ten="240,252,135,353" step="2"/><W89/><G3/><T34/><D84/><U130/><E130/><V109/><F109/><W117/><G1/><T13/><D13/><U134/><E134/><V133/><F133/><W46/><G129/><T47/><D26/><U94/><E94/><V5/><F5/><W112/><G128/><T67/><D82/><RYUUKYOKU ba="0,2" sc="240,-15,252,15,135,15,353,-15" hai1="7,9,12,44,45,50,55,57,59,61,86,91,92" hai2="14,16,21,24,30,65,66,76,80,85,98,100,105" owari="225,-17.5,267,6.7,150,-35.0,358,45.8" /></mjloggm>