<mjloggm ver="2.3"><GO type="169" lobby="0"/><UN n0="%E8%91%B5%E3%81%A1%E3%82%83%E3%82%93" n1="%E4%B8%89%E5%8D%81%E7%94%BB%E7%94%9F" n2="%E3%81%BE%E3%81%88%E3%81%9F" n3="%E4%BE%8D" dan="18,16,17,17" rate="2216.00,2147.02,2169.41,2243.07" sx="F,M,F,M"/><TAIKYOKU oya="0"/><INIT seed="0,0,0,0,4,42" ten="250,250,250,250" oya="0" hai0="79,57,3,103,99,82,40,95,9,102,112,15,16" hai1="129,124,110,8,66,58,78,98,105,21,93,115,10" hai2="133,84,43,76,71,44,81,19,2,41,61,94,36" hai3="121,89,0,130,126,53,30,37,33,77,26,7,135"/><T125/><D125/><U80/><E110/><V25/><F133/><W83/><G135/><T86/><D112/><U23/><E105/><V4/><F94/><W122/><G89/><T47/><D3/><U35/><E35/><V73/><F43/><W28/><G53/><T116/><D116/><U65/><E129/><V97/><F97/><W38/><G30/><T127/><D57/><U11/><E124/><V54/><F84/><W85/><G126/><T56/><D56/><U96/><E96/><V114/><F114/><W49/><G49/><N who="0" m="26855" /><D127/><U13/><E115/><V1/><F54/><W104/><G104/><T123/><D123/><N who="3" m="47113" /><G130/><T72/><D72/><U88/><E13/><V50/><F50/><W64/><G64/><T74/><D74/><U90/><E90/><AGARI ba="0,0" hai="9,15,16,79,82,86,90,95,99,102,103" m="26855" machi="90" ten="30,5800,0" yaku="8,1,52,1,54,1" doraHai="42" who="0" fromWho="1" sc="250,58,250,-58,250,0,250,0" /><INIT seed="0,1,0,3,4,108" ten="308,192,250,250" oya="0" hai0="117,12,98,97,114,18,126,76,100,110,91,96,124" hai1="31,102,74,22,119,15,35,67,8,42,133,72,66" hai2="95,20,27,131,28,104,118,113,89,86,61,51,37" hai3="0,129,127,79,39,106,101,111,1,81,63,50,52"/><T70/><D117/><U48/><E119/><V5/><F118/><W57/><G111/><T120/><D120/><U59/><E35/><V132/><F104/><W36/><G129/><T90/><D110/><U30/><E133/><V9/><F37/><W109/><G109/><T33/><D70/><U68/><E68/><V56/><F131/><W107/><G127/><N who="0" m="48683" /><D33/><U105/><E74/><V44/><F132/><W21/><G39/><T13/><D76/><U54/><E72/><V123/><F123/><W73/><G36/><T26/><D100/><U71/><E42/><V10/><F113/><W64/><G21/><N who="0" m="13623" /><D114/><U69/><E69/><V19/><F28/><W116/><G116/><T80/><D80/><U25/><E30/><V16/><F19/><W23/><G23/><T58/><D58/><U24/><E24/><V17/><F17/><W32/><G32/><T46/><D46/><U65/><E71/><V77/><F77/><W75/><G75/><T128/><D128/><U85/><E102/><V43/><REACH who="2" step="1"/><F5/><REACH who="2" ten="308,192,240,250" step="2"/><W83/><G107/><T40/><D40/><U99/><E31/><V6/><F6/><W38/><G38/><T60/><D60/><U88/><E48/><V135/><F135/><W94/><G106/><T14/><AGARI ba="1,1" hai="12,13,14,90,91,96,97,98" m="13623,48683" machi="14" ten="40,2100,0" yaku="18,1" doraHai="108" who="0" fromWho="0" sc="308,34,192,-8,240,-8,250,-8" /><INIT seed="0,2,0,0,3,42" ten="342,184,232,242" oya="0" hai0="4,32,25,86,6,109,17,115,96,67,91,82,76" hai1="66,117,11,64,90,94,114,113,103,30,124,101,31" hai2="14,74,43,20,107,29,108,68,105,100,26,84,127" hai3="50,15,23,39,128,53,122,28,83,33,69,102,57"/><T89/><D115/><N who="1" m="44043" /><E11/><V40/><F74/><W110/><G110/><T8/><D109/><U104/><E104/><V59/><F68/><W13/><G128/><T41/><D67/><N who="1" m="25643" /><E124/><V71/><F127/><W18/><G122/><T56/><D56/><U98/><E117/><V133/><F71/><W65/><G39/><T119/><D119/><U78/><E78/><V111/><F59/><W131/><G131/><T9/><D41/><U48/><E48/><V118/><F43/><W73/><G102/><AGARI ba="2,0" hai="30,31,90,94,98,101,102,103" m="25643,44043" machi="102" ten="30,1000,0" yaku="11,1" doraHai="42" who="1" fromWho="3" sc="342,0,184,16,232,0,242,-16" /><INIT seed="1,0,0,1,4,100" ten="342,200,232,226" oya="1" hai0="37,63,112,127,61,9,71,67,27,32,43,24,8" hai1="78,7,50,44,73,83,6,109,81,55,95,42,104" hai2="54,41,3,33,46,72,99,17,28,106,110,31,19" hai3="117,40,39,84,45,10,131,98,77,18,128,111,75"/><U60/><E109/><V58/><F110/><W70/><G111/><T22/><D112/><U90/><E83/><V105/><F72/><W92/><G117/><T79/><D127/><U93/><E104/><V4/><F99/><W118/><G118/><T116/><D116/><U129/><E129/><N who="3" m="49738" /><G70/><T123/><D123/><U48/><E60/><V38/><F4/><W130/><G75/><T34/><D79/><U135/><E135/><V122/><F3/><W30/><G30/><T53/><D43/><U94/><REACH who="1" step="1"/><E90/><REACH who="1" ten="342,190,232,226" step="2"/><V12/><F122/><W88/><G130/><T133/><D133/><U87/><E87/><V82/><F82/><W107/><G77/><T134/><D63/><U80/><E80/><V62/><F105/><W56/><G84/><T86/><D61/><U52/><E52/><V35/><F106/><W113/><G107/><T121/><D53/><U126/><E126/><V0/><F54/><W16/><G113/><T89/><D86/><U96/><E96/><V11/><F62/><W66/><G66/><T102/><D67/><U49/><E49/><V1/><F38/><W68/><G68/><T29/><D71/><U64/><E64/><V108/><F108/><W23/><G56/><AGARI ba="0,1" hai="6,7,42,44,48,50,55,56,73,78,81,93,94,95" machi="56" ten="40,2000,0" yaku="1,1,53,0" doraHai="100" doraHaiUra="5" who="1" fromWho="3" sc="342,0,190,30,232,0,226,-20" /><INIT seed="1,1,0,4,5,8" ten="342,220,232,206" oya="1" hai0="81,3,4,105,20,21,83,127,99,29,10,94,56" hai1="91,32,15,112,16,19,58,43,11,104,53,34,110" hai2="51,102,40,114,98,60,0,36,22,101,88,125,119" hai3="46,62,92,41,132,100,89,37,107,126,63,48,49"/><U111/><E104/><V73/><F119/><W130/><G107/><T24/><D127/><U30/><E112/><V86/><F73/><W47/><G100/><T93/><D105/><U128/><E128/><V5/><F125/><W78/><G130/><T9/><D9/><U42/><E91/><V108/><F36/><W109/><G126/><T18/><D56/><U12/><E30/><V135/><F5/><W23/><G109/><N who="1" m="41482" /><E34/><V103/><F0/><W68/><G132/><T71/><D71/><U7/><E32/><V123/><F135/><W95/><G78/><T79/><D79/><U55/><E55/><V113/><F102/><W1/><G1/><T52/><D52/><U6/><E6/><V133/><F101/><W39/><G23/><T124/><D124/><U64/><E64/><V28/><F22/><W33/><G33/><T121/><D121/><U65/><E65/><V31/><F31/><W77/><G77/><T84/><D21/><N who="1" m="11495" /><E7/><V131/><F28/><W76/><G76/><T14/><D29/><U122/><E122/><V85/><F123/><W17/><G89/><N who="0" m="53415" /><D3/><U129/><E129/><V25/><F131/><W13/><G95/><T117/><D117/><U2/><E2/><V54/><F54/><N who="3" m="29975" /><G92/><T45/><D94/><U120/><E120/><V106/><F108/><W59/><G17/><T27/><D99/><U70/><E70/><V26/><F114/><W134/><G134/><T97/><D97/><U115/><E115/><V66/><F113/><W80/><G80/><N who="0" m="30795" /><D24/><N who="2" m="9322" /><F133/><W96/><G96/><T90/><D90/><U61/><AGARI ba="1,0" hai="11,15,16,42,43,53,58,61" m="11495,41482" machi="61" ten="30,12000,1" yaku="14,1,10,1,52,2,54,1" doraHai="8" who="1" fromWho="1" sc="342,-41,220,123,232,-41,206,-41" /><INIT seed="1,2,0,2,5,6" ten="301,343,191,165" oya="1" hai0="61,65,86,109,80,91,30,75,112,95,22,42,38" hai1="82,20,0,34,100,84,88,63,40,130,1,126,24" hai2="18,44,132,118,89,54,117,66,3,79,33,121,4" hai3="128,119,92,87,93,127,45,27,67,36,85,123,37"/><U107/><E130/><V25/><F66/><W58/><G123/><T120/><D112/><U21/><E126/><V2/><F79/><W68/><G128/><T72/><D120/><U5/><E34/><V64/><F64/><W113/><G113/><T7/><D109/><U48/><E107/><V114/><F89/><W15/><G127/><T16/><D30/><U135/><E100/><V106/><F54/><W29/><G68/><T81/><D7/><U76/><E135/><V115/><F44/><W52/><G119/><T111/><D111/><U102/><E102/><V83/><F83/><W53/><G67/><T26/><D38/><U11/><E63/><V19/><F106/><W39/><G15/><T122/><D42/><U73/><E1/><V69/><F69/><W41/><G87/><T57/><REACH who="0" step="1"/><D122/><REACH who="0" ten="291,343,191,165" step="2"/><U31/><E40/><V62/><F4/><W108/><G108/><T97/><D97/><U99/><E99/><V105/><F121/><W17/><G36/><T13/><D13/><U116/><E116/><V77/><F115/><W94/><G37/><T96/><D96/><U28/><E28/><V9/><F114/><W50/><G29/><T23/><D23/><U110/><E110/><V90/><F117/><W129/><G129/><T133/><D133/><U71/><E21/><V131/><F132/><W46/><G27/><T125/><D125/><U70/><REACH who="1" step="1"/><E48/><REACH who="1" ten="291,333,191,165" step="2"/><V98/><F131/><W101/><G50/><T35/><D35/><U74/><E74/><AGARI ba="2,2" hai="16,22,26,57,61,65,72,74,75,80,81,86,91,95" machi="74" ten="40,2600,0" yaku="1,1,54,1,53,0" doraHai="6" doraHaiUra="103" who="0" fromWho="1" sc="291,52,333,-32,191,0,165,0" /><INIT seed="2,0,0,0,4,119" ten="343,301,191,165" oya="2" hai0="99,80,90,45,8,15,6,128,62,1,0,92,131" hai1="102,72,107,133,38,24,94,44,125,124,33,37,9" hai2="95,28,60,66,70,2,17,21,11,78,59,42,41" hai3="67,101,96,64,105,23,120,118,4,129,100,31,63"/><V115/><F115/><W65/><G118/><T98/><D98/><N who="1" m="61911" /><E94/><V88/><F78/><W32/><G129/><N who="0" m="49739" /><D45/><U75/><E9/><V69/><F28/><W106/><G23/><T57/><D80/><U97/><E97/><V27/><F2/><W84/><G120/><T112/><D112/><U29/><E133/><V52/><F11/><W109/><G109/><T20/><D20/><U55/><E55/><AGARI ba="0,0" hai="0,1,6,8,15,55,57,62,90,92,99" m="49739" machi="55" ten="30,1000,0" yaku="19,1" doraHai="119" who="0" fromWho="1" sc="343,10,301,-10,191,0,165,0" /><INIT seed="3,0,0,2,2,130" ten="353,291,191,165" oya="3" hai0="56,18,23,79,69,9,61,89,34,37,80,41,82" hai1="29,44,134,102,90,101,76,62,115,7,52,106,75" hai2="105,133,91,30,127,1,93,135,129,83,110,87,6" hai3="95,123,97,31,55,3,78,119,96,124,72,128,38"/><W132/><G123/><T64/><D34/><U98/><E115/><V107/><F129/><W99/><G119/><T81/><D37/><U14/><E102/><V121/><F121/><W58/><G128/><T12/><D41/><U48/><E29/><V13/><F1/><W22/><G38/><T54/><D89/><U131/><E131/><V109/><F30/><W20/><G3/><T43/><D43/><U35/><E35/><V85/><F127/><W17/><G124/><T117/><D117/><U120/><E120/><V88/><F13/><N who="3" m="9263" /><G72/><T46/><D46/><U51/><E62/><V28/><F6/><W42/><G78/><T108/><D108/><N who="2" m="41578" /><F28/><W4/><G4/><T25/><D9/><U66/><E66/><V27/><F27/><N who="3" m="16887" /><G42/><T50/><REACH who="0" step="1"/><D25/><REACH who="0" ten="343,291,191,165" step="2"/><U74/><E44/><V10/><F10/><W103/><G132/><AGARI ba="0,1" hai="83,85,87,88,91,93,105,107,132,133,135" m="41578" machi="132" ten="30,16000,3" yaku="20,1,14,1,34,2,52,3,54,1" doraHai="130" who="2" fromWho="3" sc="343,0,291,0,191,170,165,-160" /><INIT seed="4,0,0,3,1,123" ten="343,291,361,5" oya="0" hai0="102,132,58,97,85,53,15,51,75,39,43,112,125" hai1="28,38,117,95,118,22,55,31,115,96,90,99,23" hai2="110,16,86,114,24,3,134,84,11,35,135,109,100" hai3="80,21,124,106,73,18,126,26,121,92,103,78,29"/><T107/><D75/><U40/><E115/><V5/><F100/><W111/><G106/><T71/><D71/><U52/><E40/><V60/><F60/><W69/><G69/><T9/><D112/><U25/><E38/><V59/><F59/><W83/><G121/><T87/><D125/><N who="3" m="48233" /><G83/><T10/><D132/><N who="2" m="50730" /><F114/><W32/><G103/><T104/><D104/><U70/><E70/><V44/><F44/><W20/><G92/><T81/><D87/><N who="2" m="33322" /><F35/><W13/><G32/><T62/><D39/><U119/><REACH who="1" step="1"/><E96/><REACH who="1" ten="343,281,361,5" step="2"/><V49/><F49/><W67/><G67/><T37/><D37/><U76/><E76/><V7/><F7/><W82/><G82/><T94/><D81/><U133/><E133/><V66/><F66/><W91/><G91/><T77/><D77/><U8/><E8/><V50/><F11/><W68/><G68/><T30/><D10/><U36/><E36/><V33/><F5/><W48/><G48/><T79/><D79/><U93/><E93/><V72/><F50/><W41/><G41/><T89/><D43/><U54/><E54/><V57/><F72/><W42/><G42/><T56/><D51/><U130/><E130/><V98/><F98/><W12/><G12/><T2/><D15/><U74/><E74/><V14/><F14/><W4/><G4/><T63/><D58/><U0/><E0/><V113/><F3/><W27/><G13/><T101/><D2/><U116/><N who="1" m="29696" /><DORA hai="34" /><U61/><E61/><V131/><F113/><W6/><G6/><T65/><D63/><U105/><E105/><V122/><F57/><W120/><G120/><RYUUKYOKU ba="0,1" sc="343,-15,281,15,361,-15,5,15" hai1="22,23,25,28,31,52,55,90,95,99" hai3="18,20,21,26,27,29,73,78,80,111" /><INIT seed="5,1,1,5,0,115" ten="328,296,346,20" oya="1" hai0="127,53,31,65,22,63,114,0,56,34,41,37,133" hai1="93,85,21,110,23,66,46,38,90,118,52,48,97" hai2="51,100,40,94,76,89,72,73,8,17,1,111,19" hai3="101,54,25,99,58,105,87,42,36,128,24,70,47"/><U60/><E110/><V75/><F111/><W18/><G128/><T102/><D0/><U82/><E118/><V91/><F76/><W120/><G120/><T134/><D34/><U117/><E38/><V6/><F100/><W15/><G70/><T71/><D102/><U106/><E106/><V104/><F104/><W116/><G87/><T59/><D22/><U81/><E117/><V84/><F40/><W4/><G4/><T3/><D31/><U67/><E82/><V27/><F51/><W13/><G13/><T32/><D32/><U83/><E81/><V49/><F49/><W28/><G28/><T77/><D3/><U64/><REACH who="1" step="1"/><E60/><REACH who="1" ten="328,286,346,20" step="2"/><V135/><F135/><N who="0" m="51722" /><D77/><AGARI ba="1,2" hai="21,23,46,48,52,64,66,67,77,83,85,90,93,97" machi="77" ten="40,7700,0" yaku="1,1,8,1,54,1,53,0" doraHai="115" doraHaiUra="96" who="1" fromWho="0" sc="328,-80,286,100,346,0,20,0" /><INIT seed="5,2,0,4,3,95" ten="248,386,346,20" oya="1" hai0="63,6,33,22,29,76,115,60,79,43,30,10,92" hai1="128,46,64,27,83,23,71,42,89,9,70,45,82" hai2="116,41,24,50,1,88,114,73,122,14,56,69,110" hai3="37,8,39,40,36,5,75,87,53,18,100,97,4"/><U126/><E128/><V44/><F73/><W134/><G134/><T74/><D33/><U61/><E71/><V52/><F1/><W26/><G75/><T77/><D74/><U93/><E126/><V104/><F110/><W101/><G87/><T2/><D115/><U21/><E9/><V127/><F116/><W20/><G100/><T47/><D22/><U94/><E94/><V109/><F109/><W78/><G78/><T31/><REACH who="0" step="1"/><D92/><REACH who="0" ten="238,386,346,20" step="2"/><U54/><E23/><V131/><F114/><W38/><G53/><T13/><D13/><U55/><E54/><V117/><F14/><W91/><G91/><T57/><D57/><U48/><E55/><V34/><F56/><W108/><G108/><T90/><D90/><U17/><REACH who="1" step="1"/><E46/><REACH who="1" ten="238,376,346,20" step="2"/><V3/><F52/><W124/><G124/><T105/><D105/><U81/><E81/><V7/><F104/><W99/><G101/><T130/><D130/><U67/><E67/><V35/><F131/><W85/><G8/><T12/><D12/><U111/><E111/><V51/><F44/><W121/><G121/><T86/><D86/><AGARI ba="2,2" hai="17,21,27,42,45,48,61,64,70,82,83,86,89,93" machi="86" ten="30,2900,0" yaku="1,1,7,1,53,0" doraHai="95" doraHaiUra="120" who="1" fromWho="0" sc="238,-35,376,55,346,0,20,0" /><INIT seed="5,3,0,4,0,72" ten="203,431,346,20" oya="1" hai0="56,31,118,51,54,90,122,63,22,95,55,74,88" hai1="53,62,8,78,1,57,134,79,38,47,36,49,10" hai2="13,7,9,135,14,26,103,42,41,50,0,64,46" hai3="91,117,75,111,76,101,66,71,3,109,2,33,34"/><U77/><E134/><V124/><F135/><W80/><G91/><T133/><D118/><U12/><E1/><N who="3" m="10" /><G117/><T89/><D133/><U48/><E48/><V43/><F124/><W94/><G94/><T18/><D74/><U20/><E20/><V125/><F125/><W131/><G131/><T105/><D105/><U86/><E86/><V114/><F114/><W123/><G123/><T93/><D31/><U115/><E115/><V45/><F103/><W61/><G101/><T73/><D73/><U128/><E128/><V97/><F97/><W60/><G60/><T32/><D32/><AGARI ba="3,0" hai="32,33,34,61,66,71,75,76,80,109,111" m="10" machi="32" ten="30,2000,0" yaku="23,1,52,1" doraHai="72" who="3" fromWho="0" sc="203,-29,431,0,346,0,20,29" /><INIT seed="6,0,0,4,2,95" ten="174,431,346,49" oya="2" hai0="73,62,87,130,114,33,100,128,83,4,28,52,129" hai1="71,13,92,7,26,102,75,59,25,116,27,86,125" hai2="70,24,36,127,72,104,120,103,23,8,97,82,38" hai3="84,69,51,18,49,91,31,85,122,118,68,124,42"/><V90/><F127/><W58/><G118/><T61/><D73/><U30/><E71/><V22/><F120/><W113/><G122/><T132/><D114/><U34/><E75/><V47/><F70/><W93/><G124/><T9/><D132/><U94/><E116/><V19/><F8/><W111/><G111/><T16/><D100/><U135/><E135/><V54/><F54/><W101/><G113/><T109/><D109/><U2/><E2/><V89/><F23/><W112/><G112/><T63/><D16/><U15/><E34/><V107/><F107/><W37/><G37/><T6/><D52/><U35/><E35/><V21/><F21/><W99/><G84/><T56/><D56/><U119/><E30/><V48/><F48/><W14/><G31/><T105/><D105/><U81/><E119/><V76/><REACH who="2" step="1"/><F36/><REACH who="2" ten="174,431,336,49" step="2"/><W50/><G42/><AGARI ba="0,1" hai="19,22,24,38,42,47,72,76,82,89,90,97,103,104" machi="42" ten="40,7700,0" yaku="1,1,2,1,52,1,53,0" doraHai="95" doraHaiUra="45" who="2" fromWho="3" sc="174,0,431,0,336,87,49,-77" owari="174,-22.6,431,53.1,423,22.3,-28,-52.8" /></mjloggm>