<mjloggm ver="2.3"><GO type="169" lobby="0"/><UN n0="%41%2E%53%74%61%72%73" n1="%E3%81%A8%E3%82%8D%E3%82%8D%E3%81%9D%E3%81%B0" n2="%62%73%64%5F%33" n3="%43%72%37" dan="16,17,17,18" rate="2042.17,2253.78,2162.19,2218.77" sx="M,M,F,M"/><TAIKYOKU oya="0"/><INIT seed="0,0,0,5,1,105" ten="250,250,250,250" oya="0" hai0="92,48,104,35,47,131,129,58,11,56,111,123,5" hai1="41,88,96,71,54,3,128,89,97,90,4,94,21" hai2="44,107,99,83,8,0,127,73,113,72,117,42,79" hai3="114,65,15,62,36,34,75,60,13,26,77,100,1"/><T49/><D104/><U130/><E71/><V12/><F113/><W134/><G114/><T69/><D35/><U102/><E41/><V20/><F127/><W95/><G36/><T82/><D123/><U67/><E67/><V63/><F117/><W6/><G134/><T81/><D69/><U68/><E68/><V10/><F63/><W52/><G1/><T33/><D33/><U86/><E54/><V78/><F20/><W9/><G65/><T116/><D92/><N who="1" m="58631" /><E21/><V30/><F30/><W74/><G77/><T66/><D116/><U87/><E4/><V103/><F0/><W27/><G15/><T108/><D11/><U64/><E64/><V46/><F46/><W7/><G6/><T132/><D5/><U125/><E3/><V120/><F120/><W53/><G62/><T55/><D82/><N who="1" m="49239" /><E125/><V122/><F122/><W80/><G80/><AGARI ba="0,0" hai="80,87,89,90,94,97,128,130" m="49239,58631" machi="80" ten="30,3900,0" yaku="34,2,54,1" doraHai="105" who="1" fromWho="3" sc="250,0,250,39,250,0,250,-39" /><INIT seed="1,0,0,2,4,70" ten="250,289,250,211" oya="1" hai0="80,44,117,116,100,123,0,13,108,50,65,3,127" hai1="104,4,69,59,107,45,10,5,74,28,132,23,96" hai2="34,99,91,87,38,134,98,88,112,129,15,51,95" hai3="17,55,40,12,85,54,89,33,83,43,105,60,97"/><U62/><E69/><V7/><F34/><W57/><G33/><T125/><D100/><U11/><E132/><V67/><F134/><W64/><G105/><T30/><D65/><U25/><E74/><V115/><F67/><W27/><G27/><T49/><D30/><U126/><E126/><N who="0" m="48137" /><D80/><U68/><E68/><V19/><F7/><W82/><G97/><T22/><D22/><U130/><E130/><V86/><F129/><W109/><G109/><T103/><D13/><U36/><E4/><V81/><F51/><N who="0" m="19466" /><D103/><U37/><E45/><V76/><F38/><W61/><G83/><T84/><D84/><U90/><E11/><V9/><REACH who="2" step="1"/><F99/><REACH who="2" ten="250,289,240,211" step="2"/><W53/><REACH who="3" step="1"/><G61/><REACH who="3" ten="250,289,240,201" step="2"/><T75/><D108/><U42/><E96/><V41/><F41/><W16/><G16/><T8/><D117/><U26/><E42/><V32/><F32/><W77/><G77/><T14/><D116/><U63/><E63/><V2/><F2/><W124/><G124/><T78/><D3/><U31/><E62/><V121/><F121/><W71/><G71/><T48/><D0/><U79/><E79/><V101/><F101/><W1/><G1/><T106/><D123/><U21/><E5/><V56/><F56/><W20/><AGARI ba="0,2" hai="12,17,20,40,43,53,54,55,57,60,64,82,85,89" machi="20" ten="30,4000,0" yaku="1,1,0,1,8,1,53,0" doraHai="70" doraHaiUra="110" who="3" fromWho="3" sc="250,-10,289,-20,240,-10,201,60" /><INIT seed="2,0,0,1,1,21" ten="240,269,230,261" oya="2" hai0="62,61,20,116,29,16,124,53,17,88,77,0,19" hai1="105,119,49,118,120,3,98,107,6,50,69,2,126" hai2="12,35,135,83,68,133,75,91,84,117,47,10,103" hai3="54,5,11,92,43,97,9,130,96,1,36,31,110"/><V87/><F117/><W114/><G110/><T41/><D116/><U7/><E98/><V27/><F68/><W33/><G130/><T80/><D124/><U66/><E69/><V82/><F75/><W131/><G131/><T34/><D0/><U106/><E66/><V94/><F103/><W93/><G114/><T123/><D123/><U129/><E129/><V102/><F102/><W89/><G43/><T134/><D134/><U4/><E119/><V42/><F94/><W44/><G36/><T64/><D34/><U72/><E118/><V73/><F73/><W122/><G122/><T78/><D41/><U55/><E72/><V26/><F35/><W14/><G44/><T8/><D8/><U24/><E120/><V52/><F52/><W100/><G54/><T25/><D53/><U101/><E101/><V115/><F115/><W128/><G128/><T48/><D48/><U45/><E126/><V15/><F15/><W28/><G33/><T111/><D111/><U104/><N who="1" m="26624" /><DORA hai="51" /><U63/><E63/><N who="0" m="24073" /><D64/><U22/><REACH who="1" step="1"/><E50/><REACH who="1" ten="240,259,230,261" step="2"/><N who="2" m="26999" /><F135/><W76/><G100/><T121/><D121/><U60/><E60/><V57/><F133/><W18/><G97/><T32/><D32/><U46/><E46/><V79/><F57/><W99/><G99/><T95/><D80/><U23/><E23/><V38/><F38/><W39/><G39/><T37/><D37/><U127/><E127/><V30/><F30/><AGARI ba="0,1" hai="2,3,4,6,7,22,24,30,45,49,55" m="26624" machi="30" ten="70,8000,1" yaku="1,1,52,2,53,0" doraHai="21,51" doraHaiUra="67,74" who="1" fromWho="2" sc="240,0,259,90,230,-80,261,0" /><INIT seed="3,0,0,1,0,124" ten="240,349,150,261" oya="3" hai0="82,53,114,115,130,129,62,135,29,38,64,13,59" hai1="121,1,91,104,118,47,101,30,71,119,35,46,102" hai2="5,88,11,133,27,9,122,60,105,90,77,70,18" hai3="79,73,83,19,12,0,69,2,107,56,17,36,34"/><W109/><G69/><N who="0" m="42135" /><D29/><U10/><E121/><V89/><F133/><W45/><G107/><T16/><D82/><U80/><E71/><V87/><F105/><W116/><G116/><T125/><D38/><U23/><E35/><V72/><F122/><W108/><G34/><T76/><D76/><U110/><E1/><V131/><F72/><W3/><G56/><T58/><D125/><U92/><E80/><V61/><F70/><W4/><G4/><T93/><D93/><U66/><E66/><V57/><F61/><W31/><G31/><T106/><D106/><U63/><E63/><V21/><F77/><W14/><G45/><T65/><D65/><U55/><E10/><V41/><F41/><W37/><G14/><T98/><D98/><U50/><E47/><V26/><F26/><W20/><REACH who="3" step="1"/><G17/><REACH who="3" ten="240,349,150,251" step="2"/><T132/><D16/><U7/><E104/><V96/><F5/><W86/><G86/><T126/><D13/><U25/><E7/><V74/><F87/><W43/><G43/><T120/><D126/><U99/><E119/><V111/><F18/><W75/><G75/><T67/><D120/><U95/><E118/><V33/><F57/><N who="0" m="21514" /><D67/><U15/><E15/><V128/><F74/><W117/><G117/><T81/><D53/><U100/><E30/><V85/><F33/><W112/><G112/><N who="0" m="43051" /><D81/><U52/><E55/><V54/><F54/><W78/><G78/><T39/><D39/><AGARI ba="0,1" hai="0,2,3,12,19,20,36,37,39,73,79,83,108,109" machi="39" ten="50,2400,0" yaku="1,1,53,0" doraHai="124" doraHaiUra="127" who="3" fromWho="0" sc="240,-24,349,0,150,0,251,34" /><INIT seed="3,1,0,0,4,9" ten="216,349,150,285" oya="3" hai0="56,68,88,25,109,87,32,59,19,57,126,67,31" hai1="21,6,44,110,99,96,107,135,117,18,121,131,40" hai2="8,103,11,3,43,118,20,129,89,105,108,13,38" hai3="74,120,14,90,30,78,27,93,73,5,12,42,24"/><W76/><G120/><T92/><D109/><U111/><E121/><V55/><F118/><W37/><G37/><T34/><D126/><U53/><E117/><V114/><F114/><W72/><G42/><T0/><D0/><U132/><E53/><V2/><F108/><N who="1" m="41513" /><E6/><V16/><F129/><W58/><G58/><T133/><D133/><N who="1" m="51275" /><E107/><V28/><F105/><W33/><G27/><T66/><D34/><U112/><E112/><V102/><F89/><W77/><REACH who="3" step="1"/><G5/><REACH who="3" ten="216,349,150,275" step="2"/><T65/><REACH who="0" step="1"/><D19/><REACH who="0" ten="206,349,150,275" step="2"/><U7/><E7/><V45/><F28/><W46/><G46/><T115/><D115/><U128/><E131/><V113/><F113/><W39/><G39/><T52/><D52/><U60/><E128/><V119/><F119/><W35/><G35/><T64/><D64/><U124/><E124/><V84/><F55/><W79/><N who="3" m="19456" /><DORA hai="63" /><W62/><G62/><AGARI ba="1,2" hai="25,31,32,56,57,59,62,65,66,67,68,87,88,92" machi="62" ten="40,12000,2" yaku="1,1,52,3,54,1,53,1" doraHai="9,63" doraHaiUra="82,15" who="0" fromWho="3" sc="206,143,349,0,150,0,275,-123" /><INIT seed="4,0,0,1,1,127" ten="349,349,150,152" oya="0" hai0="120,22,95,113,92,26,51,77,110,45,55,47,29" hai1="93,116,24,73,94,85,18,91,35,28,17,44,14" hai2="56,134,102,123,135,105,62,109,74,100,83,88,37" hai3="79,133,16,132,39,112,87,69,86,60,5,115,57"/><T114/><D120/><U89/><E116/><V119/><F37/><W8/><G39/><T82/><D110/><U125/><E125/><V80/><F123/><W72/><G69/><T21/><D45/><U1/><E73/><V122/><F122/><W32/><G32/><T7/><D7/><U98/><E1/><V96/><F109/><W128/><G72/><T42/><D55/><U27/><E44/><V33/><F33/><W52/><G128/><T12/><D12/><U84/><E27/><V99/><F119/><W53/><G53/><T101/><D22/><U11/><REACH who="1" step="1"/><E98/><REACH who="1" ten="349,339,150,152" step="2"/><V49/><F74/><W31/><G133/><T30/><D30/><U25/><E25/><V129/><F99/><W41/><G132/><T20/><D29/><U9/><E9/><V19/><F96/><W58/><G31/><T6/><D26/><U40/><E40/><V121/><F135/><W10/><G41/><T76/><D42/><U46/><E46/><V97/><F97/><W68/><G10/><T103/><D47/><U130/><E130/><V66/><F129/><W61/><G8/><T118/><D118/><U65/><E65/><V67/><F67/><W13/><G13/><T38/><D38/><U34/><E34/><V4/><F121/><W48/><G52/><T63/><D103/><U78/><E78/><V117/><F117/><W64/><G79/><T23/><D101/><U70/><E70/><V111/><F102/><W106/><G68/><T71/><D71/><U50/><E50/><V107/><F134/><W81/><G48/><T59/><D51/><U0/><E0/><RYUUKYOKU ba="0,1" sc="349,-10,339,30,150,-10,152,-10" hai1="11,14,17,18,24,28,35,84,85,89,91,93,94" /><INIT seed="5,1,1,2,2,87" ten="339,369,140,142" oya="1" hai0="50,112,91,49,1,114,45,123,26,68,128,132,60" hai1="24,121,66,101,129,78,79,71,76,31,69,106,81" hai2="59,131,32,27,77,56,74,126,134,85,110,21,18" hai3="65,105,82,84,2,5,13,96,94,38,98,89,125"/><U115/><E121/><V107/><F110/><W51/><G38/><T100/><D123/><U72/><E115/><N who="0" m="44073" /><D1/><U62/><E129/><V34/><F74/><W75/><G2/><T53/><D128/><U93/><E71/><V95/><F107/><W44/><G125/><T63/><D132/><U109/><E109/><V133/><F131/><W25/><G65/><T119/><D100/><U120/><E120/><V33/><F126/><W28/><G105/><T29/><D68/><U16/><E16/><V111/><F111/><W11/><G75/><T92/><D50/><U0/><E0/><V6/><F6/><W130/><G94/><T102/><D102/><U14/><E14/><V15/><F15/><W39/><G39/><T4/><D4/><U20/><E106/><V99/><F85/><W58/><G58/><T57/><D57/><U23/><E23/><V48/><F77/><W43/><REACH who="3" step="1"/><G130/><REACH who="3" ten="339,369,140,132" step="2"/><T8/><D92/><U47/><E69/><V67/><F67/><W3/><G3/><T36/><D36/><U88/><E72/><V83/><F83/><W41/><G41/><T86/><D45/><U127/><E127/><V55/><REACH who="2" step="1"/><F59/><REACH who="2" ten="339,369,130,132" step="2"/><W42/><G42/><T37/><D119/><U117/><E117/><V64/><F64/><W22/><AGARI ba="1,3" hai="5,11,13,22,25,28,43,44,51,82,84,89,96,98" machi="22" ten="20,8000,1" yaku="1,1,0,1,7,1,8,1,52,1,53,0" doraHai="87" doraHaiUra="73" who="3" fromWho="3" sc="339,-21,369,-41,130,-21,132,113" /><INIT seed="6,0,0,5,4,93" ten="318,328,109,245" oya="2" hai0="62,7,85,18,15,46,130,21,79,76,63,40,78" hai1="129,77,73,91,113,74,126,115,4,82,100,25,119" hai2="124,60,5,135,71,10,89,9,57,56,110,120,92" hai3="87,97,75,95,35,114,118,72,11,88,67,20,81"/><V86/><F120/><W131/><G35/><T90/><D130/><U132/><E119/><V1/><F135/><W116/><G67/><T45/><D7/><U80/><E4/><V96/><F124/><W112/><G20/><T53/><D53/><U54/><E25/><V123/><F123/><W94/><G94/><T98/><D98/><U14/><E14/><V104/><F110/><W41/><G11/><T30/><D30/><U12/><E12/><V121/><F121/><W109/><G41/><T69/><D69/><U26/><E26/><V48/><F10/><W34/><G34/><T32/><D32/><U128/><E54/><V101/><REACH who="2" step="1"/><F48/><REACH who="2" ten="318,328,99,245" step="2"/><W50/><G50/><N who="0" m="26919" /><D46/><U68/><E132/><V111/><F111/><W49/><G49/><T64/><D64/><AGARI ba="0,1" hai="1,5,9,56,57,60,64,71,86,89,92,96,101,104" machi="64" ten="40,3900,0" yaku="1,1,52,1,53,0" doraHai="93" doraHaiUra="108" who="2" fromWho="0" sc="318,-39,328,0,99,49,245,0" /><INIT seed="6,1,0,3,4,7" ten="279,328,148,245" oya="2" hai0="107,29,78,82,123,113,47,50,118,45,127,48,30" hai1="59,33,126,21,41,11,112,105,87,57,85,119,6" hai2="75,76,111,120,14,26,56,37,129,52,25,66,130" hai3="109,125,133,22,122,86,89,15,18,51,69,17,0"/><V2/><F2/><W31/><G109/><T5/><D123/><U46/><E33/><V71/><F120/><W16/><G122/><T88/><D107/><U97/><E119/><V96/><F111/><W92/><G69/><T100/><D100/><U62/><E112/><V114/><F114/><W1/><G125/><T44/><D113/><U93/><E105/><V90/><F37/><W94/><G133/><T43/><D127/><U8/><E59/><V35/><F66/><W23/><G31/><T98/><D118/><U106/><E106/><V73/><F71/><W102/><G18/><T54/><D5/><U9/><E6/><V58/><F14/><W4/><G4/><T103/><D47/><U81/><E21/><V117/><F117/><W121/><G121/><T84/><D103/><N who="1" m="60847" /><E81/><N who="2" m="45199" /><F75/><W28/><G28/><T80/><REACH who="0" step="1"/><D98/><REACH who="0" ten="269,328,148,245" step="2"/><U74/><E126/><V115/><F115/><W72/><G102/><T49/><D49/><N who="1" m="26831" /><E74/><AGARI ba="1,1" hai="29,30,43,44,45,48,50,54,74,78,80,82,84,88" machi="74" ten="30,8000,1" yaku="1,1,7,1,54,1,53,2" doraHai="7" doraHaiUra="40" who="0" fromWho="1" sc="269,93,328,-83,148,0,245,0" /><INIT seed="7,0,0,3,3,74" ten="362,245,148,245" oya="3" hai0="131,67,2,42,132,130,80,21,91,109,29,116,118" hai1="52,24,39,11,83,76,4,13,123,100,63,134,22" hai2="31,12,66,37,20,68,105,84,30,26,114,60,46" hai3="51,55,70,57,117,89,97,86,48,107,49,129,69"/><W88/><G117/><T62/><D109/><U72/><E123/><V125/><F114/><W106/><G129/><N who="0" m="49163" /><D2/><U47/><E134/><V25/><F125/><W6/><G6/><T35/><D35/><U45/><E100/><V38/><F105/><W23/><G23/><T10/><D10/><U44/><E39/><V64/><F64/><W94/><G107/><T82/><D42/><U95/><E95/><V75/><F75/><W93/><REACH who="3" step="1"/><G106/><REACH who="3" ten="362,245,148,235" step="2"/><T96/><D118/><U108/><E108/><V122/><F122/><W58/><G58/><N who="0" m="37335" /><D116/><U3/><E3/><V53/><F46/><W127/><G127/><T119/><D119/><U126/><E126/><V33/><F53/><W103/><G103/><T59/><D59/><U5/><E5/><V81/><REACH who="2" step="1"/><F12/><REACH who="2" ten="362,245,138,235" step="2"/><W14/><G14/><T87/><D132/><U115/><E45/><V28/><F28/><W54/><G54/><T101/><D29/><U71/><E47/><V104/><F104/><W8/><G8/><T32/><D32/><U135/><E135/><V1/><F1/><W7/><G7/><T128/><D128/><U124/><E124/><V16/><F16/><W9/><G9/><T17/><D17/><U18/><E44/><V92/><F92/><W34/><G34/><T41/><D41/><U78/><E52/><V121/><F121/><W133/><G133/><T15/><D15/><U61/><E4/><V120/><F120/><W111/><G111/><T36/><D21/><U98/><E11/><V85/><F85/><W73/><G73/><T43/><D87/><U113/><E13/><V40/><F40/><RYUUKYOKU ba="0,2" sc="362,-15,245,-15,138,15,235,15" hai2="20,25,26,30,31,33,37,38,60,66,68,81,84" hai3="48,49,51,55,57,69,70,86,88,89,93,94,97" /><INIT seed="7,1,2,0,0,69" ten="347,230,153,250" oya="3" hai0="58,8,94,123,103,75,95,78,130,17,87,30,55" hai1="110,5,93,7,59,6,14,54,44,111,132,72,113" hai2="116,67,22,60,37,80,128,40,41,109,12,85,99" hai3="26,24,34,92,114,125,107,50,31,21,81,38,91"/><W27/><G107/><T35/><D123/><U118/><E72/><V71/><F116/><W0/><G0/><T121/><D75/><U28/><E118/><V32/><F109/><W124/><G114/><T13/><D121/><U33/><E113/><V62/><F128/><W73/><G50/><T56/><D35/><U65/><E132/><V106/><F32/><W133/><G133/><T98/><D30/><U122/><E122/><V43/><F62/><W79/><G38/><T76/><D130/><U83/><E83/><V9/><F22/><W131/><G131/><T61/><D58/><U134/><E134/><V2/><F99/><W129/><G129/><T46/><D46/><U127/><E33/><V63/><F63/><W135/><G135/><T16/><D17/><U20/><E65/><V82/><F106/><W112/><G112/><T39/><D39/><U105/><E105/><V97/><F97/><W117/><G117/><T11/><D11/><U84/><E44/><V23/><F82/><W90/><G90/><AGARI ba="1,2" hai="8,13,16,55,56,61,76,78,87,90,94,95,98,103" machi="90" ten="40,2600,0" yaku="8,1,54,1" doraHai="69" who="0" fromWho="3" sc="347,49,230,0,153,0,250,-29" owari="396,49.6,230,3.0,153,-34.7,221,-17.9" /></mjloggm>