<mjloggm ver="2.3"><GO type="169" lobby="0"/><UN n0="%E3%83%A1%E3%82%AB%E3%82%BC%E3%83%83%E3%83%88%E3%83%B3" n1="%6A%61%63%6B%74" n2="%73%61%6E%67%6F%64%64%6F" n3="%E5%B1%B1%E6%9C%AC%E6%83%A3%E4%B8%80%E6%9C%97" dan="17,18,17,17" rate="2182.35,2252.30,2167.49,2192.63" sx="M,M,M,M"/><TAIKYOKU oya="0"/><INIT seed="0,0,0,0,3,96" ten="250,250,250,250" oya="0" hai0="24,81,38,133,91,47,12,132,22,44,54,2,69" hai1="11,70,135,109,64,10,42,86,29,39,4,113,19" hai2="111,18,73,94,128,28,59,114,49,48,51,100,93" hai3="13,79,61,83,6,32,36,87,88,8,76,80,58"/><T5/><D2/><U75/><E75/><V26/><F111/><W77/><G36/><T125/><D69/><U98/><E109/><V66/><F114/><W103/><G32/><T104/><D125/><U84/><E29/><V52/><F73/><W110/><G110/><T65/><D65/><U41/><E135/><V17/><F66/><W74/><REACH who="3" step="1"/><G103/><REACH who="3" ten="250,250,250,240" step="2"/><T53/><D38/><U1/><E39/><V62/><F100/><W95/><G95/><T43/><D133/><U127/><E127/><V14/><F128/><W34/><G34/><T120/><D132/><U63/><E113/><V50/><N who="2" m="12288" /><DORA hai="112" /><V35/><REACH who="2" step="1"/><F17/><REACH who="2" ten="250,250,240,240" step="2"/><W99/><G99/><T15/><D120/><U3/><E98/><V82/><F82/><W33/><G33/><T118/><D81/><U97/><E97/><V45/><F45/><W101/><G101/><T56/><D47/><U116/><E19/><V124/><F124/><W68/><G68/><T121/><D44/><U40/><E70/><V20/><AGARI ba="0,2" hai="14,18,20,26,28,35,52,59,62,93,94" m="12288" machi="20" ten="40,8000,1" yaku="1,1,0,1,54,1,53,2" doraHai="96,112" doraHaiUra="78,90" who="2" fromWho="2" sc="250,-40,250,-20,240,100,240,-20" /><INIT seed="1,0,0,5,4,38" ten="210,230,340,220" oya="1" hai0="85,66,99,7,1,83,118,82,53,43,96,130,2" hai1="116,125,37,105,46,78,52,48,39,55,5,90,71" hai2="124,3,50,42,44,10,104,68,121,94,35,84,31" hai3="14,110,131,41,120,106,24,8,20,117,21,103,70"/><U47/><E105/><V59/><F121/><W61/><G120/><T60/><D118/><U119/><E78/><V127/><F104/><W134/><G110/><T114/><D114/><U69/><E5/><V132/><F68/><N who="1" m="26185" /><E90/><V27/><F132/><W80/><G134/><T28/><D28/><U128/><E128/><V91/><REACH who="2" step="1"/><F59/><REACH who="2" ten="210,230,330,220" step="2"/><W115/><G117/><N who="1" m="45130" /><E125/><V92/><F92/><W100/><G70/><T23/><D130/><U93/><E93/><V25/><F25/><W122/><G24/><T126/><D126/><U26/><E26/><V9/><F9/><W98/><G8/><T108/><D108/><U32/><E32/><V17/><F17/><W86/><G106/><T112/><D112/><U12/><E12/><V40/><F40/><W79/><G41/><T74/><D43/><N who="1" m="22895" /><E39/><V16/><F16/><W102/><G14/><T33/><D33/><U129/><E129/><V75/><F75/><W54/><G131/><T109/><D74/><U107/><E107/><V18/><F18/><W45/><G115/><T73/><D73/><U29/><E29/><V15/><F15/><W19/><G19/><T97/><D109/><U81/><E81/><V34/><F34/><W62/><G80/><T63/><D83/><U22/><E22/><V88/><F88/><W135/><G20/><T64/><D23/><U67/><E67/><V4/><AGARI ba="0,1" hai="3,4,10,27,31,35,42,44,50,84,91,94,124,127" machi="4" ten="30,4000,0" yaku="1,1,0,1,52,1,53,0" doraHai="38" doraHaiUra="77" who="2" fromWho="2" sc="210,-10,230,-20,330,50,220,-10" /><INIT seed="2,0,0,0,0,8" ten="200,210,380,210" oya="2" hai0="47,96,29,22,101,121,77,68,4,27,98,19,85" hai1="40,61,1,3,120,106,38,89,75,111,95,97,102" hai2="30,81,80,62,9,119,48,70,93,130,2,71,118" hai3="43,91,14,133,20,90,39,58,12,63,100,52,131"/><V73/><F130/><W92/><G131/><T53/><D68/><U37/><E111/><V110/><F30/><W113/><G133/><T76/><D121/><U115/><E115/><V44/><F110/><W67/><G113/><T134/><D4/><U10/><E120/><V49/><F93/><W23/><G39/><T127/><D127/><U55/><E75/><V79/><F2/><W107/><G43/><T123/><D123/><U31/><E31/><V5/><F80/><W104/><G104/><T41/><D53/><U116/><E116/><V84/><F73/><W74/><G74/><T99/><D134/><U126/><E126/><V25/><F25/><W125/><G107/><T117/><D117/><U7/><E1/><V64/><F70/><W24/><G125/><T108/><D108/><U35/><E35/><V122/><F49/><W66/><G100/><T88/><D29/><U128/><E128/><V54/><REACH who="2" step="1"/><F122/><REACH who="2" ten="200,210,370,210" step="2"/><W15/><G91/><T21/><D101/><U103/><E103/><V13/><AGARI ba="0,1" hai="5,9,13,44,48,54,62,64,71,79,81,84,118,119" machi="13" ten="20,12000,1" yaku="1,1,2,1,0,1,7,1,52,1,53,0" doraHai="8" doraHaiUra="32" who="2" fromWho="2" sc="200,-40,210,-40,370,130,210,-40" /><INIT seed="2,1,0,2,3,79" ten="160,170,500,170" oya="2" hai0="90,49,55,30,84,107,75,18,9,10,110,13,116" hai1="91,62,131,51,48,70,63,72,134,4,121,109,98" hai2="122,94,65,127,8,7,26,33,59,125,54,113,17" hai3="129,92,46,25,3,22,128,64,52,103,41,36,119"/><V39/><F122/><W21/><G119/><T102/><D110/><U0/><E72/><V74/><F113/><W118/><G118/><T123/><D75/><U34/><E34/><V1/><F74/><W104/><G104/><T96/><D123/><U114/><E114/><V32/><F39/><W73/><G73/><T115/><D116/><U66/><E109/><V27/><F65/><W117/><G117/><T71/><D30/><U37/><E37/><V76/><F76/><W68/><G3/><T50/><D71/><U58/><E121/><V83/><F83/><W99/><G68/><T89/><D89/><U95/><E131/><N who="3" m="50250" /><G64/><T108/><D108/><U40/><E134/><V60/><F94/><W38/><G38/><T112/><D49/><U44/><E48/><V15/><F32/><W85/><G85/><T35/><D9/><U45/><E44/><V20/><REACH who="2" step="1"/><F27/><REACH who="2" ten="160,170,490,170" step="2"/><W69/><G25/><T132/><D35/><U88/><E95/><V61/><F61/><W93/><G93/><T6/><D132/><U77/><E77/><V42/><F42/><W87/><G92/><T120/><D120/><U106/><E106/><V47/><F47/><W57/><G69/><T97/><D112/><U82/><E82/><V28/><AGARI ba="1,1" hai="1,7,8,15,17,20,26,28,33,54,59,60,125,127" machi="28" ten="30,11700,0" yaku="1,1,0,1,24,2,53,0" doraHai="79" doraHaiUra="80" who="2" fromWho="2" sc="160,-40,170,-40,490,130,170,-40" /><INIT seed="2,2,0,1,0,25" ten="120,130,620,130" oya="2" hai0="85,35,10,62,69,54,8,3,16,86,77,120,126" hai1="41,13,31,57,66,33,47,26,80,135,52,129,45" hai2="60,73,117,56,64,18,28,115,118,55,19,24,116" hai3="38,46,29,128,100,9,102,74,91,92,67,50,124"/><V84/><F73/><W99/><G124/><T89/><D126/><U83/><E129/><V70/><F115/><W71/><G128/><T87/><D120/><U34/><E135/><V122/><F84/><W58/><G74/><T81/><D35/><U32/><E66/><V107/><F107/><W22/><G71/><T98/><D3/><U12/><E45/><V127/><F122/><W43/><G9/><T2/><D2/><U114/><E114/><V134/><F134/><W65/><G38/><T6/><D6/><U94/><E94/><V51/><REACH who="2" step="1"/><F127/><REACH who="2" ten="120,130,610,130" step="2"/><W48/><G99/><T123/><D86/><U104/><E104/><V93/><F93/><W75/><G92/><T1/><D87/><U78/><E83/><V5/><F5/><W119/><G75/><T76/><D98/><U96/><E96/><V131/><F131/><W53/><G119/><T112/><D112/><U97/><E97/><V132/><F132/><W72/><G72/><T106/><D106/><U23/><E80/><V82/><F82/><W95/><G95/><T30/><D85/><U11/><E78/><V39/><F39/><W44/><G91/><T130/><D89/><U133/><E133/><V61/><F61/><N who="3" m="36047" /><G102/><T42/><D81/><U109/><E109/><V7/><F7/><W20/><G100/><T14/><D77/><U4/><E4/><V113/><F113/><W59/><G48/><T40/><D76/><U108/><E108/><V37/><F37/><W110/><G50/><T21/><D123/><U121/><E121/><V15/><F15/><W79/><G110/><T125/><D130/><RYUUKYOKU ba="2,1" sc="120,-10,130,-10,610,30,130,-10" hai2="18,19,24,28,51,55,56,60,64,70,116,117,118" /><INIT seed="2,3,1,2,5,6" ten="110,120,640,120" oya="2" hai0="127,53,23,20,39,112,63,58,21,28,124,61,88" hai1="105,59,70,110,42,118,36,97,3,113,38,65,93" hai2="11,82,7,81,10,1,34,115,30,92,123,84,46" hai3="98,116,95,32,126,96,47,41,107,94,27,78,56"/><V29/><F115/><W79/><G116/><T87/><D39/><U100/><E113/><V60/><F123/><W19/><G126/><N who="0" m="48171" /><D112/><U15/><E118/><V129/><F129/><W122/><G122/><T120/><D120/><U26/><E3/><V125/><F125/><W114/><G114/><T134/><D134/><U74/><E74/><V104/><F104/><W91/><G107/><T35/><D35/><U49/><E110/><V102/><F34/><W75/><G75/><T132/><D132/><U40/><E70/><V89/><F60/><W22/><G32/><T85/><D85/><U37/><E105/><V43/><F10/><W52/><G47/><T111/><D111/><U109/><E109/><V50/><REACH who="2" step="1"/><F102/><REACH who="2" ten="110,120,630,120" step="2"/><W90/><G41/><T16/><D63/><AGARI ba="3,2" hai="19,22,27,52,56,63,78,79,90,91,94,95,96,98" machi="63" ten="30,12000,2" yaku="7,1,9,1,25,2,8,1,54,1" doraHai="6" who="3" fromWho="0" sc="110,-129,120,0,630,0,120,149" owari="-19,-51.9,120,-28.0,630,73.0,269,6.9" /></mjloggm>