<mjloggm ver="2.3"><GO type="169" lobby="0"/><UN n0="%E5%85%A9%E5%84%80%E4%B8%B6%E5%BC%8F" n1="%4E%6F%73%75%6B%65" n2="%E8%87%AA%E6%91%B8%E3%81%AE%E3%81%BF" n3="%70%6F%6E%2D%65%6E" dan="16,16,16,16" rate="2131.90,2118.84,2095.16,2140.16" sx="M,M,M,F"/><TAIKYOKU oya="0"/><INIT seed="0,0,0,0,1,108" ten="250,250,250,250" oya="0" hai0="53,112,79,109,29,129,39,11,38,4,40,51,12" hai1="28,116,84,71,14,110,76,91,42,16,0,86,60" hai2="105,21,120,10,135,34,98,119,78,20,95,27,115" hai3="31,130,8,52,107,25,100,113,30,17,96,126,55"/><T131/><D29/><U19/><E110/><V117/><F120/><W92/><G130/><N who="0" m="49675" /><D109/><U35/><E0/><V59/><F78/><W41/><G126/><T102/><D102/><U66/><E116/><N who="2" m="44619" /><F135/><W62/><G113/><T46/><D112/><U26/><E42/><V122/><F122/><W69/><G41/><T45/><D79/><U114/><E114/><V5/><F105/><W99/><G17/><T18/><D39/><U24/><E24/><V64/><F115/><W61/><G8/><T88/><D88/><U133/><E133/><V2/><F64/><N who="3" m="41103" /><G31/><T121/><D121/><U97/><E19/><AGARI ba="0,0" hai="4,11,12,18,19,38,40,45,46,51,53" m="49675" machi="19" ten="30,1500,0" yaku="19,1" doraHai="108" who="0" fromWho="1" sc="250,15,250,-15,250,0,250,0" /><INIT seed="0,1,0,5,0,89" ten="265,235,250,250" oya="0" hai0="61,131,10,29,28,18,8,94,82,90,100,48,37" hai1="102,111,78,27,43,93,53,26,91,108,39,87,2" hai2="86,15,50,95,69,121,21,103,126,105,74,22,98" hai3="9,72,66,132,77,62,45,125,118,38,71,57,104"/><T75/><D37/><U92/><E2/><V40/><F121/><W6/><G118/><T41/><D131/><U59/><E78/><V113/><F69/><W129/><G129/><T0/><D61/><U101/><E39/><V84/><F74/><W5/><G5/><T19/><D0/><U30/><E43/><V42/><F126/><W79/><G132/><T130/><D130/><U52/><E27/><V17/><F113/><W81/><G79/><T11/><D75/><U116/><E116/><V4/><F4/><W34/><G57/><T106/><D82/><U32/><E53/><V83/><F105/><W96/><G125/><T14/><D100/><U114/><E114/><V117/><F117/><W68/><G34/><T122/><D106/><U73/><E73/><V51/><F22/><W3/><G96/><N who="0" m="57431" /><D122/><U123/><E123/><V133/><F133/><W119/><G119/><T67/><D67/><U1/><E1/><V109/><F109/><N who="1" m="42057" /><E92/><V23/><F23/><W70/><G104/><T128/><D128/><U36/><E36/><V80/><F80/><W115/><G115/><T24/><D24/><U55/><E55/><V134/><F134/><W99/><REACH who="3" step="1"/><G99/><REACH who="3" ten="265,235,250,240" step="2"/><T107/><D107/><U47/><E47/><N who="2" m="25959" /><F83/><W16/><G16/><N who="0" m="6187" /><D14/><U120/><E120/><V58/><F58/><W13/><G13/><T112/><D112/><U25/><E25/><V135/><F135/><W76/><G76/><T54/><D41/><AGARI ba="1,1" hai="3,6,9,38,41,45,62,66,68,70,71,72,77,81" machi="41" ten="40,12000,2" yaku="1,1,25,2,33,3,53,0" doraHai="89" doraHaiUra="44" who="3" fromWho="0" sc="265,-123,235,0,250,0,240,133" /><INIT seed="1,0,0,1,0,102" ten="142,235,250,373" oya="1" hai0="96,62,94,113,37,81,78,126,41,35,68,23,66" hai1="125,90,106,13,93,40,53,130,100,20,46,98,112" hai2="11,14,86,133,44,28,135,2,85,82,18,69,47" hai3="39,52,4,131,89,127,15,24,57,61,77,124,16"/><U31/><E112/><V118/><F69/><W5/><G39/><T36/><D113/><U7/><E130/><V74/><F118/><W30/><G77/><T1/><D1/><U60/><E125/><N who="3" m="48202" /><G131/><T116/><D126/><U45/><E7/><V76/><F28/><W132/><G132/><N who="2" m="50761" /><F2/><W43/><G43/><T72/><D116/><U104/><E13/><V120/><F120/><W107/><G107/><T21/><D35/><U70/><E90/><V71/><F71/><W119/><G89/><T109/><D109/><U108/><E108/><V111/><F111/><W73/><G73/><T50/><D50/><U25/><E53/><V58/><F58/><W117/><G117/><T51/><D51/><U114/><E114/><V49/><F47/><W34/><G119/><T134/><D134/><U121/><E121/><V110/><F110/><W88/><G88/><T19/><D41/><AGARI ba="0,0" hai="11,14,18,41,44,49,74,76,82,85,86" m="50761" machi="41" ten="30,1000,0" yaku="20,1" doraHai="102" who="2" fromWho="0" sc="142,-10,235,0,250,10,373,0" /><INIT seed="2,0,0,5,0,111" ten="132,235,260,373" oya="2" hai0="116,12,25,0,53,97,55,45,85,23,13,108,84" hai1="1,123,61,44,30,22,28,38,18,79,27,34,39" hai2="73,92,127,87,129,101,66,72,95,21,100,11,91" hai3="67,7,81,52,94,99,109,90,58,57,115,65,48"/><V110/><F66/><N who="3" m="25099" /><G109/><T69/><D108/><U114/><E79/><V46/><F110/><W56/><G115/><T126/><D0/><U93/><E61/><V105/><F11/><W121/><G121/><T78/><D69/><U35/><E93/><V71/><F71/><W50/><G7/><T5/><D126/><U125/><E44/><V117/><F46/><N who="3" m="27671" /><G81/><T83/><D116/><U68/><E68/><V77/><F21/><W62/><G62/><T82/><D97/><U124/><E123/><V59/><F117/><W49/><AGARI ba="0,0" hai="49,50,56,57,58,90,94,99" m="27671,25099" machi="49" ten="30,2000,0" yaku="8,1,54,1" doraHai="111" who="3" fromWho="3" sc="132,-5,235,-5,260,-10,373,20" /><INIT seed="3,0,0,3,5,109" ten="127,230,250,393" oya="3" hai0="72,78,29,6,49,42,43,10,82,120,105,35,118" hai1="71,33,11,26,65,131,60,123,133,53,119,20,110" hai2="106,0,34,2,69,89,32,130,121,127,21,7,103" hai3="100,135,22,80,45,39,125,5,19,16,27,40,84"/><W129/><G125/><T95/><D118/><U1/><E119/><V67/><F21/><W96/><G135/><T87/><D120/><U117/><E117/><V30/><F89/><W58/><G129/><T90/><D35/><U86/><E123/><V122/><F130/><W50/><G5/><T98/><D29/><U104/><E131/><V73/><F73/><W83/><G58/><T23/><D23/><U51/><E133/><V97/><F127/><W68/><G68/><T46/><D105/><U12/><E110/><V25/><F34/><W132/><G132/><T114/><D114/><U124/><E124/><V24/><F24/><W99/><G39/><T94/><D43/><U112/><E112/><V8/><F0/><W74/><G74/><T108/><D108/><U116/><E104/><V44/><F44/><W128/><G128/><T91/><D72/><U37/><E37/><V88/><F88/><N who="3" m="51207" /><G83/><T64/><D64/><U79/><E33/><V18/><F18/><N who="3" m="6699" /><G100/><T115/><D115/><U14/><E1/><V134/><F134/><W31/><AGARI ba="0,0" hai="22,27,31,40,45,50,96,99" m="6699,51207" machi="31" ten="30,6000,0" yaku="8,1,54,2" doraHai="109" who="3" fromWho="3" sc="127,-20,230,-20,250,-20,393,60" /><INIT seed="3,1,0,1,2,90" ten="107,210,230,453" oya="3" hai0="75,92,33,110,60,61,95,20,19,135,32,13,52" hai1="86,4,114,79,91,87,130,93,66,78,101,115,53" hai2="30,127,72,124,16,15,40,50,26,132,62,54,113" hai3="74,70,2,105,55,81,121,45,47,77,119,103,85"/><W88/><G119/><T106/><D75/><U5/><E130/><V100/><F72/><W89/><G121/><T48/><D106/><U99/><E66/><V42/><F113/><N who="1" m="43017" /><E53/><V97/><F62/><N who="0" m="24170" /><D33/><U109/><E5/><V11/><F132/><W37/><G70/><T104/><D32/><U18/><E18/><V24/><F42/><W17/><G2/><T98/><D104/><N who="1" m="63551" /><E4/><V6/><F40/><W102/><G105/><T1/><D110/><U131/><E131/><V0/><F26/><W21/><G37/><T68/><D68/><U63/><E63/><V10/><F54/><W67/><G67/><T117/><D117/><U58/><E58/><V69/><F50/><W128/><G128/><T29/><D135/><U118/><E118/><V133/><F69/><W31/><G31/><T111/><D111/><U84/><E109/><V83/><F83/><W51/><G89/><T122/><D122/><U126/><E126/><V43/><F43/><W116/><G45/><N who="0" m="27663" /><D1/><U34/><E34/><N who="2" m="20807" /><F133/><W125/><G125/><N who="2" m="48201" /><F100/><W134/><G116/><T65/><D65/><U38/><E38/><V120/><F97/><AGARI ba="1,0" hai="78,79,84,86,87,91,93,97" m="63551,43017" machi="97" ten="30,3900,0" yaku="34,2,52,1" doraHai="90" who="1" fromWho="2" sc="107,0,210,42,230,-42,453,0" /><INIT seed="4,0,0,5,0,7" ten="107,252,188,453" oya="0" hai0="125,121,39,43,120,55,135,115,9,6,84,73,13" hai1="106,1,76,32,45,97,130,91,119,70,22,101,19" hai2="92,23,90,134,46,10,65,49,33,112,108,102,35" hai3="30,59,37,40,95,53,56,117,20,83,25,58,74"/><T111/><D73/><U132/><E119/><V63/><F108/><W2/><G117/><T27/><D111/><U103/><E32/><V28/><F134/><W42/><G2/><T62/><D135/><U128/><E132/><V48/><F112/><W21/><G74/><T99/><D115/><U51/><E70/><V98/><F10/><W31/><G37/><T109/><D109/><U116/><E1/><V47/><F35/><W81/><G53/><T44/><D125/><U88/><E76/><V12/><F33/><W126/><G126/><T78/><D99/><U75/><E75/><V16/><F28/><W69/><G69/><T122/><D27/><U24/><E103/><V57/><F102/><W110/><G95/><T11/><D11/><U8/><E8/><V15/><F15/><W86/><G110/><T104/><D104/><U64/><E64/><V68/><F68/><W124/><G124/><T93/><D93/><U34/><E34/><V52/><REACH who="2" step="1"/><F49/><REACH who="2" ten="107,252,178,453" step="2"/><W118/><G118/><T113/><D113/><U80/><E116/><V17/><F17/><W50/><G50/><N who="0" m="26911" /><D62/><U114/><E114/><V85/><F85/><W5/><G86/><T77/><D39/><U107/><E101/><V89/><F89/><W79/><G5/><T41/><D78/><U61/><E91/><V127/><F127/><W18/><G79/><T3/><D3/><U82/><E88/><V123/><F123/><W72/><G72/><T67/><D41/><N who="3" m="15977" /><G31/><T94/><D67/><U129/><E128/><V0/><F0/><W29/><G30/><T60/><D60/><U131/><E131/><RYUUKYOKU ba="0,1" sc="107,-15,252,-15,178,15,453,15" hai2="12,16,23,46,47,48,52,57,63,65,90,92,98" hai3="18,20,21,25,29,56,58,59,81,83" /><INIT seed="5,1,1,2,0,111" ten="92,237,193,468" oya="1" hai0="21,6,116,39,91,72,109,35,41,94,16,38,123" hai1="95,128,46,10,106,15,33,76,93,113,86,132,8" hai2="103,34,83,9,37,7,73,11,108,70,30,133,134" hai3="127,22,40,115,44,32,66,36,102,80,45,110,1"/><U85/><E106/><V131/><F37/><W67/><G110/><T82/><D109/><U25/><E128/><V105/><F108/><W130/><G32/><T126/><D116/><U52/><E132/><V75/><F131/><W121/><G130/><T3/><D126/><U79/><E33/><V54/><F54/><W71/><G121/><T17/><D35/><U26/><E52/><V58/><F58/><W59/><G71/><T112/><D123/><U49/><E49/><V12/><F70/><W129/><G1/><T24/><D112/><U57/><E57/><V60/><F60/><W118/><G115/><T124/><D124/><U69/><E69/><V56/><F56/><W135/><G102/><T23/><D6/><U99/><E113/><V0/><F11/><W117/><G36/><T64/><D64/><U87/><E46/><V61/><F61/><W2/><G59/><T55/><D3/><U50/><E50/><V43/><F12/><W4/><G2/><T97/><D55/><U28/><E28/><V14/><F14/><W100/><G127/><T65/><D65/><U19/><E10/><V122/><F43/><W74/><G40/><T120/><D41/><U31/><E95/><V53/><F53/><W27/><G66/><T101/><D120/><U29/><E29/><V98/><F122/><W48/><G67/><T47/><D47/><U96/><E31/><V63/><F63/><W81/><G45/><T77/><D101/><N who="1" m="60559" /><E99/><V89/><F89/><W18/><G44/><T51/><D51/><U68/><E68/><V119/><F119/><W114/><G117/><RYUUKYOKU ba="1,1" sc="92,15,237,15,193,-15,468,-15" hai0="16,17,21,23,24,38,39,72,77,82,91,94,97" hai1="8,15,19,25,26,76,79,85,86,87" /><INIT seed="5,2,1,5,3,32" ten="107,252,178,453" oya="1" hai0="62,20,54,110,34,12,28,91,0,107,19,39,36" hai1="5,69,31,61,85,130,115,24,92,122,37,23,18" hai2="2,105,10,106,87,30,89,83,21,80,68,95,51" hai3="47,41,25,118,88,7,64,97,15,3,124,52,129"/><U113/><E122/><V76/><F68/><W6/><G3/><T4/><D110/><U70/><E37/><V75/><F83/><W102/><G129/><T48/><D107/><U78/><E130/><V65/><F65/><W11/><G124/><T9/><D62/><U72/><E72/><V1/><F51/><W22/><G118/><T131/><D91/><U121/><E121/><V26/><REACH who="2" step="1"/><F10/><REACH who="2" ten="107,252,168,453" step="2"/><W46/><G64/><T35/><D131/><U74/><E70/><V99/><F99/><W77/><G11/><T111/><D111/><U133/><E69/><V50/><F50/><W33/><G97/><T116/><D116/><U13/><E61/><V120/><F120/><W73/><G73/><T60/><D60/><U38/><E74/><V59/><F59/><W100/><G46/><N who="0" m="27927" /><D35/><U98/><E98/><V127/><F127/><W57/><G57/><T125/><D125/><U126/><E126/><V94/><F94/><W67/><G47/><T43/><D43/><U40/><E92/><V96/><F96/><W44/><G33/><T14/><D14/><U90/><E40/><V117/><F117/><W27/><G15/><T108/><D108/><U79/><E13/><V71/><F71/><W128/><G67/><T16/><D19/><U56/><E18/><V134/><F134/><W8/><G41/><T109/><D109/><U84/><E133/><V66/><F66/><W42/><G42/><T17/><D17/><U135/><E135/><V82/><F82/><W86/><G44/><T112/><D112/><U55/><E115/><V29/><F29/><W101/><G128/><RYUUKYOKU ba="2,2" sc="107,15,252,-15,168,15,453,-15" hai0="0,4,9,12,16,20,28,34,36,39" hai2="1,2,21,26,30,75,76,80,87,89,95,105,106" /><INIT seed="6,3,2,3,2,82" ten="122,237,183,438" oya="2" hai0="55,112,111,125,110,70,90,109,28,72,50,38,114" hai1="36,51,96,59,78,67,135,131,0,48,15,12,117" hai2="61,89,34,93,32,129,33,66,29,56,10,94,41" hai3="68,98,27,123,31,132,19,57,119,3,92,30,81"/><V103/><F129/><W21/><G68/><T20/><D72/><U45/><E0/><V52/><F41/><W13/><G3/><T11/><D90/><U58/><E117/><V77/><F77/><W124/><G132/><T2/><D70/><U83/><E135/><V91/><F10/><W14/><G124/><T46/><D125/><U7/><E36/><V80/><F80/><W121/><G119/><T44/><D11/><U130/><E96/><V128/><F128/><N who="1" m="49193" /><E51/><V75/><F75/><W107/><G107/><T118/><D2/><U1/><E1/><V86/><F103/><W73/><G81/><T127/><D127/><U120/><E120/><V71/><F29/><W26/><G73/><T99/><D99/><U69/><E69/><V65/><REACH who="2" step="1"/><F71/><REACH who="2" ten="122,237,173,438" step="2"/><W40/><G40/><N who="0" m="22551" /><D28/><U113/><E83/><V4/><F4/><W37/><G31/><T6/><D6/><U62/><E78/><V104/><F104/><W54/><G30/><T133/><D20/><U16/><E7/><V102/><F102/><W76/><G21/><T97/><D118/><U23/><E23/><V84/><AGARI ba="3,3" hai="32,33,34,52,56,61,65,66,84,86,89,91,93,94" machi="84" ten="30,24000,3" yaku="1,1,0,1,9,1,52,2,54,1,53,2" doraHai="82" doraHaiUra="88" who="2" fromWho="2" sc="122,-83,237,-83,173,279,438,-83" /><INIT seed="6,4,0,5,1,114" ten="39,154,452,355" oya="2" hai0="41,72,130,100,127,96,80,134,126,9,61,0,46" hai1="34,69,81,76,116,77,86,29,118,90,63,30,25" hai2="59,91,4,93,8,5,85,121,75,32,3,15,135" hai3="64,112,98,88,12,107,66,17,94,60,92,78,56"/><V58/><F121/><W123/><G123/><T13/><D0/><U65/><REACH who="1" step="1"/><E30/><REACH who="1" ten="39,144,452,355" step="2"/><V132/><F32/><W45/><G112/><T44/><D130/><U10/><E10/><N who="2" m="2335" /><F75/><W68/><G68/><T99/><D134/><AGARI ba="4,1" hai="5,8,15,58,59,85,91,93,132,134,135" m="2335" machi="134" ten="30,1500,0" yaku="20,1" doraHai="114" who="2" fromWho="0" sc="39,-27,144,0,452,37,355,0" /><INIT seed="6,5,0,4,5,74" ten="12,144,489,355" oya="2" hai0="95,65,90,86,60,8,127,104,96,83,14,121,3" hai1="116,42,39,134,63,79,11,40,114,123,35,132,125" hai2="81,98,87,7,118,22,53,91,110,56,105,1,12" hai3="85,33,34,113,71,2,25,5,94,48,64,82,30"/><V107/><F118/><W70/><G34/><T52/><D127/><U117/><E35/><V45/><F1/><W57/><G113/><T97/><D121/><U75/><E123/><V108/><F45/><W120/><G120/><T13/><D3/><U119/><E125/><V46/><F46/><W99/><G5/><T31/><D31/><U49/><E114/><V59/><F59/><W16/><G2/><T58/><D104/><U103/><E39/><V135/><F135/><N who="1" m="51753" /><E103/><V67/><F67/><W72/><G72/><T69/><D97/><U36/><E36/><V122/><F122/><W55/><G16/><T54/><D69/><U112/><E112/><V27/><F98/><W9/><G9/><T111/><D111/><N who="2" m="42538" /><F12/><W41/><G41/><T38/><D38/><U32/><E42/><V15/><F15/><W28/><G64/><T68/><D68/><U44/><E40/><V129/><F7/><W23/><G71/><T73/><D73/><U92/><E75/><V21/><F129/><W50/><G50/><T61/><D61/><U24/><E49/><N who="2" m="30767" /><F21/><W106/><G70/><T20/><D20/><U26/><E44/><V89/><F91/><W76/><G33/><T6/><REACH who="0" step="1"/><D13/><REACH who="0" ten="2,144,489,355" step="2"/><U62/><E62/><V51/><F51/><W66/><G48/><T88/><AGARI ba="5,1" hai="6,8,14,52,54,58,60,65,83,86,88,90,95,96" machi="88" ten="20,12000,2" yaku="1,1,2,1,0,1,7,1,8,1,54,2,53,0" doraHai="74" doraHaiUra="102" who="0" fromWho="0" sc="2,145,144,-35,489,-65,355,-35" /><INIT seed="7,0,0,0,0,83" ten="147,109,424,320" oya="3" hai0="115,46,86,61,111,59,38,53,44,118,119,117,91" hai1="57,36,16,73,6,22,66,18,88,114,75,96,95" hai2="132,130,7,49,133,42,1,92,101,52,77,103,65" hai3="15,10,94,30,110,127,97,70,64,19,13,58,9"/><W79/><G70/><T72/><D72/><U124/><E36/><V100/><F130/><W125/><G30/><T35/><D35/><U102/><E114/><V78/><F65/><W98/><G79/><T37/><D111/><U27/><E124/><N who="3" m="47690" /><G110/><T26/><D26/><U85/><E6/><V113/><F113/><W131/><G131/><T40/><D86/><U14/><E66/><V69/><F69/><W104/><G104/><T41/><D91/><U3/><E57/><N who="2" m="32911" /><F42/><W5/><G94/><T24/><D24/><U32/><E3/><V120/><F120/><W123/><G123/><T71/><D71/><U109/><E109/><V90/><F7/><W50/><G50/><T17/><D17/><U106/><E32/><V20/><F20/><AGARI ba="0,0" hai="14,16,18,20,22,27,73,75,85,88,95,96,102,106" machi="20" ten="30,7700,0" yaku="7,1,52,1,54,2" doraHai="83" who="1" fromWho="2" sc="147,0,109,77,424,-77,320,0" owari="147,-35.3,186,-21.4,347,44.7,320,12.0" /></mjloggm>