<mjloggm ver="2.3"><GO type="169" lobby="0"/><UN n0="%E3%81%BE%E3%81%A1%E3%81%8A" n1="%32%30%31%33%36%31%32" n2="%E4%BA%BA%E5%93%81%E3%81%AA%E3%81%97" n3="%E3%81%BE%E3%81%A8%E3%81%9F" dan="16,18,17,16" rate="2169.97,2217.39,2212.87,2107.06" sx="M,M,M,M"/><TAIKYOKU oya="0"/><INIT seed="0,0,0,3,4,46" ten="250,250,250,250" oya="0" hai0="108,69,52,123,57,124,103,135,28,65,15,98,44" hai1="47,75,93,16,120,96,79,127,2,111,13,84,88" hai2="73,119,50,68,125,85,25,58,116,72,8,35,112" hai3="19,118,115,134,10,48,61,26,70,32,45,66,67"/><T17/><D123/><U76/><E2/><V86/><F112/><W21/><G118/><N who="2" m="45097" /><F68/><W5/><G115/><T56/><D124/><U100/><E120/><V37/><F37/><W82/><G67/><T117/><D117/><U4/><E111/><V132/><F125/><W53/><G134/><T113/><D113/><U105/><E127/><V3/><F132/><W38/><G38/><T77/><D135/><U87/><E4/><N who="2" m="1055" /><F25/><W41/><G82/><T23/><D77/><U31/><E31/><V60/><F35/><W91/><G91/><T94/><D108/><U89/><E47/><V129/><F129/><W80/><G80/><T106/><D106/><U42/><E42/><V30/><F30/><W126/><G32/><T74/><D74/><N who="2" m="28778" /><F50/><W104/><G104/><T24/><D69/><U0/><E0/><V40/><F40/><W55/><REACH who="3" step="1"/><G126/><REACH who="3" ten="250,250,250,240" step="2"/><T97/><D65/><AGARI ba="0,1" hai="58,60,65,85,86" m="28778,1055,45097" machi="65" ten="30,1000,0" yaku="12,1" doraHai="46" who="2" fromWho="0" sc="250,-10,250,0,250,20,240,0" /><INIT seed="1,0,0,3,3,129" ten="240,250,270,240" oya="1" hai0="75,58,115,2,121,86,81,65,94,76,40,36,31" hai1="113,70,100,10,97,125,131,14,82,92,105,28,8" hai2="26,53,112,44,5,80,57,42,103,74,132,48,102" hai3="29,133,27,127,90,93,68,118,109,55,25,9,124"/><U22/><E113/><V1/><F112/><W67/><G109/><T6/><D115/><U19/><E125/><N who="3" m="48202" /><G118/><T79/><D121/><U87/><E131/><V12/><F132/><W123/><G123/><T18/><D31/><U101/><E70/><V7/><F26/><W45/><G29/><T3/><D18/><U24/><E105/><V47/><F47/><W34/><G9/><N who="0" m="2263" /><D3/><U95/><E95/><V46/><F46/><W89/><G89/><N who="0" m="53559" /><D79/><U120/><E120/><V33/><F33/><W119/><G119/><T73/><D58/><U0/><E0/><V122/><F122/><W85/><G34/><T117/><D65/><U50/><E50/><V106/><F106/><W116/><G116/><T37/><D37/><U13/><E100/><V11/><F12/><W59/><G45/><N who="0" m="23687" /><D117/><U51/><E51/><V107/><F7/><W99/><G99/><T20/><D20/><U128/><E128/><V38/><REACH who="2" step="1"/><F107/><REACH who="2" ten="240,250,260,240" step="2"/><W63/><G25/><T78/><D78/><AGARI ba="0,1" hai="1,5,11,38,42,44,48,53,57,74,78,80,102,103" machi="78" ten="40,8000,1" yaku="1,1,2,1,25,2,53,1" doraHai="129" doraHaiUra="104" who="2" fromWho="0" sc="240,-80,250,0,260,90,240,0" /><INIT seed="2,0,0,3,3,82" ten="160,250,350,240" oya="2" hai0="7,41,2,0,114,81,132,113,60,77,122,47,116" hai1="130,32,126,120,14,110,64,107,29,118,99,90,33" hai2="105,23,61,119,124,129,65,49,63,131,72,30,10" hai3="21,71,35,31,88,45,37,25,85,111,98,6,56"/><V1/><F72/><W50/><G71/><T27/><D122/><U94/><E118/><V75/><F75/><W70/><G70/><T51/><D116/><U86/><E110/><V78/><F78/><W97/><G37/><T127/><D127/><U100/><E130/><N who="2" m="49675" /><F119/><W13/><G111/><T128/><D128/><U34/><E126/><V15/><F105/><W28/><G56/><T11/><D132/><U87/><E120/><V112/><F112/><W42/><G31/><T103/><D2/><U17/><E64/><V133/><F133/><W106/><G106/><T66/><D27/><U20/><REACH who="1" step="1"/><E87/><REACH who="1" ten="160,240,350,240" step="2"/><V95/><F124/><W96/><G6/><T55/><D103/><U18/><E18/><N who="2" m="10719" /><F65/><W54/><G13/><T62/><D66/><U83/><E83/><V36/><F30/><AGARI ba="0,1" hai="14,17,20,29,30,32,33,34,86,90,94,99,100,107" machi="30" ten="40,2600,0" yaku="1,1,52,1,53,0" doraHai="82" doraHaiUra="4" who="1" fromWho="2" sc="160,0,240,36,350,-26,240,0" /><INIT seed="3,0,0,1,3,60" ten="160,276,324,240" oya="3" hai0="127,118,113,42,112,107,33,32,5,26,56,125,80" hai1="132,34,17,37,88,50,111,31,53,54,55,92,119" hai2="93,21,81,135,15,49,102,84,23,89,76,105,131" hai3="82,129,70,14,39,121,18,20,51,24,11,58,97"/><W128/><G39/><T59/><D107/><U106/><E37/><V10/><F131/><W78/><G70/><T71/><D71/><U22/><E106/><V124/><F124/><N who="0" m="47690" /><D42/><U122/><E122/><V30/><F135/><W38/><G38/><T35/><D118/><U75/><E75/><V69/><F69/><W109/><G121/><T104/><D104/><U100/><E100/><V72/><F49/><W57/><G109/><T47/><D47/><U9/><E111/><V77/><F77/><W79/><G79/><T126/><D5/><U19/><E132/><V44/><F44/><W16/><G97/><T134/><N who="0" m="47698" /><T7/><DORA hai="115" /><D7/><U2/><E34/><V52/><F52/><N who="1" m="20073" /><E2/><V90/><F90/><W94/><G94/><T91/><D26/><N who="1" m="16855" /><E9/><V13/><F30/><W130/><REACH who="3" step="1"/><G51/><REACH who="3" ten="160,276,324,230" step="2"/><T25/><D134/><U65/><E50/><V73/><F73/><AGARI ba="0,1" hai="11,14,16,18,20,24,57,58,73,78,82,128,129,130" machi="73" ten="40,18000,2" yaku="1,1,2,1,19,1,54,1,53,2" doraHai="60,115" doraHaiUra="12,66" who="3" fromWho="2" sc="160,0,276,0,324,-180,230,190" /><INIT seed="3,1,0,2,4,92" ten="160,276,144,420" oya="3" hai0="22,37,4,5,61,122,130,101,38,6,85,111,107" hai1="112,52,84,133,94,25,39,28,65,44,34,57,32" hai2="76,81,60,100,78,73,19,33,26,123,46,30,48" hai3="95,7,10,24,93,129,117,63,40,69,71,29,59"/><W11/><G117/><T77/><D122/><U2/><E112/><V50/><F123/><W98/><G40/><T97/><D111/><U67/><E2/><V113/><F113/><W114/><G129/><T127/><D130/><U80/><E32/><V79/><F50/><W89/><G11/><T53/><D127/><U72/><E72/><V109/><F109/><W45/><G45/><T96/><D22/><U91/><E133/><V14/><F60/><W13/><G95/><T83/><REACH who="0" step="1"/><D96/><REACH who="0" ten="150,276,144,420" step="2"/><U128/><E128/><V134/><F134/><W82/><G114/><T119/><D119/><U51/><E39/><V43/><REACH who="2" step="1"/><F100/><REACH who="2" ten="150,276,134,420" step="2"/><W23/><REACH who="3" step="1"/><G82/><REACH who="3" ten="150,276,134,410" step="2"/><T58/><AGARI ba="1,3" hai="4,5,6,37,38,53,58,61,77,83,85,97,101,107" machi="58" ten="30,4000,0" yaku="1,1,0,1,52,1,53,0" doraHai="92" doraHaiUra="126" who="0" fromWho="0" sc="150,73,276,-11,134,-11,410,-21" /><INIT seed="4,0,0,1,5,87" ten="223,265,123,389" oya="0" hai0="100,94,127,105,73,26,71,111,31,6,45,35,65" hai1="114,2,17,38,19,121,78,48,97,61,37,20,30" hai2="117,85,64,47,54,36,83,113,56,1,84,118,41" hai3="46,34,90,89,92,66,95,10,82,59,57,110,98"/><T115/><D73/><U60/><E2/><V40/><F1/><W122/><G122/><T124/><D115/><U27/><E121/><V69/><F113/><W102/><G34/><T18/><D6/><U91/><E78/><V129/><F84/><N who="3" m="50327" /><G66/><T119/><D119/><U67/><E60/><N who="2" m="40071" /><F85/><N who="3" m="52303" /><G110/><T133/><D111/><U53/><E37/><V123/><F83/><W74/><G74/><T126/><D133/><U16/><E38/><V99/><F99/><W130/><G130/><T79/><D79/><U51/><E53/><V3/><F3/><W63/><G46/><T80/><D80/><U75/><E75/><V50/><F123/><W43/><G43/><T77/><D77/><U33/><E33/><V29/><F29/><W7/><G63/><N who="0" m="40383" /><D45/><U116/><E116/><N who="2" m="44651" /><F40/><W128/><G128/><AGARI ba="0,0" hai="36,41,47,50,54,56,128,129" m="44651,40071" machi="128" ten="30,7700,0" yaku="24,1,12,1,34,2" doraHai="87" who="2" fromWho="3" sc="223,0,265,0,123,77,389,-77" /><INIT seed="5,0,0,3,0,10" ten="223,265,200,312" oya="1" hai0="3,61,125,129,119,14,38,122,57,6,79,118,23" hai1="124,112,82,102,30,4,80,121,135,7,19,32,20" hai2="53,113,49,81,96,33,37,39,34,74,128,11,22" hai3="90,88,5,117,65,104,76,69,85,12,31,77,87"/><U100/><E121/><V43/><F128/><W126/><G104/><T109/><D109/><U75/><E112/><V64/><F113/><W45/><G126/><T70/><D38/><U62/><E124/><V92/><F64/><W71/><G31/><T48/><D125/><U47/><E135/><V94/><F94/><W13/><G65/><T84/><D3/><U8/><E4/><V26/><F43/><W93/><G45/><T55/><D129/><U40/><E62/><V97/><F97/><W29/><G29/><T106/><D106/><U107/><E30/><V50/><F50/><W91/><G5/><T15/><D122/><U111/><E32/><V60/><F60/><W41/><G41/><T67/><D6/><U63/><E63/><V0/><F39/><W52/><G52/><T42/><D42/><U25/><E111/><V2/><F37/><W72/><G91/><T58/><D70/><U54/><E54/><V130/><F130/><W35/><G93/><T24/><D119/><U21/><E21/><V95/><F95/><W89/><G89/><T120/><D118/><U127/><E127/><V51/><F34/><W123/><G35/><T105/><D105/><U108/><E108/><V132/><F33/><W86/><G86/><T16/><D120/><U98/><E102/><N who="2" m="60679" /><F132/><W83/><G123/><T78/><D84/><U18/><E75/><V66/><F66/><W9/><G72/><T134/><D134/><U28/><E82/><V110/><F110/><W36/><G117/><T44/><D44/><U131/><E131/><V101/><F74/><N who="3" m="43415" /><G71/><T103/><D103/><RYUUKYOKU ba="0,0" sc="223,30,265,-10,200,-10,312,-10" hai0="14,15,16,23,24,48,55,57,58,61,67,78,79" /><INIT seed="6,1,0,2,4,118" ten="253,255,190,302" oya="2" hai0="91,40,9,33,58,115,85,42,46,16,30,108,75" hai1="80,94,84,55,70,130,31,88,99,81,133,83,82" hai2="107,64,48,98,93,35,96,24,89,22,51,15,87" hai3="79,105,5,73,78,62,67,61,29,18,17,47,27"/><V54/><F35/><W97/><G5/><T125/><D108/><U112/><E70/><V123/><F123/><W131/><G47/><T11/><D75/><U60/><E112/><V104/><F64/><W101/><G62/><T37/><D115/><U134/><E31/><V77/><F51/><W68/><G131/><T10/><D125/><U14/><E14/><V117/><F117/><W25/><G25/><T52/><D42/><U57/><REACH who="1" step="1"/><E130/><REACH who="1" ten="253,245,190,302" step="2"/><V41/><F15/><W127/><G127/><T12/><D30/><U113/><E113/><V86/><F41/><W102/><G29/><T100/><D33/><U65/><E65/><V44/><F104/><W110/><G68/><T90/><D12/><U71/><E71/><V66/><F66/><W3/><G67/><T56/><D16/><U38/><E38/><V119/><F107/><W132/><G18/><T53/><D40/><U122/><E122/><V19/><F119/><W7/><G17/><T59/><D37/><U50/><E50/><V103/><F103/><AGARI ba="1,1" hai="55,57,60,80,81,82,83,84,88,94,99,103,133,134" machi="103" ten="40,2600,0" yaku="1,1,54,1,53,0" doraHai="118" doraHaiUra="1" who="1" fromWho="2" sc="253,0,245,39,190,-29,302,0" /><INIT seed="7,0,0,1,2,97" ten="253,284,161,302" oya="3" hai0="100,112,104,75,17,82,108,37,47,101,69,60,135" hai1="78,15,26,64,79,106,7,42,73,115,132,9,25" hai2="30,27,44,96,50,61,41,81,89,28,43,22,99" hai3="86,12,123,45,127,119,67,109,88,53,8,48,90"/><W59/><G119/><T46/><D108/><U1/><E132/><V111/><F111/><W131/><G123/><T65/><D135/><U18/><E115/><V13/><F43/><W102/><G102/><T128/><D128/><U133/><E133/><V130/><F130/><W91/><G127/><T11/><D104/><U49/><E64/><V32/><F32/><W122/><G122/><T117/><D117/><U113/><E113/><V66/><F30/><W16/><G109/><T58/><D69/><U110/><E110/><V29/><F29/><W19/><G19/><T129/><D129/><U120/><E120/><V63/><F13/><W98/><G98/><T51/><D37/><U56/><E106/><V70/><F89/><W72/><G72/><T76/><D47/><U4/><E73/><V95/><F81/><N who="3" m="49231" /><G131/><T31/><D31/><U92/><E92/><V34/><F34/><W55/><G67/><T38/><D38/><U52/><E42/><V71/><F96/><W87/><G87/><N who="0" m="48583" /><D112/><U5/><E1/><V74/><F74/><W84/><G84/><T83/><D83/><U2/><E2/><V80/><F80/><W21/><G21/><T124/><D124/><U35/><E35/><V6/><F6/><W24/><G24/><AGARI ba="0,0" hai="4,5,7,9,15,18,24,25,26,49,52,56,78,79" machi="24" ten="40,2600,0" yaku="8,1,54,1" doraHai="97" who="1" fromWho="3" sc="253,0,284,26,161,0,302,-26" owari="253,-14.7,310,41.0,161,-33.9,276,7.6" /></mjloggm>