<mjloggm ver="2.3"><GO type="169" lobby="0"/><UN n0="%E7%9C%9F%E9%BE%8D%E5%85%84%E8%B2%B4" n1="%4E%6F%73%75%6B%65" n2="%E7%B8%A6%E9%B3%A5%E5%8D%83%E6%B3%A2" n3="%4D%41%4B%30%31%30%34" dan="16,16,16,17" rate="2061.95,2156.46,2137.62,2179.37" sx="M,M,F,M"/><TAIKYOKU oya="0"/><INIT seed="0,0,0,4,3,58" ten="250,250,250,250" oya="0" hai0="35,60,63,4,28,11,27,111,81,22,21,72,130" hai1="14,108,55,135,131,52,53,16,20,105,91,1,109" hai2="19,69,77,116,18,46,17,74,37,3,127,92,2" hai3="29,38,50,49,36,43,107,87,76,13,101,104,118"/><T51/><D130/><U102/><E131/><V6/><F127/><W56/><G29/><T99/><D111/><N who="1" m="42571" /><E1/><V88/><F116/><W97/><G107/><T78/><D51/><U75/><E75/><V103/><F103/><W12/><G118/><T124/><D124/><U26/><E135/><V79/><F69/><W31/><G31/><T54/><D99/><N who="1" m="61663" /><E91/><V96/><F6/><W42/><G50/><T67/><D54/><U129/><E129/><V15/><F15/><AGARI ba="0,0" hai="14,15,16,20,26,52,53,55" m="61663,42571" machi="15" ten="30,3900,0" yaku="14,1,54,2" doraHai="58" who="1" fromWho="2" sc="250,0,250,39,250,-39,250,0" /><INIT seed="1,0,0,1,5,34" ten="250,289,211,250" oya="1" hai0="15,40,54,72,125,46,4,60,61,24,120,11,78" hai1="38,5,45,102,9,66,41,86,2,88,19,129,131" hai2="105,35,14,28,69,115,64,31,55,67,18,96,71" hai3="76,99,39,77,116,122,117,1,75,82,130,135,29"/><U81/><E102/><N who="2" m="62663" /><F31/><W113/><G29/><T104/><D104/><U103/><E103/><V25/><F55/><W42/><G113/><T110/><D120/><U92/><E66/><V43/><F43/><W58/><G58/><T121/><D121/><U27/><E27/><V62/><F67/><W6/><G122/><T79/><D24/><U13/><REACH who="1" step="1"/><E81/><REACH who="1" ten="250,279,211,250" step="2"/><V90/><F115/><W26/><G26/><T0/><D125/><U124/><E124/><V33/><F33/><W30/><G82/><T126/><D126/><U63/><E63/><V51/><F71/><W132/><G117/><T73/><D60/><U21/><AGARI ba="0,1" hai="2,5,9,13,19,21,38,41,45,86,88,92,129,131" machi="21" ten="30,11700,0" yaku="1,1,0,1,52,1,54,1,53,0" doraHai="34" doraHaiUra="48" who="1" fromWho="1" sc="250,-39,279,127,211,-39,250,-39" /><INIT seed="1,1,0,2,4,64" ten="211,406,172,211" oya="1" hai0="18,131,108,16,79,46,76,55,132,73,3,31,115" hai1="102,119,59,43,27,37,65,121,124,75,78,44,110" hai2="120,6,133,34,15,63,48,25,57,45,89,51,33" hai3="90,69,95,84,22,1,128,52,82,23,35,107,0"/><U40/><E119/><V98/><F120/><W2/><G107/><T74/><D115/><U77/><E121/><V67/><F133/><W32/><G128/><T66/><D3/><U61/><E124/><V127/><F127/><W39/><G39/><T70/><D31/><U80/><E110/><V91/><F34/><W4/><G4/><T111/><D131/><U122/><E122/><V81/><F33/><W101/><G35/><T125/><D125/><U109/><E109/><N who="0" m="42057" /><D132/><U10/><E27/><V117/><F117/><W71/><G32/><T114/><D46/><U28/><E28/><V13/><F25/><W56/><G101/><T20/><D55/><U41/><E102/><V96/><F51/><W8/><G8/><T36/><D36/><U106/><E106/><V83/><F91/><W123/><G95/><T134/><D114/><U49/><E78/><N who="0" m="29737" /><D134/><U12/><E37/><V42/><F6/><AGARI ba="1,0" hai="6,10,12,40,41,43,44,49,59,61,65,75,77,80" machi="6" ten="30,1500,0" yaku="7,1" doraHai="64" who="1" fromWho="2" sc="211,0,406,18,172,-18,211,0" /><INIT seed="1,2,0,2,5,13" ten="211,424,154,211" oya="1" hai0="39,10,38,71,67,84,109,105,107,69,121,77,57" hai1="24,52,96,95,114,35,117,125,9,112,50,108,32" hai2="89,101,11,80,79,59,21,36,48,6,76,86,12" hai3="110,40,118,72,102,68,120,23,0,74,2,81,98"/><U22/><E117/><V119/><F36/><W127/><G40/><T132/><D109/><U53/><E125/><V126/><F126/><W100/><G127/><T28/><D132/><U5/><E108/><V116/><F101/><W134/><G110/><T1/><D28/><U94/><E35/><V129/><F129/><W75/><G68/><T111/><D111/><U128/><E32/><V87/><F119/><W33/><G33/><T41/><D57/><U131/><E114/><V133/><F133/><W29/><G134/><T123/><D84/><U44/><E53/><N who="2" m="32167" /><F116/><W55/><G55/><T60/><D77/><U130/><E112/><V54/><F21/><W27/><G120/><N who="0" m="46155" /><D71/><U73/><E73/><V45/><F87/><W62/><G102/><T51/><D51/><AGARI ba="2,0" hai="6,11,12,45,51,54,76,79,80,86,89" m="32167" machi="51" ten="30,1000,0" yaku="8,1" doraHai="13" who="2" fromWho="0" sc="211,-16,424,0,154,16,211,0" /><INIT seed="2,0,0,3,3,41" ten="195,424,170,211" oya="2" hai0="84,125,88,91,71,79,99,70,35,110,26,96,10" hai1="126,73,68,115,135,27,127,119,3,69,94,40,82" hai2="100,19,131,49,117,78,113,104,4,89,61,62,22" hai3="90,129,106,130,59,1,60,16,14,30,15,76,128"/><V2/><F113/><W87/><G1/><T105/><D110/><U93/><E115/><V18/><F117/><W118/><G118/><T123/><D123/><U132/><E119/><V51/><F131/><W95/><G106/><T103/><D125/><N who="1" m="47627" /><E3/><V39/><F39/><W85/><G30/><T98/><D10/><U34/><E40/><V114/><F114/><W21/><G76/><T25/><D79/><N who="1" m="44399" /><E94/><V20/><F78/><W65/><G14/><T112/><D112/><U48/><E48/><V33/><F2/><W63/><G60/><T81/><D91/><U45/><E45/><V32/><F89/><W107/><G107/><T83/><D83/><U0/><E93/><V31/><F104/><W36/><G36/><T42/><D42/><U97/><E97/><AGARI ba="0,0" hai="15,16,21,59,63,65,85,87,90,95,97,128,129,130" machi="97" ten="40,2600,0" yaku="19,1,54,1" doraHai="41" who="3" fromWho="1" sc="195,0,424,-26,170,0,211,26" /><INIT seed="3,0,0,3,5,34" ten="195,398,170,237" oya="3" hai0="50,6,52,18,2,70,30,54,87,108,88,101,45" hai1="19,37,95,74,46,119,80,41,47,35,118,48,78" hai2="71,44,17,36,61,33,110,131,72,94,97,8,111" hai3="64,31,121,39,42,100,86,77,0,92,73,59,65"/><W132/><G121/><T62/><D108/><N who="2" m="41514" /><F33/><W29/><G132/><T127/><D127/><U83/><E35/><V113/><F113/><W116/><G116/><N who="1" m="44586" /><E95/><V128/><F72/><W106/><G42/><T115/><D115/><U15/><E80/><V89/><F36/><W28/><G39/><T58/><D30/><U16/><E15/><N who="2" m="7399" /><F44/><W84/><G84/><T105/><D70/><U60/><E60/><V103/><F103/><W96/><G59/><T69/><D69/><U49/><E37/><V55/><F55/><AGARI ba="0,0" hai="16,19,41,46,47,48,49,55,74,78,83" m="44586" machi="55" ten="30,2000,0" yaku="12,1,54,1" doraHai="34" who="1" fromWho="2" sc="195,0,398,20,170,-20,237,0" /><INIT seed="4,0,0,3,4,115" ten="195,418,150,237" oya="0" hai0="88,53,103,55,1,121,15,38,8,91,104,123,95" hai1="9,66,28,80,69,110,45,3,102,81,18,4,16" hai2="54,98,11,62,94,71,109,35,60,83,89,31,57" hai3="108,20,128,40,63,59,113,17,72,107,12,134,67"/><T27/><D38/><U129/><E110/><V116/><F109/><W42/><G108/><T64/><D1/><U25/><E129/><V99/><F35/><W125/><G113/><T97/><D64/><U32/><E102/><V101/><F31/><W21/><G128/><T79/><D79/><U68/><E45/><V124/><F124/><W75/><G125/><T56/><D27/><U26/><E66/><V29/><F29/><W84/><G134/><T22/><D22/><U49/><E49/><V111/><F111/><W92/><G107/><T133/><D133/><U33/><E28/><V78/><F71/><W120/><G120/><T132/><D132/><U76/><E9/><V87/><F11/><W23/><G75/><T85/><D91/><U100/><E100/><V112/><F112/><W117/><G117/><T82/><D104/><U118/><E4/><V36/><F36/><W48/><G72/><T2/><D2/><U50/><E50/><V43/><F43/><N who="3" m="16427" /><G48/><T65/><D65/><U122/><E3/><V34/><F34/><W96/><G84/><T46/><D46/><U51/><E51/><V44/><F44/><W119/><G119/><T58/><D58/><U105/><E105/><V130/><F130/><W127/><G127/><T73/><D73/><U74/><E74/><V41/><F62/><W5/><G5/><N who="0" m="3471" /><D56/><U52/><E76/><V30/><F41/><W24/><G24/><T135/><D135/><U10/><E10/><V93/><REACH who="2" step="1"/><F30/><REACH who="2" ten="195,418,140,237" step="2"/><W14/><G17/><T39/><D39/><U6/><E18/><V47/><F47/><W86/><G63/><RYUUKYOKU ba="0,1" sc="195,15,418,-15,140,15,237,-15" hai0="53,55,82,85,88,95,97,103,121,123" hai2="54,57,60,78,83,87,89,93,94,98,99,101,116" /><INIT seed="4,1,1,1,2,112" ten="210,403,155,222" oya="0" hai0="58,23,104,131,71,85,52,64,134,0,110,115,98" hai1="118,6,51,24,3,128,26,132,30,4,97,133,7" hai2="9,111,99,108,37,94,34,22,49,63,41,106,90" hai3="53,11,103,105,96,32,129,59,55,56,124,20,28"/><T19/><D0/><U79/><E79/><V135/><F34/><W80/><G129/><T81/><D131/><U101/><E128/><V123/><F123/><W109/><G109/><T77/><D115/><U87/><E87/><V45/><F135/><N who="1" m="51785" /><E118/><V14/><F106/><W31/><G32/><T61/><D134/><U83/><E83/><V1/><F1/><W73/><G124/><T84/><D110/><U40/><E3/><V60/><F22/><W57/><G11/><T88/><D104/><N who="1" m="63535" /><E30/><V74/><F74/><W36/><G36/><T75/><D98/><U82/><E82/><V72/><F72/><W116/><G116/><T93/><D75/><U62/><E62/><V21/><F63/><W86/><G73/><T33/><D33/><U16/><E16/><V70/><F21/><W102/><G102/><T126/><D126/><U47/><AGARI ba="1,1" hai="4,6,7,24,26,40,47,51" m="63535,51785" machi="47" ten="40,1500,0" yaku="20,1" doraHai="112" who="1" fromWho="1" sc="210,-8,403,28,155,-5,222,-5" /><INIT seed="5,0,0,2,3,95" ten="202,431,150,217" oya="1" hai0="63,116,124,70,130,20,61,127,119,84,38,32,128" hai1="13,131,33,49,100,80,45,17,108,121,132,125,117" hai2="35,31,3,101,78,123,134,102,5,99,0,87,90" hai3="23,93,2,92,50,44,69,48,82,114,122,54,107"/><U73/><E117/><V135/><F123/><W96/><G122/><T22/><D32/><U74/><E121/><V40/><F78/><W106/><G114/><T133/><D84/><U58/><E33/><V53/><F102/><W29/><G2/><T72/><D72/><U41/><E131/><N who="0" m="50217" /><D38/><U75/><E125/><N who="0" m="48201" /><D70/><U46/><E108/><V25/><F40/><W18/><G69/><T67/><D67/><U19/><E100/><V68/><F68/><W94/><G29/><T60/><D133/><N who="2" m="50698" /><F53/><W97/><G82/><T14/><D14/><U56/><E132/><V52/><F5/><W15/><G107/><T110/><D110/><U59/><E80/><N who="2" m="49511" /><F52/><N who="3" m="29703" /><G106/><AGARI ba="0,0" hai="0,3,25,31,35,99,101,106" m="49511,50698" machi="106" ten="30,2000,0" yaku="20,1,52,1" doraHai="95" who="2" fromWho="3" sc="202,0,431,0,150,20,217,-20" /><INIT seed="6,0,0,3,4,0" ten="202,431,170,197" oya="2" hai0="12,21,59,10,125,132,130,20,34,82,54,13,11" hai1="25,110,63,134,18,29,8,66,78,17,123,33,61" hai2="64,19,31,124,115,35,102,93,86,15,127,62,70" hai3="36,50,22,133,80,122,47,40,108,77,68,81,57"/><V76/><F115/><W103/><G108/><T85/><D34/><U23/><E110/><V112/><F112/><W116/><G116/><T94/><D125/><N who="2" m="48202" /><F76/><W53/><G122/><T75/><D75/><U16/><E123/><V109/><F109/><W101/><G133/><T42/><D42/><U84/><E134/><V118/><F118/><W44/><G68/><T38/><D38/><U46/><E46/><V60/><F60/><W120/><G120/><T92/><D132/><U43/><E43/><V27/><F86/><W89/><G47/><T67/><D67/><U39/><E39/><V129/><F129/><W71/><G71/><T58/><D130/><U56/><E63/><V45/><F45/><W49/><G36/><T95/><D85/><U41/><E41/><V6/><F19/><W117/><G117/><T72/><D72/><U88/><E78/><V90/><F90/><W100/><G77/><T97/><D97/><U48/><E48/><V5/><F15/><N who="0" m="5706" /><D82/><N who="3" m="31849" /><G89/><T4/><D58/><U7/><E33/><V30/><F30/><W114/><G114/><T79/><D79/><U52/><E66/><V91/><F91/><W73/><G73/><T99/><D99/><AGARI ba="0,0" hai="5,6,27,31,35,62,64,70,93,99,102" m="48202" machi="99" ten="30,5800,0" yaku="18,1,52,2" doraHai="0" who="2" fromWho="0" sc="202,-58,431,0,170,58,197,0" /><INIT seed="6,1,0,4,2,113" ten="144,431,228,197" oya="2" hai0="12,110,4,94,0,42,60,87,8,38,116,63,6" hai1="20,124,44,104,103,31,75,14,64,85,62,23,128" hai2="84,51,59,53,10,52,100,118,66,125,43,67,95" hai3="117,86,79,39,81,2,89,41,65,48,61,17,101"/><V96/><F118/><W132/><G132/><T22/><D110/><U121/><E75/><V76/><F125/><W32/><G32/><T122/><D122/><U70/><E121/><V97/><F43/><W69/><G2/><T35/><D35/><U78/><E124/><V102/><F10/><W80/><G101/><T21/><D42/><U105/><E128/><V19/><F19/><W88/><G117/><T28/><D38/><U133/><E133/><V68/><F68/><W114/><G114/><T73/><D73/><U55/><E23/><V99/><F53/><W45/><G81/><T46/><D46/><U18/><E31/><V123/><F123/><W90/><REACH who="3" step="1"/><G17/><REACH who="3" ten="144,431,228,187" step="2"/><T37/><D0/><U33/><E103/><N who="2" m="60831" /><F99/><W83/><G83/><T71/><D116/><U34/><E34/><V57/><F97/><W50/><AGARI ba="1,1" hai="39,41,45,48,50,61,65,69,79,80,86,88,89,90" machi="50" ten="30,7900,0" yaku="1,1,0,1,54,1,53,1" doraHai="113" doraHaiUra="36" who="3" fromWho="3" sc="144,-21,431,-21,228,-40,187,92" /><INIT seed="7,0,0,0,5,70" ten="123,410,188,279" oya="3" hai0="108,74,4,78,36,69,104,62,54,66,42,32,67" hai1="28,29,53,48,60,49,30,116,57,9,76,120,83" hai2="64,91,63,31,11,130,41,59,107,106,35,10,99" hai3="24,88,23,134,12,92,123,56,127,128,50,37,1"/><W135/><G1/><T82/><D108/><U132/><E120/><V77/><F130/><W65/><G123/><T0/><D66/><U117/><E132/><N who="3" m="50730" /><G128/><T87/><D87/><N who="1" m="48615" /><E9/><V81/><F41/><W85/><G127/><T115/><D54/><U13/><E13/><V27/><F107/><W8/><G37/><T111/><D111/><U118/><AGARI ba="0,0" hai="28,29,30,48,49,53,57,60,116,117,118" m="48615" machi="118" ten="40,1500,0" yaku="12,1" doraHai="70" who="1" fromWho="1" sc="123,-4,410,15,188,-4,279,-7" owari="119,-38.1,425,52.5,184,-21.6,272,7.2" /></mjloggm>