<mjloggm ver="2.3"><GO type="169" lobby="0"/><UN n0="%E3%81%97%E3%82%83%E3%82%93%E3%81%8A%E3%81%98" n1="%E3%81%9B%E3%81%A9%E3%81%AA%E3%82%8A%E3%81%82%E3%82%93" n2="%E7%94%9F%E4%BD%93%E3%81%AE%E6%A7%8B%E9%80%A0%31" n3="%E7%91%9E%E5%8E%9F%E3%83%B4%E3%82%A1%E3%82%AE%E3%83%8A" dan="17,17,17,16" rate="2159.06,2187.73,2177.84,2043.81" sx="F,F,M,M"/><TAIKYOKU oya="0"/><INIT seed="0,0,0,3,3,85" ten="250,250,250,250" oya="0" hai0="47,15,34,115,18,42,35,36,6,37,63,75,38" hai1="61,117,17,106,2,21,74,44,93,67,68,82,30" hai2="0,79,132,109,77,1,121,45,46,98,101,69,7" hai3="14,60,130,25,112,135,118,19,11,50,81,88,62"/><T89/><D115/><U13/><E106/><V40/><F121/><W133/><G112/><T102/><D102/><U24/><E117/><V31/><F69/><W97/><G118/><T20/><D75/><U9/><E44/><V119/><F119/><W113/><G113/><T107/><D107/><U91/><E74/><V22/><F109/><W116/><G116/><T90/><D6/><U65/><E65/><V27/><F132/><N who="3" m="50763" /><G130/><T84/><D63/><U51/><E51/><V100/><F46/><W123/><G123/><T23/><D23/><U83/><REACH who="1" step="1"/><E2/><REACH who="1" ten="250,240,250,250" step="2"/><V122/><F122/><W64/><G50/><T43/><D43/><U54/><E54/><V76/><F0/><W66/><G66/><T126/><D126/><U78/><E78/><V80/><F45/><W129/><G64/><T28/><D47/><U105/><E105/><V72/><F40/><W131/><G131/><T114/><D42/><U32/><E32/><V86/><F72/><W103/><G129/><T134/><D114/><U48/><E48/><V16/><F1/><W71/><G71/><T127/><D134/><U33/><E33/><V73/><F73/><W55/><G55/><T128/><D127/><U53/><E53/><V58/><F77/><W110/><G110/><T8/><D128/><U92/><E92/><V57/><F79/><W41/><G41/><T10/><D35/><U5/><E5/><V111/><F7/><W95/><G25/><T56/><D36/><U94/><E94/><N who="2" m="58455" /><F111/><W120/><G120/><T87/><D37/><U4/><E4/><V99/><F31/><W125/><G125/><RYUUKYOKU ba="0,1" sc="250,-30,240,10,250,10,250,10" hai1="9,13,17,21,24,30,61,67,68,82,83,91,93" hai2="16,22,27,57,58,76,80,86,99,101" hai3="11,14,19,60,62,81,88,95,97,103" /><INIT seed="1,1,1,2,5,90" ten="220,250,260,260" oya="1" hai0="120,114,111,12,36,93,11,42,59,104,117,20,46" hai1="103,73,118,132,97,43,134,38,108,10,53,9,3" hai2="71,41,99,102,24,50,13,101,1,107,57,98,131" hai3="88,86,76,44,124,52,6,113,32,27,75,116,109"/><U28/><E118/><V121/><F1/><W94/><G113/><T8/><D117/><U31/><E73/><V22/><F71/><W40/><G116/><T128/><D114/><U18/><E43/><V4/><F121/><W65/><G65/><T0/><D104/><U135/><E38/><V72/><F72/><W66/><G66/><T34/><D34/><U23/><E53/><V14/><F131/><W47/><G109/><T60/><D111/><U77/><E77/><V119/><F4/><W83/><G124/><T92/><D128/><U95/><E108/><V7/><F7/><W133/><G133/><T129/><D129/><U87/><E87/><V112/><F112/><W29/><G40/><T48/><D36/><U105/><E105/><V19/><F119/><W45/><REACH who="3" step="1"/><G6/><REACH who="3" ten="220,250,260,250" step="2"/><T61/><D120/><U26/><REACH who="1" step="1"/><E3/><REACH who="1" ten="220,240,260,250" step="2"/><V70/><F41/><W21/><G21/><T25/><D0/><U115/><E115/><V85/><F22/><W81/><G81/><T2/><D2/><U78/><E78/><V68/><F107/><W63/><G63/><T62/><D62/><U130/><E130/><V49/><F50/><AGARI ba="1,3" hai="27,29,32,44,45,47,50,52,75,76,83,86,88,94" machi="50" ten="40,8000,1" yaku="1,1,52,1,54,2,53,1" doraHai="90" doraHaiUra="79" who="3" fromWho="2" sc="220,0,240,0,260,-83,250,113" /><BYE who="1" /><UN n1="%E3%81%9B%E3%81%A9%E3%81%AA%E3%82%8A%E3%81%82%E3%82%93" /><INIT seed="2,0,0,0,2,31" ten="220,240,177,363" oya="2" hai0="74,96,61,83,54,85,101,53,95,88,5,100,22" hai1="6,92,30,8,132,71,103,94,122,28,108,106,79" hai2="118,93,0,131,68,41,82,25,9,13,36,33,98" hai3="102,19,52,46,125,42,47,20,76,90,15,55,135"/><V63/><F118/><W119/><G119/><T27/><D5/><U57/><E71/><V23/><F0/><W48/><G125/><T81/><D100/><U62/><E108/><V24/><F131/><W32/><G32/><T117/><D117/><U112/><E112/><V130/><F130/><W126/><G126/><T56/><D74/><U14/><E132/><V18/><F41/><W12/><G135/><T99/><D99/><U91/><E106/><V16/><F36/><W104/><G76/><T97/><D97/><N who="1" m="59815" /><E79/><V124/><F124/><W84/><G102/><T50/><D81/><U110/><E110/><V113/><F113/><W17/><G104/><T38/><D38/><U58/><E58/><V116/><F116/><W1/><G47/><T26/><REACH who="0" step="1"/><D22/><REACH who="0" ten="210,240,177,363" step="2"/><U120/><E122/><V45/><F82/><N who="3" m="49431" /><G1/><T86/><D86/><N who="1" m="52599" /><E120/><V11/><F11/><AGARI ba="0,1" hai="11,12,15,17,19,20,42,46,48,52,55" m="49431" machi="11" ten="30,2000,0" yaku="8,1,54,1" doraHai="31" who="3" fromWho="2" sc="210,0,240,0,177,-20,363,30" /><INIT seed="3,0,0,0,2,122" ten="210,240,157,393" oya="3" hai0="74,110,40,6,81,120,101,97,34,78,132,125,84" hai1="60,16,4,72,29,83,51,108,17,86,9,58,69" hai2="123,7,37,82,63,0,70,121,119,46,2,36,104" hai3="113,31,50,94,53,89,115,128,91,105,20,87,71"/><W5/><G105/><T124/><D34/><U90/><E72/><V116/><F82/><W134/><G71/><T85/><D40/><U66/><E29/><V33/><F46/><W62/><G62/><T88/><D6/><U3/><E108/><V43/><F43/><W129/><G134/><T59/><D59/><U76/><REACH who="1" step="1"/><E90/><REACH who="1" ten="210,230,157,393" step="2"/><V14/><F123/><W68/><G91/><T15/><D120/><U52/><AGARI ba="0,1" hai="3,4,9,16,17,51,52,58,60,66,69,76,83,86" machi="52" ten="30,8000,1" yaku="1,1,2,1,0,1,54,2,53,0" doraHai="122" doraHaiUra="39" who="1" fromWho="1" sc="210,-20,230,90,157,-20,393,-40" /><INIT seed="4,0,0,4,1,12" ten="190,320,137,353" oya="0" hai0="52,45,85,96,37,8,19,97,76,113,78,30,111" hai1="9,91,114,83,23,123,55,39,121,112,53,115,129" hai2="2,93,16,32,57,36,5,49,6,28,84,88,54" hai3="105,98,18,118,101,56,25,95,89,35,131,135,102"/><T11/><D113/><U22/><E39/><V46/><F2/><W59/><G118/><T41/><D30/><U67/><E67/><V44/><F32/><W7/><G131/><T69/><D69/><U104/><E104/><V82/><F28/><W127/><G127/><T133/><D133/><U86/><E129/><V79/><F36/><W13/><G135/><T65/><D65/><U1/><E1/><V27/><F5/><W75/><G75/><T64/><D64/><U63/><E9/><V66/><F6/><W50/><G35/><T14/><D111/><U134/><E134/><V15/><F27/><W21/><G105/><T107/><D8/><U125/><E125/><V58/><F58/><N who="3" m="22059" /><G50/><T33/><D33/><U106/><E106/><V43/><F66/><W61/><G61/><T87/><D52/><N who="1" m="20043" /><E63/><V124/><F43/><W132/><G132/><T90/><D87/><U24/><E23/><N who="2" m="11679" /><F124/><W80/><G80/><T110/><D110/><U109/><E109/><V4/><F4/><W126/><G126/><T0/><D0/><U71/><E71/><V38/><F38/><W40/><G40/><T10/><D10/><AGARI ba="0,0" hai="7,10,13,18,21,25,89,95,98,101,102" m="22059" machi="10" ten="30,2000,0" yaku="8,1,52,1" doraHai="12" who="3" fromWho="0" sc="190,-20,320,0,137,0,353,20" /><INIT seed="5,0,0,2,3,54" ten="170,320,137,373" oya="1" hai0="88,64,0,2,19,39,42,33,45,101,110,109,40" hai1="8,80,35,97,93,38,123,48,27,122,14,124,102" hai2="105,36,79,20,13,90,37,44,31,43,3,55,62" hai3="67,66,52,91,63,113,47,92,83,4,24,76,133"/><U87/><E38/><V15/><F3/><W50/><G113/><T18/><D101/><U11/><E124/><V117/><F117/><W118/><G118/><T99/><D33/><U58/><E8/><V135/><F105/><W74/><G133/><T94/><D64/><U106/><E106/><V111/><F111/><W71/><G4/><T22/><D19/><U131/><E131/><V6/><F37/><W121/><G121/><T126/><D42/><U134/><E134/><V119/><F119/><W78/><G67/><T82/><D126/><U1/><E1/><V85/><F79/><W21/><G83/><T51/><D39/><U26/><E35/><V53/><F6/><W104/><G74/><T75/><D0/><U129/><E129/><V132/><F135/><W77/><G77/><T100/><D2/><U56/><E122/><V60/><F132/><W86/><REACH who="3" step="1"/><G104/><REACH who="3" ten="170,320,137,363" step="2"/><T23/><D75/><U115/><E115/><V10/><F62/><W12/><G12/><T65/><D65/><U69/><E123/><V25/><F60/><W28/><AGARI ba="0,1" hai="21,24,28,47,50,52,63,66,71,76,78,86,91,92" machi="28" ten="20,5200,0" yaku="1,1,0,1,7,1,54,1,53,0" doraHai="54" doraHaiUra="116" who="3" fromWho="3" sc="170,-13,320,-26,137,-13,363,62" /><INIT seed="6,0,0,0,0,17" ten="157,294,124,425" oya="2" hai0="90,57,51,49,3,126,112,127,6,107,50,46,108" hai1="20,128,98,47,54,39,97,65,8,85,1,53,71" hai2="14,62,96,16,4,43,102,19,31,10,86,124,93" hai3="35,42,129,66,131,13,94,15,58,28,30,84,74"/><V121/><F121/><W33/><G74/><T105/><D108/><U92/><E128/><V111/><F111/><W95/><G42/><T72/><D72/><U24/><E71/><V130/><F130/><W122/><G58/><T55/><D112/><U113/><E65/><V119/><F119/><W5/><G66/><T110/><D110/><U26/><E26/><V125/><F43/><W61/><G84/><T44/><D90/><U77/><E39/><V135/><F135/><W132/><G5/><T103/><D6/><U29/><E113/><V79/><F31/><W69/><G61/><T2/><D103/><U63/><E1/><N who="0" m="9" /><D57/><U9/><E63/><V22/><F62/><W75/><G75/><T134/><D55/><N who="1" m="21003" /><E47/><N who="0" m="17961" /><D134/><U0/><E0/><V11/><F19/><W34/><G34/><T68/><D68/><U38/><E38/><V80/><REACH who="2" step="1"/><F4/><REACH who="2" ten="157,294,114,425" step="2"/><W73/><G132/><T133/><D133/><U123/><E123/><V100/><F100/><W116/><G122/><T59/><D59/><U70/><E70/><V82/><F82/><W37/><G69/><T56/><D56/><U45/><E45/><V104/><F104/><AGARI ba="0,1" hai="49,50,51,104,105,107,126,127" m="17961,9" machi="104" ten="40,2600,0" yaku="28,2" doraHai="17" who="0" fromWho="2" sc="157,36,294,0,114,-26,425,0" /><INIT seed="7,0,0,4,4,3" ten="193,294,88,425" oya="3" hai0="32,15,84,28,45,87,74,112,20,54,96,66,85" hai1="62,113,116,59,27,13,122,100,49,14,4,71,95" hai2="107,22,8,57,55,61,101,42,102,36,46,135,80" hai3="69,93,103,48,114,119,23,124,18,132,40,81,37"/><W2/><G81/><T120/><D120/><U9/><E122/><V60/><F135/><W134/><G48/><N who="0" m="28943" /><D74/><U110/><E113/><V121/><F121/><W19/><G93/><T10/><D32/><U29/><E110/><V94/><F107/><W77/><G19/><T99/><D66/><U98/><E71/><V123/><F123/><W34/><G23/><T109/><D112/><U106/><E49/><V73/><F94/><W30/><G103/><T82/><D82/><U125/><E125/><V35/><F35/><W128/><G77/><T53/><D53/><U78/><E78/><V108/><F108/><W41/><G18/><N who="0" m="8567" /><D109/><U38/><E38/><V31/><F8/><W97/><G97/><T131/><D131/><U17/><E116/><V11/><F61/><W65/><G30/><T115/><D115/><U6/><E106/><V83/><F83/><W129/><G37/><T1/><D1/><U79/><E79/><V44/><F44/><W25/><G2/><T72/><D72/><U117/><E117/><V26/><F73/><W118/><G69/><T130/><D130/><U75/><E75/><V0/><F80/><W64/><G114/><T12/><D12/><U111/><E14/><V63/><REACH who="2" step="1"/><F60/><REACH who="2" ten="193,294,78,425" step="2"/><W133/><G133/><T43/><D43/><U56/><E111/><V47/><F47/><W104/><G41/><T90/><D90/><U91/><E91/><V16/><F16/><W7/><G40/><T70/><D70/><U89/><E89/><V39/><F39/><W21/><G134/><T67/><D28/><U92/><E29/><V68/><F68/><RYUUKYOKU ba="0,1" sc="193,-10,294,-10,78,30,425,-10" hai2="0,11,22,26,31,36,42,46,55,57,63,101,102" owari="183,-21.7,284,8.4,108,-39.2,425,52.5" /></mjloggm>