<mjloggm ver="2.3"><GO type="225" lobby="0"/><UN n0="%6E%69%63%6F%6E%74%6F" n1="%E3%81%8B%E3%82%8F%E3%81%A1%E3%82%83%E3%82%93%35%38" n2="%E3%81%AF%E3%82%88%E3%81%8A%E3%81%98%E3%81%95%E3%82%93" n3="%E3%81%A4%E3%81%A3%E3%81%B1%E3%82%8A%E3%83%9D%E3%83%BC%E3%83%AB" dan="16,16,16,17" rate="2144.60,2115.65,2157.70,2192.35" sx="M,M,M,M"/><TAIKYOKU oya="0"/><INIT seed="0,0,0,5,1,31" ten="250,250,250,250" oya="0" hai0="57,3,134,46,15,115,106,93,98,64,43,44,73" hai1="8,7,110,34,81,89,27,122,55,17,91,10,41" hai2="5,26,121,11,74,96,28,84,132,56,82,116,68" hai3="58,131,80,60,70,123,101,72,18,111,105,94,67"/><T109/><D115/><U95/><E122/><V108/><F121/><W1/><G123/><T39/><D3/><U118/><E118/><V114/><F114/><W71/><G1/><T45/><D73/><U112/><E112/><V129/><F68/><W32/><G105/><T83/><D134/><U61/><E41/><V117/><F74/><W88/><G101/><T47/><D83/><U14/><E110/><V38/><F38/><W36/><G36/><T113/><D113/><U128/><E128/><V130/><F96/><W54/><G32/><T69/><D109/><U29/><E81/><V65/><F108/><W9/><G111/><T127/><D127/><U33/><E33/><N who="2" m="20631" /><F56/><W6/><G131/><N who="2" m="50185" /><F65/><W52/><G70/><T16/><D69/><U76/><E76/><N who="2" m="46151" /><F132/><W48/><G71/><T40/><D106/><U0/><E95/><V30/><F30/><W99/><G67/><T92/><N who="0" m="11264" /><DORA hai="49" /><T53/><D64/><U79/><REACH who="1" step="1"/><E79/><REACH who="1" ten="250,240,250,250" step="2"/><V78/><F78/><W66/><G80/><T77/><D77/><U100/><E100/><V135/><F135/><W87/><G94/><N who="0" m="36459" /><D39/><U62/><E62/><V90/><F90/><W63/><G63/><N who="0" m="36271" /><D98/><U50/><E50/><V103/><F103/><W107/><G48/><T42/><D42/><U35/><E35/><V37/><F37/><W59/><G99/><T133/><D133/><U86/><E86/><V4/><F117/><W125/><G87/><T75/><D75/><U97/><E97/><V119/><F119/><W20/><G72/><T2/><D43/><U21/><E21/><V126/><F116/><W104/><G104/><RYUUKYOKU ba="0,1" sc="250,-10,240,30,250,-10,250,-10" hai1="0,7,8,10,14,17,27,29,34,55,61,89,91" /><INIT seed="1,1,1,3,4,36" ten="240,270,240,240" oya="1" hai0="123,105,47,93,65,119,50,78,67,125,12,74,72" hai1="1,2,92,109,117,46,122,63,79,18,34,6,83" hai2="25,40,131,85,22,13,91,108,37,80,70,87,11" hai3="56,134,7,133,41,20,55,130,3,53,96,115,110"/><U82/><E117/><V102/><F70/><W9/><G115/><T43/><D119/><U103/><E122/><V27/><F108/><W107/><G110/><T128/><D123/><U26/><E109/><V19/><F131/><W76/><G130/><T24/><D105/><U28/><E6/><V101/><F27/><W44/><G76/><T90/><D128/><U98/><E82/><V71/><F71/><W8/><G8/><T66/><D125/><U135/><E135/><N who="3" m="51722" /><G20/><T60/><D60/><U15/><E46/><V95/><F40/><W23/><G23/><T61/><D61/><U30/><E63/><V59/><F59/><W62/><G96/><T89/><D89/><U127/><E30/><V104/><F37/><N who="3" m="21551" /><G107/><T4/><D24/><U94/><E127/><V58/><F58/><W52/><AGARI ba="1,1" hai="3,7,9,52,53,55,56,62" m="21551,51722" machi="52" ten="30,4000,0" yaku="20,1,52,1,54,1" doraHai="36" who="3" fromWho="3" sc="240,-11,270,-21,240,-11,240,53" /><INIT seed="2,0,0,2,4,130" ten="229,249,229,293" oya="2" hai0="43,86,89,98,4,28,95,73,0,45,126,103,99" hai1="27,123,70,91,38,127,124,80,46,6,84,133,83" hai2="16,109,50,40,85,24,9,110,108,2,77,107,78" hai3="21,54,112,15,1,131,11,8,92,79,106,56,94"/><V68/><F107/><W113/><G106/><T53/><D126/><U30/><E70/><V47/><F68/><W65/><G131/><T134/><D134/><U121/><E6/><N who="2" m="1239" /><F85/><W111/><G111/><T72/><D53/><U12/><E12/><V5/><F5/><N who="3" m="1071" /><G21/><AGARI ba="0,0" hai="16,21,24,40,47,50,77,78,108,109,110" m="1239" machi="21" ten="30,5800,0" yaku="14,1,10,1,54,1" doraHai="130" who="2" fromWho="3" sc="229,0,249,0,229,58,293,-58" /><INIT seed="2,1,0,1,3,43" ten="229,249,287,235" oya="2" hai0="24,102,38,71,18,4,88,1,27,62,53,135,120" hai1="60,56,107,49,13,100,31,68,45,83,116,87,46" hai2="6,128,98,75,82,28,74,101,11,109,86,106,79" hai3="134,95,84,3,85,92,119,77,122,44,15,14,26"/><V125/><F125/><W110/><G3/><T16/><D120/><U108/><E116/><V115/><F115/><W90/><G122/><T2/><D38/><U35/><E68/><V25/><F128/><W94/><G119/><T112/><D112/><U126/><E126/><V54/><F54/><W131/><G131/><T118/><D118/><U10/><E108/><V30/><F109/><W12/><G110/><T72/><D72/><U89/><E107/><V36/><F36/><W97/><G134/><T124/><D124/><U111/><E111/><V22/><REACH who="2" step="1"/><F28/><REACH who="2" ten="229,249,277,235" step="2"/><W123/><G123/><T133/><D53/><U8/><E31/><V65/><F65/><W51/><G26/><T129/><D129/><U57/><E49/><V73/><F73/><W29/><G29/><T63/><D27/><U9/><E60/><V130/><F130/><W104/><G104/><T91/><D24/><U78/><E46/><V96/><F96/><W41/><G97/><T42/><D42/><U0/><E45/><V81/><F81/><AGARI ba="1,1" hai="12,14,15,41,44,51,77,81,84,85,90,92,94,95" machi="81" ten="40,2600,0" yaku="8,1,52,1" doraHai="43" who="3" fromWho="2" sc="229,0,249,0,277,-29,235,39" /><INIT seed="3,0,0,5,1,46" ten="229,249,248,274" oya="3" hai0="40,92,21,52,100,11,123,94,115,79,122,98,2" hai1="59,119,1,118,85,25,87,107,99,15,106,135,23" hai2="121,91,127,74,132,24,54,38,126,88,110,61,75" hai3="134,69,5,64,13,67,65,16,55,93,103,53,78"/><W28/><G69/><T22/><D115/><U133/><E1/><V58/><F38/><W76/><G134/><N who="1" m="51210" /><E15/><V20/><F132/><W112/><G112/><T86/><D40/><U43/><E59/><V51/><F110/><W10/><G28/><T32/><D32/><U44/><E23/><N who="0" m="8713" /><D2/><U66/><E66/><V108/><F108/><W70/><G70/><T56/><D123/><U81/><E25/><V73/><F61/><W128/><G128/><T29/><D122/><U111/><E111/><V12/><F12/><W120/><G5/><T129/><D129/><U89/><E99/><V36/><F36/><W49/><G120/><T63/><D29/><U72/><E72/><V82/><F121/><W102/><G55/><T83/><D11/><U8/><E8/><V45/><F58/><N who="3" m="33071" /><G103/><T114/><D114/><U60/><E60/><V109/><F109/><W125/><G125/><N who="2" m="47625" /><F82/><W57/><G57/><T80/><D80/><N who="1" m="49319" /><E44/><V48/><F48/><W6/><G6/><T31/><D31/><AGARI ba="0,0" hai="20,24,31,45,51,54,73,74,75,88,91" m="47625" machi="31" ten="40,5200,0" yaku="18,1,52,1,54,1" doraHai="46" who="2" fromWho="0" sc="229,-52,249,0,248,52,274,0" owari="177,-32.3,249,-15.1,300,40.0,274,7.4" /></mjloggm>