<mjloggm ver="2.3"><GO type="169" lobby="0"/><UN n0="%E7%BD%AA%E5%88%91%E6%B3%95%E5%AE%9A%E4%B8%BB%E7%BE%A9" n1="%E7%B4%94%E6%BD%94%E3%83%94%E3%83%A9%E3%83%8B%E3%82%A2" n2="%E3%82%A2%E3%83%B3%E3%83%88%E3%83%AC%E3%83%BC%E3%82%B9" n3="%5B%5B%79%75%79%75%5D%5D" dan="17,16,16,16" rate="2246.77,2187.08,2066.42,2149.29" sx="M,M,M,M"/><TAIKYOKU oya="0"/><INIT seed="0,0,0,2,1,126" ten="250,250,250,250" oya="0" hai0="2,50,27,125,79,102,34,84,105,67,131,40,82" hai1="8,48,116,4,33,58,52,129,124,89,12,68,43" hai2="86,63,38,21,35,1,90,108,39,19,32,74,25" hai3="123,15,73,0,18,85,118,100,11,91,9,3,45"/><T36/><D2/><U10/><E116/><V110/><F74/><W112/><G118/><T87/><D125/><U106/><E33/><V88/><F1/><W135/><G112/><T95/><D36/><U96/><E68/><V81/><F63/><W46/><G123/><T14/><D67/><U71/><E71/><V113/><F113/><W111/><G73/><T51/><D105/><U109/><E109/><N who="2" m="42091" /><F90/><W97/><G111/><T26/><D14/><U107/><E43/><V99/><F99/><W117/><G117/><T13/><D13/><U30/><E30/><N who="2" m="19535" /><F35/><W17/><G135/><T65/><D40/><U72/><E72/><V37/><F37/><W6/><G17/><T134/><D134/><U22/><E22/><V49/><F49/><W83/><REACH who="3" step="1"/><G3/><REACH who="3" ten="250,250,250,240" step="2"/><T132/><D132/><U122/><E122/><V59/><F59/><W64/><G64/><T42/><D65/><U31/><E31/><V55/><F55/><W104/><AGARI ba="0,1" hai="0,6,9,11,15,18,45,46,83,85,91,97,100,104" machi="104" ten="20,2700,0" yaku="1,1,0,1,7,1,53,0" doraHai="126" doraHaiUra="53" who="3" fromWho="3" sc="250,-13,250,-7,250,-7,240,37" /><INIT seed="1,0,0,0,2,51" ten="237,243,243,277" oya="1" hai0="85,48,62,97,21,83,72,87,127,135,44,134,92" hai1="73,55,33,8,71,84,41,7,79,118,130,34,112" hai2="64,108,132,121,12,122,117,10,53,3,88,35,69" hai3="77,70,49,109,125,111,27,1,52,5,131,74,63"/><U115/><E71/><V28/><F117/><W91/><G125/><T106/><D127/><U86/><E41/><V0/><F108/><N who="3" m="41547" /><G131/><T120/><D106/><U19/><E118/><V65/><F132/><N who="0" m="50730" /><D120/><U56/><E73/><V101/><F101/><W18/><G91/><N who="0" m="55455" /><D21/><U104/><E19/><V57/><F28/><W126/><G126/><T128/><D128/><U32/><E104/><V93/><F35/><W16/><G27/><T107/><D107/><U113/><E79/><V15/><F121/><W98/><G98/><T100/><D100/><U82/><E82/><V26/><F26/><W96/><G96/><T123/><D62/><U37/><E37/><V54/><F122/><W81/><G5/><T78/><D123/><U133/><E130/><V11/><F57/><N who="3" m="32911" /><G1/><T105/><D105/><U124/><E124/><V110/><F110/><W89/><G89/><T45/><D45/><U76/><E76/><V4/><F88/><W40/><G40/><AGARI ba="0,0" hai="40,44,48,72,78,83,85,87" m="55455,50730" machi="40" ten="30,1000,0" yaku="20,1" doraHai="51" who="0" fromWho="3" sc="237,10,243,0,243,0,277,-10" /><INIT seed="2,0,0,2,2,32" ten="247,243,243,267" oya="2" hai0="116,82,52,24,4,85,13,47,61,36,2,103,27" hai1="59,135,119,115,98,91,81,114,18,84,123,101,10" hai2="67,112,93,0,22,117,77,6,118,89,105,79,34" hai3="50,96,65,63,71,54,37,70,78,64,106,7,46"/><V100/><F34/><W125/><G78/><T83/><D116/><U33/><E119/><N who="2" m="45579" /><F67/><W31/><G31/><T76/><D103/><U44/><E33/><V107/><F22/><W66/><G96/><T51/><D36/><U122/><E59/><V95/><F6/><W72/><G7/><T15/><D2/><U108/><E44/><V110/><F0/><W113/><G72/><T94/><D94/><N who="2" m="35850" /><F112/><W121/><G106/><N who="2" m="40457" /><F100/><W80/><G113/><T58/><D83/><U88/><E10/><V41/><F41/><N who="3" m="22831" /><G121/><T25/><REACH who="0" step="1"/><D4/><REACH who="0" ten="237,243,243,267" step="2"/><U48/><E101/><V16/><F110/><W17/><G80/><T57/><D57/><U86/><E81/><V124/><F16/><W74/><G17/><T53/><AGARI ba="0,1" hai="13,15,24,25,27,47,51,52,53,58,61,76,82,85" machi="53" ten="30,7900,0" yaku="1,1,0,1,8,1,54,1,53,0" doraHai="32" doraHaiUra="90" who="0" fromWho="0" sc="237,89,243,-20,243,-39,267,-20" /><INIT seed="3,0,0,3,2,46" ten="326,223,204,247" oya="3" hai0="79,35,47,86,51,123,134,67,11,126,87,74,37" hai1="50,2,132,90,24,20,116,22,100,73,118,7,124" hai2="39,70,133,117,10,109,42,103,34,72,45,96,94" hai3="119,60,36,135,66,85,6,5,59,122,0,64,1"/><W114/><G122/><T30/><D123/><U107/><E73/><V131/><F117/><N who="1" m="45161" /><E132/><V115/><F115/><W68/><G119/><T8/><D37/><U98/><E124/><V78/><F34/><W110/><G36/><T29/><D126/><U95/><E2/><V130/><F70/><W82/><G114/><T91/><D134/><U38/><E7/><V97/><F133/><W105/><G135/><T32/><D67/><U9/><E9/><V3/><F109/><W54/><G105/><T83/><D74/><U12/><E12/><V81/><REACH who="2" step="1"/><F97/><REACH who="2" ten="326,223,194,247" step="2"/><W17/><G110/><T58/><D35/><U55/><E38/><V43/><F43/><W41/><G41/><T101/><D32/><U62/><E24/><V93/><F93/><W113/><G113/><T77/><D101/><U33/><E33/><V69/><F69/><W129/><G129/><T80/><D58/><N who="1" m="33143" /><E62/><V120/><F120/><W13/><G68/><T53/><D91/><U44/><E44/><V56/><F56/><W14/><G0/><T71/><D71/><U28/><E28/><AGARI ba="0,1" hai="8,11,28,29,30,47,51,53,77,79,80,83,86,87" machi="28" ten="40,5200,0" yaku="9,1,8,1,52,1" doraHai="46" who="0" fromWho="1" sc="326,62,223,-52,194,0,247,0" /><INIT seed="4,0,0,5,1,8" ten="388,171,194,247" oya="0" hai0="118,9,75,117,21,19,69,129,125,102,13,37,26" hai1="89,109,31,36,42,84,51,100,99,33,114,103,17" hai2="22,90,38,88,95,18,15,44,10,116,115,43,82" hai3="48,133,40,112,60,127,11,47,98,83,85,81,28"/><T101/><D37/><U128/><E109/><V16/><F115/><W54/><G112/><T12/><D69/><U72/><E72/><V0/><F116/><W93/><G127/><T57/><D75/><U110/><E110/><V80/><F0/><W14/><G133/><T39/><D39/><U32/><E128/><V97/><F90/><W108/><G28/><T87/><D125/><U4/><E36/><V55/><F55/><W23/><G23/><T3/><D3/><U91/><E4/><V41/><F41/><W107/><G107/><T120/><D120/><U96/><E31/><V70/><F70/><W53/><G108/><T74/><D74/><U29/><E29/><V56/><F56/><W1/><G1/><T113/><D113/><U92/><E114/><V105/><F105/><W126/><G126/><T122/><D129/><U6/><E6/><V5/><F5/><W46/><G83/><T62/><D122/><U135/><E135/><V2/><F2/><W35/><G35/><T30/><D87/><U123/><E123/><V59/><F59/><W131/><G131/><T94/><D118/><U76/><E76/><V73/><F73/><W49/><G60/><T20/><D94/><U45/><E84/><V24/><AGARI ba="0,0" hai="10,15,16,18,22,24,38,43,44,80,82,88,95,97" machi="24" ten="20,8000,1" yaku="0,1,7,1,52,1,54,2" doraHai="8" who="2" fromWho="2" sc="388,-40,171,-20,194,80,247,-20" /><INIT seed="5,0,0,5,2,57" ten="348,151,274,227" oya="1" hai0="120,40,93,98,65,23,20,100,96,63,90,17,7" hai1="9,13,33,51,74,38,124,70,22,56,104,83,28" hai2="79,69,128,6,39,105,87,119,111,82,123,45,10" hai3="58,16,41,4,48,116,25,59,77,133,53,107,127"/><U0/><E104/><V131/><F111/><W52/><G107/><T109/><D109/><U61/><E38/><V95/><F119/><W15/><G116/><T37/><D7/><U42/><E124/><V67/><F123/><W26/><G127/><T115/><D120/><U36/><E36/><V72/><F105/><W44/><G133/><T30/><D115/><U110/><E110/><V66/><F95/><W50/><G77/><T73/><D73/><U12/><E33/><V117/><F117/><W32/><G4/><T92/><D37/><U81/><E0/><N who="2" m="327" /><F87/><W113/><G32/><T2/><D2/><U3/><E3/><V99/><F99/><W18/><G113/><T129/><D40/><U122/><E70/><V34/><F34/><W46/><G15/><N who="1" m="5706" /><E9/><V75/><F75/><W76/><G76/><T49/><D129/><N who="2" m="49738" /><F69/><W132/><G132/><T108/><D108/><U55/><E74/><V91/><F91/><W68/><G68/><T29/><D90/><U89/><E89/><V80/><F80/><W21/><G41/><AGARI ba="0,0" hai="39,41,45,66,67,72,79,82" m="49738,327" machi="41" ten="30,2000,0" yaku="25,1,19,1" doraHai="57" who="2" fromWho="3" sc="348,0,151,0,274,20,227,-20" /><INIT seed="6,0,0,1,4,83" ten="348,151,294,207" oya="2" hai0="134,2,56,130,63,104,82,119,46,41,81,108,107" hai1="98,35,128,122,33,51,124,29,16,62,42,65,118" hai2="53,90,21,85,31,61,37,109,78,113,89,45,96" hai3="77,36,80,93,18,17,39,73,57,102,127,43,75"/><V126/><F113/><W92/><G127/><T95/><D108/><U50/><E118/><V114/><F114/><W54/><G75/><T23/><D2/><U30/><E122/><V135/><F126/><W111/><G111/><T110/><D110/><U97/><E124/><V66/><F109/><W48/><G43/><T24/><D134/><U103/><E128/><V68/><F135/><W5/><G5/><T12/><D130/><U59/><E42/><V27/><F37/><W132/><G132/><T133/><D12/><U91/><E91/><V64/><F64/><W10/><G93/><T99/><D104/><U115/><E115/><V117/><F117/><W94/><G94/><T55/><D107/><U19/><E65/><V28/><F28/><W8/><G39/><T15/><D15/><U86/><E59/><V105/><F53/><W9/><REACH who="3" step="1"/><G36/><REACH who="3" ten="348,151,294,197" step="2"/><T70/><D133/><U116/><E116/><V6/><F6/><W58/><G58/><T88/><D119/><U4/><E4/><V52/><F105/><W123/><G123/><T112/><D112/><U3/><E3/><V100/><F100/><W129/><G129/><T79/><D70/><U7/><E7/><V25/><F96/><AGARI ba="0,1" hai="8,9,10,17,18,48,54,57,73,77,80,92,96,102" machi="96" ten="40,5200,0" yaku="1,1,53,2" doraHai="83" doraHaiUra="14" who="3" fromWho="2" sc="348,0,151,0,294,-52,197,62" /><INIT seed="7,0,0,2,3,65" ten="348,151,242,259" oya="3" hai0="1,99,87,39,77,51,114,72,82,76,27,0,93" hai1="98,81,19,12,4,33,103,61,90,64,38,59,31" hai2="131,133,21,96,132,30,40,35,95,14,74,55,112" hai3="89,44,50,83,113,22,80,18,42,106,85,128,26"/><W25/><G106/><T127/><D39/><U70/><E38/><V17/><F74/><W2/><G2/><T78/><D127/><U68/><E4/><V73/><F73/><W135/><G135/><N who="2" m="51785" /><F112/><W109/><G113/><T15/><D27/><U6/><E6/><V66/><F131/><W105/><G105/><T3/><D114/><U94/><E33/><V130/><F130/><W46/><G128/><T71/><D71/><U120/><E31/><V86/><F40/><W16/><G109/><T97/><D72/><U9/><REACH who="1" step="1"/><E120/><REACH who="1" ten="348,141,242,259" step="2"/><V5/><F5/><W124/><G124/><T60/><D0/><U118/><E118/><V116/><F30/><W107/><G107/><T36/><D1/><U101/><E101/><V91/><F35/><W75/><G75/><T121/><D36/><U54/><E54/><V52/><F116/><W92/><REACH who="3" step="1"/><G46/><REACH who="3" ten="348,141,242,249" step="2"/><T134/><D3/><U117/><E117/><V43/><F43/><W20/><AGARI ba="0,2" hai="16,18,20,22,25,26,42,44,50,80,83,85,89,92" machi="20" ten="30,18000,2" yaku="1,1,2,1,0,1,9,1,8,1,54,1,53,0" doraHai="65" doraHaiUra="122" who="3" fromWho="3" sc="348,-60,141,-60,242,-60,249,200" owari="288,8.8,81,-41.9,182,-21.8,449,54.9" /></mjloggm>