<mjloggm ver="2.3"><GO type="169" lobby="0"/><UN n0="%E5%BE%A1%E5%BD%B1%E3%82%86%E3%81%9A%E3%81%8D" n1="%41%72%69%61" n2="%E3%81%88%E3%81%8C%E3%82%8F%E3%82%8A%E3%81%8A" n3="%E8%8B%B1%E5%9B%BD%E5%A3%B2%E5%8D%B4" dan="17,16,16,17" rate="2201.80,2169.72,2112.35,2221.56" sx="M,F,M,M"/><TAIKYOKU oya="0"/><INIT seed="0,0,0,1,2,132" ten="250,250,250,250" oya="0" hai0="135,61,127,37,42,116,4,41,7,71,49,82,45" hai1="52,118,1,63,23,133,55,32,105,13,31,122,126" hai2="130,80,84,50,109,104,112,10,39,20,111,86,108" hai3="97,129,66,16,17,3,123,28,38,101,60,89,12"/><T59/><D116/><U56/><E118/><V51/><F112/><W114/><G114/><T90/><D135/><U22/><E133/><V87/><F39/><W120/><G3/><T21/><D42/><U70/><E122/><N who="3" m="46634" /><G38/><T65/><D21/><U67/><E1/><V99/><F130/><W83/><G28/><T110/><D110/><U8/><E105/><V76/><F10/><W48/><G48/><N who="2" m="18473" /><F20/><W81/><G89/><T18/><D18/><N who="3" m="7273" /><G12/><T30/><D30/><U125/><E32/><V14/><F14/><W103/><G129/><T88/><D127/><N who="1" m="48651" /><E70/><V106/><F99/><W0/><G0/><T100/><D100/><N who="3" m="38473" /><G97/><T5/><D82/><U11/><E11/><V117/><F117/><W36/><G36/><T54/><AGARI ba="0,0" hai="4,5,7,37,41,45,49,54,59,61,65,71,88,90" machi="54" ten="30,11700,0" yaku="0,1,24,2,54,1" doraHai="132" who="0" fromWho="0" sc="250,117,250,-39,250,-39,250,-39" /><INIT seed="0,1,0,2,2,8" ten="367,211,211,211" oya="0" hai0="102,72,3,40,108,18,12,124,134,123,47,135,48" hai1="51,107,10,32,7,127,16,109,125,128,122,11,105" hai2="110,61,29,43,6,67,34,17,98,64,60,35,87" hai3="106,82,70,75,41,96,116,92,132,9,23,86,115"/><T130/><D123/><U104/><E122/><V95/><F110/><W99/><G115/><T66/><D72/><U50/><E109/><V4/><F43/><W26/><G116/><T2/><D108/><U84/><E32/><V20/><F87/><W121/><G121/><T100/><D66/><U117/><E117/><V24/><F67/><W71/><G132/><N who="0" m="50731" /><D130/><U1/><E128/><V89/><F60/><W30/><G75/><T54/><D40/><U133/><E133/><V119/><F119/><W69/><G41/><T55/><D55/><U90/><E11/><V94/><F94/><W83/><G106/><T97/><D124/><N who="1" m="47691" /><E16/><V65/><F65/><W14/><G92/><AGARI ba="1,0" hai="1,7,10,50,51,84,90,92,104,105,107" m="47691" machi="92" ten="40,1300,0" yaku="18,1" doraHai="8" who="1" fromWho="3" sc="367,0,211,16,211,0,211,-16" /><INIT seed="1,0,0,5,3,91" ten="367,227,211,195" oya="1" hai0="58,82,99,101,124,88,47,89,79,96,117,11,34" hai1="63,100,72,111,67,85,128,32,41,12,61,57,42" hai2="26,14,64,6,81,110,22,51,80,25,13,115,108" hai3="28,68,66,103,112,44,121,36,15,118,31,71,130"/><U7/><E72/><V77/><F64/><W33/><G112/><T54/><D34/><U30/><E128/><V0/><F115/><W49/><G121/><T53/><D117/><U19/><E7/><V116/><F116/><W74/><G74/><T39/><D124/><U18/><E18/><V40/><F0/><W35/><G36/><T16/><D99/><U102/><E111/><N who="2" m="42539" /><F6/><W131/><G103/><N who="1" m="39466" /><E32/><N who="3" m="12362" /><G15/><N who="2" m="5641" /><F77/><W113/><G113/><T21/><D11/><U78/><E30/><N who="3" m="11306" /><G66/><T127/><D127/><U69/><E69/><V90/><F90/><W84/><G84/><T2/><D89/><U46/><E63/><V73/><F73/><W48/><G44/><T98/><D88/><U132/><E46/><N who="2" m="26055" /><F26/><W10/><G10/><T59/><D39/><U43/><E132/><V75/><F75/><W133/><G133/><T134/><D134/><U93/><E78/><V125/><F125/><W9/><G9/><T129/><D79/><U8/><E85/><V95/><F95/><AGARI ba="0,0" hai="8,12,19,41,42,43,57,61,67,93,95" m="39466" machi="95" ten="30,5800,0" yaku="8,1,52,2" doraHai="91" who="1" fromWho="2" sc="367,0,227,58,211,-58,195,0" /><INIT seed="1,1,0,5,4,107" ten="367,285,153,195" oya="1" hai0="58,60,98,88,130,38,86,116,37,63,95,49,85" hai1="64,117,78,113,23,66,45,34,126,20,54,44,16" hai2="32,33,102,10,111,114,97,15,72,47,127,5,30" hai3="19,122,100,92,93,35,121,24,4,124,69,108,52"/><U74/><E113/><V17/><F114/><W18/><G69/><T123/><D116/><U14/><E34/><V101/><F111/><W125/><G4/><T40/><D123/><U43/><E117/><V29/><F127/><N who="3" m="48715" /><G108/><T99/><D130/><U94/><E126/><V65/><F72/><W3/><G3/><T53/><D98/><U67/><E94/><N who="3" m="36458" /><G100/><T48/><D37/><U31/><E54/><V12/><F65/><W9/><G9/><T106/><D38/><U82/><REACH who="1" step="1"/><E43/><REACH who="1" ten="367,275,153,195" step="2"/><V91/><F33/><W89/><G52/><N who="0" m="32007" /><D106/><U39/><E39/><V41/><F32/><W70/><G35/><T50/><D40/><U25/><AGARI ba="1,1" hai="14,16,20,23,25,31,44,45,64,66,67,74,78,82" machi="25" ten="30,11700,0" yaku="1,1,0,1,52,1,54,1,53,0" doraHai="107" doraHaiUra="80" who="1" fromWho="1" sc="367,-40,275,130,153,-40,195,-40" /><INIT seed="1,2,0,1,4,117" ten="327,405,113,155" oya="1" hai0="134,124,38,4,128,78,94,60,106,19,17,113,28" hai1="85,40,13,62,130,109,9,11,59,67,35,93,129" hai2="2,10,58,0,77,97,63,95,3,36,54,52,75" hai3="6,23,70,73,5,22,69,123,116,89,92,122,79"/><U133/><E35/><V44/><F75/><W105/><G116/><T76/><D113/><U111/><E133/><V125/><F77/><W21/><G79/><T25/><D106/><U7/><E40/><V82/><F82/><W99/><G73/><T66/><D38/><U119/><E119/><V42/><F125/><W100/><G6/><T34/><D124/><U87/><E9/><V126/><F126/><W135/><G135/><T45/><D94/><U115/><E115/><V121/><F121/><W84/><REACH who="3" step="1"/><G5/><REACH who="3" ten="327,405,113,145" step="2"/><T108/><D4/><U16/><E7/><V131/><F131/><N who="1" m="50185" /><E93/><V110/><F110/><AGARI ba="2,1" hai="11,13,16,59,62,67,85,87,109,110,111" m="50185" machi="110" ten="30,11600,0" yaku="14,1,10,1,19,1,54,1" doraHai="117" who="1" fromWho="2" sc="327,0,405,132,113,-122,145,0" owari="327,12.7,537,63.7,-9,-50.9,145,-25.5" /></mjloggm>