<mjloggm ver="2.3"><GO type="225" lobby="0"/><UN n0="%E3%81%94%E3%83%BC%E3%81%A9%E3%82%93" n1="%E3%83%A9%E3%82%B9%E7%8E%87%EF%BC%93%E5%89%B2" n2="%E6%81%A5%E6%99%92%E3%81%97" n3="%E8%B5%A4%E3%81%84%E8%9B%99%31%31" dan="16,17,16,16" rate="2084.14,2193.10,2055.53,2052.00" sx="M,F,M,M"/><TAIKYOKU oya="0"/><INIT seed="0,0,0,1,4,124" ten="250,250,250,250" oya="0" hai0="63,73,125,74,130,56,121,69,106,41,86,34,59" hai1="111,35,98,87,1,105,103,55,93,0,101,90,75" hai2="20,83,64,36,9,68,15,51,96,78,60,95,42" hai3="102,47,110,131,37,89,127,80,109,97,40,26,70"/><T30/><D121/><U53/><E35/><V115/><F115/><W2/><G127/><T7/><D125/><U58/><E111/><N who="3" m="42506" /><G70/><T133/><D106/><U13/><E101/><V12/><F20/><W66/><G66/><T79/><D69/><U39/><E39/><V65/><F65/><W134/><G134/><T52/><D133/><U114/><E114/><V84/><F36/><W135/><G135/><T17/><D7/><U3/><E13/><V11/><F11/><W29/><G2/><T108/><D41/><U77/><REACH who="1" step="1"/><E58/><REACH who="1" ten="250,240,250,250" step="2"/><V4/><F15/><W82/><G102/><T27/><D59/><U85/><E85/><V19/><F12/><W100/><G100/><T22/><D108/><U117/><E117/><V94/><F68/><W67/><G37/><T123/><D123/><U24/><E24/><V132/><F84/><W112/><G112/><T76/><D86/><U28/><E28/><V129/><F132/><W5/><G26/><T23/><D34/><U116/><E116/><V92/><F96/><W33/><G29/><T88/><D88/><U49/><E49/><V54/><F51/><W50/><G33/><T72/><REACH who="0" step="1"/><D130/><REACH who="0" ten="240,240,250,250" step="2"/><U107/><E107/><V25/><F129/><W8/><G131/><T48/><D48/><U122/><E122/><V6/><F6/><W99/><G89/><T18/><D18/><U61/><E61/><V32/><F4/><W10/><G5/><T16/><D16/><U71/><E71/><V81/><F19/><W113/><G50/><T118/><D118/><U21/><E21/><V57/><F32/><W104/><G104/><RYUUKYOKU ba="0,2" sc="240,15,240,15,250,-15,250,-15" hai0="17,22,23,27,30,52,56,63,72,73,74,76,79" hai1="0,1,3,53,55,75,77,87,90,93,98,103,105" /><INIT seed="0,1,2,0,1,99" ten="255,255,235,235" oya="0" hai0="105,114,27,63,53,0,92,76,35,78,24,79,20" hai1="66,54,32,113,25,51,80,107,11,10,94,50,119" hai2="82,111,122,3,125,14,45,22,120,117,83,72,126" hai3="38,17,30,104,34,67,9,69,4,44,121,134,61"/><T47/><D105/><U93/><E107/><V86/><F3/><W39/><G17/><T74/><D114/><U97/><E119/><V116/><F45/><W56/><G134/><T132/><D132/><U84/><E113/><V103/><F111/><W131/><G131/><T68/><D0/><U59/><E94/><V6/><F72/><W129/><G129/><T7/><D7/><U102/><E66/><V46/><F46/><W16/><G121/><N who="2" m="46697" /><F22/><W71/><G104/><T23/><D74/><U2/><E2/><V42/><F42/><W36/><G44/><T40/><D35/><U12/><E51/><V19/><F6/><W62/><G4/><T109/><D92/><U28/><REACH who="1" step="1"/><E12/><REACH who="1" ten="255,245,235,235" step="2"/><V29/><F116/><W115/><G115/><T100/><D109/><U112/><E112/><V65/><F65/><W135/><G135/><T37/><D37/><U87/><E87/><V15/><F86/><W57/><G39/><T90/><D40/><U31/><E31/><V58/><F29/><W13/><G38/><T26/><D26/><U101/><E101/><V73/><F103/><W124/><G36/><T123/><D100/><U64/><E64/><V106/><F106/><W8/><G30/><N who="0" m="17671" /><D123/><U96/><E96/><V48/><F117/><W130/><G130/><T91/><D27/><U33/><E33/><V118/><F118/><W43/><G34/><T108/><D108/><U88/><AGARI ba="1,3" hai="10,11,25,28,32,50,54,59,80,84,88,93,97,102" machi="88" ten="20,8000,1" yaku="1,1,0,1,7,1,52,1,54,1,53,0" doraHai="99" doraHaiUra="18" who="1" fromWho="1" sc="255,-41,245,113,235,-21,235,-21" /><INIT seed="1,0,0,5,5,96" ten="214,358,214,214" oya="1" hai0="49,10,120,6,76,18,93,72,30,11,122,61,33" hai1="13,37,112,7,35,27,85,105,92,45,42,50,95" hai2="84,106,69,1,40,66,97,28,53,21,118,131,99" hai3="123,46,43,116,119,79,4,67,133,39,127,88,55"/><U135/><E112/><V41/><F118/><N who="3" m="45099" /><G123/><N who="0" m="47147" /><D72/><U121/><E135/><V117/><F117/><W8/><G133/><T109/><D76/><U111/><E105/><V15/><F1/><W68/><G79/><T128/><D49/><U124/><E124/><V31/><F66/><W24/><G24/><N who="0" m="18631" /><D93/><U108/><E121/><V48/><F69/><W82/><G127/><T44/><D44/><U134/><E134/><V25/><F106/><W89/><G82/><T23/><D61/><U63/><E63/><V83/><F41/><W77/><G77/><T12/><D109/><N who="1" m="42059" /><E37/><V36/><F40/><W57/><G68/><T5/><D128/><U103/><E85/><V113/><F131/><W94/><G94/><T98/><D98/><N who="1" m="59847" /><E95/><V52/><F36/><W32/><G67/><T86/><D86/><U101/><E101/><V75/><F75/><W125/><G125/><T87/><D87/><U64/><E64/><V110/><F110/><W126/><G126/><T54/><D54/><U78/><E78/><N who="2" m="46199" /><F53/><W56/><G55/><T81/><D81/><U115/><E115/><V16/><F113/><W9/><G39/><T90/><D90/><U91/><E91/><V104/><F104/><W100/><G88/><T22/><D5/><U73/><E73/><V26/><F99/><W58/><G4/><T19/><D6/><U51/><E51/><V129/><F97/><W34/><G89/><T107/><D107/><U70/><E70/><V74/><F74/><W0/><G100/><T71/><D71/><U60/><E60/><V29/><F129/><W130/><G130/><T38/><D38/><RYUUKYOKU ba="0,0" sc="214,15,358,-15,214,15,214,-15" hai0="10,11,12,18,19,22,23" hai2="15,16,21,25,26,28,29,31,48,52" /><INIT seed="2,1,0,0,5,82" ten="229,343,229,199" oya="2" hai0="120,104,48,78,20,15,93,6,2,76,17,91,8" hai1="115,24,26,80,129,116,27,87,54,69,90,73,119" hai2="118,94,52,128,25,112,60,100,113,131,105,122,3" hai3="71,4,111,109,13,75,98,53,81,16,10,32,117"/><V50/><F118/><W65/><G117/><T121/><D104/><U40/><E115/><V135/><F122/><W101/><G32/><T134/><D134/><U67/><E73/><V126/><F135/><W18/><G53/><T108/><D108/><N who="3" m="41545" /><G71/><T21/><D21/><U9/><E129/><N who="2" m="49739" /><F126/><W47/><G47/><T5/><D5/><U103/><E103/><V77/><F3/><W44/><G44/><T68/><D68/><U123/><E123/><V114/><F77/><N who="3" m="44223" /><G65/><T41/><D121/><U72/><E67/><V84/><F60/><W22/><G22/><T92/><D120/><U130/><E130/><V59/><F25/><W7/><G7/><T61/><D61/><U19/><E27/><V106/><F100/><W33/><G33/><T11/><D20/><U23/><E24/><V63/><F63/><W125/><G125/><T127/><D127/><U70/><E26/><V36/><F36/><W0/><G0/><T74/><D74/><U97/><E72/><V102/><F102/><W34/><G34/><T89/><D48/><U57/><E119/><V66/><F66/><W132/><G132/><T64/><D64/><U85/><E116/><V56/><F59/><W45/><G45/><T95/><REACH who="0" step="1"/><D41/><REACH who="0" ten="219,343,229,199" step="2"/><U42/><E69/><V35/><F35/><W51/><G51/><T55/><D55/><U49/><E70/><V79/><F50/><W83/><G83/><T38/><D38/><U46/><E49/><V99/><F52/><W14/><G14/><T30/><D30/><U39/><E54/><V124/><F124/><W96/><G96/><T1/><D1/><RYUUKYOKU ba="1,1" sc="219,15,343,-15,229,-15,199,15" hai0="2,6,8,11,15,17,76,78,89,91,92,93,95" hai3="4,10,13,16,18,98,101" /><INIT seed="3,2,1,2,4,2" ten="234,328,214,214" oya="3" hai0="45,69,8,112,57,124,35,5,61,66,3,134,96" hai1="70,105,100,91,79,38,117,83,65,23,111,42,47" hai2="6,87,63,76,131,22,92,1,32,44,62,71,125" hai3="135,20,52,55,50,51,14,110,97,103,60,39,10"/><W58/><G39/><T127/><D134/><U59/><E111/><V53/><F32/><W27/><G135/><T126/><D35/><U18/><E117/><V129/><F125/><W95/><G110/><T24/><D24/><U82/><E105/><V113/><F113/><W7/><G55/><T75/><D75/><U109/><E100/><V133/><F71/><W26/><G26/><T94/><D45/><U88/><E70/><V118/><F118/><W46/><G46/><T49/><D112/><U73/><E83/><N who="2" m="47591" /><F22/><W85/><G85/><T74/><D74/><U104/><E104/><V21/><F21/><W132/><G132/><T68/><REACH who="0" step="1"/><D49/><REACH who="0" ten="224,328,214,214" step="2"/><U98/><E109/><V93/><F133/><W13/><G13/><T33/><D33/><U0/><E73/><V120/><F44/><W29/><AGARI ba="2,2" hai="7,10,14,20,27,29,50,51,52,58,60,95,97,103" machi="29" ten="20,12000,1" yaku="0,1,7,1,8,1,52,1,54,1" doraHai="2" who="3" fromWho="3" sc="224,-42,328,-42,214,-42,214,146" owari="182,-21.8,286,8.6,172,-32.8,360,46.0" /></mjloggm>