<mjloggm ver="2.3"><GO type="169" lobby="0"/><UN n0="%73%79%75%70%6F%6E" n1="%E4%BA%9C%E6%9C%88" n2="%61%6B%69%62%61%62%61%6E" n3="%E5%85%A8%E9%80%9F%E3%82%86%E3%83%BC%E3%81%B8%E3%81%84" dan="17,17,17,18" rate="2218.79,2182.76,2159.70,2187.16" sx="M,M,M,M"/><TAIKYOKU oya="0"/><INIT seed="0,0,0,2,5,85" ten="250,250,250,250" oya="0" hai0="66,129,110,31,53,23,10,13,111,102,67,26,116" hai1="134,14,133,101,11,44,59,40,72,12,70,124,113" hai2="3,98,2,62,131,120,132,25,95,4,5,60,123" hai3="115,39,17,109,32,28,22,27,36,80,119,77,41"/><T15/><D116/><U89/><E70/><V65/><F131/><W49/><G115/><T118/><D118/><U1/><E72/><V71/><F132/><N who="1" m="50793" /><E124/><V117/><F117/><W37/><G109/><N who="0" m="41483" /><D102/><U46/><E101/><V61/><F25/><W82/><G119/><T52/><D129/><U126/><E126/><V121/><F71/><W20/><G82/><T78/><D78/><U104/><E104/><V75/><F75/><W51/><G41/><T8/><D15/><U107/><E107/><V6/><F65/><N who="0" m="24586" /><D8/><U76/><E76/><V45/><F45/><W34/><G80/><T91/><D91/><AGARI ba="0,0" hai="2,3,4,5,6,60,61,62,91,95,98,120,121,123" machi="91" ten="50,6400,0" yaku="29,2,52,1" doraHai="85" who="2" fromWho="0" sc="250,-64,250,0,250,64,250,0" /><INIT seed="1,0,0,5,3,34" ten="186,250,314,250" oya="1" hai0="67,69,0,5,41,7,90,132,116,20,47,9,62" hai1="52,74,18,103,77,101,83,113,114,94,54,65,63" hai2="131,104,81,56,50,11,37,33,36,73,99,72,53" hai3="40,105,49,24,122,110,16,129,17,91,1,124,79"/><U121/><E121/><V112/><F33/><W75/><G122/><T115/><D115/><U13/><E113/><V58/><F112/><W87/><G110/><T78/><D116/><U120/><E120/><V60/><F131/><W8/><G105/><T46/><D132/><U68/><E114/><V134/><F134/><W84/><G129/><T95/><D78/><U80/><E80/><V107/><F107/><W30/><G87/><T125/><D125/><U48/><BYE who="0" /><E94/><V127/><F127/><W128/><G128/><T55/><D55/><U45/><REACH who="1" step="1"/><E54/><REACH who="1" ten="186,240,314,250" step="2"/><V51/><F81/><UN n0="%73%79%75%70%6F%6E" /><W85/><G124/><T2/><D95/><U130/><E130/><V89/><F53/><W31/><G75/><T42/><D90/><U135/><E135/><V106/><F89/><W14/><G91/><T22/><D41/><U92/><E92/><V82/><F82/><W100/><G40/><T109/><D109/><U71/><E71/><V111/><F111/><W133/><G133/><T119/><D119/><U35/><E35/><V43/><F43/><W61/><G79/><T70/><D70/><U44/><E44/><V4/><F73/><W88/><G88/><T10/><REACH who="0" step="1"/><D47/><REACH who="0" ten="176,240,314,250" step="2"/><U57/><E57/><V117/><F58/><W118/><G118/><T38/><AGARI ba="0,2" hai="0,2,5,7,9,10,20,22,38,42,46,62,67,69" machi="38" ten="20,16000,3" yaku="1,1,2,1,0,1,7,1,9,1,52,2,53,1" doraHai="34" doraHaiUra="64" who="0" fromWho="0" sc="176,180,240,-80,314,-40,250,-40" /><INIT seed="2,0,0,3,2,132" ten="356,160,274,210" oya="2" hai0="73,41,54,96,19,131,62,71,99,65,116,97,90" hai1="80,70,118,33,52,83,98,10,68,82,101,2,45" hai2="110,39,40,18,50,59,66,85,77,84,25,119,127" hai3="5,42,20,35,7,76,87,133,135,21,27,55,31"/><V130/><F119/><W100/><G100/><T121/><D121/><U125/><E118/><V104/><F104/><W108/><G42/><T114/><D114/><U11/><E33/><V3/><F3/><W47/><G76/><T1/><D73/><U14/><E2/><V13/><F130/><W51/><G108/><T105/><D1/><U63/><E125/><V22/><F110/><W74/><G74/><T38/><D105/><U34/><E34/><V122/><F122/><W88/><G21/><T12/><D131/><U30/><E30/><V107/><F107/><W23/><G23/><T120/><D120/><U115/><E115/><V117/><F117/><W24/><G135/><T9/><D54/><U16/><E11/><V129/><F127/><W86/><G86/><T81/><D81/><U57/><REACH who="1" step="1"/><E45/><REACH who="1" ten="356,150,274,210" step="2"/><V64/><F129/><W106/><G133/><T126/><D126/><U37/><BYE who="0" /><E37/><V95/><F39/><UN n0="%73%79%75%70%6F%6E" /><W61/><G35/><T67/><D38/><U94/><AGARI ba="0,1" hai="10,14,16,52,57,63,68,70,80,82,83,94,98,101" machi="94" ten="30,7900,0" yaku="1,1,0,1,54,2,53,0" doraHai="132" doraHaiUra="128" who="1" fromWho="1" sc="356,-20,150,89,274,-39,210,-20" /><INIT seed="3,0,0,4,3,55" ten="336,239,235,190" oya="3" hai0="112,85,8,60,74,26,94,20,108,6,65,76,70" hai1="114,35,104,132,125,133,103,69,56,87,37,46,95" hai2="111,13,40,106,10,88,68,3,134,81,99,32,17" hai3="5,82,135,96,98,1,102,123,116,129,47,79,118"/><W27/><G123/><T4/><D108/><U131/><E69/><V41/><F111/><W58/><G135/><N who="1" m="51786" /><E35/><V117/><F117/><W31/><G129/><T107/><D107/><U2/><E114/><V43/><F134/><W16/><G47/><T110/><D110/><U21/><E2/><V36/><F32/><W29/><G1/><T0/><D112/><U124/><E104/><V18/><F68/><W15/><G5/><T33/><D33/><U25/><E131/><V19/><F3/><W101/><G27/><T44/><D44/><U97/><E87/><V9/><F36/><W83/><G79/><T75/><D4/><U77/><E77/><V122/><F122/><W89/><G89/><T53/><D53/><U57/><E37/><V113/><F113/><W121/><G121/><T71/><D71/><U38/><E38/><V22/><F106/><W63/><G118/><T48/><D48/><U61/><E46/><V90/><F90/><W130/><G130/><T23/><D23/><U67/><E57/><V66/><F66/><N who="3" m="39287" /><G116/><T105/><D105/><U78/><E78/><V127/><F127/><W51/><G51/><T73/><D76/><U7/><E7/><V62/><F62/><W119/><G119/><T12/><D0/><U24/><E24/><V64/><F64/><W109/><G109/><T80/><D73/><U91/><E91/><V93/><F81/><N who="3" m="30731" /><G102/><T59/><D70/><U84/><E84/><V28/><F13/><W42/><G42/><T126/><D126/><U72/><E72/><V39/><F39/><W100/><G100/><T30/><D80/><RYUUKYOKU ba="0,0" sc="336,10,239,10,235,10,190,-30" hai0="6,8,12,20,26,30,59,60,65,74,75,85,94" hai1="21,25,56,61,67,95,97,103,124,125" hai2="9,10,17,18,19,22,28,40,41,43,88,93,99" /><INIT seed="4,1,0,5,3,91" ten="346,249,245,160" oya="0" hai0="84,79,100,37,83,59,112,135,71,0,1,131,46" hai1="27,41,119,126,9,90,105,118,31,76,102,40,85" hai2="127,116,11,64,72,107,125,24,63,32,94,33,57" hai3="3,67,120,97,117,10,14,50,18,56,115,55,103"/><T121/><D121/><U69/><E69/><V129/><F72/><W110/><G110/><T42/><D71/><U66/><E66/><V89/><F129/><W58/><G117/><T39/><D131/><U108/><E108/><V75/><F107/><W78/><G115/><T74/><D112/><U22/><E126/><N who="2" m="48139" /><F75/><W49/><G120/><T95/><D135/><U98/><E76/><V35/><F11/><W30/><G30/><T47/><D59/><U113/><E113/><V124/><F124/><W101/><G78/><T44/><D44/><U16/><E118/><V38/><F38/><W17/><G3/><T12/><D12/><U130/><E130/><V51/><F51/><W45/><G103/><T92/><D100/><U6/><E31/><N who="2" m="19559" /><F116/><W122/><G122/><T20/><D20/><U134/><E134/><V111/><F111/><W7/><G58/><T82/><D0/><U128/><E128/><V132/><F132/><W21/><G21/><T106/><D1/><U70/><E119/><V25/><F25/><W104/><REACH who="3" step="1"/><G67/><REACH who="3" ten="346,249,245,150" step="2"/><T123/><D123/><U28/><E28/><V80/><F80/><W114/><G114/><T133/><D133/><U99/><E70/><V62/><F62/><W13/><G13/><T26/><D26/><U73/><E27/><V109/><F109/><W60/><G60/><T52/><D82/><U34/><E22/><V23/><F23/><W19/><G19/><T68/><D83/><U29/><E16/><V36/><F35/><W4/><G4/><T8/><D68/><U54/><E34/><V48/><F33/><W65/><G65/><RYUUKYOKU ba="1,1" sc="346,-10,249,-10,245,-10,150,30" hai3="7,10,14,17,18,45,49,50,55,56,97,101,104" /><INIT seed="5,2,1,2,1,53" ten="336,239,235,180" oya="1" hai0="111,36,119,9,134,67,75,88,126,113,18,70,73" hai1="122,114,55,90,105,127,4,98,6,135,83,61,82" hai2="133,10,93,19,81,26,46,60,22,57,76,41,15" hai3="47,103,115,100,123,120,30,11,12,63,65,74,97"/><U101/><E122/><V49/><F133/><W78/><G115/><T40/><D111/><U39/><E114/><V38/><F38/><W87/><G74/><T0/><D119/><U51/><E135/><V106/><F106/><W79/><G47/><T13/><D126/><U32/><E127/><V102/><F102/><W92/><G103/><T71/><D0/><U118/><E118/><V68/><F68/><W99/><G99/><T109/><D109/><U84/><E32/><V85/><F93/><W62/><G62/><T43/><D71/><U2/><E39/><V37/><F37/><W1/><G1/><T117/><D43/><U34/><E34/><V42/><F42/><W121/><G30/><T80/><D117/><U58/><E2/><V21/><REACH who="2" step="1"/><F26/><REACH who="2" ten="336,239,225,180" step="2"/><W56/><REACH who="3" step="1"/><G87/><REACH who="3" ten="336,239,225,170" step="2"/><T132/><D132/><U14/><E84/><V130/><F130/><W96/><G96/><T25/><D134/><U107/><E98/><V5/><F5/><AGARI ba="2,3" hai="5,11,12,56,63,65,78,79,92,97,100,120,121,123" machi="5" ten="40,2600,0" yaku="1,1,52,1,53,0" doraHai="53" doraHaiUra="29" who="3" fromWho="2" sc="336,0,239,0,225,-32,170,62" /><INIT seed="6,0,0,4,3,26" ten="336,239,193,232" oya="2" hai0="51,5,81,67,52,33,106,88,89,95,46,91,28" hai1="78,14,22,71,54,6,60,127,74,50,63,125,100" hai2="126,119,135,79,32,65,98,70,3,114,30,130,55" hai3="97,56,42,104,133,132,68,82,49,21,76,47,4"/><V83/><F119/><W24/><G68/><T111/><D111/><U102/><E74/><V94/><F114/><W59/><G4/><T40/><D106/><U93/><E78/><V96/><F3/><W20/><G20/><T101/><D67/><U129/><E93/><V61/><F130/><W112/><G97/><N who="0" m="59583" /><D33/><U103/><E71/><V25/><F135/><N who="3" m="51787" /><G104/><T38/><D38/><U15/><E22/><V19/><F126/><N who="1" m="48137" /><E129/><V77/><F19/><N who="3" m="12351" /><G112/><T2/><D5/><U73/><E73/><AGARI ba="0,0" hai="42,47,49,56,59,73,76,82" m="12351,51787" machi="73" ten="30,1000,0" yaku="20,1" doraHai="26" who="3" fromWho="1" sc="336,0,239,-10,193,0,232,10" /><INIT seed="7,0,0,1,4,120" ten="336,229,193,242" oya="3" hai0="56,76,118,64,44,15,46,114,17,13,59,26,8" hai1="97,71,128,69,70,57,36,29,10,123,116,53,23" hai2="39,134,90,130,105,5,82,1,85,7,11,47,51" hai3="133,100,67,33,121,58,25,41,68,42,110,101,19"/><W49/><G121/><T34/><D118/><U93/><E123/><V12/><F130/><W122/><G122/><T132/><D76/><U22/><E36/><V40/><F134/><W104/><G19/><T84/><D84/><U92/><E128/><V117/><F117/><W28/><G101/><T86/><D86/><U14/><E116/><V81/><F105/><W24/><G24/><T45/><D132/><U2/><E2/><V135/><F135/><W37/><G37/><T3/><D3/><U98/><E29/><V48/><F7/><W112/><G112/><T60/><D15/><U80/><E80/><V77/><REACH who="2" step="1"/><F12/><REACH who="2" ten="336,229,183,242" step="2"/><W0/><G133/><T124/><D13/><U87/><E14/><V107/><F107/><W91/><G104/><T75/><D114/><U125/><E70/><V115/><F115/><W119/><G68/><T43/><D124/><U95/><E69/><V4/><F4/><W30/><G0/><T50/><D43/><U21/><E71/><V103/><F103/><W83/><G100/><T61/><D75/><AGARI ba="0,1" hai="1,5,11,39,40,47,48,51,75,77,81,82,85,90" machi="75" ten="30,8000,1" yaku="1,1,7,1,25,2,53,1" doraHai="120" doraHaiUra="72" who="2" fromWho="0" sc="336,-80,229,0,183,90,242,0" /><INIT seed="8,0,0,1,3,105" ten="256,229,273,242" oya="0" hai0="125,84,113,51,129,34,30,94,81,80,98,109,28" hai1="76,3,89,45,119,131,82,2,12,117,56,27,42" hai2="134,130,19,32,69,83,9,74,58,44,62,116,99" hai3="31,8,87,13,118,46,59,103,77,61,5,18,124"/><T23/><D34/><U111/><E111/><V91/><F32/><W54/><G118/><N who="1" m="45066" /><E131/><V112/><F112/><W132/><G124/><T110/><D125/><U104/><E104/><V79/><F116/><W49/><G132/><T96/><D113/><U29/><E12/><V108/><F108/><N who="0" m="41578" /><D129/><U1/><E56/><V4/><F130/><W33/><G103/><N who="0" m="60823" /><D98/><U57/><E89/><V26/><F69/><W65/><G31/><N who="0" m="11819" /><D23/><N who="1" m="15615" /><E57/><V7/><F58/><W72/><G33/><T17/><D17/><U52/><E42/><V127/><F19/><W37/><G18/><T63/><D63/><U71/><E71/><V40/><F62/><W6/><G59/><T48/><D81/><U50/><E1/><V95/><F134/><W97/><G61/><T64/><D64/><U24/><E24/><V128/><F128/><W92/><G65/><T16/><D16/><U106/><E106/><V101/><F26/><W123/><G13/><T102/><D102/><U47/><E47/><V75/><BYE who="1" /><F127/><W38/><G97/><T135/><D135/><U70/><E70/><V20/><F20/><W100/><G100/><T122/><D122/><U86/><E86/><N who="2" m="48511" /><F101/><W73/><G123/><T35/><D35/><U67/><E67/><V78/><F7/><N who="3" m="2571" /><G92/><T10/><D10/><U36/><E36/><N who="3" m="13930" /><G8/><T121/><D121/><U107/><E107/><V0/><F44/><W11/><G11/><T22/><D22/><U120/><E120/><V115/><F115/><W43/><G43/><T90/><AGARI ba="0,0" hai="48,51,80,84,90" m="11819,60823,41578" machi="90" ten="30,1500,0" yaku="10,1" doraHai="105" who="0" fromWho="0" sc="256,15,229,-5,273,-5,242,-5" /><INIT seed="8,1,0,2,5,11" ten="271,224,268,237" oya="0" hai0="7,82,130,111,72,44,9,1,94,118,62,105,27" hai1="101,80,128,87,45,104,76,133,23,13,31,6,22" hai2="14,131,33,60,70,66,40,77,41,84,64,51,58" hai3="57,91,37,121,19,34,29,35,16,79,115,123,0"/><T59/><D105/><U20/><E20/><V124/><F33/><W53/><G37/><T109/><D118/><U54/><E54/><V10/><F131/><W65/><G0/><UN n1="%E4%BA%9C%E6%9C%88" /><T122/><D122/><N who="3" m="46601" /><G115/><T2/><D130/><U48/><E128/><V99/><F124/><W95/><G79/><N who="0" m="44391" /><D27/><U134/><E101/><V117/><F99/><N who="3" m="57855" /><G65/><N who="0" m="39135" /><D44/><U63/><E104/><V98/><F98/><W69/><G69/><T83/><D94/><U78/><E78/><V127/><F127/><W25/><G34/><T120/><D83/><U81/><E80/><N who="2" m="47119" /><F70/><W108/><G19/><T135/><D135/><N who="1" m="51723" /><E31/><V52/><F117/><W75/><G16/><T88/><D88/><U56/><E45/><N who="2" m="26031" /><F40/><W71/><G71/><T126/><D126/><U24/><E24/><V4/><AGARI ba="1,0" hai="4,10,14,52,58,60,64,66" m="26031,47119" machi="4" ten="30,7900,0" yaku="25,1,8,1,52,1,54,1" doraHai="11" who="2" fromWho="2" sc="271,-40,224,-21,268,82,237,-21" owari="231,3.1,203,-29.7,350,45.0,216,-18.4" /></mjloggm>