<mjloggm ver="2.3"><GO type="169" lobby="0"/><UN n0="%E3%81%A3%E3%81%A6%E3%81%93%E3%81%A8%EF%BC%81%EF%BC%9F" n1="%68%69%73%61%74%6F%E6%A3%92" n2="%41%72%69%61" n3="%43%55%4B%45%59" dan="16,16,16,16" rate="2041.63,2155.10,2162.43,2089.63" sx="M,M,F,M"/><TAIKYOKU oya="0"/><INIT seed="0,0,0,2,1,67" ten="250,250,250,250" oya="0" hai0="102,131,2,33,91,59,34,1,56,24,47,65,117" hai1="43,32,62,49,87,84,113,23,39,63,45,10,37" hai2="108,97,73,114,70,64,125,106,83,122,82,42,116" hai3="66,104,72,46,69,13,115,9,101,68,27,71,77"/><T92/><D117/><U4/><E32/><V22/><F122/><W110/><G115/><T96/><D131/><U19/><E39/><V31/><F114/><W133/><G110/><T80/><D47/><U16/><E37/><V74/><F108/><W134/><G66/><T118/><D118/><U7/><E113/><V28/><F64/><W50/><G27/><T61/><D59/><U5/><E10/><V127/><F22/><W135/><G101/><T57/><D57/><U60/><REACH who="1" step="1"/><E19/><REACH who="1" ten="250,240,250,250" step="2"/><V111/><F111/><W90/><G9/><T12/><D34/><U14/><AGARI ba="0,1" hai="4,5,7,14,16,23,43,45,49,60,62,63,84,87" machi="14" ten="30,8000,1" yaku="1,1,2,1,0,1,8,1,54,1,53,0" doraHai="67" doraHaiUra="88" who="1" fromWho="1" sc="250,-40,240,90,250,-20,250,-20" /><INIT seed="1,0,0,4,1,88" ten="210,330,230,230" oya="1" hai0="5,84,35,75,20,12,47,102,13,67,62,87,113" hai1="77,33,124,95,11,73,70,36,3,29,74,48,106" hai2="131,25,6,44,55,107,28,81,82,58,27,51,100" hai3="90,94,71,53,91,93,89,115,68,126,52,99,108"/><U61/><E95/><N who="3" m="36362" /><G115/><T112/><D35/><U1/><E48/><V57/><F131/><W123/><G108/><T63/><D75/><U7/><E3/><V56/><F100/><W0/><G0/><T128/><D102/><U16/><E77/><V76/><F107/><W30/><G30/><T9/><D47/><U117/><E117/><V10/><F28/><W17/><G17/><T122/><D128/><U54/><E54/><N who="3" m="21098" /><G126/><T79/><D122/><U34/><E16/><V121/><F121/><W31/><G31/><T8/><D5/><U19/><E19/><V86/><REACH who="2" step="1"/><F82/><REACH who="2" ten="210,330,220,230" step="2"/><W119/><G123/><T66/><D79/><U83/><E83/><V50/><F50/><W78/><G78/><T42/><D42/><U135/><E124/><V59/><N who="2" m="14336" /><DORA hai="22" /><V15/><AGARI ba="0,1" hai="6,10,15,25,27,44,51,55,76,81,86" m="14336" machi="15" ten="40,12000,2" yaku="1,1,4,1,0,1,8,1,52,2,53,1" doraHai="88,22" doraHaiUra="38,46" who="2" fromWho="2" sc="210,-30,330,-60,220,130,230,-30" /><INIT seed="2,0,0,4,2,58" ten="180,270,350,200" oya="2" hai0="134,43,30,95,83,82,113,12,64,108,67,19,46" hai1="132,124,57,52,9,44,42,66,14,63,130,29,104" hai2="47,110,33,36,20,133,32,51,15,31,79,87,119" hai3="37,72,60,4,135,13,39,103,121,109,91,62,101"/><V123/><F119/><W71/><G109/><T59/><D108/><U107/><E132/><V38/><F110/><W117/><G117/><T61/><D134/><U84/><E130/><V99/><F123/><W81/><G135/><T74/><D113/><U92/><E29/><V111/><F111/><W41/><G121/><T125/><D125/><U65/><E104/><V49/><F33/><W106/><G106/><T50/><D30/><U17/><E107/><V70/><F32/><W89/><G71/><T114/><D95/><U129/><E129/><V105/><F70/><W73/><G41/><T122/><D114/><U68/><E68/><V69/><F69/><W120/><G81/><N who="0" m="30731" /><D74/><U34/><E34/><V21/><F36/><W77/><G4/><T97/><D97/><U53/><E66/><V100/><F51/><W11/><G11/><N who="0" m="6559" /><D122/><U18/><E18/><V85/><F38/><W116/><G120/><T75/><D75/><U35/><E35/><V118/><F118/><W76/><G116/><T48/><D50/><N who="1" m="26903" /><E124/><V5/><F79/><W2/><REACH who="3" step="1"/><G13/><REACH who="3" ten="180,270,350,190" step="2"/><T112/><D112/><U23/><E9/><V127/><F133/><W1/><AGARI ba="0,1" hai="1,2,37,39,60,62,72,73,76,77,89,91,101,103" machi="1" ten="25,12000,2" yaku="1,1,2,1,0,1,22,2,52,2,53,0" doraHai="58" doraHaiUra="54" who="3" fromWho="3" sc="180,-30,270,-30,350,-60,190,130" /><INIT seed="3,0,0,1,1,131" ten="150,240,290,320" oya="3" hai0="58,75,126,26,28,63,8,45,15,64,68,87,37" hai1="2,32,61,135,21,92,76,19,82,118,48,22,11" hai2="85,10,89,57,7,110,124,125,98,59,114,65,66" hai3="83,49,17,91,38,13,71,133,123,62,107,52,16"/><W81/><G38/><T72/><D126/><N who="2" m="48746" /><F110/><W104/><G123/><T121/><D121/><U112/><E32/><V27/><F98/><W109/><G133/><T116/><D116/><U130/><E112/><V29/><F114/><W34/><G34/><T115/><D115/><U5/><E130/><V55/><F59/><W18/><G109/><T20/><D87/><U78/><E61/><N who="2" m="36031" /><F89/><W33/><G33/><T30/><D30/><U73/><E76/><V90/><F27/><W120/><G120/><T53/><D45/><U97/><E118/><V128/><F29/><W101/><G13/><T31/><D37/><U43/><E135/><V54/><F54/><W129/><G129/><T47/><D47/><U74/><E74/><V103/><F103/><W93/><G101/><T86/><D86/><U100/><E43/><V42/><F42/><W23/><G23/><T24/><D26/><U41/><E41/><V122/><F122/><W56/><G107/><T99/><D99/><U40/><E40/><V108/><F108/><W50/><G104/><T94/><D31/><U46/><E46/><V84/><F84/><N who="3" m="52455" /><G71/><T67/><D94/><U105/><E105/><V6/><F128/><W3/><G3/><T44/><D44/><U60/><E21/><V39/><F39/><W96/><G96/><T95/><D95/><U132/><E132/><V88/><F90/><W102/><G102/><T25/><D25/><U79/><E79/><V80/><F10/><W51/><AGARI ba="0,0" hai="16,17,18,49,50,51,52,56,62,81,83" m="52455" machi="51" ten="30,6000,0" yaku="8,1,54,2" doraHai="131" who="3" fromWho="3" sc="150,-20,240,-20,290,-20,320,60" /><INIT seed="3,1,0,1,1,121" ten="130,220,270,380" oya="3" hai0="99,33,131,113,96,11,125,105,62,129,130,133,66" hai1="84,61,51,8,110,4,7,48,37,77,122,56,17" hai2="85,111,108,91,94,88,14,9,114,76,15,59,103" hai3="72,73,100,102,118,87,64,32,16,46,126,115,78"/><W123/><G32/><T49/><D33/><U116/><E37/><V134/><F114/><W44/><G123/><T86/><D113/><U12/><E116/><V27/><F134/><W79/><G126/><T120/><D120/><U2/><E110/><N who="2" m="42027" /><F27/><W132/><G64/><T98/><D133/><U26/><E26/><V71/><F71/><W29/><G87/><T47/><D125/><U119/><E119/><V63/><F103/><W82/><G29/><T1/><D105/><U112/><E122/><V20/><F20/><W74/><G115/><T50/><D86/><U54/><E112/><V18/><F15/><W127/><G127/><T43/><D1/><U70/><E70/><V41/><F41/><W19/><G118/><T117/><D117/><U92/><E2/><V40/><F40/><W0/><G0/><T68/><REACH who="0" step="1"/><D11/><REACH who="0" ten="120,220,270,380" step="2"/><U21/><E8/><V6/><F76/><W93/><G132/><T67/><D67/><U36/><E77/><V75/><F75/><W35/><G35/><T10/><D10/><U22/><E22/><V128/><F128/><W109/><G109/><T124/><D124/><U89/><E36/><AGARI ba="1,1" hai="36,43,47,49,50,62,66,68,96,98,99,129,130,131" machi="36" ten="50,3200,0" yaku="1,1,19,1,53,0" doraHai="121" doraHaiUra="5" who="0" fromWho="1" sc="120,45,220,-35,270,0,380,0" /><INIT seed="4,0,0,2,3,55" ten="165,185,270,380" oya="0" hai0="7,40,74,104,91,43,42,108,130,58,2,32,38" hai1="39,65,6,110,81,28,105,11,46,98,121,29,26" hai2="101,66,25,76,103,33,132,84,71,9,124,90,82" hai3="85,45,61,5,134,89,16,122,59,94,114,96,95"/><T125/><D104/><U111/><E81/><V15/><F132/><W37/><G134/><T35/><D74/><U127/><E29/><V129/><F129/><W17/><G114/><T23/><D130/><U109/><E65/><V113/><F113/><W8/><G37/><T13/><D38/><U53/><E121/><V54/><F124/><W52/><G45/><T63/><D125/><U86/><E86/><V80/><F71/><W60/><G60/><T49/><D108/><U131/><E131/><V14/><F14/><N who="3" m="5391" /><G122/><T117/><D117/><U24/><E127/><V34/><F66/><W102/><AGARI ba="0,0" hai="16,17,52,59,61,85,89,94,95,96,102" m="5391" machi="102" ten="30,7900,0" yaku="8,1,52,1,54,2" doraHai="55" who="3" fromWho="3" sc="165,-39,185,-20,270,-20,380,79" /><INIT seed="5,0,0,2,5,10" ten="126,165,250,459" oya="1" hai0="121,54,41,66,130,127,64,69,55,124,31,20,96" hai1="101,8,99,94,117,40,89,63,42,57,92,30,97" hai2="81,38,60,112,114,21,95,129,24,9,74,109,13" hai3="28,11,103,47,115,43,45,15,86,87,113,132,18"/><U46/><E117/><V71/><F38/><W120/><G120/><T131/><D96/><U82/><E82/><V76/><F109/><W98/><G28/><T118/><D118/><U72/><E72/><V16/><F129/><N who="0" m="49162" /><D31/><U123/><E123/><V7/><F95/><N who="3" m="58847" /><G47/><T106/><D20/><U48/><E8/><V34/><F34/><W100/><G100/><T102/><D102/><U26/><E48/><V6/><F60/><W32/><G132/><T128/><D106/><U85/><E46/><V53/><F53/><N who="0" m="19978" /><D121/><U108/><E108/><V75/><F71/><W105/><G105/><T58/><D128/><U1/><E1/><V122/><F122/><W80/><G32/><T79/><D79/><U51/><E51/><V88/><F88/><W4/><G18/><T59/><D41/><U125/><E97/><V50/><F75/><W36/><G80/><T61/><D66/><N who="1" m="39279" /><E125/><AGARI ba="0,0" hai="58,59,61,64,69,124,125,127" m="19978,49162" machi="125" ten="30,7700,0" yaku="18,1,19,1,34,2" doraHai="10" who="0" fromWho="1" sc="126,77,165,-77,250,0,459,0" /><INIT seed="6,0,0,1,2,67" ten="203,88,250,459" oya="2" hai0="120,41,56,109,71,112,66,113,27,111,96,5,29" hai1="33,39,24,135,77,15,78,35,76,22,18,57,55" hai2="107,26,132,49,8,11,97,46,102,106,88,121,10" hai3="127,45,122,80,110,70,3,114,92,124,115,133,82"/><V131/><F121/><W72/><G3/><T17/><D120/><U13/><E39/><V48/><F132/><W20/><G122/><T25/><D5/><U117/><E117/><V87/><F131/><W9/><G9/><T98/><D41/><U95/><E135/><V123/><F123/><W31/><G45/><T14/><D56/><U94/><E35/><V105/><F26/><N who="3" m="16839" /><G70/><T89/><D89/><U12/><REACH who="1" step="1"/><E33/><REACH who="1" ten="203,78,250,459" step="2"/><V116/><F116/><W51/><G133/><T128/><D128/><U52/><E52/><V91/><F48/><AGARI ba="0,1" hai="12,13,15,18,22,24,48,55,57,76,77,78,94,95" machi="48" ten="40,2600,0" yaku="1,1,8,1,53,0" doraHai="67" doraHaiUra="58" who="1" fromWho="2" sc="203,0,78,36,250,-26,459,0" /><INIT seed="7,0,0,2,3,52" ten="203,114,224,459" oya="3" hai0="8,22,96,74,39,36,83,14,9,69,85,108,12" hai1="72,65,48,71,53,41,25,121,19,130,89,44,123" hai2="79,116,129,100,43,40,101,105,6,124,32,118,29" hai3="27,115,126,30,110,61,64,21,1,5,117,67,76"/><W26/><G21/><T114/><D108/><U81/><E25/><V13/><F79/><W102/><G26/><T38/><D69/><U111/><E19/><V33/><F105/><W35/><G30/><T88/><D114/><U50/><E72/><V90/><F90/><W59/><G59/><T104/><D74/><U31/><E31/><V54/><F124/><W2/><G61/><T106/><D22/><U92/><E81/><V49/><F129/><W131/><G64/><T113/><D113/><U3/><E3/><V55/><F49/><W16/><G16/><T20/><D20/><U98/><E111/><V109/><F109/><W11/><G35/><T60/><D60/><U57/><E130/><V46/><F13/><W82/><G27/><T125/><D125/><U97/><E97/><V122/><F122/><W132/><G11/><T28/><D28/><U93/><E93/><V103/><F29/><W73/><G5/><T66/><D66/><U62/><REACH who="1" step="1"/><E50/><REACH who="1" ten="203,104,224,459" step="2"/><N who="2" m="29015" /><F33/><W75/><G1/><T18/><D96/><U86/><E86/><V133/><F32/><W80/><G73/><T7/><AGARI ba="0,1" hai="7,8,9,12,14,18,36,38,39,83,85,88,104,106" machi="7" ten="30,2000,0" yaku="0,1,54,1" doraHai="52" who="0" fromWho="0" sc="203,30,104,-5,224,-5,459,-10" owari="233,3.3,99,-40.1,219,-18.1,449,54.9" /></mjloggm>