<mjloggm ver="2.3"><GO type="169" lobby="0"/><UN n0="%E3%82%AB%E3%83%A9%E6%9D%BE" n1="%E4%BA%8C%E9%9A%8E%E5%A0%82%E7%9C%9F%E7%B4%85%E3%81%A1%E3%82%83%E3%82%93" n2="%E9%9B%AA%E3%83%8E%E4%B8%8B%E9%9B%AA%E4%B9%83" n3="%E4%B9%9D%E7%B4%8B%E9%BE%8D%E5%8F%B2%E9%80%B2" dan="17,16,16,19" rate="2141.04,2110.50,2070.25,2296.02" sx="M,M,F,M"/><TAIKYOKU oya="0"/><INIT seed="0,0,0,0,0,119" ten="250,250,250,250" oya="0" hai0="53,17,64,117,112,89,91,63,22,58,12,121,13" hai1="92,79,15,87,76,101,81,59,56,49,73,129,105" hai2="9,127,16,20,38,67,2,4,54,94,93,131,45" hai3="102,23,116,70,37,11,14,29,85,60,30,109,50"/><T82/><D117/><U134/><E15/><V52/><F131/><W21/><G116/><T107/><D107/><U123/><E49/><V111/><F111/><W39/><G109/><T72/><D112/><U47/><E47/><V66/><F127/><W132/><G132/><T48/><D121/><U61/><E59/><V126/><F126/><W57/><G70/><T18/><D72/><U100/><E56/><V120/><F120/><W99/><G50/><T106/><D106/><U3/><E61/><V46/><F38/><W88/><G39/><T118/><D118/><U74/><E3/><V33/><F33/><W28/><G99/><T10/><REACH who="0" step="1"/><D82/><REACH who="0" ten="240,250,250,250" step="2"/><N who="1" m="45327" /><E123/><V128/><F128/><W104/><G104/><T32/><D32/><U69/><E129/><V0/><F20/><W71/><G23/><T83/><D83/><U130/><E105/><V84/><F9/><W6/><G21/><T27/><D27/><U34/><E34/><V43/><F43/><W51/><G11/><T135/><D135/><U115/><E115/><V44/><F93/><W96/><G29/><T35/><D35/><U7/><E92/><V114/><F114/><W8/><G30/><T26/><D26/><U78/><E134/><V68/><F94/><W122/><G28/><T110/><D110/><U62/><E74/><V98/><F84/><W113/><G113/><T125/><D125/><U75/><E130/><V5/><F98/><W24/><G96/><T80/><D80/><U86/><E86/><V25/><F25/><W90/><G85/><T40/><D40/><U103/><E87/><V41/><F41/><RYUUKYOKU ba="0,1" sc="240,30,250,-10,250,-10,250,-10" hai0="10,12,13,17,18,22,48,53,58,63,64,89,91" /><INIT seed="0,1,1,2,2,114" ten="270,240,240,240" oya="0" hai0="7,77,41,134,14,6,98,110,46,113,53,26,23" hai1="64,76,51,97,75,117,132,69,82,84,2,38,13" hai2="96,90,18,29,111,22,65,36,115,9,47,122,91" hai3="74,128,20,103,55,123,93,31,27,79,17,102,67"/><T48/><D113/><U0/><E51/><V58/><F122/><W66/><G123/><T37/><D134/><U40/><E13/><V108/><F115/><W5/><G128/><T49/><D37/><U62/><E84/><V39/><F29/><W95/><G5/><T107/><D110/><N who="2" m="42026" /><F9/><W72/><G79/><T118/><D118/><U12/><E12/><N who="2" m="9543" /><F96/><W86/><G74/><T16/><D77/><U106/><E132/><V60/><F39/><W78/><G72/><T116/><D116/><U125/><E125/><V52/><F36/><W8/><G55/><T100/><REACH who="0" step="1"/><D14/><REACH who="0" ten="260,240,240,240" step="2"/><U57/><E117/><V120/><F120/><W1/><G78/><T63/><D63/><U21/><E62/><N who="2" m="36167" /><F47/><AGARI ba="1,2" hai="6,7,16,23,26,41,46,47,48,49,53,98,100,107" machi="47" ten="30,5800,0" yaku="1,1,7,1,54,1,53,0" doraHai="114" doraHaiUra="61" who="0" fromWho="2" sc="260,81,240,0,240,-61,240,0" /><INIT seed="0,2,0,3,5,110" ten="341,240,179,240" oya="0" hai0="2,132,67,27,99,96,3,75,60,101,58,66,73" hai1="120,44,93,95,128,118,135,70,114,112,36,76,62" hai2="23,51,41,31,122,81,65,61,123,78,45,9,69" hai3="59,105,11,111,86,24,4,98,52,47,54,119,39"/><T68/><D132/><U104/><E104/><V115/><F115/><N who="1" m="44073" /><E120/><V55/><F9/><W116/><G111/><T22/><D96/><U49/><E118/><V64/><F64/><W129/><G129/><T16/><D67/><N who="1" m="41335" /><E135/><V14/><F41/><W113/><G113/><T30/><D68/><U103/><E128/><V37/><F37/><W35/><G86/><T125/><D125/><U90/><E76/><V124/><F124/><W134/><G134/><T89/><D89/><U42/><E103/><V12/><F12/><W34/><G105/><T71/><D71/><U38/><E95/><V32/><F32/><W91/><G35/><T87/><D87/><AGARI ba="2,0" hai="36,38,42,44,49,87,90,93" m="41335,44073" machi="87" ten="30,7700,0" yaku="11,1,52,3" doraHai="110" who="1" fromWho="0" sc="341,-83,240,83,179,0,240,0" /><INIT seed="1,0,0,3,1,103" ten="258,323,179,240" oya="1" hai0="75,114,26,134,18,132,20,4,119,64,102,53,88" hai1="56,84,81,71,110,40,123,24,73,55,124,45,21" hai2="90,61,111,8,39,122,130,86,33,79,46,35,83" hai3="59,43,52,78,29,15,126,34,51,92,101,97,98"/><U106/><E71/><V47/><F122/><W104/><G126/><T99/><D114/><U1/><E1/><V25/><F111/><W82/><G43/><T76/><D119/><U117/><E73/><V58/><F130/><W95/><G15/><T89/><D64/><U42/><E110/><V66/><F39/><W67/><G67/><T112/><D112/><U41/><E117/><V44/><F25/><W36/><G36/><T120/><D120/><U87/><E87/><V22/><F22/><W116/><G116/><T129/><D129/><U100/><E100/><V80/><REACH who="2" step="1"/><F8/><REACH who="2" ten="258,323,169,240" step="2"/><W0/><G0/><T109/><D109/><U57/><E123/><V30/><F30/><W105/><G29/><T96/><D132/><U70/><E21/><V17/><F17/><W128/><G128/><T16/><D134/><U133/><E24/><V94/><F94/><W107/><G34/><T118/><D118/><U113/><E133/><V115/><F115/><W77/><REACH who="3" step="1"/><G82/><REACH who="3" ten="258,323,169,230" step="2"/><T28/><D28/><U3/><E81/><V37/><F37/><W131/><G131/><T65/><D26/><U19/><E3/><V6/><F6/><W127/><G127/><T32/><D4/><U2/><E2/><V72/><AGARI ba="0,2" hai="33,35,44,46,47,58,61,66,72,79,80,83,86,90" machi="72" ten="30,2000,0" yaku="1,1,0,1,53,0" doraHai="103" doraHaiUra="23" who="2" fromWho="2" sc="258,-5,323,-10,169,40,230,-5" /><INIT seed="2,0,0,0,3,100" ten="253,313,209,225" oya="2" hai0="34,122,15,76,30,112,110,10,125,70,42,14,67" hai1="57,115,0,43,91,7,61,32,102,99,41,124,132" hai2="27,92,19,56,78,64,72,89,55,107,129,94,59" hai3="38,82,24,131,69,101,123,8,40,68,53,3,93"/><V39/><F129/><W49/><G123/><T108/><D122/><U81/><E32/><V95/><F39/><W118/><G118/><T97/><D112/><U31/><E124/><V116/><F116/><W28/><G131/><T111/><D125/><U17/><E0/><V35/><F107/><W83/><G40/><T90/><D42/><U113/><E7/><V88/><F72/><W9/><G38/><T65/><D76/><U1/><E1/><V109/><F78/><W25/><G69/><T74/><D74/><U51/><E31/><V63/><F109/><W135/><G68/><T87/><D97/><U106/><E17/><V22/><REACH who="2" step="1"/><F35/><REACH who="2" ten="253,313,199,225" step="2"/><W52/><G135/><T134/><D134/><U84/><E132/><V133/><F133/><W44/><G3/><T80/><D34/><U48/><E115/><V120/><F120/><W47/><G101/><T36/><D36/><U20/><E113/><V58/><F58/><W37/><G37/><T121/><D121/><U117/><E117/><V4/><F4/><W29/><G49/><AGARI ba="0,1" hai="19,22,27,49,55,56,59,63,64,88,89,92,94,95" machi="49" ten="40,7700,0" yaku="1,1,8,1,54,1,53,0" doraHai="100" doraHaiUra="75" who="2" fromWho="3" sc="253,0,313,0,199,87,225,-77" /><INIT seed="2,1,0,4,1,93" ten="253,313,286,148" oya="2" hai0="101,43,57,72,99,121,68,128,75,117,114,15,132" hai1="9,26,1,96,18,51,80,36,102,52,31,111,3" hai2="98,53,24,104,108,40,30,120,35,112,6,28,47" hai3="37,125,133,21,91,12,110,86,61,113,131,49,8"/><V115/><F120/><W58/><G110/><T56/><D68/><U14/><E36/><V60/><F108/><W130/><G37/><T73/><D114/><U135/><E135/><V41/><F30/><W74/><G74/><T116/><D121/><U105/><E111/><V122/><F122/><W77/><G77/><T16/><D43/><U82/><E1/><V23/><F35/><W59/><G125/><T22/><D128/><N who="3" m="49193" /><G133/><T106/><REACH who="0" step="1"/><D132/><REACH who="0" ten="243,313,286,148" step="2"/><U34/><REACH who="1" step="1"/><E3/><REACH who="1" ten="243,303,286,148" step="2"/><V32/><F112/><W48/><G113/><T45/><D45/><AGARI ba="1,2" hai="9,14,18,26,31,34,45,51,52,80,82,96,102,105" machi="45" ten="30,8000,1" yaku="1,1,2,1,7,1,52,1,54,1,53,0" doraHai="93" doraHaiUra="70" who="1" fromWho="0" sc="243,-83,303,103,286,0,148,0" /><INIT seed="3,0,0,3,2,85" ten="160,406,286,148" oya="3" hai0="53,64,77,82,1,122,79,75,81,66,45,88,10" hai1="42,51,11,91,125,80,63,20,131,48,14,76,133" hai2="55,107,56,92,13,105,61,0,69,120,25,9,93" hai3="54,97,101,102,31,106,3,123,109,17,111,27,100"/><W118/><G118/><T15/><D1/><U71/><E131/><V2/><F120/><W46/><G123/><T57/><D122/><U65/><E125/><V86/><F69/><W34/><G3/><T30/><D30/><U130/><E130/><V121/><F121/><W37/><G17/><T35/><D35/><U116/><E133/><V38/><F38/><W21/><G34/><T49/><D57/><U129/><E20/><V4/><F0/><W103/><REACH who="3" step="1"/><G54/><REACH who="3" ten="160,406,286,138" step="2"/><T99/><D66/><U98/><E116/><V95/><F2/><W108/><G108/><T126/><D64/><U70/><E65/><V73/><F73/><W89/><G89/><T19/><D126/><U114/><E91/><V40/><F40/><AGARI ba="0,1" hai="21,27,31,37,40,46,97,100,101,102,103,106,109,111" machi="40" ten="40,2000,0" yaku="1,1,53,0" doraHai="85" doraHaiUra="12" who="3" fromWho="2" sc="160,0,406,0,286,-20,138,30" /><INIT seed="3,1,0,5,2,48" ten="160,406,266,168" oya="3" hai0="5,7,134,81,121,6,66,18,19,110,67,78,53" hai1="55,101,49,130,108,34,79,116,30,37,42,25,123" hai2="32,1,111,73,26,72,15,98,46,20,86,135,41" hai3="14,17,11,104,13,114,133,4,0,119,105,129,93"/><W12/><G114/><T50/><D121/><U21/><E123/><V115/><F111/><W124/><G119/><T118/><D110/><U8/><E130/><V87/><F1/><W62/><G129/><T113/><D118/><U100/><E79/><V35/><F115/><W31/><G124/><T88/><D134/><U71/><E71/><V38/><F135/><W84/><G133/><T58/><D113/><U74/><E74/><V76/><F15/><W40/><G31/><T60/><D67/><U117/><E108/><V59/><F73/><W69/><G40/><T65/><D65/><U127/><E127/><V128/><F128/><W28/><G28/><T63/><D63/><U106/><E34/><V2/><F2/><W107/><G69/><T45/><REACH who="0" step="1"/><D88/><REACH who="0" ten="150,406,266,168" step="2"/><U91/><E91/><V109/><F109/><W61/><G17/><T68/><D68/><U64/><E117/><V70/><F70/><W44/><G44/><T43/><D43/><U52/><E42/><V89/><F46/><W57/><G57/><T131/><D131/><U39/><E116/><V85/><F59/><W54/><G54/><T132/><D132/><U33/><E52/><V29/><F41/><W80/><REACH who="3" step="1"/><G93/><REACH who="3" ten="150,406,266,158" step="2"/><T77/><D77/><AGARI ba="1,2" hai="0,4,11,12,13,14,61,62,77,80,84,104,105,107" machi="77" ten="50,9600,0" yaku="1,1,2,1,53,1" doraHai="48" doraHaiUra="82" who="3" fromWho="0" sc="150,-99,406,0,266,0,158,119" /><INIT seed="3,2,0,0,0,31" ten="51,406,266,277" oya="3" hai0="18,8,40,117,97,73,37,60,47,109,57,55,115" hai1="104,68,100,81,62,130,125,17,74,120,64,133,102" hai2="14,58,118,114,79,48,61,21,6,112,29,132,35" hai3="126,66,22,0,91,23,119,44,85,77,128,50,107"/><W103/><G119/><T11/><D117/><U59/><E120/><V89/><F118/><W7/><G126/><T25/><D73/><U87/><E74/><V121/><F121/><W9/><G128/><T5/><D109/><U78/><E133/><V54/><F132/><W30/><G77/><T45/><D115/><U116/><E116/><V32/><F79/><W46/><G66/><T131/><D131/><U52/><E125/><V1/><F114/><W33/><G46/><T127/><D127/><U24/><E104/><V42/><F112/><W108/><G108/><T80/><D80/><U76/><E76/><V99/><F1/><W135/><G103/><T41/><D97/><U69/><E69/><V15/><F6/><W93/><G107/><T129/><D129/><U134/><E134/><V27/><F14/><W43/><REACH who="3" step="1"/><G135/><REACH who="3" ten="51,406,266,267" step="2"/><T26/><D18/><U88/><E78/><V95/><REACH who="2" step="1"/><F15/><REACH who="2" ten="51,406,256,267" step="2"/><W13/><G13/><T51/><REACH who="0" step="1"/><D11/><REACH who="0" ten="41,406,256,267" step="2"/><U3/><E130/><V124/><F124/><W98/><G98/><T39/><D39/><U10/><E10/><V20/><F20/><W72/><G72/><T53/><D53/><U92/><E52/><V105/><F105/><W65/><G65/><T113/><D113/><U70/><E64/><V106/><F106/><W2/><G2/><AGARI ba="2,3" hai="2,5,8,25,26,37,40,41,45,47,51,55,57,60" machi="2" ten="30,2000,0" yaku="1,1,7,1,53,0" doraHai="31" doraHaiUra="111" who="0" fromWho="3" sc="41,56,406,0,256,0,267,-26" /><INIT seed="4,0,0,3,3,60" ten="97,406,256,241" oya="0" hai0="15,64,22,17,12,120,65,40,95,26,9,69,51" hai1="37,36,11,62,130,76,135,72,119,71,126,50,6" hai2="52,43,13,124,48,42,41,79,16,66,108,85,28" hai3="27,49,115,4,91,123,93,102,94,92,97,21,134"/><T20/><D120/><U25/><E119/><V116/><F108/><W0/><G123/><T32/><D69/><U35/><E50/><V34/><F116/><W106/><G115/><T78/><D32/><U70/><E130/><V109/><F109/><W104/><G104/><T96/><D78/><U112/><E135/><V111/><F111/><W77/><G134/><T55/><D40/><U45/><E126/><V75/><F124/><W61/><G77/><T133/><D133/><U82/><E45/><V98/><F75/><W74/><G74/><T56/><D15/><U88/><E88/><V132/><F132/><W118/><G118/><T47/><D47/><U57/><E57/><N who="2" m="32903" /><F34/><W99/><G49/><T24/><D24/><U103/><E103/><V67/><F28/><W54/><G4/><T23/><REACH who="0" step="1"/><D26/><REACH who="0" ten="87,406,256,241" step="2"/><U117/><E71/><V113/><F113/><W83/><G0/><T105/><D105/><U46/><E46/><V90/><F79/><W100/><G106/><T44/><D44/><U10/><E112/><V38/><F38/><W73/><G27/><T114/><D114/><U7/><E25/><V110/><F110/><W1/><G1/><T3/><D3/><N who="1" m="351" /><E35/><V39/><F39/><W84/><G73/><T101/><AGARI ba="0,1" hai="9,12,17,20,22,23,51,55,56,64,65,95,96,101" machi="101" ten="30,12000,1" yaku="1,1,0,1,8,1,52,2,53,0" doraHai="60" doraHaiUra="68" who="0" fromWho="0" sc="87,130,406,-40,256,-40,241,-40" /><INIT seed="4,1,0,4,4,68" ten="217,366,216,201" oya="0" hai0="49,31,66,52,97,89,120,76,128,5,22,100,30" hai1="0,11,50,60,82,15,59,40,63,44,93,105,58" hai2="81,87,88,98,16,7,26,112,69,117,33,17,79" hai3="134,42,121,3,32,127,20,67,130,124,126,99,13"/><T18/><D120/><U129/><E105/><V19/><F69/><W116/><G67/><T47/><D128/><U91/><E0/><V111/><F111/><W133/><G99/><T8/><D76/><U75/><E75/><V55/><F112/><W70/><G70/><T83/><D66/><U9/><E82/><V118/><F7/><W77/><G77/><T25/><D83/><U119/><E119/><N who="2" m="45579" /><F55/><W114/><G116/><T125/><D89/><U73/><E73/><V113/><F113/><W6/><G114/><T74/><D74/><U10/><E15/><V34/><F26/><W132/><G42/><T107/><REACH who="0" step="1"/><D125/><REACH who="0" ten="207,366,216,201" step="2"/><U92/><E91/><V39/><F39/><W86/><G121/><T72/><D72/><U27/><E129/><V2/><F2/><AGARI ba="1,1" hai="2,5,8,18,22,25,30,31,47,49,52,97,100,107" machi="2" ten="30,11600,0" yaku="1,1,7,1,54,1,53,1" doraHai="68" doraHaiUra="45" who="0" fromWho="2" sc="207,129,366,0,216,-119,201,0" /><INIT seed="4,2,0,4,2,128" ten="336,366,97,201" oya="0" hai0="115,29,45,2,36,108,37,60,88,66,54,48,64" hai1="74,42,46,43,51,81,72,132,76,20,120,38,69" hai2="9,129,111,0,21,117,97,116,53,127,11,15,123" hai3="12,71,34,100,134,8,31,13,101,85,1,41,57"/><T17/><D2/><U14/><E120/><V135/><F53/><W110/><G71/><T104/><D104/><U82/><E20/><V114/><F97/><W5/><G110/><T92/><D108/><U87/><E69/><V78/><F78/><W27/><G41/><T6/><D115/><U40/><E38/><V65/><F65/><W22/><G134/><T75/><D75/><U4/><E74/><V49/><F49/><W89/><G57/><T102/><D102/><U62/><E62/><V106/><F106/><W107/><G13/><T19/><D6/><U73/><E73/><V105/><F105/><W109/><G107/><T61/><D29/><U99/><E99/><V30/><F111/><W94/><REACH who="3" step="1"/><G109/><REACH who="3" ten="336,366,97,191" step="2"/><T68/><D37/><U58/><E58/><V63/><F135/><W56/><G56/><T35/><D36/><U90/><E132/><V122/><F114/><W16/><AGARI ba="2,1" hai="1,5,8,12,16,22,27,31,34,85,89,94,100,101" machi="16" ten="30,8000,1" yaku="1,1,0,1,24,2,54,1,53,0" doraHai="128" doraHaiUra="77" who="3" fromWho="3" sc="336,-42,366,-22,97,-22,191,96" /><INIT seed="5,0,0,1,2,104" ten="294,344,75,287" oya="1" hai0="135,88,133,107,14,69,123,26,1,67,75,57,39" hai1="101,5,71,103,22,61,0,13,126,87,54,9,64" hai2="115,128,29,113,76,50,95,97,30,108,43,33,98" hai3="11,120,3,66,42,90,105,132,112,79,78,117,122"/><U124/><E54/><V96/><F108/><W7/><G105/><T48/><D39/><U4/><E87/><V125/><F128/><W28/><G112/><N who="2" m="43081" /><F125/><N who="1" m="48233" /><E5/><V127/><F127/><W65/><G132/><T89/><D69/><U118/><E118/><V111/><F111/><W6/><G117/><T52/><D123/><U34/><E34/><V19/><F33/><W93/><G42/><T53/><D107/><U37/><E37/><V47/><F76/><W32/><G7/><T21/><D1/><U60/><E60/><V81/><F81/><W63/><G66/><T51/><D14/><U10/><E10/><V102/><F19/><AGARI ba="0,0" hai="0,4,9,13,19,22,61,64,71,101,103" m="48233" machi="19" ten="30,1500,0" yaku="18,1" doraHai="104" who="1" fromWho="2" sc="294,0,344,15,75,-15,287,0" /><INIT seed="5,1,0,0,4,98" ten="294,359,60,287" oya="1" hai0="26,2,124,22,88,132,111,30,92,123,100,63,117" hai1="24,86,119,127,6,28,10,76,29,31,108,105,4" hai2="64,95,97,47,116,133,21,62,77,83,37,35,134" hai3="81,15,80,74,106,20,114,39,49,73,18,33,16"/><U103/><E105/><V46/><F116/><W113/><G39/><T27/><D117/><U7/><E119/><V118/><F118/><W58/><G33/><T82/><D111/><U25/><E76/><V53/><F35/><W57/><G106/><T23/><D2/><U94/><E108/><V8/><F8/><W65/><G49/><T79/><D124/><U69/><E69/><V70/><F21/><W55/><G55/><T107/><D132/><N who="2" m="50794" /><F53/><W41/><G20/><T90/><D123/><U135/><E86/><N who="2" m="48495" /><F37/><W91/><G15/><T50/><D107/><U1/><E127/><V11/><F11/><W85/><G85/><N who="0" m="48351" /><D50/><U17/><E135/><V87/><F87/><W99/><G74/><T13/><D63/><U44/><E1/><V78/><F78/><W19/><G73/><T34/><D13/><U104/><E10/><V12/><F12/><W60/><G81/><T3/><D34/><U101/><E25/><V93/><F93/><W126/><G80/><T40/><D3/><U51/><E94/><V121/><F121/><W45/><G126/><T52/><D52/><N who="1" m="29799" /><E104/><V43/><F43/><W5/><G41/><T36/><D40/><U89/><E24/><V130/><F130/><W75/><G75/><T115/><D36/><U129/><E129/><V38/><F38/><W9/><G9/><T84/><D27/><U125/><E125/><V131/><F131/><W72/><G72/><T59/><D26/><U54/><E54/><V110/><F110/><W42/><G42/><T68/><D92/><U14/><E7/><V61/><F62/><W102/><G60/><RYUUKYOKU ba="1,0" sc="294,-10,359,-10,60,30,287,-10" hai2="46,47,61,64,70,95,97" /><INIT seed="6,2,0,0,0,60" ten="284,349,90,277" oya="2" hai0="64,121,23,110,106,42,4,113,44,107,97,117,79" hai1="6,32,31,61,109,101,43,114,118,98,10,46,53" hai2="34,132,54,50,14,24,8,116,90,99,76,62,120" hai3="129,133,80,12,135,123,86,48,13,41,81,35,131"/><V15/><F116/><W18/><G35/><T75/><D110/><U84/><E32/><V88/><F120/><W5/><G123/><T63/><D121/><U26/><E114/><V58/><F132/><N who="3" m="50763" /><G5/><T0/><D113/><U126/><E126/><V3/><F76/><N who="3" m="46343" /><G81/><N who="0" m="45311" /><D23/><U91/><E26/><V83/><F3/><W33/><G33/><T124/><D97/><U38/><E31/><V39/><F39/><W17/><G13/><T68/><D124/><U21/><E21/><V70/><F34/><W27/><G27/><T67/><D67/><U2/><E10/><V57/><F70/><W112/><G112/><T37/><D117/><U40/><E6/><V108/><F108/><W89/><G89/><T127/><D127/><U36/><E91/><V100/><F24/><W102/><G102/><T25/><D25/><U47/><E101/><V11/><F83/><W73/><G73/><T45/><D45/><U104/><E47/><V16/><F99/><W103/><G103/><T92/><D92/><U56/><E98/><V9/><F100/><W52/><G41/><T59/><D59/><U20/><E43/><V128/><F128/><N who="3" m="49227" /><G12/><N who="2" m="4649" /><F16/><W77/><G77/><T115/><D115/><U30/><E40/><V95/><F95/><W66/><G66/><AGARI ba="2,0" hai="8,9,11,50,54,57,58,62,66,88,90" m="4649" machi="66" ten="30,5800,0" yaku="8,1,52,1,54,1" doraHai="60" who="2" fromWho="3" sc="284,0,349,0,90,64,277,-64" /><INIT seed="6,3,0,0,5,129" ten="284,349,154,213" oya="2" hai0="95,77,102,86,74,50,118,112,3,65,68,81,32" hai1="115,47,133,105,38,63,44,87,130,107,101,110,48" hai2="85,57,91,16,58,12,6,14,10,5,56,94,51" hai3="126,66,75,96,30,28,11,61,97,123,92,7,89"/><V132/><F132/><W27/><G123/><T46/><D112/><U1/><E1/><V70/><F70/><W71/><G126/><T113/><D113/><U13/><E110/><V100/><F100/><W22/><G75/><T111/><D3/><U9/><E115/><V29/><F29/><W116/><G116/><T79/><D32/><U93/><E63/><V31/><F31/><W15/><REACH who="3" step="1"/><G28/><REACH who="3" ten="284,349,154,203" step="2"/><T72/><D74/><U45/><E130/><V24/><F24/><W39/><G39/><T64/><D72/><U33/><E38/><V90/><F51/><W49/><G49/><T62/><D50/><U8/><E48/><V134/><F134/><W18/><G18/><T35/><D118/><U88/><E133/><V40/><F40/><W121/><G121/><T19/><D19/><U76/><E45/><V103/><F103/><W122/><G122/><T37/><D102/><U78/><E47/><V41/><F41/><W4/><G4/><T125/><D46/><U60/><E44/><V114/><F114/><W59/><G59/><T53/><D37/><U25/><E101/><V124/><F124/><W73/><G73/><T21/><D125/><U83/><E25/><V36/><F36/><W127/><G127/><T131/><D131/><U34/><E107/><V2/><F2/><W117/><G117/><T55/><D68/><U135/><E105/><V98/><REACH who="2" step="1"/><F14/><REACH who="2" ten="284,349,144,203" step="2"/><W26/><G26/><T17/><D35/><N who="1" m="13323" /><E13/><V109/><F109/><W82/><G82/><AGARI ba="3,2" hai="5,6,10,12,16,56,57,58,82,85,90,91,94,98" machi="82" ten="40,7700,0" yaku="1,1,8,1,54,1,53,0" doraHai="129" doraHaiUra="128" who="2" fromWho="3" sc="284,0,349,0,144,106,203,-86" /><INIT seed="6,4,0,3,5,122" ten="284,349,250,117" oya="2" hai0="50,40,117,76,89,115,78,96,102,130,13,45,121" hai1="110,36,90,27,131,44,109,106,81,111,71,65,57" hai2="62,116,52,128,94,75,88,127,54,108,84,100,118" hai3="105,83,21,93,87,124,91,61,48,95,25,113,2"/><V16/><F75/><W20/><G105/><T3/><D3/><U55/><E90/><V10/><F128/><W104/><G104/><T60/><D121/><U31/><E81/><V97/><F127/><W107/><G107/><T77/><D130/><U23/><E106/><V79/><F79/><W24/><G2/><T80/><D115/><U134/><E131/><V68/><F108/><W74/><G124/><T7/><D117/><U56/><E134/><V114/><F114/><W4/><G4/><T133/><D133/><U14/><E14/><N who="2" m="7255" /><F68/><W15/><G15/><T101/><D60/><N who="1" m="40359" /><E23/><V51/><F118/><W135/><G135/><T64/><D64/><U66/><E31/><V34/><F34/><W46/><G61/><T73/><D73/><U39/><E27/><V9/><F116/><W35/><G35/><T112/><D112/><U43/><E66/><V11/><F62/><W22/><G113/><T1/><D1/><U123/><E123/><V85/><F54/><W49/><G74/><T92/><D77/><U0/><E0/><V41/><F41/><W58/><G24/><T82/><D78/><U119/><E119/><V59/><F85/><W33/><G33/><T37/><D76/><U126/><E126/><V120/><F120/><W42/><REACH who="3" step="1"/><G25/><REACH who="3" ten="284,349,250,107" step="2"/><T32/><D32/><U98/><E111/><V125/><F125/><W99/><G99/><T29/><D96/><U53/><E110/><V103/><F103/><W5/><G5/><T30/><D7/><U6/><E98/><V8/><F100/><W38/><G38/><T47/><D101/><U70/><E109/><RYUUKYOKU ba="4,1" sc="284,-15,349,-15,250,15,107,15" hai2="8,9,11,51,52,59,84,88,94,97" hai3="20,21,22,42,46,48,49,58,83,87,91,93,95" /><INIT seed="6,5,1,3,4,98" ten="269,334,265,122" oya="2" hai0="52,13,61,99,97,64,73,66,81,109,23,84,6" hai1="89,40,1,35,131,14,18,110,62,49,92,34,47" hai2="3,19,80,72,60,16,121,70,88,38,115,15,29" hai3="24,31,77,82,63,27,45,103,46,10,79,43,67"/><V9/><F121/><W128/><G128/><T100/><D73/><U129/><E1/><V33/><F38/><W119/><G119/><T94/><D109/><U30/><E110/><V53/><F115/><W28/><G10/><N who="0" m="4311" /><D97/><N who="1" m="57487" /><E62/><V130/><F3/><W105/><G105/><T58/><D23/><N who="1" m="11735" /><E30/><V2/><F2/><W135/><G135/><T76/><AGARI ba="5,1" hai="52,58,61,64,66,76,81,84,94,99,100" m="4311" machi="76" ten="30,4000,0" yaku="8,1,52,1,54,1" doraHai="98" who="0" fromWho="0" sc="269,65,334,-15,265,-25,122,-15" /><INIT seed="7,0,0,5,1,126" ten="334,319,240,107" oya="3" hai0="108,64,117,94,118,91,39,5,78,106,75,50,37" hai1="21,99,60,97,65,41,19,123,12,28,49,62,79" hai2="9,69,114,13,8,119,73,102,34,53,0,24,48" hai3="57,55,7,129,38,109,103,45,131,42,74,44,23"/><W40/><G74/><T71/><D106/><U120/><E123/><V18/><F114/><W31/><G103/><T95/><D108/><U4/><E120/><V26/><F119/><W80/><G80/><T87/><D39/><U96/><E79/><V83/><F69/><W36/><G7/><T56/><D37/><U98/><E28/><V25/><F34/><W127/><G127/><T33/><D33/><U61/><N who="1" m="24576" /><DORA hai="116" /><U66/><E4/><V124/><F124/><W90/><G90/><T135/><D94/><U76/><E76/><V30/><F102/><W134/><G109/><T11/><D71/><U3/><E3/><V121/><F121/><W101/><G101/><T122/><D122/><U58/><E58/><V85/><F73/><W110/><G110/><T16/><D75/><U133/><E133/><V81/><F0/><W59/><G134/><T29/><D135/><U27/><E27/><V128/><F128/><N who="3" m="49227" /><G55/><T1/><D5/><U107/><E107/><V86/><F30/><W115/><G115/><T93/><D29/><U22/><E66/><V68/><F83/><W113/><G113/><T70/><D64/><U47/><E65/><V15/><F81/><W32/><G32/><T88/><D91/><U92/><E92/><V130/><F130/><W6/><G6/><T2/><D93/><U125/><E125/><V54/><F54/><W100/><G100/><T10/><D95/><U105/><E105/><V43/><F53/><W52/><G52/><T14/><D1/><U84/><E84/><V72/><F72/><W63/><G63/><T67/><D2/><RYUUKYOKU ba="0,0" sc="334,-15,319,15,240,-15,107,15" hai1="12,19,21,22,41,47,49,60,61,62" hai3="23,31,36,38,40,42,44,45,57,59" /><INIT seed="7,1,0,1,2,42" ten="319,334,225,122" oya="3" hai0="38,107,5,75,132,29,23,121,68,99,83,114,84" hai1="123,85,43,133,33,92,120,91,134,21,113,59,79" hai2="131,111,100,60,22,53,118,11,87,66,94,78,71" hai3="105,122,3,61,34,81,55,86,124,48,117,82,15"/><W19/><G117/><T47/><D75/><U101/><E33/><V28/><F111/><W44/><G122/><N who="1" m="46634" /><E43/><V67/><F131/><W112/><G112/><T1/><D121/><U2/><E2/><V41/><F118/><W93/><G124/><T16/><D68/><U65/><E21/><V9/><F41/><W80/><G105/><T6/><D29/><U39/><E39/><V108/><F108/><W74/><G3/><T76/><D1/><U109/><E109/><V73/><F73/><W97/><G34/><T103/><D132/><N who="1" m="50795" /><E113/><V24/><F67/><W128/><G74/><T89/><D114/><U36/><E36/><V116/><F116/><W14/><G128/><T10/><D10/><U46/><E46/><V4/><F4/><W98/><G61/><T96/><D47/><U58/><E65/><V119/><F119/><W7/><G7/><T26/><D38/><U130/><E79/><V64/><F64/><W125/><G125/><T31/><D31/><U52/><E130/><V127/><F127/><W62/><G62/><T72/><D99/><N who="3" m="37897" /><G19/><T56/><D56/><N who="1" m="21547" /><E52/><V102/><F53/><W63/><G63/><T17/><D17/><U18/><E18/><V69/><F69/><W30/><G30/><T12/><D12/><U0/><E0/><V20/><F28/><W45/><G44/><T35/><D35/><U8/><E101/><V54/><F60/><W106/><G106/><T104/><D107/><U27/><E27/><V129/><F66/><W126/><G126/><T49/><D49/><U77/><E8/><V88/><F129/><W115/><G115/><RYUUKYOKU ba="1,0" sc="319,10,334,10,225,-30,122,10" hai0="5,6,16,23,26,72,76,83,84,89,96,103,104" hai1="77,85,91,92" hai3="14,15,45,48,55,80,81,82,86,93" /><INIT seed="7,2,0,4,2,14" ten="329,344,195,132" oya="3" hai0="10,47,125,21,22,123,105,31,107,79,65,110,50" hai1="30,60,67,55,54,77,83,29,20,86,84,0,103" hai2="1,111,130,109,92,73,112,56,131,98,18,36,61" hai3="117,120,8,127,46,82,132,68,81,13,15,76,113"/><W122/><G117/><T59/><D110/><U45/><E0/><V34/><F1/><W94/><G68/><T80/><D123/><U71/><E103/><V24/><F36/><W88/><G113/><T134/><D134/><U27/><E30/><V2/><F73/><W3/><G132/><T9/><D125/><U32/><E32/><V99/><F2/><W114/><G114/><T37/><D37/><U58/><E45/><V7/><F7/><W52/><G3/><T121/><D121/><U78/><E71/><V11/><F34/><W51/><G15/><T28/><D105/><U89/><E78/><V97/><F92/><AGARI ba="2,0" hai="20,27,29,54,55,58,60,67,77,83,84,86,89,92" machi="92" ten="30,2000,0" yaku="7,1,8,1" doraHai="14" who="1" fromWho="2" sc="329,0,344,26,195,-26,132,0" owari="329,12.9,370,47.0,169,-23.1,132,-36.8" /></mjloggm>