<mjloggm ver="2.3"><GO type="169" lobby="0"/><UN n0="%E3%81%9F%E3%81%BE%E3%82%82%E3%82%84%E3%82%93" n1="%65%76%69%61%6E%36%31%39" n2="%E5%A4%A9%E7%A9%BA%E3%81%AE%E6%8A%80" n3="%E7%B9%AD%E3%82%92%E8%A7%A3%E3%81%8F" dan="16,16,16,17" rate="2103.34,2112.12,2134.00,2215.81" sx="F,M,M,M"/><TAIKYOKU oya="0"/><INIT seed="0,0,0,0,1,102" ten="250,250,250,250" oya="0" hai0="49,13,62,0,60,5,116,32,50,112,6,81,35" hai1="9,38,45,30,109,23,90,131,44,52,92,70,15" hai2="76,58,53,12,114,88,4,57,103,34,128,125,73" hai3="36,110,63,29,67,64,134,132,21,78,59,25,115"/><T113/><D13/><U135/><E92/><V93/><F114/><W84/><G115/><T41/><D81/><U54/><E90/><V27/><F128/><W31/><G36/><T117/><REACH who="0" step="1"/><D41/><REACH who="0" ten="240,250,250,250" step="2"/><U11/><E15/><V22/><F12/><W111/><G134/><T48/><D48/><U42/><E135/><V91/><F4/><W1/><G132/><T37/><D37/><U133/><E42/><V68/><F27/><W8/><G25/><T121/><D121/><U129/><E38/><V108/><F76/><W3/><G78/><T71/><D71/><U56/><E133/><V105/><F68/><W94/><G3/><AGARI ba="0,1" hai="0,3,5,6,32,35,49,50,60,62,112,113,116,117" machi="3" ten="25,4800,0" yaku="1,1,22,2,53,0" doraHai="102" doraHaiUra="107" who="0" fromWho="3" sc="240,58,250,0,250,0,250,-48" /><INIT seed="0,1,0,3,5,118" ten="298,250,250,202" oya="0" hai0="93,63,12,105,10,55,78,135,104,121,117,73,52" hai1="50,125,90,116,1,82,26,31,102,14,84,85,60" hai2="29,66,62,94,97,43,98,100,34,80,83,70,2" hai3="64,86,22,28,133,123,27,7,5,89,54,57,24"/><T49/><D117/><U32/><E116/><V88/><F2/><W47/><G133/><T96/><D135/><U6/><E125/><V99/><F43/><W79/><G79/><T11/><D11/><U65/><E102/><V9/><F9/><W81/><G123/><T17/><D121/><U112/><E112/><V75/><F75/><W44/><G64/><T115/><D115/><U71/><E50/><V41/><F41/><W129/><G129/><T25/><D78/><U124/><E124/><V69/><F69/><W120/><G120/><T53/><D73/><U103/><E103/><V37/><F37/><W35/><G27/><T4/><D49/><U67/><E67/><V59/><F59/><W68/><G68/><T110/><D110/><U46/><E46/><N who="3" m="17450" /><G35/><T131/><D131/><U30/><E30/><V114/><F114/><W91/><G89/><N who="0" m="55343" /><D104/><U0/><E84/><V23/><F34/><W134/><G134/><T76/><D105/><U101/><E101/><V128/><F128/><W16/><G28/><T42/><D42/><U107/><E107/><V3/><F3/><W48/><AGARI ba="1,0" hai="5,7,16,22,24,48,54,57,81,86,91" m="17450" machi="48" ten="30,2000,0" yaku="8,1,54,1" doraHai="118" who="3" fromWho="3" sc="298,-11,250,-6,250,-6,202,23" /><INIT seed="1,0,0,4,4,56" ten="287,244,244,225" oya="1" hai0="6,103,107,40,82,51,1,5,79,49,88,91,126" hai1="64,108,121,48,41,23,116,62,2,55,36,69,7" hai2="123,43,53,39,67,73,89,32,10,15,60,57,72" hai3="130,19,25,119,22,100,13,125,109,12,50,44,28"/><U58/><E7/><V24/><F123/><W95/><G109/><T106/><D103/><U85/><E2/><V104/><F104/><W30/><G125/><T94/><D126/><U86/><E121/><V120/><F120/><W110/><G130/><T83/><D94/><U66/><E116/><V11/><F11/><W47/><G110/><T101/><D101/><U16/><E108/><V26/><F43/><W46/><G50/><T65/><D65/><U31/><E31/><V118/><F39/><W112/><G112/><T33/><D33/><U0/><E0/><V75/><F32/><W77/><G77/><T59/><D59/><U61/><E41/><V97/><F118/><W98/><G119/><T42/><D79/><U35/><E35/><V71/><F97/><W105/><G105/><T18/><D18/><U8/><E8/><V63/><REACH who="2" step="1"/><F89/><REACH who="2" ten="287,244,234,225" step="2"/><W20/><REACH who="3" step="1"/><G30/><REACH who="3" ten="287,244,234,215" step="2"/><T127/><D127/><U115/><E36/><V132/><F132/><W87/><G87/><T68/><D107/><U102/><E115/><V45/><F45/><W84/><G84/><T90/><D106/><U78/><E78/><V76/><F76/><W135/><G135/><T81/><D81/><U96/><E96/><V9/><F9/><W14/><AGARI ba="0,2" hai="12,13,14,19,20,22,25,28,44,46,47,95,98,100" machi="14" ten="30,4000,0" yaku="1,1,0,1,8,1,53,0" doraHai="56" doraHaiUra="111" who="3" fromWho="3" sc="287,-10,244,-20,234,-10,215,60" /><INIT seed="2,0,0,4,2,11" ten="277,224,224,275" oya="2" hai0="48,44,110,54,131,102,9,70,66,118,24,126,133" hai1="14,121,73,93,37,18,17,111,109,21,108,15,0" hai2="3,13,69,25,74,22,97,4,26,78,130,62,87" hai3="120,5,63,92,40,2,81,100,46,43,53,60,1"/><V8/><F130/><W6/><G120/><T91/><D102/><U95/><E73/><V65/><F74/><W16/><G1/><T50/><D24/><U58/><E37/><V29/><F97/><N who="3" m="59431" /><G2/><T42/><D131/><U35/><E35/><V33/><F3/><W113/><G113/><T134/><D91/><U38/><E0/><V127/><F127/><W80/><G53/><T31/><D31/><U20/><E38/><V90/><F78/><W115/><G115/><T57/><D9/><U123/><REACH who="1" step="1"/><E58/><REACH who="1" ten="277,214,224,275" step="2"/><V125/><F125/><W7/><G46/><T128/><D126/><U86/><E86/><V85/><REACH who="2" step="1"/><F90/><REACH who="2" ten="277,214,214,275" step="2"/><W55/><G81/><T124/><D128/><U68/><E68/><V32/><F32/><W64/><G80/><T56/><D124/><U77/><E77/><V105/><F105/><W76/><G76/><T79/><D79/><U94/><AGARI ba="0,2" hai="14,15,17,18,20,21,93,94,95,108,109,111,121,123" machi="94" ten="40,16000,3" yaku="1,1,0,1,9,1,14,1,52,2,53,2" doraHai="11" doraHaiUra="12" who="1" fromWho="1" sc="277,-40,214,180,214,-80,275,-40" /><INIT seed="3,0,0,4,2,18" ten="237,394,134,235" oya="3" hai0="91,34,69,121,128,86,55,32,9,80,103,29,82" hai1="88,23,39,135,114,93,84,50,97,118,46,87,111" hai2="108,43,54,81,20,27,99,126,62,127,75,132,77" hai3="104,10,117,116,14,70,25,67,17,30,129,72,4"/><W19/><G104/><T78/><D121/><U112/><E111/><V49/><F108/><W130/><G72/><T83/><D69/><U1/><E39/><V124/><F132/><W33/><G67/><T2/><D128/><N who="3" m="49257" /><G70/><T48/><D103/><U16/><E1/><V125/><N who="2" m="31744" /><DORA hai="28" /><V21/><F27/><W13/><G13/><T8/><D29/><U31/><E135/><V71/><F43/><W61/><G61/><T102/><D102/><U74/><E74/><V45/><REACH who="2" step="1"/><F99/><REACH who="2" ten="237,394,124,235" step="2"/><W89/><G89/><T106/><D91/><U100/><E114/><V65/><AGARI ba="0,1" hai="20,21,45,49,54,62,65,71,75,77,81" m="31744" machi="65" ten="60,12000,2" yaku="1,1,2,1,0,1,18,1,52,2,53,1" doraHai="18,28" doraHaiUra="44,119" who="2" fromWho="2" sc="237,-30,394,-30,124,130,235,-60" /><INIT seed="4,0,0,1,5,68" ten="207,364,254,175" oya="0" hai0="37,1,36,28,123,65,34,40,70,96,12,109,31" hai1="22,134,87,124,117,38,19,85,94,2,107,75,122" hai2="26,126,82,39,32,67,57,10,103,118,91,90,18" hai3="97,21,102,110,20,42,0,48,127,41,81,17,43"/><T76/><D123/><U113/><RYUUKYOKU type="yao9" ba="0,0" sc="207,0,364,0,254,0,175,0" hai1="2,19,22,38,75,85,87,94,107,113,117,122,124,134" /><INIT seed="4,1,0,3,0,65" ten="207,364,254,175" oya="0" hai0="123,19,95,5,56,85,82,2,20,67,27,21,49" hai1="64,15,57,98,9,80,48,23,33,104,129,51,125" hai2="74,35,127,43,40,16,53,126,110,58,46,54,135" hai3="24,68,92,106,0,41,8,100,120,115,10,34,71"/><T42/><D123/><U77/><E33/><V75/><F35/><W111/><G92/><T116/><D116/><U107/><E23/><V96/><F110/><W55/><G55/><T62/><D95/><U3/><E3/><V134/><F96/><N who="3" m="61703" /><G10/><T133/><D133/><N who="2" m="50698" /><F16/><W76/><G120/><T69/><D20/><U52/><E64/><V28/><F28/><N who="3" m="19719" /><G111/><T47/><D5/><U45/><E129/><V7/><F7/><N who="3" m="1127" /><G115/><T119/><D2/><U117/><E98/><V81/><F81/><W114/><G114/><T94/><D94/><U131/><E131/><V108/><F108/><W6/><G6/><T39/><D119/><U132/><E117/><V72/><F58/><W109/><G109/><T102/><D102/><U38/><E107/><V103/><F103/><W130/><G130/><T90/><REACH who="0" step="1"/><D49/><REACH who="0" ten="197,364,254,175" step="2"/><U14/><E132/><V44/><F127/><W113/><G113/><T12/><D12/><U124/><E125/><V83/><F126/><W70/><G41/><N who="2" m="15945" /><F83/><W18/><G18/><T112/><D112/><U118/><E124/><V87/><F87/><W99/><G99/><T105/><D105/><U122/><E104/><V37/><F37/><W60/><G76/><T63/><D63/><U11/><E118/><V61/><F61/><W88/><G88/><T4/><D4/><U13/><E122/><V86/><F86/><W79/><G79/><T121/><D121/><U91/><E38/><V30/><F30/><W89/><G89/><T50/><D50/><U97/><E77/><V17/><F17/><W31/><G31/><T26/><D26/><U29/><E80/><RYUUKYOKU ba="1,1" sc="197,10,364,-30,254,10,175,10" hai0="19,21,27,39,42,47,56,62,67,69,82,85,90" hai2="44,46,53,54,72,74,75" hai3="60,68,70,71" /><INIT seed="4,2,1,3,0,79" ten="207,334,264,185" oya="0" hai0="47,7,108,106,78,104,39,3,63,131,98,49,70" hai1="17,111,67,72,11,16,55,84,14,22,118,24,18" hai2="102,1,25,110,33,135,130,124,76,15,44,57,36" hai3="56,54,0,20,87,107,80,6,105,73,121,59,69"/><T77/><D131/><U95/><E72/><V42/><F110/><W51/><G69/><T58/><D108/><U122/><E111/><V66/><F1/><W100/><G121/><T97/><D7/><U119/><E67/><V38/><F38/><W21/><G73/><T83/><D3/><U91/><E122/><V71/><F15/><W125/><G125/><T75/><D78/><U13/><E55/><V61/><F124/><W117/><G117/><T45/><D45/><U92/><E92/><V127/><F127/><W81/><G100/><T43/><D104/><U134/><E134/><V132/><F102/><W29/><G107/><T99/><D106/><U62/><E62/><V19/><F19/><W9/><G105/><T109/><D109/><U30/><E30/><N who="2" m="19663" /><F130/><W8/><G8/><AGARI ba="2,1" hai="8,11,13,14,16,17,18,22,24,84,91,95,118,119" machi="8" ten="30,3900,0" yaku="7,1,9,1,54,1" doraHai="79" who="1" fromWho="3" sc="207,0,334,55,264,0,185,-45" /><INIT seed="5,0,0,2,1,117" ten="207,389,264,140" oya="1" hai0="109,132,60,49,55,23,96,81,127,43,76,44,75" hai1="112,45,58,133,95,32,51,67,77,18,71,62,40" hai2="84,57,118,13,52,74,10,89,59,119,16,56,38" hai3="24,63,83,7,54,42,36,120,122,131,115,106,107"/><U90/><E112/><V93/><F74/><W53/><G7/><T27/><D127/><U48/><E32/><V50/><REACH who="2" step="1"/><F38/><REACH who="2" ten="207,389,254,140" step="2"/><W124/><G36/><T1/><D75/><U72/><E72/><V130/><F130/><W4/><G131/><T41/><D109/><U98/><E133/><V35/><F35/><W3/><G124/><T91/><D132/><U87/><E71/><V102/><F102/><W134/><G134/><T80/><D43/><U97/><E77/><V65/><F65/><W5/><G42/><T28/><D41/><U64/><E64/><V0/><F0/><W30/><G3/><T26/><D1/><U39/><E39/><V88/><F88/><W116/><G116/><AGARI ba="0,1" hai="10,13,16,50,52,56,57,59,84,89,93,116,118,119" machi="116" ten="40,5200,0" yaku="1,1,54,2,53,0" doraHai="117" doraHaiUra="70" who="2" fromWho="3" sc="207,0,389,0,254,62,140,-52" /><INIT seed="6,0,0,3,0,100" ten="207,389,316,88" oya="2" hai0="124,102,91,114,125,122,79,99,134,120,48,37,30" hai1="11,115,104,16,131,133,58,43,57,38,107,119,9" hai2="111,121,95,63,51,0,67,44,73,117,110,32,52" hai3="13,2,106,118,28,49,126,36,65,25,5,77,12"/><V29/><F0/><W108/><G36/><T47/><D37/><U23/><E119/><V76/><F121/><W59/><G108/><N who="2" m="41513" /><F117/><W17/><G118/><T34/><D30/><U41/><E38/><V129/><F129/><W3/><G77/><T97/><D34/><U112/><E23/><V83/><F95/><W21/><G126/><N who="0" m="48747" /><D79/><U66/><E66/><V71/><F29/><N who="3" m="17583" /><G106/><N who="0" m="63823" /><D114/><U14/><E133/><V54/><F32/><W42/><G59/><N who="1" m="22538" /><E9/><V81/><F81/><W92/><G92/><N who="0" m="56735" /><D134/><U80/><E80/><V50/><F50/><W87/><G49/><T64/><D64/><U19/><E19/><V24/><F24/><W90/><G65/><T85/><D85/><U7/><E131/><V78/><F78/><W55/><G87/><T113/><D113/><N who="1" m="43595" /><E7/><V130/><F130/><W89/><G28/><T56/><D56/><U46/><E46/><V103/><F103/><W132/><G132/><T39/><D39/><U62/><E62/><V101/><F101/><W20/><G90/><T15/><D48/><U45/><E45/><V60/><F60/><W84/><G89/><T68/><D47/><U31/><E31/><V123/><F123/><W35/><G35/><T4/><D68/><U88/><E88/><V33/><F33/><W1/><G84/><T105/><D105/><AGARI ba="0,0" hai="11,14,16,41,43,104,105,107" m="43595,22538" machi="105" ten="30,8000,1" yaku="15,1,52,3,54,1" doraHai="100" who="1" fromWho="0" sc="207,-80,389,80,316,0,88,0" /><INIT seed="7,0,0,1,3,14" ten="127,469,316,88" oya="3" hai0="130,57,71,75,106,104,45,98,26,82,33,22,77" hai1="99,32,80,124,72,2,56,24,41,3,70,116,59" hai2="97,48,95,35,47,49,123,52,31,30,36,120,115" hai3="50,44,42,38,113,109,128,25,12,1,6,127,69"/><W61/><G1/><T5/><D71/><U86/><E72/><V84/><F84/><W122/><G122/><N who="2" m="46633" /><F36/><W4/><G127/><T121/><D121/><U65/><E24/><V55/><F35/><W134/><G134/><T9/><D130/><U112/><E32/><V66/><F66/><W73/><G128/><T125/><D33/><U90/><E41/><V60/><F60/><W96/><G73/><T76/><D76/><U87/><E87/><V53/><F115/><W16/><G113/><T118/><D118/><U92/><E124/><V129/><F129/><W111/><G96/><T74/><D74/><U94/><E94/><V51/><F47/><W29/><G38/><T93/><D57/><U103/><E112/><V43/><F43/><W39/><G39/><T131/><D45/><U67/><E116/><V7/><F7/><W11/><G61/><T23/><D131/><U81/><E81/><V110/><F110/><N who="3" m="41995" /><G69/><T132/><D132/><U119/><E119/><V58/><F58/><W27/><G27/><T83/><D26/><U64/><E70/><V85/><F85/><W15/><G12/><N who="0" m="5167" /><D125/><U108/><E108/><V133/><F133/><W34/><AGARI ba="0,0" hai="4,6,11,15,16,25,29,34,42,44,50" m="41995" machi="34" ten="30,6000,0" yaku="10,1,52,1,54,1" doraHai="14" who="3" fromWho="3" sc="127,-20,469,-20,316,-20,88,60" /><INIT seed="7,1,0,1,5,80" ten="107,449,296,148" oya="3" hai0="77,126,75,81,106,52,121,26,46,82,53,1,18" hai1="85,4,63,40,107,110,16,135,61,98,0,45,3" hai2="103,89,64,72,133,55,48,11,15,86,90,130,12" hai3="88,39,20,132,14,94,19,76,54,112,5,71,32"/><W41/><G71/><T35/><D121/><U131/><E110/><V9/><F72/><W105/><G105/><T8/><D106/><U125/><E16/><V118/><F130/><W62/><G112/><T2/><D126/><U10/><E3/><V99/><F133/><W60/><G32/><T38/><D81/><U123/><E123/><V58/><F64/><W30/><G132/><T87/><D2/><U22/><E22/><V49/><F49/><W96/><G30/><T59/><D75/><U25/><E25/><V129/><F129/><W69/><G76/><T17/><D1/><U74/><E74/><V24/><F24/><W73/><G73/><T13/><D38/><U134/><E125/><V65/><F65/><W56/><G69/><T66/><D46/><U127/><E127/><V120/><F118/><W124/><G124/><T128/><D128/><U93/><E131/><V92/><F120/><W7/><G60/><N who="0" m="38175" /><D35/><U116/><E116/><V83/><F103/><W78/><G78/><T70/><D70/><U95/><E107/><V44/><F44/><W50/><G39/><T109/><D109/><U31/><E31/><V51/><F51/><W104/><G104/><T67/><D67/><U27/><E27/><V119/><F119/><W6/><G50/><T57/><D57/><U102/><E135/><V111/><F111/><W100/><G100/><T33/><D33/><U21/><E134/><V34/><F34/><W28/><G56/><T114/><D114/><U108/><E108/><V43/><F43/><W91/><G41/><T42/><D42/><U36/><E40/><RYUUKYOKU ba="1,0" sc="107,15,449,-15,296,15,148,-15" hai0="8,13,17,18,26,52,53,77,82,87" hai2="9,11,12,15,48,55,58,83,86,89,90,92,99" owari="122,-37.8,434,53.4,311,11.1,133,-26.7" /></mjloggm>