<mjloggm ver="2.3"><GO type="169" lobby="0"/><UN n0="%E6%A1%9C%E6%B2%A2%E5%A2%A8" n1="%70%6F%6E%2D%65%6E" n2="%E3%81%9F%E3%81%8B%E3%81%AA" n3="%E6%98%9F%E7%AB%B9%E8%82%89%E3%83%91%E3%82%BB%E3%83%AA" dan="16,16,19,16" rate="2048.12,2118.61,2241.41,2110.56" sx="F,F,M,M"/><TAIKYOKU oya="0"/><INIT seed="0,0,0,1,1,27" ten="250,250,250,250" oya="0" hai0="86,58,74,64,109,88,131,16,112,3,43,69,122" hai1="7,35,51,11,50,6,106,124,133,24,84,30,117" hai2="28,17,9,116,79,66,93,134,105,110,10,119,57" hai3="97,114,80,65,18,37,60,63,22,77,44,92,70"/><T0/><D112/><U48/><E117/><V33/><F105/><W39/><G114/><T2/><D122/><U118/><E118/><N who="2" m="45099" /><F79/><W95/><G60/><T127/><D74/><U99/><E133/><V20/><F93/><W8/><G8/><N who="2" m="3177" /><F57/><W89/><G44/><T82/><D69/><U72/><E124/><V103/><F103/><W85/><REACH who="3" step="1"/><G92/><REACH who="3" ten="250,250,250,240" step="2"/><T49/><D127/><U81/><E11/><V1/><F134/><W68/><G68/><T55/><D131/><U62/><E62/><V14/><F66/><W96/><G96/><T25/><D64/><U54/><E99/><V71/><F71/><W46/><G46/><T5/><D5/><U94/><E7/><V101/><F1/><W21/><G21/><T40/><REACH who="0" step="1"/><D109/><REACH who="0" ten="240,250,250,240" step="2"/><U59/><E6/><V73/><F110/><W4/><G4/><T98/><D98/><U67/><E67/><V115/><F115/><W120/><G120/><T107/><D107/><U123/><E106/><V56/><F73/><W128/><G128/><T26/><D26/><AGARI ba="0,2" hai="18,22,26,37,39,63,65,70,77,80,85,89,95,97" machi="26" ten="30,3900,0" yaku="1,1,7,1,53,1" doraHai="27" doraHaiUra="15" who="3" fromWho="0" sc="240,-39,250,0,250,0,240,59" /><INIT seed="1,0,0,5,3,121" ten="201,250,250,299" oya="1" hai0="103,98,19,123,109,84,118,127,83,112,59,23,117" hai1="119,87,55,13,10,51,5,11,39,73,27,115,32" hai2="94,71,131,49,3,93,47,42,72,9,14,61,28" hai3="12,122,16,4,6,85,105,90,79,37,67,60,106"/><U33/><E73/><V62/><F72/><W104/><G37/><T135/><D112/><U34/><E115/><V82/><F3/><W21/><G79/><T124/><D59/><U132/><E119/><N who="0" m="45577" /><D23/><U63/><E132/><V25/><F131/><W120/><G120/><T128/><D19/><U88/><E39/><V108/><F82/><W97/><G97/><T52/><D52/><U53/><E63/><V130/><F130/><W69/><REACH who="3" step="1"/><G122/><REACH who="3" ten="201,250,250,289" step="2"/><T41/><D123/><U50/><E34/><V18/><F71/><W111/><G111/><T2/><D128/><U54/><E33/><V107/><F108/><W1/><G1/><T36/><D2/><U125/><E32/><V113/><F113/><W26/><G26/><T126/><D109/><U86/><E27/><V22/><F107/><W81/><AGARI ba="0,1" hai="4,6,12,16,21,60,67,69,81,85,90,104,105,106" machi="81" ten="30,4000,0" yaku="1,1,0,1,54,1,53,0" doraHai="121" doraHaiUra="133" who="3" fromWho="3" sc="201,-10,250,-20,250,-10,289,50" /><INIT seed="2,0,0,1,2,94" ten="191,230,240,339" oya="2" hai0="4,85,28,128,6,56,69,77,124,46,50,119,27" hai1="22,53,115,88,90,37,32,130,57,58,76,30,54" hai2="123,132,52,43,92,107,41,19,74,87,96,134,102" hai3="70,95,121,34,72,1,48,65,2,62,25,60,31"/><V15/><F74/><W21/><G121/><T63/><D69/><U11/><E37/><V26/><F123/><W55/><G72/><T73/><D73/><U80/><E32/><V116/><F116/><W33/><G60/><T12/><D119/><U8/><E115/><V3/><F3/><W10/><G95/><T99/><D128/><U110/><E130/><V104/><F26/><W83/><G83/><T81/><D124/><U23/><E110/><V135/><F52/><W127/><G127/><T91/><D12/><U131/><E131/><V82/><F41/><W118/><G118/><T133/><D133/><U86/><E30/><V71/><F43/><W5/><REACH who="3" step="1"/><G1/><REACH who="3" ten="191,230,240,329" step="2"/><T78/><D63/><U16/><E80/><V108/><F108/><W125/><G125/><T79/><D81/><U39/><E76/><N who="2" m="46535" /><F71/><W126/><G126/><T105/><D78/><U97/><E86/><V89/><F89/><W84/><G84/><T106/><D79/><U40/><E90/><V51/><F51/><W0/><G0/><T29/><D77/><U24/><E88/><V66/><F66/><W101/><G101/><T45/><D85/><U112/><E39/><V20/><AGARI ba="0,1" hai="15,19,20,92,96,102,104,107,132,134,135" m="46535" machi="20" ten="30,3000,0" yaku="20,1,52,1" doraHai="94" who="2" fromWho="2" sc="191,-10,230,-10,240,40,329,-10" /><INIT seed="2,1,0,5,0,58" ten="181,220,280,319" oya="2" hai0="18,47,91,86,100,10,59,4,30,44,7,9,124" hai1="15,13,89,11,24,12,53,69,25,67,23,99,132" hai2="90,105,115,101,73,62,85,68,94,21,129,27,2" hai3="117,133,42,60,77,119,29,72,84,41,83,5,55"/><V37/><F115/><W64/><G133/><T19/><D124/><U14/><E132/><V56/><F37/><W8/><G29/><T110/><D110/><U70/><E53/><V0/><F68/><W131/><G131/><T75/><D75/><U123/><E123/><V104/><F73/><W78/><G55/><T88/><D100/><U116/><E116/><V122/><F122/><W33/><G33/><T3/><D30/><U103/><E89/><V134/><F134/><W1/><G77/><T108/><D108/><U76/><E76/><V54/><F129/><W79/><G79/><T17/><D59/><U96/><E25/><V39/><F39/><W130/><G84/><T38/><D38/><U106/><E99/><V52/><F54/><W71/><REACH who="3" step="1"/><G130/><REACH who="3" ten="181,220,280,309" step="2"/><T28/><D28/><U118/><E118/><AGARI ba="1,1" hai="1,5,8,41,42,60,64,71,72,78,83,117,118,119" machi="118" ten="40,5200,0" yaku="1,1,2,1,52,1,53,0" doraHai="58" doraHaiUra="87" who="3" fromWho="1" sc="181,0,220,-55,280,0,309,65" /><INIT seed="3,0,0,5,2,39" ten="181,165,280,374" oya="3" hai0="58,79,75,77,124,63,89,43,44,62,130,66,19" hai1="49,85,87,8,67,72,12,100,70,118,74,65,126" hai2="71,91,119,112,59,7,131,129,107,45,9,13,57" hai3="38,127,42,98,28,22,48,30,0,27,117,6,52"/><W20/><G117/><T64/><D124/><U94/><E126/><V110/><F119/><W61/><G127/><T86/><D130/><U106/><E118/><V16/><F112/><W92/><G0/><T68/><D75/><U76/><E70/><V46/><F71/><W24/><G6/><T104/><D104/><U96/><E85/><V5/><F110/><W33/><G61/><T56/><D19/><N who="1" m="8583" /><E49/><V17/><F91/><W115/><G115/><T135/><D135/><U82/><E72/><V53/><F107/><W81/><G81/><T21/><D21/><U14/><E14/><V114/><F114/><W125/><G125/><T84/><D68/><U111/><E111/><V73/><F73/><W102/><G38/><T60/><D60/><U83/><E83/><V36/><F36/><W128/><G128/><T10/><D10/><U113/><E113/><V41/><F13/><W47/><G33/><T4/><D4/><U93/><E93/><V134/><F9/><W101/><G101/><T132/><D132/><U69/><E69/><V95/><F95/><W25/><G25/><T29/><D29/><U88/><AGARI ba="0,0" hai="65,67,74,76,82,87,88,94,96,100,106" m="8583" machi="88" ten="30,2000,0" yaku="24,1,54,1" doraHai="39" who="1" fromWho="1" sc="181,-5,165,20,280,-5,374,-10" /><INIT seed="4,0,0,5,2,42" ten="176,185,275,364" oya="0" hai0="123,23,38,110,40,96,43,95,8,65,19,26,84" hai1="113,88,127,112,107,57,81,16,101,128,36,50,27" hai2="97,33,118,99,48,21,6,115,13,134,78,100,17" hai3="79,18,55,34,131,93,4,2,32,64,130,77,108"/><T120/><D110/><U103/><E36/><V105/><F115/><N who="1" m="44105" /><E107/><V125/><F134/><W63/><G108/><T85/><D123/><U92/><E81/><V58/><F33/><W71/><G18/><T76/><D120/><U3/><E3/><V135/><F125/><W121/><G121/><T14/><D65/><U87/><E128/><V10/><F118/><W30/><G93/><T117/><D117/><U15/><E27/><V0/><F78/><W60/><G77/><T62/><D62/><U102/><E127/><V5/><F5/><W124/><G79/><T68/><D68/><U69/><E69/><V98/><F135/><W116/><G124/><T94/><D94/><U20/><E57/><V11/><F11/><W24/><G116/><T29/><D38/><U129/><E129/><V28/><F28/><W91/><G30/><T122/><D122/><U126/><E126/><V35/><F35/><W75/><G32/><T12/><D12/><U31/><E50/><V53/><AGARI ba="0,0" hai="0,6,10,13,17,21,48,53,58,97,98,99,100,105" machi="53" ten="30,1100,0" yaku="0,1" doraHai="42" who="2" fromWho="2" sc="176,-5,185,-3,275,11,364,-3" /><INIT seed="5,0,0,1,0,21" ten="171,182,286,361" oya="1" hai0="45,59,84,112,122,52,120,123,127,16,104,40,81" hai1="4,20,107,80,97,117,64,89,50,46,55,72,0" hai2="129,79,30,63,43,54,100,66,118,78,96,3,25" hai3="1,95,10,65,18,83,19,61,69,44,47,33,135"/><U6/><E117/><V134/><F118/><W53/><G33/><T115/><D104/><U9/><E6/><V128/><F3/><W11/><G135/><T49/><D127/><U48/><E64/><V77/><F43/><W126/><G126/><T87/><D16/><U2/><E2/><V62/><F54/><W121/><G121/><T75/><D75/><U99/><E107/><V130/><F134/><W58/><G83/><T37/><REACH who="0" step="1"/><D87/><REACH who="0" ten="161,182,286,361" step="2"/><U26/><E50/><V110/><F110/><W41/><G18/><T102/><D102/><U28/><REACH who="1" step="1"/><E89/><AGARI ba="0,1" hai="37,40,45,49,52,59,81,84,89,112,115,120,122,123" machi="89" ten="40,5200,0" yaku="1,1,13,1,54,1,53,0" doraHai="21" doraHaiUra="91" who="0" fromWho="1" sc="161,62,182,-52,286,0,361,0" /><INIT seed="6,0,0,4,1,125" ten="223,130,286,361" oya="2" hai0="3,48,51,36,54,43,53,11,59,99,94,22,46" hai1="105,7,77,93,100,40,68,89,23,56,29,21,123" hai2="71,15,108,41,97,72,44,115,66,109,106,104,27" hai3="17,73,83,121,64,103,118,130,32,20,42,13,55"/><V35/><F72/><W12/><G32/><T31/><D3/><U26/><E68/><V39/><F15/><W19/><G118/><T101/><D11/><U2/><E123/><V70/><F115/><W74/><G121/><T5/><D5/><U113/><E113/><V87/><F87/><W126/><G64/><T131/><D131/><U84/><E40/><V124/><F124/><W52/><G126/><T0/><D0/><U61/><E77/><V129/><F129/><W88/><G103/><T128/><D128/><U91/><E105/><N who="2" m="40555" /><F97/><W58/><G42/><T4/><D4/><U112/><E112/><V127/><F127/><W30/><G130/><T111/><D111/><N who="2" m="42570" /><F66/><W107/><G107/><T110/><D110/><U92/><E2/><V90/><F90/><W25/><G88/><T60/><D36/><U62/><E7/><V79/><F79/><W135/><G73/><T33/><D33/><U63/><E21/><V8/><F8/><W117/><G74/><T37/><D37/><U50/><E50/><V75/><F75/><W132/><G12/><T120/><D120/><U28/><E28/><AGARI ba="0,0" hai="27,28,35,39,41,44,70,71" m="42570,40555" machi="28" ten="30,2900,0" yaku="10,1,23,1" doraHai="125" who="2" fromWho="1" sc="223,0,130,-29,286,29,361,0" /><INIT seed="6,1,0,4,0,43" ten="223,101,315,361" oya="2" hai0="37,50,18,91,118,20,58,4,105,6,81,47,10" hai1="99,16,133,51,125,41,21,14,11,9,70,12,119" hai2="22,123,94,113,40,30,98,19,79,46,126,8,104" hai3="5,33,120,93,0,31,103,96,130,72,69,63,84"/><V77/><F123/><W56/><G72/><T78/><D105/><U101/><E70/><V28/><F104/><W134/><G120/><T107/><D107/><U52/><E119/><V61/><F113/><W23/><G69/><T75/><D118/><U82/><E125/><V57/><F8/><W26/><G130/><T35/><D35/><U73/><E133/><V102/><F126/><W17/><G134/><T128/><D128/><U114/><E114/><V13/><F30/><W44/><G84/><T15/><D37/><U55/><E73/><V53/><REACH who="2" step="1"/><F28/><REACH who="2" ten="223,101,305,361" step="2"/><W45/><G0/><T83/><D10/><U112/><E112/><V90/><F90/><W38/><G5/><T80/><D91/><U129/><E129/><V24/><F24/><W115/><G115/><T7/><REACH who="0" step="1"/><D58/><REACH who="0" ten="213,101,305,361" step="2"/><U95/><E11/><V131/><F131/><W85/><G56/><T36/><D36/><AGARI ba="1,2" hai="13,19,22,36,40,46,53,57,61,77,79,94,98,102" machi="36" ten="30,11600,0" yaku="1,1,7,1,52,1,53,1" doraHai="43" doraHaiUra="42" who="2" fromWho="0" sc="213,-119,101,0,305,139,361,0" /><INIT seed="6,2,0,5,2,23" ten="94,101,444,361" oya="2" hai0="47,87,8,112,9,13,25,135,35,119,56,28,60" hai1="51,72,132,55,26,75,110,1,57,31,125,54,29" hai2="83,89,15,59,11,93,40,130,123,114,78,85,42" hai3="18,103,52,102,36,88,94,105,58,39,30,134,41"/><V49/><F114/><W46/><G134/><T19/><D112/><U12/><E1/><V27/><F130/><W20/><G30/><T120/><D135/><U64/><E110/><V80/><F123/><W38/><G105/><T129/><D120/><U91/><E132/><V79/><F27/><W3/><G3/><T92/><D129/><U86/><E31/><V21/><F21/><W98/><G38/><T82/><D119/><U127/><E12/><V66/><F66/><W17/><G36/><T106/><D106/><U74/><E64/><V96/><F59/><W81/><G81/><T33/><D33/><U67/><E55/><V107/><F49/><W99/><G99/><T101/><D47/><U69/><E67/><V104/><F104/><W76/><G76/><T116/><D116/><U4/><E4/><V6/><REACH who="2" step="1"/><F107/><REACH who="2" ten="94,101,434,361" step="2"/><W122/><G122/><T45/><D56/><U44/><E57/><V61/><F61/><W32/><G32/><T131/><D60/><U113/><E113/><V53/><F53/><W133/><G133/><T48/><D131/><U70/><E26/><V68/><F68/><W37/><G37/><T73/><D25/><U50/><E50/><V63/><F63/><W84/><G20/><T10/><D35/><U115/><E115/><V16/><F16/><W100/><REACH who="3" step="1"/><G98/><REACH who="3" ten="94,101,434,351" step="2"/><N who="0" m="59591" /><D28/><U121/><E29/><V5/><F5/><W71/><G71/><N who="1" m="27146" /><E121/><V0/><F0/><W2/><G2/><T7/><D7/><U118/><E118/><V126/><F126/><W117/><G117/><T65/><D19/><U24/><E24/><V128/><F128/><RYUUKYOKU ba="2,2" sc="94,-30,101,10,434,10,351,10" hai1="44,51,54,72,74,75,86,91,125,127" hai2="6,11,15,40,42,78,79,80,83,85,89,93,96" hai3="17,18,39,41,46,52,58,84,88,94,100,102,103" /><INIT seed="6,3,2,0,0,108" ten="64,111,444,361" oya="2" hai0="40,77,58,47,96,102,119,107,100,64,86,128,69" hai1="116,97,117,130,112,113,45,8,7,51,34,59,30" hai2="49,5,67,72,14,35,61,70,135,115,28,60,48" hai3="81,54,87,76,109,82,73,65,26,89,134,90,50"/><V55/><F72/><W12/><G109/><T94/><D128/><U38/><E34/><V0/><F0/><W21/><G134/><T124/><D124/><U6/><E30/><V75/><F75/><W53/><G65/><T25/><D119/><U17/><E17/><V121/><F121/><W57/><G12/><T16/><D69/><U13/><E6/><V80/><F80/><W127/><G127/><T91/><D100/><U19/><E97/><V122/><F122/><W23/><G89/><T42/><D77/><U133/><E133/><V79/><F79/><W24/><G24/><T98/><D98/><U111/><E111/><V83/><F83/><W99/><G99/><T62/><REACH who="0" step="1"/><D47/><REACH who="0" ten="54,111,444,361" step="2"/><U44/><E130/><V3/><F70/><W63/><REACH who="3" step="1"/><G26/><REACH who="3" ten="54,111,444,351" step="2"/><T31/><D31/><U46/><E117/><V10/><F28/><W27/><G27/><T78/><D78/><U71/><E116/><V4/><F135/><W74/><G74/><T33/><D33/><U129/><E129/><V84/><F35/><W32/><G32/><T110/><D110/><U118/><E118/><V85/><F84/><W106/><G106/><T56/><D56/><AGARI ba="3,4" hai="21,23,50,53,54,56,57,63,73,76,81,82,87,90" machi="56" ten="30,3900,0" yaku="1,1,7,1,53,1" doraHai="108" doraHaiUra="104" who="3" fromWho="0" sc="54,-48,111,0,444,0,351,88" /><INIT seed="7,0,0,3,4,22" ten="6,111,444,439" oya="3" hai0="5,63,20,7,84,104,50,110,118,14,24,74,56" hai1="125,92,39,8,16,120,73,0,103,32,52,132,12" hai2="114,95,1,33,41,111,94,91,87,80,9,17,126" hai3="127,44,37,89,76,106,100,36,65,18,2,96,77"/><W55/><G2/><T108/><D118/><U119/><E39/><V97/><F111/><W70/><G127/><T48/><D74/><U115/><E73/><V43/><F33/><W79/><G70/><T58/><D104/><U45/><E32/><V122/><F126/><W131/><G65/><T128/><D128/><U75/><E75/><V124/><F124/><W15/><G131/><T71/><D71/><U29/><E29/><V88/><F114/><W61/><G89/><T93/><D110/><U51/><E0/><V129/><F129/><W19/><G19/><T40/><D108/><U102/><E120/><V64/><F122/><W26/><G26/><T11/><D5/><U60/><E132/><V28/><F28/><W13/><G13/><T47/><D63/><U21/><E60/><V134/><F64/><W53/><G61/><T42/><D93/><U109/><E92/><V3/><F134/><W121/><G121/><T59/><D84/><U49/><E119/><V69/><F69/><W30/><G30/><T90/><D90/><U117/><E117/><V67/><F67/><W82/><G82/><T6/><D6/><U54/><E125/><V86/><F1/><W101/><G101/><T78/><D78/><U123/><E123/><V98/><F3/><W133/><G133/><T99/><D99/><N who="2" m="37898" /><F80/><W62/><G62/><T107/><D107/><U85/><E85/><V27/><F27/><W57/><G57/><T112/><D112/><U4/><E109/><V10/><F17/><W38/><G44/><N who="0" m="25607" /><D59/><N who="1" m="33167" /><E115/><V68/><F68/><W81/><G81/><T35/><D35/><RYUUKYOKU ba="0,0" sc="6,0,111,0,444,0,439,0" hai0="7,11,14,20,24,42,47,50,56,58" hai1="4,8,12,16,21,45,51,54,102,103" hai2="9,10,41,43,86,87,88,91,94,95" hai3="15,18,36,37,38,53,55,76,77,79,96,100,106" /><INIT seed="7,1,0,0,4,71" ten="6,111,444,439" oya="3" hai0="117,100,87,31,21,113,11,42,103,50,127,129,44" hai1="109,84,135,40,70,23,56,120,79,134,26,118,38" hai2="47,64,37,122,34,95,131,14,96,15,24,74,85" hai3="9,93,110,8,98,82,32,6,58,72,57,22,59"/><W52/><G32/><T115/><D117/><U35/><E70/><V128/><F74/><W116/><G116/><T77/><D127/><U4/><E109/><V111/><F111/><W2/><G110/><T5/><D129/><N who="2" m="49738" /><F122/><W97/><G8/><T20/><D100/><U75/><E56/><V94/><F64/><W81/><G97/><T83/><D103/><U36/><E26/><V78/><F37/><W130/><G130/><T29/><D29/><U125/><E40/><V80/><F47/><W51/><G22/><T43/><D43/><U19/><E84/><V69/><F69/><W121/><G121/><T16/><D31/><U105/><E105/><V62/><F62/><W12/><G2/><T89/><D89/><U30/><E30/><N who="2" m="19783" /><F94/><W1/><G1/><T124/><D124/><U10/><E79/><V119/><F119/><W65/><G72/><T114/><D16/><U0/><E19/><V60/><F60/><N who="3" m="38031" /><G59/><T46/><D46/><U48/><E125/><V86/><F86/><W91/><AGARI ba="1,0" hai="6,9,12,51,52,58,81,82,91,93,98" m="38031" machi="91" ten="30,3000,0" yaku="8,1,54,1" doraHai="71" who="3" fromWho="3" sc="6,-11,111,-11,444,-11,439,33" owari="-5,-50.5,100,-30.0,433,23.3,472,57.2" /></mjloggm>