<mjloggm ver="2.3"><GO type="169" lobby="0"/><UN n0="%E6%81%8B%E3%81%AE%E3%81%86%E3%81%9F" n1="%E3%83%97%E3%83%AC%E3%82%B9%E3%83%97" n2="%E3%82%86%E3%81%A3%E3%81%8F%E3%82%8A%E5%A6%96%E5%A4%A2" n3="%E3%81%97%E3%82%83%E3%82%93%E3%81%8A%E3%81%98" dan="17,16,17,17" rate="2213.43,2163.13,2174.15,2176.39" sx="M,M,M,F"/><TAIKYOKU oya="0"/><INIT seed="0,0,0,0,5,5" ten="250,250,250,250" oya="0" hai0="88,93,76,132,111,28,118,124,38,15,109,52,90" hai1="114,106,60,116,27,8,97,58,43,31,67,7,69" hai2="39,51,128,104,61,83,103,73,13,19,84,94,81" hai3="16,85,74,40,63,3,49,24,65,115,47,11,127"/><T0/><D118/><U110/><E116/><V68/><F39/><W75/><G115/><T4/><D38/><U91/><E110/><N who="0" m="41993" /><D132/><U54/><E114/><V123/><F123/><W119/><G119/><T57/><D124/><U96/><E43/><V77/><F128/><W78/><G127/><T2/><D76/><U53/><E91/><N who="0" m="34857" /><D28/><U135/><E135/><V120/><F77/><W66/><G74/><T46/><D46/><U105/><E54/><V125/><F73/><W33/><G75/><T14/><D93/><U62/><E96/><V112/><F94/><W80/><G78/><T87/><D87/><U9/><E97/><V79/><F84/><W42/><G85/><T26/><D26/><U55/><E55/><V113/><F79/><W126/><G40/><T29/><D29/><U30/><E30/><V86/><F86/><W56/><G126/><T50/><D4/><U23/><REACH who="1" step="1"/><E7/><REACH who="1" ten="250,240,250,250" step="2"/><V121/><F113/><W34/><G42/><T107/><D107/><AGARI ba="0,1" hai="8,9,23,27,31,53,58,60,62,67,69,105,106,107" machi="107" ten="40,8000,1" yaku="1,1,2,1,52,2,53,0" doraHai="5" doraHaiUra="32" who="1" fromWho="0" sc="250,-80,240,90,250,0,250,0" /><INIT seed="1,0,0,5,2,88" ten="170,330,250,250" oya="1" hai0="23,39,5,26,91,129,106,13,51,118,53,10,59" hai1="20,95,85,16,34,113,61,79,73,28,17,55,133" hai2="122,81,114,100,1,62,109,60,71,80,99,93,128" hai3="92,78,127,32,25,54,116,84,117,31,119,37,125"/><U102/><E113/><V35/><F122/><W6/><G37/><T130/><D39/><U50/><E133/><V56/><F35/><W43/><G43/><T115/><D106/><U105/><E34/><V4/><F114/><W3/><G54/><T74/><D74/><U94/><E105/><V111/><F128/><W30/><G78/><T131/><D115/><U103/><E73/><V7/><F71/><W46/><G46/><T86/><D118/><U97/><E61/><N who="2" m="23659" /><F56/><W82/><G82/><N who="2" m="31849" /><F1/><W124/><G84/><T132/><D132/><U18/><E79/><V57/><F57/><W134/><G92/><N who="1" m="35370" /><E85/><V135/><F135/><W40/><G40/><T36/><D36/><U9/><E9/><V0/><F0/><W38/><G38/><T83/><REACH who="0" step="1"/><D129/><REACH who="0" ten="160,330,250,250" step="2"/><U72/><E72/><V24/><F111/><W33/><G134/><T90/><D90/><U104/><E104/><V11/><F109/><W76/><G76/><T70/><D70/><U14/><E97/><V27/><F11/><N who="3" m="2527" /><G119/><T107/><D107/><U64/><E64/><V87/><F87/><W41/><G117/><T66/><D66/><U108/><E108/><V42/><F99/><W22/><G116/><T52/><D52/><U89/><E89/><V12/><F42/><W69/><G41/><T2/><D2/><U120/><E120/><V44/><F100/><N who="1" m="38441" /><E28/><AGARI ba="0,1" hai="5,10,13,23,26,28,51,53,59,83,86,91,130,131" machi="28" ten="40,1300,0" yaku="1,1,53,0" doraHai="88" doraHaiUra="123" who="0" fromWho="1" sc="160,23,330,-13,250,0,250,0" /><INIT seed="2,0,0,3,4,114" ten="183,317,250,250" oya="2" hai0="32,15,0,118,104,72,105,78,63,34,4,113,98" hai1="7,108,62,75,14,70,36,90,19,9,133,77,100" hai2="17,124,40,101,59,88,54,127,12,119,99,53,3" hai3="22,10,109,60,43,44,128,21,68,55,71,125,123"/><V58/><F3/><W93/><G123/><T18/><D113/><U61/><E108/><V26/><F40/><W122/><G122/><T106/><D98/><U96/><E133/><V87/><F26/><W110/><G125/><N who="2" m="48201" /><F59/><N who="3" m="34943" /><G10/><T47/><D63/><U107/><E36/><V30/><F30/><W86/><G86/><T35/><D47/><U94/><E70/><V117/><F99/><W83/><G83/><T20/><D0/><U48/><E48/><N who="2" m="31047" /><F53/><W120/><G120/><T76/><D72/><U121/><E121/><V69/><F101/><W5/><G71/><T73/><D73/><U46/><E46/><V134/><F134/><W126/><G68/><T1/><D1/><U27/><E27/><V84/><F69/><W129/><G126/><T16/><D4/><U2/><E7/><V79/><F79/><W81/><G5/><T49/><D49/><U33/><E2/><V64/><F64/><W65/><G65/><T95/><D78/><U74/><E33/><V116/><F88/><W24/><G44/><T91/><D76/><U8/><E75/><V67/><F67/><W23/><G43/><T52/><D52/><U66/><E66/><V112/><F112/><W50/><G50/><T102/><D102/><U131/><E77/><V45/><F45/><W111/><G24/><T25/><D32/><U132/><E74/><V82/><F82/><W103/><G81/><T115/><D115/><U57/><E132/><V41/><F41/><W97/><AGARI ba="0,0" hai="21,22,23,93,97,103,109,110,111,128,129" m="34943" machi="97" ten="40,1500,0" yaku="14,1" doraHai="114" who="3" fromWho="3" sc="183,-4,317,-4,250,-7,250,15" /><INIT seed="3,0,0,4,2,31" ten="179,313,243,265" oya="3" hai0="99,121,110,11,111,10,114,67,131,33,57,118,78" hai1="77,96,82,29,55,15,102,109,132,60,123,47,80" hai2="3,95,101,16,42,25,5,26,48,92,105,76,46" hai3="24,70,6,56,128,119,130,79,9,135,64,32,88"/><W23/><G119/><T68/><D118/><U127/><E123/><V66/><F66/><W52/><G79/><T2/><D121/><U45/><E109/><N who="0" m="41481" /><D68/><U21/><E127/><V86/><F105/><W35/><G64/><T94/><D2/><U100/><E132/><V126/><F126/><W106/><G70/><T124/><D124/><U51/><E60/><V120/><F120/><W17/><G106/><T8/><D78/><U85/><E80/><V122/><F122/><W41/><G41/><T7/><D131/><N who="3" m="50217" /><G88/><N who="0" m="55751" /><D7/><U1/><E1/><V30/><F101/><W63/><G135/><T71/><D71/><U113/><E113/><V108/><F5/><W97/><G97/><T38/><D38/><U125/><E125/><V58/><F3/><AGARI ba="0,0" hai="3,6,9,17,23,24,32,35,52,56,63" m="50217" machi="3" ten="30,11600,0" yaku="19,1,52,2,54,1" doraHai="31" who="3" fromWho="2" sc="179,0,313,0,243,-116,265,116" /><INIT seed="3,1,0,1,3,84" ten="179,313,127,381" oya="3" hai0="86,119,61,78,19,95,31,75,134,2,60,91,96" hai1="93,30,89,88,71,52,120,25,5,68,129,113,47" hai2="58,21,42,135,83,9,24,3,127,32,23,62,4" hai3="27,48,67,64,72,87,29,45,66,51,73,39,82"/><W97/><G39/><T15/><D2/><U50/><E120/><V16/><F127/><W124/><G97/><T115/><D119/><U80/><E113/><V101/><F135/><W63/><G63/><T128/><D128/><U114/><E114/><V69/><F69/><W104/><G104/><T54/><D75/><U90/><E129/><V57/><F42/><W108/><G124/><T112/><D31/><U99/><E5/><V8/><F101/><W34/><G108/><T33/><D33/><U17/><E17/><V46/><F46/><W14/><G14/><T85/><D134/><U49/><E80/><V38/><F38/><W130/><G130/><T40/><D40/><U37/><E37/><V105/><F105/><W59/><G59/><T102/><D115/><U18/><E18/><V123/><F123/><W76/><REACH who="3" step="1"/><G51/><REACH who="3" ten="179,313,127,371" step="2"/><T56/><D112/><U107/><E107/><V111/><F111/><W36/><G36/><T44/><D61/><U11/><E50/><V106/><F106/><W43/><AGARI ba="1,1" hai="27,29,34,43,45,48,64,66,67,72,73,76,82,87" machi="43" ten="30,6000,0" yaku="1,1,0,1,53,1" doraHai="84" doraHaiUra="41" who="3" fromWho="3" sc="179,-21,313,-21,127,-21,371,73" /><INIT seed="3,2,0,2,4,93" ten="158,292,106,444" oya="3" hai0="24,53,97,64,14,105,106,76,107,121,17,19,59" hai1="51,48,11,94,37,96,95,21,77,134,99,75,70" hai2="88,5,38,58,56,36,40,79,46,16,131,28,43" hai3="82,10,129,92,35,122,135,23,73,90,1,29,34"/><W61/><G122/><T130/><D121/><U60/><E37/><V133/><F28/><W31/><G135/><T52/><D130/><U20/><E134/><V0/><F133/><W62/><G129/><T67/><D76/><U87/><E75/><V22/><F131/><W7/><G73/><T54/><D59/><U124/><E124/><V6/><F79/><W116/><G82/><T83/><D83/><U108/><E108/><V120/><F120/><W132/><G116/><T118/><D118/><U4/><E77/><V55/><F43/><W49/><G49/><N who="1" m="19018" /><E70/><V114/><F38/><W81/><G81/><T89/><D24/><U123/><E87/><V47/><F47/><W117/><G117/><T65/><D14/><N who="1" m="5479" /><E60/><V26/><F114/><W84/><G132/><T33/><D33/><U119/><E123/><V78/><F78/><W72/><G72/><T68/><D68/><U126/><E126/><V100/><F100/><W32/><G61/><T25/><D25/><U74/><E74/><V103/><F103/><W63/><G63/><T115/><D115/><U15/><E119/><V12/><F0/><W125/><G125/><T42/><D42/><U69/><E69/><V57/><F55/><W128/><G128/><T45/><D45/><U104/><E104/><V18/><REACH who="2" step="1"/><F88/><REACH who="2" ten="158,292,96,444" step="2"/><W71/><G90/><T80/><D80/><U85/><E85/><V102/><F102/><W44/><G84/><T39/><D39/><U66/><E66/><V110/><F110/><W127/><G127/><T50/><D50/><U9/><E95/><AGARI ba="2,1" hai="17,19,52,53,54,64,65,67,89,95,97,105,106,107" machi="95" ten="50,8000,1" yaku="29,2,52,1,54,1" doraHai="93" who="0" fromWho="1" sc="158,96,292,-86,96,0,444,0" /><INIT seed="4,0,0,3,5,63" ten="254,206,96,444" oya="0" hai0="18,135,28,70,130,98,64,105,58,19,77,11,90" hai1="134,3,110,80,119,51,67,125,93,35,8,68,44" hai2="82,106,103,72,29,16,59,78,89,14,30,131,113" hai3="34,62,102,5,50,45,95,2,69,86,56,109,26"/><T10/><D70/><U9/><E119/><V15/><F113/><W73/><G73/><T100/><D130/><U42/><E110/><V128/><F103/><W6/><G69/><T40/><D135/><U116/><E116/><V17/><F106/><W84/><G109/><T121/><D121/><U108/><E108/><V101/><F101/><W31/><G102/><T36/><D77/><U60/><E125/><V1/><F1/><W85/><G95/><T12/><D28/><U115/><E134/><V46/><F46/><W107/><G107/><T4/><D40/><U112/><E35/><V122/><F122/><W99/><G99/><T25/><D36/><U104/><E104/><V83/><F59/><W22/><G2/><T124/><D124/><U111/><E111/><V0/><F0/><W96/><G96/><T33/><D11/><U123/><E123/><V49/><F49/><W27/><G27/><T32/><D90/><U76/><E93/><V47/><F47/><W81/><G81/><T75/><D75/><N who="1" m="43039" /><E3/><V57/><F57/><W79/><G34/><T65/><D33/><U48/><E48/><V118/><F78/><W74/><G74/><T61/><D32/><U21/><E21/><V71/><F72/><W23/><G23/><T20/><D4/><U7/><E7/><V53/><F71/><W87/><N who="3" m="21504" /><DORA hai="43" /><W117/><G79/><T114/><D114/><AGARI ba="0,0" hai="8,9,42,44,51,60,67,68,112,114,115" m="43039" machi="114" ten="30,7700,0" yaku="15,1,11,1,52,2" doraHai="63,43" who="1" fromWho="0" sc="254,-77,206,77,96,0,444,0" /><INIT seed="5,0,0,3,0,64" ten="177,283,96,444" oya="1" hai0="33,115,106,104,58,120,65,30,103,113,61,42,55" hai1="102,122,88,87,97,81,99,37,19,23,27,51,116" hai2="17,43,112,78,70,67,127,34,69,18,25,40,125" hai3="94,36,10,54,68,44,24,46,135,3,49,56,101"/><U13/><E37/><V105/><F105/><W4/><G135/><T134/><D134/><U109/><E116/><V41/><F78/><W29/><G68/><N who="2" m="26217" /><F67/><W93/><G101/><T74/><D120/><U82/><E122/><V76/><F76/><W100/><G100/><T121/><D121/><U26/><E109/><V63/><F63/><W79/><G79/><T75/><D42/><U59/><E81/><V96/><F96/><W73/><G73/><T60/><D103/><U114/><E114/><N who="0" m="43529" /><D30/><U126/><E126/><N who="2" m="48139" /><F112/><W77/><G77/><T6/><D61/><U11/><E102/><V53/><F53/><W118/><G118/><T117/><D55/><N who="1" m="32255" /><E27/><V35/><F25/><W32/><G24/><T71/><D117/><U8/><E8/><V119/><F119/><W52/><G10/><T2/><D106/><U57/><E57/><V92/><F92/><W124/><G56/><T110/><D104/><U132/><E132/><V130/><F130/><W95/><G124/><T47/><D58/><U133/><E133/><V91/><F91/><W90/><G90/><T48/><D74/><U15/><E13/><V72/><F72/><W111/><G94/><T98/><D75/><U38/><E38/><V108/><F108/><W128/><G111/><T12/><D110/><U16/><AGARI ba="0,0" hai="11,15,16,19,23,26,82,87,88,97,99" m="32255" machi="16" ten="30,6000,0" yaku="8,1,54,2" doraHai="64" who="1" fromWho="1" sc="177,-20,283,60,96,-20,444,-20" /><INIT seed="5,1,0,3,0,80" ten="157,343,76,424" oya="1" hai0="26,56,85,96,44,135,125,86,50,129,107,1,100" hai1="53,31,15,91,21,65,76,45,74,83,105,0,66" hai2="82,124,23,46,106,112,130,78,20,94,127,114,73" hai3="101,92,39,9,42,120,84,37,32,123,22,87,72"/><U89/><E0/><V67/><F67/><W17/><G32/><T99/><D1/><U70/><E105/><V71/><F71/><W52/><G72/><T62/><D129/><U133/><E133/><V88/><F46/><W75/><G75/><T122/><D125/><N who="2" m="48202" /><F106/><W77/><G9/><T47/><D122/><U98/><E70/><V115/><F130/><W14/><G77/><T29/><D96/><AGARI ba="1,0" hai="20,23,73,78,82,88,94,96,112,114,115" m="48202" machi="96" ten="40,8000,1" yaku="15,1,11,1,18,1,54,1" doraHai="80" who="2" fromWho="0" sc="157,-83,343,0,76,83,424,0" /><INIT seed="6,0,0,4,3,27" ten="74,343,159,424" oya="2" hai0="41,121,73,93,54,14,103,42,38,132,1,123,115" hai1="70,5,34,94,9,7,37,85,122,127,107,57,17" hai2="112,63,133,124,49,135,21,44,88,4,10,134,97" hai3="75,89,71,72,20,61,108,56,67,22,125,0,87"/><V66/><F112/><W43/><G108/><T51/><D1/><U32/><E70/><V35/><F35/><W31/><G0/><T23/><D73/><U40/><E107/><V26/><F124/><W2/><G2/><T62/><D103/><U29/><E127/><V100/><F88/><W58/><G43/><T55/><D14/><U33/><E122/><V99/><F10/><W118/><G118/><T3/><D3/><U117/><E117/><V109/><F4/><W116/><G116/><T11/><D93/><U96/><E85/><V104/><F99/><W113/><G113/><T106/><D115/><U50/><E37/><V92/><F109/><W128/><G128/><T12/><D106/><U8/><E17/><V39/><F39/><W111/><G111/><T90/><D38/><U120/><E120/><V79/><F79/><W68/><G72/><T46/><D121/><U130/><E130/><V45/><F49/><W81/><G75/><T24/><D132/><U47/><E57/><N who="2" m="37231" /><F104/><W48/><G125/><T65/><D123/><U110/><E110/><V60/><F60/><W80/><G80/><T74/><D74/><U91/><E8/><V131/><F131/><W84/><G84/><T95/><D65/><U82/><E82/><V101/><F101/><W64/><G64/><T36/><D36/><U16/><E5/><V83/><F83/><W59/><G68/><T69/><D69/><U28/><REACH who="1" step="1"/><E7/><REACH who="1" ten="74,333,159,424" step="2"/><V13/><F13/><AGARI ba="0,1" hai="9,13,16,28,29,32,33,34,40,47,50,91,94,96" machi="13" ten="40,8000,1" yaku="1,1,2,1,52,2,54,1,53,0" doraHai="27" doraHaiUra="98" who="1" fromWho="2" sc="74,0,333,90,159,-80,424,0" /><INIT seed="7,0,0,3,3,19" ten="74,423,79,424" oya="3" hai0="62,126,90,108,78,131,59,52,14,116,128,121,43" hai1="97,117,84,13,26,102,85,122,118,93,6,69,57" hai2="65,12,53,42,58,99,87,80,70,106,39,41,9" hai3="89,46,113,100,55,110,107,24,86,1,54,45,67"/><W81/><G1/><T22/><D121/><U82/><E69/><V40/><F70/><W34/><G107/><T21/><D108/><U3/><E122/><V11/><F106/><W31/><G100/><T135/><D116/><N who="1" m="44651" /><E3/><V29/><F39/><W71/><G110/><T15/><D78/><N who="1" m="46167" /><E26/><V60/><F29/><W51/><G113/><T2/><D2/><U91/><E57/><N who="2" m="37007" /><F99/><W114/><G114/><T76/><D76/><U88/><E85/><V25/><F25/><W72/><G72/><T56/><D126/><U30/><E30/><V73/><F12/><N who="0" m="4650" /><D135/><U123/><E123/><V27/><F27/><W28/><G28/><T95/><D43/><U8/><AGARI ba="0,0" hai="6,8,13,88,91,93,97,102" m="46167,44651" machi="8" ten="30,2000,0" yaku="12,1,54,1" doraHai="19" who="1" fromWho="1" sc="74,-5,423,20,79,-5,424,-10" owari="69,-43.1,443,54.3,74,-32.6,414,21.4" /></mjloggm>