<mjloggm ver="2.3"><GO type="169" lobby="0"/><UN n0="%E3%80%8C%E3%82%AD%E3%82%BF%E3%80%8D" n1="%E6%81%8B%E3%81%AE%E3%81%86%E3%81%9F" n2="%E3%81%A8%E3%81%B3%E3%81%BE%E3%81%93" n3="%6F%79%6D%32%30%4E%4F%56" dan="16,17,16,16" rate="2045.77,2262.93,2167.90,2148.58" sx="M,M,M,M"/><TAIKYOKU oya="0"/><INIT seed="0,0,0,0,3,95" ten="250,250,250,250" oya="0" hai0="57,73,116,82,132,121,25,15,16,36,101,98,17" hai1="130,37,77,131,92,124,53,111,35,8,134,83,102" hai2="72,104,117,68,71,34,84,123,86,75,97,32,99" hai3="58,79,125,39,120,107,89,129,45,44,105,56,122"/><T42/><D116/><U126/><E37/><V59/><F104/><W40/><G79/><T88/><D121/><U41/><E35/><V118/><REACH who="2" step="1"/><F59/><REACH who="2" ten="250,250,240,250" step="2"/><W64/><G58/><T38/><D57/><U61/><E130/><V128/><F128/><W49/><G105/><T65/><D132/><U113/><E131/><V85/><F85/><W20/><G107/><T70/><D70/><U110/><E134/><V90/><F90/><W91/><G89/><T60/><D88/><U55/><E124/><V100/><F100/><W21/><G91/><T7/><D101/><U26/><E102/><V31/><F31/><W2/><G125/><T22/><D73/><U133/><E126/><V6/><F6/><W30/><G30/><T5/><D7/><U106/><E106/><V47/><F47/><W52/><G129/><T109/><D5/><U29/><E29/><V11/><F11/><W67/><G56/><T33/><D98/><U114/><E8/><V103/><F103/><W13/><G120/><AGARI ba="0,1" hai="32,34,68,71,72,75,84,86,97,99,117,118,120,123" machi="120" ten="25,8000,1" yaku="1,1,22,2,52,2,53,0" doraHai="95" doraHaiUra="74" who="2" fromWho="3" sc="250,0,250,0,240,90,250,-80" /><INIT seed="1,0,0,1,2,73" ten="250,250,330,170" oya="1" hai0="79,63,94,84,96,93,130,98,4,5,104,58,16" hai1="43,35,61,127,110,124,11,112,68,99,27,77,88" hai2="3,59,23,105,122,133,126,106,55,1,41,131,69" hai3="82,22,30,70,90,107,38,89,8,81,62,132,13"/><U119/><E112/><V118/><F118/><W26/><G107/><T97/><D104/><U123/><E119/><V50/><F122/><W109/><G109/><T18/><D130/><U76/><E123/><V15/><F131/><W33/><G38/><T21/><D18/><U80/><E43/><V108/><F106/><W65/><G132/><T48/><D48/><U20/><E35/><V135/><F105/><W51/><G33/><T37/><D37/><U12/><E68/><V75/><F75/><W42/><G82/><N who="0" m="47199" /><D5/><N who="1" m="3183" /><E61/><V125/><F108/><W49/><G81/><T129/><D4/><U19/><E110/><V0/><F41/><W39/><G39/><T14/><D129/><U111/><E111/><V57/><F57/><W85/><G85/><T28/><D28/><U134/><E134/><N who="2" m="51211" /><F69/><W115/><G115/><T29/><D29/><U6/><E6/><V86/><F86/><W95/><G95/><T100/><D100/><U78/><E127/><V46/><F46/><W25/><G25/><T87/><D87/><N who="1" m="48527" /><E124/><V17/><AGARI ba="0,0" hai="0,1,3,15,17,23,50,55,59,125,126" m="51211" machi="17" ten="40,1500,0" yaku="20,1" doraHai="73" who="2" fromWho="2" sc="250,-4,250,-7,330,15,170,-4" /><INIT seed="2,0,0,0,4,123" ten="246,243,345,166" oya="2" hai0="23,38,107,75,108,67,72,118,132,83,80,46,59" hai1="34,116,27,19,70,32,11,110,7,93,16,122,85" hai2="134,3,131,91,47,112,71,39,1,17,69,133,55" hai3="89,126,62,130,29,84,74,100,15,5,48,22,105"/><V44/><F112/><W37/><G37/><T121/><D121/><U98/><E70/><N who="2" m="26635" /><F39/><W20/><G74/><T52/><D107/><U82/><E116/><V45/><F55/><W6/><G48/><T99/><D118/><U56/><E122/><V41/><F41/><W111/><G62/><T10/><D67/><U14/><E110/><V50/><F50/><W26/><G111/><T81/><D108/><U117/><E117/><V97/><F17/><W114/><G114/><T79/><D99/><U53/><E34/><V92/><F131/><W76/><G76/><T103/><D103/><U128/><E32/><V31/><F31/><W95/><G130/><T57/><D10/><U40/><E40/><V12/><F12/><W115/><G115/><T124/><D38/><U33/><E33/><V30/><F30/><W9/><G22/><T125/><D23/><U18/><E128/><V2/><F97/><N who="3" m="59455" /><G105/><T58/><D79/><N who="1" m="46303" /><E27/><V96/><F96/><W68/><G68/><T77/><D77/><U61/><E19/><V28/><F28/><W51/><G51/><T8/><D8/><U109/><E109/><V25/><F25/><W21/><G21/><T49/><D75/><U106/><E106/><V4/><F4/><W73/><G73/><T90/><D72/><U60/><E60/><V24/><F24/><W127/><G6/><T135/><D90/><AGARI ba="0,0" hai="7,11,14,16,18,53,56,61,90,93,98" m="46303" machi="90" ten="30,2000,0" yaku="8,1,54,1" doraHai="123" who="1" fromWho="0" sc="246,-20,243,20,345,0,166,0" /><INIT seed="3,0,0,0,2,47" ten="226,263,345,166" oya="3" hai0="101,96,94,24,89,70,36,33,78,49,90,61,21" hai1="102,43,111,114,124,132,72,52,34,46,15,99,86" hai2="74,42,12,11,54,112,38,82,126,110,27,79,16" hai3="116,31,29,121,117,32,83,37,14,59,53,6,17"/><W50/><G37/><T48/><D36/><U135/><E72/><V65/><F110/><W81/><G121/><T104/><D33/><U66/><E34/><V73/><F112/><W18/><G6/><T108/><D108/><U120/><E111/><V103/><F126/><W26/><G31/><T2/><D2/><U41/><E66/><V1/><F65/><W5/><G5/><T25/><D78/><U71/><E71/><V39/><F103/><W80/><REACH who="3" step="1"/><G18/><REACH who="3" ten="226,263,345,156" step="2"/><T129/><D129/><U77/><E120/><V63/><F39/><W131/><G131/><T133/><D133/><U9/><E132/><V10/><F38/><W125/><G125/><T23/><D70/><U127/><E127/><V106/><F16/><W93/><G93/><T84/><D94/><U85/><E124/><V118/><F106/><W19/><G19/><T35/><D104/><U88/><E135/><V55/><F1/><W0/><G0/><T58/><D25/><U68/><E68/><V105/><F27/><W8/><AGARI ba="0,1" hai="8,14,17,26,29,32,50,53,59,80,81,83,116,117" machi="8" ten="30,11700,0" yaku="1,1,0,1,52,1,53,1" doraHai="47" doraHaiUra="28" who="3" fromWho="3" sc="226,-39,263,-39,345,-39,156,127" /><INIT seed="3,1,0,0,3,127" ten="187,224,306,283" oya="3" hai0="74,97,75,23,11,89,60,21,33,59,80,12,112" hai1="126,113,90,54,118,101,17,122,132,108,1,7,64" hai2="114,116,26,107,87,67,52,91,2,37,57,76,70" hai3="88,82,106,39,103,45,50,40,117,68,109,129,28"/><W22/><G68/><T34/><D112/><U31/><E122/><V47/><F114/><W9/><G117/><T83/><D97/><U100/><E113/><V124/><F107/><W3/><G106/><T42/><D42/><U105/><E126/><V32/><F2/><W94/><G103/><T43/><D43/><U93/><E132/><V14/><F116/><W115/><G115/><T85/><D34/><U86/><E108/><V125/><F76/><W65/><G65/><T79/><D33/><U24/><E7/><V18/><F26/><W41/><G82/><T4/><REACH who="0" step="1"/><D75/><REACH who="0" ten="177,224,306,283" step="2"/><U29/><E118/><V81/><F32/><W46/><G109/><T111/><D111/><U30/><E105/><V53/><F125/><W66/><G41/><T131/><D131/><U38/><E38/><V19/><F37/><W123/><G129/><T25/><D25/><U44/><E24/><V121/><F124/><W13/><G123/><T61/><D61/><U10/><E101/><V55/><F121/><W49/><G40/><T119/><D119/><U20/><E100/><V98/><F98/><W102/><G39/><T71/><D71/><U27/><E31/><V99/><F99/><W51/><G102/><T63/><D63/><U133/><E29/><V15/><F70/><W0/><G28/><T58/><D58/><U104/><E104/><V48/><F47/><W95/><G46/><T110/><D110/><U134/><E30/><V5/><F57/><W77/><G45/><T92/><D92/><U36/><E36/><V128/><F128/><W96/><G95/><T8/><D8/><RYUUKYOKU ba="1,1" sc="177,30,224,-10,306,-10,283,-10" hai0="4,11,12,21,23,59,60,74,79,80,83,85,89" /><INIT seed="4,2,1,4,2,90" ten="207,214,296,273" oya="0" hai0="118,120,97,18,68,59,106,88,112,69,123,7,126" hai1="32,78,44,81,94,41,53,11,61,104,93,16,9" hai2="30,83,27,48,114,74,79,77,89,40,56,67,62" hai3="64,5,2,12,13,124,117,65,66,111,73,135,133"/><T15/><D118/><U107/><E32/><V46/><F114/><W25/><G117/><T31/><D112/><U37/><E104/><V38/><F79/><W84/><G73/><T28/><D7/><U101/><E107/><V14/><F14/><W103/><G111/><T127/><D106/><U52/><E101/><V33/><REACH who="2" step="1"/><F89/><REACH who="2" ten="207,214,286,273" step="2"/><W82/><G13/><T10/><D123/><U76/><E76/><V70/><F70/><W60/><G12/><T125/><D120/><U87/><E11/><V8/><F8/><W35/><G2/><T92/><REACH who="0" step="1"/><D59/><REACH who="0" ten="197,214,286,273" step="2"/><U50/><E9/><V58/><F58/><W4/><G4/><T105/><D105/><U113/><E113/><V63/><F63/><W55/><G5/><T42/><D42/><U119/><E119/><V49/><AGARI ba="2,3" hai="27,30,33,38,40,46,48,49,56,62,67,74,77,83" machi="49" ten="30,2000,0" yaku="1,1,0,1,53,0" doraHai="90" doraHaiUra="1" who="2" fromWho="2" sc="197,-12,214,-7,286,56,273,-7" /><INIT seed="5,0,0,4,4,134" ten="185,207,342,266" oya="1" hai0="64,10,127,2,70,67,114,107,87,53,103,13,76" hai1="36,23,82,133,4,28,92,68,42,95,27,79,108" hai2="48,51,117,121,20,21,106,130,7,1,65,50,102" hai3="111,40,122,47,99,62,57,128,83,3,118,39,54"/><U116/><E116/><V49/><F117/><W91/><G111/><T69/><D114/><U135/><E68/><V93/><F121/><W105/><G122/><T78/><D2/><U25/><E108/><V88/><F130/><W123/><G123/><T41/><D41/><U113/><E113/><V73/><F73/><W120/><G120/><T32/><D32/><U19/><E4/><V101/><F106/><W17/><G128/><T22/><D22/><N who="2" m="8810" /><F1/><W129/><G129/><T94/><D107/><U80/><E42/><V66/><F7/><W55/><G3/><T63/><D53/><U59/><E36/><V34/><F50/><W38/><G38/><T30/><D30/><U35/><E82/><V15/><F15/><W6/><G6/><T77/><D103/><N who="2" m="39434" /><F34/><W44/><G105/><T74/><D74/><U31/><E59/><V56/><F56/><N who="3" m="35095" /><G47/><T71/><D71/><U112/><E112/><V131/><F131/><W126/><G57/><T26/><D26/><U97/><E28/><V85/><AGARI ba="0,0" hai="48,49,51,65,66,85,88,93" m="39434,8810" machi="85" ten="30,2000,0" yaku="8,1,54,1" doraHai="134" who="2" fromWho="2" sc="185,-5,207,-10,342,20,266,-5" /><INIT seed="6,0,0,0,3,39" ten="180,197,362,261" oya="2" hai0="90,70,74,1,118,93,85,129,41,95,77,26,38" hai1="20,87,91,106,94,123,62,121,34,133,4,107,53" hai2="7,116,59,12,83,24,111,84,49,110,86,43,33" hai3="72,98,130,75,29,78,65,109,80,113,35,11,13"/><V48/><F116/><W25/><G109/><N who="2" m="41481" /><F33/><W127/><G127/><T23/><D70/><U50/><E34/><V0/><F0/><W99/><G130/><T61/><D129/><U73/><E73/><V45/><F24/><W10/><G10/><T112/><D112/><U81/><E4/><V97/><F97/><W28/><G28/><T52/><D1/><U46/><E133/><V40/><F59/><W92/><G72/><T55/><D77/><U117/><E117/><V16/><F7/><W67/><G99/><T69/><D74/><U103/><E103/><V5/><F5/><W47/><G47/><T134/><D134/><U82/><E62/><V51/><F45/><W32/><G32/><T89/><D61/><U115/><E115/><V8/><F84/><W105/><G105/><T30/><D69/><U57/><E106/><V64/><F64/><W6/><G113/><T9/><D118/><U66/><E107/><V22/><F22/><W63/><G63/><T119/><D9/><U124/><E20/><V88/><AGARI ba="0,0" hai="8,12,16,40,43,48,49,51,83,86,88" m="41481" machi="88" ten="30,12000,1" yaku="10,1,52,2,54,2" doraHai="39" who="2" fromWho="2" sc="180,-40,197,-40,362,120,261,-40" /><INIT seed="6,1,0,1,5,36" ten="140,157,482,221" oya="2" hai0="34,97,61,104,53,109,129,35,98,66,32,75,115" hai1="27,59,84,26,48,24,41,16,56,127,47,31,40" hai2="105,54,10,46,25,103,18,85,121,78,134,108,131" hai3="13,12,17,68,76,124,112,28,14,119,22,33,101"/><V7/><F121/><W130/><G101/><T73/><D109/><U81/><E127/><V80/><F108/><W82/><G68/><T71/><D129/><U126/><E126/><V55/><F131/><W107/><G107/><T60/><D115/><U125/><E31/><V9/><F134/><W100/><G100/><T69/><D53/><U63/><E125/><V111/><F111/><W77/><G77/><T0/><D0/><U117/><E117/><V95/><F105/><W67/><G67/><N who="0" m="41191" /><D98/><U51/><E63/><V92/><F103/><AGARI ba="1,0" hai="32,34,35,61,66,71,73,75,97,103,104" m="41191" machi="103" ten="30,2000,0" yaku="33,2" doraHai="36" who="0" fromWho="2" sc="140,23,157,0,482,-23,221,0" /><INIT seed="7,0,0,1,5,19" ten="163,157,459,221" oya="3" hai0="100,23,81,21,29,121,58,91,42,55,86,130,120" hai1="28,133,128,82,106,2,47,10,69,117,122,124,94" hai2="50,43,115,3,131,75,103,68,129,84,57,125,87" hai3="25,126,8,123,26,13,17,65,60,41,62,66,83"/><W92/><G41/><T104/><D130/><U89/><E122/><V102/><F3/><W85/><G92/><T11/><D42/><U56/><E69/><V46/><F68/><W76/><G126/><T90/><D104/><U71/><E71/><V27/><F75/><W119/><G119/><T101/><D121/><U35/><E106/><V15/><F115/><W51/><G51/><T20/><D29/><U72/><E133/><V53/><F27/><W18/><G18/><T63/><D120/><U96/><E128/><N who="2" m="49227" /><F15/><W6/><G6/><T73/><D73/><U49/><E124/><V109/><F109/><W70/><G123/><T4/><D91/><U110/><E110/><V64/><F64/><W24/><G70/><T30/><D30/><U134/><E134/><V118/><F118/><W1/><G1/><T111/><D111/><U78/><E117/><V54/><F54/><W80/><G80/><T99/><D99/><U37/><E28/><V33/><F33/><W38/><G38/><T52/><D55/><N who="1" m="31855" /><E35/><V34/><F34/><W93/><G93/><T135/><D135/><U44/><E37/><N who="2" m="21871" /><F125/><W74/><G74/><T45/><D45/><N who="1" m="17483" /><E2/><V79/><F87/><W98/><G98/><T95/><D95/><U36/><E36/><V39/><F39/><W59/><G66/><T97/><D97/><U108/><E108/><V113/><F113/><W67/><G65/><T105/><D105/><U12/><E12/><AGARI ba="0,0" hai="4,11,12,20,21,23,52,58,63,81,86,90,100,101" machi="12" ten="40,8000,1" yaku="8,1,52,3,54,1" doraHai="19" who="0" fromWho="1" sc="163,80,157,-80,459,0,221,0" owari="243,4.3,77,-42.3,459,55.9,221,-17.9" /></mjloggm>