<mjloggm ver="2.3"><GO type="169" lobby="0"/><UN n0="%E3%81%88%E3%81%84%E3%81%8D%E3%81%A1%40%35%6D%66" n1="%E6%B2%B3%E7%AB%A5%E3%81%AE%E3%83%AF%E3%82%AB%E3%83%9E%E3%83%84" n2="%E2%80%A0%E7%99%BD%E5%85%8E%E2%80%A0" n3="%E7%89%A7%E5%A0%B4%E3%81%AE%E5%B0%8F%E5%A5%B3" dan="17,17,17,16" rate="2216.57,2205.74,2211.93,2158.43" sx="M,M,M,F"/><TAIKYOKU oya="0"/><INIT seed="0,0,0,0,3,111" ten="250,250,250,250" oya="0" hai0="26,88,56,103,90,52,64,2,100,127,129,13,115" hai1="74,71,14,81,89,58,41,17,70,112,128,117,35" hai2="122,31,54,109,32,28,82,132,6,68,93,57,0" hai3="96,44,113,131,107,59,86,95,23,120,80,108,53"/><T25/><D2/><U85/><E117/><V97/><F68/><W48/><G107/><T37/><D37/><U45/><E35/><V87/><F122/><W40/><G108/><T105/><D129/><U5/><E128/><V19/><F132/><W98/><G131/><T34/><D127/><U106/><E106/><V42/><F42/><W15/><G113/><T66/><D115/><U110/><E110/><V50/><F32/><W46/><G120/><T7/><D105/><U30/><E30/><V76/><F109/><W67/><G67/><N who="0" m="25643" /><D34/><U118/><E118/><V12/><F6/><W11/><G23/><T47/><D47/><U119/><E119/><V36/><F0/><W126/><G126/><T79/><D79/><U27/><E74/><V101/><REACH who="2" step="1"/><F36/><REACH who="2" ten="250,250,240,250" step="2"/><W123/><G123/><T77/><D7/><U61/><E5/><V78/><F78/><W43/><G40/><T104/><D77/><U63/><E71/><V72/><F72/><W91/><G43/><T22/><D104/><U49/><E70/><V133/><F133/><W10/><G98/><T18/><D100/><U3/><E3/><V99/><F99/><W51/><G96/><T29/><D103/><U73/><E73/><V134/><F134/><W121/><G121/><T83/><D29/><U62/><E112/><V33/><F33/><W130/><G130/><T8/><D83/><U84/><E81/><V92/><F92/><W38/><G95/><T16/><D26/><U24/><E24/><V21/><AGARI ba="0,1" hai="12,19,21,28,31,50,54,57,76,82,87,93,97,101" machi="21" ten="20,5200,0" yaku="1,1,0,1,7,1,8,1,53,0" doraHai="111" doraHaiUra="65" who="2" fromWho="2" sc="250,-26,250,-13,240,62,250,-13" /><INIT seed="1,0,0,4,4,10" ten="224,237,302,237" oya="1" hai0="80,56,124,47,5,87,22,96,34,135,38,23,42" hai1="127,114,122,48,24,129,79,25,84,132,134,111,90" hai2="63,6,112,131,14,15,28,110,60,76,72,16,46" hai3="33,59,67,75,29,7,64,37,35,130,44,71,93"/><U95/><E114/><V65/><F110/><W61/><G75/><T89/><D34/><U121/><E129/><V27/><F131/><W68/><G130/><T107/><D124/><U83/><E127/><V26/><F112/><W105/><G105/><T101/><D135/><N who="1" m="51755" /><E48/><V62/><F65/><W98/><G7/><T120/><D120/><N who="1" m="46187" /><E111/><V109/><F109/><W2/><G2/><T39/><D39/><U50/><E50/><V57/><F57/><W11/><G11/><T3/><D3/><U86/><AGARI ba="0,0" hai="24,25,79,83,84,86,90,95" m="46187,51755" machi="86" ten="30,1500,0" yaku="20,1" doraHai="10" who="1" fromWho="1" sc="224,-5,237,15,302,-5,237,-5" /><INIT seed="1,1,0,2,4,84" ten="219,252,297,232" oya="1" hai0="4,123,29,83,129,32,7,65,128,93,88,76,61" hai1="99,100,14,55,112,90,24,103,113,19,62,98,96" hai2="82,104,114,97,45,43,23,67,28,66,91,47,35" hai3="59,6,33,16,72,117,134,130,27,48,13,21,17"/><U71/><E24/><N who="2" m="16415" /><F104/><W132/><G72/><N who="0" m="43399" /><D29/><U60/><E71/><V118/><F118/><W73/><G73/><T46/><D32/><U1/><E1/><V95/><F114/><W5/><G48/><T37/><D46/><N who="2" m="17418" /><F35/><W22/><G59/><N who="0" m="37055" /><D37/><U10/><E112/><V20/><F43/><W70/><G70/><T51/><D51/><U0/><E0/><V115/><F115/><W31/><G117/><T81/><D81/><U26/><E113/><V15/><F82/><W124/><G124/><T74/><D74/><U111/><E26/><V75/><F75/><W34/><G130/><N who="0" m="50283" /><D123/><U3/><E55/><V119/><F119/><W92/><G92/><T12/><D12/><U25/><E3/><V38/><F38/><W120/><G120/><T94/><D94/><U121/><E121/><V135/><F135/><N who="3" m="51755" /><G31/><T50/><D50/><U9/><E25/><V57/><F57/><W52/><G52/><T8/><D8/><U49/><E49/><V126/><F126/><W87/><G34/><T106/><D106/><U2/><E2/><V54/><F54/><W122/><G33/><T108/><D108/><U30/><E111/><V42/><F42/><W80/><G122/><T116/><D116/><U63/><E30/><V56/><F56/><W110/><G110/><T64/><D64/><U102/><REACH who="1" step="1"/><E9/><REACH who="1" ten="219,242,297,232" step="2"/><V125/><F125/><W77/><AGARI ba="1,1" hai="5,6,13,16,17,21,22,27,77,80,87" m="51755" machi="77" ten="30,2000,0" yaku="20,1,54,1" doraHai="84" who="3" fromWho="3" sc="219,-6,242,-11,297,-6,232,33" /><INIT seed="2,0,0,3,0,1" ten="213,231,291,265" oya="2" hai0="129,25,29,127,110,81,52,43,67,109,16,95,77" hai1="108,96,58,11,50,66,62,68,39,0,14,79,64" hai2="55,90,105,94,88,70,38,135,121,2,17,124,89" hai3="22,72,120,116,24,117,44,36,111,23,101,134,130"/><V82/><F121/><W78/><G120/><T10/><D129/><U35/><E35/><V4/><F105/><W12/><G101/><T112/><D112/><U80/><E39/><V71/><F38/><W76/><G130/><T42/><D127/><U41/><E108/><N who="0" m="41577" /><D67/><U47/><E96/><V114/><F114/><W20/><G111/><T85/><D95/><U123/><E0/><V48/><F135/><W18/><G134/><T103/><D103/><U57/><E66/><V7/><F2/><W13/><G24/><T118/><D118/><U37/><E37/><V100/><F71/><W28/><G28/><T83/><D83/><U33/><E33/><V53/><F70/><W92/><G92/><T119/><D119/><U93/><E93/><V98/><F124/><W34/><G34/><N who="0" m="20783" /><D52/><N who="2" m="20042" /><F48/><W126/><G36/><T9/><D9/><U51/><E51/><V26/><F82/><W46/><G22/><AGARI ba="0,0" hai="4,7,17,22,26,88,89,90,94,98,100" m="20042" machi="22" ten="30,12000,1" yaku="8,1,52,2,54,2" doraHai="1" who="2" fromWho="3" sc="213,0,231,0,291,120,265,-120" /><INIT seed="2,1,0,4,0,89" ten="213,231,411,145" oya="2" hai0="53,43,51,47,103,72,39,63,28,108,71,67,42" hai1="118,79,11,25,55,41,129,48,46,81,32,49,59" hai2="90,36,3,6,9,50,130,74,77,45,26,70,102" hai3="78,31,88,120,109,114,115,10,128,30,33,97,38"/><V99/><F130/><W82/><G38/><T91/><D72/><U52/><E118/><V56/><F70/><W122/><G10/><T123/><D103/><U62/><E129/><V13/><F90/><W23/><G23/><T22/><D123/><N who="3" m="47145" /><G33/><T54/><D108/><U98/><E11/><V68/><F68/><W19/><G19/><T57/><D91/><U73/><E98/><V14/><F56/><W17/><G17/><T116/><D116/><U131/><E131/><V105/><F50/><W21/><G21/><T107/><D107/><U4/><E4/><V2/><F2/><W112/><G128/><T40/><REACH who="0" step="1"/><D54/><REACH who="0" ten="203,231,411,145" step="2"/><U134/><E134/><V58/><F102/><W66/><G109/><T80/><D80/><U5/><E55/><V87/><F105/><W18/><G82/><T12/><D12/><U84/><E73/><V61/><F74/><W24/><G78/><T35/><D35/><U111/><E111/><V20/><F14/><W92/><G66/><T65/><D65/><U75/><E75/><V29/><F13/><W106/><G106/><T121/><D121/><U37/><REACH who="1" step="1"/><E5/><REACH who="1" ten="203,221,411,145" step="2"/><V76/><F6/><W117/><G117/><T16/><D16/><U104/><E104/><V64/><F64/><W101/><G18/><T135/><D135/><U85/><E85/><V125/><F87/><N who="3" m="52255" /><G24/><AGARI ba="1,2" hai="22,24,28,39,40,42,43,47,51,53,57,63,67,71" machi="24" ten="40,5200,0" yaku="1,1,24,2,53,0" doraHai="89" doraHaiUra="113" who="0" fromWho="3" sc="203,75,221,0,411,0,145,-55" /><INIT seed="3,0,0,4,5,24" ten="278,221,411,90" oya="3" hai0="36,77,82,3,128,135,30,51,48,5,37,96,64" hai1="72,124,132,76,85,43,103,4,2,65,74,27,10" hai2="86,111,18,39,20,84,60,71,115,28,0,29,8" hai3="73,102,35,42,116,14,126,95,119,50,26,16,104"/><W91/><G73/><T78/><D128/><U12/><E132/><V61/><F115/><W59/><G126/><T100/><D135/><U117/><E124/><V122/><F39/><W81/><G81/><T101/><D64/><U90/><E117/><V94/><F111/><W93/><G104/><T58/><D5/><U62/><E103/><V87/><F71/><W88/><G102/><T1/><D58/><U113/><E113/><V134/><F134/><W44/><G59/><T67/><D82/><U125/><E125/><V120/><F8/><W9/><G93/><T130/><D67/><U114/><E76/><V13/><F0/><W80/><G80/><T133/><D133/><U127/><E127/><V17/><F17/><W107/><G107/><T54/><D54/><U47/><E2/><V52/><F94/><W31/><REACH who="3" step="1"/><G88/><REACH who="3" ten="278,221,411,80" step="2"/><T106/><D106/><U57/><E114/><V118/><F86/><AGARI ba="0,1" hai="9,14,16,26,31,35,42,44,50,86,91,95,116,119" machi="86" ten="30,18000,2" yaku="1,1,2,1,7,1,52,1,54,1,53,1" doraHai="24" doraHaiUra="7" who="3" fromWho="2" sc="278,0,221,0,411,-180,80,190" /><INIT seed="3,1,0,5,1,6" ten="278,221,231,270" oya="3" hai0="48,78,119,98,117,23,42,54,102,87,124,33,91" hai1="128,97,96,0,27,73,132,62,94,63,104,39,88" hai2="25,122,55,106,41,15,110,30,53,83,59,68,21" hai3="34,107,108,69,5,16,90,37,51,19,60,85,95"/><W112/><G37/><T126/><D33/><U123/><E123/><V92/><F106/><W133/><G112/><T84/><D42/><U7/><E39/><V76/><F68/><W79/><G107/><N who="0" m="63959" /><D23/><U105/><E73/><V22/><F110/><W44/><G34/><T101/><D54/><U82/><E82/><V65/><F122/><W47/><G108/><T115/><D48/><U36/><E36/><V52/><F41/><W113/><G113/><T49/><D49/><U86/><E128/><V77/><F92/><W127/><G133/><T67/><D67/><U74/><E74/><V1/><F1/><W18/><G127/><N who="0" m="48683" /><D115/><U38/><E132/><V57/><F83/><W118/><G118/><N who="0" m="45067" /><D78/><N who="2" m="30314" /><F65/><W2/><G79/><T120/><D120/><U17/><E38/><V70/><F70/><W46/><G60/><T134/><D134/><U129/><E63/><V135/><F135/><W131/><G131/><T3/><D3/><U71/><E129/><V100/><F59/><W103/><G103/><T32/><D32/><U75/><E75/><V43/><F100/><W8/><REACH who="3" step="1"/><G69/><REACH who="3" ten="278,221,231,260" step="2"/><T9/><D101/><U99/><E71/><V26/><F57/><W80/><G80/><T81/><D81/><U35/><E35/><V29/><F43/><AGARI ba="1,1" hai="2,5,8,16,18,19,43,44,46,47,51,85,90,95" machi="43" ten="40,7700,0" yaku="1,1,52,1,54,1,53,0" doraHai="6" doraHaiUra="11" who="3" fromWho="2" sc="278,0,221,0,231,-80,260,90" /><INIT seed="3,2,0,4,3,115" ten="278,221,151,350" oya="3" hai0="12,77,93,86,61,124,99,74,76,30,113,72,27" hai1="91,125,129,73,58,134,83,68,33,31,103,66,8" hai2="13,48,36,24,92,19,7,101,14,104,116,47,98" hai3="46,0,23,126,106,133,117,108,25,42,90,6,67"/><W80/><G106/><T26/><D113/><U21/><E68/><V81/><F36/><W128/><G67/><T28/><D124/><U122/><E122/><V63/><F104/><W40/><G0/><T20/><D12/><U60/><E33/><V85/><F116/><W111/><G117/><T119/><D119/><U49/><E125/><V34/><F63/><W127/><G6/><T3/><D3/><U55/><E129/><V50/><F50/><N who="3" m="26951" /><G42/><T56/><D86/><U59/><E134/><V84/><F84/><N who="3" m="50439" /><G133/><T57/><D74/><U54/><E66/><V51/><F7/><W22/><G22/><N who="0" m="15447" /><D72/><U87/><E73/><V53/><F34/><W110/><G128/><T44/><D44/><U35/><E35/><V96/><F96/><W1/><G1/><T135/><D135/><U43/><E43/><V107/><F107/><W70/><G70/><T121/><D121/><U11/><REACH who="1" step="1"/><E103/><REACH who="1" ten="278,211,151,350" step="2"/><V131/><F131/><W95/><G127/><T4/><D4/><U18/><E18/><V65/><F65/><W120/><G126/><T71/><D71/><U64/><E64/><V78/><F19/><W15/><G120/><T118/><D118/><U5/><E5/><V16/><F16/><W45/><G111/><T32/><D32/><U94/><E94/><V37/><F37/><W132/><G95/><T41/><D41/><U38/><E38/><V52/><REACH who="2" step="1"/><F24/><AGARI ba="2,1" hai="8,11,21,24,31,49,54,55,58,59,60,83,87,91" machi="24" ten="40,2600,0" yaku="1,1,8,1,53,0" doraHai="115" doraHaiUra="9" who="1" fromWho="2" sc="278,0,211,42,151,-32,350,0" /><INIT seed="4,0,0,5,3,74" ten="278,253,119,350" oya="0" hai0="84,64,47,53,34,31,10,128,52,69,118,27,104" hai1="16,113,119,42,61,32,129,12,96,28,92,85,57" hai2="50,116,13,106,90,55,82,26,109,25,83,126,94" hai3="66,43,98,8,67,20,133,60,40,29,63,4,24"/><T107/><D118/><U108/><E108/><V81/><F109/><W72/><G72/><T91/><D128/><U122/><E122/><V127/><F106/><W89/><G133/><T65/><D10/><U36/><E119/><V88/><F116/><W5/><G5/><T19/><D19/><U30/><E129/><V105/><F105/><W9/><G9/><T59/><D69/><U54/><E113/><V100/><F100/><W103/><G89/><T79/><D79/><U15/><E32/><V48/><F13/><W70/><G98/><T44/><D107/><U6/><E85/><V124/><F55/><W38/><G38/><T62/><D104/><U76/><E76/><V134/><F134/><W18/><G103/><T3/><D3/><U71/><E71/><V17/><F17/><W58/><G29/><T78/><D78/><U131/><E131/><V115/><F115/><W49/><G49/><N who="2" m="19049" /><F94/><W99/><G99/><T35/><D53/><U135/><E135/><V37/><F37/><W23/><G23/><T68/><D35/><U2/><E2/><AGARI ba="0,0" hai="2,4,8,18,20,24,40,43,58,60,63,66,67,70" machi="2" ten="30,1000,0" yaku="7,1" doraHai="74" who="3" fromWho="1" sc="278,0,253,-10,119,0,350,10" /><INIT seed="5,0,0,5,1,125" ten="278,243,119,360" oya="1" hai0="115,48,83,90,108,65,95,35,23,89,34,32,122" hai1="73,79,110,54,41,13,40,60,128,78,88,68,24" hai2="44,101,17,10,70,94,36,63,120,113,22,64,21" hai3="124,26,19,132,109,33,47,104,69,18,58,114,38"/><U102/><E110/><V99/><F120/><W49/><G69/><T91/><D108/><U14/><E102/><V129/><F113/><W72/><G109/><T116/><D116/><U55/><E24/><V105/><F10/><W28/><G72/><T6/><D115/><U12/><E73/><V92/><F22/><W50/><G104/><T2/><D122/><U46/><E68/><V52/><F129/><W93/><G49/><T74/><D65/><U134/><E134/><V20/><F20/><W117/><G18/><T3/><D95/><U126/><E126/><V71/><F71/><W59/><G19/><T81/><D48/><U57/><E54/><V27/><REACH who="2" step="1"/><F36/><REACH who="2" ten="278,243,109,360" step="2"/><W85/><G38/><T76/><D23/><U62/><E128/><V61/><F61/><W7/><G124/><T56/><D32/><U30/><E60/><V75/><F75/><W130/><G33/><T118/><D34/><U39/><E30/><V1/><F1/><W84/><G28/><T127/><D35/><U87/><REACH who="1" step="1"/><E41/><REACH who="1" ten="278,233,109,360" step="2"/><V97/><F97/><W77/><G130/><T98/><D127/><U5/><E5/><V119/><F119/><W8/><G117/><T0/><D118/><U86/><E86/><V123/><F123/><W16/><G85/><N who="0" m="50351" /><D6/><U25/><E25/><V9/><F9/><W45/><G26/><T106/><D98/><U103/><E103/><V107/><F107/><W51/><G7/><T111/><D106/><U37/><E37/><V11/><F11/><W4/><G8/><T53/><D111/><U29/><E29/><V96/><F96/><W67/><G4/><RYUUKYOKU ba="0,2" sc="278,10,233,10,109,10,360,-30" hai0="0,2,3,53,56,74,76,83,90,91" hai1="12,13,14,39,40,46,55,57,62,78,79,87,88" hai2="17,21,27,44,52,63,64,70,92,94,99,101,105" /><INIT seed="5,1,2,0,3,45" ten="288,243,119,330" oya="1" hai0="133,131,77,43,122,8,99,16,40,28,121,103,114" hai1="51,88,53,34,101,81,18,37,106,107,44,5,50" hai2="49,118,30,58,89,22,109,41,96,21,39,97,25" hai3="48,61,75,23,70,38,79,64,117,82,93,24,113"/><U94/><E37/><V90/><F109/><W69/><G38/><T76/><D114/><U4/><E34/><V111/><F111/><W12/><G113/><T55/><D131/><U26/><E81/><V2/><F118/><W83/><G117/><T13/><D133/><U108/><E108/><V27/><F2/><W130/><G130/><T102/><D28/><U95/><E95/><V119/><F39/><W46/><G82/><T63/><D63/><U127/><E127/><V7/><F7/><W73/><G12/><T56/><D55/><N who="1" m="30151" /><E101/><N who="0" m="38409" /><D56/><N who="1" m="32831" /><E107/><V59/><F119/><W115/><G93/><T17/><D99/><N who="1" m="57799" /><E106/><V78/><F78/><W33/><G33/><T6/><D76/><U85/><E85/><V100/><F100/><W92/><G92/><T36/><D77/><U125/><E125/><V29/><REACH who="2" step="1"/><F49/><REACH who="2" ten="288,243,109,330" step="2"/><W120/><G115/><T86/><D36/><U98/><E98/><V80/><F80/><W84/><G120/><T32/><D121/><U35/><E35/><V112/><F112/><W67/><G73/><T10/><D122/><U123/><E123/><V72/><F72/><W110/><G75/><T57/><D32/><U134/><E134/><V0/><F0/><W14/><G110/><T71/><D86/><U42/><E42/><AGARI ba="1,3" hai="21,22,25,27,29,30,41,42,58,59,89,90,96,97" machi="42" ten="25,6400,0" yaku="1,1,22,2,8,1,53,0" doraHai="45" doraHaiUra="1" who="2" fromWho="1" sc="288,0,243,-67,109,97,330,0" /><INIT seed="6,0,0,3,2,117" ten="288,176,206,330" oya="2" hai0="61,38,120,58,107,109,73,25,83,110,78,13,8" hai1="82,44,63,99,104,10,54,93,41,113,22,135,65" hai2="36,119,111,3,116,12,95,94,105,123,125,33,16" hai3="92,19,128,126,133,47,15,42,23,91,97,5,51"/><V100/><F3/><W17/><G133/><T4/><D38/><U84/><E135/><V18/><F33/><W114/><G128/><T29/><D107/><U70/><E113/><V96/><F123/><W40/><G126/><T134/><D134/><U102/><E10/><V85/><F36/><W57/><G114/><T124/><D124/><U66/><E22/><V77/><F125/><W35/><G35/><T24/><D120/><U74/><E74/><V27/><F111/><W103/><G57/><T37/><D37/><U0/><E0/><V20/><F95/><W7/><G42/><T118/><D118/><U129/><E129/><V30/><F30/><W11/><REACH who="3" step="1"/><G103/><REACH who="3" ten="288,176,206,320" step="2"/><T49/><D58/><U6/><E41/><V26/><F119/><W72/><G72/><T71/><D73/><U121/><E121/><V81/><F116/><W39/><G39/><T64/><D109/><U98/><E44/><V62/><F62/><W115/><G115/><T127/><D61/><U32/><E32/><V89/><F18/><W21/><G21/><T76/><D127/><U75/><E75/><AGARI ba="0,1" hai="12,16,20,26,27,75,77,81,85,89,94,96,100,105" machi="75" ten="30,11600,0" yaku="7,1,24,2,54,1" doraHai="117" who="2" fromWho="1" sc="288,0,176,-116,206,126,320,0" /><INIT seed="6,1,0,5,1,29" ten="288,60,332,320" oya="2" hai0="83,122,58,93,131,98,64,123,26,119,18,76,77" hai1="19,28,15,1,59,63,117,91,85,34,135,100,10" hai2="120,90,22,112,128,101,104,71,113,55,126,23,61" hai3="20,68,89,43,47,106,33,115,80,52,79,130,99"/><V16/><F120/><W132/><G68/><T94/><D131/><U53/><E135/><V57/><F128/><W3/><G3/><T65/><D119/><U103/><E117/><V25/><F126/><W45/><G33/><T30/><D18/><U60/><E1/><V134/><F134/><W102/><G132/><T40/><D40/><U36/><E36/><V17/><F71/><W81/><G130/><T66/><D58/><U73/><E73/><V50/><F90/><W62/><G115/><T35/><D77/><U121/><E121/><V44/><F101/><W54/><G20/><T95/><REACH who="0" step="1"/><D98/><REACH who="0" ten="278,60,332,320" step="2"/><U39/><E39/><V14/><REACH who="2" step="1"/><F104/><REACH who="2" ten="278,60,322,320" step="2"/><W116/><G116/><T49/><D49/><U11/><E60/><V6/><F6/><W48/><G106/><T38/><D38/><U46/><E46/><V133/><F133/><W7/><G45/><T2/><D2/><U27/><REACH who="1" step="1"/><E10/><REACH who="1" ten="278,50,322,320" step="2"/><V67/><AGARI ba="1,3" hai="14,16,17,22,23,25,44,50,55,57,61,67,112,113" machi="67" ten="30,6000,0" yaku="1,1,0,1,54,1,53,0" doraHai="29" doraHaiUra="4" who="2" fromWho="2" sc="278,-21,50,-21,322,93,320,-21" /><INIT seed="6,2,0,3,1,36" ten="257,29,415,299" oya="2" hai0="38,32,88,34,45,132,110,71,35,118,129,101,95" hai1="33,54,31,64,66,56,41,62,12,15,102,5,78" hai2="113,103,73,87,82,92,26,127,8,90,94,47,131" hai3="20,25,39,24,72,67,91,23,10,115,135,117,130"/><V89/><F113/><W107/><G117/><T123/><D123/><U105/><E78/><V96/><F131/><W133/><G107/><T85/><D110/><U11/><E105/><V128/><F128/><W99/><G72/><T59/><D129/><U37/><E102/><V124/><F8/><W50/><G39/><T2/><D71/><U63/><E33/><V4/><F4/><W97/><G130/><T53/><D2/><U55/><E31/><V28/><F47/><W19/><G115/><T43/><D132/><U114/><E114/><V68/><F68/><W1/><G67/><T17/><D101/><U44/><E15/><V76/><F26/><W112/><G112/><T61/><REACH who="0" step="1"/><D17/><REACH who="0" ten="247,29,415,299" step="2"/><U111/><REACH who="1" step="1"/><E111/><REACH who="1" ten="247,19,415,299" step="2"/><V14/><F103/><W70/><G135/><T3/><D3/><U58/><AGARI ba="2,2" hai="5,11,12,37,41,44,54,55,56,58,62,63,64,66" machi="58" ten="20,12000,2" yaku="1,1,2,1,0,1,7,1,9,1,52,1,53,0" doraHai="36" doraHaiUra="122" who="1" fromWho="1" sc="247,-32,19,146,415,-62,299,-32" /><INIT seed="7,0,0,4,2,51" ten="215,165,353,267" oya="3" hai0="28,47,86,131,110,34,92,39,122,99,78,0,85" hai1="88,126,48,35,94,37,80,107,119,117,75,6,32" hai2="103,74,93,82,11,3,16,62,112,12,2,52,121" hai3="55,95,87,124,79,115,17,1,123,36,133,65,56"/><W31/><G123/><T60/><D110/><U45/><E37/><V104/><F104/><W108/><G1/><T98/><D122/><U27/><E107/><V101/><F112/><W44/><G31/><T118/><D118/><N who="1" m="45067" /><E6/><V13/><F74/><W19/><G115/><T30/><D0/><U43/><E27/><V54/><F82/><W21/><G108/><T132/><D39/><U20/><E20/><V40/><F40/><W61/><G133/><T68/><D132/><U67/><E67/><V15/><F121/><W50/><G124/><T113/><D34/><U83/><E83/><V24/><F24/><W105/><G105/><T25/><D25/><U49/><E126/><V77/><F13/><W81/><G21/><T97/><D113/><U127/><E127/><V26/><F26/><W14/><G14/><T70/><D28/><U4/><E4/><V125/><F12/><W23/><G23/><T58/><D30/><U109/><E109/><V90/><F11/><W128/><G36/><T135/><D135/><U41/><E80/><V69/><F15/><W33/><G33/><N who="1" m="12874" /><E75/><V106/><F106/><W116/><G116/><T64/><D64/><U53/><E48/><V84/><F125/><W66/><G66/><T46/><D60/><U71/><E71/><V10/><F62/><W96/><G128/><T73/><D131/><U5/><E5/><V72/><F69/><W7/><G7/><T76/><D68/><U22/><E22/><V63/><F2/><W18/><G18/><T9/><D70/><U130/><E130/><V57/><F3/><W59/><G65/><RYUUKYOKU ba="0,0" sc="215,-10,165,30,353,-10,267,-10" hai1="41,43,45,49,53,88,94" owari="205,-19.5,195,-30.5,343,44.3,257,5.7" /></mjloggm>