<mjloggm ver="2.3"><GO type="169" lobby="0"/><UN n0="%E9%BE%8D%31%30" n1="%2D%E8%B1%8A%E5%8F%A3%E3%82%81%E3%81%90%E3%81%BF%2D" n2="%E9%BB%92%E6%B2%A2%E7%BE%A9%E6%98%8E" n3="%E2%91%A3%E3%82%BB%E3%83%B3%E3%83%81" dan="16,17,17,18" rate="2088.68,2172.59,2192.07,2261.67" sx="M,F,M,M"/><TAIKYOKU oya="0"/><INIT seed="0,0,0,4,1,45" ten="250,250,250,250" oya="0" hai0="102,12,109,98,114,24,132,57,107,85,89,134,103" hai1="80,46,25,19,9,115,48,88,112,5,16,32,128" hai2="119,35,77,37,94,124,58,99,34,20,1,67,33" hai3="2,52,83,0,84,53,18,91,110,71,92,23,7"/><T43/><D114/><N who="1" m="43563" /><E128/><V126/><F37/><W82/><G71/><T26/><D109/><U3/><E32/><V87/><F1/><W39/><G39/><T111/><D103/><U22/><E19/><V36/><F36/><W62/><G110/><T123/><D111/><U105/><E105/><V69/><F69/><W51/><G62/><T75/><D43/><N who="1" m="24671" /><E80/><V15/><F119/><W74/><G53/><T28/><D123/><U59/><E59/><V100/><F58/><W116/><G116/><T106/><D75/><U49/><E49/><V78/><F33/><W47/><G7/><T90/><D106/><U121/><E121/><V29/><F35/><W73/><G83/><T93/><D57/><U56/><E56/><V133/><F34/><W50/><G50/><T125/><D28/><U127/><E127/><V64/><F29/><W76/><REACH who="3" step="1"/><G74/><REACH who="3" ten="250,250,250,240" step="2"/><T13/><D125/><U14/><E88/><V101/><F124/><W63/><G63/><T31/><D90/><U4/><E4/><V96/><F126/><W108/><G108/><T135/><D31/><U44/><E44/><V6/><F6/><W70/><G70/><T27/><AGARI ba="0,1" hai="12,13,24,26,27,85,89,93,98,102,107,132,134,135" machi="27" ten="40,3900,0" yaku="0,1,20,1" doraHai="45" who="0" fromWho="0" sc="250,49,250,-13,250,-13,240,-13" /><INIT seed="0,1,0,2,3,14" ten="299,237,237,227" oya="0" hai0="46,77,134,28,64,74,12,23,128,121,90,20,47" hai1="26,1,71,49,24,16,81,19,106,11,117,63,92" hai2="6,0,33,85,69,88,10,30,72,119,118,9,130" hai3="79,42,86,31,67,61,59,89,95,27,58,35,62"/><T34/><D121/><U120/><E106/><V132/><F72/><W104/><G104/><T112/><D112/><U125/><E117/><N who="2" m="44555" /><F69/><W135/><G135/><T99/><D134/><U73/><E120/><V123/><F123/><W84/><G42/><T39/><D34/><U131/><E125/><V80/><F132/><W93/><G79/><T51/><D39/><U53/><E131/><V114/><F114/><W91/><REACH who="3" step="1"/><G62/><REACH who="3" ten="299,237,237,217" step="2"/><T76/><D128/><U41/><E41/><V4/><F130/><W7/><G7/><N who="2" m="2601" /><F0/><W55/><G55/><T43/><D77/><U57/><E1/><V97/><F97/><W98/><G98/><T29/><D76/><U25/><E73/><V15/><F15/><W103/><G103/><T3/><D99/><U37/><E37/><V78/><F78/><W87/><G87/><T107/><D12/><U60/><E60/><V101/><F101/><W48/><G48/><T70/><D51/><U65/><E49/><V126/><F126/><W22/><G22/><T102/><D23/><U124/><E124/><V21/><F21/><W56/><AGARI ba="1,1" hai="27,31,35,56,58,59,61,67,84,86,89,91,93,95" machi="56" ten="20,5200,0" yaku="1,1,0,1,7,1,9,1,53,0" doraHai="14" doraHaiUra="68" who="3" fromWho="3" sc="299,-27,237,-14,237,-14,217,65" /><INIT seed="1,0,0,5,5,106" ten="272,223,223,282" oya="1" hai0="59,97,51,96,37,90,42,108,0,126,25,88,29" hai1="89,120,24,124,36,6,11,20,13,87,4,67,54" hai2="82,99,131,46,72,93,26,47,17,130,104,5,43" hai3="35,27,53,127,125,83,45,118,76,9,15,111,123"/><U80/><E120/><V39/><F104/><W102/><G123/><T134/><D37/><U75/><E124/><N who="3" m="47690" /><G102/><T48/><D0/><U44/><E67/><V2/><F47/><W22/><G35/><T28/><D126/><U69/><E69/><V16/><F26/><W73/><G45/><N who="0" m="25655" /><D25/><U65/><E65/><V79/><F130/><W101/><G101/><T7/><D134/><U98/><E98/><N who="0" m="37993" /><D7/><U12/><E75/><V112/><F112/><W32/><G32/><T1/><D1/><U121/><E121/><V10/><REACH who="2" step="1"/><F131/><REACH who="2" ten="272,223,213,282" step="2"/><W74/><G118/><T105/><D105/><U66/><E36/><V116/><F116/><W41/><G111/><T71/><D108/><U57/><E44/><V58/><F58/><W113/><G113/><T133/><D71/><U128/><E128/><V49/><F49/><W129/><G129/><T70/><D70/><U52/><E12/><V31/><F31/><N who="0" m="11850" /><D133/><U84/><E13/><V95/><F95/><W68/><G68/><T78/><D78/><U61/><E24/><V85/><F85/><W62/><G27/><T34/><D34/><U114/><E87/><V92/><F92/><W110/><G110/><T33/><D33/><U30/><E114/><V38/><F38/><W100/><G76/><T117/><D117/><U135/><E135/><V3/><F3/><W18/><G15/><T19/><D19/><U109/><E109/><V94/><F94/><W14/><G14/><T55/><AGARI ba="0,1" hai="51,55,59,88,90" m="11850,37993,25655" machi="55" ten="30,2000,0" yaku="8,1,54,1" doraHai="106" who="0" fromWho="0" sc="272,30,223,-10,213,-5,282,-5" /><INIT seed="2,0,0,1,3,58" ten="302,213,208,277" oya="2" hai0="6,89,131,27,18,65,56,80,87,124,1,7,88" hai1="52,24,104,125,122,105,74,54,5,133,43,16,99" hai2="48,64,68,62,37,83,25,109,112,49,67,119,90" hai3="29,113,95,51,79,91,41,47,71,44,120,132,93"/><V103/><F112/><W81/><G120/><T42/><D1/><U13/><E74/><V114/><F114/><W130/><G113/><T69/><D124/><U123/><E125/><V94/><F119/><W2/><G2/><T20/><D69/><U85/><E133/><V22/><F37/><W134/><G71/><T127/><D131/><U46/><E85/><V100/><F67/><W57/><G29/><T101/><D101/><N who="1" m="62527" /><E24/><V84/><F109/><W35/><G35/><T50/><D127/><U26/><E26/><V55/><F83/><W17/><G130/><T77/><D42/><U45/><E5/><N who="0" m="1545" /><D50/><U4/><E4/><V38/><F38/><W117/><G117/><T107/><D107/><U28/><E28/><V21/><F48/><W66/><G47/><T102/><D102/><U110/><E105/><V61/><F61/><AGARI ba="0,0" hai="18,20,27,56,61,65,77,80,87,88,89" m="1545" machi="61" ten="30,3900,0" yaku="8,1,52,1,54,1" doraHai="58" who="0" fromWho="2" sc="302,39,213,0,208,-39,277,0" /><INIT seed="3,0,0,2,3,17" ten="341,213,169,277" oya="3" hai0="118,120,110,92,83,21,44,119,55,36,47,8,96" hai1="73,30,75,70,34,64,28,65,63,103,4,52,72" hai2="3,89,129,132,38,57,7,100,18,108,69,51,80" hai3="61,123,59,20,133,99,86,109,2,121,98,15,40"/><W14/><G2/><T81/><D110/><U39/><E39/><V126/><F69/><W48/><G133/><T74/><D120/><U43/><E43/><V105/><F38/><W11/><G109/><T113/><D36/><U97/><E4/><V60/><F108/><W106/><G106/><T1/><D74/><U49/><E65/><V76/><F129/><W33/><G33/><T122/><D113/><U37/><E37/><V62/><F126/><W41/><G86/><T88/><D122/><U93/><REACH who="1" step="1"/><E34/><REACH who="1" ten="341,203,169,277" step="2"/><V107/><F7/><W128/><G41/><T42/><D119/><U84/><E84/><V104/><F132/><W131/><G121/><T71/><D42/><U94/><E94/><V35/><F35/><W54/><G123/><T31/><D92/><U125/><E125/><V77/><F107/><W25/><G131/><T24/><D83/><U102/><E102/><V68/><F100/><W66/><G40/><T27/><D81/><U117/><E117/><V12/><F80/><W90/><G128/><T58/><D55/><U46/><AGARI ba="0,1" hai="28,30,46,49,52,63,64,70,72,73,75,93,97,103" machi="46" ten="30,4000,0" yaku="1,1,0,1,54,1,53,0" doraHai="17" doraHaiUra="101" who="1" fromWho="1" sc="341,-10,203,50,169,-10,277,-20" /><INIT seed="4,0,0,1,2,130" ten="331,253,159,257" oya="0" hai0="77,87,43,44,78,55,54,24,42,13,74,40,52" hai1="101,9,37,103,98,26,25,88,107,109,92,45,6" hai2="71,84,115,16,69,64,96,80,8,22,48,21,119" hai3="133,102,106,33,66,110,34,59,116,10,31,73,51"/><T82/><D74/><U12/><E109/><V79/><F115/><W28/><G73/><T60/><D44/><U86/><REACH who="1" step="1"/><E103/><REACH who="1" ten="331,243,159,257" step="2"/><V61/><F119/><W49/><G102/><T108/><D108/><U5/><E5/><V20/><F96/><W90/><G116/><T95/><D95/><U125/><E125/><V104/><F104/><W122/><G106/><T83/><D60/><U32/><E32/><V81/><F81/><N who="0" m="30730" /><D87/><U105/><E105/><V27/><F71/><W128/><G34/><T126/><D126/><U100/><E100/><V30/><REACH who="2" step="1"/><F48/><REACH who="2" ten="331,243,149,257" step="2"/><W18/><G51/><T53/><D78/><U0/><E0/><V97/><F97/><W56/><G49/><T4/><D77/><U127/><E127/><V76/><F76/><W57/><G110/><T39/><D39/><U50/><E50/><V75/><F75/><W124/><G124/><T111/><D111/><U2/><E2/><V85/><F85/><W35/><G90/><T123/><D123/><U72/><E72/><V121/><F121/><W41/><G122/><T112/><D112/><U63/><E63/><V15/><AGARI ba="0,2" hai="8,15,16,20,21,22,27,30,61,64,69,79,80,84" machi="15" ten="30,7900,0" yaku="1,1,0,1,54,1,53,1" doraHai="130" doraHaiUra="62" who="2" fromWho="2" sc="331,-39,243,-20,149,99,257,-20" /><INIT seed="5,0,0,2,0,52" ten="292,223,248,237" oya="1" hai0="119,44,58,81,39,63,5,128,122,132,14,125,36" hai1="50,124,60,80,61,115,55,19,66,8,76,93,32" hai2="126,18,10,69,65,74,41,130,70,29,26,88,15" hai3="106,109,67,108,31,12,62,92,120,98,135,53,37"/><U96/><E115/><V25/><F74/><W103/><G120/><T89/><D122/><U49/><E32/><V87/><F130/><W28/><G37/><T129/><D119/><U104/><E104/><V85/><F126/><W71/><G135/><T64/><D125/><U86/><E124/><V117/><F117/><W95/><G12/><T23/><D132/><U2/><E50/><V101/><F101/><W45/><G95/><T20/><D44/><U6/><E19/><V40/><F85/><W110/><G45/><T7/><D81/><U3/><E3/><V47/><F65/><W83/><G53/><T113/><D89/><U111/><E66/><V11/><F11/><W105/><REACH who="3" step="1"/><G83/><REACH who="3" ten="292,223,248,227" step="2"/><T59/><D113/><U46/><REACH who="1" step="1"/><E111/><REACH who="1" ten="292,213,248,227" step="2"/><V13/><F13/><W33/><G33/><T91/><D14/><U24/><E24/><V75/><F26/><W121/><G121/><T100/><D36/><U112/><E112/><V16/><F25/><W38/><G38/><T116/><D39/><U82/><E82/><V56/><F15/><W131/><G131/><T0/><D116/><U94/><E94/><V27/><F27/><W57/><G57/><T48/><D59/><U9/><E9/><V79/><F10/><W114/><G114/><T4/><D58/><U134/><E134/><V77/><F56/><W102/><G102/><AGARI ba="0,2" hai="2,6,8,46,49,55,60,61,76,80,86,93,96,102" machi="102" ten="30,5800,0" yaku="1,1,7,1,53,1" doraHai="52" doraHaiUra="42" who="1" fromWho="3" sc="292,0,213,78,248,0,227,-58" /><INIT seed="5,1,0,4,5,132" ten="292,291,248,169" oya="1" hai0="52,103,65,125,74,90,110,27,42,105,4,83,54" hai1="18,49,55,89,24,44,33,77,45,135,118,99,5" hai2="88,72,108,80,96,113,100,30,11,68,26,10,40" hai3="22,116,43,21,104,131,78,47,79,50,29,73,86"/><U75/><E118/><V51/><F108/><W101/><G73/><T66/><D110/><U102/><E135/><V12/><F68/><W92/><G104/><T64/><D42/><U14/><E5/><V41/><F113/><W2/><G2/><T48/><D4/><U36/><E89/><V114/><F114/><W58/><G116/><T93/><D105/><U119/><E119/><V81/><F10/><W94/><G131/><T121/><D103/><U13/><E77/><V107/><F72/><W46/><G101/><T62/><D83/><U115/><E75/><V128/><F128/><W57/><G29/><T126/><D121/><U76/><E76/><V59/><F59/><W35/><G50/><T6/><D27/><U23/><E33/><V16/><F51/><W9/><G35/><T25/><D25/><U31/><E115/><V71/><F71/><W15/><G15/><T106/><D6/><U7/><E7/><V67/><F67/><N who="0" m="25674" /><D48/><U3/><E3/><V19/><F19/><W61/><G61/><T63/><D106/><U123/><E123/><V32/><REACH who="2" step="1"/><F80/><REACH who="2" ten="292,291,238,169" step="2"/><W84/><G43/><T60/><D74/><U8/><E8/><AGARI ba="1,1" hai="8,9,21,22,46,47,57,58,78,79,84,86,92,94" machi="8" ten="25,3200,0" yaku="22,2,8,1" doraHai="132" who="3" fromWho="1" sc="292,0,291,-35,238,0,169,45" /><INIT seed="6,0,0,1,1,119" ten="292,256,238,214" oya="2" hai0="103,108,88,43,101,124,6,18,81,3,116,131,58" hai1="33,80,121,99,34,67,47,91,52,64,38,78,114" hai2="104,111,35,0,109,106,49,93,50,12,94,76,72" hai3="21,32,96,41,20,59,122,13,112,90,23,86,16"/><V71/><F0/><W29/><G112/><T66/><D116/><U5/><E114/><V55/><F35/><W118/><G118/><T107/><D108/><N who="2" m="41546" /><F71/><W65/><G32/><T42/><D6/><U19/><E5/><V98/><F12/><W105/><G41/><N who="0" m="15371" /><D124/><U31/><E38/><V113/><F113/><W130/><G130/><T15/><D107/><N who="2" m="41002" /><F55/><W84/><G29/><T79/><D79/><U53/><E31/><V126/><F126/><W75/><G75/><T48/><D131/><U61/><E19/><V11/><F11/><W45/><G45/><T73/><D73/><U63/><E47/><V127/><F127/><W133/><G23/><N who="0" m="11743" /><D3/><U27/><E27/><V97/><F76/><W95/><G21/><T83/><D66/><U57/><E78/><V40/><F40/><W123/><G133/><T56/><D48/><N who="2" m="18538" /><F72/><W39/><G39/><T85/><D81/><U24/><E80/><V100/><F100/><AGARI ba="0,0" hai="56,58,83,85,88,100,101,103" m="11743,15371" machi="100" ten="30,2000,0" yaku="8,1,54,1" doraHai="119" who="0" fromWho="2" sc="292,20,256,0,238,-20,214,0" /><INIT seed="7,0,0,5,2,134" ten="312,256,218,214" oya="3" hai0="98,97,69,42,113,36,124,96,35,45,53,104,72" hai1="48,123,57,135,55,68,1,76,28,66,43,82,129" hai2="71,118,90,77,85,125,12,52,0,109,91,132,94" hai3="133,79,119,110,8,70,54,61,16,105,117,2,114"/><W34/><G105/><T22/><D69/><U86/><E123/><V78/><F109/><W84/><G34/><T39/><D72/><U10/><E135/><V29/><F0/><W127/><G133/><T4/><D35/><U47/><E129/><V92/><F118/><W102/><G102/><T101/><D36/><U41/><E28/><V44/><F71/><W20/><G110/><T73/><D73/><U65/><E43/><V112/><F132/><W31/><G31/><T30/><D4/><U56/><E68/><V81/><F112/><W106/><G106/><T3/><D3/><U116/><E116/><V58/><F29/><W93/><G114/><T122/><D122/><U87/><E57/><V50/><F125/><W59/><G70/><T6/><D124/><U13/><E87/><V131/><F131/><W51/><G127/><T103/><D6/><N who="1" m="1359" /><E13/><V60/><F12/><N who="3" m="9223" /><G61/><T32/><D32/><U108/><E108/><V11/><F11/><W107/><G107/><T64/><D64/><U33/><E33/><V75/><F75/><W9/><G9/><T26/><D113/><U67/><E67/><N who="2" m="39319" /><F94/><W74/><G74/><T63/><D103/><U89/><E66/><V99/><AGARI ba="0,0" hai="44,50,52,77,78,81,85,90,91,92,99" m="39319" machi="99" ten="30,2000,0" yaku="8,1,54,1" doraHai="134" who="2" fromWho="2" sc="312,-5,256,-5,218,20,214,-10" owari="307,40.7,251,5.1,238,-16.2,204,-29.6" /></mjloggm>