<mjloggm ver="2.3"><GO type="169" lobby="0"/><UN n0="%74%73%75%6B%69%31" n1="%E7%BC%B6%E3%82%B3%E3%83%92" n2="%E3%81%AA%E3%81%8B%E3%81%AE%E3%81%86%E3%81%88" n3="%E3%81%9D%E3%82%93%E3%81%97%E6%A7%98" dan="16,16,16,17" rate="2184.51,2033.85,2151.31,2220.97" sx="M,M,M,M"/><TAIKYOKU oya="0"/><INIT seed="0,0,0,0,1,77" ten="250,250,250,250" oya="0" hai0="128,50,81,105,21,61,65,113,23,8,117,37,123" hai1="101,29,6,119,98,120,109,131,121,124,25,5,68" hai2="95,60,97,103,89,82,43,12,86,30,40,49,91" hai3="110,53,107,16,15,48,96,14,127,34,76,54,11"/><T47/><D105/><U64/><E119/><V134/><F134/><W94/><G110/><T18/><D117/><U56/><E109/><V79/><F30/><W1/><G127/><T66/><D37/><U73/><E124/><V72/><F91/><W84/><G34/><T129/><D113/><U93/><E131/><N who="0" m="50249" /><D123/><U24/><E73/><V20/><F60/><W75/><G1/><T38/><D38/><U51/><E25/><V122/><F122/><W104/><G75/><T132/><D132/><U78/><E78/><V108/><F108/><W106/><G15/><N who="0" m="7527" /><D81/><U133/><E68/><V52/><F20/><N who="0" m="7754" /><D61/><U111/><E111/><V71/><F12/><W83/><REACH who="3" step="1"/><G48/><REACH who="3" ten="250,250,250,240" step="2"/><T90/><D90/><AGARI ba="0,1" hai="11,14,16,53,54,76,83,84,90,94,96,104,106,107" machi="90" ten="40,8000,1" yaku="1,1,2,1,52,1,54,1,53,0" doraHai="77" doraHaiUra="46" who="3" fromWho="0" sc="250,-80,250,0,250,0,240,90" /><INIT seed="1,0,0,5,3,111" ten="170,250,250,330" oya="1" hai0="22,132,86,63,82,37,5,41,107,127,134,10,18" hai1="72,121,73,24,53,115,48,61,98,6,46,119,120" hai2="129,105,56,34,128,106,77,35,92,4,52,131,126" hai3="29,32,87,28,135,74,23,8,94,84,58,42,110"/><U66/><E119/><V40/><F126/><W95/><G110/><T62/><D107/><N who="2" m="40970" /><F40/><W31/><G135/><N who="0" m="51755" /><D41/><U59/><E115/><V49/><F77/><W118/><G74/><T14/><D37/><U44/><E6/><V133/><F133/><W76/><G32/><N who="2" m="12329" /><F4/><W64/><G118/><T55/><D55/><U117/><E117/><V20/><F20/><W90/><G42/><T57/><D57/><U93/><E46/><V102/><F92/><W108/><G108/><T91/><D127/><U122/><REACH who="1" step="1"/><E24/><AGARI ba="0,0" hai="5,10,14,18,22,24,62,63,82,86,91" m="51755" machi="24" ten="30,1000,0" yaku="20,1" doraHai="111" who="0" fromWho="1" sc="170,10,250,-10,250,0,330,0" /><INIT seed="2,0,0,2,0,29" ten="180,240,250,330" oya="2" hai0="45,32,121,112,68,13,70,111,4,1,78,102,104" hai1="117,72,24,105,108,56,22,94,115,128,55,60,14" hai2="57,73,0,116,118,124,82,126,101,131,9,36,129" hai3="86,11,119,100,114,77,123,96,92,95,61,62,84"/><V80/><F36/><W25/><G119/><N who="2" m="45609" /><F57/><W53/><G123/><T132/><D13/><U83/><E105/><V3/><F9/><W6/><G114/><T46/><D78/><U16/><E115/><V50/><F50/><W34/><G77/><T5/><D112/><U21/><E117/><V37/><F73/><W93/><G34/><T52/><D121/><U20/><E72/><V87/><F87/><W47/><G25/><T49/><D104/><U65/><E83/><N who="2" m="31787" /><F101/><W33/><G33/><T38/><D102/><U133/><E22/><V134/><F37/><W64/><G86/><T48/><D38/><U30/><E21/><V109/><F134/><W71/><G84/><T74/><D74/><U85/><E133/><V7/><F7/><W42/><G42/><T2/><D132/><U110/><E56/><V107/><F109/><W130/><G11/><T113/><D113/><U28/><E108/><V26/><F26/><W23/><G6/><T76/><D76/><U59/><E24/><V66/><F66/><W40/><G23/><T43/><D111/><U19/><E65/><V120/><F107/><N who="3" m="63879" /><G40/><T69/><REACH who="0" step="1"/><D32/><REACH who="0" ten="170,240,250,330" step="2"/><U39/><E110/><V127/><F120/><W81/><G81/><T31/><D31/><U91/><E39/><V41/><F41/><W27/><G27/><T90/><D90/><U10/><E30/><V97/><F97/><W17/><G93/><T63/><D63/><U135/><E28/><V8/><F8/><W35/><G95/><T125/><D125/><U12/><E135/><V79/><F79/><W58/><G92/><T122/><D122/><RYUUKYOKU ba="0,1" sc="170,10,240,10,250,10,330,-30" hai0="1,2,4,5,43,45,46,48,49,52,68,69,70" hai1="10,12,14,16,19,20,55,59,60,85,91,94,128" hai2="0,3,124,126,127,129,131" /><INIT seed="2,1,1,1,3,43" ten="180,250,260,300" oya="2" hai0="29,121,13,58,89,65,129,44,113,123,72,6,61" hai1="100,47,77,34,93,50,59,78,124,64,94,36,33" hai2="66,17,134,79,108,67,18,1,119,86,73,48,49" hai3="32,75,126,46,62,81,130,99,107,105,88,54,26"/><V97/><F119/><W52/><G32/><T127/><D113/><U31/><E124/><V30/><F73/><W98/><G126/><T103/><D127/><U63/><E36/><V9/><F134/><W53/><G130/><T4/><D72/><U91/><E34/><V40/><F30/><W74/><G74/><T109/><D129/><U92/><E92/><V16/><F108/><W12/><G75/><T10/><D103/><U96/><E31/><V5/><F97/><N who="3" m="36875" /><G107/><T95/><D29/><U15/><E33/><V8/><F8/><W101/><G101/><T68/><D4/><U76/><E15/><N who="2" m="5551" /><F49/><N who="3" m="28727" /><G26/><T41/><D68/><U57/><E57/><V37/><F1/><W20/><G62/><T117/><D109/><U120/><E120/><V24/><F24/><W131/><G105/><T114/><D114/><U82/><E94/><V112/><F37/><W84/><G131/><T60/><D60/><U118/><E118/><V14/><F112/><W0/><G0/><T25/><D25/><U51/><REACH who="1" step="1"/><E47/><REACH who="1" ten="180,240,260,300" step="2"/><N who="2" m="25703" /><F14/><W27/><G12/><T102/><D117/><U116/><E116/><V2/><F2/><W11/><G11/><T23/><D102/><U3/><E3/><V56/><F56/><W125/><G125/><T21/><D123/><U42/><E42/><V45/><F45/><W83/><G83/><AGARI ba="1,2" hai="16,17,18,66,67,79,83,86" m="25703,5551" machi="83" ten="30,11600,0" yaku="25,1,8,1,52,1,54,1" doraHai="43" who="2" fromWho="3" sc="180,0,240,0,260,139,300,-119" /><INIT seed="2,2,0,5,3,29" ten="180,240,399,181" oya="2" hai0="105,126,121,44,74,20,2,4,68,64,43,46,114" hai1="65,25,8,5,52,42,95,56,83,28,108,98,12" hai2="128,125,109,1,3,54,77,76,101,15,50,70,103" hai3="26,90,41,58,40,36,0,62,32,9,49,79,35"/><V112/><F112/><W92/><G36/><T82/><D105/><U130/><E108/><V10/><F70/><W37/><G37/><T78/><D114/><U66/><E130/><V13/><F54/><W72/><G26/><T134/><D121/><U73/><E83/><V19/><F50/><W47/><G41/><T107/><D107/><U45/><E73/><V16/><F10/><W88/><G90/><T27/><D134/><U119/><E119/><V127/><REACH who="2" step="1"/><F109/><REACH who="2" ten="180,240,389,181" step="2"/><W71/><G71/><T89/><D68/><U94/><E42/><V129/><AGARI ba="2,1" hai="1,3,13,15,16,19,76,77,101,103,125,127,128,129" machi="129" ten="25,18000,2" yaku="1,1,2,1,0,1,22,2,54,1,53,0" doraHai="29" doraHaiUra="48" who="2" fromWho="2" sc="180,-62,240,-62,389,196,181,-62" /><INIT seed="2,3,0,5,1,67" ten="118,178,585,119" oya="2" hai0="47,123,75,120,130,53,26,116,100,46,95,106,59" hai1="64,8,57,7,77,128,98,50,135,102,129,76,6" hai2="10,3,48,127,91,107,5,61,134,54,29,80,60" hai3="35,104,85,84,108,11,38,118,105,36,21,92,32"/><V51/><F107/><W132/><G108/><T33/><D75/><U122/><E135/><V9/><F127/><W96/><G118/><T40/><D116/><U78/><E122/><V103/><F103/><W28/><G11/><T18/><D106/><U74/><E74/><V97/><F29/><W99/><G21/><T4/><D4/><U82/><E82/><V68/><F10/><W88/><G132/><T39/><D46/><U114/><E114/><V20/><F20/><W72/><G72/><T87/><D130/><N who="1" m="50283" /><E8/><V119/><F3/><W43/><G43/><T110/><D110/><U83/><E83/><V125/><F80/><W22/><G22/><T86/><D86/><U42/><E64/><V44/><F5/><W24/><G35/><T93/><D93/><N who="1" m="58703" /><E57/><V94/><F9/><W109/><G109/><T62/><D87/><U52/><E52/><V90/><F54/><W101/><REACH who="3" step="1"/><G105/><REACH who="3" ten="118,178,585,109" step="2"/><T16/><D123/><U115/><E115/><V45/><F119/><W27/><G27/><T71/><D120/><U117/><E117/><V12/><F134/><W121/><G121/><T34/><D26/><U23/><E23/><V19/><F125/><W41/><G41/><T55/><D33/><U131/><E131/><V56/><F12/><W30/><G30/><T1/><D34/><U89/><E42/><V113/><F113/><W2/><G2/><T13/><D1/><U14/><E14/><V37/><F19/><N who="0" m="7210" /><D13/><U65/><E7/><V58/><F37/><AGARI ba="3,1" hai="24,28,32,36,37,38,84,85,88,92,96,99,101,104" machi="37" ten="40,2600,0" yaku="1,1,54,1,53,0" doraHai="67" doraHaiUra="111" who="3" fromWho="2" sc="118,0,178,0,585,-35,109,45" /><INIT seed="3,0,0,5,5,135" ten="118,178,550,154" oya="3" hai0="59,47,119,97,102,51,84,103,4,98,106,89,7" hai1="99,48,40,115,69,77,88,37,32,1,96,70,124" hai2="74,50,5,94,41,25,112,120,78,73,57,86,31" hai3="105,95,82,27,129,87,0,54,71,46,110,44,49"/><W23/><G105/><T29/><D119/><U43/><E32/><V114/><F120/><W133/><G133/><T39/><D39/><U92/><E115/><V101/><F5/><W20/><G129/><T60/><D29/><U17/><E1/><V113/><F78/><W3/><G71/><T131/><D131/><U24/><E77/><V91/><F101/><W90/><G110/><T34/><D34/><U76/><E76/><V80/><F80/><W132/><G132/><T116/><D116/><U65/><E37/><V122/><F122/><W8/><G23/><T55/><D84/><U56/><E69/><V28/><F28/><W111/><G111/><T11/><D89/><U126/><E70/><V26/><F26/><W79/><G8/><T10/><D4/><U52/><E65/><V42/><F57/><W63/><G63/><T107/><REACH who="0" step="1"/><D7/><REACH who="0" ten="108,178,550,154" step="2"/><U134/><E134/><V30/><F30/><N who="3" m="17767" /><G0/><T2/><D2/><U36/><E99/><V121/><F121/><W9/><G3/><T6/><D6/><U16/><E36/><V45/><F31/><W108/><G108/><T68/><D68/><U22/><REACH who="1" step="1"/><E17/><REACH who="1" ten="108,168,550,154" step="2"/><V83/><F114/><W123/><G123/><T33/><D33/><U81/><E81/><V125/><F83/><W118/><G118/><T66/><AGARI ba="0,2" hai="10,11,47,51,55,59,60,66,97,98,102,103,106,107" machi="66" ten="20,5200,0" yaku="1,1,0,1,7,1,9,1,53,0" doraHai="135" doraHaiUra="67" who="0" fromWho="0" sc="108,72,168,-13,550,-13,154,-26" /><INIT seed="4,0,0,3,3,130" ten="180,155,537,128" oya="0" hai0="122,84,103,115,41,80,74,95,18,56,85,90,19" hai1="69,11,53,9,76,49,105,128,28,40,135,35,54" hai2="17,16,93,62,92,91,83,10,129,116,106,50,77" hai3="89,58,124,75,32,44,98,68,29,107,43,73,45"/><T86/><D122/><U64/><E128/><V133/><F106/><W104/><G124/><T24/><D115/><U15/><E105/><V112/><F133/><W102/><G107/><T132/><D74/><U78/><E9/><V46/><F112/><W2/><G45/><T67/><D41/><U117/><E117/><V70/><F116/><W26/><G58/><T27/><D132/><U4/><E35/><V87/><F93/><W31/><G31/><T1/><D1/><U96/><E28/><V88/><F91/><W63/><G89/><T42/><D42/><U126/><E126/><V100/><F100/><W79/><G79/><T101/><D101/><U47/><E135/><V110/><F110/><W34/><G34/><T120/><D103/><U7/><E7/><V66/><F10/><W5/><G5/><T118/><D120/><U123/><E96/><V8/><F8/><W36/><REACH who="3" step="1"/><G2/><REACH who="3" ten="180,155,537,118" step="2"/><T119/><D118/><U134/><E134/><V55/><F129/><W109/><G109/><T21/><D119/><U71/><E123/><V127/><F127/><W94/><G94/><T121/><D121/><U111/><E111/><V22/><F22/><W51/><G51/><T113/><D113/><U108/><E108/><V72/><AGARI ba="0,1" hai="16,17,46,50,55,62,66,70,72,77,83,87,88,92" machi="72" ten="20,5200,0" yaku="0,1,7,1,54,2" doraHai="130" who="2" fromWho="2" sc="180,-26,155,-13,537,62,118,-13" /><INIT seed="5,0,0,1,0,120" ten="154,142,599,105" oya="1" hai0="99,61,96,29,98,126,122,57,42,69,10,32,30" hai1="56,1,18,59,127,91,132,100,31,34,113,21,6" hai2="16,67,107,52,73,133,131,49,83,123,87,103,82" hai3="89,11,93,90,118,37,46,58,65,64,41,0,28"/><U81/><E113/><V39/><F39/><W117/><G28/><T2/><D69/><U108/><E127/><V47/><F131/><W44/><G11/><T119/><D119/><N who="3" m="45577" /><G0/><T102/><D102/><U3/><E132/><V17/><F49/><N who="3" m="26767" /><G93/><T76/><D76/><U70/><E70/><V13/><F47/><W20/><G20/><T60/><D42/><U77/><E108/><V71/><F52/><W12/><G12/><T75/><D75/><U101/><E91/><V9/><F67/><N who="3" m="25675" /><G90/><T84/><D2/><U23/><E34/><V19/><F87/><W68/><G89/><T135/><D84/><N who="1" m="48175" /><E6/><V125/><F83/><W97/><G97/><T22/><D32/><U106/><E106/><V7/><F82/><W109/><G68/><T114/><D98/><U95/><E3/><V40/><F107/><W112/><G112/><T54/><D114/><U94/><E1/><V115/><F7/><W51/><G109/><T111/><D111/><U85/><E31/><V134/><F73/><W45/><G37/><T86/><D30/><U104/><E104/><V4/><F4/><W124/><G124/><T14/><D126/><U33/><E33/><V121/><F125/><W129/><G129/><T24/><D86/><U27/><E23/><V74/><F115/><W88/><G88/><T50/><D99/><N who="1" m="59511" /><E85/><V110/><F110/><W63/><G51/><T36/><D36/><U105/><E105/><V72/><F74/><W116/><N who="3" m="45585" /><W26/><DORA hai="66" /><G26/><T15/><D96/><AGARI ba="0,0" hai="18,21,27,56,59,95,96,101" m="59511,48175" machi="96" ten="30,1500,0" yaku="8,1" doraHai="120,66" who="1" fromWho="0" sc="154,-15,142,15,599,0,105,0" /><INIT seed="5,1,0,4,2,27" ten="139,157,599,105" oya="1" hai0="33,108,19,59,66,129,11,44,17,0,47,111,133" hai1="48,103,131,7,12,13,43,83,60,114,97,71,20" hai2="99,88,9,4,15,95,107,135,82,109,110,134,67" hai3="96,86,57,80,8,63,31,77,113,49,45,32,118"/><U46/><E114/><V42/><F67/><W126/><G113/><T98/><D33/><U50/><E131/><V69/><F69/><W18/><G126/><T53/><D129/><U52/><E71/><V112/><F112/><W89/><G118/><T102/><D133/><N who="2" m="50698" /><F107/><W119/><G119/><T79/><D79/><U125/><E125/><V75/><F42/><W64/><G32/><T128/><D128/><U58/><E83/><V87/><F75/><W61/><G61/><T104/><D66/><U28/><E7/><V115/><F115/><W68/><G68/><T16/><D0/><U132/><E132/><V1/><F15/><N who="3" m="7527" /><G96/><T106/><D106/><U35/><E50/><V122/><F122/><W6/><G6/><T116/><D11/><U25/><REACH who="1" step="1"/><E35/><REACH who="1" ten="139,147,599,105" step="2"/><V76/><AGARI ba="1,1" hai="1,4,9,76,82,87,88,95,99,109,110" m="50698" machi="76" ten="30,2000,0" yaku="20,1,54,1" doraHai="27" who="2" fromWho="2" sc="139,-6,147,-11,599,33,105,-6" /><INIT seed="6,0,0,1,0,26" ten="133,136,632,99" oya="2" hai0="78,70,124,90,75,62,53,96,57,31,103,51,81" hai1="112,5,86,33,16,130,87,52,36,107,77,50,25" hai2="67,39,64,63,40,49,134,2,14,43,94,61,95" hai3="113,80,71,116,131,100,104,121,54,89,129,45,6"/><V128/><F14/><W42/><G6/><T20/><D124/><U37/><E107/><V11/><F49/><W97/><G71/><T98/><D90/><U17/><E112/><V76/><F11/><W135/><G54/><T13/><D103/><U34/><E130/><N who="3" m="49674" /><G45/><T91/><D91/><U72/><E72/><V65/><F65/><W93/><G42/><T83/><D83/><U79/><E5/><V106/><F63/><W23/><G23/><T88/><D88/><U1/><E25/><V48/><F61/><W127/><G127/><T30/><D13/><U35/><E35/><V119/><F48/><W29/><G113/><T110/><D110/><U15/><E50/><V117/><F67/><W24/><G116/><T21/><D21/><U102/><E102/><V74/><F64/><W101/><G121/><T19/><D70/><U99/><E15/><V73/><F43/><W111/><G111/><T115/><D115/><U123/><E123/><V3/><F40/><W32/><G135/><T18/><D62/><U55/><E99/><V38/><F134/><W58/><G104/><T9/><D9/><U120/><E120/><V22/><F22/><W92/><G58/><T28/><REACH who="0" step="1"/><D20/><REACH who="0" ten="123,136,632,99" step="2"/><U66/><E66/><V68/><F68/><W133/><G133/><T85/><D85/><U60/><E60/><V47/><F128/><W118/><G80/><T44/><D44/><U27/><E27/><V10/><F47/><W105/><G100/><T46/><D46/><U8/><E8/><V126/><F10/><W82/><G118/><T12/><D12/><U41/><E41/><RYUUKYOKU ba="0,1" sc="123,10,136,10,632,-30,99,10" hai0="18,19,28,30,31,51,53,57,75,78,81,96,98" hai1="1,16,17,33,34,36,37,52,55,77,79,86,87" hai3="24,29,32,82,89,92,93,97,101,105" /><INIT seed="7,1,1,4,5,48" ten="133,146,602,109" oya="3" hai0="122,110,108,43,51,55,82,1,4,35,96,75,49" hai1="66,44,80,124,123,90,34,103,107,60,120,16,129" hai2="30,10,118,104,114,64,11,113,81,24,8,25,78" hai3="50,67,126,47,45,97,58,88,72,92,94,95,131"/><W5/><G131/><T102/><D35/><U132/><E129/><V130/><F118/><W19/><G126/><T62/><D122/><U2/><E2/><V21/><F130/><W61/><G72/><T86/><D75/><U112/><E34/><N who="2" m="20807" /><F64/><W99/><G5/><T29/><D29/><U9/><E112/><N who="2" m="43115" /><F104/><W76/><G76/><T36/><D36/><U54/><E9/><V7/><F21/><W128/><G128/><T133/><D1/><U22/><E16/><V31/><F25/><W20/><G97/><T116/><D4/><U52/><E90/><V134/><F31/><W40/><REACH who="3" step="1"/><G45/><REACH who="3" ten="133,146,602,99" step="2"/><N who="0" m="25791" /><D116/><U41/><E124/><V93/><F78/><W14/><AGARI ba="1,2" hai="14,19,20,40,47,50,58,61,67,88,92,94,95,99" machi="14" ten="20,12000,1" yaku="1,1,0,1,7,1,8,1,54,1,53,0" doraHai="48" doraHaiUra="73" who="3" fromWho="3" sc="133,-41,146,-41,602,-41,99,143" /><INIT seed="7,2,0,0,2,79" ten="92,105,561,242" oya="3" hai0="101,55,114,132,10,107,37,67,54,102,71,70,22" hai1="133,30,40,1,66,115,72,89,17,18,113,98,92" hai2="135,64,74,120,105,90,41,15,60,44,48,121,129" hai3="127,111,85,53,8,103,23,20,19,39,49,14,62"/><W108/><G39/><T99/><D37/><U86/><E72/><V119/><F74/><W56/><G127/><T5/><D102/><U61/><E1/><V21/><F119/><W78/><G103/><T16/><D132/><U29/><E40/><V109/><F105/><W77/><G77/><T93/><D107/><U69/><E133/><V6/><F109/><W50/><G111/><T125/><D125/><U59/><E69/><V34/><F34/><W4/><G23/><T128/><D128/><U84/><E84/><V11/><F135/><W46/><G108/><T13/><D114/><N who="1" m="43531" /><E86/><V42/><F129/><W51/><G85/><T12/><REACH who="0" step="1"/><D71/><REACH who="0" ten="82,105,561,242" step="2"/><U7/><E7/><V52/><F21/><W57/><G20/><T73/><D73/><U118/><E118/><V75/><F52/><W87/><G4/><T58/><D58/><U63/><E63/><AGARI ba="2,1" hai="5,10,12,13,16,22,54,55,63,67,70,93,99,101" machi="63" ten="40,2600,0" yaku="1,1,54,1,53,0" doraHai="79" doraHaiUra="31" who="0" fromWho="1" sc="82,42,105,-32,561,0,242,0" owari="124,-27.6,73,-42.7,561,66.1,242,4.2" /></mjloggm>