<mjloggm ver="2.3"><GO type="169" lobby="0"/><UN n0="%79%61%6E%72%6F%75" n1="%E3%81%93%E3%81%94%E3%81%A6%E3%81%83%E3%83%BC" n2="%E3%83%8F%E3%82%BB%E3%81%B9" n3="%70%6F%6E%2D%65%6E" dan="16,16,16,16" rate="2167.46,2015.36,2034.97,2155.94" sx="M,M,M,F"/><TAIKYOKU oya="0"/><INIT seed="0,0,0,0,4,54" ten="250,250,250,250" oya="0" hai0="34,52,46,114,9,27,12,89,76,75,87,65,41" hai1="98,47,48,58,120,62,16,28,129,29,20,104,39" hai2="115,90,111,8,49,79,106,127,112,5,130,94,100" hai3="42,71,133,84,44,50,57,66,74,97,77,132,59"/><T119/><D114/><U18/><E120/><V125/><F79/><W55/><G74/><T3/><D119/><U53/><E39/><V36/><F36/><N who="3" m="21575" /><G97/><T81/><D65/><U96/><E129/><V85/><F130/><W134/><G84/><T10/><D3/><U122/><E122/><V0/><F111/><W7/><G7/><T17/><D41/><U123/><E123/><V78/><F78/><W19/><G19/><T99/><D99/><N who="1" m="37931" /><E104/><V26/><F26/><W128/><G77/><T32/><D27/><N who="1" m="14727" /><E18/><V15/><F100/><W82/><G82/><N who="0" m="49399" /><D9/><U11/><E11/><V126/><F106/><W93/><G93/><T92/><D92/><U73/><E73/><V124/><N who="2" m="31744" /><DORA hai="13" /><V116/><F116/><W67/><G128/><T102/><D102/><U4/><E4/><V118/><F118/><W61/><G67/><AGARI ba="0,0" hai="28,29,47,48,53,58,62,67" m="14727,37931" machi="67" ten="30,7700,0" yaku="8,1,52,2,54,1" doraHai="54,13" who="1" fromWho="3" sc="250,0,250,77,250,0,250,-77" /><INIT seed="1,0,0,5,4,79" ten="250,327,250,173" oya="1" hai0="9,41,39,59,87,121,103,104,62,18,86,64,135" hai1="28,77,15,2,119,34,115,49,52,29,66,61,91" hai2="67,118,112,96,130,93,3,0,102,5,90,6,84" hai3="40,38,16,111,129,46,60,109,33,128,117,83,98"/><U17/><E115/><V71/><F118/><W48/><G33/><T75/><D75/><U13/><E2/><V20/><F112/><W69/><G98/><T72/><D72/><U7/><E34/><V12/><F130/><N who="3" m="50283" /><G83/><T108/><D108/><N who="3" m="41545" /><G16/><T63/><D39/><U110/><E119/><V106/><F5/><W19/><G19/><T88/><D41/><U35/><E35/><V80/><F20/><W100/><G100/><T120/><D135/><U132/><E132/><V134/><F134/><W43/><G117/><T74/><D74/><U131/><E77/><V65/><F12/><W36/><G43/><T78/><D78/><U26/><E26/><V51/><F6/><W10/><G10/><T81/><D18/><U85/><E15/><V24/><F24/><W126/><G126/><T45/><D9/><N who="1" m="6319" /><E7/><V11/><F11/><W55/><G69/><T122/><D103/><U124/><E124/><V42/><F71/><W127/><G127/><T57/><D104/><U44/><E131/><V76/><F3/><W31/><G31/><T94/><D86/><U101/><E101/><V30/><F30/><W21/><G21/><T89/><D89/><U133/><E133/><V97/><F0/><W37/><G60/><T105/><D105/><U25/><E25/><V125/><F125/><W58/><AGARI ba="0,0" hai="36,37,38,40,46,48,55,58" m="41545,50283" machi="58" ten="30,7900,0" yaku="19,1,14,1,34,2" doraHai="79" who="3" fromWho="3" sc="250,-20,327,-39,250,-20,173,79" /><INIT seed="2,0,0,0,4,131" ten="230,288,230,252" oya="2" hai0="91,24,29,44,46,102,31,34,9,93,70,107,92" hai1="39,28,59,123,18,135,83,111,43,95,124,100,110" hai2="60,19,27,77,10,8,108,101,74,120,71,61,105" hai3="13,23,4,40,48,76,80,103,6,118,17,45,63"/><V96/><F120/><W116/><G103/><T125/><D125/><U51/><E39/><V21/><F74/><W5/><REACH who="3" step="1"/><G63/><REACH who="3" ten="230,288,230,242" step="2"/><T89/><D102/><U119/><E100/><V3/><F61/><W81/><G81/><T68/><D107/><U97/><E83/><V7/><F77/><W75/><AGARI ba="0,1" hai="4,5,6,13,17,23,40,45,48,75,76,80,116,118" machi="75" ten="30,2000,0" yaku="1,1,0,1,53,0" doraHai="131" doraHaiUra="62" who="3" fromWho="3" sc="230,-5,288,-5,230,-10,242,30" /><INIT seed="3,0,0,0,2,72" ten="225,283,220,272" oya="3" hai0="87,34,24,135,116,4,70,45,20,59,130,9,80" hai1="43,60,100,121,93,44,92,47,113,56,83,77,31" hai2="22,3,23,58,111,106,52,36,90,73,15,124,28" hai3="75,97,41,120,122,118,123,101,68,51,7,91,89"/><W110/><G68/><T85/><D70/><U8/><E121/><V86/><F106/><W127/><G7/><T2/><D130/><U10/><E113/><V21/><F73/><W103/><G41/><T61/><D135/><U55/><E31/><V102/><F36/><W119/><G51/><T129/><D129/><U71/><E71/><V62/><F3/><W17/><G17/><T27/><D116/><N who="3" m="44585" /><G127/><T78/><D34/><U29/><E29/><V94/><F124/><W74/><G110/><T95/><D45/><N who="1" m="17483" /><E93/><V37/><F37/><W81/><G103/><T88/><REACH who="0" step="1"/><D20/><REACH who="0" ten="215,283,220,272" step="2"/><U132/><E132/><V98/><F111/><W40/><G40/><T105/><D105/><U63/><E43/><V26/><REACH who="2" step="1"/><F15/><REACH who="2" ten="215,283,210,272" step="2"/><W54/><G122/><T16/><D16/><U66/><E10/><V18/><F18/><W53/><G123/><T11/><D11/><U64/><E8/><V117/><F117/><W82/><G120/><T99/><D99/><U107/><E107/><V109/><F109/><W19/><G97/><T5/><D5/><U114/><E114/><V33/><F33/><W79/><G19/><T49/><D49/><U104/><E104/><V42/><F42/><W46/><G46/><T57/><D57/><U30/><E56/><V13/><F13/><W39/><G39/><T14/><D14/><U134/><E134/><V76/><F76/><W108/><G79/><T69/><D69/><U96/><E77/><V128/><F128/><W131/><G131/><T12/><D12/><U84/><E30/><V112/><F112/><W126/><G108/><T6/><D6/><RYUUKYOKU ba="0,2" sc="215,15,283,-15,210,15,272,-15" hai0="2,4,9,24,27,59,61,78,80,85,87,88,95" hai2="21,22,23,26,28,52,58,62,86,90,94,98,102" /><INIT seed="4,1,2,3,2,45" ten="230,268,225,257" oya="0" hai0="111,10,3,6,93,103,124,76,0,118,77,49,73" hai1="85,82,36,41,97,112,107,81,66,87,58,71,128" hai2="117,27,38,20,105,92,32,4,13,11,84,123,15" hai3="40,33,65,86,114,54,60,35,101,24,2,31,43"/><T62/><D118/><U67/><E71/><V51/><F38/><W57/><G2/><T72/><D0/><U135/><E41/><V55/><F105/><W19/><G114/><T14/><D124/><U47/><E47/><V90/><F117/><W126/><G126/><T25/><D111/><U133/><E36/><V132/><F32/><W46/><G35/><T7/><D25/><U129/><E58/><V78/><F92/><W39/><G101/><T18/><D62/><U113/><E97/><V23/><F78/><N who="0" m="30314" /><D72/><U91/><E107/><V119/><F123/><W104/><G104/><T80/><D80/><U70/><E70/><V16/><F119/><W98/><G98/><N who="0" m="59855" /><D3/><U115/><E67/><V56/><F132/><N who="1" m="50761" /><E66/><V68/><F68/><W37/><G86/><T12/><D73/><U134/><E134/><V28/><F84/><W106/><G106/><T79/><N who="0" m="30322" /><AGARI ba="1,2" hai="79,81,82,85,87,91,112,113,115,128,129" m="50761" machi="79" ten="40,12000,2" yaku="3,1,15,1,11,1,20,1,34,2" doraHai="45" who="1" fromWho="0" sc="230,-123,268,143,225,0,257,0" /><INIT seed="5,0,0,0,5,61" ten="107,411,225,257" oya="1" hai0="58,97,34,130,110,106,64,35,52,29,123,27,71" hai1="94,101,111,19,5,20,85,108,89,40,87,93,69" hai2="83,74,112,133,124,63,49,43,4,21,129,59,46" hai3="126,8,76,96,81,122,62,116,28,132,22,33,38"/><U32/><E32/><V67/><F133/><W39/><G122/><T77/><D110/><N who="1" m="42027" /><E5/><V98/><F124/><W100/><G126/><T60/><D130/><U135/><E40/><V10/><F129/><W105/><G132/><T36/><D123/><U24/><E69/><V134/><F134/><W51/><G116/><T48/><D77/><U17/><E135/><V15/><F112/><W88/><G22/><T55/><D55/><U119/><E119/><V90/><F74/><W80/><G51/><T23/><REACH who="0" step="1"/><D36/><REACH who="0" ten="97,411,225,257" step="2"/><U82/><E82/><V128/><F128/><W30/><G76/><T16/><D16/><N who="1" m="12295" /><E85/><V2/><F83/><W95/><G80/><T121/><D121/><U127/><E127/><V117/><F117/><W44/><G81/><T3/><D3/><U53/><E53/><V9/><F2/><W41/><G39/><T103/><AGARI ba="0,1" hai="23,27,29,34,35,48,52,58,60,64,71,97,103,106" machi="103" ten="30,12000,2" yaku="1,1,0,1,52,1,54,1,53,2" doraHai="61" doraHaiUra="31" who="0" fromWho="0" sc="97,130,411,-60,225,-30,257,-30" /><INIT seed="6,0,0,4,2,101" ten="227,351,195,227" oya="2" hai0="114,39,21,68,105,30,0,75,107,24,45,64,61" hai1="28,92,100,11,71,13,48,33,119,35,46,31,58" hai2="5,25,3,34,98,82,14,130,63,1,94,126,85" hai3="66,69,125,62,90,55,131,23,42,87,8,9,26"/><V120/><F120/><W36/><G125/><T2/><D75/><U22/><E119/><V59/><F126/><W6/><G131/><T44/><D44/><U43/><E71/><V80/><F130/><W19/><G55/><T52/><D114/><U76/><E76/><V49/><F49/><W91/><G91/><T113/><D113/><U41/><E41/><V79/><F82/><W57/><G69/><T29/><D29/><U74/><E74/><V123/><F123/><W12/><G36/><T17/><D17/><U15/><E33/><V60/><F60/><W103/><G103/><T133/><D133/><U111/><E35/><V108/><F108/><W83/><REACH who="3" step="1"/><G8/><REACH who="3" ten="227,351,195,217" step="2"/><T72/><D52/><U16/><E111/><V116/><F116/><W124/><G124/><T104/><REACH who="0" step="1"/><D72/><REACH who="0" ten="217,351,195,217" step="2"/><U93/><E43/><AGARI ba="0,2" hai="6,9,12,19,23,26,42,43,57,62,66,83,87,90" machi="43" ten="40,2600,0" yaku="1,1,8,1,53,0" doraHai="101" doraHaiUra="129" who="3" fromWho="1" sc="217,0,351,-26,195,0,217,46" /><AGARI ba="0,0" hai="0,2,21,24,30,39,43,45,61,64,68,104,105,107" machi="43" ten="40,8000,1" yaku="1,1,2,1,52,3,53,0" doraHai="101" doraHaiUra="129" who="0" fromWho="1" sc="217,80,325,-80,195,0,263,0" /><INIT seed="7,0,0,2,2,109" ten="297,245,195,263" oya="3" hai0="70,55,11,130,86,102,76,24,17,100,119,89,15" hai1="57,60,45,33,88,117,49,22,101,7,124,77,28" hai2="97,108,73,62,51,71,5,58,44,94,126,38,16" hai3="47,8,30,14,127,3,112,111,134,98,75,69,59"/><W42/><G69/><T29/><D130/><U85/><E33/><V43/><F108/><W120/><G120/><T104/><D104/><U66/><E117/><V121/><F73/><W1/><G75/><T52/><D70/><U131/><E131/><V39/><F121/><W23/><G59/><T4/><D76/><U93/><E124/><V68/><F5/><W106/><G98/><T65/><D65/><U64/><E7/><V61/><F126/><W10/><G47/><T83/><D119/><U129/><E129/><V63/><F16/><W72/><G42/><T133/><D133/><U96/><E77/><V48/><F94/><W34/><G106/><T27/><D4/><U92/><E22/><V12/><F12/><W40/><G40/><T118/><D118/><U91/><E28/><V128/><F97/><W46/><G46/><T82/><D83/><U41/><REACH who="1" step="1"/><E66/><REACH who="1" ten="297,235,195,263" step="2"/><V107/><F128/><W81/><G23/><N who="0" m="15519" /><D27/><U132/><E132/><V74/><F74/><W110/><G30/><T122/><D122/><U116/><E116/><V123/><F123/><W25/><G10/><T78/><D78/><U135/><E135/><V80/><F107/><W105/><G8/><T90/><D11/><U53/><E53/><N who="2" m="32039" /><F80/><W36/><G81/><N who="0" m="49359" /><D55/><U50/><E50/><V32/><F32/><W87/><G34/><T67/><D52/><U18/><E18/><V37/><AGARI ba="0,1" hai="37,38,39,43,44,51,61,62,63,68,71" m="32039" machi="37" ten="40,8000,1" yaku="35,5" doraHai="109" who="2" fromWho="2" sc="297,-20,235,-20,195,90,263,-40" /><INIT seed="8,0,0,3,0,92" ten="277,215,285,223" oya="0" hai0="63,20,62,30,56,60,130,95,36,70,35,12,85" hai1="128,96,10,58,90,91,99,105,112,43,16,13,53" hai2="54,39,78,0,94,88,11,126,82,104,87,98,123" hai3="21,59,81,118,73,5,124,110,116,132,80,120,75"/><T17/><D70/><U114/><E43/><V22/><F123/><W51/><G5/><T71/><D36/><U135/><E105/><V41/><F126/><W37/><G37/><T14/><D71/><U101/><E135/><V69/><F54/><N who="3" m="32223" /><G110/><T129/><D12/><U77/><E77/><V48/><F69/><W19/><G124/><T45/><D45/><U61/><E128/><N who="0" m="49257" /><D30/><U89/><REACH who="1" step="1"/><E101/><REACH who="1" ten="277,205,285,223" step="2"/><V64/><F104/><W46/><G132/><T55/><D35/><U68/><E68/><V106/><F106/><W100/><G100/><T119/><D119/><U133/><E133/><V122/><F122/><W28/><G120/><T121/><D121/><U108/><E108/><V76/><F76/><W6/><G118/><T7/><D7/><U33/><E33/><V127/><F127/><W57/><G6/><T111/><D111/><U72/><E72/><V15/><F41/><W131/><G75/><T18/><D17/><U113/><AGARI ba="0,1" hai="10,13,16,53,58,61,89,90,91,96,99,112,113,114" machi="113" ten="40,12000,2" yaku="1,1,0,1,11,1,52,2,54,1,53,0" doraHai="92" doraHaiUra="23" who="1" fromWho="1" sc="277,-60,205,130,285,-30,223,-30" owari="217,-18.3,335,43.5,255,5.5,193,-30.7" /></mjloggm>