<mjloggm ver="2.3"><GO type="169" lobby="0"/><UN n0="%E9%81%A0%E8%BF%91%E9%99%B0%E6%99%B4%E7%9A%86%E5%85%A5%E5%BF%83" n1="%45%6C%66%51%75%65%65%6E" n2="%E3%82%B9%E3%82%AB%E3%83%9D%E3%83%B3" n3="%E5%B0%8F%E6%B3%89%E3%83%81%E3%83%AB%E3%83%89%E3%83%AC%E3%83%B3" dan="17,16,17,16" rate="2176.34,2016.60,2220.51,2099.60" sx="F,F,M,M"/><TAIKYOKU oya="0"/><INIT seed="0,0,0,4,4,104" ten="250,250,250,250" oya="0" hai0="115,32,55,109,127,99,129,96,67,108,40,112,101" hai1="31,25,128,118,27,81,85,97,59,56,42,93,125" hai2="120,111,82,106,75,121,110,64,11,124,60,107,7" hai3="102,72,6,66,98,26,131,133,62,1,65,78,49"/><T113/><D32/><U28/><E118/><V22/><F22/><W92/><G131/><T89/><D40/><U87/><E128/><V23/><F23/><W41/><G133/><T91/><D55/><U33/><E42/><V57/><F124/><W43/><G65/><T79/><D67/><U76/><E87/><V122/><F82/><W105/><G26/><T51/><D51/><U130/><E130/><V119/><F119/><W14/><G1/><T21/><D21/><U38/><E38/><V12/><REACH who="2" step="1"/><F75/><REACH who="2" ten="250,250,240,250" step="2"/><W13/><G72/><T88/><D129/><U95/><E125/><V61/><F61/><W37/><G62/><T71/><D127/><U30/><E33/><V24/><F24/><N who="1" m="9289" /><E95/><V58/><F58/><W134/><G92/><N who="0" m="58503" /><D71/><U29/><E29/><V103/><F103/><AGARI ba="0,1" hai="28,30,31,56,59,76,81,85,93,97,103" m="9289" machi="103" ten="30,1000,0" yaku="8,1" doraHai="104" who="1" fromWho="2" sc="250,0,250,20,240,-10,250,0" /><INIT seed="1,0,0,0,3,19" ten="250,270,230,250" oya="1" hai0="76,59,56,89,33,124,109,65,28,6,14,80,8" hai1="24,53,127,64,107,55,123,40,121,62,35,125,69" hai2="73,79,106,91,68,129,17,5,54,29,85,70,20" hai3="132,27,45,49,86,112,115,0,12,128,126,133,7"/><U36/><E107/><V3/><F129/><W95/><G86/><T135/><D109/><U37/><E24/><V122/><F122/><N who="1" m="46601" /><E35/><V110/><F110/><W50/><G95/><T101/><D135/><N who="3" m="51785" /><G50/><T22/><D124/><N who="1" m="47691" /><E40/><V44/><F29/><W15/><G126/><T32/><D101/><U100/><E100/><V42/><F106/><W105/><G105/><T84/><D33/><U67/><E67/><V60/><F73/><W97/><G27/><N who="0" m="16503" /><D32/><U46/><E46/><V102/><F102/><W75/><G45/><T90/><D65/><U82/><E82/><V111/><F111/><W98/><G75/><T63/><D63/><U108/><E108/><V25/><F60/><W26/><G26/><T43/><D43/><U23/><E23/><V10/><F42/><W4/><G128/><T99/><D99/><N who="3" m="37897" /><G49/><T103/><D103/><U130/><E130/><V113/><F25/><W66/><G66/><T51/><D51/><U72/><E72/><V31/><F31/><W47/><G47/><T34/><D34/><U21/><E21/><V30/><F20/><W117/><G117/><T71/><D71/><U94/><E94/><V116/><F116/><W38/><G38/><AGARI ba="0,0" hai="36,37,38,53,55,62,64,69" m="47691,46601" machi="38" ten="40,7700,0" yaku="18,1,34,2" doraHai="19" who="1" fromWho="3" sc="250,0,270,77,230,0,250,-77" /><INIT seed="1,1,0,0,4,58" ten="250,347,230,173" oya="1" hai0="86,100,16,43,71,128,31,91,32,40,124,126,57" hai1="25,74,129,127,101,97,3,106,75,53,69,34,24" hai2="122,55,102,120,56,35,54,95,98,47,4,62,73" hai3="68,80,114,131,39,1,83,72,79,85,59,123,109"/><U48/><E3/><V115/><F115/><W11/><G123/><T125/><D71/><U118/><E118/><V18/><F73/><W60/><G114/><T113/><D113/><U117/><E117/><V6/><F35/><W41/><G109/><T77/><D128/><U65/><E129/><V93/><F122/><W50/><G68/><T28/><D100/><U66/><E66/><V96/><F18/><W5/><G131/><T0/><D0/><U17/><E17/><V135/><F135/><W88/><G39/><T61/><D77/><U104/><E104/><V44/><F120/><W84/><G41/><N who="0" m="15947" /><D32/><U37/><E37/><V112/><F112/><W110/><G50/><T45/><D45/><N who="2" m="17482" /><F54/><W36/><G36/><T27/><D27/><U108/><E24/><V10/><F10/><W29/><G110/><T7/><D7/><U116/><E116/><V67/><F55/><W12/><G29/><T30/><D16/><U103/><E108/><V94/><F94/><W90/><G1/><T23/><D23/><U21/><E21/><V92/><F92/><W63/><G59/><T51/><D51/><U82/><E75/><V20/><F20/><W2/><G2/><T133/><D133/><U14/><E74/><V134/><F134/><W26/><G26/><T119/><D119/><U46/><E25/><V111/><F111/><W132/><G132/><T89/><D86/><U64/><E34/><V78/><F78/><W33/><G33/><T107/><D107/><U99/><E106/><V15/><F15/><W76/><G76/><T8/><D8/><U38/><E38/><RYUUKYOKU ba="1,0" sc="250,10,347,-30,230,10,173,10" hai0="28,30,31,57,61,89,91,124,125,126" hai2="4,6,56,62,67,93,95,96,98,102" hai3="5,11,12,60,63,72,79,80,83,84,85,88,90" /><INIT seed="2,2,0,2,1,83" ten="260,317,240,183" oya="2" hai0="53,62,50,69,54,60,97,19,111,22,14,73,114" hai1="109,32,76,70,103,113,48,23,41,126,31,49,122" hai2="64,94,1,134,91,25,117,104,87,56,20,55,85" hai3="131,46,63,128,107,45,100,115,119,47,57,8,27"/><V99/><F117/><W135/><G119/><T127/><D114/><U43/><E113/><V124/><F134/><W121/><G115/><T33/><D73/><U18/><E32/><V34/><F124/><W75/><G75/><T51/><D33/><U9/><E109/><V38/><F38/><W15/><G107/><T82/><D111/><U81/><E126/><V39/><F39/><W106/><G106/><T86/><D127/><U80/><E70/><V95/><F1/><W105/><G105/><T96/><D69/><U110/><E110/><V58/><F104/><W30/><G100/><T67/><D67/><U71/><E71/><V74/><F74/><W21/><G121/><T88/><D60/><U11/><E103/><V59/><F34/><W93/><G93/><T4/><D4/><U16/><E31/><V26/><F26/><W116/><G135/><T12/><D12/><U17/><E23/><V42/><F42/><N who="1" m="15881" /><E122/><V29/><F95/><W112/><G116/><T65/><D65/><U28/><E28/><V72/><F72/><W0/><G0/><T101/><D101/><U125/><E125/><V36/><F36/><W35/><G35/><T77/><D62/><U3/><E3/><V102/><F64/><N who="3" m="39023" /><G112/><T132/><D132/><U68/><E68/><V2/><F2/><W7/><G131/><T52/><D77/><U79/><E76/><V89/><F55/><W13/><G13/><T90/><D90/><AGARI ba="2,0" hai="20,25,29,56,58,59,85,87,89,90,91,94,99,102" machi="90" ten="40,7700,0" yaku="8,1,52,2" doraHai="83" who="2" fromWho="0" sc="260,-83,317,0,240,83,183,0" /><INIT seed="2,3,0,4,5,66" ten="177,317,323,183" oya="2" hai0="120,134,14,113,51,38,28,103,6,9,45,24,72" hai1="61,13,83,43,23,4,69,31,117,26,25,16,71" hai2="36,46,135,125,130,85,76,105,18,92,1,91,114" hai3="123,49,0,3,56,112,32,118,39,99,59,110,97"/><V111/><F114/><W22/><G118/><T101/><D113/><U93/><E117/><V132/><F1/><W115/><G123/><T80/><D120/><U104/><E104/><V7/><F7/><W53/><G32/><T133/><D38/><U84/><E43/><V2/><F2/><W37/><G22/><T35/><D72/><U78/><E93/><V64/><F18/><W30/><G49/><T29/><D29/><U21/><REACH who="1" step="1"/><E61/><REACH who="1" ten="177,307,323,183" step="2"/><V17/><F105/><W116/><G116/><T68/><D80/><U90/><E90/><V107/><F107/><W128/><G115/><T5/><D101/><U73/><E73/><V33/><F91/><W50/><G112/><T121/><D103/><U75/><E75/><V81/><F92/><W11/><G37/><T94/><D94/><U96/><E96/><V52/><F81/><W108/><G39/><T119/><D119/><U58/><E58/><V77/><F36/><W20/><G97/><T98/><D98/><U19/><E19/><V55/><F17/><W88/><G59/><T79/><D121/><U47/><E47/><V63/><F46/><W95/><G128/><T15/><D79/><U102/><E102/><V62/><F77/><W127/><G127/><T87/><D87/><U131/><E131/><V12/><F85/><W42/><G42/><T8/><REACH who="0" step="1"/><D68/><REACH who="0" ten="167,307,323,183" step="2"/><U27/><E27/><V126/><F76/><W122/><G122/><T86/><D86/><U65/><E65/><V48/><F130/><W89/><G99/><T67/><D67/><U100/><E100/><V41/><F64/><W10/><G95/><RYUUKYOKU ba="3,2" sc="167,15,307,15,323,-15,183,-15" hai0="5,6,8,9,14,15,24,28,35,45,51,133,134" hai1="4,13,16,21,23,25,26,31,69,71,78,83,84" /><INIT seed="3,4,2,3,3,59" ten="182,322,308,168" oya="3" hai0="69,77,122,95,34,13,2,19,130,66,16,45,99" hai1="106,87,41,4,27,7,86,100,134,127,36,8,43" hai2="75,73,118,124,26,9,111,20,81,17,12,67,57" hai3="21,46,90,68,135,82,104,30,44,105,101,132,131"/><W91/><G68/><T3/><D122/><U49/><E36/><V121/><F111/><W116/><G116/><T48/><D34/><U97/><E127/><V115/><F115/><W6/><G6/><T11/><D130/><U85/><E134/><N who="3" m="51242" /><G131/><T18/><D69/><U50/><E27/><V31/><F118/><W1/><G1/><T54/><D77/><U71/><E71/><V128/><F121/><W60/><G60/><T47/><D66/><U64/><E64/><V14/><F124/><W109/><G109/><T110/><D110/><U56/><E4/><V38/><F38/><W76/><G21/><T112/><D112/><U93/><E106/><N who="3" m="41066" /><G30/><T32/><D32/><U114/><E114/><V61/><F128/><W96/><G44/><T72/><D72/><U74/><E74/><V102/><F102/><W29/><G46/><T120/><D120/><U133/><E133/><V119/><F119/><W107/><G29/><T0/><REACH who="0" step="1"/><D45/><REACH who="0" ten="172,322,308,168" step="2"/><U62/><E56/><V129/><F129/><W103/><G103/><AGARI ba="4,3" hai="0,2,3,11,13,16,18,19,47,48,54,95,99,103" machi="103" ten="40,8000,1" yaku="1,1,2,1,54,1,53,1" doraHai="59" doraHaiUra="51" who="0" fromWho="3" sc="172,122,322,0,308,0,168,-92" /><INIT seed="4,0,0,2,3,41" ten="294,322,308,76" oya="0" hai0="50,93,62,76,47,52,97,63,56,121,30,2,133" hai1="112,4,103,33,79,27,5,135,32,6,17,61,11" hai2="72,51,89,46,119,90,59,108,15,127,116,122,106" hai3="69,102,99,132,82,113,85,8,65,43,71,19,3"/><T45/><D121/><U16/><E103/><V131/><F108/><W124/><G113/><T109/><D2/><U7/><E79/><V10/><F122/><W38/><G124/><T40/><D109/><U0/><E61/><V18/><F127/><W39/><G132/><T123/><D123/><U60/><E60/><V26/><F131/><W35/><G35/><N who="1" m="13386" /><E135/><V14/><F106/><W107/><G65/><T9/><D133/><U31/><E112/><V54/><F72/><W74/><G19/><T73/><D30/><U34/><AGARI ba="0,0" hai="0,4,5,6,7,11,16,17,27,31,34" m="13386" machi="34" ten="30,12000,2" yaku="35,5,54,1" doraHai="41" who="1" fromWho="1" sc="294,-60,322,120,308,-30,76,-30" /><INIT seed="5,0,0,2,0,112" ten="234,442,278,46" oya="1" hai0="39,13,44,118,37,49,36,52,110,124,122,81,3" hai1="104,135,79,60,90,78,106,114,94,130,38,8,4" hai2="100,62,16,43,69,108,59,66,41,72,98,65,71" hai3="12,87,82,107,127,125,89,9,61,99,91,18,75"/><U80/><E38/><V84/><F108/><W76/><G61/><T21/><D110/><U101/><E114/><V128/><F128/><W23/><G9/><T42/><D3/><U93/><E60/><V96/><F72/><W5/><G5/><T51/><D124/><U11/><E130/><V27/><F84/><W26/><G26/><T10/><D122/><U121/><E121/><V0/><F0/><W48/><G89/><T73/><D21/><U33/><E33/><V134/><F134/><W95/><REACH who="3" step="1"/><G48/><REACH who="3" ten="234,442,278,36" step="2"/><T85/><D73/><U55/><E4/><V29/><F62/><W17/><G17/><T47/><D118/><U53/><E90/><V109/><F16/><W83/><G83/><T63/><D63/><U111/><E80/><V30/><F27/><W35/><G35/><T40/><D81/><U120/><E120/><V119/><F119/><W64/><G64/><T67/><D67/><U77/><E77/><V102/><BYE who="1" /><F66/><W131/><G131/><T31/><D31/><U32/><E32/><V28/><F65/><W24/><G24/><T70/><D70/><U22/><E22/><V116/><F71/><UN n1="%45%6C%66%51%75%65%65%6E" /><W117/><G117/><T46/><REACH who="0" step="1"/><D85/><REACH who="0" ten="224,442,278,36" step="2"/><U68/><E8/><V132/><F69/><W34/><G34/><T126/><D126/><U50/><E68/><V7/><F116/><W57/><G57/><T2/><D2/><U86/><E11/><V92/><F59/><W113/><G113/><T103/><D103/><AGARI ba="0,2" hai="12,18,23,75,76,82,87,91,95,99,103,107,125,127" machi="103" ten="40,5200,0" yaku="1,1,24,2,53,0" doraHai="112" doraHaiUra="20" who="3" fromWho="0" sc="224,-52,442,0,278,0,36,72" /><INIT seed="6,0,0,0,1,109" ten="172,442,278,108" oya="2" hai0="125,75,10,7,16,76,67,65,89,26,35,98,0" hai1="74,90,115,2,78,55,66,57,72,133,19,124,113" hai2="91,103,6,70,83,122,111,45,79,25,102,36,1" hai3="8,120,131,129,61,56,11,21,107,40,108,101,30"/><V134/><F122/><W106/><G108/><T73/><D125/><U4/><E124/><V9/><F134/><W32/><G40/><T93/><D76/><U127/><E127/><V14/><F70/><W71/><G120/><T69/><D69/><U23/><E133/><V58/><F111/><W42/><G42/><T50/><D50/><U60/><E90/><V63/><F91/><W12/><G32/><T88/><D89/><U121/><E121/><V81/><F81/><W29/><G71/><T92/><D92/><U94/><E94/><V80/><F80/><W22/><G12/><T128/><D128/><U68/><E78/><V37/><F25/><W77/><G56/><T82/><D82/><U3/><E4/><V85/><F1/><W47/><G47/><T53/><D53/><U34/><E34/><V116/><F116/><W41/><G41/><T33/><D33/><U5/><E5/><V130/><F130/><W104/><G104/><T27/><D27/><N who="1" m="14847" /><E2/><V48/><F37/><W43/><G43/><T97/><D97/><U49/><E3/><V15/><F15/><W62/><REACH who="3" step="1"/><G77/><REACH who="3" ten="172,442,278,98" step="2"/><T13/><D35/><U119/><E119/><V18/><F36/><W38/><G38/><T46/><D46/><U87/><E68/><V135/><F135/><W59/><G59/><T44/><D44/><U17/><E57/><V86/><F45/><W114/><G114/><T31/><D26/><U99/><E115/><V123/><F58/><W20/><G20/><T28/><D28/><U100/><E113/><V110/><F79/><W112/><G112/><T105/><D105/><RYUUKYOKU ba="0,1" sc="172,-10,442,-10,278,-10,98,30" hai3="8,11,21,22,29,30,61,62,101,106,107,129,131" /><BYE who="0" /><UN n0="%E9%81%A0%E8%BF%91%E9%99%B0%E6%99%B4%E7%9A%86%E5%85%A5%E5%BF%83" /><INIT seed="7,1,1,2,5,8" ten="162,432,268,128" oya="3" hai0="27,45,78,31,127,12,50,117,134,17,126,33,132" hai1="71,18,84,107,109,85,116,135,119,89,98,130,103" hai2="15,101,47,61,51,44,40,111,81,86,128,22,49" hai3="104,59,79,6,16,67,83,80,5,38,66,92,99"/><W129/><G129/><T46/><D78/><U91/><E71/><V100/><F111/><W75/><G38/><T97/><D97/><U32/><E32/><V35/><F128/><W105/><G83/><T131/><D131/><U11/><E109/><V13/><F35/><W64/><G59/><T60/><D60/><U55/><E130/><V28/><F61/><W52/><G52/><N who="0" m="29775" /><D46/><U114/><E55/><N who="2" m="30119" /><F28/><W39/><G39/><T19/><D117/><U7/><E114/><V63/><F22/><W70/><G70/><T118/><D118/><N who="1" m="45099" /><E18/><N who="0" m="6665" /><D12/><N who="2" m="4682" /><F63/><W54/><G16/><T93/><D93/><U124/><E107/><V21/><F21/><W120/><G54/><T29/><D29/><U76/><E11/><V88/><AGARI ba="1,1" hai="40,47,51,81,86,88,100,101" m="4682,30119" machi="88" ten="30,8000,1" yaku="8,1,52,3,54,1" doraHai="8" who="2" fromWho="2" sc="162,-21,432,-21,268,93,128,-41" owari="141,-25.9,411,51.1,361,16.1,87,-41.3" /></mjloggm>