<mjloggm ver="2.3"><GO type="169" lobby="0"/><UN n0="%41%6D%69%63%68%61%6E" n1="%E3%81%A6%E3%81%A4%EF%BC%A3" n2="%63%2E%63%2D%76%2E%76" n3="%73%61%69%63%68%61%6E%7A" dan="16,16,17,17" rate="2083.73,2131.92,2230.95,2150.76" sx="F,M,F,M"/><TAIKYOKU oya="0"/><INIT seed="0,0,0,4,4,83" ten="250,250,250,250" oya="0" hai0="122,80,13,109,65,121,89,8,72,108,35,95,15" hai1="131,111,113,127,134,42,74,126,7,104,40,57,115" hai2="26,62,100,110,117,59,84,91,96,76,20,41,3" hai3="106,21,81,128,31,94,63,103,86,118,2,101,70"/><T55/><D35/><U60/><E74/><V33/><F110/><N who="0" m="42602" /><D65/><N who="1" m="39055" /><E104/><V4/><F41/><N who="1" m="15977" /><E7/><V132/><F33/><W17/><G118/><T47/><D72/><U29/><E29/><V61/><F117/><W78/><G106/><T71/><D80/><U43/><E111/><V39/><F4/><W123/><G123/><T102/><D102/><U9/><E9/><V105/><F39/><W98/><G2/><T79/><D79/><U64/><E64/><V130/><F3/><W25/><G103/><T107/><D107/><U119/><E119/><V1/><F1/><W46/><G128/><T99/><D71/><U87/><E87/><V0/><F0/><W36/><G70/><T135/><D135/><U16/><E16/><V12/><F130/><W92/><G31/><T52/><D15/><U45/><E134/><V116/><F12/><W34/><G34/><T48/><D55/><U50/><E131/><V19/><F132/><W10/><G94/><T66/><D66/><U53/><N who="1" m="15985" /><U68/><DORA hai="11" /><E68/><V14/><F14/><W30/><G81/><T28/><D28/><U27/><E27/><V37/><F105/><W32/><G30/><T6/><AGARI ba="0,0" hai="6,8,13,47,48,52,89,95,99,121,122" m="42602" machi="6" ten="30,11700,0" yaku="14,1,10,1,52,1,54,1" doraHai="83,11" who="0" fromWho="0" sc="250,117,250,-39,250,-39,250,-39" /><INIT seed="0,1,0,3,1,41" ten="367,211,211,211" oya="0" hai0="111,38,53,42,107,127,78,119,29,63,23,85,91" hai1="39,118,96,3,114,82,113,101,131,108,71,60,133" hai2="67,59,132,16,64,87,26,81,50,31,103,125,25" hai3="20,106,129,69,33,135,19,88,83,98,18,92,32"/><T68/><D119/><U122/><RYUUKYOKU type="yao9" ba="1,0" sc="367,0,211,0,211,0,211,0" hai1="3,39,60,71,82,96,101,108,113,114,118,122,131,133" /><INIT seed="0,2,0,4,1,116" ten="367,211,211,211" oya="0" hai0="130,11,33,62,98,38,52,104,81,8,56,125,100" hai1="64,135,63,34,65,114,117,61,27,79,92,84,97" hai2="122,72,80,10,113,30,108,131,90,94,82,99,37" hai3="4,19,13,70,12,1,109,46,36,47,102,120,66"/><T16/><D125/><U39/><E117/><V60/><F113/><W22/><G109/><T74/><D130/><U6/><E114/><V126/><F131/><W23/><G1/><T17/><D38/><U107/><E135/><V96/><F108/><W57/><G70/><T25/><D74/><U128/><E39/><V76/><F126/><W129/><G129/><T54/><D81/><U58/><E128/><V28/><F37/><W87/><G102/><T5/><D8/><U89/><E6/><V14/><F122/><W51/><G120/><T127/><D127/><U95/><E107/><V106/><F60/><W20/><G36/><T103/><D103/><U32/><E27/><V124/><F124/><W40/><G47/><T50/><D33/><U48/><E48/><V88/><F106/><W9/><G66/><T71/><D25/><U91/><REACH who="1" step="1"/><E79/><REACH who="1" ten="367,201,211,211" step="2"/><V18/><REACH who="2" step="1"/><F80/><REACH who="2" ten="367,201,201,211" step="2"/><W21/><G87/><T86/><D86/><U59/><AGARI ba="2,2" hai="32,34,58,59,61,63,64,65,84,89,91,92,95,97" machi="59" ten="20,8000,1" yaku="1,1,2,1,0,1,7,1,9,1,53,0" doraHai="116" doraHaiUra="69" who="1" fromWho="1" sc="367,-42,201,106,201,-22,211,-22" /><INIT seed="1,0,0,1,3,39" ten="325,307,179,189" oya="1" hai0="31,109,89,103,45,15,119,80,73,61,57,97,113" hai1="104,43,12,11,130,3,42,38,40,117,25,93,28" hai2="10,112,116,91,122,7,53,134,19,100,87,111,50" hai3="68,33,84,124,131,29,75,1,37,65,120,83,107"/><U22/><E117/><V0/><F116/><W88/><RYUUKYOKU type="yao9" ba="0,0" sc="325,0,307,0,179,0,189,0" hai3="1,29,33,37,65,68,75,83,84,88,107,120,124,131" /><INIT seed="1,1,0,4,4,75" ten="325,307,179,189" oya="1" hai0="119,69,99,40,116,46,90,42,49,76,111,85,109" hai1="124,43,115,98,29,18,82,120,89,0,47,107,14" hai2="68,41,129,45,118,132,1,21,27,93,64,97,125" hai3="126,13,123,61,5,134,16,101,10,105,52,128,117"/><U106/><E120/><V60/><F118/><W34/><G123/><T96/><D69/><U48/><E115/><V114/><F125/><W33/><G117/><T122/><D122/><U66/><E124/><V58/><F129/><W80/><G126/><T81/><D119/><U127/><E127/><V94/><F132/><W70/><G128/><T73/><D116/><U108/><E0/><V91/><F1/><W55/><G134/><T31/><D31/><U35/><E108/><N who="0" m="41545" /><D42/><U15/><E66/><V7/><F7/><W32/><G5/><T88/><D90/><U38/><E38/><V104/><F104/><W54/><G80/><AGARI ba="1,0" hai="40,46,49,73,76,80,81,85,88,96,99" m="41545" machi="80" ten="30,3900,0" yaku="14,1,52,1,54,1" doraHai="75" who="0" fromWho="3" sc="325,42,307,0,179,0,189,-42" /><INIT seed="2,0,0,0,0,109" ten="367,307,179,147" oya="2" hai0="118,124,60,39,126,90,120,12,51,116,119,112,99" hai1="108,62,85,63,66,104,38,94,107,69,127,125,13" hai2="128,117,64,41,68,67,54,7,74,21,24,115,111" hai3="92,114,106,135,30,100,9,40,58,97,101,29,89"/><V22/><F117/><W82/><G135/><T65/><D12/><U52/><E108/><V44/><F74/><W86/><G40/><T72/><D72/><U33/><E33/><V91/><F111/><W103/><G58/><T121/><D90/><N who="1" m="53583" /><E38/><V35/><F128/><W0/><G0/><T17/><D17/><U20/><E20/><V102/><F102/><N who="3" m="39531" /><G9/><T93/><D93/><U88/><E13/><V4/><F35/><W123/><G29/><T95/><D95/><U59/><E88/><V57/><F91/><N who="3" m="51671" /><G30/><T113/><D99/><U26/><E26/><V56/><F24/><W71/><G71/><N who="0" m="42407" /><D39/><U28/><E28/><V47/><F41/><W45/><G45/><T61/><D51/><U31/><E31/><V15/><F15/><W76/><G123/><N who="0" m="47179" /><D61/><U130/><E130/><V25/><F25/><W110/><G110/><T55/><D55/><U87/><E87/><V2/><F54/><W27/><G27/><T81/><D81/><U133/><E133/><V73/><F73/><W34/><G34/><T79/><D79/><U36/><E36/><V32/><F32/><W11/><G11/><T105/><D105/><U53/><E53/><V132/><F132/><W122/><G76/><T129/><D129/><U131/><E131/><V50/><F50/><W10/><G10/><T75/><D75/><U70/><E70/><V23/><F23/><W46/><G46/><T43/><D43/><U37/><E37/><V14/><F14/><W6/><G6/><T48/><D48/><U78/><E78/><V8/><F68/><W5/><G5/><N who="2" m="2121" /><F2/><W16/><G122/><RYUUKYOKU ba="0,0" sc="367,15,307,15,179,-15,147,-15" hai0="112,113,116,118,119,124,126" hai1="52,59,62,63,66,69,104,107,125,127" /><INIT seed="3,1,0,1,0,22" ten="382,322,164,132" oya="3" hai0="75,6,93,78,127,14,106,119,132,20,63,107,38" hai1="116,31,52,23,86,70,48,96,10,122,29,128,44" hai2="118,57,105,76,111,82,134,77,35,21,3,84,46" hai3="54,80,102,26,73,100,60,27,115,135,123,51,114"/><W37/><G37/><T68/><D38/><U101/><E122/><V113/><F118/><W94/><G123/><T99/><D119/><U69/><E116/><V24/><F35/><W16/><G135/><T130/><D132/><U72/><E72/><V25/><F105/><W30/><G60/><T124/><D75/><U67/><E128/><V13/><F113/><W95/><G114/><T12/><D78/><N who="2" m="30314" /><F3/><W7/><G7/><T49/><D49/><U36/><E86/><V8/><F134/><W104/><G115/><T125/><D130/><U131/><E131/><V65/><F111/><W4/><G4/><T129/><D129/><U92/><E10/><V126/><F21/><N who="3" m="15695" /><G104/><T108/><D108/><U2/><E2/><V53/><F65/><W98/><G80/><T39/><D39/><U112/><E112/><V66/><F66/><W85/><G73/><T41/><D106/><U61/><E70/><V64/><F64/><W133/><G133/><T74/><D107/><U19/><REACH who="1" step="1"/><E36/><REACH who="1" ten="382,312,164,132" step="2"/><V59/><F84/><W42/><G85/><T81/><D74/><U17/><E17/><N who="2" m="8359" /><F82/><W103/><G98/><T28/><D81/><U71/><E71/><V1/><F1/><W58/><G42/><T120/><D41/><U91/><E91/><V90/><F90/><W55/><G54/><T88/><D120/><U40/><E40/><V9/><F9/><W121/><G121/><T110/><D110/><U83/><E83/><V109/><F109/><W97/><G97/><T33/><D99/><U89/><E89/><V45/><F53/><W47/><G58/><T87/><D68/><RYUUKYOKU ba="1,1" sc="382,-15,312,15,164,-15,132,15" hai1="19,23,29,31,44,48,52,61,67,69,92,96,101" hai3="16,27,47,51,55,94,95,100,102,103" /><INIT seed="3,2,1,0,5,92" ten="367,327,149,147" oya="3" hai0="97,41,106,19,108,73,63,52,123,25,84,132,79" hai1="118,116,130,89,38,65,18,83,21,80,111,30,24" hai2="62,32,121,28,45,26,86,60,15,95,14,27,36" hai3="57,55,99,114,110,46,67,107,94,64,10,7,134"/><W88/><G114/><T34/><D123/><U115/><E115/><V120/><F27/><W81/><G134/><T8/><D132/><U0/><E0/><V22/><F86/><W122/><G122/><N who="2" m="47209" /><F95/><W40/><G107/><T102/><D41/><U119/><E38/><V82/><F82/><W127/><G127/><T16/><D108/><U72/><E111/><V51/><F36/><W37/><G81/><T20/><D73/><U98/><E130/><V76/><F76/><W69/><G69/><T43/><D43/><U77/><E65/><V13/><F32/><W11/><G110/><T50/><D34/><U104/><E80/><V117/><F117/><W53/><G53/><AGARI ba="2,1" hai="13,14,15,22,26,28,45,51,53,60,62" m="47209" machi="53" ten="30,1000,0" yaku="13,1" doraHai="92" who="2" fromWho="3" sc="367,0,327,0,149,26,147,-16" /><INIT seed="4,0,0,0,5,61" ten="367,327,175,131" oya="0" hai0="63,0,25,112,10,86,104,48,7,75,44,27,60" hai1="26,79,34,17,51,57,129,12,113,33,111,21,126" hai2="36,1,78,125,95,128,50,32,116,35,64,38,91" hai3="14,87,69,80,132,106,110,71,40,120,28,29,96"/><T31/><D75/><U73/><E111/><V55/><F125/><W2/><G110/><T15/><D104/><U66/><E126/><V119/><F1/><W123/><G2/><T70/><D112/><U105/><E113/><V43/><F78/><W118/><G118/><N who="2" m="45097" /><F43/><W100/><G40/><T53/><D0/><U58/><E105/><V59/><F128/><W49/><G49/><T127/><D127/><U121/><E121/><N who="3" m="46666" /><G14/><T124/><D124/><U62/><E129/><V47/><F47/><W99/><G99/><T19/><D70/><N who="3" m="26633" /><G132/><T41/><D41/><U81/><REACH who="1" step="1"/><E12/><REACH who="1" ten="367,317,175,131" step="2"/><V90/><F38/><W9/><G9/><T108/><D108/><U97/><E97/><V130/><F36/><W107/><G107/><T8/><D8/><U109/><E109/><V102/><F130/><W20/><G20/><N who="0" m="15847" /><D86/><U82/><E82/><V42/><F32/><W84/><G84/><T52/><D15/><U54/><AGARI ba="0,1" hai="17,21,26,33,34,51,54,57,58,62,66,73,79,81" machi="54" ten="30,4000,0" yaku="1,1,0,1,52,1,53,0" doraHai="61" doraHaiUra="98" who="1" fromWho="1" sc="367,-20,317,50,175,-10,131,-10" /><INIT seed="5,0,0,0,2,67" ten="347,367,165,121" oya="1" hai0="36,21,40,77,49,7,84,6,108,113,125,10,20" hai1="63,50,3,34,96,88,132,5,38,48,53,46,2" hai2="80,70,81,8,78,102,110,43,41,17,86,45,79" hai3="68,101,105,57,25,74,72,116,62,95,61,93,94"/><U90/><E34/><V109/><F102/><W39/><G39/><T47/><D108/><U126/><E132/><V26/><F70/><W98/><G116/><T52/><D113/><U107/><E126/><V131/><F131/><W124/><G124/><T12/><D125/><U106/><E38/><V58/><F58/><W42/><G42/><T44/><REACH who="0" step="1"/><D7/><REACH who="0" ten="337,367,165,121" step="2"/><U51/><E5/><V73/><F109/><W76/><G72/><T35/><D35/><U18/><E2/><V71/><F110/><W64/><G74/><T91/><D91/><U4/><E4/><V123/><F73/><W114/><G114/><T27/><D27/><U31/><E3/><V33/><F26/><W29/><G76/><T104/><D104/><U60/><E107/><V115/><F33/><W119/><G119/><T112/><D112/><U69/><E106/><V118/><F79/><W130/><G130/><T14/><D14/><U128/><E128/><V82/><F78/><W59/><REACH who="3" step="1"/><G62/><REACH who="3" ten="337,367,165,111" step="2"/><T111/><D111/><U32/><E60/><V85/><F118/><W127/><G127/><T75/><D75/><U92/><E63/><V24/><F115/><W37/><G37/><T122/><D122/><U55/><E32/><AGARI ba="0,2" hai="25,29,32,57,59,61,64,68,93,94,95,98,101,105" machi="32" ten="40,8000,1" yaku="1,1,25,2,52,1,53,1" doraHai="67" doraHaiUra="97" who="3" fromWho="1" sc="337,0,367,-80,165,0,111,100" /><INIT seed="6,0,0,2,1,89" ten="337,287,165,211" oya="2" hai0="51,108,101,85,34,55,96,41,9,38,88,20,0" hai1="29,130,123,80,59,75,21,119,66,126,128,105,63" hai2="32,44,94,53,56,12,102,134,84,127,109,16,95" hai3="107,30,2,65,24,71,28,135,86,90,110,98,18"/><V27/><F127/><W72/><G110/><T50/><D34/><U81/><E126/><V22/><F109/><W4/><G72/><T37/><D108/><U124/><E124/><V129/><F129/><N who="1" m="49769" /><E119/><V58/><F134/><W64/><G135/><T100/><D0/><U52/><E105/><V79/><F102/><W68/><G18/><T33/><D33/><U6/><E6/><V87/><F32/><W35/><G28/><T7/><D20/><U125/><E125/><V103/><F103/><N who="0" m="39498" /><D96/><U25/><E123/><V99/><F99/><W92/><G107/><T67/><D38/><U112/><E112/><V69/><F69/><W83/><G71/><T104/><D104/><U40/><E40/><V45/><F27/><W91/><REACH who="3" step="1"/><G68/><REACH who="3" ten="337,287,165,201" step="2"/><T49/><D7/><U14/><E75/><V131/><F131/><W73/><G73/><T15/><D9/><AGARI ba="0,1" hai="2,4,9,24,30,35,64,65,83,86,90,91,92,98" machi="9" ten="40,5200,0" yaku="1,1,52,1,53,1" doraHai="89" doraHaiUra="3" who="3" fromWho="0" sc="337,-52,287,0,165,0,201,62" /><INIT seed="7,0,0,2,5,113" ten="285,287,165,263" oya="3" hai0="119,114,104,112,49,93,35,8,12,13,47,29,55" hai1="18,74,10,11,33,22,116,77,102,46,45,66,38" hai2="92,80,90,23,123,54,96,64,103,20,25,7,127" hai3="19,3,37,6,107,108,106,126,51,0,14,4,98"/><W65/><G37/><T42/><D104/><U133/><E33/><V86/><F127/><W76/><G126/><T39/><D119/><U31/><E116/><V34/><F123/><W58/><G108/><T62/><D62/><U130/><E130/><V94/><F64/><W117/><G117/><T72/><D72/><U53/><E133/><V87/><F7/><W131/><G131/><T52/><D93/><U56/><E66/><V57/><F34/><W81/><G3/><T67/><D67/><U97/><E31/><V16/><F23/><W88/><G0/><T26/><D39/><U70/><E70/><V68/><F68/><W120/><G120/><T5/><D13/><U15/><E77/><V100/><F100/><W79/><G79/><T111/><D111/><U121/><E74/><V43/><F43/><W75/><G107/><T124/><D124/><U21/><E121/><V9/><F9/><N who="1" m="3081" /><E22/><V1/><F1/><W122/><G122/><T28/><D28/><U99/><E38/><V17/><F17/><W110/><G110/><T69/><D69/><U135/><E135/><V36/><F36/><W85/><G19/><T59/><D59/><U30/><E30/><V2/><F2/><W71/><G14/><T32/><D32/><U44/><E102/><V95/><REACH who="2" step="1"/><F87/><REACH who="2" ten="285,287,155,263" step="2"/><W50/><G71/><T129/><D129/><U48/><AGARI ba="0,1" hai="15,18,21,44,45,46,48,53,56,97,99" m="3081" machi="48" ten="30,1100,0" yaku="8,1" doraHai="113" who="1" fromWho="1" sc="285,-3,287,21,155,-3,263,-5" owari="282,8.2,308,40.8,152,-34.8,258,-14.2" /></mjloggm>