<mjloggm ver="2.3"><GO type="169" lobby="0"/><UN n0="%E7%9C%9F%E9%BE%8D%E5%85%84%E8%B2%B4" n1="%E3%83%AA%E3%83%B3%E3%83%8D%E3%83%B3" n2="%E3%81%95%E3%81%8F%E3%82%89%E3%81%88%E3%81%B3" n3="%E5%A4%A9%E7%A9%BA%E3%81%AE%E6%8A%80" dan="16,16,16,16" rate="2045.21,2113.41,2123.76,2136.38" sx="M,M,M,M"/><TAIKYOKU oya="0"/><INIT seed="0,0,0,2,0,31" ten="250,250,250,250" oya="0" hai0="55,43,36,129,94,30,133,40,44,125,48,37,27" hai1="102,34,0,53,104,35,96,130,28,19,124,71,95" hai2="116,41,112,23,61,60,105,108,100,20,85,54,87" hai3="6,66,90,83,82,110,26,32,24,45,123,64,101"/><T14/><D125/><U8/><E124/><V99/><F108/><W119/><G110/><T56/><D129/><U47/><E130/><V89/><F112/><W25/><G119/><T77/><D133/><U2/><E71/><V88/><F41/><W93/><G6/><T12/><D77/><U65/><E65/><V13/><F116/><W46/><G101/><T1/><D1/><U39/><E28/><V106/><F100/><W50/><G32/><T103/><D103/><U114/><E0/><V51/><F13/><W107/><G107/><T11/><D94/><U9/><E114/><V29/><F29/><W7/><G7/><T10/><D12/><U76/><E9/><V121/><F51/><W70/><G70/><T80/><D80/><N who="3" m="30761" /><G46/><T42/><D11/><U118/><E76/><V113/><F113/><W5/><G5/><T21/><REACH who="0" step="1"/><D37/><REACH who="0" ten="240,250,250,250" step="2"/><U52/><E2/><V3/><F3/><W59/><G93/><T131/><D131/><U74/><E95/><V86/><F105/><W17/><G90/><T78/><D78/><U4/><E118/><V126/><F126/><W73/><G26/><T84/><D84/><U134/><E39/><V58/><F106/><W67/><G25/><T122/><D122/><U79/><E134/><V91/><F121/><W15/><G24/><T98/><D98/><U38/><E79/><V81/><F81/><W57/><G123/><T49/><D49/><N who="1" m="28735" /><E38/><V63/><F99/><W115/><G115/><T120/><D120/><U22/><E102/><V33/><F89/><W62/><G50/><T69/><D69/><U111/><E104/><RYUUKYOKU ba="0,1" sc="240,30,250,-10,250,-10,250,-10" hai0="10,14,21,27,30,36,40,42,43,44,48,55,56" /><INIT seed="0,1,1,1,3,106" ten="270,240,240,240" oya="0" hai0="73,5,7,26,72,58,88,2,91,69,122,112,133" hai1="35,75,62,126,94,89,76,63,109,128,24,87,117" hai2="30,108,41,28,46,47,33,64,124,60,53,118,6" hai3="36,102,56,131,90,15,66,107,129,16,0,23,119"/><T31/><D69/><U4/><E117/><V99/><F108/><W130/><G0/><T32/><D112/><U125/><E109/><V17/><F118/><W49/><G36/><T97/><D122/><U71/><E4/><V115/><F115/><W12/><G119/><T45/><D133/><U114/><E128/><V123/><F123/><W61/><G49/><T43/><D58/><U92/><E94/><V77/><F6/><W29/><G29/><T104/><D7/><U19/><E114/><V11/><F53/><W98/><G90/><T21/><D32/><U59/><E71/><V52/><F77/><W82/><REACH who="3" step="1"/><G82/><REACH who="3" ten="270,240,240,230" step="2"/><T96/><D2/><U121/><E121/><V10/><F30/><W42/><G42/><T50/><D5/><U25/><E89/><V51/><F28/><W127/><G127/><T81/><D81/><U65/><E126/><V103/><F124/><W105/><G105/><T37/><D37/><U80/><E125/><V55/><F33/><W68/><G68/><T135/><D135/><U38/><E38/><V74/><F41/><W111/><G111/><T120/><D120/><U40/><E40/><V22/><F51/><W39/><G39/><T113/><D113/><U116/><E116/><V67/><F60/><W54/><G54/><T9/><D91/><N who="1" m="53375" /><E35/><V18/><F55/><W20/><G20/><T83/><D9/><U1/><E1/><V95/><F11/><W48/><G48/><T27/><D104/><U85/><E63/><V78/><F10/><W101/><G101/><T110/><D110/><U3/><E3/><V70/><F70/><RYUUKYOKU ba="1,2" sc="270,-10,240,-10,240,-10,230,30" hai3="12,15,16,23,56,61,66,98,102,107,129,130,131" /><INIT seed="1,2,2,5,5,107" ten="260,230,230,260" oya="1" hai0="2,26,29,56,22,133,67,89,33,134,64,102,127" hai1="28,46,44,98,129,58,70,12,18,40,80,101,123" hai2="32,126,24,9,128,65,68,23,31,105,122,121,36" hai3="7,95,82,84,48,118,108,88,10,6,75,53,90"/><U119/><E70/><V106/><F126/><W78/><G108/><T135/><D2/><U37/><E119/><V3/><F23/><W99/><G118/><T77/><D127/><U83/><E123/><N who="2" m="47115" /><F36/><W109/><G109/><T5/><D5/><U93/><E129/><V39/><F39/><W20/><G20/><T81/><D102/><U73/><E28/><V120/><F120/><W115/><G115/><T114/><D114/><U132/><E132/><V14/><F14/><W124/><G124/><T96/><D33/><U131/><E131/><V103/><F103/><W63/><G63/><T27/><D27/><U91/><E46/><V61/><F128/><W25/><G25/><T13/><D13/><U71/><E71/><V8/><F8/><W45/><REACH who="3" step="1"/><G10/><REACH who="3" ten="260,230,230,250" step="2"/><T76/><D22/><U116/><E116/><V16/><F32/><W92/><AGARI ba="2,3" hai="6,7,45,48,53,75,78,82,84,88,90,92,95,99" machi="92" ten="20,12000,2" yaku="1,1,2,1,0,1,7,1,52,1,54,1,53,0" doraHai="107" doraHaiUra="59" who="3" fromWho="3" sc="260,-32,230,-62,230,-32,250,156" /><INIT seed="2,0,0,3,1,57" ten="228,168,198,406" oya="2" hai0="16,58,48,51,87,17,41,46,121,74,7,55,77" hai1="8,61,69,22,104,43,25,30,9,114,93,54,15" hai2="36,10,18,32,72,110,83,59,14,40,131,34,106" hai3="103,68,39,52,99,28,12,21,80,112,23,111,1"/><V6/><F106/><W27/><G111/><T5/><D74/><U56/><E104/><V35/><F131/><W66/><G1/><T126/><D126/><U45/><E114/><V130/><F130/><W73/><G39/><T2/><D121/><U62/><E69/><V101/><F101/><W105/><G12/><T88/><D77/><U102/><E15/><V90/><F110/><W26/><G80/><T50/><D50/><N who="1" m="26943" /><E9/><V84/><F72/><W76/><G76/><T70/><D70/><U24/><E24/><V107/><F107/><W117/><G73/><T81/><D2/><U71/><E8/><V134/><F134/><W42/><G42/><T38/><D38/><U44/><E44/><V94/><F40/><W79/><G79/><T91/><D91/><U3/><E71/><V75/><F36/><W82/><G82/><T60/><D51/><N who="1" m="30815" /><E3/><V127/><F127/><W113/><G113/><T123/><D123/><U97/><AGARI ba="0,0" hai="22,25,30,61,62,93,97,102" m="30815,26943" machi="97" ten="30,4000,0" yaku="8,1,52,2" doraHai="57" who="1" fromWho="1" sc="228,-10,168,40,198,-20,406,-10" /><INIT seed="3,0,0,4,3,3" ten="218,208,178,396" oya="3" hai0="83,43,111,10,77,80,18,102,27,115,17,53,133" hai1="7,99,68,92,31,88,61,121,94,38,56,20,118" hai2="46,119,2,75,76,125,124,11,41,70,36,39,23" hai3="59,112,79,90,72,117,32,87,37,109,40,8,110"/><W52/><G117/><T73/><D111/><N who="3" m="42505" /><G32/><T82/><D133/><U15/><E118/><V14/><F119/><W134/><G134/><T66/><D115/><U69/><E38/><N who="2" m="21815" /><F23/><W13/><G40/><T95/><D43/><U12/><E121/><V71/><F14/><W100/><G37/><N who="2" m="14409" /><F76/><W35/><G35/><T78/><D66/><U86/><E69/><N who="2" m="26123" /><F75/><W29/><G29/><T93/><D73/><U81/><E68/><V6/><AGARI ba="0,0" hai="2,6,11,124,125" m="26123,14409,21815" machi="6" ten="40,2700,0" yaku="23,1,52,1" doraHai="3" who="2" fromWho="2" sc="218,-7,208,-7,178,27,396,-13" /><INIT seed="4,0,0,1,4,69" ten="211,201,205,383" oya="0" hai0="103,59,53,116,44,77,129,17,2,29,118,117,65" hai1="84,11,95,21,94,105,0,97,64,42,63,93,1" hai2="36,38,75,20,91,108,48,114,61,133,115,102,7" hai3="45,66,99,23,121,126,4,56,43,76,9,71,16"/><T62/><D2/><U134/><E134/><V88/><F108/><W124/><G71/><T110/><D110/><U109/><E109/><V39/><F75/><W100/><G76/><T68/><D129/><U119/><E119/><V13/><F133/><W60/><G121/><T98/><D77/><U37/><E21/><V122/><F122/><W92/><G9/><T40/><D17/><U28/><E28/><V104/><F48/><W132/><G4/><T86/><D86/><U123/><E123/><V10/><F61/><W127/><G132/><T33/><D29/><U131/><E131/><V26/><F102/><W78/><G78/><T130/><D33/><U70/><E84/><V49/><F49/><W46/><REACH who="3" step="1"/><G43/><REACH who="3" ten="211,201,205,373" step="2"/><T47/><D130/><U101/><REACH who="1" step="1"/><E11/><REACH who="1" ten="211,191,205,373" step="2"/><V15/><F10/><W12/><AGARI ba="0,2" hai="12,16,23,45,46,56,60,66,92,99,100,124,126,127" machi="12" ten="30,12000,2" yaku="1,1,2,1,0,1,18,1,54,1,53,1" doraHai="69" doraHaiUra="96" who="3" fromWho="3" sc="211,-60,191,-30,205,-30,373,140" /><INIT seed="5,0,0,3,0,28" ten="151,161,175,513" oya="1" hai0="115,94,107,79,91,99,70,118,81,29,14,111,16" hai1="117,18,3,127,47,128,103,17,86,108,121,100,50" hai2="89,85,35,77,34,78,73,62,93,37,12,19,13" hai3="60,11,114,65,57,36,33,69,126,7,96,6,15"/><U75/><E117/><V32/><F37/><W101/><G114/><T24/><D115/><U74/><E121/><V106/><F106/><W122/><G36/><T87/><D118/><U20/><E3/><V123/><F123/><W133/><G133/><T80/><D111/><U95/><E108/><V68/><F73/><W63/><G33/><T38/><D38/><U1/><E1/><V119/><F119/><W112/><G126/><T44/><D70/><U59/><E128/><V8/><REACH who="2" step="1"/><F12/><REACH who="2" ten="151,161,165,513" step="2"/><W124/><G15/><T105/><D44/><U125/><E47/><V22/><F22/><W61/><G122/><T9/><REACH who="0" step="1"/><D81/><REACH who="0" ten="141,161,165,513" step="2"/><U66/><E125/><V71/><F71/><W130/><G69/><T46/><D46/><U31/><E127/><V72/><F72/><W76/><G124/><T49/><D49/><U10/><E74/><V26/><F26/><W48/><G48/><T42/><D42/><U116/><E75/><V43/><F43/><W53/><G130/><T54/><D54/><U84/><E116/><V40/><F40/><W4/><G53/><T67/><D67/><AGARI ba="0,2" hai="8,13,19,32,34,35,62,67,68,77,78,85,89,93" machi="67" ten="40,8000,1" yaku="1,1,52,3,53,0" doraHai="28" doraHaiUra="110" who="2" fromWho="0" sc="141,-80,161,0,165,100,513,0" /><INIT seed="6,0,0,3,1,47" ten="61,161,265,513" oya="2" hai0="100,70,40,20,56,32,6,52,17,72,21,121,61" hai1="105,102,37,57,95,80,43,111,11,87,8,124,4" hai2="54,116,125,39,65,101,59,35,133,103,12,84,49" hai3="109,130,44,22,120,126,92,128,68,115,129,88,107"/><V106/><F116/><W42/><G109/><T82/><D121/><U134/><E111/><V69/><F125/><W29/><G68/><T117/><D117/><U15/><E105/><V30/><F133/><W53/><G107/><T1/><D32/><U46/><E124/><V24/><F39/><W93/><G120/><T99/><D70/><U114/><E114/><V55/><F106/><W7/><G7/><T89/><D40/><U28/><E134/><V5/><F65/><W67/><G67/><T0/><D6/><U81/><E28/><V36/><F36/><N who="3" m="21575" /><G115/><T71/><D71/><U63/><E11/><V123/><F69/><W85/><G53/><T91/><D21/><U62/><E62/><V66/><F66/><W122/><G122/><T79/><D1/><U19/><E4/><V51/><F123/><W58/><G58/><T97/><D0/><U26/><E26/><V50/><F84/><W83/><G126/><T112/><D112/><U86/><E86/><V10/><F51/><W110/><G110/><T96/><REACH who="0" step="1"/><D100/><REACH who="0" ten="51,161,265,513" step="2"/><U104/><E102/><V94/><F101/><W31/><G22/><T25/><AGARI ba="0,1" hai="17,20,25,52,56,61,72,79,82,89,91,96,97,99" machi="25" ten="30,7900,0" yaku="1,1,2,1,0,1,54,1,53,0" doraHai="47" doraHaiUra="33" who="0" fromWho="0" sc="51,89,161,-20,265,-39,513,-20" /><INIT seed="7,0,0,1,3,57" ten="140,141,226,493" oya="3" hai0="50,106,87,71,75,96,52,23,60,125,26,30,98" hai1="131,134,14,12,92,80,59,83,120,74,25,67,112" hai2="29,127,56,119,17,5,118,107,116,66,28,90,15" hai3="85,65,20,126,110,1,79,76,93,132,103,0,122"/><W48/><G122/><T123/><D123/><U7/><E120/><V111/><F111/><W21/><G132/><T2/><D75/><U69/><E69/><V115/><F107/><W16/><G126/><T135/><D2/><U32/><E134/><V31/><F127/><W36/><G48/><T18/><D135/><U43/><E112/><V117/><F117/><W129/><G65/><T46/><D125/><U109/><E109/><V101/><F101/><W68/><G85/><T70/><D70/><U38/><E131/><V88/><F5/><W114/><G93/><T34/><D87/><U19/><E74/><V63/><F115/><W105/><G103/><T4/><D4/><U24/><E92/><V37/><F37/><W121/><G36/><T94/><D106/><U81/><E32/><V44/><F44/><W62/><G105/><T58/><D71/><U73/><E73/><V51/><F51/><W89/><G68/><T53/><D94/><U49/><E38/><V104/><F104/><W128/><G0/><T108/><D108/><U113/><E113/><V11/><AGARI ba="0,0" hai="11,15,17,28,29,31,56,63,66,88,90,116,118,119" machi="11" ten="40,5200,0" yaku="0,1,52,1,54,1" doraHai="57" who="2" fromWho="2" sc="140,-13,141,-13,226,52,493,-26" owari="127,-37.3,128,-27.2,278,7.8,467,56.7" /></mjloggm>