<mjloggm ver="2.3"><GO type="169" lobby="0"/><UN n0="%E3%81%9F%E3%81%8B%31%34%31" n1="%E3%83%AF%E3%82%BF%E3%82%B7%E3%81%8C%E9%A3%9B%E3%82%93%E3%81%A0%E6%97%A5" n2="%E3%81%A8%E3%81%B3%E3%81%BE%E3%81%93" n3="%6B%61%74%65%72%69%6E%61" dan="16,16,16,16" rate="2121.67,2133.99,2183.81,2116.33" sx="M,M,M,M"/><TAIKYOKU oya="0"/><INIT seed="0,0,0,0,4,56" ten="250,250,250,250" oya="0" hai0="96,23,113,88,85,48,16,28,54,119,108,81,7" hai1="39,73,10,57,77,112,63,130,74,93,79,49,1" hai2="101,70,100,105,84,109,99,106,59,120,104,30,76" hai3="82,72,69,117,12,116,97,121,51,80,42,124,78"/><T17/><D113/><U62/><E39/><V3/><F3/><W5/><G124/><T134/><D119/><U6/><E112/><V126/><F70/><W94/><G121/><T132/><D7/><U133/><E133/><N who="0" m="51305" /><D108/><U35/><E35/><V58/><F30/><W20/><G69/><T52/><D54/><U25/><E130/><V98/><F59/><W31/><G82/><T122/><D122/><U90/><E25/><V34/><F58/><W53/><G42/><T45/><D96/><N who="2" m="36906" /><F34/><W27/><G53/><T4/><D4/><U87/><E49/><V102/><F120/><W123/><G51/><T131/><D131/><U114/><E114/><V67/><F67/><W71/><G71/><T95/><D95/><U66/><REACH who="1" step="1"/><E62/><REACH who="1" ten="250,240,250,250" step="2"/><V21/><F109/><W44/><G123/><T2/><D2/><U50/><E50/><V107/><F107/><W8/><REACH who="3" step="1"/><G44/><REACH who="3" ten="250,240,250,240" step="2"/><T68/><D68/><U61/><E61/><V127/><F104/><W55/><G55/><T110/><D110/><U0/><E0/><V32/><F105/><W26/><G26/><AGARI ba="0,2" hai="16,17,23,26,28,45,48,52,81,85,88" m="51305" machi="26" ten="30,11600,0" yaku="20,1,54,3" doraHai="56" who="0" fromWho="3" sc="250,136,240,0,250,0,240,-116" /><INIT seed="0,1,0,3,0,123" ten="386,240,250,124" oya="0" hai0="106,134,0,113,8,34,59,41,72,107,88,120,53" hai1="79,89,35,44,99,66,13,1,50,42,135,17,63" hai2="19,83,92,28,54,85,27,80,110,77,32,14,11" hai3="56,48,111,38,121,43,105,122,58,93,69,71,25"/><T67/><D113/><U116/><E1/><V96/><F80/><W130/><G105/><T128/><D120/><N who="3" m="46185" /><G93/><T18/><D34/><U39/><E116/><V33/><F54/><N who="3" m="31815" /><G25/><T125/><D72/><U30/><E79/><V21/><F110/><W31/><G31/><T24/><D67/><U112/><E35/><V127/><REACH who="2" step="1"/><F127/><REACH who="2" ten="386,240,240,124" step="2"/><W74/><G111/><T101/><D53/><U103/><E112/><V62/><F62/><W51/><G74/><T108/><D125/><U5/><E63/><V23/><F23/><W60/><G130/><T55/><D128/><U98/><E66/><V90/><AGARI ba="1,1" hai="11,14,19,21,27,28,32,33,77,83,85,90,92,96" machi="90" ten="20,2700,0" yaku="1,1,0,1,7,1,53,0" doraHai="123" doraHaiUra="119" who="2" fromWho="2" sc="386,-14,240,-8,240,40,124,-8" /><INIT seed="1,0,0,0,1,64" ten="372,232,280,116" oya="1" hai0="55,32,121,19,3,41,105,69,5,86,97,100,118" hai1="49,26,88,14,70,89,85,73,87,134,10,61,54" hai2="38,39,66,12,2,29,68,36,117,51,20,94,52" hai3="42,96,67,101,56,109,11,28,50,74,4,57,25"/><U76/><E134/><V30/><F2/><W81/><G109/><T13/><D118/><U91/><E26/><V79/><F117/><W21/><G74/><T98/><D32/><U31/><E31/><V72/><F94/><W71/><G81/><T48/><D69/><U22/><E22/><V77/><F12/><W33/><G21/><T90/><D121/><U125/><E125/><V59/><F72/><W16/><G16/><T84/><D41/><U17/><E73/><V24/><REACH who="2" step="1"/><F30/><REACH who="2" ten="372,232,270,116" step="2"/><W78/><G28/><T115/><D3/><U104/><E104/><V80/><F80/><W92/><G92/><T60/><D13/><U119/><E119/><V130/><F130/><W47/><G101/><T135/><D100/><U114/><E114/><V99/><F99/><W40/><G96/><T124/><D98/><U62/><E87/><V58/><F58/><W37/><G57/><T0/><D86/><U75/><E75/><V27/><F27/><W9/><G25/><T127/><D84/><U110/><E110/><V103/><F103/><W43/><G56/><T133/><D97/><U123/><E123/><V34/><F34/><W35/><G35/><T129/><D129/><U106/><E106/><V65/><F65/><W132/><G33/><T116/><D105/><U128/><E128/><V107/><F107/><W83/><G83/><T113/><D116/><U95/><E95/><V18/><F18/><W112/><G112/><T108/><D115/><U1/><E1/><V8/><F8/><N who="3" m="3147" /><G67/><T44/><D113/><U53/><E14/><V46/><F46/><W111/><G47/><RYUUKYOKU ba="0,1" sc="372,-10,232,-10,270,30,116,-10" hai2="20,24,29,36,38,39,51,52,59,66,68,77,79" /><INIT seed="2,1,1,0,4,56" ten="362,222,300,106" oya="2" hai0="67,57,42,43,101,134,64,85,8,10,46,66,39" hai1="9,13,89,44,14,118,36,47,17,113,96,94,77" hai2="112,109,20,78,38,102,21,23,75,45,65,6,122" hai3="90,41,106,124,127,27,130,114,125,99,108,71,80"/><V59/><F112/><W53/><G71/><T82/><D134/><U58/><E113/><V69/><F122/><W26/><G114/><T40/><D101/><U5/><E118/><V133/><F69/><W88/><G108/><T37/><D57/><U120/><E36/><V50/><F109/><W81/><G130/><T32/><D32/><U28/><E28/><V24/><F6/><W19/><G41/><T73/><D73/><U34/><E120/><V68/><F68/><W128/><G128/><T83/><D46/><U11/><E34/><V117/><F117/><W115/><G115/><T100/><D100/><U35/><E35/><V92/><F38/><N who="0" m="14346" /><D85/><U87/><E58/><V29/><F78/><W105/><G53/><T51/><D51/><U129/><E129/><V60/><F75/><W25/><G19/><T3/><D3/><U126/><E77/><V30/><F30/><W18/><G18/><T121/><D121/><U119/><E5/><V79/><F79/><W74/><G74/><T12/><D12/><U132/><E13/><V84/><F133/><W0/><G0/><T1/><D1/><U104/><E14/><V131/><F131/><W61/><G61/><T110/><D110/><U91/><E17/><V52/><F84/><N who="3" m="50183" /><G99/><AGARI ba="1,1" hai="20,21,23,24,29,45,50,52,59,60,65,92,99,102" machi="99" ten="40,12000,1" yaku="25,2,8,1,52,1,54,1" doraHai="56" who="2" fromWho="3" sc="362,0,222,0,300,133,106,-123" owari="362,16.2,222,-17.8,433,53.3,-17,-51.7" /></mjloggm>