<mjloggm ver="2.3"><GO type="169" lobby="0"/><UN n0="%73%69%65%72%61%34%30%31" n1="%E5%8F%97%E3%81%91%E5%85%A5%E3%82%8C%E9%87%8D%E8%A6%96" n2="%E3%81%BD%E3%81%A3%E3%81%91%E3%81%95%E3%82%93" n3="%E3%83%AF%E3%82%BF%E3%82%B7%E3%81%8C%E9%A3%9B%E3%82%93%E3%81%A0%E6%97%A5" dan="17,16,17,16" rate="2244.71,2149.25,2199.09,2111.66" sx="F,M,M,M"/><TAIKYOKU oya="0"/><INIT seed="0,0,0,5,3,67" ten="250,250,250,250" oya="0" hai0="42,31,18,33,10,62,108,1,102,51,123,53,114" hai1="60,24,93,30,120,71,115,38,64,69,116,103,40" hai2="56,65,121,130,70,97,113,43,84,41,57,90,106" hai3="4,46,13,73,32,75,0,37,68,92,23,9,89"/><T17/><D114/><U117/><E120/><V34/><F34/><W80/><G32/><T95/><D123/><U25/><E115/><V119/><F113/><W59/><G59/><T122/><D122/><U21/><E71/><V14/><F121/><W19/><G80/><T94/><D42/><U50/><E38/><V83/><F57/><W128/><G128/><T47/><D108/><U74/><E74/><V36/><F56/><W3/><G3/><T54/><D54/><U55/><E40/><V66/><F66/><W12/><G0/><T27/><D62/><U35/><E103/><V76/><F119/><W85/><G37/><T11/><D102/><U61/><E61/><V118/><F118/><W135/><G46/><T105/><D105/><U20/><E35/><V52/><F52/><W72/><REACH who="3" step="1"/><G135/><REACH who="3" ten="250,250,250,240" step="2"/><T134/><D134/><U6/><E116/><V49/><F83/><W109/><G109/><T88/><D1/><U129/><E129/><V131/><F36/><W58/><G58/><T39/><D39/><U96/><E117/><V16/><F130/><W29/><G29/><T91/><D31/><U87/><E30/><V44/><F44/><W82/><G82/><T28/><D28/><U7/><E64/><V77/><F65/><W127/><G127/><T98/><D33/><U104/><E60/><V78/><F131/><W100/><G100/><T26/><D94/><U101/><E93/><V133/><F133/><W107/><G107/><T124/><D124/><U126/><E126/><V5/><F106/><W79/><G79/><T63/><D95/><U8/><E104/><RYUUKYOKU ba="0,1" sc="250,-10,250,-10,250,-10,240,30" hai3="4,9,12,13,19,23,68,72,73,75,85,89,92" /><INIT seed="1,1,1,0,4,58" ten="240,240,240,270" oya="1" hai0="31,122,61,83,55,103,135,108,25,84,118,72,68" hai1="7,54,64,114,49,36,15,109,50,57,74,120,131" hai2="40,13,100,51,102,127,4,29,42,99,23,10,33" hai3="78,32,52,104,53,14,37,60,19,133,69,5,34"/><U9/><E36/><V125/><F33/><W16/><G104/><T112/><D112/><U26/><E114/><V86/><F86/><W63/><G37/><T17/><D118/><U71/><E120/><V67/><F51/><W70/><G78/><T18/><D135/><U76/><E131/><V38/><F38/><W43/><G14/><T132/><D132/><U35/><E109/><V87/><F87/><W121/><G133/><T82/><D108/><U47/><E71/><V97/><F97/><W107/><G5/><T111/><D111/><U6/><E7/><V66/><F102/><W65/><G107/><T92/><D122/><U85/><E74/><V130/><F130/><W115/><G115/><T30/><D30/><U56/><E64/><N who="2" m="24619" /><F23/><W62/><G65/><T124/><D68/><N who="3" m="26217" /><G43/><T105/><D105/><U41/><E35/><N who="3" m="13354" /><G121/><T24/><D31/><U0/><E0/><V116/><F29/><W106/><G106/><T94/><D103/><U22/><E57/><V128/><F42/><W59/><G59/><N who="0" m="35071" /><D82/><N who="1" m="47303" /><E22/><V8/><F100/><W2/><G2/><T45/><D72/><U44/><E44/><V20/><F4/><W28/><G28/><T134/><D45/><U90/><E26/><V46/><F46/><W75/><G75/><T27/><D134/><U93/><E93/><N who="0" m="35945" /><D83/><U129/><E129/><V119/><F128/><W11/><G11/><T80/><D80/><U3/><E3/><V88/><F10/><W39/><G39/><T95/><N who="0" m="35953" /><T96/><DORA hai="79" /><D84/><U77/><E77/><V101/><F8/><W117/><G117/><T126/><D96/><RYUUKYOKU ba="1,1" sc="240,10,240,10,240,-30,270,10" hai0="17,18,24,25,27,124,126" hai1="6,9,15,41,47,49,50,54,56,90" hai3="16,19,52,53,60,62,63" /><INIT seed="1,2,1,0,2,50" ten="250,250,210,280" oya="1" hai0="103,48,94,92,42,75,63,133,121,44,79,11,86" hai1="125,38,30,31,129,0,49,69,72,47,104,83,131" hai2="134,10,51,132,32,23,124,39,29,21,111,85,4" hai3="116,6,7,101,59,35,96,66,20,77,41,34,62"/><U43/><E104/><V98/><F39/><W40/><G116/><T100/><D133/><N who="2" m="51306" /><F98/><W93/><G77/><T81/><D121/><U22/><E69/><V102/><F102/><W122/><G122/><T68/><D68/><U84/><E72/><V3/><F85/><W71/><G71/><T61/><D75/><U13/><E0/><V114/><F51/><W26/><G35/><T27/><D27/><U17/><E38/><V53/><F53/><W89/><G34/><T95/><D63/><U45/><E45/><V8/><F111/><W119/><G119/><T2/><D2/><U90/><REACH who="1" step="1"/><E125/><REACH who="1" ten="250,240,210,280" step="2"/><V33/><F124/><W135/><G135/><T24/><D100/><U55/><E55/><V60/><F3/><W52/><G101/><T74/><D103/><U115/><E115/><V64/><F64/><W99/><G66/><T28/><D74/><U65/><E65/><V57/><F57/><W97/><G41/><T9/><REACH who="0" step="1"/><D61/><REACH who="0" ten="240,240,210,280" step="2"/><U107/><E107/><V54/><F60/><W126/><G126/><T82/><D82/><U37/><E37/><V78/><F114/><W105/><G105/><T112/><D112/><U46/><E46/><V70/><F70/><W123/><G123/><T80/><D80/><U36/><E36/><V127/><F127/><W91/><G62/><T130/><D130/><AGARI ba="2,3" hai="13,17,22,30,31,43,47,49,83,84,90,129,130,131" machi="130" ten="40,12000,1" yaku="1,1,19,1,53,2" doraHai="50" doraHaiUra="25" who="1" fromWho="0" sc="240,-126,240,156,210,0,280,0" /><INIT seed="1,3,0,1,0,85" ten="114,396,210,280" oya="1" hai0="88,109,113,48,15,84,110,87,47,95,28,36,120" hai1="118,23,73,126,104,41,59,2,133,102,77,60,97" hai2="27,54,134,11,44,103,121,108,111,46,123,131,114" hai3="32,129,6,81,119,107,115,30,35,3,45,93,51"/><U62/><E118/><V79/><F103/><W9/><G115/><T42/><D113/><U135/><E2/><V57/><F79/><W96/><G119/><T127/><D127/><U20/><E126/><V50/><F114/><W40/><G129/><T105/><D105/><U14/><E41/><V128/><F27/><W86/><G107/><T55/><D120/><U64/><E14/><V68/><F11/><W83/><G30/><T24/><D15/><U26/><E77/><V7/><F7/><W101/><REACH who="3" step="1"/><G81/><REACH who="3" ten="114,396,210,270" step="2"/><T56/><REACH who="0" step="1"/><D87/><REACH who="0" ten="104,396,210,270" step="2"/><U90/><E104/><V98/><F123/><W58/><G58/><T34/><AGARI ba="3,2" hai="24,28,34,36,42,47,48,55,56,84,88,95,109,110" machi="34" ten="30,8000,1" yaku="1,1,2,1,0,1,52,1,54,1,53,0" doraHai="85" doraHaiUra="17" who="0" fromWho="0" sc="104,109,396,-43,210,-23,270,-23" /><INIT seed="2,0,0,2,3,96" ten="213,353,187,247" oya="2" hai0="127,52,121,72,129,29,74,90,124,23,0,83,51" hai1="16,2,5,117,7,22,40,11,102,39,71,123,10" hai2="18,41,82,112,28,133,13,58,43,113,64,95,109" hai3="126,122,8,3,49,42,70,44,12,120,98,35,60"/><V86/><F133/><W119/><G119/><T105/><D121/><U87/><E117/><V66/><F28/><W128/><G35/><T108/><D0/><U47/><E123/><V130/><F130/><W17/><G128/><T36/><D36/><U100/><E71/><V92/><F109/><W115/><G126/><T93/><D105/><U107/><E107/><V37/><F37/><W54/><G115/><T65/><D65/><N who="2" m="25194" /><F113/><W45/><G70/><T132/><D129/><U111/><E111/><V118/><F58/><W134/><G134/><T68/><D132/><U104/><E104/><V91/><F112/><W50/><G60/><T46/><D108/><U62/><E62/><V101/><F118/><W34/><G34/><T76/><D72/><U77/><E77/><V53/><F53/><W114/><G114/><T32/><D32/><U59/><E59/><V106/><F106/><W14/><G3/><T25/><REACH who="0" step="1"/><D68/><REACH who="0" ten="203,353,187,247" step="2"/><U84/><E2/><V20/><F101/><W85/><G122/><T27/><D27/><U94/><E102/><V75/><F75/><W97/><G120/><T135/><D135/><U57/><E100/><V81/><F95/><W55/><G12/><T110/><D110/><U78/><E94/><V4/><F4/><W80/><REACH who="3" step="1"/><G42/><AGARI ba="0,1" hai="13,18,20,41,42,43,81,82,86,91,92" m="25194" machi="42" ten="30,1500,0" yaku="8,1" doraHai="96" who="2" fromWho="3" sc="203,0,353,0,187,25,247,-15" /><INIT seed="2,1,0,4,2,33" ten="203,353,212,232" oya="2" hai0="101,115,26,68,16,9,48,130,57,84,54,28,50" hai1="17,120,86,7,89,0,42,134,37,77,51,100,25" hai2="61,27,71,24,58,36,114,19,14,93,135,1,34" hai3="73,85,78,74,95,69,18,113,23,132,125,110,4"/><V15/><F114/><W44/><G69/><T40/><D68/><U91/><E37/><V81/><F71/><W30/><G30/><T13/><D115/><U121/><E100/><V88/><F36/><W11/><G113/><T94/><D130/><U103/><E103/><V108/><F1/><W72/><G125/><T102/><D40/><U116/><E116/><V5/><F135/><W31/><G31/><T133/><D133/><U76/><E134/><V131/><F34/><W104/><G104/><T129/><D129/><U43/><E91/><V119/><F119/><W21/><G21/><N who="0" m="15439" /><D50/><U59/><E17/><V70/><F70/><W39/><G39/><T12/><D13/><N who="2" m="4618" /><F5/><W2/><G132/><T47/><D57/><U56/><E25/><N who="2" m="9803" /><F108/><W79/><G110/><T52/><D54/><N who="1" m="31839" /><E59/><V90/><F131/><W67/><G18/><T82/><D94/><N who="1" m="54583" /><E43/><V62/><F19/><W87/><G73/><T8/><D9/><N who="1" m="2279" /><E42/><V96/><F58/><W124/><G72/><T99/><D99/><U105/><E105/><V49/><F49/><W92/><G74/><T41/><D41/><U112/><E112/><V6/><F6/><W65/><G4/><T75/><D75/><U29/><E29/><V109/><F109/><W123/><G2/><T38/><D38/><U127/><E127/><V64/><F64/><W3/><G3/><T63/><D63/><U53/><E53/><V55/><F55/><W80/><G124/><T122/><D122/><AGARI ba="1,0" hai="76,77,120,121,122" m="2279,54583,31839" machi="122" ten="30,2000,0" yaku="13,1,52,1" doraHai="33" who="1" fromWho="0" sc="203,-23,353,23,212,0,232,0" /><INIT seed="3,0,0,4,0,58" ten="180,376,212,232" oya="3" hai0="81,97,102,20,101,77,92,8,94,90,124,68,132" hai1="123,72,16,116,70,61,53,89,100,36,23,28,71" hai2="127,33,40,107,63,117,79,93,115,82,48,76,106" hai3="121,110,47,129,46,74,60,78,73,37,62,42,98"/><W57/><G121/><T24/><D124/><U59/><E123/><V66/><F117/><W52/><G129/><T50/><D132/><U25/><E72/><V29/><F127/><W34/><G34/><T67/><D8/><U135/><E135/><V14/><F115/><W51/><G110/><T32/><D32/><U88/><E116/><V105/><F93/><W80/><G73/><T41/><D68/><U27/><E36/><V85/><F14/><W130/><G130/><T95/><D67/><U9/><E100/><V3/><F3/><W65/><G98/><T113/><D113/><U26/><E9/><V54/><F40/><W64/><REACH who="3" step="1"/><G60/><REACH who="3" ten="180,376,212,222" step="2"/><T75/><D101/><U103/><E103/><V131/><F131/><W134/><G134/><T111/><D111/><U4/><E61/><V56/><F33/><W99/><G99/><T112/><D112/><U86/><E86/><V44/><REACH who="2" step="1"/><F29/><REACH who="2" ten="180,376,202,222" step="2"/><W13/><G13/><T2/><D102/><U0/><E28/><V96/><F96/><W83/><G83/><T133/><D133/><U114/><E114/><V5/><F5/><W69/><G69/><T31/><D2/><U1/><E70/><V7/><F7/><W22/><G22/><T125/><D125/><U39/><E71/><V108/><F108/><W84/><G84/><T122/><D122/><U118/><E118/><V55/><F55/><AGARI ba="0,2" hai="37,42,46,47,51,52,55,57,62,64,65,74,78,80" machi="55" ten="30,11600,0" yaku="1,1,7,1,52,1,54,1,53,0" doraHai="58" doraHaiUra="12" who="3" fromWho="2" sc="180,0,376,0,202,-116,222,136" /><INIT seed="3,1,0,1,2,119" ten="180,376,86,358" oya="3" hai0="60,14,31,57,47,2,51,116,135,4,23,124,86" hai1="120,41,106,71,129,127,74,43,110,126,50,53,29" hai2="16,105,33,77,45,92,113,101,7,75,39,46,84" hai3="88,37,20,95,34,8,66,44,69,82,64,132,28"/><W80/><G34/><T55/><D116/><U18/><E71/><V121/><F113/><W109/><G132/><T54/><D124/><U68/><E68/><V134/><F33/><W107/><G107/><T1/><D135/><U97/><E74/><V123/><F134/><W42/><G109/><T24/><D4/><U21/><E29/><V133/><F7/><W13/><G69/><T10/><REACH who="0" step="1"/><D86/><REACH who="0" ten="170,376,86,358" step="2"/><U35/><E127/><V65/><F133/><W78/><G80/><T25/><D25/><U96/><E126/><V87/><F75/><W117/><G117/><T36/><D36/><U67/><E110/><V48/><F84/><W38/><G38/><T5/><AGARI ba="1,1" hai="1,2,5,10,14,23,24,31,47,51,54,55,57,60" machi="5" ten="20,2700,0" yaku="1,1,0,1,7,1,53,0" doraHai="119" doraHaiUra="118" who="0" fromWho="0" sc="170,40,376,-8,86,-8,358,-14" /><INIT seed="4,0,0,0,1,15" ten="210,368,78,344" oya="0" hai0="18,9,83,134,11,6,90,87,127,76,4,123,56" hai1="46,27,19,12,51,54,13,67,103,68,57,78,71" hai2="80,63,0,41,128,28,99,65,116,95,72,55,121" hai3="88,106,73,119,74,111,58,113,35,42,131,94,31"/><T59/><D123/><U70/><E103/><V45/><F121/><W135/><G106/><T33/><D127/><U52/><E67/><V110/><F0/><W129/><G119/><T132/><D33/><U96/><E96/><V22/><F110/><W86/><G111/><T40/><D40/><U25/><E78/><V49/><F128/><N who="3" m="49227" /><G135/><N who="0" m="51755" /><D18/><U126/><E126/><V62/><F116/><W16/><G113/><T91/><D11/><U39/><E12/><V3/><F3/><W37/><G31/><T20/><D20/><U82/><E82/><V29/><F80/><W17/><G35/><T108/><D108/><U130/><E130/><V118/><F72/><N who="3" m="27755" /><G58/><N who="0" m="22059" /><D4/><U112/><E112/><V8/><F118/><W101/><G101/><T2/><AGARI ba="0,0" hai="2,6,9,76,83,87,90,91" m="22059,51755" machi="2" ten="30,1500,0" yaku="20,1" doraHai="15" who="0" fromWho="0" sc="210,15,368,-5,78,-5,344,-5" /><INIT seed="4,1,0,1,0,134" ten="225,363,73,339" oya="0" hai0="13,21,31,124,56,68,83,38,93,19,110,127,87" hai1="30,58,40,10,12,62,80,116,15,132,126,20,98" hai2="57,60,120,66,8,41,36,86,47,119,111,69,49" hai3="97,99,5,23,81,73,52,33,76,6,32,59,67"/><T27/><D68/><U35/><E35/><V26/><F26/><W109/><G109/><T43/><D110/><U125/><E116/><V9/><F111/><W53/><G67/><T135/><D135/><U65/><E132/><V29/><F29/><W61/><G32/><T46/><D93/><U82/><E40/><V39/><F120/><W84/><G33/><T51/><D56/><U103/><E20/><V104/><F104/><W101/><G73/><T16/><D38/><U123/><E30/><V105/><F105/><W108/><G23/><T90/><REACH who="0" step="1"/><D19/><REACH who="0" ten="215,363,73,339" step="2"/><U34/><E58/><V112/><F39/><W42/><G108/><T25/><D25/><U121/><E121/><V129/><F119/><W118/><G118/><T48/><D48/><U114/><E123/><V133/><F133/><W24/><G24/><T72/><D72/><U113/><E113/><V63/><F112/><W131/><G59/><T96/><D96/><U1/><E98/><V107/><F107/><W17/><G17/><T78/><D78/><U28/><E114/><V128/><F86/><W14/><G97/><T92/><D92/><U117/><E117/><V130/><REACH who="2" step="1"/><F63/><REACH who="2" ten="215,363,63,339" step="2"/><W22/><G61/><T18/><D18/><U54/><E62/><V11/><F11/><AGARI ba="1,2" hai="11,13,16,21,27,31,43,46,51,83,87,90,124,127" machi="11" ten="40,12000,1" yaku="1,1,52,2,54,1,53,1" doraHai="134" doraHaiUra="85" who="0" fromWho="2" sc="215,143,363,0,63,-123,339,0" owari="358,15.8,363,46.3,-60,-56.0,339,-6.1" /></mjloggm>