<mjloggm ver="2.3"><GO type="169" lobby="0"/><UN n0="%E9%B3%B4%E8%8C%B6" n1="%E3%81%95%E3%81%8F%E3%82%89%E3%81%88%E3%81%B3" n2="%61%6D%61%69%6B%61" n3="%E4%B8%83%E7%94%9F%E5%A4%95" dan="16,16,16,16" rate="2165.88,2128.75,2147.90,2100.99" sx="M,M,M,M"/><TAIKYOKU oya="0"/><INIT seed="0,0,0,1,5,129" ten="250,250,250,250" oya="0" hai0="117,104,123,52,77,27,51,56,69,103,106,45,32" hai1="31,17,54,68,9,60,13,75,114,87,73,39,53" hai2="41,122,134,25,126,100,1,90,2,14,116,50,12" hai3="86,79,65,96,55,11,95,0,46,82,93,5,29"/><T35/><D123/><U49/><E39/><V113/><F122/><W81/><G29/><T132/><D117/><U74/><E114/><V83/><F113/><W120/><G120/><T57/><D69/><U91/><E31/><V99/><F116/><W128/><G128/><T23/><D77/><U24/><E24/><V59/><F126/><W84/><G65/><T127/><D127/><U38/><E38/><V62/><F25/><W76/><REACH who="3" step="1"/><G96/><REACH who="3" ten="250,250,250,240" step="2"/><T70/><D35/><U67/><REACH who="1" step="1"/><E49/><AGARI ba="0,1" hai="0,5,11,46,49,55,76,79,81,82,84,86,93,95" machi="49" ten="40,5200,0" yaku="1,1,2,1,9,1,53,0" doraHai="129" doraHaiUra="125" who="3" fromWho="1" sc="250,0,250,-52,250,0,240,62" /><INIT seed="1,0,0,5,3,115" ten="250,198,250,302" oya="1" hai0="10,8,44,4,75,119,103,85,128,36,86,82,11" hai1="91,81,33,2,101,66,98,134,50,29,93,52,89" hai2="7,6,40,116,1,113,54,5,30,26,20,76,18" hai3="13,122,132,42,88,83,97,123,110,51,71,108,99"/><U9/><E134/><V80/><F40/><W34/><G71/><T114/><D114/><U95/><E66/><V22/><F113/><W25/><G13/><T74/><D128/><U68/><E68/><V58/><F1/><W28/><G132/><T15/><D103/><U62/><E62/><V125/><F125/><W32/><G32/><T73/><D119/><U64/><E64/><V107/><F107/><W37/><G37/><T94/><D94/><U117/><E117/><V130/><F130/><W109/><G51/><T118/><D118/><U78/><E33/><V38/><F38/><W129/><G42/><T16/><D36/><U121/><E29/><V12/><F116/><W46/><G46/><T49/><D4/><U27/><E27/><V61/><REACH who="2" step="1"/><F5/><REACH who="2" ten="250,198,240,302" step="2"/><W106/><G129/><T60/><D60/><U41/><E41/><V0/><F0/><W96/><REACH who="3" step="1"/><G106/><REACH who="3" ten="250,198,240,292" step="2"/><T45/><D44/><U59/><E2/><V112/><F112/><W90/><G90/><T102/><D45/><U48/><E91/><V31/><F31/><W124/><G124/><T35/><D102/><U23/><E89/><V63/><F63/><W3/><G3/><T87/><D49/><U21/><E50/><V43/><F43/><W53/><G53/><T133/><D133/><U55/><E55/><V120/><F120/><W24/><G24/><T69/><D69/><U135/><E135/><V67/><F67/><W84/><AGARI ba="0,2" hai="25,28,34,83,84,88,96,97,99,108,109,110,122,123" machi="84" ten="40,8000,1" yaku="1,1,0,1,14,1,54,1,53,0" doraHai="115" doraHaiUra="47" who="3" fromWho="3" sc="250,-20,198,-40,240,-20,292,100" /><INIT seed="2,0,0,1,2,116" ten="230,158,220,392" oya="2" hai0="100,72,133,113,21,95,0,94,38,56,31,77,107" hai1="62,70,43,37,50,14,80,32,8,83,30,130,24" hai2="93,129,57,69,58,20,81,120,132,111,9,71,35" hai3="119,123,44,48,13,19,109,105,87,79,75,53,121"/><V108/><F35/><W55/><G119/><T76/><D38/><U52/><E130/><V98/><F129/><W47/><G105/><T42/><D0/><U104/><E104/><V115/><F115/><W6/><G109/><N who="2" m="42057" /><F132/><W34/><G34/><T5/><D5/><U59/><E37/><V67/><F120/><W16/><G75/><T73/><D56/><N who="2" m="21610" /><F67/><W15/><G6/><T1/><D42/><U134/><E134/><V96/><F9/><W64/><G64/><T85/><D21/><U2/><E2/><V33/><F33/><W41/><G79/><N who="0" m="30283" /><D31/><U122/><E122/><V97/><F81/><W63/><G121/><T11/><D11/><U102/><E70/><N who="2" m="26635" /><F20/><W103/><G123/><T110/><D110/><U46/><REACH who="1" step="1"/><E102/><AGARI ba="0,0" hai="93,96,97,98,102" m="26635,21610,42057" machi="102" ten="30,2900,0" yaku="14,1,10,1" doraHai="116" who="2" fromWho="1" sc="230,0,158,-29,220,29,392,0" /><INIT seed="2,1,0,4,1,23" ten="230,129,249,392" oya="2" hai0="85,15,81,132,12,61,115,74,93,95,41,44,75" hai1="105,101,63,69,18,100,39,92,53,70,117,48,110" hai2="50,128,2,76,125,127,59,122,9,104,1,109,113" hai3="16,26,130,123,84,129,31,40,27,38,45,7,118"/><V58/><F113/><W94/><G118/><T73/><D115/><U83/><E110/><V17/><F122/><W107/><G107/><T86/><D132/><U79/><E117/><V32/><F104/><W43/><G123/><T19/><D61/><U22/><E39/><V62/><F32/><W57/><G7/><T60/><D60/><U33/><E33/><V80/><F128/><N who="3" m="49259" /><G43/><T11/><D15/><U124/><E124/><N who="2" m="47691" /><F109/><W82/><G94/><T36/><REACH who="0" step="1"/><D86/><REACH who="0" ten="220,129,249,392" step="2"/><U106/><E63/><V77/><F62/><W47/><G84/><T6/><D6/><U29/><E70/><V114/><F114/><W35/><G57/><T71/><D71/><U88/><E69/><V102/><F59/><W99/><G47/><T52/><D52/><U98/><E53/><V134/><F58/><W0/><G0/><T56/><D56/><U120/><E120/><V54/><F54/><W72/><G45/><T133/><D133/><U5/><E5/><V49/><F134/><W34/><G72/><T46/><D46/><U25/><E48/><V126/><F126/><W14/><G14/><T97/><D97/><U121/><E121/><V55/><F55/><W68/><G99/><T116/><D116/><U20/><E106/><V96/><F49/><W89/><G68/><T8/><D8/><U13/><REACH who="1" step="1"/><E105/><REACH who="1" ten="220,119,249,392" step="2"/><V90/><F50/><W10/><G38/><T30/><D30/><U65/><E65/><V119/><F119/><W42/><G31/><T51/><D51/><U4/><E4/><V66/><F66/><W3/><G42/><T24/><D24/><U135/><E135/><RYUUKYOKU ba="1,2" sc="220,15,119,15,249,-15,392,-15" hai0="11,12,19,36,41,44,73,74,75,81,85,93,95" hai1="13,18,20,22,25,29,79,83,88,92,98,100,101" /><INIT seed="3,2,2,1,4,46" ten="235,134,234,377" oya="3" hai0="98,103,41,71,82,23,20,31,58,87,86,115,19" hai1="116,64,119,100,37,53,48,13,4,76,69,24,124" hai2="89,125,54,130,88,75,108,21,118,6,92,27,36" hai3="110,15,12,113,9,72,60,43,45,59,25,131,133"/><W91/><G113/><T106/><D71/><U32/><E37/><V96/><F118/><N who="1" m="45097" /><E124/><V111/><F36/><W52/><G72/><T105/><D115/><U67/><E69/><V123/><F75/><W7/><G131/><T73/><D106/><U44/><E76/><V74/><F74/><W8/><G133/><T81/><D41/><U109/><E100/><V0/><F125/><W104/><G104/><T29/><D73/><U84/><E84/><V99/><F130/><W63/><G110/><N who="2" m="42025" /><F123/><W132/><G132/><T80/><D58/><U57/><E109/><V121/><F121/><W135/><G135/><T14/><REACH who="0" step="1"/><D31/><REACH who="0" ten="225,134,234,377" step="2"/><N who="1" m="19559" /><E57/><V114/><F114/><W50/><G25/><AGARI ba="2,3" hai="14,19,20,23,25,29,80,81,82,86,87,98,103,105" machi="25" ten="40,1300,0" yaku="1,1,53,0" doraHai="46" doraHaiUra="5" who="0" fromWho="3" sc="225,49,134,0,234,0,377,-19" /><INIT seed="4,0,0,5,1,72" ten="274,134,234,358" oya="0" hai0="68,21,135,53,64,89,126,43,20,74,50,125,48" hai1="6,45,103,76,100,90,10,27,77,99,82,55,41" hai2="92,131,111,16,81,1,14,127,80,96,104,113,120" hai3="4,133,106,52,97,29,40,33,122,49,95,86,26"/><T30/><D74/><U54/><E27/><V63/><F111/><W15/><G133/><T70/><D135/><U12/><E82/><V107/><F120/><W66/><G106/><T124/><D89/><U38/><E90/><V67/><F1/><W93/><G66/><T83/><D83/><U37/><E37/><V116/><F113/><W121/><G40/><T123/><D123/><N who="3" m="47113" /><G86/><T128/><D128/><U130/><E100/><V69/><F131/><W73/><G73/><T71/><D64/><U7/><E6/><V25/><F127/><W108/><G108/><T46/><REACH who="0" step="1"/><D30/><REACH who="0" ten="264,134,234,358" step="2"/><U28/><E28/><V88/><F81/><W79/><G29/><T114/><D114/><U61/><E130/><V85/><F116/><W35/><G35/><T56/><AGARI ba="0,1" hai="20,21,43,46,48,50,53,56,68,70,71,124,125,126" machi="56" ten="40,7800,0" yaku="1,1,0,1,18,1,53,0" doraHai="72" doraHaiUra="84" who="0" fromWho="0" sc="264,88,134,-26,234,-26,358,-26" /><INIT seed="4,1,0,2,2,109" ten="352,108,208,332" oya="0" hai0="13,26,7,11,58,135,115,31,19,113,37,53,71" hai1="105,25,20,24,35,8,123,10,70,45,49,98,62" hai2="63,89,108,18,9,85,42,133,79,117,128,27,132" hai3="114,74,91,76,2,101,86,93,107,75,102,50,103"/><T57/><D71/><U129/><E123/><V59/><F108/><W124/><G2/><N who="0" m="503" /><D37/><U46/><E129/><V81/><F128/><W96/><G50/><T61/><D53/><U30/><E46/><V80/><F117/><W83/><G124/><T127/><D61/><U21/><E35/><V51/><F42/><W125/><G125/><T1/><D1/><U72/><E72/><N who="3" m="27690" /><G114/><N who="0" m="43531" /><D135/><U92/><E105/><AGARI ba="1,0" hai="76,83,86,91,93,96,101,102,103,105,107" m="27690" machi="105" ten="30,8000,1" yaku="35,5" doraHai="109" who="3" fromWho="1" sc="352,0,108,-83,208,0,332,83" /><INIT seed="5,0,0,1,0,11" ten="352,25,208,415" oya="1" hai0="8,24,59,127,39,65,52,107,116,103,62,7,71" hai1="41,131,100,113,4,119,63,19,37,104,64,47,80" hai2="33,46,57,130,124,60,91,26,98,15,6,76,129" hai3="122,10,54,101,94,32,92,22,44,16,128,58,117"/><U68/><E119/><V125/><F76/><W110/><G110/><T56/><D116/><U73/><E113/><V45/><F91/><W79/><G32/><T120/><D127/><N who="2" m="48714" /><F98/><W14/><G117/><T70/><D120/><U111/><E111/><V28/><F6/><N who="3" m="3415" /><G128/><N who="2" m="49257" /><F15/><N who="3" m="9503" /><G122/><T13/><D39/><U133/><E131/><V135/><F135/><W61/><G79/><T25/><D107/><U3/><E19/><V5/><F5/><W102/><G44/><T35/><D103/><AGARI ba="0,0" hai="54,58,61,92,94,101,102,103" m="9503,3415" machi="103" ten="30,7700,0" yaku="8,1,52,2,54,1" doraHai="11" who="3" fromWho="0" sc="352,-77,25,0,208,0,415,77" /><INIT seed="6,0,0,3,5,43" ten="275,25,208,492" oya="2" hai0="20,127,112,131,35,80,47,123,71,102,79,58,89" hai1="104,63,12,28,26,56,45,57,87,51,94,15,23" hai2="8,65,36,10,90,75,74,105,113,17,50,52,98" hai3="96,101,135,115,97,9,42,129,64,19,59,54,132"/><V92/><F113/><W24/><G129/><T100/><D71/><U128/><E128/><V81/><F36/><W69/><G42/><T6/><D35/><U7/><E104/><V62/><F105/><W68/><G97/><T126/><D131/><U41/><E57/><V124/><F124/><N who="0" m="47658" /><D123/><U25/><E7/><V30/><F30/><W85/><G64/><T110/><D110/><U2/><E2/><V88/><F90/><W46/><G85/><T130/><D112/><U13/><E26/><V14/><F81/><W77/><G19/><T119/><D119/><U114/><E114/><V95/><F95/><W16/><G9/><T40/><D58/><U133/><E133/><V73/><F8/><W116/><G24/><T27/><D6/><U3/><E3/><V125/><F125/><W84/><G84/><N who="0" m="50311" /><D79/><U37/><E37/><V72/><F72/><W29/><G69/><T4/><D4/><U122/><E122/><V0/><F0/><W83/><G68/><T106/><D106/><U1/><E1/><V5/><F5/><W33/><G59/><T117/><D117/><U134/><E134/><V86/><F86/><W39/><G33/><T99/><D99/><U18/><E87/><V61/><REACH who="2" step="1"/><F65/><REACH who="2" ten="275,25,198,492" step="2"/><W44/><G83/><T11/><D11/><U67/><REACH who="1" step="1"/><E94/><REACH who="1" ten="275,15,198,492" step="2"/><V103/><F103/><W38/><G101/><T66/><D130/><U31/><AGARI ba="0,2" hai="12,13,15,18,23,25,28,31,41,45,51,56,63,67" machi="31" ten="30,8000,1" yaku="1,1,2,1,0,1,8,1,52,1,53,0" doraHai="43" doraHaiUra="109" who="1" fromWho="1" sc="275,-20,15,100,198,-40,492,-20" /><INIT seed="7,0,0,1,1,7" ten="255,115,158,472" oya="3" hai0="32,46,62,66,89,4,15,92,64,87,81,90,127" hai1="56,44,86,126,71,69,70,103,2,128,17,42,88" hai2="117,102,101,114,52,63,61,135,80,18,5,130,113" hai3="100,28,120,111,23,97,75,104,8,20,119,51,50"/><W39/><G51/><T133/><D32/><U123/><E123/><V16/><F117/><W112/><G50/><T116/><D133/><U73/><E73/><V53/><F80/><W57/><G23/><T54/><D127/><U36/><E126/><V91/><F91/><W48/><G20/><T43/><D116/><U33/><E33/><V85/><F85/><W109/><G48/><N who="0" m="26719" /><D4/><U22/><E128/><V34/><F34/><W49/><G49/><T83/><D15/><U41/><E41/><V26/><F5/><W72/><G57/><N who="0" m="35127" /><D81/><U6/><E103/><N who="2" m="39435" /><F135/><W21/><G21/><T9/><D9/><U110/><E56/><V108/><F108/><W122/><G119/><T78/><D78/><U30/><E30/><V35/><F26/><W132/><G75/><T82/><D82/><U107/><E107/><V99/><F35/><W96/><G72/><T93/><D93/><U19/><E110/><V24/><F24/><W55/><G104/><T68/><D68/><U67/><E67/><V125/><F130/><W12/><G111/><T3/><D3/><U47/><E47/><V14/><F125/><W59/><G109/><T0/><D0/><U95/><REACH who="1" step="1"/><E22/><REACH who="1" ten="255,105,158,472" step="2"/><V124/><F124/><W79/><G120/><T131/><D131/><U129/><E129/><V74/><F74/><W27/><G122/><T38/><D66/><U40/><E40/><V58/><F58/><W13/><G59/><T11/><D64/><U29/><E29/><V60/><F60/><W37/><G28/><T31/><D31/><U134/><E134/><V118/><F63/><W106/><G132/><RYUUKYOKU ba="0,1" sc="255,-10,105,30,158,-10,472,-10" hai1="2,6,17,19,36,42,44,69,70,71,86,88,95" owari="245,4.5,135,-36.5,148,-25.2,472,57.2" /></mjloggm>