<mjloggm ver="2.3"><GO type="169" lobby="0"/><UN n0="%E3%82%B1%E3%83%AB%E3%83%B4%E3%82%A3%E3%83%B3" n1="%E2%84%83%2D%75%74%65" n2="%E3%82%A2%E3%83%AA%E3%82%A2%E3%83%B3%E3%83%AD%E3%83%BC%E3%83%89" n3="%E3%83%8D%E3%82%AA%E3%81%8D%E3%82%85%E3%81%86%E3%82%8A" dan="16,17,16,16" rate="2147.68,2203.72,2120.53,2187.77" sx="M,M,F,M"/><TAIKYOKU oya="0"/><INIT seed="0,0,0,0,4,110" ten="250,250,250,250" oya="0" hai0="106,77,111,27,81,101,128,127,83,78,132,125,85" hai1="38,54,60,20,16,53,28,34,75,80,93,23,79" hai2="48,113,84,133,22,124,14,17,63,56,89,86,73" hai3="57,36,131,0,3,108,87,61,99,9,35,104,129"/><T65/><D65/><U95/><BYE who="0" /><E38/><V10/><F73/><UN n0="%E3%82%B1%E3%83%AB%E3%83%B4%E3%82%A3%E3%83%B3" /><W44/><G35/><T8/><D8/><U59/><E34/><V115/><F133/><W19/><G108/><T21/><D21/><U37/><E37/><V39/><BYE who="1" /><F39/><W25/><G87/><T91/><D27/><U90/><E90/><V71/><F124/><N who="0" m="47690" /><D132/><U126/><E126/><V134/><F134/><W88/><G25/><UN n1="%E2%84%83%2D%75%74%65" /><T94/><D111/><U31/><E53/><V119/><F119/><W18/><G19/><T122/><D122/><U76/><E76/><N who="0" m="29289" /><D128/><U51/><E23/><V50/><F84/><W47/><G18/><T33/><D33/><U40/><E31/><V114/><F71/><W67/><G9/><T97/><AGARI ba="0,0" hai="81,83,85,91,94,97,101,106" m="29289,47690" machi="97" ten="30,6000,0" yaku="18,1,34,2" doraHai="110" who="0" fromWho="0" sc="250,60,250,-20,250,-20,250,-20" /><INIT seed="0,1,0,1,4,131" ten="310,230,230,230" oya="0" hai0="93,97,108,112,41,102,98,21,0,52,7,12,125" hai1="66,61,37,58,100,74,101,89,76,78,70,110,50" hai2="57,63,120,10,72,128,25,51,99,83,3,5,85" hai3="121,55,95,122,96,92,75,36,119,6,46,44,53"/><T49/><D112/><U67/><E110/><V103/><F120/><W88/><G119/><T126/><D108/><U27/><E37/><V69/><F128/><W1/><G75/><T80/><D0/><U68/><E27/><V77/><F51/><W135/><G135/><T109/><D109/><U107/><E89/><V133/><F133/><W13/><G1/><T2/><D2/><U123/><E50/><V111/><F111/><W118/><G118/><T129/><D129/><U134/><E58/><V9/><F9/><N who="3" m="4279" /><G95/><T127/><D41/><U24/><E24/><V40/><F40/><N who="3" m="22535" /><G46/><T8/><D21/><U105/><E61/><V43/><F43/><W116/><G116/><T47/><D98/><U64/><E64/><V73/><F69/><W84/><G96/><T106/><REACH who="0" step="1"/><D80/><REACH who="0" ten="300,230,230,230" step="2"/><U59/><E134/><V32/><F32/><W71/><G71/><T79/><D79/><U86/><E76/><V124/><F99/><W39/><G39/><T87/><D87/><U38/><E86/><V60/><F85/><W31/><G31/><T35/><D35/><U45/><E78/><V94/><F83/><W33/><G33/><T28/><D28/><U34/><E34/><V14/><F77/><W90/><G90/><T15/><D15/><U62/><E68/><V29/><F14/><W11/><G11/><T81/><D81/><U17/><E70/><V54/><F3/><W20/><G20/><T56/><D56/><U23/><E59/><V65/><F10/><W114/><G114/><T42/><D42/><U117/><E38/><V48/><F29/><W91/><G91/><RYUUKYOKU ba="1,1" sc="300,15,230,-15,230,-15,230,15" hai0="7,8,12,47,49,52,93,97,102,106,125,126,127" hai3="53,55,84,88,92,121,122" /><INIT seed="0,2,1,3,2,47" ten="315,215,215,245" oya="0" hai0="134,100,32,124,106,3,117,10,110,59,113,53,108" hai1="52,64,14,30,78,25,20,132,31,121,73,89,131" hai2="29,45,35,69,50,21,105,129,102,83,107,91,70" hai3="12,51,116,98,17,101,135,28,15,72,61,40,23"/><T115/><D32/><U57/><E121/><V77/><F129/><W44/><G116/><T43/><D43/><U58/><E131/><V68/><F35/><W82/><G135/><T65/><D65/><U48/><E132/><V79/><F91/><W103/><G28/><T93/><D134/><U123/><E123/><V38/><F38/><W54/><G72/><T41/><D41/><U63/><E73/><V19/><F29/><W24/><G82/><T34/><D34/><U128/><E128/><V99/><F105/><W39/><G61/><T2/><D106/><U80/><E31/><V22/><F83/><W42/><G42/><T95/><D117/><U112/><E112/><N who="0" m="43081" /><D10/><U1/><E1/><N who="0" m="9" /><D100/><U104/><E104/><V13/><REACH who="2" step="1"/><F22/><REACH who="2" ten="315,215,205,245" step="2"/><W74/><G103/><T60/><D124/><U76/><E80/><V88/><F88/><W84/><G74/><T133/><D133/><U33/><E89/><V49/><F49/><W4/><G84/><T8/><D8/><U26/><E33/><V125/><F125/><W0/><G101/><T118/><D118/><U114/><E114/><V119/><F119/><W97/><G97/><T120/><D120/><U46/><E30/><V109/><F109/><AGARI ba="2,2" hai="53,59,60,93,95,108,109,110" m="9,43081" machi="109" ten="40,3900,0" yaku="14,1,10,1" doraHai="47" who="0" fromWho="2" sc="315,65,215,0,205,-45,245,0" /><INIT seed="0,3,0,0,4,61" ten="380,215,160,245" oya="0" hai0="63,33,30,105,103,64,97,118,23,18,111,31,125" hai1="68,38,124,43,49,54,104,114,107,83,72,119,42" hai2="26,80,62,98,76,133,94,39,132,51,4,126,41" hai3="109,73,47,117,123,90,3,37,113,99,35,17,57"/><T112/><D112/><U25/><E119/><V15/><F126/><W81/><G17/><T10/><D125/><U86/><E72/><V66/><F39/><W6/><G57/><T40/><D118/><U131/><E131/><V48/><F26/><W106/><G6/><T52/><D111/><U29/><E68/><V69/><F4/><W70/><G47/><T78/><D78/><U122/><E122/><V13/><F13/><W8/><G8/><T59/><D33/><U96/><E114/><V56/><F15/><W24/><G24/><T67/><D40/><U50/><E38/><V87/><F41/><W16/><G16/><T89/><D89/><U65/><E65/><V102/><REACH who="2" step="1"/><F69/><REACH who="2" ten="380,215,150,245" step="2"/><W92/><G117/><T120/><D120/><U1/><E42/><V58/><F58/><W34/><G37/><T19/><D10/><U75/><E43/><V45/><F45/><W74/><G123/><T108/><D108/><U9/><E9/><V135/><AGARI ba="3,1" hai="48,51,56,62,66,76,80,87,94,98,102,132,133,135" machi="135" ten="30,7900,0" yaku="1,1,0,1,20,1,52,1,53,0" doraHai="61" doraHaiUra="11" who="2" fromWho="2" sc="380,-42,215,-23,150,98,245,-23" /><INIT seed="1,0,0,3,1,37" ten="338,192,248,222" oya="1" hai0="60,95,80,10,41,36,106,21,68,33,55,34,74" hai1="130,122,132,24,50,1,100,13,119,114,111,7,56" hai2="79,124,91,73,42,86,103,105,3,2,66,26,135" hai3="127,90,38,20,15,0,88,63,48,51,71,109,54"/><U53/><E1/><V87/><F66/><W35/><G0/><T108/><D95/><U16/><E114/><V92/><F135/><W75/><G35/><T102/><D21/><U40/><E119/><V67/><F124/><W93/><G38/><T14/><D55/><U72/><E72/><V115/><F115/><W134/><G127/><T47/><D108/><U107/><E122/><V11/><F67/><W128/><G109/><T112/><D112/><U62/><E111/><V98/><F86/><W77/><G128/><T32/><D14/><U19/><E132/><V12/><F42/><W46/><G134/><T31/><D10/><U69/><E130/><V121/><F26/><W125/><G125/><T6/><D6/><U8/><E24/><V126/><F121/><W131/><G71/><T101/><D101/><U70/><E70/><V44/><F44/><W28/><G63/><T59/><D31/><U118/><E118/><V129/><F129/><W4/><G28/><T76/><D59/><U39/><E100/><V18/><REACH who="2" step="1"/><F126/><REACH who="2" ten="338,192,238,222" step="2"/><W82/><G46/><T23/><D47/><N who="1" m="23967" /><E107/><V64/><F64/><AGARI ba="0,1" hai="7,8,13,16,19,50,53,56,62,64,69" m="23967" machi="64" ten="30,5800,0" yaku="24,1,52,1,54,1" doraHai="37" who="1" fromWho="2" sc="338,0,192,68,238,-58,222,0" /><INIT seed="1,1,0,0,1,82" ten="338,260,180,222" oya="1" hai0="29,66,113,109,48,97,89,61,45,12,98,60,44" hai1="95,14,91,26,127,106,84,105,46,52,115,100,116" hai2="67,9,8,86,47,130,129,133,19,135,38,71,6" hai3="15,22,73,35,119,43,112,85,40,17,53,122,77"/><U65/><E115/><V16/><F71/><W81/><G112/><T94/><D113/><U110/><E116/><V74/><F67/><W30/><G122/><T58/><D109/><U1/><E1/><V87/><F74/><W124/><G119/><T108/><D108/><U32/><E110/><V39/><F47/><W63/><G124/><T36/><D36/><U34/><E127/><V13/><F13/><W68/><G73/><T25/><D12/><U78/><E65/><V128/><F128/><W41/><G68/><T79/><D79/><U76/><E14/><V5/><AGARI ba="1,0" hai="5,6,8,9,16,19,38,39,86,87,129,130,133,135" machi="5" ten="25,12000,2" yaku="0,1,22,2,52,2,54,1" doraHai="82" who="2" fromWho="2" sc="338,-31,260,-61,180,123,222,-31" /><INIT seed="2,0,0,0,4,68" ten="307,199,303,191" oya="2" hai0="85,40,43,134,105,106,81,39,6,79,62,78,115" hai1="21,97,23,55,127,64,70,22,72,16,119,63,18" hai2="15,95,56,7,77,17,109,29,28,3,112,13,88" hai3="67,5,19,41,37,124,61,69,11,44,66,0,121"/><V100/><F112/><W4/><G124/><T91/><D115/><U34/><E119/><V98/><F3/><W89/><G121/><T99/><D134/><U122/><E127/><V10/><F77/><W27/><G67/><T104/><D6/><U60/><E122/><V48/><F109/><W47/><G5/><T90/><D62/><U53/><E72/><V129/><F129/><W128/><G128/><T73/><D43/><U50/><E34/><V110/><F110/><W26/><G19/><T25/><D25/><U130/><E130/><V117/><F100/><W120/><G120/><T14/><D14/><U49/><E97/><V123/><F117/><W20/><G20/><T45/><REACH who="0" step="1"/><D99/><REACH who="0" ten="297,199,303,191" step="2"/><U93/><E70/><V2/><F123/><W116/><G116/><T107/><N who="0" m="26624" /><DORA hai="54" /><T82/><AGARI ba="0,1" hai="39,40,45,73,78,79,81,82,85,90,91" m="26624" machi="82" ten="60,8000,1" yaku="1,1,4,1,0,1,52,1,53,0" doraHai="68,54" doraHaiUra="126,132" who="0" fromWho="0" sc="297,90,199,-20,303,-40,191,-20" /><INIT seed="3,0,0,1,2,133" ten="387,179,263,171" oya="3" hai0="7,6,25,104,103,55,81,54,2,125,73,86,50" hai1="23,134,27,53,29,98,33,115,47,113,127,19,15" hai2="69,88,95,118,123,83,132,77,20,87,117,52,22" hai3="12,17,38,0,76,11,102,92,51,44,35,116,78"/><W119/><G35/><T46/><D73/><U45/><E134/><V56/><F132/><W64/><G38/><T121/><D121/><U34/><E34/><V129/><F123/><W135/><G135/><T67/><D67/><U124/><E98/><V96/><F69/><W70/><G0/><T61/><D104/><U128/><E128/><V74/><F129/><W49/><G49/><T14/><D103/><U28/><E28/><V122/><F122/><W105/><G105/><T99/><D99/><U72/><E72/><V80/><F118/><W114/><G114/><N who="1" m="43530" /><E53/><V100/><REACH who="2" step="1"/><F117/><REACH who="2" ten="387,179,253,171" step="2"/><W65/><G119/><T91/><D2/><U60/><E60/><AGARI ba="0,1" hai="20,22,52,56,60,74,77,80,83,87,88,95,96,100" machi="60" ten="30,12000,2" yaku="1,1,2,1,7,1,54,2,53,1" doraHai="133" doraHaiUra="106" who="2" fromWho="1" sc="387,0,179,-120,253,130,171,0" /><INIT seed="4,0,0,1,3,73" ten="387,59,383,171" oya="0" hai0="131,88,35,50,53,62,3,55,31,99,98,86,85" hai1="124,93,119,18,43,133,126,121,123,90,72,111,94" hai2="101,116,49,16,106,110,21,61,120,25,23,38,26" hai3="77,114,69,12,6,44,63,81,40,2,109,129,104"/><T33/><D3/><U75/><E43/><V117/><F120/><N who="1" m="46153" /><E18/><V127/><F38/><W128/><G109/><T54/><D50/><U64/><E64/><V134/><F110/><W37/><G12/><T122/><D122/><U92/><E111/><V10/><F134/><W79/><G6/><T118/><D118/><N who="2" m="45674" /><F127/><N who="1" m="48681" /><E119/><V1/><F49/><W15/><G15/><T65/><D86/><U60/><E60/><V29/><F61/><W115/><G2/><T82/><D131/><N who="3" m="50249" /><G104/><T108/><D108/><U46/><E46/><V24/><F106/><W47/><G47/><T28/><D33/><U87/><E133/><V112/><F101/><W97/><G97/><T48/><D48/><U34/><E34/><V125/><F125/><W51/><G51/><T74/><D74/><AGARI ba="0,0" hai="72,74,75,87,90,92,93,94" m="48681,46153" machi="74" ten="40,5200,0" yaku="18,1,34,2" doraHai="73" who="1" fromWho="0" sc="387,-52,59,52,383,0,171,0" /><INIT seed="5,0,0,1,3,29" ten="335,111,383,171" oya="1" hai0="21,77,54,34,47,111,35,27,129,55,44,102,108" hai1="20,118,30,100,28,36,128,119,38,80,68,104,65" hai2="32,24,82,99,56,14,11,41,114,9,74,131,42" hai3="23,103,0,78,123,50,86,115,17,43,62,73,70"/><U16/><E128/><V76/><F131/><W66/><G123/><T130/><D77/><U33/><E80/><V87/><F114/><W39/><G115/><T124/><D27/><N who="1" m="18655" /><E28/><V105/><F9/><W51/><G0/><T75/><D102/><U63/><E20/><V79/><F32/><W116/><G116/><N who="1" m="44586" /><E16/><V127/><F24/><W97/><G86/><T45/><D45/><U83/><E83/><V101/><F76/><W37/><G73/><T109/><D109/><U25/><E25/><V58/><F58/><W5/><G5/><T120/><D120/><U95/><E95/><V91/><F56/><W1/><G1/><T31/><D31/><U53/><E53/><V106/><F106/><W92/><G78/><T96/><D21/><U84/><E84/><V13/><F13/><W107/><G107/><T7/><D96/><AGARI ba="0,0" hai="36,38,63,65,68,96,100,104" m="44586,18655" machi="96" ten="30,5800,0" yaku="25,1,23,1,52,1" doraHai="29" who="1" fromWho="0" sc="335,-58,111,58,383,0,171,0" /><INIT seed="5,1,0,3,5,68" ten="277,169,383,171" oya="1" hai0="11,76,84,59,55,44,23,29,122,127,101,30,95" hai1="130,91,72,24,77,42,106,74,102,70,0,38,2" hai2="5,58,75,17,132,35,69,9,49,121,119,21,115" hai3="39,15,53,110,19,131,123,63,79,128,25,92,108"/><U99/><E91/><V60/><F119/><W54/><G123/><T100/><D122/><U96/><E96/><V67/><F121/><W27/><G79/><T18/><D127/><U134/><E130/><N who="3" m="49706" /><G92/><T125/><D125/><U87/><E87/><V104/><F35/><W56/><G54/><T8/><D44/><N who="1" m="23639" /><E134/><V113/><F132/><W73/><G73/><N who="1" m="28266" /><E77/><V14/><F104/><W103/><G103/><T111/><D111/><N who="3" m="42537" /><G39/><T33/><D101/><U105/><E105/><V126/><F126/><W16/><G19/><T62/><D100/><U13/><E13/><V4/><F75/><W20/><AGARI ba="1,0" hai="15,16,20,25,27,53,56,63" m="42537,49706" machi="20" ten="30,2000,0" yaku="19,1,54,1" doraHai="68" who="3" fromWho="3" sc="277,-6,169,-11,383,-6,171,23" /><INIT seed="6,0,0,0,5,95" ten="271,158,377,194" oya="2" hai0="74,29,80,13,21,17,67,127,12,39,9,16,129" hai1="48,38,115,25,37,96,97,71,1,15,77,110,84" hai2="22,89,30,116,58,106,76,33,120,60,131,109,82" hai3="125,32,3,63,118,14,86,130,103,0,19,26,54"/><V105/><F116/><W49/><G118/><T4/><D129/><U93/><E110/><V41/><F131/><W28/><G130/><T92/><D127/><U102/><E1/><V79/><F120/><W68/><G125/><T126/><D126/><U135/><E71/><V98/><F33/><W119/><G119/><T10/><D39/><U31/><E115/><V104/><F41/><W85/><G103/><T64/><D29/><U40/><E135/><V124/><F109/><W73/><G73/><T81/><D92/><U91/><E77/><V88/><F76/><W99/><G99/><T8/><D74/><U6/><E96/><V112/><F112/><W83/><G63/><T20/><REACH who="0" step="1"/><D4/><REACH who="0" ten="261,158,377,194" step="2"/><U23/><E6/><V132/><F124/><W7/><G7/><T101/><D101/><U57/><E38/><V42/><F106/><W43/><G28/><T27/><D27/><U2/><E2/><V66/><F105/><W113/><G26/><T24/><D24/><U36/><E15/><V107/><F107/><W111/><G111/><T123/><D123/><U18/><E31/><V44/><F104/><W72/><G32/><T61/><D61/><U35/><E35/><V128/><F128/><W87/><G113/><T134/><D134/><U53/><REACH who="1" step="1"/><E40/><REACH who="1" ten="261,148,377,194" step="2"/><V11/><F132/><W47/><G43/><T56/><D56/><U75/><E75/><V114/><F114/><W117/><G68/><T70/><D70/><U34/><E34/><V45/><F42/><W52/><G117/><T65/><AGARI ba="0,2" hai="8,9,10,12,13,16,17,20,21,64,65,67,80,81" machi="65" ten="30,12000,2" yaku="1,1,0,1,9,1,8,1,54,1,53,2" doraHai="95" doraHaiUra="78" who="0" fromWho="0" sc="261,140,148,-30,377,-60,194,-30" /><INIT seed="7,0,0,1,5,11" ten="401,118,317,164" oya="3" hai0="105,36,22,49,128,24,21,12,56,0,10,16,102" hai1="19,1,4,94,89,17,131,87,74,110,134,116,14" hai2="83,81,37,50,115,45,119,67,3,58,44,132,30" hai3="48,93,2,59,61,29,72,98,111,100,112,124,129"/><W18/><G2/><T63/><D36/><U88/><E110/><V135/><F3/><W31/><G72/><T117/><D117/><U35/><E74/><V68/><F30/><W104/><G124/><T127/><D127/><U26/><E131/><V13/><F13/><W23/><G129/><T38/><D38/><U39/><E39/><V77/><F77/><W64/><G112/><T120/><D128/><U52/><E134/><V125/><F125/><W109/><G104/><T57/><D120/><U121/><E121/><V51/><F81/><W101/><G101/><T130/><D130/><U122/><E122/><V96/><F83/><W54/><G111/><T6/><D49/><U91/><E116/><V118/><F96/><W133/><G133/><N who="2" m="51273" /><F115/><W90/><G100/><T32/><D63/><U92/><E1/><V27/><F27/><W123/><G123/><T41/><D41/><U113/><E113/><V40/><F50/><W8/><G8/><T82/><D82/><U65/><E65/><V71/><F44/><W73/><G73/><T55/><D22/><N who="1" m="13663" /><E35/><V95/><F95/><N who="1" m="36393" /><E4/><V79/><F79/><W99/><G99/><T70/><D105/><U78/><E78/><V108/><F108/><W28/><G109/><T15/><D102/><U5/><E5/><V75/><F68/><W126/><G126/><T86/><D70/><U60/><E87/><V69/><F71/><W84/><G84/><T103/><D86/><U43/><E43/><V66/><F75/><W20/><G98/><T9/><D9/><N who="1" m="6351" /><E91/><V85/><F118/><W76/><G90/><T46/><D103/><RYUUKYOKU ba="0,0" sc="401,-10,118,30,317,-10,164,-10" hai1="52,60,88,89" owari="391,49.1,148,-35.2,307,10.7,154,-24.6" /></mjloggm>