<mjloggm ver="2.3"><GO type="225" lobby="0"/><UN n0="%E3%83%81%E3%83%83%E3%82%BF%E3%82%BD%E3%83%BC" n1="%43%55%4B%45%59" n2="%E5%91%A8%E6%9D%B1" n3="%E3%83%96%E3%83%83%E3%83%91%E3%82%AA%E3%83%96%E3%83%81%E3%82%AD%E3%83%B3" dan="16,16,16,16" rate="2149.54,2056.81,2163.07,2159.40" sx="F,M,M,M"/><TAIKYOKU oya="0"/><INIT seed="0,0,0,3,5,58" ten="250,250,250,250" oya="0" hai0="3,122,43,76,52,62,16,107,45,95,124,83,48" hai1="135,94,114,72,17,129,20,33,59,10,96,18,112" hai2="69,134,133,108,84,7,75,101,44,115,79,67,49" hai3="109,29,56,89,47,36,12,34,125,120,88,126,2"/><T0/><D124/><N who="3" m="47721" /><G2/><T100/><D122/><U132/><E72/><V1/><F115/><N who="1" m="44073" /><E59/><V131/><F131/><W57/><G120/><T130/><D107/><U97/><E33/><V39/><F108/><W25/><G109/><T102/><D130/><U64/><E64/><V51/><F101/><W78/><G78/><T26/><D95/><U74/><E74/><V24/><F75/><W121/><G121/><T93/><D93/><U66/><E66/><V105/><F79/><W92/><G12/><T110/><D110/><U116/><E116/><V8/><F105/><W128/><G128/><T53/><D0/><U71/><E71/><V70/><F84/><N who="3" m="52231" /><G89/><T40/><D3/><U9/><E129/><V13/><F1/><W28/><G28/><T23/><D100/><U41/><E94/><V117/><F117/><W38/><G38/><T99/><D102/><U22/><E97/><V118/><F118/><W21/><G34/><T42/><D99/><U81/><E96/><V4/><F39/><W50/><G36/><T119/><D119/><U123/><E81/><V127/><F127/><W5/><G5/><T37/><D37/><U31/><E123/><V14/><F4/><W106/><G106/><T15/><D83/><U35/><E35/><V46/><F7/><W85/><G85/><T32/><D32/><U60/><E31/><V27/><F8/><W73/><G73/><T91/><D76/><U6/><E9/><V55/><F55/><AGARI ba="0,0" hai="21,25,29,47,50,55,56,57" m="52231,47721" machi="55" ten="30,2000,0" yaku="18,1,54,1" doraHai="58" who="3" fromWho="2" sc="250,0,250,0,250,-20,250,20" /><INIT seed="1,0,0,2,5,45" ten="250,250,230,270" oya="1" hai0="23,98,102,101,103,27,35,19,128,53,63,74,134" hai1="124,107,40,126,104,127,66,70,62,100,16,83,33" hai2="125,67,26,65,92,44,43,15,75,116,5,3,54" hai3="11,2,94,9,120,25,6,39,32,36,111,49,10"/><U135/><E135/><V60/><F75/><W31/><G120/><T22/><D134/><U0/><E0/><V89/><F125/><W59/><G111/><T132/><D132/><U42/><E33/><V106/><F106/><W18/><G11/><T13/><D128/><U95/><E83/><V113/><F113/><W28/><G28/><T93/><D35/><U87/><E104/><V73/><F73/><W34/><G34/><T78/><D78/><U96/><E16/><V69/><F116/><W58/><G58/><N who="0" m="35279" /><D74/><U24/><E24/><V29/><F3/><W47/><G59/><T82/><D82/><U121/><E121/><V81/><F81/><W85/><G10/><T84/><D84/><U38/><E38/><V41/><F67/><W110/><G18/><AGARI ba="0,0" hai="13,18,19,22,23,27,93,98,101,102,103" m="35279" machi="18" ten="30,1000,0" yaku="8,1" doraHai="45" who="0" fromWho="3" sc="250,10,250,0,230,0,270,-10" /><INIT seed="2,0,0,2,4,133" ten="260,250,230,260" oya="2" hai0="118,108,96,21,9,100,122,47,134,1,42,121,17" hai1="85,50,95,81,7,72,29,97,83,64,67,86,38" hai2="45,8,91,25,34,23,115,82,90,18,33,13,35" hai3="135,99,119,32,26,55,48,77,125,101,11,51,36"/><V92/><F115/><W112/><G119/><T56/><D118/><U41/><E72/><V70/><F70/><W63/><G36/><T24/><D134/><U130/><E38/><V126/><F126/><W15/><G77/><T84/><D108/><U114/><E114/><V117/><F117/><W6/><G135/><T87/><D56/><U69/><E69/><V65/><F65/><W113/><G125/><T103/><D121/><U2/><E29/><V5/><F45/><W93/><G63/><T54/><D54/><U68/><E68/><V66/><F66/><W80/><G80/><T94/><D103/><N who="1" m="60863" /><E7/><V107/><F107/><W44/><REACH who="3" step="1"/><G51/><REACH who="3" ten="260,250,230,250" step="2"/><T22/><D122/><U129/><E83/><V60/><F60/><W30/><AGARI ba="0,1" hai="6,11,15,26,30,32,44,48,55,93,99,101,112,113" machi="30" ten="30,4000,0" yaku="1,1,2,1,0,1,53,0" doraHai="133" doraHaiUra="127" who="3" fromWho="3" sc="260,-10,250,-10,230,-20,250,50" /><INIT seed="3,0,0,5,0,106" ten="250,240,210,300" oya="3" hai0="99,17,9,52,0,115,56,128,122,44,43,69,66" hai1="89,96,64,42,49,123,47,59,103,41,76,21,93" hai2="58,119,73,30,118,4,98,63,36,40,70,35,32" hai3="28,116,16,87,74,108,107,26,80,50,15,57,7"/><W112/><G112/><T25/><D128/><U101/><E123/><V91/><F70/><W77/><G116/><T38/><D122/><U84/><E42/><V71/><F71/><W105/><G7/><T5/><D115/><U27/><E76/><V135/><F4/><W10/><G108/><T13/><D25/><U120/><E120/><V95/><F135/><W24/><G24/><T67/><D99/><U90/><E59/><V72/><F40/><W19/><G19/><T54/><D54/><U88/><E64/><V68/><F68/><W23/><G87/><T11/><REACH who="0" step="1"/><D69/><REACH who="0" ten="240,240,210,300" step="2"/><U45/><E45/><V3/><F119/><W114/><G114/><T8/><D8/><U39/><E103/><V2/><F118/><W127/><G127/><T78/><D78/><U102/><E102/><V83/><F30/><W22/><G10/><T82/><D82/><U1/><E101/><V37/><F83/><W97/><G97/><T125/><D125/><U12/><E96/><V134/><F134/><W111/><G111/><T121/><D121/><U130/><E130/><V14/><F98/><W109/><G109/><T131/><D131/><U79/><E27/><V129/><F129/><W65/><G107/><T60/><AGARI ba="0,1" hai="0,5,9,11,13,17,38,43,44,52,56,60,66,67" machi="60" ten="20,5200,0" yaku="1,1,0,1,7,1,54,1,53,0" doraHai="106" doraHaiUra="100" who="0" fromWho="0" sc="240,62,240,-13,210,-13,300,-26" owari="302,40.2,227,-17.3,197,-30.3,274,7.4" /></mjloggm>