<mjloggm ver="2.3"><GO type="225" lobby="0"/><UN n0="%E6%98%93%E5%88%A9%E8%96%A9%E4%BC%AF" n1="%E7%B4%94%E6%BD%94%E3%83%94%E3%83%A9%E3%83%8B%E3%82%A2" n2="%33%74%72%65%65" n3="%E8%B5%A4%E3%81%84%E8%9B%99%31%31" dan="17,16,17,16" rate="2222.31,2196.30,2151.54,2083.30" sx="F,M,F,M"/><TAIKYOKU oya="0"/><INIT seed="0,0,0,1,0,16" ten="250,250,250,250" oya="0" hai0="71,6,67,62,54,84,20,70,76,82,126,98,132" hai1="46,40,101,33,77,7,105,69,112,83,37,97,78" hai2="107,88,27,2,120,51,9,109,68,38,65,18,121" hai3="110,52,134,19,114,74,129,117,90,8,28,50,115"/><T93/><D132/><U55/><E112/><V22/><F38/><W75/><G117/><T44/><D126/><U79/><E33/><V53/><F109/><W11/><G28/><T87/><D6/><U58/><E69/><V42/><F42/><W118/><G118/><T45/><D71/><U80/><REACH who="1" step="1"/><E7/><REACH who="1" ten="250,240,250,250" step="2"/><V106/><F68/><W3/><G115/><T85/><D20/><U81/><E81/><V123/><F22/><W1/><G114/><T96/><D96/><U26/><E26/><V5/><F27/><W125/><G125/><T108/><D108/><U34/><E34/><V116/><F116/><W21/><G110/><T128/><D128/><U43/><E43/><V99/><F99/><W95/><G129/><T63/><D98/><U102/><E102/><V122/><F122/><W113/><G113/><T39/><D93/><U103/><E103/><V36/><F121/><W29/><G134/><T104/><D104/><U17/><E17/><V111/><F106/><W31/><G19/><T10/><D82/><U25/><E25/><V47/><F18/><W57/><G21/><T30/><D70/><U133/><E133/><V32/><F32/><W135/><G135/><T15/><D30/><U66/><E66/><V100/><F65/><W0/><G29/><T86/><D67/><U14/><E14/><V89/><F111/><W49/><G31/><T13/><D13/><U41/><E41/><N who="2" m="22951" /><F123/><W35/><G35/><T130/><D15/><U92/><E92/><V64/><F120/><W119/><G119/><T91/><D130/><U23/><E23/><V24/><F107/><RYUUKYOKU ba="0,1" sc="250,-10,240,30,250,-10,250,-10" hai1="37,40,46,55,58,77,78,79,80,83,97,101,105" /><INIT seed="1,1,1,0,1,80" ten="240,270,240,240" oya="1" hai0="120,33,118,20,105,89,55,108,73,97,102,49,81" hai1="128,75,116,0,30,48,82,43,50,8,66,23,71" hai2="31,72,1,78,2,69,77,13,79,92,74,3,129" hai3="96,103,47,34,88,36,91,39,60,84,16,95,122"/><U111/><E116/><V106/><F106/><W93/><G122/><T45/><D33/><U115/><E115/><V5/><F129/><W90/><G34/><T42/><D108/><U63/><E128/><V99/><F69/><W85/><G60/><T41/><D118/><U40/><E111/><V59/><F31/><W56/><G56/><T51/><D120/><U121/><E121/><V76/><N who="2" m="19456" /><DORA hai="117" /><V123/><F123/><W94/><G16/><T53/><D73/><U112/><E82/><V29/><F29/><W110/><G110/><T83/><D20/><U35/><E35/><V134/><F134/><W38/><REACH who="3" step="1"/><G103/><REACH who="3" ten="240,270,240,230" step="2"/><T26/><D26/><U113/><E112/><V27/><F59/><W65/><G65/><T68/><D68/><U32/><E32/><V44/><F27/><W67/><G67/><T19/><D19/><U101/><E101/><V7/><F44/><AGARI ba="1,2" hai="36,38,39,44,47,84,85,88,90,91,93,94,95,96" machi="44" ten="40,8000,1" yaku="1,1,9,1,52,2,54,1,53,0" doraHai="80,117" doraHaiUra="58,109" who="3" fromWho="2" sc="240,0,270,0,240,-83,230,103" /><INIT seed="2,0,0,1,3,47" ten="240,270,157,333" oya="2" hai0="9,100,87,2,45,69,109,73,1,96,10,58,91" hai1="76,14,64,112,86,43,26,44,101,118,68,33,110" hai2="120,128,16,59,6,24,85,84,15,104,48,92,131" hai3="41,111,90,39,71,36,117,40,49,25,119,130,38"/><V46/><F120/><W21/><G130/><N who="2" m="49705" /><F104/><W31/><G71/><T34/><D69/><U99/><E112/><V135/><F135/><W77/><G77/><T29/><D73/><U83/><E118/><V63/><F24/><W89/><G111/><T115/><D115/><U82/><E110/><V81/><F92/><W123/><G123/><T18/><D29/><U102/><E83/><V20/><F6/><W28/><G28/><T103/><D34/><U50/><E26/><V132/><F132/><W8/><G8/><T106/><D103/><U62/><E33/><V22/><F22/><W23/><G23/><T66/><D109/><U107/><E101/><V133/><F133/><W121/><G121/><T78/><D78/><U4/><E4/><V55/><F81/><W75/><G75/><T65/><D10/><U61/><E14/><V122/><F122/><W79/><G79/><T37/><D18/><U105/><E61/><V12/><F12/><W67/><G119/><T60/><D9/><U52/><E43/><AGARI ba="0,0" hai="15,16,20,43,46,48,55,59,63,84,85" m="49705" machi="43" ten="30,5800,0" yaku="19,1,52,1,54,1" doraHai="47" who="2" fromWho="1" sc="240,0,270,-58,157,58,333,0" /><INIT seed="2,1,0,3,3,91" ten="240,212,215,333" oya="2" hai0="71,98,11,131,12,44,18,70,108,64,9,41,20" hai1="36,6,103,81,94,55,82,93,127,61,83,53,104" hai2="32,73,56,22,23,1,45,57,110,72,88,40,25" hai3="109,102,77,100,5,84,67,126,106,19,76,89,3"/><V112/><F112/><W42/><G42/><T79/><D108/><U96/><E36/><V124/><F1/><W114/><G67/><T69/><D131/><U7/><E127/><V113/><F113/><W17/><G3/><T27/><D79/><N who="3" m="30281" /><G114/><T31/><D98/><U52/><REACH who="1" step="1"/><E61/><REACH who="1" ten="240,202,215,333" step="2"/><V130/><F124/><W43/><G126/><T125/><D125/><U49/><E49/><V33/><F110/><W4/><G109/><T115/><D115/><U54/><N who="1" m="13312" /><DORA hai="29" /><U10/><E10/><V87/><F130/><W86/><G43/><T121/><D121/><U39/><E39/><V48/><F73/><W15/><G4/><AGARI ba="1,1" hai="4,6,7,81,82,83,93,94,96,103,104" m="13312" machi="4" ten="60,12000,2" yaku="1,1,52,2,54,1,53,3" doraHai="91,29" doraHaiUra="2,58" who="1" fromWho="3" sc="240,0,202,133,215,0,333,-123" /><INIT seed="3,0,0,0,5,1" ten="240,335,215,210" oya="3" hai0="21,64,126,31,98,102,73,128,14,85,49,35,28" hai1="17,132,92,66,46,39,87,134,103,63,120,37,55" hai2="44,117,36,95,10,4,34,16,12,0,82,7,101" hai3="111,20,32,22,96,33,68,80,43,57,8,29,125"/><W93/><G68/><T113/><D73/><U42/><E120/><V83/><F117/><W105/><G105/><T94/><D35/><U5/><E5/><N who="2" m="2123" /><F36/><W67/><G43/><T133/><D128/><U124/><E124/><V47/><F34/><W9/><G125/><T89/><D133/><N who="1" m="51307" /><E17/><V100/><F0/><W74/><G111/><T38/><D38/><N who="1" m="21847" /><E55/><V60/><F60/><N who="3" m="38287" /><G32/><T129/><D129/><U76/><E103/><N who="2" m="39499" /><F95/><W26/><G33/><T130/><D94/><U78/><E78/><V59/><F59/><W45/><G74/><T88/><D130/><U119/><E119/><V50/><F47/><W131/><G131/><T24/><D102/><U99/><E99/><V114/><F114/><W110/><G110/><T27/><D98/><U58/><E92/><V86/><F86/><W70/><G70/><T61/><D85/><U72/><E87/><V79/><F79/><W13/><G80/><AGARI ba="0,0" hai="37,39,58,63,66,72,76,80" m="21847,51307" machi="80" ten="30,1000,0" yaku="20,1" doraHai="1" who="1" fromWho="3" sc="240,0,335,10,215,0,210,-10" owari="240,4.0,345,44.5,215,-18.5,200,-30.0" /></mjloggm>