<mjloggm ver="2.3"><GO type="169" lobby="0"/><UN n0="%6F%6B%62%6F%6B%62" n1="%E3%80%8E%E3%83%A8%E3%82%B9%E3%82%AC%E3%83%8E%E3%82%BD%E3%83%A9%E3%80%8F" n2="%57%49%4E%44%59%58%58" n3="%E5%9C%9C%E7%94%B0%E6%B5%81%E7%89%8C%E6%89%8B" dan="17,17,17,16" rate="2177.74,2166.93,2151.43,2126.05" sx="M,M,M,M"/><TAIKYOKU oya="0"/><INIT seed="0,0,0,3,3,41" ten="250,250,250,250" oya="0" hai0="98,0,30,63,97,108,64,113,69,106,96,110,79" hai1="114,111,23,61,4,117,32,103,62,66,46,76,75" hai2="36,120,126,24,58,29,135,40,70,18,16,125,28" hai3="123,60,35,10,122,132,26,109,33,52,42,9,127"/><T121/><D0/><U116/><E32/><V99/><F70/><W15/><G42/><T3/><D3/><U95/><E111/><N who="0" m="42537" /><D121/><N who="3" m="46089" /><G109/><T130/><D113/><U129/><E129/><V2/><F120/><W39/><G39/><T13/><D130/><U83/><E114/><V25/><F2/><W27/><G127/><N who="2" m="48649" /><F135/><W56/><G132/><T43/><D79/><U48/><E4/><V86/><F58/><W21/><G27/><N who="2" m="10313" /><F86/><W53/><G53/><T17/><D30/><N who="2" m="11882" /><F99/><W102/><G102/><N who="0" m="62791" /><D43/><U47/><E76/><V49/><F49/><W34/><G15/><T80/><D80/><U22/><E48/><V91/><F91/><W81/><G81/><T5/><D5/><U31/><E83/><V77/><F77/><W115/><G115/><T20/><AGARI ba="0,0" hai="13,17,20,63,64,69,97,98" m="62791,42537" machi="20" ten="30,3000,0" yaku="14,1,10,1" doraHai="41" who="0" fromWho="0" sc="250,30,250,-10,250,-10,250,-10" /><INIT seed="0,1,0,1,0,121" ten="280,240,240,240" oya="0" hai0="26,42,131,133,54,86,87,105,66,2,36,77,96" hai1="48,57,14,116,122,34,5,1,22,83,89,108,75" hai2="4,27,125,107,55,38,103,91,71,32,72,67,81" hai3="123,49,56,13,19,28,92,132,7,50,78,17,74"/><T126/><D126/><U45/><E116/><V30/><F38/><W9/><G123/><T120/><D2/><U113/><E122/><V8/><F125/><W35/><G132/><T124/><D120/><U6/><E34/><V29/><F29/><W88/><G74/><T16/><D124/><U110/><E1/><V44/><F44/><W104/><G78/><T98/><D133/><U64/><E113/><V15/><F55/><W63/><G104/><T23/><D131/><U58/><E22/><V41/><F41/><W79/><G79/><T117/><D117/><U3/><E3/><V37/><F37/><W111/><G28/><T65/><D36/><U80/><E75/><V0/><F72/><W31/><G31/><T115/><D42/><U90/><E14/><V76/><F91/><W97/><G35/><T46/><D105/><U73/><E73/><V134/><F81/><W128/><G111/><N who="1" m="42538" /><E90/><V33/><F76/><W39/><G39/><T93/><D115/><U40/><E83/><V130/><F33/><W68/><G68/><T135/><D135/><U47/><E45/><V59/><F134/><W20/><G128/><T85/><D77/><U84/><E64/><N who="0" m="24681" /><D93/><U114/><E114/><V21/><F130/><W112/><G112/><T109/><D109/><U69/><E69/><V127/><F127/><W100/><G100/><T52/><D46/><U51/><E51/><N who="3" m="19466" /><G20/><T106/><D106/><U10/><E10/><V94/><F71/><W118/><G118/><T102/><D102/><U99/><E99/><AGARI ba="1,0" hai="16,23,26,52,54,85,86,87,96,98,99" m="24681" machi="99" ten="30,5800,0" yaku="8,1,54,2" doraHai="121" who="0" fromWho="1" sc="280,61,240,-61,240,0,240,0" /><INIT seed="0,2,0,4,0,77" ten="341,179,240,240" oya="0" hai0="73,19,59,110,16,21,121,89,62,31,45,88,135" hai1="5,85,83,60,125,24,43,71,51,1,123,58,10" hai2="17,12,3,9,65,91,96,48,113,79,133,63,11" hai3="13,104,36,134,99,4,68,33,116,44,22,67,69"/><T38/><D121/><U81/><E123/><V128/><F113/><W108/><G116/><T131/><D135/><U114/><E114/><V46/><F128/><W97/><G108/><T14/><D131/><U52/><E125/><V39/><F39/><W126/><G126/><T70/><D70/><U34/><E85/><V132/><F79/><W66/><G33/><T40/><D73/><U111/><E111/><V117/><F117/><W84/><G104/><T124/><D124/><U107/><E107/><V57/><F96/><W101/><G69/><T61/><D61/><U82/><E71/><V78/><F78/><W49/><G36/><T25/><D19/><U15/><E1/><V37/><F91/><W102/><G68/><T47/><D45/><N who="1" m="26047" /><E34/><V0/><F9/><N who="3" m="4263" /><G84/><T122/><D122/><U42/><E24/><V106/><F37/><W23/><G99/><T30/><D30/><U74/><E74/><V56/><F56/><W54/><G97/><T87/><D87/><U112/><E112/><V64/><F64/><N who="3" m="24619" /><G134/><N who="2" m="51817" /><F106/><W86/><G86/><T50/><D38/><U55/><E42/><AGARI ba="2,0" hai="0,3,11,12,17,42,46,48,57,63,65" m="51817" machi="42" ten="30,1000,0" yaku="20,1" doraHai="77" who="2" fromWho="1" sc="341,0,179,-16,240,16,240,0" /><INIT seed="1,0,0,2,3,75" ten="341,163,256,240" oya="1" hai0="118,27,26,54,19,64,37,21,44,15,7,45,23" hai1="53,91,70,17,29,104,82,135,50,41,102,90,121" hai2="12,68,25,93,3,31,127,4,89,119,6,111,39" hai3="101,133,78,10,122,38,72,115,87,35,56,114,116"/><U112/><E112/><V97/><F119/><W40/><G35/><T123/><D118/><U132/><E121/><V124/><F39/><W99/><G56/><T83/><D123/><U80/><E70/><V9/><F68/><W134/><G10/><T63/><D37/><U84/><E29/><V73/><F73/><W60/><G60/><T58/><D64/><U61/><E41/><V96/><F111/><W76/><G40/><T131/><D131/><U120/><E120/><V22/><F96/><W77/><G38/><T67/><D67/><U98/><E17/><V47/><F47/><W55/><G55/><T107/><D107/><U11/><E11/><V108/><F108/><W69/><G69/><T62/><D62/><U130/><E61/><V51/><F51/><W32/><G32/><T34/><D34/><U92/><E130/><V52/><F52/><W117/><G72/><T86/><D15/><U36/><E36/><V14/><F4/><W110/><G122/><T105/><D105/><U28/><E28/><V8/><F8/><W103/><G87/><T125/><D125/><AGARI ba="0,0" hai="3,6,9,12,14,22,25,31,89,93,97,124,125,127" machi="125" ten="40,1300,0" yaku="18,1" doraHai="75" who="2" fromWho="0" sc="341,-13,163,0,256,13,240,0" /><INIT seed="2,0,0,4,2,4" ten="328,163,269,240" oya="2" hai0="82,54,56,113,60,67,69,12,63,48,135,64,49" hai1="55,51,76,104,119,75,72,78,53,23,39,103,65" hai2="21,131,117,85,27,46,86,87,35,115,31,5,125" hai3="14,132,37,68,80,109,2,57,91,94,44,96,61"/><V34/><F117/><W42/><G109/><T111/><D111/><U25/><E119/><V95/><F115/><W6/><G2/><T79/><D113/><U124/><E39/><V0/><F131/><W134/><G68/><T133/><D12/><U38/><E38/><V30/><F125/><W112/><G80/><T43/><D82/><U11/><E124/><V17/><F46/><W70/><G70/><N who="0" m="42247" /><D79/><U28/><E65/><V106/><F106/><W97/><G97/><T130/><D130/><U36/><E36/><V10/><REACH who="2" step="1"/><F95/><REACH who="2" ten="328,163,259,240" step="2"/><W52/><REACH who="3" step="1"/><G112/><REACH who="3" ten="328,163,259,230" step="2"/><T114/><D114/><U99/><E104/><V71/><F71/><W15/><G15/><T129/><D129/><U62/><E75/><V22/><F22/><W74/><G74/><T120/><D120/><U93/><E72/><V84/><N who="2" m="21504" /><DORA hai="116" /><V50/><F50/><W7/><G7/><T90/><D48/><U88/><E51/><V107/><F107/><W105/><G105/><T66/><D49/><U89/><E93/><V40/><F40/><W8/><AGARI ba="0,2" hai="6,8,14,37,42,44,52,57,61,91,94,96,132,134" machi="8" ten="30,8000,1" yaku="1,1,0,1,52,1,54,1,53,1" doraHai="4,116" doraHaiUra="59,73" who="3" fromWho="3" sc="328,-20,163,-20,259,-40,230,100" /><INIT seed="3,0,0,1,2,115" ten="308,143,219,330" oya="3" hai0="35,1,23,47,41,87,102,69,117,19,77,113,3" hai1="49,40,70,54,125,121,28,131,105,91,84,8,71" hai2="9,43,6,57,103,29,31,58,15,122,95,11,75" hai3="118,59,86,2,101,64,51,126,73,108,34,13,85"/><W27/><G73/><T44/><D69/><U67/><E121/><V5/><F75/><W26/><G2/><T32/><D102/><U94/><E105/><V30/><F122/><W124/><G101/><T83/><D113/><U128/><E125/><N who="3" m="48234" /><G118/><T135/><D135/><U89/><E28/><V100/><F43/><W90/><G108/><T127/><D127/><U132/><E132/><V10/><F103/><W22/><G34/><T36/><D117/><U119/><E40/><V72/><F72/><W33/><G33/><T112/><D44/><U17/><E119/><V80/><F80/><W120/><G120/><T39/><D39/><U55/><E91/><V111/><F111/><W62/><G51/><T134/><D134/><U53/><E49/><V76/><F76/><W18/><G86/><T133/><D133/><U52/><N who="1" m="13312" /><DORA hai="97" /><U81/><E81/><AGARI ba="0,0" hai="13,18,22,26,27,59,62,64,81,85,90" m="48234" machi="81" ten="30,1500,0" yaku="18,1" doraHai="115,97" who="3" fromWho="1" sc="308,0,143,-15,219,0,330,15" /><INIT seed="3,1,0,0,1,52" ten="308,128,219,345" oya="3" hai0="125,129,26,25,110,2,1,69,37,29,9,16,87" hai1="81,60,113,96,33,23,21,38,40,49,108,104,132" hai2="79,127,0,90,5,27,130,65,128,31,84,101,56" hai3="85,19,63,74,73,86,11,62,103,70,20,89,115"/><W53/><G115/><T82/><D37/><U126/><E113/><V122/><F127/><W77/><G103/><T32/><D69/><U133/><E33/><V116/><F116/><W14/><G70/><T83/><D125/><U4/><E126/><V35/><F122/><W36/><G36/><T88/><D110/><U121/><E121/><V118/><F118/><W7/><G74/><T95/><D129/><N who="2" m="49770" /><F79/><W43/><G43/><T119/><D119/><U98/><E108/><V68/><F101/><W72/><G72/><T46/><D46/><N who="1" m="25799" /><E38/><V47/><F47/><W13/><G73/><T64/><D64/><U91/><E4/><V58/><F65/><W94/><G77/><T71/><D71/><U12/><E60/><N who="3" m="23082" /><G53/><T109/><D109/><U3/><E3/><V8/><F68/><W41/><G41/><T102/><D25/><U22/><E12/><V123/><F123/><W105/><G105/><T78/><D102/><U67/><E67/><V48/><F48/><W6/><G6/><T111/><D111/><U120/><E104/><V93/><AGARI ba="1,0" hai="0,5,8,27,31,35,56,58,84,90,93" m="49770" machi="93" ten="30,4000,0" yaku="19,1,52,2" doraHai="52" who="2" fromWho="2" sc="308,-11,128,-11,219,43,345,-21" /><INIT seed="4,0,0,0,1,68" ten="297,117,262,324" oya="0" hai0="95,90,17,77,29,83,131,125,20,98,71,69,67" hai1="123,116,91,104,42,4,72,80,14,58,127,92,9" hai2="48,88,41,74,103,56,109,65,25,59,50,120,36" hai3="15,23,57,37,26,12,16,52,10,132,43,22,93"/><T51/><D131/><U2/><E116/><V106/><F74/><W114/><G114/><T79/><D125/><U66/><E123/><V32/><F109/><W82/><G132/><T13/><D77/><U101/><E127/><V113/><F120/><W7/><G82/><T8/><D67/><U3/><E66/><V28/><F113/><W105/><G105/><T108/><D108/><U122/><E122/><V78/><F78/><W126/><G126/><T31/><D51/><U53/><E42/><V55/><F103/><W130/><G130/><T115/><D115/><U45/><E45/><V133/><F106/><W85/><G43/><T135/><D135/><U19/><E104/><V134/><F88/><N who="3" m="53391" /><G37/><T81/><D81/><U75/><E101/><V21/><F32/><W70/><G70/><T86/><D69/><U94/><E94/><V62/><REACH who="2" step="1"/><F50/><REACH who="2" ten="297,117,252,324" step="2"/><N who="3" m="30871" /><G23/><T118/><D118/><U1/><E75/><V0/><F0/><W76/><G76/><T27/><REACH who="0" step="1"/><D71/><REACH who="0" ten="287,117,252,324" step="2"/><U5/><E80/><V61/><F61/><W40/><G40/><T35/><D35/><U63/><REACH who="1" step="1"/><E72/><REACH who="1" ten="287,107,252,324" step="2"/><V107/><F107/><W44/><G44/><AGARI ba="0,3" hai="21,25,28,36,41,44,48,55,56,59,62,65,133,134" machi="44" ten="40,2600,0" yaku="1,1,52,1,53,0" doraHai="68" doraHaiUra="121" who="2" fromWho="3" sc="287,0,107,0,252,56,324,-26" /><INIT seed="5,0,0,2,1,81" ten="287,107,308,298" oya="1" hai0="87,135,4,123,53,108,111,99,118,115,45,67,88" hai1="22,13,85,28,47,1,62,127,68,3,92,125,131" hai2="42,34,101,110,26,116,69,112,21,7,17,76,117" hai3="104,39,36,33,119,96,113,65,86,11,48,29,24"/><U19/><E131/><V46/><F110/><W9/><G113/><T37/><D118/><U35/><E47/><V51/><F69/><W38/><G119/><T73/><D115/><U93/><E68/><V114/><F114/><W106/><G65/><T64/><D73/><U41/><E41/><V30/><F112/><W84/><G48/><T63/><D135/><U83/><E62/><V70/><F70/><W43/><G43/><T103/><D37/><U55/><E55/><V32/><F32/><W2/><G96/><T129/><D129/><U44/><E44/><V132/><F132/><W79/><G79/><T58/><D123/><U25/><E93/><V12/><F76/><W0/><G33/><T134/><D134/><U52/><E52/><V100/><F100/><W97/><G97/><T27/><D4/><U105/><E92/><V91/><F101/><W15/><G24/><T98/><D98/><U107/><E1/><N who="3" m="618" /><G15/><T61/><D64/><U31/><E31/><V82/><REACH who="2" step="1"/><F7/><REACH who="2" ten="287,107,298,298" step="2"/><W122/><G122/><T59/><D111/><U77/><REACH who="1" step="1"/><E3/><REACH who="1" ten="287,97,298,298" step="2"/><V124/><F124/><AGARI ba="0,2" hai="13,19,22,25,28,35,77,83,85,105,107,124,125,127" machi="124" ten="40,12000,1" yaku="1,1,2,1,18,1,52,1,53,0" doraHai="81" doraHaiUra="126" who="1" fromWho="2" sc="287,0,97,140,298,-120,298,0" /><INIT seed="5,1,0,2,5,77" ten="287,237,178,298" oya="1" hai0="9,125,28,128,108,47,104,124,81,11,88,86,122" hai1="98,133,16,3,15,41,14,54,6,132,90,27,39" hai2="21,26,109,116,84,35,24,120,12,64,78,46,65" hai3="114,58,22,100,97,117,50,121,61,72,62,57,102"/><U119/><E119/><V13/><F116/><W34/><G34/><T53/><D108/><U52/><E3/><V99/><F120/><W118/><G72/><T8/><D104/><U32/><E41/><V31/><F109/><W60/><G121/><T89/><D122/><U80/><E39/><V56/><F99/><W43/><G114/><T126/><D28/><N who="1" m="19487" /><E14/><V94/><F46/><N who="3" m="25951" /><G118/><T87/><D128/><U103/><E6/><V131/><F131/><W38/><G38/><T23/><D23/><N who="1" m="11679" /><E90/><V111/><F111/><W5/><G5/><T101/><D101/><N who="3" m="39017" /><G97/><T10/><N who="0" m="2048" /><DORA hai="106" /><T130/><D130/><U51/><E51/><V107/><F107/><W113/><G113/><T29/><D29/><U42/><E42/><V129/><F129/><W48/><G117/><T68/><D68/><U2/><E80/><V83/><F94/><W123/><G123/><T30/><D30/><U74/><E74/><V127/><F127/><W66/><G22/><T71/><D71/><U25/><E25/><V93/><F93/><W19/><G19/><T37/><D37/><U75/><E75/><V17/><REACH who="2" step="1"/><F56/><REACH who="2" ten="287,237,168,298" step="2"/><W85/><G58/><T20/><D47/><U18/><E2/><V95/><F95/><W44/><G44/><T69/><D69/><U40/><E98/><V134/><F134/><W70/><G70/><T82/><D20/><U45/><E133/><V55/><F55/><AGARI ba="1,1" hai="53,55,81,82,86,87,88,89,124,125,126" m="2048" machi="55" ten="60,8000,1" yaku="9,1,18,1,52,2,54,1" doraHai="77,106" who="0" fromWho="2" sc="287,93,237,0,168,-83,298,0" /><INIT seed="6,0,0,5,1,38" ten="380,237,85,298" oya="2" hai0="47,36,73,27,54,32,24,50,58,134,131,72,20" hai1="28,68,132,57,90,92,62,3,128,21,80,19,0" hai2="37,42,26,104,6,86,63,119,61,56,5,95,89" hai3="15,41,110,94,125,52,88,93,18,121,16,22,13"/><V109/><F119/><W69/><G110/><T31/><D134/><U117/><E117/><V107/><F109/><W102/><G69/><T8/><D131/><U55/><E132/><V40/><F37/><W79/><G79/><T113/><D113/><U12/><E128/><V108/><F108/><W74/><G74/><T9/><D9/><U66/><E80/><V129/><F129/><W81/><G81/><T78/><D78/><U60/><E28/><V96/><F26/><W85/><G125/><T106/><D106/><U65/><E65/><V46/><F46/><W97/><G41/><N who="2" m="15977" /><F104/><W99/><G121/><T123/><D123/><U105/><E105/><V1/><F107/><W82/><G52/><T43/><D8/><U35/><E35/><V126/><F1/><W17/><G13/><T33/><D33/><U59/><E68/><V71/><F71/><W76/><AGARI ba="0,0" hai="15,16,17,18,22,76,82,85,88,93,94,97,99,102" machi="76" ten="20,8000,1" yaku="0,1,7,1,8,1,54,2" doraHai="38" who="3" fromWho="3" sc="380,-20,237,-20,85,-40,298,80" /><INIT seed="7,0,0,1,0,31" ten="360,217,45,378" oya="3" hai0="71,57,89,25,93,64,3,41,63,134,87,120,130" hai1="27,114,60,18,90,11,32,28,112,128,82,14,117" hai2="66,129,121,34,33,20,76,131,13,81,43,101,111" hai3="95,38,42,26,59,6,132,108,113,55,110,67,94"/><W23/><G113/><N who="1" m="43626" /><E60/><V68/><F111/><N who="3" m="42539" /><G132/><T123/><D134/><U51/><E51/><V106/><F43/><W105/><G105/><T16/><D3/><U102/><E102/><V45/><F45/><N who="3" m="23767" /><G6/><T104/><D104/><U49/><E49/><V88/><F121/><W54/><G67/><T84/><D41/><U99/><E99/><N who="2" m="61759" /><F20/><W53/><G59/><T46/><D46/><U50/><E50/><V5/><F13/><W19/><AGARI ba="0,0" hai="19,23,26,53,54,55,94,95" m="23767,42539" machi="19" ten="30,1500,0" yaku="10,1" doraHai="31" who="3" fromWho="3" sc="360,-5,217,-5,45,-5,378,15" owari="355,15.5,212,-18.8,40,-46.0,393,49.3" /></mjloggm>