<mjloggm ver="2.3"><GO type="169" lobby="0"/><UN n0="%E3%83%AD%E3%83%AD%E3%82%93" n1="%68%61%79%61%74%6F%E2%98%86" n2="%75%79%61%6D%61" n3="%62%73%64%5F%33" dan="16,16,17,17" rate="2122.04,2047.85,2111.73,2106.39" sx="M,M,M,F"/><TAIKYOKU oya="0"/><INIT seed="0,0,0,2,0,104" ten="250,250,250,250" oya="0" hai0="79,132,96,74,37,119,18,71,126,0,134,52,90" hai1="84,121,63,4,30,87,8,110,38,92,130,117,31" hai2="86,12,6,19,120,20,97,66,91,75,55,108,112" hai3="114,133,95,69,21,115,82,50,127,98,46,94,76"/><T118/><D0/><U1/><E117/><N who="0" m="44553" /><D71/><U72/><E121/><V93/><F120/><W24/><G69/><T44/><D18/><U23/><E38/><V135/><F112/><W105/><G133/><N who="0" m="51307" /><D126/><U33/><E33/><V131/><F135/><W41/><G127/><T88/><D96/><U83/><E130/><V53/><F131/><W103/><G115/><T106/><D106/><U59/><E110/><V102/><F108/><W22/><G114/><T5/><D5/><U45/><E45/><V36/><F6/><W78/><G78/><T34/><D34/><U32/><E32/><V57/><F36/><W48/><G48/><N who="0" m="28679" /><D37/><U77/><E31/><V2/><F2/><W10/><G10/><T54/><D54/><U61/><E30/><V17/><F17/><W73/><REACH who="3" step="1"/><G21/><REACH who="3" ten="250,250,250,240" step="2"/><T62/><D62/><U43/><E23/><V113/><F113/><W80/><G80/><AGARI ba="0,1" hai="74,79,80,88,90" m="28679,51307,44553" machi="80" ten="30,11600,0" yaku="20,1,52,1,54,2" doraHai="104" who="0" fromWho="3" sc="250,126,250,0,250,0,240,-116" /><INIT seed="0,1,0,3,0,66" ten="376,250,250,124" oya="0" hai0="127,76,29,121,70,102,25,112,32,26,91,1,104" hai1="115,54,44,118,63,105,16,12,38,86,30,131,126" hai2="84,3,89,78,23,71,39,36,20,50,4,133,21" hai3="73,98,40,17,135,6,35,120,14,92,93,125,95"/><T60/><D127/><U79/><E118/><V88/><F133/><W51/><G73/><T64/><D1/><U45/><E105/><V81/><F50/><W107/><G35/><T67/><D112/><U106/><E106/><V18/><F18/><W62/><G135/><T43/><D43/><U110/><E110/><V47/><F71/><W15/><G125/><T124/><D124/><U113/><E126/><V19/><F19/><W41/><G120/><T101/><D67/><U85/><E30/><V132/><F132/><W116/><G107/><T69/><D76/><U24/><E24/><V55/><F55/><W111/><G98/><T13/><D25/><U90/><E79/><V8/><REACH who="2" step="1"/><F47/><REACH who="2" ten="376,250,240,124" step="2"/><W109/><G51/><T122/><D70/><U5/><E45/><V119/><F119/><W34/><G17/><T108/><D108/><U61/><E44/><V46/><F46/><W53/><G116/><T134/><D134/><U80/><E54/><V129/><F129/><W57/><G111/><T117/><D117/><U72/><E131/><V65/><F65/><W128/><G128/><T11/><D122/><U27/><E115/><V99/><F99/><W59/><G109/><T82/><D121/><U22/><E113/><V58/><F58/><W75/><G59/><T123/><D123/><U31/><E61/><V96/><F96/><W68/><G68/><T28/><D28/><U103/><E63/><V83/><F83/><W33/><G62/><T10/><D60/><U42/><E80/><V87/><F87/><W52/><G57/><T0/><D82/><U100/><E31/><RYUUKYOKU ba="1,1" sc="376,-10,250,-10,240,30,124,-10" hai2="3,4,8,20,21,23,36,39,78,81,84,88,89" /><INIT seed="1,2,1,1,4,77" ten="366,240,270,114" oya="1" hai0="46,130,43,106,48,118,78,30,36,52,20,19,27" hai1="115,93,111,65,128,92,42,103,61,79,131,63,110" hai2="96,60,129,132,18,5,84,9,113,71,15,127,73" hai3="22,104,50,117,74,122,32,21,49,133,72,97,91"/><U12/><E115/><V109/><F73/><W37/><G37/><T119/><D106/><U75/><E42/><V14/><F113/><W1/><G122/><T67/><D130/><N who="1" m="49707" /><E12/><V53/><F129/><W121/><G121/><T3/><D3/><U8/><E8/><V120/><F120/><W134/><G32/><T105/><D105/><U28/><E28/><V34/><F34/><W13/><G1/><T57/><D78/><U107/><E107/><V81/><F109/><N who="1" m="41481" /><E103/><V2/><F2/><W85/><G13/><T76/><D76/><U0/><E0/><V59/><F127/><W35/><G117/><T66/><D119/><U87/><E75/><V45/><F14/><W62/><G104/><T6/><D6/><U10/><E10/><V86/><F5/><W95/><G74/><T94/><D118/><U64/><E79/><V38/><F9/><W58/><G72/><T135/><D30/><U98/><E87/><V41/><F86/><W54/><G85/><T125/><D125/><U16/><E16/><V124/><F124/><W68/><G35/><T17/><D17/><U31/><E31/><V25/><F18/><W80/><G22/><T24/><D24/><U70/><E98/><V116/><F96/><W102/><G21/><T39/><D19/><U55/><E55/><V112/><F53/><W89/><G102/><T51/><D20/><U88/><E88/><V101/><F101/><W100/><G100/><T82/><D27/><U26/><E26/><V7/><F25/><W40/><G40/><T56/><D43/><U90/><E90/><V29/><F41/><RYUUKYOKU ba="2,1" sc="366,-10,240,30,270,-10,114,-10" hai1="61,63,64,65,70,92,93" /><INIT seed="1,3,1,2,3,100" ten="356,270,260,104" oya="1" hai0="92,80,124,42,78,64,17,87,31,37,93,120,116" hai1="56,96,102,62,60,89,129,122,111,7,82,6,13" hai2="10,128,75,22,15,18,21,81,118,65,54,76,25" hai3="113,94,103,59,50,0,117,131,106,53,127,72,3"/><U33/><E122/><V19/><F118/><W20/><G113/><T49/><D37/><U99/><E33/><V23/><F128/><W57/><G131/><T35/><D124/><U45/><E129/><V48/><REACH who="2" step="1"/><F65/><REACH who="2" ten="356,270,250,104" step="2"/><W51/><G117/><T11/><D64/><U58/><E111/><V39/><F39/><W40/><G127/><T71/><D116/><U8/><E45/><AGARI ba="3,2" hai="10,15,18,19,21,22,23,25,45,48,54,75,76,81" machi="45" ten="30,2000,0" yaku="1,1,7,1,53,0" doraHai="100" doraHaiUra="38" who="2" fromWho="1" sc="356,0,270,-29,250,49,104,0" /><INIT seed="2,0,0,0,4,114" ten="356,241,299,104" oya="2" hai0="126,41,52,35,62,46,36,101,24,54,16,99,89" hai1="8,119,73,111,116,84,88,79,96,45,115,113,118" hai2="32,61,40,59,132,66,43,12,95,93,82,131,90" hai3="94,39,13,37,48,53,2,65,120,123,91,85,106"/><V31/><F131/><W18/><G2/><T128/><D128/><U130/><E130/><V117/><F132/><W6/><G106/><T63/><D126/><U30/><E30/><V27/><F117/><W105/><G105/><T127/><D127/><U74/><E8/><V19/><F82/><W10/><G65/><T108/><D108/><U23/><E23/><V15/><F95/><W109/><G109/><T92/><D101/><U100/><E111/><V69/><F69/><W56/><G123/><T3/><D3/><U80/><E45/><V47/><F19/><W104/><G104/><T51/><D54/><U21/><E21/><V134/><F134/><W110/><G110/><T83/><D83/><N who="1" m="49183" /><E74/><V57/><F57/><W33/><G33/><T121/><D121/><U122/><E122/><V28/><F28/><W75/><G75/><T78/><D78/><U71/><E71/><V87/><REACH who="2" step="1"/><F40/><REACH who="2" ten="356,241,289,104" step="2"/><W20/><REACH who="3" step="1"/><G120/><REACH who="3" ten="356,241,289,94" step="2"/><T70/><D70/><U81/><E80/><V50/><AGARI ba="0,2" hai="12,15,27,31,32,43,47,50,59,61,66,87,90,93" machi="50" ten="20,7800,0" yaku="1,1,2,1,0,1,7,1,53,0" doraHai="114" doraHaiUra="76" who="2" fromWho="2" sc="356,-26,241,-26,289,98,94,-26" /><INIT seed="2,1,0,2,5,51" ten="330,215,387,68" oya="2" hai0="133,29,18,116,27,37,74,16,8,6,20,103,1" hai1="56,23,11,123,118,98,110,112,125,111,82,92,96" hai2="22,78,90,93,0,35,129,117,94,101,13,77,121" hai3="50,42,40,25,119,52,54,105,2,14,85,122,67"/><V7/><F35/><W104/><G2/><T41/><D133/><U64/><E118/><V26/><F117/><W60/><G122/><T107/><D116/><U89/><E112/><V66/><F121/><W58/><G119/><T135/><D135/><U127/><E123/><V68/><F0/><W9/><G105/><T59/><D74/><U30/><E11/><V12/><F101/><W15/><G104/><T73/><D73/><U100/><E30/><V126/><F126/><N who="1" m="48137" /><E23/><V32/><F32/><W128/><G128/><T43/><D37/><U46/><E46/><V21/><F90/><W109/><G109/><N who="1" m="41482" /><E56/><V33/><F33/><W63/><G85/><T49/><D103/><U80/><E64/><V115/><F66/><W44/><G25/><T55/><D107/><AGARI ba="1,0" hai="80,82,89,92,96,98,100,107" m="41482,48137" machi="107" ten="30,7700,0" yaku="18,1,14,1,34,2" doraHai="51" who="1" fromWho="0" sc="330,-80,215,80,387,0,68,0" /><INIT seed="3,0,0,0,2,87" ten="250,295,387,68" oya="3" hai0="111,62,82,40,110,46,97,10,99,119,23,43,134" hai1="47,92,58,32,127,1,124,37,108,80,107,16,70" hai2="128,83,76,133,48,115,51,81,68,79,55,56,77" hai3="69,118,12,132,135,59,4,18,41,116,88,31,30"/><W120/><G69/><T19/><D134/><N who="3" m="51241" /><G120/><T50/><D119/><N who="3" m="45609" /><G41/><T85/><D43/><U53/><E107/><V109/><F133/><W105/><G105/><T3/><D62/><U98/><E32/><V45/><F115/><W117/><N who="3" m="45617" /><W34/><DORA hai="131" /><G34/><T0/><D0/><U25/><E47/><V106/><F68/><W125/><G125/><T66/><D66/><U130/><E37/><V129/><F109/><N who="0" m="41482" /><D10/><U103/><E130/><N who="2" m="50283" /><F106/><W57/><G4/><T112/><D3/><U78/><E1/><V75/><F75/><W11/><G88/><N who="0" m="51255" /><D112/><U100/><E70/><V91/><F91/><W49/><G49/><T7/><D7/><U13/><E108/><V54/><AGARI ba="0,0" hai="45,48,51,54,55,56,76,77,79,81,83" m="50283" machi="54" ten="40,1500,0" yaku="19,1" doraHai="87,131" who="2" fromWho="2" sc="250,-4,295,-4,387,15,68,-7" /><INIT seed="4,0,0,2,5,62" ten="246,291,402,61" oya="0" hai0="43,130,71,37,79,109,55,53,93,112,119,0,103" hai1="116,47,88,44,114,27,61,22,84,98,94,110,60" hai2="117,30,121,57,12,65,97,118,6,14,25,95,124" hai3="49,59,122,56,133,45,29,126,18,32,127,86,10"/><T16/><D119/><N who="2" m="45578" /><F124/><W33/><G86/><T46/><D112/><U123/><E110/><V100/><F121/><W34/><G45/><N who="1" m="17482" /><E123/><V82/><F82/><W5/><G49/><T24/><D109/><U38/><E38/><V35/><F6/><W68/><G68/><T134/><D134/><U28/><E114/><V21/><F35/><N who="3" m="13387" /><G59/><T92/><D130/><U78/><E116/><V96/><F96/><W36/><G56/><T31/><D71/><U41/><E41/><V67/><F57/><W73/><G73/><T132/><D132/><U81/><AGARI ba="0,0" hai="22,27,28,60,61,78,81,84,88,94,98" m="17482" machi="81" ten="30,2000,0" yaku="8,1,54,1" doraHai="62" who="1" fromWho="1" sc="246,-10,291,20,402,-5,61,-5" /><INIT seed="5,0,0,3,4,58" ten="236,311,397,56" oya="1" hai0="60,11,109,27,84,8,20,93,127,100,13,94,42" hai1="102,21,67,46,52,133,33,30,128,5,113,29,61" hai2="104,110,24,6,23,75,19,17,131,48,118,25,124" hai3="115,107,9,77,22,105,50,91,65,68,73,63,80"/><U112/><E128/><V35/><F104/><W54/><G115/><N who="1" m="44106" /><E33/><V41/><F75/><W38/><G38/><T86/><D109/><U120/><E120/><V72/><F72/><W108/><G108/><T130/><D130/><U34/><E34/><V74/><F110/><W132/><G132/><T125/><D42/><U114/><E133/><V106/><F131/><W12/><G22/><T76/><D76/><U71/><E114/><V39/><F74/><W2/><G2/><T43/><D43/><U47/><E102/><V135/><F106/><W123/><G123/><T1/><D1/><U95/><E95/><V7/><F39/><W56/><REACH who="3" step="1"/><G91/><REACH who="3" ten="236,311,397,46" step="2"/><T36/><D36/><U89/><E89/><V117/><F23/><W96/><G96/><T16/><D127/><U70/><E21/><V31/><F135/><W15/><G15/><T116/><D8/><U99/><E99/><V92/><F124/><W55/><G55/><T97/><D125/><U32/><E52/><V0/><F0/><W88/><G88/><T87/><D116/><U18/><E32/><V69/><F35/><W126/><G126/><T121/><D121/><U90/><E90/><V111/><F111/><W45/><G45/><T79/><D79/><U82/><E47/><V49/><F118/><W134/><G134/><T59/><D94/><U10/><E46/><V3/><F92/><W44/><G44/><T57/><D11/><U98/><E98/><V129/><F117/><W81/><G81/><T28/><D13/><U66/><E10/><N who="2" m="2399" /><F129/><W62/><G62/><T51/><D60/><N who="1" m="40263" /><E82/><V53/><F53/><RYUUKYOKU ba="0,1" sc="236,-10,311,-10,397,-10,46,30" hai3="9,12,50,54,56,63,65,68,73,77,80,105,107" /><INIT seed="6,1,1,0,5,133" ten="226,301,387,76" oya="2" hai0="12,23,83,117,42,112,97,131,113,122,99,43,68" hai1="120,50,28,127,81,74,57,5,87,71,8,90,34" hai2="62,15,72,70,93,0,89,53,91,51,35,105,135" hai3="66,9,107,33,85,2,64,27,24,76,25,14,7"/><V55/><F0/><W58/><G107/><T114/><D68/><U4/><E71/><V95/><F105/><W10/><G76/><T48/><D122/><U56/><E74/><V115/><F35/><W103/><G103/><T100/><D131/><U69/><E69/><V31/><F31/><N who="3" m="19687" /><G85/><T65/><D65/><U44/><E5/><V119/><F72/><W82/><G82/><T126/><D126/><U125/><E120/><V29/><F29/><W59/><G59/><T20/><D83/><U36/><E36/><V46/><F115/><W124/><G58/><T6/><D117/><U22/><E22/><N who="0" m="8233" /><D48/><U37/><E37/><V32/><F32/><W75/><G75/><T39/><D39/><U16/><E16/><V98/><F119/><W86/><G86/><T111/><D111/><U102/><E102/><V77/><F77/><W13/><G66/><T1/><D100/><U63/><E28/><V21/><F70/><W110/><G64/><T45/><D45/><U94/><E34/><V52/><F62/><W78/><G78/><T18/><D99/><U106/><E81/><V80/><F80/><W123/><G123/><T73/><D97/><U96/><E96/><N who="2" m="57391" /><F135/><W67/><G67/><T121/><D121/><U92/><E92/><V128/><F128/><W129/><G129/><T118/><D118/><U104/><E106/><V19/><AGARI ba="1,1" hai="15,19,21,46,51,52,53,55,91,95,98" m="57391" machi="19" ten="30,3000,0" yaku="8,1,54,1" doraHai="133" who="2" fromWho="2" sc="226,-11,301,-11,387,43,76,-11" /><INIT seed="6,2,0,4,3,111" ten="215,290,430,65" oya="2" hai0="109,115,52,63,50,33,59,112,38,92,13,64,107" hai1="104,14,37,53,95,83,20,105,85,1,88,77,110" hai2="103,44,67,102,84,23,41,27,0,43,51,31,70" hai3="82,35,90,134,71,45,39,7,75,36,28,26,113"/><V2/><F41/><N who="3" m="22695" /><G90/><T129/><D107/><U79/><E1/><V121/><F121/><W100/><G134/><T30/><D109/><U123/><E37/><V47/><F47/><W106/><G71/><T96/><D38/><U12/><E110/><V132/><F132/><W81/><G7/><T87/><D87/><U78/><E123/><V126/><F126/><W130/><G130/><T5/><D129/><U32/><E32/><V24/><F67/><W49/><G49/><T73/><D73/><U40/><E40/><V114/><F70/><W72/><G82/><T68/><D30/><U125/><E125/><V124/><F124/><W18/><G18/><T97/><D33/><U16/><E53/><V34/><F102/><W62/><G62/><T128/><D128/><U11/><REACH who="1" step="1"/><E83/><REACH who="1" ten="215,280,430,65" step="2"/><V65/><F43/><W108/><G108/><T19/><D5/><AGARI ba="2,1" hai="5,11,12,14,16,20,77,78,79,85,88,95,104,105" machi="5" ten="40,8000,1" yaku="1,1,2,1,54,2,53,0" doraHai="111" doraHaiUra="29" who="1" fromWho="0" sc="215,-86,280,96,430,0,65,0" /><INIT seed="7,0,0,0,0,121" ten="129,376,430,65" oya="3" hai0="130,58,29,5,19,55,126,46,81,82,33,39,28" hai1="68,60,101,52,21,43,124,86,24,99,11,77,23" hai2="117,135,88,100,107,20,56,125,97,115,30,104,74" hai3="32,38,12,113,25,36,87,4,95,31,47,13,111"/><W57/><G113/><T34/><D5/><U110/><E124/><V123/><F117/><W116/><G116/><T90/><D130/><U64/><E43/><V3/><F3/><W17/><G4/><T49/><D126/><U89/><E77/><V128/><F125/><W133/><G133/><T76/><D34/><U108/><E11/><V59/><F74/><W35/><G35/><T72/><D33/><U0/><E0/><V120/><F128/><W62/><G13/><T96/><D19/><U98/><E52/><V41/><F107/><W22/><G47/><T27/><D27/><U18/><E21/><V105/><F105/><W85/><G111/><T127/><D127/><U44/><E44/><V73/><F115/><W118/><G118/><T48/><D39/><U51/><E51/><V106/><F106/><W50/><G87/><T6/><D6/><U131/><E131/><V42/><F135/><W10/><G10/><T83/><D83/><U94/><REACH who="1" step="1"/><E99/><REACH who="1" ten="129,366,430,65" step="2"/><V75/><F41/><W26/><G26/><T132/><D96/><U78/><E78/><V1/><F42/><W9/><G9/><T102/><D49/><U63/><E63/><V16/><F1/><W2/><G2/><T122/><D46/><U79/><E79/><V66/><F20/><W15/><G15/><T69/><D76/><U45/><E45/><V119/><F119/><W93/><G50/><T54/><D48/><U84/><E84/><V71/><F73/><W14/><G14/><T7/><D72/><U37/><E37/><N who="3" m="14442" /><G85/><T65/><D54/><U8/><E8/><V40/><F75/><RYUUKYOKU ba="0,1" sc="129,-15,366,15,430,-15,65,15" hai1="18,23,24,60,64,68,86,89,94,98,101,108,110" hai3="12,17,22,25,31,32,57,62,93,95" /><INIT seed="7,1,1,1,3,4" ten="114,381,415,80" oya="3" hai0="82,80,99,115,127,18,33,103,8,61,21,81,69" hai1="133,50,132,111,43,56,128,55,97,19,118,1,120" hai2="53,47,86,45,16,30,87,5,17,116,89,31,59" hai3="131,126,66,117,25,107,76,113,28,40,48,38,70"/><W2/><G117/><T78/><D33/><U32/><E32/><V71/><F71/><W57/><G2/><T125/><D8/><U96/><E120/><V101/><F101/><W27/><G107/><T11/><D11/><U98/><E111/><V26/><F5/><W130/><G113/><T135/><D135/><N who="1" m="51787" /><E118/><V41/><F116/><W14/><G126/><N who="0" m="48139" /><D61/><U122/><E122/><V42/><F26/><W12/><G76/><T0/><D0/><U63/><E1/><V84/><F89/><W123/><G123/><T104/><D69/><U91/><E128/><N who="3" m="49194" /><G70/><T13/><D115/><U108/><E108/><V51/><F45/><N who="3" m="23703" /><G25/><T44/><D44/><N who="1" m="25887" /><E19/><N who="2" m="7243" /><F59/><W9/><G9/><T92/><D104/><U95/><E91/><V90/><F90/><W35/><G48/><T75/><AGARI ba="1,1" hai="13,18,21,75,78,80,81,82,92,99,103" m="48139" machi="75" ten="30,1100,0" yaku="18,1" doraHai="4" who="0" fromWho="0" sc="114,24,381,-4,415,-4,80,-6" owari="138,-26.2,377,17.7,411,51.1,74,-42.6" /></mjloggm>