<mjloggm ver="2.3"><GO type="169" lobby="0"/><UN n0="%74%73%75%6B%69%31" n1="%E6%B2%B3%E7%AB%A5%E3%81%AE%E3%83%AF%E3%82%AB%E3%83%9E%E3%83%84" n2="%E3%81%9B%E3%81%A9%E3%81%AA%E3%82%8A%E3%81%82%E3%82%93" n3="%E3%81%AE%E3%81%AF%E3%81%A3%E3%81%A1" dan="16,17,17,16" rate="2175.13,2182.29,2202.20,2177.01" sx="M,M,F,M"/><TAIKYOKU oya="0"/><INIT seed="0,0,0,0,1,132" ten="250,250,250,250" oya="0" hai0="29,45,96,44,58,11,63,22,64,93,79,66,72" hai1="33,8,9,19,82,114,129,54,35,133,99,90,55" hai2="27,89,31,91,83,125,57,110,123,14,134,126,135" hai3="61,119,131,24,13,94,115,106,113,47,59,78,15"/><T77/><D72/><U117/><E117/><V2/><F2/><W10/><G106/><T105/><D105/><U84/><E133/><N who="2" m="50699" /><F123/><W65/><G131/><T49/><D64/><U43/><E129/><V23/><F110/><W111/><G119/><T46/><D49/><U3/><E114/><V76/><F57/><W70/><G111/><T71/><D71/><U34/><E43/><V69/><F69/><W25/><G78/><T107/><D107/><U101/><E3/><V38/><F38/><W51/><G70/><T56/><D56/><U88/><E90/><N who="2" m="34315" /><F14/><W53/><G15/><T28/><D11/><U104/><E19/><V36/><F36/><W95/><G113/><T41/><D41/><U26/><E26/><N who="3" m="10346" /><G115/><T73/><D22/><U109/><E109/><V12/><F12/><W5/><AGARI ba="0,0" hai="5,10,13,47,51,53,59,61,65,94,95" m="10346" machi="5" ten="30,1100,0" yaku="8,1" doraHai="132" who="3" fromWho="3" sc="250,-5,250,-3,250,-3,250,11" /><INIT seed="1,0,0,0,5,125" ten="245,247,247,261" oya="1" hai0="78,109,7,102,129,14,2,57,49,108,112,69,117" hai1="119,70,24,19,18,85,90,23,67,135,10,77,94" hai2="114,4,12,134,58,47,22,42,74,123,116,46,9" hai3="1,3,79,100,39,86,127,43,31,91,130,34,84"/><U124/><E119/><V0/><F116/><W8/><G127/><T97/><D117/><U99/><E124/><V96/><F123/><W35/><G100/><T65/><D69/><U50/><E135/><V133/><F74/><W61/><G79/><T29/><D2/><U113/><E113/><V105/><F114/><W11/><G61/><T38/><D38/><U16/><E70/><V76/><F76/><W13/><G43/><T89/><D78/><U28/><E67/><V52/><F96/><W126/><G39/><T51/><D29/><U21/><E10/><V40/><F105/><W59/><G31/><T93/><D112/><U63/><E63/><V106/><F106/><W32/><G59/><T81/><D65/><U6/><E6/><V26/><F0/><W80/><G35/><T62/><D62/><U56/><E23/><V75/><F75/><W37/><G37/><T132/><D132/><N who="2" m="50794" /><F42/><W72/><G72/><T54/><D51/><U83/><REACH who="1" step="1"/><E28/><REACH who="1" ten="245,237,247,261" step="2"/><N who="2" m="17495" /><F40/><W92/><G126/><T25/><D7/><U103/><E103/><V131/><F131/><W88/><G130/><T5/><D129/><U71/><E71/><V82/><F4/><W120/><G32/><T73/><D102/><U45/><E45/><V122/><F46/><W41/><G34/><T48/><D5/><U98/><E98/><V27/><F47/><W95/><G11/><T110/><D97/><U55/><AGARI ba="0,1" hai="16,18,19,21,24,50,55,56,77,83,85,90,94,99" machi="55" ten="30,11700,0" yaku="1,1,0,1,8,1,54,1,53,0" doraHai="125" doraHaiUra="30" who="1" fromWho="1" sc="245,-39,237,127,247,-39,261,-39" /><INIT seed="1,1,0,4,4,8" ten="206,364,208,222" oya="1" hai0="22,37,114,34,78,79,49,42,75,86,74,132,95" hai1="82,23,55,57,125,130,20,119,52,93,51,43,6" hai2="63,111,87,133,107,70,28,135,40,29,11,0,16" hai3="96,83,126,46,122,17,103,90,80,33,88,129,32"/><U72/><E119/><V76/><F107/><W112/><G122/><T1/><D34/><U54/><E130/><V127/><F40/><W117/><G112/><T44/><D114/><U116/><E116/><V118/><F118/><W26/><G126/><T108/><D1/><U14/><E125/><V3/><F3/><W120/><G120/><T98/><D108/><U131/><E131/><V97/><F97/><W21/><G129/><T64/><D64/><U19/><E6/><V84/><F0/><W67/><G67/><T99/><D99/><U91/><E43/><V60/><F127/><W85/><G46/><T77/><D86/><N who="2" m="32810" /><F76/><W47/><G83/><T50/><D132/><N who="2" m="50762" /><F111/><W81/><G80/><T100/><REACH who="0" step="1"/><D22/><REACH who="0" ten="196,364,208,222" step="2"/><U89/><E20/><V18/><F70/><W92/><G117/><T48/><AGARI ba="1,1" hai="37,42,44,48,49,50,74,75,77,78,79,95,98,100" machi="48" ten="30,4000,0" yaku="1,1,2,1,0,1,53,0" doraHai="8" doraHaiUra="56" who="0" fromWho="0" sc="196,53,364,-21,208,-11,222,-11" /><INIT seed="2,0,0,1,4,18" ten="249,343,197,211" oya="2" hai0="97,72,91,59,34,51,80,36,42,43,64,86,112" hai1="95,1,17,60,69,117,128,39,16,106,44,125,63" hai2="2,81,108,25,114,11,0,83,131,47,33,55,5" hai3="20,87,68,94,79,82,96,126,31,67,27,76,70"/><V90/><F114/><W28/><G126/><T15/><D112/><U52/><E106/><V66/><F66/><W98/><G79/><T24/><D36/><U78/><E117/><V100/><F100/><W57/><G31/><T32/><D72/><U134/><E1/><V12/><F131/><W123/><G98/><T130/><D130/><U22/><E128/><V14/><F108/><W38/><G38/><T62/><D15/><U74/><E125/><V49/><F12/><W56/><G123/><T111/><D111/><U104/><E104/><V99/><F99/><W124/><G57/><T71/><D71/><U77/><E134/><V26/><F0/><W109/><G109/><T107/><D107/><U121/><E121/><V133/><F133/><W110/><G124/><T75/><D75/><U40/><E95/><V21/><F90/><W103/><REACH who="3" step="1"/><G110/><REACH who="3" ten="249,343,197,201" step="2"/><T65/><D97/><U7/><E77/><V8/><F33/><W127/><G127/><T4/><D34/><U85/><E39/><V53/><F53/><W29/><G29/><T120/><D120/><U41/><E78/><V119/><F119/><W89/><G89/><T23/><D32/><U93/><E52/><V132/><F132/><W3/><G3/><T50/><D59/><U116/><E116/><V105/><F105/><W19/><G19/><T13/><D91/><U118/><E118/><V35/><F35/><W135/><G135/><T54/><D54/><U102/><E102/><V9/><F2/><W115/><G115/><T73/><D64/><U37/><E37/><V129/><F129/><W45/><G45/><RYUUKYOKU ba="0,1" sc="249,-10,343,-10,197,-10,201,30" hai3="20,27,28,56,67,68,70,76,82,87,94,96,103" /><INIT seed="3,1,1,2,5,4" ten="239,333,187,231" oya="3" hai0="93,127,114,117,75,57,79,26,59,40,10,35,27" hai1="37,71,56,129,82,135,11,44,123,53,31,83,107" hai2="89,60,45,113,91,20,105,58,100,68,111,103,33" hai3="108,119,9,69,62,46,1,15,0,22,70,125,95"/><W88/><G119/><T74/><D117/><U98/><E123/><V116/><F33/><W78/><G125/><T67/><D40/><U101/><E71/><V85/><F116/><W47/><G78/><T61/><D114/><U115/><E115/><V72/><F72/><W25/><G108/><T39/><D39/><U24/><E129/><V43/><F68/><W50/><G1/><T36/><D36/><U29/><E135/><V76/><F111/><W112/><G0/><T63/><D35/><U131/><E131/><V18/><F76/><W54/><G47/><T99/><D127/><U133/><E133/><V118/><F105/><W16/><G62/><T3/><D79/><U86/><E86/><V84/><F84/><W134/><G112/><T2/><D75/><U92/><E107/><V110/><F110/><W90/><G90/><T8/><D74/><U120/><E120/><V48/><F89/><W13/><G13/><T66/><D93/><U106/><E106/><V30/><F30/><W28/><G134/><T23/><D23/><U64/><E44/><V12/><F113/><W5/><G28/><T34/><D34/><U6/><E29/><V21/><F21/><W80/><G80/><T55/><D55/><U126/><E126/><V97/><F97/><AGARI ba="1,1" hai="5,9,15,16,22,25,46,50,54,69,70,88,95,97" machi="97" ten="30,11600,0" yaku="7,1,52,1,54,2" doraHai="4" who="3" fromWho="2" sc="239,0,333,0,187,-119,231,129" /><AGARI ba="1,0" hai="2,3,8,10,26,27,57,59,61,63,66,67,97,99" machi="97" ten="25,6400,0" yaku="22,2,52,2" doraHai="4" who="0" fromWho="2" sc="239,64,333,0,68,-64,360,0" /><INIT seed="3,2,0,4,4,118" ten="303,333,4,360" oya="3" hai0="69,31,65,127,76,42,3,108,129,93,105,74,96" hai1="10,99,41,11,70,109,28,36,68,102,119,19,71" hai2="98,123,20,33,90,8,64,2,100,18,9,7,54" hai3="94,63,106,37,95,121,88,132,62,57,67,52,78"/><W122/><G106/><T116/><D116/><U115/><E119/><V30/><F8/><W26/><G37/><T44/><D108/><U111/><E115/><V5/><F5/><W80/><G132/><T13/><D3/><U0/><E28/><V12/><F64/><W89/><G95/><T81/><D129/><U79/><E79/><V53/><F90/><W104/><G104/><T35/><D127/><U46/><E19/><V101/><F123/><W24/><G89/><T39/><D13/><U92/><REACH who="1" step="1"/><E0/><REACH who="1" ten="303,323,4,360" step="2"/><V15/><F15/><W120/><G78/><T66/><D105/><U133/><E133/><V43/><F43/><W58/><REACH who="3" step="1"/><G80/><REACH who="3" ten="303,323,4,350" step="2"/><T72/><D72/><U47/><E47/><V77/><F77/><W4/><G4/><T84/><D74/><U1/><E1/><V48/><F98/><AGARI ba="2,2" hai="24,26,52,57,58,62,63,67,88,94,98,120,121,122" machi="98" ten="40,18000,2" yaku="1,1,52,3,54,2,53,1" doraHai="118" doraHaiUra="85" who="3" fromWho="2" sc="303,0,323,0,4,-186,350,206" owari="303,-9.7,323,12.3,-182,-68.2,556,65.6" /></mjloggm>