<mjloggm ver="2.3"><GO type="169" lobby="0"/><UN n0="%E4%BF%9D%E8%82%B2%E5%A3%AB" n1="%E3%81%BD%E3%81%A3%E3%81%91%E3%81%95%E3%82%93" n2="%E5%91%89%E5%AF%8C%E6%98%A5" n3="%E5%A7%AB%E7%95%99" dan="16,16,16,16" rate="2173.26,2151.16,2071.04,2107.02" sx="M,M,M,M"/><TAIKYOKU oya="0"/><INIT seed="0,0,0,3,4,37" ten="250,250,250,250" oya="0" hai0="94,66,61,4,113,10,81,60,0,129,64,135,92" hai1="17,102,109,133,34,53,63,15,90,30,95,68,28" hai2="19,5,100,76,127,75,26,87,47,108,1,40,39" hai3="72,69,86,8,36,89,67,126,23,132,119,25,52"/><T43/><D113/><U55/><E109/><V13/><F108/><W110/><G72/><T107/><D135/><U65/><E133/><V57/><F127/><W105/><G119/><T11/><D129/><U78/><E78/><V24/><F100/><W6/><G110/><T77/><D107/><U27/><E30/><V41/><F57/><W51/><G36/><T12/><D43/><U118/><E102/><V106/><F106/><W42/><G105/><T56/><D10/><U83/><E83/><N who="2" m="45471" /><F41/><W74/><G74/><T125/><D125/><U45/><E45/><V32/><F87/><W101/><G101/><T112/><D112/><U70/><E70/><V22/><F32/><W91/><G42/><T46/><D46/><U20/><E118/><V99/><F99/><AGARI ba="0,0" hai="15,17,20,27,28,34,53,55,63,65,68,90,95,99" machi="99" ten="30,1000,0" yaku="7,1" doraHai="37" who="1" fromWho="2" sc="250,0,250,10,250,-10,250,0" /><INIT seed="1,0,0,1,1,7" ten="250,260,240,250" oya="1" hai0="103,45,12,93,76,99,107,44,38,54,81,19,86" hai1="20,133,105,100,102,65,22,13,97,26,63,52,49" hai2="134,32,69,128,104,30,42,0,43,75,131,27,126" hai3="2,23,8,135,66,90,120,48,21,68,60,34,17"/><U64/><E133/><V16/><F104/><W71/><G120/><T80/><D38/><U73/><E73/><V117/><F117/><W116/><G34/><T82/><D107/><U28/><E102/><V96/><F75/><W39/><G39/><T84/><D54/><U35/><E13/><V40/><F69/><W67/><G135/><T108/><D108/><U37/><E37/><V106/><F134/><W112/><G112/><T95/><D95/><U132/><E65/><V57/><F0/><W56/><G116/><T5/><D5/><U121/><E121/><V4/><F4/><W77/><G77/><T1/><D1/><U83/><E83/><V101/><F126/><W94/><G48/><T3/><D3/><U46/><REACH who="1" step="1"/><E132/><REACH who="1" ten="250,250,240,250" step="2"/><V89/><F89/><W14/><G67/><T125/><D125/><U51/><E51/><V124/><F124/><W70/><REACH who="3" step="1"/><G2/><REACH who="3" ten="250,250,240,240" step="2"/><T53/><D76/><U85/><E85/><AGARI ba="0,2" hai="8,14,17,21,23,56,60,66,68,70,71,85,90,94" machi="85" ten="40,8000,1" yaku="1,1,2,1,52,1,53,1" doraHai="7" doraHaiUra="15" who="3" fromWho="1" sc="250,0,250,-80,240,0,240,100" /><INIT seed="2,0,0,5,2,4" ten="250,170,240,340" oya="2" hai0="75,78,84,108,33,113,38,96,95,25,83,60,37" hai1="41,45,62,120,129,21,106,23,118,91,69,65,94" hai2="40,19,13,9,57,86,71,90,116,67,102,135,112" hai3="101,109,34,114,27,88,46,77,49,5,73,93,85"/><V115/><F116/><W72/><G109/><T58/><D113/><U121/><E118/><V74/><F74/><W31/><G114/><T100/><D108/><U6/><E106/><V79/><F71/><W119/><G119/><T104/><D33/><U39/><E129/><V92/><F79/><W61/><G101/><T10/><D25/><U35/><E35/><V24/><F135/><W32/><G32/><T28/><D28/><U29/><E29/><V70/><F70/><W30/><G30/><T56/><D10/><U18/><E6/><V55/><F24/><W11/><G61/><T42/><D42/><U1/><E1/><V66/><F40/><W7/><G7/><T134/><D134/><U64/><E64/><V52/><F102/><W26/><G26/><T68/><D68/><U63/><E63/><N who="2" m="36263" /><F112/><W125/><G125/><T107/><D58/><U53/><E53/><V89/><F115/><W3/><REACH who="3" step="1"/><G77/><REACH who="3" ten="250,170,240,330" step="2"/><T0/><D107/><U44/><E18/><V2/><F2/><W36/><G36/><T126/><D0/><U117/><E117/><V50/><F89/><W128/><G128/><T110/><D110/><U87/><E120/><V82/><F92/><W8/><G8/><T22/><D126/><U133/><E121/><V97/><F97/><W98/><G98/><T17/><D104/><U123/><E123/><V103/><F103/><W122/><G122/><T76/><D76/><U124/><E124/><V132/><F132/><W130/><G130/><T12/><REACH who="0" step="1"/><D75/><REACH who="0" ten="240,170,240,330" step="2"/><U15/><E133/><V99/><F99/><W20/><G20/><N who="1" m="7754" /><E15/><V111/><F111/><RYUUKYOKU ba="0,2" sc="240,0,170,0,240,0,330,0" hai0="12,17,22,37,38,56,60,78,83,84,95,96,100" hai1="39,41,44,45,62,65,69,87,91,94" hai2="9,13,19,50,55,66,67,82,86,90" hai3="3,5,11,27,31,34,46,49,72,73,85,88,93" /><INIT seed="2,1,2,2,4,31" ten="240,170,240,330" oya="2" hai0="82,11,55,54,24,71,33,81,89,111,123,127,121" hai1="12,15,85,95,126,16,47,120,61,36,86,100,27" hai2="7,6,38,22,69,49,13,21,0,115,116,113,17" hai3="132,78,106,93,20,98,25,133,103,90,18,63,34"/><V9/><F69/><W44/><G78/><T108/><D71/><U112/><E112/><N who="2" m="43083" /><F49/><W101/><G44/><T79/><D11/><U72/><E72/><V46/><F46/><W10/><G10/><T77/><D24/><U37/><E47/><V8/><F38/><W124/><G124/><T65/><D89/><U32/><E61/><V87/><F87/><W97/><G63/><T102/><D102/><U1/><E100/><V114/><N who="2" m="43091" /><V73/><DORA hai="56" /><F73/><W135/><G101/><T28/><D28/><U76/><E95/><V104/><F104/><W66/><G66/><T29/><D29/><U52/><E52/><V4/><F116/><W64/><G64/><T57/><D65/><U83/><E83/><V51/><F51/><W41/><G41/><T23/><D23/><AGARI ba="1,2" hai="0,4,6,7,8,9,13,17,21,22,23" m="43091" machi="23" ten="40,3900,0" yaku="34,2" doraHai="31,56" who="2" fromWho="0" sc="240,-42,170,0,240,62,330,0" /><INIT seed="2,2,0,3,5,36" ten="198,170,302,330" oya="2" hai0="27,12,93,75,88,40,112,89,69,62,55,11,83" hai1="1,85,77,46,38,70,35,33,43,103,58,105,80" hai2="13,8,52,92,133,54,91,47,37,90,109,17,129" hai3="18,81,10,39,57,19,120,73,49,6,128,53,16"/><V76/><F129/><W59/><G120/><T24/><D112/><U66/><E58/><V122/><F122/><W100/><G39/><T28/><D40/><U125/><E125/><V29/><F133/><W130/><G100/><T135/><D135/><U2/><E85/><V26/><F109/><W121/><G121/><T106/><D106/><U15/><E15/><V117/><F117/><W44/><G81/><T107/><D107/><U108/><E108/><V71/><F71/><W41/><G73/><T79/><D55/><U0/><E80/><V98/><F76/><W94/><G94/><T67/><D93/><U4/><E4/><V86/><F47/><W104/><G104/><T56/><D69/><U14/><E14/><V5/><F5/><W115/><G115/><T21/><REACH who="0" step="1"/><D24/><REACH who="0" ten="188,170,302,330" step="2"/><U131/><E131/><N who="3" m="50218" /><G53/><T68/><D68/><U99/><E77/><V119/><F37/><W42/><G41/><T87/><D87/><U61/><AGARI ba="2,1" hai="0,1,2,33,35,38,43,46,61,66,70,99,103,105" machi="61" ten="40,8000,1" yaku="0,1,33,3,52,1" doraHai="36" who="1" fromWho="1" sc="188,-22,170,96,302,-42,330,-22" /><INIT seed="3,0,0,5,2,73" ten="166,266,260,308" oya="3" hai0="120,45,30,8,27,74,131,88,11,49,92,96,52" hai1="112,34,89,93,110,18,127,135,56,46,4,25,26" hai2="124,123,23,12,62,21,71,84,134,16,61,80,103" hai3="63,95,31,3,22,91,90,87,82,60,69,83,117"/><W5/><G117/><T76/><D131/><U111/><E112/><V24/><F124/><W28/><G69/><T38/><D120/><U105/><E105/><V109/><F123/><W100/><G3/><T29/><D38/><U17/><E4/><V13/><F109/><W97/><G5/><T79/><D74/><U1/><E1/><V64/><F134/><W53/><G53/><T85/><D96/><U122/><E122/><V15/><F103/><W51/><G51/><T107/><D107/><U7/><E7/><V98/><F98/><W102/><G22/><N who="0" m="15607" /><D30/><N who="3" m="11305" /><G82/><T118/><D118/><U40/><E34/><V55/><F23/><W66/><G66/><T39/><D39/><U130/><E56/><V6/><F61/><AGARI ba="0,0" hai="60,61,63,83,87,90,91,95,97,100,102" m="11305" machi="61" ten="30,1500,0" yaku="8,1" doraHai="73" who="3" fromWho="2" sc="166,0,266,0,260,-15,308,15" /><INIT seed="3,1,0,3,3,35" ten="166,266,245,323" oya="3" hai0="97,86,84,21,127,121,68,7,98,71,58,122,65" hai1="99,79,45,49,88,52,125,89,74,17,28,18,81" hai2="126,12,135,112,67,31,82,115,120,55,108,69,114" hai3="119,83,78,46,2,134,8,19,129,29,41,73,123"/><W70/><G119/><T16/><D127/><U107/><E125/><V106/><F106/><W85/><G123/><T60/><D7/><U95/><E28/><V38/><F82/><W9/><G70/><T91/><D122/><U111/><E111/><V53/><F31/><W116/><G116/><T24/><D121/><U6/><E107/><V64/><F12/><W80/><G129/><T51/><D71/><U14/><REACH who="1" step="1"/><E89/><REACH who="1" ten="166,256,245,323" step="2"/><V37/><F126/><W133/><G29/><T0/><D0/><U100/><E100/><V1/><F120/><W22/><G134/><T124/><D124/><U34/><E34/><V128/><F108/><W117/><G133/><T105/><D105/><U4/><E4/><V103/><F103/><W5/><G117/><T33/><D33/><U36/><E36/><V118/><F135/><W39/><G5/><T43/><D84/><U62/><E62/><V20/><F115/><W130/><G130/><T56/><D68/><U26/><E26/><V32/><F118/><W47/><G39/><T13/><D24/><U50/><E50/><V96/><F69/><W44/><G85/><T132/><D132/><U77/><E77/><V66/><F32/><W109/><G78/><T40/><D98/><U131/><E131/><V48/><F128/><W61/><G109/><T30/><D97/><U113/><E113/><V90/><F112/><W11/><G61/><T63/><D30/><U23/><E23/><V42/><F114/><W76/><G76/><T57/><D51/><U15/><E15/><V87/><F38/><W110/><G110/><T75/><D60/><RYUUKYOKU ba="1,1" sc="166,-10,256,30,245,-10,323,-10" hai1="6,14,17,18,45,49,52,74,79,81,88,95,99" /><INIT seed="4,2,1,1,1,84" ten="156,286,235,313" oya="0" hai0="50,9,56,76,5,18,62,133,57,43,13,89,31" hai1="48,74,19,118,49,128,103,104,8,41,75,37,22" hai2="82,111,3,54,108,114,4,39,105,117,24,1,110" hai3="71,2,66,78,40,20,15,131,14,53,113,70,98"/><T132/><D76/><U90/><E118/><V102/><F39/><W116/><G2/><N who="2" m="521" /><F82/><W127/><G116/><T92/><D31/><U52/><E128/><V45/><F54/><W134/><G131/><T119/><D119/><U46/><E37/><V123/><F45/><W115/><G127/><T29/><D29/><U129/><E129/><V28/><F117/><W86/><G134/><T61/><D5/><U34/><E34/><N who="2" m="20743" /><F4/><W99/><G40/><T85/><D50/><U26/><E103/><V68/><F68/><W59/><G53/><T33/><D33/><U17/><E104/><V63/><F63/><W101/><G101/><T12/><D43/><U23/><E90/><V30/><F30/><W67/><G70/><T81/><D81/><U130/><E130/><V47/><F47/><W87/><G71/><T77/><D77/><U27/><E74/><V107/><F123/><W64/><G78/><T10/><D62/><U106/><E106/><N who="2" m="40459" /><F102/><W60/><G60/><T112/><D56/><N who="1" m="32775" /><E75/><V7/><F7/><W80/><G80/><T124/><D124/><U122/><E122/><V83/><F83/><W58/><G67/><N who="0" m="39343" /><D133/><U38/><E38/><V125/><F125/><W42/><G42/><T21/><D132/><U91/><E91/><V16/><F16/><W25/><G20/><T79/><D79/><U0/><E0/><V109/><F109/><W65/><G65/><T11/><D12/><U6/><E6/><V69/><F69/><W35/><G35/><T120/><D120/><U97/><E8/><N who="0" m="2049" /><T44/><DORA hai="93" /><D44/><U32/><E32/><V36/><F36/><RYUUKYOKU ba="2,1" sc="156,0,286,0,235,0,313,0" hai0="13,18,21,85,89,92,112" hai1="17,19,22,23,26,27,41,46,49,97" hai2="108,110,111,114" hai3="14,15,25,58,59,64,66,86,87,98,99,113,115" /><INIT seed="4,3,1,2,0,44" ten="156,286,235,313" oya="0" hai0="22,50,109,0,125,76,128,56,103,93,129,87,19" hai1="1,95,116,69,34,99,83,49,41,135,119,28,18" hai2="26,33,38,11,42,110,132,15,84,75,37,52,27" hai3="113,32,104,124,121,90,51,13,82,14,36,65,55"/><T67/><D0/><U106/><E69/><V98/><F110/><W70/><G36/><T60/><D109/><U78/><E106/><V131/><F75/><W24/><G104/><T130/><D125/><U31/><E1/><V39/><F42/><W72/><G124/><T62/><D76/><U8/><E135/><V102/><F33/><W10/><G113/><T58/><D50/><U89/><E34/><V5/><F132/><W6/><G121/><T91/><D103/><U122/><E122/><V114/><F114/><W80/><G72/><T9/><D9/><U94/><E94/><V74/><F74/><W105/><G105/><T120/><D120/><U45/><E119/><V2/><F2/><W88/><G65/><T64/><REACH who="0" step="1"/><D129/><REACH who="0" ten="146,286,235,313" step="2"/><U92/><E116/><V25/><F131/><W29/><G51/><T23/><D23/><U123/><E123/><V86/><REACH who="2" step="1"/><F52/><REACH who="2" ten="146,286,225,313" step="2"/><W54/><G55/><T48/><D48/><U30/><E49/><V134/><F134/><W59/><G54/><T12/><AGARI ba="3,3" hai="12,19,22,56,58,60,62,64,67,87,91,93,128,130" machi="12" ten="30,6000,0" yaku="1,1,0,1,9,1,53,0" doraHai="44" doraHaiUra="43" who="0" fromWho="0" sc="146,99,286,-23,225,-23,313,-23" /><INIT seed="4,4,0,3,2,120" ten="245,263,202,290" oya="0" hai0="66,119,25,80,51,71,33,59,125,15,55,72,10" hai1="103,8,79,133,95,62,67,69,114,129,37,130,57" hai2="88,126,18,2,111,26,87,104,45,78,90,7,134" hai3="89,56,118,93,102,36,32,99,49,22,30,47,91"/><T75/><D119/><U128/><E37/><V65/><F104/><W98/><G118/><T106/><D106/><U60/><E133/><V124/><F134/><W84/><G32/><T35/><D125/><N who="2" m="48234" /><F65/><W115/><G36/><T97/><D97/><N who="1" m="59839" /><E79/><V9/><F45/><W4/><G115/><T39/><D39/><U19/><E114/><V96/><F96/><W132/><G132/><T113/><D113/><U76/><E76/><V123/><F123/><W121/><G121/><T42/><D42/><U82/><E82/><N who="2" m="47575" /><F111/><W38/><G38/><T11/><D80/><U53/><E8/><V52/><F52/><W54/><G4/><T23/><D10/><U64/><E19/><V21/><AGARI ba="4,0" hai="2,7,9,18,21,26,88,90" m="47575,48234" machi="21" ten="30,2000,0" yaku="18,1,54,1" doraHai="120" who="2" fromWho="2" sc="245,-14,263,-9,202,32,290,-9" /><INIT seed="5,0,0,3,3,30" ten="231,254,234,281" oya="1" hai0="63,93,44,88,35,29,47,7,76,8,45,52,117" hai1="87,100,42,77,23,86,13,43,33,55,31,17,19" hai2="118,40,95,102,11,48,112,80,73,18,21,5,79" hai3="58,46,94,125,3,36,135,133,20,132,104,60,61"/><U92/><E31/><V38/><F118/><W127/><G104/><T59/><D117/><U123/><E123/><V14/><F112/><W68/><G3/><T89/><D76/><U121/><E33/><V64/><F64/><N who="3" m="40967" /><G94/><T74/><D74/><U91/><E121/><V131/><F131/><W110/><G20/><T12/><REACH who="0" step="1"/><D93/><REACH who="0" ten="221,254,234,281" step="2"/><U103/><E77/><V53/><F95/><W10/><G132/><T16/><D16/><U82/><E19/><V6/><F79/><W9/><G133/><T24/><AGARI ba="0,1" hai="7,8,12,24,29,35,44,45,47,52,59,63,88,89" machi="24" ten="30,8000,1" yaku="1,1,0,1,52,1,54,2,53,0" doraHai="30" doraHaiUra="96" who="0" fromWho="0" sc="221,90,254,-40,234,-20,281,-20" /><INIT seed="6,0,0,2,0,30" ten="311,214,214,261" oya="2" hai0="104,73,37,39,122,112,32,82,107,128,63,13,75" hai1="62,80,23,70,47,16,115,59,18,40,28,64,4" hai2="117,54,69,124,20,10,93,51,132,91,106,26,29" hai3="119,135,92,118,21,53,71,111,44,114,105,46,78"/><V25/><F117/><W77/><G105/><T15/><D63/><U3/><E115/><V125/><F132/><W86/><G111/><T108/><D82/><U7/><E28/><V58/><F69/><W116/><G135/><T74/><D74/><U131/><E131/><V96/><F106/><W48/><G71/><T22/><D22/><U83/><E18/><V67/><F67/><W127/><G127/><T24/><D24/><U134/><E134/><V55/><F10/><W94/><G114/><T123/><D112/><U130/><E130/><V12/><F12/><W35/><G35/><T17/><D17/><U129/><E129/><V52/><F25/><W121/><G121/><T56/><D128/><U36/><E70/><V43/><F43/><W84/><G21/><T33/><D56/><U98/><E98/><V97/><F97/><W90/><G46/><T38/><D38/><U34/><E34/><V0/><F0/><W50/><G50/><T109/><AGARI ba="0,0" hai="13,15,32,33,37,39,73,75,104,107,108,109,122,123" machi="109" ten="25,8000,1" yaku="0,1,22,2,52,2" doraHai="30" who="0" fromWho="0" sc="311,80,214,-20,214,-40,261,-20" /><INIT seed="7,0,0,5,1,28" ten="391,194,174,241" oya="3" hai0="6,88,43,67,42,122,108,125,10,19,25,109,34" hai1="82,96,74,85,104,32,101,23,53,55,45,117,135" hai2="62,123,92,41,97,51,21,130,24,120,121,134,83" hai3="115,116,111,47,7,89,14,110,40,95,128,118,70"/><W12/><G70/><T9/><D67/><U56/><E32/><V4/><F130/><W2/><G2/><T90/><D19/><U13/><E74/><V16/><F134/><W84/><G128/><T27/><D34/><U73/><E73/><V132/><F132/><W36/><G115/><T106/><D106/><U59/><E135/><V93/><F4/><W119/><G7/><T22/><D6/><U52/><E45/><N who="2" m="26031" /><F83/><W39/><G39/><T29/><D22/><U60/><E117/><V112/><F112/><W50/><G36/><T61/><D61/><U30/><E59/><V46/><F46/><W91/><G91/><T107/><D29/><U65/><E13/><V38/><F38/><W37/><G37/><T35/><D35/><U94/><E104/><V15/><F62/><W8/><G8/><T80/><D107/><U124/><E124/><V81/><F81/><W54/><G40/><T71/><D80/><U86/><E82/><V44/><F44/><W33/><G33/><T3/><D71/><U17/><E17/><N who="2" m="12335" /><F97/><W98/><G98/><T99/><D99/><U114/><E114/><V75/><F75/><W102/><G116/><T68/><D68/><U26/><AGARI ba="0,0" hai="23,26,30,52,53,55,56,60,65,85,86,94,96,101" machi="26" ten="30,8000,1" yaku="0,1,25,2,8,1,54,1" doraHai="28" who="1" fromWho="1" sc="391,-20,194,80,174,-20,241,-40" owari="371,47.1,274,7.4,154,-34.6,201,-19.9" /></mjloggm>