<mjloggm ver="2.3"><GO type="169" lobby="0"/><UN n0="%E3%82%B0%E3%83%AA%E3%83%B3" n1="%E3%81%82%E3%81%9F%E3%81%8B%E3%81%AA" n2="%E8%80%81%E6%A5%BD" n3="%68%61%79%61%74%6F%E2%98%86" dan="16,17,17,16" rate="2179.68,2199.54,2235.54,2041.58" sx="M,M,M,M"/><TAIKYOKU oya="0"/><INIT seed="0,0,0,5,5,24" ten="250,250,250,250" oya="0" hai0="78,130,99,31,109,103,120,134,127,36,61,118,69" hai1="29,38,52,93,25,98,72,7,4,126,3,135,13" hai2="110,28,1,56,26,18,57,92,39,123,125,76,132" hai3="95,2,100,65,94,85,73,82,50,27,133,111,32"/><T43/><D118/><U91/><E126/><V107/><F107/><W96/><G2/><T46/><D120/><U11/><E135/><V41/><F1/><W51/><G73/><T9/><D127/><U33/><E72/><V20/><F125/><W79/><G111/><T115/><D115/><U63/><E63/><V84/><F110/><W8/><G133/><T12/><D134/><U64/><E64/><V89/><F123/><W14/><G65/><T15/><D109/><U124/><E124/><V68/><F68/><W16/><REACH who="3" step="1"/><G95/><REACH who="3" ten="250,250,250,240" step="2"/><T42/><D130/><U122/><E122/><V6/><F132/><W131/><G131/><T35/><D69/><U105/><E105/><V22/><F6/><W30/><AGARI ba="0,1" hai="8,14,16,27,30,32,50,51,79,82,85,94,96,100" machi="30" ten="30,7900,0" yaku="1,1,0,1,52,1,54,1,53,0" doraHai="24" doraHaiUra="128" who="3" fromWho="3" sc="250,-39,250,-20,250,-20,240,89" /><BYE who="1" /><UN n1="%E3%81%82%E3%81%9F%E3%81%8B%E3%81%AA" /><INIT seed="1,0,0,5,0,29" ten="211,230,230,329" oya="1" hai0="61,76,89,86,18,48,75,35,117,46,132,4,97" hai1="49,0,91,72,63,58,65,93,25,33,131,80,106" hai2="92,1,15,107,130,3,88,124,126,56,128,62,94" hai3="71,114,14,125,69,96,30,7,54,116,85,51,23"/><U24/><E0/><V121/><F107/><W109/><G114/><T2/><D117/><U47/><E131/><N who="2" m="50219" /><F15/><W26/><G109/><T101/><D132/><U113/><E113/><V77/><F77/><W135/><G135/><T50/><D75/><U10/><E106/><V53/><F92/><W45/><G125/><N who="2" m="48233" /><F121/><W123/><G116/><T11/><D76/><U32/><E80/><V59/><F56/><W39/><G39/><T13/><D46/><U82/><E82/><V134/><F134/><W64/><G123/><T9/><D13/><U6/><E72/><V36/><F36/><W37/><G37/><T16/><D2/><U81/><E81/><V67/><F67/><W98/><G64/><T102/><D4/><U115/><E115/><V112/><F112/><W57/><G57/><T108/><D108/><U110/><E110/><V5/><F5/><W22/><G7/><T90/><D11/><U19/><E6/><V41/><F41/><W52/><G14/><T68/><D9/><U79/><E79/><V27/><F27/><W119/><G119/><T43/><D43/><N who="1" m="24831" /><E10/><V118/><F118/><W104/><G104/><T105/><D105/><U21/><E25/><V38/><F38/><W129/><G26/><T40/><D40/><U127/><E127/><V8/><F8/><W83/><G83/><T111/><D111/><U133/><E133/><V95/><F95/><W84/><G129/><T66/><D66/><U60/><E60/><V42/><F42/><W31/><G51/><T20/><D50/><U73/><E73/><V44/><F44/><AGARI ba="0,0" hai="22,23,30,31,44,45,52,54,69,71,84,85,96,98" machi="44" ten="25,3200,0" yaku="22,2,54,1" doraHai="29" who="3" fromWho="2" sc="211,0,230,0,230,-32,329,32" /><INIT seed="2,0,0,0,4,15" ten="211,230,198,361" oya="2" hai0="48,17,87,91,44,11,20,83,25,72,78,62,122" hai1="2,84,69,42,133,134,37,73,117,88,56,43,51" hai2="123,70,107,61,32,22,126,115,67,46,53,23,28" hai3="4,24,109,111,135,40,85,7,129,81,1,50,130"/><V82/><F115/><W75/><G75/><T94/><D122/><U13/><E2/><V86/><F123/><W34/><G135/><N who="1" m="51722" /><E69/><V8/><F126/><W127/><G127/><T104/><D104/><U45/><E73/><V26/><F107/><W97/><G97/><T98/><D62/><U68/><E68/><V47/><F8/><W57/><G1/><T58/><D11/><U3/><E3/><V106/><F106/><W79/><G4/><T113/><D113/><U103/><E103/><V66/><F66/><W59/><G7/><T95/><D58/><N who="3" m="22025" /><G50/><T131/><D131/><N who="3" m="50185" /><G40/><T99/><REACH who="0" step="1"/><D94/><REACH who="0" ten="201,230,198,361" step="2"/><U5/><E56/><V105/><F105/><W124/><G124/><T6/><D6/><U101/><E5/><V102/><F46/><W60/><G60/><T21/><D21/><U120/><E120/><V35/><F22/><W64/><G64/><T119/><D119/><U71/><E117/><V39/><F23/><W12/><G34/><T121/><D121/><U77/><E71/><V93/><F35/><W112/><G112/><T54/><AGARI ba="0,1" hai="17,20,25,44,48,54,72,78,83,87,91,95,98,99" machi="54" ten="20,5200,0" yaku="1,1,0,1,7,1,52,1,53,0" doraHai="15" doraHaiUra="118" who="0" fromWho="0" sc="201,62,230,-13,198,-26,361,-13" /><INIT seed="3,0,0,5,2,129" ten="263,217,172,348" oya="3" hai0="111,85,103,58,44,10,69,81,5,118,52,8,109" hai1="120,115,46,48,94,32,13,75,29,22,53,51,92" hai2="98,41,101,82,119,123,30,23,21,114,76,25,72" hai3="121,127,28,126,35,79,0,102,1,117,12,63,15"/><W45/><G79/><T2/><D118/><U17/><E120/><V106/><F119/><W26/><G102/><T134/><D69/><U47/><E75/><V108/><F114/><W125/><G117/><T55/><D103/><U40/><E115/><V90/><F123/><W99/><G99/><T38/><D10/><U66/><E32/><V36/><F108/><N who="0" m="41546" /><D134/><U61/><REACH who="1" step="1"/><E29/><REACH who="1" ten="263,207,172,348" step="2"/><V67/><F30/><W31/><G121/><T113/><D113/><U88/><E88/><V71/><F90/><W24/><G35/><T95/><D38/><U59/><AGARI ba="0,1" hai="13,17,22,40,46,47,48,51,53,59,61,66,92,94" machi="59" ten="20,5200,0" yaku="1,1,0,1,7,1,8,1,53,0" doraHai="129" doraHaiUra="124" who="1" fromWho="1" sc="263,-13,207,62,172,-13,348,-26" /><INIT seed="4,0,0,2,5,71" ten="250,269,159,322" oya="0" hai0="91,40,33,77,10,38,65,64,3,84,112,134,107" hai1="135,82,61,68,85,39,130,83,110,58,25,26,123" hai2="116,53,75,8,119,131,35,5,11,48,45,129,62" hai3="88,73,106,115,57,103,52,0,81,29,59,86,63"/><T97/><D112/><U28/><E123/><V36/><F75/><W125/><G0/><T120/><D120/><U24/><E110/><V17/><F35/><W132/><G115/><T13/><D134/><U98/><E135/><V44/><F17/><W118/><G132/><T67/><D33/><U47/><E68/><V46/><F11/><W60/><G73/><T76/><D3/><U15/><E130/><N who="2" m="49675" /><F8/><W114/><G114/><T92/><D107/><U95/><E28/><V56/><F5/><W27/><G125/><T121/><D121/><U70/><E70/><V55/><F36/><W2/><G2/><T32/><D32/><U78/><E15/><V30/><F30/><W16/><G118/><AGARI ba="0,0" hai="44,45,46,48,53,55,56,62,116,118,119" m="49675" machi="118" ten="30,7700,0" yaku="12,1,19,1,34,2" doraHai="71" who="2" fromWho="3" sc="250,0,269,0,159,77,322,-77" /><INIT seed="5,0,0,1,1,60" ten="250,269,236,245" oya="1" hai0="27,102,107,11,92,34,70,78,90,91,104,31,75" hai1="108,99,47,119,54,88,25,13,53,18,89,22,24" hai2="97,80,28,87,59,72,106,39,4,93,132,33,125" hai3="35,128,124,51,95,85,40,7,55,69,116,109,43"/><U131/><E119/><V61/><F39/><W16/><G109/><T83/><D70/><U63/><E131/><V23/><F33/><W66/><G35/><T105/><D102/><U15/><E108/><V21/><F125/><W44/><G7/><T122/><D122/><U103/><E15/><V129/><F132/><W6/><G6/><T48/><D11/><U114/><E114/><V74/><F4/><W120/><G120/><T101/><D101/><U1/><E1/><V14/><F106/><W29/><G29/><T81/><D81/><U127/><E127/><V135/><F23/><W126/><G116/><T37/><D37/><U77/><E77/><V58/><F58/><W94/><G128/><T82/><D82/><U118/><E118/><V98/><F98/><W50/><G85/><T3/><D3/><U9/><E63/><V52/><F135/><W38/><G38/><T20/><D34/><U49/><E54/><V42/><F42/><W46/><G55/><T115/><D115/><U84/><E84/><V0/><F0/><W56/><G56/><T41/><D92/><U12/><E12/><V76/><F129/><W79/><G79/><T10/><D10/><U26/><REACH who="1" step="1"/><E9/><REACH who="1" ten="250,259,236,245" step="2"/><V68/><F14/><W112/><G112/><T67/><D41/><U65/><E65/><V121/><F121/><W17/><G66/><T5/><D67/><U123/><E123/><V64/><F64/><W8/><G8/><T62/><D5/><U86/><E86/><V111/><F111/><W134/><G134/><T133/><D133/><U32/><E32/><V117/><F117/><RYUUKYOKU ba="0,1" sc="250,-15,259,15,236,-15,245,15" hai1="13,18,22,24,25,26,47,49,53,88,89,99,103" hai3="16,17,40,43,44,46,50,51,69,94,95,124,126" /><INIT seed="5,1,1,3,0,29" ten="235,274,221,260" oya="1" hai0="118,18,28,99,93,101,40,120,6,25,56,46,130" hai1="52,64,68,77,10,112,43,47,37,78,60,1,57" hai2="27,58,62,82,20,36,80,26,34,105,67,53,59" hai3="81,66,24,70,121,17,13,11,12,111,51,9,87"/><U97/><E112/><V129/><F36/><W3/><G111/><T69/><D118/><U96/><E1/><V49/><F105/><W86/><G3/><T132/><D69/><U92/><E10/><V115/><F129/><W35/><G121/><T19/><D130/><U94/><E92/><V76/><F115/><W88/><G86/><T85/><D132/><U71/><E71/><V107/><F107/><W89/><G51/><T41/><D6/><U122/><E122/><V63/><F76/><W50/><G50/><T38/><D41/><U54/><E97/><V48/><F48/><W31/><G66/><T133/><D133/><U15/><E15/><V33/><F49/><W0/><G0/><T95/><D56/><U125/><E125/><V72/><F72/><W79/><G70/><T84/><D120/><U32/><E32/><V14/><F14/><W74/><G74/><T134/><D134/><U7/><E7/><AGARI ba="1,1" hai="7,9,11,12,13,17,24,31,35,79,81,87,88,89" machi="7" ten="30,3900,0" yaku="7,1,52,1,54,1" doraHai="29" who="3" fromWho="1" sc="235,0,274,-42,221,0,260,52" /><INIT seed="6,0,0,1,5,2" ten="235,232,221,312" oya="2" hai0="107,19,36,33,57,21,7,69,34,11,15,94,12" hai1="83,95,78,67,44,79,87,55,102,3,13,74,9" hai2="39,47,52,103,111,85,14,93,120,1,131,59,77" hai3="96,105,50,4,114,71,6,58,84,29,127,80,130"/><V17/><F120/><W116/><G71/><T121/><D107/><U115/><E3/><V75/><F1/><W122/><G116/><T0/><D69/><U31/><E115/><V16/><F131/><W92/><G105/><T98/><D36/><U76/><E67/><V43/><F111/><W28/><G114/><T22/><D121/><U10/><E31/><N who="3" m="11850" /><G127/><T46/><D46/><U100/><E74/><V133/><F133/><W30/><G30/><T51/><D22/><U125/><E125/><V27/><F27/><W99/><G99/><T129/><D129/><U5/><E9/><V110/><F110/><W49/><G130/><T66/><D12/><U26/><E26/><V132/><F132/><W48/><G58/><T56/><D57/><U72/><E72/><V106/><F106/><W73/><G73/><T54/><REACH who="0" step="1"/><D66/><REACH who="0" ten="225,232,221,312" step="2"/><U45/><E45/><V135/><F135/><W91/><G122/><T126/><D126/><U37/><E37/><V82/><F14/><W88/><AGARI ba="0,1" hai="4,6,48,49,50,80,84,88,91,92,96" m="11850" machi="88" ten="30,7900,0" yaku="8,1,52,2,54,1" doraHai="2" who="3" fromWho="3" sc="225,-20,232,-20,221,-39,312,89" /><INIT seed="7,0,0,1,4,8" ten="205,212,182,401" oya="3" hai0="56,14,1,71,4,92,117,125,110,43,99,37,48" hai1="9,134,11,27,83,45,68,77,121,103,0,116,25" hai2="65,24,84,131,87,135,42,106,72,61,32,51,91" hai3="60,98,81,58,40,128,96,93,39,89,70,69,7"/><W55/><G128/><T63/><D110/><U18/><E103/><V50/><F72/><W118/><G118/><T86/><D117/><U80/><E18/><V19/><F131/><W95/><G7/><T29/><D1/><U34/><E45/><V26/><F135/><W97/><G40/><T41/><D37/><U133/><E68/><V64/><F106/><W115/><G39/><T73/><D73/><U10/><E116/><V79/><F32/><W127/><G127/><T113/><D71/><U62/><E62/><V53/><F42/><N who="0" m="15882" /><D113/><U74/><E121/><V112/><F112/><W23/><G98/><T16/><D86/><U3/><E80/><N who="2" m="47135" /><F50/><W38/><G38/><T122/><D122/><U47/><E34/><V114/><F114/><W5/><G5/><T109/><D109/><U12/><E3/><V49/><F49/><W94/><G94/><T17/><D29/><U67/><E0/><V107/><F107/><W22/><G81/><T108/><D48/><U85/><E83/><N who="2" m="49663" /><F61/><W101/><G115/><T30/><D108/><U6/><E74/><V82/><F82/><W59/><G70/><T44/><D44/><U88/><E47/><N who="2" m="27903" /><F26/><W35/><G35/><T105/><D105/><U66/><E134/><V126/><F126/><W46/><G69/><T120/><D120/><U111/><E133/><V129/><F129/><W2/><G2/><T21/><D125/><U104/><E104/><V54/><F54/><N who="3" m="33879" /><G46/><T31/><D4/><N who="1" m="3111" /><E111/><V76/><F76/><W123/><G123/><T75/><D75/><U132/><E132/><V90/><F90/><W57/><G55/><RYUUKYOKU ba="0,0" sc="205,-15,212,-15,182,15,401,15" hai2="19,24,64,65" hai3="22,23,57,59,89,93,95,96,97,101" owari="190,-31.0,197,-0.3,197,-20.3,416,51.6" /></mjloggm>