<mjloggm ver="2.3"><GO type="169" lobby="0"/><UN n0="%E3%81%82%E3%81%95%E3%81%B4%E3%82%93%EF%BC%A0%EF%BD%8D%EF%BD%8A" n1="%72%65%62%6F%75%6E%64" n2="%E5%A4%A9%E7%8B%90" n3="%E5%B2%A9%E4%B8%8A%E9%80%9A%E3%82%8A" dan="18,16,16,16" rate="2247.16,2117.79,2118.71,2124.72" sx="M,M,M,M"/><TAIKYOKU oya="0"/><INIT seed="0,0,0,0,2,89" ten="250,250,250,250" oya="0" hai0="100,116,2,32,29,59,68,25,81,28,120,93,40" hai1="84,135,15,104,133,97,16,60,61,53,86,23,130" hai2="91,39,94,79,110,26,11,37,64,76,111,99,10" hai3="119,126,27,63,71,101,115,83,34,51,124,134,14"/><T57/><D116/><U114/><E130/><V43/><F64/><W117/><G51/><T66/><D120/><U96/><E114/><V82/><F76/><W78/><G14/><T38/><D2/><U128/><E128/><V80/><F80/><W47/><G47/><T30/><D68/><U67/><E53/><V24/><F24/><W102/><G115/><T19/><D38/><U131/><E131/><V7/><F11/><W18/><G18/><T74/><D40/><U8/><E8/><V62/><F62/><W22/><G22/><N who="0" m="13535" /><D74/><U112/><E112/><V77/><F77/><W56/><G71/><T122/><D32/><U41/><E41/><V6/><F6/><W49/><G134/><N who="1" m="51210" /><E60/><V105/><F26/><W0/><G0/><T106/><D106/><U9/><E9/><V55/><F55/><W103/><G49/><T36/><D36/><U90/><E84/><N who="2" m="48223" /><F105/><W125/><G34/><T48/><D122/><U98/><E104/><V4/><F43/><W85/><REACH who="3" step="1"/><G27/><REACH who="3" ten="250,250,250,240" step="2"/><T17/><D48/><U123/><E123/><V1/><F7/><W50/><G50/><T118/><D17/><U5/><E5/><V31/><F31/><W3/><G3/><T92/><D28/><U113/><E113/><V33/><F33/><W13/><G13/><T12/><D12/><U88/><E86/><V44/><F44/><W129/><G129/><T127/><D29/><U46/><E46/><V45/><F45/><W35/><G35/><T108/><D30/><U42/><E42/><V70/><F70/><AGARI ba="0,1" hai="15,16,23,61,67,70,88,90,96,97,98" m="51210" machi="70" ten="30,3900,0" yaku="20,1,54,2" doraHai="89" who="1" fromWho="2" sc="250,0,250,49,250,-39,240,0" /><INIT seed="1,0,0,3,5,61" ten="250,299,211,240" oya="1" hai0="89,53,11,105,64,127,14,22,129,55,32,125,46" hai1="76,116,86,119,47,40,117,24,7,87,23,88,97" hai2="91,115,108,44,4,36,18,6,17,72,99,128,92" hai3="69,100,113,121,33,107,65,82,68,133,60,43,134"/><U102/><E76/><V48/><F36/><W16/><G113/><T131/><D32/><U31/><E7/><V15/><F108/><W103/><G121/><T106/><D22/><U96/><E102/><V95/><F128/><N who="0" m="49226" /><D89/><U77/><E77/><V39/><F39/><W94/><G43/><T20/><D20/><U52/><E86/><N who="2" m="52343" /><F115/><W81/><G69/><T123/><D123/><U118/><N who="1" m="29696" /><DORA hai="101" /><U66/><E66/><V63/><F63/><W112/><G112/><T124/><D64/><U58/><E47/><V25/><F25/><W29/><G103/><T114/><D114/><U30/><E40/><N who="2" m="24583" /><F72/><W73/><G94/><T67/><D67/><U49/><REACH who="1" step="1"/><E31/><REACH who="1" ten="250,289,211,240" step="2"/><V71/><F4/><W111/><G73/><T78/><D78/><U54/><E54/><N who="0" m="20489" /><D46/><U10/><E10/><N who="2" m="4567" /><F71/><W90/><G68/><T98/><D98/><U122/><E122/><V109/><F109/><W56/><G111/><T104/><D125/><U41/><E41/><V110/><F110/><W93/><G29/><T135/><D135/><U21/><E21/><V13/><F13/><W70/><G70/><T3/><D3/><U12/><E12/><V126/><F126/><W38/><G134/><T120/><D120/><U62/><E62/><V57/><F57/><W84/><G133/><T19/><AGARI ba="0,1" hai="11,14,19,104,105,106,124,127" m="20489,49226" machi="19" ten="40,8000,1" yaku="19,1,52,3" doraHai="61,101" who="0" fromWho="0" sc="250,90,289,-40,211,-20,240,-20" /><INIT seed="2,0,0,1,3,113" ten="340,249,191,220" oya="2" hai0="57,81,103,47,109,66,38,122,130,65,71,68,135" hai1="72,82,79,67,59,123,22,134,76,9,14,127,64" hai2="106,101,87,6,37,60,24,21,105,83,84,48,16" hai3="34,91,23,50,46,86,33,51,89,31,18,99,29"/><V133/><F37/><W55/><G34/><T73/><D103/><U44/><E127/><V20/><F133/><W40/><G33/><T30/><D30/><U94/><E79/><V26/><F6/><W45/><G99/><T74/><D81/><U77/><E76/><V62/><F48/><W53/><G40/><N who="0" m="22935" /><D73/><U58/><E134/><V88/><F101/><W118/><G118/><T120/><D74/><U98/><E22/><V69/><F69/><N who="0" m="26698" /><D135/><U117/><E117/><V27/><F27/><W25/><REACH who="3" step="1"/><G91/><REACH who="3" ten="340,249,191,210" step="2"/><T4/><D120/><U10/><E123/><V11/><F106/><W107/><G107/><T97/><D97/><U49/><E98/><V110/><F105/><W56/><G56/><T52/><D122/><U43/><E59/><V78/><F110/><W3/><G3/><T125/><D109/><U35/><E58/><V1/><F1/><W126/><G126/><T32/><D32/><U0/><E35/><V92/><REACH who="2" step="1"/><F11/><REACH who="2" ten="340,249,181,210" step="2"/><W116/><G116/><T102/><D125/><U132/><E0/><V93/><F93/><AGARI ba="0,2" hai="18,23,25,29,31,45,46,50,51,53,55,86,89,93" machi="93" ten="30,7700,0" yaku="1,1,7,1,9,1,8,1,53,0" doraHai="113" doraHaiUra="124" who="3" fromWho="2" sc="340,0,249,0,181,-77,210,97" /><INIT seed="3,0,0,2,3,42" ten="340,249,104,307" oya="3" hai0="7,111,46,10,44,85,60,104,96,124,116,86,47" hai1="15,80,68,3,14,84,62,87,94,110,38,39,22" hai2="97,109,71,32,70,2,88,99,132,34,125,66,92" hai3="17,118,75,4,91,127,89,26,21,90,43,100,23"/><W20/><G75/><T79/><D116/><U50/><E110/><V77/><F2/><W103/><G118/><T74/><D111/><U126/><E3/><V133/><F109/><W121/><G121/><T54/><D124/><U24/><E126/><V112/><F112/><W98/><G127/><T6/><D74/><U11/><E39/><V49/><F125/><W30/><G43/><T37/><D37/><U73/><E73/><V1/><F1/><W29/><G4/><N who="0" m="1579" /><D104/><U64/><E38/><V93/><F77/><W13/><G98/><T108/><D108/><U27/><E11/><V63/><F49/><W72/><G72/><T114/><D114/><U36/><E36/><V107/><F107/><W8/><REACH who="3" step="1"/><G26/><REACH who="3" ten="340,249,104,297" step="2"/><T65/><D96/><U123/><E123/><V134/><REACH who="2" step="1"/><F71/><REACH who="2" ten="340,249,94,297" step="2"/><W82/><G82/><T16/><D79/><U19/><E80/><V135/><N who="2" m="33792" /><DORA hai="0" /><V18/><F18/><W45/><G45/><T69/><D69/><U113/><E19/><V67/><F67/><W25/><G25/><T56/><D65/><U61/><E27/><V76/><F76/><W81/><G81/><T59/><D59/><U131/><E64/><V58/><F58/><W28/><AGARI ba="0,2" hai="8,13,17,20,21,23,28,29,30,89,90,91,100,103" machi="28" ten="40,18000,2" yaku="1,1,0,1,29,2,8,1,53,1" doraHai="42,0" doraHaiUra="55,5" who="3" fromWho="3" sc="340,-60,249,-60,94,-60,297,200" /><INIT seed="3,1,0,4,0,1" ten="280,189,34,497" oya="3" hai0="46,28,114,67,75,37,94,109,88,14,79,93,96" hai1="6,104,35,83,125,49,110,68,39,60,53,4,10" hai2="87,2,20,126,47,65,40,56,19,103,18,36,95" hai3="12,124,108,77,22,121,43,134,130,0,135,57,86"/><W45/><G0/><T51/><D109/><U122/><E110/><V119/><F119/><W84/><G121/><T105/><D114/><U71/><E122/><V111/><F111/><W61/><G108/><T69/><D37/><U38/><E35/><V91/><F2/><W129/><G22/><T44/><D105/><U127/><E10/><V41/><F41/><W101/><G101/><T64/><D28/><U74/><E104/><V7/><F126/><N who="1" m="48137" /><E60/><V23/><F103/><W98/><G98/><T8/><D69/><N who="1" m="26699" /><E83/><V131/><F131/><N who="3" m="50187" /><G12/><T21/><D21/><U123/><E74/><V54/><F65/><N who="3" m="39087" /><G77/><T59/><D79/><U62/><E62/><V100/><F100/><W70/><G70/><T92/><D67/><U85/><E85/><N who="3" m="32874" /><G124/><T13/><D13/><U76/><E76/><V50/><F23/><W48/><AGARI ba="1,0" hai="43,45,48,134,135" m="32874,39087,50187" machi="48" ten="30,1500,0" yaku="19,1" doraHai="1" who="3" fromWho="3" sc="280,-6,189,-6,34,-6,497,18" /><INIT seed="3,2,0,0,4,25" ten="274,183,28,515" oya="3" hai0="106,39,94,78,5,124,72,7,104,128,0,18,65" hai1="132,80,118,61,48,54,90,50,46,73,4,119,113" hai2="60,96,89,14,86,19,120,82,103,2,79,41,131" hai3="97,33,99,91,75,70,10,85,51,133,112,49,64"/><W40/><G75/><T26/><D39/><U31/><E113/><V116/><F116/><W130/><G112/><T69/><D94/><U27/><E132/><V30/><F2/><W135/><G33/><T62/><D128/><U56/><E4/><V125/><F131/><W52/><G130/><T59/><D124/><U21/><E73/><V127/><F41/><W111/><G51/><T101/><D59/><U93/><E80/><V95/><F60/><W35/><G40/><T123/><D123/><U22/><E22/><V105/><F120/><W129/><G35/><T87/><D87/><U1/><E1/><V67/><F67/><W11/><G64/><T57/><D57/><U115/><E115/><V71/><F71/><W100/><G70/><T9/><D7/><U58/><E58/><V114/><F30/><W110/><G129/><T77/><D72/><U122/><E122/><V92/><F114/><W23/><G23/><T108/><D108/><N who="3" m="41513" /><G10/><T76/><D62/><U88/><E50/><V109/><F109/><W68/><G11/><T84/><D65/><U15/><E15/><V12/><F12/><W29/><G68/><T20/><D69/><U66/><REACH who="1" step="1"/><E93/><REACH who="1" ten="274,173,28,515" step="2"/><V117/><F95/><W98/><G135/><T38/><D0/><U121/><E121/><V34/><F34/><W3/><G3/><T36/><D36/><U42/><E42/><V81/><F92/><N who="3" m="54383" /><G133/><T6/><D38/><U45/><E45/><V24/><F14/><W17/><G100/><T55/><D101/><U47/><E47/><V134/><F134/><W8/><G49/><T107/><D9/><RYUUKYOKU ba="2,1" sc="274,-10,173,30,28,-10,515,-10" hai1="21,27,31,46,48,54,56,61,66,88,90,118,119" /><INIT seed="4,3,1,3,2,88" ten="264,203,18,505" oya="0" hai0="79,34,26,30,33,15,22,21,0,102,25,29,126" hai1="118,73,78,12,66,114,54,11,101,93,43,100,3" hai2="119,94,46,1,58,60,23,49,68,71,83,53,75" hai3="85,48,47,28,116,103,42,55,64,117,44,81,6"/><T99/><D126/><U121/><E121/><V9/><F119/><W95/><G28/><T115/><D115/><U127/><E118/><V106/><F106/><W92/><G103/><T91/><D79/><U104/><E3/><V38/><F23/><W135/><G135/><T124/><D124/><U132/><E127/><V7/><F94/><W37/><G117/><T76/><D76/><U67/><E104/><V112/><F112/><W57/><G116/><T111/><D111/><U4/><E114/><V125/><F125/><W2/><G2/><T35/><D91/><U41/><E78/><N who="2" m="44511" /><F60/><W107/><G107/><T52/><D0/><U123/><E73/><V69/><F69/><W17/><G6/><T109/><D109/><U89/><E132/><V86/><F86/><W8/><G64/><N who="1" m="24618" /><E54/><V96/><F96/><W10/><G57/><T59/><D15/><U5/><E5/><V113/><F113/><W82/><G82/><T74/><D74/><U65/><N who="1" m="24626" /><U13/><DORA hai="134" /><E13/><V105/><F105/><W87/><G87/><T51/><D34/><U130/><E130/><V27/><F27/><W39/><G39/><T50/><D50/><U56/><E56/><V120/><F120/><W72/><G72/><T108/><REACH who="0" step="1"/><D108/><REACH who="0" ten="254,203,18,505" step="2"/><U31/><E123/><V77/><F77/><W45/><G48/><T84/><D84/><N who="1" m="52391" /><E31/><V128/><F128/><W129/><G85/><T70/><D70/><U14/><E14/><V63/><F63/><W80/><G129/><T24/><D24/><U61/><E61/><V36/><F36/><W62/><G37/><T40/><D40/><AGARI ba="3,2" hai="4,11,12,40,41,43,100,101" m="52391,24626" machi="40" ten="30,3900,0" yaku="6,1,8,1,52,1" doraHai="88,134" who="1" fromWho="0" sc="254,-48,203,68,18,0,505,0" /><AGARI ba="3,0" hai="1,7,9,38,40,46,49,53,58,68,71" m="44511" machi="40" ten="30,2000,0" yaku="6,1,25,1" doraHai="88,134" who="2" fromWho="0" sc="206,-20,271,0,18,20,505,0" /><INIT seed="5,0,0,4,1,26" ten="186,271,38,505" oya="1" hai0="117,4,103,77,34,27,119,8,69,86,107,61,76" hai1="98,75,37,2,32,114,99,73,54,45,133,43,56" hai2="101,120,85,20,7,89,60,109,63,16,122,92,25" hai3="110,13,67,40,111,46,33,28,81,84,12,24,125"/><U108/><E114/><V58/><F109/><W55/><G125/><T0/><D86/><U51/><E133/><V57/><F7/><W131/><G131/><T11/><D11/><U5/><E108/><V71/><F71/><W3/><G3/><T62/><D62/><U105/><E32/><V64/><REACH who="2" step="1"/><F101/><REACH who="2" ten="186,271,28,505" step="2"/><W41/><G111/><T118/><D103/><U31/><E5/><V83/><F83/><W22/><G110/><T88/><D69/><U123/><E123/><V106/><F106/><W70/><G70/><T49/><D107/><U14/><E105/><V94/><F94/><W66/><G33/><T132/><D34/><U134/><E134/><V116/><F116/><W48/><G67/><AGARI ba="0,1" hai="16,20,25,57,58,60,63,64,67,85,89,92,120,122" machi="67" ten="30,7700,0" yaku="1,1,7,1,9,1,54,1,53,0" doraHai="26" doraHaiUra="9" who="2" fromWho="3" sc="186,0,271,0,28,87,505,-77" /><INIT seed="6,0,0,2,0,94" ten="186,271,115,428" oya="2" hai0="99,17,104,43,40,84,68,31,124,80,11,54,73" hai1="100,39,131,129,106,89,119,132,121,49,63,66,133" hai2="78,25,28,8,105,52,79,23,126,108,44,123,55" hai3="56,19,45,128,42,46,113,20,118,7,38,51,98"/><V15/><F123/><W53/><G118/><T76/><D68/><U65/><E89/><V6/><F126/><W90/><G113/><T5/><D124/><U13/><E119/><V107/><F108/><W117/><G128/><N who="1" m="49226" /><E39/><V74/><F74/><W75/><G75/><T21/><D31/><U92/><E106/><V71/><F71/><W22/><G7/><T86/><D54/><U47/><E13/><V110/><F110/><W0/><G0/><T109/><D109/><U30/><E30/><V122/><F122/><W91/><G22/><T60/><D60/><U88/><E100/><V32/><F32/><W48/><G117/><T81/><D73/><U18/><E18/><V27/><F27/><W82/><G82/><T103/><D11/><U95/><E95/><V64/><F64/><N who="1" m="24681" /><E63/><V83/><F55/><W14/><G98/><T34/><D5/><U3/><E3/><V130/><F130/><W4/><G4/><T58/><D34/><U101/><E101/><V116/><F116/><W26/><G26/><T96/><D96/><N who="1" m="57351" /><E121/><V33/><F33/><W1/><G1/><T37/><D37/><U24/><E24/><V77/><REACH who="2" step="1"/><F83/><REACH who="2" ten="186,271,105,428" step="2"/><W69/><G69/><T36/><D81/><U50/><E50/><AGARI ba="0,1" hai="6,8,15,23,25,28,44,50,52,77,78,79,105,107" machi="50" ten="40,7700,0" yaku="1,1,2,1,54,1,53,0" doraHai="94" doraHaiUra="67" who="2" fromWho="1" sc="186,0,271,-77,105,87,428,0" /><INIT seed="6,1,0,4,2,65" ten="186,194,192,428" oya="2" hai0="130,48,16,75,76,57,4,25,91,127,128,37,45" hai1="58,41,21,83,15,78,38,93,118,59,79,81,50" hai2="8,108,60,46,126,61,43,13,85,77,134,33,17" hai3="111,1,67,20,100,19,27,55,22,97,95,66,125"/><V121/><F121/><W132/><G111/><T63/><D37/><U34/><E38/><V51/><F33/><W73/><G73/><T124/><D4/><U10/><E34/><V94/><F108/><W135/><G1/><T29/><D16/><U42/><E21/><V109/><F109/><W98/><G125/><N who="0" m="48203" /><D91/><U24/><E24/><V84/><F134/><N who="3" m="51243" /><G55/><N who="0" m="34239" /><D76/><N who="1" m="29227" /><E93/><V122/><F122/><W47/><G47/><T5/><D5/><N who="1" m="3535" /><E118/><V26/><F26/><N who="3" m="14623" /><G98/><T30/><D75/><U52/><E59/><V3/><F3/><W86/><G86/><T114/><D114/><U72/><E72/><V35/><F126/><W74/><G74/><T82/><D25/><U68/><E68/><V49/><F84/><W18/><AGARI ba="1,0" hai="18,22,27,66,67,95,97,100" m="14623,51243" machi="18" ten="30,1100,0" yaku="20,1" doraHai="65" who="3" fromWho="3" sc="186,-4,194,-4,192,-6,428,14" /><INIT seed="7,0,0,5,0,3" ten="182,190,186,442" oya="3" hai0="29,73,124,26,27,131,49,42,63,31,46,65,54" hai1="69,133,84,95,23,24,7,123,106,41,48,2,72" hai2="117,21,115,5,94,76,107,55,53,82,14,67,32" hai3="126,17,30,6,18,112,52,79,45,80,68,56,62"/><W86/><G68/><T122/><D122/><U43/><E123/><V39/><F107/><W66/><G126/><T58/><D73/><U127/><E72/><V91/><F32/><W47/><G112/><T12/><D124/><U96/><E69/><V89/><F117/><W0/><G30/><N who="0" m="11275" /><D131/><U105/><E7/><V87/><F39/><W110/><G110/><T19/><D65/><U132/><E2/><V16/><F115/><W57/><G6/><T135/><D135/><N who="1" m="51787" /><E84/><N who="2" m="48199" /><F67/><W51/><G0/><T119/><D119/><U1/><E48/><V71/><F71/><W113/><G113/><T88/><D88/><N who="1" m="55399" /><E1/><V134/><F134/><W25/><G25/><T15/><D15/><U59/><E59/><V61/><F5/><W83/><G83/><T38/><D38/><U75/><E75/><V99/><F61/><W37/><G37/><T111/><D111/><U103/><E103/><V125/><F125/><W77/><G77/><T13/><D13/><U74/><E74/><V10/><F10/><AGARI ba="0,0" hai="10,12,19,26,27,42,46,49,54,58,63" m="11275" machi="10" ten="30,1000,0" yaku="8,1" doraHai="3" who="0" fromWho="2" sc="182,10,190,0,186,-10,442,0" owari="192,-0.8,190,-21.0,176,-32.4,442,54.2" /></mjloggm>