<mjloggm ver="2.3"><GO type="169" lobby="0"/><UN n0="%E3%82%A4%E3%82%AB%E3%81%AB%E3%82%82%E6%9D%B1%E5%8C%97" n1="%E3%81%9F%E3%81%8F%E3%81%9E%E3%81%85" n2="%41%72%69%61" n3="%E3%83%93%E3%82%BF%E3%83%85%E3%83%A2" dan="16,16,16,16" rate="2157.79,2121.11,2142.76,2102.24" sx="M,M,F,M"/><TAIKYOKU oya="0"/><INIT seed="0,0,0,0,5,106" ten="250,250,250,250" oya="0" hai0="112,127,32,111,119,103,57,92,84,68,105,85,20" hai1="38,44,80,47,67,94,7,34,40,108,102,26,113" hai2="51,129,31,109,65,69,93,1,89,81,101,72,98" hai3="79,28,117,63,5,97,36,132,122,12,10,131,110"/><T6/><D112/><U22/><E108/><V25/><F109/><W56/><G110/><T43/><D119/><U27/><E113/><V107/><F1/><W60/><G117/><T0/><D68/><U42/><E67/><V95/><F129/><W61/><G36/><T24/><D111/><U58/><E7/><V19/><F19/><W114/><G114/><T37/><D32/><U126/><E126/><V125/><F125/><W2/><G131/><T130/><D105/><U87/><E58/><V86/><F51/><W52/><G132/><T83/><D130/><U59/><E59/><V64/><F69/><W48/><G122/><T45/><D127/><U128/><E34/><V46/><F46/><W78/><G28/><T17/><D57/><U62/><E62/><V96/><F95/><W35/><G35/><T104/><D104/><U124/><E124/><V70/><F70/><W74/><G97/><T41/><D41/><U53/><E53/><V39/><F39/><W75/><REACH who="3" step="1"/><G2/><REACH who="3" ten="250,250,250,240" step="2"/><T50/><D37/><U8/><E128/><V100/><F98/><W30/><G30/><T121/><D121/><U54/><E38/><V133/><F133/><W99/><G99/><N who="0" m="59879" /><D0/><U116/><E116/><V4/><F101/><W49/><G49/><T82/><D6/><U134/><E102/><V29/><F4/><W9/><G9/><T14/><D14/><U76/><E8/><V13/><F13/><W90/><G90/><T15/><D15/><U23/><E134/><V55/><F100/><W18/><G18/><T33/><D33/><U115/><E115/><V3/><F3/><RYUUKYOKU ba="0,1" sc="250,15,250,-15,250,-15,240,15" hai0="17,20,24,43,45,50,82,83,84,85" hai3="5,10,12,48,52,56,60,61,63,74,75,78,79" /><INIT seed="0,1,1,3,2,105" ten="265,235,235,255" oya="0" hai0="129,131,13,118,76,42,114,110,55,124,134,4,82" hai1="12,56,95,80,74,127,7,31,98,133,46,24,87" hai2="83,65,130,58,119,123,16,47,94,5,102,52,112" hai3="117,35,41,71,54,115,73,21,32,50,63,8,2"/><T20/><D114/><U22/><E133/><V75/><F112/><W34/><G115/><T53/><D118/><U9/><E127/><V29/><F123/><W132/><G117/><T40/><D124/><U38/><E56/><V17/><F119/><W96/><G41/><T109/><D134/><U26/><E26/><V92/><F130/><N who="0" m="49674" /><D42/><U28/><E46/><V11/><F29/><W111/><G132/><T79/><D40/><U100/><E38/><V1/><F47/><W27/><G111/><N who="0" m="42507" /><D79/><N who="1" m="46495" /><E74/><V113/><F113/><W44/><G73/><N who="0" m="43279" /><D20/><U57/><E57/><V86/><F75/><W126/><G126/><T45/><D45/><U72/><E72/><V81/><F58/><W77/><G21/><T89/><D89/><U70/><E70/><V125/><F125/><W121/><G71/><T128/><N who="0" m="49682" /><T0/><DORA hai="78" /><D0/><U43/><E43/><V116/><F116/><W23/><G44/><T108/><N who="0" m="42515" /><T104/><DORA hai="84" /><D104/><U97/><E22/><V69/><F1/><W64/><G23/><T37/><D37/><U93/><E24/><V67/><F69/><W99/><G27/><T88/><D88/><AGARI ba="1,1" hai="7,9,12,28,31,88,93,95,97,98,100" m="46495" machi="88" ten="30,7700,0" yaku="8,1,52,2,54,1" doraHai="105,78,84" who="1" fromWho="0" sc="265,-80,235,90,235,0,255,0" /><INIT seed="1,0,0,3,3,19" ten="185,325,235,255" oya="1" hai0="42,57,20,4,123,108,13,79,2,131,44,82,129" hai1="23,132,73,5,95,117,51,24,67,15,107,114,32" hai2="98,29,81,10,97,47,12,92,113,116,36,127,106" hai3="18,96,59,105,61,37,99,49,74,62,109,72,54"/><U121/><E117/><V9/><F116/><W66/><G37/><T39/><D108/><U115/><E121/><V22/><F127/><W1/><G109/><T75/><D123/><U118/><E118/><V70/><F70/><W28/><G1/><T135/><D135/><U119/><E119/><V45/><F113/><W104/><G28/><T64/><D64/><U31/><E73/><V50/><F106/><W88/><G62/><T87/><D87/><U3/><E107/><V43/><F81/><W26/><G105/><T17/><REACH who="0" step="1"/><D57/><REACH who="0" ten="175,325,235,255" step="2"/><U111/><E111/><V102/><F98/><W125/><G99/><T46/><D46/><U33/><E67/><V63/><F63/><W84/><G96/><T48/><D48/><U11/><E51/><V58/><F58/><W34/><G66/><T52/><D52/><U56/><E56/><V90/><F102/><W21/><G49/><T83/><D83/><U25/><E132/><V93/><F93/><W78/><G54/><T110/><D110/><U91/><E95/><V41/><F47/><W7/><G59/><T120/><D120/><U128/><E128/><V30/><F50/><W100/><G104/><T122/><D122/><U126/><E126/><V27/><F43/><W38/><G100/><T101/><D101/><U69/><E69/><V133/><F133/><W8/><G125/><T94/><D94/><U35/><E115/><V77/><F45/><W85/><G61/><T71/><D71/><U65/><E65/><V55/><F55/><W130/><G130/><T86/><D86/><U60/><E114/><V16/><F97/><RYUUKYOKU ba="0,1" sc="175,30,325,-10,235,-10,255,-10" hai0="2,4,13,17,20,39,42,44,75,79,82,129,131" /><INIT seed="2,1,1,5,2,125" ten="205,315,225,245" oya="2" hai0="67,75,87,124,85,127,113,42,99,23,97,59,109" hai1="4,104,94,16,34,56,88,79,66,133,102,2,83" hai2="3,129,135,115,131,31,132,21,45,119,62,86,92" hai3="100,26,117,37,1,63,77,53,70,123,38,72,110"/><V29/><F115/><W89/><G117/><T18/><D75/><U82/><E34/><V112/><F112/><W76/><G123/><T28/><D28/><U30/><E30/><V60/><F119/><W68/><G1/><T6/><D6/><U48/><E133/><N who="2" m="51275" /><F3/><W43/><G100/><T134/><D113/><U40/><E4/><V8/><F8/><W7/><G7/><T15/><D134/><U116/><E2/><V107/><F107/><W90/><G26/><T10/><D42/><U80/><E79/><V11/><F11/><W71/><G53/><T98/><D109/><U73/><E73/><V74/><F74/><W36/><G72/><T101/><D101/><U47/><E116/><V111/><F111/><W20/><G110/><T108/><D108/><U55/><E66/><V93/><F45/><W69/><G20/><T12/><D23/><U103/><E104/><V64/><F31/><W33/><G33/><T61/><REACH who="0" step="1"/><D15/><REACH who="0" ten="195,315,225,245" step="2"/><U91/><E16/><V106/><F29/><W81/><G43/><T84/><AGARI ba="1,2" hai="10,12,18,59,61,67,84,85,87,97,98,99,124,127" machi="84" ten="40,5200,0" yaku="1,1,2,1,0,1,53,0" doraHai="125" doraHaiUra="0" who="0" fromWho="0" sc="195,75,315,-14,225,-27,245,-14" /><INIT seed="3,0,0,2,2,133" ten="270,301,198,231" oya="3" hai0="23,67,69,25,103,104,53,55,64,109,134,56,88" hai1="37,71,8,5,106,34,90,112,51,38,123,97,124" hai2="2,76,84,63,28,82,131,21,118,96,87,13,14" hai3="10,98,16,54,61,117,32,83,110,49,27,48,102"/><W50/><G117/><T85/><D134/><U9/><E123/><V15/><F118/><W129/><G129/><T132/><D132/><U47/><E71/><V72/><F2/><W81/><G32/><T74/><D74/><U42/><E34/><V12/><F131/><W58/><G110/><T44/><D109/><U33/><E33/><V43/><F43/><W40/><G40/><T114/><D114/><U122/><E122/><V127/><F127/><W29/><G29/><T111/><D103/><U24/><E124/><V116/><F116/><W126/><G126/><T20/><D104/><U73/><E73/><V26/><N who="2" m="3072" /><DORA hai="80" /><V100/><REACH who="2" step="1"/><F63/><REACH who="2" ten="270,301,188,231" step="2"/><W119/><G119/><T52/><D111/><U30/><E42/><V77/><F77/><W39/><G39/><T89/><D69/><U95/><E37/><V46/><F46/><W68/><G68/><T125/><D44/><U65/><E47/><V86/><F86/><W78/><G10/><T36/><D85/><U66/><E38/><V3/><F3/><W101/><G78/><T57/><D36/><U105/><E9/><V41/><F41/><W107/><REACH who="3" step="1"/><G102/><REACH who="3" ten="270,301,188,221" step="2"/><T99/><D125/><U17/><E8/><V79/><F79/><W135/><G135/><T19/><D89/><U18/><E90/><V75/><F75/><W62/><G62/><T59/><D23/><AGARI ba="0,2" hai="16,23,27,48,49,50,54,58,61,81,83,98,101,107" machi="23" ten="40,7700,0" yaku="1,1,54,1,53,1" doraHai="133,80" doraHaiUra="93,0" who="3" fromWho="0" sc="270,-77,301,0,188,0,221,97" /><INIT seed="3,1,0,2,2,45" ten="193,301,188,318" oya="3" hai0="52,127,129,63,2,83,114,118,82,86,3,18,106" hai1="6,134,119,32,120,61,38,93,107,15,68,125,46" hai2="36,62,108,131,112,87,25,31,0,41,116,9,27" hai3="124,89,11,65,133,122,56,50,80,54,81,103,70"/><W42/><G122/><T13/><D118/><U49/><E32/><V135/><F36/><W115/><G115/><T58/><D114/><U121/><E107/><V76/><F112/><W39/><G103/><T40/><D129/><U24/><E119/><V35/><F116/><W78/><G133/><T128/><D127/><U57/><E125/><V10/><F41/><W21/><G124/><T51/><D106/><U101/><E38/><V109/><F76/><W17/><G11/><N who="2" m="4105" /><F87/><W111/><G111/><N who="2" m="42569" /><F62/><N who="3" m="40247" /><G89/><T110/><D128/><U26/><E68/><V16/><F131/><W47/><G78/><T73/><D73/><U97/><E134/><V126/><F126/><W53/><G53/><T77/><D83/><U8/><E121/><V59/><F59/><W79/><G79/><T85/><D86/><U14/><E14/><AGARI ba="1,0" hai="14,17,21,39,42,47,50,54,56,80,81" m="40247" machi="14" ten="30,2900,0" yaku="24,1,52,1" doraHai="45" who="3" fromWho="1" sc="193,0,301,-32,188,0,318,32" /><INIT seed="3,2,0,3,5,120" ten="193,269,188,350" oya="3" hai0="56,48,26,89,69,68,102,125,9,98,13,79,115" hai1="1,11,130,4,16,75,50,42,21,113,106,37,73" hai2="128,90,0,96,51,35,129,20,43,84,114,63,40" hai3="93,23,103,31,46,47,126,107,29,52,7,100,44"/><W94/><G107/><T24/><D125/><U81/><E113/><V133/><F35/><W135/><G126/><T18/><D115/><U86/><E106/><V64/><F114/><W15/><G135/><T45/><D79/><U72/><E130/><N who="2" m="50283" /><F0/><W41/><G41/><T28/><D56/><U109/><E37/><V119/><F119/><W66/><G66/><T39/><D89/><U104/><E104/><V10/><F96/><W77/><G77/><T54/><D39/><U14/><E50/><V61/><F10/><N who="3" m="4575" /><G52/><T17/><D17/><U87/><E42/><V110/><F51/><W70/><G70/><T36/><D36/><U32/><E32/><V116/><F43/><W22/><G94/><T5/><D18/><U83/><E83/><V76/><F40/><W85/><G85/><T12/><D12/><U108/><REACH who="1" step="1"/><E86/><REACH who="1" ten="193,259,188,350" step="2"/><V91/><F84/><W78/><G78/><AGARI ba="2,1" hai="1,4,11,14,16,21,72,73,75,78,81,87,108,109" machi="78" ten="40,12000,2" yaku="1,1,2,1,52,2,54,1,53,2" doraHai="120" doraHaiUra="123" who="1" fromWho="3" sc="193,0,259,136,188,0,350,-126" /><INIT seed="4,0,0,5,1,26" ten="193,395,188,224" oya="0" hai0="69,133,115,50,64,0,66,4,12,103,13,6,28" hai1="70,68,109,42,134,7,124,93,43,48,83,59,94" hai2="116,16,55,108,65,98,91,95,18,82,47,33,100" hai3="129,77,92,128,132,87,11,112,63,121,35,120,90"/><T53/><D115/><U135/><E109/><V111/><F33/><W114/><G35/><T52/><D133/><U60/><E7/><N who="0" m="2601" /><D0/><U101/><E83/><V127/><F127/><W22/><G11/><T45/><D69/><U39/><E124/><V37/><F116/><W15/><G15/><N who="0" m="5707" /><D103/><U84/><E39/><V131/><F65/><N who="0" m="25194" /><D53/><U20/><E101/><V58/><F37/><W1/><G1/><T25/><D25/><U125/><E125/><V3/><F3/><W2/><G2/><T88/><D88/><U51/><E70/><V32/><F32/><W85/><G22/><T30/><AGARI ba="0,0" hai="28,30,45,50,52" m="25194,5707,2601" machi="30" ten="30,11700,0" yaku="8,1,52,2,54,1" doraHai="26" who="0" fromWho="0" sc="193,117,395,-39,188,-39,224,-39" /><INIT seed="4,1,0,5,0,79" ten="310,356,149,185" oya="0" hai0="50,95,71,62,24,109,117,18,82,86,1,88,25" hai1="81,7,69,101,23,47,40,105,27,103,26,112,48" hai2="133,70,52,33,132,89,127,5,73,9,11,21,66" hai3="98,56,68,110,3,8,99,121,32,74,120,38,116"/><T124/><D117/><U119/><E119/><V10/><F33/><W55/><G116/><T19/><D1/><U106/><E69/><V15/><F73/><W63/><G110/><T129/><D109/><U16/><E7/><V90/><F70/><W45/><G32/><T2/><D2/><U64/><E64/><V135/><F66/><W65/><G74/><T75/><D129/><U42/><E112/><V104/><F104/><W108/><G108/><T20/><D124/><U46/><E106/><V58/><F127/><W49/><G8/><N who="2" m="3177" /><F21/><W115/><G3/><T17/><D71/><U134/><E134/><N who="2" m="34307" /><V34/><DORA hai="77" /><F34/><W93/><G115/><T44/><D62/><AGARI ba="1,0" hai="5,11,15,52,58,62,89,90" m="34307,3177" machi="62" ten="40,2600,0" yaku="20,1,54,1" doraHai="79,77" who="2" fromWho="0" sc="310,-29,356,0,149,29,185,0" /><INIT seed="5,0,0,1,2,46" ten="281,356,178,185" oya="1" hai0="62,53,70,123,81,42,110,115,29,99,60,100,103" hai1="2,73,45,26,122,5,127,23,32,84,11,52,31" hai2="71,43,112,68,64,121,30,65,19,39,118,88,63" hai3="54,4,25,24,10,21,48,95,18,15,111,109,0"/><U92/><E122/><V79/><F121/><W101/><G101/><T78/><D110/><U107/><E73/><V106/><F106/><W20/><G95/><T16/><D123/><U55/><E107/><V98/><F118/><W102/><G102/><T91/><D115/><U61/><E127/><V14/><F79/><W75/><G75/><T1/><D1/><U131/><E131/><V94/><F112/><W50/><G54/><T58/><D29/><U130/><E130/><V37/><F30/><W82/><G82/><T56/><D70/><U133/><E133/><V34/><F34/><W83/><G83/><T125/><D42/><U8/><E32/><V36/><F43/><W74/><G74/><T9/><D78/><U44/><E11/><V7/><F7/><W41/><G41/><T119/><D119/><U28/><E28/><V124/><F124/><W72/><G72/><T22/><D9/><U12/><E2/><V69/><REACH who="2" step="1"/><F63/><REACH who="2" ten="281,356,168,185" step="2"/><W120/><G120/><T93/><D125/><U57/><E61/><V126/><F126/><W17/><REACH who="3" step="1"/><G0/><REACH who="3" ten="281,356,168,175" step="2"/><T33/><D53/><U96/><E55/><V113/><F113/><W76/><G76/><T89/><D89/><N who="1" m="55311" /><E84/><V85/><F85/><W135/><G135/><T66/><D91/><U104/><E104/><V114/><F114/><W116/><G116/><T80/><D103/><U129/><E129/><V117/><F117/><W6/><G6/><T67/><D33/><U49/><AGARI ba="0,2" hai="5,8,12,23,26,31,44,45,49,52,57" m="55311" machi="49" ten="30,6000,0" yaku="8,1,52,1,54,1" doraHai="46" who="1" fromWho="1" sc="281,-20,356,80,168,-20,175,-20" /><INIT seed="5,1,0,1,3,88" ten="261,436,148,155" oya="1" hai0="61,2,37,16,38,129,127,74,121,1,27,50,19" hai1="85,46,117,84,68,120,15,8,79,40,100,125,32" hai2="14,24,109,54,101,59,116,113,65,30,66,34,49" hai3="57,31,86,123,119,55,124,122,48,67,39,9,7"/><U95/><E120/><V90/><F109/><W53/><G39/><T106/><D106/><U81/><E117/><V91/><F116/><W128/><G119/><T130/><D74/><U80/><E68/><V64/><F113/><W33/><G67/><T44/><D121/><U26/><E125/><V43/><F43/><W114/><G124/><T98/><D61/><U6/><E32/><V22/><REACH who="2" step="1"/><F101/><REACH who="2" ten="261,436,138,155" step="2"/><W36/><G114/><T112/><D112/><U104/><E100/><V25/><F25/><W76/><G123/><T93/><D27/><U110/><E26/><V47/><F47/><W108/><G122/><T102/><D127/><U105/><E110/><V115/><F115/><W78/><G108/><T134/><D44/><U132/><E132/><V107/><F107/><W51/><G36/><T72/><D37/><U58/><E46/><V133/><F133/><W18/><G128/><T70/><D38/><U60/><E40/><V52/><F52/><W28/><G53/><T41/><D41/><U35/><E105/><V131/><F131/><W12/><G55/><T96/><D102/><U94/><E104/><V111/><F111/><W5/><G33/><T97/><D134/><U99/><E35/><V13/><F13/><W82/><G12/><T77/><D130/><U20/><E15/><V83/><F83/><W63/><G82/><N who="0" m="45351" /><D129/><U17/><E80/><V71/><F71/><W29/><G57/><T87/><D70/><U4/><E58/><V89/><F89/><W0/><G0/><T135/><D1/><U126/><E126/><V21/><F21/><W56/><G56/><RYUUKYOKU ba="1,1" sc="261,-10,436,-10,138,30,155,-10" hai2="14,22,24,30,34,49,54,59,64,65,66,90,91" /><INIT seed="6,2,1,1,1,52" ten="251,426,168,145" oya="2" hai0="80,33,68,32,19,112,94,133,1,46,56,129,38" hai1="128,92,49,118,18,90,132,135,11,7,101,103,17" hai2="120,95,14,98,51,113,73,117,130,25,105,45,104" hai3="60,64,76,81,0,119,116,82,43,102,126,123,3"/><V96/><F117/><W29/><G123/><T93/><D68/><U31/><E31/><V41/><F120/><W65/><G43/><T15/><D1/><U110/><E110/><V50/><F73/><W125/><G29/><T10/><D112/><U66/><E66/><V13/><F113/><W69/><G102/><T57/><D129/><U21/><E128/><V106/><F130/><W12/><G12/><T47/><D133/><N who="1" m="51275" /><E49/><V23/><F51/><W86/><G65/><T74/><D94/><U131/><E18/><V111/><F98/><W42/><G42/><T4/><D47/><U109/><E109/><V20/><F111/><W77/><G3/><T27/><D74/><U39/><E39/><V8/><F25/><W63/><G0/><T121/><D80/><U54/><E54/><V97/><F97/><W84/><REACH who="3" step="1"/><G60/><REACH who="3" ten="251,426,168,135" step="2"/><T59/><D121/><U37/><E103/><V2/><F2/><W85/><G85/><T79/><D15/><U5/><E101/><V115/><F115/><W61/><G61/><T30/><D30/><U108/><E108/><V99/><F14/><W89/><G89/><T127/><D38/><U22/><E37/><V9/><F99/><W34/><G34/><T72/><D33/><U67/><E90/><N who="2" m="55415" /><F13/><W88/><G88/><T48/><D32/><U36/><E36/><V78/><F78/><W100/><G100/><T70/><D79/><U107/><E131/><V16/><F16/><W24/><G24/><T53/><D27/><U71/><E17/><V134/><F134/><W6/><G6/><T124/><D4/><U58/><E5/><RYUUKYOKU ba="2,2" sc="251,-15,426,-15,168,15,135,15" hai2="8,9,20,23,41,45,50,104,105,106" hai3="63,64,69,76,77,81,82,84,86,116,119,125,126" /><INIT seed="6,3,2,0,2,118" ten="236,411,183,150" oya="2" hai0="110,107,97,50,88,29,6,135,75,102,37,109,68" hai1="63,122,36,77,38,127,21,92,93,117,62,9,10" hai2="47,23,132,1,119,2,45,131,85,69,79,53,14" hai3="128,66,73,112,94,71,42,133,18,15,59,116,41"/><V130/><F119/><W111/><G116/><T95/><D37/><U78/><E117/><V7/><F69/><W99/><G111/><T108/><D68/><U74/><E21/><V35/><F35/><W4/><G71/><T25/><D75/><U0/><E74/><V17/><F132/><W134/><G73/><T100/><D135/><N who="3" m="51721" /><G4/><T129/><D129/><N who="2" m="49162" /><F7/><W90/><G128/><T76/><D76/><U33/><E33/><V114/><F114/><W40/><G112/><T83/><D83/><U67/><E67/><V115/><F115/><W98/><G66/><T106/><D6/><U86/><E86/><V12/><F12/><W19/><G59/><T123/><D50/><U72/><E72/><V121/><F121/><W81/><G81/><T103/><REACH who="0" step="1"/><D123/><REACH who="0" ten="226,411,183,150" step="2"/><U113/><E122/><V124/><F79/><W13/><G98/><T120/><D120/><U20/><E113/><V8/><F85/><W91/><G90/><T65/><D65/><U101/><E78/><V39/><F39/><W58/><G58/><T89/><D89/><U48/><E77/><V24/><F47/><W104/><G104/><T82/><D82/><U46/><E46/><V34/><F45/><W28/><G28/><T26/><D26/><U61/><E36/><V31/><F24/><W32/><G32/><AGARI ba="3,3" hai="25,29,32,88,95,97,100,102,103,106,107,108,109,110" machi="32" ten="50,6400,0" yaku="1,1,54,1,53,1" doraHai="118" doraHaiUra="87" who="0" fromWho="3" sc="226,103,411,0,183,0,150,-73" /><INIT seed="7,0,0,1,0,59" ten="329,411,183,77" oya="3" hai0="68,34,135,113,102,30,50,128,95,18,60,27,83" hai1="54,134,15,127,2,22,28,82,37,3,79,115,133" hai2="33,105,41,52,92,16,98,63,0,77,123,23,25" hai3="42,78,20,96,126,56,125,11,69,36,13,71,114"/><W87/><G114/><T88/><D113/><U118/><E118/><V93/><F0/><W91/><G20/><T112/><D112/><U119/><E119/><V10/><F123/><W6/><G78/><T38/><D38/><U61/><E37/><V89/><F33/><W104/><G42/><T81/><D128/><U58/><E127/><N who="3" m="48650" /><G36/><T97/><D135/><N who="1" m="51723" /><E115/><V19/><F77/><W48/><G104/><T17/><D50/><U53/><E54/><V5/><F105/><W94/><G96/><T117/><D117/><U46/><E46/><V73/><F73/><W110/><G110/><T32/><D32/><U65/><E53/><AGARI ba="0,0" hai="6,11,13,48,53,56,69,71,87,91,94" m="48650" machi="53" ten="30,1500,0" yaku="18,1" doraHai="59" who="3" fromWho="1" sc="329,0,411,-15,183,0,77,15" /><INIT seed="7,1,0,2,2,6" ten="329,396,183,92" oya="3" hai0="28,126,63,86,67,83,109,44,4,128,15,134,60" hai1="55,10,43,56,21,29,17,123,23,115,50,112,30" hai2="24,31,76,0,107,74,77,8,54,125,33,41,57" hai3="34,132,106,130,81,70,113,135,27,11,105,131,49"/><W75/><G70/><T84/><D109/><U45/><E123/><V117/><F117/><W87/><G49/><T94/><D128/><N who="3" m="49193" /><G113/><N who="1" m="43594" /><E10/><V37/><F37/><W22/><G34/><T110/><D110/><U71/><E71/><V7/><F41/><W25/><G75/><T13/><D134/><N who="3" m="51241" /><G11/><T32/><D44/><U47/><E47/><V85/><F74/><W92/><G92/><T114/><D94/><U89/><E23/><V119/><F33/><W103/><G103/><T80/><D32/><U118/><E118/><V39/><F119/><W20/><G20/><T62/><D114/><U98/><E43/><V3/><F8/><W19/><G27/><T93/><D93/><N who="1" m="56623" /><E45/><V5/><F24/><AGARI ba="1,0" hai="17,21,24,29,30,50,55,56" m="56623,43594" machi="24" ten="30,1000,0" yaku="15,1" doraHai="6" who="1" fromWho="2" sc="329,0,396,13,183,-13,92,0" owari="329,12.9,409,50.9,170,-23.0,92,-40.8" /></mjloggm>