<mjloggm ver="2.3"><GO type="169" lobby="0"/><UN n0="%46%E5%92%B8%E9%AD%9A%E5%92%B8%E9%AD%9A%E5%92%B8" n1="%E3%81%BD%E3%81%A3%E3%81%91%E3%81%95%E3%82%93" n2="%E3%82%AB%E3%83%A9%E6%9D%BE" n3="%E7%B4%94%E6%BD%94%E3%83%94%E3%83%A9%E3%83%8B%E3%82%A2" dan="16,17,17,16" rate="2067.88,2190.58,2141.98,2216.85" sx="M,M,M,M"/><TAIKYOKU oya="0"/><INIT seed="0,0,0,4,3,101" ten="250,250,250,250" oya="0" hai0="111,120,130,13,27,49,80,2,12,42,43,45,24" hai1="110,127,19,74,7,92,134,77,4,57,114,33,85" hai2="86,50,107,126,21,95,98,133,119,56,36,51,128" hai3="131,115,132,1,108,75,17,40,84,69,0,116,41"/><T83/><D83/><BYE who="0" /><U14/><E33/><V60/><F36/><W26/><G84/><T9/><D9/><U94/><E74/><V30/><F119/><W52/><G26/><T113/><D113/><U124/><E114/><V29/><F128/><W38/><G17/><T97/><D97/><U67/><E110/><V82/><F107/><W106/><G52/><T91/><D91/><U35/><E35/><V135/><F126/><N who="1" m="48169" /><E134/><V25/><F30/><UN n0="%46%E5%92%B8%E9%AD%9A%E5%92%B8%E9%AD%9A%E5%92%B8" /><W109/><G40/><T103/><D2/><U81/><E67/><V64/><F135/><W93/><G41/><T78/><D103/><U66/><E66/><V73/><F73/><W65/><G93/><N who="1" m="35946" /><E57/><V104/><F104/><W20/><G20/><AGARI ba="0,0" hai="4,7,14,19,20,77,81,85" m="35946,48169" machi="20" ten="30,1000,0" yaku="18,1" doraHai="101" who="1" fromWho="3" sc="250,0,250,10,250,0,250,-10" /><INIT seed="1,0,0,5,4,79" ten="250,260,250,240" oya="1" hai0="80,56,126,15,10,50,1,96,86,0,88,43,122" hai1="113,8,21,77,93,101,49,75,46,4,64,70,16" hai2="103,131,85,6,30,47,38,97,76,106,42,132,123" hai3="81,34,61,119,45,125,133,114,102,128,36,2,124"/><U117/><E113/><V32/><F123/><W105/><RYUUKYOKU type="yao9" ba="0,0" sc="250,0,260,0,250,0,240,0" hai3="2,34,36,45,61,81,102,105,114,119,124,125,128,133" /><INIT seed="1,1,0,2,4,94" ten="250,260,250,240" oya="1" hai0="4,67,24,54,115,8,45,103,20,61,112,11,116" hai1="121,96,127,40,6,22,85,49,120,32,19,79,129" hai2="13,81,86,80,43,117,135,125,46,27,9,26,51" hai3="36,128,50,30,21,78,82,97,107,23,118,73,48"/><U123/><E32/><V15/><F117/><W83/><G118/><T12/><D116/><U109/><E6/><V10/><F125/><W87/><G36/><T57/><D103/><U63/><E127/><V99/><F135/><W56/><G128/><T122/><D122/><U89/><E129/><V25/><F99/><W105/><G56/><T75/><D75/><U95/><E109/><V31/><F31/><W106/><G97/><T71/><D11/><U33/><E33/><V110/><F110/><W37/><G37/><T62/><REACH who="0" step="1"/><D45/><REACH who="0" ten="240,260,250,240" step="2"/><U59/><E120/><V91/><F10/><W88/><REACH who="3" step="1"/><G21/><REACH who="3" ten="240,260,250,230" step="2"/><T16/><AGARI ba="1,2" hai="4,8,12,16,20,24,54,57,61,62,67,71,112,115" machi="16" ten="20,12000,2" yaku="1,1,2,1,0,1,7,1,54,1,53,1" doraHai="94" doraHaiUra="55" who="0" fromWho="0" sc="240,143,260,-61,250,-31,230,-31" /><INIT seed="2,0,0,3,3,99" ten="383,199,219,199" oya="2" hai0="49,106,40,12,134,32,9,132,58,84,79,78,29" hai1="117,124,39,126,30,97,87,111,5,35,113,68,67" hai2="62,74,114,100,120,75,94,34,116,96,77,14,28" hai3="25,53,70,85,71,61,23,63,131,123,93,8,33"/><V21/><F116/><W86/><G33/><T108/><D108/><U52/><E113/><V102/><F120/><W56/><G123/><T115/><D115/><U51/><E117/><V128/><F114/><W10/><G131/><T15/><D106/><U83/><E39/><V42/><F128/><W57/><G93/><T31/><D15/><U36/><E36/><V72/><F34/><W89/><G70/><T101/><D101/><U46/><E111/><V16/><F28/><N who="0" m="10826" /><D32/><U22/><E35/><V105/><F42/><W107/><G71/><T4/><D84/><U133/><E5/><V69/><F105/><W47/><G47/><N who="0" m="25831" /><D58/><U24/><E133/><AGARI ba="0,0" hai="4,9,12,78,79,132,133,134" m="25831,10826" machi="133" ten="30,1000,0" yaku="20,1" doraHai="99" who="0" fromWho="1" sc="383,10,199,-10,219,0,199,0" /><INIT seed="3,0,0,3,2,4" ten="393,189,219,199" oya="3" hai0="78,65,59,70,57,102,38,93,134,18,3,2,80" hai1="29,128,124,16,81,88,19,64,135,69,15,101,6" hai2="13,51,100,30,98,76,87,43,91,85,79,1,47" hai3="129,111,95,8,117,41,40,24,89,62,12,7,49"/><W131/><G117/><T11/><D38/><U0/><E101/><V54/><F1/><W113/><G113/><T34/><D34/><U45/><E128/><N who="3" m="49226" /><G111/><T118/><D118/><U23/><E124/><V14/><F30/><W107/><G107/><T20/><D70/><U31/><E135/><V133/><F133/><W5/><G62/><T99/><D65/><U61/><E45/><V46/><F79/><W21/><G7/><T39/><D39/><U92/><E81/><V105/><F76/><W50/><G50/><T116/><D116/><U122/><E122/><V32/><F32/><W84/><G49/><T67/><D67/><U86/><REACH who="1" step="1"/><E19/><AGARI ba="0,0" hai="5,8,12,19,21,24,40,41,84,89,95" m="49226" machi="19" ten="30,2900,0" yaku="19,1,52,1" doraHai="4" who="3" fromWho="1" sc="393,0,189,-29,219,0,199,29" /><INIT seed="3,1,0,0,5,102" ten="393,160,219,228" oya="3" hai0="0,73,18,85,21,52,34,9,117,23,11,94,26" hai1="69,96,10,100,129,111,79,74,124,72,13,29,120" hai2="83,63,62,112,127,101,78,92,1,7,50,58,3" hai3="56,40,110,84,43,38,99,77,90,89,135,123,105"/><W53/><G123/><T104/><D73/><U87/><E120/><V128/><F112/><W106/><G135/><T28/><D104/><U132/><E69/><V95/><F127/><W113/><G113/><T118/><D85/><U46/><E124/><V81/><F128/><W15/><G110/><T25/><D94/><U4/><E129/><V103/><F58/><W70/><G70/><T6/><D52/><U44/><E111/><V31/><F31/><W55/><G15/><N who="0" m="7535" /><D23/><U66/><E132/><V88/><F7/><W16/><G77/><T116/><D116/><U71/><E71/><V121/><F121/><W80/><G38/><T97/><D97/><U8/><E66/><V98/><F98/><W93/><G53/><T47/><D47/><U37/><E37/><V32/><F78/><W64/><G64/><T51/><D51/><U86/><E79/><V54/><F54/><W30/><G30/><AGARI ba="1,0" hai="0,6,11,21,25,26,28,30,34,117,118" m="7535" machi="30" ten="30,2000,0" yaku="34,2" doraHai="102" who="0" fromWho="3" sc="393,23,160,0,219,0,228,-23" /><INIT seed="4,0,0,0,0,58" ten="416,160,219,205" oya="0" hai0="108,124,103,33,55,62,74,77,112,90,29,67,4" hai1="41,116,39,69,83,53,9,121,87,2,36,6,84" hai2="86,19,80,23,22,113,109,17,49,34,26,106,44" hai3="27,75,129,76,0,100,65,25,120,122,70,48,104"/><T110/><D112/><U97/><E116/><V51/><F113/><W66/><G0/><T98/><D124/><U11/><E121/><N who="3" m="46698" /><G129/><T20/><D90/><U130/><E130/><V57/><F106/><W94/><G104/><T3/><D55/><U68/><E53/><V28/><F109/><W93/><G48/><T95/><D20/><U118/><E118/><V46/><F34/><W78/><G100/><T35/><D4/><U30/><E30/><V73/><F73/><W96/><G96/><T12/><D12/><U64/><E97/><V102/><F102/><W42/><G70/><T123/><D3/><U131/><E131/><V37/><F37/><W85/><G85/><T125/><D125/><U127/><E127/><V126/><F126/><W52/><G52/><T21/><D35/><U50/><E50/><V32/><F32/><W128/><G75/><T63/><D33/><U13/><E84/><V91/><F28/><W5/><G5/><T16/><D29/><U18/><E41/><V101/><F101/><W105/><G105/><T79/><D67/><N who="3" m="25609" /><G42/><T45/><D74/><U10/><E69/><V115/><F115/><W60/><G60/><N who="0" m="23083" /><D45/><N who="2" m="17514" /><F57/><W61/><G61/><T111/><D123/><U38/><E64/><V56/><F56/><W82/><G128/><T8/><D8/><N who="1" m="6439" /><E68/><V71/><F71/><W117/><G117/><T31/><D31/><U81/><E2/><V99/><F99/><W54/><G54/><T59/><D59/><U7/><E87/><V89/><F89/><W15/><G15/><AGARI ba="0,0" hai="15,17,19,22,23,26,49,51,80,86,91" m="17514" machi="15" ten="30,1000,0" yaku="8,1" doraHai="58" who="2" fromWho="3" sc="416,0,160,0,219,10,205,-10" /><INIT seed="5,0,0,0,2,52" ten="416,160,229,195" oya="1" hai0="97,124,1,38,20,77,34,27,107,9,36,53,65" hai1="121,117,19,122,8,37,82,35,45,113,14,81,99" hai2="67,41,25,133,119,57,118,42,69,131,64,17,73" hai3="72,29,26,71,33,49,126,61,115,32,101,16,10"/><U46/><E117/><V112/><F73/><W43/><G72/><T116/><D34/><U51/><E35/><V89/><F89/><W40/><G115/><T127/><D116/><U98/><E113/><V70/><F25/><W83/><G126/><N who="0" m="48171" /><D77/><U31/><E31/><V75/><F17/><W6/><G33/><T114/><D65/><U22/><E37/><V5/><F5/><W103/><G83/><N who="1" m="31754" /><E122/><V55/><F75/><W135/><G135/><T86/><D86/><U80/><E121/><V123/><F112/><W0/><G71/><T7/><D53/><N who="1" m="29935" /><E46/><V125/><F125/><W132/><G132/><T54/><D54/><U47/><E47/><V120/><F55/><W60/><G49/><T95/><D107/><U4/><N who="1" m="31762" /><U85/><DORA hai="48" /><E85/><V13/><F133/><W92/><G60/><T130/><D114/><U50/><E50/><V58/><REACH who="2" step="1"/><F13/><AGARI ba="0,0" hai="4,8,13,14,19,22,98,99" m="29935,31762" machi="13" ten="30,2900,0" yaku="8,1,52,1" doraHai="52,48" who="1" fromWho="2" sc="416,0,160,29,229,-29,195,0" /><INIT seed="5,1,0,4,4,81" ten="416,189,200,195" oya="1" hai0="92,124,59,49,118,97,122,112,8,22,32,74,130" hai1="133,88,38,96,24,79,52,67,131,39,86,80,121" hai2="104,7,127,66,125,94,77,98,44,102,23,41,43" hai3="42,34,100,76,90,28,108,84,53,35,36,114,19"/><U61/><E121/><V3/><F104/><W40/><G108/><T99/><D118/><U20/><E131/><V71/><F23/><W123/><G123/><T95/><D32/><U65/><E133/><V115/><F115/><W132/><G114/><T126/><D74/><U25/><E39/><V15/><F3/><W1/><G1/><T48/><D122/><U101/><E38/><V78/><F43/><W117/><G117/><T73/><D73/><U17/><E25/><V68/><F7/><W116/><G116/><T30/><D112/><U93/><E101/><V4/><F4/><W2/><G2/><T69/><D8/><U13/><E13/><V0/><F15/><W106/><G76/><N who="2" m="29289" /><F66/><W55/><G19/><T111/><D69/><U9/><E9/><V134/><F0/><W14/><G14/><T85/><D111/><U113/><E113/><V128/><F128/><W50/><G36/><T64/><D22/><U51/><E61/><V11/><F11/><W33/><G28/><T29/><D64/><U54/><E54/><V62/><F62/><W12/><G12/><T37/><D37/><U109/><E109/><V47/><F134/><W135/><G55/><T60/><D60/><U89/><E79/><V120/><F120/><W119/><G119/><T82/><D59/><AGARI ba="1,0" hai="17,20,24,51,52,59,65,67,80,86,88,89,93,96" machi="59" ten="30,12000,1" yaku="7,1,8,1,52,1,54,2" doraHai="81" who="1" fromWho="0" sc="416,-123,189,123,200,0,195,0" /><INIT seed="5,2,0,2,1,9" ten="293,312,200,195" oya="1" hai0="21,25,41,97,66,85,88,78,135,75,73,70,35" hai1="98,51,8,52,53,19,44,16,74,90,131,3,106" hai2="42,54,102,15,107,76,111,86,11,6,62,118,84" hai3="124,14,110,130,7,12,65,50,24,89,49,105,17"/><U43/><E74/><V46/><F111/><W112/><G110/><T45/><D35/><U31/><E31/><V128/><F118/><W37/><G37/><T100/><D135/><U94/><E131/><V119/><F128/><W120/><G120/><T58/><D70/><U81/><E106/><V29/><F119/><W109/><G109/><T108/><D108/><U68/><E68/><V126/><F126/><W4/><G105/><T18/><D78/><U2/><E2/><V79/><F29/><W96/><G65/><T95/><D58/><U129/><E129/><V127/><F127/><W122/><G122/><T47/><D66/><U67/><E67/><V114/><F114/><W60/><G60/><T34/><D34/><U30/><E30/><V28/><F28/><W87/><G96/><T121/><D47/><U63/><E81/><V133/><F133/><W26/><G112/><T91/><D91/><U115/><E115/><V117/><F117/><W20/><G124/><T103/><D103/><U56/><REACH who="1" step="1"/><E43/><REACH who="1" ten="293,302,200,195" step="2"/><V38/><F107/><W123/><G130/><T57/><D121/><U33/><E33/><V71/><F71/><W5/><G123/><T72/><D72/><U40/><E40/><V69/><F69/><W99/><G99/><T10/><D73/><U13/><E13/><N who="3" m="5226" /><G24/><T59/><D75/><U116/><E116/><V82/><F38/><W132/><G132/><T61/><D41/><U80/><E80/><AGARI ba="2,1" hai="4,5,7,17,20,26,49,50,80,87,89" m="5226" machi="80" ten="30,7700,0" yaku="8,1,52,3" doraHai="9" who="3" fromWho="1" sc="293,0,302,-83,200,0,195,93" /><INIT seed="6,0,0,3,0,85" ten="293,219,200,288" oya="2" hai0="108,53,45,82,23,105,5,121,133,109,0,46,119" hai1="99,130,3,86,50,118,132,127,129,44,120,55,96" hai2="101,41,43,30,14,62,68,114,84,125,69,1,9" hai3="124,79,122,98,11,102,116,25,40,64,36,77,65"/><V128/><F1/><W42/><G116/><T94/><D121/><U10/><E118/><V56/><F114/><W66/><G122/><T135/><D105/><U113/><E120/><V26/><F125/><W100/><G124/><T35/><D35/><U112/><E127/><V54/><F128/><N who="1" m="49257" /><E86/><V106/><F69/><W74/><G74/><T49/><D119/><U104/><E132/><N who="0" m="50761" /><D46/><U28/><E28/><V76/><F68/><W115/><G115/><N who="1" m="44106" /><E104/><V78/><F106/><W117/><G36/><T39/><D39/><U110/><E110/><V61/><F101/><N who="3" m="39019" /><G117/><T63/><D82/><U31/><E31/><V70/><F70/><W107/><G107/><T48/><D94/><U6/><AGARI ba="0,0" hai="3,6,10,44,50,55,96,99" m="44106,49257" machi="6" ten="40,2700,0" yaku="19,1,15,1" doraHai="85" who="1" fromWho="1" sc="293,-7,219,27,200,-13,288,-7" /><INIT seed="7,0,0,4,4,21" ten="286,246,187,281" oya="3" hai0="109,103,85,92,125,46,26,7,8,54,70,94,10" hai1="101,74,14,93,121,100,77,12,120,131,51,23,42" hai2="106,35,5,11,49,28,61,87,19,110,117,47,22" hai3="104,119,67,1,105,90,115,132,58,135,75,123,59"/><W44/><G119/><T89/><D70/><U25/><E131/><V80/><F117/><W107/><G123/><T129/><D109/><U56/><E120/><V60/><F110/><W68/><G115/><T128/><D125/><U134/><E121/><V71/><F106/><W4/><G75/><T78/><D78/><U111/><E111/><V53/><F71/><W116/><G116/><T76/><D76/><U124/><E124/><V99/><F99/><W45/><G68/><T62/><D7/><U24/><E134/><N who="3" m="51242" /><G90/><T43/><D103/><N who="1" m="39499" /><E74/><V65/><F65/><W2/><G4/><T15/><D94/><U30/><E77/><V112/><F112/><W114/><G114/><T31/><D129/><U63/><E93/><V36/><F36/><W72/><G72/><T79/><D79/><U126/><E126/><V84/><F80/><W16/><G16/><T13/><D128/><U40/><E25/><N who="2" m="18831" /><F87/><W57/><G67/><T41/><D8/><U97/><E97/><V96/><F84/><W52/><G52/><T88/><D10/><U98/><E98/><V86/><F96/><W9/><G9/><T34/><D89/><U102/><E102/><V20/><F86/><W27/><G27/><T64/><D43/><N who="1" m="16427" /><E63/><N who="2" m="24139" /><F5/><W18/><G18/><T48/><D41/><U73/><E73/><V118/><F118/><W6/><G6/><T32/><D32/><U17/><E17/><V91/><F91/><W133/><G133/><T33/><D33/><U95/><E95/><V66/><F66/><W0/><AGARI ba="0,0" hai="0,1,2,44,45,57,58,59,104,105,107" m="51242" machi="0" ten="50,12000,1" yaku="29,2,28,2,20,1" doraHai="21" who="3" fromWho="3" sc="286,-40,246,-40,187,-40,281,120" owari="246,4.6,206,-19.4,147,-35.3,401,50.1" /></mjloggm>