<mjloggm ver="2.3"><GO type="169" lobby="0"/><UN n0="%E8%99%B9%E8%89%B2%E3%82%B8%E3%83%A7%E3%83%BC%E3%82%AB%E3%83%BC" n1="%E3%83%8F%E3%82%BF%E3%83%A2%E3%83%88%E3%83%92%E3%83%AD" n2="%6B%61%77%61%69%31%32" n3="%E5%85%A9%E5%84%80%E4%B8%B6%E5%BC%8F" dan="17,17,16,16" rate="2201.96,2167.22,2073.65,2131.42" sx="M,M,M,M"/><TAIKYOKU oya="0"/><INIT seed="0,0,0,5,3,82" ten="250,250,250,250" oya="0" hai0="75,87,26,101,127,123,45,108,36,35,128,78,73" hai1="68,107,103,9,89,10,33,117,7,102,88,54,48" hai2="121,71,43,2,134,13,51,34,5,126,3,118,22" hai3="42,27,76,65,61,110,44,120,23,131,133,93,72"/><T112/><D123/><U6/><E117/><V81/><F121/><W115/><G115/><T70/><D70/><U111/><E33/><V125/><F71/><W114/><G114/><T104/><D112/><U56/><E111/><V69/><F34/><W85/><G120/><T96/><D108/><U79/><E68/><V86/><F69/><W16/><G110/><T62/><D128/><U55/><E79/><V132/><F118/><W53/><G131/><T50/><D36/><U77/><E77/><N who="2" m="46383" /><F22/><W97/><G133/><N who="2" m="51305" /><F13/><W92/><G72/><T60/><D75/><U100/><E107/><V40/><F51/><N who="3" m="27031" /><G97/><T91/><D127/><N who="2" m="48650" /><F5/><W46/><G65/><T17/><D78/><U98/><E98/><V37/><F37/><W39/><G39/><T63/><D73/><U19/><E19/><V124/><N who="2" m="48658" /><V47/><DORA hai="28" /><F47/><W30/><G30/><T20/><D35/><U32/><E32/><V52/><F52/><W38/><G38/><T122/><D122/><U105/><E55/><V29/><F29/><W135/><G135/><T67/><D67/><U95/><E105/><V119/><F119/><W109/><G109/><T80/><REACH who="0" step="1"/><D62/><REACH who="0" ten="240,250,250,250" step="2"/><U116/><E116/><V74/><F74/><W94/><G61/><T99/><D99/><U4/><E6/><V129/><F129/><W130/><G130/><T31/><D31/><U83/><E4/><V15/><F15/><W64/><G64/><T106/><D106/><U12/><E12/><V14/><F14/><W0/><G0/><AGARI ba="0,1" hai="0,2,3,40,43" m="48658,51305,46383" machi="0" ten="50,6400,0" yaku="20,1,18,1,52,1" doraHai="82,28" who="2" fromWho="3" sc="240,0,250,0,250,74,250,-64" /><INIT seed="1,0,0,0,4,10" ten="240,250,324,186" oya="1" hai0="123,96,99,77,73,39,53,132,43,31,71,54,133" hai1="22,0,48,124,36,87,5,98,84,75,26,62,70" hai2="3,45,93,100,14,106,115,128,69,55,35,90,89" hai3="49,30,24,34,4,60,58,52,110,135,131,37,83"/><U63/><E36/><V113/><F69/><W118/><G110/><T41/><D71/><U65/><E75/><V1/><F35/><W18/><G37/><T59/><D39/><U86/><E124/><V122/><F122/><W51/><G131/><T76/><D73/><U16/><E63/><V117/><F117/><W121/><G121/><T68/><D68/><U104/><E5/><V112/><F128/><W38/><G38/><T25/><D123/><U7/><E7/><V103/><F106/><W17/><G118/><T105/><D25/><U88/><E48/><N who="2" m="29071" /><F14/><W56/><G135/><T2/><D59/><U40/><E40/><V127/><F127/><W66/><G51/><T80/><D80/><U78/><E78/><V107/><F107/><W95/><G83/><T91/><D105/><U57/><E70/><V50/><F50/><W8/><REACH who="3" step="1"/><G95/><REACH who="3" ten="240,250,324,176" step="2"/><T12/><D133/><U81/><REACH who="1" step="1"/><E0/><AGARI ba="0,1" hai="0,4,8,17,18,24,30,34,49,52,56,58,60,66" machi="0" ten="30,7700,0" yaku="1,1,2,1,7,1,54,1,53,0" doraHai="10" doraHaiUra="119" who="3" fromWho="1" sc="240,0,250,-77,324,0,176,87" /><INIT seed="2,0,0,3,1,59" ten="240,173,324,263" oya="2" hai0="122,53,112,72,93,61,82,22,1,80,40,133,50" hai1="67,16,57,5,89,117,11,48,107,63,75,102,128" hai2="87,95,127,68,131,111,34,31,42,56,109,2,90" hai3="96,79,76,98,21,77,47,13,81,91,52,4,39"/><V64/><F2/><W74/><G39/><T29/><D122/><U37/><E37/><V66/><F131/><W36/><G36/><T125/><D1/><U105/><E117/><V35/><F56/><W25/><G74/><T129/><D93/><U26/><E75/><V114/><F114/><W17/><G4/><T23/><D29/><U100/><E128/><V46/><F127/><W24/><G96/><T65/><D40/><U55/><E89/><V115/><F115/><W123/><G123/><T101/><D101/><U124/><E124/><V70/><F66/><W43/><G43/><T32/><D32/><N who="2" m="12330" /><F31/><W94/><G81/><T134/><D82/><U19/><E107/><V0/><F64/><W78/><N who="3" m="19456" /><DORA hai="6" /><W88/><G91/><T3/><D3/><U18/><E26/><V69/><F0/><W38/><G38/><T85/><D72/><U71/><REACH who="1" step="1"/><E105/><REACH who="1" ten="240,163,324,263" step="2"/><V103/><F90/><W113/><G113/><T45/><D112/><U130/><E130/><V135/><F103/><W62/><G24/><T97/><D129/><U15/><AGARI ba="0,1" hai="5,11,15,16,18,19,48,55,57,63,67,71,100,102" machi="15" ten="30,12000,2" yaku="1,1,0,1,52,2,54,1,53,2" doraHai="59,6" doraHaiUra="8,51" who="1" fromWho="1" sc="240,-30,163,130,324,-60,263,-30" /><INIT seed="3,0,0,5,0,28" ten="210,293,264,233" oya="3" hai0="119,39,77,112,131,97,33,120,81,53,75,37,66" hai1="56,111,114,26,61,128,34,9,68,132,59,76,129" hai2="30,73,12,116,38,117,105,122,92,67,107,78,0" hai3="94,25,45,50,65,52,36,99,46,43,35,123,82"/><W90/><G123/><T72/><D120/><U57/><E114/><V10/><F38/><W14/><G65/><T7/><D119/><U134/><E76/><V18/><F122/><W24/><G35/><T13/><D112/><U121/><E9/><V103/><F0/><W80/><REACH who="3" step="1"/><G14/><REACH who="3" ten="210,293,264,223" step="2"/><T62/><D33/><U79/><E121/><V48/><F67/><W85/><G85/><T104/><D66/><U74/><E34/><V1/><F1/><W125/><G125/><T49/><D13/><U86/><E86/><V64/><F64/><W115/><G115/><T42/><D72/><U70/><E74/><V41/><F116/><W135/><G135/><T130/><D75/><U110/><E26/><AGARI ba="0,1" hai="24,25,26,36,43,45,46,50,52,80,82,90,94,99" machi="26" ten="40,3900,0" yaku="1,1,54,1,53,0" doraHai="28" doraHaiUra="126" who="3" fromWho="1" sc="210,0,293,-39,264,0,223,49" /><INIT seed="3,1,0,4,1,64" ten="210,254,264,272" oya="3" hai0="33,90,78,42,112,43,9,87,4,67,5,41,91" hai1="98,24,36,8,63,116,46,95,56,31,38,30,109" hai2="105,54,57,127,106,72,6,66,108,77,62,7,121" hai3="129,60,74,115,122,102,0,55,1,132,49,26,27"/><W10/><G115/><T20/><D112/><U119/><E109/><V11/><F108/><W21/><G122/><T76/><D33/><U131/><E131/><V99/><F121/><W96/><G74/><T16/><D67/><N who="1" m="39399" /><E8/><V37/><F37/><N who="1" m="14441" /><E46/><V61/><F127/><W22/><G132/><T12/><D5/><U18/><E18/><V124/><F124/><W111/><G111/><T97/><D97/><U101/><E24/><V103/><F106/><W104/><G129/><T85/><D85/><U47/><E47/><V69/><REACH who="2" step="1"/><F11/><REACH who="2" ten="210,254,254,272" step="2"/><W28/><G10/><T19/><D4/><U68/><E119/><V35/><F35/><W13/><G0/><T23/><D9/><U53/><E116/><V51/><F51/><W75/><G1/><T114/><D114/><U123/><E123/><V113/><F113/><W39/><G39/><T3/><D3/><U70/><E30/><V52/><F52/><W25/><G55/><T50/><D50/><U133/><E31/><V128/><F128/><W93/><G49/><T17/><D12/><U45/><E53/><V73/><F73/><W110/><G75/><T120/><D120/><U79/><E45/><V89/><F89/><N who="0" m="33802" /><D87/><U82/><E133/><V15/><F15/><W125/><G110/><T92/><D92/><U107/><E95/><V32/><F32/><W94/><G125/><T59/><D59/><U40/><E40/><V88/><F88/><W118/><G94/><T83/><D83/><AGARI ba="1,1" hai="6,7,54,57,61,62,66,69,72,77,83,99,103,105" machi="83" ten="40,2600,0" yaku="1,1,52,1,53,0" doraHai="64" doraHaiUra="130" who="2" fromWho="0" sc="210,-29,254,0,254,39,272,0" /><INIT seed="4,0,0,1,4,90" ten="181,254,293,272" oya="0" hai0="24,8,16,82,19,1,36,86,44,101,31,27,130" hai1="22,39,52,104,91,49,100,108,0,14,34,7,99" hai2="46,48,126,114,68,121,20,3,125,17,18,43,51" hai3="123,120,73,74,83,35,26,53,10,4,50,60,61"/><T128/><D101/><U57/><E108/><V95/><F68/><W106/><G106/><T69/><D69/><U103/><E34/><V6/><F121/><N who="3" m="46667" /><G35/><T41/><D1/><U116/><E116/><V76/><F76/><N who="3" m="44431" /><G26/><T64/><D64/><U127/><E127/><N who="2" m="48651" /><F114/><W118/><G74/><T30/><D24/><U63/><E39/><V124/><F51/><W47/><G118/><T113/><D113/><U79/><E79/><V45/><F45/><W21/><G21/><T89/><D31/><U93/><E49/><V37/><F37/><W129/><G129/><N who="0" m="49771" /><D8/><U88/><E0/><AGARI ba="0,0" hai="0,4,10,47,50,53,60,61" m="44431,46667" machi="0" ten="30,1000,0" yaku="13,1" doraHai="90" who="3" fromWho="1" sc="181,0,254,-10,293,0,272,10" /><INIT seed="5,0,0,0,5,5" ten="181,244,293,282" oya="1" hai0="131,4,99,59,31,0,100,109,119,7,108,11,95" hai1="71,116,129,97,94,12,73,134,83,132,125,114,42" hai2="130,21,38,121,91,14,52,68,24,127,113,18,46" hai3="47,57,10,22,133,79,96,55,86,64,19,65,41"/><U61/><E42/><V88/><F121/><W84/><G133/><N who="1" m="51306" /><E116/><V45/><F68/><W117/><G117/><T123/><D119/><U105/><E71/><V90/><F38/><W81/><G96/><T9/><D123/><U20/><E61/><V23/><F130/><W70/><G70/><T115/><D131/><U27/><E129/><V66/><F66/><W85/><G10/><T8/><D115/><U87/><E73/><V50/><F127/><W67/><G47/><T37/><D37/><U15/><E105/><V30/><F113/><W60/><REACH who="3" step="1"/><G41/><REACH who="3" ten="181,244,293,272" step="2"/><T26/><D59/><AGARI ba="0,1" hai="14,18,21,23,24,30,45,46,50,52,59,88,90,91" machi="59" ten="40,5200,0" yaku="8,1,54,2" doraHai="5" who="2" fromWho="0" sc="181,-52,244,0,293,62,272,0" /><INIT seed="6,0,0,0,1,55" ten="129,244,355,272" oya="2" hai0="95,61,97,72,119,24,27,66,76,115,74,11,107" hai1="82,80,46,87,16,38,3,129,81,35,0,106,34" hai2="94,100,10,64,131,77,18,12,78,2,25,54,14" hai3="20,8,44,58,47,22,71,127,91,128,39,43,113"/><V133/><F2/><W62/><G71/><T36/><D115/><U104/><E87/><V33/><F64/><W124/><G113/><T32/><D119/><U134/><E46/><V7/><F7/><W120/><BYE who="2" /><G120/><T48/><D36/><U68/><E38/><UN n2="%6B%61%77%61%69%31%32" /><V89/><F25/><W50/><G8/><T53/><D11/><U63/><E134/><V51/><F33/><W109/><G91/><T98/><D98/><U105/><E129/><V110/><F12/><W69/><G109/><T84/><D27/><U83/><E63/><V15/><F15/><W1/><G1/><N who="1" m="586" /><E68/><V88/><F133/><W132/><G132/><T59/><D84/><U75/><N who="1" m="20480" /><DORA hai="135" /><U93/><E93/><V86/><F100/><W126/><G69/><T101/><D95/><U42/><E42/><V79/><F89/><W117/><G117/><T118/><D76/><U57/><E57/><N who="2" m="32991" /><F131/><W4/><G4/><T40/><D40/><U122/><E75/><V112/><F112/><W99/><G99/><T85/><D85/><U28/><E28/><V29/><F110/><W23/><G128/><T26/><D118/><U9/><E9/><V56/><F29/><W52/><G20/><T73/><REACH who="0" step="1"/><D32/><REACH who="0" ten="119,244,355,272" step="2"/><N who="1" m="12331" /><E122/><V13/><F78/><W111/><G111/><T108/><D108/><U60/><E105/><V70/><F79/><W41/><AGARI ba="0,1" hai="22,23,39,41,43,44,47,50,52,58,62,124,126,127" machi="41" ten="40,12000,2" yaku="0,1,18,1,52,4,54,1" doraHai="55,135" who="3" fromWho="3" sc="119,-30,244,-30,355,-60,272,130" /><INIT seed="7,0,0,0,4,71" ten="89,214,295,402" oya="3" hai0="39,90,68,131,92,75,59,112,127,83,113,66,60" hai1="134,23,2,24,88,40,95,109,120,4,51,61,3" hai2="80,82,122,110,116,13,19,30,78,65,44,35,22" hai3="101,119,86,49,73,45,11,27,69,8,103,117,96"/><W48/><G69/><T7/><D7/><U33/><E33/><V97/><F116/><W76/><G73/><T63/><D92/><U21/><E109/><V100/><F110/><W129/><G103/><T31/><D90/><U6/><E134/><V12/><F122/><W26/><G129/><T55/><D83/><U18/><E120/><V42/><F13/><W53/><G49/><T46/><D31/><U14/><E61/><V74/><F80/><W91/><G76/><T115/><D75/><U38/><E38/><V130/><F130/><W28/><G119/><T81/><D81/><U64/><E64/><V107/><F65/><W1/><G1/><T0/><D0/><U93/><E93/><V34/><REACH who="2" step="1"/><F30/><REACH who="2" ten="89,214,285,402" step="2"/><W124/><G28/><T118/><D131/><U36/><E2/><V128/><F128/><W84/><G117/><T108/><D118/><U20/><E3/><V70/><F70/><W89/><G26/><T85/><D85/><U25/><E4/><V47/><F47/><W77/><G27/><T56/><D108/><U126/><E6/><V10/><F10/><W87/><G8/><T58/><D127/><U57/><E25/><V17/><F17/><W98/><G124/><T29/><D29/><U79/><E24/><V121/><F121/><W9/><G11/><T104/><D104/><U52/><E126/><V16/><F16/><W133/><G9/><T106/><D106/><U37/><E79/><V114/><F114/><W50/><G77/><T111/><D111/><U15/><E15/><V5/><F5/><W102/><G87/><T72/><D72/><RYUUKYOKU ba="0,1" sc="89,15,214,-15,285,15,402,-15" hai0="39,46,55,56,58,59,60,63,66,68,112,113,115" hai2="12,19,22,34,35,42,44,74,78,82,97,100,107" owari="104,-39.6,199,-20.1,300,10.0,397,49.7" /></mjloggm>