<mjloggm ver="2.3"><GO type="169" lobby="0"/><UN n0="%7A%65%52%6F" n1="%62%73%64%5F%33" n2="%41%2E%53%74%61%72%73" n3="%E3%83%9F%E3%83%88%E3%83%A9%32" dan="17,17,16,16" rate="2216.51,2135.30,2048.65,2069.03" sx="M,F,M,M"/><TAIKYOKU oya="0"/><INIT seed="0,0,0,2,1,93" ten="250,250,250,250" oya="0" hai0="17,106,64,99,50,80,113,115,98,8,134,71,121" hai1="132,53,102,92,0,125,40,107,126,6,72,131,103" hai2="74,104,122,13,94,100,45,31,135,73,9,114,60" hai3="123,89,95,97,83,84,58,116,96,86,112,62,66"/><T20/><D121/><U88/><E72/><V67/><F122/><W54/><G123/><T14/><D134/><U42/><E132/><V119/><F135/><W47/><G112/><T52/><D106/><U56/><E131/><V33/><F114/><W43/><G116/><T120/><D120/><U49/><E6/><V68/><F119/><W91/><REACH who="3" step="1"/><G66/><REACH who="3" ten="250,250,250,240" step="2"/><T30/><D115/><U90/><E126/><V51/><F67/><W127/><G127/><T105/><D113/><U75/><E125/><V4/><F74/><W1/><G1/><T36/><D64/><U18/><E0/><V130/><F73/><W65/><G65/><T34/><D71/><U77/><E75/><V19/><F130/><W87/><G87/><T111/><D111/><U38/><E42/><V35/><F68/><W15/><G15/><T7/><D36/><AGARI ba="0,1" hai="36,43,47,54,58,62,83,84,86,89,91,95,96,97" machi="36" ten="30,7700,0" yaku="1,1,7,1,52,2,53,0" doraHai="93" doraHaiUra="133" who="3" fromWho="0" sc="250,-77,250,0,250,0,240,87" /><INIT seed="1,0,0,3,4,45" ten="173,250,250,327" oya="1" hai0="16,117,109,85,78,96,65,74,103,13,99,35,111" hai1="127,113,134,40,86,89,24,53,133,90,125,27,63" hai2="47,77,7,79,132,100,4,107,114,12,43,46,110" hai3="102,36,52,51,3,5,19,87,108,20,135,34,81"/><U9/><E113/><V121/><F114/><W120/><G120/><T76/><D117/><U54/><E40/><V23/><F121/><W84/><G36/><T88/><D35/><U80/><E9/><V57/><F110/><N who="0" m="41994" /><D65/><U92/><E63/><V41/><F132/><N who="1" m="50793" /><E24/><V106/><F100/><W37/><G37/><T68/><D74/><U48/><E27/><V2/><F57/><W11/><G34/><T70/><D70/><U97/><E54/><V105/><F105/><W17/><G108/><T28/><D28/><U129/><E129/><V64/><F64/><W69/><G135/><T59/><D59/><AGARI ba="0,0" hai="48,53,59,80,86,89,90,92,97,125,127" m="50793" machi="59" ten="30,2900,0" yaku="20,1,52,1" doraHai="45" who="1" fromWho="0" sc="173,-29,250,29,250,0,327,0" /><INIT seed="1,1,0,2,4,45" ten="144,279,250,327" oya="1" hai0="37,85,121,82,126,89,87,59,34,119,20,101,83" hai1="77,110,96,106,131,14,108,91,65,63,25,12,88" hai2="127,29,30,17,51,60,120,53,74,7,97,2,100" hai3="0,61,71,80,94,64,125,72,49,111,47,33,116"/><U67/><E131/><V36/><F120/><W18/><G33/><T48/><D119/><U128/><E128/><V9/><F127/><W15/><G0/><T43/><D34/><U132/><E77/><V3/><F74/><W4/><G125/><T24/><D126/><U130/><E130/><V6/><F36/><W93/><G116/><T10/><D37/><U52/><E132/><V107/><F60/><W123/><G123/><T112/><D112/><U39/><E39/><V134/><F134/><W1/><G1/><T26/><D121/><U19/><E25/><V27/><F17/><W90/><G4/><T75/><D75/><U69/><E67/><V113/><F113/><W32/><G32/><T84/><D84/><U35/><E35/><V41/><F41/><W28/><G28/><T86/><D87/><U99/><E52/><V103/><F103/><W8/><G111/><N who="1" m="42538" /><E14/><V13/><F30/><W133/><G133/><T44/><D59/><U58/><E69/><V38/><F38/><W117/><G117/><T129/><D129/><U122/><E122/><V22/><F3/><W42/><REACH who="3" step="1"/><G90/><REACH who="3" ten="144,279,250,317" step="2"/><N who="1" m="34346" /><E106/><V114/><F114/><W5/><G5/><T62/><D89/><U56/><E56/><V104/><F7/><W102/><G102/><T118/><D101/><U124/><E124/><V115/><F115/><W40/><G40/><T54/><D43/><U16/><E19/><V11/><F2/><W46/><G46/><T68/><D44/><U50/><E50/><V73/><F51/><W70/><G70/><T109/><D109/><U76/><E76/><AGARI ba="1,1" hai="8,15,18,42,47,49,61,64,71,72,76,80,93,94" machi="76" ten="40,2600,0" yaku="1,1,52,1,53,0" doraHai="45" doraHaiUra="31" who="3" fromWho="1" sc="144,0,279,-29,250,0,317,39" /><INIT seed="2,0,0,3,5,24" ten="144,250,250,356" oya="2" hai0="113,130,53,17,64,124,5,76,100,75,31,42,46" hai1="13,132,1,49,128,40,88,68,117,34,54,65,23" hai2="116,98,78,61,93,129,43,70,105,60,90,95,120" hai3="48,4,99,19,37,11,56,18,28,94,44,33,92"/><V125/><F116/><W29/><G37/><T133/><D113/><U83/><E117/><V123/><F105/><W97/><G56/><T114/><D114/><U58/><E1/><V57/><F125/><W82/><G82/><T122/><D122/><U51/><E34/><V35/><F129/><W115/><G115/><T102/><D124/><U66/><E132/><V45/><F35/><W55/><G33/><T119/><D119/><U22/><E68/><V59/><F78/><W32/><G32/><T20/><D5/><U39/><E39/><V36/><F70/><W41/><G41/><T81/><D64/><N who="1" m="24683" /><E13/><V96/><F59/><W118/><G118/><T69/><D69/><U73/><E73/><V27/><F27/><W8/><G4/><T107/><D107/><U26/><E128/><V25/><F25/><W89/><G8/><T77/><D77/><U15/><E15/><V6/><F6/><W3/><G3/><T112/><D112/><U16/><E23/><V101/><REACH who="2" step="1"/><F61/><REACH who="2" ten="144,250,240,356" step="2"/><W47/><G47/><T80/><D46/><N who="1" m="25799" /><E83/><V110/><F110/><W126/><G126/><T91/><D130/><U108/><E108/><V38/><F38/><W106/><G106/><T0/><D80/><U14/><E26/><V134/><F134/><W63/><G63/><T103/><D133/><U104/><E104/><V87/><F87/><W86/><G86/><T21/><D76/><U85/><E85/><V62/><F62/><W7/><G7/><T50/><D81/><U52/><E58/><V74/><F74/><W121/><G44/><T127/><D127/><U111/><E111/><RYUUKYOKU ba="0,1" sc="144,-10,250,-10,240,30,356,-10" hai2="36,43,45,57,60,90,93,95,96,98,101,120,123" /><INIT seed="2,1,1,1,2,70" ten="134,240,270,346" oya="2" hai0="106,121,25,85,44,71,126,72,8,114,14,129,31" hai1="127,46,54,58,74,78,92,28,50,33,23,79,29" hai2="93,132,75,90,66,7,52,17,69,107,96,1,22" hai3="134,94,87,62,105,124,60,53,108,13,116,2,63"/><V5/><F132/><W135/><G2/><T27/><D121/><U59/><E127/><V73/><F107/><W16/><G105/><T49/><D114/><U119/><E119/><V81/><F66/><W125/><G116/><T6/><D72/><U82/><E78/><V35/><F69/><W76/><G108/><T34/><D71/><U111/><E33/><V43/><F35/><W83/><G94/><T123/><D123/><U36/><E111/><V3/><F3/><W26/><G26/><T86/><D126/><N who="3" m="48745" /><G53/><T61/><D129/><U67/><E67/><V95/><F43/><W115/><G115/><T84/><D106/><U55/><E92/><V47/><F81/><W80/><G80/><T18/><D61/><U10/><E10/><AGARI ba="1,1" hai="10,13,16,60,62,63,76,83,87,134,135" m="48745" machi="10" ten="30,2000,0" yaku="18,1,54,1" doraHai="70" who="3" fromWho="1" sc="134,0,240,-23,270,0,346,33" /><INIT seed="3,0,0,2,5,97" ten="134,217,270,379" oya="3" hai0="46,64,107,98,48,103,76,23,36,60,65,79,108" hai1="102,9,66,78,131,25,71,105,47,89,72,87,110" hai2="62,42,5,20,39,27,93,116,94,109,38,19,115" hai3="85,96,13,119,83,29,124,16,92,88,33,95,58"/><W67/><G119/><T17/><D108/><U90/><E110/><V73/><F116/><W104/><G124/><T32/><D32/><U123/><E123/><V14/><F109/><W41/><G41/><T114/><D36/><U37/><E131/><V120/><F115/><W61/><G33/><T8/><D8/><U53/><E71/><V34/><F73/><W1/><G1/><T122/><D122/><U18/><E66/><V45/><F120/><W125/><G125/><T101/><D114/><U26/><E72/><V126/><F126/><W117/><G117/><T57/><D101/><U68/><E68/><V91/><F62/><W135/><G135/><T40/><REACH who="0" step="1"/><D65/><REACH who="0" ten="124,217,270,379" step="2"/><U100/><E9/><V30/><F39/><W74/><G67/><T22/><D22/><U51/><E37/><V75/><F38/><W63/><G104/><T70/><D70/><U55/><E102/><V56/><F34/><W35/><G35/><T128/><D128/><U11/><E100/><V0/><F0/><W43/><G96/><T44/><D44/><U10/><E10/><V24/><F45/><W4/><G58/><T127/><D127/><U21/><E11/><V28/><F56/><W86/><G4/><T130/><D130/><U80/><E105/><V129/><F5/><W112/><G112/><T111/><D111/><U6/><E6/><V2/><F2/><W121/><G121/><T49/><D49/><U118/><E118/><V59/><F129/><W113/><G113/><T133/><D133/><U81/><E47/><V106/><F59/><W31/><G61/><T134/><D134/><RYUUKYOKU ba="0,1" sc="124,30,217,-10,270,-10,379,-10" hai0="17,23,40,46,48,57,60,64,76,79,98,103,107" /><INIT seed="4,1,1,1,2,51" ten="154,207,260,369" oya="0" hai0="135,80,72,24,82,26,2,30,121,58,64,126,128" hai1="47,66,109,14,53,40,97,133,54,103,13,101,9" hai2="35,87,78,100,69,89,3,71,129,17,130,62,76" hai3="118,11,31,125,37,61,34,0,65,29,18,68,79"/><T84/><D121/><U19/><E109/><V127/><F127/><W117/><G125/><T12/><D2/><U85/><E133/><V38/><F38/><W107/><G37/><T56/><D126/><U25/><E66/><V108/><F108/><W50/><G79/><T102/><D135/><U16/><E25/><V91/><F35/><W7/><G107/><T119/><D119/><U92/><E101/><V49/><F100/><W21/><G50/><T22/><D72/><U131/><E131/><V33/><F49/><W45/><G45/><T114/><D128/><U46/><E85/><V6/><F87/><W44/><G44/><N who="1" m="16938" /><E40/><V116/><F33/><W59/><G59/><T20/><D102/><U57/><E57/><V120/><F120/><W70/><G70/><T88/><D64/><U113/><E113/><V98/><F116/><W77/><G77/><T60/><D114/><U96/><E96/><V5/><F78/><W112/><G31/><N who="0" m="17799" /><D80/><U23/><AGARI ba="1,1" hai="9,13,14,16,19,23,53,54,92,97,103" m="16938" machi="23" ten="30,7900,0" yaku="8,1,52,2,54,1" doraHai="51" who="1" fromWho="1" sc="154,-40,207,92,260,-21,369,-21" /><INIT seed="5,0,0,0,3,130" ten="114,299,239,348" oya="1" hai0="56,71,21,133,31,16,10,53,3,135,95,52,104" hai1="17,84,110,115,82,7,126,108,45,47,79,22,0" hai2="32,2,12,132,27,66,8,6,83,42,107,65,89" hai3="68,86,87,78,61,128,77,23,29,96,122,105,103"/><U119/><E119/><V97/><F42/><W67/><G122/><T70/><D104/><U4/><E115/><V44/><F44/><N who="1" m="16969" /><E126/><V111/><F111/><N who="1" m="42537" /><E0/><V106/><F2/><W131/><G86/><T33/><D33/><U118/><E118/><V74/><F107/><W54/><G54/><T20/><D95/><U60/><E60/><V28/><F74/><W34/><G23/><T73/><D73/><U85/><E84/><V19/><F83/><N who="3" m="47599" /><G78/><T11/><D3/><U69/><E69/><V43/><F43/><W50/><G50/><T57/><REACH who="0" step="1"/><D16/><REACH who="0" ten="104,299,239,348" step="2"/><U121/><E121/><V101/><F19/><W75/><G75/><T63/><D63/><U72/><E72/><V46/><F106/><W24/><AGARI ba="0,1" hai="24,29,34,61,67,68,96,103,105,128,131" m="47599" machi="24" ten="30,1100,0" yaku="25,1" doraHai="130" who="3" fromWho="3" sc="104,-3,299,-5,239,-3,348,21" /><INIT seed="6,0,0,0,3,38" ten="101,294,236,369" oya="2" hai0="67,50,129,132,55,125,66,86,61,115,76,35,30" hai1="16,87,71,56,54,123,11,80,59,84,2,122,112" hai2="103,68,9,131,40,108,39,88,120,119,26,113,25" hai3="51,72,49,23,42,81,0,134,106,45,33,22,73"/><V74/><F119/><W48/><G33/><T17/><D35/><U133/><E71/><V52/><F120/><N who="1" m="46121" /><E112/><V43/><F39/><W135/><G106/><T109/><D109/><U90/><E133/><N who="3" m="50698" /><G0/><T1/><D1/><U31/><E31/><V78/><F68/><W47/><G51/><T126/><D30/><U58/><E87/><V70/><F70/><W19/><G81/><T18/><D86/><U3/><E54/><V57/><F103/><W4/><G4/><T64/><D132/><U127/><E127/><V83/><F113/><W85/><G85/><T14/><D115/><U102/><E102/><V6/><F131/><W110/><G110/><T97/><D129/><U118/><E118/><V116/><F116/><W111/><G111/><T128/><D128/><U36/><E36/><V101/><F101/><W13/><G23/><T124/><D97/><U24/><E11/><V53/><F108/><W41/><AGARI ba="0,0" hai="13,19,22,41,42,45,47,48,49,72,73" m="50698" machi="41" ten="30,4000,0" yaku="20,1,52,2" doraHai="38" who="3" fromWho="3" sc="101,-10,294,-10,236,-20,369,40" /><INIT seed="7,0,0,5,3,120" ten="91,284,216,409" oya="3" hai0="36,47,44,33,109,8,116,57,85,31,11,100,55" hai1="74,83,84,15,22,32,124,48,49,27,91,94,39" hai2="119,59,76,98,88,23,102,130,101,127,56,37,35" hai3="86,38,54,30,25,6,73,4,71,19,58,65,87"/><W103/><G73/><T21/><D116/><U108/><E39/><V50/><F35/><W64/><G38/><T128/><D128/><U75/><E108/><V72/><F37/><W9/><G19/><T42/><D33/><U43/><E32/><V68/><F68/><W106/><G4/><T121/><D121/><U125/><E15/><V3/><F119/><W132/><G132/><T114/><D100/><U29/><E43/><V107/><F3/><W17/><G17/><T60/><D47/><U96/><E75/><V51/><F127/><N who="1" m="48713" /><E74/><V66/><F130/><W89/><G87/><T97/><D97/><U7/><E7/><V77/><F72/><W80/><G103/><AGARI ba="0,0" hai="22,27,29,48,49,83,84,91,94,96,103" m="48713" machi="103" ten="30,1000,0" yaku="18,1" doraHai="120" who="1" fromWho="3" sc="91,0,284,10,216,0,409,-10" owari="91,-40.9,294,9.4,216,-18.4,399,49.9" /></mjloggm>