<mjloggm ver="2.3"><GO type="169" lobby="0"/><UN n0="%E8%B5%A4%E6%9C%A8%E3%81%97%E3%81%92%E3%82%8B" n1="%E6%B2%B3%E7%AB%A5%E3%81%AE%E3%83%AF%E3%82%AB%E3%83%9E%E3%83%84" n2="%E6%A4%9B%E5%8D%97" n3="%E9%81%85%E5%88%BB%E3%81%AE%E3%83%97%E3%83%AA%E3%83%B3%E3%82%B9%E2%99%AA" dan="16,17,18,16" rate="2082.46,2178.76,2198.87,2175.84" sx="M,M,F,F"/><TAIKYOKU oya="0"/><INIT seed="0,0,0,3,5,15" ten="250,250,250,250" oya="0" hai0="94,7,8,56,91,108,82,17,34,45,40,134,119" hai1="58,54,62,4,26,126,18,39,55,38,99,48,46" hai2="107,24,80,2,101,125,79,132,29,93,114,111,41" hai3="95,133,66,47,1,42,67,83,33,12,30,14,129"/><T52/><D119/><U10/><E126/><V123/><F111/><W36/><G1/><T122/><D34/><U76/><E76/><V13/><F2/><W11/><G129/><T104/><D104/><U72/><E72/><V61/><F132/><W117/><G117/><T32/><D32/><U106/><E106/><V22/><F123/><W37/><G133/><T19/><D82/><U121/><E121/><V70/><F125/><W27/><G37/><T49/><D134/><U127/><E127/><V78/><F107/><W130/><G130/><T31/><D31/><U110/><E110/><V23/><F41/><W81/><G95/><T97/><D108/><U90/><E4/><V131/><F114/><W112/><G14/><N who="0" m="5407" /><D122/><U71/><E71/><V109/><F109/><W44/><G112/><T63/><AGARI ba="0,0" hai="17,19,40,45,49,52,56,63,91,94,97" m="5407" machi="63" ten="30,11700,0" yaku="8,1,52,2,54,1" doraHai="15" who="0" fromWho="0" sc="250,117,250,-39,250,-39,250,-39" /><INIT seed="0,1,0,0,3,108" ten="367,211,211,211" oya="0" hai0="66,114,9,55,130,116,16,20,47,11,119,92,35" hai1="41,28,79,87,88,53,75,62,17,26,52,102,122" hai2="83,54,71,48,84,29,14,81,134,120,73,5,85" hai3="23,76,19,63,118,68,33,80,99,8,98,93,100"/><T104/><D35/><U59/><E122/><V89/><F134/><W45/><G118/><T2/><D104/><U77/><E75/><V44/><F120/><W82/><G33/><T13/><D130/><U60/><E102/><V15/><F73/><W64/><G8/><N who="0" m="3147" /><D2/><U18/><E41/><V113/><F71/><W22/><G76/><N who="1" m="29258" /><E28/><V97/><F29/><W105/><G45/><T37/><D37/><U121/><E121/><V101/><F113/><W58/><G68/><T72/><D114/><U31/><E31/><V36/><F36/><W24/><REACH who="3" step="1"/><G23/><REACH who="3" ten="367,211,211,201" step="2"/><T86/><D119/><U103/><E103/><AGARI ba="1,1" hai="19,22,24,58,63,64,80,82,93,98,99,100,103,105" machi="103" ten="30,3900,0" yaku="1,1,2,1,7,1,53,0" doraHai="108" doraHaiUra="3" who="3" fromWho="1" sc="367,0,211,-42,211,0,201,52" /><INIT seed="1,0,0,3,2,58" ten="367,169,211,253" oya="1" hai0="30,80,104,53,88,117,135,82,115,31,73,78,19" hai1="24,27,97,93,125,52,46,113,121,87,20,130,49" hai2="29,59,107,65,37,40,86,54,28,77,103,106,51" hai3="44,2,102,76,38,120,128,36,127,96,9,17,10"/><U34/><E113/><V45/><F103/><W55/><G120/><T7/><D104/><U42/><E121/><V21/><F29/><W23/><G127/><T100/><D117/><U43/><E125/><V47/><F28/><W126/><G126/><T57/><D135/><U75/><E75/><V61/><REACH who="2" step="1"/><F21/><REACH who="2" ten="367,169,201,253" step="2"/><W134/><G134/><T83/><D31/><U62/><E34/><V8/><F8/><W94/><G10/><T68/><D30/><U50/><E20/><V74/><F74/><W129/><G9/><T15/><D73/><U89/><E130/><V48/><F48/><N who="3" m="29063" /><G36/><T85/><D115/><U109/><E50/><V70/><F70/><W112/><G38/><T69/><D69/><U60/><E109/><V66/><F66/><W98/><G112/><T119/><D68/><U3/><E3/><V32/><F32/><W35/><G2/><T111/><D111/><U71/><E71/><V41/><F41/><N who="1" m="15369" /><E97/><V39/><F39/><W123/><G35/><T92/><D119/><U6/><E6/><V25/><F25/><AGARI ba="0,1" hai="24,25,27,46,49,52,60,62,87,89,93" m="15369" machi="25" ten="30,11600,0" yaku="8,1,52,2,54,1" doraHai="58" who="1" fromWho="2" sc="367,0,169,126,201,-116,253,0" /><INIT seed="1,1,0,5,0,93" ten="367,295,85,253" oya="1" hai0="15,125,66,60,90,43,127,12,83,49,135,13,76" hai1="112,75,106,107,129,62,31,46,25,100,41,94,56" hai2="19,22,30,77,103,80,57,122,131,84,39,0,123" hai3="10,128,69,9,18,16,7,88,70,109,58,79,114"/><U53/><E75/><V85/><F131/><W120/><G114/><T24/><D90/><U51/><E129/><V119/><F119/><W44/><G128/><T38/><D24/><U63/><E112/><V23/><F0/><W78/><G120/><T96/><D38/><U34/><REACH who="1" step="1"/><E63/><REACH who="1" ten="367,285,85,253" step="2"/><V26/><F123/><W81/><G109/><T74/><D60/><U59/><E59/><V97/><F122/><W61/><G70/><T2/><D74/><U71/><E71/><V47/><F57/><W52/><G69/><T27/><D127/><U40/><E40/><V32/><F47/><W126/><G126/><T5/><D43/><U95/><E95/><V72/><F39/><W29/><G44/><T35/><D125/><U134/><E134/><V132/><F132/><W101/><G101/><T11/><D135/><U99/><AGARI ba="1,1" hai="25,31,34,41,46,51,53,56,62,94,99,100,106,107" machi="99" ten="30,12000,1" yaku="1,1,0,1,52,1,53,2" doraHai="93" doraHaiUra="102" who="1" fromWho="1" sc="367,-41,285,133,85,-41,253,-41" /><INIT seed="1,2,0,1,2,64" ten="326,418,44,212" oya="1" hai0="126,134,27,102,60,124,130,100,43,53,135,80,99" hai1="38,28,26,66,132,69,90,6,65,119,82,109,61" hai2="85,104,5,108,79,70,54,50,122,55,92,129,96" hai3="72,131,29,81,31,57,127,73,87,4,32,2,98"/><U74/><E119/><V121/><F108/><W78/><G127/><N who="0" m="48683" /><D27/><U75/><E109/><V34/><F129/><W24/><G131/><T111/><D43/><U97/><E132/><N who="0" m="50729" /><D60/><U49/><E38/><V39/><F39/><W59/><G31/><T68/><D53/><U25/><E66/><V10/><F34/><W114/><G114/><T71/><D111/><U42/><E6/><V47/><F104/><W36/><G36/><T46/><D46/><U44/><E25/><V20/><F20/><W12/><G2/><T118/><D118/><U117/><E117/><V35/><F35/><W110/><G110/><T17/><D17/><U106/><E82/><V14/><F55/><W23/><G32/><T88/><D130/><U84/><E84/><V22/><F22/><W94/><G73/><T0/><D0/><U13/><E13/><V95/><F70/><N who="0" m="26666" /><D80/><U89/><E26/><V116/><F116/><W48/><G72/><T112/><D112/><U16/><E16/><V30/><F30/><W19/><G48/><T105/><D105/><U125/><E28/><V93/><F122/><W123/><G123/><T133/><N who="0" m="50737" /><T113/><DORA hai="40" /><D113/><U52/><E42/><V45/><F121/><W21/><REACH who="3" step="1"/><G4/><REACH who="3" ten="326,418,44,202" step="2"/><T101/><D101/><AGARI ba="2,1" hai="12,19,21,23,24,29,57,59,78,81,87,94,98,101" machi="101" ten="30,8000,1" yaku="1,1,2,1,7,1,8,1,53,1" doraHai="64,40" doraHaiUra="33,9" who="3" fromWho="0" sc="326,-86,418,0,44,0,202,96" /><INIT seed="2,0,0,5,3,126" ten="240,418,44,298" oya="2" hai0="47,45,7,86,36,10,56,43,2,122,13,131,5" hai1="4,105,11,14,0,38,28,8,12,25,95,44,83" hai2="91,125,61,70,102,115,87,77,9,51,128,21,119" hai3="98,35,90,96,46,34,60,55,41,127,49,84,22"/><V92/><F115/><W64/><G127/><T134/><D122/><U85/><E105/><V103/><F125/><W31/><G35/><T72/><D72/><U129/><E95/><V94/><F119/><W29/><G34/><T48/><D134/><U58/><E58/><V66/><F77/><W133/><G133/><T104/><D104/><U15/><E38/><V76/><F76/><W97/><G41/><T42/><D56/><U65/><E65/><V67/><F67/><W6/><G6/><T121/><D121/><U78/><E44/><V99/><F9/><W135/><G135/><T114/><D114/><U59/><E59/><V107/><F103/><W108/><G108/><T93/><D5/><U82/><E82/><V132/><F132/><W57/><REACH who="3" step="1"/><G22/><REACH who="3" ten="240,418,44,288" step="2"/><T109/><D109/><U33/><REACH who="1" step="1"/><E129/><REACH who="1" ten="240,408,44,288" step="2"/><V26/><F128/><W81/><AGARI ba="0,2" hai="29,31,46,49,55,57,60,64,81,84,90,96,97,98" machi="81" ten="30,7900,0" yaku="1,1,2,1,0,1,8,1,53,0" doraHai="126" doraHaiUra="17" who="3" fromWho="3" sc="240,-20,408,-20,44,-39,288,99" /><INIT seed="3,0,0,2,2,3" ten="220,388,5,387" oya="3" hai0="30,132,56,96,6,11,25,51,37,61,27,106,93" hai1="53,80,109,135,116,84,72,38,88,9,130,43,79" hai2="29,4,101,42,102,45,71,120,117,110,0,76,107" hai3="87,60,46,121,69,85,16,112,129,105,66,100,124"/><W62/><G121/><T104/><D37/><U26/><E109/><V64/><F110/><W119/><G119/><T111/><D111/><U41/><E116/><V68/><F117/><W97/><G112/><T75/><D51/><U67/><E130/><V133/><F120/><W28/><G129/><T33/><D75/><U108/><E108/><V131/><F131/><W58/><G124/><T39/><D25/><U32/><E135/><V8/><F102/><W126/><G126/><T63/><D39/><U122/><E122/><V57/><F133/><W73/><G73/><T70/><D70/><U86/><E67/><V92/><F92/><W2/><G2/><T55/><D63/><U127/><E127/><V81/><F57/><W125/><G125/><T83/><D83/><U78/><E38/><N who="2" m="21719" /><F29/><W36/><G28/><T99/><D132/><U59/><E72/><N who="2" m="43143" /><F64/><W128/><G128/><T77/><D77/><U134/><E79/><V47/><F47/><W95/><G105/><T50/><D50/><U114/><E114/><V31/><F31/><W118/><G118/><T20/><D20/><U90/><E78/><V89/><F89/><W7/><G7/><T21/><D21/><U54/><E9/><V17/><F17/><W103/><G103/><N who="0" m="60815" /><D99/><AGARI ba="0,0" hai="0,4,8,68,71,99,101,107" m="43143,21719" machi="99" ten="30,7700,0" yaku="25,1,33,2,52,1" doraHai="3" who="2" fromWho="0" sc="220,-77,388,0,5,77,387,0" /><INIT seed="4,0,0,4,0,110" ten="143,388,82,387" oya="0" hai0="18,125,124,109,46,60,107,126,100,87,73,115,42" hai1="51,44,106,118,2,37,69,25,131,24,20,30,123" hai2="119,54,29,34,133,49,120,82,15,117,72,130,75" hai3="36,35,40,76,108,90,67,103,48,84,102,56,57"/><T111/><D18/><U52/><E123/><V66/><F120/><W63/><G108/><N who="0" m="41547" /><D87/><U121/><E131/><V32/><F130/><W112/><G35/><T74/><D60/><U104/><E118/><N who="2" m="45067" /><F133/><W92/><G112/><T68/><D68/><U98/><E69/><V93/><F66/><W38/><G76/><T80/><D46/><U55/><E2/><V129/><F129/><W59/><G36/><T13/><D13/><U81/><E37/><V12/><F93/><W61/><G38/><T53/><D42/><U96/><E121/><V62/><F62/><N who="3" m="23563" /><G67/><T8/><D8/><U7/><E7/><V116/><F34/><W91/><G91/><T9/><D53/><U47/><E81/><V33/><F33/><W83/><G92/><T43/><D9/><U21/><REACH who="1" step="1"/><E51/><REACH who="1" ten="143,378,82,387" step="2"/><V64/><F82/><W23/><G23/><T94/><D80/><U77/><E77/><V10/><F116/><W86/><G86/><T11/><D126/><U134/><E134/><V16/><F75/><W135/><G135/><T6/><D73/><U45/><E45/><AGARI ba="0,1" hai="40,45,48,56,57,59,83,84,90,102,103" m="23563" machi="45" ten="30,1000,0" yaku="8,1" doraHai="110" who="3" fromWho="1" sc="143,0,378,-10,82,0,387,20" /><INIT seed="5,0,0,4,1,131" ten="143,368,82,407" oya="1" hai0="45,31,70,32,28,21,24,86,53,119,60,11,108" hai1="16,64,88,46,43,59,72,82,124,22,76,55,115" hai2="7,15,94,49,81,75,62,23,27,52,78,47,85" hai3="80,57,26,101,93,77,8,107,114,69,12,121,14"/><U125/><E64/><V34/><F34/><W103/><G121/><T19/><D108/><U113/><E46/><V29/><F62/><W65/><G69/><T106/><D106/><U71/><E43/><V44/><F94/><W30/><G107/><T36/><D119/><U105/><E71/><V39/><F39/><W95/><G114/><N who="1" m="43530" /><E105/><V133/><F133/><W20/><G80/><T51/><D36/><U13/><E88/><V120/><F120/><W2/><G2/><T84/><D70/><U87/><E72/><V117/><F117/><W109/><G77/><T134/><D60/><AGARI ba="0,0" hai="13,16,22,55,59,60,76,82,87,124,125" m="43530" machi="60" ten="30,2900,0" yaku="15,1,54,1" doraHai="131" who="1" fromWho="0" sc="143,-29,368,29,82,0,407,0" /><INIT seed="5,1,0,0,5,1" ten="114,397,82,407" oya="1" hai0="16,131,48,81,60,11,76,104,26,46,40,132,3" hai1="64,62,87,35,134,10,44,130,126,88,47,54,116" hai2="97,38,52,77,115,57,42,31,70,119,135,37,71" hai3="73,93,66,19,127,69,90,0,107,98,65,25,125"/><U129/><E116/><V109/><F77/><W5/><G73/><T86/><D104/><U106/><E106/><V99/><F119/><W55/><G107/><T124/><D132/><U22/><E35/><V120/><F31/><W121/><G121/><T27/><D131/><N who="1" m="50187" /><E134/><V114/><F135/><W39/><G39/><N who="2" m="14857" /><F109/><W45/><G69/><N who="2" m="26121" /><F120/><W101/><G101/><T100/><D124/><N who="3" m="47689" /><G19/><T133/><D133/><U68/><E126/><V102/><F102/><W67/><G25/><T72/><D72/><U4/><E54/><V29/><F29/><W20/><G20/><T82/><D100/><U8/><E22/><V12/><F12/><W83/><G83/><N who="0" m="47463" /><D3/><N who="1" m="31" /><E10/><V41/><F99/><W7/><G0/><T23/><D11/><U33/><E33/><V117/><F97/><W49/><AGARI ba="1,0" hai="5,7,45,49,55,65,66,67,90,93,98" m="47689" machi="49" ten="40,5200,0" yaku="18,1,52,2" doraHai="1" who="3" fromWho="3" sc="114,-14,397,-27,82,-14,407,55" /><INIT seed="6,0,0,2,2,101" ten="100,370,68,462" oya="2" hai0="24,47,61,104,75,40,13,111,124,87,62,115,36" hai1="9,129,71,83,49,39,22,133,84,73,74,48,28" hai2="15,21,55,67,103,97,80,50,58,119,59,29,14" hai3="52,132,78,98,30,18,131,34,37,105,56,88,135"/><V65/><F119/><W17/><G131/><T60/><D111/><U27/><E39/><V117/><F117/><W3/><G37/><T38/><D75/><U126/><E71/><V79/><F59/><W12/><G3/><T112/><D38/><U86/><E129/><V108/><F108/><W54/><G78/><T42/><D42/><U81/><E133/><N who="3" m="51274" /><G30/><T113/><D124/><U94/><E94/><V25/><F67/><W134/><G34/><T41/><D41/><U33/><E9/><V110/><F65/><W109/><G109/><T116/><D116/><U23/><E33/><V35/><F35/><W7/><G134/><T100/><D87/><U20/><E28/><V123/><F123/><W130/><G130/><T45/><D13/><U46/><E27/><V44/><F44/><W77/><G77/><T70/><D45/><U16/><E16/><N who="3" m="6250" /><G56/><T57/><D70/><U95/><E126/><V0/><F0/><W31/><G31/><T120/><D120/><U114/><E46/><V76/><F76/><W69/><G69/><T1/><D1/><U106/><E22/><V85/><REACH who="2" step="1"/><F110/><REACH who="2" ten="100,370,58,462" step="2"/><W121/><G121/><T2/><D2/><U32/><E32/><V26/><F26/><W63/><G63/><T82/><D24/><U53/><E20/><V5/><F5/><W4/><G4/><T122/><D122/><U127/><E23/><V68/><F68/><W128/><G128/><T91/><D57/><U99/><E127/><V6/><F6/><W92/><G7/><T118/><D118/><U125/><E125/><V89/><F89/><W102/><G12/><RYUUKYOKU ba="0,1" sc="100,-15,370,-15,58,15,462,15" hai2="14,15,21,25,29,50,55,58,79,80,85,97,103" hai3="52,54,88,92,98,102,105" /><INIT seed="6,1,1,4,4,18" ten="85,355,73,477" oya="2" hai0="91,36,37,66,5,111,85,89,103,27,20,124,48" hai1="122,105,7,94,0,77,24,106,109,72,93,59,28" hai2="80,125,42,86,83,40,33,92,19,62,133,74,101" hai3="50,55,67,108,104,68,43,17,34,128,1,117,84"/><V65/><F133/><W44/><G117/><T35/><D111/><U107/><E109/><V81/><F125/><W116/><G116/><T119/><D124/><U51/><E122/><V96/><F33/><W8/><G108/><T110/><D119/><U9/><E72/><V4/><F4/><W114/><G34/><T12/><D110/><U87/><E77/><V64/><F74/><W32/><G32/><T127/><D127/><U58/><E87/><V21/><F86/><W6/><G104/><T2/><D35/><U78/><E78/><V10/><F10/><W120/><G120/><T14/><D2/><U57/><E51/><V135/><F135/><W69/><G128/><T70/><D103/><U76/><REACH who="1" step="1"/><E76/><REACH who="1" ten="85,345,73,477" step="2"/><V56/><REACH who="2" step="1"/><F65/><REACH who="2" ten="85,345,63,477" step="2"/><W95/><G67/><T118/><D66/><U79/><E79/><V61/><F61/><W100/><G1/><T99/><D118/><U41/><E41/><V13/><AGARI ba="1,3" hai="13,19,21,40,42,56,62,64,80,81,83,92,96,101" machi="13" ten="30,12000,1" yaku="1,1,0,1,8,1,52,1,53,1" doraHai="18" doraHaiUra="11" who="2" fromWho="2" sc="85,-41,345,-41,63,153,477,-41" /><INIT seed="6,2,0,1,2,40" ten="44,304,216,436" oya="2" hai0="38,124,91,53,77,108,41,97,18,57,82,17,100" hai1="90,72,92,105,60,75,21,126,28,71,107,50,101" hai2="54,86,122,74,20,81,23,116,47,123,9,131,37" hai3="135,69,61,102,24,19,33,66,95,43,39,36,125"/><V5/><F131/><W15/><G125/><T44/><D124/><U0/><E126/><V3/><F116/><W51/><G135/><T79/><D91/><U84/><E0/><V128/><F128/><W83/><G83/><T119/><D108/><U42/><E71/><V27/><F23/><W64/><G64/><T8/><D8/><U134/><E134/><V78/><F86/><W62/><G62/><T32/><D32/><U110/><E60/><V88/><F88/><W63/><G63/><T30/><D30/><U98/><E107/><V89/><F89/><W115/><G115/><T12/><D119/><U22/><E110/><V31/><F54/><W103/><G51/><T87/><D12/><U14/><E21/><V93/><F93/><W58/><G69/><T80/><D53/><U6/><E6/><V46/><F46/><W56/><G56/><T52/><D97/><U130/><E130/><V16/><F31/><W129/><G129/><T11/><D11/><U49/><E28/><V113/><F113/><W48/><G95/><T34/><D100/><U68/><E22/><V76/><F76/><W104/><G104/><T96/><D96/><U2/><E105/><V45/><F45/><N who="3" m="25663" /><G103/><T65/><D65/><U59/><E92/><V25/><F25/><W106/><G102/><T10/><D10/><U109/><E101/><V67/><F67/><W118/><G106/><T133/><D133/><U13/><E90/><V127/><F127/><W117/><G117/><T55/><D34/><U70/><E109/><V29/><F29/><N who="3" m="19623" /><G118/><T4/><D79/><U120/><E98/><RYUUKYOKU ba="2,0" sc="44,-15,304,-15,216,15,436,15" hai2="3,5,9,16,20,27,37,47,74,78,81,122,123" hai3="15,19,36,39,58,61,66" /><INIT seed="6,3,0,3,5,132" ten="29,289,231,451" oya="2" hai0="94,108,56,77,38,33,121,67,42,55,75,130,126" hai1="122,22,103,82,86,19,73,99,28,64,44,80,7" hai2="18,78,8,79,134,26,125,58,123,105,53,20,91" hai3="6,39,4,13,46,119,24,35,93,100,111,17,118"/><V14/><F123/><W48/><G39/><T2/><D77/><U101/><E122/><V85/><F105/><W92/><G111/><T16/><D94/><U68/><E7/><V63/><F125/><W113/><G113/><T23/><D67/><U107/><E101/><V5/><REACH who="2" step="1"/><F134/><REACH who="2" ten="29,289,221,451" step="2"/><W97/><G119/><T76/><D126/><U81/><E107/><V104/><F104/><W66/><G118/><T131/><D121/><U69/><E69/><V115/><F115/><W70/><G70/><T57/><D130/><U31/><E68/><V40/><F40/><W90/><G100/><T102/><D102/><U98/><E103/><V25/><F25/><W11/><G24/><T74/><D131/><U84/><E73/><V116/><F116/><W47/><G97/><T60/><D74/><U41/><E98/><V52/><F52/><W96/><G96/><T127/><D55/><U32/><E99/><V87/><F87/><W12/><G66/><T110/><D127/><U30/><E64/><V71/><F71/><W27/><G27/><T61/><D75/><U124/><E124/><V72/><F72/><W65/><G65/><T109/><D42/><U29/><N who="1" m="7168" /><DORA hai="37" /><U43/><E43/><V36/><F36/><W15/><G35/><T120/><D38/><N who="1" m="21559" /><E32/><V62/><F62/><N who="0" m="24170" /><D33/><U0/><E86/><V3/><F3/><W88/><G48/><T45/><D2/><U95/><E0/><V128/><F128/><W129/><G129/><T135/><D120/><U112/><E112/><V117/><F117/><W133/><G133/><T1/><D135/><U21/><E84/><RYUUKYOKU ba="3,1" sc="29,-10,289,-10,221,30,451,-10" hai2="5,8,14,18,20,26,53,58,63,78,79,85,91" /><INIT seed="6,4,1,3,4,37" ten="19,279,251,441" oya="2" hai0="38,72,57,98,97,127,114,28,76,18,108,22,122" hai1="110,4,3,106,105,26,12,96,1,101,92,81,124" hai2="56,82,94,135,7,132,74,123,14,104,60,134,17" hai3="89,78,80,66,113,44,62,119,42,27,120,91,88"/><V71/><F104/><W8/><G119/><T0/><D0/><U125/><E110/><V35/><F123/><W109/><G109/><T36/><D38/><U86/><E26/><V116/><F116/><W24/><G120/><T41/><D122/><U102/><E12/><V118/><F118/><W40/><G8/><T54/><D108/><U58/><E58/><V73/><F71/><W103/><G103/><T55/><D28/><U50/><E50/><V52/><F35/><W85/><G113/><T130/><D114/><U129/><E129/><V20/><F82/><W64/><G44/><T29/><D29/><U21/><E21/><V19/><F7/><W47/><G47/><T30/><D30/><U13/><E13/><N who="2" m="9263" /><F94/><W16/><G62/><T5/><D5/><U93/><E4/><V69/><F69/><W117/><G117/><T111/><D130/><U51/><E1/><V46/><F46/><W33/><G33/><T112/><D111/><U45/><E3/><V15/><F15/><W65/><G27/><T77/><D112/><U48/><E45/><V99/><F99/><N who="0" m="37898" /><D127/><N who="1" m="48715" /><E93/><V2/><F2/><W31/><G31/><T79/><D72/><U23/><E102/><V59/><F59/><W6/><G6/><T70/><D70/><U34/><E34/><V107/><F107/><N who="1" m="40969" /><E23/><AGARI ba="4,1" hai="14,19,23,52,56,60,73,74,132,134,135" m="9263" machi="23" ten="30,2900,0" yaku="20,1,54,1" doraHai="37" who="2" fromWho="1" sc="19,0,279,-41,251,51,441,0" /><AGARI ba="4,0" hai="16,23,24,40,42,64,65,66,78,80,85,88,89,91" machi="23" ten="40,8000,1" yaku="8,1,52,2,54,2" doraHai="37" who="3" fromWho="1" sc="19,0,238,-80,302,0,441,80" /><INIT seed="6,5,0,3,1,99" ten="19,158,302,521" oya="2" hai0="58,10,132,92,61,36,21,63,93,97,56,82,73" hai1="87,110,91,52,133,126,39,84,85,116,2,15,124" hai2="135,115,57,19,127,95,30,45,101,23,67,8,125" hai3="114,65,20,62,64,49,28,48,55,80,103,119,9"/><V86/><F115/><W37/><G119/><T44/><D132/><U76/><E2/><V78/><F135/><W88/><G37/><T4/><D21/><U43/><E133/><V113/><F113/><W18/><G114/><T50/><D36/><U16/><E110/><V96/><F45/><W0/><G103/><T17/><D73/><U134/><E116/><V118/><F118/><W7/><G28/><T77/><D17/><U130/><E130/><V12/><F78/><W54/><G54/><T83/><D58/><U89/><E76/><V106/><F86/><W69/><G65/><T81/><D61/><U24/><E24/><V42/><F42/><W120/><G120/><T68/><D68/><U5/><E5/><V35/><F106/><W122/><G122/><T33/><D33/><U102/><E102/><V74/><F74/><W26/><G55/><T53/><D77/><U128/><E52/><V112/><F35/><W38/><G38/><T46/><D97/><U104/><E104/><V71/><F71/><W66/><G66/><T3/><REACH who="0" step="1"/><D46/><REACH who="0" ten="9,158,302,521" step="2"/><N who="1" m="23935" /><E134/><V105/><F112/><W34/><G34/><T79/><D79/><U13/><E16/><V75/><F75/><W109/><G109/><T94/><D94/><U14/><E128/><V60/><F105/><W100/><G69/><T121/><D121/><U11/><E11/><V31/><F31/><W98/><G62/><T129/><D129/><U40/><E87/><V22/><F22/><W47/><G20/><T1/><D1/><U29/><E29/><V111/><F111/><W25/><G0/><T6/><D6/><RYUUKYOKU ba="5,1" sc="9,15,158,-15,302,15,521,-15" hai0="3,4,10,44,50,53,56,63,81,82,83,92,93" hai2="8,12,19,23,30,57,60,67,95,96,101,125,127" /><INIT seed="6,6,1,3,1,96" ten="24,143,317,506" oya="2" hai0="106,83,103,120,47,76,129,119,11,117,12,118,110" hai1="80,9,107,112,0,14,124,24,65,20,38,22,33" hai2="74,123,23,68,73,111,121,95,41,45,43,3,48" hai3="8,5,28,134,37,79,77,27,66,63,56,87,59"/><V91/><F68/><W35/><G37/><T86/><D110/><U100/><E38/><V128/><F111/><W60/><G87/><T71/><D71/><U58/><E80/><V54/><F3/><W89/><G89/><T102/><D106/><U81/><E81/><V70/><F70/><W2/><G134/><T116/><N who="0" m="29696" /><DORA hai="15" /><T75/><D120/><U127/><E0/><V101/><F128/><W99/><G99/><T126/><D129/><U40/><E40/><V6/><F6/><W1/><G1/><T92/><D126/><N who="1" m="48171" /><E100/><N who="0" m="38441" /><D47/><U62/><E107/><V46/><F46/><W53/><AGARI ba="6,1" hai="2,5,8,27,28,35,53,56,59,60,63,66,77,79" machi="53" ten="20,1500,0" yaku="0,1,7,1" doraHai="96,15" who="3" fromWho="3" sc="24,-10,143,-10,317,-13,506,43" /><INIT seed="7,0,0,0,0,110" ten="14,133,304,549" oya="3" hai0="54,129,81,16,60,105,83,80,103,111,99,22,43" hai1="128,7,18,98,17,94,120,122,53,26,125,13,74" hai2="112,1,11,45,121,135,30,118,107,123,115,90,52" hai3="4,42,69,5,34,57,3,134,92,28,10,79,89"/><W71/><G57/><T84/><D111/><U91/><E74/><V0/><F90/><W101/><G89/><T109/><D109/><U41/><E7/><V113/><F107/><W100/><G10/><T124/><D129/><U88/><E41/><V44/><F118/><W114/><G28/><T49/><D124/><U119/><E119/><V31/><F135/><W56/><G114/><T72/><D72/><U63/><E91/><V58/><F31/><W132/><G56/><T6/><D6/><U61/><E61/><V97/><F97/><W86/><G86/><T73/><D73/><U130/><E18/><V48/><F11/><W77/><G92/><T59/><D43/><U47/><E26/><V95/><F95/><W35/><G42/><T70/><D70/><U38/><E38/><V75/><F30/><W40/><G40/><T51/><D105/><U37/><E37/><V85/><F85/><W78/><G78/><T2/><D2/><AGARI ba="0,0" hai="2,3,4,5,34,35,69,71,77,79,100,101,132,134" machi="2" ten="25,2400,0" yaku="22,2" doraHai="110" who="3" fromWho="0" sc="14,-24,133,0,304,0,549,24" owari="-10,-51.0,133,-26.7,304,10.4,573,67.3" /></mjloggm>