<mjloggm ver="2.3"><GO type="169" lobby="0"/><UN n0="%2D%E8%B1%8A%E5%8F%A3%E3%82%81%E3%81%90%E3%81%BF%2D" n1="%E4%BA%8C%E6%8A%9E%E4%BA%BA" n2="%6B%61%77%61%69%31%32" n3="%E8%A1%A8%E7%A4%BA%E4%BE%A1%E6%A0%BC%E3%82%88%E3%82%8A%E5%8D%8A%E9%A1%8D" dan="17,16,16,16" rate="2180.66,2075.28,2087.91,2090.42" sx="F,F,M,M"/><TAIKYOKU oya="0"/><INIT seed="0,0,0,2,1,49" ten="250,250,250,250" oya="0" hai0="79,116,70,88,121,32,6,22,61,135,74,76,71" hai1="125,64,41,104,29,68,46,57,11,13,90,127,106" hai2="20,63,62,33,60,105,14,111,103,129,80,39,131" hai3="99,134,81,85,9,101,133,109,102,122,55,31,100"/><T112/><D112/><U4/><E68/><V50/><F39/><W18/><G122/><T78/><D116/><U27/><E90/><V3/><F3/><W91/><G31/><T130/><D121/><U7/><E7/><V56/><F33/><W45/><G109/><T84/><D32/><U40/><E40/><V53/><F111/><W43/><G99/><T92/><D135/><N who="3" m="51721" /><G102/><T21/><D130/><N who="2" m="49674" /><F80/><W52/><G100/><T54/><D6/><U107/><E64/><V36/><F36/><N who="3" m="21735" /><G101/><T16/><D21/><U37/><REACH who="1" step="1"/><E57/><REACH who="1" ten="250,240,250,250" step="2"/><V48/><F103/><W66/><G66/><T95/><D95/><U108/><E108/><V119/><F119/><W93/><G93/><T87/><D74/><U110/><E110/><V124/><F105/><W15/><AGARI ba="0,1" hai="9,15,18,52,55,81,85,91" m="21735,51721" machi="15" ten="30,7900,0" yaku="20,1,52,2,54,1" doraHai="49" who="3" fromWho="3" sc="250,-39,240,-20,250,-20,250,89" /><INIT seed="1,0,0,2,1,27" ten="211,220,230,339" oya="1" hai0="43,45,90,53,14,8,20,120,100,61,131,64,68" hai1="112,73,81,95,96,129,66,34,105,10,114,77,123" hai2="60,102,89,33,86,132,31,70,135,107,91,79,98" hai3="118,124,121,97,94,78,75,119,92,35,122,30,111"/><U67/><E123/><N who="3" m="47114" /><G35/><T82/><D120/><U16/><E129/><V84/><F79/><W126/><G111/><T12/><D131/><U11/><E105/><V93/><F86/><W28/><G78/><T56/><D100/><U36/><E36/><V128/><F91/><W76/><G76/><T21/><D14/><U133/><E34/><V9/><F9/><W1/><G1/><T58/><D90/><U25/><E133/><V50/><F50/><W39/><G39/><T19/><D82/><U41/><E41/><V116/><F116/><N who="3" m="44587" /><G75/><T59/><REACH who="0" step="1"/><D53/><REACH who="0" ten="201,220,230,339" step="2"/><U125/><E114/><V62/><F128/><W88/><G94/><T47/><D47/><U24/><E112/><V57/><F102/><W29/><AGARI ba="0,1" hai="28,29,30,88,92,97,124,126" m="44587,47114" machi="29" ten="40,8000,1" yaku="12,1,52,3,54,1" doraHai="27" who="3" fromWho="3" sc="201,-20,220,-40,230,-20,339,90" /><INIT seed="2,0,0,2,1,58" ten="181,180,210,429" oya="2" hai0="81,36,29,82,11,95,34,76,70,135,20,105,40" hai1="46,124,87,68,62,103,97,1,66,18,8,5,89" hai2="24,84,130,119,27,28,48,107,80,26,114,39,57" hai3="47,129,121,44,21,60,9,120,99,122,128,77,12"/><V91/><F119/><W100/><G77/><T94/><D105/><U52/><E124/><V74/><F114/><W75/><G21/><T116/><D34/><U115/><E115/><V72/><F39/><W110/><G75/><T41/><D135/><U14/><E103/><V113/><F113/><W79/><G79/><T88/><D70/><U83/><E97/><V38/><F38/><W35/><G60/><T51/><D36/><U49/><REACH who="1" step="1"/><E1/><REACH who="1" ten="181,170,210,429" step="2"/><V93/><F130/><N who="3" m="50283" /><G35/><T4/><D116/><U123/><E123/><V17/><F107/><N who="3" m="63903" /><G110/><T65/><D76/><U13/><E13/><V33/><F26/><W133/><G133/><T63/><D88/><U16/><AGARI ba="0,1" hai="5,8,14,16,18,46,49,52,62,66,68,83,87,89" machi="16" ten="30,8000,1" yaku="1,1,0,1,52,1,54,2,53,0" doraHai="58" doraHaiUra="96" who="1" fromWho="1" sc="181,-20,170,90,210,-40,429,-20" /><INIT seed="3,0,0,0,0,114" ten="161,260,170,409" oya="3" hai0="13,25,74,41,96,115,12,4,85,19,28,61,9" hai1="59,126,42,131,134,72,38,87,84,66,30,127,63" hai2="78,86,58,35,102,64,33,98,116,99,49,20,111" hai3="55,121,45,31,51,73,22,47,29,132,135,56,44"/><W40/><G73/><T83/><D115/><U113/><E72/><V32/><F111/><W79/><G79/><T80/><D74/><U110/><E110/><V10/><F20/><W82/><G82/><T88/><D41/><U69/><E113/><V104/><F99/><W36/><G22/><T94/><D61/><U57/><E30/><V77/><F116/><W2/><G2/><T26/><D28/><U129/><E87/><V27/><F27/><W107/><G107/><T90/><REACH who="0" step="1"/><D83/><REACH who="0" ten="151,260,170,409" step="2"/><U6/><E63/><N who="2" m="38007" /><F35/><W106/><G31/><T91/><D91/><U120/><E42/><V39/><F33/><W101/><G29/><T108/><D108/><U14/><E120/><V81/><F32/><W71/><G121/><T95/><D95/><U130/><E130/><V65/><F81/><W133/><G71/><T5/><D5/><U109/><E6/><V103/><F78/><W11/><G106/><T70/><D70/><U46/><E69/><V68/><F77/><W75/><G75/><T125/><D125/><U8/><E126/><V118/><F68/><W1/><G101/><T60/><D60/><U24/><E127/><V15/><F103/><W67/><G67/><T122/><D122/><U17/><E66/><V92/><F65/><W62/><G62/><T16/><D16/><U7/><E17/><V97/><F92/><W112/><G112/><T23/><AGARI ba="0,1" hai="4,9,12,13,19,23,25,26,80,85,88,90,94,96" machi="23" ten="20,8000,1" yaku="1,1,0,1,7,1,8,1,54,1,53,0" doraHai="114" doraHaiUra="117" who="0" fromWho="0" sc="151,90,260,-20,170,-20,409,-40" /><INIT seed="4,0,0,0,5,99" ten="241,240,150,369" oya="0" hai0="62,4,127,18,90,55,53,113,89,83,133,20,92" hai1="37,49,79,135,68,70,131,72,96,112,130,15,0" hai2="125,118,50,48,104,32,109,39,54,108,31,42,80" hai3="94,122,12,107,60,34,82,43,36,59,102,78,19"/><T106/><D106/><U25/><E37/><V33/><F118/><W56/><G34/><T28/><D113/><U111/><E0/><V123/><F123/><W74/><G122/><T77/><D127/><U2/><E2/><V3/><F3/><W5/><G5/><T86/><D133/><U119/><E111/><V93/><F104/><W9/><G36/><T1/><D28/><U64/><E119/><V88/><F125/><W66/><G43/><T114/><D114/><U46/><E112/><V129/><F129/><W134/><G134/><T101/><D4/><U91/><E135/><V22/><F80/><W117/><G117/><T63/><D1/><U11/><E25/><V73/><F73/><W87/><G107/><T71/><D90/><U13/><E79/><V115/><F115/><W100/><G74/><T58/><D71/><U126/><E72/><V26/><F39/><W24/><G24/><T81/><D101/><N who="3" m="39017" /><G59/><N who="0" m="35183" /><D77/><U40/><E68/><V27/><F42/><W45/><G94/><T105/><D105/><U17/><E126/><V116/><F116/><W84/><G84/><T14/><AGARI ba="0,0" hai="14,18,20,55,58,63,81,83,86,89,92" m="35183" machi="14" ten="30,1500,0" yaku="8,1" doraHai="99" who="0" fromWho="0" sc="241,15,240,-5,150,-5,369,-5" /><INIT seed="4,1,0,3,1,58" ten="256,235,145,364" oya="0" hai0="12,133,6,59,15,79,74,120,85,22,77,38,39" hai1="102,126,118,42,4,123,66,0,33,86,68,46,73" hai2="31,101,54,20,91,83,119,103,125,90,96,49,8" hai3="34,127,62,71,36,52,113,84,47,93,9,45,35"/><T13/><D120/><U76/><E123/><V67/><F125/><W11/><G113/><T97/><D74/><U100/><E33/><V130/><F119/><W131/><G127/><T14/><D133/><U94/><E126/><V27/><F130/><W106/><G106/><T32/><D32/><U75/><E86/><V7/><F67/><W122/><G122/><T78/><D85/><U2/><E94/><V121/><F121/><W21/><G131/><T124/><D124/><U18/><E18/><V64/><F64/><W116/><G116/><T89/><D6/><U50/><E0/><V99/><F83/><W19/><G35/><T115/><D115/><U105/><E105/><V88/><F101/><W56/><G71/><T5/><D5/><U65/><E65/><V44/><REACH who="2" step="1"/><F103/><REACH who="2" ten="256,235,135,364" step="2"/><W112/><G112/><T28/><D89/><U63/><E118/><V81/><F81/><W108/><G108/><T3/><D79/><U40/><E76/><V51/><F51/><W104/><G36/><T16/><D39/><U98/><E102/><V26/><F26/><N who="3" m="14655" /><G104/><T61/><D38/><U17/><E100/><V53/><F53/><W110/><G110/><T57/><D78/><U10/><E66/><V70/><F70/><W72/><G72/><T111/><D77/><U95/><E68/><V117/><F117/><W82/><G82/><T60/><D111/><U55/><E75/><V132/><F132/><W37/><G37/><T43/><D61/><U48/><E63/><V128/><F128/><W23/><G62/><T92/><D60/><U114/><E73/><V24/><F24/><RYUUKYOKU ba="1,1" sc="256,-10,235,-10,135,30,364,-10" hai2="7,8,20,27,31,44,49,54,88,90,91,96,99" /><INIT seed="5,2,1,0,0,72" ten="246,225,165,354" oya="1" hai0="101,96,95,20,131,99,10,11,12,31,110,46,8" hai1="108,14,15,9,60,90,49,87,19,58,126,47,56" hai2="37,79,41,132,104,26,75,74,51,42,5,22,54" hai3="94,36,66,91,52,44,38,118,127,97,21,123,43"/><U13/><E126/><V89/><F104/><W116/><G123/><T35/><D110/><U6/><E108/><V115/><F132/><W57/><G127/><T106/><D131/><U40/><E60/><V61/><F61/><N who="3" m="36007" /><G66/><T34/><D46/><U76/><E76/><V32/><F32/><W17/><G44/><T59/><D59/><U50/><E50/><V117/><F117/><N who="3" m="45163" /><G43/><T102/><REACH who="0" step="1"/><D12/><AGARI ba="2,1" hai="12,17,21,36,38,91,94,97" m="45163,36007" machi="12" ten="30,2000,0" yaku="12,1,54,1" doraHai="72" who="3" fromWho="0" sc="246,-26,225,0,165,0,354,36" /><INIT seed="6,0,0,5,5,41" ten="220,225,165,390" oya="2" hai0="62,48,26,64,119,14,86,35,85,109,40,43,124" hai1="73,98,111,96,46,107,131,1,21,133,3,61,81" hai2="17,4,95,68,94,91,70,29,11,71,54,51,24" hai3="66,100,112,15,126,32,0,53,20,89,79,9,10"/><V47/><F17/><W103/><G32/><T115/><D109/><U82/><E111/><V127/><F127/><W30/><G66/><T44/><D124/><U7/><E107/><V108/><F108/><W69/><G69/><T57/><D115/><U113/><E61/><V8/><F4/><W114/><G79/><T135/><D135/><U101/><E7/><V99/><REACH who="2" step="1"/><F94/><REACH who="2" ten="220,225,155,390" step="2"/><W90/><G126/><T78/><D119/><U104/><E104/><V117/><F117/><W125/><G125/><T59/><D26/><U76/><E113/><V31/><F31/><W18/><G30/><T97/><D14/><U34/><E1/><V39/><F39/><W22/><G0/><T65/><D65/><U74/><E3/><V56/><F56/><W116/><G116/><T122/><D59/><U120/><E120/><V50/><F50/><W118/><G118/><T92/><D122/><U23/><E133/><V77/><F77/><W63/><G18/><T72/><D78/><U128/><E76/><V84/><F84/><W105/><G105/><T123/><D123/><U28/><E28/><V130/><F130/><W49/><G49/><T132/><D132/><U16/><E16/><V33/><AGARI ba="0,1" hai="8,11,24,29,33,47,51,54,68,70,71,91,95,99" machi="33" ten="30,11700,0" yaku="1,1,0,1,52,1,53,1" doraHai="41" doraHaiUra="27" who="2" fromWho="2" sc="220,-39,225,-39,155,127,390,-39" /><INIT seed="6,1,0,2,5,59" ten="181,186,282,351" oya="2" hai0="83,49,25,45,48,36,0,74,117,116,101,112,102" hai1="14,103,106,119,67,1,38,126,78,113,50,127,95" hai2="34,21,97,64,120,65,6,81,134,124,123,84,135" hai3="85,73,88,71,115,77,15,18,66,39,100,7,56"/><V53/><F34/><W91/><G71/><T60/><D0/><U3/><E38/><V10/><F21/><W11/><G39/><T114/><D36/><U72/><E106/><V98/><F53/><W86/><G100/><N who="0" m="38507" /><D25/><U92/><E119/><N who="0" m="45641" /><D74/><U30/><E30/><V111/><F124/><N who="1" m="47657" /><E113/><N who="0" m="43625" /><D83/><N who="1" m="45511" /><E103/><V46/><F81/><W12/><G73/><T80/><D80/><U51/><E1/><V82/><F82/><W105/><G77/><T23/><D23/><U108/><E3/><V33/><F33/><W61/><G115/><T9/><D9/><U76/><E76/><V118/><F10/><W122/><G105/><T4/><D4/><U70/><E14/><V2/><F6/><W26/><G26/><T79/><D79/><U63/><E108/><V128/><F2/><W57/><G7/><T40/><D49/><AGARI ba="1,0" hai="49,50,51,63,67,70,92,95" m="45511,47657" machi="49" ten="30,2000,0" yaku="18,1,52,1" doraHai="59" who="1" fromWho="0" sc="181,-23,186,23,282,0,351,0" /><INIT seed="7,0,0,5,2,14" ten="158,209,282,351" oya="3" hai0="56,109,106,46,87,37,27,21,58,59,63,125,26" hai1="2,119,130,66,33,16,81,38,118,19,61,121,107" hai2="115,42,75,67,111,3,11,47,49,95,53,28,108" hai3="60,90,57,45,70,65,117,116,52,64,50,85,110"/><W126/><G126/><T103/><D109/><U25/><E2/><V91/><F75/><W62/><G110/><T104/><D125/><U30/><E121/><V113/><F67/><W86/><G86/><T132/><D132/><U124/><E38/><V83/><F28/><W10/><G10/><T48/><D37/><U77/><E130/><V101/><F101/><W123/><G123/><T71/><D87/><N who="1" m="48559" /><E107/><V133/><F83/><AGARI ba="0,0" hai="45,50,52,57,60,62,64,65,70,83,85,90,116,117" machi="83" ten="30,2900,0" yaku="7,1,54,1" doraHai="14" who="3" fromWho="2" sc="158,0,209,0,282,-29,351,29" owari="158,-34.2,209,-19.1,253,5.3,380,48.0" /></mjloggm>