<mjloggm ver="2.3"><GO type="169" lobby="0"/><UN n0="%E5%85%A9%E5%84%80%E4%B8%B6%E5%BC%8F" n1="%E4%B9%9D%E7%B4%8B%E9%BE%8D%E5%8F%B2%E9%80%B2" n2="%E5%A4%A7%E6%A5%A0%E5%85%AC" n3="%64%69%76%61" dan="16,19,16,16" rate="2124.70,2297.56,2146.86,2057.00" sx="M,M,M,M"/><TAIKYOKU oya="0"/><INIT seed="0,0,0,5,0,14" ten="250,250,250,250" oya="0" hai0="96,64,92,91,35,52,30,131,50,124,122,18,79" hai1="93,38,121,108,83,75,4,97,120,43,39,132,37" hai2="73,117,95,44,45,102,126,103,57,118,49,22,19" hai3="58,9,85,106,77,84,3,127,71,135,53,107,47"/><T36/><D122/><U55/><E108/><V31/><F73/><W112/><G112/><T24/><D36/><U17/><E43/><V32/><F31/><W69/><G9/><T90/><D131/><U1/><E132/><V68/><F32/><W42/><G3/><T11/><D124/><U13/><E4/><V134/><F68/><W61/><G127/><T23/><D79/><U87/><E1/><V28/><F28/><W116/><G116/><N who="2" m="44649" /><F126/><W21/><G135/><T82/><D64/><U100/><E75/><V63/><F134/><W26/><G77/><T33/><D82/><U129/><E55/><N who="2" m="34239" /><F95/><W78/><G71/><T80/><D80/><U109/><E109/><V60/><F60/><W12/><G69/><T67/><D67/><U62/><E62/><V110/><F110/><W65/><G65/><T81/><D81/><U54/><E54/><N who="2" m="29991" /><F45/><W89/><G78/><T76/><D76/><U113/><E129/><V25/><AGARI ba="0,0" hai="19,22,25,102,103" m="29991,34239,44649" machi="25" ten="30,2000,0" yaku="12,1,52,1" doraHai="14" who="2" fromWho="2" sc="250,-10,250,-5,250,20,250,-5" /><INIT seed="1,0,0,2,2,52" ten="240,245,270,245" oya="1" hai0="104,70,5,125,76,23,130,65,59,22,121,108,33" hai1="29,41,109,132,13,116,93,18,56,11,12,32,35" hai2="131,134,87,128,81,107,103,75,101,27,3,71,83" hai3="78,91,114,67,49,122,14,4,8,58,88,66,19"/><U95/><E116/><V44/><F3/><W135/><G122/><T80/><D104/><U123/><E123/><V55/><F71/><W30/><G30/><T74/><D33/><U124/><E132/><V28/><F134/><W60/><G135/><T84/><D121/><U64/><E124/><V16/><F75/><W40/><G114/><T102/><D125/><U72/><E72/><V86/><F107/><W31/><G31/><T99/><D108/><U97/><E41/><V43/><F55/><W69/><G78/><T25/><D130/><N who="2" m="49706" /><F86/><W2/><G69/><T90/><D5/><U10/><E109/><V1/><F1/><W100/><G100/><N who="2" m="38473" /><F87/><W110/><G110/><T117/><D117/><U42/><E42/><V46/><F16/><W96/><G96/><T105/><D25/><U47/><E47/><N who="2" m="17963" /><F43/><W73/><G73/><T129/><D70/><U17/><E97/><V77/><F77/><W61/><G40/><T26/><D26/><U37/><E29/><V85/><F85/><W20/><G67/><T6/><D6/><U21/><E37/><V68/><F68/><W79/><G79/><T106/><D105/><U92/><REACH who="1" step="1"/><E21/><AGARI ba="0,0" hai="21,27,28,81,83" m="17963,38473,49706" machi="21" ten="30,1000,0" yaku="19,1" doraHai="52" who="2" fromWho="1" sc="240,0,245,-10,270,10,245,0" /><INIT seed="2,0,0,0,1,41" ten="240,235,280,245" oya="2" hai0="11,15,122,125,68,0,9,80,53,63,96,19,18" hai1="116,55,129,45,95,47,8,72,54,61,102,112,114" hai2="56,2,29,37,100,109,124,6,130,3,123,7,10" hai3="43,46,76,118,79,67,119,126,65,131,92,78,49"/><V33/><F123/><W31/><G131/><T87/><D122/><U57/><E72/><V117/><F117/><W121/><G121/><T13/><D125/><U104/><E104/><V93/><F124/><W48/><G126/><T35/><D0/><U106/><E106/><V111/><F130/><W82/><G82/><T64/><D35/><U74/><E74/><V24/><F37/><W1/><G1/><T17/><D17/><U85/><E116/><V97/><REACH who="2" step="1"/><F56/><REACH who="2" ten="240,235,270,245" step="2"/><W40/><G119/><T84/><D96/><N who="1" m="59679" /><E129/><V22/><F22/><W28/><G118/><T23/><D23/><U81/><E114/><V105/><F105/><W50/><G28/><T20/><D20/><U132/><E112/><V77/><F77/><W66/><G31/><T128/><D128/><U108/><E132/><V21/><F21/><W133/><G133/><T34/><D34/><U127/><E127/><V86/><F86/><W103/><REACH who="3" step="1"/><G40/><REACH who="3" ten="240,235,270,235" step="2"/><T14/><D14/><U4/><E108/><V98/><F98/><AGARI ba="0,2" hai="43,46,48,49,50,65,66,67,76,78,79,92,98,103" machi="98" ten="40,12000,2" yaku="1,1,2,1,8,1,52,1,53,3" doraHai="41" doraHaiUra="75" who="3" fromWho="2" sc="240,0,235,0,270,-120,235,140" /><INIT seed="3,0,0,2,5,67" ten="240,235,150,375" oya="3" hai0="126,13,7,32,108,51,122,0,58,37,18,49,65" hai1="95,39,119,72,17,61,77,45,54,113,109,85,59" hai2="4,76,11,114,8,96,124,20,33,19,62,73,69" hai3="52,104,21,26,129,93,22,117,3,123,131,127,35"/><W116/><G104/><T91/><D122/><U46/><E113/><V115/><F33/><W48/><G123/><T118/><D37/><U121/><E121/><V107/><F124/><W120/><G120/><T86/><D118/><U63/><E109/><V87/><F73/><W12/><G127/><T74/><D32/><U82/><E119/><V9/><F4/><W43/><G43/><T128/><D74/><U50/><E39/><V10/><N who="2" m="2048" /><DORA hai="24" /><V56/><F76/><W134/><G134/><T135/><D128/><N who="3" m="49225" /><G3/><T30/><D7/><U38/><E17/><V98/><F87/><W132/><G132/><T92/><D0/><U105/><E105/><V97/><F107/><W66/><G66/><T84/><D108/><U130/><E130/><V78/><F78/><W34/><G34/><T80/><D135/><U71/><E38/><V5/><F5/><W110/><G110/><T41/><D65/><U60/><E71/><V28/><F69/><W27/><G35/><T14/><D41/><U16/><E72/><V75/><F75/><W81/><G12/><T64/><D13/><U25/><REACH who="1" step="1"/><E95/><REACH who="1" ten="240,225,150,375" step="2"/><V47/><F19/><N who="3" m="12607" /><G93/><T90/><D126/><U79/><E79/><V102/><F115/><W100/><G81/><T57/><D80/><U23/><AGARI ba="0,1" hai="16,23,25,45,46,50,54,59,60,61,63,77,82,85" machi="23" ten="30,7900,0" yaku="1,1,0,1,8,1,54,1,53,0" doraHai="67,24" doraHaiUra="89,99" who="1" fromWho="1" sc="240,-20,225,89,150,-20,375,-39" /><INIT seed="4,0,0,2,2,1" ten="220,314,130,336" oya="0" hai0="86,75,30,126,123,7,27,12,21,42,112,129,2" hai1="105,128,43,22,110,119,92,37,74,34,124,0,108" hai2="8,98,36,116,64,103,45,53,104,99,58,26,113" hai3="13,90,15,114,55,122,44,106,70,117,89,61,29"/><T28/><D75/><U9/><RYUUKYOKU type="yao9" ba="0,0" sc="220,0,314,0,130,0,336,0" hai1="0,9,22,34,37,43,74,92,105,108,110,119,124,128" /><INIT seed="4,1,0,1,3,52" ten="220,314,130,336" oya="0" hai0="42,75,60,85,82,58,83,46,116,81,121,135,107" hai1="41,14,22,92,13,110,62,12,16,7,18,15,30" hai2="1,5,43,57,132,28,133,98,69,39,124,90,26" hai3="99,67,27,88,130,93,86,65,36,103,78,95,119"/><T105/><D116/><U20/><E41/><V51/><F124/><W55/><G119/><T76/><D121/><U74/><E74/><V29/><F69/><W23/><G130/><T97/><D135/><U91/><E110/><V87/><F98/><W21/><G36/><T108/><D108/><U117/><E117/><V134/><F39/><W44/><G78/><T25/><D25/><U47/><E47/><V38/><F38/><W8/><G8/><T129/><D129/><U73/><E73/><V120/><F120/><W113/><G113/><T96/><D107/><U54/><E30/><V49/><F43/><W115/><G115/><T33/><D33/><U10/><E54/><N who="2" m="31951" /><F51/><N who="3" m="29159" /><G21/><T72/><D105/><U9/><E62/><V71/><F71/><W34/><G34/><T106/><D106/><U3/><REACH who="1" step="1"/><E10/><REACH who="1" ten="220,304,130,336" step="2"/><N who="2" m="2351" /><F26/><W35/><G35/><T123/><D123/><U80/><E80/><AGARI ba="1,1" hai="28,29,80,87,90,132,133,134" m="2351,31951" machi="80" ten="30,2000,0" yaku="20,1,52,1" doraHai="52" who="2" fromWho="1" sc="220,0,304,-23,130,33,336,0" /><INIT seed="5,0,0,2,2,113" ten="220,281,163,336" oya="1" hai0="11,84,42,126,46,6,47,60,95,114,19,10,115" hai1="9,55,133,76,77,62,59,13,52,71,127,23,74" hai2="20,103,21,35,120,88,134,39,4,48,44,125,40" hai3="56,3,54,22,118,50,119,132,67,121,129,26,29"/><U2/><E133/><V12/><F35/><W31/><G132/><T36/><D126/><U123/><E123/><V105/><F134/><W89/><G121/><T116/><D116/><N who="3" m="44585" /><G3/><T18/><D60/><U131/><E127/><V82/><F120/><W27/><G129/><T14/><D47/><U32/><E32/><V38/><F125/><W80/><G89/><T130/><D130/><U87/><E74/><V75/><F38/><W108/><G108/><T51/><D36/><U43/><E43/><V57/><F105/><W102/><G80/><T33/><D33/><U28/><E71/><V24/><F103/><W97/><G67/><T100/><D115/><U69/><E69/><V81/><F75/><W68/><G68/><T63/><D114/><U1/><E1/><V83/><F39/><W91/><G91/><T8/><D100/><U65/><E2/><V45/><F88/><W94/><G26/><T34/><D34/><U117/><E131/><V106/><F106/><W15/><G15/><T0/><D0/><U17/><E117/><V64/><F24/><W135/><G135/><T79/><D14/><U78/><E87/><V30/><F81/><W86/><G86/><T25/><D84/><U128/><E128/><V53/><F82/><W5/><G5/><T98/><D25/><AGARI ba="0,0" hai="9,13,17,23,25,28,52,55,59,62,65,76,77,78" machi="25" ten="40,3900,0" yaku="8,1,54,1" doraHai="113" who="1" fromWho="0" sc="220,-39,281,39,163,0,336,0" /><INIT seed="5,1,0,3,0,69" ten="181,320,163,336" oya="1" hai0="110,109,81,94,130,105,128,95,33,47,20,48,125" hai1="91,23,76,3,19,115,119,78,87,63,118,113,108" hai2="42,8,24,61,7,49,67,12,53,66,102,126,72" hai3="96,0,2,65,70,134,88,117,135,82,31,4,83"/><U77/><E3/><V34/><F126/><W80/><G117/><N who="1" m="44554" /><E19/><V39/><F72/><W52/><G31/><T29/><D33/><U6/><E6/><V21/><F34/><W75/><G75/><T92/><D29/><U120/><E23/><V111/><F111/><N who="0" m="42506" /><D20/><U41/><E63/><V62/><F102/><W59/><G65/><T14/><D14/><U101/><E41/><V54/><F42/><W106/><G70/><T90/><D48/><U104/><E108/><V1/><F1/><W73/><G73/><T44/><D105/><U89/><E120/><V98/><F98/><W26/><G26/><T5/><D5/><U51/><E51/><V17/><F39/><W131/><G4/><T38/><D125/><U10/><E10/><V15/><F24/><W60/><G106/><T84/><D38/><U40/><E40/><V85/><F85/><W112/><G2/><T56/><D56/><U64/><E64/><N who="2" m="24619" /><F54/><W58/><G58/><AGARI ba="1,0" hai="7,8,12,15,17,21,49,53,58,61,62" m="24619" machi="58" ten="30,1000,0" yaku="8,1" doraHai="69" who="2" fromWho="3" sc="181,0,320,0,163,13,336,-13" /><INIT seed="6,0,0,1,1,134" ten="181,320,176,323" oya="2" hai0="115,30,87,107,88,3,98,76,128,11,75,25,91" hai1="62,47,127,14,99,120,50,5,73,77,90,112,70" hai2="41,8,58,113,83,110,79,71,117,85,82,45,1" hai3="95,37,122,103,0,22,131,105,32,133,43,23,34"/><V104/><F71/><W94/><G122/><T92/><D115/><U16/><E112/><V65/><F117/><W53/><G133/><T15/><D128/><U100/><E120/><V55/><F113/><W67/><G0/><T40/><D40/><U64/><E127/><V84/><F104/><W21/><G67/><T12/><D107/><U86/><E73/><V24/><F65/><W80/><G131/><T10/><D75/><U102/><E5/><V7/><F24/><W121/><G121/><T72/><D72/><U44/><E77/><V6/><F6/><W9/><G9/><T17/><D76/><U124/><E124/><V81/><F110/><W61/><G43/><T48/><D48/><U129/><E99/><V4/><F4/><W108/><G37/><T49/><D49/><U51/><E51/><V93/><F93/><W130/><G130/><T39/><D3/><U63/><E63/><V68/><F68/><W19/><G80/><T27/><D30/><U125/><E125/><V35/><F35/><N who="3" m="13355" /><G105/><T33/><D33/><U78/><E78/><V31/><F31/><W56/><G103/><T74/><D74/><U60/><E60/><V42/><F42/><W126/><G126/><T26/><D39/><U66/><E66/><V106/><F106/><W38/><G38/><T114/><D114/><U118/><E129/><V28/><F28/><W36/><G108/><T123/><D123/><U13/><E70/><V54/><F58/><W109/><G109/><T57/><D57/><U29/><E29/><V135/><F135/><W20/><G36/><T2/><D2/><RYUUKYOKU ba="0,0" sc="181,-10,320,-10,176,-10,323,30" hai3="19,20,21,22,23,53,56,61,94,95" /><INIT seed="7,1,0,1,0,21" ten="171,310,166,353" oya="3" hai0="61,35,82,36,106,24,128,66,112,58,111,91,73" hai1="109,110,87,13,23,44,96,0,52,97,65,78,92" hai2="60,126,127,124,98,107,34,117,74,104,101,70,94" hai3="29,76,16,32,103,99,102,93,11,51,49,90,119"/><W46/><G119/><T26/><D111/><U134/><E0/><V113/><F117/><W75/><G75/><T77/><D106/><U84/><E65/><N who="2" m="41255" /><F113/><W30/><G76/><T10/><D112/><U135/><E13/><V48/><F34/><W15/><G32/><T3/><D128/><U1/><E1/><V83/><F48/><N who="3" m="18507" /><G46/><T25/><D36/><U67/><E67/><V89/><F89/><W54/><G54/><T114/><D114/><U43/><E52/><V81/><F81/><W42/><G42/><T12/><D3/><U68/><E68/><V64/><F64/><W50/><G50/><T55/><D91/><N who="1" m="53351" /><E23/><V100/><F100/><AGARI ba="1,0" hai="11,15,16,29,30,90,93,99,100,102,103" m="18507" machi="100" ten="30,2900,0" yaku="8,1,54,1" doraHai="21" who="3" fromWho="2" sc="171,0,310,0,166,-32,353,32" owari="171,-22.9,310,11.0,134,-36.6,385,48.5" /></mjloggm>