<mjloggm ver="2.3"><GO type="169" lobby="0"/><UN n0="%E4%B8%96%E7%95%8C%E5%B9%B3%E5%92%8C" n1="%E5%B0%8F%E8%B1%86%E6%A2%93" n2="%E3%81%B1%E3%82%93%E3%81%AA%E3%81%93%E3%81%BE%E3%81%A3%E3%81%9F" n3="%E7%8C%AA%E7%8B%A9%E5%AE%88" dan="16,17,17,17" rate="2167.53,2202.96,2188.55,2178.69" sx="M,F,M,M"/><TAIKYOKU oya="0"/><INIT seed="0,0,0,1,3,132" ten="250,250,250,250" oya="0" hai0="94,113,75,125,59,90,28,26,10,43,57,96,39" hai1="51,108,1,17,126,29,77,118,87,68,25,89,46" hai2="54,0,127,105,31,88,2,131,85,53,12,16,93" hai3="130,21,119,135,134,20,66,6,72,79,104,56,34"/><T35/><D113/><U71/><E118/><V70/><F105/><W61/><G104/><T111/><D75/><U67/><E108/><V13/><F131/><W117/><G34/><T41/><D111/><U58/><E1/><V123/><F123/><W23/><G130/><T45/><D43/><U22/><E77/><V86/><F70/><W121/><G121/><T55/><D10/><U124/><E58/><V115/><F115/><W60/><G6/><T107/><D107/><U30/><E68/><V74/><F74/><W76/><G72/><T69/><D69/><U38/><E38/><V24/><F127/><N who="1" m="48681" /><E67/><V49/><F2/><W14/><G56/><T33/><D125/><U65/><E65/><V50/><F0/><W3/><G3/><T40/><D40/><N who="1" m="25031" /><E71/><V99/><F50/><W114/><G66/><T122/><D122/><U98/><E98/><V48/><F49/><W78/><G14/><T112/><D112/><U110/><E110/><V133/><F54/><W64/><G64/><T18/><D57/><U8/><E8/><V27/><F53/><W97/><G97/><T5/><D55/><U83/><AGARI ba="0,0" hai="17,22,25,29,30,83,87,89" m="25031,48681" machi="83" ten="30,7900,0" yaku="18,1,52,3" doraHai="132" who="1" fromWho="1" sc="250,-39,250,79,250,-20,250,-20" /><INIT seed="1,0,0,0,0,23" ten="211,329,230,230" oya="1" hai0="50,82,126,24,1,131,87,57,65,68,89,92,63" hai1="6,25,30,60,78,53,117,86,134,33,66,43,51" hai2="84,130,35,88,48,56,106,2,105,96,121,76,75" hai3="0,61,39,94,100,5,93,10,46,99,115,3,36"/><U104/><E117/><V129/><F35/><W22/><G115/><T34/><D1/><U19/><E134/><V112/><F2/><W110/><G0/><T119/><D119/><U31/><E104/><N who="2" m="40043" /><F56/><W103/><G110/><T69/><D126/><U98/><E43/><V13/><F48/><W71/><G46/><T54/><D131/><N who="2" m="50186" /><F13/><W7/><G7/><T44/><REACH who="0" step="1"/><D92/><REACH who="0" ten="201,329,230,230" step="2"/><U90/><E6/><V20/><F112/><W80/><G94/><T14/><D14/><U113/><E113/><V67/><F121/><W41/><G93/><T91/><D91/><U128/><E128/><V135/><F135/><W125/><G125/><T27/><D27/><U85/><E90/><V8/><F88/><W4/><G3/><T52/><D52/><U102/><E25/><V83/><F96/><W40/><G99/><T109/><D109/><U123/><E98/><V74/><F67/><W72/><G41/><T28/><AGARI ba="0,1" hai="24,28,34,44,50,54,57,63,65,68,69,82,87,89" machi="28" ten="30,4000,0" yaku="1,1,0,1,52,1,53,0" doraHai="23" doraHaiUra="124" who="0" fromWho="0" sc="201,50,329,-20,230,-10,230,-10" /><INIT seed="2,0,0,4,1,42" ten="251,309,220,220" oya="2" hai0="77,52,80,135,51,0,31,125,120,118,33,24,45" hai1="58,49,44,40,26,7,69,133,121,2,46,43,59" hai2="101,1,38,71,66,130,88,89,99,97,109,25,67" hai3="78,112,15,79,60,72,111,95,34,62,65,22,98"/><V14/><F1/><W134/><G34/><T127/><D120/><U113/><E113/><V110/><F38/><W114/><G111/><N who="2" m="42505" /><F130/><W53/><G134/><T9/><D135/><U47/><E133/><V129/><F129/><W100/><G60/><T4/><REACH who="0" step="1"/><D118/><REACH who="0" ten="241,309,220,220" step="2"/><U36/><E121/><V20/><F71/><W126/><G114/><T64/><D64/><N who="2" m="24618" /><F14/><W50/><G112/><T91/><D91/><N who="2" m="34890" /><F101/><W96/><G100/><T68/><D68/><U6/><E69/><V10/><F10/><W82/><G65/><T103/><D103/><U93/><E2/><V124/><F124/><W35/><G126/><T123/><D123/><U87/><E36/><V3/><F3/><W32/><G15/><T21/><D21/><U76/><E26/><V117/><F117/><W37/><G22/><T18/><D18/><AGARI ba="0,1" hai="18,20,25,97,99" m="34890,24618,42505" machi="18" ten="30,5800,0" yaku="14,1,10,1,54,1" doraHai="42" who="2" fromWho="0" sc="241,-58,309,0,220,68,220,0" /><INIT seed="2,1,0,4,0,21" ten="183,309,288,220" oya="2" hai0="71,33,70,35,96,42,44,55,25,52,130,114,66" hai1="16,101,113,100,12,133,2,62,108,45,72,94,51" hai2="125,91,109,76,107,47,61,87,48,77,10,75,59" hai3="6,127,79,131,86,132,73,34,31,9,37,63,46"/><V15/><F107/><W40/><G131/><T68/><D114/><U104/><E104/><V58/><F75/><W81/><G127/><T4/><D130/><U129/><E2/><V53/><F125/><W17/><G132/><T93/><D66/><U135/><E129/><V54/><F59/><W64/><G17/><T115/><D4/><U36/><E36/><V121/><F109/><W30/><G86/><T82/><D82/><U38/><E38/><V65/><F65/><W90/><G90/><T67/><D67/><U11/><E72/><V128/><F121/><W117/><G117/><T41/><D115/><U69/><E113/><V110/><F110/><W116/><G34/><T56/><D44/><U124/><E124/><V57/><F57/><W84/><G84/><T19/><D19/><U0/><E0/><V102/><F102/><W39/><G39/><T50/><D55/><N who="1" m="30191" /><E108/><V8/><F128/><W20/><G20/><T92/><D92/><U99/><E62/><V83/><REACH who="2" step="1"/><F10/><REACH who="2" ten="183,309,278,220" step="2"/><W14/><G116/><T89/><REACH who="0" step="1"/><D35/><REACH who="0" ten="173,309,278,220" step="2"/><U85/><E11/><V24/><F24/><W43/><REACH who="3" step="1"/><G43/><REACH who="3" ten="173,309,278,210" step="2"/><T98/><D98/><U28/><E99/><V126/><F126/><W112/><G112/><T105/><D105/><U1/><E135/><V7/><AGARI ba="1,3" hai="7,8,15,47,48,53,54,58,61,76,77,83,87,91" machi="7" ten="20,18000,2" yaku="1,1,0,1,7,1,8,1,53,2" doraHai="21" doraHaiUra="49" who="2" fromWho="2" sc="173,-61,309,-61,278,213,210,-61" /><INIT seed="2,2,0,2,2,0" ten="112,248,491,149" oya="2" hai0="86,88,129,50,18,79,28,24,40,48,47,133,122" hai1="63,108,85,27,26,46,99,135,44,37,30,59,42" hai2="104,23,123,82,92,62,80,89,100,7,9,17,98" hai3="45,120,134,54,130,34,73,70,65,90,109,36,132"/><V13/><F123/><W11/><G120/><T75/><D122/><U39/><E108/><V15/><REACH who="2" step="1"/><F62/><REACH who="2" ten="112,248,481,149" step="2"/><W43/><G109/><T16/><D129/><U84/><E63/><V69/><F69/><W95/><G130/><T53/><D133/><U1/><E135/><V97/><AGARI ba="2,1" hai="7,9,13,15,17,23,80,82,89,92,97,98,100,104" machi="97" ten="20,7800,0" yaku="1,1,0,1,7,1,52,1,53,0" doraHai="0" doraHaiUra="131" who="2" fromWho="2" sc="112,-28,248,-28,481,94,149,-28" /><INIT seed="2,3,0,4,1,21" ten="84,220,575,121" oya="2" hai0="56,7,122,91,20,63,78,34,116,52,24,38,50" hai1="95,115,132,101,75,68,90,131,130,5,12,31,30" hai2="4,81,127,49,36,128,85,6,55,48,135,114,3" hai3="89,47,124,117,39,92,64,134,69,59,51,86,71"/><V98/><F114/><W72/><G117/><T76/><D122/><U83/><E115/><V67/><F36/><W37/><G72/><T35/><D116/><U108/><E68/><V15/><F127/><W118/><G118/><T53/><D38/><U57/><E108/><V60/><F128/><W109/><G109/><T45/><D7/><U33/><E132/><V102/><F135/><W103/><G124/><T32/><REACH who="0" step="1"/><D91/><REACH who="0" ten="74,220,575,121" step="2"/><U14/><E90/><V66/><F6/><W113/><G113/><T84/><D84/><U133/><E5/><V120/><F85/><W16/><G37/><T54/><D54/><U110/><E110/><V111/><F55/><W23/><G39/><T1/><D1/><U28/><E133/><V46/><F4/><W13/><G134/><T93/><D93/><U2/><E95/><V104/><F120/><W82/><G92/><T9/><D9/><U8/><E8/><V94/><F94/><W100/><G100/><T77/><D77/><U79/><E101/><V62/><F102/><W10/><G103/><T25/><D25/><U29/><E2/><V97/><F111/><W105/><G105/><T43/><D43/><U87/><E87/><V126/><F104/><W107/><G107/><T121/><D121/><U40/><E40/><V0/><F126/><W73/><G73/><T42/><D42/><U11/><E11/><V65/><F0/><W129/><G10/><T74/><D74/><U119/><E119/><V99/><F3/><W26/><G26/><T70/><D70/><U44/><E75/><V17/><F99/><W58/><G71/><RYUUKYOKU ba="3,1" sc="74,30,220,-10,575,-10,121,-10" hai0="20,24,32,34,35,45,50,52,53,56,63,76,78" /><INIT seed="3,4,1,2,0,26" ten="104,210,565,111" oya="3" hai0="109,21,2,79,20,9,33,17,97,60,135,1,22" hai1="42,7,28,69,24,14,13,81,59,54,23,37,95" hai2="56,130,71,80,50,89,5,85,32,45,27,43,99" hai3="120,51,98,46,125,4,35,123,118,48,74,6,16"/><W117/><G74/><T102/><D109/><U84/><E69/><V119/><F71/><W92/><G125/><T112/><D135/><U11/><E37/><V72/><F119/><W41/><G35/><T78/><D112/><U39/><E39/><V115/><F115/><W93/><G46/><T127/><D127/><U124/><E124/><V0/><F72/><W96/><REACH who="3" step="1"/><G16/><REACH who="3" ten="104,210,565,101" step="2"/><T67/><D33/><U53/><E42/><AGARI ba="4,2" hai="4,6,41,42,48,51,92,93,96,98,117,118,120,123" machi="42" ten="25,9600,0" yaku="1,1,2,1,22,2,53,0" doraHai="26" doraHaiUra="132" who="3" fromWho="1" sc="104,0,210,-108,565,0,101,128" /><INIT seed="3,5,0,3,3,1" ten="104,102,565,229" oya="3" hai0="30,104,35,15,93,55,125,21,44,26,121,113,52" hai1="88,74,37,36,38,78,96,51,80,47,18,70,42" hai2="117,84,48,123,46,41,59,60,54,126,119,62,66" hai3="129,9,130,19,58,109,108,127,128,99,112,32,116"/><W39/><G39/><T134/><D104/><U24/><E70/><V16/><F126/><W34/><G112/><T76/><D121/><U86/><E96/><V115/><F115/><W124/><G116/><T85/><D125/><N who="3" m="48201" /><G58/><T14/><D134/><U97/><E97/><V83/><F123/><W102/><G99/><T45/><D113/><U100/><E100/><V94/><F94/><W5/><G19/><T135/><D135/><U53/><E24/><V133/><F133/><W13/><G102/><T40/><D44/><U6/><E18/><V68/><F16/><W111/><AGARI ba="5,0" hai="5,9,13,32,34,108,109,111,128,129,130" m="48201" machi="111" ten="50,18000,2" yaku="14,1,10,1,19,1,18,1,34,2,52,1" doraHai="1" who="3" fromWho="3" sc="104,-65,102,-65,565,-65,229,195" /><INIT seed="3,6,0,5,3,13" ten="39,37,500,424" oya="3" hai0="74,105,15,0,19,63,133,52,85,107,80,122,99" hai1="91,24,119,79,11,73,77,97,88,27,28,39,62" hai2="8,109,37,72,108,53,112,35,42,123,104,30,114" hai3="67,81,93,4,23,60,69,103,66,86,29,54,59"/><W17/><G4/><T102/><D0/><U94/><E39/><V1/><F104/><W92/><G29/><T43/><D122/><U110/><E110/><N who="2" m="42603" /><F72/><W115/><G115/><T38/><D133/><U126/><E126/><V55/><F123/><W32/><G32/><T61/><D74/><U131/><E131/><V46/><F55/><W95/><G69/><T50/><D43/><U25/><E119/><V82/><F82/><W33/><G33/><T44/><D38/><U34/><E73/><V22/><F53/><W135/><G103/><T100/><D100/><U113/><E113/><V45/><F45/><W47/><G47/><T120/><D107/><U49/><E49/><V21/><F35/><W26/><REACH who="3" step="1"/><G135/><REACH who="3" ten="39,37,500,414" step="2"/><T41/><D120/><U51/><E28/><V3/><F30/><W58/><G58/><T36/><D36/><U116/><E34/><V83/><F3/><W132/><G132/><T75/><D41/><U124/><E116/><V7/><F114/><W98/><G98/><T18/><D99/><U9/><E124/><V31/><F112/><W14/><G14/><T106/><D102/><U6/><E6/><V117/><F31/><W71/><G71/><T2/><D15/><U127/><E127/><V84/><F117/><W56/><G56/><T76/><D44/><U10/><E62/><V5/><F7/><W89/><AGARI ba="6,1" hai="17,23,26,54,59,60,66,67,81,86,89,92,93,95" machi="89" ten="30,11700,0" yaku="1,1,0,1,8,1,52,1,53,0" doraHai="13" doraHaiUra="111" who="3" fromWho="3" sc="39,-45,37,-45,500,-45,414,145" owari="-6,-40.6,-8,-50.8,455,25.5,559,65.9" /></mjloggm>