<mjloggm ver="2.3"><GO type="169" lobby="0"/><UN n0="%E9%B7%BA%E5%AE%AE%E6%85%A7%E5%A4%AA" n1="%E3%82%AB%E3%82%B6%E3%83%A9%E3%82%AD" n2="%E3%80%8C%E3%82%AD%E3%82%BF%E3%80%8D" n3="%E3%81%95%E3%81%8D%E3%81%8A%E3%80%82" dan="16,17,16,16" rate="2123.67,2245.79,2039.47,2155.41" sx="M,M,M,M"/><TAIKYOKU oya="0"/><INIT seed="0,0,0,4,3,114" ten="250,250,250,250" oya="0" hai0="123,34,18,72,22,65,89,61,3,46,15,110,48" hai1="50,5,14,113,59,81,37,125,66,70,53,108,29" hai2="24,128,93,10,77,88,71,16,56,52,83,63,7" hai3="98,23,86,78,38,62,4,122,79,30,102,85,32"/><T120/><D72/><U134/><E108/><V130/><F71/><W133/><G38/><T20/><D34/><U119/><E113/><V27/><F130/><W117/><G117/><T76/><D76/><U94/><E134/><V21/><F27/><W107/><G4/><T68/><D110/><U74/><E29/><V104/><F104/><W75/><G23/><T112/><D112/><U115/><E115/><V0/><F128/><W132/><G62/><T33/><D33/><U43/><E94/><V9/><F9/><W19/><G19/><T116/><D116/><U92/><E92/><V2/><F2/><W36/><G36/><T57/><D3/><U101/><E101/><V91/><REACH who="2" step="1"/><F93/><REACH who="2" ten="250,250,240,250" step="2"/><W99/><G107/><T8/><D68/><U12/><E70/><V60/><F60/><W111/><G111/><T55/><D123/><U103/><E12/><V58/><F58/><W44/><G122/><T47/><D120/><U90/><E14/><V17/><F17/><W97/><G30/><T11/><D11/><U87/><E59/><V28/><F28/><W45/><G32/><T25/><D25/><U127/><E5/><V105/><F105/><W1/><G1/><T96/><D47/><U67/><E119/><V82/><F82/><W69/><G69/><T6/><D6/><U54/><E81/><V13/><F13/><W121/><G121/><T129/><D129/><U26/><E26/><V31/><F31/><W95/><G44/><T35/><D35/><U73/><E127/><V49/><F49/><W106/><G45/><T40/><D65/><U42/><E66/><RYUUKYOKU ba="0,1" sc="250,15,250,-15,240,15,250,-15" hai0="8,15,18,20,22,40,46,48,55,57,61,89,96" hai2="0,7,10,16,21,24,52,56,63,77,83,88,91" /><INIT seed="0,1,1,5,5,12" ten="265,235,255,235" oya="0" hai0="6,115,20,114,91,78,49,10,127,21,74,84,92" hai1="122,39,96,106,35,2,50,103,135,130,93,56,11" hai2="124,43,109,86,47,51,14,17,99,129,4,97,120" hai3="1,58,62,33,31,121,133,67,15,16,45,134,101"/><T38/><D38/><U131/><E39/><V119/><F120/><W111/><G121/><T41/><D127/><U29/><E122/><V32/><F32/><W26/><G111/><T126/><D126/><U100/><E29/><V105/><F124/><W30/><G30/><T89/><D114/><U0/><E35/><V65/><F109/><W110/><G110/><T55/><D41/><U34/><E34/><V42/><F42/><W102/><G45/><T44/><D115/><U94/><E135/><N who="3" m="51722" /><G1/><T59/><D44/><U125/><E125/><V36/><F4/><W81/><G81/><T69/><D69/><U64/><E106/><V132/><F129/><W37/><G37/><T75/><D74/><U46/><E56/><V82/><F119/><W8/><AGARI ba="1,1" hai="8,15,16,26,31,33,58,62,67,101,102" m="51722" machi="8" ten="30,4000,0" yaku="20,1,52,1,54,1" doraHai="12" who="3" fromWho="3" sc="265,-21,235,-11,255,-11,235,53" /><INIT seed="1,0,0,0,3,63" ten="244,224,244,288" oya="1" hai0="87,124,88,90,44,129,79,43,2,13,128,123,36" hai1="54,49,118,14,62,135,47,105,60,10,9,106,134" hai2="75,26,23,29,122,74,53,125,127,5,98,64,93" hai3="108,95,91,24,46,30,101,84,6,18,61,52,58"/><U80/><E118/><V3/><F122/><W114/><G108/><T82/><D2/><U41/><E9/><V132/><F3/><W109/><G109/><T25/><D123/><U21/><E21/><V51/><F5/><W17/><G114/><T33/><D124/><N who="2" m="47690" /><F132/><N who="1" m="50729" /><E80/><V119/><F119/><W20/><G6/><T38/><D38/><U96/><E96/><V42/><F42/><W100/><REACH who="3" step="1"/><G46/><REACH who="3" ten="244,224,244,278" step="2"/><T68/><D68/><U32/><E32/><V110/><F110/><W48/><G48/><T34/><D34/><U133/><E133/><V92/><F51/><W11/><G11/><T67/><D33/><U76/><E76/><V111/><F111/><W35/><G35/><T70/><D79/><U1/><E1/><V112/><F112/><W0/><G0/><T130/><D129/><U31/><E31/><V72/><F29/><W8/><G8/><T37/><D128/><U50/><E50/><V83/><F23/><W39/><G39/><T19/><D37/><U40/><E40/><V97/><F72/><W103/><AGARI ba="0,1" hai="17,18,20,24,30,52,58,61,84,91,95,100,101,103" machi="103" ten="30,8000,1" yaku="1,1,0,1,8,1,54,1,53,1" doraHai="63" doraHaiUra="56" who="3" fromWho="3" sc="244,-20,224,-40,244,-20,278,90" /><INIT seed="2,0,0,3,2,29" ten="224,184,224,368" oya="2" hai0="95,40,109,120,55,75,35,114,57,69,88,92,107" hai1="76,4,59,111,42,53,27,103,12,78,23,32,31" hai2="90,62,115,22,135,96,15,6,49,128,9,119,54" hai3="26,51,99,67,44,47,71,7,80,68,133,134,34"/><V37/><F115/><W24/><G7/><T50/><D120/><U25/><E111/><V132/><F119/><W91/><G80/><T28/><D114/><U52/><E42/><V70/><F37/><W83/><G83/><T19/><D109/><U60/><E103/><V74/><F74/><W104/><G91/><T125/><D107/><U48/><E12/><V105/><F22/><W123/><G123/><T5/><D69/><U77/><E4/><V81/><F128/><W113/><G113/><T85/><D75/><U10/><E10/><V41/><F105/><W56/><G56/><T121/><D121/><U3/><E3/><V46/><F96/><W127/><G127/><T20/><D125/><U0/><E0/><V110/><F110/><W106/><G51/><T102/><D5/><U33/><REACH who="1" step="1"/><E25/><REACH who="1" ten="224,174,224,368" step="2"/><V122/><F122/><W131/><G24/><T94/><D40/><U14/><E14/><V84/><F41/><W117/><G26/><T64/><D102/><U126/><E126/><V30/><F30/><W100/><G100/><T82/><D28/><U116/><E116/><V79/><F135/><W89/><G117/><T58/><D35/><U86/><E86/><V93/><F132/><W63/><G34/><T45/><D64/><U39/><E39/><V38/><F38/><W61/><G67/><T65/><D65/><U73/><E73/><V112/><F112/><W130/><G99/><T8/><D20/><U18/><E18/><V2/><F2/><W21/><G21/><T124/><D124/><U118/><E118/><V13/><F13/><AGARI ba="0,1" hai="8,13,19,45,50,55,57,58,82,85,88,92,94,95" machi="13" ten="40,8000,1" yaku="25,2,8,1,54,1" doraHai="29" who="0" fromWho="2" sc="224,90,174,0,224,-80,368,0" /><INIT seed="3,0,0,3,4,11" ten="314,174,144,368" oya="3" hai0="99,89,66,80,111,17,116,37,129,50,28,91,38" hai1="77,22,16,117,133,84,105,55,24,60,10,65,132" hai2="27,119,30,96,41,59,83,88,72,62,12,35,78" hai3="58,112,134,87,46,54,122,4,126,67,110,13,0"/><W57/><G112/><T94/><D116/><U6/><E105/><V45/><F119/><W31/><G122/><T128/><D111/><U23/><E55/><V71/><F71/><W115/><G0/><T39/><D66/><U40/><E40/><V127/><F127/><W76/><G115/><T113/><D113/><U95/><E117/><V48/><F96/><W29/><G134/><T69/><D69/><U120/><E120/><V131/><F131/><N who="0" m="50250" /><D28/><U15/><E23/><V100/><F100/><W42/><G126/><T21/><D50/><U36/><E36/><V101/><F101/><W47/><G67/><T32/><D32/><U2/><E2/><V75/><F75/><W8/><G110/><T63/><D63/><U114/><E114/><V14/><REACH who="2" step="1"/><F88/><REACH who="2" ten="314,174,134,368" step="2"/><W102/><G102/><N who="0" m="60791" /><D80/><U90/><REACH who="1" step="1"/><E77/><REACH who="1" ten="314,164,134,368" step="2"/><V34/><F34/><W9/><G76/><T109/><D109/><U33/><E33/><V52/><AGARI ba="0,2" hai="12,14,27,30,35,41,45,48,52,59,62,72,78,83" machi="52" ten="20,12000,2" yaku="1,1,0,1,7,1,52,2,54,1,53,0" doraHai="11" doraHaiUra="61" who="2" fromWho="2" sc="314,-30,164,-30,134,140,368,-60" /><INIT seed="4,0,0,2,5,0" ten="284,134,274,308" oya="0" hai0="95,15,110,42,82,113,41,38,40,129,45,31,89" hai1="43,131,48,36,58,63,77,49,44,69,50,46,128" hai2="115,51,83,94,30,85,72,79,2,19,111,92,34" hai3="118,5,114,120,4,47,67,11,27,91,18,61,105"/><T23/><D113/><U14/><E77/><V16/><F111/><W10/><G105/><T119/><D119/><U39/><E14/><V62/><F2/><W107/><G107/><T132/><D110/><U57/><E69/><V103/><F94/><W7/><G118/><T126/><D129/><U25/><E25/><V135/><F135/><W76/><G76/><T133/><D126/><U99/><E99/><V104/><F51/><W54/><G114/><T87/><D132/><U100/><E100/><V78/><F78/><W123/><G91/><T6/><D133/><U20/><E20/><V32/><F62/><W109/><G109/><T130/><D130/><N who="1" m="49707" /><E63/><V26/><F34/><W1/><G1/><T81/><D38/><U52/><E58/><V112/><F115/><W93/><G93/><T101/><D45/><U37/><E49/><V64/><F64/><W124/><G124/><T56/><D56/><U98/><E98/><N who="2" m="61559" /><F112/><W134/><G134/><T97/><D31/><U8/><E8/><V29/><F30/><W121/><G47/><T71/><D71/><U90/><E90/><AGARI ba="0,0" hai="16,19,26,29,32,72,79,83,85,90,92" m="61559" machi="90" ten="30,2000,0" yaku="24,1,54,1" doraHai="0" who="2" fromWho="1" sc="284,0,134,-20,274,20,308,0" /><INIT seed="5,0,0,3,3,90" ten="284,114,294,308" oya="1" hai0="115,81,55,44,93,1,86,131,80,14,30,35,127" hai1="84,25,18,99,110,29,91,16,89,130,128,48,42" hai2="68,92,133,52,65,118,123,27,21,57,24,28,20" hai3="120,75,105,64,49,135,34,78,2,63,106,103,76"/><U11/><E110/><V33/><F118/><W43/><G120/><T108/><D108/><U67/><E67/><V26/><F123/><W77/><G2/><T97/><D115/><U132/><E132/><V70/><F65/><W59/><G135/><T40/><D131/><N who="1" m="50219" /><E11/><V6/><F6/><W19/><G75/><T15/><D127/><U13/><E13/><V54/><F133/><W107/><G34/><T38/><D1/><U117/><E117/><V12/><F12/><W98/><G19/><N who="1" m="7210" /><E99/><V36/><F36/><W121/><G121/><T72/><D72/><U50/><E42/><V126/><F126/><W95/><G43/><T5/><D5/><U74/><E74/><V66/><F66/><W87/><REACH who="3" step="1"/><G49/><REACH who="3" ten="284,114,294,298" step="2"/><N who="1" m="19050" /><E84/><AGARI ba="0,1" hai="59,63,64,76,77,78,84,87,95,98,103,105,106,107" machi="84" ten="50,3200,0" yaku="1,1,52,1,53,0" doraHai="90" doraHaiUra="116" who="3" fromWho="1" sc="284,0,114,-32,294,0,298,42" /><INIT seed="6,0,0,1,1,6" ten="284,82,294,340" oya="2" hai0="46,135,122,34,64,123,11,82,108,35,101,83,127" hai1="129,44,65,103,121,62,53,97,60,79,27,48,93" hai2="0,73,30,115,20,55,51,29,99,40,80,98,57" hai3="21,32,105,76,102,22,13,41,61,49,31,12,110"/><V112/><F0/><W9/><G110/><T77/><D108/><U36/><E129/><V120/><F120/><W134/><G134/><T25/><D135/><U37/><E121/><V114/><F40/><W4/><G32/><T26/><D127/><U10/><E79/><V45/><F45/><W19/><G61/><T67/><D46/><U54/><E60/><V106/><F20/><W116/><G116/><T59/><D59/><U86/><E86/><V125/><F125/><W126/><G105/><T43/><D101/><U113/><E113/><V128/><F128/><W66/><G126/><T72/><D43/><U117/><E117/><V3/><F3/><W14/><G14/><T109/><D109/><U23/><E54/><V78/><F106/><W95/><G76/><T38/><D38/><U63/><E62/><V88/><F99/><N who="3" m="59775" /><G66/><T92/><D77/><U107/><E107/><V50/><F50/><W119/><G119/><T52/><D72/><U87/><E87/><V16/><F16/><W24/><G41/><T39/><D39/><U104/><E104/><V132/><F132/><W74/><G74/><T70/><D70/><U8/><E37/><V100/><F100/><W18/><G49/><T33/><D33/><U133/><E36/><V96/><F96/><W85/><G85/><T111/><D111/><U91/><E103/><V81/><F98/><W5/><AGARI ba="0,0" hai="4,5,9,12,13,18,19,21,22,24,31" m="59775" machi="5" ten="30,2000,0" yaku="8,1,52,1" doraHai="6" who="3" fromWho="3" sc="284,-5,82,-5,294,-10,340,20" /><INIT seed="7,0,0,1,1,132" ten="279,77,284,360" oya="3" hai0="105,44,128,29,18,49,76,134,40,71,52,80,86" hai1="23,11,5,19,122,47,126,33,119,10,124,97,98" hai2="13,110,21,54,75,56,68,64,104,32,30,9,60" hai3="95,108,131,111,130,101,42,57,51,87,2,117,99"/><W53/><G2/><T34/><D134/><U43/><E33/><V123/><F123/><W89/><G42/><T102/><D71/><U79/><E122/><V6/><F110/><N who="3" m="42027" /><G117/><T26/><D128/><U46/><E79/><V94/><F104/><AGARI ba="0,0" hai="51,53,57,87,89,95,99,101,104,130,131" m="42027" machi="104" ten="30,1500,0" yaku="10,1" doraHai="132" who="3" fromWho="2" sc="279,0,77,0,284,-15,360,15" owari="279,7.9,77,-42.3,269,-13.1,375,47.5" /></mjloggm>