<mjloggm ver="2.3"><GO type="169" lobby="0"/><UN n0="%E6%B7%B3%E5%AD%90%E3%81%A7%E3%81%99" n1="%61%73%61%64%61%31%32" n2="%E9%9B%AA%E3%81%AE%E8%8F%AF" n3="%E3%82%AB%E3%82%B6%E3%83%A9%E3%82%AD" dan="17,16,16,17" rate="2182.48,2198.92,2125.29,2199.93" sx="M,M,F,M"/><TAIKYOKU oya="0"/><INIT seed="0,0,0,0,2,39" ten="250,250,250,250" oya="0" hai0="113,133,117,74,72,8,125,131,17,50,41,122,100" hai1="29,98,134,129,104,103,27,12,15,97,89,116,24" hai2="126,108,23,69,56,66,78,121,48,102,43,80,120" hai3="77,1,20,5,21,128,130,35,45,73,119,2,63"/><T46/><D117/><U135/><E116/><V107/><F108/><W68/><G119/><T57/><D122/><U64/><E129/><N who="3" m="49770" /><G77/><T34/><D34/><U6/><E6/><V31/><F126/><W38/><G73/><T92/><D113/><U53/><E53/><V47/><F69/><W10/><G35/><T94/><D133/><N who="1" m="50699" /><E64/><V33/><F33/><W51/><G38/><T71/><D71/><U81/><E27/><V59/><F107/><W40/><G1/><T60/><D125/><U14/><E98/><V9/><F102/><W93/><G93/><T22/><D131/><U111/><E111/><V123/><F66/><AGARI ba="0,0" hai="2,5,10,20,21,40,45,51,63,66,68" m="49770" machi="66" ten="30,2000,0" yaku="19,1,52,1" doraHai="39" who="3" fromWho="2" sc="250,0,250,0,250,-20,250,20" /><INIT seed="1,0,0,1,3,127" ten="250,250,230,270" oya="1" hai0="126,61,34,101,88,29,105,62,85,134,95,65,109" hai1="36,40,11,30,82,99,17,79,4,46,110,96,48" hai2="71,60,114,68,130,107,41,44,33,24,122,13,86" hai3="131,98,25,5,27,54,132,58,63,67,84,97,51"/><U53/><E30/><V66/><F122/><W47/><G132/><T0/><D0/><U50/><E17/><V81/><F107/><W83/><G5/><T102/><D126/><U123/><E123/><V69/><F114/><W19/><G131/><T10/><D109/><U104/><E104/><V76/><F130/><W39/><G39/><T119/><D134/><U121/><E121/><V118/><F118/><W74/><G74/><T135/><D135/><U21/><E21/><V20/><F33/><W49/><G49/><T70/><D119/><U45/><E110/><V124/><F13/><W14/><G27/><T2/><D105/><U94/><E94/><V3/><F3/><W113/><G25/><T1/><D29/><U15/><E36/><V77/><F77/><W57/><G57/><T64/><D34/><U43/><REACH who="1" step="1"/><E53/><REACH who="1" ten="250,240,230,270" step="2"/><V78/><F124/><W115/><G115/><T42/><D10/><U111/><E111/><V31/><REACH who="2" step="1"/><F76/><REACH who="2" ten="250,240,220,270" step="2"/><N who="3" m="46183" /><G113/><T108/><D108/><U92/><E92/><V18/><F18/><W93/><G93/><T37/><D95/><U7/><E7/><V22/><F22/><AGARI ba="0,2" hai="14,19,22,47,51,54,58,63,67,97,98" m="46183" machi="22" ten="30,1000,0" yaku="8,1" doraHai="127" who="3" fromWho="2" sc="250,0,240,0,220,-10,270,30" /><INIT seed="2,0,0,2,3,86" ten="250,240,210,300" oya="2" hai0="12,134,87,30,63,45,59,26,78,107,4,105,65" hai1="72,8,77,74,56,15,126,102,58,93,24,88,101" hai2="38,68,122,50,97,39,132,115,124,70,90,44,52" hai3="66,36,98,67,43,32,28,69,92,84,94,71,123"/><V3/><F122/><W14/><G123/><T13/><D134/><U7/><E126/><V49/><F3/><W1/><G1/><T53/><D13/><U131/><E131/><V16/><F132/><W103/><G14/><T55/><D55/><U85/><E74/><V35/><F35/><W51/><G36/><T48/><D4/><U17/><E77/><V100/><F115/><W46/><G71/><T37/><D12/><U57/><E72/><V31/><F124/><W10/><G10/><T106/><D37/><U120/><E120/><V5/><F5/><W116/><G116/><T117/><D117/><U47/><E47/><V20/><F31/><W89/><REACH who="3" step="1"/><G69/><REACH who="3" ten="250,240,210,290" step="2"/><T112/><D112/><U110/><E110/><V81/><F68/><W121/><G121/><T41/><D78/><U21/><AGARI ba="0,1" hai="7,8,15,17,21,24,56,57,58,85,88,93,101,102" machi="21" ten="30,7900,0" yaku="0,1,8,1,52,1,54,1" doraHai="86" who="1" fromWho="1" sc="250,-20,240,89,210,-39,290,-20" /><INIT seed="3,0,0,4,0,63" ten="230,329,171,270" oya="3" hai0="127,75,105,67,16,49,47,131,111,28,73,106,81" hai1="59,5,95,117,15,113,52,89,121,102,118,56,54" hai2="74,41,72,22,10,86,11,115,34,57,12,129,45" hai3="83,3,66,43,31,55,37,130,76,42,128,125,64"/><W126/><G3/><T0/><D0/><U25/><E113/><V100/><F34/><W61/><G31/><T21/><D28/><U68/><E121/><V79/><F115/><W94/><G94/><T8/><D111/><U20/><E102/><V35/><F35/><W69/><G83/><T18/><D131/><N who="3" m="50217" /><G76/><T112/><D127/><N who="3" m="48649" /><G37/><T38/><D38/><U84/><E68/><V30/><F129/><W82/><G82/><T91/><D112/><U13/><E5/><V108/><F74/><W51/><G66/><T92/><D67/><U107/><E107/><V19/><F72/><W103/><G103/><T48/><D81/><U101/><E101/><V109/><F100/><W104/><G104/><T2/><D2/><U120/><E120/><V27/><F108/><W77/><G77/><T85/><D75/><U93/><E95/><V78/><F109/><W33/><G33/><T132/><D73/><U46/><E118/><V80/><F79/><W62/><G62/><T70/><D92/><U39/><E117/><V1/><F1/><W4/><G4/><T87/><D105/><U96/><E96/><V97/><F97/><W58/><AGARI ba="0,0" hai="42,43,51,55,58,61,64,69" m="48649,50217" machi="58" ten="30,12000,1" yaku="19,1,18,1,34,2,52,1" doraHai="63" who="3" fromWho="3" sc="230,-40,329,-40,171,-40,270,120" /><INIT seed="3,1,0,4,5,99" ten="190,289,131,390" oya="3" hai0="93,114,59,28,110,132,53,11,17,5,56,54,25" hai1="75,12,47,107,43,79,91,18,49,104,109,55,98" hai2="128,71,0,33,32,115,127,68,24,131,122,61,6" hai3="46,20,16,108,69,29,52,57,134,84,67,48,103"/><W116/><G116/><T40/><D110/><U21/><E75/><V92/><F115/><W126/><G108/><T30/><D132/><U63/><E79/><V77/><F122/><W62/><G134/><T65/><D40/><U76/><E76/><V42/><F77/><W74/><G74/><T70/><D65/><U15/><E109/><V105/><F105/><W89/><G126/><T90/><D70/><U14/><E104/><V37/><F92/><W1/><G1/><T86/><D17/><U95/><E107/><V129/><F127/><W125/><G125/><T102/><D102/><U124/><E124/><V83/><F83/><W13/><G29/><T117/><D114/><U106/><E106/><V135/><F135/><W121/><G121/><T85/><D85/><U88/><E91/><V22/><F42/><W10/><G103/><T111/><D25/><U118/><E118/><V101/><F101/><W8/><G69/><N who="2" m="26697" /><F61/><W78/><G78/><T119/><D111/><U81/><E81/><AGARI ba="1,0" hai="8,10,13,16,20,46,48,52,57,62,67,81,84,89" machi="81" ten="30,11600,0" yaku="7,1,8,1,54,2" doraHai="99" who="3" fromWho="1" sc="190,0,289,-119,131,0,390,119" /><INIT seed="3,2,0,1,2,40" ten="190,170,131,509" oya="3" hai0="6,99,61,106,18,93,35,66,29,62,50,88,91" hai1="120,124,71,70,85,92,11,5,21,119,107,127,17" hai2="95,51,8,82,121,19,100,114,12,116,105,34,125" hai3="122,26,69,25,56,41,130,96,58,55,54,57,60"/><W110/><G122/><T2/><D106/><U72/><E107/><V24/><F114/><W77/><G77/><T126/><D126/><N who="1" m="48171" /><E72/><V79/><F116/><W115/><G115/><T111/><D111/><U38/><E120/><V118/><F118/><W64/><G96/><T90/><D2/><N who="1" m="439" /><E38/><V3/><F125/><W101/><G101/><T52/><D6/><U1/><E1/><V128/><F128/><W103/><G103/><N who="0" m="60911" /><D29/><U74/><E74/><V131/><F121/><W46/><G25/><T49/><D49/><U78/><E119/><V135/><F131/><W48/><G130/><T39/><D35/><U15/><E92/><V117/><F117/><W13/><G26/><T123/><D39/><U84/><E78/><V87/><F105/><W67/><G13/><T28/><D28/><U132/><E132/><V73/><F135/><W22/><G22/><T31/><D31/><U20/><E21/><V80/><F3/><W42/><G110/><T76/><D76/><U83/><E83/><V37/><F37/><W0/><G0/><T59/><D123/><U133/><E133/><V129/><F129/><W16/><G67/><T27/><D66/><U89/><E89/><V63/><F34/><W32/><G32/><T86/><D86/><AGARI ba="2,0" hai="15,17,20,70,71,84,85,86" m="439,48171" machi="86" ten="30,1000,0" yaku="18,1" doraHai="40" who="1" fromWho="0" sc="190,-16,170,16,131,0,509,0" /><INIT seed="4,0,0,5,2,19" ten="174,186,131,509" oya="0" hai0="20,6,100,78,1,91,51,14,114,36,12,127,61" hai1="2,125,119,109,55,56,64,10,93,124,41,135,87" hai2="60,112,37,128,5,79,132,25,108,73,54,4,13" hai3="94,107,115,35,67,49,0,3,62,9,28,30,34"/><T103/><D36/><U39/><E119/><V126/><F108/><W7/><G94/><T121/><D1/><U89/><E109/><V57/><F112/><W69/><G49/><T40/><D121/><U122/><E122/><V85/><F128/><W77/><G77/><T98/><D114/><U29/><E135/><V53/><F132/><W44/><G44/><N who="0" m="25991" /><D127/><N who="1" m="48715" /><E64/><V120/><F37/><W118/><G118/><T33/><D33/><U59/><E29/><V22/><F120/><W88/><G0/><T82/><D6/><N who="1" m="1367" /><E55/><V83/><F126/><W52/><G107/><T97/><D61/><U117/><E117/><V101/><F13/><W38/><G38/><T24/><D12/><U104/><E104/><V90/><F54/><W31/><G115/><T48/><D48/><U65/><E65/><V75/><F101/><N who="0" m="38986" /><D78/><U72/><E72/><V21/><F75/><W113/><G113/><T71/><D14/><U68/><E68/><V84/><F73/><W130/><G35/><T58/><D58/><U76/><E76/><V26/><F5/><W96/><G34/><T32/><D32/><U11/><E11/><V123/><F4/><W23/><G69/><T50/><D50/><U110/><E110/><V47/><F47/><AGARI ba="0,0" hai="39,41,47,56,59,87,89,93" m="1367,48715" machi="47" ten="30,1000,0" yaku="18,1" doraHai="19" who="1" fromWho="2" sc="174,0,186,10,131,-10,509,0" /><INIT seed="5,0,0,5,3,24" ten="174,196,121,509" oya="1" hai0="74,59,64,3,110,108,112,129,4,94,29,78,6" hai1="87,66,121,88,34,103,15,35,43,45,124,23,92" hai2="81,75,97,131,26,27,19,99,48,111,65,117,30" hai3="71,72,133,0,127,33,25,130,95,96,53,1,54"/><U50/><E121/><V7/><F117/><W16/><G71/><T122/><D78/><U5/><E124/><V9/><F111/><W102/><G72/><T39/><D74/><U109/><E109/><V101/><F131/><W41/><G41/><T106/><D106/><U68/><E103/><V86/><F75/><W69/><G69/><T100/><D39/><U11/><REACH who="1" step="1"/><E23/><REACH who="1" ten="174,186,121,509" step="2"/><V42/><F101/><W36/><G127/><T113/><D100/><U40/><E40/><V116/><F42/><W134/><G102/><T128/><D122/><U125/><E125/><V63/><F116/><W56/><G130/><T82/><D108/><U17/><E17/><V32/><F19/><W98/><G16/><T90/><D110/><U104/><E104/><V73/><F9/><W135/><G135/><T10/><D128/><U18/><E18/><V120/><F120/><W123/><G123/><T119/><D119/><U52/><E52/><V85/><F7/><W83/><G54/><T61/><D4/><U49/><E49/><V91/><F48/><W37/><G53/><T21/><D129/><U12/><E12/><V22/><F73/><W55/><G55/><T58/><D112/><U62/><AGARI ba="0,1" hai="5,11,15,34,35,43,45,50,62,66,68,87,88,92" machi="62" ten="30,6000,0" yaku="1,1,0,1,54,1,53,0" doraHai="24" doraHaiUra="76" who="1" fromWho="1" sc="174,-20,186,70,121,-20,509,-20" /><INIT seed="5,1,0,4,1,61" ten="154,256,101,489" oya="1" hai0="74,120,78,113,128,26,50,134,135,102,9,62,44" hai1="84,31,131,25,6,68,70,83,18,93,87,67,106" hai2="32,75,46,2,15,21,97,37,5,10,104,124,72" hai3="55,22,12,127,11,8,107,42,28,58,92,76,77"/><U79/><E106/><V85/><F124/><W117/><G107/><T64/><D102/><U54/><E131/><V53/><F32/><W16/><G127/><T17/><D78/><U125/><E125/><V110/><F110/><W38/><G38/><T88/><D74/><U43/><E43/><V23/><F85/><W60/><G42/><T59/><D128/><U19/><E6/><V129/><F129/><W123/><G123/><T96/><D113/><U133/><E133/><V71/><F71/><W81/><G117/><T90/><D120/><U118/><E70/><V40/><F53/><W39/><G39/><T1/><D96/><U94/><E67/><V91/><F91/><W69/><G69/><T52/><D26/><U3/><E3/><V30/><F15/><W34/><G77/><T112/><D112/><U20/><E68/><V27/><REACH who="2" step="1"/><F21/><REACH who="2" ten="154,256,91,489" step="2"/><W47/><G34/><T132/><D1/><U65/><E65/><V111/><F111/><W116/><G116/><T108/><D108/><U101/><E118/><V49/><F49/><W56/><G60/><T98/><D98/><N who="1" m="59599" /><E54/><V122/><F122/><W4/><G55/><T121/><D121/><U33/><E33/><V66/><F66/><W29/><G22/><T7/><D7/><U45/><E84/><V41/><F41/><W13/><G4/><T103/><D103/><AGARI ba="1,1" hai="2,5,10,23,27,30,37,40,46,72,75,97,103,104" machi="103" ten="40,1300,0" yaku="1,1,53,0" doraHai="61" doraHaiUra="63" who="2" fromWho="0" sc="154,-16,256,0,91,26,489,0" /><INIT seed="6,0,0,2,4,101" ten="138,256,117,489" oya="2" hai0="51,93,74,115,10,1,12,110,96,38,103,23,109" hai1="94,128,47,125,0,53,129,99,72,120,54,78,55" hai2="114,58,56,9,71,48,63,85,95,24,40,16,73" hai3="75,107,92,20,61,52,119,91,45,105,108,81,84"/><V42/><F73/><W44/><G108/><T123/><D38/><U7/><E125/><V59/><F114/><W127/><G119/><T106/><D123/><U64/><E64/><V116/><F116/><W14/><G45/><T65/><D74/><U67/><E67/><V50/><F71/><W132/><G127/><T97/><D115/><U29/><E29/><V86/><F63/><W49/><G132/><T46/><D23/><U134/><E134/><V3/><F3/><W31/><G75/><T70/><D1/><U118/><E118/><V11/><F95/><W22/><G22/><T111/><D65/><U77/><E47/><V135/><F135/><W133/><G133/><T76/><D76/><U15/><E0/><V69/><F69/><W33/><G33/><T30/><D30/><U102/><E120/><V88/><F86/><W25/><G14/><T83/><D83/><U6/><E6/><V13/><F24/><W32/><G32/><T126/><D70/><U39/><E39/><V98/><F98/><W68/><G68/><T35/><D35/><U5/><E5/><V112/><F112/><W104/><G61/><T28/><D28/><U62/><E62/><V89/><F9/><W37/><G37/><T130/><D130/><N who="1" m="50283" /><E72/><V19/><F19/><W18/><G18/><N who="0" m="8471" /><D126/><U26/><E26/><V121/><F121/><W79/><G79/><T27/><D27/><U21/><E21/><V4/><F4/><W100/><G81/><T80/><D80/><U87/><E87/><V2/><F2/><W17/><G31/><T117/><D117/><U122/><E122/><RYUUKYOKU ba="0,0" sc="138,-15,256,15,117,-15,489,15" hai1="7,15,53,54,55,77,78,94,99,102" hai3="17,20,25,44,49,52,84,91,92,100,104,105,107" /><INIT seed="7,1,0,5,3,126" ten="123,271,102,504" oya="3" hai0="46,21,110,99,88,89,12,14,115,42,123,128,57" hai1="106,76,67,11,9,73,29,48,45,28,130,37,132" hai2="135,63,59,0,8,117,44,39,33,25,15,68,82" hai3="65,20,43,41,16,119,5,69,107,129,10,103,102"/><W17/><G119/><T56/><D123/><U31/><E37/><V108/><F117/><W101/><G107/><T112/><D110/><U34/><E106/><V104/><F108/><W23/><G129/><T93/><D128/><U125/><E130/><V95/><F104/><W66/><G69/><T96/><D21/><U111/><E132/><V105/><F105/><W133/><G133/><T27/><D27/><U36/><E36/><V49/><F135/><W58/><G10/><T50/><D12/><U53/><E34/><V2/><F68/><W121/><G5/><T127/><D14/><U24/><E76/><V64/><F39/><W55/><G23/><T26/><D26/><U120/><E73/><V78/><F95/><W114/><G114/><N who="0" m="43563" /><D127/><U71/><E120/><V4/><F25/><N who="3" m="14471" /><G17/><T85/><D96/><U3/><E3/><V75/><REACH who="2" step="1"/><F33/><REACH who="2" ten="123,271,92,504" step="2"/><W124/><G124/><T84/><D99/><U98/><E98/><V30/><F30/><W54/><G54/><AGARI ba="1,1" hai="0,2,4,8,15,44,49,54,59,63,64,75,78,82" machi="54" ten="30,3900,0" yaku="1,1,7,1,53,1" doraHai="126" doraHaiUra="74" who="2" fromWho="3" sc="123,0,271,0,92,52,504,-42" owari="123,-37.7,271,7.1,144,-25.6,462,56.2" /></mjloggm>