<mjloggm ver="2.3"><GO type="169" lobby="0"/><UN n0="%E3%81%AF%E3%81%BE%E3%81%A1%E3%83%AA%E3%83%BC%E3%82%B0" n1="%4F%4D%41%4E%54%41" n2="%31%74%61" n3="%62%69%70%73%64" dan="17,17,18,18" rate="2145.98,2200.41,2278.57,2224.99" sx="M,M,M,M"/><TAIKYOKU oya="0"/><INIT seed="0,0,0,4,1,117" ten="250,250,250,250" oya="0" hai0="114,38,10,107,76,61,118,60,19,23,72,11,77" hai1="124,73,93,22,5,13,128,98,27,7,25,1,108" hai2="14,88,63,84,42,81,64,6,134,34,94,46,51" hai3="66,43,21,59,50,82,129,96,41,110,16,44,69"/><T68/><D118/><U133/><E73/><V131/><F34/><W26/><G110/><T3/><D114/><U130/><E108/><V57/><F131/><N who="1" m="50217" /><E124/><V55/><F134/><W58/><G129/><T17/><D107/><U101/><E133/><V127/><F127/><W31/><G41/><T123/><D38/><U39/><E39/><V54/><F6/><N who="1" m="2057" /><E1/><V104/><F104/><W87/><G96/><T103/><D72/><U32/><E32/><V15/><F81/><W102/><G102/><T92/><D103/><U115/><E115/><V112/><F112/><W121/><G121/><T85/><D92/><U67/><E67/><V111/><F111/><W37/><G37/><T90/><D123/><U29/><E27/><V74/><F74/><W83/><G83/><N who="0" m="49471" /><D3/><U105/><E13/><AGARI ba="0,0" hai="13,14,15,42,46,51,54,55,57,63,64,84,88,94" machi="13" ten="40,2600,0" yaku="8,1,54,1" doraHai="117" who="2" fromWho="1" sc="250,0,250,-26,250,26,250,0" /><INIT seed="1,0,0,0,4,85" ten="250,224,276,250" oya="1" hai0="118,44,80,36,11,93,59,117,77,105,119,23,109" hai1="108,131,57,37,0,82,71,32,30,92,112,135,102" hai2="38,129,8,62,100,67,41,46,61,10,68,120,56" hai3="45,127,121,130,27,52,47,106,60,79,123,35,22"/><U63/><E112/><V51/><F120/><W114/><G114/><T125/><D105/><U91/><E0/><V25/><F129/><W134/><G35/><T64/><D109/><U73/><E37/><V6/><F100/><W132/><G106/><T58/><D23/><U74/><E71/><V78/><F78/><W66/><G79/><T81/><D125/><U55/><E131/><V21/><F6/><W111/><G130/><T16/><D64/><U98/><E135/><N who="3" m="51754" /><G111/><T7/><D80/><U99/><E108/><V133/><F133/><W84/><G84/><T116/><D93/><U26/><REACH who="1" step="1"/><E82/><REACH who="1" ten="250,214,276,250" step="2"/><V124/><F124/><W49/><G127/><T3/><D118/><U122/><E122/><V20/><F38/><W104/><G104/><AGARI ba="0,1" hai="26,30,32,55,57,63,73,74,91,92,98,99,102,104" machi="104" ten="30,11600,0" yaku="1,1,7,1,52,1,53,1" doraHai="85" doraHaiUra="86" who="1" fromWho="3" sc="250,0,214,126,276,0,250,-116" /><INIT seed="1,1,0,4,5,48" ten="250,340,276,134" oya="1" hai0="21,52,131,130,43,114,49,8,11,101,125,58,3" hai1="7,77,4,119,41,30,93,20,92,57,6,89,23" hai2="72,99,36,135,15,73,61,70,60,134,71,83,45" hai3="24,103,108,121,102,10,120,50,25,35,40,105,17"/><U87/><E119/><V129/><F129/><N who="0" m="49162" /><D114/><U111/><E111/><V115/><F115/><W76/><G105/><T39/><D125/><U128/><E128/><V27/><F27/><W104/><G104/><T81/><D101/><U26/><E41/><V5/><F99/><W75/><G75/><T44/><D3/><U51/><E77/><V56/><F15/><W37/><G17/><T38/><D81/><U80/><REACH who="1" step="1"/><E23/><REACH who="1" ten="250,330,276,134" step="2"/><V63/><F135/><W62/><G40/><T2/><D21/><U42/><E42/><V32/><F134/><W94/><G76/><T132/><D132/><U96/><E96/><V88/><F36/><W31/><G37/><T95/><D38/><U9/><E9/><V33/><F33/><W84/><G10/><T19/><D8/><U117/><E117/><V82/><F32/><W65/><G108/><T67/><D11/><U22/><E22/><V12/><F5/><W122/><G122/><T18/><D2/><U0/><E0/><V124/><F124/><W85/><G121/><T86/><D39/><U112/><E112/><V74/><F74/><W28/><G120/><T98/><D98/><U90/><E90/><V106/><F88/><W69/><G35/><T34/><D34/><U123/><E123/><V97/><F73/><W110/><G110/><T55/><D43/><U53/><AGARI ba="1,1" hai="4,6,7,20,26,30,51,53,57,80,87,89,92,93" machi="53" ten="30,11700,0" yaku="1,1,0,1,8,1,52,1,53,0" doraHai="48" doraHaiUra="13" who="1" fromWho="1" sc="250,-40,330,130,276,-40,134,-40" /><INIT seed="1,2,0,3,4,105" ten="210,460,236,94" oya="1" hai0="59,133,121,1,63,126,53,76,94,46,30,65,25" hai1="91,62,9,104,31,43,21,79,23,77,40,48,99" hai2="71,24,10,19,84,123,75,50,41,29,120,54,11" hai3="58,93,22,52,102,132,35,114,17,27,38,15,117"/><U73/><E62/><V83/><F71/><W12/><G114/><T3/><D133/><U135/><E135/><V28/><F41/><W87/><G132/><T92/><D126/><U26/><E9/><V98/><F98/><W39/><G117/><T67/><D121/><U97/><E73/><V81/><F75/><W90/><G102/><T55/><D76/><U80/><E104/><V7/><F83/><W32/><G12/><T64/><D3/><U49/><E80/><V4/><F19/><W95/><G93/><T18/><D1/><U127/><E127/><V45/><F123/><W88/><G90/><T86/><D18/><U119/><E26/><V115/><F115/><W0/><G0/><T113/><D113/><U61/><E61/><V44/><F44/><W56/><G56/><T6/><D6/><N who="2" m="2090" /><F120/><W110/><G110/><T16/><D30/><N who="2" m="11882" /><F24/><W112/><G112/><T70/><D86/><U51/><E31/><V68/><F68/><W37/><REACH who="3" step="1"/><G27/><REACH who="3" ten="210,460,236,84" step="2"/><T33/><D70/><U108/><E108/><V106/><F106/><W66/><G66/><T124/><D124/><U82/><E119/><V47/><F45/><W128/><G128/><T74/><D46/><U85/><E91/><AGARI ba="2,1" hai="10,11,47,50,54,81,84,91" m="11882,2090" machi="91" ten="30,1000,0" yaku="8,1" doraHai="105" who="2" fromWho="1" sc="210,0,460,-16,236,26,84,0" /><INIT seed="2,0,0,4,0,74" ten="210,444,262,84" oya="2" hai0="23,119,37,54,117,41,8,87,120,26,48,19,56" hai1="27,17,98,83,61,132,113,124,65,106,36,63,69" hai2="107,103,40,92,81,33,35,96,129,10,93,42,125" hai3="108,46,64,25,49,47,5,11,121,67,57,68,118"/><V126/><F129/><W112/><G118/><N who="0" m="45067" /><D120/><U20/><E113/><V39/><F10/><W115/><G121/><T134/><D134/><U133/><E36/><V82/><F107/><W95/><G68/><T31/><D37/><U97/><E124/><N who="2" m="47723" /><F39/><W131/><G46/><N who="0" m="25679" /><D87/><U80/><E106/><V109/><F109/><W127/><G131/><T52/><D56/><U3/><E3/><V79/><F93/><W24/><G108/><T58/><D58/><U4/><E4/><V16/><F81/><W77/><G127/><T22/><D8/><U73/><E83/><V116/><F116/><W60/><G67/><T50/><D50/><U30/><E132/><V1/><F1/><W62/><G60/><T44/><D44/><U66/><E133/><V29/><F29/><W13/><G112/><T100/><D100/><U28/><E28/><V84/><F16/><W102/><G115/><T86/><D86/><U123/><E17/><V130/><F130/><W43/><REACH who="3" step="1"/><G77/><REACH who="3" ten="210,444,262,74" step="2"/><T71/><D71/><U114/><E114/><V128/><F128/><W7/><G7/><T34/><D34/><AGARI ba="0,1" hai="33,34,35,40,42,79,82,84,92,96,103" m="47723" machi="34" ten="30,2900,0" yaku="18,1,52,1" doraHai="74" who="2" fromWho="0" sc="210,-29,444,0,262,39,74,0" /><INIT seed="2,1,0,5,5,116" ten="181,444,301,74" oya="2" hai0="96,106,92,74,100,12,36,28,88,31,8,3,54" hai1="30,55,113,80,67,77,127,82,120,89,57,58,27" hai2="70,56,48,66,71,39,33,72,44,29,78,25,65" hai3="73,20,69,1,52,79,90,117,83,24,50,125,103"/><V126/><F126/><W4/><G117/><T108/><D3/><U132/><E113/><V34/><F39/><W112/><G125/><T0/><D0/><U47/><E127/><V9/><F34/><W119/><G119/><T81/><D36/><U51/><E132/><V26/><F26/><W21/><G69/><T40/><D40/><U124/><E124/><V115/><F115/><W49/><G112/><T109/><D54/><U13/><E120/><V43/><F9/><W15/><G1/><T133/><D133/><U45/><E13/><V6/><F6/><W129/><G129/><T63/><D63/><U62/><E89/><V94/><F94/><W86/><G103/><T17/><D81/><U87/><E82/><V105/><F105/><W101/><G101/><T11/><D11/><U46/><E46/><V16/><F78/><W84/><G50/><T123/><D74/><U7/><E7/><V22/><F72/><W104/><G104/><T135/><D123/><U61/><E51/><V75/><F75/><W102/><G102/><T114/><D114/><U93/><E93/><V99/><F99/><W60/><G60/><T35/><D35/><AGARI ba="1,0" hai="27,30,35,45,47,55,57,58,61,62,67,77,80,87" machi="35" ten="30,1000,0" yaku="7,1" doraHai="116" who="1" fromWho="0" sc="181,-13,444,13,301,0,74,0" /><INIT seed="3,0,0,5,4,101" ten="168,457,301,74" oya="3" hai0="68,71,14,131,0,74,127,106,43,89,99,120,33" hai1="97,90,46,64,8,70,35,122,125,31,113,59,129" hai2="7,63,94,73,60,29,39,110,83,15,19,12,66" hai3="75,78,67,44,51,92,17,32,104,116,126,11,41"/><W132/><G116/><T53/><D120/><U48/><E122/><V86/><F39/><W77/><G32/><T18/><D33/><U135/><E113/><V57/><F110/><W52/><G104/><T42/><D0/><U36/><E129/><V114/><F114/><W50/><G132/><T21/><D74/><U10/><E125/><V112/><F112/><W91/><G126/><T85/><D127/><U115/><E90/><V128/><F29/><W81/><G67/><T56/><D68/><U82/><E82/><V95/><F73/><W28/><G28/><T4/><D71/><U30/><E97/><V119/><F128/><W26/><G78/><T37/><D4/><U72/><E72/><V2/><F2/><W103/><G103/><T27/><D37/><U24/><E31/><V87/><F87/><W96/><G11/><N who="0" m="6495" /><D99/><U45/><E45/><V54/><F7/><W108/><G108/><T6/><D6/><U9/><E135/><V109/><F12/><W121/><G121/><T38/><D106/><U134/><E134/><V69/><F119/><W118/><G118/><T40/><D38/><U49/><E70/><V1/><F1/><W88/><G91/><T55/><D56/><U133/><E115/><V22/><REACH who="2" step="1"/><F109/><REACH who="2" ten="168,457,291,74" step="2"/><W124/><G124/><T84/><D131/><U102/><E133/><V93/><F93/><W76/><G75/><T65/><D85/><U98/><E36/><V105/><F105/><W47/><REACH who="3" step="1"/><G81/><REACH who="3" ten="168,457,291,64" step="2"/><N who="0" m="49295" /><D65/><U13/><E64/><V111/><F111/><W79/><G79/><AGARI ba="0,2" hai="15,19,22,54,57,60,63,66,69,79,83,86,94,95" machi="79" ten="30,3900,0" yaku="1,1,7,1,53,1" doraHai="101" doraHaiUra="16" who="2" fromWho="3" sc="168,0,457,0,291,59,64,-39" /><INIT seed="4,0,0,2,3,116" ten="168,457,350,25" oya="0" hai0="33,86,13,117,110,100,30,42,77,115,26,130,83" hai1="133,113,105,50,131,127,80,95,76,106,40,52,61" hai2="8,43,3,88,125,32,31,29,66,58,103,92,65" hai3="93,112,122,2,101,109,132,114,56,121,128,71,78"/><T1/><D117/><U34/><E34/><V64/><F125/><W63/><G2/><T45/><D1/><U44/><E127/><V24/><F103/><W59/><G78/><T74/><D115/><N who="3" m="44073" /><G101/><T69/><D130/><U96/><E113/><V35/><F43/><W21/><G93/><T129/><D129/><U47/><E133/><V19/><F58/><N who="3" m="22059" /><G128/><T72/><D69/><U104/><E61/><V18/><F31/><W16/><G109/><T102/><D110/><U22/><E22/><V60/><F60/><W23/><G23/><T10/><D74/><U108/><E108/><V28/><F28/><W126/><G126/><T48/><REACH who="0" step="1"/><D72/><REACH who="0" ten="158,457,350,25" step="2"/><U12/><E131/><V49/><F3/><W67/><G132/><T9/><D9/><U54/><E106/><V75/><F8/><W41/><G41/><T51/><D51/><U94/><E50/><V124/><F75/><W89/><G89/><T39/><D39/><U11/><E40/><V134/><F124/><W38/><G38/><T68/><D68/><U111/><E11/><V85/><F49/><W25/><AGARI ba="0,1" hai="16,21,25,63,67,71,121,122" m="22059,44073" machi="25" ten="30,7900,0" yaku="15,1,52,2,54,1" doraHai="116" who="3" fromWho="3" sc="158,-39,457,-20,350,-20,25,89" /><INIT seed="5,0,0,5,0,59" ten="119,437,330,114" oya="1" hai0="116,69,28,4,80,84,52,32,114,16,60,22,53" hai1="26,128,2,41,42,118,70,124,3,0,111,109,133" hai2="64,119,1,75,74,21,121,30,33,73,83,58,78" hai3="47,63,17,105,61,6,90,24,13,7,102,127,100"/><U51/><E118/><V134/><F119/><W122/><G122/><T19/><D116/><U101/><E128/><V106/><F121/><W48/><G127/><T34/><D4/><N who="3" m="1577" /><G105/><T97/><D114/><U12/><E124/><V27/><F1/><W92/><G24/><T76/><D28/><U49/><E12/><V25/><F106/><W36/><G36/><T43/><D43/><N who="1" m="16395" /><E101/><N who="3" m="39018" /><G48/><N who="1" m="18506" /><E26/><V31/><REACH who="2" step="1"/><F134/><REACH who="2" ten="119,437,320,114" step="2"/><W35/><G47/><T126/><D126/><U77/><E133/><V96/><F96/><N who="3" m="57367" /><G35/><T20/><D32/><U120/><E120/><V62/><AGARI ba="0,1" hai="21,25,27,30,31,33,58,62,64,73,74,75,78,83" machi="62" ten="30,4000,0" yaku="1,1,0,1,52,1,53,0" doraHai="59" doraHaiUra="131" who="2" fromWho="2" sc="119,-10,437,-20,320,50,114,-10" /><INIT seed="6,0,0,1,0,62" ten="109,417,370,104" oya="2" hai0="47,27,102,82,55,16,26,10,87,21,17,118,68" hai1="108,2,22,6,38,126,79,53,96,90,13,130,105" hai2="8,15,12,42,95,134,52,14,40,84,113,107,36" hai3="98,63,92,25,18,135,93,19,124,86,44,104,109"/><V69/><F107/><W41/><G109/><T80/><D68/><U129/><E108/><V100/><F69/><W7/><G135/><T66/><D118/><U81/><E38/><V120/><F120/><W128/><G128/><N who="1" m="49258" /><E126/><V101/><F113/><W76/><G104/><T59/><D102/><N who="2" m="39530" /><F36/><W33/><G7/><T34/><D34/><U78/><E105/><V110/><F134/><W132/><G98/><T72/><D72/><U56/><E2/><V45/><F110/><W94/><G25/><T123/><D47/><U131/><E131/><V70/><F70/><W114/><G33/><T54/><D123/><U65/><E65/><V24/><F24/><W75/><G75/><T48/><D54/><U3/><E3/><V58/><F45/><W51/><G124/><T117/><D117/><U106/><E106/><V20/><F20/><W99/><G132/><T60/><D10/><N who="1" m="4311" /><E22/><V88/><F8/><W11/><G114/><T9/><D9/><U116/><E116/><V89/><F89/><W85/><G11/><T30/><D27/><U119/><E119/><V125/><F125/><W35/><G35/><T122/><D122/><U46/><E46/><V37/><F37/><W23/><G23/><T50/><D30/><U28/><E28/><V127/><F127/><W57/><G76/><N who="0" m="46471" /><D26/><U49/><E81/><V73/><F73/><W39/><G39/><T97/><D21/><U29/><E29/><V111/><F111/><W31/><G31/><T43/><D82/><U67/><E67/><V4/><F4/><W115/><G115/><T121/><D121/><U64/><E64/><RYUUKYOKU ba="0,0" sc="109,-15,417,15,370,15,104,-15" hai1="49,53,56,78,79,90,96" hai2="12,14,15,40,42,52,58,84,88,95" /><INIT seed="6,1,0,5,0,88" ten="94,432,385,89" oya="2" hai0="2,13,31,53,95,122,23,52,57,124,41,114,59" hai1="24,91,64,86,58,14,135,22,40,105,102,7,109" hai2="75,4,90,110,60,39,35,18,63,116,97,65,20" hai3="67,50,131,82,125,68,27,74,0,113,45,15,26"/><V134/><F116/><W3/><G68/><T112/><D122/><U25/><E109/><V36/><F75/><W89/><G67/><T32/><D2/><U81/><E135/><V62/><F35/><W101/><G0/><T8/><D124/><U96/><E40/><V106/><F134/><W29/><G3/><T49/><D32/><U44/><E44/><V77/><F77/><W123/><G123/><T55/><D41/><U46/><E46/><V85/><F4/><W133/><G133/><T121/><D121/><U43/><E43/><V34/><F34/><W70/><G70/><T38/><D38/><U108/><E108/><V130/><F130/><W111/><G101/><T120/><D120/><U17/><REACH who="1" step="1"/><E7/><REACH who="1" ten="94,422,385,89" step="2"/><V99/><F110/><W42/><G111/><T54/><D114/><U37/><E37/><V72/><F39/><W48/><G113/><T98/><D112/><U129/><E129/><V107/><F36/><W132/><G131/><T117/><D117/><U6/><E6/><V16/><F72/><W78/><G132/><T9/><D49/><U83/><E83/><V126/><F126/><W73/><G50/><T87/><N who="0" m="13312" /><DORA hai="71" /><T84/><D59/><U93/><E93/><N who="2" m="54479" /><F107/><W5/><G125/><T21/><D95/><U79/><E79/><V80/><F80/><W104/><G74/><T30/><D57/><U118/><E118/><V69/><F106/><W28/><G104/><T115/><D115/><U51/><E51/><V100/><F100/><W1/><G1/><T33/><D33/><U128/><E128/><V103/><F103/><W76/><G73/><RYUUKYOKU ba="1,1" sc="94,-10,422,30,385,-10,89,-10" hai1="14,17,22,24,25,58,64,81,86,91,96,102,105" /><INIT seed="7,2,1,0,1,52" ten="84,452,375,79" oya="3" hai0="100,125,115,104,76,5,84,127,82,9,106,16,33" hai1="81,93,119,31,74,107,68,2,79,95,45,25,23" hai2="57,15,12,50,11,65,3,124,7,126,131,120,18" hai3="89,66,21,122,29,92,97,61,78,59,114,91,96"/><W14/><G122/><T51/><D33/><U35/><E107/><V64/><F120/><W55/><G114/><T102/><D115/><U41/><E68/><V40/><F131/><W1/><G1/><N who="0" m="175" /><D51/><U90/><E119/><V6/><F40/><W101/><G78/><T85/><D85/><U58/><E2/><V54/><F3/><W70/><G97/><T112/><D112/><U49/><E35/><V48/><F18/><W134/><G134/><T53/><D53/><U133/><E133/><V108/><F108/><W94/><G92/><T99/><D16/><U98/><E95/><V56/><F54/><W46/><G14/><T128/><D128/><U109/><E109/><V105/><F105/><N who="0" m="40554" /><D99/><U42/><E58/><V71/><F71/><W39/><G39/><T60/><D60/><U129/><E129/><V80/><F80/><W116/><G116/><T32/><D32/><U88/><E42/><V132/><F132/><W26/><REACH who="3" step="1"/><G46/><REACH who="3" ten="84,452,375,69" step="2"/><T38/><D38/><U83/><E83/><V34/><F34/><W123/><G123/><T135/><D135/><U110/><E110/><V75/><F11/><W121/><G121/><T63/><D102/><AGARI ba="2,2" hai="23,25,31,41,45,49,74,79,81,88,90,93,98,102" machi="102" ten="30,2000,0" yaku="7,1,54,1" doraHai="52" who="1" fromWho="0" sc="84,-26,452,46,375,0,69,0" owari="58,-44.2,498,59.8,375,17.5,69,-33.1" /></mjloggm>