<mjloggm ver="2.3"><GO type="169" lobby="0"/><UN n0="%42%42%E3%81%A7%E3%81%99%E3%80%82" n1="%E6%B7%B3%E5%AD%90%E3%81%A7%E3%81%99" n2="%E4%B8%83%E8%8D%89%E9%A6%99%E6%BE%84" n3="%62%73%64%5F%33" dan="17,17,16,16" rate="2179.54,2164.34,2167.01,2068.11" sx="M,M,F,F"/><TAIKYOKU oya="0"/><INIT seed="0,0,0,5,0,32" ten="250,250,250,250" oya="0" hai0="103,109,93,28,48,80,106,1,14,53,25,71,110" hai1="83,94,56,36,115,76,68,46,7,33,8,34,95" hai2="75,82,101,107,22,81,5,126,114,29,11,130,3" hai3="62,24,13,89,121,125,108,97,98,88,90,69,0"/><T102/><D71/><U119/><E68/><V12/><F114/><W39/><G39/><T134/><D134/><U19/><E119/><V31/><F130/><W20/><G108/><N who="0" m="41579" /><D106/><U111/><E111/><V87/><F126/><W129/><G129/><T52/><D1/><U27/><E56/><V120/><F120/><W26/><G0/><T37/><D37/><U35/><E19/><V131/><F131/><W38/><G38/><T2/><D2/><N who="1" m="119" /><E27/><V42/><F42/><W100/><G125/><T55/><D80/><U118/><E118/><V61/><F75/><W64/><G121/><T135/><D135/><U122/><E122/><V23/><F61/><W124/><G124/><T17/><D48/><U85/><E85/><V91/><F82/><W104/><REACH who="3" step="1"/><G97/><REACH who="3" ten="250,250,250,240" step="2"/><N who="0" m="59695" /><D103/><U128/><E128/><V127/><F127/><W45/><G45/><T113/><D113/><U9/><E46/><V72/><F101/><W15/><G15/><T65/><D65/><U86/><E36/><V54/><F12/><W66/><G66/><T133/><D133/><U70/><E115/><V57/><F3/><W40/><G40/><T73/><D73/><U67/><E67/><V132/><F72/><W21/><G21/><N who="0" m="11447" /><D55/><U18/><E70/><V44/><F54/><W112/><G112/><T6/><D6/><U47/><E47/><V43/><F44/><W77/><G77/><T16/><D28/><U63/><E76/><V41/><F132/><W116/><G116/><T78/><D78/><U4/><E4/><V74/><F5/><W51/><G51/><T30/><D30/><U92/><E9/><RYUUKYOKU ba="0,1" sc="250,15,250,-15,250,-15,240,15" hai0="16,25,52,53" hai3="13,20,24,26,62,64,69,88,89,90,98,100,104" /><INIT seed="0,1,1,4,3,71" ten="265,235,235,255" oya="0" hai0="54,69,93,75,25,85,80,83,55,20,125,36,57" hai1="121,123,52,128,61,19,81,89,65,118,49,115,2" hai2="28,3,16,105,7,11,73,26,47,86,114,50,77" hai3="24,82,30,31,106,91,103,124,53,33,58,117,14"/><T0/><D69/><U62/><E2/><V87/><F114/><W8/><G117/><T96/><D0/><U84/><E118/><V111/><F111/><W41/><G124/><T23/><D125/><U79/><E115/><V51/><F105/><W112/><G112/><T40/><D75/><U98/><E128/><V120/><F120/><W94/><G106/><T39/><D40/><U101/><E79/><V99/><F73/><W42/><G31/><T67/><D67/><U18/><E61/><V88/><F16/><W21/><G82/><T116/><D116/><U27/><E27/><V22/><F77/><W1/><G103/><T72/><D72/><U92/><E121/><V48/><REACH who="2" step="1"/><F47/><REACH who="2" ten="265,235,225,255" step="2"/><W78/><G78/><T5/><D5/><U9/><E123/><V64/><F64/><W38/><G33/><T46/><D46/><N who="1" m="27703" /><E9/><V134/><F134/><W66/><G66/><T97/><D25/><U133/><E133/><V10/><F10/><W102/><G24/><T59/><D85/><U126/><E126/><V74/><F74/><W100/><G8/><T45/><D45/><U68/><E18/><V12/><F12/><W34/><G34/><T130/><REACH who="0" step="1"/><D93/><AGARI ba="1,2" hai="3,7,11,22,26,28,48,50,51,86,87,88,93,99" machi="93" ten="40,2600,0" yaku="1,1,54,1,53,0" doraHai="71" doraHaiUra="127" who="2" fromWho="0" sc="265,-29,235,0,225,49,255,0" /><INIT seed="1,0,0,4,5,14" ten="236,235,274,255" oya="1" hai0="71,37,15,67,87,13,131,76,38,32,124,135,81" hai1="74,46,49,73,28,98,120,59,58,85,62,51,128" hai2="91,26,21,109,100,99,82,23,33,66,130,125,56" hai3="31,11,52,20,108,72,55,4,89,104,117,90,127"/><U112/><E120/><V34/><F109/><W18/><G108/><T123/><D32/><U35/><E112/><V101/><F130/><W78/><G104/><T48/><D124/><U60/><E128/><V102/><F125/><W118/><G127/><T57/><D131/><U92/><E85/><V16/><F23/><W113/><G31/><T129/><D129/><U77/><E28/><V106/><F82/><N who="3" m="45383" /><G90/><T134/><D123/><U83/><E73/><V0/><F0/><N who="3" m="391" /><G89/><T61/><D15/><U110/><E35/><V68/><F68/><W64/><G64/><T17/><D48/><U86/><E74/><V63/><REACH who="2" step="1"/><F106/><REACH who="2" ten="236,235,264,255" step="2"/><W88/><G113/><T8/><REACH who="0" step="1"/><D71/><REACH who="0" ten="226,235,264,255" step="2"/><U80/><E110/><V111/><F111/><W94/><G118/><T12/><D12/><U3/><E3/><V119/><F119/><W29/><G117/><T70/><D70/><U25/><E25/><V45/><F45/><W7/><G7/><T44/><D44/><U97/><E46/><V93/><AGARI ba="0,2" hai="16,21,26,33,34,56,63,66,91,93,99,100,101,102" machi="93" ten="30,7900,0" yaku="1,1,0,1,52,1,54,1,53,0" doraHai="14" doraHaiUra="24" who="2" fromWho="2" sc="226,-20,235,-39,264,99,255,-20" /><INIT seed="2,0,0,5,1,92" ten="206,196,363,235" oya="2" hai0="130,66,74,13,88,35,89,113,43,94,54,91,81" hai1="15,33,56,47,48,127,72,34,73,55,52,116,24" hai2="58,125,112,26,101,107,20,122,128,109,23,105,129" hai3="132,22,79,118,110,131,57,97,45,83,38,114,135"/><V10/><F112/><W25/><G118/><T27/><D113/><U84/><E116/><V70/><F122/><W49/><G114/><T104/><D104/><U14/><E127/><V18/><F70/><W80/><G110/><T78/><D130/><N who="2" m="50282" /><F125/><W76/><G131/><T4/><D66/><U21/><E34/><V40/><F109/><W93/><G38/><T77/><D77/><U100/><E33/><V36/><F101/><W82/><G57/><T46/><D54/><U44/><E72/><V9/><F58/><W95/><G95/><T75/><D75/><U117/><E73/><V53/><F53/><W115/><G115/><T5/><D13/><U30/><E44/><N who="2" m="23559" /><F20/><W108/><G108/><T37/><REACH who="0" step="1"/><D94/><REACH who="0" ten="196,196,363,235" step="2"/><U64/><E64/><V41/><F41/><W86/><G79/><T120/><D120/><U99/><E117/><V28/><F107/><W29/><G132/><T67/><D67/><U16/><E84/><V133/><F105/><W134/><G134/><T50/><D50/><U63/><E30/><AGARI ba="0,1" hai="4,5,27,30,35,37,43,46,74,78,81,88,89,91" machi="30" ten="40,8000,1" yaku="1,1,54,1,53,3" doraHai="92" doraHaiUra="85" who="0" fromWho="1" sc="196,90,196,-80,363,0,235,0" /><INIT seed="3,0,0,0,0,97" ten="286,116,363,235" oya="3" hai0="126,53,9,98,96,128,108,17,86,119,122,51,44" hai1="117,29,22,57,115,130,78,68,127,10,15,104,14" hai2="65,18,55,87,72,46,110,26,30,76,88,113,5" hai3="102,125,31,0,66,27,59,93,124,75,2,134,120"/><W99/><G120/><T24/><D122/><U58/><E68/><V63/><F113/><W16/><G75/><T38/><D119/><U6/><E115/><V64/><F110/><W37/><G37/><T56/><D108/><U35/><E117/><V92/><F5/><W106/><G134/><T77/><D128/><U103/><E127/><N who="3" m="48714" /><G106/><T12/><D126/><U33/><E130/><V67/><F18/><W45/><G45/><T71/><D71/><U116/><E78/><V101/><F72/><W135/><G135/><T23/><D38/><U83/><E83/><V8/><F76/><W133/><G133/><T105/><D105/><U80/><E80/><V21/><F8/><W54/><G66/><T131/><D131/><U81/><E81/><V13/><F13/><W49/><G16/><N who="0" m="8207" /><D77/><U11/><E116/><V95/><F46/><W70/><G70/><T28/><D86/><U36/><E36/><V107/><F107/><W123/><G123/><T132/><D132/><U111/><E111/><V84/><F55/><W7/><G7/><T100/><D17/><U19/><E57/><N who="2" m="36975" /><F84/><W41/><G41/><T1/><D44/><U74/><E58/><V39/><F39/><W50/><G49/><T73/><D51/><U69/><E69/><V60/><F60/><W32/><AGARI ba="0,0" hai="0,2,27,31,32,50,54,59,93,99,102" m="48714" machi="32" ten="30,3000,0" yaku="18,1,52,1" doraHai="97" who="3" fromWho="3" sc="286,-10,116,-10,363,-10,235,30" /><INIT seed="3,1,0,1,0,84" ten="276,106,353,265" oya="3" hai0="118,135,20,8,29,82,52,103,86,13,73,33,72" hai1="23,40,39,131,124,19,126,108,42,105,122,94,54" hai2="58,7,68,88,4,17,100,70,25,36,115,5,41" hai3="60,99,0,76,81,6,69,18,65,132,78,43,34"/><W133/><G34/><T109/><D118/><U10/><E105/><V107/><F115/><W14/><G43/><T3/><D109/><U85/><E108/><V16/><F58/><W117/><G117/><T28/><D135/><N who="3" m="51785" /><G99/><T61/><D103/><U47/><E131/><V129/><F129/><W32/><G32/><T104/><D104/><U66/><E122/><V120/><F120/><W95/><G95/><T2/><D33/><U38/><E10/><V57/><F57/><W63/><G63/><T134/><D61/><U59/><E66/><V11/><F25/><W24/><G24/><T53/><D134/><U91/><E40/><V74/><F74/><W46/><G46/><T26/><D73/><U22/><E38/><V51/><F36/><W12/><G0/><T123/><D72/><U127/><REACH who="1" step="1"/><E19/><REACH who="1" ten="276,96,353,265" step="2"/><V37/><F37/><W21/><G81/><T113/><D123/><U121/><E121/><V79/><F17/><W87/><G87/><T90/><D113/><U92/><E92/><V98/><F41/><W75/><G75/><T101/><D86/><U130/><E130/><V9/><F107/><W56/><G69/><T31/><D82/><U55/><E55/><V102/><F70/><W96/><G96/><T50/><D53/><U1/><E1/><V44/><F68/><W62/><G62/><AGARI ba="1,1" hai="22,23,39,42,47,54,59,62,85,91,94,124,126,127" machi="62" ten="40,5200,0" yaku="1,1,18,1,52,1,53,0" doraHai="84" doraHaiUra="45" who="1" fromWho="3" sc="276,0,96,65,353,0,265,-55" /><INIT seed="4,0,0,1,1,105" ten="276,161,353,210" oya="0" hai0="89,38,106,93,49,79,104,10,101,134,64,4,129" hai1="45,21,128,91,2,46,20,68,133,97,100,71,98" hai2="87,42,70,112,41,121,119,47,17,50,39,107,92" hai3="18,0,59,127,103,58,19,11,80,52,57,135,62"/><T108/><D38/><U96/><E100/><V26/><F107/><W82/><G135/><T23/><D101/><U22/><E133/><V123/><F26/><W69/><G127/><T110/><D134/><U35/><E2/><V51/><F17/><N who="3" m="6155" /><G0/><T122/><D122/><N who="2" m="46602" /><F92/><W28/><G69/><T24/><D64/><U60/><E128/><V13/><F13/><W65/><G28/><N who="0" m="17439" /><D49/><N who="2" m="18442" /><F87/><W81/><G103/><T83/><D129/><U84/><E60/><V94/><F94/><W29/><G29/><T6/><D106/><U111/><E35/><V67/><F112/><W55/><G11/><T86/><D10/><U78/><E78/><V130/><F130/><W113/><G113/><T37/><D37/><U3/><E3/><V72/><F72/><W43/><G43/><T61/><D104/><U66/><E66/><V102/><F102/><W99/><G99/><N who="0" m="57775" /><D61/><U75/><E111/><AGARI ba="0,0" hai="4,6,79,83,86,108,110,111" m="57775,17439" machi="111" ten="30,1500,0" yaku="10,1" doraHai="105" who="0" fromWho="1" sc="276,15,161,-15,353,0,210,0" /><INIT seed="4,1,0,1,5,130" ten="291,146,353,210" oya="0" hai0="135,23,49,81,30,39,40,132,0,20,65,97,110" hai1="101,67,17,33,9,108,103,34,115,91,29,123,43" hai2="100,37,61,59,64,35,71,42,82,107,78,31,85" hai3="6,53,1,12,96,26,70,90,11,10,16,77,55"/><T28/><D39/><U41/><E108/><V98/><F59/><W99/><G70/><T8/><D65/><U125/><E123/><V116/><F116/><W73/><G73/><T119/><D119/><U4/><E17/><V118/><F118/><W88/><G77/><T44/><D110/><U56/><E125/><V52/><F52/><W47/><G26/><T38/><D49/><U124/><E124/><V48/><F48/><W94/><G47/><T93/><D81/><U75/><E75/><V36/><REACH who="2" step="1"/><F42/><REACH who="2" ten="291,146,343,210" step="2"/><W68/><REACH who="3" step="1"/><G68/><REACH who="3" ten="291,146,343,200" step="2"/><T13/><D44/><U121/><E56/><V60/><F60/><W126/><G126/><T114/><D40/><U113/><E41/><V117/><F117/><W14/><G14/><T66/><D13/><U105/><E43/><V120/><F120/><W72/><G72/><T102/><D0/><U25/><E121/><V92/><F92/><AGARI ba="1,2" hai="1,6,10,11,12,16,53,55,88,90,92,94,96,99" machi="92" ten="40,8000,1" yaku="1,1,9,1,54,2,53,0" doraHai="130" doraHaiUra="112" who="3" fromWho="2" sc="291,0,146,0,343,-83,200,103" /><INIT seed="5,0,0,2,4,112" ten="291,146,260,303" oya="1" hai0="127,106,50,1,115,41,114,110,62,102,98,67,103" hai1="51,32,64,38,16,29,44,47,85,53,91,80,92" hai2="25,121,125,119,27,31,7,70,6,26,135,20,74" hai3="73,28,111,58,49,57,65,12,33,43,69,123,36"/><U90/><E64/><V128/><F74/><W77/><G111/><T13/><D1/><U30/><E32/><N who="2" m="20591" /><F70/><W93/><G123/><T134/><D127/><U116/><E116/><V95/><F95/><W124/><G124/><T87/><D134/><U17/><E38/><V79/><F125/><W10/><G28/><T11/><D110/><U97/><E44/><V104/><F104/><W96/><G33/><T66/><D103/><U22/><REACH who="1" step="1"/><E17/><REACH who="1" ten="291,136,260,303" step="2"/><V108/><F119/><W42/><G36/><T105/><D67/><U89/><E89/><V94/><F108/><W82/><G65/><T60/><D66/><U100/><E100/><V86/><F121/><W71/><G71/><T24/><D102/><U3/><E3/><V118/><F118/><W78/><G69/><T109/><D109/><U122/><E122/><V45/><F45/><W48/><G58/><T2/><D2/><U59/><E59/><V68/><F68/><W130/><G57/><T5/><D115/><U107/><E107/><V75/><F135/><W133/><G133/><T129/><D114/><U88/><E88/><V0/><F0/><W120/><G120/><T63/><D106/><U4/><E4/><V21/><F6/><W14/><G78/><T19/><D105/><U46/><E46/><V84/><F7/><W72/><G77/><T113/><D5/><U56/><E56/><V23/><F79/><W8/><G49/><T35/><D50/><U34/><E34/><V37/><F37/><W15/><G48/><T40/><D113/><U81/><E81/><V54/><F94/><W61/><G93/><RYUUKYOKU ba="0,1" sc="291,-10,136,30,260,-10,303,-10" hai1="16,22,29,30,47,51,53,80,85,90,91,92,97" /><INIT seed="5,1,1,2,1,19" ten="281,166,250,293" oya="1" hai0="23,39,95,11,88,50,100,64,132,46,43,45,48" hai1="108,17,12,110,123,89,105,107,61,24,104,27,101" hai2="37,30,92,90,109,42,70,29,131,93,26,85,3" hai3="72,112,10,38,80,130,117,114,0,129,102,118,20"/><U84/><E123/><V59/><F109/><N who="1" m="42089" /><E61/><V122/><F122/><W124/><G38/><T98/><D132/><U83/><E101/><V116/><F116/><N who="3" m="44651" /><G124/><T33/><D33/><U134/><E134/><V128/><F70/><W15/><G102/><T53/><D64/><U126/><E126/><V9/><F59/><W41/><G41/><T31/><D11/><AGARI ba="1,1" hai="11,12,17,24,27,83,84,89,104,105,107" m="42089" machi="11" ten="40,2000,0" yaku="10,1" doraHai="19" who="1" fromWho="0" sc="281,-23,166,33,250,0,293,0" /><INIT seed="5,2,0,1,1,122" ten="258,199,250,293" oya="1" hai0="71,60,7,91,63,92,78,83,20,43,102,129,81" hai1="104,11,96,58,29,99,107,73,130,84,31,85,117" hai2="100,70,25,1,40,119,115,131,46,89,124,34,55" hai3="106,27,45,69,59,28,67,110,49,26,35,50,4"/><U75/><E117/><V76/><F119/><W22/><G69/><T132/><D71/><U16/><E58/><V12/><F1/><W38/><G106/><T19/><D129/><U72/><E130/><V42/><F131/><W10/><G110/><T112/><D112/><U61/><E61/><V68/><F115/><W21/><G35/><T94/><D132/><U82/><E82/><V32/><F76/><W87/><G87/><N who="1" m="33354" /><E11/><V33/><F100/><W6/><G38/><T80/><D80/><U48/><E48/><V111/><F89/><W133/><G133/><T134/><D134/><U3/><E16/><V118/><F118/><W90/><G10/><T47/><D19/><U65/><E65/><V125/><F70/><W97/><G59/><T37/><D37/><U52/><E52/><V17/><F68/><W24/><G67/><T120/><D81/><U95/><E3/><V108/><F55/><W103/><G50/><T0/><D0/><U23/><E23/><N who="2" m="11687" /><F25/><W77/><G27/><T74/><D78/><U127/><E127/><N who="2" m="48715" /><F40/><W18/><G77/><T51/><D43/><U109/><E109/><N who="2" m="42059" /><F32/><W57/><G26/><T79/><D79/><U66/><E66/><V41/><F41/><W86/><G24/><T64/><D64/><U114/><E114/><V62/><F62/><W14/><G28/><N who="1" m="10826" /><E95/><V56/><F56/><W5/><G57/><T113/><D113/><U30/><N who="1" m="10834" /><U8/><DORA hai="116" /><E8/><V15/><F15/><W135/><G14/><T39/><D94/><U93/><E93/><V53/><F53/><W54/><G54/><T128/><D128/><RYUUKYOKU ba="2,0" sc="258,-15,199,15,250,15,293,-15" hai1="72,73,75,96,99,104,107" hai2="33,34,42,46" /><INIT seed="5,3,0,1,5,48" ten="243,214,265,278" oya="1" hai0="130,102,4,18,39,21,41,19,50,135,120,118,61" hai1="13,98,46,49,26,87,60,85,38,106,59,2,30" hai2="25,121,108,32,82,77,111,94,70,51,66,78,86" hai3="72,129,10,133,16,31,12,79,44,20,131,81,40"/><U58/><E2/><V17/><F121/><W114/><G114/><T107/><D118/><U6/><E38/><V45/><F78/><W104/><G104/><T63/><D39/><U80/><E59/><V3/><F3/><W73/><G133/><T84/><D4/><U62/><E87/><V67/><F94/><W126/><G126/><T124/><D18/><U112/><E112/><V93/><F93/><W54/><G54/><T69/><D69/><U123/><E123/><V7/><F7/><W99/><G99/><T1/><D19/><U134/><E134/><V88/><F77/><W113/><G113/><T57/><D21/><N who="1" m="15695" /><E58/><V29/><F17/><W28/><G73/><T42/><D57/><U36/><E36/><V37/><F37/><N who="3" m="21519" /><G20/><T117/><D84/><U11/><E98/><V8/><F8/><W110/><G110/><T95/><D135/><U101/><E101/><V24/><F24/><W100/><G100/><T0/><D102/><U52/><E106/><V97/><F97/><W5/><G5/><T122/><D107/><U43/><E43/><V96/><F96/><W9/><G9/><T127/><D42/><U119/><E119/><V23/><F32/><W71/><G71/><T68/><D41/><U65/><E65/><N who="2" m="24587" /><F70/><W27/><G27/><T22/><D68/><U56/><E56/><V34/><F34/><W53/><G53/><T74/><D122/><U116/><E116/><V103/><F103/><W14/><G14/><T125/><D117/><U115/><E115/><V89/><F89/><AGARI ba="3,0" hai="6,11,13,46,49,52,60,62,80,85,89" m="15695" machi="89" ten="30,5800,0" yaku="8,1,52,1,54,1" doraHai="48" who="1" fromWho="2" sc="243,0,214,67,265,-67,278,0" /><INIT seed="5,4,0,5,0,35" ten="243,281,198,278" oya="1" hai0="28,68,61,31,33,21,133,82,40,42,123,54,66" hai1="60,98,96,4,132,34,30,87,69,6,39,114,44" hai2="32,86,78,38,112,104,51,7,48,100,106,126,37" hai3="110,131,101,80,119,18,58,79,81,95,120,77,29"/><U134/><E114/><V107/><F32/><W1/><G110/><T113/><D33/><U14/><E87/><V16/><F100/><W3/><G120/><T85/><D113/><U116/><E116/><V93/><F112/><W9/><G29/><T46/><D123/><U43/><E30/><V23/><F7/><W130/><G119/><T65/><D133/><N who="1" m="51307" /><E34/><V17/><F126/><W99/><G58/><N who="0" m="35031" /><D68/><U72/><E72/><V36/><F93/><W90/><G101/><T121/><D121/><U109/><E109/><V19/><F23/><W92/><G18/><T47/><D31/><U118/><E118/><V129/><F129/><N who="3" m="49163" /><G9/><T41/><D21/><U91/><E14/><V127/><F127/><W117/><G95/><T103/><D103/><U13/><E13/><V27/><F27/><W0/><G117/><T70/><D70/><U111/><E111/><V11/><F11/><W52/><G52/><T88/><D28/><U71/><E71/><V45/><F45/><AGARI ba="4,0" hai="40,41,42,45,46,47,65,66,82,85,88" m="35031" machi="45" ten="30,2000,0" yaku="8,1,54,1" doraHai="35" who="0" fromWho="2" sc="243,32,281,0,198,-32,278,0" /><INIT seed="6,0,0,0,2,96" ten="275,281,166,278" oya="2" hai0="55,2,95,13,87,132,10,21,82,30,7,121,34" hai1="37,135,81,35,76,79,27,61,131,17,48,107,103" hai2="29,134,86,40,50,102,45,104,41,0,122,3,47" hai3="68,93,49,125,19,22,46,32,99,73,9,72,31"/><V23/><F122/><W44/><G68/><T126/><D121/><U67/><E37/><V101/><F134/><W98/><G125/><T85/><D126/><U124/><E135/><V36/><F86/><W129/><G129/><T64/><D132/><U75/><E76/><V1/><REACH who="2" step="1"/><F104/><REACH who="2" ten="275,281,156,278" step="2"/><W51/><G72/><T62/><D87/><U94/><E107/><V8/><F8/><W71/><G9/><T127/><D85/><U110/><E124/><V56/><F56/><W80/><G73/><T91/><D127/><U120/><E120/><V106/><F106/><W83/><G71/><T39/><D10/><U114/><E75/><V4/><F4/><W60/><G83/><T53/><D82/><U12/><E81/><V69/><F69/><W119/><G80/><T52/><D7/><U128/><E79/><V18/><F18/><W97/><G19/><T116/><D95/><U54/><E94/><V26/><AGARI ba="0,1" hai="0,1,3,23,26,29,36,40,41,45,47,50,101,102" machi="26" ten="40,12000,1" yaku="1,1,0,1,52,2,53,0" doraHai="96" doraHaiUra="78" who="2" fromWho="2" sc="275,-40,281,-40,156,130,278,-40" /><INIT seed="6,1,0,3,3,3" ten="235,241,286,238" oya="2" hai0="95,130,134,26,87,99,98,135,82,69,19,14,128" hai1="18,101,23,110,28,41,111,20,61,67,116,100,35" hai2="66,102,132,68,13,43,33,11,21,73,29,129,54" hai3="44,17,85,113,124,76,89,83,97,10,94,58,88"/><V46/><F33/><W119/><G119/><T107/><D69/><U32/><E41/><V127/><F73/><W38/><G124/><T6/><D26/><U47/><E47/><V75/><F75/><W84/><G113/><T49/><D49/><U39/><E61/><V104/><F127/><W50/><G38/><T0/><D0/><U77/><E77/><V115/><F115/><W91/><G58/><T63/><D63/><U72/><E72/><V9/><F68/><W60/><G60/><T4/><D107/><U122/><E28/><V112/><F112/><W24/><G24/><T126/><D126/><U86/><E86/><V25/><F66/><W70/><G70/><T40/><D40/><U59/><E59/><V81/><F129/><N who="0" m="49770" /><D87/><U2/><E2/><V30/><F43/><N who="3" m="24863" /><G83/><T37/><D82/><U48/><E39/><V114/><F81/><N who="3" m="47143" /><G85/><T108/><D108/><U5/><E48/><V57/><F114/><W62/><G62/><T1/><D37/><U16/><E67/><V105/><F46/><W15/><AGARI ba="1,0" hai="10,15,17,88,89,91,94,97" m="47143,24863" machi="15" ten="30,2000,0" yaku="8,1,54,1" doraHai="3" who="3" fromWho="3" sc="235,-6,241,-6,286,-11,238,23" /><INIT seed="7,0,0,5,3,8" ten="229,235,275,261" oya="3" hai0="127,28,111,54,5,16,96,92,90,12,99,41,97" hai1="80,40,133,115,14,110,51,10,76,20,78,117,49" hai2="128,122,26,0,106,89,44,34,6,15,45,1,17" hai3="31,82,79,37,21,77,134,30,60,86,9,104,114"/><W119/><G119/><T61/><D111/><U81/><E110/><V72/><F106/><W68/><G37/><T70/><D127/><U59/><E133/><V84/><F72/><W4/><G104/><T74/><D74/><U55/><E115/><V131/><F122/><W93/><G114/><T120/><D120/><U98/><E98/><N who="0" m="37993" /><D70/><U27/><E117/><V35/><F45/><W105/><G105/><T58/><D28/><N who="1" m="17511" /><E49/><V101/><F101/><W50/><G79/><N who="1" m="30250" /><E40/><V43/><F0/><W23/><G68/><T130/><D130/><N who="2" m="49706" /><F1/><W132/><G31/><T13/><D5/><AGARI ba="0,0" hai="5,10,14,51,55,59,80,81" m="30250,17511" machi="5" ten="30,2000,0" yaku="8,1,52,1" doraHai="8" who="1" fromWho="0" sc="229,-20,235,20,275,0,261,0" /><INIT seed="8,0,0,5,4,74" ten="209,255,275,261" oya="0" hai0="36,15,87,109,7,27,127,33,93,79,23,54,112" hai1="62,80,98,115,1,26,113,40,66,55,63,29,35" hai2="90,123,120,129,96,22,31,6,122,12,4,88,67" hai3="5,103,97,104,108,42,91,19,130,47,71,105,8"/><T43/><D112/><N who="1" m="43083" /><E1/><V16/><F129/><W51/><G108/><T101/><D127/><U75/><E40/><V58/><F31/><W59/><G71/><T46/><D109/><U28/><E28/><V121/><N who="2" m="30720" /><DORA hai="84" /><V37/><F37/><W20/><G130/><T21/><D33/><U92/><E55/><V34/><F34/><W132/><G59/><T111/><D111/><U56/><E63/><V69/><F69/><W110/><G91/><T72/><D27/><U41/><E41/><V52/><F67/><W134/><G105/><T11/><D72/><U95/><E98/><V135/><F135/><W10/><G110/><T76/><D54/><U82/><E82/><V102/><F4/><W3/><G8/><T25/><D23/><U100/><E100/><V68/><F6/><W89/><G134/><T9/><D9/><U14/><E14/><V70/><F70/><W39/><G39/><T45/><D45/><U94/><E80/><V78/><F68/><W86/><G132/><T106/><D106/><U118/><E75/><V61/><REACH who="2" step="1"/><F78/><REACH who="2" ten="209,255,265,261" step="2"/><W83/><G19/><T116/><D116/><AGARI ba="0,1" hai="26,29,35,56,62,66,92,94,95,116,118" m="43083" machi="116" ten="40,1300,0" yaku="11,1" doraHai="74,84" who="1" fromWho="0" sc="209,-13,255,23,265,0,261,0" /><INIT seed="9,0,0,1,2,81" ten="196,278,265,261" oya="1" hai0="99,20,14,34,82,57,41,120,134,110,85,13,59" hai1="56,16,9,7,51,75,84,69,68,50,65,111,97" hai2="89,77,132,19,18,66,123,105,70,79,33,130,48" hai3="24,5,72,106,63,28,131,3,80,62,100,47,109"/><U127/><E75/><V95/><F123/><W30/><G109/><T64/><D110/><U107/><E127/><V87/><F105/><W10/><G131/><T93/><D34/><U102/><E111/><V31/><F130/><W1/><G1/><T124/><BYE who="3" /><D124/><U94/><E50/><UN n3="%62%73%64%5F%33" /><V58/><F132/><W119/><G119/><T25/><D134/><U40/><E16/><N who="2" m="6187" /><F70/><W44/><G30/><N who="0" m="17703" /><D41/><U49/><E51/><V27/><F33/><W0/><G0/><T52/><D64/><U116/><E116/><V113/><F113/><W67/><G63/><N who="0" m="36263" /><D59/><U129/><E129/><V45/><F27/><W29/><G106/><T115/><D115/><U96/><E68/><V118/><F31/><W86/><G72/><T22/><D22/><U8/><E69/><V26/><F26/><W61/><G29/><T122/><D122/><U43/><E65/><V39/><F39/><W125/><G125/><T17/><D17/><U78/><E56/><V104/><F104/><W108/><G108/><T73/><D73/><U15/><E49/><V101/><F118/><W21/><G62/><T6/><D6/><U76/><E7/><V103/><F66/><W54/><G67/><T60/><D60/><U35/><E35/><V117/><F58/><N who="3" m="35031" /><G47/><T12/><D120/><U23/><E107/><V37/><F37/><W83/><G44/><T112/><D112/><U74/><E40/><N who="2" m="24615" /><F117/><W90/><G100/><AGARI ba="0,0" hai="77,79,87,89,95,100,101,103" m="24615,6187" machi="100" ten="30,3900,0" yaku="8,1,52,1,54,1" doraHai="81" who="2" fromWho="3" sc="196,0,278,0,265,39,261,-39" owari="196,-30.4,278,7.8,304,40.4,222,-17.8" /></mjloggm>