<mjloggm ver="2.3"><GO type="169" lobby="0"/><UN n0="%E3%82%A2%E3%83%A9%E3%82%B5%E3%83%BC%E3%81%A0%E3%82%88%21%21" n1="%E6%84%9A%E5%85%84%E3%81%8C%E6%84%9A%E5%BD%A2" n2="%48%41%43%4F" n3="%62%73%64%5F%33" dan="18,18,16,17" rate="2224.15,2216.52,2071.55,2135.13" sx="F,M,M,F"/><TAIKYOKU oya="0"/><INIT seed="0,0,0,1,4,31" ten="250,250,250,250" oya="0" hai0="103,116,8,49,133,0,48,123,33,111,42,78,7" hai1="93,131,61,51,95,30,134,26,16,57,66,50,35" hai2="2,47,21,22,29,83,70,88,120,3,89,43,13" hai3="122,14,125,85,107,84,56,113,25,23,100,45,37"/><T132/><D123/><U39/><E39/><V90/><F120/><W106/><G113/><T6/><D116/><U17/><E131/><V41/><F70/><W36/><G122/><T28/><D7/><U18/><E134/><N who="0" m="51817" /><D103/><U4/><E4/><V15/><F83/><W32/><G32/><T77/><D111/><U98/><REACH who="1" step="1"/><E93/><REACH who="1" ten="250,240,250,250" step="2"/><V10/><F2/><W63/><G37/><T46/><D49/><U11/><E11/><V82/><F3/><W115/><G36/><T19/><D19/><U118/><E118/><V97/><F10/><W62/><G106/><T67/><D67/><U60/><E60/><V128/><F128/><W130/><G107/><T34/><D28/><U112/><E112/><V75/><F29/><W40/><G63/><T44/><D44/><U99/><E99/><V127/><F97/><W52/><G45/><T81/><D78/><U121/><E121/><V92/><F47/><W91/><G130/><T117/><D117/><U74/><E74/><AGARI ba="0,1" hai="0,6,8,33,34,42,46,48,74,77,81" m="51817" machi="74" ten="30,5800,0" yaku="20,1,52,2" doraHai="31" who="0" fromWho="1" sc="250,68,240,-58,250,0,250,0" /><INIT seed="0,1,0,2,0,49" ten="318,182,250,250" oya="0" hai0="77,28,109,107,104,38,70,1,40,126,115,12,73" hai1="76,23,33,37,90,14,65,13,11,52,61,75,16" hai2="67,4,122,112,58,83,3,47,10,81,66,31,131" hai3="124,118,18,60,64,17,121,39,51,128,24,127,100"/><T99/><D115/><U44/><E33/><V46/><F122/><W27/><G39/><T78/><D1/><U132/><E37/><V41/><F47/><W74/><G74/><T56/><D28/><U87/><E75/><V50/><F131/><W117/><G128/><T57/><D70/><U96/><E132/><V106/><F106/><W6/><G100/><T8/><D38/><U29/><E76/><V103/><F103/><W9/><G51/><T101/><D126/><N who="3" m="48169" /><G60/><T102/><D73/><U114/><E114/><V84/><F31/><W5/><G64/><T105/><D109/><U63/><E96/><V120/><F120/><W71/><G71/><T62/><D40/><U19/><E29/><V110/><F110/><W135/><G135/><T95/><D102/><U68/><E68/><V25/><F67/><W42/><G42/><T125/><D125/><U123/><E65/><V59/><F66/><W98/><G98/><T92/><D62/><U80/><E123/><V35/><F112/><W30/><G30/><T48/><D101/><U85/><E87/><V88/><F35/><W55/><G55/><T79/><D99/><U133/><E133/><V72/><REACH who="2" step="1"/><F25/><REACH who="2" ten="318,182,240,250" step="2"/><N who="3" m="9803" /><G121/><T134/><D134/><U20/><REACH who="1" step="1"/><E20/><REACH who="1" ten="318,172,240,250" step="2"/><V0/><F0/><N who="3" m="167" /><G6/><T111/><D107/><U7/><E7/><V116/><F116/><AGARI ba="1,2" hai="17,18,116,117,118" m="167,9803,48169" machi="116" ten="30,3900,0" yaku="18,1,34,2" doraHai="49" who="3" fromWho="2" sc="318,0,172,0,240,-42,250,62" /><INIT seed="1,0,0,4,1,113" ten="318,172,198,312" oya="1" hai0="109,105,34,135,84,35,24,77,39,120,108,107,46" hai1="16,119,92,71,97,102,67,96,79,45,30,88,89" hai2="4,100,126,124,15,66,95,58,3,26,40,53,106" hai3="122,131,82,52,83,6,5,70,103,41,117,99,29"/><U0/><E0/><V128/><F106/><W104/><G122/><T19/><D135/><U49/><E30/><V14/><F40/><W56/><G131/><T87/><D120/><U28/><E28/><V42/><F42/><W134/><G134/><T65/><D65/><U90/><E79/><V32/><F66/><W25/><G70/><T78/><D46/><U125/><E125/><N who="2" m="48235" /><F26/><W121/><G121/><T18/><REACH who="0" step="1"/><D24/><REACH who="0" ten="308,172,198,312" step="2"/><U123/><E123/><V132/><F132/><W98/><G25/><T61/><D61/><U110/><E67/><V85/><F128/><W94/><G41/><T33/><D33/><U116/><E71/><V127/><F32/><W36/><G56/><T55/><D55/><U73/><E110/><V50/><F58/><W11/><G52/><T12/><D12/><U63/><E63/><V54/><F53/><W51/><G36/><AGARI ba="0,1" hai="18,19,34,35,36,39,77,78,84,87,105,107,108,109" machi="36" ten="25,8000,1" yaku="1,1,22,2,53,2" doraHai="113" doraHaiUra="72" who="0" fromWho="3" sc="308,90,172,0,198,0,312,-80" /><INIT seed="2,0,0,1,3,24" ten="398,172,198,232" oya="2" hai0="41,6,38,135,48,2,25,123,14,109,32,86,13" hai1="51,62,60,114,96,29,95,49,21,58,127,107,37" hai2="112,84,34,31,105,56,110,46,45,134,27,93,65" hai3="113,33,76,59,55,52,9,121,39,132,35,22,124"/><V102/><F112/><W3/><G121/><T80/><D109/><U129/><E37/><V17/><F134/><W101/><G132/><T94/><D135/><U125/><E107/><V61/><F110/><W116/><G116/><T130/><D130/><U15/><E129/><V23/><F105/><W1/><G124/><N who="1" m="47690" /><E15/><V119/><F119/><W87/><G39/><T118/><D2/><U117/><E62/><V12/><REACH who="2" step="1"/><F102/><REACH who="2" ten="398,172,188,232" step="2"/><W8/><G101/><T120/><D118/><U98/><E114/><V4/><F4/><W57/><G113/><T20/><D6/><U26/><E117/><V16/><F16/><W89/><G3/><T10/><D10/><U100/><E98/><V28/><F28/><W36/><G1/><T78/><D120/><U69/><E69/><V128/><F128/><W111/><G8/><T7/><D123/><U42/><E42/><V131/><F131/><W85/><G9/><T92/><D41/><U115/><E115/><V11/><F11/><W63/><G111/><T82/><D7/><U83/><E83/><V53/><F53/><AGARI ba="0,1" hai="21,26,29,49,51,53,58,60,95,96,100" m="47690" machi="53" ten="30,2000,0" yaku="18,1,52,1" doraHai="24" who="1" fromWho="2" sc="398,0,172,30,188,-20,232,0" /><INIT seed="3,0,0,5,5,90" ten="398,202,168,232" oya="3" hai0="10,27,119,45,52,106,6,110,89,16,13,115,7" hai1="38,28,72,67,22,54,121,98,93,37,78,36,105" hai2="101,75,12,14,111,1,127,130,79,56,33,32,61" hai3="88,60,39,81,65,126,30,34,118,8,51,4,86"/><W2/><G118/><T55/><D106/><U20/><E121/><V129/><F75/><W112/><G39/><T84/><D119/><U64/><E105/><V24/><F79/><W122/><G122/><T59/><D110/><U29/><E54/><V80/><F80/><W31/><G112/><T113/><D45/><U128/><E128/><N who="2" m="49259" /><F101/><W95/><G126/><T131/><D131/><U83/><E22/><V25/><F56/><W100/><G34/><N who="2" m="13417" /><F61/><W19/><G19/><T42/><D42/><U109/><E109/><V76/><F76/><W57/><REACH who="3" step="1"/><G51/><REACH who="3" ten="398,202,168,222" step="2"/><T70/><D113/><U41/><E36/><V99/><F111/><W23/><G23/><T123/><D115/><U49/><E37/><V107/><F127/><W0/><G0/><T102/><D16/><U21/><E21/><V73/><F1/><W58/><G58/><T77/><D59/><U63/><E38/><V96/><F12/><W47/><G47/><T46/><D13/><U117/><E117/><V62/><F14/><W120/><G120/><T85/><D46/><U53/><E49/><V26/><F24/><W133/><G133/><T91/><D27/><U5/><E20/><V124/><F25/><W18/><G18/><T17/><D123/><U97/><E29/><V82/><F26/><W69/><G69/><T103/><D17/><U15/><E28/><V50/><F124/><W108/><G108/><T35/><D70/><U134/><E134/><V87/><F50/><W125/><G125/><T66/><D35/><U9/><E15/><V48/><F48/><W92/><G92/><T3/><D3/><RYUUKYOKU ba="0,1" sc="398,-10,202,-10,168,-10,222,30" hai3="2,4,8,30,31,57,60,65,81,86,88,95,100" /><INIT seed="3,1,1,5,1,131" ten="388,192,158,252" oya="3" hai0="41,1,28,120,20,2,8,92,5,11,51,26,91" hai1="3,121,12,37,108,114,4,98,78,111,23,99,128" hai2="48,65,67,88,103,42,89,9,95,55,135,105,84" hai3="64,58,77,80,35,10,29,43,25,31,75,127,34"/><W62/><G127/><T106/><D106/><U39/><E121/><V96/><F135/><W87/><G43/><T74/><D74/><U104/><E114/><V69/><F69/><W44/><G44/><T40/><D120/><U56/><E78/><V101/><F42/><W19/><G75/><T81/><D81/><U129/><E56/><V72/><F72/><W86/><G86/><T133/><D133/><U115/><E3/><V18/><F89/><W15/><REACH who="3" step="1"/><G31/><REACH who="3" ten="388,192,158,242" step="2"/><T38/><D41/><U6/><E129/><V61/><F84/><W97/><G97/><T70/><D40/><U113/><E98/><V82/><F96/><W93/><G93/><T102/><D28/><U57/><E128/><V110/><F82/><W27/><G27/><T79/><D26/><U73/><E73/><V124/><F124/><W125/><G125/><T107/><D92/><U130/><E130/><V60/><F95/><W33/><AGARI ba="1,2" hai="10,15,19,25,29,33,34,35,58,62,64,77,80,87" machi="33" ten="20,7800,0" yaku="1,1,0,1,7,1,53,1" doraHai="131" doraHaiUra="13" who="3" fromWho="3" sc="388,-27,192,-27,158,-27,242,101" /><INIT seed="3,2,0,2,3,113" ten="361,165,131,343" oya="3" hai0="126,88,79,127,50,65,85,95,27,78,84,71,122" hai1="35,74,106,121,103,76,11,31,62,101,69,100,107" hai2="114,4,57,77,44,118,112,104,83,98,123,105,131" hai3="41,86,6,108,92,63,97,17,89,128,87,66,109"/><W132/><G132/><T52/><D122/><U39/><E39/><V124/><F57/><W56/><G128/><T72/><D72/><U135/><E121/><V115/><F44/><W20/><G6/><T119/><D119/><U129/><E135/><V30/><F30/><W24/><REACH who="3" step="1"/><G41/><REACH who="3" ten="361,165,131,333" step="2"/><T8/><D127/><U93/><E129/><V116/><F4/><W19/><G19/><T99/><D126/><U23/><E31/><V130/><F124/><W37/><G37/><T134/><D134/><U75/><E107/><N who="2" m="41035" /><F123/><W80/><G80/><T2/><D2/><U94/><E106/><V46/><F131/><W14/><G14/><T42/><D42/><U13/><E13/><V51/><F130/><W32/><G32/><T59/><D27/><U110/><E35/><V60/><F115/><W0/><G0/><T117/><D117/><U96/><E93/><V25/><F114/><W54/><G54/><T45/><D65/><U53/><E53/><N who="2" m="29943" /><F112/><W47/><G47/><T90/><D45/><U70/><E94/><V48/><F118/><W16/><G16/><T55/><D55/><U29/><E29/><V49/><F116/><W5/><G5/><T61/><D95/><U81/><E81/><V58/><F25/><W68/><G68/><T36/><D71/><U7/><E70/><V43/><F43/><W10/><G10/><T102/><D8/><U82/><E7/><V133/><F133/><W12/><G12/><T120/><D36/><U38/><E38/><V40/><F40/><W18/><G18/><T33/><D120/><U21/><E69/><V22/><F83/><RYUUKYOKU ba="2,1" sc="361,-10,165,-10,131,-10,333,30" hai3="17,20,24,56,63,66,86,87,89,92,97,108,109" /><INIT seed="3,3,1,1,1,6" ten="351,155,121,363" oya="3" hai0="90,134,10,122,41,28,92,131,88,71,25,51,130" hai1="101,0,133,1,45,54,31,63,35,119,113,135,48" hai2="98,116,102,58,50,109,55,13,53,79,38,84,103" hai3="40,19,121,59,30,89,42,18,2,97,74,69,64"/><W15/><G121/><T22/><D71/><U36/><E113/><V7/><F109/><W20/><G74/><T49/><D122/><U56/><E101/><V16/><F38/><W112/><G2/><T75/><D75/><U8/><E36/><V4/><F116/><W37/><G69/><T100/><D134/><U115/><E115/><V68/><F68/><W44/><G42/><T14/><D100/><N who="2" m="38442" /><F98/><W99/><G30/><T104/><D104/><U125/><E125/><V106/><F106/><W26/><G112/><T80/><D80/><U132/><E119/><V72/><F72/><W82/><G64/><T87/><D90/><U47/><E47/><N who="2" m="27871" /><F84/><W3/><G3/><T27/><D27/><U24/><REACH who="1" step="1"/><E8/><REACH who="1" ten="351,145,121,363" step="2"/><N who="2" m="6183" /><F79/><W94/><G37/><T29/><D130/><U65/><AGARI ba="3,2" hai="0,1,24,31,35,45,48,54,56,63,65,132,133,135" machi="65" ten="30,7900,0" yaku="1,1,0,1,20,1,53,1" doraHai="6" doraHaiUra="21" who="1" fromWho="1" sc="351,-23,145,108,121,-23,363,-42" /><INIT seed="4,0,0,2,0,16" ten="328,253,98,321" oya="0" hai0="7,32,31,20,115,41,43,101,62,19,102,119,128" hai1="67,118,91,126,133,1,90,125,23,124,114,46,18" hai2="10,98,89,54,95,112,75,61,9,21,11,69,24" hai3="97,30,109,111,57,35,120,84,82,117,59,85,113"/><T127/><D119/><U47/><E118/><V34/><F112/><W48/><G117/><T79/><D115/><U56/><E1/><V27/><F75/><W135/><G113/><T38/><D127/><U132/><E114/><V131/><F131/><W107/><G135/><N who="1" m="51786" /><E56/><V40/><F40/><N who="0" m="15434" /><D38/><U68/><E67/><V94/><F34/><W70/><G70/><T58/><D32/><U104/><E104/><V8/><F27/><W66/><G120/><T116/><D116/><U64/><E64/><V44/><F69/><W42/><G66/><N who="0" m="39255" /><D128/><U129/><E68/><V76/><F61/><W45/><G107/><T5/><D31/><U52/><E129/><V17/><F76/><W39/><G30/><T73/><D79/><U130/><E130/><V63/><F63/><W53/><G35/><T4/><D73/><U12/><E47/><V81/><N who="2" m="2048" /><DORA hai="60" /><V80/><REACH who="2" step="1"/><F95/><REACH who="2" ten="328,253,88,321" step="2"/><W103/><G42/><T6/><D6/><U22/><E22/><V0/><F0/><W87/><G39/><T96/><D5/><U55/><E55/><V99/><F99/><W25/><G97/><T106/><D96/><U92/><E92/><V134/><F134/><W14/><G53/><T26/><D106/><U28/><E28/><V93/><F93/><W72/><G72/><T100/><AGARI ba="0,1" hai="4,7,19,20,26,100,101,102" m="39255,15434" machi="100" ten="30,6000,0" yaku="8,1,52,2" doraHai="16,60" who="0" fromWho="0" sc="328,70,253,-20,88,-20,321,-20" /><INIT seed="4,1,0,5,0,19" ten="398,233,68,301" oya="0" hai0="77,38,35,124,34,115,67,22,57,32,96,14,87" hai1="23,46,18,30,103,15,53,26,91,116,16,95,64" hai2="37,74,17,112,126,133,61,120,11,21,94,102,98" hai3="28,97,76,99,83,49,78,123,92,42,43,54,101"/><T118/><D118/><U72/><E72/><V25/><F112/><W105/><G123/><T84/><D38/><U9/><E64/><V82/><F133/><W10/><G28/><T59/><D124/><U117/><E103/><V33/><F126/><W48/><G10/><T20/><D14/><U50/><REACH who="1" step="1"/><E30/><REACH who="1" ten="398,223,68,301" step="2"/><V4/><F120/><W69/><G101/><T111/><D115/><U125/><E125/><V56/><F33/><W89/><G69/><T127/><D34/><U132/><E132/><V128/><F128/><W2/><G105/><T130/><D130/><U66/><E66/><N who="2" m="39207" /><F74/><W114/><G114/><T29/><D67/><U113/><E113/><V62/><F37/><W71/><G71/><T108/><D127/><U0/><E0/><V55/><F82/><W135/><G2/><T81/><D29/><U52/><E52/><V75/><F75/><W36/><G54/><T58/><D81/><U129/><E129/><V1/><F1/><W121/><G36/><T119/><D35/><U45/><E45/><V27/><F55/><W24/><G83/><T93/><D32/><U12/><E12/><N who="2" m="5223" /><F62/><W88/><G135/><T109/><D111/><U106/><E106/><V41/><F41/><W85/><G121/><T8/><D109/><U107/><E107/><V122/><F122/><W47/><G42/><T39/><D108/><U7/><E7/><V134/><F134/><W73/><G43/><T51/><D39/><U5/><E5/><V79/><F27/><W3/><G24/><T110/><D110/><U104/><E104/><V70/><F70/><W90/><G3/><RYUUKYOKU ba="1,1" sc="398,-15,223,15,68,15,301,-15" hai1="9,15,16,18,23,26,46,50,53,91,95,116,117" hai2="17,21,25,79,94,98,102" /><INIT seed="5,2,1,4,2,26" ten="383,238,83,286" oya="1" hai0="15,5,80,130,25,64,124,97,99,19,118,122,24" hai1="92,113,60,17,30,69,59,35,119,55,9,12,45" hai2="131,129,21,42,22,112,98,89,125,66,3,103,37" hai3="96,6,39,13,36,29,18,71,14,109,100,50,115"/><U106/><E113/><V105/><F3/><W81/><G109/><T38/><D118/><U90/><E119/><V10/><F125/><W117/><G71/><T52/><D38/><U27/><E69/><V62/><F112/><W120/><G120/><T32/><D32/><U74/><E74/><V111/><F111/><W102/><G117/><T82/><D124/><U114/><E114/><V72/><F72/><W0/><G0/><T57/><D64/><U46/><REACH who="1" step="1"/><E106/><REACH who="1" ten="383,228,83,286" step="2"/><V133/><F105/><W54/><G115/><T33/><D122/><U121/><E121/><V116/><F116/><W11/><G39/><T126/><D126/><U107/><E107/><V76/><F37/><W86/><G36/><T23/><D130/><U79/><E79/><V73/><F76/><W83/><G102/><T43/><D97/><AGARI ba="2,2" hai="9,12,17,27,30,35,45,46,55,59,60,90,92,97" machi="97" ten="30,11600,0" yaku="1,1,7,1,52,1,53,1" doraHai="26" doraHaiUra="93" who="1" fromWho="0" sc="383,-122,228,142,83,0,286,0" /><INIT seed="5,3,0,3,4,41" ten="261,370,83,286" oya="1" hai0="93,59,66,88,67,114,7,8,9,25,100,127,108" hai1="68,129,12,91,122,60,36,106,48,103,89,38,125" hai2="96,119,58,6,50,81,78,111,49,101,133,102,21" hai3="95,98,76,65,31,86,30,116,104,29,19,4,128"/><U1/><E122/><V2/><F133/><W77/><G128/><T14/><D114/><U79/><E1/><V118/><F111/><W71/><G104/><T131/><D108/><U28/><E79/><V109/><F109/><W22/><G116/><T52/><D127/><U64/><E12/><V15/><F2/><W45/><G4/><T20/><D9/><U123/><E123/><V5/><F101/><W112/><G112/><T44/><D100/><U62/><E62/><V26/><F50/><W135/><G135/><T61/><D131/><U84/><E129/><V55/><F15/><W120/><G65/><T32/><D44/><U113/><E91/><V105/><F118/><W47/><G71/><T90/><D32/><U130/><E125/><V11/><F11/><W17/><G17/><N who="0" m="12431" /><D90/><U72/><E72/><V110/><F110/><W27/><G120/><T37/><D37/><U24/><E113/><V51/><F51/><W97/><G97/><AGARI ba="3,0" hai="7,8,14,52,59,61,66,67,88,93,97" m="12431" machi="97" ten="30,7700,0" yaku="25,1,8,1,54,2" doraHai="41" who="0" fromWho="3" sc="261,86,370,0,83,0,286,-86" /><INIT seed="6,0,0,2,3,30" ten="347,370,83,200" oya="2" hai0="96,105,135,4,116,61,47,131,58,37,94,124,17" hai1="31,119,77,111,74,2,28,123,125,103,79,72,32" hai2="113,19,14,100,108,48,73,42,8,112,75,45,56" hai3="99,7,41,65,133,59,29,23,35,129,20,132,21"/><V101/><F108/><W52/><G41/><T81/><D105/><U87/><E111/><V82/><F82/><W88/><G7/><T68/><D135/><N who="3" m="51785" /><G65/><T49/><D68/><U121/><E2/><V57/><F57/><W90/><G99/><T69/><D69/><U0/><E0/><V80/><F80/><W50/><G129/><T93/><D81/><U83/><E103/><N who="2" m="39499" /><F56/><W12/><G12/><T120/><D37/><U36/><E36/><V54/><F42/><W38/><G38/><T55/><D131/><U97/><E97/><V6/><F6/><W128/><G128/><T63/><D4/><U117/><E83/><V76/><F76/><W13/><G13/><T118/><D58/><U92/><E87/><V78/><F78/><W43/><G43/><T85/><D85/><U122/><E122/><V127/><F127/><W107/><G107/><T53/><D124/><U110/><E110/><V15/><F15/><W130/><G130/><T1/><D120/><U91/><E125/><V44/><F44/><W10/><G10/><T84/><D84/><U26/><E77/><V98/><F98/><W134/><G134/><T67/><D1/><U62/><E79/><V16/><F19/><W25/><AGARI ba="0,0" hai="20,21,23,25,29,35,50,52,59,88,90" m="51785" machi="25" ten="40,8000,1" yaku="20,1,52,1,54,2" doraHai="30" who="3" fromWho="3" sc="347,-20,370,-20,83,-40,200,80" /><INIT seed="7,0,0,5,3,46" ten="327,350,43,280" oya="3" hai0="82,103,120,53,48,86,37,71,91,27,5,79,94" hai1="33,19,22,80,113,108,87,117,12,92,81,45,60" hai2="124,130,26,29,14,50,75,131,51,100,42,13,15" hai3="69,6,134,49,98,59,39,44,78,35,104,76,102"/><W101/><G69/><T23/><D120/><U63/><E108/><V67/><F42/><W84/><G134/><T8/><D71/><U88/><E113/><V3/><F100/><W10/><G35/><T9/><D37/><U90/><E33/><V2/><F75/><W132/><G132/><T18/><D103/><U118/><E45/><V57/><F57/><W127/><G127/><T122/><D5/><U25/><E12/><V34/><F67/><W31/><G31/><T56/><D122/><U116/><E80/><V1/><F124/><W30/><G30/><T126/><D126/><U68/><E68/><V74/><F74/><W129/><G129/><T128/><D128/><U4/><E4/><V95/><BYE who="1" /><REACH who="2" step="1"/><F95/><REACH who="2" ten="327,350,33,280" step="2"/><UN n1="%E6%84%9A%E5%85%84%E3%81%8C%E6%84%9A%E5%BD%A2" /><W16/><G102/><T17/><D17/><U99/><AGARI ba="0,1" hai="19,22,25,60,63,81,87,88,90,92,99,116,117,118" machi="99" ten="30,4000,0" yaku="0,1,12,1,54,1" doraHai="46" who="1" fromWho="1" sc="327,-10,350,50,33,-10,280,-20" owari="317,11.7,400,50.0,23,-47.7,260,-14.0" /></mjloggm>