<mjloggm ver="2.3"><GO type="169" lobby="0"/><UN n0="%E3%82%89%E3%81%84%E3%81%B5%E3%81%8C%E3%83%BC%E3%81%A9%E3%81%99%E3%81%8D" n1="%6E%61%67%61%69%6D%6F" n2="%E9%AB%AD%E9%AF%A8" n3="%E6%84%9A%E5%85%84%E3%81%8C%E6%84%9A%E5%BD%A2" dan="17,16,16,18" rate="2077.84,2123.04,2157.87,2216.18" sx="M,M,M,M"/><TAIKYOKU oya="0"/><INIT seed="0,0,0,2,3,116" ten="250,250,250,250" oya="0" hai0="64,6,90,107,113,78,46,8,109,17,103,124,133" hai1="101,92,67,18,41,2,5,120,45,66,55,54,22" hai2="104,89,79,50,0,132,129,39,68,9,52,93,51" hai3="10,65,131,81,1,11,23,40,100,69,48,91,29"/><T21/><D113/><U102/><E2/><V76/><F104/><W3/><G100/><T56/><D124/><U95/><E5/><V117/><F39/><W77/><G91/><T32/><D32/><U58/><E41/><V115/><F115/><W59/><G69/><T63/><D133/><U28/><E28/><V106/><F106/><W44/><G131/><T24/><D109/><U38/><E38/><V60/><F129/><W135/><G135/><T31/><D78/><U85/><E45/><V122/><F117/><W126/><G126/><T125/><D125/><U49/><E120/><V13/><F0/><W30/><G1/><T96/><D46/><U33/><E33/><V105/><F105/><W80/><G80/><T134/><D90/><U14/><E55/><V47/><F122/><W97/><G97/><T20/><D134/><U62/><E67/><V16/><F132/><W19/><G30/><T130/><D130/><U61/><E61/><V15/><F51/><W111/><G29/><T112/><D112/><U87/><E95/><V43/><F15/><W7/><G111/><T94/><D107/><U88/><REACH who="1" step="1"/><E85/><REACH who="1" ten="250,240,250,250" step="2"/><N who="2" m="52399" /><F68/><W72/><G3/><T114/><D114/><U71/><AGARI ba="0,1" hai="14,18,22,49,54,58,62,66,71,87,88,92,101,102" machi="71" ten="20,16000,3" yaku="1,1,0,1,7,1,25,2,54,1,53,2" doraHai="116" doraHaiUra="99" who="1" fromWho="1" sc="250,-80,240,170,250,-40,250,-40" /><INIT seed="1,0,0,0,0,89" ten="170,410,210,210" oya="1" hai0="97,51,20,87,0,127,31,46,107,29,5,4,11" hai1="101,22,128,67,37,54,53,82,95,44,118,104,61" hai2="131,125,12,62,69,135,77,3,55,23,28,32,6" hai3="94,111,123,83,84,21,122,49,73,14,106,90,48"/><U74/><E104/><V121/><F69/><W19/><G106/><T129/><D127/><U63/><E118/><V35/><F77/><W91/><G111/><T26/><D129/><U57/><E128/><V39/><F39/><W80/><G73/><T1/><D87/><U115/><E115/><V124/><F62/><W98/><REACH who="3" step="1"/><G83/><REACH who="3" ten="170,410,210,200" step="2"/><T42/><D107/><U17/><E74/><V66/><F131/><W7/><G7/><T58/><D5/><U56/><E82/><V76/><F6/><W130/><G130/><T117/><D117/><U64/><E37/><V93/><F125/><W68/><G68/><T25/><D0/><U13/><E44/><V102/><F3/><W43/><G43/><T2/><D1/><U119/><E119/><V36/><F36/><W60/><G60/><T126/><D126/><U33/><E33/><V134/><F35/><W65/><G65/><T99/><D58/><U30/><E30/><V9/><F28/><W40/><G40/><T110/><REACH who="0" step="1"/><D110/><REACH who="0" ten="160,410,210,200" step="2"/><U100/><E67/><V59/><F66/><W79/><G79/><T18/><D18/><U8/><E64/><V81/><F76/><W109/><G109/><T105/><D105/><U132/><E57/><V116/><F59/><W15/><G15/><T113/><D113/><U45/><E56/><V133/><F12/><W72/><G72/><T10/><D10/><U86/><E8/><V103/><F9/><W85/><G85/><T114/><D114/><U71/><E86/><V24/><F124/><W47/><G47/><T38/><D38/><U41/><E13/><V120/><F116/><RYUUKYOKU ba="0,2" sc="160,15,410,-15,210,-15,200,15" hai0="2,4,11,20,25,26,29,31,42,46,51,97,99" hai3="14,19,21,48,49,80,84,90,91,94,98,122,123" /><INIT seed="2,1,2,3,3,102" ten="175,395,195,215" oya="2" hai0="14,3,100,85,103,111,122,93,90,81,120,41,37" hai1="43,95,21,75,26,73,12,49,68,83,33,16,74" hai2="121,79,125,108,132,51,118,127,20,24,117,67,113" hai3="94,40,112,38,39,61,60,28,101,17,128,114,86"/><V19/><F79/><W22/><G28/><T131/><D3/><U32/><E68/><V119/><F67/><W77/><G128/><T109/><D37/><U46/><E83/><V72/><F72/><W84/><G77/><N who="0" m="46255" /><D41/><U11/><REACH who="1" step="1"/><E95/><REACH who="1" ten="175,385,195,215" step="2"/><V50/><F121/><N who="0" m="46698" /><D131/><U106/><E106/><V71/><F71/><W70/><G70/><T53/><D14/><U52/><E52/><V18/><F113/><W62/><G114/><T105/><D53/><U91/><E91/><V23/><F132/><W66/><G112/><T78/><D78/><U59/><E59/><V110/><F51/><W58/><G39/><T47/><D47/><U0/><E0/><V31/><F50/><W96/><G38/><T63/><D63/><N who="3" m="24137" /><G40/><T130/><D130/><U57/><E57/><V98/><F98/><W99/><G96/><N who="0" m="61671" /><D100/><U88/><E88/><V45/><F45/><W15/><AGARI ba="1,3" hai="15,17,22,58,62,66,84,86,94,99,101" m="24137" machi="15" ten="30,1100,0" yaku="8,1" doraHai="102" who="3" fromWho="3" sc="175,-4,385,-4,195,-6,215,44" /><INIT seed="3,0,0,2,5,43" ten="171,381,189,259" oya="3" hai0="125,59,28,22,44,68,13,25,116,102,73,130,126" hai1="79,60,75,135,110,74,39,112,103,117,41,98,12" hai2="114,127,64,21,47,99,7,52,18,4,63,26,83" hai3="133,100,49,0,11,80,23,32,27,17,36,134,19"/><W93/><G36/><T58/><D116/><U69/><E117/><V132/><F114/><W129/><G80/><T57/><D73/><U106/><E112/><V104/><F127/><N who="0" m="48650" /><D68/><U89/><E110/><V40/><F132/><W15/><G100/><T35/><D102/><U3/><E135/><N who="3" m="51722" /><G93/><T29/><D130/><U113/><E113/><V65/><F104/><W86/><G86/><T118/><D118/><U24/><E3/><V42/><F99/><W70/><G70/><T107/><D107/><U97/><E79/><V54/><F83/><W109/><G49/><T131/><D131/><U16/><E89/><V62/><F21/><W8/><G129/><T120/><D120/><U9/><E98/><V95/><F95/><W115/><G115/><T33/><D13/><U50/><E50/><V38/><F26/><W94/><G94/><T122/><D122/><U45/><E69/><V2/><F2/><W53/><G53/><T105/><D105/><U111/><E111/><V121/><F121/><W78/><G78/><T71/><D71/><U96/><E60/><V76/><F76/><W85/><G85/><T5/><D5/><U67/><E67/><V108/><F108/><W56/><G109/><T72/><D72/><U51/><E39/><V6/><F6/><N who="3" m="1095" /><G56/><T55/><D29/><U128/><E97/><V14/><F38/><W82/><G82/><T30/><D28/><U46/><E128/><V81/><F81/><W66/><G66/><T123/><D123/><U10/><E75/><V88/><F64/><W124/><G124/><T20/><D35/><AGARI ba="0,0" hai="11,15,17,19,23,27,32,35" m="1095,51722" machi="35" ten="30,5800,0" yaku="20,1,34,2" doraHai="43" who="3" fromWho="0" sc="171,-58,381,0,189,0,259,58" /><INIT seed="3,1,0,4,2,91" ten="113,381,189,317" oya="3" hai0="54,110,82,20,96,10,18,23,45,101,120,113,17" hai1="100,128,132,38,26,59,28,43,15,29,121,74,11" hai2="27,62,63,31,97,93,112,14,81,30,8,61,67" hai3="40,42,131,86,111,122,65,41,75,104,2,7,130"/><W52/><G75/><T125/><D120/><U37/><E74/><V134/><F112/><W39/><G104/><T34/><D34/><U115/><E121/><V126/><F126/><W123/><G7/><T53/><D125/><U64/><E115/><V46/><F134/><W84/><G2/><T21/><D113/><U80/><E132/><V68/><F81/><W19/><G65/><T3/><D110/><U72/><E28/><V44/><F68/><W87/><G19/><T103/><D82/><U78/><E43/><V56/><F46/><W6/><G6/><T36/><D36/><U69/><E69/><V70/><F44/><W1/><G1/><T88/><D3/><U99/><E128/><N who="3" m="49194" /><G39/><T12/><D18/><U106/><E59/><V127/><F127/><W35/><G35/><T22/><N who="0" m="5120" /><DORA hai="105" /><T58/><D45/><U135/><E64/><V117/><F117/><W51/><G111/><T13/><D13/><U24/><E24/><V108/><F108/><W118/><G118/><T119/><D119/><U95/><E106/><V107/><F107/><W66/><G66/><T79/><D79/><U16/><E135/><V77/><F77/><W50/><G50/><N who="0" m="31031" /><D54/><U71/><E71/><V133/><F133/><W55/><G55/><T33/><D33/><AGARI ba="1,0" hai="11,15,16,26,29,33,37,38,72,78,80,95,99,100" machi="33" ten="30,7700,0" yaku="7,1,52,2,54,1" doraHai="91,105" who="1" fromWho="0" sc="113,-80,381,80,189,0,317,0" /><INIT seed="4,0,0,5,5,123" ten="33,461,189,317" oya="0" hai0="90,109,100,10,19,128,29,1,93,31,60,105,106" hai1="103,95,80,79,41,82,15,107,84,71,81,120,9" hai2="51,77,37,114,92,78,20,26,3,56,116,85,11" hai3="115,8,44,48,30,88,22,131,54,83,6,68,124"/><T69/><D128/><U72/><E71/><V73/><F114/><W112/><G124/><T64/><D100/><U49/><E120/><V52/><F37/><W127/><G127/><T46/><D46/><U39/><E39/><V55/><F116/><W129/><G68/><T94/><D94/><U2/><E2/><V5/><F73/><W134/><G134/><T7/><D19/><U102/><E107/><V33/><F33/><W98/><G22/><T34/><D109/><U66/><E66/><V113/><F113/><N who="3" m="43595" /><G30/><T21/><D21/><U17/><E95/><V58/><F85/><N who="3" m="50239" /><G98/><T14/><D1/><AGARI ba="0,0" hai="1,6,8,44,48,54,129,131" m="50239,43595" machi="1" ten="30,2000,0" yaku="15,1,54,1" doraHai="123" who="3" fromWho="0" sc="33,-20,461,0,189,0,317,20" /><INIT seed="5,0,0,1,5,73" ten="13,461,189,337" oya="1" hai0="95,8,52,51,47,67,17,100,3,6,45,135,131" hai1="13,62,0,34,19,23,79,104,35,36,38,25,92" hai2="111,108,132,42,102,4,116,7,48,41,70,119,63" hai3="60,15,125,85,29,91,1,94,101,76,28,114,32"/><U11/><E104/><V74/><F74/><W103/><G1/><T122/><D135/><U64/><E0/><V30/><F30/><W40/><G114/><T107/><D131/><U5/><E35/><V110/><F102/><W59/><G125/><T127/><D127/><U27/><E34/><V77/><F132/><W49/><G15/><T106/><D122/><U82/><E92/><V50/><F63/><W22/><G32/><T66/><D47/><U31/><E27/><V117/><F70/><W21/><G21/><T26/><D95/><U2/><E2/><V18/><F18/><W134/><G134/><T112/><D112/><U120/><E31/><V109/><F109/><W71/><G71/><T53/><D53/><U126/><E120/><V39/><F39/><W43/><G43/><T81/><D81/><U44/><E44/><V14/><F14/><W20/><G20/><T130/><D130/><U105/><E105/><V129/><F129/><W72/><G40/><N who="2" m="15465" /><F77/><W96/><G49/><AGARI ba="0,0" hai="4,7,48,49,50,108,110,111,116,117,119" m="15465" machi="49" ten="40,2600,0" yaku="28,2" doraHai="73" who="2" fromWho="3" sc="13,0,461,0,189,26,337,-26" /><INIT seed="6,0,0,1,4,122" ten="13,461,215,311" oya="2" hai0="82,84,111,114,92,98,103,109,91,74,19,38,68" hai1="34,21,44,87,124,52,106,35,45,125,115,113,127" hai2="62,13,73,120,70,33,90,54,24,25,59,97,95" hai3="23,76,0,30,133,3,69,27,58,16,18,47,108"/><V56/><F120/><W50/><G69/><T129/><D38/><U43/><E106/><V49/><F70/><W57/><G133/><T67/><D68/><U9/><E21/><V116/><F116/><W10/><G76/><N who="0" m="44311" /><D67/><U72/><E72/><V101/><F73/><W123/><G123/><T46/><D46/><N who="1" m="18027" /><E43/><V11/><F33/><N who="1" m="12297" /><E87/><V7/><REACH who="2" step="1"/><F101/><REACH who="2" ten="13,461,205,311" step="2"/><W126/><G126/><T2/><D2/><U118/><E118/><V40/><F40/><W134/><G0/><T39/><D39/><U93/><E127/><V14/><F14/><W48/><G3/><T117/><D117/><U29/><E125/><V61/><F61/><W71/><G71/><T31/><D31/><U99/><E124/><V128/><F128/><W110/><G30/><T78/><D19/><U53/><E29/><V12/><F12/><W66/><G18/><T130/><D114/><U26/><E115/><V60/><F60/><W65/><G16/><T102/><D102/><U104/><E113/><V36/><F36/><W119/><G119/><T41/><D41/><U64/><E26/><V105/><F105/><W4/><G27/><T135/><D135/><U107/><E104/><V63/><F63/><W132/><G132/><T15/><D15/><U81/><E107/><V42/><F42/><W88/><G134/><T79/><D103/><U51/><E51/><V5/><F5/><W28/><G4/><T80/><D79/><U121/><E121/><V17/><F17/><W83/><G48/><T1/><D1/><U131/><E131/><AGARI ba="0,1" hai="78,80,84,91,92,98,109,111,129,130,131" m="44311" machi="131" ten="30,8000,1" yaku="19,1,34,2,52,2" doraHai="122" who="0" fromWho="1" sc="13,90,461,-80,205,0,311,0" /><INIT seed="7,0,0,2,3,111" ten="103,381,205,311" oya="3" hai0="113,132,121,110,54,68,1,123,101,118,81,122,32" hai1="128,98,69,78,86,129,109,17,85,66,74,59,77" hai2="103,10,55,13,87,20,26,79,52,28,84,27,76" hai3="112,73,44,64,49,130,135,4,21,36,9,100,51"/><W47/><G73/><T48/><D101/><U62/><E109/><V39/><F39/><W37/><G130/><N who="1" m="50282" /><E98/><V133/><F133/><W127/><G135/><T45/><D132/><U25/><E69/><V53/><F103/><W120/><G120/><T99/><D110/><U114/><E114/><V124/><F124/><W58/><G127/><T83/><D99/><U61/><E61/><V23/><F13/><W72/><G72/><T94/><D68/><U105/><E105/><V5/><F5/><W15/><G21/><T2/><D113/><U67/><E67/><V0/><F10/><W33/><G33/><T80/><D118/><U31/><E17/><V6/><F6/><W24/><G24/><T42/><D123/><U38/><E38/><V89/><F0/><W115/><G100/><T12/><D122/><U106/><E106/><V95/><F84/><N who="1" m="32361" /><E74/><V30/><AGARI ba="0,0" hai="20,23,26,27,28,30,52,53,55,76,79,87,89,95" machi="30" ten="30,7900,0" yaku="0,1,9,1,8,1,54,1" doraHai="111" who="2" fromWho="2" sc="103,-20,381,-20,205,79,311,-39" owari="83,-41.7,361,46.1,284,8.4,272,-12.8" /></mjloggm>