<mjloggm ver="2.3"><GO type="169" lobby="0"/><UN n0="%E3%81%BD%E3%81%A3%E3%81%91%E3%81%95%E3%82%93" n1="%E7%BD%AA%E5%88%91%E6%B3%95%E5%AE%9A%E4%B8%BB%E7%BE%A9" n2="%37%34%31%34%4E%6D%73%6C" n3="%E3%83%9F%E3%82%B2%E3%83%BC%E3%83%AB%E6%94%B9" dan="17,17,16,16" rate="2188.42,2217.93,2056.79,2223.08" sx="M,M,M,M"/><TAIKYOKU oya="0"/><INIT seed="0,0,0,1,1,52" ten="250,250,250,250" oya="0" hai0="39,41,88,23,28,36,121,31,69,81,65,47,11" hai1="76,62,78,122,6,126,50,9,89,108,120,98,129" hai2="29,27,33,110,128,70,5,68,7,0,83,113,95" hai3="20,16,80,38,19,34,64,60,56,96,87,103,74"/><T1/><D121/><U117/><E117/><V26/><F113/><W44/><G34/><T79/><D39/><U67/><E108/><V12/><F110/><W131/><G74/><T102/><D102/><U58/><E129/><V71/><F128/><W112/><G131/><T134/><D134/><U57/><E126/><V92/><F0/><W101/><G103/><T124/><D124/><U77/><E98/><V55/><F83/><W93/><G112/><T100/><D100/><U25/><E25/><V111/><F111/><W130/><G130/><T45/><D45/><U115/><E115/><V85/><F85/><W109/><G109/><T125/><D125/><U24/><E24/><V18/><F27/><W61/><G20/><T4/><D23/><U40/><E89/><V37/><F37/><W91/><G61/><N who="0" m="40111" /><D88/><U22/><E22/><V54/><F54/><W30/><REACH who="3" step="1"/><G30/><REACH who="3" ten="250,250,250,240" step="2"/><T46/><D46/><U135/><E135/><V2/><F29/><W114/><G114/><T32/><D32/><U21/><E21/><V132/><F33/><W72/><G72/><AGARI ba="0,1" hai="1,4,11,28,31,36,41,47,72,79,81" m="40111" machi="72" ten="30,1500,0" yaku="25,1" doraHai="52" who="0" fromWho="3" sc="250,25,250,0,250,0,240,-15" /><INIT seed="0,1,0,5,1,53" ten="275,250,250,225" oya="0" hai0="54,45,116,100,63,28,103,51,84,60,105,8,2" hai1="80,5,85,20,104,31,77,12,92,113,16,57,27" hai2="26,119,67,61,32,52,88,127,112,106,59,89,120" hai3="36,109,93,96,68,35,129,74,102,22,131,118,30"/><T73/><D73/><U94/><E104/><V15/><F112/><W101/><G68/><T72/><D72/><U82/><E113/><V18/><F120/><W44/><G35/><T9/><D116/><U135/><E135/><V58/><F106/><W13/><G74/><T50/><D28/><U95/><E5/><V108/><F108/><W90/><G118/><T40/><D84/><U121/><E121/><V4/><F119/><W11/><G109/><T78/><D78/><U14/><E82/><V56/><F127/><W41/><G22/><T125/><D125/><U71/><E71/><V70/><F52/><W43/><G30/><T83/><D83/><U47/><E47/><V42/><F42/><W19/><REACH who="3" step="1"/><G43/><REACH who="3" ten="275,250,250,215" step="2"/><T38/><D40/><U33/><E14/><V10/><REACH who="2" step="1"/><F32/><REACH who="2" ten="275,250,240,215" step="2"/><W24/><G24/><T25/><D25/><U69/><REACH who="1" step="1"/><E69/><REACH who="1" ten="275,240,240,215" step="2"/><V1/><F1/><W110/><G110/><T97/><D2/><U123/><E123/><V46/><F46/><W126/><G126/><T87/><D45/><U130/><E130/><AGARI ba="1,3" hai="11,13,19,36,41,44,90,93,96,101,102,129,130,131" machi="130" ten="40,5200,0" yaku="1,1,19,1,53,1" doraHai="53" doraHaiUra="7" who="3" fromWho="1" sc="275,0,240,-55,240,0,215,85" /><INIT seed="1,0,0,0,5,135" ten="275,185,240,300" oya="1" hai0="120,79,23,7,116,52,85,128,32,71,5,110,117" hai1="111,39,1,30,13,91,28,57,9,105,61,87,35" hai2="4,103,60,84,124,65,82,15,102,70,76,121,67" hai3="112,132,41,54,48,94,8,69,104,72,40,6,50"/><U59/><E1/><V33/><F121/><W133/><G104/><T21/><D32/><U81/><E105/><V20/><F33/><W62/><G72/><T24/><D71/><U95/><E39/><V75/><F67/><N who="3" m="41207" /><G94/><T122/><D85/><U109/><E95/><V29/><F29/><W34/><G8/><T58/><D79/><U38/><E38/><V43/><F43/><N who="3" m="16459" /><G6/><N who="0" m="2059" /><D58/><N who="1" m="22027" /><E61/><V99/><F75/><W92/><G92/><T22/><D52/><U125/><E35/><V63/><F60/><W119/><G34/><T126/><D128/><U129/><E129/><V16/><F4/><W114/><G119/><N who="0" m="45643" /><D110/><N who="1" m="41995" /><E13/><V96/><F96/><W90/><G90/><T123/><D126/><U73/><E73/><V44/><F124/><W3/><G3/><T83/><D83/><U51/><E125/><V68/><F70/><W108/><G108/><T80/><D80/><U113/><E9/><V11/><F11/><W55/><G55/><T78/><D78/><U14/><E14/><V107/><F107/><W86/><G86/><T25/><AGARI ba="0,0" hai="21,22,23,24,25,120,122,123" m="45643,2059" machi="25" ten="50,8000,1" yaku="28,2,13,1,34,2" doraHai="135" who="0" fromWho="0" sc="275,80,185,-40,240,-20,300,-20" /><INIT seed="2,0,0,4,0,108" ten="355,145,220,280" oya="2" hai0="63,60,44,101,84,53,13,80,23,2,49,94,1" hai1="128,62,4,86,125,33,9,103,6,0,59,93,70" hai2="122,28,100,18,82,95,40,35,91,39,127,77,66" hai3="123,32,78,111,109,107,134,92,131,124,8,11,89"/><V19/><F122/><W48/><G123/><T45/><D2/><U114/><E33/><V50/><F39/><W79/><G32/><T69/><D1/><U41/><E70/><V133/><F127/><W115/><G107/><T117/><D117/><U14/><E125/><V73/><F133/><W3/><G124/><T110/><D69/><U55/><E128/><V26/><F66/><W118/><G3/><T72/><D72/><U52/><E41/><V126/><F126/><W90/><G134/><T116/><D110/><N who="3" m="41993" /><G118/><T71/><D71/><U97/><E86/><V87/><REACH who="2" step="1"/><F100/><REACH who="2" ten="355,145,210,280" step="2"/><W29/><G131/><T30/><D101/><U31/><E31/><V54/><F54/><W85/><G29/><T105/><D53/><U47/><E0/><V7/><F7/><W81/><G48/><T15/><D49/><N who="1" m="29119" /><E114/><V22/><F22/><W129/><G129/><T112/><D112/><U104/><E104/><V99/><F99/><N who="3" m="57751" /><G115/><T27/><D23/><U83/><E83/><V12/><F12/><W88/><G11/><T42/><D80/><U121/><E121/><V75/><F75/><W68/><G8/><T16/><D105/><U61/><E61/><V5/><F5/><AGARI ba="0,1" hai="4,5,6,9,14,52,59,62,93,97,103" m="29119" machi="5" ten="30,2000,0" yaku="8,1,54,1" doraHai="108" who="1" fromWho="2" sc="355,0,145,30,210,-20,280,0" /><INIT seed="3,0,0,0,5,16" ten="355,175,190,280" oya="3" hai0="63,67,100,38,21,107,11,108,133,4,129,96,53" hai1="122,75,79,42,120,61,130,54,93,128,115,74,19" hai2="66,118,65,37,97,40,17,26,49,55,52,51,43" hai3="56,132,30,83,0,36,72,41,85,24,2,28,117"/><W124/><G117/><T81/><D38/><U5/><E5/><V34/><F118/><W29/><G72/><T62/><D108/><U76/><E42/><V13/><F37/><W27/><G36/><T73/><D133/><U69/><E54/><N who="2" m="20523" /><F34/><W23/><G41/><N who="2" m="15945" /><F26/><W112/><G112/><T101/><D101/><U50/><E50/><N who="2" m="18955" /><F97/><W44/><G44/><T114/><D81/><U47/><E47/><V106/><F106/><W48/><G48/><T33/><D33/><U10/><E10/><AGARI ba="0,0" hai="10,13,17,65,66" m="18955,15945,20523" machi="10" ten="30,2000,0" yaku="8,1,54,1" doraHai="16" who="2" fromWho="1" sc="355,0,175,-20,190,20,280,0" /><INIT seed="4,0,0,2,2,82" ten="355,155,210,280" oya="0" hai0="101,33,39,78,47,118,46,11,94,43,12,7,65" hai1="122,131,31,35,128,40,49,96,0,51,50,85,109" hai2="28,111,4,56,88,113,130,16,58,17,108,14,125" hai3="24,103,134,98,69,81,5,99,115,6,63,127,75"/><T9/><D33/><U15/><E0/><V66/><F113/><W110/><G110/><T74/><D118/><U73/><E73/><V29/><F125/><W3/><G115/><T83/><D65/><U53/><E122/><V20/><F130/><N who="1" m="49705" /><E109/><V27/><F4/><W64/><G127/><T120/><D120/><U77/><E40/><V25/><F66/><W67/><G134/><T80/><D80/><N who="1" m="47247" /><E15/><V92/><F108/><W2/><G75/><T59/><D59/><N who="2" m="22570" /><F111/><W76/><G67/><T123/><D123/><U62/><E62/><V106/><F106/><W30/><G2/><T26/><D47/><N who="1" m="27839" /><E96/><N who="2" m="57351" /><F27/><AGARI ba="0,0" hai="27,31,35,50,51" m="27839,47247,49705" machi="27" ten="30,2000,0" yaku="19,1,52,1" doraHai="82" who="1" fromWho="2" sc="355,0,155,20,210,-20,280,0" /><INIT seed="5,0,0,1,2,36" ten="355,175,190,280" oya="1" hai0="122,42,46,71,96,119,54,88,33,108,120,86,41" hai1="110,64,68,2,48,16,101,30,51,13,35,129,102" hai2="83,12,37,0,63,78,85,116,93,77,39,87,113" hai3="131,95,115,80,22,66,105,82,14,34,98,61,114"/><U56/><E2/><V23/><F0/><W20/><G34/><T31/><D108/><U128/><E68/><V27/><F116/><W19/><G105/><T25/><D71/><U76/><E76/><V6/><F113/><N who="3" m="43019" /><G22/><T32/><D32/><U44/><E110/><V58/><F6/><W9/><G20/><T21/><D119/><U7/><E7/><V45/><F12/><W111/><G131/><N who="1" m="50250" /><E30/><V118/><F118/><W60/><G111/><T29/><D96/><U121/><E35/><V90/><F77/><W53/><G53/><T65/><D65/><U62/><E121/><N who="0" m="46697" /><D31/><U47/><E51/><V109/><F45/><N who="1" m="17481" /><E48/><V126/><F109/><W59/><G61/><T97/><D33/><U55/><E64/><V40/><F126/><W15/><G15/><T38/><D97/><U28/><E28/><N who="2" m="17535" /><F37/><W92/><G98/><T89/><D38/><U67/><E67/><N who="2" m="39415" /><F39/><W18/><G18/><T125/><D125/><U104/><E104/><V81/><F83/><AGARI ba="0,0" hai="9,14,19,59,60,66,80,82,83,92,95" m="43019" machi="83" ten="30,1000,0" yaku="15,1" doraHai="36" who="3" fromWho="2" sc="355,0,175,0,190,-10,280,10" /><INIT seed="6,0,0,4,3,94" ten="355,175,180,290" oya="2" hai0="96,132,34,3,106,44,21,128,51,14,8,50,115" hai1="109,114,79,126,90,118,92,39,130,49,75,10,102" hai2="48,53,78,41,54,57,20,68,5,87,16,111,40" hai3="22,81,91,65,110,56,31,36,121,18,64,80,52"/><V86/><F68/><W43/><G110/><T77/><D34/><U29/><E39/><V9/><F111/><W113/><G31/><T19/><D115/><U93/><E109/><V134/><F134/><W24/><G121/><T62/><D132/><U127/><E29/><V63/><F41/><W38/><G113/><T125/><D128/><U116/><E114/><V73/><F73/><W47/><G38/><T120/><D120/><U42/><E10/><V66/><F40/><W6/><G6/><T82/><D125/><N who="1" m="47627" /><E49/><V123/><F123/><W59/><G59/><T13/><D3/><U103/><E42/><V89/><F78/><W35/><G35/><T84/><D62/><U71/><E71/><V74/><F74/><W55/><G55/><T11/><D21/><U72/><E130/><V25/><F48/><W105/><G105/><T26/><D26/><U15/><E15/><V100/><F100/><N who="1" m="38441" /><E93/><V124/><F124/><W69/><G69/><T67/><D106/><U83/><E72/><V23/><F20/><W131/><G131/><T108/><D108/><U76/><E76/><V101/><F101/><W27/><G27/><T58/><D50/><U46/><E46/><V95/><REACH who="2" step="1"/><F86/><AGARI ba="0,0" hai="75,79,83,86,90,92,116,118" m="38441,47627" machi="86" ten="30,3900,0" yaku="18,1,34,2" doraHai="94" who="1" fromWho="2" sc="355,0,175,39,180,-39,290,0" /><INIT seed="7,0,0,2,5,78" ten="355,214,141,290" oya="3" hai0="101,88,121,24,118,73,131,71,21,100,40,109,6" hai1="53,56,107,113,19,99,72,45,8,28,120,75,82" hai2="54,26,116,98,117,124,89,38,15,34,0,68,130" hai3="106,5,76,57,50,91,62,105,22,63,80,16,7"/><W127/><G127/><T20/><D71/><U102/><E120/><V86/><F68/><W23/><G23/><T47/><D109/><U74/><E28/><V77/><F38/><W4/><G91/><T17/><D73/><U114/><E45/><V59/><F124/><W44/><G57/><T111/><D111/><U36/><E36/><V27/><F130/><W37/><G37/><T30/><D131/><U52/><E8/><V135/><F135/><W41/><G106/><T48/><D118/><U58/><E19/><V122/><F122/><W69/><G69/><T110/><D121/><U132/><E132/><V123/><F123/><W129/><G105/><T93/><D6/><U3/><E3/><V90/><F0/><W70/><G70/><T95/><D95/><U92/><E107/><V112/><F112/><N who="1" m="43113" /><E58/><V9/><F116/><W11/><G11/><T81/><D110/><U66/><E66/><V31/><F117/><W14/><REACH who="3" step="1"/><G129/><REACH who="3" ten="355,214,141,280" step="2"/><T2/><D101/><U60/><E53/><V104/><F26/><W1/><G1/><T39/><D100/><U33/><E33/><V96/><F104/><W85/><AGARI ba="0,1" hai="4,5,7,14,16,22,41,44,50,62,63,76,80,85" machi="85" ten="30,12000,1" yaku="1,1,0,1,8,1,52,1,54,1,53,0" doraHai="78" doraHaiUra="64" who="3" fromWho="3" sc="355,-40,214,-40,141,-40,280,130" owari="315,11.5,174,-22.6,101,-39.9,410,51.0" /></mjloggm>