<mjloggm ver="2.3"><GO type="225" lobby="0"/><UN n0="%72%65%6E%6B%75%6E" n1="%E3%83%96%E3%83%83%E3%83%91%E3%82%AA%E3%83%96%E3%83%81%E3%82%AD%E3%83%B3" n2="%E9%B3%B4%E8%8C%B6" n3="%E9%A6%AC%E5%BC%95%E7%81%AB%33" dan="17,16,16,16" rate="2207.51,2134.62,2136.24,2133.25" sx="M,M,M,M"/><TAIKYOKU oya="0"/><INIT seed="0,0,0,1,3,105" ten="250,250,250,250" oya="0" hai0="100,75,21,45,124,133,19,107,10,18,8,15,117" hai1="79,85,27,43,47,3,40,14,9,36,38,114,59" hai2="26,34,77,41,71,95,125,2,35,121,57,11,83" hai3="20,33,135,81,0,78,37,25,30,62,116,127,90"/><T60/><D117/><U80/><E114/><V110/><F121/><W31/><G116/><T69/><D124/><U42/><E3/><V56/><F71/><W39/><G0/><T126/><D126/><U88/><E27/><V113/><F125/><W91/><G127/><T50/><D133/><U103/><E103/><V17/><F113/><W119/><G119/><T102/><D75/><U92/><E59/><V67/><F41/><W54/><G135/><T29/><D29/><U130/><E130/><V112/><F112/><W4/><G4/><T86/><D107/><U118/><E118/><V64/><F95/><W16/><G37/><T55/><D10/><U48/><E36/><V12/><F2/><W84/><G39/><T129/><D129/><U51/><E51/><V134/><F134/><W70/><G31/><T74/><D74/><U76/><E38/><V7/><F35/><W132/><G132/><T46/><D46/><U115/><E115/><V6/><F34/><W99/><G99/><T73/><D73/><U22/><E22/><N who="2" m="13647" /><F6/><W65/><REACH who="3" step="1"/><G54/><REACH who="3" ten="250,250,250,240" step="2"/><T98/><D98/><U82/><E82/><V44/><F83/><W131/><G131/><T53/><D53/><N who="1" m="29855" /><E80/><V49/><F67/><W111/><G111/><T97/><D97/><U68/><E68/><V109/><F64/><W58/><G58/><N who="0" m="34911" /><D86/><U28/><E28/><V5/><F110/><W87/><G87/><T108/><D69/><U96/><E85/><V94/><F109/><W1/><G1/><T61/><D108/><U89/><E89/><V24/><F57/><W122/><G122/><T120/><D120/><RYUUKYOKU ba="0,1" sc="250,-15,250,15,250,-15,240,15" hai1="9,14,40,42,43,76,79,88,92,96" hai3="16,20,25,30,33,62,65,70,78,81,84,90,91" /><INIT seed="1,1,1,0,1,98" ten="235,265,235,255" oya="1" hai0="68,102,52,5,8,92,107,128,71,38,99,80,54" hai1="6,23,66,82,10,91,134,69,35,16,88,63,64" hai2="105,32,75,43,18,84,85,94,132,112,34,72,45" hai3="118,9,124,0,121,49,65,25,60,95,120,100,106"/><U122/><E122/><V117/><F117/><W39/><G95/><T116/><D38/><U33/><E134/><V93/><F105/><W47/><G118/><T90/><D116/><U73/><E66/><V127/><F18/><W30/><G124/><T24/><D128/><U27/><E91/><V61/><F61/><W12/><G0/><T15/><D80/><U104/><E104/><V130/><F45/><W111/><G111/><T129/><D129/><U51/><E51/><V31/><F130/><W79/><G79/><T28/><D71/><U74/><E74/><V97/><F97/><N who="3" m="61711" /><G12/><T50/><D68/><U101/><E101/><V87/><F43/><N who="3" m="23039" /><G9/><T4/><D4/><U40/><E40/><V22/><F127/><W58/><G58/><T46/><D107/><U21/><E21/><V83/><F94/><W1/><G1/><T19/><D19/><U126/><E126/><V67/><F93/><W37/><G49/><T96/><D54/><U26/><E26/><V123/><F87/><W48/><G48/><T133/><D99/><U131/><E131/><V41/><F85/><W81/><G81/><T3/><D3/><N who="1" m="351" /><E88/><V20/><F84/><W36/><G60/><T29/><D90/><U2/><E2/><V70/><F83/><W76/><G76/><T115/><D96/><U62/><E62/><V119/><F119/><W56/><G56/><T44/><D92/><U53/><E53/><V13/><F41/><W86/><G65/><T113/><D52/><U110/><E110/><V59/><F67/><W57/><G57/><T114/><D102/><U17/><E17/><RYUUKYOKU ba="1,1" sc="235,-10,265,30,235,-10,255,-10" hai1="16,23,27,33,35,63,64,69,73,82" /><INIT seed="1,2,1,4,5,121" ten="225,295,225,245" oya="1" hai0="13,112,107,61,123,128,111,103,75,17,96,120,125" hai1="42,86,18,66,72,114,80,45,1,64,90,0,93" hai2="52,84,9,124,82,132,14,6,126,43,105,57,101" hai3="119,62,55,24,102,79,78,91,70,81,19,26,131"/><U31/><E114/><V92/><F105/><W89/><G131/><T21/><D75/><U51/><E31/><V34/><F34/><W47/><G119/><T16/><D112/><U109/><E18/><V35/><F35/><W40/><G102/><T29/><D128/><U22/><E22/><V50/><F132/><W37/><G79/><T46/><D125/><U95/><E109/><V23/><F23/><W10/><G10/><T104/><D29/><U48/><E72/><V60/><F92/><N who="1" m="35401" /><E0/><V59/><F101/><W41/><G41/><T106/><D111/><U30/><E1/><V73/><F73/><W12/><G12/><N who="0" m="9351" /><D46/><N who="1" m="25687" /><E30/><V63/><F43/><AGARI ba="2,1" hai="43,45,51,64,66,80,86,90" m="25687,35401" machi="43" ten="30,1500,0" yaku="8,1" doraHai="121" who="1" fromWho="2" sc="225,0,295,31,225,-21,245,0" /><INIT seed="1,3,0,4,2,50" ten="225,326,204,245" oya="1" hai0="56,122,124,67,87,19,53,45,116,49,85,33,112" hai1="9,65,44,82,114,109,7,99,61,10,135,42,72" hai2="106,98,100,47,3,74,13,108,22,90,48,70,14" hai3="20,24,58,105,62,68,94,118,131,133,129,41,111"/><U88/><E114/><V78/><F3/><W86/><G111/><T59/><D33/><U126/><E135/><V127/><F70/><W81/><G133/><T89/><D112/><U18/><E126/><V64/><F127/><W110/><G110/><T77/><D116/><U132/><E109/><V103/><F108/><W63/><G105/><T34/><D34/><U29/><E132/><V121/><F121/><W5/><G118/><T95/><D122/><U107/><E29/><V30/><F64/><W119/><G119/><T8/><D124/><U101/><E18/><V71/><F71/><W104/><G104/><T16/><D67/><U35/><E35/><V57/><F57/><N who="0" m="22090" /><D8/><U93/><E61/><V120/><F120/><W26/><G41/><T75/><D75/><U28/><E28/><V115/><F115/><W117/><G117/><T37/><D37/><U43/><E65/><V27/><F100/><W25/><G68/><T73/><D73/><U38/><E43/><V51/><F90/><W21/><G63/><T52/><D53/><U0/><E10/><V113/><F113/><W46/><G46/><T60/><D60/><U36/><E36/><V55/><REACH who="2" step="1"/><F51/><REACH who="2" ten="225,326,194,245" step="2"/><W79/><G62/><T11/><D11/><U31/><E31/><V69/><F69/><W123/><G123/><T130/><D130/><U102/><E107/><V76/><F76/><AGARI ba="3,1" hai="0,7,9,38,42,44,72,76,82,88,93,99,101,102" machi="76" ten="40,7700,0" yaku="25,2,54,1" doraHai="50" who="1" fromWho="2" sc="225,0,326,96,194,-86,245,0" /><INIT seed="1,4,0,4,0,14" ten="225,422,108,245" oya="1" hai0="98,80,105,91,99,31,100,51,41,28,65,117,34" hai1="115,119,42,81,11,29,60,83,15,44,109,47,39" hai2="23,79,55,43,58,49,96,73,12,126,62,77,68" hai3="104,22,45,9,76,5,19,64,26,8,106,87,132"/><U38/><E115/><V74/><F126/><W16/><G132/><T114/><D117/><U7/><E119/><V101/><F73/><W50/><G64/><T78/><D114/><U92/><E109/><V67/><F74/><W6/><G104/><T111/><D111/><U53/><E29/><V46/><F12/><N who="3" m="7559" /><G106/><T88/><D65/><U125/><E125/><V86/><F86/><W112/><G9/><T37/><D37/><U95/><E60/><V0/><F0/><W25/><G25/><T97/><D105/><U133/><E133/><V103/><F23/><W130/><G130/><T18/><D100/><U127/><E127/><V40/><F40/><N who="3" m="24871" /><G112/><T56/><D34/><U102/><E102/><V94/><REACH who="2" step="1"/><F103/><REACH who="2" ten="225,422,98,245" step="2"/><W93/><G93/><T61/><D98/><U4/><E42/><V54/><F54/><W13/><G13/><T113/><D99/><U69/><E15/><V52/><F52/><W120/><G120/><T121/><D97/><U124/><E124/><V3/><F3/><W33/><G33/><T131/><D113/><U89/><E53/><V135/><F135/><W110/><G110/><T1/><D1/><U2/><E2/><V20/><F20/><W118/><G118/><T27/><D121/><U66/><E11/><V24/><F24/><W128/><G128/><T70/><D131/><U123/><E123/><V17/><F17/><W75/><G75/><N who="0" m="43103" /><D28/><U107/><E4/><V32/><F32/><W108/><G108/><T30/><D30/><U10/><E7/><V57/><F57/><W90/><G90/><T21/><D31/><U59/><E89/><RYUUKYOKU ba="4,1" sc="225,-15,422,-15,98,15,245,15" hai2="43,46,49,55,58,62,67,68,77,79,94,96,101" hai3="5,6,16,22,26,76,87" /><INIT seed="2,5,1,0,0,37" ten="210,407,113,260" oya="2" hai0="73,32,41,19,130,57,16,12,97,3,94,22,119" hai1="82,127,75,8,17,117,35,101,66,40,78,135,49" hai2="134,84,50,125,62,133,55,72,109,23,76,129,104" hai3="39,85,2,105,52,108,25,0,98,47,69,34,21"/><V114/><F104/><W64/><G108/><T118/><D3/><U61/><E117/><N who="0" m="44553" /><D32/><U26/><E127/><V112/><F72/><W11/><G85/><T56/><D73/><U106/><E135/><N who="2" m="51723" /><F62/><N who="3" m="40087" /><G21/><N who="0" m="11399" /><D130/><U100/><E61/><V122/><F122/><W88/><G11/><T126/><D126/><U123/><E106/><V115/><F125/><W33/><G33/><T58/><D41/><U28/><E75/><V87/><F129/><W89/><G2/><T128/><D128/><U68/><E123/><V110/><F23/><W107/><G107/><T99/><D94/><U29/><E35/><V131/><F131/><W31/><G0/><T67/><D67/><U79/><E66/><V42/><F42/><N who="3" m="23007" /><G52/><T5/><D5/><U9/><E9/><V45/><F76/><W132/><G132/><T120/><D120/><U10/><E8/><V36/><F36/><W63/><G63/><T7/><D7/><U1/><E10/><V111/><AGARI ba="5,1" hai="45,50,55,84,87,109,110,111,112,114,115" m="51723" machi="111" ten="50,9600,0" yaku="14,1,10,1,20,1" doraHai="37" who="2" fromWho="2" sc="210,-37,407,-37,113,121,260,-37" /><INIT seed="2,6,0,5,1,31" ten="173,370,234,223" oya="2" hai0="83,128,7,104,4,35,87,75,57,99,72,117,129" hai1="125,14,50,45,103,133,114,76,110,3,62,28,0" hai2="54,12,63,53,19,71,86,49,44,51,81,132,15" hai3="24,2,118,13,116,119,61,91,33,79,111,135,5"/><V94/><F132/><W36/><G36/><T55/><D117/><U6/><E114/><V106/><F106/><W82/><G135/><T16/><D99/><U109/><E133/><V108/><F108/><N who="1" m="41577" /><E125/><V97/><F63/><W64/><G13/><T102/><D102/><U98/><E76/><V85/><F71/><N who="3" m="42383" /><G91/><T66/><D104/><N who="1" m="63607" /><E28/><V78/><F85/><W105/><G105/><T69/><D75/><U29/><E29/><V90/><REACH who="2" step="1"/><F19/><REACH who="2" ten="173,370,224,223" step="2"/><W89/><G111/><T23/><D72/><U112/><E62/><V127/><F127/><W22/><G119/><T17/><D69/><U56/><E112/><V95/><F95/><W27/><G118/><T100/><D128/><U10/><E56/><AGARI ba="6,1" hai="12,15,44,49,51,53,54,56,78,81,86,90,94,97" machi="56" ten="30,11600,0" yaku="1,1,7,1,8,1,53,1" doraHai="31" doraHaiUra="93" who="2" fromWho="1" sc="173,0,370,-134,224,144,223,0" /><INIT seed="2,7,0,4,3,68" ten="173,236,368,223" oya="2" hai0="42,129,48,26,123,81,128,110,59,89,70,37,84" hai1="75,21,103,32,51,5,90,114,54,106,45,74,41" hai2="67,102,63,73,34,124,52,53,9,76,60,94,104" hai3="69,3,10,130,46,77,79,80,36,13,86,56,111"/><V71/><F124/><W65/><G69/><T62/><D123/><U127/><E114/><V12/><F34/><W17/><G111/><T82/><D110/><U93/><E32/><V6/><F104/><W58/><G130/><T30/><D70/><U107/><E127/><V16/><F63/><W100/><G3/><T112/><D112/><U108/><E108/><V33/><F33/><W23/><G100/><T78/><D48/><U125/><E125/><V55/><F73/><W116/><G116/><T120/><D120/><U49/><E5/><V134/><F134/><W119/><G119/><T64/><D42/><U24/><E106/><V61/><F76/><N who="3" m="46343" /><G36/><T91/><D37/><U15/><E103/><V122/><F122/><W14/><G46/><T47/><D47/><U95/><E95/><V8/><F61/><N who="3" m="38055" /><G58/><T19/><D19/><AGARI ba="7,0" hai="10,13,14,17,19,23,77,79" m="38055,46343" machi="19" ten="30,1000,0" yaku="8,1" doraHai="68" who="3" fromWho="0" sc="173,-31,236,0,368,0,223,31" /><INIT seed="3,0,0,0,4,54" ten="142,236,368,254" oya="3" hai0="58,15,22,69,5,53,86,88,38,11,48,104,35" hai1="40,119,122,4,16,76,64,27,81,49,70,0,125" hai2="42,84,109,18,80,101,44,121,65,37,23,118,110" hai3="62,46,92,1,39,31,19,134,52,30,14,32,28"/><W100/><G1/><T129/><D129/><U25/><E122/><V83/><F118/><W29/><G134/><T51/><D35/><U116/><E125/><V130/><F130/><W135/><G135/><T50/><D38/><U115/><E115/><V131/><F131/><W89/><G100/><T74/><D74/><N who="1" m="43159" /><E70/><V96/><F121/><W107/><G107/><T60/><D104/><U34/><E64/><V111/><F65/><W36/><G29/><T120/><D120/><U9/><E34/><V108/><F109/><W26/><G39/><T99/><D69/><U33/><E33/><V123/><F123/><W128/><G128/><T124/><D124/><U47/><E16/><V24/><F84/><W67/><G36/><T94/><D22/><U112/><E112/><V57/><F57/><W103/><G103/><T56/><REACH who="0" step="1"/><D86/><REACH who="0" ten="132,236,368,254" step="2"/><U132/><E132/><V66/><F108/><W79/><G32/><T102/><D102/><U106/><E106/><V85/><F85/><W43/><G79/><T55/><AGARI ba="0,1" hai="5,11,15,48,50,51,53,55,56,58,60,88,94,99" machi="55" ten="20,12000,2" yaku="1,1,0,1,7,1,8,1,52,2,54,1,53,0" doraHai="54" doraHaiUra="127" who="0" fromWho="0" sc="132,130,236,-30,368,-30,254,-60" owari="262,6.2,206,-19.4,338,43.8,194,-30.6" /></mjloggm>