<mjloggm ver="2.3"><GO type="169" lobby="0"/><UN n0="%43%65%6C%65%73%54%65" n1="%E3%82%89%E3%83%BC%E3%81%BE%E3%83%BC%E3%83%BC" n2="%E3%81%82%E3%81%95%E3%81%B4%E3%82%93%EF%BC%A0%EF%BD%8D%EF%BD%8A" n3="%E7%B4%94%E5%85%A8%E5%B8%AF%E4%B8%89%E8%89%B2" dan="16,16,18,16" rate="2119.71,2080.91,2207.16,2123.16" sx="M,M,M,M"/><TAIKYOKU oya="0"/><INIT seed="0,0,0,3,5,65" ten="250,250,250,250" oya="0" hai0="10,118,128,105,121,70,28,73,37,67,4,108,1" hai1="54,49,102,68,47,59,2,93,103,129,40,78,0" hai2="46,45,50,123,53,71,113,19,82,11,69,63,43" hai3="26,12,25,18,72,120,100,14,99,89,21,74,84"/><T23/><RYUUKYOKU type="yao9" ba="0,0" sc="250,0,250,0,250,0,250,0" hai0="1,4,10,23,28,37,67,70,73,105,108,118,121,128" /><INIT seed="0,1,0,1,0,37" ten="250,250,250,250" oya="0" hai0="71,40,112,35,96,29,70,53,31,17,121,76,114" hai1="36,51,2,118,62,56,127,99,34,9,111,18,82" hai2="60,69,98,65,77,45,8,75,128,22,25,80,3" hai3="20,55,79,81,14,101,78,1,124,47,110,32,7"/><T38/><D121/><U26/><E118/><V59/><F128/><W133/><G133/><T122/><D122/><U48/><E36/><V54/><F3/><W104/><G110/><T125/><D125/><U28/><E111/><V27/><F8/><W57/><G124/><T5/><D5/><U87/><E99/><V13/><F13/><W117/><G32/><T41/><D38/><U105/><E105/><V46/><F27/><W120/><G1/><T113/><D76/><U90/><E127/><V126/><F126/><W119/><G79/><T6/><D6/><U102/><E102/><V52/><F98/><W11/><G20/><T92/><D53/><U116/><E116/><V50/><REACH who="2" step="1"/><F54/><REACH who="2" ten="250,250,240,250" step="2"/><W135/><G55/><T123/><D123/><U91/><E2/><V19/><AGARI ba="1,1" hai="19,22,25,45,46,50,52,59,60,65,69,75,77,80" machi="19" ten="20,8000,1" yaku="1,1,2,1,0,1,7,1,54,1,53,0" doraHai="37" doraHaiUra="39" who="2" fromWho="2" sc="250,-41,250,-21,240,93,250,-21" /><INIT seed="1,0,0,2,3,81" ten="209,229,333,229" oya="1" hai0="53,2,96,79,41,46,118,99,31,1,66,25,120" hai1="71,6,121,47,18,76,123,83,78,0,4,88,37" hai2="52,98,36,89,95,35,73,117,85,100,107,24,90" hai3="94,43,22,38,30,80,119,45,109,101,135,33,40"/><U3/><E71/><V116/><F36/><W59/><G109/><T124/><D118/><U104/><E104/><V13/><F73/><W92/><G135/><T44/><D124/><U68/><E68/><V15/><F35/><W61/><G33/><T133/><D133/><U125/><E125/><V62/><F24/><W56/><G119/><T134/><D134/><U19/><E83/><V26/><F26/><W63/><G30/><T42/><D120/><U72/><E37/><V11/><F90/><W114/><G22/><T28/><D66/><U7/><E47/><V126/><F15/><W64/><G114/><T111/><D111/><U32/><E32/><V103/><F100/><W91/><G43/><T132/><D132/><U54/><E54/><V50/><F62/><W34/><G34/><T21/><D79/><U74/><E6/><V75/><F75/><W16/><G16/><T23/><D25/><U55/><E55/><AGARI ba="0,0" hai="1,2,21,23,28,31,41,42,44,46,53,55,96,99" machi="55" ten="25,1600,0" yaku="22,2" doraHai="81" who="0" fromWho="1" sc="209,16,229,-16,333,0,229,0" /><INIT seed="2,0,0,2,5,27" ten="225,213,333,229" oya="2" hai0="10,93,86,109,8,130,60,14,46,17,125,35,63" hai1="114,84,96,72,13,70,100,18,11,29,0,36,99" hai2="104,85,30,119,133,68,116,95,131,2,134,69,124" hai3="112,80,19,132,107,81,44,97,71,24,5,31,113"/><V3/><F95/><W123/><G5/><T25/><D109/><U92/><E114/><V110/><F85/><W7/><G7/><T53/><D125/><U6/><E72/><V79/><F79/><W64/><G19/><T126/><D126/><U49/><E36/><V121/><F124/><W57/><G57/><T26/><D130/><U120/><E120/><V111/><F30/><W74/><G44/><T58/><D8/><U105/><E84/><V22/><F22/><W43/><G43/><T50/><D35/><U39/><E39/><V48/><F48/><W73/><G81/><T51/><D51/><U52/><E70/><N who="2" m="27243" /><F104/><W41/><G41/><T90/><REACH who="0" step="1"/><D60/><REACH who="0" ten="215,213,333,229" step="2"/><U115/><E115/><V77/><F131/><W28/><G113/><T32/><D32/><U38/><E38/><V76/><F121/><W15/><G112/><T94/><D94/><U61/><E61/><V98/><F111/><W75/><G123/><T89/><D89/><U102/><E0/><V103/><F110/><W87/><G107/><T129/><D129/><U1/><E1/><V127/><F127/><W62/><G62/><T55/><AGARI ba="0,1" hai="10,14,17,25,26,46,50,53,55,58,63,86,90,93" machi="55" ten="20,5200,0" yaku="1,1,0,1,7,1,8,1,53,0" doraHai="27" doraHaiUra="135" who="0" fromWho="0" sc="215,62,213,-13,333,-26,229,-13" /><INIT seed="3,0,0,3,4,115" ten="277,200,307,216" oya="3" hai0="110,18,78,20,105,14,32,57,119,88,21,85,118" hai1="53,11,29,10,3,133,103,114,91,124,6,37,127" hai2="92,121,107,96,2,81,34,67,83,112,72,113,30" hai3="38,9,12,28,27,86,46,120,131,39,48,102,97"/><W43/><G131/><T130/><D32/><U0/><E114/><V134/><F2/><W100/><G120/><T71/><D71/><U24/><E103/><N who="2" m="62951" /><F67/><W36/><G86/><T101/><D130/><U117/><E37/><V109/><F30/><W69/><G69/><T47/><D110/><U135/><E53/><V63/><F63/><W49/><G49/><T122/><D122/><U8/><E91/><V54/><F54/><W89/><G89/><T64/><D78/><U35/><E117/><V7/><F7/><W66/><G66/><T23/><D47/><U93/><E93/><V44/><F44/><W26/><G28/><T104/><D104/><U108/><E108/><V19/><F19/><W25/><REACH who="3" step="1"/><G97/><REACH who="3" ten="277,200,307,206" step="2"/><T75/><D64/><U111/><E111/><V95/><F121/><W51/><G51/><T13/><D85/><U4/><E11/><V94/><F109/><W79/><G79/><T129/><D129/><U1/><E1/><V55/><F112/><W60/><G60/><T68/><D68/><U84/><E84/><V126/><F113/><W98/><G98/><T41/><D75/><U76/><E76/><V40/><F72/><W90/><G90/><T65/><D65/><U77/><E77/><V116/><F55/><W106/><G106/><T73/><D73/><U128/><E128/><V50/><F50/><W62/><G62/><T61/><D61/><U52/><E52/><V123/><F123/><W99/><G99/><T22/><D105/><U74/><E74/><V82/><F40/><W59/><G59/><T15/><N who="0" m="5120" /><DORA hai="17" /><T45/><D57/><RYUUKYOKU ba="0,1" sc="277,-15,200,15,307,-15,206,15" hai1="0,3,4,6,8,10,24,29,35,124,127,133,135" hai3="9,12,25,26,27,36,38,39,43,46,48,100,102" /><INIT seed="3,1,1,0,3,106" ten="262,215,292,221" oya="3" hai0="112,66,94,117,20,43,57,61,45,42,109,31,2" hai1="118,9,64,19,72,12,134,130,27,89,8,127,104" hai2="18,102,26,14,25,4,99,79,132,47,75,84,133" hai3="92,135,0,107,76,128,13,24,88,41,125,103,71"/><W3/><G71/><T95/><D117/><U115/><E104/><V83/><F4/><W21/><G128/><T17/><D109/><U35/><E115/><V49/><F84/><W33/><G33/><T22/><D2/><U100/><E100/><V46/><F46/><W131/><G131/><T122/><D122/><U56/><E130/><V28/><F99/><W53/><G125/><T32/><D112/><U62/><E127/><V114/><F102/><W111/><G135/><N who="2" m="51785" /><F28/><W73/><G41/><T126/><D126/><U97/><E134/><V129/><F114/><W16/><G111/><T23/><D32/><U93/><E118/><V63/><F63/><W5/><G103/><T6/><D6/><U48/><E48/><V38/><F38/><W78/><G107/><T68/><D68/><U105/><E105/><V70/><F70/><W80/><G76/><T1/><D1/><U96/><E96/><V91/><F91/><W123/><G123/><T121/><D121/><U7/><E35/><V101/><F101/><W110/><G110/><T113/><D113/><U98/><E98/><V69/><F69/><W87/><REACH who="3" step="1"/><G53/><REACH who="3" ten="262,215,292,211" step="2"/><T67/><D43/><U55/><E55/><N who="2" m="30143" /><F129/><W116/><G116/><T39/><D66/><U81/><E64/><V124/><F124/><W11/><AGARI ba="1,2" hai="0,3,5,11,13,16,21,24,73,78,80,87,88,92" machi="11" ten="30,18000,2" yaku="1,1,0,1,52,1,54,2,53,1" doraHai="106" doraHaiUra="90" who="3" fromWho="3" sc="262,-61,215,-61,292,-61,211,203" /><INIT seed="3,2,0,2,4,59" ten="201,154,231,414" oya="3" hai0="98,35,4,122,106,70,65,58,28,30,121,102,123" hai1="94,84,110,86,26,133,63,100,8,69,75,116,60" hai2="12,125,128,135,131,117,29,101,134,49,41,42,71" hai3="5,85,76,109,73,96,9,21,78,27,127,46,33"/><W1/><G73/><T54/><D4/><U55/><E75/><V3/><F3/><W87/><G127/><T39/><D39/><U20/><E110/><V89/><F29/><W40/><G33/><T120/><N who="0" m="30720" /><DORA hai="72" /><T6/><D6/><U115/><E115/><V36/><F101/><W64/><G109/><T129/><D129/><N who="2" m="49738" /><F89/><W111/><G111/><T19/><D19/><U10/><E69/><V79/><F12/><W92/><G64/><T112/><D112/><U105/><E105/><V43/><F36/><W130/><G130/><T17/><D17/><U44/><E133/><N who="2" m="50699" /><F79/><W61/><G78/><T16/><D35/><U23/><E116/><V48/><F117/><W88/><G76/><T107/><D107/><U15/><E100/><V57/><F71/><W7/><G7/><T53/><D16/><N who="1" m="10271" /><E94/><V37/><F37/><W91/><G92/><T81/><D81/><U108/><E108/><V25/><F25/><W118/><G27/><T62/><D28/><N who="1" m="17503" /><E86/><V74/><F74/><W114/><G87/><T2/><D30/><U32/><E84/><V124/><F57/><W47/><G85/><T24/><D24/><U119/><E32/><V126/><AGARI ba="2,0" hai="41,42,43,48,49,124,125,126" m="50699,49738" machi="126" ten="50,32000,5" yakuman="39" doraHai="59,72" who="2" fromWho="2" sc="201,-82,154,-82,231,326,414,-162" /><INIT seed="4,0,0,3,2,114" ten="119,72,557,252" oya="0" hai0="113,125,135,131,50,105,58,15,132,27,81,106,2" hai1="56,71,19,29,36,3,108,48,47,86,24,98,96" hai2="26,128,6,59,9,30,133,10,93,117,85,54,119" hai3="82,115,67,0,61,69,34,21,77,49,55,57,79"/><T104/><D2/><U14/><E3/><V23/><F128/><W1/><G115/><T64/><D131/><U89/><E71/><V70/><F70/><W41/><G34/><T65/><D113/><U95/><E36/><V76/><F133/><N who="0" m="51274" /><D125/><U130/><E108/><V110/><F110/><W38/><G21/><T7/><D81/><U39/><E39/><V121/><F121/><W134/><G134/><T68/><D68/><U37/><E37/><V63/><F76/><W31/><G31/><T84/><D84/><U43/><E56/><V107/><F107/><W11/><G11/><N who="0" m="4607" /><D27/><U42/><E42/><V13/><REACH who="2" step="1"/><F10/><REACH who="2" ten="119,72,547,252" step="2"/><W44/><REACH who="3" step="1"/><G79/><REACH who="3" ten="119,72,547,242" step="2"/><T32/><D32/><U73/><E130/><V111/><F111/><W25/><G25/><T18/><D105/><U53/><E24/><V17/><F17/><W62/><G62/><T74/><D18/><U122/><E29/><V4/><F4/><W5/><G5/><T124/><D104/><U20/><E122/><V45/><F45/><W109/><G109/><T66/><D106/><U46/><E46/><V94/><F94/><W103/><G103/><T16/><D16/><U78/><E78/><V28/><F28/><W112/><G112/><T97/><D124/><U127/><E127/><V101/><F101/><W118/><G118/><T100/><D100/><U40/><E19/><V126/><F126/><W22/><G22/><T35/><D35/><U102/><E20/><V129/><F129/><W52/><G52/><N who="0" m="32023" /><D74/><AGARI ba="0,2" hai="0,1,38,41,44,49,55,57,61,67,69,74,77,82" machi="74" ten="30,8000,1" yaku="1,1,7,1,24,2,53,1" doraHai="114" doraHaiUra="60" who="3" fromWho="0" sc="119,-80,72,0,547,0,242,100" /><INIT seed="5,0,0,3,0,29" ten="39,72,547,342" oya="1" hai0="63,85,79,73,13,76,17,1,116,45,115,106,100" hai1="120,88,71,82,99,122,62,72,27,43,44,92,48" hai2="4,37,103,132,51,93,21,3,112,70,102,124,7" hai3="94,26,86,98,28,81,16,134,9,31,60,84,65"/><U135/><E135/><V5/><F37/><W69/><G134/><T0/><D116/><U20/><E72/><V127/><F3/><W55/><G55/><T75/><D115/><U35/><E35/><V101/><F132/><W47/><G47/><T130/><D130/><U23/><E82/><V39/><F39/><W114/><G114/><T19/><D45/><U10/><E10/><V15/><F70/><W25/><G28/><T2/><D63/><U33/><E33/><V113/><F93/><W96/><G96/><T54/><D54/><U90/><E90/><V119/><F51/><W14/><G81/><T126/><D126/><N who="2" m="48170" /><F119/><W117/><G26/><T91/><D100/><U125/><E125/><V12/><F12/><W110/><G110/><T67/><D67/><U131/><E131/><V89/><F89/><W68/><G68/><T105/><D1/><U104/><E104/><V18/><AGARI ba="0,0" hai="4,5,7,15,18,21,101,102,103,112,113" m="48170" machi="18" ten="40,1500,0" yaku="18,1" doraHai="29" who="2" fromWho="2" sc="39,-4,72,-7,547,15,342,-4" /><INIT seed="6,0,0,0,3,47" ten="35,65,562,338" oya="2" hai0="85,15,12,17,16,40,39,34,55,96,33,30,14" hai1="123,20,13,10,95,115,111,125,68,93,108,60,6" hai2="119,56,77,25,133,103,69,48,71,127,27,113,78" hai3="135,97,11,61,45,134,1,36,26,124,117,53,90"/><V110/><F119/><W100/><G117/><T67/><D67/><U64/><E125/><V80/><F103/><W18/><G124/><T130/><D130/><U29/><E115/><V121/><F121/><W50/><G90/><T23/><D40/><U4/><E123/><V102/><F102/><W129/><G129/><T43/><D43/><U41/><E41/><V122/><F122/><W63/><G36/><T79/><D39/><U72/><E72/><V28/><F127/><W75/><G75/><T2/><D2/><U116/><E116/><V131/><F133/><N who="3" m="50699" /><G26/><N who="0" m="16735" /><D96/><U46/><E46/><V8/><F25/><W52/><G53/><T51/><D34/><U62/><E29/><V128/><F27/><W37/><G37/><T107/><D107/><U59/><E20/><V87/><F28/><W19/><G1/><T91/><D79/><U9/><E108/><V66/><F78/><W86/><G86/><T104/><D104/><U106/><E106/><V114/><F110/><W38/><G38/><T76/><D76/><U21/><E21/><V83/><F87/><W44/><G44/><N who="0" m="28135" /><D33/><U81/><E111/><V49/><F77/><W31/><G31/><T54/><D54/><U118/><E118/><V32/><F32/><W65/><G11/><T132/><D132/><U89/><E10/><V84/><F8/><W24/><G24/><T112/><D112/><U109/><E6/><V105/><F84/><W35/><G35/><T3/><D3/><U22/><E22/><V82/><F114/><W94/><G65/><T92/><AGARI ba="0,0" hai="12,14,15,16,17,85,91,92" m="28135,16735" machi="92" ten="30,4000,0" yaku="8,1,52,1,54,1" doraHai="47" who="0" fromWho="0" sc="35,40,65,-10,562,-20,338,-10" /><INIT seed="7,0,0,0,4,79" ten="75,55,542,328" oya="3" hai0="11,105,97,26,23,45,28,80,68,15,47,86,66" hai1="52,99,109,4,29,131,41,117,77,81,49,96,27" hai2="121,0,111,108,113,10,25,102,8,124,106,46,98" hai3="32,55,115,60,123,6,62,33,91,85,71,84,17"/><W122/><G115/><T90/><D105/><U74/><E109/><V87/><F113/><W88/><G6/><N who="0" m="3575" /><D68/><U39/><E4/><V9/><F0/><W36/><G71/><T20/><D66/><U34/><E131/><V94/><F124/><W134/><G36/><T70/><D70/><U59/><REACH who="1" step="1"/><E117/><REACH who="1" ten="75,45,542,328" step="2"/><V103/><F87/><W129/><G17/><N who="0" m="12559" /><D97/><U61/><E61/><V92/><F92/><W44/><G44/><AGARI ba="0,1" hai="27,29,34,39,41,44,49,52,59,74,77,81,96,99" machi="44" ten="40,5200,0" yaku="1,1,52,1,54,1,53,0" doraHai="79" doraHaiUra="127" who="1" fromWho="3" sc="75,0,45,62,542,0,328,-52" owari="75,-42.5,107,-29.3,542,64.2,276,7.6" /></mjloggm>