<mjloggm ver="2.3"><GO type="169" lobby="0"/><UN n0="%E8%99%9A%E6%B7%B5%E7%8E%84" n1="%E5%8B%98%E5%BC%81%E3%81%97%E3%81%A6%E3%82%88" n2="%E4%BE%8D" n3="%E6%96%B0%E6%9C%88%E9%97%87%E9%9F%B3" dan="17,17,17,17" rate="2207.54,2223.89,2236.42,2162.50" sx="M,M,M,M"/><TAIKYOKU oya="0"/><INIT seed="0,0,0,1,3,91" ten="250,250,250,250" oya="0" hai0="36,24,7,69,12,128,88,47,35,89,48,4,20" hai1="102,124,46,132,93,39,127,26,85,104,86,9,32" hai2="25,118,53,29,23,73,11,56,65,131,113,67,112" hai3="14,6,80,0,59,121,64,126,58,114,18,31,90"/><T19/><D36/><U38/><E104/><V100/><F73/><W30/><G114/><T123/><D123/><U13/><E132/><V111/><F111/><W94/><G126/><N who="1" m="48170" /><E32/><V117/><F100/><W70/><G121/><T96/><D69/><U79/><E26/><V55/><F11/><W37/><G37/><N who="1" m="13834" /><E46/><V84/><F84/><W72/><G6/><T63/><D128/><U119/><E119/><N who="2" m="45579" /><F53/><W129/><G0/><T125/><D125/><U44/><E44/><V135/><F135/><W77/><G129/><T34/><D34/><U83/><E102/><V99/><F99/><W82/><G70/><T52/><D35/><U15/><E9/><V108/><F108/><W27/><G27/><T42/><D24/><U133/><E133/><V110/><F110/><W101/><G101/><T60/><D89/><AGARI ba="0,0" hai="13,15,79,83,85,86,89,93" m="13834,48170" machi="89" ten="30,2000,0" yaku="18,1,52,1" doraHai="91" who="1" fromWho="0" sc="250,-20,250,20,250,0,250,0" /><INIT seed="1,0,0,5,1,37" ten="230,270,250,250" oya="1" hai0="2,95,132,99,118,9,14,35,1,51,39,53,24" hai1="67,97,112,4,47,125,50,23,44,65,100,26,20" hai2="133,33,130,106,36,78,11,104,135,40,49,89,15" hai3="66,58,79,57,116,87,61,52,83,22,105,63,10"/><U18/><E112/><V108/><F33/><W77/><G116/><T68/><D39/><U126/><E4/><V13/><F36/><W42/><G105/><T98/><D68/><U75/><E75/><V92/><F78/><W91/><G10/><T85/><D132/><N who="2" m="50762" /><F108/><W46/><G22/><T80/><D99/><U54/><E47/><N who="2" m="25831" /><F130/><W122/><G122/><T131/><D131/><U55/><E55/><V27/><F27/><W59/><G59/><T119/><D24/><U3/><E3/><V128/><F128/><W30/><G30/><T110/><D110/><U34/><E34/><V117/><F117/><W48/><AGARI ba="0,0" hai="42,46,48,52,57,58,61,63,66,77,79,83,87,91" machi="48" ten="20,8000,1" yaku="0,1,7,1,8,1,52,1,54,1" doraHai="37" who="3" fromWho="3" sc="230,-20,270,-40,250,-20,250,80" /><INIT seed="2,0,0,5,5,133" ten="210,230,230,330" oya="2" hai0="43,123,16,132,53,56,80,83,127,11,1,88,47" hai1="62,46,54,34,95,52,114,63,35,77,57,6,82" hai2="107,98,134,90,79,67,9,135,50,18,39,87,64" hai3="75,14,13,36,126,110,76,68,10,23,129,121,61"/><V12/><F39/><W5/><G121/><T69/><D69/><U41/><E114/><V45/><F79/><W38/><G110/><T122/><D132/><N who="2" m="50730" /><F98/><W30/><G129/><T27/><D1/><U48/><E6/><V131/><F107/><W21/><G76/><T116/><D116/><U65/><E95/><N who="2" m="54751" /><F131/><W40/><G75/><T60/><D127/><U17/><E17/><V106/><F106/><W25/><G126/><T3/><D3/><U0/><E0/><V99/><F99/><W105/><G105/><T32/><D32/><U85/><REACH who="1" step="1"/><E41/><AGARI ba="0,0" hai="9,12,18,41,45,50,64,67" m="54751,50730" machi="41" ten="30,1500,0" yaku="20,1" doraHai="133" who="2" fromWho="1" sc="210,0,230,-15,230,15,330,0" /><INIT seed="2,1,0,0,0,38" ten="210,215,245,330" oya="2" hai0="9,112,55,62,22,48,30,101,28,7,65,69,132" hai1="51,63,125,121,82,36,64,13,94,72,90,122,52" hai2="15,107,87,17,60,6,71,61,79,5,96,40,118" hai3="78,98,92,0,57,105,34,115,119,86,3,58,135"/><V77/><F118/><W47/><G119/><T42/><D112/><U89/><E36/><V85/><F107/><W100/><G34/><T110/><D110/><U104/><E104/><V29/><F29/><W39/><G135/><T128/><D128/><U114/><E114/><V97/><F15/><W120/><G120/><N who="1" m="46186" /><E125/><V117/><F117/><W111/><G111/><T16/><D101/><U116/><E116/><V26/><F71/><W129/><G129/><T10/><D132/><U113/><E113/><V95/><F95/><W33/><G33/><T74/><D74/><U11/><E82/><V84/><F17/><W49/><G39/><T53/><D30/><U66/><E72/><V37/><F37/><W68/><G68/><T4/><D28/><U123/><N who="1" m="46194" /><U83/><DORA hai="1" /><E83/><V41/><F85/><W46/><G115/><T99/><D99/><N who="1" m="57807" /><E63/><V19/><F19/><W109/><G109/><T35/><D35/><U20/><E20/><V106/><REACH who="2" step="1"/><F106/><REACH who="2" ten="210,215,235,330" step="2"/><W127/><G105/><T2/><D16/><N who="1" m="8255" /><E90/><V12/><F12/><W108/><G0/><T18/><D18/><U14/><E14/><V131/><F131/><W50/><G3/><T21/><D2/><U102/><E102/><V134/><F134/><W44/><G108/><T103/><D103/><U45/><AGARI ba="1,1" hai="45,51,52,64,66" m="8255,57807,46194" machi="45" ten="40,5200,0" yaku="13,1,54,2" doraHai="38,1" who="1" fromWho="1" sc="210,-14,215,65,235,-27,330,-14" /><INIT seed="3,0,0,0,1,105" ten="196,280,208,316" oya="3" hai0="69,57,65,127,126,37,68,119,17,110,108,26,54" hai1="49,63,67,8,118,30,114,64,24,132,92,111,31" hai2="20,32,18,51,44,123,89,72,61,53,15,52,101" hai3="81,80,2,76,74,48,77,70,19,34,43,87,16"/><W55/><G70/><N who="0" m="27243" /><D17/><U135/><E114/><V120/><F32/><W1/><G34/><T102/><D102/><U95/><E111/><N who="0" m="42537" /><D26/><U6/><E118/><V35/><F35/><W94/><G43/><T79/><D79/><U122/><E122/><N who="2" m="46635" /><F101/><W75/><G87/><T4/><D4/><U85/><E49/><V97/><F72/><W36/><G94/><T133/><D133/><N who="1" m="51275" /><E63/><V100/><F89/><W5/><G36/><T25/><D25/><U129/><E129/><V23/><F61/><W124/><G124/><N who="0" m="47659" /><D37/><U83/><E30/><V99/><F23/><W3/><G5/><T107/><D107/><U50/><E92/><N who="2" m="58407" /><F99/><W96/><REACH who="3" step="1"/><G96/><REACH who="3" ten="196,280,208,306" step="2"/><T42/><D42/><AGARI ba="0,1" hai="15,18,20,42,44,51,52,53" m="58407,46635" machi="42" ten="30,2000,0" yaku="13,1,54,1" doraHai="105" who="2" fromWho="0" sc="196,-20,280,0,208,30,306,0" /><INIT seed="4,0,0,0,3,110" ten="176,280,238,306" oya="0" hai0="40,32,22,57,25,135,28,13,8,89,56,112,96" hai1="5,0,67,39,102,120,46,30,72,58,128,114,70" hai2="44,41,36,65,66,111,131,64,95,4,101,50,79" hai3="6,91,14,24,29,10,82,27,55,23,90,11,117"/><T97/><D135/><U43/><E120/><V121/><F111/><W132/><G117/><T53/><D32/><U71/><E58/><V15/><F121/><W92/><G132/><T99/><D40/><U20/><E20/><V73/><F131/><W35/><G11/><T126/><D126/><U47/><E47/><V129/><F129/><W45/><G82/><T12/><D112/><U127/><E128/><V122/><F122/><W48/><REACH who="3" step="1"/><G92/><REACH who="3" ten="176,280,238,296" step="2"/><T52/><D89/><U124/><E124/><V16/><F95/><W1/><G1/><T93/><D93/><U9/><E127/><V86/><F101/><W42/><G42/><T7/><REACH who="0" step="1"/><D13/><REACH who="0" ten="166,280,238,296" step="2"/><U134/><E134/><V61/><F15/><W115/><G115/><T78/><D78/><U51/><E114/><V100/><F79/><W31/><AGARI ba="0,2" hai="6,10,14,23,24,27,29,31,35,45,48,55,90,91" machi="31" ten="20,2700,0" yaku="1,1,0,1,7,1,53,0" doraHai="110" doraHaiUra="69" who="3" fromWho="3" sc="166,-13,280,-7,238,-7,296,47" /><INIT seed="5,0,0,0,5,44" ten="153,273,231,343" oya="1" hai0="2,78,59,107,46,86,87,48,28,95,57,116,101" hai1="127,7,110,11,132,135,60,16,18,88,69,71,104" hai2="92,6,58,15,90,119,108,124,65,36,99,17,22" hai3="55,94,121,100,35,72,41,85,23,105,76,39,123"/><U26/><E104/><V75/><F108/><W98/><G35/><T122/><D116/><U61/><E127/><V32/><F119/><W103/><G23/><T43/><D2/><U29/><E110/><V120/><F36/><W56/><G41/><T1/><D1/><U62/><E71/><V96/><F120/><W37/><G37/><T74/><D122/><U73/><E73/><V133/><F75/><W42/><G42/><T38/><D107/><U68/><E68/><V117/><F117/><W63/><G39/><T91/><D74/><U5/><E69/><V52/><F133/><N who="1" m="51273" /><E7/><V115/><F115/><W106/><G106/><T82/><D38/><U9/><E9/><N who="2" m="4535" /><F32/><W51/><G63/><T50/><D101/><U102/><E102/><V67/><F96/><W83/><G103/><T113/><D113/><U81/><E11/><V31/><F31/><W80/><REACH who="3" step="1"/><G105/><REACH who="3" ten="153,273,231,333" step="2"/><T33/><REACH who="0" step="1"/><D48/><REACH who="0" ten="143,273,231,333" step="2"/><U97/><E61/><N who="2" m="36039" /><F124/><W34/><G34/><T70/><D70/><U13/><E62/><V89/><F89/><AGARI ba="0,2" hai="51,55,56,72,76,80,83,85,89,94,98,100,121,123" machi="89" ten="30,3900,0" yaku="1,1,7,1,52,1,53,0" doraHai="44" doraHaiUra="111" who="3" fromWho="2" sc="143,0,273,0,231,-39,333,59" /><INIT seed="6,0,0,2,4,28" ten="143,273,192,392" oya="2" hai0="9,55,86,84,8,36,29,135,77,21,42,10,58" hai1="53,118,71,113,51,99,22,85,46,45,25,91,57" hai2="103,116,68,30,93,87,63,83,61,15,120,12,4" hai3="122,24,110,64,34,125,104,38,90,73,102,76,96"/><V62/><F116/><W114/><G110/><T119/><D119/><U66/><E118/><V65/><F120/><W50/><G38/><T17/><D135/><U121/><E113/><V123/><F123/><W89/><G122/><T14/><D36/><U49/><E121/><V133/><F133/><W108/><G108/><T11/><D42/><U37/><E37/><V40/><F40/><W26/><G125/><T70/><D70/><U129/><E129/><V72/><F72/><W127/><G127/><T81/><N who="0" m="2048" /><DORA hai="52" /><T132/><D132/><U59/><E99/><N who="2" m="59887" /><F68/><W82/><G64/><T80/><D29/><U16/><E71/><V32/><F32/><W105/><G105/><T33/><D33/><U75/><E75/><V134/><F134/><W126/><G34/><T109/><D109/><U2/><E2/><V41/><F30/><W92/><G114/><T31/><D31/><U7/><E7/><V106/><F106/><W79/><G126/><T43/><D43/><N who="1" m="24767" /><E66/><V69/><F69/><W97/><G50/><T101/><D101/><U130/><E130/><V6/><F41/><W131/><G131/><T3/><D3/><U115/><E115/><V98/><F98/><W111/><G111/><T100/><D100/><U27/><E25/><V44/><F44/><W94/><G24/><T0/><D0/><U13/><E27/><V1/><F65/><W67/><G26/><T112/><D112/><U117/><E117/><V88/><F1/><W56/><G67/><T124/><D124/><U23/><E23/><V18/><F15/><W54/><G104/><T5/><D5/><RYUUKYOKU ba="0,0" sc="143,-15,273,15,192,15,392,-15" hai1="13,16,22,46,51,53,57,59,85,91" hai2="4,6,12,18,61,62,63,83,87,88" /><INIT seed="6,1,0,0,0,33" ten="128,288,207,377" oya="2" hai0="129,54,110,100,81,80,22,105,41,61,97,116,86" hai1="8,134,96,26,14,35,133,127,84,24,40,123,42" hai2="90,20,132,30,5,4,89,65,93,121,83,21,38" hai3="108,18,28,98,13,46,11,52,67,49,70,128,37"/><V82/><F121/><W94/><G108/><T64/><D110/><U114/><E114/><V0/><F38/><W95/><G128/><T60/><D129/><U107/><E127/><V16/><F132/><N who="1" m="50793" /><E84/><V135/><F135/><W119/><G119/><T92/><D116/><U77/><E77/><V63/><F30/><W44/><G28/><T113/><D113/><U106/><E123/><V87/><F0/><W2/><G2/><T78/><D41/><N who="1" m="15979" /><E35/><V72/><F21/><W109/><G109/><T120/><D120/><U36/><E36/><V101/><F101/><W19/><G37/><T69/><D22/><U47/><E47/><V32/><F32/><W62/><G44/><T15/><D81/><N who="2" m="30730" /><F90/><W103/><G19/><T51/><D105/><AGARI ba="1,0" hai="11,13,18,46,49,52,62,67,70,94,95,98,103,105" machi="105" ten="30,2000,0" yaku="7,1,54,1" doraHai="33" who="3" fromWho="0" sc="128,-23,288,0,207,0,377,23" /><INIT seed="7,0,0,5,1,89" ten="105,288,207,400" oya="3" hai0="100,99,66,105,24,104,124,123,120,108,118,130,23" hai1="111,117,8,112,17,61,73,9,49,109,54,50,30" hai2="58,133,131,79,114,92,18,20,98,32,83,10,21" hai3="2,91,45,135,127,69,15,1,132,90,22,14,125"/><W55/><G69/><T96/><D66/><U13/><E73/><V110/><F110/><W52/><G22/><T128/><D23/><U11/><E112/><V48/><F114/><W7/><G45/><T0/><D24/><U78/><E78/><V35/><F131/><N who="0" m="50218" /><D0/><U41/><E117/><V65/><F10/><W115/><G7/><T25/><D25/><U56/><E111/><V5/><F5/><W19/><G19/><T113/><D108/><U85/><E109/><V102/><F20/><W94/><G94/><N who="0" m="58487" /><D113/><AGARI ba="0,0" hai="1,2,14,15,52,55,90,91,113,115,125,127,132,135" machi="113" ten="25,4800,0" yaku="22,2,54,1" doraHai="89" who="3" fromWho="0" sc="105,-48,288,0,207,0,400,48" owari="57,-44.3,288,8.8,207,-19.3,448,54.8" /></mjloggm>