<mjloggm ver="2.3"><GO type="169" lobby="0"/><UN n0="%31%35%2E%31%35%63%6D" n1="%E5%85%A8%E9%9B%86%E4%B8%AD%E3%83%BB%E5%B8%B8%E4%B8%AD" n2="%E6%81%8B%E3%81%AE%E3%81%86%E3%81%9F" n3="%E6%98%8E%E6%98%9F%E5%B8%82%E6%B0%91" dan="16,16,17,16" rate="2147.95,2141.17,2258.88,2159.45" sx="M,M,M,M"/><TAIKYOKU oya="0"/><INIT seed="0,0,0,0,4,132" ten="250,250,250,250" oya="0" hai0="25,50,101,28,69,23,125,67,77,65,61,35,114" hai1="111,38,72,73,4,90,129,40,116,94,92,71,96" hai2="100,20,0,134,14,124,82,95,86,13,115,70,91" hai3="21,76,88,42,120,81,118,52,62,8,18,68,128"/><T113/><D77/><U1/><E116/><V58/><F0/><W43/><G128/><T54/><D67/><U57/><E71/><V15/><F70/><W17/><G118/><T108/><D108/><U5/><E129/><V123/><F123/><W121/><G68/><T131/><D131/><U80/><E111/><V78/><F134/><W48/><G62/><T122/><D122/><N who="3" m="47209" /><G8/><T64/><D64/><U37/><E57/><V130/><F115/><W19/><G21/><T102/><D23/><U133/><E80/><V33/><F33/><W83/><G83/><T85/><D85/><U3/><E40/><V45/><F100/><W47/><G88/><T22/><D22/><U126/><E90/><V32/><F32/><W9/><G9/><T6/><D6/><U2/><E2/><V84/><F130/><W89/><G89/><T66/><D66/><U44/><E96/><V127/><F58/><W51/><G51/><T41/><D41/><U53/><E44/><V112/><F112/><W36/><G36/><T103/><REACH who="0" step="1"/><D125/><REACH who="0" ten="240,250,250,250" step="2"/><N who="2" m="48202" /><F20/><W135/><G135/><T110/><D110/><U87/><E126/><V27/><F27/><W39/><G39/><T16/><D16/><N who="3" m="4097" /><W31/><DORA hai="99" /><G31/><T56/><AGARI ba="0,1" hai="25,28,35,50,54,56,61,65,69,101,102,103,113,114" machi="56" ten="30,12000,1" yaku="1,1,0,1,52,3,53,0" doraHai="132,99" doraHaiUra="74,104" who="0" fromWho="0" sc="240,130,250,-40,250,-40,250,-40" /><INIT seed="0,1,0,0,5,62" ten="370,210,210,210" oya="0" hai0="45,38,113,73,74,109,11,10,36,134,103,46,91" hai1="93,130,108,41,0,64,12,70,48,42,56,29,39" hai2="34,28,106,90,26,122,13,85,66,123,119,50,114" hai3="100,128,15,99,44,112,82,54,101,61,72,89,115"/><T14/><D103/><U3/><E108/><V86/><F114/><W40/><G128/><T55/><D134/><U78/><E130/><V16/><F106/><W9/><G115/><T19/><D113/><U117/><E117/><V5/><F5/><W127/><G127/><T94/><D109/><U125/><E39/><V68/><F85/><W111/><G111/><T23/><D23/><U37/><E37/><V51/><F119/><W116/><G112/><T22/><D22/><U53/><E125/><V60/><F122/><W80/><G100/><T43/><D11/><U32/><E78/><V75/><F75/><W131/><G131/><T105/><D105/><U97/><E12/><V87/><F87/><W102/><G102/><T20/><D10/><U96/><E97/><V47/><F123/><W7/><G72/><T132/><D132/><U120/><E120/><V63/><F63/><W88/><G80/><T104/><D104/><U81/><E81/><V57/><F68/><W110/><G82/><T24/><D14/><U1/><E64/><V133/><F47/><W27/><G27/><T33/><D33/><U124/><E70/><V71/><F71/><W121/><G121/><T135/><D135/><U98/><E124/><V35/><F35/><W59/><G116/><T69/><D69/><U17/><E17/><V4/><F4/><W95/><REACH who="3" step="1"/><G110/><REACH who="3" ten="370,210,210,200" step="2"/><T30/><D74/><U52/><E93/><N who="2" m="54487" /><F133/><W129/><G129/><T67/><D73/><U84/><E29/><V65/><F65/><W79/><G79/><T6/><D30/><U83/><E83/><V8/><AGARI ba="1,1" hai="8,13,16,26,28,34,50,51,57,60,66" m="54487" machi="8" ten="30,4000,0" yaku="5,1,52,1,54,1" doraHai="62" who="2" fromWho="2" sc="370,-21,210,-11,210,53,200,-11" /><INIT seed="1,0,0,2,0,7" ten="349,199,263,189" oya="1" hai0="16,76,107,29,93,0,130,98,11,99,31,1,8" hai1="36,37,2,42,102,79,108,113,46,100,73,126,57" hai2="94,96,15,9,88,74,65,53,49,133,77,109,116" hai3="84,118,71,75,27,52,86,80,13,117,55,50,35"/><U22/><E113/><V63/><F109/><W90/><G71/><T97/><D107/><U120/><E120/><V14/><F116/><N who="3" m="44651" /><G75/><T123/><D123/><U114/><E114/><V6/><F133/><W112/><G112/><T64/><D76/><U28/><E37/><V19/><F74/><W103/><G103/><T5/><D130/><U134/><E126/><V39/><F39/><W51/><G35/><T121/><D121/><U18/><E134/><V83/><F77/><W119/><G27/><T20/><D64/><U67/><E28/><V38/><F38/><W40/><G13/><T101/><D31/><U66/><E2/><V110/><F110/><W129/><G129/><T21/><D29/><U104/><E108/><V24/><F24/><W115/><G115/><T59/><D59/><U54/><E79/><V82/><F63/><W32/><G32/><T85/><D101/><U23/><E73/><V125/><F65/><W111/><G111/><T72/><D72/><U60/><E102/><V89/><F89/><N who="3" m="51335" /><G40/><T81/><D81/><U43/><E43/><V78/><F125/><W106/><G106/><T92/><D1/><U33/><E33/><V34/><F34/><W48/><N who="3" m="44659" /><W62/><DORA hai="56" /><G62/><T132/><D132/><U124/><E124/><V127/><F78/><W68/><G68/><T91/><REACH who="0" step="1"/><D93/><AGARI ba="0,0" hai="48,50,51,52,55,86,90,93" m="51335,44659" machi="93" ten="40,2600,0" yaku="12,1,54,1" doraHai="7,56" who="3" fromWho="0" sc="349,-26,199,0,263,0,189,26" /><INIT seed="2,0,0,4,3,116" ten="323,199,263,215" oya="2" hai0="12,42,109,17,77,82,46,87,108,92,98,51,30" hai1="47,93,113,66,119,19,3,14,26,73,44,1,97" hai2="53,32,34,8,71,6,100,74,64,58,13,0,60" hai3="96,132,70,50,129,120,131,18,49,65,11,88,29"/><V28/><F74/><W91/><G29/><T20/><REACH who="0" step="1"/><D30/><REACH who="0" ten="313,199,263,215" step="2"/><U122/><E119/><V7/><F28/><W40/><G131/><T79/><D79/><U135/><E113/><V127/><F127/><W21/><G129/><T55/><D55/><U61/><E135/><V134/><F134/><W69/><G132/><T90/><AGARI ba="0,1" hai="12,17,20,42,46,51,77,82,87,90,92,98,108,109" machi="90" ten="30,4000,0" yaku="21,2,0,1,53,0" doraHai="116" doraHaiUra="2" who="0" fromWho="0" sc="313,50,199,-10,263,-20,215,-10" /><INIT seed="3,0,0,0,3,33" ten="363,189,243,205" oya="3" hai0="82,42,53,67,6,86,31,52,66,96,133,125,45" hai1="83,50,44,55,112,35,134,80,129,110,128,38,94" hai2="119,23,27,88,89,93,98,61,124,32,57,106,122" hai3="91,15,103,58,43,25,95,11,117,18,85,14,49"/><W102/><G117/><T84/><D133/><U120/><E120/><V28/><F124/><W21/><G14/><T54/><D125/><U48/><E112/><V19/><F122/><W29/><REACH who="3" step="1"/><G58/><REACH who="3" ten="363,189,243,195" step="2"/><T104/><D6/><U100/><E134/><V36/><F119/><W37/><G37/><T90/><D31/><U107/><E38/><V127/><F36/><W34/><G34/><T46/><D46/><AGARI ba="0,1" hai="11,15,18,21,25,29,43,46,49,85,91,95,102,103" machi="46" ten="40,7700,0" yaku="1,1,8,1,53,1" doraHai="33" doraHaiUra="9" who="3" fromWho="0" sc="363,-77,189,0,243,0,195,87" /><INIT seed="3,1,0,4,5,78" ten="286,189,243,282" oya="3" hai0="79,116,51,59,132,76,91,72,57,63,1,123,44" hai1="87,107,69,129,126,111,53,83,113,119,35,66,38" hai2="110,32,22,34,52,50,17,82,71,39,101,84,125" hai3="102,54,55,19,93,108,65,31,86,100,122,0,80"/><W13/><G122/><T37/><D116/><U21/><RYUUKYOKU type="yao9" ba="1,0" sc="286,0,189,0,243,0,282,0" hai1="21,35,38,53,66,69,83,87,107,111,113,119,126,129" /><INIT seed="3,2,0,3,2,108" ten="286,189,243,282" oya="3" hai0="54,135,95,129,33,12,102,84,126,13,110,55,39" hai1="61,85,36,47,20,127,68,133,67,45,16,24,64" hai2="124,101,117,105,78,112,80,30,103,121,87,79,14" hai3="41,46,25,15,86,60,96,73,58,114,53,18,70"/><W98/><G73/><T125/><D33/><U88/><E127/><N who="0" m="48649" /><D110/><U59/><E133/><V35/><F124/><W10/><G114/><T132/><D39/><U111/><E111/><V109/><F109/><W128/><G128/><T52/><D102/><U92/><E36/><V94/><F14/><N who="0" m="5738" /><D95/><U51/><E64/><V69/><F69/><W22/><G86/><T93/><D93/><U99/><E68/><V123/><F30/><W75/><G75/><T83/><D129/><U7/><E7/><V42/><F42/><W27/><G70/><T97/><D97/><U72/><E72/><V57/><F35/><W81/><G81/><T5/><D5/><U50/><E99/><N who="2" m="59639" /><F57/><W0/><G0/><T116/><D116/><U2/><E2/><V49/><F49/><AGARI ba="2,0" hai="16,20,24,45,47,49,50,51,59,61,67,85,88,92" machi="49" ten="40,5200,0" yaku="8,1,54,2" doraHai="108" who="1" fromWho="2" sc="286,0,189,58,243,-58,282,0" /><INIT seed="4,0,0,2,0,73" ten="286,247,185,282" oya="0" hai0="9,19,22,91,126,93,36,113,81,127,7,51,16" hai1="40,27,104,26,60,102,54,124,130,68,29,45,123" hai2="135,41,70,8,128,108,103,114,18,4,62,100,116" hai3="13,10,110,82,72,119,38,33,131,77,105,65,6"/><T63/><D36/><U98/><E123/><V83/><F108/><W23/><G110/><T46/><D113/><U106/><E124/><N who="0" m="47657" /><D63/><U58/><E130/><V25/><F128/><W14/><G33/><T2/><D22/><U53/><E68/><V79/><F135/><W15/><G105/><T85/><D93/><U89/><E89/><V49/><F114/><W121/><G119/><T134/><D134/><U111/><E111/><V129/><F129/><W20/><G131/><T11/><D9/><U107/><E54/><AGARI ba="0,0" hai="2,7,11,16,19,46,51,54,81,85,91" m="47657" machi="54" ten="30,2900,0" yaku="18,1,54,1" doraHai="73" who="0" fromWho="1" sc="286,29,247,-29,185,0,282,0" /><INIT seed="4,1,0,4,0,1" ten="315,218,185,282" oya="0" hai0="131,35,5,25,2,45,93,95,11,89,107,63,73" hai1="47,119,58,117,125,39,13,8,94,84,100,12,16" hai2="55,15,56,111,4,105,33,20,87,99,123,62,9" hai3="130,110,104,135,52,74,28,21,109,121,38,113,91"/><T48/><D107/><U26/><E125/><V19/><F111/><W61/><G113/><T51/><D73/><U14/><E58/><V68/><F33/><W54/><G38/><T36/><D131/><U23/><E8/><V40/><F123/><W103/><G130/><T67/><D36/><U65/><E65/><V24/><F68/><W90/><G74/><T59/><D51/><U57/><E57/><V80/><F105/><W43/><G121/><T114/><D114/><U92/><E84/><V64/><F99/><W29/><G43/><T72/><D72/><U86/><E86/><V17/><F40/><W10/><G135/><T41/><REACH who="0" step="1"/><D89/><REACH who="0" ten="305,218,185,282" step="2"/><U66/><E117/><V129/><F129/><W106/><G106/><T37/><D37/><U46/><E119/><V77/><REACH who="2" step="1"/><F64/><REACH who="2" ten="305,218,175,282" step="2"/><W7/><G104/><T96/><D96/><U120/><E66/><V124/><F124/><W78/><G110/><T75/><D75/><U127/><E127/><V128/><F128/><W101/><G109/><T71/><D71/><U112/><E112/><V79/><F79/><W122/><G78/><T115/><D115/><U88/><E120/><V70/><F70/><W97/><G97/><T44/><D44/><U34/><E46/><V134/><F134/><W3/><G122/><T82/><D82/><U118/><E118/><V22/><F22/><W98/><G21/><T18/><D18/><AGARI ba="1,2" hai="4,9,15,17,18,19,20,24,55,56,62,77,80,87" machi="18" ten="30,8000,1" yaku="1,1,7,1,8,1,52,1,53,1" doraHai="1" doraHaiUra="49" who="2" fromWho="0" sc="305,-83,218,0,175,103,282,0" /><INIT seed="5,0,0,4,1,132" ten="222,218,278,282" oya="1" hai0="105,3,125,31,79,104,20,70,4,34,58,27,82" hai1="77,59,74,75,116,115,17,18,90,69,41,25,10" hai2="114,12,2,53,122,123,102,1,80,9,78,97,87" hai3="13,131,22,101,57,119,21,91,100,36,50,48,109"/><U72/><E69/><V120/><F53/><W128/><G36/><T7/><D70/><U8/><E116/><V30/><F30/><W66/><G109/><T54/><D34/><U71/><E71/><V126/><F114/><W24/><G13/><T32/><D32/><U134/><E77/><V14/><F14/><W65/><G91/><T42/><D42/><U89/><E134/><V11/><F126/><W111/><G57/><T93/><D125/><U38/><E115/><V129/><F129/><W6/><G24/><T28/><D93/><U55/><E41/><V0/><REACH who="2" step="1"/><F12/><REACH who="2" ten="222,218,268,282" step="2"/><W130/><G111/><T124/><D31/><U63/><E38/><V88/><F88/><W29/><G29/><T99/><D124/><U110/><E110/><V16/><F16/><W76/><G76/><T94/><D7/><U95/><E90/><V68/><F68/><W49/><G6/><T64/><D4/><U107/><E18/><V106/><AGARI ba="0,1" hai="0,1,2,9,11,78,80,87,97,102,106,120,122,123" machi="106" ten="40,2700,0" yaku="1,1,0,1,53,0" doraHai="132" doraHaiUra="127" who="2" fromWho="2" sc="222,-7,218,-13,268,37,282,-7" /><INIT seed="6,0,0,3,0,30" ten="215,205,305,275" oya="2" hai0="18,93,69,78,111,53,6,127,14,62,3,102,10" hai1="66,1,33,48,110,17,52,35,107,54,90,8,7" hai2="84,64,25,23,97,112,74,29,38,86,100,12,123" hai3="99,98,31,108,58,0,114,37,42,15,131,83,96"/><V57/><F74/><W4/><G108/><T61/><D111/><U72/><E110/><V71/><F38/><W63/><G0/><T20/><D127/><U43/><E107/><V119/><F112/><W70/><G70/><T104/><D104/><U34/><E72/><V40/><F40/><W76/><G131/><T82/><D69/><U132/><E132/><V22/><F119/><W9/><G31/><T5/><D5/><U121/><E121/><V88/><F71/><W80/><G37/><T67/><D67/><U41/><E66/><V117/><F84/><W51/><G76/><T11/><D11/><U27/><E90/><V95/><F117/><W46/><REACH who="3" step="1"/><G114/><REACH who="3" ten="215,205,305,265" step="2"/><T47/><D3/><U118/><E118/><V92/><F123/><W32/><G32/><T26/><D78/><U75/><E75/><V129/><F129/><W133/><G133/><T101/><D82/><U49/><E17/><V28/><F28/><W2/><G2/><T116/><D116/><U109/><E109/><V50/><F29/><W56/><G56/><T19/><D18/><U130/><E130/><V77/><F77/><W135/><G135/><T45/><D19/><U85/><E27/><V81/><F25/><W122/><G122/><T120/><D26/><U126/><E126/><V36/><F36/><W16/><G16/><T55/><D120/><U68/><E68/><V134/><F134/><W103/><G103/><T105/><D102/><U44/><REACH who="1" step="1"/><E85/><REACH who="1" ten="215,195,305,265" step="2"/><V124/><F124/><W87/><G87/><T59/><D101/><U89/><E89/><V60/><F88/><W125/><G125/><RYUUKYOKU ba="0,2" sc="215,-15,195,15,305,-15,265,15" hai1="1,7,8,33,34,35,41,43,44,48,49,52,54" hai3="4,9,15,42,46,51,58,63,80,83,96,98,99" /><INIT seed="7,1,2,3,1,42" ten="200,210,290,280" oya="3" hai0="105,39,67,75,103,52,91,26,60,9,101,125,71" hai1="34,115,0,14,33,53,120,27,102,29,87,113,32" hai2="40,83,72,48,18,123,104,81,130,50,43,76,82" hai3="109,38,46,132,44,8,3,106,92,56,107,86,1"/><W68/><G132/><T95/><D75/><U10/><E120/><V25/><F104/><W108/><G68/><T64/><D39/><U88/><E102/><V11/><F72/><W2/><G38/><T90/><D125/><U16/><E0/><V49/><F130/><W114/><G114/><N who="1" m="43530" /><E53/><V133/><F133/><W54/><G8/><T119/><D119/><U128/><E128/><V126/><F126/><W21/><G21/><T69/><D105/><U116/><E116/><V55/><F76/><W41/><G41/><N who="2" m="15945" /><F123/><W97/><G86/><T100/><D9/><U58/><E58/><N who="2" m="33127" /><F25/><W98/><G107/><T80/><D26/><U134/><E134/><V61/><F61/><N who="3" m="35991" /><G106/><T13/><D13/><AGARI ba="1,2" hai="11,13,18,49,50,81,82,83" m="33127,15945" machi="13" ten="30,1000,0" yaku="8,1" doraHai="42" who="2" fromWho="0" sc="200,-13,210,0,290,33,280,0" owari="187,-31.3,210,-19.0,323,42.3,280,8.0" /></mjloggm>