<mjloggm ver="2.3"><GO type="169" lobby="0"/><UN n0="%50%75%52%65" n1="%E5%A4%A7%E5%9E%8B%E7%8A%AC" n2="%E7%A7%98%E6%89%93%E7%99%BD%E9%B3%A5%E3%81%AE%E6%B9%96" n3="%E3%81%AF%E3%81%9F%E3%82%86%E3%81%86" dan="16,16,17,16" rate="2132.96,2117.08,2138.14,2154.78" sx="M,M,M,M"/><TAIKYOKU oya="0"/><INIT seed="0,0,0,1,3,101" ten="250,250,250,250" oya="0" hai0="127,97,37,131,125,52,70,118,45,75,36,28,5" hai1="115,78,130,18,69,56,110,60,35,106,96,111,62" hai2="100,86,68,59,87,107,42,40,76,49,53,16,33" hai3="116,129,19,46,66,88,14,95,25,61,26,9,11"/><T7/><D118/><U94/><E130/><V38/><F33/><W58/><G116/><T103/><D131/><U1/><E115/><V71/><F71/><W128/><G128/><T117/><D117/><U27/><E1/><V23/><F68/><W64/><G64/><T135/><D75/><U30/><E78/><V84/><F76/><W17/><G129/><T133/><D70/><U85/><E85/><V4/><F4/><N who="0" m="1610" /><D28/><U119/><E119/><V54/><F38/><N who="0" m="14954" /><D45/><U2/><E2/><V108/><F108/><W109/><G46/><T105/><D52/><N who="1" m="33799" /><E94/><V73/><F73/><W47/><G47/><T102/><D102/><N who="1" m="62791" /><E18/><V57/><F100/><W79/><G109/><T43/><D43/><U72/><E72/><V120/><F120/><W89/><G89/><T51/><D51/><U112/><E112/><V13/><REACH who="2" step="1"/><F107/><REACH who="2" ten="250,250,240,250" step="2"/><W132/><G79/><T134/><AGARI ba="0,1" hai="97,103,105,125,127,133,134,135" m="14954,1610" machi="134" ten="40,3900,0" yaku="20,1,52,1" doraHai="101" who="0" fromWho="0" sc="250,49,250,-13,240,-13,250,-13" /><INIT seed="0,1,0,4,1,45" ten="299,237,227,237" oya="0" hai0="46,120,117,5,66,39,50,19,20,43,25,55,111" hai1="131,116,124,125,87,83,81,24,37,60,68,74,30" hai2="57,32,59,126,108,97,127,33,135,82,78,44,91" hai3="31,14,109,89,7,113,101,3,17,98,100,123,62"/><T42/><D120/><U12/><E116/><V63/><F108/><W8/><G113/><T80/><D111/><U69/><E37/><V76/><F135/><W119/><G109/><T130/><D130/><U26/><E131/><V121/><F121/><W15/><G119/><T40/><D117/><U29/><E12/><V85/><F44/><W38/><G38/><T11/><D80/><U34/><E74/><V71/><F71/><W6/><G123/><T95/><D95/><U21/><E83/><V75/><F97/><W73/><G73/><T2/><REACH who="0" step="1"/><D66/><REACH who="0" ten="289,237,227,237" step="2"/><U110/><E110/><V18/><F82/><W90/><G3/><T122/><D122/><U27/><E81/><V54/><F127/><W105/><G105/><T64/><D64/><U36/><E124/><V107/><F107/><W61/><G98/><T51/><D51/><U93/><E93/><V41/><F126/><W132/><G132/><T47/><AGARI ba="1,1" hai="2,5,11,19,20,25,39,40,42,43,46,47,50,55" machi="47" ten="20,7800,0" yaku="1,1,0,1,7,1,52,1,53,0" doraHai="45" doraHaiUra="102" who="0" fromWho="0" sc="289,91,237,-27,227,-27,237,-27" /><INIT seed="0,2,0,0,5,56" ten="380,210,200,210" oya="0" hai0="98,120,92,112,57,124,64,9,19,118,114,96,38" hai1="62,110,46,3,101,104,58,90,103,81,80,127,87" hai2="130,15,132,30,128,11,43,108,32,1,40,63,76" hai3="113,67,26,97,55,73,52,65,123,126,68,71,85"/><T2/><D118/><U75/><E3/><V100/><F1/><W47/><G73/><T82/><D120/><U39/><E110/><V54/><F108/><W48/><G113/><T99/><D38/><U35/><E35/><V17/><F132/><W41/><G26/><T31/><D124/><U69/><E69/><N who="3" m="26698" /><G85/><T50/><D31/><U133/><E104/><V13/><F76/><W135/><G97/><T61/><D92/><U60/><E133/><V28/><F100/><W42/><G135/><T86/><D50/><U24/><E24/><N who="2" m="18439" /><F15/><W0/><G0/><T94/><D94/><U59/><E127/><V95/><F30/><W74/><G74/><T131/><D131/><N who="2" m="50218" /><F95/><W4/><G4/><T77/><D19/><U93/><E75/><V125/><F125/><W21/><G21/><T106/><REACH who="0" step="1"/><D106/><REACH who="0" ten="370,210,200,210" step="2"/><U88/><E93/><V20/><F20/><W119/><G123/><T5/><AGARI ba="2,1" hai="2,5,9,57,61,64,77,82,86,96,98,99,112,114" machi="5" ten="30,11700,0" yaku="1,1,2,1,0,1,52,1,53,0" doraHai="56" doraHaiUra="22" who="0" fromWho="0" sc="370,133,210,-41,200,-41,210,-41" /><INIT seed="0,3,0,1,0,75" ten="503,169,159,169" oya="0" hai0="131,46,2,106,81,119,34,3,61,134,44,101,88" hai1="40,43,108,112,15,79,59,87,63,69,118,6,83" hai2="26,8,28,102,78,97,20,9,16,64,4,103,107" hai3="120,71,133,121,13,100,68,122,89,25,76,123,109"/><T36/><D119/><U56/><E118/><V73/><F64/><W90/><G109/><T84/><D34/><U57/><E108/><V24/><F103/><W45/><G133/><T93/><D134/><U66/><REACH who="1" step="1"/><E112/><REACH who="1" ten="503,159,159,169" step="2"/><V67/><F67/><W19/><G123/><T62/><D131/><U72/><E72/><V130/><F130/><W111/><G111/><T60/><D106/><U96/><E96/><V74/><F74/><W48/><G122/><T99/><REACH who="0" step="1"/><D36/><REACH who="0" ten="493,159,159,169" step="2"/><U117/><E117/><V91/><F107/><W52/><G121/><T12/><D12/><U37/><E37/><V95/><F24/><W94/><G25/><T0/><AGARI ba="3,2" hai="0,2,3,44,46,60,61,62,81,84,88,93,99,101" machi="0" ten="40,7800,0" yaku="1,1,0,1,54,1,53,0" doraHai="75" doraHaiUra="116" who="0" fromWho="0" sc="493,107,159,-29,159,-29,169,-29" /><INIT seed="0,4,0,5,5,60" ten="600,130,130,140" oya="0" hai0="11,10,12,115,58,86,1,25,54,52,81,111,98" hai1="30,28,68,56,122,67,80,33,8,44,59,64,120" hai2="89,61,76,26,57,72,71,35,9,46,0,14,23" hai3="108,38,93,36,27,85,96,88,104,133,32,50,91"/><T127/><D127/><U18/><E68/><V2/><F71/><W125/><G125/><T84/><D115/><U114/><E114/><V97/><F35/><W82/><G133/><T126/><D126/><U49/><E120/><V20/><F46/><W78/><G108/><T129/><D129/><U113/><E122/><V100/><F89/><W106/><G38/><T63/><D1/><U41/><E113/><V42/><F42/><W47/><G36/><T116/><D116/><U102/><E102/><V53/><F76/><W17/><G78/><T62/><D98/><U121/><E121/><V21/><F72/><W65/><G65/><N who="1" m="25162" /><E33/><V74/><F74/><W119/><G119/><T55/><D25/><U66/><E80/><V101/><F26/><W103/><G103/><T5/><D111/><U109/><E109/><V117/><F117/><W29/><REACH who="3" step="1"/><G17/><REACH who="3" ten="600,130,130,130" step="2"/><T95/><D62/><N who="1" m="38215" /><E59/><V39/><F39/><W83/><G83/><T51/><D81/><U6/><E18/><V75/><F101/><W94/><G94/><T7/><D95/><U48/><E48/><V19/><REACH who="2" step="1"/><F75/><REACH who="2" ten="600,130,120,130" step="2"/><W79/><G79/><T3/><D63/><U105/><E105/><AGARI ba="4,2" hai="0,2,9,14,19,20,21,23,53,57,61,97,100,105" machi="105" ten="40,2600,0" yaku="1,1,2,1,53,0" doraHai="60" doraHaiUra="73" who="2" fromWho="1" sc="600,0,130,-38,120,58,130,0" /><INIT seed="1,0,0,2,1,122" ten="600,92,178,130" oya="1" hai0="57,126,46,130,29,134,128,10,102,4,91,35,70" hai1="81,86,21,38,31,121,15,88,106,64,33,41,94" hai2="9,47,93,113,119,117,34,62,75,84,83,112,49" hai3="89,32,13,125,103,95,3,59,37,0,61,40,20"/><U30/><E106/><V92/><F34/><W127/><G32/><T98/><D91/><U39/><E121/><V7/><F62/><W69/><G69/><T51/><D57/><U17/><E64/><V53/><F75/><W110/><G103/><T120/><D120/><U72/><E33/><V58/><F58/><W24/><G13/><T76/><D76/><U80/><E72/><V77/><F93/><W90/><G90/><T48/><D48/><U6/><E6/><V96/><F92/><W132/><G132/><T2/><D126/><N who="3" m="48137" /><G40/><T79/><D79/><U118/><E118/><V23/><F23/><W42/><G42/><T105/><D134/><U65/><E65/><V54/><F54/><N who="3" m="34039" /><G37/><T22/><D70/><U115/><E39/><V52/><F53/><W60/><G60/><T36/><D51/><U28/><REACH who="1" step="1"/><E115/><REACH who="1" ten="600,82,178,130" step="2"/><N who="2" m="44107" /><F96/><W78/><G3/><AGARI ba="0,1" hai="3,7,9,47,49,52,77,83,84,117,119" m="44107" machi="3" ten="30,2000,0" yaku="11,1,54,1" doraHai="122" who="2" fromWho="3" sc="600,0,82,0,178,30,130,-20" /><INIT seed="2,0,0,0,1,133" ten="600,82,208,110" oya="2" hai0="3,11,73,52,74,37,13,85,38,56,77,108,5" hai1="100,57,68,86,55,132,59,103,25,45,107,34,88" hai2="60,19,44,91,109,96,40,46,124,29,20,9,76" hai3="99,69,65,4,127,97,125,1,111,10,105,84,72"/><V95/><F109/><W51/><G72/><T121/><D121/><U117/><E117/><V27/><F124/><N who="3" m="47691" /><G111/><T70/><D70/><U12/><E68/><V135/><F135/><W2/><G2/><T102/><D102/><U50/><E132/><V31/><F76/><W89/><G105/><T6/><D85/><U62/><E107/><V39/><F46/><W48/><G65/><T66/><D13/><U118/><E118/><V35/><F35/><W36/><G36/><T116/><D11/><U58/><E62/><V30/><REACH who="2" step="1"/><F60/><REACH who="2" ten="600,82,198,110" step="2"/><W78/><G78/><T53/><D77/><U93/><E34/><V49/><F49/><N who="3" m="19019" /><G69/><T106/><D108/><U23/><REACH who="1" step="1"/><E12/><AGARI ba="0,1" hai="9,12,19,20,27,29,30,31,39,40,44,91,95,96" machi="12" ten="40,2000,0" yaku="1,1,53,0" doraHai="133" doraHaiUra="126" who="2" fromWho="1" sc="600,0,82,-20,198,30,110,0" /><INIT seed="2,1,0,2,4,10" ten="600,62,228,110" oya="2" hai0="11,134,113,18,29,64,75,32,44,96,0,85,66" hai1="37,31,123,69,45,86,23,115,65,39,50,2,77" hai2="4,35,27,120,5,20,130,43,74,116,111,107,40" hai3="58,95,33,82,68,54,80,24,1,67,102,108,49"/><V83/><F116/><W129/><G1/><T62/><D75/><U36/><E2/><V122/><F107/><W93/><G129/><T100/><D66/><U38/><E115/><V132/><F35/><W127/><G127/><T15/><D134/><U25/><E123/><V121/><F132/><W79/><G108/><T117/><D117/><U131/><E131/><V47/><F130/><W57/><G68/><T125/><D125/><U34/><E34/><V13/><F111/><W19/><G102/><T106/><D0/><U41/><N who="1" m="9216" /><DORA hai="119" /><U104/><E104/><V3/><F3/><W76/><G82/><T114/><D44/><U56/><E69/><V26/><F26/><W8/><G76/><T101/><D101/><U126/><E126/><V60/><F60/><W87/><G33/><T72/><D72/><U61/><E86/><V118/><F118/><W90/><G79/><T133/><D133/><U89/><E89/><V103/><F103/><W9/><G9/><T105/><D105/><U16/><REACH who="1" step="1"/><E77/><REACH who="1" ten="600,52,228,110" step="2"/><V112/><F112/><W97/><G97/><T81/><D85/><U63/><E63/><V55/><F121/><W91/><G91/><T12/><D62/><U78/><E78/><V51/><F120/><W21/><G80/><T128/><D81/><U46/><E46/><V94/><F122/><W71/><G71/><T48/><D128/><U110/><E110/><V88/><F83/><W99/><G99/><T7/><D32/><U84/><E84/><V124/><F124/><W70/><G70/><T17/><D114/><U98/><E98/><V30/><F88/><RYUUKYOKU ba="1,1" sc="600,-10,52,30,228,-10,110,-10" hai1="16,23,25,31,41,45,50,56,61,65" /><INIT seed="3,2,1,1,5,122" ten="590,82,218,100" oya="3" hai0="105,110,25,31,41,111,15,120,46,7,55,131,96" hai1="66,26,97,61,80,133,67,14,34,22,135,42,116" hai2="38,94,59,130,29,63,70,108,57,124,3,68,28" hai3="33,134,23,87,118,21,115,45,35,86,95,60,20"/><W74/><G115/><T13/><D120/><U132/><E116/><V73/><F73/><W98/><G118/><T53/><D131/><U5/><E42/><V2/><F38/><W84/><G74/><T11/><D15/><U93/><E34/><V1/><F130/><W12/><G134/><T85/><D85/><U39/><E39/><V117/><F117/><W32/><G60/><T77/><D77/><U82/><E14/><V16/><F94/><W121/><G121/><T126/><D126/><U91/><E5/><V99/><F99/><W37/><G12/><T107/><D53/><U81/><REACH who="1" step="1"/><E61/><REACH who="1" ten="590,72,218,100" step="2"/><V10/><F1/><W43/><REACH who="3" step="1"/><G33/><REACH who="3" ten="590,72,218,90" step="2"/><T78/><D13/><U40/><E40/><V52/><F63/><W125/><G125/><T128/><D41/><U0/><E0/><V123/><F124/><W106/><G106/><T19/><D105/><U102/><E102/><AGARI ba="2,3" hai="20,21,23,32,35,37,43,45,84,86,87,95,98,102" machi="102" ten="40,3900,0" yaku="1,1,53,1" doraHai="122" doraHaiUra="88" who="3" fromWho="1" sc="590,0,72,-45,218,0,90,75" /><INIT seed="3,3,0,3,4,91" ten="590,27,218,165" oya="3" hai0="33,86,1,96,70,90,76,56,99,132,75,39,4" hai1="53,103,115,31,127,134,10,107,65,5,23,28,7" hai2="133,14,41,130,124,24,104,63,95,97,93,100,25" hai3="6,35,13,54,61,55,80,117,34,112,59,12,135"/><W32/><G112/><T8/><D70/><U111/><E115/><V18/><F130/><W81/><G117/><T58/><D56/><U83/><E111/><V88/><F133/><W51/><G135/><T66/><D58/><U79/><E134/><V71/><F124/><W85/><G6/><T89/><D39/><U106/><E127/><V68/><F41/><W60/><G81/><T9/><D86/><U102/><E65/><V40/><F40/><W119/><G119/><T17/><D17/><U116/><E116/><V128/><F128/><W110/><G110/><T113/><D33/><U22/><E83/><V122/><F104/><W73/><G73/><T120/><D1/><U42/><E42/><V123/><F25/><W118/><G118/><T108/><D90/><U36/><E10/><N who="2" m="6487" /><F24/><W49/><G61/><T16/><D66/><U26/><E26/><V27/><F63/><W121/><G121/><N who="2" m="46089" /><F27/><W0/><G0/><T62/><D62/><U57/><E36/><V101/><F101/><W64/><G51/><T125/><D132/><U19/><E19/><V20/><F20/><W3/><G3/><T84/><D16/><U15/><E15/><V52/><F52/><W87/><G55/><T46/><D125/><U92/><E53/><V77/><F77/><W67/><G67/><T50/><D76/><U69/><E79/><V109/><F109/><W94/><G64/><T30/><D108/><U38/><E38/><V29/><F29/><W44/><G60/><T11/><D30/><U82/><E31/><V126/><F126/><W98/><G54/><T129/><D120/><RYUUKYOKU ba="3,0" sc="590,-10,27,-10,218,30,165,-10" hai2="68,71,88,93,95,97,100" /><INIT seed="4,4,0,3,2,78" ten="580,17,248,155" oya="0" hai0="120,92,99,66,75,28,117,1,26,82,15,72,73" hai1="11,25,35,53,20,79,34,46,54,81,71,135,116" hai2="118,119,3,128,61,7,43,18,19,8,14,4,115" hai3="12,10,94,106,58,112,48,32,88,89,6,95,59"/><T23/><D1/><U90/><E116/><N who="2" m="44587" /><F43/><W50/><G112/><T2/><D2/><U65/><E135/><V86/><F61/><W80/><G106/><T56/><D120/><U127/><E127/><V98/><F98/><W96/><G32/><T91/><D117/><U24/><E90/><V0/><F86/><N who="3" m="50247" /><G94/><T108/><D108/><U16/><E11/><N who="2" m="2439" /><F115/><W83/><G83/><T93/><D15/><U30/><E35/><V13/><F128/><W60/><G58/><T130/><D130/><U68/><E65/><V63/><F63/><W102/><G102/><T74/><D56/><U62/><E62/><V57/><F57/><W64/><AGARI ba="4,0" hai="6,10,12,48,50,59,60,64,89,95,96" m="50247" machi="64" ten="30,4000,0" yaku="8,1,52,1,54,1" doraHai="78" who="3" fromWho="3" sc="580,-24,17,-14,248,-14,155,52" /><INIT seed="5,0,0,4,4,114" ten="556,3,234,207" oya="1" hai0="11,2,92,52,59,94,111,60,35,30,49,103,82" hai1="26,117,41,38,42,109,98,9,70,127,5,14,93" hai2="99,0,85,90,133,33,110,112,29,88,129,120,37" hai3="27,75,119,76,91,1,15,118,8,130,113,23,10"/><U31/><E70/><V20/><F0/><W95/><G113/><T78/><D111/><U6/><E109/><V47/><F110/><W101/><G101/><T17/><D35/><U32/><E117/><N who="3" m="44554" /><G130/><T123/><D30/><U83/><E127/><V72/><F33/><W132/><G132/><T79/><D17/><U63/><E63/><V106/><F106/><W71/><G71/><T36/><D52/><U125/><E125/><V100/><F100/><W4/><G76/><T73/><D49/><U16/><E83/><V7/><F112/><W65/><G65/><T58/><D58/><U43/><E38/><V116/><F129/><W67/><G67/><T134/><D59/><U61/><E61/><V84/><F133/><W115/><G75/><T51/><D123/><U3/><E3/><V57/><F72/><W68/><G68/><T48/><D2/><U64/><E64/><V34/><F120/><W25/><G23/><T39/><D103/><U13/><E13/><V66/><F20/><W12/><G115/><T124/><D78/><U22/><E32/><V89/><F34/><W108/><G108/><T28/><D79/><U55/><E55/><V74/><F74/><W105/><G105/><T104/><D104/><U18/><E31/><V87/><F116/><W56/><G56/><T45/><D28/><U122/><E122/><V96/><F29/><W126/><G126/><T44/><D124/><U69/><E69/><V77/><F57/><W24/><G8/><T102/><D73/><U131/><E131/><V135/><F66/><W86/><AGARI ba="0,0" hai="1,4,10,12,15,24,25,27,86,91,95" m="44554" machi="86" ten="30,7900,0" yaku="12,1,52,3" doraHai="114" who="3" fromWho="3" sc="556,-20,3,-39,234,-20,207,79" owari="536,63.6,-36,-53.6,214,-18.6,286,8.6" /></mjloggm>