<mjloggm ver="2.3"><GO type="169" lobby="0"/><UN n0="%E6%95%97%E5%8C%97%E8%80%85%E3%81%AD%E3%82%8B" n1="%E6%B3%A2%E4%B9%83%E7%90%86" n2="%5B%5B%79%75%79%75%5D%5D" n3="%6E%61%67%61%69%6D%6F" dan="17,16,16,16" rate="2178.45,2107.76,2161.84,2139.75" sx="F,M,M,M"/><TAIKYOKU oya="0"/><INIT seed="0,0,0,5,5,116" ten="250,250,250,250" oya="0" hai0="34,52,66,96,111,86,74,130,3,18,2,32,69" hai1="112,6,49,37,91,20,31,36,99,100,104,61,15" hai2="53,128,125,76,57,114,24,47,127,16,48,79,124" hai3="17,83,43,64,10,71,93,87,40,51,73,35,9"/><T118/><D118/><U67/><E112/><V1/><F1/><W26/><G73/><T58/><D74/><U88/><E49/><V101/><F114/><W54/><G71/><T77/><D130/><U5/><E37/><V119/><F119/><W22/><G35/><T120/><D120/><U27/><E36/><V70/><F70/><W109/><G109/><T12/><D111/><U123/><E123/><V8/><F101/><W105/><G105/><T4/><D96/><U103/><E103/><V28/><F128/><W39/><G64/><T126/><D126/><U11/><REACH who="1" step="1"/><E5/><REACH who="1" ten="250,240,250,250" step="2"/><V80/><F47/><W110/><G110/><T122/><D4/><U41/><E41/><V46/><F46/><W30/><G39/><T63/><D122/><U131/><E131/><V33/><F80/><W133/><G43/><T56/><D32/><U21/><E21/><V29/><REACH who="2" step="1"/><F29/><REACH who="2" ten="250,240,240,250" step="2"/><W95/><G30/><T132/><D132/><U50/><E50/><V92/><F92/><W0/><G133/><T23/><D34/><U45/><E45/><V89/><F89/><W42/><G95/><T113/><D113/><U85/><E85/><V78/><F78/><W14/><G93/><T134/><D134/><U65/><E65/><V94/><F94/><W55/><G87/><T102/><D102/><U108/><E108/><V115/><F115/><W106/><G83/><N who="0" m="47471" /><D69/><AGARI ba="0,2" hai="6,11,15,20,27,31,61,67,69,88,91,99,100,104" machi="69" ten="30,3900,0" yaku="1,1,7,1,54,1,53,0" doraHai="116" doraHaiUra="68" who="1" fromWho="0" sc="250,-39,240,59,240,0,250,0" /><INIT seed="1,0,0,3,1,96" ten="211,299,240,250" oya="1" hai0="13,16,54,23,114,67,103,60,46,89,19,6,38" hai1="18,57,112,59,36,72,55,44,70,101,115,128,106" hai2="130,86,71,11,76,22,33,100,48,15,85,73,45" hai3="118,39,50,82,91,4,63,62,113,47,75,69,88"/><U111/><E72/><V43/><F33/><W83/><G113/><T5/><D114/><U3/><E3/><V40/><F71/><W32/><G32/><T53/><D89/><U135/><E70/><V7/><F130/><W49/><G4/><T78/><D78/><U129/><E115/><V122/><F73/><W93/><G69/><T27/><D103/><U42/><E112/><V31/><F43/><W41/><G118/><T65/><D65/><U51/><E18/><V131/><F131/><N who="1" m="50249" /><E135/><V99/><F122/><W8/><G8/><T84/><D84/><U30/><E30/><V1/><F1/><W64/><G91/><T134/><D134/><U24/><E24/><V34/><F34/><W119/><G119/><T97/><D97/><N who="1" m="61743" /><E111/><V9/><F9/><W125/><G75/><T26/><D26/><U110/><E110/><V77/><F22/><W90/><G90/><T94/><D5/><U132/><E132/><V92/><F31/><W124/><G39/><T102/><D6/><U81/><E81/><V117/><F117/><W108/><G108/><T56/><D19/><U74/><E74/><V79/><AGARI ba="0,0" hai="7,11,15,40,45,48,76,77,79,85,86,92,99,100" machi="79" ten="30,4000,0" yaku="0,1,8,1,52,1" doraHai="96" who="2" fromWho="2" sc="211,-10,299,-20,240,40,250,-10" /><INIT seed="2,0,0,2,3,89" ten="201,279,280,240" oya="2" hai0="3,35,67,52,87,81,79,108,109,106,123,128,18" hai1="29,100,124,72,24,48,13,122,47,76,11,118,31" hai2="51,77,40,19,70,130,17,8,121,22,2,82,0" hai3="56,80,55,9,111,20,120,113,119,93,10,61,6"/><V30/><F121/><W135/><G119/><T110/><D123/><U117/><E122/><V15/><F70/><W105/><G105/><T75/><D106/><U45/><E124/><V101/><F101/><W38/><G38/><T86/><D35/><U62/><E100/><V26/><F130/><W65/><G113/><T46/><D3/><U39/><E62/><V88/><F2/><W21/><G135/><T57/><D128/><U71/><E71/><V132/><F0/><W32/><G32/><T95/><D67/><U60/><E60/><V103/><F103/><W129/><G129/><T104/><D104/><U83/><E39/><V99/><F132/><W112/><G112/><T97/><D18/><U94/><E47/><N who="2" m="26087" /><F77/><W127/><G127/><T107/><D46/><U115/><E115/><V125/><F125/><W28/><G120/><T59/><D59/><U54/><E31/><V7/><F82/><W73/><G73/><T27/><D27/><U66/><E66/><V98/><F98/><W49/><G80/><T134/><D107/><U126/><E126/><V74/><F74/><W41/><G41/><T44/><D44/><U69/><E69/><V1/><F1/><W116/><G116/><T42/><D42/><U4/><E94/><AGARI ba="0,0" hai="7,8,15,17,19,22,26,30,88,94,99" m="26087" machi="94" ten="30,5800,0" yaku="8,1,52,1,54,1" doraHai="89" who="2" fromWho="1" sc="201,0,279,-58,280,58,240,0" /><INIT seed="2,1,0,0,2,95" ten="201,221,338,240" oya="2" hai0="21,59,48,16,69,43,9,128,58,12,110,51,133" hai1="105,92,117,127,56,113,100,106,104,108,63,62,6" hai2="50,101,54,4,94,97,103,77,18,65,93,71,52" hai3="40,81,0,13,85,55,36,119,24,122,41,20,114"/><V28/><F4/><W120/><G0/><T87/><D69/><U132/><E113/><V66/><F28/><W64/><G119/><T98/><D110/><U78/><E117/><V130/><F130/><W33/><G114/><T38/><D133/><U46/><E108/><V125/><F125/><W123/><G64/><T72/><D72/><U84/><E132/><V2/><F2/><W126/><G126/><T115/><D115/><U31/><E127/><V14/><F77/><W32/><G55/><T1/><D128/><U74/><E46/><V10/><F71/><W91/><G13/><T111/><D87/><U34/><E6/><V99/><F54/><W22/><G22/><T49/><D111/><U53/><E63/><V102/><F102/><W124/><G124/><T45/><D1/><U134/><E134/><V107/><F107/><W118/><G118/><T83/><D83/><N who="1" m="45527" /><E31/><V80/><F80/><W70/><G70/><T37/><D37/><U23/><E23/><V112/><F112/><W129/><G129/><T25/><REACH who="0" step="1"/><D98/><REACH who="0" ten="191,221,338,240" step="2"/><N who="1" m="61463" /><E34/><V29/><REACH who="2" step="1"/><F29/><AGARI ba="1,1" hai="9,12,16,21,25,29,38,43,45,48,49,51,58,59" machi="29" ten="40,2600,0" yaku="1,1,54,1,53,0" doraHai="95" doraHaiUra="90" who="0" fromWho="2" sc="191,39,221,0,338,-29,240,0" /><INIT seed="3,0,0,5,5,72" ten="230,221,309,240" oya="3" hai0="74,8,118,77,133,106,95,134,113,48,109,60,103" hai1="3,120,10,37,76,69,111,29,17,101,115,20,125" hai2="89,12,27,92,34,44,33,46,35,98,50,70,110" hai3="45,107,26,97,43,71,129,59,51,55,14,63,68"/><W42/><G129/><T86/><D118/><U128/><E101/><V78/><F70/><W25/><G107/><T47/><D109/><U124/><E20/><V122/><F110/><W7/><G97/><N who="0" m="61807" /><D113/><U64/><E29/><V100/><F122/><W6/><G71/><T31/><D31/><U66/><E76/><V80/><F27/><N who="3" m="10251" /><G68/><T91/><D8/><U93/><E10/><V4/><F4/><N who="3" m="1579" /><G14/><T21/><D21/><U135/><E93/><V13/><F100/><W2/><G2/><T49/><D60/><U61/><E17/><V108/><F46/><W24/><N who="3" m="10259" /><W79/><DORA hai="23" /><G79/><T73/><D73/><U90/><E61/><V58/><F58/><W39/><G39/><T67/><D67/><AGARI ba="0,0" hai="42,43,45,51,55,59,63,67" m="1579,10259" machi="67" ten="30,12000,1" yaku="8,1,52,4" doraHai="72,23" who="3" fromWho="0" sc="230,-120,221,0,309,0,240,120" /><INIT seed="3,1,0,3,1,130" ten="110,221,309,360" oya="3" hai0="11,62,60,106,109,44,10,54,74,103,88,120,52" hai1="107,46,8,53,56,63,20,93,97,76,95,26,87" hai2="132,125,121,5,18,47,96,118,70,38,82,104,2" hai3="45,108,135,105,0,29,27,77,114,21,34,134,98"/><W69/><G114/><T90/><D120/><U3/><E107/><V51/><F118/><W66/><G0/><T40/><D74/><U58/><E3/><V14/><F38/><W116/><G116/><T41/><D109/><U99/><E8/><V72/><F121/><W1/><G1/><T9/><D106/><U112/><E112/><V111/><F111/><W24/><G77/><T67/><D103/><U100/><E46/><V22/><F70/><W117/><G117/><T94/><D90/><U102/><E58/><V124/><F5/><W7/><G7/><T122/><D122/><U49/><E76/><V37/><F37/><W6/><G6/><T12/><D12/><U32/><E32/><V30/><F30/><W129/><G129/><T64/><D64/><U128/><E87/><V4/><F4/><W83/><G83/><T92/><D92/><U25/><E128/><V115/><F115/><W16/><G45/><T81/><D81/><U119/><E119/><V55/><F2/><W113/><G113/><T101/><D101/><U28/><E25/><V73/><F82/><W79/><G79/><T57/><D60/><AGARI ba="1,0" hai="20,26,28,49,53,56,60,63,93,95,97,99,100,102" machi="60" ten="40,2600,0" yaku="9,1,8,1" doraHai="130" who="1" fromWho="0" sc="110,-29,221,29,309,0,360,0" /><INIT seed="4,0,0,2,2,24" ten="81,250,309,360" oya="0" hai0="37,68,79,124,95,100,78,94,125,62,21,132,64" hai1="111,134,47,105,51,2,57,128,82,6,127,15,76" hai2="41,110,69,86,38,59,28,45,31,11,104,17,131" hai3="10,33,72,43,112,8,90,67,61,27,123,73,102"/><T53/><D37/><U55/><E111/><V23/><F69/><W29/><G123/><T1/><D1/><U65/><E105/><V121/><F110/><W32/><G112/><T85/><D132/><U93/><E127/><N who="0" m="48713" /><D53/><U118/><E134/><V113/><F104/><W109/><G109/><T30/><D85/><U12/><E118/><V35/><F35/><W39/><G33/><T98/><D94/><U83/><E128/><V74/><F74/><W36/><G36/><T56/><D68/><U50/><E2/><V88/><F121/><W18/><G43/><T101/><D100/><U91/><E6/><V58/><F11/><W114/><G39/><T122/><D122/><U120/><E120/><V81/><F131/><W52/><G114/><T75/><D75/><U103/><E103/><V0/><F0/><W3/><G102/><T66/><D66/><U46/><E65/><V54/><F113/><W42/><G42/><T16/><D16/><U97/><E57/><V63/><F59/><W116/><G67/><T80/><D80/><N who="1" m="30763" /><E76/><V99/><F99/><W106/><G106/><T70/><D70/><U44/><E44/><V107/><F107/><W25/><G116/><T40/><D40/><AGARI ba="0,0" hai="12,15,40,46,47,50,51,55,91,93,97" m="30763" machi="40" ten="30,1000,0" yaku="8,1" doraHai="24" who="1" fromWho="0" sc="81,-10,250,10,309,0,360,0" /><INIT seed="5,0,0,1,0,70" ten="71,260,309,360" oya="1" hai0="131,35,69,83,123,124,55,11,40,125,3,112,122" hai1="17,33,15,25,71,31,103,99,127,1,85,44,109" hai2="105,67,52,98,48,27,116,5,12,59,130,117,10" hai3="36,82,16,128,39,80,91,94,72,14,4,118,49"/><U63/><E127/><N who="0" m="48713" /><D69/><U58/><E109/><V89/><F130/><W102/><G4/><N who="0" m="1439" /><D112/><U24/><E1/><V108/><F108/><W13/><G13/><T42/><D35/><U29/><E85/><V9/><F67/><W19/><G19/><T119/><D119/><U60/><E44/><V28/><F10/><W87/><G128/><T121/><D131/><U34/><E58/><V53/><F53/><W92/><G118/><T86/><D55/><U26/><E26/><V56/><F56/><W76/><G49/><T133/><D133/><U132/><E132/><V75/><F75/><W115/><G115/><T135/><D135/><U101/><E71/><V106/><F106/><W47/><G47/><T32/><D32/><U111/><E111/><V107/><F107/><W20/><REACH who="3" step="1"/><G102/><REACH who="3" ten="71,260,309,350" step="2"/><T110/><D110/><U113/><E113/><V68/><F117/><W61/><G61/><T81/><D81/><U6/><E6/><V120/><F116/><W66/><G66/><T21/><D21/><U62/><REACH who="1" step="1"/><E99/><REACH who="1" ten="71,250,309,350" step="2"/><V51/><F98/><W79/><G79/><AGARI ba="0,2" hai="40,42,79,83,86,121,122,123" m="1439,48713" machi="79" ten="40,2600,0" yaku="13,1,18,1" doraHai="70" who="0" fromWho="3" sc="71,46,250,0,309,0,350,-26" /><INIT seed="6,0,0,1,1,99" ten="117,250,309,324" oya="2" hai0="86,66,21,135,39,16,77,51,83,20,5,75,18" hai1="111,36,121,88,25,14,22,11,64,76,24,71,63" hai2="60,56,81,35,94,114,90,124,0,79,68,131,104" hai3="57,80,52,107,34,105,85,13,95,59,125,19,103"/><V43/><F68/><W116/><G34/><T110/><D39/><U101/><E111/><V97/><F114/><W72/><G116/><T10/><D110/><U98/><E36/><V48/><F35/><W54/><G125/><T69/><D135/><U128/><E76/><V55/><F124/><W32/><G32/><T37/><D37/><U93/><E128/><V96/><F131/><W58/><G72/><T109/><D109/><U108/><E108/><V119/><F0/><W33/><G33/><T62/><D51/><U92/><E121/><V120/><F119/><W115/><G115/><T17/><REACH who="0" step="1"/><D75/><REACH who="0" ten="107,250,309,324" step="2"/><U100/><E22/><V53/><F120/><W28/><G28/><T117/><D117/><U134/><E134/><V102/><F43/><W82/><G107/><T2/><AGARI ba="0,1" hai="2,5,10,16,17,18,20,21,62,66,69,77,83,86" machi="2" ten="30,4000,0" yaku="1,1,0,1,54,1,53,0" doraHai="99" doraHaiUra="70" who="0" fromWho="0" sc="107,50,250,-10,309,-20,324,-10" /><INIT seed="7,0,0,0,5,82" ten="157,240,289,314" oya="3" hai0="19,37,9,16,2,89,71,61,42,47,46,14,3" hai1="30,88,74,64,106,131,107,53,1,7,99,97,103" hai2="91,132,51,110,33,118,102,62,75,38,70,27,18" hai3="24,40,67,80,32,133,81,63,77,96,68,129,119"/><W29/><G133/><T35/><D35/><U6/><E74/><V86/><F75/><W26/><G129/><T127/><D127/><U11/><E131/><V20/><F38/><W93/><G119/><T113/><D113/><U52/><E7/><V73/><F73/><W60/><G40/><T101/><D101/><U10/><E30/><V76/><F110/><W31/><G60/><T104/><D104/><U124/><E124/><V120/><F118/><W117/><G77/><T34/><D34/><U45/><E11/><V95/><F132/><W79/><G117/><T72/><D72/><U41/><E64/><V85/><F120/><W28/><G79/><T92/><D47/><U13/><E1/><V108/><F108/><W59/><G68/><T126/><D126/><U78/><E78/><V22/><F33/><W83/><G32/><T125/><D19/><U36/><REACH who="1" step="1"/><E88/><AGARI ba="0,0" hai="24,26,28,29,31,59,63,67,80,81,83,88,93,96" machi="88" ten="40,3900,0" yaku="8,1,54,1" doraHai="82" who="3" fromWho="1" sc="157,0,240,-39,289,0,314,39" owari="157,-34.3,201,-19.9,289,8.9,353,45.3" /></mjloggm>