<mjloggm ver="2.3"><GO type="169" lobby="0"/><UN n0="%E3%81%9D%E3%82%93%E3%81%97%E6%A7%98" n1="%E8%8A%B1%E8%90%BD%E4%BD%95%E4%BA%BA%E7%9F%A5" n2="%4C%61%72%72%6B" n3="%41%72%69%61" dan="17,16,16,16" rate="2229.82,2107.83,2146.29,2137.53" sx="M,M,M,F"/><TAIKYOKU oya="0"/><INIT seed="0,0,0,1,5,11" ten="250,250,250,250" oya="0" hai0="50,91,67,2,121,20,100,22,28,103,59,14,65" hai1="134,29,23,81,133,66,5,9,31,74,129,26,15" hai2="96,128,122,102,19,131,124,132,89,58,43,21,25" hai3="106,18,39,60,47,87,56,95,13,111,75,32,127"/><T125/><D121/><U110/><E66/><N who="0" m="25097" /><D2/><U135/><E110/><V4/><F122/><W85/><G106/><T112/><D112/><U99/><E99/><V51/><F124/><W77/><G32/><T30/><D125/><U8/><E129/><V33/><F132/><W118/><G111/><T41/><D91/><U83/><E74/><V104/><F33/><W69/><G118/><T92/><D92/><U79/><E79/><V49/><F4/><W101/><G69/><T109/><D109/><U82/><REACH who="1" step="1"/><E8/><REACH who="1" ten="250,240,250,250" step="2"/><V98/><F98/><N who="3" m="59615" /><G75/><T90/><D103/><U114/><E114/><V53/><F89/><W57/><G77/><T37/><D100/><U61/><E61/><V70/><F70/><W27/><G60/><T1/><D90/><U64/><E64/><V6/><F102/><W115/><G115/><T94/><D1/><U42/><E42/><V130/><F96/><W80/><G127/><T16/><D41/><U72/><E72/><V40/><F43/><W68/><G68/><T108/><D108/><U116/><E116/><V36/><F104/><W84/><G84/><T126/><D126/><U78/><E78/><V117/><F117/><W35/><G87/><T38/><D38/><U113/><E113/><V55/><F40/><W107/><G107/><T10/><D37/><U71/><E71/><V44/><F36/><W123/><G85/><T7/><D7/><U119/><E119/><V52/><F6/><W34/><G39/><T97/><D97/><U62/><E62/><V45/><F55/><W0/><G0/><T54/><D94/><U46/><E46/><AGARI ba="0,1" hai="19,21,25,44,45,46,49,51,52,53,58,128,130,131" machi="46" ten="40,5200,0" yaku="6,1,19,1,54,1" doraHai="11" who="2" fromWho="1" sc="250,0,240,-52,250,62,250,0" /><INIT seed="1,0,0,0,5,79" ten="250,188,312,250" oya="1" hai0="10,84,29,91,92,103,118,55,37,67,119,14,114" hai1="98,132,104,66,120,3,1,134,28,90,110,53,4" hai2="35,88,93,11,111,127,36,76,13,25,133,23,0" hai3="45,124,77,72,20,49,85,57,115,69,8,18,123"/><U9/><E120/><V75/><F36/><W39/><G115/><T33/><D114/><U122/><E122/><V126/><F111/><W65/><G123/><T86/><D37/><U47/><E66/><V121/><F121/><W96/><G72/><T125/><D125/><U108/><E28/><V7/><F133/><N who="1" m="51305" /><E1/><V21/><F21/><W41/><G124/><T81/><D67/><U44/><E53/><V97/><F35/><W62/><G96/><T38/><D38/><U17/><E17/><V60/><F60/><W61/><G8/><T105/><D55/><U63/><E63/><V54/><F54/><N who="3" m="31951" /><G85/><T46/><D46/><N who="1" m="17451" /><E90/><V74/><F0/><W52/><G77/><N who="0" m="46127" /><D29/><U117/><E117/><V2/><F2/><W95/><G95/><T22/><D118/><U82/><E82/><V135/><F135/><W40/><G18/><T48/><D92/><U89/><E89/><V131/><F74/><W73/><G73/><T42/><D91/><U59/><E59/><V16/><F75/><W128/><G41/><T56/><D42/><U19/><E19/><V34/><F76/><W78/><G78/><T80/><D56/><U102/><AGARI ba="0,0" hai="3,4,9,98,102,104,108,110" m="17451,51305" machi="102" ten="40,2100,0" yaku="20,1" doraHai="79" who="1" fromWho="1" sc="250,-7,188,21,312,-7,250,-7" /><INIT seed="1,1,0,1,2,96" ten="243,209,305,243" oya="1" hai0="121,133,40,89,114,102,27,79,5,54,120,46,4" hai1="19,25,9,131,93,52,66,34,132,72,134,77,116" hai2="56,104,20,130,75,28,55,106,78,17,18,92,124" hai3="45,30,112,13,100,58,53,74,23,107,91,88,29"/><U119/><E66/><V108/><F108/><W103/><G112/><T135/><D114/><U105/><E105/><V115/><F115/><W50/><G74/><T117/><D117/><U98/><E131/><V127/><F130/><W31/><G107/><T70/><D70/><U113/><E113/><V67/><F67/><W49/><G23/><T126/><D126/><N who="2" m="48170" /><F28/><W87/><G13/><T15/><D79/><U118/><E9/><V85/><F75/><W14/><G14/><T2/><D2/><U3/><E3/><V94/><F18/><W12/><G12/><T7/><D89/><N who="3" m="34377" /><G87/><T71/><D71/><U125/><E125/><V64/><F64/><W82/><G82/><T42/><D15/><U10/><E10/><V1/><F1/><W63/><G50/><N who="0" m="29015" /><D27/><U90/><E72/><V21/><F21/><W95/><G95/><N who="2" m="36393" /><F85/><W0/><G0/><T16/><D16/><U47/><E19/><V60/><F78/><W99/><G99/><T61/><D5/><U110/><E110/><V122/><F122/><W69/><G69/><T101/><D4/><U44/><E77/><V6/><F6/><W37/><G37/><T32/><D7/><U109/><E109/><V68/><F68/><W73/><G73/><T84/><D121/><U36/><E34/><V62/><F17/><W51/><G51/><T83/><D32/><U76/><E76/><V48/><F20/><W22/><G22/><T80/><D120/><U111/><E111/><V38/><F38/><W129/><G129/><T33/><D33/><U8/><E118/><V123/><F123/><W11/><G11/><RYUUKYOKU ba="1,0" sc="243,-15,209,-15,305,15,243,15" hai2="48,55,56,60,62,104,106" hai3="29,30,31,45,49,53,58,63,100,103" /><INIT seed="2,2,0,0,4,87" ten="228,194,320,258" oya="2" hai0="4,72,59,43,82,18,84,115,20,123,69,94,40" hai1="6,130,95,81,71,55,5,107,38,3,21,44,93" hai2="45,37,58,124,60,102,23,110,56,41,63,27,80" hai3="129,26,135,22,114,89,49,50,77,76,57,13,19"/><V101/><F124/><W113/><G135/><T25/><D123/><U73/><E107/><V30/><F110/><W134/><G134/><T132/><D115/><N who="3" m="44041" /><G129/><T75/><D69/><U106/><E106/><V108/><F108/><W131/><G131/><T61/><D132/><U116/><E130/><V51/><F80/><W98/><G57/><T67/><D4/><U109/><E109/><V33/><F33/><W96/><G96/><T48/><D94/><U125/><E116/><V90/><F37/><W16/><G76/><T29/><D48/><N who="3" m="18537" /><G77/><T70/><D70/><U83/><E71/><V2/><F2/><W118/><G118/><T39/><D39/><U117/><E3/><V112/><F112/><W126/><G126/><T36/><D36/><U24/><E125/><V35/><F35/><W53/><G53/><T121/><D121/><U12/><E38/><V99/><F58/><W78/><G78/><N who="0" m="46167" /><D75/><U122/><E73/><V9/><F63/><W8/><G98/><T105/><D105/><U10/><E117/><V79/><F79/><W111/><G111/><T100/><D72/><U62/><E122/><V127/><F127/><W47/><G47/><T104/><D104/><U85/><E44/><V32/><F32/><W28/><G28/><T31/><D100/><U46/><E46/><V66/><F9/><W64/><G64/><T7/><D7/><U88/><E5/><V119/><F119/><W54/><G54/><T97/><D97/><U42/><E55/><V92/><AGARI ba="2,0" hai="23,27,30,41,45,51,56,60,66,90,92,99,101,102" machi="92" ten="30,6000,0" yaku="0,1,8,1,52,1" doraHai="87" who="2" fromWho="2" sc="228,-22,194,-22,320,66,258,-22" /><INIT seed="2,3,0,5,3,53" ten="206,172,386,236" oya="2" hai0="55,66,95,15,47,30,96,3,54,23,101,42,93" hai1="127,103,2,78,134,71,100,99,48,81,50,110,28" hai2="61,132,109,120,31,133,67,105,86,52,87,7,16" hai3="32,59,37,104,9,122,5,72,80,57,63,135,0"/><V6/><F120/><W121/><G104/><T1/><D66/><U108/><E71/><V89/><F105/><W130/><G32/><T29/><D1/><U39/><E2/><V128/><F31/><W26/><G26/><T82/><D3/><U14/><E39/><V60/><F128/><W79/><G130/><T18/><D82/><U92/><E127/><V126/><F126/><W97/><G97/><T20/><D93/><U8/><E134/><N who="2" m="51819" /><F109/><N who="1" m="42089" /><E28/><V44/><F16/><W36/><G135/><T19/><D30/><U88/><E103/><V102/><F102/><W22/><G22/><T94/><D94/><U84/><E100/><V85/><F89/><W75/><G75/><T56/><D29/><U73/><E73/><V131/><F131/><W21/><G21/><T91/><D101/><U112/><E112/><V46/><F46/><W35/><G35/><T45/><D42/><U69/><E69/><N who="2" m="42215" /><F44/><W107/><G107/><T58/><D47/><U64/><E64/><V124/><F124/><W12/><G0/><T117/><D117/><U13/><E13/><V83/><F83/><W111/><G111/><T4/><D4/><AGARI ba="3,0" hai="4,8,14,48,50,78,81,84,88,92,99" m="42089" machi="4" ten="30,2000,0" yaku="14,1,54,1" doraHai="53" who="1" fromWho="0" sc="206,-29,172,29,386,0,236,0" /><INIT seed="3,0,0,2,4,59" ten="177,201,386,236" oya="3" hai0="22,112,101,128,110,116,3,85,8,32,73,60,14" hai1="88,80,106,57,78,28,95,13,133,91,67,46,100" hai2="27,47,66,24,104,109,129,77,4,118,63,33,132" hai3="16,58,71,83,103,6,39,131,86,42,40,84,53"/><W70/><G131/><T89/><D116/><U124/><E124/><V99/><F118/><W2/><G103/><T120/><D120/><U37/><E133/><V102/><F129/><W50/><G2/><T45/><D32/><U25/><E106/><V18/><F132/><W121/><G121/><T30/><D128/><U44/><E13/><V7/><F109/><W117/><G6/><T81/><D110/><U19/><E19/><V51/><F77/><W55/><G117/><T92/><D112/><U113/><E113/><V31/><F18/><W62/><G86/><T64/><D3/><U23/><E37/><V52/><F24/><W15/><G39/><T69/><D45/><N who="1" m="17515" /><E80/><V65/><F65/><W20/><G71/><AGARI ba="0,0" hai="4,7,27,31,33,47,51,52,63,66,71,99,102,104" machi="71" ten="30,8000,1" yaku="7,1,25,2,52,1,54,1" doraHai="59" who="2" fromWho="3" sc="177,0,201,0,386,80,236,-80" /><INIT seed="4,0,0,4,1,39" ten="177,201,466,156" oya="0" hai0="129,48,65,68,18,116,53,128,42,13,52,22,38" hai1="76,43,25,98,93,86,30,88,117,91,6,41,46" hai2="101,92,29,16,51,79,89,40,45,10,134,21,67" hai3="130,63,72,24,1,106,55,132,81,95,19,127,4"/><T119/><D68/><U62/><E117/><N who="0" m="45129" /><D65/><U32/><E76/><V34/><F134/><W27/><G106/><T59/><D38/><U99/><E6/><V2/><F101/><W36/><G36/><T56/><D56/><U17/><E17/><V75/><F67/><W115/><G115/><T114/><D114/><U131/><E131/><N who="0" m="50249" /><D53/><U118/><E118/><V112/><F112/><W7/><G132/><T96/><D96/><U11/><E11/><V100/><F100/><W104/><G130/><T122/><D122/><U80/><E99/><V97/><F10/><W3/><G55/><T47/><D47/><U9/><E9/><V37/><F51/><W108/><G63/><T133/><D133/><U110/><E110/><V69/><F69/><W126/><G108/><T57/><D57/><U54/><REACH who="1" step="1"/><E62/><REACH who="1" ten="177,191,466,156" step="2"/><V61/><F61/><W125/><G125/><T74/><D74/><U64/><E64/><V113/><F113/><W107/><G72/><T14/><D14/><U90/><E90/><V105/><F75/><W102/><G102/><T121/><D121/><U35/><E35/><V83/><F79/><W44/><G127/><T77/><D77/><U5/><E5/><V60/><F89/><W49/><G126/><T26/><D13/><U50/><AGARI ba="0,1" hai="25,30,32,41,43,46,50,54,80,86,88,91,93,98" machi="50" ten="30,8000,1" yaku="1,1,0,1,52,2,54,1,53,0" doraHai="39" doraHaiUra="58" who="1" fromWho="1" sc="177,-40,191,90,466,-20,156,-20" /><INIT seed="5,0,0,4,3,36" ten="137,281,446,136" oya="1" hai0="119,50,121,105,117,43,123,8,111,29,17,25,120" hai1="63,115,38,7,32,80,81,54,126,101,94,114,83" hai2="76,52,92,132,40,130,116,27,20,88,23,44,102" hai3="56,110,113,127,51,61,11,85,65,19,112,118,60"/><U58/><E32/><V42/><F116/><N who="0" m="44618" /><D105/><U33/><E33/><V99/><F132/><W31/><G118/><T96/><D96/><N who="1" m="59543" /><E38/><V24/><F130/><W71/><G110/><T107/><D107/><U135/><E135/><V78/><F102/><W64/><G127/><T14/><D50/><U46/><E46/><V68/><F68/><W48/><G31/><T77/><D77/><N who="2" m="29802" /><F23/><W133/><G85/><T10/><D43/><N who="2" m="16426" /><F20/><W72/><G72/><T129/><D129/><U16/><E7/><V37/><F37/><W128/><G128/><T67/><D67/><U39/><E39/><V98/><F98/><W87/><G133/><T84/><D84/><U26/><E126/><V2/><F2/><W106/><G87/><T93/><D111/><U74/><E74/><V49/><AGARI ba="0,0" hai="24,27,44,49,52,88,92,99" m="16426,29802" machi="49" ten="30,12000,2" yaku="8,1,52,3,54,2" doraHai="36" who="2" fromWho="2" sc="137,-30,281,-60,446,120,136,-30" /><INIT seed="6,0,0,3,5,22" ten="107,221,566,106" oya="2" hai0="101,36,64,79,40,38,125,41,103,3,60,130,19" hai1="113,77,43,52,0,108,9,76,21,129,33,32,37" hai2="55,61,128,85,134,69,105,5,26,7,17,112,135" hai3="71,107,11,54,131,87,84,75,39,102,67,45,8"/><V133/><F105/><W34/><G75/><T78/><D3/><U132/><E108/><V100/><F100/><N who="0" m="38474" /><D130/><U88/><E129/><V35/><F128/><W117/><G131/><T13/><D125/><U1/><E113/><V94/><F112/><W124/><G117/><T49/><D38/><U116/><E116/><V127/><F127/><W10/><G124/><T126/><D36/><U80/><E76/><N who="0" m="29225" /><D126/><U121/><E121/><V72/><F72/><W56/><G34/><T47/><D60/><U15/><E0/><V62/><F17/><W66/><G71/><T110/><D110/><U83/><E1/><V57/><F69/><W48/><G102/><T118/><D118/><U98/><E33/><V89/><REACH who="2" step="1"/><F62/><REACH who="2" ten="107,221,556,106" step="2"/><N who="3" m="36119" /><G107/><T23/><D64/><N who="3" m="24617" /><G39/><T4/><D4/><U70/><E37/><V29/><AGARI ba="0,1" hai="5,7,26,29,35,55,57,61,85,89,94,133,134,135" machi="29" ten="40,12000,1" yaku="1,1,0,1,20,1,52,1,53,0" doraHai="22" doraHaiUra="97" who="2" fromWho="2" sc="107,-40,221,-40,556,130,106,-40" /><INIT seed="6,1,0,2,5,42" ten="67,181,686,66" oya="2" hai0="45,134,104,58,22,41,14,73,20,50,54,123,69" hai1="65,71,12,99,15,72,16,94,106,121,102,100,70" hai2="128,46,115,101,76,95,0,89,35,135,63,1,84" hai3="91,5,119,83,26,47,30,31,43,107,93,60,3"/><V23/><F35/><W105/><G119/><T86/><D123/><U10/><E72/><V122/><F122/><W59/><G83/><T78/><D73/><U67/><E121/><V97/><F115/><W90/><G3/><T6/><D104/><U55/><E55/><V110/><F110/><W7/><G107/><T64/><D134/><U92/><E106/><V133/><F128/><W68/><G68/><T124/><D124/><U11/><E99/><V127/><F127/><W52/><G105/><T4/><D64/><U27/><E27/><V88/><F76/><W37/><G31/><T75/><D69/><U8/><E8/><V103/><F63/><W85/><REACH who="3" step="1"/><G91/><REACH who="3" ten="67,181,686,56" step="2"/><T118/><D118/><U25/><E71/><V28/><F0/><W39/><G39/><T96/><D75/><U49/><E70/><V17/><F1/><W53/><G53/><T48/><D96/><U57/><E102/><V129/><F28/><W56/><G56/><T36/><D36/><U38/><E100/><V120/><F129/><W125/><G125/><T33/><D33/><AGARI ba="1,1" hai="5,7,26,30,33,37,43,47,52,59,60,85,90,93" machi="33" ten="30,7700,0" yaku="1,1,7,1,52,1,54,1,53,0" doraHai="42" doraHaiUra="112" who="3" fromWho="0" sc="67,-80,181,0,686,0,56,90" owari="-13,-51.3,181,-1.9,686,78.6,146,-25.4" /></mjloggm>