<mjloggm ver="2.3"><GO type="169" lobby="0"/><UN n0="%41%6E%6B%6F%61%6E%6B%6F" n1="%E4%B8%8A%E6%B5%B7%E3%83%8B%E3%83%83%E3%82%AF" n2="%57%44%44%69%65" n3="%62%6F%79%61%74%65%74%75" dan="16,16,16,17" rate="2133.96,2160.59,2081.42,2214.94" sx="F,M,M,M"/><TAIKYOKU oya="0"/><INIT seed="0,0,0,0,4,129" ten="250,250,250,250" oya="0" hai0="38,5,48,111,13,44,75,19,118,115,85,37,73" hai1="28,134,6,93,132,56,84,0,32,23,61,67,65" hai2="128,109,55,29,46,96,122,25,16,83,119,135,117" hai3="35,113,58,59,79,94,125,87,131,102,99,60,100"/><T108/><D115/><U89/><E32/><V130/><F122/><W80/><G35/><T43/><D118/><N who="2" m="45066" /><F96/><W64/><G113/><T69/><D69/><U91/><E91/><V41/><F83/><W70/><G125/><T8/><D85/><U110/><E110/><N who="0" m="42025" /><D5/><U68/><E68/><V124/><F55/><W92/><G131/><N who="2" m="50217" /><F109/><W20/><G20/><T50/><D50/><U74/><E74/><AGARI ba="0,0" hai="8,13,19,37,38,43,44,48,73,74,75" m="42025" machi="74" ten="30,2900,0" yaku="14,1,10,1" doraHai="129" who="0" fromWho="1" sc="250,29,250,-29,250,0,250,0" /><INIT seed="0,1,0,4,2,1" ten="279,221,250,250" oya="0" hai0="116,108,113,90,2,126,95,53,71,81,25,87,124" hai1="129,16,102,12,51,31,84,30,4,45,117,99,105" hai2="10,131,127,101,78,48,65,130,3,86,64,76,14" hai3="75,44,33,125,112,20,58,88,39,38,91,62,60"/><T57/><D71/><U40/><E129/><V119/><F3/><W135/><G33/><T70/><D70/><U8/><E117/><V7/><F119/><W22/><G112/><T123/><D116/><U49/><E49/><V54/><F101/><W17/><G125/><N who="0" m="48235" /><D113/><U134/><E134/><V61/><F127/><W9/><G135/><T133/><D133/><U82/><REACH who="1" step="1"/><E16/><REACH who="1" ten="279,211,250,250" step="2"/><V98/><F131/><W32/><G17/><T28/><D123/><U52/><E52/><V128/><F130/><W23/><G38/><T50/><D108/><U24/><E24/><V0/><F128/><W72/><G39/><T26/><D28/><U43/><E43/><V100/><F61/><W67/><G62/><T97/><D2/><U41/><E41/><V69/><F0/><W132/><G132/><T27/><D25/><U107/><E107/><V18/><F18/><W29/><G60/><T34/><D34/><U6/><E6/><V5/><F5/><W83/><G32/><T47/><D47/><U85/><E85/><V35/><F35/><W93/><G44/><T106/><D106/><U120/><E120/><V15/><F15/><W66/><G29/><T21/><D21/><U111/><E111/><V19/><F19/><W42/><G23/><T79/><AGARI ba="1,1" hai="26,27,50,53,57,79,81,87,90,95,97" m="48235" machi="79" ten="30,1500,0" yaku="18,1" doraHai="1" who="0" fromWho="0" sc="279,28,211,-6,250,-6,250,-6" /><INIT seed="0,2,0,3,0,57" ten="307,205,244,244" oya="0" hai0="19,122,39,91,99,115,102,48,126,28,73,69,9" hai1="111,46,53,3,119,87,132,101,95,12,2,89,58" hai2="15,123,24,112,114,22,11,68,84,34,31,66,120" hai3="135,5,36,83,43,125,30,47,20,41,25,64,121"/><T128/><D39/><U18/><E111/><V106/><F106/><W80/><G125/><T110/><D115/><N who="2" m="44074" /><F84/><W72/><G135/><T4/><D122/><N who="2" m="46634" /><F66/><W35/><G121/><T55/><D126/><U131/><E119/><V94/><F68/><W77/><G64/><T117/><D117/><U88/><E131/><V50/><F50/><W45/><G5/><T6/><D128/><U63/><E132/><V54/><F54/><W105/><G105/><T74/><D110/><U118/><E101/><V32/><F94/><W26/><G80/><T86/><D28/><U127/><E118/><V14/><F14/><W82/><G82/><T56/><D69/><U16/><E127/><V59/><F59/><W124/><G124/><T23/><D74/><U85/><E12/><V104/><F104/><W116/><G116/><T42/><D73/><U78/><E78/><V1/><F1/><W40/><REACH who="3" step="1"/><G47/><REACH who="3" ten="307,205,244,234" step="2"/><T67/><D67/><N who="1" m="39415" /><E2/><V49/><F49/><W33/><G33/><T108/><D48/><N who="1" m="28823" /><E3/><V98/><F98/><W113/><G113/><T129/><D99/><U65/><E65/><V90/><F90/><W93/><G93/><AGARI ba="2,1" hai="16,18,85,87,88,89,93,95" m="28823,39415" machi="93" ten="30,7700,0" yaku="8,1,52,1,54,2" doraHai="57" who="1" fromWho="3" sc="307,0,205,93,244,0,234,-83" /><INIT seed="1,0,0,3,3,131" ten="307,298,244,151" oya="1" hai0="45,2,125,63,106,21,52,12,36,120,25,10,56" hai1="4,34,79,82,32,20,67,122,44,124,71,62,116" hai2="19,129,117,17,91,92,115,105,74,86,77,113,114" hai3="1,87,78,84,8,57,3,15,42,109,40,108,53"/><U61/><E116/><V81/><F117/><W126/><G126/><T59/><D125/><U75/><E122/><V99/><REACH who="2" step="1"/><F129/><REACH who="2" ten="307,298,234,151" step="2"/><W16/><G108/><T39/><D120/><U54/><E124/><V104/><F104/><W23/><G109/><T95/><D106/><U5/><E34/><V68/><F68/><W64/><G1/><T26/><D2/><U70/><E32/><V94/><F94/><W111/><G111/><T121/><D95/><U51/><REACH who="1" step="1"/><E20/><REACH who="1" ten="307,288,234,151" step="2"/><V46/><F46/><W24/><G23/><T90/><D121/><U118/><E118/><V76/><F76/><W93/><G78/><T22/><D45/><U43/><E43/><V48/><F48/><W65/><G42/><T85/><D21/><U14/><E14/><V134/><F134/><W123/><G15/><T49/><D22/><U29/><E29/><V73/><F73/><W30/><G40/><T112/><D39/><U38/><E38/><V0/><F0/><W13/><G3/><T132/><D36/><U27/><E27/><V101/><AGARI ba="0,2" hai="17,19,74,77,81,86,91,92,99,101,105,113,114,115" machi="101" ten="40,8000,1" yaku="1,1,0,1,24,2,11,1,53,0" doraHai="131" doraHaiUra="33" who="2" fromWho="2" sc="307,-20,288,-40,234,100,151,-20" /><INIT seed="2,0,0,2,3,134" ten="287,248,334,131" oya="2" hai0="9,63,117,81,61,77,36,113,128,105,49,33,62" hai1="2,111,67,74,84,78,79,122,93,88,132,35,38" hai2="135,75,98,0,15,71,28,29,52,73,10,104,41" hai3="65,68,116,130,107,109,120,24,30,53,86,126,50"/><V32/><F0/><W82/><G116/><T18/><D113/><U89/><E35/><V37/><F135/><W13/><G120/><T129/><D36/><U17/><E38/><V25/><F29/><W92/><G107/><T118/><D105/><U133/><E67/><V27/><F27/><W96/><G109/><T8/><D33/><U83/><E17/><V22/><F22/><W34/><G130/><N who="0" m="50283" /><D49/><U131/><E2/><V47/><F71/><W99/><G13/><N who="0" m="7463" /><D9/><U45/><E45/><V112/><F112/><W43/><G34/><T16/><D16/><U94/><E131/><V123/><F123/><W39/><G30/><T12/><D12/><U103/><E122/><V102/><REACH who="2" step="1"/><F52/><REACH who="2" ten="287,248,324,131" step="2"/><W31/><G53/><T108/><D108/><U21/><E21/><V72/><F72/><AGARI ba="0,1" hai="61,62,63,72,77,81,117,118" m="7463,50283" machi="72" ten="30,1000,0" yaku="19,1" doraHai="134" who="0" fromWho="2" sc="287,20,248,0,324,-10,131,0" /><INIT seed="3,0,0,4,1,113" ten="307,248,314,131" oya="3" hai0="50,68,83,45,126,109,87,38,16,49,30,10,11" hai1="57,9,91,28,63,39,59,76,20,98,26,93,110" hai2="112,96,132,81,89,46,116,8,71,127,64,3,67" hai3="77,103,78,27,22,37,73,29,106,14,131,133,117"/><W2/><G2/><T88/><D109/><U60/><E110/><V135/><F112/><W12/><G131/><T4/><D126/><U94/><E39/><V123/><F127/><W108/><G133/><N who="2" m="51273" /><F46/><W66/><G108/><T52/><D68/><U1/><E76/><V95/><F123/><W7/><G37/><T82/><D38/><U85/><E1/><V134/><F134/><W17/><G66/><N who="2" m="25129" /><F71/><W48/><G48/><T62/><D30/><U124/><E124/><V19/><F81/><W69/><G69/><T102/><D102/><U18/><E63/><V6/><F19/><W97/><G73/><T121/><D121/><U92/><E59/><V105/><F105/><W101/><G101/><T44/><D62/><U47/><E47/><V115/><F115/><W35/><REACH who="3" step="1"/><G117/><AGARI ba="0,0" hai="3,6,8,89,95,96,116,117" m="25129,51273" machi="117" ten="30,3900,0" yaku="20,1,52,2" doraHai="113" who="2" fromWho="3" sc="307,0,248,0,314,39,131,-39" /><INIT seed="4,0,0,2,0,77" ten="307,248,353,92" oya="0" hai0="37,100,43,28,4,59,0,24,55,25,74,57,60" hai1="102,133,6,70,54,13,86,17,35,73,33,120,99" hai2="18,112,62,127,118,129,9,7,11,113,119,125,76" hai3="101,81,51,8,72,15,45,94,75,130,106,46,1"/><T105/><D74/><U44/><E73/><V64/><F76/><W58/><G130/><T34/><D37/><U96/><E120/><V87/><F87/><W31/><G106/><T91/><D43/><U19/><E70/><V124/><F129/><W107/><G107/><T5/><D0/><U79/><E133/><V32/><F32/><W84/><G1/><T69/><D69/><U89/><E79/><V98/><F98/><W63/><G31/><T14/><D24/><U16/><E35/><V134/><F134/><W85/><G72/><T50/><D14/><U20/><E33/><V104/><F104/><W27/><G27/><T61/><D91/><U80/><E6/><V39/><F39/><W38/><G38/><T123/><D123/><U83/><E83/><V90/><F90/><N who="3" m="53583" /><G101/><T52/><REACH who="0" step="1"/><D50/><REACH who="0" ten="297,248,353,92" step="2"/><N who="1" m="28999" /><E102/><V41/><F41/><W88/><G51/><T47/><D47/><U132/><E132/><V109/><F119/><W92/><G75/><T40/><D40/><U10/><E10/><V21/><F118/><W48/><G48/><T111/><D111/><U66/><E13/><N who="2" m="5311" /><F11/><W56/><G45/><T12/><D12/><U116/><E116/><V95/><F109/><W121/><G46/><T53/><D53/><U36/><E36/><V122/><F122/><W71/><G121/><T110/><D110/><U49/><E49/><V135/><F135/><W128/><G71/><T114/><D114/><N who="2" m="44138" /><F64/><N who="3" m="39015" /><G128/><T115/><D115/><U22/><E66/><V97/><F62/><W23/><G8/><T126/><D126/><U131/><E131/><V30/><F127/><W42/><G42/><RYUUKYOKU ba="0,1" sc="297,15,248,15,353,-15,92,-15" hai0="4,5,25,28,34,52,55,57,59,60,61,100,105" hai1="16,17,19,20,22,80,86,89,96,99" /><INIT seed="4,1,1,2,2,22" ten="312,263,338,77" oya="0" hai0="9,2,58,55,85,96,17,68,82,94,128,65,77" hai1="115,33,10,63,41,108,107,1,75,80,124,39,0" hai2="11,86,104,19,30,76,14,26,126,46,44,73,51" hai3="48,127,21,87,78,61,91,59,132,40,71,98,102"/><T60/><D128/><U31/><E108/><V99/><F126/><W100/><G127/><T15/><D2/><U43/><E43/><V120/><F120/><W70/><G132/><T29/><D29/><U79/><E124/><V6/><F73/><W67/><G78/><T25/><D25/><N who="1" m="18671" /><E115/><V57/><F104/><W34/><G34/><T123/><D123/><U95/><E95/><V92/><F86/><W117/><G117/><T130/><D130/><U74/><E74/><V81/><F81/><W42/><G102/><T24/><D24/><U109/><E109/><V131/><F76/><W64/><G70/><T135/><D135/><U112/><E112/><V35/><F131/><W118/><G118/><T116/><D116/><U27/><E10/><V69/><F69/><W121/><G121/><T110/><D110/><U134/><E134/><V45/><F57/><W105/><G21/><T5/><D5/><U4/><E4/><V18/><REACH who="2" step="1"/><F51/><REACH who="2" ten="312,263,328,77" step="2"/><W50/><G50/><T3/><D3/><U119/><E119/><V125/><F125/><W16/><G48/><T38/><D38/><U114/><E114/><V53/><F53/><W13/><G71/><T83/><D83/><U122/><E122/><V89/><AGARI ba="1,2" hai="6,11,14,18,19,26,30,35,44,45,46,89,92,99" machi="89" ten="30,8000,1" yaku="1,1,0,1,52,1,53,2" doraHai="22" doraHaiUra="12" who="2" fromWho="2" sc="312,-41,263,-21,328,103,77,-21" /><INIT seed="5,0,0,3,5,66" ten="271,242,431,56" oya="1" hai0="79,64,52,15,105,9,55,100,134,130,53,91,94" hai1="19,7,131,129,85,1,97,54,13,78,109,59,122" hai2="117,73,65,6,2,90,36,119,106,27,56,39,120" hai3="3,21,71,72,88,93,61,40,57,111,68,62,18"/><U96/><E122/><V77/><F90/><W115/><G72/><T30/><D134/><U75/><E75/><V26/><F56/><W135/><G111/><T41/><D130/><N who="1" m="49675" /><E1/><V114/><F120/><W22/><G3/><T32/><D41/><U37/><E7/><V23/><F106/><W86/><G135/><T12/><D79/><U81/><E37/><V14/><F14/><W132/><G132/><T38/><D38/><U58/><E58/><V107/><F107/><W60/><G115/><T87/><D64/><U8/><E109/><V34/><F23/><W127/><G127/><T46/><D46/><U24/><E24/><V74/><F27/><W70/><G40/><T84/><D32/><U80/><E81/><V69/><F114/><W63/><REACH who="3" step="1"/><G18/><REACH who="3" ten="271,242,431,46" step="2"/><T82/><D30/><U102/><E102/><V35/><F2/><W128/><G128/><T121/><D121/><U124/><E124/><V95/><F74/><W47/><G47/><T5/><D100/><U110/><E110/><V20/><F73/><W45/><G45/><T43/><D43/><U17/><E19/><V33/><F6/><W67/><AGARI ba="0,1" hai="21,22,57,60,61,62,63,67,68,70,71,86,88,93" machi="67" ten="40,12000,2" yaku="1,1,0,1,52,3,54,1,53,0" doraHai="66" doraHaiUra="31" who="3" fromWho="3" sc="271,-30,242,-60,431,-30,46,130" /><INIT seed="6,0,0,4,0,82" ten="241,182,401,176" oya="2" hai0="106,71,76,38,89,58,116,29,134,51,88,62,110" hai1="90,97,132,103,23,6,113,57,66,17,122,131,48" hai2="126,75,128,105,34,73,109,81,15,93,100,65,125" hai3="118,69,120,45,44,7,31,70,60,112,21,22,46"/><V36/><F34/><W37/><G118/><T68/><D38/><U11/><E113/><V18/><F36/><W0/><G120/><T53/><D110/><U107/><E122/><V111/><F65/><W50/><G112/><T14/><D134/><U92/><E132/><V39/><F39/><W59/><G37/><T56/><D116/><U123/><E131/><V20/><F105/><W3/><G50/><T121/><D121/><U99/><E123/><V77/><F128/><W4/><G31/><T108/><D108/><N who="2" m="41546" /><F75/><W114/><G114/><T24/><D76/><U35/><E35/><V27/><F15/><W10/><G59/><T9/><D106/><U32/><E32/><V2/><F2/><W5/><G60/><T42/><D71/><U130/><E130/><V78/><F78/><W127/><G127/><N who="2" m="48649" /><F93/><W25/><G25/><T8/><D68/><N who="3" m="26217" /><G10/><T133/><D8/><U84/><E66/><V86/><F73/><W117/><G117/><T64/><D133/><U28/><E11/><V1/><F1/><AGARI ba="0,0" hai="0,1,3,4,5,7,21,22,44,45,46" m="26217" machi="1" ten="40,2600,0" yaku="28,2" doraHai="82" who="3" fromWho="2" sc="241,0,182,0,401,-26,176,26" /><INIT seed="7,0,0,1,2,91" ten="241,182,375,202" oya="3" hai0="123,135,103,86,74,106,73,52,58,43,54,83,50" hai1="55,33,100,97,48,131,75,64,29,89,119,49,112" hai2="129,95,132,27,72,17,39,124,8,125,3,15,108" hai3="102,22,122,67,101,133,24,32,42,14,35,84,1"/><W114/><G122/><T28/><D123/><U31/><E75/><V12/><F39/><W37/><G1/><T69/><D69/><U20/><E33/><V4/><F108/><W56/><G114/><T96/><D135/><U41/><E112/><V30/><F72/><W93/><G133/><T127/><D43/><U40/><E131/><V21/><F132/><W36/><G36/><T77/><D127/><N who="2" m="48714" /><F129/><W68/><G68/><T94/><D28/><N who="1" m="10827" /><E100/><V34/><F95/><W128/><G128/><T78/><D78/><U2/><E2/><AGARI ba="0,0" hai="2,3,4,8,12,15,17,21,27,30,34" m="48714" machi="2" ten="30,3900,0" yaku="18,1,34,2" doraHai="91" who="2" fromWho="1" sc="241,0,182,-39,375,39,202,0" owari="241,4.1,143,-35.7,414,51.4,202,-19.8" /></mjloggm>