<mjloggm ver="2.3"><GO type="225" lobby="0"/><UN n0="%2D%E8%B1%8A%E5%8F%A3%E3%82%81%E3%81%90%E3%81%BF%2D" n1="%E3%81%A4%E3%81%A3%E3%81%B1%E3%82%8A%E3%83%9D%E3%83%BC%E3%83%AB" n2="%E6%A1%9C%E8%8A%B1%E9%96%83%E3%80%85" n3="%E3%82%A2%E3%82%A4%E3%82%B9%E3%83%86%E3%82%A3%E3%83%BC%E3%81%82%E3%81%B9" dan="17,17,16,16" rate="2140.60,2157.94,2202.88,2073.65" sx="F,M,M,M"/><TAIKYOKU oya="0"/><INIT seed="0,0,0,4,2,109" ten="250,250,250,250" oya="0" hai0="32,13,98,10,119,91,45,112,40,22,123,15,28" hai1="93,65,103,134,26,81,58,64,83,0,115,69,56" hai2="3,102,43,94,29,106,79,53,133,19,12,117,74" hai3="61,135,59,84,47,120,110,72,104,132,66,77,130"/><T6/><D119/><U55/><E0/><V67/><F3/><W99/><G110/><T52/><D123/><U124/><E69/><V51/><F106/><W101/><G120/><T30/><D32/><U20/><E134/><V11/><F133/><N who="3" m="51275" /><G130/><T18/><D112/><U76/><E124/><V88/><F117/><W46/><G72/><T5/><D5/><U108/><E115/><V14/><F67/><N who="1" m="25673" /><E108/><V111/><F111/><W107/><G104/><T82/><D40/><U57/><E55/><V105/><F43/><W48/><G48/><N who="0" m="28687" /><D98/><N who="1" m="59855" /><E76/><V89/><F105/><W60/><G61/><T92/><D92/><U34/><E34/><V24/><F14/><W1/><G1/><T41/><D41/><U68/><E68/><V128/><F128/><W25/><G25/><T8/><D22/><U27/><E27/><V80/><F102/><W113/><G113/><T85/><AGARI ba="0,0" hai="6,8,10,13,15,18,28,30,82,85,91" m="28687" machi="85" ten="30,6000,0" yaku="25,1,8,1,54,1" doraHai="109" who="0" fromWho="0" sc="250,60,250,-20,250,-20,250,-20" /><INIT seed="0,1,0,3,5,124" ten="310,230,230,230" oya="0" hai0="22,15,32,100,119,10,91,62,78,41,74,106,8" hai1="86,130,128,93,110,5,47,89,26,134,0,132,79" hai2="45,102,65,126,75,6,95,54,35,31,30,58,46" hai3="118,103,28,12,51,49,90,77,52,123,63,127,80"/><T64/><D119/><U84/><E110/><V18/><F126/><W43/><G127/><T121/><D121/><U131/><E26/><V48/><F75/><W69/><G118/><T27/><D41/><U85/><E47/><V96/><F6/><W67/><G123/><T11/><D91/><U21/><E21/><V50/><F35/><W14/><G90/><T61/><D61/><U1/><E5/><V107/><F107/><W125/><G125/><T104/><D78/><U133/><E79/><V25/><F65/><W70/><G69/><T88/><D74/><U44/><E44/><N who="2" m="17003" /><F50/><W115/><G43/><T36/><D36/><U73/><REACH who="1" step="1"/><E73/><REACH who="1" ten="310,220,230,230" step="2"/><V111/><F111/><W116/><G116/><T23/><D23/><AGARI ba="1,1" hai="18,23,25,30,31,48,54,58,95,96,102" m="17003" machi="23" ten="30,1000,0" yaku="8,1" doraHai="124" who="2" fromWho="0" sc="310,-13,220,0,230,23,230,0" /><INIT seed="1,0,0,4,3,92" ten="297,220,253,230" oya="1" hai0="38,100,35,115,101,3,5,49,95,50,86,119,84" hai1="110,2,66,91,54,85,108,70,63,46,132,96,82" hai2="120,123,99,112,40,71,29,26,80,103,33,32,59" hai3="94,31,128,42,104,106,20,88,9,45,126,57,17"/><U130/><E130/><V127/><F127/><W8/><G31/><T131/><D38/><U52/><E2/><V74/><F112/><W6/><G126/><T28/><D119/><U68/><E132/><V97/><F33/><W15/><G57/><T55/><D115/><U12/><E70/><V44/><F59/><W129/><G106/><T39/><D39/><U11/><E46/><V90/><F71/><W102/><G102/><T121/><D131/><N who="3" m="50249" /><G104/><T133/><D133/><U51/><E96/><V89/><F97/><N who="3" m="57543" /><G6/><T41/><D5/><N who="1" m="3183" /><E51/><AGARI ba="0,0" hai="8,9,15,17,20,42,45,51" m="57543,50249" machi="51" ten="30,3900,0" yaku="19,1,52,1,54,1" doraHai="92" who="3" fromWho="1" sc="297,0,220,-39,253,0,230,39" /><INIT seed="2,0,0,4,4,13" ten="297,181,253,269" oya="2" hai0="135,70,62,52,122,134,42,4,97,120,107,67,128" hai1="6,29,104,89,117,78,126,96,2,54,90,24,36" hai2="103,106,79,39,19,18,17,61,98,41,119,82,133" hai3="101,131,50,92,114,9,115,93,99,56,105,87,64"/><V5/><F119/><W109/><G109/><T72/><D72/><U46/><E117/><V59/><F133/><N who="0" m="50698" /><D4/><U49/><E126/><V84/><F5/><W25/><G131/><T8/><D8/><U15/><E2/><V34/><F34/><W132/><G132/><T47/><D97/><U77/><E36/><V86/><F41/><W22/><G9/><T91/><D91/><U33/><E104/><V14/><F39/><W21/><G22/><T44/><D107/><U51/><E51/><V3/><F3/><W10/><G10/><T95/><D95/><U1/><E1/><V116/><F86/><W32/><G32/><T55/><D128/><U69/><E69/><V7/><F7/><W16/><G87/><T60/><D47/><U66/><E66/><V53/><F116/><W75/><G75/><T124/><D124/><U31/><E31/><V129/><F129/><W12/><G25/><T81/><D81/><U0/><E0/><V74/><F74/><W76/><G76/><T123/><D62/><U113/><E113/><N who="3" m="43018" /><G50/><AGARI ba="0,0" hai="42,44,50,52,55,60,67,70,120,122,123" m="50698" machi="50" ten="40,8000,1" yaku="20,1,34,2,54,1" doraHai="13" who="0" fromWho="3" sc="297,80,181,0,253,0,269,-80" /><INIT seed="3,0,0,4,2,65" ten="377,181,253,189" oya="3" hai0="54,59,24,126,113,114,103,72,124,109,92,80,66" hai1="131,5,15,135,98,55,29,7,97,115,50,13,22" hai2="79,39,81,47,95,56,57,36,125,34,63,93,75" hai3="117,27,104,67,2,16,132,18,118,48,74,134,61"/><W10/><G104/><T26/><D66/><U28/><E115/><N who="0" m="44041" /><D109/><U38/><E38/><V112/><F112/><W4/><G74/><T37/><D37/><U86/><E131/><V69/><F34/><W91/><G91/><T101/><D80/><U8/><E135/><N who="3" m="51754" /><G48/><N who="0" m="31175" /><D72/><U122/><E86/><V123/><F123/><W105/><G105/><T107/><D92/><U85/><E85/><V52/><F95/><W71/><G27/><N who="0" m="10283" /><D107/><U46/><E122/><V6/><F93/><W119/><AGARI ba="0,0" hai="2,4,10,16,18,61,67,71,117,118,119" m="51754" machi="119" ten="40,7800,0" yaku="20,1,52,1,54,1" doraHai="65" who="3" fromWho="3" sc="377,-26,181,-26,253,-26,189,78" /><INIT seed="3,1,0,1,1,75" ten="351,155,227,267" oya="3" hai0="113,15,11,121,89,18,132,63,39,41,114,120,77" hai1="122,108,83,10,107,6,52,110,27,84,118,30,93" hai2="102,24,72,46,53,48,68,44,23,57,14,37,115" hai3="97,69,33,12,2,133,90,28,127,126,43,56,1"/><W67/><G69/><T117/><D77/><U82/><E107/><V92/><F115/><N who="0" m="44042" /><D117/><U88/><E122/><V60/><F72/><W5/><G43/><T112/><D132/><U34/><E118/><V31/><F37/><W71/><G71/><T59/><D112/><U20/><E34/><V32/><F32/><W98/><G133/><T49/><D39/><U50/><E110/><V128/><F128/><W64/><G33/><T61/><D89/><U100/><E100/><V109/><F109/><W62/><G28/><T9/><D9/><U36/><E36/><V129/><F129/><W21/><G67/><N who="0" m="39359" /><D63/><U123/><E123/><V106/><F106/><W78/><G78/><T96/><D96/><N who="3" m="36969" /><G90/><T105/><D105/><U22/><E22/><V74/><F74/><W38/><G38/><T7/><D7/><U124/><E124/><N who="3" m="47658" /><G21/><T94/><D94/><U85/><E85/><V101/><F92/><W135/><G135/><T91/><D91/><U81/><E108/><V45/><F68/><W55/><G64/><T86/><D86/><U87/><E87/><V51/><F101/><W8/><AGARI ba="1,0" hai="1,2,5,8,12,55,56,62" m="47658,36969" machi="8" ten="30,1500,0" yaku="18,1" doraHai="75" who="3" fromWho="3" sc="351,-6,155,-6,227,-6,267,18" /><INIT seed="3,2,0,4,1,38" ten="345,149,221,285" oya="3" hai0="127,51,16,103,105,14,95,74,133,45,65,23,37" hai1="115,57,80,58,22,54,39,21,114,4,90,111,63" hai2="116,68,109,3,48,56,108,11,20,106,86,119,9" hai3="121,10,98,117,31,47,124,82,19,17,5,99,15"/><W102/><G121/><T134/><D74/><U24/><E111/><N who="2" m="42571" /><F68/><W81/><G124/><T70/><D37/><U91/><E39/><V18/><F106/><W35/><G117/><N who="2" m="45129" /><F3/><W83/><G47/><T107/><D65/><U36/><E36/><V62/><F86/><W27/><REACH who="3" step="1"/><G99/><REACH who="3" ten="345,149,221,275" step="2"/><N who="0" m="59903" /><D127/><U1/><E114/><V97/><F97/><W28/><G28/><T66/><D70/><U94/><E115/><V85/><F85/><W126/><G126/><T79/><D79/><U34/><E34/><V123/><F123/><W46/><G46/><T78/><D78/><U67/><E1/><V128/><F128/><W53/><G53/><N who="0" m="29935" /><D66/><U69/><E69/><V6/><F6/><W135/><G135/><AGARI ba="2,1" hai="14,16,23,105,107,133,134,135" m="29935,59903" machi="135" ten="30,2000,0" yaku="20,1,54,1" doraHai="38" who="0" fromWho="3" sc="345,36,149,0,221,0,275,-26" owari="381,48.1,149,-35.1,221,-17.9,249,4.9" /></mjloggm>