<mjloggm ver="2.3"><GO type="169" lobby="0"/><UN n0="%E6%84%9B%E3%81%AF%E6%AD%A3%E7%BE%A9" n1="%E5%85%BC%E6%98%8E%E5%81%8F%E6%9A%97" n2="%E5%B2%A9%E4%B8%8A%E9%80%9A%E3%82%8A" n3="%74%73%75%6B%69%31" dan="16,17,16,16" rate="2091.07,2204.61,2125.33,2157.17" sx="F,M,M,M"/><TAIKYOKU oya="0"/><INIT seed="0,0,0,5,0,72" ten="250,250,250,250" oya="0" hai0="78,16,111,124,129,49,106,91,9,81,47,31,8" hai1="112,114,118,96,127,92,34,67,116,13,95,108,18" hai2="5,38,53,103,99,130,94,36,25,35,6,105,60" hai3="83,125,33,126,52,20,134,86,77,135,69,1,65"/><T115/><D115/><N who="1" m="44075" /><E34/><V102/><F130/><W132/><G33/><T68/><D129/><U66/><E108/><V122/><F122/><W44/><G1/><T88/><D68/><U100/><E127/><N who="3" m="48650" /><G20/><T57/><D106/><U28/><E28/><V101/><F38/><W90/><G69/><T89/><D124/><U71/><E95/><V24/><F36/><W97/><G65/><N who="1" m="24586" /><E71/><V93/><F105/><W85/><G97/><T3/><D31/><U61/><E61/><V2/><F2/><W128/><G128/><T27/><D111/><U119/><E119/><V79/><F35/><W43/><G52/><N who="0" m="31887" /><D47/><U73/><E73/><V19/><F53/><W56/><G56/><T12/><D3/><U117/><E117/><V23/><F60/><W10/><G10/><AGARI ba="0,0" hai="10,13,18,92,96,100,116,118" m="24586,44075" machi="10" ten="30,1000,0" yaku="11,1" doraHai="72" who="1" fromWho="3" sc="250,0,250,10,250,0,250,-10" /><INIT seed="1,0,0,2,3,16" ten="250,260,250,240" oya="1" hai0="41,79,49,27,129,22,47,23,87,5,115,20,51" hai1="53,66,132,9,8,82,76,15,70,59,109,57,98" hai2="95,10,42,18,80,101,13,77,35,32,78,112,67" hai3="113,119,130,63,25,117,89,54,38,73,52,83,100"/><U7/><E132/><V121/><F121/><W46/><G113/><T72/><D115/><U0/><E109/><V107/><F112/><W40/><G130/><T62/><D129/><U114/><E114/><V2/><F67/><W96/><G25/><T99/><D72/><U65/><E70/><V88/><F42/><W118/><G63/><T61/><D99/><U127/><E98/><V6/><F101/><W4/><G4/><T37/><D5/><U26/><E26/><V36/><F107/><W34/><G34/><T133/><D133/><U21/><E127/><V125/><F36/><W120/><G120/><T110/><D110/><U43/><E43/><V19/><F19/><W134/><G134/><T104/><D104/><U30/><E8/><V124/><F35/><W122/><G122/><T3/><D3/><U31/><E0/><V24/><F80/><W135/><G135/><T58/><D27/><U71/><E71/><V103/><F103/><W116/><N who="3" m="29696" /><DORA hai="69" /><W131/><G131/><T64/><REACH who="0" step="1"/><D61/><REACH who="0" ten="240,260,250,240" step="2"/><U1/><E1/><V44/><F2/><W81/><G73/><T102/><D102/><U108/><E108/><V45/><F124/><W123/><G123/><T128/><D128/><U105/><E105/><V84/><F125/><W39/><G100/><T48/><D48/><U11/><E7/><V33/><F33/><W17/><G38/><T29/><D29/><U56/><E31/><V94/><F32/><W106/><G106/><T68/><D68/><U75/><E30/><V93/><F6/><W85/><G39/><T12/><D12/><U50/><E15/><RYUUKYOKU ba="0,1" sc="240,30,260,-10,250,-10,240,-10" hai0="20,22,23,37,41,47,49,51,58,62,64,79,87" /><INIT seed="2,1,1,0,1,46" ten="270,250,240,230" oya="2" hai0="83,109,134,78,53,128,20,77,86,80,82,6,67" hai1="114,96,107,28,74,12,135,103,14,102,89,0,8" hai2="58,26,133,68,11,61,25,34,2,18,70,23,43" hai3="9,13,33,105,123,30,59,125,112,45,42,97,71"/><V65/><F133/><W16/><G71/><T98/><D134/><U116/><E135/><V106/><F106/><W27/><G123/><T62/><D128/><U132/><E132/><V76/><F76/><W54/><G125/><T85/><D109/><U92/><E114/><V126/><F126/><W101/><G112/><T57/><D98/><U87/><E116/><V7/><F43/><W95/><G105/><T75/><D6/><U90/><E103/><V81/><REACH who="2" step="1"/><F81/><REACH who="2" ten="270,250,230,230" step="2"/><W110/><G110/><T17/><D75/><U3/><E74/><V94/><F94/><W73/><G73/><T48/><D83/><U32/><E107/><V39/><F39/><W1/><G1/><T99/><D99/><U40/><E40/><V93/><F93/><W122/><G122/><T47/><D78/><U29/><E96/><V37/><F37/><W38/><G95/><T22/><D82/><U19/><E102/><V84/><F84/><W15/><G97/><T21/><REACH who="0" step="1"/><D86/><REACH who="0" ten="260,250,230,230" step="2"/><U124/><E87/><V5/><F5/><W88/><G101/><T127/><D127/><U51/><E124/><V113/><F113/><W100/><G100/><T10/><D10/><U56/><E92/><V69/><F69/><W91/><REACH who="3" step="1"/><G13/><AGARI ba="1,3" hai="13,17,20,21,22,47,48,53,57,62,67,77,80,85" machi="13" ten="30,7700,0" yaku="1,1,7,1,8,1,52,1,53,0" doraHai="46" doraHaiUra="24" who="0" fromWho="3" sc="260,110,250,0,230,0,230,-80" /><INIT seed="3,0,0,4,2,104" ten="370,250,230,150" oya="3" hai0="80,101,33,7,83,106,98,110,50,48,108,18,90" hai1="24,65,119,117,6,13,43,53,37,27,5,129,97" hai2="64,87,30,41,47,45,111,135,55,91,126,76,118" hai3="130,51,112,0,17,28,77,102,131,10,69,68,21"/><W20/><G112/><T125/><D125/><U25/><E129/><N who="3" m="49162" /><G102/><T103/><D103/><U86/><E65/><V31/><F126/><W134/><G134/><T132/><D132/><U128/><E128/><V40/><F118/><N who="1" m="45065" /><E86/><V61/><F135/><W1/><G77/><T123/><D33/><U95/><E53/><V38/><F76/><W109/><G51/><T121/><D18/><U36/><E43/><V127/><F55/><W92/><G92/><T105/><D7/><N who="1" m="2571" /><E13/><V120/><F127/><W15/><G69/><T32/><D32/><U11/><E11/><V12/><F12/><W115/><G68/><T72/><D106/><U66/><E66/><V19/><F64/><W88/><G88/><AGARI ba="0,0" hai="24,25,27,36,37,88,95,97" m="2571,45065" machi="88" ten="30,2000,0" yaku="12,1,54,1" doraHai="104" who="1" fromWho="3" sc="370,0,250,20,230,0,150,-20" /><INIT seed="4,0,0,4,1,105" ten="370,270,230,130" oya="0" hai0="50,76,20,70,133,124,103,52,21,115,87,89,117" hai1="61,47,132,29,102,74,77,128,32,88,107,94,5" hai2="109,120,56,3,106,23,0,78,82,11,116,113,95" hai3="110,16,66,24,122,125,4,131,8,53,111,75,92"/><T90/><D117/><U38/><E128/><V127/><F95/><W81/><G131/><T121/><D121/><U1/><E132/><V85/><F106/><W42/><G122/><T97/><D70/><U71/><E107/><V126/><F109/><W114/><G114/><T63/><D63/><U12/><E102/><V22/><F113/><W17/><G66/><T43/><D43/><U34/><E29/><V135/><F120/><W62/><G42/><T49/><D49/><U36/><E12/><V118/><F56/><W100/><G125/><N who="2" m="47625" /><F135/><W18/><G24/><T9/><D115/><U57/><E71/><V35/><F35/><W130/><G130/><T99/><D124/><U14/><E14/><V39/><F39/><W48/><G62/><T73/><D133/><U129/><E129/><V101/><F101/><W68/><G68/><T30/><D9/><N who="1" m="2223" /><E57/><V6/><F3/><W67/><G67/><T37/><D37/><U10/><E61/><V93/><F93/><W15/><G92/><T83/><D103/><U72/><E38/><V104/><F104/><W86/><G100/><T65/><D65/><U54/><E36/><V44/><F44/><W84/><G111/><T2/><D2/><U91/><E47/><V31/><F31/><W134/><G134/><T25/><D20/><AGARI ba="0,0" hai="0,6,11,20,22,23,78,82,85,116,118" m="47625" machi="20" ten="30,1000,0" yaku="18,1" doraHai="105" who="2" fromWho="0" sc="370,-10,270,0,230,10,130,0" /><INIT seed="5,0,0,3,5,77" ten="360,270,240,130" oya="1" hai0="109,31,130,121,129,26,66,90,133,11,25,91,43" hai1="8,5,97,120,19,12,52,18,126,9,104,3,101" hai2="47,82,36,1,54,53,112,60,30,45,49,106,44" hai3="32,79,127,96,69,35,102,73,78,105,23,119,132"/><U6/><E120/><V62/><F106/><W29/><G132/><T88/><D109/><U83/><E126/><V71/><F1/><W28/><G127/><T75/><D133/><U84/><REACH who="1" step="1"/><E52/><REACH who="1" ten="360,260,240,130" step="2"/><V59/><F54/><W114/><G119/><T10/><D121/><U100/><E100/><V123/><F53/><W116/><G116/><T110/><D110/><U15/><E15/><V113/><F123/><W24/><G114/><T95/><D26/><U122/><E122/><V2/><F2/><W92/><G102/><T34/><D66/><U86/><E86/><V81/><F62/><W103/><G103/><T61/><D61/><U57/><E57/><V46/><F59/><W39/><G24/><T17/><D75/><U108/><E108/><V76/><F113/><W98/><G73/><T63/><D63/><U117/><E117/><V40/><F112/><W41/><G69/><T93/><D43/><U50/><E50/><V22/><F60/><W134/><G41/><T125/><D125/><U99/><E99/><V74/><F71/><W68/><G68/><T4/><D130/><U0/><E0/><V135/><F135/><W89/><G134/><T70/><D70/><U131/><E131/><V51/><F51/><W118/><G118/><T7/><D129/><U67/><E67/><V16/><F49/><W38/><G98/><T55/><D55/><U94/><E94/><V27/><F40/><W64/><G64/><T65/><D65/><U107/><E107/><V14/><F14/><W128/><G105/><T58/><D58/><U37/><E37/><V87/><F36/><RYUUKYOKU ba="0,1" sc="360,-10,260,30,240,-10,130,-10" hai1="3,5,6,8,9,12,18,19,83,84,97,101,104" /><INIT seed="5,1,1,5,0,118" ten="350,290,230,120" oya="1" hai0="133,98,57,50,9,64,135,83,51,106,92,27,47" hai1="43,1,60,44,102,14,5,62,120,74,69,55,108" hai2="49,16,18,28,8,22,72,32,86,39,54,100,87" hai3="88,10,90,21,61,17,105,97,7,24,91,119,113"/><U134/><E1/><V4/><F39/><W78/><G119/><T94/><D83/><U127/><E74/><V107/><F72/><W122/><G113/><T11/><D106/><U77/><E77/><V128/><F128/><W68/><G78/><T33/><D33/><U93/><E69/><V110/><F110/><W80/><G105/><T114/><D27/><U3/><E3/><V131/><F100/><W99/><G80/><T34/><D34/><U112/><E112/><V130/><F107/><W111/><G111/><T129/><D114/><U121/><E108/><V104/><F104/><W76/><G76/><T89/><D94/><U41/><E127/><V0/><F18/><W52/><G122/><N who="1" m="47210" /><E14/><N who="2" m="9495" /><F131/><W13/><REACH who="3" step="1"/><G68/><REACH who="3" ten="350,290,230,110" step="2"/><T58/><D129/><U46/><E93/><V65/><F130/><W56/><AGARI ba="1,2" hai="7,10,13,17,21,24,52,56,61,88,90,91,97,99" machi="56" ten="30,12000,2" yaku="1,1,2,1,0,1,8,1,54,2,53,0" doraHai="118" doraHaiUra="116" who="3" fromWho="3" sc="350,-31,290,-61,230,-31,110,143" /><INIT seed="6,0,0,2,2,8" ten="319,229,199,253" oya="2" hai0="49,128,88,37,7,32,20,55,80,64,135,4,30" hai1="118,31,100,48,61,42,68,53,16,35,44,60,106" hai2="89,39,50,132,99,86,66,103,47,63,12,24,18" hai3="9,115,95,59,116,84,57,101,107,43,56,113,11"/><V10/><F132/><W124/><G116/><T121/><D135/><U62/><E118/><V69/><F39/><W104/><G43/><T17/><D121/><U52/><E68/><V91/><F24/><W40/><G40/><T6/><D37/><U72/><E72/><V21/><F21/><W3/><G124/><T33/><D64/><U2/><E2/><V130/><F130/><W75/><G75/><T83/><D128/><U22/><E31/><V19/><F19/><W85/><G95/><T27/><D33/><U92/><E106/><N who="3" m="40490" /><G101/><T58/><REACH who="0" step="1"/><D88/><REACH who="0" ten="309,229,199,253" step="2"/><U45/><E35/><V96/><F103/><W131/><G131/><T108/><D108/><U79/><E79/><V26/><F91/><W0/><G3/><T5/><N who="0" m="1024" /><DORA hai="82" /><T76/><D76/><U34/><E34/><V125/><F125/><W112/><G0/><T54/><D54/><U14/><E45/><V133/><F133/><W129/><G129/><T70/><D70/><U98/><AGARI ba="0,1" hai="14,16,22,42,44,48,52,53,60,61,62,92,98,100" machi="98" ten="30,8000,1" yaku="0,1,8,1,52,1,54,2" doraHai="8,82" who="1" fromWho="1" sc="309,-20,229,90,199,-40,253,-20" /><INIT seed="7,0,0,3,5,52" ten="289,319,159,233" oya="3" hai0="50,28,123,132,128,16,103,25,70,61,69,125,65" hai1="33,105,27,10,1,127,83,9,7,74,40,14,35" hai2="98,44,122,63,36,31,48,47,94,102,109,120,118" hai3="112,110,39,101,55,38,4,121,53,92,22,67,90"/><W0/><G121/><T66/><D123/><U21/><E105/><V86/><F118/><W95/><G112/><T60/><D125/><U82/><E127/><V68/><F109/><W54/><G110/><T34/><D128/><U23/><E40/><V88/><F36/><W43/><G67/><T107/><D132/><U49/><E49/><V42/><F47/><W124/><G124/><T75/><D75/><U37/><E37/><V19/><F31/><W18/><G0/><T13/><D50/><U135/><E135/><V41/><F41/><W84/><G4/><T93/><D93/><U116/><E116/><V6/><F6/><W11/><G11/><T51/><D51/><U104/><E104/><V20/><F68/><W57/><G43/><T87/><D87/><U78/><E82/><V117/><F117/><W58/><G38/><T46/><D46/><U113/><E113/><V100/><F120/><W12/><G39/><T91/><D91/><U62/><E62/><V119/><F119/><W30/><G30/><T114/><D114/><U15/><E1/><V17/><F122/><W79/><G79/><T76/><D76/><U24/><E23/><V32/><F32/><W71/><G71/><T89/><D89/><U8/><E8/><V111/><F111/><W2/><G2/><T131/><D131/><U73/><E73/><V99/><F63/><W133/><G133/><T80/><D80/><U97/><E97/><AGARI ba="0,0" hai="12,18,22,53,54,55,57,58,84,90,92,95,97,101" machi="97" ten="40,7700,0" yaku="8,1,52,2" doraHai="52" who="3" fromWho="1" sc="289,0,319,-77,159,0,233,77" owari="289,8.9,242,-15.8,159,-34.1,310,41.0" /></mjloggm>