<mjloggm ver="2.3"><GO type="169" lobby="0"/><UN n0="%45%72%77%69%6E%52%64" n1="%E3%81%95%E3%81%8F%E3%82%88%E3%81%93%E3%81%A1%E3%82%83%E3%82%93" n2="%55%4D%41%E7%A2%BA%E8%AA%8D%E6%B8%88" n3="%E7%B4%94%E5%85%A8%E5%B8%AF%E4%B8%89%E8%89%B2" dan="16,16,16,16" rate="2148.40,2046.37,2122.31,2103.68" sx="M,M,M,M"/><TAIKYOKU oya="0"/><INIT seed="0,0,0,2,2,99" ten="250,250,250,250" oya="0" hai0="100,39,128,88,133,105,5,14,126,2,16,23,27" hai1="59,43,127,0,24,53,122,69,57,60,49,117,38" hai2="17,61,50,115,67,135,9,83,73,110,75,20,19" hai3="1,84,96,11,104,129,40,33,98,85,86,22,64"/><T63/><D39/><U48/><E0/><V107/><F115/><W37/><G33/><T106/><D128/><U46/><E24/><V51/><F110/><W44/><G129/><T6/><D133/><U62/><E117/><V92/><F135/><W111/><G111/><T71/><D126/><U55/><E127/><V94/><F107/><W41/><G64/><T120/><D120/><U108/><E122/><V114/><F114/><W76/><G40/><T79/><D79/><U77/><E77/><V3/><F75/><W66/><G66/><T91/><D2/><U35/><E35/><V21/><F73/><W42/><G42/><T89/><D106/><U130/><E130/><V65/><F83/><W8/><G98/><T123/><D123/><U29/><E29/><V103/><F3/><W112/><G112/><T58/><D71/><U95/><E95/><V7/><F61/><N who="1" m="23657" /><E108/><V78/><F78/><W80/><G22/><N who="0" m="11543" /><D100/><U36/><E69/><V74/><F74/><W119/><G119/><T72/><D105/><U45/><E43/><V34/><F34/><W87/><REACH who="3" step="1"/><G1/><REACH who="3" ten="250,250,250,240" step="2"/><T131/><D131/><U118/><E118/><V70/><F70/><W93/><G93/><T32/><D32/><U125/><E125/><V134/><F134/><W52/><G52/><N who="0" m="34247" /><D72/><U18/><E18/><AGARI ba="0,1" hai="5,6,18,23,27,88,89,91" m="34247,11543" machi="18" ten="30,11600,0" yaku="8,1,54,3" doraHai="99" who="0" fromWho="1" sc="250,126,250,-116,250,0,240,0" /><INIT seed="0,1,0,2,4,120" ten="376,134,250,240" oya="0" hai0="92,109,66,121,112,64,123,59,8,61,129,68,21" hai1="99,45,11,26,35,31,82,67,52,63,38,46,54" hai2="122,47,3,60,73,75,128,85,100,89,134,30,90" hai3="78,13,50,114,103,39,74,27,51,117,80,76,81"/><T69/><D112/><U91/><E11/><V5/><F3/><W70/><G39/><T97/><D129/><U93/><E82/><N who="2" m="49335" /><F5/><W83/><G114/><T29/><D8/><U2/><E2/><V1/><F1/><W104/><G70/><T32/><D32/><U87/><E99/><V135/><F30/><W65/><G65/><T132/><D132/><N who="2" m="50730" /><F60/><W127/><G127/><T84/><D84/><U131/><E131/><V77/><F47/><W16/><G117/><T20/><D64/><U22/><E35/><V12/><F12/><W19/><G81/><T34/><D34/><U53/><REACH who="1" step="1"/><E38/><REACH who="1" ten="376,124,250,240" step="2"/><V56/><F128/><W6/><G6/><T24/><D20/><U4/><E4/><V118/><F118/><W41/><G80/><T55/><D123/><U108/><E108/><V110/><F122/><W25/><G83/><T125/><D121/><U42/><E42/><V113/><F110/><W105/><G41/><T17/><D109/><U130/><E130/><V119/><F113/><W15/><REACH who="3" step="1"/><G103/><REACH who="3" ten="376,124,250,230" step="2"/><N who="0" m="60839" /><D125/><U0/><E0/><V88/><F100/><W98/><G98/><T36/><D36/><U44/><E44/><V94/><F119/><W58/><G58/><AGARI ba="1,2" hai="22,26,31,45,46,52,53,54,58,63,67,87,91,93" machi="58" ten="40,5200,0" yaku="1,1,8,1,54,1,53,0" doraHai="120" doraHaiUra="133" who="1" fromWho="3" sc="376,0,124,75,250,0,230,-55" /><INIT seed="1,0,0,0,1,51" ten="376,199,250,175" oya="1" hai0="66,126,89,96,112,86,105,19,18,106,26,79,32" hai1="61,101,57,98,3,85,44,128,59,104,45,70,117" hai2="71,13,124,90,25,121,17,52,91,74,30,134,122" hai3="102,107,34,130,31,75,22,87,109,113,114,68,7"/><U115/><E115/><V37/><F134/><W29/><G87/><T5/><D112/><U97/><E117/><V100/><F124/><W55/><G102/><T62/><D126/><U110/><E3/><V4/><F74/><W133/><G22/><T15/><D5/><U119/><E119/><V27/><F100/><W131/><G7/><T95/><D79/><U78/><E128/><V65/><F37/><W1/><G55/><T123/><D123/><U11/><E110/><V43/><F4/><W41/><G31/><T99/><D99/><U49/><E11/><V12/><F43/><W9/><G29/><T8/><D32/><U83/><E98/><V50/><F65/><W111/><G9/><T84/><D84/><U77/><E77/><V39/><F39/><W116/><G41/><T47/><D47/><U35/><E35/><V76/><F71/><W81/><G81/><T80/><D26/><U132/><E132/><V53/><F76/><W14/><G14/><T64/><D18/><U42/><REACH who="1" step="1"/><E45/><REACH who="1" ten="376,189,250,175" step="2"/><V118/><F118/><W56/><G111/><T94/><D96/><U6/><E6/><V129/><F129/><W125/><G130/><T48/><D8/><U60/><E60/><V93/><F121/><W54/><G114/><T38/><D62/><U33/><E33/><V20/><F122/><W58/><G113/><T108/><D108/><U16/><E16/><V103/><F17/><W92/><G109/><T73/><D19/><U23/><E23/><V36/><F20/><W40/><G116/><T10/><D10/><U67/><AGARI ba="0,1" hai="42,44,49,57,59,61,67,70,78,83,85,97,101,104" machi="67" ten="30,3000,0" yaku="1,1,0,1,53,0" doraHai="51" doraHaiUra="0" who="1" fromWho="1" sc="376,-10,189,40,250,-10,175,-10" /><INIT seed="1,1,0,0,1,36" ten="366,229,240,165" oya="1" hai0="22,38,65,121,132,80,9,57,89,119,63,112,125" hai1="94,115,3,31,83,104,33,34,73,30,113,91,131" hai2="1,111,76,21,79,75,90,108,100,52,130,7,47" hai3="24,48,61,92,67,86,55,44,11,114,14,10,4"/><U17/><E104/><V85/><F130/><W77/><G114/><T122/><D112/><U12/><E131/><V27/><F100/><W13/><G24/><T19/><D119/><U107/><E107/><V98/><F98/><W46/><G46/><T6/><D38/><U5/><E113/><V28/><F7/><W99/><G86/><T60/><D125/><U66/><E115/><V103/><F103/><W126/><G77/><T87/><D60/><U49/><E66/><V109/><F75/><W58/><G126/><T23/><D132/><U88/><E5/><V93/><REACH who="2" step="1"/><F1/><REACH who="2" ten="366,229,230,165" step="2"/><W72/><G72/><T16/><D121/><U134/><E3/><V128/><F128/><W37/><G37/><T43/><D6/><U133/><E133/><V59/><F59/><W56/><G56/><T68/><D57/><U40/><E73/><V51/><AGARI ba="1,1" hai="21,27,28,47,51,52,76,79,85,90,93,108,109,111" machi="51" ten="40,8000,1" yaku="1,1,0,1,14,1,54,1,53,0" doraHai="36" doraHaiUra="101" who="2" fromWho="2" sc="366,-21,229,-41,230,93,165,-21" /><INIT seed="2,0,0,4,5,65" ten="345,188,323,144" oya="2" hai0="53,134,132,82,129,108,16,70,40,30,28,32,87" hai1="6,125,48,50,57,71,114,131,109,12,106,62,88" hai2="101,13,111,91,51,80,89,110,75,52,55,98,35" hai3="20,90,84,85,81,3,126,19,18,113,99,123,86"/><V4/><F35/><W9/><G123/><T61/><D108/><N who="2" m="41514" /><F4/><W120/><G120/><T21/><D40/><U23/><E114/><V31/><F31/><W69/><G126/><T24/><D129/><U0/><E106/><V116/><F116/><W58/><G113/><T77/><D28/><U96/><E125/><V128/><F128/><W38/><G38/><T49/><D61/><U135/><E135/><V68/><F68/><W14/><G3/><T26/><REACH who="0" step="1"/><D70/><REACH who="0" ten="335,188,323,144" step="2"/><U25/><E71/><V39/><F39/><W74/><G69/><T117/><D117/><U105/><E131/><V102/><F51/><W33/><G33/><T83/><D83/><U29/><E48/><V130/><F130/><W60/><G74/><T41/><D41/><U8/><E50/><V7/><F75/><W54/><REACH who="3" step="1"/><G99/><REACH who="3" ten="335,188,323,134" step="2"/><T95/><D95/><U119/><E109/><V2/><F98/><W10/><G10/><T46/><AGARI ba="0,2" hai="16,21,24,26,30,32,46,49,53,77,82,87,132,134" machi="46" ten="30,4000,0" yaku="1,1,0,1,54,1,53,0" doraHai="65" doraHaiUra="63" who="0" fromWho="0" sc="335,60,188,-10,323,-20,134,-10" /><INIT seed="3,0,0,4,2,45" ten="395,178,303,124" oya="3" hai0="133,22,90,10,98,93,52,63,117,131,51,103,132" hai1="102,96,72,76,49,50,66,2,67,33,73,21,4" hai2="47,37,7,0,95,61,85,24,65,106,83,86,31" hai3="89,16,107,92,38,40,25,54,27,70,75,68,84"/><W8/><G75/><T9/><D117/><U126/><E33/><V114/><F106/><W64/><G107/><T41/><D131/><U43/><E126/><V99/><F114/><W60/><G70/><T13/><D41/><U104/><E2/><V80/><F0/><W115/><G115/><T128/><D128/><U120/><E4/><V39/><F7/><W97/><G40/><T116/><D116/><U55/><E120/><V12/><F12/><W59/><G38/><T17/><D63/><U111/><E111/><V15/><F15/><W69/><G69/><T113/><D113/><U6/><E6/><V19/><F19/><W109/><G109/><T108/><D103/><U112/><E21/><V119/><F85/><W18/><G97/><T125/><D125/><U62/><E112/><V14/><F14/><W32/><G8/><T3/><D108/><U20/><E20/><N who="2" m="15751" /><F47/><W81/><G81/><T100/><D100/><U44/><E76/><V121/><F83/><W94/><G94/><T53/><D3/><U129/><E129/><V35/><F35/><W58/><G68/><T77/><D77/><U28/><E28/><V134/><F121/><W46/><G46/><N who="0" m="27767" /><D53/><U127/><E127/><V124/><F124/><W30/><REACH who="3" step="1"/><G25/><REACH who="3" ten="395,178,303,114" step="2"/><T78/><D9/><U26/><E26/><V123/><F39/><W110/><G110/><T42/><D42/><U71/><E72/><V135/><F37/><W56/><G56/><T87/><D10/><U11/><E73/><V1/><F119/><W105/><G105/><T122/><D122/><U23/><E11/><V5/><F123/><RYUUKYOKU ba="0,1" sc="395,15,178,-15,303,-15,114,15" hai0="13,17,22,78,87,90,93,98,132,133" hai3="16,18,27,30,32,54,58,59,60,64,84,89,92" /><INIT seed="3,1,1,3,4,80" ten="410,163,288,129" oya="3" hai0="109,57,10,113,107,67,45,60,91,81,20,76,83" hai1="12,75,110,74,63,6,130,1,112,79,42,28,2" hai2="96,49,8,134,105,84,37,108,123,122,38,18,115" hai3="97,50,65,25,68,135,41,40,90,22,117,72,21"/><W100/><G117/><T44/><D109/><U27/><E112/><V62/><F115/><W120/><G135/><T11/><D107/><U24/><E110/><V9/><F108/><W93/><G72/><T48/><D113/><U33/><E130/><V70/><F134/><W47/><G120/><N who="2" m="46121" /><F49/><W4/><G4/><T116/><D116/><U85/><E42/><V29/><F29/><W54/><G22/><T69/><D69/><U59/><E27/><V133/><F133/><W15/><G15/><T99/><D20/><U126/><E126/><V32/><F32/><W104/><G65/><T36/><D36/><U61/><E12/><N who="2" m="7431" /><F9/><W3/><G68/><T86/><D44/><U106/><E106/><V7/><F7/><W39/><G3/><T94/><D81/><U31/><E31/><V121/><F121/><W92/><G39/><T16/><REACH who="0" step="1"/><D16/><REACH who="0" ten="400,163,288,129" step="2"/><U89/><E33/><V129/><F38/><W23/><G104/><T95/><D95/><U118/><E118/><V30/><F37/><W19/><REACH who="3" step="1"/><G23/><REACH who="3" ten="400,163,288,119" step="2"/><T124/><D124/><U87/><E6/><V73/><F70/><W128/><G128/><T88/><D88/><U5/><E89/><V34/><F129/><W51/><G51/><T55/><AGARI ba="1,3" hai="10,11,45,48,55,57,60,67,76,83,86,91,94,99" machi="55" ten="20,8000,1" yaku="1,1,0,1,7,1,8,1,52,1,53,0" doraHai="80" doraHaiUra="127" who="0" fromWho="0" sc="400,113,163,-21,288,-21,119,-41" /><INIT seed="4,0,0,4,5,119" ten="513,142,267,78" oya="0" hai0="34,4,13,106,26,59,36,116,5,133,44,112,62" hai1="101,15,68,21,54,74,58,10,71,30,127,90,94" hai2="51,102,42,8,115,19,111,97,47,6,98,109,123" hai3="52,96,45,38,72,113,67,17,75,103,9,70,23"/><T129/><D106/><U83/><E127/><V53/><F115/><W41/><G113/><T77/><D112/><U131/><E131/><V82/><F98/><W117/><G117/><T11/><D116/><U24/><E101/><V99/><F99/><W56/><G9/><T91/><D129/><U50/><E83/><V121/><F82/><W64/><G70/><T110/><D133/><U61/><E74/><V7/><F19/><W60/><G75/><T40/><D110/><U16/><REACH who="1" step="1"/><E61/><REACH who="1" ten="513,132,267,78" step="2"/><V39/><F109/><W28/><G72/><T132/><D62/><U92/><E92/><V130/><F111/><W37/><G37/><T3/><D36/><U57/><E57/><V65/><F130/><W88/><G28/><T79/><D59/><U85/><AGARI ba="0,1" hai="10,15,16,21,24,30,50,54,58,68,71,85,90,94" machi="85" ten="20,12000,2" yaku="1,1,0,1,7,1,54,1,53,2" doraHai="119" doraHaiUra="66" who="1" fromWho="1" sc="513,-60,132,130,267,-30,78,-30" /><INIT seed="5,0,0,2,4,27" ten="453,262,237,48" oya="1" hai0="100,111,12,4,8,26,78,67,6,36,119,47,130" hai1="117,11,113,20,95,97,53,116,85,109,19,125,60" hai2="77,63,14,98,81,31,131,29,76,102,21,110,72" hai3="54,135,51,86,7,35,15,33,24,58,106,69,79"/><U16/><E113/><V101/><F110/><W40/><G135/><T32/><D111/><U3/><E109/><V45/><F131/><W96/><G69/><T65/><D119/><U10/><E125/><V17/><F77/><W5/><G40/><T23/><D32/><U107/><E107/><V9/><F102/><W92/><G106/><T49/><D36/><U123/><E123/><V41/><F63/><W48/><G48/><T133/><D133/><U84/><E3/><V44/><F9/><N who="1" m="3081" /><E116/><V18/><F18/><N who="1" m="6697" /><E20/><V55/><F55/><W39/><G39/><T38/><D38/><U112/><E112/><V62/><F62/><W89/><G15/><T70/><D70/><U52/><E117/><V93/><REACH who="2" step="1"/><F44/><REACH who="2" ten="453,262,227,48" step="2"/><W122/><G122/><T75/><D130/><U71/><E71/><V82/><F82/><W90/><G79/><T46/><D46/><U120/><E120/><V129/><F129/><W121/><G121/><T128/><D47/><U22/><E53/><V83/><F83/><W43/><G43/><T34/><D128/><U126/><E126/><V28/><F28/><W132/><G132/><T104/><D78/><U68/><E68/><V2/><F2/><W80/><REACH who="3" step="1"/><G35/><REACH who="3" ten="453,262,227,38" step="2"/><T1/><D34/><U108/><E108/><V91/><F91/><W105/><G105/><T118/><D104/><U42/><E42/><V64/><F64/><W88/><G88/><T57/><D67/><U37/><E37/><AGARI ba="0,2" hai="14,17,21,29,31,37,41,45,72,76,81,93,98,101" machi="37" ten="30,7700,0" yaku="1,1,7,1,52,2,53,0" doraHai="27" doraHaiUra="134" who="2" fromWho="1" sc="453,0,262,-77,227,97,38,0" /><INIT seed="6,0,0,2,3,123" ten="453,185,324,38" oya="2" hai0="94,135,98,89,134,54,27,31,51,130,86,21,8" hai1="18,73,24,62,47,71,106,10,99,104,121,95,103" hai2="125,91,72,42,53,56,65,40,83,126,102,1,39" hai3="5,93,92,96,81,80,33,58,88,12,59,35,108"/><V76/><F1/><W25/><G108/><T101/><D130/><U49/><E121/><V64/><F102/><W97/><G5/><T0/><D0/><U7/><E73/><V23/><F23/><W70/><G70/><T43/><D43/><U63/><E71/><V14/><F14/><W127/><G12/><T74/><D74/><U41/><E104/><V15/><F15/><W117/><G127/><N who="2" m="48649" /><F91/><W79/><G25/><T85/><D8/><U122/><E106/><V114/><F114/><W4/><G4/><T48/><D85/><U112/><E122/><V132/><F132/><N who="0" m="50730" /><D54/><U6/><E112/><V34/><F34/><W69/><G69/><T61/><D61/><N who="1" m="23051" /><E10/><V87/><F87/><W78/><REACH who="3" step="1"/><G88/><REACH who="3" ten="453,185,324,28" step="2"/><T110/><D110/><U55/><E6/><V66/><F39/><W37/><G37/><T131/><D89/><U113/><E7/><V29/><F29/><W16/><G16/><T111/><D31/><U2/><E2/><V32/><F32/><W36/><G36/><T67/><D27/><U38/><E38/><V20/><F20/><W75/><G75/><T90/><D21/><U119/><E113/><V100/><F100/><W129/><G129/><T52/><D131/><U77/><E18/><V124/><F124/><W115/><G115/><T82/><D90/><U13/><E24/><V46/><F72/><W44/><G44/><T120/><D101/><U60/><E13/><V17/><F17/><W57/><G57/><T84/><D120/><U45/><E103/><V28/><F28/><W107/><G107/><T116/><D94/><U19/><E95/><RYUUKYOKU ba="0,1" sc="453,-10,185,-10,324,-10,28,30" hai3="33,35,58,59,78,79,80,81,92,93,96,97,117" /><INIT seed="7,1,1,2,2,122" ten="443,175,314,58" oya="3" hai0="0,111,26,108,46,37,132,1,69,7,123,23,95" hai1="93,31,19,61,76,133,21,66,134,47,92,22,104" hai2="82,41,83,5,58,90,94,71,16,72,13,10,115" hai3="29,117,121,130,11,14,57,97,102,91,110,51,6"/><W49/><G130/><T62/><D123/><U36/><E104/><V24/><F71/><W73/><G121/><T114/><D95/><N who="1" m="36427" /><E76/><V39/><F72/><W44/><G117/><T27/><D27/><U15/><E31/><V86/><F115/><W106/><G73/><T126/><D114/><U3/><E3/><V103/><F103/><W35/><G110/><T2/><D7/><U67/><E22/><N who="2" m="13383" /><F41/><W64/><G44/><T50/><D37/><U100/><E100/><V120/><F39/><W40/><G40/><T4/><D4/><U30/><E30/><V113/><F113/><W129/><G129/><T34/><D34/><U109/><E61/><V60/><F120/><W65/><G91/><T85/><D85/><U80/><E80/><V75/><F75/><W25/><REACH who="3" step="1"/><G57/><REACH who="3" ten="443,175,314,48" step="2"/><T12/><D108/><U135/><E109/><V81/><F58/><W32/><G32/><T42/><D111/><U116/><E116/><V9/><F90/><W131/><G131/><T70/><D46/><U68/><E68/><V124/><F86/><W45/><G45/><T43/><D42/><AGARI ba="1,2" hai="15,19,21,36,42,47,66,67,133,134,135" m="36427" machi="42" ten="40,1300,0" yaku="20,1" doraHai="122" who="1" fromWho="0" sc="443,-16,175,36,314,0,48,0" owari="427,52.7,211,-18.9,314,11.4,48,-45.2" /></mjloggm>