<mjloggm ver="2.3"><GO type="169" lobby="0"/><UN n0="%46%E5%92%B8%E9%AD%9A%E5%92%B8%E9%AD%9A%E5%92%B8" n1="%E4%B9%9D%E7%B4%8B%E9%BE%8D%E5%8F%B2%E9%80%B2" n2="%6B%75%72%69%73%75" n3="%E9%BB%92%E6%B2%A2%E7%BE%A9%E6%98%8E" dan="16,19,16,17" rate="2069.33,2287.34,2148.22,2207.25" sx="M,M,F,M"/><TAIKYOKU oya="0"/><INIT seed="0,0,0,5,4,20" ten="250,250,250,250" oya="0" hai0="46,14,129,95,134,102,99,74,41,54,48,53,71" hai1="34,5,47,113,70,63,10,91,6,89,117,25,132" hai2="18,26,125,111,130,85,128,65,28,13,101,59,27" hai3="86,4,79,88,40,66,22,44,122,121,80,9,8"/><T131/><D134/><U31/><E117/><V24/><F111/><W23/><G66/><T94/><D74/><U50/><E132/><V19/><F125/><W16/><G23/><T15/><D71/><U30/><E113/><V92/><F28/><W35/><G35/><T110/><D110/><U124/><E124/><V105/><F105/><W78/><G78/><T126/><D126/><U11/><E30/><V45/><F45/><W7/><G79/><T76/><D76/><U93/><E70/><V64/><F19/><W116/><G116/><T52/><REACH who="0" step="1"/><D94/><REACH who="0" ten="240,250,250,250" step="2"/><U29/><E93/><V90/><F101/><W96/><G122/><T106/><D106/><U97/><E91/><V115/><F115/><W69/><G69/><T38/><D38/><U87/><E89/><V119/><F119/><W0/><G121/><T32/><D32/><U75/><E75/><V103/><F103/><W43/><G96/><T83/><D83/><U62/><E97/><V37/><F37/><W17/><G44/><T114/><D114/><U68/><E68/><V127/><F127/><W1/><G17/><T67/><D67/><U21/><E34/><V61/><REACH who="2" step="1"/><F65/><REACH who="2" ten="240,250,240,250" step="2"/><W73/><REACH who="3" step="1"/><G73/><REACH who="3" ten="240,250,240,240" step="2"/><T72/><D72/><U135/><E135/><V58/><F58/><W98/><G98/><T12/><AGARI ba="0,3" hai="12,14,15,41,46,48,52,53,54,95,99,102,129,131" machi="12" ten="40,7800,0" yaku="1,1,0,1,54,1,53,0" doraHai="20" doraHaiUra="104" who="0" fromWho="0" sc="240,108,250,-26,240,-26,240,-26" /><INIT seed="0,1,0,5,5,134" ten="348,224,214,214" oya="0" hai0="44,83,74,87,89,56,8,48,51,65,50,97,16" hai1="88,31,110,109,94,127,63,111,2,57,115,0,43" hai2="98,26,90,53,4,135,3,27,117,132,23,72,1" hai3="99,29,106,123,13,113,19,107,71,39,22,37,59"/><T79/><D97/><U122/><E122/><V124/><F72/><W80/><G71/><T35/><D35/><U76/><E115/><V10/><F117/><W102/><G113/><T118/><D118/><U41/><E76/><V25/><F53/><W112/><G112/><T130/><D130/><U5/><E31/><V133/><F90/><W128/><G128/><T120/><D120/><U131/><E131/><V119/><F98/><W14/><G123/><T54/><D74/><U11/><E2/><N who="2" m="279" /><F119/><W77/><G107/><T66/><D79/><U125/><E43/><V18/><F124/><N who="1" m="47689" /><E41/><V67/><F67/><N who="0" m="25610" /><D56/><U73/><E73/><V49/><F49/><W100/><G59/><T96/><D96/><N who="1" m="57415" /><E57/><V121/><F121/><W126/><G126/><T68/><D68/><U61/><AGARI ba="1,0" hai="0,5,11,61,63,109,110,111" m="57415,47689" machi="61" ten="40,12000,2" yaku="14,1,18,1,52,3,54,1" doraHai="134" who="1" fromWho="1" sc="348,-61,224,123,214,-31,214,-31" /><INIT seed="1,0,0,4,2,127" ten="287,347,183,183" oya="1" hai0="37,48,87,135,24,2,4,93,105,130,28,123,22" hai1="98,66,12,21,69,106,81,6,131,79,63,132,49" hai2="133,29,125,34,32,84,35,108,60,91,83,27,110" hai3="114,104,46,62,120,124,13,9,70,113,86,39,96"/><U56/><E132/><V67/><F125/><W76/><G120/><T72/><D105/><U111/><E111/><V52/><F133/><W31/><G124/><T44/><D135/><U92/><E106/><V85/><F85/><W100/><G31/><T115/><D115/><U75/><E49/><V38/><F38/><W50/><G39/><T82/><D37/><U116/><E116/><V134/><F134/><W5/><G62/><T47/><D130/><U19/><E6/><V45/><F67/><W57/><G57/><T23/><D23/><U18/><E18/><V99/><F99/><W107/><G70/><T95/><D72/><U88/><REACH who="1" step="1"/><E69/><REACH who="1" ten="287,337,183,183" step="2"/><V73/><F108/><W11/><G107/><T41/><D123/><U102/><E102/><V59/><F110/><W78/><G114/><T121/><D121/><U25/><E25/><V15/><F27/><W36/><G113/><T128/><D4/><U8/><E8/><V109/><F109/><W53/><G36/><T33/><D48/><U42/><E42/><V26/><F26/><W7/><REACH who="3" step="1"/><G86/><REACH who="3" ten="287,337,183,173" step="2"/><T54/><D87/><U101/><E101/><V16/><F84/><W80/><G80/><T1/><D82/><U64/><E64/><V3/><F83/><W40/><G40/><T43/><D43/><U122/><E122/><V126/><F126/><W51/><G51/><T118/><D41/><U129/><AGARI ba="0,2" hai="12,19,21,56,63,66,75,79,81,88,92,98,129,131" machi="129" ten="30,18000,2" yaku="1,1,0,1,52,2,54,1,53,1" doraHai="127" doraHaiUra="89" who="1" fromWho="1" sc="287,-60,337,200,183,-60,173,-60" /><INIT seed="1,1,0,0,5,15" ten="227,537,123,113" oya="1" hai0="54,7,124,130,86,46,58,110,67,108,85,89,126" hai1="9,131,21,101,107,115,82,121,32,133,17,2,123" hai2="90,16,76,116,81,37,45,79,80,68,51,125,62" hai3="75,98,104,119,99,96,20,12,114,18,61,10,8"/><U31/><E115/><V57/><F116/><W33/><G114/><T134/><D7/><U106/><E131/><V25/><F37/><W117/><G104/><T122/><D89/><U100/><E133/><V69/><F125/><N who="0" m="48234" /><D85/><U129/><E129/><V29/><F69/><W95/><G33/><T84/><D84/><U48/><E48/><V28/><F68/><W77/><G95/><T5/><D5/><U72/><E9/><V53/><F90/><W74/><G61/><N who="0" m="38327" /><D86/><U71/><E71/><V26/><F80/><W52/><G77/><N who="2" m="29769" /><F81/><W19/><G52/><T4/><D4/><U92/><E92/><V24/><F16/><W13/><REACH who="3" step="1"/><G20/><REACH who="3" ten="227,537,123,103" step="2"/><T64/><D130/><U60/><E21/><V23/><F23/><W87/><G87/><T73/><D73/><AGARI ba="1,1" hai="8,10,12,13,18,19,73,74,75,96,98,99,117,119" machi="73" ten="40,8000,1" yaku="1,1,9,1,52,2,53,0" doraHai="15" doraHaiUra="111" who="3" fromWho="0" sc="227,-83,537,0,123,0,103,93" /><INIT seed="2,0,0,1,5,91" ten="144,537,123,196" oya="2" hai0="50,26,35,10,92,99,21,71,65,121,79,25,132" hai1="113,128,33,7,81,125,107,38,126,9,31,111,88" hai2="119,70,124,110,134,135,53,41,67,101,96,11,102" hai3="74,40,105,22,69,12,29,97,106,72,34,37,78"/><V73/><F119/><W4/><G22/><T90/><D121/><U66/><E113/><V104/><F73/><W75/><G12/><T5/><D132/><N who="2" m="50730" /><F124/><N who="1" m="47721" /><E111/><V39/><F110/><W1/><G69/><T61/><D79/><U60/><E107/><V15/><F102/><W133/><G133/><T18/><D50/><U20/><E38/><V19/><F53/><W16/><G16/><T32/><REACH who="0" step="1"/><D26/><REACH who="0" ten="134,537,123,196" step="2"/><N who="1" m="16839" /><E128/><V95/><F39/><W85/><G37/><T54/><D54/><U108/><E108/><V130/><F130/><W117/><G78/><T55/><D55/><U36/><E36/><V115/><F115/><W98/><G40/><T103/><D103/><U8/><E33/><V43/><F104/><W6/><G105/><T118/><D118/><U17/><E60/><AGARI ba="0,1" hai="11,15,19,41,43,60,67,70,95,96,101" m="50730" machi="60" ten="30,2900,0" yaku="20,1,52,1" doraHai="91" who="2" fromWho="1" sc="134,0,537,-29,123,39,196,0" /><INIT seed="2,1,0,0,5,11" ten="134,508,162,196" oya="2" hai0="100,133,80,98,47,122,40,82,123,111,27,87,129" hai1="4,68,9,36,110,10,17,60,84,115,120,81,33" hai2="44,72,79,30,108,49,107,21,109,39,35,7,117" hai3="70,128,71,3,75,58,74,61,119,20,90,104,88"/><V54/><F117/><W64/><G119/><T0/><D111/><N who="2" m="42570" /><F107/><W5/><G104/><T67/><D0/><U1/><E115/><V8/><F39/><W59/><G128/><T63/><D129/><U37/><E33/><V57/><F35/><W96/><G3/><T93/><D27/><U105/><E105/><V127/><F127/><W95/><G5/><T29/><D29/><U83/><E120/><V24/><F79/><W92/><G20/><T66/><D133/><U42/><E36/><V43/><F72/><W114/><G114/><T86/><D86/><U13/><E37/><V14/><F57/><W116/><G116/><T46/><D46/><U112/><E112/><V101/><F101/><W32/><G32/><T31/><D31/><U56/><E68/><V22/><F22/><W28/><G28/><T23/><D23/><U53/><E110/><V62/><F62/><W135/><G135/><T12/><D63/><U126/><E126/><V52/><AGARI ba="1,0" hai="7,8,14,21,24,30,43,44,49,52,54" m="42570" machi="52" ten="30,11700,0" yaku="14,1,10,1,52,1,54,1" doraHai="11" who="2" fromWho="2" sc="134,-40,508,-40,162,120,196,-40" /><INIT seed="2,2,0,2,2,17" ten="94,468,282,156" oya="2" hai0="76,81,112,88,86,33,44,29,27,70,134,124,23" hai1="69,89,16,84,18,95,77,53,5,45,2,83,26" hai2="120,6,51,93,11,3,37,15,60,130,97,135,66" hai3="71,80,67,109,100,119,43,116,36,24,1,40,4"/><V105/><F37/><W104/><G109/><T123/><D123/><U31/><E69/><V12/><F120/><W54/><G54/><T46/><D112/><U125/><E125/><V52/><F105/><W75/><G43/><T65/><D134/><U99/><E5/><V47/><F130/><W118/><G24/><T25/><D124/><U42/><E2/><V63/><F135/><W62/><G100/><T133/><D133/><U92/><E92/><V126/><F126/><W41/><G41/><T82/><D65/><U10/><E10/><V79/><F79/><N who="3" m="44159" /><G104/><T22/><D33/><U107/><E53/><V0/><F0/><W85/><G85/><N who="0" m="48295" /><D70/><U49/><REACH who="1" step="1"/><E107/><REACH who="1" ten="94,458,282,156" step="2"/><V14/><REACH who="2" step="1"/><F66/><REACH who="2" ten="94,458,272,156" step="2"/><W87/><G1/><T55/><D55/><U108/><E108/><V131/><F131/><W117/><G117/><T56/><D56/><U98/><E98/><V128/><F128/><W58/><G58/><T39/><D39/><U64/><E64/><V103/><AGARI ba="2,2" hai="3,6,11,12,14,15,47,51,52,60,63,93,97,103" machi="103" ten="30,6000,0" yaku="1,1,0,1,54,1,53,0" doraHai="17" doraHaiUra="129" who="2" fromWho="2" sc="94,-22,458,-22,272,86,156,-22" /><INIT seed="2,3,0,2,1,25" ten="72,436,358,134" oya="2" hai0="78,28,55,92,108,112,52,63,24,102,83,129,2" hai1="101,8,98,40,80,47,68,86,11,42,49,48,94" hai2="110,6,53,79,127,10,135,128,4,87,46,64,91" hai3="45,36,33,7,90,71,12,84,34,13,44,56,122"/><V125/><F128/><W20/><G71/><T54/><D112/><U22/><E68/><V18/><F135/><W19/><G122/><T60/><D2/><U81/><E81/><V43/><F79/><W118/><G118/><T96/><D108/><U85/><E85/><V88/><F64/><W21/><G36/><T132/><D129/><U75/><E75/><V105/><F105/><W115/><G115/><T130/><D132/><U32/><E32/><V82/><F53/><W109/><G109/><T29/><D130/><U50/><E22/><V100/><F100/><W103/><G103/><T93/><D93/><U113/><E113/><V51/><F110/><W70/><G70/><T0/><D0/><U17/><E17/><V62/><F62/><W73/><G73/><T74/><REACH who="0" step="1"/><D29/><REACH who="0" ten="62,436,358,134" step="2"/><U77/><REACH who="1" step="1"/><E42/><REACH who="1" ten="62,426,358,134" step="2"/><V9/><F43/><W26/><G34/><AGARI ba="3,2" hai="24,28,34,52,54,55,60,63,74,78,83,92,96,102" machi="34" ten="40,8000,1" yaku="1,1,2,1,52,1,54,1,53,0" doraHai="25" doraHaiUra="1" who="0" fromWho="3" sc="62,109,426,0,358,0,134,-89" /><INIT seed="3,0,0,0,4,113" ten="171,426,358,45" oya="3" hai0="19,89,125,90,16,20,121,87,105,36,15,85,51" hai1="74,0,119,122,70,6,109,95,12,102,55,78,83" hai2="35,112,33,129,32,17,79,123,7,76,117,56,82" hai3="13,28,104,37,1,73,68,2,100,110,97,69,43"/><W22/><G13/><T34/><D36/><U30/><E122/><V27/><F112/><W39/><G22/><T49/><D34/><U24/><E70/><N who="3" m="27242" /><G28/><T48/><D105/><U52/><E0/><N who="3" m="106" /><G110/><T59/><D125/><U5/><E109/><V40/><F7/><W57/><G57/><T8/><D121/><U120/><E120/><V124/><F123/><W128/><G128/><T91/><REACH who="0" step="1"/><D59/><REACH who="0" ten="161,426,358,45" step="2"/><U58/><E58/><V135/><F56/><W93/><G93/><T134/><D134/><U118/><E95/><V38/><F135/><W99/><G99/><T108/><D108/><U71/><E71/><V72/><F124/><W106/><G106/><T10/><D10/><U103/><E6/><V53/><F33/><W67/><G67/><T4/><D4/><U60/><E5/><V42/><F32/><W84/><G84/><T107/><D107/><U114/><E114/><V115/><F35/><W18/><G37/><T31/><D31/><U127/><E127/><V23/><F38/><W64/><G64/><T50/><N who="0" m="12288" /><DORA hai="130" /><T96/><D96/><U133/><E133/><V92/><F92/><W65/><G65/><T25/><AGARI ba="0,1" hai="8,15,16,19,20,25,85,87,89,90,91" m="12288" machi="25" ten="50,12000,2" yaku="1,1,0,1,8,1,54,1,53,3" doraHai="113,130" doraHaiUra="80,9" who="0" fromWho="0" sc="161,130,426,-30,358,-30,45,-60" owari="291,-10.9,396,49.6,328,12.8,-15,-51.5" /></mjloggm>