<mjloggm ver="2.3"><GO type="169" lobby="0"/><UN n0="%E5%87%A1%E5%BA%B8" n1="%E2%91%A3%E3%82%BB%E3%83%B3%E3%83%81" n2="%E7%99%BE%E9%87%8E%E3%81%95%E3%82%93" n3="%E6%B2%B3%E7%AB%A5%E3%81%AE%E3%83%AF%E3%82%AB%E3%83%9E%E3%83%84" dan="17,18,17,17" rate="2154.78,2276.13,2185.62,2177.88" sx="M,M,M,M"/><TAIKYOKU oya="0"/><INIT seed="0,0,0,5,5,118" ten="250,250,250,250" oya="0" hai0="40,0,83,15,123,93,37,7,68,12,127,117,74" hai1="105,76,133,100,47,113,91,9,6,71,60,31,32" hai2="134,53,21,66,34,42,92,90,101,132,16,39,85" hai3="128,120,126,27,11,45,125,114,121,2,107,94,51"/><T130/><D117/><U86/><E76/><V1/><F34/><W84/><G107/><T78/><D68/><U13/><E32/><V19/><F1/><W73/><G73/><T110/><D130/><U20/><E133/><N who="2" m="51307" /><F66/><W129/><G114/><T56/><D127/><N who="3" m="48649" /><G27/><T59/><D93/><U69/><E60/><V95/><F21/><W87/><G2/><T35/><D35/><U61/><E61/><V30/><F30/><W65/><G11/><N who="0" m="2535" /><D110/><U135/><E113/><V88/><F101/><W106/><G106/><T49/><D123/><N who="3" m="47177" /><G65/><T58/><D49/><U41/><E135/><V5/><F5/><W104/><G104/><T17/><D17/><U67/><E67/><V89/><F53/><N who="3" m="29935" /><G94/><T46/><AGARI ba="0,0" hai="12,15,37,40,46,56,58,59,74,78,83" m="2535" machi="46" ten="30,1500,0" yaku="25,1" doraHai="118" who="0" fromWho="0" sc="250,15,250,-5,250,-5,250,-5" /><INIT seed="0,1,0,1,1,120" ten="265,245,245,245" oya="0" hai0="112,49,81,34,134,87,84,88,43,132,51,25,99" hai1="58,50,71,46,85,91,127,59,79,74,106,115,4" hai2="113,102,31,27,94,41,65,45,23,78,39,52,11" hai3="26,108,16,118,105,92,14,72,83,103,89,61,47"/><T2/><D112/><U101/><E71/><V107/><F113/><W37/><G118/><T117/><D117/><U111/><E4/><V128/><F107/><W42/><G26/><T93/><D2/><U20/><E20/><V133/><F133/><N who="0" m="51306" /><D43/><U121/><E121/><V70/><F128/><W17/><G61/><T75/><D75/><U124/><E79/><V24/><F24/><W67/><G67/><T38/><D38/><U96/><E74/><V1/><F78/><N who="3" m="44487" /><G14/><T18/><D87/><U9/><E9/><V15/><F1/><W80/><G80/><T56/><D56/><U3/><E3/><V44/><F65/><W68/><G68/><T125/><D125/><N who="1" m="48203" /><E111/><V8/><F70/><W76/><G76/><N who="0" m="46119" /><D18/><U36/><E36/><V109/><F39/><W12/><G108/><T131/><D131/><U63/><E63/><V73/><F73/><W135/><G135/><T98/><D98/><U21/><E115/><V62/><F109/><W32/><G37/><T29/><AGARI ba="1,0" hai="25,29,34,49,51,88,93,99" m="46119,51306" machi="29" ten="30,3000,0" yaku="20,1,54,1" doraHai="120" who="0" fromWho="0" sc="265,33,245,-11,245,-11,245,-11" /><INIT seed="0,2,0,3,0,45" ten="298,234,234,234" oya="0" hai0="42,47,103,99,123,18,62,106,129,15,78,79,5" hai1="30,41,64,98,19,53,46,16,24,37,105,85,92" hai2="124,21,89,51,58,74,112,95,55,0,100,29,107" hai3="94,49,116,80,50,4,121,110,56,128,33,93,44"/><T81/><D129/><U90/><E64/><V7/><F112/><W36/><G116/><T117/><D117/><U67/><E67/><V69/><F69/><W82/><G33/><T6/><D62/><U27/><E27/><V127/><F74/><W22/><G128/><T40/><D123/><U31/><E31/><V38/><F38/><W66/><G121/><T25/><D25/><U9/><E9/><V28/><F100/><W115/><G115/><T14/><D14/><U120/><E120/><V109/><F107/><W126/><G36/><T122/><D78/><U26/><E26/><V76/><F76/><W119/><G119/><T87/><D40/><U86/><E53/><V3/><F109/><W131/><G131/><T133/><D133/><U68/><E68/><V135/><F135/><W59/><G4/><T54/><D54/><U125/><E125/><N who="2" m="48203" /><F21/><W11/><G22/><T20/><REACH who="0" step="1"/><D122/><REACH who="0" ten="288,234,234,234" step="2"/><U114/><E114/><V71/><F0/><W35/><G126/><T34/><D34/><U96/><E24/><V130/><F130/><W72/><G35/><T39/><AGARI ba="2,1" hai="5,6,15,18,20,39,42,47,79,81,87,99,103,106" machi="39" ten="20,7800,0" yaku="1,1,0,1,7,1,53,1" doraHai="45" doraHaiUra="10" who="0" fromWho="0" sc="288,94,234,-28,234,-28,234,-28" /><INIT seed="0,3,0,1,0,93" ten="382,206,206,206" oya="0" hai0="69,95,125,33,118,3,4,8,78,99,89,82,31" hai1="18,58,130,104,133,43,71,13,20,25,77,126,44" hai2="111,21,124,66,92,98,109,96,65,40,60,114,134" hai3="52,116,100,56,113,120,105,54,103,107,51,7,59"/><T23/><D118/><U80/><E71/><V131/><F114/><W46/><G113/><T28/><D69/><U128/><E126/><V106/><F124/><W72/><G116/><T41/><D33/><U38/><E133/><V47/><F134/><W48/><G72/><T121/><D121/><U97/><E58/><V135/><F135/><W87/><G7/><T68/><D68/><U102/><REACH who="1" step="1"/><E25/><REACH who="1" ten="382,196,206,206" step="2"/><V30/><F131/><W127/><G127/><T101/><D125/><U14/><E14/><V55/><F111/><W6/><G120/><T9/><D9/><U24/><E24/><V86/><F109/><W34/><G46/><T81/><D23/><U74/><AGARI ba="3,1" hai="13,18,20,38,43,44,74,77,80,97,102,104,128,130" machi="74" ten="30,7900,0" yaku="1,1,0,1,52,1,53,1" doraHai="93" doraHaiUra="42" who="1" fromWho="1" sc="382,-42,196,98,206,-23,206,-23" /><INIT seed="1,0,0,1,5,134" ten="340,294,183,183" oya="1" hai0="76,75,6,97,81,43,99,109,13,42,60,14,54" hai1="80,17,96,62,107,128,90,64,66,56,63,57,16" hai2="15,33,2,26,131,87,77,94,32,0,52,133,122" hai3="116,3,123,132,104,23,19,53,135,117,5,84,35"/><U105/><E128/><V108/><F122/><W55/><G104/><T119/><D119/><N who="3" m="45641" /><G84/><T47/><D109/><U95/><REACH who="1" step="1"/><E80/><REACH who="1" ten="340,284,183,183" step="2"/><V40/><F131/><W12/><G123/><T11/><D81/><U118/><E118/><V106/><F133/><N who="3" m="51275" /><G35/><T36/><D75/><U39/><E39/><V7/><F33/><W48/><G48/><T125/><D36/><U20/><E20/><V28/><F32/><W21/><G23/><T124/><D11/><AGARI ba="0,1" hai="3,5,11,12,19,21,53,55" m="51275,45641" machi="11" ten="30,2000,0" yaku="12,1,20,1" doraHai="134" who="3" fromWho="0" sc="340,-20,284,0,183,0,183,30" /><INIT seed="2,0,0,3,0,65" ten="320,284,183,213" oya="2" hai0="59,129,60,112,108,87,55,41,86,121,104,34,131" hai1="90,23,53,39,85,134,83,75,58,40,18,0,88" hai2="68,64,70,45,20,101,124,102,72,12,93,115,10" hai3="91,107,42,76,122,46,43,95,110,82,24,73,2"/><V119/><F115/><W120/><G110/><T33/><D121/><U48/><E0/><V1/><F119/><W3/><G107/><T135/><D112/><U98/><E134/><V114/><F114/><W14/><G42/><T13/><D104/><U118/><E118/><V5/><F72/><W127/><G127/><T51/><D108/><U7/><E7/><V15/><F124/><W105/><G105/><T96/><D96/><U32/><E32/><N who="0" m="12393" /><D13/><U84/><E75/><V29/><F64/><W31/><G14/><T97/><D97/><U6/><E6/><V132/><F132/><W69/><G69/><T80/><D80/><U56/><E98/><V81/><F81/><W123/><G91/><T62/><D135/><U100/><E40/><V133/><F133/><W77/><G95/><T25/><D25/><U128/><E39/><V27/><F93/><W11/><G11/><T111/><D111/><U66/><E100/><V47/><F12/><W126/><G77/><T26/><D26/><U35/><E35/><V113/><F113/><W71/><G126/><T49/><D49/><U30/><E30/><V79/><F79/><W74/><G74/><T99/><D99/><U92/><E128/><N who="0" m="49225" /><D41/><U94/><E83/><V21/><F101/><W109/><G109/><T78/><D78/><U125/><E125/><V116/><F102/><W9/><G122/><T61/><AGARI ba="0,0" hai="51,55,59,60,61,62,86,87" m="49225,12393" machi="61" ten="40,1500,0" yaku="19,1" doraHai="65" who="0" fromWho="0" sc="320,15,284,-4,183,-7,213,-4" /><INIT seed="3,0,0,0,0,84" ten="335,280,176,209" oya="3" hai0="63,118,76,70,112,36,103,3,7,53,73,35,89" hai1="54,31,121,61,102,129,111,0,117,42,23,26,91" hai2="93,96,39,33,74,128,13,100,75,113,79,83,38" hai3="120,97,11,12,107,2,16,27,10,131,48,82,124"/><W123/><G131/><T62/><D118/><U88/><E121/><V51/><F113/><W28/><G124/><T58/><D35/><U44/><E0/><V130/><F33/><W9/><G82/><T25/><D36/><U116/><E102/><V94/><F75/><W92/><G107/><T133/><D103/><U59/><E111/><V71/><F71/><W55/><G120/><T56/><D70/><U41/><E129/><V43/><F39/><W69/><G69/><T134/><D25/><U15/><E15/><V77/><F38/><W68/><G68/><T115/><D76/><U95/><E91/><V17/><F77/><W18/><G18/><T60/><D73/><U132/><E132/><N who="0" m="50793" /><D89/><U105/><E105/><V106/><F130/><W101/><G2/><T14/><D3/><U47/><E117/><V104/><F128/><W32/><REACH who="3" step="1"/><G123/><REACH who="3" ten="335,280,176,199" step="2"/><T49/><D115/><U86/><E116/><V46/><REACH who="2" step="1"/><F106/><REACH who="2" ten="335,280,166,199" step="2"/><W127/><G127/><T81/><D112/><U65/><E65/><V80/><F80/><W122/><G122/><T45/><D81/><U5/><E5/><V126/><F126/><W8/><G8/><AGARI ba="0,2" hai="7,8,14,45,49,53,56,58,60,62,63" m="50793" machi="8" ten="30,1000,0" yaku="20,1" doraHai="84" who="0" fromWho="3" sc="335,30,280,0,166,0,199,-10" /><AGARI ba="0,0" hai="8,13,17,43,46,51,74,79,83,93,94,96,100,104" machi="8" ten="30,2000,0" yaku="1,1,7,1,53,0" doraHai="84" doraHaiUra="64" who="2" fromWho="3" sc="365,0,280,0,166,20,189,-20" /><INIT seed="4,0,0,1,0,11" ten="365,280,186,169" oya="0" hai0="60,20,44,56,72,59,117,41,80,57,123,28,88" hai1="54,73,102,27,29,135,125,15,7,75,35,31,33" hai2="112,91,132,106,77,129,30,134,55,62,94,42,46" hai3="93,84,65,92,108,16,19,90,12,66,70,133,85"/><T74/><D117/><U98/><E125/><V45/><F106/><W39/><G108/><T89/><D123/><U111/><E111/><V95/><F112/><W26/><G39/><T9/><D60/><U67/><E135/><N who="2" m="51755" /><F77/><W47/><G133/><T124/><D124/><U3/><E3/><V24/><F129/><W96/><G47/><N who="2" m="17929" /><F42/><W8/><G70/><T110/><D110/><U128/><E54/><V131/><F131/><W101/><G85/><T130/><D130/><U81/><E81/><V114/><F114/><W120/><G120/><T14/><D74/><U121/><E121/><V10/><F10/><W118/><G118/><T50/><D80/><U63/><E128/><V79/><F79/><W78/><G78/><T100/><D72/><U107/><E7/><V53/><F62/><W13/><G26/><N who="0" m="16455" /><D100/><U86/><E86/><N who="2" m="52599" /><F95/><W22/><AGARI ba="0,0" hai="8,12,13,16,19,22,65,66,84,90,92,93,96,101" machi="22" ten="20,12000,2" yaku="0,1,7,1,8,1,52,2,54,1" doraHai="11" who="3" fromWho="3" sc="365,-60,280,-30,186,-30,169,120" /><INIT seed="5,0,0,1,5,132" ten="305,250,156,289" oya="1" hai0="104,81,41,54,67,100,31,15,42,71,52,4,75" hai1="77,5,39,59,116,13,20,44,2,61,98,125,23" hai2="92,78,19,111,28,60,79,73,123,108,14,95,107" hai3="114,109,58,32,87,53,63,11,66,112,45,21,18"/><U51/><E116/><V7/><F107/><W64/><G32/><T69/><D31/><U48/><E2/><V115/><F123/><W96/><G109/><T25/><D25/><U118/><E118/><V121/><F121/><W86/><G11/><T120/><D120/><U1/><E1/><V110/><F7/><W27/><G96/><T83/><D100/><U62/><E39/><V128/><F128/><W34/><G34/><T82/><D75/><U50/><E62/><V65/><F28/><W56/><G45/><T33/><D104/><U8/><E44/><V10/><F115/><N who="3" m="44075" /><G64/><T12/><D33/><U102/><E77/><V124/><F124/><W47/><G47/><T9/><D67/><U38/><E38/><V70/><REACH who="2" step="1"/><F79/><REACH who="2" ten="305,250,146,289" step="2"/><W129/><G129/><T127/><D127/><U84/><E125/><V117/><F117/><W94/><G94/><T26/><D83/><AGARI ba="0,1" hai="10,14,19,60,65,70,73,78,83,92,95,108,110,111" machi="83" ten="40,1300,0" yaku="1,1,53,0" doraHai="132" doraHaiUra="130" who="2" fromWho="0" sc="305,-13,250,0,146,23,289,0" /><INIT seed="6,0,0,1,2,28" ten="292,250,169,289" oya="2" hai0="43,2,116,47,56,75,63,112,3,115,52,90,124" hai1="76,101,103,106,22,102,48,87,98,32,135,119,126" hai2="123,100,72,93,6,7,70,130,36,49,33,15,107" hai3="95,71,54,89,51,104,41,27,53,38,111,99,133"/><V20/><F123/><W5/><G111/><T127/><D75/><U25/><E119/><V44/><F36/><W4/><G71/><T35/><D35/><U8/><E32/><V29/><F107/><W122/><G122/><T14/><D14/><U13/><E126/><N who="0" m="48169" /><D90/><U55/><E135/><V118/><F118/><W10/><G54/><T40/><D116/><U121/><E121/><V74/><F70/><W78/><G51/><N who="0" m="27135" /><D40/><U91/><E76/><V120/><F120/><W45/><G95/><T94/><D94/><U73/><E73/><V131/><F74/><W69/><G69/><T59/><D59/><U37/><E37/><V12/><F72/><W129/><G129/><N who="2" m="49161" /><F100/><W34/><G104/><T50/><D50/><U60/><E60/><V80/><F93/><W39/><G39/><T83/><D83/><N who="1" m="49663" /><E106/><V128/><N who="2" m="49169" /><V66/><DORA hai="58" /><F80/><W30/><G38/><T125/><D125/><U132/><E132/><V26/><F66/><W67/><G67/><T24/><D24/><U61/><E61/><V19/><F15/><W134/><G134/><T114/><AGARI ba="0,0" hai="2,3,52,56,63,112,114,115" m="27135,48169" machi="114" ten="40,8000,1" yaku="15,1,18,1,52,1,54,1" doraHai="28,58" who="0" fromWho="0" sc="292,80,250,-20,169,-40,289,-20" /><INIT seed="7,0,0,5,0,44" ten="372,230,129,269" oya="3" hai0="8,56,84,120,37,74,45,68,60,73,6,135,107" hai1="61,7,3,85,14,39,75,11,30,104,46,17,58" hai2="59,4,78,70,12,55,50,9,42,29,69,66,0" hai3="100,110,23,123,101,116,95,96,47,49,43,62,71"/><W105/><G116/><T122/><D107/><U124/><E104/><V25/><F0/><W18/><G110/><T79/><D84/><U40/><E124/><V130/><F130/><W67/><G123/><T127/><D135/><U64/><E30/><V2/><F2/><W93/><REACH who="3" step="1"/><G100/><REACH who="3" ten="372,230,129,259" step="2"/><T134/><D122/><U131/><E131/><V16/><F4/><W97/><G97/><T20/><D6/><U92/><E75/><V81/><F66/><W53/><G53/><T109/><D74/><U108/><E108/><V87/><REACH who="2" step="1"/><F42/><REACH who="2" ten="372,230,119,259" step="2"/><W28/><G28/><T35/><D120/><U32/><E7/><V102/><F102/><W24/><AGARI ba="0,2" hai="18,23,24,43,47,49,62,67,71,93,95,96,101,105" machi="24" ten="20,7800,0" yaku="1,1,0,1,7,1,52,1,53,0" doraHai="44" doraHaiUra="31" who="3" fromWho="3" sc="372,-26,230,-26,119,-26,259,98" owari="346,14.6,204,-19.6,93,-40.7,357,45.7" /></mjloggm>