<mjloggm ver="2.3"><GO type="225" lobby="0"/><UN n0="%E3%81%8B%E3%82%8F%E3%81%A1%E3%82%83%E3%82%93%35%38" n1="%E6%98%93%E5%88%A9%E8%96%A9%E4%BC%AF" n2="%E3%81%BD%E3%81%A1%E3%81%9F%E3%81%93%E3%82%84" n3="%E3%81%BF%E3%81%BF%E3%81%9A" dan="16,17,16,17" rate="2158.44,2227.88,2114.18,2249.02" sx="M,F,M,M"/><TAIKYOKU oya="0"/><INIT seed="0,0,0,0,3,25" ten="250,250,250,250" oya="0" hai0="69,36,80,51,53,28,78,64,33,59,89,130,84" hai1="27,85,70,101,38,119,52,66,63,79,43,58,125" hai2="44,129,68,30,39,49,48,111,17,11,87,118,106" hai3="102,31,37,126,1,123,77,110,24,76,105,8,96"/><T40/><D130/><U109/><E119/><V92/><F106/><W103/><G110/><T50/><D36/><U95/><E109/><V90/><F68/><W120/><G126/><T86/><D69/><U100/><E125/><V60/><F111/><W113/><G113/><T72/><D64/><U45/><E27/><V104/><F104/><W83/><G103/><T16/><D33/><U131/><E131/><V122/><F122/><N who="3" m="46635" /><G37/><T71/><D71/><U42/><E42/><V107/><F107/><W29/><G24/><T41/><D72/><U91/><REACH who="1" step="1"/><E79/><REACH who="1" ten="250,240,250,250" step="2"/><N who="3" m="30282" /><G83/><T3/><D80/><U93/><E93/><V18/><F92/><W35/><G35/><T54/><D78/><U75/><E75/><V88/><F118/><W124/><G124/><T19/><D41/><U114/><E114/><V98/><F129/><W4/><AGARI ba="0,1" hai="1,4,8,29,31,96,102,105" m="30282,46635" machi="4" ten="30,4000,0" yaku="13,1,52,2" doraHai="25" who="3" fromWho="3" sc="250,-20,240,-10,250,-10,250,50" /><INIT seed="1,0,0,3,1,68" ten="230,230,240,300" oya="1" hai0="65,64,123,49,97,56,43,128,29,54,78,87,42" hai1="92,124,21,28,130,81,38,90,15,10,94,76,110" hai2="8,125,2,45,12,48,109,75,84,9,111,77,108" hai3="63,121,98,82,113,79,116,112,67,18,100,114,39"/><U31/><E130/><V4/><F75/><N who="3" m="43391" /><G18/><T129/><D29/><U20/><E124/><V35/><F35/><W126/><G121/><T89/><D97/><U22/><E38/><V120/><F120/><W44/><G126/><T132/><D78/><U62/><E62/><V34/><F34/><W86/><G86/><T88/><D123/><U46/><E46/><V103/><F103/><W95/><G95/><N who="0" m="54687" /><D89/><U96/><E94/><V26/><F125/><W40/><G98/><T19/><D132/><U80/><E110/><V52/><F26/><W115/><G100/><T32/><D32/><U134/><E134/><V69/><F69/><N who="3" m="42239" /><G114/><T58/><D58/><U14/><E14/><V131/><F131/><N who="0" m="50250" /><D19/><U91/><E91/><V133/><F133/><W106/><G106/><T104/><D104/><U119/><E119/><AGARI ba="0,0" hai="39,40,44,112,113,115,116,119" m="42239,43391" machi="119" ten="40,2600,0" yaku="23,1,52,1" doraHai="68" who="3" fromWho="1" sc="230,0,230,-26,240,0,300,26" /><INIT seed="2,0,0,5,0,109" ten="230,204,240,326" oya="2" hai0="8,2,116,59,17,25,105,111,94,13,72,50,75" hai1="11,128,18,29,6,5,64,102,121,129,24,124,114" hai2="31,66,88,125,4,71,76,38,78,91,56,12,69" hai3="115,107,10,97,79,122,104,32,36,68,70,61,132"/><V99/><F38/><W90/><G90/><T53/><D105/><U9/><E64/><V48/><F125/><W85/><G85/><T40/><D111/><U113/><E102/><V27/><F71/><W0/><G79/><T82/><D116/><U65/><E65/><V63/><F69/><W33/><G122/><T20/><D2/><N who="1" m="183" /><E121/><V19/><F4/><N who="3" m="1287" /><G132/><T93/><D40/><U49/><E49/><V133/><F133/><W131/><G131/><N who="1" m="50250" /><E124/><V67/><F67/><N who="3" m="41071" /><G70/><T89/><D82/><U39/><E39/><V43/><F91/><W46/><G115/><N who="1" m="44042" /><E18/><V80/><F48/><W23/><G97/><T120/><D120/><U83/><E83/><V3/><F80/><W60/><G60/><T52/><D53/><U127/><E127/><V7/><F99/><W118/><G107/><T51/><D51/><U100/><E100/><V41/><F66/><W130/><G104/><T42/><D42/><U28/><E24/><V35/><F63/><W135/><G135/><T62/><D50/><U87/><E87/><V134/><F134/><W126/><G130/><T47/><D47/><U34/><E34/><V22/><F56/><W14/><G126/><T1/><D1/><AGARI ba="0,0" hai="1,6,11,28,29" m="44042,50250,183" machi="1" ten="30,12000,2" yaku="19,1,34,2,52,3" doraHai="109" who="1" fromWho="0" sc="230,-120,204,120,240,0,326,0" /><INIT seed="3,0,0,2,3,37" ten="110,324,240,326" oya="3" hai0="53,44,15,12,39,114,38,117,29,109,110,46,1" hai1="69,111,72,91,43,58,19,105,115,79,50,35,104" hai2="88,55,13,49,98,135,25,99,28,77,66,73,107" hai3="61,6,94,106,64,103,130,8,113,102,32,131,33"/><W83/><G113/><T129/><D114/><U24/><E69/><V5/><F135/><W23/><G23/><T21/><D21/><U34/><E111/><V42/><F66/><W97/><G83/><T60/><D29/><U14/><E35/><V81/><F107/><W100/><G33/><T30/><D30/><U86/><E79/><V47/><F55/><W40/><G40/><T123/><D60/><U126/><E72/><V68/><F68/><N who="3" m="41999" /><G32/><T134/><D1/><U96/><E96/><V82/><F13/><N who="3" m="5271" /><G94/><T125/><D53/><N who="1" m="32055" /><E43/><V119/><F5/><W101/><G101/><T26/><D26/><U87/><E87/><V74/><F119/><W36/><G36/><T116/><D134/><U132/><E132/><V7/><F7/><W122/><G122/><T127/><REACH who="0" step="1"/><D123/><REACH who="0" ten="100,324,240,326" step="2"/><U118/><E24/><V51/><F25/><W22/><G22/><T10/><D10/><U108/><E34/><V45/><F28/><W2/><G2/><T84/><D84/><U89/><E86/><V41/><F77/><W85/><G85/><T133/><D133/><U52/><E115/><V90/><AGARI ba="0,1" hai="41,42,45,47,49,51,73,74,81,82,88,90,98,99" machi="90" ten="25,12000,2" yaku="0,1,22,2,52,2,54,1" doraHai="37" who="2" fromWho="2" sc="100,-30,324,-30,240,130,326,-60" owari="70,-43.0,294,9.4,370,47.0,266,-13.4" /></mjloggm>