<mjloggm ver="2.3"><GO type="169" lobby="0"/><UN n0="%E9%A6%99%E6%A4%8E%E4%BE%91%E5%BF%97" n1="%73%61%69%63%68%61%6E%7A" n2="%E3%81%A1%E3%82%83%E3%82%8B%E3%82%81%E3%82%89" n3="%56%45%54%54%45%4C" dan="16,16,17,16" rate="2106.52,2153.89,2194.58,2132.96" sx="M,M,M,M"/><TAIKYOKU oya="0"/><INIT seed="0,0,0,1,4,114" ten="250,250,250,250" oya="0" hai0="71,69,102,53,103,110,43,132,42,26,99,33,92" hai1="133,49,135,67,109,41,70,88,16,6,91,90,64" hai2="100,44,9,62,87,30,104,129,79,15,54,97,84" hai3="60,85,40,38,121,11,3,5,1,118,12,93,14"/><T48/><D132/><N who="1" m="50763" /><E6/><V37/><F129/><W22/><G121/><T50/><D110/><U77/><E77/><V75/><F30/><W117/><G60/><T27/><D92/><U124/><E109/><V63/><F75/><W96/><G85/><T57/><D99/><U66/><E124/><V86/><F79/><W8/><G40/><T0/><D57/><U46/><E70/><V51/><REACH who="2" step="1"/><F37/><REACH who="2" ten="250,250,240,250" step="2"/><W120/><G38/><T2/><D33/><U115/><E115/><V58/><F58/><W119/><G120/><T94/><D94/><U35/><E35/><V55/><F55/><AGARI ba="0,1" hai="0,2,26,27,42,43,48,50,53,55,69,71,102,103" machi="55" ten="25,2400,0" yaku="22,2" doraHai="114" who="0" fromWho="2" sc="250,34,250,0,240,-24,250,0" /><INIT seed="0,1,0,2,1,52" ten="284,250,216,250" oya="0" hai0="75,130,25,71,66,20,91,59,135,69,73,104,67" hai1="32,90,93,107,11,132,21,102,101,115,40,55,95" hai2="94,30,57,116,96,119,109,83,65,82,81,37,78" hai3="23,92,112,39,27,125,98,28,128,100,0,4,80"/><T123/><D123/><U85/><E32/><V36/><F30/><W62/><G112/><T111/><D104/><U10/><E115/><V61/><F78/><W51/><G39/><T88/><D130/><U6/><E132/><V13/><F13/><W50/><G128/><T89/><D135/><U43/><E107/><V15/><F15/><W33/><G33/><T103/><D103/><U12/><E11/><V46/><F109/><W47/><G0/><T29/><D111/><U108/><E108/><V113/><F113/><W127/><G4/><T35/><D35/><U72/><E72/><V18/><F18/><W16/><G28/><T53/><D67/><U38/><E38/><V19/><F19/><W87/><G62/><T24/><D24/><U17/><E55/><V49/><F49/><W7/><G7/><T48/><REACH who="0" step="1"/><D66/><REACH who="0" ten="274,250,216,250" step="2"/><U26/><E101/><N who="2" m="60567" /><F46/><W126/><REACH who="3" step="1"/><G47/><REACH who="3" ten="274,250,216,240" step="2"/><T42/><D42/><U122/><E122/><V74/><F74/><AGARI ba="1,2" hai="20,25,29,48,53,59,69,71,73,74,75,88,89,91" machi="74" ten="40,7700,0" yaku="1,1,52,1,54,1,53,0" doraHai="52" doraHaiUra="1" who="0" fromWho="2" sc="274,100,250,0,216,-80,240,0" /><INIT seed="0,2,0,4,5,81" ten="374,250,136,240" oya="0" hai0="49,76,96,106,22,16,29,97,114,123,30,14,121" hai1="20,17,74,134,63,83,6,21,93,122,118,36,130" hai2="26,101,1,107,51,32,99,10,67,108,28,92,7" hai3="18,48,45,27,72,135,2,60,115,131,43,13,59"/><T113/><D76/><U46/><E122/><V125/><F108/><W39/><G115/><T31/><D96/><U47/><E118/><V68/><F51/><W69/><G2/><T116/><D116/><U34/><E34/><V105/><F105/><W88/><G72/><T65/><D65/><U12/><E130/><V126/><REACH who="2" step="1"/><F92/><REACH who="2" ten="374,250,126,240" step="2"/><W124/><G131/><T62/><D49/><U37/><E93/><V87/><F87/><W120/><G120/><T103/><D121/><U127/><E36/><V35/><F35/><W84/><G135/><T109/><D123/><U73/><E134/><V9/><F9/><W132/><G132/><T0/><D109/><U40/><E74/><V44/><F44/><W64/><G124/><T112/><D112/><U50/><E127/><V66/><F66/><W119/><G119/><T91/><D113/><U57/><E47/><V85/><F85/><W8/><G39/><T3/><D114/><U94/><E94/><V77/><F77/><W23/><G69/><T95/><D106/><U90/><E73/><V75/><F75/><W52/><G64/><T41/><D95/><U25/><E37/><V82/><F82/><N who="3" m="49175" /><G8/><T86/><D86/><N who="1" m="50527" /><E21/><V128/><F128/><W133/><G133/><T102/><D22/><U5/><E57/><V79/><F79/><W53/><G43/><T24/><D41/><U38/><E38/><V110/><F110/><W33/><G33/><T42/><D42/><U56/><E56/><V15/><F15/><AGARI ba="2,1" hai="13,15,18,23,27,45,48,52,53,59,60" m="49175" machi="15" ten="30,7700,0" yaku="8,1,52,1,54,2" doraHai="81" who="3" fromWho="2" sc="374,0,250,0,126,-83,240,93" /><INIT seed="1,0,0,3,2,111" ten="374,250,43,333" oya="1" hai0="14,55,41,81,125,73,12,53,21,92,7,113,97" hai1="19,11,40,95,130,61,69,123,131,15,87,79,54" hai2="56,126,63,34,45,64,124,32,1,80,57,121,93" hai3="117,120,25,133,60,68,50,37,109,6,134,36,71"/><U74/><E123/><V66/><F1/><W18/><G120/><T59/><D113/><U78/><E74/><V100/><F121/><W122/><G122/><T127/><D41/><U65/><E40/><V58/><F80/><W91/><G109/><T114/><D114/><U88/><REACH who="1" step="1"/><E54/><REACH who="1" ten="374,240,43,333" step="2"/><V48/><F126/><W27/><G133/><T86/><D53/><U0/><E0/><V49/><F124/><W98/><G134/><T62/><D73/><U16/><E16/><V82/><F66/><W13/><G18/><T99/><D125/><U129/><AGARI ba="0,1" hai="11,15,19,61,65,69,78,79,87,88,95,129,130,131" machi="129" ten="30,12000,1" yaku="1,1,0,1,19,1,54,1,53,1" doraHai="111" doraHaiUra="9" who="1" fromWho="1" sc="374,-40,240,130,43,-40,333,-40" /><INIT seed="1,1,0,4,3,69" ten="334,370,3,293" oya="1" hai0="113,58,108,48,49,133,13,130,91,82,134,96,57" hai1="126,121,23,10,80,4,120,47,123,54,24,129,71" hai2="76,37,38,100,102,8,112,17,114,52,117,97,1" hai3="65,35,75,30,60,62,135,21,81,94,40,34,93"/><U2/><E71/><V119/><F76/><W5/><G135/><N who="0" m="51723" /><D13/><U44/><E126/><V39/><F52/><W45/><G5/><T99/><D82/><U25/><E129/><V103/><F97/><N who="0" m="37450" /><D130/><U87/><E54/><V105/><F105/><W50/><G62/><T59/><D91/><U16/><REACH who="1" step="1"/><E25/><REACH who="1" ten="334,360,3,293" step="2"/><V14/><F1/><W7/><G65/><T131/><D131/><U73/><E73/><V36/><N who="2" m="9216" /><DORA hai="32" /><V20/><F8/><W12/><G75/><T116/><D113/><AGARI ba="1,1" hai="14,17,20,100,102,103,112,113,114,117,119" m="9216" machi="113" ten="70,8000,1" yaku="11,1,52,4" doraHai="69,32" who="2" fromWho="0" sc="334,-83,360,0,3,93,293,0" /><INIT seed="2,0,0,5,2,133" ten="251,360,96,293" oya="2" hai0="125,31,33,124,88,65,25,1,51,34,58,89,37" hai1="45,91,82,92,134,118,84,50,5,95,35,17,53" hai2="98,48,7,116,24,0,42,94,27,66,120,73,30" hai3="127,8,52,19,121,75,131,81,54,6,32,56,109"/><V55/><F73/><W67/><G121/><T26/><D37/><U69/><E118/><V57/><F120/><W74/><G109/><T96/><D1/><U16/><E134/><V68/><F116/><W22/><G32/><T4/><D4/><U41/><E69/><V101/><F42/><W49/><G131/><T13/><D13/><U29/><E5/><V40/><F40/><W99/><G67/><T108/><D108/><U107/><E107/><V104/><F27/><W111/><G111/><T72/><D72/><U36/><E29/><V106/><F7/><W135/><G135/><T43/><D96/><U83/><E35/><V129/><F0/><W102/><G81/><T10/><D10/><U119/><E83/><V18/><F18/><W105/><G54/><N who="0" m="32095" /><D65/><U117/><E119/><V11/><F11/><W15/><REACH who="3" step="1"/><G127/><REACH who="3" ten="251,360,96,283" step="2"/><N who="0" m="48715" /><D43/><U76/><E117/><V20/><F129/><W93/><G93/><T128/><D128/><U123/><E95/><V3/><F3/><AGARI ba="0,1" hai="3,6,8,15,19,22,49,52,56,74,75,99,102,105" machi="3" ten="30,3900,0" yaku="1,1,7,1,54,1,53,0" doraHai="133" doraHaiUra="64" who="3" fromWho="2" sc="251,0,360,0,96,-39,283,49" /><INIT seed="3,0,0,3,3,84" ten="251,360,57,332" oya="3" hai0="109,112,121,60,134,91,106,11,13,33,83,24,68" hai1="67,73,124,7,17,107,23,27,47,18,82,81,35" hai2="55,42,41,37,116,43,99,74,39,5,32,132,87" hai3="16,113,30,122,34,26,21,53,75,129,117,61,38"/><W80/><G113/><T50/><D121/><U133/><E124/><V0/><F116/><W131/><G117/><T100/><D109/><U71/><E133/><V94/><F74/><W6/><G38/><T15/><D15/><U8/><E107/><V135/><F32/><W104/><G104/><T110/><D110/><U97/><E97/><V29/><F29/><W108/><G122/><T69/><D134/><N who="2" m="51242" /><F87/><W28/><G108/><T85/><D50/><U2/><E47/><V101/><F55/><W125/><G125/><T36/><D36/><U20/><E35/><V78/><F78/><N who="3" m="44127" /><G6/><T119/><D112/><U102/><E102/><V103/><F101/><W49/><G34/><T86/><D119/><U70/><E73/><V115/><F115/><W90/><G61/><T64/><D86/><U128/><E67/><V45/><F45/><N who="3" m="27823" /><G90/><T89/><D106/><U126/><E126/><V46/><F46/><W120/><G120/><T44/><D44/><U57/><E7/><V65/><F65/><W92/><G92/><T114/><D114/><U54/><E81/><V9/><AGARI ba="0,0" hai="0,5,9,37,39,41,42,43,94,99,103" m="51242" machi="9" ten="40,1500,0" yaku="20,1" doraHai="84" who="2" fromWho="2" sc="251,-4,360,-4,57,15,332,-7" /><INIT seed="4,0,0,4,0,72" ten="247,356,72,325" oya="0" hai0="42,8,111,103,12,115,107,57,118,81,75,129,63" hai1="59,46,1,16,39,34,123,52,93,17,87,105,90" hai2="110,41,4,11,35,98,69,9,19,94,45,53,122" hai3="133,3,26,101,80,106,40,31,112,50,104,82,15"/><T117/><D115/><U10/><E123/><V58/><F110/><W24/><G3/><T86/><D75/><U62/><E34/><V131/><F35/><W79/><G112/><T71/><D71/><U54/><E105/><V119/><F69/><W130/><G130/><T125/><D129/><U44/><E1/><V135/><F131/><W99/><G133/><T28/><D125/><U27/><E39/><V70/><F70/><W66/><G66/><T124/><D28/><U65/><E10/><V67/><F67/><W6/><G106/><T74/><D74/><U2/><E2/><V22/><F135/><W47/><G31/><T7/><D42/><U37/><E37/><V120/><F119/><W25/><G82/><T100/><D124/><U126/><E126/><V132/><F132/><W89/><G89/><T127/><D111/><U29/><E29/><V5/><F45/><N who="1" m="17513" /><E17/><V18/><F18/><W128/><G128/><T108/><D108/><U97/><E87/><V95/><F41/><W30/><G30/><T91/><D127/><U84/><E84/><V55/><F19/><W73/><G6/><T60/><D107/><U51/><E51/><V14/><F22/><AGARI ba="0,0" hai="16,22,27,52,54,59,62,65,90,93,97" m="17513" machi="22" ten="30,3900,0" yaku="8,1,54,2" doraHai="72" who="1" fromWho="2" sc="247,0,356,39,72,-39,325,0" /><INIT seed="5,0,0,4,2,39" ten="247,395,33,325" oya="1" hai0="53,35,131,10,11,107,88,69,62,3,16,80,118" hai1="21,47,134,41,133,122,24,74,51,34,63,46,99" hai2="109,44,76,126,32,103,113,119,93,84,100,101,117" hai3="36,111,124,50,67,22,102,40,120,128,38,45,98"/><U8/><E122/><V14/><F32/><W29/><G120/><T114/><D107/><U85/><E74/><V105/><F109/><W59/><G111/><T23/><D35/><U19/><E34/><V132/><F14/><W2/><G2/><T89/><D118/><U54/><E85/><V73/><F44/><W87/><G128/><T116/><D116/><U68/><E8/><V17/><F17/><W130/><G130/><T27/><D114/><U20/><E99/><V83/><F113/><W43/><G124/><T0/><D131/><U112/><E112/><V71/><F71/><W25/><G87/><N who="0" m="50279" /><D69/><U70/><E21/><V129/><F129/><W42/><G36/><T95/><D3/><U58/><REACH who="1" step="1"/><E46/><REACH who="1" ten="247,385,33,325" step="2"/><V79/><F126/><W26/><G38/><T94/><D0/><U121/><E121/><V72/><F132/><AGARI ba="0,1" hai="19,20,24,41,47,51,54,58,63,68,70,132,133,134" machi="132" ten="40,12000,1" yaku="1,1,20,1,52,1,53,1" doraHai="39" doraHaiUra="12" who="1" fromWho="2" sc="247,0,385,130,33,-120,325,0" owari="247,-15.3,515,61.5,-87,-58.7,325,12.5" /></mjloggm>