<mjloggm ver="2.3"><GO type="169" lobby="0"/><UN n0="%58%E7%8C%AB" n1="%E8%B5%A4%E6%AF%9B%E3%81%AE%E3%82%AD%E3%83%A7%E3%83%B3" n2="%E7%8A%B6%E6%85%8B%E9%BA%BB%E9%9B%80" n3="%E3%81%8D%E3%82%83%E3%82%82%E3%82%93%E3%81%AC" dan="16,18,18,16" rate="2037.68,2305.15,2251.23,2125.00" sx="M,M,M,M"/><TAIKYOKU oya="0"/><INIT seed="0,0,0,3,4,106" ten="250,250,250,250" oya="0" hai0="50,56,90,38,59,84,103,98,57,54,93,61,40" hai1="34,77,2,42,52,74,104,10,18,62,36,116,100" hai2="46,121,133,41,129,114,13,33,113,128,118,26,123" hai3="126,58,19,37,71,15,81,132,96,111,44,125,47"/><T72/><D38/><U3/><E116/><V55/><F33/><W88/><G71/><T39/><D39/><U73/><E34/><V5/><F26/><W11/><G111/><T76/><D40/><U1/><E77/><V134/><F5/><W12/><G132/><N who="2" m="50793" /><F13/><W53/><G37/><T60/><D72/><U87/><E87/><V68/><F68/><W32/><G32/><T110/><D110/><U92/><E92/><V97/><F55/><W35/><G35/><T48/><D76/><U45/><E18/><V21/><F21/><W102/><G12/><T20/><D20/><U22/><E22/><V130/><F97/><W75/><G126/><T119/><D119/><U63/><E10/><V127/><F118/><W7/><G125/><T109/><D109/><U105/><E105/><V94/><F94/><W23/><G7/><T25/><D25/><U86/><E86/><V135/><F127/><W85/><G75/><T99/><D99/><U80/><E80/><V95/><F95/><N who="3" m="58655" /><G11/><T51/><REACH who="0" step="1"/><D54/><REACH who="0" ten="240,250,250,250" step="2"/><U29/><E52/><V43/><F135/><W64/><G64/><T4/><D4/><U82/><E74/><V107/><F43/><W17/><G17/><T79/><D79/><N who="1" m="44399" /><E29/><V131/><F131/><W66/><G66/><T89/><D89/><U0/><N who="1" m="0" /><DORA hai="70" /><U16/><E16/><V83/><F130/><W91/><G91/><T112/><D112/><U69/><E42/><V120/><F129/><W14/><G53/><T28/><D28/><U101/><E36/><N who="2" m="21799" /><F128/><W30/><G30/><T124/><D124/><U24/><E24/><V49/><F114/><RYUUKYOKU ba="0,1" sc="240,30,250,-10,250,-10,250,-10" hai0="48,50,51,56,57,59,60,61,84,90,93,98,103" /><INIT seed="0,1,1,0,5,97" ten="270,240,240,240" oya="0" hai0="53,115,123,62,87,93,132,45,64,11,74,107,118" hai1="60,54,33,59,105,65,122,44,103,98,99,5,9" hai2="16,112,69,109,101,88,124,4,22,38,40,50,41" hai3="57,100,110,133,51,106,129,14,48,120,134,91,0"/><T19/><D123/><U37/><E122/><V24/><F112/><W81/><G120/><T102/><D118/><U1/><E33/><V13/><F109/><W89/><G110/><T32/><D115/><U121/><E121/><V43/><F124/><W119/><G119/><T111/><D32/><U35/><E35/><V12/><F38/><W27/><G0/><T30/><D111/><U3/><E99/><V95/><F69/><W17/><G129/><T29/><D74/><U8/><E37/><V125/><F125/><W31/><G106/><T46/><D132/><N who="3" m="50793" /><G100/><T92/><D107/><U78/><E78/><V55/><F4/><W49/><G57/><T117/><D117/><U66/><REACH who="1" step="1"/><E44/><REACH who="1" ten="270,230,240,240" step="2"/><N who="2" m="28103" /><F101/><W42/><G91/><T18/><D102/><U23/><E23/><V28/><F28/><W47/><G89/><T67/><D11/><U26/><E26/><V116/><F116/><W76/><G27/><T128/><D128/><U39/><E39/><V82/><F82/><W63/><G31/><T6/><D30/><U94/><E94/><V36/><F36/><W80/><G80/><T131/><D29/><U83/><E83/><V58/><F58/><W70/><G81/><T86/><D131/><U20/><E20/><V21/><F21/><N who="3" m="11447" /><G76/><T96/><D93/><U56/><E56/><V79/><F79/><W75/><G75/><T108/><D92/><U34/><E34/><V73/><F73/><W130/><G130/><T2/><D108/><U7/><AGARI ba="1,2" hai="1,3,5,7,8,9,54,59,60,65,66,98,103,105" machi="7" ten="30,7900,0" yaku="1,1,0,1,9,1,52,1,53,0" doraHai="97" doraHaiUra="135" who="1" fromWho="1" sc="270,-40,230,102,240,-21,240,-21" /><INIT seed="1,0,0,4,4,58" ten="230,332,219,219" oya="1" hai0="13,84,108,20,120,111,71,34,109,88,54,101,6" hai1="9,72,117,114,21,118,55,133,123,80,56,131,89" hai2="134,39,119,99,65,104,81,75,68,28,12,61,132" hai3="85,87,102,62,33,23,57,135,122,0,38,16,49"/><U74/><E114/><V77/><F119/><W43/><G122/><T17/><D34/><U26/><E123/><V116/><F116/><W79/><G135/><N who="2" m="51753" /><F28/><W105/><G33/><T128/><D120/><U35/><E133/><V11/><F39/><W91/><G0/><T95/><D128/><U96/><E35/><V83/><F83/><N who="3" m="47359" /><G38/><T51/><D71/><U7/><E131/><V44/><F44/><N who="3" m="25759" /><G105/><T94/><D6/><U2/><E74/><V60/><F65/><N who="3" m="39119" /><G102/><T53/><REACH who="0" step="1"/><D51/><REACH who="0" ten="220,332,219,219" step="2"/><U50/><E117/><V15/><F68/><W86/><G91/><T25/><D25/><AGARI ba="0,1" hai="16,23,25,86,87" m="39119,25759,47359" machi="25" ten="30,3900,0" yaku="8,1,52,1,54,1" doraHai="58" who="3" fromWho="0" sc="220,-39,332,0,219,0,219,49" /><INIT seed="2,0,0,3,2,52" ten="181,332,219,268" oya="2" hai0="106,12,89,107,1,19,88,48,9,24,99,119,112" hai1="121,131,113,101,32,67,83,85,105,27,30,80,94" hai2="126,50,42,11,23,46,64,29,79,110,3,10,5" hai3="58,123,98,47,54,49,95,78,8,120,86,41,45"/><V122/><F122/><W40/><G47/><T18/><D112/><U92/><E113/><V84/><F126/><W116/><G116/><T73/><D73/><U124/><E124/><V63/><F110/><W36/><G41/><T132/><D1/><U108/><E108/><V69/><F11/><W62/><G36/><T37/><D37/><U7/><E131/><V129/><F129/><W68/><G68/><T128/><D128/><U118/><E118/><V17/><F29/><W60/><G60/><T65/><D132/><U56/><E7/><V90/><F79/><W115/><G115/><T31/><D119/><U59/><E121/><V2/><F2/><W127/><G127/><T66/><D19/><U93/><E67/><V133/><F133/><W109/><G109/><T81/><D48/><U77/><REACH who="1" step="1"/><E80/><REACH who="1" ten="181,322,219,268" step="2"/><V134/><F134/><W87/><G123/><T26/><D65/><U4/><E4/><V16/><REACH who="2" step="1"/><F23/><REACH who="2" ten="181,322,209,268" step="2"/><W33/><G120/><T71/><D9/><U21/><E21/><V96/><F96/><AGARI ba="0,2" hai="27,30,32,56,59,77,83,85,92,93,94,96,101,105" machi="96" ten="40,5200,0" yaku="1,1,52,2,53,0" doraHai="52" doraHaiUra="57" who="1" fromWho="2" sc="181,0,322,72,209,-52,268,0" /><INIT seed="3,0,0,5,3,134" ten="181,394,157,268" oya="3" hai0="130,123,97,16,73,17,39,83,50,56,8,110,44" hai1="31,46,64,77,106,115,30,32,1,36,27,133,15" hai2="78,63,28,72,24,45,26,104,37,76,0,55,109" hai3="53,58,107,29,33,80,34,6,86,48,23,61,19"/><W22/><G107/><T81/><D123/><U67/><E115/><V103/><F0/><W124/><G6/><T69/><D69/><U126/><E1/><V117/><F117/><W47/><G124/><T18/><D110/><U38/><E106/><V82/><F109/><W99/><G99/><T14/><D130/><U102/><E102/><V5/><F5/><W96/><G96/><T2/><D2/><U113/><E77/><V128/><F128/><W49/><G49/><T89/><D39/><U120/><E133/><V20/><F78/><W3/><G3/><T65/><D73/><U121/><E15/><V57/><F103/><W43/><G23/><T51/><D51/><U92/><E92/><V105/><REACH who="2" step="1"/><F26/><REACH who="2" ten="181,394,147,268" step="2"/><W74/><G74/><T62/><D97/><U135/><E27/><V118/><F118/><W88/><G29/><T116/><D116/><U95/><E30/><V125/><F125/><W85/><G86/><N who="0" m="50383" /><D83/><U101/><E126/><V114/><F114/><W90/><G90/><T122/><D122/><U84/><E113/><V112/><F112/><W54/><G43/><AGARI ba="0,1" hai="8,14,16,17,18,43,44,50,56,62,65" m="50383" machi="43" ten="30,2000,0" yaku="8,1,54,1" doraHai="134" who="0" fromWho="3" sc="181,30,394,0,147,0,268,-20" /><AGARI ba="0,0" hai="20,24,28,37,43,45,55,57,63,72,76,82,104,105" machi="43" ten="40,2600,0" yaku="1,1,53,1" doraHai="134" doraHaiUra="25" who="2" fromWho="3" sc="211,0,394,0,147,26,248,-26" /><INIT seed="4,0,0,1,4,70" ten="211,394,173,222" oya="0" hai0="10,79,22,131,64,133,69,126,5,43,115,121,135" hai1="52,62,36,111,116,50,33,53,15,117,73,92,31" hai2="91,83,106,76,113,88,99,80,81,96,23,19,90" hai3="17,130,122,94,48,95,1,54,57,71,118,105,110"/><T127/><D121/><U26/><E111/><V134/><F113/><W59/><G110/><T87/><D115/><U123/><E36/><V63/><F134/><N who="0" m="51210" /><D22/><U119/><E123/><V7/><F7/><W132/><G122/><T66/><D69/><U27/><E73/><V37/><F37/><W125/><G132/><T89/><D79/><U6/><E27/><V35/><F35/><W72/><G118/><T25/><D25/><U13/><E6/><V112/><F112/><W100/><G71/><T67/><D43/><U40/><E40/><V129/><F129/><W97/><G130/><T124/><D131/><U65/><E92/><V128/><F128/><W3/><G72/><T32/><D32/><U120/><E120/><V18/><F106/><W12/><G125/><T2/><D67/><U47/><REACH who="1" step="1"/><E53/><REACH who="1" ten="211,384,173,222" step="2"/><V102/><F76/><W38/><G38/><T4/><D5/><U8/><E8/><V56/><F102/><W75/><G75/><T0/><D0/><U93/><E93/><AGARI ba="0,1" hai="2,4,10,64,66,87,89,93,124,126,127" m="51210" machi="93" ten="40,3900,0" yaku="18,1,20,1" doraHai="70" who="0" fromWho="1" sc="211,49,384,-39,173,0,222,0" /><INIT seed="4,1,0,3,5,104" ten="260,345,173,222" oya="0" hai0="51,37,3,102,73,31,113,9,11,6,58,42,45" hai1="48,85,127,19,109,84,89,10,55,70,108,64,17" hai2="65,35,125,21,121,46,74,68,26,71,91,82,133" hai3="118,14,116,15,52,30,76,40,43,101,2,103,8"/><T117/><D117/><U132/><E132/><V105/><F121/><W38/><G2/><T119/><D119/><U107/><E107/><V130/><F105/><W99/><G118/><T83/><D113/><U20/><E127/><V59/><F35/><W50/><G38/><T112/><D112/><U111/><E70/><V90/><F125/><W97/><G30/><T56/><D31/><U123/><E64/><V0/><F0/><W120/><G120/><T18/><D102/><N who="3" m="38921" /><G76/><T86/><D51/><U124/><E123/><V25/><F133/><W4/><G15/><N who="0" m="7535" /><D86/><U27/><E124/><V131/><F46/><N who="3" m="27735" /><G116/><T128/><D128/><N who="2" m="49194" /><F59/><W12/><G12/><T49/><D49/><U63/><E48/><V129/><N who="2" m="49202" /><V60/><DORA hai="16" /><F71/><W32/><G32/><T110/><D110/><U134/><E134/><V79/><F26/><W41/><AGARI ba="1,0" hai="4,8,14,40,41,43,97,99" m="27735,38921" machi="41" ten="30,2000,0" yaku="8,1,54,1" doraHai="104,16" who="3" fromWho="3" sc="260,-11,345,-6,173,-6,222,23" /><INIT seed="5,0,0,1,4,96" ten="249,339,167,245" oya="1" hai0="129,135,34,6,2,31,100,39,115,10,68,121,101" hai1="89,18,113,45,85,104,1,16,86,64,46,63,65" hai2="106,98,8,118,55,80,42,0,27,3,114,62,49" hai3="103,44,38,120,88,33,82,54,59,110,92,11,102"/><U29/><E1/><V32/><F118/><W90/><G110/><T111/><D39/><U14/><E113/><V12/><F114/><W61/><G33/><T99/><D115/><U123/><E123/><V87/><F62/><W78/><G120/><T105/><D111/><U66/><E104/><V126/><F126/><W122/><G122/><T79/><D121/><U57/><E29/><V24/><F42/><W36/><G36/><T132/><D79/><U7/><E7/><V25/><F32/><W124/><G124/><T133/><D68/><U131/><E131/><V69/><F69/><W73/><G90/><T4/><D4/><U77/><E77/><V74/><F74/><W71/><G71/><T47/><D47/><U5/><E5/><V134/><F134/><W112/><G11/><T15/><D15/><U116/><E116/><V21/><F21/><W107/><G107/><T9/><D9/><N who="1" m="6223" /><E18/><V128/><F128/><W52/><G112/><T91/><D129/><U23/><E86/><V76/><F12/><W75/><G75/><T81/><D105/><U56/><E23/><V130/><F8/><W72/><G72/><T48/><D31/><U30/><E30/><V109/><F109/><W26/><G26/><T60/><D34/><U22/><E22/><V41/><F130/><W37/><G37/><T67/><D99/><U125/><E125/><V95/><F106/><W108/><G108/><T51/><D135/><U70/><E70/><V127/><F127/><W97/><G38/><T117/><D133/><U13/><E13/><V94/><F3/><W19/><G19/><RYUUKYOKU ba="0,0" sc="249,-10,339,-10,167,-10,245,30" hai3="44,52,54,59,61,73,78,82,88,92,97,102,103" /><INIT seed="6,1,0,3,2,80" ten="239,329,157,275" oya="2" hai0="87,41,123,32,101,134,30,122,105,112,97,85,78" hai1="61,98,72,17,45,2,5,95,69,21,68,77,56" hai2="70,13,114,81,31,0,117,99,116,67,63,59,19" hai3="57,42,6,52,66,50,44,94,51,108,90,3,104"/><V15/><F114/><W37/><G108/><T62/><D41/><U12/><E72/><V49/><F0/><W74/><G104/><T7/><D7/><U33/><E77/><V46/><F31/><W71/><G74/><T125/><D78/><U18/><E33/><V132/><F132/><W102/><G102/><T106/><D106/><U22/><E45/><V60/><F99/><W54/><G6/><T130/><D112/><U20/><E2/><V118/><F81/><W47/><G3/><T76/><D76/><U115/><E115/><V27/><F27/><W110/><G110/><T79/><D79/><U113/><E113/><V127/><F127/><W86/><G66/><T131/><D62/><U1/><E1/><V43/><REACH who="2" step="1"/><F19/><REACH who="2" ten="239,329,147,275" step="2"/><W35/><G35/><T100/><D125/><U135/><E135/><V111/><F111/><W109/><G109/><T133/><D30/><U75/><E75/><V14/><F14/><W58/><G71/><T4/><D32/><U34/><E34/><V28/><F28/><W107/><G107/><T8/><D4/><U48/><E69/><V38/><F38/><W11/><G11/><T16/><D8/><U36/><E36/><V26/><F26/><W55/><G37/><T83/><D16/><U25/><E68/><V9/><F9/><W96/><G96/><T128/><D83/><U23/><E5/><V88/><F88/><W120/><G120/><N who="0" m="46123" /><D101/><U126/><E126/><V24/><F24/><W124/><G124/><T89/><D89/><U91/><E91/><V53/><AGARI ba="1,1" hai="13,15,43,46,49,53,59,60,63,67,70,116,117,118" machi="53" ten="30,6000,0" yaku="1,1,0,1,53,1" doraHai="80" doraHaiUra="40" who="2" fromWho="2" sc="239,-21,329,-21,147,73,275,-21" /><INIT seed="6,2,0,2,2,124" ten="218,308,220,254" oya="2" hai0="56,33,105,130,1,103,93,40,9,113,65,118,78" hai1="7,101,86,134,116,11,114,3,44,22,43,14,131" hai2="62,117,126,76,129,38,69,21,31,99,12,100,37" hai3="110,109,2,127,46,8,20,32,25,94,74,24,119"/><V67/><F117/><W83/><G119/><T5/><D118/><U107/><E116/><RYUUKYOKU type="kaze4" ba="2,0" sc="218,0,308,0,220,0,254,0" /><INIT seed="6,3,0,3,0,9" ten="218,308,220,254" oya="2" hai0="73,131,115,6,123,32,47,4,124,27,35,71,16" hai1="110,128,44,113,103,2,96,3,122,72,0,58,127" hai2="28,89,102,84,55,82,99,39,64,56,79,59,98" hai3="52,104,118,101,36,130,76,38,85,81,61,117,126"/><V10/><F39/><W31/><G126/><T25/><D123/><U1/><E110/><V37/><F37/><W109/><G109/><T111/><D111/><U42/><E0/><V78/><F28/><W94/><G104/><T33/><D71/><U116/><E116/><V20/><F20/><W80/><G130/><T90/><D73/><U121/><E72/><V22/><F22/><W12/><G31/><T8/><D90/><U97/><E127/><V54/><F64/><W57/><G38/><T48/><D124/><U29/><E113/><V66/><F66/><W70/><G36/><T13/><D131/><U86/><E128/><V95/><F10/><W65/><G81/><T114/><D48/><N who="1" m="26647" /><E29/><V75/><F98/><W135/><G70/><T77/><D77/><U67/><E86/><V53/><REACH who="2" step="1"/><F79/><REACH who="2" ten="218,308,210,254" step="2"/><W41/><G76/><T100/><D100/><U133/><E103/><V83/><AGARI ba="3,1" hai="53,54,55,56,59,75,78,82,83,84,89,95,99,102" machi="83" ten="30,6000,0" yaku="1,1,2,1,0,1,53,0" doraHai="9" doraHaiUra="11" who="2" fromWho="2" sc="218,-23,308,-23,210,79,254,-23" /><INIT seed="6,4,0,3,4,109" ten="195,285,289,231" oya="2" hai0="25,124,22,79,9,17,40,70,115,92,3,60,33" hai1="131,102,69,12,51,18,16,93,42,56,96,52,30" hai2="90,108,74,75,88,135,127,66,24,64,101,118,44" hai3="98,54,77,8,57,82,105,5,11,112,48,43,80"/><V97/><F118/><W49/><G112/><T59/><D70/><U121/><E131/><V29/><F108/><W76/><G105/><T38/><D124/><U87/><E69/><V73/><F127/><W63/><G98/><T34/><D92/><U119/><E119/><V78/><F78/><W26/><G26/><T1/><D79/><U99/><E121/><V35/><F44/><W31/><G31/><T95/><D95/><N who="1" m="58655" /><E30/><V37/><F37/><W67/><G49/><T85/><D85/><U83/><E42/><V86/><F135/><W21/><G21/><T50/><D38/><U61/><E12/><V65/><REACH who="2" step="1"/><F86/><REACH who="2" ten="195,285,279,231" step="2"/><W111/><G111/><T122/><D122/><U123/><E123/><V27/><F27/><W20/><G77/><T58/><D25/><U14/><E87/><V10/><F10/><W117/><G11/><T125/><D9/><U132/><E132/><V129/><F129/><W4/><G117/><T130/><D130/><U15/><E83/><V23/><F23/><W39/><G20/><T71/><D22/><U32/><E32/><V47/><F47/><N who="3" m="24063" /><G8/><T84/><D125/><U2/><E2/><V116/><F116/><W41/><G80/><T46/><D84/><U113/><E14/><V6/><F6/><W133/><G133/><T94/><D1/><U53/><E15/><V13/><F13/><W110/><G110/><T45/><D3/><U106/><E18/><V19/><F19/><W89/><G76/><T107/><D17/><U28/><E16/><V103/><F103/><W81/><G4/><T128/><D128/><U55/><E28/><RYUUKYOKU ba="4,1" sc="195,-10,285,-10,279,30,231,-10" hai2="24,29,35,64,65,66,73,74,75,88,90,97,101" /><INIT seed="6,5,1,2,4,73" ten="185,275,309,221" oya="2" hai0="83,97,114,42,6,88,30,31,71,109,119,28,26" hai1="112,20,134,67,86,27,85,72,98,12,130,106,56" hai2="89,13,50,43,35,120,125,95,131,1,45,59,58" hai3="117,87,103,69,135,4,126,99,66,129,111,57,15"/><V64/><F120/><W93/><G111/><T74/><D109/><U108/><E108/><V80/><F1/><W75/><G69/><T68/><D114/><U51/><E72/><V14/><F35/><W19/><G75/><T101/><D119/><U105/><E112/><V63/><F131/><W46/><G117/><T10/><D42/><U61/><E130/><V5/><F125/><W70/><G70/><T39/><D39/><U53/><E134/><V3/><F3/><W40/><G129/><T104/><D26/><U9/><E105/><V100/><F5/><W113/><G113/><T0/><REACH who="0" step="1"/><D74/><REACH who="0" ten="175,275,309,221" step="2"/><U60/><E27/><V115/><F115/><W122/><G122/><T52/><D52/><U78/><E53/><V121/><F121/><W76/><G126/><T128/><D128/><U116/><E116/><V18/><F43/><W54/><G135/><T132/><D132/><U81/><E67/><V24/><F24/><W21/><G66/><T37/><D37/><U17/><E60/><V34/><F63/><W110/><G110/><T25/><D25/><U133/><E133/><V82/><F64/><W7/><G40/><T96/><D96/><U11/><E51/><V38/><F50/><N who="3" m="30935" /><G46/><T22/><D22/><U47/><E47/><V23/><F23/><W92/><G21/><T91/><D91/><U107/><E98/><V123/><F45/><W48/><G48/><T44/><D44/><U90/><E61/><V65/><F65/><W124/><G124/><T29/><N who="0" m="7168" /><DORA hai="102" /><T77/><D77/><U55/><E78/><V118/><F123/><W127/><G127/><RYUUKYOKU ba="5,2" sc="175,30,275,-10,309,-10,221,-10" hai0="0,6,10,68,71,83,88,97,101,104" /><INIT seed="7,6,2,4,0,59" ten="205,265,299,211" oya="3" hai0="41,89,28,134,84,10,77,79,131,25,55,16,44" hai1="82,34,27,114,98,20,110,86,103,124,42,115,48" hai2="3,135,80,39,130,73,37,21,11,72,47,126,43" hai3="125,129,23,32,18,74,94,15,26,81,119,35,33"/><W78/><G119/><T38/><D134/><U54/><E34/><V49/><F135/><W6/><G129/><T1/><D131/><U90/><E110/><V132/><F132/><W116/><G116/><T69/><D69/><U52/><E124/><V104/><F130/><W65/><G125/><T36/><D36/><U40/><E40/><V85/><F104/><W122/><G122/><T2/><D55/><U121/><E42/><V5/><F126/><W19/><G6/><T62/><D62/><U17/><E121/><V88/><F21/><W8/><G94/><T93/><D1/><U57/><REACH who="1" step="1"/><E54/><REACH who="1" ten="205,255,299,211" step="2"/><V0/><F43/><W50/><G65/><T13/><REACH who="0" step="1"/><D2/><REACH who="0" ten="195,255,299,211" step="2"/><U96/><E96/><V64/><F3/><W108/><REACH who="3" step="1"/><G50/><REACH who="3" ten="195,255,299,201" step="2"/><T60/><D60/><U106/><AGARI ba="6,5" hai="17,20,27,48,52,57,82,86,90,98,103,106,114,115" machi="106" ten="30,7900,0" yaku="1,1,0,1,54,1,53,1" doraHai="59" doraHaiUra="46" who="1" fromWho="1" sc="195,-26,255,147,299,-26,201,-45" owari="169,-23.1,402,50.2,273,7.3,156,-34.4" /></mjloggm>