<mjloggm ver="2.3"><GO type="169" lobby="0"/><UN n0="%E8%8A%B1%E8%90%BD%E4%BD%95%E4%BA%BA%E7%9F%A5" n1="%E6%81%8B%E3%81%AE%E3%81%86%E3%81%9F" n2="%31%74%61" n3="%74%73%75%6B%69%31" dan="16,17,17,16" rate="2111.14,2227.43,2232.41,2179.30" sx="M,M,M,M"/><TAIKYOKU oya="0"/><INIT seed="0,0,0,2,0,41" ten="250,250,250,250" oya="0" hai0="134,57,120,96,121,21,63,33,114,6,62,74,10" hai1="35,131,122,16,118,107,93,105,108,88,127,49,126" hai2="20,109,100,130,11,43,102,132,5,124,84,67,45" hai3="90,91,73,119,59,47,7,40,50,113,110,56,65"/><T0/><D33/><U32/><E118/><V77/><F109/><W30/><G119/><T60/><D114/><U111/><E122/><V81/><F130/><W106/><G106/><N who="1" m="40458" /><E49/><V12/><F132/><W15/><G73/><T17/><D74/><U66/><E66/><V2/><F124/><N who="1" m="47657" /><E131/><V99/><F67/><W19/><G113/><T112/><D112/><U129/><E16/><V55/><F55/><W42/><G30/><T97/><D134/><U29/><E29/><V44/><F99/><W80/><G7/><T87/><D57/><U4/><E4/><V14/><F45/><N who="3" m="25895" /><G110/><N who="1" m="42026" /><E129/><V36/><REACH who="2" step="1"/><F20/><REACH who="2" ten="250,250,240,250" step="2"/><W38/><G65/><T72/><D121/><U48/><E48/><V27/><F27/><W98/><G47/><T76/><D120/><U95/><E95/><V39/><F39/><W117/><G38/><T89/><D21/><U115/><E115/><V78/><F78/><W101/><G117/><T52/><D52/><U86/><AGARI ba="0,1" hai="32,35,86,88,93" m="42026,47657,40458" machi="86" ten="40,5200,0" yaku="18,1,14,1,54,1" doraHai="41" who="1" fromWho="1" sc="250,-26,250,62,240,-13,250,-13" /><INIT seed="1,0,0,2,0,113" ten="224,312,227,237" oya="1" hai0="61,96,13,107,99,29,3,131,67,125,73,98,69" hai1="56,8,91,116,117,110,121,76,34,86,129,37,74" hai2="71,30,64,0,111,135,19,47,16,83,78,118,21" hai3="44,32,20,41,59,81,70,90,94,79,108,66,126"/><U12/><E121/><V60/><F111/><W40/><G32/><T112/><D112/><U15/><E37/><V82/><F0/><W6/><G108/><T114/><D114/><U124/><E110/><V57/><F135/><W31/><G70/><T103/><D3/><U120/><E120/><V39/><F118/><W7/><G126/><T43/><D73/><U46/><E34/><V52/><F30/><W48/><G41/><T85/><D125/><U88/><E124/><V105/><F105/><W54/><G66/><T42/><D131/><U35/><E35/><V62/><F19/><W17/><G31/><T122/><D122/><U127/><E127/><V51/><F78/><W5/><G81/><T50/><D85/><U28/><E129/><V11/><F11/><W92/><G79/><T22/><D42/><U97/><E46/><V45/><F45/><W102/><G102/><T23/><D43/><U72/><E28/><V106/><F106/><W123/><G90/><T93/><D50/><U65/><E76/><V109/><F109/><W18/><G18/><N who="0" m="10575" /><D107/><U134/><E134/><V4/><F4/><W84/><G84/><T25/><D69/><U133/><E133/><V2/><F2/><W55/><G123/><T119/><D119/><U87/><E8/><V80/><F39/><W9/><G9/><T38/><D38/><U101/><E101/><V58/><REACH who="2" step="1"/><F62/><REACH who="2" ten="224,312,217,237" step="2"/><N who="3" m="36215" /><G40/><T77/><D77/><U27/><E116/><V95/><F95/><W68/><G94/><T24/><D93/><U89/><E117/><V1/><F1/><W104/><G92/><T128/><D128/><RYUUKYOKU ba="0,1" sc="224,-10,312,-10,217,30,237,-10" hai2="16,21,47,51,52,57,58,60,64,71,80,82,83" /><INIT seed="2,1,1,0,0,69" ten="214,302,247,227" oya="2" hai0="45,122,18,100,133,60,66,121,90,118,42,115,102" hai1="8,25,32,0,81,57,35,117,1,116,119,47,104" hai2="89,3,129,96,52,88,49,132,110,30,54,91,65" hai3="71,130,76,108,94,63,7,39,125,27,50,82,19"/><V105/><F3/><N who="1" m="1097" /><E57/><V22/><F129/><W46/><G130/><T78/><D115/><U114/><E81/><V77/><F132/><W23/><G108/><T97/><D133/><U34/><E47/><V86/><F110/><W13/><G125/><T48/><D118/><U55/><E55/><V28/><F65/><W43/><G71/><T135/><D135/><U67/><E104/><V61/><F105/><W74/><G63/><T75/><D90/><U41/><E41/><V24/><F96/><W128/><G128/><T53/><D100/><U126/><E67/><V6/><F6/><W95/><G7/><T16/><D42/><U80/><E80/><N who="2" m="47375" /><F61/><W134/><G134/><T111/><D111/><U99/><E99/><V107/><F107/><W62/><G62/><T98/><D98/><U79/><E79/><V87/><F30/><W85/><G74/><T109/><D109/><U44/><E114/><V38/><F38/><W51/><REACH who="3" step="1"/><G27/><REACH who="3" ten="214,302,247,217" step="2"/><T120/><D75/><U131/><E131/><V31/><F31/><W20/><G20/><T124/><D124/><U2/><E126/><V127/><F127/><W37/><G37/><T70/><REACH who="0" step="1"/><D78/><REACH who="0" ten="204,302,247,217" step="2"/><U11/><E117/><V68/><F68/><W106/><G106/><AGARI ba="1,3" hai="16,18,45,48,53,60,66,70,97,102,106,120,121,122" machi="106" ten="40,5200,0" yaku="1,1,2,1,54,1,53,0" doraHai="69" doraHaiUra="29" who="0" fromWho="3" sc="204,85,302,0,247,0,217,-55" /><INIT seed="3,0,0,5,2,132" ten="289,302,247,162" oya="3" hai0="10,96,17,99,42,46,92,113,90,15,47,16,117" hai1="28,79,123,65,80,104,115,124,52,76,107,19,68" hai2="126,97,134,81,110,111,74,57,54,9,1,87,41" hai3="75,93,102,128,58,5,67,86,23,36,122,8,21"/><W89/><G122/><T32/><D117/><U135/><E123/><V71/><F71/><W112/><G112/><T129/><D32/><U109/><E115/><V119/><F119/><W83/><G36/><T11/><D113/><U63/><E135/><V56/><F134/><W44/><G128/><T43/><D129/><U66/><E28/><V116/><F116/><W20/><G44/><N who="0" m="16939" /><D99/><U50/><E109/><N who="2" m="41483" /><F74/><W62/><G75/><T82/><D82/><U118/><E65/><V24/><F41/><N who="0" m="15370" /><D10/><U3/><E104/><V106/><F24/><W114/><G114/><T85/><D96/><U40/><E107/><V60/><F57/><W120/><G120/><T53/><D53/><U73/><E40/><V33/><F33/><W98/><REACH who="3" step="1"/><G23/><REACH who="3" ten="289,302,247,152" step="2"/><T39/><D39/><U100/><E118/><V48/><F106/><W121/><G121/><T94/><D94/><U105/><E105/><V0/><F81/><W130/><G130/><T64/><D64/><U34/><E66/><V22/><F22/><W2/><AGARI ba="0,1" hai="2,5,8,20,21,58,62,67,83,86,89,93,98,102" machi="2" ten="20,7800,0" yaku="1,1,0,1,7,1,53,1" doraHai="132" doraHaiUra="88" who="3" fromWho="3" sc="289,-26,302,-26,247,-26,152,88" /><INIT seed="3,1,0,1,3,104" ten="263,276,221,240" oya="3" hai0="116,33,75,121,122,80,39,63,56,96,68,123,59" hai1="40,13,77,97,115,47,89,55,129,58,21,132,0" hai2="34,131,112,126,92,72,64,103,3,111,15,100,87" hai3="78,95,105,71,66,109,10,36,29,54,9,43,73"/><W20/><G105/><T6/><D116/><U61/><E0/><V4/><F34/><W69/><G36/><T62/><D33/><U38/><E129/><V130/><F3/><W118/><G43/><T7/><D39/><U106/><E132/><V133/><F64/><W74/><G118/><T60/><D68/><U22/><E115/><V41/><F41/><W2/><G78/><T17/><D17/><U135/><E135/><V102/><F133/><W42/><G42/><T125/><D96/><U35/><E35/><V16/><F112/><W76/><G76/><T70/><D70/><U110/><E110/><V98/><F4/><N who="0" m="1578" /><D80/><U57/><E77/><V79/><F111/><W120/><G2/><T19/><D19/><U12/><E106/><V48/><F48/><W51/><G120/><T14/><D14/><U81/><E13/><V53/><F53/><W50/><G109/><T23/><D23/><U134/><E12/><V49/><F49/><W114/><G114/><T108/><D108/><U44/><E134/><V65/><F65/><W86/><G66/><T8/><D8/><U5/><E5/><V113/><F113/><W128/><G128/><N who="2" m="49193" /><F126/><W91/><G71/><T119/><D125/><U90/><E38/><V67/><F67/><W99/><G69/><T24/><D119/><U117/><E117/><V82/><F87/><W85/><G85/><T37/><D37/><U124/><E124/><V127/><F127/><W94/><G86/><T84/><D84/><U30/><E40/><V101/><F102/><W25/><G95/><T93/><D93/><U11/><E81/><RYUUKYOKU ba="1,0" sc="263,-10,276,-10,221,30,240,-10" hai2="15,16,72,79,82,92,98,100,101,103" /><INIT seed="4,2,0,2,5,120" ten="253,266,251,230" oya="0" hai0="90,117,116,97,12,102,118,0,62,135,94,16,44" hai1="23,9,122,115,73,69,91,40,67,110,4,76,112" hai2="79,70,121,119,50,28,49,19,113,52,3,111,22" hai3="95,8,43,82,132,109,134,133,127,128,17,105,13"/><T59/><D0/><U107/><E122/><V11/><F121/><W53/><G105/><T14/><D135/><U27/><E107/><V5/><F70/><W65/><G65/><T60/><D44/><U47/><E91/><V51/><F113/><N who="1" m="43593" /><E76/><V7/><F111/><W32/><G32/><T35/><D35/><U101/><E73/><V29/><F119/><W114/><G114/><T98/><D59/><U63/><E101/><V21/><F79/><W39/><G128/><T72/><D72/><U88/><E88/><V33/><F5/><W31/><G31/><T78/><D78/><U10/><E4/><V36/><F36/><W130/><G130/><T100/><D12/><U104/><E104/><V55/><F21/><W92/><G82/><T45/><D45/><U20/><E20/><V86/><F86/><W34/><G34/><T18/><D90/><U41/><E110/><V93/><F93/><W77/><G109/><T89/><D89/><U6/><E6/><V24/><REACH who="2" step="1"/><F29/><REACH who="2" ten="253,266,241,230" step="2"/><W2/><G77/><T48/><D94/><U106/><E106/><V83/><F83/><W74/><G74/><T126/><D117/><U58/><E69/><V131/><F131/><W84/><G92/><T30/><D30/><N who="1" m="17791" /><E40/><V61/><F61/><W87/><G95/><T54/><D118/><U15/><E15/><AGARI ba="2,1" hai="3,7,11,15,19,22,24,28,33,49,50,51,52,55" machi="15" ten="40,8000,1" yaku="1,1,24,2,54,1,53,0" doraHai="120" doraHaiUra="56" who="2" fromWho="1" sc="253,0,266,-86,241,96,230,0" /><INIT seed="5,0,0,3,2,31" ten="253,180,337,230" oya="1" hai0="79,59,4,92,107,77,130,94,106,57,102,105,82" hai1="0,123,88,49,84,7,32,133,13,22,56,38,81" hai2="73,70,66,46,104,27,108,98,19,68,30,24,6" hai3="21,91,45,97,80,62,16,112,47,134,131,14,25"/><U28/><E38/><V72/><F108/><W29/><G112/><T128/><D4/><U20/><E123/><V69/><F6/><W55/><G131/><N who="0" m="50219" /><D102/><U33/><E133/><V10/><F46/><W52/><G134/><T87/><D59/><U11/><E22/><V36/><F36/><W1/><G1/><T114/><D57/><U23/><E23/><V26/><F30/><W37/><G37/><T113/><D77/><U8/><E20/><V119/><F119/><W35/><G62/><T100/><D100/><U76/><E28/><V60/><F98/><W103/><G45/><T54/><D54/><U93/><E56/><V43/><F43/><W111/><G47/><T5/><D5/><U50/><E11/><V125/><F104/><W96/><G111/><T40/><D40/><U64/><E64/><V17/><F10/><W89/><G89/><N who="0" m="53311" /><D94/><U115/><E115/><V53/><F53/><W99/><REACH who="3" step="1"/><G103/><REACH who="3" ten="253,180,337,220" step="2"/><T83/><D83/><U61/><E0/><V116/><F60/><W44/><G44/><T58/><D58/><U75/><REACH who="1" step="1"/><E61/><REACH who="1" ten="253,170,337,220" step="2"/><V118/><F66/><W9/><G9/><T39/><D39/><U3/><E3/><V74/><F118/><W127/><G127/><T51/><D51/><AGARI ba="0,2" hai="7,8,13,32,33,49,50,51,75,76,81,84,88,93" machi="51" ten="40,12000,1" yaku="1,1,52,2,54,1,53,0" doraHai="31" doraHaiUra="63" who="1" fromWho="0" sc="253,-120,170,140,337,0,220,0" /><INIT seed="5,1,0,0,5,17" ten="133,310,337,220" oya="1" hai0="7,95,54,113,22,57,12,35,59,50,119,32,69" hai1="16,43,0,2,128,122,76,51,11,28,47,108,71" hai2="81,24,134,115,13,117,15,9,39,103,93,6,65" hai3="110,20,37,74,45,105,1,124,104,80,72,89,56"/><U42/><E122/><V40/><F117/><W88/><G1/><T111/><D111/><U73/><E71/><V60/><F134/><W4/><G4/><T98/><D119/><U118/><E118/><V3/><F115/><W75/><G110/><T36/><D69/><U10/><E108/><V23/><F81/><W90/><G124/><T53/><D36/><U55/><E28/><N who="2" m="17439" /><F40/><W106/><G56/><T41/><D41/><U114/><E128/><V18/><F39/><W52/><G37/><T85/><D85/><U109/><E109/><V116/><F116/><W33/><G33/><T97/><D113/><U8/><E114/><V99/><F18/><W83/><G20/><T31/><D7/><U67/><E67/><V96/><F96/><W70/><G70/><T94/><D12/><U121/><E121/><V130/><F130/><W126/><G126/><T58/><D58/><AGARI ba="1,0" hai="3,6,9,13,15,58,60,65,93,99,103" m="17439" machi="58" ten="30,2000,0" yaku="25,1,52,1" doraHai="17" who="2" fromWho="0" sc="133,-23,310,0,337,23,220,0" /><INIT seed="6,0,0,1,3,129" ten="110,310,360,220" oya="2" hai0="71,84,86,115,13,106,3,76,23,40,10,36,60" hai1="5,58,65,14,1,41,107,101,7,15,45,56,83" hai2="17,19,85,124,39,97,49,38,4,103,94,48,2" hai3="8,16,132,92,69,75,110,90,89,51,18,78,63"/><V64/><F64/><W72/><G110/><T6/><D106/><U109/><E109/><V81/><F124/><W116/><G116/><T34/><D115/><U123/><E107/><V42/><F2/><W121/><G121/><T95/><D34/><U37/><E101/><V11/><F48/><W111/><G111/><T33/><D33/><U28/><E28/><V87/><F87/><W112/><G89/><T35/><D35/><U74/><E5/><V108/><F108/><W73/><G78/><T99/><D71/><U26/><E26/><V0/><F49/><W120/><G120/><T96/><D60/><U61/><E58/><V52/><F52/><W104/><G104/><T130/><D130/><U27/><E27/><V102/><F102/><W118/><G118/><T24/><D3/><U22/><E22/><V82/><F82/><W126/><G126/><T128/><D128/><U47/><E47/><V9/><F9/><W21/><G8/><T113/><D113/><U79/><REACH who="1" step="1"/><E123/><REACH who="1" ten="110,300,360,220" step="2"/><V59/><F59/><W46/><G112/><T122/><D122/><U54/><E54/><V29/><F29/><W105/><G46/><N who="0" m="23815" /><D23/><U43/><E43/><V125/><F125/><W57/><G21/><T133/><D24/><U131/><E131/><V135/><F42/><W127/><G127/><T67/><D6/><U93/><E93/><V77/><F94/><W80/><G105/><T20/><D95/><U12/><E12/><V44/><F44/><W91/><G92/><T134/><D13/><U100/><E100/><V98/><F103/><W31/><G31/><T68/><D20/><RYUUKYOKU ba="0,1" sc="110,-10,300,30,360,-10,220,-10" hai1="1,7,14,15,37,41,45,56,61,65,74,79,83" /><INIT seed="7,1,1,2,5,20" ten="100,330,350,210" oya="3" hai0="2,41,32,52,80,111,13,110,104,16,44,27,66" hai1="67,73,45,37,71,126,47,40,54,60,18,94,49" hai2="65,116,12,36,77,72,134,46,4,83,119,3,89" hai3="96,22,128,9,68,34,88,82,56,17,25,23,108"/><W132/><G68/><T15/><D104/><U62/><E73/><V93/><F12/><W113/><G113/><T35/><D2/><U64/><E94/><V55/><F65/><N who="1" m="25161" /><E18/><V114/><F114/><W81/><G128/><T69/><D13/><U10/><E10/><N who="2" m="2335" /><F55/><W78/><G34/><T95/><D95/><U115/><E115/><V101/><F101/><W58/><G132/><T102/><D102/><U76/><E76/><V53/><F53/><W26/><G9/><T99/><D99/><U21/><E21/><V129/><F134/><W24/><G108/><T90/><D66/><N who="1" m="41415" /><E126/><V0/><F0/><W14/><G23/><T74/><D69/><U87/><E87/><N who="2" m="52415" /><F129/><W28/><G28/><N who="0" m="19487" /><D41/><AGARI ba="1,1" hai="36,41,46,72,77,83,116,119" m="52415,2335" machi="41" ten="30,1000,0" yaku="25,1" doraHai="20" who="2" fromWho="0" sc="100,-13,330,0,350,23,210,0" owari="87,-41.3,330,13.0,373,47.3,210,-19.0" /></mjloggm>