<mjloggm ver="2.3"><GO type="169" lobby="0"/><UN n0="%E6%B3%A2%E4%B9%83%E7%90%86" n1="%E9%9B%AA%E3%83%8E%E4%B8%8B%E9%9B%AA%E4%B9%83" n2="%E8%B4%88%E4%BA%BA%E8%A9%A9%E6%96%BC%E5%A4%A2" n3="%67%6F%6B%75%61%6B%75" dan="16,16,17,17" rate="2120.31,2061.74,2191.22,2208.80" sx="M,F,M,M"/><TAIKYOKU oya="0"/><INIT seed="0,0,0,0,3,73" ten="250,250,250,250" oya="0" hai0="94,96,111,103,41,132,54,110,121,48,47,49,72" hai1="30,34,38,78,19,109,70,65,91,11,68,9,127" hai2="74,52,131,60,5,92,89,10,4,28,80,24,86" hai3="21,51,120,71,32,43,104,119,42,39,100,13,93"/><T112/><D121/><U59/><E109/><N who="0" m="41481" /><D112/><U124/><E38/><V14/><F131/><W82/><G119/><T130/><D72/><U135/><E135/><V18/><F74/><W36/><G32/><T22/><D22/><U122/><E122/><V16/><F5/><W20/><G104/><T64/><D64/><U29/><E65/><V58/><REACH who="2" step="1"/><F80/><REACH who="2" ten="250,250,240,250" step="2"/><W56/><G82/><T44/><D132/><U33/><E127/><V116/><F116/><W7/><G7/><T35/><D35/><AGARI ba="0,1" hai="4,10,14,16,18,24,28,35,52,58,60,86,89,92" machi="35" ten="30,8000,1" yaku="1,1,7,1,54,2,53,1" doraHai="73" doraHaiUra="3" who="2" fromWho="0" sc="250,-80,250,0,240,90,250,0" /><INIT seed="1,0,0,1,1,71" ten="170,250,330,250" oya="1" hai0="9,24,87,117,105,17,39,69,114,86,127,115,30" hai1="56,34,16,26,119,70,82,73,29,22,102,12,93" hai2="84,100,88,3,97,43,53,135,8,120,11,113,76" hai3="111,60,10,118,98,79,42,15,75,132,7,50,112"/><U62/><E119/><V74/><F120/><W59/><G112/><T81/><D117/><U124/><E124/><V125/><F113/><W54/><G118/><T1/><D105/><U68/><E73/><V21/><F125/><W58/><G111/><T57/><D69/><U99/><REACH who="1" step="1"/><E82/><REACH who="1" ten="170,240,330,250" step="2"/><V106/><F74/><W44/><G132/><T89/><D127/><U131/><E131/><V36/><F135/><W126/><G126/><T28/><D115/><U35/><E35/><V52/><F76/><W85/><G75/><T23/><D114/><U108/><E108/><V129/><F129/><W48/><G79/><T77/><D39/><U78/><E78/><V96/><F36/><W121/><G121/><T133/><D133/><U32/><E32/><V101/><F3/><W90/><G98/><T51/><D1/><U80/><E80/><V107/><F43/><W72/><G72/><T66/><D9/><U83/><E83/><V47/><F21/><W61/><G59/><T95/><D66/><AGARI ba="0,1" hai="12,16,22,26,29,34,56,62,66,68,70,93,99,102" machi="66" ten="30,5800,0" yaku="1,1,7,1,54,1,53,0" doraHai="71" doraHaiUra="110" who="1" fromWho="0" sc="170,-58,240,68,330,0,250,0" /><INIT seed="1,1,0,0,0,7" ten="112,308,330,250" oya="1" hai0="16,75,18,62,116,51,52,14,49,45,94,48,74" hai1="37,59,70,40,107,17,65,101,39,109,112,11,47" hai2="131,23,76,71,57,19,29,80,61,8,69,126,117" hai3="129,132,93,84,124,55,68,89,12,6,56,120,58"/><U111/><E107/><V81/><F117/><W4/><G120/><T104/><D104/><U85/><E101/><V63/><F126/><W121/><G121/><T96/><D116/><U10/><E112/><V119/><F119/><W2/><G68/><T123/><D123/><U134/><E70/><V35/><F35/><W79/><G124/><T20/><D75/><U125/><E125/><V67/><F29/><W25/><G129/><T30/><D30/><U102/><E102/><V53/><F71/><W99/><G132/><T106/><D74/><U41/><E134/><V64/><F64/><W115/><G2/><T24/><D106/><U87/><E17/><V33/><F33/><W135/><G25/><T72/><D62/><U86/><E59/><V22/><F80/><W100/><G79/><T133/><D72/><U91/><E91/><V130/><F8/><N who="1" m="3113" /><E47/><V26/><F22/><W118/><G56/><T28/><D133/><U43/><E65/><V114/><F114/><W122/><G122/><T38/><D38/><AGARI ba="1,0" hai="37,38,39,40,41,43,85,86,87,109,111" m="3113" machi="38" ten="40,12000,1" yaku="28,2,52,3" doraHai="7" who="1" fromWho="0" sc="112,-123,308,123,330,0,250,0" owari="-11,-51.1,431,53.1,330,13.0,250,-15.0" /></mjloggm>