<mjloggm ver="2.3"><GO type="169" lobby="0"/><UN n0="%E6%8C%91%E6%88%A6%E8%80%85%EF%BC%81" n1="%68%69%74%6F%6D%69" n2="%E6%96%B0%E5%AD%90%E6%9C%9B" n3="%E8%B6%85%E6%94%BB%E6%92%83%E9%BA%BB%E9%9B%80" dan="17,16,16,16" rate="2186.25,2095.60,2142.48,2178.72" sx="M,F,M,M"/><TAIKYOKU oya="0"/><INIT seed="0,0,0,4,1,34" ten="250,250,250,250" oya="0" hai0="59,107,17,50,106,8,132,9,112,25,63,95,24" hai1="87,64,80,74,12,122,2,15,1,20,7,38,124" hai2="56,22,100,73,110,61,62,54,6,90,10,44,96" hai3="29,69,68,36,133,84,104,42,53,31,83,98,3"/><T114/><D132/><U58/><E38/><V26/><F110/><W117/><G117/><T41/><D106/><U33/><E122/><V37/><F73/><W94/><G104/><T109/><D107/><U99/><E74/><V86/><F96/><W57/><G133/><T66/><D109/><U35/><E99/><V121/><F121/><W102/><G3/><N who="1" m="1034" /><E58/><V134/><F62/><N who="3" m="36143" /><G36/><T135/><D135/><U27/><E80/><V14/><F134/><W89/><G68/><T125/><D114/><U46/><E46/><V88/><F100/><W130/><G69/><T77/><D112/><U126/><E87/><V131/><F86/><W128/><G42/><T115/><D115/><U0/><E64/><V28/><F131/><AGARI ba="0,0" hai="29,31,83,84,89,94,98,102,128,130,131" m="36143" machi="131" ten="30,1000,0" yaku="19,1" doraHai="34" who="3" fromWho="2" sc="250,0,250,0,250,-10,250,10" /><INIT seed="1,0,0,2,0,111" ten="250,250,240,260" oya="1" hai0="6,51,29,22,12,89,50,27,47,98,14,42,112" hai1="41,128,82,67,7,106,114,99,120,61,20,80,23" hai2="43,59,108,24,4,31,2,85,69,40,113,122,73" hai3="75,3,52,26,5,36,93,21,81,90,8,16,91"/><U124/><E120/><V30/><F122/><W48/><G36/><T105/><D112/><U32/><E128/><V46/><F73/><W71/><G71/><T78/><D78/><U39/><E124/><V66/><F69/><W45/><G75/><T37/><D6/><U134/><E32/><V130/><F108/><W74/><G74/><T97/><D105/><U72/><E134/><V38/><F130/><W94/><REACH who="3" step="1"/><G81/><REACH who="3" ten="250,250,240,250" step="2"/><T10/><D37/><U125/><E39/><V100/><F38/><W57/><G57/><T83/><D83/><U70/><E82/><V33/><F59/><W95/><AGARI ba="0,1" hai="3,5,8,16,21,26,45,48,52,90,91,93,94,95" machi="95" ten="30,8000,1" yaku="1,1,0,1,54,2,53,1" doraHai="111" doraHaiUra="34" who="3" fromWho="3" sc="250,-20,250,-40,240,-20,250,90" /><INIT seed="2,0,0,5,2,10" ten="230,210,220,340" oya="2" hai0="101,100,43,128,130,0,45,48,88,30,93,84,60" hai1="11,18,98,37,42,105,35,114,121,112,19,77,123" hai2="104,126,9,73,27,49,58,81,8,33,122,80,131" hai3="32,134,119,2,125,116,89,135,46,4,16,28,95"/><V111/><F122/><N who="1" m="46601" /><E77/><V90/><F104/><W50/><G125/><T65/><D0/><U64/><E64/><V79/><F126/><W29/><G4/><T14/><D30/><U41/><E105/><V47/><F131/><W63/><G63/><T44/><D44/><U62/><E62/><V54/><F111/><W1/><G1/><T15/><D101/><U85/><E98/><V115/><F115/><N who="1" m="44073" /><E85/><V109/><F109/><W87/><G2/><T12/><REACH who="0" step="1"/><D100/><REACH who="0" ten="220,210,220,340" step="2"/><U26/><E37/><V68/><F47/><W74/><G29/><T117/><D117/><U110/><E110/><V22/><F33/><W13/><G28/><T56/><AGARI ba="0,1" hai="12,14,15,43,45,48,56,60,65,84,88,93,128,130" machi="56" ten="30,12000,2" yaku="1,1,0,1,52,3,54,1,53,0" doraHai="10" doraHaiUra="71" who="0" fromWho="0" sc="220,130,210,-30,220,-60,340,-30" /><INIT seed="3,0,0,3,2,13" ten="350,180,160,310" oya="3" hai0="64,74,7,22,72,69,19,8,58,75,95,117,33" hai1="118,23,12,131,6,36,61,93,50,21,102,31,81" hai2="79,59,25,126,52,77,133,113,9,112,86,55,2" hai3="71,4,43,124,135,63,115,120,125,51,32,18,29"/><W94/><G120/><T53/><D33/><U132/><E36/><V5/><F126/><N who="3" m="48747" /><G115/><T20/><D117/><U97/><E132/><V26/><F133/><W46/><G135/><T28/><D95/><U65/><E131/><V44/><F44/><W90/><G4/><T42/><D42/><U128/><E128/><V14/><F2/><W37/><G29/><T54/><D69/><U39/><E39/><V10/><F10/><W11/><G32/><T48/><D28/><U78/><E118/><V107/><F107/><W0/><G63/><T1/><D64/><U91/><E50/><V119/><F119/><W88/><G71/><T96/><D96/><U30/><E91/><V15/><F15/><N who="3" m="7551" /><G0/><T60/><REACH who="0" step="1"/><D19/><REACH who="0" ten="340,180,160,310" step="2"/><U47/><E65/><V110/><F113/><W66/><G66/><T70/><D70/><U121/><E31/><V130/><F112/><W116/><G116/><T38/><D38/><U104/><E30/><V98/><F130/><W24/><G37/><T27/><D27/><U17/><E17/><V108/><F25/><W122/><G24/><T67/><D67/><U76/><E121/><V111/><F26/><W57/><G122/><T106/><D106/><U82/><E104/><V73/><F98/><W35/><G35/><T3/><D3/><U84/><E97/><V41/><F41/><W83/><G94/><T45/><AGARI ba="0,1" hai="1,7,8,20,22,45,48,53,54,58,60,72,74,75" machi="45" ten="30,2000,0" yaku="1,1,0,1,53,0" doraHai="13" doraHaiUra="101" who="0" fromWho="0" sc="340,30,180,-5,160,-5,310,-10" /><INIT seed="4,0,0,2,3,25" ten="370,175,155,300" oya="0" hai0="130,80,105,6,2,20,1,101,83,57,67,34,21" hai1="24,115,132,7,68,125,88,58,84,73,85,98,114" hai2="70,17,94,19,61,26,33,108,118,14,63,27,91" hai3="95,56,16,0,45,129,30,15,111,10,103,18,60"/><T82/><D34/><U59/><E68/><V22/><F108/><W109/><G0/><T79/><D79/><U86/><E73/><V107/><F107/><W102/><G129/><T81/><D130/><U41/><E132/><V124/><F124/><W65/><G45/><T134/><D134/><U131/><E131/><V121/><F121/><W97/><G103/><T126/><D126/><U72/><E72/><V40/><F118/><W8/><G30/><T128/><D128/><U51/><E7/><V64/><F40/><W69/><G69/><T43/><D43/><U78/><E78/><V120/><F61/><W93/><G95/><T46/><D46/><N who="1" m="26063" /><E24/><V13/><F120/><W32/><G32/><T75/><D75/><U53/><E53/><V42/><F42/><W49/><G49/><T117/><D117/><U116/><E125/><V54/><F54/><W74/><G74/><T87/><D105/><U119/><E119/><V133/><F133/><W3/><G3/><T48/><D6/><U39/><E39/><V52/><F52/><W112/><G112/><N who="1" m="43050" /><E116/><V11/><REACH who="2" step="1"/><F33/><REACH who="2" ten="370,175,145,300" step="2"/><W113/><G113/><T135/><D135/><U47/><E47/><V100/><F100/><W12/><AGARI ba="0,1" hai="8,10,12,15,16,18,56,60,65,93,97,102,109,111" machi="12" ten="30,4000,0" yaku="0,1,9,1,54,1" doraHai="25" who="3" fromWho="3" sc="370,-20,175,-10,145,-10,300,50" /><INIT seed="5,0,0,3,3,86" ten="350,165,135,350" oya="1" hai0="7,12,1,126,109,46,92,112,96,76,127,105,23" hai1="49,51,98,118,43,53,123,101,16,81,110,89,78" hai2="111,135,48,124,72,54,73,42,9,13,122,61,22" hai3="0,91,125,3,90,44,62,60,5,99,31,82,37"/><U93/><E118/><V77/><F111/><W47/><G125/><T56/><D109/><U75/><E123/><V25/><F122/><W108/><G108/><T83/><D105/><U63/><E110/><V88/><F124/><W113/><G113/><T129/><D112/><U35/><E35/><V119/><F119/><W95/><G31/><T18/><D129/><U69/><E43/><V33/><F33/><W74/><G37/><T4/><D1/><U15/><E101/><V40/><F61/><W103/><G74/><T116/><D116/><U45/><E51/><V133/><F77/><W68/><G68/><T52/><D46/><U28/><E28/><N who="2" m="17463" /><F73/><W29/><G29/><T79/><D127/><U130/><E130/><V102/><F72/><W58/><G62/><N who="0" m="36103" /><D126/><U39/><E39/><V70/><F70/><W107/><G107/><T121/><D121/><U71/><REACH who="1" step="1"/><E63/><REACH who="1" ten="350,155,135,350" step="2"/><V120/><F102/><W50/><G103/><N who="0" m="60807" /><D79/><U32/><E32/><V131/><F120/><W84/><G50/><T6/><D76/><U20/><AGARI ba="0,1" hai="15,16,20,45,49,53,69,71,75,78,81,89,93,98" machi="20" ten="20,18000,2" yaku="1,1,0,1,7,1,52,1,54,1,53,1" doraHai="86" doraHaiUra="104" who="1" fromWho="1" sc="350,-60,155,190,135,-60,350,-60" /><INIT seed="5,1,0,1,0,82" ten="290,345,75,290" oya="1" hai0="83,114,0,90,126,26,71,19,54,23,97,40,116" hai1="8,121,93,108,135,105,52,57,59,43,78,67,21" hai2="41,18,111,68,45,92,77,65,37,132,79,69,55" hai3="128,50,106,125,72,49,51,34,130,98,15,96,110"/><U119/><E119/><V112/><F132/><W127/><G34/><T133/><D116/><U12/><E121/><V107/><F107/><W118/><G118/><T76/><D0/><U31/><E105/><V102/><F111/><W29/><G106/><T46/><D71/><U58/><E135/><V81/><F112/><W123/><G72/><T16/><D133/><U94/><E108/><V95/><F65/><W84/><G110/><T63/><D126/><N who="3" m="48137" /><G29/><T75/><D114/><U122/><E43/><V53/><F18/><W101/><G101/><T38/><D19/><U115/><E122/><V2/><F102/><W56/><G123/><T36/><D36/><U88/><E78/><V117/><F117/><W86/><G15/><T5/><D5/><N who="1" m="3087" /><E94/><V103/><F103/><W124/><N who="3" m="48145" /><W44/><DORA hai="33" /><G56/><T70/><D70/><U30/><E67/><V28/><F28/><N who="1" m="10793" /><E21/><V11/><F81/><W62/><G44/><T64/><D64/><U6/><E6/><V20/><F20/><W74/><G74/><T4/><D4/><U113/><E115/><V17/><F69/><W3/><G3/><T35/><D35/><U39/><E113/><V25/><F68/><W73/><G62/><T131/><D63/><N who="1" m="36263" /><E39/><V14/><F2/><W87/><G73/><T91/><D38/><U99/><AGARI ba="1,0" hai="58,59,88,93,99" m="36263,10793,3087" machi="99" ten="30,6000,0" yaku="8,1,54,2" doraHai="82,33" who="1" fromWho="1" sc="290,-21,345,63,75,-21,290,-21" /><INIT seed="5,2,0,2,2,100" ten="269,408,54,269" oya="1" hai0="68,61,24,95,25,81,53,26,114,21,7,110,122" hai1="134,49,130,46,117,41,83,123,2,119,84,10,98" hai2="0,13,45,18,86,118,34,57,79,39,28,47,64" hai3="116,66,107,17,76,94,102,63,58,29,69,129,91"/><U42/><E123/><V124/><F124/><W31/><G129/><T127/><D110/><U77/><E130/><V106/><F118/><W33/><G116/><T14/><D122/><U104/><E134/><V56/><F0/><W105/><G76/><T6/><D127/><U121/><E121/><V85/><F34/><W20/><G102/><T48/><D114/><U101/><E42/><V9/><F39/><W135/><G135/><T74/><D74/><U131/><E131/><V67/><F28/><W54/><G33/><T50/><D81/><U38/><E49/><V89/><F79/><W59/><G69/><T27/><D95/><U128/><E128/><V36/><F36/><W103/><G103/><T30/><D68/><U113/><E113/><V65/><F106/><W96/><G29/><T16/><D61/><U125/><E125/><V133/><F133/><W99/><G99/><T43/><D50/><U35/><E35/><V82/><F86/><W3/><G31/><T78/><D78/><U92/><E92/><V88/><F89/><W132/><G3/><T22/><REACH who="0" step="1"/><D43/><REACH who="0" ten="259,408,54,269" step="2"/><U4/><AGARI ba="2,1" hai="2,4,10,38,41,46,77,83,84,98,101,104,117,119" machi="4" ten="30,3000,0" yaku="0,1,52,1" doraHai="100" who="1" fromWho="1" sc="259,-12,408,46,54,-12,269,-12" /><INIT seed="5,3,0,4,4,12" ten="247,454,42,257" oya="1" hai0="59,96,99,88,75,57,134,101,26,36,84,17,34" hai1="45,61,49,85,63,5,0,19,117,133,23,35,64" hai2="22,129,16,38,89,52,107,90,67,87,92,98,32" hai3="135,29,127,10,128,103,41,95,79,108,39,68,116"/><U14/><E117/><V4/><F32/><W111/><G29/><T50/><D36/><U53/><E133/><V44/><F4/><W78/><G10/><T94/><D75/><U24/><E64/><V40/><F67/><W27/><G39/><T91/><D134/><U65/><E65/><V66/><F66/><W1/><G41/><T104/><D50/><U131/><E131/><V110/><F129/><W30/><G27/><T86/><D99/><U31/><E85/><V42/><F110/><W118/><G30/><T51/><D51/><U9/><AGARI ba="3,0" hai="0,5,9,14,19,23,24,31,35,45,49,53,61,63" machi="9" ten="30,11700,0" yaku="0,1,24,2,52,1" doraHai="12" who="1" fromWho="1" sc="247,-42,454,126,42,-42,257,-42" /><INIT seed="5,4,0,1,0,118" ten="205,580,0,215" oya="1" hai0="96,134,124,63,8,127,40,78,33,55,93,87,126" hai1="77,111,130,4,80,86,92,67,133,60,46,20,30" hai2="23,12,71,128,36,76,72,64,95,65,85,53,44" hai3="17,25,106,7,34,113,47,75,50,39,84,82,97"/><U10/><E133/><V18/><F72/><W110/><G110/><T26/><D134/><U41/><E130/><V88/><F71/><W6/><G75/><T119/><D119/><U100/><E111/><V45/><F128/><W99/><G39/><T1/><D40/><U105/><E105/><V73/><F36/><W9/><G113/><T11/><D1/><U57/><E30/><V116/><F116/><W91/><G106/><T15/><D15/><U42/><E20/><V49/><F73/><W120/><G120/><T104/><D104/><U117/><E117/><V83/><F44/><W32/><G32/><T101/><D87/><U74/><E46/><V54/><F54/><N who="3" m="30047" /><G34/><T2/><D78/><U16/><E16/><V59/><F45/><W61/><G61/><T122/><D122/><U43/><E74/><V58/><F58/><W28/><G28/><N who="0" m="19607" /><D2/><U52/><E67/><V102/><F102/><W66/><G66/><T19/><D19/><U125/><E125/><V22/><F23/><N who="3" m="13551" /><G7/><T109/><D109/><U79/><E79/><V135/><F135/><W38/><G38/><T121/><D121/><U35/><E35/><V14/><F14/><AGARI ba="4,0" hai="6,9,14,82,84,91,97,99" m="13551,30047" machi="14" ten="30,1000,0" yaku="8,1" doraHai="118" who="3" fromWho="2" sc="205,0,580,0,0,-22,215,22" owari="205,-19.5,580,68.0,-22,-52.2,237,3.7" /></mjloggm>