<mjloggm ver="2.3"><GO type="225" lobby="0"/><UN n0="%E3%81%BF%E3%81%BF%E3%81%9A" n1="%73%61%6B%6F%EF%BC%A0%E6%9C%80" n2="%6E%69%63%6F%6E%74%6F" n3="%33%74%72%65%65" dan="17,16,16,17" rate="2264.27,2155.86,2107.31,2170.32" sx="M,M,M,F"/><TAIKYOKU oya="0"/><INIT seed="0,0,0,0,0,86" ten="250,250,250,250" oya="0" hai0="135,42,26,39,66,16,128,99,0,20,40,2,58" hai1="47,127,35,121,107,6,85,102,5,1,43,12,28" hai2="38,11,79,108,116,17,105,132,72,10,49,109,36" hai3="94,29,21,112,30,100,119,22,123,44,120,52,88"/><T64/><D128/><U7/><E121/><N who="3" m="46666" /><G112/><T92/><D135/><U15/><E127/><V9/><F132/><W118/><G100/><T91/><D39/><N who="2" m="14890" /><F105/><W70/><G70/><T46/><D46/><U101/><E1/><V60/><F60/><W130/><G130/><T19/><D0/><U76/><E28/><N who="3" m="10858" /><G119/><T113/><D2/><U106/><E35/><V77/><F116/><W122/><N who="3" m="46674" /><W53/><DORA hai="68" /><G118/><T41/><D113/><U124/><E124/><V59/><F17/><W32/><G32/><T84/><D58/><U111/><E106/><V8/><N who="2" m="2048" /><DORA hai="50" /><V61/><F49/><N who="3" m="28711" /><G53/><T103/><REACH who="0" step="1"/><D19/><REACH who="0" ten="240,250,250,250" step="2"/><U114/><E114/><V3/><F3/><W37/><G37/><T14/><D14/><U55/><E15/><V129/><F129/><W90/><G90/><T75/><D75/><U63/><E12/><V81/><F72/><W74/><G74/><T45/><D45/><U82/><E47/><V71/><F71/><W51/><G51/><T24/><D24/><U87/><E5/><V54/><F81/><AGARI ba="0,1" hai="16,20,26,40,41,42,64,66,81,84,91,92,99,103" machi="81" ten="40,12000,1" yaku="1,1,8,1,52,1,54,1,53,1" doraHai="86,68,50" doraHaiUra="33,93,126" who="0" fromWho="2" sc="240,130,250,0,250,-120,250,0" /><INIT seed="0,1,0,5,0,19" ten="370,250,130,250" oya="0" hai0="10,131,85,65,130,27,24,122,91,120,29,15,110" hai1="84,32,44,89,18,78,16,86,64,45,34,125,118" hai2="40,77,30,92,63,72,97,124,81,43,115,42,1" hai3="83,128,22,94,98,129,55,52,56,109,57,20,80"/><T111/><D65/><U127/><E64/><V134/><F115/><W35/><G35/><T88/><D122/><U73/><E73/><V76/><F134/><W101/><G109/><N who="0" m="41483" /><D120/><U114/><E89/><N who="0" m="34377" /><D85/><U133/><E118/><V95/><F124/><W67/><G67/><T9/><D27/><U47/><E133/><V96/><F1/><W66/><G66/><T48/><D48/><U36/><E45/><V41/><N who="2" m="10240" /><DORA hai="107" /><V68/><F63/><N who="3" m="36231" /><G129/><N who="0" m="49163" /><D15/><U71/><E71/><V31/><F68/><W126/><G128/><T105/><D105/><U37/><REACH who="1" step="1"/><E78/><REACH who="1" ten="370,240,130,250" step="2"/><N who="2" m="30315" /><F72/><W74/><G74/><T82/><D82/><N who="3" m="31273" /><G126/><T59/><D59/><U23/><E23/><AGARI ba="1,1" hai="9,10,23,24,29" m="49163,34377,41483" machi="23" ten="30,12000,1" yaku="14,1,10,1,19,1,52,1,54,1" doraHai="19,107" who="0" fromWho="1" sc="370,133,240,-123,130,0,250,0" /><INIT seed="0,2,0,0,2,133" ten="503,117,130,250" oya="0" hai0="125,20,78,97,127,66,117,89,43,49,45,118,111" hai1="70,77,131,47,73,106,60,120,17,6,85,15,22" hai2="10,122,57,75,103,21,67,123,9,24,59,130,28" hai3="126,27,54,5,95,38,82,134,18,12,90,4,7"/><T101/><D78/><U115/><E120/><V94/><F130/><W87/><G134/><T25/><D66/><U96/><E131/><V88/><F75/><W110/><G110/><T80/><D111/><U86/><E115/><V48/><F123/><W105/><G105/><T79/><D89/><U68/><E6/><V53/><F122/><W3/><G3/><T63/><D63/><U76/><E47/><V2/><F103/><W99/><G38/><T108/><D108/><U31/><E31/><V30/><F30/><W116/><G116/><T113/><D113/><U40/><E40/><V11/><F2/><W37/><G37/><T23/><D118/><U19/><E73/><V50/><F67/><W42/><G42/><T121/><D121/><U64/><E70/><V84/><REACH who="2" step="1"/><F50/><REACH who="2" ten="503,117,120,250" step="2"/><W8/><G126/><N who="0" m="48139" /><D117/><U61/><E64/><V102/><F102/><W129/><G129/><T69/><D69/><U35/><E68/><V81/><F81/><W71/><G82/><T56/><D56/><AGARI ba="2,1" hai="9,10,11,21,24,28,48,53,56,57,59,84,88,94" machi="56" ten="40,5200,0" yaku="1,1,8,1,54,1,53,0" doraHai="133" doraHaiUra="124" who="2" fromWho="0" sc="503,-58,117,0,120,68,250,0" /><INIT seed="1,0,0,0,5,92" ten="445,117,188,250" oya="1" hai0="49,96,0,13,130,101,71,41,110,87,14,100,66" hai1="127,52,31,26,80,104,72,131,7,42,116,97,25" hai2="124,84,11,88,28,34,112,82,8,37,19,103,134" hai3="59,9,1,74,21,85,117,56,23,115,33,20,30"/><U119/><E42/><V123/><F123/><W32/><G74/><T2/><D71/><U54/><E7/><V106/><F134/><W125/><G115/><T79/><D66/><U62/><E72/><V43/><F112/><W18/><G125/><T113/><D113/><U67/><E80/><V93/><F124/><W102/><G117/><T90/><D79/><U108/><E127/><V77/><F37/><W27/><G33/><T58/><D41/><U4/><E4/><V94/><F43/><W91/><G102/><T51/><D58/><U45/><E108/><V38/><F38/><W70/><G70/><T48/><D130/><U99/><E104/><V76/><F34/><W47/><G47/><T61/><D61/><U98/><E131/><V53/><F28/><W118/><G118/><T89/><D48/><U10/><E10/><N who="2" m="3627" /><F19/><W122/><G122/><T78/><D87/><U55/><E45/><V44/><F106/><W16/><G1/><T73/><D78/><N who="2" m="30314" /><F103/><W60/><G9/><T83/><D73/><U109/><E109/><V36/><F36/><W128/><G128/><T75/><D75/><U69/><REACH who="1" step="1"/><E26/><REACH who="1" ten="445,107,188,250" step="2"/><V12/><F12/><W105/><G105/><T46/><D83/><U135/><E135/><V107/><F107/><W65/><G27/><T29/><D46/><U40/><E40/><V64/><F64/><W50/><G65/><T57/><D110/><U24/><E24/><V129/><F129/><W81/><G81/><T15/><D15/><U17/><E17/><V22/><F44/><W6/><G16/><T114/><D14/><U133/><E133/><RYUUKYOKU ba="0,1" sc="445,-10,107,30,188,-10,250,-10" hai1="25,31,52,54,55,62,67,69,97,98,99,116,119" /><INIT seed="1,1,1,0,0,78" ten="435,137,178,240" oya="1" hai0="27,28,73,12,15,65,26,121,5,72,98,38,62" hai1="50,102,6,31,40,3,35,44,63,52,59,87,51" hai2="110,56,11,80,115,33,131,84,74,17,4,90,13" hai3="124,132,125,97,113,127,106,37,122,16,130,128,77"/><U34/><E102/><V86/><F110/><W67/><G122/><T53/><D38/><U48/><E87/><V68/><F131/><N who="3" m="50219" /><G113/><T58/><D121/><U105/><E105/><V70/><F115/><W116/><G37/><T36/><D36/><U46/><E31/><V88/><F74/><W57/><G116/><T79/><D26/><U126/><E126/><V49/><F33/><W104/><G97/><T120/><D120/><U81/><E81/><N who="2" m="49167" /><F70/><W21/><G77/><T55/><D98/><U92/><E92/><V29/><F68/><W9/><G9/><T8/><D15/><U134/><E134/><V24/><F29/><W2/><G2/><T118/><D118/><U42/><E63/><V135/><F135/><W20/><G20/><T101/><D101/><U99/><REACH who="1" step="1"/><E99/><REACH who="1" ten="435,127,178,240" step="2"/><V23/><F49/><W108/><G132/><T91/><D73/><U19/><E19/><N who="2" m="12415" /><F56/><W22/><G106/><T41/><D72/><U82/><E82/><V119/><F119/><W66/><G104/><T7/><D58/><U83/><E83/><V60/><F60/><W54/><G127/><T0/><D62/><U114/><E114/><V76/><F76/><W107/><G107/><T109/><D79/><U30/><E30/><V18/><AGARI ba="1,2" hai="4,11,13,17,18,80,86,90" m="12415,49167" machi="18" ten="30,7900,0" yaku="8,1,52,2,54,1" doraHai="78" who="2" fromWho="2" sc="435,-21,127,-40,178,102,240,-21" /><INIT seed="2,0,0,0,1,26" ten="414,87,280,219" oya="2" hai0="131,73,43,50,2,123,82,111,57,114,25,109,12" hai1="91,113,135,66,81,11,80,0,3,96,101,99,18" hai2="103,77,67,47,100,119,42,132,56,127,92,102,19" hai3="129,84,70,1,48,116,94,29,76,85,83,30,15"/><V39/><F119/><W10/><G116/><T41/><D2/><U72/><E113/><V51/><F132/><W4/><G70/><T27/><D123/><U62/><E135/><V64/><F127/><W38/><G38/><T89/><D114/><U75/><E18/><V23/><F77/><W59/><G129/><T17/><D131/><U36/><E36/><V54/><REACH who="2" step="1"/><F92/><REACH who="2" ten="414,87,270,219" step="2"/><W108/><G108/><T88/><D111/><U105/><E105/><V34/><F34/><W22/><G1/><T45/><D109/><U13/><E0/><V46/><F46/><W110/><G110/><T20/><D73/><U133/><E3/><V21/><F21/><W35/><G22/><N who="0" m="13519" /><D82/><U69/><E72/><V117/><F117/><W124/><G35/><T61/><D41/><U14/><E133/><V120/><F120/><W49/><G124/><T31/><D12/><AGARI ba="0,1" hai="12,19,23,39,42,47,51,54,56,64,67,100,102,103" machi="12" ten="40,2000,0" yaku="1,1,53,0" doraHai="26" doraHaiUra="33" who="2" fromWho="0" sc="414,-20,87,0,270,30,219,0" /><INIT seed="2,1,0,3,2,16" ten="394,87,300,219" oya="2" hai0="104,12,76,117,71,124,61,47,128,101,82,132,22" hai1="53,28,3,72,33,126,20,122,43,70,121,105,44" hai2="41,114,107,119,31,62,50,95,36,92,68,81,74" hai3="25,45,17,133,13,48,67,80,40,54,52,88,46"/><V123/><F114/><W75/><G133/><T29/><D132/><U5/><E72/><V7/><F119/><W110/><G110/><T37/><D117/><U97/><E70/><V78/><F123/><N who="1" m="47113" /><E33/><V30/><F107/><W23/><G67/><T102/><D22/><U115/><E115/><V64/><F7/><W106/><G106/><T9/><D124/><U96/><E126/><V118/><F118/><W60/><G60/><T134/><D128/><U131/><E131/><V120/><F120/><W86/><G75/><T55/><D47/><U90/><E53/><N who="3" m="20586" /><G46/><T84/><D9/><N who="1" m="2239" /><E90/><V19/><F36/><W129/><G129/><T127/><D37/><N who="1" m="21615" /><E105/><V1/><F1/><W94/><G13/><T111/><D12/><U87/><E87/><V0/><F0/><W135/><G135/><T21/><D84/><U66/><E66/><V73/><F73/><W79/><G79/><T103/><D71/><U39/><E39/><V24/><F41/><W59/><G59/><T38/><D38/><U58/><E58/><V10/><F50/><W2/><G2/><T130/><D127/><U15/><E15/><V91/><F10/><W42/><G42/><T26/><D130/><U125/><E125/><V65/><F65/><W14/><G14/><T49/><D134/><U93/><E93/><AGARI ba="1,0" hai="17,23,25,40,45,48,80,86,88,93,94" m="20586" machi="93" ten="30,7700,0" yaku="8,1,52,1,54,2" doraHai="16" who="3" fromWho="1" sc="394,0,87,-80,300,0,219,80" /><INIT seed="3,0,0,4,3,46" ten="394,7,300,299" oya="3" hai0="42,10,114,63,95,132,26,38,6,121,27,97,36" hai1="28,94,93,44,25,127,89,71,5,56,80,88,48" hai2="13,123,108,79,124,40,109,117,51,2,49,8,110" hai3="11,126,30,52,90,34,1,19,20,66,128,131,116"/><W31/><G116/><T43/><D121/><U75/><E71/><V32/><F117/><W35/><G66/><T92/><D63/><U85/><E75/><V81/><F123/><W100/><G100/><T82/><D82/><U87/><E127/><V103/><F103/><W50/><G126/><T3/><D132/><U33/><E5/><V54/><F124/><W65/><G65/><T41/><D114/><U61/><E80/><V86/><F32/><N who="3" m="12331" /><G90/><T57/><D57/><U102/><E102/><V101/><F101/><W74/><G74/><T130/><D97/><U106/><E106/><V67/><F2/><W104/><G104/><T122/><D42/><U113/><E113/><V4/><F67/><W125/><G125/><T72/><D3/><U39/><E39/><V78/><F40/><W134/><G134/><T112/><D72/><U16/><E33/><V64/><F64/><W58/><G11/><T23/><D10/><U91/><E28/><N who="3" m="10794" /><G1/><T45/><D36/><U77/><E77/><N who="2" m="46383" /><F54/><W12/><G52/><T135/><D43/><U118/><E118/><V105/><F105/><W76/><G76/><AGARI ba="0,0" hai="4,8,13,49,51,76,78,79,108,109,110" m="46383" machi="76" ten="30,3900,0" yaku="14,1,52,2" doraHai="46" who="2" fromWho="3" sc="394,0,7,0,300,39,299,-39" owari="394,49.4,7,-49.3,339,13.9,260,-14.0" /></mjloggm>