<mjloggm ver="2.3"><GO type="169" lobby="0"/><UN n0="%E6%9C%88%E5%A4%9C%E3%81%AB%E9%A2%A8" n1="%62%69%70%73%64" n2="%E3%82%89%E3%81%84%E3%81%82%E3%82%93%E3%81%98%E3%82%83%E3%82%93" n3="%E2%91%A3%E3%82%BB%E3%83%B3%E3%83%81" dan="16,18,17,18" rate="2056.02,2260.46,2193.70,2261.43" sx="M,M,M,M"/><TAIKYOKU oya="0"/><INIT seed="0,0,0,3,4,40" ten="250,250,250,250" oya="0" hai0="129,108,98,63,36,85,7,74,55,92,27,52,6" hai1="17,62,135,121,49,87,54,89,123,128,69,22,70" hai2="13,113,110,79,59,130,111,133,57,32,65,105,83" hai3="115,120,73,38,67,16,106,29,90,118,93,61,101"/><T122/><D122/><U19/><E128/><V28/><F113/><W103/><G118/><T127/><D74/><U116/><E116/><V23/><F105/><W39/><G115/><T14/><D129/><U100/><E135/><V43/><F133/><W126/><G29/><T82/><D127/><U132/><E132/><V112/><F112/><W56/><G73/><T78/><D36/><U11/><E100/><V107/><F107/><W9/><G126/><T134/><D134/><U125/><E125/><V48/><F32/><W24/><G120/><T31/><D108/><U41/><E41/><V35/><F35/><W53/><G106/><T0/><D0/><U104/><E62/><V3/><F3/><W26/><G26/><T96/><D96/><U20/><E11/><V95/><F95/><W60/><G39/><T2/><D14/><U66/><E66/><V99/><F99/><N who="3" m="57783" /><G9/><T119/><D2/><U37/><E104/><V94/><F94/><W4/><G4/><N who="0" m="1579" /><D63/><U45/><E37/><V42/><F130/><W102/><G38/><T97/><D97/><U80/><E123/><V47/><F110/><W64/><G61/><T12/><D12/><U75/><E75/><V109/><F109/><W50/><G50/><T71/><D71/><U72/><E72/><V88/><F48/><W114/><G114/><T124/><D124/><U46/><E121/><V30/><F111/><W131/><G131/><T81/><D119/><U25/><REACH who="1" step="1"/><E46/><REACH who="1" ten="250,240,250,250" step="2"/><V21/><F47/><W33/><G33/><T34/><D34/><U86/><E86/><V8/><F8/><W76/><G76/><RYUUKYOKU ba="0,1" sc="250,-15,240,15,250,-15,250,15" hai1="17,19,20,22,25,45,49,54,69,70,80,87,89" hai3="16,24,53,56,60,64,67,101,102,103" /><INIT seed="1,1,1,1,3,72" ten="235,255,235,265" oya="1" hai0="90,56,32,46,113,114,41,122,9,83,23,38,48" hai1="108,2,6,40,126,67,112,86,105,37,80,54,69" hai2="81,63,57,52,10,49,104,12,26,97,50,5,59" hai3="36,116,55,131,13,51,4,78,129,110,135,124,3"/><U134/><E112/><V107/><F26/><W102/><G36/><T88/><D32/><U35/><E105/><V85/><F97/><W68/><G3/><T98/><D122/><U31/><E69/><V103/><F103/><W39/><G39/><T21/><D113/><U115/><E115/><V109/><F109/><W71/><G110/><T96/><D114/><U17/><E67/><V1/><F1/><W118/><G102/><T45/><D56/><U16/><E31/><V79/><REACH who="2" step="1"/><F49/><REACH who="2" ten="235,255,225,265" step="2"/><W73/><G51/><T22/><D98/><U111/><E2/><V106/><F106/><W76/><G118/><T75/><D96/><U28/><E111/><V65/><AGARI ba="1,2" hai="5,10,12,50,52,57,59,63,65,79,81,85,104,107" machi="65" ten="20,8000,1" yaku="1,1,0,1,7,1,52,1,54,1,53,0" doraHai="72" doraHaiUra="121" who="2" fromWho="2" sc="235,-21,255,-41,225,103,265,-21" /><INIT seed="2,0,0,0,1,28" ten="214,214,328,244" oya="2" hai0="101,128,113,52,122,55,15,89,9,64,107,102,38" hai1="10,83,18,6,125,7,100,94,86,87,79,120,40" hai2="43,19,42,68,69,134,14,90,81,44,115,48,4" hai3="37,0,116,60,92,91,106,75,108,109,39,27,17"/><V112/><F134/><W84/><G116/><T67/><D113/><U96/><E125/><V36/><F4/><W16/><G0/><T121/><D38/><U110/><E110/><N who="3" m="42602" /><G106/><T5/><D128/><U56/><E120/><V88/><F112/><W126/><G75/><T114/><D114/><U135/><E135/><V41/><F115/><W105/><G105/><T35/><D107/><U72/><E40/><V119/><F119/><W3/><G3/><T111/><D89/><U82/><E72/><V47/><F42/><W66/><G126/><T132/><D132/><U11/><E56/><V50/><F36/><N who="3" m="13899" /><G27/><T53/><D111/><U85/><E18/><V24/><F24/><W46/><G46/><T74/><D74/><U29/><E29/><V30/><F30/><W25/><G25/><T20/><D122/><U21/><E21/><V61/><F61/><W133/><G133/><T8/><D121/><U49/><E49/><V59/><F59/><AGARI ba="0,0" hai="16,17,59,60,66,84,91,92" m="13899,42602" machi="59" ten="30,2000,0" yaku="14,1,54,1" doraHai="28" who="3" fromWho="2" sc="214,0,214,0,328,-20,244,20" /><INIT seed="3,0,0,1,4,37" ten="214,214,308,264" oya="3" hai0="51,58,57,34,6,131,115,11,16,4,31,132,68" hai1="123,82,18,40,52,33,3,41,59,32,104,28,109" hai2="130,112,127,99,95,49,55,78,43,69,80,90,81" hai3="106,65,119,85,116,19,10,83,70,117,125,102,8"/><W94/><G106/><T105/><D68/><U29/><E123/><V35/><F112/><W54/><G125/><T108/><D115/><U72/><E3/><V20/><F35/><W77/><G70/><T53/><D108/><U91/><E104/><V61/><F127/><W39/><G65/><T86/><D131/><U97/><E32/><V71/><F130/><W9/><G39/><T76/><D132/><U79/><E109/><V45/><F81/><W67/><G67/><T133/><D105/><U12/><E33/><V24/><F61/><W47/><G102/><T122/><D122/><U92/><E28/><V36/><F36/><W38/><G94/><T118/><D118/><U60/><E29/><V42/><F69/><W5/><G19/><T135/><D57/><U128/><E128/><V110/><F71/><W26/><G26/><N who="0" m="18807" /><D86/><U27/><E27/><V120/><F110/><W87/><G87/><T124/><D76/><U121/><E121/><V84/><F120/><W1/><REACH who="3" step="1"/><G54/><REACH who="3" ten="214,214,308,254" step="2"/><T56/><D124/><U75/><REACH who="1" step="1"/><E72/><REACH who="1" ten="214,204,308,254" step="2"/><V7/><F7/><W101/><G101/><T100/><D100/><U21/><AGARI ba="0,2" hai="12,18,21,40,41,52,59,60,75,79,82,91,92,97" machi="21" ten="20,12000,2" yaku="1,1,2,1,0,1,7,1,52,2,54,1,53,0" doraHai="37" doraHaiUra="96" who="1" fromWho="1" sc="214,-30,204,140,308,-30,254,-60" /><INIT seed="4,0,0,4,5,113" ten="184,344,278,194" oya="0" hai0="108,70,116,130,19,45,114,63,110,43,103,85,64" hai1="95,8,25,44,50,24,14,15,75,84,54,32,118" hai2="6,36,29,81,105,123,76,100,129,132,47,4,71" hai3="51,134,87,135,111,107,128,39,77,52,94,92,104"/><T17/><D114/><U31/><E75/><V86/><F123/><W109/><G39/><T57/><D130/><U89/><E118/><V72/><F71/><W112/><G51/><T88/><D103/><U20/><REACH who="1" step="1"/><E8/><REACH who="1" ten="184,334,278,194" step="2"/><V117/><F117/><W67/><G112/><T3/><D116/><U1/><E1/><V73/><F72/><W26/><G128/><T102/><D3/><U21/><E21/><V27/><F73/><W46/><G111/><N who="0" m="42539" /><D70/><U91/><E91/><V121/><F129/><W35/><G109/><T127/><D102/><U62/><E62/><V79/><F79/><W12/><G77/><T131/><D131/><U120/><E120/><V2/><F2/><W59/><G134/><T37/><D127/><U40/><E40/><V23/><F132/><W119/><G119/><T97/><D97/><U125/><E125/><V122/><F121/><W18/><G135/><T115/><D115/><U16/><AGARI ba="0,1" hai="14,15,16,20,24,25,31,32,44,50,54,84,89,95" machi="16" ten="20,5200,0" yaku="1,1,0,1,7,1,54,1,53,0" doraHai="113" doraHaiUra="53" who="1" fromWho="1" sc="184,-26,334,62,278,-13,194,-13" /><INIT seed="5,0,0,4,4,80" ten="158,396,265,181" oya="1" hai0="12,81,115,100,76,53,135,88,99,82,51,116,74" hai1="89,8,72,32,60,34,91,35,130,46,75,92,54" hai2="47,78,128,37,73,127,104,114,96,94,117,7,86" hai3="0,102,70,64,9,98,71,68,83,22,87,109,56"/><U131/><E8/><V129/><F7/><W62/><G109/><T14/><D116/><U97/><E91/><N who="2" m="53623" /><F37/><W113/><G113/><T106/><D115/><U38/><E60/><V55/><F55/><W40/><G40/><T5/><D135/><U69/><E69/><V19/><F19/><W3/><G22/><T45/><REACH who="0" step="1"/><D5/><REACH who="0" ten="148,396,265,181" step="2"/><U43/><REACH who="1" step="1"/><E54/><REACH who="1" ten="148,386,265,181" step="2"/><V101/><F114/><W108/><G108/><T27/><D27/><U65/><E65/><V125/><F117/><W18/><G64/><T57/><D57/><U44/><E44/><V133/><F47/><W31/><G71/><T93/><D93/><U90/><E90/><V25/><F133/><W30/><G70/><T1/><D1/><U111/><E111/><V23/><F128/><AGARI ba="0,2" hai="32,34,35,38,43,46,72,75,89,92,97,128,130,131" machi="128" ten="50,4800,0" yaku="1,1,19,1,53,0" doraHai="80" doraHaiUra="119" who="1" fromWho="2" sc="148,0,386,68,265,-48,181,0" /><INIT seed="5,1,0,2,5,66" ten="148,454,217,181" oya="1" hai0="17,113,44,0,95,42,49,118,4,76,98,72,115" hai1="122,130,59,14,84,39,3,129,128,96,9,106,36" hai2="116,48,97,131,79,2,10,123,15,73,69,20,11" hai3="51,34,90,26,77,6,13,25,104,21,45,83,89"/><U57/><E122/><V62/><F116/><W8/><G104/><T135/><D118/><U52/><E3/><V24/><F123/><W100/><G100/><T112/><D135/><U5/><E59/><V105/><F2/><W102/><G102/><T29/><D29/><U92/><E84/><V114/><F105/><W54/><G34/><T85/><D72/><U16/><E5/><V47/><F97/><W74/><REACH who="3" step="1"/><G26/><REACH who="3" ten="148,454,217,171" step="2"/><T61/><D115/><U33/><E106/><V12/><F24/><W132/><G132/><T93/><D113/><U56/><E33/><V18/><F114/><W91/><G91/><T7/><D112/><U67/><E67/><V125/><F131/><W55/><G55/><T99/><D0/><U64/><E64/><V71/><F12/><W127/><G127/><T63/><D76/><U43/><E43/><V82/><F125/><W70/><G70/><T32/><D32/><U40/><E40/><V80/><F69/><W60/><G60/><T134/><D134/><U37/><E52/><N who="2" m="29727" /><F62/><W50/><G50/><T117/><D117/><U111/><E111/><V28/><F71/><W58/><G58/><T119/><D119/><U110/><E110/><V107/><F107/><W38/><G38/><T133/><D133/><U30/><E30/><AGARI ba="1,1" hai="6,8,13,21,25,30,45,51,54,74,77,83,89,90" machi="30" ten="30,2000,0" yaku="1,1,7,1,53,0" doraHai="66" doraHaiUra="94" who="3" fromWho="1" sc="148,0,454,-23,217,0,171,33" /><INIT seed="6,0,0,2,0,89" ten="148,431,217,204" oya="2" hai0="53,69,72,22,55,127,103,73,11,135,91,90,104" hai1="123,20,62,85,66,114,17,97,98,112,15,86,115" hai2="96,99,80,33,121,110,67,8,132,44,19,31,42" hai3="49,27,88,108,94,0,45,120,58,37,59,12,119"/><V2/><F121/><W40/><G0/><T54/><D127/><U92/><E123/><V51/><F132/><W56/><G120/><T82/><D135/><U70/><E98/><V128/><F128/><W7/><G119/><T41/><D69/><U5/><E5/><V126/><F126/><W71/><G71/><T14/><D41/><U134/><E134/><V77/><F67/><W35/><G108/><T64/><D64/><U117/><E117/><V100/><F110/><W29/><G7/><T81/><D22/><U16/><E17/><V18/><F96/><W47/><G12/><T84/><D103/><AGARI ba="0,0" hai="15,16,20,62,66,70,85,86,92,97,103,112,114,115" machi="103" ten="40,5200,0" yaku="15,1,52,1,54,1" doraHai="89" who="1" fromWho="0" sc="148,-52,431,52,217,0,204,0" /><INIT seed="7,0,0,4,1,2" ten="96,483,217,204" oya="3" hai0="125,103,76,87,3,99,59,117,88,65,27,73,7" hai1="135,80,124,92,118,106,85,53,79,113,63,36,34" hai2="61,104,6,130,38,68,46,75,41,13,96,91,94" hai3="114,81,43,93,57,48,22,71,19,30,78,15,20"/><W23/><G71/><T18/><D117/><U35/><E106/><V107/><F75/><W12/><G114/><T62/><D125/><U100/><E36/><V25/><F130/><W111/><G111/><T51/><D73/><U49/><E63/><V1/><F1/><W8/><G93/><T102/><D76/><U52/><E52/><V14/><F25/><W101/><G101/><T74/><D74/><U28/><E28/><V82/><F82/><W66/><G66/><T69/><D99/><N who="1" m="59495" /><E135/><V98/><F98/><W89/><G89/><T39/><D39/><U55/><E55/><V127/><F127/><W10/><G57/><T33/><D69/><U29/><E29/><V21/><F14/><W120/><G120/><T97/><D97/><U70/><E124/><V0/><F0/><W121/><G121/><T60/><D60/><U64/><E64/><V105/><F61/><W134/><G134/><T133/><D133/><U83/><E80/><V16/><F68/><W58/><G58/><T31/><D51/><U95/><E70/><V126/><F126/><W129/><G129/><T56/><D56/><U32/><E95/><V115/><F115/><W131/><G131/><T5/><D18/><U123/><E123/><V54/><F54/><W132/><G132/><T47/><D47/><N who="1" m="27839" /><E113/><V109/><F109/><W122/><G122/><T128/><D128/><U86/><E118/><V17/><F17/><W84/><G30/><T108/><D108/><U42/><E42/><V40/><F40/><W24/><G43/><T11/><D7/><U119/><E119/><V37/><F37/><RYUUKYOKU ba="0,0" sc="96,10,483,10,217,10,204,-30" hai0="3,5,11,27,31,33,59,62,65,87,88,102,103" hai1="32,34,35,79,83,85,86" hai2="6,13,16,21,38,41,46,91,94,96,104,105,107" owari="106,-39.4,493,59.3,227,2.7,174,-22.6" /></mjloggm>