<mjloggm ver="2.3"><GO type="169" lobby="0"/><UN n0="%63%61%72%6C%6F%73%6E" n1="%2D%E8%B1%8A%E5%8F%A3%E3%82%81%E3%81%90%E3%81%BF%2D" n2="%E5%9C%A7%E5%80%92%E7%9A%84%E3%83%9D%E3%83%B3" n3="%E5%85%AD%E9%83%A8%E5%9C%AD" dan="17,17,17,16" rate="2208.54,2146.62,2221.05,2133.33" sx="M,F,M,M"/><TAIKYOKU oya="0"/><INIT seed="0,0,0,2,3,126" ten="250,250,250,250" oya="0" hai0="85,33,91,77,100,31,122,92,110,80,4,56,117" hai1="65,116,83,49,32,90,19,17,72,47,52,88,84" hai2="131,7,82,20,133,106,119,22,15,134,66,24,26" hai3="95,42,13,59,55,86,103,18,40,112,10,57,64"/><T2/><D117/><U135/><E116/><V62/><F106/><W99/><G112/><T68/><D122/><U44/><E32/><V53/><F53/><W51/><REACH who="3" step="1"/><G86/><REACH who="3" ten="250,250,250,240" step="2"/><T123/><D85/><N who="1" m="50239" /><E72/><V74/><F119/><W43/><G43/><T101/><D123/><U115/><E115/><V120/><F120/><W118/><G118/><T108/><D108/><U37/><E135/><V35/><F134/><W128/><G128/><T0/><D110/><U1/><E37/><V121/><F131/><W11/><G11/><T54/><D68/><U8/><E1/><V29/><F121/><W23/><G23/><T109/><D109/><U71/><E71/><V45/><F133/><W39/><G39/><T25/><D0/><U38/><E38/><V98/><F22/><W16/><G16/><N who="1" m="6218" /><E8/><V94/><F74/><W34/><G34/><T12/><D2/><U41/><E65/><V102/><F66/><W61/><AGARI ba="0,1" hai="10,13,18,40,42,51,55,57,59,61,64,95,99,103" machi="61" ten="30,4000,0" yaku="1,1,0,1,8,1,53,0" doraHai="126" doraHaiUra="87" who="3" fromWho="3" sc="250,-20,250,-10,250,-10,240,50" /><INIT seed="1,0,0,1,4,97" ten="230,240,240,290" oya="1" hai0="99,115,62,18,134,40,94,83,114,86,109,85,77" hai1="130,63,81,120,84,37,116,122,80,30,78,4,19" hai2="29,95,42,127,82,17,57,31,47,48,60,105,135" hai3="113,76,103,124,58,118,32,89,108,53,23,107,125"/><U2/><E37/><V71/><F105/><W36/><G32/><T104/><D109/><U16/><E116/><V28/><F127/><W126/><G113/><T12/><D104/><U52/><E30/><V91/><F71/><W22/><G36/><T55/><D40/><U20/><E130/><V39/><F82/><W72/><G108/><T92/><D134/><U46/><E2/><V54/><F135/><W3/><G3/><T45/><D86/><U64/><E4/><V25/><F17/><W79/><G118/><T119/><D119/><U70/><E81/><V49/><REACH who="2" step="1"/><F25/><REACH who="2" ten="230,240,230,290" step="2"/><W5/><G107/><T131/><D131/><U110/><E110/><V129/><F129/><W35/><G124/><T34/><D115/><U41/><E19/><V111/><F111/><W13/><G125/><T98/><D114/><U74/><E74/><V106/><F106/><W73/><G126/><T66/><D94/><U21/><E21/><V50/><F50/><W133/><G133/><T67/><D92/><U11/><E11/><V7/><F7/><W123/><G72/><T26/><D26/><U75/><E75/><V9/><F9/><W6/><G73/><T51/><D34/><U90/><E78/><V128/><F128/><W101/><G35/><T102/><D62/><U87/><E16/><V61/><F61/><W43/><G5/><T121/><D18/><U38/><E20/><V68/><F68/><W96/><G76/><T44/><D77/><N who="1" m="46095" /><E122/><V0/><F0/><W1/><G1/><T33/><D33/><U27/><E120/><V8/><F8/><N who="3" m="4247" /><G123/><T14/><D121/><RYUUKYOKU ba="0,1" sc="230,-10,240,-10,230,30,290,-10" hai2="28,29,31,39,42,47,48,49,54,57,60,91,95" /><INIT seed="2,1,1,5,4,120" ten="220,230,260,280" oya="2" hai0="44,96,58,54,51,72,94,89,113,39,124,93,53" hai1="77,135,80,41,81,57,106,3,18,62,5,12,43" hai2="88,85,87,126,68,63,40,23,100,121,112,45,28" hai3="90,64,33,86,117,129,14,76,92,71,13,122,132"/><V46/><F121/><W78/><G122/><T49/><D113/><U98/><E135/><V79/><F112/><W24/><G117/><T55/><D124/><U48/><E3/><V65/><F126/><W56/><G71/><T130/><D130/><U128/><E5/><V8/><F100/><W6/><G129/><T36/><D72/><U134/><E128/><V99/><F8/><W75/><G132/><T133/><D133/><U20/><E134/><V109/><F109/><W35/><G35/><T37/><REACH who="0" step="1"/><D94/><REACH who="0" ten="210,230,260,280" step="2"/><U116/><E116/><V59/><F68/><W127/><G127/><T2/><D2/><U84/><E106/><V34/><F34/><W21/><G33/><T42/><AGARI ba="1,2" hai="36,37,39,42,44,49,51,53,54,55,58,89,93,96" machi="42" ten="30,8000,1" yaku="1,1,0,1,53,3" doraHai="120" doraHaiUra="50" who="0" fromWho="0" sc="210,103,230,-21,260,-41,280,-21" /><INIT seed="3,0,0,0,1,10" ten="313,209,219,259" oya="3" hai0="14,64,16,85,115,114,133,58,36,61,15,121,91" hai1="41,82,130,107,19,99,113,127,62,57,92,9,51" hai2="53,46,34,6,120,26,110,118,0,28,129,52,27" hai3="25,75,50,65,17,20,95,22,77,116,29,122,89"/><W24/><G116/><T40/><D121/><U102/><E113/><N who="0" m="43017" /><D133/><U90/><E127/><V80/><F120/><W68/><G122/><T103/><D103/><U74/><E130/><V11/><F118/><W84/><G68/><T97/><D97/><U66/><E41/><V123/><F123/><W38/><G38/><T106/><D106/><U13/><E51/><V72/><F110/><W81/><G50/><T69/><D69/><U7/><E74/><V5/><F129/><W12/><REACH who="3" step="1"/><G65/><REACH who="3" ten="313,209,219,249" step="2"/><T71/><D71/><U111/><E111/><V132/><F132/><W54/><G54/><T31/><D36/><U105/><E82/><V2/><F46/><W49/><G49/><T86/><D40/><U55/><E66/><V76/><F53/><W135/><G135/><T87/><D64/><U37/><E37/><V93/><F52/><W43/><G43/><T21/><D61/><U1/><REACH who="1" step="1"/><E102/><REACH who="1" ten="313,199,219,249" step="2"/><V112/><F112/><W78/><G78/><T32/><D91/><U35/><E35/><V119/><F34/><W33/><G33/><T8/><D32/><U63/><E63/><V96/><F76/><W23/><G23/><AGARI ba="0,2" hai="1,7,9,13,19,23,55,57,62,90,92,99,105,107" machi="23" ten="30,3900,0" yaku="1,1,7,1,52,1,53,0" doraHai="10" doraHaiUra="134" who="1" fromWho="3" sc="313,0,199,59,219,0,249,-39" /><INIT seed="4,0,0,3,1,31" ten="313,258,219,210" oya="0" hai0="70,104,55,117,48,41,44,24,12,13,131,122,19" hai1="85,81,25,135,124,102,88,111,10,52,115,20,108" hai2="118,32,61,89,100,110,121,28,21,9,63,119,101" hai3="112,133,73,56,3,17,84,39,42,5,57,62,27"/><T120/><D117/><U75/><E75/><V128/><F110/><W29/><G73/><T46/><D104/><U43/><E43/><V1/><F121/><W126/><G112/><T129/><D70/><U47/><E102/><V40/><F40/><W80/><G133/><T16/><D24/><U76/><E135/><V93/><F21/><W71/><G126/><T107/><D107/><U77/><E124/><V65/><F128/><N who="0" m="49226" /><D13/><U51/><E115/><V14/><F1/><W98/><G17/><N who="0" m="6731" /><D12/><U113/><E113/><V83/><F83/><W72/><G72/><T69/><D69/><U15/><E108/><V45/><F45/><W97/><G71/><T59/><D46/><U26/><E111/><V58/><F119/><W7/><G27/><N who="1" m="10250" /><E20/><V38/><F38/><AGARI ba="0,0" hai="38,41,44,48,55,59,120,122" m="6731,49226" machi="38" ten="30,2900,0" yaku="19,1,54,1" doraHai="31" who="0" fromWho="2" sc="313,29,258,0,219,-29,210,0" /><INIT seed="4,1,0,5,5,2" ten="342,258,190,210" oya="0" hai0="97,102,3,37,130,60,28,75,88,21,98,114,131" hai1="33,25,32,26,24,45,92,100,22,40,23,128,135" hai2="47,101,57,41,95,30,64,54,93,120,65,111,50" hai3="74,63,105,44,68,122,126,4,71,14,82,51,72"/><T36/><D75/><U106/><E106/><V110/><F120/><W89/><G105/><T104/><D114/><U109/><E109/><V58/><F30/><W10/><G122/><T113/><D113/><U12/><E135/><V9/><F101/><W43/><G126/><T66/><D3/><U38/><E128/><N who="0" m="49193" /><D28/><U70/><E70/><V61/><F9/><W20/><G68/><N who="0" m="42055" /><D21/><U118/><E118/><V119/><F95/><AGARI ba="1,0" hai="36,37,88,95,97,98,102,104" m="42055,49193" machi="95" ten="30,2900,0" yaku="19,1,54,1" doraHai="2" who="0" fromWho="2" sc="342,32,258,0,190,-32,210,0" /><INIT seed="4,2,0,0,3,90" ten="374,258,158,210" oya="0" hai0="97,41,91,72,106,109,33,51,104,123,19,44,7" hai1="81,73,135,132,47,122,54,1,29,11,117,130,99" hai2="48,83,108,21,131,27,12,125,78,77,70,105,133" hai3="50,100,52,120,79,85,10,121,129,6,95,15,124"/><T5/><D123/><N who="3" m="47177" /><G129/><T82/><D33/><U69/><E117/><V16/><F105/><W60/><G124/><T80/><D109/><U59/><E69/><V39/><F39/><W116/><G116/><T17/><D72/><U61/><E122/><V103/><F108/><W25/><G60/><T134/><D134/><U118/><E118/><V38/><F38/><W84/><G25/><T62/><D62/><U107/><E29/><V35/><F70/><W0/><G79/><T66/><D66/><U101/><E130/><V34/><F131/><W67/><G67/><T75/><D75/><U111/><E111/><V2/><F2/><W40/><G40/><T89/><D97/><U42/><E73/><V55/><F125/><W30/><G30/><T43/><D51/><U64/><E64/><V32/><F103/><W102/><G0/><T22/><D22/><U36/><E81/><V115/><F115/><W86/><G95/><T87/><D87/><N who="3" m="22273" /><W8/><DORA hai="128" /><G10/><T13/><D13/><U23/><E23/><V31/><F83/><W112/><G112/><T88/><D89/><U76/><E76/><V74/><F74/><W65/><G65/><T57/><D57/><AGARI ba="2,0" hai="6,8,15,50,52,57,100,102" m="22273,47177" machi="57" ten="40,2600,0" yaku="13,1,54,1" doraHai="90,128" who="3" fromWho="0" sc="374,-32,258,0,158,0,210,32" /><INIT seed="5,0,0,2,4,50" ten="342,258,158,242" oya="1" hai0="18,130,91,41,129,6,121,4,97,26,87,0,90" hai1="46,53,115,122,44,112,109,81,70,64,71,13,93" hai2="95,78,1,30,84,52,27,77,134,49,17,128,11" hai3="56,111,79,82,106,126,92,35,39,110,68,10,125"/><U119/><E81/><V61/><F61/><W40/><G68/><T69/><D69/><U89/><E119/><V37/><F37/><W66/><G106/><T124/><D124/><U98/><E122/><V3/><F128/><N who="0" m="49258" /><D121/><U23/><E109/><V88/><F134/><W57/><G35/><T14/><D26/><U19/><E46/><V118/><F118/><W43/><G92/><N who="0" m="56479" /><D41/><U101/><E101/><V107/><F107/><W63/><G10/><N who="0" m="6487" /><D0/><U34/><E34/><V24/><F3/><W15/><G15/><T94/><AGARI ba="0,0" hai="4,6,87,90,94" m="6487,56479,49258" machi="94" ten="30,1100,0" yaku="19,1" doraHai="50" who="0" fromWho="0" sc="342,11,258,-5,158,-3,242,-3" /><INIT seed="6,0,0,5,4,57" ten="353,253,155,239" oya="2" hai0="68,71,45,18,52,128,4,118,69,123,122,85,32" hai1="87,13,81,102,61,91,114,115,11,72,86,20,34" hai2="62,84,53,125,60,42,0,78,33,67,119,127,39" hai3="21,66,124,120,100,50,37,9,126,49,130,36,94"/><V51/><F0/><W59/><G120/><T101/><D32/><U12/><E34/><V79/><F33/><W107/><G107/><T116/><D4/><U17/><E102/><V25/><F119/><N who="0" m="45610" /><D101/><U97/><E97/><V65/><F25/><W70/><G70/><T31/><D18/><U92/><E72/><V27/><F27/><W104/><G104/><T135/><D85/><U121/><E121/><N who="0" m="46089" /><D31/><U129/><E129/><V82/><F79/><W98/><G130/><T73/><D73/><U99/><E61/><N who="2" m="23659" /><F39/><W28/><G28/><T74/><D74/><U93/><E93/><V80/><F80/><W46/><G94/><T23/><D23/><U131/><E131/><V134/><F42/><W133/><G21/><T22/><D22/><U77/><E20/><V106/><F106/><W54/><G9/><T3/><D3/><U6/><E11/><V16/><F134/><W95/><G133/><T8/><D128/><U38/><E38/><V41/><F41/><W35/><G35/><T24/><D24/><U10/><E81/><V14/><F127/><W55/><G36/><T63/><D135/><U29/><E77/><V26/><F26/><W112/><G37/><T30/><D30/><U75/><E29/><V117/><F117/><W83/><G83/><T90/><D69/><U44/><E75/><V88/><F78/><W56/><G126/><T43/><D43/><U111/><E92/><V5/><F5/><W40/><G124/><T108/><D71/><U19/><E6/><V103/><F103/><W132/><G100/><T15/><D68/><U58/><E19/><RYUUKYOKU ba="0,0" sc="353,0,253,0,155,0,239,0" /><INIT seed="7,1,0,1,5,74" ten="353,253,155,239" oya="3" hai0="133,106,32,129,109,70,7,123,46,124,81,65,35" hai1="75,19,59,11,101,28,131,43,51,63,54,4,103" hai2="117,61,2,15,25,52,77,110,119,44,67,107,111" hai3="134,102,8,92,45,69,73,60,56,89,31,96,105"/><W130/><G73/><T114/><RYUUKYOKU type="yao9" ba="1,0" sc="353,0,253,0,155,0,239,0" hai0="7,32,35,46,65,70,81,106,109,114,123,124,129,133" /><INIT seed="7,2,0,0,4,100" ten="353,253,155,239" oya="3" hai0="98,34,81,126,121,1,40,55,88,94,92,128,135" hai1="9,31,4,63,95,5,17,90,61,105,119,97,74" hai2="101,37,78,32,104,114,73,2,20,71,54,7,19" hai3="124,57,53,79,39,24,123,130,41,59,109,85,50"/><W122/><G130/><T46/><D121/><U77/><E105/><V113/><F37/><W69/><G69/><T49/><D34/><U82/><E31/><V66/><F54/><W72/><G72/><T26/><D1/><U44/><E119/><V67/><F67/><W52/><G124/><T13/><D128/><U64/><E44/><V8/><F20/><W25/><G109/><T111/><D111/><U110/><E110/><V118/><F19/><W96/><G96/><T108/><D108/><U36/><E36/><V106/><F118/><W18/><G39/><T6/><D135/><U131/><E131/><V35/><F101/><W58/><G41/><T116/><D116/><U11/><E17/><V23/><F23/><W86/><G18/><T28/><D81/><U84/><E74/><V93/><F93/><W129/><G129/><T12/><D94/><U33/><E33/><N who="2" m="12875" /><F114/><W83/><G85/><T133/><D6/><N who="1" m="2667" /><E64/><V65/><F65/><W91/><G79/><T10/><D98/><U120/><E77/><V38/><F38/><W56/><REACH who="3" step="1"/><G53/><REACH who="3" ten="353,253,155,229" step="2"/><T43/><D55/><U14/><E84/><V15/><F113/><W42/><G42/><T27/><D43/><U127/><E97/><V89/><F89/><W22/><G22/><T117/><D40/><U125/><E90/><V62/><F15/><W16/><G16/><T76/><D117/><U87/><E14/><V75/><F75/><W68/><G68/><T60/><D13/><U21/><E21/><V45/><F45/><W0/><G0/><T70/><D12/><U51/><E87/><V47/><F47/><RYUUKYOKU ba="2,1" sc="353,-15,253,-15,155,15,229,15" hai2="2,7,8,62,66,71,73,78,104,106" hai3="24,25,50,52,56,57,58,59,83,86,91,122,123" /><INIT seed="7,3,1,1,4,42" ten="338,238,170,244" oya="3" hai0="119,93,24,120,49,28,25,127,10,22,8,17,109" hai1="113,32,68,102,91,16,124,1,85,47,110,80,5" hai2="111,94,128,129,46,12,117,19,48,106,0,96,41" hai3="126,55,50,99,36,54,21,135,34,81,86,38,118"/><W40/><G34/><T104/><D104/><U3/><E110/><V51/><F111/><W60/><G118/><T69/><D69/><U92/><E68/><V121/><F117/><W4/><G135/><T33/><D109/><U9/><E32/><V132/><F0/><W95/><G126/><T62/><D120/><U82/><E124/><V30/><F30/><W83/><G4/><T114/><D127/><U6/><E113/><V29/><F29/><W72/><G72/><T45/><D114/><U59/><E59/><V61/><F121/><W134/><G134/><T107/><D107/><U35/><E35/><V31/><F31/><W37/><G40/><T133/><D133/><U70/><E70/><V27/><F106/><W2/><G2/><T84/><D62/><U71/><E71/><V100/><F27/><W77/><G60/><T7/><D7/><U98/><E47/><V123/><F123/><W74/><G21/><T14/><D25/><U67/><E67/><V78/><F78/><W89/><REACH who="3" step="1"/><G50/><REACH who="3" ten="338,238,170,234" step="2"/><T131/><D119/><U125/><E125/><V11/><F132/><W73/><G73/><T13/><D33/><U15/><E3/><V122/><F122/><W79/><AGARI ba="3,2" hai="36,37,38,54,55,74,77,79,81,83,86,89,95,99" machi="79" ten="40,7800,0" yaku="1,1,0,1,53,1" doraHai="42" doraHaiUra="87" who="3" fromWho="3" sc="338,-29,238,-29,170,-29,234,107" owari="309,10.9,209,-19.1,141,-35.9,341,44.1" /></mjloggm>