<mjloggm ver="2.3"><GO type="169" lobby="0"/><UN n0="%E5%9B%9B%E5%89%AF%E9%9C%B2%E5%8D%98%E9%A8%8E" n1="%E7%94%9F%E5%BE%92%E4%BC%9A%E3%80%90%E5%BA%8F%E3%80%91" n2="%73%69%65%72%61%34%30%31" n3="%E5%BA%84%E5%8F%B8%E5%81%A5%E5%A4%AA%E6%9C%97" dan="16,17,16,16" rate="2024.80,2168.59,2204.73,2054.69" sx="F,M,F,M"/><TAIKYOKU oya="0"/><INIT seed="0,0,0,4,3,118" ten="250,250,250,250" oya="0" hai0="97,104,115,46,3,14,96,128,108,48,57,6,100" hai1="10,78,7,95,76,98,101,13,81,19,66,80,23" hai2="51,88,107,62,43,26,94,132,106,45,125,72,37" hai3="59,24,53,135,61,109,38,119,47,90,17,25,77"/><T110/><D115/><U33/><E33/><V32/><F125/><W113/><G119/><T129/><D3/><U35/><E35/><V114/><F114/><W117/><G117/><T16/><D6/><U9/><E66/><V127/><F127/><W69/><G113/><T131/><D57/><U74/><REACH who="1" step="1"/><E7/><REACH who="1" ten="250,240,250,250" step="2"/><V83/><F32/><W87/><G109/><T85/><D96/><U41/><E41/><V55/><F43/><W124/><G124/><T63/><D85/><AGARI ba="0,1" hai="9,10,13,19,23,74,76,78,80,81,85,95,98,101" machi="85" ten="30,2000,0" yaku="1,1,7,1,53,0" doraHai="118" doraHaiUra="84" who="1" fromWho="0" sc="250,-20,240,30,250,0,250,0" /><INIT seed="1,0,0,0,1,128" ten="230,270,250,250" oya="1" hai0="41,79,28,94,73,25,82,133,118,57,43,51,35" hai1="86,102,131,64,127,129,103,108,135,84,92,125,11" hai2="16,71,58,61,39,121,18,40,5,66,46,27,6" hai3="67,119,19,109,113,111,50,106,65,38,32,81,53"/><U85/><E64/><V33/><F121/><W101/><G38/><T76/><D118/><U8/><E108/><N who="3" m="41546" /><G32/><T100/><D133/><U98/><E11/><V132/><F132/><W122/><G113/><T78/><D78/><U21/><E21/><V20/><F33/><W120/><G119/><T26/><D79/><U1/><E8/><V47/><F47/><N who="3" m="27871" /><G19/><T31/><D51/><U22/><E22/><V52/><REACH who="2" step="1"/><F18/><REACH who="2" ten="230,270,240,250" step="2"/><W117/><G117/><T90/><D35/><U89/><E135/><V42/><F42/><W36/><G36/><T59/><D41/><U23/><E1/><V2/><F2/><W77/><G122/><T62/><D43/><U83/><E23/><V12/><F12/><W88/><G120/><T72/><D28/><U24/><E24/><V34/><F34/><W30/><G30/><T48/><D31/><U130/><REACH who="1" step="1"/><E83/><REACH who="1" ten="230,260,240,250" step="2"/><V91/><F91/><W80/><G88/><T114/><D25/><U63/><E63/><AGARI ba="0,2" hai="5,6,16,20,27,39,40,46,52,58,61,63,66,71" machi="63" ten="30,7700,0" yaku="1,1,7,1,54,2,53,0" doraHai="128" doraHaiUra="87" who="2" fromWho="1" sc="230,0,260,-77,240,97,250,0" /><INIT seed="2,0,0,3,5,2" ten="230,183,337,250" oya="2" hai0="117,130,70,106,56,60,87,48,91,39,43,25,81" hai1="114,72,98,30,128,17,105,3,76,38,14,110,5" hai2="90,19,127,41,45,54,95,29,9,89,82,18,34" hai3="28,100,33,10,86,88,53,80,84,52,77,69,122"/><V129/><F127/><W66/><G122/><T104/><D130/><U97/><E114/><V4/><F129/><W99/><G69/><T133/><D133/><U63/><E128/><V40/><F82/><W15/><G66/><T107/><D117/><U108/><E38/><V11/><F54/><W26/><G86/><T96/><D25/><U115/><E115/><V67/><F67/><W65/><G65/><T23/><D70/><U55/><E30/><V92/><F29/><W121/><G77/><T126/><D126/><U24/><E24/><V75/><F45/><W50/><G50/><T49/><D23/><U83/><E3/><V71/><F71/><W16/><G121/><T35/><D35/><U64/><E5/><V1/><F75/><W61/><G61/><T111/><D111/><N who="1" m="42539" /><E55/><V85/><F34/><W12/><REACH who="3" step="1"/><G15/><REACH who="3" ten="230,183,337,240" step="2"/><T120/><D120/><U102/><E98/><V119/><F1/><W109/><G109/><T42/><D96/><U74/><E64/><V47/><F85/><W125/><G125/><T27/><D48/><U8/><E63/><V57/><F41/><W93/><AGARI ba="0,1" hai="10,12,16,26,28,33,52,53,80,84,88,93,99,100" machi="93" ten="20,12000,2" yaku="1,1,0,1,7,1,54,3,53,0" doraHai="2" doraHaiUra="132" who="3" fromWho="3" sc="230,-30,183,-30,337,-60,240,130" /><INIT seed="3,0,0,2,0,105" ten="200,153,277,370" oya="3" hai0="127,133,107,58,121,76,130,72,74,43,49,117,54" hai1="1,30,86,31,22,17,41,94,8,70,119,40,84" hai2="82,32,104,110,9,63,123,64,42,71,69,11,0" hai3="98,56,88,15,20,116,59,50,120,45,91,29,135"/><W109/><G116/><T36/><D117/><U48/><E70/><V115/><F115/><W75/><G120/><T132/><D121/><U62/><E119/><V19/><F32/><W10/><G135/><N who="0" m="51787" /><D130/><U96/><E62/><V24/><F104/><W26/><G75/><N who="0" m="28715" /><D127/><U113/><E113/><V83/><F42/><W85/><G98/><T46/><D107/><U14/><E1/><V33/><F0/><W2/><G2/><T16/><D16/><U77/><E77/><AGARI ba="0,0" hai="36,43,46,49,54,58,76,77" m="28715,51787" machi="77" ten="30,7700,0" yaku="20,1,52,3" doraHai="105" who="0" fromWho="1" sc="200,77,153,-77,277,0,370,0" /><INIT seed="4,0,0,2,0,119" ten="277,76,277,370" oya="0" hai0="39,114,84,91,96,53,107,62,61,105,95,89,124" hai1="97,28,36,66,113,24,109,101,38,110,16,29,88" hai2="9,77,104,115,67,130,0,86,111,129,32,103,117" hai3="6,87,14,68,71,76,25,127,135,46,132,7,11"/><T2/><D2/><U15/><E66/><V78/><F67/><W19/><G127/><T81/><D124/><U41/><E113/><V118/><F32/><W90/><G76/><N who="2" m="29289" /><F9/><W43/><G71/><T120/><D114/><U47/><E36/><V1/><F115/><W93/><G68/><T34/><D34/><U4/><E4/><V18/><F18/><W102/><G102/><T94/><D39/><U42/><E42/><V128/><F111/><W73/><G73/><T5/><D5/><U122/><E122/><V60/><F60/><W131/><G131/><T83/><D53/><U49/><E38/><V133/><F133/><N who="3" m="51275" /><G25/><T64/><D61/><U57/><E57/><V22/><F22/><W79/><G79/><T23/><D23/><U20/><E29/><V82/><F1/><W69/><G69/><T59/><REACH who="0" step="1"/><D120/><REACH who="0" ten="267,76,277,370" step="2"/><U70/><E70/><V108/><F0/><W21/><G21/><T106/><AGARI ba="0,1" hai="59,62,64,81,83,84,89,91,94,95,96,105,106,107" machi="106" ten="30,6000,0" yaku="1,1,2,1,0,1,53,0" doraHai="119" doraHaiUra="27" who="0" fromWho="0" sc="267,70,76,-20,277,-20,370,-20" /><INIT seed="4,1,0,4,3,1" ten="337,56,257,350" oya="0" hai0="38,29,112,58,123,77,97,76,12,44,115,13,71" hai1="7,82,121,62,122,53,70,108,35,4,63,88,133" hai2="43,52,69,66,81,102,19,50,60,110,54,95,8" hai3="6,30,78,67,128,101,129,9,127,42,111,124,21"/><T15/><D123/><U117/><E117/><V27/><F110/><W120/><G101/><T75/><D71/><U51/><E35/><V80/><F43/><W14/><G78/><T93/><D29/><U40/><E108/><V73/><F73/><W86/><G111/><T5/><D58/><U126/><E133/><V31/><F54/><W85/><G42/><N who="0" m="22615" /><D75/><U103/><E126/><N who="3" m="48170" /><G67/><T113/><D5/><N who="1" m="2123" /><E70/><V25/><F95/><W36/><G36/><T32/><D32/><U79/><E122/><V64/><F102/><AGARI ba="1,0" hai="12,13,15,76,77,93,97,102,112,113,115" m="22615" machi="102" ten="40,2000,0" yaku="15,1" doraHai="1" who="0" fromWho="2" sc="337,23,56,0,257,-23,350,0" /><INIT seed="4,2,0,3,5,122" ten="360,56,234,350" oya="0" hai0="66,54,114,129,98,116,131,110,16,43,74,103,97" hai1="86,61,57,124,42,24,130,82,0,79,121,2,72" hai2="101,37,33,108,18,78,99,29,32,19,64,14,125" hai3="12,41,25,28,56,53,91,62,135,51,96,52,21"/><T90/><D116/><U93/><E121/><V126/><F37/><W35/><G135/><T94/><D74/><U22/><E124/><V100/><F78/><W118/><G118/><T73/><D73/><U50/><E130/><N who="0" m="49673" /><D114/><U69/><E69/><V58/><F29/><W60/><G41/><T65/><D43/><U88/><E50/><V115/><F115/><W77/><G77/><T4/><D4/><U127/><E42/><V7/><F7/><W45/><G35/><T9/><D54/><U48/><E48/><V113/><F113/><W111/><G111/><T23/><D9/><U104/><E104/><V89/><F89/><W1/><G1/><T5/><D5/><U81/><E81/><V75/><F75/><W87/><G12/><N who="0" m="9607" /><D110/><U38/><E38/><V128/><F128/><W30/><G30/><T120/><D120/><U133/><E133/><V20/><F108/><W132/><G132/><T46/><D46/><U71/><E71/><V102/><F19/><W44/><G62/><T119/><D119/><U68/><E68/><V27/><F14/><W109/><G109/><T106/><AGARI ba="2,0" hai="65,66,90,94,97,98,103,106" m="9607,49673" machi="106" ten="30,3000,0" yaku="19,1,54,1" doraHai="122" who="0" fromWho="0" sc="360,36,56,-12,234,-12,350,-12" /><INIT seed="4,3,0,5,2,54" ten="396,44,222,338" oya="0" hai0="42,135,72,25,59,115,95,4,55,19,80,14,0" hai1="86,123,8,98,78,48,103,84,10,17,112,104,99" hai2="44,129,69,29,33,13,61,82,39,63,27,41,96" hai3="60,22,47,91,15,121,51,106,68,38,88,46,34"/><T40/><D115/><U43/><E123/><V58/><F129/><W92/><G34/><T117/><D117/><U94/><E112/><V83/><F69/><W45/><G106/><T124/><D124/><U9/><E78/><V49/><F39/><W101/><G38/><T73/><D135/><U116/><E116/><V87/><F96/><N who="3" m="59527" /><G68/><T6/><D95/><U118/><E118/><V130/><F130/><W30/><G60/><T90/><D25/><U32/><E32/><V81/><F13/><W23/><G121/><T7/><D0/><U125/><E125/><V50/><F63/><W16/><G51/><N who="0" m="31231" /><D73/><U107/><E17/><V102/><F102/><W28/><G23/><N who="0" m="11767" /><D72/><U97/><E107/><V31/><F31/><AGARI ba="3,0" hai="15,16,22,28,30,31,45,46,47,88,91" m="59527" machi="31" ten="30,3900,0" yaku="8,1,54,2" doraHai="54" who="3" fromWho="2" sc="396,0,44,0,222,-48,338,48" /><INIT seed="5,0,0,0,3,124" ten="396,44,174,386" oya="1" hai0="28,6,44,36,32,114,113,51,126,22,92,40,120" hai1="47,7,17,2,79,27,1,72,90,0,66,134,81" hai2="88,8,58,45,35,116,89,43,98,41,12,33,21" hai3="65,75,54,80,117,42,37,19,125,26,57,13,127"/><U29/><E134/><V53/><F116/><W94/><G117/><T31/><D126/><N who="3" m="48137" /><G26/><T70/><D70/><U50/><E66/><V112/><F112/><N who="0" m="43114" /><D120/><U60/><E60/><V16/><F35/><W67/><G94/><T122/><D122/><U61/><E61/><N who="2" m="36047" /><F33/><W62/><G42/><N who="2" m="15881" /><F45/><W99/><G99/><T59/><D32/><U104/><E104/><V11/><F98/><W115/><G37/><T91/><D6/><U103/><E103/><V107/><F107/><W121/><G121/><T135/><D135/><U96/><E17/><N who="2" m="8327" /><F11/><N who="3" m="6591" /><G115/><T101/><D22/><U25/><E7/><V63/><F63/><W30/><G30/><T74/><D101/><U15/><E15/><AGARI ba="0,0" hai="15,16,21,88,89" m="8327,15881,36047" machi="15" ten="30,3900,0" yaku="8,1,54,2" doraHai="124" who="2" fromWho="1" sc="396,0,44,-39,174,39,386,0" /><INIT seed="6,0,0,2,3,70" ten="396,5,213,386" oya="2" hai0="115,125,104,116,100,56,80,119,59,124,120,23,26" hai1="98,75,118,123,83,112,91,88,48,54,49,36,9" hai2="55,111,133,90,46,94,68,105,127,8,67,89,30" hai3="34,10,108,32,131,20,18,2,113,31,62,29,42"/><V122/><F105/><W47/><G108/><T12/><D120/><U14/><E118/><N who="0" m="45097" /><D115/><U79/><E112/><V45/><F122/><W19/><G113/><T128/><D128/><U24/><E123/><V78/><F111/><W21/><G131/><T3/><D3/><U99/><E48/><V132/><F78/><W0/><G62/><T58/><D12/><U51/><E51/><V7/><F30/><N who="3" m="11275" /><G47/><T103/><D80/><U16/><E36/><V93/><F67/><W130/><G42/><T69/><D69/><U11/><E11/><V74/><F74/><W126/><G126/><N who="0" m="48747" /><D104/><U92/><E24/><V65/><F68/><W6/><G0/><T38/><D38/><U44/><E99/><V97/><F127/><W50/><G50/><T39/><D39/><U81/><E81/><V61/><F65/><W87/><G87/><T135/><D135/><N who="2" m="51786" /><F61/><W121/><G130/><T1/><D1/><U86/><E75/><V129/><F55/><W43/><G43/><T110/><D110/><U40/><E40/><V106/><F106/><W73/><G73/><T35/><D35/><N who="3" m="13353" /><G121/><T57/><D57/><U77/><AGARI ba="0,0" hai="9,14,16,44,49,54,77,79,83,86,88,91,92,98" machi="77" ten="30,12000,2" yaku="0,1,25,2,8,1,54,2" doraHai="70" who="1" fromWho="1" sc="396,-30,5,120,213,-60,386,-30" /><INIT seed="7,0,0,4,1,28" ten="366,125,153,356" oya="3" hai0="59,66,46,123,58,47,57,96,111,39,7,128,4" hai1="44,18,10,0,134,23,104,12,113,93,62,102,81" hai2="25,87,34,119,64,101,40,92,122,127,103,78,2" hai3="5,60,73,88,51,33,14,117,63,11,38,54,97"/><W121/><G117/><T108/><D123/><U100/><E134/><V26/><F119/><W84/><G121/><T135/><D135/><U107/><E113/><V132/><F2/><W91/><G33/><T19/><D66/><U120/><E120/><V75/><F75/><W32/><G32/><T130/><D96/><U29/><E81/><N who="2" m="47543" /><F34/><W42/><G73/><T61/><D61/><N who="3" m="23625" /><G38/><T125/><D19/><U45/><E0/><V27/><F40/><W74/><G74/><T36/><D59/><U133/><E133/><V114/><F92/><N who="3" m="56455" /><G42/><T15/><D15/><U85/><E107/><V6/><F132/><W105/><G105/><T71/><D71/><U8/><E104/><V43/><F43/><W77/><G77/><T118/><D118/><U70/><E70/><V24/><F122/><W79/><G79/><T110/><D110/><U90/><E62/><V83/><F114/><W115/><G115/><T126/><AGARI ba="0,0" hai="4,7,36,39,46,47,57,58,108,111,125,126,128,130" machi="126" ten="25,3200,0" yaku="0,1,22,2" doraHai="28" who="0" fromWho="0" sc="366,32,125,-8,153,-8,356,-16" owari="398,49.8,117,-38.3,145,-25.5,340,14.0" /></mjloggm>