<mjloggm ver="2.3"><GO type="169" lobby="0"/><UN n0="%E9%A2%A8%E3%81%A7%E9%B3%B4%E3%81%8F" n1="%E3%82%AB%E3%83%A9%E6%9D%BE" n2="%E3%81%97%E3%82%89%E3%81%99%EF%BC%A1" n3="%62%6F%79%61%74%65%74%75" dan="16,17,16,17" rate="2196.06,2162.00,2136.95,2213.79" sx="M,M,M,M"/><TAIKYOKU oya="0"/><INIT seed="0,0,0,1,2,28" ten="250,250,250,250" oya="0" hai0="11,4,96,89,64,63,104,121,92,123,66,55,122" hai1="56,44,9,80,25,37,116,34,22,26,79,134,87" hai2="53,124,3,97,111,133,1,72,38,59,131,101,93" hai3="113,78,112,32,27,77,129,36,75,99,23,51,70"/><T62/><D104/><U29/><E116/><V2/><F111/><W100/><G36/><T58/><REACH who="0" step="1"/><D63/><REACH who="0" ten="240,250,250,250" step="2"/><U132/><E132/><V14/><F133/><W135/><G135/><T118/><D118/><U18/><E134/><V43/><F124/><W119/><G119/><T57/><D57/><U114/><E114/><V91/><F59/><W8/><G112/><T10/><D10/><U120/><E120/><V39/><F131/><W41/><G8/><T6/><D6/><U68/><E68/><V105/><F105/><W31/><G70/><T21/><D21/><U107/><E107/><V109/><F109/><W98/><G113/><T60/><D60/><U106/><E106/><V103/><F1/><AGARI ba="0,1" hai="1,4,11,55,58,62,64,66,89,92,96,121,122,123" machi="1" ten="40,3900,0" yaku="1,1,53,1" doraHai="28" doraHaiUra="95" who="0" fromWho="2" sc="240,49,250,0,250,-39,250,0" /><INIT seed="0,1,0,0,0,78" ten="289,250,211,250" oya="0" hai0="115,37,41,127,104,108,133,54,67,60,9,116,59" hai1="131,126,95,98,3,55,10,92,40,76,36,85,128" hai2="72,49,113,48,25,52,88,91,13,114,112,4,56" hai3="16,82,101,23,63,73,118,74,57,81,103,69,43"/><T80/><D104/><U6/><E126/><V119/><F72/><W77/><G69/><T121/><D115/><U90/><E36/><V1/><F1/><W20/><G43/><T24/><D116/><U42/><E55/><V50/><F119/><W109/><G20/><T53/><D121/><U7/><E7/><V62/><REACH who="2" step="1"/><F25/><REACH who="2" ten="289,250,201,250" step="2"/><W110/><G110/><T107/><D24/><U124/><E124/><V96/><F96/><W122/><G109/><T66/><D127/><U39/><E39/><V17/><F17/><W65/><G118/><T47/><D108/><U106/><E106/><V44/><F44/><W93/><G122/><T26/><D26/><U87/><E87/><V135/><F135/><W117/><G117/><T2/><D107/><U18/><E18/><V8/><AGARI ba="1,1" hai="4,8,13,48,49,50,52,56,62,88,91,112,113,114" machi="8" ten="40,8000,1" yaku="1,1,0,1,54,2,53,0" doraHai="78" doraHaiUra="83" who="2" fromWho="2" sc="289,-41,250,-21,201,93,250,-21" /><INIT seed="1,0,0,3,3,16" ten="248,229,294,229" oya="1" hai0="97,131,93,118,91,70,129,26,50,45,127,64,24" hai1="36,13,42,9,134,33,112,47,96,61,55,1,77" hai2="12,128,123,71,54,52,132,109,48,121,117,7,8" hai3="2,74,82,85,72,66,106,60,94,59,90,58,49"/><U34/><E112/><V119/><F109/><W4/><G106/><T67/><D118/><U75/><E134/><V102/><F71/><W56/><G2/><T46/><D46/><U104/><E104/><V120/><F132/><W73/><G4/><T80/><D80/><N who="1" m="45119" /><E96/><V107/><F128/><N who="0" m="49226" /><D127/><U108/><E13/><V40/><F40/><W43/><G43/><N who="0" m="24895" /><D70/><U111/><E55/><V11/><F8/><W27/><G49/><T15/><D15/><U110/><E61/><V21/><F54/><W92/><REACH who="3" step="1"/><G27/><AGARI ba="0,0" hai="24,26,27,64,67,91,93,97" m="24895,49226" machi="27" ten="30,1000,0" yaku="19,1" doraHai="16" who="0" fromWho="3" sc="248,10,229,0,294,0,229,-10" /><INIT seed="2,0,0,3,3,70" ten="258,229,294,219" oya="2" hai0="43,27,132,127,83,48,108,23,115,19,2,63,34" hai1="82,126,118,101,49,96,8,125,105,114,21,85,64" hai2="16,38,18,5,73,57,79,91,66,135,32,90,106" hai3="71,39,9,68,122,84,116,111,20,97,92,102,124"/><V110/><F106/><W112/><G122/><T77/><D115/><U94/><E114/><V109/><F32/><W69/><G116/><T25/><D2/><U117/><E64/><V74/><F5/><W95/><G112/><T24/><D108/><N who="2" m="41578" /><F135/><W100/><G111/><T65/><D127/><N who="1" m="48651" /><E8/><V128/><F128/><W107/><G124/><T13/><D132/><U72/><E21/><V60/><F38/><W11/><G20/><T67/><D48/><U0/><E49/><V75/><F79/><W41/><G107/><T3/><D43/><U30/><E30/><V78/><F78/><W58/><G58/><T22/><D65/><U29/><E29/><V17/><AGARI ba="0,0" hai="16,17,18,57,60,66,73,74,75,90,91" m="41578" machi="17" ten="40,7800,0" yaku="14,1,10,1,54,1" doraHai="70" who="2" fromWho="2" sc="258,-26,229,-26,294,78,219,-26" /><INIT seed="2,1,0,3,5,70" ten="232,203,372,193" oya="2" hai0="67,40,104,125,83,114,41,6,19,89,135,38,118" hai1="127,98,126,88,39,131,102,32,121,94,112,13,84" hai2="50,106,105,63,21,101,96,85,3,62,20,90,48" hai3="5,117,35,61,9,16,8,12,97,95,116,37,81"/><V11/><F105/><W111/><G111/><T75/><D104/><U1/><E1/><V52/><F50/><W56/><G35/><T14/><D114/><U122/><E32/><V2/><F62/><W7/><G81/><T42/><D6/><U43/><E112/><V60/><F63/><W27/><G37/><T87/><D125/><N who="1" m="47627" /><E13/><V4/><F60/><W26/><G116/><T29/><D135/><U92/><E131/><V25/><F3/><W129/><G129/><T57/><D75/><U113/><E113/><V69/><F69/><W0/><G7/><T34/><D34/><U58/><E58/><V82/><REACH who="2" step="1"/><F25/><REACH who="2" ten="232,203,362,193" step="2"/><W78/><G117/><T72/><D118/><U64/><E64/><V28/><F28/><W103/><REACH who="3" step="1"/><G78/><REACH who="3" ten="232,203,362,183" step="2"/><T33/><D33/><U80/><E39/><V133/><F133/><W124/><G124/><T45/><D38/><U74/><E43/><V10/><F10/><W51/><G51/><T17/><D42/><U49/><E49/><V100/><F100/><W44/><G44/><AGARI ba="1,2" hai="2,4,11,20,21,44,48,52,82,85,90,96,101,106" machi="44" ten="30,11600,0" yaku="1,1,7,1,54,1,53,1" doraHai="70" doraHaiUra="93" who="2" fromWho="3" sc="232,0,203,0,362,139,183,-119" /><INIT seed="2,2,0,1,4,12" ten="232,203,501,64" oya="2" hai0="27,84,118,68,55,70,97,13,95,99,93,49,4" hai1="116,85,113,3,43,128,45,130,66,50,47,73,90" hai2="61,24,72,1,109,22,42,60,94,46,119,48,82" hai3="89,9,122,59,106,133,127,7,11,135,115,5,37"/><V120/><F119/><W62/><G122/><T51/><D27/><U86/><E116/><V83/><F120/><W69/><G69/><T80/><D118/><U101/><E3/><V124/><F1/><W30/><G37/><T39/><D39/><U6/><E73/><V117/><F117/><W53/><G106/><T33/><D33/><U29/><E6/><V58/><F124/><W108/><G127/><T112/><D112/><U17/><E29/><V64/><F109/><W81/><G108/><T75/><D75/><U20/><E101/><V79/><F94/><W91/><G30/><T34/><D34/><U25/><E113/><V107/><F107/><W41/><G41/><T98/><D70/><U38/><E66/><V19/><F82/><W78/><G115/><T35/><D35/><U105/><E105/><V32/><F32/><W14/><G133/><T16/><D4/><U87/><REACH who="1" step="1"/><E90/><REACH who="1" ten="232,193,501,64" step="2"/><V54/><REACH who="2" step="1"/><F64/><REACH who="2" ten="232,193,491,64" step="2"/><W31/><G135/><T23/><D68/><U132/><E132/><V57/><F57/><W18/><G59/><N who="0" m="33263" /><D51/><AGARI ba="2,2" hai="19,22,24,42,46,48,51,54,58,60,61,72,79,83" machi="51" ten="30,11600,0" yaku="1,1,7,1,52,1,53,1" doraHai="12" doraHaiUra="40" who="2" fromWho="0" sc="232,-122,193,0,491,142,64,0" /><INIT seed="2,3,0,0,2,76" ten="110,193,633,64" oya="2" hai0="29,71,20,93,116,31,22,79,94,128,90,49,24" hai1="46,45,53,33,96,58,7,47,12,88,92,98,97" hai2="86,1,118,19,9,37,63,127,0,74,18,99,39" hai3="62,122,41,44,131,101,68,11,78,117,64,102,108"/><V110/><F118/><W129/><G117/><T104/><D71/><U35/><E35/><V77/><F74/><W103/><G122/><T55/><D104/><U26/><E33/><V84/><F77/><W105/><G108/><T100/><D128/><N who="3" m="49225" /><G11/><T32/><D79/><U112/><E112/><V135/><F135/><W48/><G78/><T69/><D69/><U8/><REACH who="1" step="1"/><E26/><REACH who="1" ten="110,183,633,64" step="2"/><V89/><F110/><W25/><G25/><T123/><D116/><U70/><E70/><V40/><F0/><W66/><G66/><T106/><D24/><U16/><E16/><V30/><F18/><W42/><G42/><T61/><D32/><U81/><E81/><V72/><F19/><W27/><G27/><T113/><D113/><U60/><AGARI ba="3,1" hai="7,8,12,45,46,47,53,58,60,88,92,96,97,98" machi="60" ten="30,8000,1" yaku="1,1,0,1,8,1,54,1,53,1" doraHai="76" doraHaiUra="2" who="1" fromWho="1" sc="110,-23,183,99,633,-43,64,-23" /><INIT seed="3,0,0,1,3,68" ten="87,282,590,41" oya="3" hai0="73,108,49,86,70,5,65,22,0,17,75,29,95" hai1="46,129,26,124,62,18,125,82,79,117,102,15,114" hai2="45,121,36,7,2,80,84,81,42,72,8,10,12" hai3="3,103,23,52,115,21,119,38,30,130,127,20,50"/><W128/><G119/><T118/><D108/><U74/><E114/><V105/><F105/><W97/><G115/><T88/><D118/><U53/><E117/><V132/><F132/><W58/><G3/><T41/><D29/><U134/><E134/><V16/><F121/><W28/><G127/><N who="1" m="48714" /><E129/><N who="3" m="49770" /><G38/><T87/><D87/><U120/><E120/><V106/><F106/><AGARI ba="0,0" hai="20,21,23,28,30,50,52,58,97,103,106" m="49770" machi="106" ten="30,2900,0" yaku="19,1,54,1" doraHai="68" who="3" fromWho="2" sc="87,0,282,0,590,-29,41,29" /><INIT seed="3,1,0,3,5,119" ten="87,282,561,70" oya="3" hai0="12,132,63,125,105,20,22,77,90,73,62,19,104" hai1="110,29,10,37,72,76,13,108,27,95,46,127,3" hai2="94,8,28,87,51,84,55,32,98,97,58,116,114" hai3="111,82,68,49,133,42,126,11,17,6,2,79,103"/><W5/><G126/><T39/><D39/><U53/><E127/><V120/><F114/><W47/><G133/><T31/><D125/><U91/><E3/><V83/><F116/><W93/><G68/><T14/><D132/><U24/><E76/><V101/><F120/><W75/><G111/><N who="1" m="42538" /><E72/><V21/><F32/><W107/><G6/><T60/><D90/><U50/><E37/><V43/><F43/><W129/><G129/><T15/><D31/><U112/><E29/><V128/><F128/><W135/><G135/><T0/><D0/><U61/><E61/><V36/><F36/><W18/><REACH who="3" step="1"/><G93/><REACH who="3" ten="87,282,561,60" step="2"/><T123/><D123/><U16/><E112/><V71/><F94/><W1/><G1/><T48/><D104/><U130/><E130/><V66/><F71/><W9/><G9/><T4/><D105/><U106/><E106/><V102/><F8/><W99/><AGARI ba="1,1" hai="2,5,11,17,18,42,47,49,75,79,82,99,103,107" machi="99" ten="30,3000,0" yaku="1,1,0,1,53,0" doraHai="119" doraHaiUra="67" who="3" fromWho="3" sc="87,-11,282,-11,561,-11,60,43" /><INIT seed="3,2,0,0,4,61" ten="76,271,550,103" oya="3" hai0="2,83,31,85,11,102,13,94,8,57,75,14,78" hai1="63,112,48,62,20,108,79,115,19,5,98,52,6" hai2="95,125,60,28,73,106,42,68,45,22,128,7,9" hai3="51,4,18,10,120,24,77,91,90,56,32,118,65"/><W23/><G120/><T97/><D2/><U126/><E126/><V96/><F128/><W34/><G118/><T116/><D116/><U107/><E108/><V17/><F125/><W113/><G113/><T88/><D31/><U122/><E122/><V29/><F73/><W103/><G77/><T99/><D57/><U93/><E107/><V74/><F74/><W111/><G111/><T87/><D97/><U1/><E79/><V130/><F106/><W110/><G103/><T72/><D72/><U25/><E112/><V43/><F43/><W36/><G36/><T104/><REACH who="0" step="1"/><D87/><REACH who="0" ten="66,271,550,103" step="2"/><U12/><E115/><V89/><F130/><W47/><G110/><T39/><D39/><U86/><E86/><V135/><F29/><W69/><G69/><T33/><D33/><U53/><E1/><V100/><F28/><W131/><G131/><T123/><D123/><U92/><E98/><V0/><F96/><W71/><G71/><T101/><D101/><U134/><E134/><V15/><F68/><W70/><G70/><T66/><D66/><U54/><E48/><V117/><F100/><W16/><G32/><T59/><D59/><U76/><E62/><V46/><F117/><W84/><G34/><T67/><D67/><U3/><E63/><V124/><F60/><N who="3" m="38023" /><G84/><T109/><D109/><U44/><E3/><V121/><F124/><W26/><G51/><T55/><D55/><U82/><E53/><V49/><F135/><W27/><G47/><T127/><D127/><U37/><E44/><N who="2" m="25751" /><F121/><W80/><G91/><T132/><D132/><U50/><E37/><V133/><F133/><RYUUKYOKU ba="2,1" sc="66,15,271,-15,550,15,103,-15" hai0="8,11,13,14,75,78,83,85,88,94,99,102,104" hai2="0,7,9,15,17,22,45,46,89,95" /><INIT seed="4,3,1,5,3,63" ten="81,256,565,88" oya="0" hai0="67,28,77,99,7,1,107,129,116,0,110,81,79" hai1="27,42,96,51,94,9,48,10,12,132,20,120,46" hai2="119,47,40,118,125,22,11,6,103,100,37,16,89" hai3="76,18,121,65,45,64,4,112,133,14,73,8,105"/><T31/><D116/><N who="2" m="44586" /><F125/><W104/><G112/><T58/><D129/><U32/><E120/><V34/><F34/><W44/><G121/><T130/><D130/><U24/><E132/><V29/><F29/><W53/><G133/><T92/><D107/><U117/><E117/><V55/><F89/><W106/><G4/><T36/><D36/><U126/><E126/><V90/><F90/><W33/><G33/><T49/><D110/><U25/><E48/><V134/><F55/><W114/><G114/><T19/><D0/><U30/><E32/><V62/><F62/><W101/><G101/><T102/><D7/><N who="1" m="3135" /><E10/><V52/><F52/><W54/><G54/><N who="0" m="32079" /><D1/><U56/><E56/><V39/><F37/><W71/><G71/><T135/><D135/><U111/><E111/><V86/><F86/><W26/><G53/><T75/><D75/><U70/><E70/><V97/><F97/><W84/><G73/><T87/><D79/><U91/><AGARI ba="3,1" hai="20,24,25,27,30,42,46,51,91,94,96" m="3135" machi="91" ten="30,1100,0" yaku="8,1" doraHai="63" who="1" fromWho="1" sc="81,-8,256,30,565,-6,88,-6" /><INIT seed="5,0,0,2,0,38" ten="73,286,559,82" oya="1" hai0="4,22,26,30,27,44,124,17,119,73,67,58,49" hai1="110,135,54,131,35,127,102,107,100,12,123,29,69" hai2="20,120,70,68,78,90,0,129,53,98,92,111,46" hai3="18,34,6,63,14,43,88,16,108,80,41,87,72"/><U24/><E123/><V11/><F111/><W75/><G34/><T50/><D73/><U85/><E110/><V65/><F120/><W115/><G108/><T7/><D119/><U125/><E131/><V122/><F122/><W45/><G115/><T74/><D74/><U109/><E109/><V134/><F134/><W66/><G6/><T9/><D124/><U95/><E135/><V8/><F129/><W21/><G18/><T13/><D27/><U118/><E118/><V32/><F32/><W105/><G105/><T93/><D93/><U36/><E69/><V10/><F65/><W97/><G97/><T55/><REACH who="0" step="1"/><D67/><REACH who="0" ten="63,286,559,82" step="2"/><U121/><E125/><V62/><F92/><W89/><G72/><T5/><D5/><U25/><E127/><V86/><F62/><W59/><G75/><T76/><D76/><U48/><E121/><V40/><F53/><AGARI ba="0,1" hai="4,7,9,13,17,22,26,30,44,49,50,53,55,58" machi="53" ten="30,3900,0" yaku="1,1,7,1,8,1,53,0" doraHai="38" doraHaiUra="64" who="0" fromWho="2" sc="63,49,286,0,559,-39,82,0" /><INIT seed="6,0,0,4,2,49" ten="112,286,520,82" oya="2" hai0="36,2,108,17,74,40,119,132,63,5,62,9,96" hai1="125,120,95,6,107,77,103,26,72,52,79,45,104" hai2="110,41,131,15,109,32,130,82,92,67,53,97,84" hai3="80,66,48,7,69,3,28,118,38,13,117,11,16"/><V91/><F32/><W50/><G38/><T56/><D74/><U68/><E68/><V113/><F67/><W134/><G134/><T43/><D108/><N who="2" m="41578" /><F41/><W19/><G28/><T99/><D132/><U128/><E120/><V22/><F22/><W55/><G48/><T25/><D36/><U127/><E128/><N who="2" m="49195" /><F15/><W78/><G66/><T87/><D2/><U46/><E26/><V115/><F53/><W4/><G69/><T105/><D43/><U102/><E6/><V122/><F122/><W75/><G4/><T114/><D40/><U64/><E64/><V37/><F37/><W10/><REACH who="3" step="1"/><G19/><REACH who="3" ten="112,286,520,72" step="2"/><T8/><D17/><U58/><E125/><V90/><AGARI ba="0,1" hai="82,84,90,91,92,97,113,115" m="49195,41578" machi="90" ten="40,12000,1" yaku="10,1,19,1,34,2" doraHai="49" who="2" fromWho="2" sc="112,-40,286,-40,520,130,72,-40" /><INIT seed="6,1,0,1,3,93" ten="72,246,650,32" oya="2" hai0="32,94,58,123,104,5,50,96,85,116,42,127,16" hai1="6,46,111,90,91,133,98,83,131,130,80,10,89" hai2="55,68,75,14,112,119,15,21,23,69,121,39,57" hai3="109,126,20,124,86,77,2,62,28,120,26,102,66"/><V38/><F119/><W79/><G120/><T17/><D32/><U36/><E111/><V24/><F121/><W54/><G2/><T88/><D123/><U41/><E133/><V4/><F75/><W29/><G109/><T78/><D116/><U115/><E115/><V30/><F112/><W48/><G28/><T81/><D127/><N who="3" m="48681" /><G86/><T113/><D113/><U70/><E70/><V97/><F15/><W1/><G1/><T132/><D132/><U43/><E43/><V27/><F68/><N who="3" m="42071" /><G102/><T128/><D128/><N who="1" m="49195" /><E98/><V118/><F69/><W0/><G0/><AGARI ba="1,0" hai="0,6,10,36,41,46,80,83,89,90,91" m="49195" machi="0" ten="30,1000,0" yaku="19,1" doraHai="93" who="1" fromWho="3" sc="72,0,246,13,650,0,32,-13" /><INIT seed="7,0,0,4,4,14" ten="72,259,650,19" oya="3" hai0="11,16,39,127,85,72,129,8,7,135,125,41,66" hai1="2,45,37,43,18,86,95,65,27,78,74,107,87" hai2="0,93,122,32,60,88,29,33,25,126,55,23,5" hai3="12,124,91,19,110,42,105,40,117,106,17,51,4"/><W134/><G117/><T47/><D72/><U30/><E107/><V26/><F126/><N who="0" m="48138" /><D129/><U31/><E2/><V21/><F122/><W119/><G124/><T81/><D66/><U96/><E74/><V1/><F60/><W52/><G119/><T68/><D68/><U49/><E37/><V80/><F80/><W75/><G75/><T3/><D135/><U92/><E65/><V64/><F64/><W58/><G134/><T104/><D104/><U123/><E123/><V128/><F55/><W13/><G110/><T121/><D121/><U131/><E131/><V71/><F71/><W115/><G4/><T28/><D28/><N who="1" m="10795" /><E78/><V133/><F128/><W83/><G106/><T89/><D11/><U113/><E113/><V77/><F77/><W46/><G105/><T130/><D130/><U103/><E92/><V116/><F116/><W61/><G115/><T98/><D98/><U59/><E59/><V48/><F48/><W120/><G120/><T63/><D63/><U44/><E44/><V70/><F70/><W54/><G83/><T118/><D118/><U82/><E82/><V102/><F102/><W69/><G69/><T57/><D57/><U35/><E35/><V132/><F132/><W79/><G79/><T84/><D84/><U22/><AGARI ba="0,0" hai="18,22,27,43,45,49,86,87,95,96,103" m="10795" machi="22" ten="30,2000,0" yaku="8,1,52,1" doraHai="14" who="1" fromWho="1" sc="72,-5,259,20,650,-5,19,-10" owari="67,-33.3,279,7.9,645,74.5,9,-49.1" /></mjloggm>