<mjloggm ver="2.3"><GO type="169" lobby="0"/><UN n0="%E3%81%93%E3%81%9A" n1="%E3%81%AA%E3%81%8B%E3%81%AE%E3%81%86%E3%81%88" n2="%E4%BA%9C%E6%9C%88" n3="%E3%81%9F%E3%81%AA%E3%81%8B%E6%95%99%E7%A5%96" dan="17,16,17,17" rate="2223.61,2153.37,2197.43,2171.26" sx="M,M,M,M"/><TAIKYOKU oya="0"/><INIT seed="0,0,0,1,5,27" ten="250,250,250,250" oya="0" hai0="21,96,73,8,103,133,109,18,54,24,36,30,68" hai1="22,40,51,75,123,120,122,71,41,102,67,1,134" hai2="86,106,39,6,56,121,57,104,26,65,97,37,114" hai3="59,35,9,12,100,50,112,110,81,38,3,25,47"/><T44/><D133/><U46/><E75/><V99/><F121/><W83/><G112/><T15/><D68/><U14/><E1/><V126/><F114/><W42/><G3/><T88/><D73/><U108/><E102/><V128/><F6/><W60/><G110/><T34/><D109/><U74/><E74/><V53/><F26/><W17/><G38/><T29/><D34/><U113/><E113/><V135/><F86/><W16/><G100/><T48/><D36/><U28/><E108/><V10/><F10/><W19/><G35/><T115/><D115/><U98/><E98/><V129/><F65/><W58/><G58/><T78/><D78/><U11/><E134/><V32/><F32/><W117/><G117/><T125/><D125/><U5/><E41/><V80/><F135/><W61/><G61/><T7/><REACH who="0" step="1"/><D88/><REACH who="0" ten="240,250,250,250" step="2"/><U124/><E124/><V77/><F77/><W85/><G81/><T94/><AGARI ba="0,1" hai="7,8,15,18,21,24,29,30,44,48,54,94,96,103" machi="94" ten="20,18000,2" yaku="1,1,2,1,0,1,7,1,8,1,52,2,53,0" doraHai="27" doraHaiUra="116" who="0" fromWho="0" sc="240,190,250,-60,250,-60,250,-60" /><INIT seed="0,1,0,5,3,18" ten="430,190,190,190" oya="0" hai0="95,32,33,42,74,30,92,72,47,31,118,104,13" hai1="94,56,27,108,35,4,116,38,9,132,123,29,115" hai2="5,97,76,88,90,34,77,17,86,85,37,43,102" hai3="78,3,84,22,99,122,105,89,36,50,101,59,114"/><T68/><D118/><U41/><E116/><V11/><F34/><W45/><G114/><T1/><D1/><U80/><E123/><V79/><F17/><W26/><G3/><T65/><D104/><U103/><E108/><V66/><F66/><W110/><G110/><T91/><D65/><U40/><E132/><V124/><F124/><W25/><G122/><T20/><D68/><U8/><E38/><V6/><F37/><W51/><G78/><T62/><D62/><U49/><E80/><V98/><F43/><W112/><G112/><T57/><D57/><U2/><E9/><V61/><F61/><W16/><G59/><T71/><D71/><U75/><E75/><V63/><F63/><W39/><G26/><T60/><D60/><U10/><E10/><V120/><F120/><W44/><G51/><T14/><D91/><N who="2" m="34858" /><F11/><W129/><G45/><T64/><D64/><U107/><E107/><V19/><F19/><W12/><G25/><T15/><D15/><U82/><E82/><V69/><F102/><W96/><G129/><T119/><D119/><U113/><E41/><V134/><F69/><W127/><G99/><N who="2" m="37897" /><F134/><W53/><REACH who="3" step="1"/><G127/><REACH who="3" ten="430,190,190,180" step="2"/><T130/><D130/><U87/><E115/><V109/><F109/><W48/><G48/><T111/><D111/><U55/><E113/><V52/><F77/><W7/><G7/><N who="2" m="2569" /><F76/><W93/><AGARI ba="1,1" hai="12,16,22,36,39,44,50,53,84,89,93,96,101,105" machi="93" ten="20,8000,1" yaku="1,1,0,1,7,1,52,1,54,1,53,0" doraHai="18" doraHaiUra="54" who="3" fromWho="3" sc="430,-41,190,-21,190,-21,180,93" /><INIT seed="1,0,0,2,5,15" ten="389,169,169,273" oya="1" hai0="47,96,100,130,16,86,44,58,17,122,103,7,25" hai1="63,38,22,21,76,24,78,36,121,62,40,72,94" hai2="13,54,80,68,14,66,23,116,75,127,11,70,73" hai3="106,4,67,95,30,110,34,49,32,29,82,89,128"/><U2/><E2/><V71/><F116/><W52/><G106/><T77/><D130/><U90/><E121/><V87/><F127/><W3/><G128/><T124/><D124/><U98/><E22/><V19/><F54/><W20/><G110/><T61/><D7/><U35/><E35/><V27/><F66/><W112/><G112/><T41/><D122/><U56/><E63/><V81/><F14/><W69/><G82/><N who="0" m="47439" /><D25/><U119/><E119/><V83/><REACH who="2" step="1"/><F87/><REACH who="2" ten="389,169,159,273" step="2"/><W46/><G67/><T118/><D118/><U125/><E125/><V133/><F133/><W99/><G3/><T64/><D41/><U97/><E40/><V92/><F92/><W60/><G95/><N who="0" m="58399" /><D103/><U84/><E94/><V113/><F113/><W134/><G52/><T102/><D102/><U55/><E55/><V45/><F45/><AGARI ba="0,1" hai="16,17,44,45,47,58,61,64" m="58399,47439" machi="45" ten="30,7700,0" yaku="8,1,52,2,54,1" doraHai="15" who="0" fromWho="2" sc="389,87,169,0,159,-77,273,0" /><INIT seed="2,0,0,0,0,120" ten="476,169,82,273" oya="2" hai0="65,89,121,109,3,112,127,108,47,66,107,96,48" hai1="126,33,35,86,68,36,75,10,76,61,9,22,23" hai2="43,85,20,25,40,115,60,0,119,94,90,7,105" hai3="116,130,135,83,92,14,93,2,99,4,80,34,8"/><V91/><F115/><W81/><G116/><T67/><D121/><U110/><E86/><V30/><F119/><W50/><G34/><T38/><D38/><U82/><E36/><V1/><F105/><W24/><G130/><T113/><D3/><U12/><E126/><V111/><F111/><N who="0" m="42570" /><D127/><U134/><E23/><V59/><F7/><W103/><G135/><T45/><D45/><U114/><E22/><V52/><REACH who="2" step="1"/><F91/><REACH who="2" ten="476,169,72,273" step="2"/><W106/><G106/><T118/><D118/><U17/><E114/><V54/><F54/><W42/><G4/><T55/><D89/><U131/><E110/><V98/><F98/><W129/><G99/><T39/><D96/><U58/><E134/><V122/><F122/><W13/><G129/><T125/><D107/><U117/><E117/><V53/><F53/><W37/><G103/><T123/><D123/><U63/><E131/><V46/><F46/><W72/><G42/><AGARI ba="0,1" hai="0,1,20,25,30,40,42,43,52,59,60,85,90,94" machi="42" ten="40,3900,0" yaku="1,1,54,1,53,0" doraHai="120" doraHaiUra="28" who="2" fromWho="3" sc="476,0,169,0,72,49,273,-39" /><INIT seed="2,1,0,5,2,62" ten="476,169,121,234" oya="2" hai0="108,49,96,88,127,60,99,59,71,33,77,63,42" hai1="86,115,54,16,22,126,0,116,35,58,34,6,65" hai2="8,92,84,53,73,11,51,89,61,10,76,52,3" hai3="104,47,120,29,91,124,72,121,45,64,57,122,134"/><V100/><F100/><W27/><G104/><T40/><D33/><U14/><E115/><V31/><F31/><W13/><G72/><T30/><D108/><U82/><E116/><V46/><F73/><W109/><G109/><T9/><D30/><U39/><E39/><V37/><F37/><W12/><G124/><T135/><D77/><U87/><E126/><V133/><F133/><W28/><G134/><T25/><D25/><U131/><E131/><V79/><REACH who="2" step="1"/><F3/><REACH who="2" ten="476,169,111,234" step="2"/><W67/><G121/><T17/><D127/><U128/><E128/><V98/><F98/><W36/><G36/><T26/><D96/><U103/><E103/><V7/><F7/><W15/><G120/><T105/><D99/><U118/><E6/><V94/><F94/><W107/><G107/><T83/><D135/><U85/><E0/><V24/><F24/><W101/><G101/><T75/><D26/><U43/><E118/><V110/><F110/><W68/><G122/><T19/><D75/><U112/><E112/><V129/><F129/><W21/><G29/><T23/><D105/><U125/><E125/><V95/><F95/><W117/><G117/><T80/><D80/><U78/><E82/><V102/><F102/><W1/><G1/><T41/><D83/><U69/><E35/><V81/><F81/><W97/><G97/><T130/><D130/><U20/><E34/><V113/><F113/><W32/><G32/><T106/><D106/><U4/><E87/><V55/><F55/><W90/><G91/><T119/><D88/><U74/><E86/><V70/><F70/><W44/><G68/><RYUUKYOKU ba="1,1" sc="476,-10,169,-10,111,30,234,-10" hai2="8,10,11,46,51,52,53,61,76,79,84,89,92" /><INIT seed="2,2,1,2,2,33" ten="466,159,141,224" oya="2" hai0="62,64,7,34,99,125,32,80,110,112,97,91,124" hai1="4,88,46,108,63,135,96,9,115,23,44,3,73" hai2="113,79,122,69,117,100,120,128,50,119,82,98,1" hai3="126,89,90,25,81,134,133,127,77,103,49,109,20"/><V111/><F69/><W55/><G103/><T36/><D36/><U54/><E115/><V14/><F14/><W129/><G109/><T31/><D7/><U71/><E108/><V27/><F27/><W105/><G105/><T107/><D112/><U51/><E73/><N who="2" m="43375" /><F50/><W57/><G129/><T116/><D116/><N who="2" m="44618" /><F113/><W59/><G59/><T48/><D48/><U43/><E135/><N who="3" m="51722" /><G77/><T6/><D6/><U70/><E23/><V87/><F111/><W41/><G41/><T92/><D110/><U106/><E106/><N who="2" m="63767" /><F128/><W75/><G75/><T39/><D39/><U38/><REACH who="1" step="1"/><E63/><REACH who="1" ten="466,149,141,224" step="2"/><V42/><F122/><W16/><G81/><T78/><D80/><U0/><E0/><V58/><F1/><W101/><G101/><T121/><D62/><U93/><AGARI ba="2,2" hai="3,4,9,38,43,44,46,51,54,70,71,88,93,96" machi="93" ten="30,7900,0" yaku="1,1,0,1,52,1,54,1,53,0" doraHai="33" doraHaiUra="61" who="1" fromWho="1" sc="466,-22,149,105,141,-41,224,-22" /><INIT seed="3,0,0,3,5,27" ten="444,254,100,202" oya="3" hai0="125,96,95,126,128,113,8,73,21,64,23,60,133" hai1="38,10,19,70,55,35,120,135,16,56,30,41,15" hai2="2,26,44,85,90,39,121,98,117,106,77,37,99" hai3="102,65,34,33,66,101,5,46,118,45,59,107,122"/><W11/><G118/><T84/><D73/><U53/><E70/><V57/><F117/><W20/><G122/><T13/><D133/><U123/><E135/><V32/><F2/><W92/><G107/><T88/><D128/><U116/><E116/><V86/><F121/><W3/><G20/><T14/><D113/><U61/><E19/><V50/><F57/><W119/><G119/><T40/><D40/><U31/><E55/><V43/><F77/><W129/><G129/><T112/><D112/><U52/><E53/><V47/><F86/><W115/><G115/><T114/><D114/><U131/><E131/><V74/><F74/><W79/><G79/><T0/><D0/><U18/><E18/><V22/><F32/><W54/><G34/><T28/><D96/><U69/><E69/><V48/><F39/><W127/><G33/><T75/><D75/><U91/><E91/><V12/><F12/><N who="0" m="4714" /><D28/><N who="1" m="10795" /><E35/><V58/><F37/><W132/><G132/><T130/><D8/><U63/><E63/><V29/><F106/><W83/><G102/><T94/><D130/><U93/><E93/><V108/><F90/><W7/><G83/><T103/><D95/><U111/><E111/><V104/><F108/><W4/><G92/><T97/><D103/><U6/><E6/><V9/><F104/><W24/><G101/><T87/><D94/><U42/><E38/><V78/><F99/><W124/><G3/><T67/><D97/><U110/><E110/><V25/><F98/><W82/><G7/><T109/><D88/><U36/><E36/><V1/><F78/><W89/><G89/><RYUUKYOKU ba="0,0" sc="444,-10,254,30,100,-10,202,-10" hai1="10,15,16,41,42,52,56,61,120,123" /><INIT seed="4,1,0,2,3,96" ten="434,284,90,192" oya="0" hai0="66,88,62,20,14,57,18,129,76,52,51,80,124" hai1="70,38,56,67,27,95,112,84,42,91,106,99,35" hai2="116,98,34,12,19,10,82,87,8,89,78,36,26" hai3="118,133,48,125,21,121,60,71,30,101,113,25,15"/><T83/><D124/><U41/><E112/><V3/><F36/><W94/><G118/><T130/><D88/><U33/><E38/><V107/><F116/><W65/><G113/><T115/><D115/><U32/><E70/><V131/><F131/><W81/><G133/><T23/><D23/><U9/><E27/><V68/><F68/><W45/><G125/><T40/><D40/><U93/><E106/><V104/><F3/><W22/><G121/><T29/><D29/><U43/><E9/><V134/><F134/><W54/><G81/><T119/><D119/><U86/><E67/><V6/><F34/><W37/><G37/><T109/><D109/><U127/><E56/><V69/><F69/><W110/><G110/><T63/><D80/><U16/><E127/><V46/><F46/><W39/><G39/><T53/><D53/><U55/><E55/><V49/><F49/><W59/><G71/><T11/><D11/><U105/><E105/><V64/><F64/><W77/><G77/><T102/><D102/><U126/><E126/><V75/><F10/><W72/><G72/><N who="0" m="43399" /><D66/><U135/><E135/><V7/><F75/><W2/><G2/><T92/><D92/><U132/><E132/><V58/><F104/><W47/><G47/><T74/><D74/><U97/><REACH who="1" step="1"/><E16/><REACH who="1" ten="434,274,90,192" step="2"/><N who="2" m="8199" /><F107/><W24/><G25/><T13/><D129/><U1/><E1/><V120/><F120/><W122/><G122/><T50/><D130/><U73/><E73/><V114/><F114/><W17/><G24/><T61/><D13/><U108/><E108/><V0/><F0/><W100/><G15/><RYUUKYOKU ba="1,1" sc="434,15,274,15,90,-15,192,-15" hai0="14,18,20,50,51,52,57,61,62,63" hai1="32,33,35,41,42,43,84,86,91,93,95,97,99" /><INIT seed="4,2,1,4,1,22" ten="449,289,75,177" oya="0" hai0="56,35,100,93,97,74,124,85,108,81,36,53,26" hai1="72,8,44,132,31,0,99,38,102,128,67,105,52" hai2="7,68,13,104,110,86,39,87,89,135,123,57,127" hai3="125,29,114,30,92,23,21,43,96,106,71,32,4"/><T45/><D124/><U98/><E72/><V88/><F68/><W25/><G71/><T5/><D74/><U121/><E121/><V101/><F123/><W122/><G122/><T103/><D5/><U59/><E128/><V64/><F110/><W33/><G106/><T80/><D108/><U2/><E132/><V90/><F39/><W126/><G43/><T61/><D100/><U37/><E67/><V55/><F64/><W15/><G92/><T50/><D36/><U94/><E31/><V14/><F135/><W17/><G96/><T16/><D35/><N who="3" m="13385" /><G114/><T78/><D81/><U109/><E8/><V24/><F127/><N who="3" m="48651" /><G4/><T84/><D84/><N who="2" m="32298" /><F104/><W82/><G82/><T54/><D16/><AGARI ba="2,1" hai="15,16,17,21,23,25,29,30" m="48651,13385" machi="16" ten="30,8000,1" yaku="18,1,34,2,52,1,54,1" doraHai="22" who="3" fromWho="0" sc="449,-86,289,0,75,0,177,96" /><INIT seed="5,0,0,5,2,12" ten="363,289,75,273" oya="1" hai0="96,17,127,29,41,128,123,86,109,133,62,84,103" hai1="16,122,70,60,120,2,59,94,58,88,25,114,23" hai2="0,125,113,7,4,81,93,52,32,121,77,55,78" hai3="38,104,48,106,115,117,134,92,131,99,110,63,91"/><U124/><E114/><V105/><F121/><W130/><G38/><T22/><D109/><U64/><E2/><V111/><F111/><W26/><G63/><T135/><D29/><U107/><E107/><N who="3" m="41002" /><G48/><T71/><D127/><U89/><E124/><V1/><F105/><W13/><G13/><T39/><D128/><N who="3" m="49193" /><G26/><N who="0" m="14671" /><D123/><U56/><REACH who="1" step="1"/><E89/><REACH who="1" ten="363,279,75,273" step="2"/><V47/><F125/><W112/><G110/><T54/><D133/><U27/><E27/><V5/><F0/><W87/><G134/><T126/><D135/><U108/><E108/><V83/><F1/><W49/><G117/><T129/><D126/><U75/><E75/><V9/><F113/><N who="3" m="43595" /><G49/><T98/><D129/><U80/><E80/><V97/><F83/><W24/><G24/><T46/><D39/><U33/><E33/><V20/><F32/><W45/><G45/><T11/><D46/><U65/><E65/><V82/><F47/><W37/><G37/><T101/><D41/><U95/><E95/><V79/><F82/><W43/><G43/><T40/><D40/><U31/><E31/><V132/><F81/><W118/><G118/><T14/><D54/><U69/><E69/><V44/><F44/><W61/><G61/><T42/><D62/><U30/><E30/><V74/><F132/><W76/><G76/><T19/><D71/><U8/><E8/><V35/><F9/><W50/><G50/><T85/><D42/><U34/><E34/><V102/><F35/><W116/><G116/><T90/><D11/><U68/><E68/><V51/><F55/><W66/><G66/><T28/><D28/><U3/><E3/><RYUUKYOKU ba="0,1" sc="363,-15,279,15,75,-15,273,15" hai1="16,23,25,56,58,59,60,64,70,88,94,120,122" hai3="87,91,92,99" /><INIT seed="5,1,1,1,0,98" ten="348,294,60,288" oya="1" hai0="91,81,0,49,41,65,43,39,80,97,74,101,120" hai1="2,102,42,124,119,63,82,45,35,113,76,60,70" hai2="130,40,9,115,79,14,44,95,99,133,103,30,85" hai3="56,121,55,18,117,68,66,100,94,114,34,107,126"/><U135/><E119/><V116/><F116/><W112/><G117/><T37/><D0/><U106/><E113/><N who="3" m="43626" /><G121/><T53/><D120/><U129/><E124/><V125/><F115/><W20/><G34/><T92/><D65/><U16/><E129/><V38/><F133/><W17/><G126/><T67/><D67/><U19/><E2/><V51/><F130/><W131/><G107/><T105/><D81/><U90/><E35/><V62/><F125/><W27/><G131/><T5/><D5/><U109/><E109/><V47/><F30/><N who="3" m="17767" /><G66/><T89/><D89/><U86/><E70/><V15/><F62/><N who="1" m="23593" /><E106/><V36/><F36/><W122/><G68/><T71/><D37/><U83/><E102/><V72/><F72/><W54/><G122/><T88/><D39/><U29/><E29/><V28/><F28/><W4/><G4/><T96/><D71/><U64/><E64/><V78/><F85/><W10/><G10/><T104/><D104/><U8/><E8/><V128/><F128/><W7/><G7/><T127/><D127/><U32/><E32/><V24/><F9/><W33/><G33/><T1/><D1/><U57/><E135/><V59/><F38/><W118/><G118/><T3/><D3/><U46/><E57/><V61/><F59/><W132/><G132/><T108/><D108/><U69/><E69/><V6/><F6/><W134/><G134/><T123/><D123/><U25/><E25/><V93/><F24/><W84/><G56/><N who="0" m="32815" /><D74/><N who="1" m="43287" /><E46/><V87/><F47/><W13/><G13/><N who="2" m="4617" /><F61/><W50/><G50/><T73/><D73/><U111/><E111/><RYUUKYOKU ba="1,1" sc="348,10,294,10,60,10,288,-30" hai0="41,43,80,88,91,92,96,97,101,105" hai1="16,19,42,45,83,86,90" hai2="40,44,51,78,79,87,93,95,99,103" /><INIT seed="5,2,1,4,1,23" ten="358,304,70,258" oya="1" hai0="31,38,13,4,66,48,124,10,32,76,120,14,57" hai1="52,25,115,77,15,95,121,36,71,112,43,134,28" hai2="29,47,73,96,75,135,0,6,123,42,83,109,80" hai3="34,49,125,92,37,68,128,74,104,18,11,94,16"/><U7/><E121/><V5/><F109/><W117/><G37/><T9/><D38/><U21/><E71/><V127/><F123/><W98/><G104/><T99/><D120/><U97/><E134/><V88/><F135/><W51/><G74/><T122/><D122/><U101/><E77/><V118/><F118/><W102/><G68/><T86/><D124/><U81/><E81/><V70/><F70/><W132/><G132/><T26/><D99/><U3/><E3/><V33/><F127/><W46/><G125/><T110/><D110/><U89/><E43/><V58/><F58/><W111/><G34/><T20/><D86/><U82/><E36/><V8/><F6/><W59/><G117/><T64/><D76/><U91/><E82/><V106/><F106/><W85/><G128/><T2/><D32/><U108/><E108/><V56/><F56/><W69/><G69/><T90/><D90/><U126/><E126/><V1/><F1/><W87/><G111/><T93/><D93/><U84/><E52/><V17/><F83/><W55/><G94/><T131/><D131/><U72/><E72/><V62/><F62/><W114/><G114/><N who="1" m="43562" /><E84/><N who="3" m="32330" /><G11/><AGARI ba="2,1" hai="7,11,15,21,25,28,89,91,95,97,101" m="43562" machi="11" ten="30,2900,0" yaku="15,1,52,1" doraHai="23" who="1" fromWho="3" sc="358,0,304,45,70,0,258,-35" /><INIT seed="5,3,0,5,0,55" ten="358,349,70,223" oya="1" hai0="60,116,129,101,114,41,42,103,2,31,125,17,10" hai1="23,40,133,126,20,62,75,76,28,130,104,80,49" hai2="15,118,21,73,70,81,16,13,44,110,61,98,58" hai3="112,51,47,85,63,46,0,97,26,71,53,30,45"/><U113/><E104/><V66/><F110/><W96/><G0/><T121/><D116/><U33/><E113/><V83/><F118/><W109/><G109/><T78/><D114/><U131/><E126/><V127/><F127/><W124/><G124/><T29/><D125/><U36/><E36/><V128/><F128/><N who="1" m="49193" /><E133/><V77/><F44/><W48/><G112/><T102/><D121/><U35/><E62/><V19/><F83/><W22/><G85/><T111/><D111/><U105/><E105/><V50/><F98/><N who="3" m="37995" /><G71/><T107/><D107/><U117/><E117/><V37/><F37/><W79/><G79/><T132/><D78/><U94/><E94/><V122/><F122/><W56/><AGARI ba="3,0" hai="22,26,30,45,46,47,48,51,53,56,63" m="37995" machi="56" ten="30,2000,0" yaku="8,1,52,1" doraHai="55" who="3" fromWho="3" sc="358,-8,349,-13,70,-8,223,29" /><INIT seed="6,0,0,0,0,106" ten="350,336,62,252" oya="2" hai0="19,124,73,91,82,54,45,110,96,75,24,101,92" hai1="57,112,29,69,68,128,11,81,120,38,123,9,18" hai2="107,85,10,66,97,0,104,26,16,119,114,134,84" hai3="33,105,132,34,131,1,62,53,13,48,111,32,46"/><V21/><F119/><W22/><G111/><T7/><D110/><U74/><E38/><V61/><F114/><W35/><G1/><T89/><D124/><U79/><E128/><V5/><F134/><W93/><G105/><T77/><D7/><U129/><E129/><V27/><F107/><W130/><G132/><T65/><D65/><U56/><E29/><V17/><F104/><W76/><G76/><T125/><D125/><U25/><E112/><V49/><F97/><W44/><G44/><T98/><D98/><U14/><E25/><V39/><F39/><W80/><G80/><T37/><D75/><U20/><E57/><V88/><F49/><W64/><G93/><T3/><D3/><U94/><E56/><V102/><F102/><W90/><G90/><T109/><D109/><U55/><E55/><V58/><REACH who="2" step="1"/><F88/><REACH who="2" ten="350,336,52,252" step="2"/><W117/><G117/><T99/><D99/><U50/><E50/><V72/><F72/><W87/><G87/><T100/><D100/><U31/><E94/><V23/><AGARI ba="0,1" hai="0,5,10,16,17,21,23,26,27,58,61,66,84,85" machi="23" ten="30,11700,0" yaku="1,1,0,1,9,1,54,1,53,0" doraHai="106" doraHaiUra="8" who="2" fromWho="2" sc="350,-39,336,-39,52,127,252,-39" /><INIT seed="6,1,0,0,0,125" ten="311,297,179,213" oya="2" hai0="59,33,95,117,60,131,68,12,48,9,0,47,89" hai1="127,54,99,122,71,32,16,37,41,94,30,63,108" hai2="87,53,43,22,39,17,105,119,76,21,132,45,66" hai3="57,109,26,128,2,56,11,104,40,75,86,91,69"/><V81/><F119/><W34/><G109/><T73/><D73/><U111/><E127/><V29/><F132/><W103/><G75/><T84/><D33/><U5/><E5/><V15/><F105/><W67/><G40/><T62/><D117/><U64/><E122/><V31/><F66/><W134/><G134/><T101/><D0/><U78/><E78/><V42/><F42/><W129/><G2/><T100/><D131/><N who="3" m="50249" /><G11/><T72/><D68/><U123/><E71/><V8/><F22/><W19/><G103/><N who="0" m="39499" /><D59/><U20/><E20/><V65/><F65/><W49/><G49/><T23/><D23/><U58/><E41/><V92/><F21/><N who="3" m="13631" /><G104/><T98/><D72/><U130/><E64/><V82/><F43/><W133/><G133/><T13/><D13/><U115/><E111/><V51/><F39/><W93/><G34/><T61/><D48/><U97/><E37/><V50/><F50/><W27/><G27/><T77/><D12/><U126/><E32/><V96/><F82/><W80/><G80/><N who="0" m="47119" /><D9/><U14/><E14/><V6/><F6/><W38/><G38/><T28/><D28/><U1/><E30/><V70/><F70/><W52/><G52/><T112/><D47/><U18/><E54/><V55/><F53/><W114/><G114/><T25/><D112/><U107/><E115/><V44/><F45/><W121/><G121/><T85/><D25/><U35/><E123/><V7/><F7/><W124/><G124/><T102/><D102/><AGARI ba="1,0" hai="8,15,17,29,31,44,51,55,76,81,87,92,96,102" machi="102" ten="30,2900,0" yaku="7,1,8,1" doraHai="125" who="2" fromWho="0" sc="311,-32,297,0,179,32,213,0" /><INIT seed="6,2,0,0,0,84" ten="279,297,211,213" oya="2" hai0="40,1,79,52,80,83,45,99,60,10,135,109,54" hai1="112,47,95,34,37,87,98,51,12,56,64,72,101" hai2="36,11,53,134,117,3,113,114,128,130,57,48,41" hai3="62,17,120,100,129,89,61,5,59,2,91,66,31"/><V96/><F117/><W124/><G120/><T39/><D135/><U77/><E34/><V22/><F22/><W88/><G129/><N who="2" m="49769" /><F96/><W9/><G124/><T111/><D99/><U122/><E72/><V71/><F71/><W93/><G31/><T15/><D83/><U14/><E37/><V0/><F134/><W44/><G44/><T73/><D1/><N who="2" m="586" /><F11/><W67/><G17/><T6/><REACH who="0" step="1"/><D60/><REACH who="0" ten="269,297,211,213" step="2"/><N who="1" m="37895" /><E122/><V63/><F63/><W28/><G100/><T69/><D69/><U85/><E98/><V7/><F7/><W104/><G104/><T106/><D106/><U58/><E101/><V126/><F126/><W86/><G28/><T21/><D21/><U50/><E95/><V4/><F4/><W23/><G23/><T13/><D13/><U90/><E14/><V24/><F24/><W25/><G25/><T127/><D127/><U110/><E12/><V76/><F76/><W131/><G131/><T43/><D43/><U78/><E77/><V125/><F125/><W16/><G16/><T105/><D105/><U65/><E78/><V108/><F108/><AGARI ba="2,1" hai="6,10,15,39,40,45,52,54,73,79,80,108,109,111" machi="108" ten="40,2600,0" yaku="1,1,54,1,53,0" doraHai="84" doraHaiUra="18" who="0" fromWho="2" sc="269,42,297,0,211,-32,213,0" /><INIT seed="7,0,0,5,1,7" ten="311,297,179,213" oya="3" hai0="54,63,24,103,90,119,0,26,64,88,95,32,35" hai1="1,96,87,53,86,23,65,85,126,34,38,56,61" hai2="121,102,58,89,69,16,120,52,22,112,108,128,60" hai3="124,8,76,39,115,83,9,92,130,43,6,79,99"/><W31/><G115/><T127/><D0/><U105/><E34/><V104/><F108/><W82/><G130/><T117/><D54/><U133/><E126/><V74/><F112/><W110/><G124/><T30/><D103/><U101/><E133/><V19/><F128/><W114/><G114/><T28/><D127/><U18/><E38/><V17/><F74/><W66/><G66/><T25/><D25/><U36/><E36/><V67/><F89/><W40/><G31/><T48/><D48/><U125/><E1/><V122/><F102/><W42/><G39/><T33/><D33/><U15/><REACH who="1" step="1"/><E125/><REACH who="1" ten="311,287,179,213" step="2"/><V13/><REACH who="2" step="1"/><F104/><REACH who="2" ten="311,287,169,213" step="2"/><W132/><G110/><T98/><D90/><U20/><E20/><V94/><F94/><W50/><G132/><T37/><D88/><U109/><E109/><V51/><AGARI ba="0,2" hai="13,16,17,19,22,51,52,58,60,67,69,120,121,122" machi="51" ten="30,8000,1" yaku="1,1,0,1,13,1,54,2,53,0" doraHai="7" doraHaiUra="107" who="2" fromWho="2" sc="311,-20,287,-20,169,100,213,-40" /><INIT seed="8,0,0,2,1,49" ten="291,267,269,173" oya="0" hai0="23,40,113,118,78,63,100,127,77,39,12,134,129" hai1="70,21,75,60,50,32,24,68,131,104,54,79,62" hai2="85,124,38,132,7,28,65,13,119,98,19,33,10" hai3="114,96,8,5,135,91,42,116,36,26,89,93,37"/><T128/><D113/><U67/><E131/><N who="0" m="50249" /><D118/><U11/><E104/><V61/><F38/><W101/><G114/><T71/><D127/><U73/><E32/><V92/><F124/><W76/><G116/><T48/><D39/><U44/><E79/><V9/><F132/><W3/><G135/><T86/><D100/><U57/><E11/><V17/><F85/><W83/><G26/><T2/><D2/><U90/><E90/><V80/><F80/><W69/><G69/><T64/><D86/><U72/><REACH who="1" step="1"/><E62/><REACH who="1" ten="291,257,269,173" step="2"/><V102/><F119/><W46/><REACH who="3" step="1"/><G37/><REACH who="3" ten="291,257,269,163" step="2"/><T109/><D134/><U125/><E125/><V55/><F33/><W66/><G66/><T105/><D64/><U133/><E133/><V4/><F65/><W47/><G47/><T111/><D111/><U107/><E107/><V95/><F9/><W126/><G126/><T81/><D105/><U15/><E15/><V117/><F10/><W103/><G103/><T88/><D12/><U22/><E22/><V84/><F13/><W14/><G14/><T41/><D23/><U31/><AGARI ba="0,2" hai="21,24,31,44,50,54,57,60,67,68,70,72,73,75" machi="31" ten="30,4000,0" yaku="1,1,0,1,52,1,53,0" doraHai="49" doraHaiUra="97" who="1" fromWho="1" sc="291,-20,257,60,269,-10,163,-10" owari="271,7.1,317,41.7,259,-14.1,153,-34.7" /></mjloggm>