<mjloggm ver="2.3"><GO type="169" lobby="0"/><UN n0="%E3%81%BE%E3%81%88%E3%81%9F" n1="%6E%61%67%61%69%6D%6F" n2="%E6%A8%99" n3="%41%6E%6B%6F%61%6E%6B%6F" dan="17,16,16,16" rate="2186.66,2129.79,2145.85,2139.54" sx="F,M,M,F"/><TAIKYOKU oya="0"/><INIT seed="0,0,0,1,4,54" ten="250,250,250,250" oya="0" hai0="105,19,117,83,106,7,84,115,37,5,58,100,71" hai1="121,73,11,79,91,16,18,135,86,113,20,80,62" hai2="12,48,22,114,15,85,29,46,127,4,0,92,132" hai3="94,109,129,32,53,34,6,60,26,40,45,131,99"/><T42/><D115/><U108/><E121/><V65/><F114/><W23/><G109/><T110/><D71/><U24/><E108/><V101/><F132/><W78/><G78/><T74/><D74/><U63/><E135/><V36/><F36/><W21/><G6/><T102/><D110/><U82/><E113/><V64/><F127/><W27/><G40/><T125/><D125/><U51/><E51/><V56/><F0/><W28/><G45/><T44/><D117/><U55/><E55/><V52/><F4/><W124/><G124/><T67/><D102/><U97/><E97/><N who="2" m="59559" /><F85/><W25/><G53/><T59/><D19/><U1/><E1/><V17/><F29/><N who="3" m="19503" /><G60/><T116/><D116/><U111/><E111/><V70/><F70/><W35/><G94/><T41/><D41/><U57/><E11/><V50/><F15/><W13/><G99/><T72/><D72/><U66/><REACH who="1" step="1"/><E63/><REACH who="1" ten="250,240,250,250" step="2"/><V93/><F93/><W133/><G133/><T43/><D105/><U89/><E89/><V123/><F123/><W76/><G76/><T134/><D134/><U30/><AGARI ba="0,1" hai="16,18,20,24,30,57,62,66,73,79,80,82,86,91" machi="30" ten="20,8000,1" yaku="1,1,0,1,7,1,52,1,54,1,53,0" doraHai="54" doraHaiUra="130" who="1" fromWho="1" sc="250,-40,240,90,250,-20,250,-20" /><INIT seed="1,0,0,3,4,50" ten="210,330,230,230" oya="1" hai0="27,43,46,66,104,134,6,7,34,98,45,123,0" hai1="80,118,75,102,16,53,37,95,113,132,31,124,85" hai2="19,122,39,70,111,48,60,106,58,73,97,120,33" hai3="105,131,133,18,12,86,40,22,36,67,65,11,107"/><U87/><E37/><V125/><F19/><W4/><G131/><T63/><D134/><U41/><E41/><V77/><F111/><W130/><G130/><T114/><D114/><U101/><E31/><V38/><F125/><W3/><G133/><T57/><D123/><U109/><E75/><V99/><F48/><W44/><REACH who="3" step="1"/><G86/><REACH who="3" ten="210,330,230,220" step="2"/><T13/><D0/><U15/><E132/><V71/><F120/><W29/><G29/><T28/><D45/><U96/><E113/><V59/><F122/><W64/><AGARI ba="0,1" hai="3,4,11,12,18,22,36,40,44,64,65,67,105,107" machi="64" ten="30,4000,0" yaku="1,1,0,1,53,1" doraHai="50" doraHaiUra="10" who="3" fromWho="3" sc="210,-10,330,-20,230,-10,220,50" /><INIT seed="2,0,0,2,2,64" ten="200,310,220,270" oya="2" hai0="36,103,110,48,12,123,15,131,101,26,95,10,113" hai1="128,11,45,4,53,82,30,92,35,127,0,106,130" hai2="41,31,132,33,43,76,102,105,80,27,89,38,54" hai3="23,86,56,16,107,2,114,62,68,104,88,40,37"/><V117/><F117/><W98/><G2/><T55/><D36/><U61/><E106/><V97/><F132/><W13/><G37/><T34/><D123/><U81/><E127/><V7/><F7/><W24/><G40/><T60/><D113/><U77/><E35/><V59/><F89/><W66/><G114/><T58/><D131/><U63/><E30/><V19/><F19/><W122/><G122/><T32/><D110/><U28/><E28/><V52/><F54/><W69/><G13/><T99/><D26/><U94/><E82/><V72/><REACH who="2" step="1"/><F38/><REACH who="2" ten="200,310,210,270" step="2"/><W21/><G21/><T46/><D101/><U119/><E119/><V6/><F6/><W111/><G111/><T51/><D51/><AGARI ba="0,1" hai="27,31,33,41,43,51,52,59,72,76,80,97,102,105" machi="51" ten="30,5800,0" yaku="1,1,7,1,54,1,53,0" doraHai="64" doraHaiUra="42" who="2" fromWho="0" sc="200,-58,310,0,210,68,270,0" /><INIT seed="2,1,0,0,0,20" ten="142,310,278,270" oya="2" hai0="79,2,124,29,28,38,48,128,35,56,54,132,118" hai1="6,109,119,14,30,120,92,75,49,12,77,66,58" hai2="88,25,114,74,59,67,113,33,110,89,82,98,115" hai3="27,52,133,106,86,44,125,65,39,23,134,129,36"/><V16/><F74/><W55/><G106/><T96/><D38/><N who="3" m="14377" /><G86/><T103/><D124/><U68/><E119/><V15/><F110/><W64/><G125/><T85/><D128/><U112/><E109/><V19/><F82/><W126/><G126/><T7/><D132/><N who="3" m="50793" /><G129/><T100/><D118/><U1/><E77/><V32/><F32/><W90/><G90/><T42/><D100/><U57/><E92/><V34/><F34/><W60/><G44/><T17/><D35/><U47/><E75/><V5/><F5/><W95/><G95/><T62/><D7/><U99/><E99/><V107/><F19/><N who="3" m="12799" /><G64/><T9/><D2/><U26/><E66/><V80/><F80/><W40/><G40/><T10/><D85/><U93/><E1/><V51/><F107/><W69/><AGARI ba="1,0" hai="52,55,60,65,69" m="12799,50793,14377" machi="69" ten="30,4000,0" yaku="20,1,52,1,54,1" doraHai="20" who="3" fromWho="3" sc="142,-11,310,-11,278,-21,270,43" /><INIT seed="3,0,0,4,2,14" ten="131,299,257,313" oya="3" hai0="106,78,35,108,83,12,90,24,79,134,66,62,93" hai1="113,25,30,125,86,38,54,50,51,129,7,94,121" hai2="81,127,56,103,49,130,95,22,116,3,28,52,4" hai3="27,115,65,76,80,10,32,128,126,45,41,111,21"/><W26/><G115/><T37/><D108/><U105/><E105/><V99/><F116/><W135/><G111/><T53/><D106/><U47/><E38/><V123/><F123/><W124/><G135/><T59/><D37/><U100/><E121/><V57/><F130/><W77/><G128/><T117/><D117/><U72/><E72/><V48/><F127/><N who="3" m="48683" /><G65/><T70/><D134/><U2/><E113/><V84/><F3/><W18/><G10/><T85/><D35/><U36/><E36/><V73/><F73/><W104/><G104/><T89/><D24/><U9/><E129/><V112/><F112/><W92/><G92/><T132/><D132/><U69/><E69/><V40/><F4/><W64/><G64/><T101/><D101/><U120/><E120/><V39/><F39/><N who="3" m="21695" /><G80/><T19/><D66/><U96/><E125/><V87/><F81/><W122/><G122/><T75/><D70/><U102/><E86/><V42/><F42/><W0/><G0/><T11/><REACH who="0" step="1"/><D75/><REACH who="0" ten="121,299,257,313" step="2"/><U17/><E102/><V13/><F40/><W71/><G71/><T44/><D44/><U118/><E118/><V60/><F57/><W91/><G91/><T61/><D61/><U33/><E47/><V68/><F68/><W131/><G131/><T20/><D20/><U23/><E54/><V63/><F60/><W55/><G55/><T97/><AGARI ba="0,1" hai="11,12,19,53,59,62,78,79,83,85,89,90,93,97" machi="97" ten="20,12000,2" yaku="1,1,0,1,7,1,8,1,52,1,53,1" doraHai="14" doraHaiUra="82" who="0" fromWho="0" sc="121,130,299,-30,257,-30,313,-60" /><INIT seed="4,0,0,3,3,51" ten="251,269,227,253" oya="0" hai0="126,20,95,80,44,24,16,15,124,89,45,104,30" hai1="78,43,56,31,34,3,75,55,29,96,98,110,97" hai2="105,86,125,132,21,0,9,6,115,68,2,5,66" hai3="111,39,93,37,38,52,128,91,117,129,135,102,79"/><T99/><D104/><U53/><E110/><V58/><F105/><W67/><G111/><T130/><D130/><N who="3" m="50281" /><G117/><T62/><D80/><U35/><E3/><V72/><F68/><W69/><G135/><T85/><D99/><U27/><E43/><V4/><F72/><W8/><G79/><T22/><REACH who="0" step="1"/><D62/><REACH who="0" ten="241,269,227,253" step="2"/><U26/><E56/><V40/><F58/><W112/><G69/><T81/><D81/><AGARI ba="0,1" hai="26,27,29,31,34,35,53,55,75,78,81,96,97,98" machi="81" ten="40,5200,0" yaku="9,1,52,2" doraHai="51" who="1" fromWho="0" sc="241,-52,269,62,227,0,253,0" /><INIT seed="5,0,0,3,3,68" ten="189,331,227,253" oya="1" hai0="93,59,98,0,41,124,7,46,43,77,44,42,115" hai1="50,40,47,87,110,96,24,132,23,117,2,105,95" hai2="37,21,135,51,27,82,120,89,28,10,33,18,112" hai3="53,69,121,14,17,22,6,86,55,34,118,31,129"/><U71/><E117/><V101/><F120/><W61/><G121/><T99/><D115/><U81/><E2/><V56/><F135/><W39/><G129/><T102/><D124/><U48/><E71/><V36/><F112/><W119/><G6/><T67/><D77/><U131/><E105/><V128/><F128/><W127/><G127/><T5/><D98/><U84/><E132/><V12/><F101/><W63/><G39/><T73/><D73/><U9/><E131/><V32/><F82/><W72/><G72/><T113/><D113/><U79/><E9/><V35/><REACH who="2" step="1"/><F89/><REACH who="2" ten="189,331,217,253" step="2"/><W125/><G125/><T4/><D0/><U75/><E110/><V45/><F45/><W70/><G119/><T64/><D64/><U123/><E123/><V114/><F114/><W38/><G118/><T94/><D93/><U60/><E60/><AGARI ba="0,1" hai="4,5,7,41,42,43,44,46,59,60,67,94,99,102" machi="60" ten="40,1300,0" yaku="8,1" doraHai="68" who="0" fromWho="1" sc="189,23,331,-13,217,0,253,0" /><INIT seed="6,0,0,1,0,67" ten="212,318,217,253" oya="2" hai0="129,48,40,55,78,27,95,135,61,108,110,9,120" hai1="127,15,23,125,8,7,76,103,42,105,101,107,51" hai2="115,46,30,37,14,52,71,114,49,118,17,121,24" hai3="98,29,77,116,102,113,134,92,22,93,82,34,70"/><V109/><F118/><W128/><G116/><T86/><D120/><U59/><E76/><V13/><F121/><W31/><G134/><T122/><D122/><U56/><E23/><N who="2" m="15647" /><F37/><W72/><G128/><T104/><D104/><U25/><E25/><V5/><F5/><W89/><G34/><T111/><D135/><U106/><E42/><V64/><F109/><W33/><G33/><T84/><D129/><U11/><E51/><V80/><F80/><W75/><G75/><T94/><D40/><U132/><E132/><V45/><F45/><W38/><G38/><T28/><D61/><U119/><E119/><V19/><F13/><W83/><G70/><T54/><D9/><U117/><E117/><V63/><F14/><W91/><G22/><T123/><D123/><U100/><REACH who="1" step="1"/><E11/><REACH who="1" ten="212,308,217,253" step="2"/><V97/><F97/><N who="3" m="59687" /><G29/><T3/><D28/><U16/><E16/><V20/><F20/><W124/><G31/><T1/><D27/><U0/><E0/><V57/><F46/><W18/><G18/><T131/><D110/><U90/><E90/><V126/><F126/><AGARI ba="0,1" hai="7,8,15,56,59,100,101,103,105,106,107,125,126,127" machi="126" ten="50,3200,0" yaku="1,1,18,1,53,0" doraHai="67" doraHaiUra="32" who="1" fromWho="2" sc="212,0,308,42,217,-32,253,0" /><INIT seed="7,0,0,0,3,27" ten="212,350,185,253" oya="3" hai0="13,79,96,68,3,106,51,40,7,93,50,26,114" hai1="94,121,69,65,75,39,18,21,28,112,109,64,5" hai2="135,104,10,22,42,120,81,30,59,0,78,103,89" hai3="36,4,128,91,16,86,31,90,66,98,52,60,34"/><W56/><G36/><T57/><D106/><U97/><E109/><V101/><F120/><W12/><G128/><T124/><D68/><U116/><E121/><V24/><F135/><W33/><G4/><T58/><D3/><U41/><E75/><V47/><F104/><W95/><G66/><T49/><D124/><U62/><E64/><V82/><F89/><W63/><G63/><T85/><D40/><U53/><E5/><N who="2" m="1319" /><F59/><W99/><G99/><T122/><D114/><U88/><E112/><V72/><F82/><W32/><G31/><T132/><D132/><U92/><E116/><V6/><F6/><W73/><G73/><T19/><D26/><U113/><E113/><V29/><F29/><W117/><G117/><T54/><D7/><U48/><E28/><V15/><F15/><W110/><G110/><T130/><D130/><U119/><E94/><V84/><F84/><W87/><G91/><N who="0" m="55359" /><D122/><U125/><E125/><V14/><F14/><W17/><G17/><T67/><D67/><U105/><E105/><V111/><F111/><W38/><G38/><T126/><D54/><U115/><E115/><V80/><F80/><W44/><G44/><T83/><D126/><U133/><E133/><V35/><F35/><W71/><G71/><T61/><D61/><U20/><E119/><V77/><F77/><W55/><G55/><T70/><D70/><U131/><E131/><V1/><F1/><W134/><G134/><T46/><D46/><N who="1" m="23871" /><E18/><V107/><F107/><W9/><AGARI ba="0,0" hai="9,12,16,32,33,34,52,56,60,86,87,90,95,98" machi="9" ten="30,6000,0" yaku="0,1,54,2" doraHai="27" who="3" fromWho="3" sc="212,-20,350,-20,185,-20,253,60" /><INIT seed="7,1,0,5,1,135" ten="192,330,165,313" oya="3" hai0="114,3,121,55,126,134,29,68,25,17,56,116,36" hai1="48,71,9,46,8,117,63,110,35,73,41,43,97" hai2="58,51,33,84,130,90,69,111,11,81,65,59,89" hai3="131,127,80,22,104,96,79,16,98,7,100,103,108"/><W26/><G127/><T133/><D116/><U124/><E110/><V50/><F33/><W21/><G131/><T118/><D118/><U24/><E73/><V125/><F111/><W88/><G108/><T37/><D121/><U2/><E117/><V44/><F130/><W39/><G39/><T5/><D68/><U129/><E129/><V57/><F125/><W93/><G7/><T66/><D17/><U23/><E35/><V31/><F31/><W115/><G115/><T30/><D66/><U123/><E123/><V53/><F11/><W12/><G104/><T27/><D114/><U14/><E124/><V32/><F32/><W113/><G113/><T132/><D126/><U76/><E76/><V28/><F28/><N who="0" m="10858" /><D5/><U92/><E2/><V4/><F4/><W10/><G26/><N who="0" m="9739" /><D3/><U87/><E24/><V112/><F112/><W120/><G120/><T62/><AGARI ba="1,0" hai="36,37,55,56,62,132,133,134" m="9739,10858" machi="62" ten="40,1500,0" yaku="20,1" doraHai="135" who="0" fromWho="0" sc="192,18,330,-5,165,-5,313,-8" owari="210,-19.0,325,42.5,160,-34.0,305,10.5" /></mjloggm>