<mjloggm ver="2.3"><GO type="169" lobby="0"/><UN n0="%74%65%63%68%74%6F" n1="%31%74%61" n2="%64%69%76%61" n3="%E8%A1%A8%E7%A4%BA%E4%BE%A1%E6%A0%BC%E3%82%88%E3%82%8A%E5%8D%8A%E9%A1%8D" dan="17,17,16,16" rate="2128.79,2220.62,2052.95,2093.23" sx="M,M,M,M"/><TAIKYOKU oya="0"/><INIT seed="0,0,0,0,5,16" ten="250,250,250,250" oya="0" hai0="81,106,27,96,22,82,48,113,135,0,71,58,9" hai1="57,37,131,78,122,114,83,8,68,91,18,128,51" hai2="74,67,63,132,95,99,40,93,80,38,52,12,29" hai3="39,19,124,86,20,98,101,11,102,50,134,104,45"/><T123/><D71/><U76/><E122/><V6/><F132/><W87/><G134/><T100/><D113/><U130/><E37/><V14/><F38/><W2/><G124/><T84/><D123/><U32/><E32/><V125/><F40/><W47/><G101/><T36/><D36/><U116/><E68/><V62/><F125/><W77/><G39/><T3/><D9/><U56/><E116/><V107/><F107/><W108/><G47/><T42/><D82/><U21/><E8/><V121/><F121/><W133/><G133/><T46/><D58/><N who="1" m="22635" /><E51/><V44/><F29/><W89/><G77/><T127/><D127/><U30/><E30/><V41/><F41/><W59/><G59/><T88/><REACH who="0" step="1"/><D135/><REACH who="0" ten="240,250,250,250" step="2"/><U75/><E114/><V129/><F80/><W112/><G112/><T17/><AGARI ba="0,1" hai="0,3,17,22,27,42,46,48,81,84,88,96,100,106" machi="17" ten="20,18000,2" yaku="1,1,2,1,0,1,7,1,52,1,54,1,53,0" doraHai="16" doraHaiUra="49" who="0" fromWho="0" sc="240,190,250,-60,250,-60,250,-60" /><INIT seed="0,1,0,0,4,111" ten="430,190,190,190" oya="0" hai0="73,83,109,65,34,113,124,7,16,41,4,127,102" hai1="13,97,66,21,53,77,128,129,89,24,52,46,98" hai2="54,122,74,130,39,15,31,62,135,96,110,29,100" hai3="49,119,84,30,69,121,71,55,118,116,99,22,112"/><T132/><D65/><U114/><E77/><V44/><F110/><W61/><G30/><T27/><D109/><U12/><E66/><V10/><F122/><W28/><G121/><T125/><D132/><U133/><E133/><V19/><F74/><W85/><G99/><N who="1" m="37898" /><E89/><V38/><F135/><W106/><G106/><T37/><D102/><U40/><E114/><V134/><F134/><W42/><G61/><T25/><D113/><U57/><E24/><V45/><F130/><N who="1" m="50281" /><E21/><V81/><F81/><W105/><G105/><T48/><D37/><N who="1" m="21775" /><E53/><V82/><F82/><W108/><G112/><T87/><D73/><U43/><E43/><V50/><F45/><W107/><G42/><T63/><D63/><AGARI ba="1,0" hai="12,13,52,57,63" m="21775,50281,37898" machi="63" ten="30,2000,0" yaku="19,1,54,1" doraHai="111" who="1" fromWho="0" sc="430,-23,190,23,190,0,190,0" /><INIT seed="1,0,0,1,4,51" ten="407,213,190,190" oya="1" hai0="133,7,110,22,119,30,132,90,86,126,127,92,10" hai1="19,68,42,24,43,91,96,123,78,5,66,82,27" hai2="37,83,98,36,88,60,114,69,56,128,67,15,116" hai3="122,13,59,77,44,94,18,3,103,52,32,8,14"/><U80/><E123/><V75/><F116/><W118/><G122/><T100/><D119/><U12/><E68/><V29/><F128/><W4/><G118/><T124/><D110/><U40/><E66/><V135/><F135/><N who="0" m="51786" /><D100/><U49/><E5/><V23/><F114/><W115/><G32/><T50/><D50/><U105/><E49/><V81/><F75/><W72/><G115/><T106/><D106/><U104/><E104/><V31/><F69/><W76/><G44/><T41/><D41/><U17/><E17/><N who="2" m="10687" /><F37/><W89/><G103/><T28/><D22/><U54/><E105/><V130/><F130/><W121/><G121/><T102/><D102/><U53/><E27/><V39/><F39/><W95/><G95/><T33/><D33/><U34/><E24/><V93/><F36/><W109/><G109/><T21/><D21/><N who="1" m="11495" /><E34/><V47/><F47/><W46/><G46/><T65/><D65/><U35/><E35/><V11/><F11/><N who="3" m="6463" /><G72/><T108/><D108/><U26/><E26/><V113/><F113/><W2/><G2/><AGARI ba="0,0" hai="2,7,10,28,30,86,90,92,124,126,127" m="51786" machi="2" ten="40,2600,0" yaku="18,1,20,1" doraHai="51" who="0" fromWho="3" sc="407,26,213,0,190,0,190,-26" /><INIT seed="2,0,0,0,1,107" ten="433,213,190,164" oya="2" hai0="25,106,128,55,64,74,10,62,66,110,118,119,36" hai1="104,102,109,50,20,126,34,82,92,12,125,130,24" hai2="135,132,78,17,6,49,75,85,76,94,91,103,88" hai3="84,45,77,9,122,27,14,54,70,68,93,21,114"/><V111/><F6/><W131/><G122/><T86/><D74/><U0/><E0/><V19/><F111/><W99/><G131/><T133/><D106/><U42/><E109/><V18/><F103/><W95/><G114/><T39/><D86/><U124/><E130/><V1/><F1/><W129/><G129/><T80/><D80/><U63/><E104/><V116/><F116/><W71/><G99/><T38/><D25/><U69/><E34/><V26/><F26/><W113/><G113/><T23/><D23/><U123/><E123/><V44/><F75/><W127/><G127/><T58/><D128/><U98/><E12/><V73/><F73/><W121/><G121/><T3/><D110/><U8/><E8/><V53/><REACH who="2" step="1"/><F91/><REACH who="2" ten="433,213,180,164" step="2"/><W30/><G77/><AGARI ba="0,1" hai="17,18,19,44,49,53,76,77,78,85,88,94,132,135" machi="77" ten="40,12000,1" yaku="1,1,2,1,54,1,53,1" doraHai="107" doraHaiUra="48" who="2" fromWho="3" sc="433,0,213,0,180,130,164,-120" /><INIT seed="2,1,0,1,1,52" ten="433,213,310,44" oya="2" hai0="56,0,84,49,126,13,104,11,16,15,71,112,118" hai1="79,19,1,95,8,23,68,133,103,25,113,63,134" hai2="106,30,7,96,20,3,54,5,9,69,44,92,115" hai3="66,77,31,107,135,14,117,67,89,60,91,131,81"/><V78/><F115/><W41/><G117/><T108/><D71/><U65/><E113/><V111/><F69/><W33/><G131/><T98/><D112/><U116/><E116/><V10/><F78/><W42/><G107/><T36/><D36/><U94/><E79/><V130/><F130/><W122/><G122/><T102/><D108/><U50/><E50/><V34/><F106/><W61/><G135/><N who="1" m="51722" /><E103/><V32/><F111/><W6/><G6/><AGARI ba="1,0" hai="1,6,8,19,23,25,63,65,68,94,95" m="51722" machi="6" ten="30,1000,0" yaku="20,1" doraHai="52" who="1" fromWho="3" sc="433,0,213,13,310,0,44,-13" /><INIT seed="3,0,0,5,1,89" ten="433,226,310,31" oya="3" hai0="49,17,98,102,99,20,91,9,62,41,60,7,120" hai1="124,38,128,85,121,61,103,46,117,22,33,87,77" hai2="1,122,19,93,111,3,11,78,8,126,110,96,95" hai3="39,63,118,101,27,86,18,37,113,75,25,34,23"/><W133/><G118/><T131/><D120/><U129/><E33/><V13/><F78/><W59/><G113/><T6/><D91/><U44/><E121/><V54/><F122/><W123/><G123/><T107/><D99/><U80/><E117/><V14/><F126/><W10/><G133/><T67/><D62/><U72/><E124/><V24/><F24/><W127/><G127/><T58/><D9/><U56/><E103/><V57/><F96/><W40/><G75/><T132/><D131/><N who="1" m="50251" /><E22/><V42/><F42/><W88/><G101/><T90/><D90/><U45/><E38/><V106/><F106/><W50/><G10/><T84/><D84/><U4/><E4/><V2/><F13/><W119/><G119/><T125/><D132/><U32/><E32/><V116/><F116/><W92/><G34/><T105/><D105/><U82/><E82/><V83/><F83/><W79/><G79/><T109/><D107/><U71/><E71/><V47/><F11/><W65/><REACH who="3" step="1"/><G27/><REACH who="3" ten="433,226,310,21" step="2"/><T94/><D125/><U114/><E114/><V73/><F73/><W70/><G70/><T31/><D102/><U29/><E29/><V51/><F1/><W26/><G26/><T76/><D31/><U12/><E12/><V35/><F2/><W28/><G28/><T68/><D68/><U48/><E72/><V16/><F3/><W134/><G134/><T115/><D115/><U21/><E77/><V36/><F8/><W104/><G104/><T69/><D76/><U100/><E100/><V81/><F14/><W135/><G135/><T43/><D69/><U15/><E15/><RYUUKYOKU ba="0,1" sc="433,-10,226,-10,310,-10,21,30" hai3="18,23,25,37,39,40,50,59,63,65,86,88,92" /><INIT seed="3,1,1,1,0,16" ten="423,216,300,51" oya="3" hai0="81,116,57,41,119,51,1,49,4,67,75,110,134" hai1="83,85,20,71,29,31,50,21,77,45,36,32,68" hai2="124,122,105,125,129,19,112,69,106,56,121,131,108" hai3="96,33,60,84,12,94,39,18,70,34,55,58,117"/><W99/><G117/><T120/><D120/><N who="2" m="46186" /><F19/><W114/><G114/><T47/><D110/><U133/><E36/><V104/><F112/><W44/><G70/><T76/><D134/><U111/><E111/><V42/><F42/><W8/><G96/><T38/><D51/><U17/><E133/><V30/><F30/><N who="1" m="11273" /><E32/><V102/><F56/><W98/><G98/><T79/><D79/><U25/><E71/><V40/><F40/><W101/><REACH who="3" step="1"/><G84/><REACH who="3" ten="423,216,300,41" step="2"/><T78/><D119/><U11/><E68/><V113/><F69/><W135/><G135/><T92/><D116/><U118/><E118/><V24/><F113/><W103/><G103/><T15/><D75/><U89/><E89/><V97/><F108/><W73/><G73/><T66/><D78/><U27/><E85/><V115/><F115/><W93/><G93/><T86/><D92/><U3/><E77/><V28/><F97/><W95/><G95/><T74/><D86/><U2/><E83/><V82/><F102/><W26/><G26/><T10/><D81/><U123/><E123/><V13/><F82/><W0/><G0/><T59/><D1/><U132/><E132/><V109/><F109/><W43/><AGARI ba="1,2" hai="8,12,18,33,34,39,43,44,55,58,60,94,99,101" machi="43" ten="30,6000,0" yaku="1,1,0,1,53,1" doraHai="16" doraHaiUra="14" who="3" fromWho="3" sc="423,-21,216,-21,300,-21,41,83" /><INIT seed="3,2,0,1,1,127" ten="402,195,279,124" oya="3" hai0="97,68,91,64,85,35,108,58,134,41,115,49,40" hai1="25,33,69,129,130,7,52,110,34,24,56,6,75" hai2="0,96,101,21,54,84,103,88,119,123,3,14,29" hai3="133,99,118,120,5,86,1,4,50,117,31,70,122"/><W28/><G70/><T126/><D35/><N who="1" m="13323" /><E69/><V74/><F119/><N who="3" m="45579" /><G86/><T90/><D68/><U135/><E75/><V106/><F123/><N who="3" m="47147" /><G99/><T18/><D97/><U132/><E110/><V39/><F74/><W100/><G100/><T43/><D108/><U60/><E24/><V9/><F39/><W80/><G80/><T11/><D85/><U20/><E6/><N who="3" m="2666" /><G50/><T73/><D49/><U78/><E7/><V72/><F72/><W37/><G37/><T51/><D51/><U23/><E78/><V2/><F103/><W71/><G71/><T89/><D73/><U38/><E38/><V105/><F105/><W125/><G125/><T55/><D126/><U57/><E57/><V98/><F98/><W87/><G87/><T32/><D58/><U93/><E93/><V48/><F48/><W107/><G107/><T59/><D59/><U65/><E65/><V12/><F106/><W112/><G112/><T116/><D64/><U17/><E20/><V77/><F77/><W67/><G67/><T128/><D115/><U10/><E10/><V30/><F84/><W62/><G62/><T82/><D11/><U111/><E111/><V81/><F81/><W79/><G79/><T15/><D32/><U102/><E102/><V76/><F101/><W19/><G1/><T45/><D82/><U66/><E66/><V104/><F0/><W109/><G109/><T94/><D116/><U131/><AGARI ba="2,0" hai="17,23,25,52,56,60,129,130,131,132,135" m="13323" machi="131" ten="40,8000,1" yaku="19,1,52,3,54,1" doraHai="127" who="1" fromWho="1" sc="402,-22,195,86,279,-22,124,-42" /><INIT seed="4,0,0,4,1,92" ten="380,281,257,82" oya="0" hai0="30,69,23,18,66,102,48,118,4,33,2,61,81" hai1="113,40,64,29,59,38,19,14,117,13,62,91,83" hai2="128,24,108,112,31,98,135,134,131,51,43,42,132" hai3="10,109,49,67,77,106,54,79,52,104,57,78,120"/><T126/><D118/><U8/><E117/><V111/><F98/><W82/><G109/><N who="2" m="42057" /><F51/><W89/><G120/><T74/><D126/><U70/><E113/><V122/><F42/><W129/><G129/><N who="2" m="49737" /><F43/><W44/><G67/><T90/><D102/><U72/><E29/><V88/><F88/><W121/><G121/><T22/><D30/><U26/><E91/><V34/><F122/><W55/><G10/><T11/><D48/><U119/><E119/><V114/><AGARI ba="0,0" hai="24,31,34,112,114,132,134,135" m="49737,42057" machi="114" ten="50,8000,1" yaku="20,1,19,1,23,1,34,2" doraHai="92" who="2" fromWho="2" sc="380,-40,281,-20,257,80,82,-20" /><INIT seed="5,0,0,3,5,106" ten="340,261,337,62" oya="1" hai0="90,104,102,123,69,24,42,28,25,91,37,18,2" hai1="86,45,15,14,23,108,51,82,1,71,13,111,65" hai2="60,12,59,32,17,93,62,78,30,94,130,41,114" hai3="97,95,58,20,21,109,26,8,85,122,110,125,126"/><U103/><E1/><V6/><F130/><W40/><G40/><T0/><D18/><U34/><E34/><V113/><F78/><W89/><G122/><T61/><D25/><U118/><E118/><V74/><F74/><W67/><G8/><T29/><D28/><U72/><E103/><V35/><F6/><W39/><G39/><T5/><D91/><U22/><E65/><V79/><F79/><W44/><G44/><T80/><D90/><U55/><E71/><V68/><F68/><W56/><G20/><T83/><D80/><U73/><E23/><V119/><F41/><W50/><G58/><T117/><D83/><U77/><E22/><V63/><F119/><W46/><G56/><T84/><D84/><U101/><E101/><V47/><F47/><W19/><G67/><N who="0" m="41199" /><D5/><U16/><E16/><V4/><F59/><W121/><G121/><T131/><D131/><U115/><E115/><N who="2" m="44043" /><F4/><W9/><G9/><T33/><D117/><U81/><E81/><V134/><F30/><W64/><G64/><T99/><D123/><U7/><E7/><V129/><F129/><W76/><G76/><T70/><D70/><U48/><E51/><V11/><F134/><W96/><G96/><T66/><D66/><U128/><E128/><V54/><F54/><W27/><G97/><T88/><D88/><U127/><REACH who="1" step="1"/><E127/><REACH who="1" ten="340,251,337,62" step="2"/><V10/><F10/><W92/><G27/><T98/><D0/><U116/><E116/><V38/><F38/><W105/><G105/><T52/><D2/><U107/><E107/><V75/><F75/><AGARI ba="0,1" hai="13,14,15,45,48,55,72,73,75,77,82,86,108,111" machi="75" ten="40,12000,1" yaku="1,1,52,3,53,0" doraHai="106" doraHaiUra="36" who="1" fromWho="2" sc="340,0,251,130,337,-120,62,0" /><INIT seed="5,1,0,1,1,36" ten="340,381,217,62" oya="1" hai0="78,130,28,29,15,91,128,18,124,104,34,4,87" hai1="22,99,19,66,1,57,76,40,68,59,101,127,89" hai2="93,123,56,13,126,0,135,96,50,85,80,63,45" hai3="95,17,33,65,90,55,121,70,20,35,44,94,109"/><U84/><E1/><V60/><F123/><W26/><G109/><T103/><D78/><U86/><E127/><V116/><F116/><W3/><G121/><T129/><D124/><U120/><E120/><V117/><F117/><W7/><G94/><T38/><D38/><U97/><E68/><V67/><F126/><W83/><G83/><T134/><D4/><U100/><E40/><V106/><F106/><W25/><G65/><T64/><D64/><U102/><E76/><V5/><F0/><W48/><G70/><T107/><D134/><U98/><E66/><V2/><F2/><W16/><G7/><T125/><D34/><U27/><REACH who="1" step="1"/><E86/><REACH who="1" ten="340,371,217,62" step="2"/><V39/><F39/><W43/><G3/><T14/><D125/><U133/><E133/><V118/><F135/><W30/><G55/><T115/><D87/><U69/><E69/><V88/><F118/><W9/><G9/><T119/><D119/><U72/><E72/><V112/><F67/><W77/><G77/><T10/><D10/><U51/><E51/><V53/><F85/><W42/><G42/><T47/><D130/><U61/><E61/><V73/><F63/><W113/><G113/><T41/><D115/><U52/><E52/><V8/><F112/><W32/><REACH who="3" step="1"/><G26/><REACH who="3" ten="340,371,217,52" step="2"/><T132/><D41/><U58/><E58/><V12/><F73/><W54/><G54/><T131/><D131/><U11/><E11/><V105/><F8/><W31/><G31/><N who="0" m="11851" /><D129/><U92/><AGARI ba="1,2" hai="19,22,27,57,59,84,89,92,97,98,99,100,101,102" machi="92" ten="30,11700,0" yaku="1,1,0,1,8,1,53,1" doraHai="36" doraHaiUra="21" who="1" fromWho="1" sc="340,-40,371,140,217,-40,52,-40" /><INIT seed="5,2,0,0,2,51" ten="300,511,177,12" oya="1" hai0="5,127,28,27,37,3,33,34,15,113,55,47,82" hai1="121,132,133,70,77,31,60,98,12,89,74,54,32" hai2="38,17,100,73,102,14,96,39,50,61,40,58,56" hai3="97,44,110,124,19,115,120,21,92,71,72,68,26"/><U65/><E121/><V135/><F135/><N who="1" m="51785" /><E12/><V63/><F73/><W53/><G110/><T122/><D3/><U41/><E41/><V130/><F130/><W80/><G120/><T8/><D113/><U23/><E32/><V6/><F6/><W105/><G124/><T129/><D127/><U134/><E134/><V112/><F112/><W20/><G115/><T4/><D129/><U66/><E77/><V49/><F40/><W29/><G105/><T118/><D37/><U42/><E42/><V10/><F39/><W101/><G80/><T1/><D82/><U35/><E35/><V81/><F81/><W125/><G72/><T83/><D34/><U24/><E74/><V67/><F102/><W16/><G29/><T25/><D28/><U95/><E66/><V11/><F10/><W78/><G78/><T106/><D8/><U0/><E54/><V79/><F79/><W90/><G101/><T7/><D55/><U108/><E0/><V43/><F43/><W69/><G125/><T119/><D122/><U57/><E108/><V94/><REACH who="2" step="1"/><F38/><REACH who="2" ten="300,511,167,12" step="2"/><W131/><G131/><T87/><D1/><U13/><E89/><V45/><F45/><W46/><REACH who="3" step="1"/><G53/><AGARI ba="2,1" hai="11,14,17,49,50,53,56,58,61,63,67,94,96,100" machi="53" ten="30,7700,0" yaku="1,1,7,1,8,1,52,1,53,0" doraHai="51" doraHaiUra="103" who="2" fromWho="3" sc="300,0,511,0,167,93,12,-83" owari="300,10.0,511,61.1,260,-14.0,-71,-57.1" /></mjloggm>