<mjloggm ver="2.3"><GO type="169" lobby="0"/><UN n0="%E3%81%AF%E3%81%84%E3%82%8C%E3%81%AB%E3%82%83%E3%82%93" n1="%E5%BA%84%E5%8F%B8%E5%81%A5%E5%A4%AA%E6%9C%97" n2="%6C%6E%61%69" n3="%E3%83%A9%E3%83%A0%E3%83%9E%E3%82%B8%E5%A4%A9%E4%BD%BF" dan="16,16,16,17" rate="2072.07,2059.82,2039.66,2149.70" sx="M,M,M,M"/><TAIKYOKU oya="0"/><INIT seed="0,0,0,1,1,102" ten="250,250,250,250" oya="0" hai0="74,43,90,48,32,98,57,86,119,129,8,133,42" hai1="131,44,110,6,66,105,23,29,13,18,103,28,2" hai2="116,45,3,96,53,134,58,130,5,22,125,89,34" hai3="69,109,55,91,14,21,84,71,63,73,41,24,30"/><T62/><D119/><U128/><E66/><V65/><F34/><W88/><G109/><T31/><D74/><U100/><E100/><V68/><F116/><W121/><G121/><T10/><D129/><N who="1" m="49739" /><E44/><V59/><F130/><W16/><G73/><T120/><D133/><U135/><E103/><V77/><F134/><W26/><G41/><N who="0" m="15371" /><D31/><N who="1" m="11851" /><E135/><V112/><F68/><W80/><G91/><T52/><D32/><U27/><E105/><V4/><F77/><W85/><G85/><T97/><D120/><U93/><E93/><V19/><F96/><N who="0" m="36970" /><D62/><U56/><E56/><V114/><F89/><W60/><G26/><T36/><D36/><U64/><E64/><V94/><F65/><W82/><G82/><AGARI ba="0,0" hai="8,10,48,52,57,82,86,90" m="36970,15371" machi="82" ten="30,2900,0" yaku="8,1,54,1" doraHai="102" who="0" fromWho="3" sc="250,29,250,0,250,0,250,-29" /><INIT seed="0,1,0,4,3,79" ten="279,250,250,221" oya="0" hai0="14,119,127,117,15,132,45,67,98,120,134,23,118" hai1="2,94,6,70,30,68,42,62,35,58,71,88,5" hai2="11,110,81,36,4,12,9,69,86,73,38,126,130" hai3="124,47,57,125,90,105,48,44,20,56,77,40,53"/><T25/><D67/><U104/><E104/><V92/><F69/><W135/><G105/><T82/><D120/><U102/><E102/><V85/><F110/><W18/><G135/><N who="0" m="51755" /><D98/><U34/><E42/><V83/><F126/><N who="3" m="48747" /><G90/><T19/><D127/><U10/><E6/><V74/><F12/><N who="0" m="4650" /><D45/><U43/><E30/><V123/><F4/><W97/><G97/><T33/><D82/><U51/><E51/><V133/><F133/><W107/><G107/><T41/><D41/><U55/><REACH who="1" step="1"/><E43/><REACH who="1" ten="279,240,250,221" step="2"/><V78/><F123/><W106/><G106/><T113/><D33/><U121/><E121/><V96/><F78/><W65/><G77/><T91/><D91/><U27/><E27/><V122/><F122/><W87/><G18/><T8/><D8/><U108/><E108/><V49/><F49/><N who="3" m="26759" /><G20/><T75/><D75/><U37/><E37/><V7/><F7/><W1/><G1/><T24/><D113/><U22/><E22/><V112/><F112/><W128/><G128/><T103/><D103/><U80/><E80/><V76/><F76/><W21/><G21/><T46/><D25/><U54/><E54/><V26/><F130/><W66/><G87/><AGARI ba="1,1" hai="2,5,10,34,35,55,58,62,68,70,71,87,88,94" machi="87" ten="40,8000,1" yaku="1,1,54,1,53,2" doraHai="79" doraHaiUra="31" who="1" fromWho="3" sc="279,0,240,93,250,0,221,-83" /><INIT seed="1,0,0,5,4,32" ten="279,333,250,138" oya="1" hai0="61,3,93,55,90,101,94,36,128,71,98,16,73" hai1="87,43,2,42,63,15,124,10,95,78,39,64,79" hai2="119,99,20,49,21,111,50,23,25,17,116,69,114" hai3="65,81,67,7,35,1,89,105,133,126,72,113,120"/><U44/><E124/><V12/><F69/><W18/><G18/><T11/><D128/><U125/><E125/><V84/><F111/><W58/><G58/><T96/><D73/><U26/><E43/><V77/><F114/><W13/><G13/><T38/><D55/><U29/><E2/><V109/><F109/><W122/><G89/><T57/><D71/><U117/><E117/><V46/><F116/><W129/><G81/><T88/><D101/><U75/><E75/><V132/><F132/><W33/><G7/><T134/><D134/><U31/><E31/><V9/><F119/><W4/><G4/><T0/><D38/><U135/><E135/><V24/><F99/><W68/><G65/><T108/><D36/><U92/><E87/><V80/><REACH who="2" step="1"/><F50/><REACH who="2" ten="279,333,240,138" step="2"/><W45/><G122/><T110/><D108/><U112/><E112/><V76/><F76/><W106/><G113/><T121/><D110/><U62/><E78/><V60/><F60/><W91/><G120/><T130/><D121/><U47/><E79/><V115/><F115/><W27/><G68/><T97/><D98/><U82/><E63/><V83/><F83/><W66/><G133/><T19/><D130/><U104/><E82/><V8/><F8/><W52/><G129/><T51/><D51/><U48/><E62/><V131/><F131/><W14/><G126/><T22/><D11/><U85/><E10/><V34/><F34/><W5/><G35/><T54/><D22/><N who="1" m="15575" /><E48/><V59/><F59/><W40/><G33/><T86/><D97/><U107/><E39/><V100/><F100/><W37/><G37/><RYUUKYOKU ba="0,1" sc="279,15,333,-15,240,15,138,-15" hai0="0,3,16,19,54,57,61,86,88,90,93,94,96" hai2="9,12,17,20,21,23,24,25,46,49,77,80,84" /><INIT seed="2,1,1,2,3,49" ten="294,318,255,123" oya="2" hai0="54,52,123,124,135,55,34,132,8,86,77,51,70" hai1="80,72,50,10,99,59,93,83,63,53,24,48,112" hai2="108,119,57,117,43,56,106,116,4,25,134,22,100" hai3="36,27,97,65,127,38,9,75,14,104,32,7,0"/><V26/><F134/><N who="0" m="51242" /><D123/><U3/><E112/><V17/><F108/><W76/><G127/><T126/><D34/><U88/><E24/><V92/><F106/><W101/><G14/><T73/><D73/><U78/><REACH who="1" step="1"/><E83/><REACH who="1" ten="294,308,255,123" step="2"/><V47/><F26/><W110/><G110/><T91/><D77/><U109/><E109/><V131/><F131/><W23/><G65/><T85/><D70/><U128/><E128/><V5/><F117/><W113/><G113/><T67/><D67/><U12/><E12/><V46/><F119/><W44/><G44/><N who="0" m="27751" /><D86/><U62/><E62/><V41/><F116/><W129/><G129/><T82/><D8/><U45/><E45/><V21/><F46/><W111/><G111/><T94/><D82/><U19/><E19/><V66/><F47/><W39/><G76/><T33/><D33/><U103/><E103/><V133/><F133/><W118/><G118/><T6/><D6/><AGARI ba="1,2" hai="3,6,10,48,50,53,59,63,72,78,80,88,93,99" machi="6" ten="40,5200,0" yaku="1,1,52,1,54,1,53,0" doraHai="49" doraHaiUra="37" who="1" fromWho="0" sc="294,-55,308,75,255,0,123,0" /><INIT seed="3,0,0,1,5,117" ten="239,383,255,123" oya="3" hai0="24,134,84,49,67,41,46,63,81,11,98,125,91" hai1="71,99,0,92,54,90,121,97,57,78,60,131,116" hai2="100,40,36,5,17,66,88,51,122,34,93,35,120" hai3="69,13,126,59,6,76,112,21,73,30,48,7,106"/><W86/><G112/><T113/><D125/><U42/><E0/><V114/><F114/><W129/><G126/><T15/><D113/><U101/><E71/><V14/><F36/><W58/><G69/><T70/><D134/><U75/><E42/><V55/><F100/><W27/><G106/><T110/><D110/><U72/><E78/><V94/><F5/><W115/><G115/><T107/><D24/><U45/><E45/><V64/><F40/><W37/><G37/><T103/><D15/><U16/><E121/><N who="2" m="46699" /><F64/><W132/><G129/><T32/><D11/><U1/><E1/><V39/><F66/><W8/><G132/><T3/><D32/><N who="2" m="12330" /><F88/><W43/><G6/><T85/><D3/><U65/><E65/><V79/><F79/><W105/><G105/><T18/><D91/><U95/><E116/><V28/><F28/><W133/><G133/><T44/><D18/><U25/><E131/><V104/><F104/><W33/><G33/><T29/><D29/><U77/><E77/><V119/><F39/><W102/><G102/><T128/><D128/><U20/><AGARI ba="0,0" hai="16,20,25,54,57,60,72,75,90,92,95,97,99,101" machi="20" ten="30,7900,0" yaku="0,1,25,2,54,1" doraHai="117" who="1" fromWho="1" sc="239,-20,383,79,255,-20,123,-39" /><INIT seed="4,0,0,1,1,56" ten="219,462,235,84" oya="0" hai0="7,11,19,96,68,134,29,117,107,118,12,37,26" hai1="16,23,34,54,28,78,122,109,44,99,119,60,46" hai2="113,101,51,97,94,86,43,57,32,49,61,114,132" hai3="128,127,87,76,47,22,58,48,98,31,120,1,10"/><T105/><D37/><U8/><E78/><V92/><F32/><W106/><G127/><T9/><D68/><U125/><E34/><V0/><F0/><W24/><G128/><T45/><D45/><U64/><E28/><V4/><F4/><W135/><G135/><T83/><D134/><U73/><E73/><V100/><F132/><W53/><G120/><T18/><D83/><U108/><E8/><V70/><F70/><W74/><G74/><T130/><D130/><U89/><E119/><V104/><F104/><W33/><G33/><T5/><D96/><U103/><E122/><V81/><F43/><W38/><G38/><T36/><D36/><U77/><E89/><V115/><F94/><W13/><G1/><N who="0" m="175" /><D105/><U69/><E77/><N who="2" m="46383" /><F101/><W35/><G35/><N who="0" m="20919" /><D107/><U111/><E125/><V55/><AGARI ba="0,0" hai="49,51,55,57,61,92,97,100,113,114,115" m="46383" machi="55" ten="30,2000,0" yaku="15,1,52,1" doraHai="56" who="2" fromWho="2" sc="219,-10,462,-5,235,20,84,-5" /><INIT seed="5,0,0,3,4,24" ten="209,457,255,79" oya="1" hai0="91,116,16,6,39,94,90,54,68,13,11,21,78" hai1="18,75,96,85,23,51,22,123,66,4,110,131,14" hai2="41,87,105,47,63,127,115,70,3,36,43,19,102" hai3="0,128,120,44,126,135,108,59,5,32,46,99,10"/><U103/><E75/><V88/><F3/><W101/><G108/><T27/><D116/><U104/><E123/><V114/><F127/><W8/><G120/><T31/><D68/><U61/><E131/><V1/><F1/><W42/><G126/><T35/><D39/><U134/><E134/><V64/><F43/><W29/><G128/><T25/><D78/><U12/><E51/><V132/><F132/><W58/><G135/><T119/><D119/><U65/><E61/><V40/><F40/><W53/><G10/><T100/><D100/><U30/><E85/><V9/><F102/><W71/><G71/><T57/><REACH who="0" step="1"/><D94/><REACH who="0" ten="199,457,255,79" step="2"/><U73/><E103/><V97/><F105/><W112/><G112/><N who="2" m="43049" /><F97/><W69/><G69/><T56/><D56/><U111/><E104/><V118/><F118/><W84/><G59/><T93/><D93/><U106/><E106/><V38/><F36/><W55/><G58/><T37/><D37/><U34/><E96/><V28/><F38/><W82/><G99/><T98/><D98/><U77/><E111/><V76/><F76/><W7/><G101/><T125/><D125/><U124/><E77/><V107/><F107/><W20/><G46/><T2/><D2/><U89/><E110/><V117/><F117/><W74/><G44/><T26/><D26/><U92/><E124/><V133/><F133/><W60/><G0/><T81/><D81/><U15/><E92/><V130/><F47/><W86/><G82/><T48/><AGARI ba="0,1" hai="6,11,13,16,21,25,27,31,35,48,54,57,90,91" machi="48" ten="20,8000,1" yaku="1,1,0,1,7,1,52,1,54,1,53,0" doraHai="24" doraHaiUra="72" who="0" fromWho="0" sc="199,90,457,-40,255,-20,79,-20" /><INIT seed="6,0,0,4,1,92" ten="289,417,235,59" oya="2" hai0="98,7,41,127,30,10,77,80,42,114,78,13,66" hai1="112,38,56,55,47,11,106,62,25,28,43,82,61" hai2="18,40,31,95,52,4,39,120,132,34,76,23,29" hai3="93,105,48,50,94,130,33,2,101,135,99,107,8"/><V53/><F120/><W36/><G36/><T15/><D114/><U32/><E106/><V9/><F132/><W72/><G33/><T68/><D127/><U64/><E112/><V118/><F118/><W89/><G135/><T109/><D109/><U58/><E11/><V121/><F121/><W125/><G125/><T20/><D68/><U24/><E24/><V104/><F104/><W73/><G8/><T49/><D66/><U70/><E82/><V63/><F76/><W113/><G2/><T51/><D98/><U60/><E58/><V22/><F34/><W90/><G113/><T1/><D1/><U86/><E86/><V119/><F119/><W97/><REACH who="3" step="1"/><G101/><REACH who="3" ten="289,417,235,49" step="2"/><T21/><D10/><U14/><E14/><N who="2" m="9559" /><F39/><W65/><G65/><T27/><D15/><U74/><E74/><V0/><F0/><W129/><AGARI ba="0,1" hai="48,50,72,73,89,90,93,94,97,99,105,107,129,130" machi="129" ten="25,12000,2" yaku="1,1,0,1,22,2,52,2,53,0" doraHai="92" doraHaiUra="108" who="3" fromWho="3" sc="289,-30,417,-30,235,-60,49,130" /><INIT seed="7,0,0,1,2,42" ten="259,387,175,179" oya="3" hai0="96,8,12,60,61,19,5,26,105,101,41,100,13" hai1="82,11,123,65,69,90,38,112,46,92,110,39,9" hai2="134,22,133,33,106,94,7,114,63,28,27,73,80" hai3="3,48,103,44,91,43,35,97,99,104,130,16,87"/><W74/><G130/><T108/><D108/><U29/><E82/><V93/><F106/><W116/><G116/><T122/><D122/><U6/><E29/><V115/><F7/><W17/><G3/><T58/><D41/><U36/><E11/><V32/><F63/><W81/><G35/><N who="2" m="13385" /><F93/><N who="3" m="54527" /><G99/><T45/><D45/><U51/><E112/><N who="2" m="43051" /><F94/><W24/><G24/><T0/><D61/><U109/><E65/><V30/><F30/><W76/><AGARI ba="0,0" hai="16,17,43,44,48,74,76,81,97,103,104" m="54527" machi="76" ten="30,6000,0" yaku="24,1,52,1,54,1" doraHai="42" who="3" fromWho="3" sc="259,-20,387,-20,175,-20,179,60" /><INIT seed="7,1,0,1,0,107" ten="239,367,155,239" oya="3" hai0="1,85,114,50,67,110,83,22,108,47,99,35,10" hai1="73,135,59,100,15,41,90,9,111,118,16,116,91" hai2="27,102,11,72,106,98,131,109,104,23,6,115,89" hai3="20,12,2,29,28,128,122,32,25,84,38,48,94"/><W3/><G38/><T51/><D35/><U75/><E111/><V36/><F109/><W66/><G66/><T42/><D114/><U57/><E135/><V63/><F115/><W92/><G122/><T124/><D124/><U19/><E100/><V14/><F131/><W113/><G113/><T117/><D117/><N who="1" m="45163" /><E41/><V54/><F36/><W30/><G128/><T101/><D51/><U125/><E125/><V31/><F106/><W127/><G127/><T93/><D22/><U21/><E91/><V13/><F13/><W88/><G92/><T78/><D67/><U87/><E59/><V120/><F120/><W95/><G95/><T70/><D70/><U39/><E57/><V53/><F63/><W45/><G30/><T74/><D74/><N who="1" m="28171" /><E39/><V61/><F72/><W129/><G129/><T81/><D81/><N who="1" m="49519" /><E19/><V79/><F79/><W126/><G126/><T58/><D58/><U112/><E112/><V76/><F76/><W4/><G29/><T96/><D96/><U34/><E34/><V5/><F61/><W123/><G123/><T43/><D42/><U71/><E71/><V121/><F121/><W64/><G64/><T68/><D68/><U65/><E65/><V62/><F62/><W119/><G119/><T130/><D130/><U46/><E46/><V134/><F134/><W37/><G37/><T80/><D80/><U60/><E60/><V8/><REACH who="2" step="1"/><F89/><REACH who="2" ten="239,367,145,239" step="2"/><N who="3" m="53543" /><G12/><T17/><D110/><U26/><E26/><V0/><AGARI ba="1,1" hai="0,5,6,8,11,14,23,27,31,53,54,98,102,104" machi="0" ten="20,8000,1" yaku="1,1,0,1,7,1,53,2" doraHai="107" doraHaiUra="49" who="2" fromWho="2" sc="239,-21,367,-21,145,93,239,-41" owari="218,-18.2,346,44.6,238,3.8,198,-30.2" /></mjloggm>