<mjloggm ver="2.3"><GO type="169" lobby="0"/><UN n0="%E9%A2%A8%E3%81%A7%E9%B3%B4%E3%81%8F" n1="%E3%83%A4%E3%83%8A%E3%83%AA%E3%83%B3%E3%82%B9%E3%82%AD%E3%83%BC" n2="%E3%83%8F%E3%82%BB%E3%81%B9" n3="%E3%83%A9%E3%83%B3%E3%82%B0%E3%83%A9" dan="17,17,16,16" rate="2195.58,2162.82,2029.19,2077.04" sx="M,M,M,M"/><TAIKYOKU oya="0"/><INIT seed="0,0,0,5,5,96" ten="250,250,250,250" oya="0" hai0="132,78,13,52,107,48,120,49,20,126,22,81,46" hai1="88,9,66,74,104,34,65,43,91,90,105,134,64" hai2="99,56,92,4,68,122,19,40,97,112,84,83,86" hai3="16,123,103,93,117,57,39,24,27,119,17,127,54"/><T0/><D0/><U2/><E34/><V10/><F68/><W115/><G39/><T128/><D107/><U101/><E74/><V6/><F112/><W3/><G115/><T58/><D120/><U72/><E72/><V71/><F71/><W33/><G3/><T61/><D126/><U21/><E43/><V7/><F40/><W30/><G127/><T131/><D132/><U116/><E116/><V129/><F99/><W12/><G123/><T118/><D118/><U87/><E134/><V50/><F122/><W109/><G109/><T32/><D32/><U37/><E37/><V36/><F36/><W47/><G47/><T70/><D70/><U111/><E111/><V110/><F110/><W31/><G93/><T62/><D49/><U124/><E124/><V15/><F83/><W29/><G103/><T53/><D61/><U35/><E35/><V5/><F5/><W41/><G41/><T45/><D45/><U42/><E42/><V113/><F113/><W69/><G69/><T100/><D100/><U98/><E21/><V25/><F25/><N who="3" m="9803" /><G33/><T135/><D135/><U26/><E26/><V18/><F18/><N who="3" m="7275" /><G54/><T114/><D114/><U121/><E121/><V125/><F125/><W23/><G57/><T14/><D22/><U89/><E104/><V67/><F50/><W11/><G23/><T85/><REACH who="0" step="1"/><D20/><REACH who="0" ten="240,250,250,250" step="2"/><U77/><N who="1" m="22528" /><DORA hai="1" /><U76/><REACH who="1" step="1"/><E87/><REACH who="1" ten="240,240,250,250" step="2"/><V55/><F56/><W130/><G130/><AGARI ba="0,2" hai="13,14,46,48,52,53,58,62,78,81,85,128,130,131" machi="130" ten="40,12000,1" yaku="1,1,19,1,54,1,53,1" doraHai="96,1" doraHaiUra="59,95" who="0" fromWho="3" sc="240,140,240,0,250,0,250,-120" /><INIT seed="0,1,0,1,5,20" ten="380,240,250,130" oya="0" hai0="83,56,98,130,26,112,15,11,18,67,32,123,108" hai1="19,114,96,8,102,71,87,93,7,66,97,118,86" hai2="54,129,88,106,109,4,3,64,24,100,110,55,105" hai3="31,62,126,53,92,44,120,10,122,69,103,33,134"/><T121/><D112/><U63/><E114/><V27/><F64/><W58/><G134/><T21/><D32/><U74/><E118/><V43/><F43/><W75/><G75/><T36/><D36/><U104/><E74/><V35/><F35/><W29/><G126/><T128/><D83/><U94/><E19/><V76/><F76/><W6/><G69/><T60/><D98/><U59/><E71/><V14/><F129/><W52/><G103/><T79/><D79/><U30/><E30/><V22/><F100/><W135/><G92/><T41/><D41/><U107/><E107/><V61/><F61/><W101/><G101/><T16/><REACH who="0" step="1"/><D108/><REACH who="0" ten="370,240,250,130" step="2"/><N who="2" m="41578" /><F106/><W132/><G33/><T49/><D49/><U127/><E104/><V45/><F105/><W82/><G82/><T38/><D38/><U47/><E96/><V48/><F55/><W37/><G37/><T85/><D85/><U12/><E93/><V124/><F124/><W115/><G115/><T84/><D84/><N who="1" m="32299" /><E127/><V25/><F88/><W111/><G111/><T73/><D73/><U0/><E94/><V89/><F89/><W70/><G135/><T78/><D78/><U116/><E97/><V91/><F91/><W113/><G132/><T46/><D46/><U39/><E102/><V34/><F34/><W9/><G113/><T23/><D23/><U125/><E125/><V90/><F90/><W1/><G44/><T13/><D13/><U2/><E116/><V119/><F119/><W80/><G80/><T99/><D99/><U131/><E131/><AGARI ba="1,1" hai="11,15,16,18,21,26,56,60,67,121,123,128,130,131" machi="131" ten="40,18000,2" yaku="1,1,19,1,52,1,54,1,53,2" doraHai="20" doraHaiUra="117" who="0" fromWho="1" sc="370,193,240,-183,250,0,130,0" /><INIT seed="0,2,0,2,2,135" ten="563,57,250,130" oya="0" hai0="52,70,84,98,23,62,19,132,77,5,67,109,103" hai1="127,55,108,82,60,111,100,86,104,66,116,7,110" hai2="8,47,16,14,102,18,49,24,113,26,72,120,17" hai3="29,96,22,75,30,89,97,46,64,78,122,93,112"/><T1/><D132/><U20/><E116/><V4/><F120/><W119/><G119/><T79/><D109/><U32/><E32/><V83/><F113/><W91/><G112/><T3/><D5/><U33/><E33/><V15/><F102/><W51/><G122/><T28/><D28/><U117/><E117/><V99/><F99/><W9/><G64/><T59/><D84/><U118/><E118/><V43/><F72/><W40/><G9/><T128/><D128/><U0/><E55/><V106/><F106/><W53/><G78/><T107/><D1/><U11/><E20/><V54/><F83/><W48/><G75/><T87/><D87/><U25/><E25/><N who="2" m="9835" /><F43/><W73/><G73/><T85/><D85/><U115/><E115/><V38/><F38/><W37/><G22/><AGARI ba="2,0" hai="4,8,14,15,16,17,18,22,47,49,54" m="9835" machi="22" ten="30,2000,0" yaku="8,1,54,1" doraHai="135" who="2" fromWho="3" sc="563,0,57,0,250,26,130,-26" /><INIT seed="1,0,0,0,3,114" ten="563,57,276,104" oya="1" hai0="117,31,106,78,128,52,96,122,126,19,33,115,20" hai1="37,82,68,83,70,89,94,92,121,7,125,22,101" hai2="81,74,131,111,34,63,104,39,8,32,0,10,2" hai3="132,58,45,64,67,93,135,30,26,56,77,23,79"/><U113/><E113/><V1/><F104/><W95/><G45/><T61/><D117/><U59/><E37/><V97/><F97/><W28/><G23/><T69/><D115/><U100/><E121/><V14/><F63/><W124/><REACH who="3" step="1"/><G26/><REACH who="3" ten="563,57,276,94" step="2"/><T105/><D20/><U53/><E22/><V43/><F34/><W91/><G91/><T51/><D33/><U103/><E125/><AGARI ba="0,1" hai="28,30,56,58,64,67,77,79,93,95,124,125,132,135" machi="125" ten="25,3200,0" yaku="1,1,22,2,53,0" doraHai="114" doraHaiUra="127" who="3" fromWho="1" sc="563,0,57,-32,276,0,94,42" /><INIT seed="2,0,0,3,5,25" ten="563,25,276,136" oya="2" hai0="23,110,40,8,75,93,127,44,117,30,133,31,49" hai1="63,14,57,87,101,130,43,42,114,70,9,84,73" hai2="37,132,12,13,92,80,34,39,72,81,90,78,129" hai3="107,1,99,134,120,15,32,59,3,103,94,71,109"/><V58/><F132/><W62/><G120/><T85/><D75/><U54/><E114/><V113/><F113/><W66/><G109/><T67/><D133/><U124/><E73/><V0/><F0/><W50/><G134/><T26/><D110/><U22/><E124/><V104/><F81/><W6/><G15/><T135/><D135/><U121/><E121/><V53/><F104/><W69/><G69/><T5/><D127/><U33/><E33/><V126/><F34/><W36/><G36/><T102/><D117/><U123/><E123/><V106/><F106/><W17/><G17/><T46/><D67/><U2/><E70/><V128/><F39/><W10/><G32/><T100/><D44/><U122/><E122/><V61/><F37/><W95/><G1/><T4/><D31/><U35/><E35/><V11/><F126/><W16/><G16/><T18/><D18/><U115/><E130/><N who="2" m="50283" /><F11/><W65/><G65/><T112/><D112/><U119/><E2/><V79/><F79/><W108/><G108/><T48/><D48/><U27/><E101/><N who="0" m="39017" /><D8/><U24/><E119/><V91/><F91/><AGARI ba="0,0" hai="4,5,23,26,30,40,46,49,85,91,93" m="39017" machi="91" ten="30,2000,0" yaku="8,1,52,1" doraHai="25" who="0" fromWho="2" sc="563,20,25,0,276,-20,136,0" /><INIT seed="3,0,0,1,2,102" ten="583,25,256,136" oya="3" hai0="97,44,61,116,84,95,125,124,130,72,132,22,96" hai1="63,113,56,21,1,80,133,79,89,40,114,100,32" hai2="69,34,86,29,27,19,53,99,92,14,37,67,88" hai3="81,110,17,70,57,5,64,41,36,55,60,71,24"/><W107/><G5/><T82/><D44/><U126/><E32/><V18/><F37/><W112/><G112/><T38/><D61/><U20/><E1/><V54/><F69/><W42/><G81/><T2/><D22/><U131/><E126/><N who="0" m="48745" /><D38/><U90/><E131/><V11/><F67/><W8/><G24/><T7/><D7/><U109/><E109/><V66/><F66/><W49/><G17/><T119/><D2/><U104/><E133/><V87/><F19/><W105/><G8/><T45/><D45/><U77/><E40/><V76/><F76/><W51/><G110/><T25/><D25/><U28/><E28/><V120/><F120/><W58/><G36/><T10/><D10/><U74/><E79/><V30/><F30/><W4/><G4/><T135/><D72/><U134/><E134/><N who="0" m="51241" /><D130/><U52/><E20/><V128/><F128/><W48/><G70/><T121/><D121/><U78/><E21/><V9/><F9/><W13/><G13/><T39/><D39/><U122/><E122/><V6/><F6/><W3/><G3/><T127/><D127/><U35/><E35/><V65/><F65/><W94/><G71/><T106/><D106/><U33/><E33/><V47/><F47/><W50/><G107/><T117/><D95/><U31/><E31/><V46/><F46/><W15/><G105/><T75/><D75/><N who="1" m="43071" /><E114/><V62/><F62/><W85/><G15/><T12/><D12/><U129/><E113/><V98/><F98/><W111/><G111/><T118/><N who="0" m="29696" /><DORA hai="115" /><T93/><D93/><U23/><E129/><V16/><F18/><RYUUKYOKU ba="0,0" sc="583,10,25,-30,256,10,136,10" hai0="82,84,96,97" hai2="11,14,16,27,29,34,53,54,86,87,88,92,99" hai3="41,42,48,49,50,51,55,57,58,60,64,85,94" owari="593,69.3,-5,-50.5,266,6.6,146,-25.4" /></mjloggm>