<mjloggm ver="2.3"><GO type="169" lobby="0"/><UN n0="%E3%83%95%E3%83%AB%E3%82%BC%E3%83%B3%E3%83%84%E3%81%8F%E3%82%93" n1="%41%4C%50%45%52%49%4E" n2="%E3%81%97%E3%82%87%E3%81%86%E3%81%AD%E3%82%93" n3="%E7%99%BE%E9%87%8E%E3%81%95%E3%82%93" dan="16,16,17,17" rate="2165.33,2185.16,2173.42,2193.78" sx="F,M,M,M"/><TAIKYOKU oya="0"/><INIT seed="0,0,0,5,2,69" ten="250,250,250,250" oya="0" hai0="54,63,96,1,92,38,43,115,14,91,24,17,119" hai1="131,109,102,26,84,59,62,80,88,50,27,64,20" hai2="8,16,21,113,89,52,40,13,123,15,99,125,46" hai3="134,56,2,107,72,6,30,65,76,83,130,78,82"/><T7/><D115/><U41/><E109/><V118/><F125/><W5/><G107/><T39/><D119/><U93/><E131/><V105/><F123/><W22/><G130/><T126/><D126/><U58/><E58/><V57/><F113/><W32/><G32/><T106/><D43/><U133/><E133/><V10/><F118/><W87/><G134/><T28/><D106/><U104/><E104/><V23/><F105/><W34/><G34/><T49/><D63/><U97/><REACH who="1" step="1"/><E20/><REACH who="1" ten="250,240,250,250" step="2"/><V100/><F23/><W45/><G22/><T51/><D1/><U77/><E77/><V110/><F110/><W79/><G2/><T121/><D121/><U90/><E90/><V67/><F89/><W19/><G78/><T122/><D122/><U103/><E103/><V114/><F114/><W74/><G79/><T55/><D28/><U60/><E60/><V42/><F21/><W37/><G30/><T111/><D111/><U132/><E132/><V48/><F67/><W0/><G0/><T95/><D24/><U11/><E11/><V98/><F100/><W128/><G128/><T71/><D71/><U81/><E81/><V101/><F101/><W112/><G83/><T66/><D66/><U108/><E108/><V53/><F53/><W73/><G112/><T129/><D129/><U124/><E124/><V25/><F25/><W44/><G65/><T3/><D54/><U70/><E70/><V68/><F68/><W12/><G76/><T94/><D3/><U33/><E33/><V36/><F40/><N who="3" m="22543" /><G82/><T116/><D55/><U135/><E135/><V29/><F29/><RYUUKYOKU ba="0,1" sc="250,-15,240,15,250,15,250,-15" hai1="26,27,41,50,59,62,64,80,84,88,93,97,102" hai2="8,10,13,15,16,36,42,46,48,52,57,98,99" /><INIT seed="1,1,1,0,2,88" ten="235,255,265,235" oya="1" hai0="41,103,36,57,82,5,44,73,71,14,97,0,120" hai1="116,108,72,33,133,84,114,22,31,21,28,16,69" hai2="20,67,7,2,43,102,76,77,24,111,83,93,119" hai3="92,34,6,118,126,12,48,85,81,46,62,30,117"/><U59/><E72/><V25/><F111/><W79/><G126/><T58/><D71/><U52/><E69/><V131/><F131/><W123/><G123/><T56/><D14/><U109/><E114/><V66/><F119/><W15/><G62/><T63/><D120/><U64/><E116/><N who="3" m="44650" /><G6/><T80/><D63/><U134/><E64/><V101/><F43/><N who="3" m="24671" /><G30/><N who="1" m="11306" /><E84/><V54/><F54/><W4/><G34/><T125/><D73/><U51/><E33/><V106/><F106/><W104/><G104/><T115/><D125/><U78/><E78/><V47/><F47/><W17/><G4/><T35/><D35/><U37/><E37/><V107/><F107/><W91/><G17/><T68/><D68/><U29/><N who="1" m="11314" /><U99/><DORA hai="105" /><E99/><AGARI ba="1,1" hai="12,15,79,81,85,91,92,99" m="24671,44650" machi="99" ten="30,2000,0" yaku="12,1,52,1" doraHai="88,105" who="3" fromWho="1" sc="235,0,255,-23,265,0,235,33" /><INIT seed="2,0,0,5,5,97" ten="235,232,265,268" oya="2" hai0="7,46,120,69,119,54,93,91,81,1,72,124,12" hai1="90,20,114,78,84,22,76,103,35,115,31,67,75" hai2="92,125,19,77,2,128,73,104,87,86,15,9,37" hai3="39,17,24,33,59,41,57,102,30,64,82,116,74"/><V112/><F125/><W5/><G116/><T6/><D120/><U117/><E117/><V25/><F128/><W32/><G5/><T55/><D119/><U4/><E35/><V96/><F112/><W71/><G32/><T10/><D124/><U27/><E4/><V3/><F37/><W58/><G17/><T89/><D69/><U66/><E75/><V88/><F25/><W13/><G13/><T48/><D1/><U121/><E121/><V85/><REACH who="2" step="1"/><F104/><REACH who="2" ten="235,232,255,268" step="2"/><W95/><G39/><T18/><D72/><U26/><E115/><V111/><F111/><W100/><G41/><T16/><D6/><U68/><E114/><V107/><F107/><W126/><G126/><T98/><REACH who="0" step="1"/><D55/><REACH who="0" ten="225,232,255,268" step="2"/><U109/><E109/><V123/><F123/><W53/><G53/><T118/><D118/><U122/><E122/><V105/><F105/><W61/><REACH who="3" step="1"/><G95/><REACH who="3" ten="225,232,255,258" step="2"/><T135/><D135/><U70/><E66/><V127/><F127/><W134/><G134/><T8/><D8/><U113/><E67/><V21/><F21/><W40/><G40/><T28/><D28/><U110/><E22/><V51/><F51/><W23/><G23/><T0/><D0/><U43/><E20/><V14/><F14/><W83/><G83/><AGARI ba="0,3" hai="2,3,9,15,19,73,77,83,85,86,87,88,92,96" machi="83" ten="40,7700,0" yaku="1,1,54,1,53,1" doraHai="97" doraHaiUra="106" who="2" fromWho="3" sc="225,0,232,0,255,107,258,-77" /><INIT seed="2,1,0,4,3,80" ten="225,232,362,181" oya="2" hai0="39,0,123,84,115,118,46,43,3,128,104,27,102" hai1="35,25,129,114,98,89,101,53,91,48,72,99,117" hai2="34,30,88,24,29,86,20,18,112,57,45,61,95" hai3="94,78,70,109,16,122,124,131,23,110,108,69,96"/><V11/><F112/><W14/><G122/><T67/><D123/><U8/><E117/><V74/><F74/><W107/><G107/><T116/><D115/><U87/><E72/><V56/><F34/><W32/><G32/><T59/><D128/><U44/><E114/><V121/><F121/><W28/><G28/><T105/><D105/><U71/><E71/><V63/><F45/><W113/><G113/><T79/><D27/><U2/><E129/><V106/><F106/><W127/><G131/><T12/><D12/><U33/><E91/><V1/><F1/><W22/><G78/><T47/><D47/><U19/><E2/><V73/><F73/><W92/><G23/><T100/><D100/><U50/><E50/><V15/><F29/><W52/><G94/><T83/><D59/><AGARI ba="1,0" hai="11,15,18,20,24,30,56,57,59,61,63,86,88,95" machi="59" ten="40,7700,0" yaku="8,1,52,1,54,1" doraHai="80" who="2" fromWho="0" sc="225,-80,232,0,362,80,181,0" /><INIT seed="2,2,0,2,1,79" ten="145,232,442,181" oya="2" hai0="88,27,13,83,129,52,73,43,57,94,110,111,91" hai1="119,22,106,132,92,68,120,41,117,0,64,61,47" hai2="10,131,84,20,113,112,135,82,97,8,58,115,72" hai3="56,87,81,3,49,118,107,24,29,95,69,126,133"/><V100/><F135/><W4/><G118/><T78/><D129/><U18/><E106/><V130/><F72/><W59/><G107/><T36/><D27/><U7/><E132/><V63/><F20/><W76/><G69/><T26/><D26/><U55/><E120/><V2/><F2/><W17/><G133/><T40/><D13/><U46/><E92/><V42/><F42/><N who="0" m="15914" /><D94/><U90/><E90/><V38/><F38/><W6/><G126/><T39/><D39/><U65/><E65/><V51/><F51/><W109/><G109/><N who="0" m="41483" /><D36/><U12/><E7/><V96/><F10/><W28/><G3/><T105/><D105/><U9/><E0/><V123/><F8/><W35/><G28/><T122/><D122/><U25/><E9/><V125/><F125/><W86/><G17/><T5/><D5/><U116/><E25/><V19/><F19/><W89/><G6/><T124/><D124/><U44/><REACH who="1" step="1"/><E41/><REACH who="1" ten="145,222,442,181" step="2"/><V37/><F123/><W66/><G4/><T75/><D75/><U104/><E104/><V127/><F127/><W93/><G95/><T16/><D16/><U11/><E11/><V70/><F37/><W102/><G102/><T53/><D53/><AGARI ba="2,1" hai="12,18,22,44,46,47,53,55,61,64,68,116,117,119" machi="53" ten="50,1600,0" yaku="1,1,53,0" doraHai="79" doraHaiUra="134" who="1" fromWho="0" sc="145,-22,222,32,442,0,181,0" /><INIT seed="3,0,0,1,1,107" ten="123,254,442,181" oya="3" hai0="75,130,121,22,51,82,125,26,73,50,126,33,13" hai1="54,117,61,78,91,35,79,32,127,48,25,53,95" hai2="102,134,112,131,18,60,90,135,132,63,56,43,46" hai3="84,101,37,7,42,12,67,15,31,106,122,68,104"/><W76/><G122/><T57/><D121/><U8/><E127/><N who="0" m="48649" /><D82/><U74/><E117/><V93/><F131/><W71/><G31/><N who="0" m="19703" /><D130/><U92/><E8/><V124/><F112/><W41/><G84/><T21/><D50/><U128/><E128/><V55/><F124/><W65/><G76/><T129/><D129/><U34/><E25/><V100/><F18/><W70/><G101/><T44/><D57/><U36/><E36/><N who="2" m="21863" /><F60/><W19/><G68/><T64/><D64/><U62/><E48/><V96/><AGARI ba="0,0" hai="55,56,63,90,93,96,100,102,132,134,135" m="21863" machi="96" ten="30,1100,0" yaku="20,1" doraHai="107" who="2" fromWho="2" sc="123,-3,254,-3,442,11,181,-5" /><INIT seed="4,0,0,5,2,106" ten="120,251,453,176" oya="0" hai0="58,21,50,87,1,43,135,124,52,30,111,57,79" hai1="11,40,13,90,105,84,23,26,91,123,36,28,81" hai2="74,122,112,5,44,76,125,34,121,27,94,109,100" hai3="0,12,49,6,114,92,53,48,89,69,73,104,116"/><T101/><D135/><U97/><E123/><V86/><F109/><W63/><G116/><T32/><D124/><U88/><E36/><V38/><F5/><W31/><G104/><T67/><D111/><U33/><E40/><V120/><F125/><W18/><G31/><T2/><D32/><U39/><E39/><V130/><F112/><W61/><G114/><T29/><D101/><U55/><E33/><V3/><F3/><W60/><G69/><T46/><D58/><U108/><E108/><V127/><F127/><W62/><G6/><T19/><D67/><U66/><E66/><V129/><F100/><W70/><G0/><T47/><D47/><U99/><E55/><V72/><F94/><W128/><G128/><N who="2" m="49257" /><F86/><W75/><G49/><T126/><D1/><U96/><REACH who="1" step="1"/><E105/><REACH who="1" ten="120,241,453,176" step="2"/><V133/><F38/><W4/><G70/><T102/><D126/><U71/><E71/><V85/><F34/><W10/><N who="3" m="15360" /><DORA hai="110" /><W83/><G53/><T51/><D2/><U45/><E45/><V35/><F44/><W131/><G131/><T14/><REACH who="0" step="1"/><D102/><REACH who="0" ten="110,241,453,176" step="2"/><U17/><AGARI ba="0,2" hai="11,13,17,23,26,28,81,84,88,90,91,96,97,99" machi="17" ten="30,12000,2" yaku="1,1,0,1,8,1,54,1,53,2" doraHai="106,110" doraHaiUra="7,20" who="1" fromWho="1" sc="110,-60,241,140,453,-30,176,-30" /><INIT seed="5,0,0,2,1,29" ten="50,381,423,146" oya="1" hai0="98,97,92,81,53,39,122,60,40,128,127,48,36" hai1="120,20,10,88,46,34,59,4,135,64,99,112,31" hai2="51,16,86,105,70,73,26,108,56,80,43,116,131" hai3="71,114,17,90,82,121,35,76,42,69,68,129,37"/><U54/><E120/><V41/><F131/><W102/><G121/><T65/><D122/><U130/><E130/><V77/><F108/><W11/><G129/><T78/><D128/><U25/><E112/><V58/><F116/><W15/><G102/><T104/><D127/><U85/><E135/><V66/><F70/><W115/><G90/><T95/><D104/><U50/><E99/><V38/><F38/><W96/><G96/><T133/><D133/><U61/><E34/><V1/><F1/><W75/><G35/><T44/><D36/><U79/><E79/><V67/><F105/><W55/><G55/><T125/><D125/><U2/><E2/><V93/><F73/><W74/><G75/><T89/><D78/><U126/><E126/><V27/><F93/><W45/><AGARI ba="0,0" hai="11,15,17,37,42,45,68,69,71,74,76,82,114,115" machi="45" ten="40,1500,0" yaku="0,1" doraHai="29" who="3" fromWho="3" sc="50,-4,381,-7,423,-4,146,15" /><INIT seed="6,0,0,3,4,111" ten="46,374,419,161" oya="2" hai0="66,94,110,83,61,86,24,85,42,54,84,60,82" hai1="11,112,114,51,75,57,78,28,109,36,41,56,76" hai2="10,33,63,17,32,58,39,16,108,87,14,70,95" hai3="5,73,43,121,89,9,69,117,12,126,88,97,129"/><V44/><F108/><W133/><G117/><T31/><D110/><U3/><E109/><V93/><F70/><W118/><G118/><T30/><D42/><U18/><E28/><V67/><F17/><W59/><G121/><T127/><D127/><U79/><E75/><V135/><F135/><W116/><G116/><T102/><D54/><U4/><E18/><V55/><F95/><W124/><G69/><T0/><D0/><U131/><E131/><V8/><F8/><W47/><G73/><T46/><D46/><N who="1" m="26063" /><E36/><V13/><F13/><W21/><G133/><T80/><D24/><U38/><E38/><V77/><F77/><W2/><G129/><T99/><REACH who="0" step="1"/><D66/><REACH who="0" ten="36,374,419,161" step="2"/><U65/><E65/><V27/><F27/><W91/><G124/><T128/><D128/><U92/><E92/><V107/><F107/><W37/><G126/><T113/><D113/><AGARI ba="0,1" hai="3,4,11,56,57,76,78,79,112,113,114" m="26063" machi="113" ten="30,7700,0" yaku="15,1,52,3" doraHai="111" who="1" fromWho="0" sc="36,-77,374,87,419,0,161,0" owari="-41,-54.1,461,56.1,419,21.9,161,-23.9" /></mjloggm>