<mjloggm ver="2.3"><GO type="225" lobby="0"/><UN n0="%E3%81%BF%E3%81%BF%E3%81%9A" n1="%E5%B0%8F%E9%B3%A5%E9%81%8A%E7%B7%B4%E7%84%A1%32%31%E6%AD%B3" n2="%E5%91%A8%E6%9D%B1" n3="%E3%83%A9%E3%83%BC%E3%83%A1%E3%83%B3%E4%BA%94%E9%83%8E" dan="17,16,16,16" rate="2219.47,2167.79,2178.94,2075.52" sx="M,F,M,M"/><TAIKYOKU oya="0"/><INIT seed="0,0,0,4,2,23" ten="250,250,250,250" oya="0" hai0="72,22,100,123,59,0,73,61,35,109,41,98,58" hai1="57,121,18,115,113,38,20,60,102,70,80,131,14" hai2="62,126,112,37,90,48,6,54,77,85,7,118,97" hai3="89,43,120,103,30,40,104,11,46,125,117,50,28"/><T119/><D119/><U63/><E121/><V1/><F37/><W9/><G117/><T68/><D123/><U95/><E38/><V81/><F112/><N who="1" m="43081" /><E131/><V55/><F1/><W8/><G120/><T128/><D35/><U31/><E70/><V4/><F118/><W99/><G125/><T114/><D0/><U107/><E107/><V47/><F126/><W105/><G105/><T56/><D114/><U124/><E124/><V116/><F116/><W101/><G101/><T3/><D3/><U86/><E31/><V96/><REACH who="2" step="1"/><F77/><REACH who="2" ten="250,250,240,250" step="2"/><W82/><REACH who="3" step="1"/><G40/><REACH who="3" ten="250,250,240,240" step="2"/><T21/><D41/><U15/><E102/><V10/><F10/><W5/><G5/><T36/><D100/><U52/><E95/><V133/><F133/><W2/><G2/><T12/><D128/><U84/><E80/><V34/><F34/><W69/><G69/><T32/><D68/><U93/><E93/><V91/><F91/><W71/><G71/><T49/><D32/><U26/><E63/><V74/><F74/><W13/><G13/><AGARI ba="0,2" hai="13,14,15,18,20,26,52,57,60,84,86" m="43081" machi="13" ten="30,3900,0" yaku="11,1,52,1,54,1" doraHai="23" who="1" fromWho="3" sc="250,0,250,59,240,0,240,-39" /><INIT seed="1,0,0,3,3,118" ten="250,309,240,201" oya="1" hai0="87,41,100,80,73,132,47,77,128,33,85,17,95" hai1="88,94,6,76,23,7,90,42,36,48,113,32,129" hai2="104,131,29,64,99,109,133,57,125,135,16,35,28" hai3="55,66,60,121,14,61,9,116,15,20,83,86,49"/><U44/><E32/><V78/><F78/><W31/><G116/><T117/><D117/><U120/><E120/><V39/><F39/><W107/><G107/><T5/><D128/><U13/><E129/><V103/><F131/><W62/><G121/><T10/><D132/><N who="2" m="50762" /><F109/><W110/><G110/><T134/><D33/><U84/><E113/><V71/><F71/><W82/><G66/><T124/><D124/><U111/><E76/><V92/><F125/><W67/><G67/><T26/><D134/><U40/><E111/><V123/><F35/><W21/><G31/><T56/><D56/><U50/><E90/><V108/><F108/><W1/><G1/><T74/><D26/><U8/><E6/><V81/><F81/><N who="3" m="30731" /><G86/><T89/><D17/><U97/><E40/><V75/><F75/><W126/><G126/><T12/><REACH who="0" step="1"/><D100/><REACH who="0" ten="240,309,240,201" step="2"/><U58/><E58/><V46/><F57/><N who="3" m="33007" /><G15/><T45/><D45/><U11/><E44/><V24/><F46/><W96/><G96/><T30/><D30/><U91/><E97/><V112/><F123/><W72/><G72/><T119/><D119/><U63/><E84/><V93/><F29/><W105/><G105/><T0/><D0/><U106/><E106/><V68/><F28/><W101/><G101/><T59/><D59/><U98/><E98/><V53/><F104/><W114/><G114/><T37/><AGARI ba="0,1" hai="5,10,12,37,41,47,73,74,77,80,85,87,89,95" machi="37" ten="20,2700,0" yaku="1,1,0,1,7,1,53,0" doraHai="118" doraHaiUra="127" who="0" fromWho="0" sc="240,37,309,-13,240,-7,201,-7" /><INIT seed="2,0,0,3,4,42" ten="277,296,233,194" oya="2" hai0="62,85,16,95,57,50,104,124,34,99,43,121,22" hai1="120,59,37,131,134,73,77,52,91,87,128,125,12" hai2="20,11,79,101,135,81,39,30,110,51,28,54,55" hai3="23,132,15,82,36,71,3,103,80,70,100,58,40"/><V133/><F39/><W6/><G132/><N who="2" m="50761" /><F101/><W19/><G3/><T68/><D34/><U102/><E134/><V17/><F11/><W114/><G114/><T83/><D104/><U5/><E37/><V35/><F35/><W69/><G6/><T109/><D68/><U53/><E102/><V0/><F0/><W111/><G111/><T66/><D109/><U94/><E125/><V10/><F10/><W92/><G58/><T25/><D124/><U78/><E120/><V63/><F63/><W76/><G92/><T115/><D115/><U21/><E53/><N who="2" m="19979" /><F51/><W60/><G60/><T122/><D50/><N who="1" m="31127" /><E5/><V64/><F64/><W45/><REACH who="3" step="1"/><G82/><REACH who="3" ten="277,296,233,184" step="2"/><T1/><D1/><U107/><E107/><V84/><F110/><W13/><G13/><AGARI ba="0,1" hai="13,17,20,28,30,79,81,84" m="19979,50761" machi="13" ten="30,1500,0" yaku="20,1" doraHai="42" who="2" fromWho="3" sc="277,0,296,0,233,25,184,-15" /><INIT seed="2,1,0,1,4,121" ten="277,296,258,169" oya="2" hai0="23,77,63,80,30,42,132,112,46,74,15,28,33" hai1="44,134,56,96,40,17,118,71,55,7,135,54,92" hai2="53,16,89,62,36,5,102,20,81,1,122,31,113" hai3="70,13,128,45,41,18,104,26,73,11,95,78,52"/><V8/><F122/><W109/><G128/><T82/><D112/><U50/><E7/><V3/><F113/><W111/><G104/><T90/><D132/><N who="1" m="50731" /><E71/><V107/><F36/><W48/><G70/><T60/><D33/><U27/><E118/><V105/><F1/><W85/><G73/><T86/><D30/><U115/><E115/><V12/><F102/><W14/><G26/><T101/><D101/><N who="1" m="60551" /><E56/><V87/><REACH who="2" step="1"/><F31/><REACH who="2" ten="277,296,248,169" step="2"/><W97/><G41/><T76/><D28/><U10/><E40/><V43/><F43/><W130/><G130/><T22/><D15/><U19/><E55/><V91/><F91/><W93/><G14/><T131/><D131/><U72/><E54/><V124/><F124/><W32/><G32/><T68/><D90/><U83/><E27/><V94/><F94/><W2/><G2/><T47/><D42/><U69/><E83/><V108/><F108/><N who="3" m="41547" /><G97/><T125/><D125/><U51/><E10/><V34/><F34/><W117/><G117/><T119/><D119/><U84/><E72/><V114/><F114/><W129/><G129/><T38/><D74/><U58/><E84/><V133/><F133/><W24/><G24/><T88/><D86/><U59/><E69/><V61/><F61/><W9/><G9/><T21/><D21/><U64/><E50/><V29/><F29/><W4/><G95/><T79/><D68/><U57/><E51/><V65/><F65/><W25/><G93/><T98/><D98/><U75/><E64/><V106/><F106/><W66/><G66/><T35/><D35/><U6/><E75/><V116/><F116/><RYUUKYOKU ba="1,1" sc="277,-10,296,-10,248,30,169,-10" hai2="3,5,8,12,16,20,53,62,81,87,89,105,107" /><INIT seed="2,2,1,4,1,56" ten="267,286,278,159" oya="2" hai0="108,44,43,12,71,75,131,14,60,106,77,100,113" hai1="92,6,39,120,115,86,85,15,81,11,57,104,54" hai2="89,63,107,79,78,102,111,9,23,36,65,50,68" hai3="123,97,24,87,119,46,67,8,0,19,121,132,133"/><V70/><F36/><W37/><G119/><T88/><D113/><U99/><E115/><V58/><F111/><W62/><G87/><T4/><D108/><U105/><E39/><V66/><F89/><W80/><G80/><T29/><D29/><U122/><E86/><V103/><F9/><W124/><G124/><T35/><D35/><U118/><E118/><V98/><F103/><W127/><G127/><T17/><D131/><U96/><E96/><V48/><F23/><W64/><G97/><T82/><D4/><U117/><E117/><V5/><F5/><W22/><G0/><T38/><D106/><U95/><E95/><V10/><F10/><W52/><G8/><T47/><D100/><U40/><E40/><V31/><F31/><W13/><G24/><T25/><D44/><U34/><E34/><V116/><F116/><W3/><G3/><T45/><D45/><U16/><E6/><V134/><F134/><N who="3" m="51819" /><G37/><T90/><D25/><U73/><E73/><V126/><F126/><W94/><G94/><T42/><D42/><U69/><E92/><V32/><F32/><W20/><G20/><T28/><D28/><U130/><E99/><V125/><F125/><W7/><G7/><T26/><D26/><U114/><E114/><V110/><F110/><W74/><G74/><T101/><D101/><U61/><E104/><V109/><F109/><W129/><G129/><T41/><D41/><U30/><E130/><V128/><F128/><W84/><G84/><T51/><D38/><U93/><E85/><V91/><F98/><W76/><G123/><T49/><D75/><RYUUKYOKU ba="2,1" sc="267,0,286,0,278,0,159,0" /><INIT seed="3,3,1,5,4,98" ten="267,286,278,159" oya="3" hai0="11,1,42,48,21,113,117,46,104,34,97,40,133" hai1="99,100,51,90,96,116,38,17,70,77,7,22,35" hai2="123,45,50,103,122,53,72,54,10,27,30,134,60" hai3="105,126,2,84,107,43,82,15,28,121,115,47,63"/><W83/><G115/><T23/><D34/><U19/><E38/><V106/><F72/><W81/><G121/><N who="2" m="46089" /><F134/><W135/><G2/><T124/><D117/><U120/><E35/><N who="2" m="20959" /><F10/><W66/><G135/><T86/><D133/><U127/><E70/><V71/><F71/><W85/><G126/><T62/><D124/><U94/><E127/><V39/><F39/><W76/><G28/><T58/><D113/><U16/><E7/><V33/><F33/><W6/><G6/><T88/><D1/><U41/><E77/><V65/><F65/><W112/><G15/><T128/><D128/><U130/><E130/><V18/><F18/><W131/><G112/><T14/><D97/><U118/><E120/><V79/><F79/><W119/><G119/><T26/><D104/><U95/><E22/><V31/><F31/><W49/><G131/><T69/><D40/><U20/><E20/><V12/><F12/><W125/><G125/><T93/><D69/><U13/><E13/><V59/><F106/><W36/><G36/><T8/><D14/><U0/><E0/><V102/><AGARI ba="3,1" hai="45,50,53,54,59,60,102,103" m="20959,46089" machi="102" ten="30,4000,0" yaku="13,1,52,2" doraHai="98" who="2" fromWho="2" sc="267,-13,286,-13,278,59,159,-23" owari="254,-14.6,273,7.3,337,43.7,136,-36.4" /></mjloggm>