<mjloggm ver="2.3"><GO type="225" lobby="0"/><UN n0="%E3%81%B1%E3%83%BC%E3%81%9B%E3%82%93%E3%81%A8%E4%BE%8D" n1="%E5%85%83%E3%82%AB%E3%83%8E%E7%B3%BB%E3%83%92%E3%83%AD%E3%82%A4%E3%83%B3" n2="%E7%B4%94%E6%BD%94%E3%83%94%E3%83%A9%E3%83%8B%E3%82%A2" n3="%E3%82%BC%E3%83%AB%E3%83%80%E3%81%AE%E4%BC%9D%E8%AA%AC" dan="16,16,16,17" rate="2104.71,2164.57,2193.65,2143.00" sx="M,M,M,M"/><TAIKYOKU oya="0"/><INIT seed="0,0,0,3,3,50" ten="250,250,250,250" oya="0" hai0="131,132,129,35,11,120,105,67,60,99,46,7,101" hai1="125,114,42,68,85,92,104,59,87,15,69,53,103" hai2="31,71,44,122,73,23,41,96,39,75,135,89,94" hai3="126,79,9,109,107,63,100,49,58,17,130,34,82"/><T74/><D120/><U84/><E104/><V26/><F122/><W16/><G34/><T111/><D74/><U113/><E42/><V72/><REACH who="2" step="1"/><F71/><REACH who="2" ten="250,250,240,250" step="2"/><W70/><G70/><T65/><D131/><U56/><E68/><V95/><F95/><W13/><G130/><T51/><D129/><U1/><E69/><V62/><F62/><W22/><G126/><T128/><D128/><U81/><E125/><V118/><F118/><W116/><G116/><T98/><D132/><AGARI ba="0,1" hai="23,26,31,39,41,44,72,73,75,89,94,96,132,135" machi="132" ten="50,1600,0" yaku="1,1,53,0" doraHai="50" doraHaiUra="66" who="2" fromWho="0" sc="250,-16,250,0,240,26,250,0" /><INIT seed="1,0,0,2,5,120" ten="234,250,266,250" oya="1" hai0="95,25,81,45,107,53,118,60,90,35,116,21,44" hai1="58,62,33,49,108,12,105,40,79,59,135,30,130" hai2="50,1,103,48,84,43,27,132,133,114,86,68,72" hai3="0,117,54,119,34,100,41,101,70,77,88,125,91"/><U85/><E105/><V65/><F72/><W94/><G0/><T2/><D107/><U69/><E135/><N who="2" m="51787" /><F1/><W102/><G34/><T123/><D2/><U9/><E130/><V87/><F114/><W129/><G70/><T76/><D35/><U122/><E122/><V128/><F128/><W22/><G129/><T47/><D123/><U110/><E69/><V3/><F3/><W52/><G125/><T104/><D104/><U78/><E30/><V17/><F103/><W126/><G126/><T73/><D60/><U63/><E33/><V112/><F43/><W97/><G77/><T20/><D53/><N who="3" m="20585" /><G41/><T18/><REACH who="0" step="1"/><D21/><REACH who="0" ten="224,250,266,250" step="2"/><U83/><E62/><N who="2" m="39991" /><F112/><W127/><G127/><T99/><AGARI ba="0,1" hai="18,20,25,44,45,47,73,76,81,90,95,99,116,118" machi="99" ten="30,2000,0" yaku="1,1,0,1,53,0" doraHai="120" doraHaiUra="37" who="0" fromWho="0" sc="224,30,250,-10,266,-5,250,-5" /><INIT seed="2,0,0,1,2,35" ten="254,240,261,245" oya="2" hai0="20,77,19,107,64,91,62,94,133,13,98,69,81" hai1="14,31,99,126,100,79,44,7,5,59,90,102,101" hai2="65,28,113,54,52,53,93,70,127,25,38,48,17" hai3="2,66,71,30,104,9,11,39,118,75,95,72,67"/><V55/><F113/><W82/><G118/><T15/><D133/><U111/><E111/><V97/><F38/><W16/><G104/><T106/><REACH who="0" step="1"/><D15/><REACH who="0" ten="244,240,261,245" step="2"/><U76/><E126/><V45/><F127/><W114/><G114/><T32/><D32/><U124/><E124/><V83/><F83/><W134/><G82/><T51/><D51/><U110/><E110/><V120/><F120/><W96/><G134/><T33/><D33/><U6/><E31/><V89/><F70/><W37/><G30/><T68/><D68/><U26/><E26/><V109/><F109/><W125/><G71/><T10/><D10/><U49/><E14/><V22/><F65/><W119/><G125/><T105/><D105/><U0/><E0/><V56/><REACH who="2" step="1"/><F28/><REACH who="2" ten="244,240,251,245" step="2"/><W1/><G119/><T78/><D78/><U63/><E76/><V12/><F12/><W115/><G115/><T57/><D57/><AGARI ba="0,2" hai="17,22,25,45,48,52,53,54,55,56,57,89,93,97" machi="57" ten="40,7700,0" yaku="1,1,8,1,54,1,53,0" doraHai="35" doraHaiUra="80" who="2" fromWho="0" sc="244,-77,240,0,251,97,245,0" /><INIT seed="2,1,0,5,5,55" ten="167,240,348,245" oya="2" hai0="134,90,103,104,5,129,95,30,14,77,3,98,74" hai1="46,87,71,43,65,9,67,23,6,8,111,50,20" hai2="56,110,115,99,37,62,36,12,34,135,80,113,68" hai3="82,31,100,48,130,26,109,114,91,72,47,32,1"/><V44/><F68/><W2/><G109/><T127/><D127/><U131/><E111/><V107/><F110/><W123/><G123/><T102/><D134/><U126/><E126/><V53/><F34/><W19/><G130/><T79/><D129/><U101/><E131/><V106/><F135/><W10/><G114/><T59/><D3/><U63/><E101/><V64/><F80/><W51/><G100/><T52/><D30/><U27/><E67/><V94/><F12/><W108/><G108/><T133/><D133/><U125/><E125/><V15/><F15/><N who="3" m="7671" /><G51/><T13/><D103/><U73/><E73/><V92/><F106/><W40/><G40/><T89/><D89/><U58/><E71/><V128/><F107/><W105/><G72/><T96/><D5/><U57/><E57/><V22/><F22/><W81/><G81/><T122/><D122/><U33/><E87/><V76/><F76/><W38/><G38/><T93/><D104/><U83/><E83/><V41/><F37/><W120/><G105/><T84/><D74/><U39/><E39/><V11/><F11/><W75/><G120/><T85/><D79/><U35/><E8/><V42/><F42/><N who="3" m="24695" /><G91/><T45/><D45/><U117/><E117/><V112/><F128/><W132/><G132/><T29/><D77/><U7/><E7/><V86/><F92/><W54/><G54/><T88/><D90/><U18/><REACH who="1" step="1"/><E23/><REACH who="1" ten="167,230,348,245" step="2"/><V49/><F36/><W78/><G75/><T116/><D85/><U17/><E17/><V28/><F86/><N who="3" m="48471" /><G32/><T0/><D84/><U70/><E70/><V25/><F112/><RYUUKYOKU ba="1,1" sc="167,-15,230,15,348,-15,245,15" hai1="6,9,18,20,27,33,35,43,46,50,58,63,65" hai3="1,2,26,31" /><INIT seed="3,2,1,2,2,96" ten="152,245,333,260" oya="3" hai0="89,133,68,99,2,73,28,33,106,14,63,66,97" hai1="32,114,79,42,67,115,10,64,21,54,26,129,134" hai2="94,88,103,80,119,53,70,43,60,102,85,109,125" hai3="44,72,40,111,47,81,110,108,128,46,61,6,22"/><W20/><G128/><T29/><D133/><U8/><E32/><V7/><F119/><W58/><G40/><T87/><D73/><U130/><E42/><V4/><F109/><W69/><G69/><T95/><D2/><U92/><E79/><V100/><F125/><W0/><G72/><T120/><D120/><U117/><E134/><V48/><F43/><W122/><G122/><T34/><D14/><U57/><E92/><V77/><F60/><W104/><G81/><T83/><D99/><U135/><E135/><V131/><F70/><W101/><G104/><T127/><D127/><U105/><E105/><V132/><F131/><N who="1" m="50185" /><E8/><V1/><F1/><W76/><G101/><T56/><D106/><U78/><E10/><V13/><F13/><W113/><G76/><T41/><D41/><U107/><E78/><V82/><F132/><W45/><G113/><N who="1" m="43018" /><E107/><V15/><F15/><W116/><N who="3" m="11264" /><DORA hai="123" /><W59/><G116/><T30/><REACH who="0" step="1"/><D68/><REACH who="0" ten="142,245,333,260" step="2"/><U98/><E98/><V3/><F3/><W23/><G61/><T62/><D62/><N who="1" m="36151" /><E117/><V24/><F24/><W90/><G0/><T50/><D50/><U126/><E126/><V75/><F48/><W25/><G25/><T91/><AGARI ba="2,2" hai="28,29,30,33,34,56,63,66,83,87,89,91,95,97" machi="91" ten="30,4000,0" yaku="1,1,0,1,53,1" doraHai="96,123" doraHaiUra="55,65" who="0" fromWho="0" sc="142,66,245,-12,333,-12,260,-22" owari="208,-29.2,233,-16.7,321,42.1,238,3.8" /></mjloggm>