<mjloggm ver="2.3"><GO type="169" lobby="0"/><UN n0="%E9%BE%8D%31%30" n1="%E8%B5%A4%E5%BA%A7%E3%81%82%E3%81%8B%E3%82%8A%45%58" n2="%43%68%72%69%73%74%31%32" n3="%E3%81%97%E3%82%89%E3%81%99%EF%BC%A1" dan="16,16,17,16" rate="2094.99,2162.85,2169.93,2151.41" sx="M,M,F,M"/><TAIKYOKU oya="0"/><INIT seed="0,0,0,0,3,16" ten="250,250,250,250" oya="0" hai0="20,36,124,61,105,19,71,80,83,94,2,125,44" hai1="135,96,6,100,121,122,12,5,23,72,52,92,10" hai2="93,31,65,49,46,106,117,8,88,108,116,129,73" hai3="29,57,48,75,81,101,115,91,78,97,109,26,126"/><T79/><D105/><U69/><E69/><V62/><F106/><W21/><G109/><T98/><D2/><U95/><E72/><V39/><F73/><W40/><G126/><N who="0" m="48747" /><D44/><U60/><E135/><V84/><F108/><W47/><G115/><T90/><D36/><U35/><E35/><V50/><F129/><W114/><G114/><T127/><N who="0" m="48755" /><T67/><DORA hai="38" /><D79/><U17/><E95/><V11/><F31/><W15/><G57/><T111/><D111/><U85/><E85/><V113/><F39/><W89/><REACH who="3" step="1"/><G15/><AGARI ba="0,0" hai="15,19,20,61,67,71,80,83,90,94,98" m="48755" machi="15" ten="40,3900,0" yaku="18,1,52,1" doraHai="16,38" who="0" fromWho="3" sc="250,39,250,0,250,0,250,-39" /><INIT seed="0,1,0,4,3,12" ten="289,250,250,211" oya="0" hai0="39,56,51,122,52,17,135,7,110,61,133,6,124" hai1="81,24,97,73,54,69,2,126,18,28,108,130,37" hai2="127,68,78,75,53,115,11,19,87,72,3,30,101" hai3="89,83,46,63,102,76,47,31,125,43,131,71,114"/><T36/><D122/><U82/><E69/><V93/><F115/><W123/><G114/><T64/><D124/><U86/><E37/><N who="0" m="14409" /><D17/><U79/><E126/><V26/><F68/><W29/><G131/><T116/><D7/><U27/><E2/><V14/><F127/><W25/><G125/><T74/><D6/><U121/><E121/><V13/><F3/><W84/><G123/><T118/><D74/><U8/><E108/><V38/><F38/><W15/><G102/><T21/><D21/><U106/><E130/><V98/><F14/><W105/><G105/><T132/><D110/><U16/><E8/><V119/><F119/><W99/><G15/><T62/><D62/><U67/><E67/><V48/><F87/><W32/><G29/><T88/><D88/><U90/><E54/><V49/><F78/><W96/><G89/><T113/><D113/><U111/><E111/><V40/><F40/><W60/><G60/><T95/><D95/><N who="1" m="54743" /><E27/><V55/><F53/><W134/><G43/><T112/><D112/><U50/><E82/><V42/><F42/><W5/><G5/><T34/><D34/><N who="1" m="20743" /><E50/><V41/><F41/><W1/><G1/><T4/><D4/><U9/><E9/><V33/><REACH who="2" step="1"/><F49/><REACH who="2" ten="289,250,240,211" step="2"/><W91/><G84/><T58/><AGARI ba="1,1" hai="51,52,56,58,61,64,116,118,132,133,135" m="14409" machi="58" ten="40,12000,1" yaku="20,1,34,2,54,1" doraHai="12" who="0" fromWho="0" sc="289,133,250,-41,240,-41,211,-41" /><INIT seed="0,2,0,1,4,131" ten="422,209,199,170" oya="0" hai0="37,32,135,35,10,17,31,57,30,58,28,4,63" hai1="27,56,71,15,25,66,111,94,85,43,51,18,62" hai2="79,113,54,45,101,42,73,116,80,12,39,102,100" hai3="110,97,92,88,72,114,106,69,82,0,126,3,14"/><T89/><D37/><U68/><E111/><V52/><F113/><W24/><G110/><T86/><D17/><U120/><E120/><V134/><F116/><W60/><G126/><T124/><D124/><U83/><E71/><V112/><F112/><W26/><G114/><T76/><D76/><U11/><E94/><V132/><REACH who="2" step="1"/><F12/><REACH who="2" ten="422,209,189,170" step="2"/><W7/><G14/><T53/><D57/><U103/><E68/><V50/><F50/><W20/><G0/><T78/><D35/><U33/><E33/><V130/><F130/><W90/><G3/><T127/><D32/><U93/><E51/><V84/><F84/><W59/><G69/><T99/><D135/><AGARI ba="2,1" hai="39,42,45,52,54,73,79,80,100,101,102,132,134,135" machi="135" ten="40,12000,2" yaku="1,1,20,1,52,3,54,1,53,1" doraHai="131" doraHaiUra="107" who="2" fromWho="0" sc="422,-126,209,0,189,136,170,0" /><INIT seed="1,0,0,4,3,69" ten="296,209,325,170" oya="1" hai0="108,135,51,19,30,132,7,48,134,122,92,35,15" hai1="0,78,44,76,47,57,96,125,68,32,124,2,71" hai2="91,120,61,100,42,85,46,38,26,24,111,59,31" hai3="55,116,4,23,52,128,17,3,16,54,37,11,114"/><U64/><E96/><V110/><F120/><W25/><G114/><T94/><D108/><N who="2" m="41514" /><F100/><W70/><G128/><T88/><D122/><U112/><E112/><V133/><F133/><W87/><G70/><N who="1" m="26666" /><E57/><V49/><F49/><W18/><G116/><T118/><D7/><U5/><E32/><V84/><F91/><W93/><REACH who="3" step="1"/><G37/><REACH who="3" ten="296,209,325,160" step="2"/><T113/><D118/><U60/><E0/><V127/><F127/><N who="1" m="48713" /><E2/><V45/><F45/><N who="1" m="17481" /><E5/><V129/><F129/><W119/><G119/><T34/><D113/><U81/><E81/><V62/><F46/><W97/><G97/><T33/><D30/><U102/><E102/><V79/><F31/><W22/><G22/><N who="0" m="11647" /><D94/><U20/><E20/><V65/><F59/><W80/><G80/><T40/><D40/><U6/><E6/><V21/><F42/><W109/><G109/><T90/><D92/><U41/><E41/><V121/><F21/><W95/><G95/><T67/><D35/><U89/><E89/><AGARI ba="0,1" hai="3,4,11,16,17,18,23,25,52,54,55,87,89,93" machi="89" ten="40,8000,1" yaku="1,1,54,2,53,1" doraHai="69" doraHaiUra="83" who="3" fromWho="1" sc="296,0,209,-80,325,0,160,90" /><INIT seed="2,0,0,2,0,86" ten="296,129,325,250" oya="2" hai0="34,53,71,77,109,13,112,91,31,120,9,107,123" hai1="60,132,17,117,115,12,80,72,110,134,27,15,64" hai2="40,29,89,62,55,92,1,104,45,67,78,18,47" hai3="28,106,129,14,128,94,105,3,24,51,131,4,54"/><V85/><F1/><W96/><G3/><T43/><D107/><U65/><E115/><V84/><F104/><W73/><G73/><T81/><D71/><U49/><E117/><V26/><F18/><W42/><G42/><T125/><D43/><U21/><E110/><V68/><F55/><W99/><G99/><T20/><D109/><U66/><E60/><V8/><F8/><N who="3" m="4359" /><G51/><T87/><D34/><U130/><E130/><V5/><F5/><W124/><G54/><T113/><D125/><U101/><E101/><V58/><F68/><W25/><G25/><T121/><D53/><U90/><E49/><V114/><F114/><W97/><G97/><T0/><D0/><U16/><E72/><V63/><F63/><W38/><G38/><T95/><D20/><U75/><E75/><V36/><F47/><W82/><G82/><T33/><D31/><U111/><E111/><V119/><F119/><W100/><G124/><T35/><D112/><U133/><E17/><V127/><F127/><W2/><G2/><T23/><D23/><AGARI ba="0,0" hai="23,24,28,94,96,100,105,106,128,129,131" m="4359" machi="23" ten="30,1000,0" yaku="19,1" doraHai="86" who="3" fromWho="0" sc="296,-10,129,0,325,0,250,10" /><INIT seed="3,0,0,3,3,6" ten="286,129,325,260" oya="3" hai0="90,117,96,1,56,97,122,105,74,81,22,73,50" hai1="30,69,86,92,62,87,5,12,61,94,134,130,39" hai2="99,11,115,91,18,4,43,26,67,54,83,93,124" hai3="135,101,109,29,45,113,0,21,84,103,13,64,114"/><W7/><G135/><T98/><D1/><U82/><E39/><V127/><F115/><W17/><G64/><T20/><D117/><U46/><E130/><V24/><F43/><W79/><G29/><T48/><D105/><U128/><E128/><V15/><F67/><W55/><G109/><T3/><D3/><U95/><E134/><V32/><F32/><W19/><G0/><T71/><D71/><U42/><E30/><V63/><F83/><W49/><G113/><T40/><D40/><U111/><E111/><V88/><F91/><W107/><G107/><T116/><D122/><U70/><E70/><V119/><F119/><W121/><G121/><T129/><D116/><U28/><E28/><V108/><F108/><W34/><G34/><T27/><D27/><U53/><E42/><V72/><F72/><W14/><G7/><T89/><D81/><U10/><E69/><V41/><F41/><W126/><G126/><N who="2" m="48169" /><F4/><W25/><G25/><T133/><D56/><AGARI ba="0,0" hai="11,15,18,24,26,54,56,63,88,93,99" m="48169" machi="56" ten="30,3900,0" yaku="18,1,52,1,54,1" doraHai="6" who="2" fromWho="0" sc="286,-39,129,0,325,39,260,0" /><INIT seed="4,0,0,5,0,69" ten="247,129,364,260" oya="0" hai0="8,127,34,54,105,113,101,10,109,112,120,90,74" hai1="108,47,103,32,94,78,124,44,126,19,97,85,67" hai2="14,75,82,128,131,51,7,91,88,84,132,18,133" hai3="96,65,64,37,66,55,95,77,102,3,40,107,73"/><T57/><D34/><U92/><E32/><V21/><F75/><W31/><G31/><T76/><D109/><U114/><E67/><V23/><F7/><W41/><G3/><T111/><D120/><U81/><E108/><V104/><F104/><W45/><G41/><T35/><D111/><U5/><E5/><V70/><F70/><W22/><G22/><T100/><D35/><U117/><E117/><V4/><F4/><W0/><G0/><T2/><D90/><U52/><E114/><N who="0" m="44137" /><D127/><U68/><E68/><V16/><F51/><W46/><G107/><T28/><D28/><U135/><E135/><N who="2" m="51787" /><F91/><W58/><G45/><T116/><D2/><U29/><E29/><V20/><F20/><W49/><G77/><T38/><D38/><U11/><E94/><V71/><F71/><W6/><G6/><T53/><D116/><U59/><E124/><V110/><F110/><W130/><G130/><T25/><D25/><AGARI ba="0,0" hai="14,16,18,21,23,25,82,84,88,128,131" m="51787" machi="25" ten="30,3900,0" yaku="20,1,54,2" doraHai="69" who="2" fromWho="0" sc="247,-39,129,0,364,39,260,0" /><INIT seed="5,0,0,2,0,119" ten="208,129,403,260" oya="1" hai0="42,4,70,103,68,118,62,66,36,15,45,34,125" hai1="25,41,124,10,77,35,17,60,85,86,16,135,106" hai2="27,133,120,20,65,26,84,93,33,82,1,127,31" hai3="32,44,130,7,59,76,73,114,115,97,11,110,113"/><U99/><E124/><V55/><F1/><W5/><G110/><T91/><D34/><U18/><E135/><V47/><F133/><W30/><G130/><T63/><D118/><U24/><E10/><V105/><F105/><W61/><G44/><T89/><D103/><U69/><E41/><V14/><F65/><W40/><G40/><T81/><D125/><U90/><E77/><V28/><F93/><W109/><G109/><T79/><D63/><U43/><E43/><V9/><F120/><W78/><G97/><T22/><D70/><U2/><E2/><V51/><F127/><W80/><G78/><T48/><D36/><U3/><E3/><V100/><F100/><W53/><G11/><N who="0" m="4583" /><D22/><U54/><E69/><V132/><F132/><W6/><G30/><T37/><D37/><U13/><E13/><V88/><F14/><W83/><G83/><T50/><D50/><U12/><E12/><V21/><F33/><AGARI ba="0,0" hai="5,6,7,32,33,53,59,61,73,76,80,113,114,115" machi="33" ten="50,1600,0" yaku="15,1" doraHai="119" who="3" fromWho="2" sc="208,0,129,0,403,-16,260,16" /><INIT seed="6,0,0,5,4,52" ten="208,129,387,276" oya="2" hai0="30,110,58,109,97,134,91,1,95,129,114,43,117" hai1="26,25,74,3,113,100,22,17,108,83,45,88,7" hai2="37,78,112,18,60,85,31,71,2,81,5,11,42" hai3="119,115,49,132,64,128,4,124,106,6,127,24,99"/><V59/><F112/><W10/><G119/><T131/><D1/><U104/><E108/><V102/><F71/><W90/><G115/><T94/><D43/><U105/><E113/><V116/><F116/><W65/><G6/><T13/><D114/><U80/><E100/><V0/><F31/><W133/><G24/><T54/><D117/><U87/><E45/><V130/><F130/><N who="0" m="49674" /><D30/><U34/><E34/><V123/><F123/><W53/><G128/><T107/><D107/><U73/><E26/><V23/><F102/><W27/><G27/><T44/><D44/><U101/><E101/><V57/><F2/><W98/><G106/><T48/><D134/><N who="3" m="51817" /><G65/><T121/><D121/><U12/><E3/><V89/><F37/><W62/><G90/><N who="0" m="55511" /><D13/><U82/><E104/><V14/><F42/><W69/><G99/><AGARI ba="0,0" hai="48,54,58,91,95,99,109,110" m="55511,49674" machi="99" ten="30,2000,0" yaku="19,1,52,1" doraHai="52" who="0" fromWho="3" sc="208,20,129,0,387,0,276,-20" /><INIT seed="7,0,0,3,4,73" ten="228,129,387,256" oya="3" hai0="77,61,102,55,34,71,69,13,63,26,57,39,17" hai1="131,94,119,126,113,80,93,11,95,4,51,62,133" hai2="70,107,109,100,68,115,21,67,72,36,65,45,9" hai3="60,59,81,122,52,92,32,134,111,105,8,27,1"/><W116/><G116/><T96/><D39/><U106/><E106/><V18/><F109/><W108/><G122/><T84/><D63/><U99/><E113/><V48/><F72/><W19/><G105/><T101/><D26/><U123/><E123/><V28/><F36/><W54/><G134/><T135/><D34/><U44/><E126/><V127/><F28/><W14/><G1/><T118/><D118/><U0/><E131/><V64/><F9/><W78/><G92/><T15/><D13/><U49/><E133/><V47/><F47/><W132/><G132/><T30/><D30/><U114/><E114/><V3/><F3/><W86/><G32/><T124/><D124/><U130/><E130/><V58/><F58/><W91/><G27/><T85/><D85/><U41/><E119/><V88/><F115/><W16/><G19/><T23/><D102/><U42/><E62/><V38/><F38/><W103/><G103/><T6/><D6/><U121/><E121/><V87/><F127/><W12/><G12/><T29/><D29/><U7/><E7/><V37/><F37/><W66/><G91/><T120/><D120/><U24/><E24/><V74/><F100/><W128/><G128/><T110/><D110/><AGARI ba="0,0" hai="8,14,16,52,54,59,60,66,78,81,86,108,110,111" machi="110" ten="40,12000,1" yaku="10,1,52,1,54,2" doraHai="73" who="3" fromWho="0" sc="228,-120,129,0,387,0,256,120" /><INIT seed="7,1,0,4,1,123" ten="108,129,387,376" oya="3" hai0="27,13,8,63,97,5,55,3,43,39,131,26,46" hai1="32,114,20,80,124,9,132,95,44,37,33,0,65" hai2="125,7,135,57,2,98,35,82,64,134,4,48,94" hai3="79,52,66,22,121,107,129,12,19,40,56,101,30"/><W77/><G121/><T69/><D131/><U47/><E65/><V15/><F35/><W112/><G112/><T87/><D3/><U51/><E114/><V70/><F2/><W83/><G129/><T54/><D97/><U119/><E124/><V96/><F125/><W88/><G66/><T118/><D69/><U68/><E68/><V102/><F70/><W34/><G107/><T116/><D118/><U93/><E37/><V62/><F82/><W53/><G101/><T133/><D116/><U130/><E130/><V59/><F15/><W41/><G30/><T60/><D133/><N who="2" m="50698" /><F98/><W10/><G10/><T76/><D63/><U89/><E9/><V100/><F100/><W84/><G34/><T16/><D5/><U17/><E0/><V61/><F48/><N who="3" m="30727" /><G53/><AGARI ba="1,0" hai="4,7,53,57,59,61,62,64,94,96,102" m="50698" machi="53" ten="30,1000,0" yaku="20,1" doraHai="123" who="2" fromWho="3" sc="108,0,129,0,387,13,376,-13" owari="108,-39.2,129,-27.1,400,50.0,363,16.3" /></mjloggm>