<mjloggm ver="2.3"><GO type="169" lobby="0"/><UN n0="%E3%81%B7%E3%81%B7%E3%81%B7%E3%82%93%E3%81%B7" n1="%62%69%70%73%64" n2="%E7%9C%9F%E9%BE%8D%E5%85%84%E8%B2%B4" n3="%E7%8A%B6%E6%85%8B%E9%BA%BB%E9%9B%80" dan="16,18,16,18" rate="2030.97,2270.64,2017.25,2247.50" sx="M,M,M,M"/><TAIKYOKU oya="0"/><INIT seed="0,0,0,1,2,42" ten="250,250,250,250" oya="0" hai0="129,131,50,44,74,108,21,39,124,68,3,103,62" hai1="135,14,32,117,99,66,58,30,61,112,24,25,120" hai2="134,52,102,49,109,59,128,113,43,80,81,36,53" hai3="84,8,71,20,57,4,115,65,70,48,56,79,133"/><T26/><D3/><U97/><E117/><V98/><F113/><W85/><G115/><T83/><D124/><U93/><E112/><V40/><F109/><W27/><G133/><T105/><D108/><U37/><E120/><V116/><F134/><W67/><G71/><T72/><D39/><U132/><E37/><V1/><F1/><W60/><G70/><T114/><D114/><U101/><E14/><V6/><F6/><W123/><G123/><T127/><D127/><U78/><E78/><V119/><F128/><N who="0" m="49226" /><D103/><U118/><E118/><N who="2" m="45099" /><F53/><W92/><G92/><T10/><D10/><U69/><E24/><V100/><F100/><W111/><G79/><T125/><D83/><N who="2" m="31818" /><F36/><W75/><G75/><T11/><D11/><U46/><E58/><V94/><AGARI ba="0,0" hai="40,43,49,52,59,94,98,102" m="31818,45099" machi="94" ten="30,2000,0" yaku="12,1,54,1" doraHai="42" who="2" fromWho="2" sc="250,-10,250,-5,250,20,250,-5" /><INIT seed="1,0,0,0,2,105" ten="240,245,270,245" oya="1" hai0="17,112,2,80,27,88,94,120,125,43,18,79,114" hai1="134,66,38,90,15,53,128,61,10,36,48,106,50" hai2="20,97,71,7,46,108,119,41,82,29,104,126,67" hai3="69,13,101,89,116,57,14,103,28,68,56,135,85"/><U76/><E106/><V12/><F119/><W64/><G28/><T98/><D2/><U96/><E128/><V113/><F108/><W47/><G47/><T123/><D43/><U65/><E134/><V8/><F126/><W58/><G135/><T70/><D70/><U26/><E76/><V127/><F127/><W63/><G69/><T54/><D125/><U44/><E36/><V83/><F113/><W37/><G37/><T35/><D35/><U11/><E38/><V102/><F29/><W30/><G30/><T107/><D54/><U1/><E26/><V62/><REACH who="2" step="1"/><F20/><REACH who="2" ten="240,245,260,245" step="2"/><W110/><G110/><T5/><D114/><U95/><E10/><V22/><F22/><W78/><G116/><T73/><D112/><U84/><E1/><V100/><F100/><W0/><G103/><N who="0" m="62967" /><D27/><U131/><E131/><V6/><F6/><W132/><G101/><T92/><D5/><U33/><E33/><V9/><F9/><W19/><G0/><T99/><D17/><U129/><E129/><V86/><F86/><W72/><G132/><T4/><D18/><U87/><E11/><V133/><F133/><W60/><G19/><T117/><D4/><U52/><E15/><V74/><F74/><W93/><REACH who="3" step="1"/><G60/><REACH who="3" ten="240,245,260,235" step="2"/><T21/><D117/><U24/><E61/><V130/><F130/><W3/><G3/><T34/><D34/><U115/><E115/><V77/><F77/><W111/><G111/><T55/><D79/><U124/><E124/><V45/><F45/><W31/><G31/><T81/><D73/><U23/><E44/><V39/><AGARI ba="0,2" hai="7,8,12,39,41,46,62,67,71,82,83,97,102,104" machi="39" ten="20,2700,0" yaku="1,1,0,1,7,1,53,0" doraHai="105" doraHaiUra="118" who="2" fromWho="2" sc="240,-7,245,-13,260,47,235,-7" /><INIT seed="2,0,0,0,0,134" ten="233,232,307,228" oya="2" hai0="128,109,91,115,127,92,0,9,5,10,67,41,107" hai1="13,64,7,65,74,20,54,122,119,22,55,78,94" hai2="124,56,30,33,101,57,83,49,31,1,120,63,60" hai3="8,81,51,123,95,90,66,76,105,37,103,6,104"/><V96/><F120/><W118/><G37/><T43/><D107/><U93/><E74/><V24/><F1/><W52/><G123/><T99/><D115/><U15/><E122/><V45/><F31/><W3/><G66/><T84/><D109/><U110/><E110/><V135/><F135/><W35/><G103/><T47/><D128/><U85/><E85/><V40/><F83/><W87/><G35/><T121/><D121/><U117/><REACH who="1" step="1"/><E7/><REACH who="1" ten="233,222,307,228" step="2"/><V16/><F96/><W86/><REACH who="3" step="1"/><G118/><REACH who="3" ten="233,222,307,218" step="2"/><T130/><D130/><U112/><E112/><V19/><F101/><W12/><G12/><T88/><D0/><U59/><E59/><AGARI ba="0,2" hai="3,6,8,51,52,59,76,81,86,87,90,95,104,105" machi="59" ten="30,7700,0" yaku="1,1,7,1,54,1,53,1" doraHai="134" doraHaiUra="72" who="3" fromWho="1" sc="233,0,222,-77,307,0,218,97" /><INIT seed="3,0,0,4,1,69" ten="233,145,307,315" oya="3" hai0="119,91,21,130,134,70,19,43,118,7,63,30,111" hai1="48,20,25,28,109,68,5,0,44,40,99,115,39" hai2="113,61,117,41,3,16,55,6,135,104,95,73,77" hai3="26,34,67,121,103,90,38,32,122,116,83,62,18"/><W45/><G116/><T93/><D111/><U87/><E115/><V33/><F104/><W80/><G103/><T102/><D7/><U133/><E109/><V1/><F33/><W129/><G129/><T96/><D130/><U50/><E68/><V56/><F113/><W52/><G32/><T8/><D134/><U24/><E133/><V36/><F117/><W46/><G46/><T57/><D70/><U54/><E99/><V64/><F135/><W128/><G128/><T76/><D76/><U72/><E72/><V110/><F95/><W49/><G38/><T22/><D43/><U131/><E131/><V53/><F16/><W97/><G97/><T74/><D74/><U17/><E87/><V127/><F3/><W59/><G90/><T58/><D58/><U94/><E94/><V14/><F14/><W106/><G106/><T85/><D8/><U2/><E50/><V12/><F12/><W65/><G65/><T89/><D89/><U35/><REACH who="1" step="1"/><E5/><REACH who="1" ten="233,135,307,315" step="2"/><V126/><F110/><W42/><G49/><T60/><D118/><U9/><E9/><V23/><F6/><W108/><G108/><T105/><D119/><U112/><E112/><V47/><F73/><W101/><G83/><T79/><D96/><U84/><E84/><V88/><F126/><W114/><G80/><T107/><D85/><U124/><E124/><V81/><F81/><W37/><G114/><T29/><D93/><U51/><E51/><V86/><F86/><W15/><G122/><T71/><D71/><U82/><E82/><V10/><F127/><W100/><G121/><T31/><D79/><RYUUKYOKU ba="0,1" sc="233,-10,135,30,307,-10,315,-10" hai1="0,2,17,20,24,25,28,35,39,40,44,48,54" /><INIT seed="4,1,1,3,4,81" ten="223,165,297,305" oya="0" hai0="109,30,103,99,107,116,0,85,88,4,64,106,131" hai1="113,74,76,132,57,19,12,56,96,75,59,83,122" hai2="125,26,105,71,130,62,108,66,118,117,95,60,112" hai3="98,94,129,68,67,77,42,63,134,13,126,128,70"/><T36/><D116/><U133/><E122/><V120/><F120/><W58/><G126/><T34/><D36/><U17/><E75/><V100/><F108/><W89/><G134/><N who="1" m="51818" /><E113/><V86/><F125/><W65/><G42/><T61/><D131/><N who="3" m="50249" /><G77/><T32/><D109/><U78/><E78/><V33/><F62/><N who="3" m="38103" /><G13/><T18/><D107/><U3/><E3/><V79/><F112/><W22/><G22/><T92/><D18/><N who="1" m="6667" /><E96/><V72/><F72/><W23/><G23/><T53/><D53/><U110/><E110/><V111/><F111/><W44/><G44/><T21/><D4/><U1/><E1/><V54/><F54/><W5/><G5/><T8/><D8/><U43/><E12/><V119/><F130/><W123/><G123/><T97/><D0/><U41/><AGARI ba="1,1" hai="41,43,56,57,59,74,76,83" m="6667,51818" machi="41" ten="40,1500,0" yaku="20,1" doraHai="81" who="1" fromWho="1" sc="223,-8,165,28,297,-5,305,-5" /><INIT seed="5,0,0,4,5,19" ten="215,193,292,300" oya="1" hai0="103,69,50,14,0,76,74,116,26,109,77,59,126" hai1="108,17,45,68,12,39,71,124,61,112,113,35,110" hai2="29,134,128,24,9,93,115,118,97,54,27,100,21" hai3="81,22,13,105,84,48,56,43,51,85,88,129,55"/><U96/><E35/><V44/><F118/><W75/><G129/><T125/><D0/><U94/><E124/><N who="0" m="47721" /><D69/><U3/><E3/><V102/><F128/><W15/><G105/><T4/><D116/><U66/><E39/><V106/><F134/><W101/><G75/><T52/><D109/><N who="1" m="42091" /><E45/><V36/><F115/><N who="1" m="44105" /><E61/><V99/><F9/><W38/><G38/><T62/><D26/><U86/><E86/><V131/><F131/><W127/><G127/><T18/><D4/><U114/><N who="1" m="44113" /><U67/><DORA hai="91" /><E68/><V70/><F70/><W117/><G117/><T32/><D32/><U40/><E40/><V8/><F36/><W46/><G101/><T33/><D33/><U60/><E60/><V104/><F27/><W16/><G84/><T30/><D30/><U130/><E71/><V65/><F65/><W72/><G72/><T20/><D74/><U78/><E78/><N who="0" m="30313" /><D103/><N who="1" m="60823" /><E130/><V82/><F104/><W123/><G123/><T132/><D132/><U47/><E47/><V87/><F44/><W73/><G73/><T64/><D50/><U25/><E25/><AGARI ba="0,0" hai="13,15,16,22,25,43,46,48,51,55,56,81,85,88" machi="25" ten="30,8000,1" yaku="7,1,8,1,52,1,54,2" doraHai="19,91" who="3" fromWho="1" sc="215,0,193,-80,292,0,300,80" /><INIT seed="6,0,0,4,2,135" ten="215,113,292,380" oya="2" hai0="96,82,63,35,126,24,28,110,60,89,118,123,130" hai1="129,74,83,48,56,8,18,127,51,125,78,62,81" hai2="39,21,65,41,59,97,98,52,16,34,116,57,87" hai3="31,4,47,5,7,112,26,20,84,29,134,121,3"/><V102/><F116/><W6/><G121/><T58/><D123/><U2/><E129/><V80/><F34/><W37/><G134/><T42/><D110/><U0/><E83/><V132/><F132/><W95/><G112/><T77/><D130/><U106/><E106/><V40/><F65/><W113/><G113/><T128/><D128/><U75/><E74/><V11/><F11/><W54/><G31/><T1/><D1/><U10/><E0/><V119/><F119/><W93/><G3/><T109/><D109/><U46/><E48/><V124/><F59/><W71/><G71/><T66/><D118/><U94/><E94/><V17/><F17/><W33/><G33/><T90/><D42/><U23/><E51/><V101/><F97/><W68/><G68/><T99/><D126/><N who="1" m="48139" /><E46/><V117/><F117/><W111/><G93/><T44/><D44/><U43/><E43/><V50/><F124/><W36/><G95/><T30/><D35/><U76/><E76/><V107/><F101/><W27/><G47/><T122/><D77/><U15/><E2/><V69/><F41/><W53/><G111/><T120/><D82/><U88/><E88/><V19/><F40/><W72/><G72/><T91/><D90/><U13/><E15/><V105/><F105/><W131/><G131/><T45/><D45/><U108/><E108/><V86/><F80/><W114/><G114/><T61/><D61/><U133/><E133/><V49/><F49/><W12/><G12/><T100/><D100/><U67/><AGARI ba="0,0" hai="8,10,13,18,23,56,62,67,75,78,81" m="48139" machi="67" ten="30,7900,0" yaku="18,1,52,3" doraHai="135" who="1" fromWho="1" sc="215,-20,113,79,292,-39,380,-20" /><INIT seed="7,0,0,3,2,90" ten="195,192,253,360" oya="3" hai0="27,128,49,5,111,45,125,34,6,33,69,77,66" hai1="24,131,88,89,65,20,93,44,133,35,98,120,71" hai2="79,23,75,115,19,30,43,104,42,2,103,70,110" hai3="68,108,85,87,25,17,122,37,123,78,48,107,26"/><W72/><G37/><T18/><D111/><U109/><E120/><V67/><F2/><W112/><G68/><T101/><D128/><U113/><E109/><V86/><F75/><W95/><G107/><T97/><D125/><U51/><E35/><V102/><F30/><W13/><G72/><T9/><D77/><U29/><E131/><V57/><F70/><W15/><G112/><T4/><D69/><U52/><E113/><V59/><F104/><W47/><G108/><T32/><D66/><U80/><E133/><V73/><F73/><W50/><G78/><T36/><D36/><U116/><E116/><V60/><F59/><W55/><G55/><T134/><D134/><U14/><E14/><V53/><F53/><W1/><G17/><T7/><D18/><U92/><E80/><V21/><F21/><W91/><G91/><T96/><D27/><U132/><E132/><V119/><F119/><W39/><G39/><T94/><D97/><N who="1" m="57487" /><E71/><V64/><F115/><W58/><G1/><T8/><N who="0" m="1024" /><DORA hai="63" /><T28/><REACH who="0" step="1"/><D28/><REACH who="0" ten="185,192,253,360" step="2"/><U82/><E82/><V38/><F38/><W129/><G129/><T106/><D106/><U100/><E65/><V16/><F67/><W81/><G26/><T76/><D76/><U11/><E11/><V12/><F110/><W121/><G25/><T84/><D84/><U3/><E3/><V10/><F86/><W118/><G123/><T114/><D114/><U126/><E126/><V135/><F135/><W54/><G122/><T31/><D31/><U74/><E74/><V41/><F79/><N who="3" m="46271" /><G121/><T46/><D46/><U130/><E130/><RYUUKYOKU ba="0,1" sc="185,10,192,10,253,10,360,-30" hai0="8,9,32,33,34,45,49,94,96,101" hai1="20,24,29,44,51,52,88,93,98,100" hai2="10,12,16,19,23,41,42,43,57,60,64,102,103" owari="195,-30.5,202,-19.8,263,6.3,340,44.0" /></mjloggm>