<mjloggm ver="2.3"><GO type="169" lobby="0"/><UN n0="%42%65%6E%63%68%69%6E%67" n1="%E3%81%BE%E3%81%A1%E3%81%8A" n2="%E3%81%93%E3%81%A1" n3="%44%61%6C%69" dan="16,16,16,17" rate="2089.12,2174.15,2197.09,2186.46" sx="M,M,F,M"/><TAIKYOKU oya="0"/><INIT seed="0,0,0,0,4,71" ten="250,250,250,250" oya="0" hai0="108,77,115,106,128,104,91,12,22,102,129,19,3" hai1="1,16,92,120,25,112,70,96,43,31,134,11,38" hai2="72,36,110,29,114,81,119,42,85,90,65,28,24" hai3="86,83,41,126,78,116,50,132,74,58,88,20,80"/><T34/><D115/><U89/><E120/><V84/><F114/><W5/><G116/><T46/><D34/><U109/><E112/><V66/><F72/><W35/><G35/><T37/><D3/><U9/><E70/><V111/><F119/><W10/><G132/><T52/><D108/><N who="2" m="41514" /><F85/><W135/><G135/><T76/><D91/><U45/><E134/><V6/><F6/><W60/><G126/><T8/><D22/><U32/><E109/><V56/><F56/><W59/><G20/><T7/><D19/><U13/><REACH who="1" step="1"/><E1/><REACH who="1" ten="250,240,250,250" step="2"/><V55/><F55/><W87/><G74/><T15/><D52/><U113/><E113/><V57/><F65/><W97/><G60/><T79/><D129/><U101/><E101/><V93/><F66/><W30/><G30/><T17/><D102/><U103/><E103/><V63/><F63/><W33/><G33/><T23/><REACH who="0" step="1"/><D128/><REACH who="0" ten="240,240,250,250" step="2"/><U53/><E53/><V68/><F28/><W62/><G62/><T0/><D0/><U61/><E61/><V118/><F29/><W18/><G18/><T69/><D69/><U48/><E48/><V125/><F68/><W123/><G50/><T122/><D122/><U82/><E82/><V21/><F81/><W75/><G123/><T2/><D2/><U107/><E107/><V49/><F49/><W105/><G83/><T131/><D131/><U54/><E54/><V127/><F118/><W73/><G80/><T94/><D94/><U133/><E133/><V130/><F130/><W4/><G105/><T121/><D121/><U99/><E99/><V27/><F93/><W40/><G97/><RYUUKYOKU ba="0,2" sc="240,15,240,15,250,-15,250,-15" hai0="7,8,12,15,17,23,37,46,76,77,79,104,106" hai1="9,11,13,16,25,31,32,38,43,45,89,92,96" /><INIT seed="0,1,2,1,3,67" ten="255,255,235,235" oya="0" hai0="26,8,118,88,54,60,94,122,0,100,101,90,116" hai1="133,5,32,134,83,126,46,117,53,119,3,35,16" hai2="121,77,19,24,79,132,113,9,13,43,6,1,2" hai3="108,58,47,103,37,48,82,74,66,129,93,63,123"/><T59/><D122/><U130/><E83/><V61/><F121/><W99/><G108/><T102/><D26/><U87/><E87/><V78/><F113/><W98/><G129/><T10/><D90/><U56/><E46/><V106/><F106/><W31/><G123/><T72/><D72/><U12/><E56/><V57/><F132/><N who="1" m="50793" /><E53/><V51/><F24/><W49/><G31/><T105/><D105/><U125/><E5/><V109/><F109/><W89/><G37/><T110/><D110/><U23/><E3/><V131/><F131/><W73/><G49/><T96/><REACH who="0" step="1"/><D0/><REACH who="0" ten="245,255,235,235" step="2"/><U22/><E130/><V4/><F2/><W42/><REACH who="3" step="1"/><G82/><REACH who="3" ten="245,255,235,225" step="2"/><T25/><D25/><U135/><E135/><V15/><F1/><W45/><G45/><T112/><D112/><U84/><E117/><AGARI ba="1,4" hai="8,10,54,59,60,88,94,96,100,101,102,116,117,118" machi="117" ten="40,3900,0" yaku="1,1,54,1,53,0" doraHai="67" doraHaiUra="38" who="0" fromWho="1" sc="245,82,255,-42,235,0,225,0" /><INIT seed="0,2,0,0,0,75" ten="327,213,235,225" oya="0" hai0="77,34,133,93,57,29,52,10,86,124,125,76,115" hai1="70,117,122,81,44,121,0,2,91,96,129,116,109" hai2="79,64,9,55,100,83,39,131,85,90,23,25,98" hai3="6,26,103,119,7,60,87,132,33,37,43,112,36"/><T67/><D115/><U16/><E70/><V19/><F131/><W56/><G119/><T82/><D133/><U54/><E129/><V38/><F64/><W74/><G74/><T102/><D67/><U65/><E109/><V97/><F97/><W127/><G127/><N who="0" m="48715" /><D10/><U12/><E65/><V3/><F90/><W35/><G112/><T106/><D106/><U104/><E117/><V84/><F84/><W13/><G103/><T88/><D29/><U20/><E116/><V71/><F71/><W58/><G87/><T101/><D34/><U135/><E135/><V47/><F47/><W24/><G132/><T17/><D17/><U120/><E104/><V30/><F55/><W40/><REACH who="3" step="1"/><G13/><REACH who="3" ten="327,213,235,215" step="2"/><T108/><D108/><U94/><REACH who="1" step="1"/><E81/><REACH who="1" ten="327,203,235,215" step="2"/><V66/><F83/><W107/><G107/><T73/><D76/><U5/><E5/><V72/><F79/><W89/><G89/><T92/><D92/><U123/><N who="1" m="30720" /><DORA hai="18" /><U51/><AGARI ba="2,2" hai="0,2,12,16,20,44,51,54,91,94,96" m="30720" machi="51" ten="60,16000,3" yaku="1,1,4,1,0,1,52,1,54,1,53,4" doraHai="75,18" doraHaiUra="31,118" who="1" fromWho="1" sc="327,-82,203,186,235,-42,215,-42" /><INIT seed="1,0,0,3,1,130" ten="245,389,193,173" oya="1" hai0="47,74,16,119,120,110,23,85,34,1,19,59,116" hai1="29,121,96,125,108,61,91,50,97,51,87,18,67" hai2="114,25,5,42,45,115,84,80,82,111,10,2,48" hai3="28,78,83,135,93,106,132,54,7,3,103,69,86"/><U79/><E121/><V39/><F111/><W134/><G69/><T73/><D110/><U6/><E108/><V20/><F39/><W62/><G28/><T21/><D34/><U101/><E125/><V117/><F117/><W124/><G124/><T52/><D1/><U15/><E79/><V46/><F46/><W33/><G33/><T40/><D120/><U77/><E77/><V100/><F100/><W14/><G3/><T60/><D74/><U112/><E6/><V35/><F35/><W64/><G54/><T27/><D73/><U43/><E29/><V109/><F109/><W90/><G7/><T53/><D85/><U129/><E129/><V70/><F70/><N who="3" m="42263" /><G14/><T0/><D0/><U44/><E112/><N who="2" m="43051" /><F84/><N who="3" m="52423" /><G103/><T37/><REACH who="0" step="1"/><D53/><REACH who="0" ten="235,389,193,173" step="2"/><U57/><E87/><V88/><F88/><W9/><G9/><T56/><D56/><U17/><E91/><V13/><F2/><W58/><G58/><T75/><D75/><U38/><E97/><V30/><AGARI ba="0,1" hai="5,10,13,20,25,30,42,45,48,80,82" m="43051" machi="30" ten="30,1100,0" yaku="11,1" doraHai="130" who="2" fromWho="2" sc="235,-3,389,-5,193,21,173,-3" /><INIT seed="2,0,0,3,3,104" ten="232,384,214,170" oya="2" hai0="102,67,7,113,65,15,80,72,118,87,39,120,2" hai1="94,58,85,111,128,13,23,12,130,81,69,27,125" hai2="37,134,41,71,0,43,90,17,46,84,73,75,29" hai3="121,98,108,101,22,91,32,132,40,52,53,26,70"/><V35/><F71/><W89/><G121/><T99/><D120/><U119/><E69/><V9/><F134/><W100/><G108/><T83/><D113/><U97/><E119/><V112/><F112/><W116/><G116/><T77/><D118/><U45/><E111/><V124/><F124/><W82/><G132/><T127/><D127/><U3/><E3/><V109/><F43/><W33/><G40/><T68/><D39/><U76/><E125/><V30/><F109/><W14/><G70/><T62/><D65/><U54/><E45/><V135/><F135/><W56/><G14/><T66/><D66/><U34/><E34/><V115/><F115/><W25/><G82/><T78/><D15/><U63/><E130/><V11/><F17/><W96/><G22/><T59/><D59/><AGARI ba="0,0" hai="25,26,32,33,52,53,56,59,89,91,96,98,100,101" machi="59" ten="25,3200,0" yaku="22,2,54,1" doraHai="104" who="3" fromWho="0" sc="232,-32,384,0,214,0,170,32" /><INIT seed="3,0,0,1,4,94" ten="200,384,214,202" oya="3" hai0="121,119,24,38,126,25,133,23,64,88,66,27,5" hai1="13,37,101,80,118,20,107,68,63,35,11,22,96" hai2="103,46,74,129,40,54,91,47,50,132,51,76,59" hai3="98,8,84,127,6,120,30,77,49,67,112,7,93"/><W86/><G120/><T14/><D119/><U31/><E37/><V113/><F74/><W125/><G112/><T45/><D121/><U71/><E80/><V135/><F76/><W56/><G30/><T79/><D133/><N who="2" m="51274" /><F91/><W115/><G115/><T114/><D114/><U117/><E71/><V100/><F113/><W108/><G108/><T48/><D79/><U19/><E118/><V36/><F129/><W34/><G34/><T61/><D38/><U17/><E17/><V131/><F131/><W12/><G7/><T33/><D33/><U10/><E10/><V53/><F103/><W4/><G4/><T99/><D126/><N who="3" m="48137" /><G77/><T1/><D1/><U60/><E60/><N who="2" m="35951" /><F100/><N who="3" m="60495" /><G67/><T102/><D102/><U43/><E117/><V57/><F47/><W0/><G0/><T128/><D128/><U16/><E19/><V106/><F106/><W123/><G123/><T70/><D64/><N who="1" m="40991" /><E43/><V95/><F95/><W18/><G6/><T110/><D110/><U28/><E28/><V124/><F124/><W29/><G29/><T85/><D5/><U9/><E9/><V97/><F97/><W83/><G83/><N who="0" m="49215" /><D99/><U87/><E87/><V89/><F89/><W2/><G2/><T73/><D73/><U21/><E11/><V75/><F75/><W92/><G92/><T55/><D23/><U104/><E104/><V15/><F36/><W41/><G86/><T78/><D78/><U81/><E81/><V52/><F15/><W122/><G122/><T116/><D116/><U111/><E111/><V42/><AGARI ba="0,0" hai="40,42,46,50,51,52,54,57" m="35951,51274" machi="42" ten="30,7900,0" yaku="20,1,34,2,54,1" doraHai="94" who="2" fromWho="2" sc="200,-20,384,-20,214,79,202,-39" /><INIT seed="4,0,0,1,0,45" ten="180,364,293,163" oya="0" hai0="83,88,76,128,12,22,126,25,11,67,2,65,81" hai1="69,19,80,58,14,91,94,49,36,59,39,30,35" hai2="23,102,92,1,63,15,50,62,93,135,57,109,77" hai3="107,132,54,70,60,28,112,33,52,44,133,27,113"/><T29/><D128/><U100/><E69/><V78/><F109/><W46/><G107/><T130/><D126/><U115/><E115/><N who="3" m="44106" /><G70/><T121/><D121/><U10/><E100/><V98/><F1/><W108/><G108/><T104/><D104/><U17/><E80/><V21/><F135/><N who="3" m="51787" /><G60/><T131/><D2/><U53/><E35/><V61/><F92/><W73/><G73/><T120/><D120/><U127/><E30/><V26/><F15/><W84/><G84/><N who="0" m="50191" /><D131/><U123/><E123/><V82/><F82/><W42/><G46/><T38/><D38/><AGARI ba="0,0" hai="27,28,33,38,42,44,52,54" m="51787,44106" machi="38" ten="30,3900,0" yaku="15,1,20,1,54,1" doraHai="45" who="3" fromWho="0" sc="180,-39,364,0,293,0,163,39" /><INIT seed="5,0,0,0,0,46" ten="141,364,293,202" oya="1" hai0="6,121,112,83,26,110,13,100,79,94,63,24,22" hai1="7,37,66,58,55,92,14,103,105,31,9,133,86" hai2="96,118,101,39,85,98,38,131,51,68,50,90,70" hai3="88,29,107,48,129,125,78,122,44,124,108,11,42"/><U77/><E37/><V114/><F118/><W72/><G108/><T19/><D110/><U47/><E133/><V2/><F2/><W5/><G122/><T102/><D112/><U71/><E105/><V62/><F114/><W116/><G107/><T41/><D121/><U84/><E31/><V0/><F0/><W15/><G116/><T32/><D32/><U60/><E77/><V120/><F120/><W4/><G29/><T75/><D41/><U113/><E113/><V3/><F3/><W25/><G25/><T61/><D6/><U111/><E111/><V30/><F30/><W123/><G123/><T115/><D115/><U76/><E76/><V54/><F54/><W35/><G35/><T127/><D127/><N who="3" m="48713" /><G129/><T135/><D135/><U67/><E47/><V91/><F62/><W52/><G5/><T59/><D61/><U134/><E134/><V89/><F89/><W21/><G21/><T57/><D57/><U12/><E12/><V56/><F56/><W45/><G88/><T40/><D40/><U49/><E67/><V34/><F34/><W18/><G4/><T74/><D74/><U130/><E130/><V82/><F131/><W33/><G33/><T93/><D100/><U117/><E117/><V69/><F91/><W73/><G78/><T97/><REACH who="0" step="1"/><D93/><REACH who="0" ten="131,364,293,202" step="2"/><U28/><E92/><V119/><F119/><W23/><G11/><T126/><D126/><U17/><E103/><V1/><F101/><W87/><G87/><N who="1" m="33322" /><E7/><V132/><F132/><W99/><G99/><N who="2" m="37929" /><F1/><W81/><G81/><T27/><D27/><U16/><E9/><V53/><F82/><RYUUKYOKU ba="0,1" sc="131,15,364,-15,293,-15,202,15" hai0="13,19,22,24,26,59,63,75,79,83,94,97,102" hai3="15,18,23,42,44,45,48,52,72,73" /><INIT seed="6,1,1,1,5,35" ten="146,349,278,217" oya="2" hai0="74,88,44,127,130,99,126,133,64,108,11,54,110" hai1="37,102,39,113,73,75,38,63,91,50,65,93,22" hai2="82,121,42,3,85,16,41,29,132,17,33,9,12" hai3="6,59,49,13,135,107,84,117,97,119,19,21,36"/><V55/><F121/><W24/><G36/><T15/><D64/><U46/><E102/><V118/><F118/><W32/><G135/><T68/><D68/><U27/><E113/><V23/><F132/><W90/><G107/><T131/><D133/><U43/><E93/><V95/><F95/><W31/><G97/><T28/><D28/><U4/><E91/><V101/><F101/><W1/><G59/><T103/><D54/><U8/><E63/><V92/><F92/><N who="3" m="54343" /><G49/><T62/><D44/><U47/><E65/><V128/><F128/><N who="0" m="49194" /><D62/><U0/><REACH who="1" step="1"/><E47/><REACH who="1" ten="146,339,278,217" step="2"/><V61/><F61/><W51/><G51/><T14/><D103/><U48/><E48/><V80/><F80/><W109/><G109/><N who="0" m="42091" /><D74/><U2/><E2/><V122/><F3/><W30/><G30/><AGARI ba="1,2" hai="0,4,8,22,27,30,37,38,39,43,46,50,73,75" machi="30" ten="40,2600,0" yaku="1,1,52,1,53,0" doraHai="35" doraHaiUra="116" who="1" fromWho="3" sc="146,0,339,49,278,0,217,-29" /><INIT seed="7,0,0,2,5,116" ten="146,388,278,188" oya="3" hai0="103,21,26,41,91,18,90,125,58,94,112,104,46" hai1="92,11,39,53,51,128,50,7,101,61,100,52,95" hai2="54,48,63,129,6,85,75,82,1,2,62,106,55" hai3="49,131,34,122,78,93,8,47,88,20,40,27,123"/><W45/><G34/><T96/><D125/><U121/><E121/><V59/><F106/><W134/><G131/><T33/><D112/><U65/><E39/><V9/><F129/><W16/><G134/><T89/><D33/><U12/><E128/><V22/><F75/><W15/><G47/><T87/><REACH who="0" step="1"/><D58/><REACH who="0" ten="136,388,278,188" step="2"/><N who="1" m="37047" /><E53/><V17/><F55/><W0/><G0/><T13/><D13/><U102/><E51/><V38/><F2/><W117/><G117/><T68/><D68/><U32/><E32/><V118/><F118/><W28/><G78/><T98/><D98/><AGARI ba="0,1" hai="8,15,16,20,27,28,40,45,49,88,93,98,122,123" machi="98" ten="30,12000,1" yaku="7,1,52,2,54,2" doraHai="116" who="3" fromWho="0" sc="136,-120,388,0,278,0,188,130" /><INIT seed="7,1,0,1,5,14" ten="16,388,278,318" oya="3" hai0="108,98,90,35,70,81,61,119,110,73,20,67,48" hai1="28,82,39,12,65,80,128,124,117,102,64,56,122" hai2="53,86,111,46,125,19,37,120,116,92,51,43,30" hai3="1,131,33,83,38,62,63,94,41,74,54,85,118"/><W84/><G118/><T88/><D35/><U75/><E122/><V52/><F116/><W93/><G1/><T40/><D119/><U23/><E117/><V103/><F111/><W106/><G106/><T134/><D134/><U127/><E39/><V78/><F120/><W8/><G33/><T69/><D73/><U126/><E128/><V16/><F125/><W76/><G131/><T7/><D7/><U42/><E42/><V114/><F114/><W133/><G133/><T89/><D110/><U55/><E102/><V13/><F30/><W68/><G38/><T3/><D3/><U6/><E28/><V77/><F37/><W107/><G107/><T10/><D10/><N who="1" m="4183" /><E23/><V101/><F101/><W11/><G41/><T100/><D108/><U97/><E97/><N who="2" m="59815" /><F86/><W66/><G74/><T34/><D34/><U31/><E31/><V96/><F96/><W2/><G2/><T60/><D100/><U95/><E95/><V115/><F115/><W59/><G94/><T129/><D129/><U104/><E104/><V58/><F43/><W50/><G63/><T44/><D98/><U132/><E132/><V121/><F121/><W72/><G72/><T24/><D81/><N who="1" m="31339" /><E75/><V71/><F71/><W27/><G27/><T5/><D5/><U4/><E4/><V109/><F109/><W32/><G32/><T112/><D112/><U79/><E79/><N who="2" m="30219" /><F13/><W26/><G26/><T17/><D89/><U87/><E87/><V29/><F29/><W45/><G68/><T21/><D21/><U113/><E113/><V91/><F91/><AGARI ba="1,0" hai="8,11,45,50,54,59,62,66,76,83,84,85,91,93" machi="91" ten="40,2000,0" yaku="8,1" doraHai="14" who="3" fromWho="2" sc="16,0,388,0,278,-23,318,23" /><INIT seed="7,2,0,3,2,6" ten="16,388,255,341" oya="3" hai0="18,9,96,78,87,130,103,32,49,80,85,114,102" hai1="77,120,34,108,92,29,12,110,67,133,22,40,1" hai2="27,128,13,119,23,41,37,50,91,53,59,19,5" hai3="28,45,46,7,24,94,66,62,48,90,42,44,135"/><W89/><G135/><T35/><D35/><U17/><E120/><V4/><F128/><W11/><G90/><T82/><D32/><U129/><E40/><V3/><F3/><W14/><G89/><T98/><D49/><U39/><E39/><V93/><F119/><W51/><G94/><T8/><D18/><U113/><E129/><V63/><F37/><W112/><G112/><T115/><REACH who="0" step="1"/><D78/><REACH who="0" ten="6,388,255,341" step="2"/><U74/><E77/><V111/><F111/><W61/><G51/><T75/><D75/><U123/><E17/><V15/><F5/><W116/><G116/><T125/><D125/><U16/><E16/><V84/><F4/><W31/><G31/><T86/><D86/><U88/><E29/><V57/><F41/><W26/><G62/><T81/><D81/><U2/><E110/><V68/><F68/><W70/><REACH who="3" step="1"/><G26/><REACH who="3" ten="6,388,255,331" step="2"/><T109/><D109/><U20/><E108/><V76/><REACH who="2" step="1"/><F76/><REACH who="2" ten="6,388,245,331" step="2"/><W73/><G73/><T38/><D38/><U47/><E74/><V106/><F106/><W64/><G64/><AGARI ba="2,3" hai="13,15,19,23,27,50,53,57,59,63,64,84,91,93" machi="64" ten="30,3900,0" yaku="1,1,7,1,8,1,53,0" doraHai="6" doraHaiUra="36" who="2" fromWho="3" sc="6,0,388,0,245,75,331,-45" owari="6,-49.4,388,48.8,320,12.0,286,-11.4" /></mjloggm>