<mjloggm ver="2.3"><GO type="225" lobby="0"/><UN n0="%E3%81%8B%E3%82%8F%E3%81%A1%E3%82%83%E3%82%93%35%38" n1="%70%6F%69%73%6F%6E%30%32" n2="%E6%A1%9C%E8%8A%B1%E9%96%83%E3%80%85" n3="%E3%81%BD%E3%81%A1%E3%81%9F%E3%81%93%E3%82%84" dan="16,16,16,17" rate="2125.20,2118.78,2203.47,2127.92" sx="M,M,M,M"/><TAIKYOKU oya="0"/><INIT seed="0,0,0,0,1,118" ten="250,250,250,250" oya="0" hai0="38,123,89,69,106,14,52,68,5,129,70,93,117" hai1="23,40,35,42,65,46,55,81,58,125,10,108,53" hai2="110,57,71,85,62,127,121,91,43,135,61,4,8" hai3="15,130,1,116,37,83,111,87,67,94,77,66,30"/><T33/><D117/><U51/><E108/><V17/><F110/><W54/><G1/><T95/><D106/><U28/><E35/><V78/><F127/><W112/><G37/><T25/><D38/><U59/><E125/><V96/><F135/><W19/><G112/><T24/><D129/><U122/><E122/><V44/><F71/><W16/><G116/><T132/><D132/><U74/><E10/><V20/><F96/><W48/><G130/><T9/><D123/><U124/><E124/><V120/><F78/><W64/><G111/><T47/><D33/><U80/><E65/><V45/><F62/><W84/><G30/><T86/><REACH who="0" step="1"/><D93/><REACH who="0" ten="240,250,250,250" step="2"/><U3/><E74/><V7/><F121/><W92/><G87/><T100/><D100/><U26/><E3/><V98/><F85/><W99/><G99/><T18/><D18/><U114/><E114/><V13/><F17/><N who="3" m="6731" /><G15/><T60/><D60/><N who="1" m="35919" /><E42/><V107/><F43/><W27/><G27/><T104/><D104/><U90/><E40/><V76/><F120/><W11/><G11/><T72/><D72/><U22/><E28/><V109/><F109/><W113/><G113/><T12/><D12/><U21/><E26/><V103/><F13/><W75/><G75/><T126/><D126/><U102/><E102/><V101/><F101/><W119/><G119/><T134/><D134/><U50/><E90/><V63/><F103/><W29/><G29/><T6/><D6/><U41/><AGARI ba="0,1" hai="21,22,23,41,46,50,51,55,59,80,81" m="35919" machi="41" ten="30,1100,0" yaku="8,1" doraHai="118" who="1" fromWho="1" sc="240,-5,250,21,250,-3,250,-3" /><INIT seed="1,0,0,3,3,131" ten="235,271,247,247" oya="1" hai0="70,3,67,121,60,114,106,77,26,32,13,42,76" hai1="129,103,78,133,54,95,99,113,43,115,65,7,84" hai2="0,40,19,24,68,58,52,12,128,116,22,66,51" hai3="34,35,11,85,18,72,74,86,69,125,9,91,112"/><U108/><E129/><V117/><F128/><W80/><G69/><T119/><D3/><U122/><E122/><V97/><F0/><W127/><G112/><T100/><D114/><U50/><E7/><V5/><F40/><W29/><G86/><T87/><D119/><U37/><E65/><V73/><F73/><N who="3" m="28267" /><G29/><N who="0" m="19511" /><D121/><U10/><E10/><N who="3" m="3594" /><G18/><T41/><D13/><U88/><E78/><N who="0" m="30313" /><D87/><U63/><E63/><V64/><F5/><W47/><G47/><T81/><D81/><U38/><E43/><V27/><F97/><AGARI ba="0,0" hai="41,42,60,67,70,97,100,106" m="30313,19511" machi="97" ten="30,1000,0" yaku="25,1" doraHai="131" who="0" fromWho="2" sc="235,10,271,0,247,-10,247,0" /><INIT seed="2,0,0,3,2,83" ten="245,271,237,247" oya="2" hai0="119,112,89,80,19,117,1,4,124,51,15,0,14" hai1="41,115,63,74,54,93,18,104,48,103,110,65,108" hai2="7,40,53,66,2,98,5,128,113,67,78,8,92" hai3="56,122,64,59,61,106,37,30,126,75,72,130,79"/><V45/><F113/><W87/><G122/><T38/><D38/><U55/><E74/><V99/><F128/><W3/><G106/><T49/><D112/><U52/><E104/><V91/><F78/><W73/><G3/><N who="0" m="1099" /><D124/><U27/><E27/><V11/><F53/><W121/><G121/><T71/><D71/><N who="1" m="42431" /><E18/><V127/><F127/><W101/><G101/><T68/><D68/><U81/><E81/><V26/><F26/><W34/><G37/><T69/><D69/><U39/><E93/><V131/><F131/><W60/><G130/><T116/><D4/><U111/><E103/><V33/><F33/><W97/><G97/><T22/><D14/><U9/><E9/><V84/><F8/><W133/><G126/><T77/><D89/><U50/><E115/><V90/><F7/><W102/><G102/><T21/><D22/><U70/><E70/><V95/><REACH who="2" step="1"/><F98/><REACH who="2" ten="245,271,227,247" step="2"/><W96/><G96/><T62/><D77/><U100/><E100/><V29/><F29/><W23/><G34/><T43/><D117/><U12/><E12/><V58/><F58/><W57/><G60/><T28/><D119/><U123/><E123/><V132/><F132/><W118/><G118/><T109/><D116/><U31/><E31/><V105/><F105/><W36/><G61/><T16/><D28/><U32/><E32/><V76/><F76/><W85/><G30/><T125/><D125/><U88/><E88/><V10/><F10/><W135/><G79/><T13/><D62/><U42/><E42/><V17/><F17/><N who="0" m="6730" /><D43/><U47/><AGARI ba="0,1" hai="39,41,47,48,50,52,54,55,108,110,111" m="42431" machi="47" ten="40,8000,1" yaku="14,1,34,2,54,1" doraHai="83" who="1" fromWho="1" sc="245,-20,271,90,227,-40,247,-20" /><INIT seed="3,0,0,5,1,29" ten="225,361,187,227" oya="3" hai0="15,9,134,105,13,65,119,123,53,27,58,72,8" hai1="108,16,74,113,50,25,116,117,36,34,96,80,103" hai2="23,97,89,20,120,101,100,112,127,131,22,6,93" hai3="52,110,129,3,14,43,130,42,62,106,41,94,59"/><W49/><G3/><T121/><D105/><U91/><E108/><V28/><F112/><W30/><G106/><T64/><D72/><U7/><E36/><V2/><F127/><W24/><G110/><T63/><D119/><N who="1" m="45643" /><E7/><V81/><F131/><W0/><G0/><T83/><D134/><U38/><E38/><V87/><F120/><W51/><G14/><N who="0" m="5131" /><D123/><U122/><E122/><V85/><F2/><W115/><G115/><T45/><D121/><U57/><E91/><V40/><F40/><W1/><G1/><T118/><D118/><U44/><E57/><V17/><F6/><W86/><G129/><T132/><D132/><U79/><E34/><V109/><F109/><W56/><G130/><T84/><D27/><U46/><E50/><V73/><F28/><W77/><G59/><T12/><D45/><U102/><E102/><V54/><F73/><W76/><G76/><N who="0" m="46183" /><D8/><U33/><E33/><V31/><F31/><W135/><G135/><T78/><D78/><U35/><E35/><V90/><F17/><AGARI ba="0,0" hai="9,12,17,53,58,63,64,65" m="46183,5131" machi="17" ten="30,1000,0" yaku="8,1" doraHai="29" who="0" fromWho="2" sc="225,10,361,0,187,-10,227,0" owari="235,3.5,361,46.1,177,-32.3,227,-17.3" /></mjloggm>