<mjloggm ver="2.3"><GO type="169" lobby="0"/><UN n0="%E6%A4%9B%E5%8D%97" n1="%E3%81%AF%E3%81%84%E3%82%8C%E3%81%AB%E3%82%83%E3%82%93" n2="%43%68%61%72%6F%2E" n3="%E4%BC%8A%E5%8B%A2%E3%81%AE%E3%82%B3%E3%83%AD%E3%83%83%E3%82%B1%E5%B1%8B" dan="18,16,17,16" rate="2216.05,2044.02,2187.43,2088.37" sx="F,M,M,M"/><TAIKYOKU oya="0"/><INIT seed="0,0,0,2,5,2" ten="250,250,250,250" oya="0" hai0="14,122,5,29,116,57,64,10,46,69,25,74,99" hai1="109,63,97,95,132,113,93,17,60,27,129,82,36" hai2="115,127,126,34,98,33,30,78,114,135,117,20,18" hai3="47,52,89,39,91,11,13,26,19,65,41,37,96"/><T67/><D116/><U100/><E109/><V110/><F78/><W31/><G65/><T94/><D122/><U81/><E129/><V66/><F66/><W134/><G134/><T102/><D74/><U87/><E132/><V76/><F76/><W12/><G39/><T4/><D69/><U123/><E123/><V73/><F73/><W83/><G96/><T53/><D46/><U48/><E36/><V108/><F98/><W54/><G13/><T35/><REACH who="0" step="1"/><D5/><REACH who="0" ten="240,250,250,250" step="2"/><U55/><E113/><V0/><F117/><W125/><G125/><T84/><D84/><U101/><E87/><V24/><F135/><W70/><G70/><T92/><D92/><U38/><E95/><V9/><F115/><W71/><G71/><T42/><D42/><U119/><E119/><V85/><F114/><W8/><G83/><T112/><D112/><U15/><E82/><V106/><F85/><W128/><G128/><T75/><D75/><U58/><E81/><V23/><F106/><W111/><G111/><N who="2" m="42537" /><F127/><W124/><G124/><T21/><D21/><U86/><E86/><V105/><F105/><W50/><G8/><T62/><AGARI ba="0,1" hai="4,10,14,25,29,35,53,57,62,64,67,94,99,102" machi="62" ten="20,12000,1" yaku="1,1,0,1,7,1,52,1,53,1" doraHai="2" doraHaiUra="88" who="0" fromWho="0" sc="240,130,250,-40,250,-40,250,-40" /><INIT seed="0,1,0,5,1,47" ten="370,210,210,210" oya="0" hai0="108,41,46,89,20,73,19,69,132,9,96,13,86" hai1="107,128,37,27,106,34,23,3,97,35,81,93,30" hai2="8,110,4,125,29,18,122,123,78,44,49,26,60" hai3="32,70,57,77,91,68,58,52,55,67,33,10,131"/><T61/><D132/><U104/><E128/><V79/><F110/><W75/><G131/><T25/><D108/><U111/><E111/><V11/><F125/><W116/><G116/><T94/><D73/><U119/><E119/><V95/><F60/><W92/><G10/><T50/><D69/><U118/><E118/><V74/><F95/><W88/><G67/><T56/><D86/><U51/><E37/><V53/><F18/><W39/><G39/><T135/><D135/><U115/><E3/><V62/><F62/><W66/><G66/><T121/><D121/><U112/><E81/><V14/><F11/><W105/><G105/><T15/><D9/><U99/><E51/><V117/><F117/><W134/><G134/><T109/><D109/><U126/><E126/><V133/><F133/><W38/><G38/><T130/><D130/><U64/><E64/><AGARI ba="1,0" hai="13,15,19,20,25,41,46,50,56,61,64,89,94,96" machi="64" ten="30,5800,0" yaku="7,1,8,1,52,1" doraHai="47" who="0" fromWho="1" sc="370,61,210,-61,210,0,210,0" /><INIT seed="0,2,0,3,5,47" ten="431,149,210,210" oya="0" hai0="64,28,18,81,58,42,52,0,59,21,30,131,17" hai1="22,71,13,124,48,85,113,11,112,119,43,72,5" hai2="90,122,46,10,25,89,133,14,106,103,65,105,29" hai3="128,102,4,68,32,60,54,44,74,23,96,62,100"/><T107/><D131/><U101/><E119/><V35/><F122/><W7/><G32/><T55/><D107/><U66/><E72/><V20/><F133/><W50/><G74/><T6/><D42/><U87/><E124/><V33/><F65/><W88/><G128/><T80/><D64/><U82/><E101/><N who="3" m="39018" /><G68/><T12/><D0/><U121/><E121/><V27/><F46/><W26/><G4/><T83/><D18/><U61/><E22/><V118/><F118/><W51/><G7/><T84/><D84/><U45/><REACH who="1" step="1"/><E87/><REACH who="1" ten="431,139,210,210" step="2"/><V126/><F103/><W56/><G96/><T115/><D115/><U49/><E49/><V94/><F126/><W75/><G75/><T2/><D2/><U86/><E86/><V34/><F106/><W123/><G123/><T129/><D129/><U135/><E135/><V97/><F105/><W111/><G111/><T95/><D95/><U132/><E132/><V70/><F33/><W79/><G79/><AGARI ba="2,1" hai="5,11,13,43,45,48,61,66,71,79,82,85,112,113" machi="79" ten="40,8000,1" yaku="1,1,25,2,52,1,53,1" doraHai="47" doraHaiUra="1" who="1" fromWho="3" sc="431,0,139,96,210,0,210,-86" /><INIT seed="1,0,0,0,5,111" ten="431,235,210,124" oya="1" hai0="27,29,74,43,120,75,108,135,35,107,56,126,49" hai1="67,24,99,97,91,63,65,42,61,39,45,81,33" hai2="23,79,73,121,62,127,80,34,22,116,37,64,59" hai3="38,133,0,84,112,21,89,10,118,1,119,12,110"/><U98/><E81/><V18/><F121/><W6/><G38/><T103/><D108/><U105/><E91/><V124/><F116/><N who="3" m="44587" /><G110/><T7/><D7/><U102/><E63/><V52/><F34/><W134/><G112/><T125/><D103/><U44/><E67/><V2/><F2/><N who="3" m="1131" /><G21/><T30/><D107/><U15/><E15/><V8/><F37/><W26/><G26/><T129/><D27/><U88/><E45/><V53/><F8/><W4/><G4/><T94/><D35/><U20/><E88/><V130/><F23/><W104/><G104/><T96/><D126/><N who="2" m="48170" /><F130/><W78/><G78/><T60/><D129/><U122/><E122/><V123/><F123/><W3/><N who="3" m="1139" /><W51/><DORA hai="19" /><G51/><T31/><D49/><U132/><E132/><N who="3" m="50794" /><G89/><T40/><D135/><U28/><REACH who="1" step="1"/><E20/><REACH who="1" ten="431,225,210,124" step="2"/><V46/><F46/><W58/><G58/><AGARI ba="0,1" hai="24,28,33,39,42,44,58,61,65,97,98,99,102,105" machi="58" ten="30,5800,0" yaku="1,1,2,1,7,1,53,0" doraHai="111,19" doraHaiUra="48,11" who="1" fromWho="3" sc="431,0,225,68,210,0,124,-58" /><INIT seed="1,1,0,4,5,24" ten="431,293,210,66" oya="1" hai0="16,25,72,78,82,79,62,88,28,64,38,34,109" hai1="76,13,1,49,104,121,135,11,45,98,46,27,90" hai2="47,94,105,33,39,59,113,2,58,70,81,31,106" hai3="4,118,54,26,122,52,112,63,0,114,115,41,74"/><U92/><E121/><V87/><F70/><W6/><G74/><T95/><D109/><U125/><E125/><V100/><F2/><W44/><G122/><T80/><D38/><U120/><E120/><V103/><F113/><W73/><G73/><T71/><D16/><U69/><E69/><V12/><F12/><W101/><G118/><T8/><D8/><U99/><E1/><V10/><F10/><W51/><G101/><T20/><D34/><U117/><E135/><V35/><F39/><W132/><G132/><T14/><D14/><U129/><E129/><V53/><F47/><W23/><G0/><T133/><D133/><U22/><E76/><V15/><F94/><W84/><G84/><T96/><D80/><U37/><E37/><V60/><F15/><W93/><G93/><T65/><D65/><U119/><E99/><V17/><F17/><W110/><G110/><T111/><D111/><U66/><E46/><V86/><F53/><W5/><REACH who="3" step="1"/><G63/><REACH who="3" ten="431,293,210,56" step="2"/><T57/><D72/><U102/><E119/><V68/><F81/><W48/><G48/><T97/><D97/><U75/><E75/><V67/><F60/><W19/><AGARI ba="1,1" hai="4,5,6,19,23,26,41,44,51,52,54,112,114,115" machi="19" ten="40,5200,0" yaku="1,1,0,1,54,1,53,0" doraHai="24" doraHaiUra="61" who="3" fromWho="3" sc="431,-14,293,-27,210,-14,56,65" /><INIT seed="2,0,0,1,0,43" ten="417,266,196,121" oya="2" hai0="20,61,92,82,16,86,14,122,62,83,106,29,26" hai1="45,133,121,75,117,107,18,49,31,101,21,116,103" hai2="113,78,60,70,9,10,102,105,90,134,48,130,127" hai3="5,41,54,114,91,84,39,110,119,126,47,118,50"/><V1/><F113/><W40/><G110/><T88/><D106/><U109/><E109/><V19/><F78/><W12/><G126/><T123/><D123/><U0/><E0/><V7/><F127/><W65/><G114/><T22/><D122/><U42/><E121/><V33/><F33/><W74/><G74/><T38/><D38/><U64/><E75/><V6/><F130/><W56/><G41/><T72/><D72/><U2/><E2/><V79/><F79/><W8/><REACH who="3" step="1"/><G65/><REACH who="3" ten="417,266,196,111" step="2"/><T93/><D83/><AGARI ba="0,1" hai="5,8,12,39,40,47,50,54,56,83,84,91,118,119" machi="83" ten="30,7700,0" yaku="1,1,2,1,7,1,52,1,53,0" doraHai="43" doraHaiUra="13" who="3" fromWho="0" sc="417,-77,266,0,196,0,111,87" /><INIT seed="3,0,0,2,1,120" ten="340,266,196,198" oya="3" hai0="133,38,24,70,2,135,69,44,129,109,124,6,39" hai1="14,113,66,59,4,45,18,134,76,130,48,3,30" hai2="37,93,19,58,97,8,43,0,20,103,84,111,115" hai3="60,13,40,12,112,94,132,117,27,108,81,116,126"/><W68/><G112/><T63/><D129/><U46/><E113/><V9/><F115/><W62/><G132/><N who="0" m="50763" /><D124/><U42/><E134/><V55/><F111/><W86/><G126/><T36/><D109/><U110/><E130/><V31/><F31/><W101/><G108/><T56/><D24/><U99/><E3/><V28/><F28/><W34/><G117/><T73/><D73/><U128/><E128/><V16/><F0/><W71/><G116/><T75/><D75/><U85/><E4/><V32/><F32/><W72/><G72/><T11/><D44/><N who="1" m="25623" /><E99/><V1/><F1/><W106/><G40/><T50/><D50/><U35/><E30/><V121/><F121/><W54/><G34/><T82/><D82/><N who="1" m="47303" /><E35/><V26/><F19/><W125/><G125/><T95/><D95/><U64/><E64/><AGARI ba="0,0" hai="2,6,11,36,38,39,56,63,64,69,70" m="50763" machi="64" ten="40,1300,0" yaku="20,1" doraHai="120" who="0" fromWho="1" sc="340,13,266,-13,196,0,198,0" /><INIT seed="4,0,0,0,3,88" ten="353,253,196,198" oya="0" hai0="19,96,78,4,43,135,14,56,44,51,101,40,61" hai1="100,16,52,116,91,71,124,38,108,46,48,68,95" hai2="66,129,118,6,18,9,120,27,0,99,104,39,54" hai3="65,98,8,122,33,130,123,2,26,55,92,74,133"/><T72/><D135/><U115/><E108/><V109/><F109/><W117/><G74/><T21/><D4/><U15/><E116/><V93/><F120/><W80/><G117/><T119/><D119/><U125/><E100/><V62/><F129/><W131/><G65/><T97/><D43/><U132/><E115/><V31/><F39/><W22/><G33/><T28/><D28/><U75/><E75/><V70/><F18/><W23/><G80/><T50/><D50/><U60/><E38/><V64/><F64/><W34/><G55/><T121/><D97/><N who="1" m="57599" /><E60/><V73/><F73/><W90/><G34/><T17/><D17/><U126/><E132/><V36/><F36/><W35/><G35/><T82/><D121/><N who="3" m="46089" /><G133/><T69/><D69/><U13/><E13/><V10/><F10/><AGARI ba="0,0" hai="10,15,16,46,48,52,68,71,124,125,126" m="57599" machi="10" ten="30,7700,0" yaku="18,1,52,1,54,2" doraHai="88" who="1" fromWho="2" sc="353,0,253,77,196,-77,198,0" /><INIT seed="5,0,0,2,2,40" ten="353,330,119,198" oya="1" hai0="92,74,94,68,57,27,102,76,67,83,122,14,128" hai1="37,115,69,113,49,116,9,2,117,63,72,45,18" hai2="29,21,124,30,100,25,56,123,47,120,3,87,132" hai3="112,10,51,20,103,77,12,93,135,84,7,38,41"/><U78/><E37/><V82/><F124/><W44/><G112/><N who="1" m="43082" /><E78/><V34/><F132/><W39/><G135/><T36/><D36/><U109/><E72/><V28/><F3/><W131/><G131/><T64/><D128/><U70/><E109/><V133/><F133/><W32/><G32/><T8/><D102/><U16/><E2/><V66/><F100/><W5/><G5/><T59/><D68/><N who="1" m="26219" /><E63/><V88/><F34/><W48/><G48/><T104/><D122/><U89/><E89/><V35/><F35/><W17/><G103/><T46/><D76/><U90/><E90/><V85/><F85/><W4/><G4/><T81/><D67/><U118/><E9/><V80/><F80/><W79/><G79/><T26/><D8/><U99/><E99/><V11/><F11/><W130/><G130/><T73/><D64/><U121/><E121/><V107/><F107/><W114/><G114/><T134/><D134/><U97/><E97/><V129/><F129/><W98/><G98/><T65/><D65/><U95/><E95/><V125/><F123/><W53/><G93/><T111/><D104/><U54/><AGARI ba="0,0" hai="16,18,45,49,54,116,117,118" m="26219,43082" machi="54" ten="40,7800,0" yaku="15,1,52,1,54,1" doraHai="40" who="1" fromWho="1" sc="353,-26,330,78,119,-26,198,-26" /><INIT seed="5,1,0,3,1,53" ten="327,408,93,172" oya="1" hai0="67,131,34,105,76,85,114,109,50,110,43,103,45" hai1="121,113,90,123,30,61,99,97,0,132,71,3,122" hai2="107,2,129,135,84,83,80,94,32,23,88,5,89" hai3="35,15,77,87,133,47,11,58,118,91,82,65,26"/><U125/><E113/><V46/><F32/><W59/><G133/><T22/><D34/><U8/><E132/><V92/><F135/><W25/><G118/><T21/><D114/><U19/><E30/><V7/><F129/><W75/><G35/><T106/><D131/><U127/><E19/><V13/><F107/><W93/><G47/><T112/><D112/><U56/><E71/><V39/><F2/><N who="1" m="553" /><E90/><V116/><F116/><W16/><REACH who="3" step="1"/><G65/><REACH who="3" ten="327,408,93,162" step="2"/><T27/><D67/><U126/><E8/><V4/><F46/><W74/><G74/><T54/><D45/><U101/><E101/><V100/><F100/><W57/><AGARI ba="1,1" hai="11,15,16,25,26,57,58,59,75,77,82,87,91,93" machi="57" ten="30,12000,2" yaku="1,1,0,1,52,3,54,1,53,0" doraHai="53" doraHaiUra="70" who="3" fromWho="3" sc="327,-31,408,-61,93,-31,162,133" /><INIT seed="6,0,0,2,4,30" ten="296,347,62,295" oya="2" hai0="134,84,33,74,103,77,34,131,7,40,88,102,95" hai1="119,41,0,91,46,86,71,51,68,94,23,93,73" hai2="11,29,104,16,128,89,106,8,50,53,38,10,1" hai3="80,3,44,109,48,87,28,54,125,26,100,96,117"/><V18/><F38/><W69/><G125/><T4/><D134/><U65/><E119/><V45/><F1/><W12/><G109/><T123/><D123/><U56/><E73/><V59/><F128/><W75/><G69/><T110/><D110/><U118/><E118/><V97/><F29/><W32/><G75/><T107/><D40/><U61/><E0/><V108/><F108/><W35/><G3/><T72/><D72/><U24/><E94/><V135/><F135/><W111/><G12/><T85/><D85/><U2/><E2/><V9/><N who="2" m="2048" /><DORA hai="57" /><V39/><F106/><W20/><G117/><T64/><D64/><U92/><REACH who="1" step="1"/><E93/><REACH who="1" ten="296,337,62,295" step="2"/><N who="2" m="56495" /><F104/><W47/><G111/><T121/><D121/><U115/><E115/><V17/><F39/><W36/><G36/><T130/><D107/><U82/><E82/><V81/><F81/><W62/><G80/><N who="0" m="45111" /><D7/><U114/><E114/><V55/><F18/><AGARI ba="0,1" hai="18,23,24,41,46,51,56,61,65,68,71,86,91,92" machi="18" ten="30,8000,1" yaku="1,1,7,1,52,1,53,2" doraHai="30,57" doraHaiUra="79,67" who="1" fromWho="2" sc="296,0,337,90,62,-80,295,0" owari="296,9.6,427,52.7,-18,-51.8,295,-10.5" /></mjloggm>