<mjloggm ver="2.3"><GO type="169" lobby="0"/><UN n0="%E3%81%A6%E3%82%93%E3%81%8F%E3%81%86" n1="%E8%80%81%E6%A5%BD" n2="%E5%A4%A7%E4%BB%81%E7%94%B0%E8%96%84" n3="%5B%5B%79%75%79%75%5D%5D" dan="16,17,17,16" rate="2182.05,2197.20,2188.40,2114.63" sx="M,M,M,M"/><TAIKYOKU oya="0"/><INIT seed="0,0,0,2,3,123" ten="250,250,250,250" oya="0" hai0="124,14,39,88,70,37,119,71,7,45,80,130,33" hai1="25,66,57,56,3,131,122,69,2,129,22,105,98" hai2="77,59,42,51,65,89,64,84,44,61,86,103,95" hai3="73,125,11,35,108,117,38,114,4,78,87,118,47"/><T133/><D119/><U111/><E122/><V34/><F34/><W24/><G114/><T19/><D33/><U60/><E56/><V27/><F27/><W102/><G125/><T32/><D32/><U85/><E85/><V101/><REACH who="2" step="1"/><F64/><REACH who="2" ten="250,250,240,250" step="2"/><W92/><G117/><T9/><D124/><U28/><E25/><V29/><F29/><W63/><G24/><T8/><D133/><U20/><E28/><V115/><F115/><W116/><G35/><T126/><D126/><U72/><E66/><V5/><F5/><W120/><G4/><T91/><D7/><U100/><E131/><V112/><F112/><W110/><G120/><T106/><D130/><U18/><E129/><V43/><F43/><W93/><G118/><T104/><D19/><U75/><E2/><V132/><F132/><W135/><G135/><T10/><D14/><U26/><E3/><V16/><F16/><W54/><G116/><T41/><D41/><U109/><E18/><V30/><F30/><W83/><G11/><T0/><D10/><U74/><E26/><V17/><F17/><W13/><G13/><T76/><D0/><U127/><E127/><V107/><F107/><W48/><G38/><T68/><D37/><U31/><E31/><V99/><F99/><W36/><G36/><T49/><D39/><U121/><E121/><V128/><F128/><W82/><G54/><N who="0" m="29999" /><D106/><U96/><E96/><V94/><F94/><W21/><G92/><T46/><D104/><U58/><E20/><V97/><F97/><W55/><G93/><T23/><D8/><U1/><E22/><V15/><F15/><RYUUKYOKU ba="0,1" sc="250,-10,250,-10,240,30,250,-10" hai2="42,44,51,59,61,65,77,84,86,89,95,101,103" /><INIT seed="1,1,1,0,2,102" ten="240,240,270,240" oya="1" hai0="0,23,10,99,40,37,8,91,22,83,103,84,66" hai1="97,42,72,117,110,6,131,77,4,122,59,89,17" hai2="87,29,115,18,52,135,108,19,55,51,112,12,13" hai3="116,48,130,68,31,92,53,132,36,74,16,9,41"/><U98/><E117/><V134/><F29/><W111/><G116/><T43/><D66/><U113/><E122/><V5/><F5/><W101/><G111/><T7/><D10/><U94/><E113/><N who="2" m="43595" /><F87/><W125/><G130/><T78/><D37/><U11/><E110/><V82/><F82/><W85/><G125/><T60/><D60/><U104/><E131/><V75/><F75/><W15/><G132/><N who="2" m="50729" /><F108/><W58/><G74/><T54/><D54/><N who="2" m="20522" /><F51/><W21/><G68/><T118/><D118/><U120/><E17/><AGARI ba="1,1" hai="12,13,17,18,19" m="20522,50729,43595" machi="17" ten="40,8000,1" yaku="28,2,11,1,20,1,54,1" doraHai="102" who="2" fromWho="1" sc="240,0,240,-83,270,93,240,0" /><INIT seed="2,0,0,3,2,2" ten="240,157,363,240" oya="2" hai0="22,117,82,46,92,21,108,100,111,69,77,116,76" hai1="16,110,133,54,126,112,70,45,90,37,68,34,15" hai2="53,51,86,56,124,128,9,23,114,120,1,39,50" hai3="55,57,3,122,89,14,134,36,59,28,30,93,118"/><V6/><F124/><W60/><G3/><T48/><D69/><U73/><E112/><V11/><F128/><W71/><G122/><T67/><D67/><U72/><E34/><V113/><F39/><W33/><G71/><T83/><D92/><U119/><E119/><N who="0" m="45641" /><D100/><U121/><E73/><V18/><F9/><W125/><G125/><T47/><D48/><U63/><E72/><V10/><F10/><W52/><G36/><T7/><D21/><U64/><E110/><N who="0" m="42025" /><D22/><U105/><E70/><V78/><F120/><W98/><G134/><T42/><D7/><U19/><E105/><V20/><F20/><W0/><G0/><T32/><D42/><U84/><E121/><V31/><F31/><W24/><G118/><T106/><D106/><U38/><E126/><V62/><F51/><W129/><G129/><T81/><D32/><U58/><E133/><V41/><F41/><W27/><G14/><T79/><AGARI ba="0,0" hai="46,47,76,77,79,81,82,83" m="42025,45641" machi="79" ten="40,8000,1" yaku="28,2,12,1,14,1" doraHai="2" who="0" fromWho="0" sc="240,80,157,-20,363,-40,240,-20" /><INIT seed="3,0,0,3,1,21" ten="320,137,323,220" oya="3" hai0="70,33,83,10,49,6,14,60,94,124,26,87,93" hai1="123,5,125,52,109,72,127,17,32,16,8,38,29" hai2="130,39,12,62,36,122,86,102,76,43,78,18,28" hai3="104,101,100,85,134,98,118,22,82,99,53,119,77"/><W67/><G67/><T47/><D124/><N who="1" m="47691" /><E72/><V59/><F102/><W91/><G53/><T27/><D70/><U63/><E38/><V79/><F130/><W73/><G22/><T11/><D11/><U31/><E109/><V71/><F71/><W108/><G108/><T97/><D33/><U51/><E63/><V114/><F114/><W81/><G134/><T7/><D7/><U58/><E123/><V135/><F135/><W56/><G56/><T120/><D60/><U23/><E32/><V48/><F86/><W112/><G112/><T121/><D121/><U41/><E41/><V54/><F28/><N who="1" m="10825" /><E23/><V92/><F92/><AGARI ba="0,0" hai="73,77,81,82,85,91,92,98,99,100,101,104,118,119" machi="92" ten="30,11600,0" yaku="7,1,34,3" doraHai="21" who="3" fromWho="2" sc="320,0,137,0,323,-116,220,116" /><INIT seed="3,1,0,3,0,13" ten="320,137,207,336" oya="3" hai0="100,60,96,75,110,41,80,82,99,3,90,40,11" hai1="117,54,108,102,24,101,47,77,121,134,42,98,103" hai2="64,125,135,37,16,28,15,84,23,89,97,12,38" hai3="36,120,107,109,78,87,0,69,76,94,118,122,29"/><W34/><G118/><T43/><D110/><U61/><E108/><V35/><F125/><W33/><G107/><T106/><D60/><U123/><E117/><V1/><F1/><W57/><G69/><T114/><D114/><U85/><E134/><V111/><F111/><W128/><G109/><T14/><D3/><U46/><E98/><V95/><F135/><W51/><G36/><T6/><D75/><U19/><E77/><V133/><F133/><W105/><G105/><T22/><D22/><U39/><E85/><V20/><F64/><W119/><G119/><T17/><REACH who="0" step="1"/><D6/><REACH who="0" ten="310,137,207,336" step="2"/><U53/><E61/><V132/><F132/><W131/><G0/><T45/><D45/><U127/><E127/><V18/><F97/><W86/><G33/><T104/><D104/><U74/><E74/><V72/><F72/><W124/><G124/><T52/><D52/><U112/><E112/><V58/><F58/><W92/><G34/><T68/><D68/><U55/><REACH who="1" step="1"/><E46/><REACH who="1" ten="310,127,207,336" step="2"/><V83/><F95/><AGARI ba="1,2" hai="11,14,17,40,41,43,80,82,90,95,96,99,100,106" machi="95" ten="40,2600,0" yaku="1,1,52,1,53,0" doraHai="13" doraHaiUra="116" who="0" fromWho="2" sc="310,49,127,0,207,-29,336,0" /><INIT seed="4,0,0,0,4,126" ten="359,127,178,336" oya="0" hai0="104,73,100,119,37,0,111,115,35,58,53,78,68" hai1="30,66,93,10,130,131,86,19,107,71,43,52,63" hai2="80,134,64,79,2,36,49,89,24,77,83,106,18" hai3="3,99,121,27,22,84,25,60,41,1,101,75,23"/><T81/><RYUUKYOKU type="yao9" ba="0,0" sc="359,0,127,0,178,0,336,0" hai0="0,35,37,53,58,68,73,78,81,100,104,111,115,119" /><INIT seed="4,1,0,3,4,134" ten="359,127,178,336" oya="0" hai0="74,105,41,55,71,117,94,61,34,72,124,4,103" hai1="116,80,18,121,13,128,92,22,62,33,50,104,126" hai2="38,69,44,112,48,130,58,122,6,43,32,20,98" hai3="56,39,46,99,88,67,45,2,42,37,29,47,131"/><T81/><D117/><U7/><E104/><V96/><F32/><W66/><G2/><T77/><D34/><U97/><E121/><V11/><F122/><W65/><G131/><T100/><D41/><U87/><E33/><V110/><F110/><W19/><G29/><T118/><D118/><U25/><E116/><V86/><F130/><W53/><G19/><T79/><D4/><U108/><E108/><V1/><F112/><W132/><G132/><T125/><D105/><U85/><E128/><V119/><F69/><W83/><G83/><N who="0" m="45479" /><D94/><U107/><E107/><V21/><F119/><W17/><G17/><T93/><D93/><U89/><E126/><N who="0" m="48745" /><D55/><U16/><E7/><V106/><F86/><W111/><G99/><T52/><D52/><U82/><E50/><V90/><F98/><W63/><G111/><T91/><D91/><U84/><REACH who="1" step="1"/><E62/><REACH who="1" ten="359,117,178,336" step="2"/><V36/><F106/><W30/><G30/><T26/><D26/><U0/><E0/><V68/><F1/><W102/><G102/><T35/><D35/><U76/><E76/><V73/><F6/><W31/><G31/><T12/><D12/><U109/><E109/><V75/><F48/><N who="3" m="28831" /><G88/><T5/><D5/><U23/><AGARI ba="1,1" hai="13,16,18,22,23,25,80,82,84,85,87,89,92,97" machi="23" ten="30,7900,0" yaku="1,1,0,1,8,1,54,1,53,0" doraHai="134" doraHaiUra="123" who="1" fromWho="1" sc="359,-40,117,92,178,-21,336,-21" /><INIT seed="5,0,0,2,5,132" ten="319,209,157,315" oya="1" hai0="82,67,116,89,13,58,60,31,62,24,41,133,91" hai1="107,54,36,5,4,12,44,30,104,125,20,76,102" hai2="45,70,21,16,6,61,96,28,29,94,55,17,121" hai3="9,123,98,48,42,25,15,71,81,8,110,126,22"/><U73/><E73/><V124/><F121/><W11/><G71/><T80/><D133/><U40/><E76/><V75/><F75/><W59/><G123/><T86/><D41/><U27/><E125/><V2/><F70/><W66/><G110/><T23/><D116/><U57/><E102/><V64/><F64/><W32/><G32/><T95/><D13/><U105/><REACH who="1" step="1"/><E12/><REACH who="1" ten="319,199,157,315" step="2"/><V3/><F124/><W65/><G126/><T134/><D134/><U18/><E18/><V43/><F17/><W39/><G15/><T106/><D106/><U129/><E129/><V119/><F119/><W97/><G39/><T130/><D130/><U88/><E88/><N who="2" m="55367" /><F3/><W14/><G14/><T84/><REACH who="0" step="1"/><D60/><AGARI ba="0,1" hai="4,5,20,27,30,36,40,44,54,57,60,104,105,107" machi="60" ten="40,2000,0" yaku="1,1,53,0" doraHai="132" doraHaiUra="120" who="1" fromWho="0" sc="319,-20,199,30,157,0,315,0" /><INIT seed="5,1,0,2,5,96" ten="299,229,157,315" oya="1" hai0="12,61,70,30,3,59,21,63,27,23,97,42,125" hai1="28,87,133,131,47,76,62,80,116,26,10,15,127" hai2="16,74,31,44,17,134,55,90,25,65,108,126,54" hai3="18,118,69,120,37,100,51,48,78,20,93,41,53"/><U57/><E116/><V121/><F108/><W82/><G120/><T24/><D125/><U0/><E131/><V46/><F121/><W122/><G122/><T14/><D3/><U112/><E112/><V56/><F74/><W68/><G118/><T110/><D110/><U33/><E133/><V5/><F5/><W77/><G37/><T119/><D42/><U34/><E127/><V101/><F134/><W60/><G69/><T114/><D114/><U43/><E0/><V117/><F117/><W4/><G4/><T71/><D119/><U99/><E99/><V9/><F90/><W132/><G132/><T86/><D97/><U8/><E33/><V73/><F73/><W85/><G68/><T58/><D86/><U29/><E29/><AGARI ba="1,0" hai="12,14,21,23,24,27,29,30,58,59,61,63,70,71" machi="29" ten="25,1600,0" yaku="22,2" doraHai="96" who="0" fromWho="1" sc="299,19,229,-19,157,0,315,0" /><INIT seed="6,0,0,1,3,86" ten="318,210,157,315" oya="2" hai0="71,75,68,36,0,62,82,46,45,2,10,59,120" hai1="123,126,63,101,107,58,85,52,4,64,51,9,115" hai2="118,117,100,124,3,17,55,106,83,26,92,12,40" hai3="70,90,30,88,48,11,7,97,113,61,78,54,22"/><V23/><F3/><W96/><G78/><N who="0" m="44383" /><D45/><U32/><E115/><V77/><F106/><W104/><G113/><T133/><D0/><U108/><E108/><V56/><F40/><W1/><G104/><T33/><D33/><U66/><E126/><V127/><F100/><W47/><G97/><T109/><D133/><U8/><E123/><V105/><F105/><W81/><G70/><T135/><D135/><U76/><E32/><V111/><F111/><W35/><G35/><T89/><D89/><U131/><E131/><V27/><F92/><W44/><G44/><T38/><D36/><U130/><E130/><V73/><F27/><W93/><G61/><T37/><D38/><U15/><E9/><V25/><F25/><W5/><G30/><T21/><D21/><U102/><E66/><V129/><F129/><W112/><G112/><T79/><D79/><U72/><E72/><V103/><F103/><W31/><G1/><T65/><D120/><U121/><E121/><V128/><F128/><W13/><G22/><T134/><D134/><U116/><E116/><V50/><REACH who="2" step="1"/><F26/><REACH who="2" ten="318,210,147,315" step="2"/><W80/><G31/><T14/><D109/><U39/><E107/><V43/><F43/><W42/><G42/><N who="0" m="22863" /><D14/><U67/><E39/><V98/><F98/><W110/><G110/><T119/><D119/><AGARI ba="0,1" hai="12,17,23,50,55,56,73,77,83,117,118,119,124,127" machi="119" ten="40,2000,0" yaku="1,1,53,0" doraHai="86" doraHaiUra="84" who="2" fromWho="0" sc="318,-20,210,0,147,30,315,0" /><INIT seed="6,1,0,0,1,40" ten="298,210,177,315" oya="2" hai0="4,26,48,27,12,53,11,111,126,20,119,52,58" hai1="18,17,134,13,121,87,107,72,96,84,51,124,105" hai2="127,67,0,123,54,70,55,42,2,92,65,97,99" hai3="88,81,93,25,49,50,85,125,47,115,102,5,89"/><V39/><F123/><W35/><G125/><T33/><D126/><U43/><E72/><V74/><F127/><W73/><G115/><T31/><D111/><U57/><E124/><V117/><F74/><W100/><G73/><T46/><D119/><U116/><E116/><V15/><F117/><W37/><G37/><T10/><D10/><U80/><E134/><V118/><F118/><W63/><G5/><T135/><D135/><U130/><E130/><V7/><F15/><W45/><G63/><T56/><D53/><U1/><E1/><V41/><F92/><W28/><G89/><T78/><D78/><U24/><E87/><V66/><F66/><W75/><G75/><T113/><D113/><U36/><E96/><V16/><F7/><W90/><G90/><T114/><D114/><U59/><E36/><V14/><F14/><W86/><G86/><T8/><D8/><U32/><E57/><V29/><F39/><W94/><G94/><T95/><D95/><U60/><E18/><AGARI ba="1,0" hai="4,11,12,18,20,26,27,31,33,46,48,52,56,58" machi="18" ten="30,3900,0" yaku="7,1,52,1,54,1" doraHai="40" who="0" fromWho="1" sc="298,42,210,-42,177,0,315,0" /><INIT seed="7,0,0,5,5,32" ten="340,168,177,315" oya="3" hai0="77,92,66,129,43,8,16,39,94,85,21,50,99" hai1="5,13,126,68,91,45,78,98,97,96,9,62,59" hai2="121,80,69,52,41,2,131,95,55,64,130,135,38" hai3="17,19,106,51,3,108,102,61,70,116,65,103,12"/><W56/><G116/><T67/><D39/><U110/><E110/><V119/><F119/><W101/><G108/><T54/><D43/><U22/><E68/><V18/><F2/><W26/><G26/><N who="0" m="14631" /><D8/><U57/><E126/><V105/><F105/><W34/><G34/><T33/><D33/><U104/><E104/><V29/><F29/><W23/><G3/><T125/><D125/><U133/><E133/><V134/><F121/><W27/><G106/><T58/><D129/><N who="2" m="49162" /><F95/><N who="0" m="36394" /><D99/><U35/><E35/><V40/><F80/><AGARI ba="0,0" hai="50,54,58,66,67,77,80,85" m="36394,14631" machi="80" ten="30,2000,0" yaku="8,1,54,1" doraHai="32" who="0" fromWho="2" sc="340,20,168,0,177,-20,315,0" owari="360,46.0,168,-23.2,157,-34.3,315,11.5" /></mjloggm>