<mjloggm ver="2.3"><GO type="169" lobby="0"/><UN n0="%E8%A1%A8%E7%A4%BA%E4%BE%A1%E6%A0%BC%E3%82%88%E3%82%8A%E5%8D%8A%E9%A1%8D" n1="%48%61%6C%66%73" n2="%E3%81%A5%E3%81%8B%E5%AD%90" n3="%E3%82%88%E3%81%86%E3%81%B8%E3%83%BC%58" dan="16,17,16,17" rate="2092.08,2167.65,2149.04,2226.94" sx="M,M,M,M"/><TAIKYOKU oya="0"/><INIT seed="0,0,0,5,2,27" ten="250,250,250,250" oya="0" hai0="91,24,100,22,66,61,129,134,99,107,84,113,69" hai1="31,2,34,109,118,132,57,5,39,85,103,94,7" hai2="93,46,116,6,121,119,135,38,40,74,68,79,44" hai3="29,78,32,14,10,49,112,102,56,90,26,73,25"/><T110/><D113/><U105/><E118/><V9/><F121/><W70/><G70/><T127/><D129/><U80/><E39/><V120/><F120/><W28/><G112/><T33/><D134/><U52/><E105/><V54/><F68/><W63/><G102/><T51/><D110/><U18/><E109/><V16/><F135/><W89/><G49/><T64/><D64/><U67/><E67/><V86/><F16/><W104/><G104/><T114/><D127/><U122/><E122/><V41/><F54/><W19/><G78/><T11/><D114/><U106/><E106/><V96/><F86/><W35/><G73/><T36/><D11/><U53/><E18/><V133/><F133/><W71/><G71/><T48/><D36/><U12/><E2/><N who="2" m="215" /><F44/><W65/><AGARI ba="0,0" hai="10,14,19,25,26,28,29,32,35,56,63,65,89,90" machi="65" ten="20,8000,1" yaku="0,1,7,1,9,1,52,2" doraHai="27" who="3" fromWho="3" sc="250,-40,250,-20,250,-20,250,80" /><INIT seed="1,0,0,1,1,51" ten="210,230,230,330" oya="1" hai0="104,111,90,68,24,129,97,28,123,54,75,58,74" hai1="119,55,13,66,34,106,49,85,98,2,102,113,77" hai2="89,35,91,44,65,121,73,39,122,56,132,93,4" hai3="40,79,50,86,57,127,26,3,27,43,92,107,117"/><U67/><E113/><V20/><F35/><W53/><G107/><T15/><D111/><U84/><E2/><V94/><F73/><W109/><G3/><T47/><D129/><U62/><E119/><V128/><F4/><W112/><G112/><T82/><D68/><U25/><E13/><V21/><F39/><W71/><G71/><T108/><D108/><U30/><E77/><V16/><F132/><W0/><G0/><T9/><D123/><U100/><E100/><V36/><F122/><W103/><G127/><T83/><D47/><U105/><E105/><V69/><F69/><W12/><G12/><T23/><D104/><U133/><E133/><V48/><F36/><W134/><G117/><T78/><D83/><U37/><E37/><V72/><F72/><W33/><G33/><T96/><D90/><N who="2" m="34314" /><F21/><W31/><G109/><T95/><D95/><U88/><E62/><N who="2" m="38087" /><F128/><W76/><G134/><T101/><D101/><U110/><E85/><V41/><F121/><W120/><G120/><T80/><D80/><U115/><E115/><V17/><F17/><W10/><G10/><T29/><D29/><U6/><E6/><V19/><F19/><W18/><G18/><T8/><D75/><U70/><E70/><V45/><F44/><W114/><G31/><T42/><D8/><U130/><E130/><V1/><F1/><W118/><G118/><T135/><D135/><U64/><E110/><V11/><F11/><W46/><G114/><T61/><D42/><N who="3" m="15913" /><G46/><T22/><D23/><U131/><E131/><V14/><AGARI ba="0,0" hai="14,16,20,41,45,48,93,94" m="38087,34314" machi="14" ten="30,2000,0" yaku="8,1,54,1" doraHai="51" who="2" fromWho="2" sc="210,-5,230,-10,230,20,330,-5" /><INIT seed="2,0,0,0,4,16" ten="205,220,250,325" oya="2" hai0="34,67,129,91,78,76,51,105,71,107,25,87,61" hai1="1,5,55,30,73,66,132,106,40,81,102,110,2" hai2="58,60,100,99,19,53,31,6,17,114,117,70,69" hai3="49,89,7,90,42,80,94,127,10,120,109,50,24"/><V47/><F114/><W29/><G120/><T86/><D129/><U63/><E110/><V37/><F117/><W92/><G109/><T104/><D87/><U115/><E132/><V68/><F6/><W124/><G80/><T15/><D15/><U13/><E40/><V35/><F37/><W84/><G42/><T108/><D108/><U45/><E30/><V95/><REACH who="2" step="1"/><F47/><REACH who="2" ten="205,220,240,325" step="2"/><W54/><G7/><T64/><D105/><U26/><E45/><V113/><F113/><W14/><G127/><T72/><D107/><U97/><E5/><V79/><F79/><W23/><G124/><T119/><D104/><U134/><E106/><V88/><F88/><W103/><G103/><T65/><D119/><U130/><E102/><V28/><F28/><W118/><G118/><T62/><D76/><U93/><E115/><V12/><F12/><W8/><G14/><T39/><D39/><U44/><E44/><V21/><F21/><W33/><G33/><T9/><D78/><U4/><E4/><V56/><F56/><W59/><G8/><T41/><D91/><U82/><E13/><V46/><F46/><W20/><G10/><T11/><D9/><U83/><E1/><V101/><F101/><W121/><G20/><T123/><D11/><U52/><E2/><V36/><F36/><W75/><G89/><T38/><D38/><U27/><E134/><V133/><F133/><W116/><G116/><T3/><D3/><U125/><E125/><V128/><F128/><W22/><G22/><T98/><D34/><U43/><E130/><V77/><F77/><W112/><G112/><RYUUKYOKU ba="0,1" sc="205,-10,220,-10,240,30,325,-10" hai2="17,19,31,35,53,58,60,68,69,70,95,99,100" /><INIT seed="2,1,1,2,3,82" ten="195,210,270,315" oya="2" hai0="29,73,11,92,7,57,101,18,14,134,135,76,27" hai1="9,13,4,119,89,75,12,6,78,49,124,26,16" hai2="37,17,125,120,104,105,25,61,115,113,69,8,66" hai3="22,1,10,60,74,31,122,94,112,36,2,123,127"/><V67/><F120/><N who="3" m="46123" /><G60/><T21/><D73/><U63/><E119/><V53/><F125/><W118/><G36/><T58/><D76/><U108/><E108/><V54/><F17/><W23/><G74/><T35/><D101/><U131/><E131/><V51/><F8/><W30/><G94/><T24/><D92/><U133/><E133/><AGARI ba="1,1" hai="7,11,14,18,21,24,27,29,35,57,58,133,134,135" machi="133" ten="40,1300,0" yaku="20,1" doraHai="82" who="0" fromWho="1" sc="195,26,210,-16,270,0,315,0" /><INIT seed="3,0,0,5,2,13" ten="221,194,270,315" oya="3" hai0="98,57,24,44,109,86,73,105,54,52,92,128,22" hai1="32,62,42,4,30,14,26,63,37,68,6,133,100" hai2="114,125,120,77,129,36,107,99,43,79,85,8,130" hai3="2,19,88,67,29,81,9,135,91,20,27,53,66"/><W41/><G135/><T64/><D73/><U61/><E133/><V23/><F8/><W3/><G41/><T5/><D128/><U89/><E68/><V74/><F43/><W60/><G2/><T11/><D109/><U71/><E71/><V50/><F36/><W28/><G3/><T102/><D105/><U95/><E100/><V119/><F50/><W15/><G29/><T7/><D44/><U127/><E127/><V18/><F114/><W33/><G33/><T106/><D106/><U47/><REACH who="1" step="1"/><E14/><REACH who="1" ten="221,184,270,315" step="2"/><V12/><F12/><N who="3" m="7567" /><G91/><T31/><D11/><U80/><E80/><V110/><F125/><W93/><G81/><T83/><D5/><U35/><E35/><V45/><F130/><W84/><G15/><T103/><D7/><U111/><E111/><V10/><F129/><W94/><G94/><T97/><D103/><U59/><E59/><AGARI ba="0,1" hai="20,27,28,53,59,60,66,67,84,88,93" m="7567" machi="59" ten="30,5800,0" yaku="8,1,52,1,54,1" doraHai="13" who="3" fromWho="1" sc="221,0,184,-58,270,0,315,68" /><INIT seed="3,1,0,2,5,23" ten="221,126,270,383" oya="3" hai0="102,114,55,45,88,118,134,70,113,89,119,24,32" hai1="19,106,15,61,2,93,99,101,8,30,42,9,25" hai2="59,14,20,7,72,47,120,51,68,18,52,86,16" hai3="76,105,126,48,63,21,81,53,69,22,122,87,65"/><W129/><G122/><T123/><D123/><U103/><E42/><V34/><F120/><W11/><G105/><T92/><D70/><U50/><E50/><V26/><F72/><W37/><G129/><T78/><D78/><U80/><E80/><V110/><F110/><W132/><G132/><T125/><D134/><U10/><E2/><V57/><F68/><W28/><G126/><T130/><D130/><U4/><E4/><V75/><F75/><W5/><G37/><T60/><D125/><U64/><E103/><V33/><F33/><W124/><G124/><T35/><D102/><U41/><E41/><V49/><F7/><W111/><G111/><T74/><D74/><U66/><E66/><V62/><F34/><W77/><G77/><T83/><D83/><U13/><E13/><V98/><F98/><W36/><G36/><T133/><D133/><U94/><E93/><V117/><F117/><W46/><REACH who="3" step="1"/><G28/><REACH who="3" ten="221,126,270,373" step="2"/><T73/><D118/><U40/><E106/><V84/><F51/><W85/><G85/><N who="2" m="32873" /><F62/><W67/><G67/><T82/><D119/><U71/><REACH who="1" step="1"/><E40/><REACH who="1" ten="221,116,270,373" step="2"/><V127/><F127/><W54/><G54/><T58/><D55/><U79/><E79/><V100/><F100/><W27/><G27/><T97/><D24/><U95/><E95/><V6/><F6/><W29/><G29/><T96/><D92/><U90/><E90/><V112/><F112/><W17/><G17/><T108/><D114/><U121/><E121/><V91/><F91/><W1/><AGARI ba="1,2" hai="1,5,11,21,22,46,48,53,63,65,69,76,81,87" machi="1" ten="20,7800,0" yaku="1,1,0,1,7,1,53,1" doraHai="23" doraHaiUra="56" who="3" fromWho="3" sc="221,-27,116,-27,270,-27,373,101" /><INIT seed="3,2,0,4,5,50" ten="194,89,243,474" oya="3" hai0="107,56,125,48,132,66,92,28,24,4,87,10,12" hai1="45,127,2,14,67,114,64,58,122,94,6,85,77" hai2="31,126,75,16,81,109,32,44,46,42,99,54,80" hai3="98,123,36,83,61,117,73,120,1,65,15,11,74"/><W91/><G36/><T69/><D125/><U135/><E122/><V119/><F119/><W27/><G1/><T121/><D121/><U37/><E114/><V115/><F115/><W86/><G117/><T9/><D132/><U43/><E127/><V133/><F126/><W129/><G129/><T8/><D107/><U105/><E105/><V128/><F75/><W13/><G13/><T88/><D69/><U60/><E135/><V131/><F133/><W134/><G134/><T23/><D66/><U57/><E2/><V34/><F31/><W51/><G123/><T89/><D89/><U59/><E64/><V35/><F99/><W62/><G62/><T5/><D4/><U30/><E30/><V17/><F109/><W101/><G27/><T79/><D79/><U110/><E110/><V82/><F42/><W78/><G78/><T76/><D76/><U20/><E94/><V38/><F54/><AGARI ba="2,0" hai="5,8,9,10,12,23,24,28,48,54,56,87,88,92" machi="54" ten="40,5200,0" yaku="8,1,52,1,54,1" doraHai="50" who="0" fromWho="2" sc="194,58,89,0,243,-58,474,0" /><INIT seed="4,0,0,3,2,97" ten="252,89,185,474" oya="0" hai0="84,98,120,53,55,81,45,36,10,0,63,21,83" hai1="85,128,106,103,89,112,127,104,119,80,40,6,74" hai2="48,38,2,101,29,66,31,9,117,93,69,25,37" hai3="23,58,12,76,5,28,43,96,62,67,82,47,129"/><T16/><D120/><U105/><E119/><V102/><F117/><W116/><G129/><T130/><D130/><U108/><E128/><V71/><F2/><W100/><G116/><T99/><D81/><U54/><E40/><V135/><F93/><N who="3" m="58383" /><G5/><T78/><D36/><U113/><E6/><V19/><F48/><N who="3" m="26751" /><G12/><N who="0" m="9351" /><D10/><U134/><E108/><V22/><F135/><W15/><G15/><T35/><D35/><U88/><E134/><V24/><F9/><W124/><G124/><T30/><D30/><U59/><E127/><V26/><F19/><W1/><G1/><T34/><D34/><U14/><E14/><V52/><F22/><W41/><G41/><T13/><D13/><U56/><E74/><V65/><F24/><N who="3" m="16415" /><G82/><T68/><D68/><U91/><E103/><V44/><F44/><W3/><G3/><T11/><D11/><U125/><E125/><V111/><F111/><W133/><G133/><T126/><D126/><U90/><REACH who="1" step="1"/><E54/><AGARI ba="0,0" hai="25,26,29,31,37,38,52,54,65,66,69,71,101,102" machi="54" ten="25,8000,1" yaku="22,2,52,2,54,1" doraHai="97" who="2" fromWho="1" sc="252,0,89,-80,185,80,474,0" /><INIT seed="5,0,0,1,2,71" ten="252,9,265,474" oya="1" hai0="130,114,24,132,6,115,35,52,108,123,133,34,9" hai1="40,38,8,20,109,79,134,89,51,106,110,121,86" hai2="59,96,118,22,45,58,75,27,91,99,83,14,94" hai3="116,13,12,93,46,69,17,42,5,36,21,11,102"/><U73/><E121/><V119/><F99/><W84/><G69/><T64/><D64/><U125/><E106/><V1/><F1/><W41/><G116/><T68/><D68/><U104/><E125/><V98/><F98/><N who="3" m="59727" /><G36/><T57/><D123/><U61/><E104/><V135/><F135/><N who="0" m="51786" /><D108/><N who="1" m="41579" /><E134/><V128/><F128/><W85/><G46/><T90/><D24/><U0/><E20/><V54/><F14/><W129/><G129/><T15/><D90/><U53/><E61/><N who="2" m="36055" /><F59/><W37/><G37/><T39/><D39/><U127/><E127/><V72/><F45/><W126/><G126/><T105/><D105/><U113/><E113/><N who="0" m="43017" /><D130/><U67/><E67/><V100/><F100/><W30/><G30/><T80/><D80/><N who="1" m="45167" /><E38/><V23/><F23/><W131/><G131/><T97/><D97/><U70/><E40/><AGARI ba="0,0" hai="5,11,12,13,17,21,40,41,42,84,85" m="59727" machi="40" ten="30,1000,0" yaku="8,1" doraHai="71" who="3" fromWho="1" sc="252,0,9,-10,265,0,474,10" owari="252,-14.8,-1,-50.1,265,6.5,484,58.4" /></mjloggm>