<mjloggm ver="2.3"><GO type="169" lobby="0"/><UN n0="%63%2E%63%2D%76%2E%76" n1="%E5%8B%98%E5%BC%81%E3%81%97%E3%81%A6%E3%82%88" n2="%E5%85%A9%E5%84%80%E4%B8%B6%E5%BC%8F" n3="%E6%A4%9B%E5%8D%97" dan="17,17,16,18" rate="2224.34,2207.69,2140.58,2205.38" sx="F,M,M,F"/><TAIKYOKU oya="0"/><INIT seed="0,0,0,4,4,118" ten="250,250,250,250" oya="0" hai0="97,129,68,52,81,115,82,76,98,15,28,107,63" hai1="55,105,22,91,9,116,51,17,13,21,96,104,71" hai2="126,45,10,127,75,53,38,88,37,73,128,123,1" hai3="61,32,110,117,85,67,31,114,50,5,120,34,133"/><T16/><D115/><U40/><E71/><V29/><F29/><W124/><G110/><T93/><D129/><U66/><E66/><V83/><F128/><W26/><G117/><T113/><D113/><U12/><E40/><V30/><F30/><W58/><G114/><T0/><D0/><U79/><E79/><V2/><F53/><W49/><G133/><T87/><D28/><U47/><E116/><V77/><F88/><W3/><G124/><N who="2" m="47657" /><F10/><W78/><G34/><T27/><D27/><U43/><E43/><V39/><F45/><W6/><G3/><N who="2" m="1033" /><F75/><W100/><G100/><T35/><D35/><U80/><E22/><V94/><F94/><W57/><G57/><N who="0" m="35239" /><D68/><U132/><E132/><V64/><F64/><W42/><G42/><T134/><D134/><U101/><E105/><V72/><F72/><W125/><G125/><T46/><D107/><U60/><E60/><V56/><F56/><W131/><G131/><T4/><D46/><U89/><E80/><N who="0" m="30825" /><D76/><U102/><E102/><V84/><F84/><W7/><G85/><T59/><D59/><U23/><E23/><V20/><F20/><W65/><G78/><T109/><D109/><U95/><E104/><V99/><F99/><W106/><G106/><T108/><D108/><U8/><E21/><V24/><F24/><W135/><G135/><T69/><D69/><U130/><E130/><V18/><F18/><AGARI ba="0,0" hai="8,9,12,13,17,18,47,51,55,89,91,95,96,101" machi="18" ten="30,3900,0" yaku="7,1,9,1,8,1" doraHai="118" who="1" fromWho="2" sc="250,0,250,39,250,-39,250,0" /><INIT seed="1,0,0,4,2,27" ten="250,289,211,250" oya="1" hai0="31,75,74,68,33,83,57,26,30,119,111,28,106" hai1="92,79,130,45,69,100,121,125,93,65,91,49,70" hai2="66,51,0,94,4,126,6,78,123,101,89,107,62" hai3="132,122,98,32,39,87,73,116,104,97,133,96,37"/><U134/><E121/><V13/><F123/><W41/><G122/><T38/><D119/><U14/><E79/><V5/><F126/><W118/><G73/><T55/><D38/><N who="3" m="14345" /><G87/><T11/><D68/><U56/><E125/><V135/><F135/><N who="3" m="51787" /><G32/><T86/><D106/><U9/><E130/><V43/><F0/><W102/><G41/><T80/><D111/><U25/><E134/><V20/><F78/><W105/><G102/><T54/><D11/><U24/><E70/><V40/><F101/><W58/><G58/><T18/><D33/><U88/><E69/><V7/><F107/><AGARI ba="0,0" hai="96,97,98,104,105,107,116,118" m="51787,14345" machi="107" ten="40,5200,0" yaku="28,2,20,1" doraHai="27" who="3" fromWho="2" sc="250,0,289,0,211,-52,250,52" /><INIT seed="2,0,0,2,5,33" ten="250,289,159,302" oya="2" hai0="65,131,87,107,124,101,24,130,57,53,37,117,84" hai1="90,36,94,49,73,48,115,77,118,45,111,91,79" hai2="40,46,18,58,113,70,8,59,21,50,28,134,22" hai3="106,105,51,43,85,125,133,26,19,32,30,64,99"/><V13/><F70/><W11/><G133/><T68/><D37/><U119/><E115/><V27/><F113/><W75/><G75/><T103/><D124/><U76/><E73/><V41/><F134/><W97/><G125/><T42/><D42/><U14/><E36/><V93/><F41/><W3/><G64/><T109/><D109/><U92/><E111/><V102/><F102/><W116/><G116/><T121/><D121/><U44/><E77/><V34/><F34/><W66/><G66/><T35/><D117/><U6/><E14/><V81/><F93/><W54/><G85/><T69/><D65/><U25/><E6/><V122/><F122/><W129/><G43/><T61/><D24/><AGARI ba="0,0" hai="24,25,44,45,48,49,76,79,90,91,92,94,118,119" machi="24" ten="25,1600,0" yaku="22,2" doraHai="33" who="1" fromWho="0" sc="250,-16,289,16,159,0,302,0" /><INIT seed="3,0,0,2,0,93" ten="234,305,159,302" oya="3" hai0="94,69,91,82,56,1,109,63,102,130,34,129,9" hai1="61,118,35,84,37,10,112,107,18,4,80,5,117" hai2="76,88,105,13,124,128,70,110,66,47,33,38,11" hai3="55,125,28,104,22,101,119,7,14,20,40,87,131"/><W99/><G131/><N who="0" m="50187" /><D69/><U67/><E37/><V74/><F105/><W27/><G125/><T111/><D34/><U65/><E112/><V86/><F33/><W96/><G119/><N who="1" m="45578" /><E35/><V89/><F128/><W133/><G133/><T0/><D9/><U120/><E107/><V83/><F124/><W41/><G87/><T78/><D102/><U121/><E18/><V68/><F110/><N who="0" m="41994" /><D82/><U127/><E127/><V30/><F30/><W58/><G99/><N who="0" m="57823" /><D78/><U106/><E10/><V42/><F66/><AGARI ba="0,0" hai="0,1,56,63,66" m="57823,41994,50187" machi="66" ten="30,3900,0" yaku="19,1,14,1,52,1" doraHai="93" who="0" fromWho="2" sc="234,39,305,0,159,-39,302,0" /><INIT seed="4,0,0,5,2,96" ten="273,305,120,302" oya="0" hai0="113,97,67,23,8,88,42,131,11,54,39,93,89" hai1="125,1,102,50,128,129,104,22,47,94,80,24,79" hai2="86,53,15,35,30,121,71,103,59,127,109,46,12" hai3="25,95,105,107,81,130,62,61,41,56,116,26,74"/><T66/><D113/><U16/><E104/><V64/><F109/><W44/><G130/><N who="1" m="50282" /><E1/><V20/><F121/><W123/><G116/><T82/><D131/><U106/><E106/><V49/><F127/><W91/><G107/><T55/><D39/><U36/><E36/><V119/><F119/><W92/><G92/><T117/><D42/><U110/><E110/><V6/><F35/><W4/><G105/><T132/><D132/><U99/><E125/><V7/><F71/><W28/><G4/><T43/><D43/><N who="1" m="24959" /><E80/><V29/><F86/><W18/><G81/><T101/><D117/><U78/><AGARI ba="0,0" hai="16,22,24,78,79,94,99,102" m="24959,50282" machi="78" ten="30,4000,0" yaku="19,1,52,1,54,1" doraHai="96" who="1" fromWho="1" sc="273,-20,305,40,120,-10,302,-10" /><INIT seed="5,0,0,2,2,122" ten="253,345,110,292" oya="1" hai0="42,56,51,2,123,73,83,36,93,74,43,5,124" hai1="21,119,12,128,109,65,58,27,99,19,96,53,14" hai2="23,32,105,4,60,47,91,98,100,22,69,102,0" hai3="76,79,84,81,117,132,118,29,82,70,106,35,46"/><U44/><E119/><V72/><F72/><W126/><G70/><T101/><D123/><U135/><E128/><V87/><F32/><W26/><G106/><T116/><D116/><N who="3" m="44649" /><G132/><T95/><D124/><U11/><E109/><V63/><F102/><W13/><G126/><T48/><D56/><U17/><E135/><V6/><F47/><W31/><G31/><T8/><D101/><U68/><E68/><V64/><F63/><W115/><G115/><T61/><D61/><U92/><E65/><V30/><F0/><W108/><G108/><T50/><D43/><U114/><E44/><V89/><F89/><N who="3" m="51343" /><G82/><T97/><D97/><U103/><E99/><V80/><REACH who="2" step="1"/><F30/><REACH who="2" ten="253,345,100,292" step="2"/><W134/><G134/><T25/><D2/><U59/><E114/><V110/><F110/><W9/><G46/><T1/><D73/><U16/><E53/><V55/><F55/><W125/><G125/><T129/><D1/><U131/><E131/><V112/><F112/><W3/><G3/><T85/><D129/><U38/><E38/><V71/><F71/><W40/><G40/><T90/><D74/><U127/><E127/><V130/><F130/><W41/><G41/><T62/><D36/><U39/><E39/><V104/><F104/><W66/><G66/><T88/><D42/><U20/><AGARI ba="0,1" hai="11,12,14,16,17,19,20,21,27,58,59,92,96,103" machi="20" ten="20,7800,0" yaku="0,1,7,1,8,1,54,1" doraHai="122" who="1" fromWho="1" sc="253,-26,345,88,100,-26,292,-26" /><INIT seed="5,1,0,2,1,98" ten="227,433,74,266" oya="1" hai0="39,99,42,111,88,14,71,113,89,68,0,119,63" hai1="33,32,72,17,52,21,6,85,43,22,18,75,15" hai2="74,20,83,124,128,8,25,13,50,5,118,36,106" hai3="51,121,102,126,47,61,132,135,108,116,56,19,95"/><U2/><E43/><V97/><F118/><W10/><G108/><T24/><D111/><U49/><E85/><V115/><F128/><W107/><G121/><T82/><D0/><U105/><E105/><V100/><F36/><W28/><G107/><T134/><D119/><U12/><E6/><V120/><F120/><W94/><G126/><T38/><D113/><U3/><E49/><V123/><F123/><W4/><G28/><T81/><D134/><U46/><E46/><V90/><F124/><W54/><G19/><T131/><D131/><U79/><E79/><V9/><F115/><W31/><G31/><T37/><D42/><U41/><E41/><V127/><F127/><W78/><G78/><T125/><D125/><U130/><E52/><V53/><F9/><W109/><G109/><T23/><D14/><U112/><E130/><V69/><F69/><W92/><G102/><T104/><D81/><U101/><E112/><V93/><F74/><W64/><REACH who="3" step="1"/><G116/><REACH who="3" ten="227,433,74,256" step="2"/><T7/><D104/><U45/><E101/><V129/><F129/><W80/><G80/><T16/><D82/><U29/><E29/><N who="2" m="17575" /><F106/><W34/><G34/><T67/><D7/><U76/><E76/><V96/><F83/><W70/><G70/><T91/><REACH who="0" step="1"/><D68/><REACH who="0" ten="217,433,74,256" step="2"/><U117/><E117/><V87/><F100/><W62/><G62/><T77/><D77/><U1/><E33/><V103/><F103/><W27/><G27/><T86/><D86/><U84/><E32/><V73/><F73/><W122/><G122/><T11/><D11/><U48/><E84/><V59/><AGARI ba="1,2" hai="5,8,13,50,53,59,87,90,93,96,97" m="17575" machi="59" ten="30,1100,0" yaku="8,1" doraHai="98" who="2" fromWho="2" sc="217,-4,433,-6,74,34,256,-4" /><INIT seed="6,0,0,1,0,52" ten="213,427,108,252" oya="2" hai0="65,64,51,54,86,56,133,83,22,62,73,74,38" hai1="123,3,67,11,31,50,91,19,12,114,49,90,32" hai2="76,10,33,94,109,42,66,0,100,13,35,69,124" hai3="126,61,79,121,97,82,17,119,53,98,58,68,122"/><V9/><F76/><W117/><G126/><T115/><D115/><U2/><E114/><V16/><F124/><W108/><G108/><T21/><D133/><U46/><E67/><V20/><F109/><W15/><G68/><T18/><D64/><U78/><E78/><V84/><F42/><W103/><G119/><T93/><D38/><U72/><E72/><V44/><F44/><W71/><G71/><T39/><D39/><U89/><E123/><V132/><F132/><W24/><G24/><T70/><D22/><U25/><REACH who="1" step="1"/><E50/><REACH who="1" ten="213,417,108,252" step="2"/><V7/><F66/><W118/><G118/><T29/><D73/><U60/><E60/><V6/><F69/><W1/><G117/><T129/><D74/><U55/><AGARI ba="0,1" hai="2,3,11,12,19,25,31,32,46,49,55,89,90,91" machi="55" ten="30,2000,0" yaku="1,1,0,1,53,0" doraHai="52" doraHaiUra="134" who="1" fromWho="1" sc="213,-5,417,30,108,-10,252,-5" /><INIT seed="7,0,0,5,1,72" ten="208,447,98,247" oya="3" hai0="99,69,15,135,125,124,57,128,41,66,50,119,11" hai1="5,129,61,24,122,80,31,62,113,30,3,92,131" hai2="4,25,36,111,84,100,115,79,116,96,7,20,29" hai3="44,22,74,8,42,86,64,97,101,37,91,121,81"/><W56/><G121/><T83/><D119/><U130/><E122/><V73/><F111/><W75/><G22/><T132/><D99/><U103/><E113/><V33/><F115/><W55/><G64/><T109/><D109/><U19/><E31/><V123/><F116/><W12/><G56/><T32/><D32/><U104/><E104/><V26/><F123/><W87/><G87/><T112/><D112/><U16/><E80/><V117/><F117/><W35/><G55/><T88/><D69/><U21/><E62/><V85/><F36/><W13/><G13/><T27/><D27/><U127/><E127/><N who="0" m="48713" /><D66/><U67/><E103/><V59/><F73/><W1/><G1/><T49/><D128/><U23/><E92/><V77/><F59/><W94/><REACH who="3" step="1"/><G35/><REACH who="3" ten="208,447,98,237" step="2"/><T114/><D114/><U133/><E23/><V108/><F108/><W34/><G34/><T71/><D57/><N who="1" m="37295" /><E133/><V90/><F33/><W78/><G78/><N who="2" m="29705" /><F26/><W48/><G48/><T126/><D50/><U46/><E46/><V18/><F29/><W9/><G9/><AGARI ba="0,1" hai="3,5,9,16,19,21,24,30,129,130,131" m="37295" machi="9" ten="30,2000,0" yaku="19,1,54,1" doraHai="72" who="1" fromWho="3" sc="208,0,447,30,98,0,237,-20" owari="208,-19.2,477,57.7,98,-40.2,217,1.7" /></mjloggm>