<mjloggm ver="2.3"><GO type="169" lobby="0"/><UN n0="%E3%82%A4%E3%83%BC%E3%82%B1%E3%83%97%E3%83%A9" n1="%E3%81%BF%E3%81%AE%E3%81%AF%E3%81%98" n2="%E5%8D%93%E4%B8%8A%E3%81%AE%E5%85%AC%E5%8B%99%E5%93%A1" n3="%62%6F%79%61%74%65%74%75" dan="17,16,16,17" rate="2158.42,2069.02,2124.45,2209.28" sx="M,M,M,M"/><TAIKYOKU oya="0"/><INIT seed="0,0,0,0,0,36" ten="250,250,250,250" oya="0" hai0="26,13,12,6,99,115,49,8,104,132,69,39,90" hai1="71,101,52,33,110,46,23,125,84,68,0,45,88" hai2="77,67,37,126,80,48,120,83,65,78,107,15,66" hai3="14,86,87,27,135,91,50,58,28,51,55,118,131"/><T127/><D115/><U112/><E110/><V128/><F120/><W60/><G118/><T108/><D39/><U70/><E33/><V41/><F107/><W97/><G131/><T44/><D69/><U96/><E0/><V73/><F128/><W43/><G135/><T2/><D132/><U113/><E23/><V11/><F37/><W129/><G129/><T117/><D117/><U10/><E10/><V75/><F126/><W95/><G14/><T9/><D127/><U81/><E125/><V103/><F103/><W62/><G62/><T30/><D108/><U54/><E45/><V38/><F38/><W53/><G43/><T123/><D123/><U63/><E46/><V82/><F82/><W116/><G116/><T74/><D74/><U92/><REACH who="1" step="1"/><E63/><REACH who="1" ten="250,240,250,250" step="2"/><V102/><F102/><W59/><REACH who="3" step="1"/><G60/><REACH who="3" ten="250,240,250,240" step="2"/><T134/><D134/><U105/><E105/><V42/><REACH who="2" step="1"/><F48/><REACH who="2" ten="250,240,240,240" step="2"/><W76/><G76/><T35/><D104/><U56/><E56/><V100/><F100/><W121/><G121/><T25/><D49/><U18/><E18/><AGARI ba="0,3" hai="11,15,18,41,42,65,66,67,73,75,77,78,80,83" machi="18" ten="40,8000,1" yaku="1,1,9,1,52,2,53,0" doraHai="36" doraHaiUra="17" who="2" fromWho="1" sc="250,0,240,-80,240,110,240,0" /><INIT seed="1,0,0,5,5,7" ten="250,160,350,240" oya="1" hai0="38,69,6,47,27,48,123,59,96,78,109,51,82" hai1="114,117,94,71,89,111,44,31,29,11,113,98,119" hai2="57,28,129,30,16,112,40,17,106,35,99,20,108" hai3="85,95,92,34,135,131,4,12,49,88,10,54,84"/><U133/><E71/><V66/><F108/><W2/><G131/><T105/><D69/><U1/><E44/><V32/><F129/><W124/><G124/><T97/><D38/><U65/><E65/><V25/><F112/><N who="1" m="43113" /><E98/><V80/><F40/><W8/><G34/><T58/><D109/><U21/><E89/><V87/><F32/><W43/><G43/><T120/><D105/><U128/><E94/><V116/><F116/><N who="1" m="44617" /><E128/><V81/><F81/><W39/><G39/><T0/><D82/><U118/><N who="1" m="44625" /><U100/><DORA hai="60" /><E100/><V50/><F99/><W126/><G126/><T83/><D83/><U127/><E127/><V62/><F35/><W33/><G33/><T15/><D78/><U19/><E111/><V13/><F50/><W45/><G135/><T76/><D47/><U26/><E133/><V93/><F93/><W64/><G64/><T56/><D76/><U67/><E67/><V23/><F106/><W53/><G53/><T42/><D42/><U132/><E132/><V86/><F86/><W61/><G61/><T52/><D52/><U18/><E18/><V14/><F87/><W122/><G122/><T77/><D77/><U110/><E110/><V9/><F80/><W22/><G95/><T75/><D120/><U37/><E37/><V24/><F66/><W46/><G46/><T107/><D123/><U5/><AGARI ba="0,0" hai="1,5,11,19,21,26,29,31" m="44625,43113" machi="5" ten="50,9600,0" yaku="34,2,52,1" doraHai="7,60" who="1" fromWho="1" sc="250,-32,160,96,350,-32,240,-32" /><INIT seed="1,1,0,1,2,102" ten="218,256,318,208" oya="1" hai0="91,2,120,42,83,115,31,32,133,5,61,106,85" hai1="88,104,50,75,38,84,69,7,22,39,15,59,58" hai2="43,94,76,77,28,89,82,73,26,125,68,4,54" hai3="93,52,101,119,113,74,35,3,109,79,57,95,99"/><U103/><E69/><V60/><F125/><W19/><G113/><T134/><D115/><U127/><E75/><V87/><F43/><W86/><G109/><T14/><D2/><U48/><E127/><V110/><F110/><W96/><G3/><T46/><D120/><U27/><E39/><V80/><F68/><W78/><G119/><T44/><D44/><U100/><E38/><V20/><F60/><W11/><G35/><T62/><D106/><U9/><E104/><V51/><F4/><W90/><G74/><T81/><D81/><U30/><E50/><V47/><F76/><W131/><G131/><T71/><D31/><U41/><E59/><V13/><F13/><N who="3" m="7615" /><G96/><T21/><D32/><U45/><REACH who="1" step="1"/><E58/><REACH who="1" ten="218,246,318,208" step="2"/><V135/><F73/><W56/><G56/><T129/><D71/><U6/><E6/><V107/><F107/><W98/><G86/><T128/><D5/><U124/><E124/><V64/><F87/><W105/><G105/><T92/><D128/><U49/><E49/><AGARI ba="1,1" hai="49,52,57,78,79,90,93,95,98,99,101" m="7615" machi="49" ten="30,2000,0" yaku="8,1,54,1" doraHai="102" who="3" fromWho="1" sc="218,0,246,-23,318,0,208,33" /><INIT seed="2,0,0,5,5,70" ten="218,223,318,241" oya="2" hai0="88,119,77,39,60,30,100,56,99,84,135,93,126" hai1="72,110,71,13,124,111,98,69,2,4,95,24,22" hai2="134,1,85,80,6,26,7,115,101,54,127,10,31" hai3="41,51,23,58,19,76,44,97,78,12,103,11,117"/><V20/><F127/><W8/><G117/><T92/><D126/><U128/><E72/><V120/><F134/><W59/><G11/><T0/><D0/><U107/><E107/><V43/><F120/><W123/><G123/><T86/><D135/><U67/><E124/><V29/><F115/><W37/><G23/><T108/><D108/><N who="1" m="41515" /><E2/><V49/><F101/><W83/><G51/><T47/><D119/><U129/><E67/><V131/><F131/><N who="1" m="50249" /><E13/><V50/><F7/><W52/><G78/><T74/><D74/><U17/><E4/><V15/><F1/><W64/><G64/><T113/><D30/><U75/><E75/><V73/><F73/><W42/><G42/><T25/><D25/><U61/><E61/><V91/><F43/><W82/><G76/><T114/><D77/><U35/><E35/><V36/><F31/><W16/><G19/><T46/><D86/><U106/><E106/><V105/><F105/><W121/><G121/><T112/><REACH who="0" step="1"/><D39/><REACH who="0" ten="208,223,318,241" step="2"/><U130/><E130/><V9/><F36/><W133/><G133/><T63/><D63/><U116/><E116/><V96/><F50/><W5/><G37/><T45/><D45/><U68/><E68/><V66/><F49/><W28/><G44/><T33/><D33/><U40/><E40/><V90/><F85/><W55/><G41/><T118/><D118/><U104/><E104/><V38/><F38/><W81/><G28/><T57/><D57/><U34/><E34/><V65/><F29/><W14/><G59/><T122/><D122/><U53/><E53/><AGARI ba="0,1" hai="46,47,53,56,60,84,88,92,93,99,100,112,113,114" machi="53" ten="40,5200,0" yaku="1,1,54,1,53,1" doraHai="70" doraHaiUra="87" who="0" fromWho="1" sc="208,62,223,-52,318,0,241,0" /><INIT seed="3,0,0,1,3,47" ten="270,171,318,241" oya="3" hai0="1,3,129,62,75,121,20,114,94,133,60,10,64" hai1="56,18,84,37,123,5,33,70,106,105,78,48,128" hai2="36,13,63,25,111,80,49,131,117,45,100,46,27" hai3="61,79,21,93,53,132,122,42,2,40,96,16,112"/><W107/><G122/><T110/><D75/><U87/><E70/><V86/><F111/><W90/><G112/><T29/><D121/><U72/><E37/><V82/><F131/><W83/><G107/><T97/><D110/><U23/><E33/><V95/><F117/><W88/><G2/><T120/><D120/><U109/><E5/><V43/><F63/><W113/><G132/><T102/><D129/><U44/><E72/><V39/><F13/><W34/><G34/><T32/><D32/><U31/><E31/><V17/><F36/><W68/><G113/><T6/><D114/><U91/><E109/><V71/><F71/><W135/><G135/><T14/><D62/><U89/><E78/><V28/><F28/><W85/><G90/><T50/><D50/><U124/><E56/><V73/><F73/><W66/><REACH who="3" step="1"/><G53/><REACH who="3" ten="270,171,318,231" step="2"/><T22/><D133/><U77/><E123/><V67/><F67/><W118/><G118/><T104/><D104/><U9/><E106/><V4/><F100/><W92/><G92/><T35/><D1/><U7/><E105/><V76/><F95/><W55/><G55/><T15/><D3/><U30/><E128/><V65/><F65/><W26/><AGARI ba="0,1" hai="16,21,26,40,42,61,66,68,79,83,85,88,93,96" machi="26" ten="20,12000,1" yaku="1,1,0,1,7,1,54,2,53,0" doraHai="47" doraHaiUra="41" who="3" fromWho="3" sc="270,-40,171,-40,318,-40,231,130" /><INIT seed="3,1,0,2,1,13" ten="230,131,278,361" oya="3" hai0="29,106,4,2,59,11,19,96,72,110,9,93,70" hai1="56,134,122,42,37,35,109,120,54,129,46,75,71" hai2="26,113,20,14,127,30,95,21,39,10,1,8,28" hai3="66,115,128,3,36,103,63,64,85,22,47,84,104"/><W43/><G115/><T111/><D70/><U118/><E42/><V102/><F39/><W88/><G3/><T65/><D106/><U90/><E90/><V50/><F127/><W53/><G128/><T83/><D29/><U18/><E18/><V74/><F74/><W101/><G84/><T131/><D131/><U91/><E91/><V119/><F119/><W107/><G53/><T45/><D45/><U68/><E56/><V51/><F1/><W92/><G22/><T89/><D65/><U5/><E5/><V135/><F135/><W98/><REACH who="3" step="1"/><G63/><REACH who="3" ten="230,131,278,351" step="2"/><T55/><D72/><U100/><E54/><V81/><F21/><W17/><G17/><T33/><D33/><U27/><E75/><V79/><F28/><W38/><G38/><T32/><D32/><U97/><E37/><V78/><F8/><W125/><G125/><T76/><D19/><U123/><E35/><V121/><F113/><W60/><G60/><T116/><D11/><U87/><E87/><V126/><F126/><W94/><G94/><T112/><D112/><U73/><E73/><V62/><F62/><W86/><G86/><N who="0" m="48487" /><D116/><U77/><E118/><V31/><F31/><W61/><G61/><T12/><D2/><U23/><E129/><V49/><F30/><W114/><G114/><T130/><D130/><U133/><E133/><V44/><F10/><W132/><G132/><T15/><D55/><U16/><E134/><V34/><F34/><W67/><G67/><T82/><D9/><U117/><E117/><V6/><F20/><W108/><G108/><T41/><D110/><U24/><E109/><RYUUKYOKU ba="1,1" sc="230,-10,131,-10,278,-10,351,30" hai3="36,43,47,64,66,85,88,92,98,101,103,104,107" /><INIT seed="3,2,1,1,1,61" ten="220,121,268,381" oya="3" hai0="98,92,103,29,123,79,70,50,88,126,102,127,42" hai1="115,33,32,107,7,10,69,48,66,133,111,43,130" hai2="132,119,72,125,11,14,77,47,37,68,0,110,34" hai3="35,85,62,53,93,18,134,105,23,116,75,106,78"/><W94/><G116/><T46/><D123/><U60/><E115/><V64/><RYUUKYOKU type="yao9" ba="2,1" sc="220,0,121,0,268,0,381,0" hai2="0,11,14,34,37,47,64,68,72,77,110,119,125,132" /><INIT seed="3,3,1,0,2,9" ten="220,121,268,381" oya="3" hai0="135,125,25,43,57,120,27,80,66,45,132,101,109" hai1="3,61,69,47,70,90,36,108,79,23,60,95,65" hai2="54,40,85,127,42,24,124,2,94,126,62,58,121" hai3="33,55,5,128,6,99,18,19,50,104,93,14,10"/><W71/><G128/><T119/><D120/><U49/><E108/><V87/><F2/><W46/><G104/><T89/><D119/><U16/><E79/><V37/><F121/><W63/><G33/><T0/><D0/><U8/><E36/><V73/><F73/><W92/><G92/><T41/><D101/><U12/><E70/><V114/><F114/><W84/><G84/><N who="2" m="32329" /><F37/><W4/><G19/><T98/><D80/><U129/><E129/><V32/><F94/><W13/><G71/><T113/><D109/><U123/><E123/><V102/><F102/><N who="3" m="60783" /><G63/><T77/><D113/><U83/><E83/><V7/><F7/><W17/><G17/><T21/><D98/><U22/><E61/><V52/><F54/><W111/><G111/><T39/><D39/><U100/><E100/><V28/><AGARI ba="3,1" hai="24,28,32,40,42,52,58,62,124,126,127" m="32329" machi="28" ten="40,2700,0" yaku="18,1,54,1" doraHai="9" who="2" fromWho="2" sc="220,-10,121,-10,268,46,381,-16" /><INIT seed="4,0,0,4,4,118" ten="210,111,314,365" oya="0" hai0="131,62,84,100,96,92,34,35,38,32,4,83,26" hai1="97,69,114,111,108,107,101,85,127,79,103,91,20" hai2="93,116,115,95,49,9,68,98,25,112,18,90,122" hai3="113,7,2,60,45,55,53,44,21,87,42,3,59"/><T89/><D131/><U102/><E69/><V56/><F68/><W40/><G113/><N who="2" m="43593" /><F116/><W78/><G21/><T63/><D38/><U33/><E33/><V104/><F104/><W51/><G7/><T105/><D4/><U57/><E114/><V66/><F93/><W15/><G15/><T8/><D8/><U11/><E11/><V10/><F122/><W64/><G2/><T86/><REACH who="0" step="1"/><D26/><REACH who="0" ten="200,111,314,365" step="2"/><U17/><E127/><V73/><F25/><W28/><G3/><T22/><D22/><U67/><E111/><V94/><F9/><W46/><G40/><T119/><D119/><U110/><E108/><V12/><F10/><W109/><G42/><T74/><D74/><U76/><E110/><V16/><F73/><W124/><G109/><T99/><D99/><U1/><E1/><V77/><F98/><W27/><G27/><T43/><D43/><U129/><E129/><V58/><F12/><W41/><G41/><T37/><D37/><U31/><E97/><V48/><F18/><W52/><G124/><T121/><D121/><U6/><E6/><V125/><F16/><W117/><G117/><T82/><D82/><N who="1" m="49591" /><E31/><V130/><F130/><W13/><G28/><T71/><D71/><U29/><E29/><V70/><F70/><W120/><G120/><T39/><D39/><U135/><E107/><V24/><F24/><W30/><G30/><T132/><D132/><U81/><E135/><V0/><F0/><W36/><G36/><T133/><D133/><U80/><E80/><V54/><F125/><W134/><G134/><T50/><D50/><U47/><E81/><RYUUKYOKU ba="0,1" sc="200,30,111,-10,314,-10,365,-10" hai0="32,34,35,62,63,83,84,86,89,92,96,100,105" /><INIT seed="4,1,1,1,2,86" ten="230,101,304,355" oya="0" hai0="8,88,45,43,78,67,68,17,106,73,57,76,27" hai1="54,62,48,108,134,132,77,34,131,97,127,123,23" hai2="16,33,83,109,30,13,65,69,49,105,18,98,75" hai3="121,31,36,125,28,14,50,103,91,124,44,104,115"/><T42/><D106/><U22/><E34/><V72/><F109/><W61/><G115/><T4/><D68/><U92/><E123/><V107/><F69/><W87/><G36/><T60/><D73/><U12/><E108/><V6/><F65/><W63/><G121/><T70/><D70/><U122/><E122/><V37/><F37/><W119/><G119/><T56/><D56/><U19/><E77/><N who="0" m="29801" /><D45/><U135/><E127/><V51/><F83/><W120/><G120/><T126/><D126/><U32/><E32/><V15/><F98/><W59/><G104/><T7/><D27/><U101/><E131/><V3/><F33/><W80/><G124/><T94/><D17/><U95/><E62/><V112/><F6/><N who="0" m="2090" /><D8/><U26/><E95/><V47/><F47/><W29/><G44/><T38/><D38/><U21/><REACH who="1" step="1"/><E26/><REACH who="1" ten="230,91,304,355" step="2"/><V100/><F105/><W110/><G125/><T66/><D66/><U25/><E25/><V90/><F107/><W102/><G110/><T46/><D46/><AGARI ba="1,2" hai="12,19,21,22,23,46,48,54,92,97,101,132,134,135" machi="46" ten="40,2600,0" yaku="1,1,20,1,53,0" doraHai="86" doraHaiUra="114" who="1" fromWho="0" sc="230,-29,91,49,304,0,355,0" /><INIT seed="5,0,0,1,1,119" ten="201,140,304,355" oya="1" hai0="126,27,3,31,100,94,43,5,2,44,113,38,87" hai1="61,78,101,4,79,75,0,49,118,53,106,39,107" hai2="46,40,64,132,9,71,19,32,133,45,82,109,33" hai3="110,115,116,77,73,88,80,10,74,66,57,30,13"/><U24/><E118/><V91/><F109/><W62/><G110/><T22/><D113/><U41/><E61/><N who="2" m="40335" /><F19/><W15/><G115/><T98/><D126/><U128/><E24/><V103/><F103/><W52/><G116/><T59/><D5/><U105/><E128/><V99/><F9/><W7/><G30/><T104/><REACH who="0" step="1"/><D59/><REACH who="0" ten="191,140,304,355" step="2"/><U63/><E4/><V67/><F46/><W112/><G112/><T17/><D17/><U92/><E79/><V18/><F18/><W83/><G7/><T95/><D95/><U58/><E92/><V122/><F45/><W90/><G77/><T117/><D117/><U76/><E76/><V21/><F133/><W123/><G57/><T68/><D68/><U86/><E78/><V50/><F132/><W56/><G74/><T34/><D34/><U8/><E75/><V84/><F32/><W28/><G73/><T54/><D54/><U48/><E0/><V25/><F33/><W129/><G52/><T85/><D85/><U11/><E86/><V51/><F84/><W111/><G111/><T127/><D127/><U47/><REACH who="1" step="1"/><E101/><REACH who="1" ten="191,130,304,355" step="2"/><V20/><F82/><W108/><G80/><T36/><D36/><U114/><E114/><V125/><F125/><W6/><G83/><T26/><D26/><U134/><E134/><V93/><F25/><W131/><G108/><T96/><D96/><U69/><E69/><V135/><F99/><W65/><G6/><T70/><D70/><U102/><E102/><V130/><F93/><W60/><G131/><T16/><D16/><U120/><E120/><V42/><F122/><W89/><G123/><RYUUKYOKU ba="0,2" sc="191,15,130,15,304,-15,355,-15" hai0="2,3,22,27,31,38,43,44,87,94,98,100,104" hai1="8,11,39,41,47,48,49,53,58,63,105,106,107" /><INIT seed="5,1,2,4,1,114" ten="206,145,289,340" oya="1" hai0="70,133,7,1,117,124,126,105,4,108,22,48,60" hai1="15,101,111,125,130,128,72,75,109,6,57,28,45" hai2="119,79,12,100,9,38,67,73,61,42,132,41,106" hai3="29,84,85,104,97,102,95,43,88,116,96,35,58"/><U68/><E68/><V65/><F106/><W120/><G120/><T123/><D108/><N who="1" m="41547" /><E28/><V32/><F100/><W77/><G43/><T76/><D105/><U99/><E45/><V10/><F79/><W87/><G58/><T50/><D123/><U53/><E6/><N who="0" m="2089" /><D1/><U11/><E125/><N who="0" m="48233" /><D76/><U2/><E2/><V131/><F32/><W55/><G29/><T103/><D133/><U0/><E0/><V93/><F12/><W115/><G35/><T127/><D103/><U62/><E11/><V121/><F121/><W110/><G110/><T46/><D127/><U37/><E37/><V31/><F31/><W8/><G8/><T59/><D70/><U30/><E15/><V20/><F132/><W19/><G115/><T66/><D117/><U82/><E30/><V83/><F119/><W26/><G116/><T23/><D50/><U18/><E18/><V24/><F38/><W3/><G3/><T86/><D86/><U44/><E44/><V25/><F9/><W49/><G77/><T34/><D34/><U52/><E53/><AGARI ba="1,2" hai="22,23,46,48,53,59,60,66" m="48233,2089" machi="53" ten="30,1000,0" yaku="18,1" doraHai="114" who="0" fromWho="1" sc="206,33,145,-13,289,0,340,0" /><INIT seed="6,0,0,1,3,107" ten="239,132,289,340" oya="2" hai0="135,134,49,66,52,56,91,0,55,19,80,58,128" hai1="60,41,32,8,76,37,71,6,13,113,97,5,18" hai2="40,57,2,72,109,104,7,27,120,68,63,62,74" hai3="100,39,121,132,67,59,90,25,92,70,38,93,9"/><V126/><F120/><W22/><G70/><T103/><D0/><U111/><E111/><V102/><F40/><W51/><G132/><N who="0" m="50731" /><D128/><U87/><E113/><V17/><F62/><W46/><G9/><T54/><D103/><U96/><E32/><V79/><F79/><W130/><G93/><T119/><D119/><U26/><E71/><V83/><F83/><W14/><G14/><T81/><D66/><U4/><E60/><V3/><F17/><W84/><G100/><T85/><D19/><U33/><E37/><V45/><F45/><W75/><G130/><T47/><D80/><U1/><E41/><AGARI ba="0,0" hai="41,47,49,52,54,55,56,58,81,85,91" m="50731" machi="41" ten="30,2000,0" yaku="20,1,54,1" doraHai="107" who="0" fromWho="1" sc="239,20,132,-20,289,0,340,0" /><INIT seed="7,0,0,0,3,56" ten="259,112,289,340" oya="3" hai0="70,30,120,65,100,18,111,112,42,64,91,60,40" hai1="135,11,63,21,45,27,38,57,89,14,95,20,43" hai2="9,99,39,108,109,66,23,59,34,0,77,115,124" hai3="129,22,80,96,44,48,19,58,102,35,132,117,134"/><W87/><G35/><T6/><D120/><U4/><E135/><V12/><F39/><W75/><G75/><T107/><D111/><U71/><E71/><V16/><F115/><W86/><G117/><T10/><D112/><U97/><E38/><V104/><F124/><W13/><G58/><T93/><D30/><U47/><E21/><V67/><F67/><W53/><G129/><T92/><D107/><U79/><E79/><V126/><F126/><W78/><REACH who="3" step="1"/><G86/><REACH who="3" ten="259,112,289,330" step="2"/><T50/><D70/><U122/><E122/><V74/><F59/><W128/><G128/><T68/><D65/><U26/><E26/><V2/><F66/><W81/><G81/><T41/><D50/><U29/><REACH who="1" step="1"/><E43/><REACH who="1" ten="259,102,289,330" step="2"/><V17/><F109/><W90/><G90/><T130/><D130/><U103/><E103/><V69/><F108/><W85/><G85/><T110/><D110/><U98/><E98/><V36/><F99/><W123/><G123/><T127/><D127/><U1/><E1/><V73/><F0/><W88/><G88/><T51/><D100/><U62/><E62/><V76/><F2/><W3/><G3/><N who="0" m="351" /><D91/><U49/><E49/><V72/><F34/><W121/><G121/><T46/><D41/><U37/><E37/><V94/><F36/><W5/><G5/><T61/><D42/><U55/><AGARI ba="0,2" hai="4,11,14,20,27,29,45,47,55,57,63,89,95,97" machi="55" ten="20,8000,1" yaku="1,1,0,1,7,1,8,1,52,1,53,0" doraHai="56" doraHaiUra="105" who="1" fromWho="1" sc="259,-20,102,100,289,-20,330,-40" /><INIT seed="8,0,0,1,5,33" ten="239,202,269,290" oya="0" hai0="94,123,133,59,7,47,54,8,96,28,92,62,69" hai1="56,122,72,42,80,16,0,4,34,22,127,90,73" hai2="76,78,85,110,68,81,77,74,26,32,84,107,23" hai3="55,58,86,120,11,17,60,41,115,35,113,53,88"/><T79/><D133/><U52/><E122/><V101/><F68/><W39/><G35/><T95/><D123/><U109/><E109/><V108/><F32/><W15/><G120/><T106/><D69/><U40/><E34/><V12/><F12/><W3/><G3/><T71/><D71/><U98/><E127/><V45/><F45/><W125/><G125/><T38/><D106/><U2/><E4/><V111/><F26/><W6/><G17/><T61/><D28/><U36/><E73/><V134/><F134/><W46/><G53/><T18/><D79/><N who="2" m="30282" /><F23/><W49/><G39/><T75/><D75/><U48/><E72/><V104/><F104/><W121/><G121/><T1/><D18/><U105/><E105/><V114/><F114/><W44/><G44/><T9/><D9/><U102/><E36/><V65/><F65/><W89/><G89/><T132/><D132/><U82/><E82/><AGARI ba="0,0" hai="6,11,15,41,46,49,55,58,60,82,86,88,113,115" machi="82" ten="30,2000,0" yaku="7,1,54,1" doraHai="33" who="3" fromWho="1" sc="239,0,202,-20,269,0,290,20" owari="239,-16.1,182,-31.8,269,6.9,310,41.0" /></mjloggm>