<mjloggm ver="2.3"><GO type="169" lobby="0"/><UN n0="%74%61%6E%70%69%6E%38" n1="%E3%81%A1%E3%82%83%E3%82%8B%E3%82%81%E3%82%89" n2="%4D%41%54%59%55%49%E2%98%86" n3="%E3%81%A8%E3%82%8D%E3%82%8D%E3%81%9D%E3%81%B0" dan="16,17,17,17" rate="2138.39,2211.61,2180.17,2243.27" sx="M,M,M,M"/><TAIKYOKU oya="0"/><INIT seed="0,0,0,2,4,17" ten="250,250,250,250" oya="0" hai0="7,41,80,71,93,31,10,35,37,83,6,96,53" hai1="117,12,81,61,4,84,115,23,112,105,123,30,130" hai2="42,113,77,133,129,75,91,50,40,128,107,87,18" hai3="82,65,86,57,49,62,73,134,88,118,2,121,19"/><T29/><D71/><U16/><E117/><V39/><F113/><N who="1" m="43593" /><E123/><V55/><F107/><W70/><G118/><T126/><D126/><U32/><E105/><V66/><F66/><W97/><G121/><T48/><D41/><U98/><E98/><V111/><F77/><W116/><G116/><T54/><D54/><U9/><E130/><V92/><F75/><W60/><G134/><T0/><D37/><U114/><E114/><V79/><F79/><W46/><G2/><T47/><D6/><U63/><E30/><V85/><F85/><W99/><G73/><T22/><D35/><U58/><E32/><V43/><F133/><W27/><G62/><T51/><D51/><U59/><E63/><V127/><F127/><W131/><G131/><N who="2" m="50249" /><F111/><W52/><G70/><T125/><D31/><U26/><E61/><V110/><F110/><W135/><G135/><T14/><D125/><U45/><E45/><N who="2" m="28111" /><F18/><W3/><G3/><T100/><REACH who="0" step="1"/><D0/><REACH who="0" ten="240,250,250,250" step="2"/><U89/><AGARI ba="0,1" hai="4,9,12,16,23,26,58,59,81,84,89" m="43593" machi="89" ten="30,4000,0" yaku="11,1,52,1,54,1" doraHai="17" who="1" fromWho="1" sc="240,-20,250,50,250,-10,250,-10" /><INIT seed="1,0,0,1,4,44" ten="220,300,240,240" oya="1" hai0="110,71,121,18,69,32,35,6,124,33,65,30,22" hai1="82,17,15,106,115,81,16,12,61,11,51,68,123" hai2="67,28,120,57,114,56,88,55,104,19,103,76,116" hai3="112,29,80,43,101,87,92,86,70,118,135,10,1"/><U14/><E115/><V109/><F116/><W79/><G70/><T3/><D110/><U125/><E106/><V25/><F120/><W129/><G112/><T54/><D124/><U41/><E125/><V20/><F114/><W13/><G1/><T96/><D121/><U26/><E123/><V128/><F109/><W46/><G118/><T100/><D65/><U24/><E61/><N who="2" m="38311" /><F104/><W89/><G129/><T91/><D91/><U108/><E68/><V77/><F103/><W9/><G135/><T0/><D30/><U62/><E62/><N who="2" m="36159" /><F128/><W90/><G29/><T83/><D83/><N who="1" m="31755" /><E108/><V99/><F28/><W42/><G42/><T63/><D0/><U27/><E11/><V66/><F66/><W39/><G101/><T85/><D3/><U127/><E127/><V52/><F52/><W126/><G126/><T64/><D54/><U8/><E8/><V38/><F38/><W49/><G9/><T4/><D71/><U93/><E93/><AGARI ba="0,0" hai="19,20,25,76,77,88,93,99" m="36159,38311" machi="93" ten="30,3900,0" yaku="25,1,8,1,54,1" doraHai="44" who="2" fromWho="1" sc="220,0,300,-39,240,39,240,0" /><INIT seed="2,0,0,0,5,83" ten="220,261,279,240" oya="2" hai0="99,10,80,90,45,107,91,103,14,47,59,43,78" hai1="132,73,92,56,86,101,127,4,77,36,40,130,24" hai2="88,62,22,12,110,25,104,39,1,17,9,124,114" hai3="133,68,5,113,27,11,49,108,15,13,2,70,52"/><V74/><F114/><W122/><G122/><T29/><D29/><U97/><E127/><V126/><F74/><W120/><G120/><T37/><D47/><U26/><E130/><V116/><F104/><W98/><G113/><T131/><D59/><U115/><E132/><V51/><F39/><W58/><G133/><T44/><D44/><U109/><E109/><V81/><F116/><W118/><G118/><T20/><D20/><U65/><E36/><V72/><F1/><W95/><G108/><T0/><D131/><U28/><E40/><V85/><F72/><W3/><G27/><T105/><D105/><U48/><E73/><V82/><F110/><W125/><G125/><N who="2" m="48233" /><F51/><W8/><G2/><T67/><D67/><U119/><E119/><V93/><F62/><W64/><G64/><T76/><D76/><U46/><E4/><AGARI ba="0,0" hai="4,9,12,17,22,25,81,82,85,88,93" m="48233" machi="4" ten="30,5800,0" yaku="18,1,52,1,54,1" doraHai="83" who="2" fromWho="1" sc="220,0,261,-58,279,58,240,0" /><INIT seed="2,1,0,3,1,73" ten="220,203,337,240" oya="2" hai0="9,123,16,97,15,21,46,104,33,25,7,131,87" hai1="61,103,44,5,89,134,128,116,92,20,90,49,41" hai2="62,54,37,60,66,23,75,38,100,64,78,106,10" hai3="24,95,121,133,88,3,28,101,29,107,74,51,55"/><V120/><F120/><W83/><G121/><T84/><D131/><U59/><E128/><V119/><F119/><W68/><G68/><T57/><D123/><U72/><E116/><V122/><F122/><W65/><G65/><T114/><D114/><U79/><E134/><V63/><F23/><W22/><G3/><T48/><D57/><U52/><E5/><V127/><F10/><W12/><G133/><T45/><D45/><U80/><E103/><V40/><F100/><W99/><G12/><T27/><D104/><U110/><E110/><V130/><F106/><W93/><G29/><T2/><D97/><U39/><E20/><V118/><F118/><W86/><REACH who="3" step="1"/><G74/><REACH who="3" ten="220,203,337,230" step="2"/><T124/><D124/><U4/><E4/><V108/><F66/><W111/><G111/><T126/><D126/><U47/><REACH who="1" step="1"/><E92/><REACH who="1" ten="220,193,337,230" step="2"/><V70/><F108/><W13/><G13/><N who="0" m="5311" /><D33/><U77/><E77/><V94/><F78/><W36/><G36/><T35/><D35/><U125/><E125/><V98/><F37/><W71/><G71/><T19/><D2/><U56/><E56/><AGARI ba="1,2" hai="22,24,28,51,55,56,83,86,88,93,95,99,101,107" machi="56" ten="30,3900,0" yaku="1,1,7,1,54,1,53,0" doraHai="73" doraHaiUra="0" who="3" fromWho="1" sc="220,0,193,-42,337,0,230,62" /><INIT seed="3,0,0,0,3,133" ten="220,151,337,292" oya="3" hai0="132,18,69,101,70,71,31,38,40,119,59,47,92" hai1="19,8,73,54,45,53,30,49,130,105,134,21,46" hai2="106,66,107,3,125,11,78,114,93,51,127,63,83" hai3="41,37,128,122,100,24,111,9,27,95,96,43,131"/><W10/><G122/><T0/><D0/><U23/><E134/><V67/><F93/><W110/><G27/><T50/><D132/><U118/><E105/><V28/><F51/><W72/><G72/><T55/><D31/><U109/><E73/><N who="2" m="43471" /><F28/><W25/><G25/><T74/><D74/><U62/><E109/><N who="3" m="41482" /><G24/><T115/><D18/><U123/><E130/><N who="3" m="49706" /><G37/><T129/><D129/><U60/><E123/><V57/><F67/><W16/><G9/><T4/><D4/><U5/><E118/><V20/><F20/><W126/><G126/><N who="2" m="48137" /><F114/><W99/><G96/><T82/><D115/><U102/><E30/><V13/><F3/><W42/><G42/><T22/><D22/><U34/><E23/><V80/><F80/><W94/><G94/><T35/><D82/><U6/><E21/><V58/><F58/><W91/><G100/><T44/><D101/><U65/><E102/><V120/><F120/><W112/><G112/><T77/><D92/><U52/><E8/><V98/><F98/><W90/><G90/><T87/><D38/><U61/><E65/><V84/><F84/><W116/><G116/><T12/><D119/><U2/><E2/><V103/><F103/><W1/><G1/><T124/><D87/><U68/><E46/><V121/><F121/><W76/><G76/><T7/><D77/><U32/><E45/><V108/><F108/><W88/><G91/><T64/><D124/><U81/><E81/><V86/><F86/><W135/><G135/><T85/><D85/><U89/><E89/><V26/><F26/><W104/><G104/><T33/><D40/><RYUUKYOKU ba="0,0" sc="220,-15,151,-15,337,15,292,15" hai2="11,13,57,63,66,106,107" hai3="10,16,41,43,88,95,99" /><INIT seed="3,1,0,1,3,69" ten="205,136,352,307" oya="3" hai0="109,71,3,27,90,30,24,46,7,32,134,84,64" hai1="110,48,119,103,130,20,68,83,9,102,111,94,34" hai2="42,35,79,98,12,87,72,74,80,124,10,14,8" hai3="18,40,129,54,60,115,81,16,114,65,62,55,67"/><W135/><G81/><T41/><D109/><N who="1" m="41483" /><E34/><V49/><F35/><W37/><G129/><T125/><D125/><U6/><E68/><V76/><F98/><W66/><G135/><T36/><D134/><U4/><E130/><V19/><F124/><W121/><G121/><T26/><D3/><U63/><E63/><N who="3" m="24106" /><G18/><T28/><D7/><N who="1" m="2603" /><E9/><V0/><F0/><W1/><G16/><T96/><D96/><U128/><E128/><V117/><F19/><W99/><G99/><T15/><D15/><U113/><E94/><V133/><F80/><W17/><G17/><T89/><D71/><U58/><E113/><N who="3" m="43018" /><G1/><T82/><D64/><U50/><E119/><V31/><F117/><W97/><G97/><T88/><REACH who="0" step="1"/><D24/><REACH who="0" ten="195,136,352,307" step="2"/><U44/><E103/><V33/><F133/><W108/><G108/><T52/><D52/><N who="3" m="20009" /><G40/><T91/><D91/><U92/><E102/><V57/><F42/><W2/><G2/><T11/><D11/><U123/><E123/><V101/><F101/><W95/><G95/><T112/><D112/><U51/><E92/><V43/><F43/><W126/><G126/><T122/><D122/><U45/><E83/><V73/><F8/><W77/><G77/><T5/><D5/><U127/><E127/><V100/><F10/><W75/><G75/><T38/><D38/><AGARI ba="1,1" hai="37,38,65,66,67" m="20009,43018,24106" machi="38" ten="40,18000,2" yaku="28,2,34,2,52,2,54,1" doraHai="69" who="3" fromWho="0" sc="195,-183,136,0,352,0,307,193" /><INIT seed="3,2,0,5,0,95" ten="12,136,352,500" oya="3" hai0="74,79,62,51,19,112,25,16,27,67,117,69,22" hai1="42,107,58,20,14,59,23,13,100,48,24,32,40" hai2="18,34,72,119,53,113,52,86,122,77,0,134,116" hai3="89,131,127,60,10,123,105,21,128,83,56,5,71"/><W29/><G123/><T133/><D117/><U55/><E32/><V33/><F0/><W130/><G71/><T104/><D104/><U7/><E107/><V124/><F72/><W39/><G105/><T87/><D133/><U115/><E100/><V45/><F113/><W41/><G127/><T84/><D112/><U85/><E115/><V3/><F3/><W118/><G118/><T82/><REACH who="0" step="1"/><D51/><REACH who="0" ten="2,136,352,500" step="2"/><U126/><E48/><V65/><F134/><W75/><G39/><T121/><D121/><U63/><E126/><V54/><F122/><W99/><G131/><T35/><D35/><U81/><E42/><V73/><F124/><W101/><G41/><T109/><D109/><U108/><E40/><V93/><F34/><W6/><G130/><T120/><D120/><U1/><E108/><V38/><F33/><W50/><G50/><T88/><D88/><U64/><E23/><AGARI ba="2,1" hai="16,19,22,23,25,27,62,67,69,74,79,82,84,87" machi="23" ten="40,5200,0" yaku="1,1,9,1,54,1,53,0" doraHai="95" doraHaiUra="43" who="0" fromWho="1" sc="2,68,136,-58,352,0,500,0" /><INIT seed="4,0,0,5,1,131" ten="70,78,352,500" oya="0" hai0="86,55,54,74,98,68,124,35,123,106,67,116,125" hai1="6,117,22,53,71,47,13,91,114,110,1,108,112" hai2="40,79,25,12,5,92,80,14,96,102,19,119,87" hai3="105,130,84,61,100,107,66,62,76,75,23,57,85"/><T17/><D74/><U28/><E71/><V10/><F119/><W46/><G130/><T26/><D123/><U113/><E117/><V7/><F25/><W64/><G75/><T49/><D116/><U43/><E53/><V29/><F29/><W60/><G46/><T37/><D37/><U133/><E91/><V81/><F40/><W97/><G107/><T31/><D17/><U104/><E104/><V69/><F69/><W109/><G109/><T59/><D55/><U129/><E129/><V65/><F65/><W103/><G103/><N who="0" m="62839" /><D86/><U0/><E28/><V30/><F30/><W39/><G39/><T50/><D50/><U120/><E120/><V132/><F81/><W15/><G62/><AGARI ba="0,0" hai="26,31,35,49,54,59,62,67,68,124,125" m="62839" machi="62" ten="30,1500,0" yaku="25,1" doraHai="131" who="0" fromWho="3" sc="70,15,78,0,352,0,500,-15" /><INIT seed="4,1,0,4,5,53" ten="85,78,352,485" oya="0" hai0="54,131,97,112,15,86,67,124,127,91,28,9,76" hai1="46,61,26,121,3,105,130,80,107,35,24,25,84" hai2="134,34,49,75,133,45,69,108,132,59,74,38,68" hai3="85,11,113,115,102,72,82,106,4,114,77,120,47"/><T128/><D76/><U93/><E121/><V64/><F34/><W109/><G109/><T39/><D39/><U13/><E3/><V70/><F108/><W119/><G119/><T81/><D67/><U55/><E35/><V63/><REACH who="2" step="1"/><F38/><REACH who="2" ten="85,78,342,485" step="2"/><W88/><G120/><T41/><D127/><U92/><E130/><V103/><F103/><W52/><G102/><T48/><D124/><U118/><E118/><V125/><F125/><W37/><G37/><T71/><D131/><U79/><E107/><V62/><F62/><W83/><G106/><T56/><D128/><U32/><E32/><V5/><F5/><W104/><G104/><T78/><D112/><U129/><E105/><V31/><F31/><W117/><G117/><T44/><D28/><U126/><E126/><V8/><F8/><W40/><G11/><T18/><D71/><U17/><E129/><V20/><F20/><W22/><G22/><T116/><D116/><U36/><E36/><V100/><F100/><W23/><G23/><T57/><D41/><AGARI ba="1,1" hai="41,45,49,59,63,64,68,69,70,74,75,132,133,134" machi="41" ten="50,6400,0" yaku="1,1,20,1,52,1,53,0" doraHai="53" doraHaiUra="95" who="2" fromWho="0" sc="85,-67,78,0,342,77,485,0" /><INIT seed="5,0,0,3,3,103" ten="18,78,419,485" oya="1" hai0="72,2,85,129,87,52,50,88,99,39,105,0,40" hai1="76,135,73,108,34,64,125,70,21,112,14,35,90" hai2="63,18,98,29,45,127,5,118,86,6,82,94,119" hai3="84,7,111,96,79,110,10,91,69,100,80,49,67"/><U25/><E112/><V128/><F128/><W17/><G17/><T61/><D72/><U65/><E125/><V32/><F127/><W24/><G24/><T58/><D129/><U23/><E90/><V97/><F32/><W117/><G117/><T115/><D115/><U27/><E73/><V55/><F29/><W26/><G26/><T83/><D39/><U104/><E135/><V95/><F119/><W62/><G49/><T51/><D51/><U116/><E116/><V131/><F131/><W77/><G77/><T33/><D33/><U92/><E92/><N who="2" m="35371" /><F118/><W89/><G91/><T102/><D40/><U107/><E76/><N who="2" m="46407" /><F18/><W9/><G89/><T123/><D123/><U11/><E70/><V68/><F68/><W44/><G44/><T114/><D114/><U56/><E56/><N who="2" m="35231" /><F45/><W16/><G10/><T71/><REACH who="0" step="1"/><D85/><REACH who="0" ten="8,78,419,485" step="2"/><U3/><E35/><V126/><F126/><W48/><G48/><T122/><D122/><U38/><E38/><V43/><F43/><W30/><G111/><T75/><D75/><U37/><E37/><V31/><F31/><W41/><G110/><T59/><D59/><U20/><E34/><V8/><F8/><W113/><G113/><T53/><D53/><U78/><E108/><V47/><F47/><W81/><G41/><T19/><D19/><U93/><E11/><V12/><F12/><N who="3" m="5183" /><G16/><T121/><D121/><U60/><E14/><V28/><F28/><W22/><G30/><T66/><AGARI ba="0,1" hai="0,2,50,52,58,61,66,71,83,87,88,99,102,105" machi="66" ten="30,8000,1" yaku="1,1,0,1,52,1,54,2,53,0" doraHai="103" doraHaiUra="36" who="0" fromWho="0" sc="8,90,78,-40,419,-20,485,-20" /><INIT seed="6,0,0,4,0,44" ten="98,38,399,465" oya="2" hai0="96,28,112,56,11,26,91,61,60,85,15,125,117" hai1="34,86,108,122,123,102,114,109,74,94,55,133,97" hai2="87,35,116,82,103,101,84,47,41,52,12,130,54" hai3="7,38,19,110,62,106,27,45,71,36,129,98,67"/><V69/><F116/><W3/><G110/><T70/><D112/><U115/><E34/><V59/><F69/><W120/><G120/><N who="1" m="46122" /><E55/><V88/><F35/><W100/><G129/><T90/><D125/><U121/><N who="1" m="46130" /><U14/><DORA hai="65" /><E14/><V17/><F130/><W42/><G19/><T77/><D117/><U20/><E20/><N who="2" m="11303" /><F41/><W72/><G27/><T46/><D70/><U127/><E127/><V113/><F113/><N who="1" m="43017" /><E74/><V21/><F21/><W32/><G32/><T43/><D61/><U5/><E5/><V126/><F126/><W33/><G33/><T29/><D29/><U104/><E133/><V24/><F24/><W0/><G72/><T48/><D28/><U81/><E104/><V99/><F99/><W78/><G38/><T132/><D26/><U134/><E134/><V1/><F1/><W40/><G40/><T107/><D132/><U13/><E13/><V95/><F47/><W9/><G78/><AGARI ba="0,0" hai="78,81,86,94,97,102,108,109" m="43017,46130" machi="78" ten="40,8000,1" yaku="13,1,15,1,34,2" doraHai="44,65" who="1" fromWho="3" sc="98,0,38,80,399,0,465,-80" /><INIT seed="7,0,0,0,0,99" ten="98,118,399,385" oya="3" hai0="81,1,60,54,132,93,85,126,3,49,10,105,17" hai1="18,61,38,8,123,26,103,129,76,122,115,13,98" hai2="29,42,68,69,72,35,127,130,117,0,92,101,62" hai3="75,119,106,14,27,102,131,77,125,78,64,83,39"/><W52/><G119/><T46/><D105/><U82/><E38/><V47/><F117/><W45/><G64/><T19/><D132/><U128/><E61/><V70/><F72/><W88/><G125/><T71/><D126/><U118/><E118/><V37/><F0/><W96/><G131/><N who="1" m="50250" /><E26/><V86/><F130/><W79/><G27/><T100/><D71/><U53/><E53/><V108/><F108/><W124/><G124/><T31/><D31/><U112/><E103/><V135/><F135/><W21/><G88/><N who="0" m="51247" /><D1/><U111/><E98/><V33/><F62/><W113/><G113/><N who="1" m="43594" /><E111/><V56/><F101/><W114/><G114/><T48/><D3/><U40/><E40/><V59/><F127/><W25/><G14/><N who="0" m="7383" /><D19/><U94/><E94/><V7/><F92/><W55/><G55/><T133/><D133/><U4/><E18/><V6/><F37/><W84/><G75/><AGARI ba="0,0" hai="4,8,13,75,76,82,122,123" m="43594,50250" machi="75" ten="30,2000,0" yaku="19,1,15,1" doraHai="99" who="1" fromWho="3" sc="98,0,118,20,399,0,385,-20" owari="98,-40.2,138,-26.2,399,49.9,365,16.5" /></mjloggm>