<mjloggm ver="2.3"><GO type="169" lobby="0"/><UN n0="%41%63%75%6E%61%4A%72" n1="%E3%81%AA%E3%81%8B%E3%81%AE%E3%81%86%E3%81%88" n2="%E5%8F%97%E3%81%91%E5%85%A5%E3%82%8C%E9%87%8D%E8%A6%96" n3="%E3%81%86%E3%81%A3%E3%81%8B%E3%82%8A" dan="17,16,16,16" rate="2256.23,2151.18,2157.52,2136.42" sx="M,M,M,M"/><TAIKYOKU oya="0"/><INIT seed="0,0,0,5,1,80" ten="250,250,250,250" oya="0" hai0="108,13,90,88,110,75,4,79,9,47,26,53,105" hai1="100,114,36,19,66,71,16,121,97,65,95,28,0" hai2="42,128,82,6,87,122,58,18,85,10,107,20,57" hai3="56,106,44,135,22,127,69,89,117,72,23,27,93"/><T62/><D105/><U134/><E121/><V5/><F122/><W126/><G69/><T102/><D102/><U78/><E134/><V91/><F107/><W14/><G106/><T86/><D75/><U59/><E71/><V24/><F42/><W125/><G117/><T81/><D26/><U116/><E36/><V64/><F128/><W77/><G135/><T50/><REACH who="0" step="1"/><D62/><REACH who="0" ten="240,250,250,250" step="2"/><U99/><E100/><V123/><F123/><W101/><G101/><T112/><D112/><U124/><E114/><V34/><F34/><W132/><G27/><T74/><D74/><U40/><E116/><V35/><F35/><W30/><G72/><T63/><D63/><U129/><E129/><V76/><F64/><W104/><G104/><T109/><AGARI ba="0,1" hai="4,9,13,47,50,53,79,81,86,88,90,108,109,110" machi="109" ten="30,18000,2" yaku="1,1,0,1,14,1,10,1,52,1,54,1,53,0" doraHai="80" doraHaiUra="113" who="0" fromWho="0" sc="240,190,250,-60,250,-60,250,-60" /><INIT seed="0,1,0,0,2,123" ten="430,190,190,190" oya="0" hai0="64,122,40,116,9,119,124,49,126,96,103,125,10" hai1="118,53,8,19,76,80,6,5,113,89,26,73,101" hai2="79,61,134,46,84,12,128,74,69,43,90,133,42" hai3="70,16,85,109,131,38,11,88,95,130,30,59,37"/><T63/><D122/><U52/><E118/><V17/><F79/><W108/><G70/><T45/><D119/><U34/><E113/><V105/><F74/><W15/><G30/><T78/><D78/><U23/><E101/><V97/><F128/><N who="3" m="49195" /><G59/><T24/><D24/><U87/><E34/><V117/><F117/><W83/><G83/><T60/><D116/><U27/><E27/><V57/><F69/><W3/><G3/><T29/><D29/><U127/><E127/><V99/><F105/><W13/><G13/><T36/><D36/><AGARI ba="1,0" hai="11,15,16,36,37,38,85,88,95,108,109" m="49195" machi="36" ten="30,8000,1" yaku="19,1,52,2,54,2" doraHai="123" who="3" fromWho="0" sc="430,-83,190,0,190,0,190,83" /><INIT seed="1,0,0,1,1,69" ten="347,190,190,273" oya="1" hai0="89,131,100,56,10,77,62,101,99,35,50,81,44" hai1="110,65,25,37,24,13,90,108,42,112,41,78,132" hai2="6,45,59,64,115,113,52,66,67,84,72,34,60" hai3="51,1,104,106,116,2,33,58,54,97,75,5,31"/><U61/><E112/><N who="2" m="43083" /><F72/><W117/><G75/><T7/><D35/><U16/><E78/><V135/><F34/><W133/><G133/><T87/><D131/><U8/><E132/><V107/><F107/><W114/><G114/><T30/><D30/><U63/><E90/><V38/><F6/><W129/><G129/><T109/><D109/><N who="1" m="42091" /><E63/><N who="2" m="36327" /><F84/><W57/><G5/><T103/><D89/><U4/><E4/><V47/><F135/><W124/><G97/><T14/><D99/><U123/><E123/><V27/><F27/><N who="1" m="10313" /><E37/><V88/><F88/><W0/><G33/><T73/><D73/><U130/><E130/><V95/><F95/><W29/><G2/><T43/><D101/><U53/><E53/><AGARI ba="0,0" hai="7,10,14,43,44,50,53,56,62,77,81,87,100,103" machi="53" ten="30,7700,0" yaku="7,1,25,2,8,1" doraHai="69" who="0" fromWho="1" sc="347,77,190,-77,190,0,273,0" /><INIT seed="2,0,0,1,1,105" ten="424,113,190,273" oya="2" hai0="10,32,0,110,17,47,20,106,11,14,68,93,66" hai1="56,82,114,76,97,46,30,64,19,44,98,125,119" hai2="21,83,94,108,15,2,129,111,31,122,101,74,85" hai3="127,109,102,57,96,58,52,39,75,112,84,65,73"/><V26/><F2/><W6/><G109/><N who="2" m="42057" /><F122/><W135/><G127/><T33/><D106/><U107/><E98/><N who="2" m="59607" /><F129/><W90/><G39/><T92/><D110/><U16/><E97/><V128/><F128/><W3/><G135/><T25/><D47/><U53/><E46/><V89/><F15/><W99/><G112/><T23/><D33/><U67/><E44/><V62/><F62/><W4/><G65/><T18/><D32/><U1/><E67/><V28/><F31/><W27/><G27/><T116/><D116/><U117/><E30/><V60/><F60/><W118/><G118/><T70/><D66/><U115/><E64/><V36/><F36/><W41/><G3/><T51/><D0/><U87/><E1/><V121/><F121/><W37/><G37/><T50/><D14/><U45/><E115/><V71/><F71/><W8/><G102/><T12/><D12/><U61/><E114/><V113/><F113/><W120/><G120/><T49/><D49/><U48/><E48/><V43/><F43/><W13/><G13/><T86/><D25/><U79/><E61/><V24/><F24/><W7/><G41/><T95/><D51/><U54/><E119/><V103/><F103/><W88/><G7/><T5/><D50/><U126/><E45/><V42/><F42/><W59/><G6/><T81/><D5/><U124/><E117/><V104/><F104/><W72/><G4/><T38/><D38/><U34/><E124/><V78/><F89/><W77/><G90/><N who="0" m="51535" /><D70/><U100/><E125/><V133/><F133/><W123/><G123/><T40/><D68/><RYUUKYOKU ba="0,0" sc="424,-10,113,-10,190,30,273,-10" hai2="21,26,28,74,78,83,85" /><INIT seed="2,1,0,1,5,82" ten="414,103,220,263" oya="2" hai0="15,134,119,76,84,4,40,70,126,32,61,5,102" hai1="129,18,26,128,53,107,20,43,8,48,93,125,29" hai2="86,37,123,104,30,112,110,36,47,109,42,2,88" hai3="75,60,35,58,59,46,16,108,9,87,90,117,62"/><V28/><F112/><W100/><G117/><T23/><D32/><U69/><E107/><V54/><F123/><W81/><G108/><N who="2" m="41577" /><F104/><W38/><G35/><T65/><D134/><U89/><E69/><V73/><F73/><W64/><G75/><T50/><D126/><U78/><E78/><V95/><F2/><W115/><G115/><T63/><D102/><U85/><E43/><V41/><F54/><W77/><G38/><N who="2" m="14953" /><F41/><W127/><G127/><T71/><D119/><U57/><E125/><V74/><F74/><W3/><G46/><T98/><D76/><U135/><E135/><V19/><F19/><W94/><G3/><T12/><D40/><U133/><E133/><V51/><AGARI ba="1,0" hai="28,30,42,47,51,86,88,95" m="14953,41577" machi="51" ten="30,11700,0" yaku="14,1,10,1,52,1,54,1" doraHai="82" who="2" fromWho="2" sc="414,-40,103,-40,220,120,263,-40" /><INIT seed="2,2,0,0,3,43" ten="374,63,340,223" oya="2" hai0="111,21,97,86,62,47,75,25,89,22,70,51,27" hai1="66,26,52,123,99,34,9,0,94,6,134,72,113" hai2="4,112,127,59,119,79,114,104,2,109,121,108,129" hai3="14,81,5,88,28,125,83,20,56,103,38,128,36"/><V60/><F119/><W63/><G128/><T16/><D111/><N who="2" m="42570" /><F121/><W74/><G125/><T50/><D75/><U41/><E72/><V13/><F129/><W133/><G133/><T32/><D97/><U71/><E113/><V65/><F127/><W33/><G33/><T82/><D32/><U122/><E134/><V80/><F2/><W17/><G103/><T31/><D70/><U67/><E41/><V46/><F104/><W96/><G5/><T116/><D116/><U130/><E130/><V29/><F29/><W115/><G28/><T78/><D62/><U44/><E26/><V35/><F35/><W18/><G115/><T105/><D105/><U68/><E34/><V98/><F98/><W40/><G40/><N who="0" m="24935" /><D51/><N who="1" m="28775" /><E71/><V93/><F93/><W37/><G18/><T90/><AGARI ba="2,0" hai="16,21,22,25,27,31,78,82,86,89,90" m="24935" machi="90" ten="30,4000,0" yaku="8,1,52,1,54,1" doraHai="43" who="0" fromWho="0" sc="374,46,63,-12,340,-22,223,-12" /><INIT seed="3,0,0,3,5,119" ten="420,51,318,211" oya="3" hai0="76,73,50,79,93,45,12,56,20,68,123,15,111" hai1="115,116,88,121,27,134,77,89,60,11,22,95,13" hai2="118,17,86,107,10,19,33,66,108,41,16,135,99" hai3="117,72,124,38,7,1,83,125,9,26,74,90,54"/><W106/><G117/><T100/><D111/><U5/><E116/><V30/><F118/><W36/><G106/><T81/><D68/><U43/><E134/><V39/><F108/><W4/><G54/><T64/><D123/><U55/><E115/><V97/><F135/><W24/><G90/><T69/><D69/><U96/><E121/><V101/><F97/><W44/><G7/><T80/><D20/><U57/><E77/><V48/><F39/><W127/><G38/><T0/><D0/><U18/><REACH who="1" step="1"/><E43/><REACH who="1" ten="420,41,318,211" step="2"/><V47/><F41/><N who="3" m="22567" /><G72/><T61/><D73/><U32/><E32/><V34/><F34/><W91/><G74/><T103/><D79/><U6/><E6/><V28/><F33/><W87/><AGARI ba="0,1" hai="1,4,9,24,26,83,87,91,124,125,127" m="22567" machi="87" ten="40,2100,0" yaku="18,1" doraHai="119" who="3" fromWho="3" sc="420,-7,41,-7,318,-7,211,31" /><INIT seed="3,1,0,2,2,9" ten="413,34,311,242" oya="3" hai0="56,59,100,8,39,108,130,121,5,106,53,69,43" hai1="113,126,75,21,134,135,51,25,99,15,2,94,72" hai2="49,14,0,87,91,82,66,101,83,124,46,123,114" hai3="50,58,40,61,92,78,64,57,62,77,36,24,102"/><W129/><G129/><T52/><D121/><U63/><E2/><V120/><F0/><W95/><G36/><T119/><D119/><U41/><E113/><V23/><F114/><W30/><G40/><T10/><D69/><U3/><E3/><V104/><F124/><W90/><G50/><T70/><D70/><U118/><E126/><V47/><F66/><W79/><G90/><T73/><D73/><U12/><E118/><V98/><F82/><W7/><G7/><T122/><D106/><U55/><E41/><V127/><F127/><W93/><G102/><T38/><D43/><U1/><E1/><V4/><F4/><W44/><G44/><T112/><D5/><U37/><E63/><V105/><F104/><W128/><G128/><T103/><D130/><U109/><E37/><V31/><F31/><W32/><REACH who="3" step="1"/><G78/><REACH who="3" ten="413,34,311,232" step="2"/><T35/><D112/><U45/><E109/><V28/><F49/><W88/><G88/><T71/><D108/><U33/><E33/><V84/><F46/><W80/><G80/><T18/><D35/><U54/><E51/><V74/><F47/><W60/><G60/><T11/><D39/><U27/><E45/><V76/><F91/><W20/><G20/><T16/><D38/><U65/><E21/><V125/><F125/><W81/><G81/><T133/><D100/><U13/><E135/><V89/><F89/><W48/><G48/><T6/><D103/><U67/><E134/><V22/><F22/><W34/><G34/><T132/><D6/><U111/><E111/><V26/><F83/><W86/><G86/><T97/><D132/><RYUUKYOKU ba="1,1" sc="413,-10,34,-10,311,-10,232,30" hai3="24,30,32,57,58,61,62,64,77,79,92,93,95" /><INIT seed="3,2,1,1,5,108" ten="403,24,301,262" oya="3" hai0="128,66,45,126,131,19,57,96,114,117,125,48,56" hai1="17,87,13,38,41,105,47,3,76,65,92,102,72" hai2="95,122,16,110,9,40,61,14,60,35,78,79,91" hai3="44,133,7,134,24,5,6,4,39,23,104,71,15"/><W68/><G104/><T34/><D117/><U119/><E3/><V67/><F110/><W107/><G107/><T58/><D34/><U1/><E1/><V0/><F122/><W8/><G39/><T94/><D19/><U84/><E119/><V132/><F132/><W130/><G44/><T51/><D114/><U27/><E105/><V77/><F35/><W83/><G130/><N who="0" m="49707" /><D66/><U64/><E72/><V55/><F0/><W70/><REACH who="3" step="1"/><G83/><REACH who="3" ten="403,24,301,252" step="2"/><T33/><D45/><U111/><E111/><V21/><F40/><W54/><G54/><T53/><D53/><U124/><E47/><V101/><F55/><W93/><G93/><T81/><D81/><U49/><E92/><V82/><F67/><W37/><G37/><T59/><D51/><U106/><E49/><V25/><F82/><W90/><G90/><T12/><D48/><U32/><E38/><V75/><F101/><W123/><G123/><T63/><D94/><U89/><E89/><V113/><F113/><W69/><N who="3" m="17408" /><DORA hai="109" /><W88/><G88/><T80/><D80/><U100/><E41/><V86/><REACH who="2" step="1"/><F75/><REACH who="2" ten="403,24,291,252" step="2"/><W11/><G11/><T116/><D116/><U46/><E102/><V42/><F42/><W26/><G26/><T73/><D73/><U112/><E100/><V118/><F118/><W85/><G85/><T10/><D10/><U43/><E87/><V98/><F98/><W29/><AGARI ba="2,3" hai="4,5,6,7,8,15,23,24,29,133,134" m="17408" machi="29" ten="60,18000,2" yaku="1,1,0,1,53,5" doraHai="108,109" doraHaiUra="2,20" who="3" fromWho="3" sc="403,-62,24,-62,291,-62,252,216" owari="341,14.1,-38,-53.8,229,-17.1,468,56.8" /></mjloggm>