<mjloggm ver="2.3"><GO type="169" lobby="0"/><UN n0="%68%61%6B%75%30%37" n1="%E9%A2%A8%E3%81%A7%E9%B3%B4%E3%81%8F" n2="%E3%83%AD%E3%83%99%E3%83%AB%E3%82%BF%E3%81%95%E3%82%93%EF%BC%A0" n3="%4C%61%72%72%6B" dan="17,17,16,16" rate="2194.97,2203.03,2140.54,2150.50" sx="M,M,F,M"/><TAIKYOKU oya="0"/><INIT seed="0,0,0,2,0,88" ten="250,250,250,250" oya="0" hai0="1,110,115,118,51,40,79,47,132,129,44,120,27" hai1="55,28,31,22,108,25,111,126,9,35,23,52,26" hai2="58,18,64,33,12,53,98,96,102,24,11,74,42" hai3="101,60,80,122,38,100,117,107,123,105,82,57,134"/><T3/><D115/><U113/><E9/><V67/><F74/><W94/><G38/><T92/><D118/><U41/><E41/><V116/><F116/><W128/><G57/><T16/><D120/><N who="3" m="46121" /><G60/><T17/><D132/><U77/><E77/><V72/><F72/><W8/><G8/><T61/><D129/><U34/><REACH who="1" step="1"/><E113/><REACH who="1" ten="250,240,250,250" step="2"/><V125/><F42/><W85/><G117/><T54/><D79/><U4/><E4/><V56/><F11/><W109/><G134/><T2/><D40/><U15/><E15/><V78/><F12/><W37/><G37/><T119/><D119/><U127/><AGARI ba="0,1" hai="22,23,25,26,28,31,34,35,52,55,108,111,126,127" machi="127" ten="25,8000,1" yaku="1,1,0,1,22,2,54,1,53,0" doraHai="88" doraHaiUra="76" who="1" fromWho="1" sc="250,-40,240,90,250,-20,250,-20" /><INIT seed="1,0,0,5,3,130" ten="210,330,230,230" oya="1" hai0="129,20,46,65,72,6,68,100,110,66,82,81,42" hai1="115,112,132,74,107,104,31,133,90,67,2,1,16" hai2="56,63,128,127,113,64,52,121,80,22,30,108,111" hai3="83,114,45,106,33,40,135,95,89,88,103,87,36"/><U131/><E74/><V124/><F30/><W38/><G114/><T26/><D129/><U37/><E131/><V94/><F22/><W13/><G33/><T105/><D110/><N who="2" m="42026" /><F94/><W8/><G36/><T91/><D6/><U28/><E37/><V134/><F80/><W51/><G106/><N who="1" m="40490" /><E16/><V75/><F75/><W15/><G103/><T123/><D123/><U19/><E19/><V62/><F128/><W77/><G15/><T116/><D116/><U122/><E67/><V55/><F113/><N who="1" m="43593" /><E90/><V49/><F121/><W12/><G12/><T102/><D91/><U10/><E10/><V69/><F134/><N who="1" m="51817" /><E122/><V57/><AGARI ba="0,0" hai="49,52,55,56,57,62,63,64,69,124,127" m="42026" machi="57" ten="30,7900,0" yaku="14,1,34,2,54,1" doraHai="130" who="2" fromWho="2" sc="210,-20,330,-39,230,79,230,-20" /><INIT seed="2,0,0,3,0,3" ten="190,291,309,210" oya="2" hai0="57,32,17,42,70,83,39,66,12,67,117,21,76" hai1="71,92,35,51,116,77,69,61,64,80,89,123,126" hai2="16,7,100,14,1,109,96,81,50,41,131,62,97" hai3="48,108,132,102,87,28,29,6,63,36,8,93,113"/><V91/><F131/><W104/><G36/><T111/><D111/><U44/><E35/><V10/><F109/><W72/><G72/><T98/><D32/><U125/><E116/><V133/><F133/><W74/><G74/><T121/><D121/><U114/><E114/><V40/><F50/><W46/><G108/><T101/><D70/><U130/><E130/><V79/><F62/><W43/><G132/><T15/><D117/><U54/><E123/><V88/><F97/><W33/><G113/><T52/><D12/><U68/><E80/><V26/><F26/><W124/><G124/><N who="1" m="47722" /><E77/><V122/><F122/><W18/><G18/><T135/><D135/><U25/><E25/><V59/><F59/><W127/><G127/><T95/><D42/><U103/><E103/><V106/><F40/><W13/><G33/><T30/><D30/><U5/><E5/><V22/><F41/><W4/><G104/><T129/><D129/><U53/><E53/><V38/><F38/><W45/><G63/><T84/><REACH who="0" step="1"/><D39/><REACH who="0" ten="180,291,309,210" step="2"/><U82/><E71/><V90/><REACH who="2" step="1"/><F91/><REACH who="2" ten="180,291,299,210" step="2"/><W11/><G43/><T85/><D85/><AGARI ba="0,2" hai="1,7,10,14,16,22,79,81,85,88,90,96,100,106" machi="85" ten="30,18000,2" yaku="1,1,2,1,7,1,52,1,54,2,53,1" doraHai="3" doraHaiUra="0" who="2" fromWho="0" sc="180,-180,291,0,299,200,210,0" /><INIT seed="2,1,0,2,3,131" ten="0,291,499,210" oya="2" hai0="77,52,86,70,47,0,55,89,87,40,115,68,48" hai1="8,43,111,32,97,39,14,60,23,118,46,85,44" hai2="7,120,3,130,78,22,116,49,107,35,54,16,19" hai3="75,38,94,112,63,79,93,88,37,4,36,45,110"/><V31/><F107/><W42/><G110/><T124/><D115/><U12/><E32/><V57/><F130/><W58/><G112/><T18/><D0/><U24/><E111/><V135/><F116/><W100/><G4/><T72/><D72/><U105/><E118/><V34/><F31/><W27/><G27/><T108/><D108/><U95/><E85/><V99/><F120/><W109/><G109/><T13/><D124/><U26/><E105/><V132/><F19/><W62/><G75/><T82/><D68/><U9/><E60/><V121/><F78/><W2/><G79/><T102/><D102/><U96/><E23/><V103/><F121/><W134/><G2/><T119/><D70/><U67/><E67/><V5/><F99/><W21/><G21/><T53/><D119/><U33/><E95/><V127/><F103/><W84/><G63/><T129/><D129/><U29/><E33/><N who="2" m="12299" /><F3/><W117/><G117/><T126/><D126/><U76/><E76/><V15/><F127/><W6/><G6/><T83/><D40/><U81/><E43/><V104/><F104/><W92/><G100/><T51/><D51/><U65/><E65/><V91/><F91/><W25/><G36/><T73/><D73/><U128/><E128/><V80/><F80/><W113/><G37/><T28/><D28/><U64/><E64/><V122/><F122/><W59/><G113/><T106/><D106/><U17/><E39/><V133/><AGARI ba="1,0" hai="5,7,15,16,22,49,54,57,132,133,135" m="12299" machi="133" ten="40,12000,1" yaku="20,1,52,3,54,1" doraHai="131" who="2" fromWho="2" sc="0,-41,291,-41,499,123,210,-41" owari="-41,-54.1,250,5.0,622,72.2,169,-23.1" /></mjloggm>