<mjloggm ver="2.3"><GO type="169" lobby="0"/><UN n0="%E3%81%AF%E3%81%BE%E3%81%A1%E3%83%AA%E3%83%BC%E3%82%B0" n1="%E3%81%9D%E3%82%93%E3%81%97%E6%A7%98" n2="%E5%A4%A9%E6%89%8D%E3%82%A4%E3%83%99%E3%83%AA%E3%82%B3%E8%B1%9A" n3="%E9%A6%AC%E3%81%AE%E8%80%B3%E3%81%AB%E5%BF%B5%E4%BB%8F" dan="17,17,16,17" rate="2155.23,2227.95,2065.09,2170.38" sx="M,M,F,M"/><TAIKYOKU oya="0"/><INIT seed="0,0,0,5,1,4" ten="250,250,250,250" oya="0" hai0="121,55,107,130,47,63,8,18,57,113,124,42,80" hai1="76,7,65,84,21,131,132,117,122,111,16,19,94" hai2="54,119,61,13,59,60,116,73,98,6,37,53,105" hai3="38,41,75,22,67,66,102,82,36,69,45,86,56"/><T109/><D113/><U1/><E117/><V44/><F73/><W126/><G75/><T81/><D121/><U78/><E122/><V48/><F105/><W50/><G102/><T97/><D130/><U77/><E111/><V127/><F98/><W112/><G22/><T34/><D34/><U123/><E123/><V17/><F6/><W24/><G24/><T0/><D124/><U71/><E131/><V12/><F12/><W29/><G29/><T32/><D32/><U26/><E132/><V72/><F72/><W91/><G112/><T99/><D109/><U128/><E128/><V125/><F13/><W43/><G91/><T28/><D28/><U68/><E19/><V31/><F17/><W51/><G86/><T134/><D134/><U46/><E46/><V35/><F31/><W114/><G82/><N who="0" m="31851" /><D0/><U135/><E135/><V103/><F103/><W70/><G114/><T9/><D18/><U104/><E104/><V62/><F35/><W110/><G110/><T79/><D79/><U15/><E1/><V58/><F37/><N who="3" m="14443" /><G126/><N who="2" m="48137" /><F62/><N who="3" m="38215" /><G67/><AGARI ba="0,0" hai="44,48,53,54,58,59,60,61,67,116,119" m="48137" machi="67" ten="30,3900,0" yaku="18,1,34,2" doraHai="4" who="2" fromWho="3" sc="250,0,250,0,250,39,250,-39" /><INIT seed="1,0,0,4,0,133" ten="250,250,289,211" oya="1" hai0="87,132,22,72,93,21,125,92,13,111,35,41,74" hai1="8,65,18,106,43,135,70,63,4,131,128,38,108" hai2="84,59,104,9,124,123,113,0,134,26,100,120,102" hai3="86,112,78,122,34,94,20,16,19,30,27,64,15"/><U58/><E106/><V56/><F134/><W36/><G122/><T28/><D132/><U50/><E135/><V31/><F84/><W5/><G36/><T29/><D87/><U115/><E18/><V12/><F0/><W99/><G112/><T97/><D97/><U3/><E115/><V62/><F113/><W127/><G127/><T48/><D48/><U121/><E121/><V37/><F124/><W7/><G64/><T83/><D125/><U130/><E108/><V129/><F59/><W77/><G77/><T117/><D13/><U85/><E85/><V88/><F129/><W11/><G78/><T51/><D51/><U10/><E10/><V119/><F88/><W95/><G86/><T55/><D55/><U1/><E1/><V114/><F119/><W52/><G52/><T49/><D49/><U69/><REACH who="1" step="1"/><E50/><REACH who="1" ten="250,240,289,211" step="2"/><V47/><F114/><W40/><G19/><T33/><D111/><U25/><E25/><V109/><F26/><W110/><G110/><T61/><D117/><U23/><E23/><V76/><F9/><W17/><G17/><T45/><D33/><U116/><E116/><V71/><F104/><W57/><G34/><T73/><D35/><U82/><E82/><V53/><F109/><W81/><G81/><T103/><D83/><U89/><E89/><V32/><F123/><W90/><G95/><T105/><D93/><U6/><E6/><V118/><F32/><W46/><G5/><T79/><D92/><U39/><E39/><V68/><F118/><W44/><G7/><T2/><D2/><U54/><E54/><V107/><F120/><RYUUKYOKU ba="0,1" sc="250,-10,240,30,289,-10,211,-10" hai1="3,4,8,38,43,58,63,65,69,70,128,130,131" /><INIT seed="1,1,1,0,3,104" ten="240,270,279,201" oya="1" hai0="9,43,127,76,60,23,103,78,87,70,37,26,119" hai1="25,123,21,118,66,49,88,62,3,7,53,72,16" hai2="67,101,124,128,110,4,35,112,56,132,73,122,41" hai3="97,120,77,22,86,99,19,93,46,107,24,65,40"/><U82/><E118/><V47/><F110/><W5/><G120/><T105/><D119/><U57/><E123/><V114/><F122/><W31/><G65/><T130/><D127/><U90/><E3/><V12/><F124/><W17/><G5/><T117/><D117/><U80/><E7/><V84/><F35/><W18/><G107/><T27/><D9/><U69/><REACH who="1" step="1"/><E80/><REACH who="1" ten="240,260,279,201" step="2"/><V71/><F4/><W102/><G97/><T39/><D39/><U0/><E0/><V131/><F131/><W55/><G55/><T106/><D37/><U38/><E38/><V45/><F128/><W85/><REACH who="3" step="1"/><G77/><AGARI ba="1,2" hai="16,21,25,49,53,57,62,66,69,72,77,82,88,90" machi="77" ten="40,12000,1" yaku="1,1,52,1,54,2,53,1" doraHai="104" doraHaiUra="15" who="1" fromWho="3" sc="240,0,260,143,279,0,201,-123" /><INIT seed="1,2,0,0,2,62" ten="240,403,279,78" oya="1" hai0="74,92,98,32,81,69,127,114,115,56,107,122,87" hai1="51,116,61,113,11,65,94,99,105,27,83,30,7" hai2="22,1,21,57,75,13,68,84,35,118,37,123,31" hai3="33,46,129,128,18,58,2,48,43,95,132,19,17"/><U108/><E116/><V41/><F75/><W71/><G71/><T111/><D69/><U24/><E113/><V89/><F68/><W55/><G2/><T126/><D32/><U86/><E105/><V110/><F110/><W97/><G33/><T124/><D56/><N who="1" m="37031" /><E108/><V66/><F123/><W121/><G132/><T133/><D111/><U90/><E30/><V109/><F1/><W120/><G120/><T72/><D122/><U64/><E64/><V82/><F118/><W3/><G3/><T50/><D50/><U78/><E51/><V77/><F109/><W14/><G121/><T4/><D4/><U117/><E117/><V9/><F37/><W39/><REACH who="3" step="1"/><G14/><AGARI ba="2,0" hai="7,11,14,24,27,78,83,86,90,94,99" m="37031" machi="14" ten="30,2900,0" yaku="8,1,52,1" doraHai="62" who="1" fromWho="3" sc="240,0,403,35,279,0,78,-35" /><INIT seed="1,3,0,2,1,52" ten="240,438,279,43" oya="1" hai0="28,67,44,118,123,54,42,91,100,73,19,116,97" hai1="94,37,7,92,72,16,38,84,0,15,75,53,13" hai2="102,17,40,36,106,57,56,20,99,45,105,90,77" hai3="49,8,69,111,115,104,12,103,58,64,3,65,59"/><U117/><E117/><V34/><F34/><W70/><G3/><T6/><D28/><U112/><E112/><V9/><F106/><W79/><G104/><T1/><D123/><U122/><E122/><V128/><F128/><W71/><G103/><T55/><D91/><U121/><E0/><V68/><F68/><W101/><G101/><T132/><D132/><U76/><E121/><V61/><F61/><W107/><G107/><T63/><D19/><U25/><E25/><V27/><F77/><W114/><G79/><T135/><D73/><U119/><E119/><V83/><REACH who="2" step="1"/><F9/><REACH who="2" ten="240,438,269,43" step="2"/><W88/><G111/><T5/><D118/><U31/><E76/><V39/><F39/><W29/><G115/><T66/><D63/><U110/><E38/><V86/><AGARI ba="3,1" hai="17,20,27,36,40,45,56,57,83,86,90,99,102,105" machi="86" ten="30,7900,0" yaku="1,1,0,1,52,2,53,0" doraHai="52" doraHaiUra="2" who="2" fromWho="2" sc="240,-23,438,-42,269,98,43,-23" /><INIT seed="2,0,0,2,0,134" ten="217,396,367,20" oya="2" hai0="119,118,79,8,108,9,120,82,6,89,43,5,100" hai1="30,62,72,26,68,85,111,37,81,87,132,75,117" hai2="33,14,65,73,47,52,42,122,70,13,11,104,19" hai3="123,126,106,51,18,44,58,27,2,57,92,36,63"/><V77/><F122/><W129/><G123/><T112/><D120/><U3/><E111/><V39/><F104/><W67/><G106/><T64/><D112/><U31/><E3/><V83/><F33/><W114/><G2/><T28/><D100/><U29/><E37/><V46/><F65/><W131/><G27/><T25/><D43/><U56/><E117/><N who="0" m="44553" /><D89/><U35/><E68/><V133/><F133/><W124/><G18/><T40/><D40/><U88/><E132/><V21/><F70/><N who="3" m="42367" /><G92/><T17/><D64/><U66/><REACH who="1" step="1"/><E87/><REACH who="1" ten="217,386,367,20" step="2"/><V109/><F109/><W127/><G114/><T34/><D108/><U78/><E78/><V10/><REACH who="2" step="1"/><F14/><REACH who="2" ten="217,386,357,20" step="2"/><W91/><G36/><T61/><D34/><U50/><E50/><AGARI ba="0,2" hai="10,11,13,19,21,39,42,46,47,50,52,73,77,83" machi="50" ten="40,12000,1" yaku="1,1,2,1,54,1,53,1" doraHai="134" doraHaiUra="69" who="2" fromWho="1" sc="217,0,386,-120,357,140,20,0" /><INIT seed="2,1,0,0,2,30" ten="217,266,497,20" oya="2" hai0="40,91,86,82,127,119,26,131,118,90,21,83,134" hai1="43,71,125,67,65,113,23,129,50,81,117,107,61" hai2="35,7,60,64,62,80,102,52,51,31,104,36,66" hai3="77,6,45,105,54,98,47,132,78,9,128,10,19"/><V101/><F36/><W103/><G132/><T109/><D40/><U133/><E107/><V28/><F7/><W116/><G128/><T17/><D131/><U84/><E129/><V87/><F31/><W72/><G116/><N who="0" m="44587" /><D134/><U68/><E125/><V15/><F15/><W69/><G69/><T4/><D127/><U120/><E113/><V53/><F28/><W70/><G70/><T88/><D109/><U37/><E37/><V38/><F38/><W44/><G72/><T135/><D135/><U75/><E75/><V110/><F110/><W42/><G42/><T12/><D83/><U115/><E81/><V16/><F16/><W112/><G112/><T13/><D4/><U96/><E43/><V46/><F35/><W1/><G19/><T59/><D59/><U22/><E71/><V126/><F126/><W124/><G124/><T74/><D74/><U8/><E68/><V106/><F80/><W48/><REACH who="3" step="1"/><G10/><REACH who="3" ten="217,266,497,10" step="2"/><T56/><D17/><U41/><E8/><V93/><F64/><W5/><G5/><T33/><D12/><U121/><E67/><V11/><F66/><W73/><G73/><T108/><D13/><U85/><E65/><V122/><F11/><W89/><G89/><T32/><D108/><U49/><E133/><V20/><F53/><W3/><G3/><T130/><D130/><U34/><E41/><V55/><F52/><W57/><AGARI ba="1,1" hai="1,6,9,44,45,47,48,54,57,77,78,98,103,105" machi="57" ten="30,4000,0" yaku="1,1,0,1,53,1" doraHai="30" doraHaiUra="100" who="3" fromWho="3" sc="217,-11,266,-11,497,-21,10,53" /><INIT seed="3,0,0,3,3,87" ten="206,255,476,63" oya="3" hai0="2,68,39,64,73,40,126,32,93,112,128,43,111" hai1="3,44,133,135,119,11,55,21,12,127,103,134,5" hai2="109,25,6,66,14,60,65,56,15,10,8,50,115" hai3="108,106,117,27,75,52,9,83,122,102,34,57,118"/><W63/><G122/><T107/><D93/><U125/><E103/><V61/><F109/><W98/><G108/><T104/><D64/><U22/><E44/><V46/><F115/><W78/><REACH who="3" step="1"/><G9/><REACH who="3" ten="206,255,476,53" step="2"/><T74/><D111/><U33/><E11/><V53/><F10/><W38/><G38/><T101/><D39/><U24/><E134/><V76/><F25/><W45/><G45/><T88/><D112/><U121/><E24/><V124/><F124/><W7/><G7/><T20/><D126/><U19/><E5/><V97/><F8/><W80/><G80/><T29/><D2/><U95/><E3/><V84/><F6/><W31/><AGARI ba="0,1" hai="27,31,34,52,57,63,75,78,83,98,102,106,117,118" machi="31" ten="30,11700,0" yaku="1,1,0,1,54,1,53,1" doraHai="87" doraHaiUra="96" who="3" fromWho="3" sc="206,-39,255,-39,476,-39,53,127" /><INIT seed="3,1,0,0,4,96" ten="167,216,437,180" oya="3" hai0="85,124,98,73,42,41,43,123,50,93,10,37,121" hai1="119,30,77,102,113,64,110,82,46,18,45,28,20" hai2="133,86,57,105,0,91,24,97,74,44,80,112,71" hai3="52,34,115,108,58,22,100,19,62,40,13,94,81"/><W128/><G115/><T126/><D73/><U130/><E110/><V31/><F71/><W95/><G34/><T38/><D10/><U111/><E111/><V8/><F112/><W68/><G108/><T92/><D85/><N who="1" m="48335" /><E113/><V109/><F133/><W117/><G117/><T47/><D98/><U26/><E130/><V32/><F109/><W103/><G128/><T7/><D7/><U107/><E107/><V120/><F120/><N who="0" m="46154" /><D93/><N who="3" m="35337" /><G68/><T2/><D92/><U39/><E39/><N who="0" m="14857" /><D2/><U66/><E102/><N who="3" m="38954" /><G40/><AGARI ba="1,0" hai="40,41,42,43,47,50,124,126" m="14857,46154" machi="40" ten="40,2600,0" yaku="34,2" doraHai="96" who="0" fromWho="3" sc="167,29,216,0,437,0,180,-29" /><INIT seed="4,0,0,3,2,35" ten="196,216,437,151" oya="0" hai0="66,53,102,83,119,98,71,46,48,12,67,93,73" hai1="18,20,49,64,43,68,95,5,52,50,117,47,97" hai2="62,128,106,118,19,125,127,134,65,126,112,121,56" hai3="8,109,37,29,58,39,33,105,70,103,123,14,1"/><T89/><D119/><U124/><E124/><V27/><F106/><W57/><G109/><T114/><D114/><U13/><E117/><V135/><F118/><W69/><G105/><T32/><D32/><U30/><E30/><V28/><F112/><W80/><G33/><T3/><D71/><U4/><E64/><V41/><F19/><W21/><G8/><T113/><D113/><U15/><E15/><V131/><F41/><W110/><G110/><T133/><D133/><N who="2" m="50698" /><F121/><W132/><G132/><T90/><D3/><U84/><E84/><V120/><F120/><W79/><G14/><T88/><REACH who="0" step="1"/><D12/><REACH who="0" ten="186,216,437,151" step="2"/><U104/><E68/><V38/><F38/><W11/><G1/><T10/><D10/><U85/><E13/><V34/><AGARI ba="0,1" hai="27,28,34,56,62,65,125,126,127,128,131" m="50698" machi="34" ten="40,8000,1" yaku="30,2,18,1,20,1" doraHai="35" who="2" fromWho="2" sc="186,-40,216,-20,437,90,151,-20" /><INIT seed="5,0,0,4,2,65" ten="146,196,527,131" oya="1" hai0="75,98,96,130,99,87,46,76,4,80,2,60,89" hai1="17,93,108,107,11,57,61,55,32,127,44,45,88" hai2="113,81,121,73,120,117,114,115,77,97,112,82,15" hai3="28,110,31,63,66,134,48,52,40,8,1,94,16"/><U71/><E127/><V125/><F115/><W123/><G123/><N who="2" m="47177" /><F15/><W131/><G110/><T56/><D130/><U43/><E71/><V84/><F125/><W105/><G131/><T58/><D2/><U49/><E107/><V126/><F126/><W128/><G128/><T90/><D4/><U39/><E32/><V3/><F3/><W67/><G105/><T101/><D46/><U9/><E17/><V12/><F12/><W30/><G40/><T102/><D56/><U133/><E133/><V36/><F36/><W103/><G134/><T70/><D70/><U51/><E39/><V100/><F117/><W68/><G66/><T116/><D116/><U106/><E106/><N who="2" m="63759" /><F82/><W47/><G1/><T26/><D26/><U10/><E108/><V83/><F83/><W38/><G38/><T27/><D27/><U91/><REACH who="1" step="1"/><E93/><REACH who="1" ten="146,186,527,131" step="2"/><V7/><F7/><W6/><G6/><T24/><D24/><U42/><AGARI ba="0,1" hai="9,10,11,42,43,44,45,49,51,55,57,61,88,91" machi="42" ten="30,18000,2" yaku="1,1,2,1,0,1,9,1,8,1,54,1,53,0" doraHai="65" doraHaiUra="95" who="1" fromWho="1" sc="146,-60,186,190,527,-60,131,-60" /><INIT seed="5,1,0,1,2,116" ten="86,376,467,71" oya="1" hai0="38,34,82,56,122,31,135,42,70,54,39,123,16" hai1="83,22,35,112,103,87,92,48,114,120,37,90,53" hai2="88,18,68,129,7,40,76,3,61,96,17,51,2" hai3="102,80,117,98,25,89,5,23,24,119,57,115,9"/><U73/><E35/><V8/><F129/><W12/><G115/><N who="1" m="44074" /><E37/><V104/><F76/><W41/><G41/><T74/><D70/><U43/><E43/><V67/><F3/><W45/><G45/><T65/><D65/><U33/><E33/><V66/><F66/><W10/><G57/><T105/><D105/><U19/><E73/><V49/><F104/><W36/><G36/><T86/><D74/><U113/><E103/><V91/><F96/><W55/><G55/><T110/><D110/><U63/><E63/><V0/><F0/><W125/><G125/><T47/><D135/><U100/><E100/><V14/><F18/><W126/><G126/><T29/><D16/><U30/><E30/><V46/><REACH who="2" step="1"/><F51/><REACH who="2" ten="86,376,457,71" step="2"/><W50/><G50/><N who="0" m="30807" /><D38/><U15/><E113/><V127/><F127/><W128/><G128/><T58/><D34/><U28/><E28/><V118/><F118/><W94/><G117/><T77/><D58/><N who="1" m="33063" /><E83/><V85/><F85/><W13/><G119/><T44/><D44/><U101/><E101/><V52/><F52/><W26/><G80/><T99/><D31/><U130/><E130/><V133/><F133/><W69/><G102/><T59/><D29/><U75/><E75/><V108/><F108/><W60/><G60/><T97/><D59/><U134/><E134/><V62/><F62/><W109/><G109/><T124/><D124/><U107/><E107/><V132/><F132/><W106/><G106/><T79/><D79/><U78/><E78/><V64/><F64/><W11/><G69/><T71/><D71/><U131/><E131/><V95/><F95/><RYUUKYOKU ba="1,1" sc="86,0,376,0,457,0,71,0" hai0="39,42,47,77,82,86,97,99,122,123" hai1="15,19,22,87,90,92,120" hai2="2,7,8,14,17,40,46,49,61,67,68,88,91" hai3="5,9,10,11,12,13,23,24,25,26,89,94,98" /><INIT seed="5,2,1,3,3,115" ten="86,376,457,71" oya="1" hai0="79,30,17,19,13,72,65,120,38,92,8,95,58" hai1="73,46,64,126,5,87,34,116,121,67,37,24,101" hai2="86,76,36,57,54,28,80,78,109,44,123,7,98" hai3="0,16,127,26,99,77,83,105,69,40,103,42,50"/><U112/><E121/><V10/><F109/><W23/><G69/><T90/><D38/><U100/><E73/><V125/><F123/><W49/><G0/><T35/><D120/><U63/><E116/><V9/><F125/><W129/><G127/><T29/><D72/><U4/><E126/><V21/><F98/><W31/><G129/><T135/><D79/><U111/><E112/><V75/><F78/><W53/><G31/><T2/><D2/><U45/><E34/><V132/><F132/><W55/><G49/><T71/><D71/><U70/><E24/><V88/><F7/><N who="1" m="2633" /><E37/><V52/><F21/><W61/><G61/><N who="0" m="38071" /><D35/><U131/><E131/><V107/><F28/><N who="0" m="10858" /><D135/><U91/><E70/><V85/><F75/><W20/><G20/><N who="0" m="11311" /><D90/><U97/><E63/><N who="2" m="36263" /><F107/><W130/><G130/><T32/><D32/><U68/><E68/><V43/><F36/><W96/><G96/><T22/><D8/><U117/><E117/><V113/><F113/><W33/><G33/><T47/><D47/><N who="1" m="17931" /><E111/><V3/><F3/><W62/><G62/><T118/><D118/><U110/><E110/><V114/><F114/><W104/><G104/><T84/><D84/><U6/><E6/><V12/><F12/><AGARI ba="2,1" hai="12,19,22,92,95" m="11311,10858,38071" machi="12" ten="30,1000,0" yaku="8,1" doraHai="115" who="0" fromWho="2" sc="86,26,376,0,457,-16,71,0" /><INIT seed="6,0,0,3,2,50" ten="112,376,441,71" oya="2" hai0="123,103,13,72,79,42,53,112,81,62,67,100,130" hai1="101,51,64,28,58,5,111,35,124,19,127,61,85" hai2="10,108,83,37,66,118,25,109,90,129,17,29,48" hai3="76,45,121,71,80,27,9,98,36,59,75,12,77"/><V105/><F37/><W74/><G71/><T14/><D112/><U38/><E111/><V133/><F118/><W107/><G121/><T41/><D123/><U102/><E38/><V21/><F129/><W40/><G27/><T132/><D130/><U57/><E5/><V89/><F105/><W24/><G24/><T92/><D132/><U54/><E35/><V22/><F133/><W55/><G107/><T78/><D78/><U115/><E28/><V49/><F66/><W114/><G98/><T122/><D122/><U120/><E120/><V47/><F49/><W3/><G3/><T84/><D72/><U33/><E33/><V95/><F83/><W93/><G93/><T88/><D14/><U91/><E115/><V8/><F109/><W6/><G114/><T52/><D13/><U73/><E73/><V116/><F116/><W26/><G26/><T134/><D134/><U60/><E19/><V94/><F22/><W131/><G131/><T31/><D31/><U128/><E128/><V4/><F17/><W113/><G113/><T125/><D125/><N who="1" m="48203" /><E61/><V69/><F69/><W126/><G126/><T2/><D2/><U87/><E87/><N who="2" m="52543" /><F4/><W119/><G119/><T56/><D103/><U11/><E11/><V63/><F63/><N who="3" m="36351" /><G75/><T99/><D100/><U0/><E0/><V86/><F108/><W32/><G32/><T43/><AGARI ba="0,0" hai="41,42,43,52,53,56,62,67,79,81,84,88,92,99" machi="43" ten="30,12000,2" yaku="0,1,8,1,52,2,54,2" doraHai="50" who="0" fromWho="0" sc="112,120,376,-30,441,-60,71,-30" /><INIT seed="7,0,0,1,1,134" ten="232,346,381,41" oya="3" hai0="47,39,25,64,104,88,110,105,121,63,75,57,109" hai1="62,15,43,48,131,44,65,129,11,96,93,107,53" hai2="115,60,113,120,103,16,59,72,66,132,89,135,46" hai3="94,4,36,100,92,32,101,29,5,128,123,77,73"/><W12/><G123/><T40/><D121/><U98/><E107/><V23/><F120/><W82/><G36/><T45/><D75/><U119/><E119/><V30/><F30/><W86/><G32/><T118/><D118/><U38/><E93/><V78/><F103/><W85/><G29/><T87/><D105/><U84/><E84/><V27/><F89/><W2/><G2/><T74/><D74/><U130/><E43/><V80/><F46/><W7/><G128/><T112/><D104/><U51/><E51/><V52/><F66/><W61/><G12/><T79/><D79/><U91/><E91/><V67/><F67/><W68/><G68/><T102/><D102/><N who="3" m="39529" /><G73/><T20/><D47/><U49/><E49/><V1/><F1/><W81/><G61/><T97/><D97/><U14/><E14/><V71/><F71/><W122/><G122/><T69/><D112/><AGARI ba="0,0" hai="16,23,27,52,59,60,72,78,80,112,113,115,132,135" machi="112" ten="40,5200,0" yaku="15,1,54,2" doraHai="134" who="2" fromWho="0" sc="232,-52,346,0,381,52,41,0" owari="180,-22.0,346,14.6,433,53.3,41,-45.9" /></mjloggm>