<mjloggm ver="2.3"><GO type="225" lobby="0"/><UN n0="%E3%81%8B%E3%82%8F%E3%81%A1%E3%82%83%E3%82%93%35%38" n1="%72%61%6B%33" n2="%4B%2E%32%2E%4B%2E" n3="%E3%81%BE%E3%81%A8%E3%81%9F" dan="16,16,17,16" rate="2144.76,2099.50,2166.29,2084.25" sx="M,M,M,M"/><TAIKYOKU oya="0"/><INIT seed="0,0,0,5,1,18" ten="250,250,250,250" oya="0" hai0="98,129,107,12,35,93,38,74,37,90,25,42,118" hai1="33,89,127,41,1,112,57,13,130,31,81,135,61" hai2="4,39,58,8,83,2,40,91,56,102,19,110,75" hai3="100,97,62,60,23,32,43,120,3,126,106,70,71"/><T45/><D118/><U52/><E1/><V67/><F110/><W125/><G32/><T51/><D129/><U78/><E130/><V108/><F108/><W7/><G43/><T14/><D74/><U95/><E127/><N who="3" m="48650" /><G23/><T15/><REACH who="0" step="1"/><D107/><REACH who="0" ten="240,250,250,250" step="2"/><U117/><E117/><V9/><F75/><W92/><G120/><T36/><D36/><U96/><E112/><V24/><F39/><W131/><G131/><T27/><D27/><U21/><E135/><V28/><F24/><W34/><G106/><T121/><D121/><U29/><E33/><V133/><F133/><W123/><G34/><T30/><AGARI ba="0,1" hai="12,14,15,25,30,35,37,38,42,45,51,90,93,98" machi="30" ten="30,6000,0" yaku="1,1,0,1,53,1" doraHai="18" doraHaiUra="85" who="0" fromWho="0" sc="240,70,250,-20,250,-20,250,-20" /><INIT seed="0,1,0,0,0,112" ten="310,230,230,230" oya="0" hai0="50,34,8,118,82,36,12,59,132,15,80,46,44" hai1="40,88,51,103,75,11,100,4,109,16,131,66,96" hai2="83,70,126,57,89,27,68,72,33,122,77,43,67" hai3="104,65,98,38,39,55,30,119,108,6,48,62,76"/><T54/><D132/><U9/><E75/><V129/><F122/><W91/><G108/><T28/><D34/><U94/><E131/><V60/><F129/><W0/><G76/><T42/><D28/><U20/><E109/><V92/><F126/><W90/><G30/><T71/><D71/><U125/><E66/><V130/><F130/><W105/><G39/><T32/><D32/><U45/><E125/><V69/><F43/><W121/><G38/><T84/><D118/><U97/><E4/><V135/><F135/><W7/><G121/><T85/><D46/><U3/><E3/><V10/><F10/><N who="1" m="3593" /><E97/><V24/><REACH who="2" step="1"/><F33/><REACH who="2" ten="310,230,220,230" step="2"/><W29/><G0/><T63/><D8/><U78/><E78/><V74/><F74/><W111/><G111/><T47/><D36/><U23/><E23/><V58/><F58/><W19/><G7/><T2/><D44/><U52/><E40/><V21/><F21/><W127/><G6/><T115/><D2/><U61/><E61/><V73/><F73/><W107/><G127/><T14/><D115/><U123/><E123/><V17/><F17/><W120/><G19/><T1/><D1/><U37/><E37/><V99/><AGARI ba="1,1" hai="24,27,57,60,67,68,69,70,72,77,83,89,92,99" machi="99" ten="30,2000,0" yaku="1,1,0,1,53,0" doraHai="112" doraHaiUra="133" who="2" fromWho="2" sc="310,-11,230,-6,220,33,230,-6" /><INIT seed="1,0,0,0,2,96" ten="299,224,253,224" oya="1" hai0="115,19,81,68,87,20,38,29,116,8,127,42,133" hai1="84,15,2,130,44,99,76,80,94,103,85,91,1" hai2="122,92,88,72,105,101,107,102,73,18,56,34,74" hai3="110,4,17,25,7,50,113,69,104,3,60,52,39"/><U48/><E130/><V12/><F34/><W41/><G113/><T13/><D68/><U46/><E15/><V128/><F56/><N who="3" m="32791" /><G104/><T118/><D115/><U23/><E23/><V97/><F128/><W114/><G114/><T134/><D127/><U55/><REACH who="1" step="1"/><E46/><REACH who="1" ten="299,214,253,224" step="2"/><V123/><F123/><W53/><G3/><T10/><D20/><U82/><AGARI ba="0,1" hai="1,2,44,48,55,76,80,82,84,85,91,94,99,103" machi="82" ten="20,12000,1" yaku="1,1,2,1,0,1,7,1,52,1,53,0" doraHai="96" doraHaiUra="132" who="1" fromWho="1" sc="299,-40,214,130,253,-40,224,-40" /><INIT seed="1,1,0,4,3,19" ten="259,344,213,184" oya="1" hai0="97,25,134,21,30,79,66,78,48,88,127,26,128" hai1="28,133,117,32,60,0,10,64,105,45,91,131,20" hai2="31,5,89,38,8,57,130,42,53,36,11,22,54" hai3="33,7,62,61,94,75,126,114,35,56,71,12,47"/><U37/><E117/><V106/><F106/><W74/><G71/><T70/><D128/><U118/><E118/><V100/><F130/><W111/><G114/><T103/><D134/><U87/><E131/><V41/><F100/><W2/><G2/><T29/><D127/><U125/><E105/><V109/><F109/><W77/><G111/><T55/><D66/><U73/><E73/><V83/><F38/><W15/><G56/><T13/><D13/><U119/><E32/><V72/><F36/><W135/><G47/><T99/><D70/><U3/><E125/><V93/><F83/><W113/><G126/><T96/><D103/><U95/><E133/><V46/><F46/><W84/><G94/><T6/><D6/><U68/><E119/><V122/><F53/><W81/><G81/><T44/><REACH who="0" step="1"/><D88/><REACH who="0" ten="249,344,213,184" step="2"/><U116/><E68/><V107/><F5/><W39/><G7/><T85/><D85/><U67/><E0/><V16/><F72/><W90/><G90/><T112/><D112/><U18/><E3/><V124/><F124/><W80/><G113/><T115/><D115/><U59/><E116/><V104/><F89/><W40/><G84/><T92/><D92/><U129/><E129/><V17/><F93/><W132/><G80/><T101/><D101/><U4/><E95/><V50/><F104/><W1/><G1/><T43/><D43/><U14/><E91/><V69/><F107/><W98/><G40/><T27/><D27/><N who="1" m="16487" /><E87/><V49/><F69/><W120/><G135/><T65/><D65/><N who="1" m="39071" /><E4/><V58/><F42/><W121/><G132/><T76/><D76/><RYUUKYOKU ba="1,1" sc="249,15,344,15,213,-15,184,-15" hai0="21,25,26,29,30,44,48,55,78,79,96,97,99" hai1="10,14,18,37,45,64,67" /><INIT seed="1,2,1,0,0,82" ten="264,359,198,169" oya="1" hai0="23,129,114,87,51,134,30,112,1,68,24,16,32" hai1="76,86,39,105,18,31,108,115,9,34,107,131,93" hai2="59,121,133,27,71,101,77,73,25,70,55,72,135" hai3="99,118,36,49,56,130,69,124,110,92,66,50,21"/><U103/><E39/><V88/><F121/><W54/><G110/><T67/><D129/><U83/><E115/><V47/><F101/><W7/><G130/><T128/><D128/><U4/><E131/><V91/><F47/><W29/><G36/><T33/><D134/><N who="2" m="51210" /><F25/><N who="3" m="16559" /><G124/><T97/><D33/><U10/><E108/><V132/><N who="2" m="51218" /><V116/><DORA hai="85" /><F116/><W62/><G69/><N who="2" m="26121" /><F27/><W45/><G118/><T126/><D126/><U84/><E31/><V104/><F104/><W17/><G49/><T98/><D51/><U111/><E107/><V0/><F0/><W37/><G37/><T6/><D30/><U22/><E105/><V8/><F8/><W35/><G35/><T38/><D32/><U2/><E10/><V120/><F120/><W95/><G7/><T113/><D38/><U122/><E34/><V19/><F19/><W41/><G17/><T57/><D6/><U64/><E122/><V14/><F14/><W109/><G109/><T44/><D1/><U90/><E111/><V119/><F119/><W12/><G12/><T43/><D113/><U75/><E103/><V52/><F55/><W13/><G13/><T127/><D114/><U58/><E18/><V11/><F11/><W61/><G54/><T96/><D112/><U3/><E3/><V53/><F53/><W117/><G117/><T15/><D127/><U60/><REACH who="1" step="1"/><E22/><REACH who="1" ten="264,349,198,169" step="2"/><V100/><F100/><W89/><G41/><T63/><D15/><U78/><E78/><V5/><F5/><W26/><G26/><T94/><D24/><U48/><E48/><N who="2" m="31111" /><F77/><W28/><G28/><T74/><D16/><RYUUKYOKU ba="2,2" sc="264,-15,349,15,198,15,169,-15" hai1="2,4,9,58,60,64,75,76,83,84,86,90,93" hai2="72,73,88,91" /><INIT seed="1,3,2,1,3,15" ten="249,364,213,154" oya="1" hai0="10,22,11,107,58,36,45,28,101,74,12,13,50" hai1="0,85,21,121,1,23,128,29,5,67,113,134,47" hai2="114,54,26,42,64,75,104,2,32,44,40,135,82" hai3="73,77,133,41,6,112,53,81,93,59,34,20,91"/><U124/><E67/><V111/><F104/><W88/><G34/><T119/><D119/><U69/><E69/><V57/><F2/><W102/><G112/><T14/><D74/><U125/><E47/><V43/><F114/><W60/><G133/><T126/><D36/><U89/><E113/><V131/><F135/><W92/><G41/><T110/><D110/><U86/><E134/><V68/><F111/><W76/><G76/><T79/><D79/><U106/><E106/><V19/><F131/><W61/><G102/><T84/><D126/><U132/><E132/><V63/><F75/><W38/><G38/><T35/><D35/><U109/><E109/><V98/><F98/><W116/><G116/><T49/><D107/><U39/><E39/><V108/><F82/><W51/><G6/><T66/><D101/><U17/><E5/><V97/><F97/><W90/><REACH who="3" step="1"/><G20/><REACH who="3" ten="249,364,213,144" step="2"/><T3/><D10/><U24/><E125/><V33/><F108/><W87/><G87/><T78/><D11/><U7/><E7/><V95/><F32/><W96/><G96/><T16/><D3/><U62/><E124/><V103/><F33/><W30/><G30/><T18/><D28/><U127/><E127/><V129/><F40/><W118/><G118/><T83/><D22/><U27/><E86/><V8/><F42/><W100/><G100/><T37/><D37/><U115/><E115/><V56/><F43/><W117/><G117/><T48/><D45/><U31/><E0/><V80/><F44/><W9/><G9/><T130/><D130/><U65/><E1/><V99/><F129/><RYUUKYOKU ba="3,3" sc="249,15,364,-15,213,-15,144,15" hai0="12,13,14,16,18,48,49,50,58,66,78,83,84" hai3="51,53,59,60,61,73,77,81,88,90,91,92,93" /><INIT seed="2,4,3,4,0,112" ten="264,349,198,159" oya="2" hai0="58,95,16,23,67,45,90,125,0,97,126,111,18" hai1="76,133,124,108,63,9,52,73,29,33,15,46,91" hai2="109,4,87,59,51,50,89,44,37,129,110,12,131" hai3="66,25,94,84,2,82,3,20,121,99,116,13,83"/><V19/><F4/><W49/><G121/><T56/><D0/><U77/><E73/><V118/><F118/><W17/><G116/><T32/><D32/><U117/><E117/><V35/><F35/><W21/><G2/><T113/><D113/><U6/><E33/><V81/><F37/><W114/><G3/><T80/><D111/><N who="2" m="42506" /><F59/><N who="0" m="22570" /><D67/><U71/><E71/><V104/><F104/><W7/><G114/><T11/><D11/><U42/><E63/><V101/><F101/><W96/><G49/><N who="2" m="18441" /><F44/><W123/><G66/><T61/><D61/><U98/><E46/><V79/><F79/><W128/><G128/><T26/><D45/><U130/><E77/><V86/><F86/><W75/><G75/><T43/><D43/><U122/><E42/><V38/><F38/><W31/><G7/><T10/><D10/><AGARI ba="4,3" hai="10,12,19,81,87,89,129,131" m="18441,42506" machi="10" ten="30,2900,0" yaku="14,1,10,1" doraHai="112" who="2" fromWho="0" sc="264,-41,349,0,198,71,159,0" /><INIT seed="2,5,0,0,1,6" ten="223,349,269,159" oya="2" hai0="133,42,38,40,103,76,123,55,69,14,99,124,62" hai1="91,102,68,0,67,7,79,47,3,26,29,104,112" hai2="56,13,98,74,85,94,82,105,121,93,106,10,84" hai3="4,57,51,31,8,132,25,37,20,114,125,81,41"/><V43/><F121/><W32/><G125/><T46/><D123/><U122/><E91/><V44/><F74/><W117/><G117/><T63/><D124/><U52/><E79/><V129/><F129/><W27/><G132/><T110/><D133/><U101/><E101/><V118/><F118/><W18/><G114/><T1/><D1/><U66/><E66/><V61/><F105/><W130/><G130/><T34/><D34/><U135/><E112/><V109/><F106/><W15/><G37/><T90/><D110/><U36/><E7/><V73/><F73/><W64/><G64/><T92/><D76/><U65/><E65/><V24/><F24/><W115/><G115/><T119/><D119/><U127/><E127/><V19/><F82/><W95/><G95/><T107/><D69/><U100/><E100/><V87/><F98/><W71/><G71/><T96/><D40/><U108/><E108/><V59/><F109/><W54/><REACH who="3" step="1"/><G41/><REACH who="3" ten="223,349,269,149" step="2"/><T75/><D42/><U21/><E36/><V80/><F93/><W120/><G120/><T2/><D38/><U60/><E135/><V86/><F94/><W97/><G97/><T88/><D99/><U126/><E126/><V35/><F43/><W128/><G128/><T50/><D107/><U11/><E122/><V113/><F113/><W28/><G28/><T72/><D92/><U89/><E104/><V23/><F80/><AGARI ba="5,1" hai="4,8,15,18,20,25,27,31,32,51,54,57,80,81" machi="80" ten="40,2600,0" yaku="1,1,52,1,53,0" doraHai="6" doraHaiUra="111" who="3" fromWho="2" sc="223,0,349,0,269,-41,149,51" /><INIT seed="3,0,0,2,3,117" ten="223,349,228,200" oya="3" hai0="102,48,134,10,82,49,42,133,98,53,52,54,9" hai1="31,4,85,38,20,66,16,104,123,100,23,91,125" hai2="55,22,17,84,99,14,18,51,77,62,27,83,41" hai3="96,132,35,64,131,67,95,32,8,124,105,6,28"/><W61/><G124/><T40/><D82/><U75/><E38/><V26/><F99/><W110/><G131/><T29/><D29/><U116/><E66/><V135/><F135/><N who="0" m="51722" /><D48/><U87/><E87/><V73/><F73/><W94/><G132/><T130/><D130/><U92/><E4/><V34/><F34/><W86/><G110/><T69/><D69/><U2/><E2/><V97/><F97/><W90/><G67/><T56/><D56/><U46/><E46/><N who="2" m="26063" /><F18/><W74/><G74/><T1/><D49/><U93/><E93/><V113/><F113/><W33/><G105/><N who="0" m="63703" /><D9/><U58/><E58/><AGARI ba="0,0" hai="14,17,22,26,27,55,58,62,77,83,84" m="26063" machi="58" ten="30,1000,0" yaku="8,1" doraHai="117" who="2" fromWho="1" sc="223,0,349,-10,228,10,200,0" owari="223,-17.7,339,43.9,238,3.8,200,-30.0" /></mjloggm>