<mjloggm ver="2.3"><GO type="169" lobby="0"/><UN n0="%37%34%31%34%4E%6D%73%6C" n1="%E6%81%8B%E3%81%AE%E3%81%86%E3%81%9F" n2="%E3%83%AD%E3%83%99%E3%83%AB%E3%82%BF%E3%81%95%E3%82%93%EF%BC%A0" n3="%E3%83%95%E3%83%AB%E3%82%BC%E3%83%B3%E3%83%84%E3%81%8F%E3%82%93" dan="16,17,16,16" rate="2037.99,2220.94,2131.54,2187.08" sx="M,M,F,F"/><TAIKYOKU oya="0"/><INIT seed="0,0,0,5,2,80" ten="250,250,250,250" oya="0" hai0="52,46,28,75,44,42,4,121,69,113,125,47,120" hai1="5,63,93,119,109,1,83,98,17,73,0,40,33" hai2="16,115,32,35,132,25,131,48,114,133,122,60,81" hai3="61,87,97,135,108,86,43,37,116,51,70,31,38"/><T74/><D69/><U107/><E119/><V65/><F48/><W110/><G116/><T27/><D113/><N who="2" m="43018" /><F81/><W104/><G135/><N who="2" m="51785" /><F60/><W79/><G79/><T127/><D4/><U45/><E5/><V54/><F54/><W50/><G31/><T59/><D42/><U117/><E63/><V66/><F66/><N who="3" m="41295" /><G97/><T99/><D99/><U129/><E98/><V62/><F62/><W57/><G104/><T2/><D2/><U96/><E1/><V67/><F67/><W15/><G15/><T26/><D28/><U56/><E117/><V72/><F65/><W126/><G126/><N who="0" m="48139" /><D75/><U53/><E73/><V91/><F91/><W128/><G128/><T14/><D14/><U103/><E129/><V9/><F72/><W34/><G34/><N who="2" m="12841" /><F131/><W11/><G43/><T10/><D74/><U20/><E40/><V39/><F39/><W8/><G38/><T68/><D68/><U92/><E53/><V64/><F64/><W85/><G37/><T100/><D100/><U6/><E103/><V123/><F9/><N who="3" m="3659" /><G57/><T30/><D10/><U77/><E56/><V106/><F106/><W3/><G3/><T101/><D101/><U130/><E0/><V102/><F102/><W21/><G51/><N who="0" m="31135" /><D30/><U111/><E130/><V24/><F16/><W76/><G50/><T41/><D41/><U105/><E105/><V18/><F18/><W124/><G124/><T88/><D88/><U71/><E71/><V55/><F55/><W19/><G76/><T95/><D95/><U90/><E93/><V82/><F82/><W13/><G19/><T22/><D22/><U23/><E17/><RYUUKYOKU ba="0,0" sc="250,10,250,-30,250,10,250,10" hai0="26,27,44,46,47,120,121" hai2="24,25,122,123" hai3="13,21,85,86,87,108,110" /><INIT seed="0,1,0,5,2,119" ten="260,220,260,260" oya="0" hai0="100,42,43,59,82,24,86,30,17,20,105,51,112" hai1="37,71,97,57,32,73,124,9,33,10,115,5,127" hai2="22,134,132,16,135,36,95,80,39,27,92,6,109" hai3="68,50,4,78,123,81,34,129,45,101,75,107,133"/><T96/><D112/><U126/><E71/><V85/><F6/><W128/><G68/><T7/><D7/><U21/><E73/><V65/><F65/><W3/><G34/><N who="1" m="13418" /><E37/><N who="2" m="14411" /><F109/><W56/><G133/><T108/><D108/><U120/><E97/><V121/><F121/><W94/><G107/><T113/><D113/><U91/><E91/><AGARI ba="1,0" hai="16,22,27,80,85,91,92,95,132,134,135" m="14411" machi="91" ten="40,2600,0" yaku="20,1,54,1" doraHai="119" who="2" fromWho="1" sc="260,0,220,-29,260,29,260,0" /><INIT seed="1,0,0,0,5,120" ten="260,191,289,260" oya="1" hai0="45,15,42,18,67,112,59,30,11,29,102,3,21" hai1="24,109,132,19,90,81,34,65,27,40,58,41,83" hai2="104,94,86,108,38,8,50,53,39,93,97,77,110" hai3="16,1,122,5,71,22,47,26,130,129,72,92,28"/><U88/><E132/><V33/><F33/><W61/><G72/><T126/><D126/><U35/><E58/><V4/><F104/><W2/><G122/><T14/><D112/><U124/><E19/><V121/><F86/><W80/><G80/><T36/><D3/><U25/><E25/><V48/><F77/><W74/><G74/><T63/><REACH who="0" step="1"/><D102/><REACH who="0" ten="250,191,289,260" step="2"/><U84/><E124/><V78/><F121/><W79/><G1/><T96/><D96/><U103/><E103/><V133/><F133/><W55/><G2/><T10/><D10/><U64/><E84/><V91/><F8/><W73/><G73/><T106/><D106/><U131/><E131/><V43/><F97/><W114/><G114/><T95/><D95/><U17/><E17/><AGARI ba="0,1" hai="11,14,15,17,18,21,29,30,36,42,45,59,63,67" machi="17" ten="30,2000,0" yaku="1,1,7,1,53,0" doraHai="120" doraHaiUra="99" who="0" fromWho="1" sc="250,30,191,-20,289,0,260,0" /><INIT seed="2,0,0,3,4,124" ten="280,171,289,260" oya="2" hai0="96,130,44,9,1,49,23,114,123,20,132,116,41" hai1="78,17,18,7,27,3,5,89,80,103,64,33,77" hai2="55,67,42,98,100,131,87,73,110,107,71,112,88" hai3="134,45,111,12,51,85,69,129,104,125,94,70,54"/><V115/><F42/><W121/><G121/><T119/><D123/><U11/><E103/><V13/><F71/><W75/><G125/><T58/><D114/><U95/><E64/><V97/><F67/><W19/><G104/><T91/><D132/><U36/><E7/><V56/><F73/><W15/><G75/><T109/><D109/><U65/><E78/><V40/><F110/><W10/><G111/><T30/><D30/><U82/><E82/><V47/><F13/><W2/><G2/><T120/><D58/><U59/><E36/><V102/><F131/><W93/><G134/><T52/><D41/><U108/><E33/><V46/><F46/><W62/><G129/><T92/><D120/><U61/><E27/><V43/><F43/><W106/><G106/><T128/><D23/><U16/><E108/><V84/><F84/><W32/><G32/><T101/><D20/><U127/><E127/><V63/><F98/><W105/><G105/><T118/><D101/><U68/><E68/><V24/><F24/><W4/><G62/><T135/><D135/><U122/><E122/><V39/><REACH who="2" step="1"/><F102/><REACH who="2" ten="280,171,279,260" step="2"/><W74/><G74/><T6/><AGARI ba="0,1" hai="1,6,9,44,49,52,91,92,96,116,118,119,128,130" machi="6" ten="40,8000,1" yaku="0,1,12,1,52,2,54,1" doraHai="124" who="0" fromWho="0" sc="280,90,171,-20,279,-40,260,-20" /><INIT seed="3,0,0,2,4,7" ten="370,151,239,240" oya="3" hai0="73,24,88,43,49,105,11,119,35,17,19,22,81" hai1="8,62,6,132,46,32,135,103,54,109,10,29,41" hai2="76,79,128,59,95,101,114,42,2,111,44,117,55" hai3="65,92,9,37,110,66,115,131,67,130,127,51,15"/><W122/><G115/><T12/><D119/><U45/><E109/><V14/><F111/><W20/><G110/><T104/><D35/><U100/><E6/><V90/><F117/><W89/><G37/><T94/><D73/><U123/><E123/><V83/><F2/><W74/><G74/><T31/><D81/><U108/><E108/><V38/><F128/><N who="3" m="49195" /><G122/><T53/><D43/><U21/><E32/><V97/><F114/><W129/><N who="3" m="49203" /><W84/><DORA hai="34" /><G127/><T85/><REACH who="0" step="1"/><D31/><REACH who="0" ten="360,151,239,240" step="2"/><U112/><E112/><V69/><F83/><W25/><G51/><T99/><D99/><U98/><E98/><V91/><F97/><W121/><G121/><T64/><D64/><U78/><E41/><V102/><F42/><W82/><G82/><T125/><D125/><U71/><E29/><V96/><F96/><W116/><G116/><T118/><D118/><U134/><E103/><V93/><F102/><W40/><G40/><T28/><D28/><U13/><E100/><V50/><F101/><W75/><G75/><T60/><D60/><U80/><E80/><V107/><F50/><W61/><G61/><T120/><D120/><U52/><E62/><V0/><F38/><W3/><G66/><T26/><D26/><U5/><E132/><V77/><F77/><W68/><G25/><T126/><D126/><U106/><E78/><V18/><F79/><W113/><G113/><T4/><D4/><U63/><E5/><V48/><F76/><W30/><G30/><T70/><D70/><U87/><E71/><V36/><F69/><W72/><G68/><T1/><D1/><RYUUKYOKU ba="0,1" sc="360,30,151,-10,239,-10,240,-10" hai0="11,12,17,19,22,24,49,53,85,88,94,104,105" /><INIT seed="4,1,1,0,1,67" ten="390,141,229,230" oya="0" hai0="45,35,20,113,96,23,34,99,79,98,26,8,83" hai1="17,27,72,116,129,118,111,5,51,3,33,22,103" hai2="110,114,28,130,122,76,63,93,52,127,61,71,15" hai3="97,36,58,133,128,44,105,39,100,53,82,123,24"/><T92/><D113/><U91/><E72/><V131/><F110/><W38/><G128/><N who="2" m="49193" /><F114/><W120/><G133/><T86/><D8/><U85/><E111/><V125/><F122/><N who="3" m="46635" /><G24/><T90/><D45/><U60/><E129/><V80/><F28/><W13/><G13/><T135/><D135/><U16/><E103/><V48/><F93/><W74/><G82/><T109/><D109/><U84/><E33/><V77/><F15/><W4/><G4/><T56/><D56/><U115/><E115/><V6/><F6/><W12/><G12/><T14/><D14/><U32/><E32/><V42/><F42/><N who="3" m="22599" /><G74/><T117/><D117/><U73/><E73/><N who="2" m="43023" /><F77/><W50/><AGARI ba="1,1" hai="38,39,50,53,58,97,100,105" m="22599,46635" machi="50" ten="30,1100,0" yaku="13,1" doraHai="67" who="3" fromWho="3" sc="390,-6,141,-4,229,-4,230,24" /><INIT seed="5,0,0,4,2,51" ten="384,137,225,254" oya="1" hai0="109,58,78,100,85,33,107,95,55,80,112,64,29" hai1="71,123,2,83,132,89,38,48,99,62,17,76,119" hai2="74,23,11,70,15,65,124,7,27,1,10,45,79" hai3="40,91,53,96,69,0,50,131,42,36,57,52,46"/><U60/><E123/><V37/><F124/><W54/><G0/><T35/><D109/><U59/><E119/><V117/><F117/><W129/><G69/><T63/><D107/><U6/><E38/><V22/><F65/><W24/><G24/><T32/><D112/><U56/><E132/><V66/><F66/><W21/><G21/><T84/><D29/><U47/><E71/><V130/><F27/><W116/><G116/><T9/><D9/><U8/><E17/><V134/><F130/><N who="3" m="49675" /><G91/><T75/><REACH who="0" step="1"/><D64/><REACH who="0" ten="374,137,225,254" step="2"/><U87/><E62/><V72/><F10/><W43/><G96/><AGARI ba="0,1" hai="32,33,35,55,58,63,75,78,80,84,85,95,96,100" machi="96" ten="40,5200,0" yaku="1,1,2,1,52,1,53,0" doraHai="51" doraHaiUra="128" who="0" fromWho="3" sc="374,62,137,0,225,0,254,-52" /><INIT seed="6,0,0,1,0,101" ten="436,137,225,202" oya="2" hai0="43,10,126,44,61,129,74,133,27,64,60,88,3" hai1="114,105,29,107,48,23,111,120,132,20,53,104,68" hai2="127,79,58,123,121,100,63,4,26,15,65,95,39" hai3="12,87,125,118,42,57,93,28,72,76,5,31,117"/><V99/><F127/><W113/><G125/><T130/><D74/><U52/><E111/><V119/><F119/><W55/><G72/><T37/><D126/><U71/><E114/><V54/><F39/><W2/><G2/><T17/><D133/><U59/><E132/><V97/><F79/><W70/><G70/><T69/><D61/><U34/><E120/><V24/><F24/><W13/><G113/><T50/><D88/><U131/><E131/><N who="0" m="50185" /><D3/><U19/><E34/><V91/><F26/><W0/><G42/><T21/><D10/><U11/><E29/><V45/><F15/><W66/><G66/><T89/><D89/><U124/><E124/><V96/><F4/><W22/><G0/><T90/><D90/><U85/><E85/><V86/><REACH who="2" step="1"/><F100/><REACH who="2" ten="436,137,215,202" step="2"/><W73/><G13/><T80/><D80/><U33/><E33/><V110/><F110/><W41/><G12/><T18/><D37/><U56/><E11/><V103/><F103/><W78/><G78/><T35/><D35/><U62/><REACH who="1" step="1"/><E23/><REACH who="1" ten="436,127,215,202" step="2"/><V98/><N who="2" m="24576" /><DORA hai="75" /><V47/><F47/><W84/><G22/><T109/><D109/><U25/><AGARI ba="0,2" hai="19,20,25,48,52,53,56,59,62,68,71,104,105,107" machi="25" ten="30,12000,2" yaku="1,1,0,1,52,3,54,1,53,1" doraHai="101,75" doraHaiUra="46,92" who="1" fromWho="1" sc="436,-30,127,140,215,-60,202,-30" /><INIT seed="7,0,0,0,0,89" ten="406,267,155,172" oya="3" hai0="95,24,86,80,1,54,6,47,55,94,96,135,134" hai1="20,52,69,124,48,117,105,5,102,8,108,67,15" hai2="30,82,100,114,2,118,87,88,122,104,60,35,59" hai3="50,92,120,43,36,119,9,13,129,58,127,70,116"/><W76/><G120/><T29/><D6/><U75/><E108/><V25/><F118/><W41/><G70/><T110/><D1/><U133/><E75/><V79/><F2/><W21/><G36/><T121/><D110/><U90/><E133/><N who="0" m="50697" /><D121/><U65/><E124/><V107/><F122/><W83/><G21/><N who="0" m="15503" /><D47/><U23/><E105/><V71/><F114/><W99/><G129/><T51/><D51/><U68/><E102/><V44/><F71/><W38/><G38/><T98/><D98/><U0/><E117/><V81/><F100/><N who="3" m="60519" /><G127/><T37/><D37/><U31/><E69/><V10/><F10/><W7/><G116/><T4/><D4/><U61/><E0/><V12/><F12/><W19/><G7/><T33/><D33/><U14/><E14/><V46/><F46/><W132/><G119/><T125/><D95/><U17/><E5/><V63/><F44/><W66/><G50/><T128/><D128/><U18/><E48/><V53/><REACH who="2" step="1"/><F63/><REACH who="2" ten="406,267,145,172" step="2"/><N who="3" m="38263" /><G132/><T32/><D125/><U131/><E68/><V16/><F16/><W11/><G9/><T123/><D123/><U26/><E131/><V91/><F91/><W62/><G62/><T111/><D32/><U126/><E126/><V42/><F42/><W101/><G101/><N who="0" m="60567" /><D111/><U97/><E8/><V74/><AGARI ba="0,1" hai="25,30,35,53,59,60,74,79,81,82,87,88,104,107" machi="74" ten="20,5200,0" yaku="1,1,0,1,7,1,54,1,53,0" doraHai="89" doraHaiUra="3" who="2" fromWho="2" sc="406,-13,267,-13,145,62,172,-26" owari="393,49.3,254,5.4,207,-19.3,146,-35.4" /></mjloggm>