<mjloggm ver="2.3"><GO type="169" lobby="0"/><UN n0="%E3%81%AF%E3%81%9F%E3%82%86%E3%81%86" n1="%4B%2E%47%2E%4C" n2="%E3%81%8B%E3%81%AA%E3%81%8D%E3%83%BC" n3="%E3%81%A1%E3%82%83%E3%82%8B%E3%82%81%E3%82%89" dan="16,17,17,17" rate="2144.76,2273.41,2233.98,2223.03" sx="M,M,F,M"/><TAIKYOKU oya="0"/><INIT seed="0,0,0,4,5,31" ten="250,250,250,250" oya="0" hai0="102,14,133,69,85,30,78,2,36,15,110,41,35" hai1="4,124,9,99,34,27,106,103,38,90,72,62,130" hai2="113,117,49,107,127,88,81,25,6,26,22,63,42" hai3="125,105,46,13,111,95,37,32,132,84,118,93,61"/><T92/><D2/><U80/><E124/><V60/><F113/><W64/><G105/><T126/><D69/><U83/><E38/><V50/><F107/><W66/><G118/><T123/><D123/><U43/><E43/><V7/><F127/><W57/><G125/><T65/><D65/><U17/><E130/><V47/><F117/><W131/><G131/><T29/><D41/><U39/><E39/><V108/><F108/><W11/><G111/><T86/><D36/><U55/><E72/><V19/><F49/><W122/><G132/><T73/><D126/><U87/><E80/><V44/><F47/><W79/><G66/><T58/><D58/><U10/><E4/><N who="2" m="1579" /><F25/><W89/><G79/><T101/><D92/><U16/><E55/><V28/><F28/><W18/><G122/><T74/><D110/><U119/><E119/><V120/><F120/><W3/><G3/><T48/><D48/><U52/><E17/><V82/><F82/><W129/><G129/><T70/><D70/><U56/><REACH who="1" step="1"/><E34/><REACH who="1" ten="250,240,250,250" step="2"/><V112/><F112/><W128/><G128/><T67/><D67/><U23/><AGARI ba="0,1" hai="9,10,16,23,27,52,56,62,83,87,90,99,103,106" machi="23" ten="30,8000,1" yaku="1,1,2,1,0,1,54,2,53,0" doraHai="31" doraHaiUra="33" who="1" fromWho="1" sc="250,-40,240,90,250,-20,250,-20" /><INIT seed="1,0,0,1,1,98" ten="210,330,230,230" oya="1" hai0="21,45,100,36,72,135,59,58,46,62,107,41,35" hai1="12,5,129,13,76,10,43,51,78,131,39,124,111" hai2="48,119,30,84,105,115,96,134,18,130,6,109,15" hai3="94,71,101,118,93,66,81,128,42,126,97,17,0"/><U57/><E124/><V19/><F119/><W75/><G126/><T69/><D135/><U64/><E39/><V112/><F109/><W114/><G0/><T1/><D1/><U8/><E111/><V121/><F121/><W89/><G114/><T31/><D72/><U32/><E32/><V65/><F134/><W133/><G133/><T90/><D46/><U88/><E43/><V60/><F130/><N who="1" m="49673" /><E88/><V52/><F30/><W86/><G128/><T54/><D90/><U4/><E51/><V23/><F84/><W120/><G120/><T14/><D35/><U55/><E55/><V80/><F80/><W132/><G132/><T25/><D69/><U63/><AGARI ba="0,0" hai="4,5,8,10,12,13,57,63,64,76,78" m="49673" machi="63" ten="30,1500,0" yaku="19,1" doraHai="98" who="1" fromWho="1" sc="210,-5,330,15,230,-5,230,-5" /><INIT seed="1,1,0,1,3,134" ten="205,345,225,225" oya="1" hai0="95,86,71,47,46,22,89,121,104,6,62,82,55" hai1="39,8,51,91,1,120,41,75,0,20,28,102,110" hai2="4,54,68,52,53,126,19,83,63,94,18,27,42" hai3="57,80,44,77,85,59,78,7,14,76,58,118,128"/><U130/><E120/><V33/><F4/><W37/><G128/><T69/><D104/><U67/><E39/><V90/><F42/><W34/><G34/><T124/><D121/><U64/><E75/><V25/><F83/><W31/><G31/><T98/><D6/><U17/><E130/><V21/><F126/><W131/><G131/><T10/><D10/><U123/><E123/><V116/><F116/><W106/><G106/><T105/><D105/><U11/><E102/><V96/><F33/><W26/><G26/><T13/><D71/><U81/><E28/><V32/><F32/><W99/><G99/><T125/><D13/><U88/><E110/><V101/><F101/><W43/><G118/><T114/><D22/><U5/><E11/><V113/><F113/><W119/><G119/><T103/><D114/><U87/><E0/><V40/><F40/><W79/><G14/><T2/><D2/><U109/><E109/><V112/><F112/><W36/><G7/><T38/><D38/><U60/><E60/><V56/><F68/><W24/><G24/><T111/><D111/><U61/><E61/><V107/><F107/><W50/><AGARI ba="1,0" hai="36,37,43,44,50,57,58,59,76,77,78,79,80,85" machi="50" ten="30,1100,0" yaku="0,1" doraHai="134" who="3" fromWho="3" sc="205,-4,345,-6,225,-4,225,14" /><INIT seed="2,0,0,2,4,56" ten="201,339,221,239" oya="2" hai0="118,67,114,7,53,102,68,35,99,32,13,121,46" hai1="71,124,123,58,97,43,62,69,72,77,37,90,87" hai2="73,61,111,3,14,122,81,117,120,92,47,95,127" hai3="22,8,133,76,84,60,109,83,55,20,23,57,101"/><V74/><F3/><W51/><G109/><T132/><D121/><U34/><E34/><V39/><F117/><W28/><G133/><T38/><D114/><U36/><E123/><V94/><F127/><W116/><G116/><T85/><D132/><U135/><E135/><V126/><F126/><W17/><G101/><T25/><D85/><U103/><E124/><V75/><F111/><W18/><G28/><T88/><D13/><U129/><E129/><V112/><F112/><W63/><G8/><T110/><D7/><U19/><E19/><AGARI ba="0,0" hai="17,18,19,20,22,23,51,55,57,60,63,76,83,84" machi="19" ten="40,5200,0" yaku="8,1,52,2" doraHai="56" who="3" fromWho="1" sc="201,0,339,-52,221,0,239,52" /><INIT seed="3,0,0,1,2,54" ten="201,287,221,291" oya="3" hai0="98,2,1,29,96,10,103,95,28,88,68,79,75" hai1="84,13,117,131,50,77,59,126,45,108,51,21,100" hai2="120,105,85,52,112,94,127,82,25,9,80,74,12" hai3="48,71,125,57,107,62,104,39,42,133,69,64,60"/><W67/><G107/><T128/><D68/><N who="3" m="26185" /><G104/><T109/><D109/><U35/><E108/><V41/><F127/><W89/><G89/><T23/><D128/><U73/><E35/><V43/><F112/><W32/><G32/><T92/><D75/><U61/><E73/><V93/><F120/><W40/><G125/><T16/><D79/><U34/><E34/><V72/><F105/><W70/><G133/><T78/><D78/><U31/><E126/><V55/><F25/><W114/><G114/><T102/><D102/><U116/><E100/><V91/><F72/><W18/><G18/><T5/><REACH who="0" step="1"/><D1/><REACH who="0" ten="191,287,221,291" step="2"/><U135/><E131/><V130/><F130/><W0/><G0/><T11/><D11/><U63/><E77/><V22/><F9/><W8/><G8/><T20/><D20/><U24/><E135/><V17/><F74/><W134/><G134/><T121/><D121/><U14/><E117/><V49/><F22/><W15/><G15/><AGARI ba="0,1" hai="2,5,10,15,16,23,28,29,88,92,95,96,98,103" machi="15" ten="30,7700,0" yaku="1,1,7,1,54,2,53,0" doraHai="54" doraHaiUra="124" who="0" fromWho="3" sc="191,87,287,0,221,0,291,-77" /><INIT seed="4,0,0,0,3,107" ten="278,287,221,214" oya="0" hai0="59,26,50,68,34,82,21,9,17,131,49,130,30" hai1="65,134,28,32,35,132,101,42,118,135,77,53,79" hai2="40,124,63,122,84,113,116,74,76,120,10,71,110" hai3="19,97,90,96,62,31,128,114,60,57,16,5,99"/><T88/><D68/><U112/><E118/><V55/><F110/><W61/><G114/><T6/><D59/><U89/><E112/><V119/><F113/><W104/><G104/><T23/><D23/><U13/><E101/><V125/><F10/><W25/><G5/><T45/><D45/><U39/><E65/><N who="2" m="41407" /><F84/><W73/><G57/><T72/><D34/><U69/><E69/><V14/><F14/><W27/><G128/><N who="0" m="49195" /><D17/><N who="3" m="6729" /><G31/><T103/><D103/><U56/><E13/><V91/><F55/><W7/><G7/><T123/><D123/><N who="2" m="47146" /><F40/><W126/><G126/><N who="2" m="48745" /><F91/><W106/><G106/><T47/><D47/><N who="1" m="24031" /><E89/><V95/><F95/><W78/><G90/><T109/><D109/><U83/><E53/><V24/><F24/><N who="3" m="9291" /><G78/><N who="0" m="44359" /><D88/><U94/><E134/><V115/><F115/><W102/><G102/><T46/><D46/><U87/><E132/><V121/><F121/><W18/><G18/><T4/><D4/><U108/><E135/><V111/><F111/><W38/><G38/><T117/><D117/><U81/><E108/><V37/><F37/><W127/><G127/><T64/><D64/><U54/><E54/><V66/><F66/><W52/><G52/><T41/><D41/><U43/><E43/><V11/><F11/><W29/><G29/><T129/><N who="0" m="49203" /><T98/><DORA hai="1" /><D98/><U86/><E28/><V75/><F76/><W80/><G99/><T100/><D100/><U133/><E133/><V8/><F8/><W0/><G97/><T3/><AGARI ba="0,0" hai="3,6,9,21,26,30,49,50" m="44359,49203" machi="3" ten="40,7800,0" yaku="19,1,52,2" doraHai="107,1" who="0" fromWho="0" sc="278,78,287,-26,221,-26,214,-26" /><INIT seed="4,1,0,5,2,113" ten="356,261,195,188" oya="0" hai0="106,93,69,24,40,60,37,101,79,130,68,116,18" hai1="65,123,15,74,91,30,119,115,1,47,110,21,76" hai2="127,97,59,71,48,99,0,39,92,35,129,75,6" hai3="109,77,22,43,73,8,107,134,64,26,38,120,67"/><T50/><D116/><U82/><E110/><V96/><F39/><W13/><G109/><T11/><D130/><U10/><E123/><V55/><F71/><W56/><G107/><T80/><D106/><U4/><E115/><V25/><F75/><W63/><G120/><T36/><D69/><U81/><E65/><V108/><F108/><W49/><G134/><T105/><D105/><U90/><E119/><V112/><F112/><W133/><G133/><T121/><D68/><U12/><E12/><V102/><F0/><W31/><G38/><T19/><D60/><U87/><E47/><V84/><F6/><W14/><G67/><T46/><D19/><U124/><E124/><V54/><F35/><W83/><G43/><T27/><D121/><U132/><E132/><V111/><F25/><W114/><G114/><T41/><D41/><U78/><E30/><V2/><F2/><W72/><G49/><T128/><D128/><U66/><E66/><V135/><F127/><W9/><G9/><T20/><D11/><U58/><E58/><N who="2" m="33095" /><F129/><W45/><G45/><T23/><D23/><U122/><E122/><V118/><F118/><W16/><REACH who="3" step="1"/><G13/><REACH who="3" ten="356,261,195,178" step="2"/><N who="0" m="9295" /><D36/><U52/><E52/><V126/><F111/><W86/><AGARI ba="1,1" hai="8,14,16,22,26,31,56,63,64,72,73,77,83,86" machi="86" ten="20,5200,0" yaku="1,1,0,1,7,1,54,1,53,0" doraHai="113" doraHaiUra="94" who="3" fromWho="3" sc="356,-27,261,-14,195,-14,178,65" /><INIT seed="5,0,0,3,1,105" ten="329,247,181,243" oya="1" hai0="85,73,64,61,26,119,82,113,112,44,72,35,38" hai1="97,14,27,25,51,29,123,100,69,11,36,76,118" hai2="128,88,126,30,115,81,50,15,9,6,134,78,102" hai3="104,66,79,39,56,130,109,37,46,70,71,49,54"/><U108/><E118/><V42/><F128/><W129/><G104/><T110/><D110/><U94/><E123/><V19/><F126/><W101/><G101/><T127/><D119/><U114/><E36/><N who="3" m="13898" /><G79/><T77/><D127/><U4/><E69/><N who="3" m="26122" /><G109/><T20/><D35/><U83/><E114/><N who="0" m="44137" /><D61/><AGARI ba="0,0" hai="46,49,54,56,61,66,129,130" m="26122,13898" machi="61" ten="40,2600,0" yaku="34,2" doraHai="105" who="3" fromWho="0" sc="329,-26,247,0,181,0,243,26" /><INIT seed="6,0,0,5,3,10" ten="303,247,181,269" oya="2" hai0="101,78,66,13,119,0,74,84,109,99,40,6,76" hai1="124,20,31,4,16,93,123,68,70,43,133,27,111" hai2="72,24,120,23,18,131,39,128,98,34,105,5,37" hai3="44,117,41,21,127,26,49,67,80,107,35,50,11"/><V100/><F120/><W106/><G35/><T3/><D109/><U29/><E111/><V51/><F72/><W125/><G67/><T45/><D119/><U83/><E123/><V96/><F5/><W63/><G63/><T42/><D66/><U116/><E116/><V9/><F9/><W112/><G117/><T114/><D114/><U38/><E124/><N who="3" m="47690" /><G112/><T22/><D74/><U115/><E115/><V60/><F34/><W129/><G129/><N who="2" m="49737" /><F60/><W135/><G135/><T12/><D3/><U36/><E133/><V53/><F96/><W56/><G80/><T58/><D58/><AGARI ba="0,0" hai="18,23,24,37,39,51,53,58,98,100,105" m="49737" machi="58" ten="30,1500,0" yaku="19,1" doraHai="10" who="2" fromWho="0" sc="303,-15,247,0,181,15,269,0" /><INIT seed="6,1,0,4,0,0" ten="288,247,196,269" oya="2" hai0="17,40,111,3,124,128,21,117,62,123,12,28,130" hai1="67,55,36,105,73,102,135,112,91,92,95,86,35" hai2="44,14,2,81,30,42,58,51,56,27,49,23,20" hai3="13,6,48,122,76,98,25,104,82,41,110,52,85"/><V115/><F115/><W63/><G110/><T120/><D40/><U125/><E35/><V134/><F134/><W72/><G72/><T113/><D62/><U60/><E36/><V57/><F2/><W39/><G39/><T84/><D84/><U119/><E119/><V89/><F89/><W65/><G104/><T9/><D111/><U66/><E73/><V116/><F116/><W38/><G38/><T45/><D45/><U107/><E112/><V53/><REACH who="2" step="1"/><F81/><REACH who="2" ten="288,247,186,269" step="2"/><W10/><G122/><T29/><D113/><U11/><E135/><V103/><F103/><W121/><G121/><T97/><D117/><U101/><E101/><V74/><F74/><W129/><G129/><T69/><D123/><U4/><E102/><V16/><AGARI ba="1,1" hai="14,16,20,23,27,30,42,44,49,51,53,56,57,58" machi="16" ten="30,11700,0" yaku="1,1,0,1,8,1,54,1,53,0" doraHai="0" doraHaiUra="83" who="2" fromWho="2" sc="288,-40,247,-40,186,130,269,-40" /><INIT seed="6,2,0,2,1,71" ten="248,207,316,229" oya="2" hai0="108,100,39,122,20,72,130,80,44,78,1,28,82" hai1="101,63,115,89,57,58,96,135,90,25,52,4,87" hai2="91,27,120,121,131,113,85,56,116,24,16,66,112" hai3="37,95,49,111,119,30,34,23,109,21,79,98,67"/><V7/><F116/><W33/><G119/><T18/><D122/><U123/><E123/><V127/><F7/><W15/><G67/><T55/><D108/><U5/><E115/><N who="2" m="44107" /><F131/><W2/><G2/><T70/><D70/><U6/><E135/><V99/><F99/><W62/><G62/><T125/><D130/><U94/><E25/><V9/><F27/><W69/><G69/><T106/><D1/><U105/><E90/><V8/><F8/><W93/><G79/><T84/><D28/><U77/><E77/><V114/><F127/><W103/><G49/><T124/><D100/><U13/><REACH who="1" step="1"/><E58/><REACH who="1" ten="248,197,316,229" step="2"/><V47/><F24/><W54/><G111/><T132/><D132/><U35/><E35/><V48/><F56/><W31/><G109/><T88/><D125/><U11/><AGARI ba="2,1" hai="4,5,6,11,13,52,57,63,87,89,94,96,101,105" machi="11" ten="30,7900,0" yaku="1,1,0,1,54,1,53,1" doraHai="71" doraHaiUra="83" who="1" fromWho="1" sc="248,-22,197,95,316,-41,229,-22" /><INIT seed="7,0,0,2,1,67" ten="226,292,275,207" oya="3" hai0="70,80,3,90,129,0,51,53,72,57,55,82,115" hai1="26,95,19,128,5,31,29,123,28,104,68,119,61" hai2="111,24,59,87,88,7,27,44,35,83,69,134,124" hai3="14,77,99,52,8,48,63,120,43,93,113,92,22"/><W33/><G33/><T74/><D129/><U100/><E123/><V47/><F69/><W71/><G120/><T131/><D131/><U36/><E36/><V39/><F111/><W109/><G109/><T45/><D115/><U46/><E128/><V125/><F7/><W15/><G77/><T121/><D70/><U133/><E95/><V91/><F134/><W126/><G126/><N who="2" m="48745" /><F39/><W38/><G113/><T65/><D65/><N who="1" m="41007" /><E46/><N who="2" m="17451" /><F35/><W58/><G38/><T107/><D107/><U132/><E5/><V81/><F59/><W11/><G43/><T13/><D121/><U110/><E110/><V89/><F87/><W118/><G118/><T85/><D13/><U84/><E84/><V12/><F12/><W66/><G22/><T122/><D122/><U106/><E100/><V20/><F20/><W17/><REACH who="3" step="1"/><G99/><REACH who="3" ten="226,292,275,197" step="2"/><T41/><D41/><U60/><E119/><V30/><F30/><W42/><G42/><T114/><D114/><U103/><E28/><V50/><F50/><W98/><G98/><T130/><D130/><U54/><E133/><V112/><F112/><W102/><G102/><T1/><REACH who="0" step="1"/><D80/><AGARI ba="0,1" hai="24,27,80,81,83,88,89,91" m="17451,48745" machi="80" ten="40,8000,1" yaku="28,2,18,1,54,1" doraHai="67" who="2" fromWho="0" sc="226,-80,292,0,275,90,197,0" owari="146,-35.4,292,9.2,365,46.5,197,-20.3" /></mjloggm>