<mjloggm ver="2.3"><GO type="169" lobby="0"/><UN n0="%E3%83%AD%E3%83%AD%E3%82%93" n1="%E6%A8%AA%E6%B5%9C%E3%81%AE%E3%81%B2%E3%82%88%E3%81%93" n2="%E4%B8%80%E8%93%AE%E5%B3%BB%E6%BD%A4" n3="%E3%83%95%E3%83%AB%E3%82%BC%E3%83%B3%E3%83%84%E3%81%8F%E3%82%93" dan="16,16,17,16" rate="2134.74,2146.32,2197.09,2186.74" sx="M,M,M,F"/><TAIKYOKU oya="0"/><INIT seed="0,0,0,4,1,71" ten="250,250,250,250" oya="0" hai0="63,84,2,127,97,113,131,64,86,119,20,75,39" hai1="41,132,48,79,35,65,30,40,47,31,107,82,130" hai2="110,96,112,90,68,70,92,7,51,120,121,45,52" hai3="58,122,15,27,60,118,29,76,81,67,66,98,34"/><T124/><D119/><U55/><E130/><V129/><F112/><W50/><G118/><T115/><D75/><U59/><E132/><V114/><F114/><N who="0" m="43530" /><D20/><U91/><E107/><V123/><F129/><W23/><G122/><T111/><D131/><U16/><E65/><V26/><F110/><W117/><G117/><T33/><D33/><U25/><E91/><V72/><F72/><W69/><G98/><T73/><D73/><U74/><E30/><V11/><REACH who="2" step="1"/><F26/><REACH who="2" ten="250,250,240,250" step="2"/><W105/><G27/><T134/><D111/><U9/><REACH who="1" step="1"/><E47/><REACH who="1" ten="250,240,240,250" step="2"/><V99/><F99/><W126/><G126/><T77/><D97/><U135/><E135/><V94/><F94/><W3/><G105/><T14/><D134/><U0/><E0/><AGARI ba="0,2" hai="0,7,11,45,51,52,68,70,90,92,96,120,121,123" machi="0" ten="40,5200,0" yaku="1,1,54,1,53,1" doraHai="71" doraHaiUra="49" who="2" fromWho="1" sc="250,0,240,-52,240,72,250,0" /><INIT seed="1,0,0,5,2,47" ten="250,188,312,250" oya="1" hai0="38,120,60,95,65,113,135,59,110,124,66,50,51" hai1="119,93,27,57,98,40,115,109,14,69,62,49,116" hai2="17,23,75,4,7,102,82,55,92,46,24,35,130" hai3="104,15,56,53,96,85,48,54,88,77,86,68,52"/><U6/><E115/><V103/><F130/><W63/><G104/><T3/><D3/><U118/><E109/><V0/><F35/><W20/><G68/><T8/><D113/><U5/><E69/><V107/><F107/><W71/><G71/><T19/><D38/><U100/><E14/><V43/><F55/><W94/><G77/><T26/><D124/><U122/><E122/><V127/><F127/><W31/><G54/><T72/><D72/><U34/><E34/><V89/><F75/><W108/><G108/><T105/><D105/><U131/><E131/><V1/><F82/><W61/><G61/><N who="0" m="38079" /><D135/><U70/><E70/><V33/><F33/><W39/><G39/><T129/><D129/><U30/><E40/><V10/><F7/><W21/><G15/><N who="0" m="7655" /><D120/><U123/><E123/><V12/><F0/><W106/><G106/><T22/><D95/><U117/><N who="1" m="29696" /><DORA hai="58" /><U36/><E36/><V76/><F1/><W87/><G31/><N who="0" m="17879" /><D110/><U41/><E27/><V16/><F4/><W64/><G64/><T44/><D44/><AGARI ba="0,0" hai="20,21,44,48,52,53,56,63,85,86,87,88,94,96" machi="44" ten="40,8000,1" yaku="8,1,52,2,54,2" doraHai="47,58" who="3" fromWho="0" sc="250,-80,188,0,312,0,250,80" /><INIT seed="2,0,0,1,0,123" ten="170,188,312,330" oya="2" hai0="74,6,18,54,0,63,47,26,110,93,10,97,65" hai1="56,88,70,45,109,16,69,131,30,41,13,124,11" hai2="20,76,68,34,77,94,100,37,57,132,89,53,135" hai3="105,112,24,107,48,15,98,90,21,106,101,62,64"/><V36/><F34/><W122/><G122/><T27/><D74/><U130/><E124/><V44/><F68/><W121/><G121/><T115/><D115/><U126/><E126/><V114/><F100/><W125/><G125/><T29/><D18/><U102/><E30/><V120/><F114/><W99/><G112/><T1/><D1/><U43/><E102/><V23/><F120/><W22/><G15/><T79/><D79/><U9/><E9/><V80/><F20/><W85/><G48/><T117/><D117/><U127/><E127/><V81/><F23/><W3/><G3/><T96/><D96/><U119/><E119/><V50/><F77/><W28/><G21/><T25/><D54/><U108/><E88/><V134/><F44/><W12/><G12/><T60/><D47/><U4/><E56/><V116/><F116/><W87/><G99/><T103/><D63/><U59/><E59/><V75/><REACH who="2" step="1"/><F80/><REACH who="2" ten="170,188,302,330" step="2"/><W71/><G101/><T91/><D103/><U31/><E69/><V61/><F61/><W55/><G106/><T133/><D133/><U2/><E70/><V40/><F40/><N who="1" m="15433" /><E45/><V113/><F113/><W42/><G42/><T38/><D60/><U7/><E31/><V66/><F66/><W118/><G118/><T5/><D65/><U67/><E67/><V33/><F33/><W129/><G105/><T19/><D38/><U92/><E92/><V52/><F52/><W111/><G55/><T84/><D29/><U39/><E39/><V83/><F83/><W51/><G107/><T14/><D10/><N who="1" m="6199" /><E7/><V104/><F104/><W32/><G71/><RYUUKYOKU ba="0,1" sc="170,-15,188,15,302,15,330,-15" hai1="2,4,11,108,109,130,131" hai2="36,37,50,53,57,75,76,81,89,94,132,134,135" /><INIT seed="2,1,1,4,3,114" ten="155,203,317,315" oya="2" hai0="32,43,62,36,41,120,29,48,98,107,30,76,123" hai1="131,100,23,121,35,133,34,7,85,55,97,84,96" hai2="130,104,44,127,17,21,78,16,50,135,110,42,129" hai3="70,39,15,40,4,18,92,58,124,118,53,95,65"/><V81/><F104/><W45/><G124/><T54/><D76/><U94/><E131/><N who="2" m="50187" /><F127/><W86/><G4/><T93/><D107/><U1/><E133/><V22/><F135/><W89/><G118/><T13/><D62/><U9/><E121/><V63/><F63/><W33/><G33/><T113/><D113/><U38/><E38/><V47/><F110/><W64/><G92/><T11/><D36/><U67/><E67/><V20/><F47/><W73/><G73/><AGARI ba="1,1" hai="16,17,20,21,22,42,44,50,73,78,81" m="50187" machi="73" ten="30,2900,0" yaku="19,1,54,1" doraHai="114" who="2" fromWho="3" sc="155,0,203,0,317,42,315,-32" /><INIT seed="2,2,0,5,4,33" ten="155,203,359,283" oya="2" hai0="38,123,15,129,50,60,128,48,124,78,72,39,24" hai1="43,34,117,59,62,130,66,65,40,135,101,81,107" hai2="9,74,102,79,90,93,108,116,99,67,68,14,37" hai3="23,16,131,12,54,114,4,82,118,2,7,97,56"/><V70/><F116/><W113/><G118/><T31/><D15/><U111/><E117/><V83/><F37/><N who="0" m="13834" /><D123/><U98/><E111/><V119/><F108/><W109/><G109/><T13/><D13/><U134/><E130/><N who="0" m="50281" /><D124/><U45/><E34/><V100/><F119/><W126/><G126/><T133/><D133/><N who="1" m="50699" /><E45/><V49/><F102/><W1/><G82/><N who="0" m="45383" /><D60/><N who="1" m="38047" /><E81/><V115/><F115/><N who="3" m="44043" /><G97/><T30/><D30/><U110/><E110/><V36/><F36/><W86/><G86/><T57/><D57/><AGARI ba="2,0" hai="40,43,57,62,66,98,101,107" m="38047,50699" machi="57" ten="30,1000,0" yaku="20,1" doraHai="33" who="1" fromWho="0" sc="155,-16,203,16,359,0,283,0" /><INIT seed="3,0,0,0,2,4" ten="139,219,359,283" oya="3" hai0="125,28,115,13,42,127,128,40,134,120,80,86,99" hai1="50,68,117,20,56,82,31,62,22,24,23,107,118" hai2="43,85,66,96,7,65,109,100,114,88,83,33,92" hai3="26,61,52,102,121,9,2,29,122,135,94,91,79"/><W32/><G102/><T45/><D120/><U84/><E68/><V6/><F114/><W35/><G79/><T72/><D72/><U95/><E50/><V55/><F109/><W97/><G135/><T76/><D28/><U111/><E107/><V16/><F33/><W51/><G35/><T53/><D115/><U126/><E111/><V37/><F37/><W130/><G130/><T64/><D64/><N who="2" m="24682" /><F43/><W44/><REACH who="3" step="1"/><G61/><REACH who="3" ten="139,219,359,273" step="2"/><T49/><D134/><U87/><E117/><V110/><F110/><W39/><G39/><T47/><D128/><U30/><E118/><V21/><F55/><W116/><G116/><T98/><D53/><U57/><E62/><V14/><AGARI ba="0,1" hai="6,7,14,16,21,83,85,88,92,96,100" m="24682" machi="14" ten="30,4000,0" yaku="8,1,54,2" doraHai="4" who="2" fromWho="2" sc="139,-10,219,-10,359,50,273,-20" /><INIT seed="4,0,0,3,2,118" ten="129,209,409,253" oya="0" hai0="16,67,27,114,9,91,71,54,78,72,29,4,74" hai1="52,98,135,128,7,96,123,122,43,134,45,92,24" hai2="102,14,46,0,120,69,62,106,85,5,41,51,33" hai3="44,66,132,115,95,77,1,83,117,11,47,112,15"/><T58/><D114/><N who="3" m="43561" /><G117/><T53/><D71/><U76/><E128/><V126/><F33/><W25/><G132/><N who="1" m="50730" /><E7/><V23/><F0/><W19/><G1/><T6/><D67/><U22/><E76/><V31/><F126/><W48/><G66/><T86/><D6/><U129/><E129/><V10/><F62/><W103/><G25/><T89/><D89/><N who="1" m="55311" /><E98/><V80/><F106/><W82/><G47/><T56/><D78/><U36/><E52/><V34/><F102/><W73/><G83/><T84/><D4/><U49/><E36/><V101/><F101/><W109/><G109/><T37/><D37/><U116/><E116/><V55/><F55/><N who="3" m="30087" /><G95/><T100/><D100/><AGARI ba="0,0" hai="11,15,19,73,77,82,100,103" m="30087,43561" machi="100" ten="30,1000,0" yaku="15,1" doraHai="118" who="3" fromWho="0" sc="129,-10,209,0,409,0,253,10" /><INIT seed="5,0,0,2,2,0" ten="119,209,409,263" oya="1" hai0="119,100,49,34,98,129,5,80,71,93,105,121,88" hai1="127,35,78,118,58,44,15,115,65,1,11,125,75" hai2="97,45,64,122,36,39,20,70,101,79,117,61,57" hai3="90,95,107,47,3,89,111,28,68,7,76,69,26"/><U8/><E118/><V62/><F122/><W42/><G111/><T120/><D34/><U77/><E115/><V99/><F117/><W12/><G107/><T86/><D71/><U102/><E35/><V2/><F2/><W131/><G3/><T41/><D119/><U92/><E1/><V38/><F79/><W59/><G76/><T134/><D5/><N who="1" m="3471" /><E75/><V56/><F20/><W82/><G59/><T85/><D41/><U33/><E33/><V83/><F83/><W67/><G82/><T135/><D49/><U81/><E81/><V55/><F99/><W46/><G90/><N who="0" m="51495" /><D129/><U73/><E73/><V13/><F13/><W22/><G42/><T94/><D105/><U23/><E44/><V106/><F45/><W18/><G69/><T74/><D74/><U27/><E11/><V21/><F21/><W84/><G131/><T37/><D37/><U96/><E77/><V103/><F70/><W130/><G130/><T19/><D19/><U132/><E78/><V43/><F43/><W60/><REACH who="3" step="1"/><G7/><REACH who="3" ten="119,209,409,253" step="2"/><T9/><D9/><AGARI ba="0,1" hai="9,12,18,22,26,28,46,47,60,67,68,84,89,95" machi="9" ten="30,7700,0" yaku="1,1,2,1,7,1,53,1" doraHai="0" doraHaiUra="91" who="3" fromWho="0" sc="119,-77,209,0,409,0,253,87" /><INIT seed="6,0,0,0,5,9" ten="42,209,409,340" oya="2" hai0="109,121,60,73,6,10,120,26,100,64,46,101,124" hai1="3,66,99,92,125,90,12,122,115,41,113,80,30" hai2="102,131,33,22,28,108,18,111,56,69,135,130,82" hai3="4,54,15,65,86,134,74,14,123,67,119,23,1"/><V7/><F69/><W68/><G74/><T93/><D93/><U81/><E3/><V110/><F102/><W76/><G123/><T29/><D46/><U83/><E125/><V55/><F135/><W128/><G119/><T104/><D101/><U57/><E122/><V40/><F40/><W114/><G68/><T21/><D21/><U44/><E30/><V70/><F70/><W47/><G134/><T51/><D51/><U31/><E31/><V84/><F7/><W88/><G76/><T45/><D45/><U97/><E97/><V105/><F105/><W96/><G96/><T5/><D5/><U106/><E106/><V53/><F33/><W24/><G1/><T32/><D109/><U35/><E35/><V89/><F28/><N who="3" m="17439" /><G114/><T132/><D132/><U107/><E107/><V71/><F71/><W50/><G128/><N who="2" m="49193" /><F56/><W118/><G118/><T94/><D124/><U59/><E113/><V62/><F62/><W75/><G75/><T85/><D73/><U11/><E115/><V98/><F98/><W63/><G4/><T13/><D104/><U72/><E72/><V16/><F18/><W8/><G63/><T91/><D100/><U36/><REACH who="1" step="1"/><E66/><REACH who="1" ten="42,199,409,340" step="2"/><N who="3" m="25098" /><G8/><T112/><D112/><U52/><E52/><V78/><F78/><W25/><G25/><AGARI ba="0,1" hai="16,22,25,53,55,82,84,89,108,110,111" m="49193" machi="25" ten="40,7700,0" yaku="10,1,19,1,54,1" doraHai="9" who="2" fromWho="3" sc="42,0,199,0,409,87,340,-77" /><INIT seed="6,1,0,3,0,103" ten="42,199,496,263" oya="2" hai0="38,11,76,100,9,112,41,40,101,14,69,127,26" hai1="32,86,39,82,111,35,1,125,16,6,47,104,122" hai2="90,68,20,13,93,116,15,30,29,58,60,120,110" hai3="62,5,113,114,31,109,124,98,128,37,135,57,105"/><V108/><F120/><W64/><G109/><T42/><D112/><N who="3" m="43113" /><G37/><T66/><D127/><U70/><E111/><N who="2" m="42539" /><F68/><W18/><G124/><T96/><D38/><U25/><E70/><V130/><F130/><W61/><G128/><T53/><D53/><U19/><E122/><V28/><F20/><W94/><G135/><T92/><D76/><U43/><E125/><V119/><F119/><W99/><G31/><T48/><D48/><U12/><E1/><V107/><F116/><W4/><G62/><T133/><D133/><U23/><E6/><V87/><F107/><W8/><G99/><T59/><D69/><U46/><E104/><V126/><F126/><W91/><G105/><T50/><D101/><U67/><E67/><AGARI ba="1,0" hai="13,15,28,29,30,58,60,67,87,90,93" m="42539" machi="67" ten="30,1500,0" yaku="10,1" doraHai="103" who="2" fromWho="1" sc="42,0,199,-18,496,18,263,0" /><INIT seed="6,2,0,1,4,122" ten="42,181,514,263" oya="2" hai0="61,74,36,117,33,85,51,21,99,98,43,88,39" hai1="105,59,121,34,107,110,46,97,67,49,71,135,14" hai2="26,104,7,13,24,79,16,41,103,124,113,72,118" hai3="101,12,44,30,4,132,23,11,112,134,115,42,66"/><V123/><F41/><W108/><G66/><T55/><D33/><U76/><E71/><V93/><F104/><W40/><G101/><T92/><D74/><U20/><E34/><V95/><F123/><W127/><G42/><T60/><D117/><U126/><E76/><V116/><F79/><W52/><G40/><T18/><D43/><U58/><E20/><V114/><F72/><W25/><G52/><T48/><D48/><U133/><E14/><V84/><F84/><W65/><G65/><T29/><D29/><U89/><E67/><V81/><F81/><W1/><G44/><T69/><D69/><U119/><E121/><V15/><F103/><W130/><G130/><T3/><D3/><U31/><E31/><V106/><F106/><W0/><G127/><T62/><D39/><U47/><E49/><V94/><F94/><W80/><G80/><T8/><D8/><U63/><E97/><V45/><F45/><W131/><G131/><T57/><REACH who="0" step="1"/><D36/><REACH who="0" ten="32,181,514,263" step="2"/><U2/><E119/><V120/><F120/><W83/><G0/><T22/><D22/><U17/><E2/><V70/><F70/><W82/><G1/><T78/><D78/><U6/><E63/><V128/><F128/><W32/><G32/><T100/><D100/><U68/><E68/><V35/><F35/><W86/><G23/><T37/><D37/><U109/><E133/><V111/><F116/><W53/><G134/><T64/><D64/><U96/><E135/><V56/><F118/><W28/><G132/><T129/><D129/><U9/><E9/><V102/><F102/><W91/><G11/><RYUUKYOKU ba="2,1" sc="32,30,181,-10,514,-10,263,-10" hai0="18,21,51,55,57,60,61,62,85,88,92,98,99" /><INIT seed="7,3,1,5,4,95" ten="62,171,504,253" oya="3" hai0="111,2,104,49,77,43,74,28,102,19,60,56,27" hai1="93,119,91,122,82,109,39,123,128,21,83,45,40" hai2="31,71,32,72,50,100,4,16,121,8,113,89,5" hai3="44,84,129,124,112,23,13,64,96,33,61,86,69"/><W80/><G33/><T126/><D2/><U127/><E109/><V134/><F72/><W6/><G112/><T15/><D111/><U131/><E127/><V79/><F79/><W65/><G129/><N who="1" m="49738" /><E119/><V10/><F71/><W9/><G124/><T117/><D126/><U57/><E57/><V20/><F100/><W36/><G65/><T7/><D117/><U75/><E21/><V58/><F31/><W135/><G135/><T70/><D7/><U51/><E39/><V17/><F121/><N who="1" m="46089" /><E75/><V120/><F89/><W73/><G23/><T110/><D110/><U46/><E46/><V55/><F17/><W125/><G125/><T132/><D132/><U116/><E116/><V87/><F55/><W68/><G68/><T14/><D77/><U22/><E22/><V78/><F87/><AGARI ba="3,1" hai="40,45,51,82,83,87,91,93" m="46089,49738" machi="87" ten="30,1000,0" yaku="19,1" doraHai="95" who="1" fromWho="2" sc="62,0,171,29,504,-19,253,0" owari="62,-43.8,200,-20.0,485,58.5,253,5.3" /></mjloggm>