<mjloggm ver="2.3"><GO type="169" lobby="0"/><UN n0="%E5%9C%A7%E5%80%92%E7%9A%84%E3%83%9D%E3%83%B3" n1="%E3%81%9F%E3%81%8B%E3%81%AF%E3%81%97%E3%81%83%E3%81%83%E3%81%83" n2="%E3%81%93%E3%81%94%E3%81%A6%E3%81%83%E3%83%BC" n3="%E6%84%9A%E5%85%84%E3%81%8C%E6%84%9A%E5%BD%A2" dan="17,19,16,18" rate="2215.70,2242.13,2007.47,2195.87" sx="M,M,M,M"/><TAIKYOKU oya="0"/><INIT seed="0,0,0,5,5,62" ten="250,250,250,250" oya="0" hai0="95,22,112,96,27,44,108,32,131,79,125,40,5" hai1="130,90,17,47,7,70,99,76,35,38,124,43,36" hai2="106,14,123,63,87,28,68,122,82,84,4,85,46" hai3="113,55,29,12,120,132,83,100,15,101,111,116,34"/><T53/><D112/><U8/><E35/><V56/><F106/><W91/><G113/><T121/><D121/><U54/><E124/><V69/><F82/><W52/><G116/><T45/><D32/><U135/><E130/><V2/><F2/><W33/><G111/><T103/><D125/><U72/><E36/><V126/><F126/><W16/><G132/><T60/><D108/><U88/><E135/><V71/><F46/><W75/><G75/><T24/><D79/><U19/><E70/><V11/><REACH who="2" step="1"/><F28/><REACH who="2" ten="250,250,240,250" step="2"/><W6/><G29/><T20/><D45/><U86/><E47/><V98/><F98/><W97/><G97/><T134/><D134/><U59/><E99/><V119/><F119/><W94/><G83/><T105/><D105/><U104/><E104/><V3/><F3/><W74/><G94/><T39/><D131/><U115/><E115/><V128/><F128/><W9/><G120/><T64/><D5/><U118/><E7/><V26/><F26/><W41/><G6/><T65/><D27/><U77/><E118/><V66/><AGARI ba="0,1" hai="4,11,14,56,63,66,68,69,71,84,85,87,122,123" machi="66" ten="40,5200,0" yaku="1,1,0,1,52,1,53,0" doraHai="62" doraHaiUra="73" who="2" fromWho="2" sc="250,-26,250,-13,240,62,250,-13" /><INIT seed="1,0,0,5,3,69" ten="224,237,302,237" oya="1" hai0="44,62,59,70,8,109,60,34,65,71,135,87,130" hai1="118,100,56,37,22,78,110,30,31,82,79,99,64" hai2="2,28,36,61,39,7,115,54,24,89,123,53,116" hai3="26,51,111,102,114,67,72,94,83,47,131,112,4"/><U106/><E118/><V18/><F116/><W120/><G120/><T66/><D34/><U77/><E110/><V76/><F123/><W107/><G107/><T117/><D117/><U48/><E37/><V75/><F18/><W27/><G4/><T134/><D87/><U58/><E82/><V122/><F122/><W81/><G67/><T119/><D119/><U125/><E125/><V20/><F115/><W85/><G131/><T129/><D8/><U86/><E86/><V121/><F121/><W10/><G10/><T16/><D16/><U98/><E22/><V57/><F7/><W11/><G11/><T42/><D59/><U128/><E128/><N who="0" m="49257" /><D109/><U14/><E14/><V133/><F2/><W88/><G111/><T6/><D6/><U97/><E100/><V49/><F133/><W3/><G3/><T23/><D23/><U17/><E106/><V12/><F12/><W0/><G0/><T105/><D105/><U50/><E17/><V43/><F43/><W92/><G114/><T126/><D126/><U124/><E124/><V127/><F127/><W38/><G72/><T113/><D113/><U33/><E33/><V73/><F73/><W29/><G29/><N who="1" m="10762" /><E64/><V32/><F32/><W95/><G112/><T90/><D90/><U103/><E103/><V132/><F89/><W19/><G102/><T91/><D91/><U101/><E101/><V52/><F132/><W63/><G19/><T80/><D80/><U9/><E9/><V15/><F15/><W1/><G83/><T108/><D108/><U35/><E35/><V84/><F75/><W21/><G1/><RYUUKYOKU ba="0,0" sc="224,15,237,15,302,-15,237,-15" hai0="42,44,60,62,65,66,70,71,134,135" hai1="48,50,56,58,77,78,79,97,98,99" /><INIT seed="1,1,0,4,1,133" ten="239,252,287,222" oya="1" hai0="49,4,64,121,45,126,100,119,84,22,53,7,2" hai1="25,62,82,12,42,38,14,0,26,128,6,106,81" hai2="113,87,34,122,92,41,36,55,17,13,120,134,56" hai3="8,97,103,123,118,3,68,66,78,46,107,132,125"/><U98/><E0/><V85/><F34/><W67/><G123/><T91/><D119/><U59/><E128/><V127/><F134/><W73/><G132/><T96/><D121/><U72/><E38/><V74/><F74/><W31/><G46/><T57/><D2/><U130/><E42/><V37/><F37/><W33/><G118/><T43/><D64/><U99/><E130/><V116/><F116/><W51/><G51/><T9/><D22/><U86/><E72/><V108/><F41/><W5/><G66/><T114/><D114/><U61/><E106/><V95/><F36/><W58/><G58/><T24/><D24/><U135/><E135/><V15/><F113/><W29/><G29/><T90/><D90/><U50/><E86/><V21/><F108/><W28/><G28/><T102/><D96/><U101/><E50/><N who="2" m="30839" /><F120/><W94/><G94/><T35/><D35/><U19/><E59/><V54/><F54/><W70/><G78/><T1/><D7/><U104/><E104/><V10/><F122/><W77/><G77/><T76/><D76/><U131/><E131/><V30/><F30/><W32/><G73/><T44/><D44/><U105/><E105/><V129/><F129/><W112/><G112/><T111/><D111/><U75/><E75/><V48/><F48/><W20/><G32/><T52/><D43/><U79/><E79/><V40/><F40/><W115/><G115/><T47/><D47/><U83/><E61/><V89/><F87/><W88/><G70/><T109/><D109/><U23/><E62/><V65/><F65/><W80/><G67/><RYUUKYOKU ba="1,0" sc="239,0,252,0,287,0,222,0" /><INIT seed="2,2,0,0,1,12" ten="239,252,287,222" oya="2" hai0="11,123,83,56,5,111,100,124,58,77,16,0,114" hai1="47,29,82,75,128,78,68,116,19,15,105,79,30" hai2="70,90,132,74,7,126,61,65,112,14,39,103,88" hai3="21,64,37,49,43,48,84,67,31,119,115,1,109"/><V8/><F112/><W117/><G1/><T10/><D111/><U120/><E116/><V87/><F74/><W52/><G109/><T73/><D123/><U80/><E120/><V53/><F132/><W102/><G102/><T107/><D114/><U91/><E105/><V3/><F39/><W38/><G115/><T18/><D124/><U86/><E128/><V63/><F126/><W127/><G84/><T6/><D58/><U93/><E47/><V122/><F122/><W96/><G96/><T36/><D36/><U34/><E34/><V32/><F32/><W92/><G92/><T106/><D56/><U9/><REACH who="1" step="1"/><E68/><REACH who="1" ten="239,242,287,222" step="2"/><V125/><F125/><W59/><G127/><T129/><D129/><U95/><E95/><V71/><F71/><W99/><G117/><T20/><D107/><U22/><E22/><V17/><F70/><W24/><G119/><T45/><D45/><U41/><E41/><V133/><F133/><W131/><G131/><T66/><D20/><U98/><AGARI ba="2,1" hai="9,15,19,29,30,75,78,79,80,82,86,91,93,98" machi="98" ten="20,12000,2" yaku="1,1,0,1,7,1,52,1,53,2" doraHai="12" doraHaiUra="25" who="1" fromWho="1" sc="239,-32,242,136,287,-62,222,-32" /><INIT seed="3,0,0,2,0,51" ten="207,378,225,190" oya="3" hai0="65,49,42,121,34,128,43,69,118,46,76,132,122" hai1="52,60,64,75,127,3,67,38,79,14,96,135,47" hai2="126,71,99,81,29,19,37,86,83,18,74,56,111" hai3="58,33,82,9,123,109,24,114,77,13,66,130,54"/><W89/><G114/><T117/><D34/><U92/><E3/><V21/><F71/><W70/><G123/><N who="0" m="47115" /><D76/><U100/><E127/><V22/><F37/><W115/><G115/><T108/><D128/><U28/><E135/><V134/><F134/><W25/><G130/><T20/><D20/><U5/><E28/><V97/><F56/><W124/><G124/><T112/><D132/><U80/><E38/><V68/><F68/><W27/><G89/><T88/><D88/><U91/><E5/><V36/><F36/><W129/><G129/><T40/><D112/><U85/><E14/><V62/><F62/><W1/><G1/><T7/><D7/><U133/><E133/><V84/><F126/><W110/><G33/><T35/><D35/><U17/><E17/><V2/><F111/><N who="3" m="42507" /><G70/><T57/><D108/><U6/><E6/><V120/><F120/><W94/><G94/><T39/><D69/><U78/><E78/><V106/><F2/><W59/><G66/><T90/><D90/><U12/><E64/><V44/><F106/><W107/><G107/><T72/><D72/><U131/><E67/><V15/><F74/><W48/><G59/><T45/><D65/><U93/><E131/><V125/><F125/><W73/><G27/><T0/><D0/><U53/><E91/><V105/><F105/><W32/><G32/><T41/><D57/><N who="1" m="34855" /><E92/><V16/><F15/><W23/><G23/><T55/><AGARI ba="0,0" hai="39,40,41,42,43,45,46,49,55,117,118" m="47115" machi="55" ten="30,4000,0" yaku="34,2,52,1" doraHai="51" who="0" fromWho="0" sc="207,40,378,-10,225,-10,190,-20" /><INIT seed="4,0,0,2,4,43" ten="247,368,215,170" oya="0" hai0="48,26,70,65,95,105,1,33,71,129,0,135,115" hai1="35,104,97,108,28,112,39,23,110,40,29,44,78" hai2="14,59,117,32,85,31,20,73,123,96,86,64,124" hai3="12,118,24,45,106,13,100,107,8,47,92,88,58"/><T66/><D105/><U53/><E35/><V16/><F123/><W30/><G118/><T111/><D111/><U109/><E112/><V15/><F73/><W56/><G100/><T49/><D115/><U36/><E36/><V6/><F117/><W69/><G69/><T4/><D4/><U42/><E42/><V101/><F124/><W38/><G38/><T63/><D129/><U126/><E126/><V51/><F31/><W50/><G107/><T11/><D135/><U125/><E125/><V82/><F32/><W122/><G122/><T41/><D11/><U91/><E78/><V121/><F121/><W17/><G13/><T102/><D102/><U22/><E53/><V18/><F82/><W7/><G106/><T116/><D116/><U37/><E37/><V77/><F77/><W25/><G7/><T114/><D114/><U132/><E132/><V76/><F76/><W19/><G19/><T98/><D66/><U120/><E120/><V84/><F6/><W27/><G30/><N who="1" m="11882" /><E104/><V34/><F34/><W46/><G50/><T60/><D33/><U57/><E39/><V128/><F128/><W133/><G133/><T9/><D41/><U134/><E40/><V87/><N who="2" m="21504" /><DORA hai="52" /><V83/><F83/><W68/><G68/><T127/><D127/><U5/><E134/><V75/><F75/><W90/><G92/><T113/><D71/><U72/><E109/><V10/><F64/><W67/><G67/><T2/><D65/><U61/><E110/><V130/><F130/><W21/><G8/><T3/><D113/><U81/><E108/><V131/><F131/><RYUUKYOKU ba="0,0" sc="247,-10,368,-10,215,-10,170,30" hai3="12,17,21,24,25,27,45,46,47,56,58,88,90" /><INIT seed="5,1,0,5,3,134" ten="237,358,205,200" oya="1" hai0="27,41,67,34,75,10,81,52,8,29,72,53,96" hai1="46,0,31,51,123,85,125,80,94,1,23,103,37" hai2="132,122,42,21,49,71,61,25,88,59,7,30,66" hai3="69,116,50,78,109,35,115,73,131,74,15,126,101"/><U6/><E37/><V9/><F122/><W128/><G69/><T90/><D41/><U24/><E123/><V106/><F106/><W22/><G35/><T86/><D67/><U82/><E82/><V112/><F132/><W38/><G38/><T130/><D130/><N who="3" m="49705" /><G109/><T14/><D10/><U107/><E107/><V98/><F112/><W113/><G101/><T102/><D75/><N who="3" m="28681" /><G50/><T33/><D72/><U119/><E6/><V68/><F49/><W92/><G78/><T121/><D34/><U84/><E103/><V43/><F68/><W36/><G92/><T124/><D121/><U133/><E94/><N who="2" m="56647" /><F71/><W108/><G108/><T83/><D83/><U2/><E80/><V110/><F110/><W65/><G65/><T95/><REACH who="0" step="1"/><D124/><REACH who="0" ten="227,358,205,200" step="2"/><U55/><E125/><V129/><F129/><W89/><G126/><T5/><AGARI ba="1,1" hai="5,8,14,27,29,33,52,53,81,86,90,95,96,102" machi="5" ten="20,8000,1" yaku="1,1,2,1,0,1,7,1,54,1,53,0" doraHai="134" doraHaiUra="70" who="0" fromWho="0" sc="227,93,358,-41,205,-21,200,-21" /><INIT seed="6,0,0,0,2,26" ten="320,317,184,179" oya="2" hai0="84,103,126,57,110,121,50,109,66,45,91,87,10" hai1="104,102,115,92,12,122,134,98,22,28,11,73,65" hai2="27,99,90,93,9,125,35,112,128,77,81,39,131" hai3="59,111,37,100,69,129,15,1,4,123,120,108,14"/><V17/><F39/><W29/><G69/><T60/><D121/><N who="3" m="46665" /><G37/><T33/><D33/><U25/><E122/><V116/><F116/><W53/><G59/><T124/><D103/><U46/><E73/><N who="2" m="43183" /><F9/><N who="3" m="2191" /><G53/><N who="0" m="29903" /><D10/><U101/><E65/><V56/><F56/><W42/><G42/><T30/><D87/><U107/><E46/><V118/><F118/><W47/><G47/><T79/><D79/><U64/><E64/><V13/><F13/><N who="3" m="4619" /><G100/><T94/><D110/><N who="3" m="42025" /><G129/><N who="2" m="49737" /><F17/><W62/><G62/><T18/><D109/><U80/><E104/><V70/><F70/><W132/><G132/><T86/><D86/><U52/><E134/><V96/><F27/><W113/><G113/><T38/><D38/><U68/><E115/><V133/><F133/><W41/><G41/><T83/><D18/><U127/><E68/><V71/><F71/><W51/><G51/><T67/><D67/><U43/><E43/><V40/><F40/><W88/><G88/><T32/><D83/><U7/><E80/><V20/><F20/><W48/><G48/><T95/><D66/><U75/><E52/><V36/><F36/><W44/><G44/><T49/><D57/><U114/><E114/><V55/><F112/><W0/><G0/><T5/><D49/><U119/><E119/><V74/><F74/><W78/><G78/><T76/><D76/><U24/><E75/><V106/><F35/><W97/><G97/><T2/><D60/><U85/><E24/><V6/><F55/><W135/><G135/><T82/><D2/><U61/><E61/><V16/><F16/><W89/><G89/><T72/><D91/><RYUUKYOKU ba="0,0" sc="320,-10,317,-10,184,-10,179,30" hai3="29" /><INIT seed="7,1,0,5,4,67" ten="310,307,174,209" oya="3" hai0="126,5,0,31,95,8,1,20,135,85,66,63,73" hai1="76,97,17,111,12,72,46,112,57,108,16,13,69" hai2="131,121,105,4,89,78,120,80,65,132,33,45,84" hai3="2,7,127,106,100,53,3,64,50,26,59,14,117"/><W118/><G127/><T52/><D73/><U27/><E69/><V24/><F4/><W48/><G26/><T56/><D126/><U119/><E27/><V77/><F45/><W11/><G50/><T82/><D95/><U55/><E46/><V41/><F41/><W101/><G64/><T18/><D31/><U93/><E112/><V51/><F51/><W83/><G83/><T62/><D135/><U102/><E119/><V29/><F105/><W91/><G91/><T133/><D133/><U86/><E72/><V122/><F132/><W74/><G74/><T35/><D35/><U110/><E86/><V124/><F124/><W32/><G32/><T34/><D34/><U125/><E76/><V28/><F28/><W104/><G104/><T90/><D0/><U54/><E125/><V99/><F99/><W96/><REACH who="3" step="1"/><G100/><REACH who="3" ten="310,307,174,199" step="2"/><T58/><D90/><U107/><E107/><V23/><F33/><W6/><G6/><T15/><D82/><U43/><E102/><V44/><F44/><W98/><G98/><T75/><D75/><U116/><E97/><V25/><F25/><W19/><G19/><T30/><D85/><U37/><E16/><N who="2" m="12391" /><F131/><W9/><G9/><T61/><D30/><U134/><E17/><V68/><F29/><W60/><G60/><AGARI ba="1,1" hai="1,5,8,15,18,20,52,56,58,60,61,62,63,66" machi="60" ten="30,2000,0" yaku="7,1,54,1" doraHai="67" who="0" fromWho="3" sc="310,33,307,0,174,0,199,-23" /><AGARI ba="1,0" hai="60,65,68,77,78,80,84,89,120,121,122" m="12391" machi="60" ten="30,3900,0" yaku="13,1,52,1,54,1" doraHai="67" who="2" fromWho="3" sc="343,0,307,0,174,39,176,-39" owari="343,44.3,307,10.7,213,-18.7,137,-36.3" /></mjloggm>