<mjloggm ver="2.3"><GO type="169" lobby="0"/><UN n0="%E6%A4%9B%E5%8D%97" n1="%E3%80%90%E6%98%8E%E9%8F%A1%E6%AD%A2%E6%B0%B4%E3%80%91" n2="%E3%82%80%E3%81%97%E6%AD%AF" n3="%E2%84%83%2D%75%74%65" dan="18,16,17,17" rate="2208.93,2078.67,2151.92,2197.48" sx="F,M,M,M"/><TAIKYOKU oya="0"/><INIT seed="0,0,0,2,2,119" ten="250,250,250,250" oya="0" hai0="61,40,112,114,96,15,38,24,35,50,123,59,19" hai1="76,45,130,78,116,131,113,108,89,3,74,66,88" hai2="64,43,121,111,26,16,54,135,48,104,79,27,46" hai3="18,56,67,57,37,75,13,122,8,39,73,2,91"/><T83/><D38/><U133/><E3/><V94/><F104/><W101/><G2/><T134/><D134/><U4/><E4/><V90/><F135/><W69/><G69/><T65/><D123/><U87/><E133/><V84/><F111/><W9/><G101/><T86/><D96/><U25/><E116/><V103/><F121/><W51/><G67/><T85/><D85/><U30/><E108/><V20/><F64/><W109/><G109/><T10/><D35/><U124/><E124/><V21/><F103/><W110/><G110/><T118/><D118/><U72/><E66/><V81/><F43/><W60/><G51/><T117/><D117/><U42/><E113/><V92/><REACH who="2" step="1"/><F79/><REACH who="2" ten="250,250,240,250" step="2"/><W98/><G122/><T125/><D125/><U6/><E78/><V82/><F82/><W58/><G60/><T115/><D40/><U120/><E120/><V23/><F23/><W105/><G105/><T7/><D115/><U5/><E76/><V93/><F93/><W53/><G53/><T0/><D114/><U127/><E127/><V1/><F1/><W41/><G41/><T102/><D102/><U36/><E42/><V29/><AGARI ba="0,1" hai="16,20,21,26,27,29,46,48,54,81,84,90,92,94" machi="29" ten="20,12000,2" yaku="1,1,0,1,7,1,8,1,54,1,53,1" doraHai="119" doraHaiUra="80" who="2" fromWho="2" sc="250,-60,250,-30,240,130,250,-30" /><INIT seed="1,0,0,3,0,127" ten="190,220,370,220" oya="1" hai0="40,22,26,123,60,72,101,113,47,79,19,2,45" hai1="80,131,69,108,6,128,87,61,3,107,86,35,39" hai2="71,5,134,11,41,82,99,18,103,55,105,28,50" hai3="91,73,109,110,130,32,89,122,133,14,10,20,53"/><U12/><E35/><V25/><F134/><W31/><G122/><T126/><D126/><U66/><E39/><V36/><F71/><W21/><G73/><T97/><D123/><U27/><E107/><V93/><F18/><W96/><G53/><T117/><D117/><U78/><E108/><V114/><F114/><W132/><G96/><T70/><D2/><U15/><E27/><V75/><F36/><W56/><G56/><T9/><D72/><U98/><E98/><V48/><F41/><W77/><G77/><T7/><D79/><U118/><E118/><V88/><F75/><W51/><G51/><T16/><D7/><U121/><E121/><V106/><F82/><W85/><G85/><T44/><D40/><U76/><E3/><V68/><F68/><W52/><G52/><T13/><D113/><U125/><E125/><V124/><F124/><W0/><G0/><T57/><D70/><U37/><E37/><V49/><F55/><W24/><G89/><T111/><D111/><N who="3" m="42505" /><G91/><T135/><D135/><N who="3" m="51785" /><G130/><N who="1" m="49706" /><E6/><AGARI ba="0,0" hai="6,10,14,20,21,24,31,32" m="51785,42505" machi="6" ten="30,7700,0" yaku="14,1,20,1,34,2" doraHai="127" who="3" fromWho="1" sc="190,0,220,-77,370,0,220,77" /><INIT seed="2,0,0,5,2,124" ten="190,143,370,297" oya="2" hai0="62,109,21,26,23,58,14,89,96,44,105,108,22" hai1="36,10,91,7,110,87,66,33,70,122,0,127,85" hai2="35,3,129,38,43,20,2,111,15,115,75,114,69" hai3="59,73,50,92,40,133,46,76,39,18,6,42,117"/><V86/><F86/><W123/><G117/><T135/><D135/><U84/><E36/><V118/><F43/><W27/><G123/><T103/><D14/><U19/><E127/><V74/><F15/><W88/><G133/><T121/><D121/><U64/><E122/><V60/><F20/><W11/><G27/><T131/><D89/><U9/><E33/><V107/><F60/><W72/><G18/><T68/><D68/><U132/><E132/><V17/><F17/><W71/><G71/><T16/><D44/><U119/><E119/><V99/><F118/><W31/><G31/><T32/><D131/><U30/><E30/><V67/><F67/><W90/><G76/><T4/><D4/><U120/><E120/><V80/><F69/><W49/><G90/><T28/><REACH who="0" step="1"/><D16/><REACH who="0" ten="180,143,370,297" step="2"/><U5/><E19/><V113/><F129/><W106/><G88/><T77/><D77/><U83/><E70/><V55/><F55/><AGARI ba="0,1" hai="21,22,23,26,28,32,55,58,62,96,103,105,108,109" machi="55" ten="40,1300,0" yaku="1,1,53,0" doraHai="124" doraHaiUra="134" who="0" fromWho="2" sc="180,23,143,0,370,-13,297,0" /><INIT seed="3,0,0,4,2,41" ten="203,143,357,297" oya="3" hai0="30,25,51,98,131,15,128,27,37,64,34,56,106" hai1="73,40,43,46,92,108,22,129,125,122,54,89,26" hai2="110,127,93,14,109,70,97,68,21,104,45,39,2" hai3="65,60,126,0,28,118,32,5,33,91,95,1,19"/><W120/><G118/><T20/><D37/><U132/><E122/><V8/><F104/><W24/><G120/><T17/><D106/><U99/><E73/><V11/><F21/><W35/><G126/><T12/><D98/><U79/><E108/><N who="2" m="41579" /><F127/><W6/><G19/><T61/><REACH who="0" step="1"/><D51/><REACH who="0" ten="193,143,357,297" step="2"/><N who="1" m="29047" /><E125/><V85/><F97/><W115/><G115/><T96/><D96/><U130/><E132/><V113/><F113/><W114/><G114/><T94/><D94/><U36/><E36/><V4/><F93/><W31/><G95/><T100/><D100/><U84/><E130/><AGARI ba="0,1" hai="12,15,17,20,25,27,30,34,56,61,64,128,130,131" machi="130" ten="40,5200,0" yaku="1,1,19,1,53,1" doraHai="41" doraHaiUra="55" who="0" fromWho="1" sc="193,62,143,-52,357,0,297,0" /><INIT seed="4,0,0,4,2,45" ten="255,91,357,297" oya="0" hai0="27,110,122,102,33,103,14,38,78,108,39,24,90" hai1="113,40,32,46,67,131,22,69,12,118,96,74,111" hai2="71,62,130,17,8,104,55,106,120,26,41,18,94" hai3="54,70,6,116,123,92,135,25,43,34,83,15,95"/><T76/><D122/><U112/><E118/><V20/><F120/><W52/><G70/><T105/><D90/><U48/><E111/><N who="0" m="42537" /><D14/><U51/><E32/><V10/><F130/><W65/><G65/><T29/><D27/><U50/><E74/><V44/><F104/><W60/><G116/><T89/><D89/><U28/><E131/><V124/><F106/><W93/><G83/><T59/><D59/><U23/><E96/><V11/><F124/><W128/><G128/><T119/><D119/><U5/><E67/><V88/><F71/><W134/><G43/><T47/><D47/><U36/><E69/><V42/><F18/><W132/><G123/><T117/><D117/><U126/><E126/><V30/><F30/><N who="3" m="19791" /><G60/><T114/><D114/><N who="1" m="44139" /><E28/><V9/><N who="2" m="2048" /><DORA hai="49" /><V133/><F133/><W1/><G15/><T91/><D91/><U72/><E72/><V99/><F44/><W58/><G58/><AGARI ba="0,0" hai="17,20,26,41,42,55,58,62,88,94,99" m="2048" machi="58" ten="50,8000,1" yaku="25,2,8,1,52,1,54,1" doraHai="45,49" who="2" fromWho="3" sc="255,0,91,0,357,80,297,-80" /><INIT seed="5,0,0,2,5,135" ten="255,91,437,217" oya="1" hai0="70,94,79,127,28,84,41,76,49,56,101,21,124" hai1="105,8,60,126,23,98,108,102,95,26,34,27,77" hai2="55,111,85,129,86,1,59,74,90,20,110,50,31" hai3="44,115,39,103,64,87,24,14,119,61,46,73,36"/><U107/><E108/><V120/><F74/><W19/><G73/><T104/><D70/><U81/><E8/><V134/><F1/><W91/><G115/><T10/><D104/><U16/><E60/><V52/><F134/><W37/><G103/><T113/><D10/><U17/><E126/><N who="0" m="48169" /><D113/><U75/><REACH who="1" step="1"/><E34/><REACH who="1" ten="255,81,437,217" step="2"/><V57/><F111/><W45/><G119/><T42/><D21/><AGARI ba="0,1" hai="16,17,21,23,26,27,75,77,81,95,98,102,105,107" machi="21" ten="40,12000,1" yaku="1,1,2,1,9,1,54,1,53,0" doraHai="135" doraHaiUra="130" who="1" fromWho="0" sc="255,-120,81,130,437,0,217,0" /><INIT seed="5,1,0,4,5,58" ten="135,211,437,217" oya="1" hai0="94,103,21,44,19,40,100,59,51,102,116,131,66" hai1="133,74,20,135,132,90,89,113,67,29,16,77,108" hai2="80,50,125,64,76,134,1,57,48,105,7,115,0" hai3="121,75,41,34,25,69,3,88,60,33,83,114,30"/><U10/><E113/><V46/><F105/><W72/><G121/><T5/><D131/><U17/><E108/><V11/><F115/><W9/><G34/><T124/><D124/><U18/><E10/><V127/><F134/><W95/><G114/><T26/><D116/><U117/><E117/><V62/><F1/><W101/><G41/><T126/><D126/><N who="2" m="48138" /><F46/><W111/><G111/><T86/><D5/><U92/><E67/><V42/><F42/><W27/><G27/><T122/><D122/><U70/><E70/><V106/><F106/><W129/><G129/><T61/><REACH who="0" step="1"/><D86/><AGARI ba="1,0" hai="0,7,11,48,50,57,62,64,76,80,86" m="48138" machi="86" ten="30,2000,0" yaku="18,1,52,1" doraHai="58" who="2" fromWho="0" sc="135,-23,211,0,437,23,217,0" /><INIT seed="6,0,0,5,2,65" ten="112,211,460,217" oya="2" hai0="42,47,75,67,134,63,116,9,32,26,111,16,35" hai1="123,125,105,91,81,6,106,97,18,30,49,72,23" hai2="103,71,85,108,89,28,36,4,88,119,17,102,22" hai3="39,64,130,122,101,126,98,1,5,77,8,76,94"/><V69/><F36/><W135/><G39/><T96/><D111/><U74/><E125/><V48/><F119/><W13/><G122/><T50/><D134/><U52/><E123/><V110/><F4/><W78/><G126/><T56/><D75/><U66/><E30/><V118/><F28/><W15/><G135/><T2/><D116/><U43/><E43/><V68/><F48/><W11/><G130/><T124/><D124/><U61/><E6/><V60/><F60/><W90/><G64/><T95/><D2/><U57/><E74/><V37/><F37/><W79/><N who="3" m="19456" /><DORA hai="114" /><W20/><G20/><T46/><D46/><U3/><E3/><V58/><F58/><W12/><G11/><T117/><D117/><U104/><E72/><V25/><F118/><W53/><G53/><T83/><D83/><U55/><E49/><V107/><F89/><W21/><G21/><T41/><D41/><U121/><E121/><V87/><F87/><W73/><G73/><T27/><D35/><U7/><E7/><V19/><F19/><W115/><G115/><T86/><D86/><U24/><E81/><N who="2" m="49199" /><F107/><W62/><G62/><T99/><D32/><U14/><E24/><V109/><AGARI ba="0,0" hai="17,22,25,68,69,71,102,103,108,109,110" m="49199" machi="109" ten="40,12000,1" yaku="10,1,52,3,54,1" doraHai="65,114" who="2" fromWho="2" sc="112,-40,211,-40,460,120,217,-40" /><INIT seed="6,1,0,2,1,81" ten="72,171,580,177" oya="2" hai0="6,14,5,67,53,44,61,12,39,96,106,59,78" hai1="90,125,22,38,100,124,37,43,108,33,87,9,129" hai2="123,126,13,52,24,66,63,131,58,101,110,97,27" hai3="72,54,83,8,120,99,28,23,30,16,103,82,127"/><V122/><F126/><N who="1" m="48745" /><E33/><V135/><F131/><W133/><G120/><T109/><D109/><U107/><E108/><V68/><F110/><W132/><G127/><T0/><D78/><U10/><E129/><V47/><F135/><N who="3" m="51787" /><G54/><T34/><D34/><U119/><E119/><V11/><F47/><W36/><G36/><N who="1" m="13930" /><E43/><V32/><F32/><W105/><G8/><N who="1" m="3178" /><E22/><V49/><F123/><W26/><G72/><T71/><D0/><U88/><E87/><V113/><F113/><W56/><G56/><T29/><D29/><AGARI ba="1,0" hai="16,23,26,28,29,30,82,83,99,103,105" m="51787" machi="29" ten="30,2000,0" yaku="20,1,54,1" doraHai="81" who="3" fromWho="0" sc="72,-23,171,0,580,0,177,23" /><INIT seed="7,0,0,5,1,18" ten="49,171,580,200" oya="3" hai0="6,86,45,133,44,135,49,47,64,66,60,105,29" hai1="21,82,27,12,92,40,94,113,98,31,13,127,3" hai2="1,68,37,22,111,131,17,122,99,117,46,2,63" hai3="69,87,38,89,15,102,50,88,81,120,52,124,30"/><W103/><G69/><T121/><D105/><U28/><E3/><V57/><F111/><W8/><G38/><T62/><D86/><U73/><E113/><V41/><F117/><W75/><G75/><T129/><D29/><U48/><E127/><V71/><F131/><W10/><G120/><T33/><D33/><U107/><E107/><V14/><F122/><W80/><G124/><T16/><D6/><U34/><E34/><V119/><F119/><W4/><G30/><T130/><D16/><N who="1" m="12711" /><E73/><V84/><F99/><W36/><G36/><T53/><D121/><U79/><E82/><V128/><F128/><N who="0" m="49258" /><D53/><U51/><E79/><V101/><F101/><W11/><G81/><T67/><D49/><U110/><E31/><V24/><F24/><W9/><G89/><T106/><D106/><U35/><E28/><V91/><F71/><W26/><G26/><T95/><D95/><U132/><E35/><V114/><F68/><W100/><G100/><T19/><D19/><U97/><E94/><V77/><F77/><W32/><G32/><T70/><D70/><U61/><E92/><V72/><F72/><W39/><G39/><T123/><D123/><U25/><E51/><V55/><F114/><W78/><G78/><T115/><D115/><U83/><E48/><V56/><F56/><AGARI ba="0,0" hai="4,8,9,10,11,15,50,52,56,80,87,88,102,103" machi="56" ten="40,7700,0" yaku="8,1,54,2" doraHai="18" who="3" fromWho="2" sc="49,0,171,0,580,-77,200,77" /><INIT seed="7,1,0,3,4,28" ten="49,171,503,277" oya="3" hai0="89,131,24,41,30,55,11,106,47,15,10,95,113" hai1="91,88,33,39,121,110,71,99,59,22,40,68,84" hai2="56,51,74,128,134,93,98,70,8,100,9,72,69" hai3="31,92,29,2,37,18,0,3,52,115,96,12,23"/><W64/><G37/><T7/><D106/><U54/><E110/><V57/><F128/><W127/><G64/><T4/><D113/><U35/><E121/><V111/><F111/><W27/><G115/><T20/><D55/><U122/><E122/><V58/><F134/><W13/><G31/><T67/><D131/><U78/><E22/><V19/><F51/><W43/><G43/><T53/><D53/><U97/><E78/><V60/><F60/><W116/><G116/><T77/><D77/><U133/><E133/><V44/><F44/><W75/><G75/><T108/><D108/><U45/><E71/><V85/><F70/><W114/><G127/><T49/><D67/><U73/><E73/><V112/><F69/><W107/><G107/><T6/><D11/><U5/><E68/><V42/><F42/><W63/><G114/><T17/><D4/><U90/><E84/><V130/><F85/><W82/><G82/><T101/><D101/><U129/><E5/><V87/><F87/><W26/><G26/><T16/><REACH who="0" step="1"/><D7/><REACH who="0" ten="39,171,503,277" step="2"/><U105/><E129/><V46/><F112/><W14/><G52/><T1/><D1/><U118/><E105/><V50/><F130/><W25/><G2/><T124/><D124/><U94/><E118/><V76/><F76/><W135/><G0/><T104/><D104/><U48/><E91/><V120/><F120/><W38/><G3/><T32/><D32/><U61/><E61/><V21/><F74/><W66/><G63/><T34/><D34/><U36/><E35/><V123/><F72/><W117/><G117/><T86/><AGARI ba="1,1" hai="6,10,15,16,17,20,24,30,41,47,49,86,89,95" machi="86" ten="20,12000,2" yaku="1,1,5,1,0,1,7,1,8,1,54,1,53,1" doraHai="28" doraHaiUra="80" who="0" fromWho="0" sc="39,133,171,-31,503,-31,277,-61" owari="172,-22.8,140,-36.0,472,57.2,216,1.6" /></mjloggm>