<mjloggm ver="2.3"><GO type="169" lobby="0"/><UN n0="%54%61%6B%61%79%61%40" n1="%E3%81%9F%E3%81%BE%E5%AD%90" n2="%E3%82%82%E3%82%8A%E3%82%8A%E3%82%93%E3%82%82%E3%82%8A%E3%82%82%E3%82%8A" n3="%6C%6E%61%69" dan="16,16,16,16" rate="2094.32,2169.34,2092.44,2050.38" sx="M,M,M,M"/><TAIKYOKU oya="0"/><INIT seed="0,0,0,4,0,88" ten="250,250,250,250" oya="0" hai0="34,97,93,20,46,69,55,113,122,39,79,127,54" hai1="19,3,75,121,101,105,26,35,112,104,85,50,14" hai2="72,95,129,13,5,135,90,120,63,100,83,87,102" hai3="40,71,123,124,9,94,51,2,32,11,64,99,8"/><T48/><D122/><U89/><E121/><V27/><F129/><W31/><G123/><T103/><D113/><U61/><E112/><V107/><F135/><W6/><G124/><T49/><D34/><U16/><E3/><V33/><F120/><W91/><G71/><T92/><D69/><U62/><E75/><V116/><F116/><W60/><G32/><T119/><D119/><U37/><E37/><V23/><F63/><W117/><G31/><T25/><D39/><U84/><E50/><V29/><F107/><W125/><G125/><T45/><D79/><U80/><E84/><V115/><F115/><W44/><REACH who="3" step="1"/><G117/><REACH who="3" ten="250,250,250,240" step="2"/><T78/><D127/><U10/><E35/><V53/><F33/><W111/><G111/><T65/><D65/><U74/><E74/><V66/><F72/><W30/><G30/><T67/><D67/><U118/><E118/><V86/><F66/><W132/><G132/><T73/><D73/><U15/><E26/><V106/><F106/><W114/><G114/><T134/><D134/><U128/><E128/><V4/><F53/><W24/><G24/><T47/><D78/><U82/><E105/><V17/><F29/><W77/><G77/><T28/><D47/><U7/><E104/><AGARI ba="0,1" hai="20,25,28,45,46,48,49,54,55,92,93,97,103,104" machi="104" ten="30,11600,0" yaku="7,1,9,1,52,2" doraHai="88" who="0" fromWho="1" sc="250,126,250,-116,250,0,240,0" /><INIT seed="0,1,0,4,3,57" ten="376,134,250,240" oya="0" hai0="14,77,100,33,99,108,70,80,122,26,86,124,10" hai1="134,11,82,114,31,38,94,68,127,36,85,58,117" hai2="41,22,49,25,54,40,90,123,126,135,60,91,59" hai3="63,24,34,89,102,5,115,119,120,2,101,87,48"/><T116/><D116/><U0/><E68/><V130/><F123/><W27/><G115/><T132/><D122/><U103/><E117/><V20/><F130/><W61/><G119/><T35/><D124/><U83/><E127/><V125/><F135/><W95/><G120/><T29/><D132/><U17/><E134/><V118/><F118/><W52/><G2/><T131/><D131/><U56/><E114/><V8/><F125/><W21/><G5/><T9/><D9/><U98/><E31/><V42/><F126/><W55/><G55/><T18/><D70/><U129/><E129/><V97/><F8/><W109/><G109/><T3/><D3/><U65/><E56/><V72/><F72/><W37/><G37/><T105/><REACH who="0" step="1"/><D108/><REACH who="0" ten="366,134,250,240" step="2"/><U67/><E0/><V45/><F22/><AGARI ba="1,1" hai="10,14,18,22,26,29,33,35,77,80,86,99,100,105" machi="22" ten="30,5800,0" yaku="1,1,2,1,7,1,53,0" doraHai="57" doraHaiUra="111" who="0" fromWho="2" sc="366,71,134,0,250,-61,240,0" /><INIT seed="0,2,0,0,2,116" ten="437,134,189,240" oya="0" hai0="69,39,115,132,65,85,131,5,76,4,91,66,123" hai1="103,41,38,57,101,80,120,79,89,125,50,23,24" hai2="114,127,17,92,109,104,11,8,48,71,106,42,53" hai3="70,118,100,110,81,90,94,99,16,34,117,7,74"/><T20/><D115/><U95/><E125/><V45/><F114/><W44/><G70/><T63/><D132/><U37/><E37/><V121/><F109/><W130/><G34/><T19/><D131/><U82/><E38/><V60/><F127/><W30/><G30/><T43/><D66/><U93/><E120/><V26/><F106/><W18/><G110/><T25/><D76/><U0/><E0/><V22/><F104/><W111/><G111/><T86/><D85/><U14/><E14/><V119/><F119/><W83/><G130/><T105/><D105/><U124/><E95/><V134/><F134/><W29/><G29/><T73/><D73/><U112/><E124/><V56/><F121/><W52/><G7/><T107/><D107/><U133/><E133/><V3/><F3/><W62/><G83/><N who="1" m="31786" /><E79/><V58/><F71/><W135/><G135/><T88/><D91/><U55/><E41/><V47/><F47/><W27/><G18/><T108/><D123/><U126/><E126/><V9/><F58/><W28/><G28/><T68/><D68/><U46/><E57/><V61/><REACH who="2" step="1"/><F92/><REACH who="2" ten="437,134,179,240" step="2"/><N who="3" m="58471" /><G117/><T12/><D108/><U72/><E112/><V2/><F2/><W32/><G118/><T97/><D69/><U128/><E128/><V15/><F15/><W33/><G44/><T13/><D13/><U64/><E72/><V67/><F67/><W84/><G74/><T49/><D12/><U35/><E64/><V36/><AGARI ba="2,1" hai="8,9,11,17,22,26,36,42,45,48,53,56,60,61" machi="36" ten="30,2000,0" yaku="1,1,0,1,53,0" doraHai="116" doraHaiUra="10" who="2" fromWho="2" sc="437,-12,134,-7,179,36,240,-7" /><INIT seed="1,0,0,3,4,80" ten="425,127,215,233" oya="1" hai0="48,89,108,125,59,12,19,32,2,45,62,16,18" hai1="67,55,49,69,93,37,14,63,94,120,9,117,15" hai2="133,76,107,3,35,122,132,116,5,135,60,56,104" hai3="134,83,126,7,127,128,75,121,43,22,119,109,47"/><U58/><E117/><V44/><F122/><W66/><G121/><T74/><D108/><U98/><E120/><V131/><F35/><W99/><G109/><T42/><D125/><U52/><E37/><V27/><F116/><W92/><G119/><T23/><D74/><U33/><E33/><V39/><F27/><W113/><G113/><T129/><D2/><U71/><E93/><V102/><F76/><W96/><G128/><T51/><D129/><U41/><E41/><N who="2" m="22591" /><F102/><W77/><G134/><T95/><D51/><U64/><E55/><N who="2" m="33823" /><F131/><W26/><G66/><N who="0" m="39263" /><D32/><U86/><E86/><AGARI ba="0,0" hai="12,16,18,19,23,42,45,48,86,89,95" m="39263" machi="86" ten="30,3900,0" yaku="8,1,52,1,54,1" doraHai="80" who="0" fromWho="1" sc="425,39,127,-39,215,0,233,0" /><INIT seed="2,0,0,1,3,48" ten="464,88,215,233" oya="2" hai0="126,99,85,12,86,31,60,10,90,33,50,116,88" hai1="6,5,92,118,49,32,71,56,109,68,42,67,84" hai2="77,102,24,104,14,83,27,78,72,1,63,108,44" hai3="8,46,105,113,119,40,125,132,70,94,9,54,128"/><V19/><F1/><W13/><G119/><T111/><D111/><U2/><E118/><V120/><F120/><W37/><G105/><T34/><D126/><U35/><E109/><V127/><F127/><W20/><G125/><T130/><D130/><U58/><E84/><V106/><F77/><W64/><G128/><T18/><D99/><U122/><E92/><V22/><F108/><W38/><G132/><T98/><D98/><U16/><E49/><V7/><F102/><W69/><G38/><T123/><D123/><U133/><E42/><V65/><F44/><W52/><G20/><T91/><D60/><U93/><E93/><V57/><F24/><W112/><G94/><T3/><D3/><U97/><E97/><V47/><F47/><W89/><G89/><T62/><D62/><U43/><E43/><V17/><REACH who="2" step="1"/><F7/><REACH who="2" ten="464,88,205,233" step="2"/><W0/><G0/><T79/><D79/><U134/><E2/><V100/><F100/><W129/><G129/><T26/><D116/><U87/><E122/><V76/><F76/><W51/><G46/><T115/><D115/><U75/><E75/><V117/><F117/><W81/><G113/><T53/><REACH who="0" step="1"/><D33/><REACH who="0" ten="454,88,205,233" step="2"/><U15/><E35/><V29/><F29/><W61/><G112/><T124/><D124/><U11/><E32/><V95/><F95/><W59/><G81/><T28/><D28/><U4/><E133/><V107/><F107/><W23/><G37/><T45/><AGARI ba="0,2" hai="10,12,18,26,31,34,45,50,53,85,86,88,90,91" machi="45" ten="30,7900,0" yaku="1,1,0,1,52,1,54,1,53,0" doraHai="48" doraHaiUra="74" who="0" fromWho="0" sc="454,99,88,-20,205,-39,233,-20" /><INIT seed="3,0,0,4,4,110" ten="553,68,166,213" oya="3" hai0="51,22,125,128,90,37,0,112,107,75,104,93,80" hai1="48,34,47,13,133,63,102,70,109,97,25,12,92" hai2="74,5,32,116,2,18,10,20,64,78,56,35,114" hai3="29,132,105,57,118,83,69,65,31,71,28,99,43"/><W26/><G118/><T49/><D37/><U66/><E109/><V62/><F116/><W115/><G132/><T117/><D0/><U106/><E133/><V4/><F78/><W91/><G43/><T134/><D134/><U81/><E81/><V127/><F74/><W89/><G115/><T19/><D117/><U27/><E27/><V67/><F127/><W100/><G26/><T52/><D125/><U55/><REACH who="1" step="1"/><E92/><REACH who="1" ten="553,58,166,213" step="2"/><V11/><F114/><W84/><G83/><T58/><D112/><U53/><E53/><V131/><F64/><W50/><G65/><T1/><D107/><U103/><E103/><V15/><F131/><W98/><G100/><T7/><D104/><U108/><E108/><V23/><F23/><W17/><G105/><T42/><D128/><U33/><E33/><V41/><F41/><W79/><G29/><AGARI ba="0,1" hai="12,13,25,29,34,47,48,55,63,66,70,97,102,106" machi="29" ten="40,5200,0" yaku="1,1,25,2,53,0" doraHai="110" doraHaiUra="73" who="1" fromWho="3" sc="553,0,58,62,166,0,213,-52" /><INIT seed="4,0,0,0,1,100" ten="553,120,166,161" oya="0" hai0="92,115,81,1,110,33,134,16,96,76,27,62,102" hai1="7,117,133,108,34,126,19,25,104,8,3,14,55" hai2="87,18,86,15,84,99,46,53,61,37,2,129,49" hai3="42,135,65,130,97,0,6,79,63,60,98,66,51"/><T38/><D115/><U120/><E55/><V72/><F72/><W125/><G130/><T105/><D134/><U88/><E108/><V43/><F2/><W31/><G135/><T5/><D38/><U12/><E133/><V89/><F61/><W119/><G119/><T48/><D110/><U47/><E117/><V54/><F129/><W107/><G125/><T39/><D39/><U9/><E120/><V10/><F37/><W101/><G79/><T128/><D128/><U24/><E47/><V57/><F99/><W23/><G98/><T36/><D36/><U45/><E45/><V131/><F131/><W124/><G124/><T40/><D48/><U64/><E64/><V11/><F11/><W50/><G6/><T82/><D40/><U29/><E126/><V116/><F116/><W58/><G0/><T68/><D92/><U121/><E121/><V91/><F43/><W77/><G77/><T30/><D16/><N who="1" m="8199" /><E88/><N who="2" m="33867" /><F54/><W95/><G107/><T83/><D5/><U109/><E104/><V28/><F28/><W93/><G93/><T26/><D26/><N who="1" m="18743" /><E109/><V85/><N who="2" m="21504" /><DORA hai="52" /><V94/><F94/><W56/><G42/><T44/><D1/><U78/><E78/><V90/><N who="2" m="33875" /><V111/><DORA hai="74" /><F111/><W4/><G4/><T20/><D44/><AGARI ba="0,0" hai="10,15,18,44,46,49,53,57" m="21504,33875" machi="44" ten="50,6400,0" yaku="8,1,52,1,54,1" doraHai="100,52,74" who="2" fromWho="0" sc="553,-64,120,0,166,64,161,0" /><INIT seed="5,0,0,0,0,118" ten="489,120,230,161" oya="1" hai0="25,117,64,67,76,107,47,5,102,20,57,127,84" hai1="54,133,68,51,79,94,2,93,32,23,1,99,60" hai2="15,40,88,80,129,91,9,97,92,113,120,0,98" hai3="85,24,16,37,34,43,122,53,63,36,12,48,103"/><U66/><E32/><V62/><F0/><W11/><G122/><T109/><D109/><U19/><E133/><V104/><F40/><W126/><G126/><T105/><D127/><U58/><E79/><V33/><F33/><W4/><G103/><T112/><D112/><U96/><E93/><V78/><F113/><W135/><G135/><T125/><D125/><U100/><REACH who="1" step="1"/><E96/><REACH who="1" ten="489,110,230,161" step="2"/><V30/><F98/><W21/><G34/><T75/><D76/><U106/><E106/><V89/><F104/><W49/><G85/><T61/><D107/><U29/><E29/><V82/><F78/><W111/><G111/><T17/><D84/><U81/><E81/><V65/><F82/><W116/><G116/><T50/><D117/><U83/><E83/><V121/><F80/><W72/><G72/><T8/><D75/><U132/><E132/><V7/><F30/><W46/><REACH who="3" step="1"/><G63/><REACH who="3" ten="489,110,230,151" step="2"/><T3/><D105/><U123/><E123/><V101/><REACH who="2" step="1"/><F129/><REACH who="2" ten="489,110,220,151" step="2"/><W86/><G86/><T130/><D130/><U39/><E39/><V74/><F74/><W18/><G18/><T14/><D17/><U38/><E38/><V35/><F35/><W110/><G110/><T59/><D5/><U13/><AGARI ba="0,3" hai="1,2,13,19,23,51,54,58,60,66,68,94,99,100" machi="13" ten="20,3900,0" yaku="1,1,0,1,7,1,53,0" doraHai="118" doraHaiUra="87" who="1" fromWho="1" sc="489,-13,110,69,220,-13,151,-13" /><INIT seed="5,1,0,3,1,36" ten="476,179,207,138" oya="1" hai0="25,41,38,81,115,55,61,3,119,98,131,83,68" hai1="128,130,93,116,67,15,42,118,22,48,12,121,8" hai2="101,73,57,13,124,97,120,34,78,56,33,32,72" hai3="70,21,125,17,80,4,65,18,109,75,58,69,47"/><U28/><E93/><V76/><F120/><W113/><G109/><T95/><D119/><N who="1" m="45611" /><E67/><V135/><F13/><W132/><G113/><T52/><D3/><U2/><E48/><V129/><F33/><W122/><G122/><T117/><D115/><U103/><E103/><V10/><F10/><W127/><G132/><T87/><D117/><U6/><E42/><V64/><F135/><W134/><G134/><T44/><D131/><N who="1" m="50219" /><E121/><V5/><F129/><W39/><G4/><T99/><D83/><U106/><E106/><V26/><F5/><W96/><G96/><T92/><D68/><U112/><E112/><V40/><F64/><W49/><G39/><T19/><D61/><U104/><E104/><V27/><F97/><W31/><G58/><T53/><D99/><U107/><E107/><V59/><F59/><W82/><G75/><T126/><D98/><U74/><E74/><V54/><F101/><W123/><G123/><T9/><D126/><N who="3" m="48137" /><G80/><T114/><D114/><U16/><E28/><V0/><F124/><W102/><G82/><T133/><D133/><U85/><E85/><V51/><F73/><W111/><G102/><T35/><D95/><U79/><E79/><V24/><F72/><W71/><G65/><T29/><D92/><U37/><E37/><V89/><F78/><W84/><G84/><T66/><D66/><U90/><E90/><V77/><F89/><W110/><G110/><T14/><D55/><U23/><E2/><V7/><F0/><W88/><G111/><T20/><D87/><U11/><AGARI ba="1,0" hai="6,8,11,12,15,16,22,23" m="50219,45611" machi="11" ten="40,12000,1" yaku="19,1,34,2,54,1" doraHai="36" who="1" fromWho="1" sc="476,-41,179,123,207,-41,138,-41" /><INIT seed="5,2,0,5,1,10" ten="435,302,166,97" oya="1" hai0="45,23,77,32,109,119,46,47,49,112,17,51,85" hai1="97,25,101,59,93,116,42,135,131,14,19,129,7" hai2="61,72,54,78,66,40,62,11,80,117,76,113,29" hai3="26,122,86,79,128,22,27,28,75,70,134,67,95"/><U124/><E116/><V82/><F117/><W43/><G122/><T102/><D109/><U38/><E7/><V99/><F40/><W44/><G128/><N who="1" m="49226" /><E135/><V60/><F113/><W3/><G3/><T98/><D112/><U81/><E124/><V58/><F29/><W68/><G134/><T133/><D32/><U2/><E2/><V35/><F35/><W104/><G104/><T121/><D121/><U73/><E25/><V120/><F120/><W130/><G130/><T18/><D133/><U0/><E0/><V53/><F11/><W15/><G75/><T12/><D119/><U21/><E59/><V88/><F66/><W106/><G106/><T126/><D126/><U52/><E52/><V111/><F111/><W36/><G67/><T90/><D77/><N who="1" m="44207" /><E42/><V118/><F118/><W39/><G27/><T24/><D24/><U100/><E38/><V6/><F6/><W34/><G39/><T48/><D18/><U92/><E92/><V125/><F125/><W57/><G57/><T96/><D102/><AGARI ba="2,0" hai="14,19,21,93,97,100,101,102" m="44207,49226" machi="102" ten="30,2900,0" yaku="19,1,52,1" doraHai="10" who="1" fromWho="0" sc="435,-35,302,35,166,0,97,0" /><INIT seed="5,3,0,4,4,53" ten="400,337,166,97" oya="1" hai0="47,116,74,127,44,32,83,63,6,13,122,75,81" hai1="73,54,112,14,0,131,22,121,61,15,43,111,77" hai2="123,25,95,26,85,49,36,3,135,114,57,93,102" hai3="125,134,24,35,106,59,129,7,64,87,96,10,17"/><U100/><E121/><V92/><F3/><W65/><G125/><T37/><D116/><U108/><E0/><V105/><F36/><W110/><G110/><N who="1" m="42026" /><E112/><V62/><F114/><W124/><G124/><T55/><D32/><U8/><E131/><V29/><F135/><W58/><G134/><T66/><D127/><U76/><E43/><V42/><F123/><W89/><G129/><T68/><D122/><U99/><E73/><V41/><F105/><W70/><G106/><T60/><D75/><U80/><E80/><V86/><F102/><W27/><G96/><T128/><D128/><U69/><E22/><V31/><F42/><W107/><G107/><T67/><D37/><U104/><E15/><V72/><F72/><W88/><G35/><T84/><D81/><U48/><E61/><V34/><F62/><W94/><G70/><T118/><D118/><U40/><E40/><V91/><F41/><W39/><G39/><T90/><D74/><U126/><E69/><V50/><F92/><W19/><G94/><T101/><D101/><U21/><E21/><V113/><F113/><W18/><G18/><T11/><D67/><U4/><E126/><V52/><F34/><W30/><G30/><T23/><D23/><U133/><E133/><V79/><F29/><W119/><G119/><T103/><D103/><U120/><E120/><V28/><F28/><W130/><G130/><T2/><D2/><U98/><E98/><V82/><F31/><W56/><G10/><T38/><D38/><U97/><E97/><V20/><F20/><W115/><G115/><T117/><D117/><RYUUKYOKU ba="3,0" sc="400,15,337,15,166,-15,97,-15" hai0="6,11,13,44,47,55,60,63,66,68,83,84,90" hai1="4,8,14,48,54,76,77,99,100,104" /><INIT seed="5,4,0,3,2,77" ten="415,352,151,82" oya="1" hai0="72,103,96,12,51,60,105,102,1,63,18,104,33" hai1="15,68,64,82,3,38,2,121,78,25,98,23,75" hai2="55,81,59,45,71,111,26,40,54,84,128,21,67" hai3="43,88,41,110,58,134,126,65,34,116,9,5,27"/><U130/><E121/><V36/><F111/><W120/><G110/><T66/><D1/><U123/><E123/><V48/><F128/><W108/><G120/><T100/><D72/><U57/><E130/><V31/><F71/><W119/><G108/><T70/><D60/><U11/><E68/><V80/><F67/><W131/><G131/><T87/><D33/><U79/><E38/><V115/><F115/><W125/><G134/><T62/><D62/><U101/><E78/><V24/><F84/><W94/><G58/><T13/><D13/><U49/><E64/><V113/><F113/><W8/><G65/><T61/><D61/><U76/><E76/><V127/><F127/><N who="3" m="48651" /><G27/><T133/><D133/><U37/><E37/><V42/><F42/><N who="3" m="15883" /><G34/><T92/><D51/><U89/><E89/><V19/><REACH who="2" step="1"/><F55/><REACH who="2" ten="415,352,141,82" step="2"/><W135/><G135/><T114/><D114/><U99/><E75/><V50/><F50/><W118/><G5/><T74/><D74/><U124/><E49/><V29/><F29/><W132/><G132/><T46/><D70/><U129/><E129/><V35/><AGARI ba="4,1" hai="19,21,24,26,31,35,36,40,45,48,54,59,80,81" machi="35" ten="20,12000,2" yaku="1,1,0,1,7,1,52,2,53,2" doraHai="77" doraHaiUra="22" who="2" fromWho="2" sc="415,-34,352,-64,141,142,82,-34" /><INIT seed="6,0,0,2,5,134" ten="381,288,283,48" oya="2" hai0="35,38,90,10,111,34,95,24,84,130,50,42,82" hai1="112,122,53,36,30,45,125,107,72,86,26,15,101" hai2="17,32,48,83,18,80,1,66,117,119,57,27,132" hai3="31,97,94,88,23,21,118,121,124,3,61,6,131"/><V41/><F1/><W5/><G118/><T85/><D111/><U135/><E72/><V22/><F132/><W99/><G121/><T96/><D38/><U79/><E135/><V100/><F100/><W91/><G131/><T127/><D127/><U4/><E122/><V19/><F119/><W108/><G108/><T78/><D130/><U75/><E75/><V39/><F117/><W89/><G3/><T40/><D40/><U76/><E112/><V64/><F32/><W123/><G123/><T106/><D10/><U71/><E86/><V43/><F39/><W68/><G68/><T44/><D24/><U7/><E71/><V113/><F113/><W77/><G77/><T98/><D98/><U12/><E125/><V109/><F109/><W120/><G120/><T54/><D42/><N who="2" m="15882" /><F48/><W60/><G91/><T103/><AGARI ba="0,0" hai="34,35,44,50,54,78,82,84,85,90,95,96,103,106" machi="103" ten="30,1100,0" yaku="0,1" doraHai="134" who="0" fromWho="0" sc="381,11,288,-3,283,-5,48,-3" /><INIT seed="7,0,0,4,2,86" ten="392,285,278,45" oya="3" hai0="10,80,85,41,34,123,124,44,26,47,45,55,78" hai1="8,87,99,100,17,97,40,25,36,131,52,48,67" hai2="135,92,117,54,69,93,59,14,121,31,42,110,134" hai3="98,4,119,95,13,1,130,128,21,39,84,112,81"/><W118/><G39/><T90/><D123/><U72/><E72/><V91/><F117/><W129/><G1/><T79/><D124/><U73/><E73/><V22/><F110/><W60/><G60/><T127/><D127/><U66/><E131/><V3/><F3/><W9/><G21/><T108/><D108/><U38/><E38/><V2/><F2/><W114/><G118/><T120/><D120/><U113/><E113/><N who="3" m="43626" /><G119/><T88/><D79/><U133/><E133/><V94/><F69/><W71/><G71/><T82/><D41/><U11/><E40/><V70/><F70/><W122/><G122/><T24/><D34/><U18/><E87/><V5/><F42/><W77/><G129/><T57/><D82/><U43/><E43/><V20/><F121/><W37/><G37/><T0/><D0/><U23/><E36/><V107/><F107/><W32/><G32/><T64/><D64/><N who="1" m="24619" /><E100/><AGARI ba="0,0" hai="4,9,13,77,81,84,95,98,100,128,130" m="43626" machi="100" ten="30,1500,0" yaku="15,1" doraHai="86" who="3" fromWho="1" sc="392,0,285,-15,278,0,45,15" /><INIT seed="7,1,0,0,4,65" ten="392,270,278,60" oya="3" hai0="92,43,99,66,14,5,31,77,118,106,15,112,89" hai1="21,71,105,101,7,50,2,25,24,126,132,64,79" hai2="30,9,56,18,40,49,37,109,33,115,53,88,61" hai3="74,100,125,128,83,108,102,20,0,55,121,13,38"/><W57/><G121/><T10/><D118/><U3/><E79/><V82/><F109/><W133/><G0/><T78/><D112/><U19/><E132/><V47/><F115/><W113/><G38/><T103/><D66/><U120/><E120/><V81/><F33/><W17/><G133/><T52/><D43/><U98/><E126/><V117/><F30/><W94/><G113/><T111/><D111/><U104/><E104/><V95/><F117/><W67/><G125/><T35/><D15/><U131/><E131/><V41/><F41/><W23/><G128/><T76/><D31/><U4/><E50/><V135/><F135/><W68/><G108/><T127/><D35/><U28/><E2/><V84/><F37/><W91/><G23/><T34/><D34/><N who="1" m="20743" /><E3/><V97/><F84/><W62/><G83/><T114/><D114/><U69/><E69/><V134/><F134/><W80/><G80/><T8/><D8/><U110/><E110/><V70/><F70/><W42/><G42/><T119/><D119/><U11/><E11/><V16/><F9/><W87/><REACH who="3" step="1"/><G74/><REACH who="3" ten="392,270,278,50" step="2"/><T48/><D127/><U36/><E36/><V54/><F82/><W44/><G44/><T60/><D76/><U26/><E26/><V32/><F32/><W45/><G45/><T86/><D77/><U122/><E122/><V85/><REACH who="2" step="1"/><F40/><REACH who="2" ten="392,270,268,50" step="2"/><W22/><G22/><T63/><D78/><AGARI ba="1,2" hai="16,18,47,49,53,54,56,61,78,81,85,88,95,97" machi="78" ten="30,12000,2" yaku="1,1,2,1,7,1,8,1,54,2,53,1" doraHai="65" doraHaiUra="75" who="2" fromWho="0" sc="392,-123,270,0,268,143,50,0" owari="269,-13.1,270,7.0,411,51.1,50,-45.0" /></mjloggm>