<mjloggm ver="2.3"><GO type="225" lobby="0"/><UN n0="%E3%81%82%E3%81%84%E3%81%82%E3%81%8A%E3%81%84" n1="%E7%B4%94%E6%BD%94%E3%83%94%E3%83%A9%E3%83%8B%E3%82%A2" n2="%E3%81%AF%E3%82%88%E3%81%8A%E3%81%98%E3%81%95%E3%82%93" n3="%E6%97%A5%E6%9B%9C%E6%97%A5%E3%82%88%E3%82%8A%E3%81%AE%E4%BD%BF%E8%80%85" dan="18,16,16,17" rate="2261.47,2211.13,2157.76,2221.76" sx="M,M,M,M"/><TAIKYOKU oya="0"/><INIT seed="0,0,0,5,0,116" ten="250,250,250,250" oya="0" hai0="123,48,110,122,67,19,87,81,125,74,17,76,50" hai1="62,3,46,28,97,8,65,71,104,53,121,18,11" hai2="135,119,82,69,52,14,63,34,111,72,130,21,128" hai3="132,47,103,112,113,38,94,10,23,73,54,88,55"/><T30/><D30/><U90/><E28/><V22/><F34/><W107/><G73/><T127/><D67/><U59/><E3/><V32/><F32/><W56/><G132/><T85/><D110/><U40/><E18/><V78/><F135/><W13/><G23/><T70/><D70/><U99/><E121/><V105/><F105/><W45/><G103/><T44/><D74/><U100/><E90/><V37/><F37/><W117/><G107/><T16/><D87/><U86/><E97/><V41/><F41/><W1/><G1/><T5/><D5/><U2/><E86/><V95/><F82/><W58/><G117/><T91/><D76/><U51/><REACH who="1" step="1"/><E2/><REACH who="1" ten="250,240,250,250" step="2"/><V93/><F119/><W0/><G0/><T39/><D39/><AGARI ba="0,1" hai="8,11,39,40,46,51,53,59,62,65,71,99,100,104" machi="39" ten="30,12000,2" yaku="1,1,2,1,7,1,24,2,53,2" doraHai="116" doraHaiUra="7" who="1" fromWho="0" sc="250,-120,240,130,250,0,250,0" /><INIT seed="1,0,0,5,4,80" ten="130,370,250,250" oya="1" hai0="116,90,98,81,0,135,59,72,55,79,84,78,49" hai1="101,89,21,88,85,12,37,13,29,108,100,132,48" hai2="102,66,127,36,19,129,60,58,103,63,64,51,24" hai3="126,26,122,93,2,52,71,104,28,27,119,128,110"/><U111/><E37/><V73/><F36/><W22/><G104/><T56/><D116/><U113/><E113/><V131/><F73/><W133/><G71/><T83/><D0/><U96/><E132/><V16/><F51/><W77/><G2/><T61/><D135/><U105/><E89/><V31/><F127/><W130/><G133/><T112/><D112/><U17/><E101/><V114/><F114/><W11/><G122/><T15/><D15/><U33/><E13/><V92/><F92/><W3/><G3/><T9/><D9/><U120/><E120/><V107/><F107/><W69/><G69/><T30/><D30/><U1/><E1/><V32/><F103/><W41/><G126/><T54/><REACH who="0" step="1"/><D98/><REACH who="0" ten="120,370,250,250" step="2"/><U25/><REACH who="1" step="1"/><E48/><REACH who="1" ten="120,360,250,250" step="2"/><V97/><F129/><W68/><G128/><T18/><D18/><U82/><AGARI ba="0,2" hai="12,17,21,25,29,33,82,85,88,96,100,105,108,111" machi="82" ten="30,18000,2" yaku="1,1,2,1,0,1,52,1,54,1,53,1" doraHai="80" doraHaiUra="95" who="1" fromWho="1" sc="120,-60,360,200,250,-60,250,-60" /><INIT seed="1,1,0,5,2,111" ten="60,560,190,190" oya="1" hai0="3,63,53,35,93,72,126,105,116,69,7,34,21" hai1="87,43,67,118,0,115,33,81,51,134,71,88,65" hai2="66,28,97,80,60,18,39,6,129,78,114,101,135" hai3="112,49,113,31,19,26,56,17,119,120,85,4,108"/><U79/><E118/><V29/><F39/><W30/><G120/><T121/><D116/><U123/><E123/><V55/><F129/><W124/><G119/><T59/><D105/><U68/><E0/><V32/><F135/><W86/><G108/><T45/><D121/><U127/><E33/><V58/><F114/><W48/><G56/><T83/><D126/><U57/><E115/><V40/><F40/><W131/><G4/><T2/><D69/><U25/><E68/><V15/><F6/><W109/><G109/><T96/><D2/><U100/><E100/><V61/><F32/><W5/><G5/><T46/><D46/><U37/><E71/><V8/><F60/><W132/><G26/><T102/><D45/><U76/><E37/><V99/><F55/><W73/><G73/><T117/><D117/><U74/><E79/><V22/><F8/><W94/><G94/><T24/><D7/><U16/><E127/><V95/><F99/><W107/><G107/><T106/><D106/><U9/><E43/><V64/><F66/><W14/><G14/><T12/><D12/><U125/><E134/><V10/><F10/><W84/><G84/><AGARI ba="1,0" hai="15,18,22,28,29,58,61,64,78,80,84,95,97,101" machi="84" ten="30,2000,0" yaku="7,1,8,1" doraHai="111" who="2" fromWho="3" sc="60,0,560,0,190,23,190,-23" /><INIT seed="2,0,0,5,3,35" ten="60,560,213,167" oya="2" hai0="111,105,64,81,83,134,47,2,75,0,71,16,89" hai1="12,55,56,59,54,43,74,49,53,61,108,42,118" hai2="77,80,62,28,131,95,4,13,24,88,51,23,79" hai3="60,104,82,27,3,39,69,45,78,94,14,29,91"/><V101/><F131/><W19/><G104/><T36/><D105/><U123/><E74/><V119/><F119/><W92/><G3/><T117/><D117/><U6/><E118/><V26/><F62/><W122/><G122/><T86/><D111/><U106/><E106/><V57/><F101/><W96/><G39/><T37/><D134/><U5/><E108/><V15/><F26/><W46/><G92/><T107/><D107/><U87/><E123/><V116/><F116/><W8/><G60/><T124/><D124/><U130/><E130/><V90/><F90/><W113/><G69/><T22/><D64/><U32/><E32/><V58/><F4/><N who="1" m="1641" /><E54/><N who="2" m="31967" /><F58/><W67/><G67/><T135/><D71/><U21/><E87/><N who="2" m="48527" /><F79/><W100/><G100/><T44/><D135/><U17/><AGARI ba="0,0" hai="12,17,21,42,43,49,53,55,56,59,61" m="1641" machi="17" ten="30,1100,0" yaku="8,1" doraHai="35" who="1" fromWho="1" sc="60,-3,560,11,213,-5,167,-3" /><INIT seed="3,0,0,4,4,84" ten="57,571,208,164" oya="3" hai0="70,134,103,126,48,8,80,1,69,110,93,133,113" hai1="55,107,16,78,44,38,106,22,120,125,90,129,117" hai2="123,94,111,68,42,15,26,88,46,82,75,87,20" hai3="135,40,5,64,52,63,115,32,98,35,12,124,104"/><W116/><G115/><T24/><D113/><U114/><E78/><V6/><F68/><W66/><G116/><T18/><D110/><U102/><E102/><V43/><F111/><W92/><G104/><T131/><D126/><U86/><E114/><V109/><F109/><W89/><G124/><T118/><D118/><U73/><E73/><V74/><F123/><W77/><G135/><T83/><D131/><U121/><E125/><V128/><F128/><W28/><G40/><T57/><D1/><U96/><E117/><V13/><F42/><W71/><G66/><T51/><D103/><U97/><E38/><V60/><F60/><W23/><G77/><T3/><D3/><U21/><E129/><V130/><F130/><W19/><G5/><T85/><D93/><U91/><E86/><V30/><F6/><W7/><G28/><T62/><D62/><U127/><E127/><V11/><F11/><W17/><G7/><T25/><D85/><U34/><E55/><V119/><F119/><W45/><G19/><T47/><D57/><U2/><E2/><V49/><F75/><W100/><G100/><T76/><D76/><U10/><E10/><V50/><F49/><W81/><G81/><T27/><D27/><U53/><E53/><V31/><F30/><W37/><G37/><T9/><REACH who="0" step="1"/><D18/><REACH who="0" ten="47,571,208,164" step="2"/><U54/><E54/><V95/><F74/><W56/><G45/><AGARI ba="0,1" hai="8,9,24,25,45,47,48,51,69,70,80,83,133,134" machi="45" ten="25,6400,0" yaku="1,1,2,1,22,2,53,0" doraHai="84" doraHaiUra="122" who="0" fromWho="3" sc="47,74,571,0,208,0,164,-64" owari="121,-27.9,571,67.1,208,0.8,100,-40.0" /></mjloggm>