<mjloggm ver="2.3"><GO type="225" lobby="0"/><UN n0="%E3%81%BF%E3%81%BF%E3%81%9A" n1="%4E%55%44%41" n2="%E9%A6%AC%E5%BC%95%E7%81%AB%33" n3="%E3%83%96%E3%83%83%E3%83%91%E3%82%AA%E3%83%96%E3%83%81%E3%82%AD%E3%83%B3" dan="17,17,16,16" rate="2269.83,2156.87,2137.56,2107.26" sx="M,M,M,M"/><TAIKYOKU oya="0"/><INIT seed="0,0,0,0,1,131" ten="250,250,250,250" oya="0" hai0="73,123,44,114,10,30,115,78,8,17,101,89,58" hai1="45,88,106,37,122,103,118,62,57,36,56,110,39" hai2="21,104,71,66,48,102,14,33,22,6,132,20,41" hai3="85,26,94,47,49,42,82,91,90,79,84,87,70"/><T32/><D123/><U38/><E122/><V99/><F33/><W46/><G70/><T69/><D69/><U60/><E118/><V95/><F104/><W133/><G47/><T100/><D89/><U0/><E0/><V98/><F98/><W128/><G128/><T64/><D44/><U24/><E110/><V61/><F48/><W34/><G34/><T5/><D17/><U13/><E24/><V126/><F126/><W76/><G133/><T127/><D127/><U93/><E103/><V86/><F41/><W52/><G26/><T12/><D10/><U65/><E13/><V25/><F86/><W130/><G130/><T63/><D101/><U107/><N who="1" m="9216" /><DORA hai="72" /><U112/><E45/><V134/><REACH who="2" step="1"/><F25/><REACH who="2" ten="250,250,240,250" step="2"/><W2/><G2/><T81/><D32/><U23/><E112/><V31/><F31/><W67/><G67/><T35/><D35/><U4/><E106/><V75/><F75/><W19/><G19/><T80/><D30/><U16/><E107/><V53/><F53/><W83/><REACH who="3" step="1"/><G42/><REACH who="3" ten="250,250,240,240" step="2"/><T11/><D115/><U77/><E65/><V119/><F119/><W59/><G59/><T9/><D114/><U29/><E29/><V111/><F111/><W120/><G120/><T92/><D58/><U125/><E125/><V68/><F68/><W54/><G54/><T124/><D124/><U1/><E57/><V55/><F55/><W116/><G116/><T15/><D64/><U3/><E56/><V105/><F105/><W51/><G51/><T27/><D27/><U135/><E16/><V28/><F28/><W50/><G50/><T97/><D63/><RYUUKYOKU ba="0,2" sc="250,-15,250,-15,240,15,240,15" hai2="6,14,20,21,22,61,66,71,95,99,102,132,134" hai3="46,49,52,76,79,82,83,84,85,87,90,91,94" /><INIT seed="1,1,2,3,3,22" ten="235,235,255,255" oya="1" hai0="47,131,109,73,71,112,108,74,87,7,58,98,81" hai1="9,120,118,77,119,34,38,99,45,69,63,4,134" hai2="48,105,126,55,27,100,90,117,37,116,85,30,79" hai3="46,14,56,15,6,62,12,0,35,66,61,31,123"/><U2/><E120/><V3/><F37/><W104/><G123/><T127/><D71/><U5/><E134/><V49/><F3/><W128/><G128/><T29/><D112/><U106/><E4/><V94/><F126/><W41/><G104/><T33/><D127/><U20/><E20/><V83/><F100/><W110/><G110/><N who="0" m="42603" /><D131/><U101/><E77/><V13/><F105/><W107/><G107/><T96/><D7/><U72/><E72/><N who="0" m="27753" /><D47/><U8/><E8/><V115/><F13/><W86/><G0/><T65/><D29/><U25/><E45/><V114/><F117/><W84/><G6/><T51/><D33/><U125/><E125/><V124/><F116/><W39/><REACH who="3" step="1"/><G62/><REACH who="3" ten="235,235,255,245" step="2"/><N who="0" m="38103" /><D51/><U122/><E122/><V133/><F124/><W111/><G111/><T21/><D21/><U53/><E38/><V132/><F48/><W23/><G23/><T36/><D36/><U32/><E32/><N who="2" m="20575" /><F115/><W10/><G10/><T43/><D43/><U50/><E50/><V121/><F114/><W24/><AGARI ba="1,3" hai="12,14,15,24,31,35,39,41,46,56,61,66,84,86" machi="24" ten="30,4000,0" yaku="1,1,0,1,52,1,53,0" doraHai="22" doraHaiUra="102" who="3" fromWho="3" sc="235,-11,235,-21,255,-11,245,73" /><INIT seed="2,0,0,5,4,40" ten="224,214,244,318" oya="2" hai0="51,54,104,56,30,31,38,26,33,119,76,7,8" hai1="109,130,23,100,39,129,97,113,16,135,22,96,77" hai2="46,13,52,75,126,29,63,121,79,82,60,19,112" hai3="94,131,87,49,105,25,71,36,78,132,61,102,12"/><V55/><F112/><W47/><G131/><N who="1" m="50186" /><E113/><V10/><F121/><W128/><G128/><T84/><D119/><U108/><E135/><V59/><F126/><W90/><G132/><T41/><D104/><N who="1" m="63495" /><E39/><V83/><F29/><W43/><G78/><T58/><D31/><U107/><E77/><V70/><F83/><W115/><G115/><T74/><D74/><U28/><E28/><V48/><F70/><W103/><G105/><T44/><D76/><U14/><E23/><V4/><F4/><W95/><G25/><T64/><D84/><U101/><AGARI ba="0,0" hai="14,16,22,97,101,107,108,109" m="63495,50186" machi="101" ten="30,2000,0" yaku="19,1,54,1" doraHai="40" who="1" fromWho="1" sc="224,-5,214,20,244,-10,318,-5" /><INIT seed="3,0,0,1,2,28" ten="219,234,234,313" oya="3" hai0="44,57,20,96,54,37,135,47,10,39,72,127,117" hai1="58,133,49,69,113,36,121,8,126,66,27,130,123" hai2="60,87,118,81,55,78,1,40,89,124,131,32,101" hai3="86,119,62,129,13,107,38,41,84,73,50,56,94"/><W33/><G119/><T76/><D72/><U85/><E85/><V42/><F118/><W45/><G107/><T64/><D117/><U71/><E27/><V108/><F1/><W128/><G33/><T120/><D76/><U14/><E113/><V3/><F3/><W90/><G73/><T63/><D10/><U9/><E36/><N who="0" m="13897" /><D20/><U30/><E30/><V114/><F114/><W134/><G134/><T0/><D0/><U97/><E133/><V65/><F32/><W112/><G112/><T59/><D96/><U18/><E9/><V4/><F4/><W21/><G86/><T51/><D135/><U132/><E132/><V26/><F26/><W6/><G6/><T7/><D7/><U25/><E25/><V77/><F101/><W68/><G21/><T103/><D103/><U98/><E98/><V34/><F34/><W75/><G13/><T106/><D106/><U48/><E97/><V29/><F29/><W105/><G105/><T11/><D11/><U35/><E35/><V5/><F5/><W52/><G75/><T24/><D24/><U31/><E31/><V70/><F89/><W111/><G111/><T125/><D120/><U12/><E8/><V19/><F87/><W100/><G100/><T93/><D93/><U67/><E18/><V122/><F19/><W15/><G15/><T22/><D22/><U115/><E115/><V79/><F122/><W99/><G99/><T109/><D109/><U91/><E91/><V80/><F108/><W110/><G110/><T2/><D2/><U102/><E102/><V53/><F79/><W88/><G90/><RYUUKYOKU ba="0,0" sc="219,15,234,-15,234,-15,313,15" hai0="44,47,51,54,57,59,63,64,125,127" hai3="38,41,45,50,52,56,62,68,84,88,94,128,129" owari="234,3.4,219,-18.1,219,-28.1,328,42.8" /></mjloggm>