<mjloggm ver="2.3"><GO type="169" lobby="0"/><UN n0="%E3%81%BE%E3%81%88%E3%81%9F" n1="%48%61%6C%66%73" n2="%72%65%62%65%65%72" n3="%E9%81%8B%E3%81%A7%E5%8B%9D%E3%81%A4" dan="17,17,16,17" rate="2205.40,2161.88,2167.60,2147.97" sx="F,M,M,M"/><TAIKYOKU oya="0"/><INIT seed="0,0,0,2,2,112" ten="250,250,250,250" oya="0" hai0="22,116,51,28,62,19,2,120,80,26,32,122,33" hai1="119,16,79,124,87,91,95,47,128,34,107,105,103" hai2="60,72,25,114,17,96,18,84,57,70,13,102,12" hai3="15,38,113,78,111,132,92,134,67,31,0,117,65"/><T100/><D100/><U35/><E124/><V58/><F72/><W55/><G0/><T9/><D80/><U10/><E128/><V86/><F70/><W76/><G31/><T85/><D85/><U27/><E119/><V63/><F25/><W127/><G38/><T71/><D51/><U106/><E103/><V131/><F131/><W56/><G113/><T36/><D36/><U7/><E47/><V82/><F114/><W20/><G92/><T52/><D71/><U135/><E135/><N who="3" m="51754" /><G127/><T46/><D46/><U6/><E6/><V14/><F102/><W21/><G111/><T61/><D61/><U74/><E79/><N who="3" m="30250" /><G15/><T64/><D64/><N who="3" m="24649" /><G117/><T108/><D116/><U24/><E24/><V42/><F14/><W93/><G93/><T81/><D108/><U83/><E95/><V69/><F69/><W126/><G126/><T90/><D2/><U94/><E94/><V29/><F29/><W53/><G56/><T118/><D118/><U123/><E105/><V44/><F44/><W115/><G115/><T66/><D66/><U4/><E106/><V49/><F82/><W11/><G11/><T121/><D9/><U8/><E8/><V59/><F59/><W5/><G5/><T40/><D28/><U101/><E7/><V73/><F13/><W23/><AGARI ba="0,0" hai="20,21,23,53,55" m="24649,30250,51754" machi="23" ten="40,5200,0" yaku="28,2,20,1" doraHai="112" who="3" fromWho="3" sc="250,-26,250,-13,250,-13,250,52" /><INIT seed="1,0,0,3,4,75" ten="224,237,237,302" oya="1" hai0="30,0,4,83,31,44,108,111,125,118,1,123,5" hai1="97,2,80,96,99,22,63,60,40,94,65,106,98" hai2="117,122,24,67,9,15,124,81,104,130,87,45,37" hai3="26,52,25,103,29,88,16,64,43,128,66,100,126"/><U27/><E2/><N who="0" m="1129" /><D44/><U18/><E106/><V84/><F117/><W120/><G120/><T28/><D83/><U70/><E40/><V115/><F122/><W51/><G128/><T32/><D123/><U6/><E6/><N who="0" m="2665" /><D118/><U39/><E39/><V61/><F130/><W90/><G126/><T7/><N who="0" m="2673" /><T109/><DORA hai="135" /><D125/><U19/><E80/><V116/><F104/><W11/><G43/><T14/><D14/><U78/><E63/><V12/><F81/><W89/><G64/><T107/><D107/><U36/><E36/><V17/><F37/><W113/><G66/><T53/><D53/><U129/><E129/><V95/><F67/><W82/><G82/><T102/><D102/><U92/><N who="1" m="24576" /><DORA hai="101" /><U46/><E46/><V54/><F45/><N who="3" m="27759" /><G113/><T76/><D76/><U74/><E78/><V57/><F115/><W49/><G49/><T131/><D131/><U42/><E42/><V10/><F116/><W35/><G103/><T41/><D41/><U20/><REACH who="1" step="1"/><E74/><REACH who="1" ten="224,227,237,302" step="2"/><V21/><F124/><W121/><G121/><T119/><D119/><U13/><AGARI ba="0,1" hai="13,18,19,20,22,27,60,65,70,92,94" m="24576" machi="13" ten="40,12000,1" yaku="1,1,2,1,0,1,53,1" doraHai="75,135,101" doraHaiUra="62,132,34" who="1" fromWho="1" sc="224,-40,227,130,237,-40,302,-40" /><INIT seed="1,1,0,4,5,79" ten="184,357,197,262" oya="1" hai0="50,16,106,71,74,113,124,121,12,48,27,99,62" hai1="35,47,42,14,54,32,123,105,59,97,66,102,130" hai2="36,56,40,132,107,80,112,69,49,21,37,72,9" hai3="33,118,64,5,13,67,31,109,82,26,11,55,108"/><U53/><E123/><V85/><F107/><W128/><G128/><T44/><D74/><U41/><E130/><V115/><F69/><W19/><G118/><T100/><D113/><N who="2" m="43594" /><F132/><W1/><G55/><T30/><D124/><U75/><E75/><V29/><F72/><W38/><G38/><T39/><D39/><U93/><E32/><V57/><F57/><W95/><G95/><T65/><D44/><U127/><E35/><V63/><F9/><W90/><G90/><T110/><D110/><N who="3" m="42601" /><G82/><T24/><D24/><U133/><E133/><V3/><F3/><W52/><G52/><T119/><D119/><U60/><E127/><V117/><F117/><W101/><G101/><T84/><D84/><U70/><E42/><V45/><F21/><AGARI ba="1,0" hai="1,5,11,13,19,21,26,31,33,64,67" m="42601" machi="21" ten="30,2000,0" yaku="24,1,14,1" doraHai="79" who="3" fromWho="2" sc="184,0,357,0,197,-23,262,23" /><INIT seed="2,0,0,4,1,21" ten="184,357,174,285" oya="2" hai0="0,83,96,130,27,124,82,89,40,66,22,86,133" hai1="118,7,106,134,15,37,42,34,85,49,9,99,92" hai2="4,123,104,51,26,125,119,128,29,72,43,97,23" hai3="105,131,109,36,90,18,129,77,35,102,24,67,135"/><V78/><F119/><W48/><G36/><T87/><D0/><U98/><E118/><V60/><F123/><W54/><G77/><T45/><D133/><U84/><E134/><V3/><F128/><N who="3" m="49227" /><G135/><T94/><D130/><U11/><E37/><V68/><F125/><W61/><G90/><T10/><D124/><U64/><E34/><V57/><F3/><W74/><G74/><T13/><D66/><U25/><E64/><V46/><F4/><W44/><G109/><T91/><D45/><U19/><E106/><V93/><F68/><N who="3" m="42095" /><G18/><T2/><D2/><U30/><E85/><V121/><F121/><W47/><G47/><T126/><D126/><U28/><E84/><V73/><F78/><W113/><G113/><T41/><D96/><U12/><E98/><V33/><F33/><W111/><G111/><T115/><D115/><U39/><E39/><V75/><F104/><W95/><G95/><T100/><D100/><U120/><E120/><V63/><REACH who="2" step="1"/><F57/><REACH who="2" ten="184,357,164,285" step="2"/><W32/><G32/><T70/><D70/><U52/><E7/><V116/><F116/><W53/><G35/><T117/><D117/><U62/><E12/><V38/><F38/><W127/><G127/><T110/><D110/><U20/><E15/><V31/><F31/><W1/><G1/><T103/><D94/><U132/><E92/><V59/><F59/><W16/><G105/><T71/><D71/><U79/><E132/><V88/><AGARI ba="0,1" hai="23,26,29,43,46,51,60,63,72,73,75,88,93,97" machi="88" ten="30,11700,0" yaku="1,1,0,1,52,1,54,1,53,0" doraHai="21" doraHaiUra="80" who="2" fromWho="2" sc="184,-39,357,-39,164,127,285,-39" /><INIT seed="2,1,0,0,2,59" ten="145,318,291,246" oya="2" hai0="42,130,111,33,64,104,71,83,77,22,101,80,18" hai1="15,0,6,35,124,105,85,12,114,50,24,67,133" hai2="118,53,132,25,115,90,65,45,134,112,20,108,23" hai3="19,79,44,87,47,92,27,88,5,29,40,109,36"/><V135/><F118/><W82/><G109/><T96/><D111/><U58/><E114/><V81/><F108/><W102/><G5/><T7/><D130/><U38/><E38/><V97/><F65/><W52/><G19/><T99/><D33/><U39/><E39/><V121/><F121/><W14/><G14/><T13/><D7/><U21/><E105/><V72/><F23/><W8/><G8/><T127/><D127/><U91/><E133/><V62/><F45/><W55/><G102/><T28/><D28/><U94/><E35/><V49/><F49/><W57/><G47/><T95/><D42/><U98/><E0/><V110/><F110/><W37/><G57/><T131/><D131/><U113/><E113/><V125/><F125/><W48/><G37/><T30/><D30/><U32/><E32/><V123/><F123/><W2/><G2/><T4/><D4/><U73/><E73/><V31/><F72/><W75/><REACH who="3" step="1"/><G36/><REACH who="3" ten="145,318,291,236" step="2"/><T46/><D46/><U126/><E6/><V43/><F43/><W10/><G10/><T1/><D1/><U54/><E124/><V3/><F3/><W107/><G107/><T17/><D18/><U100/><E126/><V89/><F115/><W76/><G76/><T34/><D77/><U63/><E12/><V41/><F41/><W84/><G84/><T11/><D11/><U78/><E15/><V106/><F112/><W128/><G128/><T122/><D122/><U93/><E78/><V69/><F69/><W117/><G117/><T119/><D119/><U74/><E85/><N who="2" m="50351" /><F135/><W51/><G51/><T9/><D71/><RYUUKYOKU ba="1,1" sc="145,-10,318,-10,291,-10,236,30" hai3="27,29,40,44,48,52,55,75,79,82,87,88,92" /><INIT seed="3,2,1,3,0,112" ten="135,308,281,266" oya="3" hai0="0,30,65,83,28,118,115,5,37,127,116,8,84" hai1="53,113,40,111,15,130,103,79,2,74,39,131,92" hai2="106,82,95,3,4,93,47,132,96,88,97,120,11" hai3="135,14,99,55,59,87,36,62,35,17,6,63,71"/><W105/><G36/><T69/><D37/><U46/><E113/><V104/><F132/><W48/><G35/><T10/><D115/><U20/><E2/><V85/><F47/><W77/><G135/><T56/><D69/><U60/><E111/><V22/><F120/><W64/><G6/><T128/><D127/><U100/><E60/><V42/><F42/><W54/><G105/><T114/><D114/><U119/><E53/><V9/><F22/><W123/><G99/><T134/><D134/><U32/><E32/><V90/><REACH who="2" step="1"/><F9/><REACH who="2" ten="135,308,271,266" step="2"/><W122/><G122/><T109/><D10/><U117/><E46/><V67/><F67/><W7/><G123/><T51/><D65/><U18/><E40/><V1/><F1/><W108/><G108/><T13/><D109/><U68/><E130/><V27/><F27/><W34/><G34/><T38/><D0/><U94/><E131/><V89/><AGARI ba="2,2" hai="3,4,11,82,85,88,89,90,93,95,96,97,104,106" machi="89" ten="20,8000,1" yaku="1,1,0,1,7,1,9,1,54,1,53,0" doraHai="112" doraHaiUra="110" who="2" fromWho="2" sc="135,-22,308,-22,271,106,266,-42" /><INIT seed="4,0,0,2,5,124" ten="113,286,377,224" oya="0" hai0="63,84,33,102,38,48,37,99,103,52,49,62,40" hai1="7,95,31,91,97,29,70,130,78,112,16,96,17" hai2="71,107,27,0,42,89,15,25,3,47,120,132,98" hai3="128,100,28,12,35,115,79,41,39,67,14,54,20"/><T51/><D33/><U45/><E70/><V117/><F71/><W113/><G67/><T90/><D40/><U109/><E109/><V21/><F120/><W55/><G100/><T133/><D133/><U68/><E68/><V92/><F107/><W10/><G35/><T24/><D24/><U80/><E7/><V108/><F108/><W86/><G41/><T69/><D69/><U73/><E112/><N who="3" m="43082" /><G39/><T19/><D19/><U4/><E4/><V64/><F64/><W60/><G60/><T81/><D103/><U50/><E97/><V77/><F77/><W106/><G106/><T121/><D121/><U104/><E104/><V43/><F43/><W30/><G20/><T131/><D131/><U105/><E130/><V53/><F15/><N who="3" m="5675" /><G10/><T134/><D134/><U93/><E17/><V85/><F27/><W118/><G118/><T111/><D111/><U129/><E129/><V135/><F53/><N who="3" m="19979" /><G128/><T110/><D110/><U8/><E105/><V26/><F26/><W66/><G66/><T125/><D63/><U22/><E8/><V44/><F117/><W1/><G1/><N who="2" m="585" /><F42/><W65/><G65/><T11/><D11/><U57/><E22/><V88/><F135/><W46/><G46/><T127/><D62/><U94/><E45/><V72/><F72/><W2/><G2/><T83/><D52/><N who="1" m="31895" /><E16/><N who="2" m="12455" /><F132/><W116/><G116/><T87/><D37/><U114/><E114/><V58/><F58/><W122/><G122/><T76/><D38/><U5/><E5/><V75/><F75/><W74/><G74/><T82/><D82/><AGARI ba="0,0" hai="28,30,79,82,86" m="19979,5675,43082" machi="82" ten="30,1000,0" yaku="15,1" doraHai="124" who="3" fromWho="0" sc="113,-10,286,0,377,0,224,10" /><INIT seed="5,0,0,3,2,59" ten="103,286,377,234" oya="1" hai0="0,10,43,85,127,105,14,54,9,130,80,5,113" hai1="57,40,67,12,132,35,111,11,114,60,46,115,82" hai2="66,79,98,94,21,24,135,128,41,109,112,53,42" hai3="101,73,29,47,16,13,58,38,77,106,18,8,15"/><U48/><E132/><V95/><F109/><W93/><G106/><T17/><D113/><U52/><E35/><V30/><F135/><W56/><G29/><T61/><D105/><U108/><E82/><V89/><F128/><W125/><G125/><T7/><D130/><U32/><E32/><V71/><F79/><W31/><G31/><T126/><D43/><U26/><E26/><V87/><F112/><N who="1" m="43049" /><E12/><V104/><F104/><W103/><G38/><T122/><D122/><U88/><E88/><V117/><F53/><W69/><G69/><T22/><D54/><U120/><E11/><V33/><F117/><W36/><G36/><T97/><D97/><U123/><E40/><V39/><F39/><W119/><G77/><T50/><D80/><U74/><E74/><V19/><F30/><W44/><G73/><T1/><D85/><U62/><E62/><V51/><F33/><W124/><G93/><T76/><D76/><U3/><E3/><V100/><F42/><W131/><G131/><T96/><D96/><U86/><E86/><V4/><F41/><W81/><G81/><T83/><D83/><U129/><E129/><V65/><F95/><W28/><G28/><T45/><D61/><U91/><E91/><V64/><F87/><W78/><G78/><T27/><D27/><U63/><E63/><V116/><F89/><W107/><G107/><T25/><D25/><U2/><E2/><V75/><F75/><W55/><G8/><T121/><D121/><AGARI ba="0,0" hai="46,48,52,57,60,67,108,111,120,121,123" m="43049" machi="121" ten="30,12000,1" yaku="15,1,34,2,52,1,54,1" doraHai="59" who="1" fromWho="0" sc="103,-120,286,120,377,0,234,0" owari="-17,-51.7,406,50.6,377,17.7,234,-16.6" /></mjloggm>