<mjloggm ver="2.3"><GO type="169" lobby="0"/><UN n0="%E8%A3%8F%E7%9F%A5%E3%82%89%E3%81%9A" n1="%E3%81%AA%E3%81%8B%E3%81%AE%E3%81%86%E3%81%88" n2="%67%6F%6B%75%61%6B%75" n3="%E6%9C%88%E5%A4%9C%E3%81%AB%E9%A2%A8" dan="17,16,17,16" rate="2192.52,2145.76,2205.88,2072.72" sx="M,M,M,M"/><TAIKYOKU oya="0"/><INIT seed="0,0,0,4,0,26" ten="250,250,250,250" oya="0" hai0="27,82,10,14,64,108,86,18,73,70,36,65,79" hai1="110,68,101,41,92,59,67,44,13,28,47,81,99" hai2="105,42,134,124,24,21,94,93,128,57,58,115,66" hai3="75,37,51,35,83,7,31,126,50,62,74,34,9"/><T112/><D112/><U96/><E68/><V88/><F115/><W117/><G126/><T89/><D36/><U95/><E110/><V104/><F124/><W1/><G117/><T16/><D70/><U3/><E3/><V5/><F128/><W33/><G37/><T61/><D108/><U125/><E125/><V15/><F42/><W131/><G131/><T39/><D39/><U11/><E81/><V122/><F134/><W53/><G62/><T133/><D133/><U80/><E41/><V30/><F94/><W69/><G51/><T91/><D61/><N who="1" m="38335" /><E80/><V8/><F122/><W56/><G69/><T98/><D98/><U103/><E28/><V71/><F71/><W121/><G121/><T52/><D52/><U17/><AGARI ba="0,0" hai="11,13,17,44,47,92,95,96,99,101,103" m="38335" machi="17" ten="30,1100,0" yaku="8,1" doraHai="26" who="1" fromWho="1" sc="250,-5,250,11,250,-3,250,-3" /><INIT seed="1,0,0,4,0,77" ten="245,261,247,247" oya="1" hai0="55,67,39,34,118,25,85,133,9,87,36,109,14" hai1="134,93,98,82,104,29,80,56,27,128,69,81,7" hai2="99,59,90,45,66,1,97,123,70,13,12,95,26" hai3="83,91,135,33,79,43,122,131,31,68,48,22,0"/><U64/><E69/><V46/><F123/><W92/><G122/><T3/><D3/><U5/><E104/><V17/><F1/><W61/><G131/><T130/><D130/><U63/><E134/><V10/><F70/><W16/><G0/><T71/><D55/><U20/><E128/><V21/><F13/><W86/><G135/><T60/><D109/><U53/><E53/><V105/><F105/><W41/><G33/><T84/><D118/><U124/><E124/><V121/><F121/><W116/><G31/><T96/><D133/><U125/><E125/><V2/><F2/><W102/><G102/><AGARI ba="0,0" hai="5,7,20,27,29,56,63,64,80,81,82,93,98,102" machi="102" ten="40,18000,2" yaku="25,2,8,1,52,3" doraHai="77" who="1" fromWho="3" sc="245,0,261,180,247,0,247,-180" /><INIT seed="1,1,0,2,2,89" ten="245,441,247,67" oya="1" hai0="46,78,127,47,102,18,92,115,48,100,97,9,81" hai1="132,74,84,41,37,129,87,125,55,28,44,72,64" hai2="118,70,114,107,43,33,6,112,69,13,58,27,117" hai3="3,133,120,45,126,53,88,79,130,62,65,29,7"/><U103/><E125/><V23/><F107/><W8/><G120/><T50/><D115/><N who="2" m="44074" /><F43/><W86/><G126/><T56/><D127/><U30/><E129/><V121/><F58/><W66/><G130/><T99/><D18/><U31/><E132/><V20/><F121/><W116/><G116/><N who="2" m="44649" /><F69/><W16/><G133/><T39/><D9/><U110/><E110/><V63/><F63/><W71/><G29/><T19/><D19/><U94/><E64/><V25/><F70/><W106/><G106/><T14/><D14/><U135/><E135/><V123/><F123/><W22/><G79/><T35/><D35/><U42/><E42/><V1/><F1/><W5/><G5/><T11/><D39/><U113/><E113/><V34/><F6/><W68/><G45/><T93/><D11/><U98/><REACH who="1" step="1"/><E55/><REACH who="1" ten="245,431,247,67" step="2"/><V77/><F34/><W38/><G53/><T24/><D24/><U83/><E83/><V54/><F33/><W96/><G66/><T85/><D56/><U73/><AGARI ba="1,1" hai="28,30,31,37,41,44,72,73,74,84,87,94,98,103" machi="73" ten="40,12000,1" yaku="1,1,0,1,52,1,53,1" doraHai="89" doraHaiUra="90" who="1" fromWho="1" sc="245,-41,431,133,247,-41,67,-41" /><INIT seed="1,2,0,1,1,11" ten="204,564,206,26" oya="1" hai0="77,35,55,34,75,70,4,22,15,39,60,110,134" hai1="10,44,37,107,76,115,69,135,57,46,63,105,62" hai2="67,98,125,38,130,65,58,129,101,85,99,41,72" hai3="9,64,40,17,21,92,119,12,123,74,95,48,71"/><U78/><E10/><V82/><F72/><W52/><G123/><T117/><D39/><U133/><E57/><V122/><F122/><W83/><G119/><T20/><D110/><U81/><E37/><V84/><F125/><W106/><G106/><T116/><D134/><U1/><E81/><V126/><F126/><W100/><G40/><T50/><D35/><U14/><E1/><V114/><F114/><W42/><G42/><T94/><D34/><U112/><REACH who="1" step="1"/><E14/><REACH who="1" ten="204,554,206,26" step="2"/><V132/><F38/><W131/><G131/><T73/><D116/><U89/><E89/><V124/><F58/><W128/><G128/><T5/><D117/><U47/><E47/><V24/><F130/><W121/><G121/><T118/><D118/><U31/><E31/><V91/><F129/><W30/><G83/><T54/><D70/><AGARI ba="2,1" hai="44,46,62,63,69,70,76,78,105,107,112,115,133,135" machi="70" ten="25,4800,0" yaku="1,1,22,2,53,0" doraHai="11" doraHaiUra="104" who="1" fromWho="0" sc="204,-54,554,64,206,0,26,0" /><INIT seed="1,3,0,3,4,56" ten="150,618,206,26" oya="1" hai0="43,57,25,82,117,27,63,98,127,95,66,85,19" hai1="113,22,79,64,104,112,29,97,120,48,13,65,91" hai2="106,135,67,7,134,5,9,110,51,35,45,116,30" hai3="123,83,89,49,90,37,99,96,16,18,6,40,109"/><U100/><E120/><V103/><F116/><W61/><G123/><T24/><D127/><U74/><E48/><V77/><F110/><W86/><G37/><T94/><D117/><U42/><E42/><V107/><F77/><W26/><G109/><T78/><D43/><U121/><E121/><V39/><F67/><W70/><G70/><T93/><REACH who="0" step="1"/><D19/><REACH who="0" ten="140,618,206,26" step="2"/><N who="3" m="7209" /><G6/><T118/><D118/><U132/><E113/><V84/><F7/><W11/><G11/><T1/><D1/><U50/><E112/><V124/><F124/><W69/><G69/><T126/><D126/><U53/><E132/><V2/><F134/><W105/><G26/><T17/><D17/><U108/><E108/><V41/><F135/><W12/><G12/><T128/><D128/><U32/><E13/><V115/><F115/><W10/><G10/><T4/><D4/><U55/><E29/><V58/><F9/><W72/><G105/><T15/><D15/><U28/><E28/><V119/><F5/><W73/><G73/><T33/><D33/><U88/><E104/><V23/><F2/><W3/><G3/><T38/><D38/><U114/><E32/><V14/><F119/><W131/><G72/><T60/><D60/><U31/><E74/><V102/><F35/><W80/><G131/><T21/><D21/><U129/><E22/><V36/><F36/><W20/><G20/><T54/><D54/><U122/><E55/><V81/><F106/><W125/><G125/><T130/><D130/><U62/><E129/><V92/><F107/><W8/><G8/><T59/><D59/><U34/><E114/><RYUUKYOKU ba="3,1" sc="140,30,618,-10,206,-10,26,-10" hai0="24,25,27,57,63,66,78,82,85,93,94,95,98" /><INIT seed="2,4,1,1,0,13" ten="170,608,196,16" oya="2" hai0="42,61,59,56,79,91,134,94,54,89,10,12,32" hai1="107,97,111,66,30,114,1,28,6,19,70,52,127" hai2="69,108,81,34,68,62,95,40,74,35,44,14,43" hai3="58,130,16,120,45,106,118,0,5,37,109,31,135"/><V17/><F108/><W25/><G106/><T71/><D71/><U72/><E97/><V36/><F43/><W9/><G118/><T27/><D134/><U123/><E66/><V65/><F69/><W3/><G120/><T86/><D79/><U93/><E93/><V132/><F132/><W67/><G135/><T73/><D73/><U82/><E6/><V41/><F41/><W50/><G37/><T83/><D32/><U63/><E82/><V126/><F126/><W101/><G109/><T121/><D27/><U84/><E63/><V20/><REACH who="2" step="1"/><F95/><REACH who="2" ten="170,608,186,16" step="2"/><W99/><G130/><T75/><D94/><U51/><E70/><V53/><F53/><N who="3" m="29903" /><G0/><T116/><D42/><U100/><E52/><V128/><F128/><W129/><G129/><T102/><D54/><U22/><E1/><V60/><F60/><N who="3" m="38295" /><G3/><T11/><D61/><U125/><E127/><V105/><F105/><W21/><G99/><T2/><D2/><U96/><E96/><V90/><F90/><W76/><G76/><AGARI ba="4,2" hai="14,17,20,34,35,36,40,44,62,65,68,74,76,81" machi="76" ten="40,3900,0" yaku="1,1,52,1,53,0" doraHai="13" doraHaiUra="48" who="2" fromWho="3" sc="170,0,608,0,186,71,16,-51" owari="170,-23.0,608,70.8,257,5.7,-35,-53.5" /></mjloggm>