<mjloggm ver="2.3"><GO type="169" lobby="0"/><UN n0="%E8%B5%A4%E7%BE%8E%E6%BF%83%E3%81%BE%E3%81%90%E3%82%8D" n1="%E3%83%8D%E3%82%AA%E3%81%8D%E3%82%85%E3%81%86%E3%82%8A" n2="%E4%B9%9D%E7%B4%8B%E9%BE%8D%E5%8F%B2%E9%80%B2" n3="%73%61%6E%67%6F%64%64%6F" dan="16,16,19,17" rate="2194.36,2171.36,2286.78,2171.59" sx="M,M,M,M"/><TAIKYOKU oya="0"/><INIT seed="0,0,0,3,2,111" ten="250,250,250,250" oya="0" hai0="52,89,1,65,117,68,29,107,123,122,69,31,2" hai1="108,59,103,74,119,105,50,77,28,120,40,130,26" hai2="51,112,129,87,73,22,131,80,88,124,7,94,27" hai3="125,37,54,43,114,98,79,5,0,58,48,23,135"/><T100/><D89/><U20/><E119/><V44/><F124/><W4/><G125/><T62/><D117/><U118/><E118/><V78/><F7/><W41/><G135/><T99/><D69/><U39/><E120/><V35/><F35/><W76/><G98/><T72/><D72/><U109/><E130/><V96/><F112/><W85/><G0/><T18/><D18/><U95/><E105/><V132/><F132/><W47/><G114/><T16/><D31/><U9/><E9/><V19/><REACH who="2" step="1"/><F73/><REACH who="2" ten="250,250,240,250" step="2"/><W134/><G134/><T10/><D123/><U86/><E74/><V133/><F133/><W121/><G121/><T64/><D122/><U13/><E109/><V104/><F104/><W66/><G4/><T126/><D126/><U6/><E6/><V102/><F102/><W84/><G5/><T113/><D113/><U24/><E103/><V21/><F21/><W34/><G23/><T92/><D107/><U127/><E20/><V90/><F90/><W3/><G34/><T49/><D2/><U12/><E127/><V42/><AGARI ba="0,1" hai="19,22,27,42,44,51,78,80,87,88,94,96,129,131" machi="42" ten="30,4000,0" yaku="1,1,0,1,54,1,53,0" doraHai="111" doraHaiUra="63" who="2" fromWho="2" sc="250,-20,250,-10,240,50,250,-10" /><INIT seed="1,0,0,5,1,85" ten="230,240,290,240" oya="1" hai0="9,134,124,99,33,110,66,29,91,2,13,96,68" hai1="19,90,121,24,78,105,14,128,18,131,15,69,50" hai2="104,106,80,103,79,113,7,52,74,49,120,77,89" hai3="44,27,81,63,115,67,32,31,73,21,10,100,116"/><U75/><E121/><V112/><F120/><W8/><G115/><N who="2" m="44105" /><F7/><W86/><G73/><T47/><D2/><U51/><E69/><V48/><F48/><W20/><G116/><T114/><D114/><U83/><E105/><N who="2" m="40555" /><F103/><W101/><G32/><T57/><D68/><U56/><E24/><V45/><F77/><W55/><G21/><T95/><D110/><U59/><E78/><V35/><F35/><W54/><G100/><T39/><D134/><U65/><E75/><V5/><F5/><W107/><G101/><T72/><D72/><U28/><E83/><V36/><F36/><W84/><G107/><T3/><D3/><U40/><E40/><V22/><F22/><W111/><G111/><T16/><D124/><U132/><E28/><V94/><F94/><W25/><G25/><T92/><D33/><U87/><E87/><V30/><F30/><W58/><G86/><T17/><D39/><U42/><E42/><V118/><F118/><W71/><G44/><T4/><D29/><U102/><E102/><V0/><F0/><W34/><G34/><T130/><D47/><U41/><E41/><V37/><F37/><W23/><G23/><T12/><D130/><U119/><E119/><V109/><F109/><W62/><G10/><T135/><D135/><U97/><E132/><V88/><AGARI ba="0,0" hai="45,49,52,74,79,80,88,89" m="40555,44105" machi="88" ten="40,8000,1" yaku="11,1,52,2,54,2" doraHai="85" who="2" fromWho="2" sc="230,-20,240,-40,290,80,240,-20" /><INIT seed="2,0,0,3,2,135" ten="210,200,370,220" oya="2" hai0="120,50,24,46,83,15,64,58,80,116,57,77,52" hai1="114,82,132,94,40,68,18,35,115,56,134,101,31" hai2="53,2,84,79,29,93,45,6,133,1,98,51,49" hai3="16,105,33,28,119,89,22,78,42,9,97,69,0"/><V103/><F133/><N who="1" m="51305" /><E68/><V70/><F70/><W124/><G119/><T12/><D116/><U130/><E130/><V14/><F29/><W126/><G69/><T61/><D120/><U4/><E4/><V13/><F2/><W85/><G78/><T23/><D58/><U5/><E5/><V21/><F1/><W100/><G33/><T44/><D44/><U39/><E18/><V76/><F14/><W123/><G28/><T59/><D59/><U3/><E3/><V96/><F84/><W30/><G30/><T111/><D111/><U54/><E82/><V113/><F113/><W112/><G123/><T127/><D127/><N who="3" m="48681" /><G112/><T81/><REACH who="0" step="1"/><D77/><REACH who="0" ten="200,200,370,220" step="2"/><U108/><E56/><V8/><F79/><W47/><G0/><T87/><D87/><U88/><E108/><V122/><F76/><W19/><G9/><T117/><D117/><U63/><E114/><V41/><F122/><W90/><G85/><T27/><D27/><U125/><E115/><V20/><F98/><W38/><G19/><AGARI ba="0,1" hai="12,15,19,23,24,46,50,52,57,61,64,80,81,83" machi="19" ten="40,5200,0" yaku="1,1,8,1,54,1,53,0" doraHai="135" doraHaiUra="75" who="0" fromWho="3" sc="200,62,200,0,370,0,220,-52" /><INIT seed="3,0,0,4,3,36" ten="262,200,370,168" oya="3" hai0="60,102,70,93,32,77,29,115,38,116,3,27,4" hai1="39,11,52,69,55,61,83,132,71,46,26,113,18" hai2="62,23,117,13,5,100,87,94,80,14,101,107,33" hai3="43,72,120,90,98,35,22,105,17,31,133,134,125"/><W82/><G120/><T45/><D93/><U16/><E113/><V34/><F107/><W130/><G35/><T123/><D102/><U1/><E132/><N who="3" m="50794" /><G31/><T59/><D59/><U111/><E111/><V65/><F117/><W42/><G130/><T79/><D79/><U63/><E83/><V99/><F100/><N who="3" m="62615" /><G125/><T67/><D77/><U88/><E1/><V124/><F124/><W48/><G48/><T81/><D81/><U129/><E129/><V95/><F95/><W91/><G72/><T114/><D116/><U44/><E11/><V25/><F33/><W84/><G90/><T10/><REACH who="0" step="1"/><D123/><REACH who="0" ten="252,200,370,168" step="2"/><U9/><E69/><V12/><F101/><W86/><G86/><T8/><D8/><U89/><E9/><V7/><F87/><W126/><G126/><T92/><D92/><U19/><E71/><V78/><F80/><W74/><G74/><T56/><D56/><U47/><E39/><V112/><F78/><W85/><G85/><T64/><D64/><U20/><E63/><V24/><F62/><W73/><G73/><T49/><D49/><U135/><E135/><V118/><F118/><W96/><G96/><T30/><D30/><N who="1" m="17735" /><E55/><V76/><F76/><W6/><G6/><T51/><D51/><U2/><E2/><V103/><F7/><W97/><G97/><T110/><D110/><U15/><E15/><AGARI ba="0,1" hai="15,17,22,42,43,82,84,91" m="62615,50794" machi="15" ten="30,5800,0" yaku="20,1,52,2" doraHai="36" who="3" fromWho="1" sc="252,0,200,-58,370,0,168,68" /><INIT seed="3,1,0,2,3,128" ten="252,142,370,236" oya="3" hai0="64,29,65,98,4,108,105,13,112,24,77,102,40" hai1="19,74,8,50,70,45,99,82,0,60,48,127,21" hai2="88,90,104,46,69,67,1,39,87,34,78,22,92" hai3="119,84,33,12,95,129,109,3,2,93,94,59,72"/><W132/><G119/><T107/><D108/><U117/><E127/><V85/><F34/><W91/><G129/><T73/><D112/><U125/><E117/><V41/><F104/><W37/><G37/><T75/><D40/><U7/><E125/><V86/><F1/><W83/><G33/><T79/><D13/><U25/><E99/><V116/><F116/><W101/><G59/><T58/><D4/><U114/><E114/><V47/><F78/><W71/><G71/><T43/><D43/><U106/><E106/><V103/><F46/><W110/><G12/><T130/><D130/><U66/><REACH who="1" step="1"/><E45/><REACH who="1" ten="252,132,370,236" step="2"/><V80/><F47/><W55/><G109/><T5/><D107/><U36/><E36/><V35/><F39/><W16/><G110/><T57/><D98/><U51/><E51/><V6/><F103/><W27/><G101/><T38/><D105/><U20/><E20/><V15/><F22/><W118/><G118/><T31/><D38/><U11/><E11/><V30/><F35/><W135/><G3/><T17/><D75/><U115/><E115/><V100/><F100/><W124/><G72/><T18/><D73/><U111/><E111/><V62/><F87/><W44/><G2/><T14/><D102/><U89/><E89/><V123/><F86/><W122/><G124/><T121/><D79/><AGARI ba="1,1" hai="0,7,8,19,21,25,48,50,60,66,70,74,79,82" machi="79" ten="40,2600,0" yaku="1,1,53,1" doraHai="128" doraHaiUra="32" who="1" fromWho="0" sc="252,-29,132,39,370,0,236,0" /><INIT seed="4,0,0,3,0,122" ten="223,171,370,236" oya="0" hai0="128,2,20,75,50,73,71,36,125,88,1,133,15" hai1="104,23,79,135,124,9,0,51,86,17,11,131,70" hai2="4,26,72,61,31,7,62,98,49,107,92,94,55" hai3="115,39,93,134,77,103,65,29,35,114,110,69,42"/><T78/><D36/><U22/><E104/><V16/><F72/><W48/><G93/><T95/><D71/><U82/><E70/><V105/><F105/><W3/><G103/><T113/><D113/><U106/><E106/><V33/><F107/><W121/><G121/><T112/><D112/><U53/><E124/><V111/><F92/><W108/><G48/><T116/><D116/><U24/><E131/><V59/><F111/><N who="3" m="42539" /><G77/><T100/><D100/><U25/><E0/><V126/><F126/><W89/><G89/><T76/><D125/><U127/><E127/><V47/><F62/><N who="3" m="40119" /><G3/><T46/><D2/><U67/><E67/><V38/><F38/><W97/><G97/><T63/><D1/><U87/><E87/><V41/><F16/><W102/><G102/><AGARI ba="0,0" hai="4,7,26,31,33,41,47,49,55,59,61,94,98,102" machi="102" ten="30,1000,0" yaku="7,1" doraHai="122" who="2" fromWho="3" sc="223,0,171,0,370,10,236,-10" /><INIT seed="5,0,0,1,3,71" ten="223,171,380,226" oya="1" hai0="95,114,106,119,40,81,84,27,54,26,69,111,23" hai1="29,75,90,97,125,127,18,65,122,15,78,36,45" hai2="25,86,48,1,0,89,126,8,73,99,88,116,109" hai3="59,72,134,12,28,11,93,38,20,7,108,115,103"/><U17/><E122/><V118/><F109/><W76/><G108/><T9/><D106/><U32/><E65/><V19/><F73/><W6/><G134/><T96/><D69/><U34/><E75/><V94/><F126/><N who="1" m="48137" /><E78/><V10/><F1/><W85/><G115/><T132/><D132/><U91/><E29/><V24/><F118/><W44/><G72/><T110/><D114/><U107/><E18/><V2/><F2/><W52/><G6/><T22/><D111/><U3/><E3/><V112/><F116/><W58/><G103/><T100/><D110/><U135/><E135/><V104/><F0/><W70/><G70/><T35/><D35/><N who="1" m="13355" /><E97/><V117/><F117/><W37/><G28/><T47/><D119/><U61/><E61/><V53/><F112/><W21/><G20/><T46/><D9/><N who="2" m="3690" /><F19/><W4/><G21/><T31/><D23/><N who="1" m="11711" /><E107/><V133/><F104/><W98/><G4/><T130/><D26/><U83/><E83/><N who="2" m="49247" /><F133/><W79/><G79/><T105/><D105/><U60/><E60/><V55/><F55/><W67/><G76/><T74/><D54/><U30/><E30/><V131/><F131/><W68/><G68/><T80/><D130/><U49/><E36/><N who="3" m="13930" /><G67/><T43/><D74/><U101/><E101/><V64/><F64/><W77/><G77/><T13/><D13/><U14/><E14/><V87/><F99/><W56/><G98/><T66/><D66/><U57/><E57/><AGARI ba="0,0" hai="24,25,48,53,57,87,89,94" m="49247,3690" machi="57" ten="30,2000,0" yaku="8,1,54,1" doraHai="71" who="2" fromWho="1" sc="223,0,171,-20,380,20,226,0" /><INIT seed="6,0,0,0,2,97" ten="223,151,400,226" oya="2" hai0="94,4,55,43,120,9,33,39,67,77,105,122,32" hai1="61,19,54,71,79,60,29,17,86,80,27,115,11" hai2="135,10,117,14,103,125,50,98,121,72,87,26,65" hai3="64,23,16,38,111,47,63,44,124,119,101,90,78"/><V3/><F117/><W109/><G119/><T35/><D55/><U76/><E115/><V31/><F121/><W52/><G101/><T30/><D30/><U106/><E106/><V0/><F72/><W37/><G78/><T58/><D94/><U116/><E116/><V68/><F135/><W113/><G90/><T34/><N who="0" m="8192" /><DORA hai="128" /><T84/><D58/><U88/><E29/><V75/><F75/><W74/><G74/><T5/><D67/><U56/><E71/><V131/><F131/><W42/><G113/><T51/><D39/><U15/><REACH who="1" step="1"/><E61/><REACH who="1" ten="223,141,400,226" step="2"/><V46/><F68/><W73/><G63/><T13/><D105/><U110/><E110/><V21/><F31/><W104/><G104/><T22/><D122/><U66/><E66/><V45/><F65/><W100/><G64/><T62/><D62/><U129/><E129/><V81/><F125/><W69/><G69/><T83/><D120/><U92/><E92/><V108/><F108/><W118/><G118/><T24/><D83/><U28/><E28/><V8/><F81/><W130/><G124/><T132/><D132/><U53/><E53/><V127/><F127/><W6/><G52/><T25/><D43/><U2/><E2/><V12/><F3/><W59/><G130/><T57/><D57/><U133/><E133/><V123/><F0/><W134/><G59/><T70/><D70/><U99/><E99/><V18/><F98/><W102/><G134/><T49/><D49/><U36/><E36/><N who="3" m="13930" /><G111/><T85/><D51/><U91/><E91/><V48/><F123/><W20/><G109/><T96/><D96/><RYUUKYOKU ba="0,1" sc="223,-10,141,30,400,-10,226,-10" hai1="11,15,17,19,27,54,56,60,76,79,80,86,88" /><INIT seed="7,1,1,2,4,84" ten="213,171,390,216" oya="3" hai0="55,98,69,22,29,115,75,58,71,110,42,8,94" hai1="38,87,56,126,86,113,129,92,54,64,59,35,11" hai2="93,13,74,88,66,34,100,33,28,26,19,124,31" hai3="16,63,112,131,107,82,46,1,119,90,96,101,79"/><W133/><G119/><T37/><D75/><U41/><E35/><V39/><F124/><W99/><G1/><T77/><D77/><U120/><E120/><V40/><F74/><W130/><G112/><T7/><D110/><U45/><E126/><V62/><F100/><W23/><G133/><T47/><D115/><U0/><E113/><V91/><F40/><W30/><G30/><T57/><D22/><U17/><E129/><N who="3" m="49162" /><G46/><T111/><D29/><U114/><E114/><V20/><F39/><W65/><G90/><T25/><D25/><U10/><E0/><V49/><F49/><W128/><G128/><T104/><D111/><U78/><E78/><V117/><F117/><W4/><G4/><T118/><D118/><U108/><E108/><V95/><F91/><W70/><G101/><T135/><D135/><U50/><E17/><V105/><F88/><W121/><G107/><T76/><D104/><U68/><E92/><V116/><F105/><W18/><G18/><T83/><D76/><U125/><E125/><V12/><F116/><W123/><G121/><T32/><D83/><U15/><E15/><V9/><F33/><W27/><G123/><T14/><D32/><U67/><E68/><V6/><F31/><W97/><G97/><T61/><D58/><AGARI ba="1,1" hai="6,9,12,13,19,20,26,28,34,58,62,66,93,95" machi="58" ten="30,1000,0" yaku="7,1" doraHai="84" who="2" fromWho="0" sc="213,-13,171,0,390,23,216,0" owari="200,-20.0,171,-32.9,413,51.3,216,1.6" /></mjloggm>