<mjloggm ver="2.3"><GO type="169" lobby="0"/><UN n0="%E5%A4%A9%E3%81%8B%E3%81%91%E3%82%8B%E6%98%9F" n1="%74%73%75%6B%69%31" n2="%73%69%65%72%61%34%30%31" n3="%E5%BA%84%E5%8F%B8%E5%81%A5%E5%A4%AA%E6%9C%97" dan="16,16,17,16" rate="2069.60,2189.54,2242.43,2091.53" sx="M,M,F,M"/><TAIKYOKU oya="0"/><INIT seed="0,0,0,5,3,85" ten="250,250,250,250" oya="0" hai0="16,134,43,119,74,69,19,104,107,98,54,89,15" hai1="102,125,87,30,62,122,18,52,44,21,23,83,76" hai2="56,70,40,1,84,103,57,60,17,11,13,59,126" hai3="10,5,82,114,48,123,131,128,6,97,91,79,133"/><T109/><D119/><U116/><E116/><V51/><F126/><W42/><G114/><T61/><D74/><U3/><E3/><V75/><F75/><W55/><G42/><T100/><D107/><U130/><E125/><V28/><F1/><W39/><G39/><T110/><D134/><U101/><E122/><V50/><F70/><W2/><G6/><T80/><D43/><U26/><E130/><V72/><F72/><W27/><G133/><T45/><D69/><U77/><E77/><V29/><F60/><W65/><G65/><T115/><D115/><U7/><E7/><V33/><F33/><W73/><G27/><T46/><D61/><U105/><E105/><V118/><F118/><W41/><G41/><T121/><D121/><U86/><E87/><V22/><F103/><W37/><G37/><T32/><D32/><U90/><E76/><V31/><F40/><W99/><G123/><T47/><D54/><U127/><E127/><V95/><REACH who="2" step="1"/><F11/><REACH who="2" ten="250,250,240,250" step="2"/><W68/><G68/><T38/><D38/><U94/><E62/><V93/><F93/><W108/><G131/><T14/><D80/><U24/><E83/><V12/><F12/><W111/><G128/><T53/><D53/><U4/><E4/><V124/><F124/><W64/><G64/><T113/><D113/><U34/><E34/><V117/><F117/><W25/><G73/><T120/><D120/><U36/><E36/><V8/><F8/><W66/><G66/><T58/><D15/><U63/><E63/><V106/><F106/><W67/><G67/><T92/><D14/><U135/><E135/><RYUUKYOKU ba="0,1" sc="250,-15,250,15,240,15,250,-15" hai1="18,21,23,24,26,30,44,52,86,90,94,101,102" hai2="13,17,22,28,29,31,50,51,56,57,59,84,95" /><INIT seed="1,1,1,5,0,67" ten="235,265,255,235" oya="1" hai0="131,81,66,26,37,111,118,114,7,1,54,132,8" hai1="56,103,83,113,130,90,65,57,76,127,52,120,43" hai2="134,99,45,42,87,116,95,15,16,108,109,34,128" hai3="18,79,106,105,30,38,32,50,53,39,77,4,62"/><U44/><E113/><V23/><F116/><W102/><G4/><T21/><D114/><U33/><E120/><V19/><F34/><W12/><G39/><T115/><D115/><U78/><E33/><V74/><F74/><W58/><G38/><T49/><D37/><U96/><E130/><V126/><F126/><W41/><G30/><T135/><D118/><U35/><E35/><V112/><F112/><W27/><G27/><T40/><D111/><U80/><E65/><V63/><F134/><N who="0" m="51242" /><D66/><U122/><E122/><V69/><F63/><W121/><G32/><T75/><D40/><U10/><E10/><V14/><F87/><W84/><G121/><T88/><D131/><U68/><E68/><V6/><F6/><W124/><G124/><T17/><D75/><U47/><E90/><V0/><F0/><W60/><G106/><T125/><D125/><U70/><E70/><V82/><F82/><N who="1" m="31273" /><E57/><V9/><F69/><W24/><G24/><T59/><D81/><U110/><E43/><V101/><REACH who="2" step="1"/><F128/><REACH who="2" ten="235,265,245,235" step="2"/><W97/><G84/><T104/><D104/><U72/><E127/><V94/><F94/><N who="3" m="58679" /><G62/><T64/><D64/><U91/><E72/><V100/><F100/><W123/><G123/><T86/><D86/><U85/><E85/><V36/><AGARI ba="1,2" hai="9,14,15,16,19,23,36,42,45,95,99,101,108,109" machi="36" ten="30,8000,1" yaku="1,1,0,1,54,1,53,2" doraHai="67" doraHaiUra="11" who="2" fromWho="2" sc="235,-21,265,-41,245,103,235,-21" /><INIT seed="2,0,0,2,1,104" ten="214,224,348,214" oya="2" hai0="76,10,123,62,30,110,77,59,57,9,39,130,25" hai1="27,126,115,65,43,11,33,102,106,73,1,133,61" hai2="134,117,36,2,16,71,51,66,44,116,121,111,31" hai3="15,52,41,120,7,93,32,17,8,88,42,28,6"/><V135/><F31/><W131/><G120/><T35/><D123/><U56/><E115/><V50/><F2/><W18/><G131/><T98/><D39/><U67/><E133/><N who="2" m="50699" /><F16/><W112/><G112/><T45/><D110/><U108/><E108/><V55/><F121/><W85/><G32/><T69/><D130/><U81/><E43/><N who="2" m="22631" /><F111/><W119/><G28/><T4/><D45/><U127/><E67/><V58/><F50/><W60/><G119/><T21/><D35/><U114/><E114/><V64/><F64/><W79/><G79/><T22/><D22/><U68/><E33/><V86/><F86/><W23/><G7/><T54/><D98/><U5/><E27/><V12/><F12/><W100/><G100/><T78/><D69/><U87/><E56/><V113/><F113/><W82/><G93/><T70/><D70/><U74/><E102/><V48/><F48/><W122/><G122/><T24/><D24/><U109/><E109/><V99/><F99/><W89/><G89/><T80/><D59/><U29/><E29/><V19/><F19/><N who="3" m="7179" /><G23/><T72/><REACH who="0" step="1"/><D10/><REACH who="0" ten="204,224,348,214" step="2"/><U129/><E129/><V84/><F84/><W38/><G38/><T40/><D40/><U124/><REACH who="1" step="1"/><E106/><REACH who="1" ten="204,214,348,214" step="2"/><V105/><F105/><W20/><G42/><T94/><D94/><U90/><AGARI ba="0,2" hai="1,5,11,61,65,68,73,74,81,87,90,124,126,127" machi="90" ten="30,12000,2" yaku="1,1,2,1,0,1,18,1,52,2,53,0" doraHai="104" doraHaiUra="49" who="1" fromWho="1" sc="204,-30,214,140,348,-60,214,-30" /><INIT seed="3,0,0,4,4,24" ten="174,354,288,184" oya="3" hai0="105,110,1,0,12,37,115,114,23,26,132,111,17" hai1="123,30,35,46,108,21,68,118,41,7,87,100,53" hai2="116,99,76,31,19,109,56,84,60,27,134,133,94" hai3="86,50,57,96,61,106,124,18,82,130,119,58,122"/><W28/><G119/><T22/><D105/><U48/><E123/><V52/><F109/><N who="0" m="41482" /><D132/><N who="2" m="50794" /><F116/><W5/><G122/><T78/><D78/><U103/><E108/><V92/><F19/><W127/><G130/><T15/><D37/><U33/><E68/><V54/><F54/><N who="3" m="31959" /><G5/><T125/><D125/><N who="3" m="48201" /><G18/><N who="0" m="12631" /><D15/><U32/><E7/><V6/><F6/><W36/><G36/><T34/><D34/><U126/><E126/><V43/><F43/><W44/><G44/><T91/><D91/><U40/><E118/><V51/><F51/><W63/><G28/><T101/><D101/><U65/><E103/><V85/><F76/><N who="3" m="46407" /><G58/><T88/><D88/><U47/><E100/><AGARI ba="0,0" hai="61,63,96,100,106" m="46407,48201,31959" machi="100" ten="30,1500,0" yaku="18,1" doraHai="24" who="3" fromWho="1" sc="174,0,354,-15,288,0,184,15" /><INIT seed="3,1,0,2,0,21" ten="174,339,288,199" oya="3" hai0="81,82,129,67,25,135,109,76,28,2,3,105,113" hai1="32,52,45,130,8,120,131,78,30,15,134,18,77" hai2="5,64,33,35,56,117,84,112,49,83,13,37,70" hai3="86,16,36,7,91,107,27,11,23,20,14,60,0"/><W94/><G36/><T47/><D105/><U38/><E120/><V100/><F37/><W43/><G107/><T71/><D109/><U29/><E134/><V98/><F112/><W95/><G43/><T97/><D135/><U103/><E103/><V22/><F70/><W133/><G133/><T116/><D116/><U41/><E30/><V85/><F85/><W62/><REACH who="3" step="1"/><G94/><REACH who="3" ten="174,339,288,189" step="2"/><T50/><D113/><U88/><E41/><V59/><F117/><W89/><G89/><T93/><D93/><U132/><E38/><V74/><F100/><W42/><G42/><T111/><D111/><U99/><E132/><V48/><F48/><W26/><G26/><T108/><D25/><U6/><E88/><V90/><F49/><W106/><G106/><T128/><D50/><U1/><E77/><V61/><F90/><W110/><G110/><T72/><D76/><U121/><E78/><V24/><F24/><W80/><G80/><T57/><D81/><U101/><E121/><V51/><F83/><W69/><G69/><T125/><D82/><U73/><E101/><V122/><F51/><W10/><G10/><T39/><D71/><U4/><E8/><V17/><F122/><W87/><G87/><T12/><D39/><U65/><E99/><V119/><F84/><W79/><G79/><T127/><D97/><U31/><E131/><V118/><F98/><W63/><G63/><T124/><D108/><U92/><E130/><V58/><F61/><W46/><G46/><T34/><D129/><U114/><E45/><V102/><F102/><W54/><G54/><T44/><D128/><RYUUKYOKU ba="1,1" sc="174,-10,339,-10,288,-10,189,30" hai3="0,7,11,14,16,20,23,27,60,62,86,91,95" /><INIT seed="3,2,1,4,2,89" ten="164,329,278,219" oya="3" hai0="93,121,36,105,55,127,95,113,40,44,9,30,43" hai1="120,59,31,63,45,112,78,58,110,85,20,92,19" hai2="114,54,5,80,76,131,21,100,96,126,15,34,72" hai3="67,102,86,118,25,17,49,18,61,81,69,56,132"/><W135/><G118/><T94/><D121/><U62/><E112/><V77/><F34/><W3/><G3/><T53/><D105/><U84/><E120/><V0/><F114/><W48/><G102/><T42/><D113/><U82/><E31/><V104/><F126/><W11/><G11/><T134/><D127/><U10/><E10/><V117/><F117/><W88/><G69/><T41/><D134/><N who="3" m="51241" /><G25/><T47/><D30/><U128/><E110/><V22/><F0/><W46/><G49/><T13/><REACH who="0" step="1"/><D44/><REACH who="0" ten="154,329,278,219" step="2"/><U74/><E45/><V125/><F104/><W70/><G70/><T66/><D66/><U28/><E28/><V35/><F125/><W51/><G51/><T52/><D52/><AGARI ba="2,2" hai="17,18,46,48,52,56,61,67,81,86,88" m="51241" machi="52" ten="30,5800,0" yaku="20,1,54,2" doraHai="89" who="3" fromWho="0" sc="154,-64,329,0,278,0,219,84" /><INIT seed="3,3,0,2,3,127" ten="90,329,278,303" oya="3" hai0="37,54,74,22,79,4,57,86,120,10,27,115,55" hai1="88,111,76,35,50,112,71,62,117,103,64,20,36" hai2="113,40,15,19,52,67,47,28,17,129,92,73,56" hai3="59,25,82,96,33,70,94,110,69,107,48,8,26"/><W131/><G107/><T42/><D120/><U14/><E112/><V134/><F113/><W128/><G8/><T23/><D74/><U100/><E36/><V13/><F73/><W43/><G82/><T78/><D115/><U123/><E123/><V68/><F28/><N who="3" m="19599" /><G26/><T95/><D37/><U5/><E35/><V109/><F134/><W38/><G38/><T125/><D125/><U126/><E76/><V44/><F40/><W66/><G110/><T119/><D42/><U21/><E111/><V132/><F132/><W99/><G99/><T84/><D119/><U75/><E75/><V30/><F30/><W11/><G11/><T46/><D46/><U124/><E117/><V18/><F109/><W98/><G98/><T106/><D106/><U130/><E126/><V31/><F31/><W91/><G66/><T39/><D39/><U85/><E124/><V61/><F92/><W116/><G116/><T105/><D105/><U51/><E20/><V101/><F101/><W6/><G6/><T104/><D104/><U135/><E5/><V7/><F7/><W77/><G77/><N who="0" m="29195" /><D23/><U97/><E135/><V0/><F0/><W108/><G108/><T122/><D122/><U102/><E21/><V81/><F81/><W45/><G59/><T53/><D57/><U49/><E97/><V3/><F3/><W41/><G43/><T60/><D95/><N who="1" m="54671" /><E14/><N who="2" m="5131" /><F47/><W63/><G63/><T121/><D60/><U93/><E93/><V34/><F34/><W58/><G58/><T80/><D80/><U83/><E83/><V16/><N who="2" m="4096" /><DORA hai="29" /><V114/><F114/><W32/><G32/><RYUUKYOKU ba="3,0" sc="90,-15,329,15,278,-15,303,15" hai1="49,50,51,62,64,71,100,102,103,130" hai3="41,45,48,69,70,91,94,96,128,131" /><INIT seed="3,4,0,5,5,110" ten="75,344,263,318" oya="3" hai0="131,46,42,25,91,116,122,115,56,93,47,118,13" hai1="72,21,14,9,33,45,3,125,78,112,120,65,127" hai2="53,5,119,8,87,60,133,70,128,58,80,64,75" hai3="34,40,114,31,95,124,7,6,123,37,134,108,18"/><W12/><G123/><T107/><D107/><U54/><E120/><V61/><F128/><W1/><G40/><T126/><D122/><U35/><E112/><V79/><F133/><W28/><G37/><T76/><D131/><U132/><E65/><V81/><F119/><W92/><G92/><T98/><D126/><U62/><E3/><V43/><F43/><W30/><G95/><T99/><D76/><U73/><E21/><V19/><F19/><W83/><G83/><T69/><D69/><U38/><E132/><V51/><F61/><W27/><G134/><T68/><D68/><U77/><E77/><V49/><F49/><W74/><G74/><T86/><D116/><U105/><E105/><V4/><REACH who="2" step="1"/><F8/><REACH who="2" ten="75,344,253,318" step="2"/><N who="3" m="6407" /><G124/><T17/><D118/><U113/><E125/><V55/><F55/><W44/><G44/><T11/><D115/><U2/><E45/><N who="0" m="16905" /><D42/><U39/><E113/><V103/><F103/><W32/><G114/><T26/><D56/><U16/><E127/><V59/><F59/><W90/><G108/><T29/><D29/><U20/><E38/><V66/><F66/><W94/><G34/><T71/><D71/><U10/><E39/><V89/><AGARI ba="4,1" hai="4,5,51,53,58,60,64,70,75,79,80,81,87,89" machi="89" ten="20,5200,0" yaku="1,1,0,1,7,1,53,1" doraHai="110" doraHaiUra="48" who="2" fromWho="2" sc="75,-17,344,-17,253,74,318,-30" /><INIT seed="4,0,0,4,4,78" ten="58,327,327,288" oya="0" hai0="128,129,84,22,90,61,118,62,39,4,113,45,55" hai1="36,98,35,17,64,86,12,120,1,56,57,41,59" hai2="54,102,125,83,115,46,101,88,72,110,0,97,25" hai3="44,94,111,60,100,52,114,16,15,50,42,66,87"/><T69/><D118/><U18/><E35/><V47/><F110/><W32/><G111/><T96/><D113/><U76/><E1/><V37/><F0/><W11/><G32/><T8/><D96/><U123/><E36/><V65/><F65/><W75/><G75/><T33/><D33/><U80/><E41/><V23/><F125/><W93/><G114/><T7/><D22/><U105/><E64/><V6/><F6/><W31/><G31/><T3/><D7/><U73/><E18/><V20/><F115/><W43/><G94/><T53/><D69/><U95/><E105/><V63/><F20/><W2/><G2/><T71/><D71/><U82/><E95/><N who="2" m="56551" /><F37/><W48/><G48/><T130/><D39/><U21/><REACH who="1" step="1"/><E98/><REACH who="1" ten="58,317,327,288" step="2"/><V34/><F34/><W106/><G106/><T29/><D29/><U51/><E51/><V92/><F92/><W5/><G5/><T126/><D126/><U99/><E99/><V70/><F63/><N who="0" m="24074" /><D45/><U81/><E81/><AGARI ba="0,1" hai="3,4,8,53,55,81,84,90,128,129,130" m="24074" machi="81" ten="30,2900,0" yaku="19,1,52,1" doraHai="78" who="0" fromWho="1" sc="58,39,317,-29,327,0,288,0" /><INIT seed="4,1,0,0,2,10" ten="97,288,327,288" oya="0" hai0="89,36,19,21,126,18,82,91,29,54,119,37,79" hai1="72,112,81,122,53,102,9,129,24,127,107,46,70" hai2="121,104,65,103,27,34,8,33,73,90,51,26,71" hai3="131,62,61,17,123,134,49,12,98,86,31,55,101"/><T22/><D119/><U117/><E117/><V78/><F121/><W15/><G123/><T6/><D126/><U108/><E70/><V111/><F111/><W60/><G134/><T7/><D29/><U128/><E108/><V68/><F51/><W41/><G41/><T47/><D54/><U75/><E122/><V57/><F57/><W32/><G131/><T4/><D47/><U77/><E127/><V3/><F90/><W30/><G86/><T133/><D133/><U94/><E107/><V132/><F132/><W125/><G125/><T59/><D59/><U116/><E75/><V118/><F27/><W28/><G17/><T80/><REACH who="0" step="1"/><D4/><REACH who="0" ten="87,288,327,288" step="2"/><U100/><E116/><V14/><F118/><W85/><G32/><T16/><D16/><U58/><E46/><V88/><F68/><W0/><G55/><T1/><D1/><U20/><E129/><V113/><F3/><W83/><G0/><T97/><D97/><U105/><E128/><V109/><F71/><W56/><G56/><T93/><D93/><U35/><E94/><V63/><F109/><W48/><G49/><T67/><D67/><U38/><E53/><V74/><F65/><W5/><G5/><T43/><D43/><U69/><E58/><V13/><F104/><W115/><G48/><T11/><D11/><U110/><E69/><V135/><F8/><W50/><G50/><T96/><D96/><U95/><E9/><V92/><F92/><N who="3" m="58567" /><G115/><T114/><D114/><U23/><E112/><V76/><F113/><W44/><G44/><T64/><D64/><U52/><E105/><V120/><F135/><RYUUKYOKU ba="1,1" sc="87,15,288,-15,327,-15,288,15" hai0="6,7,18,19,21,22,36,37,79,80,82,89,91" hai3="12,15,28,30,31,60,61,62,83,85" /><INIT seed="4,2,1,2,4,14" ten="102,273,312,303" oya="0" hai0="24,33,75,120,41,101,89,104,114,22,34,62,61" hai1="84,2,67,124,12,88,16,106,64,45,97,90,135" hai2="99,83,17,98,4,127,54,29,27,6,3,39,48" hai3="82,56,128,40,102,23,13,8,15,112,87,122,86"/><T110/><D120/><U42/><E2/><V19/><F39/><W115/><G122/><T78/><D114/><N who="3" m="43561" /><G128/><T100/><D110/><U36/><E124/><V85/><F127/><W121/><G121/><T49/><D75/><U50/><E135/><V129/><F129/><W125/><G125/><T60/><D78/><U52/><E106/><V55/><F3/><W58/><G40/><T131/><D131/><U91/><E97/><N who="2" m="36875" /><F29/><W130/><G102/><T92/><D33/><U133/><E133/><V103/><F27/><W43/><G43/><T119/><D34/><U107/><E107/><V38/><F38/><W5/><G130/><T26/><D119/><U66/><E36/><V0/><F0/><W126/><G126/><T109/><D26/><U51/><E51/><V123/><F55/><W96/><G96/><N who="0" m="57359" /><D104/><U108/><E108/><V117/><F103/><N who="0" m="39498" /><D109/><U37/><E37/><V111/><F111/><W65/><G65/><T7/><D7/><N who="2" m="2602" /><F117/><W79/><G87/><T20/><D24/><U73/><E73/><V11/><F11/><W77/><G79/><T10/><D10/><N who="1" m="6167" /><E42/><V69/><F69/><W116/><G116/><T31/><D31/><U21/><E21/><V63/><F123/><W94/><G23/><N who="0" m="8747" /><D41/><U32/><E32/><V95/><F95/><AGARI ba="2,1" hai="45,50,52,64,66,67,84,88,90,91,95" m="6167" machi="95" ten="30,8000,1" yaku="8,1,52,1,54,3" doraHai="14" who="1" fromWho="2" sc="102,0,273,96,312,-86,303,0" /><INIT seed="5,0,0,2,4,71" ten="102,369,226,303" oya="1" hai0="82,57,54,52,53,56,58,14,127,46,20,8,100" hai1="32,95,51,78,117,91,109,131,93,89,80,34,36" hai2="115,21,17,42,134,75,61,133,70,111,79,125,114" hai3="124,96,31,87,123,12,113,120,98,101,18,0,25"/><U48/><E36/><V126/><F111/><W49/><G0/><T128/><D128/><U103/><E103/><V97/><F97/><W121/><G113/><N who="2" m="43017" /><F75/><W64/><G124/><N who="2" m="47721" /><F79/><W15/><G49/><T94/><D127/><U108/><E78/><V77/><F77/><W59/><G87/><T99/><D20/><U67/><E80/><V112/><N who="2" m="43025" /><V132/><DORA hai="110" /><F42/><W33/><G18/><T28/><D28/><U60/><E108/><V106/><F106/><W2/><G2/><T62/><D82/><U10/><E109/><V23/><F17/><W90/><G90/><T66/><REACH who="0" step="1"/><D46/><REACH who="0" ten="92,369,226,303" step="2"/><U74/><E131/><V122/><F122/><W26/><G121/><T9/><D9/><U24/><E10/><V63/><F63/><W47/><G120/><T102/><D102/><U86/><E60/><V44/><F44/><W76/><G123/><T68/><D68/><U4/><E91/><V107/><F107/><W43/><G47/><T22/><D22/><U85/><E89/><V119/><F119/><W16/><G101/><T30/><D30/><U72/><E117/><V55/><F70/><W84/><G31/><T40/><D40/><U11/><E93/><V129/><F129/><W37/><G43/><T92/><D92/><U7/><E95/><V88/><F88/><W104/><G104/><T3/><D3/><U73/><E72/><V45/><F61/><W39/><G59/><T35/><D35/><U81/><E73/><V27/><F27/><W38/><G26/><T130/><D130/><U116/><E74/><V65/><F45/><W135/><G25/><RYUUKYOKU ba="0,1" sc="92,30,369,-10,226,-10,303,-10" hai0="8,14,52,53,54,56,57,58,62,66,94,99,100" /><INIT seed="6,1,1,4,0,74" ten="122,359,216,293" oya="2" hai0="79,65,84,108,27,128,36,69,87,28,3,12,88" hai1="35,16,32,116,49,115,73,21,92,131,41,5,59" hai2="2,58,124,68,47,90,70,80,4,61,45,43,17" hai3="40,23,18,106,127,64,112,76,6,77,67,107,29"/><V93/><F124/><W120/><G120/><T31/><D108/><U63/><E131/><V83/><F2/><W39/><G39/><T33/><D3/><U102/><E116/><V82/><F4/><W123/><G123/><T7/><D36/><U51/><E73/><V46/><F17/><W56/><G107/><T71/><D128/><U25/><E5/><V19/><F19/><W119/><G106/><T8/><D31/><U55/><E115/><V44/><N who="2" m="11264" /><DORA hai="126" /><V96/><REACH who="2" step="1"/><F43/><REACH who="2" ten="122,359,206,293" step="2"/><W13/><G40/><T34/><D34/><U133/><E41/><V109/><F109/><W95/><G6/><T66/><D71/><U122/><E32/><V53/><AGARI ba="1,2" hai="53,58,61,68,70,80,82,83,90,93,96" m="11264" machi="53" ten="50,4800,0" yaku="1,1,0,1,53,0" doraHai="74,126" doraHaiUra="130,113" who="2" fromWho="2" sc="122,-17,359,-17,206,71,293,-17" /><INIT seed="6,2,0,0,2,123" ten="105,342,277,276" oya="2" hai0="71,23,116,48,11,45,130,69,128,95,41,97,19" hai1="44,42,51,129,132,73,114,12,135,40,16,15,17" hai2="10,72,75,54,134,94,92,7,119,89,91,98,2" hai3="25,59,18,81,9,65,43,77,125,85,52,64,35"/><V21/><F119/><W37/><G125/><T111/><D116/><U93/><E73/><V118/><F118/><W70/><G70/><T108/><D11/><N who="1" m="6303" /><E114/><V79/><F134/><N who="1" m="51241" /><E93/><V60/><F79/><W0/><G43/><T62/><D71/><U80/><E80/><V57/><REACH who="2" step="1"/><F21/><REACH who="2" ten="105,342,267,276" step="2"/><W34/><G35/><T120/><D120/><U31/><E129/><N who="0" m="49769" /><D69/><U122/><E122/><V113/><F113/><W87/><G37/><T110/><D62/><U115/><E115/><V82/><F82/><N who="3" m="47311" /><G34/><T63/><D63/><U29/><E40/><V26/><F26/><W126/><G126/><T76/><D76/><U105/><E105/><V74/><F74/><W33/><G33/><T50/><D50/><U58/><E58/><V5/><F5/><W13/><G25/><N who="0" m="14591" /><D111/><U39/><E51/><V112/><F112/><W86/><G0/><T47/><D47/><U90/><E44/><V30/><F30/><W27/><G27/><T61/><D61/><U55/><E42/><V124/><F124/><W38/><G38/><T67/><D67/><U1/><E39/><V121/><F121/><W78/><G65/><T106/><D106/><U8/><E31/><V56/><F56/><W103/><G64/><T3/><D3/><U53/><E29/><V100/><F100/><AGARI ba="2,1" hai="41,45,48,95,97,100,108,110" m="14591,49769" machi="100" ten="30,3900,0" yaku="19,1,52,2" doraHai="123" who="0" fromWho="2" sc="105,55,342,0,267,-45,276,0" /><INIT seed="7,0,0,0,3,31" ten="160,342,222,276" oya="3" hai0="35,64,24,129,38,63,4,15,134,114,26,21,55" hai1="105,94,42,91,97,39,112,87,65,100,2,28,118" hai2="51,7,123,68,43,74,96,84,95,20,79,0,56" hai3="122,80,85,57,58,117,93,98,78,9,49,8,37"/><W90/><G117/><T111/><D111/><U131/><E2/><V115/><F68/><W45/><G37/><T32/><D38/><U121/><E121/><V27/><F74/><W109/><G109/><T48/><D134/><U62/><E118/><V17/><F115/><W44/><G122/><T107/><D107/><U120/><E120/><V66/><F123/><W67/><G45/><T113/><D129/><U13/><E112/><N who="0" m="43113" /><D4/><U124/><E124/><V76/><F0/><W34/><G34/><N who="0" m="12843" /><D15/><U25/><E13/><V3/><F3/><W1/><G1/><T101/><D101/><U29/><E39/><V11/><F7/><W36/><G36/><T70/><D21/><U128/><E100/><N who="2" m="60447" /><F11/><N who="3" m="4171" /><G67/><T92/><D92/><U81/><E65/><V60/><F84/><W132/><G132/><T22/><D22/><U18/><E94/><V133/><F133/><W108/><G108/><T75/><D75/><U126/><E128/><V54/><F66/><W50/><G50/><T77/><D77/><U5/><E131/><V61/><F61/><W69/><G69/><T103/><D103/><U135/><E62/><V41/><F60/><W83/><G80/><T88/><D88/><U110/><E91/><V106/><F106/><W127/><G127/><T10/><D10/><U82/><E126/><V19/><F76/><W30/><G44/><AGARI ba="0,0" hai="24,26,44,48,55,63,64,70" m="12843,43113" machi="44" ten="30,8000,1" yaku="15,1,11,1,52,3" doraHai="31" who="0" fromWho="3" sc="160,80,342,0,222,0,276,-80" owari="240,4.0,342,44.2,222,-17.8,196,-30.4" /></mjloggm>