<mjloggm ver="2.3"><GO type="169" lobby="0"/><UN n0="%E9%BE%8D%31%30" n1="%64%69%76%61" n2="%E3%81%9F%E3%81%8B%E3%81%AA" n3="%E3%81%93%E3%81%A1" dan="16,16,19,17" rate="2100.77,2056.05,2217.27,2202.58" sx="M,M,M,F"/><TAIKYOKU oya="0"/><INIT seed="0,0,0,4,5,23" ten="250,250,250,250" oya="0" hai0="14,130,2,123,1,67,83,62,18,41,75,109,70" hai1="10,32,28,43,133,96,86,25,134,79,17,116,92" hai2="63,5,118,40,72,124,68,30,64,37,85,132,73" hai3="122,104,71,105,84,114,87,100,34,98,94,97,121"/><T81/><D123/><N who="3" m="47113" /><G71/><T99/><D109/><U103/><E116/><V125/><F118/><W60/><G60/><T45/><D130/><U108/><E108/><V15/><F132/><N who="1" m="50793" /><E43/><V128/><F128/><W16/><G34/><T47/><D99/><U129/><E129/><V8/><F85/><N who="3" m="32843" /><G114/><T55/><D47/><U112/><E86/><V117/><F117/><W42/><G42/><T69/><D55/><U82/><E82/><V33/><F37/><W80/><G16/><T78/><D70/><U56/><E56/><V65/><F65/><W39/><G39/><T26/><D83/><U102/><E79/><V74/><REACH who="2" step="1"/><F40/><REACH who="2" ten="250,250,240,250" step="2"/><W3/><G80/><T88/><D81/><U91/><E112/><V35/><F35/><W31/><G3/><T19/><D2/><U6/><E17/><V49/><F49/><W44/><G31/><T111/><D1/><AGARI ba="0,1" hai="1,6,10,25,28,32,91,92,96,102,103" m="50793" machi="1" ten="30,2000,0" yaku="20,1,52,1" doraHai="23" who="1" fromWho="0" sc="250,-20,250,30,240,0,250,0" /><INIT seed="1,0,0,3,0,43" ten="230,280,240,250" oya="1" hai0="12,111,119,56,46,79,86,85,76,88,132,66,31" hai1="4,5,68,117,124,93,16,62,89,115,10,107,131" hai2="29,65,105,127,50,45,11,47,78,23,73,2,37" hai3="83,109,38,42,26,82,19,6,34,108,135,44,61"/><U48/><E117/><V125/><F105/><W17/><G135/><T120/><D119/><U100/><E115/><V7/><F65/><W128/><G128/><T94/><D120/><U77/><E131/><V91/><F91/><W106/><G106/><T114/><D132/><U72/><E124/><N who="2" m="47691" /><F37/><W8/><G61/><N who="0" m="38183" /><D114/><U75/><E77/><N who="0" m="29769" /><D111/><N who="3" m="42569" /><G34/><T129/><D31/><U52/><E68/><V104/><F104/><W25/><G19/><T49/><D129/><U32/><E32/><V130/><F50/><W64/><G64/><T101/><D12/><U51/><E72/><V122/><F122/><W70/><G70/><T80/><D101/><U24/><E75/><V0/><F0/><N who="3" m="71" /><G17/><T102/><D102/><U84/><E100/><V55/><F130/><W27/><AGARI ba="0,0" hai="25,26,27,38,42,44,82,83" m="71,42569" machi="27" ten="30,2000,0" yaku="14,1,52,1" doraHai="43" who="3" fromWho="3" sc="230,-5,280,-10,240,-5,250,20" /><INIT seed="2,0,0,4,1,58" ten="225,270,235,270" oya="2" hai0="52,48,118,32,77,102,113,104,5,107,82,37,8" hai1="119,98,42,110,67,74,35,15,81,88,127,132,16" hai2="68,26,19,12,120,24,92,0,117,3,91,64,33" hai3="61,101,30,2,6,11,51,54,40,70,75,20,125"/><V128/><F117/><W65/><G75/><T84/><D113/><U10/><E119/><V87/><F120/><W72/><G72/><T112/><D118/><U100/><E35/><V34/><F128/><W86/><G125/><T133/><D37/><U103/><E127/><V1/><F33/><W124/><G124/><T80/><D112/><U90/><E110/><V85/><F34/><W123/><G123/><T50/><D32/><U131/><E131/><V22/><REACH who="2" step="1"/><F85/><REACH who="2" ten="225,270,225,270" step="2"/><W96/><G86/><T83/><D133/><U29/><E132/><V21/><F21/><W13/><G20/><T93/><D77/><U17/><E74/><V111/><F111/><W73/><G73/><T4/><D84/><U7/><E81/><V38/><F38/><W28/><G2/><T116/><D116/><U129/><E129/><V41/><F41/><W106/><REACH who="3" step="1"/><G40/><REACH who="3" ten="225,270,225,260" step="2"/><T122/><D122/><U46/><E42/><V134/><F134/><W114/><G114/><T115/><D115/><U79/><E79/><V109/><F109/><W14/><G14/><T39/><D83/><U55/><E15/><V9/><F9/><W94/><G94/><T18/><D82/><U130/><E10/><V121/><F121/><W27/><G27/><T31/><D80/><U135/><E130/><V23/><F23/><W78/><G78/><T43/><D8/><U69/><E135/><V105/><F105/><W45/><AGARI ba="0,2" hai="6,11,13,28,30,45,51,54,61,65,70,96,101,106" machi="45" ten="20,8000,1" yaku="1,1,0,1,7,1,52,1,53,1" doraHai="58" doraHaiUra="99" who="3" fromWho="3" sc="225,-20,270,-20,225,-40,260,100" /><INIT seed="3,0,0,0,2,135" ten="205,250,185,360" oya="3" hai0="38,46,11,35,14,125,117,66,112,65,86,109,0" hai1="94,61,1,91,76,126,27,36,106,96,3,78,56" hai2="67,133,7,108,121,123,52,17,33,44,68,110,64" hai3="34,134,18,101,119,15,58,88,39,124,21,19,103"/><W24/><G119/><T85/><D35/><U32/><E36/><V98/><F33/><W99/><G134/><T23/><D0/><U102/><E126/><V59/><F133/><W129/><G39/><T120/><D112/><U82/><E78/><V30/><F30/><W51/><G129/><T8/><D117/><U2/><E32/><V115/><F7/><W100/><G34/><T128/><D120/><N who="2" m="46154" /><F115/><W72/><G72/><T114/><D128/><U84/><E27/><V104/><F17/><W50/><G58/><T118/><D114/><U48/><E48/><N who="2" m="28679" /><F68/><W60/><G60/><T79/><D118/><U70/><E70/><V127/><F127/><W113/><G113/><T122/><D122/><U69/><E69/><V10/><F10/><N who="3" m="6519" /><G124/><T20/><D125/><U47/><E47/><V107/><F98/><W111/><G111/><N who="2" m="42537" /><F59/><W105/><G105/><AGARI ba="0,0" hai="64,67,104,105,107" m="42537,28679,46154" machi="105" ten="40,5200,0" yaku="13,1,14,1,54,1" doraHai="135" who="2" fromWho="3" sc="205,0,250,0,185,52,360,-52" /><INIT seed="4,0,0,1,3,69" ten="205,250,237,308" oya="0" hai0="92,115,135,121,61,37,65,76,11,59,94,7,133" hai1="12,20,42,30,14,57,80,27,95,3,31,17,84" hai2="87,19,134,88,107,130,24,1,71,99,127,5,114" hai3="66,101,9,40,120,132,6,111,93,86,15,83,108"/><T89/><D121/><U100/><E3/><V67/><F114/><W70/><G120/><T62/><D115/><U56/><E42/><V81/><F127/><W78/><G132/><N who="0" m="50763" /><D76/><U38/><E38/><V82/><F134/><W91/><G101/><T90/><D37/><U50/><E31/><V117/><F130/><W73/><G40/><T123/><D123/><U125/><E125/><V85/><F117/><W131/><G131/><T41/><D41/><U25/><E25/><V79/><F71/><W18/><G70/><N who="0" m="42287" /><D94/><U97/><E14/><V75/><F67/><W74/><G66/><N who="0" m="39263" /><D92/><U28/><E50/><V96/><F75/><W63/><G63/><T128/><D128/><U8/><REACH who="1" step="1"/><E30/><REACH who="1" ten="205,240,237,308" step="2"/><V60/><F60/><W29/><G29/><T39/><D39/><U34/><E34/><V77/><F1/><AGARI ba="0,1" hai="1,7,11,89,90" m="39263,42287,50763" machi="1" ten="30,1500,0" yaku="20,1" doraHai="69" who="0" fromWho="2" sc="205,25,240,0,237,-15,308,0" /><INIT seed="4,1,0,0,5,64" ten="230,240,222,308" oya="0" hai0="118,68,128,120,90,0,102,15,54,103,17,71,21" hai1="96,127,88,110,112,119,41,121,5,109,100,11,57" hai2="22,114,60,70,86,125,62,58,132,32,52,7,65" hai3="97,105,1,134,55,75,115,93,122,47,77,40,78"/><T124/><D118/><U42/><E121/><V31/><F114/><W80/><G115/><T4/><D120/><U48/><E119/><V106/><F125/><W12/><G122/><T25/><D124/><U13/><E127/><V66/><F132/><W34/><G34/><T92/><D0/><U14/><E112/><V81/><F106/><W39/><G134/><T76/><D76/><U94/><E110/><V2/><F32/><W53/><G105/><T67/><D128/><U79/><E79/><V23/><F31/><W27/><G27/><T61/><D68/><U85/><E14/><V135/><F135/><W9/><G78/><T133/><D54/><U10/><E109/><V108/><F108/><W95/><G95/><T37/><D37/><U38/><E38/><V26/><F26/><W16/><REACH who="3" step="1"/><G1/><REACH who="3" ten="230,240,222,298" step="2"/><T89/><D133/><U6/><E94/><V84/><F81/><W20/><G20/><T83/><D83/><U33/><E33/><V113/><F113/><W117/><G117/><T30/><D4/><U107/><E5/><V56/><F7/><W123/><G123/><T49/><D90/><AGARI ba="1,1" hai="9,12,16,39,40,47,53,55,75,77,80,90,93,97" machi="90" ten="30,7700,0" yaku="1,1,7,1,54,1,53,1" doraHai="64" doraHaiUra="43" who="3" fromWho="0" sc="230,-80,240,0,222,0,298,90" /><INIT seed="5,0,0,1,3,49" ten="150,240,222,388" oya="1" hai0="118,42,28,13,35,20,104,67,32,127,84,68,6" hai1="54,65,51,7,11,134,58,41,18,60,105,116,112" hai2="64,125,102,91,77,23,73,40,128,130,22,55,62" hai3="47,57,46,33,12,120,99,17,27,97,124,36,8"/><U89/><E116/><V108/><F108/><W48/><G120/><T38/><D118/><U78/><E112/><V90/><F40/><W114/><G114/><T121/><D127/><U61/><E134/><V25/><F125/><W122/><G122/><T133/><D104/><U115/><E115/><V111/><F111/><W53/><G124/><T85/><D121/><U123/><E123/><V98/><F77/><W101/><G36/><T83/><D133/><U103/><E78/><V44/><F73/><W69/><G69/><T21/><D85/><U81/><E18/><V94/><F44/><W66/><G66/><T80/><D42/><U26/><E26/><V100/><F22/><N who="3" m="13775" /><G33/><T75/><D80/><U76/><E41/><V45/><F45/><N who="3" m="16907" /><G101/><T135/><D75/><U131/><E65/><V132/><F132/><W30/><G30/><T126/><D38/><U31/><E31/><N who="2" m="17855" /><F102/><W88/><G88/><N who="2" m="33833" /><F55/><W70/><G70/><T29/><D126/><U37/><E103/><V16/><F64/><W15/><G15/><T24/><D67/><U72/><E72/><V59/><F100/><W86/><G86/><T92/><D68/><U34/><E34/><V87/><F87/><W74/><G74/><T96/><D84/><U71/><E71/><V52/><F98/><W9/><G9/><T95/><D13/><U1/><E11/><V50/><F94/><W10/><G10/><T110/><D135/><U0/><E1/><V79/><F79/><W117/><G117/><T14/><D35/><U56/><E0/><V3/><F3/><W82/><G82/><T2/><D32/><RYUUKYOKU ba="0,0" sc="150,-10,240,-10,222,-10,388,30" hai3="8,12,48,53,57,97,99" /><INIT seed="6,1,0,4,3,65" ten="140,230,212,418" oya="2" hai0="83,124,51,125,20,73,110,87,117,70,56,29,72" hai1="130,28,118,78,111,107,39,96,16,102,40,98,76" hai2="12,92,109,5,119,0,1,41,105,47,26,89,115" hai3="86,100,52,24,128,25,114,33,32,66,131,22,123"/><V44/><F119/><W34/><G123/><T127/><D117/><U120/><E118/><V135/><F105/><W49/><G114/><T10/><D110/><U69/><E111/><V35/><F109/><W126/><G126/><N who="0" m="48747" /><D10/><U55/><E130/><N who="3" m="49706" /><G66/><T14/><N who="0" m="48755" /><T79/><DORA hai="67" /><D29/><U75/><E98/><V46/><F115/><W77/><G100/><T63/><D51/><U81/><E78/><V132/><F41/><W104/><G104/><T116/><D14/><U42/><E55/><V17/><F5/><W31/><G86/><T13/><D20/><U134/><E16/><V57/><F57/><N who="3" m="32911" /><G77/><T11/><D116/><U93/><E42/><V27/><F0/><W23/><G23/><T8/><D73/><U48/><E120/><V37/><F1/><W4/><G4/><N who="0" m="3207" /><D11/><U15/><E48/><V112/><F112/><W82/><G24/><T129/><D72/><U2/><E2/><V103/><F27/><W122/><G122/><T54/><D129/><U9/><E9/><V38/><F26/><W3/><G3/><T61/><D61/><U74/><E75/><V113/><F113/><W45/><G45/><T101/><D101/><U91/><E102/><V108/><F108/><W21/><G21/><T94/><D94/><U99/><E93/><V58/><F103/><W18/><G31/><T6/><D6/><U71/><E28/><V97/><F12/><W88/><G32/><T80/><D80/><U43/><E81/><V85/><F35/><W106/><G106/><T84/><D84/><U30/><E107/><V50/><F85/><W133/><G33/><RYUUKYOKU ba="1,0" sc="140,30,230,-10,212,-10,418,-10" hai0="54,56,63,70,79,83,87" /><INIT seed="7,2,0,3,2,127" ten="170,220,202,408" oya="3" hai0="96,98,113,134,105,88,53,33,20,60,21,74,28" hai1="58,15,84,104,31,68,76,110,62,65,85,129,83" hai2="91,2,132,82,135,75,109,32,71,63,27,17,80" hai3="10,121,1,112,51,30,107,3,66,72,94,102,64"/><W37/><G37/><T125/><D74/><U36/><E129/><V25/><F109/><W8/><G72/><T39/><D125/><U57/><E36/><V81/><F2/><W70/><G107/><T50/><D39/><U61/><E104/><V95/><F75/><W47/><G30/><T87/><D113/><U45/><E68/><V24/><F32/><W120/><G112/><T46/><D105/><U12/><E31/><V106/><F106/><W11/><G102/><T92/><D33/><U103/><E103/><V73/><F73/><W130/><G94/><T0/><D0/><U69/><E69/><V26/><F71/><W131/><G10/><T29/><D134/><N who="2" m="51242" /><F63/><W97/><G70/><T14/><D60/><U99/><E99/><N who="0" m="37929" /><D21/><U124/><E124/><V4/><F4/><W56/><G97/><T67/><D67/><N who="1" m="39343" /><E85/><N who="2" m="52719" /><F26/><W38/><G38/><T89/><D89/><U40/><E110/><V100/><F100/><W52/><G3/><T34/><D34/><U6/><E6/><V114/><F114/><W48/><G1/><T90/><D90/><U118/><E118/><V126/><F126/><W54/><G56/><T23/><D23/><AGARI ba="2,0" hai="17,23,24,25,27,80,81,82" m="52719,51242" machi="23" ten="30,1000,0" yaku="20,1" doraHai="127" who="2" fromWho="0" sc="170,-16,220,0,202,16,408,0" owari="154,-34.6,220,2.0,218,-18.2,408,50.8" /></mjloggm>