<mjloggm ver="2.3"><GO type="169" lobby="0"/><UN n0="%53%6F%6C%69%64" n1="%41%72%69%61" n2="%E9%9B%AA%E3%81%AE%E8%8F%AF" n3="%E3%81%9F%E3%81%8F%E3%81%98%E3%82%8D%E3%81%86" dan="17,16,16,18" rate="2169.16,2173.63,2117.44,2146.15" sx="M,F,F,M"/><TAIKYOKU oya="0"/><INIT seed="0,0,0,3,3,72" ten="250,250,250,250" oya="0" hai0="54,75,85,121,31,98,22,96,51,2,100,83,27" hai1="32,91,58,110,94,23,59,116,132,52,61,119,82" hai2="21,93,30,62,92,33,122,134,124,102,53,109,106" hai3="105,115,47,7,88,70,81,87,40,131,17,128,99"/><T4/><D121/><U38/><E32/><V56/><F122/><W42/><G115/><T44/><D75/><U86/><E38/><V71/><F109/><W68/><G7/><T6/><D2/><U28/><E110/><V43/><F124/><W101/><G17/><T78/><REACH who="0" step="1"/><D96/><REACH who="0" ten="240,250,250,250" step="2"/><U41/><E119/><V76/><F134/><W118/><G118/><T66/><D66/><U19/><E132/><V15/><F106/><AGARI ba="0,1" hai="4,6,22,27,31,44,51,54,78,83,85,98,100,106" machi="106" ten="30,5800,0" yaku="1,1,7,1,52,1,53,0" doraHai="72" doraHaiUra="8" who="0" fromWho="2" sc="240,68,250,0,250,-58,250,0" /><INIT seed="0,1,0,4,1,70" ten="308,250,192,250" oya="0" hai0="45,95,102,89,1,43,120,83,6,125,108,58,77" hai1="67,93,90,121,12,33,39,16,7,42,32,132,50" hai2="126,49,127,116,9,66,53,31,130,63,24,52,101" hai3="128,28,109,46,14,78,99,3,65,112,94,80,124"/><T34/><D120/><U22/><E121/><V129/><F101/><W135/><G3/><T8/><D34/><U81/><E132/><V37/><F9/><W4/><G112/><T104/><D125/><N who="2" m="47626" /><F116/><W96/><G124/><T72/><D108/><U115/><E115/><V113/><F113/><W54/><G109/><T79/><D79/><U21/><E67/><V57/><F37/><W29/><G65/><T123/><D123/><U44/><E7/><V5/><F5/><W133/><G128/><N who="2" m="49257" /><F49/><N who="3" m="28983" /><G14/><T131/><D131/><U17/><E81/><V64/><F64/><W13/><G13/><T76/><D76/><U41/><E41/><V68/><F68/><W88/><G99/><T82/><D82/><U10/><E50/><V110/><F110/><W23/><G23/><AGARI ba="1,0" hai="23,24,31,52,53,57,63,66" m="49257,47626" machi="23" ten="30,3900,0" yaku="18,1,19,1,54,1" doraHai="70" who="2" fromWho="3" sc="308,0,250,0,192,42,250,-42" /><INIT seed="1,0,0,3,3,5" ten="308,250,234,208" oya="1" hai0="6,120,20,2,78,90,30,35,13,67,77,99,1" hai1="66,89,80,62,60,0,95,31,71,64,124,52,126" hai2="11,119,86,121,98,96,26,21,73,8,40,23,76" hai3="56,65,51,9,68,12,61,43,42,91,15,47,84"/><U27/><E0/><V100/><F119/><W116/><G116/><T14/><D120/><U69/><E80/><N who="2" m="47367" /><F73/><W122/><G122/><T17/><D67/><U82/><E82/><V57/><F121/><W132/><G132/><T88/><D14/><U54/><E126/><V83/><F83/><N who="3" m="49567" /><G68/><T127/><D127/><U115/><E115/><V107/><F107/><W105/><G105/><T19/><D19/><U29/><E124/><V129/><F40/><N who="3" m="25063" /><G15/><T22/><D22/><N who="2" m="8202" /><F129/><W48/><G48/><T125/><D125/><U104/><E104/><V103/><F57/><W118/><G118/><T109/><D2/><U110/><E110/><V74/><F26/><W59/><G59/><T111/><D111/><U25/><E89/><N who="0" m="34409" /><D109/><U85/><E85/><V7/><F74/><W37/><G37/><T131/><D131/><U108/><REACH who="1" step="1"/><E108/><REACH who="1" ten="308,240,234,208" step="2"/><V58/><F103/><W87/><G87/><T36/><D99/><U106/><E106/><V18/><F100/><W24/><G24/><N who="0" m="18887" /><D36/><U135/><E135/><V117/><F117/><W94/><G94/><AGARI ba="0,1" hai="25,27,29,31,52,54,60,62,64,66,69,71,94,95" machi="94" ten="25,9600,0" yaku="1,1,22,2,54,1,53,0" doraHai="5" doraHaiUra="46" who="1" fromWho="3" sc="308,0,240,106,234,0,208,-96" /><INIT seed="1,1,0,2,5,129" ten="308,346,234,112" oya="1" hai0="122,14,113,22,92,32,31,108,116,124,19,72,18" hai1="120,80,66,5,117,38,10,107,17,4,62,127,89" hai2="48,84,39,71,104,134,54,55,7,78,123,42,98" hai3="6,131,105,27,114,86,101,128,24,26,64,93,110"/><U28/><E120/><V61/><F123/><W25/><G114/><T43/><D72/><U118/><E38/><V52/><F134/><W109/><N who="3" m="6144" /><DORA hai="41" /><W56/><G6/><T82/><D122/><U81/><E107/><V130/><F130/><N who="3" m="49707" /><G105/><T95/><D113/><U91/><E28/><V85/><F7/><W106/><G106/><T88/><D116/><U0/><E127/><V12/><F12/><W133/><G133/><T30/><D124/><U90/><E17/><V100/><F39/><W40/><G40/><T3/><D3/><U99/><E99/><V2/><F2/><W46/><G46/><T20/><D108/><N who="3" m="41577" /><G101/><T51/><D43/><U58/><E4/><V45/><REACH who="2" step="1"/><F78/><REACH who="2" ten="308,346,224,112" step="2"/><W44/><G44/><T115/><D115/><U97/><E0/><V74/><F74/><W49/><G64/><AGARI ba="1,1" hai="42,45,48,52,54,55,61,64,71,84,85,98,100,104" machi="64" ten="40,8000,1" yaku="1,1,52,1,54,1,53,1" doraHai="129,41" doraHaiUra="21,67" who="2" fromWho="3" sc="308,0,346,0,224,93,112,-83" /><INIT seed="2,0,0,2,2,45" ten="308,346,317,29" oya="2" hai0="56,96,88,127,134,62,87,55,35,59,17,83,51" hai1="114,77,39,15,0,99,95,82,14,91,24,90,76" hai2="115,128,29,92,132,85,75,4,70,36,44,110,72" hai3="23,105,49,9,80,129,48,100,38,37,84,34,53"/><V124/><F115/><W104/><G34/><T65/><D127/><U103/><E0/><V32/><F70/><W130/><G9/><T98/><D35/><U40/><E114/><V102/><F124/><W31/><G31/><T125/><D125/><U116/><E116/><V18/><F128/><N who="3" m="49259" /><G23/><T27/><D134/><U86/><E39/><N who="3" m="14858" /><G53/><T109/><D109/><U66/><E40/><V111/><F32/><W123/><G123/><T8/><D27/><U42/><E42/><N who="2" m="22599" /><F29/><W43/><G43/><T122/><D122/><U118/><E24/><V73/><F4/><W81/><G100/><T64/><D64/><U12/><E66/><V6/><F6/><W7/><G7/><T47/><D59/><U16/><E118/><V119/><F119/><W33/><G33/><T67/><D67/><U19/><E103/><V60/><F102/><W22/><G22/><T74/><D74/><U101/><E101/><V89/><F18/><AGARI ba="0,0" hai="12,14,15,16,18,19,76,77,82,86,90,91,95,99" machi="18" ten="40,2600,0" yaku="8,1,54,1" doraHai="45" who="1" fromWho="2" sc="308,0,346,26,317,-26,29,0" /><INIT seed="3,0,0,5,0,19" ten="308,372,291,29" oya="3" hai0="104,133,67,103,39,31,89,44,46,59,64,124,85" hai1="6,54,97,14,29,80,42,16,1,7,24,62,123" hai2="102,109,28,101,105,48,88,121,3,71,8,119,23" hai3="79,131,68,34,11,40,49,90,93,66,125,53,98"/><W32/><G40/><T60/><D124/><U87/><E123/><V135/><F119/><W118/><G118/><T126/><D126/><U57/><E1/><V36/><F36/><W127/><G131/><T134/><D31/><U86/><E42/><V73/><F109/><W65/><G79/><T45/><D103/><U122/><E122/><V5/><F121/><W30/><G127/><T27/><D104/><U132/><E132/><N who="0" m="50793" /><D27/><U75/><E75/><V51/><F73/><W117/><G117/><T56/><D89/><U100/><E87/><V20/><F71/><W4/><G125/><T58/><D85/><U72/><E29/><V82/><F105/><W50/><G50/><N who="2" m="18985" /><F135/><W2/><G30/><T33/><D33/><U108/><E24/><V114/><F3/><W38/><G38/><T17/><D17/><U129/><E108/><V15/><F114/><W70/><G70/><N who="0" m="42247" /><D39/><U9/><E72/><V78/><F78/><W130/><G130/><T35/><D35/><U47/><E6/><V22/><F28/><W76/><G76/><T55/><D67/><U13/><E7/><V84/><AGARI ba="0,0" hai="5,8,15,20,22,23,82,84,88,101,102" m="18985" machi="84" ten="30,8000,1" yaku="8,1,52,3,54,1" doraHai="19" who="2" fromWho="2" sc="308,-20,372,-20,291,80,29,-40" owari="288,-11.2,352,15.2,371,47.1,-11,-51.1" /></mjloggm>