<mjloggm ver="2.3"><GO type="169" lobby="0"/><UN n0="%E3%83%96%E3%83%BC%E3%83%93%E3%83%BC" n1="%73%61%69%63%68%61%6E%7A" n2="%75%79%61%6D%61" n3="%E3%81%A1%E3%82%83%E3%81%B0%E3%82%8A%E3%83%BC%E3%82%84" dan="16,16,17,16" rate="2207.78,2129.66,2113.15,2119.49" sx="M,M,M,M"/><TAIKYOKU oya="0"/><INIT seed="0,0,0,4,0,74" ten="250,250,250,250" oya="0" hai0="88,75,83,102,110,11,46,113,70,97,115,32,2" hai1="94,52,26,30,61,123,23,25,72,24,39,89,111" hai2="14,16,8,81,98,21,107,66,57,95,28,38,63" hai3="41,119,59,96,53,54,37,92,50,77,42,35,101"/><T73/><D32/><U64/><E123/><V18/><F38/><W7/><G119/><T104/><D70/><U10/><E111/><V48/><F107/><W3/><G35/><T79/><D110/><U76/><E39/><V60/><F48/><W45/><G37/><T31/><D31/><U126/><E126/><V43/><F43/><W12/><G3/><T22/><D75/><U19/><E10/><V40/><F40/><W103/><G103/><T128/><D128/><U108/><E108/><V65/><F28/><W134/><G134/><T20/><D46/><U99/><E30/><V29/><F29/><W86/><G12/><T15/><D2/><U44/><E64/><V135/><F81/><N who="3" m="47407" /><G7/><T105/><D104/><U125/><E125/><V109/><F135/><W27/><G27/><T49/><D49/><AGARI ba="0,0" hai="41,42,45,49,50,53,54,59,92,96,101" m="47407" machi="49" ten="30,2000,0" yaku="8,1,52,1" doraHai="74" who="3" fromWho="0" sc="250,-20,250,0,250,0,250,20" /><INIT seed="1,0,0,4,3,128" ten="230,250,250,270" oya="1" hai0="118,28,134,115,61,79,124,91,48,43,51,135,12" hai1="55,8,31,60,92,88,39,94,102,67,5,99,44" hai2="81,108,33,120,6,56,23,37,57,41,93,83,133" hai3="76,78,100,119,130,16,71,80,17,38,46,103,49"/><U125/><E125/><V98/><F120/><W84/><G130/><T53/><D115/><U13/><E31/><V50/><F33/><W2/><G38/><T22/><D118/><U82/><E82/><V40/><F37/><W19/><G119/><T129/><D129/><U35/><E35/><V52/><F108/><W7/><G71/><T123/><D79/><U18/><E5/><V95/><F6/><W89/><G2/><T20/><D123/><U97/><E39/><V34/><F34/><W65/><G65/><T64/><D124/><U105/><E105/><V66/><F23/><W10/><G78/><T104/><D104/><U47/><REACH who="1" step="1"/><E55/><REACH who="1" ten="230,240,250,270" step="2"/><V106/><F106/><W107/><G107/><T68/><D43/><U87/><E87/><V42/><F81/><W27/><G27/><T14/><D28/><U70/><AGARI ba="0,1" hai="8,13,18,44,47,60,67,70,88,92,94,97,99,102" machi="70" ten="20,7800,0" yaku="1,1,0,1,7,1,54,1,53,0" doraHai="128" doraHaiUra="32" who="1" fromWho="1" sc="230,-26,240,88,250,-26,270,-26" /><INIT seed="1,1,0,1,3,84" ten="204,328,224,244" oya="1" hai0="11,63,95,13,88,35,80,83,74,98,40,26,108" hai1="7,116,15,34,50,85,38,78,0,45,8,12,86" hai2="44,101,29,103,77,5,114,37,79,129,31,130,94" hai3="42,18,43,111,92,68,122,21,93,126,3,123,55"/><U65/><E116/><V135/><F5/><W24/><G111/><T1/><D108/><U64/><E38/><V76/><F135/><W16/><G126/><T41/><D1/><U109/><E109/><V128/><F114/><W118/><G118/><T110/><D63/><U25/><E0/><V66/><F66/><W9/><G68/><T97/><D110/><U119/><E119/><V131/><N who="2" m="32768" /><DORA hai="72" /><V132/><F132/><W27/><G55/><T47/><D98/><U99/><E99/><N who="2" m="59639" /><F103/><W62/><G62/><T10/><D74/><U59/><E86/><V70/><F70/><W91/><G3/><T69/><D69/><U28/><E15/><V117/><F117/><W6/><G6/><T104/><D104/><U20/><E34/><V87/><F87/><W89/><REACH who="3" step="1"/><G21/><REACH who="3" ten="204,328,224,234" step="2"/><T32/><D32/><U53/><E64/><V105/><F105/><W134/><G134/><T17/><D35/><U96/><E65/><V60/><F60/><W133/><G133/><T121/><D11/><AGARI ba="1,1" hai="9,11,16,18,24,27,42,43,89,91,92,93,122,123" machi="11" ten="25,16000,3" yaku="1,1,22,2,52,2,54,1,53,2" doraHai="84,72" doraHaiUra="39,49" who="3" fromWho="0" sc="204,-163,328,0,224,0,234,173" /><INIT seed="2,0,0,0,0,100" ten="41,328,224,407" oya="2" hai0="61,5,42,35,89,43,101,123,3,110,23,41,31" hai1="121,62,2,40,118,125,14,111,6,107,36,94,63" hai2="32,92,127,13,11,134,17,126,132,34,55,1,33" hai3="26,38,83,56,48,122,114,88,76,105,8,73,28"/><V71/><F55/><W75/><G122/><T106/><D123/><U78/><E121/><V65/><F65/><W46/><G114/><T108/><D35/><U19/><E118/><V25/><F71/><W82/><G105/><T96/><D89/><U117/><E117/><V47/><F47/><W12/><G38/><T87/><D87/><U60/><E107/><V129/><F92/><W133/><G56/><T44/><D44/><U52/><E111/><V45/><F45/><W119/><G133/><N who="2" m="51305" /><F1/><W113/><G113/><T66/><D5/><U58/><E36/><V15/><F129/><W57/><G57/><T0/><D0/><U99/><E40/><V51/><F51/><W27/><G119/><T135/><D3/><U10/><E78/><V130/><F130/><W74/><G83/><T20/><D135/><U69/><E69/><V97/><F97/><W98/><G98/><T104/><D104/><U9/><E94/><V4/><F25/><W7/><G27/><T91/><D91/><U80/><E80/><V21/><AGARI ba="0,0" hai="4,11,13,15,17,21,32,33,34,126,127" m="51305" machi="21" ten="40,7800,0" yaku="20,1,34,2" doraHai="100" who="2" fromWho="2" sc="41,-26,328,-26,224,78,407,-26" /><INIT seed="2,1,0,5,0,36" ten="15,302,302,381" oya="2" hai0="41,30,85,98,116,14,131,95,10,117,78,37,87" hai1="8,110,103,29,63,47,59,16,128,52,5,0,101" hai2="120,90,114,35,28,71,4,92,69,108,82,48,74" hai3="53,27,107,70,57,91,125,33,118,97,84,9,132"/><V121/><F114/><W15/><G118/><N who="0" m="45675" /><D131/><U42/><E110/><V127/><F108/><W68/><G125/><T135/><D135/><U32/><E128/><V122/><F127/><W26/><G132/><T21/><D78/><U58/><E58/><V60/><F4/><W96/><G33/><T34/><D34/><U40/><E16/><V49/><F74/><W129/><G129/><T75/><D75/><U55/><E55/><V38/><F38/><W102/><G97/><T111/><D111/><U81/><E81/><V18/><F82/><W105/><G27/><N who="0" m="16751" /><D37/><U25/><REACH who="1" step="1"/><E47/><REACH who="1" ten="15,292,302,381" step="2"/><V46/><F18/><W65/><G53/><T113/><D113/><U86/><E86/><V23/><F46/><W13/><G57/><T76/><D76/><U19/><E19/><V12/><F71/><W43/><G68/><T11/><D41/><AGARI ba="1,1" hai="0,5,8,25,29,32,40,41,42,52,59,63,101,103" machi="41" ten="40,8000,1" yaku="1,1,52,3,54,1,53,0" doraHai="36" doraHaiUra="134" who="1" fromWho="0" sc="15,-83,292,93,302,0,381,0" owari="-68,-56.8,385,48.5,302,-9.8,381,18.1" /></mjloggm>