<mjloggm ver="2.3"><GO type="169" lobby="0"/><UN n0="%E3%82%B5%E3%83%AF%E3%83%B3%E3%82%B3%E3%83%95" n1="%E3%81%97%E3%82%87%E3%81%BC%E3%82%93%EF%BD%8E" n2="%E6%96%B0%E6%9C%88%E9%97%87%E9%9F%B3" n3="%E3%82%82%E3%81%BF%E3%81%95%E3%81%92" dan="16,17,17,16" rate="2207.03,2263.12,2168.55,2146.43" sx="M,M,M,M"/><TAIKYOKU oya="0"/><INIT seed="0,0,0,4,5,19" ten="250,250,250,250" oya="0" hai0="94,32,90,123,117,118,77,3,133,72,1,127,106" hai1="79,99,119,102,38,100,114,125,46,37,121,16,91" hai2="85,86,7,73,20,130,52,101,21,23,92,95,111" hai3="122,53,103,81,56,24,112,33,11,87,22,5,109"/><T69/><RYUUKYOKU type="yao9" ba="0,0" sc="250,0,250,0,250,0,250,0" hai0="1,3,32,69,72,77,90,94,106,117,118,123,127,133" /><INIT seed="0,1,0,3,4,110" ten="250,250,250,250" oya="0" hai0="60,35,20,74,112,131,109,79,5,7,29,106,126" hai1="66,2,47,134,12,133,132,89,3,125,117,9,65" hai2="73,0,51,76,122,82,32,1,124,43,45,69,91" hai3="49,128,10,90,135,46,25,64,13,113,38,121,24"/><T62/><D35/><U68/><E117/><V72/><F122/><W104/><G104/><T116/><D116/><U57/><E125/><V14/><F124/><W19/><G38/><T17/><D126/><U55/><E68/><V36/><F69/><W95/><G128/><T115/><D106/><U61/><E89/><V37/><F32/><W94/><G121/><T86/><D74/><U21/><E21/><V101/><F101/><W6/><G135/><T120/><D29/><U127/><E127/><V78/><F91/><W48/><G64/><N who="1" m="24682" /><E47/><V63/><F63/><W56/><G95/><T52/><D120/><U22/><E22/><V103/><F103/><W53/><G6/><AGARI ba="1,0" hai="2,3,6,9,12,55,57,61,132,133,134" m="24682" machi="6" ten="30,1000,0" yaku="20,1" doraHai="110" who="1" fromWho="3" sc="250,0,250,13,250,0,250,-13" /><INIT seed="1,0,0,5,4,63" ten="250,263,250,237" oya="1" hai0="4,48,56,24,45,8,90,110,109,53,108,81,131" hai1="9,101,103,87,14,114,15,7,125,10,95,42,23" hai2="57,18,51,34,123,69,113,5,3,88,49,21,11" hai3="62,44,86,127,6,132,115,98,99,41,74,106,120"/><U96/><E125/><V72/><F123/><W76/><G120/><T82/><D131/><U67/><E114/><V39/><F72/><W121/><G121/><T111/><N who="0" m="27648" /><DORA hai="27" /><T97/><D24/><U47/><E23/><V25/><F39/><W77/><G74/><T32/><D32/><U64/><E87/><V102/><F69/><W112/><G6/><T43/><D97/><U50/><REACH who="1" step="1"/><E103/><REACH who="1" ten="250,253,250,237" step="2"/><V79/><F102/><W65/><G86/><T1/><REACH who="0" step="1"/><D90/><REACH who="0" ten="240,253,250,237" step="2"/><U0/><E0/><V91/><F88/><W28/><G115/><T93/><D93/><U100/><E100/><V55/><F91/><W2/><G112/><T29/><D29/><U83/><E83/><V30/><F113/><W60/><G28/><T12/><D12/><U117/><E117/><V61/><F79/><W73/><G77/><T130/><D130/><U104/><E104/><V116/><REACH who="2" step="1"/><F116/><REACH who="2" ten="240,253,240,237" step="2"/><W133/><G76/><T13/><D13/><AGARI ba="0,3" hai="3,5,11,13,18,21,25,30,34,49,51,55,57,61" machi="13" ten="30,12000,2" yaku="1,1,2,1,7,1,24,2,52,1,53,0" doraHai="63,27" doraHaiUra="78,71" who="2" fromWho="0" sc="240,-120,253,0,240,150,237,0" /><INIT seed="2,0,0,2,5,78" ten="120,253,390,237" oya="2" hai0="73,108,19,125,66,56,0,98,63,74,86,95,43" hai1="106,82,48,32,25,12,85,67,1,107,30,28,102" hai2="3,132,69,11,29,110,42,65,35,81,109,57,75" hai3="9,80,16,39,2,84,76,36,7,115,128,119,5"/><V60/><F132/><W61/><G119/><T64/><D108/><N who="2" m="41578" /><F42/><W93/><G128/><T40/><D125/><U62/><E1/><V37/><F57/><W26/><G5/><T17/><D0/><U89/><E28/><V13/><F37/><W88/><G61/><T97/><D86/><U124/><E124/><V129/><F129/><W87/><REACH who="3" step="1"/><G115/><REACH who="3" ten="120,253,390,227" step="2"/><T120/><D63/><U21/><E62/><V55/><F3/><W105/><G105/><T77/><D120/><U6/><E6/><N who="2" m="3319" /><F55/><W31/><G31/><T130/><D130/><U134/><E30/><V33/><F29/><W70/><G70/><T14/><D66/><U133/><E67/><V15/><F15/><W38/><G38/><T18/><D14/><U103/><E12/><V131/><F131/><W135/><G135/><T51/><D64/><U54/><E134/><V114/><F114/><W20/><AGARI ba="0,1" hai="2,7,9,16,20,26,36,39,76,80,84,87,88,93" machi="20" ten="30,12000,2" yaku="1,1,0,1,52,1,54,2,53,1" doraHai="78" doraHaiUra="91" who="3" fromWho="3" sc="120,-30,253,-30,390,-60,227,130" /><INIT seed="3,0,0,4,1,54" ten="90,223,330,357" oya="3" hai0="70,113,131,94,104,10,45,17,29,135,9,118,66" hai1="26,28,3,56,92,30,78,76,99,1,126,74,6" hai2="121,22,31,97,46,85,13,60,129,128,102,114,57" hai3="34,109,51,103,100,87,2,98,21,19,68,14,80"/><W106/><G2/><T123/><D118/><U84/><E74/><V27/><F114/><W108/><G34/><T62/><D123/><U130/><E130/><N who="2" m="50283" /><F121/><W119/><G119/><T24/><D131/><U95/><E126/><V72/><F72/><W61/><G100/><T32/><D113/><U58/><E84/><V115/><F115/><W37/><G37/><T4/><D135/><U122/><E122/><V77/><F46/><W50/><G68/><T71/><D94/><U12/><E12/><V107/><F13/><W63/><G51/><T101/><D17/><U49/><E49/><V134/><F134/><W52/><G108/><T43/><D71/><U79/><E6/><V86/><F77/><W64/><G64/><AGARI ba="0,0" hai="22,27,31,57,60,64,85,86,97,102,107" m="50283" machi="64" ten="30,2000,0" yaku="19,1,52,1" doraHai="54" who="2" fromWho="3" sc="90,0,223,0,330,20,357,-20" /><INIT seed="4,0,0,3,5,34" ten="90,223,350,337" oya="0" hai0="78,88,118,66,120,44,116,17,127,98,39,106,1" hai1="111,14,89,90,114,5,68,109,63,93,126,26,0" hai2="99,24,133,49,23,82,64,84,32,2,7,40,12" hai3="125,58,35,76,119,3,45,37,33,4,62,103,48"/><T124/><D78/><U67/><E126/><N who="0" m="48169" /><D120/><U8/><E114/><V28/><F133/><W71/><G119/><N who="0" m="45611" /><D66/><U74/><E74/><V73/><F73/><W9/><G125/><T100/><D17/><U92/><E26/><V95/><F64/><W25/><G71/><T132/><D132/><U96/><REACH who="1" step="1"/><E14/><REACH who="1" ten="90,213,350,337" step="2"/><V41/><F12/><W97/><G25/><T38/><D44/><U128/><E128/><V29/><F24/><W50/><G76/><T53/><D53/><U56/><E56/><V57/><F57/><W18/><G58/><T130/><D130/><U30/><E30/><V61/><F29/><W123/><G123/><T10/><D88/><U80/><E80/><V69/><F82/><W51/><G45/><T86/><D86/><AGARI ba="0,1" hai="0,5,8,63,67,68,86,89,90,92,93,96,109,111" machi="86" ten="30,3900,0" yaku="1,1,7,1,52,1,53,0" doraHai="34" doraHaiUra="108" who="1" fromWho="0" sc="90,-39,213,49,350,0,337,0" /><INIT seed="5,0,0,0,1,92" ten="51,262,350,337" oya="1" hai0="65,78,32,62,61,72,133,14,9,2,68,70,122" hai1="101,118,110,87,88,11,127,66,69,19,7,10,59" hai2="90,64,111,26,13,98,113,39,18,21,123,79,46" hai3="30,6,103,82,94,12,23,8,102,50,74,132,54"/><U29/><E118/><V53/><F111/><W93/><G74/><T125/><D125/><U20/><E127/><V96/><F123/><W57/><G82/><T95/><D133/><U31/><E69/><V44/><F113/><W107/><G132/><T38/><D122/><U60/><E110/><V43/><F64/><W25/><G107/><T81/><D32/><U3/><E101/><AGARI ba="0,0" hai="6,8,12,23,25,30,50,54,57,93,94,101,102,103" machi="101" ten="40,1300,0" yaku="8,1" doraHai="92" who="3" fromWho="1" sc="51,0,262,-13,350,0,337,13" /><INIT seed="6,0,0,3,0,23" ten="51,249,350,350" oya="2" hai0="29,60,129,78,120,56,131,76,86,114,41,37,126" hai1="134,118,57,69,58,12,3,119,87,1,133,7,52" hai2="10,125,15,122,117,105,28,59,61,98,130,75,0" hai3="74,17,30,108,40,72,97,110,112,43,34,83,90"/><V91/><F122/><W82/><G17/><T49/><D120/><U99/><E69/><V79/><F117/><W46/><G112/><T67/><D114/><U63/><E12/><V92/><F130/><W106/><G43/><T93/><D37/><U48/><E87/><V132/><F132/><N who="1" m="50793" /><E99/><V103/><F125/><W55/><G55/><T16/><D126/><U64/><E7/><V32/><F0/><W44/><G44/><T95/><D29/><U47/><E1/><V11/><F79/><W85/><G83/><T68/><D68/><N who="1" m="42015" /><E3/><V94/><F75/><W9/><G9/><T6/><D6/><U100/><E100/><V14/><F14/><W113/><G113/><T84/><D41/><N who="1" m="24687" /><E58/><V42/><F105/><W50/><G74/><T102/><D102/><U27/><E27/><V4/><F10/><W65/><G72/><T24/><D49/><U36/><E36/><V127/><F127/><W101/><REACH who="3" step="1"/><G65/><REACH who="3" ten="51,249,350,340" step="2"/><T88/><D129/><U121/><E121/><V21/><F42/><W38/><G38/><T77/><D131/><U54/><E54/><N who="2" m="34039" /><F32/><W22/><G22/><N who="0" m="13383" /><D86/><U71/><E71/><V33/><F33/><W135/><G135/><T116/><D116/><U89/><E89/><V5/><F5/><W124/><G124/><T115/><D115/><U62/><AGARI ba="0,1" hai="52,57,62,118,119" m="24687,42015,50793" machi="62" ten="30,7900,0" yaku="20,1,34,2,54,1" doraHai="23" who="1" fromWho="1" sc="51,-20,249,89,350,-39,340,-20" /><INIT seed="7,0,0,3,5,46" ten="31,338,311,320" oya="3" hai0="38,42,54,11,65,40,28,126,4,123,129,17,131" hai1="47,96,23,84,132,57,90,33,94,86,79,75,62" hai2="98,128,69,5,35,59,13,93,16,41,130,18,3" hai3="10,22,82,30,52,49,39,95,110,19,135,20,72"/><W14/><G39/><T2/><D17/><U50/><E33/><V80/><F69/><W103/><G30/><T87/><D87/><U115/><E115/><V100/><F35/><W106/><G106/><T0/><D54/><N who="1" m="34103" /><E75/><V8/><F41/><W45/><G135/><T104/><D65/><U44/><E132/><V114/><F114/><W83/><G110/><T89/><D89/><U51/><E79/><V133/><F133/><W27/><G72/><T56/><D56/><U99/><E84/><V120/><F120/><W31/><G10/><T109/><D28/><U66/><E66/><V117/><F117/><W101/><G95/><T37/><D11/><U1/><E1/><V34/><F34/><W127/><G127/><T97/><D4/><U70/><E70/><V63/><F80/><AGARI ba="0,0" hai="14,19,20,22,27,31,45,49,52,80,82,83,101,103" machi="80" ten="40,7700,0" yaku="8,1,52,1,54,1" doraHai="46" who="3" fromWho="2" sc="31,0,338,0,311,-77,320,77" owari="31,-46.9,338,13.8,234,-16.6,397,49.7" /></mjloggm>