<mjloggm ver="2.3"><GO type="169" lobby="0"/><UN n0="%E3%81%9D%E3%82%93%E3%81%97%E6%A7%98" n1="%64%69%76%61" n2="%E8%80%81%E6%A5%BD" n3="%E7%BD%AA%E5%88%91%E6%B3%95%E5%AE%9A%E4%B8%BB%E7%BE%A9" dan="17,16,17,17" rate="2223.02,2053.07,2228.64,2234.65" sx="M,M,M,M"/><TAIKYOKU oya="0"/><INIT seed="0,0,0,3,2,128" ten="250,250,250,250" oya="0" hai0="117,22,56,15,83,110,4,77,2,34,50,66,94" hai1="133,79,52,90,6,129,119,0,132,70,24,62,87" hai2="31,73,21,101,122,116,60,100,27,121,1,42,30" hai3="38,105,26,124,76,113,13,127,92,91,17,102,59"/><T51/><D117/><U49/><E129/><V18/><F73/><W99/><G113/><T72/><D34/><U37/><E37/><V28/><F42/><W40/><G76/><T88/><D2/><U5/><E79/><V118/><F60/><W82/><G82/><T7/><D110/><U108/><E108/><V68/><F68/><W12/><G38/><T44/><D66/><N who="1" m="41303" /><E24/><V57/><F57/><W53/><G40/><T112/><D112/><U89/><E89/><V25/><F1/><W8/><G13/><T93/><D93/><U104/><E104/><V134/><F134/><N who="1" m="51817" /><E0/><V115/><F115/><W3/><G3/><T19/><D56/><N who="1" m="32783" /><E119/><N who="2" m="45611" /><F27/><W69/><G26/><T135/><D135/><U80/><AGARI ba="0,0" hai="5,6,80,87,90" m="32783,51817,41303" machi="80" ten="30,8000,1" yaku="20,1,52,3,54,1" doraHai="128" who="1" fromWho="1" sc="250,-40,250,80,250,-20,250,-20" /><INIT seed="1,0,0,1,4,88" ten="210,330,230,230" oya="1" hai0="74,70,15,133,47,99,96,24,19,131,129,31,32" hai1="128,43,62,67,107,105,37,54,106,100,46,77,121" hai2="101,124,53,49,104,130,112,18,33,22,27,109,111" hai3="118,64,103,40,75,113,38,57,28,17,1,21,7"/><U25/><E121/><V78/><F124/><W45/><G113/><T90/><D133/><U93/><E128/><N who="0" m="49225" /><D70/><U125/><E125/><V8/><F130/><W29/><G75/><T0/><D0/><U13/><E77/><V56/><F112/><W132/><G132/><T86/><D47/><U94/><E54/><V41/><F78/><W14/><G118/><T36/><D36/><U120/><E100/><V50/><F33/><W16/><G103/><T44/><D44/><U135/><E135/><V114/><F114/><W84/><G17/><T73/><D73/><U69/><E120/><V117/><F117/><W35/><G35/><T12/><D12/><U87/><E87/><V20/><F8/><W59/><G1/><T42/><D42/><U4/><REACH who="1" step="1"/><E25/><REACH who="1" ten="210,320,230,230" step="2"/><V91/><F101/><W9/><G84/><T115/><D115/><U34/><E34/><V80/><F27/><W82/><G64/><T116/><D116/><U134/><E134/><V126/><F53/><W48/><G40/><T108/><D74/><U92/><E92/><V66/><F126/><W71/><G82/><N who="0" m="49495" /><D108/><U6/><E6/><V23/><F109/><W76/><G7/><T95/><D95/><U119/><E119/><V26/><F111/><W61/><G76/><T10/><AGARI ba="0,1" hai="10,15,19,24,31,32,96,99" m="49495,49225" machi="10" ten="30,1100,0" yaku="19,1" doraHai="88" who="0" fromWho="0" sc="210,21,320,-5,230,-3,230,-3" /><INIT seed="2,0,0,1,5,132" ten="231,315,227,227" oya="2" hai0="15,21,133,129,127,123,34,7,119,89,104,81,99" hai1="79,105,70,0,44,97,23,16,122,31,103,82,121" hai2="91,17,77,24,96,28,14,62,18,116,98,40,107" hai3="56,5,54,47,93,61,25,13,68,27,53,6,37"/><V125/><F116/><W88/><G68/><T100/><D123/><N who="1" m="47115" /><E0/><V76/><F40/><W8/><G6/><T95/><D133/><U46/><E70/><V11/><F125/><W113/><G113/><T110/><D34/><U63/><E31/><V32/><F98/><W83/><G83/><T39/><D39/><U124/><E63/><V43/><F43/><W45/><G37/><T30/><D110/><U71/><E71/><V115/><F115/><W33/><G33/><T60/><D60/><U126/><E46/><N who="3" m="17418" /><G54/><T130/><D81/><U108/><E44/><V106/><F18/><W87/><AGARI ba="0,0" hai="5,8,13,25,27,53,56,61,87,88,93" m="17418" machi="87" ten="30,2000,0" yaku="8,1,54,1" doraHai="132" who="3" fromWho="3" sc="231,-5,315,-5,227,-10,227,20" /><INIT seed="3,0,0,5,0,52" ten="226,310,217,247" oya="3" hai0="103,72,37,135,129,66,57,54,84,85,0,19,33" hai1="87,50,114,119,65,59,127,9,2,115,5,94,110" hai2="112,12,69,113,36,81,61,23,106,25,91,48,124" hai3="13,88,22,131,70,30,62,73,108,41,63,32,67"/><W109/><G73/><T134/><D37/><U10/><E110/><N who="3" m="42602" /><G32/><T116/><D116/><U60/><E119/><V56/><F36/><W16/><G131/><T31/><D129/><U107/><E107/><V117/><F106/><W55/><G41/><T51/><D72/><U100/><E127/><V68/><F12/><W8/><G30/><T49/><D0/><U71/><E10/><V76/><F91/><W123/><G123/><T75/><D103/><U39/><E39/><V14/><F14/><W80/><G55/><N who="0" m="31983" /><D75/><U24/><E24/><V38/><F38/><W92/><G63/><T45/><D66/><U11/><E11/><V34/><F34/><W79/><G8/><T26/><D19/><U18/><E18/><V44/><F117/><W35/><G35/><T93/><D93/><U27/><E27/><V96/><F124/><W86/><G92/><T104/><D104/><U101/><E94/><V132/><F113/><W126/><G126/><T29/><D29/><U3/><E3/><V130/><F112/><W6/><G6/><T125/><D125/><U53/><E115/><V15/><F130/><W82/><G82/><T1/><D1/><U118/><E118/><V122/><F81/><W99/><G99/><T47/><D47/><U74/><E74/><V20/><F96/><W83/><G83/><T95/><D95/><U43/><E114/><V105/><F105/><W4/><G4/><T98/><D98/><U78/><E43/><V128/><F128/><W28/><G28/><T17/><D17/><U111/><E111/><V121/><F122/><W77/><AGARI ba="0,0" hai="13,16,22,62,67,70,77,79,80,86,88" m="42602" machi="77" ten="30,12000,1" yaku="5,1,14,1,10,1,54,2" doraHai="52" who="3" fromWho="3" sc="226,-40,310,-40,217,-40,247,120" /><INIT seed="3,1,0,0,5,67" ten="186,270,177,367" oya="3" hai0="132,15,65,71,127,49,108,83,19,82,124,95,17" hai1="113,23,119,4,24,105,125,48,40,32,34,74,64" hai2="29,33,90,114,70,77,10,8,1,106,50,73,44" hai3="80,100,53,61,37,118,27,130,131,109,47,75,81"/><W66/><G118/><T134/><D108/><U76/><E119/><V94/><F106/><W38/><G100/><T41/><D95/><U97/><E113/><V18/><F33/><W96/><G96/><T92/><D92/><U98/><E98/><V115/><F29/><W39/><G27/><T21/><D49/><U13/><E64/><V5/><F70/><W68/><G109/><T2/><D41/><U43/><E43/><V22/><F10/><W87/><G75/><T85/><D2/><U25/><E25/><V31/><F31/><W110/><G110/><T56/><D56/><U78/><E74/><V59/><F59/><W122/><G122/><T20/><D65/><U101/><E76/><V102/><F77/><W57/><G47/><T58/><D58/><U3/><E78/><V104/><F73/><W46/><G46/><T135/><D85/><U55/><E40/><V12/><F102/><W107/><G107/><T62/><D62/><U129/><E3/><V42/><REACH who="2" step="1"/><F104/><REACH who="2" ten="186,270,167,367" step="2"/><W72/><G72/><T6/><D71/><U51/><E32/><V79/><F79/><W133/><G133/><T52/><D6/><U26/><E34/><V103/><F103/><W117/><G117/><T99/><D134/><U35/><E35/><V91/><F91/><W54/><G68/><T0/><D135/><U60/><E4/><V116/><F116/><W121/><G57/><T120/><D132/><U30/><E101/><V16/><F16/><W36/><G131/><T88/><D19/><U11/><E129/><V45/><F45/><W14/><G130/><T111/><D111/><RYUUKYOKU ba="1,1" sc="186,-10,270,-10,167,30,367,-10" hai2="1,5,8,12,18,22,42,44,50,90,94,114,115" /><INIT seed="4,2,1,3,0,85" ten="176,260,197,357" oya="0" hai0="112,11,6,132,12,114,16,135,81,106,25,100,113" hai1="32,64,0,19,68,31,103,26,90,36,15,24,97" hai2="124,128,50,37,3,58,104,60,33,83,22,88,46" hai3="119,20,13,78,63,101,65,87,51,82,130,94,5"/><T27/><D81/><U116/><E116/><V55/><F33/><W84/><G119/><T21/><D106/><N who="1" m="63855" /><E36/><V61/><F104/><W102/><G130/><T75/><D100/><U89/><E24/><N who="0" m="9289" /><D75/><U131/><E0/><AGARI ba="2,1" hai="0,6,11,12,16,21,112,113,114,132,135" m="9289" machi="0" ten="40,12000,1" yaku="15,1,34,2,54,1" doraHai="85" who="0" fromWho="1" sc="176,136,260,-126,197,0,357,0" /><INIT seed="4,3,0,1,0,112" ten="312,134,197,357" oya="0" hai0="42,46,28,20,80,131,123,128,56,74,88,83,110" hai1="51,22,30,40,119,103,18,60,133,107,31,127,29" hai2="104,105,82,77,116,32,39,98,68,45,75,44,63" hai3="12,17,33,115,121,62,91,114,111,84,85,69,64"/><T57/><D123/><U122/><E122/><V54/><F45/><W101/><G121/><T38/><D110/><U66/><E133/><V59/><F32/><W19/><G111/><T71/><D71/><U52/><E127/><V92/><F68/><W36/><G36/><T14/><D74/><U24/><E40/><V117/><F44/><W102/><G33/><T58/><D14/><U99/><E66/><V35/><F35/><W3/><G3/><T9/><D9/><U97/><E60/><V47/><F47/><W126/><G126/><T37/><D37/><U134/><E99/><V100/><F39/><W72/><G72/><T95/><D20/><U21/><E134/><V2/><F2/><W86/><G91/><T1/><D28/><U106/><E106/><V79/><F79/><W27/><G27/><T23/><D23/><U5/><E5/><V90/><REACH who="2" step="1"/><F105/><REACH who="2" ten="312,134,187,357" step="2"/><W113/><REACH who="3" step="1"/><G19/><REACH who="3" ten="312,134,187,347" step="2"/><T41/><D1/><U50/><E18/><V48/><F48/><W108/><G108/><T94/><D41/><U67/><E51/><V55/><F55/><W4/><G4/><T13/><D42/><U130/><E50/><V25/><F25/><W125/><G125/><T118/><D38/><U34/><E52/><V132/><F132/><W96/><G96/><AGARI ba="3,2" hai="54,59,63,75,77,82,90,92,96,98,100,104,116,117" machi="96" ten="40,5200,0" yaku="1,1,52,2,53,0" doraHai="112" doraHaiUra="26" who="2" fromWho="3" sc="312,0,134,0,187,81,347,-61" /><INIT seed="5,0,0,1,4,118" ten="312,134,268,286" oya="1" hai0="100,95,104,3,36,65,6,69,32,97,63,75,42" hai1="106,23,109,5,21,62,57,14,33,1,131,114,119" hai2="102,66,101,47,25,0,108,87,60,84,85,83,77" hai3="7,37,12,59,111,45,94,105,51,40,71,11,123"/><U122/><E119/><V98/><F0/><W41/><G105/><T49/><D49/><U96/><E131/><V19/><F108/><W88/><G111/><T121/><D95/><U72/><E109/><V16/><F47/><W82/><G71/><T2/><D75/><U46/><E72/><V15/><F25/><W13/><G82/><T126/><D126/><U127/><E33/><V53/><F53/><W103/><G103/><T10/><D3/><U8/><E127/><V29/><F29/><W43/><G13/><T76/><D76/><U86/><E122/><V117/><F19/><W128/><G128/><T116/><D116/><U38/><E114/><V129/><F129/><W90/><G123/><T79/><D79/><U67/><E1/><V35/><F35/><W134/><G134/><T22/><D22/><U124/><E124/><V28/><F28/><W50/><G90/><T74/><D74/><U55/><E86/><V30/><F30/><W18/><G7/><T31/><D121/><U52/><E38/><V70/><F117/><W113/><G113/><T39/><D42/><U132/><E132/><V93/><F102/><W24/><G24/><AGARI ba="0,0" hai="2,6,10,24,31,32,36,39,63,65,69,97,100,104" machi="24" ten="40,8000,1" yaku="25,2,33,3" doraHai="118" who="0" fromWho="3" sc="312,80,134,0,268,0,286,-80" /><INIT seed="6,0,0,5,5,133" ten="392,134,268,206" oya="2" hai0="90,125,114,101,2,67,0,44,77,105,43,52,111" hai1="94,131,85,100,110,74,63,69,113,75,37,89,107" hai2="64,31,32,121,87,70,128,76,21,80,19,35,40" hai3="65,82,50,41,51,24,91,73,13,117,123,71,34"/><V38/><F121/><W95/><G117/><T129/><D111/><U26/><E37/><V116/><F116/><W88/><G123/><T86/><D67/><U12/><E110/><V5/><F5/><W36/><G36/><T79/><D52/><U68/><E113/><V9/><F9/><W112/><G112/><T132/><D132/><U8/><E131/><V96/><F31/><W66/><G71/><T130/><D101/><U81/><E26/><V58/><F70/><W120/><G120/><T54/><D54/><U55/><E55/><V46/><F128/><N who="0" m="49258" /><D125/><U28/><E28/><V99/><F99/><W47/><G34/><T20/><D20/><U109/><E109/><V118/><F96/><W61/><G24/><T119/><D105/><U108/><E108/><V16/><F19/><W39/><G66/><T93/><D114/><U56/><E107/><V6/><F6/><W33/><G33/><T122/><D119/><U27/><E100/><V126/><F126/><W45/><G45/><T3/><D122/><U49/><E49/><AGARI ba="0,0" hai="0,2,3,43,44,49,77,79,86,90,93" m="49258" machi="49" ten="40,1300,0" yaku="19,1" doraHai="133" who="0" fromWho="1" sc="392,13,134,-13,268,0,206,0" /><INIT seed="7,0,0,1,4,0" ten="405,121,268,206" oya="3" hai0="111,73,102,130,49,126,97,116,14,112,32,78,69" hai1="24,9,8,71,38,103,100,117,55,106,88,95,46" hai2="58,72,87,60,127,89,11,66,22,33,20,6,62" hai3="121,68,76,39,27,108,113,42,34,104,128,84,92"/><W134/><RYUUKYOKU type="yao9" ba="0,0" sc="405,0,121,0,268,0,206,0" hai3="27,34,39,42,68,76,84,92,104,108,113,121,128,134" /><INIT seed="7,1,0,3,5,54" ten="405,121,268,206" oya="3" hai0="132,39,114,123,115,103,117,40,49,52,71,111,15" hai1="11,92,79,129,37,45,67,60,13,133,116,101,29" hai2="59,47,36,120,44,72,23,66,70,84,32,62,48" hai3="104,126,106,9,110,73,14,112,105,91,2,57,19"/><W113/><G73/><T28/><D111/><U38/><E129/><V96/><F32/><W16/><G2/><T77/><D123/><U25/><E133/><V124/><F72/><W81/><G110/><T35/><D71/><U83/><E116/><V121/><F84/><N who="3" m="50575" /><G19/><T122/><D122/><U17/><E45/><V82/><F82/><W41/><G41/><T21/><D40/><U50/><E50/><V95/><F23/><W135/><G135/><T1/><D49/><U30/><E30/><V94/><F70/><W86/><G86/><T20/><D21/><U102/><E102/><V78/><F78/><W33/><G33/><T46/><D20/><U64/><E64/><V100/><F124/><W85/><G85/><T131/><D103/><U56/><E83/><V58/><F36/><W90/><G90/><T27/><D77/><U128/><E79/><V18/><F18/><W98/><G98/><T74/><D74/><U108/><E108/><V22/><F22/><W119/><G119/><T109/><D117/><U6/><E128/><V55/><F120/><W134/><G134/><T68/><D132/><U107/><E92/><N who="2" m="58375" /><F121/><W125/><G57/><T12/><D68/><U42/><E17/><V87/><F95/><W4/><G4/><T8/><D109/><U89/><E89/><AGARI ba="1,0" hai="44,47,48,55,58,59,62,66,87,89,94" m="58375" machi="89" ten="30,3900,0" yaku="8,1,52,2" doraHai="54" who="2" fromWho="1" sc="405,0,121,-42,268,42,206,0" owari="405,50.5,79,-42.1,310,11.0,206,-19.4" /></mjloggm>