<mjloggm ver="2.3"><GO type="169" lobby="0"/><UN n0="%72%65%62%65%65%72" n1="%E5%A5%B3%E3%81%AA%E3%81%AE%E3%81%82%E3%81%8C%E3%82%89%E3%81%9B%E3%81%A6" n2="%E3%80%90%E3%81%95%E3%81%A8%E3%81%BC%E3%83%BC%E3%80%91" n3="%E7%BD%AA%E5%88%91%E6%B3%95%E5%AE%9A%E4%B8%BB%E7%BE%A9" dan="16,16,16,17" rate="2164.52,2135.56,2101.81,2248.35" sx="M,M,M,M"/><TAIKYOKU oya="0"/><INIT seed="0,0,0,3,5,89" ten="250,250,250,250" oya="0" hai0="109,116,49,16,8,96,22,106,75,78,35,44,28" hai1="2,98,50,46,97,69,88,130,56,21,43,80,84" hai2="51,0,30,38,60,85,101,62,53,122,61,59,132" hai3="91,10,117,108,99,34,81,114,64,134,110,94,23"/><T119/><D75/><U127/><E69/><V52/><F122/><W118/><G34/><T104/><D78/><U77/><E2/><V93/><F38/><W24/><G64/><T100/><D106/><U12/><E127/><V48/><F0/><W36/><G36/><T82/><D82/><U26/><E130/><V1/><F1/><W5/><G114/><T74/><D74/><U32/><E32/><V124/><F132/><W131/><G81/><T31/><D8/><U92/><E56/><V4/><F124/><W123/><G123/><T86/><D86/><U40/><E12/><V9/><F30/><W112/><G112/><T63/><D63/><U11/><E11/><V54/><F59/><W47/><G47/><T107/><D107/><U125/><E125/><V121/><F121/><W15/><G134/><T39/><D39/><U102/><E43/><V95/><F4/><W90/><G90/><T42/><D109/><N who="3" m="42089" /><G131/><T3/><D3/><U68/><E68/><V72/><F9/><W73/><G73/><T76/><D76/><U120/><E120/><V19/><F72/><W66/><G66/><T29/><REACH who="0" step="1"/><D35/><REACH who="0" ten="240,250,250,250" step="2"/><U25/><E21/><V83/><F83/><W37/><G37/><T70/><D70/><U65/><E65/><V57/><F61/><W133/><G133/><T115/><D115/><U67/><E67/><V135/><F135/><W129/><G129/><T87/><D87/><U111/><E111/><V6/><F62/><W126/><G126/><T13/><AGARI ba="0,1" hai="13,16,22,28,29,31,42,44,49,96,100,104,116,119" machi="13" ten="30,6000,0" yaku="1,1,0,1,54,1,53,0" doraHai="89" doraHaiUra="105" who="0" fromWho="0" sc="240,70,250,-20,250,-20,250,-20" /><INIT seed="0,1,0,5,3,4" ten="310,230,230,230" oya="0" hai0="53,44,65,109,115,14,42,111,25,94,62,100,70" hai1="27,87,121,101,30,26,68,39,125,92,103,41,117" hai2="118,31,81,91,129,72,24,77,85,130,57,40,106" hai3="11,33,16,75,83,93,84,128,21,78,74,120,112"/><T108/><D115/><U54/><E117/><V131/><F118/><W34/><G112/><T64/><D25/><U122/><E68/><V76/><F106/><W12/><G128/><T86/><D65/><U47/><E125/><V9/><F40/><W35/><G120/><T134/><D134/><U126/><E126/><V8/><F57/><W49/><G49/><T110/><N who="0" m="27648" /><DORA hai="61" /><T7/><D53/><U63/><E103/><V38/><F38/><W19/><REACH who="3" step="1"/><G93/><REACH who="3" ten="310,230,230,220" step="2"/><T50/><D94/><U113/><E113/><V123/><F123/><W67/><G67/><T32/><D32/><U37/><E37/><V133/><F133/><W51/><G51/><T132/><D132/><U2/><E39/><V10/><F72/><W55/><G55/><T13/><D100/><U5/><E101/><V90/><F77/><W48/><G48/><T69/><D69/><U104/><E104/><V46/><F46/><W0/><G0/><T107/><D107/><U95/><E47/><V71/><F71/><W6/><G6/><T43/><D43/><U79/><E5/><V18/><F18/><W1/><G1/><T23/><D7/><U88/><E2/><V73/><F73/><W105/><G105/><T36/><D36/><U135/><E135/><V127/><F127/><W98/><G98/><T80/><D23/><AGARI ba="1,1" hai="8,9,10,23,24,31,76,81,85,90,91,129,130,131" machi="23" ten="50,8000,1" yaku="19,1,52,3" doraHai="4,61" who="2" fromWho="0" sc="310,-83,230,0,230,93,220,0" /><INIT seed="1,0,0,4,5,56" ten="227,230,323,220" oya="1" hai0="18,118,5,79,98,102,21,96,71,41,94,14,27" hai1="76,119,60,25,45,86,84,120,17,64,67,47,91" hai2="55,52,73,37,53,125,44,101,13,23,111,124,93" hai3="19,75,134,72,122,107,33,40,78,80,129,99,42"/><U131/><E119/><V29/><F73/><W100/><G122/><T108/><D118/><U112/><E112/><V39/><F111/><W82/><G33/><T34/><D108/><U20/><E120/><V110/><F110/><W0/><G0/><T59/><D71/><U116/><E116/><V69/><F69/><W48/><G134/><T92/><D41/><U32/><E131/><V127/><F44/><W66/><G129/><T83/><D34/><U63/><E32/><V89/><F101/><W130/><G130/><T11/><D59/><U12/><E25/><N who="2" m="16575" /><F13/><W126/><G126/><T50/><D50/><U28/><E28/><V106/><F106/><W117/><G117/><T113/><D113/><U105/><E105/><V103/><F103/><W22/><G66/><N who="1" m="25130" /><E76/><V43/><F43/><W62/><G42/><T109/><D109/><U68/><E68/><V74/><F74/><W121/><G75/><T85/><D96/><AGARI ba="0,0" hai="37,39,52,53,55,89,93,96,124,125,127" m="16575" machi="96" ten="40,2600,0" yaku="18,1,54,1" doraHai="56" who="2" fromWho="0" sc="227,-26,230,0,323,26,220,0" /><INIT seed="2,0,0,4,5,8" ten="201,230,349,220" oya="2" hai0="91,89,37,7,65,35,52,86,51,3,66,122,119" hai1="134,24,1,87,60,45,64,61,100,124,125,99,41" hai2="21,40,67,74,126,81,62,135,131,16,13,23,55" hai3="101,102,4,12,50,127,110,73,25,69,57,2,39"/><V90/><F126/><N who="1" m="48745" /><E1/><V58/><F131/><W6/><G127/><T84/><D122/><U71/><E134/><V76/><F135/><W56/><G69/><T121/><D121/><U26/><E87/><V49/><F40/><W34/><G110/><T29/><D37/><N who="1" m="21679" /><E61/><V44/><REACH who="2" step="1"/><F90/><REACH who="2" ten="201,230,339,220" step="2"/><W83/><G39/><T32/><D91/><U130/><E130/><V96/><F96/><W104/><G102/><T27/><D119/><U31/><E31/><V22/><AGARI ba="0,1" hai="13,16,21,22,23,44,49,55,58,62,67,74,76,81" machi="22" ten="20,18000,2" yaku="1,1,0,1,7,1,52,1,54,1,53,1" doraHai="8" doraHaiUra="107" who="2" fromWho="2" sc="201,-60,230,-60,339,190,220,-60" /><INIT seed="2,1,0,4,3,112" ten="141,170,529,160" oya="2" hai0="30,122,2,79,104,21,26,123,50,108,57,83,121" hai1="89,23,102,74,84,59,32,124,43,129,24,22,120" hai2="128,67,109,12,127,19,8,34,106,132,41,131,113" hai3="37,69,56,52,87,68,18,39,28,115,98,11,86"/><V63/><F113/><W3/><G115/><T94/><D104/><U75/><E124/><V96/><F34/><W44/><G28/><T91/><D108/><U105/><E129/><V133/><F109/><W125/><G125/><T130/><D130/><U42/><E32/><V116/><F127/><W62/><G98/><T9/><D50/><U101/><E59/><N who="2" m="37375" /><F41/><W15/><G3/><T88/><D57/><U134/><E24/><V40/><F40/><W14/><G14/><T71/><D71/><U76/><E84/><V7/><F7/><W4/><G4/><T5/><REACH who="0" step="1"/><D94/><REACH who="0" ten="131,170,529,160" step="2"/><U135/><E105/><V81/><F131/><W13/><G69/><T78/><D78/><U0/><E76/><V33/><F128/><W114/><G68/><T110/><D110/><U77/><E77/><V10/><F106/><W58/><G58/><T55/><D55/><U72/><E72/><AGARI ba="1,1" hai="2,5,9,21,26,30,72,79,83,88,91,121,122,123" machi="72" ten="40,2600,0" yaku="1,1,54,1,53,0" doraHai="112" doraHaiUra="66" who="0" fromWho="1" sc="131,39,170,-29,529,0,160,0" /><INIT seed="3,0,0,1,5,60" ten="170,141,529,160" oya="3" hai0="28,59,118,123,31,105,18,61,43,29,67,69,82" hai1="62,57,71,42,34,33,93,86,27,19,108,131,7" hai2="37,113,126,51,92,79,85,89,95,48,76,80,36" hai3="35,50,115,109,75,101,83,111,63,91,132,121,103"/><W87/><G35/><T135/><D118/><U128/><E108/><N who="3" m="41546" /><G50/><T17/><D123/><U21/><E71/><V5/><F113/><W68/><G121/><T73/><D105/><U20/><E7/><V49/><F5/><W10/><G115/><T81/><D135/><U9/><E9/><V122/><F122/><W25/><G25/><T88/><D43/><U104/><E104/><V72/><F126/><W54/><G132/><T58/><D73/><U11/><E11/><V99/><REACH who="2" step="1"/><F76/><REACH who="2" ten="170,141,519,160" step="2"/><W2/><G75/><T24/><D69/><U114/><E114/><V97/><F97/><W77/><G77/><T45/><D45/><U4/><E4/><V22/><F22/><W47/><G10/><T65/><D24/><U46/><E21/><V129/><F129/><W0/><G0/><T52/><D59/><U90/><E128/><V125/><F125/><W70/><G2/><T106/><D106/><U134/><E131/><V66/><F66/><N who="0" m="25098" /><D82/><U100/><E134/><V8/><F8/><W94/><G70/><T14/><D14/><U112/><E112/><V30/><F30/><W84/><G68/><T38/><D38/><U44/><E44/><V41/><F41/><W124/><G124/><T15/><D15/><U1/><E1/><V96/><F96/><W127/><G127/><T120/><D120/><U78/><E46/><V3/><F3/><W39/><G39/><T133/><D133/><U23/><E42/><V119/><F119/><W117/><G117/><T6/><D6/><U55/><E34/><V102/><AGARI ba="0,1" hai="36,37,48,49,51,72,79,80,85,89,92,95,99,102" machi="102" ten="30,2000,0" yaku="1,1,0,1,53,0" doraHai="60" doraHaiUra="12" who="2" fromWho="2" sc="170,-5,141,-5,519,30,160,-10" /><INIT seed="4,0,0,1,5,6" ten="165,136,549,150" oya="0" hai0="79,44,2,118,119,67,109,51,70,63,23,19,39" hai1="30,41,134,117,45,77,80,34,58,105,8,28,135" hai2="22,35,37,20,15,42,24,48,111,46,95,33,87" hai3="102,125,72,82,13,53,11,84,54,100,91,18,3"/><T7/><D109/><U52/><E117/><V73/><F73/><W112/><G112/><T9/><D39/><U14/><E105/><V122/><F122/><W25/><G125/><T74/><D79/><U21/><E34/><V127/><F111/><W101/><G72/><T10/><D74/><U62/><E21/><V61/><F127/><W17/><G3/><T89/><D89/><U38/><E80/><V59/><F37/><W85/><G25/><T86/><D86/><U132/><REACH who="1" step="1"/><E77/><REACH who="1" ten="165,126,549,150" step="2"/><V128/><F35/><W113/><G113/><T76/><D76/><U65/><E65/><V114/><F22/><W103/><N who="3" m="25600" /><DORA hai="75" /><W115/><G115/><T43/><REACH who="0" step="1"/><D10/><REACH who="0" ten="155,126,549,150" step="2"/><U26/><E26/><AGARI ba="0,2" hai="2,7,9,19,23,26,43,44,51,63,67,70,118,119" machi="26" ten="30,18000,2" yaku="1,1,2,1,7,1,52,1,53,2" doraHai="6,75" doraHaiUra="0,4" who="0" fromWho="1" sc="155,200,126,-180,549,0,150,0" owari="355,15.5,-54,-55.4,549,64.9,150,-25.0" /></mjloggm>