<mjloggm ver="2.3"><GO type="169" lobby="0"/><UN n0="%E3%81%9B%E3%81%A9%E3%81%AA%E3%82%8A%E3%81%82%E3%82%93" n1="%E5%81%BD%E5%96%84%E8%80%85%E9%AB%98%E6%A9%8B%E3%81%BF%E3%81%AA%E3%81%BF" n2="%E3%82%AB%E3%82%B6%E3%83%A9%E3%82%AD" n3="%E3%83%9C%E3%82%A4%E3%83%AD%E5%B0%86%E6%A3%8B%E9%83%A8%E5%93%A1" dan="17,17,17,17" rate="2189.49,2178.55,2206.28,2184.29" sx="F,F,M,M"/><TAIKYOKU oya="0"/><INIT seed="0,0,0,0,1,70" ten="250,250,250,250" oya="0" hai0="133,119,80,83,95,53,13,127,66,90,101,20,109" hai1="69,104,129,34,12,106,102,77,132,96,67,130,103" hai2="59,24,41,99,19,64,29,65,2,21,17,126,128" hai3="38,3,85,33,98,81,84,56,7,25,9,108,44"/><T123/><D119/><U46/><E132/><V52/><F2/><W88/><G108/><T87/><D123/><U134/><E134/><V94/><F126/><W125/><G125/><T92/><D127/><U79/><E34/><V62/><F128/><N who="1" m="49257" /><E12/><V97/><F41/><W91/><G98/><N who="0" m="59591" /><D133/><U11/><E11/><V4/><F4/><W105/><G105/><N who="1" m="40554" /><E46/><V89/><F99/><W23/><G33/><T110/><D66/><U112/><E112/><V74/><F74/><W76/><G56/><T116/><D116/><U26/><E26/><V22/><F29/><W113/><G113/><T63/><D63/><N who="1" m="40191" /><E103/><V117/><F117/><W107/><G107/><AGARI ba="0,0" hai="77,79,96,102,107" m="40191,40554,49257" machi="107" ten="30,1000,0" yaku="19,1" doraHai="70" who="1" fromWho="3" sc="250,0,250,10,250,0,250,-10" /><INIT seed="1,0,0,1,1,97" ten="250,260,250,240" oya="1" hai0="20,51,123,22,73,29,27,134,14,126,28,60,69" hai1="4,92,111,35,2,26,93,105,103,94,65,39,95" hai2="18,91,77,49,99,115,118,61,32,108,86,101,125" hai3="116,44,107,124,98,43,83,34,128,76,19,21,121"/><U62/><E39/><V17/><F118/><W66/><G121/><T110/><D73/><U96/><E111/><V71/><F32/><W42/><G34/><T12/><D51/><U75/><E75/><V50/><F77/><W112/><G112/><T55/><D55/><U85/><E4/><V135/><F108/><W132/><G132/><T106/><D60/><U127/><E2/><V59/><F71/><W31/><G31/><T133/><D106/><U63/><E127/><V13/><F135/><W6/><G128/><T52/><D52/><U90/><REACH who="1" step="1"/><E65/><REACH who="1" ten="250,250,250,240" step="2"/><V33/><F125/><W84/><G6/><T11/><D110/><U89/><E89/><V117/><F115/><W82/><G66/><T120/><D126/><U81/><E81/><V15/><F117/><W79/><G124/><T24/><D69/><U131/><E131/><V8/><F33/><W68/><G116/><T23/><D23/><U5/><E5/><V41/><F91/><W67/><G67/><T74/><D74/><U70/><E70/><V10/><F41/><W45/><G42/><T57/><D57/><U80/><E80/><V53/><REACH who="2" step="1"/><F86/><REACH who="2" ten="250,250,240,240" step="2"/><N who="3" m="48455" /><G43/><T46/><D46/><U3/><E3/><V119/><F119/><W0/><G0/><T64/><D64/><U88/><E88/><V36/><F36/><W58/><G68/><T102/><D11/><U40/><E40/><V109/><F109/><W56/><G44/><T25/><D133/><U1/><E1/><V114/><F114/><W38/><G45/><T48/><D134/><U122/><E122/><V37/><F37/><W72/><G38/><RYUUKYOKU ba="0,2" sc="250,-15,250,15,240,15,240,-15" hai1="26,35,62,63,85,90,92,93,94,95,96,103,105" hai2="8,10,13,15,17,18,49,50,53,59,61,99,101" /><INIT seed="1,1,2,3,3,29" ten="235,265,255,225" oya="1" hai0="81,9,10,8,72,67,14,69,126,55,34,131,53" hai1="26,44,0,70,32,68,46,100,58,36,24,80,16" hai2="48,102,101,30,84,93,12,43,65,103,113,104,124" hai3="20,62,37,23,1,63,2,60,88,11,74,128,28"/><U59/><E0/><V135/><F104/><W133/><G37/><T5/><D126/><U106/><E80/><V92/><F65/><W64/><G74/><T79/><D131/><U127/><E100/><V54/><F43/><W75/><G75/><T122/><D122/><U90/><E106/><V18/><F30/><W114/><G114/><T3/><D8/><U83/><E127/><V57/><F135/><W41/><G128/><T13/><D3/><U22/><E90/><V66/><F66/><W125/><G125/><T117/><D117/><U98/><E98/><V7/><F7/><W107/><G41/><T118/><D118/><U134/><E83/><V42/><F42/><W112/><G112/><T87/><D72/><U40/><E44/><V105/><F105/><W6/><G1/><T56/><D34/><U49/><E134/><V94/><F113/><W108/><G107/><T86/><D86/><U35/><E36/><V97/><F124/><W109/><G64/><T61/><REACH who="0" step="1"/><D69/><REACH who="0" ten="225,265,255,225" step="2"/><N who="1" m="26731" /><E32/><V21/><REACH who="2" step="1"/><F97/><REACH who="2" ten="225,265,245,225" step="2"/><W132/><G133/><T17/><AGARI ba="1,4" hai="5,9,10,13,14,17,53,55,56,61,67,79,81,87" machi="17" ten="20,5200,0" yaku="1,1,0,1,7,1,8,1,53,0" doraHai="29" doraHaiUra="120" who="0" fromWho="0" sc="225,95,265,-27,245,-14,225,-14" /><INIT seed="2,0,0,0,4,51" ten="320,238,231,211" oya="2" hai0="123,18,9,116,19,71,5,47,60,20,50,93,91" hai1="28,132,49,33,126,87,120,97,128,43,31,27,10" hai2="44,125,46,75,58,2,114,32,66,104,124,21,101" hai3="22,85,82,134,65,25,41,86,109,117,90,16,61"/><V108/><F114/><W52/><G109/><T56/><D123/><U84/><E128/><V24/><F32/><W13/><G134/><T4/><D71/><U54/><E132/><V1/><F75/><W55/><G117/><T135/><D116/><U14/><E126/><N who="2" m="48747" /><F101/><W26/><G41/><T3/><D5/><U45/><E120/><V59/><F104/><W127/><G127/><T70/><D70/><U96/><E28/><V79/><F79/><W15/><G15/><T62/><D135/><U106/><E43/><V68/><F68/><W103/><G103/><T23/><D23/><N who="1" m="15871" /><E106/><V89/><F89/><N who="3" m="51383" /><G65/><T64/><D60/><U115/><E33/><V122/><F122/><W73/><G73/><T81/><D81/><U98/><E115/><V133/><F133/><W88/><G90/><T92/><D91/><U34/><E34/><V112/><F112/><W48/><G61/><T121/><D121/><U0/><E0/><N who="2" m="107" /><F66/><W30/><G48/><T8/><D50/><U80/><E80/><V111/><F111/><W131/><G131/><T77/><D3/><U11/><E11/><V118/><F118/><W29/><G29/><T53/><D8/><U113/><E113/><V110/><F110/><W7/><G7/><AGARI ba="0,0" hai="7,10,14,45,49,54,84,87,96,97,98" m="15871" machi="7" ten="30,2000,0" yaku="8,1,52,1" doraHai="51" who="1" fromWho="3" sc="320,0,238,20,231,0,211,-20" /><INIT seed="3,0,0,0,1,22" ten="320,258,231,191" oya="3" hai0="3,53,56,79,128,66,106,100,20,1,88,45,76" hai1="17,119,62,13,50,124,33,5,27,121,31,111,48" hai2="85,90,8,134,114,98,38,81,117,14,46,6,103" hai3="23,9,54,74,131,71,102,120,30,105,10,51,69"/><W57/><G120/><T4/><D106/><U118/><E111/><V11/><F134/><W86/><G74/><T130/><D100/><U94/><E121/><V55/><F114/><W41/><G131/><N who="0" m="50219" /><D66/><U59/><E5/><V34/><F34/><W113/><G113/><T39/><D20/><N who="1" m="11311" /><E94/><V63/><F117/><N who="1" m="44553" /><E124/><V129/><F129/><W107/><G41/><N who="0" m="22719" /><D88/><U110/><E110/><V132/><F132/><W92/><G107/><T123/><D123/><U73/><E73/><V135/><F135/><W64/><G105/><T18/><D18/><U93/><E93/><V28/><F103/><W126/><G126/><T72/><D72/><U29/><E29/><V43/><F28/><W78/><G102/><T49/><D4/><U40/><E40/><V87/><F87/><W44/><G92/><T122/><D122/><U21/><E21/><V12/><F98/><W0/><G86/><T2/><AGARI ba="0,0" hai="1,2,3,49,53,56,76,79" m="22719,50219" machi="2" ten="40,1500,0" yaku="19,1" doraHai="22" who="0" fromWho="0" sc="320,15,258,-4,231,-4,191,-7" /><INIT seed="4,0,0,0,5,14" ten="335,254,227,184" oya="0" hai0="47,49,114,13,59,86,92,37,115,48,56,61,116" hai1="28,40,39,25,66,43,9,74,88,73,5,94,77" hai2="45,34,17,125,63,103,96,78,84,19,58,106,81" hai3="97,30,111,119,2,98,126,32,122,16,91,124,112"/><T105/><D105/><U50/><E39/><V120/><F120/><W11/><G111/><T133/><D86/><U22/><E66/><V135/><F34/><W108/><G108/><T21/><D92/><U118/><E118/><V75/><F125/><N who="3" m="48235" /><G119/><T100/><D100/><U54/><E77/><V67/><F135/><W110/><G110/><T123/><D116/><U68/><E68/><V1/><F1/><W79/><G122/><T7/><D7/><U31/><E31/><V0/><F0/><W104/><G79/><T121/><D133/><U80/><E80/><V93/><REACH who="2" step="1"/><F45/><REACH who="2" ten="335,254,217,184" step="2"/><W127/><G2/><T36/><D47/><N who="1" m="27999" /><E73/><V57/><F57/><W27/><G127/><T131/><D56/><U130/><E74/><V8/><F8/><W29/><G11/><T70/><D59/><U10/><E10/><V69/><F69/><W71/><G71/><T85/><D70/><U65/><E130/><V6/><F6/><W129/><G129/><T38/><D131/><U52/><E9/><V87/><F87/><W117/><G117/><T89/><D85/><N who="1" m="52495" /><E5/><V26/><F26/><W107/><G27/><T60/><D121/><U33/><E33/><V23/><F23/><W134/><G32/><T132/><D123/><U72/><E72/><V128/><F128/><W24/><G24/><T99/><D132/><U42/><E65/><V101/><F101/><W102/><G102/><T46/><D46/><U35/><E35/><V41/><F41/><W109/><G109/><T20/><D20/><U4/><E4/><V12/><F12/><W90/><G134/><T113/><D21/><RYUUKYOKU ba="0,1" sc="335,-15,254,15,217,15,184,-15" hai1="22,25,28,40,42,43,52" hai2="17,19,58,63,67,75,78,81,84,93,96,103,106" /><INIT seed="5,1,1,5,3,10" ten="320,269,232,169" oya="1" hai0="58,121,12,6,118,81,67,86,79,95,83,127,110" hai1="9,38,41,124,54,53,90,115,112,32,129,122,69" hai2="107,25,48,2,5,8,22,63,65,84,7,52,106" hai3="13,93,20,57,23,85,105,18,92,103,76,33,30"/><U36/><E32/><V15/><F2/><W117/><G33/><T78/><D110/><U45/><E122/><V59/><F5/><W39/><G39/><N who="1" m="14890" /><E90/><V37/><F37/><W60/><G117/><T126/><D118/><U27/><E27/><V3/><F3/><W74/><G74/><T49/><D95/><U102/><E102/><V125/><F84/><W17/><G30/><T73/><D121/><U56/><E9/><V94/><F94/><W97/><G76/><T134/><D134/><U128/><E69/><V80/><F80/><W82/><G82/><T0/><D0/><U109/><E124/><V21/><F125/><W111/><G111/><T44/><D81/><U77/><E77/><V135/><F135/><W114/><G85/><T34/><D78/><U104/><E104/><V50/><F50/><W113/><G113/><N who="1" m="43594" /><E109/><V96/><F96/><W40/><G114/><T71/><D71/><U88/><E88/><V75/><F75/><W24/><REACH who="3" step="1"/><G40/><REACH who="3" ten="320,269,232,159" step="2"/><N who="0" m="24711" /><D73/><U62/><E41/><V132/><F132/><W123/><G123/><T130/><D34/><U4/><E4/><V68/><REACH who="2" step="1"/><F22/><REACH who="2" ten="320,269,222,159" step="2"/><W11/><G11/><T51/><D126/><U64/><E129/><V98/><F98/><W43/><G43/><T99/><D127/><U119/><E128/><V108/><F108/><W42/><G42/><T14/><D130/><U100/><E119/><V19/><AGARI ba="1,3" hai="7,8,15,19,21,25,48,52,59,63,65,68,106,107" machi="19" ten="20,8000,1" yaku="1,1,0,1,7,1,52,1,54,1,53,0" doraHai="10" doraHaiUra="70" who="2" fromWho="2" sc="320,-21,269,-41,222,113,159,-21" /><INIT seed="6,0,0,3,3,24" ten="299,228,335,138" oya="2" hai0="9,135,124,38,116,30,52,4,121,128,50,49,2" hai1="64,69,80,125,113,48,37,72,33,46,3,86,127" hai2="99,31,68,51,106,102,85,58,108,133,88,0,74" hai3="62,97,83,105,117,53,57,60,109,34,73,132,122"/><V90/><F68/><W61/><G122/><T110/><D110/><U130/><E113/><V111/><F0/><W131/><G117/><T93/><D121/><U10/><E37/><V40/><F74/><W5/><G109/><N who="2" m="42057" /><F133/><W100/><G132/><T36/><D135/><U45/><E72/><V56/><F90/><W17/><G131/><T11/><D124/><U94/><E33/><V123/><F123/><W18/><G5/><T39/><D9/><U29/><E94/><N who="2" m="54543" /><F31/><W112/><G112/><T19/><D128/><U91/><E29/><V47/><AGARI ba="0,0" hai="40,47,51,56,58,99,102,106" m="54543,42057" machi="47" ten="30,3000,0" yaku="10,1,54,1" doraHai="24" who="2" fromWho="2" sc="299,-10,228,-10,335,30,138,-10" /><INIT seed="6,1,0,4,0,32" ten="289,218,365,128" oya="2" hai0="121,124,131,38,82,80,16,84,47,2,53,9,70" hai1="60,98,92,73,15,115,74,45,125,126,6,31,78" hai2="40,132,102,119,14,33,135,85,75,17,66,99,50" hai3="51,128,56,27,103,36,83,96,127,86,72,62,114"/><V116/><F33/><W101/><G36/><T55/><D121/><U46/><E31/><V65/><F75/><W57/><G127/><N who="1" m="48650" /><E60/><V111/><F85/><W63/><G128/><T39/><D70/><U3/><E15/><V133/><F111/><W105/><G72/><N who="1" m="27754" /><E78/><V100/><F50/><W42/><G103/><T104/><D131/><U88/><E115/><V23/><F40/><W67/><G114/><T90/><D124/><U24/><E24/><V29/><F29/><W1/><G27/><T4/><D104/><U52/><E52/><V123/><F66/><W49/><G42/><T22/><D82/><U30/><E30/><V69/><F65/><W94/><G105/><T10/><D10/><AGARI ba="1,0" hai="3,6,10,45,46,88,92,98" m="27754,48650" machi="10" ten="30,3900,0" yaku="18,1,52,1,54,1" doraHai="32" who="1" fromWho="0" sc="289,-42,218,42,365,0,128,0" /><INIT seed="7,0,0,2,3,0" ten="247,260,365,128" oya="3" hai0="10,78,31,118,45,90,41,54,88,20,43,85,127" hai1="39,86,116,105,95,87,26,121,107,72,3,34,83" hai2="11,135,84,65,38,69,1,79,19,124,53,12,93" hai3="56,128,110,42,125,52,57,46,24,51,70,50,80"/><W115/><G70/><T8/><D118/><U91/><E39/><V17/><F38/><W126/><G24/><N who="0" m="16775" /><D127/><N who="3" m="48649" /><G80/><N who="0" m="47255" /><D54/><U30/><E121/><V47/><F1/><W63/><G115/><T108/><D108/><U134/><E72/><V22/><F79/><W103/><G103/><T94/><D90/><U62/><E134/><V48/><F69/><W5/><G5/><T25/><D25/><U6/><E116/><V76/><F135/><W35/><G35/><T132/><D132/><U61/><E6/><V129/><F76/><W133/><G133/><T66/><D66/><U92/><E3/><V32/><F65/><N who="3" m="39143" /><G110/><T82/><D82/><U111/><E111/><V49/><F32/><W102/><G102/><T120/><D120/><U44/><E105/><V98/><F124/><W100/><G100/><T33/><D33/><U74/><E107/><V67/><F67/><W119/><G119/><T16/><D45/><U75/><E44/><V29/><F47/><W112/><G112/><T123/><D123/><U73/><E83/><V36/><F29/><W122/><G122/><T68/><D68/><U117/><E117/><V114/><F114/><W14/><G14/><N who="0" m="7239" /><D10/><U40/><E73/><V104/><F104/><W89/><G89/><T64/><D64/><U113/><E75/><V77/><F77/><W106/><G106/><T2/><D2/><U60/><E74/><V101/><F101/><W96/><G96/><AGARI ba="0,0" hai="41,43,88,94,96" m="7239,47255,16775" machi="96" ten="30,3900,0" yaku="8,1,54,2" doraHai="0" who="0" fromWho="3" sc="247,39,260,0,365,0,128,-39" owari="286,8.6,260,-14.0,365,46.5,89,-41.1" /></mjloggm>