<mjloggm ver="2.3"><GO type="169" lobby="0"/><UN n0="%E2%97%8E%E3%82%88%E3%81%97%E2%97%8E" n1="%E3%81%97%E3%82%87%E3%81%BC%E3%82%93%EF%BD%8E" n2="%E7%8C%AA%E7%8B%A9%E5%AE%88" n3="%E3%83%A1%E3%82%AB%E3%82%BC%E3%83%83%E3%83%88%E3%83%B3" dan="17,17,17,17" rate="2164.80,2232.17,2180.63,2188.33" sx="M,M,M,M"/><TAIKYOKU oya="0"/><INIT seed="0,0,0,1,3,68" ten="250,250,250,250" oya="0" hai0="54,7,51,23,82,30,1,94,63,15,111,12,117" hai1="104,98,90,2,135,86,112,0,19,128,44,32,93" hai2="100,105,110,134,67,91,125,72,113,13,41,52,62" hai3="4,107,31,9,58,108,124,127,47,102,5,85,69"/><T76/><D117/><U83/><E32/><V34/><F113/><W25/><G69/><T35/><D35/><U48/><E128/><V53/><F110/><W130/><G108/><T10/><D111/><U27/><E135/><V57/><F134/><W122/><G130/><T119/><D63/><U42/><E112/><V33/><F72/><W77/><G122/><T71/><D71/><U92/><E104/><V116/><F125/><W45/><G58/><T79/><D79/><U28/><E19/><V66/><F41/><W61/><G61/><T133/><D119/><U103/><REACH who="1" step="1"/><E93/><REACH who="1" ten="250,240,250,250" step="2"/><V24/><F33/><W126/><G107/><T59/><D94/><U38/><E38/><V36/><F36/><W26/><G127/><T56/><D133/><U43/><E43/><V123/><F123/><W65/><G126/><T78/><D30/><U101/><E101/><V22/><F100/><W14/><G102/><T55/><D82/><U120/><E120/><V106/><F106/><W20/><G31/><T118/><D118/><U84/><E84/><V96/><F34/><W39/><G85/><T114/><D114/><U80/><E80/><V89/><F105/><W3/><G39/><T64/><D7/><U99/><E99/><V70/><F96/><W129/><G5/><T75/><D75/><U131/><E131/><V40/><F40/><W73/><G4/><T50/><D76/><U74/><E74/><V11/><F116/><W46/><G73/><T88/><D78/><U60/><E60/><N who="2" m="38159" /><F91/><W132/><G129/><T95/><D88/><U37/><E37/><V17/><F89/><RYUUKYOKU ba="0,1" sc="250,-15,240,15,250,15,250,-15" hai1="0,2,27,28,42,44,48,83,86,90,92,98,103" hai2="11,13,17,22,24,52,53,62,67,70" /><INIT seed="1,1,1,4,4,30" ten="235,255,265,235" oya="1" hai0="26,104,11,2,115,27,6,65,12,15,100,79,125" hai1="93,21,96,118,8,57,81,103,52,67,121,111,10" hai2="61,74,86,41,5,73,39,20,116,80,14,82,42" hai3="131,114,129,33,43,56,36,92,76,106,132,44,32"/><U0/><E118/><V3/><F116/><W66/><G106/><T31/><D79/><U85/><E121/><V23/><F3/><W54/><G114/><T112/><D65/><U50/><E0/><V55/><F74/><W38/><G38/><T46/><D46/><U9/><E111/><V133/><F73/><W110/><G110/><T98/><D125/><U99/><E21/><V88/><F82/><W28/><G28/><T18/><D27/><U25/><E25/><V13/><F133/><W101/><G66/><T130/><D130/><N who="3" m="49673" /><G76/><T16/><D15/><N who="2" m="5642" /><F39/><W49/><G132/><T1/><D1/><U102/><E67/><V124/><F5/><W84/><G101/><T37/><D37/><U113/><E113/><V94/><F124/><W97/><G97/><T127/><D18/><U108/><E108/><V7/><F7/><W109/><G109/><T51/><D127/><U4/><E4/><V35/><F35/><N who="3" m="13387" /><G92/><T59/><D31/><U107/><REACH who="1" step="1"/><E8/><REACH who="1" ten="235,245,265,235" step="2"/><V117/><F117/><W78/><G78/><AGARI ba="1,2" hai="9,10,50,52,57,78,81,85,93,96,99,102,103,107" machi="78" ten="30,12000,1" yaku="1,1,2,1,7,1,54,1,53,1" doraHai="30" doraHaiUra="83" who="1" fromWho="3" sc="235,0,245,143,265,0,235,-123" /><INIT seed="1,2,0,5,4,27" ten="235,388,265,112" oya="1" hai0="84,73,64,13,15,42,87,44,23,113,106,57,2" hai1="110,94,34,32,126,68,1,92,6,53,25,35,16" hai2="67,41,127,128,62,132,3,37,5,76,10,88,0" hai3="82,55,96,104,38,100,118,28,11,22,29,134,108"/><U24/><E68/><V97/><F128/><W48/><G38/><T39/><D113/><U111/><E53/><V99/><F127/><W89/><G108/><N who="1" m="41514" /><E126/><V54/><F132/><W93/><G134/><T66/><D2/><U124/><E124/><V103/><F76/><W47/><G118/><T50/><D73/><U119/><E119/><V105/><F37/><W17/><G11/><T74/><D74/><U46/><E46/><V30/><F41/><W52/><G55/><T20/><D66/><U114/><E114/><V72/><F3/><W83/><G83/><T56/><D64/><U21/><E25/><V65/><F65/><W9/><G9/><AGARI ba="2,0" hai="1,6,9,16,21,24,32,34,35,92,94" m="41514" machi="9" ten="40,7700,0" yaku="14,1,10,1,54,1" doraHai="27" who="1" fromWho="3" sc="235,0,388,83,265,0,112,-83" /><INIT seed="1,3,0,1,1,28" ten="235,471,265,29" oya="1" hai0="126,121,65,49,23,10,110,105,102,69,72,40,117" hai1="101,130,56,107,111,98,104,94,50,11,29,27,48" hai2="63,14,134,75,15,2,5,7,44,89,125,100,45" hai3="9,18,4,77,123,21,122,131,120,78,53,54,38"/><U46/><E130/><V92/><F75/><W85/><G131/><T25/><D72/><U97/><E111/><V99/><F134/><W55/><G38/><T103/><D117/><U35/><E11/><V118/><F125/><W106/><G106/><T67/><D105/><U87/><E98/><V60/><F2/><W39/><G39/><T26/><D69/><U129/><E129/><V31/><F31/><W57/><G57/><T36/><D36/><U8/><E87/><V71/><F89/><W93/><G93/><T127/><D23/><U24/><E24/><V96/><F71/><W88/><G21/><T58/><D10/><U16/><E50/><V86/><F86/><W17/><G4/><T43/><D49/><U83/><E56/><V114/><F92/><W37/><G37/><T133/><D58/><U3/><E83/><V22/><F22/><W0/><G0/><T128/><D128/><U95/><E107/><V61/><F61/><W112/><G112/><T59/><D59/><U91/><E91/><V115/><REACH who="2" step="1"/><F118/><REACH who="2" ten="235,471,255,29" step="2"/><W20/><G9/><T12/><D133/><U74/><E74/><V76/><F76/><W6/><G6/><T80/><D126/><U124/><E124/><V109/><F109/><W42/><G42/><T66/><D127/><U108/><E108/><V34/><F34/><W84/><G84/><T132/><D110/><U135/><E135/><V81/><F81/><N who="3" m="49199" /><G20/><T113/><D80/><U62/><E62/><V51/><F51/><W47/><G47/><T30/><D132/><U73/><E73/><V19/><F19/><N who="3" m="7179" /><G77/><T82/><D82/><RYUUKYOKU ba="3,1" sc="235,-15,471,-15,255,15,29,15" hai2="5,7,14,15,44,45,60,63,96,99,100,114,115" hai3="53,54,55,78,120,122,123" /><INIT seed="2,4,1,4,1,45" ten="220,456,270,44" oya="2" hai0="42,20,65,24,102,86,97,27,18,90,82,51,32" hai1="93,19,2,13,22,122,28,63,127,38,3,47,130" hai2="35,98,26,34,83,131,112,30,128,126,11,44,16" hai3="7,53,124,0,52,49,119,1,73,103,135,81,46"/><V113/><F83/><W29/><G119/><T101/><D65/><U123/><E130/><N who="2" m="49707" /><F98/><W41/><G135/><T120/><D120/><N who="1" m="46123" /><E127/><V71/><F71/><W64/><G124/><T6/><D6/><U132/><E132/><V39/><F39/><W57/><G103/><T77/><D32/><U12/><E28/><V125/><F44/><W110/><G29/><T50/><D27/><U111/><E111/><V23/><F34/><W76/><G110/><T72/><D42/><N who="1" m="22999" /><E63/><V66/><F66/><W89/><G89/><T80/><REACH who="0" step="1"/><D101/><REACH who="0" ten="210,456,270,44" step="2"/><U55/><E13/><N who="2" m="7231" /><F35/><W15/><G64/><T108/><D108/><U75/><E55/><V129/><F129/><W59/><G15/><T74/><D74/><U4/><E12/><V96/><F96/><W79/><G79/><T94/><AGARI ba="4,2" hai="18,20,24,50,51,72,77,80,82,86,90,94,97,102" machi="94" ten="20,12000,2" yaku="1,1,0,1,7,1,52,2,53,1" doraHai="45" doraHaiUra="105" who="0" fromWho="0" sc="210,152,456,-34,270,-64,44,-34" /><INIT seed="3,0,0,4,3,99" ten="362,422,206,10" oya="3" hai0="76,38,31,29,72,104,122,34,15,126,10,6,16" hai1="51,52,56,77,133,112,22,82,67,120,89,30,83" hai2="113,102,87,106,1,53,132,100,42,24,96,36,111" hai3="62,55,41,4,85,37,125,8,19,17,114,108,57"/><W40/><G114/><T107/><D38/><U13/><E120/><V39/><F113/><W5/><G108/><T134/><D122/><U129/><E112/><V121/><F1/><W135/><G135/><T91/><D134/><U94/><E133/><V84/><F132/><W128/><G128/><T71/><D71/><U127/><E127/><V92/><F121/><W43/><G125/><T64/><D64/><U130/><E67/><V110/><F24/><W68/><G68/><T35/><D91/><U118/><E118/><V27/><F27/><W119/><G119/><T20/><D76/><U58/><E58/><V50/><F42/><W32/><G32/><N who="0" m="12331" /><D72/><U18/><E30/><N who="0" m="11273" /><D104/><U115/><E115/><V46/><F87/><W79/><G37/><T70/><D107/><U26/><E26/><V44/><F44/><W105/><G105/><T117/><D70/><U81/><REACH who="1" step="1"/><E77/><REACH who="1" ten="362,412,206,10" step="2"/><V47/><F47/><W73/><G73/><T2/><D126/><U14/><E14/><V45/><F45/><W109/><G109/><T80/><D80/><U60/><E60/><V7/><F111/><W98/><G98/><AGARI ba="0,1" hai="13,18,22,51,52,56,81,82,83,89,94,98,129,130" machi="98" ten="40,2600,0" yaku="1,1,54,1,53,0" doraHai="99" doraHaiUra="61" who="1" fromWho="3" sc="362,0,412,36,206,0,10,-26" owari="362,16.2,448,54.8,206,-19.4,-16,-51.6" /></mjloggm>