<mjloggm ver="2.3"><GO type="169" lobby="0"/><UN n0="%E3%81%9F%E3%81%AA%E3%81%8B%E6%95%99%E7%A5%96" n1="%57%44%44%69%65" n2="%2D%E8%B1%8A%E5%8F%A3%E3%82%81%E3%81%90%E3%81%BF%2D" n3="%E7%8A%B6%E6%85%8B%E9%BA%BB%E9%9B%80" dan="17,16,17,17" rate="2154.48,2106.01,2190.33,2211.90" sx="M,M,F,M"/><TAIKYOKU oya="0"/><INIT seed="0,0,0,5,0,54" ten="250,250,250,250" oya="0" hai0="99,112,111,102,106,31,103,64,118,2,125,45,70" hai1="71,89,95,75,74,93,60,28,109,96,11,15,18" hai2="67,16,121,26,124,104,59,48,94,83,132,87,114" hai3="110,135,123,12,30,46,36,17,85,65,126,42,3"/><T40/><D112/><U44/><E109/><V22/><F121/><W63/><G110/><T120/><D111/><U1/><E28/><V32/><F104/><W52/><G123/><T13/><D120/><U68/><E1/><V4/><F114/><W19/><G3/><T57/><D118/><U86/><E44/><V38/><F38/><W81/><G126/><T34/><D2/><U50/><E50/><V100/><F124/><W47/><G135/><T14/><D125/><U29/><E29/><V133/><F32/><W129/><G30/><T9/><D103/><U35/><E35/><V113/><F4/><W119/><G129/><T55/><D64/><U128/><E128/><V127/><F113/><W43/><G119/><T92/><D70/><U62/><E68/><V108/><F108/><W115/><G115/><T84/><D34/><U116/><E116/><V134/><F127/><W7/><G7/><T49/><D31/><U66/><REACH who="1" step="1"/><E62/><REACH who="1" ten="250,240,250,250" step="2"/><N who="2" m="38367" /><F48/><N who="3" m="28695" /><G47/><T91/><REACH who="0" step="1"/><D9/><REACH who="0" ten="240,240,250,250" step="2"/><U56/><E56/><V61/><F134/><W88/><G36/><AGARI ba="0,2" hai="13,14,36,40,45,49,55,57,84,91,92,99,102,106" machi="36" ten="30,11600,0" yaku="1,1,2,1,7,1,52,1,53,0" doraHai="54" doraHaiUra="131" who="0" fromWho="3" sc="240,136,240,0,250,0,250,-116" /><INIT seed="0,1,0,5,1,23" ten="376,240,250,134" oya="0" hai0="36,123,108,72,29,100,107,62,25,52,14,34,127" hai1="89,83,113,98,68,0,66,22,56,27,1,40,8" hai2="58,53,37,87,109,60,112,10,85,48,91,106,90" hai3="45,33,111,39,122,120,16,101,71,31,69,65,82"/><T129/><D123/><N who="3" m="47145" /><G111/><T47/><D72/><U19/><E113/><V79/><F112/><W77/><G101/><T116/><D116/><U2/><E68/><V41/><F106/><W42/><G65/><T9/><D129/><U134/><E134/><V81/><F109/><W84/><G16/><T70/><D108/><U61/><E40/><V63/><F37/><W118/><G118/><T92/><D127/><U131/><E131/><V57/><F41/><W97/><G97/><N who="0" m="61839" /><D92/><U67/><E67/><V17/><F58/><W95/><G95/><T78/><D78/><U135/><E135/><V54/><F54/><W105/><G105/><T64/><D36/><U88/><E98/><V44/><F57/><W93/><G93/><T20/><D20/><U26/><E8/><V132/><F132/><W103/><G103/><T7/><D47/><U133/><E133/><V32/><F32/><W114/><G114/><T80/><D80/><U24/><REACH who="1" step="1"/><E83/><REACH who="1" ten="376,230,250,134" step="2"/><V46/><F10/><W96/><G96/><T110/><D110/><U126/><E126/><V28/><F81/><W3/><G3/><T50/><D52/><U130/><E130/><V124/><F53/><W11/><G11/><T35/><D50/><U94/><E94/><V21/><F48/><W12/><G12/><AGARI ba="1,1" hai="0,1,2,12,19,22,24,26,27,56,61,66,88,89" machi="12" ten="50,12000,2" yaku="1,1,52,3,54,1,53,1" doraHai="23" doraHaiUra="13" who="1" fromWho="3" sc="376,0,230,133,250,0,134,-123" /><INIT seed="1,0,0,2,2,12" ten="376,363,250,11" oya="1" hai0="7,29,131,51,42,26,117,31,105,109,0,76,119" hai1="9,47,37,68,57,96,128,81,11,6,114,38,120" hai2="108,127,17,121,52,27,23,21,50,44,106,94,134" hai3="46,125,104,54,19,124,112,122,15,130,24,118,91"/><U75/><E114/><V39/><F121/><W80/><G104/><T4/><D105/><U102/><E120/><V35/><F106/><W86/><G122/><T93/><D109/><U85/><E128/><V14/><F108/><W66/><G112/><T61/><D131/><U63/><E68/><V111/><F111/><W41/><G130/><T78/><D61/><U55/><E75/><V58/><F127/><N who="3" m="48715" /><G118/><T115/><D115/><U72/><E72/><V70/><F70/><W40/><G66/><T59/><D93/><U8/><E6/><V49/><F134/><W43/><G24/><T133/><D26/><U126/><E126/><V30/><F39/><N who="3" m="21791" /><G54/><T10/><D133/><U99/><E47/><V3/><F3/><W116/><G116/><T2/><D42/><U56/><E56/><V98/><F35/><W100/><G100/><T65/><D59/><U5/><E5/><V90/><REACH who="2" step="1"/><F44/><REACH who="2" ten="376,363,240,11" step="2"/><W77/><G77/><T53/><D78/><N who="1" m="46263" /><E38/><V129/><F129/><W67/><G67/><T79/><D76/><U84/><E37/><V20/><F20/><AGARI ba="0,1" hai="15,19,20,41,43,80,86,91" m="21791,48715" machi="20" ten="30,2000,0" yaku="18,1,52,1" doraHai="12" who="3" fromWho="2" sc="376,0,363,0,240,-20,11,30" /><INIT seed="2,0,0,1,5,28" ten="376,363,220,41" oya="2" hai0="51,33,7,101,92,59,129,81,32,29,107,38,30" hai1="123,69,127,18,86,89,50,84,41,118,120,23,8" hai2="11,135,98,56,66,36,111,42,12,130,109,80,61" hai3="46,24,55,119,49,133,97,40,1,68,37,5,83"/><V91/><F135/><W45/><G119/><T58/><D38/><U90/><E69/><V26/><F130/><W9/><G133/><T96/><D7/><U6/><E118/><V93/><F36/><W71/><G97/><T19/><D129/><U34/><E127/><V57/><F42/><W65/><G65/><T100/><D81/><U52/><E41/><V122/><F122/><W17/><G17/><T70/><D70/><U54/><E54/><V39/><F39/><W113/><G113/><T75/><D19/><U27/><E86/><V131/><F131/><W44/><G44/><T114/><D114/><U117/><E117/><V62/><F80/><W53/><G53/><T67/><D75/><U60/><E60/><V112/><F26/><W15/><G15/><T76/><D76/><U82/><E90/><V77/><F77/><W0/><G0/><T25/><D51/><U43/><E43/><V10/><F112/><W64/><G64/><T79/><D79/><U87/><E87/><V106/><F106/><W108/><G108/><N who="2" m="41545" /><F12/><W4/><G4/><T73/><D73/><U95/><E82/><V35/><F35/><W125/><G125/><T126/><D126/><U72/><E72/><V99/><F98/><W16/><REACH who="3" step="1"/><G83/><REACH who="3" ten="376,363,220,31" step="2"/><T63/><D96/><N who="1" m="57455" /><E123/><V47/><F47/><W88/><G88/><T78/><D78/><U31/><E120/><V116/><F116/><W48/><G48/><T121/><D121/><U22/><E50/><V13/><F13/><W103/><G103/><T134/><D100/><U104/><E18/><V124/><F124/><W74/><G74/><RYUUKYOKU ba="0,1" sc="376,-15,363,-15,220,15,31,15" hai2="10,11,56,57,61,62,66,91,93,99" hai3="1,5,9,16,24,37,40,45,46,49,55,68,71" /><INIT seed="2,1,1,1,1,86" ten="361,348,235,46" oya="2" hai0="56,108,34,118,20,122,30,116,33,114,41,119,134" hai1="130,66,101,58,12,2,51,25,54,59,74,15,62" hai2="89,70,18,75,16,1,129,31,83,22,29,100,50" hai3="81,36,26,94,40,64,32,91,39,85,5,45,126"/><V112/><F112/><W27/><G126/><T72/><D72/><U53/><E74/><V121/><F121/><W97/><G32/><N who="0" m="12395" /><D41/><U8/><E130/><V84/><F1/><W44/><G5/><T105/><D105/><U133/><E133/><V55/><F129/><W47/><G64/><T13/><D56/><U60/><E101/><V79/><F100/><W19/><G19/><N who="0" m="10351" /><D122/><U14/><E25/><V23/><F70/><W10/><G10/><T99/><D99/><U123/><E123/><V7/><F7/><W68/><G68/><T49/><D49/><U61/><E2/><V90/><F18/><W135/><G135/><T3/><D134/><U77/><E77/><V110/><F23/><W52/><G44/><T117/><D117/><U46/><REACH who="1" step="1"/><E61/><REACH who="1" ten="361,338,235,46" step="2"/><V132/><F132/><W111/><G111/><T24/><D3/><U57/><E57/><N who="2" m="33015" /><F75/><W0/><G0/><T17/><D108/><U63/><E63/><V80/><F110/><W35/><G35/><N who="0" m="20935" /><D17/><AGARI ba="1,2" hai="8,12,14,15,17,46,51,53,54,58,59,60,62,66" machi="17" ten="30,12000,2" yaku="1,1,7,1,8,1,53,3" doraHai="86" doraHaiUra="11" who="1" fromWho="0" sc="361,-123,338,143,235,0,46,0" /><INIT seed="3,0,0,5,1,70" ten="238,481,235,46" oya="3" hai0="82,91,101,126,34,20,40,106,69,111,56,12,15" hai1="62,81,89,9,112,38,107,88,129,33,83,110,67" hai2="121,32,36,105,122,124,78,45,55,64,31,14,4" hai3="108,50,8,90,49,130,117,3,30,133,13,102,51"/><W123/><G117/><T41/><D69/><U74/><E33/><V114/><F114/><W60/><G123/><N who="2" m="47113" /><F105/><W103/><G3/><T2/><D2/><U100/><E112/><V63/><F78/><W135/><G130/><T87/><D111/><U97/><E38/><V54/><F124/><W95/><G30/><T109/><D109/><U76/><E110/><V28/><F4/><W86/><G60/><T98/><D34/><U65/><E129/><V80/><F80/><W7/><REACH who="3" step="1"/><G108/><REACH who="3" ten="238,481,235,36" step="2"/><T85/><D126/><U128/><E62/><V118/><F118/><W77/><G77/><T11/><D40/><U113/><E76/><V73/><F31/><W18/><G18/><T104/><D41/><U23/><E128/><V79/><F28/><W24/><G24/><T61/><D61/><U59/><E113/><V37/><F79/><W68/><G68/><T115/><D115/><U131/><E131/><V116/><F116/><W19/><G19/><T92/><D12/><U22/><E74/><V21/><F73/><W48/><N who="3" m="12288" /><DORA hai="96" /><W132/><AGARI ba="0,1" hai="7,8,13,86,90,95,102,103,132,133,135" m="12288" machi="132" ten="50,18000,2" yaku="1,1,4,1,0,1,20,1,52,2,53,0" doraHai="70,96" doraHaiUra="17,25" who="3" fromWho="3" sc="238,-60,481,-60,235,-60,36,190" /><INIT seed="3,1,0,1,3,88" ten="178,421,175,226" oya="3" hai0="85,120,95,67,76,100,130,27,128,8,41,112,7" hai1="24,108,80,14,81,47,70,1,72,10,11,19,36" hai2="119,87,135,33,74,26,111,58,63,31,68,90,104" hai3="97,42,43,51,84,89,18,69,118,22,34,66,48"/><W106/><G118/><T15/><D120/><U73/><E70/><V77/><F119/><W52/><G34/><T117/><D117/><U75/><E24/><V92/><F111/><W30/><G30/><T65/><D112/><U39/><E108/><V3/><F135/><W102/><G66/><T56/><D41/><U37/><E47/><V94/><F104/><W113/><G51/><T124/><D124/><U4/><AGARI ba="1,0" hai="1,4,10,11,14,19,36,37,39,72,73,75,80,81" machi="4" ten="40,1500,0" yaku="0,1" doraHai="88" who="1" fromWho="1" sc="178,-5,421,18,175,-5,226,-8" /><INIT seed="4,0,0,5,0,34" ten="173,439,170,218" oya="0" hai0="69,133,52,68,95,65,62,20,90,36,131,42,21" hai1="93,19,49,40,50,12,113,61,89,83,79,77,80" hai2="3,125,60,75,134,66,121,51,132,74,96,87,81" hai3="123,91,101,17,114,63,53,7,48,124,119,67,6"/><T116/><D116/><U78/><E61/><V92/><F121/><W103/><G119/><T18/><D131/><U86/><E113/><V107/><F51/><N who="1" m="19465" /><E40/><V84/><F60/><W102/><G114/><T117/><D117/><U25/><E25/><V37/><F66/><W27/><G124/><T110/><D133/><N who="2" m="51306" /><F37/><W70/><G123/><T100/><D100/><U112/><E112/><V122/><F3/><W130/><G91/><T115/><D115/><U135/><E135/><V16/><F16/><W10/><G130/><T1/><D1/><U108/><E108/><V120/><F125/><W71/><G71/><T94/><D69/><U8/><AGARI ba="0,0" hai="8,12,19,77,78,79,80,83,86,89,93" m="19465" machi="8" ten="30,1100,0" yaku="8,1" doraHai="34" who="1" fromWho="1" sc="173,-5,439,11,170,-3,218,-3" /><INIT seed="5,0,0,1,1,6" ten="168,450,167,215" oya="1" hai0="42,13,121,82,16,23,94,106,26,92,96,133,29" hai1="63,129,59,112,76,31,70,130,65,103,114,125,123" hai2="39,34,61,27,77,120,72,18,64,104,116,109,89" hai3="131,107,119,45,43,58,37,110,66,91,8,10,4"/><U95/><E123/><V38/><F109/><W5/><G110/><T2/><D121/><U32/><E76/><V21/><F116/><W71/><G107/><T47/><D133/><U105/><E125/><V3/><F120/><W0/><G119/><T118/><D118/><U49/><E95/><V7/><F104/><W35/><G131/><N who="1" m="50186" /><E31/><V99/><F34/><W19/><G35/><T46/><D2/><U97/><E32/><V28/><F18/><W87/><G19/><T20/><D82/><U113/><E49/><V85/><F99/><W75/><G71/><AGARI ba="0,0" hai="59,63,65,70,71,97,103,105,112,113,114" m="50186" machi="71" ten="40,3900,0" yaku="15,1,19,1" doraHai="6" who="1" fromWho="3" sc="168,0,450,39,167,0,215,-39" /><INIT seed="5,1,0,2,0,36" ten="168,489,167,176" oya="1" hai0="98,134,20,35,4,89,82,78,123,51,55,103,18" hai1="125,54,44,46,57,43,108,34,92,45,33,81,94" hai2="29,83,121,126,71,53,130,19,62,115,15,2,70" hai3="7,87,90,37,116,66,21,31,64,86,122,124,84"/><U26/><E125/><V63/><F121/><W104/><G122/><T117/><D123/><U52/><E81/><V127/><F2/><W118/><G104/><T72/><D117/><N who="3" m="45161" /><G37/><T11/><D35/><U101/><E108/><V0/><F0/><W58/><G124/><N who="2" m="47657" /><F29/><W8/><G90/><T73/><D134/><U1/><E1/><V119/><F119/><W69/><G69/><N who="2" m="26121" /><F130/><W110/><G58/><T88/><D72/><U59/><E26/><V6/><F6/><W38/><G38/><T27/><D11/><U129/><E129/><V68/><N who="2" m="26129" /><V49/><DORA hai="14" /><F83/><W113/><G113/><T79/><D4/><U16/><E101/><V10/><F115/><W40/><G40/><T112/><D79/><U80/><E80/><V13/><F15/><N who="3" m="5535" /><G110/><T24/><D24/><AGARI ba="1,0" hai="21,24,31,64,66,84,86,87" m="5535,45161" machi="24" ten="30,1000,0" yaku="12,1" doraHai="36,14" who="3" fromWho="0" sc="168,-13,489,0,167,0,176,13" /><INIT seed="6,0,0,3,2,68" ten="155,489,167,189" oya="2" hai0="31,48,18,93,69,97,67,133,91,90,50,64,32" hai1="17,55,5,135,25,15,43,53,23,60,65,24,128" hai2="22,9,71,58,124,44,26,7,12,123,126,19,94" hai3="85,0,122,38,121,34,99,116,41,132,6,102,59"/><V125/><F71/><W33/><G116/><T39/><D133/><U36/><E135/><V109/><F58/><W8/><G132/><T120/><D120/><N who="3" m="46185" /><G59/><T86/><D39/><U131/><E36/><V106/><F106/><N who="3" m="63839" /><G85/><T29/><D32/><U82/><E43/><V80/><F123/><W117/><G117/><T30/><D18/><U72/><E82/><V66/><F66/><W10/><G10/><T47/><D50/><U20/><E72/><V37/><F109/><W103/><G103/><T88/><D69/><U89/><E89/><N who="0" m="34409" /><D86/><U96/><E96/><V100/><F80/><W75/><G75/><T76/><D76/><U4/><E65/><V49/><F37/><W112/><G112/><T77/><D77/><U101/><E101/><V92/><REACH who="2" step="1"/><F100/><REACH who="2" ten="155,489,157,189" step="2"/><W107/><G107/><T73/><D73/><U13/><E60/><V35/><F35/><W81/><G81/><T61/><D61/><U28/><E131/><V16/><F16/><W40/><G38/><T74/><D74/><U114/><E128/><V98/><F98/><W14/><G34/><T1/><D1/><U51/><E17/><V21/><F21/><W83/><G33/><T105/><D105/><U52/><E23/><V63/><F63/><W95/><G83/><T108/><D108/><U62/><E62/><V118/><F118/><W70/><G70/><T11/><D11/><U54/><E20/><V129/><F129/><W27/><G0/><T87/><D97/><U119/><E119/><V78/><F78/><W130/><G130/><T111/><D111/><U3/><E3/><V134/><F134/><RYUUKYOKU ba="0,1" sc="155,15,489,-15,157,15,189,-15" hai0="29,30,31,47,48,64,67,87,91,93" hai2="7,9,12,19,22,26,44,49,92,94,124,125,126" /><INIT seed="6,1,1,0,1,94" ten="170,474,172,174" oya="2" hai0="53,32,35,97,27,25,30,72,51,103,114,17,64" hai1="98,45,111,61,120,5,29,47,0,19,2,43,56" hai2="104,105,109,117,20,44,76,88,92,86,70,119,95" hai3="8,101,112,55,40,54,60,41,42,22,6,63,73"/><V124/><F70/><W37/><G73/><T11/><D72/><U50/><E111/><V15/><F44/><W106/><G37/><T81/><D114/><U52/><E29/><V46/><F46/><W77/><G77/><T23/><D64/><U7/><E120/><V48/><F48/><W115/><G22/><T132/><D132/><U49/><E19/><V135/><F15/><W36/><G36/><T129/><D129/><U18/><E18/><V67/><F67/><W38/><G38/><T128/><D128/><U9/><E98/><N who="2" m="57607" /><F20/><W59/><G101/><T4/><D81/><U118/><E118/><N who="2" m="45067" /><F135/><W14/><G106/><N who="2" m="41065" /><F124/><W82/><G82/><T75/><D35/><U74/><E7/><V116/><F116/><W79/><G79/><T10/><D4/><U58/><E58/><AGARI ba="1,1" hai="6,8,14,40,41,42,54,55,58,59,60,63,112,115" machi="58" ten="40,1300,0" yaku="9,1" doraHai="94" who="3" fromWho="1" sc="170,0,474,-16,172,0,174,26" /><INIT seed="7,0,0,5,1,117" ten="170,458,172,200" oya="3" hai0="96,6,10,84,126,101,71,13,114,107,98,77,4" hai1="89,61,38,93,106,122,40,31,49,12,46,24,68" hai2="111,53,62,109,103,27,76,65,56,73,81,72,55" hai3="99,5,108,32,22,25,129,104,64,135,52,82,14"/><W8/><G129/><T41/><D71/><U120/><E106/><V97/><F73/><W0/><G135/><T133/><D133/><U16/><E38/><V28/><F111/><W36/><G36/><T119/><D119/><U44/><E44/><V115/><F115/><W39/><G39/><T19/><D114/><U11/><E61/><V102/><F109/><W70/><G108/><T83/><D126/><U59/><E59/><V45/><F45/><W90/><G32/><T91/><REACH who="0" step="1"/><D41/><REACH who="0" ten="160,458,172,200" step="2"/><U116/><E68/><V78/><F78/><W35/><G70/><T132/><D132/><U100/><E116/><V113/><F113/><W47/><G35/><T121/><D121/><U87/><E100/><V18/><F103/><W127/><G127/><T112/><D112/><U123/><E123/><V33/><REACH who="2" step="1"/><F18/><REACH who="2" ten="160,458,162,200" step="2"/><W57/><G90/><T86/><D86/><U105/><E105/><AGARI ba="0,2" hai="27,28,33,53,55,56,62,65,72,76,81,97,102,105" machi="105" ten="30,8000,1" yaku="1,1,2,1,7,1,53,2" doraHai="117" doraHaiUra="48" who="2" fromWho="1" sc="160,0,458,-80,162,100,200,0" owari="160,-34.0,378,47.8,262,6.2,200,-20.0" /></mjloggm>