<mjloggm ver="2.3"><GO type="169" lobby="0"/><UN n0="%E3%81%B2%E3%81%90%E3%81%A1" n1="%E9%81%85%E5%88%BB%E3%81%AE%E3%83%97%E3%83%AA%E3%83%B3%E3%82%B9%E2%99%AA" n2="%E3%82%AD%E3%83%B3%E3%82%B0%E3%81%82%E3%81%A4%E3%81%97" n3="%E3%81%AB%E3%81%97%E3%81%8B%E3%81%9F" dan="17,16,16,16" rate="2237.79,2151.05,2176.93,2106.62" sx="M,F,M,M"/><TAIKYOKU oya="0"/><INIT seed="0,0,0,1,4,27" ten="250,250,250,250" oya="0" hai0="118,133,2,33,94,46,93,24,97,72,69,127,0" hai1="104,7,92,1,99,119,19,80,59,40,48,36,114" hai2="44,71,60,77,91,5,25,84,45,31,129,56,62" hai3="111,131,34,107,74,108,14,95,66,98,124,15,120"/><T52/><D118/><U23/><E119/><V3/><F129/><W101/><G131/><T58/><D69/><U113/><E104/><V43/><F77/><W29/><G74/><T76/><D76/><U126/><E126/><V109/><F109/><N who="3" m="42059" /><G124/><T78/><D46/><N who="1" m="23815" /><E80/><V32/><F71/><W51/><G120/><T110/><D110/><U8/><E59/><V103/><F103/><W125/><G125/><T53/><D127/><U20/><E48/><V75/><F75/><W106/><G66/><T105/><D53/><U61/><E61/><V90/><F62/><W11/><G51/><T42/><D42/><U18/><E23/><V130/><F45/><W16/><G15/><T67/><D67/><U83/><E83/><V35/><F44/><W28/><G34/><T134/><D105/><AGARI ba="0,0" hai="11,14,16,28,29,95,98,101,105,106,107" m="42059" machi="105" ten="30,7700,0" yaku="14,1,52,2,54,1" doraHai="27" who="3" fromWho="0" sc="250,-77,250,0,250,0,250,77" /><INIT seed="1,0,0,3,4,49" ten="173,250,250,327" oya="1" hai0="70,118,120,107,121,24,41,102,97,94,50,75,12" hai1="28,22,0,76,62,30,100,5,71,65,103,44,89" hai2="119,42,73,63,20,23,53,6,74,101,93,17,130" hai3="96,110,26,60,11,19,31,46,61,85,47,56,51"/><U99/><E76/><V7/><F119/><W3/><G110/><T33/><D118/><U80/><E44/><V123/><F123/><N who="0" m="47178" /><D70/><U134/><E134/><V88/><F101/><W67/><G61/><T21/><D75/><U132/><E132/><V55/><F63/><W36/><G36/><T84/><D33/><U106/><E103/><V57/><F57/><W91/><G96/><T77/><D12/><U1/><E5/><N who="2" m="1547" /><F74/><W104/><G104/><T13/><D13/><U124/><E124/><V27/><F73/><W35/><G3/><T126/><D126/><U4/><E4/><V115/><F42/><W58/><G11/><T113/><D113/><U43/><E43/><V45/><F45/><W15/><G56/><T82/><D50/><U128/><E128/><V112/><F130/><W108/><G108/><T111/><D41/><U131/><E131/><V125/><F125/><W95/><REACH who="3" step="1"/><G51/><REACH who="3" ten="173,250,250,317" step="2"/><T129/><D111/><U14/><E0/><V54/><F115/><W38/><G38/><T52/><D129/><U109/><E1/><V69/><F112/><W87/><G87/><T10/><D10/><U37/><E37/><V90/><F69/><W59/><G59/><T78/><D107/><U39/><E39/><V64/><F64/><W114/><G114/><T66/><D66/><U116/><E116/><V48/><F48/><W72/><G72/><T86/><D86/><N who="1" m="50375" /><E109/><V122/><F122/><W29/><G29/><N who="0" m="17551" /><D78/><U25/><E30/><N who="2" m="17767" /><F93/><W98/><G98/><T117/><D117/><U9/><E9/><V2/><F2/><W16/><G16/><T92/><D92/><RYUUKYOKU ba="0,1" sc="173,0,250,0,250,0,317,0" hai0="52,77,82,84,94,97,102" hai1="14,22,25,28,62,65,71,99,100,106" hai2="17,23,53,54,55,88,90" hai3="15,19,26,31,35,46,47,58,60,67,85,91,95" /><INIT seed="1,1,1,3,4,80" ten="173,250,250,317" oya="1" hai0="13,21,128,65,79,11,26,52,113,3,101,103,131" hai1="45,111,27,23,61,130,36,59,33,132,37,93,48" hai2="55,2,110,24,96,50,105,57,58,40,67,89,68" hai3="94,73,126,81,28,120,6,118,106,7,90,14,39"/><U116/><E116/><V88/><F2/><W112/><G118/><T102/><D113/><U117/><E117/><V15/><F110/><W32/><G39/><T124/><D3/><U17/><E130/><N who="0" m="49705" /><D65/><U64/><E132/><V77/><F77/><W9/><G112/><T0/><D0/><U51/><E111/><V20/><F40/><W35/><G120/><T123/><D123/><U43/><E33/><V70/><F15/><W53/><G106/><T49/><D79/><U95/><REACH who="1" step="1"/><E51/><REACH who="1" ten="173,240,250,317" step="2"/><V19/><F50/><W104/><G32/><T135/><D135/><U34/><E34/><V78/><F70/><W82/><G35/><T42/><D124/><U108/><E108/><V127/><F68/><W84/><G126/><T41/><D41/><U72/><E72/><V100/><F127/><W22/><G73/><T114/><D42/><U54/><E54/><V74/><F55/><W92/><G53/><T60/><D114/><U16/><E16/><V98/><F19/><W71/><G71/><T129/><D129/><U8/><E8/><V66/><F74/><W97/><G9/><T29/><D49/><U12/><E12/><V122/><F122/><W109/><G14/><T121/><D121/><U85/><E85/><V44/><F20/><W38/><G22/><T134/><D134/><U1/><E1/><V91/><F67/><W99/><G109/><T86/><D86/><U76/><E76/><V31/><F78/><W69/><G84/><T47/><D47/><U87/><E87/><V62/><F44/><W30/><G69/><T125/><D125/><U18/><E18/><RYUUKYOKU ba="1,2" sc="173,-10,240,30,250,-10,317,-10" hai1="17,23,27,36,37,43,45,48,59,61,64,93,95" /><INIT seed="1,2,2,0,2,88" ten="163,270,240,307" oya="1" hai0="81,16,7,14,43,8,85,44,66,75,45,67,57" hai1="1,79,40,30,56,80,38,55,104,51,131,36,39" hai2="11,31,29,106,60,96,133,20,25,102,64,134,48" hai3="127,24,32,99,126,115,128,101,103,15,6,27,84"/><U52/><E131/><V72/><F72/><W73/><G115/><T19/><D75/><U92/><E104/><V61/><F31/><W124/><G73/><T105/><D105/><U47/><E1/><V130/><F130/><W95/><G128/><T35/><D35/><U70/><E70/><V119/><F119/><W69/><G69/><T82/><D82/><U65/><E30/><V114/><F114/><W111/><G32/><T46/><D43/><U118/><E118/><V97/><F97/><N who="3" m="59583" /><G84/><T117/><D117/><U132/><E132/><N who="2" m="50795" /><F64/><N who="0" m="24618" /><D57/><U120/><E120/><V42/><F11/><N who="3" m="4599" /><G111/><T2/><D2/><U10/><E10/><V89/><F89/><AGARI ba="2,2" hai="7,8,14,16,19,44,45,46,81,85,89" m="24618" machi="89" ten="30,2000,0" yaku="8,1,54,1" doraHai="88" who="0" fromWho="2" sc="163,46,270,0,240,-26,307,0" /><INIT seed="2,0,0,3,5,31" ten="209,270,214,307" oya="2" hai0="25,121,77,92,81,63,86,64,43,27,79,60,126" hai1="38,85,132,37,51,35,58,26,70,8,114,42,96" hai2="48,17,83,122,105,76,49,66,130,50,127,22,108" hai3="68,84,34,23,39,7,36,118,11,111,2,20,33"/><V40/><F122/><W0/><G118/><T32/><D121/><U89/><E114/><V24/><F105/><W112/><G112/><T123/><D123/><U117/><E117/><V6/><F130/><W69/><G84/><T55/><D43/><U120/><E120/><V53/><F127/><W52/><G11/><T4/><D126/><U9/><E70/><N who="3" m="27242" /><G7/><T101/><D4/><U82/><E132/><V19/><F66/><W100/><G100/><T62/><D64/><U21/><E35/><N who="3" m="13322" /><G52/><T30/><D25/><U41/><E96/><V12/><F6/><W97/><G97/><T5/><D5/><U65/><E38/><N who="3" m="14378" /><G111/><T46/><D101/><U56/><E37/><V119/><F119/><W104/><G104/><T87/><D92/><U75/><E65/><V91/><F108/><W107/><G107/><T44/><D55/><N who="1" m="31871" /><E58/><V110/><F110/><W116/><G116/><T73/><D87/><U115/><E115/><V90/><F53/><W18/><G18/><T99/><D99/><U72/><E8/><V128/><F40/><N who="1" m="15465" /><E9/><V129/><F129/><W67/><G67/><T124/><D124/><U98/><E98/><V95/><F128/><W10/><G10/><T57/><D57/><U61/><E61/><V13/><F95/><W93/><G93/><T133/><D133/><U59/><E59/><V135/><F135/><W125/><G125/><T16/><D16/><U106/><E106/><V14/><REACH who="2" step="1"/><F19/><REACH who="2" ten="209,270,204,307" step="2"/><W94/><G94/><T29/><D29/><U103/><E103/><V47/><F47/><W1/><AGARI ba="0,1" hai="0,1,2,20,23" m="14378,13322,27242" machi="1" ten="50,8000,1" yaku="28,2,52,3" doraHai="31" who="3" fromWho="3" sc="209,-20,270,-20,204,-40,307,90" /><INIT seed="3,0,0,0,5,3" ten="189,250,164,397" oya="3" hai0="26,21,123,60,25,19,38,76,0,119,79,50,57" hai1="78,95,94,116,69,107,82,13,73,24,112,53,117" hai2="115,85,63,40,14,37,36,102,129,126,104,59,99" hai3="71,66,49,103,96,118,122,114,12,61,87,130,43"/><W127/><G122/><T39/><D119/><N who="1" m="45643" /><E69/><V47/><F115/><W41/><G118/><T17/><D123/><U48/><E24/><V46/><F126/><W23/><G114/><T83/><D0/><U29/><E29/><V6/><F129/><W135/><G127/><T91/><D50/><U131/><E112/><V45/><F85/><W2/><G2/><T67/><D91/><U93/><E107/><V124/><F124/><W44/><G130/><T77/><D83/><U15/><E131/><V5/><F14/><W27/><G12/><T101/><D101/><U97/><E97/><V121/><F121/><W16/><G87/><T109/><D109/><U84/><E73/><V133/><F133/><W64/><G64/><T100/><D100/><U62/><E62/><V89/><F89/><W72/><G72/><T9/><D9/><U128/><E128/><V56/><F56/><AGARI ba="0,0" hai="13,15,48,53,56,78,82,84,93,94,95" m="45643" machi="56" ten="30,1000,0" yaku="12,1" doraHai="3" who="1" fromWho="2" sc="189,0,250,10,164,-10,397,0" /><INIT seed="4,0,0,5,5,22" ten="189,260,154,397" oya="0" hai0="7,105,43,78,106,10,88,104,28,124,108,134,9" hai1="125,39,25,68,16,30,93,79,51,46,59,17,35" hai2="74,71,54,89,29,75,118,85,102,0,135,123,95" hai3="86,12,56,117,67,13,116,91,87,1,122,100,97"/><T128/><D124/><U96/><E68/><V63/><F123/><W113/><G1/><T133/><D78/><U66/><E125/><V73/><F0/><W47/><G122/><T70/><D70/><U90/><E39/><V131/><F135/><N who="0" m="51722" /><D43/><U45/><E79/><V48/><F131/><W99/><G113/><T44/><D44/><U38/><E38/><V32/><F102/><W18/><G47/><T64/><D64/><U72/><E72/><V119/><F63/><W14/><G18/><T42/><D42/><U23/><E35/><V94/><F94/><W3/><G3/><T121/><D121/><U53/><REACH who="1" step="1"/><E46/><REACH who="1" ten="189,250,154,397" step="2"/><V58/><REACH who="2" step="1"/><F71/><REACH who="2" ten="189,250,144,397" step="2"/><W130/><G117/><T36/><D128/><U132/><E132/><V92/><F92/><W98/><G116/><T2/><D106/><U41/><E41/><V21/><F21/><W115/><G130/><T112/><D104/><U40/><E40/><V60/><F60/><AGARI ba="0,2" hai="16,17,23,25,30,45,51,53,59,60,66,90,93,96" machi="60" ten="40,8000,1" yaku="1,1,8,1,52,1,54,1,53,1" doraHai="22" doraHaiUra="61" who="1" fromWho="2" sc="189,0,250,100,144,-80,397,0" /><INIT seed="5,0,0,3,5,39" ten="189,350,64,397" oya="1" hai0="37,33,48,41,17,87,86,21,78,58,45,123,34" hai1="70,120,12,38,52,46,59,22,133,16,96,31,20" hai2="4,30,119,64,40,90,113,112,110,98,47,67,135" hai3="75,62,94,56,102,69,28,44,27,95,0,14,65"/><U85/><E120/><V53/><F119/><W50/><G75/><T1/><D1/><U88/><E70/><V19/><F110/><W84/><G0/><T55/><D123/><U114/><E114/><N who="2" m="44139" /><F30/><W122/><G122/><T109/><D109/><U26/><E133/><V97/><F4/><W54/><G14/><T61/><D78/><U11/><E96/><N who="2" m="36971" /><F53/><W72/><G72/><T3/><D3/><U115/><E115/><V126/><F135/><W24/><G102/><T83/><D83/><N who="1" m="49215" /><E38/><N who="2" m="21911" /><F126/><W74/><G74/><T117/><D117/><U128/><E128/><V93/><F19/><W82/><G69/><T49/><D34/><N who="1" m="20855" /><E59/><V42/><F42/><W118/><G118/><T66/><D33/><U68/><E68/><V7/><F7/><W13/><G13/><N who="0" m="9391" /><D37/><U105/><E105/><V132/><F132/><W79/><REACH who="3" step="1"/><G27/><REACH who="3" ten="189,350,64,387" step="2"/><T76/><D76/><U111/><E111/><V107/><F107/><W100/><G100/><T63/><D66/><U57/><E57/><V77/><F77/><W106/><G106/><T130/><D130/><U10/><E10/><V71/><F71/><W32/><AGARI ba="0,1" hai="24,28,32,44,50,54,56,62,65,79,82,84,94,95" machi="32" ten="20,5200,0" yaku="1,1,0,1,7,1,53,1" doraHai="39" doraHaiUra="73" who="3" fromWho="3" sc="189,-13,350,-26,64,-13,387,62" /><INIT seed="6,0,0,5,2,68" ten="176,324,51,449" oya="2" hai0="118,37,84,52,9,41,10,32,49,78,83,71,14" hai1="79,58,109,63,30,82,1,0,6,117,94,45,97" hai2="86,88,21,116,100,106,70,134,36,16,48,2,119" hai3="42,38,92,96,105,19,122,77,101,22,127,33,62"/><V56/><F70/><W89/><G122/><T51/><D71/><U60/><E109/><V104/><F2/><W28/><G127/><T17/><D32/><U112/><E117/><V64/><F36/><W130/><G130/><T61/><D118/><U7/><E112/><V40/><F134/><W90/><G77/><T120/><D120/><U53/><E30/><V57/><F116/><W110/><G110/><T26/><D26/><U20/><E20/><V111/><F119/><W65/><G28/><T54/><D37/><U67/><E0/><V80/><F111/><W76/><G76/><T50/><D41/><U93/><E1/><V15/><F100/><W44/><G33/><T66/><D66/><U115/><E115/><V23/><F23/><W121/><G121/><T35/><D35/><U126/><E126/><V102/><F102/><W25/><G105/><T11/><D61/><U103/><E93/><V43/><F104/><W47/><REACH who="3" step="1"/><G44/><REACH who="3" ten="176,324,51,439" step="2"/><T81/><D78/><U95/><E95/><V39/><F106/><W72/><G72/><T99/><D81/><U91/><E103/><V113/><F113/><W133/><G133/><T29/><D83/><U85/><REACH who="1" step="1"/><E45/><REACH who="1" ten="176,314,51,439" step="2"/><V132/><F132/><W12/><G12/><T13/><D14/><U74/><E74/><V31/><F31/><W129/><G129/><T135/><D29/><U107/><E107/><V75/><F75/><W4/><G4/><T8/><D135/><U124/><E124/><V131/><F131/><W59/><AGARI ba="0,2" hai="19,22,25,38,42,47,59,62,65,89,90,92,96,101" machi="59" ten="20,5200,0" yaku="1,1,0,1,7,1,52,1,53,0" doraHai="68" doraHaiUra="125" who="3" fromWho="3" sc="176,-13,314,-13,51,-26,439,72" /><INIT seed="7,0,0,4,3,8" ten="163,301,25,511" oya="3" hai0="109,82,66,46,68,32,42,132,99,112,55,79,2" hai1="3,76,89,38,94,130,122,110,77,18,49,0,24" hai2="39,53,105,67,61,83,133,12,37,92,59,58,15" hai3="13,80,120,47,111,64,88,31,17,5,85,118,21"/><W128/><G118/><T9/><D109/><U27/><E110/><V44/><F105/><W51/><G120/><T113/><D32/><U97/><E38/><V41/><F39/><W16/><G111/><T134/><D55/><U131/><E122/><V7/><F7/><W65/><G128/><N who="1" m="49194" /><E49/><V50/><F133/><W135/><G135/><T35/><D35/><U36/><E36/><V84/><REACH who="2" step="1"/><F92/><REACH who="2" ten="163,301,15,511" step="2"/><W1/><G1/><N who="1" m="586" /><E18/><V124/><F124/><W126/><G126/><T106/><D106/><U28/><E24/><V104/><F104/><W107/><G107/><T74/><D2/><U70/><E70/><V69/><F69/><W45/><G17/><T87/><D68/><U100/><E100/><V125/><F125/><W60/><G5/><T33/><D132/><U23/><AGARI ba="0,1" hai="23,27,28,76,77,89,94,97" m="586,49194" machi="23" ten="30,1100,0" yaku="19,1" doraHai="8" who="1" fromWho="1" sc="163,-3,301,21,15,-3,511,-5" owari="160,-24.0,322,12.2,12,-48.8,506,60.6" /></mjloggm>