<mjloggm ver="2.3"><GO type="225" lobby="0"/><UN n0="%E3%81%BF%E3%81%BF%E3%81%9A" n1="%E3%83%A9%E3%83%BC%E3%83%A1%E3%83%B3%E4%BA%94%E9%83%8E" n2="%70%68%65%6E%6F%6D%65" n3="%E5%8D%A0%E3%81%84%E5%B8%AB%E8%A3%8F%E3%81%AA%E3%81%84%E3%81%97" dan="17,16,16,17" rate="2207.82,2082.56,2185.64,2215.70" sx="M,M,M,M"/><TAIKYOKU oya="0"/><INIT seed="0,0,0,3,4,130" ten="250,250,250,250" oya="0" hai0="88,54,110,35,132,64,107,114,25,80,52,106,127" hai1="60,124,61,66,23,81,10,58,33,97,24,134,109" hai2="70,102,40,69,17,126,5,63,128,90,16,125,4" hai3="19,71,12,1,116,55,13,135,123,115,2,41,6"/><T100/><D114/><U21/><E109/><V85/><F102/><W46/><G115/><T82/><D64/><U101/><E124/><N who="2" m="47723" /><F40/><W37/><G116/><T38/><D38/><U34/><E10/><V111/><F128/><W83/><G71/><N who="2" m="27145" /><F63/><W62/><G135/><T47/><D127/><U77/><E61/><V92/><F111/><W45/><G123/><T28/><D110/><U53/><E134/><V131/><F131/><W9/><G46/><T76/><D132/><U18/><E53/><V3/><F3/><W121/><G121/><T36/><D100/><U30/><E101/><V84/><F84/><W96/><G96/><T31/><D36/><U104/><E97/><V29/><F29/><W95/><G95/><T32/><D47/><U26/><REACH who="1" step="1"/><E104/><REACH who="1" ten="250,240,250,250" step="2"/><V117/><F117/><W122/><G122/><T51/><D106/><U11/><E11/><V94/><F94/><W20/><G83/><T22/><D107/><U99/><E99/><V119/><F119/><W67/><G55/><T15/><D54/><U49/><E49/><V0/><F0/><W120/><G120/><T105/><D105/><U57/><E57/><V8/><F8/><W89/><G1/><T129/><D129/><U44/><E44/><V14/><F4/><W73/><G2/><T118/><D118/><U79/><E79/><V39/><F39/><W43/><G43/><T103/><D103/><U93/><E93/><V78/><F78/><W56/><G89/><T65/><D88/><U113/><E113/><V72/><F72/><AGARI ba="0,1" hai="18,21,23,24,26,30,33,34,58,60,66,72,77,81" machi="72" ten="30,2000,0" yaku="1,1,7,1,53,0" doraHai="130" doraHaiUra="86" who="1" fromWho="2" sc="250,0,240,30,250,-20,250,0" /><INIT seed="1,0,0,3,3,93" ten="250,270,230,250" oya="1" hai0="86,49,94,58,107,50,96,73,83,60,104,61,89" hai1="87,119,101,15,6,130,33,115,2,68,21,79,46" hai2="88,31,30,105,42,69,28,56,1,134,22,7,97" hai3="126,112,113,120,92,23,121,70,122,24,13,90,10"/><U43/><E115/><V131/><F69/><W135/><G70/><T39/><D39/><U114/><E114/><V35/><F35/><W44/><G135/><T124/><D124/><U99/><E119/><V133/><F42/><W29/><G44/><T78/><D61/><U132/><E33/><V62/><F131/><W11/><G11/><T4/><D4/><U36/><E2/><V63/><F105/><W65/><G65/><T127/><D127/><U110/><E68/><V95/><F22/><W8/><G10/><T102/><REACH who="0" step="1"/><D107/><REACH who="0" ten="240,270,230,250" step="2"/><U47/><E36/><V37/><F37/><W32/><G126/><T116/><D116/><U77/><E6/><V40/><F63/><W109/><G109/><T53/><AGARI ba="0,1" hai="49,50,53,58,60,73,78,83,86,89,94,96,102,104" machi="53" ten="20,12000,2" yaku="1,1,0,1,7,1,24,2,52,1,53,0" doraHai="93" doraHaiUra="17" who="0" fromWho="0" sc="240,130,270,-60,230,-30,250,-30" /><INIT seed="2,0,0,2,0,81" ten="370,210,200,220" oya="2" hai0="64,66,30,98,31,115,128,113,78,69,15,77,87" hai1="135,60,28,25,121,36,73,125,104,134,131,109,89" hai2="27,88,114,108,75,99,133,13,6,3,126,95,41" hai3="7,58,79,45,33,37,50,86,0,127,91,82,90"/><V122/><F114/><W10/><G33/><T106/><D106/><U74/><E109/><V96/><F122/><W53/><G127/><T52/><D98/><U119/><E119/><V80/><F126/><W76/><G37/><T19/><D128/><U83/><E125/><V120/><F120/><W38/><G38/><T56/><D69/><U94/><E104/><V101/><F3/><W107/><G107/><T21/><D115/><U8/><E121/><V24/><F108/><W67/><G67/><N who="0" m="25643" /><D113/><U43/><E131/><V47/><F133/><N who="1" m="50697" /><E8/><V102/><F6/><W110/><G110/><T44/><D44/><N who="1" m="23655" /><E60/><V39/><F13/><W14/><G0/><T12/><D12/><U35/><E83/><V42/><F42/><W9/><G9/><T29/><D87/><AGARI ba="0,0" hai="25,28,35,73,74,87,89,94" m="23655,50697" machi="87" ten="30,2000,0" yaku="20,1,52,1" doraHai="81" who="1" fromWho="0" sc="370,-20,210,20,200,0,220,0" /><INIT seed="3,0,0,4,4,71" ten="350,230,200,220" oya="3" hai0="52,54,35,122,113,76,96,67,90,49,85,116,87" hai1="88,89,130,77,60,55,40,124,110,11,132,98,66" hai2="63,79,58,123,31,106,33,78,25,115,20,134,15" hai3="51,59,61,7,91,74,65,102,95,105,6,28,72"/><W26/><G105/><T133/><D116/><U2/><E110/><V80/><F115/><W56/><G102/><T29/><D122/><U22/><E40/><V47/><F123/><W44/><G74/><T108/><D67/><U14/><E77/><V86/><F134/><W69/><G72/><T19/><D108/><U111/><E2/><V43/><F106/><W94/><G59/><T42/><D133/><U12/><E111/><V3/><F3/><W36/><G69/><T121/><D35/><U1/><E1/><V32/><F79/><W50/><G36/><T70/><D29/><U117/><E55/><V17/><F58/><W10/><G10/><T4/><D4/><U24/><E98/><V112/><F63/><W129/><G129/><T114/><D70/><U92/><E132/><V16/><F112/><W75/><G75/><T38/><D38/><U39/><E39/><V97/><F97/><W128/><G50/><T68/><D68/><U127/><E117/><V37/><F17/><W41/><G128/><T30/><D19/><N who="1" m="12383" /><E130/><V18/><F18/><W131/><G131/><T9/><D30/><U82/><E11/><AGARI ba="0,0" hai="11,15,16,20,25,31,32,33,37,43,47,78,80,86" machi="11" ten="30,3900,0" yaku="7,1,52,1,54,1" doraHai="71" who="2" fromWho="1" sc="350,0,230,-39,200,39,220,0" owari="350,45.0,191,-30.9,239,3.9,220,-18.0" /></mjloggm>