<mjloggm ver="2.3"><GO type="169" lobby="0"/><UN n0="%52%65%61%6C%58" n1="%43%65%6C%65%73%54%65" n2="%E7%BD%AA%E5%88%91%E6%B3%95%E5%AE%9A%E4%B8%BB%E7%BE%A9" n3="%E4%BA%BA%E5%93%81%E3%81%AA%E3%81%97" dan="16,16,17,17" rate="2183.30,2113.78,2225.79,2207.67" sx="F,M,M,M"/><TAIKYOKU oya="0"/><INIT seed="0,0,0,4,3,32" ten="250,250,250,250" oya="0" hai0="28,70,126,134,115,119,88,122,82,33,62,21,112" hai1="79,8,59,61,109,66,93,101,76,90,52,36,117" hai2="69,120,77,27,49,105,100,14,89,128,57,106,84" hai3="83,98,125,42,18,4,91,23,47,58,37,30,15"/><T86/><D122/><U123/><E123/><V24/><F120/><W45/><G125/><T130/><D119/><U99/><E117/><V40/><F69/><W12/><G30/><T81/><D126/><U64/><E109/><V3/><F3/><W129/><G129/><T132/><D130/><U16/><E36/><V6/><F77/><N who="1" m="29769" /><E101/><V85/><F85/><W5/><G58/><T46/><D33/><U135/><E135/><N who="0" m="51753" /><D46/><U108/><E108/><V38/><F38/><W74/><G74/><T41/><D41/><U78/><N who="1" m="29777" /><U34/><DORA hai="118" /><E34/><V11/><F128/><W133/><G133/><T43/><D43/><U1/><E1/><V2/><F14/><AGARI ba="0,0" hai="8,14,16,52,59,61,64,66,90,93,99" m="29777" machi="14" ten="30,3900,0" yaku="8,1,54,2" doraHai="32,118" who="1" fromWho="2" sc="250,0,250,39,250,-39,250,0" /><INIT seed="1,0,0,2,3,128" ten="250,289,211,250" oya="1" hai0="66,12,91,11,3,104,38,82,109,42,57,28,36" hai1="75,78,7,21,49,40,99,56,10,55,94,24,68" hai2="48,97,16,0,80,64,14,33,100,1,61,77,123" hai3="113,20,60,125,92,111,19,29,101,37,132,58,122"/><U96/><E68/><V108/><F33/><W95/><G113/><T110/><D104/><U118/><E118/><V98/><F108/><N who="0" m="41578" /><D3/><U53/><E40/><V102/><F123/><W133/><G125/><T4/><D28/><U50/><E75/><V59/><F48/><W2/><G111/><T30/><D30/><U27/><E78/><V81/><F1/><W22/><G122/><T89/><D42/><U76/><E76/><V73/><F0/><W43/><G2/><T51/><D82/><U86/><E86/><V18/><F81/><W84/><G101/><T13/><D13/><N who="1" m="5343" /><E94/><N who="3" m="35882" /><G84/><T71/><D71/><U90/><E90/><N who="0" m="34313" /><D51/><U8/><E8/><V83/><F83/><W103/><G103/><T135/><D135/><N who="3" m="51785" /><G29/><T32/><D32/><U45/><E96/><V129/><F102/><W46/><G19/><T65/><D57/><U9/><E99/><V62/><F18/><W5/><G5/><T124/><D124/><U52/><E56/><V35/><F100/><W72/><G72/><T6/><D6/><U47/><E47/><V85/><F73/><W39/><G39/><AGARI ba="0,0" hai="4,11,12,36,38,39,65,66" m="34313,41578" machi="39" ten="30,1000,0" yaku="14,1" doraHai="128" who="0" fromWho="3" sc="250,10,289,0,211,0,250,-10" /><INIT seed="2,0,0,3,1,49" ten="260,289,211,240" oya="2" hai0="129,135,19,11,50,38,91,60,15,101,28,32,96" hai1="104,63,88,133,99,69,89,22,125,74,23,44,55" hai2="116,65,68,85,79,53,54,124,24,108,130,119,112" hai3="1,12,109,84,9,45,29,7,103,56,122,87,72"/><V121/><F79/><W93/><G109/><T102/><D38/><U86/><E125/><V58/><F85/><W97/><G122/><T26/><D135/><U118/><E118/><N who="2" m="45099" /><F24/><W39/><G29/><T123/><D129/><U48/><E133/><V2/><F2/><W132/><G132/><T43/><D123/><U107/><E74/><V5/><F5/><W61/><G72/><T95/><D60/><U126/><E126/><V80/><F80/><W67/><G39/><T3/><D3/><U75/><E75/><V66/><F121/><W13/><G1/><T90/><D43/><U31/><E104/><V27/><F27/><W6/><REACH who="3" step="1"/><G45/><REACH who="3" ten="260,289,211,230" step="2"/><T36/><D36/><U114/><E31/><V33/><F124/><W106/><G106/><T70/><D28/><U21/><E107/><V94/><F108/><W62/><G62/><T76/><D32/><U111/><E111/><V100/><F130/><W8/><AGARI ba="0,1" hai="6,7,8,9,12,13,56,61,67,84,87,93,97,103" machi="8" ten="30,7900,0" yaku="1,1,0,1,9,1,8,1,53,0" doraHai="49" doraHaiUra="40" who="3" fromWho="3" sc="260,-20,289,-20,211,-39,230,89" /><INIT seed="3,0,0,3,4,11" ten="240,269,172,319" oya="3" hai0="61,72,15,132,65,88,58,121,8,134,99,13,0" hai1="83,108,6,69,56,133,62,9,16,2,37,35,93" hai2="104,66,50,117,27,91,30,123,77,111,84,128,86" hai3="74,63,82,53,19,67,119,43,78,47,116,122,57"/><W18/><G122/><T41/><D121/><U124/><E108/><V4/><F104/><W64/><G64/><T49/><D72/><U14/><E124/><V26/><F123/><W39/><G19/><T7/><D49/><U75/><E133/><N who="0" m="51305" /><D41/><U45/><E69/><V17/><F117/><W126/><G126/><T81/><D81/><U5/><E35/><V79/><F4/><W55/><G55/><T114/><D114/><U95/><E6/><V92/><F66/><W130/><G130/><T25/><D25/><U101/><E101/><V12/><F111/><W28/><G28/><T131/><D131/><U22/><E45/><V102/><F102/><W40/><G40/><T20/><D20/><U68/><E68/><V118/><F118/><W71/><REACH who="3" step="1"/><G18/><REACH who="3" ten="240,269,172,309" step="2"/><T120/><D120/><U89/><E37/><V48/><F128/><W125/><G125/><T105/><D105/><U21/><E16/><V34/><F27/><W98/><G98/><T46/><D46/><U51/><E5/><V113/><F113/><W76/><G76/><T44/><D44/><U10/><E56/><V42/><F42/><W52/><G52/><T60/><D61/><AGARI ba="0,1" hai="39,43,47,53,57,61,63,67,71,74,78,82,116,119" machi="61" ten="30,2900,0" yaku="1,1,7,1,53,0" doraHai="11" doraHaiUra="24" who="3" fromWho="0" sc="240,-29,269,0,172,0,309,39" /><INIT seed="3,1,0,2,2,76" ten="211,269,172,348" oya="3" hai0="31,82,56,114,101,4,32,6,121,45,10,93,79" hai1="22,117,120,50,71,134,28,57,87,18,24,11,44" hai2="124,46,15,19,23,66,39,40,43,68,123,42,70" hai3="41,58,109,29,107,54,126,75,33,73,20,77,86"/><W131/><G33/><T51/><D121/><U100/><E120/><V92/><F123/><W116/><G116/><T9/><D114/><U112/><E112/><V37/><F124/><W3/><G126/><T80/><D79/><U63/><E134/><V26/><F66/><W14/><G3/><T97/><D31/><U16/><E117/><V105/><F105/><W5/><G131/><T125/><D32/><U103/><E71/><V122/><F122/><W89/><G107/><T85/><D85/><U78/><E100/><V83/><F92/><W110/><G41/><N who="0" m="25007" /><D56/><U34/><E103/><V65/><F65/><W38/><G38/><T59/><D59/><U130/><E130/><V62/><F62/><N who="3" m="36183" /><G5/><N who="0" m="2155" /><D125/><U113/><E113/><V12/><F70/><W36/><G36/><T106/><D106/><U61/><E61/><V88/><F68/><W60/><G60/><T90/><D101/><U74/><E74/><V8/><F39/><W21/><G77/><T102/><D102/><U135/><E135/><V94/><F15/><W91/><G91/><T2/><D2/><U96/><E34/><V27/><F27/><N who="3" m="16615" /><G75/><T47/><D47/><U132/><E132/><V115/><F115/><W95/><G73/><T81/><AGARI ba="1,0" hai="9,10,80,81,82,90,93,97" m="2155,25007" machi="81" ten="30,7900,0" yaku="8,1,52,3" doraHai="76" who="0" fromWho="0" sc="211,82,269,-21,172,-21,348,-40" /><INIT seed="4,0,0,2,0,48" ten="293,248,151,308" oya="0" hai0="50,90,87,13,49,81,41,2,22,107,116,28,45" hai1="24,115,73,133,14,42,60,118,127,46,18,62,126" hai2="130,20,72,44,6,114,128,101,99,75,57,59,70" hai3="68,1,39,10,93,40,35,8,106,129,54,83,74"/><T36/><D116/><U25/><E118/><V121/><F70/><W112/><G106/><T34/><D2/><U33/><E73/><V66/><F6/><W52/><G112/><T37/><D107/><U117/><E117/><V16/><F44/><N who="3" m="23583" /><G129/><N who="2" m="49769" /><F121/><W125/><G125/><N who="1" m="47626" /><E133/><V102/><F114/><W29/><G68/><T79/><D37/><N who="1" m="21839" /><E115/><V120/><F120/><W124/><G124/><T56/><D34/><U3/><E3/><V134/><F134/><W53/><G10/><T85/><D56/><N who="2" m="21578" /><F66/><W132/><G132/><T100/><D100/><N who="2" m="38506" /><F99/><W92/><G29/><T21/><D28/><N who="1" m="19591" /><E25/><AGARI ba="0,0" hai="16,20,25,72,75" m="38506,21578,49769" machi="25" ten="30,2000,0" yaku="19,1,54,1" doraHai="48" who="2" fromWho="1" sc="293,0,248,-20,151,20,308,0" /><INIT seed="5,0,0,3,1,1" ten="293,228,171,308" oya="1" hai0="55,73,2,77,70,68,26,29,130,50,89,118,20" hai1="67,75,116,38,41,121,43,88,107,135,18,115,92" hai2="61,125,62,63,106,5,131,51,25,24,9,53,133" hai3="104,8,19,122,16,69,113,95,74,47,10,119,12"/><U102/><E116/><V80/><F106/><W44/><G122/><T134/><D118/><U114/><E121/><V83/><F125/><W126/><G126/><T60/><D130/><U21/><E75/><V37/><F37/><W98/><G104/><T84/><D134/><U71/><E135/><V117/><F131/><W49/><G113/><N who="1" m="43018" /><E102/><V96/><F133/><W54/><G119/><T82/><D2/><U66/><E107/><V6/><F96/><W13/><G69/><T23/><D23/><U57/><E71/><V127/><F127/><W76/><G74/><T90/><D60/><N who="1" m="38159" /><E67/><V120/><F120/><W58/><G76/><T132/><D132/><U79/><E79/><V33/><F33/><W46/><G58/><T65/><D65/><U36/><E36/><V100/><F100/><AGARI ba="0,0" hai="8,10,12,13,16,19,44,46,47,49,54,95,98,100" machi="100" ten="30,7700,0" yaku="7,1,9,1,8,1,54,1" doraHai="1" who="3" fromWho="2" sc="293,0,228,0,171,-77,308,77" /><INIT seed="6,0,0,4,1,10" ten="293,228,94,385" oya="2" hai0="31,26,119,44,100,32,65,118,89,72,73,60,54" hai1="39,69,51,105,104,97,19,58,14,113,16,67,9" hai2="111,56,50,128,134,46,33,52,47,102,85,95,131" hai3="0,90,7,28,98,61,126,59,25,41,53,103,91"/><V110/><F33/><W6/><G126/><T93/><D100/><U5/><E113/><V129/><F85/><W8/><G6/><T20/><D32/><U11/><E39/><V125/><F95/><W78/><G41/><T55/><D44/><N who="2" m="16938" /><F102/><W92/><G78/><T71/><D73/><U70/><E104/><V4/><F4/><W77/><G77/><T122/><D122/><U130/><E105/><V132/><F125/><W79/><G79/><T18/><D31/><U1/><E97/><V30/><F30/><W120/><REACH who="3" step="1"/><G120/><REACH who="3" ten="293,228,94,375" step="2"/><T74/><D72/><U21/><E5/><V27/><F27/><W23/><AGARI ba="0,1" hai="0,7,8,23,25,28,53,59,61,90,91,92,98,103" machi="23" ten="20,5200,0" yaku="1,1,2,1,0,1,7,1,53,0" doraHai="10" doraHaiUra="63" who="3" fromWho="3" sc="293,-13,228,-13,94,-26,375,62" /><INIT seed="7,0,0,4,5,8" ten="280,215,68,437" oya="3" hai0="89,121,52,91,60,5,0,98,132,102,46,20,135" hai1="47,1,21,88,78,7,113,45,27,103,84,59,119" hai2="69,30,110,50,104,25,19,90,32,62,125,51,36" hai3="85,124,83,4,3,81,48,44,99,73,116,72,34"/><W68/><G68/><T66/><D121/><U57/><E113/><V71/><F110/><W75/><G116/><T86/><D5/><U112/><E112/><V33/><F125/><W23/><G34/><T106/><D0/><U93/><E119/><V127/><F127/><W107/><G124/><T29/><D29/><U2/><E2/><V114/><F114/><W18/><G107/><T14/><D86/><U13/><E1/><V77/><F77/><W92/><G85/><T61/><D61/><U117/><E103/><V35/><F36/><W49/><G49/><N who="0" m="28727" /><D14/><U80/><E117/><V133/><F133/><N who="0" m="51274" /><D20/><U87/><E47/><V134/><F134/><W115/><G81/><T108/><D108/><U65/><E45/><V95/><F104/><W12/><G83/><T56/><AGARI ba="0,0" hai="56,60,66,89,91,98,102,106" m="51274,28727" machi="56" ten="30,2000,0" yaku="20,1,54,1" doraHai="8" who="0" fromWho="0" sc="280,20,215,-5,68,-5,437,-10" owari="300,10.0,210,-19.0,63,-43.7,427,52.7" /></mjloggm>