<mjloggm ver="2.3"><GO type="169" lobby="0"/><UN n0="%E3%83%94%E3%83%B3%E3%82%B5%E3%83%AD%E5%BA%97%E5%93%A1" n1="%E9%A4%8A%E5%88%86%E4%B8%B8" n2="%4F%4D%41%4E%54%41" n3="%6F%79%6D%32%30%4E%4F%56" dan="17,17,17,16" rate="2254.05,2233.57,2188.12,2156.50" sx="M,M,M,M"/><TAIKYOKU oya="0"/><INIT seed="0,0,0,1,0,120" ten="250,250,250,250" oya="0" hai0="18,10,3,62,82,41,51,47,124,64,74,27,39" hai1="100,30,4,90,12,76,103,94,17,6,70,36,11" hai2="84,63,114,21,125,54,75,110,66,129,32,105,112" hai3="65,87,102,22,123,37,52,91,19,15,60,49,57"/><T55/><D124/><U127/><E70/><V53/><F32/><W9/><G123/><T121/><D121/><U73/><E36/><V118/><F75/><W1/><G37/><T116/><D116/><U92/><E127/><V107/><F125/><W122/><G122/><T88/><D27/><U131/><E131/><V13/><F129/><W98/><G1/><T81/><D74/><U7/><E30/><V99/><F84/><W28/><G28/><T0/><D18/><U101/><REACH who="1" step="1"/><E90/><REACH who="1" ten="250,240,250,250" step="2"/><V35/><F118/><W126/><G126/><T117/><D117/><U106/><E106/><V77/><F107/><W128/><G128/><T119/><D119/><U72/><E72/><V108/><F112/><W134/><G134/><T26/><D88/><U31/><E31/><V97/><F114/><W80/><G9/><T78/><D10/><U25/><E25/><V59/><F35/><W104/><REACH who="3" step="1"/><G49/><REACH who="3" ten="250,240,250,240" step="2"/><T68/><D39/><U50/><E50/><V130/><F130/><W85/><G85/><T109/><D51/><U42/><E42/><V56/><F99/><W111/><G111/><T23/><D109/><U34/><E34/><V93/><F110/><W46/><G46/><T69/><D47/><U8/><E8/><V20/><F108/><W86/><G86/><T5/><D41/><U61/><E61/><V71/><F97/><W79/><G79/><T45/><D62/><U113/><E113/><V29/><F77/><W67/><AGARI ba="0,2" hai="15,19,22,52,57,60,65,67,80,87,91,98,102,104" machi="67" ten="30,4000,0" yaku="1,1,0,1,54,1,53,0" doraHai="120" doraHaiUra="135" who="3" fromWho="3" sc="250,-20,240,-10,250,-10,240,60" /><INIT seed="1,0,0,0,2,20" ten="230,230,240,300" oya="1" hai0="40,42,84,98,14,53,65,83,79,39,28,100,38" hai1="120,10,73,24,2,87,30,58,117,18,31,69,96" hai2="86,110,99,1,61,114,64,43,72,126,132,46,45" hai3="106,52,122,121,70,60,25,134,3,78,5,50,0"/><U71/><E117/><V90/><F72/><W101/><G78/><T133/><D133/><U26/><E73/><V8/><F110/><W44/><G134/><T77/><D65/><U17/><E120/><V23/><F132/><W102/><G0/><T85/><D53/><U13/><E2/><V80/><F126/><W131/><G131/><T109/><D109/><U21/><E96/><V12/><F114/><W41/><G5/><T118/><D118/><U135/><E135/><V51/><F1/><W36/><G3/><T76/><D14/><U113/><E113/><V123/><F123/><W15/><G15/><T35/><D39/><U34/><E18/><V93/><F23/><W27/><G122/><T9/><D9/><U4/><E4/><V63/><F46/><W56/><G121/><T129/><D129/><U49/><REACH who="1" step="1"/><E87/><REACH who="1" ten="230,220,240,300" step="2"/><V130/><F130/><W95/><G106/><T82/><D98/><U68/><E68/><V16/><REACH who="2" step="1"/><F64/><REACH who="2" ten="230,220,230,300" step="2"/><N who="3" m="41223" /><G102/><AGARI ba="0,2" hai="8,12,16,43,45,51,61,63,80,86,90,93,99,102" machi="102" ten="30,8000,1" yaku="1,1,7,1,8,1,54,1,53,1" doraHai="20" doraHaiUra="94" who="2" fromWho="3" sc="230,0,220,0,230,100,300,-80" /><INIT seed="2,0,0,3,3,48" ten="230,220,330,220" oya="2" hai0="18,12,56,37,86,54,15,72,39,95,135,31,38" hai1="80,47,49,121,74,14,34,50,117,64,131,68,85" hai2="102,92,2,124,22,20,9,62,89,113,58,109,0" hai3="75,43,3,26,42,119,114,28,94,129,30,23,46"/><V33/><F33/><W70/><G70/><T77/><D135/><U134/><E117/><V126/><F113/><W122/><G122/><T11/><D31/><U13/><E34/><V36/><F36/><W123/><G123/><T83/><D15/><U55/><E121/><V101/><F109/><W133/><G119/><T108/><D108/><U111/><E111/><V87/><F22/><W41/><G75/><T78/><D95/><U61/><E134/><V118/><F20/><W76/><G3/><T17/><D72/><U44/><E74/><V120/><F120/><W5/><G5/><T51/><REACH who="0" step="1"/><D78/><REACH who="0" ten="220,220,330,220" step="2"/><U103/><E131/><V21/><F118/><W7/><G76/><T106/><D106/><U93/><E93/><V107/><F107/><W130/><G94/><T88/><D88/><U105/><E105/><V24/><F102/><W100/><G30/><T91/><D91/><U57/><E103/><V52/><F101/><W40/><G100/><T97/><D97/><U132/><E132/><V115/><F115/><W27/><G114/><T116/><D116/><U112/><E112/><V82/><F92/><W79/><G79/><T69/><D69/><U81/><E68/><V71/><F71/><W73/><G73/><T110/><D110/><U63/><E85/><V65/><F0/><W4/><G26/><T19/><AGARI ba="0,1" hai="11,12,17,18,19,37,38,39,51,54,56,77,83,86" machi="19" ten="40,5200,0" yaku="1,1,0,1,52,1,53,0" doraHai="48" doraHaiUra="128" who="0" fromWho="0" sc="220,62,220,-13,330,-26,220,-13" /><INIT seed="3,0,0,3,4,21" ten="282,207,304,207" oya="3" hai0="26,39,104,127,132,3,6,14,18,82,5,40,23" hai1="128,11,108,112,73,38,55,32,77,78,10,24,57" hai2="58,30,100,31,105,107,79,124,74,87,114,71,90" hai3="116,62,20,125,96,7,12,81,117,91,44,43,89"/><W68/><G125/><T15/><D104/><U99/><E112/><V35/><F71/><W53/><G81/><T37/><D127/><U63/><E38/><V17/><F124/><W36/><G89/><T69/><D69/><U64/><E108/><V42/><F42/><W0/><G0/><T98/><D132/><U75/><E128/><V49/><F114/><W121/><G121/><T22/><D3/><U61/><E99/><V94/><F107/><W134/><G134/><T95/><D82/><U70/><E78/><V86/><F35/><W33/><G33/><T109/><D109/><U4/><E77/><V29/><F74/><W9/><G20/><T8/><D40/><U76/><E76/><V126/><F126/><W115/><G115/><T135/><D135/><U83/><E83/><N who="2" m="47487" /><F105/><W25/><G25/><T45/><D45/><U120/><E120/><V129/><F129/><W46/><G46/><T13/><D13/><U54/><E54/><N who="2" m="32079" /><F17/><W80/><G80/><T113/><D113/><U119/><E119/><V67/><F67/><W41/><G41/><T19/><REACH who="0" step="1"/><D6/><REACH who="0" ten="272,207,304,207" step="2"/><U56/><E70/><V65/><F65/><N who="3" m="41015" /><G53/><T27/><D27/><U131/><E131/><V103/><AGARI ba="0,1" hai="29,30,31,87,90,94,100,103" m="32079,47487" machi="103" ten="30,1100,0" yaku="8,1" doraHai="21" who="2" fromWho="2" sc="272,-3,207,-3,304,21,207,-5" /><INIT seed="4,0,0,0,2,45" ten="269,204,325,202" oya="0" hai0="89,34,68,62,126,10,119,85,64,24,1,72,111" hai1="16,109,98,106,13,65,87,60,48,91,123,67,132" hai2="55,57,81,90,134,3,108,32,54,116,23,37,112" hai3="56,6,102,35,77,107,58,9,88,73,41,120,101"/><T18/><D119/><U99/><E123/><V21/><F32/><W12/><G35/><T59/><D72/><U0/><E109/><V15/><F3/><W74/><G120/><T135/><D111/><U26/><E0/><V122/><F37/><W110/><G110/><T19/><D135/><U78/><E132/><V129/><F108/><W53/><G41/><T118/><D118/><U86/><E26/><V94/><F116/><W97/><G102/><T127/><D68/><U36/><E36/><V31/><F134/><W14/><G14/><T43/><D43/><U115/><E115/><V5/><F81/><W103/><G103/><T92/><D1/><U128/><E128/><V66/><F129/><W47/><G88/><T28/><REACH who="0" step="1"/><D10/><REACH who="0" ten="259,204,325,202" step="2"/><U100/><E106/><V79/><F122/><W39/><G74/><T17/><AGARI ba="0,1" hai="17,18,19,24,28,34,59,62,64,85,89,92,126,127" machi="17" ten="30,11700,0" yaku="1,1,2,1,0,1,53,1" doraHai="45" doraHaiUra="84" who="0" fromWho="0" sc="259,127,204,-39,325,-39,202,-39" /><INIT seed="4,1,0,0,4,30" ten="386,165,286,163" oya="0" hai0="6,106,50,67,79,84,121,0,56,34,25,72,105" hai1="107,95,134,112,123,81,92,11,23,46,27,113,12" hai2="100,111,69,66,51,85,104,109,2,42,108,54,45" hai3="60,39,13,117,5,91,19,114,120,26,53,103,78"/><T124/><D121/><U24/><E123/><V61/><F2/><W98/><G114/><N who="1" m="44138" /><E107/><V20/><F20/><W41/><G117/><T115/><D72/><U102/><E134/><V88/><F100/><W131/><G131/><T57/><D115/><U89/><E46/><V17/><F17/><W21/><G78/><T75/><D75/><U16/><E102/><V116/><F104/><W10/><G120/><T4/><D124/><U35/><E81/><V129/><F129/><W94/><G39/><T58/><D67/><U29/><E89/><V133/><F133/><W135/><G135/><T40/><D106/><U125/><E125/><V74/><F74/><W3/><G103/><T110/><D105/><U18/><AGARI ba="1,0" hai="11,12,16,18,23,24,27,29,35,92,95" m="44138" machi="18" ten="30,7900,0" yaku="15,1,11,1,52,1,54,1" doraHai="30" who="1" fromWho="1" sc="386,-40,165,82,286,-21,163,-21" /><INIT seed="5,0,0,3,4,73" ten="346,247,265,142" oya="1" hai0="43,12,76,5,8,85,79,74,38,112,91,16,53" hai1="64,101,105,104,34,33,106,94,100,52,39,18,54" hai2="119,113,22,128,57,90,134,69,82,103,78,124,36" hai3="58,21,6,118,68,63,111,7,59,127,19,70,83"/><U120/><E120/><V87/><F69/><W81/><G111/><T50/><D74/><U40/><E64/><V125/><F36/><W35/><G35/><N who="1" m="13322" /><E94/><V60/><F119/><W107/><G107/><T108/><D108/><U66/><E66/><V129/><F22/><W15/><G118/><T62/><D112/><U14/><E39/><V24/><F24/><W31/><G127/><N who="2" m="48713" /><F113/><W98/><G98/><T0/><D62/><U2/><E14/><V32/><F32/><W25/><G70/><T133/><D43/><U115/><E18/><V9/><F9/><W13/><G68/><T114/><D38/><U67/><E67/><N who="2" m="39311" /><F103/><N who="1" m="39497" /><E115/><V51/><F51/><W131/><G19/><T99/><D99/><U56/><E40/><V20/><F20/><W75/><G75/><T135/><D114/><U96/><E56/><V122/><F90/><W4/><G131/><N who="2" m="50249" /><F122/><W86/><G59/><N who="0" m="33207" /><D12/><U95/><E2/><V28/><F28/><W46/><G46/><T92/><D16/><U23/><E23/><V89/><F89/><W1/><G1/><T37/><D37/><U26/><E26/><V3/><F3/><W17/><G17/><T61/><D61/><U27/><E27/><V84/><F84/><W48/><G48/><T45/><D45/><U102/><N who="1" m="39505" /><U72/><DORA hai="30" /><E72/><V126/><N who="2" m="48721" /><V29/><DORA hai="80" /><F29/><W42/><G42/><T117/><D117/><U41/><E41/><V47/><F47/><W77/><REACH who="3" step="1"/><G81/><REACH who="3" ten="346,247,265,132" step="2"/><T130/><D130/><U110/><E110/><V88/><F88/><W65/><AGARI ba="0,1" hai="4,6,7,13,15,21,25,31,58,63,65,77,83,86" machi="65" ten="30,12000,2" yaku="1,1,2,1,0,1,8,1,52,2,53,1" doraHai="73,30,80" doraHaiUra="123,121,55" who="3" fromWho="3" sc="346,-30,247,-60,265,-30,132,130" /><INIT seed="6,0,0,5,4,115" ten="316,187,235,262" oya="2" hai0="31,97,98,53,67,94,116,89,126,99,30,124,59" hai1="88,12,90,85,130,101,108,3,41,63,122,32,34" hai2="96,61,18,100,57,64,6,74,131,46,73,104,43" hai3="91,16,112,55,127,21,5,22,42,78,71,128,107"/><V125/><F131/><W68/><G107/><T11/><D67/><U93/><E108/><V106/><F106/><W92/><G112/><T123/><D123/><U54/><E3/><V133/><F133/><W129/><G42/><T56/><D11/><U72/><E72/><V111/><F125/><N who="0" m="48234" /><D116/><U81/><E130/><N who="3" m="50282" /><G5/><T13/><D13/><U25/><E122/><V77/><F111/><W80/><G22/><T119/><D119/><U7/><E41/><V118/><F118/><W76/><G55/><T117/><D59/><U36/><E101/><V9/><F77/><N who="3" m="29803" /><G80/><T132/><D132/><U28/><E36/><V114/><F114/><W14/><G127/><T4/><D4/><U38/><E38/><V33/><F33/><W48/><G48/><N who="0" m="30759" /><D117/><U24/><E7/><V105/><F105/><W87/><AGARI ba="0,0" hai="14,16,21,68,71,87,91,92" m="29803,50282" machi="87" ten="30,2000,0" yaku="19,1,54,1" doraHai="115" who="3" fromWho="3" sc="316,-5,187,-5,235,-10,262,20" /><INIT seed="7,0,0,5,4,20" ten="311,182,225,282" oya="3" hai0="72,124,101,85,122,133,38,73,98,74,31,9,18" hai1="49,92,135,83,44,125,130,58,88,45,108,30,0" hai2="29,19,95,89,80,55,96,82,115,52,64,13,22" hai3="59,97,28,91,21,63,56,76,81,132,70,104,23"/><W34/><G132/><T43/><D122/><U118/><E108/><V110/><F115/><W116/><G116/><T6/><D133/><U36/><E135/><V106/><F110/><W2/><G2/><N who="0" m="215" /><D18/><U41/><E0/><V62/><F106/><W14/><G14/><T127/><D85/><U16/><E118/><V25/><F82/><W67/><G59/><T15/><D15/><U119/><E119/><V87/><F62/><W26/><G56/><T111/><D31/><U60/><E130/><V128/><F64/><W121/><G121/><T42/><D111/><U10/><E125/><N who="0" m="48201" /><D38/><U112/><E112/><V113/><F113/><W100/><G91/><T78/><D78/><U32/><E83/><V8/><F128/><W68/><G68/><T24/><D24/><U46/><E36/><V69/><F69/><W5/><G5/><T27/><D27/><U109/><E109/><V86/><F86/><AGARI ba="0,0" hai="21,23,26,28,34,63,67,70,76,81,86,97,100,104" machi="86" ten="30,11600,0" yaku="7,1,25,2,52,1" doraHai="20" who="3" fromWho="2" sc="311,0,182,0,225,-116,282,116" owari="311,11.1,182,-21.8,109,-39.1,398,49.8" /></mjloggm>