<mjloggm ver="2.3"><GO type="169" lobby="0"/><UN n0="%6F%6B%62%6F%6B%62" n1="%E7%A8%B2%E5%A6%BB%E3%81%A1%E3%82%83%E3%81%A3%E3%81%B4%E3%83%BC" n2="%E7%BC%B6%E3%82%B3%E3%83%92" n3="%E4%B9%9D%E7%B4%8B%E9%BE%8D%E5%8F%B2%E9%80%B2" dan="17,17,16,19" rate="2206.85,2167.83,2021.30,2299.78" sx="M,M,M,M"/><TAIKYOKU oya="0"/><INIT seed="0,0,0,1,1,43" ten="250,250,250,250" oya="0" hai0="81,12,126,62,102,98,74,130,100,78,84,97,122" hai1="125,109,49,94,44,10,85,114,99,131,39,32,118" hai2="134,105,115,69,65,135,87,83,27,92,6,82,40" hai3="127,36,31,53,123,11,18,75,59,57,37,15,124"/><T96/><D122/><U35/><E118/><V120/><F105/><W24/><G75/><T30/><D30/><U132/><E39/><V51/><F115/><W121/><G37/><T73/><D12/><U129/><E109/><V34/><F6/><W104/><G104/><T89/><D62/><U93/><E114/><V23/><F34/><W101/><G101/><N who="0" m="39019" /><D130/><N who="1" m="49675" /><E125/><N who="3" m="48202" /><G36/><T76/><D126/><U95/><E99/><V17/><F120/><N who="3" m="46155" /><G53/><T79/><AGARI ba="0,0" hai="73,74,76,78,79,81,84,89,96,97,98" m="39019" machi="79" ten="40,12000,1" yaku="35,5" doraHai="43" who="0" fromWho="0" sc="250,120,250,-40,250,-40,250,-40" /><INIT seed="0,1,0,1,2,92" ten="370,210,210,210" oya="0" hai0="83,111,12,36,87,57,114,49,97,34,82,67,4" hai1="130,70,81,60,62,84,134,121,22,95,100,46,85" hai2="43,39,109,27,128,105,126,61,122,110,94,119,77" hai3="117,106,135,28,113,64,74,26,47,96,101,8,104"/><T89/><D36/><U79/><E121/><V2/><F2/><W0/><G113/><T37/><D37/><U53/><E130/><V71/><F105/><W123/><G117/><T66/><D34/><U20/><E134/><V93/><F77/><W23/><G135/><T90/><D114/><U24/><E22/><V88/><F119/><W11/><G123/><T41/><D111/><U91/><E100/><V40/><F122/><W54/><G74/><T108/><D108/><N who="2" m="41578" /><F128/><W103/><G64/><T44/><D57/><U21/><E21/><V50/><F39/><W19/><G0/><T72/><D72/><U33/><E33/><V3/><F3/><W17/><G54/><T58/><D58/><U120/><E70/><V55/><F93/><W9/><REACH who="3" step="1"/><G47/><REACH who="3" ten="370,210,210,200" step="2"/><T16/><D66/><U75/><E75/><V31/><F126/><W45/><G45/><T98/><D67/><U25/><E120/><V15/><F71/><W42/><G42/><T59/><D59/><U73/><E73/><V68/><F68/><W76/><G76/><T125/><D125/><U86/><E46/><N who="2" m="28119" /><F61/><W32/><G32/><T29/><D29/><N who="1" m="17543" /><E53/><V115/><F115/><W118/><G118/><T102/><D44/><U131/><E131/><V129/><F129/><W124/><G124/><T6/><D41/><U18/><E60/><V80/><F43/><W112/><G112/><T5/><D49/><U10/><E62/><V7/><F40/><W63/><G63/><T14/><D102/><U13/><E25/><V38/><F27/><W107/><G107/><T99/><D16/><U133/><E133/><RYUUKYOKU ba="1,1" sc="370,10,210,10,210,-30,200,10" hai0="4,5,6,12,14,82,83,87,89,90,97,98,99" hai1="10,13,18,79,81,84,85,86,91,95" hai3="8,9,11,17,19,23,26,28,96,101,103,104,106" /><INIT seed="0,2,1,3,0,75" ten="380,220,180,210" oya="0" hai0="88,18,109,92,68,111,34,131,8,6,121,104,103" hai1="36,57,3,124,31,125,82,93,120,87,30,39,7" hai2="37,2,115,32,24,96,134,17,106,116,74,15,13" hai3="61,63,98,54,35,55,123,1,46,118,102,112,126"/><T90/><D121/><U48/><E120/><V16/><F37/><W91/><G123/><T66/><D34/><U117/><E117/><V9/><F74/><W14/><G118/><T86/><D131/><U95/><E7/><N who="2" m="1271" /><F96/><W128/><G1/><T44/><D44/><U85/><E3/><V94/><F94/><W19/><G35/><T97/><D18/><U20/><E82/><V59/><F59/><W132/><G112/><T5/><D90/><U29/><E57/><V60/><F60/><W71/><G128/><T108/><D8/><U133/><E48/><V79/><F106/><W53/><G132/><T135/><D135/><U77/><E133/><V58/><F58/><W129/><G129/><T76/><D76/><U28/><E28/><N who="2" m="19463" /><F79/><W105/><G126/><T80/><REACH who="0" step="1"/><D104/><REACH who="0" ten="370,220,180,210" step="2"/><U38/><E77/><V10/><F134/><W27/><G46/><T51/><D51/><U72/><E20/><N who="2" m="11279" /><F116/><W33/><G91/><T83/><D83/><U65/><E72/><V25/><F115/><W99/><G105/><T12/><D12/><U130/><E130/><V113/><F113/><W21/><G14/><T110/><N who="0" m="27648" /><DORA hai="84" /><T11/><D11/><U56/><E124/><V43/><F43/><W78/><G78/><T101/><D101/><U47/><E47/><V107/><F107/><W89/><G89/><T81/><D81/><U127/><E125/><V100/><F100/><W50/><G50/><T40/><D40/><U42/><E42/><V73/><F73/><W62/><G102/><T52/><D52/><U69/><E127/><V64/><F25/><W114/><G27/><RYUUKYOKU ba="2,2" sc="370,15,220,-15,180,15,210,-15" hai0="5,6,66,68,80,86,88,92,97,103" hai2="10,15,17,64" /><INIT seed="0,3,2,1,0,80" ten="385,205,195,195" oya="0" hai0="45,78,102,20,135,71,31,8,108,14,128,16,77" hai1="104,27,29,92,55,83,113,47,12,72,34,90,42" hai2="11,48,7,120,103,82,59,28,131,1,46,96,24" hai3="2,70,37,133,123,93,94,40,64,98,107,50,117"/><T76/><D135/><U69/><E104/><V41/><F120/><W22/><G117/><T21/><D128/><U30/><E69/><V60/><F131/><W87/><G2/><T52/><D71/><U62/><E113/><V106/><F82/><W15/><G37/><T58/><D108/><U85/><E30/><V122/><F122/><W33/><G33/><T19/><D102/><U75/><E12/><V86/><F86/><W121/><G133/><T18/><D45/><U39/><REACH who="1" step="1"/><E83/><REACH who="1" ten="385,195,195,195" step="2"/><V127/><F127/><W105/><G105/><T116/><D116/><U129/><E129/><V56/><REACH who="2" step="1"/><F60/><REACH who="2" ten="385,195,185,195" step="2"/><W112/><G123/><T132/><D132/><U36/><E36/><V13/><F13/><W68/><G121/><T130/><D130/><U61/><E61/><V0/><F0/><W111/><G15/><T51/><REACH who="0" step="1"/><D31/><REACH who="0" ten="375,195,185,195" step="2"/><U101/><E101/><V53/><F53/><W66/><G112/><T88/><D88/><U6/><E6/><AGARI ba="3,5" hai="6,8,14,16,18,19,20,21,51,52,58,76,77,78" machi="6" ten="40,12000,1" yaku="1,1,8,1,54,2,53,0" doraHai="80" doraHaiUra="114" who="0" fromWho="1" sc="375,179,195,-129,185,0,195,0" /><INIT seed="0,4,0,0,5,10" ten="554,66,185,195" oya="0" hai0="84,135,132,34,4,88,50,128,73,120,2,70,113" hai1="53,103,7,51,25,111,75,133,32,15,19,35,58" hai2="127,39,129,74,17,3,48,62,122,36,68,71,47" hai3="72,107,20,114,105,130,76,49,27,30,43,90,0"/><T118/><RYUUKYOKU type="yao9" ba="4,0" sc="554,0,66,0,185,0,195,0" hai0="2,4,34,50,70,73,84,88,113,118,120,128,132,135" /><INIT seed="0,5,0,2,3,119" ten="554,66,185,195" oya="0" hai0="78,36,76,14,46,90,117,47,42,109,131,126,20" hai1="123,2,55,113,105,19,82,122,94,81,102,61,9" hai2="124,107,44,21,18,31,115,86,116,128,125,58,25" hai3="118,11,39,7,51,98,129,87,83,16,104,48,34"/><T60/><D117/><U101/><E113/><V114/><F107/><W27/><G118/><T103/><D103/><U5/><E105/><V3/><F116/><W112/><G39/><T130/><D126/><N who="2" m="48746" /><F44/><W28/><G129/><N who="0" m="49163" /><D109/><U127/><E127/><V52/><F128/><W88/><G112/><T72/><D72/><U96/><E102/><V85/><F3/><W12/><G104/><T41/><D60/><U6/><E6/><V67/><F67/><W35/><G35/><T108/><D90/><U26/><E55/><V37/><F37/><W40/><G98/><T110/><D20/><U38/><E38/><V89/><F31/><W8/><REACH who="3" step="1"/><G40/><REACH who="3" ten="554,66,185,185" step="2"/><T32/><D32/><U33/><E61/><N who="2" m="36039" /><F86/><W106/><G106/><T135/><D110/><U66/><E66/><V49/><F49/><W30/><G30/><T134/><D108/><U43/><E43/><V75/><F75/><W50/><G50/><N who="0" m="26959" /><D135/><U13/><E33/><V77/><F77/><W99/><G99/><T0/><D134/><U53/><E53/><V22/><F22/><W63/><G63/><T68/><D78/><U70/><E96/><V132/><F132/><W45/><G45/><T121/><D76/><U64/><E64/><V80/><AGARI ba="5,1" hai="18,21,25,80,85,89,114,115" m="36039,48746" machi="80" ten="30,2000,0" yaku="18,1,54,1" doraHai="119" who="2" fromWho="2" sc="554,-15,66,-10,185,45,185,-10" /><INIT seed="1,0,0,3,4,112" ten="539,56,230,175" oya="1" hai0="105,97,82,52,75,120,101,10,80,24,18,50,73" hai1="47,21,130,56,27,72,110,31,8,53,102,133,28" hai2="58,107,15,90,77,38,67,13,117,89,39,68,79" hai3="66,95,20,106,1,11,3,32,92,45,69,111,30"/><U61/><E72/><V14/><F107/><W34/><G106/><T96/><D96/><U0/><E130/><V59/><F68/><W65/><G111/><T94/><D105/><U33/><E133/><V40/><F40/><W91/><G45/><T36/><D36/><U127/><E127/><V86/><F86/><W125/><G125/><T48/><D120/><U121/><E121/><V4/><F15/><W113/><G113/><T122/><D122/><U22/><E110/><V29/><F29/><W123/><G123/><T84/><D48/><U2/><E102/><V62/><F62/><W98/><G20/><T116/><D80/><U131/><E131/><V115/><F115/><W55/><G55/><T81/><D82/><U9/><E33/><V114/><F114/><W49/><G49/><T41/><D41/><U37/><E37/><V104/><F104/><W42/><G42/><T128/><D128/><U46/><E2/><V16/><F67/><W12/><G3/><T126/><D24/><N who="1" m="16399" /><E0/><V76/><F76/><W35/><G1/><T99/><D101/><U51/><E47/><V135/><F135/><W109/><G30/><T108/><D75/><U43/><AGARI ba="0,0" hai="8,9,22,27,31,43,46,51,53,56,61" m="16399" machi="43" ten="30,1500,0" yaku="8,1" doraHai="112" who="1" fromWho="1" sc="539,-5,56,15,230,-5,175,-5" /><INIT seed="1,1,0,4,5,74" ten="534,71,225,170" oya="1" hai0="87,30,57,93,43,129,6,112,15,1,130,97,10" hai1="104,81,96,76,63,52,44,108,98,121,110,113,34" hai2="122,72,33,115,7,24,123,80,77,8,119,128,29" hai3="131,133,39,55,68,118,35,61,4,11,114,18,26"/><U134/><E113/><V117/><F115/><W51/><G114/><T19/><D43/><U90/><E121/><V22/><F128/><W31/><G39/><T64/><D30/><U0/><E0/><N who="2" m="103" /><F22/><W89/><G131/><T53/><D64/><U58/><E34/><V73/><F73/><W71/><G133/><T126/><D126/><U70/><E134/><V16/><F16/><W47/><G118/><AGARI ba="1,0" hai="24,29,33,72,77,80,117,118,119,122,123" m="103" machi="118" ten="30,2000,0" yaku="23,1,52,1" doraHai="74" who="2" fromWho="3" sc="534,0,71,0,225,23,170,-23" /><INIT seed="2,0,0,1,2,116" ten="534,71,248,147" oya="2" hai0="113,77,49,48,123,51,78,114,124,57,61,119,19" hai1="38,43,134,4,80,41,105,16,97,115,98,55,52" hai2="9,29,63,33,121,71,64,96,12,110,40,6,106" hai3="118,46,127,22,45,7,14,73,120,89,17,67,111"/><V59/><F40/><W10/><G118/><T125/><D119/><U88/><E115/><N who="0" m="44041" /><D19/><U129/><E4/><V23/><F110/><W109/><G127/><N who="0" m="48715" /><D123/><U36/><E105/><V56/><F23/><W11/><G120/><T112/><N who="0" m="44049" /><T15/><DORA hai="128" /><D15/><U86/><E129/><V3/><F3/><W27/><G73/><T35/><D35/><U54/><E134/><V8/><F8/><W92/><G67/><AGARI ba="0,0" hai="48,49,51,57,61,67,77,78" m="48715,44049" machi="67" ten="50,1600,0" yaku="18,1" doraHai="116,128" who="0" fromWho="3" sc="534,16,71,0,248,0,147,-16" /><INIT seed="3,0,0,1,5,80" ten="550,71,248,131" oya="3" hai0="23,99,89,29,37,92,59,9,77,44,74,26,123" hai1="24,101,32,64,34,36,115,129,112,67,53,94,4" hai2="118,119,47,61,124,51,107,104,8,30,84,135,45" hai3="95,39,14,87,20,121,2,134,43,79,93,19,38"/><W21/><G121/><T132/><D132/><U48/><E36/><V0/><F135/><W133/><G2/><T90/><D123/><U49/><E4/><V15/><F0/><W56/><G133/><T18/><D59/><U54/><E94/><V40/><F124/><W41/><G134/><T31/><D74/><U100/><REACH who="1" step="1"/><E24/><REACH who="1" ten="550,61,248,131" step="2"/><V5/><F107/><W96/><G39/><T66/><D26/><U120/><E120/><V50/><F104/><W117/><G38/><T78/><D37/><U75/><E75/><V33/><F5/><W13/><G117/><T114/><D114/><U106/><E106/><V103/><F118/><W63/><G95/><T88/><D92/><U108/><E108/><V16/><F119/><W128/><G128/><AGARI ba="0,1" hai="32,34,48,49,53,54,64,67,100,101,112,115,128,129" machi="128" ten="25,3200,0" yaku="1,1,22,2,53,0" doraHai="80" doraHaiUra="81" who="1" fromWho="3" sc="550,0,61,42,248,0,131,-32" /><INIT seed="4,0,0,4,3,99" ten="550,103,248,99" oya="0" hai0="95,89,12,80,40,85,107,38,62,77,78,119,16" hai1="91,94,54,69,32,122,114,88,130,104,132,30,106" hai2="70,66,43,101,63,134,108,55,49,2,60,8,25" hai3="65,37,13,1,103,117,53,9,14,75,68,127,7"/><T84/><D119/><U113/><E69/><V26/><F108/><W6/><G117/><T109/><D109/><U110/><E110/><V125/><F125/><W20/><G127/><T4/><D4/><U92/><E30/><V19/><F134/><W61/><G75/><T51/><D38/><U15/><E32/><V126/><F126/><W73/><G73/><T83/><D107/><N who="1" m="41003" /><E15/><V105/><F43/><W96/><G37/><T79/><D62/><U82/><E54/><V57/><F63/><W50/><G20/><T18/><D18/><U123/><E132/><V118/><F118/><W45/><REACH who="3" step="1"/><G7/><REACH who="3" ten="550,103,248,89" step="2"/><T72/><D72/><U133/><E133/><V93/><F26/><W121/><G121/><T33/><D33/><U42/><E122/><V102/><F25/><W124/><G124/><T36/><D36/><U22/><E22/><V115/><F115/><W129/><G129/><T100/><D77/><U24/><E130/><V98/><F70/><W112/><G112/><T39/><D39/><U87/><E123/><V116/><F116/><W74/><G74/><T11/><D51/><U35/><E114/><V90/><F49/><W29/><G29/><T128/><D128/><U27/><E113/><V111/><F111/><W131/><G131/><T48/><D48/><U58/><E35/><V21/><F21/><W44/><G44/><T34/><D34/><U0/><E24/><V81/><F66/><W71/><G71/><T52/><D79/><U28/><E27/><V17/><F60/><W41/><G41/><T5/><D40/><U46/><E42/><V23/><F23/><RYUUKYOKU ba="0,1" sc="550,-10,103,-10,248,-10,89,30" hai3="1,6,9,13,14,45,50,53,61,65,68,96,103" /><INIT seed="5,1,1,2,1,131" ten="540,93,238,119" oya="1" hai0="3,41,71,57,43,68,115,53,63,38,27,133,16" hai1="18,97,37,60,78,21,96,87,98,66,126,83,32" hai2="86,128,125,31,103,7,101,49,112,15,2,75,107" hai3="93,45,17,124,134,92,76,28,119,67,1,127,0"/><U99/><E32/><V61/><F75/><W104/><G104/><T106/><D106/><U74/><E126/><N who="3" m="48170" /><G119/><T108/><D3/><N who="3" m="1097" /><G28/><T90/><D90/><U8/><E37/><V135/><F61/><W122/><G122/><T14/><D27/><U85/><N who="1" m="24576" /><DORA hai="117" /><U100/><E8/><V22/><F22/><W84/><G67/><T24/><D108/><U102/><E102/><V109/><F109/><W5/><G5/><T30/><D115/><U44/><E44/><V113/><F2/><W62/><G62/><T11/><D133/><U82/><E100/><V42/><F135/><W88/><G76/><T69/><REACH who="0" step="1"/><D38/><REACH who="0" ten="530,93,238,119" step="2"/><U89/><E89/><V105/><F113/><W33/><G134/><T40/><D40/><U12/><REACH who="1" step="1"/><E83/><REACH who="1" ten="530,83,238,119" step="2"/><V114/><F112/><W80/><G33/><AGARI ba="1,3" hai="11,14,16,24,30,33,41,43,53,57,63,68,69,71" machi="33" ten="40,5200,0" yaku="1,1,54,1,53,1" doraHai="131,117" doraHaiUra="59,120" who="0" fromWho="3" sc="530,85,83,0,238,0,119,-55" /><INIT seed="6,0,0,0,2,87" ten="615,83,238,64" oya="2" hai0="53,57,129,81,6,19,42,96,21,30,124,98,75" hai1="14,46,77,116,64,33,43,49,58,9,101,132,22" hai2="23,86,103,29,110,27,60,67,56,89,92,65,32" hai3="41,7,44,36,12,85,78,26,115,102,4,113,82"/><V34/><F110/><W133/><G133/><T128/><D42/><U35/><E116/><V105/><F105/><W120/><G120/><T91/><D30/><U135/><E22/><V73/><F73/><W111/><G111/><T1/><D6/><U69/><E101/><V106/><F106/><W125/><G125/><T72/><D1/><U100/><E100/><V112/><F112/><N who="3" m="43083" /><G102/><T94/><D98/><U97/><E97/><V134/><F134/><N who="1" m="51241" /><E69/><V66/><F103/><W51/><G26/><N who="0" m="14655" /><D124/><U52/><E77/><V126/><F126/><W5/><G36/><T107/><D107/><U15/><E64/><V55/><AGARI ba="0,0" hai="23,27,29,32,34,55,56,60,65,66,67,86,89,92" machi="55" ten="30,3000,0" yaku="0,1,52,1" doraHai="87" who="2" fromWho="2" sc="615,-10,83,-10,238,30,64,-10" /><INIT seed="6,1,0,2,3,89" ten="605,73,268,54" oya="2" hai0="42,105,63,108,76,66,57,94,4,109,36,71,131" hai1="98,88,121,21,126,80,96,41,51,86,2,28,38" hai2="127,77,15,37,118,97,134,11,129,60,123,25,64" hai3="133,61,8,53,73,116,132,90,103,29,72,65,18"/><V100/><F118/><W81/><G116/><T110/><D105/><U23/><E38/><V22/><F127/><W111/><G111/><T27/><D76/><U19/><E2/><V1/><F129/><W102/><G29/><T112/><D4/><U54/><E41/><V56/><F37/><W30/><G30/><T67/><D27/><N who="1" m="16495" /><E126/><V0/><F77/><W119/><G53/><T32/><D32/><U43/><E43/><V13/><F13/><N who="3" m="7463" /><G119/><T26/><D26/><N who="1" m="14719" /><E121/><V92/><F134/><N who="3" m="51819" /><G90/><T33/><D33/><U46/><AGARI ba="1,0" hai="46,51,54,80,86,88,96,98" m="14719,16495" machi="46" ten="30,2000,0" yaku="8,1,54,1" doraHai="89" who="1" fromWho="1" sc="605,-6,73,23,268,-11,54,-6" /><INIT seed="7,0,0,5,1,15" ten="599,96,257,48" oya="3" hai0="63,105,106,92,74,6,53,96,62,34,100,37,33" hai1="19,87,59,40,21,84,73,25,1,120,49,47,0" hai2="80,7,56,61,102,71,5,54,135,11,55,13,90" hai3="107,118,104,119,91,117,58,39,121,95,134,132,127"/><W45/><G58/><T113/><D37/><U79/><E120/><V101/><F71/><W32/><G32/><T81/><D6/><U28/><E73/><V124/><F124/><W76/><G45/><T75/><D113/><U130/><E130/><V57/><F135/><N who="3" m="51755" /><G39/><T29/><D92/><U129/><E129/><V78/><F7/><W17/><G121/><T52/><D81/><U93/><E0/><V4/><F4/><W24/><G127/><T43/><D43/><U112/><E1/><V27/><F27/><W14/><G24/><T85/><D85/><U18/><E112/><V46/><F46/><W126/><G76/><T31/><D96/><U83/><E59/><V77/><F77/><W26/><G26/><T103/><AGARI ba="0,0" hai="29,31,33,34,52,53,62,63,74,75,100,103,105,106" machi="103" ten="25,6400,0" yaku="0,1,22,2,54,1" doraHai="15" who="0" fromWho="0" sc="599,64,96,-16,257,-16,48,-32" owari="663,76.3,80,-32.0,241,4.1,16,-48.4" /></mjloggm>