<mjloggm ver="2.3"><GO type="169" lobby="0"/><UN n0="%E9%BA%BB%E9%9B%80%49%51%31%32%30" n1="%63%2E%63%2D%76%2E%76" n2="%E8%B4%88%E4%BA%BA%E8%A9%A9%E6%96%BC%E5%A4%A2" n3="%E3%81%B5%E3%82%8D%E3%82%93" dan="16,17,17,17" rate="2093.32,2216.56,2200.71,2204.28" sx="M,F,M,M"/><TAIKYOKU oya="0"/><INIT seed="0,0,0,3,3,128" ten="250,250,250,250" oya="0" hai0="102,30,108,104,83,46,28,24,131,100,92,99,71" hai1="52,101,103,87,39,126,84,107,91,133,49,97,65" hai2="15,66,36,31,1,125,26,23,106,34,95,111,90" hai3="62,135,12,17,105,82,94,122,113,42,74,13,47"/><T89/><D131/><U79/><E39/><V18/><F36/><W25/><G105/><T10/><D71/><U130/><E130/><V98/><F111/><W75/><G113/><T68/><D68/><U33/><E33/><V3/><F125/><W38/><G122/><T76/><D108/><U19/><E65/><V11/><F106/><W117/><G117/><T119/><D119/><U118/><E118/><V63/><REACH who="2" step="1"/><F34/><REACH who="2" ten="250,250,240,250" step="2"/><W93/><G38/><T2/><D104/><U7/><E107/><V110/><F110/><W112/><G112/><T114/><D114/><U40/><E126/><V59/><AGARI ba="0,1" hai="1,3,11,15,18,23,26,31,59,63,66,90,95,98" machi="59" ten="20,2700,0" yaku="1,1,0,1,7,1,53,0" doraHai="128" doraHaiUra="127" who="2" fromWho="2" sc="250,-13,250,-7,240,37,250,-7" /><INIT seed="1,0,0,5,4,13" ten="237,243,277,243" oya="1" hai0="24,83,129,63,59,124,4,12,52,56,30,95,115" hai1="16,35,114,96,82,128,75,101,43,99,92,40,79" hai2="65,97,72,69,87,89,122,91,68,61,51,49,3" hai3="28,6,36,23,116,106,105,84,50,88,98,119,107"/><U123/><E114/><V46/><F72/><W90/><G36/><T64/><D124/><U29/><E128/><V94/><F3/><W42/><G6/><T109/><D109/><U10/><E123/><V110/><F110/><W20/><G98/><T57/><D129/><U78/><E78/><V21/><F69/><W108/><G108/><T41/><D115/><U0/><E0/><V93/><F122/><W130/><G130/><T14/><D41/><U7/><E7/><V125/><F125/><W120/><G120/><T31/><D59/><U11/><E35/><V25/><REACH who="2" step="1"/><F46/><REACH who="2" ten="237,243,267,243" step="2"/><W103/><G119/><T2/><D2/><U104/><E29/><AGARI ba="0,1" hai="21,25,29,49,51,61,65,68,87,89,91,93,94,97" machi="29" ten="30,3900,0" yaku="1,1,2,1,7,1,53,0" doraHai="13" doraHaiUra="34" who="2" fromWho="1" sc="237,0,243,-39,267,49,243,0" /><INIT seed="2,0,0,4,2,50" ten="237,204,316,243" oya="2" hai0="35,85,135,80,94,62,90,45,124,41,43,18,46" hai1="42,97,19,117,25,70,26,125,5,1,69,99,17" hai2="129,37,98,101,127,114,75,93,24,64,105,96,22" hai3="103,47,30,115,56,132,7,107,0,81,67,21,106"/><V58/><F37/><W14/><G132/><T29/><D124/><U131/><E117/><V92/><F114/><W83/><G115/><T57/><D35/><U34/><E125/><V76/><F127/><W84/><G0/><T116/><D135/><U63/><E42/><V71/><F71/><W68/><G68/><T108/><D108/><U39/><E39/><V110/><F129/><W10/><G47/><T119/><D29/><U40/><E40/><V44/><F44/><W8/><G103/><T13/><D119/><U79/><E79/><V52/><F64/><W38/><G38/><T36/><D116/><U78/><E78/><V111/><F76/><W2/><G21/><T66/><D41/><U48/><E63/><N who="2" m="36295" /><F75/><W86/><G30/><T121/><D121/><U55/><E1/><V133/><F133/><W100/><G67/><T77/><D43/><U91/><E69/><V54/><F54/><W32/><G56/><T16/><D18/><U134/><E131/><V15/><F15/><W65/><G65/><T9/><REACH who="0" step="1"/><D36/><REACH who="0" ten="227,204,316,243" step="2"/><U82/><E19/><N who="2" m="12383" /><F105/><W123/><G107/><T49/><D49/><U89/><E48/><V72/><F72/><AGARI ba="0,1" hai="9,13,16,45,46,57,62,66,72,77,80,85,90,94" machi="72" ten="30,7700,0" yaku="1,1,7,1,54,1,53,1" doraHai="50" doraHaiUra="104" who="0" fromWho="2" sc="227,87,204,0,316,-77,243,0" /><INIT seed="3,0,0,1,5,76" ten="314,204,239,243" oya="3" hai0="62,130,92,90,18,102,21,31,32,48,111,61,23" hai1="19,91,40,0,83,52,126,66,71,37,45,104,28" hai2="133,93,44,49,64,14,60,74,2,38,53,13,123" hai3="24,116,87,96,7,16,82,124,20,119,135,121,8"/><W42/><G121/><T80/><D111/><U12/><E0/><V73/><F2/><W22/><G135/><T33/><D130/><U54/><E104/><V63/><F133/><W72/><G124/><T51/><D31/><U120/><E120/><V68/><F123/><W5/><G72/><T107/><D107/><U110/><E126/><V95/><F73/><W125/><G125/><T41/><D41/><U89/><E110/><V101/><F74/><W85/><G42/><T26/><D21/><U35/><E91/><V98/><F38/><W108/><G108/><T17/><D17/><U134/><E134/><V30/><F30/><W77/><G7/><T106/><D106/><U65/><E28/><V67/><REACH who="2" step="1"/><F95/><REACH who="2" ten="314,204,229,243" step="2"/><W122/><G122/><T78/><D92/><U128/><E128/><V3/><F3/><W99/><G116/><T114/><D114/><U43/><E37/><V6/><F6/><W36/><G36/><T4/><D4/><U100/><E35/><V55/><F55/><W81/><G119/><T127/><D32/><U39/><E39/><V105/><F105/><W118/><G118/><T79/><D33/><U29/><E54/><V69/><AGARI ba="0,1" hai="13,14,44,49,53,60,63,64,67,68,69,93,98,101" machi="69" ten="20,12000,2" yaku="1,1,0,1,7,1,9,1,53,2" doraHai="76" doraHaiUra="59" who="2" fromWho="2" sc="314,-30,204,-30,229,130,243,-60" /><INIT seed="4,0,0,4,4,51" ten="284,174,359,183" oya="0" hai0="61,94,58,91,132,36,113,103,131,118,75,88,68" hai1="48,62,38,40,31,33,99,81,42,39,130,73,125" hai2="25,14,111,1,76,67,108,64,128,5,112,41,93" hai3="44,106,96,4,50,65,89,7,72,23,45,83,60"/><T82/><D118/><U122/><E122/><V70/><F112/><W120/><G120/><T2/><D113/><U87/><E73/><V92/><F1/><W56/><G23/><T69/><D36/><U28/><E125/><V35/><F128/><W55/><G106/><T134/><D2/><U98/><E130/><V27/><F41/><W15/><G72/><T57/><D131/><U59/><E39/><V104/><F104/><W77/><G15/><T86/><D103/><U22/><E33/><V85/><F70/><W13/><G13/><T47/><D47/><U100/><E48/><V30/><F27/><W114/><G44/><T119/><D57/><U90/><E38/><V101/><F64/><W49/><G114/><T66/><D119/><U6/><E6/><V79/><F67/><W52/><G96/><N who="1" m="36906" /><E100/><V117/><F101/><W9/><G9/><T12/><D75/><U110/><E110/><V32/><F32/><W97/><G77/><T54/><D12/><U127/><E127/><V8/><F117/><W0/><G0/><T109/><D109/><U84/><E40/><V123/><F123/><W19/><G19/><T71/><REACH who="0" step="1"/><D66/><REACH who="0" ten="274,174,359,183" step="2"/><U24/><E59/><V63/><F108/><W20/><G65/><T121/><D121/><U17/><E24/><V43/><F111/><W102/><G102/><T11/><D11/><U105/><E105/><V29/><F8/><W3/><G56/><T135/><D135/><U126/><E126/><V18/><F25/><W10/><G10/><T116/><D116/><U16/><E42/><V46/><F46/><W78/><G45/><RYUUKYOKU ba="0,1" sc="274,30,174,-10,359,-10,183,-10" hai0="54,58,61,68,69,71,82,86,88,91,94,132,134" /><INIT seed="4,1,1,2,1,105" ten="304,164,349,173" oya="0" hai0="49,85,91,7,95,14,53,6,60,96,133,26,35" hai1="79,28,131,113,97,72,43,120,10,78,3,123,59" hai2="5,132,76,4,106,117,65,18,2,13,29,12,63" hai3="39,33,89,127,21,37,73,40,20,77,45,124,82"/><T34/><D133/><U32/><E131/><V56/><F106/><W50/><G33/><T112/><D112/><U118/><E118/><V51/><F132/><W125/><REACH who="3" step="1"/><G89/><REACH who="3" ten="304,164,349,163" step="2"/><T36/><D34/><U47/><E32/><V93/><F117/><W80/><G80/><T48/><D35/><U128/><E128/><V42/><F2/><W55/><G55/><T44/><D36/><AGARI ba="1,2" hai="20,21,36,37,39,40,45,50,73,77,82,124,125,127" machi="36" ten="50,6400,0" yaku="1,1,18,1,52,1,53,0" doraHai="105" doraHaiUra="8" who="3" fromWho="0" sc="304,-67,164,0,349,0,163,87" /><INIT seed="5,0,0,2,4,38" ten="237,164,349,250" oya="1" hai0="55,61,17,123,16,53,78,127,83,115,39,54,30" hai1="9,49,87,134,15,64,28,128,122,35,20,21,86" hai2="68,96,45,112,34,97,107,73,76,36,120,1,119" hai3="129,33,25,108,27,7,52,110,32,95,135,56,44"/><U101/><E122/><V6/><RYUUKYOKU type="yao9" ba="0,0" sc="237,0,164,0,349,0,250,0" hai2="1,6,34,36,45,68,73,76,96,97,107,112,119,120" /><INIT seed="5,1,0,3,4,92" ten="237,164,349,250" oya="1" hai0="103,74,96,116,18,131,125,75,59,29,122,63,30" hai1="97,102,79,10,54,113,130,109,82,42,33,53,8" hai2="94,135,83,64,126,65,27,61,47,71,19,118,134" hai3="78,26,40,106,124,55,44,93,111,22,9,16,114"/><U98/><E33/><V105/><F105/><W49/><G106/><T91/><D116/><U21/><E113/><V1/><F1/><W88/><G111/><T133/><D91/><U108/><E130/><V28/><F118/><W17/><G124/><T117/><D117/><U43/><E21/><V24/><F126/><W60/><G114/><T72/><D125/><U120/><E82/><V67/><F83/><W38/><G78/><T80/><D80/><U45/><E45/><V4/><F4/><W104/><G104/><T34/><D34/><U23/><E23/><N who="2" m="13439" /><F47/><W13/><G38/><T41/><D41/><U84/><E84/><V25/><F94/><W70/><G70/><T57/><D131/><U52/><E102/><V95/><F95/><W132/><G132/><N who="2" m="50729" /><F25/><W73/><G73/><T107/><D133/><U15/><E120/><V35/><AGARI ba="1,0" hai="27,28,35,61,64,65,67,71" m="50729,13439" machi="35" ten="30,1100,0" yaku="20,1" doraHai="92" who="2" fromWho="2" sc="237,-4,164,-6,349,14,250,-4" /><INIT seed="6,0,0,3,4,97" ten="233,158,363,246" oya="2" hai0="10,80,3,90,83,76,33,16,59,72,82,121,27" hai1="123,105,101,68,13,116,110,119,135,25,65,45,114" hai2="70,84,130,108,107,86,132,44,129,56,64,92,124" hai3="98,111,77,104,42,20,46,24,63,88,35,53,22"/><V29/><F70/><W11/><G111/><T1/><D121/><U103/><E110/><V100/><F107/><W109/><G109/><T71/><D71/><U40/><E105/><V50/><F108/><W93/><G77/><T47/><D59/><U0/><E0/><V43/><F124/><W125/><G125/><T9/><D33/><U133/><E123/><V94/><F132/><N who="1" m="50761" /><E25/><V79/><F29/><W122/><G122/><T134/><D134/><U73/><E73/><V115/><F115/><W26/><G11/><T95/><D1/><U7/><E114/><V30/><F30/><W126/><G126/><T81/><D3/><U74/><E74/><V57/><F79/><W55/><G104/><T12/><D27/><U102/><E7/><V5/><F5/><W87/><G87/><T51/><D76/><U19/><E65/><V31/><F64/><W89/><G89/><T61/><D72/><U38/><E68/><V2/><F84/><W85/><G85/><N who="0" m="52687" /><D61/><U78/><E78/><V120/><F2/><W34/><G63/><T112/><D112/><U18/><E18/><V67/><F120/><W54/><G26/><T41/><N who="0" m="20480" /><DORA hai="39" /><T21/><AGARI ba="0,0" hai="9,10,12,16,21,41,47,51" m="20480,52687" machi="21" ten="40,8000,1" yaku="4,1,8,1,52,1,54,1" doraHai="97,39" who="0" fromWho="0" sc="233,80,158,-20,363,-40,246,-20" /><INIT seed="7,0,0,5,2,85" ten="313,138,323,226" oya="3" hai0="122,3,66,10,4,13,5,24,74,77,83,34,33" hai1="64,27,61,22,97,95,81,76,134,79,124,82,67" hai2="89,108,1,36,132,26,113,7,44,109,80,57,93" hai3="30,56,19,133,54,128,68,55,14,38,112,98,21"/><W37/><G68/><T8/><D122/><U103/><E124/><V39/><F113/><W114/><G128/><T94/><D66/><U46/><E134/><V23/><F132/><W63/><G133/><T35/><REACH who="0" step="1"/><D94/><REACH who="0" ten="303,138,323,226" step="2"/><U41/><E81/><V111/><F80/><W0/><G112/><T120/><D120/><U87/><E79/><V28/><F44/><W70/><G114/><T65/><D65/><U62/><E67/><V118/><F118/><W43/><G70/><T119/><D119/><U110/><E110/><V58/><F57/><W48/><G56/><T104/><D104/><U116/><E116/><V71/><F71/><W78/><G78/><T88/><D88/><U51/><REACH who="1" step="1"/><E64/><REACH who="1" ten="303,128,323,226" step="2"/><V75/><F109/><W84/><G37/><T105/><D105/><U126/><E126/><V12/><F39/><W40/><G38/><T31/><AGARI ba="0,2" hai="3,4,5,8,10,13,24,31,33,34,35,74,77,83" machi="31" ten="30,4000,0" yaku="1,1,0,1,53,1" doraHai="85" doraHaiUra="32" who="0" fromWho="0" sc="303,60,128,-10,323,-10,226,-20" owari="363,46.3,118,-38.2,313,11.3,206,-19.4" /></mjloggm>