<mjloggm ver="2.3"><GO type="225" lobby="0"/><UN n0="%E3%81%BE%E3%81%A8%E3%81%9F" n1="%E7%B4%94%E6%BD%94%E3%83%94%E3%83%A9%E3%83%8B%E3%82%A2" n2="%E3%83%96%E3%83%83%E3%83%91%E3%82%AA%E3%83%96%E3%83%81%E3%82%AD%E3%83%B3" n3="%E3%81%A4%E3%81%A3%E3%81%B1%E3%82%8A%E3%83%9D%E3%83%BC%E3%83%AB" dan="16,16,16,17" rate="2111.19,2131.25,2147.29,2188.83" sx="M,M,M,M"/><TAIKYOKU oya="0"/><INIT seed="0,0,0,5,5,69" ten="250,250,250,250" oya="0" hai0="37,54,80,134,57,82,121,124,45,0,47,26,68" hai1="103,30,8,86,40,120,132,16,94,114,56,92,100" hai2="63,59,55,33,122,117,128,28,96,76,19,5,11" hai3="38,35,135,119,131,23,14,115,101,27,88,61,116"/><T4/><D121/><U36/><E120/><V71/><F122/><W6/><G115/><T46/><D68/><U81/><E114/><V73/><F128/><W123/><G123/><T7/><D124/><U85/><E132/><V62/><F117/><W42/><G101/><N who="1" m="38986" /><E36/><V31/><F96/><W87/><G35/><T70/><D70/><U78/><E40/><V112/><F19/><W34/><G34/><T102/><D102/><U127/><E127/><V66/><F33/><W53/><G131/><T60/><D134/><U2/><E2/><V75/><F112/><W109/><G135/><T43/><D7/><U84/><E30/><V29/><REACH who="2" step="1"/><F76/><REACH who="2" ten="250,250,240,250" step="2"/><W48/><G119/><T20/><D4/><U110/><E110/><V106/><F106/><W98/><G98/><T83/><REACH who="0" step="1"/><D0/><AGARI ba="0,1" hai="0,5,11,28,29,31,55,59,62,63,66,71,73,75" machi="0" ten="40,2600,0" yaku="1,1,53,1" doraHai="69" doraHaiUra="67" who="2" fromWho="0" sc="250,-26,250,0,240,36,250,0" /><INIT seed="1,0,0,4,1,44" ten="224,250,276,250" oya="1" hai0="123,99,13,10,100,31,42,47,51,120,56,25,50" hai1="41,104,83,24,103,52,32,55,111,66,35,76,98" hai2="67,1,122,133,107,102,115,21,20,82,118,85,48" hai3="65,71,77,11,128,29,70,64,88,135,114,75,6"/><U101/><E41/><V58/><F118/><W37/><G37/><T90/><D90/><U4/><E4/><V0/><F122/><W121/><G121/><T22/><D56/><U60/><E111/><V43/><F133/><W53/><G114/><T27/><D27/><U7/><E7/><V9/><F115/><W119/><G119/><T112/><D112/><U93/><E93/><V23/><F107/><W68/><G29/><T92/><REACH who="0" step="1"/><D51/><REACH who="0" ten="214,250,276,250" step="2"/><U117/><E101/><V116/><F48/><W26/><G26/><T79/><D79/><U94/><E117/><V34/><F58/><W73/><G77/><T86/><D86/><U15/><E15/><V8/><F85/><W72/><G135/><T132/><D132/><U129/><E24/><V14/><F14/><W45/><G88/><T33/><D33/><U87/><E32/><V97/><F34/><W110/><G110/><T126/><D126/><U5/><E35/><V131/><F102/><W95/><G70/><T81/><D81/><U63/><E63/><V109/><F82/><W61/><G68/><T125/><D125/><U106/><E5/><AGARI ba="0,1" hai="5,10,13,22,25,31,42,47,50,92,99,100,120,123" machi="5" ten="40,5200,0" yaku="1,1,52,1,53,1" doraHai="44" doraHaiUra="46" who="0" fromWho="1" sc="214,62,250,-52,276,0,250,0" /><INIT seed="2,0,0,0,0,57" ten="276,198,276,250" oya="2" hai0="23,98,63,124,48,96,29,44,109,78,30,72,113" hai1="125,91,86,18,54,81,88,106,118,67,119,45,10" hai2="41,104,60,84,27,62,24,115,87,114,28,11,6" hai3="34,20,3,50,16,22,12,21,69,5,134,74,133"/><V79/><F104/><W52/><G74/><T128/><D113/><U65/><E125/><V121/><F121/><W107/><G69/><T94/><D109/><U9/><E106/><V38/><F38/><W99/><G34/><T61/><D128/><U25/><E119/><V68/><F68/><W105/><G5/><T89/><D124/><U126/><E118/><V32/><F41/><W85/><G3/><T122/><D122/><U43/><E126/><V46/><F46/><N who="3" m="27735" /><G85/><N who="0" m="52527" /><D78/><U8/><E54/><V42/><F42/><W2/><G2/><T129/><D72/><U33/><E91/><V26/><F32/><W49/><G49/><T53/><D129/><U58/><E58/><V51/><F28/><N who="0" m="10858" /><D23/><N who="3" m="8777" /><G99/><AGARI ba="0,0" hai="44,48,53,61,63,96,98,99" m="10858,52527" machi="99" ten="30,3900,0" yaku="8,1,52,2" doraHai="57" who="0" fromWho="3" sc="276,39,198,0,276,0,250,-39" /><INIT seed="3,0,0,0,2,33" ten="315,198,276,211" oya="3" hai0="40,125,57,74,15,38,119,75,118,94,121,8,87" hai1="6,103,133,81,116,113,85,29,114,134,77,24,0" hai2="111,27,126,78,72,4,102,95,32,60,92,89,5" hai3="99,21,54,115,63,104,88,10,62,73,42,20,7"/><W120/><G120/><T31/><D31/><U110/><E110/><V97/><F111/><W56/><G73/><T65/><D40/><U91/><E116/><V58/><F126/><W3/><G115/><T13/><D38/><U69/><E69/><V14/><F72/><W66/><G42/><T22/><D75/><U86/><E103/><V9/><F78/><W84/><G99/><T26/><D15/><U71/><E71/><V61/><F32/><W129/><G104/><T48/><D74/><U39/><E39/><V135/><F135/><N who="1" m="51721" /><E24/><V96/><F27/><W23/><G129/><T59/><D48/><U109/><E29/><V37/><F37/><W79/><G79/><T76/><D8/><N who="1" m="2119" /><E109/><V127/><F127/><W25/><G25/><T35/><D125/><U101/><E101/><V52/><F4/><W68/><REACH who="3" step="1"/><G20/><REACH who="3" ten="315,198,276,201" step="2"/><T17/><D22/><U53/><E53/><V83/><F83/><AGARI ba="0,1" hai="3,7,10,21,23,54,56,62,63,66,68,83,84,88" machi="83" ten="30,12000,1" yaku="1,1,2,1,7,1,52,1,54,1,53,0" doraHai="33" doraHaiUra="107" who="3" fromWho="2" sc="315,0,198,0,276,-120,201,130" /><AGARI ba="0,0" hai="77,81,83,85,86,91,113,114" m="2119,51721" machi="83" ten="30,2000,0" yaku="20,1,52,1" doraHai="33" who="1" fromWho="2" sc="315,0,198,20,156,-20,331,0" owari="315,11.5,218,-18.2,136,-36.4,331,43.1" /></mjloggm>