<mjloggm ver="2.3"><GO type="169" lobby="0"/><UN n0="%E3%81%94%E3%82%8B%E3%81%AF%E3%82%80%33%30" n1="%6C%6E%61%69" n2="%E3%81%8B%E3%82%81%E3%81%98%E3%82%8D%E3%81%86" n3="%41%6C%6C%2D%4C%75%63%6B" dan="17,16,16,16" rate="2181.54,2028.59,2132.28,2123.09" sx="F,M,M,M"/><TAIKYOKU oya="0"/><INIT seed="0,0,0,5,2,20" ten="250,250,250,250" oya="0" hai0="130,47,57,72,110,61,96,19,8,126,101,81,17" hai1="24,84,102,67,41,11,1,78,10,99,29,36,109" hai2="104,16,88,87,133,128,80,26,48,91,15,31,56" hai3="25,44,105,76,4,60,125,73,22,107,54,34,68"/><T30/><D130/><U97/><E109/><V74/><F128/><W23/><G125/><T13/><D126/><U2/><E67/><V42/><F104/><W52/><G4/><T108/><D30/><U40/><E36/><V0/><F0/><W121/><G34/><T18/><D47/><U33/><E1/><V66/><F74/><W117/><G117/><T12/><D81/><U21/><E33/><V45/><F133/><W37/><G22/><T115/><D72/><U98/><E102/><V82/><F66/><W135/><G135/><T3/><D3/><U118/><E118/><V43/><F56/><W39/><G39/><T111/><D115/><U90/><E78/><V55/><F91/><W92/><G92/><T49/><D49/><U71/><E71/><V75/><F80/><W59/><G68/><T93/><REACH who="0" step="1"/><D8/><REACH who="0" ten="240,250,250,250" step="2"/><N who="1" m="3115" /><E2/><V106/><F75/><W53/><G73/><T46/><D46/><U9/><E9/><N who="2" m="6255" /><F106/><W120/><G76/><T70/><D70/><U95/><AGARI ba="0,1" hai="21,24,29,40,41,84,90,95,97,98,99" m="3115" machi="95" ten="30,2000,0" yaku="8,1,52,1" doraHai="20" who="1" fromWho="1" sc="240,-10,250,30,250,-5,250,-5" /><INIT seed="1,0,0,2,0,36" ten="230,280,245,245" oya="1" hai0="74,63,90,96,16,22,72,62,75,3,27,118,47" hai1="98,87,26,84,130,76,23,125,113,122,128,131,15" hai2="124,104,50,49,83,73,54,70,6,17,123,95,24" hai3="119,11,21,110,71,65,100,129,67,94,61,4,77"/><U46/><E113/><V102/><F123/><W2/><G110/><T107/><D118/><U14/><E122/><V35/><F124/><W115/><G129/><T7/><D3/><U88/><E125/><V52/><F70/><W34/><G115/><T99/><D7/><U126/><E126/><V8/><F104/><W109/><G34/><T101/><REACH who="0" step="1"/><D47/><REACH who="0" ten="220,280,245,245" step="2"/><U106/><E46/><V111/><F6/><W68/><G119/><T44/><D44/><U93/><E76/><V133/><F111/><W10/><G77/><T78/><D78/><U55/><E55/><V114/><F52/><W117/><G109/><T57/><D57/><U80/><E106/><V92/><F54/><W91/><G117/><T134/><D134/><U45/><E45/><V51/><F133/><W33/><G4/><T13/><D13/><N who="1" m="4619" /><E80/><V39/><F83/><W25/><G2/><T120/><D120/><U19/><AGARI ba="0,1" hai="19,23,26,84,87,88,93,98,128,130,131" m="4619" machi="19" ten="40,3900,0" yaku="19,1,54,1" doraHai="36" who="1" fromWho="1" sc="220,-13,280,49,245,-13,245,-13" /><INIT seed="1,1,0,0,3,51" ten="207,329,232,232" oya="1" hai0="8,94,112,93,6,105,99,40,21,59,76,67,72" hai1="46,15,128,114,127,34,126,117,23,77,11,33,119" hai2="70,27,91,131,75,45,124,69,106,30,88,97,84" hai3="50,74,123,80,87,104,83,120,12,107,60,56,3"/><U18/><E77/><V98/><F75/><W14/><G3/><T134/><D112/><U109/><E46/><V62/><F124/><N who="1" m="47657" /><E114/><V108/><F108/><W102/><G50/><T47/><D134/><U115/><E115/><V133/><F131/><W86/><G102/><T29/><D105/><U89/><E89/><V20/><F133/><W118/><G60/><T55/><D67/><U65/><E65/><V44/><F91/><W82/><G56/><T19/><D29/><U110/><E128/><V2/><F2/><W113/><G113/><T48/><D76/><U100/><E100/><V130/><F130/><W42/><G42/><T52/><D72/><U53/><E53/><V5/><F5/><W103/><G74/><T13/><D99/><N who="2" m="37898" /><F69/><W32/><G103/><T41/><D41/><U57/><E57/><V37/><F37/><W35/><G80/><T61/><REACH who="0" step="1"/><D40/><REACH who="0" ten="197,329,232,232" step="2"/><U7/><E119/><AGARI ba="1,1" hai="12,14,32,35,82,83,86,87,104,107,118,119,120,123" machi="119" ten="25,1600,0" yaku="22,2" doraHai="51" who="3" fromWho="1" sc="197,0,329,-19,232,0,232,29" /><INIT seed="2,0,0,0,3,59" ten="197,310,232,261" oya="2" hai0="64,98,15,67,92,87,75,115,112,111,13,132,117" hai1="127,40,126,20,5,10,12,22,61,27,84,114,65" hai2="86,31,93,42,91,0,56,60,51,89,78,106,104" hai3="107,129,53,122,125,85,39,17,28,33,6,63,47"/><V52/><F0/><W81/><G122/><T135/><D75/><U66/><E114/><V14/><F31/><W46/><G107/><T99/><D87/><U62/><E40/><V58/><F78/><W121/><G121/><T44/><D92/><U9/><E84/><V102/><F102/><W2/><G125/><N who="1" m="47626" /><E9/><V36/><F36/><W24/><G129/><T74/><D74/><U57/><E27/><V11/><F91/><W108/><G108/><T30/><D30/><U80/><E80/><V38/><F38/><W18/><G39/><T134/><D44/><U37/><E37/><V25/><F25/><W90/><G46/><T100/><D111/><U128/><E128/><V120/><F120/><W105/><G105/><N who="0" m="63639" /><D99/><U70/><AGARI ba="0,0" hai="5,10,12,20,22,57,61,62,65,66,70" m="47626" machi="70" ten="30,4000,0" yaku="18,1,52,2" doraHai="59" who="1" fromWho="1" sc="197,-10,310,40,232,-20,261,-10" /><INIT seed="3,0,0,0,2,89" ten="187,350,212,251" oya="3" hai0="65,27,124,134,107,119,81,5,16,127,54,93,73" hai1="51,69,115,39,91,125,117,68,103,76,114,34,85" hai2="123,36,0,52,44,130,83,128,37,31,17,109,25" hai3="72,96,46,22,101,108,102,86,56,23,98,29,35"/><W104/><G72/><T131/><D107/><U60/><E39/><V63/><F0/><W129/><G129/><T135/><D119/><U106/><E34/><V3/><F3/><W48/><G56/><T105/><D105/><U118/><E76/><V28/><F109/><W61/><G61/><T111/><D131/><N who="2" m="50218" /><F123/><W77/><G108/><T82/><D111/><U1/><E1/><V15/><F83/><N who="0" m="31754" /><D73/><U79/><E79/><V67/><F52/><W78/><G86/><T53/><D5/><U30/><E125/><N who="0" m="48201" /><D65/><U45/><E106/><V75/><F75/><W74/><G74/><T120/><D120/><U26/><E103/><V57/><F44/><W84/><G84/><T97/><D53/><U7/><E7/><V116/><F116/><W40/><G35/><T90/><D54/><U6/><E6/><V9/><F31/><W18/><G29/><T42/><D42/><U49/><E45/><V38/><F38/><W64/><G64/><T70/><D70/><U59/><E30/><V58/><F58/><W112/><G22/><AGARI ba="0,0" hai="16,22,27,90,93,97,134,135" m="48201,31754" machi="22" ten="30,3900,0" yaku="18,1,52,1,54,1" doraHai="89" who="0" fromWho="3" sc="187,39,350,0,212,0,251,-39" /><AGARI ba="0,0" hai="9,15,17,22,25,28,36,37,57,63,67" m="50218" machi="22" ten="30,1000,0" yaku="19,1" doraHai="89" who="2" fromWho="3" sc="226,0,350,0,212,10,212,-10" /><INIT seed="4,0,0,0,5,10" ten="226,350,222,202" oya="0" hai0="100,119,132,50,103,68,91,118,96,19,61,40,82" hai1="63,7,43,120,128,113,126,70,20,89,12,114,80" hai2="99,98,117,46,31,37,71,30,60,66,44,32,13" hai3="85,24,64,129,47,74,127,39,28,107,53,84,101"/><T59/><D132/><U73/><E120/><V79/><F117/><W106/><G74/><T23/><D68/><U75/><E126/><V11/><F79/><W95/><G129/><T69/><D69/><U54/><E128/><V58/><F71/><W93/><G127/><T17/><D17/><N who="1" m="10279" /><E43/><V48/><F37/><W33/><G64/><T67/><D82/><U56/><E70/><V41/><F44/><W34/><G39/><T4/><D4/><U116/><E116/><V134/><F134/><W115/><G101/><T94/><D118/><U122/><E7/><V14/><F14/><W105/><G115/><N who="1" m="44042" /><E122/><V8/><F8/><W77/><G107/><T131/><D131/><U1/><E1/><V22/><F32/><W15/><G106/><T110/><D119/><U130/><E130/><V123/><F123/><W57/><G105/><T36/><D36/><U92/><E80/><V5/><REACH who="2" step="1"/><F31/><REACH who="2" ten="226,350,212,202" step="2"/><W21/><G33/><T121/><D121/><U97/><AGARI ba="0,1" hai="54,56,63,73,75,89,92,97" m="44042,10279" machi="97" ten="30,4000,0" yaku="15,1,11,1,52,1" doraHai="10" who="1" fromWho="1" sc="226,-20,350,50,212,-10,202,-10" /><INIT seed="5,0,0,1,3,126" ten="206,400,202,192" oya="1" hai0="62,49,134,13,8,93,81,32,36,34,26,125,23" hai1="95,20,121,47,19,56,25,127,99,79,18,106,3" hai2="116,77,63,4,43,113,105,60,107,30,135,37,110" hai3="29,57,129,7,108,96,102,124,38,100,94,6,84"/><U114/><E121/><V51/><F110/><W31/><G38/><T1/><D36/><U39/><E3/><V131/><F116/><W0/><G108/><T117/><D117/><U14/><E106/><V27/><F37/><W44/><G124/><T21/><D125/><U111/><E127/><V118/><F118/><W130/><G84/><T75/><D1/><U133/><E111/><V46/><F135/><W42/><G0/><T33/><D134/><U132/><E114/><V69/><F4/><N who="3" m="1579" /><G42/><T65/><D49/><U104/><E104/><V76/><F113/><W83/><G44/><T98/><D81/><U41/><E79/><V97/><F107/><W52/><G83/><T88/><D75/><U48/><E56/><V40/><F40/><W85/><G85/><T28/><D21/><U15/><E39/><V73/><F73/><W91/><G29/><T123/><D123/><U80/><E80/><V119/><F119/><W16/><G16/><T70/><D32/><U45/><E45/><V74/><F74/><W17/><G17/><AGARI ba="0,0" hai="8,13,17,23,26,28,33,34,62,65,70,88,93,98" machi="17" ten="30,2000,0" yaku="7,1,54,1" doraHai="126" who="0" fromWho="3" sc="206,20,400,0,202,0,192,-20" /><INIT seed="6,0,0,0,4,36" ten="226,400,202,172" oya="2" hai0="92,34,97,52,6,28,69,123,62,43,122,7,103" hai1="87,90,93,130,105,124,3,99,15,110,35,67,68" hai2="82,5,37,119,104,55,129,76,10,2,51,27,101" hai3="31,58,48,53,41,63,39,96,9,121,38,134,107"/><V16/><F119/><W117/><G121/><T106/><D43/><U29/><E110/><V59/><F129/><W83/><G117/><T45/><D122/><U131/><E3/><V30/><F37/><W49/><G31/><T18/><D123/><U112/><E112/><V79/><F104/><W102/><G134/><T13/><D34/><U78/><E124/><V22/><F101/><W4/><G83/><T12/><D28/><U1/><E1/><V66/><F66/><W98/><G98/><T84/><D69/><U89/><E78/><V47/><F82/><W135/><G135/><T120/><D13/><U21/><E15/><V23/><REACH who="2" step="1"/><F59/><REACH who="2" ten="226,400,192,172" step="2"/><W108/><G108/><T70/><D120/><U111/><E105/><V126/><F126/><W40/><G38/><T14/><D106/><U33/><E111/><V25/><AGARI ba="0,1" hai="2,5,10,16,22,23,25,27,30,47,51,55,76,79" machi="25" ten="20,12000,1" yaku="1,1,0,1,7,1,54,1,53,1" doraHai="36" doraHaiUra="42" who="2" fromWho="2" sc="226,-40,400,-40,192,130,172,-40" /><INIT seed="6,1,0,0,4,56" ten="186,360,322,132" oya="2" hai0="30,53,83,41,126,117,19,119,63,7,106,133,46" hai1="38,80,64,50,111,76,21,114,44,93,32,74,42" hai2="51,28,85,129,102,131,79,36,59,89,4,135,57" hai3="8,124,110,14,26,22,35,96,15,99,18,13,73"/><V103/><F36/><W55/><G73/><T33/><D106/><U101/><E111/><V10/><F28/><W100/><G110/><T65/><D7/><U105/><E32/><V88/><F135/><W47/><G124/><T132/><D126/><U24/><E105/><V12/><F79/><W1/><G1/><T20/><D30/><U122/><E114/><V113/><F113/><W128/><G35/><T98/><D98/><U5/><E122/><V67/><F59/><W78/><G78/><T11/><D11/><U25/><E5/><V37/><F37/><W31/><G128/><N who="2" m="49225" /><F89/><W87/><G87/><T29/><D29/><U125/><E125/><V90/><F90/><W118/><G118/><N who="0" m="45067" /><D53/><U72/><E72/><V54/><F67/><W16/><G100/><T95/><D83/><AGARI ba="1,0" hai="4,10,12,51,54,57,83,85,88,102,103" m="49225" machi="83" ten="30,2900,0" yaku="19,1,54,1" doraHai="56" who="2" fromWho="0" sc="186,-32,360,0,322,32,132,0" /><INIT seed="6,2,0,4,2,83" ten="154,360,354,132" oya="2" hai0="105,18,79,44,69,131,106,116,132,81,67,91,71" hai1="82,134,1,65,43,34,37,96,2,22,13,112,75" hai2="123,78,92,3,30,15,84,47,126,57,23,29,31" hai3="115,16,99,68,39,103,110,86,58,25,124,38,64"/><V52/><F123/><W95/><G110/><T133/><D131/><U85/><E34/><V20/><F3/><W102/><G124/><T120/><D120/><U50/><E75/><V10/><F47/><W94/><G68/><N who="0" m="26187" /><D67/><U0/><E37/><V135/><F126/><W128/><G115/><T66/><D66/><U72/><E134/><N who="0" m="51817" /><D116/><U19/><E112/><V56/><F135/><W61/><G128/><T9/><D91/><U49/><E65/><V21/><F52/><W26/><G26/><T130/><D44/><U11/><E72/><V77/><F77/><W62/><G62/><T32/><D32/><U55/><E55/><V6/><F78/><W53/><G64/><T14/><D130/><U98/><E98/><V111/><REACH who="2" step="1"/><F111/><REACH who="2" ten="154,360,344,132" step="2"/><W35/><G38/><T122/><D122/><U101/><E1/><V104/><F104/><W8/><G39/><T54/><D54/><U107/><E0/><V117/><F117/><W41/><G53/><T40/><D40/><U28/><E43/><V88/><AGARI ba="2,1" hai="6,10,15,20,21,23,29,30,31,56,57,84,88,92" machi="88" ten="40,12000,1" yaku="1,1,0,1,8,1,52,1,54,1,53,0" doraHai="83" doraHaiUra="59" who="2" fromWho="2" sc="154,-42,360,-42,344,136,132,-42" /><INIT seed="6,3,0,4,3,52" ten="112,318,480,90" oya="2" hai0="112,125,83,110,107,111,24,33,29,74,30,54,14" hai1="48,134,36,92,135,90,46,31,7,64,59,102,8" hai2="38,41,67,115,47,99,51,94,126,9,23,95,79" hai3="22,37,104,132,16,61,11,57,93,44,32,100,77"/><V84/><F115/><W35/><G104/><T82/><D112/><U25/><E102/><V119/><F119/><W109/><G109/><T13/><D107/><U131/><E131/><V96/><F126/><W78/><G132/><T88/><D125/><U66/><E36/><V108/><F108/><W70/><G70/><T81/><D74/><U15/><E135/><V124/><F124/><W123/><G35/><T130/><D130/><U42/><E134/><V122/><F122/><W103/><G32/><T45/><D30/><U117/><E117/><V101/><F67/><N who="3" m="39343" /><G37/><T73/><D73/><U58/><E66/><V65/><F65/><W0/><G0/><T28/><D28/><U105/><E64/><V98/><F38/><W55/><G11/><T133/><D133/><U62/><E62/><V18/><F9/><W21/><G21/><T43/><D110/><U120/><E105/><V72/><F72/><W75/><G75/><T60/><D111/><U56/><E120/><V50/><F50/><N who="3" m="29127" /><G123/><T129/><D129/><U12/><E12/><N who="2" m="9671" /><F101/><N who="3" m="38987" /><G93/><T17/><D60/><U114/><E114/><V26/><F95/><W76/><G76/><T91/><D54/><U19/><E31/><V71/><F71/><W63/><G63/><T127/><D127/><U68/><E68/><V86/><F79/><W40/><G40/><T49/><REACH who="0" step="1"/><D14/><AGARI ba="3,0" hai="14,16,22,77,78" m="38987,29127,39343" machi="14" ten="30,3900,0" yaku="8,1,52,1,54,1" doraHai="52" who="3" fromWho="0" sc="112,-48,318,0,480,0,90,48" /><INIT seed="7,0,0,0,4,18" ten="64,318,480,138" oya="3" hai0="2,1,65,26,32,54,107,109,20,30,75,10,22" hai1="95,97,27,135,21,47,37,79,24,45,86,15,6" hai2="120,82,41,90,46,7,63,119,4,9,84,31,28" hai3="11,3,103,58,83,72,116,98,131,35,0,51,78"/><W123/><G35/><T73/><D109/><U117/><E135/><V12/><F119/><W57/><G123/><T56/><D107/><U125/><E117/><V121/><F7/><W127/><G131/><T74/><D65/><U39/><E125/><V19/><F63/><W118/><G127/><T113/><D113/><U104/><E39/><V48/><F120/><W76/><G76/><T23/><REACH who="0" step="1"/><D10/><REACH who="0" ten="54,318,480,138" step="2"/><N who="1" m="4567" /><E37/><V93/><F121/><W53/><G11/><T88/><D88/><N who="1" m="55527" /><E104/><V25/><F82/><W14/><G116/><T80/><D80/><N who="1" m="47391" /><E27/><V50/><F25/><W105/><G118/><T126/><D126/><U44/><E44/><N who="2" m="25615" /><F4/><W87/><G105/><T108/><D108/><U70/><E70/><V101/><F101/><W64/><G103/><T122/><D122/><U43/><E43/><AGARI ba="0,1" hai="9,12,19,28,31,43,46,50,84,90,93" m="25615" machi="43" ten="30,1000,0" yaku="8,1" doraHai="18" who="2" fromWho="1" sc="54,0,318,-10,480,20,138,0" owari="54,-44.6,308,10.8,500,60.0,138,-26.2" /></mjloggm>