<mjloggm ver="2.3"><GO type="169" lobby="0"/><UN n0="%E6%B2%B3%E7%AB%A5%E3%81%AE%E3%83%AF%E3%82%AB%E3%83%9E%E3%83%84" n1="%E3%83%9F%E3%82%B2%E3%83%BC%E3%83%AB%E6%94%B9" n2="%E3%80%8E%E3%83%A8%E3%82%B9%E3%82%AC%E3%83%8E%E3%82%BD%E3%83%A9%E3%80%8F" n3="%4B%2E%32%2E%4B%2E" dan="17,16,17,17" rate="2204.25,2189.68,2152.80,2177.92" sx="M,M,M,M"/><TAIKYOKU oya="0"/><INIT seed="0,0,0,3,5,106" ten="250,250,250,250" oya="0" hai0="91,115,37,114,6,96,76,87,52,118,100,7,64" hai1="10,60,131,59,28,45,133,74,54,83,31,123,77" hai2="57,109,135,78,63,27,14,66,125,29,42,32,129" hai3="33,12,34,51,18,134,93,122,62,79,95,111,44"/><T19/><D118/><U55/><E123/><V73/><F109/><W80/><G111/><T5/><D37/><U105/><E105/><V3/><F3/><W68/><G122/><T94/><D64/><U92/><E133/><V107/><F107/><W58/><G134/><T90/><D19/><U30/><E131/><V75/><F135/><W81/><G68/><T98/><D76/><U9/><E45/><V67/><F129/><W71/><G71/><T41/><D41/><U69/><E69/><V70/><F125/><W84/><G81/><T97/><D100/><U21/><E21/><V117/><F117/><W20/><G33/><T56/><REACH who="0" step="1"/><D91/><REACH who="0" ten="240,250,250,250" step="2"/><U48/><E92/><V130/><F130/><W50/><G93/><T38/><D38/><U53/><REACH who="1" step="1"/><E48/><AGARI ba="0,1" hai="5,6,7,48,52,56,87,90,94,96,97,98,114,115" machi="48" ten="40,3900,0" yaku="1,1,54,1,53,0" doraHai="106" doraHaiUra="102" who="0" fromWho="1" sc="240,49,250,-39,250,0,250,0" /><INIT seed="0,1,0,0,1,21" ten="289,211,250,250" oya="0" hai0="51,123,37,59,92,73,109,25,7,101,83,63,46" hai1="122,108,103,18,24,116,84,56,81,13,132,20,33" hai2="48,114,26,11,64,15,127,69,22,90,41,31,104" hai3="134,4,115,30,32,19,36,70,38,42,96,99,87"/><T133/><D123/><U107/><E122/><V130/><F114/><W86/><G70/><T113/><D113/><U61/><E116/><V88/><F104/><W74/><G74/><T40/><D133/><U17/><E132/><V35/><F130/><W98/><G134/><T118/><D118/><U10/><E108/><V49/><F127/><W102/><G115/><T111/><D7/><U0/><E0/><V79/><F35/><W117/><G117/><T129/><D129/><U80/><E33/><V78/><F64/><W9/><G102/><T67/><D73/><U76/><E107/><V53/><F69/><W85/><G19/><T91/><D83/><U126/><E81/><V89/><F41/><W27/><REACH who="3" step="1"/><G42/><REACH who="3" ten="289,211,250,240" step="2"/><T125/><D101/><U6/><E103/><V8/><F8/><W16/><G16/><T29/><D125/><U2/><E126/><V68/><F68/><W62/><G62/><T106/><D106/><U58/><REACH who="1" step="1"/><E61/><REACH who="1" ten="289,201,250,240" step="2"/><V52/><F78/><W135/><G135/><T131/><D131/><U39/><E39/><V94/><F79/><W54/><G54/><N who="2" m="21097" /><F94/><W12/><AGARI ba="1,2" hai="4,9,12,27,30,32,36,38,85,86,87,96,98,99" machi="12" ten="30,4000,0" yaku="1,1,0,1,52,1,53,0" doraHai="21" doraHaiUra="43" who="3" fromWho="3" sc="289,-21,201,-11,250,-11,240,63" /><INIT seed="1,0,0,4,1,94" ten="268,190,239,303" oya="1" hai0="29,76,72,93,86,103,113,121,122,57,75,105,54" hai1="59,10,128,91,23,45,88,21,47,135,43,9,61" hai2="20,71,46,82,66,58,3,38,27,127,0,51,134" hai3="99,70,117,116,87,98,35,83,53,129,125,1,32"/><U31/><E135/><V114/><F134/><W120/><G120/><N who="0" m="46187" /><D29/><U124/><E124/><V19/><F127/><W14/><G1/><T80/><D57/><U110/><E128/><V77/><F114/><W89/><G125/><T90/><D54/><U40/><E59/><V106/><F106/><W6/><G70/><T68/><D68/><U115/><E31/><V34/><F34/><N who="3" m="12843" /><G53/><T11/><D11/><U39/><E39/><V65/><F71/><W24/><G24/><T13/><D13/><U25/><E115/><V97/><F38/><W64/><G64/><T41/><D41/><U79/><E110/><V28/><F28/><W2/><G2/><T67/><D67/><U22/><E79/><V131/><F131/><W16/><G6/><T112/><D72/><U102/><E102/><V96/><F0/><W56/><G56/><T48/><D48/><U78/><E78/><V123/><F3/><W126/><G126/><T69/><D69/><U62/><E23/><V84/><F123/><W52/><G52/><T85/><D85/><U26/><AGARI ba="0,0" hai="9,10,21,22,25,26,40,43,45,47,61,62,88,91" machi="26" ten="25,12000,1" yaku="0,1,22,2,8,1,54,1" doraHai="94" who="1" fromWho="1" sc="268,-40,190,120,239,-40,303,-40" /><INIT seed="1,1,0,4,5,58" ten="228,310,199,263" oya="1" hai0="48,14,20,111,95,72,62,40,106,119,41,70,25" hai1="132,34,32,47,66,103,26,91,6,134,18,125,78" hai2="74,67,5,9,89,109,21,120,63,88,128,133,38" hai3="98,35,77,17,81,22,1,36,100,94,85,97,4"/><U80/><E103/><V29/><F120/><W60/><G36/><T86/><D119/><U117/><E117/><V90/><F38/><W33/><G1/><T92/><D72/><U52/><E91/><V110/><F74/><W16/><G4/><T54/><D106/><U64/><E6/><V46/><F133/><N who="1" m="51305" /><E18/><V49/><F128/><W43/><G43/><T99/><D40/><U101/><E101/><V24/><F49/><W31/><G31/><T65/><D41/><U45/><E125/><V61/><F46/><N who="1" m="17417" /><E52/><V44/><F44/><W3/><G3/><T68/><D54/><U83/><E26/><V87/><F87/><W39/><G39/><T131/><D25/><U130/><E78/><V112/><F112/><W84/><G17/><T107/><D86/><U114/><E114/><V27/><F24/><W2/><G2/><T96/><D96/><U79/><E79/><V116/><F116/><W42/><G42/><T10/><D99/><U102/><E102/><V118/><F118/><W127/><G127/><T19/><D14/><U53/><E53/><V28/><F28/><W37/><G37/><T73/><D73/><U59/><E130/><V51/><F51/><W11/><G97/><T121/><D48/><U124/><E124/><V108/><F67/><N who="1" m="25641" /><E59/><V123/><F123/><W8/><G85/><T115/><D121/><U7/><E7/><V13/><AGARI ba="1,0" hai="5,9,13,21,27,29,61,63,88,89,90,108,109,110" machi="13" ten="40,8000,1" yaku="0,1,14,1,52,2,54,1" doraHai="58" who="2" fromWho="2" sc="228,-21,310,-41,199,83,263,-21" /><INIT seed="2,0,0,4,5,121" ten="207,269,282,242" oya="2" hai0="91,11,65,75,21,8,100,58,67,49,15,41,76" hai1="70,56,134,27,60,98,127,105,37,7,122,5,95" hai2="126,130,113,40,20,119,39,92,47,125,69,129,133" hai3="62,22,46,85,54,103,111,33,99,120,82,90,61"/><V72/><F72/><W63/><G120/><T16/><D100/><U117/><E122/><V71/><F92/><W36/><G33/><T9/><D75/><U28/><E117/><V31/><F119/><W35/><G35/><T34/><D34/><U45/><E105/><V64/><F31/><W84/><G36/><T108/><D76/><U97/><E70/><N who="2" m="26635" /><F20/><W112/><G112/><T52/><D108/><U102/><E98/><V30/><F30/><W25/><G111/><T3/><D3/><U118/><E118/><V135/><F64/><W53/><G85/><T42/><D91/><U93/><E93/><V38/><F38/><W81/><G81/><T68/><D68/><U123/><E123/><V80/><F80/><W24/><G46/><T83/><D83/><U132/><E45/><V2/><F2/><W104/><REACH who="3" step="1"/><G25/><REACH who="3" ten="207,269,282,232" step="2"/><T12/><D12/><U17/><E37/><V124/><F113/><W19/><AGARI ba="0,1" hai="19,22,24,53,54,61,62,63,82,84,90,99,103,104" machi="19" ten="30,8000,1" yaku="1,1,2,1,0,1,53,2" doraHai="121" doraHaiUra="50" who="3" fromWho="3" sc="207,-20,269,-20,282,-40,232,90" /><INIT seed="3,0,0,3,5,82" ten="187,249,242,322" oya="3" hai0="81,69,38,14,54,67,42,86,58,113,91,10,79" hai1="37,68,8,62,16,5,47,100,112,120,130,77,25" hai2="84,88,15,71,123,105,85,89,101,21,132,35,121" hai3="60,36,43,99,133,57,115,108,32,87,92,102,6"/><W51/><G115/><T128/><D128/><U109/><E120/><N who="2" m="46155" /><F71/><W39/><G32/><T127/><D127/><U23/><E112/><V63/><F35/><W80/><G133/><T78/><D113/><U11/><E130/><V111/><F132/><W4/><G39/><T48/><D38/><U122/><E122/><V53/><F111/><W131/><G36/><T1/><D1/><U20/><E109/><V110/><F110/><W90/><G131/><T29/><D42/><U3/><E11/><V33/><F33/><W34/><G34/><T56/><D29/><U66/><E100/><V96/><F53/><W135/><G135/><T107/><D107/><U22/><REACH who="1" step="1"/><E77/><REACH who="1" ten="187,239,242,322" step="2"/><V75/><F75/><W125/><G108/><T124/><D124/><U45/><E45/><V103/><F103/><W118/><G125/><T94/><D79/><U7/><E7/><V17/><F63/><W65/><G118/><T74/><D78/><U64/><E64/><V50/><F50/><W27/><G51/><T28/><D67/><U116/><E116/><V26/><F26/><W72/><G27/><T97/><D10/><U55/><E55/><V19/><F19/><W12/><G72/><T30/><D74/><U129/><E129/><V49/><F49/><W46/><G46/><T126/><D126/><U134/><E134/><V18/><F17/><W24/><G24/><T106/><D48/><U83/><E83/><V114/><F114/><W2/><G4/><T93/><D81/><U13/><E13/><V98/><F89/><W61/><G12/><T9/><D14/><U117/><E117/><RYUUKYOKU ba="0,1" sc="187,-15,239,15,242,15,322,-15" hai1="3,5,8,16,20,22,23,25,37,47,62,66,68" hai2="15,18,21,84,85,88,96,98,101,105" /><INIT seed="4,1,1,3,5,45" ten="172,254,257,307" oya="0" hai0="11,119,71,35,112,56,16,20,74,25,13,113,52" hai1="86,61,5,57,23,12,69,109,77,29,27,76,104" hai2="31,67,127,91,99,9,110,118,80,68,37,82,133" hai3="92,83,66,126,131,111,122,36,51,2,120,85,116"/><T78/><D71/><U132/><E109/><V38/><F110/><W42/><G111/><T49/><D119/><U26/><E104/><V114/><F118/><W72/><G116/><T15/><D35/><U19/><E69/><V34/><F114/><N who="0" m="44138" /><D11/><U60/><E60/><V8/><F133/><W134/><G126/><T106/><D106/><U65/><E132/><V89/><F127/><W105/><G105/><T55/><D55/><U6/><E27/><V30/><F68/><W100/><G131/><T62/><D62/><U14/><E14/><V73/><F34/><W108/><G120/><T41/><D41/><U10/><REACH who="1" step="1"/><E86/><REACH who="1" ten="172,244,257,307" step="2"/><V24/><F24/><W117/><G108/><T90/><D90/><U96/><E96/><V125/><F99/><W95/><G134/><T64/><D64/><U33/><E33/><V102/><F67/><W47/><G66/><T43/><D43/><U46/><E46/><V98/><F98/><W48/><G117/><T75/><D74/><U4/><AGARI ba="1,2" hai="4,5,6,10,12,19,23,26,29,57,61,65,76,77" machi="4" ten="30,4000,0" yaku="1,1,0,1,8,1,53,0" doraHai="45" doraHaiUra="88" who="1" fromWho="1" sc="172,-21,244,63,257,-11,307,-11" /><INIT seed="5,0,0,4,4,74" ten="151,307,246,296" oya="1" hai0="34,67,31,63,27,84,113,46,68,86,131,101,64" hai1="91,26,128,15,107,103,70,98,111,129,132,76,73" hai2="53,41,62,102,32,118,123,1,117,99,89,0,30" hai3="124,4,97,69,36,72,18,56,122,126,85,44,37"/><U42/><E70/><V106/><F123/><W130/><G72/><T52/><D113/><U57/><E42/><V48/><F89/><W58/><G69/><T121/><D131/><N who="1" m="50251" /><E26/><V95/><F95/><W22/><G122/><T3/><D121/><U7/><E111/><V71/><F41/><W6/><G97/><T100/><D3/><U28/><E28/><V79/><F79/><W16/><G85/><T83/><D67/><U134/><E57/><V135/><F135/><N who="1" m="51753" /><E15/><V47/><F0/><W87/><G130/><T55/><D84/><U24/><E24/><N who="2" m="18503" /><F1/><W17/><G87/><T92/><D46/><U39/><E7/><V105/><F105/><W110/><G110/><T9/><D9/><U8/><E8/><V54/><F54/><W93/><G17/><T119/><D119/><U75/><E39/><V127/><F117/><W13/><G13/><T114/><D55/><U96/><E76/><V12/><F118/><W35/><G44/><T108/><D108/><U82/><E82/><V5/><F12/><W77/><G77/><T33/><D52/><U133/><N who="1" m="51761" /><U61/><DORA hai="81" /><E61/><V104/><F5/><W120/><G120/><T65/><D83/><U78/><E78/><V25/><F25/><W51/><G4/><T10/><D27/><U66/><E66/><V40/><F71/><W115/><G6/><T80/><D68/><U21/><E21/><V20/><F20/><W43/><G37/><T29/><D29/><U38/><E38/><V14/><F40/><W50/><G36/><T45/><D31/><U116/><E116/><V60/><F47/><RYUUKYOKU ba="0,0" sc="151,-10,307,30,246,-10,296,-10" hai1="73,75,91,96,98,103,107" /><INIT seed="5,1,0,4,1,95" ten="141,337,236,286" oya="1" hai0="126,93,60,35,48,0,4,31,2,67,121,71,87" hai1="114,128,33,103,56,47,69,58,117,16,1,26,36" hai2="45,41,46,6,52,50,89,85,73,110,29,25,125" hai3="100,116,127,53,92,49,101,80,20,9,13,75,123"/><U81/><E117/><V106/><F110/><W132/><G123/><T27/><D126/><U90/><E69/><V94/><F125/><W51/><G127/><T84/><D121/><U109/><E1/><V134/><F134/><W55/><G132/><T21/><D0/><U118/><E118/><V104/><F73/><W32/><G32/><T112/><D112/><U88/><E33/><V59/><F6/><W91/><G116/><T82/><D48/><N who="3" m="18505" /><G20/><T77/><D35/><U44/><E36/><V17/><F17/><W120/><G80/><T131/><D131/><U15/><E128/><V70/><F70/><W22/><G22/><T11/><REACH who="0" step="1"/><D93/><REACH who="0" ten="131,337,236,286" step="2"/><U96/><E114/><V7/><F46/><N who="1" m="17449" /><E109/><V74/><F74/><AGARI ba="1,1" hai="2,4,11,21,27,31,60,67,71,74,77,82,84,87" machi="74" ten="30,2000,0" yaku="1,1,7,1,53,0" doraHai="95" doraHaiUra="119" who="0" fromWho="2" sc="131,33,337,0,236,-23,286,0" /><INIT seed="6,0,0,4,5,133" ten="164,337,213,286" oya="2" hai0="54,4,8,40,129,127,120,106,17,15,0,63,56" hai1="1,126,29,93,51,81,37,53,69,94,55,79,60" hai2="3,83,115,82,25,87,52,30,104,19,61,26,27" hai3="57,122,13,102,59,28,9,90,24,6,85,128,118"/><V14/><F3/><W33/><G128/><T36/><D129/><U91/><E37/><V66/><F104/><W18/><G118/><T108/><D120/><U105/><E105/><V48/><F115/><W131/><G131/><T86/><D106/><U7/><E29/><V113/><F30/><W112/><G122/><T68/><D108/><U50/><E69/><V111/><F113/><W12/><G102/><T95/><D68/><U89/><E60/><V134/><F134/><W77/><G77/><T76/><D95/><U44/><E7/><V121/><F121/><W101/><G101/><T62/><D62/><U103/><E103/><V80/><F111/><W97/><G97/><T98/><D98/><U117/><E1/><V22/><F61/><W109/><G112/><T46/><D86/><U74/><E117/><V71/><F66/><W119/><G119/><T72/><D127/><U21/><E21/><V45/><REACH who="2" step="1"/><F71/><REACH who="2" ten="164,337,203,286" step="2"/><W92/><REACH who="3" step="1"/><G109/><REACH who="3" ten="164,337,203,276" step="2"/><T88/><D0/><U31/><E31/><V47/><F47/><W35/><G35/><T100/><D46/><U107/><E44/><V5/><F5/><W84/><G84/><AGARI ba="0,2" hai="14,19,22,25,26,27,45,48,52,80,82,83,84,87" machi="84" ten="40,18000,2" yaku="1,1,8,1,54,1,53,3" doraHai="133" doraHaiUra="23" who="2" fromWho="3" sc="164,0,337,0,203,200,276,-180" /><INIT seed="6,1,0,4,5,42" ten="164,337,403,96" oya="2" hai0="111,32,90,75,131,44,120,106,26,8,73,129,51" hai1="64,10,36,24,13,125,116,107,21,46,132,118,103" hai2="124,45,1,39,68,34,130,96,94,30,28,80,76" hai3="4,101,66,61,20,27,78,95,74,86,92,29,23"/><V48/><F68/><W77/><G74/><T40/><D111/><U67/><E107/><V79/><F1/><W6/><G92/><T54/><D120/><U16/><E103/><V81/><F39/><W70/><G70/><T9/><D106/><U63/><E132/><V55/><F130/><N who="0" m="49674" /><D90/><U56/><E67/><V60/><F124/><W85/><G78/><N who="2" m="29737" /><F60/><W41/><G77/><T7/><D40/><U38/><E125/><V3/><F3/><W31/><G41/><T105/><D105/><U87/><E87/><V123/><F34/><W2/><G2/><N who="0" m="119" /><D9/><U114/><E38/><V12/><F123/><W84/><G101/><T17/><D17/><U22/><E36/><V121/><F121/><W59/><REACH who="3" step="1"/><G95/><REACH who="3" ten="164,337,403,86" step="2"/><T88/><D88/><U14/><E116/><V128/><F94/><W57/><G57/><T11/><D75/><U135/><E118/><V25/><F128/><W133/><G133/><T69/><D73/><U113/><E56/><V108/><F108/><W47/><G47/><T37/><D69/><U93/><E46/><V15/><F45/><W98/><G98/><T33/><D37/><U49/><E135/><V102/><F96/><W97/><G97/><T52/><D44/><U104/><E93/><V110/><F102/><W58/><G58/><T134/><D134/><U19/><E104/><V82/><F110/><W91/><G91/><T65/><D54/><U35/><E64/><V112/><F55/><W50/><G50/><T115/><D65/><U119/><E49/><V53/><F48/><W122/><G122/><T127/><D51/><U71/><E119/><RYUUKYOKU ba="1,1" sc="164,-10,337,-10,403,-10,86,30" hai3="4,6,20,23,27,29,31,59,61,66,84,85,86" /><INIT seed="7,2,1,0,0,25" ten="154,327,393,116" oya="3" hai0="86,27,32,74,4,109,53,66,13,118,132,38,6" hai1="20,112,122,23,16,76,94,87,55,42,95,72,93" hai2="126,113,133,115,18,102,92,54,130,134,52,26,88" hai3="9,103,80,123,62,77,84,63,14,36,83,135,51"/><W40/><G123/><T110/><D74/><U21/><E122/><V125/><F102/><W57/><G36/><T96/><D38/><U17/><E72/><V45/><F130/><W64/><G135/><N who="2" m="51721" /><F18/><W75/><G103/><T29/><D132/><U70/><E70/><V90/><F26/><W82/><G63/><T59/><D66/><U131/><E131/><V99/><F90/><W3/><G3/><T33/><D13/><U37/><E37/><V43/><F54/><W114/><G114/><N who="2" m="43529" /><F52/><W50/><G40/><T5/><D27/><U116/><E112/><V85/><F99/><W106/><G106/><T108/><D96/><U35/><E35/><V68/><F68/><W30/><G30/><T49/><D29/><U15/><E116/><V34/><F34/><W129/><G129/><T61/><D118/><U71/><E71/><V67/><F67/><W128/><G128/><T124/><D32/><U31/><E42/><V121/><F121/><W28/><G28/><T12/><D33/><U2/><E2/><V73/><F73/><W89/><REACH who="3" step="1"/><G83/><REACH who="3" ten="154,327,393,106" step="2"/><T58/><D61/><U105/><E105/><V39/><AGARI ba="2,2" hai="39,43,45,85,88,92,125,126" m="43529,51721" machi="39" ten="40,5200,0" yaku="20,1,15,1,54,1" doraHai="25" who="2" fromWho="2" sc="154,-15,327,-15,393,78,106,-28" owari="139,-26.1,312,11.2,471,57.1,78,-42.2" /></mjloggm>