<mjloggm ver="2.3"><GO type="169" lobby="0"/><UN n0="%72%65%62%6F%75%6E%64" n1="%E5%A4%A7%E5%9E%8B%E7%8A%AC" n2="%E3%82%BF%E3%83%9E%E3%83%8D%E3%82%AE" n3="%E5%8F%97%E3%81%91%E5%85%A5%E3%82%8C%E9%87%8D%E8%A6%96" dan="16,16,18,16" rate="2118.68,2100.24,2281.80,2154.96" sx="M,M,M,M"/><TAIKYOKU oya="0"/><INIT seed="0,0,0,0,3,48" ten="250,250,250,250" oya="0" hai0="28,77,22,93,130,56,74,30,23,32,66,8,59" hai1="54,52,53,135,111,75,4,17,117,133,105,125,60" hai2="26,106,67,61,90,129,87,110,78,11,122,42,44" hai3="95,70,57,114,71,79,2,86,128,69,76,91,116"/><T84/><D130/><U9/><E111/><V45/><F122/><W121/><G114/><T6/><D32/><U38/><E125/><V1/><F106/><W49/><G116/><T124/><D124/><U47/><E117/><V10/><F110/><W134/><G128/><T123/><D123/><U7/><E105/><V14/><F129/><W108/><G108/><T41/><D74/><U126/><E126/><V3/><F26/><W19/><G121/><T36/><D36/><U101/><E101/><V27/><F27/><W127/><G127/><T0/><D41/><N who="1" m="22967" /><E75/><V118/><F78/><W81/><G2/><T13/><D0/><U64/><E17/><V73/><F73/><W104/><G104/><T88/><D77/><U68/><E9/><V15/><F45/><W96/><G134/><AGARI ba="0,0" hai="4,7,52,53,54,60,64,68,133,134,135" m="22967" machi="134" ten="30,8000,1" yaku="20,1,52,3,54,1" doraHai="48" who="1" fromWho="3" sc="250,0,250,80,250,0,250,-80" /><INIT seed="1,0,0,5,5,33" ten="250,330,250,170" oya="1" hai0="57,81,4,97,65,21,69,133,105,60,55,82,48" hai1="3,106,52,78,109,31,16,1,100,11,50,73,19" hai2="86,6,8,38,30,12,119,10,25,91,113,54,134" hai3="130,117,42,66,101,43,59,132,35,63,80,85,32"/><U99/><E109/><V124/><F134/><W128/><G132/><T103/><D133/><U45/><E31/><V7/><F124/><W72/><G72/><T102/><D102/><U83/><REACH who="1" step="1"/><E11/><REACH who="1" ten="250,320,250,170" step="2"/><V17/><F10/><W90/><G117/><T9/><REACH who="0" step="1"/><D21/><REACH who="0" ten="240,320,250,170" step="2"/><U44/><E44/><V122/><F119/><W27/><G32/><T20/><D20/><U126/><E126/><V56/><F8/><W98/><G35/><T15/><AGARI ba="0,2" hai="4,9,15,48,55,57,60,65,69,81,82,97,103,105" machi="15" ten="20,2700,0" yaku="1,1,0,1,7,1,53,0" doraHai="33" doraHaiUra="39" who="0" fromWho="0" sc="240,47,320,-13,250,-7,170,-7" /><INIT seed="2,0,0,1,0,90" ten="287,307,243,163" oya="2" hai0="91,56,8,42,59,30,81,22,40,129,17,53,107" hai1="11,24,57,34,128,108,50,69,117,102,116,92,80" hai2="127,48,94,118,87,36,79,6,70,86,125,64,18" hai3="27,104,98,0,12,83,134,21,109,52,4,43,7"/><V72/><F118/><W112/><G0/><T10/><D107/><U60/><E108/><V29/><F36/><W49/><G43/><T113/><D30/><U5/><E69/><V84/><F6/><W68/><G68/><T51/><D129/><U58/><E128/><V119/><F119/><W122/><G122/><T110/><D110/><U14/><E80/><N who="2" m="45159" /><F29/><W121/><G109/><T95/><D81/><U130/><E130/><V96/><F48/><W20/><G121/><T2/><D113/><U61/><E50/><V54/><F54/><W38/><G38/><T114/><D114/><U71/><E71/><V19/><F64/><W100/><G112/><T105/><D105/><U9/><E24/><V82/><F70/><W103/><G103/><T76/><D76/><U75/><E34/><V28/><F28/><W1/><G1/><T46/><D2/><U88/><E5/><V39/><F39/><W73/><G134/><T85/><D59/><U67/><E14/><V23/><F23/><W123/><G123/><T15/><REACH who="0" step="1"/><D42/><REACH who="0" ten="277,307,243,163" step="2"/><U25/><E58/><V135/><F82/><W120/><G120/><T133/><D133/><U13/><E57/><V41/><F41/><W77/><G83/><T26/><D26/><U35/><E25/><V97/><F135/><W55/><G27/><T78/><D78/><U16/><E117/><V32/><F32/><W101/><G77/><T93/><D93/><U47/><E35/><V31/><F31/><W99/><G104/><T63/><AGARI ba="0,1" hai="8,10,15,17,22,40,46,51,53,56,63,85,91,95" machi="63" ten="20,8000,1" yaku="1,1,0,1,7,1,8,1,52,1,53,0" doraHai="90" doraHaiUra="124" who="0" fromWho="0" sc="277,90,307,-20,243,-40,163,-20" /><INIT seed="3,0,0,0,5,122" ten="367,287,203,143" oya="3" hai0="8,98,101,40,72,12,39,129,42,89,11,16,76" hai1="25,52,111,49,102,26,74,62,69,19,27,24,97" hai2="119,73,132,110,128,83,123,126,58,54,133,4,15" hai3="105,45,108,47,33,43,9,46,41,127,78,118,112"/><W87/><G112/><T3/><D129/><U79/><E74/><V51/><F119/><W56/><G118/><T120/><D120/><U81/><E69/><V37/><F37/><W50/><G105/><T31/><D31/><U134/><E62/><V88/><F123/><W116/><G116/><T59/><D39/><U82/><E134/><N who="2" m="51819" /><F128/><W18/><G33/><T125/><D125/><U99/><E111/><V53/><F126/><W6/><G18/><T10/><D89/><U75/><E82/><V68/><F68/><W44/><G127/><T104/><D76/><U70/><E70/><V85/><F73/><W21/><G21/><T32/><D32/><U20/><REACH who="1" step="1"/><E102/><REACH who="1" ten="367,277,203,143" step="2"/><V35/><F110/><W5/><G108/><T7/><D72/><U92/><E92/><V109/><F109/><W71/><G71/><T65/><REACH who="0" step="1"/><D11/><REACH who="0" ten="357,277,203,143" step="2"/><U23/><E23/><V113/><F35/><W77/><G9/><T121/><D121/><U130/><E130/><V2/><F113/><W48/><G41/><T93/><D93/><U117/><E117/><V60/><F83/><W96/><G43/><T13/><D13/><U30/><E30/><V107/><F15/><W61/><G77/><T94/><D94/><U90/><E90/><V135/><F135/><W67/><G78/><T1/><D1/><U57/><AGARI ba="0,2" hai="19,20,24,25,26,27,49,52,57,75,79,81,97,99" machi="57" ten="30,4000,0" yaku="1,1,0,1,54,1,53,0" doraHai="122" doraHaiUra="80" who="1" fromWho="1" sc="357,-10,277,60,203,-10,143,-20" /><INIT seed="4,0,0,0,1,10" ten="347,337,193,123" oya="0" hai0="1,56,54,77,17,43,68,67,115,37,42,110,73" hai1="19,123,31,4,132,32,134,102,88,16,92,62,126" hai2="61,47,106,59,121,81,21,38,12,0,120,82,86" hai3="74,50,3,14,78,46,94,72,23,75,6,39,15"/><T20/><D1/><U13/><E123/><V51/><F38/><W117/><G117/><T57/><D115/><U18/><E102/><V49/><F106/><W41/><G78/><T109/><D37/><U76/><E76/><V52/><F0/><W28/><G3/><T24/><D68/><U96/><E126/><V125/><F125/><W128/><G128/><T108/><D67/><U55/><E32/><V60/><F81/><W5/><G39/><T135/><D135/><N who="1" m="51755" /><E31/><V114/><F114/><W99/><G28/><T33/><D33/><U89/><E4/><V83/><F83/><W129/><G129/><T79/><D57/><N who="1" m="35135" /><E89/><N who="2" m="51415" /><F121/><W69/><G69/><T104/><D104/><U65/><E65/><V100/><F100/><W34/><G34/><T35/><D35/><U91/><E91/><V111/><F111/><W66/><G66/><T7/><D7/><U87/><E87/><V29/><F29/><W48/><G5/><T2/><D2/><U36/><E36/><V22/><F120/><W119/><G119/><T63/><D73/><U105/><E105/><V30/><F30/><W85/><G85/><T103/><D103/><U64/><E64/><V11/><F60/><W93/><G6/><T116/><D116/><U95/><E95/><V131/><F131/><W97/><G74/><T127/><D127/><U84/><E84/><V124/><F124/><W71/><G71/><T25/><D79/><U44/><E44/><V58/><F58/><W80/><G80/><T53/><D77/><U8/><AGARI ba="0,0" hai="8,13,16,18,19,88,92,96" m="35135,51755" machi="8" ten="30,7900,0" yaku="20,1,52,1,54,2" doraHai="10" who="1" fromWho="1" sc="347,-39,337,79,193,-20,123,-20" /><INIT seed="5,0,0,3,2,102" ten="308,416,173,103" oya="1" hai0="132,55,126,71,105,8,77,73,90,16,25,45,7" hai1="3,96,32,88,54,63,123,91,49,10,19,56,46" hai2="15,35,94,87,78,99,29,65,85,43,37,6,51" hai3="59,98,39,120,82,97,24,26,14,76,115,42,134"/><U116/><E116/><V112/><F37/><W44/><G120/><T89/><D71/><U80/><E32/><V100/><F65/><W114/><G134/><T103/><D73/><U11/><E123/><V121/><F121/><W58/><G14/><T53/><D77/><U135/><E135/><V95/><F112/><N who="3" m="43051" /><G58/><T110/><D110/><U34/><E34/><V18/><F6/><W113/><N who="3" m="43059" /><W68/><DORA hai="106" /><G68/><T13/><D132/><U84/><E3/><V131/><F131/><W75/><G59/><T22/><D126/><U128/><E19/><V83/><F35/><W122/><G122/><T27/><D27/><AGARI ba="0,0" hai="24,26,27,39,42,44,75,76,82,97,98" m="43059" machi="27" ten="40,2600,0" yaku="15,1,52,1" doraHai="102,106" who="3" fromWho="0" sc="308,-26,416,0,173,0,103,26" /><INIT seed="6,0,0,4,2,109" ten="282,416,173,129" oya="2" hai0="114,100,23,10,35,54,39,12,62,117,124,108,49" hai1="0,50,45,2,80,31,91,34,42,133,29,37,129" hai2="38,92,93,68,28,72,43,25,40,69,58,1,46" hai3="76,119,3,18,120,5,102,132,60,20,87,104,27"/><V17/><F72/><W105/><G119/><T73/><D39/><U47/><E129/><V15/><F1/><W30/><G120/><T14/><D73/><U134/><E91/><V7/><F7/><W97/><G132/><N who="1" m="50794" /><E80/><V8/><F43/><W57/><G105/><T135/><D35/><U83/><E83/><V112/><F112/><W75/><G75/><T131/><D114/><U66/><E66/><V4/><F4/><W78/><G87/><T13/><D23/><U107/><E107/><V86/><F58/><W24/><G5/><T101/><D117/><U19/><E19/><V88/><REACH who="2" step="1"/><F92/><REACH who="2" ten="282,416,163,129" step="2"/><W56/><G3/><T36/><D108/><U96/><E42/><V53/><F53/><W81/><G81/><T125/><D54/><U32/><E2/><V123/><F123/><W122/><G122/><T65/><D135/><U63/><E0/><V77/><F77/><W98/><G56/><T6/><D6/><U128/><E128/><V70/><F70/><W74/><G74/><T118/><D131/><U67/><E45/><V9/><F9/><W95/><G104/><T94/><D10/><U90/><E47/><V115/><F115/><W127/><G78/><T126/><D94/><U116/><E116/><V110/><F110/><W11/><G76/><T103/><D118/><U61/><E67/><V85/><F85/><W55/><G11/><T52/><D52/><U106/><E106/><V21/><AGARI ba="0,1" hai="8,15,17,21,25,28,38,40,46,68,69,86,88,93" machi="21" ten="20,12000,1" yaku="1,1,0,1,7,1,54,1,53,1" doraHai="109" doraHaiUra="26" who="2" fromWho="2" sc="282,-40,416,-40,163,130,129,-40" /><INIT seed="6,1,0,1,5,110" ten="242,376,293,89" oya="2" hai0="49,100,78,36,18,79,38,11,48,1,14,7,56" hai1="133,104,9,88,35,58,112,32,51,72,21,103,81" hai2="126,3,17,87,28,25,113,119,5,60,65,68,83" hai3="86,41,0,64,122,43,20,94,107,26,16,47,69"/><V134/><F119/><W13/><G107/><T92/><D36/><U57/><E133/><V124/><F134/><W29/><G0/><T106/><D106/><U67/><E112/><V34/><F17/><W30/><G122/><T121/><D38/><U59/><E67/><V114/><F5/><W10/><G69/><T46/><D121/><U128/><E128/><V77/><REACH who="2" step="1"/><F3/><REACH who="2" ten="242,376,283,89" step="2"/><W105/><G105/><T132/><D7/><U27/><E104/><V4/><F4/><W75/><G75/><T24/><D1/><U55/><E72/><V135/><F135/><W80/><G94/><T62/><D132/><U91/><E9/><V82/><F82/><W71/><G30/><T98/><D11/><U22/><E81/><V111/><F111/><W45/><G71/><T12/><D92/><U2/><E2/><V89/><F89/><W117/><G117/><T95/><D18/><U73/><E91/><V63/><F63/><W130/><G130/><T42/><D62/><U109/><E88/><V53/><F53/><W93/><G93/><T52/><D24/><U8/><E8/><V70/><F70/><W85/><G64/><T84/><D79/><U90/><E27/><V115/><AGARI ba="1,1" hai="25,28,34,60,65,68,77,83,87,113,114,115,124,126" machi="115" ten="40,18000,2" yaku="1,1,0,1,15,1,52,3,53,0" doraHai="110" doraHaiUra="101" who="2" fromWho="2" sc="242,-61,376,-61,283,193,89,-61" /><INIT seed="6,2,0,3,5,4" ten="181,315,476,28" oya="2" hai0="64,63,16,94,117,12,131,54,98,74,82,105,10" hai1="19,47,124,75,77,76,92,66,128,73,99,127,57" hai2="33,61,58,1,60,51,81,130,80,59,97,18,30" hai3="2,28,56,69,31,25,29,101,87,115,38,120,40"/><V106/><F130/><W103/><G69/><T119/><D131/><U91/><E128/><V41/><F1/><W27/><G120/><T23/><D105/><U67/><E19/><V44/><F33/><W11/><G115/><T70/><D54/><U133/><E47/><V109/><F109/><W50/><G38/><T0/><D82/><N who="1" m="45327" /><E57/><V95/><F106/><W17/><G87/><T46/><D46/><U116/><E66/><N who="2" m="39191" /><F18/><W42/><G2/><T24/><D74/><U3/><E67/><N who="2" m="39359" /><F30/><W85/><G85/><T13/><D13/><U20/><E3/><V21/><F21/><W100/><G56/><T89/><REACH who="0" step="1"/><D0/><REACH who="0" ten="171,315,476,28" step="2"/><U32/><E75/><V121/><F121/><W71/><G71/><T108/><D108/><U79/><E127/><V7/><F81/><W90/><G90/><T111/><D111/><U6/><E91/><V34/><F80/><W26/><G50/><T68/><D68/><U83/><E124/><V118/><F51/><W88/><G88/><T53/><D53/><U15/><E83/><V122/><F44/><W49/><G49/><T123/><D123/><U110/><E110/><V113/><F122/><W48/><G48/><T114/><D114/><U43/><E15/><AGARI ba="2,1" hai="11,15,17,25,26,27,28,29,31,40,42,100,101,103" machi="15" ten="50,8000,1" yaku="29,2,8,1,52,1" doraHai="4" who="3" fromWho="1" sc="171,0,315,-86,476,0,28,96" /><INIT seed="7,0,0,2,0,65" ten="171,229,476,124" oya="3" hai0="94,37,30,70,82,17,116,64,44,88,134,120,51" hai1="91,43,52,117,108,12,66,34,128,46,10,100,123" hai2="133,119,50,121,73,39,62,20,109,11,53,24,41" hai3="13,59,103,56,97,77,75,58,8,22,84,83,96"/><W107/><G97/><T114/><D120/><U122/><E108/><V81/><F109/><W7/><REACH who="3" step="1"/><G22/><REACH who="3" ten="171,229,476,114" step="2"/><T48/><D116/><U9/><E117/><V14/><F20/><W42/><G42/><T131/><D134/><U35/><E43/><V89/><F41/><W135/><G135/><T49/><D37/><U90/><E123/><V27/><F39/><W71/><G71/><T36/><D36/><U38/><E122/><V95/><F133/><W2/><G2/><T99/><D70/><U125/><E38/><V127/><F121/><W23/><G23/><T112/><D112/><U98/><E98/><V110/><F119/><W118/><G118/><T32/><D114/><U28/><E35/><V74/><F110/><W60/><G60/><T25/><D99/><U6/><E34/><V33/><F62/><W130/><G130/><T115/><D131/><U40/><E40/><V126/><F33/><W1/><G1/><T79/><D115/><U67/><E128/><V69/><F69/><W113/><G113/><T47/><D32/><U18/><E10/><V105/><F11/><W76/><G76/><T85/><D79/><U3/><E9/><V57/><F126/><W87/><AGARI ba="0,1" hai="7,8,13,56,58,59,75,77,83,84,87,96,103,107" machi="87" ten="30,3000,0" yaku="1,1,0,1,53,0" doraHai="65" doraHaiUra="129" who="3" fromWho="3" sc="171,-10,229,-10,476,-10,114,40" /><INIT seed="7,1,0,2,2,13" ten="161,219,466,154" oya="3" hai0="8,124,129,37,76,56,62,65,23,38,121,131,40" hai1="10,20,60,105,83,118,82,132,22,33,90,47,7" hai2="12,92,51,15,97,99,127,44,41,108,115,117,34" hai3="104,126,35,61,6,114,18,116,5,85,79,0,55"/><W74/><G116/><T133/><D121/><U24/><E118/><V125/><F108/><W94/><G104/><T107/><D133/><U109/><E109/><V112/><F34/><W36/><G36/><T28/><D124/><N who="2" m="47690" /><F117/><W11/><G126/><T87/><D107/><U25/><E105/><V3/><F3/><W68/><G35/><T110/><D110/><U43/><E33/><V75/><F75/><W45/><G6/><T119/><D40/><U91/><E60/><V42/><F42/><W72/><G114/><N who="2" m="43561" /><F99/><W59/><G68/><T78/><D8/><U29/><E132/><V19/><F19/><W135/><G135/><T57/><D87/><U64/><E64/><V66/><F66/><W111/><G111/><T31/><D119/><U30/><E83/><V53/><F53/><W39/><G18/><T77/><D31/><U17/><E82/><V9/><F9/><W16/><G16/><T69/><D37/><U102/><E17/><V98/><F98/><W4/><G4/><T1/><D38/><U70/><E102/><AGARI ba="1,0" hai="12,15,41,44,51,92,97,102" m="43561,47690" machi="102" ten="30,2000,0" yaku="18,1,15,1" doraHai="13" who="2" fromWho="1" sc="161,0,219,-23,466,23,154,0" owari="161,-23.9,196,-0.4,489,58.9,154,-34.6" /></mjloggm>