<mjloggm ver="2.3"><GO type="169" lobby="0"/><UN n0="%E8%B5%A4%E6%AF%9B%E3%81%AE%E3%82%AD%E3%83%A7%E3%83%B3" n1="%E3%81%82%E3%81%BE%E3%81%82%E3%82%93" n2="%E3%81%AC%E3%81%AC%E3%81%84%E3%81%AC" n3="%E3%81%A8%E3%82%8D%E3%82%8D%E3%81%9D%E3%81%B0" dan="18,17,16,17" rate="2304.73,2118.32,2073.13,2266.40" sx="M,M,M,M"/><TAIKYOKU oya="0"/><INIT seed="0,0,0,5,1,102" ten="250,250,250,250" oya="0" hai0="61,69,133,20,88,103,63,13,6,84,53,77,40" hai1="128,97,111,113,5,76,134,14,28,30,51,45,35" hai2="7,130,23,68,95,78,48,85,106,1,2,87,109" hai3="99,62,66,125,44,115,101,10,59,24,57,104,79"/><T119/><D119/><U12/><E111/><V60/><F130/><W116/><G115/><T42/><D133/><U74/><E134/><V96/><F23/><W67/><G116/><T121/><D121/><U38/><E128/><V55/><F7/><W54/><G125/><T98/><D77/><U118/><E118/><V37/><F37/><W47/><G79/><T19/><D6/><U34/><E38/><V135/><F109/><W120/><G120/><T29/><D29/><U132/><E132/><V26/><F26/><W73/><G73/><T27/><D27/><U17/><E113/><V89/><F87/><W39/><G39/><T18/><D18/><U65/><E65/><V105/><F135/><W80/><G80/><T21/><D21/><U33/><E97/><V86/><F86/><W91/><G91/><T81/><D69/><U16/><E76/><V36/><F36/><W110/><G110/><T108/><D108/><U117/><E74/><V32/><F32/><W4/><G24/><T122/><D122/><U94/><E94/><V49/><F68/><W11/><G67/><T75/><D75/><U107/><E117/><V56/><F2/><W127/><G127/><T112/><D112/><U22/><E5/><V83/><F1/><W123/><G123/><T82/><D82/><U64/><E64/><V15/><F15/><N who="3" m="5575" /><G11/><T3/><D3/><U114/><E114/><V90/><REACH who="2" step="1"/><F78/><REACH who="2" ten="250,250,240,250" step="2"/><W126/><G126/><T0/><D0/><U58/><E33/><V52/><F52/><W46/><G54/><T124/><D124/><U41/><E34/><V93/><F93/><RYUUKYOKU ba="0,1" sc="250,-15,250,-15,240,15,250,15" hai2="48,49,55,56,60,83,85,89,90,95,96,105,106" hai3="44,46,47,57,59,62,66,99,101,104" /><INIT seed="1,1,1,5,1,6" ten="235,235,255,265" oya="1" hai0="107,58,67,114,32,57,112,115,95,127,99,78,89" hai1="40,120,59,54,104,47,3,60,79,100,11,102,50" hai2="24,61,73,75,55,133,44,42,64,86,38,121,92" hai3="31,21,97,56,94,113,5,106,4,124,33,9,109"/><U105/><E120/><V34/><F133/><W68/><G68/><T122/><D32/><U28/><E28/><V81/><F92/><W43/><G113/><T71/><D122/><U0/><E79/><V8/><F55/><W25/><G106/><T29/><D29/><U1/><REACH who="1" step="1"/><E11/><REACH who="1" ten="235,225,255,265" step="2"/><V7/><F121/><W52/><G33/><T30/><D30/><U37/><E37/><V15/><F34/><W69/><G124/><T19/><D127/><U63/><E63/><V22/><F61/><W118/><G118/><T117/><D117/><U72/><E72/><V20/><F75/><W14/><G109/><T84/><D78/><U111/><E111/><V88/><F73/><W91/><G69/><T49/><D71/><U119/><E119/><V82/><F22/><W66/><G66/><T51/><D67/><U36/><E36/><V76/><F64/><W110/><G110/><T45/><D114/><U17/><E17/><V85/><F20/><W35/><G35/><T53/><D19/><U134/><E134/><V101/><REACH who="2" step="1"/><F24/><REACH who="2" ten="235,225,245,265" step="2"/><W130/><G21/><T74/><D74/><U125/><E125/><V39/><F39/><W13/><G25/><T16/><D112/><U62/><E62/><V23/><F23/><W116/><G116/><T18/><D115/><U93/><E93/><V128/><F128/><W108/><G130/><T135/><D135/><U70/><E70/><V131/><F131/><W90/><G108/><T12/><D95/><U41/><E41/><V10/><F10/><N who="3" m="4295" /><G43/><T87/><D51/><U83/><E83/><V27/><F27/><W129/><G129/><RYUUKYOKU ba="1,3" sc="235,-15,225,15,245,15,265,-15" hai1="0,1,3,40,47,50,54,59,60,100,102,104,105" hai2="7,8,15,38,42,44,76,81,82,85,86,88,101" /><INIT seed="1,2,3,0,3,30" ten="220,240,260,250" oya="1" hai0="111,88,50,0,112,73,60,16,97,59,127,9,14" hai1="133,132,34,24,22,95,125,63,39,52,53,82,47" hai2="93,106,57,4,113,109,81,61,71,21,7,76,75" hai3="36,90,120,58,100,66,2,92,42,5,15,28,13"/><U134/><E125/><V114/><F109/><W96/><G2/><T129/><D112/><N who="2" m="43114" /><F106/><W20/><G120/><T122/><D111/><U104/><E104/><V130/><F130/><W40/><G36/><T67/><D129/><U101/><E82/><V10/><F71/><W6/><G90/><T123/><D73/><U12/><E12/><N who="3" m="4682" /><G66/><T108/><D108/><U26/><E101/><V35/><F21/><W3/><G58/><T124/><D0/><U135/><E95/><V77/><F77/><W68/><G68/><T131/><D131/><U107/><E107/><V72/><F93/><W98/><G98/><T115/><D115/><U121/><E121/><N who="0" m="46089" /><D50/><N who="1" m="28767" /><E39/><V29/><F72/><W64/><G64/><T70/><D70/><U79/><E79/><V102/><F102/><W38/><G38/><T84/><D97/><U18/><E134/><V41/><F10/><W91/><G100/><T74/><D74/><U37/><E37/><V65/><F41/><N who="3" m="15979" /><G3/><T94/><AGARI ba="2,3" hai="9,14,16,59,60,67,84,88,94,124,127" m="46089" machi="94" ten="30,4000,0" yaku="13,1,54,2" doraHai="30" who="0" fromWho="0" sc="220,76,240,-22,260,-12,250,-12" /><INIT seed="2,0,0,0,4,51" ten="296,218,248,238" oya="2" hai0="110,118,58,25,35,5,66,122,117,135,132,12,103" hai1="102,96,7,37,111,98,34,87,124,112,15,83,45" hai2="9,62,13,130,68,94,36,123,22,64,53,131,42" hai3="109,56,120,20,19,113,125,114,46,71,128,50,86"/><V108/><F123/><W84/><G120/><T75/><D75/><U30/><E112/><N who="3" m="43114" /><G71/><T100/><D122/><U79/><E111/><V14/><F108/><W77/><G109/><T93/><D110/><U73/><E124/><V105/><F105/><W82/><G125/><T48/><D5/><U95/><E73/><V65/><F65/><W81/><G56/><T107/><D107/><U32/><E30/><V28/><F94/><W119/><G128/><N who="2" m="49193" /><F53/><N who="3" m="29911" /><G119/><T69/><D69/><U80/><E37/><V0/><F0/><W101/><G101/><T47/><D100/><U115/><E115/><V38/><F28/><W63/><G63/><T44/><D103/><U76/><E45/><N who="2" m="23751" /><F38/><W88/><G20/><T21/><D21/><U85/><E96/><V49/><F49/><W89/><G19/><T11/><D117/><U97/><E98/><V27/><F9/><AGARI ba="0,0" hai="7,9,15,32,34,76,79,80,83,85,87,95,97,102" machi="9" ten="40,1300,0" yaku="9,1" doraHai="51" who="1" fromWho="2" sc="296,0,218,13,248,-13,238,0" /><INIT seed="3,0,0,1,1,16" ten="296,231,235,238" oya="3" hai0="26,65,124,13,57,34,53,81,43,88,7,95,61" hai1="17,51,129,47,0,118,71,78,96,3,93,39,109" hai2="58,123,15,49,72,128,22,69,68,87,85,55,46" hai3="133,67,97,132,11,66,76,89,23,108,94,126,41"/><W130/><G126/><T24/><D124/><U21/><E71/><V48/><F128/><W60/><G130/><T5/><D43/><U14/><E109/><V100/><F72/><W45/><G76/><T32/><D81/><U56/><E129/><V37/><F37/><W75/><G75/><T101/><D101/><U116/><E39/><V91/><F123/><W117/><G117/><N who="1" m="45162" /><E56/><V74/><F100/><W110/><G11/><T107/><D107/><U73/><E78/><V10/><F85/><W28/><G45/><T4/><D13/><U77/><E77/><V6/><F74/><W127/><G41/><T86/><REACH who="0" step="1"/><D65/><REACH who="0" ten="286,231,235,238" step="2"/><U84/><E14/><V120/><F120/><W115/><G127/><T113/><D113/><U20/><E3/><V52/><REACH who="2" step="1"/><F22/><REACH who="2" ten="286,231,225,238" step="2"/><W112/><G115/><T102/><D102/><U36/><E21/><V19/><F19/><W92/><G112/><T131/><D131/><U33/><E20/><V63/><F63/><W54/><G23/><T42/><D42/><U70/><E17/><V31/><F31/><W35/><G28/><T27/><AGARI ba="0,2" hai="4,5,7,24,26,27,32,34,53,57,61,86,88,95" machi="27" ten="30,4000,0" yaku="1,1,0,1,54,1,53,0" doraHai="16" doraHaiUra="12" who="0" fromWho="0" sc="286,60,231,-10,225,-10,238,-20" /><INIT seed="4,0,0,2,2,83" ten="346,221,215,218" oya="0" hai0="24,96,99,14,73,38,20,78,115,71,116,30,85" hai1="0,101,37,100,8,68,15,60,109,89,59,18,11" hai2="46,79,43,31,133,125,117,94,86,4,50,5,10" hai3="64,40,90,70,2,39,45,91,92,106,134,58,132"/><T97/><D116/><U35/><E37/><V98/><F133/><W19/><G106/><T127/><D38/><U6/><E68/><V62/><F125/><W32/><G2/><T54/><D71/><U111/><E35/><V17/><F117/><W84/><G32/><T21/><D127/><U135/><E135/><V80/><F31/><W126/><G126/><T28/><D115/><U63/><E63/><V22/><F62/><W23/><G70/><T118/><D118/><U82/><E89/><V36/><F36/><W55/><G64/><T104/><D73/><U114/><E82/><V34/><F34/><W95/><G23/><T124/><D124/><U51/><E51/><V74/><F74/><W44/><G44/><T69/><D104/><U108/><REACH who="1" step="1"/><E114/><REACH who="1" ten="346,211,215,218" step="2"/><V67/><F67/><AGARI ba="0,1" hai="0,6,8,11,15,18,59,60,67,100,101,108,109,111" machi="67" ten="40,2600,0" yaku="1,1,2,1,53,0" doraHai="83" doraHaiUra="81" who="1" fromWho="2" sc="346,0,211,36,215,-26,218,0" /><INIT seed="5,0,0,2,1,112" ten="346,247,189,218" oya="1" hai0="73,118,113,131,33,109,11,57,64,111,98,134,44" hai1="135,104,31,130,90,41,26,83,39,101,85,88,65" hai2="40,42,60,6,32,51,3,37,67,35,52,5,56" hai3="23,125,80,100,115,68,10,47,53,126,58,16,17"/><U123/><E123/><V107/><F107/><W71/><G115/><T84/><D73/><U110/><E130/><V119/><F119/><W77/><G47/><T55/><D33/><U89/><E135/><V79/><F79/><W62/><G100/><T1/><D118/><U81/><E110/><V97/><F97/><W121/><G10/><T14/><D1/><U128/><E128/><V2/><F2/><W12/><G17/><T66/><D113/><U20/><E65/><V72/><F72/><W87/><REACH who="3" step="1"/><G121/><REACH who="3" ten="346,247,189,208" step="2"/><T76/><D11/><U108/><E108/><V61/><F3/><W75/><G75/><T45/><D44/><U0/><E101/><V86/><F6/><W133/><G133/><T18/><D45/><U22/><E0/><V63/><F5/><W43/><G43/><T129/><D134/><U21/><E41/><V46/><F42/><W105/><G105/><T103/><D129/><U94/><E104/><V99/><F40/><W28/><G28/><T4/><D131/><U29/><E29/><V13/><F46/><W74/><G74/><T127/><D4/><U95/><E31/><V50/><F37/><W91/><G91/><N who="1" m="34826" /><E39/><V124/><F67/><W102/><G102/><T82/><D109/><U24/><E95/><V70/><F35/><W25/><G25/><AGARI ba="0,1" hai="20,21,22,24,25,26,81,83,85,88,94" m="34826" machi="25" ten="30,2900,0" yaku="8,1,54,1" doraHai="112" who="1" fromWho="3" sc="346,0,247,39,189,0,208,-29" /><INIT seed="5,1,0,0,1,73" ten="346,286,189,179" oya="1" hai0="55,113,34,26,53,12,108,30,39,45,82,6,90" hai1="99,22,75,0,126,41,46,52,77,5,20,125,18" hai2="40,2,79,29,44,103,7,72,95,102,35,4,68" hai3="119,123,16,57,105,98,86,62,51,56,111,131,25"/><U89/><E89/><V8/><F7/><W37/><G37/><T85/><D108/><U110/><E99/><V118/><F95/><W54/><G111/><T64/><D113/><U70/><E70/><V122/><F122/><W91/><G123/><T32/><D32/><U59/><E5/><V130/><F130/><W47/><G131/><T38/><D64/><U11/><E0/><V15/><F15/><W97/><G57/><T19/><D6/><U96/><E96/><V43/><F43/><W17/><G119/><T76/><D90/><U78/><E11/><V24/><F68/><W69/><G69/><T10/><REACH who="0" step="1"/><D38/><REACH who="0" ten="336,286,189,179" step="2"/><U49/><E110/><V21/><F118/><W129/><G129/><T124/><D124/><U33/><E33/><V128/><F128/><W83/><G105/><T23/><D23/><U106/><E106/><V107/><F107/><W71/><G71/><T133/><D133/><U60/><E22/><V80/><F21/><N who="3" m="13479" /><G17/><T88/><D88/><U117/><E117/><V100/><F102/><W104/><G104/><T74/><D74/><U94/><E75/><V127/><F127/><N who="1" m="48649" /><E94/><V81/><REACH who="2" step="1"/><F81/><REACH who="2" ten="336,286,179,179" step="2"/><W92/><G92/><T9/><D9/><U132/><E132/><V87/><F87/><W1/><G1/><T116/><D116/><U67/><E20/><V114/><F114/><W84/><G86/><T135/><D135/><U66/><E18/><V27/><F27/><W120/><G120/><T134/><D134/><U58/><E67/><AGARI ba="1,2" hai="47,51,54,56,62,67,83,84,91,97,98" m="13479" machi="67" ten="30,2000,0" yaku="8,1,54,1" doraHai="73" who="3" fromWho="1" sc="336,0,286,-23,179,0,179,43" /><INIT seed="6,0,0,3,3,56" ten="336,263,179,222" oya="2" hai0="117,20,3,6,135,52,26,12,88,9,33,94,31" hai1="44,54,13,30,15,130,125,82,14,50,28,7,22" hai2="99,120,86,79,115,100,40,102,113,21,92,80,133" hai3="109,65,98,76,24,81,58,124,38,83,118,85,132"/><V78/><F21/><W27/><G38/><T2/><D135/><U16/><E130/><V123/><F40/><W17/><G109/><T75/><D75/><U107/><E107/><V29/><F29/><N who="1" m="11369" /><E125/><V10/><F10/><W53/><G118/><T67/><D117/><U112/><E112/><N who="2" m="43083" /><F133/><W57/><G132/><T84/><D67/><U66/><E66/><V126/><F126/><W47/><G124/><T110/><D110/><U36/><E36/><V4/><F4/><W96/><G47/><T11/><D33/><U41/><E7/><V95/><F79/><W18/><G65/><T8/><D2/><U121/><E121/><N who="2" m="46667" /><F100/><W101/><G101/><T106/><D3/><U89/><E41/><V93/><AGARI ba="0,0" hai="78,80,86,92,93,95,99,102" m="46667,43083" machi="93" ten="40,7800,0" yaku="15,1,34,2" doraHai="56" who="2" fromWho="2" sc="336,-26,263,-26,179,78,222,-26" /><INIT seed="6,1,0,5,5,64" ten="310,237,257,196" oya="2" hai0="95,28,14,66,80,23,11,33,93,112,32,101,3" hai1="67,55,110,81,126,2,77,69,27,51,71,72,132" hai2="56,103,10,102,96,135,124,8,104,115,20,22,48" hai3="92,127,70,116,35,30,5,107,54,98,111,65,46"/><V74/><F115/><W117/><G111/><T125/><D3/><U128/><E110/><V19/><F135/><W17/><G127/><T42/><D112/><U50/><E2/><V49/><F124/><W59/><G5/><T38/><D42/><U82/><E126/><V53/><F74/><W62/><G107/><T0/><D38/><U133/><E128/><V83/><F83/><W1/><G1/><T43/><D43/><U7/><E7/><V36/><F36/><W120/><G120/><T86/><D0/><U31/><E81/><V9/><F103/><W15/><G46/><T100/><D33/><N who="1" m="20735" /><E67/><V108/><F108/><W76/><G76/><T44/><D32/><U113/><E51/><V4/><F4/><W91/><G30/><T97/><D66/><U61/><E61/><V94/><F104/><W39/><G35/><T78/><D44/><N who="1" m="28103" /><E113/><V123/><F123/><W87/><G98/><N who="0" m="59471" /><D125/><U122/><E122/><V88/><F102/><W37/><G39/><T6/><D28/><U106/><E106/><V57/><F19/><W45/><G45/><T90/><D23/><U109/><E109/><V13/><F13/><W134/><G37/><T58/><D58/><U105/><E105/><V26/><F26/><W16/><G134/><AGARI ba="1,0" hai="69,71,72,77,82,132,133,134" m="28103,20735" machi="134" ten="30,3900,0" yaku="20,1,52,2" doraHai="64" who="1" fromWho="3" sc="310,0,237,42,257,0,196,-42" /><INIT seed="7,0,0,4,5,23" ten="310,279,257,154" oya="3" hai0="61,75,48,26,62,80,33,46,88,6,45,130,29" hai1="114,86,47,108,133,44,17,20,7,18,15,70,135" hai2="31,72,93,63,132,110,43,103,107,39,101,85,53" hai3="117,1,116,25,9,32,13,96,4,30,64,36,99"/><W24/><G36/><T94/><D130/><U115/><E70/><V113/><F110/><W56/><G99/><T57/><D6/><U51/><E108/><V79/><F113/><N who="1" m="43017" /><E7/><V35/><F132/><N who="1" m="50761" /><E86/><V38/><F43/><W118/><G96/><T97/><D62/><U49/><E18/><V37/><F107/><W41/><G41/><T22/><D33/><U111/><E111/><V87/><F72/><W16/><G25/><T14/><D14/><U91/><E91/><V119/><F119/><W95/><G95/><T98/><D98/><U76/><E76/><V106/><F79/><W28/><G28/><T5/><D5/><U78/><E78/><V89/><F87/><W3/><REACH who="3" step="1"/><G4/><REACH who="3" ten="310,279,257,144" step="2"/><T123/><D94/><U83/><E83/><V122/><F106/><W27/><G27/><T82/><D97/><U65/><E65/><V134/><F134/><W0/><G0/><T10/><D82/><U68/><E68/><V69/><F69/><W124/><G124/><T11/><D80/><U127/><E127/><V102/><F39/><W131/><G131/><T60/><D26/><U109/><E109/><V12/><F12/><W8/><G8/><T40/><D10/><U77/><E15/><V74/><F31/><W50/><G50/><T58/><D11/><U126/><E126/><V21/><F38/><W19/><G19/><T105/><D105/><U71/><E71/><V34/><F37/><W42/><G42/><T54/><D29/><U92/><E17/><V2/><F2/><W120/><G120/><T90/><D123/><U112/><E112/><V129/><F122/><RYUUKYOKU ba="0,1" sc="310,-10,279,-10,257,-10,144,30" hai3="1,3,9,13,16,24,30,32,56,64,116,117,118" /><INIT seed="7,1,1,3,4,38" ten="300,269,247,174" oya="3" hai0="6,73,53,80,84,31,59,52,47,91,78,68,122" hai1="67,107,9,89,130,34,17,45,23,99,79,75,33" hai2="126,2,60,97,14,101,57,55,16,46,92,96,116" hai3="132,102,56,4,65,49,66,35,27,44,113,108,39"/><W24/><G113/><T105/><D122/><U26/><E130/><V51/><F116/><W114/><G114/><T115/><D115/><U15/><E67/><V36/><F126/><W117/><G117/><T71/><D105/><U77/><E75/><V88/><F2/><W133/><G108/><T100/><D100/><U12/><E12/><V1/><F1/><W54/><G4/><T83/><D6/><U41/><E34/><V76/><F36/><W3/><G102/><T20/><D47/><U28/><E33/><V69/><F69/><W13/><G3/><T72/><D72/><U18/><E107/><V129/><F76/><W135/><G13/><T30/><D53/><U7/><E99/><N who="2" m="57735" /><F129/><W22/><G35/><T29/><REACH who="0" step="1"/><D20/><REACH who="0" ten="290,269,247,174" step="2"/><U127/><E23/><N who="2" m="11671" /><F101/><W40/><REACH who="3" step="1"/><G27/><REACH who="3" ten="290,269,247,164" step="2"/><T42/><D42/><AGARI ba="1,3" hai="42,46,51,55,57,60,96,97" m="11671,57735" machi="42" ten="30,7700,0" yaku="8,1,52,1,54,2" doraHai="38" who="2" fromWho="0" sc="290,-80,269,0,247,110,164,0" owari="210,-19.0,269,6.9,357,45.7,164,-33.6" /></mjloggm>