<mjloggm ver="2.3"><GO type="169" lobby="0"/><UN n0="%E9%A6%AC%E3%81%AE%E8%80%B3%E3%81%AB%E5%BF%B5%E4%BB%8F" n1="%E8%A1%A8%E7%A4%BA%E4%BE%A1%E6%A0%BC%E3%82%88%E3%82%8A%E5%8D%8A%E9%A1%8D" n2="%E5%A4%A9%E6%89%8D%E3%82%A4%E3%83%99%E3%83%AA%E3%82%B3%E8%B1%9A" n3="%65%2D%6D%61%6E" dan="17,16,16,16" rate="2168.69,2095.75,2070.91,2089.14" sx="M,M,F,M"/><TAIKYOKU oya="0"/><INIT seed="0,0,0,2,0,43" ten="250,250,250,250" oya="0" hai0="120,54,105,30,29,37,103,115,7,76,65,16,82" hai1="130,34,104,22,92,11,100,117,42,99,8,39,77" hai2="61,63,131,122,20,58,69,33,40,60,2,38,128" hai3="13,119,59,90,126,132,110,111,108,36,133,1,118"/><T50/><D115/><U134/><E117/><N who="3" m="44554" /><G1/><T5/><D120/><U74/><E34/><V66/><F33/><W75/><G75/><T28/><D37/><U41/><E134/><N who="3" m="51818" /><G13/><T6/><D65/><U47/><E130/><N who="2" m="49707" /><F2/><W123/><G90/><T81/><D105/><U121/><E121/><V26/><F20/><W125/><G36/><T35/><D103/><U12/><E104/><V55/><F26/><W18/><G18/><T67/><D67/><U15/><E42/><V96/><F96/><W10/><G10/><T0/><D35/><U25/><E77/><V114/><F114/><W107/><G107/><T4/><D16/><U79/><E79/><V17/><F17/><W70/><G70/><T80/><N who="0" m="1024" /><DORA hai="73" /><T53/><D0/><U93/><E74/><V71/><F122/><W31/><G31/><T86/><REACH who="0" step="1"/><D54/><REACH who="0" ten="240,250,250,250" step="2"/><U106/><E11/><V68/><F66/><W102/><G123/><T3/><D3/><U78/><E8/><V49/><F38/><W124/><G102/><T97/><D97/><U62/><E106/><V84/><F84/><W135/><G135/><T32/><D32/><U89/><E100/><V88/><F69/><W109/><G109/><T101/><D101/><U19/><E39/><V23/><F68/><W127/><G127/><T45/><AGARI ba="0,1" hai="28,29,30,45,50,53,76,80,81,82,86" m="1024" machi="45" ten="50,12000,1" yaku="1,1,0,1,8,1,52,2,53,0" doraHai="43,73" doraHaiUra="129,57" who="0" fromWho="0" sc="240,130,250,-40,250,-40,250,-40" /><INIT seed="0,1,0,3,2,101" ten="370,210,210,210" oya="0" hai0="104,5,89,51,114,10,41,82,6,123,22,4,61" hai1="7,127,94,118,21,26,79,121,63,84,111,47,31" hai2="132,73,9,107,88,109,0,75,95,135,115,69,54" hai3="93,50,44,81,106,25,17,119,43,53,131,116,49"/><T64/><D114/><U96/><E118/><V58/><F115/><W20/><G131/><T134/><D134/><N who="2" m="51242" /><F109/><W19/><G93/><T90/><D123/><U28/><E111/><V103/><F69/><W62/><G62/><T92/><D104/><U124/><E121/><V45/><F45/><W34/><G34/><T133/><D133/><U38/><E7/><N who="2" m="1255" /><F103/><W77/><G106/><T55/><D41/><U70/><E79/><V74/><F107/><W29/><G119/><T78/><D10/><U108/><E84/><N who="2" m="52615" /><F75/><W105/><G105/><T11/><D11/><U8/><E108/><V65/><F65/><W15/><G116/><T100/><D100/><U23/><E8/><V32/><F32/><W83/><G77/><T91/><D22/><U129/><E47/><V67/><F67/><W71/><G71/><T36/><D36/><U126/><E38/><V98/><F98/><W80/><REACH who="3" step="1"/><G15/><REACH who="3" ten="370,210,210,200" step="2"/><T46/><D92/><U39/><E70/><V27/><F27/><W48/><G48/><AGARI ba="1,1" hai="48,54,58,73,74" m="52615,1255,51242" machi="48" ten="30,2000,0" yaku="20,1,54,1" doraHai="101" who="2" fromWho="3" sc="370,0,210,0,210,33,200,-23" /><INIT seed="1,0,0,1,4,76" ten="370,210,243,177" oya="1" hai0="131,50,74,38,41,104,58,57,53,20,78,46,114" hai1="91,97,68,77,90,4,109,129,9,79,43,35,96" hai2="13,60,28,110,87,2,95,118,49,42,7,21,86" hai3="122,120,16,59,99,24,112,34,94,93,5,106,101"/><U27/><E68/><V1/><F118/><W117/><G117/><T6/><D104/><U119/><E119/><V133/><F110/><W75/><G112/><T92/><D114/><U132/><E109/><V125/><F133/><W14/><G75/><T30/><D131/><U66/><E132/><V67/><F125/><W22/><G59/><T19/><D30/><U51/><E66/><V0/><F7/><W102/><G5/><T40/><D92/><U8/><E129/><V18/><F95/><W44/><G44/><T88/><D6/><U107/><E107/><V12/><F28/><W47/><G47/><T65/><D88/><U127/><E4/><V80/><F87/><W84/><G34/><T26/><D40/><U17/><E127/><V48/><F13/><W121/><G14/><T11/><D11/><U135/><E135/><V32/><F42/><W10/><G10/><T111/><D111/><U61/><E61/><V124/><F32/><W100/><REACH who="3" step="1"/><G106/><REACH who="3" ten="370,210,243,167" step="2"/><T116/><D58/><U85/><E35/><V29/><F124/><W98/><G98/><T128/><D116/><U83/><E27/><V25/><F1/><W70/><G70/><T63/><D128/><U72/><E9/><V81/><F2/><W52/><G52/><T113/><D113/><U56/><E8/><V39/><F12/><W82/><G82/><N who="0" m="45399" /><D53/><N who="1" m="31807" /><E43/><V134/><F134/><W37/><G37/><T45/><D45/><U71/><E71/><N who="2" m="42471" /><F39/><W54/><G54/><N who="0" m="30039" /><D38/><U126/><E126/><V105/><F105/><W115/><G115/><T103/><D41/><U36/><E36/><V55/><F0/><RYUUKYOKU ba="0,1" sc="370,15,210,-15,243,-15,167,15" hai0="19,20,26,57,63,65,103" hai3="16,22,24,84,93,94,99,100,101,102,120,121,122" /><INIT seed="2,1,1,1,2,10" ten="385,195,228,182" oya="2" hai0="32,38,91,95,103,84,132,131,63,30,5,44,23" hai1="17,118,66,8,58,114,29,102,113,19,81,73,25" hai2="87,67,129,40,9,39,112,16,74,46,21,26,37" hai3="48,24,3,33,125,130,50,88,12,101,75,80,54"/><V57/><F74/><W52/><G3/><T97/><D32/><U100/><E118/><V98/><F112/><W134/><G134/><T104/><D132/><U117/><E117/><V36/><F129/><W94/><G130/><T55/><D131/><U65/><E8/><V135/><F135/><W108/><G108/><T0/><D38/><U71/><E73/><V83/><F98/><W56/><G125/><T62/><D0/><U116/><E116/><V107/><F107/><W77/><G101/><T51/><D5/><U43/><E43/><V64/><F57/><W6/><G33/><T59/><D30/><U92/><E92/><V11/><F11/><W42/><G24/><T28/><D28/><U128/><E81/><V126/><F126/><W85/><G42/><T15/><D23/><U109/><E29/><V93/><F93/><W119/><G119/><T96/><D63/><U27/><E128/><V1/><F37/><W45/><REACH who="3" step="1"/><G6/><REACH who="3" ten="385,195,228,172" step="2"/><T124/><D124/><U121/><E109/><V72/><F1/><W122/><G122/><T53/><D103/><U79/><E121/><V76/><F39/><W31/><G31/><T133/><D133/><U14/><E113/><V69/><F40/><W89/><G89/><T111/><D111/><U120/><E120/><V34/><F36/><W49/><G49/><T7/><D104/><U4/><E114/><V2/><F34/><W60/><G60/><T123/><D123/><U68/><E100/><V61/><F2/><W22/><G22/><T106/><D106/><U90/><E102/><V47/><F61/><W78/><G78/><RYUUKYOKU ba="1,2" sc="385,15,195,-15,228,-15,172,15" hai0="7,15,44,51,53,55,59,62,84,91,95,96,97" hai3="12,45,48,50,52,54,56,75,77,80,85,88,94" /><INIT seed="3,2,2,1,4,47" ten="400,180,213,187" oya="3" hai0="104,43,132,99,69,122,3,4,39,90,15,111,123" hai1="76,57,74,51,60,101,124,29,17,79,78,105,25" hai2="81,107,48,63,133,38,88,33,28,91,11,49,2" hai3="62,86,110,54,77,10,59,73,23,30,32,126,114"/><W94/><G114/><T100/><D15/><U24/><E124/><V18/><F38/><W95/><G126/><T93/><D43/><U112/><E112/><V14/><F107/><W84/><G110/><T97/><D4/><U31/><E74/><V75/><F133/><W64/><G32/><T61/><D61/><U80/><E105/><V37/><F37/><W87/><G10/><T42/><D42/><U85/><E101/><V0/><F33/><W120/><G120/><T21/><D21/><U52/><E60/><V35/><F35/><W36/><G36/><T58/><D58/><U7/><E7/><V27/><F63/><W70/><G73/><T103/><D69/><U13/><E13/><V117/><F117/><W65/><G77/><N who="1" m="29802" /><E17/><V71/><F71/><W40/><G40/><T8/><D8/><U116/><E116/><V45/><F75/><W46/><G70/><T22/><D22/><U98/><E98/><V113/><F45/><W41/><G65/><T134/><D3/><U128/><E128/><V50/><F113/><W72/><G72/><T121/><D39/><U53/><E53/><V135/><F135/><N who="0" m="51754" /><D111/><U109/><E109/><V106/><F0/><W131/><G41/><T16/><D16/><U82/><E82/><V115/><F106/><W66/><G131/><T125/><D125/><U44/><E44/><V108/><F115/><W83/><G46/><T1/><D1/><U102/><E102/><AGARI ba="2,2" hai="90,93,97,99,100,102,103,104,121,122,123" m="51754" machi="102" ten="40,5200,0" yaku="20,1,34,2" doraHai="47" who="0" fromWho="1" sc="400,78,180,-58,213,0,187,0" /><INIT seed="4,0,0,1,3,42" ten="478,122,213,187" oya="0" hai0="115,29,57,133,130,123,103,64,14,95,52,114,47" hai1="10,11,83,68,15,84,12,96,41,72,9,38,108" hai2="74,125,37,102,131,109,76,46,16,128,90,117,105" hai3="78,110,98,129,21,112,101,48,93,65,100,71,26"/><T87/><D123/><U44/><E108/><V53/><F109/><W22/><G110/><T27/><D133/><U56/><E68/><V69/><F117/><W75/><G112/><N who="0" m="43051" /><D130/><U106/><E72/><V91/><F125/><W55/><G129/><T17/><D64/><U25/><E25/><V119/><F69/><W4/><G101/><T39/><D103/><U13/><E56/><V2/><F2/><W94/><G4/><T59/><D95/><U61/><E61/><V1/><F1/><W34/><G94/><T104/><D87/><U113/><E113/><V50/><F91/><W43/><G43/><N who="0" m="23039" /><D104/><U86/><E106/><V24/><F90/><W81/><G65/><T45/><D17/><U124/><E124/><V85/><F74/><W0/><G71/><T67/><D14/><U62/><E62/><V77/><F37/><W122/><G0/><T28/><D67/><U118/><E118/><V40/><F102/><W88/><G122/><T58/><D27/><U79/><REACH who="1" step="1"/><E84/><REACH who="1" ten="478,112,213,187" step="2"/><V132/><F105/><W5/><G75/><T63/><D63/><U127/><E127/><V49/><F119/><W116/><G116/><T82/><D59/><U32/><E32/><V6/><F85/><W30/><G34/><T60/><D58/><U120/><E120/><V99/><F131/><W92/><G26/><T134/><D60/><U7/><E7/><V111/><F6/><W66/><G5/><T3/><D57/><U97/><AGARI ba="0,1" hai="9,10,11,12,13,15,38,41,44,79,83,86,96,97" machi="97" ten="40,5200,0" yaku="1,1,0,1,52,1,53,0" doraHai="42" doraHaiUra="89" who="1" fromWho="1" sc="478,-26,112,62,213,-13,187,-13" /><INIT seed="5,0,0,0,3,124" ten="452,174,200,174" oya="1" hai0="93,66,87,68,109,123,56,128,131,10,17,29,80" hai1="38,47,103,133,28,52,55,25,13,18,3,21,20" hai2="98,99,57,104,62,37,117,90,101,0,45,83,91" hai3="22,44,36,40,24,64,96,135,60,2,32,125,14"/><U95/><E3/><V118/><F0/><W8/><G125/><T105/><D109/><U67/><E133/><V78/><F37/><W72/><G135/><T79/><D105/><U50/><E67/><V106/><F45/><W46/><G72/><T73/><D29/><U59/><E38/><V102/><F62/><W132/><G132/><T49/><D68/><U115/><E115/><V61/><F61/><W11/><G46/><T75/><D123/><U42/><REACH who="1" step="1"/><E59/><REACH who="1" ten="452,164,200,174" step="2"/><V19/><F57/><W26/><G2/><T127/><D66/><U120/><E120/><V51/><F117/><W43/><G64/><T116/><D56/><U114/><E114/><V134/><F134/><W35/><G36/><T97/><D116/><U92/><E92/><V6/><F118/><W100/><G44/><T54/><D93/><U33/><E33/><V23/><F106/><W113/><G35/><T27/><D127/><U110/><E110/><V130/><F104/><W16/><G32/><T63/><D63/><U30/><E30/><V48/><F51/><W129/><G60/><T88/><D49/><U34/><E34/><V5/><F48/><W71/><G113/><T107/><D107/><U112/><E112/><V89/><F99/><AGARI ba="0,1" hai="13,18,20,21,25,28,42,47,50,52,55,95,99,103" machi="99" ten="40,12000,1" yaku="1,1,8,1,54,1,53,1" doraHai="124" doraHaiUra="41" who="1" fromWho="2" sc="452,0,164,130,200,-120,174,0" /><INIT seed="5,1,0,5,0,81" ten="452,294,80,174" oya="1" hai0="111,54,87,50,2,34,1,5,125,21,62,36,0" hai1="118,23,101,39,114,72,124,37,47,58,102,108,67" hai2="56,24,3,98,91,25,46,57,126,30,121,97,20" hai3="103,29,117,116,115,61,83,43,92,48,128,85,113"/><U17/><E118/><N who="3" m="45674" /><G128/><T14/><D34/><U9/><E72/><V42/><F121/><W38/><G38/><T110/><D36/><U104/><E108/><V84/><F126/><W35/><G61/><T76/><D125/><U77/><E114/><N who="3" m="43530" /><G29/><T18/><D5/><U131/><E77/><V68/><F68/><W89/><G35/><T112/><D62/><U33/><E104/><V19/><F3/><W4/><G4/><T40/><D40/><U78/><E124/><V90/><F90/><W65/><G65/><T32/><D32/><U60/><E78/><V55/><F25/><W130/><G130/><T122/><D122/><U73/><E73/><V107/><F107/><W10/><G10/><T28/><D28/><U95/><E33/><V15/><F30/><W88/><G43/><T12/><D12/><U132/><E131/><V64/><F24/><W120/><G48/><T135/><D112/><U123/><E9/><V22/><F22/><W53/><G53/><T59/><D111/><U105/><E123/><V51/><F64/><W7/><G7/><T109/><D109/><U94/><E39/><V6/><F6/><W133/><G120/><T16/><D18/><U75/><E37/><V26/><F26/><W44/><G44/><T93/><D110/><U8/><E8/><V82/><REACH who="2" step="1"/><F57/><REACH who="2" ten="452,294,70,174" step="2"/><W106/><G106/><T119/><D119/><U63/><E105/><V80/><F80/><W49/><G89/><N who="0" m="53439" /><D76/><U99/><E23/><V52/><F52/><W71/><G71/><T13/><D13/><U45/><E17/><V69/><F69/><W129/><G129/><RYUUKYOKU ba="1,1" sc="452,15,294,-15,70,15,174,-15" hai0="0,1,2,14,16,21,50,54,59,135" hai2="15,19,20,42,46,51,55,56,82,84,91,97,98" /><INIT seed="6,2,1,5,2,122" ten="467,279,85,159" oya="2" hai0="85,27,92,118,86,68,66,75,78,88,104,24,108" hai1="73,133,49,53,1,8,18,123,76,117,115,106,17" hai2="116,46,6,132,127,34,50,54,95,69,128,87,0" hai3="124,67,98,61,13,43,111,45,126,5,36,19,120"/><V22/><F116/><W33/><G120/><T52/><D66/><U121/><E106/><V80/><F34/><W91/><G33/><T12/><D68/><U23/><E117/><V64/><F127/><N who="3" m="48683" /><G5/><T32/><D12/><U107/><E107/><V59/><F128/><W9/><G111/><T4/><D4/><U110/><E76/><V79/><F132/><W99/><G91/><T2/><D2/><U112/><E73/><V37/><F0/><W109/><G109/><T26/><D75/><U40/><E40/><V114/><F6/><W63/><G63/><T96/><D108/><U89/><E1/><V84/><F114/><N who="1" m="43561" /><E110/><V41/><F22/><W74/><G74/><T57/><D118/><U102/><E102/><V44/><F44/><W20/><G20/><T56/><D104/><U51/><E89/><V105/><F105/><W35/><G35/><T77/><D32/><U14/><E133/><V39/><F39/><W71/><AGARI ba="2,1" hai="9,13,19,36,43,45,61,67,71,98,99" m="48683" machi="71" ten="30,1100,0" yaku="18,1" doraHai="122" who="3" fromWho="3" sc="467,-5,279,-5,85,-7,159,27" /><INIT seed="7,0,0,4,2,135" ten="462,274,78,186" oya="3" hai0="42,40,125,31,108,71,111,59,1,13,45,64,74" hai1="20,26,127,134,3,112,104,129,11,106,109,87,92" hai2="23,61,118,17,55,100,103,68,83,120,122,101,38" hai3="44,34,121,82,119,2,84,57,25,41,39,29,51"/><W123/><G119/><T117/><D117/><U90/><E109/><V53/><F118/><W70/><G2/><T16/><D74/><U130/><E134/><V88/><F38/><W54/><REACH who="3" step="1"/><G70/><REACH who="3" ten="462,274,78,176" step="2"/><T66/><D1/><U56/><E130/><V69/><F68/><W98/><G98/><T105/><D71/><U15/><E129/><V73/><F69/><W132/><G132/><T24/><D108/><U37/><E3/><V114/><F73/><W97/><G97/><T46/><D111/><U9/><E104/><V78/><F114/><W43/><G43/><T85/><D42/><U124/><E106/><V48/><F78/><AGARI ba="0,1" hai="25,29,34,39,41,44,51,54,57,78,82,84,121,123" machi="78" ten="30,2900,0" yaku="1,1,7,1,53,0" doraHai="135" doraHaiUra="65" who="3" fromWho="2" sc="462,0,274,0,78,-29,176,39" /><INIT seed="7,1,0,0,1,55" ten="462,274,49,215" oya="3" hai0="42,121,80,45,59,36,71,17,35,56,26,32,30" hai1="112,129,28,100,119,21,3,60,54,64,126,72,108" hai2="41,24,106,15,61,120,14,12,131,23,31,44,69" hai3="102,78,111,110,117,5,83,50,7,73,109,115,48"/><W104/><G117/><T49/><D121/><U8/><E119/><V47/><F106/><W66/><G115/><T51/><D71/><U6/><E108/><V40/><F69/><W9/><G66/><T77/><D35/><U68/><E72/><V70/><F61/><W19/><G19/><T114/><D114/><U4/><E112/><V124/><F70/><W29/><G29/><T62/><D17/><U65/><E65/><V2/><F120/><W93/><G104/><T39/><D39/><U57/><E126/><V18/><F2/><W134/><G134/><T46/><D62/><U22/><E129/><V96/><F131/><W1/><REACH who="3" step="1"/><G7/><REACH who="3" ten="462,274,49,205" step="2"/><T99/><D99/><AGARI ba="1,1" hai="1,5,9,48,50,73,78,83,93,99,102,109,110,111" machi="99" ten="40,7700,0" yaku="1,1,2,1,10,1,53,0" doraHai="55" doraHaiUra="113" who="3" fromWho="0" sc="462,-80,274,0,49,0,205,90" /><INIT seed="7,2,0,0,1,70" ten="382,274,49,295" oya="3" hai0="101,54,27,105,83,29,51,130,9,90,47,63,135" hai1="99,17,100,128,30,24,133,115,121,46,106,64,61" hai2="0,15,124,37,131,86,76,94,127,18,103,69,84" hai3="125,56,134,40,98,132,59,26,6,35,79,87,50"/><W7/><G125/><T93/><D105/><U85/><E121/><V92/><F0/><W71/><G71/><T44/><D135/><N who="3" m="51753" /><G98/><N who="0" m="59599" /><D130/><U1/><E128/><V119/><F69/><W31/><G79/><T55/><D9/><U89/><E115/><V25/><F15/><W57/><G87/><N who="0" m="50559" /><D63/><U74/><E74/><V11/><F25/><W45/><AGARI ba="2,0" hai="6,7,26,31,35,40,45,50,56,57,59" m="51753" machi="45" ten="40,2100,0" yaku="20,1" doraHai="70" who="3" fromWho="3" sc="382,-9,274,-9,49,-9,295,27" /><INIT seed="7,3,0,0,0,90" ten="373,265,40,322" oya="3" hai0="89,99,12,42,92,114,84,74,131,20,69,33,17" hai1="62,15,118,37,43,116,60,28,14,134,41,35,5" hai2="97,31,124,98,23,47,7,77,19,76,61,56,91" hai3="67,104,108,112,129,101,16,6,58,125,52,111,78"/><W126/><G112/><T73/><D74/><U39/><E5/><V119/><F119/><N who="1" m="45609" /><E28/><V45/><F124/><N who="3" m="47723" /><G129/><T86/><D73/><U105/><E35/><V51/><F7/><W93/><G6/><T2/><D2/><U30/><E30/><V103/><F31/><W32/><G32/><T81/><D69/><U9/><E9/><V79/><F103/><W121/><G121/><T107/><D33/><U40/><E105/><V100/><F100/><W53/><G104/><T115/><D107/><U0/><E0/><V66/><F98/><N who="3" m="59599" /><G78/><N who="0" m="46135" /><D42/><U83/><E83/><V8/><F8/><W94/><G94/><T27/><D131/><U128/><E134/><V1/><F1/><W109/><G16/><T123/><D123/><U120/><E120/><V71/><F71/><W64/><G53/><T87/><D27/><U102/><E102/><V88/><F47/><W72/><G72/><T110/><D110/><U10/><E10/><V4/><F97/><W29/><G29/><T133/><D133/><U127/><E127/><V63/><F63/><AGARI ba="3,0" hai="52,58,63,64,67,108,109,111" m="59599,47723" machi="63" ten="40,12000,1" yaku="10,1,18,1,52,1,54,1" doraHai="90" who="3" fromWho="2" sc="373,0,265,0,40,-129,322,129" owari="373,17.3,265,-13.5,-89,-58.9,451,55.1" /></mjloggm>