<mjloggm ver="2.3"><GO type="225" lobby="0"/><UN n0="%E5%8F%AF%E5%85%90%E9%82%A3%E7%94%B1%E5%A4%9A" n1="%E4%BF%BA%E3%81%A8%E5%A6%96%E5%A4%A2" n2="%E3%81%BF%E3%81%BF%E3%81%9A" n3="%33%74%72%65%65" dan="16,16,17,17" rate="2075.62,2111.72,2241.27,2153.33" sx="F,F,M,F"/><TAIKYOKU oya="0"/><INIT seed="0,0,0,0,0,51" ten="250,250,250,250" oya="0" hai0="12,74,78,85,124,79,32,109,76,82,112,3,21" hai1="60,27,102,67,108,29,93,120,2,5,52,17,96" hai2="31,97,73,84,122,48,115,104,118,101,9,42,10" hai3="7,28,16,19,72,70,15,6,128,23,66,125,58"/><T62/><D3/><U34/><E120/><V54/><F73/><W123/><G123/><T80/><D32/><U36/><E36/><V18/><F122/><W56/><G128/><T89/><D112/><U117/><E117/><V121/><F121/><W41/><G125/><T134/><D124/><U44/><E108/><V65/><F115/><W22/><G72/><T86/><D109/><U33/><E33/><V113/><F113/><W105/><G105/><T13/><D134/><U130/><E130/><V103/><F65/><W126/><G126/><T55/><D74/><U91/><E17/><V100/><F31/><W119/><G119/><T131/><D131/><U87/><E5/><V49/><F118/><W0/><G28/><T20/><D89/><U110/><E2/><V94/><F84/><W8/><G7/><T61/><D79/><U59/><E110/><V64/><F64/><W35/><G35/><T83/><D83/><U24/><E24/><V69/><F69/><W39/><G70/><T77/><D77/><U111/><E111/><V11/><F104/><W90/><G90/><T132/><D132/><U38/><E38/><V46/><REACH who="2" step="1"/><F18/><REACH who="2" ten="250,250,240,250" step="2"/><W92/><G66/><T129/><D129/><U47/><REACH who="1" step="1"/><E67/><REACH who="1" ten="250,240,240,250" step="2"/><V25/><F25/><W116/><G116/><T81/><D81/><AGARI ba="0,2" hai="27,29,34,44,47,52,59,60,81,87,91,93,96,102" machi="81" ten="30,8000,1" yaku="1,1,2,1,7,1,52,1,54,1,53,0" doraHai="51" doraHaiUra="75" who="1" fromWho="0" sc="250,-80,240,100,240,0,250,0" /><INIT seed="1,0,0,5,2,48" ten="170,340,240,250" oya="1" hai0="6,50,96,81,120,78,28,102,17,67,49,123,124" hai1="85,11,90,1,65,69,61,121,104,54,101,134,126" hai2="132,84,119,105,93,37,32,14,35,86,127,19,112" hai3="20,100,8,60,18,133,43,80,113,62,88,75,57"/><U38/><E121/><N who="0" m="46665" /><D124/><U66/><E126/><V56/><F105/><W130/><G113/><T55/><D67/><U114/><E114/><V53/><F127/><W31/><G130/><T52/><D28/><U95/><E134/><V33/><F112/><W51/><G133/><T125/><D6/><U116/><E116/><V135/><F37/><W2/><G100/><T9/><D125/><U22/><E38/><V47/><F47/><N who="3" m="26111" /><G75/><N who="0" m="43231" /><D49/><U74/><E74/><V97/><F119/><W115/><G115/><T87/><D50/><U16/><E11/><V73/><F73/><W24/><G2/><T5/><D17/><U72/><E1/><V3/><F3/><W106/><G106/><N who="0" m="63815" /><D87/><U94/><E72/><V111/><F86/><N who="3" m="50247" /><G57/><T36/><D36/><U30/><E30/><V12/><F84/><W83/><G83/><T26/><D26/><U70/><E70/><V58/><F58/><W68/><G68/><T108/><D108/><U10/><E10/><V128/><F111/><W109/><G109/><T40/><D40/><U98/><E69/><V0/><F0/><AGARI ba="0,0" hai="0,5,9,52,55" m="63815,43231,46665" machi="0" ten="30,7700,0" yaku="13,1,52,2,54,1" doraHai="48" who="0" fromWho="2" sc="170,77,340,0,240,-77,250,0" /><INIT seed="2,0,0,3,1,36" ten="247,340,163,250" oya="2" hai0="76,47,132,9,3,115,52,60,77,6,20,82,11" hai1="97,119,81,112,96,37,93,23,50,102,123,5,88" hai2="103,4,16,7,51,118,29,72,49,110,75,26,40" hai3="21,39,27,91,17,46,131,86,44,67,35,117,38"/><V8/><F118/><W111/><G117/><T98/><D115/><U129/><E119/><V31/><F103/><W109/><G35/><T53/><D132/><U71/><E112/><V33/><F110/><N who="3" m="41995" /><G67/><T70/><D20/><U89/><E37/><N who="3" m="13834" /><G131/><T1/><D98/><U55/><E71/><V24/><F8/><W69/><G69/><T73/><D77/><U121/><E129/><V80/><F80/><AGARI ba="0,0" hai="17,21,27,44,46,80,86,91" m="13834,41995" machi="80" ten="30,1000,0" yaku="14,1" doraHai="36" who="3" fromWho="2" sc="247,0,340,0,163,-10,250,10" /><INIT seed="3,0,0,2,3,7" ten="247,340,153,260" oya="3" hai0="11,16,135,130,5,4,54,117,106,97,56,124,125" hai1="32,100,44,61,75,71,57,39,41,102,90,28,35" hai2="84,58,107,38,29,131,95,96,122,112,98,128,76" hai3="69,104,43,108,51,81,118,62,94,119,86,67,34"/><W126/><G104/><T59/><D117/><U36/><E75/><V91/><F38/><W27/><G126/><N who="0" m="48747" /><D135/><U121/><E121/><V79/><F29/><W120/><G120/><T111/><D111/><U42/><E71/><V46/><F46/><W22/><G34/><T53/><D130/><U30/><E90/><V109/><F58/><N who="0" m="22058" /><D16/><U47/><E57/><V103/><F122/><W85/><G108/><T114/><D5/><U65/><E65/><V9/><F109/><W66/><G66/><T31/><D31/><U105/><E105/><V82/><F9/><W123/><G123/><T19/><D19/><U115/><E115/><V92/><F112/><W99/><G51/><T77/><D77/><U21/><E21/><V113/><F113/><W25/><G43/><T129/><D129/><U40/><E40/><V55/><F55/><W17/><G27/><T37/><D37/><U133/><E133/><V64/><F64/><W15/><G25/><T60/><D60/><AGARI ba="0,0" hai="28,30,32,35,36,39,41,42,44,47,60,61,100,102" machi="60" ten="25,1600,0" yaku="22,2" doraHai="7" who="1" fromWho="0" sc="247,-16,340,16,153,0,260,0" owari="231,-16.9,356,45.6,153,-34.7,260,6.0" /></mjloggm>