<mjloggm ver="2.3"><GO type="169" lobby="0"/><UN n0="%45%72%77%69%6E%52%64" n1="%E2%80%A0%E7%99%BD%E5%85%8E%E2%80%A0" n2="%E7%8F%BE%E5%A0%B4%E3%81%AD%E3%81%93" n3="%E5%A7%AB%E7%95%99" dan="16,17,16,16" rate="2146.41,2206.54,2084.30,2133.20" sx="M,M,M,M"/><TAIKYOKU oya="0"/><INIT seed="0,0,0,2,2,115" ten="250,250,250,250" oya="0" hai0="5,56,83,3,121,88,108,35,53,70,57,77,91" hai1="133,75,122,125,63,96,114,32,10,110,44,107,59" hai2="76,118,104,62,60,24,27,98,33,68,128,25,67" hai3="135,14,18,78,99,47,42,16,132,130,29,71,52"/><T127/><D121/><U109/><E122/><V65/><F76/><W92/><G71/><T117/><D127/><U124/><E32/><V40/><F40/><W64/><G64/><T87/><D70/><U13/><E75/><V131/><F118/><W102/><G130/><T116/><D35/><U86/><E86/><V126/><F126/><N who="1" m="48745" /><E107/><V49/><F49/><N who="3" m="28735" /><G78/><T89/><D108/><N who="1" m="41579" /><E96/><V82/><F82/><W39/><G29/><T90/><N who="0" m="22528" /><DORA hai="20" /><T80/><D80/><U51/><E13/><V129/><F33/><W50/><G14/><T79/><D79/><U15/><E15/><V101/><REACH who="2" step="1"/><F129/><REACH who="2" ten="250,250,240,250" step="2"/><W37/><G37/><T43/><D43/><N who="1" m="24991" /><E10/><V38/><F38/><W34/><G39/><T12/><D3/><U7/><E7/><V95/><F95/><W21/><G34/><T100/><D100/><U17/><E114/><V81/><F81/><W85/><G42/><T30/><D30/><U120/><E120/><V23/><F23/><W28/><G21/><T54/><D5/><U113/><E113/><V1/><F1/><W94/><G28/><T6/><D6/><U0/><E0/><V41/><F41/><W48/><G92/><T8/><D8/><U72/><E72/><V123/><F123/><W106/><G94/><T93/><D93/><U105/><E105/><V61/><F61/><W46/><G106/><T112/><D112/><U9/><E9/><V31/><F31/><W111/><G111/><T103/><D103/><U58/><E63/><V119/><F119/><W66/><G102/><T26/><D117/><U45/><E17/><V84/><F84/><RYUUKYOKU ba="0,1" sc="250,-10,250,-10,240,30,250,-10" hai2="24,25,27,60,62,65,67,68,98,101,104,128,131" /><INIT seed="1,1,1,3,1,66" ten="240,240,270,240" oya="1" hai0="88,122,82,29,27,78,102,134,42,48,16,67,70" hai1="51,96,28,55,104,108,87,89,35,36,93,64,24" hai2="53,11,34,4,60,114,129,49,37,32,52,101,72" hai3="22,77,121,112,124,0,95,30,130,62,105,117,38"/><U107/><E36/><V86/><F72/><W131/><G77/><T19/><D102/><U98/><E108/><V103/><F37/><W43/><G95/><T50/><D134/><U81/><E64/><V128/><F114/><W110/><G22/><T113/><D113/><U83/><E83/><V14/><F86/><W54/><G54/><T133/><D133/><U84/><E84/><V92/><F60/><W68/><G62/><T126/><D126/><U61/><E61/><V26/><F53/><W125/><G43/><T85/><D122/><U71/><E71/><V127/><F127/><W39/><G30/><T90/><D70/><U13/><E13/><V21/><F34/><W10/><G10/><T57/><D67/><U31/><E31/><V6/><F6/><W116/><G39/><T94/><D90/><U123/><E123/><V45/><F32/><W109/><G110/><T97/><D48/><U3/><E3/><V111/><F111/><W40/><G40/><T91/><D78/><U47/><REACH who="1" step="1"/><E98/><REACH who="1" ten="240,230,270,240" step="2"/><V120/><F120/><W132/><G124/><T106/><D29/><U9/><E9/><V58/><F14/><W15/><G15/><T74/><D85/><U119/><E119/><V18/><F11/><W5/><G116/><T7/><D82/><U75/><E75/><V59/><F26/><W69/><G68/><T65/><D27/><U46/><E46/><V115/><F45/><W63/><G63/><T1/><D1/><U2/><E2/><V25/><F25/><W23/><G0/><T79/><D74/><U100/><AGARI ba="1,2" hai="24,28,35,47,51,55,81,87,89,93,96,100,104,107" machi="100" ten="20,7800,0" yaku="1,1,0,1,7,1,53,1" doraHai="66" doraHaiUra="41" who="1" fromWho="1" sc="240,-27,230,101,270,-27,240,-27" /><INIT seed="1,2,0,4,3,10" ten="213,331,243,213" oya="1" hai0="31,34,16,41,120,81,77,75,58,23,99,78,111" hai1="112,114,29,110,64,25,102,108,100,47,84,119,56" hai2="132,89,54,73,26,8,87,35,7,118,104,121,97" hai3="60,49,12,90,106,19,80,92,93,36,66,72,116"/><U33/><E119/><V32/><F118/><W86/><G106/><T126/><D111/><N who="1" m="42539" /><E47/><V117/><F117/><W122/><G36/><T109/><D109/><U105/><E84/><V18/><F73/><W107/><G107/><T39/><D126/><U30/><E29/><V22/><F121/><W48/><G122/><T20/><D41/><U0/><E0/><V128/><F128/><W69/><G116/><T43/><D43/><U6/><E6/><V124/><F132/><W123/><G123/><T4/><D39/><U127/><E127/><V9/><F124/><W42/><G42/><T79/><D4/><U50/><E50/><V46/><F7/><W57/><G69/><T129/><D129/><U103/><E105/><V44/><F44/><W55/><G72/><T17/><D31/><U98/><E98/><V85/><F104/><W3/><G3/><T45/><D99/><U38/><E38/><V40/><F97/><W53/><G49/><T21/><D45/><U65/><E56/><V62/><F87/><W82/><G82/><T94/><D120/><U11/><E11/><V27/><F8/><N who="3" m="6535" /><G66/><AGARI ba="2,0" hai="25,30,33,64,65,66,100,102,103,112,114" m="42539" machi="66" ten="30,2900,0" yaku="14,1,10,1" doraHai="10" who="1" fromWho="3" sc="213,0,331,35,243,0,213,-35" /><INIT seed="1,3,0,4,2,29" ten="213,366,243,178" oya="1" hai0="17,58,121,115,54,25,43,85,118,6,51,50,38" hai1="124,79,53,105,117,109,36,39,94,114,81,28,34" hai2="87,101,106,22,65,40,4,11,130,116,126,86,70" hai3="99,74,33,96,119,97,134,32,111,112,90,8,103"/><U123/><E105/><V95/><F116/><W26/><G112/><T15/><D118/><U129/><E117/><V14/><F126/><W73/><G119/><T108/><D115/><U92/><E114/><V125/><F125/><W44/><G111/><T23/><D108/><U61/><E123/><V5/><F106/><W68/><G68/><T67/><D38/><U42/><E129/><V110/><F130/><W83/><G103/><T19/><D121/><U127/><E109/><V77/><F40/><W45/><G8/><T41/><D67/><U47/><E39/><V0/><F77/><W78/><G134/><T3/><D6/><U60/><E127/><V63/><F110/><W132/><G132/><T35/><D35/><U31/><E31/><V7/><F22/><W12/><G12/><T75/><D75/><U104/><E104/><V18/><REACH who="2" step="1"/><F0/><REACH who="2" ten="213,366,233,178" step="2"/><W30/><G33/><T133/><D3/><U107/><E107/><V59/><F59/><W69/><G69/><T52/><D133/><U21/><E21/><V71/><F71/><W56/><G56/><T98/><D98/><AGARI ba="3,1" hai="4,5,7,11,14,18,63,65,70,86,87,95,98,101" machi="98" ten="40,1300,0" yaku="1,1,53,0" doraHai="29" doraHaiUra="27" who="2" fromWho="0" sc="213,-22,366,0,233,32,178,0" /><INIT seed="2,0,0,1,4,67" ten="191,366,265,178" oya="2" hai0="96,103,79,89,120,10,107,64,65,73,40,21,71" hai1="1,108,126,15,131,121,130,74,8,92,87,55,16" hai2="63,30,135,25,59,81,124,5,43,90,110,117,39" hai3="26,97,34,14,22,125,61,76,75,114,52,13,18"/><V91/><F117/><W37/><G37/><T41/><D120/><U85/><E74/><V98/><F5/><W122/><G122/><T94/><D10/><U133/><E121/><V4/><F4/><W45/><G125/><T99/><D64/><U72/><E72/><V50/><F39/><W83/><G114/><T77/><D21/><U111/><E1/><V102/><F81/><W62/><G97/><T3/><D3/><U129/><E126/><V70/><F124/><W88/><G88/><T23/><D23/><U33/><E33/><V116/><F116/><W20/><G34/><T24/><D24/><U53/><E133/><V60/><F60/><W68/><G68/><T128/><D128/><U57/><E92/><V119/><F119/><W56/><G45/><T6/><D6/><U9/><E9/><V134/><F50/><W35/><G35/><T132/><D132/><N who="2" m="50730" /><F43/><W101/><G101/><T27/><D27/><U115/><E115/><V49/><F49/><W118/><G118/><T2/><D2/><U127/><E127/><V28/><F70/><W17/><G26/><T104/><D40/><U86/><E57/><V100/><F100/><W80/><G80/><N who="0" m="45103" /><D41/><U112/><E112/><V54/><F110/><AGARI ba="0,0" hai="8,15,16,53,55,85,86,87,108,110,111,129,130,131" machi="110" ten="50,6400,0" yaku="14,1,19,1,54,1" doraHai="67" who="1" fromWho="2" sc="191,0,366,64,265,-64,178,0" /><INIT seed="3,0,0,5,3,62" ten="191,430,201,178" oya="3" hai0="53,34,110,80,130,83,76,123,11,6,55,94,0" hai1="24,12,95,88,134,18,13,28,14,122,17,44,59" hai2="92,82,22,116,77,31,38,26,126,129,47,5,93" hai3="84,21,115,132,117,52,90,2,19,35,128,71,91"/><W25/><G115/><T131/><D123/><U133/><E122/><V39/><F116/><W99/><G117/><T54/><D34/><N who="1" m="20743" /><E59/><V113/><F113/><W98/><G2/><T85/><D110/><U103/><E103/><V51/><F5/><W42/><G42/><T111/><D111/><U36/><E44/><V3/><F3/><W65/><G132/><N who="1" m="50794" /><E36/><V43/><F129/><W48/><G35/><T108/><D108/><U96/><AGARI ba="0,0" hai="12,13,14,17,18,88,95,96" m="50794,20743" machi="96" ten="30,2000,0" yaku="20,1,54,1" doraHai="62" who="1" fromWho="1" sc="191,-5,430,20,201,-5,178,-10" /><INIT seed="4,0,0,0,3,23" ten="186,450,196,168" oya="0" hai0="6,135,114,20,91,53,125,129,19,30,87,84,95" hai1="56,103,110,45,121,86,41,14,16,58,13,34,12" hai2="55,47,46,60,75,128,4,124,31,117,44,50,10" hai3="42,93,28,67,73,131,113,78,64,77,48,11,98"/><T5/><D114/><U22/><E110/><V92/><F75/><W8/><G113/><T7/><D125/><U100/><E34/><V99/><F124/><W108/><G131/><T88/><D129/><U116/><E116/><V1/><F117/><W119/><G73/><T126/><D126/><U76/><E121/><V127/><F127/><W97/><G108/><T63/><D30/><U61/><E76/><N who="3" m="29290" /><G28/><T36/><D36/><U62/><E86/><V79/><F79/><W2/><G2/><T0/><D0/><U90/><E90/><V51/><F128/><W107/><G107/><T38/><D38/><U130/><E130/><V69/><F69/><W35/><G35/><T105/><D105/><U17/><E45/><V122/><F122/><W65/><G119/><T70/><D135/><U32/><E41/><V26/><F60/><W71/><G71/><T54/><D63/><U132/><E32/><V3/><F3/><W120/><G120/><T18/><D70/><U24/><E17/><V33/><REACH who="2" step="1"/><F51/><REACH who="2" ten="186,450,186,168" step="2"/><W40/><G48/><T57/><D57/><U15/><E132/><V112/><F112/><W25/><G67/><T102/><D102/><AGARI ba="0,1" hai="1,4,10,26,31,33,44,46,47,50,55,92,99,102" machi="102" ten="30,3900,0" yaku="1,1,7,1,52,1,53,0" doraHai="23" doraHaiUra="111" who="2" fromWho="0" sc="186,-39,450,0,186,49,168,0" /><INIT seed="5,0,0,2,0,69" ten="147,450,235,168" oya="1" hai0="49,67,56,0,48,122,101,22,134,115,16,41,27" hai1="37,84,102,38,83,25,28,51,19,31,123,60,99" hai2="85,107,59,132,75,42,77,76,106,20,13,33,50" hai3="88,118,65,7,30,92,128,36,127,2,78,81,45"/><U93/><E123/><V109/><F33/><W120/><G120/><T12/><D122/><U63/><E19/><V74/><F132/><W5/><G128/><T11/><D134/><U17/><E17/><V110/><F42/><W112/><G112/><T124/><D124/><U18/><E18/><V57/><F85/><W108/><G108/><T21/><D115/><U103/><E51/><V47/><F47/><W105/><G105/><T29/><D0/><U43/><E103/><V71/><F71/><W133/><G65/><T111/><D111/><U66/><E31/><V131/><F50/><W40/><G133/><T9/><D101/><U26/><E25/><V96/><F96/><W73/><G127/><T14/><D12/><U130/><E43/><V116/><F13/><W23/><G118/><T10/><REACH who="0" step="1"/><D41/><REACH who="0" ten="137,450,235,168" step="2"/><U44/><E102/><V70/><F110/><W114/><G114/><T94/><D94/><U34/><E93/><V68/><F109/><W55/><G2/><T39/><D39/><U8/><E37/><V113/><F113/><W62/><G92/><T4/><D4/><U80/><E38/><V86/><F107/><W135/><G135/><T129/><D129/><U1/><E1/><V15/><F106/><W53/><G5/><T90/><D90/><U117/><E130/><V104/><F104/><W98/><G7/><T54/><D54/><U82/><E117/><V100/><F116/><W52/><G88/><T24/><D24/><U87/><E26/><V64/><F100/><W79/><G55/><T3/><D3/><U58/><E66/><V46/><F64/><RYUUKYOKU ba="0,1" sc="137,30,450,-10,235,-10,168,-10" hai0="9,10,11,14,16,21,22,27,29,48,49,56,67" /><INIT seed="6,1,1,5,0,18" ten="167,440,225,158" oya="2" hai0="70,99,53,50,35,105,68,0,25,131,24,54,71" hai1="130,92,67,30,111,74,83,31,114,42,81,45,132" hai2="62,33,103,26,19,10,123,36,15,14,89,75,6" hai3="113,11,20,56,110,66,49,39,129,27,41,84,61"/><V23/><F123/><W64/><G110/><T72/><D0/><U118/><E111/><V102/><F36/><W46/><G129/><T2/><D2/><U87/><E118/><V43/><F43/><W13/><G113/><T32/><D72/><U63/><E132/><V58/><F75/><W28/><G84/><T55/><D131/><U94/><E83/><V100/><F89/><W9/><G9/><T85/><D85/><U40/><E40/><V38/><F38/><W80/><G80/><T115/><D50/><U5/><E5/><V133/><F133/><W117/><G117/><T3/><D3/><U127/><E127/><V76/><F76/><W22/><G39/><T12/><D12/><U86/><E86/><V52/><REACH who="2" step="1"/><F33/><REACH who="2" ten="167,440,215,158" step="2"/><W82/><G82/><T108/><D108/><U106/><E74/><V96/><F96/><W79/><G79/><T95/><D115/><U73/><E73/><V51/><F51/><W122/><G122/><T97/><D32/><U59/><E81/><V7/><F7/><W116/><G116/><T104/><D35/><U88/><E88/><V126/><F126/><W112/><G112/><T120/><D120/><U121/><E121/><V34/><F34/><W107/><G49/><T16/><D97/><U4/><E4/><V90/><F90/><W124/><G41/><T77/><D77/><U37/><E87/><V69/><F69/><W128/><G124/><T60/><D70/><U91/><E91/><V101/><N who="2" m="25600" /><DORA hai="29" /><V65/><F65/><W93/><G66/><N who="0" m="41031" /><D71/><U125/><E125/><V21/><F21/><N who="3" m="8299" /><G64/><T1/><D99/><RYUUKYOKU ba="1,2" sc="167,-10,440,-10,215,30,158,-10" hai2="6,10,14,15,19,23,26,52,58,62" /><INIT seed="6,2,2,2,2,87" ten="157,430,245,148" oya="2" hai0="52,108,97,32,42,59,101,46,106,71,133,82,58" hai1="115,41,67,36,100,2,25,50,134,120,90,33,38" hai2="51,30,3,118,99,56,117,93,17,6,132,24,104" hai3="122,130,94,79,84,43,5,123,40,76,45,126,53"/><V81/><F132/><W18/><G130/><T7/><D133/><U31/><E2/><V14/><F104/><W16/><G126/><T8/><D108/><U29/><E134/><V92/><F3/><W55/><G5/><T37/><D71/><U15/><E100/><V109/><F6/><W116/><G84/><T89/><D32/><U49/><E67/><V64/><F81/><W57/><G45/><T47/><D82/><U88/><E15/><V69/><F93/><W135/><G135/><T103/><D103/><U119/><E119/><V98/><F98/><W34/><G34/><T63/><D89/><U65/><E65/><V13/><F69/><W85/><G85/><T86/><D86/><U19/><E19/><V124/><F124/><W129/><G129/><T21/><D21/><U121/><E33/><N who="2" m="20679" /><F109/><W11/><G11/><T62/><D46/><U77/><E41/><V4/><F4/><W10/><G10/><T83/><D83/><U44/><E44/><V61/><F51/><W80/><G80/><T96/><D97/><U125/><E25/><V70/><F70/><W131/><G131/><T20/><D20/><U78/><REACH who="1" step="1"/><E125/><REACH who="1" ten="157,420,245,148" step="2"/><V1/><F1/><W111/><G116/><N who="2" m="44649" /><F17/><W105/><G16/><T75/><D7/><U110/><E110/><V102/><F14/><W74/><G18/><T27/><D27/><U48/><E48/><V23/><F13/><W68/><G111/><T72/><D8/><U73/><E73/><V95/><F23/><W114/><G74/><T91/><D91/><U9/><E9/><V127/><F127/><W35/><G68/><RYUUKYOKU ba="2,3" sc="157,10,420,10,245,10,148,-30" hai0="37,42,47,52,58,59,62,63,72,75,96,101,106" hai1="29,31,36,38,49,50,77,78,88,90,115,120,121" hai2="56,61,64,92,95,99,102" /><INIT seed="6,3,3,2,5,81" ten="167,430,255,118" oya="2" hai0="40,112,23,69,27,129,130,95,48,42,60,98,93" hai1="6,36,9,70,24,8,94,110,126,51,41,91,120" hai2="19,97,128,87,111,67,62,79,0,59,15,63,82" hai3="32,74,68,49,25,29,83,103,102,45,96,101,3"/><V92/><F128/><N who="0" m="49258" /><D112/><U58/><E110/><V71/><F111/><W30/><G3/><T125/><D125/><U75/><E70/><V52/><F0/><W5/><G5/><T127/><D127/><U46/><E75/><V54/><F54/><W84/><G30/><N who="0" m="17791" /><D48/><U135/><E126/><V13/><REACH who="2" step="1"/><F19/><REACH who="2" ten="167,430,245,118" step="2"/><W121/><G121/><T44/><D40/><U31/><E120/><V107/><F107/><W38/><G38/><N who="0" m="21591" /><D98/><U28/><E41/><V26/><F26/><W55/><G96/><T64/><AGARI ba="3,4" hai="60,64,69,93,95" m="21591,17791,49258" machi="64" ten="30,1100,0" yaku="19,1" doraHai="81" who="0" fromWho="0" sc="167,60,430,-6,245,-8,118,-6" /><INIT seed="7,0,0,2,4,59" ten="227,424,237,112" oya="3" hai0="70,113,119,44,112,129,66,64,116,87,106,84,99" hai1="58,41,86,135,18,37,81,2,97,4,115,68,111" hai2="95,71,32,124,80,33,24,91,100,34,36,104,29" hai3="46,127,133,3,102,120,51,28,16,126,13,12,98"/><W122/><G133/><T63/><D64/><U103/><E68/><V89/><F124/><N who="3" m="47659" /><G28/><T10/><D129/><U23/><E58/><V101/><F36/><W108/><G3/><T54/><D10/><U50/><E50/><V90/><F104/><N who="3" m="63575" /><G108/><T11/><D11/><U49/><E49/><V73/><F71/><W134/><G134/><T27/><D27/><U74/><E37/><V0/><F0/><W114/><G114/><N who="0" m="44139" /><D54/><U8/><E2/><V26/><F95/><W62/><G62/><T30/><D44/><U9/><E111/><V7/><F7/><W77/><G77/><T110/><D30/><U57/><E4/><V67/><F67/><W1/><G1/><T25/><D25/><U85/><E135/><V43/><F43/><N who="3" m="25055" /><G13/><T88/><D110/><U6/><E115/><V21/><REACH who="2" step="1"/><F24/><REACH who="2" ten="227,424,227,112" step="2"/><W19/><G19/><T83/><D84/><U47/><E86/><V39/><F39/><W60/><G60/><T14/><D14/><U118/><E85/><V128/><F128/><W105/><G105/><T55/><D55/><U61/><E61/><V107/><F107/><W82/><G82/><T125/><D125/><U117/><E81/><V131/><F131/><W94/><G94/><N who="0" m="56775" /><D106/><U31/><E6/><V17/><F17/><W132/><G132/><T92/><D92/><U53/><E18/><V121/><F121/><W76/><G76/><AGARI ba="0,1" hai="63,66,70,76,83,87,116,119" m="56775,44139" machi="76" ten="30,7700,0" yaku="15,1,11,1,52,1,54,1" doraHai="59" who="0" fromWho="3" sc="227,87,424,0,227,0,112,-77" /><AGARI ba="0,0" hai="21,26,29,32,33,34,73,76,80,89,90,91,100,101" machi="76" ten="50,1600,0" yaku="1,1,53,0" doraHai="59" doraHaiUra="109" who="2" fromWho="3" sc="314,0,424,0,227,16,35,-16" owari="314,11.4,424,52.4,243,-15.7,19,-48.1" /></mjloggm>