<mjloggm ver="2.3"><GO type="169" lobby="0"/><UN n0="%53%69%6C%65%6E%54" n1="%E3%81%A5%E3%81%8B%E5%AD%90" n2="%E3%81%82%E3%81%99%E3%81%AB%E3%82%83%E3%82%80" n3="%E3%81%AA%E3%81%8B%E3%81%AE%E3%81%86%E3%81%88" dan="16,16,18,16" rate="2170.08,2133.90,2286.16,2151.81" sx="F,M,F,M"/><TAIKYOKU oya="0"/><INIT seed="0,0,0,2,2,114" ten="250,250,250,250" oya="0" hai0="133,45,89,3,109,125,135,73,27,60,117,121,56" hai1="64,91,48,16,113,126,33,58,80,107,116,129,4" hai2="1,69,122,90,112,131,86,108,99,9,68,75,54" hai3="41,95,59,87,57,76,43,101,119,35,32,81,115"/><T93/><D121/><U62/><E33/><V50/><F122/><W70/><G70/><T97/><D3/><U17/><E113/><V37/><F37/><W53/><G115/><T65/><D73/><U105/><E116/><V98/><F75/><W15/><G119/><T96/><D125/><U12/><E129/><V5/><F131/><W83/><G35/><T128/><D128/><U124/><E4/><V92/><F108/><W0/><G0/><T110/><D117/><U22/><E48/><V10/><F10/><W79/><G32/><T7/><D7/><U18/><E80/><V102/><F99/><N who="3" m="59647" /><G15/><T67/><D67/><U20/><E91/><V28/><F28/><W82/><G59/><T46/><D27/><U120/><E120/><V14/><F1/><W40/><G87/><T74/><D97/><U44/><E44/><N who="0" m="17001" /><D74/><U52/><E64/><V2/><F2/><W55/><G55/><T19/><D19/><N who="1" m="7243" /><E20/><V61/><F61/><AGARI ba="0,0" hai="40,41,43,53,57,61,76,79,81,82,83" m="59647" machi="61" ten="30,1000,0" yaku="8,1" doraHai="114" who="3" fromWho="2" sc="250,0,250,0,250,-10,250,10" /><INIT seed="1,0,0,2,0,109" ten="250,250,240,260" oya="1" hai0="17,13,114,16,48,124,80,99,2,59,58,116,44" hai1="131,88,82,84,30,118,102,130,73,67,22,106,83" hai2="129,26,60,104,42,21,25,50,68,8,9,112,14" hai3="110,55,32,34,74,40,115,90,31,11,6,52,37"/><U91/><E67/><V128/><F104/><W97/><G74/><T132/><D116/><U47/><E47/><V135/><F135/><W86/><G110/><T94/><D2/><U103/><E30/><V19/><F68/><W39/><G97/><T35/><D35/><U43/><E43/><V29/><F60/><W24/><G34/><T108/><D108/><U78/><E22/><N who="2" m="15543" /><F50/><W105/><G105/><T71/><D71/><U20/><E20/><N who="2" m="11383" /><F42/><W57/><G115/><T85/><D17/><U95/><E118/><V53/><F53/><W100/><G100/><N who="1" m="38442" /><E106/><V28/><F112/><W41/><G41/><T134/><D114/><U111/><E111/><V4/><F9/><W77/><G40/><T5/><D132/><U127/><E127/><V1/><AGARI ba="0,0" hai="1,4,8,21,26,28,128,129" m="11383,15543" machi="1" ten="30,2000,0" yaku="34,2" doraHai="109" who="2" fromWho="2" sc="250,-5,250,-10,240,20,260,-5" /><INIT seed="2,0,0,2,0,24" ten="245,240,260,255" oya="2" hai0="45,51,37,75,20,27,131,121,128,103,19,23,88" hai1="80,90,62,39,34,78,126,84,94,35,107,118,129" hai2="72,119,115,134,102,96,116,33,42,69,70,104,109" hai3="28,46,95,67,14,11,58,41,25,54,77,26,97"/><V31/><F115/><W92/><G67/><T13/><D75/><U120/><E118/><N who="2" m="45099" /><F42/><W124/><G124/><T135/><D121/><U21/><E129/><N who="0" m="49737" /><D135/><U55/><E126/><V38/><F38/><W22/><G77/><T86/><D103/><U1/><E120/><V79/><F134/><W66/><G66/><T2/><D2/><U71/><E39/><V17/><F17/><W74/><G74/><T52/><D37/><U6/><E107/><V89/><F89/><W10/><G26/><T3/><D3/><U36/><E36/><V50/><F50/><N who="3" m="26959" /><G97/><T114/><D114/><U47/><E1/><V63/><F63/><N who="3" m="36311" /><G11/><N who="0" m="6591" /><D27/><U68/><E71/><N who="2" m="27147" /><F109/><W15/><G15/><T43/><D43/><U122/><E122/><V61/><F61/><W29/><G29/><T112/><D112/><U108/><E108/><V56/><F56/><W113/><G113/><T30/><D30/><U117/><E117/><V106/><F106/><W127/><G127/><T64/><D64/><U65/><E65/><V60/><F60/><W99/><G99/><T5/><D5/><AGARI ba="0,0" hai="5,10,14,22,25,28,92,95" m="36311,26959" machi="5" ten="30,2000,0" yaku="8,1,52,1" doraHai="24" who="3" fromWho="0" sc="245,-20,240,0,260,0,255,20" /><INIT seed="3,0,0,5,4,108" ten="225,240,260,275" oya="3" hai0="32,20,97,83,53,31,132,26,128,109,71,45,56" hai1="104,111,34,75,94,89,124,0,73,38,87,82,61" hai2="18,121,16,39,118,11,15,74,47,43,119,84,114" hai3="1,35,44,10,33,12,24,129,131,62,17,78,98"/><W99/><G78/><T4/><D71/><U103/><E61/><V63/><F74/><W27/><G44/><T106/><D109/><U133/><E87/><V91/><F121/><W96/><G1/><T105/><D132/><U8/><E94/><V7/><F114/><W72/><G72/><T40/><D128/><N who="3" m="49225" /><G62/><T70/><D70/><U21/><E89/><V42/><F42/><W6/><G6/><T90/><D4/><U68/><E103/><V58/><F119/><W95/><G95/><T30/><D32/><AGARI ba="0,0" hai="10,12,17,24,27,32,33,35,96,98,99" m="49225" machi="32" ten="40,2000,0" yaku="19,1" doraHai="108" who="3" fromWho="0" sc="225,-20,240,0,260,0,275,20" /><INIT seed="3,1,0,0,4,123" ten="205,240,260,295" oya="3" hai0="21,134,89,78,127,14,37,46,100,49,87,63,22" hai1="107,19,6,43,27,121,9,76,109,72,116,118,129" hai2="54,61,8,51,120,74,83,41,31,105,67,44,115" hai3="117,106,114,80,81,45,92,57,132,34,12,128,32"/><W39/><G106/><T95/><D127/><U88/><E121/><V4/><F115/><W16/><G117/><N who="1" m="45162" /><E107/><V135/><F105/><W17/><G114/><T103/><D134/><U124/><E129/><V82/><F135/><W7/><G128/><T85/><D37/><U56/><E43/><V0/><F120/><W40/><G132/><T36/><D36/><U55/><E76/><V11/><F31/><W24/><G92/><T98/><D63/><U20/><E72/><V71/><F74/><W15/><G7/><T96/><D78/><U131/><E124/><V84/><F11/><W23/><G57/><T104/><D14/><N who="1" m="5431" /><E88/><V48/><REACH who="2" step="1"/><F84/><REACH who="2" ten="205,240,250,295" step="2"/><W18/><G34/><T112/><D112/><U64/><E131/><V68/><F68/><W125/><G125/><T75/><D75/><U73/><E73/><V13/><F13/><W93/><G32/><T59/><D87/><U130/><E130/><V94/><F94/><W102/><G15/><T70/><D70/><U52/><E27/><V58/><AGARI ba="1,1" hai="0,4,8,41,44,48,51,54,58,61,67,71,82,83" machi="58" ten="20,5200,0" yaku="1,1,0,1,7,1,53,1" doraHai="123" doraHaiUra="65" who="2" fromWho="2" sc="205,-14,240,-14,250,65,295,-27" /><INIT seed="4,0,0,0,2,84" ten="191,226,315,268" oya="0" hai0="103,99,31,28,131,87,89,70,3,132,96,71,67" hai1="123,10,50,4,135,98,111,126,38,9,34,19,52" hai2="97,37,128,20,26,64,83,120,44,62,29,56,66" hai3="109,77,27,30,88,46,122,7,68,13,121,51,134"/><T60/><D3/><U106/><E111/><V63/><F120/><N who="3" m="46187" /><G109/><T69/><D132/><U95/><E123/><V119/><F128/><W40/><G134/><T110/><D110/><U49/><E38/><V116/><F83/><W115/><G115/><T76/><D76/><U54/><E34/><V14/><F14/><W75/><G68/><T91/><D131/><U45/><E106/><V33/><F33/><N who="3" m="20703" /><G75/><T90/><D87/><U112/><E126/><V1/><F1/><W78/><G88/><T21/><D21/><U65/><E112/><V11/><F11/><AGARI ba="0,0" hai="7,11,13,40,46,51,77,78" m="20703,46187" machi="11" ten="30,1000,0" yaku="13,1" doraHai="84" who="3" fromWho="2" sc="191,0,226,0,315,-10,268,10" /><INIT seed="5,0,0,3,0,102" ten="191,226,305,278" oya="1" hai0="118,127,54,16,30,101,9,107,115,100,7,81,110" hai1="56,114,123,3,62,61,133,119,84,21,15,25,112" hai2="44,129,23,99,134,124,63,38,105,49,4,95,57" hai3="5,78,52,37,109,53,130,108,77,104,131,43,87"/><U45/><E3/><V29/><F134/><W85/><G5/><T93/><D110/><U67/><E119/><V18/><F129/><W121/><G43/><T41/><D118/><U55/><E123/><V74/><F74/><W70/><G70/><T92/><D115/><U26/><E133/><V97/><F38/><W132/><G37/><T82/><D41/><U126/><E126/><V12/><F124/><W33/><G132/><T27/><D127/><U8/><E84/><V6/><F29/><W98/><G98/><T64/><D64/><U103/><E103/><V89/><F99/><W47/><G47/><T75/><D75/><U80/><E80/><V120/><F105/><W96/><G96/><T32/><D54/><U106/><E106/><V73/><F73/><W111/><G111/><T59/><D59/><U69/><E45/><V88/><F89/><W28/><G28/><T135/><D135/><U60/><E62/><V19/><F19/><W42/><G42/><T31/><D16/><N who="1" m="10399" /><E8/><V35/><F35/><W24/><G104/><T128/><D107/><U90/><E90/><V117/><F120/><W50/><G33/><T68/><D32/><U79/><E79/><V40/><REACH who="2" step="1"/><F117/><REACH who="2" ten="191,226,295,278" step="2"/><W39/><G39/><T20/><D100/><U83/><E83/><V1/><F1/><W76/><G121/><T10/><D101/><U51/><E51/><V0/><F0/><W2/><G2/><T113/><D82/><U72/><E72/><V11/><F11/><W14/><G109/><T94/><D81/><U36/><E36/><V13/><F13/><W65/><G108/><RYUUKYOKU ba="0,1" sc="191,-15,226,15,295,15,278,-15" hai1="25,26,55,56,60,61,67,69,112,114" hai2="4,6,12,18,23,40,44,49,57,63,88,95,97" /><INIT seed="5,1,1,0,4,7" ten="176,241,310,263" oya="1" hai0="110,67,42,10,40,31,4,133,86,21,102,53,71" hai1="93,23,130,103,72,59,75,87,1,62,101,18,49" hai2="24,114,69,92,60,56,91,78,76,100,5,96,13" hai3="128,14,94,19,118,26,36,58,6,116,46,119,113"/><U81/><E130/><V12/><F69/><W44/><G113/><T65/><D110/><U66/><E1/><V112/><F24/><W64/><G128/><T98/><D133/><U16/><E18/><V0/><F0/><W32/><G6/><T79/><D71/><U80/><E80/><V111/><F111/><W25/><G94/><T89/><D79/><U39/><E39/><V135/><F135/><W55/><G64/><T125/><D125/><U63/><E49/><V82/><F91/><W134/><G134/><T52/><D67/><U85/><E63/><V104/><F104/><W2/><G2/><T74/><D74/><U28/><E28/><V124/><F124/><W121/><G121/><T37/><D65/><U77/><E75/><V107/><F107/><W27/><G36/><T11/><D4/><U9/><E9/><N who="0" m="3081" /><D37/><U131/><E131/><V34/><F5/><W122/><G32/><T50/><D98/><U115/><E115/><N who="2" m="44075" /><F78/><W45/><G122/><T127/><D102/><U109/><E109/><V61/><F34/><W129/><G129/><T99/><D99/><U70/><E70/><V8/><F76/><W29/><G119/><T35/><D35/><U51/><E72/><V97/><F96/><W106/><G118/><T88/><D127/><U33/><E33/><V47/><F97/><W30/><G116/><T17/><D31/><U90/><REACH who="1" step="1"/><E51/><REACH who="1" ten="176,231,310,263" step="2"/><V54/><F60/><N who="3" m="35935" /><G106/><T22/><D50/><U120/><E120/><V48/><F48/><W43/><G30/><T132/><D132/><U15/><AGARI ba="1,2" hai="15,16,23,59,62,66,77,81,85,87,90,93,101,103" machi="15" ten="20,18000,2" yaku="1,1,0,1,7,1,8,1,54,1,53,1" doraHai="7" doraHaiUra="84" who="1" fromWho="1" sc="176,-61,231,203,310,-61,263,-61" /><INIT seed="5,2,0,3,2,125" ten="115,434,249,202" oya="1" hai0="19,119,15,48,50,76,83,91,18,10,64,101,77" hai1="12,9,33,66,86,93,41,108,11,22,105,106,68" hai2="90,115,21,81,114,58,78,49,61,99,24,80,87" hai3="26,55,70,107,0,122,134,130,39,3,29,13,30"/><U109/><E33/><V20/><F49/><W34/><G55/><T63/><D119/><U111/><E41/><V112/><F99/><W44/><G107/><N who="1" m="40970" /><E22/><V28/><F21/><W123/><G44/><T71/><D101/><U54/><E54/><V74/><F58/><W84/><G84/><T47/><D50/><U8/><E93/><V56/><F56/><W73/><G70/><T72/><D19/><N who="1" m="8583" /><E86/><V38/><F38/><W25/><G39/><T103/><D103/><U124/><E124/><V75/><F61/><AGARI ba="2,0" hai="9,11,61,66,68,108,109,111" m="8583,40970" machi="61" ten="40,2000,0" yaku="10,1" doraHai="125" who="1" fromWho="2" sc="115,0,434,26,249,-26,202,0" /><INIT seed="5,3,0,1,2,134" ten="115,460,223,202" oya="1" hai0="92,102,28,100,98,101,106,31,34,70,83,51,131" hai1="77,122,15,72,40,90,91,60,124,116,53,73,43" hai2="59,76,120,20,107,1,123,7,17,80,33,87,2" hai3="117,38,13,55,67,79,35,57,85,128,50,130,49"/><U63/><E116/><V74/><F33/><W41/><G35/><T26/><D131/><N who="3" m="50217" /><G13/><T114/><D114/><U37/><E37/><V129/><BYE who="1" /><F129/><W61/><G85/><T0/><D0/><UN n1="%E3%81%A5%E3%81%8B%E5%AD%90" /><U64/><E15/><V16/><F107/><W127/><G79/><T4/><D4/><U113/><E113/><V119/><F119/><W118/><G127/><T71/><D31/><U27/><E53/><V109/><F109/><W89/><G89/><T52/><D83/><U3/><E64/><V133/><F133/><W47/><G50/><T108/><D108/><U86/><E86/><V121/><F59/><AGARI ba="3,0" hai="38,41,47,49,55,57,59,61,67,117,118" m="50217" machi="59" ten="30,3900,0" yaku="19,1,34,2" doraHai="134" who="3" fromWho="2" sc="115,0,460,0,223,-48,202,48" /><INIT seed="6,0,0,2,5,42" ten="115,460,175,250" oya="2" hai0="33,131,0,133,126,100,97,53,54,60,49,92,75" hai1="104,84,43,48,25,7,124,116,41,31,110,16,79" hai2="50,11,38,3,51,55,15,117,34,30,105,118,102" hai3="47,37,89,111,28,24,2,40,130,108,109,80,10"/><V115/><F38/><W57/><G130/><T56/><D0/><U6/><E110/><V96/><F115/><W106/><G106/><T65/><D33/><U23/><E116/><V73/><F73/><W103/><G103/><T98/><D131/><U68/><E68/><V59/><F3/><W125/><G125/><T9/><D126/><U112/><E124/><V45/><F30/><W122/><G122/><T58/><D133/><U36/><E104/><V18/><REACH who="2" step="1"/><F34/><REACH who="2" ten="115,460,165,250" step="2"/><W85/><G2/><T88/><D75/><U87/><E112/><V62/><F62/><W93/><G28/><T4/><D4/><U13/><E36/><V113/><F113/><W52/><G37/><T12/><D12/><U82/><E6/><V20/><F20/><W134/><G111/><T72/><D72/><U123/><E7/><V1/><F1/><W119/><G109/><T21/><D21/><U17/><E123/><V91/><F91/><W120/><G89/><T132/><D132/><U64/><E31/><V46/><F46/><W76/><G47/><T81/><D9/><U86/><E17/><V70/><F70/><W114/><G10/><T14/><D14/><U128/><E128/><V19/><F19/><W77/><G108/><T27/><D27/><U78/><E25/><V127/><F127/><W44/><G24/><T66/><REACH who="0" step="1"/><D81/><REACH who="0" ten="105,460,165,250" step="2"/><U83/><E83/><V26/><F26/><W35/><G80/><T99/><D99/><U8/><E82/><V107/><F107/><AGARI ba="0,2" hai="49,53,54,56,58,60,65,66,88,92,97,98,100,107" machi="107" ten="30,8000,1" yaku="1,1,7,1,54,1,53,2" doraHai="42" doraHaiUra="63" who="0" fromWho="2" sc="105,100,460,0,165,-80,250,0" /><INIT seed="7,0,0,0,2,109" ten="205,460,85,250" oya="3" hai0="95,134,64,46,39,129,118,56,127,23,45,104,35" hai1="12,83,91,5,9,96,65,105,102,3,120,50,1" hai2="40,57,86,18,58,36,81,14,117,98,108,15,82" hai3="4,59,112,27,68,61,0,30,34,133,100,135,70"/><W60/><G100/><T78/><D35/><U19/><E120/><V115/><F108/><W21/><G21/><T69/><D104/><U74/><E65/><V38/><F117/><W44/><G44/><T121/><D78/><U80/><E74/><V92/><F92/><W66/><G112/><T22/><D95/><U48/><E1/><V111/><F111/><W31/><G31/><T84/><D84/><U73/><E80/><V53/><F86/><W62/><G62/><T26/><D22/><U2/><E2/><V55/><F40/><W41/><G41/><T63/><D23/><U52/><E91/><V79/><F79/><W97/><G97/><T54/><D26/><U106/><E105/><V76/><F76/><W101/><G101/><T77/><D77/><U28/><E83/><V131/><F98/><W16/><G16/><T51/><D121/><U126/><E73/><V72/><F72/><W123/><G123/><T90/><D90/><U88/><E88/><V94/><F94/><W10/><G59/><T29/><D56/><U130/><E28/><V47/><F18/><W113/><G113/><T116/><D118/><U42/><E42/><V110/><F110/><W87/><G87/><T67/><D116/><U107/><E107/><V93/><F93/><W13/><G13/><T122/><D122/><U75/><E75/><V89/><F89/><W32/><G32/><T43/><D43/><U125/><E102/><V33/><F33/><W17/><G17/><T99/><D99/><U124/><E96/><V11/><F115/><W49/><G34/><T103/><D103/><RYUUKYOKU ba="0,0" sc="205,0,460,0,85,0,250,0" owari="205,-19.5,460,56.0,85,-41.5,250,5.0" /></mjloggm>