<mjloggm ver="2.3"><GO type="169" lobby="0"/><UN n0="%E3%82%82%E3%81%BF%E3%81%95%E3%81%92" n1="%E3%82%AB%E3%82%AA%E3%82%B9%E3%81%8C%E6%A5%B5%E3%81%BE%E3%82%8B" n2="%E3%81%8B%E3%82%81%E3%81%98%E3%82%8D%E3%81%86" n3="%31%74%61" dan="16,17,16,18" rate="2134.01,2114.39,2145.31,2293.63" sx="M,M,M,M"/><TAIKYOKU oya="0"/><INIT seed="0,0,0,2,2,27" ten="250,250,250,250" oya="0" hai0="30,99,50,41,75,96,42,111,6,9,54,31,128" hai1="61,129,47,114,95,2,56,8,134,74,14,121,19" hai2="18,124,29,4,45,94,100,80,125,68,3,44,16" hai3="52,105,13,107,90,130,73,104,118,78,76,101,51"/><T39/><D75/><U33/><E121/><V26/><F68/><W92/><G118/><T117/><D117/><U79/><E134/><V131/><F131/><W64/><G130/><T36/><D128/><U122/><E122/><V49/><F80/><W7/><G64/><T66/><D66/><U108/><E108/><V58/><F4/><W1/><G1/><T17/><D17/><U5/><E114/><V46/><F3/><W63/><G63/><T106/><D111/><U86/><E33/><V112/><F112/><W103/><G13/><T88/><D106/><U57/><E57/><V119/><F119/><W85/><G7/><T98/><D88/><U132/><E79/><N who="3" m="30250" /><G51/><T25/><D39/><U116/><E61/><V109/><F109/><W38/><G52/><T126/><D126/><N who="2" m="48746" /><F100/><N who="3" m="38475" /><G38/><T72/><D72/><AGARI ba="0,0" hai="72,73,85,90,92,104,105,107" m="38475,30250" machi="72" ten="40,8000,1" yaku="35,5" doraHai="27" who="3" fromWho="0" sc="250,-80,250,0,250,0,250,80" /><INIT seed="1,0,0,4,2,93" ten="170,250,250,330" oya="1" hai0="20,87,40,62,50,82,91,111,83,29,72,71,59" hai1="79,27,26,77,18,32,76,99,117,107,24,7,25" hai2="95,116,17,64,125,84,43,108,124,132,28,23,65" hai3="110,118,104,75,16,48,85,2,61,4,69,106,37"/><U30/><E117/><V34/><F116/><W58/><G118/><T15/><D111/><U80/><E7/><V94/><F108/><W129/><G75/><T101/><D71/><U55/><E55/><V100/><F43/><W120/><G48/><T133/><D133/><U41/><E41/><V115/><F115/><W51/><G51/><T46/><D101/><U36/><E36/><V33/><F132/><W73/><G73/><T35/><D35/><U52/><E52/><V70/><F28/><W53/><G85/><T1/><D1/><U47/><E47/><V126/><F84/><W13/><G37/><T60/><D72/><U130/><E130/><V12/><F94/><W3/><G120/><T113/><D113/><U128/><E128/><V81/><F81/><W11/><G110/><T8/><D82/><U114/><E114/><V122/><F122/><W42/><G42/><T127/><D127/><U19/><REACH who="1" step="1"/><E80/><REACH who="1" ten="170,240,250,330" step="2"/><V22/><F124/><W78/><G4/><T67/><D60/><U66/><E66/><V68/><F125/><W105/><G129/><T96/><D62/><U49/><E49/><V98/><F126/><W135/><G135/><T86/><D67/><U54/><E54/><V63/><F65/><N who="3" m="41135" /><G3/><T112/><D83/><U44/><E44/><V97/><F68/><W57/><G2/><T92/><D112/><U74/><E74/><V38/><F38/><W21/><G53/><T9/><D59/><U119/><E119/><V102/><F63/><W5/><G78/><T39/><D39/><U123/><E123/><V45/><F70/><W0/><AGARI ba="0,1" hai="0,5,11,13,16,21,57,58,104,105,106" m="41135" machi="0" ten="30,2000,0" yaku="5,1,54,1" doraHai="93" who="3" fromWho="3" sc="170,-5,240,-10,250,-5,330,30" /><INIT seed="2,0,0,0,3,90" ten="165,230,245,360" oya="2" hai0="28,119,56,67,39,123,102,117,6,88,132,15,44" hai1="43,23,78,131,34,107,19,106,121,65,59,54,1" hai2="61,66,30,127,110,45,57,64,68,99,25,77,7" hai3="118,91,32,126,48,82,18,112,21,40,22,38,135"/><V92/><F127/><W41/><G118/><N who="0" m="45067" /><D123/><U4/><E131/><V9/><F110/><W103/><G32/><T93/><D132/><U70/><E121/><V111/><F111/><W105/><G38/><T98/><D28/><U27/><E78/><V26/><F77/><W52/><G112/><T84/><D6/><U50/><E43/><V80/><F80/><W11/><G11/><T133/><D133/><U14/><E65/><V97/><F97/><W113/><G113/><T86/><D15/><U37/><E70/><V72/><F72/><W17/><G103/><T10/><D10/><N who="1" m="2319" /><E37/><V3/><F45/><W104/><G104/><N who="0" m="63575" /><D39/><U74/><E74/><V109/><F109/><W2/><G105/><T75/><D44/><U62/><E50/><V76/><F76/><W36/><G2/><T87/><D75/><U114/><E114/><V51/><F30/><AGARI ba="0,0" hai="14,19,23,27,30,34,54,59,62,106,107" m="2319" machi="30" ten="30,1000,0" yaku="24,1" doraHai="90" who="1" fromWho="2" sc="165,0,230,10,245,-10,360,0" /><INIT seed="3,0,0,5,3,51" ten="165,240,235,360" oya="3" hai0="118,30,74,1,95,0,16,73,119,62,101,50,5" hai1="41,106,21,24,100,64,2,78,81,52,6,61,12" hai2="26,87,123,117,22,35,110,90,13,8,83,65,39" hai3="104,20,38,99,68,10,63,105,69,92,37,44,34"/><W124/><G124/><T133/><D133/><U33/><E41/><V102/><F117/><W60/><G34/><T116/><D30/><U88/><E33/><V48/><F39/><W121/><G121/><T11/><D0/><U82/><E2/><V57/><F123/><W3/><G20/><T7/><D7/><U56/><E106/><V128/><F128/><W132/><G132/><T42/><D62/><U67/><E100/><V131/><F131/><W76/><G76/><T91/><D101/><U86/><E12/><V54/><F110/><W27/><G27/><T71/><D71/><U36/><E36/><V108/><F108/><W25/><G25/><T28/><D28/><U23/><E6/><V97/><F65/><W46/><G3/><T135/><D135/><U98/><E23/><V122/><F35/><W45/><G10/><T75/><D16/><N who="1" m="12327" /><E81/><V9/><F13/><W66/><G37/><T93/><REACH who="0" step="1"/><D91/><REACH who="0" ten="155,240,235,360" step="2"/><U125/><E125/><V103/><F103/><W115/><G68/><T109/><D109/><U43/><E43/><V29/><REACH who="2" step="1"/><F122/><REACH who="2" ten="155,240,225,360" step="2"/><W77/><G69/><T59/><D59/><U4/><E4/><V15/><F15/><W31/><G38/><T113/><D113/><U70/><E70/><V18/><F18/><W107/><G115/><T114/><D114/><U32/><E32/><V58/><F58/><W85/><G31/><T55/><D55/><U134/><E134/><V40/><F40/><W17/><G17/><T120/><D120/><U49/><E61/><V53/><F53/><W130/><G63/><T79/><D79/><U80/><E78/><RYUUKYOKU ba="0,2" sc="155,15,240,-15,225,15,360,-15" hai0="1,5,11,42,50,73,74,75,93,95,116,118,119" hai2="8,9,22,26,29,48,54,57,83,87,90,97,102" /><INIT seed="4,1,2,0,1,19" ten="170,225,240,345" oya="0" hai0="65,76,3,71,26,15,51,84,12,72,135,122,124" hai1="113,64,128,70,95,104,25,132,79,74,10,92,56" hai2="52,102,103,129,24,43,57,75,32,23,67,47,131" hai3="93,134,77,86,98,18,38,2,118,4,21,73,114"/><T125/><D122/><U1/><E128/><N who="2" m="49227" /><F75/><W58/><G38/><T81/><D3/><U28/><E132/><V121/><F32/><W31/><G31/><T112/><D135/><U87/><E113/><V59/><F67/><W44/><G44/><T90/><D112/><U88/><E70/><V91/><F91/><W39/><G39/><T130/><D130/><U55/><E64/><V110/><F110/><W45/><G45/><T109/><D109/><U40/><E104/><V11/><F11/><W33/><G33/><T100/><D100/><N who="2" m="38442" /><F121/><W36/><G36/><T27/><D65/><U108/><E108/><V111/><F43/><W29/><G73/><T50/><D71/><U6/><E40/><V16/><F111/><W116/><G77/><T53/><D76/><U37/><E37/><V14/><F24/><W94/><G114/><T34/><D72/><U66/><E66/><V127/><F127/><N who="0" m="48714" /><D50/><AGARI ba="1,2" hai="14,16,23,47,50,52,57,59" m="38442,49227" machi="50" ten="30,7700,0" yaku="19,1,52,1,54,2" doraHai="19" who="2" fromWho="0" sc="170,-80,225,0,240,100,345,0" /><INIT seed="5,0,0,2,0,131" ten="90,225,340,345" oya="1" hai0="52,123,93,112,7,127,107,96,32,62,28,63,21" hai1="82,67,72,8,1,45,16,5,27,74,128,18,92" hai2="64,35,101,43,111,125,77,20,15,53,134,69,79" hai3="114,3,91,135,84,2,12,103,46,14,95,117,102"/><U116/><E128/><V109/><F35/><W124/><G114/><T49/><D107/><U76/><E116/><V121/><F121/><W38/><G117/><T55/><D123/><U10/><E67/><V19/><F43/><W56/><G124/><T100/><D127/><U130/><E130/><V26/><F125/><W85/><G56/><T86/><D32/><U31/><E72/><V71/><F53/><W129/><G129/><T48/><D7/><U40/><E10/><V66/><F101/><W50/><G38/><T83/><D112/><U78/><E92/><V51/><F51/><W99/><G135/><T65/><D21/><U115/><E76/><V39/><F39/><W119/><G119/><T98/><D28/><U70/><E70/><V0/><F0/><W34/><G34/><T42/><D42/><U13/><E13/><V110/><F134/><W80/><G103/><T118/><D118/><U68/><E68/><V108/><F108/><W25/><G25/><T61/><D65/><N who="2" m="25194" /><F71/><W23/><G14/><T97/><D48/><U113/><E115/><V24/><F69/><W133/><G133/><T6/><D6/><U30/><E113/><V37/><F37/><W104/><G23/><T87/><D55/><U54/><E54/><V105/><F105/><W89/><G12/><T59/><REACH who="0" step="1"/><D87/><REACH who="0" ten="80,225,340,345" step="2"/><U4/><E5/><V17/><F26/><W132/><G132/><T47/><D47/><U9/><E27/><V29/><F29/><N who="1" m="10761" /><E8/><V88/><F24/><W90/><G46/><T73/><D73/><U58/><E58/><V41/><F109/><W11/><G11/><RYUUKYOKU ba="0,1" sc="80,15,225,15,340,-15,345,-15" hai0="49,52,59,61,62,63,83,86,93,96,97,98,100" hai1="1,4,9,16,18,40,45,74,78,82" /><INIT seed="5,1,1,3,5,80" ten="95,240,325,330" oya="1" hai0="102,44,71,100,87,63,36,90,81,60,43,55,54" hai1="94,79,61,93,110,112,89,35,22,104,113,108,1" hai2="45,38,73,101,8,65,95,50,58,18,67,134,70" hai3="91,13,31,14,37,30,34,10,26,40,129,124,76"/><U0/><E35/><V77/><F134/><W24/><G76/><T120/><D120/><U53/><E79/><V5/><F70/><W96/><G124/><T17/><D17/><U132/><E132/><V2/><F18/><W99/><G129/><T97/><D102/><U107/><E22/><V86/><F58/><W106/><G106/><N who="1" m="40490" /><E53/><V74/><F74/><W48/><G37/><T116/><D116/><U130/><E61/><V98/><F73/><W135/><G135/><T19/><D19/><U42/><E42/><V88/><F77/><W3/><G40/><T49/><D71/><U125/><E125/><V47/><F38/><W23/><G48/><T62/><REACH who="0" step="1"/><D36/><REACH who="0" ten="85,240,325,330" step="2"/><U4/><E4/><V105/><REACH who="2" step="1"/><F47/><REACH who="2" ten="85,240,315,330" step="2"/><W114/><G31/><T11/><D11/><U82/><E130/><V103/><F103/><W9/><G30/><T46/><D46/><U59/><E59/><V128/><F128/><W20/><G9/><T57/><D57/><U78/><E108/><V21/><F21/><W83/><G10/><T69/><D69/><U131/><E110/><V121/><F121/><W51/><G23/><T32/><D32/><U72/><E131/><V109/><F109/><W33/><G20/><T133/><D133/><U29/><E29/><V84/><F84/><W92/><G34/><T118/><D118/><U56/><E56/><V41/><AGARI ba="1,3" hai="2,5,8,41,45,50,65,67,86,88,95,98,101,105" machi="41" ten="20,8000,1" yaku="1,1,0,1,7,1,52,1,54,1,53,0" doraHai="80" doraHaiUra="52" who="2" fromWho="2" sc="85,-21,240,-41,315,113,330,-21" /><INIT seed="6,0,0,1,3,78" ten="64,199,428,309" oya="2" hai0="114,67,64,32,36,25,82,15,132,92,90,20,109" hai1="69,81,29,107,17,60,131,3,118,75,103,59,117" hai2="35,43,84,38,24,18,127,58,13,19,101,70,105" hai3="16,85,27,74,79,9,5,68,49,26,100,128,10"/><V96/><F70/><W30/><G68/><T1/><D109/><U112/><E17/><V72/><F72/><W14/><G74/><T42/><D1/><U120/><E59/><V61/><F127/><W83/><G128/><T63/><D132/><U4/><E131/><V46/><F84/><W37/><G37/><T55/><D114/><U77/><E112/><V121/><F121/><W47/><G100/><T65/><D32/><U122/><E29/><V116/><F116/><W31/><G27/><T94/><D15/><U87/><E4/><V76/><F76/><W52/><G26/><T28/><D42/><U93/><E3/><AGARI ba="0,0" hai="3,5,9,10,14,16,30,31,47,49,52,79,83,85" machi="3" ten="30,7700,0" yaku="7,1,52,1,54,2" doraHai="78" who="3" fromWho="1" sc="64,0,199,-77,428,0,309,77" /><INIT seed="7,0,0,3,3,134" ten="64,122,428,386" oya="3" hai0="102,31,124,22,5,118,7,28,130,99,95,88,18" hai1="82,107,103,69,13,64,19,8,9,75,110,12,63" hai2="81,6,84,125,66,71,53,104,50,44,79,60,20" hai3="97,106,129,26,36,105,61,114,11,80,87,91,59"/><W46/><G114/><T45/><D118/><U41/><E110/><V52/><F104/><W55/><G129/><T112/><D112/><U113/><E113/><V93/><F125/><W25/><G11/><T2/><D130/><U116/><E116/><V56/><F6/><W43/><REACH who="3" step="1"/><G106/><REACH who="3" ten="64,122,428,376" step="2"/><T42/><D124/><U98/><E9/><V89/><F20/><W76/><G76/><T62/><D2/><U90/><E8/><V68/><F53/><W57/><G57/><T51/><D5/><U108/><E107/><V67/><F67/><W17/><G17/><T120/><D7/><U117/><E19/><V127/><F127/><W58/><G58/><T123/><D123/><U27/><E64/><V10/><F10/><W121/><G121/><T14/><D120/><U38/><E117/><V96/><AGARI ba="0,1" hai="44,50,52,56,60,66,68,71,79,81,84,89,93,96" machi="96" ten="20,2700,0" yaku="0,1,7,1,54,1" doraHai="134" who="2" fromWho="2" sc="64,-7,122,-7,428,37,376,-13" owari="57,-44.3,115,-28.5,465,56.5,363,16.3" /></mjloggm>