<mjloggm ver="2.3"><GO type="169" lobby="0"/><UN n0="%E3%81%8D%E3%82%83%E3%82%82%E3%82%93%E3%81%AC" n1="%E8%B6%85%E3%83%92%E3%83%A2%E3%83%AA%E3%83%AD" n2="%4E%49%4B%55%59%41" n3="%E6%98%8E%E6%98%9F%E5%B8%82%E6%B0%91" dan="16,16,16,16" rate="2126.92,2144.98,2087.77,2140.56" sx="M,M,M,M"/><TAIKYOKU oya="0"/><INIT seed="0,0,0,2,1,29" ten="250,250,250,250" oya="0" hai0="105,114,98,135,13,76,65,26,33,86,52,54,4" hai1="80,37,50,96,102,131,10,78,109,22,23,66,77" hai2="129,123,1,41,103,73,122,58,108,46,3,17,126" hai3="106,9,12,14,45,101,117,116,85,35,2,81,61"/><T62/><D114/><U134/><E37/><V87/><F87/><W55/><G106/><T110/><D135/><U112/><E134/><V104/><F58/><W79/><G101/><T99/><D110/><U125/><E66/><V5/><F17/><W21/><G35/><T118/><D118/><U39/><E39/><N who="2" m="21823" /><F108/><W124/><G124/><T83/><D99/><U44/><E78/><V133/><F133/><W38/><G38/><T113/><D113/><U0/><E125/><V7/><F126/><W93/><G2/><T59/><D13/><U89/><E89/><V48/><F48/><W74/><G74/><T27/><D4/><U53/><E109/><V120/><F7/><W92/><G117/><T31/><D27/><U115/><E50/><V72/><F129/><W121/><G121/><T18/><D18/><U71/><E131/><V40/><F40/><W90/><G79/><T30/><D31/><U70/><E77/><V68/><F68/><W42/><G42/><T34/><D34/><U20/><E71/><V11/><F1/><W57/><G45/><T111/><D111/><U64/><E44/><V128/><F128/><W16/><G116/><T107/><D107/><U127/><E70/><V56/><F56/><W88/><G90/><T75/><REACH who="0" step="1"/><D75/><REACH who="0" ten="240,250,250,250" step="2"/><U51/><E115/><V24/><F24/><W84/><G84/><T94/><D94/><U95/><E112/><V97/><AGARI ba="0,1" hai="3,5,11,72,73,97,103,104,120,122,123" m="21823" machi="97" ten="40,1500,0" yaku="23,1" doraHai="29" who="2" fromWho="2" sc="240,-7,250,-4,250,25,250,-4" /><INIT seed="1,0,0,4,5,4" ten="233,246,275,246" oya="1" hai0="43,106,69,99,87,108,1,14,95,47,111,133,50" hai1="124,15,56,67,94,61,98,9,92,12,34,93,41" hai2="81,100,3,31,105,123,6,82,135,96,128,55,40" hai3="68,46,52,54,10,0,29,30,107,113,101,24,97"/><U74/><E124/><V53/><F123/><W44/><G68/><T89/><D14/><U37/><E74/><V13/><F3/><W114/><G30/><T126/><D1/><U78/><E34/><V19/><F135/><W85/><G85/><T118/><D118/><U129/><E129/><V112/><F128/><W25/><G25/><T80/><D126/><U21/><E78/><V16/><F31/><W39/><G46/><T88/><D133/><U115/><E115/><V122/><F122/><W36/><G114/><T45/><D69/><U32/><E32/><V84/><F40/><W18/><G113/><T116/><D116/><U86/><E86/><V20/><F6/><W120/><G120/><T28/><D28/><U42/><E37/><V131/><F131/><W17/><G39/><T72/><D106/><U132/><E98/><V57/><F112/><W104/><G104/><T60/><D60/><U26/><E132/><V109/><F109/><W8/><G36/><T48/><REACH who="0" step="1"/><D72/><REACH who="0" ten="223,246,275,246" step="2"/><U35/><E15/><V49/><F105/><W70/><G0/><T33/><D33/><U73/><E73/><V79/><F13/><W83/><G70/><T134/><D134/><U51/><E35/><V62/><F62/><W76/><G29/><T91/><D91/><U130/><E130/><V59/><F19/><N who="3" m="7179" /><G24/><T71/><D71/><N who="1" m="42479" /><E26/><V125/><F125/><W63/><G63/><T121/><D121/><U38/><E21/><V127/><F127/><W66/><G107/><T58/><D58/><N who="2" m="22026" /><F20/><W77/><G66/><T102/><D102/><U64/><E64/><V2/><F2/><RYUUKYOKU ba="0,1" sc="223,30,246,-10,275,-10,246,-10" hai0="43,45,47,48,50,80,87,88,89,95,99,108,111" /><INIT seed="2,1,1,4,3,32" ten="253,236,265,236" oya="2" hai0="84,95,134,24,123,15,1,54,122,103,101,22,106" hai1="17,69,132,115,10,6,130,118,78,41,30,27,36" hai2="97,29,73,63,19,52,49,114,91,90,105,57,16" hai3="117,67,129,93,42,104,38,83,126,128,92,89,100"/><V127/><F114/><W70/><G117/><T37/><D134/><U87/><E115/><V133/><F73/><W135/><G70/><T39/><D106/><U96/><E118/><V45/><F133/><W74/><G67/><T12/><D54/><U71/><E132/><V21/><F127/><W18/><G38/><T56/><D56/><U51/><E36/><V98/><F105/><W0/><G42/><T68/><D84/><U102/><E17/><V5/><F5/><W111/><G18/><T44/><D95/><U131/><E71/><V99/><F29/><W61/><G61/><T79/><D68/><U26/><E69/><V88/><REACH who="2" step="1"/><F21/><REACH who="2" ten="253,236,255,236" step="2"/><W72/><G126/><T60/><D22/><U58/><E30/><V28/><F28/><W46/><G104/><T3/><D123/><U108/><E6/><V116/><F116/><W7/><G74/><T76/><D122/><U110/><E131/><V65/><AGARI ba="1,2" hai="16,19,45,49,52,57,63,65,88,90,91,97,98,99" machi="65" ten="30,24000,3" yaku="1,1,0,1,8,1,54,3,53,3" doraHai="32" doraHaiUra="85" who="2" fromWho="2" sc="253,-81,236,-81,255,263,236,-81" /><INIT seed="2,2,0,1,5,118" ten="172,155,518,155" oya="2" hai0="15,124,110,85,18,4,50,23,31,36,117,91,97" hai1="79,77,48,25,71,74,108,105,112,70,121,19,134" hai2="68,67,87,99,12,38,66,2,122,104,123,35,82" hai3="69,39,11,27,109,30,65,80,63,33,24,53,119"/><V6/><F2/><W59/><G109/><T21/><D36/><U89/><E105/><V81/><F35/><W115/><G119/><T72/><D117/><U73/><E112/><V113/><F113/><W16/><G115/><T55/><D72/><U135/><E48/><V44/><F82/><W17/><G39/><T8/><D110/><U28/><E19/><V94/><F104/><W125/><G125/><T51/><D124/><U58/><E58/><V20/><F20/><W43/><G43/><T41/><D31/><U26/><E108/><V90/><F12/><W114/><G114/><T5/><D97/><U88/><E28/><V3/><F3/><W34/><G11/><T78/><D78/><U37/><E37/><V60/><F66/><W107/><G107/><T93/><D41/><U22/><E22/><N who="0" m="8201" /><D51/><U13/><E13/><V64/><F64/><W14/><G80/><T1/><D1/><U45/><E45/><AGARI ba="2,0" hai="4,5,8,15,18,45,50,55,85,91,93" m="8201" machi="45" ten="30,1000,0" yaku="8,1" doraHai="118" who="0" fromWho="1" sc="172,16,155,-16,518,0,155,0" /><INIT seed="3,0,0,4,2,61" ten="188,139,518,155" oya="3" hai0="49,24,10,80,52,70,57,15,38,102,43,71,20" hai1="99,135,91,63,26,60,48,46,128,65,79,84,12" hai2="108,132,111,62,107,47,35,110,16,134,120,3,85" hai3="54,28,103,8,88,75,4,114,56,116,78,51,105"/><W92/><G116/><T76/><D102/><U129/><E135/><N who="2" m="51755" /><F107/><W73/><G114/><T130/><D130/><U127/><E127/><V37/><F120/><W59/><G28/><T0/><D0/><U106/><E63/><V87/><F35/><W27/><G27/><T81/><D81/><U97/><E79/><V14/><F3/><W69/><G69/><T25/><D25/><U34/><E12/><V44/><F62/><W124/><G124/><T13/><D13/><U58/><E106/><V11/><F37/><W133/><G133/><T67/><D43/><U72/><E72/><V83/><F87/><W131/><G131/><N who="1" m="50250" /><E26/><V77/><AGARI ba="0,0" hai="11,14,16,44,47,77,83,85,108,110,111" m="51755" machi="77" ten="40,5200,0" yaku="14,1,20,1,54,1" doraHai="61" who="2" fromWho="2" sc="188,-13,139,-13,518,52,155,-26" /><INIT seed="4,0,0,4,5,42" ten="175,126,570,129" oya="0" hai0="134,44,23,120,34,104,97,60,66,48,41,69,110" hai1="81,54,132,14,125,8,109,5,49,124,102,45,129" hai2="91,133,128,1,115,106,113,122,37,105,123,127,29" hai3="33,119,74,87,50,96,52,46,73,47,94,21,40"/><T64/><D34/><U17/><E109/><V10/><F37/><W121/><G33/><T111/><D120/><N who="2" m="46122" /><F91/><W30/><G119/><T93/><D104/><N who="2" m="40042" /><F29/><W36/><G121/><T12/><D134/><U116/><E116/><V108/><F108/><W135/><G135/><T56/><D69/><U20/><E132/><V101/><F101/><W2/><G2/><T15/><D66/><U22/><E129/><V57/><F57/><W68/><G68/><T80/><D80/><U72/><E102/><V59/><F59/><W95/><G87/><T39/><D39/><U38/><E38/><V103/><F103/><W83/><G83/><T126/><D126/><U13/><REACH who="1" step="1"/><E22/><REACH who="1" ten="175,116,570,129" step="2"/><V3/><F133/><W43/><G21/><T84/><D111/><U86/><E86/><V61/><F128/><W70/><G70/><T76/><D110/><U67/><E67/><V19/><F113/><W62/><G30/><T0/><D23/><U75/><E75/><V18/><F115/><W88/><REACH who="3" step="1"/><G95/><REACH who="3" ten="175,116,570,119" step="2"/><T53/><D84/><U99/><E99/><V85/><F85/><W71/><G71/><T100/><D93/><U31/><E31/><V98/><F98/><W7/><G7/><T16/><D97/><U51/><E51/><V25/><F19/><W92/><G92/><T63/><D16/><U6/><E6/><V130/><F18/><W118/><G118/><T32/><D48/><U78/><AGARI ba="0,2" hai="5,8,13,14,17,20,45,49,54,72,78,81,124,125" machi="78" ten="30,4000,0" yaku="1,1,0,1,52,1,53,0" doraHai="42" doraHaiUra="117" who="1" fromWho="1" sc="175,-20,116,60,570,-10,119,-10" /><INIT seed="5,0,0,2,4,77" ten="155,176,560,109" oya="1" hai0="131,59,18,36,73,69,22,58,114,121,126,27,39" hai1="65,90,134,112,91,122,96,125,104,5,130,95,10" hai2="2,29,84,9,30,52,118,48,120,28,23,1,25" hai3="19,127,89,115,68,80,43,44,11,34,21,108,14"/><U83/><E122/><V50/><F118/><W74/><G108/><T72/><D69/><U15/><E112/><V49/><F120/><W12/><G115/><T76/><D114/><U128/><E104/><V93/><F9/><W45/><G127/><T53/><D121/><U24/><E125/><V99/><F84/><W132/><G68/><T13/><D126/><U20/><E134/><V79/><F79/><W133/><G34/><T111/><D111/><U106/><E106/><V92/><F92/><W41/><G133/><T35/><D59/><U109/><E109/><V4/><F4/><W60/><G60/><T54/><D54/><U32/><E32/><V37/><F37/><W105/><G105/><T135/><D131/><U6/><E6/><V71/><F71/><W62/><G62/><T3/><D3/><U26/><E65/><V0/><REACH who="2" step="1"/><F52/><REACH who="2" ten="155,176,550,109" step="2"/><W113/><G132/><T66/><D135/><U86/><E128/><V8/><F8/><W87/><G74/><T63/><D53/><U119/><E130/><V88/><AGARI ba="0,1" hai="0,1,2,23,25,28,29,30,48,49,50,88,93,99" machi="88" ten="40,5200,0" yaku="1,1,0,1,54,1,53,0" doraHai="77" doraHaiUra="110" who="2" fromWho="2" sc="155,-13,176,-26,550,62,109,-13" /><INIT seed="6,0,0,1,1,109" ten="142,150,612,96" oya="2" hai0="77,57,53,86,35,22,55,5,79,115,94,118,91" hai1="60,3,99,33,50,105,114,113,39,73,31,32,97" hai2="18,61,23,128,135,27,101,85,102,67,130,121,106" hai3="88,41,48,65,111,9,104,58,68,93,126,78,59"/><V123/><F85/><W1/><G104/><T96/><D35/><U51/><E39/><V122/><F135/><W6/><G111/><T4/><D118/><U10/><E73/><V87/><F87/><W90/><G126/><T52/><D115/><N who="1" m="44043" /><E60/><V80/><F80/><W132/><G132/><T134/><D134/><U7/><E105/><V40/><F40/><W25/><G78/><N who="0" m="29707" /><D57/><U13/><E3/><V14/><F27/><W119/><G119/><T98/><D22/><U70/><E70/><V95/><F106/><W75/><G75/><T64/><D64/><U62/><E62/><V120/><N who="2" m="30720" /><DORA hai="92" /><V82/><F82/><W107/><G107/><T21/><D21/><U34/><E31/><V131/><REACH who="2" step="1"/><F95/><REACH who="2" ten="142,150,602,96" step="2"/><W24/><G24/><T15/><D15/><U36/><E36/><V49/><F49/><AGARI ba="0,1" hai="7,10,13,32,33,34,49,50,51,97,99" m="44043" machi="49" ten="40,12000,2" yaku="15,1,52,5" doraHai="109,92" who="1" fromWho="2" sc="142,0,150,130,602,-120,96,0" /><INIT seed="7,0,0,3,0,90" ten="142,280,482,96" oya="3" hai0="85,54,109,0,132,121,98,125,29,76,27,8,23" hai1="35,113,69,92,96,45,64,58,127,66,42,117,22" hai2="94,116,4,118,6,17,44,68,78,107,39,79,103" hai3="33,16,41,123,65,115,7,75,73,95,77,83,25"/><W56/><G123/><T67/><D121/><U57/><E35/><V124/><F107/><W53/><G115/><T48/><D109/><U70/><E113/><V28/><F68/><N who="1" m="26217" /><E92/><V128/><F124/><W111/><G111/><T1/><D125/><U63/><E96/><V49/><F128/><W106/><G106/><T110/><D110/><U9/><E22/><V74/><F39/><W102/><G7/><T97/><D132/><U105/><E9/><V100/><F79/><W46/><G65/><T47/><D67/><N who="1" m="39415" /><E105/><V104/><F78/><W21/><G33/><T34/><D34/><U91/><E91/><V99/><F6/><W51/><G102/><T11/><D0/><U30/><E30/><V88/><F116/><W20/><G20/><T26/><D26/><U122/><E117/><V3/><F103/><W89/><G83/><N who="0" m="47335" /><D1/><U93/><E93/><V81/><F4/><W19/><G77/><T18/><D8/><U72/><E72/><V52/><F100/><W36/><REACH who="3" step="1"/><G19/><REACH who="3" ten="142,280,482,86" step="2"/><T134/><D134/><U112/><E112/><V120/><F104/><W133/><G133/><T31/><D11/><U86/><E122/><V5/><F120/><W126/><G126/><T2/><D2/><U108/><E108/><V82/><F82/><W130/><G130/><T14/><D31/><U13/><E127/><V62/><F81/><W38/><G38/><T61/><D29/><U114/><E114/><V131/><F131/><W32/><G32/><T87/><D18/><U15/><E66/><V37/><F28/><W84/><AGARI ba="0,1" hai="16,21,25,36,41,46,51,53,56,73,75,84,89,95" machi="84" ten="20,12000,1" yaku="1,1,0,1,7,1,52,1,54,1,53,0" doraHai="90" doraHaiUra="129" who="3" fromWho="3" sc="142,-40,280,-40,482,-40,86,130" /><INIT seed="7,1,0,4,3,45" ten="102,240,442,216" oya="3" hai0="101,89,49,77,17,61,11,93,86,64,10,110,100" hai1="3,24,59,13,72,113,2,66,4,118,94,133,6" hai2="92,12,14,28,53,32,123,73,36,122,119,33,102" hai3="80,9,51,63,96,56,44,18,111,23,103,129,116"/><W21/><G116/><T41/><D110/><U107/><E107/><V97/><F119/><W106/><G129/><T82/><D100/><U74/><E118/><V81/><F36/><W26/><G111/><T114/><D101/><U117/><E117/><V85/><F73/><W60/><G56/><T29/><D114/><U46/><E46/><V71/><F71/><W34/><G34/><N who="2" m="13417" /><F53/><W19/><G9/><T79/><D29/><U43/><E133/><V134/><F28/><W8/><G8/><T128/><D128/><U108/><E43/><V39/><F39/><W120/><G80/><T75/><D79/><U38/><E38/><V42/><F42/><W54/><REACH who="3" step="1"/><G120/><REACH who="3" ten="102,240,442,206" step="2"/><N who="2" m="46121" /><F134/><W30/><G30/><T109/><D109/><U69/><E59/><V58/><F58/><W90/><G90/><AGARI ba="1,1" hai="12,14,81,85,90,92,97,102" m="46121,13417" machi="90" ten="30,1000,0" yaku="13,1" doraHai="45" who="2" fromWho="3" sc="102,0,240,0,442,23,206,-13" owari="102,-39.8,240,4.0,465,56.5,193,-20.7" /></mjloggm>