<mjloggm ver="2.3"><GO type="169" lobby="0"/><UN n0="%6B%61%7A%75%73%61" n1="%E3%82%A6%E3%82%A9%E3%83%AB%E3%83%AD%E3%83%83%E3%83%88" n2="%E6%9D%BE%E6%9C%AC%E5%81%A5%E7%94%B7" n3="%E7%A5%9E%E3%81%AE%E5%8F%B3%E5%B8%AD" dan="17,18,17,16" rate="2134.97,2212.24,2241.21,2144.63" sx="F,M,M,M"/><TAIKYOKU oya="0"/><INIT seed="0,0,0,4,3,40" ten="250,250,250,250" oya="0" hai0="132,110,80,8,91,9,129,123,46,86,120,17,13" hai1="48,127,43,74,75,53,6,31,65,103,104,131,29" hai2="23,101,134,54,96,79,18,56,5,45,128,81,50" hai3="113,41,67,108,51,111,26,69,130,109,22,20,135"/><T93/><D129/><U12/><E131/><V122/><F128/><W70/><G130/><T52/><D132/><U19/><E6/><V97/><F134/><W63/><G135/><T58/><D46/><U59/><E127/><V15/><F122/><W107/><G113/><T82/><D110/><U106/><E65/><V25/><F101/><W42/><G107/><T60/><REACH who="0" step="1"/><D8/><REACH who="0" ten="240,250,250,250" step="2"/><U24/><E43/><V85/><F45/><W36/><G42/><T89/><D89/><U47/><E47/><V4/><F4/><W14/><G41/><T3/><D3/><U76/><E103/><V87/><F87/><W90/><G90/><T72/><D72/><U39/><E75/><V21/><REACH who="2" step="1"/><F5/><REACH who="2" ten="240,250,240,250" step="2"/><W30/><G108/><T71/><D71/><U99/><E74/><V124/><F124/><W116/><G70/><T37/><D37/><U78/><E39/><V7/><F7/><W27/><G36/><T64/><D64/><U38/><E38/><V35/><F35/><W44/><G109/><T61/><D61/><U126/><E126/><V83/><F83/><AGARI ba="0,2" hai="9,13,17,52,58,60,80,82,83,86,91,93,120,123" machi="83" ten="40,7700,0" yaku="1,1,54,1,53,1" doraHai="40" doraHaiUra="84" who="0" fromWho="2" sc="240,97,250,0,240,-77,250,0" /><INIT seed="0,1,0,2,3,48" ten="337,250,163,250" oya="0" hai0="13,68,17,37,80,21,51,79,116,69,1,3,50" hai1="119,72,99,101,32,0,110,5,73,10,124,30,49" hai2="122,89,118,78,33,81,100,59,87,63,96,52,130" hai3="131,60,103,82,114,46,77,22,109,97,92,23,44"/><T24/><D116/><U39/><E49/><V95/><F122/><W121/><G114/><T108/><D108/><U115/><E110/><V65/><F118/><W67/><G109/><T75/><D37/><U104/><E119/><V128/><F33/><W125/><G125/><T34/><D50/><U57/><E57/><V16/><F65/><W90/><G131/><T62/><D51/><U6/><E124/><V26/><REACH who="2" step="1"/><F100/><REACH who="2" ten="337,250,153,250" step="2"/><W93/><G121/><T41/><D69/><U112/><E32/><V4/><F4/><W54/><G67/><T98/><D68/><U106/><E6/><V84/><F84/><W31/><G103/><T132/><D34/><U36/><E115/><V102/><F102/><W8/><G23/><AGARI ba="1,1" hai="16,23,26,52,59,63,78,81,87,89,95,96,128,130" machi="23" ten="40,12000,2" yaku="1,1,25,2,52,1,54,2,53,0" doraHai="48" doraHaiUra="123" who="2" fromWho="3" sc="337,0,250,0,153,133,250,-123" /><INIT seed="1,0,0,0,2,16" ten="337,250,286,127" oya="1" hai0="43,95,22,114,97,8,50,64,103,0,47,76,37" hai1="42,26,41,62,116,88,91,99,18,126,120,63,4" hai2="119,27,32,81,106,94,124,128,107,70,111,78,40" hai3="132,121,123,7,11,127,24,84,100,130,89,96,20"/><U12/><E120/><V80/><F119/><W90/><G127/><T1/><D114/><U5/><E116/><V112/><F124/><W108/><G108/><T38/><D64/><U66/><E26/><V56/><F70/><W135/><G130/><T101/><D101/><U133/><E133/><V25/><F111/><W67/><G67/><T122/><D122/><U52/><E126/><V13/><F128/><W53/><G53/><T54/><D76/><U86/><E99/><V2/><F2/><W74/><G74/><T36/><D8/><U85/><E66/><V104/><F112/><W34/><G34/><T59/><REACH who="0" step="1"/><D22/><REACH who="0" ten="327,250,286,127" step="2"/><N who="1" m="11591" /><E5/><V115/><F115/><W48/><G123/><T45/><D45/><U57/><E4/><V14/><F32/><W39/><G121/><T9/><D9/><U17/><E17/><V35/><F35/><W46/><G90/><N who="1" m="34346" /><E63/><AGARI ba="0,1" hai="0,1,36,37,38,43,47,50,54,59,63,95,97,103" machi="63" ten="40,8000,1" yaku="1,1,53,3" doraHai="16" doraHaiUra="68" who="0" fromWho="1" sc="327,90,250,-80,286,0,127,0" /><INIT seed="2,0,0,3,5,13" ten="417,170,286,127" oya="2" hai0="36,2,99,74,134,100,117,76,0,32,33,124,71" hai1="118,66,57,26,82,98,30,104,34,44,37,112,7" hai2="28,114,121,11,116,52,31,95,128,131,103,61,123" hai3="132,45,81,18,87,85,68,53,48,70,4,107,122"/><V72/><F72/><W16/><G122/><T9/><D117/><U39/><E118/><V89/><F116/><W75/><G107/><T3/><D124/><U73/><E112/><V113/><F103/><W51/><G75/><T84/><D84/><U19/><E7/><V102/><F102/><W41/><G4/><T22/><D22/><U47/><E104/><V79/><F79/><W60/><G132/><T110/><D110/><U62/><E98/><V29/><F11/><W127/><G127/><T130/><D130/><N who="2" m="49706" /><F113/><W35/><G35/><T92/><D71/><U5/><E5/><V6/><F6/><W69/><G60/><T1/><D36/><U67/><E67/><V25/><F25/><W120/><G120/><T101/><D134/><U105/><E105/><V97/><F114/><W119/><G119/><T50/><D9/><U78/><E39/><V93/><F93/><W17/><REACH who="3" step="1"/><G81/><REACH who="3" ten="417,170,286,117" step="2"/><N who="0" m="45207" /><D32/><U83/><E82/><V40/><F123/><W129/><G129/><T43/><D33/><U23/><REACH who="1" step="1"/><E37/><REACH who="1" ten="417,160,286,117" step="2"/><V135/><F121/><W106/><G106/><T24/><D0/><U96/><E96/><V10/><F135/><W54/><G54/><T21/><D99/><U94/><E94/><V59/><F95/><W20/><G20/><T77/><D92/><U88/><E88/><V91/><F97/><W56/><AGARI ba="0,2" hai="16,17,18,41,45,48,51,53,56,68,69,70,85,87" machi="56" ten="40,12000,2" yaku="1,1,0,1,52,3,54,1,53,0" doraHai="13" doraHaiUra="126" who="3" fromWho="3" sc="417,-30,160,-30,286,-60,117,140" /><INIT seed="3,0,0,3,1,106" ten="387,130,226,257" oya="3" hai0="8,24,134,38,86,45,131,99,53,110,82,75,19" hai1="85,107,14,78,17,60,84,119,133,89,114,65,102" hai2="37,58,122,113,1,25,49,73,41,54,59,77,70" hai3="39,101,132,79,47,80,126,48,92,96,29,42,100"/><W51/><G132/><T124/><D131/><U36/><E36/><V94/><F113/><W35/><G126/><T76/><D134/><U56/><E133/><V123/><F1/><W50/><G35/><T30/><D124/><U57/><E114/><V74/><F70/><W127/><G127/><T20/><D110/><U26/><E119/><V40/><F77/><W135/><G135/><T0/><D99/><U62/><E107/><V93/><F37/><W130/><G29/><T68/><D68/><U120/><E102/><V10/><F10/><W16/><G130/><T71/><D71/><U13/><E120/><N who="2" m="46123" /><F59/><W125/><G125/><T4/><D86/><U91/><E78/><V129/><F129/><W18/><REACH who="3" step="1"/><G101/><REACH who="3" ten="387,130,226,247" step="2"/><T43/><REACH who="0" step="1"/><D53/><REACH who="0" ten="377,130,226,247" step="2"/><U118/><E118/><V128/><F128/><W46/><G46/><T111/><D111/><U95/><E65/><V66/><F66/><W98/><G98/><T90/><D90/><U115/><E89/><V27/><F41/><W11/><G11/><T5/><D5/><U9/><E91/><V105/><F40/><W72/><AGARI ba="0,2" hai="16,18,39,42,47,48,50,51,72,79,80,92,96,100" machi="72" ten="30,18000,2" yaku="1,1,0,1,52,1,54,1,53,2" doraHai="106" doraHaiUra="12" who="3" fromWho="3" sc="377,-60,130,-60,226,-60,247,200" /><INIT seed="3,1,0,4,0,23" ten="317,70,166,447" oya="3" hai0="116,43,19,38,17,111,16,83,2,106,121,107,70" hai1="97,56,113,8,109,44,89,114,11,93,101,66,133" hai2="35,58,60,21,96,112,63,34,84,12,72,3,61" hai3="128,102,110,31,86,73,69,103,99,14,53,125,10"/><W82/><G69/><T120/><D116/><U9/><E133/><V130/><F72/><W51/><G125/><T28/><D2/><U131/><E109/><V134/><F3/><W80/><G128/><T50/><D111/><U98/><E131/><V62/><F130/><W37/><G37/><T0/><D0/><U117/><E117/><V88/><F112/><W115/><G115/><T42/><D70/><U13/><E113/><V119/><F96/><W32/><G73/><T71/><D71/><U78/><E114/><V64/><F134/><W30/><G32/><T75/><D38/><U55/><E78/><V41/><F41/><W132/><G132/><T4/><D4/><U47/><E66/><V1/><F1/><W45/><G110/><T49/><D28/><N who="3" m="10793" /><G99/><T46/><D75/><U54/><E13/><V7/><F119/><W95/><G95/><T129/><D129/><U85/><E98/><V74/><F74/><W36/><G36/><T108/><D108/><U52/><REACH who="1" step="1"/><E56/><REACH who="1" ten="317,60,166,447" step="2"/><V79/><F79/><N who="3" m="46367" /><G82/><AGARI ba="1,1" hai="8,9,11,44,47,52,54,55,82,85,89,93,97,101" machi="82" ten="40,5200,0" yaku="1,1,8,1,54,1,53,0" doraHai="23" doraHaiUra="122" who="1" fromWho="3" sc="317,0,60,65,166,0,447,-55" /><INIT seed="4,0,0,4,4,60" ten="317,125,166,392" oya="0" hai0="93,114,48,123,30,10,128,89,117,55,5,94,130" hai1="132,77,18,104,0,78,7,120,108,105,126,58,102" hai2="82,53,29,46,124,97,34,9,127,57,41,95,65" hai3="63,25,20,13,133,103,24,23,134,118,121,73,39"/><T22/><D117/><U8/><E108/><V100/><F29/><W111/><G73/><T44/><D123/><U12/><E120/><V106/><F34/><W96/><G39/><T62/><D114/><U74/><E132/><N who="3" m="50794" /><G111/><T86/><D62/><U51/><E126/><V81/><F106/><W75/><G75/><T47/><D30/><U45/><E104/><V76/><F65/><W70/><G13/><T2/><D22/><U116/><E74/><V59/><F9/><W112/><G112/><T83/><REACH who="0" step="1"/><D44/><REACH who="0" ten="307,125,166,392" step="2"/><U6/><E45/><V32/><F127/><W27/><G118/><T129/><AGARI ba="0,1" hai="2,5,10,47,48,55,83,86,89,93,94,128,129,130" machi="129" ten="30,12000,1" yaku="1,1,2,1,0,1,19,1,53,1" doraHai="60" doraHaiUra="3" who="0" fromWho="0" sc="307,130,125,-40,166,-40,392,-40" /><INIT seed="4,1,0,4,2,86" ten="437,85,126,352" oya="0" hai0="108,54,20,1,8,21,96,40,60,112,132,133,29" hai1="45,94,32,93,82,110,62,71,59,65,27,120,100" hai2="64,69,33,25,90,83,11,13,9,51,55,47,107" hai3="84,106,77,99,102,123,12,73,5,6,95,52,127"/><T34/><D40/><U41/><E110/><V0/><F107/><W66/><G66/><T35/><D96/><U2/><E120/><V109/><F109/><W125/><G12/><T30/><D60/><U58/><E2/><V44/><F69/><W48/><G123/><T98/><D54/><U4/><E4/><V104/><F104/><W28/><G28/><N who="0" m="10859" /><D98/><U79/><E27/><V134/><F25/><W70/><G70/><T103/><D103/><U97/><E32/><N who="0" m="12329" /><D108/><U92/><E59/><V26/><F26/><W10/><G73/><T15/><D1/><U115/><E115/><V7/><F64/><W105/><G105/><T16/><D112/><U74/><REACH who="1" step="1"/><E71/><REACH who="1" ten="437,75,126,352" step="2"/><V50/><F33/><W129/><G6/><N who="0" m="3479" /><D21/><U85/><E85/><V80/><F0/><W121/><G121/><T31/><D31/><U24/><E24/><AGARI ba="1,1" hai="16,20,24,132,133" m="3479,12329,10859" machi="24" ten="30,5800,0" yaku="34,2,54,1" doraHai="86" who="0" fromWho="1" sc="437,71,75,-61,126,0,352,0" /><INIT seed="4,2,0,4,3,117" ten="508,14,126,352" oya="0" hai0="135,74,44,6,48,88,7,109,106,112,81,12,70" hai1="91,96,30,90,128,8,34,122,29,118,4,17,83" hai2="22,121,19,61,113,93,130,27,97,45,36,126,105" hai3="63,24,125,11,110,75,37,119,134,73,49,32,87"/><T13/><D112/><U85/><E118/><V65/><F113/><W99/><G49/><T9/><D106/><U43/><E128/><V92/><F126/><W111/><G87/><T25/><D135/><U80/><E34/><V5/><F5/><W57/><G57/><T2/><D70/><U16/><E43/><V115/><F115/><W84/><G84/><T23/><D74/><U51/><E51/><V133/><F133/><W66/><G11/><T86/><D109/><U41/><E41/><V38/><F105/><W72/><G37/><T123/><D6/><U47/><E47/><V114/><F114/><W101/><G125/><T58/><D58/><U64/><E64/><V129/><F93/><W132/><G119/><T54/><D123/><U71/><E71/><V42/><F121/><W68/><G132/><T82/><D82/><U15/><E122/><V124/><F38/><W100/><G100/><T18/><AGARI ba="2,0" hai="2,7,9,12,13,18,23,25,44,48,54,81,86,88" machi="18" ten="20,3900,0" yaku="0,1,7,1,54,1" doraHai="117" who="0" fromWho="0" sc="508,45,14,-15,126,-15,352,-15" owari="553,65.3,-1,-50.1,111,-28.9,337,13.7" /></mjloggm>