<mjloggm ver="2.3"><GO type="169" lobby="0"/><UN n0="%54%61%6B%61%79%61%40" n1="%E3%81%82%E3%81%95%E3%81%B4%E3%82%93%EF%BC%A0%EF%BD%8D%EF%BD%8A" n2="%E8%88%B9%E8%B6%8A%E8%8B%B1%E4%B8%80%E9%83%8E" n3="%E9%81%8B%E3%81%A7%E5%8B%9D%E3%81%A4" dan="16,18,17,16" rate="2090.47,2248.69,2141.83,2114.69" sx="M,M,M,M"/><TAIKYOKU oya="0"/><INIT seed="0,0,0,5,5,85" ten="250,250,250,250" oya="0" hai0="121,40,16,18,109,2,88,10,19,29,128,9,44" hai1="67,108,46,103,77,79,57,63,110,86,123,28,58" hai2="21,34,35,69,112,54,84,81,129,45,49,66,56" hai3="27,91,74,87,51,83,76,89,100,92,25,134,114"/><T98/><D121/><U96/><E123/><V7/><F112/><W62/><G114/><T122/><D122/><U82/><E28/><V11/><F129/><W8/><G134/><T105/><D128/><U48/><E79/><V101/><F69/><W26/><G62/><T32/><D105/><U80/><E80/><V5/><F101/><W13/><G51/><T6/><D109/><U50/><E58/><V111/><F111/><N who="1" m="42537" /><E46/><V124/><F124/><W90/><REACH who="3" step="1"/><G100/><REACH who="3" ten="250,250,250,240" step="2"/><T130/><D130/><U70/><E70/><V0/><F49/><W3/><G3/><T60/><D60/><U31/><E31/><V107/><F0/><W125/><G125/><T75/><D75/><U38/><E38/><V42/><F35/><W65/><G65/><T133/><D133/><U33/><E33/><V59/><F34/><W36/><G36/><T118/><D118/><U24/><E24/><V127/><F66/><W68/><G68/><T15/><D29/><U120/><E120/><V47/><F127/><W22/><G22/><T106/><D32/><U132/><E132/><V14/><F21/><W52/><G52/><T64/><D64/><U93/><AGARI ba="0,1" hai="48,50,57,63,67,77,82,86,93,96,103" m="42537" machi="93" ten="30,1100,0" yaku="14,1" doraHai="85" who="1" fromWho="1" sc="250,-5,250,21,250,-3,240,-3" /><INIT seed="1,0,0,4,1,73" ten="245,271,247,237" oya="1" hai0="50,37,10,83,2,59,62,75,11,68,13,43,8" hai1="89,7,132,76,109,17,82,124,55,114,125,69,34" hai2="81,4,14,12,120,107,3,129,71,92,104,130,9" hai3="135,52,91,122,30,85,16,116,100,44,134,121,60"/><U112/><E34/><V19/><F120/><W51/><G30/><T6/><D68/><U39/><E39/><V67/><F92/><W79/><G100/><T49/><D11/><U46/><E69/><V99/><F81/><W102/><G102/><T101/><D101/><U29/><E29/><V41/><F41/><W111/><G111/><T15/><D37/><U108/><E7/><V115/><F99/><W127/><G127/><N who="1" m="48714" /><E17/><V103/><F103/><W113/><G113/><N who="1" m="43626" /><E132/><N who="3" m="50730" /><G116/><T21/><D21/><U86/><E46/><V40/><F115/><W77/><G60/><T97/><D2/><U93/><E55/><V128/><F40/><W63/><G63/><T38/><D38/><U95/><E95/><V23/><F3/><W119/><G119/><T5/><D43/><U36/><E36/><V42/><F42/><W72/><G72/><AGARI ba="0,0" hai="72,76,82,86,89,93,108,109" m="43626,48714" machi="72" ten="40,12000,1" yaku="18,1,34,2,52,1" doraHai="73" who="1" fromWho="3" sc="245,0,271,120,247,0,237,-120" /><INIT seed="1,1,0,2,1,55" ten="245,391,247,117" oya="1" hai0="107,68,94,69,45,34,78,105,120,10,98,4,2" hai1="1,112,3,70,79,118,46,117,109,122,64,60,74" hai2="22,103,21,56,115,62,9,123,100,23,39,113,124" hai3="116,11,15,134,104,102,42,92,125,52,6,89,0"/><U57/><E79/><V32/><F123/><W16/><G125/><T51/><D34/><U86/><E74/><V26/><F124/><W132/><G42/><T101/><D120/><U90/><E122/><V76/><F39/><W28/><G28/><T12/><D78/><U61/><E112/><N who="2" m="43083" /><F76/><W110/><G110/><T29/><D29/><U82/><E109/><V96/><F9/><W17/><G116/><T72/><D72/><U5/><E46/><V20/><F96/><W58/><G102/><N who="2" m="38953" /><F32/><W44/><G44/><T40/><REACH who="0" step="1"/><D2/><REACH who="0" ten="235,391,247,117" step="2"/><U133/><E1/><V33/><F33/><W53/><G0/><T67/><D67/><U88/><E117/><V114/><N who="2" m="43091" /><V129/><DORA hai="14" /><F129/><W93/><G104/><AGARI ba="1,1" hai="4,10,12,40,45,51,68,69,94,98,101,104,105,107" machi="104" ten="40,1300,0" yaku="1,1,53,0" doraHai="55,14" doraHaiUra="54,127" who="0" fromWho="3" sc="235,26,391,0,247,0,117,-16" /><INIT seed="2,0,0,0,0,17" ten="261,391,247,101" oya="2" hai0="34,25,30,43,42,19,122,59,27,65,71,66,113" hai1="102,98,48,84,109,115,51,133,100,12,130,103,127" hai2="118,96,86,35,78,31,76,94,106,1,62,28,0" hai3="53,124,10,73,117,90,47,64,50,57,14,32,67"/><V131/><F118/><W135/><G73/><T41/><D122/><U7/><E115/><V58/><F106/><W129/><G32/><T134/><D113/><U20/><E109/><V5/><F131/><W22/><G117/><T49/><D71/><U101/><E130/><V38/><F38/><W112/><G129/><T97/><D134/><U3/><E3/><V128/><F128/><W85/><G135/><T89/><D97/><U18/><E133/><V61/><F35/><W40/><G112/><T99/><D99/><U11/><E84/><V119/><F119/><W83/><G124/><T8/><D89/><U77/><E77/><V56/><F86/><W15/><G15/><T6/><D19/><U110/><E110/><V33/><F33/><W104/><G104/><T93/><D93/><U82/><E82/><V44/><F44/><W88/><G90/><T69/><D27/><U68/><E68/><V87/><F87/><W70/><G70/><T72/><D69/><U37/><E37/><V120/><F96/><W79/><G22/><T92/><D92/><N who="1" m="58439" /><E127/><V75/><F94/><W81/><G81/><T60/><D72/><U74/><E74/><V123/><REACH who="2" step="1"/><F75/><REACH who="2" ten="261,391,237,101" step="2"/><W39/><REACH who="3" step="1"/><G79/><REACH who="3" ten="261,391,237,91" step="2"/><T126/><D126/><U54/><E102/><V2/><F2/><W16/><AGARI ba="0,2" hai="10,14,16,39,40,47,50,53,57,64,67,83,85,88" machi="16" ten="20,12000,2" yaku="1,1,2,1,0,1,7,1,54,2,53,1" doraHai="17" doraHaiUra="45" who="3" fromWho="3" sc="261,-30,391,-30,237,-60,91,140" /><INIT seed="3,0,0,3,5,45" ten="231,361,177,231" oya="3" hai0="118,27,38,28,24,127,40,49,64,55,56,72,69" hai1="102,117,87,32,128,44,63,23,60,43,125,6,57" hai2="111,77,83,58,101,34,36,29,48,103,14,59,37" hai3="17,79,42,132,52,91,108,95,66,18,93,76,126"/><W11/><G126/><T2/><D2/><U70/><E32/><V78/><F111/><W100/><G132/><T68/><D118/><U80/><E125/><V90/><F34/><W20/><G108/><T89/><D72/><U33/><E33/><V30/><F14/><W129/><G129/><T85/><D127/><U10/><E128/><V114/><F90/><W71/><G42/><T134/><D134/><U97/><E70/><V67/><F67/><W106/><G106/><T81/><D69/><U107/><E23/><V74/><F74/><W46/><G66/><T133/><D28/><U1/><E57/><V73/><F73/><W105/><G105/><T50/><D133/><U110/><E117/><V121/><F83/><W86/><G71/><T75/><D75/><U109/><E109/><V21/><F21/><W99/><G11/><T94/><D94/><U53/><E53/><V9/><F9/><W88/><G100/><T112/><D112/><U65/><E65/><V123/><REACH who="2" step="1"/><F114/><REACH who="2" ten="231,361,167,231" step="2"/><W84/><G99/><T5/><D5/><U135/><E110/><V113/><F113/><W62/><G20/><T92/><D81/><U115/><E115/><V116/><F116/><W19/><G62/><T25/><D64/><U15/><E135/><V130/><F130/><W8/><G8/><T39/><D68/><U16/><E6/><V26/><F26/><W124/><G124/><T47/><AGARI ba="0,1" hai="24,25,27,38,39,40,47,49,50,55,56,85,89,92" machi="47" ten="30,4000,0" yaku="0,1,52,2" doraHai="45" who="0" fromWho="0" sc="231,50,361,-10,167,-10,231,-20" /><INIT seed="4,0,0,5,5,32" ten="281,351,157,211" oya="0" hai0="85,67,131,12,74,103,45,23,108,96,20,110,31" hai1="52,130,8,75,94,117,2,89,100,5,63,53,125" hai2="116,51,77,109,120,104,34,65,112,122,13,93,78" hai3="43,107,79,11,69,102,58,27,56,90,128,22,113"/><T80/><D74/><U17/><E117/><V68/><F34/><W24/><G69/><T10/><D131/><U72/><E130/><V111/><F68/><W25/><G128/><T127/><D127/><U0/><E125/><V42/><F65/><W33/><G33/><T87/><D67/><U1/><E100/><V49/><F13/><W106/><G113/><T71/><D71/><U92/><E17/><V115/><F42/><W38/><G79/><N who="2" m="30217" /><F93/><W55/><G22/><T15/><D45/><U118/><E94/><V101/><F51/><W14/><G102/><T54/><D54/><U88/><E89/><V48/><F48/><W132/><G132/><T86/><D80/><U99/><E118/><V18/><F18/><W119/><G119/><T95/><D31/><U123/><E123/><N who="2" m="47147" /><F49/><W35/><G35/><T40/><D40/><U73/><REACH who="1" step="1"/><E63/><REACH who="1" ten="281,341,157,211" step="2"/><V135/><F116/><W4/><G106/><T76/><D76/><U50/><E50/><V46/><F135/><W60/><G107/><T61/><D61/><U105/><E105/><V91/><F91/><W21/><G90/><T134/><D134/><U59/><E59/><V124/><F124/><W62/><G58/><T70/><D70/><U37/><E37/><V83/><F101/><W133/><G62/><T66/><D103/><U81/><E81/><V39/><F83/><W97/><G133/><T129/><D129/><U36/><E36/><V30/><F104/><W121/><G121/><T28/><D95/><U9/><E9/><V47/><F39/><W98/><G21/><N who="0" m="8267" /><D10/><U44/><E44/><N who="2" m="16939" /><F30/><W6/><G4/><RYUUKYOKU ba="0,1" sc="281,-30,341,10,157,10,211,10" hai1="0,1,2,5,8,52,53,72,73,75,88,92,99" hai2="109,111,112,115" hai3="6,11,14,24,25,27,38,43,55,56,60,97,98" /><INIT seed="5,1,1,0,1,57" ten="251,351,167,221" oya="1" hai0="85,70,52,55,45,104,67,116,131,121,110,112,20" hai1="24,42,108,39,5,111,126,72,133,101,81,123,28" hai2="94,115,25,46,119,2,37,3,16,84,93,68,73" hai3="102,34,120,58,128,31,107,77,105,53,7,129,86"/><U35/><E123/><V9/><F73/><W92/><G120/><T96/><D121/><U22/><E133/><V74/><F74/><W15/><G34/><T125/><D110/><N who="1" m="42027" /><E126/><V109/><F109/><W26/><G7/><T54/><D125/><U95/><E5/><V50/><F37/><W130/><G15/><T69/><D116/><U106/><E106/><V97/><F119/><W27/><G77/><T17/><D112/><U76/><E35/><V33/><F68/><W48/><G86/><T79/><D131/><U82/><E82/><V59/><F115/><W91/><G102/><T89/><D79/><U21/><E21/><V30/><F59/><W135/><G135/><T113/><D113/><U88/><E101/><V114/><F114/><W1/><G1/><T65/><D45/><N who="1" m="23775" /><E95/><V60/><F94/><W13/><G13/><T118/><D118/><U51/><E51/><V124/><F93/><W66/><G105/><T4/><D4/><U12/><E12/><V99/><F50/><W11/><G107/><T44/><D44/><U10/><E10/><V8/><F46/><N who="3" m="27799" /><G11/><T75/><D75/><U132/><E132/><V103/><F9/><W32/><G27/><N who="0" m="14735" /><D104/><U64/><E64/><N who="0" m="24649" /><D96/><U38/><E38/><V61/><F99/><N who="3" m="57759" /><G66/><T62/><D70/><U56/><E56/><BYE who="1" /><AGARI ba="1,1" hai="26,31,32,56,58,128,129,130" m="57759,27799" machi="56" ten="30,1000,0" yaku="19,1" doraHai="57" who="3" fromWho="1" sc="251,0,351,-13,167,0,221,23" /><UN n1="%E3%81%82%E3%81%95%E3%81%B4%E3%82%93%EF%BC%A0%EF%BD%8D%EF%BD%8A" /><INIT seed="6,0,0,0,1,49" ten="251,338,167,244" oya="2" hai0="28,113,129,108,103,116,27,78,54,120,72,106,93" hai1="97,12,132,16,128,1,122,123,23,76,98,59,90" hai2="33,88,41,96,48,53,36,94,75,13,117,4,34" hai3="119,124,112,32,92,35,0,24,118,82,74,62,46"/><V61/><F117/><W42/><G124/><T43/><D120/><N who="1" m="46123" /><E132/><V44/><F75/><W86/><G0/><T30/><D108/><U3/><E128/><V2/><F2/><N who="1" m="521" /><E76/><V39/><F61/><W135/><G135/><T66/><D129/><U91/><E59/><V38/><REACH who="2" step="1"/><F41/><REACH who="2" ten="251,338,157,244" step="2"/><W71/><G74/><T40/><D116/><U114/><E114/><V63/><F63/><W107/><G62/><T64/><D113/><U84/><E91/><V50/><F50/><W60/><G112/><T6/><D72/><U85/><E85/><V11/><AGARI ba="0,1" hai="4,11,13,33,34,36,38,39,44,48,53,88,94,96" machi="11" ten="40,12000,1" yaku="1,1,0,1,52,1,54,1,53,0" doraHai="49" doraHaiUra="22" who="2" fromWho="2" sc="251,-40,338,-40,157,130,244,-40" /><INIT seed="6,1,0,1,4,12" ten="211,298,287,204" oya="2" hai0="106,72,104,119,25,23,124,121,91,73,130,125,16" hai1="44,63,77,19,7,39,70,48,18,9,97,43,15" hai2="0,6,94,118,107,29,57,78,132,26,31,49,126" hai3="123,61,62,69,102,47,95,79,71,13,100,111,11"/><V76/><F107/><W64/><G111/><T40/><D121/><U116/><E116/><V8/><F118/><W68/><G123/><T127/><D119/><U51/><E77/><V17/><F126/><W129/><G129/><T85/><D130/><U35/><E35/><V24/><F132/><W114/><G114/><T96/><D40/><U84/><E84/><V46/><F57/><W105/><G105/><N who="0" m="40555" /><D96/><U5/><E97/><V80/><F94/><AGARI ba="1,0" hai="16,23,25,72,73,85,91,94,124,125,127" m="40555" machi="94" ten="40,5200,0" yaku="18,1,52,1,54,1" doraHai="12" who="0" fromWho="2" sc="211,55,298,0,287,-55,204,0" /><INIT seed="7,0,0,3,3,85" ten="266,298,232,204" oya="3" hai0="73,17,11,56,126,131,27,130,79,66,2,5,19" hai1="71,90,39,102,8,32,104,122,18,20,101,78,121" hai2="95,14,64,125,83,112,46,129,88,35,70,55,47" hai3="133,22,72,99,12,29,81,16,76,82,98,127,59"/><W106/><G127/><T7/><D126/><U105/><E32/><V97/><F125/><W23/><G133/><T60/><D7/><U68/><E39/><V111/><F111/><W6/><G6/><T92/><D79/><U53/><E78/><V86/><F35/><W67/><G106/><T123/><D73/><U15/><E53/><V42/><F112/><W61/><REACH who="3" step="1"/><G82/><REACH who="3" ten="266,298,232,194" step="2"/><T75/><D123/><U36/><E104/><V116/><F116/><W45/><G45/><T50/><D131/><U4/><E105/><V132/><F129/><W91/><G91/><T69/><D130/><U54/><E90/><V49/><F132/><W93/><G93/><T13/><D92/><U41/><E4/><V109/><F109/><W31/><G31/><T33/><D5/><U103/><E121/><V26/><F47/><W89/><G89/><T43/><D2/><U63/><E122/><V21/><F95/><W117/><G117/><T40/><D19/><U107/><E107/><V119/><F119/><W34/><G34/><T114/><D33/><U51/><E102/><V120/><F88/><W3/><G3/><T113/><D113/><U28/><E101/><V9/><F83/><W44/><G44/><T37/><D114/><U87/><E103/><V38/><F46/><W74/><G74/><T65/><D75/><U135/><E135/><V1/><F1/><W30/><G30/><T25/><D37/><U94/><E94/><V58/><F38/><W134/><G134/><T57/><D40/><U108/><E41/><V10/><F42/><W52/><G52/><N who="0" m="31767" /><D43/><U24/><E36/><RYUUKYOKU ba="0,1" sc="266,15,298,-15,232,-15,194,15" hai0="11,13,17,25,27,57,60,65,66,69" hai3="12,16,22,23,29,59,61,67,72,76,81,98,99" /><INIT seed="7,1,1,1,0,22" ten="281,283,217,209" oya="3" hai0="0,115,27,126,112,44,104,40,63,105,127,66,49" hai1="76,92,28,116,34,123,135,68,50,83,77,117,2" hai2="70,19,113,61,20,106,51,72,69,39,9,95,1" hai3="13,67,100,41,119,79,58,43,30,60,15,124,98"/><W53/><G119/><N who="1" m="45642" /><E123/><V35/><F106/><W118/><G118/><T4/><D0/><U134/><E68/><V129/><F39/><W101/><G124/><N who="0" m="47659" /><D4/><U120/><E120/><V45/><F72/><W21/><G79/><T25/><D105/><U31/><E2/><V55/><F35/><W10/><G53/><T128/><D104/><U71/><E71/><V131/><F113/><N who="0" m="43594" /><D128/><U102/><E77/><V62/><F70/><AGARI ba="1,1" hai="25,27,40,44,49,63,66,70" m="43594,47659" machi="70" ten="30,8000,1" yaku="18,1,15,1,11,1,52,2" doraHai="22" who="0" fromWho="2" sc="281,93,283,0,217,-83,209,0" owari="374,47.4,283,8.3,134,-36.6,209,-19.1" /></mjloggm>