<mjloggm ver="2.3"><GO type="169" lobby="0"/><UN n0="%E3%81%95%E3%81%8F%E3%82%89%E3%81%88%E3%81%B3" n1="%73%61%69%63%68%61%6E%7A" n2="%E5%8C%97%E6%AC%A7%E3%81%AE%E3%82%82%E3%81%93%E3%81%86" n3="%E8%B5%A4%E7%BE%8E%E6%BF%83%E3%81%BE%E3%81%90%E3%82%8D" dan="16,16,16,17" rate="2122.50,2135.61,2114.26,2203.24" sx="M,M,M,M"/><TAIKYOKU oya="0"/><INIT seed="0,0,0,5,2,52" ten="250,250,250,250" oya="0" hai0="28,94,101,7,97,76,26,25,60,67,19,88,109" hai1="65,51,3,119,126,1,99,120,114,128,36,58,45" hai2="108,123,73,75,117,38,70,77,42,133,131,21,110" hai3="102,35,5,129,118,83,24,41,93,79,46,53,90"/><T92/><D109/><N who="2" m="42090" /><F21/><W17/><G129/><T98/><D7/><U96/><E119/><V59/><F77/><W100/><G118/><T113/><D113/><U132/><E120/><V8/><F117/><W4/><G35/><T134/><D134/><U89/><E128/><V6/><F70/><W54/><G4/><T87/><D19/><U121/><E121/><V34/><F34/><W44/><G5/><T91/><D76/><U72/><E132/><V112/><F112/><W66/><G66/><T130/><D130/><U30/><E114/><V127/><F133/><W13/><G24/><T0/><D0/><U31/><E72/><V82/><F82/><W10/><G54/><T61/><D28/><U27/><E36/><V55/><F123/><W124/><G53/><T48/><D48/><U32/><E31/><V62/><F127/><W47/><G41/><T2/><D2/><U16/><E126/><V116/><F131/><W69/><G69/><T40/><D40/><U80/><E1/><N who="2" m="79" /><F116/><W95/><G124/><T20/><D20/><U122/><E3/><V49/><F49/><W63/><G63/><N who="0" m="24139" /><D67/><U106/><E122/><V29/><F29/><W43/><G43/><T22/><D22/><U86/><E106/><V39/><F39/><W18/><G79/><T111/><D111/><U135/><E135/><V15/><F15/><W78/><G78/><T12/><D12/><U57/><E16/><V84/><F84/><N who="3" m="50463" /><G18/><T23/><D23/><U74/><E74/><V37/><F37/><W104/><G104/><T85/><D85/><U33/><E33/><V107/><F107/><AGARI ba="0,0" hai="25,26,87,88,91,92,94,97,98,101,107" m="24139" machi="107" ten="30,2900,0" yaku="6,1,54,1" doraHai="52" who="0" fromWho="2" sc="250,29,250,0,250,-29,250,0" /><INIT seed="0,1,0,1,2,41" ten="279,250,221,250" oya="0" hai0="43,35,89,92,94,58,37,45,130,67,48,133,56" hai1="44,99,126,86,113,96,29,7,98,115,33,6,112" hai2="125,59,95,39,117,66,74,124,47,82,132,40,62" hai3="120,8,27,10,61,108,18,0,21,65,128,84,30"/><T22/><D35/><U106/><E106/><V14/><F132/><W123/><G108/><T5/><D133/><U75/><E75/><V34/><F34/><W3/><G84/><T13/><D130/><U87/><E126/><N who="2" m="48747" /><F95/><W116/><G116/><T131/><D131/><U17/><E17/><V127/><N who="2" m="48755" /><V134/><DORA hai="19" /><F134/><W54/><G54/><T16/><D37/><U20/><E33/><V28/><F28/><W26/><G128/><T119/><D119/><U110/><E110/><V83/><F74/><W100/><G100/><T122/><D122/><N who="3" m="46633" /><G61/><N who="0" m="38311" /><D5/><N who="1" m="1547" /><E44/><N who="2" m="23583" /><F117/><W25/><G65/><T101/><D101/><U55/><E55/><V46/><F14/><N who="3" m="9431" /><G30/><T102/><D102/><U135/><E135/><V69/><F69/><W70/><G70/><T31/><D31/><U114/><N who="1" m="28672" /><DORA hai="4" /><U104/><E104/><V85/><F83/><W12/><G12/><T1/><D1/><AGARI ba="1,0" hai="0,1,3,8,10,25,26,27" m="9431,46633" machi="1" ten="40,12000,2" yaku="13,1,34,2,52,3" doraHai="41,19,4" who="3" fromWho="0" sc="279,-123,250,0,221,0,250,123" /><INIT seed="1,0,0,3,3,113" ten="156,250,221,373" oya="1" hai0="118,20,72,111,78,65,5,3,50,13,51,2,37" hai1="60,67,131,109,12,83,102,28,86,46,33,116,38" hai2="45,105,96,79,107,108,82,63,52,112,23,126,89" hai3="87,16,104,55,8,54,18,132,135,58,61,56,94"/><U115/><E115/><V91/><F112/><W64/><G104/><T74/><D111/><U134/><E131/><V53/><F108/><W10/><G64/><T81/><D37/><U127/><E109/><V80/><F126/><W25/><G87/><T26/><D74/><U43/><E127/><V130/><F130/><W133/><G94/><T47/><D65/><U44/><E134/><V75/><F45/><W7/><G25/><T122/><D122/><U101/><E116/><V120/><F120/><W48/><REACH who="3" step="1"/><G10/><REACH who="3" ten="156,250,221,363" step="2"/><T70/><D26/><U97/><E86/><V77/><F107/><W110/><G110/><T68/><D72/><U36/><E67/><V40/><F105/><W0/><AGARI ba="0,1" hai="0,7,8,16,18,48,54,55,56,58,61,132,133,135" machi="0" ten="30,7900,0" yaku="1,1,0,1,20,1,54,1,53,0" doraHai="113" doraHaiUra="11" who="3" fromWho="3" sc="156,-20,250,-39,221,-20,363,89" /><INIT seed="2,0,0,0,1,21" ten="136,211,201,452" oya="2" hai0="33,16,28,91,78,4,49,113,29,83,90,27,15" hai1="68,133,62,20,99,44,97,123,18,34,11,6,50" hai2="43,118,57,124,87,77,72,122,108,26,3,69,110" hai3="126,102,24,116,63,17,7,45,47,101,85,0,82"/><V39/><F118/><W130/><G116/><T2/><D113/><U105/><E34/><V94/><F122/><W132/><G132/><T64/><D64/><U92/><E133/><V114/><F114/><W106/><G130/><T23/><D29/><U66/><E105/><V88/><F69/><W51/><G126/><T71/><D71/><U112/><E112/><V53/><F3/><W119/><G119/><T37/><D37/><U12/><E123/><V19/><F124/><W89/><G106/><T56/><D56/><U73/><E73/><V104/><F104/><W121/><G121/><T61/><D61/><U55/><REACH who="1" step="1"/><E92/><REACH who="1" ten="136,201,201,452" step="2"/><V42/><F39/><W81/><G81/><T125/><D125/><U100/><E100/><V127/><F127/><W10/><G102/><T76/><D76/><U128/><E128/><V14/><F72/><W1/><G101/><T31/><D78/><U135/><E135/><V35/><F77/><W22/><G82/><T115/><D83/><U36/><E36/><V84/><F84/><W58/><G89/><T32/><D115/><U5/><E5/><V38/><F38/><W70/><G7/><T109/><D109/><N who="2" m="42090" /><F35/><W13/><G85/><T40/><D90/><U46/><E46/><V117/><F117/><W59/><G47/><N who="0" m="25831" /><D91/><U41/><E41/><V103/><F103/><W54/><G45/><T134/><D134/><U98/><E98/><V80/><F80/><W96/><G96/><T120/><D120/><U86/><E86/><V107/><F107/><W48/><G0/><AGARI ba="0,1" hai="0,6,11,12,18,20,44,50,55,62,66,68,97,99" machi="0" ten="30,3900,0" yaku="1,1,7,1,53,1" doraHai="21" doraHaiUra="60" who="1" fromWho="3" sc="136,0,201,49,201,0,452,-39" /><INIT seed="3,0,0,4,1,99" ten="136,250,201,413" oya="3" hai0="120,6,131,73,2,126,38,39,60,48,133,20,54" hai1="5,62,105,132,135,108,69,0,27,63,33,94,31" hai2="123,8,68,55,77,45,23,7,93,86,72,70,74" hai3="130,67,65,127,119,21,129,122,26,115,79,18,125"/><W128/><G115/><T71/><D120/><U15/><E108/><V90/><F123/><W1/><G119/><T96/><D73/><U92/><E105/><V35/><F35/><W124/><G122/><T112/><D112/><U46/><E0/><V24/><F68/><W102/><G1/><T40/><D126/><U22/><E46/><V52/><F70/><W29/><G79/><T53/><D131/><U57/><E69/><V9/><F74/><W134/><G102/><T106/><D133/><N who="1" m="51275" /><E63/><V4/><F77/><W78/><G78/><T109/><D40/><U19/><E5/><N who="2" m="2123" /><F72/><W98/><G98/><T34/><D34/><U59/><E59/><V37/><F37/><W111/><G134/><T11/><D109/><U118/><E118/><V107/><F107/><W36/><G36/><T56/><D20/><U116/><E116/><V14/><F14/><W97/><G97/><T121/><D121/><U12/><E12/><V44/><F44/><W75/><G75/><T87/><D87/><U80/><E80/><V49/><F55/><AGARI ba="0,0" hai="15,19,22,27,31,33,55,57,62,92,94" m="51275" machi="55" ten="30,1000,0" yaku="20,1" doraHai="99" who="1" fromWho="2" sc="136,0,250,10,201,-10,413,0" /><INIT seed="4,0,0,3,1,61" ten="136,260,191,413" oya="0" hai0="106,40,119,89,37,4,43,104,51,17,62,0,41" hai1="87,78,26,16,122,25,52,115,32,95,23,108,45" hai2="112,69,71,57,39,98,59,36,128,46,31,74,103" hai3="42,58,81,130,129,133,82,121,19,92,83,18,14"/><T96/><D119/><U9/><E122/><V55/><F74/><W99/><G42/><T125/><D37/><N who="2" m="14410" /><F31/><W49/><G133/><T24/><D125/><U3/><E108/><V134/><F98/><W135/><G135/><T2/><D104/><U118/><E118/><V85/><F85/><W126/><G126/><T60/><D4/><U124/><E124/><V66/><F103/><W120/><G58/><N who="2" m="22025" /><F134/><W131/><G49/><T54/><D2/><U75/><E115/><V12/><F12/><W7/><G7/><T105/><D0/><U70/><E75/><V30/><F30/><W102/><G19/><T21/><D106/><U114/><E114/><V68/><F112/><W94/><G94/><N who="0" m="56399" /><D105/><U77/><E32/><V28/><F28/><W90/><G102/><T27/><D24/><U11/><E26/><V29/><F29/><W34/><G34/><T44/><AGARI ba="0,0" hai="17,21,27,40,41,43,44,51,54,60,62" m="56399" machi="44" ten="30,1500,0" yaku="8,1" doraHai="61" who="0" fromWho="0" sc="136,15,260,-5,191,-5,413,-5" /><INIT seed="4,1,0,4,3,16" ten="151,255,186,408" oya="0" hai0="112,61,84,18,77,71,89,10,17,58,55,24,114" hai1="7,83,54,122,115,44,94,50,43,90,105,88,133" hai2="98,132,0,82,100,91,59,32,126,72,120,13,21" hai3="37,96,38,26,40,130,52,127,117,42,87,5,121"/><T99/><D71/><U23/><E122/><V33/><F0/><W29/><G117/><T102/><D77/><U118/><E118/><V31/><F120/><W47/><G121/><T9/><D84/><U51/><E105/><V14/><F132/><W2/><G127/><T62/><D89/><U73/><E133/><V66/><F126/><W35/><G130/><T70/><D70/><U45/><E7/><V74/><F32/><W27/><G87/><T57/><D24/><U97/><E115/><V78/><F74/><W8/><G96/><T39/><D39/><U48/><E48/><V19/><F91/><W135/><G135/><T4/><D4/><U107/><E107/><V28/><F13/><W12/><G27/><T46/><D46/><U116/><E116/><V111/><F33/><W95/><G95/><T128/><D128/><U85/><E73/><V113/><F111/><W15/><G52/><T80/><D80/><U124/><E124/><V6/><F113/><N who="0" m="43626" /><D10/><U65/><E65/><V60/><REACH who="2" step="1"/><F6/><REACH who="2" ten="151,255,176,408" step="2"/><W79/><G79/><T56/><D9/><U68/><E90/><V53/><F53/><W86/><G2/><T106/><D58/><U11/><E68/><V131/><F131/><W1/><G1/><T76/><D76/><N who="1" m="46311" /><E11/><V123/><F123/><W64/><G5/><T36/><D36/><U25/><E44/><V101/><F101/><W93/><G8/><T41/><D41/><U20/><E43/><V3/><F3/><W69/><G69/><T30/><D30/><U92/><E88/><V109/><F109/><W129/><G129/><T81/><D81/><RYUUKYOKU ba="1,1" sc="151,15,255,-15,176,15,408,-15" hai0="17,18,55,56,57,61,62,99,102,106" hai2="14,19,21,28,31,59,60,66,72,78,82,98,100" /><INIT seed="4,2,1,4,3,23" ten="166,240,191,393" oya="0" hai0="3,131,95,104,19,41,90,20,71,124,57,119,134" hai1="102,100,113,2,24,110,127,129,21,86,117,5,47" hai2="28,48,56,45,99,14,40,78,83,79,37,59,84" hai3="9,51,98,65,31,11,106,17,94,72,0,27,66"/><T18/><D119/><U80/><E117/><V62/><F37/><W1/><G72/><T30/><D71/><U87/><E110/><V122/><F122/><W55/><G106/><T54/><D104/><U74/><E129/><V118/><F118/><W7/><G17/><T6/><D41/><U76/><E127/><V115/><F115/><W97/><G1/><T53/><D131/><U89/><E113/><V12/><F28/><W13/><G9/><T60/><D124/><U103/><E47/><V22/><F79/><W33/><G0/><T128/><D128/><U43/><E43/><V25/><F99/><W52/><G98/><T39/><D39/><U111/><E111/><V34/><F34/><W68/><G68/><T58/><D6/><U8/><REACH who="1" step="1"/><E89/><REACH who="1" ten="166,230,191,393" step="2"/><V75/><F45/><W49/><G49/><N who="0" m="30895" /><D134/><U63/><E63/><V26/><F62/><W35/><G51/><T114/><D114/><U10/><E10/><V91/><F40/><W116/><G116/><T105/><D105/><U109/><E109/><V81/><F48/><W46/><G46/><T120/><D120/><U82/><E82/><V15/><REACH who="2" step="1"/><F22/><REACH who="2" ten="166,230,181,393" step="2"/><W29/><G33/><T101/><D20/><U70/><E70/><V61/><F61/><W44/><G35/><T32/><D32/><U67/><E67/><V93/><F93/><W85/><G65/><T132/><D60/><U69/><E69/><V112/><F112/><W38/><G66/><T64/><D64/><U126/><E126/><V121/><F121/><W42/><G38/><T4/><D95/><U73/><E73/><V88/><F88/><RYUUKYOKU ba="2,3" sc="166,-15,230,15,181,15,393,-15" hai1="2,5,8,21,24,74,76,80,86,87,100,102,103" hai2="12,14,15,25,26,56,59,75,78,81,83,84,91" /><INIT seed="5,3,3,1,0,30" ten="151,245,196,378" oya="1" hai0="80,62,44,46,2,14,134,47,95,37,38,45,50" hai1="49,17,92,54,126,53,31,35,100,107,116,118,52" hai2="6,1,75,133,93,129,64,87,10,94,106,72,42" hai3="61,85,73,48,25,4,98,124,132,36,127,24,34"/><U82/><E126/><N who="3" m="48170" /><G73/><T102/><D2/><U51/><E51/><V113/><BYE who="1" /><F106/><W111/><G36/><T12/><D134/><U81/><E81/><V8/><F133/><W32/><G111/><T55/><D38/><U7/><E7/><V70/><F42/><W108/><G108/><T115/><D115/><U117/><E117/><V22/><F113/><W135/><G4/><T131/><D131/><U16/><E16/><V123/><F123/><W63/><G132/><T105/><D105/><U99/><E99/><V101/><F70/><W15/><G15/><N who="0" m="5675" /><D37/><U74/><E74/><V130/><F22/><W43/><G135/><T68/><D68/><U33/><E33/><N who="3" m="12906" /><G85/><T18/><D18/><U97/><E97/><V79/><F72/><W109/><G109/><T58/><D80/><U88/><E88/><V13/><F75/><W0/><G0/><T59/><D62/><N who="3" m="23561" /><G98/><AGARI ba="3,3" hai="44,45,46,47,50,55,58,59,95,98,102" m="5675" machi="98" ten="30,1000,0" yaku="8,1" doraHai="30" who="0" fromWho="3" sc="151,49,245,0,196,0,378,-19" /><INIT seed="6,0,0,5,5,83" ten="200,245,196,359" oya="2" hai0="79,30,19,0,106,102,73,109,66,80,60,69,20" hai1="132,97,95,93,16,124,37,62,14,4,114,7,110" hai2="84,96,6,117,107,2,5,78,77,46,39,88,32" hai3="99,31,92,111,23,125,87,17,57,29,48,86,121"/><V49/><F117/><W58/><G111/><T18/><D109/><U85/><E85/><N who="3" m="32266" /><G125/><T82/><D82/><U81/><E81/><N who="2" m="49167" /><F32/><W90/><G121/><T63/><D0/><U113/><E113/><V101/><F107/><W21/><G21/><T41/><D41/><U47/><E47/><V98/><F39/><W45/><G57/><T1/><D1/><U76/><E76/><N who="2" m="29291" /><F2/><W128/><G58/><T10/><D10/><U27/><E27/><V127/><F127/><W42/><G128/><T53/><D53/><U9/><E9/><V28/><F28/><W15/><AGARI ba="0,0" hai="15,17,23,29,31,42,45,48,90,92,99" m="32266" machi="15" ten="30,7900,0" yaku="8,1,52,3" doraHai="83" who="3" fromWho="3" sc="200,-20,245,-20,196,-39,359,79" /><INIT seed="7,0,0,1,4,89" ten="180,225,157,438" oya="3" hai0="83,21,115,27,77,116,102,59,12,122,86,53,130" hai1="14,113,42,125,79,55,68,9,133,69,67,33,11" hai2="6,114,65,63,19,56,81,70,5,0,13,54,80" hai3="126,39,98,118,105,97,47,95,74,93,8,31,45"/><W104/><G74/><T15/><D122/><U64/><E64/><V36/><F114/><W108/><G118/><T71/><D116/><U10/><E10/><V73/><F36/><W96/><G8/><T29/><D71/><U76/><E76/><V24/><F0/><W30/><G39/><T112/><D130/><U72/><E72/><V50/><F24/><W78/><G78/><T120/><D120/><U4/><E4/><V3/><F3/><W49/><G49/><T85/><D102/><U121/><E121/><V127/><F127/><W111/><G97/><T26/><D86/><U94/><E94/><V7/><REACH who="2" step="1"/><F73/><REACH who="2" ten="180,225,147,438" step="2"/><W17/><G17/><T60/><D27/><UN n1="%73%61%69%63%68%61%6E%7A" /><U37/><E37/><V16/><F16/><W32/><G32/><T66/><D112/><U84/><E113/><V131/><F131/><W123/><G123/><T61/><D115/><U23/><E125/><AGARI ba="0,1" hai="30,31,45,47,93,95,96,98,104,105,108,111,125,126" machi="125" ten="25,9600,0" yaku="22,2,52,2" doraHai="89" who="3" fromWho="1" sc="180,0,225,-96,147,0,438,106" owari="180,-2.0,129,-37.1,147,-25.3,544,64.4" /></mjloggm>