<mjloggm ver="2.3"><GO type="169" lobby="0"/><UN n0="%E3%81%99%E3%83%BC%5F%E9%88%B4%E6%9C%A8%E6%B5%A9%E5%B9%B3" n1="%72%75%69%6E%65%76%65%72" n2="%E3%83%95%E3%82%AF%E3%83%AD%E3%82%A6%E3%82%B5%E3%83%B3" n3="%74%61%6B%65%2D%79%6F%75" dan="16,16,17,17" rate="2096.23,2099.92,2186.22,2235.53" sx="M,M,F,M"/><TAIKYOKU oya="0"/><INIT seed="0,0,0,3,5,89" ten="250,250,250,250" oya="0" hai0="86,121,67,126,76,46,117,17,90,82,14,99,114" hai1="84,131,58,62,81,55,98,12,78,120,32,23,53" hai2="5,4,38,30,135,6,71,118,74,15,106,44,113" hai3="16,66,112,116,49,85,39,50,134,65,11,56,60"/><T77/><D114/><U108/><E120/><V96/><F113/><W35/><G112/><T105/><D121/><U92/><E32/><V51/><F38/><W109/><G116/><T110/><D117/><U48/><E108/><V107/><F118/><W41/><G35/><T68/><D126/><U95/><E131/><V125/><F74/><W91/><G134/><T104/><D110/><U80/><E80/><V2/><F2/><W19/><G109/><T40/><D67/><U13/><E23/><V57/><F71/><W130/><G130/><T100/><D105/><U34/><E34/><V64/><F135/><W59/><G39/><T52/><D68/><U133/><E133/><V72/><F72/><W115/><G115/><T9/><REACH who="0" step="1"/><D52/><REACH who="0" ten="240,250,250,250" step="2"/><U73/><E53/><V94/><F107/><W36/><G65/><T132/><D132/><U18/><E62/><V43/><F106/><W111/><G111/><T42/><D42/><U69/><E69/><V83/><F125/><W0/><G66/><T93/><D93/><U1/><E95/><V47/><F64/><W122/><G122/><T87/><D87/><U24/><E73/><V70/><F70/><W128/><G85/><T25/><D25/><U102/><E24/><V10/><F57/><W31/><G59/><T75/><D75/><U21/><E58/><V3/><F94/><W61/><G56/><T103/><D103/><U20/><E55/><V22/><F43/><W27/><G41/><T28/><D28/><U33/><E102/><V88/><F30/><W54/><G31/><T63/><D63/><U101/><E101/><RYUUKYOKU ba="0,1" sc="240,30,250,-10,250,-10,250,-10" hai0="9,14,17,40,46,76,77,82,86,90,99,100,104" /><INIT seed="0,1,1,1,4,16" ten="270,240,240,240" oya="0" hai0="54,26,43,95,121,119,84,32,28,87,89,52,25" hai1="23,91,92,41,80,128,7,24,30,53,118,48,64" hai2="81,120,107,2,94,102,132,129,56,114,12,79,123" hai3="27,63,29,35,124,78,42,82,100,4,97,6,106"/><T57/><D121/><U134/><E134/><V135/><F2/><W99/><G124/><T22/><D119/><U98/><E128/><V77/><F56/><W115/><G115/><T9/><D43/><U125/><E118/><V75/><F12/><W126/><G126/><T13/><D84/><U127/><E41/><V60/><F60/><W40/><G97/><T117/><D117/><U51/><E64/><V86/><F114/><W90/><G90/><T11/><D13/><U71/><E71/><V73/><F129/><W88/><G40/><T59/><D59/><U103/><E7/><V19/><F19/><W31/><G31/><T65/><D65/><U38/><E38/><V47/><F47/><W72/><G42/><T8/><REACH who="0" step="1"/><D57/><REACH who="0" ten="260,240,240,240" step="2"/><U101/><E125/><V108/><F123/><W15/><G15/><T58/><D58/><U105/><E127/><V3/><F3/><W83/><G63/><T14/><D14/><U1/><E1/><V34/><F120/><W50/><G50/><T116/><D116/><U133/><E51/><V113/><F113/><W130/><G130/><T62/><D62/><U44/><E48/><V131/><F131/><W21/><REACH who="3" step="1"/><G35/><REACH who="3" ten="260,240,240,230" step="2"/><T36/><D36/><U96/><E53/><V20/><F34/><W112/><G112/><T46/><D46/><U122/><E44/><V110/><F135/><W61/><G61/><T85/><D85/><AGARI ba="1,3" hai="4,6,21,27,29,72,78,82,83,85,88,99,100,106" machi="85" ten="40,8000,1" yaku="1,1,52,1,54,1,53,1" doraHai="16" doraHaiUra="74" who="3" fromWho="0" sc="260,-83,240,0,240,0,230,113" /><INIT seed="1,0,0,4,2,49" ten="177,240,240,343" oya="1" hai0="43,89,5,76,12,29,127,3,24,33,13,62,69" hai1="90,30,99,82,4,61,36,96,48,83,100,41,11" hai2="56,126,119,103,45,0,130,22,50,8,78,116,95" hai3="27,85,133,64,104,117,70,19,114,20,124,77,60"/><U97/><E36/><V125/><F78/><W118/><G114/><T91/><D127/><N who="2" m="48650" /><F22/><W123/><G124/><T93/><D76/><U6/><E100/><V39/><F103/><W128/><G123/><T101/><D43/><U84/><E30/><V108/><F95/><W75/><G104/><T74/><D74/><U71/><E71/><V132/><F8/><W113/><G113/><T94/><D101/><U52/><E41/><N who="2" m="22719" /><F0/><W17/><G75/><T122/><D122/><U63/><E83/><V34/><F34/><W67/><G77/><T40/><D3/><U37/><E37/><V10/><F10/><W80/><G80/><T120/><D5/><N who="1" m="2155" /><E11/><V87/><F87/><W26/><G85/><T32/><D32/><U65/><E65/><V55/><F108/><W15/><G20/><T42/><D33/><U109/><E109/><V81/><F81/><W21/><G21/><T38/><D120/><U72/><E72/><V58/><F132/><W31/><G133/><T121/><D121/><U134/><E134/><V47/><F130/><W35/><G128/><T68/><D29/><U66/><E66/><V44/><F44/><AGARI ba="0,0" hai="44,48,52,61,63,82,84,90,96,97,99" m="2155" machi="44" ten="30,5800,0" yaku="8,1,52,1,54,1" doraHai="49" who="1" fromWho="2" sc="177,0,240,58,240,-58,343,0" /><INIT seed="1,1,0,5,4,32" ten="177,298,182,343" oya="1" hai0="127,110,7,55,74,132,118,126,84,92,70,88,114" hai1="135,95,40,69,50,90,41,24,38,106,6,23,93" hai2="131,85,8,96,42,128,121,60,51,43,91,80,111" hai3="83,63,18,78,115,35,65,13,16,62,87,120,102"/><U104/><E38/><V67/><F121/><W3/><G115/><T11/><D114/><U53/><E69/><V119/><F119/><W9/><G120/><T99/><D118/><U116/><E116/><V105/><F111/><W49/><G35/><T5/><D110/><U58/><E135/><V4/><F105/><W54/><G102/><T124/><D132/><U17/><E106/><V20/><F96/><W109/><G109/><T44/><D74/><U25/><E104/><V15/><F20/><W103/><G103/><N who="0" m="60903" /><D70/><U0/><E25/><V100/><F100/><W77/><G3/><N who="0" m="447" /><D7/><U28/><E28/><V72/><F72/><W36/><G36/><T86/><D86/><U47/><E90/><V101/><F101/><W29/><G29/><T108/><D108/><U22/><E22/><V133/><F133/><W82/><G18/><T89/><D84/><U45/><E41/><V19/><F19/><W30/><G30/><T66/><D66/><U73/><E73/><V61/><F61/><W79/><G65/><T130/><D130/><N who="2" m="49706" /><F51/><AGARI ba="1,0" hai="44,51,55,88,89,124,126,127" m="447,60903" machi="51" ten="30,3900,0" yaku="18,1,52,1,54,1" doraHai="32" who="0" fromWho="2" sc="177,42,298,0,182,-42,343,0" /><INIT seed="2,0,0,0,4,101" ten="219,298,140,343" oya="2" hai0="14,38,40,116,67,122,125,47,57,131,71,134,99" hai1="30,94,115,36,52,50,24,112,127,76,65,81,21" hai2="56,119,102,31,2,55,58,49,77,11,22,78,61" hai3="53,133,18,4,109,96,33,89,7,37,12,132,35"/><V82/><F119/><W27/><G37/><T59/><D116/><U8/><E36/><V6/><F102/><W20/><G53/><T118/><D118/><U86/><E127/><V107/><F107/><W29/><G89/><T62/><D122/><U13/><E65/><V34/><F34/><N who="3" m="12811" /><G96/><T130/><D99/><U90/><E8/><V19/><F31/><W15/><G109/><T39/><D14/><N who="3" m="5161" /><G29/><T100/><D100/><U42/><E13/><V111/><F111/><W48/><G48/><N who="0" m="26727" /><D134/><AGARI ba="0,0" hai="4,7,18,20,27,132,133,134" m="5161,12811" machi="134" ten="30,3900,0" yaku="20,1,34,2" doraHai="101" who="3" fromWho="0" sc="219,-39,298,0,140,0,343,39" /><INIT seed="3,0,0,2,5,78" ten="180,298,140,382" oya="3" hai0="42,79,4,124,61,66,38,30,129,73,12,53,18" hai1="46,103,96,88,85,93,130,55,77,29,101,0,44" hai2="119,54,80,2,37,95,26,86,68,87,81,123,90" hai3="105,9,17,99,57,133,31,134,67,49,104,89,74"/><W45/><G31/><T36/><D129/><U23/><E0/><V21/><F119/><W63/><G74/><T62/><D4/><U40/><E130/><V27/><F37/><W28/><G28/><T109/><D30/><U52/><E77/><N who="2" m="46351" /><F68/><W22/><G9/><T122/><D122/><U91/><E29/><N who="2" m="17615" /><F2/><W92/><G133/><T6/><D6/><U98/><E23/><V24/><F123/><W56/><G56/><T32/><D32/><U59/><E40/><V75/><F75/><W65/><G67/><T14/><D42/><U48/><E98/><N who="2" m="57719" /><F54/><W132/><G132/><T113/><D53/><U8/><E8/><V3/><F3/><W131/><G131/><T114/><D38/><U72/><E72/><V5/><F5/><W116/><G116/><T115/><D36/><U84/><E96/><V41/><F41/><W110/><G134/><T127/><D109/><U20/><E20/><V33/><F33/><W16/><G22/><N who="0" m="11591" /><D14/><U64/><E64/><V34/><F34/><W25/><G65/><T19/><D19/><U112/><E112/><V58/><F58/><W102/><G57/><N who="0" m="37167" /><D62/><N who="1" m="36199" /><E44/><V97/><F97/><W118/><G99/><T82/><AGARI ba="0,0" hai="73,79,82,113,114,115,124,127" m="37167,11591" machi="82" ten="40,2700,0" yaku="11,1,52,1" doraHai="78" who="0" fromWho="0" sc="180,27,298,-7,140,-7,382,-13" /><INIT seed="4,0,0,3,4,87" ten="207,291,133,369" oya="0" hai0="130,100,64,43,16,134,109,52,80,92,14,8,75" hai1="41,122,0,93,23,51,99,119,57,27,54,98,83" hai2="49,44,19,120,103,74,135,46,132,113,65,110,31" hai3="124,90,2,50,22,72,111,39,123,116,7,9,89"/><T30/><D134/><U3/><E119/><V13/><F110/><W108/><G39/><T53/><D109/><U67/><E122/><V114/><F74/><W10/><G116/><T105/><D105/><U102/><E41/><V104/><F31/><W17/><G72/><T60/><D130/><U5/><E5/><V95/><F104/><W21/><G124/><T62/><D43/><U69/><E83/><V6/><F6/><W86/><G123/><T82/><D30/><U71/><E99/><V29/><F29/><W125/><G125/><T33/><D33/><U38/><E38/><V11/><F120/><W126/><G126/><T35/><D35/><U91/><E102/><V85/><F65/><W70/><G70/><T106/><D106/><U68/><REACH who="1" step="1"/><E67/><REACH who="1" ten="207,281,133,369" step="2"/><V20/><F103/><W76/><G7/><T58/><D80/><U84/><E84/><V127/><F127/><W78/><G86/><T28/><D82/><U112/><E112/><V133/><F114/><W96/><G96/><T1/><D64/><U97/><E97/><V115/><F115/><W79/><G111/><T59/><D75/><U121/><E121/><V129/><F113/><W61/><G108/><T25/><D1/><U26/><E26/><V45/><F129/><W36/><G2/><T48/><D100/><U56/><E56/><V12/><F85/><W40/><G40/><T15/><D25/><U128/><E128/><V37/><F37/><W73/><G36/><T77/><D59/><U117/><E117/><V18/><F95/><W24/><G73/><T47/><D92/><U42/><E42/><AGARI ba="0,1" hai="11,12,13,18,19,20,42,44,45,46,49,132,133,135" machi="42" ten="40,2600,0" yaku="6,1,20,1" doraHai="87" who="2" fromWho="1" sc="207,0,281,-26,133,36,369,0" /><INIT seed="5,0,0,3,2,93" ten="207,255,169,369" oya="1" hai0="89,33,55,64,45,35,101,6,58,43,18,29,47" hai1="86,59,71,60,88,106,114,134,3,130,81,76,68" hai2="40,38,123,14,63,26,36,79,39,10,124,51,37" hai3="11,67,105,118,1,4,103,61,75,127,19,5,78"/><U41/><E3/><V12/><F123/><W84/><G127/><T20/><D64/><U2/><E2/><V50/><F124/><W112/><G112/><T31/><D101/><U25/><E106/><V82/><F12/><W113/><G113/><T120/><D6/><U90/><E114/><V0/><F0/><W95/><G118/><T44/><D120/><U117/><E117/><V107/><F107/><W24/><G4/><T66/><D66/><U111/><E130/><V22/><F63/><W56/><G75/><T99/><D43/><U74/><E134/><V72/><N who="2" m="9216" /><DORA hai="119" /><V100/><F100/><W53/><G105/><T9/><D9/><U80/><E111/><V132/><F40/><W54/><G78/><T57/><D35/><U7/><E41/><V69/><F69/><W115/><G115/><T70/><D70/><U108/><E108/><V98/><F98/><W30/><G19/><T122/><D122/><U126/><E126/><V135/><F135/><W92/><G92/><N who="0" m="56719" /><D33/><U97/><E7/><V27/><F27/><W102/><G103/><T110/><D110/><U73/><E25/><V42/><F42/><W8/><G8/><T125/><D125/><U104/><E73/><V28/><REACH who="2" step="1"/><F132/><REACH who="2" ten="207,255,159,369" step="2"/><W32/><G1/><T15/><D58/><U87/><E104/><V131/><F131/><W17/><G56/><T21/><D21/><U48/><E97/><V65/><F65/><W116/><G67/><T23/><D23/><U62/><E62/><AGARI ba="0,1" hai="15,18,20,29,31,44,45,47,55,57,62" m="56719" machi="62" ten="30,2000,0" yaku="8,1,52,1" doraHai="93,119" who="0" fromWho="1" sc="207,30,255,-20,159,0,369,0" /><INIT seed="6,0,0,1,4,123" ten="237,235,159,369" oya="2" hai0="127,113,66,99,63,67,47,73,28,71,108,97,128" hai1="27,38,95,30,55,104,102,70,115,91,129,82,19" hai2="85,78,75,126,34,132,88,23,5,121,134,33,53" hai3="49,87,11,96,4,105,114,61,15,65,26,68,83"/><V81/><F121/><W32/><G114/><T110/><D73/><U111/><E70/><V60/><F126/><W94/><G49/><T133/><D113/><U62/><E38/><V118/><F118/><W31/><G94/><T9/><D127/><U92/><E115/><V79/><F5/><W109/><G109/><T117/><D117/><U21/><E129/><V89/><F23/><W69/><G69/><T6/><D128/><U14/><E104/><V0/><F0/><W41/><G41/><T48/><D28/><U112/><E112/><V90/><F78/><W72/><G72/><T64/><D133/><N who="2" m="51306" /><F75/><W77/><G105/><T101/><D63/><U74/><E102/><V3/><F3/><W130/><G130/><T52/><D71/><U7/><E7/><V124/><F124/><W120/><G120/><T35/><D35/><N who="2" m="13322" /><F60/><W37/><G61/><T76/><D76/><U93/><E74/><N who="2" m="43255" /><F53/><W24/><G77/><T119/><D119/><U80/><E91/><V100/><F100/><W106/><G4/><T22/><D22/><U54/><E62/><V58/><F58/><W40/><G68/><T13/><REACH who="0" step="1"/><D101/><REACH who="0" ten="227,235,159,369" step="2"/><U16/><E30/><V25/><F25/><W8/><G26/><T98/><AGARI ba="0,1" hai="6,9,13,47,48,52,64,66,67,97,98,99,108,110" machi="98" ten="30,12000,2" yaku="1,1,2,1,0,1,52,2,54,1,53,0" doraHai="123" doraHaiUra="103" who="0" fromWho="0" sc="227,130,235,-30,159,-60,369,-30" /><INIT seed="7,0,0,2,3,71" ten="357,205,99,339" oya="3" hai0="115,31,36,51,40,81,94,63,37,49,70,65,69" hai1="134,129,93,110,59,10,50,27,108,127,56,23,17" hai2="104,3,135,33,86,13,106,47,5,73,48,18,41" hai3="66,114,87,54,133,82,0,20,80,74,117,62,12"/><W128/><G117/><T84/><D115/><U26/><E129/><V131/><F131/><W77/><G128/><T105/><D105/><U14/><E134/><V64/><F135/><W119/><G133/><T43/><D31/><U22/><E127/><V53/><F73/><W125/><G119/><T78/><D70/><U100/><E110/><V67/><F33/><W76/><G0/><T122/><D122/><U11/><E108/><V123/><F123/><W113/><G125/><T109/><D109/><U130/><E130/><V60/><F3/><W126/><G126/><T68/><D68/><U85/><E10/><V46/><F106/><W34/><G34/><T15/><D49/><U112/><E112/><N who="3" m="43114" /><G54/><T16/><D94/><U4/><E50/><V1/><F1/><W101/><G101/><T57/><D57/><U9/><E9/><V79/><F104/><W19/><G62/><T28/><D28/><N who="1" m="17495" /><E100/><V42/><F5/><W102/><G102/><T52/><D52/><U39/><E39/><N who="2" m="21823" /><F18/><W120/><G120/><T98/><D98/><U132/><E132/><V25/><F25/><W118/><G118/><T32/><D32/><U8/><E8/><V92/><F13/><W7/><G7/><T107/><D107/><U97/><E97/><V99/><F99/><W35/><G35/><T44/><D40/><U29/><E4/><V55/><F79/><W88/><G76/><T75/><D75/><U72/><E72/><V30/><F30/><W83/><G82/><T45/><D45/><U103/><E103/><V96/><F96/><W95/><G83/><T58/><D69/><RYUUKYOKU ba="0,0" sc="357,10,205,10,99,-30,339,10" hai0="15,16,36,37,43,44,51,58,63,65,78,81,84" hai1="11,14,17,23,27,29,56,59,85,93" hai3="12,19,20,66,74,77,80,87,88,95" /><INIT seed="7,1,0,3,5,100" ten="367,215,69,349" oya="3" hai0="87,88,30,7,123,34,77,79,2,17,93,114,46" hai1="20,48,49,58,96,98,12,67,33,16,61,28,133" hai2="129,36,72,44,71,122,13,50,59,70,127,89,37" hai3="24,4,109,134,94,63,52,113,124,99,84,35,31"/><W105/><G113/><T39/><D123/><U22/><E133/><V45/><F89/><W19/><G124/><T116/><D116/><U101/><E33/><V75/><F13/><W69/><G109/><T80/><D114/><U74/><E74/><V53/><F127/><W128/><G128/><T23/><D34/><U104/><REACH who="1" step="1"/><E98/><REACH who="1" ten="367,205,69,349" step="2"/><V135/><F135/><W65/><G134/><T11/><D30/><U85/><E85/><V56/><F129/><W108/><G108/><T76/><D39/><N who="2" m="14922" /><F75/><W106/><G84/><T119/><D119/><U14/><E14/><V64/><F72/><W110/><G110/><T32/><D32/><U66/><E66/><V38/><N who="2" m="14930" /><V111/><DORA hai="54" /><F111/><W86/><G86/><T68/><D87/><U9/><E9/><V132/><F132/><W126/><G126/><T90/><D11/><U112/><E112/><V125/><F125/><W5/><G31/><T6/><D2/><U1/><E1/><V27/><F27/><AGARI ba="1,1" hai="12,16,20,22,27,28,48,49,58,61,67,96,101,104" machi="27" ten="40,12000,2" yaku="1,1,52,2,54,1,53,2" doraHai="100,54" doraHaiUra="130,18" who="1" fromWho="2" sc="367,0,205,133,69,-123,349,0" owari="367,46.7,338,-6.2,-54,-55.4,349,14.9" /></mjloggm>