<mjloggm ver="2.3"><GO type="169" lobby="0"/><UN n0="%41%4C%50%45%52%49%4E" n1="%E6%B8%85%E5%A4%9C%E6%82%A0%E6%82%A0" n2="%E5%BD%A1%E4%B9%9D%E4%B9%9D" n3="%E8%80%81%E6%A5%BD" dan="16,16,16,17" rate="2179.45,2049.27,2077.96,2177.78" sx="M,F,F,M"/><TAIKYOKU oya="0"/><INIT seed="0,0,0,5,1,96" ten="250,250,250,250" oya="0" hai0="14,0,68,94,26,75,1,50,113,54,36,23,102" hai1="40,31,65,111,108,66,119,46,12,125,10,22,121" hai2="109,63,17,76,106,110,71,95,32,59,78,16,82" hai3="89,34,37,19,29,8,61,132,9,116,3,57,120"/><T104/><D36/><U48/><E119/><V11/><F106/><W44/><G116/><T81/><D68/><U86/><E121/><V83/><F71/><W56/><G34/><T133/><D113/><U85/><E125/><V91/><F32/><W28/><G132/><T18/><D104/><U112/><E112/><V107/><F107/><W90/><G3/><T41/><D41/><U64/><E31/><V130/><F130/><W101/><G19/><N who="2" m="7241" /><F11/><W98/><G98/><T24/><D133/><U55/><E22/><V93/><F93/><W114/><G114/><T115/><D115/><U77/><E55/><N who="2" m="34303" /><F110/><N who="1" m="42025" /><E77/><N who="2" m="29803" /><F109/><W80/><G37/><T79/><D0/><U100/><E100/><V39/><F39/><W128/><G128/><T73/><D1/><U52/><E40/><V43/><F43/><W5/><G61/><T67/><D75/><U129/><E129/><V127/><F127/><W69/><G69/><T74/><D73/><U4/><AGARI ba="0,0" hai="4,10,12,46,48,52,64,65,66,85,86" m="42025" machi="4" ten="30,2000,0" yaku="14,1,54,1" doraHai="96" who="1" fromWho="1" sc="250,-10,250,20,250,-5,250,-5" /><INIT seed="1,0,0,4,4,56" ten="240,270,245,245" oya="1" hai0="107,73,102,60,50,12,13,70,0,94,76,117,4" hai1="116,26,134,133,41,129,100,86,3,54,114,43,69" hai2="40,14,6,115,78,81,5,64,90,84,88,132,65" hai3="83,71,53,18,130,47,104,106,92,44,51,126,124"/><U42/><E3/><V72/><F132/><N who="1" m="50793" /><E100/><V91/><F115/><W135/><G135/><T38/><D117/><U21/><E114/><V110/><F110/><W19/><G71/><T59/><D107/><U30/><E116/><V87/><F40/><W55/><G92/><T35/><D35/><U11/><E129/><V25/><F25/><W122/><G51/><T45/><D0/><U113/><E113/><V37/><F37/><W98/><G98/><T128/><D128/><U34/><E11/><V10/><F5/><W96/><G96/><N who="0" m="59671" /><D4/><U36/><E69/><V109/><F109/><W9/><G130/><T17/><D73/><U66/><E66/><V52/><F65/><W46/><G83/><T119/><D119/><U77/><E54/><N who="3" m="20490" /><G9/><T111/><D70/><U101/><E101/><V89/><F64/><W125/><G122/><T123/><D123/><U49/><E49/><V33/><F33/><W22/><G22/><T68/><D50/><U29/><E36/><V80/><REACH who="2" step="1"/><F52/><REACH who="2" ten="240,270,235,245" step="2"/><W120/><G120/><T48/><D38/><U97/><E34/><V103/><F103/><W85/><G126/><T105/><D111/><U24/><E24/><V108/><F108/><W99/><G125/><T118/><D48/><U112/><E112/><V8/><F8/><W82/><G124/><T39/><D118/><U15/><E26/><V79/><F79/><N who="3" m="46303" /><G106/><T67/><D39/><U27/><E27/><V61/><F61/><W31/><G31/><T7/><D68/><U131/><E131/><V58/><F58/><W62/><G62/><T57/><D60/><U75/><E30/><RYUUKYOKU ba="0,1" sc="240,-15,270,-15,235,15,245,15" hai2="6,10,14,72,78,80,81,84,87,88,89,90,91" hai3="18,19,44,46,47,99,104" /><INIT seed="2,1,1,0,0,106" ten="225,255,250,260" oya="2" hai0="109,98,125,92,44,17,104,12,23,69,111,39,49" hai1="116,24,110,53,112,45,74,132,91,58,65,2,113" hai2="62,52,61,14,101,117,33,59,102,28,67,41,70" hai3="40,36,3,134,30,127,54,119,115,124,72,57,66"/><V126/><F117/><W122/><G3/><T114/><D114/><U13/><E2/><V51/><F126/><W100/><G30/><T83/><D125/><N who="3" m="48201" /><G100/><T105/><D69/><U129/><E116/><V7/><F7/><W85/><G85/><T35/><D39/><U86/><E74/><V37/><F14/><W63/><G72/><T5/><D35/><U20/><E110/><N who="0" m="41993" /><D5/><U55/><E129/><V38/><F62/><W89/><G89/><N who="0" m="55567" /><D83/><U27/><E132/><V4/><F4/><W121/><G119/><T80/><D80/><U6/><E113/><V22/><F33/><W34/><G34/><T25/><D25/><U18/><E112/><V64/><F37/><W15/><G15/><T31/><D31/><U97/><E6/><V21/><F28/><W131/><G115/><T26/><D26/><U8/><E27/><V10/><F38/><W120/><G131/><T107/><D107/><U29/><E97/><V99/><F99/><W43/><G134/><T96/><D96/><U48/><E65/><N who="2" m="25163" /><F70/><N who="3" m="42335" /><G36/><T78/><D78/><U123/><E123/><N who="3" m="31490" /><W130/><DORA hai="81" /><G130/><T73/><D73/><U118/><E118/><V133/><F133/><W16/><G16/><T19/><D19/><U93/><REACH who="1" step="1"/><E58/><REACH who="1" ten="225,245,250,260" step="2"/><V56/><F59/><W42/><G57/><T77/><D77/><U50/><E50/><V103/><F51/><W90/><G90/><T46/><D49/><U68/><E68/><V32/><F56/><W84/><G84/><T108/><D108/><U0/><E0/><V9/><F32/><W76/><G76/><T47/><AGARI ba="1,2" hai="12,17,23,44,46,47,104,105" m="55567,41993" machi="47" ten="30,1100,0" yaku="14,1" doraHai="106,81" who="0" fromWho="0" sc="225,34,245,-4,250,-6,260,-4" /><INIT seed="3,0,0,0,3,43" ten="259,241,244,256" oya="3" hai0="131,58,96,13,36,48,10,93,104,8,68,50,56" hai1="32,0,22,83,38,46,135,120,18,60,119,15,12" hai2="40,42,27,2,26,72,39,86,14,118,17,101,91" hai3="63,51,65,62,109,21,108,81,20,69,89,16,9"/><W87/><G62/><T105/><D68/><U47/><E0/><V129/><F2/><W117/><G117/><T5/><D36/><U64/><E120/><V3/><F3/><W73/><G73/><T132/><D132/><U100/><E135/><V61/><F118/><W67/><G67/><T76/><D131/><U79/><E38/><V99/><F72/><W126/><G126/><T121/><D121/><U103/><E32/><V59/><F129/><W95/><G51/><T6/><D76/><U57/><E119/><V111/><F111/><N who="3" m="42571" /><G81/><T34/><D34/><U71/><E71/><V82/><F39/><W19/><G9/><T123/><D123/><U55/><E12/><V7/><F42/><W114/><G114/><T49/><D105/><U52/><E55/><V124/><F40/><W92/><G95/><T110/><D104/><U102/><REACH who="1" step="1"/><E64/><REACH who="1" ten="259,231,244,256" step="2"/><V133/><F133/><W35/><G35/><T74/><D110/><U134/><E134/><V88/><F124/><W66/><G65/><T70/><D70/><U11/><E11/><V24/><F14/><W85/><G85/><AGARI ba="0,1" hai="15,18,22,46,47,52,57,60,79,83,85,100,102,103" machi="85" ten="40,12000,2" yaku="1,1,8,1,52,2,54,1,53,1" doraHai="43" doraHaiUra="78" who="1" fromWho="3" sc="259,0,231,130,244,0,256,-120" /><INIT seed="4,0,0,5,2,19" ten="259,361,244,136" oya="0" hai0="63,51,111,120,56,55,112,102,15,33,53,50,40" hai1="71,76,18,66,20,23,106,68,100,108,48,42,43" hai2="67,38,83,27,125,35,84,39,52,88,79,127,6" hai3="31,11,118,9,14,116,117,26,29,28,122,134,129"/><T109/><D112/><U12/><E108/><N who="0" m="41545" /><D33/><U85/><E106/><V133/><F67/><W0/><G122/><T16/><D120/><U2/><E2/><V101/><F133/><W104/><G104/><T4/><D4/><U86/><E100/><V82/><F101/><W90/><G90/><T128/><D128/><U34/><E34/><V17/><F6/><N who="3" m="1223" /><G134/><T74/><D74/><U36/><E36/><V32/><F39/><W92/><G92/><T98/><D40/><U73/><E73/><V61/><F38/><W65/><G65/><T30/><D30/><U59/><E71/><V114/><F114/><W95/><G95/><N who="0" m="58719" /><D55/><U22/><E68/><V103/><F103/><W7/><G129/><T132/><D132/><U75/><E75/><V41/><F41/><N who="1" m="15369" /><E76/><V123/><F123/><W131/><G131/><T105/><D105/><U87/><E66/><V44/><F32/><AGARI ba="0,0" hai="7,11,14,26,28,29,31,32,116,117,118" m="1223" machi="32" ten="30,2000,0" yaku="34,2" doraHai="19" who="3" fromWho="2" sc="259,0,361,0,244,-20,136,20" /><INIT seed="5,0,0,4,3,38" ten="259,361,224,156" oya="1" hai0="71,34,96,123,76,37,74,31,48,106,23,11,118" hai1="12,120,58,104,32,85,61,79,7,36,80,108,86" hai2="27,100,63,43,66,114,54,88,93,99,17,9,28" hai3="95,135,117,119,115,112,29,107,110,10,128,52,57"/><U14/><E120/><V22/><F54/><W72/><G107/><T45/><D118/><N who="3" m="45065" /><G72/><T8/><D71/><U67/><E104/><V103/><F114/><N who="3" m="43563" /><G110/><T6/><D34/><U50/><E36/><V81/><F81/><W91/><G29/><T33/><D33/><U19/><E32/><V98/><F98/><N who="3" m="57727" /><G10/><T41/><D11/><U51/><E108/><V125/><F125/><W87/><G87/><T18/><D31/><U24/><E85/><V13/><REACH who="2" step="1"/><F43/><REACH who="2" ten="259,361,214,156" step="2"/><W73/><G73/><T97/><D74/><U116/><E116/><V44/><F44/><W15/><G135/><T92/><D97/><U94/><E80/><V113/><F113/><W83/><G83/><T127/><D96/><U0/><E79/><V102/><F102/><W90/><G90/><T30/><D76/><U121/><E86/><V68/><AGARI ba="0,1" hai="9,13,17,22,27,28,63,66,68,88,93,99,100,103" machi="68" ten="20,8000,1" yaku="1,1,0,1,7,1,54,1,53,1" doraHai="38" doraHaiUra="65" who="2" fromWho="2" sc="259,-20,361,-40,214,90,156,-20" /><INIT seed="6,0,0,0,4,128" ten="239,321,304,136" oya="2" hai0="12,127,64,68,95,72,3,75,114,10,135,13,14" hai1="81,46,105,38,4,69,11,55,129,42,26,87,33" hai2="117,103,52,63,77,21,125,2,9,131,102,88,80" hai3="73,78,48,119,40,97,34,120,20,112,111,15,110"/><V133/><F117/><W49/><G34/><T27/><D114/><U91/><E129/><V16/><F131/><W56/><G112/><T67/><D127/><U8/><E105/><V39/><F39/><W6/><G119/><T37/><D37/><U106/><E106/><V71/><F125/><W43/><G120/><T104/><D104/><U60/><E8/><V134/><F71/><W17/><G97/><T126/><D126/><U84/><E84/><N who="2" m="50183" /><F77/><W132/><G6/><T35/><D95/><U62/><E69/><V74/><F74/><W115/><G115/><T92/><D92/><U70/><E70/><V28/><F28/><W107/><G107/><T7/><D68/><U113/><E113/><V54/><F9/><W100/><G100/><N who="2" m="38441" /><F2/><W96/><G78/><T98/><D72/><U79/><E79/><V121/><F63/><W61/><G73/><T76/><D76/><U23/><E33/><V50/><F50/><W5/><G48/><T1/><D75/><U18/><E55/><V22/><F22/><W65/><G49/><T124/><D1/><AGARI ba="0,0" hai="1,4,11,18,23,26,38,42,46,60,62,81,87,91" machi="1" ten="30,1000,0" yaku="7,1" doraHai="128" who="1" fromWho="0" sc="239,-10,321,10,304,0,136,0" /><INIT seed="7,0,0,1,4,87" ten="229,331,304,136" oya="3" hai0="128,91,34,65,112,61,126,49,88,46,98,119,101" hai1="71,36,66,26,50,27,70,115,35,82,85,21,44" hai2="38,96,19,68,1,108,75,133,127,6,11,121,30" hai3="100,80,23,113,120,20,22,122,63,51,97,79,39"/><W73/><G39/><T105/><D119/><U9/><E36/><V13/><F68/><W67/><G51/><T43/><D126/><U72/><E72/><V109/><F75/><W37/><G37/><T81/><D128/><U54/><E115/><V3/><F96/><W114/><G120/><T64/><D112/><U93/><E93/><V131/><F38/><W48/><G48/><T12/><D34/><U52/><E54/><V28/><F127/><W10/><G10/><T103/><D103/><U89/><E66/><V29/><F133/><W47/><G47/><T135/><D135/><U117/><E117/><V99/><F99/><W18/><G122/><T134/><D134/><U58/><E58/><V95/><F95/><W56/><REACH who="3" step="1"/><G18/><REACH who="3" ten="229,331,304,126" step="2"/><T31/><D31/><U69/><E9/><N who="2" m="6575" /><F121/><W78/><G78/><T60/><D81/><U77/><E77/><V111/><F131/><W110/><G110/><T40/><D40/><U83/><E82/><V92/><F109/><W102/><G102/><T2/><D2/><U53/><E44/><V8/><F111/><W124/><G124/><T94/><D61/><U104/><E50/><V42/><F108/><W90/><G90/><T62/><D62/><U25/><E89/><N who="0" m="34377" /><D60/><U7/><E83/><V125/><F125/><W107/><AGARI ba="0,1" hai="20,22,23,56,63,67,73,79,80,97,100,107,113,114" machi="107" ten="30,3000,0" yaku="1,1,0,1,53,0" doraHai="87" doraHaiUra="132" who="3" fromWho="3" sc="229,-10,331,-10,304,-10,126,40" /><INIT seed="7,1,0,0,3,131" ten="219,321,294,166" oya="3" hai0="7,115,0,39,85,16,135,92,34,13,55,126,104" hai1="119,132,30,93,71,117,48,40,53,68,11,22,17" hai2="72,97,60,27,67,81,107,58,96,46,89,32,64" hai3="105,51,76,24,9,36,98,130,78,73,44,100,2"/><W26/><G130/><T77/><D34/><U70/><E132/><V90/><F107/><W6/><G76/><T41/><D104/><U19/><E40/><V20/><F32/><W15/><G15/><T113/><D126/><U65/><E65/><V37/><F67/><W49/><G49/><T134/><D7/><U5/><E93/><V106/><F106/><W54/><REACH who="3" step="1"/><G36/><REACH who="3" ten="219,321,294,156" step="2"/><T12/><D0/><U91/><E48/><V3/><F3/><W127/><G127/><T88/><D77/><U99/><E119/><V114/><F37/><W18/><G18/><T62/><D12/><U121/><E19/><V25/><F27/><W1/><G1/><T8/><D39/><U69/><E17/><V80/><F25/><W124/><G124/><T14/><D13/><U57/><E117/><V123/><F123/><W35/><G35/><T86/><D41/><U31/><E121/><V28/><F28/><W52/><G52/><T4/><D4/><U101/><E5/><V95/><F64/><W47/><G47/><T103/><D103/><U63/><E101/><V120/><F120/><W23/><G23/><T109/><D109/><U43/><E22/><V21/><F20/><W79/><G79/><T33/><D33/><U83/><E43/><V82/><F21/><W84/><G84/><T66/><D86/><N who="1" m="50655" /><E11/><V56/><F46/><W129/><G129/><T133/><D55/><U45/><E45/><V108/><F108/><W118/><G118/><T59/><AGARI ba="1,1" hai="8,14,16,59,62,66,85,88,92,113,115,133,134,135" machi="59" ten="40,12000,2" yaku="0,1,20,1,52,3,54,2" doraHai="131" who="0" fromWho="0" sc="219,133,321,-31,294,-31,156,-61" owari="352,45.2,290,9.0,263,-13.7,95,-40.5" /></mjloggm>