<mjloggm ver="2.3"><GO type="169" lobby="0"/><UN n0="%E3%81%97%E3%82%87%E3%81%BC%E3%82%93%EF%BD%8E" n1="%E6%AD%A3%E6%B0%A3%E5%8D%81%E8%B6%B3" n2="%E3%83%99%E3%83%AA%E3%83%B3%E3%83%80" n3="%E3%83%91%E3%83%BC%E3%83%A9%E3%83%A1%E3%83%B3%E3%83%88" dan="17,16,17,16" rate="2262.23,2093.42,2193.28,2211.97" sx="M,M,M,M"/><TAIKYOKU oya="0"/><INIT seed="0,0,0,2,1,45" ten="250,250,250,250" oya="0" hai0="11,36,119,70,23,59,25,111,61,80,125,68,93" hai1="12,16,85,8,60,128,96,115,120,110,126,98,99" hai2="57,49,10,113,0,54,53,132,1,134,41,92,117" hai3="56,74,79,131,35,71,14,90,112,29,9,105,86"/><T26/><D119/><U67/><E120/><V107/><F107/><W3/><G71/><T43/><D125/><U81/><E126/><V52/><F113/><W75/><G105/><T19/><D111/><U46/><E110/><V40/><F117/><W129/><G3/><N who="2" m="1097" /><F10/><W5/><G112/><T114/><D114/><U109/><E128/><N who="3" m="49226" /><G79/><T121/><D121/><U83/><E115/><V37/><F92/><N who="3" m="54359" /><G56/><T7/><D80/><U82/><E109/><V55/><F37/><W4/><G4/><T2/><D93/><U63/><E46/><V97/><F97/><W6/><G6/><T88/><D36/><U103/><E103/><V28/><F28/><W135/><G135/><AGARI ba="0,0" hai="40,41,49,52,53,54,55,57,132,134,135" m="1097" machi="135" ten="40,5200,0" yaku="20,1,52,1,54,1" doraHai="45" who="2" fromWho="3" sc="250,0,250,0,250,52,250,-52" /><INIT seed="1,0,0,3,1,63" ten="250,250,302,198" oya="1" hai0="101,32,65,50,133,123,44,38,103,75,90,23,135" hai1="35,77,25,126,83,117,105,114,121,20,87,39,47" hai2="62,85,40,21,1,61,98,91,68,72,134,130,125" hai3="107,109,33,113,18,116,19,5,2,111,24,53,8"/><U51/><E114/><V89/><F72/><W43/><G107/><T41/><D32/><U131/><E117/><V48/><F1/><W76/><G76/><T13/><D75/><U82/><E121/><V64/><F130/><W4/><G43/><T73/><D73/><U49/><E105/><V9/><F125/><W31/><G53/><T45/><D123/><U29/><E131/><V93/><F9/><N who="3" m="2199" /><G113/><T128/><D128/><U16/><E126/><V112/><F134/><N who="0" m="51210" /><D90/><U127/><E127/><V34/><F34/><W95/><G95/><T58/><D13/><U67/><E39/><V99/><F112/><W106/><G106/><T122/><D23/><U26/><E82/><V60/><F21/><W118/><G5/><T27/><D27/><U132/><E132/><V81/><F99/><W79/><G79/><T36/><D122/><U54/><REACH who="1" step="1"/><E49/><REACH who="1" ten="250,240,302,198" step="2"/><V110/><F48/><W17/><G8/><T11/><D11/><U129/><E129/><V10/><F10/><W12/><G12/><T46/><D36/><U71/><E71/><V78/><F68/><W119/><AGARI ba="0,1" hai="17,18,19,24,31,33,109,111,116,118,119" m="2199" machi="119" ten="40,5200,0" yaku="12,1,34,2" doraHai="63" who="3" fromWho="3" sc="250,-13,240,-26,302,-13,198,62" /><INIT seed="2,0,0,3,5,37" ten="237,214,289,260" oya="2" hai0="132,77,93,71,127,110,102,4,72,52,3,75,58" hai1="53,22,70,73,74,6,47,94,98,114,38,121,26" hai2="18,84,21,119,12,133,79,62,2,60,50,0,83" hai3="27,107,25,134,43,8,69,87,28,115,122,113,128"/><V101/><F119/><W97/><G69/><T30/><D71/><U135/><E114/><V48/><F101/><N who="3" m="62895" /><G122/><T9/><D110/><U44/><E135/><V130/><F130/><W116/><G116/><T66/><D66/><U63/><E6/><V49/><REACH who="2" step="1"/><F133/><REACH who="2" ten="237,214,279,260" step="2"/><W76/><G134/><T120/><D102/><U123/><E121/><V103/><F103/><W59/><G128/><T1/><D120/><U129/><E129/><V104/><F104/><W61/><G115/><T86/><D132/><U36/><E123/><V126/><F126/><W32/><G113/><T51/><D127/><U41/><E70/><V125/><F125/><W67/><G32/><T15/><D75/><U105/><E105/><V99/><F99/><W39/><G87/><T92/><D72/><U23/><E73/><V109/><F109/><W55/><G76/><T106/><D106/><U33/><E74/><V90/><F90/><W64/><G64/><T13/><D77/><U91/><E98/><V85/><F85/><W19/><G67/><T80/><D86/><U111/><E111/><V68/><F68/><W57/><G57/><T5/><D58/><N who="1" m="35279" /><E91/><V131/><F131/><W108/><G108/><T20/><D92/><U100/><E94/><V89/><F89/><W95/><G95/><T118/><D93/><U24/><E100/><V96/><F96/><W78/><G78/><T11/><D118/><U81/><E81/><V29/><F29/><W16/><G28/><T17/><D80/><U7/><E33/><V88/><F88/><W31/><G31/><T46/><D30/><U117/><E117/><RYUUKYOKU ba="0,1" sc="237,15,214,-15,279,15,260,-15" hai0="1,3,4,5,9,11,13,15,17,20,46,51,52" hai2="0,2,12,18,21,48,49,50,60,62,79,83,84" /><INIT seed="2,1,1,0,0,54" ten="252,199,294,245" oya="2" hai0="16,36,125,86,132,62,63,103,98,95,35,70,26" hai1="47,10,40,71,110,130,11,102,114,68,101,116,111" hai2="80,69,23,29,120,66,48,108,123,44,90,30,60" hai3="134,113,6,0,15,42,93,131,3,20,104,53,112"/><V75/><F108/><N who="1" m="41513" /><E47/><V100/><F100/><N who="1" m="38505" /><E40/><V7/><F7/><W17/><G104/><T124/><D132/><U117/><E130/><V94/><F80/><W12/><G93/><T115/><D35/><U58/><E58/><V128/><F75/><W33/><G53/><T46/><D46/><U118/><E114/><N who="3" m="44138" /><G42/><T119/><D115/><U96/><E96/><V121/><F23/><W67/><G67/><T105/><D98/><U56/><E56/><V55/><REACH who="2" step="1"/><F128/><REACH who="2" ten="252,199,284,245" step="2"/><W38/><G131/><T81/><D105/><U2/><E2/><V135/><F135/><W61/><G0/><T51/><D103/><U39/><E39/><V84/><AGARI ba="1,2" hai="29,30,44,48,55,60,66,69,84,90,94,120,121,123" machi="84" ten="30,3000,0" yaku="1,1,0,1,53,0" doraHai="54" doraHaiUra="13" who="2" fromWho="2" sc="252,-11,199,-11,284,53,245,-11" /><INIT seed="2,2,0,5,0,105" ten="241,188,337,234" oya="2" hai0="127,60,7,101,22,119,133,15,93,106,114,99,95" hai1="30,9,39,18,34,66,59,100,44,132,130,104,36" hai2="83,35,88,69,0,45,135,121,67,57,97,42,76" hai3="41,110,24,131,79,82,102,81,63,92,109,122,1"/><V10/><F35/><W84/><G1/><T126/><D114/><U134/><E100/><V72/><F69/><W27/><G122/><T19/><D133/><U46/><E104/><V29/><F29/><W51/><G131/><T120/><D120/><U11/><E18/><V74/><F121/><W52/><G41/><T5/><D60/><U23/><E23/><V123/><F123/><W75/><G63/><T98/><D119/><U3/><E3/><V113/><F113/><W54/><G54/><T86/><D86/><U91/><E91/><V17/><F135/><W80/><G80/><T55/><D55/><U49/><E30/><V48/><F67/><W2/><G2/><T108/><D108/><N who="3" m="41577" /><G92/><T65/><D65/><U68/><E66/><V85/><F57/><N who="3" m="32927" /><G102/><N who="0" m="60751" /><D106/><U31/><E59/><V129/><F129/><W47/><G47/><T115/><D115/><U28/><E130/><V124/><F124/><AGARI ba="2,0" hai="5,7,15,19,22,95,99,101,124,126,127" m="60751" machi="124" ten="30,1000,0" yaku="18,1" doraHai="105" who="0" fromWho="2" sc="241,16,188,0,337,-16,234,0" /><INIT seed="3,0,0,1,5,134" ten="257,188,321,234" oya="3" hai0="116,35,27,106,19,76,15,53,98,110,77,86,33" hai1="129,127,112,31,108,26,69,85,28,29,49,94,66" hai2="88,81,18,87,125,115,74,1,43,105,62,96,36" hai3="73,100,133,135,59,122,130,111,63,52,11,89,3"/><W79/><G122/><T117/><D110/><U45/><E112/><V9/><F115/><W60/><G111/><T119/><D53/><U103/><E108/><V56/><F74/><W12/><G3/><T97/><D86/><U42/><E129/><V10/><F1/><W68/><G130/><T114/><D114/><U4/><E4/><V107/><F125/><W24/><G100/><T65/><D65/><U39/><E85/><V34/><F34/><W37/><G37/><T101/><D98/><U16/><E127/><V40/><F36/><W113/><G113/><T99/><D99/><U32/><E94/><V21/><F105/><W83/><G24/><T8/><REACH who="0" step="1"/><D27/><REACH who="0" ten="247,188,321,234" step="2"/><U14/><E103/><V25/><F96/><W72/><G72/><T124/><D124/><U23/><REACH who="1" step="1"/><E39/><REACH who="1" ten="247,178,321,234" step="2"/><V57/><F107/><W128/><G128/><T47/><D47/><U95/><E95/><V82/><F82/><W46/><G46/><T121/><D121/><U54/><E54/><V7/><F81/><W126/><G126/><T5/><D5/><U91/><E91/><V22/><F7/><W55/><G89/><T123/><D123/><U13/><E13/><N who="2" m="9423" /><F87/><W131/><G131/><T64/><D64/><U30/><E30/><V2/><F88/><W0/><G0/><T44/><D44/><U50/><E50/><V71/><F2/><W61/><G135/><T90/><D90/><U92/><E92/><V67/><F40/><W41/><G41/><T48/><D48/><U120/><E120/><V51/><F43/><W38/><G38/><T58/><D58/><N who="2" m="22634" /><F51/><W80/><G133/><RYUUKYOKU ba="0,2" sc="247,10,178,10,321,10,234,-30" hai0="8,15,19,33,35,76,77,97,101,106,116,117,119" hai1="14,16,23,26,28,29,31,32,42,45,49,66,69" hai2="9,10,22,25,62,67,71" /><INIT seed="4,1,2,4,2,53" ten="257,188,331,204" oya="0" hai0="128,71,27,117,11,126,52,19,129,45,67,33,111" hai1="62,28,79,40,13,64,29,127,89,84,92,106,72" hai2="112,20,109,86,17,83,34,43,80,36,69,59,50" hai3="61,133,77,115,123,78,120,7,75,87,76,47,113"/><T58/><D117/><U57/><E127/><V91/><F69/><W66/><G7/><T41/><D126/><U32/><E32/><V85/><F34/><W42/><G75/><T60/><D111/><U4/><E40/><V56/><F36/><N who="3" m="21959" /><G87/><T134/><D134/><U30/><E106/><V102/><F102/><W98/><G98/><T95/><D95/><U37/><E37/><V97/><F97/><W54/><G54/><T116/><D116/><U131/><E131/><N who="0" m="50249" /><D11/><N who="1" m="4327" /><E72/><V70/><F70/><N who="3" m="42319" /><G133/><T73/><D73/><U99/><E79/><N who="2" m="46239" /><F109/><W1/><G1/><T21/><D33/><U125/><E125/><V39/><F39/><W100/><G100/><T118/><D118/><U46/><E99/><V74/><F74/><W16/><G16/><T35/><D35/><U14/><E14/><N who="2" m="9271" /><F112/><AGARI ba="1,2" hai="76,77,78,112,113,115,120,123" m="42319,21959" machi="112" ten="30,1000,0" yaku="15,1" doraHai="53" who="3" fromWho="2" sc="257,0,188,0,331,-13,204,33" /><INIT seed="5,0,0,2,0,114" ten="257,188,318,237" oya="1" hai0="104,77,123,45,57,80,93,124,50,59,2,60,118" hai1="41,9,91,110,106,129,107,67,121,127,30,40,20" hai2="25,82,33,18,14,55,84,73,21,105,56,88,47" hai3="108,16,26,28,115,43,130,53,83,81,5,128,37"/><U70/><E121/><V0/><F0/><W12/><G108/><T117/><D104/><U135/><E110/><V131/><F105/><W4/><G115/><T72/><D2/><U89/><E129/><N who="3" m="49770" /><G53/><T68/><D68/><U8/><E70/><V134/><F131/><W122/><G122/><T52/><D123/><U63/><E20/><V133/><F73/><W76/><G43/><T132/><D132/><N who="2" m="50794" /><F47/><W74/><G83/><T6/><D6/><U86/><E135/><V100/><F100/><W61/><G61/><T112/><D112/><U42/><E42/><V92/><F33/><N who="3" m="20631" /><G37/><T90/><D124/><U102/><E102/><V36/><F36/><W99/><G99/><T97/><D57/><U7/><E127/><V38/><F38/><W85/><G74/><T11/><D11/><AGARI ba="0,0" hai="4,5,11,12,16,76,81,85" m="20631,49770" machi="11" ten="30,2000,0" yaku="19,1,54,1" doraHai="114" who="3" fromWho="0" sc="257,-20,188,0,318,0,237,20" /><INIT seed="6,0,0,2,3,17" ten="237,188,318,257" oya="2" hai0="21,27,135,14,38,131,22,25,128,28,30,90,100" hai1="54,109,76,35,24,63,47,85,65,11,55,49,29" hai2="112,101,80,78,99,41,10,122,37,104,67,89,130" hai3="97,73,82,48,107,115,6,12,16,96,102,44,72"/><V26/><F122/><W53/><G115/><T57/><D38/><U134/><E134/><V56/><F112/><W106/><G6/><T88/><D135/><U116/><E116/><V84/><F130/><N who="0" m="49706" /><D100/><U114/><E114/><V50/><F37/><W51/><G82/><T81/><D81/><U93/><E109/><V20/><F10/><W7/><G7/><T83/><D83/><U120/><E120/><V95/><F41/><W77/><G77/><T8/><D57/><U61/><E76/><V69/><F69/><W92/><G51/><T121/><D121/><U62/><E11/><V119/><F119/><W71/><G71/><T118/><D118/><U33/><E54/><V18/><F50/><W64/><G64/><T1/><D1/><U110/><E110/><V60/><REACH who="2" step="1"/><F78/><REACH who="2" ten="237,188,308,257" step="2"/><W34/><G34/><T0/><D0/><U75/><E35/><V108/><F108/><W58/><G58/><T74/><D74/><U46/><E75/><V129/><F129/><W113/><G113/><T86/><D86/><U70/><E46/><V126/><F126/><W123/><G123/><T79/><D79/><U39/><E39/><V133/><F133/><W103/><G107/><AGARI ba="0,1" hai="18,20,26,56,60,67,80,84,89,95,99,101,104,107" machi="107" ten="40,7700,0" yaku="1,1,52,1,53,1" doraHai="17" doraHaiUra="87" who="2" fromWho="3" sc="237,0,188,0,308,87,257,-77" /><INIT seed="6,1,0,1,3,39" ten="237,188,395,180" oya="2" hai0="13,62,55,111,2,23,114,58,61,12,11,31,74" hai1="109,29,37,71,53,28,68,26,101,57,45,91,51" hai2="64,128,113,104,125,56,94,134,4,42,117,123,52" hai3="10,49,82,65,35,118,20,89,133,72,59,60,85"/><V108/><F104/><W66/><G118/><T34/><D111/><U107/><E109/><V76/><F108/><W126/><G35/><T103/><D74/><U131/><E131/><V27/><F117/><W5/><G126/><T77/><D114/><U47/><E28/><V7/><F123/><W119/><G133/><T99/><D77/><U78/><E78/><V80/><F125/><W36/><G36/><T79/><D79/><U0/><E0/><V75/><F113/><W33/><G33/><T84/><D84/><U8/><E101/><V38/><F64/><W14/><G72/><T73/><D2/><U18/><E91/><V41/><F128/><W121/><G121/><T19/><D73/><U127/><E107/><V54/><F134/><W98/><G119/><T46/><D46/><U22/><E47/><V112/><F112/><W67/><G49/><N who="0" m="31087" /><D31/><U70/><E127/><V115/><F115/><W6/><G6/><N who="0" m="3191" /><D34/><U83/><E83/><V40/><F38/><W120/><G120/><T24/><D13/><U17/><REACH who="1" step="1"/><E8/><REACH who="1" ten="237,178,395,180" step="2"/><V9/><F9/><W106/><REACH who="3" step="1"/><G20/><REACH who="3" ten="237,178,395,170" step="2"/><T44/><D23/><U95/><E95/><V81/><F94/><W116/><G116/><T87/><D103/><AGARI ba="1,2" hai="5,10,14,59,60,65,66,67,82,85,89,98,103,106" machi="103" ten="40,1300,0" yaku="1,1,53,0" doraHai="39" doraHaiUra="88" who="3" fromWho="0" sc="237,-16,178,0,395,0,170,36" /><INIT seed="7,0,0,2,2,8" ten="221,178,395,206" oya="3" hai0="30,46,48,23,0,37,115,36,112,94,102,125,96" hai1="95,11,100,13,32,132,124,29,111,15,79,105,70" hai2="10,127,44,49,19,87,78,119,88,25,75,53,74" hai3="116,69,28,57,83,117,64,31,58,59,89,47,128"/><W104/><G104/><T114/><D0/><U54/><E111/><V107/><F107/><W63/><G128/><T5/><D5/><U84/><E70/><V56/><F119/><W110/><G110/><T38/><D125/><U108/><E108/><V90/><F75/><W6/><G6/><T16/><D30/><U93/><E124/><V2/><F74/><W81/><G47/><T18/><D23/><U101/><E132/><V62/><F2/><W43/><G43/><AGARI ba="0,0" hai="16,18,36,37,38,43,46,48,94,96,102,112,114,115" machi="43" ten="50,6400,0" yaku="15,1,11,1,54,1" doraHai="8" who="0" fromWho="3" sc="221,64,178,0,395,0,206,-64" owari="285,8.5,178,-22.2,395,49.5,142,-35.8" /></mjloggm>