<mjloggm ver="2.3"><GO type="169" lobby="0"/><UN n0="%70%61%6E%30%39%30%37" n1="%54%61%62%61%73%63%6F" n2="%E2%80%A0%E7%99%BD%E5%85%8E%E2%80%A0" n3="%E9%81%85%E5%88%BB%E3%81%AE%E3%83%97%E3%83%AA%E3%83%B3%E3%82%B9%E2%99%AA" dan="17,16,17,16" rate="2198.41,2110.63,2210.16,2130.54" sx="M,M,M,F"/><TAIKYOKU oya="0"/><INIT seed="0,0,0,3,4,32" ten="250,250,250,250" oya="0" hai0="12,18,62,43,72,55,5,53,96,61,59,121,134" hai1="119,127,114,9,76,70,38,112,13,23,64,115,36" hai2="90,47,110,113,103,24,84,77,60,133,33,100,28" hai3="95,20,63,106,78,99,0,1,89,130,8,108,37"/><T35/><D121/><U74/><E119/><V6/><F113/><W16/><G37/><T69/><D35/><U132/><E132/><V42/><F110/><W85/><G108/><T97/><D72/><U81/><E127/><V14/><F133/><W82/><G130/><T86/><D134/><U54/><E23/><V120/><F120/><W88/><G106/><T46/><D5/><U122/><E122/><V41/><F77/><W40/><G40/><T111/><D111/><U4/><REACH who="1" step="1"/><E54/><REACH who="1" ten="250,240,250,250" step="2"/><V26/><F33/><W104/><G8/><T34/><D34/><U126/><E126/><V48/><F28/><W129/><G129/><T128/><D128/><U87/><E87/><V30/><F30/><W71/><G104/><T92/><D86/><U45/><E45/><V75/><F47/><W94/><G71/><T125/><D125/><U7/><E7/><V17/><F6/><W101/><G63/><AGARI ba="0,1" hai="4,9,13,36,38,63,64,70,74,76,81,112,114,115" machi="63" ten="40,2600,0" yaku="1,1,11,1,53,0" doraHai="32" doraHaiUra="39" who="1" fromWho="3" sc="250,0,240,36,250,0,250,-26" /><INIT seed="1,0,0,2,4,94" ten="250,276,250,224" oya="1" hai0="44,103,95,55,65,40,85,9,133,77,76,89,113" hai1="67,100,58,62,107,15,29,75,61,30,93,5,134" hai2="129,49,83,47,13,22,54,21,87,74,48,82,135" hai3="116,101,19,10,14,123,38,80,131,0,98,84,68"/><U125/><E107/><V6/><F129/><W32/><G123/><T45/><D113/><U28/><E134/><V69/><F69/><W70/><G131/><T78/><D133/><U106/><E125/><V51/><F74/><W120/><G120/><T92/><D65/><U59/><E106/><V20/><F135/><W12/><G0/><T23/><D23/><U110/><E75/><V3/><F3/><W17/><G38/><T39/><D9/><U119/><E119/><V56/><F49/><W121/><G32/><T25/><D25/><U46/><E46/><V115/><F115/><W57/><G57/><T1/><D1/><U33/><E33/><V111/><F111/><W11/><G116/><T132/><D132/><U86/><E110/><V73/><F73/><W127/><G127/><T64/><D64/><U128/><E128/><V43/><F87/><W124/><G124/><T102/><D55/><U108/><E108/><V53/><F53/><W2/><G2/><T99/><REACH who="0" step="1"/><D44/><REACH who="0" ten="240,276,250,224" step="2"/><U105/><E67/><V16/><F6/><W109/><G121/><T81/><D81/><AGARI ba="0,1" hai="13,16,20,21,22,43,47,48,51,54,56,81,82,83" machi="81" ten="40,2600,0" yaku="8,1,54,1" doraHai="94" who="2" fromWho="0" sc="240,-26,276,0,250,36,224,0" /><INIT seed="2,0,0,2,1,54" ten="214,276,286,224" oya="2" hai0="20,108,104,85,93,4,6,78,19,30,35,49,66" hai1="72,117,56,120,73,47,45,63,5,12,34,114,65" hai2="33,9,10,112,50,40,68,132,26,133,115,91,43" hai3="122,57,21,89,80,23,127,77,59,135,98,86,32"/><V16/><F68/><W48/><G122/><T44/><D104/><U53/><E114/><N who="2" m="43563" /><F91/><W110/><G32/><T24/><D108/><U90/><E117/><V14/><F50/><W83/><G110/><T101/><D66/><U106/><E34/><V116/><F43/><W107/><G127/><T39/><D39/><U61/><E106/><V84/><F84/><N who="3" m="48143" /><G107/><T118/><D118/><U97/><E120/><V123/><F40/><W99/><G135/><N who="2" m="51785" /><F123/><W126/><G126/><T131/><D131/><U82/><E73/><V71/><F71/><W64/><G48/><T27/><D78/><U109/><E72/><V128/><F116/><W102/><G64/><T25/><D85/><N who="1" m="50487" /><E97/><N who="3" m="36874" /><G102/><T75/><D75/><U0/><E0/><V121/><F121/><W38/><G38/><T81/><D81/><U124/><E124/><V88/><F88/><W94/><G83/><T2/><D101/><U46/><E109/><V8/><F128/><W58/><AGARI ba="0,0" hai="21,23,57,58,59,86,89,94" m="36874,48143" machi="58" ten="30,7900,0" yaku="8,1,52,3" doraHai="54" who="3" fromWho="3" sc="214,-20,276,-20,286,-39,224,79" /><INIT seed="3,0,0,3,2,108" ten="194,256,247,303" oya="3" hai0="58,11,41,125,3,120,55,45,110,6,130,14,22" hai1="9,81,52,54,94,30,61,95,131,24,118,66,67" hai2="64,42,51,56,77,69,59,13,78,92,93,99,20" hai3="19,88,46,121,134,71,107,104,47,26,124,85,98"/><W103/><G121/><T122/><D110/><U73/><E131/><V28/><F69/><W72/><G71/><T83/><D130/><U135/><E135/><V38/><F38/><W126/><G72/><T87/><D125/><N who="3" m="48233" /><G104/><T133/><D133/><U132/><E132/><V1/><F1/><W44/><G134/><T27/><D3/><U37/><E37/><V7/><F93/><N who="3" m="54415" /><G47/><T25/><D25/><U49/><E118/><V65/><F42/><W63/><G63/><T116/><D116/><U105/><E105/><V75/><F75/><W40/><G40/><T119/><D119/><U82/><E9/><V32/><F32/><W70/><G70/><T50/><D58/><U31/><E73/><V34/><F34/><W109/><G109/><T0/><D0/><U123/><E24/><V106/><F59/><W91/><G91/><T21/><D21/><AGARI ba="0,0" hai="19,21,26,44,46,98,103,107" m="54415,48233" machi="21" ten="30,2900,0" yaku="18,1,54,1" doraHai="108" who="3" fromWho="0" sc="194,-29,256,0,247,0,303,29" /><INIT seed="3,1,0,5,3,49" ten="165,256,247,332" oya="3" hai0="125,102,101,89,81,76,120,118,31,104,5,24,75" hai1="67,108,107,87,14,84,126,38,90,77,122,58,132" hai2="83,41,94,22,111,114,12,62,129,35,121,47,117" hai3="124,37,68,57,7,119,88,17,40,65,130,106,59"/><W127/><G119/><T45/><D118/><U11/><E122/><V91/><F114/><W43/><G106/><T48/><D120/><U15/><E38/><V30/><F121/><W78/><G78/><T23/><D125/><N who="3" m="48201" /><G7/><T50/><D50/><U70/><E108/><V3/><F3/><W63/><G17/><T99/><D5/><U52/><E107/><V56/><F35/><W1/><G1/><T20/><D101/><U55/><E126/><V82/><F129/><W46/><G130/><T32/><REACH who="0" step="1"/><D89/><REACH who="0" ten="155,256,247,332" step="2"/><U44/><E90/><V96/><F117/><W36/><G88/><T9/><D9/><U53/><E11/><V133/><F111/><W51/><G40/><AGARI ba="1,1" hai="20,23,24,31,32,40,45,48,75,76,81,99,102,104" machi="40" ten="30,2000,0" yaku="1,1,7,1,53,0" doraHai="49" doraHaiUra="85" who="0" fromWho="3" sc="155,33,256,0,247,0,332,-23" /><INIT seed="4,0,0,5,4,73" ten="188,256,247,309" oya="0" hai0="108,130,46,90,91,51,74,134,110,75,76,37,94" hai1="43,38,113,68,52,100,131,102,11,107,127,34,56" hai2="67,30,10,17,78,33,12,66,41,133,126,58,106" hai3="89,22,14,120,16,105,69,4,2,129,64,79,44"/><T118/><D37/><U40/><E34/><V8/><F106/><W62/><G105/><T115/><D118/><U99/><E68/><V19/><F126/><W122/><G129/><T39/><D39/><U87/><E131/><V71/><F71/><W98/><G79/><T83/><D130/><U23/><E127/><V15/><F41/><W20/><G44/><T124/><D124/><U70/><E70/><V35/><F133/><W6/><G2/><T48/><D48/><U81/><E102/><V1/><F1/><W25/><G89/><T27/><D134/><U28/><E11/><V50/><F78/><W47/><G98/><T111/><D115/><U132/><E38/><V65/><F30/><N who="3" m="17703" /><G47/><T72/><D27/><U112/><E23/><V5/><F5/><W93/><G93/><T57/><D57/><U123/><E28/><V32/><REACH who="2" step="1"/><F50/><REACH who="2" ten="188,256,237,309" step="2"/><W7/><G7/><T135/><D135/><U26/><E132/><V29/><F29/><W13/><G4/><T61/><D61/><AGARI ba="0,1" hai="8,10,12,15,17,19,32,33,35,58,61,65,66,67" machi="61" ten="40,2600,0" yaku="1,1,9,1,53,0" doraHai="73" doraHaiUra="121" who="2" fromWho="0" sc="188,-26,256,0,237,36,309,0" /><INIT seed="5,0,0,0,2,15" ten="162,256,273,309" oya="1" hai0="5,65,36,124,52,116,70,4,11,28,112,105,42" hai1="102,0,10,103,1,84,6,22,118,58,49,135,38" hai2="17,96,110,32,107,24,35,131,66,9,87,20,57" hai3="98,41,93,111,121,14,37,48,40,92,97,126,88"/><U2/><E38/><V55/><F110/><W75/><G111/><T69/><D116/><U21/><E118/><V113/><F131/><W106/><G121/><T61/><D69/><U12/><E135/><V18/><F66/><W99/><G75/><T19/><D105/><U125/><E125/><V45/><F45/><W95/><G126/><T74/><D124/><U109/><E109/><V73/><F73/><W128/><G128/><T108/><D108/><U115/><E115/><V62/><F87/><W30/><G106/><T63/><D74/><U130/><E84/><V44/><F44/><W80/><G30/><T54/><D112/><U119/><E119/><V132/><F132/><W89/><G37/><T85/><D28/><U104/><E130/><V81/><F81/><W100/><G14/><N who="0" m="7647" /><D70/><U68/><E104/><V71/><F71/><W29/><G29/><T72/><D72/><U122/><E122/><V133/><F133/><W16/><G48/><T13/><D42/><U64/><E49/><V31/><F113/><W114/><G114/><T90/><D36/><U8/><E68/><V127/><F127/><W83/><G41/><T39/><D39/><U91/><E2/><V47/><F47/><W60/><G40/><T56/><D13/><U59/><E12/><N who="2" m="7311" /><F31/><W23/><G60/><T120/><D120/><U46/><E46/><V33/><F107/><W134/><G134/><T129/><D129/><U7/><E64/><V50/><F50/><W94/><G94/><N who="0" m="54607" /><D63/><U51/><E51/><V43/><F43/><W79/><G79/><T25/><D25/><U123/><E123/><RYUUKYOKU ba="0,0" sc="162,0,256,0,273,0,309,0" hai0="4,5,52,54,56,61,65" hai1="0,1,6,7,8,10,21,22,58,59,91,102,103" hai2="18,20,24,32,33,35,55,57,62,96" hai3="16,23,80,83,88,89,92,93,95,97,98,99,100" /><INIT seed="5,1,0,1,4,99" ten="162,256,273,309" oya="1" hai0="70,52,39,37,118,27,103,97,95,130,134,127,59" hai1="84,129,88,87,35,11,135,62,75,102,25,72,124" hai2="34,28,73,48,133,56,93,128,60,22,115,89,77" hai3="54,122,132,6,58,111,61,51,47,40,116,10,0"/><U4/><E129/><V79/><F34/><W112/><G111/><T2/><D118/><U125/><E135/><V98/><F73/><W80/><G122/><T123/><D70/><U46/><E84/><V121/><F121/><W86/><G132/><T8/><D123/><U65/><E46/><V108/><F108/><W33/><G33/><T126/><D134/><U30/><E102/><V41/><F115/><W109/><G109/><T85/><D130/><U106/><E106/><V66/><F128/><W14/><G112/><T26/><D85/><U76/><E76/><V55/><F41/><W13/><REACH who="3" step="1"/><G116/><REACH who="3" ten="162,256,273,299" step="2"/><T90/><D37/><U91/><E124/><N who="0" m="47657" /><D39/><U114/><E125/><V24/><REACH who="2" step="1"/><F133/><REACH who="2" ten="162,256,263,299" step="2"/><W92/><G92/><N who="0" m="58791" /><D2/><U110/><E114/><V105/><F105/><W29/><G29/><T100/><D8/><U50/><E110/><V131/><F131/><W107/><G107/><T96/><D90/><AGARI ba="1,2" hai="0,6,10,13,14,40,47,51,54,58,61,80,86,90" machi="90" ten="30,3900,0" yaku="1,1,7,1,53,1" doraHai="99" doraHaiUra="32" who="3" fromWho="0" sc="162,-42,256,0,263,0,299,62" /><INIT seed="6,0,0,4,5,96" ten="120,256,263,361" oya="2" hai0="44,21,9,34,61,11,104,121,33,86,98,20,29" hai1="3,80,63,84,62,109,38,94,134,36,35,126,125" hai2="131,6,119,92,103,16,48,135,32,65,53,54,67" hai3="7,55,89,115,73,90,45,102,132,51,116,128,43"/><V81/><F119/><W72/><G116/><T58/><D121/><U13/><E109/><V8/><F32/><W42/><G128/><T108/><D108/><U31/><E3/><V71/><F71/><W64/><G64/><T39/><D34/><U27/><E134/><V83/><F131/><W25/><G132/><T26/><D33/><U70/><E94/><V46/><F54/><W78/><G7/><T4/><D20/><U112/><E13/><N who="2" m="7207" /><F6/><W41/><G115/><T122/><D122/><U75/><E75/><V97/><F135/><W50/><G72/><T12/><D86/><U120/><E112/><V60/><F60/><N who="1" m="23081" /><E70/><V85/><F83/><W76/><G51/><T24/><D24/><U19/><E19/><V30/><F30/><W37/><G37/><T127/><D127/><N who="1" m="48651" /><E120/><V124/><F124/><W101/><G25/><T15/><D39/><U14/><E14/><V82/><F82/><W113/><G113/><T47/><D104/><U1/><E1/><V2/><F2/><W5/><G5/><T106/><D106/><U100/><E38/><V117/><F117/><W49/><G49/><T88/><D11/><U28/><E28/><V79/><AGARI ba="0,0" hai="46,48,53,65,67,79,81,85,92,97,103" m="7207" machi="79" ten="30,6000,0" yaku="8,1,52,1,54,1" doraHai="96" who="2" fromWho="2" sc="120,-20,256,-20,263,60,361,-20" /><INIT seed="6,1,0,0,3,74" ten="100,236,323,341" oya="2" hai0="106,80,21,100,22,32,52,76,135,12,34,35,25" hai1="85,62,54,125,117,48,73,28,91,118,20,90,131" hai2="50,42,127,78,31,65,4,63,36,15,123,104,108" hai3="96,47,92,72,23,11,16,107,40,68,95,115,130"/><V10/><F123/><W41/><G68/><T105/><D135/><U53/><E73/><V49/><F104/><W77/><G107/><T59/><D12/><U24/><E125/><V19/><F127/><W83/><G130/><T9/><D9/><U58/><E131/><V56/><F31/><W81/><G115/><T51/><D100/><U55/><E91/><V109/><F36/><W17/><G83/><T44/><D44/><U26/><E24/><V7/><F78/><W66/><G66/><T103/><D103/><U70/><E70/><V111/><F42/><W99/><G11/><T88/><D88/><U61/><E61/><V121/><F121/><W60/><G60/><T13/><D13/><U82/><E55/><V14/><REACH who="2" step="1"/><F14/><REACH who="2" ten="100,236,313,341" step="2"/><W75/><G41/><T119/><D119/><U101/><E117/><V6/><AGARI ba="1,1" hai="4,6,7,10,15,19,49,50,56,63,65,108,109,111" machi="6" ten="40,18000,2" yaku="1,1,2,1,0,1,10,1,53,3" doraHai="74" doraHaiUra="120" who="2" fromWho="2" sc="100,-61,236,-61,313,193,341,-61" /><INIT seed="6,2,0,0,2,43" ten="39,175,506,280" oya="2" hai0="22,59,85,13,17,3,62,31,24,132,134,107,61" hai1="35,116,29,53,52,118,77,65,33,112,135,94,82" hai2="37,88,50,66,42,130,36,105,58,122,96,46,113" hai3="60,80,109,76,34,92,27,83,108,69,127,47,12"/><V99/><F122/><W14/><G127/><T78/><D107/><U11/><E112/><V117/><F117/><W5/><G92/><T15/><D3/><U75/><E135/><V87/><F113/><W18/><G5/><T124/><D124/><U55/><E65/><V101/><F99/><W30/><G12/><T16/><D134/><U39/><E39/><V67/><F130/><W54/><G83/><T111/><D111/><U115/><E115/><V2/><F2/><W123/><G123/><T44/><D132/><U4/><E29/><V121/><F121/><W98/><G98/><T97/><D97/><U9/><E9/><V32/><F32/><W90/><G69/><T129/><D129/><U20/><E20/><V70/><F70/><W8/><G60/><T84/><D78/><U25/><E25/><V79/><F79/><W28/><G28/><T57/><D31/><U41/><E94/><V71/><F71/><W48/><G90/><T45/><D22/><U120/><E120/><V74/><F74/><AGARI ba="2,0" hai="8,14,18,27,30,34,47,48,54,74,76,80,108,109" machi="74" ten="30,2000,0" yaku="7,1,52,1" doraHai="43" who="3" fromWho="2" sc="39,0,175,0,506,-26,280,26" /><INIT seed="7,0,0,1,3,132" ten="39,175,480,306" oya="3" hai0="34,19,114,85,65,5,61,131,51,56,88,76,8" hai1="109,32,2,30,41,102,94,50,55,16,99,98,70" hai2="37,97,75,38,39,128,112,28,74,63,3,52,57" hai3="87,27,91,83,64,66,89,79,12,54,21,69,121"/><W49/><G121/><T9/><D34/><U45/><E109/><V35/><F3/><W26/><G12/><T106/><D106/><U6/><E70/><V1/><F1/><W31/><G27/><T93/><D131/><U44/><E30/><V58/><F128/><W108/><G108/><T86/><D114/><U127/><E6/><V135/><F135/><W4/><G4/><T119/><D119/><U24/><E2/><V100/><F112/><W134/><G134/><T62/><D5/><U101/><E41/><V105/><F58/><W36/><G36/><T117/><D117/><U116/><E32/><V18/><F18/><W60/><REACH who="3" step="1"/><G66/><REACH who="3" ten="39,175,480,296" step="2"/><T40/><D19/><U130/><E24/><V115/><F115/><W29/><G29/><T84/><D76/><U118/><E16/><V111/><F111/><W47/><AGARI ba="0,1" hai="21,26,31,47,49,54,60,64,69,79,83,87,89,91" machi="47" ten="20,3900,0" yaku="1,1,0,1,7,1,53,0" doraHai="132" doraHaiUra="125" who="3" fromWho="3" sc="39,-13,175,-13,480,-13,296,49" /><INIT seed="7,1,0,5,0,69" ten="26,162,467,345" oya="3" hai0="33,92,119,79,128,85,97,28,83,86,21,108,102" hai1="70,98,22,130,126,38,115,41,129,74,20,66,76" hai2="3,106,94,29,88,56,58,63,132,27,35,31,34" hai3="16,131,60,55,112,13,124,81,123,103,2,134,6"/><W135/><G123/><T71/><D71/><U82/><E115/><V67/><F106/><W110/><G103/><T52/><D33/><U12/><E126/><V116/><F116/><W127/><G81/><T101/><D128/><U40/><E40/><V43/><F3/><W111/><G60/><T78/><D119/><U32/><E32/><V99/><F132/><N who="3" m="50731" /><G55/><T61/><D108/><N who="3" m="41513" /><G112/><T77/><D102/><U44/><E82/><V24/><F43/><W19/><G131/><T117/><D117/><U64/><E41/><V93/><F93/><W39/><G39/><T91/><D85/><U7/><E38/><V89/><F89/><W8/><G19/><T48/><D61/><U120/><E120/><V25/><F25/><W46/><G46/><T54/><D28/><U118/><E44/><V10/><F10/><AGARI ba="1,0" hai="2,6,8,10,13,16,124,127" m="41513,50731" machi="10" ten="40,12000,1" yaku="20,1,10,1,34,2,54,1" doraHai="69" who="3" fromWho="2" sc="26,0,162,0,467,-123,345,123" owari="26,-47.4,162,-23.8,344,14.4,468,56.8" /></mjloggm>