<mjloggm ver="2.3"><GO type="169" lobby="0"/><UN n0="%E3%81%A1%E3%82%83%E3%82%8B%E3%82%81%E3%82%89" n1="%E3%82%A2%E3%83%B3%E3%81%95%E3%82%93" n2="%63%2E%63%2D%76%2E%76" n3="%E3%81%BD%E3%81%A3%E3%81%91%E3%81%95%E3%82%93" dan="17,18,17,16" rate="2228.14,2211.63,2210.83,2163.01" sx="M,M,F,M"/><TAIKYOKU oya="0"/><INIT seed="0,0,0,1,3,23" ten="250,250,250,250" oya="0" hai0="7,43,72,16,42,17,38,51,118,52,125,114,34" hai1="81,126,30,3,35,123,45,29,108,54,36,70,13" hai2="117,89,33,19,76,50,92,127,110,87,47,93,113" hai3="40,8,115,63,99,59,129,73,61,128,10,135,111"/><T57/><D114/><U12/><E123/><V31/><F113/><W18/><G73/><T77/><D118/><U5/><E70/><V84/><F117/><W68/><G40/><T90/><D125/><U56/><E108/><V95/><F110/><W64/><G135/><T132/><D132/><U28/><E126/><V46/><F127/><W85/><G115/><T102/><D102/><U79/><E35/><V134/><F134/><W94/><G85/><T82/><D34/><U122/><E122/><V27/><F19/><W116/><G116/><T25/><D90/><U44/><E3/><V91/><F76/><W14/><G10/><T32/><D7/><U121/><E121/><V11/><F11/><W112/><G111/><T86/><D72/><U69/><E69/><V130/><F130/><W22/><G8/><T78/><D78/><U65/><E65/><V66/><F66/><W107/><G107/><T58/><D38/><U49/><E36/><V106/><F106/><W53/><REACH who="3" step="1"/><G112/><REACH who="3" ten="250,250,250,240" step="2"/><T2/><D2/><U131/><E131/><V67/><F95/><W37/><G37/><T55/><D43/><U71/><E13/><V48/><F67/><W97/><G97/><T103/><D42/><U88/><E12/><V0/><F0/><W60/><G60/><T15/><D15/><U80/><E49/><AGARI ba="0,1" hai="27,31,33,46,47,48,49,50,84,87,89,91,92,93" machi="49" ten="40,2600,0" yaku="9,1,52,1" doraHai="23" who="2" fromWho="1" sc="250,0,250,-26,250,36,240,0" /><INIT seed="1,0,0,5,1,27" ten="250,224,286,240" oya="1" hai0="75,49,42,84,119,83,95,32,80,125,127,73,45" hai1="109,71,47,7,130,91,43,69,67,122,121,78,59" hai2="0,21,22,48,18,50,56,106,107,35,85,37,102" hai3="61,77,126,33,62,64,55,74,31,2,39,3,82"/><U44/><E78/><V6/><F37/><W113/><G113/><T52/><D119/><U79/><E79/><V20/><F35/><W57/><G39/><T54/><D32/><U28/><E7/><V97/><F106/><W53/><G126/><N who="0" m="48139" /><D95/><U96/><E91/><V15/><F0/><W8/><G8/><T19/><D19/><U105/><E105/><V70/><F70/><N who="1" m="26633" /><E96/><V5/><F85/><W36/><G36/><T128/><D128/><U123/><E28/><V114/><F114/><W104/><G104/><T30/><D30/><U101/><E101/><V124/><F124/><W90/><G90/><N who="0" m="51463" /><D83/><U103/><E103/><V108/><F6/><W34/><G34/><T60/><D60/><N who="1" m="38303" /><E130/><V132/><F5/><W87/><G74/><AGARI ba="0,0" hai="42,45,49,52,54,73,74,75" m="51463,48139" machi="74" ten="30,2000,0" yaku="18,1,54,1" doraHai="27" who="0" fromWho="3" sc="250,20,224,0,286,0,240,-20" /><INIT seed="2,0,0,1,3,94" ten="270,224,286,220" oya="2" hai0="9,32,25,114,10,68,99,63,5,24,2,34,6" hai1="62,89,90,52,53,18,57,58,17,75,95,82,49" hai2="115,3,38,125,8,13,35,19,42,71,11,21,128" hai3="64,103,14,91,55,129,15,70,78,33,65,119,76"/><V96/><F115/><W50/><G119/><T117/><D114/><U100/><E100/><V84/><F71/><W130/><G33/><T60/><D68/><U39/><E39/><V72/><F72/><W86/><G103/><T16/><D117/><U85/><REACH who="1" step="1"/><E75/><REACH who="1" ten="270,214,286,220" step="2"/><V46/><F38/><W29/><G129/><T118/><D118/><U47/><E47/><V110/><F46/><W127/><G130/><T66/><D34/><U56/><E56/><V111/><F35/><W104/><G70/><T77/><D32/><U31/><E31/><V12/><F128/><W0/><G29/><T124/><D2/><U107/><E107/><V134/><F3/><W37/><G104/><T122/><D6/><U67/><E67/><V59/><F59/><W109/><G65/><T81/><D66/><U73/><E73/><V101/><F101/><W43/><G64/><T112/><D5/><U23/><E23/><V48/><F21/><W51/><G37/><T121/><D112/><U61/><E61/><V44/><F44/><W116/><G0/><T7/><D63/><U93/><E93/><V27/><F48/><W26/><G51/><T132/><D60/><U22/><E22/><V54/><F11/><W83/><G50/><T88/><D10/><U113/><E113/><V4/><F8/><W98/><G116/><T105/><D9/><U97/><AGARI ba="0,1" hai="17,18,49,52,53,57,58,62,82,85,89,90,95,97" machi="97" ten="20,12000,2" yaku="1,1,0,1,7,1,8,1,52,1,54,1,53,1" doraHai="94" doraHaiUra="45" who="1" fromWho="1" sc="270,-30,214,130,286,-60,220,-30" /><INIT seed="3,0,0,4,3,23" ten="240,344,226,190" oya="3" hai0="85,107,32,56,2,102,46,68,42,70,71,133,97" hai1="52,116,53,69,101,135,128,22,43,111,31,73,92" hai2="8,38,20,79,36,126,15,114,76,6,60,72,96" hai3="66,121,131,17,119,104,11,67,55,45,103,99,74"/><W132/><G119/><T29/><D133/><U124/><E69/><V47/><F114/><W27/><G132/><T109/><D109/><U93/><E73/><V95/><F126/><W10/><G121/><T98/><D56/><U125/><E111/><V81/><F76/><W39/><G74/><T57/><D57/><U14/><E135/><V115/><F115/><W75/><G75/><T26/><D85/><U122/><E122/><V44/><F60/><W33/><G131/><T134/><D134/><U117/><E43/><V84/><F72/><W28/><G17/><T35/><D35/><U108/><E108/><V129/><F129/><W105/><G105/><T21/><D21/><U3/><E3/><V13/><F36/><W64/><REACH who="3" step="1"/><G55/><REACH who="3" ten="240,344,226,180" step="2"/><T0/><REACH who="0" step="1"/><D97/><REACH who="0" ten="230,344,226,180" step="2"/><N who="1" m="59559" /><E117/><V120/><F120/><W89/><G89/><T112/><D112/><U48/><E116/><V88/><F96/><W118/><G118/><T83/><D83/><U16/><E128/><V1/><F81/><W12/><G12/><T30/><D30/><U37/><E124/><V94/><F15/><W100/><G100/><T24/><D24/><N who="1" m="16791" /><E125/><V62/><F1/><W86/><G86/><T91/><D91/><U77/><E77/><V110/><F79/><W80/><G80/><T127/><D127/><U87/><E87/><V7/><F110/><W78/><G78/><T34/><D34/><U123/><E123/><V41/><F84/><W82/><G82/><T5/><D5/><U90/><E90/><V63/><F7/><W54/><G54/><T25/><D25/><U65/><E52/><V113/><F88/><RYUUKYOKU ba="0,2" sc="230,15,344,-15,226,-15,180,15" hai0="0,2,26,29,32,42,46,68,70,71,98,102,107" hai3="10,11,27,28,33,39,45,64,66,67,99,103,104" /><INIT seed="3,1,2,2,2,54" ten="245,329,211,195" oya="3" hai0="28,135,72,125,59,46,30,129,112,93,118,35,131" hai1="16,58,110,9,37,60,126,53,3,120,75,38,73" hai2="91,84,74,4,26,15,97,10,41,115,122,98,47" hai3="94,19,24,42,6,111,49,119,21,92,1,65,55"/><W82/><G119/><T71/><D118/><U22/><E120/><V134/><F115/><W130/><G42/><T44/><D71/><U11/><E110/><V108/><F74/><W56/><G111/><T68/><D68/><U33/><E126/><V116/><F108/><W36/><G36/><T128/><D72/><U45/><E33/><V100/><F116/><W88/><G130/><T32/><D125/><U13/><E38/><V124/><F124/><W7/><G65/><T25/><D112/><U117/><E117/><V61/><F134/><W114/><G114/><T57/><D93/><N who="3" m="35945" /><G1/><T121/><D121/><U104/><E104/><V95/><F122/><W34/><G34/><N who="0" m="12843" /><D135/><U109/><E109/><V77/><F77/><W80/><G80/><T52/><D52/><U23/><E75/><V5/><F100/><W63/><G63/><T31/><D25/><U39/><E39/><V40/><F26/><W78/><G78/><T69/><D69/><U87/><E73/><V51/><F40/><W66/><G66/><T0/><D0/><U85/><E3/><V103/><F103/><W2/><G2/><T79/><D79/><U123/><E123/><V101/><F101/><W14/><G24/><T17/><D17/><U29/><E37/><V105/><F105/><W48/><G48/><T113/><D113/><U20/><E60/><V132/><F132/><W89/><G82/><T96/><D96/><N who="2" m="36970" /><F61/><W127/><G127/><T107/><D107/><U50/><E50/><V81/><F81/><W8/><G8/><T83/><D83/><U133/><E133/><V62/><F62/><RYUUKYOKU ba="1,2" sc="245,10,329,-30,211,10,195,10" hai0="28,30,31,44,46,57,59,128,129,131" hai2="4,5,10,15,41,47,51,84,91,95" hai3="6,7,14,19,21,49,55,56,88,89" /><INIT seed="3,2,2,1,4,56" ten="255,299,221,205" oya="3" hai0="120,107,83,63,42,79,75,30,53,84,34,64,73" hai1="6,133,48,27,36,112,23,94,113,55,7,109,41" hai2="97,39,106,28,37,26,71,44,50,74,96,127,57" hai3="45,29,121,115,99,31,25,35,5,72,15,100,33"/><W78/><G115/><T68/><D120/><U92/><E109/><V123/><F74/><W13/><G121/><T98/><D42/><U0/><E133/><V54/><F123/><W69/><G5/><T32/><D53/><U125/><E125/><V122/><F122/><W24/><G69/><T46/><D46/><U128/><E128/><V66/><F127/><W86/><G72/><N who="0" m="43495" /><D34/><U90/><E94/><V8/><F8/><W51/><G78/><T101/><D84/><U67/><E36/><V59/><F59/><W43/><REACH who="3" step="1"/><G86/><REACH who="3" ten="255,299,221,195" step="2"/><T3/><D3/><U17/><E0/><V1/><F1/><W18/><G18/><T119/><D119/><U116/><E116/><V47/><F71/><W93/><AGARI ba="2,3" hai="13,15,24,25,29,31,33,35,43,45,51,93,99,100" machi="93" ten="20,7800,0" yaku="1,1,0,1,7,1,9,1,53,0" doraHai="56" doraHaiUra="49" who="3" fromWho="3" sc="255,-28,299,-28,221,-28,195,114" /><INIT seed="3,3,0,4,1,44" ten="227,271,193,309" oya="3" hai0="25,81,62,68,93,33,48,130,104,4,36,19,47" hai1="61,75,24,76,40,54,80,88,119,73,106,63,32" hai2="66,87,122,30,89,12,35,111,39,97,51,132,84" hai3="27,16,26,20,70,72,118,21,107,99,96,17,79"/><W114/><G114/><T95/><D104/><U7/><E119/><V131/><F39/><W91/><G118/><T78/><D36/><U0/><E73/><V56/><F111/><W86/><G70/><T102/><D4/><U120/><E120/><V100/><F122/><W103/><G99/><T45/><D45/><U8/><E106/><V98/><F131/><W59/><G59/><T22/><D130/><U10/><E10/><V82/><F132/><W52/><G52/><T29/><D102/><U49/><E40/><V9/><F35/><W92/><G72/><T125/><D125/><U67/><E67/><V14/><F30/><W53/><G53/><T69/><D69/><U31/><REACH who="1" step="1"/><E88/><REACH who="1" ten="227,261,193,309" step="2"/><N who="2" m="51223" /><F66/><W134/><G79/><T1/><D1/><U60/><E60/><V37/><F9/><W101/><G103/><T3/><D3/><U13/><E13/><V71/><F100/><W42/><G42/><T135/><D62/><U6/><E6/><V124/><F12/><W115/><G115/><T11/><D11/><U105/><E105/><V123/><F14/><W34/><G134/><T38/><D135/><U41/><E41/><V55/><F123/><W112/><G112/><T2/><D2/><U128/><E128/><V15/><F15/><W129/><G129/><T57/><D95/><U46/><AGARI ba="3,1" hai="0,7,8,24,31,32,46,49,54,61,63,75,76,80" machi="46" ten="20,5200,0" yaku="1,1,0,1,7,1,52,1,53,0" doraHai="44" doraHaiUra="110" who="1" fromWho="1" sc="227,-16,261,71,193,-16,309,-29" /><INIT seed="4,0,0,0,2,104" ten="211,332,177,280" oya="0" hai0="37,73,94,66,125,1,40,106,64,80,113,132,45" hai1="39,96,70,51,75,29,90,130,49,115,63,95,50" hai2="92,71,129,19,102,35,78,27,105,85,32,15,28" hai3="65,61,68,53,126,79,135,9,55,38,13,17,84"/><T91/><D113/><U86/><E39/><V117/><F129/><W108/><G108/><T34/><D34/><U74/><E130/><V56/><F117/><W69/><G38/><T7/><D106/><U97/><E115/><V100/><F35/><W72/><G69/><T46/><D46/><U123/><E123/><V21/><F71/><W44/><G126/><T60/><D125/><U24/><E86/><V23/><F105/><W0/><G135/><T88/><D132/><U82/><E97/><V43/><F32/><W62/><G62/><T18/><D18/><U109/><E109/><V128/><F128/><W87/><G0/><T98/><D60/><U122/><E82/><V57/><F43/><W131/><G131/><T89/><D89/><U10/><E10/><V111/><F111/><W8/><G8/><N who="0" m="2159" /><D91/><U4/><E4/><V124/><F124/><W93/><G93/><T114/><D114/><U3/><E3/><V47/><F47/><W14/><G13/><T76/><AGARI ba="0,0" hai="37,40,45,64,66,73,76,80,88,94,98" m="2159" machi="76" ten="30,6000,0" yaku="25,1,52,1,54,1" doraHai="104" who="0" fromWho="0" sc="211,60,332,-20,177,-20,280,-20" /><INIT seed="4,1,0,4,2,20" ten="271,312,157,260" oya="0" hai0="45,28,2,121,76,99,5,103,18,100,30,66,133" hai1="68,118,7,128,49,27,134,34,75,16,51,21,12" hai2="47,82,61,94,42,124,69,36,108,113,70,96,11" hai3="71,130,1,57,115,132,79,40,62,32,3,93,54"/><T24/><D121/><U13/><E118/><V104/><F108/><W110/><G110/><T117/><D117/><U59/><E128/><V67/><F113/><W73/><G115/><T92/><D133/><U80/><E134/><V41/><F124/><W88/><G132/><T72/><D103/><U52/><E68/><V19/><F104/><W15/><G130/><T60/><D45/><U127/><E127/><V31/><F42/><W131/><G131/><T35/><D30/><U74/><E74/><V63/><F82/><W56/><G71/><T43/><D43/><U65/><E65/><V135/><F135/><W4/><G32/><T58/><D18/><U101/><E101/><V48/><F31/><W22/><G40/><T8/><REACH who="0" step="1"/><D72/><REACH who="0" ten="261,312,157,260" step="2"/><U102/><E102/><V90/><F19/><W44/><G44/><T114/><D114/><U77/><E7/><V107/><F107/><W10/><G73/><T9/><D9/><U95/><E34/><V29/><F29/><W50/><G22/><T111/><D111/><U17/><E17/><V109/><F109/><W123/><G123/><T6/><D6/><U26/><E26/><V129/><F129/><W38/><G10/><T33/><D33/><U55/><E95/><V85/><F11/><W83/><G93/><T87/><D87/><U120/><E120/><V97/><REACH who="2" step="1"/><F36/><REACH who="2" ten="261,312,147,260" step="2"/><W78/><G38/><T64/><D64/><AGARI ba="1,2" hai="41,47,48,61,63,64,67,69,70,85,90,94,96,97" machi="64" ten="40,8000,1" yaku="1,1,2,1,9,1,53,1" doraHai="20" doraHaiUra="91" who="2" fromWho="0" sc="261,-83,312,0,147,103,260,0" /><INIT seed="5,0,0,4,1,105" ten="178,312,250,260" oya="1" hai0="109,111,39,45,54,106,69,46,81,119,99,43,73" hai1="82,78,6,115,32,13,96,27,89,135,10,113,90" hai2="114,92,129,86,1,26,20,121,52,64,74,23,77" hai3="101,0,112,118,79,57,16,51,62,8,120,125,31"/><U58/><E135/><V5/><F121/><W104/><G120/><T65/><D119/><U29/><E58/><V100/><F129/><W66/><G112/><N who="1" m="43082" /><E96/><V70/><F114/><W53/><G125/><T133/><D133/><U103/><E103/><V49/><F64/><W48/><G31/><T85/><D46/><U102/><E102/><V63/><F63/><W108/><G108/><T67/><D54/><U72/><AGARI ba="0,0" hai="6,10,13,27,29,32,72,78,82,89,90" m="43082" machi="72" ten="30,3000,0" yaku="15,1,52,1" doraHai="105" who="1" fromWho="1" sc="178,-10,312,30,250,-10,260,-10" /><INIT seed="5,1,0,1,4,49" ten="168,342,240,250" oya="1" hai0="8,100,80,90,131,33,69,24,11,57,113,45,119" hai1="66,18,51,122,28,135,68,129,31,121,63,38,64" hai2="97,20,37,3,43,7,116,76,61,48,126,16,52" hai3="35,134,81,29,104,21,65,132,112,36,70,2,53"/><U118/><E118/><V120/><F120/><W130/><G21/><T87/><D69/><U60/><E38/><V12/><F116/><W19/><G19/><T108/><D108/><U123/><E135/><V133/><F133/><W75/><G53/><T5/><D113/><U9/><E129/><V34/><F126/><W124/><G65/><T93/><D131/><U67/><E51/><V83/><F61/><W23/><G23/><T101/><D45/><U117/><E117/><V125/><F125/><W54/><G54/><T107/><D107/><U102/><E102/><V0/><F97/><W96/><G81/><T22/><D33/><U56/><E66/><V1/><F34/><W128/><G96/><T73/><D119/><U32/><E32/><V111/><F111/><W82/><G36/><T42/><D42/><U110/><E110/><V27/><F37/><W78/><G112/><T91/><D57/><U55/><E67/><V25/><F43/><W127/><G70/><T85/><D73/><U92/><E92/><V84/><REACH who="2" step="1"/><F7/><REACH who="2" ten="168,342,230,250" step="2"/><W40/><G40/><T86/><D5/><U106/><E68/><V114/><F114/><W89/><G124/><T41/><D41/><U15/><E63/><V105/><F105/><W72/><G104/><T50/><D50/><U44/><E106/><V95/><F95/><W26/><G132/><T6/><D6/><U99/><E99/><V13/><F13/><W98/><G127/><T94/><D101/><U77/><E122/><V17/><F17/><W39/><G134/><T62/><D100/><U115/><E123/><V59/><AGARI ba="1,1" hai="0,1,3,12,16,20,25,27,48,52,59,76,83,84" machi="59" ten="30,12000,2" yaku="1,1,5,1,0,1,52,1,54,2,53,1" doraHai="49" doraHaiUra="47" who="2" fromWho="2" sc="168,-31,342,-61,230,133,250,-31" /><INIT seed="6,0,0,4,1,98" ten="137,281,363,219" oya="2" hai0="26,102,117,17,4,16,8,74,94,132,2,39,44" hai1="52,101,20,75,93,35,9,115,25,19,55,65,60" hai2="107,116,49,51,133,23,118,76,22,45,40,27,129" hai3="43,24,73,89,121,96,112,29,122,58,28,67,0"/><V37/><F107/><W111/><G111/><T46/><D132/><U36/><E75/><V100/><F133/><W10/><G73/><T88/><D74/><U15/><E36/><V81/><F129/><W134/><G43/><T33/><D117/><U38/><E38/><V78/><F37/><W71/><G71/><T80/><D80/><U32/><E32/><V84/><F76/><W90/><G134/><T109/><D109/><U128/><E35/><V131/><F131/><W18/><G0/><T56/><D102/><U135/><E115/><V11/><F11/><W82/><G82/><T91/><D56/><N who="1" m="36999" /><E128/><V12/><F100/><W68/><G58/><T64/><D64/><U31/><E135/><V14/><F51/><W108/><G67/><T5/><D5/><U63/><E63/><V54/><F40/><W66/><G66/><T30/><D91/><U61/><E61/><V113/><F116/><W21/><G90/><T86/><REACH who="0" step="1"/><D39/><REACH who="0" ten="127,281,363,219" step="2"/><U103/><E93/><V13/><F118/><W95/><G95/><T97/><D97/><U3/><E3/><V48/><F81/><W34/><G96/><T72/><D72/><U87/><E87/><V119/><F84/><W92/><G92/><T77/><D77/><U57/><E57/><V106/><F78/><W6/><G108/><T83/><D83/><U125/><E103/><V126/><F119/><W120/><G89/><T127/><D127/><U69/><E101/><V70/><F126/><W110/><G110/><T124/><D124/><U114/><E125/><V130/><F130/><W53/><G120/><T59/><D59/><RYUUKYOKU ba="0,1" sc="127,30,281,-10,363,-10,219,-10" hai0="2,4,8,16,17,26,30,33,44,46,86,88,94" /><INIT seed="7,1,1,1,5,24" ten="157,271,353,209" oya="3" hai0="120,117,42,71,114,95,38,112,125,97,65,60,0" hai1="76,85,111,80,91,118,47,130,75,88,110,57,52" hai2="132,92,29,58,62,93,14,67,94,105,100,133,87" hai3="135,41,129,49,10,124,72,15,5,123,104,16,61"/><W106/><G123/><T86/><D120/><U96/><E130/><V23/><F105/><W6/><G72/><T43/><D0/><U90/><E118/><V36/><F36/><W70/><G129/><T26/><D86/><U134/><E134/><N who="2" m="51819" /><F87/><W7/><G135/><T103/><D117/><U122/><E122/><V101/><F29/><W83/><G83/><T40/><D38/><U53/><E96/><V55/><F23/><W34/><G34/><T25/><REACH who="0" step="1"/><D125/><REACH who="0" ten="147,271,353,209" step="2"/><U8/><E85/><V39/><F39/><W73/><G124/><T131/><D131/><U32/><E110/><V82/><F82/><W37/><G37/><T48/><D48/><U30/><E111/><V66/><F14/><W33/><G73/><T28/><D28/><U50/><E30/><V126/><F126/><W4/><G33/><T20/><D20/><U31/><E32/><V69/><F67/><W51/><G51/><AGARI ba="1,2" hai="51,55,58,62,66,69,92,93,94,100,101" m="51819" machi="51" ten="30,1000,0" yaku="20,1" doraHai="24" who="2" fromWho="3" sc="147,0,271,0,353,33,209,-13" owari="147,-35.3,271,7.1,386,48.6,196,-20.4" /></mjloggm>