<mjloggm ver="2.3"><GO type="169" lobby="0"/><UN n0="%E3%81%BE%E3%81%88%E3%81%9F" n1="%E5%A4%8F%E3%81%AA%E3%81%AE%E3%81%AB" n2="%E5%A4%A7%E7%A9%BA%E3%82%B9%E3%83%90%E3%83%AB%E2%98%86" n3="%E5%BA%84%E5%8F%B8%E5%81%A5%E5%A4%AA%E6%9C%97" dan="17,16,16,16" rate="2171.49,2122.81,2114.51,2089.35" sx="F,M,F,M"/><TAIKYOKU oya="0"/><INIT seed="0,0,0,5,1,117" ten="250,250,250,250" oya="0" hai0="76,72,97,12,54,94,124,4,118,135,19,55,13" hai1="82,105,35,18,102,21,57,68,95,85,11,40,60" hai2="48,14,25,109,77,131,64,34,78,2,27,113,69" hai3="81,87,65,44,91,39,17,38,63,30,7,92,42"/><T66/><D118/><U106/><E35/><V67/><F2/><W50/><G30/><T70/><D124/><U3/><E68/><V104/><F104/><W111/><G111/><T20/><D135/><U79/><E40/><V47/><F14/><W103/><G7/><T88/><D76/><U23/><E23/><V134/><F34/><W10/><G10/><T37/><D72/><U22/><E22/><V101/><F101/><W112/><G17/><T26/><D37/><U9/><E106/><V107/><F107/><W74/><G112/><T89/><D70/><U45/><E45/><V46/><F69/><W114/><G114/><T127/><D66/><U75/><E105/><V108/><F48/><W129/><G129/><T5/><D127/><U122/><E122/><V6/><F6/><N who="0" m="2666" /><D89/><U116/><E3/><V16/><F113/><W123/><G123/><T1/><D1/><U73/><E73/><V90/><F90/><W0/><G0/><T8/><D13/><N who="1" m="9423" /><E75/><V51/><F134/><W56/><REACH who="3" step="1"/><G74/><REACH who="3" ten="250,250,250,240" step="2"/><T121/><D121/><U99/><E116/><V43/><F131/><W125/><G125/><T86/><D86/><U115/><E115/><V126/><F126/><W133/><G133/><T52/><D8/><U128/><E128/><V33/><F109/><W83/><G83/><T53/><N who="0" m="13312" /><DORA hai="36" /><T62/><D62/><U61/><E61/><V110/><F110/><W84/><G84/><T71/><D71/><U58/><E60/><V15/><F108/><W130/><G130/><T120/><D120/><U100/><E9/><V49/><F33/><W41/><G41/><RYUUKYOKU ba="0,1" sc="250,15,250,-15,250,-15,240,15" hai0="12,19,20,26,88,94,97" hai3="38,39,42,44,50,56,63,65,81,87,91,92,103" /><INIT seed="0,1,1,0,3,47" ten="265,235,235,255" oya="0" hai0="50,63,16,123,58,132,40,131,83,77,26,48,99" hai1="25,3,115,17,7,1,68,10,70,37,74,56,120" hai2="92,72,116,110,88,100,64,117,135,89,13,33,86" hai3="119,108,91,28,43,121,113,85,11,114,122,20,52"/><T82/><D123/><N who="3" m="47113" /><G119/><N who="2" m="45641" /><F33/><W69/><G69/><T124/><D124/><U14/><E37/><V23/><F72/><W109/><G43/><T118/><D118/><U95/><E74/><V90/><F110/><N who="3" m="42603" /><G11/><T39/><D39/><U80/><E115/><V2/><F2/><W32/><G32/><T59/><D131/><U9/><E1/><V22/><F135/><W102/><G102/><T134/><D99/><U54/><E80/><N who="0" m="30761" /><D77/><U6/><E95/><V55/><F64/><W45/><G91/><N who="2" m="34889" /><F100/><W0/><G0/><T98/><D98/><U66/><E66/><V127/><F127/><W5/><G5/><T18/><D40/><U51/><E120/><V94/><F94/><W111/><G85/><T44/><D132/><U125/><E125/><V133/><F133/><W129/><G111/><T103/><D103/><U78/><E78/><V81/><F92/><W8/><G129/><T24/><D134/><U61/><E7/><V107/><F107/><W15/><G114/><T57/><D63/><U41/><E61/><V73/><F73/><W31/><G113/><T65/><D65/><U38/><E38/><V12/><F55/><W27/><G8/><T106/><D106/><U60/><E41/><V35/><F35/><W75/><G75/><T76/><D76/><U71/><E60/><V36/><F36/><W46/><G52/><N who="0" m="29703" /><D50/><U62/><E62/><V112/><F112/><W105/><G105/><T96/><D96/><U4/><E71/><V42/><F42/><W126/><G126/><T130/><D130/><U29/><E4/><V97/><F97/><W19/><G20/><AGARI ba="1,1" hai="3,6,9,10,14,17,20,25,29,51,54,56,68,70" machi="20" ten="30,3900,0" yaku="6,1,7,1,52,1" doraHai="47" who="1" fromWho="3" sc="265,0,235,52,235,0,255,-42" /><AGARI ba="1,0" hai="12,13,20,22,23,81,86,90" m="34889,45641" machi="20" ten="30,3900,0" yaku="6,1,12,1,54,1" doraHai="47" who="2" fromWho="3" sc="265,0,287,0,235,39,213,-39" /><INIT seed="1,0,0,4,1,16" ten="265,287,274,174" oya="1" hai0="3,97,87,104,64,95,76,127,83,41,92,134,135" hai1="107,120,39,61,133,98,123,43,8,34,109,81,132" hai2="100,24,18,112,15,66,7,31,94,119,91,78,124" hai3="28,33,90,10,45,106,14,6,47,26,89,72,19"/><U115/><E115/><V129/><F119/><W29/><G72/><T111/><D3/><U125/><E34/><V22/><F124/><W17/><G106/><T20/><D64/><U101/><E125/><V118/><F118/><W77/><G77/><T52/><D41/><U122/><E81/><V59/><F129/><W93/><G90/><T88/><D127/><U80/><E80/><V99/><F112/><W103/><G103/><T32/><D32/><U70/><E8/><V38/><F38/><W30/><G33/><T55/><D111/><U57/><E109/><V44/><F44/><W60/><G60/><T74/><D20/><U23/><E23/><N who="2" m="15775" /><F7/><W42/><G26/><T67/><D67/><N who="1" m="41327" /><E57/><V96/><F78/><W1/><G1/><T46/><D46/><AGARI ba="0,0" hai="39,43,46,98,101,107,120,122,123,132,133" m="41327" machi="46" ten="40,2000,0" yaku="23,1" doraHai="16" who="1" fromWho="0" sc="265,-20,287,20,274,0,174,0" /><INIT seed="1,1,0,0,2,114" ten="245,307,274,174" oya="1" hai0="28,2,9,41,45,93,43,105,60,69,38,124,84" hai1="30,54,55,102,16,103,126,133,34,51,112,106,25" hai2="85,32,0,67,122,21,23,81,101,115,10,120,24" hai3="74,76,134,1,22,107,91,14,26,33,78,96,66"/><U113/><E133/><V110/><F110/><W7/><G134/><T61/><D105/><U40/><E126/><V31/><F115/><W88/><G74/><T46/><D124/><U123/><E123/><V29/><F101/><W125/><G125/><T70/><D28/><U48/><E40/><V18/><F67/><W132/><G132/><T80/><D93/><U35/><E30/><V98/><F98/><W72/><G72/><T108/><D9/><U129/><E25/><N who="2" m="18479" /><F85/><W94/><G107/><T64/><D2/><U90/><E106/><V71/><F81/><W53/><G66/><N who="0" m="41159" /><D84/><U19/><REACH who="1" step="1"/><E90/><REACH who="1" ten="245,297,274,174" step="2"/><V86/><F31/><W11/><G91/><T118/><D108/><U44/><E44/><V119/><F24/><W87/><G33/><T79/><D79/><U63/><E63/><V95/><F122/><W92/><G78/><T58/><D80/><U20/><E20/><V56/><F23/><W109/><G76/><T111/><D111/><U36/><E36/><V62/><F21/><W97/><G109/><T73/><D73/><U50/><E50/><V39/><F39/><W4/><G26/><T27/><D27/><U5/><E5/><V116/><F120/><W12/><G7/><T15/><D15/><U42/><E42/><V130/><F0/><W13/><G22/><T128/><D43/><U17/><E17/><V83/><F18/><W8/><G11/><T100/><D45/><U75/><E75/><V104/><F104/><W59/><REACH who="3" step="1"/><G94/><REACH who="3" ten="245,297,274,164" step="2"/><T65/><D38/><U89/><E89/><V127/><F95/><W37/><G37/><T131/><D100/><RYUUKYOKU ba="1,2" sc="245,-15,297,15,274,-15,164,15" hai1="16,19,34,35,48,51,54,55,102,103,112,113,129" hai3="1,4,8,12,13,14,53,59,87,88,92,96,97" /><INIT seed="1,2,2,4,4,135" ten="230,312,259,179" oya="1" hai0="35,77,66,109,92,123,0,55,91,34,47,2,67" hai1="36,18,7,99,48,120,82,127,51,4,130,97,85" hai2="63,62,22,65,46,61,26,116,9,8,20,95,49" hai3="131,41,73,101,21,70,11,64,78,83,13,126,30"/><U119/><E119/><V1/><F116/><W60/><G131/><T76/><D109/><U110/><E120/><V25/><F1/><W94/><G41/><T71/><D123/><U50/><E36/><V125/><F95/><W52/><G126/><T81/><D71/><U14/><E127/><V79/><F65/><W105/><G105/><T33/><D47/><U23/><E130/><V45/><F79/><W44/><G21/><N who="2" m="8297" /><F125/><W19/><G30/><T17/><D55/><U96/><REACH who="1" step="1"/><E110/><REACH who="1" ten="230,302,259,179" step="2"/><V103/><F26/><W74/><G73/><T10/><D34/><U134/><E134/><V104/><F25/><W86/><G74/><T16/><D35/><U117/><E117/><V5/><F104/><W68/><G68/><T111/><D33/><U6/><E6/><V90/><F5/><W32/><G32/><T39/><D39/><U93/><E93/><V69/><F69/><W27/><G27/><T28/><D92/><U122/><E122/><V75/><F75/><W15/><G94/><T118/><D111/><U38/><E38/><V59/><F103/><W114/><G101/><T56/><D118/><U88/><AGARI ba="2,3" hai="4,7,14,18,23,48,50,51,82,85,88,96,97,99" machi="88" ten="30,12000,1" yaku="1,1,0,1,8,1,54,1,53,1" doraHai="135" doraHaiUra="84" who="1" fromWho="1" sc="230,-42,302,156,259,-42,179,-42" /><INIT seed="1,3,0,2,3,120" ten="188,458,217,137" oya="1" hai0="79,63,54,125,84,129,60,102,94,134,53,135,28" hai1="97,4,48,110,7,66,37,50,46,58,21,14,11" hai2="133,6,69,107,106,40,81,85,127,90,87,67,101" hai3="113,12,15,55,32,82,68,20,44,105,36,8,3"/><U31/><E37/><V27/><F101/><W52/><G32/><T99/><D28/><U51/><E4/><V70/><F127/><W80/><G105/><T22/><D125/><U1/><E97/><V74/><F74/><W2/><G68/><T77/><D129/><U25/><E1/><V26/><F133/><N who="0" m="50698" /><D22/><U111/><REACH who="1" step="1"/><E46/><REACH who="1" ten="188,448,217,137" step="2"/><V71/><F6/><W104/><G36/><T62/><D84/><U49/><N who="1" m="12288" /><DORA hai="128" /><U39/><E39/><V61/><F87/><W124/><G44/><T65/><D65/><U23/><E23/><V33/><F67/><W126/><G20/><T29/><D29/><U9/><E9/><V98/><F85/><W64/><G64/><T93/><D53/><U45/><E45/><V122/><F98/><W75/><G8/><T91/><D54/><U24/><E24/><V47/><F27/><W121/><G75/><T100/><D100/><U57/><E57/><V34/><F26/><W132/><G132/><T123/><D123/><U83/><E83/><V17/><F122/><W112/><G121/><T88/><D102/><U72/><E72/><V41/><F71/><W114/><G113/><T0/><D0/><U5/><E5/><V56/><F70/><W78/><G104/><T95/><D99/><U59/><E59/><V18/><F56/><W76/><AGARI ba="3,1" hai="2,3,12,15,52,55,76,78,80,82,112,114,124,126" machi="76" ten="25,6400,0" yaku="0,1,22,2,54,1" doraHai="120,128" who="3" fromWho="3" sc="188,-19,448,-35,217,-19,137,83" /><INIT seed="2,0,0,5,4,83" ten="169,413,198,220" oya="2" hai0="84,54,25,127,15,121,68,70,26,97,16,66,33" hai1="65,130,23,36,94,133,32,22,118,38,45,73,18" hai2="0,105,30,12,86,29,103,89,109,64,8,59,115" hai3="34,40,48,67,117,61,20,122,1,75,87,128,123"/><V46/><F0/><W57/><G75/><T111/><D121/><U11/><E32/><V39/><F115/><W2/><G34/><T49/><D111/><U110/><E110/><V19/><F109/><W101/><G117/><T51/><D127/><U100/><E73/><V99/><F64/><W42/><G128/><T91/><D97/><U35/><E35/><V10/><F59/><W62/><G101/><T52/><D33/><U72/><E72/><V106/><F106/><W124/><G20/><N who="0" m="11295" /><D66/><U113/><E65/><V93/><REACH who="2" step="1"/><F10/><REACH who="2" ten="169,413,188,220" step="2"/><W81/><G2/><T129/><D129/><U74/><E11/><V78/><F78/><N who="3" m="46519" /><G1/><T47/><D68/><U96/><E130/><V56/><F56/><N who="3" m="37287" /><G124/><T27/><D70/><U125/><E125/><V92/><F92/><W112/><G112/><T63/><D63/><U119/><E94/><V126/><F126/><W116/><G116/><T104/><D104/><U21/><E113/><V85/><F85/><W41/><G123/><T95/><D26/><U79/><E74/><V24/><F24/><W31/><G122/><T60/><D60/><U77/><E119/><V71/><F71/><W69/><G69/><T28/><D28/><U50/><E118/><V5/><F5/><W37/><G31/><T43/><D43/><AGARI ba="0,1" hai="8,12,19,29,30,39,43,46,86,89,93,99,103,105" machi="43" ten="40,3900,0" yaku="1,1,52,1,53,0" doraHai="83" doraHaiUra="114" who="2" fromWho="0" sc="169,-39,413,0,188,49,220,0" /><INIT seed="2,1,0,4,3,81" ten="130,413,237,220" oya="2" hai0="15,6,31,114,53,65,123,119,26,103,39,8,19" hai1="67,82,42,101,50,120,28,112,130,71,16,51,79" hai2="49,55,54,126,43,40,45,87,60,127,74,32,52" hai3="68,111,108,85,29,10,105,2,18,134,14,24,27"/><V35/><F74/><W7/><G105/><T97/><D114/><U23/><E28/><V88/><F43/><W57/><G68/><T44/><D123/><U133/><E130/><V72/><F72/><W46/><G57/><T9/><D119/><U95/><E133/><V73/><F73/><W22/><G134/><T131/><D131/><U102/><E112/><V90/><F90/><W63/><G63/><T99/><D65/><U4/><E4/><V66/><F35/><W48/><G27/><T69/><D69/><U30/><E30/><V0/><F0/><W129/><G129/><T5/><D39/><U64/><E50/><V96/><F96/><W77/><G77/><T37/><D37/><U36/><E36/><V62/><F32/><N who="3" m="20519" /><G85/><T20/><D99/><U78/><E78/><V109/><F109/><W124/><G124/><N who="2" m="47657" /><F66/><W86/><G86/><T17/><D53/><AGARI ba="1,0" hai="2,7,10,14,18,22,46,48,53,108,111" m="20519" machi="53" ten="30,1000,0" yaku="24,1" doraHai="81" who="3" fromWho="0" sc="130,-13,413,0,237,0,220,13" /><INIT seed="3,0,0,1,4,83" ten="117,413,237,233" oya="3" hai0="99,87,2,89,17,4,7,90,106,98,124,5,28" hai1="23,50,134,41,92,122,69,68,30,18,36,1,33" hai2="49,135,81,84,125,113,85,66,86,51,126,19,132" hai3="24,29,64,38,62,75,105,95,100,73,67,63,127"/><W76/><G127/><N who="2" m="48649" /><F113/><W22/><G38/><T55/><D124/><U39/><E1/><V35/><F35/><W16/><G105/><T37/><D2/><U44/><E134/><N who="2" m="51243" /><F66/><W103/><G29/><T79/><D37/><U107/><E107/><V57/><F19/><W9/><G9/><T104/><D28/><U11/><E33/><V46/><F57/><W96/><G103/><T43/><D43/><U97/><E69/><V117/><F117/><W26/><G76/><T111/><D17/><U78/><E68/><V88/><F51/><W82/><G82/><T56/><D111/><U21/><E30/><V20/><F20/><W13/><G75/><T52/><D5/><U129/><E23/><V47/><F47/><W114/><G73/><T60/><D60/><N who="3" m="23081" /><G114/><T72/><D72/><U118/><E118/><V101/><F101/><W119/><G119/><T6/><D6/><U110/><E11/><V116/><F116/><W123/><G123/><T45/><D56/><U8/><E122/><V74/><F74/><W59/><G59/><T128/><D45/><U65/><E8/><V54/><AGARI ba="0,0" hai="46,49,54,81,84,85,86,88" m="51243,48649" machi="54" ten="30,12000,2" yaku="18,1,20,1,52,3,54,1" doraHai="83" who="2" fromWho="2" sc="117,-30,413,-30,237,120,233,-60" /><INIT seed="4,0,0,5,4,113" ten="87,383,357,173" oya="0" hai0="103,98,8,122,51,31,45,1,112,75,69,77,121" hai1="74,134,4,11,135,115,131,25,108,64,42,56,70" hai2="82,21,9,129,10,44,92,91,22,28,104,17,66" hai3="124,46,13,5,123,24,15,0,20,38,107,49,76"/><T80/><D112/><U18/><E108/><V14/><F104/><W54/><G107/><T12/><D1/><U85/><E74/><V132/><F132/><W106/><G106/><T87/><D31/><U94/><E70/><V97/><F129/><W60/><G38/><T125/><D69/><U30/><E18/><V127/><F127/><W83/><G123/><T53/><D125/><U126/><E42/><V117/><F117/><W23/><G23/><T130/><D130/><U16/><E131/><V109/><F109/><W62/><G0/><T89/><D98/><U32/><E126/><V120/><F120/><W67/><G5/><T79/><D103/><U55/><E64/><V19/><F66/><W35/><G62/><T128/><D128/><U118/><E118/><V27/><F44/><W6/><G6/><T114/><D114/><U110/><E110/><V65/><F65/><W116/><G35/><T61/><D61/><U48/><E115/><V3/><F3/><W88/><G116/><T78/><REACH who="0" step="1"/><D75/><REACH who="0" ten="77,383,357,173" step="2"/><U37/><E30/><V40/><F28/><N who="3" m="17415" /><G124/><T2/><D2/><U86/><E135/><V41/><F97/><W57/><G76/><T7/><AGARI ba="0,1" hai="7,8,12,45,51,53,77,78,79,80,87,89,121,122" machi="7" ten="30,6000,0" yaku="1,1,0,1,53,1" doraHai="113" doraHaiUra="50" who="0" fromWho="0" sc="77,70,383,-20,357,-20,173,-20" /><INIT seed="4,1,0,2,3,131" ten="147,363,337,153" oya="0" hai0="51,38,115,53,37,117,26,63,33,68,27,111,100" hai1="125,121,10,29,45,74,135,67,61,132,64,108,4" hai2="71,122,118,105,12,7,43,18,2,34,20,76,104" hai3="48,92,88,49,55,17,97,113,91,90,116,30,98"/><T103/><D117/><U41/><E121/><V19/><F71/><W101/><G116/><T57/><D115/><U106/><E106/><V72/><F122/><W86/><G113/><T127/><D127/><U47/><E74/><V60/><F34/><W87/><G30/><T56/><D111/><U31/><E108/><V42/><F60/><W120/><G120/><T79/><D79/><U35/><E125/><V84/><F7/><W22/><G55/><T96/><D100/><U94/><E94/><V114/><F2/><W70/><G70/><T130/><D130/><U32/><E4/><V109/><F84/><W14/><G98/><T0/><D0/><U3/><E61/><V75/><F12/><W54/><REACH who="3" step="1"/><G49/><REACH who="3" ten="147,363,337,143" step="2"/><T16/><D68/><U80/><E31/><V39/><F114/><W133/><G133/><T52/><D33/><U5/><E29/><V65/><F118/><W82/><G82/><T62/><D51/><U21/><E80/><V69/><F69/><W28/><G28/><T13/><D37/><U9/><E32/><V134/><F39/><W124/><G124/><T102/><D38/><U119/><E35/><V89/><F134/><W46/><AGARI ba="1,1" hai="14,17,22,46,48,54,86,87,88,90,91,92,97,101" machi="46" ten="30,7900,0" yaku="1,1,0,1,8,1,54,1,53,0" doraHai="131" doraHaiUra="123" who="3" fromWho="3" sc="147,-40,363,-21,337,-21,143,92" /><INIT seed="5,0,0,0,2,127" ten="107,342,316,235" oya="1" hai0="25,79,19,57,110,53,97,101,118,89,46,4,78" hai1="3,8,9,1,86,31,133,47,81,44,83,67,109" hai2="30,87,72,99,134,71,12,17,27,63,92,40,43" hai3="70,111,62,122,35,115,135,20,29,117,13,128,45"/><U34/><E67/><V49/><F72/><W88/><G111/><T66/><D110/><U102/><E109/><V73/><F73/><W77/><G77/><T119/><D4/><U116/><E102/><V114/><F134/><W85/><G122/><T48/><D118/><U95/><E95/><V42/><F87/><W113/><G135/><T124/><D124/><U5/><E133/><V75/><F75/><W36/><G35/><T103/><D119/><U65/><E65/><V123/><F123/><W15/><G117/><T82/><D89/><U14/><E83/><V51/><F114/><W61/><G45/><T18/><D79/><U129/><E1/><V21/><F63/><W121/><G36/><T58/><D101/><U98/><E98/><V38/><F71/><W120/><G70/><T64/><D64/><U24/><E129/><V22/><F38/><W16/><G29/><T112/><D112/><N who="3" m="43081" /><G15/><T105/><D25/><U2/><E116/><V7/><F7/><W10/><G128/><T6/><D6/><U37/><E37/><V39/><F39/><W100/><G100/><AGARI ba="0,0" hai="12,17,21,22,27,30,40,42,43,49,51,92,99,100" machi="100" ten="40,1300,0" yaku="8,1" doraHai="127" who="2" fromWho="3" sc="107,0,342,0,316,13,235,-13" /><INIT seed="6,0,0,2,3,39" ten="107,342,329,222" oya="2" hai0="101,38,91,70,110,90,6,96,47,35,17,64,97" hai1="98,13,5,54,79,114,69,26,66,84,36,65,18" hai2="20,62,55,1,127,29,52,27,106,61,100,68,53" hai3="134,40,93,116,78,94,23,48,115,57,16,11,87"/><V120/><F120/><W86/><G116/><T76/><D35/><U73/><E73/><V34/><F1/><W42/><G11/><T30/><D30/><U103/><E5/><V72/><F72/><W80/><G134/><T63/><D110/><U7/><E7/><V0/><F0/><W49/><G115/><T109/><D109/><U41/><E26/><V3/><F3/><W81/><G57/><T121/><D121/><U4/><E4/><V105/><F127/><W58/><G58/><T25/><D6/><U56/><E69/><V99/><F106/><W82/><G82/><T124/><D124/><U10/><E84/><V119/><F119/><W59/><G59/><T44/><D76/><U131/><E79/><V33/><F68/><W46/><G46/><T9/><D47/><U128/><E36/><V50/><F50/><N who="3" m="19563" /><G94/><T74/><D74/><U129/><E41/><N who="3" m="15978" /><G93/><T21/><D9/><U122/><E114/><V31/><F20/><W95/><G95/><T130/><D130/><U113/><E113/><V2/><F2/><W132/><G132/><T37/><D44/><U15/><E122/><V45/><F45/><W111/><G111/><T85/><D97/><U92/><E66/><V133/><F133/><W125/><G125/><T12/><D38/><U22/><E65/><V75/><F75/><W19/><G23/><N who="0" m="11687" /><D37/><U123/><E123/><V112/><F112/><W77/><AGARI ba="0,0" hai="16,19,77,78,80,81,86,87" m="15978,19563" machi="77" ten="30,8000,1" yaku="8,1,52,3,54,1" doraHai="39" who="3" fromWho="3" sc="107,-20,342,-20,329,-40,222,80" /><INIT seed="7,0,0,0,2,58" ten="87,322,289,302" oya="3" hai0="45,62,108,61,65,68,69,120,59,50,128,22,43" hai1="18,46,32,126,67,24,23,107,56,85,94,105,104" hai2="114,71,21,27,7,134,78,103,8,63,40,42,37" hai3="111,110,133,74,34,3,28,38,125,83,57,72,130"/><W76/><G3/><T47/><D22/><U132/><E32/><V124/><F37/><W16/><G125/><T91/><D91/><U101/><E132/><V122/><F124/><W70/><G70/><N who="0" m="42287" /><D128/><U49/><E126/><V87/><F114/><W86/><G133/><T106/><D106/><U113/><E113/><V39/><F39/><W75/><G130/><T6/><D6/><U14/><E24/><V90/><F122/><W73/><G38/><N who="0" m="21751" /><D108/><N who="3" m="41513" /><G75/><T15/><D15/><U10/><E10/><V99/><F134/><W31/><G34/><T0/><D0/><U53/><E67/><V79/><F79/><W4/><G4/><T9/><D9/><U82/><E46/><V19/><F78/><W84/><G86/><T121/><D121/><U93/><REACH who="1" step="1"/><E101/><REACH who="1" ten="87,312,289,302" step="2"/><V129/><F129/><W80/><G80/><T17/><D120/><U26/><E26/><V127/><F127/><W131/><G131/><T48/><D17/><U55/><E55/><V44/><F8/><W25/><G57/><T116/><D116/><U36/><E36/><V33/><F33/><N who="3" m="20623" /><G16/><T117/><D117/><U20/><E20/><V95/><F7/><W102/><G31/><T98/><D98/><U1/><E1/><V115/><F115/><W52/><G52/><N who="0" m="34151" /><D50/><U112/><E112/><V92/><F19/><W77/><G102/><T13/><D13/><U88/><AGARI ba="0,1" hai="14,18,23,49,53,56,82,85,88,93,94,104,105,107" machi="88" ten="30,4000,0" yaku="1,1,0,1,54,1,53,0" doraHai="58" doraHaiUra="30" who="1" fromWho="1" sc="87,-10,312,50,289,-10,302,-20" owari="77,-42.3,362,46.2,279,-12.1,282,8.2" /></mjloggm>