<mjloggm ver="2.3"><GO type="169" lobby="0"/><UN n0="%6D%79%6D%65%6C%6F%58%58" n1="%E3%81%9F%E3%81%AA%E3%81%8B%E6%95%99%E7%A5%96" n2="%E3%81%B8%E3%81%9D%E3%81%AA%E3%82%81%E3%81%9F%E3%81%84" n3="%E9%A6%AC%E3%81%AE%E8%80%B3%E3%81%AB%E5%BF%B5%E4%BB%8F" dan="17,17,16,17" rate="2219.19,2177.11,2138.21,2158.28" sx="M,M,M,M"/><TAIKYOKU oya="0"/><INIT seed="0,0,0,3,4,135" ten="250,250,250,250" oya="0" hai0="78,61,65,16,82,40,42,27,112,123,14,74,75" hai1="28,110,7,128,35,0,8,18,11,60,91,132,129" hai2="39,76,127,64,13,133,99,117,131,19,96,70,37" hai3="111,130,67,72,62,59,88,71,31,55,100,93,34"/><T51/><D112/><U52/><E132/><V54/><F133/><W98/><G111/><T77/><D123/><U105/><E105/><V46/><F76/><W104/><G130/><N who="1" m="50282" /><E91/><V15/><F64/><W113/><G113/><T4/><D4/><U109/><E60/><V103/><F131/><W122/><G122/><T126/><D27/><N who="1" m="18847" /><E52/><V86/><F54/><W12/><G12/><AGARI ba="0,0" hai="0,7,8,11,12,18,109,110" m="18847,50282" machi="12" ten="30,3900,0" yaku="19,1,34,2" doraHai="135" who="1" fromWho="3" sc="250,0,250,39,250,0,250,-39" /><INIT seed="1,0,0,5,5,79" ten="250,289,250,211" oya="1" hai0="53,85,96,8,32,36,48,101,27,59,72,19,122" hai1="35,18,130,69,11,49,37,16,7,88,97,121,111" hai2="89,99,105,129,21,41,119,107,30,34,78,24,120" hai3="10,0,75,100,65,9,15,109,82,1,12,132,33"/><U98/><E121/><V124/><F119/><W90/><G100/><T14/><D122/><U115/><E115/><V94/><F120/><W103/><G103/><T4/><D72/><U128/><E37/><V23/><F124/><W22/><G65/><T64/><D36/><U5/><E69/><V6/><F129/><N who="1" m="49769" /><E35/><V126/><F126/><W81/><G33/><T106/><D64/><U43/><E111/><V71/><F71/><W92/><G22/><T58/><D85/><U52/><E43/><V62/><F62/><W67/><G67/><T125/><D125/><U104/><E104/><V56/><F56/><W80/><G75/><T68/><D68/><U114/><E114/><V57/><F57/><W123/><G123/><T39/><D39/><U76/><E76/><V135/><F41/><W102/><G102/><T45/><D32/><U127/><E7/><V73/><F105/><W110/><G132/><T93/><D106/><U91/><E98/><V44/><F107/><W83/><N who="3" m="20480" /><DORA hai="2" /><W28/><G28/><T54/><D54/><U134/><E134/><V31/><F135/><W26/><G26/><T113/><D113/><U131/><N who="1" m="49777" /><U95/><DORA hai="13" /><E91/><V47/><F89/><W112/><G112/><T118/><D118/><U17/><E127/><V46/><F78/><W108/><G0/><T3/><D27/><U116/><E116/><V55/><F24/><W66/><G1/><T20/><AGARI ba="0,0" hai="3,4,8,14,19,20,45,48,53,58,59,93,96,101" machi="20" ten="20,5200,0" yaku="0,1,7,1,52,2" doraHai="79,2,13" who="0" fromWho="0" sc="250,52,289,-26,250,-13,211,-13" /><INIT seed="2,0,0,2,3,86" ten="302,263,237,198" oya="2" hai0="65,27,101,94,72,30,67,4,60,47,121,20,79" hai1="80,2,21,110,87,76,117,51,12,112,69,89,8" hai2="92,13,18,103,129,125,90,24,106,135,41,37,33" hai3="130,45,100,85,52,128,31,119,48,97,102,108,120"/><V91/><F125/><W115/><G119/><T132/><D121/><U43/><E117/><V123/><F123/><W34/><G120/><T29/><D132/><U124/><E112/><V28/><F135/><W107/><G108/><T75/><D30/><U63/><E110/><V26/><F26/><W58/><G115/><T22/><D22/><U127/><E2/><V39/><F129/><W71/><G71/><T68/><D67/><U99/><E21/><V116/><F116/><W50/><G102/><T55/><D4/><N who="1" m="3079" /><E69/><V15/><F15/><W35/><G85/><T104/><D104/><U3/><E3/><V122/><F122/><W134/><G134/><T73/><D55/><U14/><E14/><V40/><F39/><W62/><G48/><T118/><D47/><N who="1" m="26111" /><E63/><V7/><F7/><W9/><G9/><T113/><D113/><U70/><E70/><V77/><F77/><W81/><G81/><T5/><D5/><U61/><E61/><V66/><F66/><W25/><REACH who="3" step="1"/><G35/><REACH who="3" ten="302,263,237,188" step="2"/><T11/><D11/><U36/><E36/><V32/><F33/><W44/><G44/><T109/><D109/><U131/><E131/><V88/><F37/><W10/><G10/><T19/><D118/><U105/><E105/><V82/><F106/><W17/><G17/><T0/><D19/><U133/><E133/><V126/><F82/><W54/><AGARI ba="0,1" hai="25,31,34,45,50,52,54,58,62,97,100,107,128,130" machi="54" ten="30,7900,0" yaku="1,1,0,1,54,1,53,1" doraHai="86" doraHaiUra="93" who="3" fromWho="3" sc="302,-20,263,-20,237,-39,188,89" /><INIT seed="3,0,0,4,0,23" ten="282,243,198,277" oya="3" hai0="67,106,4,131,21,79,93,17,100,99,107,98,36" hai1="48,68,87,61,115,0,105,29,28,24,5,40,37" hai2="42,112,6,124,73,96,88,134,113,77,56,110,119" hai3="32,90,82,125,97,72,54,9,45,8,51,95,16"/><W46/><G125/><T53/><D36/><U89/><E105/><V94/><F119/><W85/><G72/><T19/><D131/><U71/><E115/><V80/><F124/><W66/><G66/><T81/><D67/><U122/><E122/><V49/><F110/><W118/><G118/><T116/><D116/><U52/><E40/><V92/><F134/><W35/><G8/><T2/><D4/><U25/><E37/><V78/><F6/><W43/><G46/><T50/><D2/><U34/><E61/><V59/><F59/><W114/><G114/><T64/><D64/><U60/><E60/><V47/><F77/><W121/><G121/><T14/><D19/><U127/><E127/><V117/><F117/><W86/><G86/><T111/><D99/><U120/><E120/><V83/><F83/><W123/><G43/><T41/><D41/><U22/><E5/><V31/><F56/><W13/><REACH who="3" step="1"/><G123/><REACH who="3" ten="282,243,198,267" step="2"/><T38/><D111/><U10/><E10/><V3/><F3/><W70/><G70/><T58/><D38/><U11/><E11/><V57/><F57/><W69/><G69/><T18/><REACH who="0" step="1"/><D17/><REACH who="0" ten="272,243,198,267" step="2"/><U30/><E0/><V12/><F112/><W135/><G135/><T129/><D129/><U20/><E68/><V84/><F113/><W74/><G74/><AGARI ba="0,2" hai="14,18,21,50,53,58,74,79,81,93,98,100,106,107" machi="74" ten="30,3900,0" yaku="1,1,7,1,53,1" doraHai="23" doraHaiUra="91" who="0" fromWho="3" sc="272,59,243,0,198,0,267,-39" /><INIT seed="4,0,0,0,5,50" ten="331,243,198,228" oya="0" hai0="19,73,37,89,42,106,29,114,102,124,32,3,96" hai1="6,10,104,46,113,117,97,112,121,116,101,103,107" hai2="48,30,126,34,115,47,71,14,23,74,13,2,21" hai3="20,86,133,70,53,4,90,108,63,27,110,120,134"/><T41/><D114/><N who="1" m="44139" /><E46/><V85/><F115/><W38/><G38/><T8/><D124/><U49/><E49/><V39/><F74/><W82/><G4/><T83/><D37/><U84/><E121/><V54/><F2/><W66/><G120/><T40/><D29/><U61/><E61/><V109/><F109/><W44/><G44/><T98/><D32/><U127/><E127/><V125/><F125/><W68/><G68/><T76/><D3/><U57/><E57/><V36/><F71/><W119/><G53/><T11/><D19/><U123/><E123/><V25/><F39/><W16/><REACH who="3" step="1"/><G119/><REACH who="3" ten="331,243,198,218" step="2"/><T9/><D42/><U128/><E128/><V92/><F36/><W91/><G91/><T80/><D41/><U67/><E67/><V1/><F126/><W75/><G75/><T33/><D40/><U15/><E84/><V87/><F85/><W78/><G78/><T35/><D76/><U95/><E103/><V79/><F79/><W26/><G26/><T130/><D73/><U24/><E24/><N who="2" m="16655" /><F1/><W81/><G81/><T56/><D83/><U77/><E77/><V65/><F65/><W12/><G12/><T55/><D130/><U131/><E131/><V31/><F34/><W94/><G94/><N who="0" m="56399" /><D80/><U88/><E107/><V135/><F92/><W0/><G0/><T129/><D129/><U17/><E6/><V5/><F87/><W45/><G45/><T64/><D64/><U18/><E116/><V58/><F47/><W59/><G59/><T28/><D35/><U111/><E117/><V105/><F105/><W43/><G43/><T93/><D106/><RYUUKYOKU ba="0,1" sc="331,-10,243,-10,198,-10,218,30" hai3="16,20,27,63,66,70,82,86,90,108,110,133,134" /><INIT seed="5,1,1,0,1,35" ten="321,233,188,248" oya="1" hai0="59,96,122,31,44,85,12,99,100,2,128,34,20" hai1="43,125,56,111,83,86,109,103,58,76,53,8,74" hai2="51,107,120,92,130,123,116,67,18,4,102,101,104" hai3="62,52,77,106,54,57,28,119,108,71,114,6,9"/><U133/><E133/><V38/><F38/><W81/><G108/><N who="1" m="41546" /><E125/><V132/><F116/><W118/><G114/><T70/><D70/><U41/><E103/><V79/><F67/><W135/><G71/><T5/><D128/><U127/><E127/><V46/><F4/><W24/><G106/><T61/><D122/><U93/><E58/><V16/><F79/><W55/><G135/><T26/><D44/><U87/><E8/><V89/><F132/><W30/><G81/><T1/><D85/><N who="1" m="32267" /><E93/><V3/><F130/><W36/><G77/><T25/><D12/><U97/><E97/><V110/><F110/><W124/><G124/><T13/><D13/><U0/><E0/><V49/><F92/><W90/><G90/><T29/><D5/><U27/><E27/><V48/><F89/><W112/><G112/><T105/><REACH who="0" step="1"/><D99/><REACH who="0" ten="311,233,188,248" step="2"/><U73/><E73/><V65/><F46/><W17/><G119/><T10/><D10/><U63/><AGARI ba="1,2" hai="41,43,53,56,63,74,76,83" m="32267,41546" machi="63" ten="30,1500,0" yaku="10,1" doraHai="35" who="1" fromWho="1" sc="311,-6,233,38,188,-6,248,-6" /><INIT seed="5,2,0,3,0,60" ten="305,271,182,242" oya="1" hai0="110,123,20,30,97,41,48,35,10,119,96,59,127" hai1="47,36,82,52,73,107,22,115,50,27,124,56,117" hai2="132,87,134,63,69,67,121,80,128,31,8,122,114" hai3="94,16,54,131,81,77,92,61,45,78,34,23,70"/><U24/><E117/><V109/><F109/><W129/><G34/><T88/><D110/><U21/><E107/><V72/><F72/><W95/><G45/><T112/><D35/><U118/><E118/><V43/><F128/><N who="3" m="49227" /><G81/><T17/><D119/><U6/><E115/><V111/><F111/><W40/><G40/><T62/><D127/><U26/><E124/><V99/><F114/><W125/><G125/><T18/><D123/><U108/><E108/><V93/><F31/><W28/><G28/><T37/><D37/><U84/><E6/><V46/><F8/><W89/><G89/><T13/><D30/><U55/><E73/><V101/><F132/><W79/><G54/><T42/><D112/><U44/><E36/><V76/><REACH who="2" step="1"/><F134/><REACH who="2" ten="305,271,172,242" step="2"/><W103/><G103/><T120/><D120/><U1/><E1/><V39/><AGARI ba="2,1" hai="39,43,46,63,67,69,76,80,87,93,99,101,121,122" machi="39" ten="20,8000,1" yaku="1,1,2,1,0,1,7,1,52,1,53,0" doraHai="60" doraHaiUra="100" who="2" fromWho="2" sc="305,-22,271,-42,172,96,242,-22" /><INIT seed="6,0,0,0,4,57" ten="283,229,268,220" oya="2" hai0="56,109,101,127,117,24,36,59,42,111,15,82,22" hai1="10,51,6,25,135,76,3,129,67,132,83,72,50" hai2="68,40,2,7,130,116,17,87,118,104,58,33,11" hai3="69,20,61,37,134,126,108,102,125,60,86,84,131"/><V90/><F68/><W1/><G108/><T94/><D127/><N who="3" m="48649" /><G69/><T32/><D117/><U19/><E129/><V21/><F104/><W9/><G131/><T48/><D36/><U75/><E75/><V30/><F130/><W28/><G37/><T53/><D32/><U123/><E123/><V81/><F40/><W70/><G70/><T98/><D15/><U71/><E25/><V5/><F5/><N who="3" m="1199" /><G102/><T27/><D27/><U78/><E78/><V4/><F4/><W31/><G134/><N who="1" m="51242" /><E19/><V0/><F0/><W16/><G86/><T43/><D111/><U93/><E93/><V103/><F103/><W29/><G84/><T110/><D110/><U47/><E47/><V18/><F18/><W120/><G120/><T124/><D124/><U49/><E49/><V74/><F74/><W23/><G23/><T88/><D59/><U26/><E26/><AGARI ba="0,0" hai="16,20,26,28,29,31,60,61" m="1199,48649" machi="26" ten="30,7700,0" yaku="18,1,52,2,54,1" doraHai="57" who="3" fromWho="1" sc="283,0,229,-77,268,0,220,77" /><INIT seed="7,0,0,4,0,19" ten="283,152,268,297" oya="3" hai0="51,127,102,29,126,122,130,30,103,114,135,81,117" hai1="80,107,100,17,65,14,84,75,20,104,132,110,115" hai2="11,38,111,87,28,72,99,94,66,68,42,67,58" hai3="5,88,97,7,96,27,71,23,55,63,34,36,93"/><W125/><G36/><T18/><D122/><U48/><E110/><V25/><F111/><W120/><G120/><T53/><D117/><U73/><E115/><V57/><F72/><W74/><G34/><T24/><D130/><U119/><E119/><V59/><F87/><N who="3" m="52383" /><G74/><T90/><D135/><U1/><E1/><V22/><F68/><W92/><G71/><T134/><D134/><U113/><E132/><V89/><REACH who="2" step="1"/><F11/><REACH who="2" ten="283,152,258,297" step="2"/><W4/><G125/><T6/><D126/><U70/><E113/><V109/><F109/><W35/><G35/><T13/><D127/><U16/><E75/><V86/><F86/><W9/><G9/><T41/><D114/><U31/><E73/><V39/><F39/><W46/><G92/><T43/><D81/><U116/><E116/><V49/><F49/><N who="3" m="29111" /><G63/><T56/><D90/><U85/><E104/><V26/><F26/><W121/><G121/><T40/><D24/><U106/><E106/><V0/><F0/><W8/><G8/><N who="0" m="6439" /><D6/><U124/><E124/><V37/><F37/><W33/><G33/><T83/><D83/><U54/><E80/><V76/><F76/><W69/><G69/><T3/><D3/><U128/><E128/><V108/><F108/><W62/><G62/><T21/><D21/><U77/><E77/><V78/><F78/><W2/><G2/><T82/><D82/><U101/><E107/><V44/><AGARI ba="0,1" hai="22,25,28,38,42,44,57,58,59,66,67,89,94,99" machi="44" ten="30,4000,0" yaku="1,1,0,1,52,1,53,0" doraHai="19" doraHaiUra="32" who="2" fromWho="2" sc="283,-10,152,-10,258,50,297,-20" owari="273,-12.7,142,-35.8,308,40.8,277,7.7" /></mjloggm>