<mjloggm ver="2.3"><GO type="225" lobby="0"/><UN n0="%E3%82%BC%E3%83%AB%E3%83%80%E3%81%AE%E4%BC%9D%E8%AA%AC" n1="%E3%81%AF%E3%82%88%E3%81%8A%E3%81%98%E3%81%95%E3%82%93" n2="%E3%81%8B%E3%82%8F%E3%81%A1%E3%82%83%E3%82%93%35%38" n3="%6E%69%63%6F%6E%74%6F" dan="17,16,16,16" rate="2144.04,2192.06,2142.66,2118.96" sx="M,M,M,M"/><TAIKYOKU oya="0"/><INIT seed="0,0,0,4,1,75" ten="250,250,250,250" oya="0" hai0="39,103,55,40,114,134,13,30,123,125,28,82,117" hai1="79,34,135,36,2,95,43,74,128,71,110,84,7" hai2="113,32,21,120,112,66,90,18,108,99,87,60,67" hai3="88,54,96,5,116,77,109,16,104,53,17,64,3"/><T93/><D114/><U111/><E34/><V80/><F32/><W52/><G116/><T48/><D117/><U1/><E71/><V57/><F120/><W72/><G109/><N who="1" m="41482" /><E128/><V23/><F108/><W51/><G64/><T127/><D123/><U8/><E135/><V25/><F66/><W115/><G115/><T22/><D134/><U31/><E31/><V89/><F99/><W63/><G63/><T130/><D130/><U58/><E58/><V105/><F105/><W50/><G104/><T59/><D103/><U44/><E95/><V38/><F38/><W76/><G72/><T83/><D93/><U15/><E84/><V56/><F56/><W91/><G3/><T122/><D122/><U27/><E27/><V131/><F131/><W94/><G5/><T92/><D92/><U106/><E106/><V46/><F46/><N who="3" m="27735" /><G91/><T12/><D30/><U102/><E102/><V19/><REACH who="2" step="1"/><F89/><REACH who="2" ten="250,250,240,250" step="2"/><W132/><G132/><T14/><D39/><U6/><E36/><V24/><AGARI ba="0,1" hai="18,19,21,23,24,25,57,60,67,80,87,90,112,113" machi="24" ten="20,8000,1" yaku="1,1,2,1,0,1,7,1,9,1,53,0" doraHai="75" doraHaiUra="121" who="2" fromWho="2" sc="250,-40,250,-20,240,90,250,-20" /><INIT seed="1,0,0,4,0,1" ten="210,230,330,230" oya="1" hai0="10,104,29,63,8,51,107,80,132,28,91,38,81" hai1="90,99,113,88,65,61,42,47,127,35,105,108,69" hai2="111,116,43,68,7,134,94,126,16,31,125,57,37" hai3="33,34,73,74,79,11,84,25,87,101,93,64,32"/><U17/><E113/><V72/><F68/><W62/><G25/><T44/><D38/><U92/><E127/><V40/><F72/><W19/><G79/><T54/><D132/><U98/><E108/><V45/><F116/><W130/><G130/><T66/><D107/><U129/><E129/><V95/><F111/><W89/><G101/><T2/><D104/><U26/><E105/><V6/><F134/><W118/><G118/><T135/><D135/><U21/><E35/><V41/><F31/><N who="0" m="11850" /><D2/><U102/><REACH who="1" step="1"/><E98/><REACH who="1" ten="210,220,330,230" step="2"/><V70/><F125/><W67/><G34/><T0/><D0/><U112/><E112/><V49/><F126/><W114/><G33/><T18/><D18/><U39/><AGARI ba="0,1" hai="17,21,26,39,42,47,61,65,69,88,90,92,99,102" machi="39" ten="20,7800,0" yaku="1,1,0,1,7,1,54,1,53,0" doraHai="1" doraHaiUra="55" who="1" fromWho="1" sc="210,-26,220,88,330,-26,230,-26" /><INIT seed="1,1,0,2,5,132" ten="184,308,304,204" oya="1" hai0="14,5,109,76,6,13,82,73,53,43,42,60,55" hai1="17,128,129,88,99,49,19,120,117,83,9,0,131" hai2="3,133,123,72,113,96,69,56,67,116,100,26,29" hai3="111,105,86,58,61,44,4,122,32,135,87,71,90"/><U21/><E120/><V134/><F123/><W10/><G122/><T119/><D119/><U46/><E117/><V34/><F116/><W52/><G135/><N who="2" m="51721" /><F113/><W103/><G32/><T27/><D109/><U16/><E0/><V48/><F72/><W110/><G71/><T24/><D60/><U66/><E66/><V124/><F3/><W31/><G31/><T104/><D82/><U98/><E9/><V64/><F69/><W92/><G87/><T126/><D76/><U36/><E36/><V1/><F1/><W130/><G130/><T45/><D45/><U80/><E21/><V75/><F75/><W108/><G44/><T7/><D73/><U39/><E39/><V15/><F15/><N who="0" m="5642" /><D104/><U65/><E65/><V102/><F102/><W2/><G103/><T57/><D126/><U22/><E22/><V35/><F35/><W18/><G18/><T30/><D30/><U97/><E88/><V79/><F79/><W91/><REACH who="3" step="1"/><G90/><REACH who="3" ten="184,308,304,194" step="2"/><T38/><D57/><U40/><AGARI ba="1,1" hai="16,17,19,40,46,49,80,83,97,98,99,128,129,131" machi="40" ten="40,12000,1" yaku="0,1,29,2,19,1,54,1" doraHai="132" who="1" fromWho="1" sc="184,-41,308,133,304,-41,194,-41" /><INIT seed="1,2,0,5,3,52" ten="143,441,263,153" oya="1" hai0="10,105,65,123,6,97,29,23,21,125,76,20,53" hai1="74,13,38,49,84,79,83,96,54,130,122,101,112" hai2="8,4,89,95,36,25,86,44,35,78,0,45,3" hai3="16,51,17,128,87,133,47,64,60,11,48,75,116"/><U34/><E112/><V102/><F0/><W70/><G75/><T73/><D125/><U113/><E113/><V93/><F36/><W72/><G72/><T40/><D123/><U63/><E122/><V59/><F78/><W14/><G133/><T132/><D132/><U85/><E38/><V62/><F35/><W118/><G128/><T81/><D65/><U108/><E34/><V39/><F25/><W104/><G104/><T82/><D82/><U129/><E63/><V26/><F26/><W109/><G109/><T1/><D40/><U7/><E108/><V110/><F39/><W37/><G37/><T106/><D29/><U99/><E99/><V42/><F42/><W92/><G17/><T18/><D18/><U100/><E100/><V57/><F110/><W15/><G15/><T94/><REACH who="0" step="1"/><D53/><REACH who="0" ten="133,441,263,153" step="2"/><U58/><E129/><V28/><F28/><W126/><G126/><T91/><AGARI ba="2,1" hai="1,6,10,20,21,23,73,76,81,91,94,97,105,106" machi="91" ten="30,7900,0" yaku="1,1,2,1,0,1,53,1" doraHai="52" doraHaiUra="90" who="0" fromWho="0" sc="133,95,441,-41,263,-22,153,-22" /><INIT seed="2,0,0,3,4,122" ten="228,400,241,131" oya="2" hai0="45,48,65,51,73,20,58,130,79,121,126,49,97" hai1="89,61,52,50,54,28,5,81,128,24,72,23,26" hai2="105,116,46,44,113,38,3,108,111,104,134,8,60" hai3="31,78,53,93,102,114,127,119,100,63,6,41,17"/><V21/><F113/><W103/><G119/><T87/><D121/><U75/><E128/><V1/><F116/><W132/><G132/><T69/><D73/><U33/><E5/><V37/><F60/><W101/><G101/><T14/><BYE who="3" /><D69/><U35/><E61/><V36/><F21/><W83/><G83/><N who="0" m="47615" /><D130/><U22/><E89/><V123/><F123/><W7/><G7/><T62/><D126/><U71/><E71/><V124/><F8/><W76/><G76/><T47/><D97/><U15/><E15/><V11/><F11/><W115/><G115/><T106/><D106/><N who="2" m="41066" /><F134/><W117/><G117/><T70/><D70/><U25/><E25/><V107/><N who="2" m="41074" /><V19/><DORA hai="16" /><F19/><AGARI ba="0,0" hai="14,19,20,45,47,48,49,51,58,62,65" m="47615" machi="19" ten="30,2000,0" yaku="8,1,52,1" doraHai="122,16" who="0" fromWho="2" sc="228,20,400,0,241,-20,131,0" /><INIT seed="3,0,0,1,0,36" ten="248,400,221,131" oya="3" hai0="91,115,54,9,120,87,16,3,135,24,10,12,26" hai1="93,38,100,2,109,117,88,96,73,84,103,98,34" hai2="62,46,113,64,127,86,104,77,61,63,99,67,112" hai3="15,30,40,13,132,108,124,131,116,51,66,57,37"/><W0/><G0/><T29/><D120/><U60/><E38/><V71/><F127/><W74/><G74/><T45/><D135/><U107/><E34/><V4/><F4/><W14/><G14/><T101/><D115/><U110/><E2/><V81/><F62/><W102/><G102/><T75/><D75/><U90/><E73/><V1/><F1/><W129/><G129/><T39/><D101/><N who="1" m="62887" /><E60/><V70/><F104/><UN n3="%6E%69%63%6F%6E%74%6F" /><W79/><G116/><T48/><D39/><U19/><E19/><V28/><F28/><W53/><G131/><T21/><D3/><U23/><E23/><V47/><F99/><W33/><G124/><T27/><D29/><U50/><E50/><V72/><F86/><W89/><G132/><T56/><D45/><AGARI ba="0,0" hai="45,46,47,61,63,64,67,70,71,72,77,81,112,113" machi="45" ten="40,1300,0" yaku="9,1" doraHai="36" who="2" fromWho="0" sc="248,-13,400,0,221,13,131,0" owari="235,3.5,400,50.0,234,-16.6,131,-36.9" /></mjloggm>