<mjloggm ver="2.3"><GO type="169" lobby="0"/><UN n0="%E3%82%A2%E3%83%B3%E3%83%88%E3%83%AC%E3%83%BC%E3%82%B9" n1="%E7%B4%94%E6%BD%94%E3%83%94%E3%83%A9%E3%83%8B%E3%82%A2" n2="%48%65%69%68%65%69%30%35" n3="%E3%81%86%E3%81%AA%E3%81%8E%E9%BA%BA" dan="16,16,16,17" rate="2072.17,2189.41,2047.25,2176.87" sx="M,M,M,M"/><TAIKYOKU oya="0"/><INIT seed="0,0,0,4,4,114" ten="250,250,250,250" oya="0" hai0="13,37,25,40,21,54,19,24,63,100,116,107,125" hai1="117,62,45,18,64,67,33,71,87,78,69,50,113" hai2="58,84,41,66,89,103,28,49,2,127,123,52,68" hai3="43,76,72,120,0,129,38,109,99,10,115,20,77"/><T110/><D125/><U97/><E33/><V74/><F123/><W53/><G115/><T39/><D116/><U9/><E113/><V56/><F74/><W5/><G77/><T95/><D107/><U82/><E97/><V46/><F2/><W121/><G53/><T106/><D106/><U14/><E64/><V79/><F127/><W6/><G6/><T12/><D110/><U118/><REACH who="1" step="1"/><E69/><REACH who="1" ten="250,240,250,250" step="2"/><V93/><F68/><W65/><G99/><N who="0" m="59519" /><D37/><U17/><E17/><V83/><F66/><W98/><G65/><T59/><D39/><U35/><E35/><V96/><F28/><W131/><G98/><T111/><D111/><U4/><E4/><V104/><F104/><W80/><G109/><T132/><D132/><U112/><E112/><V32/><F32/><W8/><G20/><N who="0" m="13343" /><D40/><AGARI ba="0,1" hai="9,14,18,40,45,50,62,67,71,78,82,87,117,118" machi="40" ten="30,8000,1" yaku="1,1,7,1,52,2,53,1" doraHai="114" doraHaiUra="47" who="1" fromWho="0" sc="250,-80,240,90,250,0,250,0" /><INIT seed="1,0,0,0,0,119" ten="170,330,250,250" oya="1" hai0="72,54,105,98,90,80,45,99,89,83,92,82,87" hai1="5,128,68,31,13,38,19,16,130,69,78,6,29" hai2="50,26,126,103,0,115,74,61,60,48,22,110,101" hai3="49,113,118,14,51,106,36,75,15,66,20,37,21"/><U71/><E38/><V12/><F74/><W39/><G66/><T47/><D54/><U122/><E13/><V109/><F0/><W94/><G94/><N who="0" m="56655" /><D47/><U116/><E78/><V30/><F115/><W79/><G106/><T10/><D45/><U34/><E34/><V102/><F126/><W41/><G79/><N who="0" m="44135" /><D10/><U129/><E116/><V24/><F12/><W112/><G75/><T11/><D11/><U55/><E55/><V53/><F26/><W44/><G118/><T124/><D124/><U131/><N who="1" m="32768" /><DORA hai="4" /><U85/><E85/><V81/><F81/><W1/><G1/><T42/><D42/><U132/><E132/><V93/><F93/><W64/><G64/><T46/><D46/><U86/><E86/><V133/><F133/><W104/><G104/><T95/><D105/><U108/><E108/><N who="2" m="41579" /><F50/><W107/><G107/><T28/><D28/><U121/><E6/><V96/><F96/><W84/><G84/><T67/><D67/><U63/><E5/><V9/><F9/><W57/><G39/><T73/><D73/><U135/><E63/><V117/><F117/><W2/><G44/><AGARI ba="0,0" hai="22,24,30,44,48,53,60,61,101,102,103" m="41579" machi="44" ten="30,1000,0" yaku="14,1" doraHai="119,4" who="2" fromWho="3" sc="170,0,330,0,250,10,250,-10" /><INIT seed="2,0,0,4,2,128" ten="170,330,260,240" oya="2" hai0="9,6,75,70,30,106,65,69,114,86,85,2,19" hai1="47,0,82,126,81,55,127,29,7,77,33,94,16" hai2="74,107,46,120,15,52,121,111,36,110,5,117,13" hai3="89,130,103,80,35,61,11,26,32,42,49,112,40"/><V67/><F74/><W79/><G130/><T72/><D114/><U63/><E29/><V125/><F107/><W97/><G89/><T99/><D30/><U123/><E33/><V8/><F117/><W58/><G112/><T122/><D122/><U113/><E123/><V129/><F129/><W57/><G11/><T64/><D19/><U105/><E105/><V44/><F67/><W21/><G35/><T12/><D106/><U62/><E94/><V119/><F119/><W31/><G32/><T100/><D12/><U38/><E16/><V93/><F93/><W37/><G37/><T91/><D91/><U20/><E20/><V59/><F125/><N who="1" m="47625" /><E81/><V24/><F24/><W34/><G34/><T115/><D115/><U45/><E38/><V132/><F15/><W60/><G60/><N who="1" m="23082" /><E55/><V124/><F124/><W109/><G58/><T131/><D131/><U116/><E113/><V96/><F96/><W25/><G25/><T108/><D99/><U54/><E54/><V4/><F4/><W83/><G49/><T71/><D71/><U22/><E22/><V66/><F36/><W76/><G83/><T10/><D6/><U48/><E48/><N who="2" m="31111" /><F121/><W135/><G80/><T90/><D2/><U1/><E116/><V104/><F120/><W53/><G53/><T28/><D28/><U88/><E7/><V87/><F104/><W101/><G61/><T14/><D14/><U73/><E88/><V23/><F23/><W68/><G21/><T134/><D90/><U95/><E95/><V17/><F5/><W133/><G97/><T27/><D64/><U78/><E77/><RYUUKYOKU ba="0,0" sc="170,-10,330,30,260,-10,240,-10" hai1="0,1,45,47,73,78,82" /><INIT seed="3,1,0,3,0,48" ten="160,360,250,230" oya="3" hai0="93,43,15,75,98,92,64,94,100,6,108,44,2" hai1="33,66,109,133,117,130,68,20,121,120,45,14,40" hai2="41,123,61,115,76,35,51,21,116,113,31,22,55" hai3="12,46,89,23,131,99,18,63,29,134,90,119,135"/><W126/><G119/><T17/><D108/><U114/><E20/><V95/><F116/><W80/><G126/><T30/><D75/><U8/><E14/><V3/><F3/><W25/><G131/><T58/><D30/><U36/><E8/><V86/><F35/><W19/><G19/><T96/><D6/><U4/><E45/><V54/><F123/><W39/><G63/><T132/><D2/><U9/><E40/><V102/><F115/><W72/><G99/><T56/><D64/><U103/><E103/><V10/><F31/><W1/><G1/><T11/><D92/><U32/><E66/><V91/><F113/><W81/><G39/><T27/><D27/><U82/><E82/><N who="3" m="31850" /><G46/><T73/><D73/><U34/><E4/><V7/><F76/><W52/><G72/><T128/><D128/><U50/><E9/><V97/><F10/><W79/><G79/><T107/><D107/><U70/><E50/><V88/><F7/><W13/><G13/><T74/><D74/><U83/><E83/><N who="2" m="49247" /><F102/><W28/><G28/><T122/><D122/><U118/><E33/><V59/><F41/><W38/><G38/><T65/><D65/><U112/><E36/><V47/><AGARI ba="1,0" hai="21,22,47,51,54,55,59,61,91,95,97" m="49247" machi="47" ten="30,7900,0" yaku="8,1,52,2,54,1" doraHai="48" who="2" fromWho="2" sc="160,-21,360,-21,250,82,230,-40" /><INIT seed="4,0,0,4,5,12" ten="139,339,332,190" oya="0" hai0="36,125,77,130,13,123,41,92,64,56,17,10,28" hai1="74,15,117,119,29,121,91,33,54,23,7,95,94" hai2="116,135,98,21,42,65,53,0,67,101,22,90,85" hai3="118,112,114,96,126,73,52,20,51,134,6,2,32"/><T14/><D123/><U39/><E74/><V99/><F116/><W34/><G118/><T48/><D130/><U88/><E39/><V111/><F0/><W35/><G73/><T105/><D105/><U102/><E102/><V82/><F111/><W3/><G134/><T100/><D125/><U62/><E121/><V55/><F42/><W107/><G126/><T87/><D36/><U133/><E133/><V30/><F135/><W46/><G6/><T9/><D28/><U69/><E33/><V75/><F75/><W18/><G107/><T49/><D41/><U24/><E7/><V103/><F30/><W115/><G96/><N who="0" m="59399" /><D64/><U26/><E15/><AGARI ba="0,0" hai="2,3,15,18,20,32,34,35,46,51,52,112,114,115" machi="15" ten="50,6400,0" yaku="15,1,52,1,54,1" doraHai="12" who="3" fromWho="1" sc="139,0,339,-64,332,0,190,64" /><INIT seed="5,0,0,5,5,1" ten="139,275,332,254" oya="1" hai0="97,58,101,26,134,7,96,112,89,80,64,59,91" hai1="107,51,78,127,18,14,103,0,106,75,62,55,53" hai2="87,10,118,52,39,105,129,67,94,28,54,29,4" hai3="23,122,90,109,24,66,21,8,92,104,12,6,40"/><U11/><E127/><V69/><F118/><W41/><G104/><T74/><D112/><U77/><E75/><V125/><F105/><W135/><G122/><T126/><D126/><U100/><E0/><V45/><F125/><W82/><G109/><T110/><D110/><U60/><E106/><V86/><F129/><W61/><G82/><T38/><D38/><U2/><E2/><V128/><F128/><W84/><G135/><T25/><D134/><U102/><E107/><V17/><F39/><W5/><G5/><T130/><D130/><U131/><E131/><V79/><F69/><W119/><G119/><T88/><D64/><U57/><REACH who="1" step="1"/><E60/><REACH who="1" ten="139,265,332,254" step="2"/><V49/><F79/><W35/><G35/><T108/><D108/><U93/><E93/><V83/><F94/><W22/><REACH who="3" step="1"/><G24/><REACH who="3" ten="139,265,332,244" step="2"/><T44/><D26/><U114/><E114/><V16/><F83/><W30/><G30/><T50/><D25/><U48/><E48/><V46/><F49/><W31/><G31/><T76/><D7/><U32/><E32/><V19/><F19/><W95/><G95/><T42/><REACH who="0" step="1"/><D101/><REACH who="0" ten="129,265,332,244" step="2"/><U68/><E68/><AGARI ba="0,3" hai="6,8,12,21,22,23,40,41,61,66,68,84,90,92" machi="68" ten="40,2600,0" yaku="1,1,52,1,53,0" doraHai="1" doraHaiUra="132" who="3" fromWho="1" sc="129,0,265,-26,332,0,244,56" /><INIT seed="6,0,0,5,5,48" ten="129,239,332,300" oya="2" hai0="105,72,93,49,42,25,7,73,41,131,80,74,71" hai1="101,87,111,112,126,0,88,109,99,36,76,134,58" hai2="13,95,89,91,113,54,44,75,51,78,86,83,121" hai3="53,57,33,123,60,24,63,28,11,84,94,17,132"/><V64/><F121/><W81/><G123/><T107/><D71/><U32/><E36/><V1/><F1/><W127/><G127/><T96/><D131/><U50/><E0/><V37/><F64/><W21/><G132/><T128/><D128/><U47/><E32/><V2/><F2/><W68/><G94/><T90/><D7/><U15/><E76/><V124/><F124/><W103/><G103/><T59/><D25/><U116/><E116/><V85/><F37/><W5/><G68/><T9/><D9/><U66/><E15/><V61/><F61/><W79/><G63/><T39/><D39/><U16/><E112/><V106/><F106/><W110/><G110/><T18/><D18/><U56/><E66/><V77/><F113/><W40/><G40/><T114/><D114/><U26/><E134/><V100/><F100/><W46/><G46/><T92/><D41/><U10/><E126/><V22/><F75/><N who="0" m="28746" /><D59/><U43/><E111/><V120/><F120/><W117/><G117/><T129/><D49/><U4/><E4/><V3/><F3/><W108/><G108/><T30/><D30/><U20/><E10/><V14/><F14/><W125/><G125/><T118/><D42/><U35/><E35/><V27/><F13/><N who="3" m="5359" /><G33/><T19/><D19/><AGARI ba="0,0" hai="19,22,27,44,51,54,77,78,83,85,86,89,91,95" machi="19" ten="30,5800,0" yaku="7,1,8,1,52,1" doraHai="48" who="2" fromWho="0" sc="129,-58,239,0,332,58,300,0" /><AGARI ba="0,0" hai="17,19,21,24,28,53,57,60,79,81,84" m="5359" machi="19" ten="30,2000,0" yaku="8,1,52,1" doraHai="48" who="3" fromWho="0" sc="71,-20,239,0,390,0,300,20" /><INIT seed="6,1,0,4,3,121" ten="51,239,390,320" oya="2" hai0="75,100,50,76,84,58,59,12,91,52,29,89,35" hai1="97,131,115,114,46,39,69,93,103,128,8,129,40" hai2="65,34,113,118,77,3,6,19,62,94,49,20,31" hai3="44,42,57,126,18,86,119,108,83,120,66,98,85"/><V122/><F118/><W54/><G119/><T67/><D75/><U7/><REACH who="1" step="1"/><E69/><REACH who="1" ten="51,229,390,320" step="2"/><V95/><F122/><W33/><G120/><T32/><D32/><U10/><E10/><V110/><F34/><W36/><G33/><T55/><D35/><U16/><E16/><V41/><F31/><W102/><G126/><T68/><D29/><U64/><E64/><V0/><F65/><W43/><G66/><T63/><D100/><U28/><E28/><V17/><F19/><W99/><G18/><T9/><D76/><U13/><AGARI ba="1,1" hai="7,8,13,39,40,46,93,97,103,114,115,128,129,131" machi="13" ten="40,8000,1" yaku="21,2,0,1,19,1,53,0" doraHai="121" doraHaiUra="74" who="1" fromWho="1" sc="51,-21,229,93,390,-41,320,-21" /><INIT seed="7,0,0,1,3,122" ten="30,322,349,299" oya="3" hai0="7,47,92,33,102,131,128,8,77,70,2,0,28" hai1="26,11,61,135,64,129,10,60,37,39,58,99,123" hai2="114,112,96,91,75,5,1,17,16,23,51,76,54" hai3="65,21,110,53,111,46,81,50,9,127,15,42,82"/><W84/><G127/><T107/><D47/><U106/><E123/><V66/><F66/><W69/><G21/><T36/><D92/><U130/><E26/><V95/><F5/><W57/><G65/><T79/><D77/><U35/><E35/><V116/><F1/><W108/><G69/><T97/><D79/><U118/><E118/><V12/><F116/><W126/><G126/><T63/><D128/><U89/><E135/><V78/><F75/><W13/><G84/><T44/><D131/><N who="1" m="50187" /><E60/><V121/><F121/><W34/><G34/><T133/><D133/><U101/><E89/><V98/><F98/><W120/><G120/><T73/><D44/><U29/><E29/><V6/><F6/><N who="3" m="3255" /><G15/><T90/><D90/><U80/><E80/><V100/><F100/><W83/><G83/><T41/><D41/><U27/><E27/><N who="2" m="14831" /><F112/><W124/><G124/><T113/><D113/><U93/><E106/><V52/><F54/><W88/><G88/><T24/><D0/><U104/><E104/><V3/><F3/><W45/><G45/><T22/><D22/><U32/><E32/><V132/><F132/><W117/><G117/><T56/><D56/><U109/><E109/><V14/><F114/><W4/><G4/><T38/><REACH who="0" step="1"/><D73/><REACH who="0" ten="20,322,349,299" step="2"/><U40/><E40/><V59/><F78/><W48/><AGARI ba="0,1" hai="42,46,48,50,53,57,81,82,108,110,111" m="3255" machi="48" ten="30,11700,0" yaku="10,1,52,3" doraHai="122" who="3" fromWho="3" sc="20,-39,322,-39,349,-39,299,127" owari="-19,-51.9,283,-11.7,310,11.0,426,52.6" /></mjloggm>