<mjloggm ver="2.3"><GO type="169" lobby="0"/><UN n0="%E3%83%A2%E3%83%B3%E3%82%AD%E3%83%BC%E3%83%88%E3%83%AA%E3%83%83%E3%82%AF" n1="%E4%B8%83%E8%8D%89%E9%A6%99%E6%BE%84" n2="%45%7A%61%6B%69" n3="%4D%41%4B%30%31%30%34" dan="16,16,16,17" rate="2130.06,2161.83,2121.70,2177.73" sx="M,F,M,M"/><TAIKYOKU oya="0"/><INIT seed="0,0,0,3,0,6" ten="250,250,250,250" oya="0" hai0="16,57,62,20,27,87,47,15,43,83,52,78,39" hai1="115,53,65,132,66,107,32,4,49,110,131,41,10" hai2="31,112,64,34,17,96,124,56,75,8,72,122,61" hai3="60,30,42,1,2,89,76,7,46,90,0,63,37"/><T92/><REACH who="0" step="1"/><D92/><REACH who="0" ten="240,250,250,250" step="2"/><U116/><E107/><V103/><F122/><W134/><G134/><T54/><D54/><U24/><E132/><V14/><F112/><W100/><G100/><T133/><D133/><U111/><E115/><V98/><F124/><W12/><G30/><T108/><D108/><U3/><E53/><V11/><F31/><W106/><G106/><T123/><D123/><U40/><E111/><V85/><F34/><W59/><G76/><T95/><D95/><U58/><E32/><V84/><F75/><W5/><G63/><T33/><D33/><U104/><E104/><V19/><F72/><W38/><G38/><T74/><D74/><U68/><E110/><V113/><F113/><W130/><G130/><T21/><D21/><U69/><E131/><V23/><F98/><W51/><G37/><T135/><D135/><U48/><E66/><V50/><F23/><W102/><G102/><T129/><D129/><U91/><E65/><V82/><F103/><W77/><G77/><T71/><D71/><U99/><E69/><V18/><F96/><W73/><G73/><T128/><D128/><U117/><E68/><V35/><F35/><W93/><G93/><T44/><D44/><U70/><E70/><V97/><F97/><W28/><G28/><T101/><D101/><U79/><E79/><V121/><F121/><W119/><G60/><T9/><D9/><U94/><E99/><V67/><F8/><W88/><G46/><T55/><D55/><N who="1" m="32103" /><E94/><V86/><F67/><W105/><G105/><T127/><D127/><U29/><E29/><V22/><F22/><RYUUKYOKU ba="0,1" sc="240,30,250,-10,250,-10,250,-10" hai0="15,16,20,27,39,43,47,52,57,62,78,83,87" /><INIT seed="0,1,1,0,1,19" ten="270,240,240,240" oya="0" hai0="128,103,81,84,8,65,75,21,0,54,85,88,123" hai1="109,90,45,29,59,39,35,38,134,111,98,95,120" hai2="100,9,61,52,86,79,10,64,66,13,115,31,72" hai3="18,6,60,15,104,122,135,82,42,94,22,14,5"/><T44/><D123/><U121/><E134/><V37/><F115/><W130/><G104/><T41/><D128/><U53/><E35/><V127/><F37/><W125/><G135/><T96/><D75/><U70/><E70/><V47/><F127/><W56/><G125/><T32/><D32/><U114/><E114/><V117/><F117/><W132/><G132/><T112/><D112/><U30/><E121/><V89/><F100/><W124/><G124/><T50/><D65/><U110/><E120/><V108/><F108/><W97/><G122/><T119/><D119/><U126/><E126/><V118/><F118/><W68/><G68/><T78/><D21/><U129/><E129/><V46/><F31/><N who="1" m="11785" /><E45/><V27/><F27/><W63/><G42/><T11/><D0/><U26/><E26/><V17/><F79/><W58/><G82/><T48/><D103/><U34/><E34/><V69/><F72/><W77/><G15/><T28/><D96/><U73/><E73/><V62/><F9/><W16/><G18/><T93/><REACH who="0" step="1"/><D28/><REACH who="0" ten="260,240,240,240" step="2"/><U67/><E67/><V57/><REACH who="2" step="1"/><F66/><REACH who="2" ten="260,240,230,240" step="2"/><N who="3" m="39175" /><G130/><T12/><D12/><U131/><E131/><V1/><F1/><W25/><G14/><T105/><D105/><U76/><E111/><V101/><F101/><N who="3" m="60599" /><G77/><T106/><D106/><U113/><E113/><V40/><F40/><W36/><G36/><N who="1" m="13866" /><E76/><V3/><F3/><W107/><G107/><T51/><D51/><N who="1" m="31167" /><E110/><V102/><F102/><W74/><G74/><T116/><D116/><U99/><E109/><V91/><F91/><W2/><G2/><T23/><D23/><U43/><E43/><RYUUKYOKU ba="1,3" sc="260,0,240,0,230,0,240,0" hai0="8,11,41,44,48,50,54,78,81,84,85,88,93" hai1="90,95,98,99" hai2="10,13,17,46,47,52,57,61,62,64,69,86,89" hai3="5,6,16,22,25,58,63" /><INIT seed="0,2,3,0,3,90" ten="260,240,230,240" oya="0" hai0="42,110,76,111,53,13,56,81,71,114,84,98,104" hai1="117,126,10,7,93,46,79,4,89,50,39,95,134" hai2="83,122,40,91,80,133,70,123,35,82,107,5,109" hai3="62,65,22,92,121,135,33,69,86,2,113,88,17"/><T38/><D71/><U32/><E117/><V24/><F70/><W29/><G113/><T87/><D114/><U1/><E39/><V116/><F109/><N who="0" m="41482" /><D38/><U74/><E134/><V21/><F133/><W28/><G135/><T19/><D42/><U64/><E32/><V55/><F35/><W66/><G121/><T26/><D26/><U34/><E34/><V72/><F107/><W77/><G2/><T100/><D19/><U20/><E126/><V129/><F72/><W11/><G11/><T36/><D36/><U57/><E4/><V78/><F78/><W18/><G18/><T45/><D45/><U119/><E119/><V106/><F106/><W131/><G131/><T31/><D13/><U128/><E128/><V44/><F116/><W63/><G33/><T120/><D31/><U9/><E9/><V112/><F112/><W41/><G41/><T54/><D120/><U103/><E103/><V14/><F129/><W97/><G66/><T118/><D118/><U61/><E89/><V52/><F122/><W85/><G63/><N who="0" m="36239" /><D54/><U12/><E1/><V8/><F123/><W58/><G69/><T94/><D104/><U27/><E46/><V43/><F40/><W105/><G105/><T25/><D25/><U30/><REACH who="1" step="1"/><E50/><REACH who="1" ten="260,230,230,240" step="2"/><N who="2" m="26911" /><F91/><W3/><G3/><T59/><D59/><U99/><E99/><V47/><F47/><W37/><G37/><T108/><D108/><U115/><E115/><V6/><F6/><W68/><G68/><T23/><D23/><U0/><E0/><V67/><F67/><W102/><G22/><T15/><D15/><U124/><E124/><RYUUKYOKU ba="2,4" sc="260,10,230,10,230,10,240,-30" hai0="76,81,84,87,94,98,100" hai1="7,10,12,20,27,30,57,61,64,74,79,93,95" hai2="5,8,14,21,24,52,55,80,82,83" /><INIT seed="0,3,4,5,2,68" ten="270,240,240,210" oya="0" hai0="86,92,119,134,69,103,83,49,17,93,98,31,122" hai1="117,33,94,89,40,96,72,60,13,107,127,70,25" hai2="109,125,42,41,48,39,105,79,14,2,37,97,135" hai3="115,3,64,110,66,91,78,133,126,43,111,131,123"/><T10/><D69/><U15/><E117/><V36/><F2/><W112/><G3/><T82/><D122/><U20/><E127/><V52/><F125/><W102/><G126/><T29/><D119/><U61/><E72/><V59/><F109/><N who="3" m="41483" /><G123/><T51/><D134/><U71/><E33/><V12/><F135/><W80/><G133/><T18/><D10/><U30/><E107/><V67/><F79/><W65/><G131/><T77/><D83/><U4/><E71/><V32/><F32/><W8/><G8/><T9/><D93/><U50/><E70/><V108/><F108/><W75/><G102/><T24/><D31/><U46/><REACH who="1" step="1"/><E4/><REACH who="1" ten="270,230,240,210" step="2"/><V21/><F67/><W58/><G115/><T45/><D9/><U34/><E34/><V44/><F21/><W120/><G112/><T121/><D121/><U26/><E26/><V118/><F118/><W38/><G120/><T85/><D85/><U57/><E57/><V11/><F59/><W99/><G58/><T116/><D116/><U54/><E54/><V106/><F106/><W55/><G55/><N who="0" m="30127" /><D51/><U81/><E81/><V0/><F0/><W56/><G56/><T5/><D5/><U22/><E22/><AGARI ba="3,5" hai="17,18,22,24,29,77,82,86,92,98,103" m="30127" machi="22" ten="30,1500,0" yaku="8,1" doraHai="68" who="0" fromWho="1" sc="270,74,230,-24,240,0,210,0" /><INIT seed="0,4,0,2,4,76" ten="344,206,240,210" oya="0" hai0="48,33,37,51,41,109,127,18,133,7,126,65,35" hai1="21,58,106,3,110,69,40,134,118,54,97,73,24" hai2="11,6,96,32,116,91,66,45,128,93,34,39,12" hai3="61,129,57,104,16,82,74,30,94,100,2,72,9"/><T19/><D37/><U123/><E123/><V85/><F128/><W5/><G129/><T111/><D65/><U36/><E118/><V50/><F39/><W122/><G122/><T79/><D79/><U121/><E121/><V108/><F108/><N who="0" m="41546" /><D41/><U62/><E110/><V114/><F114/><W90/><G30/><T81/><D81/><U113/><E113/><V14/><F116/><W131/><G131/><T120/><D120/><U83/><E134/><V70/><F14/><W105/><G100/><T88/><D88/><U29/><E69/><V0/><F0/><W28/><G28/><T103/><D103/><U31/><E3/><V84/><F70/><W15/><G72/><T132/><D7/><U95/><E83/><V13/><F13/><W1/><G1/><T99/><D99/><U71/><E73/><V60/><F34/><N who="0" m="12810" /><D48/><U56/><E71/><V115/><F32/><W68/><G68/><T124/><D51/><U130/><E130/><V55/><F115/><W92/><G74/><T23/><D23/><U44/><E21/><V64/><F60/><W101/><G101/><T135/><AGARI ba="4,0" hai="18,19,124,126,127,132,133,135" m="12810,41546" machi="135" ten="50,24000,3" yaku="28,2,18,1,20,1,14,1,10,1,34,2" doraHai="76" who="0" fromWho="0" sc="344,252,206,-84,240,-84,210,-84" /><INIT seed="0,5,0,3,0,62" ten="596,122,156,126" oya="0" hai0="44,69,43,40,79,36,37,80,74,96,88,4,28" hai1="124,93,48,118,61,101,127,35,10,49,31,17,108" hai2="115,72,51,125,21,38,114,41,100,30,73,23,75" hai3="81,45,12,53,50,1,3,13,120,102,0,58,111"/><T105/><D28/><U78/><E118/><V119/><F38/><W103/><G111/><T86/><D69/><U26/><E78/><V98/><F119/><W27/><G120/><T9/><D105/><U99/><E108/><V6/><F125/><N who="1" m="48201" /><E61/><V46/><F6/><W56/><G27/><T126/><D96/><U84/><E84/><V68/><F68/><W32/><G32/><T20/><D20/><U87/><E87/><V24/><REACH who="2" step="1"/><F23/><REACH who="2" ten="596,122,146,126" step="2"/><W135/><G135/><T7/><D126/><U104/><E104/><AGARI ba="5,1" hai="21,24,30,41,46,51,72,73,75,98,100,104,114,115" machi="104" ten="40,2600,0" yaku="1,1,2,1,53,0" doraHai="62" doraHaiUra="29" who="2" fromWho="1" sc="596,0,122,-41,146,51,126,0" /><INIT seed="1,0,0,5,4,103" ten="596,81,197,126" oya="1" hai0="116,67,101,44,15,124,43,7,79,80,96,76,114" hai1="3,125,58,33,35,131,61,122,4,34,36,25,53" hai2="134,99,93,111,98,9,39,51,120,59,65,82,89" hai3="100,95,105,69,23,133,2,117,10,37,126,26,54"/><U64/><E122/><V132/><F39/><W1/><G69/><T0/><D116/><U70/><E131/><V28/><F120/><W110/><G37/><T29/><D114/><U90/><E125/><V85/><F111/><W129/><G110/><T86/><D124/><U81/><E36/><V74/><F28/><W55/><G126/><T107/><D67/><U52/><E3/><V57/><F9/><W16/><G129/><T135/><D135/><N who="2" m="51754" /><F65/><W88/><G133/><T22/><D0/><U41/><E4/><V30/><F30/><W24/><G24/><T106/><D29/><U109/><E109/><V118/><F118/><W75/><G75/><T130/><D130/><U47/><E70/><V40/><F40/><W94/><G117/><T50/><D79/><U8/><E8/><V60/><F51/><W113/><G113/><T77/><D77/><U104/><E25/><V14/><F14/><W21/><G21/><T17/><D7/><U18/><E18/><V87/><F74/><W46/><G10/><T115/><D115/><U72/><E72/><V97/><F60/><W62/><G62/><T48/><D48/><U11/><E11/><V102/><F102/><W32/><G1/><T112/><D112/><U92/><E33/><V63/><F63/><W119/><G32/><T49/><D50/><N who="1" m="26991" /><E34/><V45/><F45/><W31/><G46/><T68/><D68/><U19/><E35/><V108/><F108/><W128/><G2/><T83/><D80/><U56/><E81/><V123/><F123/><W66/><G128/><T121/><D121/><U127/><E127/><RYUUKYOKU ba="0,0" sc="596,15,81,-15,197,15,126,-15" hai0="15,17,22,43,44,49,76,83,86,96,101,106,107" hai2="57,59,82,85,87,89,93,97,98,99" /><INIT seed="2,1,0,5,0,29" ten="611,66,212,111" oya="2" hai0="120,81,7,110,57,0,79,1,112,131,102,13,23" hai1="40,54,70,129,92,17,56,100,98,63,126,74,15" hai2="65,45,35,89,124,66,41,132,135,62,107,37,97" hai3="113,123,78,42,55,27,61,85,19,94,9,75,84"/><V3/><F3/><W108/><G123/><T48/><D120/><U80/><E129/><V8/><F8/><W31/><G108/><T104/><D112/><U68/><E126/><V91/><F124/><W125/><G113/><T106/><D131/><U130/><E130/><V43/><F43/><W133/><G125/><T5/><D110/><U96/><E40/><V116/><F116/><W52/><G133/><N who="2" m="51273" /><F66/><W21/><G42/><T18/><D102/><U103/><E80/><V114/><F114/><W38/><G38/><T87/><D1/><U36/><E74/><V58/><F35/><W14/><G75/><T16/><D0/><U39/><E39/><V28/><F28/><W2/><G61/><T4/><D4/><U12/><E36/><V22/><F22/><W10/><G10/><N who="0" m="6199" /><D104/><U49/><E63/><V99/><F107/><W53/><G78/><T128/><D106/><U33/><E33/><V77/><F77/><W20/><G2/><T119/><D119/><U111/><E111/><V93/><F99/><W67/><G67/><T6/><D128/><U69/><REACH who="1" step="1"/><E17/><REACH who="1" ten="611,56,212,111" step="2"/><V109/><F109/><W64/><G64/><T118/><D118/><U34/><E34/><V51/><F37/><W101/><G21/><T71/><D71/><U30/><E30/><V47/><F47/><W122/><G122/><T83/><D81/><U26/><E26/><V24/><F24/><W105/><G105/><AGARI ba="1,1" hai="12,15,49,54,56,68,69,70,92,96,98,100,103,105" machi="105" ten="40,1300,0" yaku="1,1,53,0" doraHai="29" doraHaiUra="73" who="1" fromWho="3" sc="611,0,56,26,212,0,111,-16" /><INIT seed="3,0,0,3,2,109" ten="611,82,212,95" oya="3" hai0="69,130,85,12,14,79,34,82,126,111,24,120,94" hai1="23,107,58,39,129,22,11,73,122,25,119,45,75" hai2="55,3,2,80,99,10,19,135,74,88,38,47,110" hai3="56,128,134,51,131,44,0,114,63,71,31,13,124"/><W104/><G0/><T83/><D69/><U70/><E122/><V116/><F116/><W87/><G104/><T48/><D120/><U29/><E70/><V26/><F110/><W37/><G31/><T96/><D126/><U18/><E119/><V81/><F135/><W35/><G35/><T7/><D130/><N who="3" m="49705" /><G134/><T4/><D111/><U90/><E129/><V59/><F3/><W54/><G87/><N who="0" m="48607" /><D24/><U6/><E107/><V113/><F74/><W20/><G124/><T101/><D48/><U123/><E123/><V76/><F76/><W9/><G20/><T89/><D34/><U5/><E58/><V72/><F72/><W32/><G32/><T65/><D65/><U93/><E45/><V66/><F2/><W84/><G84/><T106/><D106/><U52/><E39/><V49/><F66/><N who="3" m="41439" /><G37/><T57/><D57/><U103/><E75/><V133/><F59/><W112/><G56/><T115/><D115/><U118/><E73/><V132/><F113/><W46/><G44/><T15/><AGARI ba="0,0" hai="4,7,12,14,15,83,85,89,94,96,101" m="48607" machi="15" ten="30,1100,0" yaku="8,1" doraHai="109" who="0" fromWho="0" sc="611,11,82,-3,212,-3,95,-5" /><INIT seed="4,0,0,2,0,91" ten="622,79,209,90" oya="0" hai0="74,8,68,133,111,69,61,98,82,3,17,89,15" hai1="130,12,117,22,56,83,107,78,96,123,43,1,87" hai2="90,62,52,122,97,18,66,35,16,44,20,14,124" hai3="4,37,39,30,102,131,51,94,29,121,105,86,109"/><T113/><D3/><U77/><E123/><V0/><F122/><W38/><G121/><T10/><D111/><U7/><E117/><V73/><F35/><W63/><G109/><T13/><D113/><U65/><E130/><V25/><F0/><W81/><G105/><T57/><D133/><U92/><E107/><V67/><F73/><W99/><G131/><T33/><D33/><U40/><E1/><V70/><F124/><W112/><G112/><T55/><D74/><U88/><E77/><V9/><F70/><W118/><G4/><T28/><D28/><U36/><E36/><V46/><F46/><W125/><G118/><T120/><D120/><U48/><E22/><V50/><F62/><W115/><G115/><T58/><D58/><U93/><E93/><AGARI ba="0,0" hai="9,14,16,18,20,25,44,50,52,66,67,90,93,97" machi="93" ten="40,8000,1" yaku="8,1,52,1,54,2" doraHai="91" who="2" fromWho="1" sc="622,0,79,-80,209,80,90,0" owari="622,72.2,-1,-50.1,289,8.9,90,-31.0" /></mjloggm>