<mjloggm ver="2.3"><GO type="169" lobby="0"/><UN n0="%E8%8B%B1%E5%9B%BD%E5%A3%B2%E5%8D%B4" n1="%E3%82%8F%E3%81%98" n2="%52%65%61%6C%58" n3="%E3%81%94%E3%83%BC%E3%81%A9%E3%82%93" dan="17,16,16,16" rate="2214.43,2128.82,2175.15,2094.03" sx="M,M,F,M"/><TAIKYOKU oya="0"/><INIT seed="0,0,0,3,3,12" ten="250,250,250,250" oya="0" hai0="56,111,61,20,19,120,18,23,133,88,39,98,70" hai1="78,53,54,106,65,86,49,16,62,128,132,42,92" hai2="127,21,26,44,116,104,79,48,43,80,135,100,89" hai3="71,131,81,87,115,126,45,105,117,119,17,32,97"/><T118/><D118/><U96/><E106/><V110/><F116/><W47/><G115/><T99/><D120/><U41/><E128/><V58/><F110/><W29/><G71/><T28/><D70/><U35/><E35/><V1/><F1/><W60/><G131/><T10/><D39/><U123/><E132/><V13/><F135/><W129/><G129/><T107/><D107/><U74/><E74/><V108/><F108/><W15/><G126/><T2/><D2/><U94/><E62/><V114/><F127/><W121/><G121/><T38/><D38/><U93/><E65/><V85/><F114/><W91/><G60/><T4/><D133/><U25/><E96/><V103/><F13/><W113/><G113/><T33/><D33/><U31/><E31/><V112/><F112/><W130/><G130/><T0/><D28/><U24/><E24/><V124/><F124/><W109/><G109/><T55/><D111/><U64/><E64/><V9/><F9/><N who="3" m="6383" /><G119/><T82/><D82/><N who="1" m="47447" /><E54/><V63/><F79/><W46/><G117/><T66/><D66/><U83/><E83/><V3/><F3/><W68/><G68/><T50/><D61/><U5/><E5/><V72/><F72/><W77/><G105/><T73/><D73/><U7/><E7/><V14/><F104/><W125/><G125/><T36/><D36/><U134/><E134/><V30/><F14/><W52/><G97/><N who="0" m="36875" /><D88/><U84/><E123/><V27/><F27/><N who="3" m="18495" /><G91/><T57/><D57/><N who="1" m="32943" /><E84/><V40/><F43/><W122/><G122/><T95/><D95/><U22/><AGARI ba="0,0" hai="16,22,25,41,42,92,93,94" m="32943,47447" machi="22" ten="30,4000,0" yaku="8,1,52,1,54,1" doraHai="12" who="1" fromWho="1" sc="250,-20,250,40,250,-10,250,-10" /><INIT seed="1,0,0,5,3,15" ten="230,290,240,240" oya="1" hai0="35,21,7,4,45,57,116,5,122,36,67,95,97" hai1="80,26,120,29,94,105,38,76,23,79,115,58,77" hai2="55,54,30,20,81,89,33,109,53,135,72,31,64" hai3="10,96,118,107,100,71,59,119,9,2,28,93,52"/><U70/><E70/><V104/><F104/><W0/><G71/><T62/><D116/><N who="3" m="44585" /><G28/><T124/><D35/><U99/><E105/><V47/><F109/><W130/><G130/><T43/><D124/><U66/><E38/><V125/><F135/><W63/><G107/><T102/><D122/><U13/><E115/><V37/><F125/><W69/><G69/><T103/><D103/><U78/><E120/><V111/><F111/><W16/><G10/><T42/><D42/><U12/><E58/><V83/><F83/><W41/><BYE who="2" /><G41/><T24/><REACH who="0" step="1"/><D4/><REACH who="0" ten="220,290,240,240" step="2"/><U73/><REACH who="1" step="1"/><E66/><REACH who="1" ten="220,280,240,240" step="2"/><V74/><F74/><W113/><G113/><T134/><D134/><U22/><E22/><UN n2="%52%65%61%6C%58" /><V91/><F64/><W82/><G82/><T39/><D39/><U129/><E129/><V87/><F72/><W133/><G133/><T112/><D112/><U49/><E49/><V123/><F37/><W98/><G98/><T101/><D101/><AGARI ba="0,2" hai="12,13,23,26,29,73,76,77,78,79,80,94,99,101" machi="101" ten="40,7700,0" yaku="1,1,53,2" doraHai="15" doraHaiUra="11" who="1" fromWho="0" sc="220,-77,280,97,240,0,240,0" /><INIT seed="1,1,0,5,4,29" ten="143,377,240,240" oya="1" hai0="113,35,36,17,133,87,51,110,14,27,15,16,129" hai1="116,13,55,75,100,24,44,49,73,57,104,130,19" hai2="118,68,0,98,132,78,95,46,79,107,5,86,119" hai3="109,9,126,39,6,131,89,61,4,72,71,135,123"/><U115/><E115/><V8/><F68/><W122/><G72/><T77/><D113/><U93/><E104/><V105/><F132/><W56/><G109/><T80/><D36/><U34/><E116/><V32/><F79/><W33/><G71/><T69/><D69/><U85/><E130/><V94/><F46/><W26/><G39/><T101/><D133/><U23/><E44/><V64/><F64/><W41/><G41/><T40/><D129/><U84/><E84/><V70/><F70/><W127/><G89/><T52/><D40/><U63/><E63/><V117/><F32/><W12/><G4/><T1/><D1/><U62/><E62/><V53/><F53/><N who="3" m="33935" /><G131/><T54/><D101/><U103/><E103/><V60/><F60/><W42/><G42/><T31/><D110/><U106/><E106/><V2/><F0/><W28/><G135/><T82/><D82/><U21/><E34/><V18/><F107/><W59/><G59/><T121/><D121/><U47/><E47/><V83/><F105/><W30/><G30/><T10/><D51/><U97/><REACH who="1" step="1"/><E85/><REACH who="1" ten="143,367,240,240" step="2"/><V7/><F117/><W11/><G11/><AGARI ba="1,1" hai="10,11,14,15,16,17,27,31,35,52,54,77,80,87" machi="11" ten="30,8000,1" yaku="7,1,9,1,52,1,54,2" doraHai="29" who="0" fromWho="3" sc="143,93,367,0,240,0,240,-83" /><INIT seed="2,0,0,4,3,2" ten="236,367,240,157" oya="2" hai0="134,75,129,135,63,121,58,21,13,1,60,93,126" hai1="88,98,31,94,28,25,133,80,123,34,49,51,99" hai2="124,26,29,10,43,33,8,41,110,4,23,86,59" hai3="15,116,46,56,9,50,52,104,89,84,0,54,36"/><V68/><F68/><W57/><G116/><T47/><D121/><U92/><E123/><V122/><F122/><W18/><G104/><T64/><D1/><U125/><E125/><V85/><F124/><W127/><G127/><T48/><D126/><U109/><E109/><V77/><F110/><W53/><G36/><T30/><D75/><U95/><E133/><V44/><F59/><W102/><G102/><T128/><D93/><U39/><E39/><V70/><F70/><W120/><G120/><T27/><D63/><U6/><E6/><V118/><F118/><W119/><G119/><T87/><D87/><U105/><E31/><V96/><F96/><W90/><G0/><T83/><D83/><U76/><E105/><V69/><F69/><W42/><REACH who="3" step="1"/><G90/><REACH who="3" ten="236,367,240,147" step="2"/><T113/><D113/><U108/><E108/><V114/><F114/><W14/><G14/><T73/><D13/><U97/><REACH who="1" step="1"/><E88/><REACH who="1" ten="236,357,240,147" step="2"/><V78/><F77/><W132/><G132/><T82/><D135/><U103/><E103/><V91/><F78/><W24/><G24/><T45/><D134/><U61/><E61/><V67/><F91/><W40/><G40/><T16/><D27/><U38/><E38/><V101/><F101/><W3/><G3/><T32/><D60/><U19/><E19/><V111/><F111/><W79/><G79/><T130/><D16/><U12/><E12/><V131/><F43/><W74/><G74/><AGARI ba="0,2" hai="25,28,34,49,51,74,76,80,92,94,95,97,98,99" machi="74" ten="40,2600,0" yaku="1,1,53,1" doraHai="2" doraHaiUra="22" who="1" fromWho="3" sc="236,0,357,46,240,0,147,-26" /><INIT seed="3,0,0,1,2,20" ten="236,403,240,121" oya="3" hai0="129,47,29,39,53,64,92,22,89,71,100,26,41" hai1="134,56,9,130,49,33,19,61,12,31,83,58,95" hai2="98,14,126,38,96,46,110,27,25,16,44,74,121" hai3="131,10,57,97,34,6,17,124,66,21,107,36,87"/><W60/><G131/><T5/><D129/><U76/><E130/><V30/><F74/><W75/><G75/><T122/><D122/><U103/><E134/><V43/><F121/><W135/><G135/><T54/><D5/><U132/><E132/><V77/><F77/><W105/><G34/><T102/><D64/><U112/><E112/><V101/><F110/><W73/><G73/><T79/><D79/><U13/><E31/><V48/><F30/><W94/><G36/><T115/><D71/><U90/><E103/><V119/><F119/><W37/><G87/><T59/><D115/><U106/><E106/><V35/><F35/><W7/><G37/><T104/><D104/><U65/><E33/><V42/><F126/><W2/><G6/><T62/><REACH who="0" step="1"/><D54/><REACH who="0" ten="226,403,240,121" step="2"/><U133/><E65/><V108/><F108/><W1/><G1/><T70/><D70/><U50/><E133/><V69/><F69/><W113/><G113/><T120/><D120/><U45/><E76/><V116/><F116/><W15/><REACH who="3" step="1"/><G124/><REACH who="3" ten="226,403,240,111" step="2"/><T72/><D72/><U114/><E114/><V91/><F98/><AGARI ba="0,2" hai="22,26,29,39,41,47,53,59,62,89,92,98,100,102" machi="98" ten="30,3900,0" yaku="1,1,7,1,52,1,53,0" doraHai="20" doraHaiUra="67" who="0" fromWho="2" sc="226,59,403,0,240,-39,111,0" /><INIT seed="4,0,0,5,5,122" ten="285,403,201,111" oya="0" hai0="5,51,25,78,118,48,77,67,114,124,18,64,62" hai1="17,63,12,3,65,56,55,68,46,19,33,121,66" hai2="102,96,58,101,80,84,107,81,21,49,103,73,111" hai3="59,57,54,27,38,76,69,4,113,28,82,97,31"/><T95/><D118/><U26/><E3/><V110/><F58/><W47/><G113/><T1/><D1/><U41/><E121/><V2/><F49/><N who="0" m="19018" /><D114/><U16/><E33/><V40/><F40/><W22/><G69/><T100/><D5/><U83/><E83/><V115/><F21/><W29/><G4/><T126/><D95/><U130/><E130/><V129/><F2/><W75/><G97/><T32/><D100/><N who="2" m="38506" /><F129/><W6/><G6/><T86/><D86/><U10/><E68/><V53/><F53/><W104/><G104/><T133/><D133/><U8/><E26/><V89/><F115/><W70/><G70/><T88/><D88/><U131/><E131/><V23/><F23/><W85/><G75/><T42/><D42/><U52/><E55/><V99/><F99/><W128/><G128/><T105/><D105/><U44/><E12/><V117/><F117/><W116/><G116/><T87/><D87/><U11/><E41/><V45/><F45/><AGARI ba="0,0" hai="8,10,11,16,17,19,44,45,46,52,56,63,65,66" machi="45" ten="40,5200,0" yaku="8,1,54,2" doraHai="122" who="1" fromWho="2" sc="285,0,403,52,201,-52,111,0" /><INIT seed="5,0,0,3,2,14" ten="285,455,149,111" oya="1" hai0="77,74,12,52,69,15,27,103,81,70,130,121,25" hai1="23,37,68,56,90,127,102,46,30,76,118,98,113" hai2="117,9,40,28,132,44,85,80,0,125,17,84,73" hai3="65,31,7,104,71,86,5,107,79,131,105,13,42"/><U39/><E68/><V8/><F117/><W53/><G131/><T48/><D130/><U94/><E118/><V29/><F125/><W88/><G42/><T97/><D121/><U20/><E127/><V116/><F132/><W123/><G123/><T50/><D50/><U38/><E113/><V72/><F116/><W96/><G31/><T24/><D69/><U43/><E76/><V119/><F119/><W3/><G3/><T110/><D70/><U55/><E102/><V32/><F32/><W135/><G135/><T49/><D49/><U11/><E11/><V87/><F9/><W51/><G79/><T124/><D110/><U99/><E99/><V57/><F57/><W122/><G96/><T100/><D124/><U78/><E78/><V6/><F80/><W4/><G122/><T58/><REACH who="0" step="1"/><D100/><REACH who="0" ten="275,455,149,111" step="2"/><U45/><E38/><V106/><F40/><W93/><G71/><T95/><AGARI ba="0,1" hai="12,15,24,25,27,48,52,58,74,77,81,95,97,103" machi="95" ten="30,12000,2" yaku="1,1,2,1,0,1,54,1,53,3" doraHai="14" doraHaiUra="21" who="0" fromWho="0" sc="275,130,455,-60,149,-30,111,-30" /><INIT seed="6,0,0,1,3,38" ten="405,395,119,81" oya="2" hai0="127,120,28,47,15,105,13,40,95,126,59,114,31" hai1="107,130,111,57,27,51,76,23,50,2,33,119,132" hai2="106,52,48,117,6,90,56,39,21,67,85,108,68" hai3="32,102,121,135,17,128,14,78,79,113,88,101,8"/><V11/><F117/><W24/><G121/><T131/><D105/><U118/><E107/><V74/><F106/><W62/><G135/><T53/><D120/><U0/><E33/><V37/><F108/><W58/><G128/><T87/><D131/><U100/><E100/><V116/><F116/><W42/><G113/><T19/><D114/><U98/><E98/><V80/><F74/><W125/><G125/><N who="0" m="47627" /><D87/><U63/><E111/><V115/><F115/><W110/><G110/><T129/><D95/><U124/><E124/><V18/><F67/><W104/><G104/><T89/><D89/><U97/><E97/><V26/><REACH who="2" step="1"/><F68/><REACH who="2" ten="405,395,109,81" step="2"/><W83/><G102/><T72/><D72/><U5/><E118/><V36/><F36/><W10/><G101/><T94/><D129/><U99/><E119/><V43/><F43/><W9/><G42/><T77/><D40/><U45/><E130/><V49/><F49/><W65/><G32/><T20/><D53/><U12/><E51/><V133/><F133/><W103/><G103/><T3/><D3/><AGARI ba="0,1" hai="3,6,11,18,21,26,37,39,48,52,56,80,85,90" machi="3" ten="30,5800,0" yaku="1,1,7,1,54,1,53,0" doraHai="38" doraHaiUra="75" who="2" fromWho="0" sc="405,-58,395,0,109,68,81,0" /><INIT seed="6,1,0,5,5,49" ten="347,395,177,81" oya="2" hai0="105,80,90,133,109,36,135,10,15,100,27,107,85" hai1="96,46,84,83,111,81,132,89,7,121,62,120,41" hai2="98,33,78,116,86,58,118,3,129,25,117,72,92" hai3="75,76,63,16,70,55,31,19,113,39,130,93,24"/><V59/><F3/><W26/><G130/><T61/><D109/><U106/><E111/><V11/><F72/><W95/><G39/><T104/><D36/><U73/><E132/><N who="0" m="50761" /><D27/><U60/><E7/><V68/><F68/><W2/><G2/><T52/><D100/><N who="1" m="62727" /><E81/><V57/><F129/><W122/><G122/><N who="1" m="47210" /><E73/><V6/><F86/><W22/><G113/><T108/><D108/><U110/><E110/><V35/><F78/><W28/><G76/><T71/><D71/><U119/><E119/><V128/><F128/><W51/><G75/><T43/><D43/><U65/><E65/><V50/><F25/><W97/><G63/><T124/><D124/><U88/><E89/><V21/><F21/><W13/><G70/><T32/><D32/><U66/><E66/><V101/><F33/><W123/><G123/><T38/><D38/><AGARI ba="1,0" hai="38,41,46,60,62,83,84,88" m="47210,62727" machi="38" ten="30,2000,0" yaku="13,1,54,1" doraHai="49" who="1" fromWho="0" sc="347,-23,395,23,177,0,81,0" /><INIT seed="7,0,0,1,5,7" ten="324,418,177,81" oya="3" hai0="82,88,61,99,42,120,102,35,130,65,115,122,32" hai1="24,100,5,55,23,81,90,8,69,31,121,77,22" hai2="131,101,21,107,37,40,17,119,56,109,87,19,108" hai3="86,49,10,60,118,29,34,58,80,94,62,129,4"/><W9/><G118/><T12/><D130/><U38/><E121/><V127/><F119/><W105/><G105/><T103/><D42/><U15/><E38/><V20/><F40/><W59/><G129/><T97/><D115/><U51/><E69/><V106/><F131/><W95/><G34/><T125/><D125/><U0/><E100/><V18/><F56/><N who="3" m="21547" /><G29/><T2/><D2/><U11/><E90/><V71/><F71/><W26/><G26/><T93/><D61/><N who="3" m="23657" /><G49/><T132/><D132/><U91/><E51/><V112/><F37/><W45/><G45/><T47/><D47/><U46/><E46/><V110/><F112/><W13/><G9/><T44/><D44/><U64/><E11/><V114/><F114/><W104/><G104/><T3/><D3/><U92/><E0/><V83/><F106/><W6/><G6/><T14/><D65/><U126/><E64/><V30/><F30/><W54/><G54/><T48/><D48/><U123/><E55/><V78/><F127/><W124/><G124/><T33/><D82/><U116/><E126/><V39/><F39/><W134/><G134/><T79/><D79/><AGARI ba="0,0" hai="4,10,13,79,80,86,94,95" m="23657,21547" machi="79" ten="30,2900,0" yaku="8,1,52,1" doraHai="7" who="3" fromWho="0" sc="324,-29,418,0,177,0,81,29" /><INIT seed="7,1,0,5,1,95" ten="295,418,177,110" oya="3" hai0="77,45,84,86,29,122,107,26,10,67,22,40,81" hai1="74,88,4,27,79,97,28,48,123,51,13,17,101" hai2="124,5,98,126,16,117,23,114,39,31,14,0,85" hai3="82,73,6,33,119,53,75,66,89,55,1,32,30"/><W43/><G119/><T120/><D107/><U129/><E123/><V21/><F39/><W7/><G43/><T72/><D67/><U65/><E65/><V133/><F85/><W111/><G66/><T47/><D47/><U70/><E70/><V11/><F117/><W38/><G38/><T63/><D63/><U62/><E4/><V3/><F114/><W99/><G111/><T105/><D105/><U109/><E62/><V8/><F133/><W35/><G30/><T87/><REACH who="0" step="1"/><D10/><REACH who="0" ten="285,418,177,110" step="2"/><U18/><E109/><V91/><F11/><W71/><G71/><T37/><AGARI ba="1,1" hai="22,26,29,37,40,45,72,77,81,84,86,87,120,122" machi="37" ten="30,7900,0" yaku="1,1,2,1,0,1,53,1" doraHai="95" doraHaiUra="104" who="0" fromWho="0" sc="285,92,418,-21,177,-21,110,-40" owari="377,17.7,397,49.7,156,-24.4,70,-43.0" /></mjloggm>