<mjloggm ver="2.3"><GO type="169" lobby="0"/><UN n0="%E6%BB%9D%E6%9C%AC%E3%81%B2%E3%81%B5%E3%81%BF%EF%BC%81" n1="%E3%81%BD%E3%81%A3%E3%81%91%E3%81%95%E3%82%93" n2="%E6%99%82%E8%A8%88%E5%9D%82%E9%9B%B6" n3="%70%70%61%61%6F%6F" dan="16,16,16,17" rate="2185.88,2164.77,2131.93,2183.30" sx="M,M,M,M"/><TAIKYOKU oya="0"/><INIT seed="0,0,0,1,5,18" ten="250,250,250,250" oya="0" hai0="17,6,67,54,94,63,93,38,19,116,31,130,105" hai1="87,12,75,78,103,15,106,115,33,22,134,27,51" hai2="86,109,49,122,120,46,102,129,114,41,88,58,35" hai3="47,108,53,23,14,57,90,101,79,97,128,127,124"/><T24/><D105/><U99/><E134/><V64/><F35/><W85/><G108/><T133/><D116/><U98/><E33/><V7/><F114/><W118/><G118/><T125/><D38/><U36/><E36/><V48/><F109/><W104/><G128/><T45/><D125/><N who="3" m="48201" /><G47/><T135/><D6/><U131/><E131/><V74/><F74/><W13/><G79/><T91/><D130/><U112/><E75/><V1/><F102/><W3/><G3/><T10/><D54/><U25/><E51/><V73/><F73/><W77/><G77/><T81/><D45/><U82/><E27/><V76/><F76/><W110/><G23/><T8/><D81/><U95/><E112/><V69/><F129/><W21/><G21/><T66/><D63/><U107/><E115/><V68/><F1/><W42/><G42/><T117/><D117/><U43/><E43/><V92/><F7/><W37/><G37/><T70/><D70/><U121/><E121/><V59/><F59/><W72/><G72/><T100/><D100/><U5/><E5/><V89/><F89/><W61/><G110/><T34/><D91/><U56/><E56/><V126/><F126/><W62/><G62/><T11/><D133/><U20/><E20/><V40/><F120/><W113/><G113/><T16/><REACH who="0" step="1"/><D135/><REACH who="0" ten="240,250,250,250" step="2"/><U119/><E119/><V0/><F46/><W28/><G61/><T65/><AGARI ba="0,1" hai="8,10,11,16,17,19,24,31,34,65,66,67,93,94" machi="65" ten="40,18000,2" yaku="1,1,2,1,0,1,29,2,54,1,53,0" doraHai="18" doraHaiUra="123" who="0" fromWho="0" sc="240,190,250,-60,250,-60,250,-60" /><INIT seed="0,1,0,1,5,28" ten="430,190,190,190" oya="0" hai0="19,99,48,23,80,0,20,67,102,81,40,106,73" hai1="60,11,83,42,26,91,69,43,24,64,39,10,113" hai2="77,117,59,53,110,45,54,38,103,58,98,95,29" hai3="22,127,88,15,21,123,16,71,82,1,85,50,51"/><T129/><D0/><U27/><E113/><V132/><F110/><W33/><G127/><T104/><D129/><U35/><E35/><V65/><F132/><W70/><G71/><T68/><D104/><U84/><REACH who="1" step="1"/><E39/><REACH who="1" ten="430,180,190,190" step="2"/><V94/><F38/><W37/><G33/><T90/><D20/><U124/><E124/><V13/><F117/><W44/><G37/><T49/><D73/><U63/><E63/><V2/><F2/><W74/><G1/><T86/><D48/><U4/><E4/><V89/><F29/><W17/><G74/><T14/><D49/><U61/><E61/><V32/><F32/><W31/><G123/><T97/><D40/><AGARI ba="1,1" hai="10,11,24,26,27,40,42,43,60,64,69,83,84,91" machi="40" ten="40,1300,0" yaku="1,1,53,0" doraHai="28" doraHaiUra="72" who="1" fromWho="0" sc="430,-16,180,26,190,0,190,0" /><INIT seed="1,0,0,3,5,133" ten="414,206,190,190" oya="1" hai0="14,119,93,107,26,120,63,58,110,7,22,30,123" hai1="70,32,78,47,73,76,99,132,86,61,66,13,24" hai2="84,4,10,95,39,128,64,72,62,135,118,115,125" hai3="117,82,105,49,21,101,90,50,23,113,121,81,5"/><U67/><E73/><V109/><F72/><W43/><G113/><T126/><D107/><U97/><E132/><V116/><F135/><W89/><G121/><N who="0" m="46667" /><D110/><U130/><E130/><V11/><F39/><W122/><G122/><T91/><D119/><U77/><E67/><V42/><F42/><W129/><G129/><T71/><D71/><U88/><E47/><V79/><F128/><W3/><G105/><T57/><D126/><U59/><E70/><V29/><F109/><W108/><G101/><T27/><D27/><U65/><E65/><V31/><F115/><W53/><G3/><T75/><D75/><U17/><E24/><V48/><F118/><W87/><G5/><T18/><D7/><U55/><E66/><V45/><F116/><W28/><G108/><T6/><D63/><U2/><E32/><V103/><F125/><W124/><G124/><T69/><D6/><U52/><E55/><V68/><F4/><W98/><G28/><T44/><D44/><U46/><E46/><V38/><F31/><W1/><G1/><T15/><D69/><U0/><E0/><V104/><F29/><W54/><G43/><T19/><D14/><U51/><E61/><V16/><F38/><W102/><G117/><T127/><D127/><U36/><E36/><V112/><F104/><W85/><G102/><T56/><D15/><U92/><E2/><V40/><F112/><W100/><G100/><T8/><D8/><AGARI ba="0,0" hai="8,13,17,51,52,59,76,77,78,86,88,92,97,99" machi="8" ten="40,7700,0" yaku="8,1,54,2" doraHai="133" who="1" fromWho="0" sc="414,-77,206,77,190,0,190,0" /><INIT seed="1,1,0,3,3,128" ten="337,283,190,190" oya="1" hai0="40,18,109,30,51,11,129,102,61,22,122,28,126" hai1="46,45,12,64,38,111,127,114,71,2,121,85,54" hai2="80,119,27,63,118,120,5,84,95,60,89,65,75" hai3="44,39,16,134,25,57,32,20,98,21,29,43,88"/><U68/><E2/><V123/><F5/><W104/><G134/><T78/><D109/><U17/><E114/><V6/><F6/><W70/><G70/><T33/><D33/><U23/><E121/><V76/><F60/><W87/><G57/><T115/><D129/><U55/><E111/><V124/><F124/><W9/><G104/><T35/><D35/><U74/><E74/><V73/><F75/><W113/><G98/><T107/><D115/><U92/><E127/><V13/><F13/><W130/><G113/><T135/><D126/><U48/><E64/><V14/><F14/><W103/><G103/><T106/><D78/><U105/><E105/><V34/><F120/><W108/><G108/><T42/><D11/><U41/><E54/><V83/><F123/><W31/><G130/><T37/><D37/><U133/><E133/><V99/><F27/><W101/><G101/><T0/><D0/><U7/><REACH who="1" step="1"/><E7/><REACH who="1" ten="337,273,190,190" step="2"/><V132/><F132/><W62/><G43/><N who="0" m="16427" /><D107/><U66/><E66/><V15/><F65/><W3/><G3/><T10/><D106/><U86/><E86/><V79/><F84/><W72/><G87/><T125/><D135/><U8/><E8/><V94/><F73/><W117/><G9/><T90/><D10/><U116/><E116/><V110/><F119/><W58/><G72/><T52/><D125/><U97/><E97/><V36/><F118/><W100/><G117/><T93/><D52/><U96/><E96/><V91/><F99/><W24/><G100/><T131/><D102/><U82/><E82/><V47/><F80/><W19/><G39/><RYUUKYOKU ba="1,1" sc="337,-10,273,30,190,-10,190,-10" hai1="12,17,23,38,41,45,46,48,55,68,71,85,92" /><INIT seed="1,2,1,1,1,22" ten="327,303,180,180" oya="1" hai0="86,85,40,125,91,76,135,130,52,123,7,69,116" hai1="38,31,74,0,118,14,54,59,34,2,64,129,20" hai2="35,126,133,87,114,108,68,75,53,55,110,92,10" hai3="120,106,112,43,57,37,96,83,41,103,17,42,89"/><U28/><E118/><V26/><F75/><W18/><G120/><T102/><D116/><U16/><E38/><V8/><F68/><W80/><G112/><T71/><D123/><U111/><E74/><V4/><F133/><W49/><G37/><T107/><D135/><U9/><E64/><V58/><F126/><W46/><G57/><T115/><D115/><U12/><E129/><V128/><F128/><W93/><G83/><T117/><D117/><U105/><E105/><V73/><F73/><W27/><G80/><T32/><D40/><U51/><E111/><N who="2" m="42539" /><F114/><W24/><G17/><T23/><D32/><U104/><E104/><V121/><F121/><W127/><G127/><T95/><D130/><U25/><REACH who="1" step="1"/><E31/><REACH who="1" ten="327,293,180,180" step="2"/><V77/><F55/><W65/><G65/><T88/><D125/><U100/><E100/><V97/><F53/><W61/><G106/><T99/><D69/><U94/><E94/><V30/><F92/><W13/><G103/><T72/><D71/><U44/><E44/><V84/><F58/><W134/><G134/><T21/><D52/><U39/><E39/><V33/><F30/><W78/><G46/><T67/><D67/><U79/><E79/><V98/><F77/><W60/><G78/><T29/><D29/><U48/><E48/><V109/><F109/><W66/><G49/><T56/><D56/><U19/><AGARI ba="2,2" hai="0,2,9,12,14,16,19,20,25,28,34,51,54,59" machi="19" ten="20,12000,1" yaku="1,1,0,1,7,1,52,1,54,1,53,0" doraHai="22" doraHaiUra="3" who="1" fromWho="1" sc="327,-42,293,146,180,-42,180,-42" /><INIT seed="1,3,0,5,0,81" ten="285,439,138,138" oya="1" hai0="50,49,99,95,45,67,65,31,84,127,3,46,114" hai1="44,2,80,110,111,70,20,107,133,92,77,15,75" hai2="9,51,48,103,32,36,61,29,66,83,68,124,101" hai3="25,106,64,100,16,121,35,79,14,135,33,120,117"/><U30/><E2/><V119/><F119/><W102/><G135/><T5/><D114/><U11/><E107/><V37/><F124/><W129/><G117/><T28/><D127/><U19/><E70/><V10/><F29/><W22/><G129/><T86/><D3/><U40/><E92/><V69/><F32/><W57/><G79/><T130/><D5/><U96/><E96/><V23/><F23/><W97/><G102/><T122/><D122/><U7/><E30/><V4/><F83/><W55/><G64/><T78/><D130/><U115/><E115/><V132/><F66/><W105/><G105/><T90/><D78/><U87/><E133/><V17/><F17/><W74/><G74/><T76/><D76/><U54/><E54/><V53/><F53/><W47/><G47/><T21/><D21/><U60/><E60/><V118/><F118/><W104/><G104/><T59/><D59/><U89/><E89/><V71/><F61/><W56/><G56/><T125/><D125/><U85/><E19/><V13/><F132/><W42/><G42/><T8/><D8/><U128/><E20/><V26/><F9/><W108/><G108/><N who="1" m="41514" /><E128/><V39/><REACH who="2" step="1"/><F26/><REACH who="2" ten="285,439,128,138" step="2"/><W0/><G25/><T27/><D27/><U43/><E43/><V62/><F62/><N who="3" m="36159" /><G35/><T6/><D65/><U63/><E63/><V73/><F73/><W116/><G33/><T91/><D67/><U72/><E72/><V88/><F88/><W38/><G116/><T93/><D99/><U112/><E112/><V1/><F1/><W109/><G0/><T18/><D18/><U82/><E82/><RYUUKYOKU ba="3,1" sc="285,10,439,10,128,10,138,-30" hai0="6,28,31,45,46,49,50,84,86,90,91,93,95" hai1="7,11,15,40,44,75,77,80,85,87" hai2="4,10,13,36,37,39,48,51,68,69,71,101,103" /><INIT seed="1,4,1,2,2,127" ten="295,449,138,108" oya="1" hai0="44,59,89,3,27,57,14,91,19,110,118,105,74" hai1="104,96,119,98,2,80,26,107,62,111,73,123,101" hai2="67,64,130,45,58,18,79,53,125,21,56,77,85" hai3="114,76,31,133,54,37,32,69,12,28,49,72,8"/><U7/><E119/><V6/><F125/><W95/><G114/><T126/><D118/><U83/><E123/><V108/><F108/><W103/><G37/><T90/><D3/><U33/><E111/><V17/><F6/><W16/><G133/><T121/><D110/><U84/><E73/><V10/><F10/><W71/><G76/><T5/><D105/><U38/><E38/><V65/><F130/><W42/><G72/><T129/><D74/><U55/><E7/><V82/><F79/><W50/><G42/><T68/><D68/><U106/><E2/><V35/><F35/><W4/><G50/><T11/><D126/><U109/><E98/><V81/><F81/><W23/><G95/><T113/><D121/><U88/><E83/><V36/><F18/><W93/><G93/><T100/><D113/><U78/><E78/><V41/><REACH who="2" step="1"/><F53/><REACH who="2" ten="295,449,128,108" step="2"/><W0/><G31/><T52/><D129/><U112/><E109/><V87/><F87/><W61/><G103/><T124/><D100/><U34/><E112/><V66/><N who="2" m="16384" /><DORA hai="128" /><V40/><F40/><W135/><G135/><T131/><D131/><U94/><E34/><V43/><F43/><W97/><G32/><T25/><D124/><U30/><E55/><V63/><F63/><W102/><G61/><T9/><D9/><U120/><E62/><V24/><AGARI ba="4,2" hai="17,21,24,36,41,45,56,58,77,82,85" m="16384" machi="24" ten="40,5200,0" yaku="1,1,0,1,53,1" doraHai="127,128" doraHaiUra="48,20" who="2" fromWho="2" sc="295,-17,449,-30,128,84,108,-17" /><INIT seed="2,0,0,4,0,35" ten="278,419,212,91" oya="2" hai0="20,125,62,21,100,126,83,111,89,43,0,116,97" hai1="106,11,105,99,128,4,49,91,28,110,51,54,88" hai2="19,103,44,58,61,130,8,46,87,36,29,68,90" hai3="127,7,122,9,53,74,50,108,69,71,70,86,15"/><V60/><F130/><W102/><G74/><T77/><D111/><U81/><E110/><V118/><F118/><W48/><G122/><T22/><D116/><U57/><E128/><V115/><F115/><W6/><G108/><T12/><D43/><U30/><E105/><V40/><F29/><W76/><G127/><N who="0" m="48651" /><D62/><U112/><E112/><V2/><F103/><W121/><G121/><T38/><D38/><U101/><E51/><V133/><F133/><W59/><G102/><T80/><D89/><U78/><E30/><V42/><F68/><W114/><G114/><T41/><D41/><U26/><E81/><N who="0" m="31305" /><D77/><U5/><E78/><V117/><F117/><W37/><G37/><T120/><D120/><U113/><E113/><V123/><F123/><W129/><G129/><T84/><D84/><U67/><E67/><V13/><F58/><W32/><G32/><T75/><D75/><U17/><E91/><V131/><F131/><W119/><G119/><T104/><D0/><U132/><E88/><V39/><REACH who="2" step="1"/><F2/><REACH who="2" ten="278,419,202,91" step="2"/><W79/><G71/><T98/><D98/><U72/><E132/><V56/><F56/><W31/><G70/><T107/><D107/><U45/><E57/><V27/><F27/><W134/><G69/><T55/><D55/><U18/><E54/><V65/><F65/><W23/><G134/><T109/><D109/><U135/><E99/><V52/><F52/><N who="3" m="32135" /><G86/><T63/><D63/><U66/><E66/><V14/><F14/><AGARI ba="0,1" hai="12,14,20,21,22,97,100,104" m="31305,48651" machi="14" ten="40,1300,0" yaku="18,1" doraHai="35" who="0" fromWho="2" sc="278,23,419,0,202,-13,91,0" /><INIT seed="3,0,0,2,5,50" ten="301,419,189,91" oya="3" hai0="32,125,114,96,49,22,103,129,100,56,99,89,102" hai1="30,104,9,126,19,47,93,120,87,109,111,127,113" hai2="20,123,10,42,25,112,1,134,53,130,70,84,64" hai3="78,21,128,117,26,43,38,55,73,36,5,44,57"/><W91/><G117/><T41/><D32/><U2/><E104/><V8/><F112/><W83/><G128/><T76/><D129/><U37/><E120/><V13/><F130/><W51/><G5/><T4/><D125/><U34/><E113/><V132/><F42/><W11/><G91/><T75/><D114/><U63/><E63/><N who="2" m="40223" /><F123/><W116/><G11/><T67/><D4/><U124/><E30/><V121/><F121/><W97/><G97/><T66/><D75/><U85/><E34/><V80/><F1/><W62/><REACH who="3" step="1"/><G116/><REACH who="3" ten="301,419,189,81" step="2"/><T101/><D101/><U7/><E9/><V119/><F119/><W0/><G0/><T23/><D76/><U81/><E7/><V68/><F8/><W86/><G86/><T105/><D105/><U115/><E85/><V27/><F10/><W16/><AGARI ba="0,1" hai="16,21,26,36,38,43,44,51,55,57,62,73,78,83" machi="16" ten="20,12000,1" yaku="1,1,0,1,7,1,52,1,54,1,53,0" doraHai="50" doraHaiUra="3" who="3" fromWho="3" sc="301,-40,419,-40,189,-40,81,130" /><INIT seed="3,1,0,3,2,54" ten="261,379,149,211" oya="3" hai0="13,9,71,0,83,52,128,18,5,125,113,49,95" hai1="87,79,35,82,69,12,112,56,74,121,51,93,91" hai2="106,24,42,1,131,23,26,135,36,22,120,92,116" hai3="27,124,84,10,66,64,31,76,119,65,50,19,127"/><W43/><G119/><T61/><D128/><U132/><E69/><V130/><F106/><W72/><G72/><T14/><D125/><N who="3" m="48201" /><G10/><T58/><D113/><U111/><E112/><V101/><F116/><W89/><G19/><T134/><D134/><U109/><E35/><V107/><F107/><W46/><G76/><T102/><D83/><U117/><E121/><V96/><F135/><W28/><G27/><T8/><D102/><U3/><E3/><V15/><F1/><W59/><G59/><T67/><REACH who="0" step="1"/><D95/><AGARI ba="1,0" hai="28,31,43,46,50,64,65,66,84,89,95" m="48201" machi="95" ten="30,1500,0" yaku="18,1" doraHai="54" who="3" fromWho="0" sc="261,-18,379,0,149,0,211,18" /><INIT seed="3,2,0,3,4,45" ten="243,379,149,229" oya="3" hai0="31,99,39,2,28,72,38,112,37,50,118,83,43" hai1="106,81,49,36,113,16,107,25,129,89,94,15,75" hai2="24,110,79,13,32,11,116,76,20,108,27,46,42" hai3="133,65,92,56,57,73,111,54,105,123,135,91,19"/><W52/><G123/><T60/><D118/><U101/><E36/><V100/><F116/><W10/><G105/><T59/><D112/><U122/><E122/><V18/><F100/><W48/><G73/><T126/><D2/><U53/><E25/><V6/><F27/><W14/><G65/><T97/><D126/><U109/><E109/><V9/><F32/><W68/><G68/><T47/><D72/><U90/><E90/><V85/><F11/><W98/><REACH who="3" step="1"/><G111/><REACH who="3" ten="243,379,149,219" step="2"/><T130/><D130/><U74/><E106/><V61/><F110/><W102/><G102/><T70/><D70/><U80/><E101/><V44/><F108/><W78/><G78/><T125/><D125/><U62/><E107/><V115/><F79/><W1/><G1/><T29/><REACH who="0" step="1"/><D83/><REACH who="0" ten="233,379,149,219" step="2"/><U51/><E81/><V134/><F115/><W104/><G104/><T69/><D69/><U5/><E80/><V96/><F76/><W71/><G71/><T35/><D35/><U55/><E75/><V84/><F42/><W77/><G77/><T127/><D127/><U131/><E74/><V93/><F93/><W117/><G117/><T21/><D21/><U22/><E22/><V0/><F0/><W7/><G7/><T103/><D103/><U121/><E5/><V67/><F6/><W8/><G8/><T58/><D58/><U40/><E94/><V132/><F9/><W95/><G95/><T82/><D82/><U87/><E113/><V3/><F3/><W17/><G17/><T41/><D41/><U34/><E40/><V64/><F18/><W33/><G33/><T86/><D86/><RYUUKYOKU ba="2,2" sc="233,15,379,-15,149,-15,219,15" hai0="28,29,31,37,38,39,43,47,50,59,60,97,99" hai3="10,14,19,48,52,54,56,57,91,92,98,133,135" /><INIT seed="3,3,2,4,4,104" ten="248,364,134,234" oya="3" hai0="95,106,131,53,66,26,109,55,92,61,0,70,25" hai1="8,9,48,112,45,5,33,101,107,51,126,80,85" hai2="111,63,52,123,82,21,134,31,124,11,28,36,2" hai3="29,69,94,100,1,88,27,40,87,7,16,13,71"/><W120/><G120/><T15/><D0/><U132/><E33/><V38/><F111/><W39/><G100/><T47/><D106/><U4/><E112/><V76/><F123/><W67/><G67/><T59/><D109/><U113/><E113/><V116/><F116/><W89/><G39/><T64/><D131/><U73/><E73/><V114/><F114/><W128/><G40/><T32/><D32/><U86/><E132/><V12/><F2/><W115/><G115/><T81/><D81/><U108/><E108/><V49/><F63/><W79/><G79/><T74/><D74/><U57/><E126/><V91/><F91/><W50/><G50/><T129/><D129/><U20/><E20/><V130/><F124/><W62/><G62/><T34/><D34/><U103/><E107/><V105/><F105/><W135/><G135/><T41/><D15/><U35/><E35/><V58/><F130/><W117/><G117/><T83/><D83/><U22/><E22/><V65/><F65/><N who="0" m="25194" /><D41/><U10/><E10/><V54/><F134/><W93/><G1/><T24/><D70/><U90/><E80/><V122/><F122/><W127/><G127/><T42/><D42/><U121/><E121/><V17/><F54/><W56/><G7/><T3/><D3/><U98/><E5/><V102/><F36/><W18/><G128/><T14/><D14/><U77/><E77/><V6/><F38/><W30/><G13/><T43/><D53/><U78/><E78/><V96/><F76/><W75/><G75/><T46/><D43/><U99/><E4/><V133/><F6/><RYUUKYOKU ba="3,2" sc="248,30,364,-10,134,-10,234,-10" hai0="24,25,26,46,47,55,59,61,92,95" /><INIT seed="4,4,2,1,2,124" ten="278,354,124,224" oya="0" hai0="76,96,16,112,58,64,59,11,55,0,29,78,48" hai1="81,23,21,6,91,52,122,88,19,50,134,114,69" hai2="94,120,127,68,24,79,14,20,83,57,104,106,12" hai3="38,98,118,97,34,128,117,15,45,70,72,80,28"/><T107/><D112/><U73/><E122/><V41/><F68/><W22/><G70/><T27/><D107/><U74/><E69/><V67/><F120/><W51/><G38/><T1/><D96/><U66/><E66/><V63/><F127/><W102/><G34/><T54/><D64/><U116/><E116/><V13/><F41/><W42/><G128/><T103/><D103/><U119/><E6/><V5/><F94/><W132/><G132/><T71/><D71/><U100/><E100/><V95/><F95/><W86/><G72/><T44/><D44/><U129/><E114/><V10/><F106/><W65/><G65/><T99/><D99/><U30/><E30/><V61/><F61/><W110/><G110/><T56/><D0/><U125/><E134/><V43/><F43/><W49/><G49/><T9/><D1/><U90/><E119/><V25/><F104/><W62/><G62/><N who="0" m="36119" /><D58/><U3/><E3/><V37/><F37/><W89/><G98/><T53/><D53/><U123/><E123/><V60/><F60/><W8/><G97/><T82/><D82/><U33/><E33/><V77/><F83/><W75/><G102/><T92/><D92/><U109/><E109/><V40/><F40/><W35/><G35/><N who="0" m="20927" /><D9/><U85/><E81/><V133/><F133/><W84/><G84/><T130/><D130/><U131/><E85/><V31/><REACH who="2" step="1"/><F25/><REACH who="2" ten="278,354,114,224" step="2"/><N who="3" m="16439" /><G75/><T108/><D108/><U121/><E125/><V135/><F135/><W47/><G118/><T36/><D36/><U4/><E121/><V115/><F115/><W18/><G117/><T17/><D48/><RYUUKYOKU ba="4,3" sc="278,-15,354,-15,114,15,224,15" hai2="5,10,12,13,14,20,24,31,57,63,67,77,79" hai3="8,15,18,42,45,47,51,80,86,89" /><INIT seed="5,5,3,2,3,91" ten="263,339,129,239" oya="1" hai0="38,130,105,68,120,49,135,2,35,80,39,127,123" hai1="70,118,69,44,66,27,58,77,111,45,74,102,41" hai2="62,47,108,6,3,1,34,124,97,20,84,107,103" hai3="126,54,90,86,87,94,104,82,85,40,32,132,21"/><U133/><E118/><V23/><F108/><W75/><G32/><T5/><D49/><U13/><E111/><V42/><F34/><W19/><G40/><T31/><D80/><U67/><E133/><V122/><F122/><W117/><G132/><T73/><D31/><U88/><E102/><V15/><F124/><W52/><G126/><T57/><D57/><U76/><E58/><V64/><F84/><W10/><G117/><T125/><D5/><U61/><E13/><V121/><F121/><W7/><G104/><T46/><D46/><U17/><E74/><V16/><F23/><W25/><G75/><T0/><D38/><U53/><E53/><V95/><F107/><W112/><G112/><T22/><D22/><U96/><E17/><V81/><F81/><W33/><G33/><T98/><D98/><U93/><E27/><V115/><F6/><W129/><G129/><T29/><D29/><U113/><E113/><V100/><F100/><W56/><G56/><T4/><D4/><U89/><E89/><V51/><REACH who="2" step="1"/><F115/><REACH who="2" ten="263,339,119,239" step="2"/><W59/><G85/><T28/><D123/><U43/><E43/><V30/><F30/><W11/><G86/><T131/><D28/><U110/><E110/><V18/><F18/><W24/><G82/><T65/><D125/><U106/><E106/><V50/><F50/><N who="3" m="31127" /><G7/><T8/><D130/><U71/><E77/><V101/><F101/><W114/><G114/><T99/><D131/><U109/><E76/><V60/><F60/><W116/><G116/><T26/><D127/><U79/><E79/><V12/><F12/><W48/><G24/><RYUUKYOKU ba="5,4" sc="263,-15,339,-15,119,15,239,15" hai2="1,3,15,16,20,42,47,51,62,64,95,97,103" hai3="10,11,19,21,25,48,54,87,90,94" /><INIT seed="6,6,4,2,2,106" ten="248,324,134,254" oya="2" hai0="79,31,50,69,23,107,54,43,130,122,33,9,10" hai1="68,39,29,32,56,6,67,21,100,131,41,111,88" hai2="16,46,18,65,96,92,34,26,25,59,51,103,37" hai3="126,101,80,15,12,48,1,86,28,123,127,78,42"/><V135/><F135/><W2/><G123/><T20/><D122/><U124/><E32/><V36/><F36/><W19/><G28/><T13/><D130/><U109/><E68/><V58/><F37/><W94/><G42/><T57/><D69/><U89/><E100/><V102/><F102/><W83/><G48/><T76/><D107/><U121/><E121/><V60/><F58/><W45/><G45/><N who="0" m="25919" /><D33/><U91/><E6/><V72/><F72/><W90/><G15/><T133/><D133/><U0/><E0/><V55/><REACH who="2" step="1"/><F34/><REACH who="2" ten="248,324,124,254" step="2"/><W108/><G101/><T40/><D57/><U35/><E35/><V132/><F132/><W112/><G127/><T52/><D40/><U105/><E41/><V62/><F62/><W81/><G126/><T134/><D134/><U7/><E56/><V14/><F14/><W98/><G1/><T117/><D117/><U11/><E39/><V17/><AGARI ba="6,5" hai="16,17,18,25,26,46,51,55,59,60,65,92,96,103" machi="17" ten="30,11700,0" yaku="1,1,0,1,8,1,54,1,53,0" doraHai="106" doraHaiUra="38" who="2" fromWho="2" sc="248,-45,324,-45,124,185,254,-45" /><INIT seed="6,7,0,3,1,40" ten="203,279,309,209" oya="2" hai0="123,128,4,67,15,87,39,76,11,135,112,6,134" hai1="20,49,99,88,7,85,121,46,22,80,118,78,108" hai2="44,34,115,71,10,127,47,62,2,31,48,109,28" hai3="24,23,32,106,133,72,125,110,37,21,77,103,93"/><V83/><F115/><W89/><G110/><T54/><D123/><U94/><E108/><V120/><F120/><W111/><G111/><T86/><D112/><U9/><E118/><V8/><F109/><W91/><G32/><T14/><D39/><U35/><E35/><V68/><F127/><W131/><G125/><T104/><D104/><U79/><E79/><V132/><F132/><N who="0" m="50730" /><D128/><U114/><E114/><V16/><F34/><W43/><G133/><T41/><D41/><N who="1" m="24783" /><E121/><V84/><F62/><W57/><G131/><T81/><D67/><U52/><E52/><V69/><F48/><W53/><G106/><T73/><D54/><U30/><E30/><V56/><F56/><W59/><G72/><T119/><D119/><U75/><E75/><V116/><F116/><W66/><G77/><T1/><D4/><U117/><E117/><V92/><F28/><W27/><G37/><T95/><D73/><U55/><E55/><V97/><F31/><N who="3" m="17807" /><G43/><T107/><D107/><U58/><E58/><N who="3" m="22026" /><G53/><T50/><D50/><U126/><E126/><V90/><F2/><W129/><G66/><T61/><D61/><U64/><E64/><V5/><F69/><W63/><G63/><T101/><D86/><U102/><E78/><N who="2" m="46199" /><F71/><W82/><G129/><T60/><D60/><U0/><E0/><V36/><F68/><W19/><G82/><T96/><AGARI ba="7,0" hai="1,6,11,14,15,76,81,87,95,96,101" m="50730" machi="96" ten="30,1100,0" yaku="20,1" doraHai="40" who="0" fromWho="0" sc="203,32,279,-10,309,-12,209,-10" /><INIT seed="7,0,0,0,0,57" ten="235,269,297,199" oya="3" hai0="120,106,91,121,42,71,115,59,33,7,36,135,16" hai1="15,119,29,49,134,125,75,108,82,68,124,132,92" hai2="27,6,117,116,21,39,44,74,31,10,54,5,103" hai3="83,63,112,32,65,40,99,20,28,69,61,127,35"/><W46/><G112/><T94/><D71/><U45/><E29/><V110/><F110/><W96/><G127/><N who="1" m="48714" /><E108/><V78/><F103/><W34/><G83/><T70/><D70/><U76/><E68/><V101/><F101/><W107/><G107/><T3/><D106/><U19/><E92/><V17/><F54/><W128/><G128/><T105/><D105/><U89/><E89/><V4/><F78/><W66/><G20/><T11/><D33/><U37/><E37/><V86/><F86/><W43/><G28/><T12/><D42/><N who="1" m="24759" /><E119/><V102/><F102/><W38/><REACH who="3" step="1"/><G43/><REACH who="3" ten="235,269,297,189" step="2"/><T72/><D115/><U130/><E130/><V53/><F31/><W111/><G111/><T87/><D72/><U126/><E126/><V97/><F21/><AGARI ba="0,1" hai="15,19,21,75,76,82,132,134" m="24759,48714" machi="21" ten="30,1000,0" yaku="18,1" doraHai="57" who="1" fromWho="2" sc="235,0,269,20,297,-10,189,0" /><INIT seed="8,0,0,1,1,24" ten="235,289,287,189" oya="0" hai0="92,16,39,6,107,38,49,22,14,34,97,79,100" hai1="8,127,99,57,30,131,121,122,78,104,40,94,5" hai2="69,56,125,93,85,91,44,20,67,113,66,114,1" hai3="83,112,76,71,7,32,19,133,41,11,84,102,111"/><T116/><D116/><U132/><E104/><V53/><F1/><W62/><G111/><T73/><D34/><U26/><E78/><V25/><F125/><W50/><G112/><T87/><D6/><U74/><E74/><V128/><F128/><W36/><G36/><T51/><D38/><U12/><E40/><V103/><F44/><N who="3" m="25871" /><G32/><T118/><D39/><U65/><E127/><V52/><F69/><W117/><G117/><T4/><D118/><U135/><E131/><V96/><F114/><W0/><G19/><T15/><D73/><U47/><E47/><V10/><F10/><W68/><G102/><T33/><D33/><N who="1" m="20695" /><E57/><V123/><F123/><W101/><G101/><T126/><D126/><U89/><E65/><N who="2" m="24587" /><F56/><W43/><G43/><T48/><D107/><U86/><E99/><V3/><F3/><W90/><G62/><T95/><D79/><U106/><E106/><V88/><F103/><W120/><G120/><T80/><D80/><U2/><E2/><V21/><F113/><W60/><G60/><T115/><D115/><U134/><AGARI ba="0,0" hai="5,8,12,86,89,94,121,122,132,134,135" m="20695" machi="134" ten="30,2000,0" yaku="20,1,52,1" doraHai="24" who="1" fromWho="1" sc="235,-10,289,20,287,-5,189,-5" owari="225,-17.5,309,40.9,282,8.2,184,-31.6" /></mjloggm>