<mjloggm ver="2.3"><GO type="169" lobby="0"/><UN n0="%6F%69%6E%61%72%69%6E%67" n1="%E9%BB%92%E6%B2%A2%E7%BE%A9%E6%98%8E" n2="%E3%81%86%E3%81%A3%E3%81%8B%E3%82%8A" n3="%E3%82%BF%E3%82%A4%E4%BA%BA%EF%BC%A0%E3%83%90%E3%83%B3%E3%82%B3%E3%82%AF" dan="16,17,16,16" rate="2071.38,2200.98,2144.67,2144.65" sx="M,M,M,M"/><TAIKYOKU oya="0"/><INIT seed="0,0,0,1,0,24" ten="250,250,250,250" oya="0" hai0="106,17,12,49,81,113,34,112,60,73,48,94,66" hai1="105,104,96,103,9,61,57,133,119,6,56,30,45" hai2="38,50,35,4,114,58,36,64,29,101,16,67,43" hai3="25,132,86,122,33,20,135,93,117,47,111,52,77"/><T71/><D106/><U87/><E119/><V107/><F114/><W129/><G117/><T46/><D34/><U100/><E133/><N who="3" m="51274" /><G111/><T95/><D95/><U85/><E45/><V97/><F4/><W78/><G33/><T21/><D49/><U54/><E30/><V40/><F40/><W84/><G129/><T99/><D81/><U131/><E131/><V82/><F82/><W65/><G65/><T127/><D127/><U55/><E103/><V90/><F90/><N who="3" m="53447" /><G86/><T120/><D120/><U69/><E69/><V79/><F79/><W128/><G128/><T126/><D73/><U115/><E105/><V3/><F67/><W8/><G8/><T18/><D18/><U53/><E115/><V134/><F64/><W130/><G122/><T83/><D83/><U31/><E31/><V32/><F29/><N who="3" m="17575" /><G130/><T121/><D121/><U118/><E118/><V125/><F134/><W15/><G15/><T11/><D11/><U42/><E42/><V0/><F43/><W28/><G28/><T62/><D126/><U23/><E23/><V51/><F125/><W109/><G109/><T13/><D13/><U27/><E27/><V41/><F41/><W70/><G70/><T89/><REACH who="0" step="1"/><D62/><REACH who="0" ten="240,250,250,250" step="2"/><U10/><E10/><V19/><F107/><W80/><G80/><T76/><D76/><U92/><E104/><V98/><F3/><W68/><G78/><T123/><D123/><U124/><E124/><V88/><F0/><W59/><G77/><T74/><D74/><U7/><E61/><V5/><F19/><W1/><G1/><T63/><D63/><U116/><E116/><RYUUKYOKU ba="0,1" sc="240,30,250,-10,250,-10,250,-10" hai0="12,17,21,46,48,60,66,71,89,94,99,112,113" /><INIT seed="0,1,1,1,4,60" ten="270,240,240,240" oya="0" hai0="75,91,52,72,76,68,5,111,113,74,14,35,9" hai1="27,10,118,132,127,69,49,32,77,82,50,4,22" hai2="94,23,90,95,40,89,53,64,98,34,96,48,29" hai3="71,21,99,47,8,36,114,24,57,31,45,135,30"/><T73/><D113/><U84/><E118/><V125/><F125/><W67/><G114/><T80/><D35/><U115/><E115/><V37/><F34/><W55/><G135/><T116/><D116/><U1/><E127/><V56/><F37/><W63/><G31/><T133/><D133/><U26/><E132/><V79/><F79/><W93/><G8/><T109/><D68/><U38/><E38/><V44/><F40/><W43/><G47/><T134/><D134/><U58/><E69/><V59/><REACH who="2" step="1"/><F64/><REACH who="2" ten="270,240,230,240" step="2"/><W16/><G30/><T15/><D91/><U18/><E32/><V19/><F19/><W92/><REACH who="3" step="1"/><G99/><REACH who="3" ten="270,240,230,230" step="2"/><T0/><REACH who="0" step="1"/><D52/><REACH who="0" ten="260,240,230,230" step="2"/><U102/><E77/><V104/><F104/><W65/><G65/><T100/><D100/><U78/><E102/><V17/><F17/><W121/><G121/><T6/><D6/><U129/><E78/><V20/><F20/><W103/><G103/><T41/><D41/><U101/><E101/><V122/><F122/><W108/><G108/><AGARI ba="1,4" hai="0,5,9,14,15,72,73,74,75,76,80,108,109,111" machi="108" ten="50,9600,0" yaku="1,1,14,1,10,1,53,0" doraHai="60" doraHaiUra="128" who="0" fromWho="3" sc="260,139,240,0,230,0,230,-99" /><INIT seed="0,2,0,4,5,19" ten="399,240,230,131" oya="0" hai0="90,37,1,104,27,73,113,11,70,114,9,56,111" hai1="21,8,65,124,71,34,54,6,79,81,97,13,14" hai2="7,41,66,69,129,68,10,98,12,49,123,58,18" hai3="15,53,48,85,45,31,93,95,51,74,106,80,99"/><T26/><D70/><U89/><E34/><V47/><F129/><W38/><G38/><T122/><D122/><U55/><E124/><V128/><F128/><W121/><G74/><T72/><D37/><U126/><E126/><V17/><F123/><W35/><G121/><T36/><D36/><U87/><E65/><V46/><F18/><W67/><G67/><T120/><D120/><U5/><E71/><V29/><F29/><W22/><G35/><T50/><D104/><U40/><E40/><V63/><F98/><W132/><G106/><T62/><D50/><U83/><E97/><V101/><F101/><W86/><G132/><T44/><D44/><U39/><E39/><V4/><F47/><W84/><G51/><T96/><D111/><U28/><E28/><V42/><F41/><W100/><G95/><T102/><D96/><U112/><E112/><V3/><REACH who="2" step="1"/><F4/><REACH who="2" ten="399,240,220,131" step="2"/><W105/><G105/><T127/><D102/><U32/><E5/><V110/><F110/><W135/><G135/><T16/><D16/><N who="1" m="10383" /><E32/><V94/><F94/><W75/><G15/><T115/><D115/><U64/><E64/><V133/><F133/><W91/><REACH who="3" step="1"/><G75/><REACH who="3" ten="399,240,220,121" step="2"/><T131/><D72/><U25/><E25/><AGARI ba="2,2" hai="22,25,31,45,48,53,80,84,85,86,91,93,99,100" machi="25" ten="40,8000,1" yaku="1,1,2,1,8,1,52,1,53,0" doraHai="19" doraHaiUra="134" who="3" fromWho="1" sc="399,0,240,-86,220,0,121,106" /><INIT seed="1,0,0,2,5,63" ten="399,154,220,227" oya="1" hai0="53,49,76,7,47,80,24,93,42,57,37,77,95" hai1="50,13,84,99,51,30,85,90,56,8,68,39,132" hai2="18,62,11,81,124,87,116,20,115,22,102,15,98" hai3="108,129,28,55,1,127,106,110,100,96,72,16,12"/><U111/><E68/><V0/><F124/><W33/><G127/><T19/><D77/><U61/><E39/><V123/><F116/><W97/><G72/><T134/><D134/><U120/><E120/><V36/><F123/><W70/><G1/><T91/><D7/><U52/><E132/><V131/><F131/><W105/><G129/><T114/><D114/><U54/><E111/><N who="3" m="42538" /><G70/><T9/><D91/><U69/><E30/><V71/><F36/><W2/><G2/><T74/><REACH who="0" step="1"/><D9/><REACH who="0" ten="389,154,220,227" step="2"/><U45/><E90/><V83/><F115/><W40/><G100/><T17/><D17/><U21/><E99/><V126/><F18/><W48/><G96/><T31/><D31/><U117/><E117/><V75/><F11/><W67/><G97/><T135/><D135/><U5/><REACH who="1" step="1"/><E21/><AGARI ba="0,1" hai="19,21,24,37,42,47,49,53,57,74,76,80,93,95" machi="21" ten="40,2600,0" yaku="1,1,53,1" doraHai="63" doraHaiUra="79" who="0" fromWho="1" sc="389,36,154,-26,220,0,227,0" /><INIT seed="2,0,0,1,4,90" ten="425,128,220,227" oya="2" hai0="114,126,31,70,37,92,72,69,23,98,127,34,32" hai1="53,3,49,50,68,58,71,133,103,93,91,28,66" hai2="10,35,109,62,110,29,33,26,44,65,55,104,51" hai3="52,57,75,64,8,130,85,129,115,134,16,82,108"/><V38/><F35/><N who="0" m="13354" /><D37/><U83/><E3/><V60/><F38/><W124/><G75/><T20/><D72/><U40/><E28/><V42/><F104/><W116/><G116/><T30/><D114/><U113/><E113/><V25/><F25/><W45/><G115/><T81/><D81/><U36/><E133/><V118/><F118/><W17/><G108/><N who="2" m="41577" /><F10/><W128/><G124/><N who="0" m="47659" /><D30/><U7/><E7/><V89/><F89/><W117/><G117/><T84/><D84/><U11/><E11/><V99/><F99/><W102/><G8/><T61/><D31/><U78/><E103/><V111/><N who="2" m="41585" /><V94/><DORA hai="1" /><F94/><W77/><G102/><N who="0" m="60743" /><D61/><N who="2" m="23658" /><F65/><W47/><G64/><T105/><D105/><U59/><E36/><V63/><N who="2" m="23666" /><V46/><DORA hai="14" /><F46/><N who="3" m="17419" /><G134/><T121/><D121/><U95/><E66/><V19/><F19/><W54/><G54/><AGARI ba="0,0" hai="26,29,33,42,44,51,54,55" m="23666,41585" machi="54" ten="50,4800,0" yaku="14,1,10,1" doraHai="90,1,14" who="2" fromWho="3" sc="425,0,128,0,220,48,227,-48" /><INIT seed="2,1,0,5,4,37" ten="425,128,268,179" oya="2" hai0="42,113,8,76,32,39,50,133,62,36,28,31,61" hai1="52,13,67,135,118,73,128,40,88,116,16,60,56" hai2="35,108,9,41,15,87,6,121,101,20,49,57,112" hai3="71,27,134,92,85,18,51,95,22,30,63,91,69"/><V58/><F35/><W114/><G134/><T14/><D113/><U5/><E73/><V124/><F124/><W103/><G114/><T7/><D133/><U59/><E135/><V123/><F112/><W4/><G4/><T55/><D76/><U127/><E127/><V120/><F108/><W54/><G63/><T110/><D110/><U97/><E128/><V132/><F132/><W17/><G71/><T89/><D89/><U44/><E5/><V119/><F119/><W82/><G69/><T10/><D10/><U105/><E105/><V83/><F20/><W109/><G109/><T130/><D130/><U38/><E97/><V98/><F98/><N who="3" m="59847" /><G95/><T1/><D1/><U53/><E88/><V65/><F65/><W78/><G91/><T79/><D79/><U131/><E131/><V64/><F64/><W86/><G86/><T125/><D36/><U70/><E70/><V66/><F66/><W24/><G24/><T126/><D62/><U77/><E77/><N who="2" m="46575" /><F101/><W80/><G82/><T29/><D32/><U45/><E45/><AGARI ba="1,0" hai="6,9,15,41,45,49,57,58,120,121,123" m="46575" machi="45" ten="30,2900,0" yaku="25,1,52,1" doraHai="37" who="2" fromWho="1" sc="425,0,128,-32,268,32,179,0" /><AGARI ba="1,0" hai="17,18,22,27,30,45,51,54,78,80,85" m="59847" machi="45" ten="30,1000,0" yaku="8,1" doraHai="37" who="3" fromWho="1" sc="425,0,96,-10,300,0,179,10" /><INIT seed="2,2,0,2,2,55" ten="425,86,300,189" oya="2" hai0="17,46,2,116,25,131,70,82,21,29,113,4,68" hai1="92,56,110,58,125,115,57,30,93,48,120,121,10" hai2="24,50,39,34,27,100,75,102,14,47,35,79,78" hai3="127,69,105,89,117,126,45,108,38,134,81,13,73"/><V98/><F39/><W52/><G117/><T31/><D113/><U107/><E115/><V132/><F132/><W111/><G105/><T71/><D116/><U44/><E107/><V53/><F14/><W41/><G13/><T62/><D131/><U84/><E110/><N who="3" m="42026" /><G69/><T61/><D46/><U90/><E125/><N who="3" m="47626" /><G89/><T40/><D40/><U135/><E135/><V59/><F75/><W9/><G9/><T19/><D82/><U37/><E37/><V67/><F35/><W97/><G97/><T101/><D101/><U94/><E30/><V119/><F119/><W3/><G3/><T129/><D129/><U33/><E10/><V20/><F34/><W42/><G42/><T123/><D2/><U16/><E16/><N who="2" m="12295" /><F27/><W28/><G28/><T22/><D4/><U54/><REACH who="1" step="1"/><E33/><REACH who="1" ten="425,76,300,189" step="2"/><V72/><F72/><W51/><G134/><T118/><D118/><U91/><E91/><V26/><F26/><W86/><G73/><T124/><D124/><U77/><E77/><N who="2" m="29195" /><F98/><W49/><G38/><T8/><D31/><U109/><E109/><V122/><F122/><AGARI ba="2,1" hai="44,48,54,56,57,58,84,90,92,93,94,120,121,122" machi="122" ten="40,8000,1" yaku="1,1,13,1,52,3,53,0" doraHai="55" doraHaiUra="12" who="1" fromWho="2" sc="425,0,76,96,300,-86,189,0" /><INIT seed="3,0,0,5,4,43" ten="425,172,214,189" oya="3" hai0="84,42,94,26,90,78,8,95,123,49,19,18,1" hai1="134,24,45,7,126,104,41,115,81,130,52,62,73" hai2="93,87,129,119,76,72,124,97,30,35,58,98,28" hai3="83,36,102,101,59,106,71,88,2,77,11,15,120"/><W51/><G120/><T67/><D123/><U82/><E115/><V128/><F119/><W22/><G71/><T20/><D67/><U55/><E104/><V3/><F3/><W80/><G36/><T23/><D78/><U91/><E130/><V10/><F72/><W17/><G106/><T125/><D125/><U54/><E126/><V0/><F124/><W96/><G2/><T99/><D8/><U64/><E134/><V110/><F58/><W34/><G34/><T113/><D113/><U74/><E7/><V121/><F0/><W85/><G11/><T132/><D132/><U89/><E24/><V103/><F10/><W53/><REACH who="3" step="1"/><G96/><REACH who="3" ten="425,172,214,179" step="2"/><T109/><D1/><U13/><E74/><AGARI ba="0,1" hai="15,17,22,51,53,59,74,77,80,83,85,88,101,102" machi="74" ten="30,12000,1" yaku="1,1,2,1,7,1,54,1,53,1" doraHai="43" doraHaiUra="86" who="3" fromWho="1" sc="425,0,172,-120,214,0,179,130" /><INIT seed="3,1,0,5,4,8" ten="425,52,214,309" oya="3" hai0="40,77,44,78,51,72,110,97,65,18,115,132,91" hai1="28,0,70,66,133,5,60,127,106,98,99,116,94" hai2="45,81,120,31,46,83,4,13,54,14,96,58,37" hai3="111,9,130,119,68,108,103,90,129,36,80,39,27"/><W86/><G68/><T117/><D117/><U69/><E116/><V19/><F120/><W56/><G119/><T24/><D110/><N who="3" m="42025" /><G103/><T135/><D115/><U85/><E127/><V50/><F37/><W131/><G27/><T134/><D65/><U113/><E113/><V30/><F96/><W88/><G90/><T95/><D72/><U109/><E109/><V17/><F4/><W26/><G26/><T22/><AGARI ba="1,0" hai="18,22,24,40,44,51,77,78,91,95,97,132,134,135" machi="22" ten="40,2700,0" yaku="0,1,20,1" doraHai="8" who="0" fromWho="0" sc="425,30,52,-8,214,-8,309,-14" /><INIT seed="4,0,0,3,1,6" ten="455,44,206,295" oya="0" hai0="57,78,71,38,69,31,35,121,63,120,26,125,53" hai1="2,32,77,67,4,87,92,96,24,114,122,50,59" hai2="48,33,83,107,99,127,52,15,14,123,22,49,101" hai3="128,37,116,11,89,58,76,7,106,133,19,102,18"/><T124/><D38/><U86/><E122/><V41/><F33/><W85/><G116/><T113/><D113/><U13/><E2/><V75/><F123/><W111/><G111/><T1/><D120/><U129/><E129/><V68/><F68/><W60/><G37/><T126/><D121/><U27/><E114/><V103/><F127/><W29/><G29/><T104/><D104/><U47/><E32/><V132/><F132/><W70/><G70/><T81/><REACH who="0" step="1"/><D1/><REACH who="0" ten="445,44,206,295" step="2"/><U64/><E27/><V94/><F107/><W72/><G106/><T8/><D8/><N who="1" m="4231" /><E24/><V110/><F15/><W80/><G133/><T66/><D66/><N who="1" m="25131" /><E77/><V42/><F14/><W62/><G76/><T82/><D82/><U105/><E105/><V93/><F83/><W25/><G25/><T44/><D44/><U20/><E59/><V61/><F22/><W90/><G58/><T108/><D108/><U34/><E20/><V23/><F23/><W98/><G80/><T12/><D12/><U112/><E112/><V134/><F110/><W43/><G11/><T36/><D36/><U119/><E34/><V117/><F134/><W73/><G128/><T79/><D79/><U100/><E119/><V40/><F117/><W0/><G0/><T5/><D5/><U115/><E115/><V95/><F95/><W84/><G7/><T97/><D97/><U46/><E46/><V3/><F3/><W30/><G98/><T65/><D65/><U45/><E47/><V91/><F94/><W109/><G109/><T10/><D10/><U55/><AGARI ba="0,1" hai="45,50,55,86,87,92,96,100" m="25131,4231" machi="55" ten="30,2000,0" yaku="8,1,52,1" doraHai="6" who="1" fromWho="1" sc="445,-10,44,30,206,-5,295,-5" /><INIT seed="5,0,0,0,1,37" ten="435,74,201,290" oya="1" hai0="103,114,43,100,75,96,38,32,73,31,101,21,132" hai1="15,8,74,14,107,133,13,129,91,69,25,62,47" hai2="88,87,76,109,33,20,17,49,59,125,80,58,27" hai3="40,53,63,113,130,134,70,12,122,28,97,48,30"/><U98/><E74/><V106/><F109/><W128/><G122/><T18/><D114/><U126/><E129/><N who="3" m="49770" /><G113/><T41/><D132/><U16/><E133/><V110/><F125/><W46/><G134/><T131/><D131/><U34/><E126/><V51/><F106/><W45/><G12/><T68/><D68/><U35/><E47/><V54/><F110/><W83/><G97/><T5/><D5/><U86/><E35/><V57/><F33/><W135/><G83/><T120/><D96/><U36/><E36/><V78/><F51/><N who="3" m="27047" /><G135/><T7/><D7/><U85/><E85/><V124/><F124/><W94/><G94/><T84/><D84/><U22/><E34/><V119/><F119/><W81/><G81/><T90/><D120/><U9/><E98/><V111/><REACH who="2" step="1"/><F111/><REACH who="2" ten="435,74,191,290" step="2"/><W56/><G70/><T115/><D115/><U118/><E107/><V127/><F127/><W71/><G71/><T104/><D104/><U24/><E118/><V102/><F102/><W89/><G89/><T60/><D90/><U44/><E44/><AGARI ba="0,1" hai="17,20,27,44,49,54,57,58,59,76,78,80,87,88" machi="44" ten="40,5200,0" yaku="1,1,8,1,54,1,53,0" doraHai="37" doraHaiUra="67" who="2" fromWho="1" sc="435,0,74,-52,191,62,290,0" /><INIT seed="6,0,0,1,3,87" ten="435,22,253,290" oya="2" hai0="47,130,125,103,7,55,53,39,71,135,3,10,52" hai1="43,73,37,84,30,100,62,2,58,90,66,80,40" hai2="14,75,101,57,83,79,95,28,72,76,38,126,12" hai3="64,117,113,65,16,1,132,26,69,21,118,5,109"/><V6/><F126/><W25/><G109/><T128/><D125/><U114/><E114/><V61/><F38/><W35/><G132/><T32/><D135/><U48/><E2/><V51/><F51/><W56/><G69/><T78/><D32/><U67/><E37/><V91/><F101/><W41/><G41/><T93/><D71/><U74/><E30/><V24/><F6/><W15/><G56/><T105/><D105/><U9/><E100/><V8/><F8/><N who="3" m="2095" /><G64/><T110/><D110/><U44/><E43/><V96/><F76/><W11/><G65/><T107/><D107/><U60/><REACH who="1" step="1"/><E9/><REACH who="1" ten="435,12,253,290" step="2"/><V116/><F116/><W127/><G113/><T94/><D103/><U0/><E0/><V22/><REACH who="2" step="1"/><F72/><REACH who="2" ten="435,12,243,290" step="2"/><W45/><G127/><T86/><D10/><U23/><E23/><V34/><F34/><W77/><G35/><T70/><D7/><U123/><E123/><V19/><F19/><W18/><G18/><T36/><D78/><U129/><E129/><V97/><F97/><W49/><G21/><T121/><D121/><U68/><AGARI ba="0,2" hai="40,44,48,58,60,62,66,67,68,73,74,80,84,90" machi="68" ten="20,5200,0" yaku="1,1,0,1,7,1,52,1,53,0" doraHai="87" doraHaiUra="131" who="1" fromWho="1" sc="435,-13,12,72,243,-26,290,-13" /><INIT seed="7,0,0,5,0,76" ten="422,84,217,277" oya="3" hai0="47,27,116,46,81,20,17,78,91,49,131,34,31" hai1="33,7,94,22,87,130,14,75,125,71,118,53,21" hai2="60,61,13,124,119,50,23,120,45,134,93,102,51" hai3="112,8,86,99,110,96,15,44,108,83,52,82,106"/><W113/><G106/><T100/><D116/><U12/><E75/><V37/><F37/><W79/><G44/><T127/><D127/><U103/><E71/><V32/><F32/><W54/><G96/><T68/><D68/><U85/><E33/><V126/><F119/><W38/><G99/><T41/><D100/><U42/><E118/><V133/><F102/><W80/><G38/><T98/><D131/><U132/><E130/><V122/><F93/><W9/><G86/><N who="0" m="48439" /><D34/><U64/><E125/><N who="2" m="48235" /><F23/><W30/><G30/><T88/><D47/><U111/><E111/><N who="3" m="42538" /><G79/><T24/><D98/><U67/><E103/><V128/><F13/><W89/><G89/><N who="0" m="34379" /><D31/><U36/><E36/><V90/><F90/><W10/><G15/><AGARI ba="0,0" hai="15,17,20,24,27,41,46,49" m="34379,48439" machi="15" ten="30,3900,0" yaku="8,1,52,1,54,1" doraHai="76" who="0" fromWho="3" sc="422,39,84,0,217,0,277,-39" owari="461,56.1,84,-41.6,217,-18.3,238,3.8" /></mjloggm>