<mjloggm ver="2.3"><GO type="169" lobby="0"/><UN n0="%E2%97%8E%E3%82%88%E3%81%97%E2%97%8E" n1="%73%61%69%63%68%61%6E%7A" n2="%50%65%74%65%72%50%61%6E" n3="%48%61%6C%66%73" dan="17,17,17,17" rate="2203.19,2152.85,2227.26,2163.67" sx="M,M,M,M"/><TAIKYOKU oya="0"/><INIT seed="0,0,0,1,3,45" ten="250,250,250,250" oya="0" hai0="24,114,2,58,18,26,128,29,66,44,11,127,23" hai1="104,53,111,50,129,80,92,41,21,117,107,62,61" hai2="87,103,3,89,96,125,79,55,88,7,56,82,47" hai3="122,83,110,59,135,124,84,109,106,81,99,33,69"/><T85/><D114/><U30/><E117/><V133/><F125/><W102/><G69/><T49/><D127/><U46/><E111/><V73/><F133/><W38/><G38/><T72/><D72/><U86/><E129/><V17/><F47/><W118/><G33/><T64/><D128/><U40/><E92/><V130/><F130/><W10/><G10/><T131/><D131/><U31/><E104/><V68/><F68/><W48/><G118/><T34/><D58/><U54/><E107/><V37/><F37/><W98/><G135/><T95/><D85/><U57/><E62/><V52/><F55/><N who="3" m="32231" /><G98/><T94/><D95/><U0/><E0/><V91/><F17/><W90/><G124/><T71/><D94/><U105/><E105/><V101/><F73/><W39/><G39/><T25/><D25/><N who="1" m="16687" /><E31/><V60/><REACH who="2" step="1"/><F96/><REACH who="2" ten="250,250,240,250" step="2"/><W65/><G99/><T51/><D44/><U12/><E12/><V27/><F27/><W132/><G132/><T115/><D115/><U35/><E35/><V121/><F121/><W113/><G122/><T9/><D71/><U43/><E41/><V4/><F4/><W76/><G113/><T112/><D112/><U19/><E19/><V36/><F36/><W116/><G116/><T77/><D26/><U97/><E97/><V20/><F20/><W22/><G22/><T100/><D34/><U75/><E75/><V42/><F42/><W78/><G106/><T120/><D120/><U15/><E15/><V70/><F70/><W32/><G32/><T119/><D119/><U13/><E13/><V63/><F63/><W1/><G110/><RYUUKYOKU ba="0,1" sc="250,-15,250,15,240,15,250,-15" hai1="40,43,46,50,53,54,57,61,80,86" hai2="3,7,52,56,60,79,82,87,88,89,91,101,103" /><INIT seed="1,1,1,3,3,95" ten="235,265,255,235" oya="1" hai0="79,78,114,16,83,17,90,117,26,48,125,74,60" hai1="85,119,91,3,108,84,23,56,21,44,32,73,122" hai2="113,123,19,81,22,43,46,38,20,7,126,62,69" hai3="13,75,51,131,58,82,115,97,100,105,8,96,86"/><U59/><E119/><V120/><F126/><W116/><G115/><T87/><D114/><U41/><E73/><V64/><F113/><W129/><G75/><T30/><D117/><U67/><E122/><V132/><F132/><W102/><G116/><T54/><D60/><U76/><E32/><V135/><F135/><W5/><G58/><T10/><D125/><U65/><E3/><V2/><F22/><W0/><G51/><T11/><D30/><U130/><E130/><V109/><F109/><W98/><G0/><T111/><D111/><U66/><E108/><V134/><F134/><W45/><G45/><N who="0" m="27919" /><D74/><U127/><E127/><V80/><F80/><W53/><G53/><T4/><D4/><U124/><E124/><V50/><F81/><W92/><REACH who="3" step="1"/><G98/><REACH who="3" ten="235,265,255,225" step="2"/><T101/><D101/><U9/><E59/><V128/><F50/><W110/><G110/><T107/><D107/><U31/><E56/><V15/><REACH who="2" step="1"/><F128/><REACH who="2" ten="235,265,245,225" step="2"/><W71/><G71/><T61/><D61/><U68/><E68/><V39/><F39/><W12/><G12/><N who="0" m="7191" /><D26/><U24/><E24/><V42/><F42/><W63/><G63/><T133/><D133/><U6/><E41/><V1/><F1/><W14/><G14/><AGARI ba="1,3" hai="11,14,17,78,79,83,87,90" m="7191,27919" machi="14" ten="30,3900,0" yaku="25,1,8,1,54,1" doraHai="95" who="0" fromWho="3" sc="235,72,265,0,245,0,225,-42" /><INIT seed="2,0,0,2,0,69" ten="307,265,245,183" oya="2" hai0="53,63,28,41,35,106,72,128,80,84,20,12,124" hai1="76,13,77,65,96,87,113,59,100,79,102,6,15" hai2="130,29,98,10,38,66,120,48,108,99,11,33,73" hai3="122,126,23,52,105,71,61,44,45,133,86,27,9"/><V30/><F120/><W40/><G122/><T107/><D72/><U118/><E113/><V70/><F73/><W92/><G105/><T123/><D123/><U83/><E118/><V39/><F48/><W42/><G133/><T60/><D124/><U115/><E115/><V64/><F70/><W49/><G126/><T67/><D35/><U121/><E121/><V103/><F103/><W50/><G9/><T47/><D53/><U43/><E43/><V7/><F33/><W51/><G71/><T85/><D85/><U58/><E102/><V36/><F36/><W0/><G0/><T88/><D128/><U4/><E4/><V135/><F7/><W57/><G86/><T54/><D54/><U91/><E6/><V125/><F125/><W94/><G50/><T5/><D28/><AGARI ba="0,0" hai="23,27,28,40,42,44,45,49,51,52,57,61,92,94" machi="28" ten="30,7700,0" yaku="7,1,9,1,8,1,54,1" doraHai="69" who="3" fromWho="0" sc="307,-77,265,0,245,0,183,77" /><INIT seed="3,0,0,5,0,65" ten="230,265,245,260" oya="3" hai0="50,96,119,97,118,4,105,72,21,98,130,42,19" hai1="46,110,109,68,135,45,78,14,107,92,59,10,18" hai2="7,0,58,15,38,74,122,80,11,99,34,40,25" hai3="70,120,77,131,111,66,82,95,127,103,60,83,121"/><W51/><G131/><T86/><D72/><U27/><E107/><V31/><F122/><W90/><G127/><T88/><D130/><U41/><E135/><V64/><F99/><W81/><G111/><N who="1" m="42506" /><E78/><V53/><F64/><W79/><G103/><T47/><D105/><U23/><E59/><V84/><F74/><W16/><G51/><T104/><D104/><U28/><E92/><V71/><F40/><W93/><G93/><T56/><D56/><U57/><E57/><V1/><F71/><W134/><G134/><T43/><D43/><U12/><E68/><V117/><F38/><W9/><G120/><T132/><D132/><U123/><E123/><V13/><F13/><W26/><G9/><T75/><D75/><U126/><E126/><V55/><F117/><W112/><G112/><T36/><D36/><U8/><E41/><V52/><REACH who="2" step="1"/><F58/><REACH who="2" ten="230,265,235,260" step="2"/><W2/><G121/><T17/><D118/><U30/><E45/><V133/><F133/><W115/><G115/><T129/><D119/><U76/><E46/><V3/><F3/><W62/><G2/><T5/><D129/><U32/><E76/><AGARI ba="0,1" hai="0,1,7,11,15,25,31,34,52,53,55,76,80,84" machi="76" ten="40,2600,0" yaku="1,1,54,1,53,0" doraHai="65" doraHaiUra="106" who="2" fromWho="1" sc="230,0,265,-26,235,36,260,0" /><INIT seed="4,0,0,2,0,21" ten="230,239,271,260" oya="0" hai0="126,98,42,103,94,12,100,114,84,101,129,79,19" hai1="86,26,6,52,75,46,58,33,11,81,106,115,56" hai2="71,40,51,96,2,113,55,0,66,99,25,77,64" hai3="125,128,45,65,50,111,83,41,104,23,61,122,85"/><T14/><D114/><U28/><E75/><V18/><F113/><W78/><G111/><T123/><D123/><U73/><E73/><V87/><F40/><W72/><G125/><T15/><D126/><U133/><E106/><V89/><F77/><W110/><G110/><T124/><D124/><U7/><E115/><V60/><F66/><W35/><G35/><T120/><D120/><U24/><E133/><V88/><F2/><W135/><G135/><T68/><D68/><U57/><E26/><V102/><F0/><W80/><G128/><T4/><D42/><U36/><E11/><V121/><F121/><W69/><G122/><T48/><D48/><U131/><E131/><V38/><F38/><W112/><G104/><T49/><D49/><U39/><E39/><V9/><F9/><W13/><G112/><T74/><D74/><U16/><E16/><V130/><F130/><W20/><G13/><N who="0" m="5227" /><D4/><U107/><E107/><V1/><F1/><W93/><G93/><T76/><D129/><U67/><E67/><V132/><F102/><N who="0" m="39530" /><D84/><U108/><E108/><V54/><F51/><W90/><AGARI ba="0,0" hai="20,23,41,45,50,61,65,69,72,78,80,83,85,90" machi="90" ten="20,1500,0" yaku="0,1,7,1" doraHai="21" who="3" fromWho="3" sc="230,-7,239,-4,271,-4,260,15" /><INIT seed="5,0,0,4,1,98" ten="223,235,267,275" oya="1" hai0="2,65,125,68,112,7,95,29,90,93,108,126,116" hai1="34,8,45,61,135,99,75,56,81,35,121,41,77" hai2="57,49,70,129,50,31,133,5,88,26,127,110,10" hai3="82,46,17,92,113,130,69,51,22,27,114,28,131"/><U119/><E119/><V52/><F70/><W13/><G69/><T118/><D29/><U12/><E121/><V132/><F110/><W94/><G82/><T85/><D7/><U64/><E135/><N who="2" m="51787" /><F127/><N who="0" m="48650" /><D2/><U39/><REACH who="1" step="1"/><E99/><REACH who="1" ten="223,225,267,275" step="2"/><V87/><F129/><W54/><G130/><T120/><D120/><U59/><E59/><V107/><F107/><W83/><G131/><T84/><D108/><U89/><E89/><V111/><F111/><W86/><G113/><T97/><D112/><U24/><E24/><V1/><F26/><W48/><G114/><T66/><D68/><U18/><AGARI ba="0,1" hai="8,12,18,34,35,39,41,45,56,61,64,75,77,81" machi="18" ten="20,7800,0" yaku="1,1,0,1,7,1,53,1" doraHai="98" doraHaiUra="63" who="1" fromWho="1" sc="223,-26,225,88,267,-26,275,-26" /><INIT seed="5,1,0,4,3,130" ten="197,313,241,249" oya="1" hai0="28,54,117,66,8,89,56,3,50,125,42,68,135" hai1="112,30,48,5,86,51,47,55,123,41,84,97,101" hai2="108,126,36,109,76,2,12,23,14,34,46,102,111" hai3="63,38,64,0,100,91,25,18,37,26,110,78,115"/><U62/><E123/><V40/><F34/><W6/><G110/><T49/><D117/><U82/><E112/><V65/><F126/><W79/><G115/><T70/><D28/><U58/><E30/><V99/><F2/><W90/><G100/><T131/><D131/><U13/><E82/><V59/><F76/><W119/><G6/><T17/><D125/><U57/><E13/><V4/><F4/><W80/><G0/><T21/><D66/><U53/><REACH who="1" step="1"/><E5/><REACH who="1" ten="197,303,241,249" step="2"/><V81/><F81/><W104/><G80/><T71/><D3/><U122/><E122/><V114/><F114/><W132/><G119/><T44/><D8/><U94/><AGARI ba="1,1" hai="41,47,48,51,53,55,57,58,62,84,86,94,97,101" machi="94" ten="20,7800,0" yaku="1,1,0,1,7,1,8,1,53,0" doraHai="130" doraHaiUra="10" who="1" fromWho="1" sc="197,-27,303,91,241,-27,249,-27" /><INIT seed="5,2,0,5,1,59" ten="170,394,214,222" oya="1" hai0="45,75,109,4,99,70,61,68,89,17,86,123,132" hai1="51,44,134,72,34,30,66,103,25,122,96,3,107" hai2="126,95,41,101,50,106,133,71,11,128,112,57,100" hai3="84,64,62,73,31,85,38,5,14,16,102,40,27"/><U48/><E122/><V1/><F71/><W74/><G5/><T42/><D75/><U19/><E134/><V111/><F111/><W0/><G0/><T13/><D109/><U124/><E124/><V33/><F33/><W56/><G74/><T115/><D132/><U130/><E130/><V119/><F106/><W6/><G6/><T120/><D99/><U82/><E3/><V117/><F133/><W22/><G73/><T69/><D4/><U78/><E19/><V88/><F126/><W77/><G102/><T52/><D115/><U18/><E18/><V90/><F128/><W131/><G77/><T63/><D89/><U129/><E129/><V24/><F112/><W108/><G108/><T105/><D86/><U26/><E26/><V10/><F24/><W98/><G98/><T7/><D7/><U97/><E44/><V125/><F125/><W87/><G131/><T43/><D105/><U110/><E110/><V118/><F1/><W76/><G76/><T20/><D43/><U55/><E55/><V127/><F127/><W37/><REACH who="3" step="1"/><G40/><REACH who="3" ten="170,394,214,212" step="2"/><T94/><D94/><U35/><E97/><N who="2" m="59455" /><F101/><W46/><G46/><T2/><D2/><U28/><E96/><V113/><F113/><W29/><G29/><T8/><D8/><AGARI ba="2,1" hai="8,14,16,22,27,31,37,38,56,62,64,84,85,87" machi="8" ten="40,12000,2" yaku="1,1,52,1,54,1,53,3" doraHai="59" doraHaiUra="81" who="3" fromWho="0" sc="170,-126,394,0,214,0,212,136" /><INIT seed="6,0,0,1,1,17" ten="44,394,214,348" oya="2" hai0="121,99,4,75,125,15,88,93,86,39,13,69,132" hai1="5,70,20,96,117,64,47,8,120,87,83,76,66" hai2="51,104,111,95,128,115,28,84,81,24,116,122,1" hai3="53,79,32,33,35,91,112,43,16,73,59,29,105"/><V106/><F116/><W50/><G105/><T30/><D121/><U55/><E117/><V72/><F122/><W37/><G73/><T118/><D118/><U10/><E120/><V113/><F1/><W82/><G91/><T61/><D75/><U77/><E96/><V97/><F72/><W119/><G43/><T52/><D39/><U62/><E66/><V18/><F18/><W25/><G37/><T44/><D125/><U135/><E135/><V134/><F51/><W9/><G112/><N who="2" m="43081" /><F134/><W56/><G119/><T23/><D69/><U90/><E8/><V68/><F68/><W54/><G82/><N who="0" m="49239" /><D4/><U74/><E74/><V22/><F128/><W124/><G79/><T85/><D85/><U126/><E126/><V129/><F129/><W26/><G124/><T98/><D98/><U49/><REACH who="1" step="1"/><E20/><REACH who="1" ten="44,384,214,348" step="2"/><V27/><F111/><W19/><G9/><T114/><D114/><U110/><E110/><V58/><F22/><W133/><G133/><T89/><D132/><U48/><E48/><V123/><F97/><W102/><G33/><T41/><D41/><U34/><E34/><V103/><F123/><W65/><G32/><T127/><D127/><U11/><E11/><V131/><F131/><W130/><G130/><T100/><D100/><U38/><E38/><V0/><F103/><W71/><G102/><T2/><D2/><AGARI ba="0,1" hai="2,5,10,47,49,55,62,64,70,76,77,83,87,90" machi="2" ten="30,3900,0" yaku="1,1,7,1,53,1" doraHai="17" doraHaiUra="46" who="1" fromWho="0" sc="44,-39,384,49,214,0,348,0" /><INIT seed="7,0,0,2,4,26" ten="5,433,214,348" oya="3" hai0="100,105,74,8,86,82,132,88,130,98,9,81,56" hai1="7,89,58,84,93,83,32,117,128,126,13,47,67" hai2="131,52,54,44,43,118,80,85,121,27,119,24,37" hai3="114,97,66,33,42,16,120,68,92,21,77,5,125"/><W124/><G120/><T91/><D56/><U103/><E126/><V113/><F113/><W61/><G114/><T95/><D9/><U87/><E128/><V116/><F131/><W115/><G115/><T40/><D8/><N who="1" m="4255" /><E32/><V30/><F24/><W6/><G33/><T63/><D63/><N who="1" m="38391" /><E117/><V41/><F41/><W111/><G111/><T36/><D40/><U3/><E3/><V75/><F75/><W15/><G77/><N who="0" m="44215" /><D36/><U17/><E17/><V99/><F99/><W102/><REACH who="3" step="1"/><G42/><REACH who="3" ten="5,433,214,338" step="2"/><T46/><D130/><U10/><E47/><V28/><F121/><W90/><G90/><N who="0" m="51543" /><D46/><U73/><E73/><V134/><F44/><W39/><G39/><T109/><D109/><U135/><E135/><V34/><F134/><W2/><G2/><T59/><D132/><U45/><E45/><V29/><F43/><W64/><G64/><T23/><D59/><U108/><E108/><V123/><F37/><W96/><G96/><N who="0" m="61575" /><D23/><U127/><E127/><AGARI ba="0,1" hai="5,6,15,16,21,61,66,68,92,97,102,124,125,127" machi="127" ten="40,12000,1" yaku="1,1,18,1,54,1,53,1" doraHai="26" doraHaiUra="18" who="3" fromWho="1" sc="5,0,433,-120,214,0,338,130" owari="5,-49.5,313,11.3,214,-18.6,468,56.8" /></mjloggm>