<mjloggm ver="2.3"><GO type="169" lobby="0"/><UN n0="%62%61%6B%75%72%61%30%38" n1="%53%6F%6C%69%64" n2="%4D%E6%9C%AC" n3="%E3%81%B5%E3%81%98%E3%81%8A" dan="17,17,16,16" rate="2188.20,2145.01,2118.97,2122.96" sx="M,M,M,M"/><TAIKYOKU oya="0"/><INIT seed="0,0,0,3,5,88" ten="250,250,250,250" oya="0" hai0="84,57,56,104,123,132,130,126,65,12,31,75,43" hai1="27,116,133,32,72,13,121,87,101,16,67,29,96" hai2="74,1,76,99,92,98,18,119,85,70,129,100,61" hai3="41,44,25,45,19,17,120,115,28,103,42,108,53"/><T6/><D75/><U78/><E116/><V77/><F119/><W64/><G115/><T23/><D123/><U95/><E121/><V107/><F129/><W68/><G120/><T55/><D104/><U22/><E133/><V8/><F74/><W135/><G135/><T131/><D132/><U80/><REACH who="1" step="1"/><E67/><REACH who="1" ten="250,240,250,250" step="2"/><V81/><F70/><W58/><G64/><T111/><D65/><U15/><E15/><V40/><F1/><W0/><G68/><T125/><D12/><U79/><E79/><V59/><F77/><W14/><G0/><T48/><D130/><U134/><E134/><V71/><F71/><W36/><G14/><T90/><D131/><U113/><E113/><V4/><F76/><W30/><G108/><T39/><D111/><U24/><E24/><V11/><F4/><W35/><G30/><T7/><D31/><U63/><E63/><V106/><F61/><W86/><G28/><T54/><D125/><U66/><E66/><V52/><F18/><W127/><G127/><T62/><D126/><U83/><E83/><V5/><F81/><W21/><G25/><T51/><D62/><U118/><E118/><V34/><F5/><W3/><G3/><T109/><D109/><U9/><E9/><V26/><F26/><W33/><G17/><T2/><D2/><U89/><E89/><V122/><F11/><W128/><G128/><T73/><D90/><U69/><E69/><V93/><F8/><W20/><G19/><T50/><D6/><U124/><E124/><V94/><F122/><W117/><G117/><T38/><D7/><U60/><E60/><RYUUKYOKU ba="0,1" sc="250,-10,240,30,250,-10,250,-10" hai1="13,16,22,27,29,32,72,78,80,87,95,96,101" /><INIT seed="1,1,1,1,4,9" ten="240,270,240,240" oya="1" hai0="48,118,131,33,110,41,16,67,8,66,0,120,72" hai1="101,43,134,34,12,19,58,46,87,47,39,53,92" hai2="130,109,128,60,79,51,96,132,17,49,102,45,116" hai3="13,114,112,74,23,115,21,80,106,26,126,108,76"/><U113/><E113/><V127/><F116/><W89/><G108/><T30/><D118/><U18/><E34/><V85/><F109/><W124/><G106/><T1/><D72/><U94/><E134/><V32/><F132/><W83/><G89/><T56/><D110/><U2/><E2/><V11/><F32/><W55/><G55/><T121/><D131/><N who="2" m="50218" /><F127/><W61/><G61/><T81/><D81/><U77/><E47/><V15/><F60/><W125/><G26/><N who="0" m="18647" /><D56/><U91/><E77/><V20/><F45/><W10/><REACH who="3" step="1"/><G83/><REACH who="3" ten="240,270,240,230" step="2"/><T95/><D66/><U103/><E94/><N who="2" m="58647" /><F20/><W97/><G97/><T3/><D95/><U99/><E99/><V54/><F54/><W90/><G90/><T117/><D67/><U42/><E42/><V14/><F79/><W59/><G59/><T82/><D82/><U7/><E101/><V28/><F85/><W84/><G84/><T64/><D64/><U129/><E103/><V4/><F28/><W107/><G107/><T22/><D117/><U75/><E129/><V5/><F5/><AGARI ba="1,2" hai="5,10,13,21,23,74,76,80,112,114,115,124,125,126" machi="5" ten="50,6400,0" yaku="1,1,18,1,52,1,53,0" doraHai="9" doraHaiUra="35" who="3" fromWho="2" sc="240,0,270,0,240,-67,230,87" /><INIT seed="2,0,0,1,3,53" ten="240,270,173,317" oya="2" hai0="22,1,98,71,12,33,113,103,94,15,134,29,51" hai1="50,10,35,41,123,135,109,49,97,7,21,55,89" hai2="24,122,16,47,120,8,34,126,90,45,42,17,72" hai3="59,115,70,124,101,128,40,25,28,127,74,65,79"/><V96/><F72/><W67/><G128/><T93/><D1/><U18/><E35/><V68/><F68/><W75/><G115/><T91/><D71/><U82/><E109/><V119/><F119/><W38/><G101/><T36/><D36/><U0/><E135/><V121/><F126/><N who="3" m="48171" /><G70/><T57/><D33/><U13/><E123/><V104/><F8/><W133/><G133/><T32/><D32/><U61/><E41/><V83/><F47/><N who="3" m="23959" /><G79/><T43/><D113/><U114/><E114/><V95/><F104/><W132/><G132/><T54/><D43/><U76/><E89/><V110/><F110/><W106/><G106/><T129/><D129/><U100/><E100/><V11/><F11/><W58/><G75/><T99/><REACH who="0" step="1"/><D134/><REACH who="0" ten="230,270,173,317" step="2"/><U77/><E0/><V23/><F34/><N who="3" m="20751" /><G74/><T86/><D86/><U87/><E87/><V62/><F121/><W111/><G111/><T56/><D56/><AGARI ba="0,1" hai="56,58,59,65,67" m="20751,23959,48171" machi="56" ten="30,7700,0" yaku="18,1,52,3" doraHai="53" who="3" fromWho="0" sc="230,-77,270,0,173,0,317,87" /><INIT seed="3,0,0,0,0,50" ten="153,270,173,404" oya="3" hai0="38,82,84,76,24,121,72,64,103,63,133,21,110" hai1="89,98,99,45,18,42,33,73,95,6,44,4,101" hai2="55,19,61,60,126,27,40,20,74,127,93,77,87" hai3="58,13,62,9,0,102,65,69,59,12,28,92,131"/><W117/><G117/><T32/><D110/><U135/><E73/><V104/><F104/><W83/><G131/><T108/><D108/><U46/><E33/><V130/><F130/><W68/><G0/><T29/><D133/><U53/><E135/><V125/><F40/><W86/><G28/><T132/><D132/><U39/><E18/><V94/><F74/><W111/><G111/><T90/><D38/><U71/><E71/><V31/><F31/><W43/><G43/><T105/><D121/><U115/><E115/><V129/><F129/><W11/><G69/><T67/><D32/><U75/><E75/><V57/><REACH who="2" step="1"/><F61/><REACH who="2" ten="153,270,163,404" step="2"/><W34/><G62/><T81/><REACH who="0" step="1"/><D63/><REACH who="0" ten="143,270,163,404" step="2"/><U109/><E109/><V25/><F25/><W128/><G128/><T30/><D30/><U106/><E39/><V14/><F14/><W10/><G13/><T37/><D37/><U48/><REACH who="1" step="1"/><E42/><REACH who="1" ten="143,260,163,404" step="2"/><V22/><F22/><W41/><G34/><T79/><D79/><U54/><E54/><V47/><F47/><AGARI ba="0,3" hai="4,6,44,45,46,47,48,53,89,95,98,99,101,106" machi="47" ten="40,2600,0" yaku="1,1,52,1,53,0" doraHai="50" doraHaiUra="5" who="1" fromWho="2" sc="143,0,260,56,163,-26,404,0" /><INIT seed="4,0,0,3,1,3" ten="143,316,137,404" oya="0" hai0="20,123,119,99,53,7,135,58,37,118,101,120,38" hai1="69,31,117,107,8,134,27,71,114,72,12,55,11" hai2="83,104,61,18,29,116,75,96,1,48,59,79,89" hai3="127,70,102,51,105,111,81,133,34,126,85,86,24"/><T97/><D135/><U50/><E117/><V9/><F116/><W131/><G111/><T103/><D20/><U19/><E72/><V26/><F48/><W23/><G133/><T0/><D0/><U66/><E134/><V78/><F78/><W64/><G131/><T14/><D14/><U132/><E132/><V10/><F18/><W47/><G34/><T92/><D92/><U91/><E107/><V52/><F1/><W32/><G32/><T112/><D58/><U41/><E41/><V33/><REACH who="2" step="1"/><F89/><REACH who="2" ten="143,316,127,404" step="2"/><W110/><G51/><T125/><D112/><U106/><E91/><V16/><F16/><W98/><G110/><T6/><REACH who="0" step="1"/><D53/><REACH who="0" ten="133,316,127,404" step="2"/><U36/><E55/><V56/><F56/><W67/><G70/><T68/><D68/><U5/><E69/><V80/><F80/><W63/><G81/><T100/><D100/><AGARI ba="0,2" hai="9,10,26,29,33,52,59,61,75,79,83,96,100,104" machi="100" ten="40,2600,0" yaku="1,1,54,1,53,0" doraHai="3" doraHaiUra="129" who="2" fromWho="0" sc="133,-26,316,0,127,46,404,0" /><INIT seed="5,0,0,3,1,127" ten="107,316,173,404" oya="1" hai0="15,31,32,125,3,2,11,124,89,82,112,38,132" hai1="64,42,80,43,4,66,81,133,128,65,36,53,95" hai2="73,87,86,9,83,30,55,97,72,7,76,110,21" hai3="25,19,119,17,131,56,134,37,28,39,12,77,0"/><U105/><E105/><V33/><F33/><W99/><G0/><N who="0" m="43" /><D89/><U96/><E133/><V135/><F135/><W121/><G121/><T98/><D98/><U108/><E108/><V103/><F110/><W111/><G111/><T24/><D82/><N who="1" m="31851" /><E36/><V47/><F73/><W85/><G134/><T35/><D38/><U93/><E4/><V62/><F30/><W71/><G71/><T107/><D107/><U90/><E128/><V45/><F21/><W51/><G99/><T117/><D117/><U67/><N who="1" m="16384" /><DORA hai="79" /><U50/><E95/><V129/><F129/><W61/><G119/><T102/><D102/><U20/><E20/><V57/><F72/><W68/><G131/><T74/><D74/><U114/><E114/><V92/><REACH who="2" step="1"/><F87/><REACH who="2" ten="107,316,163,404" step="2"/><W23/><G85/><T46/><D132/><U59/><AGARI ba="0,1" hai="42,43,50,53,59,90,93,96" m="16384,31851" machi="59" ten="40,12000,1" yaku="8,1,52,3" doraHai="127,79" who="1" fromWho="1" sc="107,-40,316,130,163,-40,404,-40" /><INIT seed="5,1,0,3,5,81" ten="67,446,123,364" oya="1" hai0="100,76,54,108,109,134,69,20,101,86,105,44,75" hai1="5,120,96,74,73,38,84,34,119,121,88,83,72" hai2="17,15,56,18,55,117,33,87,14,19,111,125,106" hai3="107,53,61,128,98,126,23,70,90,41,122,93,26"/><U89/><E38/><V82/><F111/><W60/><G122/><N who="1" m="47210" /><E5/><V4/><F117/><W135/><G128/><T59/><D69/><U58/><E58/><V0/><F125/><W99/><G135/><T118/><D118/><U10/><E10/><V57/><F106/><W64/><G126/><T13/><D134/><U114/><E34/><V1/><F33/><W31/><G41/><T21/><D75/><U124/><E124/><V36/><F36/><W94/><G107/><T12/><D105/><U49/><E49/><V92/><F92/><W132/><G132/><T102/><D44/><U78/><E119/><V50/><F57/><W130/><G130/><T27/><D108/><U131/><E131/><V16/><F4/><W77/><G77/><T63/><D109/><U110/><E110/><V79/><REACH who="2" step="1"/><F15/><REACH who="2" ten="67,446,113,364" step="2"/><N who="0" m="5706" /><D27/><U42/><E74/><V32/><F32/><W65/><G70/><T91/><D76/><U39/><E73/><V40/><F40/><W25/><G25/><T6/><D6/><U127/><E127/><V22/><AGARI ba="1,1" hai="0,1,14,16,17,18,19,22,50,55,56,79,82,87" machi="22" ten="30,7900,0" yaku="1,1,0,1,52,1,54,1,53,0" doraHai="81" doraHaiUra="103" who="2" fromWho="2" sc="67,-21,446,-40,113,92,364,-21" /><INIT seed="6,0,0,3,0,43" ten="46,406,205,343" oya="2" hai0="116,44,135,97,0,4,85,57,33,37,36,91,2" hai1="68,95,15,122,54,120,71,42,8,63,84,92,53" hai2="115,105,48,125,51,128,121,102,3,77,7,64,119" hai3="82,73,98,59,117,19,118,50,133,70,34,69,86"/><V23/><F119/><W101/><G73/><T94/><D135/><U22/><E42/><V127/><F121/><N who="1" m="46697" /><E22/><V52/><F115/><W103/><G34/><T93/><D33/><U49/><E54/><V80/><F128/><W46/><G59/><T29/><D29/><U27/><E27/><V1/><F64/><W20/><G133/><T132/><D132/><U60/><E60/><V129/><F129/><W81/><G81/><T5/><D116/><U96/><E84/><V114/><F114/><W61/><G118/><T62/><D2/><U109/><E109/><V28/><F102/><W107/><G61/><T90/><D0/><U14/><E14/><V66/><F66/><W38/><G38/><T100/><D37/><U56/><E63/><V75/><F105/><W99/><G19/><T106/><D36/><U124/><E124/><N who="2" m="47691" /><F7/><W88/><G20/><T131/><D131/><U65/><E65/><V40/><F40/><W26/><G26/><T104/><D104/><U12/><E12/><V10/><F10/><W110/><G110/><T41/><D41/><U35/><E35/><V30/><F51/><W17/><G17/><T89/><D106/><U67/><E67/><V25/><F30/><W45/><G117/><T55/><D4/><N who="1" m="3463" /><E95/><V58/><AGARI ba="0,0" hai="1,3,23,25,28,48,52,58,75,77,80" m="47691" machi="58" ten="30,3000,0" yaku="18,1,54,1" doraHai="43" who="2" fromWho="2" sc="46,-10,406,-10,205,30,343,-10" /><INIT seed="6,1,0,2,3,94" ten="36,396,235,333" oya="2" hai0="131,20,60,107,17,77,114,65,67,11,81,135,6" hai1="71,10,118,111,48,37,15,54,120,100,51,61,3" hai2="95,73,123,23,128,49,79,130,96,89,7,25,127" hai3="76,12,103,69,9,58,87,55,50,21,134,85,63"/><V116/><F116/><W27/><G134/><T14/><D114/><U86/><E111/><V72/><F123/><W26/><G103/><T4/><D131/><N who="2" m="50218" /><F127/><W29/><G27/><T32/><D135/><U8/><E118/><V52/><F7/><W75/><G75/><T117/><D117/><U122/><E37/><V109/><F79/><W83/><G87/><T22/><D32/><U126/><E126/><V124/><F109/><W88/><G69/><T33/><D33/><U129/><E129/><V42/><F42/><W38/><G38/><T28/><D107/><U41/><E41/><V105/><F105/><W39/><G39/><T108/><D108/><U125/><E125/><V84/><F84/><W46/><G76/><T5/><D28/><U99/><E86/><V97/><F97/><W101/><G101/><T90/><D90/><U64/><E120/><V92/><F92/><W133/><G133/><T35/><D35/><U78/><E78/><V47/><F124/><W121/><G121/><T30/><D30/><U16/><E122/><V44/><F44/><W62/><REACH who="3" step="1"/><G58/><REACH who="3" ten="36,396,235,323" step="2"/><T53/><D77/><U98/><E100/><V119/><F119/><W40/><G40/><T113/><D81/><U19/><E71/><V1/><F1/><W102/><G102/><T57/><REACH who="0" step="1"/><D113/><REACH who="0" ten="26,396,235,323" step="2"/><U112/><E112/><V34/><F34/><W24/><G24/><T13/><D13/><U43/><E15/><V110/><F110/><W68/><G68/><T115/><D115/><U0/><E0/><V70/><F70/><W104/><G104/><T132/><D132/><U56/><E3/><RYUUKYOKU ba="1,2" sc="26,10,396,-30,235,10,323,10" hai0="4,5,6,11,14,17,20,22,53,57,60,65,67" hai2="23,25,47,49,52,72,73,89,95,96" hai3="9,12,21,26,29,46,50,55,62,63,83,85,88" /><INIT seed="6,2,2,5,3,129" ten="36,366,245,333" oya="2" hai0="114,48,27,41,119,30,102,89,55,115,38,123,96" hai1="42,32,74,57,90,15,44,25,10,2,64,118,112" hai2="51,43,85,35,135,24,36,65,121,86,111,124,93" hai3="45,110,92,59,68,122,52,113,99,1,94,31,5"/><V67/><F121/><W3/><G122/><T116/><D27/><U47/><E118/><N who="0" m="45097" /><D30/><U19/><E74/><V8/><F36/><W22/><G110/><T71/><D89/><U80/><E112/><N who="0" m="43049" /><D96/><U39/><E47/><N who="2" m="26111" /><F111/><W84/><G113/><T7/><D7/><U20/><E32/><V107/><F107/><W56/><G5/><T60/><D102/><U21/><E2/><V53/><F35/><W62/><G84/><T4/><D4/><U82/><E90/><V79/><F8/><W95/><G99/><T0/><D0/><U34/><E34/><V73/><F73/><W70/><G1/><T76/><D76/><U28/><E21/><V37/><F37/><W61/><G3/><T127/><D123/><U49/><E64/><N who="2" m="24651" /><F124/><W66/><G31/><T120/><D120/><U81/><E39/><V46/><F24/><W98/><G22/><T14/><D14/><U75/><E75/><V101/><F79/><W88/><G98/><T125/><D71/><U26/><E26/><V131/><F101/><W72/><G72/><T105/><D105/><U29/><E29/><V63/><F93/><W16/><G70/><T33/><D33/><U13/><E13/><V6/><F6/><W103/><G68/><T69/><D69/><U23/><E10/><V11/><F11/><W58/><G103/><T132/><D38/><U130/><E20/><V87/><F87/><W91/><G95/><T128/><D128/><U126/><E23/><V106/><F106/><W17/><G94/><T117/><N who="0" m="45105" /><T50/><DORA hai="9" /><D125/><U104/><E126/><V108/><F131/><RYUUKYOKU ba="2,2" sc="36,0,366,0,245,0,333,0" /><INIT seed="7,3,2,4,5,90" ten="36,366,245,333" oya="3" hai0="93,23,105,124,110,81,3,34,128,44,57,2,61" hai1="117,33,15,79,100,107,103,115,45,48,11,12,54" hai2="84,13,75,59,53,106,35,95,88,119,109,32,133" hai3="28,60,130,91,43,135,52,113,19,122,118,82,80"/><W21/><G118/><T37/><D23/><U51/><E33/><V10/><F119/><W85/><G122/><T94/><D34/><U40/><E107/><V129/><F109/><W9/><G113/><T7/><D110/><U111/><E111/><V22/><F129/><W127/><G130/><T58/><D105/><U39/><E117/><V134/><F106/><W26/><G127/><T98/><D98/><U42/><E115/><V101/><F101/><N who="1" m="38985" /><E39/><V86/><F75/><W96/><G135/><T87/><D87/><U18/><E79/><V0/><F86/><W65/><G96/><T29/><D29/><U17/><E51/><N who="2" m="31167" /><F10/><AGARI ba="3,2" hai="10,11,12,15,17,18,40,42,45,48,54" m="38985" machi="10" ten="30,1000,0" yaku="8,1" doraHai="90" who="1" fromWho="2" sc="36,0,366,39,245,-19,333,0" owari="36,-46.4,405,50.5,226,-17.4,333,13.3" /></mjloggm>