<mjloggm ver="2.3"><GO type="169" lobby="0"/><UN n0="%58%E7%8C%AB" n1="%E3%81%94%E3%82%8B%E3%81%AF%E3%82%80%33%30" n2="%E3%81%9D%E3%82%93%E3%81%97%E6%A7%98" n3="%E7%B4%94%E6%BD%94%E3%83%94%E3%83%A9%E3%83%8B%E3%82%A2" dan="16,17,18,16" rate="2055.41,2192.12,2217.44,2168.10" sx="M,F,M,M"/><TAIKYOKU oya="0"/><INIT seed="0,0,0,0,2,110" ten="250,250,250,250" oya="0" hai0="1,36,28,49,72,60,19,86,98,12,5,75,63" hai1="135,133,10,59,87,22,117,14,113,47,108,131,26" hai2="120,95,116,126,112,91,121,70,7,101,23,54,106" hai3="114,129,6,38,45,69,42,16,127,73,97,128,62"/><T130/><D36/><U132/><E108/><V124/><F70/><W46/><G73/><T57/><D130/><N who="3" m="50281" /><G6/><T33/><D98/><U39/><E131/><V9/><F23/><W35/><G35/><T43/><D63/><U4/><E117/><V105/><F54/><W64/><G97/><T77/><D1/><U88/><E59/><V17/><F17/><W0/><G0/><T92/><D28/><U134/><N who="1" m="33792" /><DORA hai="78" /><U123/><E123/><V90/><F9/><W21/><G46/><T82/><D92/><U27/><E113/><V13/><F13/><N who="3" m="9359" /><G127/><T84/><D33/><U15/><E15/><V125/><F7/><W102/><G102/><T58/><D86/><U103/><E103/><V89/><F116/><W85/><G85/><T20/><D5/><U80/><E22/><V51/><F112/><AGARI ba="0,0" hai="38,42,45,62,64,69,112,114" m="9359,50281" machi="112" ten="30,7700,0" yaku="19,1,52,2,54,1" doraHai="110,78" who="3" fromWho="2" sc="250,0,250,0,250,-77,250,77" /><INIT seed="1,0,0,2,0,30" ten="250,250,173,327" oya="1" hai0="45,38,48,99,43,53,25,87,12,69,22,7,94" hai1="111,120,66,60,64,62,28,17,31,82,18,78,41" hai2="4,49,84,97,9,91,50,119,68,126,74,63,3" hai3="131,61,79,101,98,81,115,112,75,21,114,55,8"/><U108/><E120/><V116/><F74/><W16/><G131/><T83/><D69/><U51/><E51/><V106/><F126/><W33/><G33/><T96/><D7/><U20/><E41/><V105/><F49/><W90/><G8/><T110/><D110/><N who="1" m="42027" /><E31/><V34/><F50/><W80/><G80/><T117/><D117/><U123/><E28/><V57/><F68/><W36/><G36/><T6/><D25/><N who="1" m="14479" /><E18/><V103/><F34/><W59/><G90/><T100/><D99/><U95/><E95/><V10/><F10/><W70/><G70/><T93/><D94/><U39/><E39/><V35/><F35/><W71/><G71/><T56/><D6/><U130/><E130/><V54/><REACH who="2" step="1"/><F106/><REACH who="2" ten="250,250,163,327" step="2"/><W128/><G128/><T133/><D22/><U113/><E123/><V107/><F107/><W104/><REACH who="3" step="1"/><G112/><REACH who="3" ten="250,250,163,317" step="2"/><T29/><D38/><U77/><E113/><V37/><F37/><W135/><G135/><T85/><D133/><U129/><E129/><V11/><F11/><W86/><G86/><T72/><D87/><N who="1" m="48591" /><E78/><V19/><F19/><W14/><AGARI ba="0,2" hai="14,16,21,55,59,61,75,79,81,98,101,104,114,115" machi="14" ten="20,5200,0" yaku="1,1,0,1,7,1,54,1,53,0" doraHai="30" doraHaiUra="2" who="3" fromWho="3" sc="250,-13,250,-26,163,-13,317,72" /><INIT seed="2,0,0,3,1,35" ten="237,224,150,389" oya="2" hai0="103,26,57,86,83,28,48,104,123,22,125,102,66" hai1="4,49,89,133,108,16,61,36,132,73,7,38,126" hai2="51,58,118,114,23,121,77,18,84,32,112,117,85" hai3="12,109,34,115,2,97,5,39,81,41,37,105,27"/><V134/><F121/><W75/><G12/><T14/><D123/><U9/><E73/><V33/><F58/><W70/><G109/><T78/><D125/><U110/><E126/><V44/><F134/><N who="1" m="51817" /><E49/><V55/><F33/><W10/><G115/><T65/><D104/><U54/><E89/><V90/><F32/><W88/><G88/><T74/><D74/><U40/><E54/><V94/><F112/><W56/><G56/><T43/><D14/><N who="1" m="7247" /><E61/><V11/><F11/><W68/><G97/><T120/><D120/><U92/><E92/><V87/><F114/><W130/><G105/><T93/><D93/><U96/><E96/><V106/><F106/><W42/><G42/><T128/><D128/><U3/><E40/><V113/><F113/><W64/><G64/><N who="0" m="24683" /><D57/><U45/><E45/><AGARI ba="0,0" hai="22,26,28,43,45,48,78,83,86,102,103" m="24683" machi="45" ten="30,1000,0" yaku="8,1" doraHai="35" who="0" fromWho="1" sc="237,10,224,-10,150,0,389,0" /><INIT seed="3,0,0,2,1,7" ten="247,214,150,389" oya="3" hai0="65,38,125,16,28,126,98,133,36,13,74,76,80" hai1="121,101,59,132,53,26,64,14,40,31,9,103,75" hai2="94,134,52,81,70,55,32,92,102,20,116,33,37" hai3="123,48,78,99,107,56,54,113,82,12,51,117,118"/><W122/><G113/><T86/><D65/><U49/><E121/><V96/><F116/><W97/><G12/><T108/><D98/><U112/><E112/><V2/><F134/><W24/><G24/><T34/><D108/><U72/><E132/><V18/><F2/><W71/><G71/><T84/><D133/><U66/><E40/><V45/><F70/><W29/><G29/><T41/><D28/><U10/><E72/><V105/><F81/><W130/><G82/><T25/><D25/><U90/><E75/><V88/><F105/><W104/><G54/><T30/><D30/><U6/><E90/><V43/><F33/><W119/><G56/><T17/><D17/><U106/><E10/><V58/><F58/><W91/><G91/><T8/><D34/><U50/><E50/><V115/><F32/><W77/><REACH who="3" step="1"/><G117/><REACH who="3" ten="247,214,150,379" step="2"/><T60/><D60/><U42/><E26/><V95/><F115/><W114/><G114/><T124/><D41/><U27/><E42/><V67/><F67/><W128/><AGARI ba="0,1" hai="48,51,77,78,97,99,104,107,118,119,122,123,128,130" machi="128" ten="25,9600,0" yaku="1,1,0,1,22,2,53,0" doraHai="7" doraHaiUra="63" who="3" fromWho="3" sc="247,-32,214,-32,150,-32,379,106" /><INIT seed="3,1,0,0,3,68" ten="215,182,118,485" oya="3" hai0="69,131,134,112,75,74,3,43,4,25,126,11,60" hai1="61,109,113,41,130,22,108,100,15,94,77,122,133" hai2="95,81,107,55,21,0,98,28,101,123,33,91,27" hai3="7,20,135,2,67,58,128,13,72,64,82,62,89"/><W80/><G128/><T5/><D131/><U14/><E130/><V106/><F123/><W110/><G135/><T90/><D134/><U65/><E133/><V1/><F107/><W121/><G121/><T30/><D90/><U120/><E113/><V124/><F124/><W111/><G72/><T114/><D126/><U85/><E41/><V57/><F81/><W59/><G2/><T16/><D16/><N who="1" m="10519" /><E15/><V36/><F33/><W96/><G58/><T102/><D5/><U88/><E100/><V49/><REACH who="2" step="1"/><F36/><REACH who="2" ten="215,182,108,485" step="2"/><W104/><G104/><T51/><D114/><U53/><E120/><V84/><AGARI ba="1,1" hai="0,1,21,27,28,49,55,57,84,91,95,98,101,106" machi="84" ten="20,5200,0" yaku="1,1,2,1,0,1,7,1,53,0" doraHai="68" doraHaiUra="66" who="2" fromWho="2" sc="215,-14,182,-14,108,65,485,-27" /><INIT seed="4,0,0,5,3,16" ten="201,168,173,458" oya="0" hai0="58,42,33,120,40,109,15,127,8,17,0,3,79" hai1="85,123,113,56,130,67,23,87,30,47,62,43,12" hai2="118,80,88,133,65,10,76,32,78,38,50,34,108" hai3="90,27,135,119,11,39,71,51,126,77,29,59,6"/><T104/><D120/><U92/><E123/><V4/><F38/><W105/><G71/><T82/><D104/><U83/><E130/><V84/><F108/><W101/><G39/><T73/><D33/><U125/><E125/><V52/><F133/><W89/><G77/><T46/><D127/><U14/><E113/><V107/><F107/><W117/><G135/><T45/><D58/><U5/><E92/><V13/><F118/><W81/><G101/><T74/><D109/><U22/><E85/><V129/><F129/><W26/><G26/><T96/><D96/><U2/><E30/><V49/><F49/><W112/><G105/><T115/><D115/><U36/><E2/><V103/><F103/><W93/><G81/><T25/><D74/><U131/><E131/><V41/><F41/><W60/><G51/><T69/><D69/><U48/><E36/><V63/><F34/><W53/><G89/><T21/><D42/><U75/><E75/><V31/><F31/><W19/><G112/><T114/><D114/><U68/><E68/><V18/><F32/><W61/><G61/><T72/><D72/><U55/><E43/><V122/><F122/><W35/><G126/><T106/><D106/><U99/><E99/><V86/><F86/><N who="3" m="52439" /><G119/><T28/><D46/><U9/><E14/><V124/><F124/><W64/><G64/><T110/><D110/><U7/><E7/><V95/><F4/><W111/><G117/><T98/><D98/><U94/><E94/><V116/><F95/><W121/><G111/><T97/><D97/><U66/><E66/><V54/><F116/><RYUUKYOKU ba="0,0" sc="201,15,168,15,173,-15,458,-15" hai0="0,3,8,15,17,21,25,28,40,45,73,79,82" hai1="5,9,12,22,23,47,48,55,56,62,67,83,87" /><INIT seed="4,1,0,4,3,110" ten="216,183,158,443" oya="0" hai0="114,46,31,24,51,96,133,98,61,65,86,95,45" hai1="18,54,32,5,73,47,75,2,66,122,111,49,85" hai2="81,33,123,109,29,41,13,91,83,19,113,115,48" hai3="55,74,38,94,56,4,102,131,23,63,108,70,34"/><T82/><D133/><U92/><E111/><V135/><F109/><W26/><G38/><T59/><D114/><N who="2" m="43530" /><F123/><W8/><G74/><T97/><D95/><U77/><E32/><V89/><F135/><W93/><G34/><T105/><D105/><U80/><E122/><V72/><F29/><W121/><G70/><T40/><D46/><U120/><E120/><V88/><F33/><W9/><G9/><T50/><D50/><U60/><E73/><V118/><F118/><W30/><G131/><T3/><D3/><U36/><E36/><V57/><F72/><W64/><G121/><T134/><D134/><U79/><E75/><V39/><F39/><W126/><G126/><T28/><D24/><U129/><E129/><V14/><F14/><W112/><G93/><T87/><D87/><U62/><E92/><V124/><F124/><W15/><G112/><T103/><D103/><U6/><E85/><V20/><F57/><W130/><G130/><T44/><D44/><AGARI ba="1,0" hai="13,19,20,41,44,48,81,83,88,89,91" m="43530" machi="44" ten="30,8000,1" yaku="15,1,52,3,54,1" doraHai="110" who="2" fromWho="0" sc="216,-83,183,0,158,83,443,0" /><INIT seed="5,0,0,4,0,23" ten="133,183,241,443" oya="1" hai0="53,98,15,134,78,32,68,117,20,115,60,6,82" hai1="114,26,57,28,112,64,27,87,66,106,9,41,2" hai2="90,67,46,105,104,49,25,62,61,3,19,73,123" hai3="84,8,128,121,21,118,83,88,126,110,124,102,65"/><U97/><E41/><V24/><F123/><W95/><G110/><T92/><D117/><U100/><E87/><V135/><F3/><W16/><G121/><T7/><D32/><U96/><E96/><V55/><F73/><W125/><G128/><T30/><D134/><U111/><E111/><V119/><F119/><W93/><G118/><T116/><D116/><U12/><E2/><V14/><F105/><W59/><G8/><T40/><D40/><U130/><E130/><V54/><F104/><W1/><G1/><T91/><D115/><N who="1" m="44075" /><E57/><N who="2" m="37295" /><F135/><W133/><G102/><T108/><D108/><U81/><E81/><V0/><F0/><W37/><G37/><T36/><D36/><U122/><E122/><V44/><F90/><W56/><G133/><T50/><D82/><U79/><E79/><V99/><F99/><W51/><G59/><T72/><D78/><U71/><E71/><V13/><F13/><W103/><G103/><T22/><D15/><U132/><E132/><V94/><F94/><W77/><G77/><T75/><D75/><U34/><E27/><N who="2" m="10315" /><F62/><N who="3" m="38087" /><G51/><T48/><D72/><U74/><E74/><V11/><F46/><W127/><G127/><T58/><D68/><U113/><E113/><V129/><F129/><W63/><G63/><T80/><D80/><U43/><E106/><V18/><F54/><W70/><G70/><T101/><D101/><U33/><E100/><V39/><F39/><W131/><G131/><T38/><D38/><U69/><E97/><V109/><F109/><W107/><G107/><T86/><D98/><U120/><E69/><V89/><F89/><RYUUKYOKU ba="0,0" sc="133,-15,183,-15,241,15,443,15" hai2="11,14,18,19,44,49,55" hai3="16,21,83,84,88,93,95,124,125,126" /><INIT seed="6,1,0,0,0,71" ten="118,168,256,458" oya="2" hai0="134,112,96,69,78,70,121,88,104,127,38,32,85" hai1="1,52,105,11,28,103,75,41,12,54,84,35,60" hai2="106,40,113,133,87,21,97,4,135,23,62,68,43" hai3="2,59,77,39,125,120,129,128,119,72,34,117,36"/><V89/><F113/><W110/><G120/><T131/><RYUUKYOKU type="yao9" ba="1,0" sc="118,0,168,0,256,0,458,0" hai0="32,38,69,70,78,85,88,96,104,112,121,127,131,134" /><INIT seed="6,2,0,3,2,81" ten="118,168,256,458" oya="2" hai0="66,25,79,118,57,78,71,61,67,69,37,16,112" hai1="134,22,15,8,13,103,100,47,76,130,111,107,135" hai2="119,30,117,59,11,19,5,39,122,26,23,105,64" hai3="106,74,126,2,62,96,80,3,75,55,17,90,121"/><V129/><F105/><W41/><G41/><T27/><D37/><U128/><E111/><V87/><F39/><W83/><G121/><T50/><D112/><U98/><E100/><V56/><F122/><W77/><G17/><T123/><D123/><U51/><E76/><V124/><F124/><W127/><G55/><T86/><D118/><U91/><E91/><V6/><F129/><N who="1" m="49769" /><E22/><V88/><F117/><W7/><G62/><T45/><D78/><U95/><E107/><V43/><F43/><W114/><G114/><T84/><D79/><U31/><E31/><V101/><F101/><N who="3" m="62759" /><G7/><N who="2" m="2569" /><F64/><W38/><G38/><T48/><D67/><U110/><E110/><V4/><F4/><W63/><G63/><T115/><D50/><U36/><E36/><V125/><F125/><N who="3" m="47627" /><G75/><T72/><D72/><U120/><E120/><V40/><F40/><W1/><G3/><T104/><D115/><U65/><E65/><V42/><F42/><W14/><G14/><N who="1" m="5130" /><E8/><V28/><F11/><W68/><G68/><T44/><D104/><U82/><E82/><N who="2" m="49271" /><F119/><W12/><G2/><T32/><D71/><U29/><E103/><V93/><F93/><W58/><G1/><T9/><D69/><U89/><E95/><V10/><F10/><W49/><G77/><T85/><D9/><U60/><E89/><V113/><F113/><W131/><G74/><T46/><D48/><U102/><E102/><V35/><F35/><W73/><G73/><T21/><D32/><U52/><E51/><V53/><F53/><N who="3" m="32047" /><G131/><T99/><D99/><U0/><E52/><V108/><F56/><W33/><G33/><RYUUKYOKU ba="2,0" sc="118,30,168,-10,256,-10,458,-10" hai0="16,21,25,27,44,45,46,57,61,66,84,85,86" /><INIT seed="7,3,0,3,4,7" ten="148,158,246,448" oya="3" hai0="97,5,51,122,57,132,98,17,66,34,27,93,18" hai1="68,30,131,21,49,134,37,3,86,89,105,19,29" hai2="15,96,9,103,84,67,95,22,13,36,77,50,133" hai3="69,61,104,91,102,64,52,6,20,108,135,38,109"/><W40/><G6/><T100/><D122/><U107/><E37/><V56/><F36/><W24/><G91/><N who="0" m="55487" /><D34/><U0/><E68/><V115/><F115/><W32/><G52/><N who="0" m="31903" /><D132/><U44/><E134/><V94/><F133/><W113/><G24/><T14/><D66/><U73/><E73/><V31/><F31/><W25/><G20/><N who="0" m="13711" /><D5/><U111/><E111/><V59/><F67/><W71/><G61/><T35/><D35/><U74/><E74/><V90/><F50/><W128/><G102/><T48/><D48/><U112/><E112/><V75/><F77/><W54/><G54/><T85/><D85/><U55/><E131/><V106/><F106/><W16/><G16/><T62/><D62/><U53/><E105/><V28/><F28/><N who="1" m="10857" /><E107/><V120/><F120/><W118/><G40/><T127/><D127/><U80/><E0/><V72/><F72/><W82/><G82/><T33/><D33/><U45/><E3/><V110/><F110/><W70/><G25/><T116/><D116/><U126/><E126/><V123/><F123/><W1/><G69/><T11/><D98/><U65/><E65/><V46/><F96/><W43/><G64/><T130/><D130/><U87/><E87/><V2/><F84/><W26/><G43/><T76/><D76/><U92/><E55/><V42/><F42/><W101/><G101/><AGARI ba="3,0" hai="11,14,18,100,101" m="13711,31903,55487" machi="101" ten="30,3900,0" yaku="8,1,52,1,54,1" doraHai="7" who="0" fromWho="3" sc="148,48,158,0,246,0,448,-48" owari="196,-20.4,158,-34.2,246,4.6,400,50.0" /></mjloggm>