<mjloggm ver="2.3"><GO type="169" lobby="0"/><UN n0="%E4%B8%83%E8%8D%89%E9%A6%99%E6%BE%84" n1="%E4%B8%89%E6%B2%B3%E5%B1%8B%E3%81%AE%E3%82%B5%E3%83%96" n2="%E2%80%A0%E7%99%BD%E5%85%8E%E2%80%A0" n3="%E9%AB%AD%E9%AF%A8" dan="16,16,17,16" rate="2155.77,2146.85,2214.13,2149.67" sx="F,M,M,M"/><TAIKYOKU oya="0"/><INIT seed="0,0,0,0,5,47" ten="250,250,250,250" oya="0" hai0="94,53,32,42,134,44,103,128,55,106,100,89,111" hai1="75,71,86,104,123,117,120,62,82,126,33,81,31" hai2="28,40,41,97,19,115,35,74,5,130,87,52,58" hai3="64,20,34,101,112,54,18,109,121,118,9,114,57"/><T69/><D128/><U72/><E117/><V36/><F74/><W84/><G34/><T77/><D134/><U119/><E119/><V24/><F115/><W113/><G118/><T45/><D106/><U43/><E126/><V49/><F130/><W124/><G124/><T133/><D133/><U85/><E104/><V122/><F122/><W70/><G109/><T95/><D69/><U93/><E43/><V131/><F131/><W116/><G116/><T88/><D42/><U21/><E33/><V4/><F41/><W38/><G38/><T98/><D32/><U39/><E39/><V15/><F97/><W6/><G121/><T76/><REACH who="0" step="1"/><D98/><REACH who="0" ten="240,250,250,250" step="2"/><U107/><E107/><V132/><F132/><W78/><G70/><T90/><D90/><U17/><E71/><V65/><F40/><W73/><G112/><T22/><D22/><U8/><E21/><V7/><F36/><W0/><G113/><T16/><D16/><U66/><E17/><V127/><F127/><W68/><G68/><T14/><D14/><U61/><E123/><V50/><F19/><W99/><G114/><T11/><D11/><U91/><E91/><V80/><F15/><W48/><G99/><T25/><D25/><U29/><E120/><V108/><F108/><AGARI ba="0,1" hai="44,45,53,55,76,77,88,89,94,95,100,103,108,111" machi="108" ten="25,9600,0" yaku="1,1,22,2,54,1,53,0" doraHai="47" doraHaiUra="3" who="0" fromWho="2" sc="240,106,250,0,250,-96,250,0" /><INIT seed="0,1,0,2,2,68" ten="346,250,154,250" oya="0" hai0="66,48,9,127,98,7,81,11,101,130,121,109,23" hai1="96,119,24,111,34,75,17,59,32,1,28,18,5" hai2="40,52,122,56,116,95,30,61,74,41,62,13,53" hai3="69,39,124,118,117,21,65,16,19,94,14,36,92"/><T67/><D121/><U26/><E75/><V42/><F122/><W123/><G123/><T99/><D130/><U54/><E96/><V89/><F74/><W29/><G124/><T72/><D127/><U80/><E80/><V35/><F116/><W88/><G29/><T82/><D48/><U4/><E59/><V70/><F35/><W131/><G131/><T108/><D72/><U73/><E73/><V33/><F33/><W106/><G106/><T86/><D7/><N who="1" m="2635" /><E54/><V85/><F30/><W114/><G114/><T57/><D57/><U37/><E37/><V93/><F13/><W126/><G126/><T84/><REACH who="0" step="1"/><D23/><REACH who="0" ten="336,250,154,250" step="2"/><N who="1" m="13423" /><E119/><V43/><N who="2" m="10240" /><DORA hai="83" /><V107/><F70/><W64/><G69/><T115/><D115/><U25/><E111/><V91/><F107/><W63/><G21/><T38/><D38/><U120/><E120/><V87/><F62/><W10/><G63/><T49/><D49/><U103/><E34/><V60/><REACH who="2" step="1"/><F61/><REACH who="2" ten="336,250,144,250" step="2"/><W44/><G117/><T0/><D0/><U12/><E1/><V22/><F22/><W104/><G118/><T97/><D97/><U47/><E32/><V134/><F134/><W51/><G104/><T105/><D105/><U100/><E12/><V50/><F50/><W129/><G51/><T110/><D110/><U78/><E25/><V133/><F133/><W77/><G14/><T45/><D45/><U31/><E47/><V55/><AGARI ba="1,2" hai="52,53,55,56,60,85,87,89,91,93,95" m="10240" machi="55" ten="40,12000,2" yaku="1,1,0,1,9,1,8,1,52,2,54,1,53,0" doraHai="68,83" doraHaiUra="27,71" who="2" fromWho="2" sc="336,-61,250,-31,144,143,250,-31" /><INIT seed="1,0,0,5,2,84" ten="275,219,287,219" oya="1" hai0="78,121,105,56,83,110,91,37,67,97,113,31,118" hai1="28,12,135,134,88,87,102,109,90,81,71,75,114" hai2="35,38,13,60,112,99,15,128,45,77,32,23,16" hai3="54,92,3,100,48,106,58,69,20,22,26,25,111"/><U14/><E71/><V119/><F119/><W129/><G111/><T44/><D118/><U107/><E114/><V89/><F128/><W47/><G106/><T76/><D113/><U95/><E109/><V86/><F112/><W131/><G3/><T120/><D110/><U50/><E28/><V11/><F77/><W27/><G69/><T29/><D105/><U80/><E50/><V39/><F99/><N who="3" m="59495" /><G129/><T62/><D37/><U79/><E12/><V4/><F60/><N who="3" m="35927" /><G131/><T17/><D44/><U70/><E14/><V46/><F45/><W104/><G104/><T0/><D0/><U55/><E55/><AGARI ba="0,0" hai="20,22,25,26,27,47,48,55" m="35927,59495" machi="55" ten="30,1000,0" yaku="8,1" doraHai="84" who="3" fromWho="1" sc="275,0,219,-10,287,0,219,10" /><INIT seed="2,0,0,3,2,27" ten="275,209,287,229" oya="2" hai0="133,42,95,90,72,2,20,112,110,118,10,9,67" hai1="107,128,76,47,51,54,126,134,77,50,125,115,131" hai2="33,102,30,99,58,13,119,25,113,46,124,4,85" hai3="75,62,61,37,87,6,45,100,19,38,40,70,93"/><V8/><F113/><W135/><G75/><T22/><D112/><U53/><E107/><V18/><F124/><N who="1" m="47721" /><E115/><V74/><F74/><W21/><G135/><T122/><D122/><U55/><E134/><V43/><F119/><W96/><G6/><T127/><D127/><U117/><E117/><V121/><F121/><W108/><G108/><T114/><D114/><U12/><E12/><V91/><F58/><W60/><G87/><T32/><D133/><U94/><E94/><V80/><F4/><W103/><G38/><T0/><D118/><U129/><E47/><V97/><REACH who="2" step="1"/><F102/><REACH who="2" ten="275,209,277,229" step="2"/><W132/><G132/><T35/><D72/><U68/><E68/><V34/><F34/><W11/><G70/><T17/><D35/><U111/><E111/><V116/><F116/><W39/><G103/><T79/><D32/><U49/><AGARI ba="0,1" hai="49,50,51,53,54,55,76,77,128,129,131" m="47721" machi="49" ten="50,12000,2" yaku="29,2,28,2,19,1,18,1" doraHai="27" who="1" fromWho="1" sc="275,-30,209,130,277,-60,229,-30" /><INIT seed="3,0,0,0,3,54" ten="245,339,217,199" oya="3" hai0="122,74,52,132,46,57,71,83,75,127,111,43,123" hai1="15,73,104,6,119,10,89,100,84,112,62,99,51" hai2="103,63,114,76,53,129,18,5,126,105,56,19,34" hai3="30,50,13,31,113,2,90,7,12,9,77,107,22"/><W115/><G107/><T8/><D71/><U67/><E112/><N who="3" m="43082" /><G77/><T26/><D111/><U42/><E73/><V94/><F114/><W109/><G90/><T11/><D132/><U102/><E119/><V24/><F129/><W38/><G38/><T92/><D127/><U88/><E102/><V81/><F126/><W20/><G50/><T14/><D26/><U97/><E97/><V72/><F105/><W96/><G96/><T66/><D66/><U59/><REACH who="1" step="1"/><E84/><REACH who="1" ten="245,329,217,199" step="2"/><V68/><F103/><W39/><G109/><T131/><D74/><U85/><E85/><V4/><F72/><W130/><G130/><T79/><D131/><U98/><E98/><V47/><F94/><W87/><G87/><T124/><D92/><U35/><E35/><V80/><F34/><W45/><G39/><T135/><D124/><U106/><E106/><V125/><F125/><W28/><G45/><AGARI ba="0,1" hai="6,10,15,42,45,51,59,62,67,88,89,99,100,104" machi="45" ten="40,5200,0" yaku="1,1,52,1,54,1,53,0" doraHai="54" doraHaiUra="120" who="1" fromWho="3" sc="245,0,329,62,217,0,199,-52" /><INIT seed="4,0,0,0,4,87" ten="245,391,217,147" oya="0" hai0="106,24,66,17,115,59,127,22,35,88,1,126,130" hai1="72,108,48,30,70,6,68,32,105,86,124,98,31" hai2="61,84,75,9,5,92,97,29,128,7,110,44,28" hai3="49,125,56,104,82,0,120,53,121,33,91,103,114"/><T135/><D106/><U57/><E72/><V118/><F110/><W116/><G116/><T76/><D1/><U10/><E108/><V34/><F75/><W69/><G0/><T112/><D76/><U83/><E124/><N who="0" m="47657" /><D35/><U37/><E37/><V55/><F128/><W99/><G69/><T46/><D130/><U96/><E48/><V45/><F84/><N who="3" m="50583" /><G125/><T51/><D135/><U89/><E57/><V41/><F5/><W23/><G33/><T94/><D66/><U80/><E105/><V58/><F118/><W122/><G23/><T109/><D59/><U101/><E32/><V73/><F73/><W71/><G71/><T107/><D107/><U4/><E86/><V134/><F134/><W131/><G131/><T93/><D109/><U74/><E74/><V42/><F34/><W79/><G114/><N who="0" m="43563" /><D88/><U16/><E89/><V78/><F78/><AGARI ba="0,0" hai="49,53,56,78,79,99,103,104,120,121,122" m="50583" machi="78" ten="30,2000,0" yaku="13,1,52,1" doraHai="87" who="3" fromWho="2" sc="245,0,391,0,217,-20,147,20" /><INIT seed="5,0,0,4,4,71" ten="245,391,197,167" oya="1" hai0="52,120,43,31,88,16,2,27,111,89,59,101,58" hai1="18,109,72,77,41,124,97,30,40,118,117,20,135" hai2="33,127,36,37,46,35,83,21,34,70,47,55,67" hai3="116,17,125,121,25,42,8,82,115,100,5,104,84"/><U78/><E124/><V4/><F127/><W64/><G125/><T12/><D111/><U11/><E109/><V75/><F4/><W23/><G121/><T93/><D2/><U14/><E135/><V134/><F134/><W10/><G115/><T63/><D120/><U13/><E97/><V132/><F132/><W103/><G116/><T76/><D76/><U61/><E61/><V19/><F67/><W131/><G131/><T106/><D43/><U128/><E128/><V62/><F70/><W1/><G104/><T68/><D68/><U123/><E123/><V87/><F75/><W3/><G64/><T39/><D39/><U81/><E78/><V99/><F99/><W29/><G42/><T122/><D106/><U24/><E41/><V102/><F102/><W0/><G10/><T6/><D6/><U112/><E112/><V69/><F69/><W15/><REACH who="3" step="1"/><G5/><REACH who="3" ten="245,391,197,157" step="2"/><T114/><D114/><U73/><E40/><V130/><F130/><W54/><G54/><T49/><D122/><U44/><E118/><V60/><F55/><W28/><G28/><T32/><D31/><U65/><E65/><V126/><F126/><W50/><G50/><T56/><D49/><U79/><E117/><V53/><F53/><W26/><G26/><T98/><D27/><U74/><E24/><N who="2" m="14399" /><F37/><W48/><G48/><T51/><D51/><U22/><E11/><V91/><F36/><W95/><G95/><T86/><D52/><U108/><E108/><V90/><F62/><W129/><G129/><T85/><D63/><U9/><E9/><V113/><F113/><W94/><G94/><RYUUKYOKU ba="0,1" sc="245,-10,391,-10,197,-10,157,30" hai3="0,1,3,8,15,17,23,25,29,82,84,100,103" /><INIT seed="6,1,1,2,2,131" ten="235,381,187,187" oya="2" hai0="98,125,108,103,68,122,4,99,69,60,91,104,116" hai1="81,34,54,67,58,55,115,46,42,73,7,47,89" hai2="83,49,56,57,31,29,95,113,40,84,43,124,78" hai3="44,92,1,88,120,70,19,53,41,132,3,118,24"/><V86/><F113/><W90/><G118/><T76/><D108/><U117/><E34/><V85/><F124/><W11/><G120/><T105/><D122/><U129/><E117/><V123/><F123/><W38/><G70/><T82/><D116/><U9/><E129/><V119/><F119/><W22/><G132/><T18/><D125/><U12/><E115/><V6/><F6/><W96/><G11/><T32/><D32/><U10/><E67/><V66/><F85/><W134/><G134/><T51/><D4/><U21/><E21/><V5/><F5/><W87/><REACH who="3" step="1"/><G53/><REACH who="3" ten="235,381,187,177" step="2"/><T26/><D69/><U14/><E55/><N who="2" m="31855" /><F66/><W112/><G112/><T23/><D68/><U27/><E10/><V61/><F43/><W133/><G133/><T74/><D105/><U8/><E8/><V80/><F40/><W101/><G101/><T39/><D103/><U100/><E9/><V15/><F15/><W75/><G75/><T13/><D13/><U114/><E54/><N who="2" m="33975" /><F95/><AGARI ba="1,2" hai="1,3,19,22,24,38,41,44,87,88,90,92,95,96" machi="95" ten="30,7700,0" yaku="1,1,7,1,54,1,53,1" doraHai="131" doraHaiUra="20" who="3" fromWho="2" sc="235,0,381,0,187,-80,177,100" /><INIT seed="7,0,0,5,3,50" ten="235,381,107,277" oya="3" hai0="48,75,65,82,105,129,113,86,44,60,124,23,2" hai1="51,30,11,107,52,120,110,70,99,92,62,58,126" hai2="37,34,91,53,88,67,7,4,109,19,68,18,100" hai3="26,41,114,102,72,93,33,39,22,47,71,73,31"/><W98/><G114/><T20/><D129/><U40/><E110/><V21/><F109/><W95/><G71/><T27/><D124/><U17/><E120/><V132/><F34/><W25/><G95/><T85/><D105/><U32/><E107/><V15/><F37/><W76/><G76/><T8/><D113/><U59/><E70/><V94/><F132/><W121/><G121/><T133/><D133/><U78/><E78/><V49/><F100/><W77/><G77/><T57/><D75/><U81/><E81/><V119/><F119/><W104/><G93/><T79/><D2/><U63/><E126/><V116/><F116/><W112/><G112/><T101/><D101/><U0/><E30/><AGARI ba="0,0" hai="22,25,26,30,31,33,39,41,47,72,73,98,102,104" machi="30" ten="30,1500,0" yaku="7,1" doraHai="50" who="3" fromWho="1" sc="235,0,381,-15,107,0,277,15" /><INIT seed="7,1,0,4,0,75" ten="235,366,107,292" oya="3" hai0="22,93,20,19,32,45,44,126,103,113,17,1,79" hai1="133,71,129,28,48,6,87,97,104,80,57,119,83" hai2="23,92,91,39,81,21,88,27,51,53,11,14,37" hai3="54,2,24,49,65,78,115,77,46,114,31,64,35"/><W47/><G2/><T68/><D32/><U86/><E71/><V123/><F123/><W124/><G124/><T102/><D68/><U52/><E129/><V58/><F39/><W89/><G89/><T94/><D1/><U120/><E120/><V3/><F37/><W61/><G47/><T10/><D10/><U132/><E119/><V90/><F3/><W8/><G8/><T116/><D113/><N who="3" m="43017" /><G61/><T108/><D108/><U9/><E28/><V33/><F33/><W118/><G118/><T7/><D116/><U36/><E36/><V40/><F40/><W15/><G15/><T69/><D69/><U111/><E111/><V74/><F74/><W43/><G54/><T76/><D7/><U72/><E72/><V60/><F81/><W26/><G24/><T82/><D82/><U50/><E50/><V66/><F66/><AGARI ba="1,0" hai="26,31,35,43,46,49,64,65,66,77,78" m="43017" machi="66" ten="30,5800,0" yaku="15,1,52,2" doraHai="75" who="3" fromWho="2" sc="235,0,366,0,107,-61,292,61" /><INIT seed="7,2,0,2,5,26" ten="235,366,46,353" oya="3" hai0="24,11,127,89,115,67,21,64,49,84,125,68,27" hai1="88,65,53,118,129,44,86,62,45,80,133,2,12" hai2="35,97,39,30,85,25,16,60,8,5,10,70,110" hai3="105,130,123,106,19,14,38,6,116,134,75,101,50"/><W73/><G116/><T9/><D49/><U52/><E2/><V23/><F39/><W79/><G38/><T119/><D119/><U47/><E118/><V17/><F85/><W74/><G123/><T71/><D84/><U46/><E129/><V131/><F131/><W122/><G122/><T28/><D21/><U95/><E133/><V13/><F97/><W92/><G130/><T87/><D87/><U0/><E0/><V57/><F70/><W82/><G6/><T102/><D89/><U51/><E12/><V107/><F107/><W72/><G134/><T104/><D104/><U20/><E20/><V32/><F57/><W96/><REACH who="3" step="1"/><G50/><REACH who="3" ten="235,366,46,343" step="2"/><T117/><D117/><U18/><E18/><V93/><F60/><W120/><G120/><T54/><D115/><U103/><E103/><V76/><F76/><W90/><G90/><T109/><D102/><U77/><E53/><V55/><F55/><W34/><G34/><T59/><D54/><U99/><E44/><V78/><F78/><W37/><G37/><T42/><D109/><U69/><AGARI ba="2,1" hai="45,46,47,51,52,62,65,69,77,80,86,88,95,99" machi="69" ten="20,5200,0" yaku="0,1,7,1,54,2" doraHai="26" who="1" fromWho="1" sc="235,-15,366,68,46,-15,343,-28" owari="220,-18.0,434,53.4,31,-46.9,315,11.5" /></mjloggm>