<mjloggm ver="2.3"><GO type="169" lobby="0"/><UN n0="%E6%B2%B3%E7%AB%A5%E3%81%AE%E3%83%AF%E3%82%AB%E3%83%9E%E3%83%84" n1="%E3%81%B1%E3%82%93%E3%81%AA%E3%81%93%E3%81%BE%E3%81%A3%E3%81%9F" n2="%E3%83%AD%E3%83%99%E3%83%AB%E3%82%BF%E3%81%95%E3%82%93%EF%BC%A0" n3="%56%45%54%54%45%4C" dan="17,18,16,16" rate="2163.53,2248.87,2144.89,2139.28" sx="M,M,F,M"/><TAIKYOKU oya="0"/><INIT seed="0,0,0,0,1,68" ten="250,250,250,250" oya="0" hai0="115,35,33,73,67,54,12,93,66,37,117,71,101" hai1="59,57,135,91,99,0,40,105,34,113,132,90,110" hai2="26,25,50,116,89,74,100,109,62,22,106,1,102" hai3="3,56,108,60,114,133,53,75,72,83,84,131,7"/><T11/><D115/><U8/><E34/><V134/><F109/><W2/><G114/><T64/><D117/><U107/><E113/><V28/><F106/><W80/><G108/><T47/><D71/><U98/><E110/><V96/><F1/><W52/><G131/><T81/><D101/><U20/><E20/><V94/><F74/><W39/><G133/><T21/><D21/><U30/><E40/><V95/><F134/><W104/><G104/><T45/><D93/><U125/><E0/><V120/><F120/><W9/><G2/><T5/><D47/><U17/><E17/><V76/><F76/><W42/><G53/><T92/><D92/><U82/><E8/><V130/><F130/><W27/><G27/><T63/><D63/><U48/><E48/><V46/><F116/><W97/><G97/><T77/><REACH who="0" step="1"/><D54/><REACH who="0" ten="240,250,250,250" step="2"/><U19/><E82/><V70/><F70/><W111/><G111/><T124/><D124/><U86/><E125/><V41/><F62/><W129/><G129/><T31/><D31/><U119/><E30/><V122/><F122/><W127/><G127/><T65/><N who="0" m="16384" /><DORA hai="36" /><T29/><D29/><U44/><E119/><V118/><F118/><W14/><G83/><T15/><D15/><U24/><E44/><V123/><F123/><W51/><G14/><T126/><D126/><U112/><E112/><V32/><F95/><W121/><G121/><T43/><AGARI ba="0,1" hai="5,11,12,33,35,37,43,45,73,77,81" m="16384" machi="43" ten="40,12000,1" yaku="1,1,0,1,52,2,53,1" doraHai="68,36" doraHaiUra="4,13" who="0" fromWho="0" sc="240,130,250,-40,250,-40,250,-40" /><INIT seed="0,1,0,4,5,70" ten="370,210,210,210" oya="0" hai0="111,107,90,36,123,5,16,7,39,84,110,54,80" hai1="77,113,6,0,37,40,105,88,75,127,13,19,72" hai2="135,58,3,104,62,50,115,18,74,97,65,38,22" hai3="82,116,55,12,100,83,68,131,51,2,33,9,86"/><T49/><D107/><U121/><E121/><V64/><F64/><W130/><G116/><T93/><D123/><U30/><E105/><V31/><F135/><W76/><G2/><T124/><D124/><U11/><E127/><V73/><F3/><W96/><G68/><T122/><D122/><U46/><E113/><V114/><F31/><W79/><G33/><T69/><D69/><U17/><E30/><V125/><F125/><W28/><G28/><T71/><D71/><U1/><E1/><V94/><F104/><W67/><G67/><T118/><D118/><U26/><E26/><V98/><F98/><W103/><G96/><T44/><D93/><U57/><E13/><V95/><F95/><W87/><G55/><T101/><D101/><N who="3" m="38985" /><G51/><T27/><D5/><U32/><E32/><V133/><F133/><W24/><G24/><T126/><D7/><U35/><E35/><V106/><F106/><W92/><G12/><T120/><D120/><U15/><E15/><V43/><F50/><W60/><G60/><T47/><D126/><U66/><E75/><V42/><F42/><W34/><G9/><T56/><D56/><U25/><E25/><V21/><F115/><W81/><G34/><T128/><D47/><U61/><REACH who="1" step="1"/><E88/><REACH who="1" ten="370,200,210,210" step="2"/><V20/><F114/><W117/><G117/><T134/><D90/><U8/><E8/><V48/><F74/><W78/><G92/><T89/><D27/><U52/><E52/><V132/><F94/><W10/><G10/><T63/><D54/><U45/><E45/><V41/><F132/><W102/><N who="3" m="38993" /><W99/><DORA hai="119" /><G99/><RYUUKYOKU ba="1,1" sc="370,-15,200,15,210,-15,210,15" hai1="0,6,11,17,19,37,40,46,57,61,66,72,77" hai3="76,78,79,81,82,83,86,87,130,131" /><INIT seed="1,2,1,2,0,63" ten="355,215,195,225" oya="1" hai0="56,126,102,12,25,86,99,84,33,59,3,131,52" hai1="53,68,106,113,127,119,1,90,95,26,49,7,66" hai2="112,10,83,124,80,77,57,125,51,61,47,117,41" hai3="60,19,21,9,87,88,110,79,44,42,89,5,72"/><U96/><E113/><V100/><F117/><W23/><G110/><T34/><D3/><U14/><E119/><V105/><F112/><W4/><G72/><T74/><D74/><U38/><E38/><V82/><F105/><W75/><G75/><T50/><D131/><U109/><E1/><V97/><F77/><W78/><G60/><T114/><D114/><U8/><E127/><V92/><REACH who="2" step="1"/><F10/><REACH who="2" ten="355,215,185,225" step="2"/><W43/><G9/><T15/><D126/><U69/><E109/><V64/><AGARI ba="2,2" hai="41,47,51,57,61,64,80,82,83,92,97,100,124,125" machi="64" ten="30,7900,0" yaku="1,1,2,1,0,1,52,1,53,0" doraHai="63" doraHaiUra="18" who="2" fromWho="2" sc="355,-22,215,-41,185,105,225,-22" /><INIT seed="2,0,0,3,5,5" ten="333,174,290,203" oya="2" hai0="15,25,14,0,106,93,41,13,97,133,51,47,110" hai1="73,35,88,124,9,119,130,56,85,20,113,26,61" hai2="6,18,87,3,23,100,132,2,59,78,32,120,90" hai3="95,117,114,70,75,37,21,55,99,44,8,39,92"/><V38/><F132/><W115/><G117/><T30/><D133/><U83/><E119/><V76/><F120/><W69/><G75/><T107/><D0/><U1/><E113/><N who="3" m="43018" /><G21/><T121/><D110/><U79/><E124/><V123/><F123/><W31/><G31/><T111/><D111/><U27/><E130/><V80/><F32/><W58/><G95/><T67/><D67/><U11/><E1/><V103/><F38/><N who="3" m="14347" /><G44/><T98/><D121/><U66/><E35/><V104/><F59/><W34/><G34/><T22/><REACH who="0" step="1"/><D98/><REACH who="0" ten="323,174,290,203" step="2"/><U112/><E112/><V96/><F2/><W57/><G69/><T89/><AGARI ba="0,1" hai="13,14,15,22,25,30,41,47,51,89,93,97,106,107" machi="89" ten="30,7900,0" yaku="1,1,2,1,0,1,53,1" doraHai="5" doraHaiUra="46" who="0" fromWho="0" sc="323,89,174,-20,290,-39,203,-20" /><INIT seed="3,0,0,1,3,49" ten="412,154,251,183" oya="3" hai0="122,72,45,79,5,68,54,131,1,94,57,37,77" hai1="63,44,133,111,70,80,22,99,39,20,4,127,18" hai2="15,117,100,118,93,105,83,41,42,55,52,75,43" hai3="92,109,121,114,119,84,128,132,89,51,21,11,62"/><W32/><G114/><T73/><D122/><U104/><E111/><V61/><F105/><W8/><G121/><T108/><D68/><U135/><E127/><V23/><F61/><W90/><G119/><T66/><D66/><U85/><E4/><V116/><F100/><W81/><G109/><T76/><D108/><U10/><E10/><V0/><F0/><W91/><G32/><T69/><D69/><U125/><E125/><V58/><F58/><W30/><G128/><T27/><D131/><U31/><E31/><V26/><F15/><W78/><G132/><N who="1" m="50762" /><E104/><V67/><F67/><W36/><G36/><T96/><D27/><U34/><E34/><V112/><F93/><W3/><G3/><T130/><D130/><U64/><E99/><V12/><F12/><W47/><G62/><T120/><D120/><U17/><E22/><V25/><F112/><W33/><G33/><T113/><D113/><U16/><E20/><V29/><REACH who="2" step="1"/><F26/><REACH who="2" ten="412,154,241,183" step="2"/><N who="3" m="16719" /><G92/><T97/><D94/><U82/><E85/><V115/><F115/><W38/><G38/><T48/><D96/><U124/><E124/><V60/><F60/><W110/><G110/><T24/><D97/><U86/><E86/><V65/><F65/><W14/><G14/><T134/><D24/><U88/><E39/><V9/><F9/><W2/><G2/><T107/><D107/><U35/><E82/><V56/><F56/><W101/><G101/><T53/><D134/><U74/><E70/><V71/><F71/><W95/><G95/><T102/><D102/><U50/><E63/><V7/><F7/><W59/><G59/><RYUUKYOKU ba="0,1" sc="412,-15,154,-15,241,15,183,15" hai2="23,25,29,41,42,43,52,55,75,83,116,117,118" hai3="8,11,47,51,78,81,84,89,90,91" /><INIT seed="3,1,1,5,5,71" ten="397,139,256,198" oya="3" hai0="123,91,118,40,60,124,48,120,39,122,46,33,22" hai1="57,59,27,111,34,35,11,19,9,67,25,37,50" hai2="132,3,83,6,18,5,117,65,80,93,82,75,129" hai3="62,53,79,112,86,72,110,106,69,16,29,77,81"/><W78/><G112/><T105/><D33/><U21/><E67/><V130/><F75/><W103/><G29/><T87/><D118/><U76/><E76/><V119/><F132/><W108/><G72/><T68/><D105/><U115/><E50/><V126/><F126/><W31/><G31/><T97/><D124/><U95/><E95/><V51/><F65/><N who="3" m="41143" /><G53/><T26/><D97/><U90/><E90/><V74/><F74/><W7/><G7/><T17/><D68/><U2/><E21/><V128/><F18/><W101/><G16/><T14/><D60/><U131/><E19/><V56/><F93/><W70/><G70/><T42/><D14/><U38/><E115/><V109/><F3/><W52/><G52/><T135/><D135/><U24/><E2/><V104/><F104/><W30/><G30/><T98/><D98/><U1/><E1/><V113/><F113/><W47/><G47/><T94/><REACH who="0" step="1"/><D42/><REACH who="0" ten="387,139,256,198" step="2"/><U4/><E27/><V23/><F119/><W100/><G106/><T121/><N who="0" m="30720" /><DORA hai="96" /><T61/><D61/><U102/><E35/><V58/><F117/><W84/><G81/><T45/><D45/><U116/><E34/><V32/><F82/><W36/><G36/><AGARI ba="1,2" hai="17,22,26,36,39,40,46,48,87,91,94" m="30720" machi="36" ten="70,8000,1" yaku="1,1,52,2,53,1" doraHai="71,96" doraHaiUra="41,107" who="0" fromWho="3" sc="387,103,139,0,256,0,198,-83" /><INIT seed="4,0,0,1,2,55" ten="490,139,256,115" oya="0" hai0="95,114,91,83,132,33,67,102,69,90,5,84,129" hai1="107,106,101,128,46,13,2,62,53,43,35,125,45" hai2="135,113,105,10,112,124,6,7,22,47,104,54,36" hai3="100,103,18,76,59,74,56,17,99,80,41,121,79"/><T110/><D33/><U38/><E2/><V60/><F135/><W39/><G121/><T68/><D132/><U70/><E125/><V8/><F22/><W9/><G79/><T120/><D120/><U30/><E128/><V72/><F60/><W50/><G39/><T89/><D114/><U93/><E13/><V63/><F63/><W111/><G111/><T34/><D34/><U77/><E77/><V134/><F54/><W116/><G116/><T16/><D5/><U27/><E46/><V61/><F61/><W115/><G115/><T85/><D67/><U87/><E87/><V1/><F72/><W28/><G28/><T122/><D102/><U96/><REACH who="1" step="1"/><E70/><REACH who="1" ten="490,129,256,115" step="2"/><V73/><F47/><N who="3" m="25967" /><G74/><T49/><D129/><U42/><E42/><V15/><F73/><W117/><G117/><T32/><D68/><U118/><E118/><V94/><F1/><W31/><G76/><T40/><D69/><U127/><E127/><V0/><F0/><W133/><G133/><T109/><D40/><U23/><E23/><V48/><F134/><W11/><G99/><T123/><D123/><U44/><E44/><V19/><F124/><W21/><G21/><T92/><D122/><U131/><E131/><V64/><F113/><W12/><G12/><T82/><D32/><U4/><E4/><V119/><F15/><W58/><G9/><T29/><D85/><U26/><E26/><V66/><F10/><W75/><G11/><T130/><D84/><U126/><E126/><V81/><F112/><W65/><G75/><T51/><D130/><U20/><E20/><V108/><F119/><RYUUKYOKU ba="0,1" sc="490,-10,129,30,256,-10,115,-10" hai1="27,30,35,38,43,45,53,62,93,96,101,106,107" /><INIT seed="5,1,1,3,1,55" ten="480,159,246,105" oya="1" hai0="76,15,99,6,10,84,80,94,101,112,135,124,26" hai1="67,52,107,91,29,5,1,116,32,69,123,18,89" hai2="31,105,39,24,20,75,92,2,9,96,88,11,45" hai3="79,35,85,61,25,14,64,95,72,82,63,126,108"/><U77/><E116/><V19/><F75/><W33/><G108/><T98/><D112/><U113/><E123/><V121/><F121/><W21/><G126/><T97/><D124/><U27/><E107/><V65/><F2/><W109/><G109/><T3/><D135/><U115/><E77/><V8/><F105/><W12/><G63/><T44/><D3/><U57/><E18/><V131/><F131/><W110/><G110/><T104/><D104/><U13/><E1/><V87/><F65/><W42/><G42/><T102/><D102/><U106/><E106/><V127/><F127/><W86/><G72/><T36/><D26/><U73/><E73/><V59/><F59/><N who="3" m="36927" /><G33/><T58/><D58/><U22/><E67/><V28/><F39/><W47/><G47/><T118/><D118/><U93/><E69/><V56/><F45/><W83/><G95/><T68/><D68/><U60/><E32/><V30/><REACH who="2" step="1"/><F56/><REACH who="2" ten="480,159,236,105" step="2"/><W74/><G74/><T34/><D36/><U23/><E115/><V54/><F54/><W78/><G35/><T90/><D34/><U7/><E113/><V81/><F81/><W53/><G53/><T114/><D114/><U62/><E62/><V111/><F111/><W41/><G41/><T71/><D71/><U128/><E128/><V51/><F51/><W49/><G49/><T38/><D38/><U132/><E132/><V103/><F103/><W37/><G37/><T122/><D122/><U133/><E133/><V48/><F48/><W0/><G0/><T120/><D120/><U70/><E70/><V46/><F46/><W100/><G100/><RYUUKYOKU ba="1,2" sc="480,-15,159,-15,236,15,105,15" hai2="8,9,11,19,20,24,28,30,31,87,88,92,96" hai3="12,14,21,25,78,79,82,83,85,86" /><INIT seed="6,2,2,1,4,65" ten="465,144,251,120" oya="2" hai0="64,45,53,93,14,131,83,42,72,0,69,18,46" hai1="123,2,29,39,73,7,17,68,70,100,108,101,35" hai2="95,25,113,90,117,33,26,129,134,4,60,105,6" hai3="47,71,48,120,24,135,23,21,54,1,22,115,82"/><V106/><F117/><W104/><G120/><T28/><D0/><U81/><E108/><V94/><F60/><W43/><G135/><T16/><D28/><U130/><E17/><V3/><F90/><W121/><G121/><T122/><D69/><N who="1" m="26731" /><E123/><V63/><F63/><W77/><G115/><T37/><D46/><U98/><E101/><V92/><F113/><W114/><G114/><T110/><D131/><U85/><E85/><V74/><F129/><W27/><G71/><T88/><D53/><U62/><E62/><V89/><F134/><W99/><G1/><T20/><D64/><U127/><E130/><V97/><F89/><W32/><G32/><T31/><D110/><U11/><E39/><V30/><F97/><W59/><G104/><T84/><D122/><U49/><E49/><V58/><F106/><W19/><G99/><T87/><D72/><U55/><E55/><V8/><F74/><W109/><G109/><T34/><D18/><U128/><E128/><V61/><F105/><W41/><G19/><T52/><D52/><U44/><E44/><V107/><F107/><W91/><G91/><T5/><D5/><U51/><E51/><V57/><F6/><W80/><G43/><T56/><D56/><U124/><E29/><N who="2" m="19631" /><F61/><N who="3" m="36087" /><G77/><T102/><D102/><U86/><E35/><V40/><F40/><W12/><G12/><T67/><D67/><U15/><E2/><V50/><F50/><W126/><G126/><N who="1" m="48170" /><E73/><V119/><F3/><W111/><G111/><T133/><D133/><U96/><E100/><V76/><F30/><W13/><G13/><T79/><D34/><RYUUKYOKU ba="2,2" sc="465,10,144,10,251,-30,120,10" hai0="14,16,20,31,37,42,45,79,83,84,87,88,93" hai1="7,11,15,81,86,96,98" hai3="21,22,23,24,27,41,47,48,80,82" /><INIT seed="7,3,2,0,1,41" ten="475,154,221,130" oya="3" hai0="132,109,47,100,14,120,87,13,26,55,54,18,107" hai1="5,58,61,19,9,0,105,30,42,31,25,88,116" hai2="39,94,84,20,97,103,102,104,7,53,66,70,17" hai3="23,74,16,24,114,59,95,51,35,36,48,134,112"/><W80/><G134/><T8/><D109/><U34/><E105/><V77/><F39/><W4/><G36/><T33/><D120/><U45/><E116/><V75/><F7/><W131/><G131/><T111/><D111/><U73/><E73/><V50/><F75/><W22/><G35/><T82/><D132/><U79/><E79/><V81/><F70/><W98/><G4/><T128/><D128/><U90/><E19/><V71/><F71/><W1/><G1/><T127/><D127/><U37/><E31/><V32/><F66/><AGARI ba="3,2" hai="0,5,9,25,30,34,37,42,45,58,61,66,88,90" machi="66" ten="30,3900,0" yaku="7,1,52,1,54,1" doraHai="41" who="1" fromWho="2" sc="475,0,154,68,221,-48,130,0" owari="475,57.5,222,2.2,173,-22.7,130,-37.0" /></mjloggm>