<mjloggm ver="2.3"><GO type="169" lobby="0"/><UN n0="%E3%83%A9%E3%83%9E%E3%83%BC%E7%9A%87%E5%AD%90" n1="%E3%81%BE%E3%81%8B%E3%81%B7%E3%82%93" n2="%E8%A1%A8%E7%A4%BA%E4%BE%A1%E6%A0%BC%E3%82%88%E3%82%8A%E5%8D%8A%E9%A1%8D" n3="%E6%84%9A%E5%85%84%E3%81%8C%E6%84%9A%E5%BD%A2" dan="19,16,16,18" rate="2276.92,2076.78,2095.21,2207.27" sx="M,M,M,M"/><TAIKYOKU oya="0"/><INIT seed="0,0,0,2,1,56" ten="250,250,250,250" oya="0" hai0="50,76,27,5,125,37,29,53,46,118,80,51,98" hai1="47,99,130,41,36,100,84,55,120,8,78,83,7" hai2="13,43,131,25,9,101,95,88,86,124,90,69,67" hai3="45,4,58,33,2,1,91,72,15,126,70,35,117"/><T61/><D118/><U20/><E130/><V122/><F122/><W135/><G72/><T81/><D125/><U92/><E120/><V54/><F131/><W39/><G70/><T114/><D114/><U104/><E104/><V133/><F124/><W17/><G126/><T62/><D37/><U79/><E20/><V87/><F101/><W60/><G135/><T74/><D5/><U128/><E128/><V123/><F43/><W19/><G19/><T38/><D38/><U85/><E55/><V112/><F112/><W22/><G117/><T66/><D66/><U71/><E71/><V42/><F42/><W59/><G59/><T57/><D81/><U121/><E121/><V65/><F123/><W108/><G108/><T96/><D50/><U106/><E106/><V82/><F133/><W127/><G127/><T12/><D12/><U11/><REACH who="1" step="1"/><E7/><REACH who="1" ten="250,240,250,250" step="2"/><V134/><F134/><W32/><G4/><T107/><D107/><U77/><E77/><V48/><F69/><W68/><G68/><T102/><D102/><U31/><E31/><V34/><F34/><W109/><G32/><T26/><D27/><U14/><E14/><V64/><F25/><W49/><G35/><T119/><D119/><U116/><E116/><V10/><REACH who="2" step="1"/><F13/><REACH who="2" ten="250,240,240,250" step="2"/><W21/><G15/><T89/><D26/><U113/><E113/><V28/><F28/><W94/><G33/><T111/><D29/><U105/><E105/><V24/><F24/><W115/><G115/><T129/><D129/><U3/><E3/><V0/><F0/><W52/><G1/><T103/><D103/><U44/><E44/><AGARI ba="0,2" hai="9,10,44,48,54,64,65,67,82,86,87,88,90,95" machi="44" ten="40,8000,1" yaku="1,1,6,1,8,1,54,1,53,0" doraHai="56" doraHaiUra="132" who="2" fromWho="1" sc="250,0,240,-80,240,100,250,0" /><INIT seed="1,0,0,2,1,111" ten="250,160,340,250" oya="1" hai0="36,103,123,24,88,108,135,124,127,12,11,92,102" hai1="10,26,23,34,35,16,96,95,78,65,20,117,128" hai2="133,83,41,58,106,67,0,49,9,132,116,119,1" hai3="69,79,22,81,47,8,51,17,109,90,33,71,91"/><U60/><E128/><V130/><F106/><W94/><G33/><T93/><D108/><U114/><E117/><V37/><F130/><W27/><G109/><T126/><D36/><U2/><E78/><V50/><F83/><W70/><G8/><T42/><D42/><U32/><E114/><V31/><F31/><W110/><G110/><T84/><D135/><N who="2" m="51786" /><F9/><W75/><REACH who="3" step="1"/><G94/><REACH who="3" ten="250,160,340,240" step="2"/><T52/><D93/><U73/><E23/><V7/><F1/><W66/><G66/><T38/><D123/><U43/><E10/><V85/><F0/><W18/><G18/><T125/><D125/><U45/><E2/><V28/><F116/><W105/><G105/><T46/><D38/><U64/><E65/><V134/><F119/><W56/><G56/><T77/><D77/><U74/><E64/><V118/><F58/><W30/><G30/><T129/><D129/><U13/><E60/><V54/><F28/><W76/><G76/><T113/><D113/><U5/><E5/><V3/><F7/><W62/><G62/><T15/><D11/><U98/><E95/><V4/><F67/><W121/><G121/><T48/><REACH who="0" step="1"/><D24/><REACH who="0" ten="240,160,340,240" step="2"/><U120/><E120/><V99/><F118/><W14/><G14/><AGARI ba="0,2" hai="12,14,15,46,48,52,84,88,92,102,103,124,126,127" machi="14" ten="40,12000,2" yaku="1,1,2,1,18,1,54,2,53,2" doraHai="111" doraHaiUra="97" who="0" fromWho="3" sc="240,140,160,0,340,0,240,-120" /><INIT seed="2,0,0,2,4,76" ten="380,160,340,120" oya="2" hai0="122,80,78,32,2,96,15,73,3,59,9,107,115" hai1="58,91,54,36,53,65,121,49,98,124,87,66,52" hai2="83,105,104,125,116,0,75,29,130,55,50,30,23" hai3="128,133,47,90,134,82,112,43,51,129,71,20,45"/><V14/><F116/><W60/><G20/><T33/><D115/><U46/><E124/><V26/><F0/><W35/><G35/><T5/><D122/><U22/><E121/><V94/><F125/><W89/><G89/><T106/><D2/><U69/><E69/><V1/><F1/><W10/><G10/><T114/><D114/><U7/><E7/><V108/><F108/><W88/><G112/><T74/><D15/><U132/><E132/><N who="3" m="50794" /><G90/><T120/><D120/><U135/><E135/><V39/><F94/><W24/><G24/><T19/><D19/><U72/><E72/><V12/><F30/><W37/><G60/><T38/><D38/><U118/><E118/><V42/><F104/><W99/><G99/><T4/><D4/><U11/><E11/><V56/><F105/><W101/><G101/><N who="0" m="62759" /><D59/><U111/><E111/><V123/><F123/><W126/><G71/><T117/><D117/><U77/><E36/><V25/><F25/><W97/><G97/><T62/><D62/><N who="1" m="38103" /><E66/><V48/><F14/><W63/><G63/><T131/><D107/><U119/><E119/><V92/><F12/><W40/><G126/><T68/><D68/><U27/><E77/><V110/><F110/><W64/><G64/><T41/><D32/><U31/><E98/><V16/><F29/><W100/><G100/><T21/><D33/><U18/><E31/><V28/><F28/><W93/><G93/><AGARI ba="0,0" hai="18,22,27,46,49,52,53,54,87,91,93" m="38103" machi="93" ten="30,2000,0" yaku="8,1,54,1" doraHai="76" who="1" fromWho="3" sc="380,0,160,20,340,0,120,-20" /><INIT seed="3,0,0,2,1,120" ten="380,180,340,100" oya="3" hai0="40,77,26,98,80,72,118,43,70,41,95,31,51" hai1="19,71,94,61,112,68,35,122,124,10,15,12,79" hai2="108,123,24,111,46,103,91,48,32,109,45,58,25" hai3="133,81,6,92,9,18,107,105,34,82,134,42,39"/><W11/><G34/><T117/><D70/><U125/><E122/><V63/><F123/><W87/><G92/><T129/><D51/><U88/><E112/><V119/><F119/><W110/><G18/><T85/><D72/><U59/><E35/><V76/><F76/><W90/><G81/><T22/><REACH who="0" step="1"/><D129/><REACH who="0" ten="370,180,340,100" step="2"/><U73/><E73/><V38/><F38/><W53/><G39/><T104/><D104/><U17/><E68/><V4/><F32/><W29/><G107/><T84/><D84/><U135/><E71/><V130/><F130/><W89/><G105/><T36/><D36/><U28/><E125/><V97/><F48/><W23/><G42/><T55/><D55/><U96/><E124/><V116/><F116/><W115/><G53/><T2/><D2/><U93/><E135/><V56/><F56/><W114/><G114/><T0/><D0/><U7/><E59/><V126/><F126/><W33/><G115/><T60/><D60/><U65/><E61/><V62/><F62/><W121/><G121/><T69/><D69/><U100/><E65/><V13/><F63/><W49/><G49/><T66/><D66/><U78/><E28/><V1/><F1/><W30/><G30/><T127/><D127/><U64/><E64/><V128/><F128/><W5/><G29/><T27/><D27/><N who="2" m="10314" /><F58/><W50/><G134/><T99/><D99/><N who="1" m="57767" /><E12/><V44/><F13/><W131/><G131/><T67/><D67/><U54/><E54/><V86/><F4/><W47/><G6/><T14/><D14/><N who="1" m="5471" /><E19/><V57/><F57/><W3/><G133/><T20/><D20/><AGARI ba="0,1" hai="15,17,20,78,79,94,96,100" m="5471,57767" machi="20" ten="30,3900,0" yaku="6,1,8,1,54,1" doraHai="120" who="1" fromWho="0" sc="370,-39,180,49,340,0,100,0" /><INIT seed="4,0,0,0,5,31" ten="331,229,340,100" oya="0" hai0="79,108,15,34,133,41,112,102,118,135,50,69,19" hai1="44,122,67,48,82,27,63,32,21,60,88,40,28" hai2="37,55,66,123,77,100,107,25,64,23,10,3,0" hai3="97,33,26,124,54,101,99,29,8,35,9,1,117"/><T125/><D69/><U126/><E126/><V111/><F123/><W87/><G117/><T93/><D118/><U84/><E122/><V80/><F37/><W113/><G124/><T71/><D71/><U38/><E38/><V16/><F111/><W4/><G113/><T89/><D125/><U130/><E130/><V115/><F115/><W53/><G87/><T132/><D112/><U72/><E72/><V13/><F100/><W62/><G9/><T131/><D131/><U39/><E39/><V106/><F106/><W94/><G62/><T86/><D108/><U74/><E74/><V12/><F12/><W98/><G98/><T2/><D2/><U43/><E43/><V36/><F36/><W30/><REACH who="3" step="1"/><G99/><REACH who="3" ten="331,229,340,90" step="2"/><T119/><D119/><U17/><REACH who="1" step="1"/><E67/><REACH who="1" ten="331,219,340,90" step="2"/><V91/><F64/><W105/><G105/><T46/><D133/><U57/><E57/><V47/><F66/><W11/><G11/><T20/><D135/><U22/><E22/><V103/><F107/><W6/><G6/><T65/><D132/><U81/><E81/><V56/><F10/><W104/><G104/><T128/><D128/><U58/><E58/><V18/><F56/><W85/><G85/><T92/><D65/><U109/><E109/><V14/><F80/><W5/><G5/><T52/><D86/><U49/><E49/><V121/><F23/><W61/><G61/><T42/><D50/><U90/><E90/><V95/><F91/><W83/><G83/><T51/><D20/><U76/><E76/><V134/><F77/><W96/><G96/><N who="0" m="59655" /><D51/><U68/><E68/><V78/><F78/><RYUUKYOKU ba="0,2" sc="331,-15,219,15,340,-15,90,15" hai1="17,21,27,28,32,40,44,48,60,63,82,84,88" hai3="1,4,8,26,29,30,33,35,53,54,94,97,101" /><INIT seed="5,1,2,1,0,79" ten="316,234,325,105" oya="1" hai0="98,105,109,117,63,115,126,87,69,127,37,25,92" hai1="77,58,38,123,66,9,111,83,82,45,134,55,71" hai2="1,129,14,106,108,51,42,120,114,10,36,16,54" hai3="56,52,84,46,96,30,15,116,44,64,48,62,125"/><U95/><E123/><V122/><F106/><W34/><G125/><N who="0" m="47627" /><D37/><U61/><E134/><V89/><F108/><W29/><G116/><T0/><D109/><U3/><E111/><V20/><F114/><W81/><G34/><T70/><D117/><U59/><E59/><V19/><F1/><W132/><G132/><T17/><D0/><U39/><E95/><V31/><F31/><W131/><G131/><T50/><D115/><U27/><E27/><V93/><F129/><W49/><G96/><T121/><D121/><U60/><E45/><V5/><F5/><W133/><G15/><T76/><D63/><U128/><E128/><V23/><F10/><W26/><G26/><T32/><D50/><U72/><REACH who="1" step="1"/><E83/><REACH who="1" ten="316,224,325,105" step="2"/><V99/><F120/><W47/><G133/><T6/><D105/><U4/><AGARI ba="1,3" hai="3,4,9,38,39,55,58,60,61,66,71,72,77,82" machi="4" ten="30,11700,0" yaku="1,1,2,1,0,1,52,1,53,0" doraHai="79" doraHaiUra="119" who="1" fromWho="1" sc="316,-40,224,150,325,-40,105,-40" /><INIT seed="5,2,0,5,2,102" ten="276,374,285,65" oya="1" hai0="52,39,10,85,93,89,123,132,126,110,67,94,51" hai1="43,44,115,121,12,47,90,88,21,112,61,71,34" hai2="33,56,14,53,3,60,73,77,13,16,2,31,25" hai3="109,75,108,131,32,98,100,41,23,24,84,119,48"/><U38/><E121/><V105/><F14/><W55/><G75/><T101/><D110/><U27/><E44/><V57/><F73/><W127/><G127/><T95/><D126/><U106/><E106/><V15/><F15/><W114/><G114/><N who="1" m="43562" /><E34/><V86/><F105/><W45/><G32/><T72/><D39/><U5/><E5/><V82/><REACH who="2" step="1"/><F57/><REACH who="2" ten="276,374,275,65" step="2"/><W103/><G109/><T28/><D123/><U113/><E12/><V40/><F40/><W124/><G108/><T117/><D72/><U9/><E113/><V26/><F26/><W19/><G124/><T129/><D117/><U104/><E104/><V134/><F134/><W76/><G119/><T35/><D132/><U122/><E122/><V30/><F30/><W8/><G131/><T22/><D28/><N who="1" m="17519" /><E9/><AGARI ba="2,1" hai="2,3,9,13,16,25,31,33,53,56,60,77,82,86" machi="9" ten="30,3900,0" yaku="1,1,7,1,54,1,53,0" doraHai="102" doraHaiUra="46" who="2" fromWho="1" sc="276,0,374,-45,275,55,65,0" /><INIT seed="6,0,0,3,3,120" ten="276,329,330,65" oya="2" hai0="91,10,110,71,35,20,48,4,112,126,13,116,61" hai1="2,109,130,124,31,43,119,125,64,132,52,127,44" hai2="107,6,123,19,66,37,63,105,36,41,77,99,118" hai3="128,28,129,93,84,11,86,55,134,121,113,38,12"/><V103/><F123/><W23/><G121/><T76/><D35/><U39/><E2/><V115/><F118/><W49/><G38/><T111/><D116/><U75/><E75/><V45/><F115/><W131/><G134/><T53/><D112/><U32/><E119/><V94/><F37/><W50/><G113/><T26/><D76/><U133/><E130/><V58/><F77/><W9/><G49/><T81/><D126/><U95/><E109/><V89/><F6/><W22/><G9/><T27/><D27/><N who="1" m="18559" /><E64/><V54/><F19/><W98/><G84/><T16/><D81/><U114/><E114/><V24/><F24/><W72/><G86/><T5/><D91/><U106/><E106/><V88/><F107/><W67/><G67/><T74/><D74/><U62/><E95/><V68/><REACH who="2" step="1"/><F105/><REACH who="2" ten="276,329,320,65" step="2"/><W87/><G28/><T100/><D4/><U83/><E83/><V42/><F42/><W25/><G25/><T60/><D100/><U57/><AGARI ba="0,1" hai="39,43,44,52,57,62,124,125,127,132,133" m="18559" machi="57" ten="40,2700,0" yaku="18,1,54,1" doraHai="120" who="1" fromWho="1" sc="276,-7,329,37,320,-13,65,-7" /><INIT seed="7,0,0,1,0,131" ten="269,366,307,58" oya="3" hai0="22,70,24,1,82,67,135,85,27,33,56,12,115" hai1="68,53,74,58,29,57,83,84,75,116,87,79,65" hai2="62,34,47,38,132,39,133,15,5,3,76,111,35" hai3="36,106,119,14,4,18,66,2,97,6,129,101,44"/><W91/><G129/><T20/><D1/><U121/><E121/><V126/><F3/><W40/><G119/><T92/><D70/><U109/><E109/><V122/><F111/><W21/><G2/><T46/><D33/><U55/><E116/><V94/><F122/><W104/><G104/><T54/><D115/><U118/><E118/><V77/><F126/><W25/><G66/><T43/><D67/><U88/><E29/><V8/><F62/><W26/><REACH who="3" step="1"/><G91/><REACH who="3" ten="269,366,307,48" step="2"/><T50/><D12/><U114/><E65/><V108/><F108/><W124/><G124/><T110/><D110/><U10/><E88/><V99/><F77/><W89/><G89/><T0/><D0/><U31/><E79/><V107/><F76/><W93/><G93/><T42/><D92/><U130/><E130/><V73/><F107/><W51/><G51/><T9/><D50/><U96/><E114/><V32/><F94/><W59/><G59/><T60/><D56/><U113/><E57/><V13/><F73/><W123/><G123/><T48/><D48/><U72/><E58/><V71/><F71/><W19/><G19/><T80/><D60/><U100/><E113/><V117/><F117/><W95/><G95/><T134/><D85/><U11/><E68/><V86/><F86/><W90/><G90/><T127/><D127/><U120/><E120/><V52/><F99/><W81/><G81/><T61/><D61/><U63/><E87/><V49/><F39/><W45/><G45/><T64/><D64/><U69/><E69/><V37/><F37/><W7/><AGARI ba="0,1" hai="4,6,7,14,18,21,25,26,36,40,44,97,101,106" machi="7" ten="30,6000,0" yaku="1,1,0,1,53,1" doraHai="131" doraHaiUra="98" who="3" fromWho="3" sc="269,-20,366,-20,307,-20,48,70" /><INIT seed="7,1,0,1,2,71" ten="249,346,287,118" oya="3" hai0="37,110,117,85,4,48,111,9,44,122,41,114,121" hai1="3,82,81,132,46,67,134,91,109,47,75,77,99" hai2="42,45,73,86,18,112,120,34,31,66,90,55,100" hai3="57,53,93,56,64,25,69,20,13,58,16,124,28"/><W98/><G124/><T2/><D117/><U8/><E109/><N who="0" m="41481" /><D85/><N who="1" m="50607" /><E67/><V68/><F73/><W27/><G69/><T95/><D95/><U22/><E22/><V83/><F100/><W65/><G53/><T76/><D48/><U26/><E26/><V78/><F78/><W14/><G25/><T60/><D60/><U38/><E99/><V102/><F102/><W7/><G7/><T72/><D114/><U32/><E32/><V123/><F31/><W52/><G52/><T0/><D0/><U96/><E96/><V23/><F34/><W116/><G116/><T39/><D39/><U15/><E15/><N who="2" m="9695" /><F55/><W84/><G84/><T105/><D105/><U35/><E35/><V61/><F112/><W129/><G129/><T125/><D125/><U10/><E10/><V133/><F45/><W30/><G30/><T1/><D1/><U24/><E24/><V40/><F133/><N who="1" m="51305" /><E38/><V19/><F19/><W101/><REACH who="3" step="1"/><G14/><REACH who="3" ten="249,346,287,108" step="2"/><T50/><D72/><U33/><E33/><AGARI ba="1,1" hai="13,16,20,27,28,33,56,57,58,64,65,93,98,101" machi="33" ten="40,7700,0" yaku="1,1,2,1,54,1,53,0" doraHai="71" doraHaiUra="131" who="3" fromWho="1" sc="249,0,346,-80,287,0,108,90" /><INIT seed="7,2,0,1,4,129" ten="249,266,287,198" oya="3" hai0="10,131,105,16,25,95,94,29,118,126,5,14,86" hai1="45,11,101,43,61,24,127,103,33,70,134,6,133" hai2="88,83,49,26,87,47,65,48,68,82,112,107,71" hai3="75,124,97,114,120,35,15,93,9,100,32,84,55"/><W115/><G120/><T123/><D118/><U109/><E109/><V42/><F107/><W80/><G75/><T19/><D123/><U54/><E127/><V8/><F65/><W67/><G67/><T7/><D131/><U89/><E89/><V128/><F112/><N who="3" m="43051" /><G55/><T3/><D105/><U57/><E70/><V106/><F106/><W122/><G124/><T52/><D126/><U111/><E111/><V41/><F128/><W91/><G122/><T62/><D5/><AGARI ba="2,0" hai="5,9,15,32,35,80,84,91,93,97,100" m="43051" machi="5" ten="30,1500,0" yaku="15,1" doraHai="129" who="3" fromWho="0" sc="249,-21,266,0,287,0,198,21" /><INIT seed="7,3,0,4,4,12" ten="228,266,287,219" oya="3" hai0="24,70,31,117,103,104,99,68,78,84,120,10,88" hai1="132,37,34,130,9,125,53,75,6,76,89,17,127" hai2="45,41,4,86,20,55,21,134,22,98,14,40,129" hai3="108,126,25,0,121,118,124,116,135,26,107,30,123"/><W63/><G107/><T80/><D117/><N who="3" m="45161" /><G63/><T49/><D120/><N who="3" m="46153" /><G108/><T74/><D10/><U42/><E89/><V106/><F129/><W93/><G93/><T13/><D13/><U33/><E130/><V92/><F106/><W97/><G97/><T8/><D8/><U2/><E132/><V90/><F134/><W100/><G100/><T50/><D68/><U52/><E76/><V61/><F98/><W64/><G64/><T101/><D70/><U44/><E75/><V119/><F119/><W7/><G135/><T87/><D87/><U83/><E83/><V59/><F45/><W56/><G56/><T1/><D1/><U5/><E5/><V95/><F92/><W29/><G7/><T43/><D43/><U48/><E53/><V114/><F114/><W111/><G0/><T28/><D103/><U77/><E77/><V91/><F91/><W11/><G11/><AGARI ba="3,0" hai="4,11,14,20,21,22,40,41,55,59,61,86,90,95" machi="11" ten="40,1300,0" yaku="8,1" doraHai="12" who="2" fromWho="3" sc="228,0,266,0,287,22,219,-22" owari="228,-17.2,266,6.6,309,40.9,197,-30.3" /></mjloggm>