<mjloggm ver="2.3"><GO type="225" lobby="0"/><UN n0="%E3%81%BF%E3%81%BF%E3%81%9A" n1="%E3%82%B3%E3%83%90%E3%83%AC%E3%82%A4" n2="%E5%91%A8%E6%9D%B1" n3="%73%68%75%6D%70" dan="17,16,16,16" rate="2214.95,2161.16,2186.78,2117.05" sx="M,M,M,M"/><TAIKYOKU oya="0"/><INIT seed="0,0,0,4,5,78" ten="250,250,250,250" oya="0" hai0="60,94,125,8,97,39,106,70,89,54,108,41,16" hai1="5,22,58,19,28,118,46,3,111,9,43,30,83" hai2="64,10,6,61,29,100,75,21,115,15,81,74,52" hai3="122,130,34,53,25,49,66,18,126,45,117,95,80"/><T120/><D120/><U7/><E118/><V37/><F115/><W4/><G126/><T51/><D125/><U91/><E111/><V109/><F109/><W124/><G130/><T36/><D108/><U0/><E58/><V32/><F37/><W35/><G124/><T101/><D70/><U71/><E71/><V113/><F113/><W13/><G117/><T14/><D60/><U44/><E46/><V79/><F100/><W119/><G119/><T50/><D50/><U112/><E112/><V104/><F104/><W11/><G122/><T76/><D76/><U107/><E107/><V42/><F42/><W114/><G114/><T116/><D116/><U56/><E56/><V133/><F133/><W27/><G66/><T69/><D69/><U96/><E7/><V23/><F75/><W55/><G55/><T88/><D41/><U103/><E3/><V82/><F81/><W48/><G48/><T65/><D65/><U134/><E103/><V77/><F77/><W12/><G95/><T129/><D129/><U110/><E134/><V20/><F64/><W1/><G1/><T93/><D106/><U131/><E131/><V59/><REACH who="2" step="1"/><F32/><REACH who="2" ten="250,250,240,250" step="2"/><W17/><G35/><T47/><REACH who="0" step="1"/><D101/><REACH who="0" ten="240,250,240,250" step="2"/><U121/><E110/><V26/><AGARI ba="0,2" hai="6,10,15,20,21,23,26,29,52,59,61,74,79,82" machi="26" ten="30,8000,1" yaku="1,1,2,1,0,1,52,1,54,1,53,0" doraHai="78" doraHaiUra="67" who="2" fromWho="2" sc="240,-40,250,-20,240,100,250,-20" /><INIT seed="1,0,0,5,5,13" ten="200,230,340,230" oya="1" hai0="110,104,33,100,117,79,25,93,123,10,112,38,87" hai1="120,37,2,34,56,85,107,59,57,24,113,54,75" hai2="19,102,35,12,94,122,108,76,134,96,127,82,72" hai3="126,20,78,103,97,9,80,135,118,21,86,39,101"/><U131/><E2/><V11/><F127/><W63/><G126/><T55/><D112/><U7/><E107/><V70/><F70/><W31/><G135/><T89/><D117/><U132/><E75/><V15/><F134/><W69/><G39/><T68/><D38/><U30/><E37/><V40/><F35/><W29/><G118/><T22/><D68/><U95/><E132/><V44/><F108/><W52/><G9/><T43/><D43/><U83/><E113/><V98/><F122/><W53/><G103/><T133/><D133/><U109/><E109/><V130/><F130/><W4/><G4/><T36/><D36/><U125/><E7/><V1/><F98/><W49/><G20/><T115/><D33/><U66/><E125/><V5/><F19/><W74/><G74/><T46/><D115/><U51/><E131/><V23/><F23/><W42/><G42/><T111/><D79/><U129/><E120/><V61/><F61/><W27/><G31/><T119/><D10/><U3/><E3/><V28/><F28/><W128/><G128/><T14/><D14/><U58/><E95/><V121/><F121/><W92/><REACH who="3" step="1"/><G49/><AGARI ba="0,0" hai="1,5,11,12,15,40,44,49,72,76,82,94,96,102" machi="49" ten="30,1000,0" yaku="7,1" doraHai="13" who="2" fromWho="3" sc="200,0,230,0,340,10,230,-10" /><INIT seed="2,0,0,5,5,2" ten="200,230,350,220" oya="2" hai0="75,14,105,18,39,129,22,90,109,86,91,115,58" hai1="30,83,94,87,107,95,7,72,98,66,31,128,27" hai2="65,60,104,43,40,38,3,67,103,77,52,45,37" hai3="70,79,57,108,123,20,69,26,59,15,23,99,64"/><V19/><F3/><W126/><G123/><T51/><D115/><U116/><E116/><V25/><F77/><W84/><G99/><T96/><D39/><U62/><E72/><V131/><F131/><W97/><G97/><T17/><D75/><U24/><E128/><V42/><F103/><W6/><G15/><T33/><D33/><U63/><E107/><V118/><F19/><W124/><G26/><T4/><D129/><U0/><E98/><V41/><F25/><W56/><G84/><T119/><D109/><U133/><E133/><V53/><F104/><W68/><G79/><T82/><D119/><U28/><E0/><V112/><F112/><W111/><G6/><T120/><D120/><U47/><E47/><N who="2" m="23951" /><F118/><W32/><G32/><T11/><D105/><U102/><E102/><V122/><F122/><W125/><G64/><N who="2" m="24649" /><F53/><W101/><G101/><T12/><D96/><U29/><E27/><V92/><F92/><N who="1" m="35369" /><E24/><V132/><F132/><W16/><REACH who="3" step="1"/><G16/><REACH who="3" ten="200,230,350,210" step="2"/><N who="0" m="10503" /><D91/><U13/><E31/><V80/><F80/><W48/><G48/><T50/><D50/><U85/><E85/><V114/><F114/><W61/><G61/><T73/><D73/><U93/><E30/><V54/><F60/><W1/><G1/><T44/><D58/><N who="1" m="37207" /><E63/><V135/><F135/><W89/><G89/><T71/><D71/><U34/><E34/><V106/><F106/><W110/><AGARI ba="0,1" hai="20,23,56,57,59,68,69,70,108,110,111,124,125,126" machi="110" ten="50,32000,5" yakuman="40" doraHai="2" doraHaiUra="113" who="3" fromWho="3" sc="200,-80,230,-80,350,-160,210,330" /><INIT seed="3,0,0,5,5,74" ten="120,150,190,540" oya="3" hai0="65,123,48,14,16,25,97,86,106,79,108,30,124" hai1="132,119,44,43,75,84,76,90,8,69,122,58,9" hai2="10,27,131,70,99,107,134,51,45,80,68,72,110" hai3="125,133,47,19,118,102,31,104,49,5,26,36,89"/><W63/><G36/><T103/><D123/><U61/><E122/><V12/><F110/><W66/><G19/><T62/><D108/><U98/><E119/><V56/><F56/><W18/><G18/><T100/><D124/><U82/><E69/><V3/><F27/><W91/><G5/><T130/><D130/><U127/><E127/><V37/><F3/><W135/><G102/><T95/><D48/><U53/><E98/><V109/><F99/><W111/><G104/><T23/><D103/><U29/><E29/><V67/><F67/><W34/><G118/><T21/><D106/><U116/><E116/><V94/><F94/><W0/><G0/><T129/><D129/><U40/><E40/><V73/><F73/><W1/><G1/><T115/><D115/><U60/><E60/><V96/><F72/><W4/><G4/><T32/><D86/><U52/><E53/><V35/><F35/><W87/><G87/><T50/><D50/><U59/><E58/><V85/><F85/><W24/><G24/><T39/><D39/><U78/><E78/><V33/><F33/><W28/><G28/><T101/><D101/><U54/><E54/><V6/><F37/><W42/><G125/><T77/><D32/><U112/><E112/><V117/><F131/><W113/><G111/><T20/><D20/><U22/><E22/><V120/><F120/><W81/><G113/><T17/><D30/><U92/><E132/><V121/><F134/><W64/><G135/><T2/><D2/><U88/><E90/><V15/><F109/><W128/><G133/><T126/><D126/><RYUUKYOKU ba="0,0" sc="120,15,150,15,190,-15,540,-15" hai0="14,16,17,21,23,25,62,65,77,79,95,97,100" hai1="8,9,43,44,52,59,61,75,76,82,84,88,92" owari="135,-36.5,165,-23.5,175,-2.5,525,62.5" /></mjloggm>