<mjloggm ver="2.3"><GO type="169" lobby="0"/><UN n0="%E3%81%A6%E3%81%BE%E3%81%A1" n1="%E3%81%94%E3%83%BC%E3%81%A9%E3%82%93" n2="%E3%81%99%E3%83%BC%5F%E9%88%B4%E6%9C%A8%E6%B5%A9%E5%B9%B3" n3="%E6%B7%B3%E5%AD%90%E3%81%A7%E3%81%99" dan="17,16,16,17" rate="2144.65,2086.92,2094.57,2182.51" sx="M,M,M,M"/><TAIKYOKU oya="0"/><INIT seed="0,0,0,1,2,101" ten="250,250,250,250" oya="0" hai0="39,23,3,81,91,70,43,27,15,34,14,4,133" hai1="5,37,71,55,66,24,8,72,26,58,69,44,7" hai2="20,115,57,9,18,90,88,125,12,99,93,78,107" hai3="60,32,48,89,13,41,54,87,65,132,73,102,94"/><T17/><D70/><U105/><E72/><V108/><F115/><W131/><G73/><T100/><D100/><U52/><E58/><V29/><F125/><W122/><G32/><T64/><D64/><U2/><E66/><V121/><F121/><W96/><G131/><T75/><D91/><U46/><E8/><V77/><F107/><W47/><G132/><T117/><D117/><U113/><E37/><V97/><F108/><W85/><G122/><T59/><D59/><U110/><E2/><V6/><F29/><W49/><G85/><T134/><D43/><U119/><E119/><V45/><F45/><W86/><G13/><T63/><D63/><U104/><E110/><V22/><F57/><W129/><G129/><T83/><D39/><U10/><E10/><V1/><F20/><W135/><G135/><N who="0" m="51723" /><D75/><U19/><REACH who="1" step="1"/><E19/><REACH who="1" ten="250,240,250,250" step="2"/><V61/><F61/><W111/><G111/><T30/><D15/><U74/><E74/><V38/><F38/><W109/><G109/><T50/><D50/><U53/><E53/><V106/><F1/><W51/><G65/><T33/><D33/><U114/><AGARI ba="0,1" hai="5,7,24,26,44,46,52,55,69,71,104,105,113,114" machi="114" ten="25,16000,3" yaku="1,1,0,1,22,2,52,2,54,1,53,2" doraHai="101" doraHaiUra="103" who="1" fromWho="1" sc="250,-80,240,170,250,-40,250,-40" /><INIT seed="1,0,0,0,1,109" ten="170,410,210,210" oya="1" hai0="126,79,63,76,14,20,106,115,77,58,132,62,53" hai1="26,27,130,128,13,46,113,11,80,29,25,56,39" hai2="17,31,102,121,30,86,119,108,81,19,87,131,100" hai3="133,33,84,69,18,72,59,64,111,66,38,89,23"/><U127/><E56/><V101/><F119/><W83/><G33/><T98/><D126/><U34/><E80/><V43/><F121/><W48/><G38/><T117/><D117/><U70/><E70/><V22/><F131/><N who="1" m="50217" /><E46/><V51/><F108/><W0/><G133/><T37/><D37/><U97/><E97/><V73/><F73/><W7/><G7/><T116/><D116/><U57/><E57/><V99/><F99/><W85/><G0/><T122/><D132/><U95/><E95/><V40/><F87/><W10/><G10/><T41/><D41/><N who="2" m="15946" /><F51/><W24/><G69/><T61/><D122/><U35/><E39/><V45/><F45/><W60/><G72/><T6/><D106/><U82/><E82/><V42/><F42/><W28/><G64/><T92/><D6/><N who="1" m="3319" /><E127/><V71/><F71/><W44/><G85/><T4/><D92/><U75/><E75/><V21/><F86/><W67/><G67/><T107/><D107/><U90/><E90/><V124/><F81/><W65/><G65/><T103/><D98/><U78/><E78/><V52/><F124/><W96/><G96/><T68/><D68/><U112/><E29/><N who="2" m="10763" /><F52/><N who="3" m="29703" /><G111/><T93/><D53/><U134/><E134/><V8/><F102/><W50/><G50/><T32/><D103/><U49/><E49/><V15/><F101/><W94/><G28/><T36/><D36/><U5/><E5/><V110/><F100/><W129/><G129/><T135/><D4/><U12/><E12/><N who="2" m="7303" /><F110/><W74/><G74/><T105/><D105/><U114/><AGARI ba="0,0" hai="25,26,27,34,35,112,113,114" m="3319,50217" machi="114" ten="40,18000,2" yaku="19,1,34,2,52,3" doraHai="109" who="1" fromWho="1" sc="170,-60,410,180,210,-60,210,-60" /><INIT seed="1,1,0,4,5,24" ten="110,590,150,150" oya="1" hai0="28,129,29,37,52,7,116,77,4,70,50,99,26" hai1="104,118,45,56,36,63,96,97,115,12,33,44,103" hai2="113,90,34,9,111,41,110,130,101,132,74,82,86" hai3="95,117,38,83,66,133,43,107,124,88,16,128,94"/><U14/><E115/><V135/><F113/><W72/><G107/><T67/><D116/><U119/><E33/><V65/><F34/><W134/><G117/><T42/><D129/><U127/><E56/><V27/><F130/><W123/><G94/><T109/><D109/><N who="2" m="41482" /><F65/><W105/><G105/><T76/><D99/><U81/><E81/><V3/><F41/><W1/><G1/><T32/><D29/><U55/><E55/><V5/><F27/><W35/><G35/><T19/><D19/><U2/><E104/><V120/><F120/><W112/><G66/><T78/><D42/><U25/><E25/><V58/><F101/><W60/><G43/><T68/><D37/><U87/><E103/><V71/><F71/><W125/><G38/><T106/><D106/><U13/><E36/><V100/><F100/><W69/><G123/><T10/><D67/><U15/><E119/><V114/><F114/><W0/><G112/><T23/><D32/><U80/><E118/><V122/><F122/><W47/><G69/><T108/><D4/><U48/><E80/><N who="2" m="49479" /><F58/><W8/><G128/><T73/><D108/><U39/><E39/><V30/><F30/><W11/><G47/><T51/><D73/><U40/><E44/><V92/><F92/><W64/><G95/><T20/><D50/><U85/><E48/><V91/><F74/><W62/><G72/><T93/><D93/><U84/><E40/><V98/><F82/><W121/><G83/><T102/><D102/><U18/><E45/><V31/><F31/><W6/><G64/><T126/><D70/><U59/><E59/><RYUUKYOKU ba="1,0" sc="110,-10,590,-10,150,30,150,-10" hai2="3,5,9,91,98,132,135" /><INIT seed="2,2,0,5,2,132" ten="100,580,180,140" oya="2" hai0="4,103,83,70,97,32,7,123,67,5,133,124,71" hai1="18,72,27,43,125,25,120,33,101,86,11,56,2" hai2="64,30,37,49,16,113,9,129,75,111,47,12,89" hai3="74,52,65,80,35,45,66,59,99,60,3,135,112"/><V55/><F113/><W115/><G3/><T98/><D123/><U118/><E72/><V106/><F129/><W107/><G35/><T121/><D121/><U15/><E120/><V36/><F106/><W108/><G108/><T91/><D32/><U53/><E118/><V58/><F111/><W127/><G127/><T20/><D133/><U73/><E73/><V95/><F75/><W28/><G28/><T38/><D38/><U40/><E125/><V84/><REACH who="2" step="1"/><F30/><REACH who="2" ten="100,580,170,140" step="2"/><W90/><G135/><T14/><D124/><U122/><E122/><V26/><F26/><W54/><G107/><T6/><D6/><U19/><E27/><V21/><F21/><W105/><G105/><T8/><D20/><U102/><E25/><V92/><F92/><N who="3" m="56727" /><G74/><T39/><D4/><U0/><E33/><V13/><F13/><W131/><G131/><T116/><D5/><U119/><E15/><V110/><F110/><W57/><G80/><T78/><D7/><U104/><E104/><V51/><F51/><N who="3" m="28783" /><G115/><T48/><D83/><U77/><E0/><V100/><F100/><W96/><G112/><T76/><D103/><U88/><E102/><V82/><F82/><W63/><G96/><T29/><D98/><U10/><E101/><V134/><F134/><W44/><G44/><T17/><D97/><U31/><E2/><V1/><F1/><W128/><G128/><T61/><D29/><U23/><E31/><V24/><F24/><W34/><G34/><T109/><D109/><U126/><E23/><V41/><F41/><W114/><G114/><T130/><D130/><U69/><E126/><RYUUKYOKU ba="2,1" sc="100,-15,580,-15,170,15,140,15" hai2="9,12,16,36,37,47,49,55,58,64,84,89,95" hai3="54,57,59,60,63,65,66" /><INIT seed="2,3,1,2,3,53" ten="85,565,185,155" oya="2" hai0="14,51,95,74,98,130,18,86,32,10,85,37,25" hai1="56,119,75,96,39,110,114,38,122,30,106,93,5" hai2="42,16,127,15,1,20,90,68,73,29,35,118,22" hai3="23,102,58,54,65,107,34,33,61,31,52,108,57"/><V59/><F68/><W103/><G108/><T94/><D130/><U11/><E114/><V36/><F73/><W80/><G107/><T45/><D37/><U46/><E119/><V121/><F118/><W117/><G117/><T132/><D132/><U64/><E110/><V88/><F1/><W116/><G116/><T124/><D124/><U69/><E122/><V12/><F121/><W105/><G105/><T89/><D74/><U82/><E106/><V91/><F127/><W41/><G41/><T70/><D70/><U49/><E69/><V62/><F42/><W109/><G109/><T120/><D120/><U2/><E30/><V135/><F36/><W87/><G65/><T131/><D131/><U27/><E27/><N who="2" m="16615" /><F35/><W104/><G104/><T101/><D32/><U43/><E75/><V79/><F79/><W71/><G71/><T55/><REACH who="0" step="1"/><D25/><REACH who="0" ten="75,565,185,155" step="2"/><U111/><E38/><V3/><F135/><W9/><G33/><T83/><D83/><U115/><E82/><V28/><F3/><W72/><G72/><T40/><D40/><U81/><E43/><V113/><F113/><W66/><G34/><T47/><D47/><U7/><E46/><V123/><F123/><W13/><G80/><T0/><D0/><U21/><E81/><V77/><F77/><W4/><G13/><T129/><D129/><U100/><E2/><V17/><F12/><W67/><G31/><T48/><D48/><U6/><E39/><V128/><F128/><W60/><G60/><T125/><D125/><U134/><E111/><V19/><F28/><W133/><G133/><T99/><AGARI ba="3,2" hai="10,14,18,45,51,55,85,86,89,94,95,98,99,101" machi="99" ten="20,8000,1" yaku="1,1,5,1,0,1,7,1,8,1,53,0" doraHai="53" doraHaiUra="112" who="0" fromWho="0" sc="75,109,565,-23,185,-43,155,-23" /><INIT seed="3,0,0,3,2,5" ten="184,542,142,132" oya="3" hai0="17,71,102,52,40,97,120,88,32,90,115,35,104" hai1="31,11,85,33,113,94,27,60,51,42,106,119,96" hai2="30,116,41,109,108,73,55,9,76,4,118,43,105" hai3="123,23,111,68,44,53,134,24,16,128,75,126,121"/><W38/><G75/><T107/><D120/><U86/><E113/><V61/><F105/><W26/><G68/><T7/><D71/><U22/><E119/><V100/><F100/><W129/><G134/><T114/><D40/><U18/><E106/><V39/><F30/><W127/><G111/><N who="2" m="42569" /><F76/><W15/><G53/><T72/><D72/><U57/><E51/><V133/><F73/><W91/><G44/><T132/><D132/><U1/><E42/><N who="2" m="15883" /><F39/><W101/><G91/><N who="0" m="34859" /><D107/><U20/><E33/><V130/><F130/><N who="3" m="50283" /><G101/><T80/><D102/><U110/><E110/><V56/><F133/><W66/><G66/><T124/><D115/><U59/><E94/><V125/><F125/><N who="3" m="47627" /><G38/><T37/><D37/><U49/><E96/><V93/><F93/><W135/><G135/><T112/><D97/><U78/><E78/><V2/><AGARI ba="0,0" hai="2,4,9,55,56,61,116,118" m="15883,42569" machi="2" ten="30,2000,0" yaku="14,1,52,1" doraHai="5" who="2" fromWho="2" sc="184,-5,542,-5,142,20,132,-10" /><INIT seed="4,0,0,0,2,78" ten="179,537,162,122" oya="0" hai0="61,63,39,118,72,43,67,117,54,130,127,108,105" hai1="103,128,8,28,65,109,29,58,59,55,107,35,80" hai2="13,15,129,32,48,135,27,46,116,125,52,115,18" hai3="24,104,47,21,134,50,34,38,17,111,121,83,30"/><T5/><D105/><U75/><E109/><V95/><F116/><N who="0" m="44650" /><D72/><U98/><E128/><V56/><F115/><W41/><G111/><T123/><D108/><U62/><E35/><V96/><F129/><W0/><G0/><T53/><D5/><U7/><E80/><V112/><F112/><W88/><G134/><T131/><D123/><U79/><E79/><V97/><F135/><W22/><G104/><T16/><D16/><U94/><E107/><V92/><F125/><W102/><G102/><T68/><D127/><U122/><E75/><V57/><F32/><W37/><G34/><T126/><D126/><U86/><E86/><V26/><F46/><W91/><G121/><T77/><D77/><U2/><E122/><V23/><F57/><W3/><G3/><T49/><D54/><U12/><REACH who="1" step="1"/><E2/><REACH who="1" ten="179,527,162,122" step="2"/><V25/><F13/><W85/><REACH who="3" step="1"/><G91/><REACH who="3" ten="179,527,162,112" step="2"/><T45/><D63/><AGARI ba="0,2" hai="7,8,12,28,29,55,58,59,62,63,65,94,98,103" machi="63" ten="30,7700,0" yaku="1,1,2,1,7,1,8,1,53,0" doraHai="78" doraHaiUra="87" who="1" fromWho="0" sc="179,-77,527,97,162,0,112,0" /><INIT seed="5,0,0,1,4,21" ten="102,624,162,112" oya="1" hai0="123,102,50,33,90,125,32,68,44,10,12,66,128" hai1="45,9,131,115,110,117,42,26,132,124,24,71,11" hai2="38,43,65,64,87,49,67,48,84,72,97,135,120" hai3="130,96,58,106,56,83,3,122,75,95,20,46,13"/><U16/><E71/><V85/><F72/><W116/><G3/><T19/><D128/><U54/><E117/><V0/><F120/><W133/><G106/><T60/><D125/><U22/><E124/><V41/><F0/><W100/><G122/><T80/><D123/><U53/><E131/><V18/><F135/><W17/><G133/><T113/><D113/><U98/><E110/><V119/><F119/><W29/><G130/><T47/><D102/><U99/><E115/><V61/><F61/><W126/><G126/><T112/><D44/><U101/><E132/><V93/><F18/><W55/><G116/><T77/><D112/><U82/><E82/><V114/><F114/><W59/><G75/><T4/><D90/><U14/><E9/><V70/><F70/><W25/><G83/><T109/><D19/><U105/><E98/><V73/><F73/><W107/><G46/><T111/><D111/><U134/><E24/><V15/><F15/><W121/><G107/><T108/><D108/><U34/><E34/><V6/><F6/><W23/><REACH who="3" step="1"/><G121/><REACH who="3" ten="102,624,162,102" step="2"/><T129/><D129/><U103/><E134/><V76/><F76/><W57/><G57/><T27/><D109/><U118/><E118/><V104/><F104/><W88/><G88/><T78/><D78/><U7/><REACH who="1" step="1"/><E103/><REACH who="1" ten="102,614,162,102" step="2"/><V69/><F69/><W81/><G81/><T52/><REACH who="0" step="1"/><D27/><REACH who="0" ten="92,614,162,102" step="2"/><U5/><E5/><V89/><F89/><W37/><G37/><AGARI ba="0,3" hai="7,11,14,16,22,26,37,42,45,53,54,99,101,105" machi="37" ten="30,18000,2" yaku="1,1,7,1,52,1,54,1,53,2" doraHai="21" doraHaiUra="51" who="1" fromWho="3" sc="92,0,614,210,162,0,102,-180" owari="92,-30.8,824,92.4,162,-3.8,-78,-57.8" /></mjloggm>