<mjloggm ver="2.3"><GO type="169" lobby="0"/><UN n0="%73%69%65%72%61%34%30%31" n1="%52%59%4F%40%53%53" n2="%E3%81%94%E3%82%8B%E3%81%AF%E3%82%80%33%30" n3="%45%7A%61%6B%69" dan="16,17,17,16" rate="2204.05,2147.39,2192.52,2120.43" sx="F,M,F,M"/><TAIKYOKU oya="0"/><INIT seed="0,0,0,3,3,63" ten="250,250,250,250" oya="0" hai0="122,85,129,26,16,40,52,61,110,109,3,46,19" hai1="127,37,96,13,9,123,106,124,94,72,76,12,69" hai2="120,27,29,38,87,55,89,121,11,34,56,33,1" hai3="86,91,83,112,42,107,104,41,93,28,111,82,6"/><T81/><D122/><U95/><E37/><V113/><F113/><W125/><G112/><T4/><D129/><U17/><E69/><V65/><F38/><W32/><G111/><N who="0" m="42507" /><D3/><U21/><E123/><V7/><F34/><W10/><G125/><N who="1" m="48202" /><E76/><V68/><F68/><W80/><G32/><T118/><D4/><N who="1" m="3111" /><E72/><V44/><F44/><W115/><G115/><T60/><D118/><U0/><E0/><V116/><F65/><W75/><G75/><T70/><D70/><U102/><AGARI ba="0,0" hai="13,17,21,94,95,96,102,106" m="3111,48202" machi="102" ten="30,1100,0" yaku="18,1" doraHai="63" who="1" fromWho="1" sc="250,-5,250,11,250,-3,250,-3" /><INIT seed="1,0,0,1,0,32" ten="245,261,247,247" oya="1" hai0="19,127,10,91,135,44,87,65,104,7,72,21,69" hai1="52,54,14,33,47,78,95,76,133,53,123,86,103" hai2="45,105,129,109,89,16,2,58,92,74,124,121,70" hai3="99,9,35,88,134,5,114,31,75,102,108,40,62"/><U38/><E123/><V48/><F70/><W34/><G114/><T25/><D72/><U119/><E119/><V43/><F105/><W101/><G75/><T98/><D127/><U131/><E33/><V26/><F121/><W132/><G108/><T93/><D135/><N who="3" m="51753" /><G40/><T79/><D69/><U115/><E115/><V63/><F74/><W22/><G22/><T73/><D65/><U128/><E133/><V8/><F109/><W122/><G122/><T84/><D104/><U106/><E14/><V113/><F113/><W61/><G35/><T28/><D44/><U64/><E64/><V118/><F118/><W67/><G31/><T96/><D73/><U81/><E78/><V50/><F129/><N who="1" m="49737" /><E106/><V90/><F124/><W12/><G34/><T18/><D84/><U29/><E29/><V85/><F89/><W36/><G36/><T55/><D55/><U68/><E68/><V42/><F42/><W4/><G4/><T56/><D56/><U30/><E30/><V17/><F26/><W111/><G111/><T83/><REACH who="0" step="1"/><D98/><REACH who="0" ten="235,261,247,247" step="2"/><N who="1" m="59871" /><E38/><V110/><F110/><W130/><G130/><T1/><AGARI ba="0,1" hai="1,7,10,18,19,21,25,28,79,83,87,91,93,96" machi="1" ten="20,5200,0" yaku="1,1,0,1,7,1,52,1,53,0" doraHai="32" doraHaiUra="37" who="0" fromWho="0" sc="235,62,261,-26,247,-13,247,-13" /><INIT seed="2,0,0,4,1,48" ten="297,235,234,234" oya="2" hai0="79,55,77,64,21,107,34,41,3,88,53,95,0" hai1="13,33,70,28,130,56,23,10,104,109,31,59,51" hai2="86,89,7,35,91,54,118,26,14,125,16,69,76" hai3="71,17,129,47,20,121,108,49,46,75,124,122,83"/><V43/><F118/><W82/><G71/><T67/><D34/><U29/><E104/><V15/><F69/><W37/><G108/><T25/><D107/><U135/><E70/><V9/><F43/><W57/><G129/><T115/><D41/><U96/><E33/><V32/><F125/><W38/><G57/><T73/><D115/><U110/><E130/><V65/><F65/><N who="0" m="25162" /><D73/><U84/><E23/><V92/><F76/><N who="0" m="29258" /><D3/><U112/><E84/><V101/><F101/><W11/><G11/><T24/><D0/><U120/><E96/><V103/><F103/><W111/><G111/><T8/><D8/><U6/><E120/><V116/><F116/><W45/><G49/><T100/><D100/><U78/><E78/><V12/><F35/><W22/><G47/><T5/><D5/><U66/><E112/><V133/><F133/><W50/><G50/><T87/><D25/><U102/><E102/><V94/><F54/><W93/><G17/><AGARI ba="0,0" hai="17,21,24,53,55,87,88,95" m="29258,25162" machi="17" ten="30,7700,0" yaku="8,1,52,2,54,1" doraHai="48" who="0" fromWho="3" sc="297,77,235,0,234,0,234,-77" /><INIT seed="3,0,0,5,1,3" ten="374,235,234,157" oya="3" hai0="7,121,18,38,48,6,112,35,119,25,97,15,11" hai1="90,120,132,115,5,21,67,2,123,71,55,130,41" hai2="124,92,50,108,54,78,23,105,17,22,63,53,62" hai3="82,114,51,110,74,125,96,86,76,32,49,56,52"/><W107/><G114/><T16/><D38/><U19/><E115/><V91/><F105/><W10/><G32/><T69/><D69/><U40/><E130/><V58/><F108/><W26/><G125/><T93/><D112/><U84/><E132/><V27/><F124/><W42/><G110/><T4/><D119/><U95/><E67/><V129/><F129/><W106/><G26/><T8/><D121/><U36/><E71/><V99/><F78/><W44/><G74/><T80/><D80/><U33/><E33/><V98/><F98/><W1/><REACH who="3" step="1"/><G96/><REACH who="3" ten="374,235,234,147" step="2"/><T65/><D35/><U72/><E72/><V28/><REACH who="2" step="1"/><F54/><REACH who="2" ten="374,235,224,147" step="2"/><W20/><G20/><N who="0" m="13447" /><D65/><U64/><E64/><V88/><F88/><W122/><G122/><T57/><D97/><U70/><E55/><V37/><F37/><W85/><G85/><T109/><D109/><U100/><E36/><V102/><F102/><W116/><G116/><T34/><D34/><U87/><E100/><V133/><F133/><W45/><G45/><T60/><D11/><U59/><E87/><V73/><F73/><W89/><G89/><T68/><D8/><U43/><E123/><V81/><F81/><W127/><G127/><T111/><D111/><U61/><E120/><V47/><F47/><W94/><G94/><T79/><D93/><U12/><E95/><V29/><F29/><W46/><G46/><T103/><D103/><U135/><E135/><V118/><F118/><W134/><G134/><T24/><D79/><U83/><E84/><V75/><F75/><W66/><G66/><T126/><D126/><U30/><E83/><RYUUKYOKU ba="0,2" sc="374,-15,235,-15,224,15,147,15" hai2="17,22,23,27,28,50,53,58,62,63,91,92,99" hai3="1,10,42,44,49,51,52,56,76,82,86,106,107" /><INIT seed="3,1,2,1,0,55" ten="359,220,239,162" oya="3" hai0="34,5,51,109,81,13,2,18,108,19,124,106,123" hai1="46,67,86,115,101,94,29,36,21,15,135,70,85" hai2="80,68,114,99,44,130,48,6,61,126,1,50,37" hai3="58,119,131,129,107,125,56,72,87,65,73,17,31"/><W45/><G119/><T118/><D118/><U59/><E115/><V23/><F114/><W98/><G125/><T69/><D106/><U60/><E135/><V83/><F126/><W132/><G132/><T49/><D69/><U30/><E70/><V7/><F37/><W110/><G110/><N who="0" m="42603" /><D123/><U16/><E36/><V127/><F127/><W27/><G65/><T90/><D34/><U116/><E46/><V52/><F130/><N who="3" m="49675" /><G17/><N who="0" m="6155" /><D13/><U117/><E117/><V120/><F120/><W3/><G3/><T71/><D71/><U40/><E40/><V57/><F23/><N who="3" m="15871" /><G45/><T24/><D24/><N who="1" m="16527" /><E30/><V33/><F33/><W79/><G87/><N who="0" m="50543" /><D124/><U93/><E116/><V62/><F1/><W111/><G111/><T122/><D122/><U32/><E32/><V75/><F68/><W97/><G97/><T77/><D77/><U47/><E47/><V100/><F44/><W103/><G79/><T121/><D121/><U54/><E67/><V43/><F99/><W133/><G133/><T66/><D66/><U112/><E112/><V113/><F113/><W14/><G14/><T96/><D96/><N who="1" m="59535" /><E94/><V0/><F0/><W26/><G26/><T102/><D102/><U89/><E89/><V76/><F100/><W128/><N who="3" m="49683" /><W25/><DORA hai="35" /><G25/><T64/><D64/><U9/><AGARI ba="1,2" hai="9,15,16,54,59,60,85,86" m="59535,16527" machi="9" ten="30,4000,0" yaku="8,1,52,1,54,1" doraHai="55,35" who="1" fromWho="1" sc="359,-11,220,63,239,-11,162,-21" /><INIT seed="4,0,0,1,5,19" ten="348,283,228,141" oya="0" hai0="112,41,134,28,18,30,43,47,105,114,63,60,86" hai1="125,10,45,46,53,102,65,42,104,115,69,36,14" hai2="34,32,87,3,133,35,62,71,27,52,59,117,11" hai3="33,51,97,57,118,12,48,29,38,121,56,17,103"/><T75/><D75/><U116/><E116/><V109/><F117/><W39/><G118/><T122/><D105/><U79/><E125/><V74/><F74/><W7/><G121/><T88/><D122/><U50/><E115/><N who="0" m="44073" /><D134/><U98/><E79/><V82/><F133/><W72/><G72/><T127/><D127/><U58/><E46/><V49/><F109/><W73/><G73/><T135/><D135/><U9/><REACH who="1" step="1"/><E14/><REACH who="1" ten="348,273,228,141" step="2"/><V90/><F27/><W108/><G12/><T106/><D47/><U64/><E64/><V25/><F25/><W68/><G108/><T91/><D43/><U80/><E80/><V81/><F81/><W21/><G39/><T8/><D41/><U66/><E66/><V22/><F3/><W24/><G38/><T0/><D0/><U89/><E89/><V2/><F2/><W5/><G103/><T93/><D91/><U76/><E76/><V67/><F90/><W124/><G24/><T96/><D88/><U15/><E15/><V131/><F82/><W84/><G124/><T77/><D77/><U129/><E129/><V16/><F131/><W128/><G128/><T26/><D26/><U120/><E120/><V20/><F87/><W100/><G84/><T78/><D78/><U111/><E111/><V126/><F126/><W37/><G100/><T85/><D86/><U92/><E92/><V54/><F54/><W31/><G37/><T101/><D85/><U123/><E123/><V44/><F52/><W130/><G130/><T23/><D93/><U13/><E13/><V40/><F40/><W113/><G113/><T99/><D101/><RYUUKYOKU ba="0,1" sc="348,-10,273,30,228,-10,141,-10" hai1="9,10,36,42,45,50,53,58,65,69,98,102,104" /><INIT seed="5,1,1,0,4,39" ten="338,303,218,131" oya="1" hai0="79,54,44,109,19,97,72,38,90,91,34,17,10" hai1="12,78,99,86,51,116,135,122,118,8,98,49,20" hai2="65,85,11,69,23,25,77,6,106,84,107,127,133" hai3="15,27,46,105,76,13,36,131,59,108,7,130,60"/><U63/><E122/><V129/><F129/><N who="3" m="49163" /><G108/><T0/><D34/><U33/><E33/><V9/><F69/><W47/><G105/><T93/><D109/><U75/><E75/><V31/><F65/><W73/><G27/><T125/><D125/><U87/><E20/><V58/><F127/><W115/><G115/><T126/><D126/><U132/><E63/><V80/><F58/><W57/><G57/><T48/><D38/><U120/><E12/><N who="3" m="4682" /><G7/><T4/><D79/><U103/><E120/><V14/><F11/><W128/><N who="3" m="49171" /><W28/><DORA hai="119" /><G28/><T88/><REACH who="0" step="1"/><D72/><REACH who="0" ten="328,303,218,131" step="2"/><U61/><E78/><V1/><F77/><W56/><G36/><T95/><D95/><U29/><E118/><V30/><F106/><W21/><G73/><T113/><D113/><U18/><E116/><V117/><F107/><W114/><G76/><T32/><D32/><U83/><E83/><V104/><F80/><W70/><G114/><T3/><D3/><U40/><E135/><V74/><F104/><W52/><G21/><T5/><D5/><U81/><E81/><V89/><F74/><W22/><G22/><T68/><D68/><U110/><E132/><V62/><F133/><W134/><G70/><T16/><AGARI ba="1,2" hai="0,4,10,16,17,19,44,48,54,88,90,91,93,97" machi="16" ten="30,8000,1" yaku="1,1,0,1,54,2,53,1" doraHai="39,119" doraHaiUra="96,92" who="0" fromWho="0" sc="328,103,303,-41,218,-21,131,-21" /><INIT seed="6,0,0,1,3,123" ten="431,262,197,110" oya="2" hai0="114,79,118,51,70,7,95,110,19,88,127,72,111" hai1="40,9,130,61,57,18,53,75,16,133,78,4,92" hai2="68,55,104,64,6,77,103,11,0,26,91,99,59" hai3="44,126,58,65,69,86,36,15,74,31,76,2,109"/><V62/><F77/><W3/><G126/><T97/><D70/><U71/><E130/><V22/><F91/><W13/><G69/><T67/><D67/><U66/><E133/><V132/><F132/><W27/><G74/><T38/><D38/><U24/><E40/><V89/><F89/><W49/><G36/><T8/><D127/><U48/><E92/><V17/><REACH who="2" step="1"/><F68/><REACH who="2" ten="431,262,187,110" step="2"/><W12/><G76/><T50/><D79/><U47/><E71/><V106/><F106/><W46/><G86/><T90/><D88/><U52/><E78/><V34/><F34/><W83/><G83/><T20/><D90/><U129/><E75/><V23/><F23/><W30/><G3/><T134/><D20/><U122/><E122/><V84/><F84/><W94/><G2/><T100/><D72/><U108/><E129/><V33/><F33/><W39/><G94/><T43/><D95/><U82/><E82/><V135/><F135/><W21/><G21/><T5/><D134/><U41/><E9/><V10/><F10/><W35/><G35/><T101/><D8/><U128/><E128/><V93/><F93/><W119/><G119/><T115/><D118/><U25/><E25/><V42/><F42/><W131/><G27/><T98/><D43/><U14/><E24/><V120/><F120/><W107/><G131/><T117/><D117/><U116/><E116/><V85/><F85/><W45/><G107/><T29/><D29/><N who="3" m="10761" /><G39/><T63/><D101/><U1/><E1/><V32/><F32/><W96/><G96/><T87/><D100/><U125/><E125/><V105/><F105/><RYUUKYOKU ba="0,1" sc="431,-10,262,-10,187,30,110,-10" hai2="0,6,11,17,22,26,55,59,62,64,99,103,104" /><INIT seed="6,1,1,1,4,86" ten="421,252,217,100" oya="2" hai0="60,52,132,29,51,96,48,13,46,129,130,0,106" hai1="123,105,89,103,84,2,11,119,4,67,104,56,124" hai2="72,27,12,73,117,7,93,34,19,45,76,37,125" hai3="59,115,22,101,69,126,88,28,50,23,70,83,79"/><V41/><F117/><W94/><G126/><T47/><D0/><U15/><E119/><V38/><F125/><W127/><G127/><T24/><D132/><U113/><E124/><V40/><F76/><W36/><G36/><T90/><D13/><U80/><E113/><V21/><F41/><W77/><G115/><T107/><D60/><U17/><E103/><V58/><F38/><W135/><G135/><T26/><D90/><U91/><E123/><V3/><F58/><W5/><G5/><T62/><D62/><U92/><E56/><V44/><F44/><W71/><G101/><T116/><D96/><U63/><E63/><V74/><F93/><W97/><G28/><T30/><D116/><U35/><E35/><V20/><F20/><W82/><G82/><T131/><D130/><U57/><E57/><V78/><F78/><W49/><G79/><T95/><D52/><U65/><E105/><V111/><F111/><W10/><G10/><T85/><D85/><U18/><E104/><V100/><F100/><W121/><G121/><T53/><D53/><U110/><E110/><V43/><F43/><W81/><G81/><T61/><D61/><U66/><E2/><V1/><F34/><W122/><G122/><T55/><D55/><U75/><E75/><V64/><F64/><W9/><G9/><T109/><D95/><U99/><AGARI ba="1,1" hai="4,11,15,17,18,65,66,67,80,84,89,91,92,99" machi="99" ten="30,7900,0" yaku="0,1,8,1,52,2" doraHai="86" who="1" fromWho="1" sc="421,-21,252,92,217,-40,100,-21" /><INIT seed="7,0,0,5,2,35" ten="400,344,177,79" oya="3" hai0="130,70,45,117,84,88,79,41,67,106,22,49,43" hai1="128,52,121,33,119,40,14,10,90,104,114,38,42" hai2="100,125,116,58,9,134,11,54,16,97,103,1,129" hai3="46,77,32,21,87,86,0,110,31,30,124,72,112"/><W113/><G110/><T34/><D117/><U5/><E119/><V28/><F116/><W95/><G124/><T63/><D34/><U99/><E121/><V25/><F125/><W85/><G32/><T96/><D130/><U76/><E33/><V108/><F108/><W111/><G111/><T115/><D115/><N who="3" m="44105" /><G95/><T18/><D79/><U55/><E76/><V135/><F129/><W69/><G69/><T75/><D75/><U36/><E128/><V56/><F28/><N who="3" m="10795" /><G21/><T23/><D23/><U26/><E26/><V50/><F25/><W37/><G72/><T47/><D106/><U81/><E104/><V44/><F103/><W64/><G64/><T15/><D96/><U48/><E114/><V78/><F97/><W7/><G77/><T131/><D131/><U27/><E27/><V118/><F100/><W51/><G37/><T132/><D132/><N who="2" m="50730" /><F78/><W109/><G109/><T6/><D88/><U65/><E65/><V80/><F118/><W126/><G126/><T83/><D83/><U39/><E81/><V20/><F80/><W8/><G85/><T62/><D84/><U94/><REACH who="1" step="1"/><E55/><AGARI ba="0,0" hai="0,7,8,46,51,55,86,87" m="10795,44105" machi="55" ten="30,2900,0" yaku="15,1,52,1" doraHai="35" who="3" fromWho="1" sc="400,0,344,-29,177,0,79,29" /><INIT seed="7,1,0,3,2,118" ten="400,315,177,108" oya="3" hai0="126,39,58,53,9,85,0,120,48,100,68,99,1" hai1="90,86,92,33,47,113,134,44,4,11,127,13,41" hai2="23,55,57,110,10,105,98,64,15,108,111,71,115" hai3="31,51,66,132,125,109,91,49,52,119,61,16,70"/><W43/><G119/><T62/><D120/><U22/><E33/><V101/><F71/><W35/><G125/><T46/><D126/><U112/><E134/><V73/><F73/><W95/><G132/><T40/><D85/><U67/><E127/><V37/><F37/><W32/><G109/><T78/><D78/><U82/><E67/><V38/><F38/><W107/><G107/><N who="0" m="63903" /><D9/><U80/><E22/><V2/><F115/><N who="1" m="44105" /><E47/><V26/><F2/><W122/><G122/><T84/><D84/><U30/><E30/><V65/><F26/><W25/><G35/><T81/><D81/><U63/><E63/><V3/><F23/><W24/><G43/><T77/><D77/><U128/><E128/><V135/><F3/><W131/><G131/><T29/><D29/><U129/><E129/><V117/><F117/><W8/><G52/><T21/><D21/><U5/><E4/><V54/><F135/><W74/><G74/><T42/><D42/><U79/><E79/><V123/><F123/><W133/><G133/><T83/><D83/><U7/><E7/><V60/><F65/><AGARI ba="1,0" hai="0,1,39,40,46,48,53,58,62,65,68" m="63903" machi="65" ten="30,1000,0" yaku="24,1" doraHai="118" who="0" fromWho="2" sc="400,13,315,0,177,-13,108,0" owari="413,51.3,315,11.5,164,-23.6,108,-39.2" /></mjloggm>