<mjloggm ver="2.3"><GO type="169" lobby="0"/><UN n0="%E5%85%A9%E5%84%80%E4%B8%B6%E5%BC%8F" n1="%E3%83%AD%E3%83%99%E3%83%AB%E3%82%BF%E3%81%95%E3%82%93%EF%BC%A0" n2="%65%76%31%36%33%38%34" n3="%E3%81%BD%E3%81%A3%E3%81%91%E3%81%95%E3%82%93" dan="16,16,17,17" rate="2149.83,2120.79,2149.16,2187.12" sx="M,F,M,M"/><TAIKYOKU oya="0"/><INIT seed="0,0,0,5,0,82" ten="250,250,250,250" oya="0" hai0="33,100,74,62,77,120,87,21,92,125,81,29,124" hai1="116,36,97,89,57,40,75,103,10,106,66,67,86" hai2="105,83,39,59,80,60,90,78,12,50,28,126,34" hai3="48,55,133,58,25,91,117,4,30,52,115,32,22"/><T104/><D120/><U118/><E75/><V1/><F39/><W26/><G133/><T19/><D62/><U11/><E11/><V35/><F1/><W127/><G127/><N who="0" m="48715" /><D33/><U84/><E10/><V3/><F3/><W65/><G65/><T41/><D41/><U45/><E86/><V17/><F50/><W114/><G117/><T96/><D29/><U111/><E111/><V85/><F105/><W31/><G4/><T38/><D38/><U42/><E42/><V135/><F135/><W56/><REACH who="3" step="1"/><G91/><REACH who="3" ten="250,250,250,240" step="2"/><N who="0" m="53375" /><D19/><U13/><E67/><V43/><F126/><W47/><G47/><T54/><D54/><U6/><E6/><V113/><F17/><W20/><G20/><AGARI ba="0,1" hai="20,21,74,77,81,96,100,104" m="53375,48715" machi="20" ten="30,5800,0" yaku="24,1,18,1,52,1" doraHai="82" who="0" fromWho="3" sc="250,68,250,0,250,0,240,-58" /><INIT seed="0,1,0,1,5,30" ten="318,250,250,182" oya="0" hai0="127,18,102,86,6,64,3,95,101,62,119,48,57" hai1="91,103,28,33,88,71,133,77,78,34,1,4,2" hai2="47,99,87,76,118,73,40,37,7,51,92,8,74" hai3="110,32,0,85,97,12,81,10,66,45,72,36,70"/><T120/><D119/><U19/><E71/><V132/><F118/><W124/><G110/><T79/><D120/><U128/><E28/><V90/><F132/><W131/><G124/><T25/><D127/><U82/><E103/><V43/><F43/><W108/><G108/><T68/><D6/><U115/><E4/><V38/><F38/><W117/><G72/><T116/><D3/><U59/><E59/><V52/><F99/><W29/><G0/><T134/><D116/><U135/><E19/><V17/><F17/><W105/><G105/><T96/><D134/><U23/><E23/><V129/><F76/><W15/><G97/><T123/><D123/><U89/><E89/><V54/><F54/><W58/><G70/><T69/><D102/><U11/><E82/><V50/><F37/><W104/><G104/><T39/><D39/><U100/><E100/><V49/><F49/><W26/><G117/><T67/><D48/><U111/><E111/><V98/><F98/><W122/><G131/><T13/><D25/><U61/><E61/><V46/><REACH who="2" step="1"/><F129/><REACH who="2" ten="318,250,240,182" step="2"/><W83/><G36/><T107/><D67/><U112/><REACH who="1" step="1"/><E11/><REACH who="1" ten="318,240,240,182" step="2"/><V35/><F35/><W31/><G32/><T16/><D69/><U75/><E75/><V21/><F21/><W94/><G10/><N who="0" m="6199" /><D18/><U113/><E113/><V14/><AGARI ba="1,2" hai="7,8,14,40,46,47,50,51,52,73,74,87,90,92" machi="14" ten="20,8000,1" yaku="1,1,0,1,7,1,54,1,53,1" doraHai="30" doraHaiUra="9" who="2" fromWho="2" sc="318,-41,240,-21,240,103,182,-21" /><INIT seed="1,0,0,5,5,100" ten="277,219,343,161" oya="1" hai0="43,45,23,64,85,56,124,135,31,27,104,82,15" hai1="83,105,67,69,89,110,46,54,80,70,84,90,87" hai2="11,107,131,126,7,113,65,129,123,106,118,102,115" hai3="111,98,79,13,76,34,128,71,132,55,10,38,42"/><U2/><E67/><V92/><F118/><W68/><G34/><T134/><D124/><U47/><E54/><V40/><F40/><W73/><G111/><T116/><D116/><U59/><E59/><V33/><F33/><W18/><G128/><N who="2" m="49225" /><F126/><W5/><G132/><N who="0" m="50731" /><D15/><U25/><E2/><N who="2" m="503" /><F123/><W0/><G55/><T3/><D3/><U37/><E37/><V75/><F75/><W44/><G79/><N who="0" m="46303" /><D56/><U48/><E48/><V62/><F92/><W99/><G71/><T35/><D64/><U119/><E119/><V60/><F60/><W86/><G68/><T17/><D35/><U16/><E25/><V6/><F6/><W94/><G94/><T21/><D21/><U114/><E16/><V133/><F102/><W22/><REACH who="3" step="1"/><G86/><REACH who="3" ten="277,219,343,151" step="2"/><T63/><D63/><U58/><E110/><V88/><F62/><W36/><G36/><N who="0" m="21735" /><D104/><U117/><E105/><V97/><F65/><W81/><AGARI ba="0,1" hai="0,5,10,13,18,22,38,42,44,73,76,81,98,99" machi="81" ten="30,7900,0" yaku="1,1,0,1,25,2,53,0" doraHai="100" doraHaiUra="91" who="3" fromWho="3" sc="277,-20,219,-39,343,-20,151,89" /><INIT seed="2,0,0,4,2,112" ten="257,180,323,240" oya="2" hai0="41,125,10,127,73,37,72,3,75,55,39,116,1" hai1="24,88,69,65,87,70,113,122,19,21,14,51,54" hai2="31,119,117,121,18,131,106,66,38,71,0,90,53" hai3="64,17,12,40,105,89,124,92,23,33,133,68,98"/><V126/><F121/><W30/><G124/><N who="0" m="47691" /><D55/><U99/><E113/><V63/><F126/><W109/><G109/><T4/><D41/><U103/><E65/><V32/><F131/><W81/><G133/><T20/><D20/><U100/><E24/><N who="2" m="18535" /><F18/><W48/><G33/><T129/><D129/><U114/><E114/><V77/><F90/><W52/><G30/><T110/><D110/><U101/><E99/><V83/><F53/><W80/><G40/><T2/><D116/><N who="2" m="44618" /><F106/><W57/><REACH who="3" step="1"/><G105/><REACH who="3" ten="257,180,323,230" step="2"/><T86/><D86/><U8/><E122/><V84/><F84/><W95/><G95/><T46/><D46/><U22/><E22/><V60/><F38/><AGARI ba="0,1" hai="1,2,3,4,10,37,38,39,72,73,75" m="47691" machi="38" ten="40,2600,0" yaku="18,1,23,1" doraHai="112" who="0" fromWho="2" sc="257,36,180,0,323,-26,230,0" /><INIT seed="3,0,0,0,5,135" ten="293,180,297,230" oya="3" hai0="8,83,69,129,123,122,124,18,41,57,55,10,102" hai1="59,93,92,95,60,130,89,67,23,64,134,44,17" hai2="63,7,42,133,74,96,120,27,119,115,128,103,51" hai3="110,86,116,125,91,45,127,29,88,77,98,6,72"/><W68/><G116/><T36/><D69/><U111/><E111/><V43/><F119/><W62/><G110/><T34/><D129/><U2/><E2/><V80/><F115/><W25/><G6/><T114/><D34/><U31/><E130/><V47/><F128/><W97/><G72/><T101/><D124/><N who="3" m="47689" /><G77/><T53/><D83/><U32/><E32/><V76/><F7/><W22/><G45/><T85/><D114/><U37/><E31/><V5/><F5/><W1/><G1/><T70/><D70/><U131/><E134/><V81/><F76/><W21/><G22/><T112/><D112/><U65/><E131/><V26/><F74/><W14/><G14/><T20/><D123/><U105/><E105/><V73/><F73/><W78/><G78/><T19/><D122/><U4/><E4/><V13/><F13/><W82/><G91/><T56/><D85/><U39/><E89/><V94/><F133/><W11/><G11/><T12/><D8/><U106/><E106/><V132/><F132/><W113/><G113/><T30/><D10/><U33/><E33/><V117/><F117/><W24/><G24/><N who="2" m="9257" /><F120/><W99/><G97/><T3/><D12/><U87/><E23/><V61/><F43/><W38/><G38/><T50/><D36/><U121/><E39/><V75/><F75/><W104/><G104/><T108/><D3/><U54/><E121/><V15/><F15/><W0/><G0/><T35/><D108/><U52/><E37/><V9/><F9/><W107/><G107/><T28/><D35/><U66/><E87/><V118/><F118/><RYUUKYOKU ba="0,0" sc="293,-15,180,-15,297,15,230,15" hai2="42,47,51,61,63,80,81,94,96,103" hai3="21,25,29,62,68,82,86,88,98,99" /><INIT seed="3,1,0,5,4,101" ten="278,165,312,245" oya="3" hai0="27,52,97,33,102,36,109,121,111,69,23,6,34" hai1="107,134,44,61,85,43,25,118,55,54,82,84,75" hai2="112,131,1,8,4,81,115,117,98,0,104,21,16" hai3="135,78,48,3,7,89,95,10,31,12,122,110,22"/><W113/><G113/><T17/><D121/><U126/><E134/><V13/><F117/><W45/><G135/><T71/><D36/><U124/><E118/><V20/><F131/><W87/><G122/><T18/><D6/><U37/><E75/><V132/><F132/><W91/><G110/><N who="0" m="41995" /><D17/><U66/><E25/><V116/><F116/><W19/><G78/><T90/><D90/><U9/><E107/><V67/><F67/><W50/><G45/><T42/><D42/><U88/><E9/><V123/><F123/><W60/><G60/><T59/><D69/><U28/><E28/><V47/><F47/><W99/><REACH who="3" step="1"/><G31/><REACH who="3" ten="278,165,312,235" step="2"/><T58/><D71/><U62/><E62/><V127/><F115/><W103/><G103/><T108/><D108/><U73/><E73/><V93/><F112/><W24/><G24/><T49/><D59/><U32/><E61/><V129/><F129/><W105/><G105/><AGARI ba="1,1" hai="18,23,27,33,34,49,52,58,97,102,105" m="41995" machi="105" ten="30,3900,0" yaku="14,1,52,1,54,1" doraHai="101" who="0" fromWho="3" sc="278,52,165,0,312,0,235,-42" /><INIT seed="4,0,0,1,5,95" ten="330,165,312,193" oya="0" hai0="106,20,3,89,76,24,77,99,80,98,15,66,91" hai1="41,29,127,100,12,57,84,123,43,114,73,93,7" hai2="107,101,5,75,18,119,44,87,50,17,92,81,54" hai3="88,10,46,52,120,124,126,34,131,0,135,82,8"/><T118/><D118/><U26/><E73/><V68/><F119/><W97/><G34/><T105/><D3/><U72/><E72/><V16/><F68/><W45/><G135/><T110/><D66/><U58/><E127/><N who="3" m="48682" /><G131/><T132/><D15/><U59/><E123/><V128/><F128/><W116/><G116/><T6/><D6/><U22/><E114/><V63/><F107/><N who="0" m="40970" /><D20/><U53/><E53/><V21/><F5/><N who="3" m="1063" /><G120/><T83/><D24/><U104/><E104/><V90/><F63/><W121/><G121/><T122/><D110/><U23/><E84/><V64/><F64/><W117/><G10/><T9/><D9/><U70/><E70/><V11/><F11/><W39/><G39/><T115/><D115/><U19/><REACH who="1" step="1"/><E7/><REACH who="1" ten="330,155,312,193" step="2"/><V2/><F75/><W109/><G117/><T61/><D122/><U48/><E48/><V86/><F2/><W60/><G109/><T71/><D71/><U28/><E28/><V94/><F87/><N who="3" m="50295" /><G97/><AGARI ba="0,1" hai="12,19,22,23,26,29,41,43,57,58,59,93,97,100" machi="97" ten="40,5200,0" yaku="1,1,8,1,52,1,53,0" doraHai="95" doraHaiUra="35" who="1" fromWho="3" sc="330,0,155,62,312,0,193,-52" /><INIT seed="5,0,0,3,1,30" ten="330,217,312,141" oya="1" hai0="74,82,11,90,68,58,21,43,5,1,42,71,33" hai1="118,135,16,92,20,126,62,114,7,122,29,108,70" hai2="61,102,97,130,79,81,133,46,113,9,24,56,80" hai3="0,65,117,94,129,54,84,36,125,87,100,2,31"/><U41/><E114/><V127/><F113/><W128/><G36/><T115/><D21/><U75/><E135/><V49/><F133/><W53/><G65/><T85/><D115/><U64/><E126/><V52/><F127/><W50/><G125/><T4/><D33/><U59/><E118/><V96/><F130/><N who="3" m="50283" /><G117/><T116/><D74/><U13/><E122/><V106/><F96/><N who="3" m="59415" /><G53/><T45/><D116/><U119/><E75/><V60/><F60/><W69/><G69/><T23/><D4/><U18/><E119/><V10/><F24/><W89/><G31/><T37/><D43/><U88/><E108/><V123/><F123/><W93/><G84/><T134/><D134/><U48/><E29/><V38/><F38/><W104/><G104/><T111/><D111/><U121/><E121/><V95/><F106/><W83/><G83/><N who="2" m="31817" /><F79/><W17/><G17/><T98/><D98/><U131/><E131/><V72/><F72/><W124/><G124/><T35/><D35/><U44/><E18/><V15/><F15/><W22/><G22/><T27/><D58/><AGARI ba="0,0" hai="0,2,50,54,58,87,89,93" m="59415,50283" machi="58" ten="30,1000,0" yaku="19,1" doraHai="30" who="3" fromWho="0" sc="330,-10,217,0,312,0,141,10" /><INIT seed="6,0,0,1,1,7" ten="320,217,312,151" oya="2" hai0="34,130,135,6,41,56,115,113,70,79,121,99,35" hai1="62,12,57,125,27,60,49,63,59,81,84,52,89" hai2="48,85,97,2,68,65,133,15,76,94,86,17,11" hai3="33,16,80,64,90,23,26,66,72,119,91,20,127"/><V43/><F133/><W132/><G119/><T106/><D70/><U67/><E125/><V100/><F2/><W4/><G33/><T40/><D121/><U117/><E117/><V46/><REACH who="2" step="1"/><F76/><REACH who="2" ten="320,217,302,151" step="2"/><W116/><G132/><T95/><D79/><U29/><REACH who="1" step="1"/><E12/><REACH who="1" ten="320,207,302,151" step="2"/><V45/><F45/><W10/><G116/><T77/><D135/><U96/><E96/><V22/><F22/><AGARI ba="0,2" hai="22,27,29,49,52,57,59,60,62,63,67,81,84,89" machi="22" ten="30,7700,0" yaku="1,1,7,1,8,1,54,1,53,0" doraHai="7" doraHaiUra="28" who="1" fromWho="2" sc="320,0,207,97,302,-77,151,0" /><INIT seed="7,0,0,3,0,78" ten="320,304,225,151" oya="3" hai0="15,47,74,101,113,17,66,114,80,4,14,65,97" hai1="126,64,10,107,18,42,53,61,19,6,115,50,9" hai2="94,41,106,56,2,20,35,29,82,127,23,120,98" hai3="21,0,95,43,129,7,51,134,38,85,13,119,45"/><W110/><G119/><T8/><D47/><U32/><E107/><V28/><F106/><W52/><G134/><T27/><D27/><U133/><E32/><V75/><F2/><W26/><G0/><T122/><D122/><U57/><E133/><V121/><F127/><W92/><G129/><T112/><D80/><U108/><E108/><V36/><F56/><W71/><G71/><T109/><D74/><U89/><E115/><V84/><F75/><W90/><G110/><T117/><D117/><U99/><E42/><V59/><F59/><W132/><G132/><T40/><D40/><U73/><E73/><V69/><F69/><W3/><G3/><T12/><D109/><U135/><E126/><V46/><F23/><W34/><G34/><T83/><D83/><U55/><E64/><N who="0" m="24681" /><D4/><U49/><E61/><V22/><F22/><W60/><G60/><T16/><D17/><N who="1" m="6155" /><E6/><V116/><F20/><W124/><G124/><T33/><D33/><U54/><E135/><V62/><F62/><W5/><G13/><T103/><D103/><U104/><E104/><AGARI ba="0,0" hai="8,12,14,15,16,97,101,104,112,113,114" m="24681" machi="104" ten="30,3900,0" yaku="15,1,11,1,54,1" doraHai="78" who="0" fromWho="1" sc="320,39,304,-39,225,0,151,0" owari="359,45.9,265,6.5,225,-17.5,151,-34.9" /></mjloggm>