<mjloggm ver="2.3"><GO type="169" lobby="0"/><UN n0="%E3%83%8A%E3%82%AB%E3%81%AB%E3%81%97" n1="%E9%9B%AA%E3%81%AE%E8%8F%AF" n2="%E9%87%A3%E3%82%8A%E6%97%A5%E5%92%8C" n3="%E6%BB%9D%E6%9C%AC%E3%81%B2%E3%81%B5%E3%81%BF%EF%BC%81" dan="17,16,17,16" rate="2234.63,2120.29,2177.95,2183.79" sx="M,F,M,M"/><TAIKYOKU oya="0"/><INIT seed="0,0,0,4,1,2" ten="250,250,250,250" oya="0" hai0="126,133,67,95,31,129,53,42,38,97,9,79,98" hai1="80,134,82,114,46,121,22,73,52,132,4,44,18" hai2="33,7,78,58,86,99,25,50,41,128,48,96,62" hai3="83,131,59,6,1,23,43,26,49,76,100,13,125"/><T47/><D129/><U64/><E121/><V35/><F128/><W87/><G131/><T12/><D133/><N who="1" m="51307" /><E114/><V15/><F35/><W104/><G125/><T106/><D126/><U63/><E73/><V77/><F25/><W0/><G104/><T115/><D115/><U65/><E65/><V61/><F33/><W123/><G123/><T16/><D67/><U19/><E4/><V14/><F86/><W101/><G0/><T88/><D79/><U71/><E18/><V91/><F58/><W130/><G1/><T81/><D81/><N who="1" m="31339" /><E52/><V24/><F24/><AGARI ba="0,0" hai="19,22,24,44,46,63,64,71" m="31339,51307" machi="24" ten="30,1000,0" yaku="20,1" doraHai="2" who="1" fromWho="2" sc="250,0,250,10,250,-10,250,0" /><INIT seed="1,0,0,0,2,28" ten="250,260,240,250" oya="1" hai0="95,3,123,114,116,52,9,57,60,89,91,30,39" hai1="73,36,55,0,11,126,41,1,100,72,12,103,86" hai2="71,90,135,66,31,113,130,80,81,59,47,38,124" hai3="67,78,101,69,8,106,68,121,127,74,46,5,53"/><U42/><E126/><V132/><F71/><W54/><G121/><T62/><D114/><U92/><E55/><V128/><F113/><W43/><G127/><T97/><D116/><U27/><E27/><V70/><F70/><W24/><G106/><T14/><D39/><U75/><E86/><V17/><F17/><W110/><G101/><T16/><D123/><U119/><E119/><V40/><F31/><W109/><G68/><T63/><D3/><U82/><E92/><V29/><F29/><W77/><G24/><T2/><D2/><U102/><E82/><V104/><F104/><W44/><G53/><T122/><D122/><U87/><E87/><N who="2" m="50535" /><F81/><N who="3" m="45239" /><G78/><T49/><REACH who="0" step="1"/><D30/><REACH who="0" ten="240,260,240,250" step="2"/><U45/><REACH who="1" step="1"/><E42/><REACH who="1" ten="240,250,240,250" step="2"/><V13/><F124/><W50/><G109/><T64/><D64/><U108/><E108/><V94/><F66/><W65/><G110/><T23/><D23/><U18/><AGARI ba="0,2" hai="0,1,11,12,18,36,41,45,72,73,75,100,102,103" machi="18" ten="40,3900,0" yaku="1,1,0,1,53,0" doraHai="28" doraHaiUra="115" who="1" fromWho="1" sc="240,-13,250,59,240,-13,250,-13" /><INIT seed="1,1,0,3,5,47" ten="227,309,227,237" oya="1" hai0="5,122,18,7,4,130,70,58,2,103,101,132,45" hai1="94,27,57,46,13,89,127,20,65,117,129,71,26" hai2="83,75,59,39,40,120,21,52,116,125,8,93,0" hai3="60,87,12,86,49,134,56,17,54,44,105,25,104"/><U92/><E117/><V14/><F116/><W61/><G134/><T30/><D70/><U66/><E129/><V42/><F120/><W100/><G25/><T34/><D132/><U24/><E71/><V63/><F125/><W95/><G60/><T19/><D130/><U88/><E127/><V111/><F111/><W69/><G69/><T41/><D122/><U32/><E32/><V76/><F39/><W72/><G72/><T33/><D2/><U81/><E81/><V67/><F93/><N who="1" m="35945" /><E46/><V68/><F21/><W82/><G95/><T1/><D1/><U114/><E114/><V74/><F0/><W3/><G3/><T97/><D58/><U38/><E38/><V108/><F74/><W51/><G100/><T107/><D103/><U135/><E135/><V16/><REACH who="2" step="1"/><F108/><REACH who="2" ten="227,309,217,237" step="2"/><W91/><G86/><T43/><D34/><U53/><E20/><V110/><F110/><W64/><REACH who="3" step="1"/><G49/><AGARI ba="1,1" hai="8,14,16,40,42,49,52,59,63,67,68,75,76,83" machi="49" ten="30,8000,1" yaku="1,1,7,1,52,1,54,2,53,0" doraHai="47" doraHaiUra="131" who="2" fromWho="3" sc="227,0,309,0,217,93,237,-83" /><INIT seed="2,0,0,0,3,98" ten="227,309,310,154" oya="2" hai0="84,15,12,67,13,102,73,126,91,34,79,135,28" hai1="22,131,42,46,58,26,18,49,97,82,6,115,109" hai2="43,32,74,132,81,53,111,96,100,59,93,123,9" hai3="39,127,31,101,66,108,7,116,72,119,1,94,62"/><V75/><F123/><W23/><G108/><T14/><D135/><U63/><E115/><V56/><F32/><W113/><G113/><T27/><D126/><U45/><E109/><V10/><F111/><W129/><G127/><T88/><D67/><U121/><E121/><V21/><F132/><W5/><G129/><T92/><N who="0" m="3072" /><DORA hai="112" /><T57/><D57/><U95/><E131/><V103/><F43/><W118/><G72/><T134/><D134/><U68/><E68/><V55/><F96/><N who="3" m="59543" /><G1/><T8/><D8/><U51/><E82/><V4/><F93/><W0/><G39/><T85/><D73/><U86/><E86/><V99/><F99/><W130/><G0/><T47/><D79/><U77/><E77/><V11/><F11/><W37/><G37/><T60/><D60/><U38/><E6/><V133/><F133/><W117/><G130/><T124/><D124/><U65/><REACH who="1" step="1"/><E46/><REACH who="1" ten="227,299,310,154" step="2"/><V80/><F4/><W30/><N who="3" m="29696" /><DORA hai="17" /><W35/><G35/><T16/><D47/><U69/><E69/><V89/><F89/><AGARI ba="0,1" hai="18,22,26,38,42,45,49,51,58,63,65,89,95,97" machi="89" ten="30,12000,2" yaku="1,1,7,1,52,1,53,4" doraHai="98,112,17" doraHaiUra="44,20,61" who="1" fromWho="2" sc="227,0,299,130,310,-120,154,0" /><INIT seed="3,0,0,5,2,60" ten="227,429,190,154" oya="3" hai0="81,52,131,55,7,79,102,114,112,2,123,25,89" hai1="118,45,99,37,76,26,35,23,106,72,28,113,92" hai2="4,74,85,124,9,86,16,119,108,3,73,63,56" hai3="130,49,103,42,97,43,98,17,53,121,24,36,31"/><W50/><G121/><T105/><D123/><U57/><E113/><N who="0" m="43625" /><D131/><U115/><E115/><V71/><F119/><W126/><G130/><T77/><D25/><U94/><E118/><V75/><F71/><W47/><G126/><T68/><D68/><U61/><E106/><V5/><F124/><W41/><G36/><T104/><D89/><U19/><E76/><N who="0" m="29257" /><D81/><U129/><E72/><V32/><F32/><W67/><G17/><T11/><D102/><U8/><E129/><V39/><F39/><W40/><G103/><T93/><D93/><U109/><E109/><V90/><F108/><W66/><N who="3" m="10240" /><DORA hai="15" /><W100/><G49/><T116/><D116/><U110/><E45/><V18/><F5/><W128/><G128/><T83/><D83/><U29/><E110/><V127/><F127/><W44/><G44/><T0/><D0/><U34/><E37/><V62/><F86/><W84/><G84/><T107/><AGARI ba="0,0" hai="2,7,11,52,55,104,105,107" m="29257,43625" machi="107" ten="40,2700,0" yaku="11,1,54,1" doraHai="60,15" who="0" fromWho="0" sc="227,27,429,-7,190,-7,154,-13" /><INIT seed="4,0,0,2,4,118" ten="254,422,183,141" oya="0" hai0="77,81,105,117,24,15,131,23,21,96,100,95,82" hai1="132,49,14,76,66,126,57,69,134,16,47,36,103" hai2="125,107,91,130,113,41,121,48,51,102,124,45,85" hai3="64,109,20,63,26,12,39,29,108,37,17,53,120"/><T0/><D117/><U111/><E126/><N who="2" m="48747" /><F113/><W88/><G53/><T19/><D0/><U22/><E76/><V18/><F130/><W75/><G75/><T25/><D131/><U78/><E78/><V67/><F67/><W65/><G65/><T54/><D105/><U94/><E69/><V9/><F102/><W127/><G127/><T93/><D93/><U27/><E111/><V87/><F107/><W58/><G108/><T33/><D33/><U52/><E14/><N who="2" m="7503" /><F121/><W110/><G110/><T34/><D34/><U6/><E6/><V2/><F2/><W3/><G109/><T59/><D77/><U72/><E72/><V30/><F30/><W74/><G74/><T31/><REACH who="0" step="1"/><D25/><REACH who="0" ten="244,422,183,141" step="2"/><U71/><E94/><N who="2" m="54639" /><F87/><W56/><G3/><T98/><D98/><U116/><E116/><V79/><F79/><W4/><G88/><T50/><AGARI ba="0,1" hai="15,19,21,23,24,31,50,54,59,81,82,95,96,100" machi="50" ten="20,7800,0" yaku="1,1,0,1,7,1,8,1,53,0" doraHai="118" doraHaiUra="129" who="0" fromWho="0" sc="244,88,422,-26,183,-26,141,-26" /><INIT seed="4,1,0,3,5,75" ten="332,396,157,115" oya="0" hai0="99,108,129,116,132,34,31,109,100,27,5,93,59" hai1="104,28,55,1,125,11,35,2,71,90,33,81,77" hai2="130,49,29,128,120,127,126,70,9,112,41,20,15" hai3="89,97,64,30,57,66,10,39,8,96,79,114,115"/><T4/><D116/><U32/><E71/><V25/><F70/><W73/><G39/><T84/><D129/><N who="2" m="49770" /><F41/><W12/><G30/><T0/><D132/><U83/><E104/><V135/><F49/><W45/><G45/><T14/><D0/><U113/><E125/><N who="2" m="47627" /><F112/><N who="3" m="43051" /><G8/><T124/><D124/><U92/><E113/><V117/><F117/><W101/><G89/><T111/><D14/><U48/><E90/><V56/><F56/><W42/><G42/><T44/><D44/><U85/><E48/><V47/><F47/><W105/><G96/><T24/><D24/><U74/><E55/><V102/><F102/><W50/><G50/><T63/><REACH who="0" step="1"/><D84/><REACH who="0" ten="322,396,157,115" step="2"/><U91/><E1/><V88/><F120/><W19/><G57/><T110/><N who="0" m="27648" /><DORA hai="52" /><T69/><D69/><U61/><E2/><V68/><F68/><W18/><G18/><T46/><D46/><U78/><E85/><V121/><F121/><W26/><G26/><T13/><D13/><U103/><E74/><V58/><F58/><W60/><G60/><T17/><D17/><U131/><E61/><V53/><F15/><W7/><G19/><T119/><D119/><U16/><E16/><V82/><F135/><W40/><G40/><T36/><D36/><U80/><E131/><V72/><F72/><W3/><G3/><T37/><D37/><U87/><E28/><V65/><F29/><W23/><G23/><T123/><D123/><U95/><E11/><V38/><F38/><W67/><G73/><T76/><D76/><AGARI ba="1,1" hai="7,10,12,64,66,67,76,79,97,101,105" m="43051" machi="76" ten="30,3900,0" yaku="15,1,52,2" doraHai="75,52" who="3" fromWho="0" sc="322,-42,396,0,157,0,115,52" /><INIT seed="5,0,0,5,3,63" ten="280,396,157,167" oya="1" hai0="76,61,73,56,83,31,34,129,133,39,33,16,101" hai1="134,84,90,17,28,1,30,127,109,54,14,13,46" hai2="81,120,118,88,114,57,94,98,65,66,123,3,119" hai3="52,23,2,103,135,21,26,43,87,72,108,36,102"/><U86/><E109/><V12/><F3/><W35/><G72/><T80/><D39/><U29/><E127/><V112/><F12/><N who="1" m="4713" /><E1/><V115/><F57/><W121/><G2/><T58/><D129/><U100/><E100/><V70/><F70/><W67/><G121/><N who="2" m="46665" /><F81/><W60/><G108/><T7/><D7/><U99/><E134/><V128/><F128/><W38/><G135/><T64/><D133/><U44/><E17/><V20/><F20/><W4/><G4/><T110/><D110/><U130/><E54/><V74/><F74/><W69/><G35/><T9/><D101/><U0/><E0/><V10/><F10/><W113/><G21/><T27/><D34/><U37/><E37/><V25/><F25/><W19/><G113/><N who="2" m="28929" /><V92/><DORA hai="132" /><F92/><W82/><G36/><T106/><D9/><U71/><E71/><V77/><F77/><W47/><REACH who="3" step="1"/><G52/><REACH who="3" ten="280,396,157,157" step="2"/><T59/><D33/><U111/><E130/><V75/><F75/><W42/><G42/><T117/><D73/><U18/><E111/><V41/><F41/><W6/><G6/><T40/><D40/><U78/><E30/><V116/><AGARI ba="0,1" hai="65,66,88,94,98,116,118,119" m="28929,46665" machi="116" ten="50,8000,1" yaku="15,1,11,1,52,2,54,1" doraHai="63,132" who="2" fromWho="2" sc="280,-20,396,-40,157,90,157,-20" /><INIT seed="6,0,0,3,5,48" ten="260,356,247,137" oya="2" hai0="68,17,23,113,114,85,107,49,62,102,0,131,47" hai1="40,128,103,115,99,74,25,51,27,44,42,38,67" hai2="63,88,50,92,28,30,71,70,120,65,54,39,22" hai3="86,135,36,91,37,66,100,121,41,101,3,4,98"/><V33/><F120/><W14/><G121/><T24/><D0/><U7/><E74/><V80/><F33/><W64/><G3/><T57/><D131/><U123/><E115/><N who="0" m="44041" /><D68/><U82/><E128/><V124/><F124/><W134/><G4/><T109/><D109/><U61/><E123/><V129/><F129/><W9/><G9/><T45/><D85/><U59/><E7/><V116/><F116/><W60/><G14/><T125/><D125/><U31/><E82/><V126/><F126/><W84/><G60/><T32/><D32/><U56/><E25/><V83/><F39/><W95/><G41/><T8/><D8/><U11/><E11/><V87/><F71/><W119/><G98/><N who="0" m="61911" /><D49/><U1/><E1/><V81/><REACH who="2" step="1"/><F22/><REACH who="2" ten="260,356,237,137" step="2"/><W6/><G6/><T75/><D75/><U16/><E38/><V12/><F12/><W122/><G122/><T20/><D20/><N who="1" m="13703" /><E31/><V35/><F35/><W26/><G26/><T19/><D19/><U2/><E2/><V90/><F90/><W110/><G91/><T46/><D24/><U117/><E117/><V55/><F55/><W29/><G119/><T96/><D23/><U18/><E18/><V118/><F118/><W93/><REACH who="3" step="1"/><G29/><REACH who="3" ten="260,356,237,127" step="2"/><T34/><D17/><U52/><E40/><V97/><F97/><W43/><G43/><T130/><D96/><U53/><E99/><V105/><F105/><W10/><G10/><T73/><D130/><U111/><E111/><AGARI ba="0,2" hai="36,37,64,66,84,86,93,95,100,101,110,111,134,135" machi="111" ten="25,3200,0" yaku="1,1,22,2,53,0" doraHai="48" doraHaiUra="94" who="3" fromWho="1" sc="260,0,356,-32,237,0,127,52" /><INIT seed="7,0,0,5,3,121" ten="260,324,237,179" oya="3" hai0="81,57,53,52,32,93,19,18,98,70,114,24,6" hai1="125,61,134,113,130,85,92,119,3,44,102,108,49" hai2="28,76,34,67,71,5,66,37,11,80,50,77,30" hai3="29,12,117,75,97,58,111,38,133,79,112,7,23"/><W36/><G117/><T17/><D70/><U120/><E61/><V42/><F37/><W74/><G112/><T13/><D114/><U8/><E102/><V129/><F129/><W135/><G97/><T27/><D32/><U110/><E92/><V104/><F104/><W131/><G131/><T101/><D81/><U48/><E85/><V99/><F99/><W109/><G58/><T100/><D100/><U91/><E91/><V35/><F35/><W62/><G62/><N who="0" m="36135" /><D53/><U72/><E49/><V51/><F34/><W83/><G74/><T124/><D124/><U95/><E48/><V88/><F51/><W82/><G82/><T132/><D132/><N who="3" m="50761" /><G29/><T107/><D107/><U94/><E95/><V2/><F30/><W84/><G75/><T60/><D60/><U96/><E94/><V26/><F71/><W63/><G63/><T87/><D87/><U40/><E96/><V123/><F67/><W128/><G128/><T73/><D73/><U45/><E119/><V1/><F66/><W20/><G38/><T43/><D43/><U31/><E72/><V105/><F105/><W126/><G126/><T41/><D41/><U103/><E125/><V4/><F42/><W14/><G36/><T15/><D15/><N who="3" m="5673" /><G7/><T90/><D101/><U78/><E103/><V33/><F50/><W56/><G56/><T118/><D118/><U54/><E40/><V25/><F28/><W86/><G86/><T9/><AGARI ba="0,0" hai="6,9,13,17,18,19,24,27,90,93,98" m="36135" machi="9" ten="30,2000,0" yaku="8,1,54,1" doraHai="121" who="0" fromWho="0" sc="260,20,324,-5,237,-5,179,-10" owari="280,8.0,319,41.9,232,-16.8,169,-33.1" /></mjloggm>