<mjloggm ver="2.3"><GO type="169" lobby="0"/><UN n0="%E4%BA%BA%E5%8F%82%E5%BD%B9%E8%80%85%E3%81%8F%E3%82%93" n1="%E3%81%9B%E3%81%A9%E3%81%AA%E3%82%8A%E3%81%82%E3%82%93" n2="%E4%BA%BA%E5%93%81%E3%81%AA%E3%81%97" n3="%E3%83%97%E3%83%AC%E3%82%B9%E3%83%97" dan="17,17,17,16" rate="2161.86,2167.26,2193.58,2175.02" sx="M,F,M,M"/><TAIKYOKU oya="0"/><INIT seed="0,0,0,2,0,100" ten="250,250,250,250" oya="0" hai0="7,63,42,47,86,62,107,88,75,111,0,90,118" hai1="53,112,98,78,131,67,30,28,33,82,127,25,132" hai2="31,72,125,101,95,117,29,24,59,104,55,23,38" hai3="5,1,91,56,16,103,12,22,13,65,83,32,50"/><T3/><D118/><U37/><E37/><V10/><F125/><W14/><G32/><T43/><D75/><U58/><E127/><V8/><F117/><W71/><G71/><T4/><D86/><U130/><E67/><V109/><F109/><W89/><G103/><T115/><D47/><U87/><E132/><V20/><F72/><W113/><G113/><T93/><D93/><U68/><E68/><V119/><F38/><W84/><G91/><T96/><D96/><U46/><E46/><V61/><F104/><W106/><G106/><T114/><REACH who="0" step="1"/><D107/><REACH who="0" ten="240,250,250,250" step="2"/><U108/><E98/><N who="2" m="59615" /><F119/><W15/><G5/><T2/><D2/><U116/><E116/><V123/><F123/><W57/><G1/><T44/><D44/><U60/><E87/><V19/><F31/><W66/><REACH who="3" step="1"/><G57/><REACH who="3" ten="240,250,250,240" step="2"/><T6/><D6/><U45/><E58/><V54/><F59/><W135/><G135/><T26/><D26/><U11/><E25/><V70/><F70/><W52/><AGARI ba="0,2" hai="12,13,14,15,16,22,50,52,56,65,66,83,84,89" machi="52" ten="30,8000,1" yaku="1,1,0,1,8,1,54,2,53,0" doraHai="100" doraHaiUra="99" who="3" fromWho="3" sc="240,-40,250,-20,250,-20,240,100" /><INIT seed="1,0,0,5,4,68" ten="200,230,230,340" oya="1" hai0="132,130,117,61,52,53,129,51,87,26,67,88,21" hai1="86,93,125,73,107,28,18,121,74,9,108,48,40" hai2="6,8,126,69,106,57,65,75,109,22,120,98,101" hai3="41,5,42,43,47,114,20,102,4,66,84,116,99"/><U80/><E107/><V25/><F109/><W29/><G114/><T95/><D117/><U32/><E121/><V105/><F126/><W17/><G116/><T24/><D132/><U46/><E125/><V49/><F120/><W56/><G84/><T27/><D21/><U12/><E108/><V135/><F135/><W70/><G47/><T63/><D63/><U96/><E32/><V85/><F75/><W34/><G70/><T7/><D7/><U36/><E28/><V79/><F69/><W77/><G77/><T44/><REACH who="0" step="1"/><D53/><REACH who="0" ten="190,230,230,340" step="2"/><U133/><E133/><V134/><F134/><W58/><G34/><T127/><D127/><U59/><E59/><AGARI ba="0,1" hai="24,26,27,44,51,52,59,61,67,87,88,95,129,130" machi="59" ten="40,8000,1" yaku="1,1,54,2,53,1" doraHai="68" doraHaiUra="45" who="0" fromWho="1" sc="190,90,230,-80,230,0,340,0" /><INIT seed="2,0,0,4,2,46" ten="280,150,230,340" oya="2" hai0="104,17,28,109,68,67,14,38,124,91,110,21,78" hai1="101,123,5,84,112,76,40,69,31,11,83,98,120" hai2="113,24,19,74,118,36,13,70,57,122,135,63,92" hai3="131,114,129,1,6,33,102,43,82,4,85,25,105"/><V111/><F118/><W35/><G114/><T95/><D104/><U42/><E69/><V97/><F122/><N who="1" m="46633" /><E31/><V7/><F113/><W9/><G6/><T99/><D38/><U133/><E133/><V71/><F135/><W64/><G43/><T125/><D78/><U87/><E87/><V100/><F36/><W93/><G105/><T47/><D28/><U80/><E80/><V107/><F74/><W30/><G35/><T77/><D77/><U106/><E112/><V48/><F48/><W126/><G64/><T26/><D26/><U18/><E18/><V29/><F7/><W8/><G8/><T56/><D68/><U15/><AGARI ba="0,0" hai="5,11,15,40,42,76,83,84,98,101,106" m="46633" machi="15" ten="30,1100,0" yaku="13,1" doraHai="46" who="1" fromWho="1" sc="280,-3,150,11,230,-5,340,-3" /><INIT seed="3,0,0,5,4,87" ten="277,161,225,337" oya="3" hai0="118,52,129,45,22,116,98,94,134,131,21,44,63" hai1="79,64,25,66,59,10,123,93,106,5,7,57,83" hai2="76,54,27,75,14,9,84,42,81,113,37,17,78" hai3="111,85,109,55,132,97,18,115,56,20,6,12,90"/><W112/><G6/><T2/><D2/><U100/><E106/><V117/><F113/><W128/><G97/><T23/><D134/><U62/><E123/><V40/><F117/><W24/><G132/><T122/><D122/><U43/><E43/><V121/><F121/><W104/><G104/><T0/><D0/><U125/><E125/><V26/><F75/><W120/><G120/><T127/><D127/><U80/><E25/><V47/><F78/><W77/><G77/><T11/><D11/><U70/><E70/><V73/><F73/><W65/><G65/><T102/><D44/><U101/><E79/><V108/><F108/><N who="3" m="41547" /><G24/><T92/><D94/><U86/><E93/><V60/><F40/><W103/><G103/><T67/><D67/><U130/><E86/><V28/><F28/><W35/><G35/><T69/><D69/><U99/><E99/><V110/><F110/><W126/><G128/><N who="0" m="49227" /><D63/><U74/><E74/><V68/><F68/><W124/><G124/><T15/><D15/><U41/><E130/><V31/><F31/><W19/><G19/><T36/><D36/><U33/><E33/><V50/><F60/><N who="3" m="35871" /><G126/><T51/><AGARI ba="0,0" hai="21,22,23,45,51,52,92,98,102,116,118" m="49227" machi="51" ten="40,2700,0" yaku="19,1,54,1" doraHai="87" who="0" fromWho="0" sc="277,27,161,-7,225,-7,337,-13" /><INIT seed="4,0,0,4,4,20" ten="304,154,218,324" oya="0" hai0="62,14,105,63,0,125,8,11,4,39,133,84,56" hai1="64,3,112,128,10,27,104,7,47,61,17,13,76" hai2="59,74,21,51,85,95,60,19,109,72,81,12,131" hai3="18,29,53,132,41,94,5,118,45,111,106,50,38"/><T116/><D125/><U78/><E104/><V6/><F109/><W52/><G106/><T66/><D116/><U32/><E128/><V15/><F131/><W107/><G107/><T124/><D124/><U36/><E112/><V58/><F74/><W31/><G111/><T121/><D121/><U67/><E67/><V16/><F72/><W119/><G132/><T68/><D105/><U97/><E97/><V33/><F33/><W113/><G113/><T2/><D39/><U82/><E47/><V91/><F6/><W48/><G5/><T23/><D133/><U102/><E102/><V129/><F129/><W87/><G18/><T114/><D84/><U130/><E36/><V34/><F34/><W44/><G94/><T103/><D103/><U80/><E78/><V77/><F51/><W79/><G87/><T40/><D40/><U22/><E76/><V120/><F120/><W92/><G92/><T71/><D114/><U93/><E93/><V69/><F69/><W134/><G79/><T100/><D100/><U26/><E130/><V9/><REACH who="2" step="1"/><F60/><REACH who="2" ten="304,154,208,324" step="2"/><W115/><G134/><T99/><D63/><U25/><REACH who="1" step="1"/><E32/><REACH who="1" ten="304,144,208,324" step="2"/><V54/><F54/><W101/><G115/><T96/><D71/><AGARI ba="0,2" hai="3,7,10,13,17,22,25,26,27,61,64,71,80,82" machi="71" ten="40,8000,1" yaku="1,1,2,1,52,3,53,0" doraHai="20" doraHaiUra="75" who="1" fromWho="0" sc="304,-80,144,100,208,0,324,0" /><INIT seed="5,0,0,5,2,101" ten="224,244,208,324" oya="1" hai0="118,40,86,29,92,122,15,16,58,55,17,104,53" hai1="30,100,71,25,120,88,21,69,8,47,54,62,73" hai2="83,81,95,106,127,102,78,70,96,37,43,123,9" hai3="97,28,68,24,79,50,19,109,49,3,5,63,1"/><U132/><E120/><V90/><F123/><W124/><G109/><T134/><D122/><U61/><E73/><V33/><F127/><W94/><G124/><T112/><D118/><U115/><E115/><V60/><F33/><W34/><G79/><T59/><D112/><U113/><E113/><V44/><F78/><W18/><G5/><T10/><D134/><U121/><E121/><V12/><F60/><W133/><G133/><T41/><D29/><U38/><E132/><V82/><F70/><W80/><G80/><T22/><D104/><U0/><E100/><V51/><F37/><W13/><G19/><T36/><D36/><U91/><E71/><V111/><F111/><W77/><G77/><T128/><D128/><U107/><E107/><V66/><F66/><W87/><G87/><T4/><D17/><U14/><E0/><V52/><F43/><W84/><G84/><T32/><D32/><U85/><E91/><V93/><REACH who="2" step="1"/><F90/><REACH who="2" ten="224,244,198,324" step="2"/><W26/><G63/><T57/><D41/><U114/><E114/><V2/><F2/><W46/><G68/><T23/><D40/><U99/><E38/><V74/><F74/><W110/><G110/><T65/><D65/><U126/><E126/><V130/><F130/><W125/><G125/><T116/><D116/><U48/><E69/><V135/><F135/><W64/><G64/><T76/><D76/><U20/><E61/><V119/><F119/><W103/><G3/><N who="0" m="287" /><D23/><U117/><E21/><V131/><F131/><W45/><G1/><T56/><N who="0" m="14336" /><DORA hai="108" /><T105/><D105/><U129/><E117/><V75/><F75/><RYUUKYOKU ba="0,1" sc="224,15,244,-15,198,15,324,-15" hai0="15,16,22,53,55,86,92" hai2="9,12,44,51,52,81,82,83,93,95,96,102,106" /><INIT seed="6,1,1,2,1,11" ten="239,229,213,309" oya="2" hai0="52,31,50,101,91,111,14,104,127,19,71,130,53" hai1="65,8,100,2,22,78,43,124,126,94,74,93,45" hai2="77,0,102,27,90,32,95,132,42,114,109,69,26" hai3="38,29,107,30,81,40,51,58,1,128,18,3,4"/><V68/><F114/><W9/><G128/><T36/><D111/><U73/><E65/><V85/><F109/><W56/><G107/><T106/><D36/><U13/><E2/><V10/><F132/><W64/><G3/><T62/><D130/><U24/><E78/><V97/><F77/><W70/><G70/><T60/><D127/><N who="1" m="48683" /><E100/><V23/><F42/><W131/><G131/><T89/><D31/><N who="1" m="17815" /><E74/><V33/><F69/><W121/><G64/><T108/><D108/><U20/><E20/><V115/><F68/><W110/><G121/><T7/><D101/><U116/><E73/><V98/><F98/><W135/><G135/><T92/><D91/><U59/><E59/><V118/><F118/><W123/><G56/><T99/><D71/><U25/><E25/><V35/><F23/><W83/><G58/><T54/><D106/><U120/><E120/><V103/><F103/><W75/><G123/><T86/><D104/><U47/><E47/><V117/><F117/><W79/><G110/><T96/><D96/><U129/><E129/><V17/><F115/><W113/><G113/><T119/><D99/><U49/><E116/><V84/><F84/><W67/><G67/><T55/><D119/><U112/><E112/><V44/><F44/><N who="3" m="25991" /><G75/><T37/><D62/><U57/><E57/><V63/><F63/><W34/><G34/><T28/><D60/><U15/><E8/><V48/><F0/><W61/><G61/><T5/><D28/><N who="3" m="10857" /><G79/><T6/><D86/><U80/><E80/><N who="3" m="30794" /><G38/><T134/><D37/><U12/><AGARI ba="1,1" hai="12,13,15,43,45,49,93,94" m="17815,48683" machi="12" ten="30,7900,0" yaku="18,1,52,3" doraHai="11" who="1" fromWho="1" sc="239,-21,229,92,213,-40,309,-21" /><INIT seed="7,0,0,3,4,63" ten="218,321,173,288" oya="3" hai0="73,104,55,90,77,41,50,29,100,24,113,27,69" hai1="119,18,118,12,4,3,62,21,28,81,106,58,31" hai2="25,122,79,33,68,109,14,15,85,80,130,35,32" hai3="78,107,133,61,99,7,115,132,95,111,1,120,135"/><W40/><G120/><T126/><D126/><U86/><E106/><V88/><F109/><W8/><G111/><T51/><D69/><U30/><E3/><V42/><F130/><W98/><G115/><T72/><D77/><U45/><E45/><V97/><F122/><W84/><G40/><T13/><D90/><U105/><E105/><V91/><F42/><W112/><G112/><T121/><D13/><U108/><E108/><V89/><F97/><W94/><G107/><T71/><D71/><U82/><E4/><V52/><F68/><W66/><G78/><T16/><D55/><N who="1" m="34143" /><E86/><V128/><F128/><W123/><G123/><T46/><D27/><U96/><E96/><N who="3" m="36906" /><G84/><T57/><D57/><AGARI ba="0,0" hai="1,7,8,57,61,66,94,95,132,133,135" m="36906" machi="57" ten="30,2900,0" yaku="20,1,52,1" doraHai="63" who="3" fromWho="0" sc="218,-29,321,0,173,0,288,29" /><INIT seed="7,1,0,3,1,103" ten="189,321,173,317" oya="3" hai0="66,117,45,108,84,11,38,36,76,104,3,116,23" hai1="73,14,107,110,28,106,118,10,50,98,43,95,134" hai2="119,89,41,18,61,25,127,42,33,1,49,56,96" hai3="54,92,83,122,16,58,22,135,99,94,39,93,52"/><W59/><G122/><T30/><D66/><U71/><E110/><V44/><F119/><W21/><G39/><N who="0" m="14891" /><D45/><U109/><E109/><V67/><F127/><W132/><G83/><T101/><D84/><U51/><E134/><N who="3" m="51242" /><G99/><N who="0" m="61503" /><D23/><N who="3" m="8713" /><G16/><T34/><D76/><U75/><E71/><V46/><F1/><W40/><G40/><N who="2" m="15465" /><F33/><W24/><G24/><N who="0" m="18759" /><D108/><U97/><E97/><V79/><F79/><W87/><G87/><T60/><D60/><U125/><E98/><V0/><F0/><W70/><G70/><T19/><D19/><U12/><E43/><N who="2" m="24735" /><F18/><W80/><G80/><T53/><D53/><AGARI ba="1,0" hai="52,53,54,58,59,92,93,94" m="8713,51242" machi="53" ten="40,12000,1" yaku="28,2,20,1,54,1" doraHai="103" who="3" fromWho="0" sc="189,-123,321,0,173,0,317,123" owari="66,-43.4,321,12.1,173,-22.7,440,54.0" /></mjloggm>