<mjloggm ver="2.3"><GO type="169" lobby="0"/><UN n0="%68%61%6B%75%30%37" n1="%E3%81%AF%E3%81%84%E3%82%8C%E3%81%AB%E3%82%83%E3%82%93" n2="%E3%81%A6%E3%82%93%E3%81%8F%E3%81%86" n3="%E3%81%94%E3%83%BC%E3%81%A9%E3%82%93" dan="17,16,16,16" rate="2189.28,2051.12,2179.56,2087.92" sx="M,M,M,M"/><TAIKYOKU oya="0"/><INIT seed="0,0,0,2,4,41" ten="250,250,250,250" oya="0" hai0="109,74,52,54,48,44,49,119,100,8,93,32,28" hai1="65,17,86,114,94,46,116,16,69,77,82,5,50" hai2="37,97,111,90,75,80,57,18,11,68,96,135,115" hai3="2,21,83,120,112,20,127,95,60,30,126,35,113"/><T14/><D119/><U101/><E116/><V131/><F68/><W36/><G36/><T99/><D74/><U132/><E132/><V73/><F37/><W89/><G2/><T53/><D109/><U87/><E114/><V39/><F39/><W51/><G120/><T42/><D32/><U98/><E5/><V33/><F33/><W25/><G60/><T24/><D24/><U26/><E26/><V61/><F111/><W67/><G67/><T9/><D28/><U108/><E108/><V117/><F117/><W103/><G103/><T47/><D8/><U71/><E87/><V72/><F131/><W129/><G83/><T128/><D128/><U43/><REACH who="1" step="1"/><E71/><REACH who="1" ten="250,240,250,250" step="2"/><V104/><F135/><W102/><G129/><T0/><D0/><U12/><E12/><V62/><F115/><W118/><G118/><T19/><AGARI ba="0,1" hai="9,14,19,42,44,47,48,49,52,53,54,93,99,100" machi="19" ten="20,18000,2" yaku="0,1,7,1,8,1,52,2,54,1" doraHai="41" who="0" fromWho="0" sc="250,190,240,-60,250,-60,250,-60" /><INIT seed="0,1,0,3,5,90" ten="440,180,190,190" oya="0" hai0="126,108,51,16,92,26,12,54,119,87,76,44,37" hai1="62,56,53,91,42,45,88,3,120,129,60,48,47" hai2="72,64,78,65,63,130,124,21,113,14,9,107,100" hai3="75,58,83,106,18,102,33,38,46,61,4,27,94"/><T128/><D119/><U29/><E120/><V104/><F113/><W116/><G116/><T127/><D128/><U15/><E3/><V82/><F130/><W122/><G122/><T117/><D117/><U86/><E129/><V0/><F124/><N who="0" m="47658" /><D108/><U1/><E1/><V24/><F0/><W30/><G106/><T52/><D37/><U66/><E29/><V43/><F43/><W36/><G4/><T131/><D26/><U95/><E15/><V25/><F65/><W111/><G111/><T40/><D131/><U49/><E91/><V10/><F10/><W84/><G75/><T80/><D92/><U135/><REACH who="1" step="1"/><E62/><REACH who="1" ten="440,170,190,190" step="2"/><V11/><F63/><W85/><G61/><T7/><D7/><U97/><E97/><V5/><F5/><W118/><G30/><T69/><D69/><U132/><AGARI ba="1,1" hai="42,45,47,48,49,53,56,60,66,86,88,95,132,135" machi="132" ten="30,7900,0" yaku="1,1,0,1,52,1,54,1,53,0" doraHai="90" doraHaiUra="133" who="1" fromWho="1" sc="440,-40,170,92,190,-21,190,-21" /><INIT seed="1,0,0,3,0,20" ten="400,262,169,169" oya="1" hai0="60,65,97,87,52,122,92,30,54,22,78,117,126" hai1="19,29,55,39,116,51,121,70,68,64,66,124,80" hai2="18,79,26,101,133,102,109,38,43,8,85,113,135" hai3="77,13,62,76,28,6,129,110,63,111,58,44,24"/><U107/><E107/><V89/><F79/><W81/><G129/><T3/><D3/><U96/><E116/><V134/><F109/><W34/><G62/><T108/><D117/><U67/><E121/><V83/><F113/><W88/><G44/><T104/><D108/><N who="3" m="41513" /><G6/><T5/><D5/><U56/><E124/><V120/><F120/><W31/><G13/><T4/><D4/><U93/><E39/><V90/><F90/><W23/><G31/><T33/><D33/><U94/><E29/><V45/><F8/><W59/><G34/><T50/><D104/><U21/><E94/><V1/><F1/><W82/><G59/><N who="0" m="37023" /><D126/><U41/><E80/><N who="3" m="30826" /><G88/><N who="0" m="55431" /><D122/><U84/><E41/><V119/><F119/><W99/><G99/><T12/><D12/><U47/><E70/><V86/><F86/><W72/><G72/><T9/><D9/><U46/><E84/><V53/><F53/><AGARI ba="0,0" hai="23,24,28,53,58,63,76,77" m="30826,41513" machi="53" ten="30,2000,0" yaku="14,1,52,1" doraHai="20" who="3" fromWho="2" sc="400,0,262,0,169,-20,169,20" /><INIT seed="2,0,0,2,5,124" ten="400,262,149,189" oya="2" hai0="67,134,103,109,15,3,6,85,64,80,10,90,40" hai1="89,112,68,32,123,11,41,102,42,60,13,29,126" hai2="30,12,127,100,101,5,56,28,119,58,74,33,17" hai3="19,27,7,62,77,106,37,43,110,73,96,21,63"/><V38/><F127/><W72/><G110/><T69/><D109/><U4/><E112/><V44/><F74/><W114/><G114/><T2/><D134/><U66/><E126/><V20/><F119/><W135/><G135/><T131/><D103/><U87/><E123/><V16/><F33/><W121/><G121/><T117/><D117/><U82/><E32/><V83/><F38/><W95/><G106/><T107/><D107/><U93/><E29/><N who="2" m="11371" /><F5/><W70/><G7/><T61/><D131/><U50/><E50/><V49/><F83/><W79/><G72/><T46/><D67/><U130/><E130/><V86/><F86/><W94/><G94/><T47/><D47/><U48/><E48/><AGARI ba="0,0" hai="2,3,6,10,15,40,46,48,61,64,69,80,85,90" machi="48" ten="30,1000,0" yaku="7,1" doraHai="124" who="0" fromWho="1" sc="400,10,262,-10,149,0,189,0" /><INIT seed="3,0,0,5,4,107" ten="410,252,149,189" oya="3" hai0="105,83,106,88,113,101,134,74,115,34,53,54,129" hai1="80,18,94,23,71,123,47,133,27,37,78,116,118" hai2="110,39,41,59,48,111,85,22,2,73,87,10,119" hai3="126,127,25,15,104,76,108,16,97,122,4,1,49"/><W51/><G122/><T6/><D34/><U8/><E123/><V100/><F119/><N who="1" m="45609" /><E133/><V64/><F39/><W40/><G40/><T31/><D31/><U130/><E130/><V112/><F112/><N who="0" m="43082" /><D134/><U125/><E125/><V102/><F22/><W117/><G117/><T42/><D129/><U109/><E109/><N who="2" m="41483" /><F73/><W20/><G76/><N who="0" m="44439" /><D42/><U35/><E71/><V60/><F41/><W32/><G108/><T91/><D6/><U9/><E37/><V46/><F46/><W114/><G114/><T55/><D101/><N who="2" m="39018" /><F48/><W92/><G126/><T121/><D121/><U28/><E47/><V120/><F120/><W70/><G127/><T52/><N who="0" m="13312" /><DORA hai="98" /><T72/><D72/><N who="1" m="43079" /><E94/><V30/><F30/><N who="3" m="19535" /><G104/><AGARI ba="0,0" hai="88,91,104,105,106" m="13312,44439,43082" machi="104" ten="50,8000,1" yaku="11,1,52,1,54,2" doraHai="107,98" who="0" fromWho="3" sc="410,80,252,0,149,0,189,-80" /><INIT seed="4,0,0,3,0,13" ten="490,252,149,109" oya="0" hai0="87,76,85,58,118,41,12,123,28,124,98,23,11" hai1="33,121,31,66,17,112,110,22,48,71,114,116,119" hai2="14,62,127,24,26,2,135,53,130,101,51,29,90" hai3="46,67,95,104,132,35,64,19,74,134,68,49,103"/><T80/><D118/><N who="1" m="45099" /><E66/><V3/><F135/><W108/><G104/><T69/><D69/><U84/><E71/><V94/><F130/><W111/><G74/><T105/><D123/><U92/><E48/><V10/><F127/><W102/><G35/><T120/><D120/><U70/><E70/><V47/><F62/><W91/><G68/><T39/><D124/><U109/><E121/><V122/><F101/><W15/><G108/><T97/><D105/><U4/><E4/><V44/><F44/><W30/><G30/><T34/><D34/><U93/><E84/><V59/><F47/><W5/><G111/><N who="1" m="42506" /><E31/><V133/><F122/><W113/><G113/><N who="1" m="43626" /><E33/><V37/><F51/><W100/><G5/><T43/><D58/><U61/><E61/><V65/><F65/><W20/><G134/><T72/><D85/><U79/><E79/><V63/><F59/><W56/><G56/><T25/><D72/><U32/><E32/><V89/><F63/><W55/><REACH who="3" step="1"/><G132/><REACH who="3" ten="490,252,149,99" step="2"/><T42/><D39/><U45/><E45/><V7/><F133/><W106/><G106/><T126/><D126/><U128/><E128/><V88/><F37/><W8/><G8/><T99/><D11/><U16/><E22/><V57/><F10/><W54/><G54/><T75/><D75/><U27/><E27/><V129/><F24/><W21/><G21/><T18/><D28/><U82/><E82/><V73/><F29/><W131/><G131/><T1/><D25/><U36/><E36/><V83/><F129/><W115/><G115/><T125/><D125/><U40/><E40/><V77/><F73/><RYUUKYOKU ba="0,1" sc="490,10,252,10,149,-30,99,10" hai0="1,12,18,23,41,42,43,76,80,87,97,98,99" hai1="16,17,92,93" hai3="15,19,20,46,49,55,64,67,91,95,100,102,103" /><INIT seed="4,1,1,3,0,64" ten="500,262,119,109" oya="0" hai0="22,81,132,11,62,98,89,99,117,63,58,126,3" hai1="28,65,100,120,134,61,87,78,106,94,113,67,122" hai2="135,0,25,48,37,108,7,102,42,97,82,53,101" hai3="15,68,131,14,54,109,111,95,60,90,5,45,77"/><T34/><D34/><U69/><E134/><V83/><F135/><W38/><G77/><T130/><D132/><U84/><E113/><V118/><F108/><W49/><G131/><T116/><D130/><U50/><E87/><V2/><F25/><W73/><G73/><T21/><D3/><U57/><E106/><V12/><F37/><W110/><G38/><T71/><D11/><U79/><E79/><V66/><F66/><W39/><G39/><T36/><D36/><U76/><E76/><V40/><F48/><W128/><G128/><T124/><D58/><U19/><E28/><V13/><F53/><W30/><G30/><T103/><D89/><U32/><E32/><V115/><F97/><W8/><G60/><T104/><D104/><U88/><E78/><V59/><F59/><W16/><G68/><T47/><D103/><U107/><E67/><V123/><F7/><W18/><REACH who="3" step="1"/><G15/><REACH who="3" ten="500,262,119,99" step="2"/><T125/><D125/><U112/><E69/><V24/><F24/><W129/><G129/><T20/><D71/><U4/><E61/><V75/><F75/><W70/><G70/><T6/><D62/><U56/><E65/><V35/><F12/><W86/><AGARI ba="1,2" hai="5,8,14,16,18,45,49,54,86,90,95,109,110,111" machi="86" ten="30,7900,0" yaku="1,1,0,1,54,1,53,1" doraHai="64" doraHaiUra="85" who="3" fromWho="3" sc="500,-40,262,-21,119,-21,99,102" /><INIT seed="5,0,0,1,2,102" ten="460,241,98,201" oya="1" hai0="15,126,52,21,1,85,41,53,110,101,73,57,75" hai1="94,8,109,108,86,20,125,105,5,50,78,14,34" hai2="106,111,95,7,2,36,77,68,100,79,35,71,58" hai3="72,69,22,44,45,3,121,80,27,23,16,32,74"/><U97/><E34/><V38/><F58/><W66/><G121/><T91/><D110/><N who="1" m="42603" /><E125/><V82/><F111/><W4/><G32/><T42/><D1/><U56/><E20/><V40/><F95/><W113/><G113/><T49/><D126/><U33/><E33/><V123/><F35/><W83/><G3/><T87/><D73/><U119/><E119/><V93/><F93/><W90/><G4/><T127/><D75/><U89/><E50/><V62/><F123/><W25/><G90/><T30/><D127/><U118/><E56/><V131/><F131/><W112/><G112/><T37/><D37/><U12/><E12/><V96/><F77/><W24/><G24/><T9/><D53/><U135/><E135/><V98/><F98/><W18/><G66/><T103/><D21/><U28/><E28/><V76/><F76/><W70/><AGARI ba="0,0" hai="16,18,22,23,25,27,44,45,69,70,72,74,80,83" machi="70" ten="25,6400,0" yaku="0,1,22,2,54,1" doraHai="102" who="3" fromWho="3" sc="460,-16,241,-32,98,-16,201,64" /><INIT seed="6,0,0,1,0,2" ten="444,209,82,265" oya="2" hai0="65,53,61,48,0,80,15,104,29,132,49,51,20" hai1="134,26,113,44,17,122,116,31,22,38,114,127,25" hai2="6,19,46,27,70,123,105,92,52,130,10,47,100" hai3="39,4,68,71,103,75,126,23,96,91,16,13,101"/><V81/><F70/><W64/><G75/><T21/><D0/><U124/><E38/><V60/><F105/><W73/><G39/><T109/><D109/><U3/><E44/><V11/><F130/><W9/><G126/><N who="1" m="48170" /><E116/><V99/><F123/><W67/><G73/><T42/><D20/><N who="1" m="15815" /><E134/><V135/><F135/><W95/><G68/><T57/><D61/><U14/><E3/><V85/><F27/><N who="3" m="14823" /><G71/><T125/><D57/><U34/><E122/><V115/><F115/><N who="1" m="44041" /><E34/><V117/><F117/><W128/><G128/><T133/><D125/><U119/><E119/><V43/><F43/><W93/><G103/><T79/><D42/><U82/><E82/><V111/><F111/><W83/><G83/><T121/><D80/><U7/><E7/><V55/><F19/><W120/><G120/><T12/><D121/><U112/><E112/><V1/><F11/><W50/><G50/><T129/><D48/><U5/><E5/><V110/><F110/><W56/><G56/><T107/><D49/><U86/><E86/><AGARI ba="0,0" hai="4,9,13,64,67,86,91,93,95,96,101" m="14823" machi="86" ten="30,3900,0" yaku="8,1,52,1,54,1" doraHai="2" who="3" fromWho="1" sc="444,0,209,-39,82,0,265,39" /><INIT seed="7,0,0,0,2,114" ten="444,170,82,304" oya="3" hai0="76,30,25,46,94,61,105,78,74,125,89,23,111" hai1="5,95,106,84,24,103,102,13,47,66,1,107,75" hai2="50,71,90,49,122,80,3,79,42,44,33,12,85" hai3="134,135,18,124,101,113,120,118,7,10,40,22,34"/><W108/><G40/><T83/><D111/><U112/><E75/><V28/><F122/><W37/><G37/><T20/><D125/><U57/><E1/><V69/><F3/><N who="3" m="383" /><G101/><T119/><D119/><U17/><E112/><V127/><F127/><W19/><G124/><T131/><D131/><U63/><E107/><V38/><F38/><W4/><G113/><T72/><D105/><U115/><E106/><V91/><F33/><W68/><G68/><T39/><D61/><U51/><E5/><V54/><F28/><W67/><G67/><T86/><D39/><U98/><E24/><V31/><F31/><W64/><G64/><T121/><D121/><U100/><E84/><V133/><F133/><N who="3" m="50699" /><G120/><T45/><D20/><N who="1" m="11311" /><E115/><V128/><F128/><W62/><G62/><T27/><D27/><U8/><E8/><V88/><F69/><W123/><G123/><T65/><D65/><U52/><AGARI ba="0,0" hai="47,51,52,57,63,66,95,98,100,102,103" m="11311" machi="52" ten="30,2000,0" yaku="8,1,54,1" doraHai="114" who="1" fromWho="1" sc="444,-5,170,20,82,-5,304,-10" owari="439,53.9,190,-21.0,77,-42.3,294,9.4" /></mjloggm>