<mjloggm ver="2.3"><GO type="169" lobby="0"/><UN n0="%72%65%62%65%65%72" n1="%63%68%78%63%63" n2="%E3%82%86%E3%81%86%E3%82%86%E3%81%8D" n3="%55%4D%41%E7%A2%BA%E8%AA%8D%E6%B8%88" dan="16,17,16,16" rate="2169.31,2142.02,2201.84,2129.99" sx="M,M,M,M"/><TAIKYOKU oya="0"/><INIT seed="0,0,0,3,0,111" ten="250,250,250,250" oya="0" hai0="86,17,125,73,102,57,114,133,58,131,103,94,26" hai1="25,6,68,54,108,90,51,31,42,70,69,52,126" hai2="2,129,40,113,91,123,110,106,61,135,63,72,60" hai3="59,128,18,122,43,22,82,55,98,76,1,11,95"/><T14/><D73/><U130/><E108/><V5/><F123/><W119/><G122/><T127/><D133/><U120/><E120/><V28/><F135/><W67/><G119/><T34/><D131/><U81/><E130/><V92/><F106/><W56/><G128/><T24/><D114/><U32/><E6/><V75/><F110/><W12/><G43/><T49/><D34/><U74/><E126/><N who="0" m="48137" /><D49/><U0/><E0/><V30/><F129/><W93/><G67/><T62/><D57/><U80/><E74/><V101/><F101/><N who="0" m="38410" /><D94/><U3/><E3/><V53/><F40/><W65/><G59/><T15/><D86/><U45/><REACH who="1" step="1"/><E90/><REACH who="1" ten="250,240,250,250" step="2"/><V41/><F91/><N who="3" m="55615" /><G1/><T121/><D121/><U21/><E21/><V104/><F2/><W118/><G22/><N who="0" m="11575" /><D15/><U38/><E38/><V107/><F75/><W16/><G12/><T19/><D19/><U35/><E35/><V13/><F72/><W27/><G16/><T46/><D46/><U100/><E100/><V33/><F13/><W124/><G18/><T105/><D105/><U112/><E112/><V47/><F113/><W50/><G124/><T77/><D77/><U83/><AGARI ba="0,1" hai="25,31,32,42,45,51,52,54,68,69,70,80,81,83" machi="83" ten="40,5200,0" yaku="1,1,0,1,54,1,53,0" doraHai="111" doraHaiUra="96" who="1" fromWho="1" sc="250,-26,240,62,250,-13,250,-13" /><INIT seed="1,0,0,3,4,56" ten="224,302,237,237" oya="1" hai0="61,104,72,68,7,48,135,55,13,107,98,53,23" hai1="21,93,131,110,109,134,90,82,129,111,126,70,25" hai2="40,106,35,118,58,50,89,57,64,84,105,101,11" hai3="44,24,60,119,71,97,59,12,99,3,63,116,47"/><U16/><E70/><V65/><F35/><W14/><G3/><T22/><D72/><U128/><E82/><V96/><F118/><N who="3" m="45099" /><G71/><T88/><D135/><U36/><E36/><V77/><F106/><W49/><G24/><T34/><D34/><U41/><E41/><V10/><F77/><W39/><G39/><T87/><D98/><N who="3" m="37385" /><G47/><T75/><D75/><U45/><E45/><V26/><F26/><W125/><G125/><T33/><D33/><U113/><E113/><V92/><F40/><N who="3" m="24711" /><G59/><N who="0" m="35055" /><D107/><U79/><E79/><V121/><F121/><W91/><G91/><T8/><D68/><U18/><E126/><V2/><F2/><W127/><G127/><T83/><D104/><U73/><E73/><V30/><F30/><W52/><G52/><T5/><D5/><U43/><E43/><V27/><F50/><W115/><G115/><T20/><D55/><U54/><E54/><V42/><F42/><W86/><G86/><T15/><D48/><U29/><E134/><V103/><F27/><W46/><G46/><T130/><D130/><U69/><E69/><V9/><F58/><W38/><G38/><T66/><D66/><U132/><E132/><V94/><F57/><W124/><G124/><T51/><D51/><U19/><E29/><V0/><F0/><W117/><N who="3" m="45107" /><W114/><DORA hai="102" /><G114/><T81/><D81/><U112/><E112/><V80/><REACH who="2" step="1"/><F103/><REACH who="2" ten="224,302,227,237" step="2"/><W100/><G100/><T62/><D62/><AGARI ba="0,1" hai="12,14,60,62,63" m="24711,37385,45107" machi="62" ten="40,8000,1" yaku="12,1,52,3" doraHai="56,102" who="3" fromWho="0" sc="224,-80,302,0,227,0,237,90" /><INIT seed="2,0,0,5,3,40" ten="144,302,227,327" oya="2" hai0="42,81,69,90,82,29,56,61,73,30,37,111,35" hai1="129,77,97,121,44,86,19,88,26,62,33,134,135" hai2="34,9,116,16,31,65,54,132,106,2,120,131,98" hai3="41,18,109,5,67,55,102,13,1,27,4,24,87"/><V21/><F116/><W36/><G109/><T103/><D111/><U125/><E129/><V79/><F120/><W114/><G114/><T75/><D103/><U107/><E121/><V45/><F131/><W59/><G102/><T123/><D69/><U119/><E119/><V92/><F106/><W71/><G71/><T49/><D37/><U74/><E125/><V10/><F132/><N who="1" m="50729" /><E62/><V50/><F65/><W20/><G67/><T115/><D115/><U113/><E33/><V7/><F79/><W3/><G3/><T100/><D100/><N who="1" m="62863" /><E19/><V117/><F117/><W124/><G124/><T84/><D35/><U85/><E26/><V8/><F31/><W57/><G57/><T80/><D123/><U17/><E17/><V14/><REACH who="2" step="1"/><F34/><REACH who="2" ten="144,302,217,327" step="2"/><W12/><G27/><T126/><D126/><U72/><E113/><V46/><F46/><W47/><G24/><T91/><D29/><U15/><E44/><V66/><F66/><W99/><G47/><N who="0" m="25847" /><D30/><U6/><E77/><V122/><F122/><W23/><G36/><T22/><D73/><U101/><E74/><V96/><F96/><W48/><G99/><T112/><D112/><U93/><E72/><V70/><F70/><W43/><G87/><T105/><D105/><U127/><E86/><V52/><F52/><W63/><G55/><N who="0" m="33951" /><D75/><U128/><E127/><V64/><F64/><W95/><G41/><T28/><D84/><U25/><E128/><V110/><F110/><W32/><G43/><T78/><D78/><U94/><E25/><AGARI ba="0,1" hai="22,25,28,80,81,82,90,91" m="33951,25847" machi="25" ten="30,2000,0" yaku="8,1,52,1" doraHai="40" who="0" fromWho="1" sc="144,30,302,-20,217,0,327,0" /><INIT seed="3,0,0,5,1,111" ten="174,282,217,327" oya="3" hai0="9,44,121,72,94,130,29,17,14,63,91,56,112" hai1="15,114,32,124,73,38,3,10,20,47,39,85,106" hai2="123,122,57,5,54,92,0,26,107,81,27,51,24" hai3="52,86,11,59,110,129,135,50,70,134,64,28,104"/><W4/><G104/><T53/><D130/><U108/><E47/><V95/><F107/><W69/><G28/><T75/><D121/><N who="2" m="46090" /><F81/><W31/><G31/><T61/><D29/><U125/><E85/><V16/><F5/><W12/><G129/><T45/><D112/><U58/><E58/><V2/><F16/><W109/><G86/><T18/><D63/><U80/><E20/><V42/><F42/><W128/><G128/><T78/><D78/><U83/><E15/><V76/><F76/><W77/><G77/><T113/><D113/><U93/><E93/><AGARI ba="0,0" hai="0,2,24,26,27,51,54,57,92,93,95" m="46090" machi="93" ten="30,1000,0" yaku="13,1" doraHai="111" who="2" fromWho="1" sc="174,0,282,-10,217,10,327,0" /><INIT seed="4,0,0,4,4,62" ten="174,272,227,327" oya="0" hai0="12,16,8,69,134,116,78,14,91,89,129,63,15" hai1="45,57,29,114,128,24,79,51,19,130,111,107,37" hai2="2,122,44,30,33,106,123,17,119,84,121,87,61" hai3="103,76,58,53,67,21,70,11,96,60,73,22,6"/><T31/><D116/><U131/><E111/><V34/><F2/><W25/><G76/><T10/><D129/><U1/><E107/><V72/><F106/><W85/><G73/><T36/><D36/><U75/><E1/><V118/><F72/><W77/><G77/><T120/><D120/><U93/><E19/><V90/><F44/><W113/><G113/><T132/><D31/><U100/><E37/><V117/><F17/><W18/><G85/><N who="2" m="32841" /><F61/><W9/><G6/><T54/><D78/><U49/><E114/><V56/><F56/><W20/><G20/><T4/><D14/><U82/><E57/><V94/><F30/><W109/><G109/><T48/><D63/><U115/><E115/><V125/><F125/><W95/><REACH who="3" step="1"/><G22/><REACH who="3" ten="174,272,227,317" step="2"/><T74/><D74/><U99/><REACH who="1" step="1"/><E45/><REACH who="1" ten="174,262,227,317" step="2"/><V126/><F126/><W41/><G41/><T102/><D69/><U59/><E59/><V35/><F123/><W5/><G5/><T43/><D43/><U127/><E127/><V80/><F122/><W133/><G133/><T66/><D134/><U124/><E124/><V50/><F121/><W46/><G46/><T40/><D40/><U110/><E110/><V135/><F135/><W55/><G55/><T65/><D132/><U81/><E81/><V83/><F83/><W92/><G92/><T104/><D54/><U88/><E88/><N who="0" m="33865" /><D48/><AGARI ba="0,2" hai="9,11,18,21,25,48,53,58,60,67,70,95,96,103" machi="48" ten="30,3900,0" yaku="1,1,7,1,52,1,53,0" doraHai="62" doraHaiUra="108" who="3" fromWho="0" sc="174,-39,262,0,227,0,317,59" /><INIT seed="5,0,0,0,3,111" ten="135,262,227,376" oya="1" hai0="135,2,107,49,127,101,25,47,80,75,31,44,87" hai1="67,118,29,117,104,0,35,51,123,40,24,70,95" hai2="22,3,110,129,79,61,88,4,74,60,124,27,53" hai3="65,23,41,86,84,116,28,82,30,113,133,58,73"/><U66/><E123/><V108/><F124/><W59/><G73/><T128/><D2/><U120/><E120/><V37/><F129/><W100/><G113/><T115/><D127/><U83/><E104/><V18/><F37/><W71/><G71/><T112/><D128/><U33/><E0/><V46/><F74/><W103/><G133/><T81/><D135/><U62/><E67/><V134/><F79/><W130/><G130/><T52/><D47/><U34/><E95/><V64/><F134/><W63/><G41/><T78/><D101/><U96/><E96/><V126/><F126/><W5/><G5/><T10/><D10/><U21/><REACH who="1" step="1"/><E83/><REACH who="1" ten="135,252,227,376" step="2"/><V48/><F108/><W92/><G92/><T114/><D107/><U76/><E76/><V54/><F110/><W43/><G82/><T105/><D105/><U69/><E69/><V9/><F64/><W68/><G68/><T42/><D81/><U17/><E17/><V72/><F18/><W36/><G65/><T13/><D75/><U91/><E91/><V1/><F88/><W16/><G16/><T90/><D78/><U57/><E57/><V50/><F72/><W8/><G59/><T132/><D132/><U77/><E77/><V11/><F3/><W131/><G58/><T85/><D85/><U94/><E94/><V122/><F122/><W109/><G86/><T7/><D80/><U32/><N who="1" m="8192" /><DORA hai="102" /><U89/><E89/><V20/><F1/><W121/><G84/><T56/><D87/><U39/><E39/><V15/><F4/><W125/><G125/><T93/><D90/><U26/><E26/><RYUUKYOKU ba="0,1" sc="135,-10,252,30,227,-10,376,-10" hai1="21,24,29,40,51,62,66,70,117,118" /><INIT seed="5,1,1,1,2,31" ten="125,282,217,366" oya="1" hai0="130,134,116,43,49,39,1,57,23,89,131,95,22" hai1="82,8,61,62,16,24,132,74,101,3,45,0,119" hai2="79,133,109,126,92,46,27,48,36,66,19,98,71" hai3="83,21,114,104,60,44,94,77,30,29,108,64,76"/><U70/><E119/><V93/><F109/><W96/><G108/><T53/><D1/><U107/><E132/><V67/><F36/><W128/><G114/><T110/><D110/><U115/><E115/><V6/><F126/><W38/><G104/><T129/><D116/><U40/><E101/><V28/><F6/><W35/><G35/><T78/><D134/><U127/><E107/><V59/><F71/><W5/><G5/><T106/><D78/><U32/><E127/><V34/><F79/><W13/><G128/><T103/><D39/><U121/><E121/><V7/><F7/><W18/><G44/><T73/><D43/><U84/><E74/><V15/><F59/><W111/><G111/><T100/><D73/><U9/><E3/><V122/><F122/><W11/><G11/><T2/><D2/><U75/><E75/><V72/><F72/><W105/><G38/><T25/><D22/><N who="1" m="13383" /><E32/><V10/><F133/><W97/><G105/><T54/><D53/><U117/><E70/><V90/><REACH who="2" step="1"/><F93/><REACH who="2" ten="125,282,207,366" step="2"/><W50/><G77/><T51/><D106/><U55/><E117/><V42/><AGARI ba="1,2" hai="10,15,19,27,28,34,42,46,48,66,67,90,92,98" machi="42" ten="20,8000,1" yaku="1,1,2,1,0,1,7,1,52,1,53,0" doraHai="31" doraHaiUra="102" who="2" fromWho="2" sc="125,-21,282,-41,207,103,366,-21" /><INIT seed="6,0,0,3,4,5" ten="104,241,310,345" oya="2" hai0="113,35,135,46,72,68,39,50,61,80,54,89,19" hai1="21,16,100,90,32,60,52,7,51,58,10,73,36" hai2="57,67,86,102,70,59,62,91,122,47,79,8,6" hai3="24,3,37,95,12,66,83,106,132,64,116,75,117"/><V31/><F122/><W118/><G106/><T107/><D113/><U124/><E32/><V29/><F102/><W121/><G121/><T49/><D135/><U26/><E36/><V112/><F112/><W1/><G37/><T23/><D35/><U34/><E73/><V74/><F47/><W82/><G132/><T65/><D107/><U44/><E34/><V127/><F127/><W96/><G24/><T48/><D89/><U25/><E124/><V101/><F101/><W125/><G125/><T33/><D33/><U18/><E100/><V93/><F74/><W104/><G104/><T111/><D111/><U97/><E97/><V87/><F79/><W11/><G66/><T69/><D69/><U13/><E90/><V123/><F87/><W55/><G64/><T15/><D80/><N who="3" m="30761" /><G55/><T40/><REACH who="0" step="1"/><D72/><REACH who="0" ten="94,241,310,345" step="2"/><U103/><E103/><V88/><F91/><N who="3" m="55423" /><G75/><T98/><D98/><U63/><E58/><AGARI ba="0,1" hai="15,19,23,39,40,46,48,49,50,54,58,61,65,68" machi="58" ten="30,7700,0" yaku="1,1,7,1,24,2,53,0" doraHai="5" doraHaiUra="131" who="0" fromWho="1" sc="94,87,241,-77,310,0,345,0" /><INIT seed="7,0,0,5,4,113" ten="181,164,310,345" oya="3" hai0="129,26,2,116,54,119,58,63,106,69,65,122,103" hai1="35,29,120,72,76,126,4,132,87,24,104,112,28" hai2="20,57,44,38,91,81,53,23,66,0,34,60,94" hai3="30,107,16,90,125,33,110,133,111,97,75,73,108"/><W1/><G133/><T14/><D122/><U85/><E104/><V8/><F34/><W130/><G125/><T31/><D2/><U5/><E112/><V74/><F66/><W11/><G130/><T45/><D14/><U22/><E120/><V12/><F0/><W121/><G121/><T118/><D129/><U71/><E126/><V109/><F109/><W79/><G79/><T68/><D45/><U89/><E71/><V93/><F74/><W115/><G115/><T49/><D69/><U46/><E132/><V6/><F81/><W62/><G62/><T128/><D128/><U70/><E70/><V10/><F93/><N who="3" m="56503" /><G107/><T114/><D114/><U123/><E123/><V18/><F38/><W52/><G52/><T102/><REACH who="0" step="1"/><D106/><REACH who="0" ten="171,164,310,345" step="2"/><U41/><E72/><V32/><F44/><W64/><G75/><T96/><D96/><U50/><E35/><AGARI ba="0,1" hai="26,31,35,49,54,58,63,65,68,102,103,116,118,119" machi="35" ten="40,8000,1" yaku="1,1,52,3,53,0" doraHai="113" doraHaiUra="101" who="0" fromWho="1" sc="171,90,164,-80,310,0,345,0" owari="261,-13.9,84,-41.6,310,11.0,345,44.5" /></mjloggm>