<mjloggm ver="2.3"><GO type="169" lobby="0"/><UN n0="%E3%81%A1%E3%82%83%E3%82%93%E3%81%AE%E3%81%B6" n1="%E8%B5%A4%E6%9C%A8%E3%81%97%E3%81%92%E3%82%8B" n2="%E3%81%B1%E3%82%93%E3%81%AA%E3%81%93%E3%81%BE%E3%81%A3%E3%81%9F" n3="%43%68%65" dan="17,16,17,16" rate="2141.79,2074.98,2222.66,2194.88" sx="M,M,M,M"/><TAIKYOKU oya="0"/><INIT seed="0,0,0,1,3,15" ten="250,250,250,250" oya="0" hai0="12,79,92,10,115,117,111,41,31,17,63,8,94" hai1="128,67,45,44,56,21,113,80,100,71,11,93,132" hai2="6,101,73,19,96,32,33,91,70,116,90,107,95" hai3="53,0,52,134,3,36,65,28,40,76,87,58,106"/><T123/><D115/><U14/><E71/><V37/><F37/><W7/><G106/><T126/><D117/><U20/><E113/><V122/><F122/><W83/><G134/><T48/><D123/><U64/><E128/><V34/><F70/><W42/><G28/><T85/><D126/><U46/><E80/><V133/><F133/><W124/><G124/><T118/><D118/><U27/><E56/><V86/><F116/><W74/><G65/><T13/><D31/><U129/><E129/><V98/><F73/><W22/><G53/><T135/><D63/><U109/><E109/><V59/><F6/><W108/><G108/><T35/><D35/><U97/><E132/><V9/><F59/><W57/><G57/><T120/><D120/><U131/><E131/><V105/><F105/><W75/><G75/><T5/><D135/><U24/><E21/><V47/><F47/><W99/><G74/><T30/><D30/><N who="1" m="17671" /><E27/><V61/><F61/><W25/><G36/><T114/><D114/><U102/><E100/><V50/><F50/><W84/><G3/><T43/><D111/><U60/><E60/><V110/><F110/><W130/><G130/><T77/><D43/><U29/><E29/><V54/><F54/><W49/><G40/><T103/><D103/><U72/><E72/><V55/><F55/><W112/><G42/><T82/><D77/><U51/><E51/><V81/><F34/><W88/><G112/><T125/><D125/><U1/><E1/><V89/><F89/><W78/><G78/><T68/><D68/><U4/><AGARI ba="0,0" hai="4,11,14,44,45,46,64,67,93,97,102" m="17671" machi="4" ten="30,1100,0" yaku="8,1" doraHai="15" who="1" fromWho="1" sc="250,-5,250,11,250,-3,250,-3" /><INIT seed="1,0,0,4,2,55" ten="245,261,247,247" oya="1" hai0="93,48,26,17,129,62,124,71,33,63,83,100,11" hai1="27,40,91,114,125,53,31,54,21,112,94,127,30" hai2="18,115,0,70,57,19,86,2,51,37,74,34,67" hai3="87,134,45,5,23,16,46,79,128,77,24,29,6"/><U103/><E40/><V76/><F74/><W73/><G73/><T39/><D39/><U132/><E103/><V84/><F37/><W121/><G121/><T58/><D71/><U110/><E31/><V122/><F34/><W72/><G72/><T133/><D129/><U56/><E132/><V32/><F32/><W69/><G69/><T47/><D133/><U43/><E53/><V14/><F122/><W98/><G134/><T52/><D124/><N who="1" m="47691" /><E43/><V104/><F104/><W130/><G98/><N who="0" m="59471" /><D33/><U92/><E110/><V66/><F66/><W109/><G109/><T85/><D47/><N who="3" m="17929" /><G29/><T4/><D4/><N who="3" m="1641" /><G87/><T36/><D36/><U7/><E7/><V105/><F86/><W42/><G42/><T3/><D3/><U20/><E20/><V81/><F84/><W35/><G35/><T61/><D11/><U88/><E94/><V25/><F0/><W59/><G130/><T95/><D95/><U120/><E120/><V50/><F2/><W60/><G128/><T1/><D1/><U99/><E91/><V10/><F105/><W38/><G38/><T111/><D111/><U135/><E135/><V131/><F131/><W119/><G119/><T9/><D9/><U126/><N who="1" m="47699" /><U75/><DORA hai="82" /><E75/><V107/><F107/><W13/><G79/><N who="0" m="46335" /><D17/><U28/><E30/><V44/><F10/><W116/><G77/><T80/><D80/><U22/><E21/><V113/><F76/><W64/><G116/><T97/><D97/><U15/><E15/><AGARI ba="0,0" hai="13,15,16,23,24,59,60,64" m="1641,17929" machi="15" ten="30,3900,0" yaku="8,1,52,1,54,1" doraHai="55,82" who="3" fromWho="1" sc="245,0,261,-39,247,0,247,39" /><INIT seed="2,0,0,5,3,43" ten="245,222,247,286" oya="2" hai0="7,84,54,133,6,41,131,47,15,94,38,119,69" hai1="20,24,100,102,50,128,103,19,75,87,79,106,115" hai2="2,130,51,82,109,71,105,134,116,113,28,120,61" hai3="123,23,83,56,62,64,89,8,124,59,77,74,73"/><V42/><RYUUKYOKU type="yao9" ba="0,0" sc="245,0,222,0,247,0,286,0" hai2="2,28,42,51,61,71,82,105,109,113,116,120,130,134" /><INIT seed="2,1,0,0,5,46" ten="245,222,247,286" oya="2" hai0="64,111,23,82,98,100,51,85,113,77,122,30,126" hai1="123,17,61,42,119,88,103,96,27,106,35,130,22" hai2="107,127,132,66,75,29,80,101,1,72,14,9,59" hai3="57,40,114,94,38,118,74,49,43,83,117,58,90"/><V62/><F127/><W131/><G38/><T11/><D122/><U2/><E2/><V33/><F132/><W53/><G131/><T108/><D113/><U116/><E130/><V112/><F112/><W102/><G114/><T10/><D64/><U78/><E123/><V95/><F1/><W28/><G28/><T4/><D126/><U104/><E42/><V31/><F95/><W115/><G115/><T8/><D4/><U0/><E0/><V6/><F80/><W134/><G134/><T39/><D39/><U13/><E106/><V79/><F79/><W125/><G125/><T70/><D70/><U109/><E109/><V91/><F91/><W47/><G118/><T21/><D30/><U3/><E3/><V92/><F92/><W36/><G117/><T45/><D108/><U73/><E61/><V69/><F59/><N who="3" m="22539" /><G74/><T86/><D86/><U41/><E41/><V15/><F15/><W5/><G5/><T48/><D111/><U37/><E37/><V105/><F105/><W18/><G18/><T84/><D84/><U63/><E63/><V54/><F54/><W12/><G12/><T99/><D45/><U129/><E129/><V89/><F89/><W65/><G65/><T19/><D23/><U26/><E88/><V7/><F7/><W81/><G36/><T87/><D87/><U50/><E116/><V60/><F60/><W76/><G102/><T68/><D100/><U16/><E119/><V20/><F33/><W133/><G133/><T110/><D110/><U135/><E35/><V34/><F34/><W52/><G76/><T97/><D68/><RYUUKYOKU ba="1,0" sc="245,30,222,-10,247,-10,286,-10" hai0="8,10,11,19,21,48,51,77,82,85,97,98,99" /><INIT seed="3,2,0,5,1,54" ten="275,212,237,276" oya="3" hai0="124,17,18,127,14,126,103,105,113,1,33,40,8" hai1="0,134,95,3,60,135,36,19,39,9,80,91,73" hai2="16,114,76,55,49,133,108,74,96,106,51,129,83" hai3="50,130,125,2,64,99,62,111,46,119,4,132,131"/><W67/><G119/><T122/><D40/><U53/><E73/><V15/><F114/><W66/><G2/><T120/><D105/><U61/><E80/><V52/><F108/><W28/><G4/><N who="0" m="1039" /><D103/><U112/><E112/><V5/><F133/><W69/><G28/><T98/><D98/><U29/><E29/><V26/><F129/><N who="3" m="49163" /><G132/><N who="1" m="50730" /><E19/><N who="0" m="7177" /><D113/><U37/><E9/><V44/><F5/><W93/><G111/><T45/><D45/><U48/><E61/><V90/><F26/><W30/><G30/><T6/><D33/><U25/><E25/><V110/><F110/><W75/><G75/><T47/><D47/><N who="1" m="27807" /><E60/><V70/><F70/><W78/><G78/><T89/><D89/><U101/><E101/><V35/><F35/><W7/><G7/><T104/><D104/><U42/><E42/><V27/><F106/><W84/><G62/><T121/><D6/><U115/><E115/><V21/><F90/><N who="3" m="53447" /><G69/><T24/><D24/><U20/><E39/><V43/><F96/><W128/><G99/><T58/><D14/><U59/><E37/><V65/><F65/><W10/><G128/><T68/><D68/><U41/><E36/><V85/><F74/><W81/><G81/><T72/><D72/><U86/><E41/><V102/><F102/><W94/><G66/><T13/><D13/><U34/><E34/><V57/><F15/><W116/><G67/><T63/><D122/><U123/><E123/><V22/><F22/><W23/><G23/><T11/><D11/><U38/><E20/><V31/><F43/><W107/><G64/><AGARI ba="2,0" hai="58,63,64,120,121,124,126,127" m="7177,1039" machi="64" ten="30,2000,0" yaku="18,1,52,1" doraHai="54" who="0" fromWho="3" sc="275,26,212,0,237,0,276,-26" /><INIT seed="4,0,0,1,2,63" ten="301,212,237,250" oya="0" hai0="22,2,79,71,110,1,88,0,106,15,93,62,96" hai1="31,82,18,86,52,132,30,9,117,113,45,61,38" hai2="127,5,90,133,16,60,69,58,13,77,27,28,85" hai3="55,70,76,39,59,73,120,105,98,47,53,33,128"/><T35/><D35/><U87/><E117/><V125/><F133/><W112/><G70/><T130/><D130/><U124/><E86/><V65/><F5/><W126/><G33/><T109/><D79/><U83/><E83/><V118/><F77/><W26/><G128/><T67/><D106/><U68/><E132/><V8/><F69/><W41/><G112/><T116/><D116/><U14/><E124/><V108/><F108/><N who="0" m="41578" /><D22/><U34/><E34/><V44/><F44/><W21/><G126/><T122/><D15/><U99/><E99/><V48/><F48/><W66/><G120/><AGARI ba="0,0" hai="0,1,2,62,67,71,88,93,96,120,122" m="41578" machi="120" ten="40,7700,0" yaku="10,1,52,1,54,1" doraHai="63" who="0" fromWho="3" sc="301,77,212,0,237,0,250,-77" /><INIT seed="4,1,0,5,5,73" ten="378,212,237,173" oya="0" hai0="5,111,26,68,120,134,87,116,83,90,103,79,135" hai1="123,99,104,98,42,130,23,28,46,74,63,101,52" hai2="97,36,30,59,1,126,112,96,14,80,47,131,33" hai3="72,16,71,62,76,107,3,93,118,11,43,91,128"/><T117/><D68/><U78/><E130/><V67/><F1/><W82/><G118/><N who="0" m="45675" /><D26/><U8/><E123/><V70/><F70/><W54/><G128/><T69/><D5/><U132/><E8/><V44/><F131/><W84/><G43/><T94/><D69/><U92/><E132/><N who="0" m="50729" /><D120/><U10/><E10/><V56/><F14/><W6/><G107/><T40/><D40/><U51/><E28/><V53/><F67/><W27/><G71/><T88/><D111/><U24/><E24/><V133/><F53/><W77/><G77/><T106/><D106/><U109/><E109/><V110/><F30/><W65/><G65/><T55/><D55/><U48/><E23/><V58/><F110/><W9/><G27/><T34/><D34/><U4/><E4/><V57/><F33/><W7/><G7/><T108/><D108/><U20/><E20/><V31/><F31/><W39/><G39/><T15/><D15/><U41/><E41/><V0/><F36/><W13/><REACH who="3" step="1"/><G54/><REACH who="3" ten="378,212,237,163" step="2"/><T113/><D113/><U60/><E42/><V102/><F112/><W100/><G100/><T105/><D105/><U85/><E104/><V21/><F102/><W17/><G17/><T121/><D121/><U95/><E48/><V32/><F133/><W61/><AGARI ba="1,1" hai="3,6,9,11,13,16,61,62,72,76,82,84,91,93" machi="61" ten="30,7900,0" yaku="1,1,0,1,52,1,54,1,53,0" doraHai="73" doraHaiUra="38" who="3" fromWho="3" sc="378,-40,212,-21,237,-21,163,92" /><INIT seed="5,0,0,0,0,108" ten="338,191,216,255" oya="1" hai0="26,117,99,65,94,2,106,29,55,49,131,60,51" hai1="32,38,102,15,45,134,77,14,124,71,112,3,107" hai2="33,83,30,72,13,67,80,57,37,98,11,91,19" hai3="82,46,47,113,92,73,81,128,88,5,135,54,17"/><U43/><E3/><V44/><F33/><W9/><G128/><T22/><D117/><U61/><E32/><V27/><F37/><W86/><G135/><T50/><D2/><U41/><E41/><V100/><F44/><W62/><G17/><T118/><D106/><U96/><E134/><V111/><F111/><W105/><G105/><T63/><D118/><U97/><E97/><V16/><F72/><W119/><G119/><T84/><D84/><U35/><E35/><V24/><F91/><W42/><G73/><T53/><D131/><U89/><E124/><V125/><F125/><W25/><G25/><T8/><D8/><U78/><E89/><V104/><F19/><W75/><G75/><T129/><D129/><U36/><E36/><V90/><F90/><W127/><G127/><T64/><D65/><U132/><E132/><V123/><F123/><W48/><G113/><T109/><D109/><U40/><E40/><V66/><F66/><W34/><G34/><T28/><D28/><U76/><REACH who="1" step="1"/><E112/><REACH who="1" ten="338,181,216,255" step="2"/><V68/><F98/><W85/><G42/><T18/><D99/><U21/><E21/><V0/><F0/><W39/><G39/><T7/><D22/><U133/><E133/><V110/><F110/><W1/><G88/><T122/><D122/><U31/><E31/><V52/><F30/><W56/><G1/><T69/><D29/><U95/><E95/><V4/><F104/><W74/><G92/><T10/><D94/><U79/><N who="1" m="19456" /><DORA hai="126" /><U59/><E59/><V115/><F115/><W120/><G120/><T20/><D20/><U93/><E93/><RYUUKYOKU ba="0,1" sc="338,-10,181,30,216,-10,255,-10" hai1="14,15,38,43,45,61,71,96,102,107" /><INIT seed="5,1,1,4,5,97" ten="328,211,206,245" oya="1" hai0="40,23,29,21,19,127,43,58,31,78,46,95,63" hai1="129,96,50,108,28,98,52,126,4,84,128,30,74" hai2="133,2,57,81,83,116,91,111,106,118,15,5,88" hai3="89,90,44,80,92,51,86,87,8,104,75,76,0"/><U16/><E74/><V69/><F111/><W17/><G104/><T11/><D127/><U54/><E4/><V100/><F69/><W10/><G0/><T135/><D135/><U37/><E37/><V64/><F2/><W7/><G7/><T26/><D78/><U73/><E73/><V121/><F121/><W1/><G1/><T67/><D31/><N who="1" m="11819" /><E108/><V35/><F35/><W55/><REACH who="3" step="1"/><G17/><REACH who="3" ten="328,211,206,235" step="2"/><T45/><D29/><U60/><E126/><V12/><F5/><W38/><G38/><T120/><D19/><U82/><E16/><V102/><F106/><W9/><G9/><T99/><D11/><U72/><E72/><V101/><F133/><W41/><G41/><T110/><D110/><U131/><E60/><N who="2" m="37903" /><F118/><W3/><G3/><T130/><D63/><U47/><E54/><V107/><F107/><W13/><G13/><N who="2" m="5193" /><F116/><W112/><G112/><T70/><D43/><U122/><E122/><V68/><F68/><W48/><G48/><T25/><D40/><U105/><E105/><V77/><F77/><AGARI ba="1,2" hai="47,50,52,77,82,84,96,98,128,129,131" m="11819" machi="77" ten="30,2900,0" yaku="19,1,54,1" doraHai="97" who="1" fromWho="2" sc="328,0,211,52,206,-32,235,0" /><INIT seed="5,2,0,3,4,14" ten="328,263,174,235" oya="1" hai0="56,20,86,105,90,21,40,106,53,67,48,99,77" hai1="78,92,37,101,111,5,127,83,39,2,120,72,71" hai2="132,41,16,128,94,64,34,76,103,126,66,98,49" hai3="61,89,109,75,116,112,129,28,47,60,104,9,13"/><U18/><E120/><V22/><F34/><W1/><G109/><T35/><D35/><U57/><E111/><V80/><F126/><W117/><G1/><T55/><D40/><U59/><E71/><V8/><F128/><W33/><G129/><T32/><D32/><U30/><E30/><V125/><F125/><W96/><G75/><T95/><D105/><U25/><E127/><V108/><F108/><W62/><G112/><T81/><D67/><U19/><E39/><V58/><F132/><W52/><G28/><T24/><D106/><U107/><E107/><V50/><F8/><W133/><G33/><T88/><D55/><U29/><E37/><V44/><F50/><N who="3" m="28767" /><G133/><T0/><D0/><U114/><E114/><V69/><F58/><W135/><G135/><T82/><D24/><U115/><E115/><V74/><REACH who="2" step="1"/><F69/><REACH who="2" ten="328,263,164,235" step="2"/><W11/><G11/><T46/><REACH who="0" step="1"/><D56/><REACH who="0" ten="318,263,164,235" step="2"/><U68/><E59/><V54/><F54/><W79/><G117/><T3/><D3/><U31/><E57/><V70/><F70/><W102/><G116/><T42/><D42/><U134/><E68/><V63/><F63/><W12/><G62/><T23/><D23/><U121/><E134/><V87/><F87/><AGARI ba="2,2" hai="20,21,46,48,53,77,81,82,86,87,88,90,95,99" machi="87" ten="30,8000,1" yaku="1,1,7,1,8,1,54,1,53,1" doraHai="14" doraHaiUra="91" who="0" fromWho="2" sc="318,106,263,0,164,-86,235,0" /><INIT seed="6,0,0,0,5,14" ten="424,263,78,235" oya="2" hai0="105,119,91,135,69,87,118,62,41,19,82,32,13" hai1="96,20,72,123,73,77,65,48,34,37,33,97,39" hai2="70,98,5,95,109,64,11,2,57,86,0,75,111" hai3="107,80,18,17,84,59,43,79,30,128,44,51,71"/><V103/><F75/><N who="1" m="28745" /><E48/><V116/><F116/><N who="0" m="44586" /><D105/><U25/><E20/><V124/><F70/><W113/><G71/><T129/><D32/><N who="1" m="12395" /><E25/><V45/><F124/><W24/><G113/><T9/><D41/><U117/><E77/><V110/><F45/><W120/><G128/><T28/><D28/><U101/><E101/><V46/><F46/><W94/><G120/><T56/><D135/><U26/><E26/><V68/><F68/><W54/><G107/><T112/><D69/><U131/><E117/><V93/><F86/><W42/><G42/><T49/><D129/><U122/><E131/><V125/><F125/><W85/><G24/><T38/><D38/><N who="1" m="14347" /><E65/><V106/><REACH who="2" step="1"/><F2/><REACH who="2" ten="424,263,68,235" step="2"/><W133/><G133/><T27/><D87/><U40/><E40/><V115/><F115/><W66/><G43/><T63/><D112/><U102/><E123/><V53/><F53/><W23/><G44/><T88/><D56/><U21/><E122/><V52/><F52/><W100/><G66/><T78/><D82/><U126/><E126/><V108/><N who="2" m="27648" /><DORA hai="16" /><V3/><F3/><W130/><G130/><T89/><D78/><U132/><E132/><V67/><F67/><W22/><G85/><T6/><D89/><U7/><E97/><V29/><F29/><W12/><G30/><T50/><D88/><U134/><E96/><V114/><F114/><W31/><G31/><T35/><D91/><U74/><E134/><V61/><AGARI ba="0,1" hai="0,5,11,57,61,64,93,95,98,103,106" m="27648" machi="61" ten="60,11700,0" yaku="1,1,0,1,10,1,53,0" doraHai="14,16" doraHaiUra="83,8" who="2" fromWho="2" sc="424,-39,263,-39,68,127,235,-39" /><INIT seed="6,1,0,0,5,95" ten="385,224,195,196" oya="2" hai0="66,1,2,86,9,63,48,65,6,15,111,68,94" hai1="134,106,24,122,132,120,3,10,7,108,90,20,27" hai2="32,38,75,39,84,43,41,56,115,64,99,89,87" hai3="80,54,85,96,81,62,42,78,69,121,110,58,131"/><V51/><F75/><W18/><G110/><T126/><D111/><U23/><E106/><V14/><F32/><W61/><G121/><N who="1" m="46698" /><E90/><V17/><F115/><W49/><G131/><T37/><D37/><U124/><E108/><V19/><F64/><W101/><G69/><T45/><D66/><U55/><E55/><V92/><F39/><W105/><G42/><N who="2" m="15881" /><F38/><W107/><G107/><T91/><D126/><U71/><E71/><V128/><F128/><W77/><REACH who="3" step="1"/><G18/><REACH who="3" ten="385,224,195,186" step="2"/><N who="2" m="6665" /><F14/><W36/><G36/><T70/><D70/><U4/><E124/><V129/><F129/><W50/><G50/><T113/><D113/><U119/><E119/><V72/><F72/><AGARI ba="1,1" hai="49,54,58,61,62,72,77,78,80,81,85,96,101,105" machi="72" ten="30,3900,0" yaku="1,1,7,1,52,1,53,0" doraHai="95" doraHaiUra="16" who="3" fromWho="2" sc="385,0,224,0,195,-42,186,52" /><INIT seed="7,0,0,4,3,89" ten="385,224,153,238" oya="3" hai0="17,133,25,50,45,126,103,82,97,113,13,79,127" hai1="66,74,106,47,96,95,34,30,80,3,99,119,32" hai2="24,40,39,77,11,10,130,124,33,18,28,114,49" hai3="104,100,22,52,60,92,121,64,6,69,56,84,122"/><W86/><G104/><T70/><D70/><U107/><E3/><V93/><F114/><W19/><G6/><T5/><D113/><U31/><E119/><V21/><F124/><W29/><G29/><T90/><D90/><U109/><E109/><V62/><F130/><W7/><G7/><T67/><D67/><U61/><E96/><V15/><F39/><W2/><G2/><T1/><D25/><U134/><E134/><V117/><F117/><W87/><G100/><T111/><D111/><U46/><E31/><V108/><F108/><W42/><G42/><T102/><D133/><U135/><E135/><V120/><F120/><W78/><G78/><T73/><D5/><U55/><E34/><V51/><F77/><W105/><G105/><T132/><D1/><U57/><E47/><V53/><F62/><W26/><REACH who="3" step="1"/><G92/><REACH who="3" ten="385,224,153,228" step="2"/><N who="0" m="58663" /><D103/><U68/><E106/><V44/><REACH who="2" step="1"/><F93/><REACH who="2" ten="385,224,143,228" step="2"/><W37/><G37/><T23/><D132/><U14/><E95/><V59/><AGARI ba="0,2" hai="10,11,15,18,21,24,28,33,40,44,49,51,53,59" machi="59" ten="20,5200,0" yaku="1,1,2,1,0,1,7,1,53,0" doraHai="89" doraHaiUra="125" who="2" fromWho="2" sc="385,-13,224,-13,143,72,228,-26" owari="372,47.2,211,-18.9,215,1.5,202,-29.8" /></mjloggm>