<mjloggm ver="2.3"><GO type="169" lobby="0"/><UN n0="%52%65%61%6C%58" n1="%E3%81%88%E3%81%8C%E3%82%8F%E3%82%8A%E3%81%8A" n2="%73%79%75%70%6F%6E" n3="%E3%81%82%E3%81%95%E3%81%B4%E3%82%93%EF%BC%A0%EF%BD%8D%EF%BD%8A" dan="16,16,17,18" rate="2179.16,2094.53,2212.28,2306.66" sx="F,M,M,M"/><TAIKYOKU oya="0"/><INIT seed="0,0,0,5,2,43" ten="250,250,250,250" oya="0" hai0="134,121,32,100,116,38,62,30,39,132,108,27,34" hai1="22,70,87,40,125,93,19,76,84,47,68,90,57" hai2="35,17,117,64,72,110,105,119,129,127,124,79,65" hai3="103,126,28,25,130,92,83,33,112,113,14,45,69"/><T50/><D121/><U31/><E125/><N who="2" m="48203" /><F35/><W74/><G126/><T111/><D116/><N who="2" m="44618" /><F17/><W123/><G69/><T133/><D62/><U106/><E106/><V18/><F18/><W102/><G130/><T101/><D50/><U77/><E31/><V66/><F105/><W24/><G123/><T54/><D54/><U118/><E118/><V61/><F79/><W89/><G25/><T42/><D42/><U37/><E57/><N who="2" m="36911" /><F72/><W20/><G33/><N who="0" m="12907" /><D27/><U6/><E6/><V82/><F82/><W52/><G83/><T131/><D131/><U48/><E76/><V99/><F99/><W75/><G74/><T98/><D30/><U97/><E77/><V16/><F16/><W23/><G75/><T107/><D101/><U120/><E120/><V85/><F85/><W122/><G122/><T114/><D114/><U11/><E87/><V135/><F129/><W78/><G78/><T51/><D51/><U13/><E84/><V0/><F0/><W29/><G29/><T5/><D5/><U80/><E80/><V128/><F128/><W10/><G23/><T71/><D71/><U96/><E96/><V15/><F135/><W53/><G102/><T59/><D59/><U63/><E70/><V41/><F15/><W81/><G103/><T3/><D3/><U44/><E68/><V95/><F95/><W21/><G21/><T12/><D12/><U91/><E22/><V46/><F110/><AGARI ba="0,0" hai="38,39,98,100,107,108,110,111,132,133,134" m="12907" machi="110" ten="40,12000,1" yaku="14,1,10,1,20,1,23,1" doraHai="43" who="0" fromWho="2" sc="250,120,250,0,250,-120,250,0" /><INIT seed="0,1,0,1,5,126" ten="370,250,130,250" oya="0" hai0="59,62,135,24,105,100,55,91,57,63,8,85,110" hai1="98,34,131,112,90,60,26,46,38,75,95,129,92" hai2="83,36,106,0,13,74,88,61,123,119,84,87,79" hai3="33,72,28,23,27,52,16,68,11,4,109,40,130"/><T15/><D135/><U114/><E75/><V19/><F106/><W32/><G68/><T49/><D110/><U67/><E95/><V56/><F123/><W108/><G72/><T116/><D116/><U124/><E124/><V80/><F119/><W73/><G73/><T133/><D133/><U121/><E121/><V128/><F74/><W96/><G40/><T7/><D105/><U65/><E38/><V113/><F36/><W54/><G96/><T31/><D100/><U118/><E46/><V6/><F0/><N who="3" m="391" /><G130/><N who="1" m="49674" /><E118/><V69/><F128/><W9/><G54/><T120/><D120/><U125/><E125/><V2/><F2/><W39/><G52/><T77/><D77/><U45/><E45/><V101/><F101/><W30/><G39/><T14/><D59/><N who="1" m="37023" /><E67/><V21/><F113/><N who="1" m="43625" /><E26/><V18/><F69/><W41/><G41/><T97/><D57/><U51/><E51/><V64/><F64/><W43/><G43/><T107/><D55/><U122/><E122/><V53/><F53/><W58/><G58/><T17/><D49/><U37/><E37/><V103/><F103/><W25/><G108/><T50/><D50/><U42/><E42/><V115/><F115/><W93/><G93/><T71/><D71/><U47/><E47/><V78/><F56/><W29/><G109/><T10/><D107/><U117/><E117/><V3/><F61/><W5/><G27/><T134/><D63/><U99/><E34/><V81/><F81/><W82/><G82/><T127/><D127/><U20/><E99/><V1/><F83/><W70/><G70/><T89/><D97/><RYUUKYOKU ba="1,0" sc="370,-15,250,15,130,-15,250,15" hai1="20,90,92,98" hai3="5,9,16,23,25,28,29,30,32,33" /><INIT seed="1,2,0,0,4,110" ten="355,265,115,265" oya="1" hai0="51,30,131,66,56,32,22,111,89,114,46,6,37" hai1="84,17,122,91,61,98,69,33,44,45,16,78,71" hai2="85,42,8,1,14,117,29,67,95,103,7,70,132" hai3="49,80,47,109,130,74,62,118,48,97,88,34,133"/><U63/><E122/><V65/><F117/><W112/><G34/><T123/><D111/><U93/><E33/><V25/><F132/><W12/><G109/><T99/><D131/><U18/><E71/><V36/><F70/><W11/><G130/><T101/><D37/><U64/><REACH who="1" step="1"/><E61/><REACH who="1" ten="355,255,115,265" step="2"/><V20/><F1/><W59/><G62/><T57/><D32/><U81/><AGARI ba="2,1" hai="16,17,18,44,45,63,64,69,78,81,84,91,93,98" machi="81" ten="30,12000,1" yaku="1,1,2,1,0,1,54,1,53,1" doraHai="110" doraHaiUra="58" who="1" fromWho="1" sc="355,-42,255,136,115,-42,265,-42" /><INIT seed="1,3,0,3,0,35" ten="313,391,73,223" oya="1" hai0="30,107,93,73,38,6,28,12,25,4,36,52,37" hai1="126,102,5,61,42,63,105,69,68,130,87,125,41" hai2="76,50,101,29,83,91,99,40,134,17,70,7,112" hai3="67,34,21,72,123,3,11,33,32,51,44,14,135"/><U127/><E5/><V62/><F134/><W54/><G123/><T82/><D107/><U132/><E105/><V85/><F112/><W56/><G72/><T0/><D93/><U96/><E87/><V43/><F29/><W79/><G79/><T26/><D12/><U80/><E80/><V49/><F7/><W23/><G135/><T113/><D113/><U111/><E132/><V58/><F70/><N who="1" m="27241" /><E96/><V124/><F124/><W88/><G3/><T128/><D128/><U59/><E102/><V114/><F114/><W53/><G67/><T39/><D39/><U121/><E121/><V74/><F17/><W100/><G100/><T116/><D38/><U47/><E130/><V90/><F49/><W65/><G65/><T27/><D27/><U24/><E24/><V104/><F50/><W15/><G15/><T81/><D116/><U60/><E111/><V109/><F109/><W106/><G106/><T64/><D64/><N who="1" m="38943" /><E41/><V9/><F9/><W131/><G131/><T19/><D19/><U46/><E46/><V66/><REACH who="2" step="1"/><F91/><REACH who="2" ten="313,391,63,223" step="2"/><W122/><G122/><T110/><D110/><U94/><E94/><AGARI ba="3,1" hai="40,43,58,62,66,74,76,83,85,90,94,99,101,104" machi="94" ten="30,8000,1" yaku="1,1,2,1,7,1,24,2,53,0" doraHai="35" doraHaiUra="16" who="2" fromWho="1" sc="313,0,391,-89,63,99,223,0" /><INIT seed="2,0,0,5,3,89" ten="313,302,162,223" oya="2" hai0="104,98,28,42,6,57,3,124,65,20,123,60,43" hai1="106,67,9,77,22,118,24,17,69,41,90,81,7" hai2="33,31,76,100,16,107,109,48,38,113,114,35,36" hai3="12,116,32,59,18,79,117,52,112,11,70,95,133"/><V135/><F135/><W30/><G70/><T101/><D123/><U126/><E118/><V40/><F76/><W34/><G133/><T49/><D124/><U39/><E106/><V45/><F31/><W26/><G32/><T130/><D130/><U102/><E126/><V80/><F80/><W1/><G112/><T73/><D73/><U68/><E102/><V10/><F109/><W27/><G27/><T134/><D134/><U21/><E21/><V82/><F82/><W84/><G1/><T132/><D132/><U127/><E127/><V131/><F131/><W62/><REACH who="3" step="1"/><G79/><REACH who="3" ten="313,302,162,213" step="2"/><T97/><D3/><U66/><E69/><V115/><F35/><W64/><G64/><T92/><D6/><U53/><E68/><V125/><F33/><W58/><G58/><T105/><D65/><U5/><E67/><V122/><F125/><W86/><G86/><T50/><D57/><U56/><E66/><V23/><F122/><W29/><G29/><T2/><D2/><U129/><E129/><V108/><F108/><W25/><G25/><T128/><D128/><U15/><E77/><V55/><F114/><W94/><G94/><T13/><D92/><U83/><E56/><N who="2" m="32871" /><F115/><W85/><G85/><T75/><D75/><U121/><E121/><V78/><F78/><W37/><G37/><T51/><D28/><U61/><E39/><N who="2" m="21663" /><F113/><W4/><G4/><T120/><D120/><U47/><E5/><V96/><F38/><W87/><G87/><T88/><D105/><U0/><E0/><V119/><F36/><W54/><G54/><T74/><D74/><U111/><E53/><RYUUKYOKU ba="0,1" sc="313,-10,302,-10,162,-10,213,30" hai3="11,12,18,26,30,34,52,59,62,84,95,116,117" /><INIT seed="3,1,1,1,4,71" ten="303,292,152,243" oya="3" hai0="52,62,18,2,126,64,17,77,14,43,58,44,11" hai1="36,80,125,85,25,123,60,94,65,111,74,82,132" hai2="108,118,69,105,53,30,114,79,9,6,4,103,23" hai3="15,5,78,57,0,56,92,27,33,10,75,1,90"/><W3/><G75/><T59/><D126/><U128/><E123/><V49/><F108/><W101/><G78/><T120/><D120/><U39/><E125/><V26/><F114/><W55/><G101/><T70/><D2/><U35/><E74/><V42/><F118/><W16/><G33/><T134/><D134/><U115/><E115/><V73/><F69/><W89/><G89/><T41/><D41/><U61/><E132/><V13/><F42/><W113/><G113/><T102/><D102/><U99/><E111/><V46/><F105/><W29/><G29/><T133/><D133/><U45/><E45/><V122/><F103/><W31/><G31/><T127/><D127/><U93/><E128/><V129/><F129/><W7/><G27/><T130/><D77/><U84/><E25/><V51/><F122/><W81/><G81/><T135/><D135/><U95/><E35/><V119/><F119/><W88/><G90/><T63/><D130/><U106/><E106/><V86/><F51/><W110/><G110/><T28/><D28/><U104/><E104/><V21/><F73/><W32/><G32/><T37/><D70/><U107/><E107/><V121/><F121/><W19/><G7/><AGARI ba="1,1" hai="7,11,14,17,18,37,43,44,52,58,59,62,63,64" machi="7" ten="30,3900,0" yaku="7,1,52,1,54,1" doraHai="71" who="0" fromWho="3" sc="303,52,292,0,152,0,243,-42" /><INIT seed="4,0,0,1,3,134" ten="355,292,152,201" oya="0" hai0="132,126,118,61,66,105,11,111,93,119,49,20,135" hai1="1,23,81,52,97,8,129,112,34,95,21,115,19" hai2="78,39,13,124,35,108,85,116,125,55,43,109,80" hai3="41,31,101,84,44,47,24,7,6,104,29,92,114"/><T90/><D105/><U16/><E34/><V122/><F122/><W42/><G104/><T131/><D131/><U53/><E129/><V59/><F35/><W70/><G70/><T68/><D49/><U50/><E81/><V100/><F116/><W37/><G114/><N who="1" m="43562" /><E1/><V36/><F100/><W18/><G18/><N who="1" m="6698" /><E8/><V26/><F26/><W57/><G57/><T96/><D20/><N who="1" m="7755" /><E50/><N who="2" m="31223" /><F13/><W117/><G117/><T94/><D11/><U38/><E38/><N who="2" m="14379" /><F43/><W28/><G24/><T14/><D14/><U75/><E75/><V71/><F71/><W40/><G37/><T72/><D72/><U30/><E30/><V58/><F58/><W79/><G6/><T127/><D118/><U5/><E5/><V74/><F74/><W22/><G7/><T33/><D33/><U17/><N who="1" m="6706" /><U86/><DORA hai="54" /><E86/><V99/><F99/><N who="3" m="59623" /><G22/><T69/><D69/><U76/><E76/><V130/><F130/><W77/><G84/><N who="0" m="52423" /><D119/><U32/><E32/><V103/><F85/><W110/><G79/><T3/><D3/><U62/><E62/><V123/><F78/><W60/><G60/><T121/><D61/><U10/><E10/><V113/><F113/><W2/><G2/><T9/><D9/><U128/><E128/><V15/><F15/><W65/><G77/><T51/><D68/><U63/><E63/><V67/><F80/><W45/><G29/><T56/><D51/><U27/><E27/><V46/><F108/><W87/><G110/><T107/><D111/><U4/><E4/><V12/><F109/><W82/><G82/><T64/><D96/><U73/><E73/><RYUUKYOKU ba="0,0" sc="355,-10,292,30,152,-10,201,-10" hai1="52,53,95,97" /><INIT seed="5,1,0,3,3,120" ten="345,322,142,191" oya="1" hai0="40,52,7,93,131,97,83,134,123,45,118,2,54" hai1="11,57,65,63,23,56,72,75,22,10,129,19,96" hai2="47,95,87,5,31,104,76,35,1,100,98,73,15" hai3="74,33,117,14,111,32,6,13,109,88,48,36,107"/><U67/><E96/><V49/><F1/><W110/><G36/><T122/><D118/><U17/><REACH who="1" step="1"/><E63/><REACH who="1" ten="345,312,142,191" step="2"/><V60/><F60/><W80/><G110/><T132/><D131/><AGARI ba="1,1" hai="10,11,17,19,22,23,56,57,65,67,72,75,129,131" machi="131" ten="25,9600,0" yaku="1,1,2,1,22,2,53,0" doraHai="120" doraHaiUra="28" who="1" fromWho="0" sc="345,-99,312,109,142,0,191,0" /><INIT seed="5,2,0,1,4,127" ten="246,421,142,191" oya="1" hai0="36,101,48,125,104,111,98,0,72,66,97,80,59" hai1="133,28,27,78,42,35,57,7,54,114,126,76,9" hai2="33,2,86,105,23,32,60,53,85,89,20,132,1" hai3="92,64,19,11,95,25,100,67,26,69,71,8,47"/><U15/><E126/><V82/><F105/><W129/><G47/><T109/><D0/><U12/><E114/><V117/><F117/><W103/><REACH who="3" step="1"/><G19/><REACH who="3" ten="246,421,142,181" step="2"/><T84/><D111/><U121/><E78/><V118/><F118/><W16/><G16/><T96/><D109/><U116/><E76/><V88/><F132/><W44/><G44/><T108/><D108/><U81/><E133/><V38/><F38/><W24/><G24/><T31/><D36/><U135/><E135/><V41/><F41/><W93/><G93/><T52/><D125/><U58/><E116/><V123/><F123/><W37/><G37/><T62/><D31/><U110/><E121/><V75/><F75/><W55/><G55/><T120/><D72/><U94/><E110/><V106/><F106/><W122/><G122/><T5/><D120/><U65/><E54/><V39/><F39/><W130/><AGARI ba="2,1" hai="8,11,25,26,64,67,69,71,92,95,100,103,129,130" machi="130" ten="25,12000,2" yaku="1,1,0,1,22,2,52,2,53,0" doraHai="127" doraHaiUra="73" who="3" fromWho="3" sc="246,-32,421,-62,142,-32,181,136" /><INIT seed="6,0,0,5,4,84" ten="214,359,110,317" oya="2" hai0="4,98,77,122,1,28,57,9,19,97,118,72,6" hai1="31,133,62,16,108,120,64,135,55,7,46,86,17" hai2="89,83,78,115,49,127,47,119,90,14,70,38,107" hai3="74,102,81,41,71,61,109,87,53,33,96,43,79"/><V94/><F119/><W131/><G109/><T8/><D122/><U20/><E108/><V104/><F70/><W110/><G110/><T42/><D28/><U44/><E120/><V59/><F38/><W73/><G131/><T125/><D125/><U11/><E86/><V117/><F117/><W69/><G69/><T40/><D118/><U113/><E31/><V51/><F127/><W24/><G74/><T134/><D134/><N who="1" m="51211" /><E113/><V129/><F129/><W63/><G63/><T91/><D57/><N who="1" m="36943" /><E55/><N who="2" m="32239" /><F115/><W80/><G53/><T45/><D19/><N who="1" m="7243" /><E20/><V128/><F128/><W39/><G61/><T22/><D22/><U112/><E112/><V34/><F34/><W15/><G71/><T103/><D72/><U37/><E37/><V36/><F36/><W88/><G39/><T65/><D65/><U99/><E99/><N who="2" m="57807" /><F107/><W93/><REACH who="3" step="1"/><G15/><AGARI ba="0,0" hai="7,11,15,44,46" m="7243,36943,51211" machi="15" ten="30,2000,0" yaku="20,1,54,1" doraHai="84" who="1" fromWho="3" sc="214,0,359,20,110,0,317,-20" /><INIT seed="7,0,0,4,3,73" ten="214,379,110,297" oya="3" hai0="15,38,76,28,10,56,49,12,9,78,135,67,31" hai1="26,27,6,118,50,34,35,100,21,133,32,108,47" hai2="52,1,84,91,63,94,106,60,123,19,132,59,112" hai3="11,42,48,117,44,115,5,13,62,72,122,55,121"/><W36/><G117/><T126/><D38/><U128/><E108/><V93/><F112/><W18/><G115/><T131/><D131/><U113/><E113/><V92/><F132/><W58/><G72/><T14/><D126/><U57/><E133/><V97/><F123/><W30/><G30/><N who="0" m="11307" /><D135/><U111/><E111/><V116/><F1/><W71/><REACH who="3" step="1"/><G5/><REACH who="3" ten="214,379,110,287" step="2"/><T75/><D75/><U39/><E6/><V37/><F116/><W99/><G99/><T107/><D107/><U61/><E118/><V4/><F4/><W90/><G90/><T8/><D67/><AGARI ba="0,1" hai="11,13,18,36,42,44,48,55,58,62,67,71,121,122" machi="67" ten="40,7700,0" yaku="1,1,24,2,53,0" doraHai="73" doraHaiUra="77" who="3" fromWho="0" sc="214,-77,379,0,110,0,287,87" /><INIT seed="7,1,0,5,0,15" ten="137,379,110,374" oya="3" hai0="71,32,102,119,49,56,28,86,94,61,130,100,5" hai1="27,122,96,40,13,79,2,6,110,24,8,84,81" hai2="101,132,55,111,47,37,105,29,104,18,34,68,88" hai3="118,77,99,87,26,22,97,112,134,108,50,7,51"/><W124/><G118/><T74/><D74/><U36/><E110/><V54/><F111/><W120/><G120/><T35/><D119/><U114/><E122/><V135/><F68/><W90/><G108/><T66/><D130/><U19/><E114/><V39/><F34/><W95/><G112/><T64/><D5/><U14/><E2/><V1/><F29/><N who="3" m="17623" /><G134/><N who="2" m="51241" /><F1/><W58/><G124/><T53/><D66/><U115/><E115/><V78/><F78/><W30/><G30/><T25/><D35/><U11/><E36/><N who="2" m="13899" /><F101/><W57/><G7/><T17/><D17/><U89/><E40/><V38/><N who="2" m="13907" /><V76/><DORA hai="41" /><F76/><W116/><G116/><T21/><D32/><U31/><E31/><V0/><F0/><W46/><G50/><T113/><D113/><U92/><AGARI ba="1,0" hai="6,8,11,13,14,19,24,27,79,81,84,89,92,96" machi="92" ten="30,4000,0" yaku="0,1,8,1,52,1" doraHai="15,41" who="1" fromWho="1" sc="137,-11,379,43,110,-11,374,-21" owari="126,-27.4,422,52.2,99,-40.1,353,15.3" /></mjloggm>