<mjloggm ver="2.3"><GO type="169" lobby="0"/><UN n0="%E3%82%8A%E3%82%93%E3%81%94%32%32%36" n1="%E3%82%AB%E3%83%AB%E3%83%94%E3%82%B9%E3%82%B5%E3%83%AF%E3%83%BC" n2="%E2%97%8E%E3%82%88%E3%81%97%E2%97%8E" n3="%E2%91%A3%E3%82%BB%E3%83%B3%E3%83%81" dan="17,17,17,18" rate="2189.40,2227.86,2169.60,2286.99" sx="M,M,M,M"/><TAIKYOKU oya="0"/><INIT seed="0,0,0,3,2,38" ten="250,250,250,250" oya="0" hai0="96,36,72,90,25,14,133,69,48,6,93,127,111" hai1="26,120,51,16,22,130,34,56,47,114,105,82,126" hai2="49,57,88,46,67,53,32,86,23,79,68,116,115" hai3="75,28,7,121,54,8,108,60,124,9,12,89,131"/><T97/><D36/><U76/><E120/><V5/><F32/><W50/><G75/><T81/><D127/><U119/><E119/><V43/><F115/><W27/><G124/><T20/><D133/><U41/><E126/><V125/><F125/><W64/><G108/><T98/><D69/><U61/><E105/><V92/><F116/><W37/><G37/><T52/><D111/><U19/><E130/><V15/><F79/><W3/><G89/><T91/><D6/><U71/><E114/><V104/><F104/><W42/><G131/><T109/><D14/><U1/><E1/><V134/><F134/><W58/><G121/><T30/><D109/><U84/><E34/><V77/><F77/><W29/><G27/><T128/><D128/><U74/><E71/><V18/><F5/><W11/><G42/><T122/><D122/><U123/><E123/><V2/><F2/><W83/><G83/><T103/><D72/><U4/><E4/><V40/><F46/><W95/><G95/><T107/><D107/><U33/><E33/><V0/><REACH who="2" step="1"/><F0/><REACH who="2" ten="250,250,240,250" step="2"/><W59/><G3/><T13/><D103/><U87/><REACH who="1" step="1"/><E19/><REACH who="1" ten="250,240,240,250" step="2"/><V102/><F102/><W45/><G45/><N who="0" m="27663" /><D13/><U80/><E80/><V21/><F21/><W112/><G112/><T73/><D73/><U10/><E10/><AGARI ba="0,2" hai="7,8,9,10,11,12,28,29,50,54,58,59,60,64" machi="10" ten="40,1300,0" yaku="8,1" doraHai="38" who="3" fromWho="1" sc="250,0,240,-13,240,0,250,33" /><INIT seed="1,0,0,2,3,53" ten="250,227,240,283" oya="1" hai0="25,40,96,70,120,115,62,64,119,39,69,74,42" hai1="44,22,2,108,109,45,83,50,113,38,24,107,35" hai2="60,91,127,123,135,27,101,18,3,5,34,57,132" hai3="118,98,84,36,67,33,59,77,117,88,71,23,43"/><U10/><E113/><V76/><F123/><W49/><G33/><T29/><D119/><N who="3" m="45577" /><G71/><T21/><D74/><U19/><E107/><V63/><F127/><W85/><G36/><T122/><D115/><U26/><E38/><V128/><F128/><W7/><G7/><T130/><D130/><U103/><E103/><V65/><F101/><W89/><G77/><T66/><D96/><U20/><E35/><V78/><F5/><W102/><G23/><T30/><D39/><U4/><E83/><V82/><F3/><W31/><G31/><T110/><D110/><N who="1" m="42603" /><E50/><V79/><F60/><N who="3" m="38303" /><G43/><T52/><D30/><AGARI ba="0,0" hai="2,4,10,19,20,22,24,26,30,44,45" m="42603" machi="30" ten="30,2900,0" yaku="14,1,10,1" doraHai="53" who="1" fromWho="0" sc="250,-29,227,29,240,0,283,0" /><INIT seed="1,1,0,2,4,100" ten="221,256,240,283" oya="1" hai0="74,88,30,31,39,117,55,97,33,80,27,69,123" hai1="61,65,89,32,51,42,85,105,93,84,76,104,120" hai2="10,57,66,28,15,110,92,128,59,1,119,90,25" hai3="54,14,81,122,53,73,5,58,20,124,109,46,40"/><U24/><E120/><V35/><F119/><W17/><G122/><T79/><D117/><U38/><E38/><V50/><F110/><W45/><G109/><T87/><D123/><U12/><E12/><V2/><F128/><W23/><G124/><T101/><D69/><U44/><E76/><V121/><F121/><W67/><G46/><T56/><D31/><U78/><E32/><V26/><F26/><W68/><G68/><T47/><D47/><U103/><E24/><V130/><F130/><W4/><G67/><T3/><D3/><U62/><E103/><V13/><F13/><W113/><G54/><T48/><D39/><U102/><E102/><V77/><F77/><W70/><G70/><T43/><D43/><U7/><E7/><V132/><F132/><W98/><G98/><T135/><D135/><U11/><E11/><V36/><F36/><W60/><G113/><T9/><D9/><U134/><E134/><V75/><F75/><W64/><G64/><T126/><D126/><U114/><E114/><V106/><F106/><W91/><G23/><T96/><REACH who="0" step="1"/><D101/><REACH who="0" ten="211,256,240,283" step="2"/><U86/><E78/><V37/><F37/><W129/><G129/><T133/><D133/><U83/><E83/><AGARI ba="1,1" hai="27,30,33,48,55,56,74,79,80,83,87,88,96,97" machi="83" ten="30,8000,1" yaku="1,1,7,1,54,1,53,2" doraHai="100" doraHaiUra="94" who="0" fromWho="1" sc="211,93,256,-83,240,0,283,0" /><INIT seed="2,0,0,5,0,125" ten="304,173,240,283" oya="2" hai0="67,47,116,24,17,117,5,30,115,92,49,19,131" hai1="15,82,77,20,110,6,81,127,96,111,107,93,34" hai2="33,102,100,26,46,40,132,124,25,12,69,70,23" hai3="64,84,54,119,48,63,57,80,113,10,66,112,88"/><V42/><F124/><W135/><G119/><T0/><D67/><U29/><E127/><V65/><F132/><W126/><G126/><T18/><D92/><U11/><E107/><V53/><F53/><W89/><G135/><T16/><D115/><U1/><E34/><V97/><F65/><W45/><G89/><T13/><D49/><U129/><E129/><V22/><F12/><W55/><G113/><T76/><D76/><U8/><E20/><V58/><F58/><W108/><G108/><N who="1" m="41514" /><E29/><V109/><F109/><W56/><G112/><T28/><D47/><U91/><E77/><V41/><F46/><W21/><G21/><N who="2" m="7689" /><F97/><W121/><G121/><T122/><D131/><U118/><E118/><N who="0" m="45673" /><D24/><N who="2" m="9322" /><F33/><W114/><G114/><T75/><D122/><U95/><E95/><V50/><F50/><W7/><REACH who="3" step="1"/><G45/><REACH who="3" ten="304,173,240,273" step="2"/><T133/><D133/><U94/><E94/><V2/><F2/><AGARI ba="0,1" hai="2,7,10,48,54,55,56,57,63,64,66,80,84,88" machi="2" ten="30,12000,2" yaku="1,1,2,1,7,1,54,1,53,2" doraHai="125" doraHaiUra="60" who="3" fromWho="2" sc="304,0,173,0,240,-120,273,130" /><INIT seed="3,0,0,1,2,106" ten="304,173,120,403" oya="3" hai0="135,16,129,7,18,104,72,29,87,64,114,22,82" hai1="107,77,73,84,113,63,97,111,80,125,130,86,60" hai2="78,92,121,44,120,101,19,133,79,51,66,39,17" hai3="105,23,13,49,67,83,59,2,38,32,21,3,119"/><W65/><G38/><T15/><D129/><U4/><E113/><V12/><F39/><W6/><G32/><T126/><D135/><U8/><E130/><V70/><F133/><W99/><G119/><T45/><D126/><U53/><E125/><V124/><F124/><W76/><G105/><T0/><D104/><U85/><E111/><V100/><F66/><W108/><G99/><T127/><D114/><U61/><E53/><V74/><F70/><W122/><G122/><N who="2" m="47209" /><F19/><W117/><G23/><T71/><D29/><U5/><REACH who="1" step="1"/><E8/><REACH who="1" ten="304,163,120,403" step="2"/><V103/><F92/><W128/><G108/><T98/><D127/><U75/><E75/><V81/><F74/><W52/><G128/><T1/><D72/><U115/><E115/><V25/><F81/><W37/><G83/><T69/><D82/><U26/><E26/><V55/><F25/><W42/><G52/><T35/><D64/><U112/><E112/><V58/><F44/><W68/><G67/><T34/><D45/><U89/><E89/><V11/><AGARI ba="0,1" hai="11,12,17,51,55,58,78,79,100,101,103" m="47209" machi="11" ten="30,1100,0" yaku="13,1" doraHai="106" who="2" fromWho="2" sc="304,-3,163,-3,120,21,403,-5" /><INIT seed="4,0,0,2,2,25" ten="301,160,141,398" oya="0" hai0="48,80,110,21,40,49,117,67,124,104,94,8,100" hai1="3,113,50,78,105,53,6,10,68,2,56,16,0" hai2="90,133,127,62,32,87,75,134,11,60,95,101,121" hai3="29,93,35,36,116,115,66,4,129,84,26,9,73"/><T61/><D117/><U111/><E111/><V102/><F121/><W1/><G73/><T14/><D104/><U128/><E105/><V119/><F75/><W83/><G116/><T122/><D124/><U7/><E68/><V131/><F119/><W109/><G109/><T44/><D110/><U120/><E120/><V19/><F32/><W55/><G36/><T31/><D80/><U34/><E34/><V37/><F37/><W92/><G66/><T89/><D100/><N who="2" m="38506" /><F127/><W15/><G115/><T18/><D122/><U81/><E128/><V79/><F79/><W22/><G129/><T12/><D49/><U86/><REACH who="1" step="1"/><E113/><REACH who="1" ten="301,150,141,398" step="2"/><V76/><F131/><W88/><G55/><T54/><D54/><U85/><E85/><V43/><F87/><W65/><G65/><T57/><D67/><U39/><E39/><V13/><F43/><W99/><G99/><T135/><D40/><U51/><E51/><V42/><F42/><W47/><G47/><T20/><D44/><U64/><E64/><V17/><F134/><W27/><REACH who="3" step="1"/><G1/><REACH who="3" ten="301,150,141,388" step="2"/><T70/><D70/><U103/><E103/><V126/><F133/><W63/><G63/><T97/><D135/><U114/><E114/><V132/><F132/><W112/><G112/><T118/><D61/><U46/><E46/><V41/><F60/><W5/><G5/><N who="0" m="3087" /><D118/><U125/><E125/><V108/><F126/><W98/><G98/><T106/><D106/><U58/><E58/><V38/><F108/><W45/><G45/><T59/><D48/><U23/><E23/><V30/><F62/><W33/><G33/><T52/><D52/><RYUUKYOKU ba="0,2" sc="301,10,150,10,141,-30,388,10" hai0="14,18,20,21,31,57,59,89,94,97" hai1="0,2,3,6,7,10,16,50,53,56,78,81,86" hai3="4,9,15,22,26,27,29,35,83,84,88,92,93" /><INIT seed="4,1,2,5,0,78" ten="311,160,111,398" oya="0" hai0="24,42,22,97,49,68,54,20,71,91,122,99,81" hai1="88,82,67,106,110,15,14,18,76,135,115,12,45" hai2="19,52,117,119,72,74,56,118,70,109,63,112,44" hai3="32,113,92,16,4,128,51,86,28,73,27,30,25"/><T7/><D122/><U95/><E110/><V62/><F109/><W90/><G113/><T134/><D134/><U38/><E106/><V13/><F112/><W85/><G73/><T36/><D36/><U133/><E115/><V77/><F77/><W104/><G128/><T47/><D71/><U17/><E67/><N who="2" m="41335" /><F44/><W132/><G104/><T57/><D7/><U108/><E108/><V5/><F5/><W35/><G132/><N who="1" m="50762" /><E45/><V0/><F0/><W64/><G4/><T96/><D68/><U120/><E38/><V3/><F3/><W65/><G51/><N who="0" m="30943" /><D24/><U127/><E120/><V101/><F101/><W11/><G86/><AGARI ba="1,2" hai="20,22,42,47,49,81,86,91,96,97,99" m="30943" machi="86" ten="30,2900,0" yaku="8,1,52,1" doraHai="78" who="0" fromWho="3" sc="311,52,160,0,111,0,398,-32" /><INIT seed="4,2,0,3,1,89" ten="363,160,111,366" oya="0" hai0="83,61,57,27,50,135,119,132,10,74,45,75,39" hai1="106,18,131,79,34,60,87,118,36,17,66,112,111" hai2="107,104,126,8,30,124,99,122,127,32,71,94,69" hai3="52,110,113,82,22,129,102,98,116,105,5,109,11"/><T115/><D119/><U20/><E118/><V80/><F122/><W65/><G116/><T56/><D39/><U21/><E111/><V64/><F64/><W67/><G113/><T108/><D108/><U53/><E34/><V81/><F8/><W16/><G129/><T26/><D10/><U123/><E123/><V12/><F12/><W48/><G82/><N who="2" m="31849" /><F30/><W91/><G91/><T86/><D115/><U37/><E112/><V128/><F32/><W6/><G110/><T93/><D27/><U73/><E66/><V54/><F54/><W42/><G42/><T9/><D9/><U40/><E53/><V133/><F128/><W4/><G11/><T114/><D26/><U90/><E40/><V97/><F133/><N who="0" m="51274" /><D114/><U130/><E130/><V43/><F43/><W84/><G84/><T125/><D61/><U76/><E60/><V70/><F94/><N who="3" m="58711" /><G109/><T0/><D93/><U41/><E131/><V100/><F100/><W31/><G31/><T96/><D0/><U121/><E121/><V33/><F33/><W44/><G105/><AGARI ba="2,0" hai="69,70,71,97,99,104,105,107,124,126,127" m="31849" machi="105" ten="50,6400,0" yaku="28,2,18,1" doraHai="89" who="2" fromWho="3" sc="363,0,160,0,111,70,366,-70" /><INIT seed="5,0,0,3,4,123" ten="363,160,181,296" oya="1" hai0="27,31,103,29,114,55,37,117,3,74,87,135,47" hai1="66,39,60,129,62,79,83,134,20,32,106,53,97" hai2="130,14,24,84,127,16,45,35,4,2,96,94,18" hai3="67,70,28,38,72,102,59,40,36,132,120,33,116"/><U69/><E129/><V61/><F130/><W107/><G59/><T100/><D117/><U92/><E134/><V88/><F127/><W95/><G95/><T15/><D3/><U41/><E32/><V9/><F2/><W65/><G65/><T12/><D74/><U76/><E106/><V82/><F35/><W54/><G54/><T128/><D114/><U52/><E20/><N who="2" m="13319" /><F45/><W113/><G40/><T131/><D135/><U64/><E41/><V110/><F110/><W73/><G120/><T90/><D37/><N who="3" m="14441" /><G113/><T115/><D115/><U46/><E39/><V49/><F49/><W93/><G93/><T77/><D47/><U56/><E46/><V89/><F61/><N who="3" m="40303" /><G116/><T6/><D128/><U99/><E99/><V50/><F50/><W78/><G78/><T0/><D77/><U68/><E56/><V30/><F30/><W25/><G132/><T112/><D31/><U122/><E122/><V101/><F18/><W126/><G126/><T48/><D131/><U17/><E17/><V105/><F105/><W81/><G81/><N who="0" m="49519" /><D112/><U7/><E7/><V8/><F8/><W51/><G51/><T98/><D48/><U21/><E21/><V124/><F124/><W71/><G71/><T26/><D6/><U13/><E13/><V43/><F43/><W125/><G125/><T104/><D15/><U34/><E34/><V57/><F57/><W19/><G19/><T91/><D12/><U133/><E133/><V11/><F11/><W121/><G121/><T10/><D10/><U118/><E118/><V108/><F108/><W86/><G86/><T5/><D104/><RYUUKYOKU ba="0,0" sc="363,-15,160,-15,181,15,296,15" hai2="4,9,14,82,84,88,89,94,96,101" hai3="25,28,33,72,73,102,107" /><INIT seed="6,1,0,0,2,90" ten="348,145,196,311" oya="2" hai0="26,35,60,15,72,63,19,124,94,49,4,78,67" hai1="88,114,106,91,111,123,125,50,97,6,40,21,0" hai2="58,28,52,99,64,80,121,48,73,20,10,69,131" hai3="54,1,79,22,12,132,62,23,39,16,76,17,65"/><V84/><F121/><W44/><G1/><T47/><D124/><U92/><E111/><V18/><F73/><W116/><G116/><T110/><D110/><U27/><E125/><V45/><F131/><W75/><G132/><T5/><D72/><U87/><E123/><V96/><F69/><W11/><G75/><T126/><D78/><U38/><E38/><V42/><F28/><W118/><G118/><T32/><D32/><U86/><E114/><V122/><F10/><W133/><G133/><T120/><D126/><U3/><E106/><V89/><F64/><W130/><G130/><T68/><D63/><U81/><E6/><V59/><F59/><W83/><G83/><T93/><D4/><U66/><E66/><V103/><F103/><W135/><G11/><T102/><D102/><U117/><E117/><V127/><F122/><W36/><G36/><T119/><D5/><U109/><E109/><V95/><F80/><W13/><G135/><T112/><D112/><U108/><E108/><V33/><F33/><W107/><G107/><T70/><D70/><U61/><E61/><N who="2" m="36039" /><F127/><W37/><G37/><T55/><D119/><U31/><REACH who="1" step="1"/><E86/><REACH who="1" ten="348,135,196,311" step="2"/><V77/><F77/><W2/><G39/><T30/><D120/><U25/><E25/><AGARI ba="1,1" hai="18,20,25,42,45,48,84,89,95,96,99" m="36039" machi="25" ten="30,5800,0" yaku="8,1,52,1,54,1" doraHai="90" who="2" fromWho="1" sc="348,0,135,-61,196,71,311,0" /><INIT seed="6,2,0,1,0,119" ten="348,74,267,311" oya="2" hai0="59,30,65,78,133,38,112,6,106,95,83,67,37" hai1="10,127,8,88,117,93,73,48,2,35,110,32,89" hai2="130,52,109,18,118,107,134,103,64,76,27,116,54" hai3="68,113,0,102,75,51,19,3,16,66,17,34,79"/><V12/><F76/><W14/><G34/><T92/><D106/><U108/><E117/><V84/><F64/><W13/><G102/><T23/><D6/><U101/><E73/><V49/><F54/><W77/><G51/><T120/><D120/><U94/><E48/><V28/><F103/><W40/><G40/><T81/><D112/><U9/><E101/><V41/><F41/><W124/><G75/><T125/><D125/><U111/><E2/><N who="3" m="554" /><G66/><T74/><D30/><U21/><E21/><V43/><F43/><W11/><G68/><T4/><D4/><U58/><E58/><V98/><F107/><W86/><G86/><T61/><D23/><U82/><E82/><V62/><F84/><W99/><G11/><T55/><D74/><U36/><E36/><V39/><F39/><W72/><G72/><T63/><D59/><U44/><E44/><V31/><F31/><W129/><G129/><T5/><D55/><U33/><REACH who="1" step="1"/><E127/><REACH who="1" ten="348,64,267,311" step="2"/><V132/><F118/><W128/><G124/><T135/><D38/><U46/><E46/><V57/><F116/><W100/><G100/><T91/><D37/><U1/><E1/><V114/><F49/><W47/><G47/><T69/><D69/><U20/><E20/><V42/><F57/><W15/><G128/><T90/><D78/><N who="3" m="29705" /><G113/><T7/><AGARI ba="2,1" hai="5,7,61,63,65,67,81,83,90,91,92,95,133,135" machi="7" ten="25,3200,0" yaku="0,1,22,2" doraHai="119" who="0" fromWho="0" sc="348,48,64,-10,267,-18,311,-10" /><INIT seed="7,0,0,2,1,103" ten="396,54,249,301" oya="3" hai0="116,17,54,30,37,94,131,119,89,62,135,61,45" hai1="18,76,59,111,20,100,26,14,88,28,22,48,31" hai2="105,87,113,63,77,55,104,82,115,9,24,84,10" hai3="64,96,19,110,70,35,57,56,32,47,38,7,117"/><W98/><G117/><T40/><D131/><U134/><E134/><V0/><F24/><W92/><G70/><T118/><D135/><U69/><E69/><V129/><F129/><W67/><G7/><T80/><D80/><U2/><E111/><V91/><F55/><W99/><G92/><T49/><D30/><U25/><E76/><V73/><F63/><W85/><G85/><T83/><D83/><U34/><E100/><V33/><F33/><W44/><G19/><T4/><D4/><U109/><E109/><V114/><F0/><W16/><G16/><T132/><D17/><U75/><E75/><V81/><F73/><W1/><G110/><T42/><D132/><U65/><E65/><N who="3" m="25162" /><G38/><T123/><D123/><U107/><E107/><AGARI ba="0,0" hai="9,10,77,81,82,84,87,91,104,105,107,113,114,115" machi="107" ten="50,8000,1" yaku="15,1,52,3" doraHai="103" who="2" fromWho="1" sc="396,0,54,-80,249,80,301,0" owari="396,49.6,-26,-52.6,329,12.9,301,-9.9" /></mjloggm>