<mjloggm ver="2.3"><GO type="169" lobby="0"/><UN n0="%6F%6B%61%62%65%73%68%69" n1="%E6%81%8B%E3%81%AE%E3%81%86%E3%81%9F" n2="%E4%B8%8B%E7%B4%9A%E5%9B%BD%E6%B0%91" n3="%E3%82%BF%E3%82%A4%E4%BA%BA%EF%BC%A0%E3%83%90%E3%83%B3%E3%82%B3%E3%82%AF" dan="17,17,17,16" rate="2238.61,2266.66,2132.80,2143.95" sx="M,M,M,M"/><TAIKYOKU oya="0"/><INIT seed="0,0,0,2,1,86" ten="250,250,250,250" oya="0" hai0="113,89,35,40,104,6,65,93,33,59,100,95,12" hai1="2,37,82,7,131,80,83,43,133,39,32,0,25" hai2="36,56,62,57,29,4,30,111,14,52,45,123,48" hai3="125,26,19,116,85,21,76,66,108,38,20,88,98"/><T101/><D113/><U24/><E7/><V17/><F111/><W72/><G116/><T31/><D104/><U8/><E8/><V130/><F130/><W75/><G38/><N who="1" m="14346" /><E43/><V105/><F105/><W79/><G108/><T117/><D117/><U46/><E46/><V47/><F123/><W118/><G125/><T71/><D71/><U73/><E73/><V114/><F4/><W103/><G118/><T58/><D40/><U115/><E32/><V54/><F114/><W96/><G66/><T109/><D109/><U50/><E50/><V1/><F1/><N who="1" m="617" /><E133/><V55/><F36/><W67/><G67/><T124/><D6/><U81/><N who="1" m="20480" /><DORA hai="126" /><U49/><E49/><N who="2" m="28719" /><F57/><W84/><G26/><N who="1" m="10346" /><E115/><V11/><AGARI ba="0,0" hai="11,14,17,29,30,47,48,54,55,56,62" m="28719" machi="11" ten="30,2000,0" yaku="8,1,54,1" doraHai="86,126" who="2" fromWho="2" sc="250,-10,250,-5,250,20,250,-5" /><INIT seed="1,0,0,4,5,2" ten="240,245,270,245" oya="1" hai0="106,55,39,16,57,14,126,66,24,117,3,49,38" hai1="98,132,111,22,9,71,127,6,114,44,33,64,77" hai2="29,90,23,50,37,10,87,43,60,125,12,82,58" hai3="34,83,52,76,81,53,100,89,32,91,78,85,101"/><U102/><E114/><V108/><F108/><W133/><REACH who="3" step="1"/><G85/><REACH who="3" ten="240,245,270,235" step="2"/><T46/><D117/><U123/><E111/><V119/><F119/><W26/><G26/><T128/><D126/><U18/><E127/><V36/><F125/><W131/><G131/><T130/><D106/><U86/><E86/><V95/><F87/><W48/><G48/><T21/><D130/><U105/><E105/><V84/><F50/><W63/><G63/><T120/><D128/><U1/><E132/><AGARI ba="0,1" hai="32,34,52,53,76,78,81,83,89,91,100,101,132,133" machi="132" ten="25,8000,1" yaku="21,2,22,2,54,1,53,0" doraHai="2" doraHaiUra="68" who="3" fromWho="1" sc="240,0,245,-80,270,0,235,90" /><INIT seed="2,0,0,5,2,128" ten="240,165,270,325" oya="2" hai0="94,101,121,50,104,33,89,46,72,35,9,26,25" hai1="83,54,40,106,110,63,16,71,44,80,31,132,86" hai2="85,111,28,10,134,84,29,123,130,59,82,21,68" hai3="107,126,1,78,67,2,56,37,116,39,45,118,65"/><V75/><F68/><W113/><G107/><T76/><D121/><U34/><E110/><V124/><F123/><W77/><G56/><T20/><D26/><U99/><E34/><V12/><F130/><W102/><G102/><T135/><D135/><U81/><E31/><V73/><F124/><W129/><G129/><T3/><D101/><U120/><E120/><V55/><F85/><W49/><G49/><T66/><D104/><U109/><E109/><V32/><F32/><W51/><G51/><T74/><D66/><U93/><E106/><V91/><F111/><W60/><G60/><T92/><D92/><U131/><E131/><V114/><F114/><W88/><G45/><T23/><D23/><U36/><E132/><V19/><F134/><W69/><G69/><T18/><D72/><U14/><E54/><V53/><F53/><W115/><REACH who="3" step="1"/><G88/><REACH who="3" ten="240,165,270,315" step="2"/><T117/><D50/><U103/><E71/><V119/><F59/><W125/><AGARI ba="0,1" hai="1,2,37,39,65,67,77,78,113,115,116,118,125,126" machi="125" ten="25,8000,1" yaku="1,1,2,1,0,1,22,2,53,0" doraHai="128" doraHaiUra="87" who="3" fromWho="3" sc="240,-20,165,-20,270,-40,315,90" /><INIT seed="3,0,0,4,3,4" ten="220,145,230,405" oya="3" hai0="34,73,50,36,111,99,46,9,76,122,35,48,117" hai1="29,21,80,25,134,128,20,61,57,67,10,60,89" hai2="91,16,78,100,17,59,53,68,115,41,94,26,7" hai3="58,74,2,101,23,69,44,97,105,124,71,92,47"/><W70/><G124/><T84/><D122/><U79/><E128/><V107/><F68/><W19/><G74/><T45/><D117/><U72/><E134/><V66/><F66/><W51/><G2/><T131/><D36/><U109/><E109/><V110/><F41/><W133/><G133/><T65/><D73/><U113/><E113/><V1/><F78/><W54/><REACH who="3" step="1"/><G105/><REACH who="3" ten="220,145,230,395" step="2"/><T103/><D131/><U86/><E72/><V30/><F107/><W43/><G43/><T83/><D111/><U33/><E79/><V102/><F1/><W95/><G95/><T49/><D35/><U24/><E33/><V63/><F110/><W27/><AGARI ba="0,1" hai="19,23,27,44,47,51,54,58,69,70,71,92,97,101" machi="27" ten="30,12000,1" yaku="1,1,0,1,53,3" doraHai="4" doraHaiUra="64" who="3" fromWho="3" sc="220,-40,145,-40,230,-40,395,130" /><INIT seed="3,1,0,0,0,51" ten="180,105,190,525" oya="3" hai0="124,76,65,96,31,104,71,116,24,42,133,41,20" hai1="103,40,34,10,122,0,38,57,18,91,48,82,83" hai2="63,54,44,105,115,72,16,107,17,52,53,99,32" hai3="97,102,45,33,112,58,12,87,92,101,129,9,113"/><W49/><G33/><T7/><D116/><U88/><E122/><V95/><F72/><W66/><G129/><T15/><D124/><U69/><E69/><V64/><F32/><W27/><G87/><T70/><D133/><U134/><E38/><V85/><F85/><W98/><G27/><T128/><D76/><U67/><E0/><V43/><F115/><W2/><G2/><T131/><D71/><U46/><E103/><V35/><F35/><W36/><G36/><T127/><D127/><U130/><E134/><V61/><F107/><W117/><G117/><T118/><D118/><U123/><E123/><V75/><F105/><W4/><G58/><T90/><D104/><U94/><E34/><V3/><F75/><W37/><G66/><T29/><D29/><U56/><E130/><N who="0" m="49705" /><D96/><U60/><E57/><N who="2" m="36911" /><F63/><W28/><G28/><T55/><D90/><U119/><E91/><N who="2" m="55807" /><F3/><W8/><G37/><T50/><D65/><U30/><E30/><V26/><F26/><W114/><G9/><N who="0" m="4543" /><D70/><U81/><E119/><V79/><F79/><W108/><G108/><T135/><D135/><U73/><E73/><V106/><F106/><W80/><G80/><T62/><D62/><U47/><E82/><V110/><F110/><W14/><G14/><T111/><D111/><U125/><E125/><V109/><F109/><W132/><G132/><T86/><D86/><U120/><E120/><V84/><F84/><W22/><G114/><T25/><D24/><U93/><E83/><V23/><F23/><W11/><G22/><T100/><D100/><U59/><E81/><V74/><F74/><RYUUKYOKU ba="1,0" sc="180,15,105,-15,190,15,525,-15" hai0="20,25,31,41,42,50,55" hai2="16,17,43,44,52,53,54" /><INIT seed="4,2,0,5,1,46" ten="195,90,205,510" oya="0" hai0="48,38,6,22,18,50,70,34,116,67,77,10,89" hai1="56,124,54,96,83,88,42,134,61,76,135,25,32" hai2="106,98,12,92,19,73,85,80,60,3,45,2,93" hai3="87,24,120,86,81,121,133,130,100,58,13,5,75"/><T102/><D116/><U37/><E37/><V52/><F73/><W126/><G75/><T84/><D38/><U8/><E42/><V9/><F106/><W1/><G1/><T111/><D34/><U68/><E68/><V104/><F104/><W119/><G119/><T43/><D102/><U129/><E129/><V0/><F98/><W113/><G113/><T26/><D77/><U128/><E128/><V17/><F17/><W66/><G130/><T49/><D111/><U69/><E69/><V63/><F63/><W40/><G40/><T44/><D67/><U72/><E8/><V74/><F74/><W95/><G24/><T110/><D70/><U64/><E124/><V28/><F28/><W41/><G41/><T97/><D97/><U101/><E64/><V112/><F112/><W20/><G58/><T7/><D110/><U27/><E32/><V82/><F82/><W59/><G66/><T39/><REACH who="0" step="1"/><D10/><REACH who="0" ten="185,90,205,510" step="2"/><U94/><REACH who="1" step="1"/><E101/><REACH who="1" ten="185,80,205,510" step="2"/><V90/><F9/><W47/><G100/><T99/><D99/><U15/><E15/><V11/><F0/><W23/><G13/><T125/><D125/><U105/><E105/><V57/><F2/><W103/><G103/><T115/><D115/><U127/><E127/><V31/><F3/><W71/><G126/><T65/><D65/><U131/><E131/><V36/><F36/><W14/><G14/><T78/><D78/><U117/><E117/><V132/><F11/><W62/><G71/><T55/><D55/><U35/><E35/><V29/><F12/><W108/><G108/><T33/><D33/><U114/><E114/><RYUUKYOKU ba="2,2" sc="185,15,80,15,205,-15,510,-15" hai0="6,7,18,22,26,39,43,44,48,49,50,84,89" hai1="25,27,54,56,61,72,76,83,88,94,96,134,135" /><INIT seed="4,3,2,4,0,54" ten="200,95,190,495" oya="0" hai0="13,132,10,111,133,135,90,115,112,63,127,77,71" hai1="85,40,104,30,86,123,49,2,108,27,129,26,17" hai2="45,11,93,66,73,20,83,29,43,0,4,110,102" hai3="130,69,3,32,42,126,76,37,6,9,70,122,39"/><T106/><D106/><U12/><E108/><V31/><F110/><W1/><G130/><T118/><D77/><U53/><E2/><N who="3" m="522" /><G76/><T52/><D111/><U36/><E123/><V134/><F134/><W8/><G42/><T114/><D118/><U75/><E75/><V23/><F66/><W125/><G122/><T65/><D90/><U16/><E104/><V62/><F62/><W98/><G98/><T101/><D101/><U21/><E129/><V113/><F113/><W59/><G6/><T7/><D127/><N who="3" m="48649" /><G59/><N who="0" m="35303" /><D65/><U14/><E40/><V117/><F117/><W95/><G95/><T80/><D80/><U35/><E36/><N who="3" m="13898" /><G32/><T116/><D116/><U57/><REACH who="1" step="1"/><E27/><REACH who="1" ten="200,85,190,495" step="2"/><V25/><F73/><W99/><G99/><T124/><D124/><U41/><E41/><V28/><F43/><W55/><G55/><T100/><D100/><U128/><E128/><V22/><F102/><W47/><G47/><T19/><D71/><AGARI ba="3,3" hai="8,9,69,70,71" m="13898,48649,522" machi="71" ten="40,5200,0" yaku="28,2,18,1" doraHai="54" who="3" fromWho="0" sc="200,-61,85,0,190,0,495,91" /><INIT seed="5,0,0,2,2,16" ten="139,85,190,586" oya="1" hai0="88,29,18,90,108,80,113,93,99,102,116,31,1" hai1="84,82,49,37,133,26,50,115,17,109,56,40,4" hai2="120,127,32,11,77,21,27,65,43,63,15,64,114" hai3="70,61,124,73,25,81,14,57,5,72,111,125,91"/><U74/><E115/><V118/><F32/><W8/><G111/><T19/><D108/><U20/><E109/><V24/><F120/><W104/><G104/><T3/><D113/><U131/><E74/><V9/><F77/><W121/><G70/><T62/><D116/><U130/><E4/><V98/><F27/><W135/><G135/><T112/><D112/><U122/><E122/><V69/><F65/><W134/><G134/><T54/><D1/><U0/><E0/><V110/><F110/><W55/><G121/><T100/><D3/><U22/><E37/><V23/><F43/><W105/><G105/><T126/><D126/><N who="3" m="48745" /><G25/><T38/><D38/><U33/><E33/><V42/><F42/><W95/><G81/><T129/><D129/><N who="1" m="49163" /><E40/><V36/><F36/><W79/><G79/><T97/><D18/><N who="1" m="12567" /><E56/><V75/><F75/><W92/><G92/><N who="0" m="56455" /><D19/><U117/><E117/><V67/><F118/><W44/><G44/><T94/><D80/><U35/><E35/><V51/><F114/><W13/><G13/><T12/><D12/><N who="1" m="9511" /><E133/><V2/><F127/><W96/><AGARI ba="0,0" hai="5,8,14,55,57,61,72,73,91,95,96" m="48745" machi="96" ten="30,1100,0" yaku="18,1" doraHai="16" who="3" fromWho="3" sc="139,-3,85,-5,190,-3,586,11" /><INIT seed="6,0,0,2,1,28" ten="136,80,187,597" oya="2" hai0="48,68,112,58,77,120,30,113,83,45,117,50,33" hai1="14,66,4,119,100,17,102,124,31,107,47,84,74" hai2="67,29,73,88,131,37,93,57,91,51,133,118,53" hai3="96,92,116,82,79,49,40,34,76,55,62,109,42"/><V0/><F0/><W25/><G109/><T16/><D120/><U89/><E74/><V99/><F37/><W43/><G116/><T60/><D68/><U94/><E119/><V23/><F73/><W75/><G79/><T5/><D117/><U46/><E124/><V87/><F131/><W134/><G62/><T70/><D5/><U127/><E127/><V44/><F133/><W106/><G106/><T2/><D2/><U121/><E121/><V1/><F1/><W22/><G34/><T111/><D70/><U6/><E31/><V129/><F129/><W110/><G110/><T123/><D123/><U104/><E66/><V78/><F78/><W18/><G134/><T72/><D111/><U125/><E125/><V56/><F67/><W61/><G61/><T20/><D30/><U85/><E94/><V115/><F115/><N who="0" m="44106" /><D33/><U128/><E89/><V13/><F118/><W105/><G105/><T21/><D21/><U108/><E108/><V90/><F90/><W98/><G92/><T65/><D45/><U38/><E128/><V97/><F97/><W86/><G75/><T114/><N who="0" m="44114" /><T80/><DORA hai="126" /><D83/><U9/><E38/><V10/><F23/><W95/><G95/><T132/><D132/><U63/><E9/><V130/><F29/><W27/><G27/><AGARI ba="0,0" hai="16,20,27,48,50,58,60,65,72,77,80" m="44114" machi="27" ten="40,2600,0" yaku="15,1,54,1" doraHai="28,126" who="0" fromWho="3" sc="136,26,80,0,187,0,597,-26" /><INIT seed="7,0,0,0,0,15" ten="162,80,187,571" oya="3" hai0="96,69,45,73,1,122,95,119,42,56,61,70,51" hai1="58,85,109,129,108,117,16,74,0,82,76,78,64" hai2="37,28,30,90,83,26,79,91,35,2,48,124,110" hai3="80,131,12,125,4,10,24,5,38,107,99,54,101"/><W55/><G131/><T88/><D73/><U7/><E129/><V105/><F37/><W47/><G125/><T25/><D122/><U18/><E117/><V94/><F105/><W72/><G24/><T127/><D119/><U126/><E126/><V50/><F2/><W11/><G38/><T77/><D127/><U3/><E64/><V40/><F110/><W104/><G104/><T106/><D1/><U118/><E118/><V81/><F30/><W20/><G20/><T62/><D62/><U33/><E33/><V39/><F91/><W9/><G47/><T53/><D77/><U84/><E58/><V112/><F83/><W43/><G43/><T23/><REACH who="0" step="1"/><D106/><REACH who="0" ten="152,80,187,571" step="2"/><U93/><E82/><V92/><F79/><W19/><G72/><T66/><D66/><U115/><E93/><V49/><F94/><W89/><G80/><T46/><D46/><U133/><E74/><V36/><F124/><W103/><G103/><T29/><AGARI ba="0,1" hai="23,25,29,42,45,51,53,56,61,69,70,88,95,96" machi="29" ten="20,5200,0" yaku="1,1,0,1,7,1,54,1,53,0" doraHai="15" doraHaiUra="113" who="0" fromWho="0" sc="152,62,80,-13,187,-13,571,-26" owari="214,1.4,67,-43.3,174,-22.6,545,64.5" /></mjloggm>