<mjloggm ver="2.3"><GO type="169" lobby="0"/><UN n0="%E3%82%BF%E3%83%9E%E3%83%8D%E3%82%AE" n1="%E3%82%AD%E3%83%B3%E3%82%B0%E3%83%98%E3%82%A4%E3%83%AD" n2="%E3%81%AF%E3%81%BE%E3%81%A1%E3%83%AA%E3%83%BC%E3%82%B0" n3="%E3%81%8A%E9%AB%98" dan="18,16,17,18" rate="2270.46,2084.14,2159.34,2257.21" sx="M,M,M,M"/><TAIKYOKU oya="0"/><INIT seed="0,0,0,0,3,14" ten="250,250,250,250" oya="0" hai0="103,102,120,31,93,95,88,18,39,104,132,79,133" hai1="134,131,84,99,60,81,2,113,55,124,123,21,106" hai2="27,110,75,107,72,26,29,100,53,28,119,96,32" hai3="45,80,23,17,16,43,116,33,54,34,129,59,98"/><T40/><D120/><U48/><E2/><V20/><F110/><W46/><G129/><T50/><D39/><U30/><E123/><V69/><F119/><W82/><G116/><T15/><D79/><U62/><E131/><V118/><F118/><W25/><G33/><T3/><D3/><U128/><E128/><V77/><F77/><W90/><G34/><T44/><D93/><U70/><E70/><V36/><F36/><W83/><G43/><T66/><D66/><U61/><E134/><N who="0" m="51817" /><D31/><U64/><E124/><V130/><F130/><W117/><G117/><T86/><D104/><U42/><E42/><V41/><F41/><W94/><REACH who="3" step="1"/><G17/><REACH who="3" ten="250,250,250,240" step="2"/><T108/><D108/><U68/><E113/><V105/><F105/><W5/><G5/><T22/><AGARI ba="0,1" hai="15,18,22,40,44,50,86,88,95,102,103" m="51817" machi="22" ten="30,6000,0" yaku="20,1,52,1,54,1" doraHai="14" who="0" fromWho="0" sc="250,70,250,-20,250,-20,240,-20" /><INIT seed="0,1,0,1,5,120" ten="320,230,230,220" oya="0" hai0="20,25,24,48,135,116,42,16,85,61,28,81,21" hai1="100,68,105,121,3,7,80,72,10,111,128,32,15" hai2="130,55,73,64,119,54,22,29,132,46,70,95,110" hai3="127,2,26,101,4,36,107,104,31,92,30,118,51"/><T76/><D135/><U82/><E15/><V18/><F73/><W94/><G36/><T98/><D116/><U133/><E82/><V66/><F132/><W129/><G2/><T131/><D131/><U77/><E133/><V41/><F29/><W103/><G51/><T27/><D61/><U90/><E90/><V83/><F130/><W43/><G43/><T87/><D98/><U84/><E84/><V5/><F5/><W13/><G13/><N who="0" m="9231" /><D87/><U102/><E128/><V23/><F83/><W88/><G4/><T96/><D96/><N who="1" m="61575" /><E102/><V59/><F23/><W117/><G129/><T62/><D62/><U50/><E50/><V65/><F70/><W74/><G74/><T134/><D134/><U6/><E6/><V45/><F119/><W75/><G75/><T34/><D34/><U99/><E99/><V86/><F22/><W52/><G101/><T97/><D97/><U11/><E11/><V40/><F86/><W49/><G103/><T12/><D12/><U53/><E53/><V91/><F66/><W17/><G104/><T19/><D19/><U69/><E32/><V33/><F18/><W58/><G107/><T39/><D39/><U1/><E1/><V35/><F35/><W106/><G106/><T14/><D14/><U67/><E121/><V115/><F33/><W63/><G118/><T44/><AGARI ba="1,0" hai="21,24,25,27,28,42,44,48,76,81,85" m="9231" machi="44" ten="30,3000,0" yaku="8,1,54,1" doraHai="120" who="0" fromWho="0" sc="320,33,230,-11,230,-11,220,-11" /><INIT seed="0,2,0,2,5,112" ten="353,219,219,209" oya="0" hai0="124,48,132,24,61,128,89,130,71,3,62,134,92" hai1="99,32,60,66,96,5,34,87,115,67,78,21,118" hai2="117,33,2,50,74,102,57,63,16,52,81,13,100" hai3="106,59,46,30,10,83,40,103,70,90,51,126,15"/><T37/><D3/><U113/><E5/><V27/><F2/><W47/><G70/><T69/><D24/><U86/><E21/><V0/><F0/><W6/><G126/><T38/><D92/><U8/><E8/><V95/><F117/><W58/><G106/><T31/><D89/><U35/><E78/><V43/><F95/><W116/><G116/><T75/><D31/><U44/><E44/><V11/><F74/><W111/><G111/><T65/><D75/><U80/><E80/><V19/><F81/><W73/><G103/><T114/><D48/><U1/><E1/><V94/><F94/><W68/><G68/><T22/><D22/><U109/><E109/><V79/><F79/><W64/><G64/><N who="1" m="24618" /><E60/><V129/><F129/><W9/><G30/><T127/><D65/><U39/><E118/><V108/><F108/><W93/><G9/><T88/><D88/><U77/><E77/><V98/><F98/><N who="1" m="37417" /><E39/><V14/><F27/><W7/><G7/><T107/><D107/><U85/><AGARI ba="2,0" hai="32,34,35,85,86,87,113,115" m="37417,24618" machi="85" ten="40,2700,0" yaku="28,2" doraHai="112" who="1" fromWho="1" sc="353,-15,219,33,219,-9,209,-9" /><INIT seed="1,0,0,1,5,2" ten="338,252,210,200" oya="1" hai0="84,12,115,18,91,67,128,66,64,49,118,86,38" hai1="87,124,130,75,52,119,80,31,99,120,47,94,70" hai2="133,107,135,25,46,22,4,69,122,17,88,33,51" hai3="63,65,90,0,54,82,121,41,44,71,37,110,23"/><U123/><E70/><V45/><F122/><W68/><G121/><T126/><D115/><U55/><E75/><V61/><F107/><W43/><G0/><T129/><D118/><U72/><E72/><V26/><F33/><W8/><G23/><T101/><D38/><U98/><E119/><V58/><F69/><N who="3" m="26699" /><G8/><T6/><D126/><U104/><E124/><V11/><F26/><W85/><G90/><T16/><D101/><U10/><E31/><V102/><F102/><W50/><G85/><T73/><D73/><U59/><E10/><V109/><F109/><W105/><G82/><N who="0" m="49559" /><D49/><U42/><E104/><V21/><F21/><W92/><G92/><T95/><D86/><U77/><E55/><N who="2" m="34015" /><F88/><W96/><G96/><T48/><D95/><U108/><E108/><V7/><F11/><W5/><G105/><T132/><D48/><U76/><E76/><V79/><F79/><W125/><G110/><T35/><D35/><U27/><E98/><V30/><F30/><W106/><G106/><T9/><D132/><N who="2" m="50762" /><F51/><W53/><G125/><T83/><D83/><U116/><E123/><V74/><F74/><W78/><G78/><T40/><D40/><U97/><E120/><V131/><F131/><AGARI ba="0,0" hai="6,9,12,16,18,64,66,67,128,129,131" m="49559" machi="131" ten="30,3900,0" yaku="19,1,52,1,54,1" doraHai="2" who="0" fromWho="2" sc="338,39,252,0,210,-39,200,0" /><INIT seed="2,0,0,2,2,71" ten="377,252,171,200" oya="2" hai0="102,112,130,64,73,98,121,100,69,13,65,60,70" hai1="35,27,40,90,54,5,119,104,23,42,43,126,30" hai2="81,78,128,11,1,86,97,120,79,29,47,68,85" hai3="19,133,113,118,28,125,16,44,37,117,105,110,84"/><V124/><F120/><W2/><G105/><T34/><D121/><U66/><E119/><V96/><F68/><W109/><G2/><T31/><D112/><U122/><E122/><V114/><F114/><W115/><G84/><T0/><D0/><U132/><E66/><V46/><F29/><W38/><G28/><T107/><D73/><U55/><E104/><V7/><F124/><W92/><G44/><T21/><D102/><U15/><E132/><V134/><F134/><W4/><G92/><T95/><D130/><U77/><E77/><V63/><F63/><W51/><G51/><T57/><D107/><U111/><E111/><V106/><F128/><W135/><G4/><T72/><D72/><U10/><E126/><AGARI ba="0,0" hai="16,19,37,38,109,110,113,115,117,118,125,126,133,135" machi="126" ten="25,8000,1" yaku="22,2,52,2,54,1" doraHai="71" who="3" fromWho="1" sc="377,0,252,-80,171,0,200,80" /><INIT seed="3,0,0,0,4,21" ten="377,172,171,280" oya="3" hai0="88,100,120,80,108,11,56,7,22,68,105,20,5" hai1="31,67,115,103,16,76,42,18,53,94,64,52,34" hai2="127,32,6,89,62,4,0,102,54,85,55,15,57" hai3="60,39,33,126,92,17,30,95,107,13,82,110,81"/><W130/><G107/><T70/><D120/><U135/><E115/><V77/><F32/><W74/><G39/><T9/><D108/><U1/><E1/><V45/><F0/><W109/><G60/><T41/><D41/><U91/><E135/><V101/><F77/><N who="3" m="44215" /><G82/><T44/><D44/><U36/><E103/><V119/><F127/><W25/><G126/><T3/><D56/><U29/><E76/><V106/><F119/><W50/><G50/><T98/><D68/><U93/><E36/><V86/><F106/><W71/><G71/><T10/><D70/><U47/><E34/><V38/><F86/><W2/><G2/><T35/><D35/><U12/><E12/><V79/><F79/><W99/><G99/><T23/><REACH who="0" step="1"/><D3/><REACH who="0" ten="367,172,171,280" step="2"/><U72/><E47/><V134/><F38/><W112/><G112/><T40/><D40/><U83/><E42/><V58/><F45/><W73/><G73/><T66/><D66/><U133/><E72/><V19/><F134/><W131/><G109/><T116/><D116/><U28/><E133/><V132/><F132/><W113/><G113/><T37/><D37/><U121/><E121/><V125/><F125/><W69/><G69/><T117/><D117/><U46/><E46/><V129/><F57/><W65/><G65/><T90/><D90/><U48/><E67/><V43/><F43/><W111/><G110/><T123/><D123/><U128/><E64/><V118/><F118/><W96/><G111/><T75/><D75/><U104/><E91/><V122/><F122/><W97/><G33/><T84/><AGARI ba="0,1" hai="5,7,9,10,11,20,22,23,80,84,88,98,100,105" machi="84" ten="40,5200,0" yaku="1,1,0,1,54,1,53,0" doraHai="21" doraHaiUra="27" who="0" fromWho="0" sc="367,62,172,-13,171,-13,280,-26" /><INIT seed="4,0,0,0,0,11" ten="429,159,158,254" oya="0" hai0="39,122,57,85,67,65,4,21,64,5,127,47,62" hai1="43,100,101,61,59,126,104,113,73,75,35,87,106" hai2="68,69,60,130,109,105,89,19,32,26,132,118,50" hai3="3,71,120,8,18,20,107,97,99,41,13,38,95"/><T14/><D122/><U40/><E35/><V86/><F109/><W55/><G71/><T80/><D127/><U33/><E33/><V134/><F105/><W12/><G3/><T96/><D96/><U51/><E51/><V17/><F130/><W9/><G120/><T16/><D47/><U6/><E6/><N who="0" m="2665" /><D39/><U22/><E22/><V30/><F50/><W83/><G107/><T53/><D65/><U78/><E59/><V58/><F118/><W77/><G55/><T103/><D103/><U119/><E119/><V28/><F28/><W135/><G135/><N who="2" m="51753" /><F69/><W116/><G116/><T1/><D1/><U108/><E108/><V125/><F68/><W90/><G99/><T25/><D25/><U34/><E34/><V79/><F125/><W48/><G38/><T93/><D93/><U23/><E126/><V49/><F26/><W81/><G81/><T44/><D44/><U56/><E104/><V66/><F66/><W112/><G41/><T92/><D92/><U27/><E106/><V111/><F32/><W94/><G94/><T128/><D128/><U7/><E27/><V88/><F111/><W124/><G124/><T45/><D45/><U24/><E24/><V131/><F131/><W42/><G42/><T84/><D84/><U98/><E43/><V102/><F86/><W72/><G97/><T74/><D74/><U37/><E87/><V115/><F102/><W70/><G72/><T0/><D0/><U82/><E37/><V2/><F2/><W10/><G70/><T114/><D114/><U46/><E113/><V129/><F115/><W117/><G112/><RYUUKYOKU ba="0,0" sc="429,30,159,-10,158,-10,254,-10" hai0="14,16,21,53,57,62,64,67,80,85" /><INIT seed="4,1,0,3,0,134" ten="459,149,148,244" oya="0" hai0="35,123,0,69,3,19,71,90,40,63,75,56,67" hai1="59,42,119,20,107,39,28,62,27,121,46,89,55" hai2="83,58,50,111,64,70,80,17,4,125,22,72,101" hai3="103,10,29,105,44,84,117,129,118,5,99,86,9"/><T133/><D123/><U93/><E119/><V6/><F111/><W79/><G129/><T61/><D133/><U131/><E131/><V13/><F70/><W65/><G65/><T100/><D75/><U24/><E107/><V135/><F135/><W92/><G29/><T25/><D100/><U53/><E24/><V104/><F72/><W18/><G18/><T16/><D40/><U82/><E82/><V8/><F125/><W33/><G33/><T26/><D56/><U38/><E121/><V116/><F4/><W11/><G5/><T30/><D90/><U76/><E76/><V37/><F37/><W122/><G122/><T51/><D51/><U36/><E53/><V74/><F74/><W98/><G44/><T49/><D49/><U66/><E66/><V77/><F77/><W132/><G132/><T7/><D7/><U32/><E32/><V48/><F116/><W85/><REACH who="3" step="1"/><G79/><REACH who="3" ten="459,149,148,234" step="2"/><T2/><D26/><U54/><E54/><V130/><F130/><W124/><G124/><T112/><D112/><U31/><E31/><V97/><F64/><AGARI ba="1,1" hai="0,2,3,16,19,25,30,35,61,63,64,67,69,71" machi="64" ten="40,3900,0" yaku="9,1,54,1" doraHai="134" who="0" fromWho="2" sc="459,52,149,0,148,-42,234,0" /><INIT seed="4,2,0,1,4,46" ten="511,149,106,234" oya="0" hai0="12,43,52,127,96,9,75,10,33,40,114,29,36" hai1="5,63,51,80,58,25,71,42,135,89,23,60,20" hai2="108,91,31,26,48,131,98,2,56,72,24,78,115" hai3="106,79,123,128,126,8,82,111,49,59,102,81,69"/><T116/><D116/><U118/><E118/><V61/><F108/><W70/><G111/><T124/><D75/><U44/><E135/><V88/><F2/><W134/><G128/><T87/><D114/><U27/><E5/><V76/><F115/><W92/><G106/><T84/><D96/><U109/><E109/><V100/><F131/><W39/><G39/><T54/><D36/><U62/><E71/><V1/><F1/><W132/><G8/><T38/><D38/><U101/><E58/><V30/><F72/><W95/><G59/><T133/><D12/><U13/><E101/><V130/><F130/><W103/><G79/><T83/><D83/><U105/><E105/><V16/><F100/><W97/><G97/><T57/><D57/><U11/><E25/><V74/><F74/><W117/><G117/><T47/><D47/><U34/><E27/><V45/><F26/><W55/><G55/><T90/><D90/><N who="2" m="34346" /><F98/><W120/><G126/><T32/><REACH who="0" step="1"/><D29/><REACH who="0" ten="501,149,106,234" step="2"/><N who="2" m="10762" /><F56/><W7/><G69/><T85/><D85/><U17/><E34/><V121/><F121/><W0/><G70/><T15/><D15/><U21/><E89/><V113/><F113/><W37/><G0/><T73/><D73/><U68/><E68/><V4/><F24/><W67/><G37/><T93/><D93/><U65/><E65/><V107/><F107/><W22/><G67/><T64/><D64/><U18/><E80/><V3/><F3/><W6/><G123/><T129/><D129/><U53/><REACH who="1" step="1"/><E18/><REACH who="1" ten="501,139,106,234" step="2"/><V19/><F16/><W122/><G122/><T94/><D94/><N who="3" m="35881" /><G120/><T41/><D41/><RYUUKYOKU ba="2,2" sc="501,15,139,15,106,-15,234,-15" hai0="9,10,32,33,40,43,52,54,84,87,124,127,133" hai1="11,13,17,20,21,23,42,44,51,53,60,62,63" /><INIT seed="4,3,2,5,4,111" ten="516,154,91,219" oya="0" hai0="132,18,59,82,6,4,60,87,107,9,11,103,50" hai1="10,76,29,12,125,128,79,101,39,52,36,72,28" hai2="134,58,1,32,105,115,117,77,46,48,74,100,56" hai3="53,123,17,135,54,45,70,92,57,68,30,66,37"/><T40/><D132/><U34/><E34/><V71/><F32/><W47/><G30/><T38/><D38/><U109/><E109/><V119/><F71/><W129/><G92/><T44/><D103/><U83/><E79/><V84/><F74/><W120/><G17/><T23/><D107/><U49/><E128/><V33/><F33/><W122/><G135/><T65/><D4/><U43/><E125/><V13/><F1/><W126/><G129/><T0/><D0/><U85/><E101/><V81/><F134/><W121/><G126/><T104/><D6/><U98/><E98/><N who="2" m="61591" /><F13/><W96/><G96/><T114/><D114/><U69/><E69/><N who="3" m="26730" /><G123/><T21/><D104/><U133/><E133/><V95/><F95/><W75/><G75/><T102/><D102/><U42/><E72/><V16/><F16/><W62/><G37/><T25/><REACH who="0" step="1"/><D21/><REACH who="0" ten="506,154,91,219" step="2"/><U112/><E112/><V118/><F115/><W97/><G121/><T131/><D131/><U116/><E39/><V78/><F78/><AGARI ba="3,3" hai="9,11,18,23,25,40,44,50,59,60,65,78,82,87" machi="78" ten="30,5800,0" yaku="1,1,7,1,8,1,53,0" doraHai="111" doraHaiUra="130" who="0" fromWho="2" sc="506,97,154,0,91,-67,219,0" /><INIT seed="4,4,0,4,4,2" ten="603,154,24,219" oya="0" hai0="14,53,117,36,107,5,103,129,118,44,66,101,84" hai1="30,114,127,81,73,32,63,33,82,130,113,74,92" hai2="108,26,91,123,34,55,8,85,64,76,10,121,106" hai3="46,1,72,86,21,6,90,94,27,54,61,105,87"/><T119/><D129/><U23/><E130/><V97/><F108/><W47/><G72/><T56/><D66/><U93/><E127/><V69/><F55/><W39/><G105/><T125/><D125/><U111/><E23/><V115/><F115/><N who="1" m="44041" /><E63/><N who="2" m="40095" /><F76/><W102/><G102/><T29/><D29/><U41/><E41/><V58/><F8/><W68/><G68/><T112/><D112/><U59/><E59/><V7/><F58/><W50/><G61/><T0/><D0/><U70/><E70/><V60/><F85/><W116/><G86/><T134/><D107/><U128/><E128/><V62/><F91/><W51/><G39/><T96/><D84/><U13/><E13/><N who="2" m="5343" /><F60/><W20/><G87/><T120/><D56/><U124/><E124/><V77/><F77/><W57/><G57/><T65/><D65/><U18/><E18/><V133/><F62/><W42/><G1/><T24/><D53/><U9/><E9/><V49/><F49/><W98/><G50/><T99/><D36/><U132/><E111/><V109/><F109/><W110/><G110/><T104/><D118/><U28/><E73/><V11/><F11/><W31/><G116/><T3/><D117/><U35/><E74/><V83/><F83/><N who="1" m="31753" /><E132/><V67/><F67/><W131/><G131/><T22/><D119/><U43/><E43/><V37/><F37/><W100/><G42/><T52/><D134/><U25/><E25/><V122/><F133/><W12/><G46/><T40/><D40/><U17/><E17/><V38/><F38/><W80/><G47/><T71/><D71/><U135/><E135/><RYUUKYOKU ba="4,0" sc="603,-10,154,30,24,-10,219,-10" hai1="28,30,32,33,35,92,93" /><INIT seed="5,5,0,2,3,86" ten="593,184,14,209" oya="1" hai0="23,36,113,55,119,8,76,51,107,92,7,53,4" hai1="110,9,94,73,43,57,105,20,117,123,131,14,15" hai2="64,65,128,84,80,61,122,69,30,47,31,3,10" hai3="54,106,21,22,111,45,135,83,38,52,130,32,120"/><U56/><E123/><V72/><F122/><W41/><G120/><T93/><D36/><U88/><E105/><V68/><F72/><W90/><G32/><T115/><D107/><U114/><E117/><V81/><F128/><W104/><G111/><T24/><D76/><U26/><E73/><V101/><F101/><W99/><G135/><T63/><D63/><U11/><E110/><V12/><F3/><W75/><G130/><T1/><D7/><N who="1" m="3391" /><E43/><V70/><F47/><W2/><G2/><T66/><D66/><U129/><E114/><N who="0" m="43529" /><D119/><U60/><E60/><V87/><F61/><W29/><G106/><T16/><D55/><U85/><E129/><V116/><F116/><W112/><G104/><T27/><D27/><U42/><E42/><V89/><F65/><W5/><G54/><T100/><D100/><U50/><E50/><V19/><REACH who="2" step="1"/><F64/><REACH who="2" ten="593,184,4,209" step="2"/><W25/><G112/><T108/><D108/><U46/><E131/><V78/><AGARI ba="5,1" hai="10,12,19,30,31,68,69,70,78,80,81,84,87,89" machi="78" ten="30,8000,1" yaku="1,1,2,1,0,1,52,1,53,1" doraHai="86" doraHaiUra="13" who="2" fromWho="2" sc="593,-25,184,-45,4,105,209,-25" /><INIT seed="6,0,0,3,3,122" ten="568,139,109,184" oya="2" hai0="39,97,49,64,134,55,117,35,66,2,69,106,38" hai1="129,105,119,71,58,54,123,95,61,126,32,93,1" hai2="9,10,48,84,14,31,7,43,3,114,133,59,52" hai3="104,135,29,15,115,78,8,23,26,57,120,99,56"/><V30/><F114/><W88/><G120/><T33/><D2/><U85/><E85/><V127/><F133/><W36/><G36/><T110/><D134/><U17/><E17/><V125/><F43/><W130/><G135/><T74/><D74/><U34/><E95/><V79/><F79/><W83/><G130/><T12/><D117/><U4/><E93/><V16/><REACH who="2" step="1"/><F84/><REACH who="2" ten="568,139,99,184" step="2"/><W27/><G115/><T72/><D72/><U101/><E123/><V37/><F37/><W100/><G78/><T121/><D39/><U6/><E129/><V24/><F24/><W124/><G26/><T82/><D38/><U42/><E42/><V19/><F19/><W20/><G27/><T112/><D112/><U81/><E119/><V102/><F102/><W62/><G100/><T91/><D121/><U50/><E101/><V75/><F75/><W53/><G124/><AGARI ba="0,1" hai="3,7,9,10,14,16,30,31,48,52,59,124,125,127" machi="124" ten="40,12000,1" yaku="1,1,18,1,54,2,53,0" doraHai="122" doraHaiUra="116" who="2" fromWho="3" sc="568,0,139,0,99,130,184,-120" /><INIT seed="6,1,0,3,2,86" ten="568,139,229,64" oya="2" hai0="94,65,24,5,15,1,112,49,23,52,117,104,89" hai1="116,119,81,33,114,76,68,50,2,106,22,46,100" hai2="127,70,0,113,34,57,74,26,62,32,47,110,124" hai3="30,126,73,67,55,38,39,53,37,56,19,121,111"/><V6/><F113/><W71/><G73/><T51/><D104/><U17/><E33/><V72/><F110/><W64/><G19/><T27/><D1/><U4/><E68/><V10/><F47/><W9/><G9/><N who="0" m="4527" /><D112/><U118/><E114/><V88/><F70/><W54/><G30/><T59/><D117/><U16/><E4/><V63/><F63/><N who="3" m="40351" /><G111/><T108/><D108/><U31/><E2/><V8/><F8/><W13/><G13/><T123/><D123/><U45/><E31/><V41/><F41/><W77/><G77/><T122/><D122/><U132/><E132/><V69/><F69/><W90/><G90/><T96/><D65/><U93/><E106/><V44/><F44/><W134/><G134/><T43/><D23/><U61/><E61/><V107/><F107/><W130/><G121/><T35/><D35/><U80/><E76/><V40/><F32/><W105/><G105/><T129/><D129/><U78/><E78/><V120/><F120/><W99/><G99/><T7/><D7/><U135/><E135/><V95/><F74/><W79/><G79/><T29/><D29/><U98/><E46/><AGARI ba="1,0" hai="24,27,43,46,49,51,52,59,89,94,96" m="4527" machi="46" ten="30,3900,0" yaku="8,1,52,1,54,1" doraHai="86" who="0" fromWho="1" sc="568,42,139,-42,229,0,64,0" /><INIT seed="7,0,0,1,5,104" ten="610,97,229,64" oya="3" hai0="109,105,22,16,73,119,117,129,115,6,49,113,87" hai1="135,18,13,71,40,103,114,102,54,59,31,43,37" hai2="8,41,47,19,118,75,85,95,23,107,30,121,46" hai3="36,83,1,29,131,106,132,32,72,77,133,82,5"/><W108/><G106/><T57/><D109/><U93/><E71/><V134/><F75/><N who="3" m="43327" /><G36/><T124/><D73/><U50/><E135/><N who="3" m="51786" /><G108/><T2/><D124/><U69/><E69/><V92/><F30/><W58/><G58/><T26/><D129/><U94/><E114/><N who="0" m="43529" /><D105/><U14/><E31/><V80/><F41/><N who="1" m="15945" /><E37/><V52/><F46/><W10/><G131/><T35/><D35/><U56/><E56/><V48/><F47/><W127/><G127/><T4/><D87/><U15/><E18/><V7/><F107/><W70/><G70/><T51/><D2/><U126/><E126/><V11/><F134/><W66/><G66/><T74/><D74/><U100/><AGARI ba="0,0" hai="13,14,15,50,54,59,93,94,100,102,103" m="15945" machi="100" ten="40,1500,0" yaku="8,1" doraHai="104" who="1" fromWho="1" sc="610,-4,97,15,229,-4,64,-7" owari="606,70.6,112,-28.8,225,2.5,57,-44.3" /></mjloggm>