<mjloggm ver="2.3"><GO type="169" lobby="0"/><UN n0="%E3%81%AF%E3%81%AA%E3%81%B3%E3%81%AA%E3%81%B3" n1="%E6%84%9B%E3%81%AF%E6%AD%A3%E7%BE%A9" n2="%E5%9C%A7%E5%80%92%E7%9A%84%E3%83%9D%E3%83%B3" n3="%E3%81%82%E3%81%95%E3%81%B4%E3%82%93%EF%BC%A0%EF%BD%8D%EF%BD%8A" dan="17,16,17,18" rate="2134.49,2091.66,2214.27,2301.23" sx="M,F,M,M"/><TAIKYOKU oya="0"/><INIT seed="0,0,0,3,0,114" ten="250,250,250,250" oya="0" hai0="81,1,105,88,82,40,124,19,32,53,52,55,38" hai1="44,56,13,22,85,31,70,75,49,27,66,42,21" hai2="41,30,18,43,101,133,4,131,107,123,10,100,67" hai3="74,86,11,111,69,126,116,25,65,102,36,39,26"/><T91/><D124/><U68/><E75/><V14/><F123/><W132/><G74/><T72/><D105/><U95/><E66/><V12/><F131/><W59/><G69/><T5/><D32/><U29/><E56/><V112/><F112/><W7/><G102/><T134/><D19/><U28/><E13/><V104/><F67/><W77/><G111/><T57/><D57/><U125/><E125/><V96/><F30/><W8/><G132/><T62/><D62/><U99/><E85/><V80/><F80/><W127/><G86/><T34/><D34/><U6/><E6/><V58/><F58/><W135/><G59/><T79/><D82/><U130/><E130/><V47/><F133/><W17/><G17/><T51/><D51/><U23/><REACH who="1" step="1"/><E27/><REACH who="1" ten="250,240,250,250" step="2"/><V117/><F14/><W120/><G7/><T71/><D134/><U64/><E64/><V89/><F4/><W83/><G65/><T128/><D128/><U94/><E94/><V121/><F107/><W54/><G135/><T73/><D73/><U108/><E108/><V0/><F104/><W87/><G87/><T76/><D71/><U35/><E35/><V50/><F12/><W24/><G24/><T9/><REACH who="0" step="1"/><D79/><REACH who="0" ten="240,240,250,250" step="2"/><U92/><E92/><V2/><F47/><AGARI ba="0,2" hai="1,5,9,38,40,47,52,53,55,72,76,81,88,91" machi="47" ten="40,18000,2" yaku="1,1,2,1,25,2,54,2,53,1" doraHai="114" doraHaiUra="78" who="0" fromWho="2" sc="240,200,240,0,250,-180,250,0" /><INIT seed="0,1,0,1,1,76" ten="440,240,70,250" oya="0" hai0="57,104,47,93,88,18,75,21,117,121,82,54,90" hai1="110,45,46,3,8,134,86,24,60,13,15,95,96" hai2="92,71,25,66,30,43,87,130,91,129,106,133,98" hai3="97,135,120,11,103,105,101,68,22,131,28,9,125"/><T72/><D117/><U85/><E110/><V59/><F133/><W109/><G68/><T5/><D121/><U31/><E134/><V79/><F43/><W17/><G135/><T107/><D5/><U35/><E3/><V119/><F59/><W63/><G28/><T19/><D47/><U84/><E60/><V44/><F44/><W27/><G109/><T108/><D108/><U39/><E39/><V34/><F119/><W32/><G32/><T127/><D127/><U99/><E99/><V83/><REACH who="2" step="1"/><F106/><REACH who="2" ten="440,240,60,250" step="2"/><W126/><G105/><T40/><D40/><U128/><E46/><V49/><F49/><W113/><G125/><T29/><D104/><U69/><E69/><V16/><F16/><W53/><G17/><T20/><D107/><U61/><E61/><AGARI ba="1,1" hai="25,30,34,61,66,71,79,83,87,91,92,98,129,130" machi="61" ten="40,2600,0" yaku="1,1,52,1,53,0" doraHai="76" doraHaiUra="12" who="2" fromWho="1" sc="440,0,240,-29,60,39,250,0" /><INIT seed="1,0,0,3,2,111" ten="440,211,99,250" oya="1" hai0="108,67,126,13,31,89,83,107,63,50,35,71,32" hai1="64,18,45,86,90,133,54,94,72,47,81,101,6" hai2="3,4,79,66,110,117,24,15,25,84,21,114,34" hai3="14,61,93,116,73,30,39,37,5,129,11,10,38"/><U127/><E133/><V41/><F41/><W125/><G73/><T113/><D108/><U33/><E127/><V115/><F110/><W100/><G125/><T76/><D126/><U17/><E33/><V57/><F117/><W62/><G116/><T52/><D107/><U91/><E64/><V46/><F46/><W99/><G129/><T56/><D31/><U105/><E6/><V130/><F130/><W109/><G109/><T68/><D68/><U78/><E91/><V95/><F3/><W131/><G131/><T102/><D102/><U8/><E8/><N who="2" m="4487" /><F34/><W98/><G30/><T51/><D51/><U121/><E121/><V120/><F120/><W119/><G119/><T135/><D135/><U132/><E132/><V128/><F128/><W85/><G85/><T27/><D27/><U103/><E103/><V22/><F66/><W123/><G123/><T2/><D2/><U112/><E45/><V29/><F57/><W7/><REACH who="3" step="1"/><G99/><REACH who="3" ten="440,211,99,240" step="2"/><T60/><D35/><U82/><E72/><V97/><F84/><W44/><G44/><T92/><D32/><U28/><E28/><V96/><F79/><W88/><G88/><T134/><D89/><U53/><E47/><V1/><F1/><AGARI ba="0,1" hai="1,5,7,10,11,14,37,38,39,61,62,93,98,100" machi="1" ten="40,1300,0" yaku="1,1,53,0" doraHai="111" doraHaiUra="80" who="3" fromWho="2" sc="440,0,211,0,99,-13,240,23" /><INIT seed="2,0,0,4,3,67" ten="440,211,86,263" oya="2" hai0="110,23,135,101,75,54,29,39,41,86,123,58,22" hai1="6,30,21,36,76,68,78,9,56,31,28,49,62" hai2="14,126,38,105,24,120,2,52,88,72,118,103,26" hai3="97,130,119,27,61,69,10,109,100,133,106,46,87"/><V84/><F2/><W43/><G119/><T42/><D123/><U55/><E36/><V93/><F120/><W124/><G109/><T98/><D75/><U79/><E21/><V73/><F118/><W1/><G130/><T91/><D110/><U63/><REACH who="1" step="1"/><E68/><REACH who="1" ten="440,201,86,263" step="2"/><V129/><F38/><W34/><G69/><T20/><D39/><U115/><E115/><V16/><F129/><W50/><G34/><T127/><D29/><U83/><E83/><V104/><F126/><W60/><G124/><T128/><D128/><U3/><AGARI ba="0,1" hai="3,6,9,28,30,31,49,55,56,62,63,76,78,79" machi="3" ten="30,4000,0" yaku="1,1,0,1,53,1" doraHai="67" doraHaiUra="47" who="1" fromWho="1" sc="440,-10,201,50,86,-20,263,-10" /><INIT seed="3,0,0,2,5,37" ten="430,251,66,253" oya="3" hai0="45,2,122,70,114,90,61,67,106,9,20,64,124" hai1="98,50,49,41,79,17,102,128,82,28,110,31,44" hai2="118,42,78,7,94,74,30,135,75,12,63,10,5" hai3="14,109,25,92,11,133,33,53,36,23,105,107,86"/><W55/><G33/><T43/><D122/><U24/><E128/><V113/><F118/><W111/><G36/><N who="0" m="21735" /><D90/><U77/><E110/><N who="3" m="41994" /><G133/><T29/><D20/><U97/><E17/><V101/><F113/><W21/><G92/><T104/><D29/><U134/><E134/><V119/><F119/><W52/><G86/><T88/><D88/><U95/><E98/><V99/><F135/><W39/><G39/><T116/><D116/><U48/><E31/><V16/><F30/><N who="3" m="17711" /><G23/><T115/><D67/><U66/><E66/><V117/><F117/><W40/><G40/><T126/><D106/><U132/><E132/><V59/><F42/><W57/><G57/><T18/><D104/><U35/><REACH who="1" step="1"/><E77/><REACH who="1" ten="430,241,66,253" step="2"/><V38/><F38/><W112/><G112/><N who="0" m="43051" /><D18/><AGARI ba="0,1" hai="11,14,18,52,53,55,105,107" m="17711,41994" machi="18" ten="30,5800,0" yaku="14,1,10,1,54,1" doraHai="37" who="3" fromWho="0" sc="430,-58,241,0,66,0,253,68" /><INIT seed="3,1,0,3,5,87" ten="372,241,66,321" oya="3" hai0="19,13,51,27,20,112,49,25,79,34,126,8,120" hai1="3,94,9,107,24,132,14,36,83,82,71,76,81" hai2="131,80,98,4,22,113,134,91,47,38,35,1,57" hai3="121,2,74,93,12,88,15,65,11,85,60,77,39"/><W56/><G39/><T0/><D120/><U75/><E132/><V118/><F57/><W111/><G121/><T128/><D79/><U103/><E71/><V95/><F118/><W16/><G111/><T133/><D133/><U68/><E68/><V50/><F134/><W97/><G2/><T43/><D43/><U54/><E36/><V73/><F38/><W28/><G28/><T10/><D51/><U21/><E3/><V100/><F35/><W44/><G74/><T86/><D49/><U125/><E125/><V55/><F113/><W117/><G117/><T41/><D86/><U110/><E110/><V96/><F131/><W109/><G109/><T6/><D41/><U104/><E104/><V58/><F1/><W124/><G124/><T42/><D42/><U123/><E123/><V7/><F47/><W127/><G127/><T84/><D84/><U130/><E130/><V29/><F73/><W78/><G44/><T26/><D126/><U67/><E67/><V61/><F50/><W5/><G85/><T89/><D128/><U115/><E115/><V66/><F66/><W64/><G64/><T116/><D89/><U135/><E135/><V108/><F80/><W90/><G90/><T45/><D45/><U101/><E107/><V92/><REACH who="2" step="1"/><F108/><REACH who="2" ten="372,241,56,321" step="2"/><W106/><G106/><T40/><D112/><U46/><E75/><V105/><F105/><W23/><AGARI ba="1,1" hai="5,11,12,15,16,23,56,60,65,77,78,88,93,97" machi="23" ten="20,18000,2" yaku="0,1,7,1,8,1,52,1,54,2" doraHai="87" who="3" fromWho="3" sc="372,-61,241,-61,56,-61,321,193" owari="311,11.1,180,-22.0,-5,-50.5,514,61.4" /></mjloggm>