<mjloggm ver="2.3"><GO type="169" lobby="0"/><UN n0="%6B%61%74%65%72%69%6E%61" n1="%E3%81%93%E3%81%A1" n2="%71%75%65%79%69%6D%65%6E" n3="%5B%5B%79%75%79%75%5D%5D" dan="16,17,16,16" rate="2160.47,2202.92,2108.76,2140.10" sx="M,F,M,M"/><TAIKYOKU oya="0"/><INIT seed="0,0,0,1,4,83" ten="250,250,250,250" oya="0" hai0="57,32,115,86,97,64,2,108,13,76,49,92,48" hai1="101,80,36,51,124,61,39,69,14,18,46,29,71" hai2="118,68,96,37,4,45,112,135,5,22,126,93,127" hai3="17,53,84,129,134,38,78,55,117,8,111,26,105"/><T132/><D115/><U72/><E124/><N who="2" m="47659" /><F68/><W87/><G117/><T47/><D2/><U77/><E29/><V10/><F112/><W75/><G38/><T23/><D32/><U125/><E125/><V85/><F135/><W31/><G105/><T81/><D132/><U62/><E101/><V114/><F114/><W16/><G134/><T24/><D108/><U63/><E71/><V66/><F66/><W94/><G129/><T122/><D122/><U0/><E0/><V15/><F118/><W12/><G111/><T67/><D13/><U7/><E7/><N who="2" m="3551" /><F85/><N who="3" m="32843" /><G75/><T109/><D109/><U128/><E69/><V79/><F79/><W133/><G133/><T54/><D49/><U113/><E113/><V28/><F37/><W41/><G41/><T103/><REACH who="0" step="1"/><D57/><REACH who="0" ten="240,250,250,250" step="2"/><U89/><E128/><V35/><F35/><W130/><G130/><T43/><D43/><U25/><E39/><V107/><F45/><W110/><G110/><T50/><D50/><U59/><E36/><V106/><F4/><N who="3" m="3079" /><G78/><T91/><D91/><U119/><E89/><N who="2" m="55343" /><F5/><W19/><G94/><T100/><D100/><U98/><E119/><V102/><F102/><W40/><G40/><T42/><D42/><U21/><E77/><V123/><F123/><W120/><G120/><T56/><D56/><U99/><E59/><V82/><F82/><W65/><G65/><T73/><D73/><U70/><E80/><V58/><F58/><W52/><G55/><T116/><D116/><U104/><E72/><V30/><F107/><W74/><G74/><T20/><D20/><AGARI ba="0,1" hai="16,17,19,20,26,31,52,53" m="3079,32843" machi="20" ten="30,12000,2" yaku="8,1,52,3,54,2" doraHai="83" who="3" fromWho="0" sc="240,-120,250,0,250,0,250,130" /><INIT seed="1,0,0,2,2,16" ten="120,250,250,380" oya="1" hai0="38,135,121,49,125,59,97,101,14,127,51,39,103" hai1="35,78,102,19,58,50,68,112,44,12,117,21,104" hai2="56,84,66,9,77,4,122,93,95,24,20,45,30" hai3="129,72,69,10,25,98,73,108,28,55,109,110,130"/><U74/><E112/><V52/><F122/><W18/><G69/><T33/><D33/><U96/><E117/><V67/><F45/><W131/><G98/><T113/><D113/><U87/><E68/><V115/><F115/><W37/><G37/><T61/><D121/><U116/><E116/><V23/><F23/><N who="3" m="15423" /><G55/><T1/><D1/><U111/><E35/><V99/><F77/><W82/><G82/><T31/><D31/><U71/><E71/><V29/><F29/><W94/><G94/><T7/><D7/><U22/><E74/><V105/><F105/><W40/><G40/><T26/><D26/><U88/><E78/><V133/><F84/><W128/><N who="3" m="32768" /><DORA hai="0" /><W70/><G70/><T34/><D103/><U11/><E58/><V53/><F133/><W32/><G32/><T86/><D59/><U54/><E111/><V126/><F126/><W64/><G64/><N who="2" m="24617" /><F56/><W8/><G8/><T124/><D135/><U83/><AGARI ba="0,0" hai="11,12,19,21,22,44,50,54,83,87,88,96,102,104" machi="83" ten="20,18000,2" yaku="0,1,7,1,25,2,52,2,54,1" doraHai="16,0" who="1" fromWho="1" sc="120,-60,250,180,250,-60,380,-60" /><INIT seed="1,1,0,3,2,94" ten="60,430,190,320" oya="1" hai0="85,84,120,3,118,119,98,93,14,27,68,32,63" hai1="21,103,23,79,30,47,127,19,59,54,75,31,9" hai2="106,44,17,43,18,96,15,4,46,38,108,56,82" hai3="102,133,7,42,2,114,72,52,109,33,121,88,78"/><U126/><E103/><V132/><F108/><W99/><G121/><T91/><D3/><U90/><E90/><V36/><F132/><W124/><G33/><T6/><D120/><U12/><E47/><V100/><F4/><W129/><G114/><T61/><D119/><U26/><E79/><V41/><F15/><W116/><G116/><T11/><D118/><U34/><E75/><V57/><F82/><W10/><G109/><T39/><D39/><U1/><E31/><V50/><F50/><W83/><G133/><T69/><D69/><U13/><E23/><V131/><F131/><W67/><G129/><T86/><REACH who="0" step="1"/><D68/><REACH who="0" ten="50,430,190,320" step="2"/><U53/><E1/><V80/><F80/><W101/><G124/><N who="1" m="47658" /><E59/><AGARI ba="1,1" hai="17,18,36,38,41,43,44,46,56,57,59,96,100,106" machi="59" ten="40,2600,0" yaku="9,1,52,1" doraHai="94" who="2" fromWho="1" sc="50,0,430,-29,190,39,320,0" /><INIT seed="2,0,0,1,0,85" ten="50,401,229,320" oya="2" hai0="28,119,44,84,108,8,134,102,11,37,21,67,1" hai1="128,94,112,105,34,23,33,69,114,59,123,101,22" hai2="78,66,122,16,127,118,104,13,47,117,76,25,109" hai3="10,107,64,72,132,42,77,41,116,111,51,56,24"/><V110/><F104/><W4/><G107/><T92/><D108/><N who="2" m="41578" /><F122/><W106/><G111/><T129/><D134/><U43/><E105/><V5/><F127/><W30/><G106/><T45/><D129/><U89/><E128/><V7/><F66/><W130/><G130/><T63/><D119/><N who="2" m="45578" /><F25/><W81/><G132/><T131/><D131/><U73/><E123/><V79/><F47/><W65/><G116/><T61/><D61/><U38/><E69/><V88/><F88/><W97/><G97/><T71/><D45/><U133/><E89/><V125/><F125/><W48/><G48/><T103/><D44/><U135/><E135/><V60/><F60/><W3/><G65/><T74/><D37/><U100/><E38/><V80/><F80/><W83/><G83/><T35/><D63/><U96/><E133/><V53/><F53/><W14/><G3/><T39/><D67/><U2/><E101/><V19/><F19/><W91/><G91/><T124/><D124/><U68/><E100/><V9/><AGARI ba="0,0" hai="5,7,9,13,16,76,78,79" m="45578,41578" machi="9" ten="40,7800,0" yaku="14,1,10,1,54,1" doraHai="85" who="2" fromWho="2" sc="50,-26,401,-26,229,78,320,-26" /><INIT seed="2,1,0,2,4,13" ten="24,375,307,294" oya="2" hai0="18,75,67,122,107,60,38,32,41,17,109,16,94" hai1="2,15,20,49,90,65,134,72,10,33,43,133,62" hai2="108,77,83,8,42,63,87,45,37,50,116,99,124" hai3="115,51,61,28,31,36,71,91,11,129,25,70,21"/><V111/><F116/><W125/><G36/><T59/><D122/><U130/><E33/><V120/><F120/><W101/><G115/><T7/><D107/><U54/><E43/><V39/><F124/><W68/><G125/><T47/><D32/><U35/><E35/><V127/><F127/><W40/><G129/><T30/><D30/><U131/><E20/><V100/><F63/><W14/><G101/><T52/><D75/><U26/><E26/><V113/><F113/><W112/><G112/><T46/><D109/><N who="2" m="42058" /><F8/><W9/><G31/><T97/><D7/><U44/><E2/><V57/><F57/><W104/><G104/><AGARI ba="1,0" hai="37,39,42,45,50,77,83,87,99,100,104" m="42058" machi="104" ten="30,2900,0" yaku="14,1,10,1" doraHai="13" who="2" fromWho="3" sc="24,0,375,0,307,32,294,-32" /><INIT seed="2,2,0,0,2,61" ten="24,375,339,262" oya="2" hai0="33,79,105,115,117,23,121,43,125,45,4,116,40" hai1="48,68,90,42,1,81,102,26,46,122,73,5,12" hai2="86,84,14,58,19,99,110,51,88,24,34,135,22" hai3="89,13,78,29,36,98,70,128,28,64,2,38,76"/><V44/><F135/><W104/><G2/><T9/><D33/><U6/><E1/><V17/><F110/><W111/><G111/><T97/><D121/><U106/><E68/><V124/><F124/><W65/><G70/><T113/><D79/><U20/><E122/><V133/><F133/><W55/><G55/><T109/><D109/><U67/><E12/><V47/><F99/><W80/><G104/><T32/><D32/><U130/><E130/><V10/><F86/><W100/><G128/><T71/><D71/><U49/><E106/><V72/><F72/><W103/><G13/><T53/><D53/><U134/><E102/><V0/><F34/><W60/><G60/><T87/><D87/><N who="1" m="50543" /><E73/><V127/><F0/><W59/><G59/><T126/><D23/><U66/><E49/><V3/><F3/><W107/><G107/><T35/><D35/><U21/><E21/><V16/><F19/><W114/><G89/><T41/><D9/><U82/><E82/><N who="2" m="49175" /><F127/><N who="0" m="48650" /><D4/><N who="1" m="1643" /><E134/><V25/><F25/><W69/><G69/><T30/><D30/><AGARI ba="2,0" hai="20,26,30,42,46,48,66,67" m="1643,50543" machi="30" ten="30,3900,0" yaku="8,1,52,2" doraHai="61" who="1" fromWho="0" sc="24,-45,375,45,339,0,262,0" owari="-21,-52.1,420,52.0,339,13.9,262,-13.8" /></mjloggm>