<mjloggm ver="2.3"><GO type="169" lobby="0"/><UN n0="%53%74%65%69%6E%73" n1="%41%6E%6B%6F%61%6E%6B%6F" n2="%56%45%54%54%45%4C" n3="%E6%95%97%E5%8C%97%E8%80%85%E3%81%AD%E3%82%8B" dan="17,16,16,17" rate="2223.58,2149.79,2139.38,2149.41" sx="M,F,M,F"/><TAIKYOKU oya="0"/><INIT seed="0,0,0,5,1,66" ten="250,250,250,250" oya="0" hai0="119,30,28,36,61,24,132,91,46,77,113,5,20" hai1="88,50,95,121,78,55,18,48,37,40,52,128,11" hai2="129,39,94,104,120,54,42,110,29,26,0,32,63" hai3="62,53,25,114,83,68,76,93,41,124,38,134,130"/><T107/><D113/><U27/><E128/><V56/><F104/><W106/><G106/><T3/><D119/><U126/><E121/><V87/><F120/><W125/><G114/><T59/><D107/><U111/><E111/><V85/><F0/><W102/><G130/><T51/><D36/><U96/><E126/><N who="3" m="48746" /><G134/><T73/><D132/><U34/><E78/><V133/><F110/><W92/><G102/><T22/><D91/><U13/><E37/><V31/><F129/><W16/><G41/><T14/><D3/><U127/><E127/><V15/><F133/><W44/><G38/><T10/><D73/><U105/><E105/><V89/><F31/><W131/><G131/><T33/><D77/><U117/><E117/><V103/><F103/><W6/><G6/><T7/><D7/><U1/><E1/><V17/><F42/><W81/><G44/><T21/><D30/><U65/><E65/><V57/><F39/><W23/><G83/><T4/><D4/><N who="1" m="3303" /><E34/><V72/><F72/><N who="3" m="43143" /><G53/><N who="1" m="20554" /><E40/><V49/><F87/><W100/><G100/><T64/><D33/><U115/><E115/><V84/><F85/><W98/><G98/><T97/><D97/><U86/><E86/><V75/><F75/><W90/><G90/><T45/><D45/><U112/><E112/><V79/><F79/><W74/><G74/><T118/><D118/><U43/><E43/><AGARI ba="0,0" hai="5,10,14,20,21,22,24,28,43,46,51,59,61,64" machi="43" ten="30,2900,0" yaku="7,1,8,1" doraHai="66" who="0" fromWho="1" sc="250,29,250,-29,250,0,250,0" /><INIT seed="0,1,0,4,2,20" ten="279,221,250,250" oya="0" hai0="87,77,7,10,71,125,47,44,0,128,130,129,97" hai1="54,17,82,45,70,107,118,135,99,8,106,105,102" hai2="122,1,88,27,21,96,63,90,9,67,36,132,13" hai3="104,94,4,15,95,111,29,16,48,100,113,22,69"/><T61/><D125/><U31/><E118/><V25/><F122/><W41/><G113/><T24/><D97/><U58/><E135/><V72/><F1/><W55/><G69/><T46/><D71/><U42/><E70/><V37/><F72/><W38/><G111/><T64/><D61/><U49/><E82/><V50/><F132/><W115/><G115/><T52/><D64/><U23/><E31/><V43/><F36/><W57/><G4/><T74/><D74/><U126/><E8/><V109/><F37/><W19/><G29/><T127/><D127/><U33/><E33/><V28/><F109/><W84/><G84/><T120/><D120/><U123/><E126/><V35/><F96/><W119/><G119/><T68/><D68/><U110/><E110/><V89/><F50/><W11/><G104/><T62/><D77/><U5/><E5/><V134/><F43/><W59/><G59/><N who="0" m="35175" /><D87/><U116/><E116/><V65/><F63/><W30/><G30/><T98/><D98/><U80/><E80/><V108/><F108/><W83/><G83/><T131/><D131/><U78/><E78/><V34/><F134/><W51/><G38/><T32/><D32/><U124/><E123/><V79/><F79/><W40/><G100/><T6/><D6/><U14/><REACH who="1" step="1"/><E124/><REACH who="1" ten="279,211,250,250" step="2"/><V81/><F35/><W12/><REACH who="3" step="1"/><G40/><REACH who="3" ten="279,211,250,240" step="2"/><T103/><D103/><U121/><E121/><V93/><F81/><W60/><G60/><AGARI ba="1,2" hai="14,17,23,42,45,49,54,58,60,99,102,105,106,107" machi="60" ten="30,8000,1" yaku="1,1,7,1,53,3" doraHai="20" doraHaiUra="101" who="1" fromWho="3" sc="279,0,211,103,250,0,240,-83" /><INIT seed="1,0,0,5,1,3" ten="279,314,250,157" oya="1" hai0="92,22,127,61,110,1,52,119,16,14,70,21,57" hai1="2,35,62,78,53,76,116,131,55,106,29,45,8" hai2="36,25,80,109,89,111,100,26,28,48,130,17,50" hai3="84,49,24,46,126,68,104,93,128,74,73,118,9"/><U132/><E116/><V135/><F36/><W7/><G104/><T41/><D119/><U94/><E106/><V117/><F117/><W72/><G68/><T39/><D110/><N who="2" m="41994" /><F130/><W44/><G118/><T38/><D127/><U43/><E131/><V113/><F135/><W18/><G126/><T85/><D1/><U129/><E129/><V6/><F100/><W20/><G128/><T64/><D41/><U65/><E132/><V81/><F89/><W77/><G93/><T23/><D85/><U67/><E94/><V58/><F58/><W95/><G49/><N who="2" m="19049" /><F113/><W12/><REACH who="3" step="1"/><G95/><REACH who="3" ten="279,314,250,147" step="2"/><T30/><D92/><U11/><E62/><V122/><F122/><W42/><G42/><T108/><D108/><U103/><E43/><V120/><F120/><W115/><G115/><T125/><D125/><U33/><E103/><V133/><F133/><W98/><G98/><T101/><D101/><U69/><E69/><V123/><F123/><W37/><G37/><T134/><D134/><U90/><E45/><V71/><F71/><W34/><G34/><T10/><REACH who="0" step="1"/><D30/><REACH who="0" ten="269,314,250,147" step="2"/><U4/><E29/><V79/><F28/><W0/><G0/><T5/><D5/><U88/><E2/><V107/><F6/><AGARI ba="0,2" hai="4,6,8,11,33,35,53,55,65,67,76,78,88,90" machi="6" ten="25,12000,1" yaku="22,2,52,2,54,1" doraHai="3" who="1" fromWho="2" sc="269,0,314,140,250,-120,147,0" /><INIT seed="1,1,0,0,4,16" ten="269,454,130,147" oya="1" hai0="97,53,127,55,71,133,132,123,96,49,112,48,62" hai1="105,7,118,43,126,84,66,37,109,50,104,101,119" hai2="31,12,17,56,52,70,77,24,95,76,61,65,78" hai3="8,64,121,68,94,85,38,107,128,41,90,80,91"/><U58/><E126/><V103/><F103/><W54/><G121/><T6/><D6/><U135/><E135/><N who="0" m="51785" /><D96/><U39/><E7/><V83/><F95/><W1/><G107/><T75/><D97/><U111/><E84/><V92/><F92/><W14/><G1/><T22/><D75/><U5/><E5/><V89/><F89/><W59/><G128/><T79/><D79/><U35/><E35/><V2/><F2/><W4/><G68/><T115/><D22/><U19/><E19/><V42/><F42/><W9/><G64/><N who="0" m="41367" /><D127/><U44/><E101/><V18/><F83/><W129/><G129/><T106/><D106/><U36/><E105/><V116/><F116/><W100/><G100/><T74/><D74/><U98/><E98/><V60/><REACH who="2" step="1"/><F12/><REACH who="2" ten="269,454,120,147" step="2"/><W130/><G41/><T30/><D123/><U81/><E81/><V82/><F82/><W0/><G130/><T131/><D131/><U26/><E104/><V102/><F102/><W25/><G0/><T122/><D122/><U40/><E40/><V34/><AGARI ba="1,1" hai="17,18,24,31,34,52,56,60,61,65,70,76,77,78" machi="34" ten="30,4000,0" yaku="1,1,0,1,54,1,53,0" doraHai="16" doraHaiUra="114" who="2" fromWho="2" sc="269,-11,454,-21,120,53,147,-11" /><INIT seed="2,0,0,0,0,45" ten="258,433,173,136" oya="2" hai0="96,124,84,116,85,113,89,133,73,22,79,41,107" hai1="126,11,86,5,77,115,32,35,91,88,24,66,6" hai2="42,78,93,83,119,23,127,130,118,21,99,29,106" hai3="90,39,128,2,52,117,68,40,70,56,125,7,120"/><V33/><F106/><W15/><G117/><T81/><D113/><U14/><E115/><V103/><F130/><W43/><G2/><T55/><D41/><U53/><E126/><V25/><F127/><W82/><G120/><T108/><D124/><U18/><E66/><V10/><F42/><W80/><G128/><T95/><D108/><U3/><E77/><V114/><F114/><W51/><G125/><T49/><D133/><U37/><E37/><V9/><F118/><W67/><G40/><T92/><D116/><U30/><E35/><V101/><F101/><W20/><G70/><T123/><D123/><U111/><E111/><V8/><REACH who="2" step="1"/><F119/><REACH who="2" ten="258,433,163,136" step="2"/><W98/><G39/><T134/><D107/><U12/><E3/><V69/><F69/><W100/><G43/><T48/><D134/><U104/><E104/><V58/><F58/><W121/><G121/><T0/><D0/><U129/><E129/><V97/><F97/><W31/><G100/><T71/><D71/><U17/><E5/><V47/><F47/><N who="3" m="27775" /><G68/><T26/><D73/><AGARI ba="0,1" hai="8,9,10,21,23,25,29,33,73,78,83,93,99,103" machi="73" ten="40,2000,0" yaku="1,1,53,0" doraHai="45" doraHaiUra="36" who="2" fromWho="0" sc="258,-20,433,0,163,30,136,0" /><INIT seed="2,1,0,1,5,115" ten="238,433,193,136" oya="2" hai0="24,66,44,129,22,61,6,114,131,99,15,33,92" hai1="8,43,48,42,9,13,74,119,90,10,54,35,37" hai2="58,46,51,57,3,29,127,55,87,110,134,106,20" hai3="32,2,75,36,120,105,27,71,49,103,93,11,64"/><V85/><F134/><W4/><G93/><T79/><D114/><U0/><E35/><V128/><F128/><W70/><G49/><T118/><D79/><U5/><E74/><V50/><F127/><W100/><G100/><T132/><D132/><U124/><E124/><V121/><F121/><W63/><G120/><T123/><D123/><U82/><E37/><V34/><F34/><W67/><G75/><T23/><D33/><U7/><E9/><V68/><F3/><W56/><G56/><N who="2" m="21609" /><F106/><W12/><G12/><T17/><D44/><U86/><E119/><V14/><F68/><W104/><G36/><T30/><D6/><U94/><E94/><V65/><F65/><W21/><G21/><T72/><D72/><U88/><E90/><V91/><F110/><W40/><G40/><T38/><D38/><U78/><E78/><V89/><F51/><W76/><G76/><T16/><D17/><U39/><E39/><V125/><F125/><W41/><G41/><T116/><D61/><U126/><E126/><V83/><F14/><W97/><G104/><T135/><D66/><U52/><E54/><V133/><F133/><W31/><G67/><T130/><D135/><U96/><E96/><V77/><F87/><W113/><REACH who="3" step="1"/><G71/><REACH who="3" ten="238,433,193,126" step="2"/><T84/><D84/><U45/><AGARI ba="1,1" hai="0,5,7,8,10,13,42,43,45,48,52,82,86,88" machi="45" ten="20,5200,0" yaku="0,1,7,1,54,2" doraHai="115" who="1" fromWho="1" sc="238,-14,433,65,193,-27,126,-14" /><INIT seed="3,0,0,4,2,104" ten="224,498,166,112" oya="3" hai0="134,7,48,11,88,90,71,129,95,49,107,3,108" hai1="29,83,89,85,9,46,0,123,118,78,70,116,59" hai2="15,40,13,132,45,42,122,32,30,73,44,56,43" hai3="24,64,130,77,100,106,135,113,121,62,57,87,23"/><W18/><G113/><T47/><D107/><U37/><E123/><V22/><F122/><W76/><G121/><T69/><D108/><U99/><E70/><V54/><F132/><W53/><G135/><T92/><D134/><U112/><E29/><V86/><F32/><W81/><G130/><T115/><D129/><U126/><E112/><V60/><F86/><W28/><G100/><T6/><D115/><U19/><E126/><V131/><F131/><W66/><G106/><T25/><D25/><U94/><E59/><V96/><F96/><W67/><REACH who="3" step="1"/><G76/><REACH who="3" ten="224,498,166,102" step="2"/><T16/><D3/><U117/><E0/><V80/><F13/><W50/><G50/><T31/><D47/><U105/><E105/><V127/><F44/><W34/><G34/><T1/><D1/><U55/><E37/><V98/><F15/><W12/><G12/><T110/><D110/><U133/><E133/><V93/><F45/><W65/><N who="3" m="16384" /><DORA hai="102" /><W51/><G51/><T2/><D2/><U128/><E128/><V97/><F127/><W17/><AGARI ba="0,1" hai="17,18,23,24,28,53,57,62,77,81,87" m="16384" machi="17" ten="40,12000,1" yaku="1,1,0,1,8,1,53,2" doraHai="104,102" doraHaiUra="72,52" who="3" fromWho="3" sc="224,-40,498,-40,166,-40,102,130" /><INIT seed="3,1,0,3,1,14" ten="184,458,126,232" oya="3" hai0="52,54,11,43,24,17,15,104,115,128,12,97,111" hai1="107,28,51,81,41,106,59,80,88,13,101,61,44" hai2="56,122,84,23,40,72,83,22,77,33,38,127,9" hai3="29,73,64,21,103,65,53,58,71,63,5,30,94"/><W109/><G73/><T112/><D111/><U85/><E28/><V37/><F33/><W82/><G109/><T4/><D128/><U66/><E101/><V119/><F119/><W91/><G5/><T69/><D69/><U129/><E129/><V124/><F122/><W2/><G2/><T76/><D76/><U86/><REACH who="1" step="1"/><E13/><REACH who="1" ten="184,448,126,232" step="2"/><V26/><F124/><W89/><G103/><N who="0" m="62575" /><D24/><U78/><AGARI ba="1,1" hai="41,44,51,59,61,66,78,80,81,85,86,88,106,107" machi="78" ten="20,5200,0" yaku="1,1,0,1,7,1,54,1,53,0" doraHai="14" doraHaiUra="132" who="1" fromWho="1" sc="184,-14,448,65,126,-14,232,-27" /><INIT seed="4,0,0,5,1,126" ten="170,513,112,205" oya="0" hai0="19,71,61,78,96,94,14,105,121,83,51,24,39" hai1="120,31,44,49,129,16,125,41,0,135,6,85,32" hai2="60,118,134,72,89,53,36,21,47,1,132,63,62" hai3="50,123,73,11,69,35,59,13,90,100,82,128,38"/><T42/><D121/><U77/><E120/><V10/><F72/><W116/><G38/><T86/><D105/><U43/><E125/><V76/><F76/><W84/><G69/><T52/><D24/><U28/><E43/><N who="2" m="23015" /><F89/><W98/><G35/><T8/><D39/><U122/><E122/><V88/><F21/><W3/><G3/><T30/><D30/><U127/><E127/><V107/><F107/><W111/><G111/><T25/><D25/><U108/><E135/><N who="2" m="51755" /><F1/><W124/><G128/><T17/><D42/><U91/><E49/><V114/><F10/><W18/><G116/><T74/><D74/><U102/><E44/><V93/><F118/><W87/><G123/><T54/><D19/><U110/><E41/><V2/><F2/><W67/><G124/><T117/><D117/><U81/><E0/><V80/><F80/><W131/><G131/><T33/><D33/><U115/><E129/><V65/><F114/><W106/><G84/><T95/><D96/><U130/><E130/><V4/><F4/><W27/><G27/><T79/><D79/><U57/><E6/><V40/><F40/><W68/><G73/><T37/><D37/><U70/><E115/><V58/><F65/><W99/><G100/><T26/><D26/><U34/><E102/><V15/><F15/><W22/><G106/><T92/><D51/><U66/><E32/><V56/><F53/><N who="3" m="32183" /><G11/><T55/><D55/><U46/><E34/><V112/><F112/><W20/><G22/><T97/><D97/><AGARI ba="0,0" hai="56,58,60,62,63,88,93,97" m="51755,23015" machi="97" ten="30,2000,0" yaku="20,1,54,1" doraHai="126" who="2" fromWho="0" sc="170,-20,513,0,112,20,205,0" /><INIT seed="5,0,0,1,3,90" ten="150,513,132,205" oya="1" hai0="67,106,0,75,68,42,70,10,35,60,74,123,95" hai1="113,57,7,9,94,101,64,43,14,103,55,21,134" hai2="122,45,128,23,105,100,81,11,116,83,125,108,12" hai3="20,33,126,58,37,63,111,71,96,80,124,8,18"/><U2/><E113/><V93/><F108/><W66/><G33/><T40/><D106/><U102/><E134/><V26/><F116/><W39/><G111/><T107/><D107/><U56/><E43/><V114/><F122/><W19/><G8/><T88/><D35/><U30/><E57/><V49/><F114/><W28/><G96/><T29/><D29/><U51/><E64/><V62/><F105/><W119/><G119/><T76/><D70/><U135/><E135/><V69/><F62/><W121/><G80/><T129/><D129/><U127/><E127/><N who="3" m="48682" /><G121/><T115/><D115/><U34/><E34/><V120/><F69/><W46/><G58/><T36/><D123/><U24/><REACH who="1" step="1"/><E2/><REACH who="1" ten="150,503,132,205" step="2"/><V54/><F125/><W109/><G66/><T1/><D1/><U48/><E48/><V131/><F120/><W52/><G71/><T99/><D42/><U104/><E104/><V13/><F128/><W15/><G39/><T91/><D40/><U110/><E110/><V77/><F131/><W130/><G37/><T82/><D36/><U117/><E117/><V61/><F49/><W16/><G109/><T17/><D0/><U32/><E32/><V4/><F54/><W72/><G52/><T31/><D68/><U50/><E50/><V85/><F61/><W98/><G63/><T5/><D60/><U22/><E22/><V25/><F23/><W44/><G20/><T118/><D67/><U97/><AGARI ba="0,1" hai="7,9,14,21,24,30,51,55,56,94,97,101,102,103" machi="97" ten="30,12000,1" yaku="1,1,0,1,8,1,52,1,53,1" doraHai="90" doraHaiUra="6" who="1" fromWho="1" sc="150,-40,503,130,132,-40,205,-40" /><INIT seed="5,1,0,5,3,134" ten="110,633,92,165" oya="1" hai0="49,39,10,50,122,60,91,12,85,94,102,47,11" hai1="83,41,87,38,48,110,121,58,64,117,14,90,127" hai2="78,59,70,8,3,76,119,53,42,37,36,105,74" hai3="106,15,23,27,44,103,54,17,46,86,84,101,97"/><U131/><E117/><V77/><F119/><W22/><G103/><T124/><D122/><U123/><E131/><V0/><F105/><W34/><G34/><T35/><D35/><U66/><E110/><V21/><F70/><W67/><G67/><T57/><D39/><U128/><E128/><V81/><F21/><W116/><G116/><T29/><D29/><U100/><E38/><V56/><F56/><W92/><G106/><T71/><D71/><U96/><E64/><V20/><F20/><W28/><G54/><T73/><D73/><U40/><E40/><V126/><F37/><W65/><G65/><T55/><D102/><U111/><E111/><V1/><F8/><W108/><G108/><T89/><D89/><U132/><E132/><V95/><F95/><W52/><G46/><T135/><D135/><U9/><E41/><V68/><F68/><W5/><G5/><T13/><D47/><U16/><E48/><AGARI ba="1,0" hai="15,17,22,23,27,28,44,48,52,84,86,92,97,101" machi="48" ten="40,2600,0" yaku="8,1,54,1" doraHai="134" who="3" fromWho="1" sc="110,0,633,-29,92,0,165,29" /><INIT seed="6,0,0,1,0,89" ten="110,604,92,194" oya="2" hai0="118,76,96,19,72,6,129,101,43,68,92,53,81" hai1="32,99,44,113,74,78,38,87,98,13,121,102,116" hai2="80,110,103,90,16,46,23,124,97,131,26,39,91" hai3="22,56,3,88,25,133,125,28,29,2,69,64,84"/><V24/><F131/><W100/><G69/><T20/><D129/><U17/><E32/><V75/><F124/><W70/><G70/><T47/><D118/><U37/><E116/><V83/><F110/><W86/><G125/><T120/><D120/><U108/><E113/><V0/><F0/><W128/><G128/><T77/><D68/><U60/><E108/><V85/><F75/><W67/><G100/><T58/><D77/><U35/><E35/><V106/><F26/><W63/><G67/><T31/><D6/><U57/><E74/><V50/><F39/><W109/><G133/><T52/><D31/><U66/><E44/><V9/><F9/><W132/><G109/><T65/><D58/><U111/><E98/><V122/><F122/><W51/><G86/><T7/><D7/><U18/><E18/><V33/><F33/><W115/><G115/><T10/><D65/><U8/><E121/><V1/><F1/><W48/><G29/><T4/><D10/><U14/><E14/><V71/><F71/><W5/><G132/><T126/><D4/><U130/><E130/><V82/><REACH who="2" step="1"/><F85/><REACH who="2" ten="110,604,82,194" step="2"/><W49/><G2/><T119/><D126/><U45/><E111/><V61/><F61/><W62/><G62/><T94/><D119/><U27/><E27/><V41/><AGARI ba="0,1" hai="16,23,24,41,46,50,80,82,83,90,91,97,103,106" machi="41" ten="30,11700,0" yaku="1,1,0,1,54,1,53,1" doraHai="89" doraHaiUra="42" who="2" fromWho="2" sc="110,-39,604,-39,82,127,194,-39" /><INIT seed="6,1,0,3,5,84" ten="71,565,209,155" oya="2" hai0="43,82,135,95,109,101,33,26,22,87,58,45,2" hai1="102,67,5,31,60,123,63,44,127,24,42,4,76" hai2="32,68,36,28,20,129,104,103,14,16,124,77,105" hai3="73,131,12,71,52,92,115,108,62,61,98,56,3"/><V133/><F129/><W65/><G3/><T113/><D109/><U37/><E127/><V13/><F124/><W38/><G38/><T7/><D113/><U88/><E123/><V55/><F68/><W8/><G73/><T46/><D33/><U100/><E76/><V40/><F77/><W90/><G131/><T120/><D120/><U79/><E79/><V54/><F133/><W35/><G115/><T66/><D135/><U85/><E102/><V17/><F32/><W122/><G122/><T91/><D2/><U49/><E100/><V116/><F28/><W81/><G35/><T29/><D7/><N who="1" m="2635" /><E37/><V112/><F116/><W130/><G130/><T89/><D101/><U30/><E24/><V6/><F6/><W27/><G27/><T86/><D43/><U126/><E126/><V69/><F40/><W121/><G121/><T51/><REACH who="0" step="1"/><D51/><REACH who="0" ten="61,565,209,155" step="2"/><U0/><E0/><V110/><F103/><W94/><G108/><T119/><D119/><U19/><E19/><V1/><F1/><W39/><G39/><T15/><D15/><U106/><E106/><V53/><F110/><W10/><G12/><T117/><D117/><U107/><E107/><V78/><F104/><W64/><G8/><T34/><D34/><U111/><E111/><V83/><F112/><W70/><G10/><T80/><D80/><N who="1" m="49191" /><E63/><AGARI ba="1,1" hai="22,26,29,45,46,58,63,66,82,86,87,89,91,95" machi="63" ten="40,8000,1" yaku="1,1,8,1,52,2,53,0" doraHai="84" doraHaiUra="93" who="0" fromWho="1" sc="61,93,565,-83,209,0,155,0" /><INIT seed="7,0,0,0,1,50" ten="154,482,209,155" oya="3" hai0="12,39,101,29,68,115,95,17,40,106,32,31,90" hai1="84,57,126,66,2,75,130,86,56,59,108,41,24" hai2="9,79,46,96,23,28,77,16,67,89,21,3,78" hai3="131,44,69,71,6,43,13,53,94,111,120,42,128"/><W30/><G120/><T62/><D32/><U116/><E75/><V99/><F67/><W119/><G119/><T117/><D117/><U38/><E2/><V61/><F61/><W132/><G30/><T100/><D106/><U26/><E108/><V83/><F46/><W36/><G42/><T22/><D115/><U109/><E109/><V33/><F33/><W81/><G111/><T107/><D107/><U114/><E114/><V19/><F28/><N who="0" m="10826" /><D68/><U1/><E1/><V20/><F3/><W60/><G132/><T18/><D39/><U82/><E116/><V124/><F124/><W134/><G134/><T34/><D34/><U7/><E7/><V52/><F9/><N who="3" m="4279" /><G81/><T87/><D40/><U133/><E133/><V76/><F83/><W74/><G74/><T91/><D62/><U25/><E126/><V45/><F79/><W35/><G94/><N who="0" m="54623" /><D18/><N who="2" m="6698" /><F89/><W65/><G35/><T80/><D80/><U63/><E41/><V8/><F8/><W49/><G71/><T47/><D47/><U70/><E38/><V105/><F105/><W14/><G14/><T92/><D92/><U122/><E122/><V104/><F104/><W55/><G36/><T97/><AGARI ba="0,0" hai="12,17,22,91,95,97,100,101" m="54623,10826" machi="97" ten="30,1100,0" yaku="8,1" doraHai="50" who="0" fromWho="0" sc="154,11,482,-3,209,-3,155,-5" owari="165,-23.5,479,57.9,206,0.6,150,-35.0" /></mjloggm>