<mjloggm ver="2.3"><GO type="169" lobby="0"/><UN n0="%E3%81%95%E3%81%8B%E3%81%8D" n1="%43%4F%45%44%4F%E7%B7%91" n2="%E3%83%8F%E3%82%BB%E3%81%B9" n3="%E3%81%9F%E3%81%8B%E3%81%AA" dan="16,18,16,19" rate="2118.86,2198.36,2019.88,2220.08" sx="M,F,M,M"/><TAIKYOKU oya="0"/><INIT seed="0,0,0,2,3,22" ten="250,250,250,250" oya="0" hai0="29,113,63,69,19,88,104,26,52,42,112,86,17" hai1="8,36,133,92,111,85,91,109,5,97,35,15,46" hai2="18,132,68,28,74,105,125,126,81,106,40,33,44" hai3="122,135,51,124,30,117,79,116,14,10,94,56,123"/><T119/><D119/><U34/><E133/><V58/><F58/><W25/><G79/><T128/><D104/><U131/><E131/><V76/><F18/><W62/><G51/><T82/><D128/><U129/><E129/><V43/><F43/><W134/><G94/><T13/><D42/><N who="1" m="22855" /><E85/><V31/><F31/><W103/><G103/><T55/><D113/><U114/><E114/><V23/><F23/><N who="3" m="15679" /><G56/><T77/><D112/><U39/><E39/><N who="2" m="21535" /><F68/><W70/><G62/><T98/><D69/><U45/><E45/><V120/><F120/><N who="3" m="46123" /><G124/><N who="2" m="47721" /><F132/><N who="3" m="50731" /><G70/><T121/><D121/><U0/><E92/><V107/><F28/><W90/><G90/><T49/><D63/><U21/><E91/><V87/><F33/><W54/><G54/><T66/><D66/><U47/><E47/><V24/><F24/><W83/><G83/><T60/><D60/><U67/><E67/><V2/><F87/><W108/><G108/><N who="1" m="41546" /><E97/><V1/><AGARI ba="0,0" hai="1,2,74,76,81,105,106,107" m="47721,21535" machi="1" ten="40,2700,0" yaku="18,1,23,1" doraHai="22" who="2" fromWho="2" sc="250,-13,250,-7,250,27,250,-7" /><INIT seed="1,0,0,2,3,64" ten="237,243,277,243" oya="1" hai0="61,50,38,109,18,52,39,79,19,100,13,9,116" hai1="106,2,98,31,11,123,88,135,73,105,42,30,119" hai2="81,72,56,80,87,4,111,51,48,104,83,75,77" hai3="68,84,41,115,63,36,33,37,43,90,118,44,71"/><U133/><E119/><V6/><F104/><W27/><G115/><T53/><D116/><U40/><E123/><V45/><F56/><W74/><G74/><T95/><D109/><U103/><E73/><V55/><F111/><W57/><G118/><T26/><D79/><U101/><E11/><V1/><F1/><W24/><G41/><T82/><D82/><N who="2" m="31850" /><F72/><W35/><G37/><T10/><D61/><U131/><E2/><V125/><F125/><W92/><G24/><T130/><D130/><U32/><E98/><V94/><F94/><W59/><G59/><T86/><D53/><U5/><E5/><N who="2" m="2155" /><F75/><W78/><G78/><T134/><D134/><U65/><E65/><V20/><F20/><W58/><G58/><T117/><D117/><U70/><E32/><V34/><F34/><W112/><G112/><T0/><D0/><U17/><E131/><V21/><F21/><W107/><G107/><T102/><D9/><U23/><E23/><V113/><F113/><W129/><G129/><T29/><D39/><U93/><E93/><V122/><F122/><W47/><G47/><N who="0" m="27743" /><D38/><U49/><E49/><AGARI ba="0,0" hai="45,48,49,51,55,77,83,87" m="2155,31850" machi="49" ten="30,1000,0" yaku="8,1" doraHai="64" who="2" fromWho="1" sc="237,0,243,-10,277,10,243,0" /><INIT seed="2,0,0,5,1,64" ten="237,233,287,243" oya="2" hai0="34,45,111,46,81,103,130,106,33,31,53,100,10" hai1="51,7,124,132,18,69,134,44,57,38,113,65,60" hai2="71,101,108,94,25,0,78,11,104,35,135,32,13" hai3="62,88,114,40,93,14,58,109,42,82,59,4,30"/><V1/><F94/><W5/><G109/><T89/><D111/><U91/><E7/><V9/><F78/><W21/><G114/><T8/><D130/><U85/><E113/><V97/><F108/><W52/><G82/><T128/><D128/><U3/><E3/><V79/><F79/><W83/><G83/><T110/><D110/><U102/><E102/><V2/><F135/><N who="1" m="51753" /><E18/><V77/><F77/><W84/><G58/><T74/><D31/><U129/><E129/><V24/><F71/><W19/><REACH who="3" step="1"/><G30/><REACH who="3" ten="237,233,287,233" step="2"/><T105/><D81/><N who="1" m="49583" /><E124/><V107/><F107/><W28/><G28/><T61/><D105/><U118/><E118/><V15/><F32/><W67/><G67/><T23/><D106/><U117/><E117/><V20/><F35/><W123/><G123/><T29/><D29/><U47/><E38/><V26/><REACH who="2" step="1"/><F20/><REACH who="2" ten="237,233,277,233" step="2"/><W122/><G122/><T115/><D23/><U68/><E68/><V126/><F126/><W63/><G63/><T43/><D115/><U96/><E69/><V75/><F75/><W49/><G49/><T6/><D74/><U56/><E51/><V70/><F70/><W54/><G54/><T72/><D72/><U48/><E48/><V86/><F86/><W36/><G36/><T55/><D61/><N who="1" m="38055" /><E96/><V90/><F90/><W98/><G98/><T131/><D131/><U76/><E76/><V17/><F17/><W99/><G99/><T50/><D50/><U92/><E92/><V66/><F66/><AGARI ba="0,2" hai="44,47,57,60,66" m="38055,49583,51753" machi="66" ten="30,1000,0" yaku="20,1" doraHai="64" who="1" fromWho="2" sc="237,0,233,30,277,-10,233,0" /><INIT seed="3,0,0,2,0,26" ten="237,263,267,233" oya="3" hai0="51,33,70,104,123,20,52,3,92,86,31,29,15" hai1="95,55,102,100,111,131,69,118,54,46,4,36,34" hai2="32,89,40,42,41,22,10,13,124,133,85,64,98" hai3="108,103,88,35,67,114,38,82,1,120,0,61,18"/><W17/><G114/><T59/><D123/><U39/><E69/><V74/><F74/><W24/><G120/><T79/><D104/><U28/><E111/><V6/><F32/><W9/><G38/><T128/><D3/><U11/><E131/><V58/><F98/><W21/><G103/><T71/><D33/><U80/><E80/><V126/><F22/><W14/><G108/><T45/><D128/><U110/><E110/><V117/><F117/><W23/><G35/><T76/><D71/><U57/><E55/><V127/><F133/><W25/><G82/><N who="0" m="47431" /><D70/><U116/><E95/><N who="2" m="54703" /><F42/><W113/><G88/><T90/><D79/><U30/><E34/><V12/><F12/><W73/><G73/><T43/><D15/><N who="1" m="5607" /><E102/><V62/><AGARI ba="0,0" hai="6,10,13,40,41,58,62,64,124,126,127" m="54703" machi="62" ten="40,1500,0" yaku="18,1" doraHai="26" who="2" fromWho="2" sc="237,-4,263,-4,267,15,233,-7" /><INIT seed="4,0,0,4,3,50" ten="233,259,282,226" oya="0" hai0="28,12,23,104,37,123,133,14,0,25,61,63,66" hai1="33,113,112,76,15,101,74,129,64,57,27,48,39" hai2="77,26,58,55,5,65,72,134,92,40,9,106,2" hai3="10,78,16,51,36,54,119,117,73,132,29,44,46"/><T49/><D123/><U114/><E39/><V118/><F106/><W47/><G29/><T111/><D37/><U88/><E129/><V18/><F65/><W124/><G132/><T85/><D0/><U91/><E101/><V125/><F134/><W135/><G135/><T68/><D133/><U84/><E74/><V43/><F118/><W127/><G78/><T38/><D38/><U94/><E15/><V6/><F6/><W42/><G73/><T109/><D104/><U108/><E108/><N who="0" m="41545" /><D63/><N who="1" m="37999" /><E48/><V75/><F75/><W4/><G46/><T107/><D107/><U81/><E94/><V87/><F72/><W67/><G67/><T115/><D115/><U90/><E27/><V120/><F120/><W62/><G62/><T22/><D85/><U99/><E99/><V19/><F125/><N who="3" m="48203" /><G4/><T126/><D126/><U13/><E13/><AGARI ba="0,0" hai="10,13,16,36,42,44,47,51,54,117,119" m="48203" machi="13" ten="30,3900,0" yaku="18,1,52,1,54,1" doraHai="50" who="3" fromWho="1" sc="233,0,259,-39,282,0,226,39" /><INIT seed="5,0,0,0,3,65" ten="233,220,282,265" oya="1" hai0="58,120,53,43,71,41,11,73,112,45,50,9,121" hai1="15,57,42,76,114,96,126,90,51,122,78,36,88" hai2="21,84,6,85,1,93,102,75,37,134,56,49,67" hai3="83,118,127,131,62,13,115,135,86,111,27,12,117"/><U105/><E122/><N who="0" m="47209" /><D73/><U5/><E114/><V48/><F75/><W106/><G111/><T66/><D9/><N who="1" m="4527" /><E105/><V59/><F6/><W14/><G106/><T34/><D11/><U95/><E36/><V7/><F1/><W80/><G115/><T29/><D29/><U24/><E126/><V89/><F7/><W17/><G127/><T109/><D34/><U123/><E123/><V119/><F119/><W4/><G4/><T31/><D31/><U44/><E57/><V46/><F102/><W72/><G72/><T81/><D81/><U39/><E39/><V23/><F85/><W63/><G27/><T38/><D112/><U20/><E90/><V100/><F100/><W91/><G17/><AGARI ba="0,0" hai="17,20,24,42,44,51,76,78,88,95,96" m="4527" machi="17" ten="30,2900,0" yaku="8,1,54,1" doraHai="65" who="1" fromWho="3" sc="233,0,220,29,282,0,265,-29" /><INIT seed="5,1,0,1,2,73" ten="233,249,282,236" oya="1" hai0="65,55,84,50,67,66,127,53,89,104,52,15,19" hai1="26,115,90,35,107,5,71,102,29,38,49,3,13" hai2="80,125,8,100,62,114,40,42,46,112,32,94,126" hai3="98,36,37,20,101,70,25,113,10,11,119,121,116"/><U9/><E38/><N who="3" m="14954" /><G70/><T109/><D127/><N who="2" m="48650" /><F32/><W117/><G121/><T72/><D109/><U83/><E71/><V24/><F24/><W82/><G82/><T43/><D72/><U130/><E49/><V97/><F62/><W31/><G113/><N who="2" m="43625" /><F46/><W63/><G63/><T56/><D104/><AGARI ba="1,0" hai="10,11,20,25,31,98,101,104,116,117,119" m="14954" machi="104" ten="40,1300,0" yaku="12,1" doraHai="73" who="3" fromWho="0" sc="233,-16,249,0,282,0,236,16" /><INIT seed="6,0,0,4,2,122" ten="217,249,282,252" oya="2" hai0="71,29,105,42,35,37,57,49,95,2,125,83,61" hai1="131,82,14,110,24,70,47,28,25,34,0,99,127" hai2="51,73,38,66,44,78,104,85,15,48,10,124,46" hai3="8,129,128,1,17,132,89,13,87,133,98,36,108"/><V81/><F104/><W26/><G36/><T106/><D2/><U52/><E0/><V59/><F124/><W97/><G1/><T3/><D3/><U117/><E117/><V91/><F38/><W39/><G39/><T126/><D83/><U77/><E70/><V19/><F51/><W7/><G26/><T119/><D95/><U33/><E110/><V116/><F116/><W16/><G108/><T76/><D76/><U84/><E131/><N who="3" m="50250" /><G97/><T74/><D74/><U100/><E127/><N who="0" m="48649" /><D29/><U112/><E112/><V67/><F59/><W21/><G98/><T120/><D35/><U45/><E14/><V56/><F56/><W23/><G7/><T115/><D119/><U69/><E69/><V18/><F19/><W64/><G64/><N who="0" m="41359" /><D120/><U50/><E34/><V111/><F111/><W90/><G90/><T40/><D115/><U20/><E25/><V86/><F46/><W58/><G58/><T27/><D27/><U32/><E47/><V75/><F73/><W53/><G53/><N who="0" m="31919" /><D42/><U72/><E72/><V103/><F103/><W54/><G17/><T118/><D118/><U96/><E96/><V5/><F5/><W123/><G123/><T109/><D109/><U6/><E6/><V107/><F107/><AGARI ba="0,0" hai="20,24,28,32,33,45,50,52,77,82,84,99,100,107" machi="107" ten="30,2000,0" yaku="7,1,54,1" doraHai="122" who="1" fromWho="2" sc="217,0,249,20,282,-20,252,0" /><INIT seed="7,0,0,1,3,82" ten="217,269,262,252" oya="3" hai0="109,6,73,8,134,125,40,78,122,79,57,3,32" hai1="114,21,49,101,63,81,127,47,58,55,123,91,89" hai2="35,27,52,50,107,72,112,41,66,97,61,45,135" hai3="48,34,113,105,15,84,51,131,17,69,0,43,18"/><W11/><G113/><T26/><D109/><U118/><E123/><V115/><F72/><W1/><G69/><T128/><D122/><U90/><E127/><V30/><F135/><W75/><G75/><T104/><D104/><U120/><E118/><V59/><F107/><W13/><G105/><T92/><D134/><U116/><E116/><V70/><REACH who="2" step="1"/><F97/><REACH who="2" ten="217,269,252,252" step="2"/><W110/><G110/><T88/><D73/><U74/><E74/><V4/><F4/><W16/><G0/><T9/><D125/><U129/><E120/><V46/><F46/><W36/><G1/><T76/><D128/><U85/><E129/><V106/><F106/><W56/><G131/><T132/><D132/><U23/><E114/><V25/><F25/><W96/><G96/><T22/><D3/><U124/><E124/><V67/><F67/><W31/><G15/><T95/><D6/><U93/><E101/><V20/><F20/><W98/><G98/><T54/><D32/><U12/><E12/><V130/><F130/><W33/><G33/><T108/><D108/><U60/><E47/><V38/><AGARI ba="0,1" hai="27,30,35,38,41,45,50,52,59,61,66,70,112,115" machi="38" ten="30,8000,1" yaku="1,1,0,1,24,2,54,1,53,0" doraHai="82" doraHaiUra="86" who="2" fromWho="2" sc="217,-20,269,-20,252,90,252,-40" owari="197,-30.3,249,4.9,342,44.2,212,-18.8" /></mjloggm>