<mjloggm ver="2.3"><GO type="169" lobby="0"/><UN n0="%E3%81%A1%E3%82%83%E3%82%8B%E3%82%81%E3%82%89" n1="%E6%99%82%E8%A8%88%E5%9D%82%E9%9B%B6" n2="%E3%81%9B%E3%81%A9%E3%81%AA%E3%82%8A%E3%81%82%E3%82%93" n3="%E5%9C%A7%E5%80%92%E7%9A%84%E3%83%9D%E3%83%B3" dan="17,16,17,17" rate="2224.03,2144.70,2191.61,2210.66" sx="M,M,F,M"/><TAIKYOKU oya="0"/><INIT seed="0,0,0,0,4,129" ten="250,250,250,250" oya="0" hai0="135,127,75,114,32,95,41,27,4,28,131,26,130" hai1="93,39,79,43,108,64,126,100,25,20,8,3,74" hai2="109,6,94,1,125,19,116,47,97,69,124,80,51" hai3="31,121,99,113,10,105,85,17,68,12,22,37,102"/><T13/><D75/><U53/><E108/><V107/><F107/><W60/><G121/><T128/><D41/><U132/><E53/><V11/><F69/><W96/><G37/><T54/><D54/><U58/><E126/><N who="2" m="48747" /><F109/><W34/><G113/><T57/><D127/><U33/><E33/><V35/><F35/><W70/><G34/><T76/><D76/><U30/><E79/><V0/><F19/><W89/><G99/><T72/><D72/><U104/><E74/><V103/><F80/><W59/><G31/><N who="0" m="19575" /><D57/><U117/><E117/><V62/><F62/><W118/><G118/><T78/><D95/><U65/><E104/><V77/><F77/><W73/><G73/><T67/><D67/><U52/><E43/><N who="2" m="25087" /><F116/><W23/><G70/><T50/><D50/><U21/><E39/><V42/><F42/><W120/><G68/><T44/><D44/><U9/><E64/><V40/><F40/><W48/><G48/><T101/><D78/><U66/><E66/><V55/><F55/><W29/><G120/><T7/><D114/><U112/><E65/><V111/><F111/><W46/><G46/><T119/><D119/><U86/><E112/><V83/><F83/><W2/><G59/><T15/><D131/><U90/><E58/><V98/><F98/><W110/><G60/><T18/><D18/><U24/><E93/><V49/><F49/><W88/><G110/><T56/><D56/><U81/><E81/><V61/><F61/><W45/><G45/><T134/><D130/><U16/><E52/><V133/><F0/><W122/><G105/><T14/><D128/><RYUUKYOKU ba="0,0" sc="250,-10,250,-10,250,30,250,-10" hai2="1,6,11,94,97,103,133" /><INIT seed="1,1,0,4,5,58" ten="240,240,280,240" oya="1" hai0="44,40,29,97,69,48,132,80,36,114,46,60,25" hai1="54,66,22,89,67,10,95,113,41,124,82,99,12" hai2="52,74,106,6,39,7,119,120,130,1,94,43,49" hai3="131,92,109,42,72,127,123,101,96,134,108,116,31"/><U115/><E124/><V90/><F106/><W23/><G123/><T2/><D2/><U98/><E41/><V70/><F119/><W118/><G42/><T64/><D114/><U129/><E129/><V117/><F117/><N who="3" m="45163" /><G31/><T20/><D132/><U78/><E113/><V16/><F74/><W32/><G32/><T62/><D80/><U71/><E71/><V28/><F28/><W103/><G23/><T3/><D3/><U17/><E115/><V35/><F35/><W50/><G50/><T76/><D76/><U56/><E98/><V87/><F120/><W81/><G131/><T4/><D4/><U15/><E82/><V126/><F126/><W47/><G47/><T26/><D26/><U93/><E93/><V27/><F1/><W61/><G61/><T86/><D86/><U5/><REACH who="1" step="1"/><E78/><REACH who="1" ten="240,230,280,240" step="2"/><V38/><F43/><W30/><G127/><T112/><D112/><U107/><E107/><V79/><F70/><W128/><G128/><T11/><D97/><U111/><E111/><V33/><F79/><N who="3" m="44263" /><G134/><T122/><D122/><U53/><E53/><V51/><F52/><W65/><G65/><T8/><D69/><U75/><E75/><V102/><F130/><W37/><G37/><T59/><D64/><U125/><E125/><V105/><F39/><W135/><G135/><T45/><D36/><U63/><AGARI ba="1,1" hai="5,10,12,15,17,22,54,56,63,66,67,89,95,99" machi="63" ten="20,12000,1" yaku="1,1,0,1,7,1,8,1,52,1,53,0" doraHai="58" doraHaiUra="121" who="1" fromWho="1" sc="240,-41,230,133,280,-41,240,-41" /><INIT seed="1,2,0,2,2,100" ten="199,363,239,199" oya="1" hai0="23,130,30,101,27,46,78,26,72,21,5,4,93" hai1="128,22,18,25,47,76,103,112,126,74,71,58,1" hai2="31,49,116,43,87,16,104,86,108,44,54,48,96" hai3="83,84,109,62,35,20,37,121,89,40,29,107,36"/><U85/><E71/><V69/><F116/><W8/><G121/><T9/><D130/><U38/><E112/><V32/><F69/><W55/><G35/><T114/><D114/><U99/><E128/><V56/><F108/><W0/><G109/><T73/><D78/><U77/><E74/><V94/><F31/><W51/><G62/><T66/><D66/><U131/><E1/><V105/><F32/><W65/><G65/><T11/><D101/><U95/><E126/><V106/><REACH who="2" step="1"/><F16/><REACH who="2" ten="199,363,229,199" step="2"/><W52/><G29/><T45/><D30/><U15/><E131/><V110/><F110/><W80/><G20/><T117/><REACH who="0" step="1"/><D93/><REACH who="0" ten="189,363,229,199" step="2"/><U3/><E95/><V81/><F81/><W60/><G83/><T123/><D123/><U19/><E19/><V98/><F98/><W28/><G28/><T125/><D125/><U39/><E99/><V12/><F12/><W57/><G80/><T79/><D79/><U82/><E76/><V134/><F134/><W124/><G124/><T42/><D42/><U118/><E15/><V90/><AGARI ba="2,2" hai="43,44,48,49,54,56,86,87,90,94,96,104,105,106" machi="90" ten="30,12000,2" yaku="1,1,0,1,52,3,53,1" doraHai="100" doraHaiUra="88" who="2" fromWho="2" sc="189,-32,363,-62,229,146,199,-32" /><INIT seed="2,0,0,1,4,56" ten="157,301,375,167" oya="2" hai0="27,52,135,133,91,106,40,63,61,18,26,118,31" hai1="129,65,42,108,97,47,134,79,115,25,64,45,30" hai2="82,101,59,38,92,11,116,88,58,53,44,3,126" hai3="35,6,131,105,109,83,19,130,114,23,72,15,66"/><V75/><F116/><W96/><G114/><T51/><D106/><U77/><E115/><V68/><F68/><W90/><G35/><T10/><D40/><U50/><E108/><V2/><F126/><W123/><G123/><T16/><D118/><U69/><E129/><V39/><F101/><W100/><G109/><T119/><D119/><U7/><E134/><N who="0" m="51209" /><D91/><U113/><E113/><V87/><F58/><W57/><G6/><T8/><D8/><U112/><E112/><V9/><F9/><W74/><G90/><T46/><D26/><U125/><E125/><V103/><F44/><W33/><G33/><T43/><D43/><U98/><E7/><V121/><F121/><W36/><G36/><T95/><D95/><U48/><E69/><V12/><F39/><W24/><G24/><T37/><D37/><U5/><E5/><V54/><F54/><W29/><G83/><T0/><D0/><U102/><E25/><V73/><F38/><W20/><G29/><T104/><D104/><U41/><E30/><V84/><F2/><W132/><G23/><N who="0" m="15871" /><D10/><U22/><E22/><V110/><F3/><W28/><G28/><T4/><D4/><U122/><E122/><V55/><F110/><W1/><G1/><T21/><D21/><U93/><E93/><V70/><F11/><W78/><G78/><T71/><D71/><U34/><E34/><V14/><F70/><W94/><G105/><T13/><D13/><U128/><E128/><N who="3" m="49194" /><G132/><T120/><D120/><U81/><E81/><V107/><F107/><W124/><G124/><T80/><D80/><U86/><E102/><RYUUKYOKU ba="0,0" sc="157,10,301,10,375,-30,167,10" hai0="16,18,46,51,52,61,63" hai1="41,42,45,47,48,50,64,65,77,79,86,97,98" hai3="15,19,20,57,66,72,74,94,96,100" /><INIT seed="3,1,0,4,1,99" ten="167,311,345,177" oya="3" hai0="85,81,13,133,1,80,73,0,129,103,12,113,49" hai1="134,50,78,90,6,94,8,18,23,108,31,56,98" hai2="115,109,124,15,75,20,9,105,135,2,112,48,91" hai3="62,77,27,41,88,104,53,19,39,30,97,122,51"/><W46/><G77/><T59/><D129/><U26/><E108/><V32/><F32/><W5/><G5/><T52/><D133/><U100/><E78/><V21/><F75/><W83/><G122/><T117/><D117/><U63/><E50/><V60/><F105/><W45/><G62/><T42/><D73/><U102/><E134/><V40/><F2/><W93/><G104/><T58/><D113/><U126/><E126/><V17/><F135/><W25/><G83/><T95/><D42/><U22/><E8/><V106/><F106/><W66/><G66/><T76/><D1/><U110/><E6/><V65/><F109/><W4/><G4/><T11/><D81/><U44/><E44/><V127/><F91/><W132/><G132/><T54/><D0/><U43/><E43/><V123/><F123/><W107/><G107/><T111/><D111/><U116/><E116/><V16/><F48/><W121/><G121/><T10/><D10/><U68/><E68/><V14/><F40/><W61/><G61/><N who="0" m="36039" /><D11/><U125/><E125/><N who="2" m="48203" /><F9/><W79/><G79/><T69/><D69/><AGARI ba="1,0" hai="14,15,16,17,20,21,60,65,69,112,115" m="48203" machi="69" ten="30,2000,0" yaku="18,1,54,1" doraHai="99" who="2" fromWho="0" sc="167,-23,311,0,345,23,177,0" /><INIT seed="4,0,0,2,5,41" ten="144,311,368,177" oya="0" hai0="126,29,27,100,34,76,96,72,32,70,44,3,79" hai1="117,74,50,60,81,13,22,97,101,71,47,43,19" hai2="39,31,23,77,121,106,109,55,8,78,88,6,122" hai3="102,40,57,5,66,45,68,54,17,0,52,11,2"/><T26/><D126/><U42/><E117/><V61/><F109/><W108/><G108/><T69/><D3/><U49/><E74/><V82/><F106/><W87/><G102/><T18/><D18/><U75/><E75/><V7/><F39/><W114/><G114/><T132/><D132/><U92/><E81/><V123/><F31/><W91/><G66/><T10/><D10/><U30/><E30/><V93/><F23/><W115/><G68/><T104/><D79/><U16/><E19/><V64/><F55/><W134/><G134/><T12/><D12/><U86/><E86/><V37/><F37/><W46/><G2/><T58/><D58/><U110/><E110/><V124/><F124/><W80/><G115/><T51/><D27/><U118/><E118/><V131/><F131/><W116/><G116/><T33/><D76/><U28/><E28/><V9/><F9/><W127/><G127/><T125/><D72/><U105/><E105/><V73/><F78/><W103/><G103/><T14/><D14/><U95/><E95/><V4/><F8/><W90/><G17/><T48/><D48/><U35/><E35/><V63/><REACH who="2" step="1"/><F64/><REACH who="2" ten="144,311,358,177" step="2"/><W53/><G40/><T1/><D125/><U112/><E112/><V62/><F62/><W21/><G21/><T24/><D1/><U107/><E107/><V36/><F36/><W65/><REACH who="3" step="1"/><G90/><REACH who="3" ten="144,311,358,167" step="2"/><T85/><D34/><U84/><E43/><V25/><F25/><W83/><G83/><T38/><D26/><U67/><E42/><V20/><F20/><W129/><G129/><T56/><D33/><U99/><E22/><RYUUKYOKU ba="0,2" sc="144,-15,311,-15,358,15,167,15" hai2="4,6,7,61,63,73,77,82,88,93,121,122,123" hai3="0,5,11,45,46,52,53,54,57,65,80,87,91" /><INIT seed="5,1,2,5,2,67" ten="129,296,373,182" oya="1" hai0="31,124,64,52,58,37,4,16,29,33,120,34,88" hai1="8,25,13,95,46,89,91,85,14,106,53,62,115" hai2="41,77,27,102,114,87,11,112,101,10,81,104,97" hai3="32,79,100,26,55,47,61,39,83,122,54,111,35"/><U99/><E115/><N who="2" m="44075" /><F41/><W93/><G111/><T44/><D4/><U78/><E78/><V20/><F102/><W15/><G122/><T92/><D120/><U49/><E106/><V107/><F107/><W130/><G130/><T3/><D3/><U86/><E99/><V105/><F105/><W45/><G100/><T7/><D7/><U110/><E110/><V119/><F119/><W2/><G2/><T21/><D124/><U60/><E25/><V134/><F134/><W80/><G79/><T9/><D9/><U131/><E131/><V75/><F75/><W30/><G93/><T38/><D64/><U12/><REACH who="1" step="1"/><E8/><REACH who="1" ten="129,286,373,182" step="2"/><V135/><F135/><W123/><G123/><T73/><D73/><U71/><E71/><V70/><F70/><W74/><G74/><T133/><D133/><U127/><E127/><V63/><F63/><W117/><G26/><T118/><D118/><U24/><E24/><V17/><AGARI ba="1,3" hai="10,11,17,20,27,77,81,87,97,101,104" m="44075" machi="17" ten="30,2000,0" yaku="15,1,11,1" doraHai="67" who="2" fromWho="2" sc="129,-6,286,-11,373,53,182,-6" /><INIT seed="6,0,0,3,2,62" ten="123,275,426,176" oya="2" hai0="110,129,114,35,31,47,32,38,46,72,25,43,134" hai1="133,105,68,131,102,52,37,30,119,33,9,109,54" hai2="14,69,126,3,83,16,1,28,5,23,2,104,92" hai3="107,79,80,48,115,75,103,29,19,111,106,4,39"/><V36/><F104/><W85/><G111/><T98/><D110/><U112/><RYUUKYOKU type="yao9" ba="0,0" sc="123,0,275,0,426,0,176,0" hai1="9,30,33,37,52,54,68,102,105,109,112,119,131,133" /><INIT seed="6,1,0,2,1,101" ten="123,275,426,176" oya="2" hai0="33,110,116,81,87,130,124,13,89,97,39,108,9" hai1="71,112,0,85,80,20,70,40,27,15,19,107,17" hai2="131,93,42,24,4,104,18,98,21,55,82,74,5" hai3="10,32,135,11,113,69,91,126,2,83,79,99,43"/><V56/><F131/><W51/><G69/><T37/><D33/><U47/><E0/><V53/><F42/><W78/><G32/><T58/><D130/><U66/><E112/><V100/><F55/><W132/><G126/><T34/><D34/><U120/><E120/><V75/><F93/><W12/><G113/><T36/><D124/><U67/><E70/><V14/><F82/><W94/><G79/><T76/><D116/><U62/><E107/><V31/><F74/><W88/><G91/><T6/><D58/><U8/><E62/><V72/><F75/><W60/><G60/><T64/><D64/><U105/><E105/><V109/><F72/><W38/><G38/><T48/><D89/><U22/><E8/><V63/><REACH who="2" step="1"/><F109/><REACH who="2" ten="123,275,416,176" step="2"/><W44/><G2/><T96/><REACH who="0" step="1"/><D48/><REACH who="0" ten="113,275,416,176" step="2"/><N who="1" m="26727" /><E71/><V1/><F1/><W52/><G135/><T61/><D61/><U115/><E115/><V30/><F30/><W118/><G132/><T28/><D28/><U84/><E80/><V16/><F16/><W125/><G125/><T35/><D35/><AGARI ba="1,2" hai="4,5,14,18,21,24,31,35,53,56,63,98,100,104" machi="35" ten="30,11600,0" yaku="1,1,7,1,52,1,53,1" doraHai="101" doraHaiUra="102" who="2" fromWho="0" sc="113,-119,275,0,416,139,176,0" owari="-6,-50.6,275,7.5,555,65.5,176,-22.4" /></mjloggm>