<mjloggm ver="2.3"><GO type="169" lobby="0"/><UN n0="%6C%75%6E%61%32%33%34%35" n1="%E3%82%80%E3%81%93%E3%81%86%E3%81%B9%E3%81%97" n2="%41%63%75%6E%61%4A%72" n3="%E4%BC%8A%E5%8B%A2%E3%81%AE%E3%82%B3%E3%83%AD%E3%83%83%E3%82%B1%E5%B1%8B" dan="18,17,17,16" rate="2254.33,2192.36,2247.58,2093.68" sx="F,M,M,M"/><TAIKYOKU oya="0"/><INIT seed="0,0,0,1,3,83" ten="250,250,250,250" oya="0" hai0="82,19,77,76,45,15,78,50,86,69,36,115,84" hai1="54,126,9,28,72,47,90,60,64,26,96,29,70" hai2="63,14,75,99,51,12,57,13,100,132,40,103,58" hai3="61,130,44,1,59,94,122,102,32,116,46,66,65"/><T117/><D115/><U74/><E126/><V105/><F75/><W127/><G1/><T121/><D117/><U42/><E54/><V56/><F132/><W124/><G32/><T3/><D121/><U93/><E9/><V71/><F103/><W21/><G116/><T2/><D69/><U133/><E29/><V119/><F119/><W106/><G106/><T18/><D36/><U110/><E110/><V92/><F105/><W22/><G122/><T80/><D77/><U73/><E133/><V37/><F37/><W16/><G21/><T113/><D113/><U0/><E0/><V4/><F71/><W39/><G66/><T134/><D134/><U27/><REACH who="1" step="1"/><E28/><REACH who="1" ten="250,240,250,250" step="2"/><V41/><F4/><W48/><G127/><T108/><D108/><U68/><E68/><V81/><F41/><W31/><G31/><T8/><D18/><U38/><AGARI ba="0,1" hai="26,27,38,42,47,60,64,70,72,73,74,90,93,96" machi="38" ten="30,2000,0" yaku="1,1,0,1,53,0" doraHai="83" doraHaiUra="30" who="1" fromWho="1" sc="250,-10,240,30,250,-5,250,-5" /><INIT seed="1,0,0,1,2,101" ten="240,270,245,245" oya="1" hai0="115,69,76,135,20,39,96,134,55,17,10,124,70" hai1="36,90,44,41,107,85,123,43,94,72,93,133,9" hai2="35,22,78,83,89,38,127,1,75,88,45,102,37" hai3="105,24,34,33,111,56,118,125,97,122,132,68,63"/><U47/><E123/><V26/><F127/><W110/><G122/><T13/><D115/><U126/><E126/><V60/><F35/><W54/><G125/><T84/><D124/><U14/><E133/><V2/><F102/><N who="3" m="62671" /><G132/><T8/><D39/><U32/><E32/><V25/><F60/><W130/><G130/><T3/><D55/><U103/><E72/><V116/><F116/><W82/><G82/><T50/><D50/><U106/><E94/><V121/><F121/><W100/><G100/><T4/><D96/><U42/><E103/><V113/><F113/><W114/><G114/><T6/><D69/><U119/><E119/><V28/><F38/><W99/><G99/><T104/><D70/><U71/><E71/><V128/><F128/><W74/><G74/><T92/><D104/><U49/><REACH who="1" step="1"/><E42/><REACH who="1" ten="240,260,245,245" step="2"/><V30/><F75/><W53/><G68/><T66/><D92/><U27/><E27/><V65/><F26/><W108/><G118/><T79/><D134/><U23/><E23/><V5/><F25/><W15/><G34/><T98/><D20/><U31/><E31/><V21/><F30/><N who="3" m="19655" /><G15/><T46/><D13/><U109/><E109/><V62/><F28/><W51/><G111/><T29/><D29/><U59/><E59/><N who="2" m="37087" /><F22/><W95/><G95/><T131/><D135/><U19/><AGARI ba="0,1" hai="9,14,19,36,41,43,44,47,49,85,90,93,106,107" machi="19" ten="20,12000,1" yaku="1,1,0,1,7,1,52,2,53,0" doraHai="101" doraHaiUra="120" who="1" fromWho="1" sc="240,-40,260,130,245,-40,245,-40" /><INIT seed="1,1,0,3,0,114" ten="200,390,205,205" oya="1" hai0="47,80,54,84,95,90,56,57,11,98,83,58,15" hai1="127,110,104,103,64,130,128,94,115,101,13,2,96" hai2="123,35,59,26,120,52,65,28,81,23,25,76,39" hai3="9,21,112,60,18,124,116,92,27,62,38,16,40"/><U77/><E2/><V121/><F39/><W122/><G122/><T50/><REACH who="0" step="1"/><D98/><REACH who="0" ten="190,390,205,205" step="2"/><N who="1" m="59607" /><E115/><V37/><F37/><W71/><G124/><T4/><AGARI ba="1,1" hai="4,11,15,47,50,54,56,57,58,80,83,84,90,95" machi="4" ten="30,7900,0" yaku="21,2,0,1,8,1,53,0" doraHai="114" doraHaiUra="34" who="0" fromWho="0" sc="190,92,390,-40,205,-21,205,-21" /><INIT seed="2,0,0,0,3,15" ten="282,350,184,184" oya="2" hai0="93,38,82,51,50,77,123,48,9,130,59,54,56" hai1="112,60,7,11,53,5,120,110,115,40,80,99,71" hai2="2,114,124,119,37,129,6,65,85,104,17,62,126" hai3="122,108,13,61,28,58,81,102,128,134,111,88,30"/><V100/><F114/><W78/><G122/><T29/><D123/><U21/><E120/><V24/><F119/><W33/><G128/><T1/><D130/><U84/><E110/><N who="3" m="42026" /><G102/><T72/><D29/><U55/><E40/><V135/><F129/><W95/><G33/><T18/><D93/><U96/><E21/><N who="2" m="13359" /><F37/><W47/><G47/><T116/><D116/><U92/><E71/><V43/><F43/><W52/><G13/><T66/><D38/><U89/><E96/><V68/><F85/><N who="3" m="52623" /><G134/><T105/><D105/><U90/><E5/><V45/><F45/><W12/><G12/><T34/><D34/><U16/><E7/><V133/><F6/><W20/><G20/><T19/><D1/><U103/><E112/><V26/><F26/><W106/><G106/><T121/><D121/><U31/><E115/><V35/><F35/><W109/><N who="3" m="42034" /><W8/><DORA hai="4" /><G8/><T117/><D9/><U44/><E44/><V27/><F27/><W75/><AGARI ba="0,0" hai="28,30,52,58,61,75,78,81" m="52623,42034" machi="75" ten="40,5200,0" yaku="14,1,54,2" doraHai="15,4" who="3" fromWho="3" sc="282,-13,350,-13,184,-26,184,52" /><INIT seed="3,0,0,2,2,58" ten="269,337,158,236" oya="3" hai0="44,16,35,76,34,126,53,2,113,88,117,80,31" hai1="120,129,27,71,83,127,54,47,90,103,118,116,12" hai2="106,125,29,0,33,11,15,40,69,75,51,114,43" hai3="55,67,110,4,36,131,78,85,19,39,65,124,133"/><W56/><G4/><T108/><D117/><U17/><E71/><V105/><F114/><W6/><G6/><T64/><D2/><U28/><E120/><V97/><F75/><W82/><G131/><T107/><D107/><U119/><E129/><V86/><F0/><W81/><G133/><T73/><D34/><U30/><E103/><V109/><F109/><W21/><G124/><T98/><D35/><U23/><E127/><V95/><F69/><W25/><G110/><T112/><D31/><U26/><E26/><V42/><F125/><W134/><G134/><T104/><D126/><U3/><E3/><V111/><F33/><W14/><G25/><T62/><D108/><U59/><E47/><V122/><F29/><W24/><G24/><T22/><D44/><U99/><E12/><V68/><F68/><W49/><REACH who="3" step="1"/><G81/><REACH who="3" ten="269,337,158,226" step="2"/><T93/><D112/><U41/><E83/><V130/><F130/><W115/><G115/><T84/><D113/><U100/><E28/><V18/><F111/><W89/><G89/><T32/><D88/><U102/><E30/><V46/><F122/><W61/><G61/><T60/><D60/><N who="1" m="35959" /><E41/><V50/><F43/><W20/><G20/><T66/><D22/><U63/><E63/><V45/><REACH who="2" step="1"/><F86/><REACH who="2" ten="269,337,148,226" step="2"/><W72/><G72/><T123/><D84/><U101/><E118/><V135/><F135/><W94/><G94/><AGARI ba="0,2" hai="17,23,27,90,94,99,100,101,102,116,119" m="35959" machi="94" ten="30,2000,0" yaku="25,1,52,1" doraHai="58" who="1" fromWho="3" sc="269,0,337,40,148,0,226,-20" /><INIT seed="4,0,0,2,2,55" ten="269,377,148,206" oya="0" hai0="25,65,86,101,97,6,120,14,74,57,8,121,99" hai1="54,20,62,131,91,123,128,103,27,24,84,135,33" hai2="90,106,104,108,109,69,49,56,11,52,4,60,102" hai3="13,67,59,43,22,82,105,16,75,133,107,85,39"/><T88/><D74/><U53/><E123/><V132/><F132/><W5/><G75/><T61/><D99/><U119/><E119/><V78/><F78/><W93/><G133/><T29/><D97/><U118/><E118/><V19/><F19/><W110/><G110/><T68/><D101/><U98/><E135/><V73/><F73/><W30/><G93/><T64/><D65/><U134/><E134/><V63/><F102/><W9/><G30/><T117/><D68/><U45/><E33/><V46/><F90/><W130/><G130/><N who="1" m="49706" /><E45/><V2/><F63/><N who="3" m="38399" /><G39/><T80/><REACH who="0" step="1"/><D117/><REACH who="0" ten="259,377,148,206" step="2"/><U3/><E98/><V87/><F69/><W112/><G107/><T125/><D125/><U7/><E103/><V31/><F87/><W15/><G105/><T28/><D28/><U26/><E84/><V111/><REACH who="2" step="1"/><F31/><REACH who="2" ten="259,377,138,206" step="2"/><W127/><G127/><T124/><D124/><U115/><E115/><V23/><F23/><AGARI ba="0,2" hai="6,8,14,23,25,29,57,61,64,80,86,88,120,121" machi="23" ten="30,12000,1" yaku="1,1,7,1,52,1,54,1,53,1" doraHai="55" doraHaiUra="58" who="0" fromWho="2" sc="259,140,377,0,138,-120,206,0" /><INIT seed="4,1,0,2,4,83" ten="399,377,18,206" oya="0" hai0="15,33,103,9,27,130,98,3,21,12,51,26,76" hai1="16,90,49,117,122,47,127,57,135,72,107,111,44" hai2="113,104,13,92,100,40,5,74,39,86,58,59,32" hai3="22,87,69,6,132,37,54,120,115,91,65,10,124"/><T4/><D130/><U53/><E111/><V70/><F32/><W38/><G115/><T48/><D33/><U106/><E122/><V96/><F70/><W129/><G120/><T28/><D76/><U2/><E117/><V121/><F121/><W95/><G129/><T18/><D26/><U29/><E29/><V14/><F74/><W19/><G132/><T50/><REACH who="0" step="1"/><D28/><REACH who="0" ten="389,377,18,206" step="2"/><U66/><E72/><V24/><F113/><W25/><G124/><T81/><D81/><U78/><E78/><V73/><F73/><W101/><G101/><T114/><D114/><U1/><E127/><V31/><F24/><W108/><G108/><T17/><D17/><U45/><E135/><V131/><F31/><W112/><G112/><T75/><D75/><U97/><E66/><V61/><F131/><W64/><G64/><T52/><D52/><U77/><E77/><V110/><F110/><W67/><G65/><T119/><D119/><U102/><E16/><V71/><F5/><W133/><G133/><T41/><D41/><U36/><E36/><V7/><F71/><W118/><G118/><T46/><D46/><U123/><E123/><V42/><F59/><W35/><G35/><T82/><D82/><U30/><E30/><V128/><F128/><W55/><G67/><T116/><D116/><U79/><E79/><V99/><F7/><W63/><G69/><T68/><D68/><U125/><E125/><V109/><F109/><W62/><G55/><T0/><D0/><U85/><REACH who="1" step="1"/><E106/><AGARI ba="1,1" hai="3,4,9,12,15,18,21,27,48,50,51,98,103,106" machi="106" ten="40,2000,0" yaku="1,1,53,0" doraHai="83" doraHaiUra="43" who="0" fromWho="1" sc="389,33,377,-23,18,0,206,0" /><INIT seed="4,2,0,5,2,18" ten="422,354,18,206" oya="0" hai0="26,106,79,47,15,0,113,117,82,60,133,81,95" hai1="132,87,4,74,29,84,71,38,64,80,53,62,63" hai2="99,57,28,119,48,102,58,129,101,115,118,116,52" hai3="13,85,67,33,45,107,61,112,2,43,27,34,76"/><T134/><D117/><U94/><E38/><V111/><F111/><W10/><G107/><T110/><D106/><U59/><E132/><N who="0" m="50793" /><D0/><U86/><E74/><V19/><F115/><W37/><G2/><T20/><D113/><U114/><E114/><V50/><F129/><W128/><G128/><T12/><D110/><U41/><E41/><V49/><F28/><W78/><G112/><T96/><D60/><U42/><E42/><V65/><F19/><W9/><G9/><T120/><D120/><U55/><E29/><V135/><F135/><W105/><G105/><T73/><D81/><U14/><E94/><V122/><F122/><W8/><G8/><T25/><D47/><U56/><E14/><N who="0" m="5161" /><D20/><U17/><E17/><V35/><F35/><W121/><G121/><T109/><D109/><U31/><E31/><V23/><F23/><W98/><G33/><T44/><D44/><U131/><E131/><V54/><F65/><W90/><G34/><T51/><D51/><U89/><REACH who="1" step="1"/><E4/><REACH who="1" ten="422,344,18,206" step="2"/><V32/><F32/><W92/><G27/><T21/><D21/><U75/><E75/><V104/><REACH who="2" step="1"/><F102/><AGARI ba="2,1" hai="25,26,73,79,82,95,96,102" m="5161,50793" machi="102" ten="30,1500,0" yaku="20,1" doraHai="18" who="0" fromWho="2" sc="422,31,344,0,18,-21,206,0" owari="453,55.3,344,14.4,-3,-50.3,206,-19.4" /></mjloggm>