<mjloggm ver="2.3"><GO type="169" lobby="0"/><UN n0="%E7%8F%BE%E5%A0%B4%E3%81%AD%E3%81%93" n1="%E3%83%9F%E3%82%B2%E3%83%BC%E3%83%AB%E6%94%B9" n2="%53%69%6C%65%6E%54" n3="%E3%81%8B%E3%82%81%E3%81%98%E3%82%8D%E3%81%86" dan="16,16,16,17" rate="2072.00,2201.41,2158.00,2171.82" sx="M,M,F,M"/><TAIKYOKU oya="0"/><INIT seed="0,0,0,5,2,38" ten="250,250,250,250" oya="0" hai0="90,65,58,26,102,93,94,111,56,72,92,51,79" hai1="83,100,104,80,23,125,67,91,41,36,21,135,45" hai2="132,124,127,42,2,112,52,110,33,4,35,76,17" hai3="44,59,108,103,99,0,11,1,78,16,43,60,46"/><T48/><D102/><U75/><E135/><V115/><F76/><W24/><G108/><T15/><D72/><U5/><E125/><N who="2" m="48203" /><F110/><W84/><G78/><T117/><D79/><U25/><E75/><V98/><F98/><W63/><G84/><T27/><D117/><U134/><E134/><V105/><F105/><W61/><G59/><N who="0" m="22571" /><D65/><U82/><E67/><V8/><F52/><W53/><G53/><T120/><D120/><U114/><E114/><N who="2" m="43563" /><F132/><W28/><G16/><T107/><D107/><U50/><E5/><V55/><F55/><W62/><N who="3" m="15360" /><DORA hai="81" /><W18/><G18/><T71/><D71/><U130/><E130/><V70/><F70/><W95/><G11/><T101/><D101/><U68/><E68/><V96/><F96/><W123/><G46/><T9/><D90/><U73/><E73/><V54/><F54/><W129/><G129/><T14/><D9/><U6/><E36/><V126/><F126/><W128/><G128/><T12/><D111/><U86/><E100/><V113/><F113/><W121/><G123/><T131/><D131/><U37/><E104/><V133/><F133/><W77/><G77/><T31/><D31/><U122/><E37/><V89/><F89/><W85/><G121/><T29/><D29/><U47/><E122/><V3/><F3/><W97/><G97/><T20/><D20/><U57/><E23/><V7/><F2/><W109/><G109/><T40/><D40/><U49/><E57/><V69/><F42/><W13/><G1/><T119/><D119/><U116/><E116/><V39/><F69/><W66/><G0/><RYUUKYOKU ba="0,0" sc="250,30,250,-10,250,-10,250,-10" hai0="12,14,15,26,27,48,51,92,93,94" /><INIT seed="0,1,0,0,4,17" ten="280,240,240,240" oya="0" hai0="72,8,3,62,98,90,133,102,13,12,56,67,85" hai1="24,84,65,9,58,117,1,74,87,43,89,36,83" hai2="116,94,109,120,80,95,31,88,57,51,6,76,28" hai3="21,129,4,110,20,2,22,47,26,66,16,73,130"/><T121/><D133/><U92/><E74/><V49/><F120/><W119/><G119/><T104/><D121/><U35/><E117/><V122/><F122/><W82/><G110/><T103/><D103/><U42/><E36/><V123/><F123/><W0/><G66/><T39/><D39/><U118/><E118/><V30/><F116/><W77/><G47/><T33/><D33/><U69/><E69/><V128/><F109/><W53/><G53/><T131/><D131/><N who="3" m="50185" /><G4/><T46/><D72/><U60/><E1/><AGARI ba="1,0" hai="0,1,2,16,20,21,22,26,73,77,82" m="50185" machi="1" ten="30,8000,1" yaku="19,1,52,3,54,1" doraHai="17" who="3" fromWho="1" sc="280,0,240,-83,240,0,240,83" /><INIT seed="1,0,0,3,2,129" ten="280,157,240,323" oya="1" hai0="126,44,48,127,16,53,18,73,115,39,105,10,56" hai1="83,89,26,45,14,101,25,69,62,38,112,68,94" hai2="42,22,23,36,49,103,123,46,40,87,6,86,47" hai3="110,133,51,79,119,93,118,107,19,84,96,60,34"/><U27/><E112/><V113/><F113/><W97/><G34/><T130/><D115/><U92/><E62/><V98/><F123/><W78/><G60/><T135/><D130/><U108/><E38/><V125/><F125/><N who="0" m="47626" /><D105/><U120/><E120/><V0/><F6/><W31/><G31/><T33/><D33/><U121/><E121/><V128/><F0/><W102/><G51/><T122/><D122/><U80/><E45/><V88/><F87/><W74/><G19/><T111/><D111/><U117/><E117/><N who="3" m="44554" /><G110/><T106/><D106/><U90/><E14/><V7/><F7/><W61/><G61/><T116/><D116/><U114/><E101/><V11/><F128/><W52/><G52/><N who="0" m="29703" /><D39/><U99/><E114/><V55/><F55/><W15/><G15/><N who="0" m="7287" /><D73/><U37/><E37/><V21/><F11/><W124/><G124/><T17/><D135/><U58/><E58/><V50/><F36/><W131/><G131/><T75/><D75/><U1/><E1/><V65/><F65/><W41/><G41/><T71/><D71/><U57/><E57/><V104/><REACH who="2" step="1"/><F23/><REACH who="2" ten="280,157,230,323" step="2"/><W64/><G64/><T77/><D77/><U91/><E108/><V28/><F28/><W20/><G78/><T134/><D18/><U85/><E99/><V9/><F9/><W54/><G97/><T66/><D17/><U109/><E85/><V95/><AGARI ba="0,1" hai="21,22,40,42,46,47,49,50,86,88,95,98,103,104" machi="95" ten="20,8000,1" yaku="1,1,0,1,7,1,9,1,54,1,53,0" doraHai="129" doraHaiUra="8" who="2" fromWho="2" sc="280,-20,157,-40,230,90,323,-20" /><INIT seed="2,0,0,3,2,102" ten="260,117,320,303" oya="2" hai0="36,21,74,42,28,53,110,134,31,41,111,32,130" hai1="116,5,40,99,100,79,104,23,54,3,37,24,119" hai2="22,92,112,109,29,106,80,70,84,26,56,68,0" hai3="73,52,57,25,44,66,95,135,11,122,101,15,6"/><V75/><F112/><W33/><G122/><T7/><D74/><U59/><E79/><V103/><F0/><W82/><G135/><T20/><D32/><U64/><E64/><V18/><F109/><N who="0" m="41482" /><D134/><U90/><E40/><N who="0" m="15465" /><D36/><U86/><E37/><V89/><F56/><W19/><G66/><T12/><D53/><U94/><E5/><V49/><F49/><W61/><G44/><T58/><D58/><U118/><E3/><V45/><F45/><W72/><G82/><T2/><D2/><U131/><E131/><V120/><F120/><W9/><G95/><T63/><D63/><U43/><E43/><V121/><F29/><N who="0" m="11338" /><D130/><U124/><E124/><V35/><F35/><W17/><G33/><T13/><D7/><U128/><E128/><V91/><F121/><W65/><G65/><T30/><N who="0" m="11346" /><T4/><DORA hai="88" /><D4/><U27/><REACH who="1" step="1"/><E23/><AGARI ba="0,0" hai="12,13,20,21,23" m="11346,15465,41482" machi="23" ten="40,5200,0" yaku="28,2,14,1" doraHai="102,88" who="0" fromWho="1" sc="260,52,117,-52,320,0,303,0" /><INIT seed="3,0,0,2,4,62" ten="312,65,320,303" oya="3" hai0="86,129,107,117,95,96,127,70,74,22,116,108,23" hai1="40,80,42,78,83,134,14,46,69,75,87,135,85" hai2="55,7,12,44,79,90,115,130,30,65,67,88,72" hai3="103,89,101,92,110,33,58,93,123,102,1,64,100"/><W34/><G123/><T76/><D70/><U31/><E69/><V21/><F115/><W118/><G118/><T59/><D59/><U128/><E75/><V99/><F130/><W51/><G1/><T131/><D22/><U2/><E2/><V124/><F124/><W53/><G110/><T28/><D23/><U50/><E128/><N who="0" m="49225" /><D28/><U119/><E119/><V3/><F3/><W20/><N who="3" m="25600" /><DORA hai="71" /><W91/><G20/><T41/><D107/><U133/><E31/><V36/><F79/><W18/><G18/><T27/><D27/><U29/><E29/><V48/><F36/><W17/><G17/><T84/><D41/><U5/><E42/><V66/><F72/><W10/><G10/><T43/><D43/><U32/><E32/><V11/><F99/><W19/><G19/><T105/><D105/><U38/><E14/><V63/><F63/><N who="3" m="38007" /><G34/><T39/><D39/><U68/><E68/><V120/><F120/><W109/><G109/><T47/><D108/><U15/><E15/><V94/><F94/><N who="3" m="36459" /><G33/><T77/><D74/><U121/><E121/><V73/><F73/><W0/><G0/><T35/><D35/><U37/><E5/><V81/><F81/><W4/><G4/><T24/><D116/><U25/><E25/><AGARI ba="0,0" hai="7,11,12,21,25,30,44,48,55,65,66,67,88,90" machi="25" ten="40,8000,1" yaku="8,1,52,3,54,1" doraHai="62,71" who="2" fromWho="1" sc="312,0,65,-80,320,80,303,0" owari="312,11.2,-15,-51.5,400,50.0,303,-9.7" /></mjloggm>