<mjloggm ver="2.3"><GO type="169" lobby="0"/><UN n0="%E3%81%82%E3%81%95%E3%81%B4%E3%82%93%EF%BC%A0%EF%BD%8D%EF%BD%8A" n1="%E9%9B%AA%E3%81%AE%E8%8F%AF" n2="%45%7A%61%6B%69" n3="%E4%B8%83%E7%94%9F%E5%A4%95" dan="18,16,16,16" rate="2297.68,2085.24,2125.09,2133.79" sx="M,F,M,M"/><TAIKYOKU oya="0"/><INIT seed="0,0,0,4,1,37" ten="250,250,250,250" oya="0" hai0="40,92,23,116,12,112,117,16,104,54,9,119,67" hai1="47,41,60,19,44,24,126,85,42,17,53,52,129" hai2="134,14,11,108,21,124,45,135,71,10,48,75,58" hai3="131,123,105,39,25,66,127,121,83,86,56,1,89"/><T49/><D104/><U2/><E2/><V76/><F71/><W79/><G1/><T120/><D112/><U97/><E129/><V50/><F108/><W57/><G39/><T94/><D120/><N who="3" m="46153" /><G105/><T3/><D67/><U96/><E85/><V33/><F33/><W130/><G66/><T101/><D101/><U82/><E82/><N who="2" m="45343" /><F124/><W72/><G25/><T103/><D103/><U62/><REACH who="1" step="1"/><E24/><REACH who="1" ten="250,240,250,250" step="2"/><V46/><F14/><W110/><G127/><AGARI ba="0,1" hai="17,19,41,42,44,47,52,53,60,62,96,97,126,127" machi="127" ten="25,12000,2" yaku="1,1,2,1,22,2,52,2,54,1,53,0" doraHai="37" doraHaiUra="34" who="1" fromWho="3" sc="250,0,240,130,250,0,250,-120" /><INIT seed="1,0,0,2,5,58" ten="250,370,250,130" oya="1" hai0="127,31,17,41,132,79,22,71,34,85,107,117,27" hai1="43,3,129,42,119,77,38,24,35,65,133,44,6" hai2="21,122,120,72,113,95,96,62,130,105,80,40,29" hai3="60,86,20,90,111,51,123,102,121,19,26,16,1"/><U125/><E119/><V12/><F130/><W49/><G111/><T66/><D117/><U8/><E129/><V92/><F113/><W50/><G1/><T68/><D107/><U61/><E125/><V98/><F40/><W118/><G102/><T33/><D127/><U67/><E133/><V14/><F105/><W82/><G118/><T4/><D132/><U63/><E42/><V28/><F80/><W81/><G81/><T9/><D41/><U115/><E115/><V97/><F21/><W109/><G109/><T135/><D135/><U54/><E77/><V84/><F84/><W59/><REACH who="3" step="1"/><G19/><REACH who="3" ten="250,370,250,120" step="2"/><T94/><D17/><U116/><E116/><V128/><F128/><W0/><G0/><T101/><D101/><U56/><REACH who="1" step="1"/><E63/><REACH who="1" ten="250,360,250,120" step="2"/><V108/><F62/><W48/><N who="3" m="12288" /><DORA hai="45" /><W93/><G93/><T23/><D94/><U112/><E112/><V47/><F95/><W39/><G39/><T5/><D79/><U134/><E134/><V114/><F92/><W100/><G100/><T15/><D4/><U37/><E37/><V78/><F78/><W13/><G13/><T75/><D15/><U52/><E52/><AGARI ba="0,2" hai="16,20,26,52,59,60,82,86,90,121,123" m="12288" machi="52" ten="50,16000,3" yaku="1,1,52,5,54,2,53,0" doraHai="58,45" doraHaiUra="30,106" who="3" fromWho="1" sc="250,0,360,-160,250,0,120,180" /><INIT seed="2,0,0,5,5,18" ten="250,200,250,300" oya="2" hai0="62,37,65,52,116,48,134,41,17,66,69,92,28" hai1="15,54,43,110,107,79,51,82,12,27,39,133,106" hai2="53,76,88,3,21,14,75,5,118,64,68,103,55" hai3="122,56,16,73,98,38,26,126,8,20,22,113,10"/><V72/><F118/><W1/><G73/><T89/><D66/><U13/><E110/><V61/><F103/><W4/><G38/><T129/><D116/><U114/><E114/><V46/><F3/><W59/><G122/><T93/><D129/><U102/><E133/><V23/><F75/><W25/><G113/><T117/><D117/><U128/><E128/><V84/><F72/><W131/><G131/><T123/><D123/><U44/><E27/><V125/><F125/><W101/><G10/><T40/><D134/><U47/><REACH who="1" step="1"/><E102/><REACH who="1" ten="250,190,250,300" step="2"/><V67/><F76/><W2/><G126/><T120/><D120/><U78/><E78/><V87/><F68/><W11/><G2/><T119/><D119/><U85/><AGARI ba="0,1" hai="12,13,15,39,43,44,47,51,54,79,82,85,106,107" machi="85" ten="30,2000,0" yaku="1,1,0,1,53,0" doraHai="18" doraHaiUra="111" who="1" fromWho="1" sc="250,-5,190,30,250,-10,300,-5" /><INIT seed="3,0,0,4,4,135" ten="245,220,240,295" oya="3" hai0="60,7,21,15,123,93,28,29,54,97,44,73,84" hai1="59,5,24,34,6,121,91,83,36,52,108,122,27" hai2="0,133,98,35,92,12,86,10,20,74,90,30,23" hai3="88,77,80,33,112,47,40,43,126,81,48,53,118"/><W72/><G112/><T46/><D73/><U55/><E36/><V78/><F133/><W95/><G118/><T111/><D123/><U13/><E34/><V62/><F0/><W19/><G33/><T17/><D111/><U99/><E108/><V82/><F62/><W32/><G32/><T132/><D132/><U79/><E121/><V61/><F61/><W57/><G81/><T51/><D84/><N who="1" m="48255" /><E122/><V8/><F8/><W3/><G3/><T45/><D60/><N who="1" m="35943" /><E55/><V4/><F35/><W128/><G128/><T110/><D7/><N who="1" m="2571" /><E13/><V71/><F71/><W16/><G43/><T22/><D110/><U127/><E127/><V101/><REACH who="2" step="1"/><F30/><REACH who="2" ten="245,220,230,295" step="2"/><N who="0" m="11882" /><D22/><U50/><E50/><V89/><F89/><AGARI ba="0,1" hai="15,17,21,44,45,46,51,54,89,93,97" m="11882" machi="89" ten="30,1000,0" yaku="8,1" doraHai="135" who="0" fromWho="2" sc="245,20,220,0,230,-10,295,0" /><INIT seed="4,0,0,0,5,33" ten="265,220,220,295" oya="0" hai0="103,75,117,51,28,114,91,88,44,101,92,116,102" hai1="113,35,5,19,94,30,128,125,124,89,36,18,29" hai2="74,70,100,42,32,65,107,38,82,97,69,133,7" hai3="57,111,129,99,25,50,55,104,71,58,56,90,130"/><T76/><D28/><N who="1" m="10859" /><E36/><V109/><F109/><W3/><G25/><T122/><D122/><U49/><E35/><V85/><F32/><W59/><G111/><T17/><D114/><U123/><E123/><V9/><F133/><W27/><G27/><T61/><D61/><U13/><E113/><V120/><F120/><W10/><G71/><T106/><D106/><U63/><E63/><V34/><F34/><W14/><G3/><T83/><D17/><U2/><E49/><V12/><F65/><W119/><G119/><T15/><D15/><U1/><E128/><V11/><F74/><W87/><G99/><T20/><D20/><N who="1" m="11343" /><E94/><V0/><F42/><W31/><G31/><T77/><D77/><U132/><E89/><V127/><F127/><N who="1" m="48713" /><E132/><V84/><F38/><W131/><G104/><T110/><D91/><U95/><E95/><V115/><F115/><W67/><G67/><T45/><D110/><U39/><E39/><V22/><F22/><W105/><G105/><T135/><D135/><U72/><E72/><V48/><F48/><W68/><G68/><T121/><D121/><U52/><E52/><V81/><F81/><W112/><G112/><T54/><REACH who="0" step="1"/><D45/><REACH who="0" ten="255,220,220,295" step="2"/><U73/><E73/><V60/><F60/><W8/><G58/><T64/><D64/><U26/><E5/><V53/><F70/><W80/><G14/><T66/><D66/><U93/><E93/><V118/><F69/><W134/><G134/><T86/><AGARI ba="0,1" hai="44,51,54,75,76,83,86,88,92,101,102,103,116,117" machi="86" ten="30,11700,0" yaku="1,1,0,1,54,1,53,1" doraHai="33" doraHaiUra="47" who="0" fromWho="0" sc="255,127,220,-39,220,-39,295,-39" /><INIT seed="4,1,0,5,3,46" ten="382,181,181,256" oya="0" hai0="22,32,36,83,27,47,5,64,70,108,109,80,0" hai1="62,114,113,91,85,118,132,58,11,92,42,84,53" hai2="87,75,51,49,59,66,39,86,15,82,23,127,10" hai3="93,81,129,97,90,9,61,6,115,78,131,134,101"/><T20/><D32/><U31/><E118/><V111/><F111/><N who="0" m="42570" /><D70/><U16/><E132/><V37/><F127/><W105/><G134/><T125/><D64/><U43/><E31/><V35/><F35/><W112/><G61/><T38/><D125/><U54/><E85/><N who="2" m="32267" /><F39/><N who="0" m="14890" /><D47/><U3/><E53/><V124/><F37/><W44/><G44/><T26/><D5/><U121/><E121/><V88/><F75/><N who="3" m="43231" /><G90/><T4/><D4/><U71/><E71/><V106/><F106/><W33/><G105/><T94/><D94/><U76/><E76/><V65/><F124/><W73/><G73/><T72/><D0/><U107/><E107/><V25/><F82/><N who="0" m="31274" /><D72/><U21/><E3/><V69/><F69/><W98/><G33/><T1/><D1/><U99/><E11/><V117/><F117/><W2/><G97/><T120/><D120/><U123/><E123/><V30/><F88/><W7/><G7/><T96/><D96/><U116/><E116/><V95/><F95/><W12/><G2/><T104/><D104/><U14/><REACH who="1" step="1"/><E99/><REACH who="1" ten="382,171,181,256" step="2"/><V133/><F133/><W130/><AGARI ba="1,1" hai="6,9,12,93,98,101,112,115,129,130,131" m="43231" machi="130" ten="40,1500,0" yaku="19,1" doraHai="46" who="3" fromWho="3" sc="382,-8,171,-5,181,-5,256,28" /><INIT seed="5,0,0,2,5,115" ten="374,166,176,284" oya="1" hai0="18,88,114,70,4,46,68,58,20,130,75,100,36" hai1="107,59,16,91,39,57,111,71,61,102,55,105,48" hai2="129,97,10,84,25,87,7,0,54,96,11,22,31" hai3="120,51,19,2,27,89,65,108,26,21,30,124,126"/><U64/><E39/><V69/><F129/><W60/><G108/><T62/><D75/><U117/><E117/><V24/><F69/><W47/><G2/><T104/><D4/><U132/><E132/><V116/><F116/><W98/><G120/><T94/><D114/><U80/><E111/><V9/><F54/><W82/><G82/><T53/><D130/><U93/><E71/><V56/><F56/><W72/><G72/><T86/><D104/><U66/><E66/><V32/><F87/><W17/><G89/><T34/><D34/><U14/><E102/><V1/><F84/><W85/><G85/><T135/><D135/><U43/><E43/><V29/><F97/><W127/><G98/><T3/><D3/><N who="2" m="1098" /><F96/><W13/><G13/><AGARI ba="0,0" hai="7,9,10,11,13,22,24,25,29,31,32" m="1098" machi="13" ten="30,8000,1" yaku="35,5" doraHai="115" who="2" fromWho="3" sc="374,0,166,0,176,80,284,-80" /><INIT seed="6,0,0,3,2,10" ten="374,166,256,204" oya="2" hai0="47,128,56,15,17,58,98,36,44,33,86,120,90" hai1="70,107,109,24,94,131,123,133,26,19,132,45,34" hai2="100,72,103,20,112,83,25,85,63,51,43,93,5" hai3="7,99,96,40,88,61,49,87,118,23,27,50,134"/><V117/><F117/><W113/><G118/><T89/><D33/><U77/><E107/><V53/><F112/><W66/><G134/><N who="1" m="51818" /><E70/><V28/><F72/><W39/><G113/><T38/><D120/><U21/><E77/><V84/><F5/><W116/><G7/><T60/><D128/><U119/><E94/><V4/><F4/><W92/><G39/><T3/><D3/><U13/><E45/><N who="0" m="17481" /><D38/><U12/><E119/><V14/><F43/><W18/><G116/><T71/><D71/><U30/><E123/><V135/><F135/><W111/><G111/><T78/><D98/><U57/><E57/><N who="0" m="22121" /><D60/><U105/><E105/><V55/><F63/><W75/><G75/><T73/><D36/><U65/><E65/><V22/><F85/><W97/><REACH who="3" step="1"/><G40/><REACH who="3" ten="374,166,256,194" step="2"/><T76/><D73/><U69/><E69/><AGARI ba="0,1" hai="18,23,27,49,50,61,66,69,87,88,92,96,97,99" machi="69" ten="40,5200,0" yaku="1,1,2,1,54,1,53,0" doraHai="10" doraHaiUra="126" who="3" fromWho="1" sc="374,0,166,-52,256,0,194,62" /><INIT seed="7,0,0,3,4,28" ten="374,114,256,256" oya="3" hai0="77,127,133,17,125,118,92,87,67,65,103,48,93" hai1="55,40,68,97,3,56,25,23,10,135,29,107,124" hai2="83,108,84,114,64,76,30,60,95,61,46,42,51" hai3="16,34,11,78,81,109,5,132,7,106,102,130,111"/><W4/><G130/><T36/><D36/><U49/><E124/><N who="0" m="47689" /><D118/><U1/><E135/><V100/><F108/><N who="3" m="41547" /><G132/><T120/><D120/><U74/><E74/><V121/><F114/><W82/><G34/><T134/><D134/><U88/><E68/><V53/><F121/><W59/><G59/><T122/><D122/><U2/><E40/><V39/><F30/><W26/><G78/><T116/><D116/><U14/><E107/><V129/><F129/><W101/><G106/><T117/><D117/><U123/><E123/><V32/><F32/><W35/><G35/><T72/><D72/><U19/><REACH who="1" step="1"/><E97/><REACH who="1" ten="374,104,256,256" step="2"/><V113/><F42/><W128/><G128/><T8/><D133/><U115/><E115/><V50/><F113/><W105/><G105/><T104/><D104/><U69/><E69/><V21/><F39/><W6/><G6/><T89/><D77/><U71/><E71/><V131/><F76/><W41/><G41/><T44/><D67/><U18/><E18/><V33/><F64/><W63/><G7/><T31/><D65/><U99/><E99/><V47/><F131/><W90/><G5/><T58/><D17/><U126/><E126/><V112/><F112/><W75/><G4/><T9/><D31/><U20/><E20/><V98/><F21/><W62/><G75/><T110/><D110/><U45/><E45/><V80/><F47/><W43/><G43/><T86/><D44/><U24/><E24/><V12/><F46/><W79/><G26/><T73/><D73/><U52/><E52/><V70/><F53/><W27/><G16/><T37/><D37/><RYUUKYOKU ba="0,1" sc="374,-10,104,30,256,-10,256,-10" hai1="1,2,3,10,14,19,23,25,29,49,55,56,88" owari="374,47.4,134,-36.6,246,4.6,246,-15.4" /></mjloggm>