<mjloggm ver="2.3"><GO type="169" lobby="0"/><UN n0="%72%65%62%65%65%72" n1="%E3%81%84%E3%81%A1%E3%82%8D%E3%83%BC%32%36%32%E6%AD%B3" n2="%67%6F%6B%75%61%6B%75" n3="%E3%83%AD%E3%83%AD%E3%82%93" dan="16,16,17,16" rate="2164.53,2144.17,2203.57,2118.87" sx="M,M,M,M"/><TAIKYOKU oya="0"/><INIT seed="0,0,0,0,2,51" ten="250,250,250,250" oya="0" hai0="121,25,122,85,88,124,6,31,71,56,7,105,96" hai1="100,27,34,74,65,70,45,111,0,32,81,130,19" hai2="16,50,3,95,89,73,83,29,17,98,114,110,54" hai3="10,14,84,30,49,99,20,86,1,131,94,26,23"/><T36/><D36/><U108/><E100/><V135/><F114/><W35/><G131/><T44/><D71/><U69/><E0/><V68/><F68/><N who="1" m="26217" /><E65/><V59/><F3/><W97/><G97/><T57/><D124/><U90/><E45/><V9/><F110/><N who="1" m="42025" /><E130/><V37/><F135/><W61/><G61/><T104/><D44/><U53/><E90/><V33/><F37/><W38/><G38/><T46/><D46/><U116/><E116/><V126/><F126/><W87/><G1/><T15/><D122/><U60/><E19/><V41/><F41/><W18/><REACH who="3" step="1"/><G49/><REACH who="3" ten="250,250,250,240" step="2"/><T125/><D125/><U112/><E112/><V11/><F50/><W80/><G80/><T66/><D121/><U91/><E60/><V115/><F83/><W123/><G123/><T58/><D66/><U107/><E81/><V79/><F115/><W48/><G48/><T39/><D39/><U75/><E107/><V77/><F98/><W106/><G106/><T132/><D132/><U72/><E72/><V24/><F73/><W8/><G8/><T128/><D128/><U133/><E133/><V47/><F9/><W62/><G62/><T109/><D109/><U64/><E75/><V118/><F11/><W52/><G52/><T117/><D117/><U92/><E74/><V127/><F118/><W40/><G40/><T113/><D113/><U13/><E53/><V5/><F54/><W43/><G43/><T101/><D105/><U119/><E119/><V76/><F127/><W55/><G55/><T21/><D15/><U82/><E13/><V2/><F2/><W103/><AGARI ba="0,1" hai="10,14,18,20,23,26,30,35,84,86,87,94,99,103" machi="103" ten="30,7900,0" yaku="1,1,5,1,0,1,53,1" doraHai="51" doraHaiUra="4" who="3" fromWho="3" sc="250,-39,250,-20,250,-20,240,89" /><INIT seed="1,0,0,1,3,46" ten="211,230,230,329" oya="1" hai0="120,117,26,59,22,86,51,41,104,9,107,0,121" hai1="75,49,134,79,57,129,87,132,2,95,65,82,64" hai2="114,131,17,50,68,62,21,14,39,90,16,23,5" hai3="101,135,18,29,33,34,100,24,43,32,130,15,7"/><U99/><E2/><V118/><F118/><W11/><G43/><T4/><D117/><U54/><E129/><V25/><F39/><W37/><G37/><T35/><D35/><U124/><E124/><V66/><F131/><W19/><G130/><T53/><D41/><U98/><E75/><V72/><F114/><W123/><G123/><N who="0" m="47179" /><D86/><U8/><E8/><V113/><F113/><W67/><G67/><T125/><D125/><U3/><E3/><V61/><F72/><W110/><G110/><T10/><D10/><U115/><E115/><V40/><F5/><W31/><G101/><T91/><D91/><U1/><E1/><V55/><F62/><W30/><G100/><T80/><D80/><U89/><REACH who="1" step="1"/><E98/><REACH who="1" ten="211,220,230,329" step="2"/><V45/><REACH who="2" step="1"/><F90/><REACH who="2" ten="211,220,220,329" step="2"/><W81/><G135/><AGARI ba="0,2" hai="49,54,57,64,65,79,82,87,89,95,99,132,134,135" machi="135" ten="40,12000,1" yaku="1,1,2,1,20,1,52,1,53,1" doraHai="46" doraHaiUra="88" who="1" fromWho="3" sc="211,0,220,140,220,0,329,-120" /><INIT seed="1,1,0,1,5,24" ten="211,360,220,209" oya="1" hai0="116,39,1,20,96,112,81,124,11,135,57,60,15" hai1="18,41,50,32,92,21,29,109,118,45,0,58,123" hai2="51,55,85,22,70,31,128,47,117,10,59,132,102" hai3="119,114,23,43,78,126,40,4,2,84,63,121,101"/><U54/><E118/><V38/><F117/><W115/><G101/><T19/><D116/><U13/><E123/><V52/><F70/><W17/><G121/><T83/><D112/><U75/><E75/><V130/><F132/><W30/><G119/><T97/><D39/><U110/><E0/><V108/><F108/><N who="1" m="41577" /><E92/><V87/><F102/><W86/><G126/><T28/><D124/><U26/><E58/><V12/><F38/><W89/><G63/><T129/><D129/><N who="2" m="49770" /><F22/><W25/><G2/><T49/><D135/><U111/><N who="1" m="41585" /><U76/><DORA hai="64" /><E76/><V82/><F31/><W125/><G4/><T46/><D1/><U93/><E93/><V90/><F87/><W34/><G125/><T66/><D83/><U48/><E48/><V120/><F120/><W16/><G114/><T100/><D81/><U6/><E6/><N who="2" m="3159" /><F59/><W113/><G113/><T27/><REACH who="0" step="1"/><D100/><REACH who="0" ten="201,360,220,209" step="2"/><U98/><E98/><V74/><F74/><W7/><G115/><T107/><D107/><U77/><E77/><V56/><F56/><W14/><G78/><T88/><D88/><U5/><E5/><V122/><F122/><W134/><G134/><T67/><D67/><U3/><E3/><V95/><F82/><W106/><G106/><T62/><D62/><U42/><AGARI ba="1,1" hai="13,18,21,26,29,32,41,42,45,50,54" m="41585" machi="42" ten="40,7800,0" yaku="14,1,10,1,52,1" doraHai="24,64" who="1" fromWho="1" sc="201,-27,360,91,220,-27,209,-27" /><INIT seed="1,2,0,0,3,30" ten="174,451,193,182" oya="1" hai0="108,102,22,127,5,43,11,41,12,114,46,82,36" hai1="70,14,119,67,77,116,47,132,120,3,72,31,34" hai2="16,44,54,59,133,130,105,20,90,63,85,55,92" hai3="128,94,13,37,28,74,121,104,103,131,66,109,84"/><U79/><E120/><V113/><F133/><W115/><G37/><T15/><D108/><U98/><E3/><V60/><F130/><W83/><G28/><T18/><D127/><U97/><E47/><V4/><F113/><W17/><G115/><T61/><D114/><U135/><E14/><V126/><F126/><W123/><G66/><T107/><D43/><U27/><E97/><V29/><F105/><W56/><G56/><T118/><D118/><N who="1" m="45099" /><E98/><V25/><F4/><W100/><G109/><T134/><D134/><N who="1" m="51243" /><E72/><V75/><F75/><W1/><G1/><T40/><D40/><U2/><E2/><V88/><F90/><W7/><G74/><T9/><D107/><U45/><E45/><V86/><F86/><W48/><G104/><T58/><D102/><U52/><E52/><V129/><F129/><W69/><G48/><T76/><D11/><U62/><AGARI ba="2,0" hai="27,31,34,62,67,70,77,79" m="51243,45099" machi="62" ten="40,3900,0" yaku="20,1,52,1" doraHai="30" who="1" fromWho="1" sc="174,-15,451,45,193,-15,182,-15" /><INIT seed="1,3,0,0,1,3" ten="159,496,178,167" oya="1" hai0="10,73,6,131,57,88,20,7,128,118,113,133,108" hai1="81,51,15,50,45,75,82,28,25,52,38,122,39" hai2="121,127,42,53,1,98,103,84,92,94,12,110,70" hai3="96,31,120,36,56,61,5,64,63,79,0,112,89"/><U106/><E106/><V68/><F121/><W90/><G36/><T66/><D113/><U72/><E122/><V80/><F1/><W115/><G31/><T87/><D118/><U77/><E50/><V54/><F110/><W99/><G79/><T4/><D73/><U111/><E111/><V21/><F127/><W74/><G74/><T69/><D69/><U44/><E44/><V22/><F42/><W100/><G0/><T83/><D108/><U11/><E82/><V123/><F123/><W95/><G120/><T117/><D117/><U35/><REACH who="1" step="1"/><E72/><REACH who="1" ten="159,486,178,167" step="2"/><V62/><F80/><W116/><G116/><T76/><D133/><U2/><E2/><V19/><F94/><W107/><G115/><T43/><D43/><U132/><E132/><V47/><F47/><W8/><G112/><T48/><D48/><U134/><E134/><V33/><F92/><W125/><G125/><T46/><D46/><U13/><E13/><V40/><F12/><W55/><G107/><T119/><D119/><U17/><AGARI ba="3,1" hai="11,15,17,25,28,35,38,39,45,51,52,75,77,81" machi="17" ten="20,12000,1" yaku="1,1,0,1,7,1,54,1,53,1" doraHai="3" doraHaiUra="26" who="1" fromWho="1" sc="159,-43,486,139,178,-43,167,-43" /><INIT seed="1,4,0,4,0,5" ten="116,625,135,124" oya="1" hai0="49,66,97,33,102,2,101,84,121,60,130,59,6" hai1="110,132,107,0,115,52,45,119,70,123,106,81,76" hai2="94,83,1,108,47,21,129,61,28,53,67,78,24" hai3="90,80,82,134,98,34,64,96,16,8,41,89,135"/><U103/><E0/><V13/><F108/><W114/><G34/><T100/><D130/><U20/><E115/><V35/><F1/><W87/><G64/><T56/><D33/><U14/><E119/><V105/><F129/><W29/><G29/><T75/><D75/><U22/><E70/><V88/><F105/><W10/><G41/><T7/><D121/><U19/><E123/><V48/><F13/><W9/><G114/><T25/><D97/><N who="3" m="37481" /><G16/><T44/><D84/><U74/><E132/><N who="3" m="50730" /><G87/><T95/><D95/><U91/><E103/><V63/><F35/><W17/><G17/><T55/><D2/><U127/><E22/><V12/><F12/><W4/><G4/><T79/><D79/><U40/><E110/><V92/><F67/><W93/><G93/><N who="2" m="35945" /><F78/><W85/><G85/><AGARI ba="4,0" hai="21,24,28,47,48,53,61,63,83,85,88" m="35945" machi="85" ten="30,2000,0" yaku="8,1,54,1" doraHai="5" who="2" fromWho="3" sc="116,0,625,0,135,32,124,-32" /><INIT seed="2,0,0,1,2,0" ten="116,625,167,92" oya="2" hai0="94,19,64,18,91,16,76,40,113,15,107,60,122" hai1="73,26,62,37,134,59,95,28,118,22,41,97,63" hai2="98,126,132,84,30,32,85,66,67,99,130,12,82" hai3="42,3,79,14,1,115,29,27,77,124,48,5,120"/><V102/><F130/><W92/><G120/><T125/><D122/><U6/><E118/><V133/><F126/><W93/><G124/><T80/><D113/><U24/><E73/><V74/><F74/><W31/><G115/><T87/><D107/><U101/><E134/><N who="2" m="51819" /><F32/><W20/><G31/><T69/><D40/><U43/><E37/><V114/><F30/><W112/><G112/><T57/><D125/><U50/><E26/><V116/><F116/><W71/><G71/><T123/><D69/><U96/><E96/><V55/><F99/><W7/><G3/><T86/><REACH who="0" step="1"/><D123/><REACH who="0" ten="106,625,167,92" step="2"/><U38/><E41/><V106/><F114/><W33/><G33/><T36/><D36/><U68/><E38/><V131/><F131/><W128/><G128/><T17/><D17/><U51/><E43/><V127/><F127/><W104/><G104/><T117/><D117/><U11/><E68/><V9/><F106/><W8/><G42/><T46/><D46/><U119/><E119/><V25/><F102/><W45/><G1/><T81/><D81/><U4/><E101/><V103/><F82/><W72/><G72/><T23/><AGARI ba="0,1" hai="15,16,18,19,23,57,60,64,76,80,86,87,91,94" machi="23" ten="20,8000,1" yaku="1,1,0,1,7,1,8,1,54,1,53,0" doraHai="0" doraHaiUra="34" who="0" fromWho="0" sc="106,90,625,-20,167,-40,92,-20" /><INIT seed="3,0,0,3,1,88" ten="196,605,127,72" oya="3" hai0="66,133,100,44,30,3,27,26,134,107,75,80,69" hai1="101,87,114,99,68,42,130,15,56,10,94,76,120" hai2="57,19,104,67,33,128,116,6,127,102,39,111,38" hai3="48,21,105,51,129,121,81,14,70,29,40,123,93"/><W73/><G105/><T49/><D3/><U31/><E68/><V90/><F111/><W55/><G70/><T109/><D109/><U71/><E71/><V62/><F116/><W122/><G129/><T95/><D107/><U25/><E120/><V54/><F128/><W20/><G40/><T131/><D131/><U4/><E130/><V58/><F33/><W82/><G73/><T52/><D66/><U0/><E114/><V32/><F32/><W50/><G55/><T64/><D64/><U59/><E0/><V97/><F127/><W46/><G46/><T78/><D69/><U9/><E9/><V126/><F126/><W83/><G14/><T96/><REACH who="0" step="1"/><D26/><REACH who="0" ten="186,605,127,72" step="2"/><U72/><E25/><V11/><F104/><W117/><G117/><T106/><D106/><U35/><E35/><AGARI ba="0,1" hai="27,30,35,44,49,52,75,78,80,95,96,100,133,134" machi="35" ten="40,5200,0" yaku="1,1,52,1,54,1,53,0" doraHai="88" doraHaiUra="37" who="0" fromWho="1" sc="186,62,605,-52,127,0,72,0" /><INIT seed="4,0,0,1,4,119" ten="248,553,127,72" oya="0" hai0="104,32,0,101,11,71,124,95,106,7,62,49,12" hai1="61,25,103,20,94,38,91,6,68,77,35,111,76" hai2="127,102,33,63,8,117,108,92,75,70,18,132,2" hai3="55,107,130,74,4,44,82,45,10,5,123,43,22"/><T72/><D124/><U84/><E111/><V23/><F127/><W98/><G130/><T83/><D32/><U125/><E38/><V56/><F108/><W126/><G126/><T78/><D0/><U112/><E125/><V48/><F75/><W13/><G22/><T100/><D49/><U99/><E6/><V29/><F117/><W24/><G24/><T26/><D26/><U37/><E37/><V89/><F102/><W118/><G118/><T87/><D101/><U28/><E112/><V85/><F132/><W90/><G5/><T97/><REACH who="0" step="1"/><D72/><REACH who="0" ten="238,553,127,72" step="2"/><U120/><E35/><V15/><F48/><W114/><G74/><T17/><D17/><U57/><E103/><V93/><F33/><W96/><G114/><T46/><D46/><U30/><E25/><V80/><F29/><W40/><G45/><T110/><D110/><U1/><E1/><V39/><F39/><W86/><G107/><T58/><D58/><U51/><E57/><V19/><F70/><W69/><G69/><T129/><D129/><U66/><E68/><V109/><F109/><W134/><G134/><T47/><D47/><U133/><E133/><V73/><F73/><W21/><G44/><T121/><D121/><U65/><E30/><V116/><F116/><W27/><G123/><T88/><D88/><U54/><E120/><V79/><F2/><W113/><G113/><T52/><D52/><U122/><E54/><N who="2" m="34199" /><F89/><W60/><G55/><T67/><AGARI ba="0,1" hai="7,11,12,62,67,71,78,83,87,95,97,100,104,106" machi="67" ten="30,3000,0" yaku="1,1,0,1,53,0" doraHai="119" doraHaiUra="128" who="0" fromWho="0" sc="238,40,553,-10,127,-10,72,-10" /><INIT seed="4,1,0,2,3,79" ten="278,543,117,62" oya="0" hai0="8,1,116,2,29,7,41,17,49,16,47,59,115" hai1="31,20,32,57,48,113,129,34,135,45,98,50,63" hai2="121,46,106,36,127,128,13,12,86,120,28,82,39" hai3="84,68,104,53,76,96,88,56,66,18,33,74,51"/><T6/><D116/><U0/><E0/><V110/><F110/><W100/><G33/><T75/><D75/><U123/><E123/><V122/><F106/><W55/><G55/><T77/><D115/><U99/><E113/><V85/><F28/><W78/><G18/><T15/><D77/><U107/><E50/><V65/><F65/><W114/><G114/><T125/><D125/><U111/><E111/><V87/><F127/><W133/><G133/><T126/><D126/><U5/><E5/><V105/><F105/><W71/><G66/><T92/><D29/><U83/><E129/><V91/><F128/><W67/><G67/><T81/><D81/><U69/><E83/><V19/><F12/><W4/><G4/><T117/><D117/><U30/><E69/><V89/><F46/><W109/><G109/><T124/><D124/><U80/><E80/><V43/><F43/><W72/><G72/><T11/><D15/><U119/><E30/><V131/><F131/><W10/><G10/><T90/><REACH who="0" step="1"/><D59/><REACH who="0" ten="268,543,117,62" step="2"/><U42/><E57/><V61/><F82/><N who="3" m="45335" /><G78/><T93/><D93/><AGARI ba="1,1" hai="51,53,56,68,71,84,88,93,96,100,104" m="45335" machi="93" ten="30,3900,0" yaku="24,1,52,1,54,1" doraHai="79" who="3" fromWho="0" sc="268,-42,543,0,117,0,62,52" /><INIT seed="5,0,0,0,1,30" ten="226,543,117,114" oya="1" hai0="127,56,12,44,94,7,128,113,22,84,41,49,89" hai1="43,57,121,55,119,76,10,17,53,5,102,75,98" hai2="79,92,125,47,123,130,135,110,68,108,19,78,27" hai3="114,101,112,1,69,64,77,116,93,99,61,95,118"/><U115/><E115/><N who="3" m="44074" /><G1/><T63/><D113/><U25/><E121/><V26/><F123/><W132/><G77/><T0/><D128/><U111/><E119/><N who="3" m="45610" /><G132/><T52/><D127/><U33/><E111/><V106/><F135/><W54/><G54/><T59/><D0/><U90/><E90/><V117/><F117/><W70/><G95/><T32/><D32/><U8/><E43/><V16/><F92/><W62/><G62/><T81/><D59/><AGARI ba="0,0" hai="59,61,64,69,70,93,99,101" m="45610,44074" machi="59" ten="30,2000,0" yaku="15,1,12,1" doraHai="30" who="3" fromWho="0" sc="226,-20,543,0,117,0,114,20" /><INIT seed="6,0,0,3,0,122" ten="206,543,117,134" oya="2" hai0="45,81,104,113,99,3,101,4,125,90,88,13,74" hai1="133,126,66,95,29,61,24,72,131,11,109,134,63" hai2="105,132,15,100,73,92,25,76,16,127,130,30,6" hai3="121,70,43,32,58,60,54,46,0,27,85,34,51"/><V56/><F130/><W33/><G0/><T120/><D120/><U123/><E109/><V40/><F105/><W62/><G121/><T52/><D113/><U89/><E123/><V14/><F132/><N who="1" m="50793" /><E126/><V12/><F127/><W96/><G85/><T97/><D3/><U57/><E72/><V39/><F6/><W38/><G96/><T59/><D97/><N who="1" m="57583" /><E11/><V68/><F68/><W107/><G107/><T82/><D45/><U111/><E111/><V21/><F40/><W49/><G49/><T75/><D13/><U9/><E9/><V124/><F39/><W55/><G55/><T117/><D52/><U102/><E102/><V36/><F36/><W110/><G62/><T20/><D59/><U53/><E131/><V64/><F124/><W47/><G47/><T44/><D44/><U108/><E108/><V18/><F76/><W35/><G110/><T135/><D20/><N who="1" m="15495" /><E63/><N who="2" m="37991" /><F73/><N who="0" m="27658" /><D4/><U42/><E42/><V19/><F30/><W41/><G41/><T93/><D125/><U91/><E91/><N who="0" m="34857" /><D135/><U83/><E66/><V98/><AGARI ba="0,0" hai="12,14,15,16,18,19,21,25,92,98,100" m="37991" machi="98" ten="30,3000,0" yaku="8,1,54,1" doraHai="122" who="2" fromWho="2" sc="206,-10,543,-10,117,30,134,-10" /><INIT seed="6,1,0,0,4,118" ten="196,533,147,124" oya="2" hai0="5,110,67,128,29,11,86,65,135,129,87,52,95" hai1="116,108,83,55,60,130,109,100,62,35,33,101,25" hai2="31,18,122,88,120,23,126,59,21,51,104,119,73" hai3="106,77,91,79,75,71,68,103,82,26,64,22,85"/><V54/><F119/><W43/><G43/><T105/><D105/><U112/><E116/><V125/><F104/><W81/><G64/><N who="0" m="24651" /><D110/><U49/><E112/><V19/><F73/><W7/><G7/><T36/><D36/><U94/><E130/><N who="0" m="50281" /><D135/><U61/><E83/><V39/><F39/><W0/><G0/><N who="0" m="423" /><D95/><U3/><E3/><V80/><F31/><W9/><G9/><T131/><D131/><U47/><E25/><N who="2" m="14519" /><F80/><W58/><G58/><T42/><D42/><U12/><E12/><N who="2" m="9703" /><F88/><W133/><G133/><T41/><D41/><U78/><E78/><V30/><F30/><W99/><REACH who="3" step="1"/><G77/><REACH who="3" ten="196,533,147,114" step="2"/><T20/><D52/><U17/><E108/><V98/><F98/><W27/><G27/><AGARI ba="1,1" hai="20,27,29,86,87" m="423,50281,24651" machi="27" ten="30,1000,0" yaku="19,1" doraHai="118" who="0" fromWho="3" sc="196,23,533,0,147,0,114,-13" /><INIT seed="7,0,0,5,4,117" ten="219,533,147,101" oya="3" hai0="8,1,0,115,101,130,133,91,77,131,64,99,94" hai1="18,88,85,19,20,124,81,30,11,96,80,69,58" hai2="114,7,46,123,86,60,82,79,122,73,25,15,40" hai3="135,49,16,83,59,5,119,23,47,75,36,95,87"/><W120/><G119/><T109/><D109/><U4/><E69/><V110/><F110/><W45/><G135/><T54/><D133/><U31/><E124/><V127/><F127/><W38/><G120/><N who="2" m="46121" /><F114/><W65/><G75/><T9/><D115/><U129/><E129/><N who="0" m="49161" /><D77/><U35/><E35/><V78/><F25/><W126/><G126/><T33/><D33/><U116/><E96/><V89/><F73/><W3/><G95/><N who="0" m="58623" /><D64/><U92/><E80/><V72/><F60/><W34/><G34/><T52/><D8/><U68/><E19/><V66/><F66/><W100/><G100/><T98/><D9/><U2/><E58/><V107/><F107/><W71/><G71/><T105/><D105/><U21/><E21/><V39/><F7/><W28/><G28/><T10/><D10/><U104/><E92/><V6/><F6/><W134/><G134/><T26/><D26/><U84/><E85/><V112/><F112/><W113/><G113/><T14/><D14/><U53/><E53/><AGARI ba="0,0" hai="0,1,52,53,54,91,94,98" m="58623,49161" machi="53" ten="30,2000,0" yaku="19,1,54,1" doraHai="117" who="0" fromWho="1" sc="219,20,533,-20,147,0,101,0" owari="239,3.9,513,61.3,147,-25.3,101,-39.9" /></mjloggm>