<mjloggm ver="2.3"><GO type="169" lobby="0"/><UN n0="%E3%81%BF%E3%81%8B%E3%82%93%EF%BC%A0%E3%82%8F%E3%81%8B%E3%82%81%E3%81%A6" n1="%E4%BA%8C%E9%9A%8E%E5%A0%82%E7%9C%9F%E7%B4%85%E3%81%A1%E3%82%83%E3%82%93" n2="%61%6B%61%69%6B%69" n3="%68%61%73%68%69%30%30%31" dan="16,16,17,16" rate="2138.87,2149.13,2208.20,2111.86" sx="M,M,M,M"/><TAIKYOKU oya="0"/><INIT seed="0,0,0,1,5,63" ten="250,250,250,250" oya="0" hai0="122,13,72,59,78,102,24,49,79,87,103,5,109" hai1="80,91,134,42,39,112,53,21,27,6,14,46,77" hai2="44,88,35,105,92,55,76,50,23,132,130,30,97" hai3="101,84,116,120,2,25,133,106,98,70,71,125,19"/><T37/><D122/><U93/><E134/><V66/><F132/><W29/><G116/><T4/><D72/><U127/><E127/><V17/><F130/><W0/><G19/><T82/><D37/><U9/><E112/><V26/><F105/><W60/><G84/><T1/><D1/><U123/><E53/><V31/><F35/><N who="3" m="20911" /><G133/><T52/><D109/><U69/><E69/><V81/><REACH who="2" step="1"/><F66/><REACH who="2" ten="250,250,240,250" step="2"/><N who="3" m="41287" /><G71/><T57/><D78/><U10/><E123/><V64/><F64/><W124/><G120/><T18/><D24/><U128/><E128/><V85/><AGARI ba="0,1" hai="17,23,26,30,31,44,50,55,76,81,85,88,92,97" machi="85" ten="20,12000,2" yaku="1,1,0,1,7,1,8,1,54,1,53,1" doraHai="63" doraHaiUra="94" who="2" fromWho="2" sc="250,-60,250,-30,240,130,250,-30" /><INIT seed="1,0,0,0,4,128" ten="190,220,370,220" oya="1" hai0="16,109,33,103,24,101,113,15,51,58,126,106,85" hai1="13,115,79,72,59,8,78,35,87,28,55,65,123" hai2="117,14,114,82,96,134,17,90,73,27,68,32,26" hai3="121,83,81,74,71,108,36,100,23,10,56,61,25"/><U118/><E72/><V80/><F117/><W31/><G71/><T111/><D113/><U66/><E123/><V19/><F68/><W104/><G108/><N who="0" m="41547" /><D106/><U44/><E35/><V38/><F38/><W110/><G121/><T130/><D130/><U94/><E28/><V41/><F41/><W132/><G36/><T5/><D5/><U69/><E69/><V70/><F70/><W45/><G74/><T1/><D1/><U127/><E127/><V124/><F124/><W50/><G10/><N who="0" m="6263" /><D126/><U105/><E105/><V22/><F114/><W112/><G112/><T29/><D85/><U122/><E118/><V30/><F73/><W3/><G3/><T92/><D92/><U86/><E86/><V60/><F60/><W46/><G46/><T57/><D51/><U116/><E116/><V102/><F90/><W7/><G7/><T9/><D9/><U52/><E94/><V76/><F76/><W47/><G47/><T53/><D53/><N who="1" m="20555" /><E44/><V4/><F4/><W75/><G75/><T63/><D63/><N who="1" m="38143" /><E66/><V67/><F67/><N who="3" m="39335" /><G104/><T11/><D11/><U37/><E37/><V34/><F82/><W77/><G100/><AGARI ba="0,0" hai="24,29,33,57,58,100,101,103" m="6263,41547" machi="100" ten="30,2000,0" yaku="14,1,54,1" doraHai="128" who="0" fromWho="3" sc="190,20,220,0,370,0,220,-20" /><INIT seed="2,0,0,3,5,86" ten="210,220,370,200" oya="2" hai0="69,95,36,20,50,0,77,82,98,102,68,2,46" hai1="75,14,89,43,42,90,122,67,47,107,8,126,24" hai2="22,5,88,1,112,40,29,93,134,49,124,79,85" hai3="119,125,57,10,106,32,37,128,27,17,44,18,113"/><V59/><F112/><W72/><G72/><T80/><D36/><U45/><E107/><V48/><F124/><W53/><G106/><T26/><D69/><U61/><E75/><V120/><F120/><W87/><G128/><T7/><D68/><U6/><E126/><V38/><F134/><W97/><G119/><T135/><D135/><U123/><E24/><V108/><F108/><W100/><G100/><T116/><D116/><U110/><E110/><V54/><F1/><W63/><G97/><T55/><D7/><U9/><E61/><V56/><F5/><W41/><G113/><T133/><D80/><U94/><E67/><V84/><F38/><W105/><G105/><T39/><D39/><N who="1" m="21727" /><E9/><V131/><F131/><W25/><G32/><T19/><REACH who="0" step="1"/><D133/><REACH who="0" ten="200,220,370,200" step="2"/><U11/><E6/><V118/><F118/><W127/><G127/><T12/><D12/><U92/><E14/><V60/><F59/><W33/><G125/><T3/><D3/><U104/><E123/><V21/><F56/><W71/><G71/><T132/><D132/><U31/><E122/><V103/><F79/><W58/><G58/><T51/><D51/><U83/><E83/><V74/><F49/><W64/><G27/><T13/><D13/><U34/><E47/><V115/><F48/><W117/><G117/><T99/><D99/><U101/><E8/><V109/><F115/><W62/><G10/><T78/><D78/><U16/><E11/><V129/><F109/><W73/><G63/><T70/><D70/><U35/><E43/><V81/><F40/><W76/><G41/><T23/><D23/><RYUUKYOKU ba="0,1" sc="200,30,220,-10,370,-10,200,-10" hai0="0,2,19,20,26,46,50,55,77,82,95,98,102" /><INIT seed="3,1,1,2,1,36" ten="230,210,360,190" oya="3" hai0="55,14,27,69,2,75,63,89,100,115,110,118,13" hai1="90,85,18,39,38,112,135,121,78,73,35,10,21" hai2="92,98,64,28,54,74,88,111,81,70,16,12,29" hai3="50,47,19,96,107,95,67,56,125,124,1,127,3"/><W84/><G107/><T37/><D118/><U68/><E68/><V133/><F111/><W15/><G67/><T108/><D2/><U86/><E35/><V58/><F133/><W49/><G84/><T94/><D37/><U61/><E73/><V62/><F74/><W60/><G60/><T26/><D75/><U77/><E39/><V24/><F81/><W102/><G56/><N who="0" m="35231" /><D100/><U31/><E38/><V11/><REACH who="2" step="1"/><F24/><REACH who="2" ten="230,210,350,190" step="2"/><W117/><G117/><T126/><D26/><U48/><E135/><V8/><F8/><W72/><G72/><T32/><D27/><U116/><E10/><V79/><F79/><W23/><G50/><AGARI ba="1,2" hai="11,12,16,28,29,50,54,58,62,64,70,88,92,98" machi="50" ten="30,7700,0" yaku="1,1,7,1,54,2,53,0" doraHai="36" doraHaiUra="128" who="2" fromWho="3" sc="230,0,210,0,350,100,190,-80" /><INIT seed="4,0,0,1,1,120" ten="230,210,450,110" oya="0" hai0="108,64,47,11,109,3,73,77,51,9,63,76,122" hai1="111,20,10,93,5,31,96,27,103,70,94,65,25" hai2="92,50,21,98,36,78,106,38,18,128,79,113,62" hai3="102,71,40,44,42,89,86,97,33,46,30,8,66"/><T134/><D122/><U67/><E70/><V84/><F106/><W34/><G71/><T28/><D28/><U55/><E111/><N who="0" m="42569" /><D134/><U24/><E55/><V116/><F62/><W35/><G66/><T90/><D90/><U49/><E49/><V54/><F113/><W91/><G30/><T80/><D77/><U81/><E81/><V14/><F128/><W123/><G8/><T135/><D3/><U112/><E112/><V58/><F116/><W26/><G26/><T117/><D117/><U6/><E25/><V82/><F78/><W2/><G2/><T110/><N who="0" m="42577" /><T121/><DORA hai="83" /><D121/><U75/><E27/><V13/><F14/><W124/><G124/><T119/><D135/><U114/><E24/><V12/><F13/><W53/><G91/><AGARI ba="0,0" hai="12,18,21,36,38,50,54,58,79,82,84,91,92,98" machi="91" ten="30,2000,0" yaku="7,1,52,1" doraHai="120,83" who="2" fromWho="3" sc="230,0,210,0,450,20,110,-20" /><INIT seed="5,0,0,5,3,16" ten="230,210,470,90" oya="1" hai0="33,124,65,67,96,133,69,47,1,108,66,50,123" hai1="12,78,105,39,35,68,23,129,83,102,62,61,82" hai2="113,26,19,15,4,106,28,116,91,122,13,130,87" hai3="107,70,10,86,42,99,125,18,49,114,0,52,31"/><U3/><E39/><V6/><F116/><W95/><G70/><T27/><D1/><U63/><E3/><V126/><F106/><W56/><G125/><T135/><D96/><U11/><E35/><V134/><F122/><W24/><G114/><T92/><D92/><U46/><E129/><V72/><F72/><W84/><G107/><T29/><D124/><U58/><E68/><V75/><F75/><W21/><G42/><T98/><D123/><U48/><E102/><V45/><F126/><W22/><G10/><T94/><D108/><U2/><E2/><V71/><F71/><W121/><G0/><T36/><D36/><U32/><E32/><V40/><F134/><N who="0" m="51210" /><D69/><U110/><E110/><V97/><F97/><W54/><G54/><N who="0" m="30047" /><D66/><U73/><E105/><V64/><F64/><W93/><G93/><T57/><D57/><U118/><E58/><V41/><F113/><W132/><G121/><T14/><D14/><U109/><E109/><V9/><F15/><N who="3" m="9439" /><G132/><T101/><AGARI ba="0,0" hai="27,29,33,65,67,94,98,101" m="30047,51210" machi="101" ten="30,1100,0" yaku="20,1" doraHai="16" who="0" fromWho="0" sc="230,11,210,-5,470,-3,90,-3" /><INIT seed="6,0,0,0,1,107" ten="241,205,467,87" oya="2" hai0="51,130,126,49,91,93,108,99,40,37,55,127,117" hai1="25,134,47,133,1,89,36,97,19,28,121,14,0" hai2="96,72,78,104,31,87,64,21,92,74,8,73,12" hai3="80,32,48,26,57,34,122,7,38,20,115,13,6"/><V18/><F104/><W27/><G38/><T101/><D108/><U22/><E89/><V71/><F71/><W125/><G80/><T62/><D130/><U15/><E97/><V46/><F64/><W88/><G88/><T2/><D2/><N who="1" m="1131" /><E47/><V3/><F46/><W98/><G98/><T68/><D117/><U50/><E50/><V16/><F31/><W69/><G57/><T61/><D37/><U54/><E54/><V76/><F87/><W24/><G48/><T95/><D40/><U113/><E36/><V52/><F52/><W81/><G81/><T106/><D106/><U100/><E100/><V131/><F131/><W129/><G69/><T84/><D51/><U70/><E70/><V60/><F60/><W67/><G67/><T30/><D30/><U17/><E113/><V112/><F112/><W10/><G115/><T5/><D68/><U79/><E79/><V128/><F128/><W58/><G58/><T94/><D94/><U53/><E53/><V4/><REACH who="2" step="1"/><F18/><REACH who="2" ten="241,205,457,87" step="2"/><N who="1" m="6665" /><E121/><V35/><F35/><N who="3" m="13355" /><G122/><T63/><D63/><U77/><E28/><V90/><AGARI ba="0,1" hai="3,4,8,12,16,21,72,73,74,76,78,90,92,96" machi="90" ten="30,18000,2" yaku="1,1,0,1,52,3,54,1,53,0" doraHai="107" doraHaiUra="120" who="2" fromWho="2" sc="241,-60,205,-60,457,190,87,-60" /><INIT seed="6,1,0,1,5,16" ten="181,145,647,27" oya="2" hai0="24,2,53,81,40,107,94,91,82,23,129,42,54" hai1="98,67,126,29,131,6,132,32,123,49,39,116,73" hai2="112,106,115,64,27,51,33,71,63,60,87,7,84" hai3="12,125,44,3,79,134,97,86,90,92,13,8,133"/><V108/><F106/><W120/><G120/><T25/><D107/><U36/><E6/><V35/><F7/><N who="3" m="1151" /><G44/><T83/><D2/><U19/><E19/><V37/><F37/><W119/><G119/><T104/><D129/><U78/><E49/><V4/><F4/><W26/><G26/><T110/><D110/><U69/><E131/><V100/><F100/><W124/><G79/><T59/><D104/><U17/><E17/><V74/><F74/><W103/><G13/><T109/><D109/><U34/><E98/><V61/><F108/><W127/><G12/><T21/><D25/><U5/><E5/><V43/><F64/><W89/><G89/><T10/><D10/><U117/><E34/><N who="2" m="12811" /><F71/><W45/><G45/><T76/><D76/><U75/><E78/><V114/><F27/><W122/><G122/><T48/><D54/><U85/><E67/><V77/><F77/><W72/><G72/><T111/><D111/><U135/><E69/><V52/><F43/><N who="0" m="16426" /><D24/><U105/><E75/><V66/><F66/><W96/><G96/><AGARI ba="1,0" hai="21,23,48,53,59,81,82,83,91,94,96" m="16426" machi="96" ten="30,3900,0" yaku="8,1,52,2" doraHai="16" who="0" fromWho="3" sc="181,42,145,0,647,0,27,-42" owari="223,2.3,145,-25.5,647,74.7,-15,-51.5" /></mjloggm>