<mjloggm ver="2.3"><GO type="225" lobby="0"/><UN n0="%E3%81%BF%E3%81%BF%E3%81%9A" n1="%70%68%65%6E%6F%6D%65" n2="%E8%B5%A4%E3%81%84%E8%9B%99%31%31" n3="%E7%B4%94%E6%BD%94%E3%83%94%E3%83%A9%E3%83%8B%E3%82%A2" dan="17,16,16,16" rate="2231.83,2185.17,2077.04,2184.80" sx="M,M,M,M"/><TAIKYOKU oya="0"/><INIT seed="0,0,0,0,1,130" ten="250,250,250,250" oya="0" hai0="70,18,127,92,107,66,64,40,93,46,123,109,125" hai1="135,124,26,90,120,101,72,129,1,57,60,61,134" hai2="33,24,28,96,111,95,32,54,25,89,122,71,132" hai3="85,34,80,65,23,14,6,68,98,43,114,104,17"/><T15/><D107/><U58/><E120/><V81/><F122/><W113/><G34/><T19/><D123/><U44/><E1/><V115/><F115/><W99/><G43/><T133/><D109/><U82/><E129/><V105/><F111/><W45/><G45/><T35/><D35/><U74/><E101/><V31/><F71/><W8/><G65/><N who="0" m="25195" /><D70/><U117/><E117/><V128/><F128/><W41/><G41/><T59/><D59/><N who="1" m="22539" /><E44/><V67/><F67/><W108/><G68/><T16/><D15/><U2/><E2/><V62/><F105/><W38/><G38/><T51/><D133/><N who="1" m="50699" /><E26/><V112/><F132/><W0/><G108/><T77/><D77/><U91/><E124/><AGARI ba="0,0" hai="16,18,19,40,46,51,92,93,124,125,127" m="25195" machi="124" ten="30,2900,0" yaku="18,1,54,1" doraHai="130" who="0" fromWho="1" sc="250,29,250,-29,250,0,250,0" /><INIT seed="0,1,0,4,0,65" ten="279,221,250,250" oya="0" hai0="116,18,135,42,62,132,16,54,127,105,15,120,103" hai1="123,47,82,112,36,108,49,89,88,79,45,92,77" hai2="101,104,114,131,5,20,35,38,110,37,33,93,55" hai3="121,106,125,134,10,98,115,71,2,94,78,84,61"/><T90/><D116/><U23/><E123/><V46/><F104/><W22/><G115/><T1/><D120/><U26/><E108/><V11/><F114/><W85/><G121/><T87/><D1/><U32/><E32/><V69/><F20/><W21/><G106/><T28/><D42/><U48/><E112/><V7/><F131/><W96/><G125/><T53/><D28/><U13/><E13/><V75/><F75/><W70/><G61/><T97/><D127/><U74/><E79/><V31/><F31/><W30/><G134/><N who="0" m="51243" /><D62/><U64/><E64/><V130/><F130/><W128/><G128/><T76/><D76/><U113/><E113/><V133/><F133/><W124/><G124/><T0/><D0/><U63/><E63/><V99/><F110/><W122/><G122/><T117/><D117/><U50/><E36/><V3/><F5/><W86/><G78/><T4/><D4/><U51/><N who="1" m="12288" /><DORA hai="43" /><U27/><E27/><V80/><F33/><W126/><G126/><T118/><D118/><U107/><E107/><V19/><F35/><W111/><G111/><T41/><D41/><U9/><E9/><V40/><F11/><W60/><G60/><T109/><D109/><U24/><E26/><V39/><F38/><W73/><G73/><T34/><D34/><U68/><E24/><V44/><F40/><W66/><G30/><T72/><D72/><U95/><E23/><V83/><F37/><W100/><G2/><T81/><D18/><U102/><E74/><V8/><F3/><W14/><G14/><T91/><D90/><N who="1" m="34923" /><E77/><V119/><F39/><RYUUKYOKU ba="1,0" sc="279,30,221,-10,250,-10,250,-10" hai0="15,16,53,54,81,87,91,97,103,105" /><INIT seed="0,2,0,3,2,28" ten="309,211,240,240" oya="0" hai0="105,23,123,36,8,19,87,22,14,130,104,38,53" hai1="40,39,32,111,73,20,109,108,88,101,1,11,68" hai2="106,71,133,132,81,18,0,76,35,42,64,129,25" hai3="116,121,89,74,47,56,13,115,55,86,57,66,51"/><T4/><D123/><U49/><E68/><V65/><F129/><W77/><G115/><T118/><D118/><U124/><E124/><V103/><F18/><W5/><G116/><T33/><D33/><U117/><E117/><V30/><F0/><W6/><G121/><T54/><D130/><U12/><E39/><V110/><F110/><W10/><G74/><T70/><D70/><U31/><E73/><N who="2" m="43151" /><F42/><W75/><G75/><T16/><D87/><U63/><E101/><V46/><F46/><W85/><G66/><T58/><D4/><N who="3" m="1641" /><G77/><T126/><D8/><U79/><E79/><V27/><F27/><W43/><G89/><T17/><D126/><U119/><E1/><V29/><F29/><W2/><G2/><T112/><D112/><U120/><E120/><V41/><F41/><W50/><G56/><T61/><D54/><U3/><E3/><V127/><F127/><W98/><G98/><T15/><D19/><AGARI ba="2,0" hai="10,13,19,43,47,50,51,55,57,85,86" m="1641" machi="19" ten="30,1000,0" yaku="8,1" doraHai="28" who="3" fromWho="0" sc="309,-16,211,0,240,0,240,16" /><INIT seed="1,0,0,3,1,91" ten="293,211,240,256" oya="1" hai0="84,102,122,21,17,109,73,65,133,11,31,116,118" hai1="78,75,112,9,13,61,113,90,128,106,111,81,129" hai2="120,107,8,34,43,63,127,47,108,26,24,85,132" hai3="96,28,54,45,93,117,7,86,40,18,46,95,83"/><U56/><E106/><V0/><F120/><W30/><G117/><T49/><D73/><U123/><E123/><V131/><F108/><W74/><G74/><T87/><D122/><U41/><E41/><V89/><F107/><W2/><G2/><T22/><D109/><U12/><E111/><V36/><F132/><W94/><G7/><T19/><D133/><U66/><E13/><V3/><F131/><N who="1" m="50249" /><E90/><V124/><F63/><W135/><G135/><T53/><D102/><U33/><E33/><V92/><F34/><W16/><G96/><T50/><D11/><U76/><E78/><V103/><F103/><W125/><G125/><N who="2" m="48201" /><F8/><W42/><G54/><T105/><D53/><U100/><E100/><V121/><F121/><W69/><G69/><T71/><D71/><U80/><E80/><V52/><F52/><W51/><G83/><T110/><D105/><U20/><E20/><V48/><F36/><W29/><REACH who="3" step="1"/><G86/><REACH who="3" ten="293,211,240,246" step="2"/><T14/><D110/><U60/><E61/><V79/><F79/><W126/><G126/><T97/><D118/><U68/><E68/><V98/><F85/><W64/><G64/><T115/><D116/><U67/><E66/><V38/><F0/><W32/><G32/><T62/><D65/><U10/><E10/><V35/><F3/><W39/><AGARI ba="0,1" hai="16,18,28,29,30,39,40,42,45,46,51,93,94,95" machi="39" ten="30,12000,2" yaku="1,1,0,1,52,3,54,1,53,0" doraHai="91" doraHaiUra="114" who="3" fromWho="3" sc="293,-30,211,-60,240,-30,246,130" /><INIT seed="2,0,0,3,3,121" ten="263,151,210,376" oya="2" hai0="75,96,58,99,70,60,24,106,112,89,12,34,13" hai1="1,9,78,14,50,86,135,119,123,122,131,56,53" hai2="3,40,62,107,16,129,79,128,8,98,104,49,29" hai3="133,67,108,10,95,15,46,52,118,57,20,72,124"/><V88/><F79/><W105/><G118/><T74/><D112/><U19/><E119/><V83/><F29/><W126/><G105/><T90/><D70/><U111/><E131/><N who="2" m="50251" /><F3/><W94/><G72/><T103/><D34/><U81/><E135/><V4/><F4/><W18/><G108/><T64/><D24/><U31/><E1/><V21/><F8/><W7/><G133/><T76/><D76/><U59/><E31/><V85/><F62/><W23/><G46/><T35/><D35/><U63/><REACH who="1" step="1"/><E111/><REACH who="1" ten="263,141,210,376" step="2"/><V71/><F71/><W44/><G124/><T17/><D12/><U51/><E51/><V37/><F49/><N who="3" m="28711" /><G126/><T69/><D13/><U48/><E48/><V26/><F98/><W22/><G7/><T36/><D99/><U109/><E109/><V114/><F114/><W2/><G2/><T110/><D110/><U127/><E127/><V38/><F40/><W91/><G57/><T45/><D58/><U65/><AGARI ba="0,1" hai="9,14,19,50,53,56,59,63,65,78,81,86,122,123" machi="65" ten="30,2000,0" yaku="1,1,0,1,53,0" doraHai="121" doraHaiUra="27" who="1" fromWho="1" sc="263,-5,141,30,210,-10,376,-5" /><INIT seed="3,0,0,2,3,87" ten="258,171,200,371" oya="3" hai0="118,121,75,83,105,109,125,59,60,15,85,53,20" hai1="129,43,101,74,86,134,38,14,8,48,50,98,65" hai2="131,132,73,0,123,99,120,97,55,26,64,108,56" hai3="70,27,51,130,28,29,52,47,77,112,17,30,127"/><W133/><G70/><T119/><D121/><U31/><E129/><V1/><F108/><W80/><G112/><T12/><D105/><U88/><E134/><V24/><F131/><W116/><G116/><T114/><D109/><U35/><E74/><V103/><F73/><W45/><G127/><T23/><D125/><U81/><E65/><V40/><F40/><W58/><G133/><T79/><D114/><U3/><E3/><N who="2" m="1099" /><F64/><W122/><G122/><N who="2" m="46633" /><F132/><W117/><G117/><T16/><D75/><U21/><E35/><V5/><F5/><W107/><G107/><T89/><D79/><U135/><E135/><V62/><F99/><W44/><G130/><T37/><D37/><U96/><E38/><V124/><F124/><W93/><G93/><AGARI ba="0,0" hai="24,26,55,56,62,93,97,103" m="46633,1099" machi="93" ten="30,1000,0" yaku="13,1" doraHai="87" who="2" fromWho="3" sc="258,0,171,0,200,10,371,-10" owari="258,5.8,171,-32.9,210,-19.0,361,46.1" /></mjloggm>