<mjloggm ver="2.3"><GO type="169" lobby="0"/><UN n0="%E5%A4%A9%E5%AE%89%E9%96%80%E5%BF%98%E5%8D%B4" n1="%7A%6F%6F%31%39%36%34" n2="%72%65%6E%6A%69%38%33" n3="%E3%81%9F%E3%81%AA%E3%81%8B%E6%95%99%E7%A5%96" dan="18,17,17,17" rate="2226.03,2199.44,2216.95,2171.05" sx="M,M,M,M"/><TAIKYOKU oya="0"/><INIT seed="0,0,0,5,2,26" ten="250,250,250,250" oya="0" hai0="82,10,72,62,20,119,120,112,124,8,110,0,97" hai1="29,98,7,123,85,40,74,116,44,76,18,69,118" hai2="23,24,134,54,12,65,83,51,135,31,108,121,91" hai3="17,15,75,77,130,103,78,93,30,132,129,88,55"/><T89/><D112/><U46/><E123/><V28/><F121/><W25/><G103/><T47/><D120/><U111/><E111/><V21/><F108/><W63/><G132/><N who="2" m="50729" /><F65/><W96/><G63/><T113/><D113/><U79/><E69/><V73/><F12/><W49/><G15/><T101/><D119/><U99/><E18/><N who="2" m="12343" /><F23/><N who="3" m="15679" /><G17/><T107/><D110/><U131/><E7/><V94/><F83/><W39/><G39/><T105/><D82/><U70/><E70/><V117/><F73/><W3/><G3/><T60/><D72/><U133/><E74/><V92/><F92/><W5/><G5/><T104/><D104/><U100/><E133/><V14/><F14/><W33/><G33/><T38/><D105/><U80/><E79/><V125/><F125/><W57/><G75/><T53/><D0/><U45/><E118/><V9/><F9/><W16/><G16/><T114/><D124/><U71/><E71/><V42/><F42/><W68/><G68/><T41/><D114/><U66/><E40/><V32/><F32/><W64/><G64/><T43/><D43/><U59/><E116/><V56/><F117/><W19/><G19/><T90/><D20/><U81/><E66/><V128/><F128/><AGARI ba="0,0" hai="49,55,57,77,78,88,93,96,128,129,130" m="15679" machi="128" ten="30,3900,0" yaku="19,1,52,1,54,1" doraHai="26" who="3" fromWho="2" sc="250,0,250,0,250,-39,250,39" /><INIT seed="1,0,0,3,1,63" ten="250,250,211,289" oya="1" hai0="64,35,77,102,86,50,3,112,20,5,109,134,120" hai1="31,73,68,101,11,74,98,129,117,26,113,58,106" hai2="76,44,132,17,34,18,57,124,115,85,30,60,130" hai3="25,107,9,29,90,118,16,114,4,13,46,43,51"/><U94/><E113/><V54/><F124/><W119/><G107/><T41/><D35/><U69/><E117/><V133/><F130/><W84/><G114/><T28/><D109/><U105/><E129/><V67/><F115/><W2/><G2/><T55/><D134/><N who="2" m="51818" /><F30/><W0/><G0/><T126/><D126/><U83/><E106/><V66/><F34/><W38/><G38/><T104/><D41/><U48/><E11/><V116/><F116/><W62/><G62/><T78/><D120/><U135/><E105/><V27/><F44/><W71/><G71/><T131/><D104/><U125/><E125/><V37/><F37/><W49/><G49/><T45/><D50/><U39/><E39/><V103/><F103/><W128/><G128/><T88/><D102/><U52/><E135/><V75/><F75/><W59/><G59/><T7/><D45/><U1/><E1/><V15/><F27/><W97/><G97/><T96/><D96/><U123/><E123/><V36/><F36/><W100/><G100/><T6/><D3/><U87/><E74/><V89/><F76/><W108/><G108/><T19/><D28/><U53/><E73/><V33/><F33/><W61/><G61/><T14/><D131/><U127/><E127/><V92/><F18/><W47/><G47/><T32/><D32/><U70/><E31/><V82/><F92/><N who="3" m="54343" /><G29/><T24/><D112/><U8/><E26/><V23/><AGARI ba="0,0" hai="15,17,23,54,57,60,66,67,82,85,89" m="51818" machi="23" ten="30,4000,0" yaku="20,1,52,2" doraHai="63" who="2" fromWho="2" sc="250,-10,250,-20,211,40,289,-10" /><INIT seed="2,0,0,2,2,16" ten="240,230,251,279" oya="2" hai0="73,59,54,61,9,64,94,118,117,39,83,53,2" hai1="14,29,38,103,60,104,77,81,86,101,95,5,120" hai2="30,127,63,102,124,97,128,80,135,70,23,79,116" hai3="107,131,126,96,45,62,37,10,42,22,68,72,35"/><V56/><F70/><W0/><G131/><T66/><D39/><U125/><E38/><V24/><F116/><N who="0" m="44650" /><D94/><U11/><E104/><V3/><F3/><W8/><G126/><N who="2" m="48169" /><F128/><W49/><G35/><T12/><D2/><U19/><E125/><V20/><F135/><W28/><G72/><T43/><D43/><U98/><E120/><V76/><F24/><W134/><G134/><T7/><D54/><U113/><E113/><V48/><F48/><W36/><G37/><T31/><D31/><U27/><E60/><V114/><F30/><W91/><G0/><T78/><AGARI ba="0,0" hai="7,9,12,53,59,61,64,66,73,78,83" m="44650" machi="78" ten="30,1100,0" yaku="12,1" doraHai="16" who="0" fromWho="0" sc="240,11,230,-3,251,-5,279,-3" /><INIT seed="3,0,0,3,5,112" ten="251,227,246,276" oya="3" hai0="133,124,56,131,34,10,101,110,84,66,40,122,63" hai1="121,132,12,118,67,92,30,46,135,129,83,29,22" hai2="73,78,17,72,106,58,114,97,4,86,82,11,6" hai3="59,117,2,123,37,96,44,109,27,62,70,95,60"/><W127/><G123/><T54/><D122/><U119/><E129/><V53/><F114/><W25/><G2/><T74/><D131/><U94/><E121/><V13/><F106/><W104/><G104/><T55/><D74/><U105/><E105/><V89/><F97/><W7/><G7/><T99/><D110/><U113/><E113/><V16/><F72/><W38/><G127/><T93/><D133/><N who="1" m="51275" /><E67/><V35/><F35/><W71/><G44/><T108/><D108/><U0/><E0/><V134/><F134/><W80/><G109/><T107/><D34/><U14/><E83/><V98/><F98/><W102/><G80/><T1/><D40/><U57/><E57/><V32/><F32/><W128/><G128/><T126/><D84/><U52/><E94/><V39/><F39/><W8/><G95/><T33/><D33/><U51/><E92/><V26/><F78/><W42/><G96/><T76/><D76/><U68/><E68/><V49/><REACH who="2" step="1"/><F73/><REACH who="2" ten="251,227,236,276" step="2"/><W69/><G38/><T111/><D111/><U48/><E48/><V88/><F88/><W50/><G37/><T28/><D107/><U81/><E81/><V3/><F3/><W61/><G50/><T9/><D1/><U41/><E41/><V90/><F90/><W115/><G42/><T77/><D77/><U21/><E30/><V47/><F47/><W100/><G115/><T5/><D28/><U20/><E29/><V23/><AGARI ba="0,1" hai="4,6,11,13,16,17,23,26,49,53,58,82,86,89" machi="23" ten="30,7900,0" yaku="1,1,0,1,8,1,54,1,53,0" doraHai="112" doraHaiUra="24" who="2" fromWho="2" sc="251,-20,227,-20,236,89,276,-39" /><INIT seed="4,0,0,0,4,94" ten="231,207,325,237" oya="0" hai0="7,38,41,64,5,4,27,52,3,86,72,118,117" hai1="98,116,88,18,91,101,97,87,35,83,65,70,92" hai2="57,56,24,135,103,134,50,40,119,82,51,63,96" hai3="36,123,21,81,42,112,14,85,10,29,80,89,128"/><T109/><D72/><U22/><E35/><V19/><F119/><W68/><G68/><T34/><D3/><U113/><E116/><V71/><F71/><W125/><G112/><T23/><D109/><U25/><E113/><V110/><F110/><W108/><G108/><T59/><D34/><U15/><E70/><V33/><F82/><W44/><G128/><T106/><D64/><U121/><E65/><V1/><F1/><W12/><G125/><T124/><D106/><U90/><E121/><V66/><F57/><W46/><G46/><T11/><D11/><U69/><E69/><V75/><F75/><W73/><G123/><T120/><D124/><U129/><E129/><V131/><F131/><W93/><G73/><T20/><D20/><U99/><E25/><V74/><F74/><W47/><G47/><T111/><D120/><U126/><E126/><V114/><F40/><W105/><G105/><T54/><D54/><U31/><E31/><N who="2" m="19687" /><F19/><W133/><G133/><N who="2" m="50697" /><F114/><W30/><G29/><T104/><D111/><U107/><E107/><AGARI ba="0,0" hai="50,51,56,63,66,96,103,107" m="50697,19687" machi="107" ten="30,2000,0" yaku="20,1,52,1" doraHai="94" who="2" fromWho="1" sc="231,0,207,-20,325,20,237,0" /><INIT seed="5,0,0,3,4,31" ten="231,187,345,237" oya="1" hai0="50,124,130,1,119,7,100,97,10,117,17,42,23" hai1="18,114,41,121,132,89,110,8,129,131,125,48,70" hai2="22,88,123,36,80,30,44,76,72,102,40,115,82" hai3="116,46,77,91,69,56,104,134,133,81,14,57,122"/><U34/><E121/><V32/><F123/><W29/><G122/><T112/><D112/><U61/><E114/><V52/><F115/><W27/><G69/><T54/><D124/><U126/><E110/><V94/><F22/><W75/><G104/><T33/><D42/><U98/><E41/><V86/><F52/><W65/><G116/><T25/><D130/><N who="1" m="49675" /><E48/><V85/><F102/><W87/><G46/><T106/><REACH who="0" step="1"/><D33/><REACH who="0" ten="221,187,345,237" step="2"/><U113/><E113/><V39/><F39/><W63/><G133/><T135/><D135/><U16/><E132/><V26/><REACH who="2" step="1"/><F82/><REACH who="2" ten="221,187,335,237" step="2"/><W53/><G134/><T51/><D51/><U67/><E34/><V0/><F0/><W49/><G81/><T103/><D103/><U109/><E109/><V111/><F111/><W68/><G49/><T84/><D84/><AGARI ba="0,2" hai="26,30,32,36,40,44,72,76,80,84,85,86,88,94" machi="84" ten="30,7700,0" yaku="1,1,7,1,52,1,54,1,53,0" doraHai="31" doraHaiUra="11" who="2" fromWho="0" sc="221,-77,187,0,335,97,237,0" /><INIT seed="6,0,0,1,1,81" ten="144,187,432,237" oya="2" hai0="64,0,70,46,16,89,130,8,65,132,38,117,59" hai1="88,5,109,128,42,51,123,61,7,113,111,27,15" hai2="3,121,57,56,17,6,86,107,96,91,108,58,74" hai3="135,13,28,78,33,11,35,50,14,1,114,99,90"/><V92/><F121/><W67/><G135/><T25/><D132/><U105/><E105/><V9/><F108/><W73/><G1/><T133/><D133/><U98/><E123/><V71/><F71/><W101/><G67/><T20/><D130/><U72/><E72/><V115/><F115/><W22/><G114/><T63/><D117/><U24/><E113/><V94/><F107/><W4/><G90/><T18/><D38/><U39/><E39/><V60/><F74/><W36/><G36/><T19/><D46/><N who="1" m="26071" /><E128/><V47/><F47/><W12/><G78/><T30/><D89/><U116/><E116/><V129/><F129/><W40/><G73/><T125/><D125/><U48/><E61/><V31/><F31/><W106/><G14/><T93/><D93/><N who="1" m="56615" /><E111/><V76/><F17/><W85/><G33/><T45/><D45/><U34/><E34/><V68/><F68/><W100/><G35/><T80/><D80/><U69/><E69/><V82/><REACH who="2" step="1"/><F94/><REACH who="2" ten="144,187,422,237" step="2"/><W122/><G106/><T77/><D70/><U79/><E109/><V124/><F124/><W10/><G28/><T43/><D30/><U134/><E134/><V29/><F29/><W21/><G122/><T23/><D23/><U62/><E5/><V84/><F84/><W41/><G21/><T55/><D19/><U32/><E7/><V87/><F87/><W44/><G22/><T118/><D18/><U120/><E120/><V54/><AGARI ba="0,1" hai="3,6,9,54,56,57,58,60,76,82,86,91,92,96" machi="54" ten="20,7800,0" yaku="1,1,0,1,7,1,52,1,53,0" doraHai="81" doraHaiUra="110" who="2" fromWho="2" sc="144,-26,187,-26,422,88,237,-26" /><INIT seed="6,1,0,1,0,131" ten="118,161,510,211" oya="2" hai0="35,75,93,13,2,117,0,4,89,105,84,88,90" hai1="74,129,68,130,59,55,38,62,25,30,92,9,56" hai2="103,101,118,34,11,123,128,85,69,53,58,47,7" hai3="104,95,48,120,3,49,108,28,102,65,61,98,19"/><V16/><F118/><W15/><G120/><T12/><D117/><U10/><E38/><V21/><F123/><W87/><G108/><T40/><D75/><U125/><E74/><V1/><F69/><W18/><G3/><T113/><D113/><U44/><E125/><V116/><F116/><W94/><G28/><T99/><D35/><U91/><E44/><V133/><F34/><W96/><G87/><T124/><D124/><U36/><E36/><V71/><F71/><W126/><G19/><T6/><D105/><U134/><E68/><V63/><F128/><N who="1" m="49257" /><E59/><V79/><F47/><W109/><G109/><T83/><D40/><U33/><E134/><V20/><F20/><W22/><G104/><T67/><D67/><U57/><E56/><V51/><F133/><W107/><G107/><T106/><D106/><U46/><E46/><V54/><F54/><W82/><G82/><T122/><D122/><U39/><E39/><V127/><F63/><W29/><G29/><T78/><D0/><U115/><E115/><V37/><F37/><W110/><G110/><T41/><D41/><U135/><E135/><V77/><F127/><W26/><G126/><T112/><D112/><U111/><E111/><V31/><F31/><W81/><G81/><T64/><D64/><U66/><E66/><V100/><REACH who="2" step="1"/><F85/><AGARI ba="1,0" hai="9,10,25,30,33,55,57,62,85,91,92" m="49257" machi="85" ten="30,1000,0" yaku="19,1" doraHai="131" who="1" fromWho="2" sc="118,0,161,13,510,-13,211,0" /><INIT seed="7,0,0,4,1,7" ten="118,174,497,211" oya="3" hai0="113,86,60,107,128,93,35,10,64,109,68,90,21" hai1="39,42,84,47,81,127,26,45,14,111,87,18,100" hai2="114,98,102,120,17,71,131,85,15,2,62,53,70" hai3="34,13,0,80,63,72,8,79,52,94,67,16,69"/><W32/><G0/><T65/><D128/><U19/><E111/><V9/><F114/><W12/><G94/><T96/><D113/><U119/><E127/><V38/><F38/><W73/><G73/><T43/><D109/><U25/><E119/><V123/><F131/><W48/><REACH who="3" step="1"/><G13/><REACH who="3" ten="118,174,497,201" step="2"/><T51/><D107/><U91/><E100/><V118/><F2/><W54/><G54/><T27/><D64/><U76/><E14/><V66/><F118/><W46/><AGARI ba="0,1" hai="8,12,16,32,34,46,48,52,63,67,69,72,79,80" machi="46" ten="20,18000,2" yaku="1,1,0,1,7,1,52,1,54,2,53,0" doraHai="7" doraHaiUra="103" who="3" fromWho="3" sc="118,-60,174,-60,497,-60,201,190" /><INIT seed="7,1,0,3,3,135" ten="58,114,437,391" oya="3" hai0="42,89,90,51,45,128,94,119,26,104,60,116,79" hai1="77,87,31,4,36,46,92,69,53,63,102,96,33" hai2="8,57,95,108,120,88,13,84,5,93,126,74,71" hai3="56,19,99,80,15,44,86,29,14,112,49,25,134"/><W70/><G70/><T122/><D128/><U131/><E131/><V78/><F71/><W67/><G134/><T22/><D122/><U91/><E4/><V52/><F108/><W17/><G112/><T106/><D79/><U20/><E33/><V0/><F126/><W28/><G99/><T62/><D104/><U10/><E10/><V85/><F120/><W37/><G37/><T3/><D106/><U9/><E9/><V2/><F74/><W68/><G68/><T111/><D3/><U6/><E6/><V38/><F38/><W64/><G64/><T21/><D111/><U43/><E77/><V12/><F2/><W50/><G25/><T40/><D116/><U48/><E20/><V103/><F103/><W75/><G75/><T76/><D119/><U107/><E31/><N who="3" m="11850" /><G67/><T58/><D76/><U105/><E63/><V39/><F39/><W118/><G118/><T72/><D72/><U129/><E69/><V125/><F125/><W55/><G15/><T16/><D42/><U35/><E35/><V124/><F124/><W32/><G32/><T97/><D22/><U130/><REACH who="1" step="1"/><E107/><REACH who="1" ten="58,104,437,391" step="2"/><V117/><F117/><W121/><G121/><T59/><REACH who="0" step="1"/><D90/><REACH who="0" ten="48,104,437,391" step="2"/><U30/><E30/><V23/><F23/><W83/><G14/><T113/><D113/><U24/><E24/><V66/><F12/><W73/><G73/><T123/><D123/><U11/><E11/><V132/><F13/><W82/><G86/><T27/><D27/><U109/><E109/><V47/><F84/><W81/><N who="3" m="20480" /><DORA hai="65" /><W100/><G100/><T54/><D54/><AGARI ba="1,2" hai="17,19,44,49,50,54,55,56" m="20480,11850" machi="54" ten="40,2000,0" yaku="8,1" doraHai="135,65" who="3" fromWho="0" sc="48,-23,104,0,437,0,391,43" /><INIT seed="7,2,0,2,3,3" ten="25,104,437,434" oya="3" hai0="69,19,87,132,131,123,107,75,103,83,129,126,119" hai1="16,50,10,63,25,17,91,28,133,39,134,24,27" hai2="96,128,65,64,127,109,89,45,59,111,46,120,115" hai3="93,118,98,36,9,56,112,49,106,5,0,95,78"/><W44/><G118/><T13/><D69/><U114/><E39/><V40/><F115/><W67/><G112/><T135/><D13/><N who="1" m="7223" /><E114/><V84/><F127/><W72/><G106/><T43/><D19/><U35/><E50/><V108/><F128/><N who="0" m="49226" /><D43/><U70/><E91/><V32/><F32/><W73/><G73/><T110/><D119/><U11/><E63/><V55/><F120/><W47/><G47/><T2/><D2/><U79/><E79/><V68/><F96/><W125/><G125/><T61/><D61/><U104/><E104/><V80/><F68/><W102/><G93/><T23/><D23/><U1/><E70/><V77/><F77/><W130/><G130/><T85/><D126/><U7/><E25/><V81/><F81/><N who="3" m="45255" /><G49/><T53/><D53/><U20/><AGARI ba="2,0" hai="1,7,11,17,20,24,27,28,35,133,134" m="7223" machi="20" ten="30,7900,0" yaku="34,2,52,1,54,1" doraHai="3" who="1" fromWho="1" sc="25,-22,104,85,437,-22,434,-41" owari="3,-49.7,189,-21.1,415,51.5,393,19.3" /></mjloggm>