<mjloggm ver="2.3"><GO type="169" lobby="0"/><UN n0="%E3%83%97%E3%83%AC%E3%82%B9%E3%83%97" n1="%E3%81%99%E3%81%91%E3%81%B4%E3%82%87%E3%82%93" n2="%E3%82%BF%E3%83%BC%E3%83%90%E3%83%B3%E9%87%8E%E5%8F%A3" n3="%E3%81%9F%E3%81%8B%E3%81%A3%E3%81%A6%E3%81%83%E3%83%BC" dan="16,16,17,16" rate="2193.50,2101.08,2200.17,2198.96" sx="M,M,M,F"/><TAIKYOKU oya="0"/><INIT seed="0,0,0,1,5,92" ten="250,250,250,250" oya="0" hai0="121,100,85,59,128,56,47,21,122,13,15,135,14" hai1="123,101,40,113,25,91,126,29,131,115,127,74,62" hai2="71,109,57,125,10,28,43,49,130,72,94,4,26" hai3="114,70,96,111,2,108,5,77,105,63,27,42,3"/><T97/><D128/><U133/><E123/><V81/><F71/><W22/><G114/><N who="1" m="43530" /><E74/><V110/><F130/><W66/><G77/><T45/><D135/><U107/><E131/><V7/><F125/><N who="1" m="47625" /><E133/><V37/><F37/><W78/><G78/><T24/><D85/><U1/><E1/><V17/><F72/><W104/><G42/><T84/><D84/><U55/><E40/><V20/><F81/><W112/><G112/><T75/><D75/><U53/><E91/><V67/><F43/><W129/><G129/><T9/><D9/><U61/><E61/><V76/><F76/><W38/><G38/><T116/><D116/><U46/><E46/><N who="0" m="17417" /><D122/><U82/><E82/><V86/><F10/><W52/><G2/><T87/><D87/><U54/><E62/><V58/><F86/><W132/><G132/><T16/><D121/><U119/><E119/><V68/><F49/><W18/><G3/><T36/><D36/><U6/><E6/><V134/><F4/><W79/><G5/><T34/><D34/><N who="1" m="20783" /><E55/><V30/><F7/><W35/><G79/><T65/><D65/><U39/><E39/><V73/><F134/><W12/><G52/><T102/><D102/><U44/><E44/><V80/><F73/><W31/><G105/><T124/><D124/><U89/><E89/><V19/><F80/><W64/><G64/><T118/><D118/><U60/><E60/><V11/><F67/><W106/><G106/><T0/><D0/><U50/><E50/><V8/><F94/><AGARI ba="0,0" hai="13,14,15,16,21,24,56,59,94,97,100" m="17417" machi="94" ten="30,5800,0" yaku="8,1,52,1,54,1" doraHai="92" who="0" fromWho="2" sc="250,58,250,0,250,-58,250,0" /><INIT seed="0,1,0,2,4,20" ten="308,250,192,250" oya="0" hai0="71,63,22,34,17,37,111,133,24,85,76,82,39" hai1="78,97,120,57,69,8,62,7,46,70,109,29,119" hai2="90,10,4,122,94,16,40,42,89,101,52,44,132" hai3="18,45,77,27,36,43,72,84,28,11,96,130,19"/><T35/><D133/><U99/><E120/><V104/><F122/><W115/><G115/><T118/><D118/><U66/><E119/><V21/><F132/><W106/><G130/><T134/><D134/><U103/><E109/><V81/><F104/><W12/><G72/><T68/><D111/><U54/><E78/><V121/><F121/><W86/><G77/><T53/><D68/><U58/><E46/><V102/><F81/><W116/><G116/><T15/><D53/><U123/><E123/><V31/><F31/><W26/><G19/><T98/><D98/><U75/><E75/><V55/><F4/><W61/><G61/><T51/><D51/><U48/><E29/><V114/><F10/><W126/><G126/><T108/><D108/><U91/><E91/><N who="2" m="34827" /><F114/><W65/><G65/><T33/><REACH who="0" step="1"/><D15/><REACH who="0" ten="298,250,192,250" step="2"/><U113/><E113/><V88/><F40/><W131/><G96/><T38/><D38/><U47/><E97/><N who="2" m="57543" /><F42/><W9/><G43/><T135/><D135/><U127/><E69/><V30/><F30/><W23/><G28/><T25/><D25/><U59/><E70/><V32/><F32/><W117/><G27/><T87/><D87/><U74/><E74/><V41/><F41/><W80/><G84/><T3/><D3/><U83/><E127/><V73/><F73/><W0/><G0/><T67/><AGARI ba="1,1" hai="17,22,24,33,34,35,37,39,63,67,71,76,82,85" machi="67" ten="40,7800,0" yaku="1,1,0,1,52,1,53,0" doraHai="20" doraHaiUra="6" who="0" fromWho="0" sc="298,91,250,-27,192,-27,250,-27" /><INIT seed="0,2,0,4,1,90" ten="389,223,165,223" oya="0" hai0="54,81,42,75,25,62,128,87,59,95,110,41,115" hai1="71,22,1,86,126,35,64,16,135,127,99,120,39" hai2="70,2,48,113,92,129,60,44,108,69,6,58,61" hai3="74,5,100,32,68,109,96,76,131,49,20,79,73"/><T118/><D118/><U46/><E120/><V29/><F113/><W91/><G32/><T130/><D115/><U12/><E35/><V103/><F108/><W50/><G68/><T80/><D110/><U53/><E1/><V134/><F129/><N who="0" m="49770" /><D25/><U43/><E135/><V83/><F134/><W102/><G131/><T24/><D24/><U117/><E117/><V123/><F123/><W104/><G109/><T124/><D124/><U94/><E86/><V89/><F29/><W8/><G20/><T23/><D23/><U28/><E28/><V55/><F61/><W97/><G91/><N who="0" m="53759" /><D75/><U56/><E64/><V88/><F6/><W132/><G132/><T9/><D9/><U7/><E7/><V85/><F2/><W27/><G27/><T31/><D31/><U63/><REACH who="1" step="1"/><E71/><REACH who="1" ten="389,213,165,223" step="2"/><V78/><F69/><W105/><REACH who="3" step="1"/><G5/><REACH who="3" ten="389,213,165,213" step="2"/><T14/><D14/><U66/><E66/><N who="2" m="39191" /><F70/><W19/><G19/><T67/><D67/><U3/><E3/><V51/><F51/><W4/><G4/><T114/><D114/><U122/><E122/><V121/><F121/><W11/><AGARI ba="2,2" hai="8,11,49,50,73,74,76,79,96,97,100,102,104,105" machi="11" ten="25,12000,2" yaku="1,1,0,1,22,2,53,2" doraHai="90" doraHaiUra="101" who="3" fromWho="3" sc="389,-62,213,-32,165,-32,213,146" /><INIT seed="1,0,0,3,4,119" ten="327,181,133,359" oya="1" hai0="130,10,77,37,45,93,38,133,6,87,18,27,41" hai1="100,72,94,105,74,121,82,26,89,68,83,0,109" hai2="23,19,51,85,1,15,17,71,73,39,32,9,99" hai3="31,113,11,123,25,49,28,30,110,20,118,102,97"/><U135/><E68/><V75/><F39/><W57/><G113/><T4/><D130/><U103/><E0/><V128/><F128/><W117/><G110/><T80/><D133/><U46/><E26/><V5/><F71/><W70/><G70/><T22/><D93/><U55/><E46/><V58/><F32/><W115/><G115/><T60/><D60/><U92/><E55/><V91/><F99/><W36/><G36/><T86/><D37/><U95/><E135/><V64/><F17/><W116/><G123/><T56/><D56/><U67/><E67/><V76/><F76/><W12/><G49/><T126/><D126/><U63/><E63/><V88/><F91/><W127/><G57/><T62/><D62/><U132/><E132/><V111/><F111/><W42/><G42/><T7/><REACH who="0" step="1"/><D87/><REACH who="0" ten="317,181,133,359" step="2"/><U33/><E109/><V44/><F64/><W134/><G127/><T34/><D34/><U3/><E33/><V98/><F98/><W124/><G124/><T29/><D29/><U21/><E95/><N who="2" m="54671" /><F44/><W120/><G134/><T59/><D59/><U69/><E69/><V104/><F104/><N who="3" m="63567" /><G120/><T54/><D54/><AGARI ba="0,1" hai="1,5,9,15,19,23,51,54,58,73,75" m="54671" machi="54" ten="30,2000,0" yaku="25,1,54,1" doraHai="119" who="2" fromWho="0" sc="317,-20,181,0,133,30,359,0" /><INIT seed="2,0,0,2,5,37" ten="297,181,163,359" oya="2" hai0="54,88,68,134,107,72,27,71,56,130,111,64,59" hai1="41,60,128,16,113,83,121,55,51,61,48,42,24" hai2="4,22,23,30,100,74,94,129,33,106,102,89,66" hai3="98,11,69,34,62,25,76,47,135,5,109,44,75"/><V50/><F129/><W17/><G109/><T132/><D72/><U110/><E113/><V43/><F74/><W63/><G135/><N who="0" m="51755" /><D107/><U31/><E110/><V108/><F108/><W49/><G98/><T122/><D111/><U73/><E128/><V10/><F106/><W12/><G69/><T79/><D79/><U20/><E121/><V21/><F66/><W32/><G47/><T52/><D130/><U101/><E101/><N who="2" m="39019" /><F33/><W103/><G103/><T35/><D64/><U8/><E73/><V104/><F104/><W53/><G34/><T124/><D124/><U36/><E36/><V39/><F39/><W97/><G97/><T125/><D125/><U90/><E60/><N who="3" m="23082" /><G32/><T114/><D114/><U57/><E61/><V3/><F3/><W133/><G75/><T86/><D122/><U13/><E51/><V115/><F115/><W116/><G116/><T70/><D59/><U2/><E2/><V77/><F77/><W120/><G120/><T123/><D123/><U92/><E83/><V6/><F30/><W105/><G105/><T58/><D58/><U91/><E91/><V78/><F78/><W9/><G133/><T45/><D56/><U65/><E65/><V19/><F19/><W80/><G76/><T119/><D119/><U127/><E127/><V96/><F10/><N who="3" m="4175" /><G80/><N who="0" m="49223" /><D45/><AGARI ba="0,0" hai="4,6,21,22,23,43,45,50,89,94,96" m="39019" machi="45" ten="30,2900,0" yaku="8,1,52,1" doraHai="37" who="2" fromWho="0" sc="297,-29,181,0,163,29,359,0" /><INIT seed="2,1,0,5,4,21" ten="268,181,192,359" oya="2" hai0="10,94,85,87,33,46,114,91,109,74,112,70,100" hai1="117,107,123,54,84,9,68,81,98,0,69,20,4" hai2="99,2,7,64,124,16,42,128,92,28,1,34,96" hai3="18,75,63,5,122,24,53,27,72,23,40,25,50"/><V132/><F128/><W90/><G122/><T121/><D121/><U48/><E123/><V47/><F132/><W49/><G5/><T58/><D70/><U134/><E134/><V116/><F116/><W41/><G75/><T11/><D33/><U45/><E117/><V3/><F124/><W43/><G72/><T6/><D74/><U17/><E98/><V38/><F64/><W113/><G113/><T80/><D109/><U82/><E107/><V129/><F129/><W88/><G63/><T61/><D46/><U52/><E54/><V101/><F99/><W65/><G65/><T32/><D32/><U36/><E36/><V66/><F66/><W105/><G105/><T104/><D104/><U89/><REACH who="1" step="1"/><E81/><REACH who="1" ten="268,171,192,359" step="2"/><V93/><F93/><W12/><G50/><T71/><D80/><U127/><E127/><V56/><F92/><W30/><G30/><T59/><D94/><U79/><E79/><V106/><F96/><W76/><G76/><T14/><D112/><U97/><E97/><V110/><F106/><W126/><G126/><T62/><D114/><U83/><E83/><V130/><F28/><W15/><G15/><AGARI ba="1,1" hai="0,4,9,15,17,20,45,48,52,68,69,82,84,89" machi="15" ten="30,3900,0" yaku="1,1,7,1,54,1,53,0" doraHai="21" doraHaiUra="125" who="1" fromWho="3" sc="268,0,171,52,192,0,359,-42" /><INIT seed="3,0,0,0,3,4" ten="268,223,192,317" oya="3" hai0="54,64,75,84,17,120,114,105,135,40,33,133,38" hai1="12,126,36,23,89,47,41,100,39,21,123,10,42" hai2="79,32,110,16,62,70,57,71,107,52,88,129,3" hai3="58,97,37,131,86,116,43,7,122,14,118,24,98"/><W65/><G122/><T11/><D75/><U44/><E123/><V117/><F117/><W127/><G131/><T63/><D120/><U0/><E126/><V94/><F107/><W115/><G115/><T111/><D111/><U13/><E100/><V66/><F32/><W48/><G127/><T59/><D33/><U25/><E89/><V5/><F110/><W96/><G37/><T28/><D114/><U31/><REACH who="1" step="1"/><E21/><REACH who="1" ten="268,213,192,317" step="2"/><V72/><F129/><W49/><G116/><T18/><D133/><U6/><AGARI ba="0,1" hai="0,6,10,12,13,23,25,31,36,39,41,42,44,47" machi="6" ten="30,8000,1" yaku="1,1,2,1,0,1,9,1,52,1,53,0" doraHai="4" doraHaiUra="74" who="1" fromWho="1" sc="268,-20,213,90,192,-20,317,-40" /><INIT seed="4,0,0,0,4,93" ten="248,303,172,277" oya="0" hai0="32,67,110,39,3,98,0,16,38,36,6,68,111" hai1="128,42,103,69,64,47,60,82,54,18,52,86,57" hai2="13,29,41,11,7,30,9,46,21,118,108,66,75" hai3="28,34,132,104,123,129,37,35,135,116,74,127,99"/><T117/><D117/><U58/><E128/><V40/><F108/><N who="0" m="41514" /><D32/><U19/><E103/><V76/><F118/><W20/><G20/><T72/><D72/><U43/><E69/><V71/><F41/><W8/><G8/><T122/><D122/><U131/><E131/><V49/><F21/><W50/><G74/><T22/><D6/><U31/><E31/><V56/><F71/><W45/><G35/><T59/><D68/><U92/><E92/><V83/><F11/><W48/><G34/><T94/><D59/><U55/><E57/><V124/><F124/><W106/><G127/><T87/><D87/><U78/><REACH who="1" step="1"/><E43/><REACH who="1" ten="248,293,172,277" step="2"/><V119/><F119/><W25/><G129/><T115/><D115/><U12/><E12/><V2/><F2/><W109/><G116/><T100/><D67/><U26/><E26/><AGARI ba="0,1" hai="0,3,16,22,26,36,38,39,94,98,100" m="41514" machi="26" ten="40,7700,0" yaku="10,1,52,1,54,1" doraHai="93" who="0" fromWho="1" sc="248,87,293,-77,172,0,277,0" /><INIT seed="4,1,0,5,2,117" ten="335,216,172,277" oya="0" hai0="5,105,115,112,0,11,129,66,64,126,54,22,111" hai1="82,29,7,101,89,58,33,90,97,113,104,75,131" hai2="83,55,36,47,88,67,28,62,24,119,93,19,60" hai3="2,130,21,132,86,13,114,87,134,51,124,1,74"/><T48/><D105/><U109/><E7/><V120/><F120/><W79/><G114/><N who="0" m="43563" /><D129/><U8/><E8/><V125/><F125/><W133/><G124/><T23/><D126/><U3/><E3/><N who="3" m="1034" /><G130/><T72/><D72/><U103/><E131/><V56/><F119/><W118/><G118/><T68/><D111/><U31/><E113/><V43/><F83/><N who="3" m="45559" /><G51/><T95/><D95/><U127/><E109/><V94/><F19/><AGARI ba="1,0" hai="13,19,21,86,87,132,133,134" m="45559,1034" machi="19" ten="40,1300,0" yaku="20,1" doraHai="117" who="3" fromWho="2" sc="335,0,216,0,172,-16,277,16" /><INIT seed="5,0,0,0,3,111" ten="335,216,156,293" oya="1" hai0="28,22,47,48,19,106,63,75,93,50,97,86,108" hai1="57,15,129,116,61,60,105,24,90,1,10,81,68" hai2="131,128,121,54,16,119,77,123,110,103,117,8,13" hai3="118,122,7,88,127,67,134,29,4,113,44,5,12"/><U6/><E105/><V56/><F103/><W20/><G122/><N who="2" m="46601" /><F77/><W64/><G127/><T0/><D75/><U34/><E116/><N who="2" m="44619" /><F54/><W78/><G118/><T114/><D108/><U21/><E129/><N who="2" m="49739" /><F56/><W107/><G107/><T32/><D63/><U42/><E42/><V96/><F96/><W80/><G78/><T9/><D86/><N who="1" m="50511" /><E57/><V101/><F101/><W74/><G74/><T52/><D106/><U79/><E79/><V82/><F82/><W26/><G80/><T38/><D38/><U89/><E89/><V126/><F110/><W125/><G67/><T62/><D62/><U72/><E72/><V120/><N who="2" m="46609" /><V33/><DORA hai="55" /><F33/><W130/><G64/><T95/><D97/><U46/><E46/><V92/><F92/><W23/><G44/><T112/><D48/><U115/><E68/><V99/><F99/><W59/><G59/><T2/><D93/><U135/><E60/><V132/><F132/><W53/><G134/><T87/><D95/><U100/><E61/><V91/><F91/><W69/><G88/><T71/><D87/><U25/><E100/><V30/><F30/><W85/><G29/><T40/><D71/><U73/><E73/><V35/><F35/><W58/><G69/><T133/><D133/><U17/><E135/><V18/><F18/><W27/><G130/><T94/><D94/><U98/><E98/><V3/><F3/><N who="0" m="1066" /><D40/><U70/><E70/><V51/><F51/><W36/><G85/><T109/><D109/><U84/><E84/><V39/><F39/><W31/><G36/><T66/><D66/><U104/><E104/><RYUUKYOKU ba="0,0" sc="335,-10,216,-10,156,30,293,-10" hai2="8,13,16,126" /><INIT seed="6,1,0,2,4,68" ten="325,206,186,283" oya="2" hai0="26,91,85,114,103,124,78,102,73,97,81,65,118" hai1="127,59,9,109,130,69,119,31,6,37,115,29,84" hai2="76,63,126,28,74,107,17,61,19,20,22,105,8" hai3="131,21,75,18,111,132,128,133,12,14,82,32,71"/><V7/><F126/><W50/><G71/><T96/><D65/><U13/><E69/><V100/><F28/><W62/><G62/><T88/><D26/><U92/><E119/><V40/><F40/><W38/><G111/><T35/><D35/><U25/><E109/><V72/><F76/><N who="3" m="44319" /><G32/><T0/><D0/><U24/><E127/><V54/><F8/><W135/><G38/><T116/><D124/><U93/><E37/><V113/><F113/><W86/><G86/><T2/><D2/><U1/><E115/><V95/><F95/><W108/><G108/><T45/><D45/><U64/><E1/><V44/><F100/><N who="0" m="38442" /><D114/><U90/><E130/><N who="3" m="49706" /><G50/><T77/><D77/><U80/><E25/><AGARI ba="1,0" hai="12,14,18,21,25,132,133,135" m="49706,44319" machi="25" ten="40,2600,0" yaku="20,1,19,1" doraHai="68" who="3" fromWho="1" sc="325,0,206,-29,186,0,283,29" /><INIT seed="7,0,0,1,5,27" ten="325,177,186,312" oya="3" hai0="128,88,22,61,30,116,40,31,48,74,120,16,3" hai1="91,37,123,129,59,75,60,79,72,69,52,56,12" hai2="64,46,94,110,124,0,7,117,70,113,51,115,68" hai3="112,99,43,23,21,93,6,14,1,133,111,114,126"/><W62/><G126/><T34/><D116/><U55/><E123/><V8/><F110/><W26/><G1/><T119/><D119/><U105/><E105/><V47/><F124/><W28/><G111/><T18/><D120/><U134/><E37/><V135/><F135/><W44/><G133/><T82/><D3/><U41/><E134/><V2/><F117/><W29/><G62/><T85/><D34/><U76/><E41/><N who="2" m="25039" /><F0/><W78/><G78/><T19/><D74/><U24/><E69/><V95/><F47/><W106/><G106/><T81/><D61/><U53/><E129/><V130/><F130/><W101/><G29/><N who="0" m="10763" /><D128/><U15/><E24/><V103/><F64/><W54/><G54/><T100/><D100/><U127/><E127/><V11/><F11/><W4/><G21/><T121/><D121/><U13/><E91/><V80/><F80/><W45/><G45/><N who="0" m="25639" /><D82/><U71/><E71/><N who="2" m="27179" /><F103/><W5/><REACH who="3" step="1"/><G14/><AGARI ba="0,0" hai="14,16,18,19,22,81,85,88" m="25639,10763" machi="14" ten="30,12000,2" yaku="8,1,52,3,54,2" doraHai="27" who="0" fromWho="3" sc="325,120,177,0,186,0,312,-120" owari="445,54.5,177,-32.3,186,-21.4,192,-0.8" /></mjloggm>