<mjloggm ver="2.3"><GO type="169" lobby="0"/><UN n0="%E6%9D%B1%E6%96%B9%E5%AE%9A%E5%8A%A9" n1="%E3%83%8F%E3%82%BF%E3%83%A2%E3%83%88%E3%83%92%E3%83%AD" n2="%63%6C%75%74%63%68%37%33" n3="%E4%B9%9D%E7%B4%8B%E9%BE%8D%E5%8F%B2%E9%80%B2" dan="16,17,17,19" rate="2122.49,2163.24,2278.85,2292.80" sx="M,M,M,M"/><TAIKYOKU oya="0"/><INIT seed="0,0,0,0,0,122" ten="250,250,250,250" oya="0" hai0="113,73,100,91,106,8,21,27,40,116,124,135,67" hai1="133,103,66,32,85,126,125,104,20,71,101,24,42" hai2="134,110,112,119,34,105,90,108,107,33,69,14,72" hai3="131,54,46,75,114,81,36,98,13,31,47,35,28"/><T53/><D113/><U99/><E101/><V63/><F112/><W83/><G114/><T128/><D116/><U45/><E85/><V121/><F119/><W48/><G131/><T92/><D40/><U26/><E133/><V80/><F121/><W127/><G127/><T17/><D124/><N who="1" m="47723" /><E32/><N who="2" m="12395" /><F90/><W37/><G35/><T50/><D67/><U39/><E20/><V82/><F82/><W130/><G130/><T64/><D64/><U77/><E77/><N who="2" m="44071" /><F14/><W61/><G75/><T120/><D120/><U68/><E66/><N who="2" m="41183" /><F134/><W7/><G13/><T102/><D91/><U88/><E88/><V58/><F58/><W4/><G48/><T15/><D73/><U25/><AGARI ba="0,0" hai="24,25,26,39,42,45,68,71,99,103,104" m="47723" machi="25" ten="30,1100,0" yaku="18,1" doraHai="122" who="1" fromWho="1" sc="250,-5,250,11,250,-3,250,-3" /><INIT seed="1,0,0,0,4,124" ten="245,261,247,247" oya="1" hai0="85,38,11,64,58,6,68,103,74,63,92,83,73" hai1="21,8,108,17,22,57,123,77,28,60,65,78,115" hai2="31,9,56,129,53,47,100,66,42,125,86,110,109" hai3="13,1,130,34,18,133,20,72,98,114,93,116,24"/><U48/><E115/><V67/><F125/><W32/><G114/><T51/><D38/><U117/><E117/><V105/><F31/><W135/><G72/><T50/><D103/><U84/><E123/><V97/><F86/><W5/><G116/><T37/><D37/><U81/><E108/><N who="2" m="41579" /><F9/><N who="3" m="2223" /><G93/><T101/><D68/><U80/><E48/><N who="2" m="26743" /><F129/><W19/><G98/><T40/><D40/><U90/><E28/><V45/><F45/><W36/><G36/><T91/><D74/><U122/><E122/><V119/><F119/><W27/><G130/><T126/><D126/><U121/><E121/><V16/><F16/><W102/><G102/><T29/><D29/><U132/><E132/><N who="3" m="50762" /><G24/><T89/><D101/><U2/><E78/><V39/><F39/><W107/><G107/><T49/><D73/><U94/><E81/><V4/><F4/><W106/><G106/><T88/><REACH who="0" step="1"/><D83/><REACH who="0" ten="235,261,247,247" step="2"/><U12/><REACH who="1" step="1"/><E2/><AGARI ba="0,1" hai="2,6,11,49,50,51,58,63,64,85,88,89,91,92" machi="2" ten="40,8000,1" yaku="1,1,2,1,54,1,53,1" doraHai="124" doraHaiUra="82" who="0" fromWho="1" sc="235,90,261,-80,247,0,247,0" /><INIT seed="2,0,0,4,3,130" ten="325,181,247,247" oya="2" hai0="3,4,29,80,114,84,34,94,39,21,57,16,59" hai1="78,41,28,22,110,20,67,116,123,30,1,32,17" hai2="101,5,131,85,91,11,62,75,82,105,26,53,7" hai3="103,129,111,58,102,98,99,65,40,36,24,122,48"/><V47/><F131/><W10/><G129/><T81/><D39/><U70/><E41/><V89/><F75/><W126/><G122/><T49/><D114/><U18/><E78/><V50/><F105/><W2/><G111/><T77/><D49/><U31/><E67/><V44/><F101/><W113/><G126/><T107/><D107/><U71/><E110/><V132/><F26/><W46/><G113/><T79/><D94/><U108/><E108/><V115/><F115/><W90/><G90/><T42/><D42/><U125/><E116/><V19/><F44/><W92/><G24/><T27/><D4/><U61/><E61/><V121/><F121/><W51/><G2/><T56/><D3/><U134/><E123/><V37/><F37/><W117/><G10/><T69/><D69/><U60/><E60/><V54/><F91/><W25/><G117/><T13/><REACH who="0" step="1"/><D56/><REACH who="0" ten="315,181,247,247" step="2"/><U9/><E71/><V72/><F5/><W73/><G58/><T33/><D33/><U74/><E70/><V38/><F38/><W112/><G112/><T76/><D76/><U118/><E118/><V124/><F7/><W128/><G128/><T106/><D106/><U14/><E125/><V96/><F124/><W93/><G48/><T45/><D45/><U35/><E74/><AGARI ba="0,1" hai="13,16,21,27,29,34,57,59,74,77,79,80,81,84" machi="74" ten="30,3900,0" yaku="1,1,7,1,54,1,53,0" doraHai="130" doraHaiUra="64" who="0" fromWho="1" sc="315,49,181,-39,247,0,247,0" /><INIT seed="3,0,0,5,4,26" ten="364,142,247,247" oya="3" hai0="72,67,51,68,112,113,6,92,2,120,60,54,69" hai1="37,111,131,29,128,108,87,74,86,31,10,48,130" hai2="12,42,100,104,119,16,79,132,23,99,52,38,124" hai3="59,15,40,36,88,13,57,3,30,103,70,122,49"/><W44/><G122/><T109/><D120/><U62/><E74/><V75/><F119/><W41/><G3/><T110/><D72/><U5/><E37/><V27/><F132/><W18/><G70/><N who="0" m="42343" /><D92/><U25/><E62/><V64/><F64/><W77/><G77/><T9/><D9/><U63/><E63/><V71/><F71/><N who="0" m="27210" /><D6/><U98/><E48/><V85/><F38/><W20/><G103/><T97/><D97/><U89/><E98/><V81/><F42/><W66/><G66/><T114/><D2/><N who="1" m="311" /><E25/><V126/><F52/><W58/><G36/><T121/><D121/><U82/><E86/><V43/><F43/><N who="3" m="24735" /><G15/><T28/><D28/><AGARI ba="0,0" hai="28,29,31,82,87,89,108,111,128,130,131" m="311" machi="28" ten="40,8000,1" yaku="19,1,52,3" doraHai="26" who="1" fromWho="0" sc="364,-80,142,80,247,0,247,0" /><INIT seed="4,0,0,0,1,68" ten="284,222,247,247" oya="0" hai0="135,4,54,76,96,64,128,53,16,39,70,134,55" hai1="57,97,87,98,122,61,113,100,119,29,121,88,24" hai2="0,117,85,120,28,92,94,14,38,27,49,69,116" hai3="123,110,31,101,66,127,103,2,44,102,15,3,35"/><T93/><D128/><U79/><E79/><V13/><F0/><W37/><G110/><T125/><D4/><U80/><E119/><N who="2" m="45643" /><F69/><W90/><G127/><T73/><D125/><U84/><E84/><V95/><F120/><W41/><G123/><T112/><D112/><U74/><E113/><V18/><F49/><W89/><G66/><T108/><D108/><U111/><E111/><V22/><F85/><W59/><G59/><T20/><D76/><U12/><E74/><V62/><F62/><W43/><G15/><N who="2" m="5641" /><F18/><W104/><G104/><T50/><D73/><U105/><E97/><V133/><F133/><W8/><G41/><T106/><D70/><U21/><REACH who="1" step="1"/><E12/><REACH who="1" ten="284,212,247,247" step="2"/><V47/><F47/><W48/><G3/><T42/><D96/><U36/><E36/><AGARI ba="0,1" hai="22,27,28,36,38,92,94,95" m="5641,45643" machi="36" ten="40,5200,0" yaku="12,1,52,2" doraHai="68" who="2" fromWho="1" sc="284,0,212,-52,247,62,247,0" /><INIT seed="5,0,0,4,3,112" ten="284,160,309,247" oya="1" hai0="59,72,123,77,61,111,3,73,60,105,64,122,121" hai1="12,70,32,96,8,29,134,14,62,45,103,83,84" hai2="53,51,36,92,128,90,113,88,109,9,39,110,28" hai3="5,78,55,115,44,91,58,114,21,102,1,118,17"/><U49/><E134/><V76/><F128/><W94/><G78/><T57/><D111/><U117/><E117/><V124/><F124/><W125/><G125/><T6/><D105/><U7/><E14/><V87/><F113/><N who="3" m="43019" /><G102/><T16/><D77/><U56/><E70/><V31/><F76/><W26/><G44/><T27/><D6/><U24/><E84/><V81/><F39/><W135/><G5/><T93/><D93/><U47/><E49/><V85/><F36/><W11/><G11/><T74/><D3/><U41/><E83/><V89/><F89/><W99/><G1/><T34/><D34/><U35/><E32/><V98/><F98/><W20/><G20/><N who="0" m="13703" /><D74/><U23/><E41/><V22/><F9/><W101/><G101/><T4/><D4/><U40/><E40/><V133/><F133/><W50/><G135/><T68/><D68/><U33/><E33/><V15/><F110/><W54/><G54/><AGARI ba="0,0" hai="54,57,59,60,61,64,72,73,121,122,123" m="13703" machi="54" ten="30,2000,0" yaku="13,1,54,1" doraHai="112" who="0" fromWho="3" sc="284,20,160,0,309,0,247,-20" /><INIT seed="6,0,0,2,0,131" ten="304,160,309,227" oya="2" hai0="42,135,0,64,34,76,93,91,89,90,52,118,39" hai1="40,88,21,127,60,17,13,99,132,65,95,98,7" hai2="56,133,26,27,96,35,61,94,81,82,3,58,37" hai3="120,107,6,100,123,77,113,105,129,84,116,1,70"/><V55/><F37/><W111/><G6/><T59/><D34/><U97/><E127/><V24/><F3/><W117/><G70/><T48/><D0/><U63/><E132/><V104/><F133/><W125/><G1/><T51/><D135/><U126/><E126/><V54/><F104/><N who="3" m="40011" /><G125/><T4/><D4/><U119/><E119/><N who="3" m="45642" /><G129/><T130/><D64/><U110/><E110/><V18/><F35/><W79/><G100/><T19/><D19/><U114/><E114/><V57/><F18/><W85/><G111/><T71/><D71/><U128/><E128/><V9/><F9/><W2/><G2/><T108/><D108/><U8/><E40/><V22/><F22/><W74/><G74/><T92/><D42/><U73/><E73/><V87/><F87/><N who="3" m="33355" /><G113/><T124/><D124/><U14/><REACH who="1" step="1"/><E63/><REACH who="1" ten="304,150,309,227" step="2"/><V28/><F61/><W109/><G109/><T80/><D118/><U121/><E121/><AGARI ba="0,1" hai="77,79,120,121,123" m="33355,45642,40011" machi="121" ten="40,8000,1" yaku="28,2,34,2" doraHai="131" who="3" fromWho="1" sc="304,0,150,-80,309,0,227,90" /><INIT seed="7,0,0,3,2,86" ten="304,70,309,317" oya="3" hai0="118,47,17,121,100,129,22,110,74,116,105,68,21" hai1="28,41,107,94,104,109,82,122,60,103,42,55,29" hai2="89,7,19,98,9,128,78,6,87,13,4,91,32" hai3="50,20,48,54,71,120,123,45,38,125,108,30,57"/><W52/><G30/><T106/><D110/><U124/><E82/><N who="2" m="47575" /><F32/><W95/><G20/><T62/><D121/><N who="3" m="46665" /><G95/><T31/><D74/><U99/><E124/><V39/><F39/><W132/><G125/><T130/><D47/><U84/><E122/><V24/><F128/><N who="0" m="49258" /><D31/><U134/><E109/><V3/><F3/><W73/><G73/><T112/><D112/><U8/><E84/><V34/><F34/><W16/><G16/><T90/><D90/><N who="2" m="34314" /><F98/><W69/><G108/><T66/><D22/><AGARI ba="0,0" hai="4,6,7,9,13,19,22,24" m="34314,47575" machi="22" ten="30,7700,0" yaku="8,1,52,3" doraHai="86" who="2" fromWho="0" sc="304,-77,70,0,309,77,317,0" owari="227,-17.3,70,-43.0,386,48.6,317,11.7" /></mjloggm>