<mjloggm ver="2.3"><GO type="169" lobby="0"/><UN n0="%E3%82%89%E3%81%84%E3%81%82%E3%82%93%E3%81%98%E3%82%83%E3%82%93" n1="%4C%61%72%72%6B" n2="%E7%94%9F%E4%BD%93%E3%81%AE%E6%A7%8B%E9%80%A0%31" n3="%E3%83%8F%E3%83%B3%E3%83%81%E3%83%A7%E3%82%A6%E5%A4%A7%E6%A7%BB" dan="17,16,17,16" rate="2203.25,2147.50,2164.12,2092.28" sx="M,M,M,M"/><TAIKYOKU oya="0"/><INIT seed="0,0,0,3,5,62" ten="250,250,250,250" oya="0" hai0="93,53,38,91,96,131,103,20,102,79,52,127,31" hai1="1,42,40,35,76,78,2,8,37,12,83,45,13" hai2="113,72,19,77,7,118,41,80,99,106,130,36,10" hai3="110,15,9,88,65,92,112,50,97,122,17,48,75"/><T18/><D38/><U104/><E35/><V26/><F113/><W23/><G112/><T85/><D131/><U108/><E104/><V39/><F130/><W34/><G110/><T68/><D127/><U0/><E108/><V114/><F114/><W44/><G122/><T21/><D68/><U94/><E42/><V71/><F71/><W30/><G75/><T66/><D66/><U46/><E46/><V89/><F118/><W126/><G34/><T54/><D79/><U24/><E24/><V116/><F116/><W60/><G126/><T90/><D31/><U123/><E123/><V135/><F135/><W73/><G73/><T25/><REACH who="0" step="1"/><D20/><REACH who="0" ten="240,250,250,250" step="2"/><U14/><E78/><V47/><F39/><W82/><G82/><AGARI ba="0,1" hai="18,21,25,52,53,54,82,85,90,91,93,96,102,103" machi="82" ten="40,18000,2" yaku="1,1,2,1,8,1,54,1,53,2" doraHai="62" doraHaiUra="98" who="0" fromWho="3" sc="240,190,250,0,250,0,250,-180" /><INIT seed="0,1,0,3,2,84" ten="430,250,250,70" oya="0" hai0="82,77,46,112,100,18,43,32,13,34,75,70,130" hai1="99,52,37,39,49,98,33,89,96,104,31,106,8" hai2="35,62,66,30,28,110,3,118,88,73,36,71,115" hai3="134,123,11,79,131,126,85,91,125,41,14,86,117"/><T58/><D112/><U101/><E33/><V54/><F115/><W47/><G117/><T122/><D70/><U83/><E31/><V44/><F118/><W10/><G47/><T127/><D122/><U111/><E111/><V12/><F3/><W42/><G123/><T0/><D0/><U5/><E39/><V76/><F110/><W90/><G79/><T114/><D114/><U65/><E65/><V15/><F76/><W61/><G61/><T120/><D120/><U23/><E37/><V2/><F2/><W109/><G109/><T53/><D100/><U107/><E23/><V27/><F73/><W50/><G50/><T25/><D25/><U78/><E101/><V95/><F30/><W6/><G131/><T64/><D64/><U68/><E68/><V133/><F133/><W74/><G74/><T21/><D130/><U16/><E78/><V57/><F44/><W29/><G29/><T20/><D20/><U119/><E5/><V93/><F93/><W128/><G128/><T124/><D127/><N who="3" m="48649" /><G134/><T55/><D55/><U67/><E67/><V69/><F36/><W113/><G113/><T1/><D1/><U22/><E119/><V103/><F103/><W40/><G11/><T92/><D124/><U56/><E8/><V45/><F45/><W129/><G129/><T80/><D32/><U48/><E48/><V51/><REACH who="2" step="1"/><F71/><REACH who="2" ten="430,250,240,70" step="2"/><W24/><G24/><T81/><D75/><U132/><E132/><V19/><F19/><W63/><G63/><T116/><D77/><U94/><E83/><V17/><F17/><W102/><G102/><T38/><D116/><RYUUKYOKU ba="1,1" sc="430,-30,250,10,240,10,70,10" hai1="16,22,49,52,56,89,94,96,98,99,104,106,107" hai2="12,15,27,28,35,51,54,57,62,66,69,88,95" hai3="6,10,14,40,41,42,85,86,90,91" /><INIT seed="1,2,1,0,1,100" ten="400,260,250,80" oya="1" hai0="92,28,83,13,56,65,57,108,91,86,96,117,103" hai1="10,12,39,87,6,88,95,79,94,64,121,74,107" hai2="2,82,113,27,31,11,68,90,26,72,41,126,53" hai3="125,29,33,73,80,16,66,9,78,70,17,132,76"/><U104/><E39/><V19/><F68/><W60/><G125/><T1/><D108/><U42/><E121/><V47/><F126/><W3/><G132/><T58/><D1/><U69/><E42/><V38/><F113/><W111/><G111/><T25/><D117/><U61/><REACH who="1" step="1"/><E95/><REACH who="1" ten="400,250,250,80" step="2"/><V8/><F41/><W134/><G134/><T63/><REACH who="0" step="1"/><D13/><REACH who="0" ten="390,250,250,80" step="2"/><U97/><E97/><V118/><F38/><W50/><G3/><T112/><D112/><U0/><E0/><V114/><F2/><W122/><G122/><T71/><D71/><U35/><E35/><AGARI ba="2,3" hai="25,28,35,56,57,58,63,65,83,86,91,92,96,103" machi="35" ten="30,2000,0" yaku="1,1,7,1,53,0" doraHai="100" doraHaiUra="116" who="0" fromWho="1" sc="390,56,250,-26,250,0,80,0" /><INIT seed="2,0,0,1,1,119" ten="446,224,250,80" oya="2" hai0="106,78,19,54,69,13,103,97,43,130,99,71,109" hai1="51,57,135,116,56,64,96,12,127,33,101,47,55" hai2="5,123,77,50,45,0,76,39,67,66,113,126,14" hai3="104,68,122,60,63,124,27,80,107,36,92,88,61"/><V131/><F113/><W17/><G36/><T100/><D109/><U70/><E116/><V52/><F0/><W7/><G7/><T4/><D130/><U18/><E33/><V35/><F35/><W30/><G68/><T90/><D43/><U48/><E135/><V34/><F34/><W134/><G134/><T49/><D78/><N who="2" m="30314" /><F123/><W108/><G108/><T11/><D90/><U133/><E133/><V58/><F39/><W87/><G124/><T42/><D42/><U3/><E3/><V84/><F131/><W114/><G114/><T74/><D4/><U38/><E127/><V98/><F84/><W95/><G30/><T73/><D73/><U118/><E118/><V25/><F25/><W24/><G122/><T129/><D74/><U2/><E2/><V110/><F110/><W23/><REACH who="3" step="1"/><G27/><REACH who="3" ten="446,224,250,70" step="2"/><T9/><D129/><U59/><E38/><V8/><F126/><W32/><G32/><T20/><D69/><U94/><E70/><V105/><F105/><AGARI ba="0,1" hai="17,23,24,60,61,63,80,87,88,92,95,104,105,107" machi="105" ten="40,2600,0" yaku="1,1,54,1,53,0" doraHai="119" doraHaiUra="111" who="3" fromWho="2" sc="446,0,224,0,250,-26,70,36" /><INIT seed="3,0,0,3,1,104" ten="446,224,224,106" oya="3" hai0="6,16,52,42,11,105,123,74,30,84,93,9,5" hai1="130,97,13,61,87,66,115,122,59,124,34,58,12" hai2="82,54,127,56,98,41,113,27,89,43,17,31,101" hai3="22,44,78,1,91,135,3,7,126,83,110,121,134"/><W99/><G121/><T102/><D123/><U132/><E122/><V118/><F113/><W28/><G126/><T2/><D42/><U32/><E115/><V73/><F118/><W10/><G110/><T112/><D112/><U20/><E124/><V119/><F119/><W106/><G44/><T67/><D74/><U81/><E130/><V95/><F127/><W38/><G38/><T79/><D67/><U51/><E132/><N who="3" m="50730" /><G28/><T77/><D30/><U133/><E97/><V26/><F17/><W65/><G65/><T108/><D108/><U111/><E111/><V47/><F47/><W68/><G22/><T107/><D107/><U96/><E96/><V29/><F73/><N who="3" m="43471" /><G91/><T8/><D105/><U40/><E32/><V15/><F31/><W94/><G94/><T50/><D102/><U39/><E34/><V36/><F36/><W80/><G80/><T25/><D77/><U60/><E39/><V46/><F82/><W103/><G3/><T49/><D49/><U4/><E20/><V90/><F46/><W109/><G109/><T88/><D79/><U14/><E51/><V71/><F90/><W69/><AGARI ba="0,0" hai="1,7,10,68,69,99,103,106" m="43471,50730" machi="69" ten="30,6000,0" yaku="20,1,23,1,52,1" doraHai="104" who="3" fromWho="3" sc="446,-20,224,-20,224,-20,106,60" /><INIT seed="3,1,0,2,1,34" ten="426,204,204,166" oya="3" hai0="54,27,102,99,96,59,65,30,2,37,103,101,53" hai1="113,135,73,105,72,67,60,38,108,7,41,74,57" hai2="23,124,114,40,120,115,25,12,31,132,36,26,51" hai3="52,66,84,93,80,110,15,107,1,128,55,6,45"/><W94/><G107/><T16/><D37/><U19/><E113/><V111/><F36/><W82/><G128/><T48/><D2/><U92/><E105/><V35/><F40/><W122/><G122/><T5/><D5/><U83/><E108/><V90/><F51/><W104/><G104/><T8/><D65/><U134/><E92/><V10/><F90/><W9/><G110/><T116/><D116/><U61/><E61/><V33/><F111/><W18/><G66/><T71/><D54/><U87/><E19/><N who="2" m="8599" /><F124/><W46/><G82/><T56/><D56/><U98/><E98/><V62/><F62/><W97/><G97/><T78/><D78/><U85/><E7/><V119/><F119/><W58/><G6/><T89/><D89/><U68/><E68/><V81/><F81/><W47/><G1/><T91/><D91/><U29/><E41/><V22/><F132/><W109/><G109/><T75/><D75/><U131/><E38/><V17/><F120/><W21/><G9/><T70/><D71/><U3/><E131/><V50/><F50/><N who="3" m="30999" /><G55/><T77/><D77/><AGARI ba="1,0" hai="15,18,21,45,46,47,77,80,84,93,94" m="30999" machi="77" ten="30,2900,0" yaku="8,1,54,1" doraHai="34" who="3" fromWho="0" sc="426,-32,204,0,204,0,166,32" /><INIT seed="3,2,0,3,3,15" ten="394,204,204,198" oya="3" hai0="128,1,65,101,17,84,35,9,52,30,109,12,22" hai1="117,93,56,108,37,20,125,51,99,116,95,39,91" hai2="57,85,74,134,124,115,40,69,28,96,100,21,77" hai3="102,4,103,119,121,97,94,49,50,24,53,60,58"/><W7/><G119/><T104/><D109/><U45/><E108/><V105/><F115/><W135/><G135/><T88/><D128/><U72/><E72/><V106/><F69/><W3/><G121/><T127/><D127/><U78/><E125/><V34/><F34/><W81/><G3/><T59/><D65/><U33/><E33/><V54/><F124/><W48/><G102/><T38/><D38/><U98/><E78/><V114/><F114/><W73/><G73/><T32/><D104/><U64/><E37/><V29/><F134/><W118/><G118/><T11/><D101/><U13/><E39/><V92/><F74/><W68/><G68/><T66/><D66/><U16/><E56/><V46/><F105/><W131/><G131/><T75/><D75/><U31/><E31/><V86/><F106/><W110/><G110/><T0/><D9/><U112/><E64/><V67/><F67/><W42/><G42/><T26/><D35/><U83/><E83/><N who="2" m="47343" /><F86/><W27/><REACH who="3" step="1"/><G81/><REACH who="3" ten="394,204,204,188" step="2"/><T36/><D0/><U113/><E117/><V89/><F100/><W71/><G71/><T47/><D1/><U122/><E116/><V43/><F43/><W111/><G111/><T133/><D133/><U82/><E122/><V90/><F40/><W8/><G8/><T70/><D70/><U129/><E82/><V18/><F92/><W5/><AGARI ba="2,1" hai="4,5,7,24,27,48,49,50,53,58,60,94,97,103" machi="5" ten="30,6000,0" yaku="1,1,0,1,8,1,53,0" doraHai="15" doraHaiUra="63" who="3" fromWho="3" sc="394,-22,204,-22,204,-22,188,76" /><INIT seed="3,3,0,2,0,126" ten="372,182,182,264" oya="3" hai0="84,61,130,16,45,23,112,53,113,30,37,114,63" hai1="121,14,26,42,90,36,101,71,27,76,18,46,117" hai2="7,41,98,88,15,74,110,115,47,128,8,87,11" hai3="77,79,81,111,56,92,33,44,100,69,57,25,17"/><W1/><G69/><T9/><D130/><U99/><E121/><V123/><F115/><W127/><G1/><T21/><D9/><U40/><E117/><V32/><F32/><W22/><G127/><T118/><D118/><U35/><E71/><V65/><F123/><W68/><G68/><T49/><D37/><U106/><E35/><V116/><F74/><W50/><G33/><T124/><D124/><U108/><E108/><V94/><F116/><W120/><G120/><T93/><D30/><U31/><E31/><V119/><F119/><W70/><G70/><T78/><D23/><U83/><E90/><V131/><F110/><W104/><G104/><T34/><D34/><U134/><E40/><V60/><F11/><W73/><G111/><T64/><D64/><U54/><E54/><V109/><F98/><W129/><G129/><N who="2" m="49737" /><F109/><W75/><G75/><T82/><D93/><U51/><E36/><N who="2" m="21927" /><F65/><W103/><G77/><T19/><D19/><U55/><E134/><V72/><F72/><W2/><G2/><T67/><D67/><U4/><E4/><V20/><F20/><W58/><REACH who="3" step="1"/><G92/><REACH who="3" ten="372,182,182,254" step="2"/><T28/><REACH who="0" step="1"/><D28/><REACH who="0" ten="362,182,182,254" step="2"/><U97/><E106/><V107/><F107/><W38/><G38/><T89/><D89/><U43/><E76/><V122/><F122/><W62/><G62/><AGARI ba="3,2" hai="7,8,15,60,62,87,88,94" m="21927,49737" machi="62" ten="30,8000,1" yaku="19,1,52,3,54,1" doraHai="126" who="2" fromWho="3" sc="362,0,182,0,182,109,254,-89" /><INIT seed="4,0,0,0,2,15" ten="362,182,291,165" oya="0" hai0="19,50,61,109,49,115,104,36,70,110,54,108,67" hai1="0,31,55,37,20,27,132,59,99,130,12,114,79" hai2="127,101,117,107,64,83,91,10,78,34,119,51,3" hai3="65,82,42,131,134,102,120,30,47,56,113,62,39"/><T118/><D104/><U88/><E0/><V25/><F64/><W24/><G113/><T106/><D106/><U43/><E114/><V103/><F3/><W40/><G82/><T23/><D115/><U46/><E79/><V85/><F10/><W17/><G102/><T93/><D118/><N who="2" m="45066" /><F51/><W75/><G75/><T71/><D36/><U122/><E122/><V74/><F107/><W90/><G90/><T116/><D116/><U60/><E130/><V125/><F25/><W44/><G30/><T86/><D71/><U45/><E45/><V26/><F26/><W96/><G96/><T126/><D126/><N who="2" m="48138" /><F34/><W52/><G120/><T84/><D93/><AGARI ba="0,0" hai="74,78,83,85,91,93,101,103" m="48138,45066" machi="93" ten="30,7700,0" yaku="12,1,18,1,34,2" doraHai="15" who="2" fromWho="0" sc="362,-77,182,0,291,77,165,0" /><INIT seed="5,0,0,1,0,17" ten="285,182,368,165" oya="1" hai0="57,64,36,81,66,33,4,12,44,125,79,75,88" hai1="60,106,95,72,77,35,18,13,94,120,122,131,111" hai2="58,6,80,127,28,2,121,71,56,50,117,128,15" hai3="20,52,32,84,82,103,115,14,62,108,1,133,130"/><U135/><E106/><V107/><F117/><W16/><G108/><T92/><D125/><U101/><E35/><V129/><F71/><W76/><G115/><T54/><D33/><U96/><E111/><V25/><F2/><W65/><G130/><N who="2" m="50281" /><F107/><W30/><G133/><T34/><D34/><U78/><E131/><V132/><F121/><W27/><G1/><T8/><D44/><U0/><E0/><V109/><F109/><W99/><G99/><T42/><D42/><U51/><E135/><V98/><F98/><W97/><G97/><T70/><D70/><U19/><E72/><V112/><F112/><W53/><G103/><T89/><D36/><U23/><E122/><V3/><F3/><W85/><G84/><T10/><D10/><U46/><E120/><V26/><F132/><W68/><AGARI ba="0,0" hai="14,16,20,27,30,32,52,53,62,65,68,76,82,85" machi="68" ten="20,8000,1" yaku="0,1,7,1,52,1,54,2" doraHai="17" who="3" fromWho="3" sc="285,-20,182,-40,368,-20,165,80" /><INIT seed="6,0,0,3,1,105" ten="265,142,348,245" oya="2" hai0="26,132,63,38,108,51,44,52,11,57,5,17,66" hai1="126,94,42,64,30,32,62,125,20,82,21,79,78" hai2="47,91,122,87,129,61,46,135,37,14,8,45,114" hai3="12,89,110,111,85,2,31,28,18,92,53,72,60"/><V69/><F122/><W41/><G2/><T54/><D132/><U43/><E32/><V112/><F135/><W83/><G41/><T29/><D108/><U88/><E126/><V40/><F129/><W123/><G123/><T73/><D73/><U33/><E33/><V4/><F69/><W99/><G111/><T128/><D128/><U117/><E117/><V98/><F61/><W25/><G25/><T50/><D38/><U101/><E101/><V76/><F76/><W56/><G110/><T81/><D81/><U131/><E125/><V36/><F98/><W124/><G124/><T118/><D17/><U34/><E34/><V133/><F133/><W19/><G19/><T103/><D103/><U9/><E9/><V24/><F24/><W109/><G72/><T55/><D118/><U65/><E131/><V97/><F97/><W102/><REACH who="3" step="1"/><G109/><REACH who="3" ten="265,142,348,235" step="2"/><T95/><D26/><U130/><E130/><V74/><F74/><W134/><G134/><T3/><D29/><U106/><E30/><V86/><F40/><W71/><G71/><T0/><D0/><U68/><E42/><V113/><F87/><W84/><G84/><T75/><D75/><U80/><E43/><V120/><F120/><W13/><G13/><T104/><D104/><U22/><E106/><V70/><F70/><W96/><G96/><T115/><D3/><U93/><E68/><V39/><F39/><W16/><G16/><T127/><D127/><U90/><REACH who="1" step="1"/><E20/><AGARI ba="0,1" hai="12,18,20,28,31,53,56,60,83,85,89,92,99,102" machi="20" ten="30,7700,0" yaku="1,1,7,1,8,1,53,1" doraHai="105" doraHaiUra="15" who="3" fromWho="1" sc="265,0,142,-77,348,0,235,87" /><INIT seed="7,0,0,1,4,72" ten="265,65,348,322" oya="3" hai0="92,52,23,128,17,114,34,63,123,25,59,54,121" hai1="111,83,22,93,82,4,2,14,80,125,118,46,50" hai2="95,9,31,67,8,112,51,0,32,88,122,103,44" hai3="100,58,43,89,16,42,75,84,70,76,5,110,133"/><W107/><G70/><T33/><D128/><U35/><E35/><V47/><F112/><W48/><G5/><T53/><D114/><U73/><E73/><V81/><F122/><W36/><G36/><T86/><D33/><U69/><E69/><V90/><F0/><W104/><G104/><T18/><D34/><U132/><E2/><V28/><F67/><W68/><G68/><T65/><D121/><U131/><E111/><V106/><F106/><W13/><G133/><T116/><D116/><U74/><E74/><V37/><F37/><W117/><G117/><T87/><D123/><U19/><E118/><V56/><F32/><W15/><G15/><T62/><D62/><U60/><E132/><V12/><F103/><W85/><G110/><T40/><D40/><U119/><E131/><V39/><F39/><W91/><G100/><T21/><REACH who="0" step="1"/><D92/><REACH who="0" ten="255,65,348,322" step="2"/><U96/><E119/><V49/><F95/><N who="3" m="54695" /><G107/><T26/><AGARI ba="0,1" hai="17,18,21,23,25,26,52,53,54,59,63,65,86,87" machi="26" ten="30,8000,1" yaku="1,1,0,1,9,1,8,1,54,1,53,0" doraHai="72" doraHaiUra="102" who="0" fromWho="0" sc="255,90,65,-20,348,-20,322,-40" owari="345,44.5,45,-45.5,328,12.8,282,-11.8" /></mjloggm>