<mjloggm ver="2.3"><GO type="169" lobby="0"/><UN n0="%48%57%49%4E%47" n1="%E9%9B%AA%E3%81%AE%E8%8F%AF" n2="%E5%B0%8F%E8%B1%86%E6%A2%93" n3="%41%63%75%6E%61%4A%72" dan="16,16,17,17" rate="2139.58,2123.69,2184.78,2238.53" sx="M,F,F,M"/><TAIKYOKU oya="0"/><INIT seed="0,0,0,3,0,3" ten="250,250,250,250" oya="0" hai0="113,105,110,24,17,72,73,87,121,71,35,114,33" hai1="58,102,59,21,124,93,40,36,94,130,42,5,118" hai2="125,28,106,111,55,44,19,34,68,49,6,56,38" hai3="92,104,109,11,25,23,54,117,9,134,26,0,16"/><T84/><D121/><U126/><E118/><V116/><F106/><W60/><G117/><T100/><D71/><U37/><E21/><V112/><F116/><W86/><G104/><T89/><D110/><U81/><E81/><V43/><F112/><W50/><G134/><T61/><D61/><U127/><E130/><V30/><F111/><W95/><G60/><T91/><D105/><U64/><E5/><V101/><F101/><W122/><G109/><T119/><D119/><U128/><E128/><V129/><F129/><W97/><G0/><T39/><D24/><U90/><E90/><V13/><F125/><W67/><G67/><T2/><D2/><U99/><E64/><V77/><F34/><W14/><G122/><T88/><D91/><U82/><E82/><V123/><F123/><W15/><G86/><T115/><D115/><U75/><E75/><V8/><F68/><W31/><G97/><T83/><D17/><U108/><E108/><V135/><F135/><W132/><G26/><T45/><D45/><U66/><E66/><V78/><REACH who="2" step="1"/><F19/><REACH who="2" ten="250,250,240,250" step="2"/><N who="3" m="8655" /><G132/><T32/><D32/><U29/><E124/><V12/><F12/><W18/><G18/><T22/><D100/><U52/><E102/><V63/><F63/><W79/><G79/><AGARI ba="0,1" hai="6,8,13,28,30,38,43,44,49,55,56,77,78,79" machi="79" ten="40,5200,0" yaku="1,1,52,1,53,1" doraHai="3" doraHaiUra="4" who="2" fromWho="3" sc="250,0,250,0,240,62,250,-52" /><INIT seed="1,0,0,4,1,4" ten="250,250,302,198" oya="1" hai0="6,34,92,0,84,124,15,90,99,121,88,118,125" hai1="49,117,41,132,52,22,47,19,122,72,94,135,134" hai2="76,21,44,119,128,81,130,7,48,96,43,50,70" hai3="54,120,97,80,75,37,26,2,45,77,82,123,20"/><U109/><E117/><V133/><F119/><W33/><G33/><T102/><D118/><U104/><E104/><V126/><F133/><W78/><G2/><T63/><D34/><U71/><E71/><V42/><F70/><W40/><G54/><T9/><D121/><U8/><E122/><V23/><F126/><N who="0" m="48746" /><D63/><U105/><E105/><V113/><F113/><W110/><G97/><T107/><D90/><U108/><E72/><V86/><F96/><W58/><G58/><T100/><D100/><U57/><E94/><V87/><F7/><W83/><G83/><T24/><D24/><N who="1" m="14431" /><E8/><V28/><F28/><W85/><REACH who="3" step="1"/><G110/><REACH who="3" ten="250,250,302,188" step="2"/><N who="1" m="42602" /><E135/><V66/><F81/><W25/><G25/><T106/><D0/><U29/><E29/><AGARI ba="0,1" hai="20,26,29,37,40,45,75,77,78,80,82,85,120,123" machi="29" ten="30,2000,0" yaku="1,1,7,1,53,0" doraHai="4" doraHaiUra="114" who="3" fromWho="1" sc="250,0,250,-20,302,0,188,30" /><INIT seed="2,0,0,1,1,43" ten="250,230,302,218" oya="2" hai0="2,39,106,23,125,75,18,17,81,93,30,62,103" hai1="69,76,37,50,126,45,112,129,98,127,27,64,123" hai2="83,85,74,25,63,49,33,55,96,5,47,21,70" hai3="19,101,94,73,52,100,57,86,134,102,79,28,71"/><V67/><F5/><W16/><G71/><T32/><D2/><U0/><E0/><V124/><F124/><N who="1" m="47657" /><E76/><V114/><F114/><W91/><G134/><T107/><D125/><U104/><E112/><V66/><F66/><W121/><G121/><T111/><D111/><U48/><E27/><V29/><F96/><W82/><REACH who="3" step="1"/><G28/><REACH who="3" ten="250,230,302,208" step="2"/><T34/><D30/><U36/><E123/><V120/><F120/><W46/><G46/><T11/><D32/><U84/><E45/><V3/><F3/><W1/><G1/><T53/><D34/><U90/><E69/><V88/><REACH who="2" step="1"/><F74/><REACH who="2" ten="250,230,292,208" step="2"/><W116/><G116/><T51/><D75/><U20/><E129/><V95/><F95/><W9/><G9/><T7/><D11/><U128/><E128/><V113/><F113/><W109/><G109/><T54/><D93/><U35/><E104/><V133/><F133/><W92/><G92/><T115/><D106/><U56/><E64/><V108/><F108/><W119/><G119/><T87/><D107/><U78/><E98/><V130/><F130/><W42/><G42/><T22/><D115/><U8/><E35/><AGARI ba="0,2" hai="21,25,29,33,35,47,49,55,63,67,70,83,85,88" machi="35" ten="40,7700,0" yaku="1,1,52,1,54,1,53,0" doraHai="43" doraHaiUra="132" who="2" fromWho="1" sc="250,0,230,-77,292,97,208,0" /><INIT seed="2,1,0,0,5,130" ten="250,153,389,208" oya="2" hai0="120,131,84,134,12,23,57,59,85,71,80,122,35" hai1="6,81,74,88,9,128,99,19,31,107,0,109,52" hai2="70,47,38,112,132,105,114,68,18,72,110,58,54" hai3="63,86,111,34,5,121,117,29,96,135,129,67,51"/><V79/><F105/><W113/><G117/><T26/><D71/><U60/><E109/><V77/><F18/><W27/><G121/><T119/><D131/><U95/><E128/><V98/><F98/><W89/><G129/><T45/><D119/><U48/><E107/><V28/><F28/><W87/><G111/><T56/><D35/><U42/><E31/><V49/><F110/><W108/><G108/><T83/><D12/><U69/><E19/><V30/><F30/><W21/><G113/><T62/><D62/><U123/><E123/><V55/><F72/><W10/><G51/><T75/><D75/><U133/><E133/><V65/><F79/><W40/><G40/><T106/><D106/><U17/><E17/><V94/><F94/><W125/><G125/><T22/><D45/><U64/><E42/><N who="2" m="22999" /><F77/><W78/><G135/><T76/><D134/><U118/><E118/><V104/><F104/><W124/><G124/><T53/><D53/><U1/><E81/><V11/><F11/><W14/><G78/><N who="0" m="46103" /><D23/><U20/><E20/><V36/><F132/><W33/><G33/><T2/><D2/><U39/><E74/><V3/><F3/><W15/><G15/><T37/><D37/><U127/><E127/><V32/><F32/><W116/><G116/><T92/><D92/><U44/><E39/><V102/><F36/><W103/><G34/><T8/><D8/><U7/><E7/><V41/><F41/><W91/><G5/><T43/><D43/><U24/><E0/><V73/><F114/><W61/><G10/><T4/><D4/><U100/><E24/><RYUUKYOKU ba="1,0" sc="250,15,153,15,389,-15,208,-15" hai0="22,26,56,57,59,76,83,85,120,122" hai1="1,6,9,44,48,52,60,64,69,88,95,99,100" /><INIT seed="3,2,0,4,2,105" ten="265,168,374,193" oya="3" hai0="15,99,103,70,16,68,84,80,53,46,2,34,45" hai1="66,78,71,135,115,37,33,8,74,36,95,7,83" hai2="69,86,102,22,75,17,42,25,108,97,51,107,54" hai3="91,88,79,90,30,101,13,72,111,116,35,73,41"/><W57/><G116/><T26/><D2/><N who="1" m="119" /><E115/><V14/><F108/><W20/><G79/><T106/><D26/><U9/><E95/><V132/><F132/><W113/><G113/><T19/><D34/><U50/><E50/><V47/><F69/><W100/><G111/><T92/><D106/><U109/><E109/><V89/><F75/><W120/><G120/><T23/><D19/><U133/><E9/><V44/><F25/><W43/><G57/><T119/><D119/><U129/><E33/><V98/><F98/><W87/><G87/><T64/><D64/><U122/><E122/><V10/><F22/><W40/><G35/><T104/><D104/><U48/><E48/><V93/><F42/><W3/><G3/><T38/><D53/><U5/><E5/><V128/><F128/><W31/><G13/><T11/><D11/><U65/><E65/><V62/><F62/><W117/><G20/><T21/><D21/><U0/><E0/><V32/><F32/><W55/><G55/><T59/><D59/><AGARI ba="2,0" hai="10,14,17,44,47,51,54,59,86,89,93,97,102,107" machi="59" ten="30,1000,0" yaku="7,1" doraHai="105" who="2" fromWho="0" sc="265,-16,168,0,374,16,193,0" /><INIT seed="4,0,0,2,0,55" ten="249,168,390,193" oya="0" hai0="87,52,105,132,89,128,76,81,127,122,104,91,118" hai1="68,3,130,112,99,0,96,84,10,88,58,29,67" hai2="1,102,94,100,41,83,31,86,48,65,21,2,42" hai3="108,121,113,50,9,6,73,116,64,114,69,111,47"/><T97/><D118/><U66/><E68/><V18/><F31/><W80/><G73/><T129/><D122/><U134/><E130/><N who="0" m="50281" /><D127/><U49/><E134/><V8/><F8/><W133/><G80/><T120/><D120/><U74/><E74/><V119/><F119/><W71/><G121/><T5/><D5/><U70/><E70/><N who="3" m="26634" /><G64/><T59/><D132/><U36/><E36/><V19/><F65/><W53/><G116/><T72/><D97/><U62/><E112/><N who="3" m="43114" /><G133/><T63/><D91/><U77/><E67/><V17/><F83/><AGARI ba="0,0" hai="52,59,63,72,76,81,83,87,89,104,105" m="50281" machi="83" ten="30,5800,0" yaku="19,1,52,1,54,1" doraHai="55" who="0" fromWho="2" sc="249,58,168,0,390,-58,193,0" /><INIT seed="4,1,0,4,2,20" ten="307,168,332,193" oya="0" hai0="80,13,68,91,14,39,56,130,57,127,119,107,6" hai1="49,73,83,54,92,85,37,9,110,34,8,62,124" hai2="28,118,75,114,53,101,64,115,5,7,129,60,90" hai3="88,58,96,77,42,126,103,97,63,95,112,123,78"/><T33/><D119/><U21/><E110/><V79/><F129/><W51/><G112/><T27/><D68/><U15/><E34/><V87/><F118/><W69/><G126/><T106/><D39/><U111/><E111/><V11/><F7/><W70/><G123/><T1/><D127/><U135/><E124/><V102/><F53/><W67/><G70/><T100/><D1/><U122/><E122/><V93/><F114/><W99/><G69/><T108/><D130/><U120/><E120/><V46/><F46/><N who="3" m="26071" /><G103/><T4/><D100/><U16/><E37/><V47/><F47/><W113/><G113/><T86/><D108/><U134/><E62/><V55/><F55/><W2/><G2/><T22/><D33/><U82/><E73/><V19/><F115/><W84/><AGARI ba="1,0" hai="58,63,67,77,78,84,88,95,96,97,99" m="26071" machi="84" ten="30,2000,0" yaku="8,1,54,1" doraHai="20" who="3" fromWho="3" sc="307,-11,168,-6,332,-6,193,23" /><INIT seed="5,0,0,4,4,61" ten="296,162,326,216" oya="1" hai0="84,29,17,81,95,38,0,87,12,42,107,41,78" hai1="82,43,106,122,47,63,2,75,58,103,20,49,7" hai2="33,44,51,36,118,89,64,92,13,130,99,113,93" hai3="66,10,46,98,37,124,72,77,18,21,128,76,104"/><U60/><E122/><V121/><F118/><W100/><G124/><T80/><D107/><U110/><E110/><V115/><F121/><W88/><G128/><T135/><D0/><U31/><E2/><V71/><F33/><W39/><G10/><T120/><D135/><U4/><E106/><V126/><F36/><W127/><G127/><T94/><D29/><U27/><E103/><V112/><F126/><W116/><G116/><T86/><D120/><U125/><E125/><V30/><F30/><W56/><G72/><T50/><D38/><U96/><E96/><V111/><F111/><W32/><G32/><T67/><D67/><U34/><E34/><V65/><F71/><W114/><G114/><T97/><D50/><U11/><E11/><V109/><F109/><W19/><G19/><T1/><D1/><U131/><E131/><V108/><F108/><W8/><G8/><N who="0" m="6279" /><D87/><U26/><E26/><V59/><F59/><W68/><G68/><T55/><D55/><U3/><E3/><V102/><F13/><W53/><G66/><T35/><D35/><U129/><E129/><V48/><F48/><W73/><G73/><T79/><D95/><U105/><E105/><V91/><F130/><W132/><G132/><T5/><D5/><N who="1" m="2123" /><E58/><V9/><F9/><W57/><G57/><T54/><D54/><U123/><E123/><V117/><F117/><W14/><G39/><T70/><D70/><U83/><E75/><V90/><F93/><N who="3" m="56615" /><G37/><T85/><D85/><U62/><AGARI ba="0,0" hai="20,27,31,43,47,49,60,62,63,82,83" m="2123" machi="62" ten="30,1500,0" yaku="8,1" doraHai="61" who="1" fromWho="1" sc="296,-5,162,15,326,-5,216,-5" /><INIT seed="5,1,0,0,5,94" ten="291,177,321,211" oya="1" hai0="39,99,70,79,65,84,59,48,76,77,122,8,40" hai1="33,119,134,82,117,47,87,32,132,97,120,10,6" hai2="16,23,121,17,129,112,127,71,57,20,37,98,105" hai3="61,41,83,135,96,30,80,4,31,58,68,50,72"/><U11/><E120/><V115/><F121/><W81/><G72/><T113/><D122/><U26/><E47/><V130/><F71/><W35/><G135/><N who="1" m="51754" /><E97/><V69/><F69/><W102/><G4/><T73/><D113/><N who="2" m="43594" /><F37/><W116/><G35/><N who="1" m="13386" /><E87/><V107/><F127/><W21/><G21/><N who="2" m="8265" /><F57/><W38/><G38/><T125/><D39/><U54/><E82/><V110/><F110/><W22/><G22/><T86/><D59/><U108/><E54/><V106/><F98/><W88/><G116/><N who="1" m="44618" /><E26/><V90/><F90/><W89/><G68/><T101/><D70/><U60/><E60/><V9/><F9/><N who="1" m="3081" /><E6/><V131/><AGARI ba="1,0" hai="16,17,105,106,107,129,130,131" m="8265,43594" machi="131" ten="50,12000,2" yaku="28,2,19,1,15,1,11,1,54,1" doraHai="94" who="2" fromWho="2" sc="291,-31,177,-61,321,123,211,-31" /><INIT seed="6,0,0,1,3,47" ten="260,116,444,180" oya="2" hai0="134,103,133,127,55,40,46,54,32,85,86,115,101" hai1="57,19,11,93,37,26,90,16,4,110,107,104,99" hai2="59,41,105,1,74,108,124,5,35,2,48,113,84" hai3="117,75,118,3,7,50,9,27,109,29,68,102,95"/><V30/><F74/><W78/><G109/><T106/><D32/><U31/><E37/><V0/><F105/><W100/><G68/><T23/><D115/><U34/><E110/><V49/><F108/><W132/><G132/><N who="0" m="50795" /><D127/><U56/><E107/><V21/><F35/><W36/><G36/><N who="0" m="21767" /><D23/><U18/><REACH who="1" step="1"/><E104/><REACH who="1" ten="260,106,444,180" step="2"/><V79/><F113/><W25/><G117/><T65/><D106/><U114/><E114/><V22/><F124/><W72/><G118/><T97/><D103/><U89/><E89/><V135/><F135/><W58/><G100/><T8/><D101/><U116/><E116/><V53/><F30/><W12/><G29/><T63/><D97/><U67/><E67/><V98/><F98/><W39/><G39/><T80/><D65/><U52/><E52/><V60/><F41/><W69/><G102/><T121/><D55/><U131/><E131/><V15/><F79/><W112/><G78/><T92/><D54/><U6/><E6/><V71/><F5/><W123/><G112/><T38/><D38/><U61/><E61/><V122/><F60/><W128/><G128/><T44/><D63/><U20/><E20/><V14/><F22/><W51/><G7/><T87/><D8/><U82/><E82/><V120/><F21/><W129/><G9/><T45/><D80/><U76/><E76/><V77/><F77/><W24/><G129/><T91/><D121/><U62/><E62/><V83/><F122/><W13/><G123/><T88/><D92/><U73/><E73/><V81/><F120/><W33/><G95/><N who="0" m="54671" /><D91/><U125/><E125/><V119/><F119/><RYUUKYOKU ba="0,1" sc="260,15,106,15,444,-15,180,-15" hai0="44,45,86,87" hai1="4,11,16,18,19,26,31,34,56,57,90,93,99" /><INIT seed="7,1,1,5,5,102" ten="275,121,429,165" oya="3" hai0="14,132,61,95,64,51,74,121,29,126,68,127,11" hai1="19,84,21,69,122,24,49,39,31,108,16,27,43" hai2="18,32,128,103,83,66,92,7,40,80,15,116,52" hai3="96,35,30,2,111,65,86,131,78,91,5,100,81"/><W22/><G131/><T45/><D121/><U56/><E122/><V38/><F32/><W62/><G111/><T44/><D74/><U46/><E108/><V1/><F116/><W26/><G2/><T33/><D132/><U98/><E69/><V60/><F7/><W12/><G5/><T47/><D95/><U79/><E39/><V97/><F1/><W67/><G12/><T58/><D29/><U73/><E73/><V0/><F0/><W104/><G22/><T93/><D93/><U57/><E98/><V113/><F113/><W53/><G53/><N who="0" m="32063" /><D33/><U125/><E125/><N who="0" m="47625" /><D47/><U10/><E10/><V94/><F94/><W13/><G13/><T9/><D9/><U25/><E25/><V48/><F40/><W129/><G129/><T42/><D42/><U133/><E133/><V117/><F38/><W88/><G67/><T130/><D130/><U105/><E105/><V17/><F117/><W115/><G115/><T82/><D82/><N who="1" m="47199" /><E27/><V101/><F128/><W118/><G118/><T63/><D63/><U72/><E72/><V114/><F114/><W123/><G123/><T75/><D75/><U37/><E37/><V34/><F34/><W3/><G3/><T77/><D77/><U6/><E6/><AGARI ba="1,1" hai="6,11,14,44,45,61,64,68" m="47625,32063" machi="6" ten="30,1000,0" yaku="18,1" doraHai="102" who="0" fromWho="1" sc="275,23,121,-13,429,0,165,0" owari="298,9.8,108,-39.2,429,52.9,165,-23.5" /></mjloggm>