<mjloggm ver="2.3"><GO type="169" lobby="0"/><UN n0="%E8%B5%A4%E5%9B%A3%E8%8A%B1%E9%96%8B" n1="%E8%B6%85%E7%B5%B6%E5%82%99%E9%95%B7%E7%82%AD" n2="%65%6B%61%72%75%74%65" n3="%E5%A4%A9%E5%87%B0%E3%81%82%E3%82%8A%E3%81%8C%E3%81%A8%E3%81%86" dan="17,17,16,16" rate="2188.25,2080.42,2104.29,2115.45" sx="M,M,M,M"/><TAIKYOKU oya="0"/><INIT seed="0,0,0,4,3,23" ten="250,250,250,250" oya="0" hai0="7,108,59,81,4,55,86,30,63,56,58,66,76" hai1="46,37,22,126,38,39,128,131,104,116,87,42,25" hai2="29,75,15,10,83,96,129,28,93,135,60,73,85" hai3="117,122,33,40,99,109,18,111,1,17,0,16,82"/><T102/><D108/><N who="3" m="41545" /><G40/><T92/><D30/><N who="1" m="17719" /><E104/><V47/><F129/><N who="1" m="49737" /><E116/><V134/><F60/><W130/><G117/><T43/><D43/><U8/><E126/><V110/><F47/><W89/><G130/><T36/><D36/><U106/><E106/><V113/><F85/><N who="3" m="50359" /><G122/><T94/><D58/><U67/><E67/><V107/><F107/><W105/><G33/><T9/><D102/><AGARI ba="0,0" hai="0,1,16,17,18,99,102,105" m="50359,41545" machi="102" ten="30,2000,0" yaku="14,1,54,1" doraHai="23" who="3" fromWho="0" sc="250,-20,250,0,250,0,250,20" /><INIT seed="1,0,0,5,2,122" ten="230,250,250,270" oya="1" hai0="44,43,76,54,30,93,105,86,82,109,45,13,65" hai1="85,123,113,56,68,124,108,33,15,1,127,42,38" hai2="36,27,130,121,19,61,50,134,88,110,104,14,115" hai3="70,22,98,73,18,69,125,6,21,0,58,135,87"/><U37/><E68/><V101/><F121/><W49/><G73/><T55/><D105/><U2/><E123/><V25/><F36/><N who="1" m="13929" /><E42/><V129/><F104/><W5/><G98/><T97/><D65/><U99/><E33/><V128/><F101/><W89/><G135/><T78/><D78/><U41/><E41/><V31/><F134/><W52/><G125/><N who="1" m="48202" /><E113/><V83/><F115/><W79/><G79/><T84/><D43/><U23/><E99/><V67/><F50/><W117/><G21/><T114/><D97/><U20/><E85/><N who="2" m="50239" /><F31/><W126/><G117/><T91/><D30/><U81/><E81/><V8/><F110/><W71/><G0/><N who="1" m="106" /><E108/><V62/><F62/><W111/><G111/><T131/><D109/><U132/><E132/><V116/><F116/><W80/><REACH who="3" step="1"/><G126/><REACH who="3" ten="230,250,250,260" step="2"/><T24/><D114/><U7/><E23/><V12/><F14/><AGARI ba="0,1" hai="5,6,14,18,22,49,52,58,69,70,71,80,87,89" machi="14" ten="40,8000,1" yaku="1,1,2,1,54,1,53,1" doraHai="122" doraHaiUra="11" who="3" fromWho="2" sc="230,0,250,0,250,-80,260,90" /><INIT seed="2,0,0,2,0,86" ten="230,250,170,350" oya="2" hai0="96,125,103,98,43,38,73,7,26,74,76,104,67" hai1="22,134,10,91,101,113,54,39,105,121,84,5,50" hai2="20,108,21,94,51,30,77,23,117,68,53,122,63" hai3="120,62,61,32,55,100,1,18,135,109,59,92,15"/><V36/><F117/><W112/><G120/><T79/><D7/><U70/><E39/><V41/><F122/><W6/><G109/><T24/><D67/><U13/><E121/><V45/><F108/><W110/><G110/><T58/><D58/><U85/><E70/><V44/><F77/><W35/><G135/><T65/><D65/><U123/><E123/><V49/><F36/><W3/><G112/><T88/><D38/><U47/><E85/><V0/><F0/><W82/><G82/><T12/><D12/><U87/><E84/><V2/><F2/><W126/><G126/><T93/><D43/><U133/><E113/><V64/><REACH who="2" step="1"/><F94/><REACH who="2" ten="230,250,160,350" step="2"/><W95/><G95/><T52/><D79/><U97/><E133/><V128/><F128/><W114/><G92/><T56/><D125/><U4/><E134/><V19/><F19/><W66/><G1/><T37/><D37/><U90/><E5/><V119/><F119/><W131/><G3/><T118/><D118/><U14/><E87/><V27/><AGARI ba="0,1" hai="20,21,23,27,30,41,44,45,49,51,53,63,64,68" machi="27" ten="30,12000,1" yaku="1,1,0,1,53,3" doraHai="86" doraHaiUra="16" who="2" fromWho="2" sc="230,-40,250,-40,160,130,350,-40" /><INIT seed="2,1,0,0,1,64" ten="190,210,290,310" oya="2" hai0="114,62,30,41,44,49,6,93,112,59,68,81,123" hai1="18,7,70,83,79,111,63,61,110,43,92,60,98" hai2="96,107,71,129,53,40,102,86,55,42,52,15,91" hai3="22,99,103,88,13,130,74,11,35,47,73,89,36"/><V118/><F118/><W84/><G35/><T94/><D123/><U67/><E7/><V0/><F0/><W82/><G130/><T21/><D6/><U75/><E18/><V97/><F129/><W117/><G117/><T8/><D8/><U4/><E43/><V101/><F71/><W45/><G89/><T121/><D121/><U28/><E28/><V3/><F3/><W87/><G87/><T66/><D81/><U46/><E46/><V39/><F15/><W26/><G74/><T27/><REACH who="0" step="1"/><D59/><REACH who="0" ten="180,210,290,310" step="2"/><U37/><E4/><V51/><F39/><W31/><G36/><T80/><D80/><U135/><E37/><V57/><F57/><W131/><G131/><T32/><D32/><U125/><E125/><V2/><F2/><W85/><G73/><T56/><D56/><U17/><E135/><V100/><F51/><W76/><G11/><T12/><D12/><U90/><E110/><V113/><F113/><AGARI ba="1,1" hai="21,27,30,41,44,49,62,66,68,93,94,112,113,114" machi="113" ten="40,2600,0" yaku="1,1,52,1,53,0" doraHai="64" doraHaiUra="34" who="0" fromWho="2" sc="180,39,210,0,290,-29,310,0" /><INIT seed="3,0,0,0,1,50" ten="219,210,261,310" oya="3" hai0="24,99,111,4,51,37,87,31,15,1,80,134,130" hai1="8,25,3,95,22,16,92,60,121,45,67,36,48" hai2="74,104,93,88,34,47,85,101,10,114,125,54,126" hai3="127,91,63,35,33,5,82,7,6,26,66,61,13"/><W69/><G127/><N who="2" m="48649" /><F114/><W0/><G0/><T42/><D37/><U79/><E36/><V98/><F34/><W38/><G38/><T76/><D1/><U90/><E79/><V64/><F74/><W122/><G122/><T72/><D111/><U135/><E121/><V103/><F64/><W124/><G124/><T18/><D130/><U17/><E135/><V23/><F10/><W59/><G13/><T11/><D134/><U2/><E17/><V84/><F23/><W81/><G91/><T19/><D99/><U62/><E95/><V49/><F103/><W14/><G14/><T70/><D70/><U29/><E29/><V94/><F85/><W112/><G112/><T110/><D72/><U131/><E131/><V106/><AGARI ba="0,0" hai="47,49,54,84,88,93,94,98,101,104,106" m="48649" machi="106" ten="30,4000,0" yaku="18,1,52,1,54,1" doraHai="50" who="2" fromWho="2" sc="219,-10,210,-10,261,40,310,-20" /><INIT seed="4,0,0,1,4,12" ten="209,200,301,290" oya="0" hai0="61,93,52,28,22,37,117,25,6,79,19,31,113" hai1="9,0,96,123,57,98,125,66,72,38,133,30,121" hai2="88,124,27,2,78,92,21,24,97,105,26,116,16" hai3="81,36,67,74,20,47,8,55,50,77,59,109,65"/><T45/><D117/><U134/><E72/><V51/><F2/><W114/><G114/><T118/><D118/><U40/><E30/><V112/><F116/><W131/><G131/><T107/><D107/><U56/><E125/><V63/><F112/><W83/><G109/><T58/><D113/><U132/><E40/><V11/><F124/><W70/><G70/><T60/><D79/><U82/><E82/><V41/><F105/><W85/><G8/><T104/><D104/><U101/><E38/><V94/><F78/><W5/><G5/><T84/><D6/><N who="1" m="1223" /><E66/><V3/><F63/><W64/><G20/><T17/><D61/><U102/><E98/><N who="2" m="57607" /><F11/><W106/><G106/><T18/><D37/><U53/><E96/><V91/><F3/><W75/><G83/><T7/><D7/><U76/><E57/><V14/><F27/><W110/><G110/><T95/><D45/><AGARI ba="0,0" hai="14,16,21,24,26,41,45,51,91,94,97" m="57607" machi="45" ten="30,7700,0" yaku="8,1,52,1,54,2" doraHai="12" who="2" fromWho="0" sc="209,-77,200,0,301,77,290,0" /><INIT seed="5,0,0,5,4,35" ten="132,200,378,290" oya="1" hai0="124,118,82,63,45,92,99,100,25,104,132,44,84" hai1="123,16,121,70,11,46,24,69,133,65,19,48,95" hai2="15,126,0,83,18,21,111,87,77,43,94,115,106" hai3="51,58,7,114,130,37,59,97,38,71,72,17,96"/><U75/><E75/><V85/><F111/><W119/><G71/><T27/><D118/><U120/><E133/><V98/><F0/><W79/><G119/><T42/><D132/><U28/><E95/><V91/><F126/><W26/><G114/><T76/><D124/><U93/><E93/><V54/><F115/><W108/><G79/><T101/><D63/><U103/><E103/><V78/><F43/><W117/><G72/><T62/><D62/><U105/><E105/><V50/><F106/><W112/><G26/><T14/><D45/><U10/><E10/><V52/><F50/><W34/><G34/><T135/><D135/><U81/><E81/><AGARI ba="0,0" hai="15,18,21,52,54,77,78,81,83,85,87,91,94,98" machi="81" ten="40,5200,0" yaku="9,1,8,1,54,1" doraHai="35" who="2" fromWho="1" sc="132,0,200,-52,378,52,290,0" /><INIT seed="6,0,0,2,3,49" ten="132,148,430,290" oya="2" hai0="12,4,9,0,82,40,45,129,83,7,81,112,65" hai1="59,28,20,5,11,87,122,53,130,2,46,75,72" hai2="61,131,70,18,48,43,101,64,63,89,67,77,109" hai3="118,16,37,26,6,10,103,78,79,95,55,33,108"/><V15/><F131/><W35/><G108/><T27/><D112/><U117/><E117/><V51/><F109/><W8/><G37/><T1/><D129/><U121/><E46/><V60/><F101/><W25/><G118/><T99/><D65/><U113/><E113/><V126/><F126/><W74/><G74/><T90/><D27/><N who="1" m="16487" /><E87/><V36/><F77/><W44/><G33/><T91/><D99/><U21/><E21/><V86/><F36/><W116/><G116/><T13/><D91/><U47/><E47/><V98/><F98/><N who="3" m="59871" /><G35/><T17/><D90/><U29/><E29/><V115/><F115/><W39/><G39/><T32/><D32/><U85/><E85/><V31/><F31/><W94/><G94/><T19/><D1/><U102/><E102/><V80/><F43/><W73/><G73/><T96/><D96/><U38/><E38/><V23/><REACH who="2" step="1"/><F63/><REACH who="2" ten="132,148,420,290" step="2"/><W41/><G41/><T84/><D84/><U92/><E130/><V30/><F30/><W134/><G78/><T100/><D100/><U69/><E75/><V50/><F50/><W110/><G79/><T106/><D106/><U119/><E72/><V58/><AGARI ba="0,1" hai="15,18,23,48,51,58,60,61,64,67,70,80,86,89" machi="58" ten="20,3900,0" yaku="1,1,0,1,7,1,53,0" doraHai="49" doraHaiUra="125" who="2" fromWho="2" sc="132,-13,148,-13,420,49,290,-13" /><INIT seed="6,1,0,1,0,3" ten="119,135,469,277" oya="2" hai0="95,15,112,69,79,51,22,37,25,109,17,28,41" hai1="62,50,1,130,4,133,55,57,121,21,122,19,45" hai2="38,92,75,106,82,18,74,80,105,16,113,94,36" hai3="27,63,72,5,6,120,23,52,78,39,46,60,123"/><V93/><REACH who="2" step="1"/><F92/><REACH who="2" ten="119,135,459,277" step="2"/><W48/><G123/><T114/><D95/><U83/><E122/><V125/><F125/><W99/><G120/><T66/><D114/><AGARI ba="1,1" hai="16,18,36,38,74,75,80,82,93,94,105,106,113,114" machi="114" ten="25,12000,1" yaku="21,2,22,2,54,1,53,0" doraHai="3" doraHaiUra="42" who="2" fromWho="0" sc="119,-123,135,0,459,133,277,0" owari="-4,-50.4,135,-26.5,592,69.2,277,7.7" /></mjloggm>