<mjloggm ver="2.3"><GO type="169" lobby="0"/><UN n0="%E3%81%8D%E3%82%83%E3%82%82%E3%82%93%E3%81%AC" n1="%E6%98%9F%E7%A9%BA%E3%81%AE%E3%83%A1%E3%83%A2%E3%83%AA%E3%82%A2" n2="%74%6B%34%32" n3="%E3%81%9F%E3%81%8C%E3%82%84%E3%81%99" dan="16,16,16,16" rate="2126.34,2076.06,2097.74,2176.12" sx="M,F,M,M"/><TAIKYOKU oya="0"/><INIT seed="0,0,0,4,0,121" ten="250,250,250,250" oya="0" hai0="45,34,110,103,117,94,120,43,21,22,60,49,67" hai1="6,61,39,125,30,11,75,81,50,41,33,57,66" hai2="36,24,105,130,28,113,54,85,40,73,88,126,92" hai3="86,62,20,77,76,96,68,58,129,134,29,118,48"/><T72/><D120/><U132/><E132/><V47/><F113/><W32/><G32/><T128/><D117/><U13/><E125/><V26/><F126/><W59/><G68/><T116/><D116/><U53/><E33/><V133/><F133/><W65/><G134/><T64/><D34/><U5/><E30/><V124/><F124/><W25/><G118/><T4/><D128/><U8/><E75/><V99/><F130/><W46/><G129/><T15/><D72/><U101/><E101/><V90/><F73/><W70/><G70/><T63/><D110/><U38/><E81/><V97/><F105/><W102/><G59/><T44/><D44/><U115/><E41/><V114/><F114/><W135/><G86/><T16/><D4/><U55/><E55/><V37/><F37/><W131/><G135/><T7/><D7/><U74/><E74/><V71/><F71/><W42/><REACH who="3" step="1"/><G131/><REACH who="3" ten="250,250,250,240" step="2"/><T17/><D67/><U84/><E84/><V87/><F54/><W14/><G14/><N who="0" m="9399" /><D64/><U51/><E115/><V106/><F106/><AGARI ba="0,1" hai="20,25,29,42,46,48,58,62,65,76,77,96,102,106" machi="106" ten="30,3900,0" yaku="1,1,7,1,53,1" doraHai="121" doraHaiUra="100" who="3" fromWho="2" sc="250,0,250,0,250,-39,240,49" /><INIT seed="1,0,0,0,3,100" ten="250,250,211,289" oya="1" hai0="97,129,89,120,123,87,13,58,39,3,93,77,59" hai1="64,52,15,98,94,10,115,25,91,124,60,95,114" hai2="122,105,22,72,119,20,71,73,9,66,49,62,35" hai3="17,0,47,130,41,42,19,92,96,83,14,82,61"/><U18/><E124/><V65/><F119/><W69/><G0/><T40/><D3/><U67/><E25/><V101/><F122/><N who="0" m="46634" /><D129/><U45/><E95/><V126/><F126/><W6/><G6/><T78/><D39/><U24/><E24/><V108/><F108/><W134/><G17/><T118/><D40/><U132/><E132/><V104/><F35/><W31/><G31/><T51/><D118/><U127/><E127/><V125/><F125/><W29/><G29/><T43/><D13/><U37/><E37/><V38/><F38/><W84/><G130/><T99/><D59/><U16/><E18/><V88/><F9/><W107/><G134/><T112/><D112/><U8/><E8/><V27/><F49/><W70/><G42/><T102/><D99/><U1/><E1/><V7/><F7/><W57/><G69/><T76/><D58/><U128/><E128/><V5/><F5/><W85/><G70/><T110/><D51/><N who="1" m="28783" /><E115/><V32/><F66/><N who="1" m="25129" /><E114/><V30/><F88/><W36/><G36/><T48/><D48/><U113/><E113/><V11/><F11/><W2/><G2/><T79/><D43/><U21/><E10/><V86/><F86/><W74/><G85/><T12/><D12/><U26/><E15/><V133/><F133/><W23/><G14/><T103/><D110/><U121/><E121/><V135/><F135/><W63/><G41/><T44/><D44/><U46/><E46/><V33/><F33/><W131/><G47/><T28/><D28/><U4/><E4/><V90/><F71/><W106/><G131/><T50/><D50/><RYUUKYOKU ba="0,0" sc="250,15,250,15,211,-15,289,-15" hai0="76,77,78,79,87,89,93,97,102,103" hai1="16,21,26,60,91,94,98" /><INIT seed="1,1,0,5,3,44" ten="265,265,196,274" oya="1" hai0="8,59,62,69,135,93,72,91,29,120,119,14,108" hai1="90,68,65,49,48,9,98,131,54,11,74,76,67" hai2="106,92,81,47,57,41,3,121,132,89,85,122,82" hai3="70,40,0,123,96,32,125,126,100,110,50,37,16"/><U51/><E131/><V28/><F132/><W56/><G32/><T77/><D119/><U60/><E67/><V88/><F3/><W79/><G0/><T25/><D135/><U22/><E54/><V128/><F128/><W73/><G70/><T94/><D69/><U101/><E90/><V61/><F106/><W114/><G37/><T31/><D108/><U4/><E22/><V113/><F28/><W78/><G123/><T133/><D133/><U129/><E129/><V36/><F113/><W102/><G114/><T2/><D2/><U64/><E64/><V86/><REACH who="2" step="1"/><F92/><REACH who="2" ten="265,265,186,274" step="2"/><W7/><G126/><T55/><D94/><U109/><E109/><V38/><F38/><W18/><G125/><T105/><D105/><U35/><E35/><V34/><F34/><W84/><G110/><T130/><D130/><U17/><E4/><V112/><F112/><W52/><G7/><T75/><D29/><U111/><E111/><V13/><F13/><W5/><G5/><T24/><D31/><U118/><E118/><V20/><F20/><W103/><G18/><T33/><D33/><U107/><REACH who="1" step="1"/><E17/><REACH who="1" ten="265,255,186,274" step="2"/><V6/><F6/><W134/><G16/><T46/><D120/><U104/><E104/><V116/><F116/><W39/><G134/><T58/><D14/><U19/><E19/><V42/><F42/><W80/><G40/><T10/><D10/><U124/><E124/><V117/><F117/><W23/><G23/><T83/><D8/><U63/><E63/><V30/><F30/><W26/><G26/><N who="0" m="10347" /><D62/><U12/><E12/><V21/><F21/><W87/><G103/><RYUUKYOKU ba="1,2" sc="265,-15,255,15,186,15,274,-15" hai1="9,11,48,49,51,60,65,68,74,76,98,101,107" hai2="36,41,47,57,61,81,82,85,86,88,89,121,122" /><INIT seed="1,2,2,1,3,101" ten="250,270,201,259" oya="1" hai0="26,69,35,105,76,83,94,117,103,95,13,16,129" hai1="52,29,24,104,65,82,22,74,18,6,93,80,70" hai2="107,10,19,127,112,4,92,2,62,34,121,54,48" hai3="134,84,38,55,89,61,53,8,49,131,109,90,56"/><U39/><E39/><V135/><F121/><W41/><G38/><T30/><D117/><U111/><E6/><V25/><F107/><W132/><G41/><T106/><D129/><U67/><E104/><V124/><F135/><N who="3" m="51755" /><G131/><T9/><D69/><U11/><E111/><V96/><F62/><W32/><G32/><T114/><D114/><U31/><E70/><V110/><F110/><W45/><G109/><T12/><D95/><U59/><E93/><V100/><F112/><W72/><G72/><T21/><D94/><U58/><E74/><V3/><F3/><W36/><G36/><T79/><D79/><U81/><E59/><V40/><F40/><W122/><G122/><T85/><D103/><U120/><E120/><V75/><F75/><W91/><G8/><T87/><D85/><AGARI ba="2,2" hai="45,49,53,55,56,61,84,85,89,90,91" m="51755" machi="85" ten="30,1000,0" yaku="20,1" doraHai="101" who="3" fromWho="0" sc="250,-16,270,0,201,0,259,36" /><INIT seed="2,0,0,3,3,85" ten="234,270,201,295" oya="2" hai0="38,101,43,64,70,135,89,8,39,54,5,1,33" hai1="128,79,23,131,10,36,123,31,96,65,133,0,83" hai2="27,53,55,26,82,118,75,3,93,42,120,113,130" hai3="11,91,112,127,69,104,78,84,81,86,13,37,21"/><V99/><F113/><W97/><G37/><T46/><D135/><U17/><E123/><V52/><F118/><W76/><G69/><T61/><D39/><U116/><E133/><V51/><F120/><W121/><G121/><T18/><D33/><U107/><E116/><V122/><F122/><W71/><G71/><T62/><D101/><U6/><E65/><V30/><F3/><W68/><G68/><T74/><D74/><U66/><E66/><V103/><F130/><W56/><G127/><T22/><D89/><U50/><E36/><V58/><F42/><W129/><G21/><T80/><D80/><U119/><E119/><V14/><F14/><W40/><G40/><T115/><D115/><U44/><E31/><V72/><F27/><W124/><G124/><T108/><D108/><U109/><E109/><V41/><F41/><W100/><G129/><T102/><D102/><U126/><E96/><V63/><F82/><W125/><G125/><T60/><D54/><N who="1" m="30023" /><E107/><V132/><F132/><W25/><G25/><AGARI ba="0,0" hai="1,5,8,18,22,25,38,43,46,60,61,62,64,70" machi="25" ten="30,1000,0" yaku="7,1" doraHai="85" who="0" fromWho="3" sc="234,10,270,0,201,0,295,-10" /><INIT seed="3,0,0,1,5,75" ten="244,270,201,285" oya="3" hai0="1,4,24,16,56,73,83,84,115,113,30,42,10" hai1="45,52,102,17,134,26,12,72,32,111,119,112,80" hai2="43,44,6,130,57,66,62,131,86,133,107,33,89" hai3="68,48,54,3,132,105,61,103,9,34,59,74,88"/><W21/><G34/><T77/><D42/><U38/><E112/><N who="0" m="43081" /><D56/><U58/><E111/><V97/><F33/><W67/><G132/><T18/><D73/><U118/><E102/><V96/><F6/><W64/><G74/><T120/><D120/><U108/><E108/><V65/><F65/><W129/><G129/><N who="2" m="49161" /><F107/><W15/><G3/><T92/><D92/><U14/><E134/><V25/><F25/><W31/><G67/><T126/><D126/><U87/><E72/><V100/><F100/><W8/><G105/><T91/><D91/><U121/><E121/><V135/><F135/><W51/><G103/><T13/><D1/><U41/><E26/><V55/><F66/><W60/><G31/><T49/><D49/><N who="1" m="30991" /><BYE who="3" /><E17/><V98/><F133/><W76/><G76/><T101/><D101/><U11/><E11/><UN n3="%E3%81%9F%E3%81%8C%E3%82%84%E3%81%99" /><V106/><F106/><W47/><G61/><T2/><D2/><U127/><E32/><AGARI ba="0,0" hai="4,10,13,16,18,24,30,32,77,83,84" m="43081" machi="32" ten="30,3900,0" yaku="11,1,52,1,54,1" doraHai="75" who="0" fromWho="1" sc="244,39,270,-39,201,0,285,0" /><INIT seed="4,0,0,0,4,106" ten="283,231,201,285" oya="0" hai0="22,131,26,1,31,52,4,56,128,83,43,65,112" hai1="58,117,119,102,37,15,130,39,13,85,30,75,12" hai2="103,77,121,57,96,82,60,127,86,8,115,54,87" hai3="109,97,20,104,23,134,50,81,99,36,100,110,16"/><T70/><D112/><U78/><E85/><V92/><F115/><W124/><G36/><T105/><D105/><U76/><E102/><V38/><F121/><W114/><G114/><T6/><D43/><U27/><E130/><N who="0" m="49705" /><D1/><U63/><E39/><V48/><F127/><W41/><G134/><T123/><D123/><U24/><E37/><V59/><F38/><W116/><G116/><T72/><D65/><U14/><E14/><V101/><F8/><W44/><G124/><T122/><D70/><U107/><E107/><V132/><F132/><W32/><G32/><T73/><D122/><U18/><E18/><V95/><F86/><W135/><G135/><T88/><D88/><U93/><E93/><V68/><F68/><W125/><G125/><T17/><D17/><U108/><E108/><V42/><F42/><W55/><G99/><T98/><D98/><U40/><E40/><V67/><REACH who="2" step="1"/><F95/><REACH who="2" ten="283,231,191,285" step="2"/><W133/><G133/><T35/><D35/><U53/><E119/><V69/><F69/><W46/><G110/><T89/><D6/><U33/><E117/><V47/><F47/><W61/><G109/><T118/><D4/><U19/><E75/><V51/><F51/><W11/><G46/><T25/><D118/><U0/><E0/><V28/><F28/><W9/><G9/><T91/><D26/><U74/><E74/><N who="0" m="28777" /><D83/><U126/><E126/><V84/><F84/><W7/><G81/><T29/><D29/><U66/><E24/><V2/><F2/><N who="3" m="503" /><G16/><T113/><D113/><U34/><E19/><V90/><AGARI ba="0,1" hai="48,54,57,59,60,67,77,82,87,90,92,96,101,103" machi="90" ten="20,5200,0" yaku="1,1,0,1,7,1,8,1,53,0" doraHai="106" doraHaiUra="5" who="2" fromWho="2" sc="283,-26,231,-13,191,62,285,-13" /><INIT seed="5,0,0,0,5,22" ten="257,218,253,272" oya="1" hai0="45,10,121,37,123,92,26,100,29,5,115,114,40" hai1="103,19,99,112,76,16,63,59,42,7,18,31,89" hai2="130,102,0,55,56,35,61,67,13,113,9,15,64" hai3="129,12,124,39,81,122,131,27,93,34,73,79,41"/><U49/><E112/><N who="0" m="43049" /><D92/><U48/><E76/><V125/><F130/><N who="3" m="49675" /><G93/><T77/><D77/><U43/><E7/><V95/><F125/><W44/><G122/><N who="0" m="46603" /><D100/><U66/><E89/><V38/><F38/><W116/><G116/><T94/><D94/><N who="1" m="58871" /><E31/><V90/><F35/><W62/><G62/><T88/><D88/><U53/><E49/><V133/><F133/><W14/><G124/><T69/><D69/><U1/><E1/><V98/><F0/><W105/><G105/><T24/><D29/><AGARI ba="0,0" hai="12,14,27,29,34,39,41,44,73,79,81" m="49675" machi="29" ten="30,2000,0" yaku="19,1,52,1" doraHai="22" who="3" fromWho="0" sc="257,-20,218,0,253,0,272,20" /><INIT seed="6,0,0,4,3,118" ten="237,218,253,292" oya="2" hai0="47,99,53,57,126,36,64,80,44,76,30,100,119" hai1="116,51,39,94,114,85,65,127,74,1,34,3,90" hai2="101,87,20,24,89,32,93,92,37,9,40,50,134" hai3="135,41,115,98,54,5,88,26,70,52,128,63,77"/><V46/><F134/><W107/><G77/><T78/><D126/><U48/><E116/><V56/><F32/><W61/><G41/><T125/><D125/><U11/><E127/><V55/><F9/><W15/><G135/><T96/><D119/><U68/><E114/><V6/><F6/><W110/><G110/><T132/><D132/><U33/><E74/><V83/><REACH who="2" step="1"/><F101/><REACH who="2" ten="237,218,243,292" step="2"/><W42/><G5/><T112/><D112/><U113/><E113/><V129/><F129/><W105/><G128/><T130/><D130/><U97/><E33/><V123/><F123/><W131/><G131/><T108/><D100/><U60/><E34/><V43/><F43/><W4/><G42/><T22/><D36/><U104/><E39/><V16/><AGARI ba="0,1" hai="16,20,24,37,40,46,50,55,56,83,87,89,92,93" machi="16" ten="20,12000,1" yaku="1,1,0,1,7,1,54,1,53,1" doraHai="118" doraHaiUra="79" who="2" fromWho="2" sc="237,-40,218,-40,243,130,292,-40" /><INIT seed="6,1,0,0,2,85" ten="197,178,373,252" oya="2" hai0="44,82,109,58,86,40,98,60,99,33,30,130,96" hai1="19,67,43,48,120,15,75,39,68,16,29,105,124" hai2="0,53,14,101,35,95,126,36,46,102,6,8,81" hai3="38,92,78,56,132,3,18,62,111,119,123,25,71"/><V61/><F126/><W83/><G3/><T116/><D109/><U131/><E39/><V112/><F112/><W121/><G38/><T117/><D130/><U31/><E75/><V133/><F35/><W65/><G111/><T11/><D11/><U110/><E110/><V94/><F133/><W70/><G119/><N who="0" m="45643" /><D30/><U129/><E120/><V89/><F0/><W45/><G45/><T47/><D40/><U93/><E105/><V73/><F36/><W91/><G132/><T4/><D4/><U115/><E115/><V2/><F2/><W41/><G41/><T106/><D33/><U55/><E124/><V24/><F24/><W134/><G134/><T23/><D23/><N who="1" m="11679" /><E43/><V113/><F73/><W66/><G18/><T80/><D80/><U77/><E77/><V108/><F113/><W7/><G7/><T10/><D10/><U59/><E19/><V84/><F108/><W27/><G123/><T17/><D17/><U87/><E67/><V49/><F61/><W79/><G62/><T9/><D9/><U74/><E68/><V122/><F122/><W20/><G70/><T37/><D106/><U28/><E74/><V76/><F76/><W42/><G79/><N who="0" m="46431" /><D37/><U127/><E127/><V88/><F81/><W50/><G83/><T1/><D1/><U118/><E118/><V13/><F14/><W64/><G121/><T5/><D5/><U69/><E69/><V54/><F53/><AGARI ba="1,0" hai="44,47,53,58,60,96,98,99" m="46431,45643" machi="53" ten="30,1000,0" yaku="12,1" doraHai="85" who="0" fromWho="2" sc="197,13,178,0,373,-13,252,0" /><INIT seed="7,0,0,5,2,34" ten="210,178,360,252" oya="3" hai0="135,91,125,85,122,11,111,84,47,115,41,118,66" hai1="99,93,50,4,65,78,110,103,6,71,88,95,21" hai2="18,97,22,130,107,129,44,80,24,132,35,46,117" hai3="126,12,102,127,109,112,100,37,121,106,113,67,54"/><W17/><G37/><T76/><D111/><U38/><E38/><V20/><F35/><W39/><G39/><T60/><D122/><U49/><E110/><V89/><F132/><W96/><G109/><T105/><D118/><U77/><E71/><V40/><F117/><W61/><G54/><T128/><D135/><U69/><E69/><V33/><F33/><W94/><G102/><T79/><D105/><U53/><E65/><V5/><F5/><W28/><G28/><T16/><D128/><U1/><E21/><V23/><F107/><W55/><G55/><T30/><D30/><U134/><E134/><V92/><F80/><W9/><G106/><T2/><D125/><N who="3" m="47625" /><G121/><T114/><D85/><U7/><E1/><V133/><F133/><W31/><G31/><T108/><D108/><U52/><E53/><V75/><F75/><W124/><G124/><T72/><D72/><U26/><E26/><V45/><F40/><W101/><G101/><T25/><D25/><U68/><E68/><AGARI ba="0,0" hai="9,12,17,61,67,68,94,96,100,112,113" m="47625" machi="68" ten="30,1500,0" yaku="18,1" doraHai="34" who="3" fromWho="1" sc="210,0,178,-15,360,0,252,15" /><INIT seed="7,1,0,4,0,98" ten="210,163,360,267" oya="3" hai0="123,46,114,133,72,2,106,64,88,101,47,18,132" hai1="93,90,38,45,109,115,125,41,124,66,61,35,122" hai2="95,36,19,12,58,97,131,33,89,37,26,63,85" hai3="110,121,7,67,28,44,113,84,43,126,82,59,50"/><W55/><G28/><T100/><D123/><U54/><E35/><V120/><F120/><W16/><G121/><T91/><D2/><U99/><E122/><V15/><F131/><W4/><G113/><T86/><D72/><U117/><E109/><V9/><F15/><W77/><G110/><T10/><D114/><U32/><E32/><V62/><F62/><W128/><G128/><T51/><D64/><U31/><E31/><V79/><F26/><W81/><G126/><T69/><D69/><U103/><E115/><V5/><F33/><W75/><G67/><T76/><D106/><U3/><E3/><V27/><F79/><W130/><G130/><T135/><D76/><U53/><E117/><V102/><F27/><W30/><G30/><T127/><D91/><U52/><REACH who="1" step="1"/><E90/><REACH who="1" ten="210,153,360,267" step="2"/><V119/><F119/><W111/><G111/><T22/><D127/><U57/><AGARI ba="1,1" hai="38,41,45,52,53,54,57,61,66,93,99,103,124,125" machi="57" ten="30,8000,1" yaku="1,1,2,1,0,1,52,1,54,1,53,0" doraHai="98" doraHaiUra="129" who="1" fromWho="1" sc="210,-21,153,93,360,-21,267,-41" owari="189,-31.1,246,4.6,339,43.9,226,-17.4" /></mjloggm>