<mjloggm ver="2.3"><GO type="169" lobby="0"/><UN n0="%E7%B8%A6%E9%B3%A5%E5%8D%83%E6%B3%A2" n1="%E3%81%86%E3%81%AA%E3%81%8E%E9%BA%BA" n2="%4F%4D%41%4E%54%41" n3="%E7%9C%9F%E9%BE%8D%E5%85%84%E8%B2%B4" dan="16,17,17,16" rate="2150.82,2183.20,2193.32,2038.69" sx="F,M,M,M"/><TAIKYOKU oya="0"/><INIT seed="0,0,0,0,1,77" ten="250,250,250,250" oya="0" hai0="0,122,67,75,123,102,128,11,72,27,105,36,5" hai1="74,61,32,56,71,26,39,100,68,79,113,1,84" hai2="19,87,129,96,55,21,125,59,103,88,81,83,31" hai3="89,17,58,80,78,10,2,107,66,115,62,69,65"/><T41/><D128/><U16/><E39/><V117/><F125/><W114/><G107/><T126/><D126/><U30/><E1/><V119/><F129/><W20/><G66/><T73/><D27/><U90/><E113/><V49/><F31/><W121/><G121/><T93/><D93/><U116/><E100/><V127/><F127/><W8/><G69/><T130/><D130/><U46/><E46/><V23/><F83/><W34/><G89/><T106/><D67/><U99/><E99/><V52/><F55/><W92/><G92/><T118/><D118/><N who="2" m="45066" /><F19/><W82/><G34/><T44/><REACH who="0" step="1"/><D102/><REACH who="0" ten="240,250,250,250" step="2"/><U37/><E116/><V42/><F42/><W47/><G114/><T25/><D25/><U85/><E26/><V45/><F59/><W63/><G115/><T40/><D40/><U120/><E56/><V35/><F35/><W54/><G65/><T38/><D38/><U3/><E37/><V22/><F103/><W60/><G58/><T51/><D51/><U124/><E32/><V14/><F96/><W97/><G97/><T111/><D111/><U94/><E124/><V132/><F132/><W110/><G110/><T24/><D24/><U86/><E71/><V109/><F109/><W91/><G60/><T18/><D18/><U101/><E61/><V4/><F4/><W53/><G17/><T133/><D133/><U104/><E68/><V9/><F14/><W33/><G33/><T98/><D98/><U76/><E101/><V43/><F43/><W15/><G62/><T108/><D108/><U50/><E16/><V95/><F95/><W28/><G15/><RYUUKYOKU ba="0,1" sc="240,15,250,-15,250,15,250,-15" hai0="0,5,11,36,41,44,72,73,75,105,106,122,123" hai2="9,21,22,23,45,49,52,81,87,88" /><INIT seed="0,1,1,5,3,116" ten="255,235,265,235" oya="0" hai0="14,102,62,45,130,74,60,2,5,129,87,3,89" hai1="40,92,63,79,75,29,0,78,33,85,27,64,98" hai2="32,118,39,31,131,121,4,111,105,72,15,123,16" hai3="65,48,73,80,23,77,71,66,107,10,119,56,20"/><T13/><D74/><U110/><E75/><V68/><F105/><W108/><G119/><T124/><D124/><U109/><E0/><N who="0" m="41" /><D45/><U58/><E40/><V38/><F68/><W51/><G107/><T99/><D87/><U1/><E1/><V82/><F118/><W36/><G36/><T21/><D89/><U97/><E97/><V50/><F50/><W43/><G71/><T126/><D5/><U11/><E11/><V54/><F54/><W132/><G10/><T125/><D21/><U83/><REACH who="1" step="1"/><E79/><REACH who="1" ten="255,225,265,235" step="2"/><V100/><F72/><W8/><G8/><T49/><D126/><U34/><E34/><V88/><F32/><W94/><G77/><T135/><D125/><U115/><E115/><V86/><F38/><W7/><G73/><T90/><D99/><U44/><E44/><V93/><F39/><W6/><G43/><T91/><D102/><AGARI ba="1,2" hai="27,29,33,58,63,64,78,83,85,92,98,102,109,110" machi="102" ten="40,2600,0" yaku="1,1,53,1" doraHai="116" doraHaiUra="61" who="1" fromWho="0" sc="255,-29,225,49,265,0,235,0" /><INIT seed="1,0,0,2,3,108" ten="226,274,265,235" oya="1" hai0="109,50,5,48,123,13,52,98,89,53,4,120,134" hai1="102,106,130,3,65,100,87,42,115,58,39,77,113" hai2="31,23,124,35,36,20,2,17,41,9,45,61,0" hai3="60,70,57,66,118,104,92,6,119,46,122,26,83"/><U43/><E3/><V103/><F124/><W47/><G122/><N who="0" m="46635" /><D109/><U116/><E116/><N who="3" m="44586" /><G104/><T91/><D134/><U135/><E135/><V18/><F103/><W90/><G6/><N who="0" m="2667" /><D13/><U93/><E130/><V97/><F97/><N who="3" m="57495" /><G26/><T11/><D11/><U117/><E117/><V114/><F9/><W21/><G21/><T54/><D98/><U121/><E121/><V74/><F23/><W14/><G14/><T37/><D37/><U12/><E12/><V99/><F99/><W27/><G27/><T62/><D62/><U59/><E87/><V133/><F61/><N who="3" m="40271" /><G83/><T68/><D68/><U49/><E49/><AGARI ba="0,0" hai="48,49,50,52,53,54,89,91" m="2667,46635" machi="49" ten="40,8000,1" yaku="28,2,13,1,54,1" doraHai="108" who="0" fromWho="1" sc="226,80,274,-80,265,0,235,0" /><INIT seed="2,0,0,1,5,14" ten="306,194,265,235" oya="2" hai0="108,63,64,127,99,18,75,76,80,119,27,2,6" hai1="50,40,32,48,86,3,59,25,51,132,12,34,102" hai2="1,21,93,39,8,87,44,78,123,94,33,77,135" hai3="120,65,22,116,103,38,5,101,97,43,13,26,130"/><V79/><F33/><W107/><G116/><T17/><D108/><U115/><E3/><V114/><F114/><W71/><G120/><T91/><D127/><U28/><E115/><V122/><F135/><W67/><G130/><T46/><D119/><U60/><E132/><V15/><F1/><W19/><G101/><T90/><D46/><U31/><E102/><V53/><F21/><W23/><G71/><T109/><D109/><U62/><E40/><V29/><F29/><W66/><G5/><T84/><D99/><U110/><E110/><V125/><F125/><W58/><G43/><T129/><D129/><U83/><E31/><V69/><F69/><W104/><G38/><T134/><D27/><U82/><E82/><V124/><F124/><W30/><REACH who="3" step="1"/><G58/><REACH who="3" ten="306,194,265,225" step="2"/><T61/><D134/><U81/><E59/><V128/><F39/><W117/><G117/><T111/><D111/><U95/><E34/><V4/><F128/><W72/><G72/><T74/><D74/><U37/><E37/><V70/><F70/><W20/><G20/><T98/><D6/><U126/><E126/><V105/><F122/><W24/><G24/><T55/><D75/><U54/><E25/><V7/><F7/><W10/><G10/><T0/><D0/><U89/><E32/><V100/><F123/><W121/><G121/><T11/><D11/><U68/><E68/><V57/><F57/><W49/><G49/><T73/><D73/><U88/><E51/><N who="2" m="28903" /><F100/><W131/><G131/><T133/><D133/><U16/><E50/><V113/><F4/><W47/><G47/><T118/><D2/><RYUUKYOKU ba="0,1" sc="306,-10,194,-10,265,-10,225,30" hai3="13,19,22,23,26,30,65,66,67,97,103,104,107" /><INIT seed="3,1,1,0,4,56" ten="296,184,255,255" oya="3" hai0="130,68,20,1,54,100,12,29,90,126,117,60,73" hai1="27,58,101,108,92,0,43,11,69,46,13,131,34" hai2="14,133,72,79,61,121,6,98,62,86,18,70,59" hai3="80,38,31,97,115,50,16,35,104,125,89,9,85"/><W75/><G115/><T17/><D117/><U99/><E69/><V95/><F72/><W67/><G38/><T23/><D1/><U74/><E74/><V88/><F133/><W4/><G125/><T102/><D73/><U53/><E108/><V39/><F39/><W42/><G75/><T64/><D126/><U134/><E134/><V36/><F36/><W71/><G42/><T32/><D32/><U96/><E0/><V132/><F132/><W91/><G50/><T83/><D130/><U118/><E131/><V10/><F121/><W45/><G45/><T81/><D54/><U135/><E135/><V40/><F70/><W84/><G31/><T21/><D90/><U41/><E46/><V15/><F59/><W94/><G35/><T76/><D29/><U47/><E47/><V2/><F2/><W106/><G4/><T127/><D127/><U119/><E27/><V8/><F40/><W49/><G49/><T122/><D122/><U105/><E34/><V24/><F24/><W77/><G67/><T44/><D44/><U123/><E123/><V78/><F86/><W48/><G48/><T19/><D76/><AGARI ba="1,1" hai="6,8,10,14,15,18,61,62,76,78,79,88,95,98" machi="76" ten="40,8000,1" yaku="8,1,52,2,54,1" doraHai="56" who="2" fromWho="0" sc="296,-83,184,0,255,93,255,0" /><INIT seed="4,0,0,5,2,75" ten="213,184,348,255" oya="0" hai0="44,30,130,105,36,131,35,93,0,60,102,58,74" hai1="24,19,23,67,101,50,20,37,115,31,124,117,21" hai2="41,120,126,40,91,28,80,69,54,133,119,13,72" hai3="79,128,85,107,77,51,114,27,17,18,7,125,62"/><T111/><D105/><U6/><E37/><V122/><F28/><W47/><G107/><T68/><D68/><U52/><E117/><V1/><F13/><W97/><G114/><T63/><D0/><U34/><E115/><V32/><F91/><W73/><G73/><T82/><D111/><U5/><E124/><V86/><F80/><W14/><G125/><T94/><D30/><U98/><E67/><V78/><F86/><W12/><G128/><N who="0" m="49195" /><D35/><U81/><E81/><V96/><F96/><W22/><G97/><N who="0" m="59695" /><D94/><U71/><E71/><V25/><F1/><W134/><G134/><T121/><D121/><U10/><E19/><V112/><F32/><W53/><G85/><T110/><D110/><U113/><E113/><V127/><F72/><W4/><G27/><T70/><D70/><U42/><E42/><V66/><F69/><W89/><G89/><T49/><D36/><U61/><E61/><V108/><F108/><W83/><G62/><T99/><D58/><U56/><REACH who="1" step="1"/><E10/><REACH who="1" ten="213,174,348,255" step="2"/><V84/><F112/><W39/><G39/><T46/><D82/><U16/><E16/><V64/><F126/><W109/><G109/><T132/><D49/><U33/><E33/><V88/><F127/><W123/><G123/><T11/><D11/><U100/><E100/><V116/><F120/><W29/><G29/><T3/><D63/><U57/><E57/><V92/><F122/><W55/><G83/><T65/><D60/><U95/><AGARI ba="0,1" hai="5,6,20,21,23,24,31,34,50,52,56,95,98,101" machi="95" ten="30,4000,0" yaku="1,1,0,1,54,1,53,0" doraHai="75" doraHaiUra="15" who="1" fromWho="1" sc="213,-20,174,50,348,-10,255,-10" /><INIT seed="5,0,0,2,0,48" ten="193,224,338,245" oya="1" hai0="125,6,85,20,9,122,106,113,46,131,89,74,71" hai1="10,57,115,73,59,81,135,79,76,32,110,52,68" hai2="19,37,128,29,16,12,0,78,90,88,30,118,3" hai3="39,53,87,127,94,83,51,49,50,25,67,11,103"/><U123/><E68/><V80/><F37/><W2/><G39/><T28/><D74/><U70/><E70/><V102/><F118/><W96/><G127/><T15/><D71/><U7/><E123/><V40/><F40/><W5/><G67/><T111/><D111/><U1/><E32/><V44/><F44/><W130/><G25/><T98/><D113/><U13/><E110/><V26/><F102/><W77/><REACH who="3" step="1"/><G130/><REACH who="3" ten="193,224,338,235" step="2"/><T43/><D131/><U62/><E115/><V4/><F26/><W58/><AGARI ba="0,1" hai="2,5,11,49,50,51,53,58,77,83,87,94,96,103" machi="58" ten="20,8000,1" yaku="1,1,2,1,0,1,7,1,52,1,53,0" doraHai="48" doraHaiUra="114" who="3" fromWho="3" sc="193,-20,224,-40,338,-20,235,90" /><INIT seed="6,0,0,1,2,134" ten="173,184,318,325" oya="2" hai0="90,19,23,16,111,60,6,104,117,74,114,38,58" hai1="30,45,88,33,112,61,65,26,2,107,8,71,66" hai2="7,3,32,4,75,18,82,99,132,128,100,49,55" hai3="78,101,56,53,21,11,47,119,63,67,39,44,37"/><V86/><F32/><W20/><G119/><T89/><D111/><U77/><E112/><V5/><F75/><W118/><G118/><T35/><D35/><U113/><E113/><V80/><F132/><W126/><G78/><T81/><D114/><U43/><E66/><V24/><F128/><W50/><G101/><T10/><D38/><U31/><E31/><V106/><F3/><W17/><G11/><T84/><D104/><U15/><E77/><V110/><F110/><W105/><G105/><T62/><D117/><U12/><E107/><V76/><F82/><W115/><G115/><T59/><D74/><U69/><E69/><V103/><F103/><W41/><G21/><T48/><D48/><U135/><E135/><V40/><F40/><N who="3" m="22943" /><G17/><T130/><D130/><U93/><E2/><V72/><F72/><W109/><G20/><T79/><D19/><U91/><E15/><V42/><F18/><W108/><G126/><T25/><D59/><AGARI ba="0,0" hai="37,41,44,50,53,56,59,63,67,108,109" m="22943" machi="59" ten="30,2000,0" yaku="34,2" doraHai="134" who="3" fromWho="0" sc="173,-20,184,0,318,0,325,20" /><INIT seed="7,0,0,2,2,97" ten="153,184,318,345" oya="3" hai0="15,24,2,122,95,130,32,41,44,93,33,58,99" hai1="38,116,76,55,40,4,70,113,77,12,105,109,78" hai2="121,124,75,22,50,127,82,120,90,84,135,74,10" hai3="26,67,8,39,17,111,80,86,14,79,57,20,59"/><W106/><G111/><T65/><D122/><N who="2" m="47210" /><F10/><W91/><G39/><T16/><D130/><U114/><E109/><V125/><F50/><W126/><G106/><T88/><D2/><U85/><E116/><V25/><F135/><W49/><G126/><T47/><D24/><U62/><E105/><V108/><F108/><W1/><G1/><T51/><D47/><N who="1" m="23959" /><E85/><V92/><F82/><W115/><G115/><N who="1" m="44042" /><E55/><V103/><F103/><W63/><G79/><T66/><D95/><U7/><E12/><V102/><F102/><W104/><G104/><T45/><D45/><U107/><E107/><V117/><F117/><W42/><G42/><T9/><REACH who="0" step="1"/><D58/><REACH who="0" ten="143,184,318,345" step="2"/><U72/><E72/><V3/><F3/><W83/><G57/><T96/><D96/><U13/><E13/><V21/><F25/><W89/><G26/><T18/><D18/><U56/><E56/><V132/><F132/><W19/><G49/><T46/><D46/><U27/><E27/><V100/><F74/><W60/><G60/><T53/><D53/><U71/><E71/><V0/><F75/><W118/><G118/><T112/><D112/><U68/><E70/><V134/><F0/><W29/><G19/><T34/><AGARI ba="0,1" hai="9,15,16,32,33,34,41,44,51,65,66,88,93,99" machi="34" ten="30,7900,0" yaku="1,1,0,1,54,2,53,0" doraHai="97" doraHaiUra="131" who="0" fromWho="0" sc="143,89,184,-20,318,-20,345,-39" owari="232,-16.8,164,-33.6,298,9.8,306,40.6" /></mjloggm>