<mjloggm ver="2.3"><GO type="169" lobby="0"/><UN n0="%E3%83%94%E3%83%B3%E3%82%B5%E3%83%AD%E5%BA%97%E5%93%A1" n1="%5B%5B%79%75%79%75%5D%5D" n2="%E5%8D%83%E5%B9%B4%E5%B0%8F%E5%A6%96" n3="%E3%81%BE%E3%81%88%E3%81%9F" dan="17,16,16,17" rate="2254.58,2135.81,2090.48,2179.35" sx="M,M,M,F"/><TAIKYOKU oya="0"/><INIT seed="0,0,0,3,4,6" ten="250,250,250,250" oya="0" hai0="45,58,3,132,55,19,123,104,110,63,44,98,16" hai1="50,113,84,56,80,93,109,14,34,82,7,68,32" hai2="5,95,126,48,46,121,87,70,124,59,78,107,75" hai3="57,49,88,96,36,11,22,13,97,29,115,118,17"/><T33/><D123/><U43/><E68/><V101/><F121/><W64/><G36/><T18/><D132/><U74/><E109/><V92/><F70/><W120/><G120/><T61/><D33/><U21/><E113/><V102/><F75/><W89/><G115/><T71/><D3/><U69/><E69/><V23/><F59/><W116/><G116/><T52/><D110/><U106/><E106/><V25/><F5/><W9/><G118/><T114/><D114/><U129/><E129/><V85/><F107/><W127/><G127/><N who="2" m="48681" /><F95/><W31/><G64/><T83/><D83/><U38/><E38/><V2/><F2/><W77/><G77/><T67/><REACH who="0" step="1"/><D55/><REACH who="0" ten="240,250,250,250" step="2"/><U66/><E32/><V86/><F78/><W133/><G133/><T91/><D91/><U53/><E34/><V8/><F101/><AGARI ba="0,1" hai="16,18,19,44,45,52,58,61,63,67,71,98,101,104" machi="101" ten="40,7700,0" yaku="1,1,54,2,53,0" doraHai="6" doraHaiUra="112" who="0" fromWho="2" sc="240,87,250,0,250,-77,250,0" /><INIT seed="0,1,0,2,1,134" ten="327,250,173,250" oya="0" hai0="49,79,39,112,87,94,109,7,77,63,15,53,17" hai1="2,81,92,111,26,89,119,58,131,43,33,86,56" hai2="90,85,8,9,47,24,52,69,73,18,14,110,133" hai3="125,40,57,132,30,114,59,118,48,129,103,99,44"/><T45/><D112/><U31/><E119/><V80/><F69/><W50/><G114/><T68/><D39/><U61/><E111/><V23/><F133/><W96/><G132/><T10/><D109/><U3/><E131/><V101/><F110/><W4/><G118/><T93/><D68/><U60/><E43/><V102/><F73/><W20/><G129/><T22/><D63/><U32/><E32/><V16/><F8/><W104/><G4/><T46/><D46/><U121/><E121/><V78/><F78/><W41/><G30/><T106/><D106/><U38/><E38/><V0/><F0/><W83/><G83/><T95/><REACH who="0" step="1"/><D87/><REACH who="0" ten="317,250,173,250" step="2"/><U51/><E51/><AGARI ba="1,1" hai="9,14,16,18,23,24,47,51,52,80,85,90,101,102" machi="51" ten="40,8000,1" yaku="25,2,8,1,54,2" doraHai="134" who="2" fromWho="1" sc="317,0,250,-83,173,93,250,0" /><INIT seed="1,0,0,0,5,60" ten="317,167,266,250" oya="1" hai0="85,95,100,122,46,120,0,45,41,124,116,88,86" hai1="57,24,89,93,54,73,119,62,130,83,90,4,17" hai2="21,42,67,92,72,29,28,39,78,111,127,47,63" hai3="107,55,22,7,64,36,128,131,65,112,97,19,50"/><U16/><E119/><V133/><F111/><W134/><G36/><T99/><D116/><U43/><E130/><N who="3" m="49706" /><G112/><T35/><D35/><U87/><E4/><V2/><F2/><W6/><G134/><T123/><D124/><U129/><E129/><V79/><F127/><W49/><G97/><T10/><D85/><U32/><E43/><V3/><F3/><W94/><G94/><T77/><D77/><U48/><E73/><V106/><F106/><W33/><G33/><T11/><D0/><U113/><E113/><V58/><F133/><W74/><G107/><T118/><D46/><U68/><E32/><V51/><F72/><W13/><G74/><T76/><D76/><U104/><E104/><V75/><F75/><W59/><G49/><T101/><D101/><U5/><E5/><AGARI ba="0,0" hai="5,6,7,13,19,22,50,55,59,64,65" m="49706" machi="5" ten="30,3900,0" yaku="19,1,52,2" doraHai="60" who="3" fromWho="1" sc="317,0,167,-39,266,0,250,39" /><INIT seed="2,0,0,2,1,54" ten="317,128,266,289" oya="2" hai0="13,67,133,95,121,26,110,127,124,63,36,27,12" hai1="30,102,113,94,76,100,98,82,61,60,38,57,47" hai2="78,25,19,59,75,119,32,88,80,130,120,108,16" hai3="17,126,48,65,4,134,109,87,52,90,96,77,101"/><V114/><F114/><W28/><G109/><T50/><D36/><U125/><E113/><V93/><F119/><W53/><G126/><N who="0" m="48171" /><D110/><U74/><E125/><V21/><F108/><W135/><G77/><T79/><D121/><U31/><E61/><V46/><F120/><W91/><G65/><T33/><D133/><N who="3" m="50697" /><G28/><N who="0" m="19607" /><D79/><U89/><E100/><V0/><F0/><W92/><G4/><T103/><D27/><U66/><E38/><V43/><F130/><W7/><G7/><T115/><D50/><U42/><E42/><V10/><F32/><W3/><G3/><T107/><D95/><U111/><E47/><V18/><F10/><W69/><G69/><N who="0" m="42239" /><D115/><U51/><E51/><V70/><F70/><W45/><G17/><T84/><D84/><U123/><E123/><V106/><F106/><N who="3" m="63783" /><G90/><T86/><D86/><U22/><E111/><V41/><F41/><AGARI ba="0,0" hai="41,45,48,52,53,87,91,92" m="63783,50697" machi="41" ten="30,2000,0" yaku="20,1,54,1" doraHai="54" who="3" fromWho="2" sc="317,0,128,0,266,-20,289,20" /><INIT seed="3,0,0,0,0,28" ten="317,128,246,309" oya="3" hai0="69,86,105,30,56,106,26,74,124,53,104,39,55" hai1="64,1,60,76,123,93,77,125,20,128,116,135,112" hai2="51,129,134,87,127,75,29,36,119,107,21,80,68" hai3="24,4,79,37,13,92,63,45,46,43,54,115,38"/><W35/><G115/><T66/><D74/><U111/><E1/><V3/><RYUUKYOKU type="yao9" ba="0,0" sc="317,0,128,0,246,0,309,0" hai2="3,21,29,36,51,68,75,80,87,107,119,127,129,134" /><INIT seed="3,1,0,4,4,105" ten="317,128,246,309" oya="3" hai0="74,15,125,114,81,7,132,46,75,78,67,76,14" hai1="58,129,88,89,85,123,19,118,98,18,68,64,131" hai2="50,1,29,116,69,42,10,59,107,122,61,30,130" hai3="97,49,90,133,128,112,92,117,56,35,100,135,4"/><W39/><G39/><T36/><D132/><N who="3" m="50761" /><G35/><T106/><D106/><U16/><E68/><V113/><F116/><W87/><G4/><T86/><D125/><U110/><E123/><V34/><F113/><W52/><G112/><T17/><D114/><U8/><E118/><V9/><F107/><N who="3" m="63887" /><G117/><T26/><D67/><U73/><E110/><V108/><F108/><W101/><G101/><T127/><D127/><U48/><E8/><V115/><F115/><W43/><G43/><T71/><D71/><U79/><E98/><V2/><F42/><W33/><G33/><T12/><D7/><U111/><E111/><V11/><F34/><W104/><G104/><T28/><D17/><U45/><E58/><V21/><F122/><W20/><G20/><T37/><D46/><U25/><E25/><V60/><F21/><W0/><G128/><N who="1" m="49226" /><E85/><V102/><F69/><W119/><G119/><T91/><D26/><U94/><E94/><V77/><F130/><W41/><G41/><T83/><D28/><U95/><E95/><AGARI ba="1,0" hai="12,14,15,36,37,74,75,76,78,81,83,86,91,95" machi="95" ten="40,5200,0" yaku="9,1,52,2" doraHai="105" who="0" fromWho="1" sc="317,55,128,-55,246,0,309,0" /><INIT seed="4,0,0,2,5,51" ten="372,73,246,309" oya="0" hai0="104,30,121,100,109,2,14,82,111,90,103,85,117" hai1="28,94,0,11,53,26,56,97,113,129,83,135,105" hai2="47,112,12,66,6,9,35,34,76,25,48,54,8" hai3="33,10,15,130,70,115,31,133,91,118,98,22,119"/><T128/><D2/><U55/><E105/><V49/><F112/><W1/><G70/><T29/><D117/><U80/><E113/><V134/><F134/><W120/><G115/><T58/><D121/><U126/><E135/><V102/><F102/><N who="0" m="38954" /><D104/><U116/><E116/><V99/><F99/><W62/><G133/><T5/><D128/><U67/><E129/><V73/><F66/><W95/><G130/><T132/><D132/><U50/><E126/><V27/><F73/><W64/><G33/><T108/><D58/><U106/><E106/><V92/><F92/><W87/><G120/><T20/><D20/><N who="1" m="15431" /><E0/><V46/><F76/><W59/><G1/><T81/><D81/><N who="1" m="31307" /><E11/><AGARI ba="0,0" hai="5,11,14,29,30,82,85,90,108,109,111" m="38954" machi="11" ten="40,2000,0" yaku="10,1" doraHai="51" who="0" fromWho="1" sc="372,20,73,-20,246,0,309,0" /><INIT seed="4,1,0,2,5,86" ten="392,53,246,309" oya="0" hai0="81,50,42,20,19,117,52,0,89,128,12,23,110" hai1="56,85,44,77,60,127,59,107,28,57,97,74,6" hai2="51,62,16,92,37,96,115,78,73,39,76,54,79" hai3="91,46,9,22,64,33,10,47,103,8,113,135,100"/><T32/><D117/><U41/><E127/><V90/><F73/><W99/><G33/><T4/><D32/><U2/><E28/><V71/><F115/><W40/><G113/><T21/><D128/><U5/><E97/><V70/><F70/><W80/><G135/><T1/><D42/><U66/><E107/><V68/><F68/><W131/><G131/><T114/><D114/><U34/><E34/><V26/><F71/><W124/><G124/><T132/><D132/><U63/><E85/><V3/><F3/><W83/><G64/><T93/><D4/><U116/><E116/><V38/><F62/><W15/><G22/><T14/><D81/><N who="3" m="31305" /><G15/><T118/><D118/><U13/><E2/><V84/><F96/><W7/><G7/><T122/><D122/><U119/><E119/><V130/><F130/><W95/><G40/><T65/><D65/><U88/><E77/><V24/><REACH who="2" step="1"/><F16/><REACH who="2" ten="392,53,236,309" step="2"/><W30/><G30/><T29/><D29/><U45/><E74/><V11/><F11/><W36/><G36/><T101/><D1/><U125/><E125/><V43/><F43/><W69/><G69/><T102/><D0/><U53/><E13/><N who="0" m="5225" /><D19/><U67/><E41/><V133/><F133/><W17/><G17/><T48/><D48/><U126/><E126/><V104/><F104/><W82/><G103/><T35/><D102/><U55/><E57/><AGARI ba="1,1" hai="24,26,37,38,39,51,54,57,76,78,79,84,90,92" machi="57" ten="50,3200,0" yaku="1,1,52,1,53,0" doraHai="86" doraHaiUra="121" who="2" fromWho="1" sc="392,0,53,-35,236,45,309,0" /><INIT seed="5,0,0,0,4,75" ten="392,18,281,309" oya="1" hai0="120,18,24,130,63,99,7,49,98,41,53,82,11" hai1="88,115,62,56,103,15,79,3,31,126,89,101,121" hai2="125,119,47,112,61,58,23,33,123,78,57,97,72" hai3="40,66,20,13,39,85,5,105,83,129,50,28,1"/><U100/><E3/><V133/><F119/><W111/><G105/><T51/><D130/><U30/><E121/><V77/><F123/><W55/><G66/><T114/><D120/><U95/><E115/><V86/><F33/><W54/><G129/><T74/><D114/><U45/><E126/><V117/><F72/><W17/><G39/><T81/><D63/><U76/><E45/><V59/><F117/><W19/><G28/><N who="1" m="10794" /><E15/><V42/><F133/><W134/><G134/><T4/><D41/><U91/><E95/><V80/><F112/><W26/><G111/><T131/><D131/><U14/><E14/><V48/><F125/><W65/><G65/><AGARI ba="0,0" hai="56,62,65,76,79,88,89,91,100,101,103" m="10794" machi="65" ten="30,11600,0" yaku="8,1,52,2,54,1" doraHai="75" who="1" fromWho="3" sc="392,0,18,116,281,0,309,-116" /><INIT seed="5,1,0,3,0,94" ten="392,134,281,193" oya="1" hai0="126,91,14,1,101,54,88,13,98,135,83,82,127" hai1="6,51,20,113,33,93,29,121,23,3,63,81,132" hai2="37,4,95,120,57,48,50,102,72,34,89,17,12" hai3="103,84,2,41,49,40,65,85,90,46,99,67,97"/><U87/><E121/><V92/><F37/><W30/><G2/><T24/><D1/><U38/><E38/><V69/><F69/><W32/><G41/><T117/><D117/><U44/><E33/><V15/><F34/><W104/><G30/><T68/><D68/><U129/><E129/><V118/><F72/><W53/><G32/><T39/><D39/><U74/><E74/><V80/><F118/><W96/><G40/><T114/><D114/><U125/><E113/><V105/><F105/><W134/><G134/><T119/><D119/><U76/><E132/><V124/><F124/><N who="0" m="47658" /><D24/><U26/><E125/><V78/><F78/><W28/><G28/><T58/><D83/><U36/><E36/><V16/><F4/><W66/><REACH who="3" step="1"/><G84/><REACH who="3" ten="392,134,281,183" step="2"/><N who="0" m="50199" /><D135/><U45/><E3/><V73/><F120/><W59/><G59/><T11/><D11/><U62/><E6/><V55/><F57/><W131/><G131/><T21/><D21/><U106/><E23/><V60/><F73/><W47/><G47/><T25/><D25/><U31/><E31/><V79/><F12/><W71/><G71/><T22/><D22/><U109/><E109/><V18/><F15/><W110/><G110/><T0/><D0/><U108/><E108/><V9/><F9/><W5/><G5/><T112/><D112/><U115/><E115/><V128/><F128/><W123/><G123/><T27/><D27/><U107/><E45/><V61/><F18/><W19/><G19/><T77/><D13/><U8/><E8/><V42/><F17/><W86/><G86/><T56/><D14/><U100/><E29/><RYUUKYOKU ba="1,1" sc="392,-10,134,-10,281,-10,183,30" hai3="46,49,53,65,66,67,85,90,96,97,99,103,104" /><INIT seed="6,2,1,5,0,50" ten="382,124,271,213" oya="2" hai0="100,27,103,116,109,64,28,67,97,88,124,34,68" hai1="71,119,21,128,51,4,60,37,47,87,120,94,111" hai2="58,44,66,36,77,25,131,55,63,76,11,56,73" hai3="22,132,48,101,65,18,106,126,89,26,0,112,32"/><V6/><F131/><W117/><G117/><T19/><D109/><U98/><E119/><V74/><F74/><W80/><G0/><T31/><D116/><U84/><E111/><V72/><F72/><W104/><G126/><T38/><D38/><U113/><E37/><V1/><F73/><W70/><G132/><T23/><D124/><U46/><E120/><V102/><F102/><N who="0" m="38954" /><D34/><U69/><E128/><V53/><F25/><W30/><G101/><T99/><D68/><U133/><E133/><V14/><F1/><W95/><G80/><T41/><D41/><U15/><E113/><V5/><F5/><W135/><G135/><T12/><D88/><U91/><E69/><V81/><F81/><W40/><G112/><T57/><D57/><U134/><E134/><V93/><F93/><W2/><G2/><T9/><D31/><U20/><E71/><V118/><F118/><W61/><G40/><T29/><D29/><U107/><E107/><V121/><F121/><W122/><G122/><T54/><D54/><U33/><E33/><V10/><F10/><W114/><G114/><T42/><D42/><U45/><E60/><N who="2" m="35855" /><F36/><W8/><G8/><T110/><D110/><U52/><E84/><V35/><F35/><W24/><G48/><AGARI ba="2,1" hai="6,11,14,44,48,55,58,63,66,76,77" m="35855" machi="48" ten="30,5800,0" yaku="8,1,52,2" doraHai="50" who="2" fromWho="3" sc="382,0,124,0,271,74,213,-64" /><INIT seed="6,3,0,5,5,84" ten="382,124,345,149" oya="2" hai0="4,45,40,111,64,74,67,127,87,42,63,18,15" hai1="133,96,135,108,94,81,33,0,19,8,31,79,2" hai2="116,21,95,60,101,27,115,41,46,37,105,112,90" hai3="57,99,53,97,86,28,129,66,121,25,52,107,43"/><V102/><F116/><W30/><G121/><T3/><D111/><U1/><E108/><V80/><F80/><W34/><G129/><T132/><D74/><U72/><E31/><V22/><F60/><W44/><G30/><T78/><D132/><U39/><E33/><V50/><F37/><W24/><G24/><T91/><D127/><U68/><E68/><V55/><F41/><W100/><G97/><T5/><D78/><U13/><REACH who="1" step="1"/><E39/><REACH who="1" ten="382,114,345,149" step="2"/><V6/><F112/><W59/><G34/><T104/><D3/><U56/><E56/><V114/><F115/><W49/><G59/><T113/><D113/><U71/><E71/><V120/><F114/><W124/><G124/><T118/><D118/><U103/><AGARI ba="3,1" hai="0,1,2,8,13,19,72,79,81,94,96,103,133,135" machi="103" ten="40,5200,0" yaku="1,1,0,1,53,1" doraHai="84" doraHaiUra="11" who="1" fromWho="1" sc="382,-16,114,71,345,-29,149,-16" /><INIT seed="7,0,0,4,3,133" ten="366,185,316,133" oya="3" hai0="52,81,108,18,35,27,84,117,53,11,19,102,68" hai1="23,128,29,66,5,33,79,43,34,8,46,12,15" hai2="59,106,24,101,135,62,16,125,82,39,116,70,83" hai3="10,119,2,131,47,65,64,121,31,105,110,100,73"/><W57/><G119/><T25/><D108/><U115/><E128/><V7/><F116/><W114/><G121/><T85/><D68/><U71/><E115/><V22/><F39/><W56/><G73/><T118/><D102/><U44/><E34/><V109/><F109/><W130/><G110/><T104/><D11/><U103/><E33/><V87/><F70/><W37/><G31/><T86/><D35/><U42/><E103/><V96/><F135/><W69/><G114/><T122/><D86/><U88/><E79/><V63/><F7/><N who="3" m="1399" /><G57/><T75/><D75/><U107/><E107/><V99/><F99/><N who="3" m="61599" /><G56/><T126/><D104/><U90/><E71/><V36/><F59/><W6/><G6/><T97/><D97/><U55/><E66/><V45/><F96/><W127/><G65/><T3/><D3/><U91/><E55/><V80/><F87/><W78/><G78/><T0/><D0/><U14/><E29/><V94/><F101/><W123/><G123/><T21/><D122/><U50/><REACH who="1" step="1"/><E23/><REACH who="1" ten="366,175,316,133" step="2"/><V77/><F22/><W54/><G54/><T28/><D21/><U51/><AGARI ba="0,1" hai="5,8,12,14,15,42,43,44,46,50,51,88,90,91" machi="51" ten="30,12000,2" yaku="1,1,2,1,0,1,9,1,8,1,54,1,53,1" doraHai="133" doraHaiUra="4" who="1" fromWho="1" sc="366,-30,175,130,316,-30,133,-60" owari="336,43.6,305,10.5,286,-11.4,73,-42.7" /></mjloggm>