<mjloggm ver="2.3"><GO type="169" lobby="0"/><UN n0="%7A%65%52%6F" n1="%E3%83%97%E3%83%AC%E3%82%B9%E3%83%97" n2="%62%73%64%5F%33" n3="%45%72%77%69%6E%52%64" dan="17,16,17,16" rate="2217.17,2172.92,2158.62,2148.10" sx="M,M,F,M"/><TAIKYOKU oya="0"/><INIT seed="0,0,0,4,2,94" ten="250,250,250,250" oya="0" hai0="107,15,13,115,18,53,77,60,119,37,103,122,71" hai1="66,91,67,100,76,56,121,74,73,64,92,114,99" hai2="16,8,35,29,22,36,98,65,113,61,134,63,85" hai3="86,4,23,87,47,44,88,105,69,104,128,41,124"/><T79/><D115/><U80/><E121/><V126/><F113/><W2/><G69/><T95/><D119/><U50/><E114/><V72/><F72/><W25/><G124/><T19/><D37/><U32/><E32/><V116/><F116/><W68/><G68/><T12/><D107/><U118/><E118/><V90/><F36/><W131/><G4/><T3/><D3/><U28/><E28/><V58/><F134/><W82/><G2/><T43/><D43/><U112/><E112/><V117/><F126/><W70/><G70/><T93/><D122/><U127/><E127/><V7/><F35/><W57/><G57/><N who="0" m="34863" /><D95/><U49/><E73/><V96/><F61/><W40/><G41/><T5/><D5/><U84/><REACH who="1" step="1"/><E56/><REACH who="1" ten="250,240,250,250" step="2"/><V132/><F29/><W51/><G44/><T78/><D71/><U83/><AGARI ba="0,1" hai="49,50,64,66,67,74,76,80,83,84,91,92,99,100" machi="83" ten="30,7900,0" yaku="1,1,2,1,0,1,52,1,53,0" doraHai="94" doraHaiUra="38" who="1" fromWho="1" sc="250,-39,240,89,250,-20,250,-20" /><INIT seed="1,0,0,5,3,25" ten="211,329,230,230" oya="1" hai0="95,129,126,73,1,135,81,99,44,105,34,8,93" hai1="40,50,125,96,89,67,51,78,107,83,104,7,98" hai2="5,134,3,19,102,21,45,127,106,22,116,43,63" hai3="70,61,121,18,11,66,131,42,122,4,48,86,17"/><U74/><E125/><V65/><F116/><W100/><G131/><T91/><D34/><U12/><E67/><V20/><F134/><W117/><G117/><T26/><D126/><U118/><E118/><V13/><F127/><W53/><G100/><T24/><D135/><U109/><E109/><V38/><F106/><W0/><G42/><T31/><D105/><U55/><E40/><V71/><F102/><W77/><G77/><T79/><D129/><U128/><E128/><V62/><F3/><W76/><G76/><T41/><D95/><U59/><E96/><V58/><REACH who="2" step="1"/><F5/><REACH who="2" ten="211,329,220,230" step="2"/><W36/><G0/><T56/><D1/><U33/><E104/><V90/><F90/><W133/><G133/><T32/><D91/><U111/><E89/><V39/><F39/><W16/><G36/><T103/><D103/><U113/><E107/><V47/><F47/><W46/><G4/><T37/><D44/><U15/><E7/><V27/><F27/><W9/><REACH who="3" step="1"/><G86/><REACH who="3" ten="211,329,220,220" step="2"/><T114/><D37/><U30/><E74/><V64/><AGARI ba="0,2" hai="13,19,20,21,22,38,43,45,58,62,63,64,65,71" machi="64" ten="20,2700,0" yaku="1,1,0,1,7,1,53,0" doraHai="25" doraHaiUra="2" who="2" fromWho="2" sc="211,-7,329,-13,220,47,220,-7" /><INIT seed="2,0,0,5,4,51" ten="204,316,267,213" oya="2" hai0="25,16,92,86,105,93,84,67,133,6,18,68,66" hai1="35,2,39,28,129,20,36,60,107,1,71,78,116" hai2="104,72,89,5,33,59,102,41,115,10,29,15,90" hai3="128,11,17,81,52,132,123,130,108,45,40,38,69"/><V46/><F115/><W95/><G123/><T61/><D105/><U57/><E116/><V110/><F72/><W112/><G69/><T135/><D6/><U111/><E71/><V3/><F33/><W56/><G112/><T96/><D25/><U12/><E111/><V64/><F29/><W91/><G108/><T58/><D68/><U82/><E107/><V13/><F110/><W113/><G81/><T47/><D47/><U127/><E127/><V49/><F3/><W125/><G125/><T65/><D133/><U99/><E99/><V27/><F27/><W31/><G31/><T88/><D135/><U97/><E35/><V79/><F15/><W101/><G101/><N who="0" m="60551" /><D86/><U109/><E129/><N who="3" m="49770" /><G113/><T32/><D32/><U37/><E97/><V114/><F114/><W24/><G132/><T126/><D126/><U70/><E70/><V22/><F22/><N who="3" m="13391" /><G11/><T131/><D131/><U43/><E43/><V106/><F106/><W30/><G30/><T21/><D18/><U119/><E28/><V54/><F104/><W83/><G83/><T103/><D103/><U118/><E109/><V120/><F102/><W55/><G56/><T77/><D77/><U62/><E118/><V85/><F120/><W7/><G7/><T53/><D65/><U73/><E119/><V26/><F64/><W19/><G19/><T117/><D117/><U134/><E134/><V4/><F4/><W74/><G74/><T63/><D67/><N who="1" m="39311" /><E62/><N who="2" m="36215" /><F26/><W44/><G45/><T87/><D66/><U122/><E122/><V100/><F100/><W75/><G75/><T76/><D63/><U50/><E73/><RYUUKYOKU ba="0,0" sc="204,-15,316,-15,267,15,213,15" hai2="5,10,13,41,46,49,79,85,89,90" hai3="38,40,44,52,55,91,95" /><INIT seed="2,1,0,3,3,46" ten="189,301,282,228" oya="2" hai0="124,34,25,114,67,81,97,122,134,93,38,73,62" hai1="106,14,104,115,119,125,2,126,123,102,39,132,57" hai2="7,89,110,26,64,78,35,51,121,3,31,16,6" hai3="82,100,20,44,76,65,72,116,30,42,17,71,83"/><V8/><F121/><W109/><G116/><T37/><D114/><U52/><E2/><V70/><F110/><W135/><G109/><T9/><D122/><U43/><E123/><V1/><F78/><W129/><G135/><T13/><D134/><U4/><E119/><V96/><F70/><W107/><G129/><T29/><D124/><N who="1" m="47723" /><E115/><V53/><F64/><W75/><G30/><T19/><D73/><U87/><E132/><V60/><F60/><W69/><G65/><T66/><D81/><U36/><E87/><V103/><F89/><W33/><G33/><T84/><D67/><U77/><E77/><V111/><F111/><W133/><G133/><T127/><D84/><U128/><E128/><V48/><F16/><W117/><G82/><T88/><REACH who="0" step="1"/><D127/><REACH who="0" ten="179,301,282,228" step="2"/><U58/><E36/><V80/><F80/><W68/><G72/><T85/><D85/><U23/><E39/><V12/><F96/><W0/><G117/><T79/><D79/><U120/><E120/><V54/><F103/><W18/><G100/><T86/><D86/><U24/><E102/><V94/><F94/><W92/><G92/><T91/><D91/><U32/><E104/><V113/><F113/><W101/><G101/><T40/><D40/><U27/><E43/><V55/><F12/><W99/><G107/><T131/><D131/><U59/><E106/><V90/><F90/><W15/><G99/><T50/><D50/><U108/><E108/><V63/><F63/><W49/><G0/><T21/><D21/><U56/><E32/><V10/><AGARI ba="1,1" hai="1,3,6,7,8,10,26,31,35,48,51,53,54,55" machi="10" ten="30,11700,0" yaku="0,1,9,1,52,2" doraHai="46" who="2" fromWho="2" sc="179,-40,301,-40,282,130,228,-40" /><INIT seed="2,2,0,0,4,52" ten="139,261,412,188" oya="2" hai0="46,22,56,88,2,32,70,89,34,3,69,110,96" hai1="35,62,24,23,26,103,104,72,25,122,118,112,60" hai2="92,114,109,44,6,127,30,78,57,80,101,93,99" hai3="68,31,129,39,38,90,74,33,43,64,75,73,108"/><V77/><F114/><W54/><G108/><T15/><D22/><U53/><E118/><V67/><F127/><W134/><G129/><T58/><D15/><U49/><E72/><V133/><F133/><W76/><G76/><T117/><D46/><U79/><E79/><V55/><F109/><W40/><G31/><T125/><D110/><U20/><E112/><V87/><F6/><W63/><G33/><T105/><D96/><U132/><E35/><N who="0" m="13353" /><D105/><U36/><E36/><V42/><F30/><W29/><G29/><T124/><D117/><U16/><E132/><V115/><F67/><W45/><G134/><T8/><D8/><U14/><E122/><V135/><F115/><W65/><G90/><N who="0" m="34923" /><D56/><N who="1" m="32815" /><E104/><V85/><F135/><W0/><G0/><N who="0" m="43" /><D58/><U116/><E116/><V59/><F93/><W21/><G21/><T119/><D119/><U66/><E103/><V130/><F55/><W107/><G107/><T48/><D48/><U84/><E66/><V27/><F59/><W97/><G54/><T94/><D94/><U91/><E23/><V50/><F57/><W126/><G97/><T47/><D47/><U61/><E62/><V83/><F130/><W51/><G51/><T19/><D19/><U128/><E128/><V5/><F5/><W10/><G10/><T17/><D17/><U95/><AGARI ba="2,0" hai="14,16,20,24,25,26,60,61,84,91,95" m="32815" machi="95" ten="30,7900,0" yaku="25,1,8,1,52,1,54,1" doraHai="52" who="1" fromWho="1" sc="139,-22,261,85,412,-41,188,-22" /><INIT seed="3,0,0,0,2,124" ten="117,346,371,166" oya="3" hai0="50,107,121,11,97,46,93,92,3,27,75,111,44" hai1="7,85,80,120,20,1,76,129,31,98,122,38,128" hai2="86,13,42,71,30,133,99,0,2,95,34,63,88" hai3="54,19,118,100,70,55,123,49,116,21,61,83,37"/><W105/><G123/><T5/><D121/><U12/><E38/><V91/><F133/><W90/><G37/><T57/><D75/><U66/><E1/><V89/><F42/><W18/><G105/><T125/><D125/><U102/><E66/><V26/><F13/><W72/><G100/><T35/><D44/><U62/><E62/><V59/><F71/><W52/><G49/><T24/><D57/><U58/><E58/><V115/><F115/><W64/><G18/><T126/><D126/><U110/><E110/><V84/><F84/><W40/><G40/><T39/><D39/><U65/><E65/><V10/><F10/><W79/><REACH who="3" step="1"/><G90/><REACH who="3" ten="117,346,371,156" step="2"/><T73/><D107/><U28/><E120/><V51/><F51/><W82/><G82/><T33/><D93/><U112/><E122/><V22/><F89/><W68/><G68/><T114/><D92/><U4/><E112/><V15/><F91/><W8/><G8/><T130/><D11/><U43/><E43/><V94/><F94/><W77/><G77/><T132/><D50/><U47/><E102/><V60/><F99/><W69/><G69/><T32/><D114/><U67/><E98/><V134/><F63/><W56/><G56/><T106/><D97/><U53/><E76/><V16/><F134/><W113/><G113/><T9/><D132/><U101/><E80/><V29/><F30/><W41/><G41/><T108/><D106/><U48/><E31/><V14/><F59/><W109/><G109/><T127/><D108/><U119/><E101/><V23/><F60/><W96/><G96/><T104/><D111/><RYUUKYOKU ba="0,1" sc="117,-15,346,-15,371,15,156,15" hai2="0,2,14,15,16,22,23,26,29,34,86,88,95" hai3="19,21,52,54,55,61,64,70,72,79,83,116,118" /><INIT seed="3,1,1,2,0,120" ten="102,331,386,171" oya="3" hai0="24,87,19,119,30,38,110,108,6,21,49,80,43" hai1="111,124,50,34,107,46,56,105,29,128,37,101,135" hai2="126,0,53,51,91,45,109,90,69,48,47,113,52" hai3="18,36,92,106,7,78,35,70,57,40,132,67,85"/><W23/><G106/><T11/><D119/><U33/><E128/><V123/><F0/><W121/><G121/><T117/><D38/><U125/><E37/><V2/><F2/><W103/><G35/><T82/><D117/><U72/><E72/><V31/><F123/><W27/><G70/><T97/><D30/><U9/><E135/><V15/><F113/><W62/><G132/><T20/><D20/><U133/><E133/><V3/><F3/><W99/><G36/><T39/><D39/><U63/><E9/><V95/><F69/><W8/><G40/><T17/><D19/><U66/><E101/><V115/><F115/><W102/><G102/><T130/><D97/><U100/><E100/><V28/><F126/><N who="1" m="48745" /><E111/><N who="0" m="42537" /><D130/><U41/><E29/><V118/><F118/><W26/><G26/><T1/><D87/><U86/><E86/><V64/><F31/><W89/><G8/><T68/><D68/><U88/><E34/><V84/><F28/><W16/><G18/><T71/><D71/><U131/><E33/><V79/><F109/><W127/><G127/><T74/><D74/><U42/><E131/><V76/><F84/><W59/><G7/><T73/><D73/><U32/><E32/><V122/><F122/><W22/><G22/><T4/><D4/><U114/><E114/><V129/><F129/><W5/><G5/><T54/><D43/><U65/><E42/><V10/><F10/><W94/><G78/><T12/><D1/><U14/><E41/><V60/><F79/><W116/><G116/><T77/><D77/><U112/><E112/><V96/><F76/><RYUUKYOKU ba="1,1" sc="102,15,331,-15,386,-15,171,15" hai0="6,11,12,17,21,24,49,54,80,82" hai3="16,23,27,57,59,62,67,85,89,92,94,99,103" /><INIT seed="3,2,1,1,5,37" ten="117,316,371,186" oya="3" hai0="17,120,117,72,76,95,58,4,124,33,119,75,87" hai1="81,110,115,22,109,31,86,134,5,69,12,35,112" hai2="19,102,9,29,66,78,27,103,45,61,118,129,92" hai3="40,101,84,38,55,59,44,24,68,94,127,32,96"/><W111/><G127/><T18/><D120/><U104/><E104/><V23/><F118/><W36/><G36/><T39/><D33/><U11/><E69/><V47/><F129/><W41/><G68/><T7/><D39/><U80/><E134/><V54/><F78/><W62/><G111/><N who="1" m="42506" /><E35/><V51/><F45/><W56/><G38/><T52/><D124/><U83/><E86/><V98/><F9/><W131/><G131/><T30/><D30/><U85/><E85/><V60/><F103/><W73/><G73/><T64/><D64/><U10/><E10/><V133/><F133/><W15/><G32/><T63/><D75/><U108/><E108/><V99/><F99/><W13/><G24/><AGARI ba="2,1" hai="5,11,12,22,24,31,80,81,83,112,115" m="42506" machi="24" ten="30,1000,0" yaku="14,1" doraHai="37" who="1" fromWho="3" sc="117,0,316,26,371,0,186,-16" /><INIT seed="4,0,0,5,1,9" ten="117,342,371,170" oya="0" hai0="51,118,100,101,55,135,29,1,14,102,10,124,103" hai1="12,35,43,71,47,49,68,31,16,63,79,45,70" hai2="77,40,75,126,90,67,86,13,42,19,120,98,134" hai3="59,52,106,0,93,107,48,95,15,97,74,53,121"/><T131/><N who="0" m="25600" /><DORA hai="30" /><T82/><D118/><U89/><E79/><V66/><F120/><W18/><G121/><T44/><D131/><U87/><E31/><V78/><F134/><W104/><G0/><T57/><D135/><U21/><E35/><V27/><F98/><W54/><G74/><T64/><D124/><U69/><E69/><V127/><F27/><W114/><G114/><T11/><D1/><U32/><E32/><V4/><F4/><W80/><G80/><T110/><D110/><U92/><REACH who="1" step="1"/><E47/><REACH who="1" ten="117,332,371,170" step="2"/><V115/><F78/><W6/><G6/><T38/><D29/><U122/><E122/><V50/><F77/><W56/><G97/><T129/><D129/><U39/><E39/><V65/><F75/><W111/><G111/><T133/><D133/><U17/><E17/><V2/><F126/><W112/><G112/><T91/><D38/><U60/><AGARI ba="0,1" hai="12,16,21,43,45,49,60,63,68,70,71,87,89,92" machi="60" ten="40,8000,1" yaku="1,1,0,1,52,1,54,1,53,0" doraHai="9,30" doraHaiUra="128,7" who="1" fromWho="1" sc="117,-40,332,90,371,-20,170,-20" /><INIT seed="5,0,0,0,0,131" ten="77,422,351,150" oya="1" hai0="22,54,31,43,9,79,33,80,45,24,92,17,85" hai1="64,74,125,78,4,16,65,112,37,93,99,40,75" hai2="25,108,82,13,67,115,51,114,132,88,7,81,19" hai3="110,102,60,123,98,124,41,26,0,105,5,55,96"/><U71/><E112/><N who="2" m="43051" /><F108/><W128/><G123/><T11/><D54/><U69/><E125/><V130/><F130/><W109/><G128/><T23/><D33/><U32/><E32/><V111/><F111/><W2/><G41/><T95/><D9/><U100/><E4/><V14/><F67/><W42/><G42/><T62/><D62/><U135/><E135/><V91/><F132/><W46/><G60/><T27/><REACH who="0" step="1"/><D11/><REACH who="0" ten="67,422,351,150" step="2"/><U77/><E40/><V39/><F51/><AGARI ba="0,1" hai="17,22,23,24,27,31,43,45,51,79,80,85,92,95" machi="51" ten="30,7700,0" yaku="1,1,2,1,7,1,8,1,53,0" doraHai="131" doraHaiUra="103" who="0" fromWho="2" sc="67,87,422,0,351,-77,150,0" /><INIT seed="6,0,0,0,3,119" ten="154,422,274,150" oya="2" hai0="5,1,75,47,24,19,109,40,13,20,16,134,41" hai1="116,121,89,82,123,0,86,23,132,92,44,79,80" hai2="39,103,66,110,29,11,112,42,26,27,48,55,100" hai3="72,32,127,58,90,122,94,117,54,69,30,25,61"/><V31/><F110/><W14/><G117/><T97/><D109/><U18/><E116/><V17/><F112/><W133/><G72/><T76/><D134/><U120/><E132/><V84/><F66/><W99/><G133/><T51/><D1/><U37/><E0/><V91/><F42/><W88/><G127/><T101/><D5/><U77/><E37/><V70/><F70/><W78/><G78/><N who="1" m="29706" /><E44/><V107/><F39/><W59/><G69/><T57/><D57/><U111/><E111/><V83/><F107/><W113/><G113/><T118/><D118/><U38/><E38/><V67/><F67/><W3/><G3/><T12/><D41/><U128/><E128/><V125/><F27/><AGARI ba="0,0" hai="18,23,27,80,82,86,89,92,120,121,123" m="29706" machi="27" ten="30,7700,0" yaku="13,1,52,3" doraHai="119" who="1" fromWho="2" sc="154,0,422,77,274,-77,150,0" /><INIT seed="7,0,0,0,3,118" ten="154,499,197,150" oya="3" hai0="17,7,76,52,12,26,15,62,34,49,4,14,18" hai1="21,110,96,54,108,74,6,10,46,113,119,80,0" hai2="32,59,8,83,64,35,78,100,129,101,40,82,2" hai3="86,84,88,31,123,92,58,77,65,95,47,104,13"/><W130/><G104/><T125/><D125/><U93/><E113/><V42/><F129/><W60/><G130/><T102/><D102/><U103/><E119/><V126/><F126/><W91/><G123/><T11/><D62/><U73/><E21/><V1/><F8/><W67/><G31/><N who="0" m="19831" /><D49/><U132/><E132/><V94/><F59/><W24/><G24/><T85/><D85/><U39/><E54/><V66/><F94/><W25/><G25/><T22/><D76/><AGARI ba="0,0" hai="1,2,32,35,40,42,64,66,76,78,82,83,100,101" machi="76" ten="25,1600,0" yaku="22,2" doraHai="118" who="2" fromWho="0" sc="154,-16,499,0,197,16,150,0" owari="138,-36.2,499,59.9,213,1.3,150,-25.0" /></mjloggm>