<mjloggm ver="2.3"><GO type="225" lobby="0"/><UN n0="%E6%98%93%E5%88%A9%E8%96%A9%E4%BC%AF" n1="%E3%82%A4%E3%83%BC%E3%82%B1%E3%83%97%E3%83%A9" n2="%33%74%72%65%65" n3="%E3%81%BF%E3%81%BF%E3%81%9A" dan="17,16,17,17" rate="2218.09,2115.55,2163.52,2245.99" sx="F,M,F,M"/><TAIKYOKU oya="0"/><INIT seed="0,0,0,1,3,86" ten="250,250,250,250" oya="0" hai0="40,123,76,112,106,100,88,39,89,7,59,0,58" hai1="125,96,12,120,53,87,80,74,82,116,46,43,71" hai2="113,73,48,2,127,5,24,52,61,131,19,107,126" hai3="104,69,18,16,102,10,132,25,29,94,22,54,70"/><T45/><D112/><U57/><E116/><V81/><F113/><W34/><G132/><T37/><D123/><U35/><E120/><V49/><F107/><W13/><G104/><T41/><D76/><U135/><E71/><V30/><F19/><W97/><REACH who="3" step="1"/><G54/><REACH who="3" ten="250,250,250,240" step="2"/><T121/><D121/><U115/><E135/><V1/><F52/><W50/><G50/><T130/><D130/><U51/><E115/><V4/><F49/><W90/><G90/><T122/><D122/><U36/><E125/><V38/><F48/><W114/><G114/><T72/><D39/><U44/><E36/><V78/><F131/><W68/><G68/><T64/><D37/><U83/><E53/><V92/><F38/><W84/><G84/><T62/><D106/><U95/><E51/><V124/><F61/><W75/><G75/><T79/><D100/><U26/><E87/><V66/><F66/><W60/><G60/><T77/><D72/><U15/><E74/><V119/><F119/><W129/><G129/><T9/><D64/><U21/><E57/><V17/><F126/><W128/><G128/><T117/><D59/><U20/><E46/><V99/><F127/><W47/><G47/><T105/><D105/><U42/><E44/><V110/><F124/><W134/><G134/><T6/><D117/><U103/><E43/><V28/><F73/><W101/><G101/><T67/><D41/><U27/><E42/><V93/><F78/><N who="0" m="29706" /><D45/><U11/><E103/><V111/><F99/><W23/><G23/><T91/><D40/><U98/><E21/><V32/><F32/><W65/><G65/><RYUUKYOKU ba="0,1" sc="250,15,250,-15,250,-15,240,15" hai0="0,6,7,9,58,62,67,88,89,91" hai3="10,13,16,18,22,25,29,34,69,70,94,97,102" /><INIT seed="0,1,1,0,2,38" ten="265,235,235,255" oya="0" hai0="52,125,80,44,59,49,122,39,4,48,22,129,19" hai1="109,101,121,8,25,134,42,34,106,73,2,0,40" hai2="30,47,20,63,17,76,5,27,21,100,116,26,11" hai3="79,120,92,108,24,113,98,67,3,90,70,7,118"/><T58/><D122/><U78/><E121/><V87/><F116/><W50/><G120/><T95/><D125/><U14/><E106/><V12/><F100/><W23/><G113/><T57/><D129/><U107/><E107/><V51/><F63/><W104/><G118/><T10/><D39/><U66/><E101/><V99/><F99/><W103/><G108/><T65/><D80/><U119/><E119/><V69/><F69/><W46/><G79/><T37/><D37/><U131/><E66/><V83/><F27/><W75/><G75/><T124/><D124/><U33/><E78/><V114/><F114/><W55/><G7/><T85/><D65/><U111/><E73/><V128/><F128/><W62/><G3/><N who="1" m="1066" /><E131/><V60/><F60/><W32/><G32/><N who="1" m="12394" /><E25/><V61/><F61/><W81/><G81/><T9/><D49/><U68/><E68/><V43/><REACH who="2" step="1"/><F21/><REACH who="2" ten="265,235,225,255" step="2"/><W82/><G104/><T72/><D72/><U94/><E134/><V93/><F93/><W91/><REACH who="3" step="1"/><G82/><REACH who="3" ten="265,235,225,245" step="2"/><T45/><D95/><U54/><E94/><V86/><F86/><W74/><G74/><T84/><D85/><U28/><E111/><V16/><AGARI ba="1,3" hai="5,11,12,16,17,20,26,30,43,47,51,76,83,87" machi="16" ten="30,12000,2" yaku="1,1,0,1,25,2,8,1,52,1,54,1,53,0" doraHai="38" doraHaiUra="89" who="2" fromWho="2" sc="265,-61,235,-31,225,153,245,-31" /><INIT seed="1,0,0,1,3,90" ten="204,204,378,214" oya="1" hai0="38,11,96,133,123,132,54,89,109,8,82,30,118" hai1="26,83,44,52,87,129,40,15,31,7,12,51,111" hai2="35,71,9,120,57,61,101,134,125,58,114,85,47" hai3="41,79,122,13,22,102,4,59,67,27,48,115,21"/><U98/><E129/><V1/><F120/><W64/><G122/><T70/><D123/><U88/><E111/><V76/><F134/><N who="0" m="51818" /><D70/><U39/><E7/><V69/><F35/><W110/><G115/><T104/><D38/><U131/><E131/><V0/><F58/><W92/><G110/><T49/><D118/><U6/><E6/><V135/><F125/><W112/><G112/><T28/><D104/><U36/><E36/><V5/><F0/><W56/><G79/><T55/><D55/><U93/><E40/><V72/><F72/><W46/><G59/><T16/><D82/><U18/><E39/><V74/><F69/><W130/><G130/><T94/><D109/><U127/><E18/><V66/><F71/><W124/><G124/><T32/><D32/><U53/><E53/><V121/><F121/><W119/><G119/><T99/><D99/><U2/><E2/><V63/><F114/><W97/><G56/><N who="0" m="32847" /><D8/><U17/><E17/><V91/><F9/><N who="3" m="4263" /><G21/><T113/><D113/><U75/><E75/><V19/><F74/><W117/><G117/><T43/><D43/><U14/><E127/><V45/><F135/><W24/><G24/><T29/><D29/><AGARI ba="0,0" hai="22,27,29,41,46,48,64,67,92,97,102" m="4263" machi="29" ten="30,2000,0" yaku="8,1,52,1" doraHai="90" who="3" fromWho="0" sc="204,-20,204,0,378,0,214,20" /><INIT seed="2,0,0,3,2,86" ten="184,204,378,234" oya="2" hai0="49,124,126,71,20,106,132,64,68,99,45,118,22" hai1="78,55,122,60,130,19,76,72,117,110,79,4,23" hai2="15,35,108,10,31,58,42,18,6,115,96,3,28" hai3="39,26,38,74,97,9,8,119,114,80,83,103,113"/><V89/><F115/><N who="3" m="44043" /><G119/><T46/><D106/><U120/><E117/><V36/><F108/><W95/><G26/><T128/><D118/><U104/><E104/><V62/><F35/><W59/><G59/><T0/><D0/><U29/><E72/><V102/><F42/><W109/><G109/><T66/><D128/><U14/><E110/><V51/><F51/><W75/><G75/><T100/><D132/><U48/><E130/><V81/><F36/><N who="3" m="13867" /><G74/><T56/><D56/><U53/><E29/><V125/><F58/><W123/><G123/><N who="1" m="47146" /><E4/><V32/><F6/><W41/><G41/><T105/><D68/><U73/><E73/><V54/><F28/><W65/><G65/><N who="0" m="25195" /><D71/><U116/><E60/><V52/><F31/><W24/><G24/><T63/><D63/><U101/><E116/><V57/><F62/><W25/><G25/><T61/><D61/><U27/><E27/><V91/><F57/><W131/><G131/><T127/><D46/><N who="1" m="27799" /><E55/><AGARI ba="0,0" hai="20,22,45,49,55,99,100,105,124,126,127" m="25195" machi="55" ten="30,1000,0" yaku="18,1" doraHai="86" who="0" fromWho="1" sc="184,10,204,-10,378,0,234,0" /><INIT seed="3,0,0,3,2,132" ten="194,194,378,234" oya="3" hai0="55,82,47,78,0,58,14,123,67,31,38,11,117" hai1="115,8,36,21,128,113,48,80,116,72,86,49,125" hai2="59,26,126,107,134,60,93,129,85,99,73,64,118" hai3="7,62,1,75,100,10,52,29,121,25,105,124,114"/><W131/><G114/><T41/><D117/><U13/><E36/><V91/><F118/><W28/><G121/><T98/><D123/><U27/><E116/><V33/><F134/><W77/><G131/><T96/><D31/><U130/><E72/><V53/><F73/><W39/><G100/><T37/><D67/><U19/><E19/><V122/><BYE who="1" /><F122/><W76/><G105/><T12/><D38/><U6/><E6/><V20/><F33/><UN n1="%E3%82%A4%E3%83%BC%E3%82%B1%E3%83%97%E3%83%A9" /><W135/><G135/><T34/><D34/><U71/><E71/><V15/><F129/><N who="1" m="49769" /><E125/><V18/><F126/><W4/><G124/><T3/><D3/><U65/><E65/><V79/><F107/><W35/><G4/><N who="0" m="1415" /><D14/><U50/><E13/><V74/><F74/><W104/><G104/><T57/><D12/><U95/><E95/><V46/><F15/><W102/><G102/><T42/><D42/><U111/><E8/><V61/><F46/><W109/><G109/><T66/><D66/><U84/><E111/><V40/><F40/><W23/><G39/><T56/><D55/><U92/><E92/><V2/><F2/><W63/><G75/><AGARI ba="0,0" hai="37,41,47,56,57,58,75,78,82,96,98" m="1415" machi="75" ten="30,1000,0" yaku="25,1" doraHai="132" who="0" fromWho="3" sc="194,10,194,0,378,0,234,-10" owari="204,-19.6,194,-30.6,378,47.8,224,2.4" /></mjloggm>