<mjloggm ver="2.3"><GO type="169" lobby="0"/><UN n0="%E5%BE%A1%E5%BD%B1%E3%82%86%E3%81%9A%E3%81%8D" n1="%E3%81%82%E3%81%95%E3%81%B4%E3%82%93%EF%BC%A0%EF%BD%8D%EF%BD%8A" n2="%E4%B8%83%E7%94%9F%E5%A4%95" n3="%E4%BF%9D%E8%82%B2%E5%A3%AB" dan="17,18,16,16" rate="2210.37,2259.78,2094.48,2220.91" sx="M,M,M,M"/><TAIKYOKU oya="0"/><INIT seed="0,0,0,5,0,104" ten="250,250,250,250" oya="0" hai0="1,91,105,112,86,109,28,64,87,5,99,121,32" hai1="25,55,90,52,17,11,110,111,134,0,56,123,14" hai2="77,115,46,72,81,16,41,13,114,30,26,60,128" hai3="57,22,73,47,44,54,59,80,49,106,34,70,95"/><T133/><D121/><U38/><E123/><V23/><F60/><W83/><G106/><T97/><D112/><U117/><E117/><V21/><REACH who="2" step="1"/><F128/><REACH who="2" ten="250,250,240,250" step="2"/><W96/><G70/><T103/><D133/><U116/><E134/><V129/><F129/><W78/><G59/><T4/><D64/><U127/><E56/><V69/><F69/><W131/><G131/><T37/><D109/><U118/><E111/><V119/><F119/><W124/><G57/><T79/><D105/><U130/><E110/><V100/><F100/><W19/><G124/><T65/><D103/><U125/><E130/><V101/><F101/><W61/><G61/><T71/><D65/><U82/><E116/><V74/><F74/><W48/><G73/><T120/><D71/><U84/><E118/><V58/><F58/><W12/><G34/><T89/><D32/><U122/><E122/><V92/><F92/><W43/><REACH who="3" step="1"/><G78/><REACH who="3" ten="250,250,240,240" step="2"/><T33/><D79/><U113/><E125/><V85/><F85/><W35/><G35/><T8/><D87/><U88/><E127/><V39/><AGARI ba="0,2" hai="13,16,21,23,26,30,39,41,46,72,77,81,114,115" machi="39" ten="20,12000,2" yaku="1,1,0,1,7,1,52,1,54,1,53,1" doraHai="104" doraHaiUra="40" who="2" fromWho="2" sc="250,-60,250,-30,240,140,240,-30" /><INIT seed="1,0,0,4,0,14" ten="190,220,380,210" oya="1" hai0="127,105,99,135,132,130,79,104,37,25,131,78,34" hai1="95,110,84,5,7,52,96,20,54,9,67,98,46" hai2="45,6,27,93,116,2,124,114,69,15,4,103,121" hai3="90,120,68,74,16,11,122,72,42,97,8,101,123"/><U113/><E113/><V38/><F116/><W53/><G68/><T13/><D37/><U89/><E110/><V83/><F69/><W75/><G42/><T100/><D13/><U59/><E67/><V41/><F124/><W91/><G53/><T58/><D58/><U33/><E33/><V0/><F6/><W57/><G57/><T39/><D39/><U85/><E46/><V40/><F40/><W17/><G101/><T1/><D1/><U63/><E54/><V129/><F129/><N who="0" m="49162" /><D25/><U64/><E64/><V133/><F27/><W108/><G108/><T18/><D18/><N who="3" m="7273" /><G97/><N who="1" m="37482" /><E9/><AGARI ba="0,0" hai="8,9,11,72,74,75,90,91,120,122,123" m="7273" machi="9" ten="40,12000,2" yaku="28,2,52,3,54,1" doraHai="14" who="3" fromWho="1" sc="190,0,220,-120,380,0,210,120" /><INIT seed="2,0,0,3,4,69" ten="190,100,380,330" oya="2" hai0="78,87,46,89,127,80,79,63,55,20,60,9,90" hai1="123,109,128,35,5,4,107,45,116,19,94,85,67" hai2="62,13,31,97,114,76,133,91,134,72,38,75,126" hai3="74,120,122,23,77,118,119,39,40,71,17,12,1"/><V111/><F114/><W102/><G71/><T100/><D127/><U58/><E116/><V24/><F126/><W37/><G1/><T16/><D100/><U3/><E107/><V129/><F129/><W110/><G102/><T113/><D113/><U0/><E35/><V82/><F13/><W101/><G101/><T48/><D90/><U36/><E128/><V84/><F111/><W92/><G92/><T115/><D115/><U42/><E109/><V117/><F117/><W18/><G110/><T81/><D9/><U132/><E132/><N who="2" m="50795" /><F62/><W10/><G40/><T7/><D7/><U33/><E33/><N who="2" m="20711" /><F38/><W54/><G10/><T57/><D81/><U86/><E0/><V73/><F97/><W83/><G118/><T11/><D63/><U56/><E3/><V26/><F26/><W108/><G108/><T22/><D22/><U88/><E19/><V70/><F70/><W6/><G6/><T103/><D103/><U14/><E4/><V125/><F125/><W93/><G17/><T2/><D2/><U124/><E124/><V50/><F50/><W15/><G15/><N who="0" m="7295" /><D20/><U44/><E14/><V61/><F61/><W112/><G112/><T121/><D121/><N who="3" m="46697" /><G119/><T51/><D51/><N who="1" m="27031" /><E5/><V47/><F47/><W95/><G37/><T65/><AGARI ba="0,0" hai="46,48,55,57,60,65,78,79,80,87,89" m="7295" machi="65" ten="30,4000,0" yaku="25,1,8,1,54,1" doraHai="69" who="0" fromWho="0" sc="190,40,100,-10,380,-20,330,-10" /><INIT seed="3,0,0,2,1,112" ten="230,90,360,320" oya="3" hai0="12,3,115,30,44,40,111,118,43,114,97,128,80" hai1="28,7,65,70,88,29,134,102,18,24,63,127,79" hai2="98,0,49,54,62,6,107,59,56,106,21,26,133" hai3="74,53,57,75,55,1,60,72,124,120,61,122,15"/><W82/><G1/><T117/><D3/><U96/><E134/><V113/><F113/><N who="0" m="43018" /><D111/><U4/><E127/><V119/><F119/><N who="0" m="45578" /><D128/><U105/><E29/><V81/><F81/><W103/><G124/><T94/><D30/><U101/><E79/><V66/><F133/><W131/><G131/><T16/><D80/><U68/><E68/><V130/><F130/><W71/><G82/><T87/><D87/><U13/><E101/><V67/><F98/><W76/><G76/><T64/><D64/><U85/><E13/><V110/><F66/><W2/><G2/><T73/><D73/><U47/><E18/><V91/><F67/><W123/><G71/><T23/><D44/><U99/><E47/><V22/><F110/><W135/><G135/><T20/><D23/><U132/><E132/><V121/><F22/><W11/><G103/><AGARI ba="0,0" hai="12,16,20,40,43,94,97,103" m="45578,43018" machi="103" ten="30,8000,1" yaku="11,1,52,3,54,1" doraHai="112" who="0" fromWho="3" sc="230,80,90,0,360,0,320,-80" /><INIT seed="4,0,0,0,0,126" ten="310,90,360,240" oya="0" hai0="129,134,119,42,30,32,76,44,18,106,53,103,107" hai1="98,100,73,5,9,109,69,75,113,116,54,45,56" hai2="17,31,19,7,59,21,130,33,104,38,128,64,118" hai3="97,52,127,36,6,85,8,29,34,37,15,57,20"/><T28/><D119/><U87/><E116/><V123/><F123/><W35/><G127/><T47/><D76/><U10/><E109/><V111/><F104/><W68/><G68/><T84/><D134/><U16/><E69/><V114/><F38/><W67/><G67/><T121/><D84/><U12/><E45/><V61/><F111/><W122/><G122/><T48/><D121/><U91/><E113/><V120/><F120/><W92/><G85/><T46/><D32/><U22/><E100/><V23/><F7/><W90/><G36/><T62/><D103/><U27/><E10/><V115/><F118/><W55/><G55/><T93/><D93/><U72/><E98/><V24/><F31/><N who="0" m="11818" /><D18/><U102/><E102/><V43/><F43/><W74/><G74/><T25/><D25/><U41/><E41/><V11/><F11/><W99/><G37/><T49/><D62/><U81/><REACH who="1" step="1"/><E73/><REACH who="1" ten="310,80,360,240" step="2"/><V95/><F114/><W131/><G99/><T89/><D44/><U40/><E40/><V58/><F115/><W110/><G110/><T96/><D96/><U79/><E79/><V51/><F59/><W70/><G70/><T63/><D46/><U82/><E82/><V26/><F58/><W132/><G97/><T14/><D47/><U83/><E83/><V94/><F33/><W133/><G35/><T66/><D42/><U117/><E117/><V2/><F23/><W65/><G20/><T4/><D89/><U124/><E124/><V39/><F21/><W60/><G34/><T112/><D112/><U105/><E105/><V50/><F39/><W88/><G90/><RYUUKYOKU ba="0,1" sc="310,-10,80,30,360,-10,240,-10" hai1="5,9,12,16,22,27,54,56,72,75,81,87,91" /><INIT seed="5,1,1,2,2,135" ten="300,110,350,230" oya="1" hai0="68,71,134,62,30,98,16,63,95,28,96,44,58" hai1="78,120,7,38,72,130,84,56,105,86,118,48,69" hai2="27,43,113,90,92,126,36,60,64,80,59,45,35" hai3="1,32,74,23,3,20,132,73,103,97,26,107,49"/><U131/><E38/><V124/><F113/><W50/><G32/><T116/><D116/><U106/><E69/><V122/><F122/><W47/><G132/><T127/><D134/><U81/><E7/><V111/><F111/><W77/><G50/><T22/><D44/><U31/><E31/><V119/><F119/><W93/><G107/><N who="1" m="40970" /><E118/><V18/><F80/><W99/><G99/><T82/><D71/><U8/><E8/><V25/><F35/><W41/><G77/><T54/><D30/><U87/><E56/><V6/><F6/><W15/><G15/><T129/><D28/><U65/><E65/><V57/><F57/><W2/><REACH who="3" step="1"/><G20/><REACH who="3" ten="300,110,350,220" step="2"/><T53/><D22/><U110/><E48/><V79/><F36/><W24/><G24/><T85/><D63/><U94/><E120/><V14/><F27/><W9/><G9/><T67/><D62/><U128/><E110/><V88/><F25/><W17/><AGARI ba="1,2" hai="1,2,3,17,23,26,41,47,49,73,74,93,97,103" machi="17" ten="30,2000,0" yaku="1,1,0,1,53,0" doraHai="135" doraHaiUra="121" who="3" fromWho="3" sc="300,-6,110,-11,350,-6,220,43" /><INIT seed="6,0,0,3,5,82" ten="294,99,344,263" oya="2" hai0="98,24,15,77,10,102,127,54,48,120,61,66,109" hai1="89,28,33,36,25,123,1,46,115,116,124,69,132" hai2="118,64,117,60,93,92,62,5,130,128,42,70,41" hai3="43,47,49,65,79,126,63,80,26,16,34,113,97"/><V111/><F5/><W23/><G126/><T20/><D127/><U39/><RYUUKYOKU type="yao9" ba="0,0" sc="294,0,99,0,344,0,263,0" hai1="1,25,28,33,36,39,46,69,89,115,116,123,124,132" /><INIT seed="6,1,0,3,4,42" ten="294,99,344,263" oya="2" hai0="103,86,96,68,18,8,29,36,90,110,27,80,66" hai1="20,41,33,91,59,25,128,39,24,71,22,109,65" hai2="31,120,61,5,74,17,43,108,56,117,14,55,115" hai3="51,114,88,100,58,121,125,112,52,38,124,87,84"/><V89/><F117/><W102/><G84/><T45/><D110/><U70/><E109/><V134/><F120/><W54/><G38/><T13/><D68/><U23/><E128/><V118/><F118/><W34/><G54/><T6/><D66/><U126/><E126/><N who="3" m="48746" /><G34/><T3/><D36/><U10/><E10/><V11/><F108/><W107/><G121/><T77/><D45/><U15/><E15/><V50/><F31/><W46/><G58/><T7/><D3/><U123/><E123/><V133/><F74/><W19/><G19/><T32/><REACH who="0" step="1"/><D77/><REACH who="0" ten="284,99,344,263" step="2"/><U26/><E70/><V101/><F133/><W16/><G107/><AGARI ba="1,1" hai="6,7,8,13,18,27,29,32,80,86,90,96,103,107" machi="107" ten="30,7700,0" yaku="1,1,2,1,7,1,53,1" doraHai="42" doraHaiUra="98" who="0" fromWho="3" sc="284,90,99,0,344,0,263,-80" /><INIT seed="7,0,0,5,3,109" ten="374,99,344,183" oya="3" hai0="56,106,101,130,87,0,82,81,40,33,62,124,6" hai1="88,20,58,26,14,71,76,25,19,73,117,122,96" hai2="99,1,110,15,65,105,79,53,52,18,13,90,94" hai3="47,92,3,35,59,5,54,48,134,39,34,24,85"/><W128/><G3/><T131/><D33/><U10/><E122/><V61/><F110/><W11/><G128/><N who="0" m="49195" /><D124/><U127/><E71/><V64/><F1/><W83/><G92/><T9/><D40/><U49/><E127/><V69/><F65/><W114/><G24/><T23/><D23/><U74/><E117/><V22/><F105/><W100/><G100/><T135/><D135/><U80/><E74/><V113/><F113/><W108/><G59/><T103/><D106/><U97/><E97/><V93/><F79/><W12/><G54/><N who="0" m="34071" /><D82/><U60/><E49/><V107/><F107/><W111/><G5/><T42/><D42/><U115/><E115/><V36/><F36/><W45/><G12/><T28/><D28/><U32/><E32/><V91/><REACH who="2" step="1"/><F15/><REACH who="2" ten="374,99,334,183" step="2"/><W17/><G108/><T4/><D4/><U37/><E37/><V119/><F119/><W51/><G85/><AGARI ba="0,1" hai="13,18,22,52,53,61,64,69,85,90,91,93,94,99" machi="85" ten="30,3900,0" yaku="1,1,7,1,54,1,53,0" doraHai="109" doraHaiUra="78" who="2" fromWho="3" sc="374,0,99,0,334,49,183,-39" owari="374,17.4,99,-40.1,383,48.3,144,-25.6" /></mjloggm>