<mjloggm ver="2.3"><GO type="169" lobby="0"/><UN n0="%73%79%75%70%6F%6E" n1="%4D%72%52%41%4D%4F" n2="%E5%A4%A9%E7%A9%BA%E3%81%AE%E6%8A%80" n3="%E3%81%97%E3%82%83%E3%82%93%E3%81%8A%E3%81%98" dan="17,16,16,17" rate="2218.52,2128.73,2145.20,2187.91" sx="M,M,M,F"/><TAIKYOKU oya="0"/><INIT seed="0,0,0,1,5,9" ten="250,250,250,250" oya="0" hai0="81,116,48,119,22,40,46,129,111,70,15,59,23" hai1="60,28,50,74,44,128,27,99,64,130,54,135,37" hai2="78,52,42,41,82,31,11,36,63,112,71,43,76" hai3="17,126,108,18,106,118,57,98,38,89,79,68,32"/><T34/><D70/><U53/><E74/><V88/><F112/><W124/><G118/><T84/><D34/><U110/><E99/><V80/><F31/><W83/><G68/><T107/><D107/><U25/><E25/><V114/><F71/><W101/><G38/><T4/><D129/><N who="1" m="49771" /><E110/><V127/><F127/><W14/><G32/><T30/><D111/><U97/><E97/><V45/><F36/><W58/><G89/><T115/><D115/><U6/><E6/><V75/><F114/><W5/><G5/><T26/><D59/><N who="1" m="36895" /><E37/><V2/><F2/><W120/><G18/><T61/><D61/><U67/><E67/><V113/><F11/><N who="3" m="6367" /><G120/><T93/><D93/><U109/><E135/><V92/><F75/><W21/><G21/><T13/><D22/><N who="1" m="15479" /><E109/><V20/><F20/><W3/><G3/><T7/><D7/><U96/><E96/><N who="2" m="57351" /><F113/><W105/><G105/><T69/><D4/><U131/><E131/><V86/><F63/><W35/><G35/><T123/><D123/><U0/><E0/><V95/><F95/><W33/><G33/><T72/><D72/><U56/><E56/><N who="3" m="21610" /><G108/><T104/><D104/><U19/><E19/><V85/><F41/><AGARI ba="0,0" hai="41,44,50,53,54" m="15479,36895,49771" machi="41" ten="30,1000,0" yaku="19,1" doraHai="9" who="1" fromWho="2" sc="250,0,250,10,250,-10,250,0" /><INIT seed="1,0,0,2,2,134" ten="250,260,240,250" oya="1" hai0="105,118,78,80,101,7,45,66,129,113,60,68,104" hai1="21,83,64,72,61,91,123,63,42,70,35,32,110" hai2="46,88,18,119,112,3,90,5,73,20,128,25,96" hai3="41,126,48,17,108,98,120,135,56,33,79,13,62"/><U4/><E123/><V12/><F128/><W29/><G120/><T65/><D113/><U38/><E4/><V57/><F73/><W67/><G135/><T77/><D118/><U81/><E110/><V59/><F119/><W30/><G108/><T8/><D129/><U6/><E6/><V1/><F1/><W87/><G33/><T95/><D66/><U84/><E61/><V103/><F3/><W0/><G0/><T76/><D80/><U23/><E38/><V133/><F112/><W27/><G27/><T14/><REACH who="0" step="1"/><D45/><REACH who="0" ten="240,260,240,250" step="2"/><U31/><E42/><V107/><F46/><W94/><G67/><T82/><D82/><U97/><E97/><AGARI ba="0,1" hai="7,8,14,60,65,68,76,77,78,95,97,101,104,105" machi="97" ten="40,8000,1" yaku="1,1,53,3" doraHai="134" doraHaiUra="75" who="0" fromWho="1" sc="240,90,260,-80,240,0,250,0" /><INIT seed="2,0,0,4,2,70" ten="330,180,240,250" oya="2" hai0="88,96,127,112,31,41,34,32,60,103,108,131,130" hai1="91,15,55,125,79,25,12,97,40,81,76,102,105" hai2="87,82,58,24,66,118,78,71,132,65,77,21,16" hai3="33,129,74,123,89,52,9,72,28,104,98,6,0"/><V17/><F132/><W116/><G116/><T119/><D112/><U37/><E125/><V109/><F71/><W124/><G123/><T19/><D127/><U4/><E55/><V44/><F118/><W90/><G124/><T36/><D119/><U48/><E48/><V35/><F35/><W114/><G114/><T45/><D108/><U120/><E120/><V47/><F109/><W92/><G129/><N who="0" m="49163" /><D31/><U113/><E113/><V107/><F107/><W2/><G2/><T128/><D128/><U14/><E4/><V46/><F78/><W59/><G104/><N who="0" m="63591" /><D60/><U18/><E91/><V86/><F86/><W10/><G10/><T93/><D19/><N who="2" m="7242" /><F58/><W30/><G89/><T68/><D68/><U85/><E76/><V54/><F54/><W42/><G42/><T134/><D134/><U43/><E43/><V115/><F115/><W22/><G33/><T99/><AGARI ba="0,0" hai="32,34,36,41,45,88,93,99" m="63591,49163" machi="99" ten="30,4000,0" yaku="19,1,52,1,54,1" doraHai="70" who="0" fromWho="0" sc="330,40,180,-10,240,-20,250,-10" /><INIT seed="3,0,0,3,2,102" ten="370,170,220,240" oya="3" hai0="107,77,49,96,66,68,112,62,23,3,78,101,15" hai1="87,72,130,57,67,65,24,8,85,5,43,134,55" hai2="1,99,103,11,122,74,118,128,32,34,93,33,79" hai3="22,92,4,109,58,56,9,29,28,115,7,2,125"/><W41/><G115/><T59/><D3/><U94/><E72/><V31/><F128/><W14/><G125/><T86/><D112/><U108/><E130/><V54/><F122/><W16/><G109/><T121/><D121/><U30/><E108/><V44/><F31/><W71/><G71/><T119/><D119/><U113/><E113/><V64/><F64/><W132/><G132/><T131/><D131/><U53/><E43/><V114/><F114/><W6/><G41/><T98/><D98/><U26/><E134/><V106/><F118/><W88/><G2/><T37/><D37/><U100/><E100/><V42/><F54/><W91/><G91/><T126/><D126/><U83/><E94/><V20/><F20/><W117/><G117/><T46/><D86/><U17/><E17/><V82/><F11/><W111/><G111/><T129/><D68/><U39/><E39/><N who="2" m="21599" /><F93/><W69/><G69/><T120/><D120/><U90/><E53/><V105/><F1/><W89/><G89/><T127/><D127/><U27/><E30/><N who="3" m="11882" /><G9/><T61/><D129/><U36/><E36/><V104/><AGARI ba="0,0" hai="32,33,34,74,79,82,99,103,104,105,106" m="21599" machi="104" ten="40,8000,1" yaku="33,2,52,3" doraHai="102" who="2" fromWho="2" sc="370,-20,170,-20,220,80,240,-40" /><INIT seed="4,0,0,4,4,82" ten="350,150,300,200" oya="0" hai0="19,27,77,108,83,115,72,120,28,5,81,75,135" hai1="65,55,11,8,125,13,88,102,98,40,3,29,63" hai2="121,6,52,129,69,25,10,31,127,53,64,50,48" hai3="90,2,123,94,116,45,122,118,9,59,131,130,71"/><T86/><D120/><N who="3" m="46121" /><G71/><T54/><D115/><U84/><E125/><V47/><F127/><W44/><G59/><T62/><D135/><U21/><E40/><V119/><F129/><N who="3" m="49163" /><G9/><T22/><D108/><U58/><E3/><V26/><F119/><N who="3" m="45611" /><G2/><T74/><D5/><U7/><E8/><V56/><F31/><W134/><G134/><T35/><D54/><U105/><E29/><V37/><F121/><W91/><G94/><T95/><D95/><U66/><REACH who="1" step="1"/><E21/><REACH who="1" ten="350,140,300,200" step="2"/><V38/><F10/><W99/><G99/><T104/><D22/><U70/><E70/><V112/><F69/><W128/><G128/><T68/><D68/><U4/><E4/><V67/><F6/><W103/><G103/><T110/><D28/><U17/><E17/><V96/><F96/><W49/><G44/><T117/><D117/><U79/><E79/><V114/><F47/><W24/><G24/><T126/><D77/><U132/><E132/><V57/><AGARI ba="0,1" hai="25,26,37,38,48,50,52,53,56,57,64,67,112,114" machi="57" ten="25,6400,0" yaku="0,1,22,2,54,1" doraHai="82" who="2" fromWho="2" sc="350,-32,140,-16,300,74,200,-16" /><INIT seed="5,0,0,1,4,72" ten="318,124,374,184" oya="1" hai0="47,48,35,81,114,0,49,14,17,29,96,64,103" hai1="45,55,80,51,34,7,60,104,59,83,89,20,67" hai2="70,37,8,40,98,117,21,107,73,109,95,115,118" hai3="68,16,119,5,92,124,10,105,116,46,128,134,127"/><U113/><E113/><V129/><F109/><W111/><G105/><T11/><D114/><U108/><E34/><V24/><F70/><W90/><G111/><T2/><D64/><U52/><E108/><V121/><F107/><W132/><G68/><T43/><D29/><U76/><E104/><V84/><F73/><W61/><G61/><T53/><D81/><U85/><E7/><V33/><F33/><W25/><G46/><T58/><REACH who="0" step="1"/><D35/><REACH who="0" ten="308,124,374,184" step="2"/><U71/><E20/><V93/><F21/><N who="3" m="13479" /><G128/><T9/><D9/><U4/><E4/><V131/><F8/><W86/><G10/><T3/><D3/><U77/><REACH who="1" step="1"/><E83/><REACH who="1" ten="308,114,374,184" step="2"/><V126/><F115/><W19/><G5/><T22/><D22/><U30/><E30/><V23/><F23/><W123/><G19/><T69/><D69/><U82/><E82/><V57/><F129/><W66/><G123/><T12/><D12/><U99/><E99/><V78/><F131/><W32/><G32/><T125/><D125/><U27/><E27/><V97/><F126/><W120/><G120/><T50/><D50/><AGARI ba="0,2" hai="45,50,51,52,55,59,60,67,71,76,77,80,85,89" machi="50" ten="30,12000,1" yaku="1,1,7,1,52,2,54,1,53,0" doraHai="72" doraHaiUra="94" who="1" fromWho="0" sc="308,-120,114,140,374,0,184,0" /><INIT seed="5,1,0,0,4,20" ten="188,254,374,184" oya="1" hai0="28,38,5,7,97,122,132,103,91,117,14,102,119" hai1="35,73,121,100,45,40,110,77,59,131,49,133,69" hai2="126,84,108,22,74,94,9,87,106,113,60,11,116" hai3="104,120,46,0,4,12,76,10,6,124,1,21,67"/><U89/><E121/><V114/><F108/><W55/><G120/><T90/><D38/><U57/><E69/><V123/><F123/><W47/><G104/><T70/><D70/><U93/><E110/><V99/><F74/><W115/><G115/><N who="2" m="44041" /><F106/><W30/><G124/><T81/><D122/><U112/><E112/><V36/><F36/><W52/><G67/><T44/><D44/><N who="3" m="16937" /><G0/><T23/><D132/><U96/><E133/><V105/><F105/><W50/><G1/><T86/><D117/><U128/><E35/><V64/><F22/><W19/><G76/><T25/><D119/><U72/><E100/><N who="0" m="38441" /><D14/><U63/><E59/><N who="2" m="36895" /><F126/><W29/><G50/><T31/><D31/><N who="3" m="11785" /><G10/><N who="2" m="3593" /><F116/><W15/><G15/><T33/><D33/><U42/><E42/><V32/><F32/><W111/><G111/><T51/><D51/><U24/><E49/><V54/><F54/><AGARI ba="1,0" hai="4,6,12,19,21,52,54,55" m="11785,16937" machi="54" ten="30,2000,0" yaku="8,1,54,1" doraHai="20" who="3" fromWho="2" sc="188,0,254,0,374,-23,184,23" /><INIT seed="6,0,0,5,2,14" ten="188,254,351,207" oya="2" hai0="108,107,25,112,60,23,9,28,84,77,61,72,126" hai1="92,130,27,57,95,65,120,46,91,18,62,51,87" hai2="3,75,73,86,78,74,122,42,33,82,127,67,35" hai3="80,31,64,30,59,44,16,134,76,21,4,56,32"/><V118/><F3/><W89/><G134/><T8/><D108/><U70/><E130/><V36/><F127/><W48/><G4/><T115/><D107/><U135/><E135/><V124/><F124/><W41/><G32/><T17/><D72/><U68/><E120/><V132/><F122/><W109/><G109/><T2/><D126/><U94/><E70/><V40/><F118/><W50/><G64/><T111/><D111/><U99/><E68/><V97/><F67/><W103/><G103/><T38/><D38/><U69/><E69/><V1/><F1/><W104/><G104/><T10/><D2/><U7/><E7/><V125/><F132/><W12/><G89/><T117/><D117/><U85/><E85/><V105/><F125/><W5/><G5/><T133/><D133/><U90/><E90/><V19/><F97/><W6/><G6/><T110/><D110/><U119/><E119/><V29/><F105/><W83/><G56/><T45/><D45/><U79/><E79/><V43/><F29/><N who="3" m="10763" /><G76/><T113/><REACH who="0" step="1"/><D28/><REACH who="0" ten="178,254,351,207" step="2"/><U123/><E123/><V34/><F36/><W88/><G88/><T58/><D58/><U93/><E99/><V116/><F116/><W106/><G106/><T22/><D22/><U55/><E95/><V24/><F75/><W54/><AGARI ba="0,1" hai="12,16,21,41,44,48,50,54,59,80,83" m="10763" machi="54" ten="30,4000,0" yaku="8,1,52,1,54,1" doraHai="14" who="3" fromWho="3" sc="178,-10,254,-10,351,-20,207,50" /><INIT seed="7,0,0,0,2,95" ten="168,244,331,257" oya="3" hai0="89,29,66,117,51,5,92,115,28,63,49,131,97" hai1="3,87,7,16,39,12,86,57,122,40,108,65,130" hai2="124,23,94,9,98,45,68,47,73,17,84,81,10" hai3="53,61,103,44,107,30,6,38,59,82,43,112,127"/><W105/><G112/><T69/><D117/><U91/><E108/><V109/><F68/><W78/><G127/><T100/><D131/><U42/><E122/><V75/><F75/><W67/><G30/><T129/><D129/><U4/><E130/><V56/><F73/><W24/><G24/><T20/><D115/><U102/><E102/><N who="2" m="60759" /><F56/><W88/><G103/><T62/><D5/><N who="1" m="2123" /><E39/><V79/><F109/><W18/><G18/><T116/><D116/><U119/><E3/><V35/><F35/><W80/><G6/><T99/><D63/><N who="1" m="38127" /><E119/><V90/><F124/><W132/><G132/><T55/><D20/><N who="1" m="11271" /><E87/><V46/><F79/><W50/><G80/><AGARI ba="0,0" hai="40,42,80,86,91" m="11271,38127,2123" machi="80" ten="30,2000,0" yaku="8,1,54,1" doraHai="95" who="1" fromWho="3" sc="168,0,244,20,331,0,257,-20" owari="168,-33.2,264,6.4,331,43.1,237,-16.3" /></mjloggm>