<mjloggm ver="2.3"><GO type="169" lobby="0"/><UN n0="%70%61%6E%30%39%30%37" n1="%E8%99%B9%E8%89%B2%E3%82%B8%E3%83%A7%E3%83%BC%E3%82%AB%E3%83%BC" n2="%62%73%64%5F%33" n3="%31%32%33%35%37%38%35" dan="17,17,16,16" rate="2196.43,2209.19,2034.07,2053.05" sx="M,M,F,M"/><TAIKYOKU oya="0"/><INIT seed="0,0,0,3,5,72" ten="250,250,250,250" oya="0" hai0="87,26,23,95,128,108,105,112,29,94,88,5,39" hai1="45,17,132,34,25,50,46,19,41,10,36,2,115" hai2="70,114,98,135,82,43,110,84,90,81,97,59,24" hai3="122,99,11,27,58,89,15,22,52,71,51,9,79"/><T13/><D112/><U130/><E115/><V124/><F70/><W134/><G71/><T121/><D121/><U65/><E132/><V113/><F135/><W12/><G122/><T49/><D105/><U117/><E117/><V4/><F110/><W66/><G66/><T44/><D39/><U61/><E130/><V111/><F111/><W14/><G79/><T104/><D104/><U53/><E2/><V129/><F129/><W7/><G134/><T106/><D106/><U85/><E10/><V18/><F124/><W67/><G67/><T83/><D128/><U109/><E109/><V8/><F43/><W56/><G56/><T31/><D29/><U68/><E34/><V54/><F82/><W96/><G89/><T42/><REACH who="0" step="1"/><D108/><REACH who="0" ten="240,250,250,250" step="2"/><U30/><E30/><V57/><F114/><W64/><G64/><T55/><D55/><U16/><REACH who="1" step="1"/><E85/><REACH who="1" ten="240,240,250,250" step="2"/><V116/><F84/><W92/><G11/><AGARI ba="0,2" hai="5,11,13,23,26,31,42,44,49,83,87,88,94,95" machi="11" ten="40,7700,0" yaku="1,1,8,1,54,1,53,0" doraHai="72" doraHaiUra="32" who="0" fromWho="3" sc="240,97,240,0,250,0,250,-77" /><INIT seed="0,1,0,5,5,80" ten="337,240,250,173" oya="0" hai0="70,131,39,43,117,4,126,37,8,59,34,90,36" hai1="74,50,62,38,29,121,71,104,6,100,96,66,130" hai2="82,0,73,23,99,81,85,101,129,17,91,65,19" hai3="1,3,98,105,119,53,30,46,28,122,83,22,68"/><T110/><D117/><U35/><E121/><V24/><F0/><W123/><G119/><T20/><D70/><U41/><E130/><V72/><F129/><W52/><G68/><T118/><D118/><U108/><E108/><V95/><F65/><W94/><G105/><T51/><D131/><U10/><E50/><V124/><F124/><W84/><G3/><T54/><D34/><U18/><E18/><V93/><F73/><W133/><G1/><T77/><D126/><U15/><E74/><V33/><F33/><W44/><G133/><T111/><D77/><U79/><E79/><V21/><REACH who="2" step="1"/><F72/><REACH who="2" ten="337,240,240,173" step="2"/><W47/><G122/><T49/><D111/><U57/><E35/><V45/><F45/><W88/><G123/><T116/><D110/><U78/><E78/><V102/><F102/><N who="3" m="60759" /><G22/><T135/><D20/><U31/><E71/><V120/><F120/><W97/><G97/><T25/><D116/><U107/><E107/><V128/><F128/><W60/><G53/><T69/><D69/><U55/><E55/><V125/><F125/><W14/><G14/><AGARI ba="1,1" hai="14,17,19,21,23,24,81,82,85,91,93,95,99,101" machi="14" ten="30,7700,0" yaku="1,1,7,1,8,1,52,1,53,0" doraHai="80" doraHaiUra="2" who="2" fromWho="3" sc="337,0,240,0,240,90,173,-80" /><INIT seed="1,0,0,0,1,6" ten="337,240,330,93" oya="1" hai0="81,102,28,129,55,29,27,34,47,87,65,101,16" hai1="117,10,95,22,109,68,37,105,119,70,67,111,57" hai2="107,5,43,98,21,110,66,73,99,78,45,14,91" hai3="72,83,36,75,64,40,71,100,80,127,77,106,90"/><U26/><E105/><V52/><F110/><N who="1" m="41993" /><E95/><V49/><F73/><W84/><G64/><T32/><D129/><U2/><E37/><V97/><F78/><N who="3" m="44127" /><G71/><N who="1" m="27178" /><E2/><V130/><F130/><W124/><G40/><T60/><D65/><U59/><E10/><N who="2" m="4431" /><F66/><W41/><G41/><T128/><D128/><U116/><E67/><V92/><F107/><W20/><G20/><T48/><D60/><U61/><E61/><V56/><F21/><W17/><G17/><AGARI ba="0,0" hai="17,22,26,57,59,116,117,119" m="27178,41993" machi="17" ten="40,3900,0" yaku="14,1,10,1" doraHai="6" who="1" fromWho="3" sc="337,0,240,39,330,0,93,-39" /><INIT seed="1,1,0,2,0,67" ten="337,279,330,54" oya="1" hai0="128,72,120,10,119,71,106,125,5,22,96,124,129" hai1="42,25,30,13,102,76,43,114,70,37,27,28,2" hai2="133,88,48,105,113,85,82,1,86,87,51,104,109" hai3="23,4,38,107,50,116,32,121,92,111,118,84,110"/><U65/><E114/><V115/><F1/><W0/><G32/><T3/><D119/><N who="3" m="45609" /><G38/><T34/><D22/><U123/><E123/><V52/><F109/><N who="3" m="41483" /><G107/><T80/><D120/><U103/><E2/><V39/><F39/><W131/><G121/><T81/><D34/><U97/><E76/><V94/><F133/><W26/><G50/><T127/><D71/><U122/><E122/><V68/><F68/><W29/><G92/><T132/><D132/><U7/><E37/><V99/><F51/><W79/><G84/><T40/><D40/><U33/><E102/><V61/><F61/><W98/><G98/><T45/><D45/><U31/><E31/><V64/><F64/><W21/><G79/><N who="0" m="44135" /><D81/><U66/><E66/><V73/><F73/><W49/><G49/><T62/><D62/><N who="1" m="40247" /><E13/><V77/><F77/><W24/><G131/><N who="0" m="50251" /><D96/><U135/><E7/><V53/><F82/><W41/><G41/><T59/><D59/><U95/><E135/><V20/><F48/><W47/><G47/><T17/><D17/><U9/><E43/><V74/><F74/><W63/><G63/><T83/><D83/><U56/><E42/><V101/><F115/><W75/><G75/><T19/><D19/><U91/><E56/><V8/><F113/><W44/><G44/><T69/><D69/><U78/><E78/><V58/><F58/><W6/><G0/><T126/><N who="0" m="31744" /><DORA hai="36" /><T134/><D134/><U54/><E33/><V112/><F112/><W15/><G15/><T130/><N who="0" m="50259" /><T108/><DORA hai="57" /><D108/><U46/><E97/><V16/><F99/><W55/><G55/><RYUUKYOKU ba="1,0" sc="337,15,279,-15,330,-15,54,15" hai0="3,5,10,106" hai3="4,6,21,23,24,26,29" /><INIT seed="2,2,0,4,0,97" ten="352,264,315,69" oya="2" hai0="38,126,14,46,133,50,84,42,29,78,93,118,86" hai1="68,131,55,100,24,82,121,63,92,34,122,22,25" hai2="21,112,120,134,7,70,18,76,135,52,101,91,90" hai3="111,115,80,32,85,58,69,35,102,62,113,89,81"/><V49/><F112/><N who="3" m="43083" /><G69/><T65/><D126/><U28/><E131/><V31/><F120/><N who="1" m="46185" /><E82/><V106/><F70/><W12/><G12/><T17/><D118/><U57/><E68/><V59/><F76/><W11/><G11/><T127/><D127/><U124/><E124/><V3/><F31/><W43/><G43/><T83/><D133/><N who="2" m="50698" /><F7/><W96/><G80/><T117/><D117/><U71/><E71/><V54/><F54/><N who="3" m="34135" /><G111/><T87/><D29/><N who="1" m="17559" /><E92/><AGARI ba="2,0" hai="32,35,81,85,89,92,96,102" m="34135,43083" machi="92" ten="30,2000,0" yaku="11,1,52,1" doraHai="97" who="3" fromWho="1" sc="352,0,264,-26,315,0,69,26" /><INIT seed="3,0,0,3,4,54" ten="352,238,315,95" oya="3" hai0="127,46,65,43,33,104,86,4,25,107,126,51,93" hai1="2,11,96,61,79,56,36,115,101,125,88,48,32" hai2="62,39,29,55,117,57,26,110,13,113,82,58,9" hai3="114,87,106,20,42,12,119,66,27,94,80,50,18"/><W121/><G114/><T31/><D4/><U133/><E115/><V34/><F117/><W116/><G106/><T15/><D15/><U19/><E36/><V131/><F113/><W69/><G121/><T92/><D65/><U91/><E32/><V52/><F110/><W71/><G71/><T95/><REACH who="0" step="1"/><D86/><REACH who="0" ten="342,238,315,95" step="2"/><U85/><E85/><V40/><F131/><W111/><G111/><T59/><D59/><U128/><E128/><V74/><F74/><W41/><G66/><T78/><D78/><U37/><E79/><V38/><F82/><W21/><G69/><T16/><D16/><U123/><E19/><V68/><F68/><W112/><G112/><T100/><D100/><U89/><E101/><V35/><F35/><W98/><G116/><T75/><D75/><U5/><E56/><V120/><F120/><W22/><G119/><T14/><D14/><U109/><E123/><V63/><F40/><W72/><G72/><T30/><D30/><U130/><E5/><AGARI ba="0,1" hai="5,9,13,26,29,34,38,39,52,55,57,58,62,63" machi="5" ten="30,8000,1" yaku="7,1,9,1,52,2,54,1" doraHai="54" who="2" fromWho="1" sc="342,0,238,-80,315,90,95,0" /><INIT seed="4,0,0,3,3,83" ten="342,158,405,95" oya="0" hai0="90,59,108,51,98,82,126,116,105,16,74,64,36" hai1="80,122,53,55,52,77,112,2,25,127,28,124,133" hai2="47,17,103,73,102,87,93,69,24,8,89,118,95" hai3="23,6,35,48,49,130,11,113,72,84,106,110,18"/><T62/><D116/><U101/><E122/><V65/><F73/><W123/><G110/><T63/><D36/><U5/><E133/><V114/><F114/><W40/><G72/><T115/><D115/><U19/><E101/><V15/><F118/><W43/><G113/><T45/><D126/><N who="1" m="48171" /><E112/><V32/><F69/><W57/><G35/><T66/><D108/><U71/><E71/><V42/><F65/><W9/><G106/><T125/><D125/><U33/><E19/><V41/><F41/><W31/><G31/><T109/><D109/><U46/><E5/><V60/><F60/><W54/><G130/><T81/><D105/><U39/><E2/><V86/><F24/><W34/><G34/><T67/><D74/><N who="1" m="43063" /><E39/><V22/><F32/><W91/><G123/><T135/><D135/><U96/><E96/><V104/><F104/><W68/><G68/><T27/><D98/><U21/><E33/><V58/><F58/><W111/><G111/><T78/><D78/><U4/><E4/><V56/><F56/><W3/><G48/><AGARI ba="0,0" hai="21,25,28,46,48,52,53,55" m="43063,48171" machi="48" ten="30,2000,0" yaku="18,1,54,1" doraHai="83" who="1" fromWho="3" sc="342,0,158,20,405,0,95,-20" /><INIT seed="5,0,0,4,2,124" ten="342,178,405,75" oya="1" hai0="56,19,101,125,53,102,79,98,119,44,52,71,131" hai1="111,76,64,120,5,107,6,130,70,26,30,108,67" hai2="48,129,88,105,118,92,60,89,55,9,40,34,14" hai3="106,47,24,35,74,86,18,99,42,109,38,2,4"/><U16/><E107/><V39/><F118/><W72/><G109/><N who="1" m="42058" /><E76/><V93/><F129/><W68/><G86/><T3/><D131/><U46/><E130/><V28/><F105/><W94/><G18/><T82/><D71/><U13/><E46/><V37/><F34/><W65/><G94/><T69/><D69/><U75/><E75/><V121/><F28/><N who="3" m="19847" /><G4/><N who="1" m="1642" /><E70/><V91/><F40/><W1/><G72/><T50/><D3/><U90/><E90/><V135/><F135/><W15/><G15/><T122/><D119/><U43/><E43/><V103/><F39/><W66/><G66/><T25/><D125/><U87/><E87/><V31/><F37/><W116/><G74/><T128/><D128/><U7/><N who="1" m="1650" /><U133/><DORA hai="20" /><E120/><V0/><F91/><W112/><G116/><T36/><D122/><U100/><E100/><V84/><F103/><N who="3" m="62847" /><G112/><T11/><D102/><U97/><E97/><V8/><F89/><W73/><G73/><T110/><D110/><U78/><E78/><V49/><F93/><W115/><G115/><T23/><D101/><U83/><E83/><V32/><F121/><W134/><G134/><T17/><D98/><U96/><E96/><V27/><F0/><W104/><G104/><T33/><D82/><U126/><E133/><V61/><F92/><W58/><G58/><T51/><D79/><U63/><E126/><V12/><F88/><W117/><G117/><T114/><D114/><U113/><E113/><V132/><F84/><W54/><G54/><T81/><D81/><U59/><E67/><V80/><F132/><W29/><G29/><RYUUKYOKU ba="0,0" sc="342,-10,178,-10,405,-10,75,30" hai3="1,2,38,42,47,65,68" /><INIT seed="6,1,0,2,3,123" ten="332,168,395,105" oya="2" hai0="134,77,20,57,84,101,116,0,78,114,13,38,92" hai1="132,75,5,3,24,26,15,62,109,37,100,16,110" hai2="95,8,118,117,39,106,54,25,44,72,135,19,47" hai3="34,65,27,66,67,126,73,14,61,21,36,102,31"/><V90/><F106/><W2/><G36/><T105/><D114/><U112/><E37/><V113/><F72/><W133/><G73/><T48/><D0/><U70/><E75/><V82/><F113/><W50/><G126/><T55/><D134/><U64/><E132/><V41/><F135/><W83/><G133/><T111/><D111/><U81/><E112/><V52/><F82/><W96/><G2/><T74/><D116/><U80/><E100/><V30/><F19/><W18/><G50/><T46/><D105/><U28/><E26/><V69/><F8/><W17/><G17/><N who="0" m="10287" /><D101/><U94/><E94/><V119/><F47/><W130/><G130/><T125/><D125/><U22/><E81/><V124/><F69/><W63/><REACH who="3" step="1"/><G83/><REACH who="3" ten="332,168,395,95" step="2"/><T12/><D74/><U89/><E80/><V99/><REACH who="2" step="1"/><F124/><REACH who="2" ten="332,168,385,95" step="2"/><W97/><G97/><T56/><D46/><U91/><E5/><V68/><F68/><W9/><G9/><T33/><D77/><U93/><E70/><V129/><F129/><W6/><G6/><T79/><D78/><U60/><E16/><V40/><F40/><W107/><AGARI ba="1,2" hai="14,18,21,27,31,34,61,63,65,66,67,96,102,107" machi="107" ten="30,7900,0" yaku="1,1,0,1,53,2" doraHai="123" doraHaiUra="58" who="3" fromWho="3" sc="332,-21,168,-21,385,-40,95,102" /><INIT seed="7,0,0,4,4,41" ten="311,147,345,197" oya="3" hai0="54,17,57,102,38,28,129,12,121,31,8,112,87" hai1="1,23,72,27,119,84,66,78,122,73,63,65,135" hai2="42,114,9,117,13,116,68,70,83,132,59,55,133" hai3="111,125,94,39,45,53,98,52,82,77,0,126,22"/><W15/><G0/><T6/><D121/><U60/><E122/><V80/><F42/><N who="3" m="22751" /><G22/><T50/><D38/><U108/><E108/><V100/><F100/><W123/><G15/><T95/><D129/><U30/><E1/><V74/><F114/><W46/><G123/><T51/><D50/><U26/><E135/><N who="2" m="51787" /><F70/><W56/><G111/><T115/><D6/><U134/><E134/><V33/><F68/><W16/><G16/><T86/><D86/><U44/><E119/><N who="2" m="45643" /><F33/><W131/><G82/><T40/><D40/><U19/><E44/><V7/><F74/><W75/><G77/><T128/><D128/><U93/><E73/><V104/><F104/><W105/><G105/><T21/><D8/><U107/><E107/><V97/><F97/><W81/><G81/><T37/><D37/><U36/><E36/><V90/><F90/><W14/><G14/><T2/><D2/><U110/><E110/><V89/><F89/><W69/><G75/><T25/><D102/><U43/><E43/><V18/><F18/><W3/><G3/><T120/><D120/><U35/><E72/><V79/><F79/><W88/><G69/><T47/><D115/><U58/><E78/><V34/><F34/><W5/><G5/><T29/><D112/><U130/><E130/><V101/><F101/><W96/><G96/><T48/><D12/><U103/><E103/><V106/><F106/><W109/><G109/><T124/><D17/><U127/><E19/><V4/><F4/><W64/><G131/><T61/><D21/><U99/><E127/><V67/><F7/><W24/><G125/><RYUUKYOKU ba="0,0" sc="311,0,147,0,345,0,197,0" owari="311,11.1,147,-35.3,345,44.5,197,-20.3" /></mjloggm>