<mjloggm ver="2.3"><GO type="169" lobby="0"/><UN n0="%E7%B4%94%E6%BD%94%E3%83%94%E3%83%A9%E3%83%8B%E3%82%A2" n1="%E3%81%95%E3%81%8F%E3%82%89%E3%81%88%E3%81%B3" n2="%E3%81%BE%E3%81%88%E3%81%9F" n3="%E6%A1%9C%E6%B2%A2%E5%A2%A8" dan="16,16,16,16" rate="2135.25,2123.02,2192.13,2074.63" sx="M,M,F,F"/><TAIKYOKU oya="0"/><INIT seed="0,0,0,1,4,11" ten="250,250,250,250" oya="0" hai0="2,130,111,5,133,40,10,45,27,108,66,16,62" hai1="129,48,120,125,115,61,92,112,90,46,43,116,104" hai2="74,39,54,41,80,79,30,89,49,101,44,87,132" hai3="110,18,121,42,60,122,57,67,59,1,22,73,99"/><T82/><BYE who="3" /><D133/><UN n3="%E6%A1%9C%E6%B2%A2%E5%A2%A8" /><U113/><E104/><V78/><F132/><W65/><G1/><T37/><D130/><U36/><E90/><V94/><F30/><W51/><G73/><T71/><D16/><U72/><E92/><V97/><REACH who="2" step="1"/><F74/><REACH who="2" ten="250,250,240,250" step="2"/><W77/><G121/><T135/><D135/><U86/><E72/><V55/><F55/><W84/><G122/><T126/><D126/><U21/><E125/><V107/><F107/><W128/><G128/><T52/><D82/><U98/><E120/><V29/><F29/><W25/><G110/><N who="0" m="42027" /><D27/><U117/><E129/><V14/><F14/><W131/><G131/><T13/><D52/><U58/><E115/><V96/><F96/><W50/><G99/><T91/><D91/><U102/><E98/><V31/><F31/><W38/><G77/><T7/><D7/><U109/><E112/><V28/><F28/><W0/><G0/><AGARI ba="0,1" hai="0,2,5,10,13,37,40,45,62,66,71" m="42027" machi="0" ten="30,5800,0" yaku="14,1,10,1,52,1" doraHai="11" who="0" fromWho="3" sc="250,68,250,0,240,0,250,-58" /><INIT seed="0,1,0,5,4,33" ten="318,250,240,192" oya="0" hai0="84,110,13,58,3,109,96,113,7,81,62,35,116" hai1="57,68,25,15,41,100,111,65,78,130,8,61,86" hai2="6,82,132,73,38,114,42,19,12,71,31,5,89" hai3="94,76,14,37,80,17,30,11,4,52,125,50,54"/><T51/><D35/><U36/><E111/><N who="0" m="42505" /><D113/><U29/><E130/><V90/><F71/><W128/><G37/><T26/><D26/><U123/><E123/><V32/><F73/><W135/><G128/><T2/><D51/><U21/><E100/><V24/><F132/><W47/><G135/><T107/><D116/><U124/><E124/><V108/><F108/><W16/><G125/><T22/><D96/><U56/><E41/><V67/><F67/><W117/><G117/><T121/><D107/><U49/><E36/><V66/><F66/><W93/><G30/><T0/><D121/><U75/><E49/><V44/><F114/><W129/><G129/><T99/><D99/><U95/><E25/><V28/><F28/><W119/><G119/><T85/><D81/><U126/><E126/><V27/><F27/><W9/><G54/><N who="0" m="34135" /><D7/><U88/><E29/><V46/><F46/><W40/><G40/><T103/><D103/><U79/><E68/><V10/><F82/><W39/><G39/><T87/><D13/><U133/><E133/><V92/><F89/><W18/><REACH who="3" step="1"/><G11/><REACH who="3" ten="318,250,240,182" step="2"/><T53/><D53/><U45/><E8/><V120/><F120/><W48/><G48/><T83/><D22/><U60/><E21/><V104/><F104/><W106/><G106/><T23/><D23/><U55/><E55/><V131/><F131/><W102/><G102/><T118/><D118/><U69/><E65/><V105/><F105/><W34/><G34/><T1/><N who="0" m="0" /><DORA hai="43" /><T59/><D59/><U64/><E57/><V112/><F112/><W97/><G97/><AGARI ba="1,1" hai="5,6,10,12,19,24,31,32,38,42,44,90,92,97" machi="97" ten="30,2000,0" yaku="7,1,52,1" doraHai="33,43" who="2" fromWho="3" sc="318,0,250,0,240,33,182,-23" /><INIT seed="1,0,0,2,1,121" ten="318,250,273,159" oya="1" hai0="99,69,124,24,36,90,87,6,98,97,111,63,84" hai1="70,32,19,88,35,80,132,96,82,48,56,66,20" hai2="13,0,74,117,9,102,26,100,53,18,42,54,106" hai3="49,110,31,83,71,37,120,93,126,17,122,118,51"/><U73/><E132/><V55/><F74/><W114/><G37/><T27/><D36/><U86/><E70/><V65/><F117/><W95/><G71/><T41/><D41/><U15/><E96/><V52/><N who="2" m="13312" /><DORA hai="105" /><V107/><F65/><W38/><G38/><T75/><D75/><U123/><E123/><V135/><F42/><W128/><G118/><T92/><D124/><U125/><E125/><V116/><F116/><W7/><G126/><T109/><D84/><U59/><E48/><V11/><F135/><W81/><G31/><T12/><D12/><U44/><E44/><V112/><F112/><W79/><G7/><T103/><D103/><U67/><E66/><V60/><F60/><W101/><G114/><T1/><D6/><U45/><E45/><V58/><F58/><W43/><G43/><T61/><D1/><U129/><E129/><V94/><F26/><N who="0" m="9770" /><D69/><U28/><E28/><V3/><F3/><W40/><G128/><T4/><D4/><U23/><E23/><V29/><F29/><W89/><G40/><T68/><D68/><U133/><E133/><V91/><F0/><W134/><G134/><T33/><D33/><U115/><E115/><V39/><F39/><W10/><G51/><T104/><D104/><U46/><E46/><V8/><F106/><W76/><G49/><T78/><D78/><N who="1" m="44111" /><E59/><V30/><F30/><W21/><G79/><T127/><D127/><U62/><E35/><V57/><F57/><W16/><G122/><T2/><D2/><U130/><E32/><V34/><F34/><W113/><G120/><T77/><D77/><RYUUKYOKU ba="0,0" sc="318,15,250,15,273,-15,159,-15" hai0="61,63,87,90,92,97,98,99,109,111" hai1="15,19,20,56,62,67,82,86,88,130" /><INIT seed="1,1,0,5,2,88" ten="333,265,258,144" oya="1" hai0="7,0,57,35,39,22,21,90,28,92,41,33,59" hai1="25,14,15,109,85,43,102,30,82,34,47,123,24" hai2="18,86,12,133,10,65,29,87,117,114,74,127,4" hai3="130,104,20,19,68,93,108,8,132,96,115,100,5"/><U131/><E123/><V32/><F117/><W26/><G115/><T16/><D39/><U119/><E119/><V71/><F74/><W78/><G108/><T76/><D41/><U73/><E131/><V94/><F127/><W110/><G110/><T105/><D105/><U99/><E73/><V53/><F133/><W84/><G130/><T67/><D76/><U54/><E25/><V44/><F114/><W128/><G128/><T80/><D80/><U69/><E54/><V37/><F71/><W118/><G132/><T126/><D126/><U6/><E6/><V13/><F65/><W89/><G118/><T81/><D81/><U2/><E2/><V3/><F12/><W98/><G68/><T58/><D67/><U116/><E69/><V48/><F37/><W135/><G135/><T51/><D21/><U62/><E62/><V36/><F36/><W49/><G78/><T95/><D51/><U45/><E109/><V125/><F125/><W113/><G113/><T79/><D79/><U129/><E129/><V121/><F121/><W50/><REACH who="3" step="1"/><G98/><REACH who="3" ten="333,265,258,134" step="2"/><T122/><D122/><U11/><E116/><V55/><F86/><W134/><G134/><T70/><D70/><U52/><E85/><V91/><F32/><W103/><G103/><T66/><D33/><U17/><E102/><V42/><REACH who="2" step="1"/><F29/><REACH who="2" ten="333,265,248,134" step="2"/><W23/><G23/><AGARI ba="1,2" hai="3,4,10,13,18,23,42,44,48,53,55,87,91,94" machi="23" ten="30,7700,0" yaku="1,1,2,1,7,1,52,1,53,0" doraHai="88" doraHaiUra="101" who="2" fromWho="3" sc="333,0,265,0,248,100,134,-80" /><INIT seed="2,0,0,3,2,125" ten="333,265,348,54" oya="2" hai0="69,31,4,133,115,66,114,113,132,36,74,24,21" hai1="20,59,124,5,63,97,131,35,87,33,42,48,83" hai2="47,96,93,45,71,120,0,135,118,40,53,51,12" hai3="25,91,39,104,80,70,108,7,19,127,57,84,78"/><V41/><F0/><W27/><G70/><T95/><D74/><U60/><E124/><V11/><F118/><W62/><G127/><T85/><D36/><U1/><E1/><V111/><F135/><N who="0" m="51786" /><D4/><U103/><E5/><V3/><F3/><W90/><G108/><T121/><D121/><U126/><E126/><V64/><F120/><W129/><G104/><T8/><D8/><U38/><E38/><V102/><F111/><W107/><G107/><T16/><D66/><U119/><E42/><V34/><F34/><W43/><G7/><T73/><D69/><U128/><E48/><V44/><F64/><W52/><G129/><N who="1" m="49738" /><E20/><V9/><F71/><W49/><G39/><T29/><D73/><U26/><E26/><V76/><F76/><W112/><G112/><T14/><D85/><U89/><E119/><V82/><F41/><W81/><G19/><T15/><D95/><N who="1" m="58815" /><E63/><V92/><F40/><W46/><REACH who="3" step="1"/><G91/><REACH who="3" ten="333,265,348,44" step="2"/><T6/><D6/><U10/><E10/><V32/><F9/><W72/><AGARI ba="0,1" hai="25,27,43,46,49,52,57,62,72,78,80,81,84,90" machi="72" ten="20,12000,2" yaku="1,1,2,1,0,1,7,1,54,1,53,1" doraHai="125" doraHaiUra="58" who="3" fromWho="3" sc="333,-30,265,-30,348,-60,44,130" /><INIT seed="3,0,0,2,3,20" ten="303,235,288,174" oya="3" hai0="43,134,8,36,2,104,42,114,108,83,75,22,58" hai1="90,85,41,123,21,102,38,33,45,6,0,86,96" hai2="37,121,116,72,112,130,107,17,57,9,15,34,18" hai3="101,16,19,122,52,74,62,31,115,68,78,11,106"/><W35/><G115/><T129/><D108/><U53/><E123/><V25/><F72/><W46/><G122/><T29/><D134/><U80/><E33/><V87/><F107/><W133/><G133/><T117/><D129/><U59/><E0/><V119/><F37/><W77/><G74/><T24/><D117/><U94/><E6/><V60/><F121/><W132/><G132/><T40/><D104/><U1/><E1/><V91/><F130/><W92/><G92/><T88/><D114/><U131/><E131/><V51/><F51/><N who="3" m="28791" /><G11/><T70/><D70/><U48/><E21/><V120/><F112/><W109/><G78/><T44/><D58/><U56/><E56/><V66/><F120/><W97/><G77/><T3/><D3/><U13/><E13/><V7/><F7/><W50/><G50/><T26/><D75/><U84/><AGARI ba="0,0" hai="38,41,45,48,53,59,80,84,85,86,90,94,96,102" machi="84" ten="30,1100,0" yaku="0,1" doraHai="20" who="1" fromWho="1" sc="303,-3,235,11,288,-3,174,-5" /><INIT seed="4,0,0,0,0,27" ten="300,246,285,169" oya="0" hai0="126,85,26,21,23,63,64,34,18,24,4,127,90" hai1="103,129,121,43,111,104,128,122,135,5,55,76,119" hai2="33,105,22,113,28,92,132,12,67,51,96,112,83" hai3="84,37,79,100,94,89,109,130,74,42,131,134,60"/><T9/><D34/><U0/><E43/><V32/><F105/><W8/><G60/><T20/><D85/><U57/><E111/><V125/><F125/><N who="0" m="47626" /><D90/><U50/><E119/><V40/><F67/><W101/><G42/><T115/><D63/><U1/><E76/><V53/><F40/><W66/><G66/><T45/><D45/><U49/><E135/><V47/><F132/><W123/><G37/><T91/><D91/><U46/><E103/><N who="3" m="39498" /><G8/><T107/><D107/><U88/><E88/><N who="2" m="55303" /><F83/><N who="3" m="45559" /><G134/><T124/><D64/><U133/><E104/><V36/><F36/><W58/><G58/><T106/><D106/><U117/><E133/><V75/><F75/><W78/><G109/><T82/><D82/><U31/><E117/><V2/><F2/><W16/><G78/><T19/><N who="0" m="47634" /><T77/><DORA hai="25" /><D77/><U118/><E118/><V110/><F110/><W48/><G48/><T3/><D21/><U95/><E50/><V108/><F108/><W39/><G39/><T71/><D71/><U80/><E49/><V29/><F33/><W10/><G84/><T98/><D98/><U70/><E70/><V61/><F61/><W114/><G94/><T14/><D3/><U62/><E95/><V65/><F65/><W6/><G89/><T30/><D115/><N who="2" m="44106" /><F32/><W120/><G114/><T87/><D87/><U97/><E1/><V59/><F47/><W15/><G120/><T56/><D56/><U54/><E121/><V17/><AGARI ba="0,0" hai="12,17,22,28,29,51,53,59" m="44106,55303" machi="17" ten="30,12000,2" yaku="15,1,52,4,54,1" doraHai="27,25" who="2" fromWho="2" sc="300,-60,246,-30,285,120,169,-30" /><INIT seed="5,0,0,2,3,25" ten="240,216,405,139" oya="1" hai0="83,18,100,109,64,37,86,125,69,112,54,81,91" hai1="49,52,79,66,104,103,58,121,89,10,0,115,105" hai2="85,73,94,29,43,14,3,98,30,117,67,56,16" hai3="90,60,116,13,101,17,35,132,4,134,84,107,62"/><U133/><E121/><V95/><F73/><W38/><G116/><T5/><D109/><U75/><E115/><V108/><F3/><W11/><G38/><T102/><D112/><U122/><E122/><V87/><F108/><W118/><G118/><T63/><D125/><U41/><E133/><N who="3" m="51306" /><G35/><T135/><D135/><U19/><E66/><V33/><F33/><W68/><G68/><T74/><D5/><U24/><E41/><V123/><F43/><W130/><G130/><T2/><D2/><U50/><E50/><V124/><F124/><W76/><G76/><T15/><D37/><U36/><E36/><V48/><F123/><W61/><G101/><T113/><D113/><U114/><E114/><V31/><F117/><W93/><G107/><T96/><D96/><U34/><E103/><N who="2" m="60887" /><F95/><W7/><AGARI ba="0,0" hai="4,7,11,13,17,60,61,62,84,90,93" m="51306" machi="7" ten="40,1500,0" yaku="20,1" doraHai="25" who="3" fromWho="3" sc="240,-4,216,-7,405,-4,139,15" /><INIT seed="6,0,0,5,2,87" ten="236,209,401,154" oya="2" hai0="62,40,28,1,117,16,70,4,97,124,83,95,132" hai1="88,134,11,35,103,66,31,113,129,112,51,49,38" hai2="68,43,89,125,92,75,93,135,60,127,8,77,46" hai3="107,45,106,120,15,73,25,56,94,22,115,29,76"/><V99/><F135/><W27/><G120/><T82/><D132/><U53/><E38/><V54/><F8/><W34/><G115/><N who="1" m="44106" /><E134/><V13/><F13/><W36/><G15/><T128/><D124/><U63/><E103/><V131/><F131/><W17/><G56/><T59/><D70/><N who="1" m="42335" /><E129/><V72/><F92/><W48/><G36/><T30/><D117/><U130/><E130/><V55/><F55/><W102/><G76/><T96/><D40/><U50/><E11/><V108/><F108/><W74/><G107/><T23/><D4/><U65/><E65/><V21/><F21/><W90/><G102/><T111/><D1/><U81/><E31/><V71/><F71/><W47/><G106/><T80/><D96/><U3/><E35/><V122/><F122/><W41/><REACH who="3" step="1"/><G47/><REACH who="3" ten="236,209,401,144" step="2"/><T57/><D59/><N who="1" m="33199" /><E3/><V24/><F68/><W85/><AGARI ba="0,1" hai="17,22,25,27,29,34,41,45,48,73,74,85,90,94" machi="85" ten="20,5200,0" yaku="1,1,0,1,7,1,52,1,53,0" doraHai="87" doraHaiUra="0" who="3" fromWho="3" sc="236,-13,209,-13,401,-26,144,62" /><INIT seed="7,0,0,2,1,21" ten="223,196,375,206" oya="3" hai0="64,130,80,126,104,26,66,55,112,46,35,7,75" hai1="10,67,90,74,43,6,133,31,18,119,125,73,8" hai2="52,82,102,17,11,5,95,85,13,57,34,98,51" hai3="45,111,1,20,27,14,96,58,22,53,38,77,54"/><W0/><G111/><T33/><D104/><U120/><E120/><V2/><F34/><W91/><G77/><T32/><D7/><U78/><E31/><V56/><F2/><W30/><G53/><T60/><D112/><U48/><E67/><V29/><F29/><W9/><G20/><T4/><D4/><U105/><E105/><V39/><F39/><W114/><G114/><T106/><D106/><U89/><E125/><V107/><F107/><W97/><G45/><T63/><D26/><U108/><E108/><V135/><F135/><W72/><G38/><T37/><D126/><U44/><E133/><V28/><F28/><W59/><G72/><T122/><D122/><U83/><E74/><V116/><F116/><W79/><G79/><T103/><D103/><U36/><E48/><V81/><F17/><W61/><G59/><N who="2" m="22601" /><F85/><W121/><G121/><T117/><D117/><U87/><E87/><V99/><F99/><W23/><G23/><T84/><D75/><U49/><E49/><V127/><F127/><W131/><G131/><T86/><D130/><U24/><E119/><V93/><F93/><N who="3" m="56383" /><G0/><T50/><D37/><U123/><E123/><V101/><F101/><W124/><G1/><T12/><D84/><U3/><E24/><V113/><F113/><W128/><G128/><T110/><D110/><U100/><E100/><V94/><F94/><W115/><G115/><T88/><D12/><AGARI ba="0,0" hai="3,6,8,10,12,18,36,43,44,73,78,83,89,90" machi="12" ten="40,2600,0" yaku="25,2" doraHai="21" who="1" fromWho="0" sc="223,-26,196,26,375,0,206,0" owari="197,-30.3,222,2.2,375,47.5,206,-19.4" /></mjloggm>