<mjloggm ver="2.3"><GO type="225" lobby="0"/><UN n0="%E7%99%BD%E5%80%89%E5%AF%9B%E4%B9%8B" n1="%33%74%72%65%65" n2="%E5%91%A8%E6%9D%B1" n3="%E7%B4%94%E6%BD%94%E3%83%94%E3%83%A9%E3%83%8B%E3%82%A2" dan="16,17,16,16" rate="2162.76,2159.53,2147.63,2190.42" sx="M,F,M,M"/><TAIKYOKU oya="0"/><INIT seed="0,0,0,5,1,17" ten="250,250,250,250" oya="0" hai0="32,26,30,4,3,76,80,72,105,23,7,82,53" hai1="117,58,51,21,107,24,118,9,33,31,88,78,12" hai2="104,75,39,61,42,62,65,95,93,55,70,66,83" hai3="85,98,121,128,100,19,130,57,10,20,99,63,108"/><T6/><D105/><U131/><E131/><N who="3" m="50218" /><G108/><T67/><D67/><U132/><E132/><V16/><F104/><W114/><G114/><T77/><D53/><U119/><E107/><V94/><F55/><N who="3" m="34239" /><G121/><T103/><D103/><U97/><E78/><V115/><F115/><W41/><G41/><T43/><D43/><U135/><E135/><V36/><F42/><W106/><G85/><T68/><D68/><U5/><E51/><V133/><F133/><W92/><G10/><T59/><D59/><U60/><E33/><V8/><F75/><W120/><G120/><T28/><D3/><U84/><E97/><V81/><F39/><W87/><G87/><T47/><D47/><U73/><E73/><V45/><F45/><W134/><G134/><T2/><D2/><U29/><E29/><V129/><F36/><W13/><G98/><T15/><D30/><U25/><E25/><V123/><F123/><W49/><G49/><T74/><REACH who="0" step="1"/><D32/><REACH who="0" ten="240,250,250,250" step="2"/><U122/><E122/><V35/><F35/><W1/><G1/><T110/><D110/><U125/><E58/><V101/><F101/><W50/><G50/><T22/><D22/><U18/><E31/><V111/><F111/><W79/><G106/><T48/><D48/><U86/><E21/><V126/><F129/><W91/><G100/><T37/><D37/><U113/><E117/><V44/><F44/><W34/><G34/><T96/><D96/><U109/><E119/><V89/><F66/><W124/><G124/><T27/><D27/><U127/><E125/><V90/><F126/><W112/><G112/><T54/><D54/><RYUUKYOKU ba="0,1" sc="240,15,250,-15,250,-15,250,15" hai0="4,6,7,15,23,26,28,72,74,76,77,80,82" hai3="13,19,20,79,91,92,99" /><INIT seed="0,1,1,1,3,134" ten="255,235,235,265" oya="0" hai0="88,82,31,68,72,119,7,15,20,73,60,93,69" hai1="81,109,4,78,96,108,16,105,118,5,8,14,114" hai2="113,9,66,84,19,57,61,46,99,30,59,86,50" hai3="21,123,33,24,1,77,133,13,25,56,117,124,48"/><T92/><D119/><U120/><E118/><V132/><F132/><W90/><G133/><T126/><D93/><U38/><E120/><V40/><F113/><W6/><G123/><T41/><D41/><U45/><E114/><V71/><F71/><W0/><G77/><T94/><D94/><U34/><E34/><V27/><F99/><W55/><G117/><T85/><D82/><U63/><E63/><V115/><F115/><W54/><G90/><T35/><D35/><U100/><E38/><V52/><F19/><W91/><G91/><T130/><D130/><U29/><E29/><V95/><F9/><W89/><G89/><T121/><D121/><U101/><E101/><V103/><F95/><W110/><G24/><T36/><D36/><U75/><REACH who="1" step="1"/><E45/><REACH who="1" ten="255,225,235,265" step="2"/><V112/><F103/><W3/><G33/><T67/><D31/><U10/><E10/><V80/><F112/><W104/><G21/><T42/><D20/><U62/><E62/><N who="2" m="38223" /><F80/><W129/><G129/><T128/><D60/><U70/><E70/><V106/><F106/><W87/><G104/><T43/><D128/><U37/><E37/><V79/><F79/><W49/><G49/><T125/><D69/><U74/><E74/><N who="0" m="28777" /><D68/><U12/><E12/><V116/><F116/><W47/><G13/><T102/><D102/><U32/><E32/><V131/><F131/><W122/><G48/><T28/><D28/><U135/><E135/><V107/><F107/><W58/><G122/><T111/><D15/><U97/><E97/><V11/><F11/><W17/><G1/><T65/><D7/><AGARI ba="1,2" hai="4,5,7,8,14,16,75,78,81,96,100,105,108,109" machi="7" ten="40,2600,0" yaku="1,1,54,1,53,0" doraHai="134" doraHaiUra="18" who="1" fromWho="0" sc="255,-29,225,49,235,0,265,0" /><INIT seed="1,0,0,3,0,63" ten="226,274,235,265" oya="1" hai0="109,49,51,7,116,69,111,56,97,88,130,14,52" hai1="19,101,45,60,17,68,71,5,35,91,22,95,3" hai2="40,129,13,57,27,9,80,39,76,53,133,62,115" hai3="23,48,102,25,28,98,114,127,135,113,124,120,11"/><U21/><E35/><V6/><F129/><W122/><G48/><T85/><D130/><U0/><E101/><V77/><F133/><W83/><G83/><N who="0" m="49215" /><D69/><U43/><E21/><V24/><F115/><N who="3" m="44043" /><G98/><T93/><D116/><U75/><E75/><V118/><F118/><W47/><G47/><T36/><D36/><U134/><E134/><V78/><F39/><W67/><G67/><T72/><D72/><U128/><E128/><V46/><REACH who="2" step="1"/><F80/><REACH who="2" ten="226,274,225,265" step="2"/><W41/><G135/><T131/><D131/><U33/><E0/><V110/><F110/><W121/><G122/><T126/><D111/><U18/><E3/><V4/><F4/><W99/><G121/><T82/><D109/><U64/><E5/><V103/><F103/><W29/><G120/><T58/><D82/><U81/><E81/><V79/><N who="2" m="19456" /><DORA hai="94" /><V65/><F65/><W106/><G102/><N who="0" m="60719" /><D126/><U59/><E91/><V30/><F30/><W132/><G28/><T74/><D74/><U84/><E64/><V34/><F34/><W87/><G29/><T73/><D73/><U105/><E33/><V32/><F32/><W96/><G132/><T123/><D123/><U107/><E22/><V1/><F1/><W31/><G127/><T10/><D58/><U12/><E59/><V16/><F16/><W54/><G31/><T44/><D44/><U50/><E18/><V104/><F104/><W108/><G108/><T70/><D70/><U26/><E71/><V8/><F8/><W38/><G124/><T15/><D15/><U125/><E12/><V89/><F89/><W117/><G117/><T61/><AGARI ba="0,1" hai="7,10,14,49,51,52,56,61" m="60719,49215" machi="61" ten="30,8000,1" yaku="5,1,8,1,52,1,54,2" doraHai="63,94" who="0" fromWho="0" sc="226,90,274,-40,225,-20,265,-20" /><INIT seed="2,0,0,1,1,61" ten="316,234,205,245" oya="2" hai0="126,101,24,119,109,130,6,113,32,1,16,102,121" hai1="111,88,76,25,117,124,65,30,54,95,132,23,51" hai2="90,64,36,78,115,58,98,71,33,94,83,75,12" hai3="96,99,128,27,93,10,31,135,14,50,120,5,22"/><V106/><F115/><W125/><G120/><T17/><D113/><U114/><E114/><V129/><F36/><W84/><G135/><T52/><D121/><U2/><E117/><V60/><F129/><W87/><G128/><T63/><D130/><U85/><E132/><V110/><F33/><W19/><G125/><T45/><D119/><U43/><E124/><V72/><F110/><W81/><G50/><N who="0" m="28751" /><D126/><U39/><E2/><V104/><F75/><W105/><G105/><T67/><D32/><U116/><E111/><V100/><F12/><W7/><G87/><T73/><D73/><U69/><E116/><V107/><REACH who="2" step="1"/><F71/><REACH who="2" ten="316,234,195,245" step="2"/><W42/><G42/><T0/><D109/><U34/><E34/><V8/><F8/><W3/><G3/><T112/><D0/><U68/><E68/><V55/><F55/><W4/><REACH who="3" step="1"/><G93/><REACH who="3" ten="316,234,195,235" step="2"/><T48/><D1/><U89/><E95/><V26/><F26/><W15/><G15/><T28/><D24/><U97/><E25/><V92/><F92/><W118/><G118/><T79/><D112/><U82/><E43/><V66/><F66/><W127/><G127/><T91/><D67/><U133/><E65/><V74/><F74/><W59/><G59/><T13/><D13/><U131/><E131/><V77/><F77/><AGARI ba="0,2" hai="4,5,7,10,14,19,22,27,31,77,81,84,96,99" machi="77" ten="40,2600,0" yaku="1,1,8,1,53,0" doraHai="61" doraHaiUra="41" who="3" fromWho="2" sc="316,0,234,0,195,-26,235,46" /><INIT seed="3,0,0,1,3,128" ten="316,234,169,281" oya="3" hai0="97,17,124,107,88,123,36,111,72,133,116,106,84" hai1="13,45,119,10,75,53,105,35,109,102,48,108,115" hai2="87,21,57,93,58,127,42,90,34,121,0,126,73" hai3="95,29,28,122,103,63,135,43,112,37,51,86,91"/><W117/><G112/><T26/><D36/><U6/><E115/><V38/><F34/><W60/><G37/><T129/><D72/><U27/><E75/><V96/><F0/><W125/><G117/><T46/><D116/><U118/><E105/><V74/><F121/><W81/><G122/><T71/><D71/><U32/><E102/><V68/><F68/><W59/><G125/><T130/><D124/><N who="2" m="47658" /><F42/><W8/><G135/><T4/><D133/><U113/><E113/><V62/><F38/><W11/><G63/><T18/><D123/><U120/><E120/><V40/><F40/><W89/><G103/><N who="0" m="62831" /><D107/><U85/><E35/><V76/><F21/><W78/><G51/><T77/><D77/><U20/><E32/><V25/><F25/><W69/><G43/><T3/><D26/><U100/><E20/><V41/><F41/><W67/><G89/><T22/><D22/><U134/><E27/><V82/><F58/><W9/><REACH who="3" step="1"/><G69/><REACH who="3" ten="316,234,169,271" step="2"/><T98/><D88/><U44/><E119/><V79/><F62/><W132/><G132/><T7/><D129/><U23/><E118/><V56/><F56/><W31/><G31/><T1/><D130/><U70/><E134/><V55/><F57/><W80/><G80/><T54/><D46/><U2/><E45/><V64/><F64/><W52/><G52/><T92/><D54/><U104/><E44/><V16/><F55/><W101/><G101/><T66/><D66/><U47/><E53/><V99/><F79/><W65/><G65/><T50/><D50/><U39/><E70/><V33/><F76/><W14/><G14/><RYUUKYOKU ba="0,1" sc="316,-10,234,-10,169,-10,271,30" hai3="8,9,11,28,29,59,60,67,78,81,86,91,95" /><INIT seed="3,1,1,4,0,44" ten="306,224,159,301" oya="3" hai0="118,63,131,135,66,129,55,38,3,42,91,22,24" hai1="69,34,93,106,50,76,108,64,51,83,32,19,45" hai2="36,101,29,4,52,87,86,27,120,62,117,43,133" hai3="61,89,122,47,37,60,49,75,92,104,15,13,119"/><W100/><G37/><T124/><D3/><U105/><E108/><V121/><F117/><W107/><G75/><T97/><D118/><U40/><E93/><V57/><F4/><W71/><G122/><T56/><D124/><U80/><E69/><V102/><F133/><W79/><G79/><T46/><D135/><U90/><E64/><V14/><F14/><N who="3" m="5131" /><G71/><T88/><D66/><U41/><E90/><V74/><F74/><W20/><G107/><T112/><D112/><U11/><E11/><V35/><F36/><W116/><G104/><T114/><D114/><U54/><E19/><V2/><F2/><W58/><G119/><T115/><D115/><U84/><E40/><V1/><F43/><N who="3" m="24831" /><G116/><T81/><D81/><U28/><E83/><V12/><F12/><W48/><G100/><T30/><D97/><U39/><E39/><V110/><F1/><W103/><G103/><T53/><D53/><U111/><E111/><V123/><REACH who="2" step="1"/><F110/><REACH who="2" ten="306,224,149,301" step="2"/><W82/><G82/><T109/><D109/><U21/><E41/><V10/><F10/><W98/><G20/><T59/><D131/><U65/><E21/><V16/><F16/><W9/><G9/><T31/><D129/><U67/><E80/><V70/><F70/><W5/><G5/><T68/><D68/><U128/><E128/><V125/><F125/><W134/><G134/><T130/><D130/><U85/><E34/><V25/><F25/><W33/><G33/><T127/><D127/><U26/><E26/><V78/><F78/><W113/><G113/><T99/><D24/><N who="1" m="18439" /><E76/><V72/><F72/><W17/><G17/><RYUUKYOKU ba="1,2" sc="306,-15,224,-15,149,15,301,15" hai2="27,29,35,52,57,62,86,87,101,102,120,121,123" hai3="48,58,60,61,89,92,98" owari="291,9.1,209,-19.1,164,-33.6,336,43.6" /></mjloggm>