<mjloggm ver="2.3"><GO type="169" lobby="0"/><UN n0="%E5%AE%8C%E5%85%A8%E5%AE%89%E7%89%8C" n1="%E3%81%94%E3%82%8B%E3%81%AF%E3%82%80%33%30" n2="%E3%81%BE%E3%81%A8%E3%81%9F" n3="%E3%80%8E%E3%83%A8%E3%82%B9%E3%82%AC%E3%83%8E%E3%82%BD%E3%83%A9%E3%80%8F" dan="18,17,16,17" rate="2280.83,2195.65,2081.87,2174.69" sx="M,F,M,M"/><TAIKYOKU oya="0"/><INIT seed="0,0,0,2,3,15" ten="250,250,250,250" oya="0" hai0="1,53,80,113,49,135,90,6,14,2,122,86,72" hai1="10,87,25,125,35,65,8,96,44,18,21,99,75" hai2="106,66,70,91,116,19,118,68,71,17,50,92,74" hai3="16,129,37,123,95,109,55,88,134,120,5,42,82"/><T46/><D113/><U20/><E75/><V130/><F106/><W117/><G117/><N who="2" m="45161" /><F74/><W76/><G109/><T51/><D122/><N who="3" m="46633" /><G134/><T67/><D135/><U63/><E35/><V77/><F77/><W98/><G129/><T38/><D38/><U89/><E125/><V112/><F112/><W11/><G55/><T101/><D101/><U27/><E44/><V23/><F130/><W111/><G111/><T84/><D72/><U36/><E36/><V39/><F39/><W59/><G59/><T69/><D69/><N who="2" m="17666" /><V40/><DORA hai="12" /><F23/><W100/><G100/><T3/><D67/><U83/><E65/><V93/><F66/><W110/><G110/><T61/><D84/><U114/><E63/><V128/><F93/><W33/><G33/><T64/><D64/><U0/><E114/><V41/><F128/><W131/><G131/><T108/><D108/><U133/><E133/><V132/><F132/><W102/><G37/><T52/><D61/><U48/><E48/><V34/><F34/><W56/><G76/><T85/><D85/><U57/><E57/><V94/><F94/><W73/><G73/><T119/><D119/><U47/><E47/><N who="2" m="25959" /><F41/><W107/><G42/><T7/><REACH who="0" step="1"/><D14/><REACH who="0" ten="240,250,250,250" step="2"/><U28/><REACH who="1" step="1"/><E0/><REACH who="1" ten="240,240,250,250" step="2"/><V81/><F81/><W54/><G82/><T31/><D31/><U13/><E13/><V115/><F115/><W79/><G11/><AGARI ba="0,2" hai="8,10,11,18,20,21,25,27,28,83,87,89,96,99" machi="11" ten="40,12000,2" yaku="1,1,8,1,52,2,53,2" doraHai="15,12" doraHaiUra="22,126" who="1" fromWho="3" sc="240,0,240,140,250,0,250,-120" /><INIT seed="1,0,0,4,4,15" ten="240,380,250,130" oya="1" hai0="40,11,48,23,100,20,92,72,98,4,83,38,121" hai1="27,2,5,50,61,114,91,78,120,68,108,126,106" hai2="7,34,81,8,10,70,77,110,3,52,131,17,19" hai3="9,1,134,85,74,65,117,123,115,33,59,101,87"/><U67/><E114/><V133/><F70/><W39/><G115/><T51/><D121/><U44/><E120/><V56/><F110/><W31/><G123/><T49/><D38/><U12/><E108/><V82/><F133/><W26/><G39/><T119/><D119/><U107/><E126/><V18/><F34/><W71/><G117/><T113/><D113/><U29/><E2/><V80/><F131/><W127/><G74/><T45/><D72/><U116/><E78/><V96/><F96/><W32/><G127/><T54/><D83/><U28/><E116/><V90/><F90/><W25/><G134/><T125/><D48/><U76/><E76/><V41/><F41/><W43/><G43/><T36/><D36/><U60/><E60/><V99/><F99/><W53/><G101/><T118/><D118/><U55/><E91/><V102/><F102/><W97/><G97/><T35/><D35/><U135/><E29/><V16/><N who="2" m="4096" /><DORA hai="103" /><V62/><REACH who="2" step="1"/><F10/><REACH who="2" ten="240,380,240,130" step="2"/><W105/><G9/><T84/><D125/><U122/><E135/><V124/><F124/><W111/><G111/><T79/><D11/><U94/><E122/><V58/><F58/><W0/><G59/><N who="0" m="33231" /><D4/><U132/><E5/><V129/><F129/><W30/><G71/><T14/><D100/><U13/><E132/><V66/><F66/><W22/><G65/><T47/><D98/><U104/><E67/><V89/><F89/><W21/><G53/><T93/><D40/><U57/><E55/><V95/><F95/><W24/><G24/><T63/><D92/><U112/><E94/><V64/><F64/><RYUUKYOKU ba="0,1" sc="240,-15,380,-15,240,15,130,15" hai2="3,7,8,52,56,62,77,80,81,82" hai3="0,1,21,22,25,26,30,31,32,33,85,87,105" /><INIT seed="2,1,1,5,3,6" ten="225,365,255,145" oya="2" hai0="63,135,114,118,109,33,62,84,46,88,79,11,103" hai1="41,8,99,58,74,9,14,30,22,13,70,65,47" hai2="39,108,98,87,93,77,32,102,35,59,91,130,97" hai3="7,27,134,44,17,132,131,54,53,21,40,105,67"/><V120/><F120/><W1/><G105/><T81/><D114/><U25/><E74/><V100/><F39/><W50/><G67/><T85/><D109/><U90/><E70/><V20/><F130/><W68/><G68/><T129/><D33/><U61/><E99/><V23/><F108/><W29/><G131/><T34/><D34/><U110/><E90/><V5/><F5/><W101/><G101/><T3/><D129/><U26/><E26/><V0/><F0/><W82/><G82/><T89/><D103/><U71/><E71/><V10/><F77/><W36/><G7/><T73/><D135/><N who="3" m="51753" /><G1/><T48/><D118/><U15/><REACH who="1" step="1"/><E110/><REACH who="1" ten="225,355,255,145" step="2"/><V69/><F69/><W42/><G29/><T104/><D73/><U18/><E18/><V125/><F91/><W121/><G121/><T56/><D89/><U126/><E126/><V122/><F125/><W31/><G31/><T76/><D76/><U60/><E60/><V96/><F102/><W83/><G83/><T78/><D62/><U45/><E45/><AGARI ba="1,2" hai="17,21,27,36,40,42,44,45,50,53,54" m="51753" machi="45" ten="30,1000,0" yaku="20,1" doraHai="6" who="3" fromWho="1" sc="225,0,355,-13,255,0,145,33" /><INIT seed="3,0,0,4,1,16" ten="225,342,255,178" oya="3" hai0="5,81,92,1,55,87,83,22,67,130,98,3,44" hai1="35,97,132,49,64,122,11,91,54,17,112,58,134" hai2="66,31,23,119,20,15,62,2,24,0,117,101,105" hai3="125,33,13,34,6,82,118,63,121,21,93,45,32"/><W90/><G118/><T85/><D130/><U99/><E122/><V88/><F0/><W107/><G121/><T25/><D67/><U84/><E35/><V127/><F2/><W126/><G107/><T19/><D5/><U28/><E28/><V42/><F42/><W78/><G63/><T36/><D1/><U9/><E64/><V77/><F77/><W26/><G45/><T75/><D3/><U128/><E112/><V109/><F109/><W37/><G37/><T43/><D55/><U96/><E128/><V70/><F127/><N who="3" m="48651" /><G13/><T69/><D69/><U39/><E39/><V8/><F88/><W50/><G50/><T133/><D133/><N who="1" m="51307" /><E17/><V74/><F74/><N who="3" m="43351" /><G6/><T89/><REACH who="0" step="1"/><D75/><REACH who="0" ten="215,342,255,178" step="2"/><U10/><E10/><V120/><F120/><W7/><G7/><T110/><D110/><U29/><E11/><V27/><F119/><W115/><G115/><T86/><AGARI ba="0,1" hai="19,22,25,36,43,44,81,83,85,86,87,89,92,98" machi="86" ten="30,4000,0" yaku="1,1,0,1,52,1,53,0" doraHai="16" doraHaiUra="114" who="0" fromWho="0" sc="215,50,342,-10,255,-10,178,-20" /><INIT seed="4,0,0,1,0,85" ten="265,332,245,158" oya="0" hai0="132,127,8,1,57,65,92,104,13,14,39,115,33" hai1="119,89,16,133,61,21,66,40,95,5,100,59,24" hai2="55,88,58,10,30,84,121,71,80,109,73,27,6" hai3="70,111,126,120,116,67,135,86,53,128,77,64,93"/><T62/><D104/><U25/><E119/><V12/><F121/><W60/><G116/><T118/><D118/><U34/><E133/><V19/><F109/><W9/><G111/><T101/><D39/><U108/><E108/><V98/><F71/><W36/><G36/><T56/><D33/><U45/><E5/><V63/><F73/><W94/><G135/><T105/><D105/><U69/><E100/><V134/><F134/><W129/><G120/><T3/><D115/><U52/><E34/><V103/><F6/><W11/><G126/><T17/><D132/><U72/><E72/><V78/><F78/><W76/><G53/><T18/><D127/><U48/><E25/><V51/><F63/><W44/><G44/><T74/><D56/><U23/><E23/><V38/><F38/><W114/><G114/><T110/><D74/><U75/><E75/><V130/><F130/><W15/><G15/><T49/><D49/><U50/><E50/><V79/><F79/><W81/><G86/><T124/><D124/><U26/><E26/><V22/><F98/><W43/><G60/><T46/><D46/><U113/><E113/><V42/><F103/><W35/><G35/><T96/><REACH who="0" step="1"/><D110/><REACH who="0" ten="255,332,245,158" step="2"/><U91/><E69/><V2/><F2/><W68/><REACH who="3" step="1"/><G43/><AGARI ba="0,1" hai="10,12,19,22,27,30,42,43,51,55,58,80,84,88" machi="43" ten="40,5200,0" yaku="8,1,52,1,54,1" doraHai="85" who="2" fromWho="3" sc="255,0,332,0,245,62,158,-52" /><INIT seed="5,0,0,2,0,109" ten="255,332,307,106" oya="1" hai0="86,27,31,87,13,96,81,44,59,115,91,70,95" hai1="74,73,9,58,34,69,49,125,61,35,2,32,112" hai2="107,26,52,129,65,30,47,104,15,39,97,33,79" hai3="89,88,46,101,102,72,6,108,41,71,53,75,36"/><U92/><E112/><V19/><F129/><W114/><G108/><T77/><D70/><U55/><E125/><V110/><F65/><W40/><G71/><T12/><D115/><U24/><E24/><V123/><F110/><W38/><G6/><T106/><D44/><U48/><E2/><V29/><F29/><W42/><G46/><T8/><D106/><U84/><E9/><V3/><F3/><W43/><G43/><T99/><D59/><U100/><E49/><V85/><F97/><W67/><G67/><T28/><D12/><U25/><E25/><V7/><F7/><W0/><G0/><T21/><REACH who="0" step="1"/><D31/><REACH who="0" ten="245,332,307,106" step="2"/><U22/><E69/><V66/><F15/><W45/><G45/><T122/><D122/><U90/><E58/><V83/><F30/><W118/><G41/><T51/><D51/><U1/><E48/><V62/><F47/><W76/><G53/><T80/><D80/><U57/><E55/><V134/><F52/><W103/><G118/><T14/><D14/><U120/><E120/><V63/><F123/><W18/><G114/><T5/><AGARI ba="0,1" hai="5,8,13,21,27,28,77,81,86,87,91,95,96,99" machi="5" ten="20,5200,0" yaku="1,1,0,1,7,1,8,1,53,0" doraHai="109" doraHaiUra="111" who="0" fromWho="0" sc="245,62,332,-26,307,-13,106,-13" /><INIT seed="6,0,0,1,1,91" ten="307,306,294,93" oya="2" hai0="66,112,93,37,58,50,69,33,57,73,26,1,53" hai1="89,44,29,78,15,110,65,115,134,22,135,125,2" hai2="34,79,114,82,61,6,94,103,119,3,32,127,67" hai3="60,71,108,54,49,35,40,106,5,52,25,46,42"/><V86/><F119/><W107/><G108/><T51/><D73/><U68/><E2/><V45/><F127/><W122/><G122/><T77/><D1/><U132/><E110/><V70/><F45/><W13/><G35/><T118/><D37/><U74/><E125/><V116/><F114/><W128/><G128/><T124/><D77/><U31/><E115/><V120/><F120/><W102/><G25/><T80/><D80/><N who="1" m="45143" /><E44/><V104/><F116/><W63/><G71/><T123/><D69/><U0/><E0/><V28/><F94/><W92/><G46/><T21/><D33/><U81/><E65/><V76/><F76/><W129/><G129/><T55/><D66/><U20/><E68/><V84/><F84/><W27/><G27/><T83/><D83/><U14/><E22/><V98/><F28/><N who="1" m="10825" /><E20/><V36/><REACH who="2" step="1"/><F36/><REACH who="2" ten="307,306,284,93" step="2"/><W39/><G39/><T126/><D123/><U17/><E132/><V16/><F16/><W23/><G23/><T101/><D118/><U47/><E17/><V99/><F99/><W95/><G5/><T19/><D112/><U113/><E47/><V87/><F87/><W18/><G18/><T24/><D26/><U97/><E113/><V8/><AGARI ba="0,1" hai="3,6,8,32,34,61,67,70,79,82,86,98,103,104" machi="8" ten="30,3000,0" yaku="1,1,0,1,53,0" doraHai="91" doraHaiUra="48" who="2" fromWho="2" sc="307,-10,306,-10,284,40,93,-10" /><INIT seed="6,1,0,3,2,23" ten="297,296,324,83" oya="2" hai0="113,16,63,104,107,39,131,51,111,134,68,115,9" hai1="61,100,42,41,130,73,29,87,127,31,44,72,103" hai2="14,58,54,86,126,116,2,13,0,70,74,91,125" hai3="6,59,15,19,98,64,101,45,66,108,112,34,3"/><V121/><F74/><W119/><G108/><T89/><D111/><U132/><E61/><V105/><F70/><W5/><G119/><T83/><D39/><U25/><E130/><V56/><F105/><W28/><G112/><N who="0" m="43083" /><D131/><U95/><E132/><V18/><F116/><W47/><G3/><T49/><D134/><U69/><E69/><V17/><F86/><W32/><G28/><T128/><D128/><U133/><E133/><V114/><F91/><W97/><G15/><N who="0" m="7279" /><D83/><U35/><E127/><V76/><F114/><W67/><G19/><T122/><D89/><U24/><E87/><V92/><F76/><W71/><G71/><T26/><D26/><U60/><E60/><V10/><F0/><W20/><G20/><T96/><D122/><U21/><E21/><V94/><F2/><W57/><REACH who="3" step="1"/><G67/><REACH who="3" ten="297,296,324,73" step="2"/><N who="0" m="41087" /><D107/><U84/><E31/><V40/><F121/><W109/><G109/><T118/><D118/><U1/><E29/><V82/><F125/><W50/><G50/><T48/><D51/><U55/><E1/><V102/><F126/><W99/><G99/><T38/><D38/><U81/><E35/><V62/><F17/><W80/><G80/><T36/><D36/><U79/><E81/><V7/><F82/><W123/><G123/><T65/><D65/><U93/><E73/><V30/><F18/><W106/><G106/><T117/><D117/><U22/><E72/><V120/><F30/><W85/><G85/><T88/><D104/><U77/><E84/><V11/><F120/><W46/><G46/><T110/><D110/><U4/><E22/><V12/><F10/><RYUUKYOKU ba="1,1" sc="297,15,296,-15,324,-15,73,15" hai0="48,49,88,96" hai3="5,6,32,34,45,47,57,59,64,66,97,98,101" /><INIT seed="7,2,1,4,0,80" ten="312,281,309,88" oya="3" hai0="119,52,40,91,63,75,68,11,16,96,67,70,27" hai1="127,122,82,34,4,49,66,23,10,115,51,8,61" hai2="64,73,28,83,92,104,94,86,112,128,113,0,20" hai3="42,25,99,37,121,88,58,36,45,84,107,48,125"/><W71/><G121/><T79/><D119/><U47/><E34/><V85/><F0/><W101/><G71/><T100/><D40/><U46/><E122/><V57/><F104/><W22/><G125/><T17/><D68/><U126/><E115/><N who="2" m="44107" /><F73/><W50/><G58/><T106/><D11/><U19/><E82/><V15/><F128/><W18/><REACH who="3" step="1"/><G36/><REACH who="3" ten="312,281,309,78" step="2"/><T43/><D70/><U12/><E126/><V133/><F133/><W117/><G117/><T116/><D116/><U98/><E127/><V135/><F135/><W111/><G111/><T35/><D67/><U9/><E66/><V87/><F57/><W108/><G108/><T39/><D39/><U103/><E61/><V72/><F64/><W60/><G60/><T33/><D63/><U44/><REACH who="1" step="1"/><E4/><REACH who="1" ten="312,271,309,78" step="2"/><V53/><F53/><W134/><G134/><T120/><D52/><U54/><E54/><V3/><F3/><W89/><G89/><T62/><D91/><U102/><E102/><V131/><F131/><W110/><G110/><T78/><D120/><U31/><E31/><V59/><F59/><W1/><G1/><T130/><D100/><U6/><E6/><V77/><F28/><W114/><G114/><T21/><D62/><U69/><E69/><V7/><F7/><W13/><G13/><T26/><D130/><U105/><AGARI ba="2,3" hai="8,9,10,12,19,23,44,46,47,49,51,98,103,105" machi="105" ten="30,2000,0" yaku="1,1,0,1,53,0" doraHai="80" doraHaiUra="123" who="1" fromWho="1" sc="312,-7,271,56,309,-7,78,-12" owari="305,10.5,327,42.7,302,-9.8,66,-43.4" /></mjloggm>