<mjloggm ver="2.3"><GO type="169" lobby="0"/><UN n0="%54%61%62%61%73%63%6F" n1="%5B%5B%79%75%79%75%5D%5D" n2="%72%75%69%6E%65%76%65%72" n3="%62%69%70%73%64" dan="16,16,16,18" rate="2101.27,2129.72,2107.58,2245.01" sx="M,M,M,M"/><TAIKYOKU oya="0"/><INIT seed="0,0,0,3,2,121" ten="250,250,250,250" oya="0" hai0="106,50,49,117,65,84,132,126,56,130,101,7,36" hai1="86,39,52,128,91,131,95,68,76,44,9,53,102" hai2="81,5,27,69,48,89,113,54,78,13,100,120,87" hai3="31,28,92,0,1,97,67,21,34,18,77,123,24"/><T29/><D36/><U96/><E96/><V62/><F120/><W38/><G123/><T8/><D117/><U6/><E6/><V103/><F113/><W25/><G38/><T42/><D130/><U79/><E79/><V37/><F37/><W63/><G77/><T22/><D132/><U16/><E16/><V90/><F69/><W66/><G18/><T116/><D126/><U33/><E33/><V110/><F62/><W80/><G80/><T20/><D106/><U51/><E51/><V118/><F118/><W12/><G12/><T125/><D125/><U134/><E134/><V3/><F3/><W115/><G67/><T32/><D32/><U122/><E122/><V105/><F105/><W99/><G99/><T119/><D101/><N who="2" m="38986" /><F27/><W127/><G115/><T61/><D50/><U75/><E75/><V40/><F40/><W19/><G127/><T58/><D42/><U59/><E59/><N who="2" m="33223" /><F110/><W85/><G0/><T129/><D129/><U4/><E4/><V71/><F71/><W15/><G1/><T104/><D104/><U88/><E88/><V64/><F64/><W108/><G108/><T124/><D124/><U72/><E72/><V112/><F112/><W47/><G66/><T14/><D116/><U83/><E83/><V30/><F30/><W94/><G63/><T82/><D29/><N who="3" m="11337" /><G34/><T35/><D35/><U133/><E133/><V55/><F55/><W45/><G85/><T43/><D119/><U41/><E41/><V17/><F5/><W109/><G109/><T11/><D43/><U60/><E60/><V2/><F2/><W135/><G135/><RYUUKYOKU ba="0,0" sc="250,-10,250,-10,250,30,250,-10" hai2="13,17,78,81,87,89,90" /><INIT seed="1,1,0,0,2,131" ten="240,240,280,240" oya="1" hai0="12,103,58,22,81,134,80,78,98,60,35,40,92" hai1="66,91,116,7,99,45,106,59,109,71,112,57,101" hai2="102,6,77,135,117,31,89,13,36,30,5,75,17" hai3="79,19,93,86,4,24,2,50,104,43,124,108,90"/><U65/><E65/><V26/><F117/><W37/><G37/><T125/><D35/><U82/><E82/><V11/><F36/><W0/><G104/><T47/><D125/><U41/><E41/><V107/><F75/><W111/><G124/><T18/><D134/><U49/><E49/><V74/><F74/><W44/><G79/><T55/><REACH who="0" step="1"/><D78/><REACH who="0" ten="230,240,280,240" step="2"/><U88/><E88/><V123/><F77/><W8/><G0/><T121/><D121/><U3/><E3/><V61/><F89/><W29/><REACH who="3" step="1"/><G19/><REACH who="3" ten="230,240,280,230" step="2"/><T127/><D127/><U115/><E115/><V128/><F17/><W20/><AGARI ba="1,2" hai="2,4,8,20,24,29,43,44,50,86,90,93,108,111" machi="20" ten="30,4000,0" yaku="1,1,2,1,0,1,53,0" doraHai="131" doraHaiUra="118" who="3" fromWho="3" sc="230,-11,240,-21,280,-11,230,63" /><INIT seed="2,0,0,0,0,83" ten="219,219,269,293" oya="2" hai0="135,22,26,110,105,90,42,95,5,69,37,101,53" hai1="116,118,126,14,50,75,134,21,58,65,55,23,41" hai2="30,129,81,63,59,12,127,51,122,97,80,123,56" hai3="79,46,49,106,91,8,10,89,76,44,113,119,67"/><V40/><F129/><W24/><G119/><T57/><D69/><U98/><E98/><V52/><F127/><W3/><G106/><T115/><D115/><U117/><E117/><V1/><F1/><W33/><G113/><T61/><D110/><U18/><E18/><V4/><F123/><W39/><G39/><T114/><D114/><U84/><E84/><V29/><F122/><W131/><G3/><T48/><D135/><U16/><E16/><V109/><F109/><W45/><G33/><T64/><D5/><U70/><E70/><V27/><F97/><W103/><G103/><T73/><D73/><U71/><E71/><V82/><F27/><W85/><G67/><T88/><D37/><U102/><E102/><V62/><F40/><W31/><G49/><T99/><D42/><U78/><E78/><N who="3" m="29738" /><G91/><T9/><D9/><N who="3" m="3689" /><G131/><T60/><D60/><N who="2" m="23082" /><F56/><W133/><G133/><T108/><D105/><U120/><E120/><V6/><F12/><W132/><G132/><T34/><D108/><U38/><E38/><V72/><F72/><W130/><G130/><T35/><D35/><U36/><E36/><V13/><F13/><W121/><G121/><T66/><D34/><U32/><E32/><V74/><F74/><W107/><G107/><T87/><D61/><U96/><E96/><V94/><F94/><N who="3" m="54575" /><G24/><T112/><D101/><U92/><E92/><V0/><F0/><W77/><G31/><AGARI ba="0,0" hai="4,6,29,30,31,51,52,59,80,81,82" m="23082" machi="31" ten="30,2900,0" yaku="8,1,54,1" doraHai="83" who="2" fromWho="3" sc="219,0,219,0,269,29,293,-29" /><INIT seed="2,1,0,1,5,82" ten="219,219,298,264" oya="2" hai0="31,104,101,117,46,123,68,50,7,86,70,36,98" hai1="95,1,92,125,62,107,108,102,134,38,88,119,122" hai2="90,11,58,41,15,26,61,35,109,112,12,59,42" hai3="120,118,56,21,60,37,18,13,93,130,126,47,103"/><V27/><F112/><W69/><G118/><T51/><D123/><U110/><E110/><V24/><F109/><W64/><G120/><T32/><D117/><U0/><E122/><V99/><F35/><W106/><G130/><T43/><D51/><U133/><E119/><V33/><F33/><W54/><G126/><T71/><D7/><U78/><E108/><V83/><F99/><W57/><G106/><T55/><D32/><U127/><E78/><V34/><F34/><W105/><G105/><T40/><D31/><U81/><E38/><V65/><F59/><W84/><G103/><T67/><D43/><N who="2" m="16394" /><F11/><W76/><G37/><T6/><D6/><U89/><E62/><V73/><F73/><W74/><G74/><T87/><REACH who="0" step="1"/><D67/><REACH who="0" ten="209,219,298,264" step="2"/><U77/><E1/><V3/><F3/><W30/><G30/><T129/><D129/><U111/><E111/><V16/><F16/><W94/><G64/><T52/><D52/><U17/><E17/><V97/><F65/><W115/><G18/><T63/><D63/><U22/><E0/><V131/><F131/><W113/><G60/><T80/><D80/><U132/><E81/><V20/><F83/><W85/><G54/><T8/><D8/><U128/><E128/><V39/><F39/><W10/><G10/><T44/><AGARI ba="1,1" hai="36,40,44,46,50,55,68,70,71,86,87,98,101,104" machi="44" ten="40,12000,2" yaku="1,1,0,1,52,2,53,3" doraHai="82" doraHaiUra="66" who="0" fromWho="0" sc="209,133,219,-31,298,-61,264,-31" /><INIT seed="3,0,0,1,1,73" ten="342,188,237,233" oya="3" hai0="101,40,15,120,16,60,41,102,99,49,30,25,7" hai1="24,52,114,6,8,50,85,13,4,106,88,87,97" hai2="42,70,123,83,19,12,81,109,74,117,116,33,62" hai3="27,92,28,20,14,66,21,103,135,67,38,94,84"/><W100/><G135/><T43/><D120/><U46/><E114/><V31/><F123/><W95/><G38/><T9/><D60/><U105/><E87/><V108/><F42/><W129/><G129/><T69/><D69/><U111/><E111/><N who="2" m="42571" /><F31/><W104/><G104/><T72/><D72/><U5/><E24/><V61/><F33/><W71/><G71/><T55/><D7/><U112/><E112/><V0/><F0/><W124/><G124/><T56/><REACH who="0" step="1"/><D99/><REACH who="0" ten="332,188,237,233" step="2"/><U68/><E68/><V35/><F62/><W113/><G113/><T134/><D134/><U2/><E2/><V75/><F75/><W130/><G130/><T58/><D58/><U65/><E65/><N who="3" m="24586" /><G84/><T110/><D110/><U54/><E97/><V79/><F70/><W3/><G3/><T86/><D86/><U127/><E127/><V23/><F61/><W22/><G28/><T122/><D122/><U59/><E106/><V48/><F74/><W125/><G125/><T63/><D63/><N who="1" m="36327" /><E105/><V121/><F121/><W53/><G27/><T115/><D115/><U36/><E36/><V91/><F117/><W98/><G98/><T132/><D132/><U78/><E6/><V29/><F116/><W57/><G14/><T96/><D96/><U51/><E5/><V1/><F29/><W107/><G107/><T11/><D11/><U80/><E51/><AGARI ba="0,1" hai="20,21,22,51,53,57,92,94,95,100,103" m="24586" machi="51" ten="30,1500,0" yaku="8,1" doraHai="73" who="3" fromWho="1" sc="332,0,188,-15,237,0,233,25" /><INIT seed="3,1,0,4,5,112" ten="332,173,237,258" oya="3" hai0="116,94,63,75,36,59,18,31,98,133,99,61,93" hai1="4,54,48,10,14,25,47,15,119,135,22,80,8" hai2="81,19,49,24,100,91,92,105,129,39,52,53,78" hai3="86,44,21,3,84,96,35,124,9,0,131,90,42"/><W13/><G35/><T17/><D75/><U111/><E111/><V127/><F39/><W28/><G131/><T85/><D36/><U26/><E135/><V113/><F113/><W5/><G124/><T41/><D133/><U43/><E119/><V30/><F129/><W103/><G28/><T40/><D59/><U102/><E102/><V37/><F37/><W120/><G120/><T82/><D82/><U38/><E80/><V68/><F68/><W51/><G21/><T6/><D6/><U69/><E22/><V117/><F19/><W77/><G86/><T109/><D85/><U128/><E69/><V23/><F49/><W62/><G62/><T50/><D50/><U7/><REACH who="1" step="1"/><E128/><REACH who="1" ten="332,163,237,258" step="2"/><V97/><F117/><W121/><G121/><T122/><D122/><U114/><E114/><V79/><F127/><W56/><G90/><T29/><D109/><U108/><E108/><V89/><F89/><W74/><G74/><T70/><D70/><U20/><E20/><V65/><F79/><W107/><G56/><AGARI ba="1,1" hai="4,7,8,10,14,15,25,26,38,43,47,48,54,56" machi="56" ten="30,7700,0" yaku="1,1,7,1,9,1,53,1" doraHai="112" doraHaiUra="55" who="1" fromWho="3" sc="332,0,163,90,237,0,258,-80" /><INIT seed="4,0,0,3,2,4" ten="332,253,237,178" oya="0" hai0="2,93,5,109,105,27,81,36,68,72,55,40,20" hai1="102,110,125,84,119,115,87,1,16,54,48,30,131" hai2="107,37,21,45,121,60,14,24,83,8,132,126,100" hai3="31,61,99,103,17,47,117,70,127,28,74,7,104"/><T120/><D105/><U11/><E119/><V134/><F121/><W118/><G74/><T13/><D120/><U41/><E110/><V18/><F126/><W19/><G127/><T51/><D68/><U89/><E125/><V80/><F60/><W46/><G7/><T32/><D93/><U62/><E131/><V0/><F0/><W3/><G3/><T123/><D13/><N who="1" m="7231" /><E1/><V95/><F107/><W116/><G17/><T29/><D20/><U98/><E30/><V73/><F73/><W22/><G31/><T78/><D109/><U79/><E115/><V135/><F45/><W88/><G28/><T53/><D51/><U58/><E79/><V56/><F56/><W113/><G113/><T92/><D92/><N who="1" m="56591" /><E102/><V69/><F69/><W101/><G103/><T23/><D32/><U44/><AGARI ba="0,0" hai="41,44,48,54,58,62,84,87" m="56591,7231" machi="44" ten="30,4000,0" yaku="8,1,52,1,54,1" doraHai="4" who="1" fromWho="1" sc="332,-20,253,40,237,-10,178,-10" /><INIT seed="5,0,0,2,5,78" ten="312,293,227,168" oya="1" hai0="46,120,99,26,53,85,98,109,39,123,59,13,129" hai1="42,40,31,86,67,110,118,89,65,8,93,95,130" hai2="38,77,102,126,22,132,66,28,11,75,6,20,87" hai3="135,68,91,64,17,37,134,44,97,117,4,121,105"/><U125/><E118/><V73/><F38/><W63/><G121/><T106/><D109/><U133/><E110/><V9/><F126/><W107/><G17/><T52/><D129/><U57/><E125/><V56/><F132/><W3/><G91/><T115/><D115/><U62/><E133/><N who="3" m="50698" /><G97/><T16/><D26/><U70/><E130/><V14/><F102/><W34/><G34/><T58/><D46/><U5/><E31/><V82/><F11/><N who="3" m="2463" /><G117/><T47/><D106/><N who="3" m="40457" /><G44/><T94/><D99/><U92/><E70/><V29/><F29/><W119/><G119/><T19/><D98/><U100/><E67/><V111/><F111/><W90/><G90/><T2/><D19/><U23/><E23/><V41/><F22/><W113/><G37/><T103/><D16/><U131/><E131/><V1/><F14/><W128/><G128/><T48/><D13/><N who="1" m="5263" /><E100/><V25/><REACH who="2" step="1"/><F41/><AGARI ba="0,0" hai="40,41,42,57,62,65,86,89,92,93,95" m="5263" machi="41" ten="30,1500,0" yaku="8,1" doraHai="78" who="1" fromWho="2" sc="312,0,293,15,227,-15,168,0" /><INIT seed="5,1,0,4,0,64" ten="312,308,212,168" oya="1" hai0="76,32,23,47,16,33,123,55,11,127,3,2,49" hai1="128,20,109,82,17,37,65,9,124,101,53,57,12" hai2="27,99,113,30,105,38,100,1,119,72,4,110,10" hai3="87,84,78,35,106,111,39,94,130,62,51,43,97"/><U29/><E37/><V44/><F119/><W34/><G111/><T8/><D76/><U58/><E109/><V45/><F110/><W52/><G39/><T75/><D75/><U81/><E124/><V102/><F113/><W108/><G108/><T79/><D79/><U131/><E101/><V85/><F72/><W116/><G106/><T73/><D73/><U129/><E65/><V68/><F38/><W0/><G0/><T107/><D107/><U41/><E41/><V60/><F102/><W115/><G115/><T24/><D127/><U96/><E96/><V21/><REACH who="2" step="1"/><F85/><REACH who="2" ten="312,308,202,168" step="2"/><W5/><G87/><T114/><D114/><U122/><E122/><V70/><F70/><W71/><G71/><T74/><D74/><U118/><E118/><V83/><F83/><W19/><G84/><T18/><D123/><U48/><E58/><V40/><F40/><W93/><G43/><T77/><D77/><U67/><E67/><AGARI ba="1,1" hai="1,4,10,21,27,30,44,45,60,67,68,99,100,105" machi="67" ten="40,2600,0" yaku="1,1,52,1,53,0" doraHai="64" doraHaiUra="80" who="2" fromWho="1" sc="312,0,308,-29,202,39,168,0" /><INIT seed="6,0,0,5,2,79" ten="312,279,241,168" oya="2" hai0="100,125,13,21,39,10,17,130,24,77,9,47,129" hai1="0,28,67,12,11,30,87,75,43,51,4,6,126" hai2="76,27,90,123,111,62,104,33,112,59,46,20,53" hai3="35,23,68,119,132,40,65,7,124,14,128,88,92"/><V54/><F123/><W93/><G119/><T86/><D125/><U91/><E75/><V63/><F104/><W34/><G124/><T36/><D10/><U70/><E126/><V19/><F112/><W102/><G128/><N who="0" m="49259" /><D100/><U32/><E32/><V83/><F33/><W95/><G132/><T103/><D103/><U31/><E70/><V85/><F111/><W55/><G40/><T80/><D47/><U97/><E67/><V66/><F46/><W57/><G34/><T135/><D135/><U37/><E37/><V127/><F127/><W61/><G102/><T38/><D38/><U81/><E97/><V101/><F101/><W71/><G35/><T116/><D116/><U29/><N who="1" m="7168" /><DORA hai="133" /><U118/><E118/><V94/><REACH who="2" step="1"/><F63/><REACH who="2" ten="312,279,231,168" step="2"/><W22/><G71/><T99/><D99/><AGARI ba="0,1" hai="19,20,27,53,54,59,62,66,76,83,85,90,94,99" machi="99" ten="30,12000,1" yaku="1,1,2,1,7,1,8,1,52,1,53,0" doraHai="79,133" doraHaiUra="113,108" who="2" fromWho="0" sc="312,-120,279,0,231,130,168,0" /><INIT seed="6,1,0,0,0,41" ten="192,279,361,168" oya="2" hai0="14,8,7,11,42,103,105,38,98,126,89,20,15" hai1="127,12,19,77,4,123,85,26,56,43,62,107,22" hai2="112,128,17,102,130,125,119,99,88,74,25,116,110" hai3="53,18,90,55,131,87,27,50,91,113,132,83,49"/><V104/><F25/><W52/><G131/><N who="2" m="50217" /><F17/><W111/><G111/><T29/><D126/><U3/><E107/><V39/><F39/><W48/><G132/><T21/><D29/><U5/><E127/><V9/><F9/><W124/><G124/><T34/><D34/><U44/><E123/><V6/><F6/><W93/><G113/><T86/><D42/><U108/><E3/><V32/><F32/><W72/><G72/><T134/><D38/><U40/><E40/><V79/><F125/><W122/><G122/><T121/><D134/><U133/><E108/><V118/><F110/><W63/><G63/><T33/><D33/><U114/><E114/><V30/><F30/><W47/><G18/><T71/><D71/><U96/><E96/><V109/><F109/><W67/><G67/><T78/><D78/><U2/><E2/><V66/><F66/><W75/><G27/><T31/><D31/><U69/><E69/><V24/><F24/><W1/><G1/><T35/><D35/><U36/><E133/><V68/><F68/><W0/><G0/><T120/><D120/><U84/><E26/><V28/><F28/><W65/><G65/><T92/><REACH who="0" step="1"/><D121/><REACH who="0" ten="182,279,361,168" step="2"/><U46/><E43/><V13/><F79/><W95/><G75/><T10/><D10/><U97/><E36/><V16/><F74/><W64/><G64/><T23/><D23/><U115/><E77/><V54/><F116/><W106/><G106/><T129/><D129/><U58/><E115/><V60/><F112/><W73/><G73/><T81/><D81/><U80/><E80/><V37/><F118/><RYUUKYOKU ba="1,1" sc="182,30,279,-10,361,-10,168,-10" hai0="7,8,11,14,15,20,21,86,89,92,98,103,105" /><INIT seed="7,2,1,4,1,122" ten="212,269,351,158" oya="3" hai0="6,49,8,35,10,60,127,68,128,111,107,132,36" hai1="51,76,98,118,115,50,25,88,47,29,44,97,62" hai2="123,11,46,87,89,33,114,105,7,133,12,116,69" hai3="31,129,1,82,2,17,104,67,24,94,21,85,103"/><W58/><G104/><T73/><RYUUKYOKU type="yao9" ba="2,1" sc="212,0,269,0,351,0,158,0" hai0="6,8,10,35,36,49,60,68,73,107,111,127,128,132" /><INIT seed="7,3,1,1,5,28" ten="212,269,351,158" oya="3" hai0="2,103,97,98,106,120,116,100,3,112,130,57,75" hai1="91,1,4,24,36,9,67,118,53,132,49,92,6" hai2="33,87,8,71,69,23,72,124,48,123,59,113,73" hai3="108,76,121,70,107,60,102,10,58,30,37,88,104"/><W27/><G121/><T68/><D116/><U119/><E36/><V89/><F33/><W122/><G122/><T44/><D120/><U135/><E6/><V105/><F123/><W62/><G37/><T127/><D57/><U96/><E67/><V81/><F105/><W117/><G117/><T94/><D127/><U20/><E118/><V15/><F124/><W64/><G108/><T78/><D130/><U32/><E119/><V43/><F113/><W18/><G76/><T125/><D125/><U40/><E40/><V52/><F23/><W128/><G128/><T47/><D68/><U95/><E95/><V114/><F43/><W21/><G102/><T101/><D101/><U66/><E66/><V133/><F133/><W86/><G10/><T41/><D47/><U90/><E90/><V74/><REACH who="2" step="1"/><F114/><REACH who="2" ten="212,269,341,158" step="2"/><W111/><G111/><T83/><D112/><U46/><REACH who="1" step="1"/><E20/><REACH who="1" ten="212,259,341,158" step="2"/><V29/><F29/><AGARI ba="3,3" hai="1,4,9,24,29,32,46,49,53,91,92,96,132,135" machi="29" ten="40,5200,0" yaku="1,1,2,1,52,1,53,0" doraHai="28" doraHaiUra="54" who="1" fromWho="2" sc="212,0,259,91,341,-61,158,0" owari="212,-18.8,350,45.0,280,8.0,158,-34.2" /></mjloggm>