<mjloggm ver="2.3"><GO type="169" lobby="0"/><UN n0="%E3%81%BE%E3%82%86%E3%81%92" n1="%E3%81%9F%E3%81%8B%31%34%31" n2="%E5%B9%B3%E5%92%8C%6E%6F%6D%69" n3="%E2%80%A0%E7%99%BD%E5%85%8E%E2%80%A0" dan="16,16,16,17" rate="2120.23,2124.64,2064.27,2217.25" sx="M,M,M,M"/><TAIKYOKU oya="0"/><INIT seed="0,0,0,5,4,2" ten="250,250,250,250" oya="0" hai0="24,78,48,82,36,87,71,110,124,121,4,93,75" hai1="68,28,62,106,43,47,127,8,98,29,51,53,69" hai2="109,22,42,0,12,80,129,91,103,63,19,107,60" hai3="100,64,31,79,90,16,44,30,105,88,59,85,86"/><T84/><D36/><U111/><E111/><V18/><F109/><W11/><G105/><T14/><D71/><U126/><E106/><V76/><F0/><W3/><G100/><T13/><D110/><U92/><E8/><V112/><F112/><W114/><G114/><T39/><D39/><U101/><E69/><V120/><F120/><W135/><G135/><T50/><D121/><U10/><E10/><V72/><F129/><W26/><G79/><T102/><D124/><N who="1" m="47659" /><E53/><V77/><F42/><W61/><G44/><T96/><D24/><U37/><E37/><V89/><F77/><W97/><G97/><T118/><D118/><U52/><E43/><V70/><F70/><W9/><G9/><N who="0" m="4263" /><D75/><U67/><AGARI ba="0,0" hai="28,29,47,51,52,62,67,68,92,98,101" m="47659" machi="67" ten="30,2000,0" yaku="18,1,54,1" doraHai="2" who="1" fromWho="1" sc="250,-10,250,20,250,-5,250,-5" /><INIT seed="1,0,0,0,3,83" ten="240,270,245,245" oya="1" hai0="14,115,4,23,31,100,124,20,94,2,12,35,87" hai1="9,11,52,86,29,0,30,132,68,81,7,108,17" hai2="79,74,107,42,114,8,78,57,102,32,60,18,61" hai3="125,91,21,55,93,111,66,82,10,89,65,95,92"/><U41/><E68/><V58/><F32/><W51/><G111/><T28/><D100/><U112/><E112/><V53/><F114/><W13/><G125/><T134/><D115/><U16/><E41/><V135/><F135/><W90/><G21/><N who="0" m="8267" /><D94/><U117/><E117/><V77/><F42/><W71/><G71/><T67/><D67/><U46/><E132/><V27/><F27/><W69/><G69/><T49/><D49/><N who="1" m="28727" /><E108/><V75/><F102/><W43/><G43/><T1/><D87/><U99/><E99/><V36/><F36/><W120/><G120/><T85/><D85/><U128/><E128/><V63/><F107/><W126/><G126/><T45/><D45/><U48/><E48/><V33/><F33/><W118/><G118/><T110/><D134/><U15/><E17/><V116/><F116/><W119/><G82/><T101/><D101/><U133/><E133/><V121/><F121/><W123/><G119/><T26/><D124/><U98/><E98/><V88/><F75/><W105/><G105/><T22/><D110/><U127/><E127/><V50/><F74/><W34/><G123/><T109/><D109/><U39/><E39/><V84/><F18/><N who="3" m="8503" /><G34/><T25/><D4/><U122/><E122/><V54/><REACH who="2" step="1"/><F8/><REACH who="2" ten="240,270,235,245" step="2"/><W97/><G97/><T113/><D113/><U64/><E64/><V70/><F70/><W72/><G72/><T106/><D106/><U129/><E129/><V76/><N who="2" m="19456" /><DORA hai="44" /><V59/><F59/><AGARI ba="0,1" hai="51,55,59,65,66,89,90,91,92,93,95" m="8503" machi="59" ten="30,2000,0" yaku="8,1,52,1" doraHai="83,44" who="3" fromWho="2" sc="240,0,270,0,235,-20,245,30" /><INIT seed="2,0,0,0,2,74" ten="240,270,215,275" oya="2" hai0="59,71,6,57,63,94,3,48,56,76,86,18,90" hai1="105,58,49,125,24,45,99,52,106,37,108,47,51" hai2="100,83,79,42,7,81,93,4,46,85,41,135,35" hai3="130,29,32,98,64,87,21,30,14,23,9,89,39"/><V54/><F35/><W60/><G39/><T126/><D126/><U115/><E115/><V111/><F135/><W121/><G121/><T62/><D71/><U104/><E125/><V1/><F1/><W129/><G98/><T133/><D133/><U36/><E108/><V17/><F111/><W31/><G32/><T113/><D113/><U72/><E72/><V102/><F17/><W117/><G117/><T65/><D3/><U26/><E99/><N who="2" m="59503" /><F102/><W119/><G119/><T92/><D6/><N who="2" m="2090" /><F83/><W95/><G130/><T16/><D48/><AGARI ba="0,0" hai="41,42,46,48,54,79,81,85" m="2090,59503" machi="48" ten="30,2900,0" yaku="8,1,52,1" doraHai="74" who="2" fromWho="0" sc="240,-29,270,0,215,29,275,0" /><INIT seed="2,1,0,0,3,51" ten="211,270,244,275" oya="2" hai0="131,125,37,9,60,5,132,53,44,67,128,42,39" hai1="72,3,78,69,82,109,116,135,111,92,63,89,118" hai2="10,33,108,22,106,7,12,49,21,13,26,6,93" hai3="127,87,130,71,54,104,100,119,35,114,30,48,14"/><V31/><F106/><W64/><G119/><T95/><D39/><U41/><E3/><N who="2" m="351" /><F93/><W61/><G130/><N who="0" m="49707" /><D125/><U23/><E41/><V20/><F49/><W36/><G127/><T86/><D132/><U65/><E135/><V11/><F108/><N who="1" m="41545" /><E23/><V17/><AGARI ba="1,0" hai="7,11,12,13,17,20,21,22,26,31,33" m="351" machi="17" ten="30,18000,2" yaku="24,1,35,5" doraHai="51" who="2" fromWho="2" sc="211,-61,270,-61,244,183,275,-61" /><INIT seed="2,2,0,2,2,106" ten="150,209,427,214" oya="2" hai0="61,51,119,88,26,21,14,2,78,108,23,123,39" hai1="38,1,114,4,98,118,99,48,55,124,65,101,27" hai2="7,30,19,74,129,91,18,122,43,69,45,97,132" hai3="33,85,31,105,56,109,76,17,25,86,8,13,12"/><V10/><F69/><W66/><G109/><T58/><D39/><U53/><E38/><V34/><F122/><W0/><G105/><T93/><D123/><U116/><E114/><V54/><F129/><W117/><G117/><T80/><D108/><U131/><E65/><V68/><F68/><W135/><G135/><T57/><D2/><U79/><E131/><V102/><F132/><W110/><G110/><T81/><D119/><U127/><E79/><V59/><F91/><W104/><G104/><T36/><D36/><U32/><E4/><V71/><F71/><W9/><G0/><T47/><D58/><U77/><E77/><V82/><F30/><W94/><G94/><T50/><D14/><U46/><E1/><V67/><F67/><W87/><G76/><T70/><D70/><U92/><E98/><V64/><F64/><W5/><REACH who="3" step="1"/><G86/><REACH who="3" ten="150,209,427,204" step="2"/><N who="0" m="52375" /><D78/><U96/><E118/><V44/><F82/><W15/><G15/><T84/><D81/><U22/><E116/><V6/><F97/><W49/><G49/><T3/><D3/><U62/><E99/><V115/><F115/><W111/><G111/><T42/><D84/><U90/><E96/><V130/><F34/><W126/><G126/><T52/><D80/><U20/><E127/><V133/><F133/><W37/><G37/><T11/><D51/><U24/><E124/><V41/><F102/><W40/><G40/><T128/><D128/><U73/><E101/><V113/><F113/><W120/><G120/><T112/><D112/><U63/><E32/><V72/><F130/><W75/><G75/><T134/><D134/><RYUUKYOKU ba="2,1" sc="150,-10,209,-10,427,-10,204,30" hai3="5,8,9,12,13,17,25,31,33,56,66,85,87" /><INIT seed="3,3,1,5,4,85" ten="140,199,417,234" oya="3" hai0="133,16,2,33,63,7,43,70,56,134,102,29,50" hai1="39,30,112,89,23,115,125,35,51,37,113,110,9" hai2="6,13,99,87,8,75,106,66,94,86,91,46,92" hai3="107,130,48,74,72,52,55,34,12,77,96,36,108"/><W95/><G36/><T114/><D70/><U61/><E35/><V0/><F75/><W98/><G34/><T18/><D102/><U121/><E121/><V32/><F32/><W15/><G130/><T31/><D114/><U97/><E110/><V116/><F116/><W73/><G77/><T22/><D43/><U41/><E125/><V104/><F66/><W14/><G108/><T128/><D50/><U5/><E61/><V117/><F117/><W38/><G38/><T79/><D79/><U123/><E123/><V100/><F86/><W83/><G83/><T54/><D128/><U42/><E42/><V69/><F69/><W109/><G109/><T3/><D33/><U68/><E68/><V49/><REACH who="2" step="1"/><F0/><REACH who="2" ten="140,199,407,234" step="2"/><W40/><G98/><T27/><D3/><U103/><E113/><V11/><F11/><W122/><G122/><T10/><REACH who="0" step="1"/><D31/><REACH who="0" ten="130,199,407,234" step="2"/><U58/><E30/><V64/><F64/><W135/><G72/><T24/><D24/><U65/><E65/><V101/><F101/><W84/><G73/><T124/><D124/><U88/><E112/><V57/><F57/><W118/><G74/><T76/><D76/><U20/><E58/><V60/><F60/><W120/><G120/><T67/><D67/><U26/><E26/><V93/><F93/><W111/><G111/><T47/><D47/><U71/><E71/><V78/><F78/><W119/><G119/><T1/><D1/><U131/><E115/><V62/><F62/><W80/><G118/><T90/><D90/><N who="1" m="34923" /><E103/><V17/><F17/><AGARI ba="3,3" hai="2,7,10,16,17,18,22,27,29,54,56,63,133,134" machi="17" ten="40,8000,1" yaku="1,1,54,1,53,2" doraHai="85" doraHaiUra="129" who="0" fromWho="2" sc="130,119,199,0,407,-89,234,0" /><INIT seed="4,0,0,1,5,9" ten="249,199,318,234" oya="0" hai0="125,114,126,54,18,23,87,25,1,108,81,89,86" hai1="11,112,96,44,65,6,109,42,64,33,105,128,57" hai2="17,35,14,111,20,37,32,121,103,5,19,28,119" hai3="47,90,70,27,60,120,84,135,79,8,68,82,36"/><T67/><D1/><U21/><E33/><N who="2" m="12875" /><F103/><W91/><G135/><T40/><D67/><U59/><E109/><V107/><F107/><W26/><G120/><T2/><D2/><U71/><E128/><V29/><F37/><W45/><G79/><T75/><D75/><U72/><E72/><V51/><F51/><W56/><G70/><T49/><D108/><U41/><E112/><V131/><F111/><W62/><G68/><T76/><D40/><U85/><E21/><N who="2" m="11447" /><F131/><W77/><G62/><T38/><D38/><U129/><E129/><V63/><F63/><W13/><G91/><T52/><D114/><U130/><E130/><V106/><F106/><W69/><G69/><T115/><D115/><U101/><E42/><V117/><F5/><N who="3" m="3215" /><G77/><T16/><D18/><U22/><E71/><V116/><F121/><W88/><G90/><T66/><D66/><U30/><E65/><V58/><F58/><W132/><G36/><T124/><D49/><U83/><E64/><V61/><F61/><W127/><G60/><T55/><D55/><U102/><E102/><V123/><F123/><W93/><G56/><T94/><AGARI ba="0,0" hai="16,23,25,52,54,76,81,86,87,89,94,124,125,126" machi="94" ten="30,11700,0" yaku="0,1,18,1,54,2" doraHai="9" who="0" fromWho="0" sc="249,117,199,-39,318,-39,234,-39" /><INIT seed="4,1,0,0,4,126" ten="366,160,279,195" oya="0" hai0="42,23,74,116,79,85,1,48,102,134,58,97,57" hai1="36,38,33,19,93,55,35,113,7,6,61,60,47" hai2="46,124,54,53,2,75,133,104,52,87,0,129,13" hai3="67,29,40,95,86,50,109,119,108,70,39,82,101"/><T27/><D1/><U15/><E113/><V59/><F75/><W41/><G119/><T22/><D74/><U69/><E93/><V37/><F104/><W51/><G29/><T4/><D116/><U34/><E69/><V114/><F124/><W62/><G39/><T71/><D71/><U9/><E38/><V31/><F114/><W81/><G95/><T84/><D4/><U68/><E68/><V64/><F133/><W112/><G101/><T127/><D134/><U131/><E131/><V107/><F107/><W26/><G26/><T105/><D23/><U45/><E36/><V17/><F31/><W120/><G112/><T32/><D32/><U132/><E132/><V88/><F129/><W3/><G3/><T94/><D105/><U16/><E6/><V122/><F122/><W12/><G12/><T100/><D100/><U80/><E80/><V89/><F89/><W103/><G103/><T30/><D79/><U73/><E73/><V130/><F130/><W118/><G82/><T14/><D14/><U125/><E125/><V18/><F18/><W28/><G28/><T106/><D106/><U8/><E19/><V76/><F76/><W21/><G120/><T128/><D128/><U49/><REACH who="1" step="1"/><E47/><REACH who="1" ten="366,150,279,195" step="2"/><V20/><F46/><N who="3" m="25927" /><G118/><T135/><D135/><U78/><E78/><V117/><F37/><W24/><G81/><T83/><D127/><U56/><E56/><N who="0" m="21609" /><D83/><U90/><E90/><V96/><F117/><W111/><G111/><T92/><D92/><U65/><E65/><V98/><F64/><W66/><G66/><T72/><D94/><U63/><E63/><RYUUKYOKU ba="1,1" sc="366,-10,150,30,279,-10,195,-10" hai1="7,8,9,15,16,33,34,35,45,49,55,60,61" /><INIT seed="5,2,1,4,0,88" ten="356,180,269,185" oya="1" hai0="108,123,7,42,23,113,125,60,55,13,21,127,83" hai1="129,84,12,100,106,95,86,75,130,40,4,80,6" hai2="64,107,50,5,82,135,39,33,31,68,71,94,26" hai3="92,52,89,19,58,54,102,56,14,16,117,120,69"/><U3/><E3/><V74/><F107/><W121/><G69/><T85/><D108/><U17/><E106/><V67/><F39/><W96/><G117/><T112/><D42/><U9/><E75/><V111/><F111/><W133/><G133/><T119/><D119/><U79/><E40/><V10/><F135/><W2/><G2/><T90/><D123/><U45/><E45/><V72/><F50/><N who="3" m="30807" /><G121/><T93/><D60/><U63/><E63/><V46/><F46/><W109/><G109/><T37/><D37/><U35/><E35/><V131/><F131/><N who="1" m="50185" /><E84/><V18/><F74/><W114/><G114/><N who="0" m="44139" /><D55/><U128/><N who="1" m="50193" /><U22/><DORA hai="81" /><E9/><V104/><F104/><W30/><G30/><T132/><D132/><U122/><E122/><V59/><F72/><W103/><G120/><T65/><D65/><U98/><AGARI ba="2,1" hai="4,6,12,17,22,79,80,86,95,98,100" m="50193" machi="98" ten="40,7800,0" yaku="19,1,52,2" doraHai="88,81" who="1" fromWho="1" sc="356,-28,180,94,269,-28,185,-28" /><INIT seed="5,3,0,5,5,84" ten="328,274,241,157" oya="1" hai0="63,89,80,121,47,35,96,37,85,23,70,69,9" hai1="82,101,8,107,1,22,20,106,5,90,116,118,0" hai2="108,113,95,93,76,73,112,61,36,134,77,28,100" hai3="72,120,59,78,24,27,43,133,6,46,92,68,58"/><U11/><E101/><V14/><F36/><W130/><G120/><T4/><D35/><U91/><E82/><V81/><F108/><W109/><G109/><T53/><D121/><U48/><E48/><V126/><F28/><W98/><G68/><T110/><D110/><U111/><E111/><V38/><F38/><W99/><G130/><T103/><D37/><U104/><E104/><V102/><F14/><W124/><G124/><T25/><D47/><U97/><E97/><V32/><F61/><W57/><G133/><T15/><D53/><U2/><E2/><V45/><F32/><W83/><G6/><AGARI ba="3,0" hai="0,1,5,6,8,11,20,22,90,91,106,107,116,118" machi="6" ten="25,9600,0" yaku="22,2,52,2" doraHai="84" who="1" fromWho="3" sc="328,0,274,105,241,0,157,-105" /><INIT seed="5,4,0,0,0,9" ten="328,379,241,52" oya="1" hai0="51,79,83,1,125,133,31,61,76,22,63,13,53" hai1="46,106,10,95,32,98,57,74,105,69,120,64,130" hai2="92,93,59,118,8,134,66,34,33,3,116,18,109" hai3="37,42,2,82,26,77,100,71,48,126,55,119,67"/><U50/><E120/><V75/><F75/><W108/><G108/><T40/><D1/><U11/><E74/><V111/><F59/><W19/><G2/><T15/><D125/><U43/><E32/><N who="2" m="12395" /><F66/><W7/><G126/><T72/><D40/><U6/><E10/><V54/><F54/><W41/><G7/><T132/><D76/><U101/><E69/><V0/><F93/><W60/><G100/><T39/><D39/><U49/><E130/><V35/><F92/><W23/><G119/><N who="2" m="45609" /><F134/><N who="0" m="51818" /><D31/><U68/><E68/><V38/><F38/><W128/><G128/><T29/><D29/><U84/><E84/><V122/><F35/><W25/><G37/><T80/><D80/><U47/><E57/><V96/><F96/><W85/><REACH who="3" step="1"/><G26/><REACH who="3" ten="328,379,241,42" step="2"/><T16/><D15/><U73/><E101/><V12/><F122/><W113/><G113/><T88/><D88/><U90/><E90/><V17/><F0/><W81/><G81/><T86/><D72/><U110/><E73/><V123/><F3/><W45/><AGARI ba="4,1" hai="19,23,25,41,42,45,48,55,60,67,71,77,82,85" machi="45" ten="20,2700,0" yaku="1,1,0,1,7,1,53,0" doraHai="9" doraHaiUra="104" who="3" fromWho="3" sc="328,-11,379,-17,241,-11,42,49" /><INIT seed="6,0,0,1,3,86" ten="317,362,230,91" oya="2" hai0="119,105,134,127,20,2,99,109,40,133,81,41,1" hai1="4,61,13,59,16,130,78,68,132,21,30,19,23" hai2="9,64,83,125,88,76,74,97,135,3,71,56,117" hai3="123,118,27,6,70,110,8,46,22,95,45,51,90"/><V38/><F117/><W44/><G110/><T54/><D109/><U96/><E68/><V72/><F125/><W60/><G123/><T106/><D119/><U15/><E130/><V91/><F71/><W98/><G118/><T89/><D127/><U53/><E132/><N who="0" m="50793" /><D20/><U55/><E78/><V34/><F34/><W24/><G70/><T29/><D29/><U120/><E120/><V58/><F135/><W37/><G37/><T50/><D54/><U82/><E82/><V31/><F31/><W103/><G60/><T112/><D112/><U63/><E30/><V116/><F116/><W28/><G24/><T32/><D32/><U39/><E39/><V129/><F129/><W42/><REACH who="3" step="1"/><G103/><REACH who="3" ten="317,362,230,81" step="2"/><T25/><D25/><U17/><E63/><V115/><F38/><W108/><G108/><T73/><D50/><U124/><E61/><V7/><F115/><W126/><G126/><T35/><D35/><U66/><E124/><V93/><F64/><W26/><G26/><T100/><D100/><U14/><E66/><V87/><F72/><W122/><G122/><T131/><D131/><U11/><E23/><V5/><F5/><W92/><G92/><AGARI ba="0,1" hai="3,7,9,56,58,74,76,83,87,88,91,92,93,97" machi="92" ten="30,11600,0" yaku="7,1,52,2,54,1" doraHai="86" who="2" fromWho="3" sc="317,0,362,0,230,126,81,-116" owari="317,-8.3,362,46.2,356,15.6,-35,-53.5" /></mjloggm>