<mjloggm ver="2.3"><GO type="169" lobby="0"/><UN n0="%E3%82%82%E3%82%8D%E3%81%BF%E3%83%BC" n1="%E3%81%9B%E3%81%A9%E3%81%AA%E3%82%8A%E3%81%82%E3%82%93" n2="%E3%82%B5%E3%83%AF%E3%83%B3%E3%82%B3%E3%83%95" n3="%E3%81%93%E3%81%AB" dan="17,17,16,16" rate="2143.38,2192.00,2204.73,2156.13" sx="M,F,M,M"/><TAIKYOKU oya="0"/><INIT seed="0,0,0,0,4,95" ten="250,250,250,250" oya="0" hai0="27,123,80,37,59,58,74,73,18,132,40,87,43" hai1="119,8,111,31,51,19,116,129,135,126,7,44,36" hai2="30,93,54,64,83,49,17,133,81,125,79,56,20" hai3="47,75,106,9,42,89,109,103,15,46,112,70,120"/><T11/><D123/><U34/><E36/><V53/><F133/><W68/><G112/><T50/><D132/><U12/><E135/><V23/><F125/><W122/><G109/><T127/><D37/><U107/><E107/><V115/><F115/><W96/><G89/><T134/><D127/><U1/><E126/><V13/><F64/><W41/><G75/><T55/><D134/><U124/><E124/><V105/><F105/><W101/><G101/><T24/><D74/><U26/><E111/><V131/><F131/><W86/><G86/><T29/><D73/><U121/><E121/><N who="3" m="46698" /><G46/><T97/><D58/><U98/><E98/><V33/><F33/><W85/><G85/><T128/><D128/><U110/><E110/><V48/><F79/><W10/><G10/><T21/><D97/><U3/><E3/><V76/><F76/><W28/><G28/><T63/><D63/><U90/><E90/><V65/><F65/><W35/><G35/><T84/><D11/><U104/><E104/><V108/><F108/><W91/><G91/><T88/><REACH who="0" step="1"/><D84/><REACH who="0" ten="240,250,250,250" step="2"/><U102/><E129/><V57/><F57/><W2/><G68/><T113/><D113/><U69/><E69/><V5/><F56/><W118/><G70/><T71/><D71/><U94/><E51/><V82/><F49/><W62/><G62/><T45/><D45/><U6/><E44/><V78/><F48/><W14/><G47/><T72/><D72/><U92/><E102/><V117/><F117/><W39/><G39/><T32/><AGARI ba="0,1" hai="18,21,24,27,29,32,40,43,50,55,59,80,87,88" machi="32" ten="20,7800,0" yaku="1,1,0,1,7,1,54,1,53,0" doraHai="95" doraHaiUra="66" who="0" fromWho="0" sc="240,88,250,-26,250,-26,250,-26" /><INIT seed="0,1,0,0,0,81" ten="328,224,224,224" oya="0" hai0="119,80,94,97,10,107,19,79,70,25,135,57,43" hai1="87,7,112,30,42,15,85,63,129,88,76,50,122" hai2="74,128,21,105,20,54,71,115,44,117,18,29,64" hai3="52,40,108,66,130,127,111,120,82,77,118,33,23"/><T31/><D135/><U100/><E122/><V65/><F115/><W39/><G118/><T27/><D70/><U13/><E112/><V99/><F74/><W1/><G33/><T56/><D107/><U67/><E129/><V123/><F123/><W84/><G120/><T58/><D119/><U68/><E100/><V75/><F75/><W16/><G1/><T22/><D43/><U96/><E30/><V131/><F29/><W95/><G66/><T98/><D94/><N who="1" m="56391" /><E68/><V34/><F34/><W2/><G2/><T59/><N who="0" m="14336" /><DORA hai="38" /><T132/><D132/><U47/><E76/><V60/><F65/><W125/><G52/><T5/><D5/><U124/><E124/><N who="3" m="47690" /><G95/><T113/><D113/><U4/><E67/><V51/><F117/><W11/><G11/><T101/><D101/><U48/><E48/><V32/><F32/><W110/><G130/><N who="2" m="49705" /><F18/><W102/><G102/><AGARI ba="1,0" hai="20,21,44,51,54,60,64,71,99,102,105" m="49705" machi="102" ten="30,1000,0" yaku="19,1" doraHai="81,38" who="2" fromWho="3" sc="328,0,224,0,224,13,224,-13" /><INIT seed="1,0,0,2,0,70" ten="328,224,237,211" oya="1" hai0="104,135,67,8,68,17,130,116,97,56,133,77,48" hai1="3,80,24,60,105,10,2,72,11,79,103,112,22" hai2="90,37,113,15,81,121,61,87,6,13,38,34,99" hai3="62,65,29,109,47,108,36,85,32,84,129,101,63"/><U131/><E112/><V118/><F121/><W128/><G29/><T122/><D116/><U26/><E131/><N who="3" m="50250" /><G32/><T4/><D130/><U25/><E22/><V93/><F118/><W117/><G101/><T1/><D68/><U46/><E60/><N who="3" m="23082" /><G65/><T102/><D122/><U42/><E103/><V44/><F34/><W89/><G117/><T52/><D67/><U40/><E105/><V66/><F113/><W35/><G35/><T124/><D124/><U18/><E18/><V31/><F31/><W5/><G5/><T114/><D114/><U91/><E91/><V125/><F125/><W51/><G89/><T126/><D126/><U86/><E86/><N who="3" m="33386" /><G36/><T58/><D77/><U0/><REACH who="1" step="1"/><E42/><AGARI ba="0,0" hai="42,47,51,108,109" m="33386,23082,50250" machi="42" ten="30,1000,0" yaku="19,1" doraHai="70" who="3" fromWho="1" sc="328,0,224,-10,237,0,211,10" /><INIT seed="2,0,0,3,0,7" ten="328,214,237,221" oya="2" hai0="35,41,59,75,22,57,112,29,71,26,101,113,97" hai1="80,47,78,134,128,42,98,16,21,54,8,44,14" hai2="48,31,68,109,43,89,18,118,127,81,126,4,74" hai3="30,56,135,99,2,82,62,85,65,61,9,110,107"/><V103/><F118/><W38/><G110/><T3/><D75/><U64/><E64/><V6/><F68/><W45/><G135/><T111/><D111/><U104/><E134/><V115/><F115/><W87/><G30/><T73/><D73/><U105/><E128/><V28/><F109/><W17/><G2/><T49/><D3/><U79/><E54/><V92/><F103/><W119/><G119/><T70/><D70/><U106/><E98/><V83/><F18/><W10/><G87/><T36/><D36/><U33/><E33/><V96/><F31/><W120/><G120/><T0/><D0/><U117/><E117/><V27/><F43/><W77/><G17/><T132/><D71/><U94/><E94/><V5/><F48/><W40/><REACH who="3" step="1"/><G62/><REACH who="3" ten="328,214,237,211" step="2"/><T24/><D132/><U102/><E102/><AGARI ba="0,1" hai="9,10,38,40,45,56,61,65,77,82,85,99,102,107" machi="102" ten="40,8000,1" yaku="1,1,2,1,52,2,53,0" doraHai="7" doraHaiUra="123" who="3" fromWho="1" sc="328,0,214,-80,237,0,211,90" /><INIT seed="3,0,0,4,0,16" ten="328,134,237,301" oya="3" hai0="128,60,54,131,38,116,114,72,82,91,123,44,87" hai1="26,64,95,126,1,68,110,127,85,4,98,78,86" hai2="42,75,21,14,66,7,134,37,96,80,43,19,49" hai3="101,122,113,32,24,90,84,94,46,92,130,125,106"/><W67/><G113/><T31/><D116/><U35/><E4/><V50/><F134/><W59/><G122/><T58/><D123/><U97/><E1/><V51/><F37/><W100/><G125/><N who="1" m="47626" /><E64/><V111/><F111/><W6/><G130/><N who="0" m="49707" /><D114/><U81/><E68/><V124/><F124/><W77/><G77/><T79/><D31/><N who="1" m="19959" /><E110/><V135/><F135/><W36/><G6/><T52/><D38/><U53/><E53/><V15/><F66/><W115/><G115/><T17/><D17/><U105/><E105/><V70/><F70/><W34/><G106/><T5/><D5/><U48/><E48/><V8/><F75/><W20/><G36/><T74/><D79/><U39/><E39/><V11/><F80/><W56/><G67/><T23/><D54/><U25/><E25/><V55/><F55/><W18/><G32/><T9/><D44/><U29/><E29/><V102/><REACH who="2" step="1"/><F8/><REACH who="2" ten="328,134,227,301" step="2"/><W57/><G46/><T117/><D9/><U69/><E69/><V3/><F3/><W108/><G108/><T10/><D10/><U22/><E22/><V88/><F88/><AGARI ba="0,1" hai="78,81,85,86,88,95,97,98" m="19959,47626" machi="88" ten="30,2000,0" yaku="18,1,54,1" doraHai="16" who="1" fromWho="2" sc="328,0,134,30,227,-20,301,0" /><INIT seed="4,0,0,4,1,52" ten="328,164,207,301" oya="0" hai0="29,8,15,103,3,26,34,27,54,46,6,12,35" hai1="45,125,36,90,121,72,83,49,102,31,2,64,40" hai2="76,97,65,47,73,135,104,50,111,98,1,23,24" hai3="66,38,124,74,99,55,18,22,92,39,94,79,57"/><T80/><D103/><U28/><E121/><V119/><F111/><W87/><G74/><T70/><D70/><U67/><E125/><V84/><F1/><W91/><G66/><T77/><D46/><U96/><E2/><V114/><F73/><W88/><G79/><T7/><D54/><U115/><E115/><V86/><F114/><W32/><G32/><T110/><D80/><U101/><E101/><V116/><F135/><W11/><G11/><N who="0" m="2527" /><D77/><U130/><E130/><V89/><F76/><W106/><G106/><T112/><D110/><U68/><E72/><V51/><F104/><W44/><G44/><T95/><D95/><U127/><E127/><V93/><F65/><W9/><G9/><N who="0" m="4159" /><D112/><U60/><E67/><V48/><F47/><W75/><G124/><T128/><D128/><U100/><E100/><V107/><F107/><W78/><G78/><T108/><D108/><U21/><E102/><V122/><F122/><W113/><G75/><T58/><D58/><U120/><E120/><V16/><REACH who="2" step="1"/><F84/><REACH who="2" ten="328,164,197,301" step="2"/><W82/><G113/><T0/><D0/><U129/><E129/><V85/><F85/><W132/><G132/><T59/><D59/><U118/><E64/><V61/><F61/><W10/><G87/><T19/><D27/><U37/><E60/><V126/><F126/><W33/><G57/><T62/><D62/><U20/><E45/><V105/><F105/><W53/><G99/><AGARI ba="0,1" hai="16,23,24,48,50,51,86,89,93,97,98,99,116,119" machi="99" ten="40,2600,0" yaku="1,1,54,1,53,0" doraHai="52" doraHaiUra="109" who="2" fromWho="3" sc="328,0,164,0,197,36,301,-26" /><INIT seed="5,0,0,0,4,69" ten="328,164,233,275" oya="1" hai0="43,62,103,30,73,32,107,12,48,114,56,125,102" hai1="28,76,37,59,47,130,20,19,55,129,18,2,52" hai2="41,127,126,118,85,77,110,106,45,33,78,10,64" hai3="44,115,83,93,108,22,96,79,128,16,63,122,84"/><U131/><E2/><V135/><F118/><W29/><G108/><T7/><D73/><U95/><E76/><V116/><F116/><W24/><G122/><T60/><D107/><U11/><E95/><V9/><F110/><W72/><G115/><T23/><D32/><U14/><E28/><V91/><F33/><W8/><G128/><T124/><D114/><U90/><E90/><V97/><F64/><W66/><G44/><N who="0" m="25631" /><D60/><U80/><E80/><V68/><F68/><W112/><G112/><T39/><D39/><U70/><E70/><V36/><F135/><W132/><G132/><T51/><D51/><U67/><E67/><V89/><F89/><W65/><G72/><T42/><D42/><N who="1" m="22991" /><E59/><V61/><F97/><W87/><G87/><T74/><D74/><U133/><E133/><V58/><F106/><W21/><G66/><T25/><D56/><U98/><E98/><V15/><F58/><N who="3" m="37111" /><G29/><T117/><D62/><U57/><E57/><V46/><F61/><W5/><G93/><T100/><D117/><U34/><E34/><V0/><F0/><W120/><G96/><T81/><D81/><U53/><E20/><V40/><F36/><W38/><G38/><T35/><D35/><U86/><E86/><V119/><F119/><W82/><G82/><T111/><D111/><U88/><E88/><V94/><F91/><W104/><G104/><T27/><D27/><U113/><E113/><V134/><F134/><W123/><G22/><T75/><D75/><U17/><AGARI ba="0,0" hai="11,14,17,18,19,52,53,55,129,130,131" m="22991" machi="17" ten="40,7800,0" yaku="19,1,52,1,54,1" doraHai="69" who="1" fromWho="1" sc="328,-26,164,78,233,-26,275,-26" /><INIT seed="5,1,0,5,1,24" ten="302,242,207,249" oya="1" hai0="39,12,32,131,127,112,76,107,134,89,28,122,93" hai1="23,101,132,102,65,34,26,37,121,129,0,71,114" hai2="31,117,96,20,16,86,36,6,9,10,100,126,66" hai3="83,18,81,5,61,106,59,44,63,56,2,82,11"/><U120/><E34/><V87/><F117/><W48/><G106/><T50/><D39/><U94/><E0/><V13/><F36/><W45/><G18/><T78/><D107/><U33/><E33/><V22/><F126/><W110/><G110/><T75/><D75/><U97/><E114/><V62/><F22/><W47/><REACH who="3" step="1"/><G48/><REACH who="3" ten="302,242,207,239" step="2"/><T60/><D50/><U41/><E37/><V25/><F6/><W104/><G104/><T4/><D4/><U77/><E120/><V92/><REACH who="2" step="1"/><F9/><REACH who="2" ten="302,242,197,239" step="2"/><W17/><G17/><T53/><D127/><U43/><E121/><V95/><F95/><W123/><G123/><T40/><D93/><U67/><E94/><V3/><F3/><W42/><G42/><T29/><D40/><U38/><E38/><V51/><F51/><W79/><G79/><T70/><D78/><U74/><E77/><V35/><F35/><W46/><N who="3" m="11264" /><DORA hai="69" /><W73/><G73/><T108/><D122/><U68/><E74/><V128/><F128/><W98/><G98/><T91/><D131/><U103/><E97/><V119/><F119/><W30/><G30/><T135/><D29/><U72/><E72/><V49/><F49/><W52/><G52/><T115/><D76/><U1/><E1/><V130/><F130/><W124/><G124/><T19/><D32/><U109/><E129/><V99/><F99/><W27/><G27/><T113/><D113/><U125/><E125/><V58/><AGARI ba="1,2" hai="10,13,16,20,25,31,58,62,66,86,87,92,96,100" machi="58" ten="20,16000,3" yaku="1,1,0,1,7,1,25,2,8,1,52,1,54,1,53,1" doraHai="24,69" doraHaiUra="111,7" who="2" fromWho="2" sc="302,-41,242,-81,197,183,239,-41" /><INIT seed="6,0,0,4,4,11" ten="261,161,380,198" oya="2" hai0="126,116,63,109,4,5,75,42,0,27,104,20,51" hai1="90,28,93,9,74,48,123,13,85,80,19,101,2" hai2="103,76,21,77,69,78,10,72,40,47,110,133,120" hai3="8,87,35,34,6,22,59,96,117,26,23,3,112"/><V83/><F120/><W95/><G117/><T84/><D109/><U29/><E123/><V89/><F69/><W106/><G106/><T115/><D75/><U122/><E122/><V124/><F110/><W82/><G112/><T55/><D104/><U64/><E2/><V86/><F133/><W57/><G23/><T121/><D0/><U113/><E113/><V12/><F124/><W15/><G3/><T45/><D121/><U37/><E37/><V107/><F21/><W114/><G114/><T43/><D116/><U54/><E64/><V62/><F62/><W52/><G34/><T39/><D126/><U111/><E111/><V127/><F127/><W49/><G35/><T132/><D132/><U1/><E1/><V98/><F72/><W97/><G59/><N who="0" m="35327" /><D39/><U130/><E130/><V60/><F60/><W134/><G95/><T125/><D125/><U44/><E74/><V41/><REACH who="2" step="1"/><F47/><REACH who="2" ten="261,161,370,198" step="2"/><W16/><G134/><T58/><D45/><U36/><E36/><V92/><F92/><W71/><G71/><T50/><D115/><U73/><E73/><V79/><N who="2" m="19456" /><DORA hai="100" /><V46/><F46/><W17/><G82/><T108/><D20/><U31/><E93/><V32/><F32/><W38/><G57/><T118/><D58/><U67/><E67/><V70/><F70/><W68/><G68/><T61/><D108/><U99/><E31/><V94/><F94/><W56/><G56/><T66/><D66/><U14/><E28/><V129/><F129/><W131/><G131/><T91/><D61/><U18/><E29/><V135/><F135/><W24/><G22/><RYUUKYOKU ba="0,1" sc="261,-10,161,-10,370,30,198,-10" hai2="10,12,40,41,83,86,89,98,103,107" /><INIT seed="6,1,1,4,5,47" ten="251,151,400,188" oya="2" hai0="26,85,65,59,0,97,118,46,33,9,76,99,35" hai1="105,44,111,96,31,113,102,18,70,103,109,22,73" hai2="87,64,57,79,126,88,78,29,1,95,125,131,120" hai3="123,56,104,124,128,7,61,75,19,15,60,50,132"/><V116/><F116/><W98/><G123/><T52/><D118/><U89/><E70/><V11/><F120/><W83/><G7/><T133/><D133/><U62/><E73/><V37/><F37/><W68/><G68/><T80/><D65/><U39/><E31/><V69/><F69/><W32/><G32/><T16/><D46/><U121/><E121/><V71/><F71/><W115/><G132/><T94/><D0/><U58/><E113/><V82/><F29/><W107/><G128/><T119/><D119/><U84/><E103/><V67/><F131/><W100/><G107/><T27/><D33/><U74/><E74/><V42/><F42/><W86/><G75/><T24/><D35/><U8/><E8/><V6/><F78/><W38/><G38/><T55/><D55/><U51/><E39/><V36/><F36/><W66/><G124/><N who="2" m="47721" /><F57/><W91/><G115/><T101/><D97/><AGARI ba="1,1" hai="1,6,11,64,67,79,82,87,88,95,97" m="47721" machi="97" ten="30,2900,0" yaku="18,1,54,1" doraHai="47" who="2" fromWho="0" sc="251,-32,151,0,400,42,188,0" /><INIT seed="6,2,0,3,3,131" ten="219,151,442,188" oya="2" hai0="124,3,46,80,64,13,107,60,10,18,4,96,85" hai1="26,43,121,29,79,35,106,0,117,100,12,108,34" hai2="115,56,127,44,20,17,57,98,39,31,5,75,22" hai3="2,133,73,109,102,16,97,118,89,119,113,9,48"/><V81/><F115/><W95/><G109/><T42/><D124/><U91/><E117/><V74/><F5/><W125/><G73/><T87/><D107/><U70/><E0/><V23/><F31/><W72/><G72/><T92/><D80/><U123/><E79/><V78/><F127/><W52/><G125/><T59/><D4/><U128/><E128/><V65/><F74/><W32/><G32/><T25/><D25/><U130/><E130/><V38/><F17/><W135/><G113/><T67/><D67/><U132/><E108/><V21/><F21/><W66/><G66/><T76/><D76/><U28/><E70/><V122/><F122/><N who="1" m="46601" /><E91/><V1/><F1/><W103/><G2/><T110/><D3/><U51/><E12/><V104/><F38/><W62/><G62/><T111/><D111/><U30/><E51/><V19/><F39/><W41/><G41/><T27/><D27/><N who="1" m="18719" /><E43/><V63/><F78/><W7/><G7/><T126/><D126/><U61/><E61/><V53/><F63/><W33/><G33/><T105/><D110/><U93/><E93/><V50/><F50/><W71/><G71/><T24/><D24/><U77/><E77/><V37/><F37/><W47/><G118/><T11/><D92/><U84/><E84/><V90/><F90/><W45/><G119/><T69/><D69/><U14/><E14/><V8/><F75/><W68/><G68/><T49/><D10/><U6/><E30/><V129/><F8/><W99/><G89/><T116/><D116/><U134/><E6/><V54/><F129/><W55/><G9/><RYUUKYOKU ba="2,0" sc="219,15,151,15,442,-15,188,-15" hai0="11,13,18,42,46,49,59,60,64,85,87,96,105" hai1="26,29,35,100,106,132,134" /><INIT seed="7,3,0,0,4,84" ten="234,166,427,173" oya="3" hai0="45,0,68,99,133,30,104,47,18,90,114,39,128" hai1="125,63,52,5,56,69,113,16,60,26,1,40,32" hai2="62,33,110,120,28,59,108,48,74,29,64,36,31" hai3="91,86,41,58,93,112,101,22,117,15,50,35,42"/><W95/><G35/><T53/><D68/><U38/><E113/><V81/><F36/><W92/><G112/><T75/><D0/><U34/><E125/><V94/><F33/><W106/><G106/><T24/><D75/><U127/><E127/><V25/><F25/><W130/><G130/><T17/><D133/><U7/><E32/><V21/><F21/><W98/><G95/><N who="0" m="56823" /><D39/><U43/><E1/><V88/><F120/><W20/><G20/><N who="0" m="15623" /><D104/><U78/><E78/><V23/><F23/><W73/><G73/><T109/><D109/><U77/><E77/><V37/><F37/><W12/><G117/><T10/><D128/><U124/><E124/><V85/><F74/><W27/><G12/><T61/><D10/><U67/><E16/><V76/><F48/><W19/><G27/><T132/><D132/><U134/><E134/><V123/><F123/><W105/><G105/><T82/><D82/><U46/><REACH who="1" step="1"/><E40/><REACH who="1" ten="234,156,427,173" step="2"/><V4/><F4/><W121/><G121/><T116/><D17/><U8/><E8/><V13/><F94/><W79/><G79/><T103/><D18/><U3/><E3/><V55/><F85/><W87/><G87/><T80/><D114/><U126/><E126/><V97/><F13/><W9/><G9/><T131/><D131/><U89/><E89/><V111/><F76/><W66/><G66/><T6/><D6/><U71/><E71/><V119/><F119/><W122/><G122/><T129/><D129/><U72/><E72/><V83/><F64/><W135/><G135/><T70/><D70/><U96/><E96/><V100/><F88/><RYUUKYOKU ba="3,1" sc="234,-30,156,10,427,10,173,10" hai1="5,7,26,34,38,43,46,52,56,60,63,67,69" hai2="28,29,31,55,59,62,81,83,97,100,108,110,111" hai3="15,19,22,41,42,50,58,86,91,92,93,98,101" /><INIT seed="7,4,1,0,4,47" ten="204,166,437,183" oya="3" hai0="50,75,106,122,35,14,48,74,12,92,81,133,78" hai1="22,127,87,102,16,60,89,21,18,98,3,121,85" hai2="130,39,90,73,62,135,56,54,34,126,1,94,79" hai3="91,2,17,100,109,83,125,97,38,80,11,0,86"/><W124/><G38/><T117/><D122/><U112/><E121/><V13/><F1/><W118/><G118/><T93/><D106/><U68/><E3/><V84/><F34/><W72/><G109/><T131/><D35/><U52/><E112/><V9/><F39/><W25/><G72/><T20/><D20/><N who="1" m="7787" /><E68/><V104/><F104/><W41/><G41/><T70/><D70/><U23/><E127/><N who="3" m="48714" /><G80/><T119/><D81/><N who="1" m="49327" /><E87/><V120/><F126/><W4/><G25/><T49/><D75/><U27/><E98/><V66/><F73/><W116/><G116/><T37/><D119/><U107/><E107/><V61/><F120/><W113/><G113/><T42/><D117/><U128/><E128/><V77/><F130/><W19/><G0/><T64/><D131/><U29/><E102/><V46/><F135/><W24/><G24/><T36/><D133/><U114/><E114/><V32/><F32/><W53/><G53/><T103/><D37/><U28/><E28/><V132/><F132/><W115/><G115/><T101/><D36/><U15/><E15/><V44/><F79/><W31/><G31/><T45/><D78/><U65/><E65/><V134/><F77/><W82/><G82/><T7/><D64/><U30/><E30/><V88/><F134/><W59/><G59/><AGARI ba="4,1" hai="16,18,23,27,29,52,59,60" m="49327,7787" machi="59" ten="30,3900,0" yaku="8,1,54,2" doraHai="47" who="1" fromWho="3" sc="204,0,166,61,437,0,183,-51" owari="204,-19.6,227,2.7,437,53.7,132,-36.8" /></mjloggm>