<mjloggm ver="2.3"><GO type="169" lobby="0"/><UN n0="%E2%97%8E%E3%82%88%E3%81%97%E2%97%8E" n1="%E3%81%A1%E3%82%83%E3%82%8B%E3%82%81%E3%82%89" n2="%E6%89%8B%E6%8A%BC%E3%81%97%E8%BB%8A" n3="%E4%B8%89%E6%B2%B3%E5%B1%8B%E3%81%AE%E3%82%B5%E3%83%96" dan="17,17,16,16" rate="2179.70,2185.24,2110.39,2135.48" sx="M,M,M,M"/><TAIKYOKU oya="0"/><INIT seed="0,0,0,4,2,92" ten="250,250,250,250" oya="0" hai0="57,21,65,68,49,69,26,5,38,52,6,119,46" hai1="51,84,23,130,101,43,135,97,90,115,109,36,122" hai2="103,1,133,32,95,82,22,88,120,107,24,20,58" hai3="102,126,83,0,7,2,108,105,16,47,61,121,70"/><T116/><D119/><U4/><E122/><V15/><F1/><W30/><G121/><T75/><D75/><U93/><E109/><V131/><F120/><W106/><G108/><T89/><D116/><U34/><E34/><V59/><F32/><W73/><G126/><T62/><D89/><U111/><E111/><V113/><F113/><W40/><G30/><T53/><D68/><U132/><E115/><V3/><F3/><N who="3" m="1067" /><G16/><T118/><D118/><U14/><E36/><V114/><F114/><W79/><G7/><T50/><REACH who="0" step="1"/><D38/><REACH who="0" ten="240,250,250,250" step="2"/><U96/><E135/><V74/><F133/><W37/><G102/><T27/><D27/><U41/><E132/><V98/><F131/><W123/><G123/><T13/><D13/><U99/><E130/><V117/><F117/><W128/><G128/><T78/><D78/><U81/><E101/><V54/><F15/><W77/><G79/><T104/><D104/><U33/><E81/><V11/><F74/><W42/><G42/><T19/><AGARI ba="0,1" hai="5,6,19,21,26,46,49,50,52,53,57,62,65,69" machi="19" ten="20,7800,0" yaku="1,1,0,1,7,1,54,1,53,0" doraHai="92" doraHaiUra="86" who="0" fromWho="0" sc="240,88,250,-26,250,-26,250,-26" /><INIT seed="0,1,0,3,3,59" ten="328,224,224,224" oya="0" hai0="54,102,78,68,15,47,52,42,64,119,33,133,84" hai1="34,72,106,18,108,101,23,37,32,29,66,35,118" hai2="13,122,76,74,124,109,19,110,7,44,127,86,85" hai3="25,90,112,107,8,46,81,87,22,115,39,61,103"/><T77/><D119/><U117/><E72/><V62/><F7/><W99/><G8/><T24/><D133/><U56/><E37/><V45/><F122/><W96/><G96/><T91/><D102/><U1/><E1/><V123/><F74/><W20/><G20/><T83/><D15/><U100/><E29/><V70/><F123/><W21/><G21/><T131/><D131/><U10/><E10/><V49/><F45/><W80/><G80/><T95/><D78/><U2/><E2/><V93/><F85/><W111/><G111/><N who="2" m="42505" /><F93/><W36/><G61/><T27/><D68/><U4/><E4/><V9/><F86/><W55/><G55/><T53/><D64/><U135/><E135/><V26/><F26/><W89/><G89/><T75/><REACH who="0" step="1"/><D33/><REACH who="0" ten="318,224,224,224" step="2"/><U30/><E108/><V41/><F76/><W126/><G103/><T105/><D105/><U67/><E101/><V88/><F88/><W92/><G107/><T114/><D114/><U43/><E100/><V3/><F3/><W31/><G112/><T51/><AGARI ba="1,1" hai="24,27,42,47,51,52,53,54,75,77,83,84,91,95" machi="51" ten="30,6000,0" yaku="1,1,0,1,54,1,53,0" doraHai="59" doraHaiUra="14" who="0" fromWho="0" sc="318,73,224,-21,224,-21,224,-21" /><INIT seed="0,2,0,5,0,59" ten="391,203,203,203" oya="0" hai0="45,92,88,36,104,50,86,103,125,71,74,57,30" hai1="117,106,1,133,51,37,80,32,63,96,90,5,131" hai2="22,11,97,24,52,46,42,111,20,69,78,12,64" hai3="93,120,31,27,76,16,83,18,122,107,109,132,112"/><T115/><D115/><U121/><E37/><V98/><F78/><W41/><G107/><T119/><D119/><U2/><E117/><V15/><F111/><W53/><G112/><T39/><D71/><U29/><E121/><N who="3" m="46698" /><G109/><T127/><D74/><U81/><E131/><V49/><F42/><W44/><G93/><T66/><D30/><U34/><E51/><V110/><F15/><W56/><G132/><T28/><D28/><U113/><E113/><V43/><F43/><W47/><G53/><N who="0" m="29903" /><D103/><U23/><E29/><V101/><F110/><W0/><G56/><T114/><D104/><U100/><E100/><V4/><F24/><W14/><G0/><T116/><D116/><U123/><E106/><V10/><F10/><N who="3" m="6231" /><G18/><T6/><D6/><U130/><E133/><V38/><F38/><W60/><G60/><N who="0" m="38159" /><D114/><U84/><E5/><V9/><F9/><W68/><G68/><T94/><D94/><U54/><E2/><V95/><REACH who="2" step="1"/><F98/><REACH who="2" ten="391,203,193,203" step="2"/><W82/><G41/><T70/><D70/><U19/><E96/><V48/><F48/><W61/><G61/><AGARI ba="2,1" hai="4,11,12,20,22,46,49,52,61,64,69,95,97,101" machi="61" ten="40,8000,1" yaku="1,1,52,1,54,1,53,1" doraHai="59" doraHaiUra="62" who="2" fromWho="3" sc="391,0,203,0,193,96,203,-86" /><INIT seed="1,0,0,4,0,62" ten="391,203,289,117" oya="1" hai0="25,56,98,96,129,33,44,65,16,8,4,100,131" hai1="53,51,77,48,132,117,91,64,22,135,46,106,127" hai2="86,12,50,85,20,128,75,89,88,130,80,120,87" hai3="1,57,73,79,38,74,0,34,90,70,115,24,5"/><U134/><E106/><V47/><F120/><W118/><G115/><T35/><D44/><U69/><E77/><N who="2" m="44095" /><F20/><W101/><G118/><T105/><D98/><U19/><E117/><V133/><F12/><W110/><G110/><T122/><D122/><U42/><E91/><N who="2" m="34891" /><F50/><W72/><G79/><T126/><D126/><U109/><E127/><V11/><F11/><W123/><G123/><T30/><D33/><U95/><E95/><V66/><F47/><W83/><G101/><T45/><D45/><U18/><E109/><V97/><F66/><W124/><G70/><T14/><D56/><N who="1" m="32807" /><E22/><V13/><F13/><W49/><G38/><T113/><D113/><U84/><E84/><V76/><F133/><W37/><G37/><T3/><REACH who="0" step="1"/><D65/><REACH who="0" ten="381,203,289,117" step="2"/><U27/><E64/><V29/><F97/><W2/><G124/><T78/><D78/><U121/><E121/><V82/><F29/><W94/><G34/><T23/><AGARI ba="0,1" hai="3,4,8,14,16,23,25,30,35,96,100,105,129,131" machi="23" ten="30,8000,1" yaku="1,1,0,1,24,2,54,1,53,0" doraHai="62" doraHaiUra="60" who="0" fromWho="0" sc="381,90,203,-40,289,-20,117,-20" /><INIT seed="2,0,0,3,5,78" ten="471,163,269,97" oya="2" hai0="110,92,74,73,111,20,27,51,89,117,71,69,52" hai1="122,43,10,49,134,102,83,84,60,97,127,22,40" hai2="113,55,114,16,131,42,76,13,1,61,103,32,14" hai3="29,6,105,86,0,116,65,79,18,109,98,59,81"/><V132/><F1/><W41/><G116/><T80/><D117/><U36/><E36/><V33/><F42/><W77/><G109/><N who="0" m="41483" /><D92/><U53/><E127/><V66/><F55/><W19/><G29/><N who="0" m="17639" /><D89/><U47/><E134/><V72/><F132/><W34/><G34/><T62/><D62/><U8/><E122/><V101/><F131/><W50/><G79/><N who="0" m="44143" /><D74/><U88/><E22/><V23/><F32/><W30/><G30/><T26/><D26/><U38/><E60/><V87/><F33/><W133/><G133/><T128/><D128/><U94/><REACH who="1" step="1"/><E43/><REACH who="1" ten="471,153,269,97" step="2"/><V58/><F113/><W75/><G41/><T17/><D71/><U24/><E24/><V63/><F114/><W57/><G50/><T48/><D69/><U104/><E104/><V90/><F63/><W7/><G105/><T45/><D48/><U37/><E37/><V85/><F13/><W56/><G65/><T95/><D51/><U54/><E54/><V67/><F67/><W96/><G0/><T93/><D52/><U15/><E15/><V120/><F120/><W107/><G107/><T39/><D39/><U11/><E11/><V129/><F129/><W106/><G106/><T118/><D118/><U31/><E31/><V91/><F14/><W4/><REACH who="3" step="1"/><G75/><REACH who="3" ten="471,153,269,87" step="2"/><T119/><D119/><U44/><AGARI ba="0,2" hai="8,10,38,40,44,47,49,53,83,84,88,94,97,102" machi="44" ten="20,8000,1" yaku="1,1,0,1,7,1,52,1,54,1,53,0" doraHai="78" doraHaiUra="124" who="1" fromWho="1" sc="471,-20,153,100,269,-40,87,-20" /><INIT seed="3,0,0,2,5,28" ten="451,253,229,67" oya="3" hai0="129,35,70,124,67,38,81,128,30,111,115,112,10" hai1="50,85,14,100,93,44,75,71,134,105,131,33,62" hai2="63,47,92,46,66,6,61,86,42,78,104,8,27" hai3="108,91,48,77,127,80,5,117,114,40,97,41,110"/><W32/><G114/><N who="0" m="43563" /><D38/><U37/><E75/><V132/><F104/><W72/><G117/><T82/><D111/><N who="3" m="42537" /><G127/><T121/><D121/><U36/><E131/><N who="0" m="50249" /><D124/><U58/><E134/><V13/><F132/><W11/><G48/><T43/><D43/><N who="3" m="16457" /><G91/><T7/><D67/><U51/><E50/><V29/><F47/><W31/><G97/><T116/><D70/><U106/><E71/><V39/><F66/><W95/><G95/><T74/><D74/><U103/><E93/><V101/><F101/><W18/><G18/><T107/><D107/><U3/><E103/><V49/><F39/><W126/><G126/><T26/><D116/><U59/><E100/><V54/><F54/><W133/><G133/><T19/><D19/><U1/><E37/><V88/><REACH who="2" step="1"/><F78/><REACH who="2" ten="451,253,219,67" step="2"/><W123/><G123/><T89/><D89/><U57/><E36/><V65/><F65/><W135/><G135/><T45/><D45/><U79/><E44/><V118/><F118/><W130/><G130/><T56/><D56/><U4/><E58/><V34/><AGARI ba="0,1" hai="6,8,13,27,29,34,42,46,49,61,63,86,88,92" machi="34" ten="20,12000,2" yaku="1,1,0,1,7,1,52,1,54,1,53,1" doraHai="28" doraHaiUra="24" who="2" fromWho="2" sc="451,-30,253,-30,219,130,67,-60" /><INIT seed="4,0,0,3,0,76" ten="421,223,349,7" oya="0" hai0="27,19,114,109,70,40,22,54,60,120,85,47,96" hai1="102,11,13,99,116,117,80,121,49,4,59,5,108" hai2="90,125,64,52,118,131,73,115,105,33,55,84,8" hai3="14,128,37,133,106,122,92,91,43,32,68,30,9"/><T134/><D120/><U82/><E121/><V10/><F33/><W95/><G122/><T75/><D114/><U74/><E74/><V98/><F73/><W17/><G106/><T107/><D75/><U31/><E108/><V7/><F115/><W127/><G68/><T97/><D134/><U65/><E31/><V78/><F118/><W126/><G133/><T3/><D3/><U6/><E117/><V63/><F78/><W15/><G128/><T53/><D107/><U123/><E123/><V67/><F67/><W112/><G112/><T50/><D54/><U41/><E116/><V29/><F29/><W51/><G37/><T103/><D103/><U24/><E24/><V0/><F131/><W86/><G92/><T87/><D109/><U83/><E41/><V26/><F26/><N who="3" m="18519" /><G51/><N who="0" m="27111" /><D60/><N who="1" m="38047" /><E49/><V101/><F10/><W110/><G43/><T77/><D70/><U79/><E79/><V66/><F66/><W135/><G135/><T28/><D28/><U119/><E119/><V21/><F21/><W1/><G110/><T94/><D77/><U104/><E104/><V62/><F62/><W111/><G111/><T16/><D19/><N who="1" m="8639" /><E99/><V132/><F132/><W81/><G1/><T113/><D113/><U38/><E38/><V129/><F129/><W46/><G46/><N who="0" m="27863" /><D97/><U48/><E48/><V56/><REACH who="2" step="1"/><F125/><REACH who="2" ten="421,223,339,7" step="2"/><N who="3" m="47627" /><G15/><T42/><D42/><U57/><E57/><V25/><F25/><W58/><G58/><T93/><D27/><U71/><E71/><V23/><F23/><W34/><G34/><T124/><D124/><U36/><E36/><V89/><F89/><W35/><G35/><RYUUKYOKU ba="0,1" sc="421,-30,223,10,339,10,7,10" hai1="4,5,6,80,82,83,102" hai2="0,7,8,52,55,56,63,64,84,90,98,101,105" hai3="9,14,17,81,86,91,95" /><INIT seed="5,1,1,3,1,39" ten="391,233,349,17" oya="1" hai0="135,83,122,125,60,56,14,43,129,44,29,20,95" hai1="32,22,13,58,98,3,37,9,107,18,21,24,133" hai2="38,97,72,78,49,1,104,45,55,101,102,75,118" hai3="80,88,23,6,87,91,71,61,89,121,127,10,5"/><U103/><E133/><V79/><F1/><W69/><G121/><T46/><D135/><U31/><E37/><V109/><F109/><W90/><G127/><T36/><D122/><U117/><E117/><V112/><F118/><W113/><G113/><T27/><D125/><U124/><E124/><V8/><F112/><W40/><G40/><T123/><D129/><U66/><E58/><V65/><F65/><W70/><G23/><T52/><D123/><U94/><E94/><V34/><F34/><W12/><REACH who="3" step="1"/><G5/><REACH who="3" ten="391,233,349,7" step="2"/><T11/><D43/><U54/><E22/><V17/><F38/><W93/><G93/><T25/><D95/><U81/><E81/><V108/><F104/><W92/><G92/><T68/><D83/><U28/><E28/><V128/><F128/><W115/><G115/><T4/><D36/><U7/><REACH who="1" step="1"/><E54/><REACH who="1" ten="391,223,349,7" step="2"/><V120/><F55/><W48/><G48/><T119/><D119/><U106/><E106/><V64/><F49/><W84/><G84/><T53/><D53/><U50/><E50/><V33/><F120/><W99/><G99/><T130/><D130/><U100/><E100/><V110/><F97/><W63/><AGARI ba="1,3" hai="6,10,12,61,63,69,70,71,80,87,88,89,90,91" machi="63" ten="40,12000,2" yaku="1,1,0,1,54,1,53,4" doraHai="39" doraHaiUra="86" who="3" fromWho="3" sc="391,-31,223,-61,349,-31,7,153" /><INIT seed="6,0,0,2,4,115" ten="360,162,318,160" oya="2" hai0="47,103,99,61,77,116,124,95,51,30,64,129,9" hai1="123,34,108,57,69,113,48,88,21,72,122,35,29" hai2="114,94,40,120,12,75,6,74,10,59,133,83,130" hai3="73,11,20,52,5,79,53,58,81,84,62,63,65"/><V105/><F105/><W93/><G20/><T4/><D124/><U68/><E72/><V98/><F114/><W76/><G62/><T50/><D129/><U28/><E113/><V107/><F107/><W117/><G117/><T17/><D116/><U56/><E21/><V26/><F120/><N who="1" m="46121" /><E88/><V22/><F130/><W37/><G37/><T36/><D17/><U82/><E82/><V92/><F92/><W70/><G70/><N who="1" m="27242" /><E48/><V128/><F128/><W39/><G39/><T45/><D77/><U24/><E108/><V54/><F40/><W13/><REACH who="3" step="1"/><G76/><REACH who="3" ten="360,162,318,150" step="2"/><T32/><D36/><U112/><E112/><V67/><F133/><W71/><G71/><T96/><D32/><N who="1" m="12331" /><E24/><V97/><F67/><W31/><G31/><AGARI ba="0,1" hai="28,29,31,56,57" m="12331,27242,46121" machi="31" ten="40,5200,0" yaku="28,2,13,1" doraHai="115" who="1" fromWho="3" sc="360,0,162,62,318,0,150,-52" /><INIT seed="7,0,0,0,4,131" ten="360,224,318,98" oya="3" hai0="6,87,70,75,34,14,96,115,112,31,109,103,56" hai1="3,8,93,55,98,88,58,49,65,45,117,38,46" hai2="125,94,15,43,27,28,99,79,9,48,57,5,73" hai3="133,130,74,39,64,26,7,19,22,122,12,107,132"/><W76/><G122/><T25/><D70/><U111/><E111/><V128/><F128/><W36/><G130/><T53/><D75/><U52/><E117/><V92/><F125/><W114/><G107/><N who="0" m="63975" /><D87/><U126/><E126/><V41/><F94/><W29/><G114/><N who="0" m="43563" /><D109/><U54/><E38/><V121/><F121/><W60/><G7/><T0/><D14/><U23/><E23/><V66/><F73/><W21/><G36/><T32/><D32/><U59/><E65/><V119/><F79/><W13/><G13/><T18/><D18/><U17/><E17/><V67/><F119/><W69/><REACH who="3" step="1"/><G39/><REACH who="3" ten="360,224,318,88" step="2"/><T42/><D6/><U11/><E3/><V85/><F27/><W113/><G113/><T78/><D0/><U80/><E80/><AGARI ba="0,1" hai="12,19,21,22,26,29,60,64,69,74,76,80,132,133" machi="80" ten="40,12000,1" yaku="1,1,52,2,53,1" doraHai="131" doraHaiUra="61" who="3" fromWho="1" sc="360,0,224,-120,318,0,88,130" /><INIT seed="7,1,0,0,3,120" ten="360,104,318,218" oya="3" hai0="81,89,12,87,117,35,101,106,133,113,76,88,78" hai1="14,43,91,129,74,51,61,13,22,107,114,45,23" hai2="53,54,108,11,68,30,112,116,58,66,79,73,52" hai3="8,86,135,18,29,132,0,50,83,92,27,96,6"/><W98/><G18/><T130/><D35/><U115/><E74/><V41/><F116/><W33/><G50/><T62/><D117/><U36/><E107/><V85/><F73/><W110/><G110/><T37/><D37/><U24/><E36/><V131/><F108/><W31/><G31/><T17/><D130/><U39/><E39/><V42/><F30/><W105/><G105/><T60/><D133/><N who="3" m="51273" /><G92/><T67/><D113/><U65/><E129/><V94/><F131/><W64/><G64/><T128/><D128/><U59/><E115/><V15/><F68/><W56/><G56/><N who="0" m="37255" /><D106/><U9/><E114/><V103/><F112/><W118/><G118/><T44/><D44/><U4/><E14/><V5/><F79/><AGARI ba="1,0" hai="0,6,8,27,29,33,79,83,86,96,98" m="51273" machi="79" ten="30,1500,0" yaku="20,1" doraHai="120" who="3" fromWho="2" sc="360,0,104,0,318,-18,218,18" /><INIT seed="7,2,0,1,3,22" ten="360,104,300,236" oya="3" hai0="132,56,88,135,44,33,92,64,7,32,48,123,126" hai1="24,27,3,73,72,70,81,8,82,104,61,131,112" hai2="96,43,42,95,49,66,133,11,55,103,2,18,46" hai3="83,113,63,98,47,118,12,87,50,13,34,25,23"/><W19/><G118/><T120/><D7/><U121/><E104/><V80/><F133/><N who="0" m="51274" /><D126/><U69/><E61/><V57/><F2/><W39/><G39/><T110/><D110/><U78/><E112/><V109/><F109/><W9/><G113/><T15/><D15/><U45/><E45/><V79/><F66/><W76/><G34/><N who="0" m="13419" /><D56/><U71/><E131/><V4/><F18/><W52/><G98/><N who="0" m="57607" /><D64/><U17/><E121/><V38/><F43/><AGARI ba="2,0" hai="43,44,48,120,123" m="57607,13419,51274" machi="43" ten="30,2000,0" yaku="20,1,54,1" doraHai="22" who="0" fromWho="2" sc="360,26,104,0,300,-26,236,0" owari="386,48.6,104,-39.6,274,7.4,236,-16.4" /></mjloggm>