<mjloggm ver="2.3"><GO type="169" lobby="0"/><UN n0="%E4%B8%8A%E6%B5%B7%E3%83%8B%E3%83%83%E3%82%AF" n1="%E8%80%81%E6%A5%BD" n2="%E6%81%8B%E3%81%AE%E3%81%86%E3%81%9F" n3="%E7%9C%9F%E3%81%AE%E9%9B%80%E5%A3%AB%E3%81%86%E3%81%BE%E3%81%9F%E3%82%93" dan="16,18,17,16" rate="2176.49,2249.06,2269.30,2089.63" sx="M,M,M,M"/><TAIKYOKU oya="0"/><INIT seed="0,0,0,5,0,106" ten="250,250,250,250" oya="0" hai0="111,100,29,113,132,25,14,69,19,40,15,83,65" hai1="109,125,99,108,110,28,63,59,72,49,24,117,70" hai2="130,36,79,80,38,7,2,12,43,76,103,95,22" hai3="58,39,34,48,18,124,131,74,78,92,128,85,104"/><T66/><D113/><U31/><E117/><V126/><F130/><N who="3" m="49707" /><G39/><T52/><D132/><U89/><E125/><V16/><F79/><W87/><G34/><T27/><D40/><U91/><E70/><V26/><F126/><W98/><G18/><T119/><D119/><U44/><E72/><V121/><F121/><W33/><G33/><T3/><D3/><U45/><E99/><V135/><F135/><W55/><G104/><T116/><D116/><U41/><E45/><V112/><F112/><W6/><G6/><T47/><D100/><U17/><E17/><V56/><F2/><W123/><G123/><T77/><D111/><U81/><E81/><V93/><F56/><W57/><G58/><T10/><D69/><U127/><E127/><V1/><F36/><W96/><G96/><T105/><D15/><U64/><REACH who="1" step="1"/><E31/><REACH who="1" ten="250,240,250,250" step="2"/><V53/><F80/><N who="3" m="45143" /><G124/><T101/><D105/><U71/><E71/><V133/><F133/><W0/><G0/><T13/><D101/><AGARI ba="0,1" hai="48,55,57,85,87,92,98,101" m="45143,49707" machi="101" ten="30,2000,0" yaku="19,1,52,1" doraHai="106" who="3" fromWho="0" sc="250,-20,240,0,250,0,250,30" /><INIT seed="1,0,0,2,5,44" ten="230,240,250,280" oya="1" hai0="118,28,106,129,54,46,58,60,50,30,124,130,47" hai1="8,131,100,52,97,88,33,112,91,110,53,123,114" hai2="89,104,81,113,79,111,35,74,55,94,43,108,92" hai3="26,65,126,103,82,72,80,56,42,36,125,14,102"/><U133/><E123/><V39/><F35/><W85/><G14/><T27/><D106/><U120/><E120/><V17/><F43/><W132/><G36/><T32/><D30/><U22/><E33/><V116/><F39/><W11/><G11/><T19/><D118/><U95/><E131/><N who="0" m="50185" /><D124/><U121/><E121/><V67/><F67/><W115/><G26/><T24/><D24/><U78/><E133/><V77/><F17/><W48/><G65/><N who="0" m="39063" /><D19/><U5/><E78/><V62/><F62/><W3/><G132/><T86/><D86/><U9/><E110/><N who="2" m="42027" /><F104/><W61/><G125/><T135/><D135/><U90/><E22/><V98/><F116/><W105/><G105/><T20/><D47/><U109/><E109/><V21/><F21/><AGARI ba="0,0" hai="20,21,27,28,32,46,50,54" m="39063,50185" machi="21" ten="30,2000,0" yaku="19,1,52,1" doraHai="44" who="0" fromWho="2" sc="230,20,240,0,250,-20,280,0" /><INIT seed="2,0,0,4,1,130" ten="250,240,230,280" oya="2" hai0="4,18,74,29,124,81,49,22,77,2,83,9,84" hai1="70,56,114,129,20,7,107,126,39,16,104,33,116" hai2="102,97,103,21,71,105,52,61,17,98,133,101,66" hai3="111,78,122,100,62,65,118,38,58,99,55,109,43"/><V120/><F120/><W121/><G78/><T89/><D124/><U46/><E70/><V69/><F69/><N who="3" m="42167" /><G99/><T15/><D29/><U87/><E33/><V37/><F37/><W19/><G19/><T0/><REACH who="0" step="1"/><D49/><REACH who="0" ten="240,240,230,280" step="2"/><U1/><E126/><V42/><F102/><W48/><G100/><T128/><D128/><U25/><E129/><V113/><F113/><W96/><G118/><T41/><D41/><U75/><E116/><V135/><F42/><W117/><G117/><T6/><D6/><U34/><E114/><V106/><REACH who="2" step="1"/><F52/><REACH who="2" ten="240,240,220,280" step="2"/><W53/><G53/><T132/><D132/><U67/><E39/><V57/><F57/><W85/><G43/><T76/><D76/><U73/><E56/><V59/><F59/><W79/><G38/><T44/><D44/><U93/><E46/><V115/><F115/><W8/><G58/><T110/><D110/><U51/><E51/><V28/><F28/><W82/><G48/><T11/><D11/><U47/><E47/><V134/><F134/><W108/><G55/><T50/><D50/><U24/><E67/><V12/><AGARI ba="0,2" hai="12,17,21,61,66,71,97,98,101,103,105,106,133,135" machi="12" ten="30,18000,2" yaku="1,1,0,1,9,1,52,2,53,1" doraHai="130" doraHaiUra="64" who="2" fromWho="2" sc="240,-60,240,-60,220,200,280,-60" /><INIT seed="2,1,0,5,5,103" ten="180,180,420,220" oya="2" hai0="69,31,45,77,42,7,50,66,74,130,61,129,29" hai1="51,88,15,118,19,97,87,96,132,109,28,0,115" hai2="123,71,108,98,80,113,23,4,102,131,62,2,53" hai3="54,70,100,114,82,20,111,85,90,104,9,49,55"/><V99/><F113/><W27/><G111/><T57/><D7/><U107/><E118/><V94/><F123/><W76/><G70/><T5/><D5/><U12/><E0/><V93/><F131/><N who="0" m="50186" /><D77/><U95/><E115/><V34/><F34/><W92/><G114/><T133/><D74/><U14/><E109/><V83/><F108/><W134/><G134/><T127/><D29/><U40/><E132/><V17/><F4/><W16/><G9/><T24/><D133/><U116/><E116/><V10/><F10/><W81/><G81/><T121/><D121/><U125/><E125/><V122/><F122/><W13/><G27/><T44/><D24/><U68/><E68/><V120/><F2/><W26/><G26/><T18/><D18/><U6/><E28/><V79/><F79/><W126/><G126/><T3/><D31/><U105/><E19/><V112/><F112/><W41/><G41/><N who="0" m="24847" /><D3/><U63/><E63/><V110/><F120/><W135/><G135/><T124/><D69/><U56/><E6/><V32/><F32/><W101/><G54/><T117/><D117/><U91/><E97/><V89/><F110/><W11/><G11/><T22/><D22/><U119/><E119/><V59/><F71/><W58/><G104/><T75/><D75/><AGARI ba="1,0" hai="13,16,20,49,55,58,75,76,82,85,90,92,100,101" machi="75" ten="30,7700,0" yaku="7,1,25,2,54,1" doraHai="103" who="3" fromWho="0" sc="180,-80,180,0,420,0,220,80" /><INIT seed="3,0,0,3,1,88" ten="100,180,420,300" oya="3" hai0="86,68,118,95,62,50,99,44,17,42,115,46,121" hai1="59,126,117,98,91,77,90,130,6,30,80,15,58" hai2="85,52,79,39,120,37,93,5,72,70,76,32,20" hai3="111,43,89,8,73,49,102,18,83,26,10,82,53"/><W135/><G135/><T27/><D118/><U97/><E117/><V0/><F32/><W71/><G71/><T104/><D121/><U133/><E30/><V28/><F70/><W129/><G129/><T63/><D115/><U78/><E126/><V25/><F72/><W106/><G43/><T74/><D74/><U113/><E113/><V31/><F0/><W56/><G73/><T2/><D2/><U7/><E15/><V21/><F5/><W114/><G114/><T112/><D68/><U60/><E80/><V119/><F39/><W13/><G26/><T11/><D112/><U55/><E55/><V109/><F37/><W134/><G134/><T38/><D86/><U105/><E60/><V29/><F109/><W108/><G8/><T9/><D104/><U14/><E14/><V54/><F120/><W33/><G33/><T61/><D17/><U92/><E105/><V69/><F69/><W45/><G56/><T122/><D27/><U36/><E36/><V100/><F119/><W57/><G57/><T84/><D84/><U1/><E1/><V96/><F20/><W22/><G22/><T123/><D123/><U107/><E107/><V24/><F24/><W127/><G108/><T128/><D128/><U110/><E110/><V48/><F54/><W94/><G111/><T34/><D34/><U16/><E130/><V41/><F41/><W64/><G53/><N who="0" m="29895" /><D122/><U101/><E133/><V131/><F131/><W3/><G3/><T81/><D81/><U40/><E6/><V51/><F28/><W125/><G125/><T19/><D19/><U116/><E116/><RYUUKYOKU ba="0,0" sc="100,30,180,-10,420,-10,300,-10" hai0="9,11,38,42,46,61,62,63,95,99" /><INIT seed="4,1,0,5,2,17" ten="130,170,410,290" oya="0" hai0="75,1,92,101,26,43,135,61,35,76,55,62,49" hai1="81,11,44,82,114,7,96,77,90,12,65,70,8" hai2="115,52,112,116,31,28,56,68,30,16,36,88,66" hai3="51,100,102,78,122,105,91,33,32,42,25,14,95"/><T107/><D107/><U37/><E70/><V121/><F36/><W134/><G78/><T22/><D35/><U3/><E65/><V58/><F121/><W29/><G32/><T126/><D1/><U130/><E130/><V124/><F124/><W111/><G111/><T125/><D43/><U20/><E114/><N who="2" m="43563" /><F116/><W54/><G42/><T120/><D120/><U45/><E37/><V38/><F38/><W53/><G134/><T84/><D75/><U21/><E44/><V74/><F74/><W98/><G122/><T41/><D41/><U110/><E45/><V85/><F16/><W113/><G113/><T93/><D135/><U13/><E110/><V60/><F52/><W10/><G54/><T119/><D119/><U71/><E71/><V6/><F6/><W87/><G53/><T47/><D126/><U79/><E3/><V5/><F5/><W118/><G118/><T64/><D125/><U0/><E0/><V99/><F99/><W103/><G51/><T123/><D123/><U67/><E67/><V57/><F68/><W48/><G48/><T117/><D117/><U133/><E133/><V40/><F40/><W104/><G98/><N who="0" m="59591" /><D64/><U129/><E129/><V34/><F34/><W80/><G33/><T86/><D76/><N who="1" m="29259" /><E96/><V59/><F59/><W127/><G127/><T24/><D24/><U15/><E7/><V2/><F2/><W39/><G39/><T132/><D132/><U69/><E69/><V94/><AGARI ba="1,0" hai="28,30,31,56,57,58,60,66,85,88,94" m="43563" machi="94" ten="30,2000,0" yaku="15,1,54,1" doraHai="17" who="2" fromWho="2" sc="130,-11,170,-6,410,23,290,-6" /><INIT seed="5,0,0,1,4,55" ten="119,164,433,284" oya="1" hai0="37,65,31,133,88,93,81,68,86,13,125,70,47" hai1="34,116,72,63,36,10,60,8,58,46,25,39,0" hai2="1,110,49,90,114,45,17,96,121,64,29,108,78" hai3="129,124,127,57,103,102,128,75,111,91,51,112,113"/><U9/><E116/><V104/><F1/><W61/><G51/><T26/><D133/><U33/><E72/><V98/><F121/><W123/><G75/><T82/><D125/><N who="3" m="48201" /><G111/><T6/><D37/><U22/><E0/><V18/><F78/><W50/><G50/><T54/><D47/><U71/><E71/><V43/><F64/><N who="3" m="38959" /><G91/><T53/><D65/><U100/><E100/><N who="3" m="38442" /><G123/><T19/><D6/><U94/><E94/><V16/><F104/><W109/><G109/><T5/><D5/><U27/><E46/><V101/><F101/><W76/><G76/><T2/><D70/><U95/><E95/><V83/><F110/><W84/><G84/><T35/><D68/><U126/><E126/><V105/><F105/><W130/><AGARI ba="0,0" hai="112,113,128,129,130" m="38442,38959,48201" machi="130" ten="40,5200,0" yaku="19,1,18,1,52,1" doraHai="55" who="3" fromWho="3" sc="119,-13,164,-26,433,-13,284,52" /><INIT seed="6,0,0,4,2,21" ten="106,138,420,336" oya="2" hai0="119,10,67,32,53,123,19,41,7,88,133,101,69" hai1="80,126,81,134,18,52,129,66,16,125,14,127,22" hai2="20,74,96,99,39,27,37,48,51,86,57,5,110" hai3="98,43,46,71,111,40,54,120,100,44,58,83,78"/><V85/><F74/><W135/><G111/><T124/><D123/><U130/><E66/><V84/><F5/><W113/><G71/><T77/><D32/><U50/><E18/><V109/><F20/><W28/><G135/><T114/><D133/><U23/><E23/><V34/><F57/><W75/><G120/><T92/><D114/><U35/><E35/><V59/><F59/><W73/><G73/><T116/><D124/><U122/><E122/><V91/><F91/><W90/><G90/><T105/><D77/><U11/><E11/><V89/><F89/><W76/><G76/><T29/><D29/><U42/><E42/><V55/><F34/><W33/><G28/><T17/><D41/><U30/><E30/><V38/><F27/><W49/><G33/><T26/><D53/><U36/><E36/><V104/><F104/><W131/><G113/><T45/><D45/><N who="1" m="27727" /><E134/><V82/><F82/><AGARI ba="0,0" hai="14,16,22,80,81,82,125,126,127,129,130" m="27727" machi="82" ten="40,5200,0" yaku="18,1,54,2" doraHai="21" who="1" fromWho="2" sc="106,0,138,52,420,-52,336,0" /><INIT seed="7,0,0,4,4,87" ten="106,190,368,336" oya="3" hai0="102,100,124,82,128,24,0,5,115,79,1,31,93" hai1="135,15,131,10,129,18,113,117,63,32,50,16,45" hai2="81,96,86,64,130,9,4,27,122,23,76,121,39" hai3="110,104,69,90,26,132,33,22,19,34,118,106,92"/><W84/><G118/><T28/><D5/><U44/><E113/><V40/><F130/><N who="1" m="49673" /><E117/><V72/><F64/><W88/><G69/><T103/><D128/><U11/><E135/><V126/><F126/><W41/><G132/><T74/><D124/><U68/><E32/><V97/><F40/><W134/><G134/><T57/><D115/><U54/><E44/><V80/><F39/><W12/><G110/><T114/><D114/><U85/><E85/><V78/><F122/><W56/><G41/><T8/><D0/><U119/><E119/><V30/><F121/><W29/><G34/><T55/><D1/><AGARI ba="0,0" hai="1,4,9,23,27,30,72,76,78,80,81,86,96,97" machi="1" ten="30,1000,0" yaku="7,1" doraHai="87" who="2" fromWho="0" sc="106,-10,190,0,368,10,336,0" owari="96,-40.4,190,-21.0,378,47.8,336,13.6" /></mjloggm>