<mjloggm ver="2.3"><GO type="225" lobby="0"/><UN n0="%E3%81%8B%E3%82%8F%E3%81%A1%E3%82%83%E3%82%93%35%38" n1="%4B%2E%32%2E%4B%2E" n2="%E3%82%A2%E3%83%9E%E3%83%9D%EF%BD%9E%EF%BD%9E%E3%83%A9" n3="%33%74%72%65%65" dan="16,17,17,17" rate="2118.37,2172.51,2132.93,2181.60" sx="M,M,M,F"/><TAIKYOKU oya="0"/><INIT seed="0,0,0,2,5,53" ten="250,250,250,250" oya="0" hai0="112,97,25,93,59,68,71,32,24,6,47,115,111" hai1="82,39,69,66,135,12,130,91,15,128,124,31,16" hai2="132,118,38,100,119,106,41,127,49,64,3,79,8" hai3="113,0,51,30,134,27,101,129,65,125,84,131,110"/><T33/><D6/><U10/><E39/><V78/><F127/><W123/><G113/><T117/><D117/><N who="2" m="44554" /><F38/><W109/><G125/><T103/><D47/><U94/><E124/><V34/><F34/><N who="3" m="20831" /><G134/><T114/><D111/><N who="3" m="42505" /><G123/><T1/><D1/><U87/><E135/><V37/><F64/><W40/><G0/><T102/><D114/><U62/><E31/><V74/><F100/><W83/><G101/><T133/><D133/><U67/><E67/><V43/><F106/><W21/><G65/><T54/><D93/><U5/><REACH who="1" step="1"/><E94/><REACH who="1" ten="250,240,250,250" step="2"/><V96/><F37/><W50/><G131/><T75/><D115/><U70/><E70/><V42/><F132/><W23/><G129/><T58/><D112/><U63/><E63/><V22/><F49/><N who="3" m="18443" /><G40/><T89/><D54/><U14/><E14/><V2/><F42/><W28/><G28/><T108/><D108/><U99/><E99/><V107/><F43/><W36/><G36/><T56/><D97/><U81/><E81/><V72/><F41/><W26/><G26/><T104/><D71/><U44/><E44/><V7/><F2/><W46/><G46/><T105/><D68/><U48/><E48/><V4/><F96/><W95/><G95/><T20/><D24/><U85/><E85/><V116/><F116/><W35/><G35/><T29/><D32/><U90/><E90/><AGARI ba="0,1" hai="21,23,83,84,90" m="18443,42505,20831" machi="90" ten="30,1000,0" yaku="14,1" doraHai="53" who="3" fromWho="1" sc="250,0,240,-10,250,0,250,20" /><INIT seed="1,0,0,3,4,27" ten="250,230,250,270" oya="1" hai0="12,5,47,96,84,135,9,92,106,124,121,116,89" hai1="2,112,104,57,76,115,60,93,122,6,11,118,131" hai2="17,24,56,98,42,105,25,73,58,88,35,100,85" hai3="111,38,119,41,77,114,68,79,64,16,81,65,26"/><U49/><E118/><V29/><F73/><W33/><G114/><T117/><D124/><U126/><E122/><V37/><F37/><W44/><G119/><T51/><D135/><U120/><E120/><V50/><F42/><W55/><G111/><T13/><D121/><U66/><E104/><V132/><F132/><W63/><G65/><T94/><D106/><U129/><E126/><V125/><F50/><W113/><G113/><T40/><REACH who="0" step="1"/><D13/><REACH who="0" ten="240,230,250,270" step="2"/><U61/><E112/><V20/><REACH who="2" step="1"/><F125/><REACH who="2" ten="240,230,240,270" step="2"/><W54/><G38/><T23/><D23/><U101/><E115/><V72/><F72/><W102/><G33/><T4/><D4/><U10/><E6/><V7/><F7/><W46/><G41/><T109/><D109/><U30/><E129/><V83/><AGARI ba="0,2" hai="17,20,24,25,29,35,56,58,83,85,88,98,100,105" machi="83" ten="20,12000,2" yaku="1,1,0,1,7,1,52,1,54,1,53,2" doraHai="27" doraHaiUra="53" who="2" fromWho="2" sc="240,-30,230,-60,240,140,270,-30" /><INIT seed="2,0,0,0,5,50" ten="210,170,380,240" oya="2" hai0="5,127,131,7,25,63,120,53,61,15,62,12,77" hai1="31,52,69,58,115,2,71,51,14,119,101,33,114" hai2="34,45,32,21,99,68,81,23,60,54,88,106,57" hai3="72,134,17,128,13,73,48,116,125,104,28,117,91"/><V132/><F132/><W97/><G134/><T49/><D120/><U110/><E119/><V46/><F106/><W74/><G128/><T133/><D133/><U82/><E2/><V83/><F68/><W66/><G125/><T1/><D1/><U76/><E101/><V107/><F107/><W96/><G28/><T9/><D131/><U3/><E3/><V112/><F32/><W39/><G39/><T85/><D25/><U24/><E110/><V113/><F34/><W0/><G0/><T75/><D75/><U30/><E30/><V42/><F83/><W10/><G66/><T47/><D127/><U98/><E98/><V55/><F113/><W29/><G29/><T94/><D77/><U126/><E126/><V8/><F8/><W37/><G37/><T56/><D12/><U95/><E95/><N who="2" m="56807" /><F42/><W20/><G10/><T111/><D111/><U11/><E114/><V87/><F45/><W26/><G104/><T103/><D5/><U41/><E41/><V80/><F81/><W84/><G116/><T86/><D47/><U122/><E122/><V67/><F46/><W109/><G117/><T44/><D44/><U79/><E115/><V22/><F112/><W135/><G109/><T100/><D94/><U105/><E105/><V108/><F108/><W102/><G135/><T59/><D59/><U35/><E35/><V38/><F38/><W6/><G102/><AGARI ba="0,0" hai="7,9,15,49,53,56,61,62,63,85,86,100,102,103" machi="102" ten="40,2600,0" yaku="8,1,52,1" doraHai="50" who="0" fromWho="3" sc="210,26,170,0,380,0,240,-26" /><INIT seed="3,0,0,3,0,83" ten="236,170,380,214" oya="3" hai0="40,100,97,115,31,18,56,32,99,11,101,38,89" hai1="127,80,33,10,45,59,94,86,5,50,78,73,121" hai2="79,8,93,119,7,90,130,88,134,62,4,76,91" hai3="47,0,44,108,68,123,131,13,63,117,75,24,14"/><W21/><G117/><T70/><D70/><U104/><E121/><V19/><F130/><W2/><G123/><T65/><D38/><U6/><E127/><V114/><F134/><W122/><G122/><T64/><D40/><U85/><E33/><V71/><F71/><W54/><G75/><T126/><D32/><U92/><E104/><V34/><F34/><W110/><G131/><T112/><D31/><U116/><E116/><V120/><F62/><W36/><G36/><T82/><D126/><U15/><E5/><N who="2" m="2123" /><F114/><W9/><G68/><T77/><D89/><N who="2" m="34410" /><F119/><W98/><G98/><T72/><D11/><U49/><E73/><V60/><F60/><W23/><G63/><T128/><D18/><U105/><E105/><V27/><F27/><W103/><G103/><T16/><D16/><N who="1" m="8311" /><E86/><N who="2" m="52471" /><F120/><W51/><G44/><T129/><D72/><U61/><E6/><V53/><F53/><W3/><G9/><T111/><D129/><U55/><E50/><V135/><F135/><W84/><G24/><T28/><D128/><U39/><E39/><V113/><F113/><W106/><G106/><T87/><D115/><U41/><AGARI ba="0,0" hai="41,45,49,55,59,61,78,80,85,92,94" m="8311" machi="41" ten="30,4000,0" yaku="8,1,52,1,54,1" doraHai="83" who="1" fromWho="1" sc="236,-10,170,40,380,-10,214,-20" owari="226,2.6,210,-19.0,370,47.0,194,-30.6" /></mjloggm>