<mjloggm ver="2.3"><GO type="169" lobby="0"/><UN n0="%E2%91%A3%E3%82%BB%E3%83%B3%E3%83%81" n1="%E3%81%82%E3%81%95%E3%81%B4%E3%82%93%EF%BC%A0%EF%BD%8D%EF%BD%8A" n2="%E3%82%A2%E3%83%B3%E3%81%95%E3%82%93" n3="%79%7A%68%61%6E%67" dan="18,18,18,16" rate="2270.31,2307.42,2219.18,2172.77" sx="M,M,M,M"/><TAIKYOKU oya="0"/><INIT seed="0,0,0,3,1,92" ten="250,250,250,250" oya="0" hai0="13,60,31,61,102,96,18,103,9,40,10,63,69" hai1="113,87,41,109,126,83,43,16,54,14,50,129,73" hai2="66,62,11,131,130,100,51,98,58,76,47,95,59" hai3="108,119,36,53,19,84,24,21,42,3,46,99,117"/><T110/><D110/><U88/><E129/><N who="2" m="49163" /><F76/><W39/><G108/><T90/><D69/><U65/><E109/><V132/><F132/><W70/><G70/><T86/><D31/><U124/><E73/><V6/><F62/><W74/><G74/><T111/><D111/><U79/><E65/><V1/><F66/><W72/><G72/><T8/><D40/><AGARI ba="0,0" hai="1,6,11,40,47,51,58,59,95,98,100" m="49163" machi="40" ten="30,2000,0" yaku="19,1,52,1" doraHai="92" who="2" fromWho="0" sc="250,-20,250,0,250,20,250,0" /><INIT seed="1,0,0,3,5,78" ten="230,250,270,250" oya="1" hai0="121,28,30,132,89,127,1,22,39,125,13,95,60" hai1="6,128,105,118,98,55,87,120,38,68,114,35,23" hai2="46,106,20,57,24,41,93,111,86,43,116,33,99" hai3="113,19,34,59,107,12,48,49,74,63,97,80,7"/><U29/><E114/><V3/><F111/><W2/><G34/><T25/><D39/><U14/><E118/><V70/><F70/><W52/><G113/><T16/><D1/><U36/><E120/><V109/><F109/><W37/><G37/><T79/><D121/><U122/><E122/><V4/><F33/><W9/><G107/><T32/><D30/><U42/><E42/><V11/><F116/><W131/><G131/><T10/><D132/><U26/><E128/><V130/><F130/><W27/><G27/><T100/><D100/><N who="1" m="62615" /><E55/><V65/><F106/><W8/><REACH who="3" step="1"/><G97/><REACH who="3" ten="230,250,270,240" step="2"/><T72/><D32/><U104/><E104/><V112/><F112/><W91/><G91/><T117/><D117/><U103/><E103/><V50/><F99/><W18/><G18/><T108/><D108/><U102/><E102/><V53/><F24/><W119/><G119/><T135/><D135/><U56/><E38/><V75/><F20/><W5/><G5/><T66/><D89/><U85/><E6/><V92/><F4/><W84/><G84/><T96/><D96/><U47/><E87/><V51/><F86/><W124/><G124/><T61/><D125/><U90/><E85/><V31/><F31/><W88/><G88/><T101/><D127/><U81/><E90/><V17/><F17/><W40/><G40/><T15/><D101/><U45/><E36/><V64/><F41/><W134/><G134/><T133/><D133/><U126/><E126/><V62/><F43/><W73/><G73/><T71/><D72/><U83/><E29/><V44/><F75/><W54/><G54/><RYUUKYOKU ba="0,1" sc="230,-10,250,-10,270,-10,240,30" hai3="2,7,8,9,12,19,48,49,52,59,63,74,80" /><INIT seed="2,1,1,5,5,109" ten="220,240,260,270" oya="2" hai0="29,129,86,134,104,14,38,124,88,67,127,48,119" hai1="13,35,10,131,81,96,62,95,94,59,56,113,74" hai2="77,72,18,21,19,28,76,103,27,5,98,55,82" hai3="116,123,23,64,57,43,65,132,46,85,25,4,112"/><V61/><F77/><W90/><G116/><T31/><D38/><U40/><E35/><V79/><F76/><W97/><G123/><T52/><D104/><U99/><E131/><V42/><F42/><W91/><G132/><T92/><D134/><U63/><E40/><V122/><F122/><W125/><G125/><N who="0" m="48203" /><D129/><U7/><E81/><V1/><F1/><W121/><G121/><T115/><D67/><U135/><E74/><V102/><F102/><W73/><G73/><T100/><D100/><U37/><E37/><V75/><F75/><W83/><G4/><T133/><D133/><U8/><E135/><V54/><F5/><W108/><G108/><T93/><D115/><U44/><E44/><V71/><F55/><W11/><G112/><T130/><D130/><U3/><E113/><V6/><F6/><W45/><G64/><T105/><D105/><U101/><E3/><V9/><F9/><W30/><G11/><T118/><D93/><U51/><E10/><V68/><F68/><W114/><G114/><T128/><D14/><U106/><E106/><V111/><F111/><W50/><G43/><T117/><D128/><U34/><E34/><V0/><F0/><W78/><G65/><T58/><AGARI ba="1,1" hai="29,31,48,52,58,86,88,92,117,118,119" m="48203" machi="58" ten="40,8000,1" yaku="12,1,18,1,54,2" doraHai="109" who="0" fromWho="0" sc="220,93,240,-21,260,-41,270,-21" /><INIT seed="3,0,0,0,0,69" ten="313,219,219,249" oya="3" hai0="118,110,4,38,15,9,42,19,112,96,14,10,17" hai1="127,0,108,121,44,39,55,7,52,31,61,134,90" hai2="98,45,23,114,18,72,2,5,78,133,34,3,20" hai3="81,82,102,80,32,88,22,24,104,56,129,105,25"/><W131/><G32/><T115/><D118/><U74/><E121/><V79/><F114/><W30/><G56/><T73/><D73/><U58/><E74/><V16/><F133/><W77/><G77/><T36/><D110/><U92/><E108/><V85/><F72/><W117/><G117/><T107/><D4/><U1/><E134/><V54/><F34/><W67/><G67/><T43/><D96/><U111/><E111/><V125/><F85/><W71/><G71/><T83/><D83/><U95/><E127/><V63/><F98/><W53/><G53/><T66/><D66/><U33/><E7/><V87/><F87/><W130/><G102/><T103/><D103/><U124/><E124/><V26/><F125/><W49/><G49/><T86/><D86/><U122/><E122/><V109/><F109/><W126/><G126/><T119/><D119/><U64/><E55/><V37/><F63/><W27/><G88/><T60/><D60/><U57/><E57/><V132/><F132/><W120/><G120/><T8/><D8/><U68/><E68/><V11/><F2/><N who="1" m="1129" /><E90/><V29/><F54/><W99/><REACH who="3" step="1"/><G99/><REACH who="3" ten="313,219,219,239" step="2"/><T13/><REACH who="0" step="1"/><D15/><REACH who="0" ten="303,219,219,239" step="2"/><U94/><E64/><V51/><F3/><W128/><N who="3" m="32768" /><DORA hai="135" /><W113/><G113/><T93/><D93/><U21/><E94/><V89/><F78/><W97/><G97/><T59/><D59/><U62/><E62/><V91/><F79/><W75/><G75/><T101/><D101/><U106/><E95/><V46/><F91/><W28/><G28/><T41/><D41/><U116/><E116/><V70/><F89/><RYUUKYOKU ba="0,2" sc="303,15,219,-15,219,-15,239,15" hai0="9,10,13,14,17,19,36,38,42,43,107,112,115" hai3="22,24,25,27,30,80,81,82,104,105" /><INIT seed="3,1,2,0,5,76" ten="318,204,204,254" oya="3" hai0="78,61,17,119,23,58,11,45,113,98,57,135,96" hai1="33,53,114,133,37,70,2,4,92,115,117,81,131" hai2="127,25,21,43,56,94,77,101,97,52,49,132,87" hai3="90,16,84,46,12,55,5,54,134,29,64,66,107"/><W8/><G107/><T88/><D119/><U67/><E92/><V26/><F132/><W36/><G134/><T75/><D135/><U91/><E91/><V106/><F127/><W68/><G29/><T73/><D113/><N who="1" m="43019" /><E53/><V32/><F32/><W42/><G5/><T15/><D58/><U93/><E93/><V116/><F116/><W103/><G103/><T38/><D38/><U79/><E133/><V72/><F21/><W39/><G39/><T3/><D45/><U112/><E112/><V34/><F34/><W7/><G7/><T108/><D108/><U62/><E33/><V126/><F126/><W6/><G6/><T22/><D78/><U1/><E117/><V30/><F30/><W100/><G100/><T18/><D3/><N who="1" m="1035" /><E4/><V20/><F43/><W27/><G27/><T83/><D98/><U10/><E10/><V130/><F26/><W59/><G68/><T13/><D11/><U104/><E37/><V86/><F106/><W80/><REACH who="3" step="1"/><G54/><REACH who="3" ten="318,204,204,244" step="2"/><T41/><D41/><U24/><E24/><V82/><F130/><W95/><G95/><T85/><D96/><U124/><E104/><V69/><F69/><W50/><AGARI ba="1,3" hai="8,12,16,36,42,46,50,55,59,64,66,80,84,90" machi="50" ten="20,12000,1" yaku="1,1,0,1,7,1,52,1,54,1,53,0" doraHai="76" doraHaiUra="19" who="3" fromWho="3" sc="318,-41,204,-41,204,-41,244,153" /><INIT seed="3,2,0,5,4,83" ten="277,163,163,397" oya="3" hai0="76,60,11,77,104,71,59,125,38,118,36,42,87" hai1="54,7,41,108,129,0,31,9,51,68,122,2,119" hai2="114,49,19,99,81,80,1,91,82,74,32,117,130" hai3="69,56,98,15,121,20,111,95,90,94,93,22,26"/><W17/><G69/><T113/><D118/><U127/><E122/><V50/><F114/><W123/><G123/><T5/><D104/><U46/><E68/><V124/><F117/><W70/><G70/><T30/><D71/><U96/><E119/><V112/><F112/><W86/><G121/><T6/><D6/><U110/><E127/><V12/><F124/><W115/><G115/><T35/><D42/><U57/><E129/><V102/><F130/><W8/><G111/><N who="1" m="42538" /><E96/><V52/><F32/><W18/><G56/><T33/><D77/><U133/><E31/><V28/><F1/><W73/><G73/><T97/><D97/><U55/><E133/><V79/><F49/><W34/><G34/><T43/><D43/><U135/><E135/><V62/><F62/><W45/><G45/><T37/><D30/><U116/><E116/><V24/><F91/><W23/><G98/><T67/><D125/><U107/><E107/><V103/><F103/><W64/><G64/><T63/><D63/><N who="1" m="36279" /><E41/><V88/><F102/><W128/><G128/><T92/><D113/><U132/><E132/><V53/><F74/><W44/><G44/><T65/><D65/><U109/><N who="1" m="42546" /><U120/><DORA hai="131" /><E120/><V101/><F101/><W89/><G89/><N who="0" m="53311" /><D76/><U48/><E48/><V85/><F99/><W66/><G66/><T13/><D38/><U105/><E105/><V4/><F28/><W10/><G10/><T72/><D72/><U126/><E126/><V29/><F50/><W25/><G25/><T134/><D134/><U100/><E100/><V61/><F79/><W14/><G26/><RYUUKYOKU ba="2,0" sc="277,10,163,10,163,-30,397,10" hai0="5,11,13,33,35,36,37,59,60,67" hai1="0,2,7,9,46,51,55" hai3="8,14,15,17,18,20,22,23,86,90,93,94,95" /><INIT seed="3,3,0,4,5,115" ten="287,173,133,407" oya="3" hai0="10,128,101,47,1,9,27,45,0,74,14,3,62" hai1="126,72,37,110,99,19,32,25,113,130,111,83,91" hai2="122,86,26,40,107,65,31,70,15,54,39,66,120" hai3="52,68,48,51,104,117,109,41,123,82,7,121,124"/><W75/><G104/><T67/><D74/><U97/><E37/><V16/><F107/><W89/><G68/><T79/><D79/><N who="1" m="44519" /><E113/><V42/><F86/><W135/><G109/><N who="1" m="41482" /><E130/><V29/><F54/><W94/><G124/><T118/><D128/><U18/><E126/><V55/><F55/><W5/><G135/><T64/><D101/><U95/><E97/><V102/><F102/><W116/><G41/><N who="2" m="15977" /><F39/><W56/><G51/><T59/><D27/><U61/><E61/><N who="2" m="40239" /><F66/><W34/><G34/><T76/><D76/><U36/><E36/><V90/><F90/><W92/><G75/><T69/><D69/><U103/><E103/><V43/><F26/><W63/><G82/><T24/><D24/><U96/><E96/><V100/><F100/><W49/><G63/><T105/><D105/><U85/><E85/><V58/><F58/><W13/><G56/><T12/><D59/><U60/><E60/><V22/><N who="2" m="15985" /><V134/><DORA hai="129" /><F134/><W125/><G125/><T57/><D57/><U131/><E131/><V119/><F119/><W50/><G50/><T77/><D118/><U81/><E81/><V35/><F35/><W38/><G38/><T6/><D77/><U98/><E98/><V53/><F53/><W132/><G52/><T21/><D62/><U8/><E8/><V17/><F122/><W106/><G132/><T23/><D3/><U4/><E4/><AGARI ba="3,0" hai="0,1,4,6,9,10,12,14,21,23,45,47,64,67" machi="4" ten="25,1600,0" yaku="22,2" doraHai="115,129" who="0" fromWho="1" sc="287,25,173,-25,133,0,407,0" /><INIT seed="4,0,0,1,4,14" ten="312,148,133,407" oya="0" hai0="118,103,74,114,117,40,91,134,73,60,50,133,120" hai1="38,3,16,124,58,104,2,121,5,37,43,68,92" hai2="113,33,101,8,67,123,99,97,88,85,51,39,131" hai3="12,108,84,48,100,63,26,46,65,10,107,0,36"/><T126/><D60/><U41/><E104/><V111/><F111/><W71/><G108/><T72/><D50/><U28/><E68/><V53/><F113/><W98/><G0/><T52/><D52/><U64/><E28/><V81/><F131/><W59/><G84/><T11/><D40/><U130/><E121/><V32/><F123/><W78/><G78/><T79/><D11/><U128/><E92/><V4/><F39/><N who="1" m="14857" /><E58/><V90/><F90/><W57/><G26/><T24/><D24/><U109/><E64/><V110/><F67/><W116/><G116/><N who="0" m="44651" /><D120/><U54/><E54/><V112/><F112/><W34/><G34/><T1/><D1/><N who="1" m="11" /><E5/><V18/><F110/><W89/><G36/><T69/><D69/><U30/><E30/><V135/><F32/><W9/><G9/><T125/><D114/><U22/><E109/><V87/><F33/><W70/><G70/><T23/><D23/><U66/><E66/><V127/><F4/><W132/><G65/><T20/><D20/><U96/><E96/><V122/><F122/><W6/><G71/><T95/><D79/><U13/><E124/><N who="0" m="47721" /><D103/><U55/><E55/><V119/><F127/><W15/><G100/><T47/><D47/><U75/><E43/><V82/><F119/><W76/><G46/><T93/><D93/><U86/><E41/><V45/><F101/><W31/><G76/><T17/><D17/><U94/><E16/><V83/><F18/><W61/><G61/><T106/><D106/><U62/><E22/><V7/><F45/><W80/><G63/><T44/><D44/><U27/><E62/><RYUUKYOKU ba="0,0" sc="312,30,148,-10,133,-10,407,-10" hai0="72,73,74,91,95,133,134" /><INIT seed="4,1,0,1,2,62" ten="342,138,123,397" oya="0" hai0="70,36,107,3,71,72,75,63,49,92,93,56,53" hai1="17,65,66,33,5,58,82,31,55,84,14,8,32" hai2="87,76,18,131,38,94,22,77,106,133,42,13,132" hai3="80,68,119,125,127,21,98,81,51,79,46,61,110"/><T15/><D3/><U64/><E31/><V60/><F106/><W85/><G110/><T16/><D107/><U122/><E122/><V12/><F131/><W26/><G119/><T28/><D36/><U134/><E134/><N who="2" m="51819" /><F42/><W67/><G98/><T41/><D28/><U113/><E113/><V112/><F38/><W6/><G6/><T121/><D121/><U34/><E5/><V123/><F123/><W102/><G102/><T0/><D0/><U101/><E101/><V20/><F60/><W124/><G80/><T23/><D71/><U130/><E130/><V118/><F118/><W11/><G11/><T120/><D120/><U96/><E96/><V57/><F57/><W19/><REACH who="3" step="1"/><G124/><REACH who="3" ten="342,138,123,387" step="2"/><T48/><D93/><U29/><E29/><V1/><F94/><W30/><G30/><T103/><D92/><U47/><E47/><V99/><F99/><W108/><G108/><T116/><D103/><U91/><REACH who="1" step="1"/><E33/><REACH who="1" ten="342,128,123,387" step="2"/><V50/><F112/><W115/><G115/><T10/><D116/><U59/><E59/><V117/><F117/><W129/><G129/><T100/><D100/><U88/><E88/><V114/><F114/><W37/><G37/><T25/><D56/><U52/><E52/><AGARI ba="1,2" hai="19,21,26,46,51,52,61,67,68,79,81,85,125,127" machi="52" ten="40,5200,0" yaku="1,1,52,1,54,1,53,0" doraHai="62" doraHaiUra="2" who="3" fromWho="1" sc="342,0,128,-55,123,0,387,75" /><INIT seed="5,0,0,5,5,104" ten="342,73,123,462" oya="1" hai0="87,55,56,58,25,107,64,13,18,6,51,9,122" hai1="85,19,54,88,8,100,78,110,76,116,124,67,90" hai2="97,132,70,65,93,3,42,43,14,11,40,38,128" hai3="134,89,35,2,112,32,17,84,117,12,63,83,106"/><U10/><E116/><V20/><F128/><W69/><G2/><T94/><D107/><U7/><E124/><V118/><F132/><W52/><G134/><T33/><D122/><U105/><E110/><V131/><F131/><W41/><G112/><T120/><D120/><U125/><E125/><V16/><F118/><W29/><G106/><T119/><D119/><U61/><E54/><V30/><F70/><W62/><G41/><T103/><D33/><U68/><E19/><V71/><F71/><W121/><G121/><T123/><D123/><U50/><E50/><V15/><F3/><W26/><G69/><T82/><D94/><U79/><E85/><V5/><F30/><W36/><G36/><T102/><D58/><U47/><E47/><V0/><F65/><W45/><G35/><T74/><D74/><U53/><E53/><V77/><F77/><W109/><G109/><T130/><D64/><U133/><E133/><V81/><F81/><W98/><G98/><T21/><REACH who="0" step="1"/><D130/><REACH who="0" ten="332,73,123,462" step="2"/><U80/><E80/><V114/><F38/><W22/><G117/><T60/><D60/><U1/><REACH who="1" step="1"/><E10/><REACH who="1" ten="332,63,123,462" step="2"/><V4/><F114/><W72/><G72/><T126/><D126/><U92/><E92/><V91/><F5/><W49/><AGARI ba="0,2" hai="12,17,22,26,29,32,45,49,52,62,63,83,84,89" machi="49" ten="30,2000,0" yaku="0,1,54,1" doraHai="104" who="3" fromWho="3" sc="332,-5,63,-10,123,-5,462,40" /><INIT seed="6,0,0,3,4,35" ten="327,53,118,502" oya="2" hai0="93,96,34,52,98,77,91,68,17,129,76,83,114" hai1="0,20,111,102,75,26,47,126,73,103,108,113,39" hai2="19,9,118,100,29,38,81,120,84,59,60,40,90" hai3="128,21,110,3,117,79,130,15,63,82,5,112,74"/><V116/><F120/><W37/><G110/><T66/><D34/><U24/><E39/><V69/><F69/><W95/><G117/><T57/><D114/><U23/><E47/><V49/><F38/><W13/><G37/><T51/><D129/><U67/><E67/><V58/><F100/><W44/><G44/><T132/><D132/><U50/><E50/><V109/><F109/><W89/><G63/><T88/><D68/><U106/><E106/><V104/><F104/><W72/><G72/><T32/><D32/><U121/><E126/><V4/><F29/><W94/><G94/><T41/><D66/><U107/><E107/><V71/><F71/><W8/><G112/><T105/><D41/><U125/><E125/><V2/><F19/><W22/><G13/><T133/><D133/><U36/><E36/><V65/><REACH who="2" step="1"/><F40/><REACH who="2" ten="327,53,108,502" step="2"/><W80/><G128/><T92/><D105/><U123/><REACH who="1" step="1"/><E113/><REACH who="1" ten="327,43,108,502" step="2"/><V99/><F99/><W86/><G130/><T70/><D98/><U25/><E25/><V115/><F115/><W42/><G42/><T127/><D96/><U85/><E85/><V12/><F12/><W33/><G15/><T87/><D87/><U31/><E31/><V48/><F48/><W56/><G86/><T46/><D51/><U124/><E124/><V27/><F27/><W119/><G119/><T18/><D127/><U64/><E64/><V101/><F101/><W53/><G74/><T131/><D131/><U61/><E61/><V1/><F1/><AGARI ba="0,2" hai="0,1,20,23,24,26,73,75,102,103,108,111,121,123" machi="1" ten="25,8000,1" yaku="1,1,22,2,52,2,53,0" doraHai="35" doraHaiUra="14" who="1" fromWho="2" sc="327,0,43,100,108,-80,502,0" /><INIT seed="7,0,0,5,2,120" ten="327,143,28,502" oya="3" hai0="91,48,88,54,75,2,98,45,31,50,56,129,53" hai1="111,105,66,113,61,9,62,13,4,10,49,134,6" hai2="21,80,72,110,97,20,15,16,101,102,64,18,36" hai3="24,3,29,17,104,82,133,26,125,52,35,68,106"/><W85/><G68/><T112/><D2/><U39/><E111/><V118/><F118/><W123/><G123/><T8/><D75/><U7/><E39/><V28/><F36/><W96/><G3/><T58/><D129/><U135/><E105/><V14/><F101/><W34/><G125/><T124/><D124/><U55/><E113/><V109/><F28/><W5/><G5/><N who="1" m="2154" /><E10/><V27/><F27/><W41/><G41/><T71/><D71/><U19/><E66/><V76/><REACH who="2" step="1"/><F64/><REACH who="2" ten="327,143,18,502" step="2"/><W30/><G85/><T78/><D31/><U11/><E134/><V42/><F42/><W99/><G17/><T12/><D112/><U25/><E135/><V131/><F131/><W128/><G128/><T37/><D78/><U87/><E87/><V90/><F90/><W69/><G69/><T89/><D37/><U32/><E25/><V59/><F59/><W1/><G133/><T103/><D45/><U132/><E132/><V130/><F130/><W43/><G1/><T84/><D103/><U127/><E19/><V107/><AGARI ba="0,1" hai="14,15,16,18,20,21,72,76,80,97,102,107,109,110" machi="107" ten="20,12000,2" yaku="1,1,0,1,7,1,9,1,52,2,54,1,53,0" doraHai="120" doraHaiUra="83" who="2" fromWho="2" sc="327,-30,143,-30,18,130,502,-60" owari="297,9.7,113,-38.7,148,-25.2,442,54.2" /></mjloggm>