<mjloggm ver="2.3"><GO type="169" lobby="0"/><UN n0="%E5%B0%8F%E6%B1%A0%E7%BE%8E%E6%B3%A2%E2%8A%BF" n1="%E3%81%82%E3%81%95%E3%81%B4%E3%82%93%EF%BC%A0%EF%BD%8D%EF%BD%8A" n2="%E7%B9%AD%E3%82%92%E8%A7%A3%E3%81%8F" n3="%E3%83%87%E3%83%A9%E3%82%B3%E3%83%83%E3%82%B3" dan="16,18,17,16" rate="2184.42,2263.22,2216.67,2115.67" sx="M,M,M,M"/><TAIKYOKU oya="0"/><INIT seed="0,0,0,3,0,68" ten="250,250,250,250" oya="0" hai0="10,40,129,113,52,107,103,114,90,44,16,64,92" hai1="57,131,7,23,88,8,4,91,3,0,73,14,116" hai2="60,121,109,111,29,96,99,34,78,11,5,83,56" hai3="9,1,43,50,55,93,32,67,25,112,6,100,62"/><T134/><D129/><U63/><E116/><V130/><F121/><W123/><G123/><T110/><D64/><U84/><E73/><V48/><F48/><W15/><G112/><T33/><D33/><U38/><E131/><V105/><F130/><W127/><G127/><T94/><D134/><U89/><E38/><V126/><F126/><W118/><G43/><T58/><D107/><U2/><E23/><V77/><F29/><W119/><G1/><T122/><D122/><U117/><E117/><V87/><F77/><W66/><G66/><T45/><D103/><U71/><E71/><V35/><F35/><W46/><G100/><T120/><D120/><U13/><E84/><V41/><F41/><W98/><G32/><T106/><D106/><U39/><E39/><V69/><F69/><W104/><G104/><T18/><D110/><N who="2" m="41994" /><F105/><W81/><G81/><T53/><D40/><U85/><E85/><V20/><F20/><W59/><G25/><T76/><D76/><U51/><E51/><V31/><F31/><W49/><G49/><T82/><D82/><U42/><E42/><V28/><F28/><W80/><G80/><T135/><D135/><U72/><E72/><V79/><F79/><W12/><G12/><T101/><D101/><U37/><E37/><V86/><F86/><W97/><G97/><T17/><D90/><U108/><E108/><V115/><F34/><W54/><G67/><T95/><D10/><N who="1" m="4319" /><E2/><N who="2" m="439" /><F115/><N who="0" m="44042" /><D58/><U75/><E75/><V125/><F125/><W36/><G36/><T102/><D102/><U27/><E27/><V47/><F47/><AGARI ba="0,0" hai="16,17,18,44,45,47,52,53,92,94,95" m="44042" machi="47" ten="40,12000,1" yaku="28,2,54,2" doraHai="68" who="0" fromWho="2" sc="250,120,250,0,250,-120,250,0" /><INIT seed="0,1,0,4,1,79" ten="370,250,130,250" oya="0" hai0="102,41,104,130,50,96,6,5,65,56,60,111,10" hai1="129,86,70,106,19,82,51,94,121,66,92,107,2" hai2="35,90,24,68,120,69,22,115,37,47,30,72,73" hai3="0,16,40,9,127,83,42,74,14,38,23,31,45"/><T85/><D130/><U27/><E2/><V75/><F115/><W1/><G127/><T67/><D111/><U33/><E121/><V123/><F90/><W12/><G42/><T46/><D67/><U76/><E129/><V32/><F22/><W77/><REACH who="3" step="1"/><G31/><REACH who="3" ten="370,250,130,240" step="2"/><T124/><D124/><U8/><E106/><V95/><F35/><W93/><G93/><T114/><D114/><U126/><E107/><V4/><F95/><W52/><G52/><T105/><D104/><U43/><E126/><V87/><F123/><W119/><G119/><T91/><D10/><U49/><E92/><AGARI ba="1,1" hai="5,6,41,46,50,56,60,65,85,91,92,96,102,105" machi="92" ten="30,1500,0" yaku="7,1" doraHai="79" who="0" fromWho="1" sc="370,28,250,-18,130,0,240,0" /><INIT seed="0,2,0,1,3,2" ten="398,232,130,240" oya="0" hai0="1,58,9,61,99,120,0,21,54,19,16,115,117" hai1="73,3,39,92,125,75,44,35,17,82,20,27,130" hai2="91,135,108,103,30,90,102,109,63,32,37,107,81" hai3="40,110,87,45,10,97,62,12,72,118,98,124,89"/><T119/><D120/><U132/><E132/><V128/><F37/><W129/><G110/><N who="2" m="42601" /><F63/><W112/><G118/><T83/><D115/><U101/><E130/><V74/><F30/><W79/><G112/><T111/><D111/><U41/><E125/><V42/><F42/><W94/><G124/><T25/><D83/><U131/><E131/><V104/><F32/><W85/><G72/><T14/><REACH who="0" step="1"/><D99/><REACH who="0" ten="388,232,130,240" step="2"/><U50/><E82/><V67/><F128/><W7/><G129/><T48/><D48/><U23/><E50/><V52/><F135/><W6/><G62/><T26/><D26/><U28/><E27/><V18/><F81/><W114/><G114/><T53/><D53/><U69/><E39/><V11/><F52/><W57/><G98/><T80/><D80/><U51/><E51/><V78/><F74/><W22/><G79/><T106/><D106/><U95/><E75/><V55/><F55/><W93/><G97/><T65/><D65/><U70/><E73/><V71/><F78/><W127/><G127/><T33/><D33/><U4/><E35/><V13/><F107/><W38/><G87/><T105/><D105/><U133/><E133/><V29/><F104/><W122/><G122/><T59/><D59/><U76/><E76/><V88/><F29/><W126/><G126/><T47/><D47/><U5/><E44/><V66/><F71/><W86/><G57/><T100/><D100/><AGARI ba="2,1" hai="11,13,18,66,67,88,90,91,100,102,103" m="42601" machi="100" ten="30,2000,0" yaku="14,1,54,1" doraHai="2" who="2" fromWho="0" sc="388,-26,232,0,130,36,240,0" /><INIT seed="1,0,0,4,0,13" ten="362,232,166,240" oya="1" hai0="31,82,106,101,117,55,19,99,14,28,76,26,81" hai1="35,42,39,107,122,66,112,73,111,105,114,20,62" hai2="61,37,36,84,11,12,86,52,135,113,97,69,123" hai3="70,118,4,21,7,91,38,87,59,45,24,95,100"/><U6/><E122/><V79/><F123/><W75/><G70/><T130/><D117/><U56/><E35/><V67/><F135/><W129/><G75/><T16/><D130/><U78/><E6/><V30/><F113/><W77/><G129/><T110/><D110/><U93/><E39/><V18/><F30/><W89/><G77/><T125/><D125/><U64/><E42/><V50/><F97/><W1/><G100/><T41/><D41/><U109/><E93/><V96/><F96/><W71/><G71/><T5/><D28/><U108/><E66/><V120/><F120/><W104/><G104/><N who="1" m="40010" /><E20/><V44/><REACH who="2" step="1"/><F79/><REACH who="2" ten="362,232,156,240" step="2"/><W132/><G132/><T49/><D76/><U43/><E43/><V102/><F102/><W128/><G128/><T115/><D115/><N who="1" m="44075" /><E78/><V46/><F46/><W0/><G45/><T98/><D106/><U3/><E3/><V83/><F83/><W8/><G0/><T121/><D121/><U57/><E73/><V133/><F133/><W80/><G1/><T51/><D101/><U47/><E47/><V53/><F53/><W15/><G38/><AGARI ba="0,1" hai="11,12,18,36,37,38,44,50,52,61,67,69,84,86" machi="38" ten="40,5200,0" yaku="1,1,52,1,54,1,53,0" doraHai="13" doraHaiUra="27" who="2" fromWho="3" sc="362,0,232,0,156,62,240,-52" /><INIT seed="2,0,0,3,2,31" ten="362,232,218,188" oya="2" hai0="39,71,10,80,90,118,125,85,42,64,56,7,0" hai1="22,58,133,6,82,51,29,16,63,115,49,91,34" hai2="134,130,11,13,38,132,98,61,124,72,109,44,69" hai3="41,110,103,62,86,24,100,12,81,94,59,33,46"/><V113/><F113/><W101/><G110/><T128/><D125/><U106/><E115/><V4/><F72/><W95/><G12/><T93/><D128/><U117/><E117/><V23/><F124/><W112/><G112/><T84/><D118/><U25/><E106/><V77/><F77/><W111/><G111/><T3/><D71/><U114/><E114/><V37/><F109/><W14/><G14/><T40/><D39/><U27/><E133/><N who="2" m="51307" /><F130/><W108/><G108/><T48/><D0/><U17/><E6/><V97/><F23/><W66/><G24/><T116/><D116/><U36/><E36/><N who="2" m="13931" /><F44/><W19/><G19/><T120/><D120/><U47/><E17/><V5/><F5/><W88/><REACH who="3" step="1"/><G33/><REACH who="3" ten="362,232,218,178" step="2"/><T68/><D3/><U73/><E34/><V89/><F89/><W52/><G52/><T76/><D7/><U96/><E16/><V75/><F75/><W107/><G107/><T79/><D79/><U2/><E2/><V43/><F43/><W32/><G32/><T92/><D42/><U105/><E105/><V8/><F8/><W121/><G121/><T35/><D35/><U135/><E135/><V119/><F119/><W21/><G21/><T9/><D40/><U30/><E73/><V15/><F15/><W18/><G18/><T1/><D1/><U131/><E29/><V53/><F53/><W74/><G74/><T26/><D26/><U83/><E27/><V28/><F28/><W55/><G55/><N who="0" m="31847" /><D9/><U129/><E129/><V65/><AGARI ba="0,1" hai="4,11,13,61,65,69,97,98" m="13931,51307" machi="65" ten="40,2100,0" yaku="20,1" doraHai="31" who="2" fromWho="2" sc="362,-7,232,-7,218,31,178,-7" /><INIT seed="2,1,0,0,2,105" ten="355,225,249,171" oya="2" hai0="32,56,63,118,110,64,71,33,119,53,114,39,7" hai1="70,106,115,59,102,25,62,133,111,60,67,29,50" hai2="123,46,30,58,72,4,94,27,107,78,28,122,134" hai3="31,20,113,21,73,26,77,124,42,55,92,100,37"/><V104/><F58/><W135/><G124/><T68/><D114/><U45/><E115/><V99/><F94/><W11/><G113/><T90/><D110/><U40/><E111/><V82/><F30/><W126/><G126/><T51/><D39/><U24/><E133/><V34/><F134/><W17/><G135/><T48/><D7/><U130/><E130/><V57/><F57/><W12/><G55/><N who="0" m="31847" /><D90/><U6/><E6/><V38/><F4/><W96/><G37/><T47/><D71/><U91/><E91/><V93/><F93/><W95/><G42/><T132/><D132/><U23/><E106/><N who="2" m="40491" /><F99/><W98/><G77/><T19/><D19/><U83/><E102/><V66/><F66/><W49/><G49/><T10/><D10/><U61/><E70/><V16/><F16/><W127/><G127/><T87/><D87/><U2/><E2/><V116/><F116/><AGARI ba="1,0" hai="32,33,47,51,53,63,64,68,116,118,119" m="31847" machi="116" ten="30,1000,0" yaku="12,1" doraHai="105" who="0" fromWho="2" sc="355,13,225,0,249,-13,171,0" /><INIT seed="3,0,0,2,2,46" ten="368,225,236,171" oya="3" hai0="62,92,61,12,33,133,49,39,119,13,18,126,85" hai1="51,44,125,127,60,132,111,3,90,114,77,96,20" hai2="8,123,117,47,78,71,24,29,42,34,74,38,97" hai3="63,57,11,112,9,130,32,54,65,129,81,70,93"/><W10/><G32/><T76/><D39/><U94/><E114/><V22/><F117/><W23/><G112/><T75/><D119/><U135/><E3/><V110/><F110/><W108/><G108/><T84/><D75/><U25/><E77/><V91/><F123/><W2/><G2/><T72/><D72/><U105/><E105/><V27/><F71/><W121/><G121/><T118/><D118/><U58/><E111/><V40/><F40/><W45/><G81/><N who="0" m="47143" /><D33/><U17/><E58/><V43/><F43/><W36/><G93/><T59/><D126/><N who="1" m="48139" /><E60/><V99/><F91/><W35/><G23/><T83/><D92/><U89/><E89/><V37/><F37/><W53/><G35/><T56/><D12/><U67/><E67/><V21/><F8/><W103/><G103/><T95/><D95/><U30/><E30/><V113/><F113/><W0/><G0/><T69/><D69/><U131/><E131/><N who="3" m="50186" /><G70/><T100/><D100/><U88/><E90/><V28/><REACH who="2" step="1"/><F34/><REACH who="2" ten="368,225,226,171" step="2"/><W106/><G106/><T6/><D6/><U15/><E15/><V5/><F5/><W66/><G36/><T4/><D4/><U41/><AGARI ba="0,1" hai="17,20,25,41,44,51,88,94,96,132,135" m="48139" machi="41" ten="30,4000,0" yaku="18,1,52,1,54,1" doraHai="46" who="1" fromWho="1" sc="368,-10,225,50,226,-10,171,-20" /><INIT seed="4,0,0,5,2,31" ten="358,275,216,151" oya="0" hai0="19,86,70,76,62,66,113,5,100,90,119,71,36" hai1="107,91,109,44,57,129,42,130,40,46,105,43,59" hai2="116,61,134,21,49,85,35,58,50,115,64,131,75" hai3="92,111,53,48,10,94,123,45,83,120,18,117,29"/><T23/><D119/><U69/><E69/><V20/><F75/><W63/><G117/><T84/><D36/><U72/><E72/><V73/><F73/><W112/><G111/><T54/><D113/><U106/><E91/><V132/><F115/><W32/><G112/><T81/><D100/><U133/><E109/><V135/><F116/><W89/><G63/><T125/><D125/><U2/><E2/><V65/><F131/><N who="1" m="50185" /><E133/><V80/><F35/><W38/><G38/><T126/><D126/><U26/><E26/><V11/><F11/><W22/><G10/><T88/><D5/><U60/><E60/><V1/><F1/><W7/><G7/><T104/><D104/><U108/><E108/><V14/><F64/><W56/><G32/><T0/><D0/><U27/><E27/><V78/><REACH who="2" step="1"/><F14/><REACH who="2" ten="358,275,206,151" step="2"/><W98/><G123/><T128/><D66/><U114/><E114/><V87/><F87/><W17/><G120/><T33/><D33/><U67/><E67/><V30/><F30/><W77/><G29/><T39/><D128/><U9/><E9/><V6/><F6/><W34/><G34/><T25/><D86/><U110/><E110/><V47/><F47/><AGARI ba="0,1" hai="40,42,43,44,46,47,57,59,105,106,107" m="50185" machi="47" ten="40,5200,0" yaku="28,2,19,1" doraHai="31" who="1" fromWho="2" sc="358,0,275,62,206,-52,151,0" /><INIT seed="5,0,0,1,3,91" ten="358,337,154,151" oya="1" hai0="64,72,111,34,126,0,106,21,70,86,4,90,134" hai1="128,130,31,45,65,109,116,28,7,74,107,15,84" hai2="89,71,80,133,82,94,47,27,124,78,81,12,119" hai3="135,1,52,98,69,56,8,55,13,68,26,63,50"/><U122/><E74/><V51/><F71/><W9/><G135/><T10/><D72/><U112/><E107/><V108/><F108/><W59/><G26/><T103/><D111/><U58/><E109/><V11/><F119/><W93/><G1/><T99/><D134/><U66/><E116/><V24/><F124/><W37/><G37/><T17/><D126/><U125/><E125/><V57/><F57/><W42/><G42/><T32/><D64/><N who="1" m="24683" /><E122/><V19/><F78/><W77/><G77/><T79/><D79/><U14/><E58/><V5/><F5/><W75/><G75/><T54/><D54/><U73/><E73/><V120/><F120/><W132/><G9/><T33/><D70/><U118/><E118/><V53/><REACH who="2" step="1"/><F133/><REACH who="2" ten="358,337,144,151" step="2"/><W87/><G132/><T123/><D123/><U113/><E7/><V102/><F102/><W20/><G69/><T92/><REACH who="0" step="1"/><D33/><REACH who="0" ten="348,337,144,151" step="2"/><U6/><E128/><V121/><F121/><W40/><G68/><T85/><D85/><AGARI ba="0,2" hai="11,12,19,24,27,47,51,53,80,81,82,85,89,94" machi="85" ten="40,5200,0" yaku="1,1,8,1,52,1,53,0" doraHai="91" doraHaiUra="67" who="2" fromWho="0" sc="348,-52,337,0,144,72,151,0" /><INIT seed="6,0,0,5,5,115" ten="296,337,216,151" oya="2" hai0="21,35,5,53,64,97,88,66,32,50,119,0,96" hai1="80,14,72,37,87,34,58,92,128,4,101,30,99" hai2="45,71,51,29,82,38,40,83,63,121,24,113,36" hai3="117,132,135,9,54,118,3,73,106,69,25,46,23"/><V95/><F113/><W11/><G106/><T100/><D0/><U84/><E37/><V6/><F121/><W16/><G69/><T67/><D5/><U130/><E58/><V52/><F6/><N who="3" m="1247" /><G73/><T107/><D119/><N who="3" m="45577" /><G46/><T56/><D21/><U116/><E116/><V13/><F13/><N who="3" m="7231" /><G54/><T108/><D108/><U129/><E72/><V103/><F38/><W89/><G89/><T7/><D7/><U105/><E105/><V134/><F134/><W2/><G2/><T65/><N who="0" m="16384" /><DORA hai="127" /><T78/><D78/><U41/><E41/><V109/><F109/><W133/><G23/><T124/><D124/><U28/><E80/><V76/><F71/><W18/><G18/><T91/><D91/><U126/><E126/><V31/><F36/><W44/><G44/><T59/><D56/><U15/><E4/><V77/><F77/><W111/><G25/><T70/><D70/><U74/><E74/><V81/><F24/><W60/><G60/><T22/><D22/><U49/><E49/><V112/><F76/><W48/><G111/><T12/><D88/><U27/><E87/><V75/><F75/><W125/><G125/><T1/><D1/><U20/><E84/><V98/><F112/><W62/><G62/><T123/><D97/><U47/><E47/><V120/><F120/><W17/><G17/><T26/><D123/><U33/><E20/><V57/><AGARI ba="0,0" hai="29,31,40,45,51,52,57,63,81,82,83,95,98,103" machi="57" ten="30,6000,0" yaku="0,1,8,1,54,1" doraHai="115,127" who="2" fromWho="2" sc="296,-20,337,-20,216,60,151,-20" /><INIT seed="6,1,0,4,2,126" ten="276,317,276,131" oya="2" hai0="60,64,10,124,4,19,40,90,63,84,33,24,101" hai1="131,52,55,134,92,25,76,110,93,106,70,36,59" hai2="49,32,116,129,73,112,80,88,65,18,91,15,14" hai3="135,51,43,6,108,127,58,81,23,17,35,69,53"/><V122/><F129/><W5/><G108/><T46/><D124/><U21/><E70/><V37/><F112/><W8/><G127/><T128/><D128/><U16/><E106/><V132/><F37/><W29/><G135/><T104/><D104/><U121/><E110/><V113/><F113/><W89/><G69/><T71/><D101/><U2/><E2/><V105/><F32/><W1/><G6/><T66/><D19/><U99/><E36/><V87/><F116/><W48/><G43/><T31/><D40/><U12/><E131/><V26/><F122/><W68/><G68/><T85/><D46/><U39/><E39/><V62/><F132/><W103/><G103/><T27/><D27/><U45/><E76/><V50/><F73/><W20/><G20/><T22/><D33/><U109/><E121/><V82/><F105/><W13/><G81/><N who="2" m="31337" /><F26/><W111/><G111/><T123/><D123/><U114/><E114/><V125/><F125/><W3/><G3/><T120/><D120/><U7/><E134/><V11/><F15/><W97/><G97/><T67/><D71/><U42/><E109/><V79/><F79/><W34/><G89/><N who="2" m="34377" /><F87/><N who="0" m="33354" /><D90/><N who="1" m="55703" /><E93/><V47/><F47/><W118/><G118/><T86/><N who="0" m="33362" /><T98/><DORA hai="0" /><D98/><U78/><E78/><V115/><F115/><W102/><G102/><T100/><D100/><U38/><E59/><AGARI ba="1,0" hai="11,14,18,49,50,59,62,65" m="34377,31337" machi="59" ten="30,2900,0" yaku="8,1,54,1" doraHai="126,0" who="2" fromWho="1" sc="276,0,317,-32,276,32,131,0" /><INIT seed="6,2,0,5,1,19" ten="276,285,308,131" oya="2" hai0="89,92,38,40,66,50,48,133,128,5,102,134,118" hai1="123,94,113,25,33,135,105,31,71,116,51,107,111" hai2="10,60,93,126,4,3,110,24,103,76,86,62,44" hai3="75,80,27,49,37,46,35,84,53,104,21,56,6"/><V74/><F126/><W108/><G108/><T13/><D118/><U7/><E111/><V8/><F110/><W129/><G104/><T1/><D1/><U69/><E116/><V106/><F10/><W96/><G129/><T67/><D128/><U91/><E7/><V85/><F85/><W78/><G35/><T9/><D102/><U0/><E0/><V54/><F74/><W45/><G6/><T20/><D38/><U43/><E113/><V11/><F11/><W15/><G15/><T83/><D83/><U36/><E36/><V79/><F24/><W81/><G96/><T121/><D121/><U18/><E18/><V109/><F109/><W99/><G99/><T22/><D134/><U82/><E82/><V122/><F122/><W42/><G42/><T114/><D133/><U17/><E17/><V77/><F106/><W63/><G63/><T68/><D68/><U57/><E123/><V124/><F124/><W117/><G37/><T100/><D100/><U125/><E125/><V88/><F103/><W98/><G98/><N who="0" m="57615" /><D114/><U95/><E95/><V119/><F119/><W130/><G130/><T120/><D120/><U41/><E135/><V34/><F34/><W72/><G117/><T23/><D48/><U64/><E51/><N who="2" m="29031" /><F3/><W59/><G46/><AGARI ba="2,0" hai="5,9,13,20,22,23,40,46,50,66,67" m="57615" machi="46" ten="30,7700,0" yaku="8,1,52,3" doraHai="19" who="0" fromWho="3" sc="276,83,285,0,308,0,131,-83" /><INIT seed="7,0,0,0,1,118" ten="359,285,308,48" oya="3" hai0="116,129,135,74,12,131,16,44,58,94,49,97,46" hai1="54,75,106,39,18,24,134,14,6,8,124,29,130" hai2="34,30,11,79,53,123,0,133,85,121,55,114,42" hai3="110,5,15,115,117,45,102,103,59,61,92,43,77"/><W78/><G117/><T64/><D116/><U22/><E106/><V128/><F114/><W31/><G115/><T76/><D135/><U9/><E75/><V67/><F133/><W40/><G110/><T89/><D74/><U57/><E134/><V3/><F128/><N who="0" m="49226" /><D76/><N who="3" m="29289" /><G31/><T95/><D95/><U82/><E130/><V126/><F126/><W1/><G1/><N who="2" m="585" /><F11/><N who="3" m="4591" /><G45/><T87/><D97/><U98/><E39/><V50/><F67/><N who="3" m="39359" /><G92/><T52/><D64/><U66/><E124/><V28/><F42/><AGARI ba="0,0" hai="40,42,43,102,103" m="39359,4591,29289" machi="42" ten="30,1500,0" yaku="8,1" doraHai="118" who="3" fromWho="2" sc="359,0,285,0,308,-15,48,15" /><INIT seed="7,1,0,1,1,131" ten="359,285,293,63" oya="3" hai0="113,106,90,91,45,37,128,0,83,22,86,117,67" hai1="129,49,116,62,135,23,112,16,52,93,114,132,32" hai2="13,66,84,75,80,58,122,12,34,48,69,97,107" hai3="41,87,126,1,20,36,35,115,101,8,124,10,99"/><W81/><G35/><T50/><D117/><U33/><E62/><V38/><F38/><W25/><G115/><N who="1" m="44074" /><E129/><V61/><F122/><W44/><G1/><T89/><D0/><U2/><E2/><V120/><F75/><W6/><G6/><T40/><D128/><U74/><E74/><V121/><F34/><N who="1" m="13417" /><E93/><V60/><F48/><W102/><G10/><T72/><D72/><U27/><E116/><V5/><F5/><W104/><G8/><T123/><D123/><N who="2" m="47178" /><F97/><W134/><G134/><T111/><D106/><U79/><E79/><N who="2" m="46111" /><F107/><W21/><G102/><T85/><D37/><U39/><E39/><V29/><F29/><W14/><G14/><T15/><D15/><U109/><E109/><V130/><F130/><W24/><G24/><T55/><D111/><U59/><AGARI ba="1,0" hai="16,23,27,49,52,59,132,135" m="13417,44074" machi="59" ten="40,8000,1" yaku="15,1,52,2,54,2" doraHai="131" who="1" fromWho="1" sc="359,-21,285,83,293,-21,63,-41" owari="338,13.8,368,46.8,272,-12.8,22,-47.8" /></mjloggm>