<mjloggm ver="2.3"><GO type="169" lobby="0"/><UN n0="%E3%83%95%E3%83%AB%E3%82%BC%E3%83%B3%E3%83%84%E3%81%8F%E3%82%93" n1="%E5%85%A8%E9%9B%86%E4%B8%AD%E3%83%BB%E5%B8%B8%E4%B8%AD" n2="%E3%82%82%E3%81%BF%E3%81%95%E3%81%92" n3="%E4%B8%83%E7%94%9F%E5%A4%95" dan="16,16,16,16" rate="2183.68,2139.35,2130.32,2111.65" sx="F,M,M,M"/><TAIKYOKU oya="0"/><INIT seed="0,0,0,4,4,57" ten="250,250,250,250" oya="0" hai0="2,132,66,73,85,11,129,1,104,112,20,110,17" hai1="106,95,8,33,31,67,9,135,103,121,19,22,64" hai2="5,43,53,130,69,118,44,68,36,30,7,126,3" hai3="51,90,105,15,84,116,88,122,97,125,0,58,113"/><T102/><BYE who="1" /><D112/><UN n1="%E5%85%A8%E9%9B%86%E4%B8%AD%E3%83%BB%E5%B8%B8%E4%B8%AD" /><U37/><E121/><V29/><F29/><W35/><G0/><T62/><D73/><U128/><E135/><V34/><F30/><W83/><G116/><T48/><D132/><U39/><E106/><V54/><F34/><W78/><G35/><T6/><D129/><U70/><E128/><V131/><F5/><W111/><G111/><T107/><D110/><U133/><E133/><V101/><F101/><W55/><G113/><T24/><D1/><U10/><E64/><V47/><F7/><W86/><G125/><T60/><D102/><U38/><E31/><V98/><F98/><W87/><G122/><T81/><D48/><U71/><E67/><V91/><F91/><N who="3" m="34859" /><G97/><T13/><D2/><U93/><E33/><V28/><F28/><W127/><G105/><T96/><D96/><U114/><E114/><V120/><F3/><W4/><G127/><T21/><D21/><U50/><E50/><V23/><F126/><W25/><G25/><T41/><D41/><U59/><E59/><V27/><F120/><W45/><G45/><T82/><D82/><U115/><E115/><V77/><F27/><W65/><G65/><T63/><REACH who="0" step="1"/><D66/><REACH who="0" ten="240,250,250,250" step="2"/><U94/><REACH who="1" step="1"/><E103/><REACH who="1" ten="240,240,250,250" step="2"/><V12/><F131/><W117/><G117/><T124/><D124/><U61/><E61/><V49/><F118/><W16/><G4/><T134/><D134/><U108/><E108/><V32/><F130/><W14/><G14/><AGARI ba="0,2" hai="8,9,10,14,19,22,37,38,39,70,71,93,94,95" machi="14" ten="50,6400,0" yaku="1,1,29,2,53,0" doraHai="57" doraHaiUra="80" who="1" fromWho="3" sc="240,0,240,84,250,0,250,-64" /><INIT seed="1,0,0,4,2,42" ten="240,324,250,186" oya="1" hai0="45,73,28,67,80,27,12,36,62,93,13,85,113" hai1="2,10,63,76,91,99,97,95,22,7,114,89,25" hai2="131,77,103,5,49,14,4,11,16,20,23,64,51" hai3="71,52,53,32,59,44,115,94,50,129,119,110,127"/><U87/><E114/><V118/><F118/><W31/><G115/><T48/><D113/><U8/><E76/><V37/><F37/><W46/><G119/><T35/><D36/><U19/><E8/><V60/><F77/><W78/><G71/><T133/><D133/><U107/><E107/><V18/><F103/><W106/><G106/><T92/><D73/><U66/><REACH who="1" step="1"/><E89/><REACH who="1" ten="240,314,250,186" step="2"/><V43/><F131/><W79/><G129/><T55/><D93/><U9/><E9/><V40/><F11/><W68/><G79/><T75/><D92/><U112/><E112/><V117/><F117/><W69/><G78/><T100/><D75/><U72/><E72/><V128/><F128/><W17/><G94/><T104/><D104/><U26/><E26/><V41/><F5/><W122/><G122/><T88/><REACH who="0" step="1"/><D100/><REACH who="0" ten="230,314,250,186" step="2"/><U111/><E111/><V54/><F4/><W134/><G110/><T38/><D38/><U124/><E124/><V65/><F65/><W1/><G127/><T109/><D109/><U83/><E83/><V82/><F82/><W21/><G134/><T61/><D61/><U70/><AGARI ba="0,2" hai="2,7,10,19,22,25,63,66,70,87,91,95,97,99" machi="70" ten="20,7800,0" yaku="1,1,0,1,7,1,53,1" doraHai="42" doraHaiUra="57" who="1" fromWho="1" sc="230,-26,314,98,250,-26,186,-26" /><INIT seed="1,1,0,2,3,64" ten="204,412,224,160" oya="1" hai0="4,6,100,40,68,45,107,28,99,50,65,39,15" hai1="55,124,92,106,117,123,74,76,75,25,31,46,11" hai2="93,105,71,29,19,80,37,120,57,91,126,109,125" hai3="118,87,133,26,36,85,130,104,54,98,38,79,108"/><U49/><E117/><V88/><F120/><W23/><G118/><T94/><D28/><U131/><E123/><V90/><F37/><W10/><G108/><T96/><D39/><U27/><E106/><V21/><F105/><W52/><G130/><T112/><D112/><U61/><E124/><N who="2" m="47723" /><F109/><W51/><G133/><T62/><REACH who="0" step="1"/><D15/><REACH who="0" ten="194,412,224,160" step="2"/><U122/><E122/><V82/><F29/><W8/><G38/><T127/><D127/><U101/><E131/><V72/><F72/><W60/><G36/><T113/><D113/><U121/><E121/><V89/><F57/><N who="3" m="34855" /><G104/><T35/><D35/><U78/><E74/><V86/><F71/><W67/><G67/><T48/><D48/><U34/><E75/><V33/><F33/><W1/><G1/><T129/><D129/><U132/><E132/><V7/><F7/><W59/><G98/><T58/><D58/><U115/><E115/><V18/><F18/><N who="3" m="12663" /><G87/><T102/><AGARI ba="1,1" hai="4,6,40,45,50,62,65,68,94,96,99,100,102,107" machi="102" ten="20,5200,0" yaku="1,1,0,1,7,1,52,1,53,0" doraHai="64" doraHaiUra="128" who="0" fromWho="0" sc="194,65,412,-27,224,-14,160,-14" /><INIT seed="2,0,0,0,0,95" ten="259,385,210,146" oya="2" hai0="0,18,28,12,126,118,57,96,65,38,13,58,108" hai1="1,99,101,80,60,4,121,86,37,46,23,42,50" hai2="111,79,45,119,131,9,26,123,48,54,53,55,83" hai3="98,74,91,52,35,88,43,71,31,85,129,56,2"/><V132/><F123/><W103/><G74/><T64/><D38/><U61/><E121/><V122/><F122/><W70/><G2/><T67/><D0/><U22/><E37/><V73/><F119/><W24/><G43/><T116/><D108/><U93/><E4/><V40/><F111/><W105/><G129/><T125/><D28/><U68/><E1/><V69/><F69/><W82/><REACH who="3" step="1"/><G91/><REACH who="3" ten="259,385,210,136" step="2"/><T110/><D110/><U130/><E130/><V11/><F131/><W17/><G17/><T15/><D18/><U16/><E68/><V133/><REACH who="2" step="1"/><F26/><REACH who="2" ten="259,385,200,136" step="2"/><W72/><G72/><T19/><D118/><U87/><E23/><V114/><F114/><W8/><G8/><AGARI ba="0,2" hai="8,9,11,40,45,48,53,54,55,73,79,83,132,133" machi="8" ten="40,2000,0" yaku="1,1,53,0" doraHai="95" doraHaiUra="120" who="2" fromWho="3" sc="259,0,385,0,200,40,136,-20" /><INIT seed="2,1,0,4,0,70" ten="259,385,240,116" oya="2" hai0="101,34,18,110,117,48,75,53,16,15,27,134,95" hai1="54,104,85,1,80,60,32,92,87,103,126,14,133" hai2="28,107,74,37,118,24,66,78,89,99,10,76,19" hai3="71,109,112,43,62,40,65,51,115,106,31,67,84"/><V39/><F118/><W73/><G73/><T26/><D75/><U42/><E1/><V96/><F66/><N who="3" m="41431" /><G106/><T116/><D110/><U59/><E126/><V7/><F19/><W91/><G91/><T57/><D134/><U81/><E133/><V36/><F74/><W12/><G84/><T97/><D34/><U3/><E3/><V83/><F83/><W23/><G12/><T55/><D55/><U17/><E42/><N who="3" m="15914" /><G23/><T25/><REACH who="0" step="1"/><D18/><REACH who="0" ten="249,385,240,116" step="2"/><U45/><E32/><V21/><F107/><W123/><G31/><T122/><D122/><U77/><E104/><V50/><F50/><W9/><G123/><T38/><D38/><U11/><E45/><V49/><F49/><W130/><G109/><T61/><D61/><U58/><E54/><V6/><F6/><W41/><G130/><T108/><D108/><U22/><E60/><V119/><F119/><W86/><G51/><T121/><D121/><U8/><E22/><AGARI ba="1,1" hai="15,16,22,25,26,27,48,53,57,95,97,101,116,117" machi="22" ten="40,2600,0" yaku="1,1,54,1,53,0" doraHai="70" doraHaiUra="127" who="0" fromWho="1" sc="249,39,385,-29,240,0,116,0" /><INIT seed="3,0,0,3,4,93" ten="288,356,240,116" oya="3" hai0="58,45,126,25,29,28,123,36,99,27,90,111,23" hai1="97,74,66,56,47,39,1,131,91,92,98,20,33" hai2="117,135,88,110,11,79,0,12,116,76,84,21,78" hai3="121,118,81,22,46,104,115,75,51,13,18,70,17"/><W105/><G115/><T67/><D123/><U9/><E33/><V16/><F110/><W73/><G121/><T100/><D111/><U26/><E131/><V42/><F135/><W107/><G118/><T62/><D126/><U113/><E113/><V10/><F42/><W83/><G70/><T5/><D5/><U112/><E74/><V54/><F54/><W127/><G127/><T130/><D130/><U49/><E39/><V69/><F69/><W7/><G7/><T86/><D36/><U72/><E72/><V35/><F35/><W106/><N who="3" m="26624" /><DORA hai="30" /><W14/><G75/><T120/><D120/><U103/><E112/><V50/><F50/><W132/><G73/><T31/><D45/><U89/><E9/><V122/><F122/><W87/><G132/><T95/><D27/><U125/><E1/><V71/><F71/><W8/><REACH who="3" step="1"/><G87/><REACH who="3" ten="288,356,240,106" step="2"/><T48/><REACH who="0" step="1"/><D48/><REACH who="0" ten="278,356,240,106" step="2"/><U77/><E125/><V44/><F117/><W114/><G114/><T59/><D59/><U101/><E56/><V96/><F116/><W108/><G108/><T41/><D41/><AGARI ba="0,2" hai="8,13,14,17,18,22,41,46,51,81,83" m="26624" machi="41" ten="70,3400,0" yaku="1,1,53,0" doraHai="93,30" doraHaiUra="52,80" who="3" fromWho="0" sc="278,-34,356,0,240,0,106,54" /><INIT seed="3,1,0,2,0,35" ten="244,356,240,160" oya="3" hai0="129,134,73,99,117,125,67,50,44,108,15,128,86" hai1="133,91,130,103,119,68,38,113,60,22,110,57,2" hai2="27,132,74,33,95,58,75,104,96,18,56,107,106" hai3="5,84,109,54,59,41,49,12,39,76,45,70,98"/><W6/><G109/><T122/><D117/><U97/><E113/><V31/><F132/><W69/><G98/><T0/><D0/><U29/><E38/><V105/><N who="2" m="26624" /><DORA hai="55" /><V28/><F28/><W94/><G94/><T80/><D122/><U20/><E68/><V66/><F18/><W37/><G37/><T52/><D134/><U72/><E133/><V126/><F126/><W63/><G39/><T42/><D125/><U131/><E72/><V1/><F1/><W121/><G121/><T83/><D108/><U85/><E110/><V111/><F111/><W19/><G70/><T8/><D67/><U88/><E103/><V92/><F92/><W65/><G65/><T53/><D99/><U78/><E97/><V71/><F71/><W116/><G69/><T90/><D80/><N who="1" m="47255" /><E2/><V118/><F118/><W135/><G135/><T79/><D79/><U127/><E127/><V89/><REACH who="2" step="1"/><F66/><REACH who="2" ten="244,356,230,160" step="2"/><W123/><G116/><T36/><D73/><AGARI ba="1,1" hai="27,31,33,56,58,73,74,75,89,95,96" m="26624" machi="73" ten="70,8000,1" yaku="1,1,2,1,52,2,53,0" doraHai="35,55" doraHaiUra="14,17" who="2" fromWho="0" sc="244,-83,356,0,230,93,160,0" /><INIT seed="4,0,0,3,0,48" ten="161,356,323,160" oya="0" hai0="78,34,22,20,82,25,31,85,54,124,71,117,53" hai1="50,118,119,35,23,98,49,83,63,13,19,106,64" hai2="100,67,4,24,38,80,43,95,45,27,93,125,3" hai3="111,112,44,113,69,89,84,135,16,40,134,132,32"/><T91/><D117/><U26/><E119/><V57/><F125/><W114/><G32/><T52/><D124/><U76/><E118/><V130/><F130/><W122/><G69/><T51/><D71/><U2/><E2/><V5/><F80/><W131/><G131/><T94/><REACH who="0" step="1"/><D51/><REACH who="0" ten="151,356,323,160" step="2"/><U133/><E50/><V30/><F38/><N who="3" m="21527" /><G122/><T9/><D9/><U116/><E49/><V18/><F43/><W97/><G111/><T128/><D128/><U28/><E116/><V87/><F45/><W88/><G97/><AGARI ba="0,1" hai="20,22,25,31,34,52,53,54,78,82,85,91,94,97" machi="97" ten="40,12000,1" yaku="1,1,52,3,54,1,53,0" doraHai="48" doraHaiUra="33" who="0" fromWho="3" sc="151,130,356,0,323,0,160,-120" /><INIT seed="4,1,0,0,5,118" ten="281,356,323,40" oya="0" hai0="22,124,49,117,65,29,82,15,61,18,6,20,12" hai1="42,72,105,52,76,2,60,64,44,21,59,110,107" hai2="24,19,92,89,11,79,131,67,62,57,122,0,97" hai3="93,50,23,17,13,3,94,114,40,128,120,45,119"/><T74/><D117/><U25/><E110/><V104/><F131/><W7/><G119/><T28/><D124/><U43/><E2/><V54/><F104/><W1/><G114/><T106/><D106/><U86/><E72/><V71/><F79/><W126/><G126/><T26/><D74/><U39/><E42/><V132/><F132/><W30/><G128/><T91/><D49/><U115/><E115/><V75/><F75/><W77/><G30/><T111/><D111/><U108/><E108/><V135/><F135/><W99/><G77/><T87/><D6/><U109/><E109/><V47/><F47/><W112/><G112/><T16/><REACH who="0" step="1"/><D26/><REACH who="0" ten="271,356,323,40" step="2"/><U14/><E105/><V121/><F24/><W113/><G113/><T80/><D80/><U129/><E107/><V133/><F133/><W53/><G94/><T27/><D27/><U10/><E129/><V58/><F71/><AGARI ba="1,1" hai="12,15,16,18,20,22,28,29,61,65,71,82,87,91" machi="71" ten="30,11600,0" yaku="1,1,7,1,9,1,54,1,53,0" doraHai="118" doraHaiUra="55" who="0" fromWho="2" sc="271,129,356,0,323,-119,40,0" /><INIT seed="4,2,0,5,4,95" ten="400,356,204,40" oya="0" hai0="36,107,48,122,83,121,128,103,115,2,41,55,132" hai1="93,113,9,63,4,22,1,62,61,92,105,90,116" hai2="117,30,15,82,123,60,27,42,67,112,85,72,70" hai3="17,51,81,53,75,131,80,66,133,37,65,18,47"/><T109/><D2/><U135/><E116/><V56/><F123/><W96/><G131/><T76/><D115/><U58/><E105/><V54/><F112/><W23/><G133/><T77/><D128/><U44/><E113/><V33/><F117/><W71/><G37/><T57/><D132/><U40/><E135/><V104/><F104/><W125/><G125/><T74/><D77/><U119/><E119/><V11/><F42/><W3/><G3/><T43/><D43/><U88/><E22/><V120/><F120/><W86/><G75/><T89/><D109/><U29/><E29/><V91/><F72/><W20/><G71/><T24/><D89/><U73/><E73/><V114/><F114/><W52/><G51/><T45/><REACH who="0" step="1"/><D24/><REACH who="0" ten="390,356,204,40" step="2"/><U129/><E129/><V31/><F27/><W108/><G108/><T94/><D94/><U106/><E106/><V110/><F110/><W68/><G68/><T34/><D34/><U28/><E28/><V134/><F33/><W32/><G32/><T111/><D111/><U10/><E93/><V130/><F130/><W84/><REACH who="3" step="1"/><G47/><REACH who="3" ten="390,356,204,30" step="2"/><T127/><D127/><U118/><E118/><V5/><F134/><W8/><G8/><T39/><D39/><U21/><E9/><V49/><AGARI ba="2,2" hai="5,11,15,30,31,49,54,56,60,67,70,82,85,91" machi="49" ten="20,1500,0" yaku="0,1,7,1" doraHai="95" who="2" fromWho="2" sc="390,-9,356,-6,204,41,30,-6" /><INIT seed="5,0,0,4,0,37" ten="381,350,245,24" oya="1" hai0="58,27,16,39,15,76,135,49,118,34,64,69,106" hai1="96,9,3,110,50,22,75,7,30,128,55,19,20" hai2="79,81,120,98,59,21,121,44,103,1,43,52,85" hai3="95,77,88,90,13,134,54,36,28,127,8,41,104"/><U48/><E128/><V33/><F33/><W119/><G104/><T12/><D118/><U101/><E110/><V102/><F1/><W131/><G119/><T92/><D106/><U115/><E115/><V56/><F21/><W4/><G131/><T78/><D135/><U38/><E38/><V18/><F18/><W66/><G134/><T51/><D39/><U84/><E75/><V26/><F26/><W105/><G105/><T132/><D132/><U31/><E84/><V63/><F59/><W67/><G127/><T40/><D69/><U111/><E111/><V65/><F65/><W91/><G77/><T72/><D72/><U129/><E22/><V47/><F47/><W100/><G28/><T86/><D34/><U108/><E129/><V68/><F68/><W23/><G23/><T107/><D107/><U42/><E42/><V74/><F74/><W82/><G82/><T24/><D92/><U130/><E50/><V53/><F53/><W70/><G54/><T61/><D61/><U93/><E108/><V71/><F71/><W94/><G70/><T17/><D86/><U87/><E87/><V25/><F25/><W35/><G35/><T14/><D14/><U80/><E80/><V123/><REACH who="2" step="1"/><F98/><REACH who="2" ten="381,350,235,24" step="2"/><W114/><G114/><T89/><D64/><U112/><E130/><V133/><F133/><W5/><G5/><T117/><D58/><N who="1" m="33127" /><E112/><V6/><F6/><W57/><G57/><T83/><D117/><U10/><E10/><V2/><F2/><W11/><G67/><T46/><D27/><N who="1" m="16743" /><E19/><V29/><F29/><W126/><G66/><T122/><D17/><RYUUKYOKU ba="0,1" sc="381,-15,350,15,235,15,24,-15" hai1="3,7,9,31,93,96,101" hai2="43,44,52,56,63,79,81,85,102,103,120,121,123" /><INIT seed="5,1,1,2,2,23" ten="366,365,250,9" oya="1" hai0="5,115,33,120,122,51,15,53,87,39,114,101,40" hai1="42,30,73,106,59,68,61,89,49,65,97,113,21" hai2="131,71,29,111,67,38,48,3,57,12,135,1,77" hai3="55,37,104,8,64,105,103,134,44,76,50,69,11"/><U18/><E113/><N who="0" m="43017" /><D33/><U7/><E73/><V88/><F38/><W14/><G76/><T79/><D101/><U60/><E7/><V62/><F111/><W98/><G134/><T43/><D39/><U6/><E6/><V56/><F135/><W81/><G81/><N who="0" m="47551" /><D15/><U93/><E106/><V24/><F131/><W9/><G104/><T90/><D90/><U127/><E127/><V124/><F124/><W31/><G37/><T26/><D26/><U86/><E30/><V41/><F77/><W125/><G125/><T109/><D5/><U25/><E86/><V83/><F12/><W82/><G82/><T133/><D109/><U47/><REACH who="1" step="1"/><E60/><REACH who="1" ten="366,355,250,9" step="2"/><V91/><F62/><N who="3" m="40087" /><G31/><T45/><D133/><U129/><E129/><V95/><F29/><W36/><G36/><T32/><D32/><U116/><E116/><V107/><F107/><W17/><G17/><T132/><D132/><U126/><E126/><V117/><F117/><W28/><G28/><T110/><D110/><U34/><E34/><V112/><F112/><W99/><G99/><T119/><D119/><U13/><E13/><V46/><F1/><W100/><G14/><T72/><D72/><U10/><E10/><V80/><F3/><W70/><G70/><AGARI ba="1,2" hai="18,21,25,42,47,49,59,61,65,68,70,89,93,97" machi="70" ten="40,7700,0" yaku="1,1,52,1,53,1" doraHai="23" doraHaiUra="84" who="1" fromWho="3" sc="366,0,355,100,250,0,9,-80" owari="366,16.6,455,55.5,250,-15.0,-71,-57.1" /></mjloggm>