<mjloggm ver="2.3"><GO type="169" lobby="0"/><UN n0="%65%6B%61%72%75%74%65" n1="%E3%83%AD%E3%83%99%E3%83%AB%E3%82%BF%E3%81%95%E3%82%93%EF%BC%A0" n2="%E5%A4%A9%E7%A9%BA%E3%81%AE%E6%8A%80" n3="%6F%6B%61%62%65%73%68%69" dan="16,16,16,17" rate="2116.82,2125.84,2127.93,2189.45" sx="M,F,M,M"/><TAIKYOKU oya="0"/><INIT seed="0,0,0,1,0,135" ten="250,250,250,250" oya="0" hai0="84,89,113,132,58,61,81,77,50,112,73,56,3" hai1="98,33,104,11,96,52,117,7,95,65,44,125,34" hai2="22,94,91,130,51,23,1,74,122,110,87,93,40" hai3="71,128,90,83,10,45,29,48,38,21,86,111,70"/><T126/><D3/><U15/><E117/><V68/><F110/><W30/><G111/><T41/><D132/><U101/><E65/><V25/><F68/><W103/><G128/><T118/><D118/><U59/><E44/><V0/><F74/><W20/><G38/><T82/><D126/><U133/><E125/><V119/><F130/><W63/><G103/><T47/><REACH who="0" step="1"/><D58/><REACH who="0" ten="240,250,250,250" step="2"/><U105/><E133/><V46/><F119/><W62/><G71/><T106/><D106/><U72/><E105/><V107/><F107/><W60/><G70/><T109/><D109/><U35/><E72/><V131/><F131/><W85/><G30/><T37/><D37/><U8/><E104/><V28/><F122/><W13/><G29/><T14/><D14/><U80/><E15/><V123/><F123/><W108/><G108/><T32/><D32/><U6/><E34/><V31/><F94/><W102/><G13/><T99/><D99/><U54/><E95/><V24/><AGARI ba="0,1" hai="0,1,22,23,24,25,28,31,40,46,51,87,91,93" machi="24" ten="30,2000,0" yaku="0,1,9,1" doraHai="135" who="2" fromWho="2" sc="240,-10,250,-5,250,30,250,-5" /><INIT seed="1,0,0,2,2,50" ten="230,245,280,245" oya="1" hai0="133,110,53,60,93,27,61,22,1,121,62,58,104" hai1="25,59,92,111,76,65,102,100,31,20,134,107,79" hai2="57,71,18,10,4,66,37,35,132,69,88,82,105" hai3="24,68,106,38,44,26,51,122,90,126,118,9,101"/><U97/><E134/><V3/><F105/><W128/><G122/><T7/><D104/><U67/><E111/><V48/><F35/><W72/><G38/><T114/><D114/><U33/><E33/><V54/><F37/><W30/><G72/><T14/><D1/><U41/><E41/><V80/><F132/><W43/><G68/><T112/><D112/><U81/><E67/><V47/><F18/><W127/><G118/><T124/><D133/><U19/><E19/><V8/><F8/><W131/><G101/><T16/><D124/><N who="3" m="47657" /><G106/><T119/><D119/><U120/><E120/><V36/><F36/><W2/><G30/><T125/><D110/><U11/><E11/><V94/><F71/><W73/><G90/><T89/><D121/><U21/><E21/><V129/><F129/><N who="3" m="49739" /><G73/><T87/><D125/><U55/><E65/><V39/><F39/><W96/><G96/><T83/><D83/><U78/><E107/><V13/><F69/><W64/><G64/><T52/><D58/><U77/><E102/><V29/><F29/><W17/><G17/><N who="0" m="12751" /><D7/><AGARI ba="0,0" hai="2,7,9,24,26,43,44,51" m="49739,47657" machi="7" ten="30,2000,0" yaku="18,1,19,1" doraHai="50" who="3" fromWho="0" sc="230,-20,245,0,280,0,245,20" /><INIT seed="2,0,0,0,3,0" ten="210,245,280,265" oya="2" hai0="76,50,82,47,80,56,30,78,132,87,91,41,66" hai1="17,33,114,69,42,14,4,64,94,49,105,35,34" hai2="62,108,32,6,31,90,11,20,15,134,13,29,119" hai3="59,104,57,102,8,79,85,97,54,44,72,55,84"/><V131/><F119/><W129/><G129/><T74/><D132/><U126/><E126/><V98/><F131/><W9/><G72/><T117/><D117/><U122/><E105/><V1/><F134/><W5/><G44/><T38/><D30/><N who="2" m="11274" /><F62/><W40/><G40/><T70/><D91/><U10/><E114/><V19/><F90/><W110/><G110/><T103/><D103/><U2/><E122/><V130/><F98/><W109/><G109/><T67/><REACH who="0" step="1"/><D70/><REACH who="0" ten="200,245,280,265" step="2"/><U115/><E69/><V120/><F130/><W68/><G68/><T46/><D46/><U128/><E128/><V118/><F118/><W75/><G79/><T101/><D101/><U81/><E115/><V124/><F108/><W28/><G28/><T36/><D36/><U86/><E34/><V18/><F120/><W121/><G121/><T92/><D92/><U100/><E94/><V112/><F112/><W22/><G102/><T61/><D61/><U71/><E100/><V60/><F60/><W21/><G104/><T52/><AGARI ba="0,1" hai="38,41,47,50,52,56,66,67,74,76,78,80,82,87" machi="52" ten="30,7900,0" yaku="1,1,0,1,54,1,53,1" doraHai="0" doraHaiUra="106" who="0" fromWho="0" sc="200,89,245,-20,280,-39,265,-20" /><INIT seed="3,0,0,1,5,50" ten="289,225,241,245" oya="3" hai0="8,134,3,60,22,7,129,128,98,80,108,71,120" hai1="40,12,23,59,15,86,51,5,65,52,57,102,112" hai2="135,87,17,44,123,119,30,131,91,31,122,81,18" hai3="43,115,70,55,118,34,47,103,133,26,27,82,11"/><W94/><G118/><T25/><D120/><U61/><E112/><V77/><F119/><W45/><G115/><T90/><D108/><U72/><E72/><V38/><F131/><N who="0" m="50250" /><D134/><U78/><E102/><V4/><F4/><W92/><G70/><T105/><D105/><U124/><E124/><V117/><F135/><W24/><G34/><T32/><D32/><U56/><E5/><V79/><F117/><W54/><G133/><T41/><D41/><U64/><E40/><V121/><F38/><W68/><G68/><T83/><D98/><U100/><E100/><V130/><F130/><W29/><G29/><N who="2" m="10761" /><F44/><N who="3" m="16971" /><G43/><T95/><D60/><N who="1" m="37919" /><E23/><V99/><F99/><N who="3" m="59879" /><G11/><T53/><D53/><N who="3" m="19977" /><G94/><T67/><D67/><U110/><E110/><V97/><F97/><W126/><G126/><T37/><D71/><U39/><E39/><V9/><F9/><W88/><G88/><T113/><D37/><U75/><E75/><V76/><AGARI ba="0,0" hai="17,18,76,77,79,81,87,91,121,122,123" m="10761" machi="76" ten="40,1500,0" yaku="13,1" doraHai="50" who="2" fromWho="2" sc="289,-4,225,-4,241,15,245,-7" /><INIT seed="4,0,0,3,0,100" ten="285,221,256,238" oya="0" hai0="101,38,54,46,37,2,26,131,65,30,76,108,81" hai1="90,41,92,123,129,103,78,9,57,35,53,33,55" hai2="64,3,120,60,62,91,67,82,124,102,50,63,132" hai3="39,110,8,89,22,42,52,116,11,61,107,72,13"/><T28/><D2/><U56/><E129/><V84/><F3/><W18/><G116/><T5/><D131/><U128/><E128/><V88/><F120/><W96/><G110/><T68/><D108/><U6/><E103/><V115/><F115/><W40/><G72/><T15/><D101/><U77/><E41/><V85/><F132/><W74/><G74/><T130/><D130/><U73/><E73/><V119/><F124/><W127/><G127/><T36/><D65/><U21/><E21/><V69/><F69/><W75/><G75/><T14/><D68/><U122/><E90/><V125/><F125/><W0/><G39/><T114/><D114/><U59/><E92/><V135/><F135/><W7/><G107/><T66/><D66/><U105/><E57/><V106/><F50/><W23/><G23/><T10/><D15/><U93/><E93/><V25/><F25/><W17/><G96/><T111/><D111/><U47/><E47/><V80/><F119/><W44/><G89/><T27/><D54/><U20/><E20/><V4/><F4/><W126/><G126/><T58/><D58/><U113/><E6/><V51/><F51/><N who="3" m="28775" /><G61/><T112/><D46/><U32/><E32/><V24/><F24/><N who="0" m="9258" /><D112/><U45/><E113/><V94/><F106/><W70/><G70/><T1/><D1/><U34/><E34/><V133/><F133/><W86/><G86/><T87/><D87/><U104/><REACH who="1" step="1"/><E45/><REACH who="1" ten="285,211,256,238" step="2"/><V97/><AGARI ba="0,1" hai="60,62,63,64,67,80,82,84,85,88,91,94,97,102" machi="97" ten="30,7900,0" yaku="0,1,9,1,8,1,54,1" doraHai="100" who="2" fromWho="2" sc="285,-39,211,-20,256,89,238,-20" /><INIT seed="5,0,0,4,1,102" ten="246,191,345,218" oya="1" hai0="22,127,14,99,75,72,10,29,47,118,125,25,93" hai1="13,33,74,65,107,18,124,49,3,45,64,90,57" hai2="110,69,113,135,61,116,114,43,26,92,85,101,44" hai3="126,38,48,94,89,111,115,32,6,53,62,16,133"/><U109/><E124/><N who="0" m="47689" /><D47/><U63/><E109/><V50/><F110/><W15/><G111/><T91/><D118/><U40/><E74/><V24/><F116/><W100/><G126/><T88/><D91/><U28/><E3/><V86/><F135/><W122/><G38/><T31/><D29/><U73/><E73/><V5/><F5/><AGARI ba="0,0" hai="5,10,14,22,25,31,72,75,88,93,99" m="47689" machi="5" ten="30,2000,0" yaku="18,1,54,1" doraHai="102" who="0" fromWho="2" sc="246,20,191,0,345,-20,218,0" /><INIT seed="6,0,0,4,1,69" ten="266,191,325,218" oya="2" hai0="130,68,19,15,1,45,51,29,112,34,103,116,37" hai1="20,9,98,100,60,4,39,49,65,58,52,21,48" hai2="33,104,76,5,56,90,114,55,109,82,113,42,31" hai3="27,12,41,93,8,96,75,36,105,53,126,115,117"/><V32/><F104/><W133/><G117/><T91/><D68/><U38/><E21/><V14/><F90/><W73/><G105/><T57/><D1/><U72/><E20/><V83/><F109/><W110/><G110/><T131/><D112/><U66/><E49/><V124/><F124/><W122/><G122/><T127/><D127/><U13/><E72/><V108/><F108/><W44/><G126/><T106/><D116/><U6/><E6/><V25/><F33/><W120/><G120/><T80/><D57/><U107/><REACH who="1" step="1"/><E66/><REACH who="1" ten="266,181,325,218" step="2"/><V22/><F22/><W95/><G115/><T123/><D51/><U87/><E87/><V7/><F7/><W74/><G27/><T0/><D123/><U67/><E67/><V88/><F5/><W46/><G133/><T77/><D130/><U99/><E99/><V62/><F25/><W132/><G132/><T102/><D131/><U43/><E43/><V40/><F40/><W125/><G125/><T2/><D2/><U134/><E134/><V35/><F42/><W121/><G121/><T128/><D0/><U118/><E118/><V94/><F113/><W71/><G96/><T101/><D128/><U10/><E10/><V30/><F35/><W17/><G71/><AGARI ba="0,1" hai="4,9,13,38,39,48,52,58,60,65,71,98,100,107" machi="71" ten="30,8000,1" yaku="1,1,7,1,52,2,54,1,53,0" doraHai="69" doraHaiUra="84" who="1" fromWho="3" sc="266,0,181,90,325,0,218,-80" /><INIT seed="7,0,0,4,0,2" ten="266,271,325,138" oya="3" hai0="121,111,49,36,101,120,94,55,122,128,131,108,0" hai1="4,123,16,93,8,30,12,54,113,62,97,40,47" hai2="81,74,25,32,68,78,44,13,79,82,134,71,125" hai3="107,11,102,26,75,27,14,63,1,116,76,48,59"/><W133/><G116/><T64/><D0/><U43/><E113/><V126/><F134/><W95/><G1/><T52/><D101/><U117/><E123/><V61/><F44/><W100/><G107/><T23/><D94/><U77/><E77/><V72/><F13/><W15/><G133/><T6/><D6/><U85/><E85/><V124/><F61/><W60/><G75/><T10/><D10/><U115/><E30/><AGARI ba="0,0" hai="25,30,32,68,71,72,74,78,79,81,82,124,125,126" machi="30" ten="40,8000,1" yaku="9,1,18,1,23,2" doraHai="2" who="2" fromWho="1" sc="266,0,271,-80,325,80,138,0" owari="266,6.6,191,-20.9,405,50.5,138,-36.2" /></mjloggm>