<mjloggm ver="2.3"><GO type="169" lobby="0"/><UN n0="%44%61%6C%69" n1="%E7%B1%B3%E3%81%BC%E3%81%86%E3%82%84%E3%81%8F%E3%82%93" n2="%74%61%6D%69%74%61%6D%69" n3="%E6%9C%88%E5%A4%9C%E3%81%AB%E9%A2%A8" dan="17,16,16,16" rate="2197.58,2182.18,2067.50,2056.05" sx="M,M,M,M"/><TAIKYOKU oya="0"/><INIT seed="0,0,0,1,4,33" ten="250,250,250,250" oya="0" hai0="117,53,57,24,39,91,27,69,31,96,103,34,58" hai1="65,51,14,119,72,37,102,74,49,86,105,41,22" hai2="36,89,121,109,63,47,104,113,85,97,94,59,128" hai3="0,131,79,2,42,6,134,98,46,90,48,82,126"/><T43/><D117/><U111/><E119/><V124/><F109/><W35/><G35/><T75/><D75/><U40/><E111/><V64/><F124/><W19/><G126/><T32/><D69/><U125/><E65/><V84/><F113/><W44/><G131/><T52/><D39/><U20/><E86/><V114/><F114/><W30/><G30/><T108/><D108/><U122/><E14/><V1/><F121/><W115/><G134/><T127/><D127/><U12/><E12/><V66/><F128/><W11/><G19/><T29/><D91/><U116/><E125/><V71/><F64/><W61/><G61/><T95/><D43/><U9/><E9/><V110/><F104/><W38/><G98/><T135/><D135/><U93/><E93/><V23/><F71/><W15/><G90/><T10/><D10/><U60/><E60/><V56/><F56/><AGARI ba="0,0" hai="24,27,29,31,32,34,52,53,56,57,58,95,96,103" machi="56" ten="40,3900,0" yaku="9,1,54,1" doraHai="33" who="0" fromWho="2" sc="250,39,250,0,250,-39,250,0" /><INIT seed="0,1,0,1,0,93" ten="289,250,211,250" oya="0" hai0="111,20,42,86,18,39,6,45,66,61,79,4,50" hai1="7,123,90,100,15,120,105,82,80,32,17,114,110" hai2="94,107,70,55,89,21,104,99,75,118,25,16,128" hai3="124,9,26,96,122,47,78,0,24,95,130,12,76"/><T5/><D111/><U116/><E32/><V129/><F75/><W69/><G0/><T49/><D79/><U67/><E116/><V103/><F70/><W30/><G69/><T98/><D98/><U51/><E7/><V132/><F118/><W56/><G124/><T97/><D97/><U36/><E36/><V81/><F132/><W54/><G47/><T60/><D86/><U8/><E67/><V3/><F3/><W33/><G24/><T13/><REACH who="0" step="1"/><D61/><REACH who="0" ten="279,250,211,250" step="2"/><U115/><E110/><V38/><F81/><W29/><G76/><T113/><D113/><U31/><E82/><V74/><F74/><W87/><G87/><T46/><D46/><U131/><E80/><V126/><F126/><W40/><G78/><T58/><AGARI ba="1,1" hai="4,5,6,13,18,20,39,42,45,49,50,58,60,66" machi="58" ten="30,3000,0" yaku="1,1,0,1,53,0" doraHai="93" doraHaiUra="117" who="0" fromWho="0" sc="279,43,250,-11,211,-11,250,-11" /><INIT seed="0,2,0,3,3,12" ten="322,239,200,239" oya="0" hai0="56,75,14,65,53,52,85,41,42,70,23,77,67" hai1="87,3,124,133,116,8,46,79,112,24,18,120,57" hai2="55,60,84,118,68,6,54,17,66,51,100,73,59" hai3="49,135,104,128,91,22,10,90,7,134,2,92,40"/><T123/><D123/><U96/><E120/><V50/><F73/><W109/><G104/><T105/><D75/><U88/><E116/><V94/><F118/><W31/><G109/><T25/><D105/><U69/><E69/><V38/><F38/><W15/><G128/><T98/><D70/><U95/><E124/><V30/><F30/><W71/><G71/><T131/><D131/><U127/><E127/><V26/><F6/><W125/><G125/><T64/><D14/><N who="1" m="7495" /><E3/><V43/><F43/><N who="0" m="16394" /><D98/><U63/><E133/><N who="3" m="50698" /><G92/><T11/><D11/><U47/><E112/><V61/><F66/><N who="0" m="16898" /><T5/><DORA hai="111" /><D5/><U132/><E24/><V62/><F68/><W58/><G2/><T32/><D32/><U97/><E97/><V0/><F0/><W28/><G28/><N who="0" m="17471" /><D56/><U110/><E110/><V34/><F34/><W130/><G130/><T33/><D33/><U13/><E13/><V126/><F126/><W113/><G113/><T114/><D114/><U76/><E96/><N who="2" m="59415" /><F84/><W122/><G122/><T1/><D1/><U48/><E132/><V72/><F72/><W20/><G58/><T36/><D36/><U102/><E102/><V82/><F26/><N who="3" m="16839" /><G22/><T117/><D117/><U107/><E107/><V115/><F115/><W129/><G129/><T74/><D74/><U89/><E57/><N who="2" m="32991" /><F82/><AGARI ba="2,0" hai="52,53,77,82,85" m="17471,16898,16394" machi="82" ten="40,3900,0" yaku="8,1,54,1" doraHai="12,111" who="0" fromWho="2" sc="322,45,239,0,200,-45,239,0" /><INIT seed="0,3,0,2,5,46" ten="367,239,155,239" oya="0" hai0="95,63,93,61,77,127,35,112,64,102,94,28,5" hai1="44,100,134,56,85,81,48,67,131,120,98,133,51" hai2="68,37,114,50,124,26,108,128,121,130,80,129,107" hai3="34,126,33,52,59,76,72,42,65,11,16,82,6"/><T39/><D112/><U135/><E120/><V43/><F107/><W10/><G126/><T89/><D39/><U90/><E131/><V15/><F121/><W99/><G65/><T132/><D127/><U58/><E67/><V103/><F124/><W84/><G42/><T1/><D77/><U54/><REACH who="1" step="1"/><E51/><REACH who="1" ten="367,229,155,239" step="2"/><V9/><F50/><N who="3" m="31127" /><G34/><T78/><D35/><U86/><E86/><V116/><F128/><W53/><G33/><T19/><D64/><U24/><E24/><V74/><F26/><W119/><G119/><T106/><D63/><U118/><E118/><V18/><F116/><W36/><G36/><T25/><D61/><U4/><E4/><V70/><F129/><W12/><G72/><T122/><D5/><U17/><E17/><V101/><F130/><W21/><G6/><T69/><D19/><U2/><E2/><V14/><F37/><W97/><G53/><T83/><D25/><U60/><E60/><V113/><F43/><W41/><G41/><T8/><D1/><U66/><E66/><V110/><F113/><W71/><G71/><T32/><D69/><U87/><E87/><V0/><F114/><W23/><G21/><T45/><D32/><U111/><E111/><N who="2" m="42539" /><F0/><W40/><G40/><T73/><D122/><U115/><E115/><V20/><F68/><W62/><G62/><T125/><D125/><U38/><E38/><V88/><F70/><W79/><G79/><T27/><D78/><U91/><E91/><V75/><F75/><W96/><AGARI ba="3,1" hai="10,11,12,16,23,76,82,84,96,97,99" m="31127" machi="96" ten="30,7900,0" yaku="8,1,52,1,54,2" doraHai="46" who="3" fromWho="3" sc="367,-42,229,-23,155,-23,239,98" /><INIT seed="1,0,0,0,4,44" ten="325,206,132,337" oya="1" hai0="95,65,34,111,113,41,0,85,26,71,20,48,80" hai1="35,6,91,31,38,82,57,50,132,114,68,79,15" hai2="40,19,69,22,83,123,74,107,55,54,30,37,129" hai3="23,75,93,101,5,24,1,9,88,104,131,103,72"/><U78/><E114/><V106/><F123/><W43/><G131/><T53/><D0/><U97/><E38/><V59/><F69/><W32/><G32/><T51/><D34/><U28/><E68/><V70/><F70/><W56/><G43/><T98/><D113/><U67/><E132/><V135/><F135/><W10/><G10/><T108/><D41/><U117/><E117/><V134/><F134/><W84/><G56/><T21/><D65/><U52/><E67/><V100/><F100/><W61/><G61/><T14/><D14/><U11/><E35/><V127/><F129/><W133/><G133/><T77/><D71/><U92/><REACH who="1" step="1"/><E78/><REACH who="1" ten="325,196,132,337" step="2"/><V7/><F37/><W63/><G104/><T99/><D77/><U66/><E66/><V29/><F106/><W87/><G75/><AGARI ba="0,1" hai="6,11,15,28,31,50,52,57,75,79,82,91,92,97" machi="75" ten="30,11600,0" yaku="1,1,7,1,52,1,54,1,53,0" doraHai="44" doraHaiUra="16" who="1" fromWho="3" sc="325,0,196,126,132,0,337,-116" /><INIT seed="1,1,0,1,5,107" ten="325,322,132,221" oya="1" hai0="108,7,61,63,45,125,60,25,64,50,35,85,65" hai1="105,42,90,91,117,84,49,47,11,13,129,54,67" hai2="4,97,70,111,121,17,8,86,122,59,29,82,46" hai3="66,89,77,135,76,87,2,0,51,110,26,69,56"/><U126/><E117/><V131/><F70/><W16/><G110/><T78/><D7/><U93/><E129/><V81/><F111/><W102/><G135/><T3/><D3/><U14/><E126/><V32/><F131/><W94/><G69/><T58/><D108/><U101/><E67/><N who="0" m="25673" /><D35/><U92/><E105/><V109/><F109/><W80/><G102/><T43/><D25/><U57/><E101/><V113/><F113/><W133/><G133/><T100/><D100/><U1/><E1/><V104/><F104/><W124/><G124/><T130/><D130/><U15/><E11/><V74/><F97/><W27/><G77/><T10/><D10/><U73/><E73/><V53/><F17/><W128/><G128/><T5/><D5/><U96/><REACH who="1" step="1"/><E15/><REACH who="1" ten="325,312,132,221" step="2"/><V52/><F74/><W116/><G0/><T30/><D125/><U28/><E28/><V48/><F29/><W62/><G2/><T134/><D30/><U40/><E40/><V31/><F31/><W12/><G116/><T120/><D134/><U132/><E132/><V44/><F32/><W24/><G12/><T114/><D114/><U22/><E22/><V95/><F8/><W123/><G123/><T34/><D120/><U33/><E33/><V6/><F121/><W41/><G41/><T106/><D106/><U68/><E68/><V72/><F122/><W39/><G66/><N who="0" m="39191" /><D34/><U83/><E83/><AGARI ba="1,1" hai="43,45,50,61,63,78,83,85" m="39191,25673" machi="83" ten="30,1000,0" yaku="8,1" doraHai="107" who="0" fromWho="1" sc="325,23,312,-13,132,0,221,0" /><INIT seed="2,0,0,4,2,24" ten="348,299,132,221" oya="2" hai0="28,50,118,58,74,48,90,45,44,63,38,56,14" hai1="116,93,62,132,128,61,27,81,91,100,135,33,31" hai2="5,42,70,104,71,84,77,83,92,12,55,54,20" hai3="85,43,30,13,125,126,23,73,99,21,95,4,133"/><V22/><F104/><W17/><G73/><T88/><D74/><U131/><E116/><V67/><F42/><W52/><G133/><N who="1" m="51274" /><E100/><V127/><F127/><N who="3" m="48651" /><G43/><N who="0" m="24607" /><D38/><U59/><E81/><V110/><F110/><W122/><G122/><T60/><D14/><U8/><E8/><N who="2" m="4111" /><F70/><W105/><G4/><T94/><D28/><U75/><E75/><V98/><F67/><W2/><G2/><T124/><D124/><U115/><E115/><V1/><F1/><W3/><G3/><T109/><D109/><U29/><E29/><V57/><F71/><W106/><G85/><N who="0" m="52495" /><D90/><U32/><E32/><V34/><F34/><W47/><G30/><T82/><D82/><U107/><E107/><V19/><F19/><W36/><G36/><T96/><D96/><N who="1" m="57407" /><E61/><N who="0" m="23625" /><D118/><U102/><E102/><N who="2" m="60743" /><F57/><W49/><G23/><AGARI ba="0,0" hai="20,22,23,54,55,77,83,84" m="60743,4111" machi="23" ten="30,1500,0" yaku="8,1" doraHai="24" who="2" fromWho="3" sc="348,0,299,0,132,15,221,-15" /><INIT seed="2,1,0,3,2,114" ten="348,299,147,206" oya="2" hai0="28,123,43,49,101,78,100,42,131,85,75,36,2" hai1="13,64,129,12,98,97,38,132,3,93,116,39,91" hai2="21,17,83,65,15,112,105,130,89,108,96,33,59" hai3="134,16,115,117,30,68,95,109,127,82,94,23,14"/><V63/><F112/><W10/><G115/><T66/><D2/><U34/><E3/><V99/><F33/><W119/><G68/><T50/><D75/><U19/><E34/><V44/><F130/><W22/><G82/><N who="0" m="47319" /><D123/><U67/><E129/><V24/><F105/><W92/><G109/><T52/><D36/><U72/><E93/><V128/><F128/><W106/><G127/><T1/><D1/><U73/><E19/><V9/><F108/><W8/><G134/><T125/><D125/><U20/><E20/><V77/><F44/><W80/><G106/><T5/><D66/><U48/><E48/><V57/><F57/><W124/><G80/><T79/><D79/><U74/><E74/><V26/><F89/><W110/><G110/><T58/><D5/><U70/><E91/><V121/><F26/><W71/><G71/><T37/><D37/><U51/><E51/><V7/><REACH who="2" step="1"/><F121/><REACH who="2" ten="348,299,137,206" step="2"/><W133/><G124/><T4/><D131/><U111/><E111/><V0/><F0/><W126/><G126/><T88/><D88/><U6/><E70/><V90/><F90/><W35/><G35/><T102/><D58/><U107/><E107/><V31/><F31/><W46/><G46/><T55/><D28/><U81/><E81/><V86/><AGARI ba="1,1" hai="7,9,15,17,21,24,59,63,65,77,83,86,96,99" machi="86" ten="20,12000,1" yaku="1,1,0,1,7,1,8,1,53,1" doraHai="114" doraHaiUra="61" who="2" fromWho="2" sc="348,-41,299,-41,137,133,206,-41" /><INIT seed="2,2,0,3,4,59" ten="307,258,270,165" oya="2" hai0="2,117,131,55,135,98,83,38,35,0,101,79,87" hai1="53,127,9,54,115,67,61,23,134,122,93,105,64" hai2="109,69,33,10,1,44,108,116,66,112,58,80,6" hai3="123,56,103,100,36,24,63,4,39,124,47,125,120"/><V25/><F116/><W50/><G4/><T27/><D38/><N who="3" m="14377" /><G24/><T119/><D131/><U12/><E115/><V90/><F112/><W22/><G22/><T37/><D37/><U114/><E114/><V14/><F69/><W121/><G100/><T72/><D135/><U45/><E105/><V75/><F44/><W97/><G97/><T16/><D55/><U11/><E134/><V89/><F1/><W91/><G91/><T70/><D70/><U95/><E127/><N who="3" m="48714" /><G103/><T65/><D65/><U110/><E110/><N who="2" m="42603" /><F75/><W31/><G31/><N who="0" m="19967" /><D87/><U88/><E122/><V29/><F80/><W84/><G84/><T41/><D41/><U21/><E45/><V118/><F118/><N who="0" m="45066" /><D16/><U77/><E12/><V94/><F94/><AGARI ba="2,0" hai="0,2,72,79,83,94,98,101" m="45066,19967" machi="94" ten="30,1000,0" yaku="12,1" doraHai="59" who="0" fromWho="2" sc="307,16,258,0,270,-16,165,0" /><INIT seed="3,0,0,0,4,130" ten="323,258,254,165" oya="3" hai0="59,55,63,5,19,90,21,85,93,77,25,79,94" hai1="127,46,14,67,29,98,33,0,75,115,126,4,124" hai2="64,87,50,121,6,84,71,101,82,47,129,17,70" hai3="23,30,132,112,53,66,118,48,73,86,2,42,16"/><W123/><G73/><T11/><REACH who="0" step="1"/><D94/><REACH who="0" ten="313,258,254,165" step="2"/><U106/><E127/><V7/><F129/><W72/><G118/><T128/><D128/><U61/><E126/><V9/><F121/><W113/><G123/><T81/><D81/><U1/><E124/><V108/><F82/><W109/><G113/><T26/><D26/><U97/><E115/><V49/><F108/><W12/><G112/><T74/><D74/><U8/><E75/><V120/><F120/><W34/><G72/><T69/><D69/><U54/><E1/><AGARI ba="0,1" hai="1,5,11,19,21,25,55,59,63,77,79,85,90,93" machi="1" ten="30,3900,0" yaku="21,2,7,1,53,0" doraHai="130" doraHaiUra="78" who="0" fromWho="1" sc="313,49,258,-39,254,0,165,0" /><INIT seed="4,0,0,1,4,33" ten="362,219,254,165" oya="0" hai0="28,9,86,106,40,130,73,62,50,128,105,70,52" hai1="64,91,99,134,16,104,120,35,19,36,96,65,3" hai2="113,123,118,21,84,87,66,119,115,39,97,135,85" hai3="127,95,101,61,22,53,47,37,80,69,59,15,6"/><T58/><D73/><U111/><E111/><V114/><F39/><W48/><G127/><T57/><D28/><U124/><E120/><V10/><F66/><W5/><G69/><T121/><D121/><U7/><E35/><V12/><F123/><W129/><G37/><T26/><D26/><U2/><E36/><V94/><F21/><W131/><G80/><T38/><D9/><U4/><E91/><V110/><F110/><W90/><G101/><T107/><D86/><U122/><E122/><V117/><F12/><W74/><G74/><T1/><D1/><U55/><E55/><V79/><F10/><W49/><G48/><T112/><D112/><U109/><E109/><V133/><F79/><W63/><G63/><T24/><D24/><U44/><E104/><V75/><F75/><W102/><G102/><AGARI ba="0,0" hai="84,85,87,94,97,102,113,114,115,117,118,119,133,135" machi="102" ten="60,12000,2" yaku="29,2,15,1,12,1,34,3" doraHai="33" who="2" fromWho="3" sc="362,0,219,0,254,120,165,-120" /><INIT seed="5,0,0,2,3,31" ten="362,219,374,45" oya="1" hai0="130,90,66,92,52,61,79,110,49,131,51,85,76" hai1="55,73,26,65,111,121,96,23,56,135,88,126,117" hai2="133,134,93,18,32,70,94,7,125,22,46,112,77" hai3="12,62,54,99,71,123,64,91,59,67,58,3,114"/><U109/><E117/><V36/><F70/><W132/><G3/><T82/><D110/><N who="1" m="41995" /><E121/><V27/><F125/><W45/><G123/><T48/><D79/><U129/><E73/><V17/><F7/><W115/><G12/><T10/><D10/><U101/><E126/><V6/><F6/><W127/><G127/><T19/><D19/><N who="1" m="12671" /><E65/><V63/><F63/><N who="3" m="40351" /><G91/><T9/><D9/><U41/><E41/><V42/><F77/><W40/><G99/><T98/><REACH who="0" step="1"/><D52/><REACH who="0" ten="352,219,374,45" step="2"/><U84/><E55/><V83/><F17/><W103/><G132/><T39/><D39/><U16/><E135/><V20/><F133/><W25/><G54/><T105/><D105/><U0/><E16/><V14/><F134/><W15/><G40/><T4/><D4/><U104/><E0/><V113/><F14/><W5/><G15/><T47/><D47/><U1/><E1/><V33/><F18/><W97/><G45/><T38/><D38/><U57/><E129/><V53/><F53/><W35/><G5/><T122/><D122/><U75/><E75/><V30/><F46/><W86/><G67/><T72/><D72/><U119/><E119/><V108/><F42/><W11/><G11/><T124/><D124/><U13/><E13/><V102/><F36/><W29/><G115/><T128/><D128/><U2/><E2/><V24/><F108/><W60/><G114/><T28/><D28/><U100/><E101/><V68/><F30/><W120/><G120/><T50/><N who="0" m="12288" /><DORA hai="8" /><T107/><D107/><U87/><E88/><V37/><F112/><W78/><G29/><T106/><D106/><RYUUKYOKU ba="0,1" sc="352,15,219,15,374,-15,45,-15" hai0="61,66,76,82,85,90,92,98,130,131" hai1="56,57,84,87,96,100,104" /><INIT seed="5,1,1,5,1,70" ten="367,234,359,30" oya="1" hai0="30,16,86,24,33,60,54,59,68,106,133,73,52" hai1="102,36,44,46,118,51,67,110,87,95,72,83,2" hai2="5,124,53,42,71,63,21,19,18,22,97,15,96" hai3="7,114,91,12,32,121,48,74,100,98,31,115,69"/><U23/><E118/><V123/><F123/><W127/><G121/><T34/><D73/><U117/><E117/><V40/><F5/><W10/><G127/><T90/><D106/><U128/><E2/><V4/><F4/><W14/><G69/><T47/><D133/><U37/><E67/><V88/><F124/><W38/><G74/><T132/><D132/><U89/><E128/><V28/><F28/><W111/><G111/><T17/><D34/><U9/><E9/><V92/><F97/><W56/><G91/><T77/><D77/><U61/><E61/><V64/><REACH who="2" step="1"/><F53/><REACH who="2" ten="367,234,349,30" step="2"/><W116/><G38/><T3/><D3/><U78/><E110/><V85/><F85/><W101/><G116/><T1/><D1/><U81/><E23/><V26/><AGARI ba="1,2" hai="15,18,19,21,22,26,40,42,63,64,71,88,92,96" machi="26" ten="20,8000,1" yaku="1,1,0,1,7,1,54,1,53,1" doraHai="70" doraHaiUra="84" who="2" fromWho="2" sc="367,-21,234,-41,349,103,30,-21" /><INIT seed="6,0,0,4,0,56" ten="346,193,452,9" oya="2" hai0="16,50,14,41,100,47,58,98,105,12,17,88,9" hai1="101,32,33,135,72,55,122,6,110,90,68,118,84" hai2="27,133,1,107,106,51,3,57,78,132,83,29,52" hai3="2,75,97,130,128,45,134,125,129,28,62,102,87"/><V24/><F1/><W15/><G2/><T126/><D126/><U124/><E72/><V10/><F10/><W82/><G28/><T127/><D127/><U59/><E68/><V60/><F3/><W23/><G125/><T77/><D77/><U76/><E76/><V63/><F106/><N who="3" m="63823" /><G134/><N who="2" m="51817" /><F107/><W117/><G117/><T114/><D114/><U49/><E118/><V89/><F89/><N who="3" m="51447" /><G75/><T4/><D14/><U13/><E13/><V25/><F29/><W46/><G62/><T40/><D40/><U64/><E135/><V34/><F34/><W37/><G37/><T103/><D103/><U11/><E101/><V116/><F116/><W36/><G36/><T30/><D30/><U38/><E38/><V119/><F119/><W104/><G104/><T20/><D20/><U54/><E33/><V86/><AGARI ba="0,0" hai="24,25,27,51,52,57,60,63,78,83,86" m="51817" machi="86" ten="30,11700,0" yaku="20,1,52,2,54,1" doraHai="56" who="2" fromWho="2" sc="346,-39,193,-39,452,117,9,-39" owari="307,10.7,154,-24.6,569,66.9,-30,-53.0" /></mjloggm>