<mjloggm ver="2.3"><GO type="169" lobby="0"/><UN n0="%E7%88%86%E5%BC%BE%E4%BA%94%E9%83%8E%EF%BC%92" n1="%70%6F%6E%2D%65%6E" n2="%E6%84%9B%E3%81%AF%E6%AD%A3%E7%BE%A9" n3="%E3%82%AB%E3%83%AB%E3%83%94%E3%82%B9%E3%82%B5%E3%83%AF%E3%83%BC" dan="17,16,16,17" rate="2192.86,2138.05,2108.66,2199.42" sx="M,F,F,M"/><TAIKYOKU oya="0"/><INIT seed="0,0,0,5,2,114" ten="250,250,250,250" oya="0" hai0="21,41,72,100,37,112,58,106,68,40,74,111,39" hai1="132,48,71,125,12,130,102,110,18,15,45,51,46" hai2="97,67,42,122,128,54,92,61,75,109,57,96,43" hai3="91,87,1,55,85,16,101,108,94,89,129,19,29"/><T34/><D58/><U103/><E71/><V118/><F122/><W77/><G1/><T66/><D21/><U90/><E110/><V80/><F109/><W32/><G108/><T88/><D111/><U23/><E125/><V60/><F128/><W127/><G129/><T124/><D112/><U133/><E130/><V70/><F97/><W20/><G127/><T131/><D124/><U107/><E107/><V62/><F62/><W7/><G7/><T65/><D131/><U4/><E90/><V14/><F14/><W38/><G38/><T49/><D49/><U47/><E4/><V9/><F9/><W81/><G32/><T104/><D100/><U93/><E12/><V53/><F53/><W44/><G101/><T26/><D26/><U64/><E64/><V50/><F61/><W98/><G29/><T59/><D59/><U2/><E2/><V33/><F33/><W24/><G19/><T120/><D120/><U76/><E76/><V115/><F115/><W99/><REACH who="3" step="1"/><G77/><REACH who="3" ten="250,250,250,240" step="2"/><T11/><D34/><U69/><E103/><V73/><F70/><W10/><G10/><T83/><D11/><U126/><E69/><V30/><F30/><W79/><G79/><T84/><D68/><U0/><E0/><V28/><F28/><W27/><G27/><T25/><D25/><U5/><E5/><V95/><F75/><W105/><G105/><T135/><D104/><U117/><E126/><V119/><F73/><W116/><G116/><T31/><D106/><U56/><E117/><V3/><F3/><W78/><G78/><T121/><D72/><U63/><E102/><RYUUKYOKU ba="0,1" sc="250,-10,250,-10,250,-10,240,30" hai3="16,20,24,44,55,81,85,87,89,91,94,98,99" /><INIT seed="1,1,1,1,3,58" ten="240,240,240,270" oya="1" hai0="99,33,112,86,31,76,81,124,111,73,100,30,51" hai1="77,57,106,28,62,24,9,78,113,61,85,20,8" hai2="56,120,40,127,83,130,19,26,44,12,117,68,34" hai3="38,118,63,80,43,6,45,23,121,72,42,131,36"/><U74/><E113/><V52/><F120/><W70/><G121/><T18/><D112/><U109/><E74/><V116/><F130/><W65/><G23/><T128/><D128/><U47/><E106/><V133/><F68/><W98/><G131/><T14/><D124/><U7/><E109/><V64/><F127/><W55/><G118/><T125/><D111/><U66/><E47/><V1/><F64/><W11/><G98/><T46/><D33/><U132/><E132/><V15/><F1/><N who="3" m="463" /><G55/><T27/><D27/><U126/><E126/><V53/><F133/><W10/><G10/><T108/><D73/><U84/><E62/><V29/><F83/><W105/><G42/><T114/><D114/><U94/><E8/><V35/><F35/><W16/><G16/><T89/><D76/><U54/><E66/><V60/><F53/><W115/><G115/><T50/><D50/><U69/><E69/><V107/><F107/><W25/><G25/><T4/><D4/><U135/><E135/><V102/><F102/><W122/><G122/><T2/><D2/><U79/><REACH who="1" step="1"/><E94/><REACH who="1" ten="240,230,240,270" step="2"/><V97/><F117/><W22/><G105/><T32/><D108/><U88/><E88/><V17/><F116/><W110/><G110/><T119/><D119/><U49/><E49/><V92/><F44/><W48/><G48/><T13/><D125/><U82/><E82/><V91/><F40/><W0/><G80/><T103/><D81/><U41/><E41/><V87/><F92/><W134/><G134/><T95/><D95/><U93/><E93/><N who="2" m="54527" /><F97/><W3/><G72/><T21/><D99/><RYUUKYOKU ba="1,2" sc="240,-15,230,15,240,15,270,-15" hai1="7,9,20,24,28,54,57,61,77,78,79,84,85" hai2="12,15,17,19,26,29,34,52,56,60" /><INIT seed="1,2,2,1,4,29" ten="225,245,255,255" oya="1" hai0="119,101,43,90,75,127,48,31,88,37,112,59,27" hai1="98,30,68,77,26,104,18,118,47,107,94,61,78" hai2="10,32,100,120,114,135,123,1,126,38,130,44,116" hai3="9,42,87,16,128,111,20,66,84,80,71,91,96"/><U34/><E118/><V46/><RYUUKYOKU type="yao9" ba="2,2" sc="225,0,245,0,255,0,255,0" hai2="1,10,32,38,44,46,100,114,116,120,123,126,130,135" /><INIT seed="1,3,2,1,3,1" ten="225,245,255,255" oya="1" hai0="40,115,131,70,33,55,68,84,107,110,108,89,50" hai1="43,128,5,75,97,125,46,130,45,20,90,12,133" hai2="3,77,95,100,63,64,120,91,66,4,52,51,127" hai3="94,112,35,103,39,129,31,28,99,111,93,8,109"/><U113/><E113/><V81/><F120/><W59/><G112/><T73/><D73/><U44/><E75/><V82/><F127/><W122/><G122/><T23/><D33/><U126/><E43/><V14/><F100/><W83/><G39/><T37/><D107/><U102/><E90/><V47/><F3/><W61/><G129/><N who="1" m="49770" /><E20/><V36/><F36/><W132/><G132/><T105/><D105/><N who="1" m="63695" /><E12/><V92/><F92/><W85/><G93/><N who="0" m="54439" /><D115/><U17/><E17/><V49/><F49/><W114/><G114/><T117/><D117/><U24/><E24/><V96/><F77/><N who="3" m="46319" /><G35/><T7/><D23/><U32/><E32/><V78/><F78/><W116/><G116/><T124/><D124/><N who="1" m="47723" /><E5/><V87/><F96/><W62/><G8/><T76/><D76/><U34/><E34/><V79/><F79/><W9/><G9/><T29/><D7/><U104/><E104/><V21/><F4/><W27/><G27/><T48/><D29/><U72/><E72/><V135/><F14/><W119/><G119/><T10/><D10/><U15/><E15/><V57/><F21/><W38/><G28/><T22/><D22/><U6/><E6/><V60/><F135/><AGARI ba="3,2" hai="44,45,46,133,135" m="47723,63695,49770" machi="135" ten="40,12000,1" yaku="30,2,19,1,18,1" doraHai="1" who="1" fromWho="2" sc="225,0,245,149,255,-129,255,0" /><INIT seed="1,4,0,2,0,127" ten="225,394,126,255" oya="1" hai0="52,96,67,87,45,11,60,135,32,65,130,126,115" hai1="7,107,121,84,123,91,80,4,71,119,22,113,10" hai2="58,9,36,33,129,8,3,98,85,55,50,46,15" hai3="16,116,49,99,54,81,79,21,125,18,57,56,26"/><U102/><E71/><V17/><F33/><W19/><G125/><T14/><D32/><U39/><E39/><V38/><F98/><W104/><G116/><T132/><D126/><U95/><E7/><V68/><F68/><W47/><G104/><T90/><D96/><U134/><E22/><V89/><F129/><W41/><G99/><T82/><D115/><U6/><E6/><V88/><F89/><W120/><G120/><T83/><D83/><U105/><E10/><V77/><F77/><W73/><REACH who="3" step="1"/><G57/><REACH who="3" ten="225,394,126,245" step="2"/><T48/><D135/><U117/><E134/><V20/><F3/><W30/><G30/><T94/><D132/><U24/><E117/><V42/><REACH who="2" step="1"/><F36/><AGARI ba="4,1" hai="16,18,19,21,26,36,41,47,49,54,56,73,79,81" machi="36" ten="30,3900,0" yaku="1,1,7,1,54,1,53,0" doraHai="127" doraHaiUra="86" who="3" fromWho="2" sc="225,0,394,0,126,-51,245,61" /><INIT seed="2,0,0,0,1,55" ten="225,394,75,306" oya="2" hai0="82,101,23,30,118,76,48,59,61,70,77,69,115" hai1="15,45,64,75,5,6,88,81,84,114,16,112,25" hai2="85,43,67,56,17,116,129,51,4,21,37,10,94" hai3="99,31,95,13,3,106,89,7,29,120,58,12,53"/><V60/><F116/><W63/><G120/><T87/><D115/><U1/><E1/><V49/><F129/><W132/><G132/><T34/><D34/><U14/><E75/><V47/><F4/><W108/><G108/><T130/><D130/><U92/><E114/><V22/><F10/><W105/><G3/><T109/><D109/><U113/><E113/><V107/><F107/><W79/><G105/><T35/><D35/><U19/><E25/><V33/><F33/><W128/><G128/><T38/><D38/><U9/><E112/><V110/><F110/><W122/><G122/><T133/><D133/><U32/><E32/><V74/><F74/><W54/><G106/><T93/><D77/><N who="1" m="46127" /><E45/><V127/><F127/><W68/><G68/><T20/><D48/><U134/><E64/><V24/><REACH who="2" step="1"/><F21/><REACH who="2" ten="225,394,65,306" step="2"/><W126/><G126/><T83/><D20/><N who="1" m="11287" /><E134/><V44/><F44/><W65/><G7/><T91/><D118/><U72/><E72/><V46/><F46/><W28/><G79/><T2/><D76/><U62/><E5/><V41/><F41/><W123/><G123/><T121/><D121/><U39/><E6/><V98/><F98/><W80/><G80/><T117/><D117/><U66/><E9/><V78/><F78/><W100/><G99/><N who="0" m="59631" /><D83/><U111/><E111/><V8/><F8/><W57/><G95/><T103/><D2/><U119/><E92/><V73/><F73/><W42/><G42/><T131/><D131/><U86/><E119/><V104/><F104/><W50/><G100/><T40/><D40/><U102/><E102/><V125/><F125/><RYUUKYOKU ba="0,1" sc="225,-10,394,-10,65,30,306,-10" hai2="17,22,24,37,43,47,49,51,56,60,67,85,94" /><INIT seed="2,1,1,0,5,92" ten="215,384,95,296" oya="2" hai0="86,7,16,100,11,117,127,69,76,133,35,3,46" hai1="112,78,13,107,105,123,50,91,61,89,47,25,41" hai2="27,33,125,128,94,56,5,45,110,21,19,116,96" hai3="36,44,87,103,101,10,30,52,99,23,98,14,55"/><V90/><F116/><W70/><G70/><T93/><D69/><U97/><E112/><V29/><F128/><W88/><G36/><T15/><D35/><U122/><E78/><V66/><F125/><W102/><G23/><T6/><D127/><U130/><E130/><V83/><F5/><W68/><G30/><T18/><D133/><U22/><E13/><V39/><F110/><W4/><G68/><T38/><D117/><U67/><E61/><V60/><F83/><N who="3" m="49279" /><G44/><T48/><D38/><U81/><E67/><V84/><F39/><W65/><G65/><T26/><D3/><U134/><E81/><V126/><F126/><W79/><G79/><T118/><D118/><U58/><E58/><V9/><F9/><W129/><G129/><T12/><D26/><U64/><E64/><V131/><F131/><W95/><G99/><N who="0" m="59503" /><D86/><U20/><E20/><V53/><F45/><W113/><G113/><T49/><D76/><U24/><E24/><V120/><F120/><N who="1" m="46121" /><E134/><V72/><F72/><W59/><G55/><T111/><D46/><U0/><E0/><V135/><F135/><W121/><G121/><T63/><D111/><U80/><E80/><V43/><F43/><W62/><AGARI ba="1,1" hai="4,10,14,52,59,62,95,98,101,102,103" m="49279" machi="62" ten="30,7900,0" yaku="8,1,52,1,54,2" doraHai="92" who="3" fromWho="3" sc="215,-21,384,-21,95,-40,296,92" /><INIT seed="3,0,0,5,0,50" ten="194,363,55,388" oya="3" hai0="2,90,73,67,13,47,131,32,89,33,101,61,133" hai1="8,62,31,103,91,113,3,96,12,77,66,78,74" hai2="94,19,99,82,114,106,49,135,28,132,122,56,11" hai3="57,22,60,70,21,121,20,125,25,6,104,123,84"/><W124/><G70/><T41/><D2/><U23/><E113/><V10/><F114/><W126/><G104/><T30/><D73/><U46/><E91/><V9/><F122/><W54/><G6/><T48/><D133/><U64/><E46/><V92/><F28/><W17/><REACH who="3" step="1"/><G84/><REACH who="3" ten="194,363,55,378" step="2"/><T86/><D86/><U128/><E74/><V7/><F106/><W115/><G115/><T16/><D131/><U24/><E128/><V29/><F135/><W37/><G37/><T108/><D33/><U112/><E112/><V52/><F132/><W80/><G80/><T38/><D38/><U40/><E3/><V130/><F130/><W65/><G65/><T45/><D67/><U39/><E66/><V110/><F82/><W87/><G87/><T15/><D32/><U1/><E1/><V71/><F71/><W85/><G85/><T58/><D41/><U97/><E40/><V51/><F94/><W4/><G4/><T111/><D111/><U109/><E39/><V129/><F129/><W69/><G69/><T53/><D108/><U0/><E0/><V95/><F110/><W35/><G35/><T117/><D117/><U27/><E109/><V81/><F81/><W34/><G34/><T63/><D30/><U5/><E31/><V76/><F29/><W75/><G75/><T42/><D42/><U107/><E64/><V116/><F7/><W14/><G14/><T72/><D13/><U127/><E12/><V119/><F92/><W93/><G93/><T68/><D68/><U98/><E107/><V18/><F95/><W118/><G118/><T134/><D72/><RYUUKYOKU ba="0,1" sc="194,-10,363,-10,55,-10,378,30" hai3="17,20,21,22,25,54,57,60,121,123,124,125,126" /><INIT seed="3,1,1,1,1,30" ten="184,353,45,408" oya="3" hai0="99,97,88,40,43,100,67,61,112,32,131,38,110" hai1="117,105,66,135,31,116,57,74,103,102,93,87,132" hai2="81,2,36,106,4,8,76,46,118,51,126,85,90" hai3="56,41,101,11,48,19,37,75,45,27,28,44,50"/><W109/><G75/><T21/><D110/><U121/><E121/><V15/><F118/><N who="1" m="45673" /><E74/><V72/><F126/><W73/><G73/><T54/><D131/><U108/><E108/><V104/><F36/><W25/><G109/><T125/><D125/><U129/><E129/><V69/><F69/><W5/><G101/><N who="1" m="38410" /><E105/><V10/><F72/><W124/><G124/><T107/><D112/><U34/><E93/><V62/><F62/><W123/><G123/><T89/><D54/><U122/><E87/><V29/><F29/><W60/><G19/><T83/><D21/><U119/><E122/><V63/><F63/><W98/><G98/><T95/><D38/><U120/><E120/><V47/><F47/><W24/><G28/><T13/><D13/><U80/><E80/><V55/><REACH who="2" step="1"/><F76/><REACH who="2" ten="184,353,35,408" step="2"/><W39/><G37/><T16/><D61/><U1/><E119/><V86/><F86/><W58/><G60/><T49/><D97/><U91/><E57/><V33/><F33/><W78/><G78/><T59/><D32/><U6/><E31/><V23/><F23/><W14/><REACH who="3" step="1"/><G39/><REACH who="3" ten="184,353,35,398" step="2"/><T7/><D99/><U26/><E34/><V134/><F134/><W35/><G35/><T17/><D107/><U68/><E135/><V0/><F0/><W71/><G71/><T70/><D70/><U22/><E132/><V115/><F115/><W42/><AGARI ba="1,3" hai="5,11,14,24,25,27,41,42,44,45,48,50,56,58" machi="42" ten="30,18000,2" yaku="1,1,0,1,9,1,8,1,53,2" doraHai="30" doraHaiUra="53" who="3" fromWho="3" sc="184,-61,353,-61,35,-61,398,213" owari="123,-27.7,292,9.2,-26,-52.6,611,71.1" /></mjloggm>