<mjloggm ver="2.3"><GO type="169" lobby="0"/><UN n0="%53%69%6C%65%6E%54" n1="%45%6C%66%51%75%65%65%6E" n2="%4A%4B%E3%81%97%E3%82%8D%E3%81%BE%E3%82%8B" n3="%E3%81%8B%E3%81%8F%E3%82%8D%E3%82%80" dan="16,16,16,18" rate="2163.97,2015.39,2115.45,2240.83" sx="F,F,F,M"/><TAIKYOKU oya="0"/><INIT seed="0,0,0,1,3,59" ten="250,250,250,250" oya="0" hai0="70,84,60,53,47,118,85,66,9,90,30,17,124" hai1="103,5,100,42,63,73,20,96,107,2,1,92,43" hai2="97,130,133,131,95,16,83,109,117,12,39,27,48" hai3="51,106,6,77,7,134,34,24,94,35,68,105,74"/><T4/><D118/><U110/><E73/><V81/><F39/><W93/><G68/><T57/><D124/><U76/><E76/><V99/><F117/><W132/><G77/><T22/><D30/><U123/><E123/><V46/><F27/><W21/><G74/><T55/><D47/><U52/><E110/><V50/><F133/><W61/><G51/><T135/><D135/><U72/><E72/><V41/><F109/><W25/><REACH who="3" step="1"/><G21/><REACH who="3" ten="250,250,250,240" step="2"/><T11/><D70/><U64/><E20/><N who="2" m="11271" /><F50/><W115/><G115/><T37/><D37/><U114/><E114/><V58/><F58/><W67/><G67/><T98/><D66/><U40/><E64/><V65/><F65/><W28/><G28/><T122/><D57/><U116/><E116/><V0/><F48/><W82/><G82/><T26/><D22/><U69/><E69/><V31/><F83/><W18/><G18/><T113/><D17/><U75/><E5/><V119/><F81/><W38/><G38/><T86/><D4/><U127/><E75/><V19/><F31/><W87/><G87/><T56/><D86/><U3/><E96/><V129/><F119/><W101/><G101/><T15/><D98/><N who="2" m="37386" /><F19/><W120/><G120/><T13/><D122/><U89/><E103/><V125/><F131/><W79/><G79/><T32/><D56/><N who="1" m="35207" /><E100/><V45/><F130/><W104/><G104/><T14/><D113/><U78/><E78/><V23/><F23/><W62/><AGARI ba="0,1" hai="6,7,24,25,34,35,61,62,93,94,105,106,132,134" machi="62" ten="25,12000,2" yaku="1,1,0,1,22,2,52,2,53,0" doraHai="59" doraHaiUra="10" who="3" fromWho="3" sc="250,-60,250,-30,250,-30,240,130" /><INIT seed="1,0,0,3,1,111" ten="190,220,220,370" oya="1" hai0="43,114,31,80,92,84,0,32,98,73,87,7,60" hai1="70,2,8,4,71,68,47,58,78,107,46,77,38" hai2="37,3,67,28,79,48,113,86,122,88,110,21,121" hai3="56,25,93,61,96,100,19,29,15,33,45,123,10"/><U1/><E107/><V112/><F37/><W57/><G123/><T129/><D129/><U83/><E1/><V103/><F110/><W108/><G108/><T102/><D60/><U125/><E125/><V42/><F3/><W91/><G45/><T52/><D43/><U65/><E77/><V81/><F103/><W41/><G41/><T119/><D119/><U16/><E58/><V44/><F67/><W62/><G57/><T12/><D52/><U9/><E65/><V127/><F127/><W14/><G14/><T124/><D12/><U69/><N who="1" m="17408" /><DORA hai="94" /><U59/><E59/><V40/><F40/><W116/><G116/><T72/><D31/><U101/><E101/><V27/><REACH who="2" step="1"/><F79/><REACH who="2" ten="190,220,210,370" step="2"/><W55/><REACH who="3" step="1"/><G100/><REACH who="3" ten="190,220,210,360" step="2"/><T75/><D102/><U130/><E2/><V133/><F133/><W106/><G106/><T50/><D0/><U26/><E130/><V120/><AGARI ba="0,2" hai="21,27,28,42,44,48,81,86,88,112,113,120,121,122" machi="120" ten="40,12000,2" yaku="1,1,0,1,52,2,54,1,53,1" doraHai="111,94" doraHaiUra="54,23" who="2" fromWho="2" sc="190,-30,220,-60,210,140,360,-30" /><INIT seed="2,0,0,4,3,57" ten="160,160,350,330" oya="2" hai0="132,85,90,45,134,38,99,3,106,18,131,61,95" hai1="26,27,65,51,96,46,66,1,121,128,20,14,76" hai2="127,68,19,52,87,125,94,92,60,124,23,59,12" hai3="119,48,29,11,109,7,39,86,25,5,129,72,24"/><V22/><F68/><W73/><G39/><T114/><D3/><U126/><E1/><V4/><F4/><W70/><G70/><T100/><D114/><U49/><E126/><V32/><F32/><W33/><G119/><T117/><D117/><U107/><E128/><V122/><F122/><W56/><G129/><T130/><D18/><U47/><E76/><V55/><F55/><W21/><G5/><T36/><D36/><U16/><E121/><V110/><F110/><W80/><G48/><T105/><D105/><U77/><E77/><V6/><F6/><W115/><G56/><T43/><REACH who="0" step="1"/><D61/><REACH who="0" ten="150,160,350,330" step="2"/><U71/><E107/><V8/><F94/><W116/><G115/><T123/><D123/><U62/><E96/><V111/><F111/><W103/><G109/><T67/><D67/><U75/><E66/><V10/><F10/><W30/><G116/><T133/><AGARI ba="0,1" hai="38,43,45,85,90,95,99,100,106,130,131,132,133,134" machi="133" ten="40,5200,0" yaku="1,1,0,1,20,1,53,0" doraHai="57" doraHaiUra="15" who="0" fromWho="0" sc="150,62,160,-13,350,-26,330,-13" /><INIT seed="3,0,0,3,1,101" ten="212,147,324,317" oya="3" hai0="62,106,127,46,130,97,11,104,38,122,7,23,103" hai1="87,49,27,98,88,125,126,84,70,110,14,5,73" hai2="17,34,107,117,72,129,96,61,118,8,45,50,133" hai3="54,1,58,60,99,39,75,111,68,86,51,16,77"/><W128/><G128/><T32/><D32/><U52/><E73/><V109/><F72/><W74/><G111/><T43/><D130/><U76/><E70/><V134/><F34/><W41/><G1/><T18/><D122/><U10/><E27/><V135/><F129/><W123/><G123/><T56/><D127/><N who="1" m="48651" /><E76/><V121/><F121/><W64/><G99/><T115/><D115/><U13/><E13/><N who="2" m="7335" /><F109/><W120/><G120/><T82/><D82/><U124/><N who="1" m="48659" /><U31/><DORA hai="132" /><E31/><V55/><F61/><W42/><G42/><T9/><D7/><U26/><E26/><V71/><F71/><W24/><G77/><T80/><D80/><U108/><E98/><V67/><F67/><W4/><G4/><T30/><D30/><U131/><E131/><V90/><F90/><W15/><G24/><T35/><D97/><U112/><E112/><V0/><F0/><W53/><G86/><N who="1" m="32810" /><E88/><V2/><F2/><W66/><G75/><T6/><D103/><AGARI ba="0,0" hai="45,50,55,96,103,107,117,118,133,134,135" m="7335" machi="103" ten="30,2000,0" yaku="20,1,52,1" doraHai="101,132" who="2" fromWho="0" sc="212,-20,147,0,324,20,317,0" /><INIT seed="4,0,0,2,4,92" ten="192,147,344,317" oya="0" hai0="24,23,30,111,102,6,100,86,12,5,13,115,93" hai1="17,96,79,58,87,114,135,78,37,105,42,124,68" hai2="1,113,75,27,85,7,98,132,104,25,55,35,107" hai3="76,46,134,97,0,8,43,128,133,60,4,21,120"/><T33/><D115/><U80/><E68/><V18/><F75/><W94/><G76/><T48/><D111/><U108/><E108/><V70/><F70/><W47/><G128/><T36/><D36/><U10/><E135/><N who="3" m="51722" /><G120/><T118/><D118/><U40/><E124/><V32/><F18/><W66/><G21/><T19/><D13/><U67/><E114/><V110/><F55/><W59/><G43/><T62/><D62/><U127/><E127/><V57/><F57/><W106/><G106/><T126/><D126/><U16/><E78/><V121/><F85/><W63/><G63/><T131/><D131/><U73/><E73/><V95/><F1/><W101/><AGARI ba="0,0" hai="0,4,8,46,47,59,60,66,94,97,101" m="51722" machi="101" ten="30,2000,0" yaku="20,1,52,1" doraHai="92" who="3" fromWho="3" sc="192,-10,147,-5,344,-5,317,20" /><INIT seed="5,0,0,1,5,2" ten="182,142,339,337" oya="1" hai0="96,107,33,24,47,4,103,55,52,71,68,72,21" hai1="83,121,133,46,29,50,85,36,114,25,56,48,69" hai2="119,30,101,35,122,95,129,127,26,3,60,15,43" hai3="58,7,76,132,40,131,120,105,90,109,135,128,106"/><U39/><E114/><V66/><F119/><W112/><G120/><T73/><D33/><U130/><E121/><V74/><F3/><W31/><G109/><T93/><D107/><N who="3" m="40969" /><G112/><T110/><D110/><U124/><E133/><N who="3" m="51274" /><G76/><T104/><D104/><U11/><E130/><N who="3" m="49706" /><G90/><T64/><D73/><U118/><E118/><V62/><F74/><W75/><G75/><T117/><D72/><U12/><E69/><V80/><F80/><W99/><G99/><T9/><D117/><U89/><E56/><V49/><F101/><W88/><G31/><T38/><D68/><U34/><E124/><V113/><F127/><W14/><G40/><T18/><D71/><U32/><E34/><V16/><F122/><W42/><G42/><T13/><REACH who="0" step="1"/><D64/><REACH who="0" ten="172,142,339,337" step="2"/><U82/><E83/><V123/><F66/><W91/><G58/><T78/><D78/><U61/><E61/><V0/><F62/><W5/><G14/><T28/><D28/><U100/><E100/><V70/><F15/><W87/><G91/><T27/><D27/><U59/><E59/><V92/><F26/><W37/><G37/><T94/><D94/><AGARI ba="0,1" hai="5,7,87,88,94" m="49706,51274,40969" machi="94" ten="40,8000,1" yaku="20,1,19,1,52,2,54,1" doraHai="2" who="3" fromWho="0" sc="172,-80,142,0,339,0,337,90" /><INIT seed="6,0,0,4,3,48" ten="92,142,339,427" oya="2" hai0="123,128,81,132,92,91,104,5,44,133,87,54,62" hai1="69,122,51,13,119,120,39,8,89,111,117,63,55" hai2="72,94,66,108,101,61,135,22,126,73,0,78,57" hai3="83,34,100,27,107,45,114,12,41,112,86,79,6"/><V70/><F0/><W58/><G58/><T84/><D123/><N who="1" m="47147" /><E89/><V21/><F135/><N who="0" m="51786" /><D5/><N who="1" m="3215" /><E39/><V24/><F126/><W35/><G100/><T17/><D17/><U97/><E97/><V9/><F9/><N who="3" m="4151" /><G107/><T127/><D104/><U59/><E111/><V99/><F108/><W53/><G53/><T106/><D106/><U49/><E69/><V98/><F98/><W102/><G27/><T75/><D75/><U116/><AGARI ba="0,0" hai="49,51,55,59,63,116,117,119" m="3215,47147" machi="116" ten="40,2700,0" yaku="13,1,52,1" doraHai="48" who="1" fromWho="1" sc="92,-7,142,27,339,-13,427,-7" /><INIT seed="7,0,0,1,0,28" ten="85,169,326,420" oya="3" hai0="70,75,2,54,101,11,27,109,19,122,110,64,17" hai1="12,77,35,127,40,102,43,112,106,87,47,6,61" hai2="44,53,93,88,85,21,74,84,130,62,103,22,24" hai3="116,18,38,63,90,86,113,108,66,104,94,107,131"/><W132/><G38/><T95/><D122/><U123/><E35/><V8/><F130/><W111/><G116/><T13/><D75/><U7/><E123/><V76/><F74/><W78/><G113/><T23/><D54/><U69/><E112/><V105/><F105/><W133/><G18/><T82/><D82/><U52/><E127/><V80/><F103/><W26/><G26/><T57/><D70/><U14/><E106/><N who="3" m="40490" /><G78/><T0/><D57/><N who="1" m="34983" /><E102/><V36/><F36/><W30/><G30/><T34/><D64/><U98/><E98/><V25/><F8/><W41/><G41/><N who="1" m="15946" /><E69/><V42/><F42/><W37/><G37/><T119/><D119/><U3/><E3/><V83/><F83/><W31/><G31/><T46/><D46/><U89/><E47/><V16/><F62/><W135/><G131/><T121/><D121/><U118/><E77/><V45/><REACH who="2" step="1"/><F53/><REACH who="2" ten="85,169,316,420" step="2"/><W9/><G9/><T56/><D56/><AGARI ba="0,1" hai="56,63,66,86,90,94,108,111,132,133,135" m="40490" machi="56" ten="40,2000,0" yaku="20,1" doraHai="28" who="3" fromWho="0" sc="85,-20,169,0,316,0,420,30" owari="65,-43.5,169,-23.1,316,11.6,450,55.0" /></mjloggm>