<mjloggm ver="2.3"><GO type="169" lobby="0"/><UN n0="%E3%81%95%E3%81%8F%E3%82%88%E3%81%93%E3%81%A1%E3%82%83%E3%82%93" n1="%E3%81%BE%E3%82%86%E3%81%92" n2="%E3%81%8B%E3%81%AA%E3%81%8D%E3%83%BC" n3="%E8%B6%85%E6%94%BB%E6%92%83%E9%BA%BB%E9%9B%80" dan="16,16,17,16" rate="2067.35,2115.61,2220.55,2155.53" sx="M,M,F,M"/><TAIKYOKU oya="0"/><INIT seed="0,0,0,5,2,63" ten="250,250,250,250" oya="0" hai0="130,126,55,49,33,0,100,64,26,134,27,40,102" hai1="105,88,75,53,131,69,56,109,46,106,113,35,66" hai2="119,37,132,97,129,50,107,80,7,90,91,74,99" hai3="21,104,18,122,70,44,45,41,52,2,5,85,72"/><T25/><D0/><U1/><E1/><V110/><F37/><W10/><G72/><T101/><D130/><U62/><E35/><V28/><F7/><W125/><G125/><T108/><D126/><U120/><E120/><V121/><F121/><W13/><G122/><T16/><D134/><U81/><E131/><V8/><F8/><W87/><G104/><T67/><D33/><U84/><E113/><V79/><F28/><W32/><G70/><T89/><D108/><U115/><E115/><V65/><F129/><W98/><G98/><T12/><D89/><U42/><E109/><V96/><F107/><W30/><G44/><N who="0" m="28071" /><D40/><U95/><E75/><V135/><F110/><W112/><G112/><T54/><D54/><U118/><E118/><V6/><F6/><W127/><G127/><T48/><D48/><U3/><E3/><V39/><F39/><N who="3" m="21695" /><G52/><T78/><D78/><U34/><E34/><V103/><F103/><W9/><G9/><AGARI ba="0,0" hai="9,12,16,25,26,27,64,67,100,101,102" m="28071" machi="9" ten="30,11600,0" yaku="8,1,52,2,54,1" doraHai="63" who="0" fromWho="3" sc="250,116,250,0,250,0,250,-116" /><INIT seed="0,1,0,1,1,52" ten="366,250,250,134" oya="0" hai0="28,66,45,73,30,13,67,99,74,10,36,135,12" hai1="62,84,9,23,110,134,83,107,126,68,31,2,48" hai2="55,101,14,112,118,129,111,100,81,22,5,82,39" hai3="26,16,3,133,91,29,4,60,87,75,96,127,113"/><T108/><D135/><U21/><E107/><V124/><F112/><W44/><G75/><T95/><D108/><U8/><E134/><V90/><F39/><W56/><G113/><T15/><D36/><U33/><E126/><V49/><F129/><W104/><G133/><T116/><D116/><U54/><E33/><V43/><F43/><W53/><G127/><T61/><D45/><U7/><E9/><V97/><F111/><W69/><G4/><T89/><D10/><U115/><E115/><V65/><F65/><W35/><G3/><T80/><D67/><U106/><E106/><V63/><F63/><W11/><G69/><T114/><D114/><U64/><E31/><V117/><F5/><W131/><G131/><T25/><D80/><N who="2" m="30826" /><F124/><W79/><G79/><T70/><REACH who="0" step="1"/><D28/><REACH who="0" ten="356,250,250,134" step="2"/><U109/><E109/><V51/><F118/><W125/><G44/><T121/><D121/><U76/><E110/><V105/><F117/><W6/><G125/><T27/><D27/><U47/><AGARI ba="1,1" hai="2,7,8,21,23,47,48,54,62,64,68,76,83,84" machi="47" ten="20,1500,0" yaku="0,1,7,1" doraHai="52" who="1" fromWho="1" sc="356,-8,250,28,250,-5,134,-5" /><INIT seed="1,0,0,5,2,66" ten="348,278,245,129" oya="1" hai0="124,91,87,119,49,90,42,110,104,107,54,93,89" hai1="83,62,77,113,88,53,128,59,130,44,97,60,39" hai2="111,46,33,96,30,10,106,122,108,114,105,134,132" hai3="52,1,31,16,14,129,120,103,86,32,22,115,61"/><U28/><E113/><V43/><F10/><W11/><G115/><T112/><D110/><N who="2" m="42026" /><F114/><W41/><G120/><T48/><D112/><U3/><E3/><V78/><F78/><W17/><G129/><N who="1" m="49770" /><E28/><V58/><F58/><W56/><G41/><T45/><D124/><U84/><E39/><N who="2" m="21887" /><F122/><W47/><G47/><T125/><D125/><U118/><E118/><V123/><F123/><W76/><G103/><T121/><D119/><U27/><E27/><N who="2" m="18655" /><F96/><W29/><G32/><T74/><D121/><U35/><E35/><V70/><F70/><W23/><G1/><T101/><D74/><U135/><E135/><AGARI ba="0,0" hai="105,106,132,134,135" m="18655,21887,42026" machi="135" ten="30,3900,0" yaku="20,1,14,1,23,1" doraHai="66" who="2" fromWho="1" sc="348,0,278,-39,245,39,129,0" /><INIT seed="2,0,0,3,0,33" ten="348,239,284,129" oya="2" hai0="104,73,56,37,115,110,24,52,134,99,118,112,122" hai1="77,113,46,29,16,106,96,12,40,81,21,43,18" hai2="7,109,117,103,38,57,42,84,39,89,63,80,101" hai3="135,25,28,123,88,68,108,45,98,111,4,93,3"/><V0/><F117/><W47/><G123/><T54/><D122/><U48/><E113/><V102/><F109/><N who="3" m="42059" /><G68/><T86/><D73/><U87/><E29/><V67/><REACH who="2" step="1"/><F42/><REACH who="2" ten="348,239,274,129" step="2"/><W36/><G135/><T15/><D134/><U59/><E43/><V126/><F126/><W121/><G121/><T34/><D118/><U22/><E106/><V92/><F92/><W119/><G119/><T114/><D104/><U124/><E124/><V130/><F130/><W58/><G36/><T35/><D37/><U64/><E96/><V8/><AGARI ba="0,1" hai="0,7,8,38,39,57,63,67,80,84,89,101,102,103" machi="8" ten="30,6000,0" yaku="1,1,0,1,52,1,53,0" doraHai="33" doraHaiUra="91" who="2" fromWho="2" sc="348,-20,239,-20,274,70,129,-20" /><INIT seed="2,1,0,3,0,11" ten="328,219,344,109" oya="2" hai0="123,105,1,98,133,93,129,76,47,80,24,18,21" hai1="101,128,12,82,8,65,131,69,37,96,81,88,99" hai2="74,62,54,92,109,89,97,95,46,121,86,78,57" hai3="36,71,38,6,60,66,116,125,103,117,130,32,14"/><V16/><F121/><W79/><G125/><T13/><D123/><U108/><E37/><V75/><F109/><W5/><G130/><N who="1" m="49706" /><E65/><V59/><F78/><W4/><G79/><T112/><D112/><U118/><E69/><V9/><F59/><W28/><G103/><T83/><D1/><U25/><E25/><V51/><F95/><W50/><G50/><T23/><D105/><U27/><E27/><V30/><F30/><W100/><G100/><T34/><D129/><U107/><E118/><V45/><F97/><W120/><G120/><T53/><D133/><U10/><E10/><V70/><F70/><W48/><G48/><N who="0" m="28831" /><D76/><U0/><E0/><V35/><F35/><W67/><G28/><N who="0" m="17439" /><D34/><U72/><E72/><V3/><F46/><W122/><G32/><T43/><D43/><U44/><E44/><V61/><F61/><W90/><G122/><T102/><AGARI ba="1,0" hai="13,18,21,80,83,93,98,102" m="17439,28831" machi="102" ten="30,2000,0" yaku="8,1,52,1" doraHai="11" who="0" fromWho="0" sc="328,23,219,-6,344,-11,109,-6" /><INIT seed="3,0,0,0,4,45" ten="351,213,333,103" oya="3" hai0="122,95,110,33,29,17,90,37,0,6,3,87,78" hai1="10,98,133,109,79,89,66,57,107,96,114,27,88" hai2="28,46,132,14,94,23,4,117,81,73,47,92,108" hai3="61,80,131,82,76,40,103,119,42,105,48,69,111"/><W55/><G119/><T77/><D122/><U124/><E114/><V106/><F106/><W19/><G131/><T38/><D110/><U35/><E109/><V135/><F117/><W93/><G111/><T126/><D126/><U85/><E124/><V112/><F112/><W58/><G105/><T11/><D0/><U120/><E120/><V13/><F108/><W104/><G104/><T63/><D63/><U84/><E133/><V2/><F2/><W101/><G69/><T91/><D91/><U1/><E79/><V30/><F73/><W50/><G19/><T54/><D17/><U9/><E107/><V65/><F81/><N who="3" m="31339" /><G76/><T5/><D5/><U113/><E113/><V41/><F4/><W116/><G116/><T97/><D77/><U7/><E10/><V8/><F8/><W127/><G127/><T123/><D123/><U67/><E85/><V25/><F30/><W53/><G61/><T31/><D31/><U134/><E134/><V56/><F135/><W64/><G64/><T52/><D29/><N who="1" m="19903" /><E89/><V129/><F132/><W70/><G70/><T128/><D33/><U16/><E16/><V125/><F125/><W49/><G93/><T60/><D128/><U24/><E24/><V99/><F94/><W83/><N who="3" m="31347" /><W115/><DORA hai="15" /><G115/><T100/><D78/><U20/><E20/><V68/><F68/><W118/><G118/><T26/><D26/><U21/><E21/><V34/><F34/><W121/><G121/><T32/><D32/><U102/><E67/><V36/><F65/><W12/><G12/><T22/><D95/><N who="1" m="54663" /><E102/><N who="3" m="38922" /><G58/><T74/><D74/><RYUUKYOKU ba="0,0" sc="351,-15,213,15,333,-15,103,15" hai1="1,7,9,57,66,96,98" hai3="40,42,48,49,50,53,55" /><INIT seed="3,1,0,4,0,109" ten="336,228,318,118" oya="3" hai0="42,80,9,58,77,81,8,93,102,41,103,113,56" hai1="55,48,54,133,64,59,97,90,71,0,110,73,62" hai2="85,117,106,131,43,5,61,53,67,74,76,105,66" hai3="108,27,29,118,20,101,11,14,26,116,69,52,22"/><W98/><G69/><T114/><REACH who="0" step="1"/><D93/><REACH who="0" ten="326,228,318,118" step="2"/><N who="1" m="56503" /><E73/><V24/><F74/><W107/><G108/><T100/><D100/><U120/><E110/><V12/><F106/><W3/><G3/><T123/><D123/><U47/><E0/><V65/><F105/><W32/><G32/><T79/><AGARI ba="1,1" hai="8,9,41,42,56,58,77,79,80,81,102,103,113,114" machi="79" ten="25,12000,2" yaku="21,2,0,1,22,2,52,2,53,0" doraHai="109" doraHaiUra="10" who="0" fromWho="0" sc="326,133,228,-31,318,-31,118,-61" /><INIT seed="4,0,0,3,4,13" ten="459,197,287,57" oya="0" hai0="22,133,122,16,48,59,114,73,37,27,103,28,82" hai1="72,18,17,15,126,119,30,51,56,108,71,84,118" hai2="11,115,10,46,96,62,34,64,85,91,53,95,67" hai3="44,65,130,87,58,75,5,81,14,31,98,110,123"/><T105/><D37/><U70/><E72/><V60/><F115/><W0/><G110/><T86/><D73/><U88/><E108/><V79/><F34/><W121/><G0/><T25/><D122/><U94/><E30/><V101/><F79/><W45/><G75/><T20/><D114/><U50/><E126/><V63/><F53/><W134/><G134/><T132/><D103/><U54/><E51/><V36/><F46/><W131/><G31/><T66/><D105/><U120/><E120/><N who="3" m="46154" /><G98/><T29/><D29/><U33/><E33/><V90/><F90/><W47/><G5/><T49/><D66/><N who="2" m="25130" /><F36/><W7/><G7/><T6/><D6/><U55/><E55/><V8/><F85/><W1/><G1/><T78/><D59/><U128/><E128/><N who="3" m="49194" /><G14/><T57/><D57/><U38/><E38/><V109/><F109/><W127/><G87/><T129/><D129/><U24/><E24/><V42/><F101/><W104/><G81/><T40/><D40/><AGARI ba="0,0" hai="8,10,11,40,42,60,62,63,91,95,96" m="25130" machi="40" ten="40,1300,0" yaku="8,1" doraHai="13" who="2" fromWho="0" sc="459,-13,197,0,287,13,57,0" /><INIT seed="5,0,0,3,0,38" ten="446,197,300,57" oya="1" hai0="47,50,63,51,101,76,90,94,31,60,18,114,113" hai1="111,13,2,64,67,73,55,72,104,57,75,134,96" hai2="131,82,49,91,93,122,7,78,132,130,16,102,110" hai3="46,133,41,58,22,127,85,0,34,124,59,135,27"/><U19/><E2/><V108/><F7/><W92/><G34/><T24/><D101/><U40/><E134/><N who="3" m="51210" /><G0/><T53/><D18/><U121/><E121/><V23/><F102/><W68/><G27/><T86/><D76/><U26/><E26/><V81/><F122/><W43/><G22/><N who="0" m="15767" /><D51/><U116/><E116/><V21/><F49/><W12/><G12/><T44/><D44/><U4/><E4/><V33/><F33/><W35/><G35/><T52/><D53/><U30/><E30/><V71/><F71/><W56/><G85/><T118/><D118/><U99/><E111/><V117/><F117/><W48/><G92/><T77/><D77/><U120/><E120/><V15/><F23/><W66/><G43/><T62/><D114/><U1/><E1/><V29/><F29/><W103/><G103/><T20/><D113/><U107/><E40/><V87/><F132/><W17/><G17/><T65/><D20/><U88/><E99/><N who="2" m="57791" /><F82/><W36/><G36/><T105/><D105/><U129/><E129/><AGARI ba="0,0" hai="15,16,21,78,81,87,108,110,129,130,131" m="57791" machi="129" ten="30,2000,0" yaku="19,1,54,1" doraHai="38" who="2" fromWho="1" sc="446,0,197,-20,300,20,57,0" /><INIT seed="6,0,0,0,1,131" ten="446,177,320,57" oya="2" hai0="38,45,4,16,44,26,92,67,51,125,2,81,80" hai1="116,55,53,126,118,31,61,37,108,71,128,27,21" hai2="110,43,123,47,90,34,52,62,39,97,19,70,66" hai3="104,49,15,109,122,124,33,14,84,30,6,32,115"/><V88/><F123/><W103/><G104/><T3/><D125/><U0/><E37/><V77/><F34/><W12/><G103/><T17/><D67/><U75/><E75/><V28/><F28/><W7/><G84/><T35/><D35/><U102/><E0/><V42/><F110/><W105/><G49/><T91/><D38/><U99/><E108/><V20/><F43/><W132/><G105/><T121/><D45/><U9/><E128/><V113/><F113/><W22/><G109/><T79/><D26/><U64/><E126/><V101/><F77/><W48/><G48/><T94/><D81/><U117/><REACH who="1" step="1"/><E9/><REACH who="1" ten="446,167,320,57" step="2"/><V50/><F101/><W41/><G124/><T13/><D2/><U57/><E57/><N who="2" m="32919" /><F97/><W111/><G111/><T8/><D3/><U60/><E60/><V100/><F100/><W114/><G122/><T18/><D79/><U56/><E56/><V107/><F107/><AGARI ba="0,1" hai="21,27,31,53,55,61,64,71,99,102,107,116,117,118" machi="107" ten="40,1300,0" yaku="1,1,53,0" doraHai="131" doraHaiUra="1" who="1" fromWho="2" sc="446,0,167,23,320,-13,57,0" /><INIT seed="7,0,0,1,4,129" ten="446,190,307,57" oya="3" hai0="69,127,55,106,90,58,80,116,59,131,51,24,35" hai1="64,107,114,29,103,99,20,3,19,98,120,65,52" hai2="126,42,118,45,17,44,13,50,121,117,123,96,60" hai3="101,113,68,40,71,108,54,57,112,15,0,38,9"/><W67/><G0/><T133/><D69/><U46/><E120/><N who="2" m="46155" /><F126/><W26/><G101/><T88/><D116/><U77/><E77/><V128/><F128/><W30/><G108/><T72/><D106/><U83/><E3/><V105/><F60/><W43/><G68/><T91/><D131/><U66/><E83/><V94/><F45/><W53/><G53/><T23/><D35/><U33/><E33/><V87/><F87/><W104/><G104/><T135/><D127/><U78/><E78/><V22/><F105/><W8/><G8/><T130/><D130/><U81/><E81/><V62/><F62/><W100/><G100/><AGARI ba="0,0" hai="13,17,22,42,44,50,94,96,100,117,118" m="46155" machi="100" ten="30,1000,0" yaku="13,1" doraHai="129" who="2" fromWho="3" sc="446,0,190,0,307,10,57,-10" owari="446,54.6,190,-21.0,317,11.7,47,-45.3" /></mjloggm>