<mjloggm ver="2.3"><GO type="169" lobby="0"/><UN n0="%74%65%63%68%74%6F" n1="%E4%B8%89%E6%B2%B3%E5%B1%8B%E3%81%AE%E3%82%B5%E3%83%96" n2="%E3%83%A9%E3%83%B3%E3%82%B0%E3%83%A9" n3="%E3%81%9B%E3%81%A9%E3%81%AA%E3%82%8A%E3%81%82%E3%82%93" dan="17,16,16,17" rate="2178.06,2142.96,2070.91,2177.48" sx="M,M,M,F"/><TAIKYOKU oya="0"/><INIT seed="0,0,0,5,0,101" ten="250,250,250,250" oya="0" hai0="68,124,79,11,26,60,80,133,90,87,98,102,67" hai1="46,65,55,70,89,106,105,121,122,57,18,34,43" hai2="123,99,24,130,116,12,135,132,69,72,28,7,63" hai3="109,110,88,13,95,113,84,32,50,134,49,52,76"/><T10/><D124/><U54/><E34/><V62/><F72/><W9/><G113/><T74/><D133/><U73/><E73/><V77/><F123/><W38/><G38/><T45/><D45/><U25/><E89/><V37/><F37/><W8/><G32/><T58/><D68/><U104/><E70/><V64/><F77/><W15/><G76/><T131/><D131/><U35/><E65/><V86/><F130/><W6/><G134/><T126/><D26/><U96/><E96/><V33/><F116/><W14/><G49/><T82/><REACH who="0" step="1"/><D126/><REACH who="0" ten="240,250,250,250" step="2"/><U31/><E122/><V97/><F135/><W83/><G83/><T118/><D118/><U47/><E121/><V39/><F132/><W5/><REACH who="3" step="1"/><G13/><REACH who="3" ten="240,250,250,240" step="2"/><T85/><D85/><U0/><E0/><V4/><F12/><W40/><G40/><T42/><D42/><U41/><E41/><V78/><F86/><W94/><G94/><AGARI ba="0,2" hai="10,11,58,60,67,74,79,80,82,87,90,94,98,102" machi="94" ten="30,2900,0" yaku="1,1,7,1,53,0" doraHai="101" doraHaiUra="21" who="0" fromWho="3" sc="240,49,250,0,250,0,240,-29" /><INIT seed="0,1,0,4,2,98" ten="289,250,250,211" oya="0" hai0="128,110,6,47,125,132,80,117,123,89,95,16,105" hai1="32,82,85,58,8,20,37,21,88,69,75,7,9" hai2="26,4,25,108,119,35,73,126,17,97,96,64,29" hai3="18,106,2,129,40,5,52,39,24,55,19,93,14"/><T54/><D117/><U70/><E32/><V43/><F73/><W3/><G106/><T91/><D123/><U27/><E37/><V127/><F64/><W133/><G129/><T62/><D128/><U33/><E33/><V50/><F119/><W68/><G68/><T102/><D6/><U31/><E75/><V118/><F118/><W124/><G133/><T114/><D114/><U92/><E69/><V131/><F131/><W34/><G124/><N who="2" m="47657" /><F4/><W99/><G40/><T116/><D116/><U60/><E70/><V103/><F108/><W41/><G41/><T115/><D115/><U51/><E51/><V49/><F43/><W66/><G66/><T122/><D132/><U101/><E21/><N who="2" m="13487" /><F96/><W46/><G39/><T74/><D122/><U23/><E23/><V1/><F1/><W48/><G55/><T112/><D112/><U53/><E7/><V113/><F113/><W134/><G134/><T63/><D110/><U87/><REACH who="1" step="1"/><E101/><REACH who="1" ten="289,240,250,211" step="2"/><V45/><F45/><W15/><G5/><T61/><D125/><U42/><E42/><V59/><F59/><W0/><G34/><T13/><D102/><U90/><AGARI ba="1,1" hai="8,9,20,27,31,53,58,60,82,85,87,88,90,92" machi="90" ten="20,12000,2" yaku="1,1,0,1,7,1,8,1,54,1,53,1" doraHai="98" doraHaiUra="57" who="1" fromWho="1" sc="289,-61,240,133,250,-31,211,-31" /><INIT seed="1,0,0,3,3,4" ten="228,373,219,180" oya="1" hai0="43,14,91,32,44,135,15,18,94,45,40,61,21" hai1="103,16,7,97,115,20,33,19,126,120,34,80,99" hai2="54,110,107,25,64,85,104,79,87,84,123,88,31" hai3="10,0,38,122,71,81,2,37,98,49,68,23,26"/><U29/><E115/><V36/><F123/><W51/><G122/><T100/><D32/><U27/><E120/><V39/><F110/><W92/><G81/><T5/><D100/><U96/><E126/><V128/><F128/><W134/><G134/><T52/><D135/><U102/><E7/><V121/><F121/><W77/><G77/><T119/><D119/><U41/><E41/><V46/><F64/><W74/><G74/><T69/><D69/><U114/><E114/><V78/><F54/><W59/><G59/><T109/><D109/><U13/><E33/><V93/><F46/><W108/><G108/><T127/><D127/><U3/><E3/><V76/><F107/><W12/><G2/><T60/><D45/><U82/><E19/><V67/><F67/><W1/><G1/><T8/><D52/><U6/><E6/><V35/><REACH who="2" step="1"/><F104/><REACH who="2" ten="228,373,209,180" step="2"/><W129/><G129/><T111/><D111/><U106/><E97/><AGARI ba="0,1" hai="25,31,35,36,39,76,78,79,84,85,87,88,93,97" machi="97" ten="40,5200,0" yaku="1,1,2,1,54,1,53,0" doraHai="4" doraHaiUra="117" who="2" fromWho="1" sc="228,0,373,-52,209,62,180,0" /><INIT seed="2,0,0,3,4,51" ten="228,321,271,180" oya="2" hai0="13,119,96,106,9,100,91,37,131,41,72,104,94" hai1="28,81,29,23,8,87,60,112,65,55,53,92,107" hai2="111,108,85,114,86,10,124,34,129,49,68,35,42" hai3="67,38,93,36,120,14,62,113,98,22,20,128,115"/><V110/><F114/><N who="3" m="43531" /><G120/><T105/><D131/><U97/><E107/><V59/><F68/><N who="3" m="42103" /><G128/><T32/><D32/><N who="2" m="12330" /><F129/><W17/><G20/><T57/><D37/><U134/><E134/><V24/><F124/><W27/><G27/><T71/><D41/><U52/><E112/><V117/><F117/><W11/><G11/><T125/><D71/><U99/><E8/><V30/><F10/><W15/><G15/><T73/><D125/><U78/><E23/><N who="2" m="15647" /><F42/><W132/><G132/><T75/><D57/><N who="1" m="37007" /><E99/><V54/><AGARI ba="0,0" hai="49,54,59,85,86,108,110,111" m="15647,12330" machi="54" ten="40,7800,0" yaku="14,1,10,1,52,1" doraHai="51" who="2" fromWho="2" sc="228,-26,321,-26,271,78,180,-26" /><INIT seed="2,1,0,4,2,37" ten="202,295,349,154" oya="2" hai0="19,68,116,80,12,54,126,91,27,113,96,46,59" hai1="86,98,112,109,7,40,73,25,78,18,121,92,8" hai2="5,77,93,106,129,4,130,128,125,58,52,97,123" hai3="94,110,131,22,72,32,119,69,87,105,14,133,47"/><V48/><F123/><W114/><RYUUKYOKU type="yao9" ba="1,0" sc="202,0,295,0,349,0,154,0" hai3="14,22,32,47,69,72,87,94,105,110,114,119,131,133" /><INIT seed="2,2,0,1,3,40" ten="202,295,349,154" oya="2" hai0="78,13,134,48,126,58,92,36,4,18,135,107,82" hai1="130,79,9,1,97,119,74,99,41,106,15,31,59" hai2="16,7,52,88,91,81,122,26,67,66,61,69,23" hai3="104,125,50,132,98,100,121,14,44,109,19,0,6"/><V71/><F122/><W12/><G121/><T72/><D107/><U64/><E119/><V5/><F67/><W110/><G125/><T83/><D36/><U32/><E130/><V2/><F71/><W68/><G68/><T24/><D126/><U73/><E1/><V46/><F2/><W128/><G128/><T47/><D58/><U30/><E41/><V87/><REACH who="2" step="1"/><F91/><REACH who="2" ten="202,295,339,154" step="2"/><W133/><G0/><T17/><D135/><U29/><E32/><V70/><F70/><W35/><G132/><T120/><D134/><U56/><E64/><V33/><F33/><W55/><G35/><T57/><D120/><U108/><E108/><V63/><F63/><W27/><G133/><T28/><D72/><U3/><E3/><V103/><F103/><W60/><G60/><T42/><D13/><U76/><E73/><V45/><F45/><W51/><G12/><T123/><D47/><U86/><E74/><V127/><F127/><W53/><G14/><T80/><D123/><U117/><E15/><V39/><F39/><W89/><G89/><T116/><D116/><U10/><E117/><V95/><F95/><W8/><G6/><T112/><D4/><U94/><E94/><V54/><F54/><W93/><G93/><T22/><D92/><U20/><E106/><V34/><F34/><W43/><G55/><T111/><D111/><U115/><E59/><V38/><F38/><W102/><G102/><T101/><D101/><U113/><E56/><V62/><F62/><W84/><G109/><T118/><D118/><U65/><E65/><V11/><F11/><W85/><G110/><RYUUKYOKU ba="2,1" sc="202,-10,295,-10,339,30,154,-10" hai2="5,7,16,23,26,46,52,61,66,69,81,87,88" /><INIT seed="2,3,1,5,2,95" ten="192,285,369,144" oya="2" hai0="34,108,96,110,124,104,117,56,98,54,79,66,81" hai1="90,17,114,131,62,53,61,25,58,20,71,82,19" hai2="70,119,46,92,78,28,74,121,52,8,64,101,87" hai3="103,26,77,57,30,100,29,125,63,41,72,42,36"/><V65/><F119/><W134/><G125/><T112/><D112/><U18/><E114/><V88/><F121/><W0/><G0/><T97/><D34/><U38/><E38/><V115/><F115/><W6/><G6/><T23/><D124/><U4/><E131/><V130/><F130/><W106/><G134/><T89/><D66/><U102/><E71/><V85/><F74/><W80/><G36/><T68/><D68/><U107/><E4/><V48/><F28/><W49/><G49/><T94/><D117/><U69/><E69/><V35/><F35/><W59/><G29/><T99/><D23/><U22/><E107/><V45/><F70/><W31/><G30/><T128/><D128/><U9/><E102/><V43/><F101/><W33/><G59/><T40/><D40/><U116/><E116/><V44/><F8/><W10/><G10/><T16/><D16/><N who="1" m="6251" /><E9/><V75/><F75/><W14/><G14/><T7/><D7/><U76/><E76/><V32/><F32/><W111/><G111/><N who="0" m="42539" /><D104/><U67/><E20/><V27/><F27/><W39/><G39/><T120/><D120/><U122/><E122/><V123/><F123/><W24/><G24/><T47/><D47/><N who="2" m="17994" /><F43/><W11/><G11/><T135/><D135/><U55/><E61/><V2/><F2/><W83/><G42/><T132/><D132/><U21/><E21/><V91/><F78/><N who="3" m="44103" /><G41/><T3/><D3/><U126/><E126/><V73/><F73/><N who="3" m="43439" /><G106/><T129/><D129/><U5/><E5/><V51/><F51/><W12/><G12/><T60/><D79/><U37/><E37/><RYUUKYOKU ba="3,1" sc="192,0,285,0,369,0,144,0" hai0="54,56,60,81,89,94,96,97,98,99" hai1="19,22,25,53,55,58,62,67,82,90" hai2="46,48,52,64,65,85,87,88,91,92" hai3="26,31,33,57,63,100,103" /><INIT seed="2,4,1,4,5,59" ten="192,285,369,144" oya="2" hai0="24,119,107,116,19,26,0,96,30,6,80,83,103" hai1="29,114,5,32,100,133,120,28,132,55,131,135,91" hai2="74,2,17,18,10,95,60,16,27,61,88,84,78" hai3="105,68,43,35,92,23,104,87,118,89,79,130,39"/><V34/><F74/><W77/><G35/><T97/><D19/><N who="2" m="7242" /><F2/><W90/><G23/><T108/><D108/><U125/><E114/><V113/><F34/><W22/><G22/><T37/><D37/><U98/><E120/><V93/><F113/><W56/><G68/><T54/><D97/><U126/><E5/><V44/><F78/><N who="3" m="29707" /><G56/><T72/><D54/><U65/><E65/><V109/><F109/><W71/><G43/><T106/><D106/><N who="3" m="41065" /><G71/><T13/><D72/><U64/><E91/><N who="2" m="53479" /><F44/><W15/><G15/><T3/><D13/><U122/><E122/><V115/><F115/><W50/><G50/><T128/><D128/><U41/><E131/><V121/><F121/><W110/><G39/><T1/><D6/><U51/><E64/><V57/><F57/><W117/><G110/><T48/><D48/><U33/><E41/><V134/><F134/><W99/><G130/><T47/><D47/><N who="1" m="28159" /><E32/><V112/><F112/><W31/><G31/><N who="1" m="11850" /><E33/><V62/><F10/><W4/><G4/><T124/><D30/><U123/><E123/><V9/><F9/><W42/><G42/><T101/><D0/><U49/><E49/><V7/><F7/><W66/><G66/><T67/><D67/><U11/><E11/><V40/><F40/><W76/><N who="3" m="29715" /><W63/><DORA hai="46" /><G63/><T8/><D8/><U129/><E129/><V82/><F18/><W58/><G58/><T53/><D1/><U94/><AGARI ba="4,1" hai="94,98,100,125,126,132,133,135" m="11850,28159" machi="94" ten="40,2700,0" yaku="20,1,52,1" doraHai="59,46" who="1" fromWho="1" sc="192,-11,285,49,369,-17,144,-11" /><INIT seed="3,0,0,4,1,120" ten="181,334,352,133" oya="3" hai0="43,109,24,21,46,106,42,29,108,62,31,71,133" hai1="2,102,67,81,27,12,14,132,6,9,64,84,110" hai2="47,96,59,51,83,135,32,74,68,60,33,61,7" hai3="103,8,86,126,94,90,19,45,75,122,95,85,123"/><W28/><G75/><T116/><D116/><U54/><E110/><N who="0" m="42601" /><D133/><U20/><E132/><V11/><F135/><W15/><G126/><T101/><D31/><U18/><E102/><V56/><F68/><W117/><G117/><T13/><D13/><U119/><E119/><V80/><F96/><W40/><G28/><T10/><D10/><U131/><E131/><V69/><F69/><W17/><G17/><T113/><D113/><U112/><E112/><V34/><F74/><W66/><G66/><N who="0" m="41431" /><D46/><U115/><E115/><V99/><F11/><W16/><G19/><T37/><D37/><U4/><E2/><V79/><F7/><W55/><G55/><T25/><D25/><U111/><E111/><V77/><F47/><W1/><G1/><T50/><D50/><U114/><E114/><V0/><F51/><W49/><REACH who="3" step="1"/><G103/><REACH who="3" ten="181,334,352,123" step="2"/><T124/><D124/><U98/><E54/><V105/><F0/><W41/><G41/><T82/><D82/><U134/><E134/><V107/><F80/><W121/><G121/><T5/><D5/><U63/><E4/><V23/><F83/><W118/><G118/><T128/><D128/><U130/><E130/><V48/><F33/><W93/><G93/><T76/><D76/><N who="1" m="46119" /><E12/><V36/><F34/><W53/><G53/><T104/><D101/><U26/><E26/><V97/><F32/><W57/><G57/><T92/><D92/><U78/><E78/><V127/><F127/><W91/><AGARI ba="0,1" hai="8,15,16,40,45,49,85,86,90,91,94,95,122,123" machi="91" ten="30,12000,1" yaku="1,1,0,1,9,1,54,1,53,1" doraHai="120" doraHaiUra="38" who="3" fromWho="3" sc="181,-40,334,-40,352,-40,123,130" /><INIT seed="3,1,0,3,2,22" ten="141,294,312,253" oya="3" hai0="80,53,39,49,38,37,111,2,73,42,59,60,78" hai1="81,123,105,18,135,83,27,104,113,54,75,1,112" hai2="9,127,7,6,133,24,68,95,89,26,114,34,103" hai3="13,31,99,94,52,92,134,106,28,84,40,56,107"/><W119/><G119/><T5/><D111/><U19/><E1/><V61/><F114/><W51/><G134/><T97/><D97/><U46/><E46/><V71/><F133/><W0/><G0/><T69/><D69/><U108/><E54/><V43/><F34/><W17/><G40/><T121/><D121/><U87/><E87/><V128/><F128/><W48/><G48/><T110/><D110/><U44/><E44/><V125/><F103/><W3/><G3/><T62/><REACH who="0" step="1"/><D42/><REACH who="0" ten="131,294,312,253" step="2"/><U32/><E123/><V10/><F43/><W47/><G106/><T15/><D15/><U74/><E108/><V20/><F71/><W109/><G109/><T117/><D117/><U33/><REACH who="1" step="1"/><E135/><REACH who="1" ten="131,284,312,253" step="2"/><V101/><F127/><W86/><G107/><T23/><D23/><U65/><E65/><V122/><F125/><W130/><G52/><T88/><D88/><U116/><E116/><V4/><F89/><W132/><G132/><T93/><D93/><U79/><E79/><V76/><F76/><W21/><G92/><T66/><D66/><U77/><E77/><V55/><F122/><W41/><G94/><T25/><D25/><AGARI ba="1,2" hai="18,19,25,27,32,33,74,75,81,83,104,105,112,113" machi="25" ten="25,12000,2" yaku="1,1,22,2,52,2,53,2" doraHai="22" doraHaiUra="100" who="1" fromWho="0" sc="131,-123,284,143,312,0,253,0" /><INIT seed="4,0,0,4,5,115" ten="8,427,312,253" oya="0" hai0="59,34,134,62,26,93,28,106,1,2,120,98,121" hai1="112,95,77,86,94,96,68,103,88,49,102,110,0" hai2="54,64,36,92,80,30,32,19,48,75,128,33,73" hai3="45,43,129,89,18,58,72,83,24,84,61,105,10"/><T27/><D106/><U122/><E0/><V66/><F36/><W3/><G105/><T71/><D71/><U135/><E68/><V15/><F128/><W52/><G129/><T29/><D29/><U11/><E11/><V90/><F32/><W46/><G72/><T4/><D93/><U50/><E110/><V101/><F101/><W53/><G3/><T67/><D98/><N who="1" m="59735" /><E122/><V70/><F30/><W82/><G82/><T39/><D39/><U40/><E135/><V118/><F33/><W81/><G81/><T127/><D27/><U13/><E13/><V117/><F80/><W114/><G114/><T47/><D1/><U14/><E14/><V126/><F126/><W8/><G53/><T111/><D47/><N who="1" m="25831" /><E112/><V35/><F35/><W6/><G6/><T107/><D107/><U41/><E77/><V100/><F100/><W7/><G7/><T51/><D51/><U131/><E131/><V133/><F133/><W123/><G123/><T44/><D134/><U38/><E38/><V31/><F31/><W132/><G132/><T55/><D127/><U69/><E69/><V113/><F113/><W99/><G99/><T87/><D111/><U130/><E130/><V119/><F70/><W57/><G57/><T76/><D76/><U23/><E23/><N who="2" m="11775" /><F73/><W104/><G104/><T74/><D74/><U78/><E78/><V116/><F75/><W20/><REACH who="3" step="1"/><G45/><REACH who="3" ten="8,427,312,243" step="2"/><T65/><D87/><U108/><E108/><V60/><F119/><W22/><G22/><T79/><D79/><U9/><E9/><V109/><F109/><W63/><G63/><T12/><D121/><RYUUKYOKU ba="0,1" sc="8,-10,427,-10,312,-10,243,30" hai3="8,10,18,20,24,43,46,52,58,61,83,84,89" owari="-2,-50.2,427,52.7,302,10.2,273,-12.7" /></mjloggm>