<mjloggm ver="2.3"><GO type="169" lobby="0"/><UN n0="%E3%81%B5%E3%82%8D%E3%82%93" n1="%31%32%33%34%E7%AD%89%E5%80%99" n2="%E3%83%95%E3%82%AF%E3%83%AD%E3%82%A6%E3%82%B5%E3%83%B3" n3="%E3%81%BF%E3%81%8B%E3%82%93%EF%BC%A0%E3%82%8F%E3%81%8B%E3%82%81%E3%81%A6" dan="17,17,17,16" rate="2211.64,2169.20,2177.78,2142.93" sx="M,M,M,M"/><TAIKYOKU oya="0"/><INIT seed="0,0,0,2,4,37" ten="250,250,250,250" oya="0" hai0="16,41,101,11,53,46,89,14,102,90,67,40,130" hai1="38,129,5,124,25,79,87,12,78,6,33,119,0" hai2="61,3,47,93,70,66,44,48,45,29,120,63,34" hai3="28,51,50,22,92,74,135,21,99,1,126,100,114"/><T68/><D130/><U118/><E38/><V110/><F3/><W88/><G114/><T69/><D69/><U75/><E0/><V106/><F106/><W36/><G135/><T72/><D72/><U8/><E75/><V43/><F120/><W111/><G111/><T19/><D68/><U131/><E87/><V125/><F110/><W23/><G126/><T121/><D67/><U104/><E104/><V35/><F125/><W117/><G117/><N who="1" m="44554" /><E124/><V108/><F108/><W13/><G1/><T105/><D121/><U132/><E79/><V52/><F29/><W115/><G115/><T94/><D105/><U26/><E78/><V91/><F63/><W60/><G36/><T24/><D53/><U97/><E97/><V76/><F76/><W55/><G74/><T84/><D90/><U107/><E107/><V30/><F30/><W15/><G28/><T123/><D123/><U98/><E98/><V86/><REACH who="2" step="1"/><F43/><REACH who="2" ten="250,250,240,250" step="2"/><N who="0" m="16458" /><D46/><AGARI ba="0,1" hai="34,35,44,45,46,47,48,52,61,66,70,86,91,93" machi="46" ten="40,2600,0" yaku="1,1,54,1,53,0" doraHai="37" doraHaiUra="134" who="2" fromWho="0" sc="250,-26,250,0,240,36,250,0" /><INIT seed="1,0,0,3,4,109" ten="224,250,276,250" oya="1" hai0="90,92,104,58,9,116,131,101,91,84,24,46,1" hai1="128,108,63,95,93,0,10,97,77,82,110,17,8" hai2="4,117,86,71,120,107,38,88,123,52,53,43,85" hai3="68,51,27,100,118,45,133,113,124,31,102,73,74"/><U39/><E39/><V129/><F117/><W83/><G118/><T7/><D116/><U130/><E63/><V57/><F71/><W105/><G133/><T28/><D131/><N who="1" m="50219" /><E17/><V122/><F129/><W127/><G68/><T21/><D104/><U98/><E0/><V42/><F107/><W99/><G100/><T13/><D101/><N who="1" m="60591" /><E10/><V12/><F86/><W30/><G30/><T36/><D58/><U80/><E8/><V79/><F79/><W33/><G113/><T64/><D64/><U23/><E23/><V70/><F70/><W47/><G47/><T18/><D90/><N who="1" m="55671" /><E82/><V49/><F38/><W61/><G61/><T29/><D29/><U81/><E81/><V119/><F119/><W40/><G83/><T59/><D59/><U76/><E76/><V55/><F4/><W54/><G40/><N who="2" m="15401" /><F123/><W14/><G14/><T65/><D65/><U44/><E44/><V94/><F122/><W60/><G60/><T37/><REACH who="0" step="1"/><D46/><REACH who="0" ten="214,250,276,250" step="2"/><U69/><E69/><V6/><F120/><W112/><G45/><T78/><D78/><U115/><E115/><V67/><F67/><W3/><G112/><T75/><D75/><AGARI ba="0,1" hai="75,77,80,108,110" m="55671,60591,50219" machi="75" ten="30,5800,0" yaku="19,1,34,2" doraHai="109" who="1" fromWho="0" sc="214,-58,250,68,276,0,250,0" /><INIT seed="1,1,0,1,1,40" ten="156,318,276,250" oya="1" hai0="120,32,34,44,130,109,15,38,95,88,51,14,21" hai1="56,78,54,106,45,6,75,122,68,98,58,35,1" hai2="85,66,65,115,52,11,125,4,76,70,20,99,117" hai3="103,114,16,33,5,101,61,18,92,3,131,50,108"/><U135/><E122/><V26/><F117/><W91/><G114/><T104/><D104/><U9/><E135/><V39/><F115/><W124/><G108/><T105/><D105/><U41/><E35/><V69/><F125/><W74/><G74/><T57/><D109/><U80/><E68/><V8/><F39/><W83/><G33/><T53/><D130/><U13/><E13/><V31/><F70/><W119/><G131/><T42/><D120/><U129/><E129/><V126/><F126/><W48/><G124/><T90/><D90/><U94/><E106/><V25/><F69/><W72/><G61/><T132/><D132/><U46/><E54/><V128/><F99/><W22/><G18/><T7/><D15/><U112/><E112/><V47/><F25/><W134/><G5/><T2/><D2/><U60/><E60/><V59/><F128/><W36/><G3/><T49/><D38/><N who="1" m="21687" /><E46/><V84/><F47/><W77/><G36/><T12/><D12/><U55/><E55/><V81/><F85/><W93/><G134/><T37/><D37/><U102/><AGARI ba="1,0" hai="1,6,9,56,58,75,78,80,94,98,102" m="21687" machi="102" ten="30,3000,0" yaku="25,1,52,1" doraHai="40" who="1" fromWho="1" sc="156,-11,318,33,276,-11,250,-11" /><INIT seed="1,2,0,0,1,57" ten="145,351,265,239" oya="1" hai0="63,27,30,90,23,10,122,20,130,52,135,50,41" hai1="116,7,71,134,73,100,72,82,64,109,5,62,4" hai2="2,43,91,58,65,126,3,14,103,53,75,66,6" hai3="87,45,21,51,42,89,48,131,47,95,39,15,107"/><U29/><E116/><V105/><F75/><W78/><G131/><T115/><D115/><U94/><E109/><V86/><F126/><W124/><G124/><T13/><D130/><U36/><E36/><V133/><F133/><W113/><G107/><T18/><D135/><U74/><E134/><V60/><F43/><W61/><G113/><T35/><D122/><U80/><REACH who="1" step="1"/><E29/><REACH who="1" ten="145,341,265,239" step="2"/><V77/><F2/><W110/><G39/><T49/><D30/><U128/><E128/><V121/><F3/><W12/><G110/><T11/><D35/><U132/><E132/><V38/><F38/><W68/><G12/><T99/><D13/><U101/><E101/><V129/><F129/><W111/><G111/><T9/><D27/><U16/><E16/><V92/><F121/><W54/><G15/><T125/><D18/><U24/><E24/><V33/><F33/><W81/><G21/><T120/><D23/><U1/><E1/><V19/><F6/><W127/><G127/><T108/><D20/><U32/><E32/><V119/><F119/><W56/><G68/><T67/><D120/><U17/><E17/><V8/><REACH who="2" step="1"/><F77/><REACH who="2" ten="145,341,255,239" step="2"/><W85/><REACH who="3" step="1"/><G47/><REACH who="3" ten="145,341,255,229" step="2"/><T112/><D125/><U102/><E102/><V88/><F88/><W37/><AGARI ba="2,3" hai="37,42,45,48,51,54,56,61,78,81,85,87,89,95" machi="37" ten="20,8000,1" yaku="1,1,2,1,0,1,7,1,52,1,53,0" doraHai="57" doraHaiUra="34" who="3" fromWho="3" sc="145,-22,341,-42,255,-22,229,116" /><INIT seed="2,0,0,0,2,72" ten="123,299,233,345" oya="2" hai0="77,10,42,133,43,113,85,60,71,53,21,84,96" hai1="50,37,123,76,100,82,110,111,31,86,69,117,52" hai2="48,47,129,56,70,6,25,127,28,95,74,78,104" hai3="40,13,26,68,94,59,124,32,34,81,7,57,8"/><V83/><F129/><W132/><G68/><T45/><D113/><U64/><E117/><V38/><F127/><W134/><G124/><T19/><D133/><N who="3" m="51305" /><G40/><T98/><D10/><U107/><E37/><V101/><F70/><W58/><G26/><T89/><D77/><U22/><E123/><V87/><F6/><W126/><G126/><T108/><D108/><N who="1" m="41515" /><E107/><V106/><F56/><W1/><G94/><T128/><D128/><U18/><E100/><V36/><F106/><W119/><G119/><T51/><D71/><U54/><E31/><V102/><F104/><W27/><G27/><T130/><D130/><U20/><E18/><V9/><F9/><N who="3" m="2287" /><G81/><T29/><D29/><U11/><E11/><V121/><F121/><W65/><G65/><T105/><D43/><U75/><E54/><V3/><F3/><W2/><G2/><T66/><D42/><U30/><E30/><V15/><F15/><W23/><G23/><T35/><D35/><U0/><E0/><V24/><F24/><W116/><G116/><T92/><D105/><U112/><E112/><V14/><F14/><W88/><G32/><T79/><D21/><N who="1" m="8299" /><E64/><V80/><F102/><W115/><G115/><T44/><D66/><U125/><E69/><V63/><F63/><W135/><G135/><T39/><D19/><U49/><E125/><V103/><F103/><W91/><G34/><T41/><D60/><U99/><E50/><V55/><F25/><W67/><G67/><T73/><D96/><U97/><E75/><V118/><F118/><W33/><G33/><T62/><D62/><U4/><E4/><AGARI ba="0,0" hai="4,8,13,57,58,59,88,91" m="2287,51305" machi="4" ten="30,3900,0" yaku="6,1,20,1,54,1" doraHai="72" who="3" fromWho="1" sc="123,0,299,-39,233,0,345,39" /><INIT seed="3,0,0,3,1,34" ten="123,260,233,384" oya="3" hai0="73,7,125,53,114,28,69,100,55,18,12,38,13" hai1="16,9,76,2,47,104,29,19,17,37,1,95,85" hai2="0,79,68,78,21,6,124,94,31,51,80,33,30" hai3="135,107,120,11,25,99,74,98,48,84,77,97,45"/><W123/><G74/><T24/><D73/><U92/><E104/><V102/><F68/><W58/><G135/><T52/><D69/><U64/><E29/><V60/><F33/><W54/><G107/><T36/><D125/><U63/><E37/><V46/><F124/><W128/><G128/><T116/><D116/><U118/><E47/><V75/><F78/><W66/><G25/><T130/><D130/><U20/><E118/><V4/><F60/><W26/><G26/><T10/><D100/><U117/><E20/><V113/><F113/><W39/><G11/><T14/><D114/><U88/><E117/><V8/><F4/><W96/><N who="3" m="24576" /><DORA hai="133" /><W15/><G15/><T111/><D111/><U42/><E42/><V115/><F115/><W81/><REACH who="3" step="1"/><G66/><REACH who="3" ten="123,260,233,374" step="2"/><T41/><D13/><U57/><E9/><V131/><F131/><W59/><G59/><T93/><D14/><U5/><E5/><V121/><F102/><W32/><G32/><T72/><D72/><U112/><E112/><V109/><F8/><W23/><G23/><T106/><D106/><U122/><E122/><V56/><F21/><W134/><G134/><T22/><D7/><U91/><E76/><V127/><F79/><W70/><G70/><T27/><D27/><U50/><E91/><V89/><F89/><W110/><G110/><T40/><D10/><U35/><E35/><V105/><F109/><W129/><G129/><T82/><D24/><U108/><E108/><V3/><F6/><W132/><G132/><T83/><D28/><U49/><E95/><V90/><F94/><W44/><G44/><RYUUKYOKU ba="0,1" sc="123,-15,260,15,233,-15,374,15" hai1="1,2,16,17,19,49,50,57,63,64,85,88,92" hai3="39,45,48,54,58,77,81,84,120,123" /><INIT seed="3,1,1,1,2,46" ten="108,275,218,389" oya="3" hai0="54,131,36,30,108,69,89,0,112,2,86,78,80" hai1="9,106,31,33,90,128,118,83,103,84,56,21,119" hai2="74,102,50,26,75,43,127,71,23,65,96,14,104" hai3="37,133,62,134,39,105,124,129,38,81,40,95,22"/><W113/><G105/><T93/><D36/><U7/><E33/><V49/><F127/><W57/><G81/><T12/><D69/><U52/><E128/><V13/><F43/><W44/><G124/><T97/><D131/><U73/><E73/><V53/><F74/><W123/><G129/><T125/><D125/><U3/><E106/><V94/><F75/><W100/><G123/><T18/><D108/><U35/><E103/><V99/><F71/><W109/><G113/><T63/><D30/><U88/><E35/><V79/><F65/><N who="3" m="39119" /><G22/><T20/><D112/><U6/><E7/><V55/><F79/><W60/><G100/><T107/><D107/><U101/><E101/><V111/><F111/><W51/><G95/><T58/><REACH who="0" step="1"/><D12/><REACH who="0" ten="98,275,218,389" step="2"/><U115/><E115/><V77/><F13/><W91/><G109/><T121/><D121/><U17/><E31/><V126/><F14/><W10/><G37/><T72/><D72/><U11/><E119/><V120/><F120/><W68/><G39/><T48/><D48/><N who="2" m="18538" /><F126/><W25/><G38/><T110/><D110/><U8/><E118/><V87/><F104/><W29/><G68/><T15/><AGARI ba="1,2" hai="0,2,15,18,20,54,58,63,78,80,86,89,93,97" machi="15" ten="20,2700,0" yaku="1,1,0,1,7,1,53,0" doraHai="46" doraHaiUra="5" who="0" fromWho="0" sc="98,50,275,-8,218,-8,389,-14" /><INIT seed="4,0,0,5,2,55" ten="148,267,210,375" oya="0" hai0="30,40,13,93,47,79,88,111,134,99,62,5,102" hai1="43,67,21,53,20,108,44,66,38,63,97,89,52" hai2="100,3,46,25,87,24,17,118,106,60,6,59,114" hai3="9,29,132,109,81,121,86,115,127,120,26,70,36"/><T64/><D134/><U116/><E108/><V98/><F114/><W49/><G36/><T125/><D111/><U131/><E116/><V18/><F118/><W75/><G75/><T83/><D125/><U1/><E1/><V123/><F123/><W42/><G70/><T96/><D30/><U2/><E2/><V73/><F73/><W32/><G127/><T110/><D110/><U57/><E131/><V0/><F46/><W22/><G109/><T12/><D5/><U31/><E21/><V76/><F25/><W34/><G132/><T107/><D83/><U33/><E33/><V72/><F72/><W7/><G42/><T69/><REACH who="0" step="1"/><D79/><REACH who="0" ten="138,267,210,375" step="2"/><U65/><E31/><V77/><F77/><W4/><G81/><T56/><D56/><U51/><E20/><V28/><F6/><W8/><G22/><T128/><D128/><U19/><E19/><V129/><F129/><W78/><G78/><T95/><D95/><N who="1" m="56559" /><E38/><AGARI ba="0,1" hai="12,13,38,40,47,62,64,69,88,93,96,99,102,107" machi="38" ten="30,5800,0" yaku="1,1,7,1,54,1,53,0" doraHai="55" doraHaiUra="27" who="0" fromWho="1" sc="138,68,267,-58,210,0,375,0" /><INIT seed="4,1,0,3,0,116" ten="206,209,210,375" oya="0" hai0="127,125,87,13,65,105,67,64,123,121,26,96,128" hai1="80,104,46,53,4,91,102,114,101,71,8,55,120" hai2="84,57,108,68,61,10,1,16,112,20,25,60,118" hai3="117,95,31,98,86,9,76,6,63,93,50,73,131"/><T3/><D3/><U36/><E71/><V33/><F108/><W109/><G109/><T77/><D13/><U75/><E120/><N who="0" m="46153" /><D26/><U113/><E36/><V32/><F118/><W129/><G117/><T49/><D49/><U47/><E47/><V34/><F112/><N who="1" m="43113" /><E46/><V0/><F84/><W40/><G31/><T100/><D87/><N who="1" m="50663" /><E75/><V35/><N who="2" m="8192" /><DORA hai="22" /><V115/><F115/><W29/><G73/><T124/><D77/><U59/><E104/><V130/><F130/><AGARI ba="1,0" hai="64,65,67,96,100,105,124,125,127,128,130" m="46153" machi="130" ten="40,12000,1" yaku="18,1,52,3" doraHai="116,22" who="0" fromWho="2" sc="206,123,209,0,210,-123,375,0" /><INIT seed="4,2,0,1,0,17" ten="329,209,87,375" oya="0" hai0="92,131,40,39,64,62,109,70,9,15,3,86,101" hai1="50,132,99,45,27,112,32,6,8,56,67,76,95" hai2="4,61,2,49,130,1,14,20,29,31,57,115,52" hai3="43,103,119,124,46,26,55,104,133,83,128,35,100"/><T123/><D123/><U65/><E132/><V10/><F115/><W80/><G119/><T54/><D131/><U38/><E112/><V21/><F130/><W97/><G128/><T63/><D3/><U12/><E38/><V114/><F114/><W58/><G133/><T51/><D109/><U75/><E75/><V102/><F102/><W33/><G103/><T87/><D63/><U134/><E76/><V111/><F111/><W74/><G124/><T125/><D125/><U0/><E134/><V72/><F72/><W117/><G117/><T69/><D69/><U90/><E0/><V89/><F1/><W44/><G44/><T127/><D127/><U13/><E32/><V88/><F2/><W73/><G73/><T68/><D68/><U36/><E36/><V78/><F78/><W121/><G121/><T22/><D22/><N who="2" m="8810" /><F61/><W108/><G33/><T16/><D101/><U110/><E27/><V77/><F77/><W28/><G74/><T85/><D39/><U129/><E110/><V98/><F98/><W34/><G34/><T23/><D40/><N who="1" m="24871" /><E129/><V126/><F126/><W91/><G108/><T18/><D62/><N who="1" m="38087" /><E13/><V118/><F118/><W42/><G104/><T93/><D70/><U47/><E47/><V59/><F59/><W7/><G58/><N who="0" m="33119" /><D64/><AGARI ba="2,0" hai="6,8,12,64,67,90,95,99" m="38087,24871" machi="64" ten="30,1000,0" yaku="8,1" doraHai="17" who="1" fromWho="0" sc="329,-16,209,16,87,0,375,0" /><INIT seed="5,0,0,4,1,4" ten="313,225,87,375" oya="1" hai0="48,54,135,102,113,112,44,28,35,101,33,46,83" hai1="21,12,134,17,30,23,126,47,22,62,55,123,92" hai2="103,10,51,88,16,63,41,36,37,109,80,91,128" hai3="94,124,132,106,45,20,121,73,69,107,24,42,115"/><U129/><E123/><V85/><F109/><W87/><G69/><T74/><D135/><U61/><E134/><V104/><F128/><W8/><G121/><T131/><D131/><U66/><E129/><V82/><F104/><W52/><G73/><T2/><D2/><U18/><E126/><V53/><F103/><W79/><G132/><T127/><D127/><U99/><E30/><V100/><F100/><W133/><G115/><N who="0" m="44107" /><D46/><U32/><E32/><N who="0" m="12361" /><D28/><U9/><E66/><V25/><F63/><W58/><G42/><T43/><D54/><U57/><E47/><N who="2" m="27903" /><F25/><W72/><G45/><T114/><D114/><U117/><E117/><V5/><F5/><W60/><G72/><T78/><AGARI ba="0,0" hai="43,44,48,74,78,83,101,102" m="12361,44107" machi="78" ten="40,1500,0" yaku="15,1" doraHai="4" who="0" fromWho="0" sc="313,15,225,-7,87,-4,375,-4" /><INIT seed="6,0,0,5,4,41" ten="328,218,83,371" oya="2" hai0="79,42,33,72,60,86,48,56,13,123,40,12,128" hai1="51,58,89,93,130,87,62,65,121,107,118,83,119" hai2="131,32,71,25,45,125,109,97,34,94,44,23,68" hai3="4,74,69,67,29,78,102,77,135,6,129,36,112"/><V50/><F131/><W2/><G129/><T124/><D128/><U52/><E130/><V95/><F125/><W73/><G102/><T19/><D123/><U47/><E121/><V0/><F0/><W55/><G36/><T38/><D33/><U7/><E107/><V28/><F109/><W30/><G55/><T120/><D72/><U59/><E7/><V21/><F50/><W76/><G135/><T63/><D12/><U70/><E59/><V110/><F110/><W96/><G2/><T5/><D5/><U27/><E27/><V103/><F95/><W117/><G117/><T122/><D124/><U91/><REACH who="1" step="1"/><E70/><REACH who="1" ten="328,208,83,371" step="2"/><V39/><F39/><W101/><G4/><T114/><D38/><U108/><E108/><V85/><F68/><W127/><G6/><T132/><D56/><U99/><AGARI ba="0,1" hai="47,51,52,58,62,65,83,87,89,91,93,99,118,119" machi="99" ten="20,8000,1" yaku="1,1,0,1,7,1,52,1,54,1,53,0" doraHai="41" doraHaiUra="1" who="1" fromWho="1" sc="328,-20,208,90,83,-40,371,-20" /><INIT seed="7,0,0,1,3,49" ten="308,298,43,351" oya="3" hai0="10,112,59,126,103,27,80,68,57,8,17,75,127" hai1="51,37,43,135,14,48,46,52,79,114,34,102,118" hai2="107,73,35,20,36,50,78,134,41,33,53,86,82" hai3="16,122,0,60,90,72,124,45,42,44,81,38,120"/><W131/><G0/><T130/><D68/><U98/><E34/><V108/><F108/><W47/><G131/><T66/><D130/><U40/><E114/><V5/><F134/><W117/><G117/><T128/><D128/><U76/><E135/><V133/><F133/><W92/><G124/><N who="0" m="47659" /><D103/><U84/><E118/><V100/><F36/><W83/><G122/><T77/><D112/><U31/><E37/><V129/><F129/><W94/><G120/><T91/><D91/><U3/><E3/><V4/><F41/><N who="1" m="15945" /><E31/><V121/><F121/><W96/><G72/><T125/><N who="0" m="47667" /><T21/><DORA hai="87" /><D66/><U26/><E26/><V64/><F64/><W55/><G38/><T93/><D93/><N who="1" m="58703" /><E51/><V63/><F63/><W88/><G42/><T70/><D70/><U119/><E119/><V23/><F33/><W106/><G106/><T69/><D69/><U11/><E84/><V28/><F35/><W104/><G104/><T67/><D67/><U12/><E12/><V1/><F107/><W6/><G44/><T19/><D19/><AGARI ba="0,0" hai="11,14,19,46,48,52,76,79" m="58703,15945" machi="19" ten="30,3900,0" yaku="8,1,52,1,54,1" doraHai="49,87" who="1" fromWho="0" sc="308,-39,298,39,43,0,351,0" owari="269,-13.1,337,13.7,43,-45.7,351,45.1" /></mjloggm>