<mjloggm ver="2.3"><GO type="169" lobby="0"/><UN n0="%2D%E8%B1%8A%E5%8F%A3%E3%82%81%E3%81%90%E3%81%BF%2D" n1="%4F%4D%41%4E%54%41" n2="%E3%81%BD%E3%81%A3%E3%81%91%E3%81%95%E3%82%93" n3="%E3%83%A8%E3%83%BC%E3%83%BB%E3%83%9E%E3%82%A4%E3%82%AB" dan="17,17,16,17" rate="2202.99,2189.50,2178.77,2201.32" sx="F,M,M,M"/><TAIKYOKU oya="0"/><INIT seed="0,0,0,2,0,6" ten="250,250,250,250" oya="0" hai0="97,126,27,129,125,34,111,127,79,47,130,57,3" hai1="45,7,73,24,36,124,119,13,72,77,80,18,49" hai2="17,60,75,52,87,40,112,66,10,44,105,63,55" hai3="68,104,90,1,54,76,12,110,123,102,81,53,99"/><T85/><D3/><U86/><E119/><V91/><F75/><W98/><G110/><T56/><D111/><U26/><E36/><V39/><F105/><W67/><G123/><T74/><D74/><U23/><E124/><V0/><F112/><W100/><G1/><T118/><D118/><U62/><E62/><V29/><F29/><W9/><G90/><T46/><D97/><U32/><E26/><V108/><F108/><W83/><G67/><T41/><D85/><U121/><E121/><V16/><F63/><W15/><G68/><T5/><D79/><U43/><REACH who="1" step="1"/><E32/><REACH who="1" ten="250,240,250,250" step="2"/><V14/><F0/><W135/><G135/><T4/><D27/><U64/><E64/><V89/><F17/><W71/><G71/><T106/><D34/><U11/><AGARI ba="0,1" hai="7,11,13,18,23,24,43,45,49,72,73,77,80,86" machi="11" ten="30,8000,1" yaku="1,1,0,1,25,2,52,1,53,0" doraHai="6" doraHaiUra="59" who="1" fromWho="1" sc="250,-40,240,90,250,-20,250,-20" /><INIT seed="1,0,0,3,3,109" ten="210,330,230,230" oya="1" hai0="19,69,27,79,70,38,33,34,49,42,113,112,45" hai1="22,64,48,17,60,132,100,1,28,130,12,95,135" hai2="58,14,54,106,83,107,57,76,36,21,25,104,39" hai3="121,81,128,85,124,13,74,55,47,5,11,15,99"/><U51/><E1/><V98/><F98/><W18/><G121/><T82/><D49/><U115/><E130/><V101/><F101/><W40/><G128/><T75/><D19/><U30/><E115/><N who="0" m="44105" /><D27/><U126/><E126/><V87/><F14/><W103/><G124/><T37/><D37/><U35/><E100/><V119/><F119/><W50/><G74/><T97/><D97/><U62/><E95/><V26/><F26/><W73/><G73/><T102/><D102/><U3/><E3/><V77/><F77/><W127/><G127/><T105/><D105/><U134/><E60/><V43/><F43/><W10/><G99/><T122/><D122/><U6/><E6/><V29/><REACH who="2" step="1"/><F58/><REACH who="2" ten="210,330,220,230" step="2"/><W93/><G103/><T44/><D44/><U7/><E7/><V116/><F116/><W23/><G23/><T91/><D91/><U20/><E20/><V66/><F66/><W59/><G59/><T133/><D133/><U88/><E88/><V46/><F46/><W31/><G40/><T9/><D9/><U2/><E2/><V110/><F110/><W4/><G11/><T41/><D41/><U117/><E117/><V67/><F67/><W53/><G10/><T96/><D96/><U94/><E134/><V129/><F129/><W16/><G47/><T120/><D120/><U131/><E131/><V61/><AGARI ba="0,1" hai="21,25,29,36,39,54,57,61,76,83,87,104,106,107" machi="61" ten="30,2000,0" yaku="1,1,0,1,53,0" doraHai="109" doraHaiUra="118" who="2" fromWho="2" sc="210,-5,330,-10,220,30,230,-5" /><INIT seed="2,0,0,2,5,11" ten="205,320,250,225" oya="2" hai0="121,47,133,57,80,92,43,23,50,68,113,85,36" hai1="110,127,107,111,0,75,82,106,17,135,114,37,3" hai2="30,39,61,87,19,122,109,76,123,34,18,64,93" hai3="73,116,59,67,102,25,104,83,13,63,12,128,58"/><V15/><F39/><W84/><G116/><T65/><D121/><U49/><E114/><V2/><F2/><W53/><G128/><T21/><D113/><U99/><E37/><V14/><F109/><N who="1" m="41481" /><E127/><V6/><F6/><W41/><G73/><T56/><D133/><U130/><E130/><V124/><F124/><W100/><G41/><T126/><D126/><U66/><E135/><V89/><F76/><N who="3" m="46183" /><G25/><T5/><D5/><U134/><E66/><V28/><F34/><W72/><G72/><T24/><D92/><U46/><E134/><V112/><F112/><W77/><G77/><T31/><D21/><U125/><E82/><V60/><F93/><W132/><G132/><T48/><D36/><U79/><E79/><V38/><F38/><W88/><G88/><N who="0" m="51239" /><D68/><U78/><E78/><V74/><F87/><W54/><G104/><T10/><D65/><U29/><E75/><V55/><F74/><W52/><G58/><T45/><D10/><U95/><E125/><V118/><F64/><W131/><G131/><T103/><D103/><AGARI ba="0,0" hai="12,13,52,53,54,59,63,67,100,102,103" m="46183" machi="103" ten="30,7700,0" yaku="8,1,52,2,54,1" doraHai="11" who="3" fromWho="0" sc="205,-77,320,0,250,0,225,77" /><INIT seed="3,0,0,5,1,42" ten="128,320,250,302" oya="3" hai0="71,25,111,55,56,14,49,5,64,10,41,98,21" hai1="101,75,133,57,4,81,0,76,12,20,18,11,110" hai2="114,116,129,125,74,70,9,3,131,33,46,67,127" hai3="35,2,85,19,16,102,82,122,34,48,126,118,106"/><W26/><G122/><T72/><D111/><U94/><E110/><V86/><F86/><W52/><G118/><T7/><D72/><U91/><E133/><V62/><F74/><W27/><G2/><T65/><D71/><U38/><E38/><V135/><F33/><W95/><G106/><T39/><D5/><U22/><E101/><V96/><F96/><N who="3" m="59679" /><G34/><T107/><D107/><U61/><E22/><V66/><F116/><W23/><G35/><T51/><D39/><U44/><E44/><V130/><F114/><W54/><G126/><N who="2" m="48137" /><F67/><W89/><G54/><T47/><REACH who="0" step="1"/><D98/><REACH who="0" ten="118,320,250,302" step="2"/><U15/><E4/><N who="2" m="1183" /><F46/><N who="3" m="27671" /><G26/><T92/><D92/><U31/><E94/><V53/><F53/><W59/><G59/><T1/><D1/><U124/><E0/><V13/><F13/><W108/><G108/><T99/><D99/><U103/><E15/><V24/><F24/><W36/><G36/><T119/><D119/><U45/><E12/><V128/><F129/><W117/><G117/><T121/><D121/><U73/><E57/><V83/><F83/><W134/><G134/><AGARI ba="0,1" hai="62,66,70,128,130,131,134,135" m="1183,48137" machi="134" ten="40,8000,1" yaku="30,2,19,1,18,1,23,1" doraHai="42" who="2" fromWho="3" sc="118,0,320,0,250,90,302,-80" /><INIT seed="4,0,0,3,1,82" ten="118,320,340,222" oya="0" hai0="111,116,41,13,28,29,36,55,7,68,40,127,60" hai1="23,21,72,44,121,93,52,10,77,96,97,112,102" hai2="47,118,34,33,30,79,9,35,56,57,124,105,130" hai3="27,53,67,131,85,15,4,106,89,120,83,129,92"/><T62/><D116/><U113/><E121/><V37/><F118/><W54/><G106/><T99/><D127/><U110/><E110/><V123/><F123/><W2/><G120/><T16/><D111/><U59/><E44/><V135/><F105/><W70/><G2/><T114/><D114/><N who="1" m="44139" /><E72/><V48/><F37/><W107/><G107/><T132/><D132/><U45/><E77/><V117/><F30/><W6/><G27/><T25/><D7/><U104/><E10/><V94/><F9/><N who="3" m="4519" /><G6/><T81/><D36/><U134/><E45/><V32/><F32/><W18/><G18/><T46/><D99/><U128/><E128/><N who="3" m="49226" /><G83/><T76/><D29/><U100/><E134/><V31/><F31/><W12/><G12/><T22/><D68/><U61/><AGARI ba="0,0" hai="21,23,52,59,61,93,96,97,100,102,104" m="44139" machi="61" ten="30,4000,0" yaku="15,1,11,1,54,1" doraHai="82" who="1" fromWho="1" sc="118,-20,320,40,340,-10,222,-10" /><INIT seed="5,0,0,1,2,114" ten="98,360,330,212" oya="1" hai0="95,21,75,109,135,57,36,35,33,97,24,121,39" hai1="83,108,100,2,82,110,8,19,63,88,62,30,125" hai2="115,86,126,52,119,85,53,48,60,12,104,71,14" hai3="59,3,26,79,10,129,7,66,6,20,15,103,17"/><U67/><E30/><V1/><F1/><W47/><G129/><T105/><D109/><N who="1" m="42091" /><E100/><V112/><F104/><W118/><G79/><T128/><D128/><U54/><E125/><V84/><F126/><W117/><G47/><T50/><D135/><U64/><E54/><V58/><F119/><N who="3" m="45579" /><G103/><T74/><D105/><U51/><E51/><V43/><F43/><W133/><G133/><T56/><D121/><U44/><E44/><V11/><F71/><W49/><G49/><T73/><D39/><U76/><E88/><V45/><REACH who="2" step="1"/><F12/><REACH who="2" ten="98,360,320,212" step="2"/><W37/><G37/><T70/><D36/><U81/><E2/><V106/><F106/><W42/><G42/><T65/><D70/><U9/><E76/><V94/><F94/><W68/><G68/><T130/><D95/><U122/><E122/><V4/><AGARI ba="0,1" hai="4,11,14,45,48,52,53,58,60,84,85,86,112,115" machi="4" ten="30,4000,0" yaku="1,1,0,1,54,1,53,0" doraHai="114" doraHaiUra="29" who="2" fromWho="2" sc="98,-10,360,-20,320,50,212,-10" /><INIT seed="6,0,0,1,2,77" ten="88,340,370,202" oya="2" hai0="51,97,19,73,78,90,36,52,65,103,41,46,64" hai1="75,34,117,5,30,110,109,12,70,7,63,93,49" hai2="59,132,1,11,0,105,71,80,39,37,104,38,24" hai3="123,10,94,58,40,128,114,74,28,102,92,32,91"/><V99/><F71/><W81/><G123/><T96/><D19/><U85/><E75/><V14/><F132/><W84/><G114/><T26/><D26/><U16/><E70/><V31/><F59/><W50/><G128/><T112/><D112/><U129/><E63/><V43/><F43/><W57/><G32/><T106/><D96/><U116/><E49/><V134/><F134/><W25/><G74/><T42/><D90/><U108/><E93/><V118/><F118/><N who="1" m="45673" /><E85/><V86/><F14/><W95/><G102/><T15/><D15/><U79/><E79/><V27/><F27/><W66/><G66/><T18/><D18/><U111/><E111/><V135/><F135/><W113/><G113/><T23/><D23/><N who="1" m="11655" /><E129/><V121/><F121/><W9/><G58/><T130/><D130/><U120/><E120/><V133/><F133/><W44/><G57/><T101/><D101/><U53/><E53/><V60/><F60/><W48/><G50/><T98/><D98/><U87/><E87/><V54/><F54/><W4/><G4/><N who="1" m="1610" /><E34/><V126/><F99/><W124/><G48/><T100/><D100/><U21/><E21/><V61/><F39/><W35/><G40/><T29/><D42/><U56/><E56/><V8/><F86/><W33/><G84/><T62/><D62/><U67/><E67/><V55/><F61/><W13/><G35/><T17/><D64/><U83/><E83/><V2/><F104/><W47/><G33/><T88/><D36/><N who="2" m="13930" /><F80/><W122/><G122/><T115/><D115/><U45/><E45/><V69/><F105/><W20/><G44/><RYUUKYOKU ba="0,0" sc="88,-10,340,30,370,-10,202,-10" hai1="30,108,109,110" /><INIT seed="7,1,0,2,1,94" ten="78,370,360,192" oya="3" hai0="8,130,15,92,106,24,47,124,123,115,9,83,81" hai1="102,89,117,4,30,26,132,80,129,46,63,112,27" hai2="62,31,12,97,82,19,40,2,116,69,84,37,29" hai3="58,25,5,51,23,88,20,125,114,109,107,65,50"/><W21/><G114/><T78/><D123/><U54/><E112/><V131/><F116/><W59/><G125/><T70/><D115/><U36/><E117/><V135/><F2/><W55/><G109/><T73/><D124/><U39/><E129/><V28/><F131/><W127/><G127/><T49/><D130/><U108/><E108/><V72/><F72/><W32/><G107/><T17/><D106/><U99/><E4/><V66/><F135/><W87/><G5/><T91/><D70/><U64/><E132/><V0/><F0/><W103/><G103/><T41/><D24/><U35/><E27/><V98/><F40/><W121/><G121/><T76/><D9/><U77/><E89/><V134/><F37/><W79/><G79/><T68/><D68/><N who="1" m="42015" /><E46/><V119/><F134/><W74/><G74/><T42/><D78/><U33/><E54/><V38/><F38/><W16/><G32/><T3/><D3/><U53/><E53/><V7/><F7/><W128/><G128/><T22/><D22/><N who="3" m="8809" /><G65/><T105/><D105/><N who="1" m="63711" /><E35/><V14/><F119/><W34/><G34/><T57/><D57/><N who="3" m="21513" /><G55/><T110/><D110/><U67/><E67/><V95/><F14/><W1/><G1/><T113/><D113/><U71/><E71/><V10/><REACH who="2" step="1"/><F95/><AGARI ba="1,0" hai="16,23,25,50,51,87,88,95" m="21513,8809" machi="95" ten="30,5800,0" yaku="8,1,54,2" doraHai="94" who="3" fromWho="2" sc="78,0,370,0,360,-61,192,61" /><INIT seed="7,2,0,4,1,14" ten="78,370,299,253" oya="3" hai0="67,116,89,66,113,130,7,86,69,41,77,90,122" hai1="64,118,98,43,60,123,126,131,28,21,16,102,37" hai2="99,71,119,112,134,96,128,68,20,85,80,13,133" hai3="32,106,127,125,8,91,58,94,50,27,34,31,129"/><W73/><G106/><T87/><D116/><U59/><E123/><V19/><F119/><W104/><G104/><T63/><D122/><U17/><E118/><V83/><F112/><W0/><G73/><T25/><D130/><U82/><E131/><V115/><F115/><W61/><G129/><T117/><D117/><U84/><E126/><N who="3" m="48138" /><G50/><T124/><D113/><U10/><E10/><V48/><F48/><W105/><G105/><T3/><D124/><U107/><E28/><V35/><F35/><N who="3" m="20991" /><G8/><T81/><D3/><U33/><E33/><V44/><F128/><W103/><G103/><T4/><D77/><U76/><E21/><V11/><F11/><W100/><G100/><T70/><D25/><U97/><E97/><N who="2" m="37451" /><F44/><W38/><G38/><T109/><D41/><U110/><E110/><V114/><F114/><W47/><G47/><T12/><D109/><U55/><E43/><V135/><F85/><N who="3" m="52591" /><G0/><T36/><D36/><U53/><E37/><V75/><F75/><W30/><G30/><T26/><D26/><U101/><E101/><V42/><F42/><W54/><AGARI ba="2,0" hai="32,34,54,58,61" m="52591,20991,48138" machi="54" ten="30,1500,0" yaku="18,1" doraHai="14" who="3" fromWho="3" sc="78,-7,370,-7,299,-7,253,21" /><INIT seed="7,3,0,0,0,112" ten="71,363,292,274" oya="3" hai0="42,84,9,100,2,3,74,13,125,17,38,104,46" hai1="86,29,129,127,40,79,93,109,99,11,16,41,26" hai2="120,106,21,102,25,110,124,91,0,59,108,67,31" hai3="78,19,52,114,44,81,72,103,57,95,63,56,61"/><W105/><G114/><T65/><D125/><U27/><E109/><V58/><F120/><W98/><G19/><T24/><D74/><U14/><E129/><V126/><F0/><W36/><G36/><T35/><D65/><U1/><E1/><V22/><F106/><W70/><G70/><T113/><D113/><U45/><E127/><N who="2" m="48683" /><F102/><W121/><G121/><T75/><D75/><U117/><E117/><V39/><F39/><W8/><G8/><T123/><D123/><U7/><E7/><V48/><F22/><W119/><G119/><T135/><D135/><U132/><E45/><V43/><F91/><W37/><G37/><T68/><D68/><U87/><E87/><V130/><F130/><W32/><G32/><T88/><D100/><N who="1" m="60527" /><E132/><V96/><F96/><W73/><G73/><T94/><D104/><U66/><E66/><V122/><F122/><W62/><REACH who="3" step="1"/><G105/><REACH who="3" ten="71,363,292,264" step="2"/><T101/><D101/><U131/><E131/><V118/><F118/><W80/><G80/><T82/><D35/><U134/><E134/><V6/><F6/><W30/><G30/><T128/><D128/><U54/><E29/><V116/><F116/><W49/><AGARI ba="3,1" hai="44,49,52,56,57,61,62,63,72,78,81,95,98,103" machi="49" ten="30,6000,0" yaku="1,1,0,1,54,1,53,0" doraHai="112" doraHaiUra="34" who="3" fromWho="3" sc="71,-23,363,-23,292,-23,264,79" owari="48,-45.2,340,14.0,269,-13.1,343,44.3" /></mjloggm>