<mjloggm ver="2.3"><GO type="169" lobby="0"/><UN n0="%62%73%64%5F%33" n1="%E3%81%9B%E3%81%A9%E3%81%AA%E3%82%8A%E3%81%82%E3%82%93" n2="%6E%61%67%61%69%6D%6F" n3="%E6%99%82%E8%A8%88%E5%9D%82%E9%9B%B6" dan="16,17,16,16" rate="2046.58,2187.08,2149.54,2155.43" sx="F,M,M,M"/><TAIKYOKU oya="0"/><INIT seed="0,0,0,4,0,80" ten="250,250,250,250" oya="0" hai0="31,60,92,82,8,86,62,37,90,112,133,23,119" hai1="32,134,9,66,83,104,111,2,127,120,40,39,41" hai2="98,10,25,7,0,116,33,70,38,26,64,5,68" hai3="99,135,88,85,87,129,36,58,72,96,45,73,97"/><T44/><D112/><U35/><E66/><V12/><F38/><W57/><G129/><T15/><D119/><U52/><E83/><V108/><F116/><W46/><G135/><T6/><D133/><U59/><E9/><V128/><F128/><W81/><G36/><T49/><D37/><U79/><E59/><V4/><F98/><W61/><G57/><T3/><D3/><U132/><E79/><V50/><F50/><W117/><G117/><T110/><D110/><U63/><E63/><V18/><F64/><W43/><G43/><T30/><D92/><U75/><E52/><V84/><F84/><N who="3" m="50191" /><G73/><T94/><D94/><U78/><E78/><V131/><F70/><W71/><G72/><T48/><D48/><U51/><E51/><V118/><F68/><W121/><G121/><T20/><D20/><U114/><E41/><V103/><F118/><W107/><G107/><T130/><D130/><U126/><E40/><V54/><F54/><N who="3" m="34007" /><G71/><T101/><D101/><U28/><E120/><V102/><F102/><W91/><G91/><T14/><D60/><U19/><E104/><V106/><F103/><W16/><G16/><N who="0" m="10655" /><D62/><U113/><E39/><V53/><F53/><AGARI ba="0,0" hai="6,8,14,30,31,44,49,53,82,86,90" m="10655" machi="53" ten="30,5800,0" yaku="8,1,52,1,54,1" doraHai="80" who="0" fromWho="2" sc="250,58,250,0,250,-58,250,0" /><INIT seed="0,1,0,0,2,49" ten="308,250,192,250" oya="0" hai0="115,9,99,101,30,126,15,120,116,110,7,106,59" hai1="3,63,104,75,33,123,67,19,45,122,85,26,89" hai2="86,17,2,77,22,23,1,56,18,83,134,132,69" hai3="21,121,27,82,8,54,93,70,48,13,95,84,12"/><T24/><D115/><U73/><E3/><V44/><F69/><W108/><G70/><T20/><D116/><U5/><E5/><V42/><F56/><W64/><G64/><T100/><D126/><U88/><E104/><V32/><F32/><W124/><G108/><T35/><D110/><U87/><E45/><V6/><F6/><W80/><G121/><T72/><D72/><U11/><E11/><V51/><F22/><W78/><G82/><T92/><D120/><U109/><E109/><V119/><F18/><W94/><G8/><T57/><D35/><U0/><E0/><V4/><F119/><W31/><REACH who="3" step="1"/><G124/><REACH who="3" ten="308,250,192,240" step="2"/><T91/><REACH who="0" step="1"/><D106/><REACH who="0" ten="298,250,192,240" step="2"/><U133/><E122/><V36/><F134/><W34/><G34/><T71/><D71/><U114/><E123/><V128/><F132/><W52/><G52/><T40/><D40/><U81/><E133/><V41/><F41/><W28/><G28/><T68/><D68/><U37/><E33/><V90/><F42/><W117/><G117/><T103/><AGARI ba="1,2" hai="7,9,15,20,24,30,57,59,91,92,99,100,101,103" machi="103" ten="30,6000,0" yaku="1,1,0,1,8,1,53,0" doraHai="49" doraHaiUra="47" who="0" fromWho="0" sc="298,83,250,-21,192,-21,240,-21" /><INIT seed="0,2,0,2,5,26" ten="381,229,171,219" oya="0" hai0="134,0,74,103,67,119,57,24,114,39,20,116,111" hai1="78,123,125,15,112,122,91,124,25,101,29,7,60" hai2="35,121,45,42,127,129,41,27,87,33,100,117,19" hai3="135,38,79,1,94,75,131,105,12,8,10,81,48"/><T23/><D114/><U130/><E78/><V132/><F121/><N who="1" m="46089" /><E91/><V18/><F117/><W107/><G131/><T59/><D39/><U80/><E101/><V40/><F129/><W61/><G135/><T84/><D74/><U104/><E80/><V88/><F132/><W43/><G61/><T63/><D134/><U85/><E85/><V110/><F100/><W58/><G94/><T52/><D0/><U73/><E73/><V92/><F127/><N who="1" m="48713" /><E104/><V14/><F110/><W70/><G70/><T28/><D111/><U98/><E98/><V34/><F45/><N who="3" m="23799" /><G58/><T21/><D103/><U4/><E60/><V13/><REACH who="2" step="1"/><F27/><REACH who="2" ten="381,229,161,219" step="2"/><W31/><G105/><T49/><REACH who="0" step="1"/><D84/><REACH who="0" ten="371,229,161,219" step="2"/><U126/><E126/><V68/><F68/><W54/><G107/><T90/><D90/><U108/><E130/><V65/><F65/><W55/><G75/><T76/><D76/><U86/><E108/><V115/><F115/><W46/><G79/><T37/><D37/><U96/><E86/><V44/><F44/><W69/><G46/><T120/><D120/><U3/><E112/><V47/><F47/><W56/><G1/><T89/><D89/><U11/><E96/><V93/><F93/><W53/><G81/><T109/><D109/><U83/><E83/><V71/><F71/><W9/><G69/><T5/><D5/><N who="1" m="3567" /><E3/><V106/><F106/><W97/><G97/><T50/><D50/><U32/><AGARI ba="2,2" hai="4,7,25,29,32" m="3567,48713,46089" machi="32" ten="30,7900,0" yaku="18,1,34,2,52,1" doraHai="26" who="1" fromWho="1" sc="371,-41,229,105,161,-22,219,-22" /><INIT seed="1,0,0,0,2,92" ten="330,334,139,197" oya="1" hai0="122,86,82,78,102,118,110,45,10,114,88,77,81" hai1="8,117,35,126,129,23,9,99,14,22,13,83,27" hai2="52,104,98,89,85,50,69,79,66,59,67,123,18" hai3="95,43,90,21,130,96,15,107,51,34,12,75,64"/><U84/><E126/><V46/><F123/><W134/><G34/><T124/><D114/><U0/><E129/><V19/><F69/><W63/><G130/><T49/><D118/><U38/><E38/><V31/><F31/><W42/><G75/><T54/><D124/><U125/><E125/><V44/><F79/><W65/><G134/><T135/><D110/><U112/><E112/><V24/><F104/><W2/><G2/><T113/><D113/><U103/><E35/><V73/><F73/><W74/><G74/><T91/><D135/><U127/><E117/><V26/><F26/><W3/><G3/><T61/><D122/><U132/><E132/><V60/><F46/><W93/><G107/><T16/><D102/><U120/><E120/><V33/><F67/><W101/><G64/><T70/><D61/><U17/><E0/><V53/><F66/><W109/><G109/><T39/><D39/><U128/><E128/><V56/><F56/><N who="3" m="37095" /><G21/><T6/><D70/><U108/><E108/><V119/><F119/><W37/><G37/><T100/><D100/><U4/><E27/><V80/><F33/><W7/><G7/><T72/><REACH who="0" step="1"/><D16/><REACH who="0" ten="320,334,139,197" step="2"/><N who="2" m="6186" /><F24/><W5/><G5/><T1/><AGARI ba="0,1" hai="1,6,10,45,49,54,72,77,78,81,82,86,88,91" machi="1" ten="20,5200,0" yaku="1,1,0,1,7,1,54,1,53,0" doraHai="92" doraHaiUra="94" who="0" fromWho="0" sc="320,62,334,-26,139,-13,197,-13" /><INIT seed="2,0,0,5,5,127" ten="382,308,126,184" oya="2" hai0="41,24,106,20,54,18,75,52,67,50,19,128,45" hai1="39,90,48,84,15,113,35,97,116,99,60,38,122" hai2="13,94,28,130,32,70,26,1,115,111,129,134,110" hai3="82,74,49,63,86,121,7,11,46,12,120,33,4"/><V65/><F115/><W112/><G33/><T9/><D106/><U105/><E116/><V89/><F134/><W124/><G74/><T8/><D75/><U85/><E35/><V62/><F1/><W83/><G124/><T126/><D126/><U92/><E113/><V56/><F70/><W78/><G112/><T101/><D128/><N who="2" m="49258" /><F13/><W0/><G63/><T55/><D101/><U5/><E60/><V91/><F94/><W69/><G69/><T71/><D71/><U57/><E39/><V16/><F16/><N who="0" m="6186" /><D67/><U3/><E38/><V73/><F73/><W88/><G4/><T80/><D80/><U59/><E3/><V23/><F32/><W6/><G6/><T119/><D119/><U42/><E15/><V81/><F81/><W117/><G0/><T43/><D43/><U123/><E92/><V133/><F133/><W21/><G117/><T95/><D95/><U77/><E105/><V14/><F14/><W102/><G120/><T72/><D72/><U27/><E122/><V29/><F29/><AGARI ba="0,0" hai="8,9,20,24,29,41,45,50,52,54,55" m="6186" machi="29" ten="30,3900,0" yaku="8,1,54,2" doraHai="127" who="0" fromWho="2" sc="382,39,308,0,126,-39,184,0" /><INIT seed="3,0,0,0,2,120" ten="421,308,87,184" oya="3" hai0="70,26,6,116,39,47,84,95,27,56,28,86,64" hai1="51,14,49,100,126,62,77,97,69,78,68,3,99" hai2="112,88,133,9,90,63,32,43,53,125,4,67,101" hai3="10,0,19,71,22,123,50,12,111,41,115,61,107"/><W131/><G107/><T94/><D70/><U15/><E3/><V21/><F32/><W73/><G73/><T91/><D116/><U79/><E62/><V109/><F112/><W117/><G117/><T80/><D6/><U25/><E25/><V85/><F133/><W89/><G123/><T75/><D75/><U72/><E72/><V30/><F125/><W132/><G131/><T60/><D95/><U128/><E100/><V33/><F33/><W36/><G36/><T59/><D59/><U2/><E2/><V46/><F101/><W87/><G132/><T102/><D102/><U1/><E1/><V74/><F74/><W45/><G115/><T92/><D92/><U76/><E76/><V52/><F30/><W134/><G134/><T83/><D94/><U119/><E78/><V42/><F21/><W129/><G129/><T114/><D114/><U104/><E104/><V29/><F29/><W8/><G0/><T124/><D124/><U23/><E23/><V7/><F85/><W16/><G111/><T82/><D82/><U11/><E11/><V110/><F46/><W135/><G135/><T93/><D93/><U57/><E57/><V34/><F34/><W118/><G118/><T35/><D27/><U58/><E58/><V5/><F63/><W130/><G130/><T103/><D103/><U96/><E119/><V48/><F48/><N who="1" m="18505" /><E126/><V105/><F105/><W20/><G61/><T54/><D39/><U121/><E121/><V66/><F7/><W55/><G71/><N who="1" m="27210" /><E128/><V122/><F122/><W24/><G41/><T31/><D35/><U65/><E65/><RYUUKYOKU ba="0,0" sc="421,-30,308,10,87,10,184,10" hai1="14,15,77,79,96,97,99" hai2="4,5,9,42,43,52,53,66,67,88,90,109,110" hai3="8,10,12,16,19,20,22,24,45,50,55,87,89" /><INIT seed="3,1,0,3,5,85" ten="391,318,97,194" oya="3" hai0="96,87,71,86,1,49,12,47,9,120,103,111,24" hai1="127,60,33,64,76,100,11,114,90,84,55,14,65" hai2="57,50,97,123,10,134,22,48,38,4,107,101,79" hai3="74,133,27,110,28,122,62,129,118,17,95,45,23"/><W80/><G122/><T46/><D120/><U44/><E114/><V115/><F38/><W56/><G118/><T53/><D71/><U31/><E127/><V121/><F115/><W32/><G129/><T130/><D111/><U66/><E100/><V34/><F34/><W69/><G69/><T39/><D1/><U42/><E76/><V13/><F134/><W52/><G133/><T104/><D130/><U30/><E33/><V106/><F106/><W108/><G45/><T61/><D61/><U16/><E42/><V51/><F79/><W21/><G32/><T36/><D24/><U67/><N who="1" m="16384" /><DORA hai="131" /><U75/><E75/><V93/><F57/><W2/><G2/><T3/><D3/><U78/><E78/><V15/><REACH who="2" step="1"/><F107/><REACH who="2" ten="391,318,87,194" step="2"/><W124/><G124/><T116/><D116/><U135/><E135/><V128/><F128/><W35/><G35/><T83/><D47/><U68/><E68/><V43/><F43/><W89/><G74/><T112/><D112/><U126/><E126/><V117/><F117/><W37/><G37/><T105/><D105/><U63/><E44/><V99/><F99/><W113/><G113/><T41/><D39/><U8/><E55/><V72/><F72/><W94/><G108/><T91/><D87/><U132/><E132/><V119/><F119/><W92/><G110/><T81/><D41/><U70/><E70/><V102/><F102/><W59/><G59/><T19/><D36/><U82/><E84/><V54/><F54/><W40/><G40/><T0/><D0/><U88/><E90/><V98/><F98/><W109/><G109/><RYUUKYOKU ba="1,1" sc="391,15,318,-15,87,15,194,-15" hai0="9,12,19,46,49,53,81,83,86,91,96,103,104" hai2="4,10,13,15,22,48,50,51,93,97,101,121,123" /><INIT seed="4,2,1,2,2,72" ten="406,303,102,179" oya="0" hai0="0,62,35,122,58,34,17,10,38,22,114,28,107" hai1="3,44,116,14,71,7,84,102,103,119,100,112,12" hai2="50,23,115,30,96,126,21,26,68,49,132,56,5" hai3="94,6,127,76,133,79,59,95,101,89,66,36,52"/><T53/><D107/><U61/><E3/><V1/><F68/><W87/><G36/><T8/><D122/><U108/><E108/><V40/><F132/><W39/><G39/><T73/><D73/><U60/><E44/><V24/><F126/><W48/><G133/><T111/><D114/><U37/><E37/><V97/><F115/><W32/><G32/><T33/><D111/><U77/><E112/><V57/><F1/><W43/><G127/><T74/><D74/><U93/><E93/><V104/><F104/><W4/><G43/><T41/><D28/><U113/><E113/><V13/><F13/><W81/><G66/><T128/><D128/><U70/><E84/><V86/><F86/><W92/><G101/><T110/><D0/><U42/><E103/><V85/><F85/><W131/><G131/><T82/><D82/><U19/><E19/><V9/><F9/><W46/><G46/><T83/><D83/><U29/><E29/><V106/><F106/><W65/><G65/><T54/><D54/><U69/><E69/><V109/><F109/><W16/><G16/><T47/><REACH who="0" step="1"/><D110/><REACH who="0" ten="396,303,102,179" step="2"/><U88/><E42/><V120/><F120/><W91/><G91/><T31/><D31/><U25/><E88/><V51/><F40/><W130/><G130/><T121/><D121/><U78/><E7/><AGARI ba="2,2" hai="4,6,7,48,52,59,76,79,81,87,89,92,94,95" machi="7" ten="40,8000,1" yaku="8,1,52,2,54,1" doraHai="72" who="3" fromWho="1" sc="396,0,303,-86,102,0,179,106" /><INIT seed="5,0,0,2,1,25" ten="396,217,102,285" oya="1" hai0="12,44,57,14,30,5,108,102,90,91,55,73,6" hai1="111,31,8,47,103,118,48,59,82,99,33,85,16" hai2="32,28,42,96,43,105,2,0,29,60,40,36,52" hai3="51,68,107,77,45,114,56,86,88,7,49,117,27"/><U119/><E111/><V67/><F36/><W104/><G68/><T9/><D73/><U75/><E75/><V26/><F29/><W100/><G114/><T112/><D108/><U46/><E59/><V15/><F15/><W63/><G117/><T35/><D112/><U72/><E72/><V66/><F66/><W34/><G77/><T109/><D102/><U24/><E47/><V83/><F83/><W87/><G7/><T62/><D44/><U53/><E8/><V93/><F52/><W125/><G125/><T79/><D79/><U20/><E85/><V116/><F116/><W135/><G135/><T71/><D71/><U92/><REACH who="1" step="1"/><E82/><REACH who="1" ten="396,207,102,285" step="2"/><V38/><F38/><W132/><G86/><T69/><D109/><U95/><E95/><V19/><F19/><W76/><G87/><T89/><D69/><U121/><E121/><V10/><F10/><W58/><G58/><T129/><D9/><U113/><E113/><V4/><F4/><W130/><G45/><T3/><D6/><U17/><E17/><V97/><F97/><W50/><G56/><T37/><D57/><U128/><E128/><V70/><REACH who="2" step="1"/><F93/><REACH who="2" ten="396,207,92,285" step="2"/><W120/><G130/><T39/><D5/><U101/><E101/><AGARI ba="0,2" hai="0,2,26,28,32,40,42,43,60,67,70,96,101,105" machi="101" ten="40,8000,1" yaku="1,1,2,1,25,2,52,1,53,0" doraHai="25" doraHaiUra="115" who="2" fromWho="1" sc="396,0,207,-80,92,100,285,0" /><INIT seed="6,0,0,1,4,48" ten="396,127,192,285" oya="2" hai0="133,103,33,39,111,102,86,32,135,106,76,16,1" hai1="105,8,78,101,51,15,120,53,118,128,19,96,43" hai2="64,124,36,126,52,98,90,29,61,37,35,45,63" hai3="24,122,119,40,107,71,115,3,93,25,129,97,14"/><V49/><F35/><W17/><G3/><T56/><D39/><N who="2" m="14922" /><F29/><W80/><G71/><T34/><D111/><U114/><E114/><V66/><F90/><W123/><G107/><T65/><D1/><U112/><E112/><V67/><F98/><W85/><G115/><T22/><D65/><N who="2" m="25194" /><F63/><W18/><G14/><T77/><D56/><AGARI ba="0,0" hai="45,49,52,56,61,67,124,126" m="25194,14922" machi="56" ten="30,11600,0" yaku="34,2,52,1,54,1" doraHai="48" who="2" fromWho="0" sc="396,-116,127,0,192,116,285,0" /><INIT seed="6,1,0,5,4,121" ten="280,127,308,285" oya="2" hai0="47,92,51,75,124,63,46,95,98,12,61,78,18" hai1="118,123,90,74,102,39,49,94,35,104,40,48,132" hai2="113,32,77,105,120,34,14,122,22,126,133,101,33" hai3="57,81,43,45,96,23,20,66,100,41,50,83,106"/><V37/><F37/><W72/><G43/><T5/><D124/><U1/><E118/><V42/><F42/><W135/><G135/><T134/><D134/><U116/><E116/><V129/><F133/><W30/><G72/><T44/><D5/><U125/><E125/><V25/><F126/><W52/><G66/><T65/><D75/><U109/><E132/><V9/><F77/><W4/><G4/><T0/><D0/><U26/><E123/><N who="2" m="47147" /><F101/><W6/><G6/><T59/><D78/><U24/><E1/><V84/><F84/><W15/><G30/><T21/><D63/><U107/><E74/><V64/><F64/><W76/><G76/><T70/><D70/><U62/><E62/><V114/><F105/><W115/><G115/><N who="2" m="44041" /><F129/><W108/><G83/><T103/><REACH who="0" step="1"/><D92/><REACH who="0" ten="270,127,308,285" step="2"/><U58/><E94/><V79/><F79/><W131/><G131/><T60/><D60/><U80/><E104/><V88/><F88/><W29/><G106/><T91/><D91/><U55/><E90/><V112/><F112/><W97/><G100/><T69/><D69/><U71/><E102/><V127/><F127/><W16/><G81/><T67/><D67/><U86/><E71/><V110/><F110/><W7/><G108/><T19/><D19/><U17/><E107/><V10/><F14/><W56/><G15/><T87/><D87/><U3/><E109/><V53/><F53/><AGARI ba="1,1" hai="12,18,21,44,46,47,51,53,59,61,65,95,98,103" machi="53" ten="30,3900,0" yaku="1,1,7,1,8,1,53,0" doraHai="121" doraHaiUra="27" who="0" fromWho="2" sc="270,52,127,0,308,-42,285,0" /><INIT seed="7,0,0,2,4,81" ten="322,127,266,285" oya="3" hai0="52,8,103,46,19,92,62,79,107,45,80,106,53" hai1="51,10,57,126,40,21,32,3,69,68,25,117,60" hai2="54,31,43,16,37,89,90,4,124,77,35,82,74" hai3="118,58,59,129,33,131,1,127,36,29,41,28,91"/><W42/><G118/><T9/><D107/><U94/><E126/><V73/><F124/><W99/><G1/><T63/><D106/><U49/><E32/><V2/><F74/><W119/><G127/><T17/><D80/><U101/><E68/><V14/><F54/><W55/><G119/><T104/><D104/><U116/><E69/><V96/><F96/><W56/><G55/><T125/><D79/><U114/><E114/><V88/><F31/><N who="3" m="11851" /><G36/><T135/><D125/><U15/><E3/><V120/><F35/><W87/><G99/><N who="0" m="59879" /><D135/><U75/><E75/><V110/><F110/><W65/><G65/><T93/><D93/><U85/><E116/><V5/><F120/><W27/><G27/><T0/><D0/><U100/><E117/><V30/><F30/><W44/><G44/><N who="0" m="17003" /><D53/><U132/><E132/><V61/><F61/><N who="0" m="23050" /><D52/><U11/><E94/><V130/><F130/><N who="3" m="49675" /><G33/><T95/><D95/><AGARI ba="0,0" hai="41,42,56,58,59,87,91,95" m="49675,11851" machi="95" ten="30,2900,0" yaku="19,1,52,1" doraHai="81" who="3" fromWho="0" sc="322,-29,127,0,266,0,285,29" owari="293,9.3,127,-37.3,266,-13.4,314,41.4" /></mjloggm>