<mjloggm ver="2.3"><GO type="169" lobby="0"/><UN n0="%E4%B8%96%E7%95%8C%E3%81%AE%E4%BA%80%E4%BA%95" n1="%E3%83%94%E3%83%B3%E3%82%B5%E3%83%AD%E5%BA%97%E5%93%A1" n2="%E6%AF%94%E5%98%89%E6%84%9B%E6%9C%AA" n3="%E8%B5%A4%E4%BA%94%E7%AB%8B%E7%9B%B4" dan="17,17,19,16" rate="2161.03,2244.83,2244.45,2157.22" sx="M,M,F,F"/><TAIKYOKU oya="0"/><INIT seed="0,0,0,1,4,61" ten="250,250,250,250" oya="0" hai0="111,119,10,21,33,131,84,107,128,112,52,32,6" hai1="116,96,57,87,62,74,108,16,118,5,46,122,85" hai2="100,40,109,13,7,81,11,35,2,55,125,70,130" hai3="83,25,43,51,38,63,129,92,66,24,58,76,59"/><T117/><D107/><U42/><E122/><V1/><F109/><W95/><G129/><N who="0" m="49739" /><D112/><U89/><E74/><V4/><F130/><W120/><G38/><T17/><D84/><U60/><E108/><V103/><F35/><N who="0" m="13386" /><D111/><U50/><E5/><V72/><F40/><W64/><G120/><T124/><D124/><U56/><E96/><V132/><F125/><W75/><G92/><T93/><D93/><U3/><E3/><V37/><F37/><W22/><G95/><T41/><D41/><U49/><E42/><V94/><F2/><W27/><G43/><T99/><D52/><U114/><E46/><V20/><F55/><W8/><G8/><T115/><D99/><U88/><REACH who="1" step="1"/><E16/><REACH who="1" ten="250,240,250,250" step="2"/><V97/><F97/><W105/><G105/><T15/><D115/><AGARI ba="0,1" hai="49,50,56,57,60,62,85,87,88,89,114,115,116,118" machi="115" ten="25,8000,1" yaku="1,1,2,1,22,2,54,1,53,0" doraHai="61" doraHaiUra="73" who="1" fromWho="0" sc="250,-80,240,90,250,0,250,0" /><INIT seed="1,0,0,5,2,63" ten="170,330,250,250" oya="1" hai0="110,105,91,135,8,124,29,92,44,19,15,127,74" hai1="28,35,75,125,65,102,79,111,73,47,46,99,56" hai2="94,82,54,41,49,24,20,9,58,68,83,27,18" hai3="50,51,93,23,60,40,45,22,61,106,76,10,53"/><U0/><E0/><V30/><F68/><W33/><G106/><T16/><D110/><U69/><E125/><N who="0" m="48201" /><D105/><N who="1" m="63711" /><E56/><V119/><F119/><W21/><G33/><T121/><D74/><N who="1" m="28171" /><E79/><V64/><F41/><W103/><G76/><T3/><D135/><U107/><E107/><V71/><F94/><W62/><G10/><T109/><D109/><U90/><E90/><V132/><F132/><W34/><G34/><T57/><D3/><U126/><E111/><V17/><F30/><W37/><G37/><T5/><D121/><U38/><E38/><V98/><F98/><N who="3" m="59855" /><G51/><T89/><D89/><U80/><E80/><N who="2" m="30763" /><F71/><W66/><G40/><T118/><D118/><U25/><E126/><V6/><F6/><W7/><G7/><T117/><D117/><U48/><E48/><V101/><F101/><W108/><G108/><T104/><D104/><U4/><E4/><V96/><F96/><W115/><G115/><T87/><D57/><AGARI ba="0,0" hai="21,22,23,45,50,53,57,60,61,62,66" m="59855" machi="57" ten="30,2000,0" yaku="8,1,52,1" doraHai="63" who="3" fromWho="0" sc="170,-20,330,0,250,0,250,20" /><INIT seed="2,0,0,2,0,98" ten="150,330,250,270" oya="2" hai0="109,19,45,91,52,14,13,85,108,124,56,2,94" hai1="35,57,115,107,53,79,88,26,131,31,71,47,101" hai2="114,1,103,43,55,96,8,37,126,89,132,105,34" hai3="3,36,63,128,118,50,120,110,22,100,62,72,46"/><V93/><F114/><W77/><G120/><T111/><D124/><U32/><E115/><V16/><F34/><W82/><G118/><T130/><D130/><U81/><E71/><V20/><F126/><W75/><G128/><T21/><D2/><U122/><E131/><V119/><F119/><W66/><G36/><T123/><D123/><U24/><E122/><V90/><F132/><W44/><G3/><T58/><D14/><U80/><E47/><V74/><F74/><W83/><G110/><T18/><D18/><U54/><E79/><V133/><F133/><W76/><G22/><T113/><D113/><U4/><E4/><V102/><F105/><W121/><G121/><T7/><D7/><U127/><E127/><V11/><F1/><W117/><G117/><T86/><REACH who="0" step="1"/><D85/><REACH who="0" ten="140,330,250,270" step="2"/><U12/><E12/><N who="2" m="9223" /><F37/><W5/><G5/><T60/><D60/><U28/><E28/><V95/><F43/><W33/><G63/><T40/><D40/><U0/><E31/><V49/><F8/><W9/><G9/><T70/><D70/><U64/><E0/><V42/><F42/><W125/><G125/><T78/><D78/><U99/><E24/><V15/><F15/><W10/><G10/><T87/><D87/><U112/><E26/><V39/><F11/><W134/><G134/><T92/><D92/><U129/><E112/><V51/><F39/><W27/><G27/><T65/><D65/><U116/><E129/><V59/><F51/><AGARI ba="0,1" hai="13,19,21,45,51,52,56,58,86,91,94,108,109,111" machi="51" ten="40,8000,1" yaku="1,1,14,1,54,1,53,1" doraHai="98" doraHaiUra="17" who="0" fromWho="2" sc="140,90,330,0,250,-80,270,0" /><INIT seed="3,0,0,1,1,135" ten="230,330,170,270" oya="3" hai0="70,112,18,41,74,5,130,57,34,20,56,126,71" hai1="77,39,43,49,54,99,125,104,16,23,35,87,117" hai2="98,48,2,84,29,106,7,111,12,94,97,115,36" hai3="52,59,6,68,113,133,24,95,27,61,42,10,8"/><W90/><G133/><T19/><D34/><U28/><E117/><V122/><F115/><W116/><G116/><T51/><D74/><U80/><E39/><V76/><F36/><W75/><G75/><T124/><D5/><U72/><E43/><V92/><F2/><W121/><G121/><T96/><D112/><U105/><E125/><N who="0" m="48233" /><D130/><U62/><E62/><V11/><F111/><W91/><G42/><T32/><D32/><U64/><E64/><V67/><F106/><W132/><G132/><T44/><D96/><N who="2" m="36970" /><F67/><W30/><G68/><N who="0" m="26155" /><D18/><U127/><E16/><V123/><F29/><W103/><G113/><T13/><AGARI ba="0,0" hai="13,19,20,41,44,51,56,57" m="26155,48233" machi="13" ten="30,7900,0" yaku="18,1,52,3" doraHai="135" who="0" fromWho="0" sc="230,79,330,-20,170,-20,270,-39" /><INIT seed="4,0,0,5,1,19" ten="309,310,150,231" oya="0" hai0="7,15,113,101,30,38,117,40,58,72,97,94,89" hai1="62,64,70,130,59,122,43,4,100,42,39,125,91" hai2="9,20,11,96,73,110,50,126,109,79,2,129,134" hai3="120,98,55,51,48,81,77,93,82,69,27,25,29"/><T6/><D113/><U35/><E35/><V121/><F121/><W83/><G69/><T18/><D117/><U41/><E100/><V124/><F73/><W22/><G120/><T53/><D72/><U90/><E122/><V1/><F79/><W127/><G127/><N who="2" m="48681" /><F96/><W85/><G27/><T95/><D30/><U115/><E125/><V112/><F50/><W8/><G8/><N who="2" m="3145" /><F112/><W61/><G61/><T33/><D33/><U104/><E4/><V75/><F75/><W74/><G74/><T86/><D40/><U16/><E104/><V107/><F107/><W116/><G116/><T49/><REACH who="0" step="1"/><D38/><REACH who="0" ten="299,310,150,231" step="2"/><U23/><E39/><V92/><F110/><W63/><G63/><T26/><D26/><U135/><E115/><V5/><F109/><W47/><REACH who="3" step="1"/><G51/><REACH who="3" ten="299,310,150,221" step="2"/><T12/><D12/><U111/><E111/><V123/><F123/><W118/><G118/><T87/><D87/><U10/><E62/><V78/><F1/><W28/><G28/><T68/><D68/><U133/><E70/><V21/><F2/><W67/><G67/><T34/><D34/><U99/><E64/><V13/><F13/><W0/><G0/><T108/><D108/><U105/><E135/><V103/><F134/><W102/><AGARI ba="0,2" hai="22,25,29,47,48,55,77,81,82,83,85,93,98,102" machi="102" ten="20,12000,2" yaku="1,1,0,1,7,1,8,1,52,1,53,1" doraHai="19" doraHaiUra="45" who="3" fromWho="3" sc="299,-60,310,-30,150,-30,221,140" /><INIT seed="5,0,0,0,3,113" ten="239,280,120,361" oya="1" hai0="22,101,59,106,51,35,19,43,65,126,87,16,32" hai1="74,93,11,47,91,131,116,53,8,107,21,61,82" hai2="58,76,23,99,72,18,42,49,34,64,92,3,67" hai3="60,48,130,25,69,77,88,96,83,26,56,100,20"/><U29/><E107/><V71/><F34/><W86/><G130/><T54/><D126/><U31/><E131/><V114/><F71/><W79/><G69/><T46/><D65/><U108/><E108/><V55/><F3/><W38/><G38/><T0/><D0/><U27/><E116/><V128/><F128/><W109/><G48/><T127/><D127/><U15/><E74/><V115/><F42/><W2/><G2/><T9/><D87/><U68/><E82/><V66/><F76/><W75/><G75/><T94/><D106/><U134/><E134/><V70/><F70/><W85/><G85/><T97/><D9/><U98/><E68/><V36/><F36/><W84/><G84/><T14/><REACH who="0" step="1"/><D19/><REACH who="0" ten="229,280,120,361" step="2"/><U132/><E11/><V7/><F72/><W63/><G109/><T12/><D12/><U104/><E104/><V4/><F115/><W50/><G79/><T95/><D95/><U117/><E15/><V52/><F114/><W33/><G77/><T122/><D122/><U30/><E8/><V40/><F40/><W13/><G13/><T124/><D124/><U120/><E93/><V129/><F129/><W118/><G118/><T133/><D133/><U90/><E132/><V6/><F55/><N who="3" m="31863" /><G25/><T121/><D121/><U45/><E27/><N who="2" m="14839" /><F66/><W39/><G26/><T62/><AGARI ba="0,1" hai="14,16,22,32,35,43,46,51,54,59,62,94,97,101" machi="62" ten="20,12000,2" yaku="1,1,0,1,7,1,54,1,53,2" doraHai="113" doraHaiUra="28" who="0" fromWho="0" sc="229,130,280,-60,120,-30,361,-30" /><INIT seed="6,0,0,1,0,18" ten="359,220,90,331" oya="2" hai0="109,101,81,12,103,28,104,19,2,54,128,7,87" hai1="22,110,5,48,114,24,10,78,0,20,61,107,14" hai2="29,74,79,84,122,73,113,88,25,80,51,42,126" hai3="86,27,9,31,43,121,47,26,98,6,41,4,133"/><V68/><F122/><W118/><G121/><T33/><D109/><U11/><E107/><V76/><F68/><W117/><G133/><T56/><D128/><U64/><E110/><V130/><F130/><W58/><G98/><T63/><D104/><U108/><E108/><V99/><F113/><W135/><G135/><T69/><D69/><U90/><E114/><V85/><F126/><W45/><G58/><T115/><D7/><U71/><E78/><V8/><F99/><W82/><G31/><T52/><D2/><U96/><E24/><V55/><F42/><W62/><G62/><T105/><D105/><U32/><E32/><V116/><F116/><W125/><G82/><T49/><D28/><U34/><E34/><V37/><F37/><W15/><G15/><T94/><D33/><U17/><REACH who="1" step="1"/><E48/><REACH who="1" ten="359,210,90,331" step="2"/><V132/><F132/><W36/><G36/><T60/><D49/><U77/><E77/><N who="2" m="46095" /><F74/><W44/><G117/><T3/><D115/><U129/><E129/><V95/><F73/><W100/><G118/><T97/><D63/><U57/><E57/><N who="2" m="33023" /><F8/><W120/><G9/><T134/><D134/><U119/><E119/><V35/><F35/><W46/><G120/><T131/><D131/><U93/><AGARI ba="0,1" hai="0,5,10,11,14,17,20,22,61,64,71,90,93,96" machi="93" ten="30,7900,0" yaku="1,1,0,1,52,2,53,0" doraHai="18" doraHaiUra="83" who="1" fromWho="1" sc="359,-20,210,89,90,-39,331,-20" /><INIT seed="7,0,0,1,2,8" ten="339,299,51,311" oya="3" hai0="6,34,107,2,90,49,98,81,20,113,60,83,44" hai1="75,11,22,73,123,1,99,132,131,15,104,69,91" hai2="43,68,51,80,17,111,56,124,30,82,97,117,46" hai3="7,70,32,126,120,57,85,63,59,36,14,106,38"/><W0/><G120/><T3/><D34/><U67/><E123/><V12/><F111/><W112/><G0/><T102/><D2/><U21/><E131/><V105/><F117/><W130/><G32/><T4/><D3/><U42/><E42/><V95/><F68/><W9/><G130/><T93/><D20/><U66/><E1/><V100/><F124/><W128/><G128/><T65/><D113/><U116/><E116/><V87/><F105/><W78/><G112/><T115/><D115/><U5/><E132/><V86/><F30/><W27/><G106/><T61/><D107/><U50/><E50/><V18/><F56/><W62/><G70/><T127/><D127/><U109/><E109/><V64/><F64/><N who="3" m="38991" /><G38/><T29/><D29/><U53/><E53/><V23/><F86/><W40/><G36/><T121/><D121/><U13/><E69/><V58/><F58/><W16/><G40/><N who="0" m="24711" /><D65/><N who="1" m="24587" /><E104/><V119/><F119/><W33/><G33/><T35/><D35/><U133/><E133/><V134/><F134/><W48/><G126/><T26/><D26/><U94/><E75/><V89/><F80/><N who="0" m="30794" /><D102/><U37/><E37/><V135/><F135/><W77/><G63/><AGARI ba="0,0" hai="4,6,60,61,63,90,93,98" m="30794,24711" machi="63" ten="30,1000,0" yaku="8,1" doraHai="8" who="0" fromWho="3" sc="339,10,299,0,51,0,311,-10" owari="349,44.9,299,-10.1,51,-44.9,301,10.1" /></mjloggm>