<mjloggm ver="2.3"><GO type="169" lobby="0"/><UN n0="%E2%97%8E%E3%82%88%E3%81%97%E2%97%8E" n1="%E4%B8%83%E7%94%9F%E5%A4%95" n2="%57%E7%BF%BC%E9%9B%AA" n3="%E9%A2%A8%E3%81%A7%E9%B3%B4%E3%81%8F" dan="17,16,16,17" rate="2182.87,2093.59,2064.46,2192.44" sx="M,M,F,M"/><TAIKYOKU oya="0"/><INIT seed="0,0,0,1,4,13" ten="250,250,250,250" oya="0" hai0="20,80,93,108,41,8,73,33,36,62,0,72,25" hai1="121,10,103,95,6,122,88,11,12,61,87,47,28" hai2="129,30,105,127,51,46,104,2,5,75,70,3,81" hai3="49,98,40,64,110,114,37,48,89,111,130,101,125"/><T134/><D33/><U97/><E28/><V109/><F70/><W42/><G114/><T107/><D107/><U29/><E29/><V19/><F109/><N who="3" m="41483" /><G125/><T71/><D108/><U22/><E22/><V54/><F127/><W126/><G126/><T44/><D134/><U74/><E74/><V120/><F120/><W38/><G89/><T69/><D93/><U60/><E47/><V4/><F30/><W57/><G98/><T85/><D62/><U50/><E50/><N who="3" m="19562" /><G101/><T91/><D73/><U17/><E121/><V63/><F129/><W23/><G23/><T123/><D72/><U76/><E76/><V83/><F75/><W84/><G84/><T52/><D123/><U66/><E66/><V135/><F135/><W82/><G82/><T27/><D52/><U118/><E118/><V94/><F94/><W128/><G57/><T99/><D99/><U31/><E31/><V119/><F119/><W24/><G24/><T100/><D100/><U102/><E102/><V1/><F81/><W79/><G79/><T124/><D25/><U9/><E122/><V14/><F83/><W117/><G64/><T45/><D45/><U131/><E131/><N who="3" m="50218" /><G117/><T16/><REACH who="0" step="1"/><D124/><REACH who="0" ten="240,250,250,250" step="2"/><U34/><E34/><V132/><F132/><W106/><G106/><T113/><D113/><U90/><E103/><V67/><F104/><W39/><AGARI ba="0,1" hai="37,38,39,40,42" m="50218,19562,41483" machi="39" ten="40,12000,2" yaku="28,2,14,1,19,1,34,2" doraHai="13" who="3" fromWho="3" sc="240,-60,250,-30,250,-30,250,130" /><INIT seed="1,0,0,5,0,58" ten="180,220,220,380" oya="1" hai0="63,129,101,56,88,111,18,1,23,117,5,62,64" hai1="132,116,69,25,120,70,72,90,7,65,17,28,2" hai2="109,104,30,40,100,15,36,87,86,6,68,114,126" hai3="78,32,12,80,67,16,85,76,125,128,61,97,118"/><U3/><E116/><V91/><F109/><W99/><G32/><T106/><D117/><U73/><E120/><V4/><F126/><W49/><G118/><T79/><D111/><U60/><E132/><V26/><F68/><W113/><G113/><T14/><D129/><U83/><E70/><V34/><F114/><W82/><G49/><T47/><D79/><U39/><E39/><V133/><F133/><W96/><G128/><T71/><D1/><U66/><E66/><V134/><F134/><W107/><G125/><T37/><D5/><U74/><E17/><V27/><F27/><W22/><G107/><T46/><D37/><U42/><E42/><V45/><F15/><W43/><G43/><T54/><REACH who="0" step="1"/><D88/><REACH who="0" ten="170,220,220,380" step="2"/><U84/><REACH who="1" step="1"/><E7/><REACH who="1" ten="170,210,220,380" step="2"/><V121/><F4/><W19/><G19/><T38/><D38/><U53/><E53/><V48/><F6/><W24/><G12/><T35/><D35/><AGARI ba="0,2" hai="2,3,25,28,35,60,65,69,72,73,74,83,84,90" machi="35" ten="40,7700,0" yaku="1,1,52,1,53,1" doraHai="58" doraHaiUra="21" who="1" fromWho="0" sc="170,-77,210,97,220,0,380,0" /><INIT seed="1,1,0,5,4,131" ten="93,307,220,380" oya="1" hai0="129,42,119,76,31,117,100,130,116,123,106,97,91" hai1="49,67,40,29,57,6,34,81,107,92,83,82,38" hai2="134,66,9,79,56,99,25,43,24,22,78,70,105" hai3="101,73,28,48,102,110,109,55,51,121,95,80,94"/><U77/><E107/><V132/><F70/><W23/><G121/><T59/><D42/><U27/><E6/><V87/><F43/><W65/><G65/><T26/><D123/><U52/><E67/><V16/><F9/><W126/><G126/><T14/><D14/><U58/><E58/><V128/><F128/><W113/><G113/><T7/><D7/><U11/><E11/><V74/><F74/><W127/><G127/><T10/><D10/><U4/><E4/><V1/><F1/><W18/><G80/><T111/><D76/><U13/><E13/><V103/><F25/><W33/><G73/><T60/><D91/><U75/><REACH who="1" step="1"/><E92/><REACH who="1" ten="93,297,220,380" step="2"/><V85/><F105/><W8/><G95/><T93/><D106/><U5/><E5/><V2/><F2/><W68/><G94/><T17/><D129/><U112/><E112/><V89/><F56/><W32/><G8/><T54/><D130/><U30/><E30/><V84/><F66/><W124/><G28/><T47/><D17/><U62/><E62/><V96/><F16/><W12/><G124/><T120/><D120/><U64/><E64/><V46/><F24/><W21/><G68/><T86/><D26/><U118/><E118/><V53/><F46/><AGARI ba="1,1" hai="27,29,34,38,40,46,49,52,57,75,77,81,82,83" machi="46" ten="40,3900,0" yaku="1,1,54,1,53,0" doraHai="131" doraHaiUra="61" who="1" fromWho="2" sc="93,0,297,52,220,-42,380,0" /><INIT seed="1,2,0,0,5,123" ten="93,349,178,380" oya="1" hai0="73,82,49,62,71,88,132,8,94,1,128,84,21" hai1="32,13,10,30,118,14,23,77,3,87,55,19,111" hai2="51,42,101,52,117,125,106,124,27,31,26,34,122" hai3="105,72,60,120,91,12,76,57,134,65,113,47,80"/><U16/><E118/><V74/><F117/><W43/><G134/><T5/><D132/><U95/><E3/><V9/><F122/><W81/><G120/><T50/><D128/><U6/><E111/><V63/><F74/><W41/><G113/><T54/><D21/><U129/><E129/><V79/><F79/><W2/><G105/><T36/><D36/><U48/><E32/><V130/><F130/><W64/><G2/><T28/><D28/><U40/><E40/><V61/><F42/><W92/><G80/><T15/><D1/><U18/><E30/><V107/><F27/><W135/><G135/><T59/><D71/><U44/><E77/><V0/><F9/><W126/><G126/><N who="2" m="48745" /><F0/><W86/><G64/><T20/><D20/><U17/><E6/><V24/><F24/><W112/><G112/><T100/><REACH who="0" step="1"/><D73/><REACH who="0" ten="83,349,178,380" step="2"/><U45/><E23/><V109/><F109/><W53/><G12/><T78/><D78/><U58/><E14/><V90/><F34/><W70/><G47/><T89/><D89/><AGARI ba="2,1" hai="10,13,16,17,18,19,44,45,48,55,58,87,89,95" machi="89" ten="40,3900,0" yaku="8,1,54,1" doraHai="123" who="1" fromWho="0" sc="83,-45,349,55,178,0,380,0" /><INIT seed="1,3,0,2,4,11" ten="38,404,178,380" oya="1" hai0="128,110,18,83,70,64,3,9,19,73,63,111,98" hai1="27,116,57,5,42,87,115,101,104,41,61,117,78" hai2="45,79,80,106,48,50,34,66,105,96,90,67,77" hai3="118,40,84,52,109,102,32,25,122,81,6,127,29"/><U47/><E115/><V99/><F34/><W121/><G109/><N who="0" m="41483" /><D128/><U0/><E42/><V88/><F80/><W107/><G127/><T114/><D114/><U129/><E129/><V112/><F45/><W120/><G40/><T20/><D98/><U91/><E78/><V7/><F112/><W1/><G118/><T43/><D43/><U14/><E0/><V74/><REACH who="2" step="1"/><F7/><REACH who="2" ten="38,404,168,380" step="2"/><W44/><G6/><N who="0" m="1247" /><D20/><U95/><E116/><V15/><F15/><W23/><G1/><T49/><D83/><U60/><E117/><V62/><F62/><W58/><G44/><T94/><D73/><AGARI ba="3,1" hai="48,50,66,67,73,74,77,79,88,90,96,99,105,106" machi="73" ten="25,6400,0" yaku="1,1,22,2,54,1,53,0" doraHai="11" doraHaiUra="89" who="2" fromWho="0" sc="38,-73,404,0,168,83,380,0" owari="-35,-53.5,404,50.4,251,-14.9,380,18.0" /></mjloggm>