<mjloggm ver="2.3"><GO type="169" lobby="0"/><UN n0="%E4%BE%8D" n1="%E5%9C%A7%E5%80%92%E7%9A%84%E3%83%9D%E3%83%B3" n2="%E3%83%97%E3%83%AC%E3%82%B9%E3%83%97" n3="%E3%82%A2%E3%83%AA%E3%82%A2%E3%83%B3%E3%83%AD%E3%83%BC%E3%83%89" dan="17,17,16,16" rate="2201.92,2208.85,2166.76,2110.01" sx="M,M,M,F"/><TAIKYOKU oya="0"/><INIT seed="0,0,0,5,2,51" ten="250,250,250,250" oya="0" hai0="112,3,15,90,91,63,130,121,40,38,111,4,92" hai1="80,59,56,37,14,70,79,44,43,101,102,99,66" hai2="9,21,27,88,84,19,2,29,39,61,105,117,22" hai3="28,131,133,86,132,115,113,53,73,35,25,134,46"/><T12/><D121/><U72/><E102/><V124/><F105/><W76/><G73/><T10/><D112/><U69/><E59/><V52/><F124/><W65/><G131/><T58/><D130/><U94/><E14/><N who="2" m="7631" /><F2/><W11/><G65/><T119/><D119/><U127/><E127/><V45/><F39/><W71/><G71/><T13/><D111/><U85/><E72/><V104/><F104/><W87/><G11/><T42/><D38/><U41/><E41/><V75/><F75/><W34/><G34/><T47/><D47/><U64/><REACH who="1" step="1"/><E56/><REACH who="1" ten="250,240,250,250" step="2"/><N who="2" m="34951" /><F117/><W17/><G115/><T77/><D77/><U48/><E48/><V103/><F103/><W116/><G113/><T0/><D91/><U129/><E129/><V110/><F110/><W95/><G116/><T96/><REACH who="0" step="1"/><D0/><REACH who="0" ten="240,240,250,250" step="2"/><U49/><E49/><V81/><F45/><W16/><G76/><T54/><AGARI ba="0,2" hai="3,4,10,12,13,15,40,42,54,58,63,90,92,96" machi="54" ten="30,11700,0" yaku="1,1,2,1,0,1,52,1,53,0" doraHai="51" doraHaiUra="106" who="0" fromWho="0" sc="240,137,240,-39,250,-39,250,-39" /><INIT seed="0,1,0,5,3,32" ten="377,201,211,211" oya="0" hai0="26,104,29,127,54,19,65,72,123,58,60,92,4" hai1="49,108,36,87,35,117,23,38,9,55,76,99,56" hai2="12,89,31,120,112,22,134,66,70,95,34,43,119" hai3="91,46,79,63,107,71,103,41,73,128,57,62,33"/><T86/><D123/><U122/><E117/><V16/><F120/><W131/><G33/><T28/><D104/><U15/><E122/><V30/><F112/><W11/><G71/><T25/><D72/><U0/><E35/><V90/><F134/><W39/><G91/><N who="0" m="53367" /><D127/><U69/><E69/><V98/><F119/><W77/><G103/><T14/><D4/><U80/><E108/><V52/><F34/><W109/><G107/><T118/><D118/><U21/><E99/><V40/><F89/><W68/><G109/><T78/><D78/><U94/><E94/><V59/><F66/><W106/><G106/><T67/><D26/><U42/><E42/><N who="2" m="15915" /><F70/><W1/><G68/><T126/><D126/><U45/><E45/><V5/><F5/><N who="3" m="1455" /><G79/><T44/><D25/><U37/><REACH who="1" step="1"/><E0/><REACH who="1" ten="377,191,211,211" step="2"/><V17/><F17/><AGARI ba="1,1" hai="9,15,17,21,23,36,37,38,49,55,56,76,80,87" machi="17" ten="40,2600,0" yaku="1,1,2,1,53,0" doraHai="32" doraHaiUra="130" who="1" fromWho="2" sc="377,0,191,39,211,-29,211,0" /><INIT seed="1,0,0,1,1,45" ten="377,230,182,211" oya="1" hai0="5,118,115,49,72,103,88,61,92,31,29,83,58" hai1="7,82,57,87,19,55,105,96,102,53,108,63,14" hai2="109,33,22,43,36,56,127,90,65,54,51,12,25" hai3="42,120,52,122,95,11,60,26,66,131,75,79,46"/><U104/><E7/><V34/><F109/><W68/><G131/><T107/><D118/><U73/><E73/><V47/><F127/><W62/><G95/><T59/><D115/><U64/><E108/><V112/><F112/><W74/><G74/><T4/><D107/><U111/><E105/><V6/><F90/><W123/><G11/><T106/><D106/><U32/><E32/><V38/><F38/><W97/><G97/><T114/><D103/><U99/><E99/><V9/><REACH who="2" step="1"/><F65/><REACH who="2" ten="377,230,172,211" step="2"/><W93/><G120/><T124/><D88/><U44/><E111/><V94/><F94/><W18/><G93/><T13/><D92/><U0/><E82/><V130/><F130/><W50/><G79/><T69/><D124/><U67/><E87/><V113/><F113/><W81/><G81/><T126/><D126/><U20/><REACH who="1" step="1"/><E0/><REACH who="1" ten="377,220,172,211" step="2"/><V21/><F21/><W71/><G75/><T110/><D110/><U30/><E30/><AGARI ba="0,2" hai="6,9,12,22,25,30,33,34,36,43,47,51,54,56" machi="30" ten="30,3900,0" yaku="1,1,7,1,52,1,53,0" doraHai="45" doraHaiUra="134" who="2" fromWho="1" sc="377,0,220,-39,172,59,211,0" /><INIT seed="2,0,0,5,5,98" ten="377,181,231,211" oya="2" hai0="70,63,130,20,134,18,92,81,41,58,66,112,114" hai1="29,71,1,30,43,36,9,37,64,99,27,102,21" hai2="115,51,113,52,86,125,120,44,95,126,65,25,106" hai3="124,94,60,132,59,26,73,62,22,82,97,16,78"/><V34/><F106/><W13/><G132/><T7/><D134/><U54/><E29/><V100/><F120/><W101/><G124/><N who="2" m="47721" /><F65/><W76/><G76/><T75/><D130/><U39/><E43/><V50/><F50/><W12/><REACH who="3" step="1"/><G60/><REACH who="3" ten="377,181,231,201" step="2"/><T17/><D63/><U72/><E72/><V96/><F86/><W129/><G129/><T47/><D75/><U57/><E71/><V131/><F131/><W87/><G87/><T69/><D70/><U121/><E121/><V42/><F42/><W93/><G93/><T56/><D69/><U67/><E67/><AGARI ba="0,1" hai="12,13,16,22,26,59,62,67,73,78,82,94,97,101" machi="67" ten="30,7700,0" yaku="1,1,7,1,52,1,54,1,53,0" doraHai="98" doraHaiUra="4" who="3" fromWho="1" sc="377,0,181,-77,231,0,201,87" /><INIT seed="3,0,0,3,3,12" ten="377,104,231,288" oya="3" hai0="14,0,37,110,67,70,7,108,64,19,121,97,131" hai1="128,62,18,16,73,124,112,65,119,117,57,24,50" hai2="133,38,17,31,81,3,80,106,134,8,46,1,114" hai3="93,105,101,72,11,63,88,96,41,86,125,103,56"/><W135/><G135/><N who="2" m="51721" /><F114/><W61/><G125/><T27/><D121/><U127/><E73/><V35/><F106/><W44/><G103/><T85/><D37/><U49/><E112/><V6/><F38/><W126/><G126/><N who="1" m="48170" /><E128/><V109/><F46/><W104/><G72/><T98/><D131/><U40/><E40/><V75/><F75/><W79/><G79/><T107/><D27/><U55/><E24/><N who="2" m="18919" /><F81/><W94/><G11/><T59/><D7/><U45/><E50/><V122/><F80/><W36/><REACH who="3" step="1"/><G63/><REACH who="3" ten="377,104,231,278" step="2"/><T33/><D110/><U90/><E90/><V48/><F109/><W111/><G111/><T52/><D108/><U84/><E84/><V102/><F102/><W130/><G130/><T83/><D85/><U92/><E92/><V87/><F87/><W2/><G2/><T20/><D0/><U25/><E25/><V129/><F129/><W26/><G26/><T53/><D98/><U71/><E71/><V76/><F76/><W78/><G78/><T99/><D97/><U34/><E34/><V23/><F122/><W91/><G91/><T43/><D33/><U120/><E120/><V95/><F95/><W89/><G89/><T4/><D70/><U100/><E100/><V113/><F113/><W32/><G32/><T10/><D99/><U123/><E123/><V68/><F68/><W15/><G15/><T77/><D14/><U42/><E42/><V74/><F74/><W21/><G21/><T118/><D20/><U132/><E132/><V69/><F69/><W82/><G82/><T115/><D83/><U13/><E13/><N who="2" m="9647" /><F3/><W9/><G9/><RYUUKYOKU ba="0,1" sc="377,-30,104,10,231,10,278,10" hai1="16,18,45,49,55,57,62,65,117,119" hai2="1,6,8,48" hai3="36,41,44,56,61,86,88,93,94,96,101,104,105" /><INIT seed="3,1,1,0,4,104" ten="347,114,241,288" oya="3" hai0="128,7,64,43,77,13,40,38,22,83,127,100,29" hai1="50,80,49,96,94,44,113,30,41,8,63,2,133" hai2="32,101,79,11,56,1,4,123,135,46,132,105,48" hai3="70,71,58,23,121,27,111,102,122,116,62,60,3"/><W89/><G3/><T85/><D128/><U106/><E106/><V66/><F123/><W67/><G102/><T16/><D127/><U95/><E133/><N who="2" m="51275" /><F32/><W82/><G116/><T69/><D38/><U130/><E130/><V51/><F79/><W68/><G111/><T34/><D100/><U103/><E113/><V86/><F86/><W117/><G117/><T59/><D69/><U42/><E30/><V72/><F72/><W108/><G108/><T54/><D64/><U14/><E2/><V37/><F37/><W81/><G62/><T15/><D34/><U12/><E63/><N who="2" m="38247" /><F46/><W31/><REACH who="3" step="1"/><G89/><REACH who="3" ten="347,114,241,278" step="2"/><T97/><D40/><U73/><E42/><V126/><F126/><W119/><G119/><T47/><D43/><U115/><E115/><V91/><F91/><W55/><G55/><T20/><D54/><U33/><E49/><V78/><F78/><W57/><G57/><T17/><D59/><U65/><E65/><V134/><F134/><W76/><G76/><T24/><D47/><U6/><E41/><V28/><F101/><W39/><G39/><T114/><D114/><U87/><E44/><V92/><F51/><W9/><G9/><T18/><D97/><U10/><E50/><V0/><F48/><W110/><G110/><T93/><D93/><U35/><E95/><V98/><F92/><W53/><G53/><T107/><D107/><U45/><E45/><V131/><F131/><W112/><G112/><T75/><D85/><U99/><E99/><V21/><F98/><W118/><G118/><T61/><D61/><U52/><E96/><V109/><F109/><RYUUKYOKU ba="1,2" sc="347,15,114,-15,241,-15,278,15" hai0="7,13,15,16,17,18,20,22,24,29,75,77,83" hai3="23,27,31,58,60,67,68,70,71,81,82,121,122" /><INIT seed="3,2,2,2,5,123" ten="362,99,226,293" oya="3" hai0="86,106,37,102,19,117,63,56,72,133,26,99,103" hai1="114,90,118,17,69,49,28,73,108,68,8,77,64" hai2="10,32,48,121,135,36,84,75,119,71,116,15,53" hai3="59,130,98,6,76,12,78,92,74,104,24,132,0"/><W14/><G130/><T62/><D117/><U79/><E118/><V4/><F75/><W131/><G131/><T126/><D72/><U42/><E114/><V115/><F36/><W122/><G122/><T82/><D37/><U101/><E101/><V33/><F115/><W54/><G104/><T100/><D133/><U27/><E108/><V29/><F121/><W25/><G0/><T96/><D126/><U129/><E129/><V93/><F135/><W127/><G127/><T60/><D56/><U1/><E64/><V113/><F71/><W97/><G97/><N who="0" m="37451" /><D106/><U112/><E112/><V22/><F113/><W83/><G132/><T45/><D45/><U128/><E128/><V88/><F22/><W46/><G46/><T120/><D120/><U55/><E42/><V16/><F4/><W89/><G76/><N who="0" m="46407" /><D19/><U39/><E39/><V52/><F53/><W43/><G43/><T124/><D124/><U61/><E73/><V47/><REACH who="2" step="1"/><F29/><REACH who="2" ten="362,99,216,293" step="2"/><W34/><G6/><T111/><D111/><U58/><E69/><V21/><F21/><W38/><G38/><T7/><D7/><U50/><E68/><V9/><F9/><W125/><G125/><T134/><D134/><U5/><E17/><V81/><F81/><W87/><G74/><T107/><D107/><U110/><E110/><V35/><AGARI ba="2,3" hai="10,15,16,32,33,35,47,48,52,84,88,93,116,119" machi="35" ten="30,8000,1" yaku="1,1,0,1,54,3,53,0" doraHai="123" doraHaiUra="20" who="2" fromWho="2" sc="362,-22,99,-22,216,116,293,-42" /><INIT seed="4,0,0,1,4,119" ten="340,77,332,251" oya="0" hai0="134,130,96,69,44,61,129,68,122,81,20,128,59" hai1="11,29,70,65,133,92,9,103,102,94,67,17,24" hai2="36,62,101,64,14,108,87,45,104,93,6,131,32" hai3="63,41,48,8,123,114,19,118,25,132,30,112,73"/><T28/><D134/><U83/><E70/><V71/><F108/><W15/><G73/><T124/><D124/><U78/><E133/><V97/><F131/><W116/><G63/><T89/><D44/><U125/><E125/><V75/><F75/><W107/><G107/><T66/><D122/><U43/><E43/><V74/><F74/><W27/><G48/><T109/><D109/><U53/><E53/><V46/><F36/><W13/><G41/><T100/><D89/><U34/><E17/><V38/><F38/><W95/><G95/><N who="0" m="58399" /><D81/><U39/><E39/><V26/><F87/><W18/><G132/><T10/><D10/><U12/><E11/><N who="2" m="4471" /><F93/><W85/><G85/><T127/><D127/><U60/><E94/><V91/><F91/><W35/><G123/><T56/><D56/><U49/><E92/><V98/><F98/><W52/><G52/><T110/><D110/><U117/><E117/><V23/><F23/><W42/><G42/><T111/><D111/><U7/><E67/><V90/><F90/><W99/><G99/><T22/><D22/><U126/><E126/><V120/><F120/><W31/><G8/><T16/><D28/><AGARI ba="0,0" hai="26,28,32,45,46,62,64,71,97,101,104" m="4471" machi="28" ten="30,1000,0" yaku="25,1" doraHai="119" who="2" fromWho="0" sc="340,-10,77,0,332,10,251,0" /><INIT seed="5,0,0,1,4,28" ten="330,77,342,251" oya="1" hai0="6,69,116,47,41,12,87,88,48,130,39,102,16" hai1="56,51,64,122,7,38,29,126,115,35,118,108,9" hai2="10,52,117,127,62,63,128,83,21,111,20,105,42" hai3="104,132,66,91,110,34,57,106,96,36,0,113,97"/><U3/><E51/><V32/><F117/><W50/><G0/><T129/><D116/><U100/><E56/><V54/><F111/><W24/><G36/><T60/><D102/><U123/><E108/><V71/><F105/><W59/><G110/><T13/><D6/><U114/><E118/><V131/><F42/><W22/><G113/><N who="1" m="43018" /><E64/><V58/><F83/><W26/><G22/><T92/><D12/><U18/><E100/><V99/><F99/><W94/><G50/><T65/><REACH who="0" step="1"/><D39/><REACH who="0" ten="320,77,342,251" step="2"/><U31/><E38/><V101/><F101/><W30/><G106/><T85/><D85/><U119/><E119/><V134/><F128/><W25/><G104/><T81/><D81/><U49/><E49/><V93/><F131/><W120/><G97/><T14/><D14/><U121/><E126/><V19/><F127/><W37/><G37/><T98/><D98/><U53/><E53/><V2/><F54/><W124/><G124/><T44/><D44/><U46/><E46/><V70/><F52/><W82/><G82/><T86/><D86/><U45/><E45/><V125/><F125/><W15/><G15/><T5/><D5/><U33/><E18/><V17/><F19/><W109/><G109/><T40/><D40/><U8/><E8/><AGARI ba="0,1" hai="8,13,16,41,47,48,60,65,69,87,88,92,129,130" machi="8" ten="40,5200,0" yaku="1,1,54,2,53,0" doraHai="28" doraHaiUra="77" who="0" fromWho="1" sc="320,62,77,-52,342,0,251,0" /><INIT seed="6,0,0,5,5,36" ten="382,25,342,251" oya="2" hai0="23,56,31,10,22,129,53,13,69,63,3,7,101" hai1="75,110,132,60,100,102,116,131,96,92,88,109,41" hai2="87,18,1,128,72,58,6,115,84,64,94,0,74" hai3="130,126,14,123,5,57,12,91,97,119,80,33,73"/><V121/><F121/><W37/><G119/><T111/><D111/><U38/><E60/><V103/><F115/><W106/><G123/><T45/><D129/><U28/><E28/><V105/><F105/><W133/><G33/><T30/><D69/><U46/><E116/><V66/><F18/><W55/><G130/><T125/><D125/><U89/><E131/><V93/><F128/><W98/><G126/><T17/><D101/><U114/><E114/><V49/><F103/><W134/><G37/><T90/><D23/><U86/><E132/><N who="3" m="50794" /><G106/><T70/><D70/><U11/><E75/><V124/><F49/><N who="3" m="30959" /><G5/><T104/><D104/><U122/><E122/><V71/><F71/><W19/><G12/><T77/><D77/><U83/><E102/><V62/><F124/><W15/><G15/><T59/><D45/><U79/><E11/><V113/><F113/><W65/><G65/><T43/><D3/><U27/><E27/><V54/><F54/><W26/><G26/><N who="0" m="14671" /><D59/><U9/><REACH who="1" step="1"/><E9/><REACH who="1" ten="382,15,342,251" step="2"/><V52/><F62/><W117/><G117/><T25/><D25/><U99/><E99/><V76/><F72/><W107/><G73/><T8/><D8/><U40/><E40/><V68/><F74/><W67/><G98/><T32/><D43/><U48/><E48/><V81/><F87/><W108/><G97/><T24/><D31/><U16/><E16/><V20/><F84/><W39/><G19/><T2/><D13/><U120/><E120/><V4/><F1/><W95/><G14/><T127/><D127/><U21/><E21/><V50/><F0/><W82/><G39/><RYUUKYOKU ba="0,1" sc="382,15,15,15,342,-15,251,-15" hai0="2,7,10,24,30,32,53,56,63,90" hai1="38,41,46,79,83,86,88,89,92,96,100,109,110" /><INIT seed="7,1,1,3,0,69" ten="397,30,327,236" oya="3" hai0="45,68,17,75,36,78,35,47,110,128,5,101,19" hai1="81,22,127,7,24,16,123,51,26,58,117,25,129" hai2="64,38,126,113,12,71,14,135,131,32,119,118,70" hai3="44,93,90,31,73,88,40,48,86,124,23,106,15"/><W1/><G1/><T28/><D110/><U63/><E123/><V67/><F32/><W10/><G124/><T74/><D68/><U112/><E117/><V109/><F109/><W13/><G106/><T83/><D75/><U34/><E127/><V33/><F33/><W87/><G73/><T41/><D128/><U121/><E121/><V125/><F131/><W99/><G99/><T62/><D62/><U50/><E129/><V97/><F97/><W29/><G23/><T49/><D101/><U59/><E112/><V43/><F43/><W132/><G132/><T104/><D104/><U91/><E7/><V11/><F11/><W42/><G42/><T114/><D5/><U9/><E9/><V30/><F30/><W54/><G40/><T53/><D114/><U108/><E108/><V80/><F80/><W21/><G21/><T122/><D122/><U66/><E34/><V55/><F55/><W8/><G8/><T6/><D6/><U96/><E59/><V18/><F18/><W94/><G13/><T27/><AGARI ba="1,1" hai="17,19,27,28,35,36,41,45,47,49,53,74,78,83" machi="27" ten="30,2000,0" yaku="0,1,52,1" doraHai="69" who="0" fromWho="0" sc="397,33,30,-6,327,-6,236,-11" owari="430,53.0,24,-47.6,321,12.1,225,-17.5" /></mjloggm>