<mjloggm ver="2.3"><GO type="169" lobby="0"/><UN n0="%E8%B5%A4%E6%AF%9B%E3%81%AE%E3%82%AD%E3%83%A7%E3%83%B3" n1="%74%6F%72%69%30%36%31%32" n2="%E3%82%A4%E3%82%AB%E3%81%AB%E3%82%82%E6%9D%B1%E5%8C%97" n3="%E6%98%9F%E7%A9%BA%E3%81%AE%E3%83%A1%E3%83%A2%E3%83%AA%E3%82%A2" dan="18,18,16,16" rate="2318.67,2189.83,2153.52,2058.81" sx="M,M,M,F"/><TAIKYOKU oya="0"/><INIT seed="0,0,0,4,4,129" ten="250,250,250,250" oya="0" hai0="20,32,73,85,39,115,29,55,66,58,72,47,89" hai1="98,70,15,2,103,62,51,12,111,68,6,52,53" hai2="99,101,23,30,9,13,57,135,86,112,80,65,74" hai3="81,108,42,43,83,10,106,5,38,105,133,91,97"/><T94/><D115/><U19/><E2/><V77/><F112/><W116/><G116/><T104/><D104/><U100/><E111/><V93/><F74/><W16/><G108/><T56/><D32/><U109/><E109/><V28/><F23/><W126/><G126/><T117/><D117/><U69/><E6/><V120/><F120/><W61/><G61/><T110/><D110/><U18/><E62/><N who="2" m="38095" /><F135/><W124/><G124/><T44/><D66/><U71/><E71/><V1/><F1/><W75/><G133/><T118/><D118/><U48/><E69/><V11/><F11/><W36/><G75/><T8/><D58/><U92/><E92/><V40/><F40/><W64/><G64/><T119/><D119/><U50/><E50/><V34/><F34/><W46/><G5/><AGARI ba="0,0" hai="5,9,13,28,30,77,80,86,93,99,101" m="38095" machi="5" ten="30,1000,0" yaku="8,1" doraHai="129" who="2" fromWho="3" sc="250,0,250,0,250,10,250,-10" /><INIT seed="1,0,0,1,3,52" ten="250,250,260,240" oya="1" hai0="26,16,125,81,77,98,13,110,82,80,0,116,71" hai1="12,72,90,106,32,73,58,69,33,111,5,119,68" hai2="88,37,91,109,50,123,65,70,44,84,99,95,120" hai3="93,115,30,62,17,87,100,25,79,55,92,36,131"/><U41/><E119/><V46/><F109/><W47/><G115/><T121/><D116/><U29/><E41/><V102/><F37/><W101/><G131/><T42/><D0/><U9/><E106/><V129/><F129/><W49/><G36/><T2/><D2/><U19/><E69/><V117/><F117/><W10/><G62/><T75/><D110/><U59/><E68/><V35/><F35/><W126/><G126/><T134/><D125/><U27/><E33/><V7/><F7/><W54/><G54/><T24/><D71/><U67/><E67/><V51/><F91/><N who="3" m="53375" /><G79/><T3/><D3/><N who="1" m="191" /><E90/><V104/><F65/><W113/><G93/><T103/><D121/><U135/><E111/><V74/><F74/><N who="1" m="28777" /><E135/><V31/><F31/><W20/><G113/><T53/><D42/><U108/><E108/><V118/><F70/><W60/><G60/><T23/><D134/><U6/><E6/><V28/><F28/><W15/><AGARI ba="0,0" hai="10,15,17,20,25,30,47,49,55,100,101" m="53375" machi="15" ten="30,1100,0" yaku="8,1" doraHai="52" who="3" fromWho="3" sc="250,-3,250,-5,260,-3,240,11" /><INIT seed="2,0,0,1,4,105" ten="247,245,257,251" oya="2" hai0="66,110,123,126,5,54,133,45,128,121,83,117,42" hai1="99,64,91,3,84,11,94,115,69,32,8,71,125" hai2="48,31,16,13,113,79,130,20,60,98,85,35,135" hai3="7,18,12,37,30,1,49,57,95,58,53,55,2"/><V78/><F113/><W107/><G107/><T25/><D5/><U41/><E115/><V134/><F130/><W26/><G37/><T106/><D106/><U127/><E32/><V77/><F98/><W93/><G7/><T131/><D25/><U21/><E41/><V40/><F60/><W51/><G2/><T28/><D28/><U132/><E3/><V19/><F85/><W62/><G1/><T119/><D83/><U102/><E21/><V34/><F19/><W24/><G62/><T124/><D66/><U122/><E122/><N who="0" m="46601" /><D54/><U14/><E64/><V4/><F4/><W47/><G47/><T100/><D100/><U74/><E8/><V46/><REACH who="2" step="1"/><F31/><REACH who="2" ten="247,245,247,251" step="2"/><W39/><G39/><N who="0" m="21727" /><D133/><AGARI ba="0,1" hai="13,16,20,34,35,40,46,48,77,78,79,133,134,135" machi="133" ten="40,7700,0" yaku="1,1,20,1,54,1,53,0" doraHai="105" doraHaiUra="67" who="2" fromWho="0" sc="247,-77,245,0,247,87,251,0" /><INIT seed="2,1,0,5,0,108" ten="170,245,334,251" oya="2" hai0="52,103,88,54,73,33,53,82,44,21,98,114,100" hai1="51,111,14,69,75,121,83,124,76,99,6,29,31" hai2="110,19,77,2,20,62,15,67,93,43,60,105,22" hai3="7,92,79,46,128,58,57,61,131,120,9,129,26"/><V49/><F105/><W1/><G120/><T28/><D33/><U63/><E111/><V97/><F2/><W91/><G79/><T30/><D114/><U48/><E124/><V104/><F104/><W25/><G46/><T59/><D73/><U132/><E132/><V109/><F77/><W80/><G80/><T24/><D30/><U112/><E112/><V117/><F117/><W125/><G125/><T50/><D59/><U64/><E121/><V74/><F74/><W17/><G17/><T36/><D36/><U113/><E113/><V0/><F0/><W47/><G47/><T27/><D27/><U89/><E89/><V78/><F78/><W32/><G58/><T11/><D11/><U96/><E31/><V16/><F49/><W86/><REACH who="3" step="1"/><G32/><REACH who="3" ten="170,245,334,241" step="2"/><T5/><D5/><U118/><E118/><V126/><F126/><W135/><G135/><T101/><D82/><U39/><E83/><V45/><F45/><W56/><G56/><T134/><D134/><U106/><E76/><V3/><F19/><W71/><G71/><T81/><D81/><U90/><E69/><V127/><F16/><W35/><G35/><T116/><D116/><U119/><E119/><V41/><F127/><W42/><G42/><T95/><AGARI ba="1,1" hai="21,24,28,44,50,52,53,54,88,95,98,100,101,103" machi="95" ten="30,7900,0" yaku="0,1,8,1,54,2" doraHai="108" who="0" fromWho="0" sc="170,92,245,-21,334,-40,241,-21" /><INIT seed="3,0,0,3,2,7" ten="262,224,294,220" oya="3" hai0="102,6,133,15,58,57,29,38,54,4,109,83,39" hai1="26,134,35,132,11,118,47,135,44,117,124,16,116" hai2="88,20,112,95,108,52,74,50,28,46,27,64,14" hai3="23,128,25,62,103,75,32,71,125,85,60,21,69"/><W82/><G75/><T55/><D109/><U122/><E122/><V30/><F112/><W24/><G103/><T72/><D102/><U61/><E124/><V76/><F108/><W41/><G32/><T105/><D29/><N who="1" m="19895" /><E61/><V42/><F64/><W63/><G125/><T104/><D83/><U0/><E0/><V98/><F74/><W91/><G41/><T37/><D72/><U110/><E110/><V1/><F76/><W40/><G40/><T93/><D93/><U43/><E43/><V80/><F80/><W65/><G128/><T18/><D18/><U111/><E111/><V123/><F1/><W3/><G3/><T100/><D100/><U115/><E115/><V49/><F14/><AGARI ba="0,0" hai="11,14,16,44,47,116,117,118,132,134,135" m="19895" machi="14" ten="40,8000,1" yaku="12,1,20,1,52,1,54,1" doraHai="7" who="1" fromWho="2" sc="262,0,224,80,294,-80,220,0" /><INIT seed="4,0,0,0,0,6" ten="262,304,214,220" oya="0" hai0="28,17,123,94,45,53,24,19,16,11,12,120,69" hai1="66,3,32,74,131,43,111,77,134,39,67,103,70" hai2="60,133,82,9,109,122,104,7,57,10,52,81,95" hai3="33,76,58,21,110,121,79,135,54,62,46,26,23"/><T100/><D69/><U35/><E67/><V1/><F122/><W38/><G110/><T71/><D71/><U87/><E87/><V96/><F109/><W4/><G135/><T99/><D123/><U116/><E103/><V114/><F104/><W51/><G121/><T97/><D120/><U90/><E90/><V27/><F133/><W41/><G4/><T132/><D132/><U5/><E131/><V84/><F114/><W64/><G33/><T101/><D53/><U55/><E55/><V124/><F124/><W130/><G130/><T128/><D45/><N who="1" m="23807" /><E116/><V34/><F10/><W75/><G75/><T129/><D129/><U65/><E65/><V63/><F63/><W105/><G105/><T37/><D37/><U118/><E111/><V18/><F84/><W86/><G86/><T88/><D128/><U47/><E47/><V83/><F34/><W25/><G23/><N who="0" m="15391" /><D99/><U98/><E98/><V61/><F61/><W14/><G14/><T107/><D107/><U78/><E118/><V68/><F68/><W13/><G13/><T2/><D2/><U44/><E44/><V113/><F113/><W49/><G38/><T126/><D126/><U102/><E134/><V48/><F48/><W59/><REACH who="3" step="1"/><G26/><REACH who="3" ten="262,304,214,210" step="2"/><T40/><D40/><U8/><E74/><V50/><F27/><W112/><G112/><T85/><D85/><U117/><E117/><V89/><F1/><W127/><G127/><T125/><D125/><U22/><E35/><V92/><F7/><AGARI ba="0,1" hai="7,11,12,16,17,19,88,94,97,100,101" m="15391" machi="7" ten="30,11600,0" yaku="8,1,52,1,54,2" doraHai="6" who="0" fromWho="2" sc="262,126,304,0,214,-116,210,0" /><INIT seed="4,1,0,4,1,86" ten="388,304,98,210" oya="0" hai0="69,34,80,41,70,85,79,117,84,6,76,22,71" hai1="43,93,126,124,36,35,24,116,3,89,90,105,47" hai2="5,73,108,33,30,32,132,0,63,23,56,72,10" hai3="97,28,14,60,49,44,75,101,25,17,67,118,110"/><T88/><D117/><U31/><E105/><V13/><F108/><W21/><G110/><T11/><D34/><U115/><E3/><V96/><F132/><W119/><G75/><T18/><D41/><U66/><E116/><V52/><F33/><W20/><G49/><T61/><D61/><U94/><E66/><V4/><F4/><W78/><G44/><T39/><D39/><U125/><E115/><V102/><F32/><W106/><REACH who="3" step="1"/><G78/><REACH who="3" ten="388,304,98,200" step="2"/><T45/><D45/><U50/><E36/><V99/><F73/><W87/><G87/><T77/><D85/><U134/><E134/><V12/><F72/><W7/><G7/><T111/><D111/><U40/><E40/><V16/><F99/><W129/><G129/><T135/><D135/><U74/><E74/><V82/><F82/><W103/><G103/><T83/><D83/><U64/><E43/><V68/><F68/><AGARI ba="1,1" hai="14,17,20,21,25,28,60,67,68,97,101,106,118,119" machi="68" ten="30,7700,0" yaku="1,1,7,1,53,2" doraHai="86" doraHaiUra="114" who="3" fromWho="2" sc="388,0,304,0,98,-80,200,90" /><INIT seed="5,0,0,4,5,92" ten="388,304,18,290" oya="1" hai0="67,71,106,21,118,111,100,63,19,46,27,11,84" hai1="107,17,64,74,12,132,7,66,73,53,96,37,69" hai2="9,13,123,82,51,54,70,26,90,20,10,101,121" hai3="62,34,122,41,131,78,15,127,56,133,89,125,91"/><U2/><E37/><V8/><F70/><W93/><G122/><T25/><D111/><U52/><E2/><V42/><F42/><W117/><G34/><T105/><D118/><U77/><E7/><V108/><F108/><W79/><G117/><T135/><D135/><U43/><E43/><V36/><F36/><W87/><G41/><T4/><D27/><U81/><E74/><V50/><F101/><W58/><G15/><T86/><D46/><U5/><E5/><V88/><F51/><W59/><G62/><T22/><D22/><U39/><E39/><V83/><F13/><W116/><G116/><T104/><REACH who="0" step="1"/><D100/><REACH who="0" ten="378,304,18,290" step="2"/><U16/><E132/><V124/><F123/><W114/><G133/><T65/><D65/><U48/><E53/><V129/><F121/><W14/><G114/><T113/><D113/><U45/><E69/><V60/><F20/><W98/><G131/><T72/><D72/><U6/><E6/><V110/><F26/><W3/><G3/><AGARI ba="0,1" hai="3,4,11,19,21,25,63,67,71,84,86,104,105,106" machi="3" ten="40,2600,0" yaku="1,1,53,1" doraHai="92" doraHaiUra="61" who="0" fromWho="3" sc="378,36,304,0,18,0,290,-26" /><INIT seed="6,0,0,1,2,91" ten="414,304,18,264" oya="2" hai0="0,75,55,12,133,131,106,120,36,84,121,41,24" hai1="81,25,31,111,9,20,40,47,83,85,23,102,67" hai2="60,22,125,134,107,80,16,95,124,74,92,97,1" hai3="72,54,6,18,132,117,112,62,48,61,122,115,90"/><V78/><F1/><W114/><G117/><T73/><D0/><U68/><E111/><V119/><F119/><W4/><G122/><T86/><D106/><U87/><E9/><V108/><F134/><W94/><G72/><T17/><D24/><U64/><E102/><N who="2" m="62927" /><F60/><N who="3" m="23147" /><G18/><T7/><D17/><U15/><E15/><N who="2" m="9503" /><F108/><W76/><G76/><T28/><D75/><U14/><E14/><V123/><F123/><W113/><G132/><T50/><D73/><U93/><E68/><V103/><F103/><W71/><G71/><T32/><D12/><U58/><E58/><V130/><F130/><W26/><G26/><T38/><D131/><U104/><E104/><V49/><F49/><W5/><N who="3" m="28672" /><DORA hai="52" /><W44/><G5/><T13/><D7/><U88/><E23/><V110/><F110/><W126/><G126/><AGARI ba="0,0" hai="74,78,80,92,95,124,125,126" m="9503,62927" machi="126" ten="30,11600,0" yaku="18,1,52,2,54,1" doraHai="91,52" who="2" fromWho="3" sc="414,0,304,0,18,116,264,-116" /><INIT seed="6,1,0,2,4,102" ten="414,304,134,148" oya="2" hai0="85,78,118,122,68,132,77,128,31,91,134,6,29" hai1="99,80,52,131,110,51,53,115,14,5,0,64,96" hai2="107,21,37,72,65,71,9,130,35,40,44,114,16" hai3="104,84,111,17,22,105,123,46,41,49,125,28,56"/><V27/><F72/><W38/><G111/><T1/><D68/><U43/><E0/><V12/><F35/><W129/><G123/><T101/><D122/><U121/><E110/><V87/><F114/><W126/><G28/><T61/><D61/><U82/><E64/><V19/><F130/><W119/><G119/><T112/><D112/><U117/><E117/><V55/><F87/><W76/><G129/><T81/><D118/><U39/><E39/><V108/><F108/><W60/><G38/><T57/><D57/><U11/><E131/><V75/><F75/><W24/><G84/><T100/><D128/><U54/><E115/><V18/><F107/><W47/><G47/><T79/><D101/><U4/><E4/><V73/><F73/><W36/><G36/><T93/><D6/><U66/><E66/><V90/><F90/><W120/><G76/><T30/><D1/><U109/><E109/><V113/><F113/><W10/><G10/><T92/><D100/><U127/><E127/><N who="3" m="48650" /><G120/><T94/><AGARI ba="1,0" hai="29,30,31,77,78,79,81,85,91,92,93,94,132,134" machi="94" ten="40,5200,0" yaku="0,1,29,2" doraHai="102" who="0" fromWho="0" sc="414,55,304,-14,134,-27,148,-14" /><INIT seed="7,0,0,2,3,96" ten="469,290,107,134" oya="3" hai0="48,24,9,80,93,64,2,112,74,128,123,99,130" hai1="120,81,51,90,35,131,13,129,108,134,118,10,67" hai2="109,33,82,28,31,100,37,60,65,54,47,88,23" hai3="73,56,70,106,86,25,39,122,124,42,49,45,71"/><W103/><G73/><T52/><D123/><U46/><E35/><V101/><F33/><W87/><G122/><T76/><D64/><U77/><E108/><V62/><F109/><W26/><G124/><T63/><D63/><N who="2" m="24106" /><F37/><W104/><G56/><T85/><D24/><U44/><E134/><V115/><F115/><W69/><G49/><T30/><D30/><N who="2" m="11306" /><F23/><W68/><N who="3" m="17408" /><DORA hai="18" /><W17/><G17/><T84/><D9/><U98/><E67/><V57/><F47/><W119/><G119/><T27/><D27/><U11/><E120/><V6/><F6/><W126/><G126/><T40/><D40/><U89/><E51/><N who="2" m="30943" /><F65/><W79/><G104/><T12/><D12/><U53/><E53/><V20/><F20/><W83/><REACH who="3" step="1"/><G87/><AGARI ba="0,0" hai="82,87,88,100,101" m="30943,11306,24106" machi="87" ten="30,7700,0" yaku="8,1,52,2,54,1" doraHai="96,18" who="2" fromWho="3" sc="469,0,290,0,107,77,134,-77" owari="469,56.9,290,9.0,184,-21.6,57,-44.3" /></mjloggm>