<mjloggm ver="2.3"><GO type="169" lobby="0"/><UN n0="%E6%A3%AE%E5%B1%B1%E7%94%B0%E7%9B%B4%E5%A4%AA%E6%9C%97%E4%B9%8B%E4%BB%8B" n1="%E3%83%8F%E3%82%BA%E3%83%AC" n2="%E3%81%BB%E3%83%BC%E3%82%8A%E3%83%BC" n3="%E5%BA%84%E5%8F%B8%E5%81%A5%E5%A4%AA%E6%9C%97" dan="16,17,17,16" rate="2182.31,2172.74,2249.42,2054.18" sx="M,M,M,M"/><TAIKYOKU oya="0"/><INIT seed="0,0,0,0,3,15" ten="250,250,250,250" oya="0" hai0="105,48,35,31,33,70,32,30,111,50,56,95,27" hai1="73,45,23,115,92,60,10,79,97,58,8,125,59" hai2="42,135,4,110,49,18,129,54,109,44,75,28,52" hai3="3,107,87,91,41,121,78,116,6,83,94,133,25"/><T0/><D105/><U38/><E125/><V34/><F75/><W122/><G41/><T2/><D70/><U119/><E119/><V96/><F4/><W14/><G3/><N who="0" m="1067" /><D95/><U67/><E115/><V101/><F129/><W47/><G25/><N who="0" m="18511" /><D56/><U68/><E73/><V100/><F28/><W131/><G116/><T117/><D50/><U43/><E79/><V102/><F34/><N who="0" m="12810" /><D48/><U57/><REACH who="1" step="1"/><E23/><REACH who="1" ten="250,240,250,250" step="2"/><V7/><F109/><W16/><G131/><T5/><D117/><U63/><E63/><V82/><F110/><W64/><G122/><T46/><D111/><U85/><E85/><V84/><F84/><W61/><G121/><T86/><D86/><U90/><AGARI ba="0,1" hai="8,10,38,43,45,57,58,59,60,67,68,90,92,97" machi="90" ten="30,2000,0" yaku="1,1,0,1,53,0" doraHai="15" doraHaiUra="9" who="1" fromWho="1" sc="250,-10,240,30,250,-5,250,-5" /><INIT seed="1,0,0,4,3,18" ten="240,270,245,245" oya="1" hai0="80,27,132,81,23,4,99,77,74,44,51,45,20" hai1="102,115,40,118,76,30,78,112,61,111,130,107,2" hai2="22,25,101,9,41,58,60,91,13,82,89,12,97" hai3="66,65,11,46,98,105,86,52,7,108,109,19,123"/><U8/><E118/><V75/><F41/><W62/><G123/><T43/><D132/><U29/><E130/><V35/><F35/><W47/><G86/><T94/><D4/><U117/><E117/><V104/><F75/><W0/><G66/><T1/><D1/><U71/><E111/><V53/><F82/><W50/><G46/><T64/><D64/><U106/><E40/><V34/><F34/><W39/><G39/><T121/><D121/><U33/><E78/><V122/><F122/><W83/><G83/><T54/><D27/><N who="1" m="18623" /><E76/><V96/><F96/><W49/><G49/><T114/><D81/><U15/><E30/><V68/><F68/><W128/><G128/><T69/><D69/><U14/><E2/><V5/><REACH who="2" step="1"/><F12/><REACH who="2" ten="240,270,235,245" step="2"/><W103/><REACH who="3" step="1"/><G19/><AGARI ba="0,1" hai="5,9,13,19,22,25,53,58,60,89,91,97,101,104" machi="19" ten="30,7700,0" yaku="1,1,2,1,7,1,52,1,53,0" doraHai="18" doraHaiUra="124" who="2" fromWho="3" sc="240,0,270,0,235,87,245,-77" /><INIT seed="2,0,0,1,0,110" ten="240,270,322,168" oya="2" hai0="68,128,60,7,125,38,46,66,39,45,61,86,134" hai1="124,93,25,51,81,111,85,54,10,74,35,90,100" hai2="0,24,123,28,119,132,78,22,84,92,76,77,107" hai3="63,98,50,95,55,64,135,112,56,5,4,20,127"/><V6/><F107/><W91/><G135/><T8/><D134/><U109/><E124/><V47/><F132/><W37/><G127/><T118/><D125/><U14/><E35/><V82/><F119/><W12/><G37/><T48/><D118/><U23/><E74/><V1/><F123/><W115/><G20/><T53/><D128/><U65/><E65/><V29/><F29/><W102/><G102/><T113/><D86/><U108/><E100/><V69/><F69/><W72/><G72/><T97/><D97/><U11/><E81/><V31/><F31/><W70/><REACH who="3" step="1"/><G12/><REACH who="3" ten="240,270,322,158" step="2"/><T120/><D120/><U58/><REACH who="1" step="1"/><E14/><REACH who="1" ten="240,260,322,158" step="2"/><V117/><F117/><W87/><G87/><T89/><D39/><U116/><E116/><V34/><F84/><W71/><G71/><T15/><D68/><U79/><E79/><V52/><F77/><W121/><G121/><T129/><D15/><U19/><AGARI ba="0,2" hai="10,11,19,23,25,51,54,58,85,90,93,108,109,111" machi="19" ten="30,4000,0" yaku="1,1,0,1,14,1,53,0" doraHai="110" doraHaiUra="133" who="1" fromWho="1" sc="240,-10,260,60,322,-20,158,-10" /><INIT seed="3,0,0,2,5,65" ten="230,320,302,148" oya="3" hai0="46,15,17,0,121,22,109,71,80,20,27,29,2" hai1="44,68,40,67,47,101,117,110,69,37,75,3,134" hai2="53,77,73,33,54,98,105,34,90,94,87,59,45" hai3="55,122,83,128,16,61,124,97,36,23,119,116,76"/><W131/><G122/><T126/><D121/><U72/><E110/><V21/><F45/><W14/><G36/><T8/><D109/><U11/><E134/><V7/><F7/><W95/><G124/><T42/><D126/><U58/><E117/><V63/><F54/><W18/><G18/><T74/><D71/><N who="1" m="27211" /><E58/><V132/><F132/><W108/><G108/><T39/><REACH who="0" step="1"/><D8/><REACH who="0" ten="220,320,302,148" step="2"/><U79/><E11/><V31/><F34/><W70/><G119/><T96/><D96/><U106/><E3/><V100/><F33/><W32/><G116/><T19/><D19/><U48/><E79/><AGARI ba="0,1" hai="0,2,15,17,20,22,27,29,39,42,46,74,79,80" machi="79" ten="40,1300,0" yaku="1,1,53,0" doraHai="65" doraHaiUra="82" who="0" fromWho="1" sc="220,23,320,-13,302,0,148,0" /><INIT seed="4,0,0,5,1,100" ten="243,307,302,148" oya="0" hai0="88,40,36,125,47,13,55,130,23,69,63,50,72" hai1="65,31,135,14,79,5,122,46,30,101,102,56,53" hai2="43,107,54,33,37,97,126,57,7,89,75,95,99" hai3="82,80,39,2,18,76,32,59,114,109,25,52,124"/><T91/><D72/><U111/><E111/><V116/><F33/><W106/><G109/><T68/><D130/><U105/><E122/><V90/><F75/><W28/><G114/><T86/><D125/><U22/><E135/><V42/><F37/><W1/><G124/><T71/><D63/><U85/><E65/><V93/><F126/><W120/><G120/><T62/><D62/><U121/><E121/><V70/><F70/><W128/><G39/><T49/><D36/><U83/><E46/><V104/><F7/><W98/><G18/><T108/><D108/><U27/><E105/><V34/><F34/><W96/><G96/><T20/><D13/><U60/><REACH who="1" step="1"/><E31/><REACH who="1" ten="243,297,302,148" step="2"/><V35/><F116/><W131/><G128/><T4/><D4/><U118/><E118/><V6/><F6/><W129/><G131/><T45/><REACH who="0" step="1"/><D91/><REACH who="0" ten="233,297,302,148" step="2"/><U94/><E94/><AGARI ba="0,2" hai="20,23,40,45,47,49,50,55,68,69,71,86,88,94" machi="94" ten="40,7700,0" yaku="1,1,2,1,54,1,53,0" doraHai="100" doraHaiUra="77" who="0" fromWho="1" sc="233,97,297,-77,302,0,148,0" /><INIT seed="4,1,0,2,1,35" ten="330,220,302,148" oya="0" hai0="75,45,125,60,105,70,81,41,18,23,71,13,104" hai1="1,100,58,48,67,24,82,114,129,94,4,3,116" hai2="113,72,34,5,21,111,122,61,101,92,77,62,28" hai3="112,43,26,131,42,85,17,134,16,102,53,118,56"/><T22/><D125/><U99/><E116/><V89/><F34/><W95/><G118/><T106/><D23/><U97/><E129/><V46/><F111/><W15/><G131/><T90/><D60/><U52/><E114/><V68/><F122/><W55/><G112/><T14/><D14/><U32/><E4/><V69/><F113/><W31/><G134/><T66/><D66/><U40/><E40/><V11/><F101/><W59/><G102/><T132/><D132/><U36/><E36/><V63/><F46/><W119/><G119/><T88/><D75/><U130/><E130/><V103/><F103/><W54/><G95/><T79/><D79/><U93/><E82/><V126/><F77/><W78/><G85/><T0/><D0/><U98/><E67/><V115/><F72/><W64/><G78/><T123/><D123/><U73/><E73/><V127/><F115/><W19/><G15/><T50/><REACH who="0" step="1"/><D81/><REACH who="0" ten="320,220,302,148" step="2"/><U44/><E32/><V84/><F126/><W87/><G64/><T30/><D30/><U38/><E24/><N who="2" m="16399" /><F127/><W121/><G121/><T96/><D96/><U108/><E108/><V57/><F68/><AGARI ba="1,1" hai="13,18,22,41,45,50,68,70,71,88,90,104,105,106" machi="68" ten="50,4800,0" yaku="1,1,54,1,53,0" doraHai="35" doraHaiUra="91" who="0" fromWho="2" sc="320,61,220,0,302,-51,148,0" /><INIT seed="4,2,0,5,0,126" ten="381,220,251,148" oya="0" hai0="48,55,135,132,114,59,53,95,85,13,27,112,91" hai1="96,15,76,77,58,10,73,92,30,101,124,46,19" hai2="133,121,23,60,25,97,28,110,107,115,65,67,36" hai3="43,56,102,87,113,90,8,21,128,54,70,33,1"/><T75/><D75/><U119/><E119/><V3/><F36/><W104/><G113/><N who="0" m="43627" /><D27/><U86/><E124/><V123/><F3/><W88/><G70/><T16/><D53/><U103/><E103/><V74/><F74/><W50/><G33/><T129/><D129/><U12/><E73/><V80/><F115/><W84/><G43/><T0/><D0/><U99/><E99/><V52/><F65/><W109/><G102/><T81/><D81/><U78/><E30/><V39/><F80/><W5/><G104/><T20/><AGARI ba="2,0" hai="13,16,20,48,55,59,85,91,95,132,135" m="43627" machi="20" ten="30,6000,0" yaku="25,1,15,1,54,1" doraHai="126" who="0" fromWho="0" sc="381,66,220,-22,251,-22,148,-22" /><INIT seed="4,3,0,4,3,34" ten="447,198,229,126" oya="0" hai0="131,70,43,49,81,28,30,65,51,133,42,61,90" hai1="112,58,2,62,85,26,74,0,120,83,92,23,40" hai2="10,77,109,64,53,5,35,80,52,60,29,56,7" hai3="44,39,103,59,15,12,22,67,3,21,118,25,100"/><T54/><D133/><U135/><E120/><V27/><F109/><W104/><G39/><T68/><D131/><U71/><E71/><V19/><F19/><W132/><G44/><T78/><D90/><U4/><E135/><V31/><F31/><W45/><G45/><T86/><D70/><U94/><E40/><V128/><F128/><W123/><G118/><T75/><D75/><U55/><E112/><V108/><F108/><W17/><G104/><T32/><D49/><U88/><E4/><V87/><REACH who="2" step="1"/><F5/><REACH who="2" ten="447,198,219,126" step="2"/><W95/><G132/><T125/><D28/><U33/><E33/><V102/><F102/><W115/><G115/><T41/><D125/><U129/><E129/><V107/><F107/><W13/><G103/><T63/><D30/><U1/><REACH who="1" step="1"/><E74/><REACH who="1" ten="447,188,219,126" step="2"/><V134/><F134/><W99/><G123/><T105/><D32/><U119/><E119/><V111/><F111/><W9/><G9/><T6/><D105/><U72/><E72/><V130/><F130/><W8/><G22/><T79/><D6/><U121/><E121/><V101/><F101/><W16/><REACH who="3" step="1"/><G3/><AGARI ba="3,2" hai="3,7,10,27,29,35,52,53,56,60,64,77,80,87" machi="3" ten="30,7700,0" yaku="1,1,7,1,52,1,54,1,53,0" doraHai="34" doraHaiUra="66" who="2" fromWho="3" sc="447,0,188,0,219,106,126,-86" /><INIT seed="5,0,0,3,1,100" ten="447,188,325,40" oya="1" hai0="104,32,106,47,99,110,40,42,52,103,18,76,78" hai1="82,74,80,29,113,27,92,119,123,89,59,36,91" hai2="94,6,38,25,30,85,17,128,70,33,114,5,81" hai3="3,68,111,73,130,44,16,10,13,105,132,57,12"/><U20/><E119/><V122/><F70/><W43/><G132/><T48/><D32/><U133/><E123/><V117/><F38/><W98/><G130/><T118/><D106/><U26/><E133/><V28/><F117/><W101/><G111/><T53/><D110/><U116/><E116/><V65/><F122/><W15/><G68/><T22/><D118/><U66/><E36/><V77/><F65/><W93/><G73/><T51/><D40/><U60/><E113/><V120/><F120/><W14/><G3/><T2/><D2/><U23/><E74/><V39/><F39/><W61/><G14/><T49/><D42/><U86/><REACH who="1" step="1"/><E91/><REACH who="1" ten="447,178,325,40" step="2"/><V34/><F114/><W97/><G43/><T87/><D78/><U125/><E125/><V4/><F77/><W102/><REACH who="3" step="1"/><G44/><REACH who="3" ten="447,178,325,30" step="2"/><T69/><D47/><U95/><E95/><V9/><F94/><W8/><G8/><T1/><D76/><U50/><E50/><V35/><F9/><W45/><G45/><T41/><D48/><U31/><AGARI ba="0,2" hai="20,23,26,27,29,31,59,60,66,80,82,86,89,92" machi="31" ten="20,18000,2" yaku="1,1,0,1,7,1,9,1,8,1,53,2" doraHai="100" doraHaiUra="19" who="1" fromWho="1" sc="447,-60,178,200,325,-60,30,-60" owari="387,48.7,378,17.8,265,-13.5,-30,-53.0" /></mjloggm>