<mjloggm ver="2.3"><GO type="169" lobby="0"/><UN n0="%E3%82%AB%E3%82%B6%E3%83%A9%E3%82%AD" n1="%79%7A%68%61%6E%67" n2="%E6%89%8B%E6%8A%BC%E3%81%97%E8%BB%8A" n3="%E3%81%82%E3%81%95%E3%81%B4%E3%82%93%EF%BC%A0%EF%BD%8D%EF%BD%8A" dan="17,16,16,18" rate="2200.32,2177.54,2105.29,2280.05" sx="M,M,M,M"/><TAIKYOKU oya="0"/><INIT seed="0,0,0,4,4,15" ten="250,250,250,250" oya="0" hai0="77,47,28,105,85,49,123,87,81,88,111,25,74" hai1="58,100,39,19,62,106,94,67,84,107,90,34,97" hai2="11,56,68,51,117,96,116,73,46,57,120,112,44" hai3="54,3,10,30,99,89,48,101,36,79,95,92,129"/><T118/><D118/><N who="2" m="45674" /><F73/><W21/><G36/><T43/><D123/><U93/><E39/><V14/><F120/><W35/><G35/><T65/><D111/><U45/><E34/><V33/><F33/><W2/><G129/><T80/><D105/><U86/><E45/><V55/><F68/><W121/><G121/><T76/><D65/><U126/><E126/><V108/><F108/><W98/><G79/><T72/><REACH who="0" step="1"/><D76/><REACH who="0" ten="240,250,250,250" step="2"/><U122/><E122/><V5/><F112/><W32/><G32/><AGARI ba="0,1" hai="25,28,32,43,47,49,72,74,77,80,81,85,87,88" machi="32" ten="30,12000,1" yaku="1,1,2,1,7,1,54,1,53,1" doraHai="15" doraHaiUra="23" who="0" fromWho="3" sc="240,130,250,0,250,0,250,-120" /><INIT seed="0,1,0,3,5,100" ten="370,250,250,130" oya="0" hai0="101,90,78,21,59,53,115,52,38,104,132,72,92" hai1="26,81,73,2,40,23,95,70,131,118,106,25,79" hai2="97,111,135,62,11,130,22,12,47,34,54,114,113" hai3="6,13,43,99,51,5,9,33,7,117,109,27,76"/><T36/><D115/><U4/><E118/><V19/><F34/><W66/><G117/><T67/><D67/><U39/><E70/><V57/><F135/><W82/><G109/><T108/><D132/><U120/><E120/><V14/><F111/><W32/><G66/><T89/><D108/><U15/><E131/><V110/><F130/><W55/><G99/><N who="0" m="61503" /><D21/><U41/><E41/><V119/><F119/><W58/><G43/><T107/><D90/><U105/><E95/><V28/><F110/><W71/><G71/><T127/><D107/><N who="1" m="40971" /><E15/><V65/><F97/><W83/><G83/><N who="0" m="45511" /><D53/><U123/><E23/><V31/><F113/><W18/><REACH who="3" step="1"/><G27/><REACH who="3" ten="370,250,250,120" step="2"/><T63/><D127/><U94/><E123/><V103/><F114/><W10/><G10/><T64/><D64/><U3/><E94/><V102/><F65/><W74/><AGARI ba="1,1" hai="5,6,7,9,13,18,32,33,51,55,58,74,76,82" machi="74" ten="30,2000,0" yaku="1,1,0,1,53,0" doraHai="100" doraHaiUra="133" who="3" fromWho="3" sc="370,-11,250,-6,250,-6,120,33" /><INIT seed="1,0,0,0,3,2" ten="359,244,244,153" oya="1" hai0="36,43,102,22,60,118,6,135,101,86,59,28,9" hai1="54,49,1,93,131,69,105,27,114,75,117,48,128" hai2="21,72,65,34,100,112,3,26,58,19,106,47,85" hai3="120,119,97,87,73,122,24,13,132,10,38,130,41"/><U134/><E105/><V110/><F72/><W77/><G73/><T17/><D118/><U66/><E114/><V39/><F112/><W127/><G119/><T29/><D135/><U42/><E117/><V51/><F39/><W0/><G132/><T116/><D116/><U57/><E134/><V45/><F34/><W76/><G0/><T31/><D86/><U33/><E75/><V8/><F106/><W20/><G130/><N who="1" m="49706" /><E93/><V14/><F3/><W40/><G127/><T70/><D70/><U98/><E98/><V35/><F35/><W68/><G68/><T55/><D43/><U104/><E104/><V95/><F100/><W92/><G120/><T133/><D36/><U103/><E103/><V32/><F32/><W125/><G125/><T18/><D18/><U115/><E115/><V78/><F110/><W88/><G122/><T23/><D23/><U80/><E80/><V7/><F65/><W126/><G126/><T52/><D55/><U89/><E89/><N who="2" m="53679" /><F78/><N who="3" m="30315" /><G97/><T94/><D94/><U16/><E1/><V56/><F47/><W5/><G38/><T46/><D46/><N who="1" m="25687" /><E33/><V113/><F113/><W61/><G61/><T121/><D121/><U67/><E69/><V81/><F81/><W84/><G84/><T129/><D133/><U63/><E63/><V25/><F25/><W83/><G83/><T62/><D62/><U109/><E109/><V37/><F37/><W50/><G50/><T44/><D44/><U12/><E27/><V79/><F79/><W4/><G24/><N who="0" m="14415" /><D129/><U82/><E82/><V91/><F91/><W108/><G108/><T123/><D123/><RYUUKYOKU ba="0,0" sc="359,10,244,10,244,10,153,-30" hai0="6,9,28,29,31,52,59,60,101,102" hai1="12,16,49,54,57,66,67" hai2="7,8,14,19,21,26,45,51,56,58" /><INIT seed="1,1,0,2,5,55" ten="369,254,254,123" oya="1" hai0="123,113,51,25,47,111,56,103,30,66,130,108,0" hai1="26,135,110,76,20,81,134,77,83,2,79,10,75" hai2="28,40,86,82,104,90,12,106,74,88,7,36,119" hai3="124,93,101,85,89,27,73,1,41,68,19,129,109"/><U99/><E110/><N who="0" m="42025" /><D0/><U107/><E2/><V128/><F119/><W23/><G109/><T84/><D103/><N who="1" m="62975" /><E10/><V31/><F74/><W131/><G1/><T112/><D123/><U94/><E20/><V116/><F116/><W115/><G115/><T61/><D84/><N who="1" m="48167" /><E26/><V44/><F104/><W65/><G73/><T120/><D130/><N who="3" m="49673" /><G124/><T32/><D120/><U121/><E121/><V125/><F106/><W14/><G101/><T70/><D70/><U92/><E77/><V17/><F7/><W37/><G68/><T22/><D32/><U24/><E24/><V4/><F4/><W53/><G65/><T49/><D49/><U57/><E57/><V39/><F39/><W38/><G41/><AGARI ba="1,0" hai="22,25,30,41,47,51,56,61,66,112,113" m="42025" machi="41" ten="30,2000,0" yaku="14,1,52,1" doraHai="55" who="0" fromWho="3" sc="369,23,254,0,254,0,123,-23" /><INIT seed="2,0,0,0,3,28" ten="392,254,254,100" oya="2" hai0="87,41,47,53,49,59,19,126,125,91,18,107,101" hai1="124,63,90,132,72,71,115,122,114,57,23,48,133" hai2="65,81,120,69,135,98,39,22,11,45,128,117,94" hai3="36,9,108,134,21,109,68,104,80,86,10,119,84"/><V4/><F120/><W112/><G119/><T25/><D107/><U79/><E122/><V2/><F117/><W103/><G68/><T100/><D100/><U77/><E124/><N who="0" m="47721" /><D25/><U46/><E71/><V105/><F105/><W8/><G36/><N who="0" m="21927" /><D101/><U131/><E131/><V29/><F128/><W67/><G103/><T30/><D30/><U127/><E127/><V70/><F65/><W50/><G104/><T6/><D6/><U106/><E106/><V24/><F135/><N who="1" m="51785" /><E23/><V74/><F94/><AGARI ba="0,0" hai="18,19,49,53,59,87,91,94" m="21927,47721" machi="94" ten="30,1000,0" yaku="18,1" doraHai="28" who="0" fromWho="2" sc="392,10,254,0,254,-10,100,0" /><INIT seed="3,0,0,5,0,4" ten="402,254,244,100" oya="3" hai0="115,99,104,9,51,40,46,94,87,11,134,95,65" hai1="132,81,2,68,125,13,88,83,12,20,54,124,38" hai2="101,84,17,107,32,109,14,21,70,86,89,106,74" hai3="23,34,10,18,59,37,26,41,27,42,110,29,44"/><W131/><G131/><T31/><D134/><U0/><E38/><V80/><F70/><W82/><G42/><T1/><D1/><U48/><E68/><V64/><F64/><W105/><G105/><T50/><D104/><U92/><E132/><V8/><F74/><W53/><G110/><T69/><D31/><U71/><E71/><V77/><F32/><W62/><REACH who="3" step="1"/><G82/><REACH who="3" ten="402,254,244,90" step="2"/><T56/><D115/><U25/><E81/><V100/><F107/><W111/><G111/><T90/><D69/><U58/><E83/><N who="2" m="49311" /><F106/><W128/><G128/><T112/><D112/><U52/><E124/><V16/><F109/><W6/><G6/><T49/><D65/><U130/><E125/><V45/><F45/><W3/><G3/><T93/><D93/><U30/><E130/><V121/><F121/><W119/><G119/><T55/><REACH who="0" step="1"/><D50/><REACH who="0" ten="392,254,244,90" step="2"/><N who="1" m="30999" /><E0/><V91/><F77/><W126/><G126/><T113/><D113/><U120/><E2/><V103/><F103/><AGARI ba="0,2" hai="9,11,40,46,49,51,55,56,87,90,94,95,99,103" machi="103" ten="30,12000,2" yaku="1,1,7,1,8,1,52,2,53,1" doraHai="4" doraHaiUra="85" who="0" fromWho="2" sc="392,140,254,0,244,-120,90,0" /><INIT seed="4,0,0,4,3,20" ten="532,254,124,90" oya="0" hai0="110,48,39,47,101,28,128,17,117,133,36,91,103" hai1="94,99,7,118,67,115,127,130,45,13,108,2,10" hai2="57,85,50,90,78,31,19,44,14,55,98,53,75" hai3="109,89,18,120,8,16,114,23,64,76,42,35,97"/><T80/><D117/><U30/><E108/><V43/><F98/><W34/><G109/><T6/><D110/><U62/><E118/><V84/><F75/><W119/><G119/><T32/><D6/><U59/><E130/><V113/><F113/><W132/><G114/><T69/><D69/><U65/><E127/><V52/><F31/><W129/><G129/><T96/><D17/><U21/><E45/><V56/><F78/><W124/><G124/><T29/><D128/><U71/><E71/><V38/><F85/><W22/><G8/><T9/><D9/><U33/><E115/><V122/><F122/><W46/><G64/><T24/><D28/><U54/><E33/><V106/><F106/><W135/><G76/><T70/><D70/><U82/><E82/><V3/><F38/><W79/><G79/><T81/><D101/><N who="1" m="60663" /><E2/><V4/><F4/><W12/><G120/><T58/><D58/><U88/><E88/><V73/><F3/><W95/><G132/><T27/><D36/><U112/><E112/><V123/><F73/><W11/><G135/><T72/><D39/><U125/><E125/><V5/><F5/><W87/><G97/><T40/><D72/><U74/><E74/><V121/><F123/><W100/><G100/><T26/><D133/><U93/><E93/><N who="2" m="54471" /><F121/><W1/><G1/><T104/><REACH who="0" step="1"/><D80/><REACH who="0" ten="522,254,124,90" step="2"/><U49/><E30/><V111/><F111/><W51/><REACH who="3" step="1"/><G11/><AGARI ba="0,1" hai="11,14,19,43,44,50,52,53,55,56,57" m="54471" machi="11" ten="30,2000,0" yaku="8,1,54,1" doraHai="20" who="2" fromWho="3" sc="522,0,254,0,124,30,90,-20" /><INIT seed="5,0,0,2,1,61" ten="522,254,154,70" oya="1" hai0="19,54,68,32,44,134,49,99,132,103,130,133,4" hai1="25,16,58,26,126,95,33,27,120,34,53,89,11" hai2="3,102,65,2,43,24,45,107,96,29,82,62,22" hai3="113,40,122,84,117,135,67,101,57,8,36,80,123"/><U14/><E120/><V37/><REACH who="2" step="1"/><F82/><REACH who="2" ten="522,254,144,70" step="2"/><W21/><G80/><T91/><D133/><U50/><REACH who="1" step="1"/><E126/><REACH who="1" ten="522,244,144,70" step="2"/><V51/><F51/><W106/><G123/><T115/><D49/><U73/><E73/><V125/><F125/><W13/><G122/><T79/><D134/><U75/><E75/><V52/><F52/><W109/><G135/><T124/><D54/><U17/><E17/><V114/><F114/><W104/><G113/><T85/><D19/><U111/><E111/><V41/><F41/><W119/><G40/><T121/><D132/><U105/><E105/><V56/><AGARI ba="0,2" hai="2,3,22,24,29,37,43,45,56,62,65,96,102,107" machi="56" ten="20,12000,2" yaku="21,2,0,1,7,1,52,1,53,1" doraHai="61" doraHaiUra="100" who="2" fromWho="2" sc="522,-30,244,-60,144,140,70,-30" /><INIT seed="6,0,0,2,4,45" ten="492,184,284,40" oya="2" hai0="15,34,63,14,114,118,92,23,88,91,82,73,9" hai1="65,17,97,119,128,127,126,85,94,62,26,6,46" hai2="28,70,64,35,2,122,68,123,7,115,99,32,59" hai3="76,77,8,4,98,43,53,83,21,93,112,101,103"/><V84/><F84/><W25/><G112/><T67/><D34/><U11/><E119/><V30/><F115/><W48/><G101/><T111/><D111/><U78/><E46/><V108/><F59/><W109/><G109/><T31/><D118/><U58/><E128/><V124/><F108/><W5/><G43/><T0/><D0/><U107/><E107/><V106/><F124/><W104/><G104/><T81/><D91/><U20/><E78/><V19/><F19/><W50/><G53/><T102/><D102/><U121/><E85/><V113/><F113/><W71/><G71/><T24/><D15/><U87/><E87/><V57/><F57/><W105/><G105/><T100/><D100/><U96/><E121/><V86/><F86/><N who="3" m="48487" /><G77/><T134/><D73/><U130/><E130/><V27/><F99/><W56/><G56/><N who="0" m="37351" /><D134/><U29/><E17/><V49/><F106/><W135/><G135/><T10/><D10/><U52/><E65/><V75/><F75/><W90/><G103/><T110/><D110/><U61/><E97/><V40/><F64/><W133/><G133/><T79/><D79/><U22/><E126/><V66/><F66/><W55/><G8/><T120/><D120/><U37/><E127/><V13/><F2/><W60/><G60/><T89/><D114/><U131/><E62/><V36/><F123/><W1/><G1/><T116/><D116/><U117/><E117/><V42/><F122/><W125/><G125/><T3/><D3/><U72/><E72/><V41/><F35/><W69/><G69/><T12/><D82/><U44/><E11/><RYUUKYOKU ba="0,0" sc="492,0,184,0,284,0,40,0" /><INIT seed="7,1,0,1,4,16" ten="492,184,284,40" oya="3" hai0="11,17,79,33,82,44,10,105,52,47,117,45,55" hai1="128,110,109,77,20,37,75,19,7,127,57,13,101" hai2="27,21,18,120,12,42,40,34,62,115,29,97,30" hai3="46,48,53,89,58,91,9,84,86,66,114,41,6"/><W134/><G114/><T24/><D105/><U38/><E101/><V96/><F120/><W135/><G66/><T51/><D117/><U131/><E127/><V98/><F115/><W4/><G135/><T121/><D121/><U26/><E57/><V56/><REACH who="2" step="1"/><F29/><REACH who="2" ten="492,184,274,40" step="2"/><W65/><G134/><T0/><D33/><U100/><E109/><V102/><F102/><W123/><G123/><T133/><D133/><U81/><E100/><V59/><F59/><W64/><G64/><AGARI ba="1,1" hai="12,18,21,27,30,34,40,42,56,62,64,96,97,98" machi="64" ten="40,2600,0" yaku="1,1,52,1,53,0" doraHai="16" doraHaiUra="76" who="2" fromWho="3" sc="492,0,184,0,274,39,40,-29" owari="492,59.2,184,-21.6,313,11.3,11,-48.9" /></mjloggm>