<mjloggm ver="2.3"><GO type="169" lobby="0"/><UN n0="%E3%81%9F%E3%81%8B%31%34%31" n1="%E5%A4%A9%E6%89%8D%E9%BA%BB%E5%B0%86%E6%99%BA%E4%B9%83" n2="%E3%81%AF%E3%81%92%E3%81%97%E3%81%8F%E3%82%A6%E3%83%84" n3="%6E%61%74%73%75%6D%65%65" dan="16,16,18,16" rate="2131.18,2149.61,2222.41,2075.60" sx="M,M,M,F"/><TAIKYOKU oya="0"/><INIT seed="0,0,0,0,1,93" ten="250,250,250,250" oya="0" hai0="64,73,78,3,42,84,87,124,117,90,2,12,57" hai1="114,59,107,88,60,10,105,21,65,116,63,18,15" hai2="100,24,45,86,122,80,131,128,30,120,28,32,62" hai3="103,92,58,108,82,40,85,98,31,47,79,20,51"/><T94/><D117/><U67/><E116/><V132/><F132/><W34/><G108/><T22/><D73/><U7/><E114/><V89/><F30/><W6/><G34/><T55/><D64/><U72/><E72/><V95/><F45/><W43/><G6/><T17/><D42/><U123/><E123/><V83/><F83/><W19/><G31/><T66/><D66/><U115/><E115/><V71/><F71/><W1/><G1/><T76/><D124/><U118/><E118/><V68/><F68/><W54/><REACH who="3" step="1"/><G47/><REACH who="3" ten="250,250,250,240" step="2"/><T4/><D4/><U56/><REACH who="1" step="1"/><E88/><REACH who="1" ten="250,240,250,240" step="2"/><N who="2" m="51271" /><F120/><W126/><G126/><T110/><D110/><U135/><E135/><V23/><F122/><W46/><G46/><T50/><REACH who="0" step="1"/><D87/><REACH who="0" ten="240,240,250,240" step="2"/><U11/><E11/><V102/><F128/><W16/><G16/><T39/><D39/><U96/><E96/><V129/><F131/><W14/><AGARI ba="0,3" hai="14,19,20,40,43,51,54,58,79,82,85,92,98,103" machi="14" ten="20,8000,1" yaku="1,1,0,1,7,1,8,1,52,1,53,0" doraHai="93" doraHaiUra="112" who="3" fromWho="3" sc="240,-40,240,-20,250,-20,240,110" /><INIT seed="1,0,0,0,3,74" ten="200,220,230,350" oya="1" hai0="113,120,4,13,88,129,133,3,85,95,97,63,106" hai1="109,84,98,40,57,66,80,70,79,104,38,73,107" hai2="112,36,116,39,128,50,124,19,61,130,51,60,6" hai3="21,99,16,76,110,108,72,44,127,131,134,67,24"/><U30/><E70/><V48/><F6/><W22/><G127/><T35/><D113/><U135/><E135/><V83/><F19/><W114/><G114/><T101/><D133/><U55/><E66/><V41/><F112/><W100/><G134/><T2/><D35/><U122/><E122/><V92/><F92/><W33/><G33/><T77/><D120/><U31/><E109/><N who="3" m="42090" /><G131/><N who="2" m="50217" /><F83/><N who="3" m="45447" /><G67/><T53/><D129/><U96/><E98/><V69/><F116/><W34/><G44/><T12/><D77/><U111/><E111/><V8/><F8/><W9/><G34/><T7/><D7/><U59/><E59/><V15/><F15/><N who="3" m="7279" /><G24/><T89/><D4/><U10/><E10/><V14/><F14/><W68/><G68/><T125/><D125/><U26/><E26/><V132/><F69/><W58/><G58/><T71/><D13/><U86/><E38/><N who="2" m="14379" /><F124/><W47/><G47/><T52/><D12/><U29/><E40/><V121/><F121/><W119/><G119/><T91/><D71/><U46/><E46/><N who="2" m="25679" /><F132/><W18/><G18/><T117/><D117/><U32/><E32/><V105/><F105/><AGARI ba="0,0" hai="21,22,99,100,105" m="7279,45447,42090" machi="105" ten="30,3900,0" yaku="14,1,52,1,54,1" doraHai="74" who="3" fromWho="2" sc="200,0,220,0,230,-39,350,39" /><INIT seed="2,0,0,5,4,76" ten="200,220,191,389" oya="2" hai0="97,6,10,13,54,77,29,12,28,114,96,17,15" hai1="81,117,133,23,74,71,52,99,35,107,42,101,34" hai2="11,58,2,57,22,20,120,69,113,45,135,91,8" hai3="0,44,134,9,39,118,126,7,87,89,78,67,59"/><V3/><F69/><W80/><G118/><T122/><D122/><U86/><E117/><V60/><F120/><W90/><G126/><T31/><D114/><U105/><E71/><V94/><F113/><W53/><G67/><T5/><D77/><U125/><E125/><V70/><F135/><W88/><G134/><T127/><D127/><U40/><E74/><V18/><F70/><W95/><G44/><T64/><D64/><U123/><E123/><V109/><F109/><W121/><G39/><T25/><D54/><U102/><E133/><V63/><F45/><W47/><G47/><T92/><D97/><U4/><E4/><N who="0" m="1641" /><D25/><U48/><E23/><V19/><F94/><W30/><G30/><T98/><D98/><U32/><E102/><AGARI ba="0,0" hai="10,12,13,15,17,28,29,31,92,96,102" m="1641" machi="102" ten="30,1000,0" yaku="8,1" doraHai="76" who="0" fromWho="1" sc="200,10,220,-10,191,0,389,0" /><INIT seed="3,0,0,0,0,67" ten="210,210,191,389" oya="3" hai0="122,96,2,13,11,0,32,128,126,17,33,37,70" hai1="75,50,77,134,21,46,73,110,74,6,88,95,45" hai2="40,69,29,115,55,85,9,123,86,7,83,104,84" hai3="76,36,5,23,65,89,10,14,4,129,68,38,59"/><W80/><G129/><T98/><D37/><U57/><E110/><V52/><F104/><W3/><G59/><T127/><D122/><U105/><E105/><V87/><F115/><W79/><G89/><T103/><D70/><U20/><E77/><V48/><F123/><W31/><G79/><T39/><D39/><U26/><E6/><V58/><F69/><W99/><G99/><T62/><D62/><U93/><E134/><V81/><F29/><W82/><G82/><T100/><D128/><U94/><E88/><N who="2" m="51215" /><F40/><W112/><G112/><T41/><D41/><U43/><E57/><N who="2" m="32903" /><F9/><N who="3" m="2207" /><G31/><T135/><D135/><U8/><E8/><V120/><F120/><W71/><G23/><T15/><D11/><U133/><E133/><V28/><F28/><W117/><G117/><T1/><D1/><U121/><E121/><V42/><F42/><W34/><G34/><T44/><REACH who="0" step="1"/><D17/><REACH who="0" ten="200,210,191,389" step="2"/><U106/><E43/><V25/><F7/><W78/><G5/><T63/><D63/><U12/><E50/><N who="2" m="31095" /><F25/><W132/><G71/><T66/><D66/><U49/><E49/><V131/><F131/><W60/><G132/><T90/><D90/><AGARI ba="0,1" hai="83,85,86,87,90" m="31095,32903,51215" machi="90" ten="30,3900,0" yaku="8,1,54,2" doraHai="67" who="2" fromWho="0" sc="200,-39,210,0,191,49,389,0" /><INIT seed="4,0,0,0,3,86" ten="161,210,240,389" oya="0" hai0="84,122,14,135,48,61,78,111,13,42,69,66,99" hai1="16,6,20,55,46,43,63,77,71,2,24,53,125" hai2="90,110,107,1,44,106,132,34,79,65,109,17,93" hai3="4,123,38,119,96,116,117,32,87,52,35,105,8"/><T57/><D122/><U11/><E125/><V92/><F79/><W76/><G123/><T88/><D135/><U45/><E45/><V64/><F1/><W39/><G35/><T91/><D111/><U115/><E115/><V82/><F34/><W75/><G32/><T72/><D72/><U74/><E71/><V95/><F44/><W89/><G52/><T3/><D3/><U7/><E7/><V108/><F17/><W31/><G31/><T83/><D69/><U59/><E77/><V40/><F40/><W54/><G54/><T18/><D99/><U30/><E74/><V127/><F127/><W58/><G58/><T19/><D48/><U15/><E55/><V104/><F132/><W23/><G23/><N who="0" m="11727" /><D42/><U130/><E130/><V128/><F128/><W118/><G116/><T51/><D51/><U97/><E97/><V28/><F28/><W100/><G75/><T113/><D113/><U26/><REACH who="1" step="1"/><E30/><REACH who="1" ten="161,200,240,389" step="2"/><V21/><F21/><AGARI ba="0,1" hai="14,19,21,57,61,66,78,83,84,88,91" m="11727" machi="21" ten="30,11600,0" yaku="8,1,52,2,54,1" doraHai="86" who="0" fromWho="2" sc="161,126,200,0,240,-116,389,0" /><INIT seed="4,1,0,0,0,33" ten="287,200,124,389" oya="0" hai0="92,9,114,93,50,11,43,18,117,124,17,128,116" hai1="84,132,6,134,38,107,118,123,131,94,103,75,77" hai2="32,36,62,13,59,15,100,125,46,87,70,48,53" hai3="96,79,127,120,86,115,133,71,110,60,35,130,81"/><T119/><D114/><U58/><E38/><V83/><F32/><W89/><G35/><T54/><D43/><U56/><E6/><V57/><F125/><W45/><G71/><T95/><D124/><U73/><E56/><V7/><F100/><W24/><G45/><T80/><D80/><N who="1" m="47119" /><E58/><V10/><F36/><W29/><G130/><T37/><D37/><U99/><E118/><V97/><F97/><W26/><G133/><N who="1" m="51306" /><E131/><V126/><F126/><W19/><G115/><T42/><D42/><U108/><E108/><V106/><F106/><W40/><G40/><T64/><D64/><U21/><E21/><V52/><F70/><W30/><G110/><T74/><D74/><N who="1" m="28171" /><E123/><V78/><REACH who="2" step="1"/><F57/><REACH who="2" ten="287,200,114,389" step="2"/><W25/><G127/><T109/><D109/><U44/><E44/><V51/><F51/><W23/><G120/><T34/><D34/><U135/><E135/><V66/><F66/><W2/><G60/><T0/><D128/><U91/><E107/><V104/><F104/><W12/><G2/><AGARI ba="1,1" hai="2,7,10,13,15,46,48,52,53,59,62,78,83,87" machi="2" ten="30,7700,0" yaku="1,1,7,1,52,1,54,1,53,0" doraHai="33" doraHaiUra="88" who="2" fromWho="3" sc="287,0,200,0,114,90,389,-80" /><INIT seed="5,0,0,5,2,19" ten="287,200,204,309" oya="1" hai0="103,29,86,117,76,69,35,80,127,116,40,109,74" hai1="104,97,10,119,82,79,53,123,60,20,58,113,124" hai2="92,99,55,122,131,47,41,54,83,26,132,50,7" hai3="14,30,110,28,107,106,57,98,52,39,42,125,96"/><U15/><E119/><V5/><F122/><W93/><G110/><T94/><D69/><U111/><E123/><V48/><F131/><W135/><G125/><T36/><D109/><U49/><E111/><V11/><F132/><W59/><G135/><T101/><D36/><U66/><E124/><V120/><F120/><W32/><G39/><T38/><D127/><U24/><E113/><V68/><F68/><W87/><G42/><T134/><D134/><U31/><E97/><N who="3" m="37482" /><G32/><T46/><D29/><N who="3" m="11369" /><G107/><T75/><D35/><U78/><E104/><V64/><F64/><W16/><G106/><T85/><D85/><U65/><E82/><V70/><F70/><W114/><G114/><T129/><D129/><U4/><REACH who="1" step="1"/><E66/><REACH who="1" ten="287,190,204,309" step="2"/><V27/><F83/><W67/><G67/><T13/><D117/><U72/><E72/><V37/><F37/><W91/><G52/><N who="2" m="20009" /><F50/><W71/><G71/><AGARI ba="0,1" hai="4,10,15,20,24,31,49,53,58,60,65,71,78,79" machi="71" ten="30,5800,0" yaku="1,1,7,1,52,1,53,0" doraHai="19" doraHaiUra="105" who="1" fromWho="3" sc="287,0,190,68,204,0,309,-58" /><INIT seed="5,1,0,5,0,126" ten="287,258,204,251" oya="1" hai0="35,31,83,78,49,97,72,59,18,70,71,10,89" hai1="62,124,40,80,118,91,74,28,3,38,17,43,61" hai2="66,100,21,131,96,73,121,25,1,42,113,30,8" hai3="105,110,76,90,135,58,133,36,127,33,130,101,79"/><U26/><E118/><V6/><F121/><W95/><G36/><T48/><D35/><U99/><E3/><V55/><F73/><W103/><G33/><T45/><D31/><U22/><E124/><V82/><F113/><W2/><G2/><T13/><D59/><U114/><E114/><V29/><F82/><W56/><G127/><T34/><D34/><U41/><E38/><V112/><F112/><W37/><G37/><T81/><D49/><U68/><E68/><V5/><F5/><W123/><G123/><T15/><D13/><U51/><E74/><V19/><F42/><W77/><G56/><T107/><D107/><U104/><E104/><V122/><F66/><W11/><G58/><T24/><D24/><U75/><E75/><V63/><F131/><W4/><G110/><T129/><D129/><U23/><E51/><V125/><F122/><W132/><G130/><T128/><D128/><U14/><REACH who="1" step="1"/><E99/><REACH who="1" ten="287,248,204,251" step="2"/><V16/><F125/><W120/><G120/><T69/><D97/><U115/><E115/><V93/><F63/><W27/><G105/><T0/><D0/><U109/><E109/><V84/><F84/><AGARI ba="1,1" hai="14,17,22,23,26,28,40,41,43,61,62,80,84,91" machi="84" ten="40,7700,0" yaku="1,1,8,1,53,1" doraHai="126" doraHaiUra="20" who="1" fromWho="2" sc="287,0,248,90,204,-80,251,0" /><INIT seed="5,2,0,2,3,45" ten="287,338,124,251" oya="1" hai0="123,126,65,113,102,46,79,24,10,99,18,89,28" hai1="44,117,32,82,131,84,135,120,38,114,74,16,13" hai2="42,121,132,39,61,64,71,119,78,116,12,63,27" hai3="67,107,124,40,3,104,5,0,11,76,21,8,134"/><U55/><E117/><N who="2" m="45131" /><F12/><W105/><G124/><T30/><D113/><U4/><E120/><V48/><F27/><W91/><G134/><T14/><D126/><U29/><E114/><V77/><F77/><W103/><G76/><T59/><D123/><U72/><E135/><V81/><F81/><W112/><G112/><T36/><D79/><U128/><E4/><V62/><F78/><W19/><G103/><T122/><D122/><U15/><E15/><V110/><F121/><W20/><G67/><T97/><D89/><N who="1" m="51351" /><E29/><V92/><F92/><W60/><G60/><N who="2" m="23145" /><F132/><W73/><G73/><T43/><D65/><U7/><E7/><V75/><F75/><W47/><G91/><T109/><D30/><U90/><E32/><V37/><F110/><W22/><G8/><T56/><D109/><U108/><E108/><V130/><F130/><N who="1" m="49705" /><E90/><V127/><F127/><W85/><G85/><T66/><D66/><U25/><E25/><V87/><F87/><W96/><G0/><T106/><D99/><U86/><E86/><V80/><F80/><W118/><G118/><T34/><AGARI ba="2,0" hai="10,14,18,24,28,34,36,43,46,56,59,97,102,106" machi="34" ten="20,1500,0" yaku="0,1,7,1" doraHai="45" who="0" fromWho="0" sc="287,21,338,-9,124,-6,251,-6" /><INIT seed="6,0,0,2,2,128" ten="308,329,118,245" oya="2" hai0="94,27,103,121,86,135,41,7,46,84,80,122,49" hai1="119,127,15,13,114,38,93,60,81,26,43,34,25" hai2="99,118,123,124,29,47,51,104,133,92,70,85,62" hai3="67,101,5,96,75,108,90,31,10,2,76,42,1"/><V4/><F118/><W117/><G108/><T3/><D3/><U33/><E119/><V105/><F123/><W18/><G117/><T87/><D7/><U17/><E38/><V24/><F124/><W64/><G1/><T37/><D37/><U50/><E114/><V22/><F4/><W58/><G31/><T57/><D122/><U89/><E34/><V55/><F85/><W102/><G102/><T35/><D121/><U126/><E33/><V28/><F28/><W98/><G42/><T110/><D110/><U71/><E13/><V23/><F23/><W48/><G18/><T9/><D9/><U131/><E81/><V0/><F0/><W120/><G120/><T91/><D35/><U109/><E109/><V6/><F6/><W59/><G76/><T19/><D57/><U36/><E36/><V113/><F113/><W52/><G75/><T20/><D135/><U44/><E131/><V125/><F125/><N who="1" m="47625" /><E60/><V61/><F133/><W45/><G59/><T54/><D41/><U100/><E100/><V69/><F61/><W112/><G112/><T40/><D40/><U32/><E71/><V88/><REACH who="2" step="1"/><F70/><REACH who="2" ten="308,329,108,245" step="2"/><W78/><G5/><T11/><D11/><N who="1" m="6399" /><E32/><V132/><F132/><W72/><G10/><T111/><D111/><U56/><E25/><V97/><F97/><AGARI ba="0,1" hai="19,20,27,46,49,54,80,84,86,87,91,94,97,103" machi="97" ten="40,1300,0" yaku="8,1" doraHai="128" who="0" fromWho="2" sc="308,23,329,0,108,-13,245,0" /><INIT seed="7,0,0,0,3,67" ten="331,329,95,245" oya="3" hai0="38,85,25,92,29,63,124,84,128,60,14,76,79" hai1="116,66,62,106,2,134,77,95,113,107,98,61,26" hai2="104,131,41,94,122,58,9,19,130,69,13,10,73" hai3="109,83,89,8,45,20,33,93,43,37,22,42,47"/><W65/><G33/><T80/><D38/><U121/><E121/><V28/><F104/><W27/><G109/><T50/><D128/><U120/><E120/><V53/><F73/><W46/><G65/><T39/><D39/><U15/><E2/><V40/><F122/><W123/><G123/><T101/><D124/><U31/><E113/><V34/><F130/><W44/><G83/><N who="0" m="47207" /><D14/><U97/><E134/><V32/><F131/><W117/><G117/><T74/><D74/><U5/><E77/><V71/><F32/><W91/><G8/><T114/><D114/><U0/><E0/><V7/><F34/><W87/><G37/><T6/><D6/><U103/><E116/><V108/><F28/><W36/><G36/><T57/><D50/><U30/><E107/><V129/><F129/><W52/><G52/><T99/><D57/><U102/><E26/><V118/><F118/><W133/><G133/><T23/><AGARI ba="0,0" hai="23,25,29,60,63,79,80,85,92,99,101" m="47207" machi="23" ten="30,1100,0" yaku="8,1" doraHai="67" who="0" fromWho="0" sc="331,11,329,-3,95,-3,245,-5" owari="342,44.2,326,12.6,92,-40.8,240,-16.0" /></mjloggm>