<mjloggm ver="2.3"><GO type="169" lobby="0"/><UN n0="%E3%82%B0%E3%83%AA%E3%83%B3" n1="%53%69%6C%76%65%72%44%46" n2="%63%61%72%6C%6F%73%6E" n3="%E9%B3%B4%E8%8C%B6" dan="16,17,17,16" rate="2167.48,2219.44,2201.23,2167.73" sx="M,M,M,M"/><TAIKYOKU oya="0"/><INIT seed="0,0,0,5,4,89" ten="250,250,250,250" oya="0" hai0="75,117,105,67,53,130,52,116,123,92,16,15,43" hai1="119,41,58,37,57,126,39,29,121,74,120,107,118" hai2="59,113,14,38,124,122,98,25,88,48,60,100,134" hai3="91,3,71,31,10,47,1,5,133,20,104,83,44"/><T73/><D105/><U69/><E29/><V27/><F122/><N who="1" m="47209" /><E74/><V115/><F38/><N who="1" m="14345" /><E107/><V81/><F124/><W85/><G71/><T62/><D43/><U51/><E69/><V7/><F27/><W13/><G104/><T26/><D130/><U40/><E126/><V77/><F25/><W127/><G127/><T28/><D75/><U34/><E34/><V108/><F108/><W63/><G133/><T6/><D6/><U56/><E51/><V112/><F134/><W97/><G31/><T12/><D73/><U129/><E129/><V35/><F48/><W103/><G63/><T36/><D36/><U21/><E21/><V87/><F14/><N who="0" m="5162" /><D28/><U0/><E0/><V128/><F35/><W90/><G91/><T42/><D92/><U125/><E125/><V79/><F128/><W86/><G1/><T99/><D99/><U114/><E114/><V61/><F7/><W94/><REACH who="3" step="1"/><G86/><REACH who="3" ten="250,250,250,240" step="2"/><T68/><D123/><U64/><E64/><V111/><F60/><W96/><G96/><T84/><D84/><U80/><E80/><V106/><REACH who="2" step="1"/><F111/><REACH who="2" ten="250,250,240,240" step="2"/><W70/><G70/><T65/><D68/><U66/><E66/><AGARI ba="0,2" hai="59,61,66,77,79,81,87,88,98,100,106,112,113,115" machi="66" ten="40,5200,0" yaku="1,1,2,1,54,1,53,0" doraHai="89" doraHaiUra="30" who="2" fromWho="1" sc="250,0,250,-52,240,72,240,0" /><INIT seed="1,0,0,3,4,93" ten="250,198,312,240" oya="1" hai0="4,13,37,85,110,82,108,107,2,100,122,77,40" hai1="55,115,88,38,114,71,1,90,42,22,121,129,111" hai2="31,132,21,12,128,50,75,72,112,36,101,117,54" hai3="98,35,78,34,51,58,18,81,19,32,123,89,67"/><U106/><E121/><V49/><F117/><W29/><G123/><T118/><D122/><U127/><E1/><V99/><F36/><W63/><G29/><T91/><D118/><U113/><E129/><V9/><F128/><W135/><G135/><T86/><D2/><U74/><E74/><V24/><F132/><W66/><G66/><T28/><D28/><U53/><E71/><V23/><F23/><W131/><G131/><T79/><D13/><U62/><E127/><V5/><F50/><W30/><G30/><T97/><D4/><U41/><E106/><V39/><F39/><W48/><G51/><T61/><D61/><U73/><E73/><V92/><REACH who="2" step="1"/><F112/><REACH who="2" ten="250,198,302,240" step="2"/><W43/><G48/><T52/><D37/><U8/><E22/><V124/><F124/><W47/><G35/><T126/><D126/><U69/><E38/><V25/><F25/><W57/><G34/><T120/><D120/><U76/><E114/><V33/><F33/><W15/><G32/><T26/><D26/><U14/><E113/><V44/><AGARI ba="0,1" hai="5,9,12,21,24,31,44,49,54,72,75,92,99,101" machi="44" ten="20,5200,0" yaku="1,1,0,1,7,1,52,1,53,0" doraHai="93" doraHaiUra="60" who="2" fromWho="2" sc="250,-13,198,-26,302,62,240,-13" /><INIT seed="2,0,0,3,0,56" ten="237,172,364,227" oya="2" hai0="24,106,72,51,135,93,127,98,25,37,95,117,36" hai1="112,53,2,120,66,111,65,55,88,44,74,38,71" hai2="101,61,54,119,109,126,108,64,15,48,123,79,33" hai3="81,125,23,58,132,5,49,6,82,52,32,92,14"/><V80/><F119/><W107/><G107/><T28/><D28/><U122/><E2/><V0/><F0/><W116/><G32/><T104/><D104/><U69/><E74/><V118/><F118/><W21/><G116/><T35/><D106/><U39/><E88/><V20/><F33/><W96/><G132/><T129/><D35/><U113/><REACH who="1" step="1"/><E44/><REACH who="1" ten="237,162,364,227" step="2"/><V46/><F101/><N who="3" m="60551" /><G125/><T128/><D72/><U7/><E7/><N who="3" m="2570" /><G14/><T130/><D127/><U131/><E131/><V83/><F126/><W67/><G67/><T134/><D117/><U11/><E11/><V30/><F123/><W19/><G19/><T103/><D95/><U18/><E18/><N who="2" m="10335" /><F30/><W8/><G8/><T34/><D34/><U86/><E86/><V77/><F109/><AGARI ba="0,1" hai="38,39,53,55,65,66,69,71,109,111,112,113,120,122" machi="109" ten="25,12000,2" yaku="1,1,22,2,34,3,53,0" doraHai="56" doraHaiUra="40" who="1" fromWho="2" sc="237,0,162,130,364,-120,227,0" /><INIT seed="3,0,0,0,4,132" ten="237,292,244,227" oya="3" hai0="35,90,23,76,43,44,29,98,15,129,86,66,9" hai1="131,26,110,83,39,38,87,117,47,116,114,19,119" hai2="104,30,22,121,31,123,65,108,58,101,74,73,72" hai3="91,36,75,40,105,88,6,52,37,48,0,67,54"/><W107/><G75/><T2/><D129/><U27/><E114/><V64/><F108/><W25/><G67/><N who="2" m="25673" /><F58/><W12/><G25/><N who="1" m="9226" /><E110/><V89/><F22/><W32/><G12/><T111/><D2/><U106/><E131/><V82/><F101/><W13/><G13/><T60/><D35/><U11/><E106/><N who="3" m="40458" /><G48/><T16/><D98/><U135/><E135/><V92/><F104/><W126/><G40/><T95/><D111/><U57/><E47/><V49/><F49/><W80/><G80/><T97/><D29/><N who="2" m="10762" /><F92/><W133/><G133/><T85/><D23/><U5/><E57/><V51/><F51/><W34/><G0/><T41/><D76/><N who="1" m="46567" /><E19/><V63/><F63/><W109/><G6/><T125/><D44/><U93/><E93/><V18/><F18/><W100/><G100/><T68/><D43/><U33/><E33/><N who="3" m="12906" /><G109/><T79/><D41/><U45/><E45/><V20/><F82/><W7/><G7/><T50/><D50/><U1/><AGARI ba="0,0" hai="1,5,11,38,39,116,117,119" m="46567,9226" machi="1" ten="40,1500,0" yaku="12,1" doraHai="132" who="1" fromWho="1" sc="237,-4,292,15,244,-4,227,-7" /><INIT seed="4,0,0,4,0,118" ten="233,307,240,220" oya="0" hai0="27,75,49,32,105,99,95,81,61,121,91,66,57" hai1="6,93,59,100,84,86,63,88,128,113,65,119,42" hai2="69,19,111,29,117,15,62,85,18,14,40,1,122" hai3="116,9,43,26,80,71,82,124,22,16,92,51,10"/><T39/><D39/><U96/><E119/><V120/><F1/><W35/><G116/><T46/><D105/><U11/><E128/><V24/><F117/><W48/><G71/><T45/><D121/><N who="2" m="46698" /><F111/><W52/><G124/><T28/><D75/><U127/><E127/><V115/><F85/><W54/><G35/><T104/><D104/><U0/><E113/><V37/><F62/><W132/><G132/><T64/><D66/><U109/><E109/><V25/><F40/><W133/><G133/><T130/><D130/><U126/><E126/><V134/><F37/><W56/><G92/><T76/><REACH who="0" step="1"/><D49/><REACH who="0" ten="223,307,240,220" step="2"/><U60/><E60/><V70/><F134/><W17/><G43/><T112/><D112/><U102/><E42/><V5/><F115/><W72/><G72/><T55/><D55/><U108/><E108/><V44/><F70/><W135/><G135/><T87/><AGARI ba="0,1" hai="27,28,32,45,46,57,61,64,76,81,87,91,95,99" machi="87" ten="20,3900,0" yaku="1,1,0,1,7,1,53,0" doraHai="118" doraHaiUra="2" who="0" fromWho="0" sc="223,49,307,-13,240,-13,220,-13" /><INIT seed="4,1,0,2,1,36" ten="272,294,227,207" oya="0" hai0="32,101,6,130,12,16,77,38,69,100,35,54,68" hai1="48,47,94,132,88,5,45,56,124,107,60,20,59" hai2="72,129,91,11,97,7,24,22,8,41,39,57,15" hai3="96,3,133,128,26,93,117,113,51,76,9,125,40"/><T10/><D130/><U104/><E124/><V81/><F129/><W27/><G128/><T23/><D38/><U126/><E126/><V31/><F72/><W131/><G131/><T90/><D77/><U116/><E116/><V114/><F114/><W111/><G111/><T106/><D106/><U0/><E132/><V119/><F119/><W84/><G125/><T105/><D101/><U74/><E74/><V83/><F39/><W80/><G117/><T13/><D90/><U55/><E0/><V34/><F34/><W66/><G133/><T75/><D75/><U64/><E5/><V135/><F135/><W33/><G33/><T87/><D87/><U98/><E20/><V61/><F11/><W14/><G66/><T49/><D35/><U30/><E30/><V58/><F41/><W46/><G3/><T37/><D37/><U102/><REACH who="1" step="1"/><E107/><REACH who="1" ten="272,284,227,207" step="2"/><V115/><F115/><W21/><G21/><T79/><D32/><U29/><E29/><V71/><F22/><W92/><G113/><T103/><D79/><U63/><E63/><V99/><F61/><W44/><G44/><T122/><D122/><U73/><E73/><V112/><F112/><W42/><G42/><T86/><D105/><U17/><E17/><V78/><F31/><W108/><G108/><T18/><D6/><U85/><AGARI ba="1,1" hai="45,47,48,55,56,59,60,64,85,88,94,98,102,104" machi="85" ten="20,8000,1" yaku="1,1,0,1,7,1,54,1,53,1" doraHai="36" doraHaiUra="50" who="1" fromWho="1" sc="272,-41,284,93,227,-21,207,-21" /><INIT seed="5,0,0,5,4,93" ten="231,377,206,186" oya="1" hai0="41,128,64,82,80,127,5,107,129,106,45,23,14" hai1="74,48,102,91,108,40,11,130,71,109,49,132,84" hai2="30,27,75,77,32,51,38,31,105,6,22,135,99" hai3="63,19,120,94,97,110,117,88,122,21,8,9,12"/><U90/><E74/><V44/><F38/><W26/><G110/><T96/><D64/><U78/><E71/><V118/><F118/><W33/><G117/><T61/><D61/><U115/><E115/><V100/><F135/><W56/><G33/><T112/><D112/><U73/><E132/><V95/><F6/><W126/><G126/><T70/><D70/><U10/><E73/><V58/><F58/><W124/><G124/><T68/><D68/><U53/><E130/><N who="0" m="50281" /><D23/><U52/><E84/><V36/><F36/><W25/><G25/><T20/><D20/><U113/><E102/><V101/><F32/><W79/><G79/><T15/><D15/><U89/><E113/><V98/><F75/><W81/><G81/><N who="0" m="31339" /><D96/><U16/><E78/><V29/><REACH who="2" step="1"/><F77/><REACH who="2" ten="231,377,196,186" step="2"/><W116/><G116/><T18/><D5/><U3/><E109/><V123/><F123/><W43/><G43/><AGARI ba="0,1" hai="22,27,29,30,31,43,44,51,95,98,99,100,101,105" machi="43" ten="30,7700,0" yaku="1,1,7,1,52,2,53,0" doraHai="93" doraHaiUra="59" who="2" fromWho="3" sc="231,0,377,0,196,87,186,-77" /><INIT seed="6,0,0,2,0,76" ten="231,377,283,109" oya="2" hai0="59,120,32,130,16,69,105,35,11,100,71,12,133" hai1="80,134,127,22,7,94,20,55,62,9,41,98,106" hai2="79,4,48,18,110,93,43,34,63,66,26,86,77" hai3="14,97,96,56,2,6,52,65,115,75,74,28,128"/><V25/><F110/><W81/><G128/><T49/><D120/><U83/><E106/><V90/><F4/><W64/><G2/><T111/><D111/><U24/><E41/><V91/><F34/><W47/><G28/><T126/><D130/><U50/><E62/><V103/><F103/><W119/><G119/><T70/><D126/><U10/><E134/><V104/><F104/><W114/><G47/><T57/><D133/><U89/><E22/><V88/><F93/><W15/><G6/><T124/><D124/><U21/><E21/><V33/><F33/><W72/><G56/><T37/><D37/><U45/><E127/><V51/><F79/><W113/><G52/><T58/><REACH who="0" step="1"/><D49/><REACH who="0" ten="221,377,283,109" step="2"/><U101/><E50/><V99/><F51/><W54/><G54/><T121/><D121/><U31/><E55/><V108/><F108/><W123/><G123/><T29/><D29/><U5/><E31/><V112/><F48/><W116/><G116/><T30/><D30/><U85/><E45/><V60/><F43/><W82/><G113/><T84/><D84/><U102/><E85/><V38/><F38/><W132/><REACH who="3" step="1"/><G75/><REACH who="3" ten="221,377,283,99" step="2"/><T1/><D1/><U122/><E122/><V118/><F112/><W17/><G17/><T0/><D0/><U46/><E46/><V19/><F19/><W3/><G3/><T87/><D87/><U13/><E7/><V23/><F118/><W61/><G61/><T109/><D109/><U117/><E5/><V44/><F44/><W42/><G42/><T73/><D73/><U27/><E117/><V131/><F63/><W67/><G67/><RYUUKYOKU ba="0,2" sc="221,15,377,-15,283,-15,99,15" hai0="11,12,16,32,35,57,58,59,69,70,71,100,105" hai3="14,15,64,65,72,74,81,82,96,97,114,115,132" /><INIT seed="7,1,2,1,2,112" ten="236,362,268,114" oya="3" hai0="36,58,104,69,66,108,1,97,123,74,70,82,67" hai1="46,21,128,2,41,57,113,26,48,59,0,34,62" hai2="83,5,75,60,11,79,28,107,100,56,105,110,84" hai3="25,115,45,119,12,17,4,31,40,73,29,102,63"/><W35/><G115/><T61/><D108/><U51/><E113/><V106/><F110/><W131/><G73/><T52/><D123/><U44/><E34/><V109/><F109/><W80/><G131/><T89/><D1/><U129/><E129/><V23/><F75/><W47/><G31/><T39/><D104/><U3/><E128/><V68/><F68/><W130/><G130/><T22/><D67/><U98/><E98/><V54/><F23/><W96/><G4/><T87/><D74/><U118/><E118/><V91/><F28/><W117/><G80/><T99/><D70/><U55/><E59/><V85/><F100/><W50/><G63/><T19/><D36/><U78/><E78/><V64/><F64/><W72/><G47/><T114/><D39/><U95/><E95/><V92/><F106/><W10/><REACH who="3" step="1"/><G72/><REACH who="3" ten="236,362,268,104" step="2"/><T133/><D114/><U121/><E121/><V38/><F38/><W32/><G32/><T18/><D18/><U53/><E2/><AGARI ba="1,3" hai="2,5,11,54,56,60,79,83,84,85,91,92,105,107" machi="2" ten="30,1000,0" yaku="7,1" doraHai="112" who="2" fromWho="1" sc="236,0,362,-13,268,43,104,0" owari="236,-16.4,349,44.9,311,11.1,104,-39.6" /></mjloggm>