<mjloggm ver="2.3"><GO type="169" lobby="0"/><UN n0="%E8%A3%8F%E7%9F%A5%E3%82%89%E3%81%9A" n1="%E6%99%82%E8%A8%88%E5%9D%82%E9%9B%B6" n2="%E6%9C%88%E5%A4%9C%E3%81%AB%E9%A2%A8" n3="%64%69%76%61" dan="17,16,16,16" rate="2212.24,2157.27,2077.35,2051.93" sx="M,M,M,M"/><TAIKYOKU oya="0"/><INIT seed="0,0,0,0,4,76" ten="250,250,250,250" oya="0" hai0="125,26,121,79,69,68,67,43,114,30,47,90,127" hai1="58,6,77,126,57,22,7,92,54,105,107,95,70" hai2="17,65,74,98,42,117,44,46,11,38,49,71,20" hai3="3,24,96,102,99,131,89,0,75,133,109,8,129"/><T50/><D121/><U63/><E70/><V120/><F117/><W128/><G75/><T56/><D114/><U48/><E126/><N who="0" m="48137" /><D90/><U88/><E77/><V45/><F120/><W106/><G133/><T1/><D1/><U72/><E72/><V60/><F74/><W104/><G109/><T119/><D79/><U111/><E111/><V27/><F98/><W118/><G118/><T16/><D119/><U31/><E107/><V5/><REACH who="2" step="1"/><F38/><REACH who="2" ten="250,250,240,250" step="2"/><W103/><G89/><T78/><D78/><U18/><E88/><V52/><F52/><W62/><G62/><N who="0" m="38343" /><D30/><U132/><E31/><V73/><F73/><W135/><G135/><T86/><D86/><U124/><E132/><V116/><F116/><W23/><REACH who="3" step="1"/><G8/><REACH who="3" ten="250,250,240,240" step="2"/><T40/><D40/><U51/><E124/><V25/><F25/><W4/><G4/><T134/><D134/><U130/><E6/><V93/><F93/><W41/><G41/><T108/><D108/><U29/><E7/><V115/><F115/><W87/><G87/><T84/><D84/><U33/><E92/><V53/><F53/><W66/><G66/><T100/><D100/><U55/><E95/><V64/><F64/><W14/><G14/><AGARI ba="0,2" hai="5,11,14,17,20,27,42,44,45,46,49,60,65,71" machi="14" ten="30,2000,0" yaku="1,1,7,1,53,0" doraHai="76" doraHaiUra="112" who="2" fromWho="3" sc="250,0,250,0,240,40,240,-20" /><INIT seed="1,0,0,0,2,111" ten="250,250,280,220" oya="1" hai0="34,38,22,43,86,99,72,16,109,78,54,87,0" hai1="81,83,122,95,14,100,121,52,80,2,44,120,29" hai2="30,19,104,118,101,124,82,107,105,51,57,61,114" hai3="96,70,102,17,63,127,8,50,47,123,7,1,25"/><U33/><E2/><V5/><F118/><W68/><G123/><T45/><D34/><U119/><E119/><V65/><F124/><W79/><G127/><T108/><D0/><U110/><E110/><N who="0" m="42601" /><D99/><U27/><E14/><V71/><F5/><W106/><G79/><T39/><D39/><U133/><E133/><V10/><F82/><W32/><G63/><T53/><D72/><U134/><E134/><V28/><F101/><W26/><G26/><N who="0" m="14663" /><D78/><U69/><E69/><V98/><F98/><W126/><G126/><T48/><D54/><U131/><E131/><V3/><F3/><W129/><G129/><T66/><D66/><U113/><E100/><V97/><F97/><W92/><G106/><T89/><D89/><U91/><E91/><V125/><F125/><W6/><G6/><T77/><D77/><U40/><E95/><V75/><F75/><W55/><REACH who="3" step="1"/><G17/><REACH who="3" ten="250,250,280,210" step="2"/><T9/><D9/><U49/><REACH who="1" step="1"/><E113/><REACH who="1" ten="250,240,280,210" step="2"/><V11/><F114/><W74/><G74/><T93/><D93/><U37/><E37/><V85/><F105/><W21/><G21/><T76/><D76/><U18/><E18/><V103/><F107/><W35/><G35/><T88/><D88/><U41/><AGARI ba="0,2" hai="27,29,33,40,41,44,49,52,80,81,83,120,121,122" machi="41" ten="40,12000,1" yaku="1,1,0,1,54,1,53,1" doraHai="111" doraHaiUra="46" who="1" fromWho="1" sc="250,-40,240,140,280,-40,210,-40" /><INIT seed="1,1,0,5,4,133" ten="210,380,240,170" oya="1" hai0="50,33,103,25,61,97,127,11,108,114,48,40,128" hai1="72,65,49,52,17,99,41,85,29,116,46,112,31" hai2="42,7,130,36,19,32,100,80,63,117,88,105,44" hai3="90,125,84,74,91,37,118,26,23,56,78,95,111"/><U62/><E72/><V59/><F117/><W60/><G37/><T115/><D11/><U54/><E112/><V102/><F130/><W12/><G118/><T20/><D33/><U75/><E75/><V45/><F105/><W135/><G135/><T39/><D39/><U104/><E116/><V3/><F32/><W126/><G111/><T83/><D108/><U6/><E6/><V35/><F35/><W94/><G12/><T82/><D61/><U30/><E85/><V79/><F44/><W119/><G78/><T5/><D5/><U120/><E120/><V34/><F19/><W68/><G68/><T66/><D66/><U14/><E99/><V81/><F81/><W132/><G132/><T96/><D20/><U55/><E104/><V15/><F15/><W1/><G1/><T58/><D58/><N who="1" m="37079" /><E41/><V86/><F34/><W27/><G74/><T10/><D40/><U38/><E38/><V8/><REACH who="2" step="1"/><F79/><REACH who="2" ten="210,380,230,170" step="2"/><W98/><G119/><T53/><D114/><U57/><E46/><V129/><F129/><W131/><G131/><T113/><D128/><U76/><E76/><V110/><F110/><W70/><G26/><T124/><D115/><U22/><AGARI ba="1,1" hai="14,17,22,29,30,31,49,52,54,55,57" m="37079" machi="22" ten="30,3000,0" yaku="8,1,54,1" doraHai="133" who="1" fromWho="1" sc="210,-11,380,43,230,-11,170,-11" /><INIT seed="1,2,0,1,5,128" ten="199,423,219,159" oya="1" hai0="48,45,67,129,118,96,34,6,51,92,84,30,43" hai1="20,69,60,110,27,17,52,0,90,112,127,104,116" hai2="121,74,77,62,18,22,29,106,24,115,126,103,4" hai3="134,54,3,21,41,76,10,9,42,15,72,82,119"/><U55/><E116/><V49/><F121/><W70/><G119/><T95/><D118/><U101/><E0/><V65/><F126/><W85/><G70/><T89/><D129/><U14/><E112/><V2/><F115/><W66/><G66/><T13/><D67/><U132/><E127/><V58/><F74/><W94/><G3/><T83/><D34/><U7/><E101/><V1/><F77/><W16/><G134/><T122/><D30/><U46/><E132/><V33/><F49/><W40/><G72/><T97/><D122/><U120/><E104/><V123/><F123/><W81/><G81/><T35/><D35/><U8/><E110/><V44/><F44/><W88/><REACH who="3" step="1"/><G54/><REACH who="3" ten="199,423,219,149" step="2"/><T91/><D83/><U80/><E120/><V32/><F1/><W102/><G102/><T50/><D84/><U105/><E55/><V98/><F2/><W131/><G131/><T64/><D64/><U108/><E69/><V133/><F133/><W79/><G79/><T28/><D28/><U100/><E52/><V75/><F75/><W26/><G26/><T99/><D99/><U93/><E27/><V135/><F135/><W73/><AGARI ba="2,1" hai="9,10,15,16,21,40,41,42,73,76,82,85,88,94" machi="73" ten="30,7900,0" yaku="1,1,0,1,54,2,53,0" doraHai="128" doraHaiUra="68" who="3" fromWho="3" sc="199,-22,423,-41,219,-22,149,95" /><INIT seed="2,0,0,1,2,112" ten="177,382,197,244" oya="2" hai0="74,94,102,67,11,13,5,90,51,50,96,92,133" hai1="111,10,37,78,3,18,115,19,127,107,101,130,20" hai2="28,108,72,56,71,114,22,117,128,25,100,132,42" hai3="68,58,48,126,21,14,45,129,95,89,87,33,49"/><V73/><F114/><W121/><G121/><T125/><D74/><U79/><E115/><V60/><F71/><W124/><G68/><T77/><D125/><N who="3" m="48233" /><G33/><T23/><D133/><U118/><E37/><V8/><F132/><W69/><G69/><T84/><D77/><U113/><E111/><V6/><F128/><W0/><G0/><T97/><D67/><U86/><E3/><V131/><F131/><W59/><G129/><T12/><REACH who="0" step="1"/><D97/><REACH who="0" ten="167,382,197,244" step="2"/><U39/><E79/><V7/><F73/><W88/><G87/><T103/><D103/><U46/><E78/><V64/><F72/><W16/><G89/><T17/><AGARI ba="0,1" hai="5,11,12,13,17,23,50,51,84,90,92,94,96,102" machi="17" ten="30,7900,0" yaku="1,1,0,1,8,1,53,1" doraHai="112" doraHaiUra="83" who="0" fromWho="0" sc="167,89,382,-20,197,-39,244,-20" /><INIT seed="3,0,0,0,0,33" ten="256,362,158,224" oya="3" hai0="109,88,108,13,73,43,91,96,17,55,58,82,11" hai1="127,1,31,61,56,74,132,19,47,54,45,125,85" hai2="81,89,124,68,50,15,78,79,49,7,129,30,133" hai3="111,93,20,86,95,116,76,25,121,16,126,66,83"/><W100/><G121/><T23/><D43/><U70/><E74/><V40/><F124/><N who="1" m="47689" /><E31/><V29/><F129/><W5/><G116/><T114/><D114/><U134/><E1/><V97/><F68/><W42/><G126/><T106/><D11/><U123/><E123/><V131/><F131/><W59/><G111/><N who="0" m="42571" /><D106/><U84/><E19/><V9/><F133/><N who="1" m="51305" /><E70/><V57/><F79/><W6/><G42/><T4/><D96/><U64/><E64/><V27/><F97/><N who="3" m="59439" /><G95/><T44/><D4/><U8/><E8/><V52/><F27/><W65/><G65/><T32/><D32/><U120/><E120/><V28/><F89/><W128/><G128/><T119/><D119/><U21/><E21/><V35/><F35/><W38/><G38/><T67/><D67/><U72/><E72/><V80/><REACH who="2" step="1"/><F78/><REACH who="2" ten="256,362,148,224" step="2"/><W34/><G34/><T87/><D91/><U104/><E104/><V46/><AGARI ba="0,1" hai="7,9,15,28,29,30,40,46,49,50,52,57,80,81" machi="46" ten="30,16000,3" yaku="1,1,2,1,0,1,8,1,54,1,53,3" doraHai="33" doraHaiUra="26" who="2" fromWho="2" sc="256,-40,362,-40,148,170,224,-80" /><INIT seed="4,0,0,5,3,99" ten="216,322,318,144" oya="0" hai0="83,126,129,128,25,86,87,58,16,52,81,48,133" hai1="7,57,11,39,112,85,134,93,108,47,15,5,32" hai2="117,40,65,122,74,68,106,131,34,130,29,115,60" hai3="132,46,73,88,42,70,30,14,100,41,120,49,118"/><T43/><D133/><U22/><E32/><V109/><F40/><W104/><G118/><T96/><D126/><U21/><E108/><V125/><F60/><W114/><G132/><T33/><D43/><U6/><E134/><V44/><F44/><W95/><G73/><T94/><D33/><U72/><E72/><V35/><F65/><W113/><G120/><T51/><D51/><U8/><E39/><V4/><F4/><W98/><G70/><T38/><D38/><U71/><E71/><V55/><F55/><W36/><G30/><T78/><D16/><U80/><E47/><V119/><F29/><W123/><G123/><T77/><D25/><U10/><E15/><V53/><F53/><W91/><G41/><T89/><AGARI ba="0,0" hai="48,52,58,77,78,81,83,86,87,89,94,96,128,129" machi="89" ten="30,6000,0" yaku="0,1,9,1,54,1" doraHai="99" who="0" fromWho="0" sc="216,60,322,-20,318,-20,144,-20" /><INIT seed="4,1,0,5,0,35" ten="276,302,298,124" oya="0" hai0="89,61,86,38,26,91,2,109,120,17,54,63,95" hai1="53,72,113,40,103,112,118,102,117,7,24,31,21" hai2="82,29,69,84,92,83,129,56,107,88,127,51,67" hai3="5,119,100,43,123,80,30,85,4,71,81,74,42"/><T128/><D38/><U116/><E72/><V16/><F127/><W60/><G123/><T133/><D120/><U79/><E79/><V33/><F129/><W77/><G119/><T124/><D124/><U23/><E40/><V0/><F107/><W70/><G100/><T46/><D133/><U50/><E7/><V12/><F0/><W8/><G30/><T58/><D128/><U135/><E21/><N who="2" m="11399" /><F69/><W48/><G48/><N who="0" m="28951" /><D2/><U115/><REACH who="1" step="1"/><E135/><REACH who="1" ten="276,292,298,124" step="2"/><V3/><F33/><W130/><G130/><T64/><D109/><U18/><E18/><V105/><F29/><W98/><G4/><T39/><D17/><U68/><E68/><V27/><F27/><W131/><G131/><T49/><D39/><U19/><E19/><V36/><F36/><W57/><G70/><T47/><D26/><U134/><E134/><V108/><F108/><W104/><G71/><T106/><D106/><U11/><E11/><V87/><F105/><W59/><G104/><T99/><D64/><U122/><E122/><V14/><F67/><W96/><G5/><T121/><D121/><U132/><E132/><V25/><F25/><W76/><G8/><T10/><D10/><U20/><E20/><V66/><F66/><W93/><G74/><T52/><D47/><AGARI ba="1,1" hai="23,24,31,47,50,53,102,103,112,113,115,116,117,118" machi="47" ten="50,8000,1" yaku="1,1,15,1,11,1,53,1" doraHai="35" doraHaiUra="41" who="1" fromWho="0" sc="276,-83,292,93,298,0,124,0" /><INIT seed="5,0,0,1,0,97" ten="193,385,298,124" oya="1" hai0="74,88,112,123,99,126,84,29,37,90,39,3,57" hai1="102,77,133,27,18,73,122,134,130,8,48,38,120" hai2="55,129,21,66,17,30,108,35,89,5,61,53,56" hai3="82,86,132,69,117,9,94,93,131,105,44,79,50"/><U13/><E38/><V119/><F108/><W113/><G69/><T43/><D74/><U20/><E130/><V104/><F119/><W116/><G131/><T109/><D3/><U114/><E114/><V85/><F5/><W28/><G28/><T1/><D1/><U25/><E73/><V26/><F104/><W45/><G45/><T124/><D109/><U15/><E77/><V65/><F55/><W70/><G70/><T75/><D75/><U11/><E48/><V83/><REACH who="2" step="1"/><F129/><REACH who="2" ten="193,385,288,124" step="2"/><W42/><G105/><T60/><D112/><U100/><E120/><V121/><F121/><W96/><G113/><T118/><D123/><U36/><E122/><V64/><F64/><W101/><G132/><N who="1" m="50794" /><E36/><V16/><F16/><W87/><G117/><T51/><D118/><U115/><E115/><V80/><F80/><W14/><G116/><T4/><D37/><U7/><E27/><AGARI ba="0,1" hai="17,21,26,27,30,35,53,56,61,65,66,83,85,89" machi="27" ten="30,2000,0" yaku="1,1,7,1,53,0" doraHai="97" doraHaiUra="10" who="2" fromWho="1" sc="193,0,385,-20,288,30,124,0" /><INIT seed="6,0,0,4,0,39" ten="193,365,318,124" oya="2" hai0="103,84,117,54,129,22,11,17,24,112,27,8,23" hai1="79,26,100,37,41,31,42,34,28,78,61,50,127" hai2="134,71,101,122,7,107,83,76,64,14,40,38,48" hai3="123,135,53,131,109,15,62,59,119,75,94,69,52"/><V47/><F134/><W125/><G135/><T9/><D103/><U46/><E127/><V133/><F133/><W10/><G125/><T66/><D66/><U60/><E100/><V111/><F111/><W1/><G109/><T13/><D54/><U86/><E31/><V73/><F122/><W85/><G123/><T29/><D84/><U32/><E32/><V63/><F38/><W92/><G75/><T77/><D77/><U65/><E86/><V88/><F88/><N who="3" m="53263" /><G1/><T5/><D129/><U0/><E0/><V90/><F90/><W4/><G131/><T82/><D82/><U81/><E81/><V43/><F14/><W124/><G69/><T98/><D98/><U104/><E104/><V95/><F7/><W16/><G124/><T130/><D130/><U19/><E19/><V102/><F107/><W89/><G119/><T115/><D117/><U20/><E34/><V51/><F95/><W58/><G58/><T36/><D36/><U110/><E110/><V97/><F97/><N who="3" m="57551" /><G4/><T87/><D87/><U45/><E61/><V12/><F12/><W116/><G116/><T114/><AGARI ba="0,0" hai="5,8,9,11,13,17,22,23,24,27,29,112,114,115" machi="114" ten="30,8000,1" yaku="0,1,15,1,34,3" doraHai="39" who="0" fromWho="0" sc="193,80,365,-20,318,-40,124,-20" /><INIT seed="7,0,0,3,5,79" ten="273,345,278,104" oya="3" hai0="133,132,72,78,58,103,69,84,86,59,3,43,39" hai1="34,40,30,51,32,122,10,134,5,98,123,35,14" hai2="44,70,12,105,106,85,24,74,66,21,33,124,0" hai3="127,125,36,73,104,7,65,111,107,135,80,87,110"/><W81/><G36/><T29/><D69/><U108/><E108/><N who="3" m="41514" /><G7/><T100/><D29/><U75/><E30/><V117/><F117/><W27/><G65/><T6/><D59/><U11/><E75/><V64/><F74/><W26/><G135/><N who="0" m="51787" /><D58/><U120/><E134/><V129/><F129/><W109/><N who="3" m="41522" /><W19/><DORA hai="38" /><G19/><T130/><D130/><U46/><E98/><V118/><F118/><W63/><G63/><T95/><D6/><U47/><E11/><V91/><F0/><W115/><G115/><T54/><D3/><U89/><E47/><V4/><F33/><W8/><G8/><T48/><D39/><U71/><E71/><V96/><F12/><W113/><G113/><T56/><D48/><U90/><AGARI ba="0,0" hai="5,10,14,32,34,35,40,46,51,89,90,120,122,123" machi="90" ten="40,2700,0" yaku="0,1,52,1" doraHai="79,38" who="1" fromWho="1" sc="273,-7,345,27,278,-7,104,-13" owari="266,-13.4,372,47.2,271,7.1,91,-40.9" /></mjloggm>