<mjloggm ver="2.3"><GO type="169" lobby="0"/><UN n0="%E2%91%A3%E3%82%BB%E3%83%B3%E3%83%81" n1="%E3%83%9F%E3%82%B2%E3%83%BC%E3%83%AB%E6%94%B9" n2="%E6%B7%B3%E5%AD%90%E3%81%A7%E3%81%99" n3="%73%61%69%63%68%61%6E%7A" dan="18,16,17,17" rate="2290.11,2214.31,2168.14,2161.10" sx="M,M,M,M"/><TAIKYOKU oya="0"/><INIT seed="0,0,0,0,5,135" ten="250,250,250,250" oya="0" hai0="88,16,131,4,14,126,5,66,11,122,50,2,29" hai1="23,107,69,21,127,109,120,58,37,114,0,110,83" hai2="92,30,18,19,52,53,103,108,96,73,125,70,86" hai3="112,40,51,27,94,130,111,84,59,90,63,87,74"/><T102/><D122/><U81/><E120/><V97/><F73/><W24/><G112/><T32/><D102/><U101/><E69/><V62/><F108/><N who="1" m="41577" /><E37/><V47/><F30/><W129/><G74/><T113/><D113/><U123/><E123/><V116/><F116/><W64/><G111/><T77/><D77/><U34/><E34/><V26/><F86/><W118/><G118/><T82/><D66/><U98/><E114/><V117/><F117/><W133/><G133/><T119/><D119/><U6/><E58/><V49/><F26/><W45/><REACH who="3" step="1"/><G84/><REACH who="3" ten="250,250,250,240" step="2"/><N who="0" m="50199" /><D131/><AGARI ba="0,1" hai="24,27,40,45,51,59,63,64,87,90,94,129,130,131" machi="131" ten="40,2600,0" yaku="1,1,19,1,53,0" doraHai="135" doraHaiUra="134" who="3" fromWho="0" sc="250,-26,250,0,250,0,240,36" /><INIT seed="1,0,0,4,1,47" ten="224,250,250,276" oya="1" hai0="24,124,98,121,74,14,112,120,18,97,119,8,113" hai1="43,88,52,78,111,58,26,70,4,116,28,51,80" hai2="132,108,89,93,45,64,130,54,92,69,27,94,96" hai3="118,99,83,56,81,63,134,49,6,117,71,123,15"/><U77/><E70/><V17/><F130/><W34/><G34/><T122/><D74/><U73/><E116/><N who="3" m="44650" /><G123/><T86/><D119/><U65/><E111/><V32/><F108/><W1/><G1/><T53/><D124/><U3/><E43/><V40/><F132/><W41/><G134/><T129/><D129/><U12/><E3/><V76/><F76/><W48/><G71/><T101/><D86/><N who="1" m="50247" /><E65/><V109/><F54/><N who="3" m="34199" /><G99/><T23/><D53/><U133/><E73/><V11/><F109/><W50/><G41/><T105/><REACH who="0" step="1"/><D98/><REACH who="0" ten="214,250,250,276" step="2"/><U16/><E133/><V95/><F96/><W90/><G90/><T55/><D55/><U67/><E67/><V44/><F89/><W66/><G66/><T29/><AGARI ba="0,1" hai="8,14,18,23,24,29,97,101,105,112,113,120,121,122" machi="29" ten="30,4000,0" yaku="1,1,0,1,13,1,53,0" doraHai="47" doraHaiUra="107" who="0" fromWho="0" sc="214,50,250,-20,250,-10,276,-10" /><INIT seed="2,0,0,0,1,29" ten="264,230,240,266" oya="2" hai0="120,78,18,62,134,85,75,94,40,0,60,91,30" hai1="129,95,12,105,26,50,115,87,64,102,52,103,68" hai2="24,8,23,63,128,61,39,109,116,70,65,38,80" hai3="79,58,135,104,82,89,107,43,25,7,35,2,53"/><V118/><F128/><W16/><G135/><T131/><D120/><U125/><E115/><V19/><F109/><W106/><G43/><T36/><D0/><U117/><E117/><V3/><F61/><W34/><G89/><T22/><D30/><U5/><E105/><V54/><F54/><W112/><G112/><T11/><D11/><U97/><E129/><V124/><F124/><W55/><G7/><T32/><D32/><U6/><E125/><V4/><REACH who="2" step="1"/><F80/><REACH who="2" ten="264,230,230,266" step="2"/><W42/><G53/><T51/><D62/><U37/><E64/><V122/><F122/><W1/><G42/><T73/><D60/><U84/><E37/><AGARI ba="0,1" hai="3,4,8,19,23,24,37,38,39,63,65,70,116,118" machi="37" ten="40,2000,0" yaku="1,1,53,0" doraHai="29" doraHaiUra="123" who="2" fromWho="1" sc="264,0,230,-20,230,30,266,0" /><INIT seed="2,1,0,3,3,73" ten="264,210,260,266" oya="2" hai0="18,117,15,94,112,96,45,41,65,11,134,1,34" hai1="35,21,12,133,32,48,120,93,64,101,122,60,56" hai2="3,5,26,44,71,39,50,19,76,102,47,89,91" hai3="28,83,124,67,62,108,23,8,29,2,78,82,127"/><V88/><F71/><W57/><G108/><T118/><D112/><U135/><E101/><V87/><F39/><W36/><G36/><T7/><D34/><N who="1" m="12843" /><E93/><V107/><F3/><W115/><G115/><T69/><D134/><N who="1" m="51211" /><E48/><V53/><F5/><N who="3" m="1079" /><G82/><T80/><D65/><U43/><E43/><V58/><F102/><W51/><G23/><T16/><D69/><U110/><E110/><V105/><F105/><W4/><G4/><T92/><D92/><U98/><E98/><V106/><F106/><W114/><G51/><T131/><D131/><U103/><E103/><V113/><F107/><W77/><G114/><T22/><D18/><AGARI ba="1,0" hai="12,18,21,56,60,64,120,122" m="51211,12843" machi="18" ten="40,1300,0" yaku="20,1" doraHai="73" who="1" fromWho="0" sc="264,-16,210,16,260,0,266,0" /><INIT seed="3,0,0,4,3,6" ten="248,226,260,266" oya="3" hai0="126,43,88,128,106,117,108,3,29,99,44,85,73" hai1="78,50,45,36,101,109,16,2,46,105,82,87,110" hai2="133,31,124,26,56,12,27,5,7,127,119,14,30" hai3="62,135,100,15,113,121,111,91,104,65,64,54,69"/><W77/><G113/><T20/><D117/><U48/><E2/><V4/><F56/><W103/><G121/><T11/><D73/><U63/><E63/><V93/><F93/><W131/><G135/><T10/><D3/><U59/><E59/><V122/><F122/><W33/><G131/><T37/><D128/><U120/><E101/><V83/><F83/><W76/><G111/><N who="1" m="42506" /><E105/><V97/><F97/><W51/><G65/><T81/><D108/><U68/><E68/><V90/><F90/><W94/><G33/><T35/><D35/><U79/><E79/><V0/><F133/><W60/><G60/><T1/><D1/><U71/><E71/><V41/><F41/><W55/><G55/><T61/><D126/><N who="2" m="48170" /><F119/><W67/><G67/><T49/><D37/><U72/><E72/><V134/><F134/><W114/><G114/><T40/><D40/><N who="1" m="22663" /><E120/><V116/><F0/><W52/><G54/><T102/><REACH who="0" step="1"/><D61/><REACH who="0" ten="238,226,260,266" step="2"/><U84/><E50/><V17/><F116/><W123/><G123/><T74/><D74/><U115/><E115/><V18/><F12/><W13/><G13/><T86/><D86/><U70/><E87/><V39/><F39/><W19/><G62/><T130/><D130/><U107/><E70/><V24/><F14/><W9/><G64/><T80/><D80/><U53/><E107/><V129/><F129/><W95/><G69/><T34/><D34/><U25/><E25/><AGARI ba="0,1" hai="10,11,20,25,29,43,44,49,81,85,88,99,102,106" machi="25" ten="40,8000,1" yaku="1,1,52,2,54,1,53,0" doraHai="6" doraHaiUra="8" who="0" fromWho="1" sc="238,90,226,-80,260,0,266,0" /><INIT seed="4,0,0,0,5,99" ten="328,146,260,266" oya="0" hai0="122,89,83,48,78,90,18,32,41,109,111,69,55" hai1="24,124,8,42,113,87,58,17,9,96,56,66,65" hai2="26,51,22,13,112,6,121,3,135,67,79,59,75" hai3="108,106,110,31,73,61,77,21,107,70,5,16,98"/><T102/><D122/><U50/><E124/><V127/><F3/><W38/><G38/><T64/><D32/><U84/><E113/><V80/><F121/><W97/><G31/><T7/><D41/><U53/><E42/><V34/><F34/><W101/><G5/><T126/><D7/><U36/><E36/><V123/><F135/><W74/><G70/><T117/><D117/><U27/><E96/><V44/><F127/><W12/><G61/><T60/><D18/><U132/><E132/><V82/><F82/><W4/><G4/><T103/><D90/><U14/><E17/><V23/><F112/><W114/><G114/><T88/><D89/><U120/><E120/><V49/><F49/><W30/><G30/><T35/><D88/><U85/><E14/><V104/><F104/><W95/><G106/><T52/><D55/><U81/><E81/><V40/><F22/><W11/><G21/><T57/><D35/><U43/><E43/><V93/><F13/><W76/><G76/><T37/><D37/><U92/><E92/><V0/><F6/><W46/><G46/><T25/><D25/><N who="1" m="9803" /><E58/><V91/><F0/><W128/><G128/><T47/><D69/><U125/><E125/><V129/><F129/><W19/><G19/><T15/><D15/><U119/><E119/><V133/><F123/><W63/><G12/><T94/><D94/><U39/><E39/><V100/><F26/><W71/><G95/><T72/><REACH who="0" step="1"/><D126/><REACH who="0" ten="318,146,260,266" step="2"/><U116/><E116/><V33/><F33/><W29/><G16/><T105/><D105/><U1/><E1/><V134/><F93/><RYUUKYOKU ba="0,1" sc="318,15,146,15,260,-15,266,-15" hai0="47,48,52,57,60,64,72,78,83,102,103,109,111" hai1="8,9,50,53,56,65,66,84,85,87" /><INIT seed="4,1,1,5,1,41" ten="333,161,245,251" oya="0" hai0="46,68,31,4,61,91,67,118,42,53,36,55,116" hai1="48,56,64,125,84,15,22,3,7,72,87,73,34" hai2="0,127,128,63,123,25,78,93,120,96,6,30,105" hai3="54,79,21,124,98,18,115,5,99,108,76,94,1"/><T69/><D4/><U24/><E34/><V9/><F127/><W37/><G108/><T133/><D31/><U129/><E3/><V80/><F128/><W110/><G110/><T62/><D91/><U107/><E107/><V103/><F63/><N who="0" m="24074" /><D133/><U106/><E64/><V81/><F81/><W92/><G124/><T23/><D23/><U119/><E125/><V39/><F39/><W20/><G37/><T85/><D85/><U49/><E106/><V19/><F19/><W40/><G40/><T52/><D67/><U101/><E129/><V47/><F47/><W71/><G5/><T17/><D17/><U13/><E119/><AGARI ba="1,1" hai="36,42,46,52,53,55,68,69,116,118,119" m="24074" machi="119" ten="30,11600,0" yaku="34,2,52,1,54,1" doraHai="41" who="0" fromWho="1" sc="333,129,161,-119,245,0,251,0" /><INIT seed="4,2,0,3,4,72" ten="462,42,245,251" oya="0" hai0="95,7,3,117,15,86,114,111,82,54,69,65,18" hai1="131,124,85,37,97,123,56,109,31,115,92,5,87" hai2="25,4,90,66,130,57,26,13,58,79,49,55,121" hai3="60,93,51,36,0,99,38,40,134,20,39,103,110"/><T8/><D117/><U77/><E123/><V35/><F121/><W113/><G0/><T47/><D114/><U67/><E109/><V12/><F130/><W64/><G110/><T27/><D111/><U89/><E37/><V73/><F90/><W128/><G113/><T63/><D95/><U100/><E115/><V32/><F4/><W11/><G128/><T81/><D81/><U2/><E131/><V116/><F66/><W28/><G11/><T84/><D84/><U80/><E124/><V120/><F120/><W24/><G134/><T101/><D101/><U22/><E5/><V33/><F116/><W53/><G40/><T62/><D27/><U125/><E2/><V75/><F32/><W88/><G103/><T105/><D105/><U135/><E135/><V118/><F118/><W42/><G42/><T119/><D119/><U16/><E31/><V94/><F49/><W96/><G96/><T127/><D127/><U6/><E6/><V46/><F46/><W107/><G107/><T29/><D29/><U98/><E125/><V1/><F55/><W9/><G9/><T59/><D47/><U83/><E98/><V17/><F94/><W19/><G28/><T76/><REACH who="0" step="1"/><D18/><REACH who="0" ten="452,42,245,251" step="2"/><U52/><E67/><V74/><F74/><W30/><G30/><T102/><D102/><U43/><E43/><V112/><F112/><W104/><G104/><T61/><D61/><N who="1" m="35975" /><E22/><V14/><F17/><AGARI ba="2,1" hai="16,17,77,80,83,85,87,89,92,97,100" m="35975" machi="17" ten="30,7700,0" yaku="8,1,52,1,54,2" doraHai="72" who="1" fromWho="2" sc="452,0,42,93,245,-83,251,0" /><INIT seed="5,0,0,5,4,129" ten="452,135,162,251" oya="1" hai0="79,27,17,75,72,45,74,104,76,108,63,24,95" hai1="47,4,43,81,111,84,85,98,97,30,54,44,96" hai2="32,87,48,40,35,120,132,64,21,19,127,101,67" hai3="56,116,51,34,60,113,11,41,112,86,88,99,39"/><U70/><E70/><V105/><F120/><W106/><G39/><T94/><D17/><U65/><E111/><V18/><F127/><W14/><G34/><T91/><D63/><U12/><E65/><V37/><F37/><W13/><G116/><T23/><D45/><U38/><E30/><V69/><F105/><W0/><G0/><T133/><D23/><U122/><E84/><V5/><F5/><W128/><G128/><T117/><D104/><U61/><E122/><V82/><F101/><W114/><G11/><T20/><D20/><U93/><E93/><V55/><F40/><W121/><G121/><T2/><D2/><U53/><E47/><V78/><F18/><W134/><G134/><T118/><D133/><U25/><E25/><V9/><F9/><W90/><G99/><T107/><D107/><U68/><E68/><V109/><F132/><W36/><G106/><T58/><D58/><U71/><E71/><V100/><F100/><W77/><G77/><N who="0" m="29771" /><D91/><U26/><E26/><N who="0" m="9769" /><D108/><U15/><E61/><V92/><F109/><W52/><G90/><T66/><D66/><N who="2" m="25130" /><F69/><W29/><G60/><T10/><D10/><N who="1" m="4167" /><E15/><N who="2" m="9471" /><F92/><AGARI ba="0,0" hai="72,74,75,92,94,95,117,118" m="9769,29771" machi="92" ten="40,2600,0" yaku="28,2" doraHai="129" who="0" fromWho="2" sc="452,26,135,0,162,-26,251,0" /><INIT seed="6,0,0,0,2,13" ten="478,135,136,251" oya="2" hai0="9,95,37,98,52,110,92,35,96,106,51,56,64" hai1="72,87,89,0,67,27,20,63,123,30,65,102,42" hai2="94,77,28,90,88,122,86,60,49,93,83,21,6" hai3="115,18,29,129,114,82,69,55,23,124,46,15,91"/><V5/><F122/><W38/><G124/><T33/><D110/><U10/><E123/><V118/><F118/><W125/><G125/><T105/><D37/><U103/><E72/><V107/><F107/><W132/><G69/><T100/><D64/><U128/><E128/><V41/><F60/><W3/><G129/><T19/><D9/><U71/><E67/><V58/><F90/><W44/><G132/><T113/><D19/><U99/><E42/><V61/><F93/><W50/><G3/><T31/><D113/><N who="3" m="43017" /><G29/><T24/><D35/><U17/><E99/><V66/><F49/><W121/><G121/><T108/><D108/><U135/><E135/><V4/><F41/><N who="3" m="22583" /><G82/><T12/><D12/><U74/><E74/><V70/><F70/><W45/><G91/><AGARI ba="0,0" hai="24,31,33,51,52,56,91,92,95,96,98,100,105,106" machi="91" ten="30,2000,0" yaku="7,1,54,1" doraHai="13" who="0" fromWho="3" sc="478,20,135,0,136,0,251,-20" /><INIT seed="7,0,0,5,3,3" ten="498,135,136,231" oya="3" hai0="118,16,131,60,9,81,128,106,66,86,35,14,104" hai1="68,113,41,32,92,1,29,64,8,76,2,123,20" hai2="85,121,115,49,15,110,114,96,43,111,0,45,30" hai3="37,12,103,44,23,57,102,36,52,73,63,54,17"/><W51/><REACH who="3" step="1"/><G73/><REACH who="3" ten="498,135,136,221" step="2"/><T101/><D118/><U50/><E123/><V67/><F121/><W72/><G72/><T112/><D112/><U5/><E113/><V133/><F114/><W127/><G127/><T6/><D35/><U25/><E32/><V42/><F115/><W126/><G126/><T124/><D124/><U107/><E107/><V40/><F110/><W94/><G94/><T130/><D101/><AGARI ba="0,1" hai="12,17,23,36,37,44,51,52,54,57,63,101,102,103" machi="101" ten="40,7700,0" yaku="21,2,54,1,53,0" doraHai="3" doraHaiUra="119" who="3" fromWho="0" sc="498,-77,135,0,136,0,221,87" /><INIT seed="7,1,0,3,0,91" ten="421,135,136,308" oya="3" hai0="70,99,44,10,94,114,65,2,7,109,26,63,135" hai1="107,59,84,124,47,56,11,86,89,62,51,68,116" hai2="113,118,105,66,128,17,112,121,41,81,12,88,115" hai3="53,85,42,49,126,72,103,16,61,38,21,19,27"/><W75/><G126/><T20/><D135/><U122/><E122/><V131/><F118/><W111/><G111/><T97/><D109/><U0/><E107/><V108/><F108/><W106/><G61/><T104/><D114/><U24/><E124/><V82/><F121/><W93/><G106/><T95/><D44/><U127/><E127/><V45/><F66/><W125/><G125/><T74/><D74/><U110/><E110/><V22/><F105/><W55/><G55/><T102/><D99/><U130/><E130/><N who="2" m="49707" /><F88/><N who="3" m="53391" /><G103/><T50/><D50/><AGARI ba="1,0" hai="12,17,22,41,45,50,81,82,112,113,115" m="49707" machi="50" ten="40,2600,0" yaku="15,1,19,1" doraHai="91" who="2" fromWho="0" sc="421,-29,135,0,136,29,308,0" owari="392,49.2,135,-36.5,165,-23.5,308,10.8" /></mjloggm>