<mjloggm ver="2.3"><GO type="169" lobby="0"/><UN n0="%E7%88%86%E7%89%8C%E3%82%A6%E3%82%B7%E3%82%B8%E3%83%9E%E3%81%8F%E3%82%93" n1="%E3%81%82%E3%81%95%E3%81%B4%E3%82%93%EF%BC%A0%EF%BD%8D%EF%BD%8A" n2="%57%E7%BF%BC%E9%9B%AA" n3="%E3%81%BE%E3%81%88%E3%81%9F" dan="16,18,16,17" rate="2114.25,2280.83,2063.82,2171.33" sx="M,M,F,F"/><TAIKYOKU oya="0"/><INIT seed="0,0,0,4,4,128" ten="250,250,250,250" oya="0" hai0="25,76,131,103,124,10,105,79,90,14,80,15,17" hai1="68,72,12,22,91,123,132,40,16,107,26,51,56" hai2="53,92,32,127,110,99,129,122,89,121,41,96,115" hai3="85,35,24,59,114,117,2,62,6,118,63,130,52"/><T81/><D124/><U5/><E123/><N who="2" m="47115" /><F41/><W86/><G130/><T34/><D131/><U37/><E68/><V48/><F129/><W49/><G114/><T1/><D1/><U33/><E72/><V7/><F7/><W58/><G2/><T23/><D34/><U54/><E107/><V13/><F32/><W60/><G6/><T77/><D15/><U87/><E132/><V64/><F64/><W84/><REACH who="3" step="1"/><G59/><REACH who="3" ten="250,250,250,240" step="2"/><T101/><D105/><U134/><E5/><V31/><F115/><W66/><G66/><T116/><D116/><U18/><E134/><V67/><F67/><W36/><G36/><T3/><D3/><U28/><E37/><V106/><F127/><W43/><G43/><T97/><D80/><U133/><E133/><V82/><F82/><W45/><G45/><T4/><REACH who="0" step="1"/><D81/><REACH who="0" ten="240,250,250,240" step="2"/><U9/><E40/><V21/><F53/><W88/><G88/><T112/><D112/><U30/><REACH who="1" step="1"/><E33/><REACH who="1" ten="240,240,250,240" step="2"/><V73/><F89/><W109/><G109/><T27/><D27/><U0/><E0/><V11/><F110/><W125/><G125/><T102/><D102/><U78/><E78/><V8/><F106/><W61/><N who="3" m="15360" /><DORA hai="71" /><W135/><G135/><T50/><D50/><U74/><E74/><V19/><F48/><W70/><G70/><T104/><D104/><U83/><AGARI ba="0,3" hai="9,12,16,18,22,26,28,30,51,54,56,83,87,91" machi="83" ten="20,12000,2" yaku="1,1,0,1,7,1,8,1,54,1,53,1" doraHai="128,71" doraHaiUra="55,100" who="1" fromWho="1" sc="240,-60,240,150,250,-30,240,-30" /><INIT seed="1,0,0,5,2,17" ten="180,390,220,210" oya="1" hai0="72,67,92,56,31,95,53,116,113,96,97,74,13" hai1="107,66,48,129,81,133,89,30,33,108,2,105,25" hai2="7,44,78,32,8,127,115,40,34,38,123,125,52" hai3="84,58,43,0,57,118,50,94,59,79,73,100,135"/><U69/><E2/><V126/><F123/><W111/><G0/><T21/><D113/><U46/><E129/><V93/><F115/><W86/><G111/><T101/><D116/><U42/><E133/><V1/><F78/><W19/><G135/><T76/><D76/><U28/><E28/><V23/><F93/><W117/><G19/><T35/><D35/><U15/><E108/><V60/><REACH who="2" step="1"/><F23/><REACH who="2" ten="180,390,210,210" step="2"/><W36/><G94/><T104/><D95/><U64/><E105/><V88/><F88/><W103/><G100/><T62/><D104/><U18/><E107/><V87/><F87/><W16/><G103/><T3/><D97/><U26/><E89/><V119/><F119/><W45/><G84/><T99/><D99/><U10/><E81/><V83/><F83/><W4/><G86/><T27/><D3/><U114/><E114/><V85/><F85/><W120/><G120/><T70/><REACH who="0" step="1"/><D13/><REACH who="0" ten="170,390,210,210" step="2"/><U14/><E15/><V98/><F98/><W112/><G79/><T90/><D90/><U102/><E102/><V6/><F6/><W37/><G4/><T41/><D41/><U134/><E134/><V130/><F130/><W91/><G112/><T68/><D68/><U29/><REACH who="1" step="1"/><E69/><REACH who="1" ten="170,380,210,210" step="2"/><V80/><F80/><W22/><G91/><T75/><D75/><U51/><E51/><AGARI ba="0,3" hai="21,27,31,51,53,56,62,67,70,72,74,92,96,101" machi="51" ten="30,3900,0" yaku="1,1,7,1,52,1,53,0" doraHai="17" doraHaiUra="128" who="0" fromWho="1" sc="170,69,380,-39,210,0,210,0" /><INIT seed="2,0,0,1,0,134" ten="239,341,210,210" oya="2" hai0="27,33,41,68,60,124,1,38,20,31,65,116,129" hai1="32,22,121,11,37,59,117,111,113,92,8,133,76" hai2="89,2,46,80,53,97,114,40,135,0,132,101,45" hai3="55,7,107,95,15,17,26,74,35,77,39,29,23"/><V79/><F114/><W112/><G107/><T91/><D129/><U5/><E32/><V47/><F40/><W62/><G39/><T72/><D116/><U49/><E117/><V52/><F89/><W110/><G110/><T28/><D91/><U131/><E37/><V18/><F18/><W126/><G112/><T67/><D67/><U123/><E113/><V64/><F64/><W83/><G95/><T108/><D108/><U43/><E111/><V51/><F53/><W58/><REACH who="3" step="1"/><G7/><REACH who="3" ten="239,341,210,200" step="2"/><T14/><D38/><U54/><E92/><V13/><F132/><W44/><G44/><T36/><D36/><U16/><E5/><V75/><F135/><W90/><G90/><T50/><D68/><U94/><E94/><V73/><F46/><W81/><G81/><T25/><D33/><U127/><E133/><V30/><F47/><W3/><G3/><T102/><D1/><U71/><E71/><V61/><F80/><W103/><G103/><T21/><D102/><U85/><E131/><V86/><F101/><W99/><G99/><T106/><D106/><U63/><E121/><V105/><F97/><W100/><G100/><T19/><D31/><U128/><E123/><V9/><F105/><W120/><G120/><T24/><D28/><U115/><E128/><V84/><F45/><W98/><G98/><T118/><D118/><U88/><E115/><V104/><F104/><W12/><G12/><T34/><D14/><U56/><E88/><V48/><F13/><W69/><G69/><T4/><D4/><U87/><E43/><V70/><F70/><W42/><G42/><RYUUKYOKU ba="0,1" sc="239,-10,341,-10,210,-10,200,30" hai3="15,17,23,26,29,35,55,58,62,74,77,83,126" /><INIT seed="3,1,1,1,0,131" ten="229,331,200,230" oya="3" hai0="21,66,3,47,109,50,28,94,107,57,100,37,104" hai1="12,35,6,99,95,130,101,4,48,56,122,77,129" hai2="87,112,115,125,25,114,98,127,64,116,78,72,32" hai3="31,106,83,17,128,119,29,90,86,7,71,5,44"/><W92/><G106/><T111/><D3/><U58/><E122/><V18/><F116/><W34/><G119/><T0/><D0/><U89/><E35/><V91/><F64/><W132/><G71/><T76/><D76/><U24/><E77/><V84/><F18/><W124/><G128/><N who="1" m="49258" /><E24/><V110/><F25/><W67/><G67/><T20/><D37/><U121/><E121/><V82/><F32/><W108/><G124/><N who="2" m="47689" /><F110/><N who="0" m="41994" /><D57/><N who="1" m="22123" /><E48/><V52/><F52/><W1/><G1/><T134/><D66/><U88/><E12/><V120/><F120/><W11/><G34/><T126/><D126/><U41/><E41/><V135/><F135/><W39/><G132/><T69/><D69/><U26/><E26/><V33/><F33/><W103/><G108/><T79/><D134/><U75/><E75/><V2/><F2/><W61/><G39/><T23/><D28/><U53/><E53/><V42/><F42/><W9/><G31/><T113/><D113/><N who="2" m="28930" /><V96/><DORA hai="73" /><F72/><W45/><G29/><T93/><D50/><U117/><E117/><V63/><F63/><W68/><G61/><T14/><D14/><U49/><E49/><V81/><AGARI ba="1,1" hai="78,81,82,84,87,91,96,98" m="28930,47689" machi="81" ten="50,8000,1" yaku="18,1,34,2,52,1" doraHai="131,73" who="2" fromWho="2" sc="229,-21,331,-21,200,93,230,-41" /><INIT seed="4,0,0,5,5,52" ten="208,310,293,189" oya="0" hai0="13,103,134,70,18,130,53,11,80,65,55,7,24" hai1="128,88,86,106,0,110,20,36,45,46,54,27,23" hai2="5,10,59,9,105,94,62,1,84,122,118,108,69" hai3="61,132,95,76,30,19,41,31,51,40,129,126,66"/><T92/><D130/><U57/><E110/><V109/><F122/><W29/><G129/><T77/><D134/><U38/><E128/><V37/><F105/><W135/><G76/><T15/><D24/><U73/><E73/><V49/><F37/><W14/><G95/><T6/><D70/><U89/><E0/><V35/><F35/><W125/><G51/><T71/><D71/><U90/><E106/><V104/><F104/><W48/><G48/><T2/><D65/><U102/><E102/><V98/><F118/><W81/><G81/><T100/><D2/><U68/><E68/><V4/><F84/><W42/><G66/><T124/><D124/><N who="3" m="47721" /><G61/><T114/><D114/><U44/><E20/><AGARI ba="0,0" hai="14,19,20,29,30,31,40,41,42,132,135" m="47721" machi="20" ten="40,1300,0" yaku="18,1" doraHai="52" who="3" fromWho="1" sc="208,0,310,-13,293,0,189,13" /><INIT seed="5,0,0,2,4,33" ten="208,297,293,202" oya="1" hai0="72,83,61,118,1,63,116,106,70,122,28,135,105" hai1="119,6,108,46,40,84,123,132,4,86,12,43,62" hai2="24,94,2,50,100,47,128,96,67,112,78,38,23" hai3="15,129,95,124,71,58,39,120,34,65,82,54,41"/><U134/><E119/><V107/><F128/><W73/><G34/><T81/><D135/><N who="1" m="51755" /><E123/><V98/><F38/><W5/><G95/><T110/><D28/><U14/><E62/><V32/><F32/><W74/><G82/><T57/><D57/><U26/><E26/><V53/><F67/><W48/><G129/><T25/><D25/><U130/><E130/><V92/><F112/><W8/><G124/><T121/><D72/><U69/><E69/><V127/><F127/><W31/><G31/><T51/><D51/><U99/><E99/><V109/><F109/><W114/><G114/><T52/><D52/><U27/><E27/><V17/><F78/><W85/><G85/><N who="1" m="32874" /><E46/><V10/><REACH who="2" step="1"/><F98/><REACH who="2" ten="208,297,283,202" step="2"/><W113/><G113/><T59/><D110/><U133/><E108/><V115/><F115/><W9/><G120/><T36/><D36/><U11/><E133/><V104/><F104/><W91/><G65/><T66/><D66/><U20/><E20/><V49/><F49/><W88/><G48/><T18/><D105/><U77/><E77/><V76/><F76/><W22/><G22/><T125/><D106/><U111/><E111/><V35/><F35/><W56/><G39/><T80/><D125/><U37/><E37/><V89/><F89/><W42/><G88/><T101/><D122/><U7/><E11/><V55/><F55/><W102/><G54/><T68/><D121/><U97/><E97/><V93/><F93/><W29/><G9/><T0/><D118/><U90/><E90/><V60/><F60/><W13/><G91/><T131/><D116/><U103/><E103/><RYUUKYOKU ba="0,1" sc="208,-15,297,15,283,15,202,-15" hai1="4,6,7,12,14,40,43" hai2="2,10,17,23,24,47,50,53,92,94,96,100,107" /><INIT seed="5,1,1,0,4,22" ten="193,312,298,187" oya="1" hai0="40,45,37,104,97,0,39,122,85,103,54,82,71" hai1="16,46,8,81,62,21,15,17,132,113,91,10,75" hai2="7,32,12,93,66,114,110,23,90,19,87,48,135" hai3="64,120,100,109,24,27,57,123,125,13,84,111,43"/><U70/><E113/><V3/><F110/><W88/><G111/><T94/><D122/><U86/><E132/><V127/><F32/><W50/><G109/><T59/><D0/><U76/><E46/><V119/><F119/><W80/><G125/><T121/><D121/><U83/><REACH who="1" step="1"/><E17/><REACH who="1" ten="193,302,298,187" step="2"/><V26/><F135/><W56/><G120/><T72/><D45/><U134/><E134/><V35/><F114/><W73/><G123/><T63/><D39/><U41/><E41/><V11/><F127/><W55/><G43/><T89/><D37/><U98/><E98/><V31/><F48/><W106/><G73/><T130/><D40/><U108/><E108/><V33/><F66/><AGARI ba="1,2" hai="8,10,15,16,21,62,66,70,75,76,81,83,86,91" machi="66" ten="40,3900,0" yaku="1,1,54,1,53,0" doraHai="22" doraHaiUra="95" who="1" fromWho="2" sc="193,0,302,62,298,-42,187,0" /><INIT seed="5,2,0,0,3,53" ten="193,364,256,187" oya="1" hai0="28,31,17,26,96,2,118,111,11,12,29,130,121" hai1="13,43,57,25,134,60,89,71,114,132,82,93,126" hai2="65,38,75,49,54,56,16,0,7,8,48,10,110" hai3="105,37,64,120,61,94,67,129,41,68,95,104,14"/><U42/><E71/><V59/><F110/><W133/><G120/><T62/><D111/><U124/><E82/><V91/><F38/><W39/><G133/><N who="1" m="51306" /><E25/><V112/><F75/><W79/><G14/><T122/><D118/><U106/><E106/><V9/><F112/><W35/><G79/><T24/><D62/><U55/><E13/><V113/><F113/><W84/><G84/><T87/><D87/><N who="1" m="52415" /><E114/><V98/><F16/><W90/><G35/><T58/><D96/><U52/><E55/><V119/><F119/><W72/><G68/><T109/><D109/><U78/><E78/><V86/><F98/><W83/><G83/><T47/><D122/><U33/><E33/><V1/><F1/><W4/><G104/><T108/><D108/><U34/><E34/><V21/><F21/><W80/><G80/><T3/><D3/><U123/><E123/><V107/><F107/><W85/><G105/><T30/><D2/><U76/><E76/><V73/><F73/><W81/><G72/><T97/><D121/><U74/><E74/><V102/><F0/><W46/><G81/><T36/><D26/><U127/><AGARI ba="2,0" hai="42,43,52,57,60,124,126,127" m="52415,51306" machi="127" ten="40,12000,1" yaku="18,1,20,1,52,1,54,1" doraHai="53" who="1" fromWho="1" sc="193,-42,364,126,256,-42,187,-42" /><INIT seed="5,3,0,2,4,97" ten="151,490,214,145" oya="1" hai0="22,53,26,74,122,81,102,90,43,106,72,88,131" hai1="51,37,24,73,40,14,52,61,112,125,19,80,77" hai2="0,95,28,101,128,89,39,21,5,94,121,104,119" hai3="120,44,135,126,23,31,68,38,6,60,3,20,18"/><U84/><E112/><V29/><F119/><W11/><G120/><T108/><D122/><U49/><E125/><V55/><F121/><W103/><G126/><T76/><D108/><U54/><E73/><V41/><F128/><W13/><G135/><T35/><D74/><U109/><E109/><V75/><F75/><W32/><G38/><T127/><D127/><U70/><E37/><V36/><F104/><W111/><G111/><T92/><D131/><U123/><E123/><V124/><F124/><W110/><G110/><T34/><D43/><U30/><E70/><V79/><F79/><W130/><G44/><T118/><D90/><U115/><E115/><V64/><F64/><W82/><G82/><T100/><D118/><U46/><E61/><V83/><F55/><W1/><G130/><T78/><D78/><U132/><E132/><V105/><F105/><W25/><G68/><T33/><D53/><U85/><E85/><V62/><F62/><W91/><G91/><T63/><D63/><U98/><E98/><V57/><F57/><W117/><G103/><T48/><D48/><U87/><E87/><V93/><F101/><W16/><G60/><T69/><D69/><U42/><E42/><V2/><F39/><W113/><G113/><T47/><D47/><U134/><E49/><V10/><F36/><W56/><G56/><T12/><D106/><U114/><E114/><V27/><F41/><W45/><G45/><T58/><D58/><U65/><E134/><V86/><F0/><N who="3" m="455" /><G117/><T67/><D67/><U66/><E40/><V50/><F50/><W4/><G4/><RYUUKYOKU ba="3,0" sc="151,-15,490,-15,214,15,145,15" hai2="2,5,10,21,27,28,29,83,86,89,93,94,95" hai3="1,3,13,16,18,20,23,25,31,32" /><INIT seed="6,4,0,2,1,102" ten="136,475,229,160" oya="2" hai0="74,55,2,108,115,18,41,3,128,116,8,96,21" hai1="62,130,30,4,90,48,12,1,119,47,103,134,65" hai2="44,35,43,63,13,54,79,70,107,23,7,109,72" hai3="38,117,52,20,94,24,131,125,86,77,114,29,17"/><V26/><F107/><W42/><G117/><T51/><D116/><U57/><E119/><V39/><F35/><W76/><G125/><T89/><D108/><U0/><E130/><V111/><F72/><W37/><G131/><T71/><D71/><U40/><E134/><V104/><F104/><W99/><G114/><T69/><D69/><U16/><E4/><V10/><F79/><W97/><G38/><T6/><D128/><U61/><E30/><V78/><F78/><N who="3" m="30315" /><G37/><T45/><D74/><U36/><E103/><V9/><F9/><W93/><G42/><T113/><D3/><U80/><E36/><V87/><F87/><W98/><G29/><T110/><D110/><N who="2" m="41994" /><F70/><W73/><G73/><T56/><D96/><U135/><E135/><V82/><F82/><W34/><G34/><T67/><D67/><U84/><E62/><V120/><F120/><W33/><G33/><T118/><D89/><U25/><E25/><V15/><F15/><W58/><G86/><T92/><D92/><U91/><E91/><V101/><F101/><W106/><G106/><T81/><D81/><U124/><E124/><V100/><F100/><W28/><G28/><T32/><D32/><U122/><E122/><V129/><F129/><W19/><G17/><T112/><D118/><U126/><E126/><V11/><F11/><AGARI ba="4,0" hai="0,1,11,12,16,40,47,48,57,61,65,80,84,90" machi="11" ten="30,2000,0" yaku="7,1,54,1" doraHai="102" who="1" fromWho="2" sc="136,0,475,32,229,-32,160,0" /><INIT seed="7,0,0,4,1,88" ten="136,507,197,160" oya="3" hai0="90,123,32,3,4,108,59,16,14,6,131,48,34" hai1="99,103,134,0,35,57,83,69,67,5,47,110,50" hai2="73,87,129,1,66,70,109,61,81,52,102,78,116" hai3="93,29,113,100,120,91,112,55,45,135,18,86,46"/><W72/><G120/><T128/><D123/><U76/><E110/><V77/><F109/><W115/><G135/><T111/><D48/><U53/><E35/><N who="0" m="13353" /><D59/><U82/><E69/><V119/><F1/><W19/><G29/><T89/><D89/><U79/><E134/><V130/><F102/><W117/><G117/><T101/><D101/><U8/><E76/><V41/><F41/><W97/><G72/><T92/><D108/><U31/><E31/><V21/><F21/><W28/><G28/><T114/><D111/><U68/><E68/><V62/><F78/><W38/><G38/><T98/><D114/><U64/><E47/><N who="3" m="17930" /><G55/><T56/><D56/><U96/><E96/><V2/><F2/><W85/><G85/><T71/><D3/><U12/><E0/><V80/><F80/><AGARI ba="0,0" hai="18,19,80,86,91,93,97,100,112,113,115" m="17930" machi="80" ten="30,2900,0" yaku="15,1,52,1" doraHai="88" who="3" fromWho="2" sc="136,0,507,0,197,-29,160,29" /><INIT seed="7,1,0,0,2,5" ten="136,507,168,189" oya="3" hai0="58,55,86,99,3,42,47,41,57,6,10,113,35" hai1="32,97,43,121,107,70,105,21,118,100,56,134,106" hai2="20,91,38,128,98,79,95,66,51,78,1,19,53" hai3="110,131,109,73,115,76,112,85,130,29,34,30,37"/><W2/><G73/><T72/><D72/><U16/><E70/><V125/><F1/><W50/><G37/><T0/><D35/><U124/><E32/><V123/><F38/><W24/><G50/><T26/><D113/><N who="3" m="43593" /><G85/><T88/><D26/><U103/><E121/><V75/><F125/><W74/><G76/><T102/><D0/><U83/><E83/><V39/><F39/><W17/><G74/><T108/><D108/><N who="3" m="41577" /><G29/><T27/><D27/><U61/><E43/><V87/><F128/><N who="3" m="49195" /><G2/><T117/><D117/><U60/><E118/><V84/><F123/><W120/><G17/><T64/><D64/><U96/><E16/><V14/><F75/><W90/><G90/><T49/><D42/><U59/><E103/><V46/><F66/><W135/><G120/><T67/><D67/><U129/><E100/><V81/><F84/><W82/><G82/><T31/><D31/><U80/><E80/><V126/><F126/><W22/><G22/><T48/><D58/><U133/><E21/><V89/><AGARI ba="1,0" hai="14,19,20,46,51,53,78,79,81,87,89,91,95,98" machi="89" ten="20,2700,0" yaku="0,1,7,1,8,1" doraHai="5" who="2" fromWho="2" sc="136,-8,507,-8,168,30,189,-14" owari="128,-37.2,499,59.9,198,-0.2,175,-22.5" /></mjloggm>