<mjloggm ver="2.3"><GO type="169" lobby="0"/><UN n0="%E3%82%88%E3%81%86%E3%81%B8%E3%83%BC%58" n1="%E3%81%BC%E3%82%93%E3%81%BC%E3%82%93" n2="%E8%B4%88%E4%BA%BA%E8%A9%A9%E6%96%BC%E5%A4%A2" n3="%E3%81%84%E3%81%A1%E3%81%BE%E3%82%8B%E3%81%8F%E3%82%93" dan="17,16,17,17" rate="2243.79,2113.74,2180.16,2128.00" sx="M,M,M,M"/><TAIKYOKU oya="0"/><INIT seed="0,0,0,0,0,90" ten="250,250,250,250" oya="0" hai0="128,0,54,116,61,102,18,25,30,103,47,24,124" hai1="46,115,45,95,127,109,129,106,86,75,81,12,65" hai2="19,20,3,16,2,41,89,9,78,17,49,120,133" hai3="38,80,21,118,126,68,119,52,6,105,11,69,33"/><T48/><D116/><U88/><E127/><V114/><F120/><W108/><G105/><T83/><D124/><U132/><E109/><V73/><F114/><W14/><G33/><T134/><D0/><U51/><E115/><V76/><F133/><W60/><G108/><T117/><D117/><U10/><E132/><V64/><F64/><W135/><G126/><T59/><D134/><U50/><E106/><V34/><F34/><W32/><G135/><T67/><D128/><U74/><E65/><V110/><F110/><W31/><G38/><T94/><D83/><U98/><E129/><V79/><F73/><W97/><G32/><T66/><D66/><U39/><E39/><V23/><F89/><W130/><G130/><T63/><D63/><U96/><E96/><V62/><F62/><W1/><G97/><T4/><D4/><U99/><E99/><V40/><F49/><N who="1" m="18441" /><E75/><V57/><F57/><W5/><G69/><T131/><D131/><U27/><E27/><N who="0" m="10313" /><D30/><U101/><E74/><V112/><F9/><N who="3" m="2223" /><G68/><T13/><D103/><U7/><AGARI ba="0,0" hai="7,10,12,45,46,81,86,88,95,98,101" m="18441" machi="7" ten="30,4000,0" yaku="8,1,52,1,54,1" doraHai="90" who="1" fromWho="1" sc="250,-20,250,40,250,-10,250,-10" /><INIT seed="1,0,0,0,4,110" ten="230,290,240,240" oya="1" hai0="124,1,70,114,72,48,22,84,101,19,131,46,54" hai1="96,17,68,103,35,41,62,98,85,82,8,75,38" hai2="91,117,102,76,123,95,25,109,55,80,18,67,106" hai3="126,45,21,58,115,37,7,89,113,112,83,13,2"/><U60/><E35/><V44/><F117/><W0/><G126/><T86/><D72/><U30/><E30/><V29/><F123/><W79/><G89/><T15/><D70/><U87/><E75/><V20/><F67/><W135/><G135/><T128/><D124/><U111/><E111/><V78/><F109/><W65/><G65/><T16/><D1/><U100/><E38/><V43/><F55/><W32/><G58/><T116/><D116/><U118/><E41/><V56/><F56/><W28/><G21/><T63/><D63/><N who="1" m="24107" /><E68/><V121/><F80/><W108/><G13/><T130/><D101/><N who="1" m="38987" /><E87/><N who="0" m="33321" /><D19/><U133/><E133/><V52/><F121/><W77/><G108/><T23/><D23/><U4/><E4/><V73/><F73/><N who="3" m="43439" /><G79/><T59/><D59/><U9/><E118/><V6/><F78/><W94/><G94/><T64/><D64/><U97/><E17/><V5/><F18/><W134/><G134/><T50/><D50/><U34/><E34/><V105/><F76/><AGARI ba="0,0" hai="8,9,76,82,85,96,97,98" m="38987,24107" machi="76" ten="30,1500,0" yaku="8,1" doraHai="110" who="1" fromWho="2" sc="230,0,290,15,240,-15,240,0" /><INIT seed="1,1,0,2,2,65" ten="230,305,225,240" oya="1" hai0="41,79,8,16,23,35,85,99,15,39,94,5,0" hai1="7,131,87,135,50,70,116,30,97,11,18,93,78" hai2="44,62,132,95,37,92,91,82,40,28,32,127,54" hai3="69,80,58,115,59,1,6,24,60,129,103,47,76"/><U29/><E116/><V90/><F127/><W122/><G122/><T20/><D35/><U55/><E131/><V56/><F132/><W114/><G129/><T89/><D23/><U77/><E18/><V14/><F82/><W36/><G103/><T63/><D63/><U68/><E135/><V53/><F28/><W128/><G128/><T43/><REACH who="0" step="1"/><D39/><REACH who="0" ten="220,305,225,240" step="2"/><U126/><E126/><V9/><F32/><W119/><G115/><T12/><D12/><U19/><E29/><V13/><F54/><W73/><G114/><T106/><D106/><U108/><E30/><V102/><F102/><W2/><G119/><T38/><D38/><U34/><E34/><V72/><F72/><W118/><G118/><T125/><D125/><U121/><E121/><V4/><F13/><W88/><G2/><T134/><D134/><U22/><E108/><V105/><F105/><W130/><G130/><T31/><D31/><U51/><E11/><V21/><F21/><W113/><G113/><T74/><D74/><U120/><E120/><V133/><F133/><W124/><G124/><T107/><D107/><U49/><E55/><V86/><F37/><W98/><G1/><T46/><D46/><U48/><E48/><V100/><F100/><W17/><G47/><T109/><D109/><U96/><E49/><V117/><F117/><W26/><G36/><T66/><D66/><U84/><E22/><V71/><F44/><W25/><G73/><T57/><D57/><U75/><E75/><V10/><F9/><W45/><G45/><T42/><D42/><U64/><E64/><V27/><F40/><RYUUKYOKU ba="1,1" sc="220,30,305,-10,225,-10,240,-10" hai0="0,5,8,15,16,20,41,43,79,85,89,94,99" /><INIT seed="2,2,1,3,0,41" ten="250,295,215,230" oya="2" hai0="28,107,113,131,84,16,69,51,56,11,130,64,32" hai1="100,80,10,68,36,75,89,115,92,29,33,47,102" hai2="22,14,74,118,112,2,106,124,27,30,23,103,65" hai3="79,97,129,53,104,126,125,72,25,35,109,57,38"/><V127/><F74/><W87/><G38/><T7/><D113/><U1/><E68/><V44/><F112/><W120/><G120/><T85/><D107/><U62/><E62/><V78/><F78/><W99/><G72/><T8/><D69/><U98/><E29/><V21/><F65/><W4/><G104/><T73/><D73/><U12/><E33/><V5/><F118/><W86/><G4/><T95/><D95/><U101/><E1/><V67/><F67/><W0/><G0/><N who="0" m="103" /><D28/><U76/><E115/><V40/><F103/><W61/><G109/><T133/><D32/><U90/><E90/><V96/><F96/><N who="3" m="36939" /><G79/><T93/><D93/><U135/><E135/><V71/><F106/><W119/><G119/><T31/><D31/><U34/><E34/><V121/><F121/><W70/><G70/><T50/><D50/><U52/><E36/><N who="2" m="21511" /><F2/><W134/><G134/><T37/><D37/><U42/><E42/><V15/><F71/><W59/><G25/><T60/><D51/><U24/><E24/><V49/><F49/><N who="3" m="30895" /><G35/><T9/><D133/><U82/><E75/><V77/><F77/><W105/><G105/><T19/><D84/><N who="3" m="32297" /><G129/><N who="0" m="49163" /><D85/><U55/><E76/><V88/><F30/><W91/><G91/><T17/><AGARI ba="2,1" hai="9,11,16,17,19,56,60,64" m="49163,103" machi="17" ten="30,2000,0" yaku="19,1,54,1" doraHai="41" who="0" fromWho="0" sc="250,36,295,-7,215,-12,230,-7" /><INIT seed="3,0,0,0,4,44" ten="286,288,203,223" oya="3" hai0="74,14,72,131,101,124,0,3,75,9,27,94,97" hai1="62,8,100,102,83,128,49,57,40,107,46,127,115" hai2="42,69,15,30,18,5,53,105,103,111,119,63,32" hai3="35,36,54,16,19,58,135,10,126,116,70,85,117"/><W37/><G70/><T80/><D131/><U123/><E115/><V134/><F42/><W13/><G35/><T121/><D121/><U26/><E123/><V81/><F119/><W120/><G120/><T93/><D124/><U73/><E127/><V91/><F111/><W77/><G126/><T68/><D68/><U132/><E128/><V50/><F5/><W90/><G77/><T104/><D80/><U106/><E132/><V43/><F43/><W67/><G67/><T118/><D118/><U51/><E26/><V33/><F30/><W22/><G135/><T21/><D94/><U55/><E107/><V71/><F103/><W23/><G117/><T66/><D104/><U48/><E8/><V86/><F105/><W47/><G47/><T133/><D66/><U28/><E28/><V79/><F71/><W45/><G45/><T2/><D133/><U113/><E113/><V114/><F114/><W6/><G116/><T29/><REACH who="0" step="1"/><D14/><REACH who="0" ten="276,288,203,223" step="2"/><U78/><REACH who="1" step="1"/><E106/><REACH who="1" ten="276,278,203,223" step="2"/><V99/><F134/><W65/><G36/><AGARI ba="0,2" hai="36,40,46,48,49,51,55,57,62,73,78,83,100,102" machi="36" ten="40,8000,1" yaku="1,1,2,1,52,3,53,0" doraHai="44" doraHaiUra="61" who="1" fromWho="3" sc="276,0,278,100,203,0,223,-80" /><INIT seed="4,0,0,3,2,59" ten="276,378,203,143" oya="0" hai0="47,105,106,37,21,82,126,65,66,107,91,58,32" hai1="129,124,53,79,87,8,17,64,96,111,123,18,94" hai2="34,20,78,40,15,104,26,9,71,130,39,69,10" hai3="62,33,67,14,135,41,97,4,61,102,28,51,100"/><T22/><D32/><U54/><E111/><V133/><F104/><W95/><G135/><T120/><D120/><U68/><E123/><V80/><F130/><W73/><G73/><T27/><D126/><U6/><E129/><V112/><F112/><W45/><G33/><T131/><D131/><U52/><E79/><V108/><F108/><W24/><G67/><T36/><D47/><U98/><E87/><V16/><F34/><W31/><G102/><T76/><D91/><U38/><E38/><V46/><F9/><N who="3" m="4391" /><G24/><T30/><D22/><U3/><E124/><V23/><F23/><W50/><G50/><T75/><REACH who="0" step="1"/><D66/><REACH who="0" ten="266,378,203,143" step="2"/><U13/><E98/><V0/><F133/><W86/><G86/><T122/><D122/><U88/><REACH who="1" step="1"/><E3/><REACH who="1" ten="266,368,203,143" step="2"/><V101/><F0/><W114/><G114/><T77/><D77/><U93/><E93/><V89/><F89/><W109/><G109/><T121/><D121/><U83/><E83/><V92/><F92/><W5/><G5/><T99/><D99/><U1/><E1/><V118/><F101/><W90/><G100/><T19/><D19/><U134/><E134/><V29/><F118/><W11/><G11/><T35/><D35/><U113/><E113/><V125/><F125/><W103/><G103/><T84/><D84/><AGARI ba="0,2" hai="10,15,16,20,26,29,39,40,46,69,71,78,80,84" machi="84" ten="30,2000,0" yaku="7,1,54,1" doraHai="59" who="2" fromWho="0" sc="266,-20,368,0,203,40,143,0" /><INIT seed="5,0,0,1,3,32" ten="246,368,243,143" oya="1" hai0="41,2,33,40,45,43,85,86,74,38,65,56,66" hai1="10,31,49,84,112,135,69,130,89,71,28,114,54" hai2="119,6,27,82,125,110,67,120,94,15,36,3,102" hai3="95,88,103,109,104,73,133,99,75,24,14,106,18"/><U61/><E130/><V9/><F110/><W105/><G24/><T134/><D33/><U48/><E135/><V113/><F119/><W118/><G14/><T39/><D134/><U0/><E61/><V96/><F120/><W12/><G12/><T44/><D74/><N who="3" m="28169" /><G18/><T80/><D80/><U13/><E13/><V22/><F125/><W59/><G59/><T47/><D2/><U121/><E121/><V81/><F113/><W5/><G5/><T11/><D11/><U70/><E10/><V117/><F117/><W35/><G35/><T98/><D98/><U72/><E72/><V57/><F36/><N who="0" m="13866" /><D86/><U116/><E0/><V17/><F3/><W68/><G68/><T90/><D90/><U34/><E34/><V93/><F93/><N who="3" m="58863" /><G133/><T132/><D85/><U62/><E62/><AGARI ba="0,0" hai="6,9,15,17,22,27,57,62,67,81,82,94,96,102" machi="62" ten="40,1300,0" yaku="8,1" doraHai="32" who="2" fromWho="1" sc="246,0,368,-13,243,13,143,0" /><INIT seed="6,0,0,4,5,23" ten="246,355,256,143" oya="2" hai0="130,61,56,67,106,100,73,3,79,63,131,28,76" hai1="51,65,81,115,102,126,90,19,96,129,13,125,57" hai2="12,122,55,26,42,85,118,46,71,47,97,113,6" hai3="87,88,107,24,37,64,50,22,114,78,52,82,123"/><V134/><F71/><W45/><G123/><T10/><D73/><U104/><E115/><V53/><F118/><W66/><G114/><T33/><D63/><U54/><E129/><N who="0" m="49161" /><D33/><U43/><E43/><V91/><F134/><W34/><G34/><T116/><D28/><U30/><E30/><V48/><F113/><W39/><G107/><T135/><D135/><U128/><E128/><V2/><F2/><W120/><G120/><T41/><D41/><U108/><E108/><V27/><F97/><W1/><G1/><T8/><D116/><U38/><E38/><V103/><F103/><W5/><G5/><N who="0" m="1087" /><D10/><U112/><E65/><N who="3" m="25194" /><G37/><T124/><D124/><U58/><E112/><V60/><F122/><W133/><G39/><T86/><D86/><N who="1" m="50511" /><E126/><V17/><F6/><W92/><G133/><T68/><D68/><U95/><E104/><V110/><F110/><W20/><G24/><N who="2" m="9257" /><F60/><W11/><G11/><T77/><D106/><U36/><E36/><V16/><F47/><W40/><G40/><T21/><D100/><U62/><E125/><V31/><F31/><W15/><G15/><T117/><D117/><U32/><E32/><V84/><F84/><AGARI ba="0,0" hai="20,22,45,50,52,78,82,84,87,88,92" m="25194" machi="84" ten="30,3900,0" yaku="8,1,54,2" doraHai="23" who="3" fromWho="2" sc="246,0,355,0,256,-39,143,39" /><INIT seed="7,0,0,0,0,124" ten="246,355,217,182" oya="3" hai0="110,78,54,95,39,113,91,85,23,111,56,80,40" hai1="87,50,44,92,11,37,52,49,60,127,79,109,107" hai2="97,38,51,4,16,100,42,47,7,65,121,19,67" hai3="22,21,86,114,122,130,93,102,5,73,90,96,8"/><W26/><G122/><T104/><D104/><U115/><E109/><V20/><F38/><W17/><G73/><T13/><D113/><U108/><E108/><V14/><F121/><W98/><G114/><T135/><D135/><U76/><E127/><V25/><F67/><W75/><G75/><T55/><D55/><U69/><E107/><V35/><F65/><W59/><G130/><T64/><D64/><U125/><E69/><V24/><F35/><W94/><G21/><T3/><D3/><U61/><E37/><V43/><F43/><W123/><G123/><T27/><D13/><U34/><E34/><V74/><F74/><W57/><REACH who="3" step="1"/><G98/><REACH who="3" ten="246,355,217,172" step="2"/><N who="0" m="57727" /><D111/><U33/><E115/><V134/><F134/><W71/><G71/><T120/><D110/><U12/><E33/><V118/><F118/><W133/><G133/><T45/><D120/><U77/><E125/><V117/><F117/><W89/><G89/><T83/><D85/><U46/><E87/><V105/><F25/><W10/><G10/><AGARI ba="0,1" hai="4,7,10,14,16,19,20,24,42,47,51,97,100,105" machi="10" ten="30,2000,0" yaku="7,1,54,1" doraHai="124" who="2" fromWho="3" sc="246,0,355,0,217,30,172,-20" owari="246,-15.4,355,45.5,247,4.7,152,-34.8" /></mjloggm>