<mjloggm ver="2.3"><GO type="169" lobby="0"/><UN n0="%E3%82%B5%E3%83%AF%E3%83%B3%E3%82%B3%E3%83%95" n1="%E3%81%B1%E3%82%93%E3%81%AA%E3%81%93%E3%81%BE%E3%81%A3%E3%81%9F" n2="%E3%81%8A%E3%81%98%E3%81%95%E3%82%93" n3="%E5%A4%A7%E4%BB%81%E7%94%B0%E8%96%84" dan="16,17,17,17" rate="2193.48,2213.74,2215.80,2187.09" sx="M,M,M,M"/><TAIKYOKU oya="0"/><INIT seed="0,0,0,4,5,113" ten="250,250,250,250" oya="0" hai0="64,69,60,118,125,26,5,52,19,17,105,119,115" hai1="23,51,96,43,110,88,71,65,100,18,36,68,28" hai2="81,24,22,9,116,67,44,120,40,34,21,135,92" hai3="6,53,99,57,112,83,130,84,46,20,41,78,30"/><T56/><D105/><U15/><E110/><V104/><F104/><W121/><G130/><T91/><D115/><U98/><E36/><V4/><F120/><W48/><G121/><T14/><D125/><U27/><E65/><V12/><F135/><W124/><G124/><T75/><D75/><U35/><E98/><V102/><F67/><W77/><G112/><T126/><D126/><U76/><E76/><V7/><F34/><W66/><G99/><T31/><D5/><U97/><E97/><V122/><F122/><W90/><G6/><T13/><D91/><U134/><E134/><V74/><F92/><W132/><G66/><T50/><D13/><U93/><REACH who="1" step="1"/><E100/><REACH who="1" ten="250,240,250,250" step="2"/><V47/><F102/><W32/><G132/><T127/><D127/><U103/><E103/><V16/><F74/><W3/><G3/><T1/><D1/><U2/><E2/><V108/><F108/><W117/><G32/><T123/><D123/><U39/><E39/><V33/><F33/><W37/><G78/><T25/><D19/><U55/><E55/><V38/><F4/><W87/><G30/><T49/><D50/><U114/><E114/><V89/><F7/><W72/><G72/><T63/><D49/><U129/><E129/><V85/><F38/><W29/><G77/><T133/><D133/><U10/><E10/><V45/><F40/><W111/><G111/><T11/><D25/><U80/><E80/><V79/><F79/><W62/><G37/><T86/><D86/><U128/><E128/><V54/><F24/><N who="3" m="16519" /><G84/><T0/><D0/><U106/><E106/><V59/><F116/><AGARI ba="0,1" hai="41,46,48,53,57,62,83,87,90,116,117" m="16519" machi="116" ten="30,3900,0" yaku="6,1,52,2" doraHai="113" who="3" fromWho="2" sc="250,0,240,0,250,-39,250,49" /><INIT seed="1,0,0,3,1,116" ten="250,240,211,299" oya="1" hai0="10,26,87,115,33,112,62,14,8,1,102,64,97" hai1="119,16,104,126,109,54,93,103,135,36,24,18,76" hai2="129,134,122,94,74,85,5,4,133,63,66,45,68" hai3="34,15,92,72,82,35,43,88,55,59,61,84,58"/><U0/><E119/><V80/><F129/><W21/><G43/><T91/><D8/><U32/><E0/><V42/><F74/><W48/><G72/><T96/><D96/><U79/><E36/><V12/><F94/><W6/><G82/><T78/><D78/><U17/><E104/><V3/><F3/><W127/><G127/><T124/><D124/><U50/><E126/><V99/><F99/><W71/><G71/><T132/><D132/><N who="2" m="50794" /><F12/><W29/><G29/><T37/><D37/><U90/><E135/><V31/><F31/><W46/><G46/><T49/><D49/><U41/><E103/><V86/><F122/><W52/><REACH who="3" step="1"/><G6/><REACH who="3" ten="250,240,211,289" step="2"/><N who="2" m="2665" /><F80/><W106/><G106/><T11/><D115/><U111/><E41/><V130/><F130/><W77/><G77/><T105/><D112/><U19/><E79/><V117/><F117/><W75/><G75/><T30/><D105/><U125/><E76/><V98/><F98/><W57/><G57/><T83/><D97/><U38/><E125/><V81/><F81/><W70/><G70/><T120/><D30/><U60/><E38/><AGARI ba="0,1" hai="38,42,45,63,66,68,85,86" m="2665,50794" machi="38" ten="30,1000,0" yaku="20,1" doraHai="116" who="2" fromWho="1" sc="250,0,240,-10,211,20,289,0" /><INIT seed="2,0,0,5,5,107" ten="250,230,231,289" oya="2" hai0="50,38,19,8,28,88,22,99,68,3,12,70,86" hai1="41,98,37,124,100,84,67,91,0,52,34,134,5" hai2="1,90,80,114,123,43,102,118,29,110,60,27,74" hai3="16,20,11,48,79,131,83,17,2,94,54,108,10"/><V113/><F118/><W71/><G71/><T109/><D109/><U53/><E34/><V26/><F123/><W18/><G108/><T73/><D38/><U128/><E124/><V117/><F110/><W30/><G131/><T13/><D3/><U93/><E128/><V119/><F1/><W85/><G2/><T95/><D73/><U23/><E134/><V25/><F29/><W14/><G94/><T9/><D28/><U135/><E135/><V44/><F102/><W96/><G96/><T62/><D62/><U40/><E67/><V126/><F126/><W55/><G55/><T64/><D64/><U56/><E53/><V33/><F33/><W72/><G72/><T132/><D132/><U81/><E37/><V57/><F119/><W104/><G104/><T103/><D50/><U116/><E116/><V4/><F4/><W36/><G36/><T122/><D122/><U7/><E23/><V106/><F106/><W78/><G78/><T65/><D65/><U66/><E66/><V59/><F117/><W15/><G30/><T46/><D46/><U77/><E100/><V101/><F101/><W45/><REACH who="3" step="1"/><G20/><REACH who="3" ten="250,230,231,279" step="2"/><T39/><D22/><U6/><REACH who="1" step="1"/><E0/><REACH who="1" ten="250,220,231,279" step="2"/><V127/><F127/><W69/><G69/><T120/><D39/><U121/><E121/><V61/><F43/><W82/><G82/><N who="0" m="49239" /><D120/><U87/><E87/><V49/><F74/><W21/><G21/><T130/><D130/><U89/><E89/><V105/><F90/><W129/><G129/><T58/><D70/><U111/><E111/><V97/><F80/><W115/><G115/><T63/><D68/><RYUUKYOKU ba="0,2" sc="250,-15,220,15,231,-15,279,15" hai1="5,6,7,40,41,52,56,77,81,84,91,93,98" hai3="10,11,14,15,16,17,18,45,48,54,79,83,85" /><INIT seed="3,1,2,2,4,77" ten="235,235,216,294" oya="3" hai0="129,107,98,12,42,117,114,91,86,72,109,85,132" hai1="46,24,70,17,128,94,31,33,83,78,82,74,105" hai2="19,101,99,121,75,103,29,6,45,4,95,55,130" hai3="100,25,18,8,113,59,3,123,65,48,119,58,11"/><W134/><G123/><T133/><D42/><U30/><E105/><V104/><F75/><W106/><G119/><T56/><D56/><U118/><E70/><V97/><F121/><W49/><G113/><T53/><D53/><U89/><E118/><V115/><F115/><W61/><G134/><N who="0" m="51819" /><D12/><U20/><E128/><V67/><F130/><W32/><G3/><T73/><D114/><U5/><E5/><V62/><F29/><W41/><G41/><T112/><D112/><U120/><E120/><V93/><F104/><W47/><G59/><T27/><D27/><U71/><E71/><V111/><F111/><W7/><G7/><T63/><D63/><U87/><E33/><V81/><F81/><W22/><G32/><T43/><D43/><U51/><REACH who="1" step="1"/><E94/><REACH who="1" ten="235,225,216,294" step="2"/><V66/><F19/><W15/><G106/><T68/><D68/><U76/><E76/><V28/><F28/><W60/><G18/><T126/><D129/><U80/><E80/><V116/><F116/><W122/><G122/><T38/><D117/><U1/><E1/><V23/><F4/><W69/><G69/><T84/><D109/><U37/><E37/><V52/><F6/><W9/><G65/><T36/><D107/><U110/><E110/><V13/><F67/><W88/><G47/><T124/><D36/><U14/><E14/><V2/><F2/><W35/><G15/><T57/><D38/><U64/><E64/><V79/><F79/><W127/><G35/><T90/><D57/><U26/><E26/><V21/><F45/><W44/><G44/><T102/><D126/><U40/><AGARI ba="1,3" hai="17,20,24,30,31,40,46,51,74,78,82,83,87,89" machi="40" ten="20,12000,2" yaku="1,1,5,1,0,1,7,1,52,2,53,0" doraHai="77" doraHaiUra="0" who="1" fromWho="1" sc="235,-31,225,153,216,-31,294,-61" /><INIT seed="4,0,0,4,4,101" ten="204,378,185,233" oya="0" hai0="11,1,107,37,49,22,89,116,42,26,10,87,106" hai1="126,12,122,118,115,9,5,58,117,54,111,2,53" hai2="6,29,105,74,95,60,16,90,21,65,66,109,75" hai3="130,18,34,81,80,121,112,61,4,25,83,28,70"/><T131/><D116/><U73/><E111/><V55/><F109/><W38/><G38/><T64/><D37/><U99/><E122/><V19/><F6/><W100/><G121/><T51/><D131/><U8/><E73/><V104/><F29/><W129/><G112/><T114/><D114/><U68/><E68/><V86/><F55/><W98/><G18/><T62/><D1/><U71/><E71/><V52/><F52/><W123/><G4/><T17/><D10/><U0/><E115/><V78/><F19/><W67/><REACH who="3" step="1"/><G123/><REACH who="3" ten="204,378,185,223" step="2"/><T97/><D17/><U30/><E5/><V7/><F7/><W63/><G63/><T127/><D62/><U72/><E118/><V132/><F132/><W85/><G85/><T93/><D87/><U33/><E117/><V96/><F86/><W124/><G124/><T20/><D127/><U79/><E126/><V92/><F74/><W46/><G46/><T133/><D133/><U39/><E39/><V23/><F60/><W13/><G13/><T88/><D51/><U77/><E12/><V134/><F134/><W119/><G119/><T31/><D49/><U40/><E72/><V50/><F50/><W135/><G135/><T47/><D47/><U76/><E0/><V108/><F108/><W128/><G128/><T3/><D3/><U44/><E2/><V36/><F36/><W45/><G45/><T43/><D43/><U24/><E44/><V27/><F75/><W32/><G32/><T57/><D42/><U102/><E40/><V15/><F16/><W41/><G41/><T91/><D31/><U84/><E30/><RYUUKYOKU ba="0,1" sc="204,-10,378,-10,185,-10,223,30" hai3="25,28,34,61,67,70,80,81,83,98,100,129,130" /><INIT seed="5,1,1,0,4,50" ten="194,368,175,253" oya="1" hai0="123,115,36,22,61,15,28,32,127,79,125,91,46" hai1="27,119,135,42,12,14,56,53,99,25,8,33,106" hai2="52,67,65,95,92,126,40,122,63,26,5,100,121" hai3="45,128,118,34,88,48,78,130,120,89,23,74,18"/><U107/><E119/><V17/><F126/><N who="0" m="48138" /><D32/><U81/><E135/><V75/><F75/><W134/><G34/><T43/><D115/><U104/><E42/><V66/><F40/><W11/><G11/><T29/><D123/><U94/><E81/><V109/><F109/><W59/><G59/><T58/><D79/><U86/><E86/><V129/><F129/><N who="3" m="49771" /><G120/><T47/><D47/><U16/><E14/><V77/><F122/><W3/><G3/><T131/><D91/><U133/><E133/><V49/><F121/><W72/><G134/><T41/><D41/><U96/><E33/><V9/><F77/><W101/><G101/><T24/><D15/><U97/><REACH who="1" step="1"/><E94/><REACH who="1" ten="194,358,175,253" step="2"/><V69/><F92/><W44/><G118/><T98/><D131/><U57/><E57/><V90/><F95/><W124/><G45/><T60/><D58/><U68/><E68/><V55/><F69/><W6/><G124/><T111/><D111/><U0/><E0/><V117/><F117/><W51/><G44/><T103/><D46/><U87/><E87/><V83/><F83/><W2/><G74/><T19/><D43/><U73/><E73/><V64/><F26/><N who="3" m="14711" /><G72/><T102/><D24/><U105/><N who="1" m="26624" /><DORA hai="39" /><U4/><E4/><V76/><F5/><W37/><G37/><T30/><D36/><U93/><E93/><V70/><F70/><W80/><G6/><T112/><D103/><U62/><AGARI ba="1,2" hai="8,12,16,25,27,53,56,62,96,97,99" m="26624" machi="62" ten="60,12000,1" yaku="1,1,0,1,52,1,54,1,53,1" doraHai="50,39" doraHaiUra="35,10" who="1" fromWho="1" sc="194,-41,358,143,175,-41,253,-41" /><INIT seed="5,2,0,2,2,85" ten="153,501,134,212" oya="1" hai0="83,90,6,78,35,117,133,31,128,4,64,59,134" hai1="71,61,29,113,130,66,72,63,68,52,104,98,11" hai2="131,123,1,120,67,129,50,58,49,38,94,101,115" hai3="75,15,103,80,77,21,132,2,43,60,25,121,26"/><U30/><E72/><V18/><F1/><W96/><G2/><T28/><D117/><U127/><E113/><V39/><F18/><W111/><G111/><T102/><D128/><N who="2" m="49226" /><F94/><W54/><G43/><T41/><D41/><U57/><E130/><V70/><F101/><W108/><G108/><T44/><D44/><U69/><E127/><V32/><F32/><W10/><G132/><N who="0" m="50795" /><D102/><U9/><E104/><V135/><F135/><W23/><G121/><N who="2" m="46665" /><F115/><W82/><G82/><T92/><D59/><U79/><E79/><V73/><F73/><W126/><G126/><T20/><D64/><U40/><E98/><V27/><F27/><W93/><G26/><N who="0" m="16455" /><D31/><U110/><E30/><V37/><F70/><W95/><G25/><T22/><D22/><U119/><E29/><V107/><F107/><W47/><G23/><T88/><D35/><U19/><E71/><V7/><F7/><N who="0" m="2602" /><D92/><U0/><E69/><V14/><F14/><W89/><G21/><T13/><D13/><U36/><E68/><V84/><F84/><AGARI ba="2,0" hai="78,83,84,88,90" m="2602,16455,50795" machi="84" ten="30,7700,0" yaku="20,1,52,2,54,1" doraHai="85" who="0" fromWho="2" sc="153,83,501,0,134,-83,212,0" /><INIT seed="6,0,0,0,5,21" ten="236,501,51,212" oya="2" hai0="26,105,123,67,72,109,58,96,6,129,119,128,112" hai1="4,115,64,5,134,77,131,48,28,69,12,101,56" hai2="108,65,18,124,27,97,135,118,122,116,41,125,54" hai3="120,35,38,86,20,13,100,53,132,31,44,16,37"/><V71/><F122/><W47/><G120/><T59/><D72/><U2/><E56/><V1/><F1/><W66/><G66/><T133/><D109/><U3/><E48/><V85/><F108/><W88/><G100/><T98/><D123/><U11/><E12/><V19/><F41/><W70/><G70/><T29/><D112/><U113/><E11/><V51/><F97/><W80/><G132/><T130/><D133/><U7/><E77/><V46/><F135/><W10/><G35/><T73/><D73/><U50/><E50/><V126/><F85/><W99/><G99/><N who="0" m="37931" /><D105/><U89/><E28/><V103/><F103/><W17/><G31/><T33/><D119/><U127/><E89/><V36/><F36/><W57/><G38/><T45/><D67/><U84/><E84/><V110/><F110/><W93/><G80/><T102/><D102/><U24/><E7/><V25/><F18/><W8/><G37/><T83/><D83/><U40/><E5/><V23/><REACH who="2" step="1"/><F27/><REACH who="2" ten="236,501,41,212" step="2"/><N who="3" m="14735" /><G8/><T14/><D6/><U68/><E4/><V107/><F107/><W30/><G30/><T121/><D121/><U104/><E40/><V106/><F106/><W95/><G95/><T87/><D130/><U78/><E101/><V81/><F81/><W42/><G42/><T117/><D129/><U92/><E104/><V75/><F75/><W43/><G43/><T52/><D128/><U55/><E3/><V90/><F90/><W111/><G111/><T74/><D74/><U32/><E2/><V91/><F91/><W15/><G15/><T22/><D14/><U82/><E131/><RYUUKYOKU ba="0,1" sc="236,-15,501,-15,41,15,212,15" hai2="19,23,25,46,51,54,65,71,116,118,124,125,126" hai3="10,13,16,44,47,53,57,86,88,93" /><INIT seed="6,1,1,5,3,72" ten="221,486,56,227" oya="2" hai0="51,89,65,129,29,100,18,103,112,130,25,108,77" hai1="91,126,58,119,76,8,113,109,57,36,74,61,118" hai2="96,37,56,97,111,64,26,20,17,101,68,117,104" hai3="4,43,27,120,88,123,94,116,35,124,42,82,98"/><V127/><F127/><W122/><G116/><T40/><D108/><U6/><E91/><V110/><F117/><W31/><G124/><T24/><D112/><U41/><E61/><V107/><F37/><W69/><G69/><T78/><D65/><U1/><E41/><V38/><F38/><W13/><G4/><T9/><D89/><U115/><E8/><V33/><F56/><W59/><G13/><N who="0" m="7471" /><D40/><U121/><E74/><V99/><F33/><W71/><G71/><T133/><D51/><U34/><E6/><V5/><F5/><W90/><G59/><T135/><D24/><U23/><E109/><N who="2" m="41483" /><F101/><W49/><G49/><T46/><D46/><U19/><E58/><V14/><F26/><W55/><G55/><T63/><D63/><AGARI ba="1,1" hai="14,17,20,63,64,68,96,97,99,104,107" m="41483" machi="63" ten="30,1500,0" yaku="10,1" doraHai="72" who="2" fromWho="0" sc="221,-18,486,0,56,28,227,0" /><INIT seed="6,2,0,4,0,37" ten="203,486,84,227" oya="2" hai0="40,130,62,38,69,122,134,53,132,2,133,6,73" hai1="94,117,87,80,42,90,116,72,43,54,41,76,107" hai2="48,120,65,24,52,11,36,23,8,3,49,50,98" hai3="123,18,105,106,97,125,96,83,34,20,33,47,93"/><V67/><F120/><W61/><G123/><T128/><D73/><U31/><E31/><V100/><F36/><W77/><G125/><T115/><D122/><U74/><E74/><V17/><F3/><W110/><G110/><T118/><D115/><U131/><E131/><N who="0" m="50217" /><D6/><U58/><REACH who="1" step="1"/><E107/><REACH who="1" ten="203,476,84,227" step="2"/><V32/><F32/><W99/><G106/><T60/><D132/><U68/><E68/><V127/><F127/><W0/><G105/><T75/><D75/><U124/><E124/><V44/><F67/><W22/><G34/><T111/><D69/><U112/><E112/><V13/><F65/><W5/><G33/><T55/><D134/><U126/><E126/><V45/><F45/><W10/><G47/><N who="0" m="23959" /><D133/><U109/><E109/><V92/><REACH who="2" step="1"/><F8/><REACH who="2" ten="203,476,74,227" step="2"/><W30/><G10/><T81/><D111/><U28/><E28/><AGARI ba="2,2" hai="11,13,17,23,24,28,44,48,49,50,52,92,98,100" machi="28" ten="30,12000,1" yaku="1,1,2,1,7,1,8,1,54,1,53,0" doraHai="37" doraHaiUra="121" who="2" fromWho="1" sc="203,0,476,-126,74,146,227,0" /><INIT seed="6,3,0,5,0,134" ten="203,350,220,227" oya="2" hai0="11,86,25,123,76,80,50,124,100,83,58,46,75" hai1="2,21,82,32,61,87,114,53,104,119,38,101,26" hai2="133,51,64,125,89,132,85,52,37,7,5,24,3" hai3="131,130,54,39,98,16,88,43,48,113,126,35,17"/><V20/><F37/><W59/><G35/><T120/><D100/><U65/><E2/><V63/><F63/><W49/><G39/><T71/><D71/><U77/><E38/><V69/><F64/><W115/><G126/><T19/><D124/><U72/><E119/><V42/><F42/><W121/><G121/><T14/><D58/><U68/><E114/><N who="3" m="43530" /><G98/><T110/><D25/><U94/><E53/><V18/><F69/><W99/><G99/><T90/><REACH who="0" step="1"/><D110/><REACH who="0" ten="193,350,220,227" step="2"/><U27/><E27/><V108/><F108/><W105/><G105/><T118/><D118/><U23/><E104/><V0/><F125/><W107/><G107/><T112/><D112/><U93/><E101/><V30/><F133/><W96/><G131/><T36/><D36/><U102/><E102/><V84/><F132/><W28/><G130/><T47/><D47/><U67/><E26/><V33/><F33/><W31/><G31/><T29/><D29/><U103/><E103/><V73/><F30/><W1/><G28/><T22/><D22/><U122/><E23/><V10/><F73/><W78/><G59/><T44/><D44/><U13/><E72/><V6/><F10/><W8/><G8/><T106/><D106/><U109/><E109/><V60/><F60/><W45/><G45/><T116/><D116/><U62/><E61/><V92/><REACH who="2" step="1"/><F84/><REACH who="2" ten="193,350,210,227" step="2"/><W57/><G49/><T12/><D12/><U129/><E13/><V4/><N who="2" m="1024" /><DORA hai="56" /><V111/><F111/><W95/><G48/><T9/><D9/><U79/><E32/><V55/><F55/><AGARI ba="3,2" hai="11,14,19,46,50,55,75,76,80,83,86,90,120,123" machi="55" ten="30,8000,1" yaku="1,1,7,1,25,2,53,1" doraHai="134,56" doraHaiUra="74,128" who="0" fromWho="2" sc="193,109,350,0,210,-89,227,0" /><INIT seed="7,0,0,2,3,117" ten="302,350,121,227" oya="3" hai0="58,32,84,55,31,98,91,99,40,113,86,8,92" hai1="105,68,14,100,49,96,114,17,57,108,37,87,34" hai2="110,0,26,106,41,59,104,24,33,83,115,128,81" hai3="119,11,71,65,109,64,48,75,123,46,135,88,125"/><W36/><G75/><T102/><D32/><U7/><E108/><V129/><F0/><W18/><G36/><T54/><D31/><U118/><E37/><V120/><F110/><W35/><G35/><T79/><D40/><U74/><E74/><V47/><F33/><W69/><G119/><T3/><D3/><U56/><E68/><V72/><F72/><W89/><G125/><T4/><D113/><U43/><E118/><V62/><F115/><W16/><G135/><T13/><D79/><U82/><E114/><V103/><F103/><W60/><G109/><T107/><REACH who="0" step="1"/><D54/><REACH who="0" ten="292,350,121,227" step="2"/><U94/><E43/><V95/><F41/><W5/><G65/><T51/><AGARI ba="0,1" hai="4,8,13,51,55,58,84,86,91,92,98,99,102,107" machi="51" ten="20,5200,0" yaku="1,1,2,1,0,1,7,1,53,0" doraHai="117" doraHaiUra="15" who="0" fromWho="0" sc="292,62,350,-13,121,-13,227,-26" owari="354,45.4,337,13.7,108,-39.2,201,-19.9" /></mjloggm>