<mjloggm ver="2.3"><GO type="169" lobby="0"/><UN n0="%E5%A7%AB%E7%95%99" n1="%E4%B8%83%E7%94%9F%E5%A4%95" n2="%68%61%79%61%74%6F%E2%98%86" n3="%74%61%63%6F%73" dan="16,16,16,18" rate="2115.32,2095.75,2043.23,2196.27" sx="M,M,M,M"/><TAIKYOKU oya="0"/><INIT seed="0,0,0,2,1,71" ten="250,250,250,250" oya="0" hai0="127,60,116,88,11,107,33,4,66,109,84,110,91" hai1="7,108,102,74,79,69,82,31,113,16,2,57,36" hai2="17,93,122,67,55,47,92,19,39,56,111,126,123" hai3="105,42,104,128,117,49,118,131,20,40,14,77,129"/><T135/><D116/><N who="3" m="44649" /><G77/><T3/><D107/><N who="3" m="41033" /><G49/><T106/><D106/><U64/><E108/><N who="0" m="41577" /><D135/><U100/><E113/><V52/><F111/><W89/><G89/><T1/><D127/><U96/><E31/><V87/><F67/><W75/><G75/><T70/><D33/><U119/><E119/><V27/><F126/><W22/><G14/><N who="0" m="5479" /><D91/><U35/><E35/><V103/><F103/><W9/><G9/><T125/><D125/><U21/><E100/><V98/><F122/><W5/><G5/><T133/><D133/><U72/><E7/><V18/><F123/><W94/><G94/><AGARI ba="0,0" hai="1,3,60,66,70,84,88,94" m="5479,41577" machi="94" ten="30,5800,0" yaku="14,1,10,1,54,1" doraHai="71" who="0" fromWho="3" sc="250,58,250,0,250,0,250,-58" /><INIT seed="0,1,0,5,2,48" ten="308,250,250,192" oya="0" hai0="55,8,20,40,77,80,0,109,99,54,124,127,76" hai1="21,71,1,53,56,19,102,62,83,6,22,84,44" hai2="113,72,24,57,93,9,70,117,125,18,30,27,85" hai3="87,121,134,115,130,104,7,118,135,33,82,42,116"/><T100/><D40/><U105/><E71/><V128/><F70/><W107/><G33/><T43/><D43/><U39/><E39/><V29/><F113/><W10/><G42/><T94/><D109/><U15/><E44/><V92/><F72/><W4/><G115/><T126/><D20/><U98/><E6/><N who="3" m="2090" /><G10/><T64/><D64/><U89/><REACH who="1" step="1"/><E1/><REACH who="1" ten="308,240,250,192" step="2"/><V46/><F46/><W78/><G118/><T120/><D0/><U51/><E51/><V41/><F117/><W63/><G116/><T111/><D111/><U103/><E103/><V35/><F41/><W132/><G121/><T49/><D49/><U101/><E101/><V36/><F36/><W119/><G119/><T28/><D120/><U122/><E122/><V17/><F57/><W37/><G37/><T23/><D8/><AGARI ba="1,1" hai="8,15,19,21,22,53,56,62,83,84,89,98,102,105" machi="8" ten="30,3900,0" yaku="1,1,7,1,52,1,53,0" doraHai="48" doraHaiUra="47" who="1" fromWho="0" sc="308,-42,240,52,250,0,192,0" /><INIT seed="1,0,0,2,5,9" ten="266,292,250,192" oya="1" hai0="85,99,67,46,121,125,26,118,16,98,38,89,35" hai1="117,5,52,96,40,126,119,4,14,91,10,56,107" hai2="36,28,120,55,90,29,88,49,65,108,60,42,18" hai3="31,104,11,63,12,2,93,21,61,113,58,50,43"/><U94/><E126/><V69/><F108/><W106/><G113/><T123/><D118/><U133/><E133/><V71/><F69/><W0/><G0/><T76/><D76/><U24/><E40/><V33/><F120/><N who="0" m="46154" /><D125/><U102/><E24/><V41/><F41/><W103/><G2/><T72/><D72/><U57/><E5/><V131/><F131/><W25/><G104/><T134/><D134/><U7/><E7/><V111/><F111/><W34/><G106/><T44/><D67/><U95/><E56/><N who="2" m="32879" /><F18/><W75/><G75/><T86/><D86/><U64/><E64/><V19/><F19/><N who="3" m="8607" /><G34/><T127/><D127/><U92/><REACH who="1" step="1"/><E91/><REACH who="1" ten="266,282,250,192" step="2"/><N who="2" m="34859" /><F33/><W128/><G43/><N who="0" m="22647" /><D35/><U74/><E74/><V68/><F68/><W81/><G25/><T79/><D26/><U8/><E8/><V135/><F135/><W17/><G128/><T101/><D89/><U20/><E20/><V23/><F23/><W30/><G21/><T83/><D101/><U97/><E97/><V84/><F84/><W48/><G103/><T45/><D99/><U78/><E78/><V114/><F114/><W105/><G30/><T22/><D98/><U115/><E115/><V132/><F132/><W82/><G31/><T1/><D1/><U13/><E13/><V124/><F124/><W129/><G129/><T15/><AGARI ba="0,1" hai="15,16,22,45,46,79,83,85" m="22647,46154" machi="15" ten="30,4000,0" yaku="13,1,52,1,54,1" doraHai="9" who="0" fromWho="0" sc="266,50,282,-20,250,-10,192,-10" /><INIT seed="2,0,0,1,4,72" ten="316,262,240,182" oya="2" hai0="128,21,2,114,62,65,47,101,84,32,0,12,74" hai1="82,25,104,29,117,22,96,77,52,30,19,28,39" hai2="131,91,5,80,78,40,81,42,90,110,4,75,126" hai3="36,83,107,1,118,15,54,53,51,119,87,92,49"/><V17/><F131/><W68/><G1/><T135/><D74/><U31/><E39/><V115/><F115/><W20/><G36/><T46/><D32/><U67/><E67/><V124/><F17/><W61/><G107/><T112/><D128/><U125/><E117/><V9/><F110/><W56/><G92/><T45/><D101/><U50/><E125/><N who="2" m="48235" /><F4/><W109/><G109/><T3/><D135/><U41/><E41/><N who="2" m="15979" /><F81/><W43/><G43/><T116/><D116/><U70/><E70/><V37/><F37/><W33/><G83/><T57/><D84/><U133/><E133/><V99/><F99/><W97/><G87/><T55/><D112/><U88/><E31/><V24/><F24/><W38/><G97/><T73/><D114/><U79/><E104/><V7/><F7/><W71/><G38/><T106/><D106/><U59/><E82/><V105/><F105/><W8/><G8/><T60/><D0/><AGARI ba="0,0" hai="0,5,9,75,78,80,90,91" m="15979,48235" machi="0" ten="30,2900,0" yaku="18,1,52,1" doraHai="72" who="2" fromWho="0" sc="316,-29,262,0,240,29,182,0" /><INIT seed="2,1,0,0,5,13" ten="287,262,269,182" oya="2" hai0="103,114,100,64,20,27,7,54,59,28,77,104,63" hai1="71,69,108,86,36,119,25,47,9,22,94,37,61" hai2="95,122,65,112,49,129,124,102,24,135,62,121,51" hai3="33,115,78,39,123,52,14,134,132,53,12,96,81"/><V19/><F112/><W74/><G123/><T111/><D114/><U79/><E119/><V31/><F129/><W133/><G115/><T90/><D111/><U82/><E108/><V18/><F124/><W72/><G39/><T109/><D109/><U46/><E9/><V73/><F73/><W126/><G126/><T1/><D104/><U118/><E118/><V87/><F135/><W38/><G38/><T45/><D77/><U120/><E120/><V23/><F121/><W107/><G33/><T15/><D1/><U97/><E37/><V105/><F105/><W92/><G107/><T113/><D113/><U34/><E34/><V5/><F5/><W44/><G74/><T50/><D90/><U88/><E36/><V17/><F122/><W101/><REACH who="3" step="1"/><G53/><REACH who="3" ten="287,262,269,172" step="2"/><T68/><D68/><U6/><E69/><V75/><F75/><W66/><G66/><T26/><D64/><U89/><E71/><V83/><F65/><W60/><G60/><T41/><D63/><U11/><E61/><V0/><F62/><W57/><G57/><T117/><D54/><U3/><REACH who="1" step="1"/><E79/><REACH who="1" ten="287,252,269,172" step="2"/><N who="2" m="46591" /><F0/><W43/><G43/><T84/><D41/><U116/><E116/><V35/><F35/><W10/><G10/><T110/><D117/><U91/><E91/><V130/><F130/><W8/><G8/><T131/><D131/><U70/><E70/><V93/><F102/><W21/><G21/><T67/><D103/><U55/><E55/><V29/><F51/><AGARI ba="1,2" hai="12,14,44,51,52,72,78,81,92,96,101,132,133,134" machi="51" ten="40,5200,0" yaku="1,1,20,1,54,1,53,0" doraHai="13" doraHaiUra="125" who="3" fromWho="2" sc="287,0,252,0,269,-55,172,75" /><INIT seed="3,0,0,3,5,63" ten="287,252,214,247" oya="3" hai0="115,123,66,4,70,54,25,73,97,92,43,131,84" hai1="124,110,29,53,14,95,83,28,21,90,32,2,68" hai2="132,96,82,62,126,40,38,130,75,9,69,94,78" hai3="86,17,49,71,41,67,57,59,81,61,35,117,79"/><W23/><G35/><T0/><D123/><U133/><E2/><V24/><F130/><W52/><G117/><T5/><D73/><U87/><E32/><V80/><F126/><W37/><G37/><T33/><D131/><U50/><E68/><V47/><F132/><W108/><G108/><T116/><D116/><U105/><E105/><V112/><F112/><W65/><G41/><T85/><D43/><U30/><E124/><V88/><F80/><W100/><G100/><T27/><D54/><U74/><E133/><V36/><F24/><N who="3" m="14447" /><G71/><T127/><D115/><U15/><E110/><V129/><F129/><W106/><G106/><T119/><D25/><U12/><E74/><V45/><F9/><W6/><G6/><T113/><D4/><U114/><E114/><V1/><F1/><W89/><G79/><T72/><D5/><U135/><E135/><V11/><F11/><W10/><G10/><T48/><D0/><U58/><REACH who="1" step="1"/><E83/><REACH who="1" ten="287,242,214,247" step="2"/><V111/><F111/><W8/><G8/><T107/><D72/><U102/><E102/><V55/><F69/><W125/><G125/><T101/><D107/><U91/><E91/><V128/><F128/><W22/><G22/><AGARI ba="0,1" hai="12,14,15,21,22,28,29,30,50,53,58,87,90,95" machi="22" ten="40,2600,0" yaku="1,1,8,1,53,0" doraHai="63" doraHaiUra="31" who="1" fromWho="3" sc="287,0,242,36,214,0,247,-26" /><INIT seed="4,0,0,0,0,71" ten="287,278,214,221" oya="0" hai0="78,129,14,40,107,13,92,55,36,33,91,17,52" hai1="30,85,41,76,105,127,61,130,32,51,124,58,77" hai2="72,81,70,2,11,6,24,80,22,108,114,79,120" hai3="12,64,47,100,43,57,112,115,87,18,84,74,97"/><T54/><D107/><U23/><E105/><V82/><F114/><N who="3" m="43563" /><G74/><T37/><D33/><U62/><E32/><V119/><F120/><W116/><G116/><T49/><D129/><U1/><E1/><V126/><F108/><W90/><G90/><T101/><D101/><U65/><E130/><V122/><F122/><W26/><G26/><T135/><D135/><U31/><E61/><V35/><F119/><W134/><G64/><T69/><D69/><U128/><E128/><V7/><F70/><W29/><G57/><T117/><D78/><U88/><E51/><V95/><F35/><W89/><G89/><T60/><D60/><U28/><E41/><V67/><F67/><W56/><G56/><T121/><D121/><U50/><E50/><V109/><F109/><W68/><G29/><T38/><D117/><U27/><E124/><V34/><F34/><W20/><G68/><T83/><D83/><N who="1" m="49215" /><E127/><V16/><F126/><W111/><G134/><T86/><REACH who="0" step="1"/><D17/><AGARI ba="0,0" hai="17,23,27,28,30,31,58,62,65,76,77" m="49215" machi="17" ten="30,2000,0" yaku="8,1,54,1" doraHai="71" who="1" fromWho="0" sc="287,-20,278,20,214,0,221,0" /><INIT seed="5,0,0,2,4,34" ten="267,298,214,221" oya="1" hai0="117,57,29,55,83,73,47,114,107,6,91,121,100" hai1="109,116,12,50,79,94,106,60,135,1,120,8,124" hai2="39,70,22,84,131,48,16,38,56,44,80,71,26" hai3="72,7,110,92,32,130,3,11,77,15,125,93,96"/><U81/><E116/><V69/><F131/><W65/><G110/><T45/><D117/><U74/><E106/><V54/><REACH who="2" step="1"/><F44/><REACH who="2" ten="267,298,204,221" step="2"/><W35/><G130/><T97/><D45/><U88/><E109/><V10/><F10/><W134/><G11/><T25/><D47/><U103/><E8/><V108/><F108/><W17/><G134/><T31/><D121/><U36/><E135/><V23/><F23/><W78/><G32/><T90/><D114/><U27/><E120/><V98/><F98/><W115/><G35/><T4/><D97/><U126/><E124/><V9/><F9/><W86/><G96/><T67/><D4/><U105/><E126/><V0/><F0/><W123/><G3/><T33/><D6/><U62/><E1/><V128/><F128/><W30/><G7/><T113/><D113/><U28/><E105/><V112/><F112/><W40/><G115/><T53/><D33/><U42/><E103/><V21/><F21/><W13/><G125/><T99/><D99/><U46/><E46/><V19/><F19/><W87/><G17/><T132/><D100/><U95/><E28/><V49/><F49/><W37/><G30/><T5/><D107/><U51/><E50/><V18/><F18/><W129/><G123/><T20/><D29/><U63/><E51/><V75/><F75/><W24/><G72/><T111/><D5/><U118/><E74/><V61/><F61/><W76/><G129/><T119/><D111/><U68/><E63/><V58/><F58/><W85/><G40/><T2/><D57/><U133/><E42/><V82/><F82/><RYUUKYOKU ba="0,1" sc="267,-10,298,-10,204,30,221,-10" hai2="16,22,26,38,39,48,54,56,69,70,71,80,84" /><INIT seed="6,1,1,1,3,39" ten="257,288,234,211" oya="2" hai0="71,63,97,64,14,7,22,41,122,67,86,18,65" hai1="120,24,3,11,9,37,59,55,96,108,81,92,127" hai2="74,116,72,57,27,69,119,111,134,125,5,49,83" hai3="4,12,54,129,70,85,98,52,23,56,32,94,88"/><V36/><F69/><W93/><G32/><T133/><D122/><U78/><E108/><V25/><F36/><W113/><G70/><T15/><D133/><U91/><E37/><V132/><F5/><W103/><G129/><T66/><D86/><N who="1" m="48439" /><E3/><V87/><F111/><W45/><G113/><T62/><D97/><U84/><E127/><V58/><F49/><N who="3" m="28719" /><G23/><T106/><D106/><U76/><E120/><V10/><F10/><N who="3" m="4167" /><G54/><T19/><D7/><U48/><E24/><V107/><F107/><W2/><G2/><T38/><D38/><U90/><E76/><V53/><F53/><W118/><G118/><T109/><D109/><U17/><E17/><V50/><F50/><W121/><G121/><T51/><D51/><U20/><E20/><V30/><F125/><W80/><G56/><N who="2" m="21609" /><F72/><W34/><G34/><T8/><D63/><U135/><E135/><N who="2" m="51755" /><F74/><W112/><G112/><T130/><D130/><U16/><E16/><V43/><F43/><W26/><G26/><N who="2" m="9737" /><F30/><W1/><G1/><T40/><AGARI ba="1,1" hai="8,14,15,18,19,22,40,41,62,64,65,66,67,71" machi="40" ten="30,4000,0" yaku="0,1,52,2" doraHai="39" who="0" fromWho="0" sc="257,53,288,-11,234,-21,211,-11" /><INIT seed="7,0,0,1,4,48" ten="310,277,213,200" oya="3" hai0="34,13,99,78,121,72,92,95,82,18,40,7,33" hai1="87,86,23,8,122,83,26,128,116,114,64,22,118" hai2="101,58,31,105,32,53,24,49,76,44,67,4,134" hai3="130,110,12,15,41,89,107,90,100,68,119,94,111"/><W36/><G119/><T35/><D121/><U112/><E122/><V16/><F134/><W52/><G68/><T21/><D40/><U104/><E104/><V126/><F126/><W133/><G133/><T39/><D39/><U2/><E64/><V19/><F76/><W42/><G130/><T17/><D7/><N who="1" m="1143" /><E128/><V102/><F4/><W74/><G74/><T88/><D34/><U84/><E83/><V10/><F105/><W43/><G36/><T6/><D6/><U79/><E79/><V60/><F10/><W132/><G132/><T115/><D115/><N who="1" m="44075" /><E23/><V54/><F102/><W56/><G100/><T27/><D92/><U129/><E129/><V125/><F101/><W93/><G107/><T135/><D135/><U14/><E14/><N who="3" m="5162" /><G110/><T25/><D25/><U30/><AGARI ba="0,0" hai="22,26,30,84,86,87,116,118" m="44075,1143" machi="30" ten="40,1500,0" yaku="15,1" doraHai="48" who="1" fromWho="1" sc="310,-4,277,15,213,-4,200,-7" owari="306,40.6,292,9.2,209,-19.1,193,-30.7" /></mjloggm>