<mjloggm ver="2.3"><GO type="169" lobby="0"/><UN n0="%E3%83%97%E3%83%AC%E3%82%B9%E3%83%97" n1="%E7%89%A7%E5%A0%B4%E3%81%AE%E5%B0%8F%E5%A5%B3" n2="%E5%91%A8%E6%9D%B1" n3="%E3%80%93%E5%AE%AE%E6%A3%AE%E3%81%82%E3%81%8A%E3%81%84%E3%80%93" dan="16,17,16,18" rate="2177.61,2189.76,2139.26,2172.73" sx="M,F,M,M"/><TAIKYOKU oya="0"/><INIT seed="0,0,0,3,0,91" ten="250,250,250,250" oya="0" hai0="82,60,21,130,31,0,84,134,117,77,74,79,113" hai1="45,37,111,52,7,62,112,28,44,22,2,18,131" hai2="39,17,42,106,66,86,6,125,69,89,71,4,107" hai3="5,47,114,8,20,34,94,49,101,123,88,26,78"/><T92/><D113/><U23/><E111/><V110/><F110/><W67/><G114/><T11/><D117/><U61/><E131/><V9/><F125/><W51/><G123/><T132/><D130/><U41/><E112/><V87/><F66/><W108/><G108/><T12/><D0/><U81/><E28/><V119/><F119/><W14/><G34/><T10/><D60/><U15/><E22/><V105/><F17/><W30/><G78/><T54/><D54/><U118/><E118/><V90/><F42/><W65/><G101/><T76/><D74/><U46/><E81/><V124/><F39/><W80/><G80/><T33/><D33/><U99/><E62/><V116/><F124/><W64/><REACH who="3" step="1"/><G47/><REACH who="3" ten="250,250,250,240" step="2"/><T103/><D77/><U98/><E45/><V50/><F116/><W1/><G1/><T102/><D76/><U16/><E44/><V72/><F72/><W121/><G121/><T75/><D75/><U56/><REACH who="1" step="1"/><E18/><REACH who="1" ten="250,240,250,240" step="2"/><V135/><F135/><W127/><G127/><T83/><D82/><U13/><E13/><V70/><F50/><W95/><G95/><T19/><D92/><U109/><E109/><V122/><F122/><W25/><G25/><N who="0" m="16815" /><D11/><AGARI ba="0,2" hai="2,7,11,15,16,23,37,41,46,52,56,61,98,99" machi="11" ten="40,5200,0" yaku="1,1,54,2,53,0" doraHai="91" doraHaiUra="104" who="1" fromWho="0" sc="250,-52,240,72,250,0,240,0" /><INIT seed="1,0,0,2,4,109" ten="198,312,250,240" oya="1" hai0="125,134,39,27,97,37,8,92,51,38,75,35,6" hai1="26,117,15,11,0,132,43,18,30,93,72,13,63" hai2="20,89,90,70,121,49,60,25,108,73,19,84,88" hai3="130,64,74,69,68,113,119,110,32,53,106,59,124"/><U46/><E117/><V54/><F108/><W104/><G53/><T42/><D75/><U78/><E132/><V133/><F133/><W31/><G59/><T12/><D134/><U85/><E72/><V105/><F73/><W94/><G94/><T87/><D125/><U66/><E0/><V55/><F105/><W122/><G64/><T123/><D123/><U52/><E13/><V36/><F36/><W7/><G31/><T50/><D87/><U135/><E135/><V24/><F121/><W128/><G7/><T23/><D35/><U120/><E120/><V129/><F129/><W22/><G22/><T79/><D79/><U44/><E43/><V28/><F70/><W14/><G14/><T5/><D5/><U107/><E107/><V99/><F99/><W34/><G122/><T101/><REACH who="0" step="1"/><D42/><REACH who="0" ten="188,312,250,240" step="2"/><U40/><E40/><V56/><F84/><W76/><G74/><T77/><D77/><U80/><E78/><V47/><REACH who="2" step="1"/><F90/><REACH who="2" ten="188,312,240,240" step="2"/><W3/><G110/><T9/><D9/><U95/><E11/><V116/><F116/><W57/><G119/><T91/><D91/><U4/><E85/><V16/><F16/><AGARI ba="0,2" hai="6,8,12,16,23,27,37,38,39,50,51,92,97,101" machi="16" ten="40,2600,0" yaku="1,1,54,1,53,0" doraHai="109" doraHaiUra="114" who="0" fromWho="2" sc="188,46,312,0,240,-26,240,0" /><INIT seed="2,0,0,0,2,78" ten="234,312,214,240" oya="2" hai0="56,115,88,67,57,14,109,27,82,4,98,110,7" hai1="122,15,91,117,46,24,92,5,44,79,123,10,133" hai2="95,118,49,65,62,32,68,54,74,135,31,100,75" hai3="94,18,59,108,40,16,77,28,120,41,42,50,48"/><V127/><F118/><W52/><G120/><T22/><D115/><U38/><E117/><V8/><F135/><W9/><G108/><N who="0" m="41579" /><D98/><U102/><E133/><V73/><F127/><W97/><G28/><T60/><D57/><U11/><E102/><V70/><F8/><W107/><G107/><T0/><D14/><U66/><E66/><V34/><F31/><W90/><G77/><T96/><D0/><U86/><E24/><V89/><F100/><W51/><REACH who="3" step="1"/><G9/><REACH who="3" ten="234,312,214,230" step="2"/><T69/><D69/><U128/><E123/><V58/><REACH who="2" step="1"/><F70/><REACH who="2" ten="234,312,204,230" step="2"/><W64/><G64/><T2/><D67/><U76/><E122/><V130/><F130/><W19/><AGARI ba="0,2" hai="16,18,19,40,41,42,48,50,51,52,59,90,94,97" machi="19" ten="30,12000,2" yaku="1,1,0,1,8,1,54,2,53,1" doraHai="78" doraHaiUra="53" who="3" fromWho="3" sc="234,-30,312,-30,204,-60,230,140" /><INIT seed="3,0,0,2,1,14" ten="204,282,144,370" oya="3" hai0="78,43,61,63,5,25,64,96,44,4,125,32,1" hai1="132,71,123,73,126,15,57,67,0,116,84,62,65" hai2="91,82,68,105,36,60,103,129,122,83,110,117,74" hai3="94,41,23,111,69,24,27,86,95,16,3,92,108"/><W89/><G69/><T128/><D128/><U35/><E0/><V26/><F26/><W72/><G3/><T131/><D131/><U19/><E73/><V107/><F60/><W18/><G72/><T8/><D125/><U88/><E123/><V80/><F36/><W118/><G118/><T28/><D5/><U2/><E2/><V75/><F68/><W42/><G42/><T58/><D63/><U29/><E132/><V113/><F129/><W66/><G41/><T12/><D78/><U130/><E130/><V56/><F56/><W13/><G66/><T49/><D96/><U20/><E126/><V48/><F48/><W47/><G47/><T112/><D112/><U53/><E116/><V52/><F52/><W37/><G37/><T22/><REACH who="0" step="1"/><D1/><REACH who="0" ten="194,282,144,370" step="2"/><U38/><E71/><V59/><F117/><W93/><REACH who="3" step="1"/><G24/><REACH who="3" ten="194,282,144,360" step="2"/><T90/><D90/><U127/><E127/><V134/><F91/><W77/><G77/><T50/><D50/><U45/><E38/><V97/><F113/><W54/><G54/><T119/><D119/><U106/><E53/><V40/><F40/><W46/><G46/><T109/><D109/><U17/><E45/><V30/><F110/><W10/><AGARI ba="0,2" hai="10,13,16,18,23,27,86,89,92,93,94,95,108,111" machi="10" ten="30,18000,2" yaku="1,1,0,1,52,2,54,1,53,1" doraHai="14" doraHaiUra="85" who="3" fromWho="3" sc="194,-60,282,-60,144,-60,360,200" /><INIT seed="3,1,0,2,2,45" ten="134,222,84,560" oya="3" hai0="0,43,86,135,108,71,59,125,99,72,81,102,58" hai1="9,117,119,24,110,14,29,120,31,105,94,88,26" hai2="73,90,66,21,82,16,69,46,13,130,100,54,124" hai3="67,89,27,103,104,18,55,39,84,8,80,34,25"/><W77/><G39/><T47/><D72/><U128/><E105/><V38/><F130/><W33/><G67/><T1/><D71/><U60/><E120/><V49/><F124/><W115/><G115/><T36/><D125/><U116/><E128/><V106/><F38/><W92/><G104/><T64/><D108/><U112/><E112/><V51/><F106/><W107/><G103/><T2/><D64/><U22/><E60/><V62/><F100/><W114/><G114/><T6/><D6/><U11/><E110/><V96/><F73/><W93/><G93/><T20/><D20/><U127/><E127/><V12/><F51/><W133/><G8/><T132/><D99/><U61/><E61/><V113/><F113/><W35/><G18/><T65/><D102/><U10/><E88/><V28/><F28/><W134/><G107/><T63/><REACH who="0" step="1"/><D59/><REACH who="0" ten="124,222,84,560" step="2"/><U70/><E70/><V53/><F96/><N who="3" m="57359" /><G34/><T4/><D4/><N who="1" m="3367" /><E94/><V15/><REACH who="2" step="1"/><F54/><REACH who="2" ten="124,222,74,560" step="2"/><W56/><G55/><T74/><D74/><U123/><E123/><V129/><F129/><W85/><G85/><AGARI ba="1,2" hai="12,13,15,16,21,46,49,53,62,66,69,82,85,90" machi="85" ten="40,5200,0" yaku="1,1,52,1,54,1,53,0" doraHai="45" doraHaiUra="122" who="2" fromWho="3" sc="124,0,222,0,74,75,560,-55" /><INIT seed="4,0,0,1,2,114" ten="124,222,149,505" oya="0" hai0="110,95,4,44,38,66,74,112,18,30,122,65,67" hai1="62,129,56,116,31,123,133,92,71,33,0,23,61" hai2="107,117,15,130,52,14,10,36,19,50,32,24,8" hai3="11,106,17,98,76,13,3,63,132,55,128,68,58"/><T111/><D122/><U80/><E33/><V12/><F36/><W37/><G37/><T6/><D74/><U43/><E123/><V99/><F130/><W69/><G128/><T47/><D30/><U115/><E0/><V134/><F134/><W84/><G3/><T26/><D112/><U79/><E115/><V57/><F117/><W90/><G76/><T121/><D121/><U113/><E113/><V22/><REACH who="2" step="1"/><F32/><REACH who="2" ten="124,222,139,505" step="2"/><W70/><G132/><T119/><D119/><U100/><E116/><V59/><F59/><W104/><REACH who="3" step="1"/><G98/><REACH who="3" ten="124,222,139,495" step="2"/><T93/><D38/><U81/><E133/><V51/><F51/><W82/><AGARI ba="0,2" hai="11,13,17,55,58,63,68,69,70,82,84,90,104,106" machi="82" ten="30,4000,0" yaku="1,1,2,1,0,1,53,0" doraHai="114" doraHaiUra="91" who="3" fromWho="3" sc="124,-20,222,-10,139,-10,495,60" /><INIT seed="5,0,0,0,1,40" ten="104,212,129,555" oya="1" hai0="90,106,114,49,101,122,80,47,60,8,50,66,135" hai1="4,35,2,84,98,115,21,44,92,111,61,93,99" hai2="65,96,69,33,15,81,85,107,79,12,123,48,18" hai3="34,56,97,109,91,29,125,116,30,110,132,113,102"/><U26/><E35/><V36/><F36/><W46/><G113/><T78/><D114/><U75/><E75/><V54/><F123/><W25/><G29/><T126/><D122/><U127/><E115/><V70/><F33/><W14/><G56/><T117/><D117/><U58/><E2/><V11/><F65/><W128/><G91/><T19/><D126/><U124/><E4/><V0/><F0/><W9/><G128/><T42/><D135/><U133/><E133/><V112/><F112/><W118/><G46/><T94/><D101/><U121/><E121/><V41/><F41/><W45/><G45/><T130/><D106/><U27/><E84/><V64/><F64/><W37/><G37/><T7/><D19/><U53/><E111/><V129/><F129/><W86/><G86/><T73/><D50/><U87/><E87/><V5/><F96/><W71/><G71/><T57/><D130/><U24/><E21/><V13/><F107/><N who="3" m="63951" /><G125/><N who="1" m="48202" /><E44/><V43/><F43/><W20/><G20/><T31/><D31/><U62/><E62/><V89/><F89/><W77/><G77/><T74/><D74/><U3/><E3/><N who="2" m="447" /><F18/><N who="3" m="8527" /><G132/><T6/><REACH who="0" step="1"/><D8/><REACH who="0" ten="94,212,129,555" step="2"/><U17/><E17/><V28/><F28/><W108/><G118/><T120/><D120/><U131/><E131/><V68/><F48/><W67/><G116/><T103/><D103/><U134/><E134/><V39/><F39/><W1/><G1/><T105/><D105/><U72/><E72/><V104/><F104/><W95/><G109/><T16/><D16/><U63/><E63/><V100/><F100/><W55/><G108/><RYUUKYOKU ba="0,1" sc="94,10,212,10,129,10,555,-30" hai0="6,7,42,47,49,57,60,66,73,78,80,90,94" hai1="24,26,27,53,58,61,92,93,98,99" hai2="12,13,15,54,68,69,70,79,81,85" /><INIT seed="5,1,1,1,2,53" ten="104,222,139,525" oya="1" hai0="121,117,36,96,113,84,59,65,11,58,82,28,51" hai1="8,77,131,102,104,16,103,24,88,127,54,73,115" hai2="31,38,30,87,26,5,122,85,22,100,44,119,61" hai3="49,47,39,13,4,130,34,116,123,0,69,105,40"/><U109/><E77/><V20/><F119/><W55/><G105/><T106/><D36/><U15/><E73/><V7/><F122/><W94/><G34/><T2/><D117/><U18/><E104/><V3/><F100/><W9/><G123/><T92/><D121/><U63/><E115/><V50/><F38/><W46/><G130/><T110/><D110/><U21/><E131/><V72/><F72/><W6/><G69/><T52/><D106/><U76/><E76/><V35/><F35/><W86/><G116/><T70/><D70/><U48/><E127/><V64/><F3/><W83/><G94/><T126/><D113/><U19/><E109/><V91/><F22/><W108/><G108/><T25/><D126/><U62/><E19/><V120/><F31/><W33/><G33/><T74/><D74/><U98/><E103/><V99/><F99/><W66/><G66/><T32/><D11/><U134/><E102/><V71/><F120/><W79/><G0/><T67/><D2/><U89/><E134/><V111/><F111/><W129/><G129/><T10/><D10/><U1/><E1/><V101/><F101/><W132/><G132/><T68/><D68/><U118/><E118/><V128/><F128/><W81/><G81/><T93/><D96/><U133/><E133/><V90/><F85/><W60/><G60/><N who="1" m="23082" /><E98/><V45/><F91/><W23/><G4/><N who="2" m="1609" /><F50/><N who="3" m="29151" /><G39/><T12/><D67/><U17/><E17/><V125/><F125/><W57/><G79/><N who="0" m="46175" /><D12/><U14/><E14/><V27/><F27/><W124/><G124/><T78/><D78/><U135/><E135/><RYUUKYOKU ba="1,1" sc="104,10,222,10,139,10,525,-30" hai0="25,28,32,51,52,58,59,65,92,93" hai1="8,15,16,18,21,24,48,54,88,89" hai2="20,26,30,44,45,61,64,71,87,90" /><INIT seed="5,2,1,0,1,34" ten="114,232,149,495" oya="1" hai0="71,26,31,121,48,2,14,88,89,134,65,24,94" hai1="6,131,33,118,122,113,66,107,95,3,22,36,50" hai2="40,43,18,83,78,67,106,100,130,42,62,55,54" hai3="124,133,58,0,27,92,69,80,79,60,85,44,93"/><U51/><E107/><V74/><F130/><W45/><G0/><T87/><D121/><U76/><E36/><V15/><F100/><W104/><G104/><T39/><D39/><U123/><E33/><V110/><F106/><W10/><G69/><T59/><D134/><U103/><E66/><V5/><F5/><W13/><G27/><T86/><D71/><U132/><E76/><V63/><F110/><W126/><G133/><T53/><D65/><U128/><E118/><V99/><F99/><W119/><G119/><T25/><D14/><U28/><E132/><V117/><F117/><W12/><G12/><T109/><D109/><U20/><E95/><N who="3" m="36426" /><G126/><T7/><D31/><U135/><E103/><V37/><F37/><W47/><G124/><T56/><D56/><U35/><E35/><V61/><REACH who="2" step="1"/><F67/><REACH who="2" ten="114,232,139,495" step="2"/><N who="3" m="39319" /><G45/><T127/><D127/><U1/><E135/><V23/><AGARI ba="2,2" hai="15,18,23,40,42,43,54,55,61,62,63,74,78,83" machi="23" ten="30,4000,0" yaku="1,1,0,1,53,1" doraHai="34" doraHaiUra="17" who="2" fromWho="2" sc="114,-12,232,-22,139,66,495,-12" /><INIT seed="6,0,0,5,1,112" ten="102,210,205,483" oya="2" hai0="98,99,16,103,91,101,63,102,5,61,25,105,83" hai1="24,116,131,124,125,49,110,7,0,58,21,29,67" hai2="62,11,134,118,22,36,86,10,60,47,93,82,26" hai3="78,4,107,52,127,48,31,122,129,50,45,23,72"/><V2/><F134/><W13/><G107/><T75/><D5/><U126/><E110/><V114/><F118/><W8/><G72/><T6/><D6/><U65/><E131/><V123/><F114/><W79/><G122/><T135/><D135/><U3/><E116/><V53/><F123/><W104/><G104/><T30/><D30/><U77/><E77/><V68/><F93/><W132/><G127/><T81/><D63/><U109/><E109/><V97/><F97/><N who="0" m="36874" /><D61/><U9/><E0/><V55/><F2/><W130/><G132/><T84/><D16/><U106/><E106/><V74/><F74/><W33/><G33/><T57/><D57/><U19/><E29/><V27/><F36/><W18/><G31/><T76/><D25/><U38/><E38/><V59/><F27/><N who="3" m="14839" /><G50/><T69/><D69/><U111/><E111/><V20/><F20/><W85/><G85/><N who="0" m="50623" /><D105/><U32/><E32/><V46/><F68/><W12/><G12/><T87/><AGARI ba="0,0" hai="75,76,81,84,87,101,102,103" m="50623,36874" machi="87" ten="30,8000,1" yaku="35,5" doraHai="112" who="0" fromWho="0" sc="102,80,210,-20,205,-40,483,-20" /><INIT seed="7,0,0,5,5,38" ten="182,190,165,463" oya="3" hai0="44,120,69,87,48,86,109,116,52,39,55,98,18" hai1="125,90,81,67,13,50,132,43,64,102,20,4,117" hai2="113,73,42,128,121,96,60,134,93,88,70,124,74" hai3="40,5,108,51,80,127,84,34,2,100,104,35,14"/><W99/><G127/><T8/><D116/><U71/><E71/><V66/><F124/><W54/><G2/><T41/><D109/><U22/><E102/><V106/><F134/><W1/><G1/><T118/><D118/><U31/><E132/><V63/><F128/><W97/><G97/><T12/><D69/><U77/><E125/><V6/><F113/><W68/><G68/><T27/><D120/><U15/><E77/><V65/><F121/><W56/><G40/><T112/><D112/><U61/><E61/><V23/><F106/><W32/><G108/><T10/><D10/><N who="1" m="4295" /><E22/><V19/><F6/><W129/><G129/><T105/><D105/><U47/><E117/><V78/><F78/><W72/><G72/><T94/><D27/><N who="1" m="16871" /><E15/><V46/><F63/><W59/><G59/><T83/><D39/><U115/><E115/><V30/><F30/><W133/><G133/><T7/><D7/><U92/><E81/><V21/><F66/><W91/><G14/><T82/><D82/><U57/><E57/><V135/><F135/><W29/><G5/><T36/><D83/><U110/><E110/><V58/><F70/><W114/><G114/><T111/><D111/><U126/><E126/><V25/><F23/><W131/><G131/><T17/><D17/><U37/><E37/><AGARI ba="0,0" hai="19,21,25,37,42,46,58,60,65,73,74,88,93,96" machi="37" ten="30,3900,0" yaku="7,1,52,1,54,1" doraHai="38" who="2" fromWho="1" sc="182,0,190,-39,165,39,463,0" owari="182,-21.8,151,-34.9,204,0.4,463,56.3" /></mjloggm>