<mjloggm ver="2.3"><GO type="169" lobby="0"/><UN n0="%4D%75%64%46%6C%6F%77" n1="%E5%B2%A9%E4%B8%8A%E9%80%9A%E3%82%8A" n2="%6F%6B%62%6F%6B%62" n3="%E3%81%A8%E3%82%8D%E3%82%8D%E3%81%9D%E3%81%B0" dan="16,16,17,17" rate="2111.58,2113.03,2204.13,2245.61" sx="M,M,M,M"/><TAIKYOKU oya="0"/><INIT seed="0,0,0,2,5,42" ten="250,250,250,250" oya="0" hai0="106,5,115,19,92,63,103,64,77,111,86,93,41" hai1="105,113,112,108,80,8,30,110,96,3,7,82,131" hai2="109,78,45,102,0,31,122,18,116,55,17,62,74" hai3="11,68,114,46,69,118,107,35,94,25,95,87,120"/><T26/><D115/><N who="1" m="44107" /><E30/><V71/><F109/><N who="1" m="42089" /><E131/><V99/><F0/><W43/><G107/><T44/><D111/><U67/><E67/><V34/><F122/><W16/><G120/><T132/><D132/><U129/><E129/><V133/><F116/><W97/><G118/><T65/><D5/><U89/><E89/><V60/><F133/><W73/><G73/><T127/><D127/><U32/><E32/><V37/><F74/><W29/><G114/><T91/><D77/><U124/><E124/><V128/><F78/><W83/><G69/><T57/><D65/><U117/><E117/><V48/><F37/><W39/><G68/><T88/><D106/><U126/><E126/><V51/><F31/><W75/><G75/><T12/><D103/><AGARI ba="0,0" hai="3,7,8,80,82,96,103,105" m="42089,44107" machi="103" ten="30,2000,0" yaku="11,1,14,1" doraHai="42" who="1" fromWho="0" sc="250,-20,250,20,250,0,250,0" /><INIT seed="1,0,0,1,5,18" ten="230,270,250,250" oya="1" hai0="6,15,121,30,94,56,35,117,75,9,66,21,127" hai1="100,12,51,68,46,3,96,120,79,99,97,1,44" hai2="0,115,90,63,31,38,25,122,11,72,80,47,95" hai3="93,13,106,116,132,131,103,81,34,98,33,101,54"/><U134/><E68/><V88/><F122/><W89/><G131/><T110/><D75/><U76/><E120/><V50/><F38/><W87/><G132/><T84/><D121/><U135/><E100/><V20/><F115/><W60/><G116/><T32/><D117/><U2/><E51/><V29/><F63/><W4/><G103/><T123/><D123/><U83/><E12/><V70/><F70/><W129/><G129/><T108/><D127/><U10/><E83/><V57/><F57/><W24/><G24/><N who="0" m="16655" /><D66/><U111/><E10/><V42/><F29/><W22/><G4/><T109/><D56/><U49/><E49/><V104/><F104/><W17/><G60/><T41/><D41/><U126/><E126/><V74/><F90/><AGARI ba="0,0" hai="6,9,15,32,35,84,90,94,108,109,110" m="16655" machi="90" ten="30,2000,0" yaku="14,1,52,1" doraHai="18" who="0" fromWho="2" sc="230,20,270,0,250,-20,250,0" /><INIT seed="2,0,0,1,5,0" ten="250,270,230,250" oya="2" hai0="93,70,103,33,31,29,114,86,3,124,44,94,53" hai1="118,14,95,78,104,24,123,19,38,63,119,2,22" hai2="115,100,96,65,111,81,73,12,39,130,42,102,28" hai3="129,62,91,45,85,133,120,64,1,80,112,98,107"/><V77/><F115/><W49/><G120/><T72/><D72/><U125/><E104/><V101/><F130/><W99/><G129/><T25/><D70/><U131/><E2/><V75/><F75/><W4/><G133/><T30/><D114/><U50/><E38/><V35/><F65/><W105/><G112/><T121/><D121/><U37/><E37/><V66/><F66/><W10/><G107/><T58/><D44/><U40/><E131/><V87/><F111/><W23/><G23/><T106/><D3/><U11/><E125/><V59/><F59/><W13/><G1/><T6/><D106/><U47/><E123/><V54/><F54/><W117/><G105/><T109/><D109/><U132/><E132/><V61/><F61/><W26/><G26/><T18/><D103/><U88/><E78/><V110/><F110/><W17/><G17/><T89/><D124/><U36/><E63/><V51/><F39/><W48/><G48/><T83/><D6/><U55/><E36/><V90/><F12/><W16/><G4/><T134/><D134/><U52/><E119/><V5/><F5/><W79/><G79/><T41/><D41/><U92/><E92/><N who="0" m="35433" /><D18/><N who="1" m="12375" /><E118/><V71/><F71/><W128/><G117/><T7/><D7/><U15/><E15/><V126/><F126/><W9/><G128/><T76/><D76/><U84/><AGARI ba="0,0" hai="11,14,19,40,47,50,52,55,84,88,95" m="12375" machi="84" ten="30,4000,0" yaku="8,1,54,2" doraHai="0" who="1" fromWho="1" sc="250,-10,270,40,230,-20,250,-10" /><INIT seed="3,0,0,2,1,13" ten="240,310,210,240" oya="3" hai0="39,34,58,97,112,128,35,9,79,106,127,26,87" hai1="25,67,114,88,86,121,51,85,70,100,91,53,107" hai2="130,8,59,113,99,101,18,1,102,92,55,23,90" hai3="115,66,54,20,5,46,24,56,10,135,38,45,63"/><W15/><G115/><T134/><D39/><U57/><E121/><V28/><F28/><W81/><G135/><T110/><D58/><U0/><E0/><V49/><F113/><W40/><G81/><T61/><D61/><U64/><E114/><V122/><F130/><W52/><REACH who="3" step="1"/><G46/><REACH who="3" ten="240,310,210,230" step="2"/><T82/><D82/><N who="1" m="49207" /><E70/><V84/><F122/><W17/><AGARI ba="0,1" hai="5,10,15,17,20,24,38,40,45,52,54,56,63,66" machi="17" ten="20,12000,1" yaku="1,1,0,1,7,1,52,1,54,1,53,0" doraHai="13" doraHaiUra="72" who="3" fromWho="3" sc="240,-40,310,-40,210,-40,230,130" /><INIT seed="3,1,0,3,0,44" ten="200,270,170,360" oya="3" hai0="134,90,75,19,50,28,117,53,121,77,62,31,133" hai1="25,72,91,9,105,13,100,59,46,112,56,81,114" hai2="29,14,61,47,89,130,85,125,49,6,113,40,37" hai3="15,128,20,4,122,73,99,93,16,36,45,7,127"/><W97/><G122/><T115/><D117/><U60/><E100/><V65/><F113/><W22/><G73/><T80/><D121/><U55/><E105/><V106/><F106/><W108/><G127/><T1/><D1/><U82/><E25/><V120/><F120/><W38/><G128/><T34/><D115/><U0/><E0/><V94/><F125/><W95/><G108/><T119/><D119/><U66/><E72/><V124/><F124/><W116/><G116/><T84/><D62/><U64/><E46/><V83/><F29/><W51/><G38/><T88/><D19/><U69/><E69/><V3/><F3/><W131/><G36/><T110/><D110/><U2/><E2/><V57/><F130/><W18/><G131/><T87/><D34/><U79/><E79/><V58/><F58/><W21/><G21/><T32/><D32/><U33/><E33/><V98/><F37/><W78/><G78/><T68/><D68/><U104/><E104/><V103/><F14/><N who="3" m="9239" /><G95/><N who="0" m="54663" /><D77/><U63/><E66/><V70/><F70/><W26/><G26/><T129/><D75/><U111/><E111/><V76/><F6/><N who="3" m="2091" /><G93/><T123/><D123/><U24/><E24/><V30/><F30/><W43/><AGARI ba="1,0" hai="15,18,22,43,45,51,97,99" m="2091,9239" machi="43" ten="30,6000,0" yaku="8,1,52,1,54,1" doraHai="44" who="3" fromWho="3" sc="200,-21,270,-21,170,-21,360,63" /><INIT seed="3,2,0,4,2,52" ten="179,249,149,423" oya="3" hai0="45,122,104,93,106,119,77,13,103,38,51,37,57" hai1="80,94,60,62,6,31,87,105,134,117,63,17,131" hai2="74,95,59,126,89,75,100,32,20,107,96,21,25" hai3="118,27,109,128,41,79,135,26,39,90,46,114,1"/><W85/><G114/><T123/><D119/><U55/><E105/><V98/><F126/><W86/><G118/><T18/><D77/><U88/><E117/><V92/><F107/><W81/><G128/><T110/><D110/><U125/><E134/><V112/><F112/><W129/><G129/><T5/><D5/><U42/><E42/><V48/><F32/><W53/><G135/><T108/><D108/><U97/><E125/><V0/><F0/><W121/><G121/><T120/><D93/><U9/><E31/><V78/><F78/><W113/><G1/><T40/><D103/><U49/><E6/><V82/><F82/><W29/><G113/><T64/><D37/><U12/><E131/><V2/><F21/><W68/><G68/><T34/><D34/><U4/><E4/><V101/><F89/><W14/><G14/><T130/><D130/><U127/><E127/><V30/><F2/><W19/><G19/><T7/><D7/><U35/><E35/><V33/><F33/><W124/><G29/><T73/><D73/><U47/><REACH who="1" step="1"/><E63/><REACH who="1" ten="179,239,149,423" step="2"/><V8/><F8/><W84/><G124/><T15/><D104/><U83/><E83/><V11/><F11/><W76/><G109/><T24/><D106/><U10/><E10/><V132/><F132/><W16/><G41/><T22/><REACH who="0" step="1"/><D38/><REACH who="0" ten="169,239,149,423" step="2"/><U116/><E116/><V58/><REACH who="2" step="1"/><F48/><REACH who="2" ten="169,239,139,423" step="2"/><N who="3" m="28823" /><G39/><T61/><AGARI ba="2,3" hai="13,15,18,22,24,40,45,51,57,61,64,120,122,123" machi="61" ten="40,5200,0" yaku="1,1,0,1,52,1,53,0" doraHai="52" doraHaiUra="72" who="0" fromWho="0" sc="169,88,239,-15,139,-15,423,-28" /><INIT seed="4,0,0,2,3,63" ten="257,224,124,395" oya="0" hai0="86,83,5,67,126,44,33,133,94,106,80,37,21" hai1="131,17,90,120,49,0,11,102,92,48,69,42,57" hai2="87,117,76,75,81,3,47,79,60,128,110,77,78" hai3="55,115,66,119,130,52,91,36,74,108,16,101,98"/><T23/><D106/><U32/><E69/><V95/><F110/><W10/><G108/><T35/><D5/><U135/><E32/><V29/><F3/><W18/><G119/><T8/><D8/><U99/><E120/><V41/><F117/><W100/><G36/><T122/><D122/><U22/><E135/><V34/><F128/><W51/><G74/><T73/><D73/><U43/><E131/><V84/><F34/><W13/><G115/><T45/><D86/><U40/><E11/><V30/><F60/><W14/><G66/><T121/><D94/><U56/><E102/><V123/><F123/><W2/><G55/><T93/><D93/><U19/><E19/><V116/><F116/><W38/><G38/><T53/><D121/><U27/><E0/><V114/><F114/><W125/><G125/><T62/><D62/><U124/><E124/><V68/><F68/><W103/><G2/><T20/><D37/><U1/><E1/><V88/><REACH who="2" step="1"/><F75/><REACH who="2" ten="257,224,114,395" step="2"/><W61/><G61/><T59/><D35/><U64/><E64/><V72/><F72/><W113/><G113/><T71/><D33/><U6/><REACH who="1" step="1"/><E6/><REACH who="1" ten="257,214,114,395" step="2"/><V15/><F15/><W118/><G130/><T39/><D67/><U28/><E28/><V50/><AGARI ba="0,2" hai="29,30,41,47,50,76,77,78,79,81,84,87,88,95" machi="50" ten="30,7900,0" yaku="1,1,0,1,8,1,54,1,53,0" doraHai="63" doraHaiUra="129" who="2" fromWho="2" sc="257,-39,214,-20,114,99,395,-20" /><INIT seed="5,0,0,0,2,83" ten="218,194,213,375" oya="1" hai0="79,115,30,16,23,101,74,114,66,14,133,48,7" hai1="50,17,42,25,13,119,73,125,3,94,105,135,2" hai2="126,112,92,90,104,9,123,0,106,76,26,20,40" hai3="88,45,65,53,121,89,58,110,32,131,24,75,59"/><U22/><E105/><V19/><F123/><W57/><G75/><T96/><D133/><U12/><E73/><V63/><F126/><W117/><G110/><T108/><D108/><U99/><E125/><V102/><F76/><W72/><G72/><T41/><D66/><U81/><E119/><V77/><F77/><W113/><G121/><T34/><D7/><U47/><E135/><V52/><F40/><W129/><G113/><N who="0" m="43019" /><D41/><U1/><REACH who="1" step="1"/><E81/><REACH who="1" ten="218,184,213,375" step="2"/><V107/><F112/><W87/><G117/><T78/><D74/><U33/><E33/><V51/><F106/><W80/><G32/><T55/><D34/><U6/><E6/><V38/><F104/><W18/><G131/><T62/><D30/><U69/><E69/><V95/><F107/><W31/><G129/><T130/><D130/><U91/><AGARI ba="0,1" hai="1,2,3,12,13,17,22,25,42,47,50,91,94,99" machi="91" ten="30,3000,0" yaku="1,1,0,1,53,0" doraHai="83" doraHaiUra="132" who="1" fromWho="1" sc="218,-10,184,40,213,-10,375,-10" /><INIT seed="5,1,0,0,5,41" ten="208,224,203,365" oya="1" hai0="25,85,126,119,101,112,48,6,52,71,37,113,88" hai1="110,102,51,35,80,5,104,63,129,74,43,134,39" hai2="54,40,24,1,18,97,0,106,44,60,23,10,131" hai3="14,45,132,55,87,72,53,111,34,58,84,123,96"/><U125/><E51/><V79/><F131/><W124/><G72/><T36/><D119/><U46/><E125/><V56/><F79/><W50/><G34/><T64/><D101/><U11/><E129/><V76/><F76/><W67/><G111/><T122/><D126/><U68/><E134/><V118/><F118/><W77/><G123/><T107/><D107/><U69/><E110/><V61/><F61/><W3/><G3/><T100/><D100/><U81/><E81/><V121/><F121/><W62/><G132/><T93/><D122/><U17/><E17/><V127/><F127/><W22/><G77/><T20/><D6/><U8/><E8/><V103/><REACH who="2" step="1"/><F10/><REACH who="2" ten="208,224,193,365" step="2"/><W98/><G124/><T114/><D71/><U19/><E63/><V30/><F30/><W26/><G67/><T135/><D64/><U13/><E69/><V59/><F59/><W92/><G62/><T29/><D135/><U86/><E68/><V83/><F83/><W65/><G65/><T133/><D133/><U117/><E117/><V9/><F9/><W21/><G58/><AGARI ba="1,1" hai="20,25,29,36,37,48,52,58,85,88,93,112,113,114" machi="58" ten="40,5200,0" yaku="15,1,54,2" doraHai="41" who="0" fromWho="3" sc="208,65,224,0,193,0,365,-55" /><INIT seed="6,0,0,0,2,36" ten="273,224,193,310" oya="2" hai0="68,57,88,111,2,20,86,6,24,83,116,106,115" hai1="76,72,75,99,67,77,58,60,17,98,135,82,49" hai2="127,73,133,92,94,53,109,56,41,122,38,34,102" hai3="0,46,3,126,40,43,64,101,15,51,10,117,70"/><V89/><F122/><W114/><G117/><T8/><D111/><U121/><E121/><V31/><F73/><W44/><G126/><T30/><D68/><U132/><E17/><V71/><F109/><W118/><G118/><T14/><D116/><U124/><E124/><V45/><F127/><W16/><G114/><T69/><D69/><U100/><E99/><V66/><F133/><W52/><G101/><T107/><D115/><U120/><E120/><V90/><F31/><W13/><G13/><T1/><REACH who="0" step="1"/><D57/><REACH who="0" ten="263,224,193,310" step="2"/><U11/><E135/><V28/><F71/><W103/><G103/><T5/><D5/><U84/><E132/><V61/><F102/><W79/><G79/><T134/><D134/><U21/><E77/><V27/><REACH who="2" step="1"/><F66/><REACH who="2" ten="263,224,183,310" step="2"/><W78/><G70/><T131/><D131/><U104/><E67/><V12/><F12/><W42/><G64/><T9/><D9/><U19/><E11/><V119/><F119/><W85/><G0/><AGARI ba="0,2" hai="0,1,2,6,8,14,20,24,30,83,86,88,106,107" machi="0" ten="40,2600,0" yaku="1,1,54,1,53,0" doraHai="36" doraHaiUra="97" who="0" fromWho="3" sc="263,46,224,0,183,0,310,-26" /><INIT seed="7,0,0,1,1,30" ten="309,224,183,284" oya="3" hai0="77,61,19,62,5,104,74,106,131,123,42,0,46" hai1="122,89,112,43,65,124,64,26,45,108,71,51,129" hai2="70,16,133,24,110,92,130,48,9,132,113,12,114" hai3="20,8,78,81,87,15,41,75,85,6,60,52,115"/><W27/><G115/><N who="2" m="44041" /><F70/><W36/><G36/><T57/><D19/><U120/><E71/><V99/><F48/><W97/><G97/><T69/><D62/><U95/><E112/><V116/><F110/><W134/><G134/><N who="2" m="51817" /><F99/><W90/><G41/><T58/><D58/><U76/><E108/><V107/><F107/><W54/><G60/><T49/><D69/><U119/><E119/><V47/><F47/><W38/><G38/><T109/><D109/><U86/><E124/><V40/><F40/><W126/><G126/><T94/><D106/><U55/><E43/><V79/><F92/><N who="3" m="54351" /><G75/><T32/><D94/><U101/><E101/><V83/><F83/><W93/><G93/><T13/><D104/><U72/><E95/><V21/><F79/><W125/><G125/><T22/><D77/><U28/><E76/><V100/><F100/><W10/><G10/><T3/><D61/><U34/><E89/><V127/><F127/><W14/><G14/><T121/><D13/><U7/><E51/><V59/><F59/><W118/><G118/><T135/><D57/><U39/><E45/><V68/><F68/><W18/><AGARI ba="0,0" hai="6,8,15,18,20,27,52,54,78,81,87" m="54351" machi="18" ten="30,3000,0" yaku="8,1,54,1" doraHai="30" who="3" fromWho="3" sc="309,-10,224,-10,183,-10,284,30" owari="299,9.9,214,-18.6,173,-32.7,314,41.4" /></mjloggm>