<mjloggm ver="2.3"><GO type="169" lobby="0"/><UN n0="%E3%81%9F%E3%81%8B%E3%81%AA" n1="%E8%88%B9%E8%B6%8A%E8%8B%B1%E4%B8%80%E9%83%8E" n2="%E9%81%8B%E3%81%A7%E5%8B%9D%E3%81%A4" n3="%E3%81%A1%E3%82%83%E3%82%8B%E3%82%81%E3%82%89" dan="19,17,16,17" rate="2218.42,2133.95,2107.06,2188.35" sx="M,M,M,M"/><TAIKYOKU oya="0"/><INIT seed="0,0,0,2,5,132" ten="250,250,250,250" oya="0" hai0="45,47,2,61,12,23,94,34,26,104,110,8,127" hai1="79,80,125,92,11,65,112,73,93,56,124,57,77" hai2="111,7,59,60,6,123,49,42,109,130,19,64,52" hai3="78,126,32,95,55,72,129,27,120,75,18,101,119"/><T116/><D104/><U46/><E112/><V70/><F123/><W67/><G119/><T1/><D116/><U91/><E79/><V99/><F130/><W76/><G67/><T39/><D110/><N who="2" m="41994" /><F42/><W62/><G62/><T48/><D34/><U15/><E46/><V0/><F0/><W41/><G55/><T107/><D107/><U53/><E65/><V85/><F99/><W117/><G41/><T82/><D39/><U43/><E43/><V44/><F85/><W31/><G18/><T37/><D37/><U100/><E100/><V114/><F114/><W98/><G117/><T13/><D61/><U89/><E92/><V87/><F87/><W90/><G129/><T20/><D94/><U97/><E91/><V121/><F121/><W135/><G135/><T68/><D82/><U9/><E56/><V50/><F19/><W29/><G29/><T131/><D131/><U63/><REACH who="1" step="1"/><E11/><REACH who="1" ten="250,240,250,250" step="2"/><V21/><F44/><W22/><G78/><T35/><D8/><U24/><E24/><V5/><F21/><W30/><G76/><T74/><D45/><U84/><E84/><V96/><F96/><W36/><G90/><T118/><D47/><U3/><E3/><V81/><F81/><W25/><G36/><T4/><D118/><U33/><E33/><V86/><F86/><W113/><G113/><T106/><D20/><U122/><E122/><V88/><F88/><W71/><G120/><T102/><D35/><U105/><E105/><V128/><F128/><W28/><G22/><T10/><D106/><U17/><AGARI ba="0,1" hai="9,15,17,53,57,63,73,77,80,89,93,97,124,125" machi="17" ten="30,7900,0" yaku="1,1,0,1,52,2,53,0" doraHai="132" doraHaiUra="83" who="1" fromWho="1" sc="250,-39,240,89,250,-20,250,-20" /><INIT seed="1,0,0,5,4,78" ten="211,329,230,230" oya="1" hai0="121,109,25,125,18,96,39,7,65,12,130,40,100" hai1="77,45,124,122,70,134,84,33,47,101,93,34,120" hai2="79,98,71,129,24,51,91,66,57,103,89,113,133" hai3="29,17,42,11,127,104,53,85,81,1,54,110,9"/><U123/><E70/><V38/><F38/><W10/><G104/><T108/><D125/><U64/><E64/><V73/><F129/><W30/><G127/><T58/><D130/><U95/><E124/><V117/><F117/><W74/><G74/><T132/><D132/><U107/><E134/><V86/><F133/><W15/><G42/><T97/><D121/><U8/><E107/><V94/><F113/><W72/><G72/><T82/><D7/><U55/><E8/><N who="3" m="3178" /><G110/><T46/><D25/><U128/><E128/><V22/><F71/><W92/><G92/><T20/><D82/><U69/><E69/><V50/><F73/><W131/><G1/><T32/><D32/><U116/><E116/><V16/><F79/><N who="3" m="46271" /><G131/><T76/><D76/><U0/><E0/><V36/><F36/><W83/><G83/><T26/><D108/><U118/><E118/><V48/><REACH who="2" step="1"/><F86/><REACH who="2" ten="211,329,220,230" step="2"/><W13/><G15/><T28/><D109/><U21/><E77/><V135/><F135/><W35/><G35/><T14/><D12/><U19/><E84/><V106/><F106/><W49/><G54/><T4/><D39/><U27/><E55/><V90/><F90/><W5/><G5/><T115/><D4/><U59/><E122/><V126/><F126/><W37/><G37/><N who="0" m="21775" /><D115/><U112/><E112/><V88/><F88/><W61/><G61/><AGARI ba="0,1" hai="16,22,24,48,50,51,57,61,66,89,91,94,98,103" machi="61" ten="40,8000,1" yaku="1,1,8,1,54,1,53,1" doraHai="78" doraHaiUra="63" who="2" fromWho="3" sc="211,0,329,0,220,90,230,-80" /><INIT seed="2,0,0,0,0,61" ten="211,329,310,150" oya="2" hai0="37,89,14,11,122,96,46,126,113,32,16,41,25" hai1="17,133,57,108,23,45,115,13,62,114,26,48,36" hai2="97,64,58,105,60,93,100,50,47,8,51,21,66" hai3="92,28,49,87,55,9,0,82,127,121,71,118,4"/><V52/><F105/><W24/><G118/><T72/><D122/><U84/><E108/><V6/><F21/><W102/><G71/><T18/><D113/><U98/><E133/><V65/><REACH who="2" step="1"/><F51/><REACH who="2" ten="211,329,300,150" step="2"/><W76/><G121/><T68/><D32/><U132/><E36/><V134/><F134/><W15/><G127/><T123/><D123/><U101/><E132/><V130/><F130/><W79/><G49/><T70/><D126/><U30/><E48/><V59/><F59/><W95/><G24/><T91/><D68/><U83/><E45/><V90/><F90/><W74/><G79/><T40/><D70/><U104/><E26/><V131/><F131/><W125/><G125/><T19/><D37/><U109/><E109/><V88/><F88/><W128/><G76/><T44/><D44/><U129/><E129/><V81/><F81/><W35/><G82/><T53/><D89/><U7/><E83/><V20/><F20/><W73/><G95/><T39/><D25/><U110/><E23/><V63/><F63/><W77/><G92/><T69/><D69/><U42/><E62/><V34/><F34/><W10/><G77/><T67/><D39/><U3/><E104/><V111/><F111/><W12/><G35/><T80/><D80/><U85/><E110/><V33/><F33/><W31/><G128/><T124/><D124/><U103/><E103/><V38/><F38/><W43/><G102/><T29/><D46/><U5/><E101/><V2/><AGARI ba="0,1" hai="2,6,8,47,50,52,58,60,64,65,66,93,97,100" machi="2" ten="20,18000,2" yaku="1,1,0,1,7,1,52,3,54,1,53,0" doraHai="61" doraHaiUra="75" who="2" fromWho="2" sc="211,-60,329,-60,300,190,150,-60" /><INIT seed="2,1,0,4,3,32" ten="151,269,490,90" oya="2" hai0="19,36,112,15,61,111,101,103,27,34,80,23,21" hai1="71,77,88,97,83,45,102,105,64,116,96,126,13" hai2="94,31,22,39,79,85,67,57,121,132,48,87,119" hai3="38,37,124,11,118,1,135,125,78,29,130,93,7"/><V110/><F119/><W65/><G118/><T20/><D112/><U30/><E116/><V55/><F121/><W113/><G113/><T99/><D36/><U53/><E126/><N who="3" m="48746" /><G130/><T47/><D111/><U66/><E71/><V41/><F132/><W26/><G135/><T16/><D34/><U6/><E30/><V114/><F114/><W82/><G93/><T24/><D47/><U17/><E6/><V108/><F67/><W4/><G4/><T89/><D61/><U104/><E53/><V68/><F68/><W10/><G10/><T100/><D80/><U12/><E45/><N who="2" m="23743" /><F94/><W18/><G18/><T0/><D0/><U127/><E127/><V60/><F60/><W70/><G65/><T42/><D42/><U134/><E134/><V8/><F79/><W49/><G49/><T62/><D62/><U123/><E123/><V75/><F8/><W74/><G70/><T117/><D117/><U81/><E77/><V128/><F75/><W63/><G63/><T2/><D2/><U59/><E17/><V46/><F46/><W120/><G120/><T86/><D86/><U72/><E72/><V14/><F128/><W107/><G107/><T90/><REACH who="0" step="1"/><D99/><REACH who="0" ten="141,269,490,90" step="2"/><U3/><E97/><V115/><F115/><W133/><G133/><T5/><D5/><U129/><E96/><V28/><F85/><W52/><G52/><T40/><D40/><U69/><E3/><V92/><F108/><W76/><G78/><T131/><D131/><U95/><E129/><V58/><F110/><W35/><AGARI ba="1,1" hai="1,7,11,26,29,35,37,38,74,76,82" m="48746" machi="35" ten="30,4000,0" yaku="18,1,23,1,52,1" doraHai="32" who="3" fromWho="3" sc="141,-11,269,-11,490,-21,90,53" /><INIT seed="3,0,0,1,0,31" ten="130,258,469,143" oya="3" hai0="73,3,68,106,53,35,1,94,110,12,39,9,54" hai1="69,103,64,61,120,92,27,78,13,115,80,49,128" hai2="96,125,108,41,10,44,97,65,4,126,7,134,56" hai3="119,11,75,60,42,20,99,86,122,51,14,22,123"/><W118/><G75/><T121/><D106/><U5/><E115/><V25/><F108/><W24/><G99/><T40/><D121/><N who="3" m="46089" /><G60/><T6/><D110/><U74/><E120/><V91/><F65/><W81/><G51/><T100/><D68/><U47/><E128/><V26/><F56/><W102/><G86/><T79/><D3/><U30/><E5/><V45/><F91/><W105/><G81/><N who="0" m="45295" /><D12/><U112/><E13/><V71/><F71/><W76/><G76/><T98/><D35/><U17/><E17/><V28/><F41/><W83/><G83/><T104/><D104/><U18/><E18/><V19/><F96/><W67/><G105/><T59/><D59/><U37/><E37/><V32/><F97/><W43/><G67/><T46/><AGARI ba="0,0" hai="1,6,9,39,40,46,53,54,94,98,100" m="45295" machi="46" ten="30,1100,0" yaku="25,1" doraHai="31" who="0" fromWho="0" sc="130,11,258,-3,469,-3,143,-5" /><INIT seed="4,0,0,2,5,42" ten="141,255,466,138" oya="0" hai0="129,97,103,116,55,57,134,12,60,36,40,124,90" hai1="51,75,132,30,50,0,13,46,118,102,128,65,78" hai2="89,35,21,83,17,88,28,43,45,125,73,76,19" hai3="53,38,8,25,44,92,115,121,113,91,130,4,111"/><T72/><D116/><U94/><E118/><V11/><F125/><W49/><G111/><T104/><D124/><U112/><E0/><V107/><F107/><W99/><G130/><T39/><D129/><U133/><E128/><V106/><F106/><W71/><G71/><T26/><D134/><U117/><E117/><V79/><F79/><W34/><G38/><T5/><D72/><U108/><E108/><V22/><F35/><W16/><G121/><T41/><D36/><U114/><E65/><V80/><F28/><W33/><G16/><T63/><D26/><U20/><E78/><V66/><F66/><W119/><G119/><T1/><D1/><U86/><E75/><V37/><F11/><W59/><G59/><T127/><D127/><U29/><E13/><V10/><F83/><W7/><G7/><T69/><D90/><N who="1" m="53591" /><E102/><V58/><F58/><W70/><G70/><T68/><D63/><U67/><E67/><V54/><F54/><W85/><G99/><T120/><D120/><U9/><E9/><V56/><F56/><W96/><G96/><T23/><D40/><N who="1" m="24903" /><E51/><V27/><F10/><W77/><G77/><T123/><D123/><U2/><E2/><V95/><F95/><W126/><G126/><T52/><D55/><U100/><E100/><V98/><F98/><W15/><REACH who="3" step="1"/><G25/><AGARI ba="0,0" hai="17,19,21,22,25,27,37,43,45,73,76,80,88,89" machi="25" ten="30,7700,0" yaku="7,1,9,1,52,1,54,1" doraHai="42" who="2" fromWho="3" sc="141,0,255,0,466,77,138,-77" /><INIT seed="5,0,0,3,0,47" ten="141,255,543,61" oya="1" hai0="28,3,74,36,21,63,100,78,79,66,122,72,119" hai1="45,58,32,109,24,38,97,20,49,111,55,67,102" hai2="7,57,52,85,29,125,123,89,22,116,16,39,117" hai3="91,54,51,25,113,84,112,34,77,37,64,94,95"/><U127/><E32/><V8/><F123/><W31/><G37/><T15/><D3/><U115/><E115/><N who="3" m="44106" /><G64/><T35/><D119/><U86/><E127/><V17/><F39/><W124/><G77/><T69/><D36/><U12/><E12/><V65/><F65/><W41/><G41/><T10/><D21/><U6/><E6/><V33/><F33/><W56/><G124/><T87/><D122/><U40/><E86/><V134/><F134/><W103/><G103/><T70/><D70/><U2/><E2/><V93/><F29/><W135/><G135/><T118/><D118/><U60/><E20/><V18/><F125/><W48/><G95/><T129/><D100/><U13/><E13/><N who="2" m="5279" /><F117/><W9/><G9/><T90/><D74/><U26/><E109/><V120/><F120/><W83/><G94/><T5/><D72/><U80/><E80/><V14/><F116/><W4/><G4/><T81/><D129/><U42/><E111/><V46/><F46/><W132/><G132/><T130/><D130/><U126/><E126/><V114/><F114/><W0/><G0/><T30/><D35/><U108/><E108/><V50/><AGARI ba="0,0" hai="14,16,17,18,22,50,52,57,85,89,93" m="5279" machi="50" ten="30,8000,1" yaku="25,1,8,1,52,1,54,2" doraHai="47" who="2" fromWho="2" sc="141,-20,255,-40,543,80,61,-20" /><INIT seed="6,0,0,2,2,114" ten="121,215,623,41" oya="2" hai0="4,131,71,64,105,125,66,8,73,104,108,24,119" hai1="118,116,87,95,28,132,102,69,85,43,42,128,11" hai2="32,37,121,3,109,81,12,62,101,58,51,92,63" hai3="91,65,123,0,96,84,47,31,90,107,40,76,94"/><V68/><F3/><W117/><G0/><T103/><D108/><U74/><E69/><V126/><F32/><W57/><G123/><T55/><D73/><U97/><E74/><V77/><F37/><W34/><G76/><T39/><D39/><U80/><E128/><V100/><F121/><W88/><G34/><T89/><D131/><U67/><E67/><V78/><F68/><W29/><G117/><T98/><D125/><U33/><E132/><V72/><F126/><W99/><G107/><T122/><D122/><U54/><E87/><V19/><F78/><W14/><G14/><T22/><D71/><U124/><E124/><V35/><F35/><W134/><G134/><T18/><D105/><U129/><E129/><V50/><F63/><W9/><G9/><T130/><D130/><U93/><E93/><V15/><F15/><W21/><G99/><T25/><D25/><U60/><E28/><V5/><F5/><W110/><G110/><T16/><D18/><U106/><E106/><V13/><F13/><W82/><G90/><T56/><D89/><U26/><E26/><V48/><F92/><W135/><G21/><T127/><D119/><U120/><E33/><V17/><F17/><W46/><G135/><T133/><D133/><U115/><E120/><V36/><F36/><W61/><REACH who="3" step="1"/><G47/><REACH who="3" ten="121,215,623,31" step="2"/><T41/><D127/><U79/><E116/><V38/><F109/><W59/><G59/><T113/><D104/><U6/><E118/><V27/><F77/><W111/><G111/><T83/><D98/><N who="1" m="59743" /><E79/><V30/><F12/><W7/><G7/><T112/><D4/><RYUUKYOKU ba="0,1" sc="121,-10,215,-10,623,-10,31,30" hai3="29,31,40,46,57,61,65,82,84,88,91,94,96" /><INIT seed="7,1,1,2,4,80" ten="111,205,613,61" oya="3" hai0="102,86,128,65,52,129,97,115,130,16,40,117,114" hai1="57,61,39,19,134,64,2,95,123,17,120,29,107" hai2="68,14,27,10,78,100,74,53,54,119,81,49,22" hai3="11,26,79,104,94,38,41,59,112,48,131,5,125"/><W84/><G104/><T135/><D135/><U8/><E107/><V30/><F68/><W18/><G112/><N who="0" m="43051" /><D117/><U76/><E39/><V60/><F119/><W105/><G105/><N who="0" m="63695" /><D40/><U88/><E134/><V24/><F100/><W85/><G125/><T46/><D65/><U13/><E2/><V91/><F60/><W116/><G131/><T118/><D118/><U9/><E29/><V56/><F91/><W132/><G132/><T31/><D31/><U33/><E33/><V1/><F1/><W108/><G38/><T66/><D66/><U67/><E76/><V89/><F89/><W43/><G116/><T69/><D69/><U110/><E110/><V103/><F103/><W6/><G108/><T93/><D16/><U96/><E64/><V7/><F53/><N who="3" m="32167" /><G79/><T113/><D113/><U51/><E51/><V106/><F106/><W25/><G94/><T32/><D32/><U126/><E126/><V47/><F27/><N who="3" m="10251" /><G18/><T55/><D46/><U111/><E111/><V21/><F47/><W127/><G127/><T28/><D28/><U90/><E90/><AGARI ba="1,1" hai="52,55,86,90,93,128,129,130" m="63695,43051" machi="90" ten="40,8000,1" yaku="19,1,15,1,11,1,52,1,54,1" doraHai="80" who="0" fromWho="1" sc="111,93,205,-83,613,0,61,0" owari="204,0.4,122,-27.8,613,71.3,61,-43.9" /></mjloggm>