<mjloggm ver="2.3"><GO type="169" lobby="0"/><UN n0="%2D%E8%B1%8A%E5%8F%A3%E3%82%81%E3%81%90%E3%81%BF%2D" n1="%E3%83%AF%E3%82%BF%E3%82%B7%E3%81%8C%E9%A3%9B%E3%82%93%E3%81%A0%E6%97%A5" n2="%58%E7%8C%AB" n3="%E5%B0%8F%E4%B8%89%E5%85%83%E5%8D%97%E5%8D%98%E9%A8%8E" dan="17,16,16,16" rate="2168.08,2124.72,2068.63,2096.05" sx="F,M,M,M"/><TAIKYOKU oya="0"/><INIT seed="0,0,0,4,1,123" ten="250,250,250,250" oya="0" hai0="41,60,5,3,23,21,86,2,75,59,135,6,128" hai1="119,35,13,120,116,26,62,43,81,61,57,42,96" hai2="110,0,7,94,12,70,10,112,127,58,16,92,64" hai3="126,102,107,97,124,109,117,129,56,19,28,76,29"/><T63/><D75/><U67/><E120/><V87/><F112/><W91/><G117/><T46/><D128/><U25/><E119/><V121/><F121/><W65/><G129/><T133/><D86/><U73/><E116/><V14/><F127/><N who="3" m="48683" /><G76/><T1/><D46/><U82/><E35/><V18/><F70/><W88/><G19/><T78/><D41/><U90/><E61/><N who="0" m="23625" /><D59/><U74/><E74/><V108/><F58/><W20/><G65/><T125/><D78/><U4/><E43/><V34/><F34/><W44/><G56/><T71/><D71/><U84/><E57/><V40/><F40/><W48/><G44/><T52/><D52/><U95/><E42/><V15/><F64/><W104/><G48/><T105/><D105/><U106/><E106/><V38/><F38/><W55/><G107/><T50/><D50/><U115/><E115/><V53/><F53/><W99/><G55/><T100/><D100/><U72/><E72/><V93/><REACH who="2" step="1"/><F87/><REACH who="2" ten="250,250,240,250" step="2"/><W45/><G45/><T66/><D66/><U11/><E73/><V122/><F122/><W30/><G99/><T77/><D125/><U27/><E96/><V85/><F85/><W131/><G131/><T114/><D114/><U98/><E98/><V103/><F103/><W32/><G32/><T89/><D77/><U80/><E67/><V113/><F113/><W69/><G69/><T130/><D130/><U79/><E79/><V47/><F47/><W111/><G20/><N who="0" m="7755" /><D89/><AGARI ba="0,1" hai="28,29,30,88,89,91,97,102,104,109,111" m="48683" machi="89" ten="40,8000,1" yaku="18,1,52,2,54,1" doraHai="123" who="3" fromWho="0" sc="250,-80,250,0,240,0,250,90" /><INIT seed="1,0,0,2,1,90" ten="170,250,240,340" oya="1" hai0="66,82,100,126,71,23,29,101,108,127,76,95,135" hai1="91,36,33,94,104,65,132,87,60,93,129,89,63" hai2="83,46,115,117,22,110,53,68,1,24,128,5,88" hai3="52,97,134,102,16,84,78,123,6,116,74,92,118"/><U86/><E36/><V62/><F117/><N who="3" m="45163" /><G123/><T43/><D43/><U12/><E132/><V21/><F110/><W32/><G32/><T49/><D71/><U109/><E109/><V58/><F128/><W114/><G114/><T47/><D66/><U119/><E119/><V130/><F130/><W19/><G134/><T9/><D9/><U113/><E113/><V27/><F115/><W79/><G6/><T77/><D108/><U85/><E129/><V103/><F103/><W125/><G125/><T57/><D57/><N who="1" m="37007" /><E104/><V11/><F68/><W26/><G26/><T0/><D0/><U112/><E33/><V96/><F46/><W28/><G28/><T13/><D135/><U75/><E75/><V4/><F4/><W25/><G25/><T55/><D101/><U121/><E121/><V31/><F83/><N who="3" m="45527" /><G52/><T64/><D64/><U59/><E12/><V51/><F62/><W42/><G42/><T122/><D122/><U56/><E112/><V7/><F7/><W111/><G111/><T37/><D13/><U61/><E61/><V20/><F27/><W67/><G67/><T8/><D127/><U39/><E39/><V50/><F50/><W2/><G2/><T17/><D37/><U40/><E40/><V70/><F70/><W120/><G120/><T3/><D3/><U18/><E18/><V72/><F72/><W54/><G54/><T73/><D17/><U10/><E10/><V131/><F131/><W14/><G14/><T98/><D8/><U34/><E34/><V106/><F24/><W41/><G41/><T38/><D38/><U35/><E35/><RYUUKYOKU ba="0,0" sc="170,-10,250,-10,240,-10,340,30" hai3="16,19,79,84,92,97,102" /><INIT seed="2,1,0,5,0,40" ten="160,240,230,370" oya="2" hai0="124,111,51,78,96,29,48,65,61,105,17,114,73" hai1="85,62,121,8,9,58,52,87,100,69,38,134,122" hai2="2,11,36,22,19,20,42,113,63,27,126,15,107" hai3="64,1,10,57,82,94,83,109,13,95,66,129,23"/><V39/><F113/><W72/><G109/><T123/><D114/><U125/><E125/><V6/><F107/><W67/><G129/><T106/><D123/><N who="1" m="47115" /><E134/><V28/><F126/><W74/><G1/><T103/><D124/><U76/><E100/><V71/><F71/><W60/><G23/><T77/><D106/><U54/><E38/><V127/><F127/><W135/><G135/><T93/><D111/><U86/><E76/><V16/><F63/><W102/><G74/><T91/><D17/><U116/><E116/><V110/><F110/><W25/><G25/><T108/><D108/><U43/><E43/><V115/><F115/><W84/><G72/><T53/><D29/><U117/><E117/><V81/><F81/><W119/><G83/><T12/><D12/><U7/><E69/><V44/><REACH who="2" step="1"/><F28/><REACH who="2" ten="160,240,220,370" step="2"/><W104/><G104/><T70/><D73/><U46/><E7/><V21/><F21/><W41/><G82/><T89/><D105/><U14/><E8/><V18/><F18/><W90/><G119/><T130/><D130/><U101/><E9/><V79/><F79/><W59/><G10/><T26/><D78/><U128/><E128/><V34/><F34/><W68/><G68/><T131/><D77/><U49/><E62/><V35/><F35/><W33/><G60/><T132/><D131/><U50/><E14/><V133/><F133/><W47/><G13/><T24/><D132/><U97/><E101/><V30/><F30/><W37/><G33/><T98/><D103/><U32/><E32/><V56/><F56/><N who="3" m="21579" /><G102/><T80/><D70/><U92/><E92/><RYUUKYOKU ba="1,1" sc="160,-30,240,10,220,10,370,10" hai1="46,49,50,52,54,58,85,86,87,97" hai2="2,6,11,15,16,19,20,22,27,36,39,42,44" hai3="37,41,47,64,66,67,84,90,94,95" /><INIT seed="2,2,1,2,4,7" ten="130,250,230,380" oya="2" hai0="135,12,26,106,23,54,37,64,103,75,99,47,110" hai1="48,31,134,60,105,69,98,83,120,51,79,109,95" hai2="76,102,82,65,107,30,67,53,29,5,85,101,108" hai3="129,124,126,50,52,24,113,96,74,33,36,78,58"/><V72/><F107/><W62/><G129/><T94/><D110/><U116/><E116/><V8/><F53/><W59/><G36/><T123/><D123/><U56/><E105/><V10/><F72/><W89/><G74/><T19/><D135/><U84/><E120/><V117/><F117/><W93/><G78/><T90/><D75/><U73/><E69/><V43/><F43/><W111/><G111/><T4/><D64/><N who="2" m="24650" /><F5/><W118/><G118/><T81/><D81/><U3/><E109/><V40/><F40/><W77/><G77/><T16/><D4/><U115/><E115/><V6/><F6/><W121/><G121/><T9/><D37/><U42/><E3/><V57/><F57/><W61/><G113/><T131/><D131/><U86/><E134/><V88/><F76/><W127/><REACH who="3" step="1"/><G59/><REACH who="3" ten="130,250,230,370" step="2"/><T128/><D128/><U21/><E73/><V122/><F122/><W0/><G0/><T125/><D125/><U15/><E79/><V55/><F108/><W91/><G91/><T28/><D28/><AGARI ba="2,2" hai="24,28,33,50,52,58,61,62,89,93,96,124,126,127" machi="28" ten="40,8000,1" yaku="1,1,18,1,54,1,53,1" doraHai="7" doraHaiUra="44" who="3" fromWho="0" sc="130,-86,250,0,230,0,370,106" /><INIT seed="3,0,0,4,1,59" ten="44,250,230,476" oya="3" hai0="49,39,13,62,82,93,3,36,52,30,20,105,26" hai1="118,127,61,42,134,113,95,116,121,69,80,96,86" hai2="109,51,34,88,55,9,75,106,60,67,135,48,28" hai3="104,23,129,128,130,122,12,112,85,90,115,63,0"/><W29/><G122/><T132/><D105/><U37/><E121/><V31/><F75/><W2/><G104/><T64/><D3/><N who="3" m="1065" /><G63/><T1/><D132/><U78/><E113/><V21/><F109/><W65/><G65/><T110/><D1/><U120/><E120/><V43/><F135/><W100/><G100/><T89/><D110/><U18/><E134/><V126/><F126/><W79/><G79/><T74/><D13/><U66/><E127/><V8/><F106/><W56/><G56/><T72/><D39/><U123/><E18/><V46/><F34/><W102/><G102/><T11/><D11/><U92/><E123/><V91/><F8/><W108/><G108/><T76/><D36/><U6/><E6/><V117/><F9/><W101/><G101/><T50/><D74/><U87/><E87/><V97/><F21/><W32/><G85/><T35/><D35/><U24/><E24/><V114/><F114/><W71/><G90/><T57/><REACH who="0" step="1"/><D64/><REACH who="0" ten="34,250,230,476" step="2"/><U17/><E37/><V94/><F117/><W81/><G32/><T70/><D70/><U68/><E68/><V14/><F14/><W84/><G71/><T47/><D47/><U119/><E119/><V5/><F5/><W15/><G15/><T133/><D133/><U45/><E118/><V7/><F7/><W19/><G115/><T73/><D73/><U131/><E116/><V99/><F67/><W124/><G112/><T83/><D83/><U38/><E69/><V98/><F46/><W27/><G124/><T125/><D125/><U25/><E66/><V58/><F94/><W111/><G81/><RYUUKYOKU ba="0,1" sc="34,30,250,-10,230,-10,476,-10" hai0="20,26,30,49,50,52,57,62,72,76,82,89,93" /><INIT seed="4,1,1,3,5,54" ten="64,240,220,466" oya="0" hai0="85,8,93,99,107,22,41,68,104,69,103,109,33" hai1="111,31,25,110,30,91,118,83,84,52,56,13,10" hai2="76,16,42,11,98,29,48,12,116,18,46,6,108" hai3="61,117,132,114,87,88,66,1,35,7,77,113,64"/><T134/><D33/><U15/><E118/><V2/><F108/><W72/><G117/><T14/><D109/><U70/><E70/><V3/><F116/><W102/><G35/><T5/><D134/><U55/><E55/><V122/><F122/><W129/><G102/><T123/><D123/><U40/><E40/><V86/><F29/><W133/><G72/><T121/><D121/><U9/><E110/><V126/><F126/><W75/><G75/><T81/><D41/><U26/><E111/><V135/><F135/><N who="3" m="51787" /><G77/><T127/><D127/><U63/><E30/><V100/><F2/><W4/><G66/><T62/><D22/><U34/><REACH who="1" step="1"/><E25/><REACH who="1" ten="64,230,220,466" step="2"/><V19/><F3/><W38/><G1/><T59/><D69/><U32/><E32/><V73/><F73/><W101/><G114/><T124/><D68/><U39/><E39/><V58/><F58/><W51/><G38/><T79/><REACH who="0" step="1"/><D124/><REACH who="0" ten="54,230,220,466" step="2"/><U67/><E67/><AGARI ba="1,3" hai="5,8,14,59,62,67,79,81,85,93,99,103,104,107" machi="67" ten="30,12000,1" yaku="1,1,2,1,7,1,52,1,53,1" doraHai="54" doraHaiUra="96" who="0" fromWho="1" sc="54,153,230,-123,220,0,466,0" /><INIT seed="4,2,0,3,4,57" ten="207,107,220,466" oya="0" hai0="88,113,33,17,93,1,124,119,0,118,95,54,39" hai1="14,97,105,8,42,21,92,99,68,24,3,78,25" hai2="74,22,64,26,15,102,89,10,123,114,122,83,72" hai3="120,104,86,35,70,75,90,101,71,94,53,85,61"/><T58/><D39/><U109/><E3/><V112/><F102/><W37/><G75/><T77/><D33/><U87/><E109/><V11/><F64/><W12/><G35/><T56/><D77/><U91/><E68/><V13/><F89/><W59/><G120/><T46/><D46/><U44/><E105/><V16/><F83/><W52/><G37/><T66/><D113/><N who="2" m="43626" /><F72/><W27/><G27/><T45/><D45/><U81/><E97/><V84/><F84/><W20/><G53/><T69/><D69/><U6/><E21/><V28/><F74/><W126/><G126/><T32/><D32/><U23/><E23/><V110/><F110/><W133/><G86/><T107/><D107/><U9/><E8/><V34/><F34/><W111/><G111/><T48/><D124/><U73/><REACH who="1" step="1"/><E73/><REACH who="1" ten="207,97,220,466" step="2"/><V121/><F121/><W31/><G71/><T2/><D2/><U40/><E40/><V62/><F123/><W96/><G70/><T67/><D1/><U63/><E63/><V82/><F122/><W7/><G61/><N who="0" m="35991" /><D0/><U132/><E132/><V100/><F62/><W108/><G133/><T65/><D119/><U55/><E55/><V19/><F100/><W98/><G108/><T36/><D118/><U134/><E134/><V18/><F82/><W76/><G101/><T30/><D66/><U60/><E60/><V116/><F116/><W29/><G104/><T41/><D67/><U5/><E5/><AGARI ba="2,1" hai="5,10,11,13,15,16,18,19,22,26,28" m="43626" machi="5" ten="30,7700,0" yaku="15,1,34,2,54,1" doraHai="57" who="2" fromWho="1" sc="207,0,97,-83,220,93,466,0" /><INIT seed="5,0,0,0,1,62" ten="207,14,313,466" oya="1" hai0="72,80,114,123,73,90,12,74,71,86,42,82,91" hai1="25,29,104,97,57,26,113,59,4,92,70,124,48" hai2="22,27,77,76,5,13,2,103,16,34,85,64,44" hai3="15,40,101,87,49,67,36,84,58,52,63,118,133"/><U35/><E104/><V19/><F103/><W83/><G133/><T50/><D71/><U66/><E124/><V110/><F110/><W98/><G118/><T102/><D12/><U1/><E113/><V11/><F44/><N who="3" m="23559" /><G15/><T112/><D50/><U54/><E26/><V6/><F85/><W60/><G60/><T69/><D69/><U115/><E115/><N who="0" m="44073" /><D42/><U108/><E108/><V38/><F38/><W9/><G9/><T125/><D125/><U105/><E105/><V107/><F107/><N who="3" m="63927" /><G83/><T14/><D14/><U135/><E135/><V3/><F64/><W56/><G56/><T10/><D10/><U128/><E128/><V88/><F19/><W21/><G21/><T89/><D102/><U31/><E31/><V131/><F131/><W122/><G58/><T75/><D123/><U33/><E57/><V41/><F41/><W106/><G49/><T130/><D130/><U18/><E33/><V81/><F5/><W119/><G63/><T93/><D82/><U111/><E111/><V32/><F2/><W47/><G47/><T132/><D132/><U30/><E70/><V121/><F121/><W96/><G122/><T43/><D43/><U94/><E94/><V100/><F100/><W126/><G106/><T95/><N who="0" m="18432" /><DORA hai="134" /><T99/><D99/><U78/><E66/><V61/><F61/><W51/><G67/><T23/><D23/><N who="1" m="13559" /><E35/><V55/><F32/><W20/><G126/><T28/><D28/><N who="1" m="10859" /><E78/><AGARI ba="0,0" hai="78,80,86,89,90,91,93,95" m="18432,44073" machi="78" ten="60,7700,0" yaku="15,1,34,2" doraHai="62,134" who="0" fromWho="1" sc="207,77,14,-77,313,0,466,0" owari="284,-11.6,-63,-56.3,313,11.3,466,56.6" /></mjloggm>