<mjloggm ver="2.3"><GO type="225" lobby="0"/><UN n0="%E3%81%94%E3%83%BC%E3%81%A9%E3%82%93" n1="%72%61%6B%33" n2="%E6%A1%9C%E8%8A%B1%E9%96%83%E3%80%85" n3="%4C%4F%4C%49%54%41" dan="16,16,16,16" rate="2104.89,2093.68,2228.50,2084.00" sx="M,M,M,F"/><TAIKYOKU oya="0"/><INIT seed="0,0,0,5,0,78" ten="250,250,250,250" oya="0" hai0="66,85,116,128,35,125,55,112,87,29,103,2,21" hai1="135,0,49,92,41,51,130,119,105,32,134,38,90" hai2="1,101,40,82,73,88,93,58,37,24,33,62,27" hai3="121,75,106,28,11,48,12,68,131,102,120,46,14"/><T34/><D112/><U122/><E119/><V111/><F1/><W83/><G68/><T109/><D116/><U60/><E122/><N who="3" m="47210" /><G131/><T42/><D128/><U100/><E130/><V57/><F111/><W16/><G28/><T44/><D2/><U117/><E32/><N who="0" m="12329" /><D109/><U72/><E72/><V99/><F57/><W52/><G14/><T79/><D66/><U3/><E117/><V104/><F33/><W63/><G63/><T59/><D103/><U25/><E38/><V98/><F73/><W127/><G127/><T96/><D96/><U10/><E60/><V20/><F82/><W22/><G22/><T53/><D79/><U71/><E71/><V77/><F77/><N who="3" m="44479" /><G106/><T31/><D125/><U8/><E105/><V19/><F27/><W81/><G81/><T133/><D133/><U74/><E25/><V110/><F110/><W86/><G86/><N who="0" m="32779" /><D21/><U15/><E74/><V84/><F84/><W50/><G48/><N who="0" m="26647" /><D59/><U4/><E51/><V126/><F126/><W18/><G102/><T107/><D107/><U9/><E100/><V118/><F118/><W91/><G91/><T67/><D29/><U7/><E49/><V97/><F97/><W65/><G65/><T113/><D67/><U36/><E0/><V64/><REACH who="2" step="1"/><F37/><REACH who="2" ten="250,250,240,250" step="2"/><W70/><G70/><T124/><D124/><U114/><E3/><V6/><F6/><AGARI ba="0,1" hai="6,11,12,16,18,46,50,52" m="44479,47210" machi="6" ten="30,7700,0" yaku="13,1,52,1,54,2" doraHai="78" who="3" fromWho="2" sc="250,0,250,0,240,-77,250,87" /><INIT seed="1,0,0,0,3,123" ten="250,250,163,337" oya="1" hai0="43,61,52,103,122,45,115,111,89,67,23,92,51" hai1="17,35,71,91,72,13,10,32,97,77,49,96,31" hai2="110,50,5,119,124,127,113,47,41,66,116,68,24" hai3="58,27,65,46,78,12,98,121,57,100,62,56,69"/><U133/><E133/><V7/><F24/><W108/><G121/><T63/><D122/><U125/><E125/><N who="2" m="48203" /><F5/><W130/><G130/><T85/><D115/><U94/><E71/><V87/><F7/><W38/><G78/><T59/><D111/><U48/><E72/><V112/><F87/><W81/><G81/><T76/><D23/><U109/><E77/><V128/><F128/><W126/><G126/><T42/><D76/><U21/><E109/><V4/><F4/><W11/><G27/><T0/><D0/><U20/><E32/><V107/><F107/><W33/><G33/><T73/><D73/><U39/><E39/><N who="2" m="21951" /><F110/><W30/><G30/><T79/><D79/><U44/><E35/><V28/><F50/><W19/><G108/><T84/><D103/><U37/><E37/><V15/><F15/><W93/><G38/><T1/><D1/><U54/><E31/><V18/><F18/><W83/><G83/><T95/><D63/><U36/><E36/><V64/><F28/><W86/><G86/><T117/><D117/><N who="2" m="45130" /><F64/><W132/><G65/><T6/><D6/><U80/><E80/><V3/><F3/><W118/><G118/><T102/><D85/><U75/><E75/><V26/><F26/><W29/><G100/><T14/><REACH who="0" step="1"/><D14/><REACH who="0" ten="240,250,163,337" step="2"/><U25/><E25/><V9/><F9/><W135/><G12/><T129/><D129/><U120/><E120/><V131/><F131/><W70/><G11/><T105/><D105/><U82/><E10/><V104/><F104/><W106/><G106/><T2/><D2/><U40/><E13/><V101/><F101/><RYUUKYOKU ba="0,1" sc="240,15,250,-15,163,15,337,-15" hai0="42,43,45,51,52,59,61,67,84,89,92,95,102" hai2="66,68,112,113" /><INIT seed="2,1,1,0,4,41" ten="255,235,178,322" oya="2" hai0="129,125,46,71,79,67,64,40,132,28,49,117,121" hai1="93,56,62,7,103,36,8,1,11,24,101,23,50" hai2="122,63,39,119,52,127,19,134,10,111,47,2,133" hai3="74,61,22,102,118,43,32,20,105,53,34,82,123"/><V97/><F119/><W21/><G118/><T9/><D121/><U31/><E36/><V75/><F122/><W107/><G123/><T73/><D117/><U3/><E50/><V12/><F75/><W54/><G43/><T120/><D120/><U48/><E48/><N who="2" m="28703" /><F39/><W30/><G30/><T108/><D9/><U59/><E59/><V130/><F2/><W26/><G26/><T128/><D28/><U77/><E77/><V57/><F97/><W0/><G0/><T92/><D92/><U115/><E115/><V84/><F84/><W72/><G20/><T33/><D79/><U58/><E58/><V70/><F70/><W91/><G91/><T83/><D83/><U96/><E103/><V126/><F130/><N who="0" m="50282" /><D33/><U78/><E78/><V25/><F25/><W124/><G82/><T106/><D106/><U95/><E95/><V100/><F100/><W68/><G68/><T88/><D73/><U87/><E87/><V81/><F81/><W27/><G27/><T4/><D71/><U112/><E112/><V17/><F17/><W15/><G102/><T51/><D88/><U60/><E56/><V6/><F19/><W90/><G90/><T66/><D66/><U37/><E37/><V76/><F76/><W109/><G74/><T86/><D64/><U69/><E69/><V44/><F111/><W35/><G109/><T45/><D108/><U65/><E65/><N who="2" m="39151" /><F44/><W13/><G72/><T135/><D86/><U116/><E116/><V89/><F89/><W104/><G104/><T110/><D110/><U29/><E29/><V113/><F113/><W14/><G105/><RYUUKYOKU ba="1,1" sc="255,-15,235,15,178,15,322,-15" hai1="1,3,7,8,11,23,24,31,60,62,93,96,101" hai2="6,10,12,126,127,133,134" /><INIT seed="2,2,1,5,1,126" ten="240,250,193,307" oya="2" hai0="75,76,1,63,48,55,4,0,71,34,78,83,109" hai1="46,3,30,131,42,118,59,99,111,13,98,44,9" hai2="7,15,104,100,14,107,77,18,62,43,121,129,134" hai3="21,45,69,96,117,28,56,79,92,116,80,10,16"/><V67/><F121/><W105/><G69/><T49/><D109/><U94/><E111/><V82/><F134/><W26/><G105/><T130/><D130/><U101/><E131/><V128/><F43/><W106/><G106/><T86/><D34/><U91/><E118/><V110/><F110/><W12/><G56/><T112/><D112/><U33/><E3/><V93/><F104/><W57/><G57/><T90/><D76/><U5/><E33/><V102/><F107/><W19/><G45/><T61/><D48/><U11/><E30/><V52/><F52/><W35/><G19/><T53/><D53/><U68/><E68/><V133/><F133/><W29/><G29/><T32/><D32/><U66/><E11/><N who="2" m="4479" /><F93/><W64/><G64/><T108/><D108/><U60/><E42/><V40/><F40/><W2/><G2/><T115/><D115/><U37/><E37/><V65/><F128/><W41/><G35/><T73/><D73/><U88/><E101/><N who="2" m="39019" /><F62/><W103/><G41/><T20/><D71/><U135/><E135/><V81/><F129/><W31/><G31/><T27/><D61/><U17/><E5/><V84/><F82/><W74/><AGARI ba="2,1" hai="10,12,16,21,26,28,74,79,80,92,96,103,116,117" machi="74" ten="20,2700,0" yaku="0,1,7,1,54,1" doraHai="126" who="3" fromWho="3" sc="240,-9,250,-9,193,-15,307,43" /><INIT seed="3,0,0,1,1,110" ten="231,241,178,350" oya="3" hai0="48,20,49,104,117,77,94,95,106,25,11,123,86" hai1="7,17,74,79,47,115,119,80,124,82,70,6,102" hai2="111,96,53,33,27,69,113,59,37,32,103,4,46" hai3="34,29,24,125,73,98,67,134,61,121,8,26,2"/><W133/><G73/><T55/><D117/><U40/><E119/><V52/><F111/><W132/><G121/><T84/><D106/><U43/><E70/><V78/><F69/><N who="3" m="42223" /><G125/><T85/><D104/><U135/><E124/><V60/><F78/><W97/><G24/><T39/><D39/><U99/><E115/><V129/><F129/><W57/><G57/><N who="0" m="32999" /><D123/><U18/><E135/><V71/><F113/><W88/><G88/><T50/><D11/><U51/><E40/><V127/><F127/><W28/><G28/><N who="0" m="17447" /><D77/><U16/><REACH who="1" step="1"/><E82/><REACH who="1" ten="231,231,178,350" step="2"/><V89/><F71/><W105/><G133/><T75/><D75/><U128/><E128/><V5/><F37/><W30/><G134/><T1/><D1/><U114/><E114/><V83/><F83/><W101/><G2/><T22/><D22/><U120/><E120/><V31/><F33/><W14/><G34/><T76/><D76/><U122/><E122/><V42/><F89/><W112/><G112/><T13/><D13/><U68/><E68/><V107/><REACH who="2" step="1"/><F53/><REACH who="2" ten="231,231,168,350" step="2"/><W92/><G132/><T41/><D41/><U126/><E126/><V0/><F0/><W63/><G101/><T38/><D38/><U12/><E12/><V130/><F130/><W93/><G14/><T91/><D91/><U35/><E35/><V100/><F100/><W87/><G26/><T65/><D65/><U44/><E44/><V109/><F109/><W62/><G30/><T54/><D54/><U45/><E45/><V58/><F58/><W66/><G29/><T56/><D56/><U19/><N who="1" m="4096" /><DORA hai="9" /><U108/><E108/><V36/><AGARI ba="0,2" hai="4,5,27,31,32,36,42,46,52,59,60,96,103,107" machi="36" ten="20,12000,2" yaku="1,1,5,1,0,1,7,1,54,1,53,2" doraHai="110,9" doraHaiUra="15,3" who="2" fromWho="2" sc="231,-30,231,-30,168,140,350,-60" owari="201,-19.9,201,-29.9,308,40.8,290,9.0" /></mjloggm>