<mjloggm ver="2.3"><GO type="169" lobby="0"/><UN n0="%E3%83%95%E3%83%AA%E3%83%86%E3%83%B3%E4%B8%89%E9%83%8E" n1="%62%73%64%5F%33" n2="%E3%81%88%E3%81%8C%E3%82%8F%E3%82%8A%E3%81%8A" n3="%E5%9B%BD%E7%8E%8B" dan="16,17,16,16" rate="2047.45,2148.52,2107.18,2193.24" sx="M,F,M,M"/><TAIKYOKU oya="0"/><INIT seed="0,0,0,3,0,130" ten="250,250,250,250" oya="0" hai0="1,53,77,65,50,40,87,29,45,107,11,64,15" hai1="128,58,13,14,60,134,111,0,123,68,102,100,52" hai2="108,7,25,39,114,49,31,21,80,3,84,5,133" hai3="125,76,103,79,132,6,12,89,57,20,70,59,97"/><T115/><D115/><U36/><E123/><V112/><F39/><W56/><G70/><T9/><D107/><U81/><E0/><V19/><F108/><W62/><G125/><T110/><D110/><U42/><E128/><V4/><F3/><W93/><G132/><T129/><D129/><U78/><E134/><V113/><F49/><W33/><G33/><T117/><D117/><U72/><E111/><V43/><F43/><W26/><G62/><T63/><D1/><U118/><E118/><V54/><F54/><W16/><REACH who="3" step="1"/><G103/><REACH who="3" ten="250,250,250,240" step="2"/><T116/><D63/><U24/><E68/><V96/><F133/><W95/><G95/><T85/><D116/><U46/><REACH who="1" step="1"/><E24/><REACH who="1" ten="250,240,250,240" step="2"/><V10/><F113/><W47/><G47/><T126/><D45/><U121/><E121/><V17/><F112/><W32/><G32/><T131/><D131/><U48/><E48/><V74/><F114/><W99/><G99/><T41/><D50/><U86/><E86/><V120/><F96/><W127/><G127/><T92/><D85/><U27/><E27/><V67/><F84/><W88/><G88/><T105/><D87/><U101/><AGARI ba="0,2" hai="13,14,36,42,46,52,58,60,72,78,81,100,101,102" machi="101" ten="30,4000,0" yaku="1,1,0,1,54,1,53,0" doraHai="130" doraHaiUra="18" who="1" fromWho="1" sc="250,-20,240,60,250,-10,240,-10" /><INIT seed="1,0,0,5,4,66" ten="230,300,240,230" oya="1" hai0="9,92,132,97,26,63,27,0,80,124,39,11,88" hai1="114,126,5,10,103,2,112,86,107,65,28,49,67" hai2="130,117,69,100,123,84,113,23,101,116,122,105,125" hai3="108,37,61,96,62,104,52,3,32,115,57,19,7"/><U25/><E126/><V6/><F6/><W58/><G108/><T8/><D39/><U54/><E67/><V70/><F23/><W71/><G37/><T110/><D0/><U33/><E86/><V129/><F84/><W35/><G115/><T4/><D110/><U133/><E133/><V79/><F79/><W121/><G121/><N who="2" m="46089" /><F105/><W14/><G71/><N who="2" m="27145" /><F125/><W90/><G7/><T89/><D124/><U72/><E72/><V94/><F94/><W22/><G3/><T128/><D128/><N who="2" m="49258" /><F113/><W24/><G14/><N who="0" m="5383" /><D132/><U53/><E114/><V73/><F73/><W31/><G31/><T50/><D9/><U109/><E107/><V91/><F91/><W15/><G15/><T102/><D11/><U127/><E112/><V95/><F95/><N who="3" m="56439" /><G104/><T135/><D135/><U75/><E75/><V106/><F106/><W36/><G36/><T51/><D89/><U1/><E127/><V83/><F83/><W44/><G44/><T38/><D38/><U12/><E12/><V13/><F13/><W40/><G40/><T48/><D80/><U81/><E81/><V56/><F56/><W74/><G74/><T134/><D134/><U55/><E2/><V16/><F16/><W17/><G17/><T59/><D102/><AGARI ba="0,0" hai="100,101,102,116,117" m="49258,27145,46089" machi="102" ten="40,12000,2" yaku="28,2,19,1,52,3" doraHai="66" who="2" fromWho="0" sc="230,-120,300,0,240,120,230,0" /><INIT seed="2,0,0,4,2,87" ten="110,300,360,230" oya="2" hai0="9,72,109,102,43,21,7,16,100,60,1,90,54" hai1="17,3,39,55,122,12,126,79,64,74,67,125,46" hai2="81,97,116,38,103,111,37,121,108,86,117,53,31" hai3="10,80,130,94,112,105,114,41,93,56,131,129,68"/><V85/><F31/><W35/><G68/><T92/><D72/><U91/><E3/><V107/><F121/><W22/><G35/><T95/><D109/><N who="2" m="42058" /><F53/><W76/><G105/><T59/><D43/><U0/><E0/><V113/><F113/><N who="3" m="43627" /><G41/><T77/><D77/><U20/><E122/><V36/><F86/><N who="3" m="48391" /><G10/><T83/><D83/><U27/><E79/><AGARI ba="0,0" hai="36,37,38,79,81,85,97,103,107,116,117" m="42058" machi="79" ten="40,3900,0" yaku="14,1,10,1" doraHai="87" who="2" fromWho="1" sc="110,0,300,-39,360,39,230,0" /><INIT seed="2,1,0,1,2,93" ten="110,261,399,230" oya="2" hai0="25,115,116,73,37,70,72,57,23,34,71,74,123" hai1="33,88,27,53,43,58,22,40,24,4,51,96,14" hai2="101,21,90,17,106,11,134,111,86,133,81,15,109" hai3="76,128,54,45,122,85,10,92,39,98,64,118,16"/><V94/><F106/><W44/><G118/><T29/><D123/><U97/><E33/><V91/><F101/><W130/><G122/><T47/><D115/><U2/><E2/><V102/><F102/><W1/><G1/><T104/><D104/><U113/><E113/><V84/><REACH who="2" step="1"/><F11/><REACH who="2" ten="110,261,389,230" step="2"/><W67/><G10/><T35/><D116/><U112/><E112/><V119/><F119/><W52/><G130/><T49/><D37/><U0/><E0/><V78/><F78/><W117/><G39/><T13/><D13/><U120/><E120/><V20/><F20/><W80/><G117/><T30/><D23/><U48/><E22/><V31/><F31/><W9/><G128/><T127/><D30/><U103/><E14/><V87/><F87/><W32/><G32/><T7/><D34/><U95/><E103/><V126/><F126/><W135/><G9/><T5/><D127/><U114/><E114/><V12/><F12/><W124/><G124/><T26/><D29/><U66/><E27/><V75/><F75/><W125/><G125/><T28/><D26/><U69/><E24/><V100/><F100/><W38/><G38/><T129/><D129/><U18/><E4/><V89/><F89/><W62/><G85/><T79/><D79/><U77/><E77/><V83/><F83/><W8/><G80/><T42/><D5/><U121/><E88/><V60/><F60/><W50/><G76/><T82/><D7/><U65/><E121/><V110/><AGARI ba="1,1" hai="15,17,21,81,84,86,90,91,94,109,110,111,133,134" machi="110" ten="40,12000,1" yaku="1,1,0,1,14,1,10,1,53,0" doraHai="93" doraHaiUra="68" who="2" fromWho="2" sc="110,-41,261,-41,389,133,230,-41" /><INIT seed="2,2,0,2,5,61" ten="69,220,522,189" oya="2" hai0="72,26,82,130,25,126,18,42,41,48,103,36,7" hai1="15,105,37,134,107,117,135,76,0,40,10,123,131" hai2="127,94,120,102,114,63,5,68,8,109,20,70,39" hai3="81,57,22,112,124,119,50,49,128,27,6,118,43"/><V17/><F114/><W65/><G128/><T38/><D130/><U79/><E117/><V132/><F120/><W115/><G124/><T125/><D7/><U104/><E131/><V14/><F39/><W129/><G129/><T53/><D103/><U91/><E0/><V24/><F127/><N who="0" m="48650" /><D82/><U106/><E123/><V96/><F132/><N who="1" m="50729" /><E91/><V74/><F74/><W89/><G6/><T13/><D72/><U67/><N who="1" m="26624" /><DORA hai="16" /><U35/><E35/><V55/><F109/><W99/><G119/><T92/><D92/><U30/><E30/><V23/><F55/><W116/><G116/><T90/><D90/><U77/><E67/><V1/><REACH who="2" step="1"/><F63/><REACH who="2" ten="69,220,512,189" step="2"/><W84/><G118/><T62/><D62/><U97/><E37/><V19/><AGARI ba="2,1" hai="1,5,8,14,17,19,20,23,24,68,70,94,96,102" machi="19" ten="20,18000,2" yaku="1,1,2,1,0,1,7,1,52,2,53,1" doraHai="61,16" doraHaiUra="32,44" who="2" fromWho="2" sc="69,-62,220,-62,512,196,189,-62" /><INIT seed="2,3,0,1,5,60" ten="7,158,708,127" oya="2" hai0="88,114,39,129,46,53,61,6,115,34,44,25,109" hai1="68,96,10,84,124,78,49,75,50,23,0,29,94" hai2="58,82,12,31,21,55,112,40,107,131,85,117,18" hai3="92,1,90,13,128,67,134,42,103,86,125,7,93"/><V17/><F117/><W116/><G116/><T32/><D6/><U8/><E75/><V57/><F112/><W27/><G128/><T59/><D25/><N who="1" m="16575" /><E68/><V80/><F107/><W119/><G119/><T89/><D39/><U104/><E0/><V28/><F131/><W111/><G111/><T105/><D109/><U126/><E104/><V65/><F40/><W95/><G134/><T83/><D105/><U77/><E50/><V69/><F69/><W73/><G1/><T99/><D129/><U35/><E35/><V26/><F58/><W56/><G73/><T11/><D11/><N who="1" m="4139" /><E49/><V79/><F18/><W70/><G70/><T123/><D32/><U101/><E84/><V3/><F3/><W66/><G42/><T108/><D34/><U110/><E110/><V122/><F122/><W130/><G130/><T63/><D108/><U48/><E48/><V74/><F26/><W127/><G27/><T16/><D59/><U76/><E126/><N who="3" m="48138" /><G56/><T52/><D123/><U15/><E124/><V24/><F24/><W81/><G103/><T47/><D47/><U102/><E15/><V87/><F74/><W71/><G71/><T2/><D2/><U41/><E41/><V43/><F43/><W22/><G7/><T113/><D113/><U54/><E102/><V100/><F100/><W20/><G13/><T30/><D30/><U45/><E45/><V121/><F121/><W133/><G133/><T37/><D37/><U106/><E106/><V91/><F28/><W64/><AGARI ba="3,0" hai="20,22,64,66,67,81,86,90,92,93,95" m="48138" machi="64" ten="40,8000,1" yaku="18,1,52,3" doraHai="60" who="3" fromWho="3" sc="7,-23,158,-23,708,-43,127,89" owari="-16,-51.6,135,-26.5,665,76.5,216,1.6" /></mjloggm>