<mjloggm ver="2.3"><GO type="169" lobby="0"/><UN n0="%6D%65%6C%65%78" n1="%E3%81%8B%E3%81%AA%E3%81%8D%E3%83%BC" n2="%E5%A4%A9%E6%89%8D%E9%BA%BB%E5%B0%86%E6%99%BA%E4%B9%83" n3="%E5%A7%9C" dan="16,17,16,16" rate="2106.92,2245.87,2173.63,2145.16" sx="M,F,M,M"/><TAIKYOKU oya="0"/><INIT seed="0,0,0,5,5,109" ten="250,250,250,250" oya="0" hai0="102,66,13,48,1,16,100,35,44,72,3,103,123" hai1="51,105,69,117,110,93,58,25,98,126,120,134,12" hai2="92,119,84,108,55,65,67,101,95,39,125,18,10" hai3="127,28,82,112,96,116,6,113,78,50,43,41,0"/><T83/><D123/><U11/><E69/><V111/><F39/><W62/><G116/><T79/><D35/><U97/><E117/><V15/><F119/><W135/><G28/><T74/><D66/><U91/><E120/><V99/><F125/><W47/><G43/><T33/><D33/><U107/><E110/><N who="2" m="42027" /><F55/><W63/><G127/><T4/><D4/><U7/><E126/><V46/><F46/><W38/><G96/><T9/><REACH who="0" step="1"/><D72/><REACH who="0" ten="240,250,250,250" step="2"/><U21/><E107/><V57/><F67/><W118/><G118/><T64/><D64/><U80/><E105/><V30/><F65/><W8/><G135/><T19/><D19/><U94/><E134/><V71/><F71/><W20/><G6/><T70/><D70/><U32/><E32/><V124/><F124/><W88/><G0/><T104/><D104/><U114/><E7/><V61/><F30/><W52/><G8/><T40/><AGARI ba="0,1" hai="1,3,9,13,16,40,44,48,74,79,83,100,102,103" machi="40" ten="30,6000,0" yaku="1,1,0,1,54,1,53,0" doraHai="109" doraHaiUra="133" who="0" fromWho="0" sc="240,70,250,-20,250,-20,250,-20" /><INIT seed="0,1,0,2,5,13" ten="310,230,230,230" oya="0" hai0="49,70,134,40,53,131,6,79,63,50,126,44,128" hai1="135,80,52,56,67,66,0,65,23,127,21,24,9" hai2="69,101,11,112,84,8,55,1,123,33,89,38,62" hai3="102,51,113,7,45,77,58,110,61,59,106,117,109"/><T88/><D79/><U34/><E127/><V68/><F123/><W35/><G35/><T111/><D6/><U119/><E119/><V15/><F112/><W14/><G77/><T16/><D126/><U132/><E80/><V73/><F73/><W57/><G102/><T64/><D111/><N who="3" m="42505" /><G106/><T93/><D134/><N who="1" m="51243" /><E0/><V83/><F33/><W105/><G105/><T5/><D5/><U37/><E9/><V48/><F38/><W121/><G117/><T78/><D78/><U104/><E104/><V92/><F1/><W115/><G14/><T107/><D107/><U19/><E37/><V72/><F62/><W47/><G7/><T133/><D133/><U100/><E100/><V28/><F28/><W114/><G121/><T125/><D125/><U31/><E19/><V41/><F8/><W10/><G10/><T12/><D50/><AGARI ba="1,0" hai="21,23,24,31,34,50,52,56,65,66,67" m="51243" machi="50" ten="30,2000,0" yaku="20,1,54,1" doraHai="13" who="1" fromWho="0" sc="310,-23,230,23,230,0,230,0" /><INIT seed="1,0,0,5,3,24" ten="287,253,230,230" oya="1" hai0="110,58,6,117,94,95,102,122,76,126,50,57,62" hai1="55,93,21,73,63,56,46,35,128,25,5,36,54" hai2="4,114,77,33,97,111,84,26,100,78,80,11,30" hai3="120,53,37,106,88,99,98,132,121,92,43,71,64"/><U109/><E73/><V81/><F111/><W119/><G132/><T59/><D110/><U67/><E109/><V29/><F114/><W83/><G119/><T19/><D117/><U134/><E128/><V1/><F26/><W7/><G7/><T17/><D126/><U32/><E134/><V51/><F33/><W12/><G12/><T87/><D122/><U104/><E104/><V23/><F23/><W105/><G53/><T96/><D6/><U20/><E5/><V10/><F51/><W28/><G64/><T14/><D50/><U82/><E82/><V101/><F10/><W52/><G71/><T103/><D76/><U107/><E107/><N who="3" m="40970" /><G52/><T60/><D19/><U133/><E133/><V131/><F131/><W15/><G15/><T68/><D68/><U85/><E55/><V34/><F34/><W31/><G37/><T74/><D74/><U86/><E21/><V41/><F41/><W8/><G8/><T124/><D124/><U90/><E85/><V48/><F48/><W49/><G83/><T65/><D65/><U79/><E67/><V38/><F38/><W22/><G99/><N who="0" m="59767" /><D60/><U39/><E39/><V135/><F135/><W75/><G75/><T47/><D47/><U66/><E66/><V91/><F97/><W45/><G22/><N who="0" m="11575" /><D62/><U112/><E36/><V69/><F69/><W115/><G115/><T127/><D127/><U27/><E112/><V13/><F1/><W0/><G0/><T44/><D44/><U113/><E46/><V72/><F78/><W129/><G129/><T3/><D3/><U40/><E113/><V18/><F4/><RYUUKYOKU ba="0,0" sc="287,10,253,-30,230,10,230,10" hai0="57,58,59,87,95,96,103" hai2="11,13,18,29,30,72,77,80,81,84,91,100,101" hai3="28,31,43,45,49,88,92,98,120,121" /><INIT seed="2,1,0,4,0,70" ten="297,223,240,240" oya="2" hai0="101,4,82,71,83,120,97,122,14,121,27,61,123" hai1="86,43,118,90,33,12,132,80,126,79,49,96,21" hai2="45,92,25,50,54,28,57,93,98,64,110,95,76" hai3="124,15,99,20,11,32,60,109,26,2,104,58,55"/><V105/><F110/><W111/><G124/><T129/><D129/><U72/><E118/><V56/><F76/><W37/><G32/><T34/><D4/><U114/><E114/><V53/><F64/><W116/><G2/><T84/><D14/><U135/><E33/><V18/><F18/><W46/><G116/><T24/><D34/><U128/><E126/><V44/><F105/><W47/><G99/><T6/><D6/><U89/><E96/><V88/><F95/><W63/><G104/><T41/><D41/><U106/><E106/><V23/><REACH who="2" step="1"/><F93/><REACH who="2" ten="297,223,230,240" step="2"/><W113/><G111/><T10/><D120/><U7/><E79/><V39/><F39/><W75/><G37/><T119/><D121/><U19/><E19/><V85/><F85/><W8/><G109/><T87/><D119/><U66/><E86/><V108/><F108/><W69/><G113/><T133/><D84/><U127/><E127/><V91/><F91/><W112/><G112/><T115/><D87/><U102/><E90/><V68/><F68/><W77/><G77/><T35/><D71/><U78/><E89/><V29/><F29/><W30/><G75/><T117/><D115/><U51/><E72/><V48/><AGARI ba="1,1" hai="23,25,28,44,45,48,50,53,54,56,57,88,92,98" machi="48" ten="20,18000,2" yaku="1,1,0,1,7,1,9,1,8,1,54,1,53,0" doraHai="70" doraHaiUra="131" who="2" fromWho="2" sc="297,-61,223,-61,230,193,240,-61" /><INIT seed="2,2,0,2,3,99" ten="236,162,423,179" oya="2" hai0="125,64,89,122,53,121,91,111,10,106,55,61,109" hai1="132,78,97,11,56,30,20,7,62,68,128,118,86" hai2="71,34,0,29,98,57,43,76,23,123,107,14,59" hai3="44,8,113,15,88,22,93,65,33,5,54,70,100"/><V12/><F0/><W32/><G113/><T114/><D10/><U82/><E118/><V83/><F123/><N who="0" m="47114" /><D106/><U133/><E68/><V19/><F71/><W52/><G100/><T79/><D79/><U2/><E128/><V37/><F37/><W24/><G33/><T101/><D114/><U116/><E116/><V73/><F43/><W72/><G32/><T40/><D101/><U28/><E97/><V75/><F75/><W126/><G126/><T66/><D40/><U124/><E124/><V35/><F35/><W39/><G72/><T6/><D6/><U17/><E30/><V51/><F12/><W80/><G80/><T115/><D115/><U47/><E28/><V90/><F51/><W1/><G1/><T25/><D25/><U130/><E130/><V45/><F45/><W131/><G131/><T21/><D21/><U3/><E47/><V134/><F90/><N who="0" m="34314" /><D61/><U13/><REACH who="1" step="1"/><E3/><REACH who="1" ten="236,152,423,179" step="2"/><V104/><F98/><W38/><G44/><T9/><D125/><U110/><E110/><N who="0" m="41993" /><D9/><U74/><E74/><V102/><F73/><W46/><G46/><T36/><D36/><U41/><E41/><V48/><F29/><W81/><G38/><T16/><D16/><U94/><E94/><V67/><F19/><N who="3" m="12383" /><G93/><T49/><D49/><U69/><E69/><V108/><F48/><W85/><G39/><T27/><D27/><U96/><E96/><V60/><F108/><W120/><G120/><T31/><D31/><U127/><E127/><V103/><F107/><W129/><G129/><T77/><D77/><U135/><E135/><V84/><F104/><W87/><G87/><RYUUKYOKU ba="2,1" sc="236,10,152,10,423,-30,179,10" hai0="53,55,64,66" hai1="2,7,11,13,17,20,56,62,78,82,86,132,133" hai3="5,8,15,52,54,65,70,81,85,88" /><INIT seed="3,3,1,0,0,9" ten="246,162,393,189" oya="3" hai0="50,120,127,90,100,96,30,31,53,14,133,60,41" hai1="71,47,2,12,4,1,118,59,49,75,105,84,83" hai2="17,94,52,23,19,34,5,74,112,0,125,40,22" hai3="63,107,88,13,15,62,124,48,108,7,51,55,8"/><W121/><G121/><T123/><D127/><U82/><E71/><V131/><F74/><W3/><G107/><T111/><D111/><U102/><E118/><V117/><F117/><W95/><G124/><T110/><D110/><U24/><E59/><V25/><F125/><W130/><G108/><T91/><D133/><U56/><E56/><V101/><F112/><W69/><G130/><T57/><D120/><U80/><E24/><V129/><F34/><W70/><G51/><T122/><D123/><U65/><E65/><V73/><F73/><W79/><G79/><T27/><D30/><U116/><E116/><V98/><F40/><W32/><G32/><T113/><D113/><U72/><E102/><V99/><F99/><W114/><G114/><T28/><D31/><U33/><E105/><V29/><F29/><W20/><G70/><T109/><D109/><U54/><E33/><V43/><F43/><W61/><G20/><T97/><D96/><U36/><E36/><V10/><REACH who="2" step="1"/><F52/><REACH who="2" ten="246,162,383,189" step="2"/><W35/><G35/><T16/><D41/><U115/><E72/><V106/><F106/><W86/><REACH who="3" step="1"/><G69/><REACH who="3" ten="246,162,383,179" step="2"/><T18/><D122/><U46/><E115/><V45/><F45/><AGARI ba="3,3" hai="3,7,8,13,15,45,48,55,61,62,63,86,88,95" machi="45" ten="40,12000,1" yaku="1,1,2,1,52,2,54,1,53,0" doraHai="9" doraHaiUra="64" who="3" fromWho="2" sc="246,0,162,0,383,-129,179,159" /><INIT seed="3,4,0,3,0,90" ten="246,162,254,338" oya="3" hai0="5,113,36,93,80,58,133,73,116,22,89,6,65" hai1="79,51,39,59,30,115,101,127,72,130,53,96,84" hai2="83,26,104,118,34,132,102,109,17,35,74,85,47" hai3="40,63,48,29,46,129,49,105,97,43,88,76,24"/><W86/><G129/><T112/><D116/><U13/><E115/><N who="0" m="44105" /><D36/><U20/><E39/><V69/><F118/><W50/><G76/><N who="0" m="44047" /><D133/><U103/><E72/><V91/><F132/><W37/><G43/><T94/><D22/><U57/><E130/><V0/><F0/><W14/><G14/><T134/><D134/><U44/><E127/><V56/><F69/><W67/><G97/><T45/><D45/><U68/><E68/><V107/><F109/><W75/><G105/><T33/><D33/><U21/><E21/><V3/><F3/><W126/><G75/><T60/><D93/><N who="1" m="58511" /><E103/><V77/><F47/><W70/><G126/><T38/><D38/><U62/><E62/><V82/><F107/><W125/><G125/><T1/><D1/><U61/><E61/><V55/><F104/><W41/><G41/><T28/><D28/><U9/><E20/><V92/><F102/><W71/><G71/><T32/><D32/><U99/><E30/><V121/><F34/><W135/><G135/><T8/><D8/><U131/><E131/><V15/><F35/><W95/><G29/><T120/><D120/><U64/><E44/><V31/><F121/><W23/><G23/><T100/><D100/><U4/><E9/><N who="2" m="6383" /><F31/><W78/><REACH who="3" step="1"/><G78/><REACH who="3" ten="246,162,254,328" step="2"/><T2/><D2/><U66/><E79/><V122/><F122/><W54/><G54/><T128/><D128/><U81/><E53/><V11/><F77/><W106/><G106/><T10/><D10/><U7/><E13/><V42/><F11/><W87/><G87/><AGARI ba="4,1" hai="5,6,58,60,65,87,89,94" m="44047,44105" machi="87" ten="30,2000,0" yaku="11,1,52,1" doraHai="90" who="0" fromWho="3" sc="246,42,162,0,254,0,328,-32" /><INIT seed="4,0,0,4,1,83" ten="288,162,254,296" oya="0" hai0="110,28,79,27,80,74,7,60,23,43,35,26,46" hai1="116,15,88,103,57,99,41,45,65,54,97,106,77" hai2="96,61,58,120,4,64,126,20,121,109,1,118,24" hai3="8,129,52,66,98,16,30,53,3,115,124,112,50"/><T33/><D110/><U75/><E116/><V32/><F109/><W108/><G108/><T59/><D7/><U104/><E65/><V25/><F118/><W135/><G129/><T68/><D68/><U71/><E71/><V62/><F126/><W17/><G124/><T12/><D12/><U107/><E75/><V2/><F32/><W42/><G30/><T37/><REACH who="0" step="1"/><D27/><REACH who="0" ten="278,162,254,296" step="2"/><U40/><E15/><V14/><F14/><W78/><G3/><T22/><D22/><U127/><E127/><V31/><F24/><W91/><G8/><T101/><D101/><U44/><E103/><V34/><F20/><W18/><G115/><T92/><D92/><U72/><E104/><V130/><F4/><W49/><G112/><T55/><AGARI ba="0,1" hai="23,26,28,33,35,37,43,46,55,59,60,74,79,80" machi="55" ten="20,3900,0" yaku="1,1,0,1,7,1,53,0" doraHai="83" doraHaiUra="67" who="0" fromWho="0" sc="278,49,162,-13,254,-13,296,-13" /><INIT seed="4,1,0,5,0,36" ten="327,149,241,283" oya="0" hai0="115,65,5,123,111,85,105,98,76,135,43,56,94" hai1="131,101,125,22,70,114,64,47,110,27,93,58,10" hai2="38,46,18,62,109,128,86,108,126,68,48,8,33" hai3="100,11,124,69,19,50,16,12,122,129,1,14,90"/><T63/><D123/><U41/><E70/><V84/><F33/><W104/><G122/><T113/><D105/><U66/><E110/><V35/><F35/><W52/><G1/><T17/><D111/><U87/><E131/><V75/><F75/><W55/><G69/><T53/><D5/><U130/><E130/><V9/><F38/><W92/><G129/><T29/><D29/><U25/><E125/><V96/><F128/><W28/><G28/><T42/><D135/><U127/><E127/><V102/><F126/><W88/><G124/><T107/><D107/><U99/><E114/><N who="0" m="43529" /><D17/><U74/><E74/><V97/><F18/><W132/><G104/><T73/><D73/><U4/><E87/><V116/><F116/><W2/><G2/><T49/><D85/><U15/><E58/><V117/><F117/><W119/><G55/><T7/><D76/><U121/><E121/><V37/><F86/><W120/><G132/><T32/><D7/><U106/><E106/><V72/><F72/><W0/><G0/><T77/><D77/><U133/><E133/><V81/><F109/><W26/><G26/><T24/><D24/><U59/><E59/><V54/><F108/><W134/><G134/><T95/><D32/><U20/><E25/><V80/><F84/><W61/><G119/><T118/><D118/><U51/><REACH who="1" step="1"/><E22/><REACH who="1" ten="327,139,241,283" step="2"/><V44/><F68/><W39/><G120/><T89/><D95/><U82/><E82/><V67/><F80/><W34/><G92/><T40/><D65/><U78/><E78/><V112/><F81/><W71/><G34/><T57/><D57/><RYUUKYOKU ba="1,1" sc="327,15,139,15,241,-15,283,-15" hai0="40,42,43,49,53,56,63,89,94,98" hai1="4,10,15,20,27,41,47,51,64,66,93,99,101" /><INIT seed="4,2,1,5,2,14" ten="342,154,226,268" oya="0" hai0="75,3,134,110,21,70,31,17,50,34,59,86,11" hai1="54,85,24,91,93,89,103,33,13,42,135,122,95" hai2="118,63,119,126,32,78,72,127,117,109,94,19,133" hai3="40,102,98,8,2,125,90,130,66,64,104,79,112"/><T39/><D70/><U101/><E122/><V77/><F109/><W23/><G112/><T48/><D39/><U67/><E135/><V115/><F115/><W35/><G35/><T76/><D134/><U44/><E67/><V116/><F133/><W68/><G68/><T45/><D110/><U56/><E13/><V51/><F32/><W58/><G58/><T25/><D75/><U107/><E107/><V120/><F120/><W100/><G90/><T60/><D76/><U111/><E111/><V132/><F132/><W1/><G102/><T53/><D86/><U22/><E33/><V6/><F6/><W52/><G2/><T49/><D11/><U46/><E103/><V7/><F7/><W99/><G99/><T96/><D96/><U29/><E101/><V65/><F51/><W20/><G79/><T69/><D69/><U41/><E41/><V16/><F78/><W18/><G40/><T38/><D38/><U62/><REACH who="1" step="1"/><E42/><REACH who="1" ten="342,144,226,268" step="2"/><V36/><F119/><W10/><G66/><T4/><D3/><U12/><E12/><V74/><F36/><W26/><G64/><T57/><D4/><U81/><E81/><N who="2" m="45223" /><F74/><W92/><G1/><T30/><D34/><U106/><E106/><V61/><F65/><W114/><G104/><T15/><D15/><U121/><E121/><V113/><F113/><W105/><G114/><T0/><D0/><U84/><AGARI ba="2,2" hai="22,24,29,44,46,54,56,62,84,85,89,91,93,95" machi="84" ten="20,8000,1" yaku="1,1,0,1,7,1,9,1,8,1,53,0" doraHai="14" doraHaiUra="71" who="1" fromWho="1" sc="342,-42,144,106,226,-22,268,-22" /><INIT seed="5,0,0,0,5,57" ten="300,250,204,246" oya="1" hai0="58,129,89,132,115,8,110,50,34,100,44,47,56" hai1="53,9,41,62,99,32,83,14,96,87,3,93,6" hai2="94,52,65,51,68,7,29,82,76,133,17,2,122" hai3="120,23,40,35,128,20,97,28,54,16,77,10,30"/><U113/><E113/><V4/><F122/><W127/><G120/><T70/><D70/><U39/><E32/><V49/><F133/><W112/><G40/><T74/><D74/><U118/><E118/><V107/><F107/><W11/><G77/><T71/><D71/><U27/><E27/><V25/><F17/><W86/><G86/><T46/><D115/><U88/><E3/><V108/><F108/><W95/><G112/><T55/><D34/><U114/><E39/><V59/><F2/><W85/><G85/><T43/><D110/><U121/><E41/><V80/><F80/><W78/><G78/><T64/><D129/><U63/><E121/><V102/><F51/><W24/><G127/><T91/><D100/><N who="1" m="60431" /><E114/><V73/><F102/><W103/><G128/><T37/><D132/><U105/><E105/><V18/><F18/><W19/><G54/><T38/><D8/><N who="3" m="3113" /><G35/><T66/><D89/><N who="1" m="51455" /><E53/><V75/><F75/><W33/><G33/><T1/><D91/><U106/><E106/><V42/><F42/><W5/><G5/><T26/><D1/><U0/><E0/><V123/><F123/><W45/><G45/><N who="0" m="17515" /><D26/><AGARI ba="0,0" hai="16,19,20,23,24,26,28,30,95,97,103" m="3113" machi="26" ten="30,2000,0" yaku="8,1,54,1" doraHai="57" who="3" fromWho="0" sc="300,-20,250,0,204,0,246,20" /><INIT seed="6,0,0,1,1,83" ten="280,250,204,266" oya="2" hai0="74,131,48,44,8,80,102,125,124,72,101,128,116" hai1="29,1,56,26,130,30,57,99,31,33,97,52,59" hai2="68,20,123,94,92,22,53,40,90,17,85,62,81" hai3="96,10,12,91,55,87,126,7,134,110,43,129,16"/><V46/><F123/><W41/><G110/><T35/><D35/><U75/><E1/><V106/><F106/><W127/><G129/><N who="0" m="49739" /><D8/><U54/><E130/><V47/><F22/><W13/><G134/><T32/><D32/><U67/><E75/><N who="0" m="28713" /><D116/><U109/><E109/><V4/><F4/><W5/><G96/><N who="1" m="36938" /><E33/><V93/><F40/><N who="3" m="15435" /><G55/><N who="1" m="21034" /><E26/><V14/><F68/><W24/><G24/><T108/><D48/><U103/><E103/><N who="0" m="39433" /><D44/><U63/><AGARI ba="0,0" hai="29,30,31,56,57,59,63,67" m="21034,36938" machi="63" ten="40,2700,0" yaku="8,1,54,1" doraHai="83" who="1" fromWho="1" sc="280,-7,250,27,204,-13,266,-7" /><INIT seed="7,0,0,3,0,51" ten="273,277,191,259" oya="3" hai0="6,61,96,94,35,77,110,33,113,28,44,88,127" hai1="56,95,4,123,125,90,132,29,2,27,133,0,64" hai2="82,135,70,36,55,16,47,19,57,71,58,45,23" hai3="26,24,119,80,11,118,93,25,50,109,126,104,65"/><W105/><G126/><T72/><D110/><U124/><E64/><V7/><F7/><W39/><G39/><T97/><D127/><N who="1" m="48715" /><E56/><V106/><F106/><W37/><G37/><T107/><D6/><U69/><E69/><V38/><F82/><W32/><G32/><T10/><D10/><N who="1" m="2311" /><E2/><V42/><F23/><W129/><G109/><T52/><D28/><U41/><E41/><V62/><F42/><W20/><G20/><T79/><D113/><U66/><E66/><V122/><F62/><W18/><G65/><T111/><D111/><U22/><E123/><V98/><F98/><AGARI ba="0,0" hai="22,27,29,90,95,98,132,133" m="2311,48715" machi="98" ten="30,1000,0" yaku="18,1" doraHai="51" who="1" fromWho="2" sc="273,0,277,10,191,-10,259,0" /><INIT seed="8,0,0,2,1,104" ten="273,287,181,259" oya="0" hai0="126,69,64,96,70,105,130,10,60,84,71,119,57" hai1="9,77,83,67,90,33,66,103,55,131,88,81,74" hai2="25,106,61,115,39,132,27,30,11,16,24,19,102" hai3="8,114,36,54,46,62,52,135,6,75,7,22,108"/><T0/><D119/><U134/><E33/><V23/><F39/><W14/><G108/><T118/><D118/><U121/><E121/><V37/><F37/><W124/><G114/><T80/><D130/><U128/><E103/><V44/><F115/><W79/><G6/><T85/><D126/><U93/><E134/><V20/><F132/><W56/><G135/><T98/><D105/><U123/><E123/><V87/><F44/><W53/><G124/><T29/><D29/><U26/><E26/><V2/><F106/><W91/><G91/><T13/><D0/><U21/><E21/><N who="2" m="15631" /><F102/><W111/><G22/><N who="2" m="8233" /><F61/><W107/><G111/><T73/><D73/><U101/><E101/><V99/><F99/><W47/><G107/><T58/><D58/><U113/><E113/><V116/><F116/><W50/><G36/><T92/><D92/><U86/><E9/><V48/><F48/><W43/><G47/><T125/><D125/><U133/><E133/><V129/><F129/><N who="1" m="49737" /><E55/><V94/><F94/><W76/><G75/><T17/><REACH who="0" step="1"/><D85/><AGARI ba="0,0" hai="66,67,74,77,81,83,85,86,88,90,93" m="49737" machi="85" ten="30,3900,0" yaku="19,1,52,1,54,1" doraHai="104" who="1" fromWho="0" sc="273,-39,287,39,181,0,259,0" owari="234,-16.6,326,42.6,181,-31.9,259,5.9" /></mjloggm>