<mjloggm ver="2.3"><GO type="169" lobby="0"/><UN n0="%E3%81%99%E3%82%8C%E3%81%84%E3%81%8B" n1="%E7%8A%B6%E6%85%8B%E9%BA%BB%E9%9B%80" n2="%E4%BB%8A%E6%97%A5%E4%B8%80" n3="%E7%B4%94%E5%85%A8%E5%B8%AF%E4%B8%89%E8%89%B2" dan="16,18,17,16" rate="2106.89,2243.30,2204.27,2098.36" sx="M,M,F,M"/><TAIKYOKU oya="0"/><INIT seed="0,0,0,0,3,70" ten="250,250,250,250" oya="0" hai0="115,74,73,130,56,101,132,25,116,34,104,41,100" hai1="88,95,54,119,1,83,122,80,22,50,2,38,89" hai2="11,16,114,102,35,6,64,103,127,78,108,85,131" hai3="75,63,86,99,107,68,72,128,10,71,30,42,133"/><T7/><D115/><U37/><E119/><V29/><F114/><W18/><G128/><T60/><D116/><U67/><E122/><V51/><F108/><W109/><G109/><T125/><D130/><U21/><E67/><V113/><F113/><W59/><G133/><T79/><D7/><U58/><E50/><V117/><F117/><W134/><G30/><T66/><D132/><U40/><E58/><V9/><F64/><W33/><G33/><T98/><D125/><U31/><E95/><V4/><F127/><W19/><G42/><T52/><D41/><U49/><E49/><V90/><F78/><W13/><G19/><T93/><D79/><U76/><E76/><V45/><F29/><W32/><G32/><T81/><D81/><U24/><E40/><V43/><F35/><W135/><G86/><T106/><D34/><U36/><E54/><V126/><F126/><W111/><G111/><T123/><D25/><U77/><E22/><V5/><F131/><W14/><G14/><T96/><D123/><U55/><E55/><V17/><F103/><W20/><G20/><T91/><REACH who="0" step="1"/><D66/><REACH who="0" ten="240,250,250,250" step="2"/><U87/><REACH who="1" step="1"/><E89/><REACH who="1" ten="240,240,250,250" step="2"/><V47/><F90/><W97/><G135/><T69/><D69/><U118/><E118/><V27/><F43/><W92/><G71/><T44/><D44/><U110/><E110/><V84/><F47/><W82/><G68/><T46/><D46/><U121/><E121/><V23/><F45/><W3/><G134/><T26/><D26/><U15/><E15/><V53/><F27/><W112/><G13/><T28/><D28/><U105/><E105/><RYUUKYOKU ba="0,2" sc="240,15,240,15,250,-15,250,-15" hai0="52,56,60,73,74,91,93,96,98,100,101,104,106" hai1="1,2,21,24,31,36,37,38,77,80,83,87,88" /><INIT seed="0,1,2,5,3,104" ten="255,255,235,235" oya="0" hai0="67,95,53,22,16,65,93,34,97,118,6,92,57" hai1="130,25,94,23,47,83,28,90,123,17,63,70,74" hai2="38,4,14,85,75,77,1,81,89,27,3,60,32" hai3="72,122,12,52,54,15,33,91,44,69,39,126,131"/><T24/><D118/><U71/><E123/><V21/><F32/><W111/><G33/><T108/><D108/><U2/><E2/><V5/><F38/><W116/><G116/><T30/><D6/><U36/><E130/><V59/><F3/><W10/><G69/><T128/><D128/><U133/><E133/><V110/><F1/><W88/><G111/><T48/><REACH who="0" step="1"/><D97/><REACH who="0" ten="245,255,235,235" step="2"/><U112/><E112/><V107/><F110/><W76/><G122/><T100/><D100/><U58/><E71/><V41/><F41/><W127/><G127/><T42/><D42/><U46/><E70/><V84/><F5/><W129/><G126/><T79/><D79/><U98/><E36/><V62/><F4/><W19/><G129/><T101/><D101/><U61/><E98/><V106/><F77/><W103/><G103/><T96/><D96/><U113/><E113/><V82/><F89/><W121/><G131/><T132/><D132/><U78/><E90/><V50/><F107/><W35/><G121/><T80/><D80/><U124/><E124/><V31/><F82/><W109/><G109/><T29/><D29/><U105/><E105/><V68/><F31/><W45/><G39/><T49/><D49/><U73/><E28/><V26/><F50/><W13/><G76/><T125/><D125/><U0/><E83/><V56/><F81/><W9/><G91/><T120/><D120/><U7/><E7/><V18/><F106/><W135/><G88/><T55/><D55/><U40/><E40/><V87/><F87/><W99/><G135/><T102/><D102/><U37/><E78/><RYUUKYOKU ba="1,3" sc="245,30,255,-10,235,-10,235,-10" hai0="16,22,24,30,34,48,53,57,65,67,92,93,95" /><INIT seed="0,2,3,4,1,70" ten="275,245,225,225" oya="0" hai0="89,60,45,82,76,56,64,77,68,125,46,1,28" hai1="53,116,122,93,87,27,127,24,37,7,22,25,35" hai2="47,23,59,83,107,129,108,98,90,62,15,39,52" hai3="92,91,10,5,97,115,109,118,128,79,8,86,34"/><T80/><D1/><U74/><E74/><V57/><F129/><W31/><G115/><T119/><D119/><U120/><E116/><V43/><F108/><W99/><G118/><T32/><D125/><U105/><E105/><V19/><F59/><W33/><G109/><T16/><D32/><U2/><E127/><V50/><F107/><W131/><G10/><T36/><D28/><U58/><E35/><V111/><F111/><W54/><G54/><T124/><D124/><U29/><E37/><V51/><REACH who="2" step="1"/><F83/><REACH who="2" ten="275,245,215,225" step="2"/><W26/><G131/><T110/><D80/><U67/><E58/><V94/><AGARI ba="2,4" hai="15,19,23,39,43,47,50,51,52,57,62,90,94,98" machi="94" ten="30,8000,1" yaku="1,1,2,1,0,1,52,1,54,1,53,0" doraHai="70" doraHaiUra="135" who="2" fromWho="2" sc="275,-42,245,-22,215,126,225,-22" /><INIT seed="1,0,0,4,0,103" ten="233,223,341,203" oya="1" hai0="20,71,81,3,52,116,83,101,123,79,37,97,132" hai1="21,98,121,38,43,109,119,127,68,42,6,31,13" hai2="63,10,64,62,88,30,125,59,118,104,111,78,87" hai3="82,66,41,11,33,34,2,4,128,23,110,25,131"/><U17/><E119/><V134/><F118/><W19/><G66/><T126/><D116/><U129/><E121/><V90/><F111/><W73/><G41/><T60/><D3/><U51/><E68/><V8/><F134/><W45/><G45/><T47/><D132/><U99/><E38/><V35/><F78/><W105/><G105/><T122/><D126/><U49/><E127/><V26/><F104/><W9/><G82/><T5/><D5/><U57/><E129/><N who="3" m="49738" /><G73/><T61/><D20/><U84/><E31/><V28/><F28/><N who="3" m="17471" /><G110/><T65/><D37/><U1/><E1/><V39/><F39/><W54/><G54/><T7/><D7/><U69/><E6/><V93/><F125/><W67/><G67/><T48/><D60/><U86/><E69/><V120/><F120/><N who="0" m="46122" /><D79/><U112/><E112/><V75/><F75/><W24/><G24/><T114/><D114/><U89/><E109/><V108/><F108/><W15/><AGARI ba="0,0" hai="2,4,9,11,15,19,33,34" m="17471,49738" machi="15" ten="30,4000,0" yaku="19,1,34,2" doraHai="103" who="3" fromWho="3" sc="233,-10,223,-20,341,-10,203,40" /><INIT seed="2,0,0,0,0,132" ten="223,203,331,243" oya="2" hai0="110,34,10,31,86,89,59,15,23,113,55,87,93" hai1="111,117,61,104,39,51,85,27,134,36,66,101,43" hai2="100,35,77,92,106,8,11,30,125,80,42,81,56" hai3="67,127,105,107,63,4,22,97,13,40,26,73,109"/><V129/><F106/><W131/><G73/><T83/><D113/><U9/><E117/><V99/><F129/><W48/><G109/><T7/><D34/><U38/><E111/><V57/><F81/><W115/><G131/><T46/><D110/><U3/><E134/><V112/><F112/><W118/><G118/><T128/><D128/><U68/><E85/><V96/><F96/><W103/><G115/><T60/><D46/><N who="1" m="23935" /><E51/><V114/><F114/><W130/><G130/><T121/><D121/><U78/><E78/><V14/><F42/><W82/><G82/><T84/><REACH who="0" step="1"/><D83/><REACH who="0" ten="213,203,331,243" step="2"/><U102/><E38/><V17/><F35/><W49/><G107/><T5/><D5/><U29/><E36/><V53/><F80/><W2/><G4/><T95/><D95/><U69/><E104/><V123/><F92/><W44/><G105/><T74/><D74/><U6/><E6/><V135/><F123/><W20/><G44/><T122/><D122/><U65/><E69/><V90/><F135/><W75/><G75/><T21/><D21/><U58/><E68/><V47/><F47/><W1/><G22/><T120/><D120/><U91/><E9/><V45/><F8/><W50/><G20/><T71/><D71/><U108/><E108/><V16/><F11/><W18/><G40/><T94/><D94/><U126/><E3/><V88/><F77/><W37/><G1/><T25/><AGARI ba="0,1" hai="7,10,15,23,25,31,55,59,60,84,86,87,89,93" machi="25" ten="30,7900,0" yaku="1,1,0,1,8,1,53,1" doraHai="132" doraHaiUra="24" who="0" fromWho="0" sc="213,89,203,-20,331,-39,243,-20" /><INIT seed="3,0,0,2,0,104" ten="302,183,292,223" oya="3" hai0="94,129,112,27,20,46,68,55,43,107,80,103,125" hai1="91,133,53,83,7,4,15,99,127,93,72,109,2" hai2="131,88,67,13,21,25,40,56,66,16,59,17,124" hai3="100,14,70,11,52,92,82,28,105,64,39,98,44"/><W6/><G28/><T113/><D107/><U69/><E2/><V111/><F111/><W135/><G135/><T38/><D68/><U114/><E109/><V22/><F124/><W73/><G64/><N who="2" m="24617" /><F131/><W29/><G70/><T35/><D35/><U0/><E0/><V71/><F71/><W1/><G29/><T34/><D34/><U90/><E114/><N who="0" m="44137" /><D125/><U36/><E36/><V85/><F40/><W32/><G32/><T89/><D55/><U18/><E133/><V33/><F33/><W30/><G30/><T63/><D63/><U123/><E123/><V122/><F122/><W10/><G39/><T49/><D103/><U116/><E116/><V101/><F101/><W75/><G105/><T110/><D110/><U119/><E119/><V12/><F25/><W97/><G97/><T62/><D62/><U9/><E127/><V48/><F48/><W117/><G82/><AGARI ba="0,0" hai="12,13,16,17,21,22,56,59,82,85,88" m="24617" machi="82" ten="30,3900,0" yaku="8,1,54,2" doraHai="104" who="2" fromWho="3" sc="302,0,183,0,292,39,223,-39" /><INIT seed="4,0,0,2,2,54" ten="302,183,331,184" oya="0" hai0="122,56,111,0,118,89,85,9,71,22,94,126,100" hai1="73,23,134,109,99,74,38,30,104,14,90,119,72" hai2="41,5,93,44,123,40,12,130,128,7,103,37,77" hai3="46,11,115,13,127,48,116,133,67,18,34,101,10"/><T117/><D122/><U113/><E38/><V64/><F123/><W124/><G101/><T76/><D71/><U98/><E30/><V131/><F40/><W6/><G67/><T65/><D126/><N who="3" m="48169" /><G48/><T69/><D69/><U33/><E33/><V43/><F43/><W82/><G46/><T83/><D111/><U62/><E62/><V70/><F77/><W2/><G82/><T8/><D100/><N who="1" m="62487" /><E23/><V39/><F39/><W3/><G116/><T121/><D22/><U68/><E14/><V105/><F105/><W132/><G34/><T66/><D121/><U20/><E20/><V53/><F53/><W27/><G115/><T87/><D66/><U102/><E68/><V1/><F70/><W81/><G81/><T80/><D80/><U106/><E119/><V4/><F64/><W120/><G120/><T60/><REACH who="0" step="1"/><D8/><REACH who="0" ten="292,183,331,184" step="2"/><U21/><E21/><V110/><F130/><W16/><G27/><T135/><D135/><N who="3" m="51785" /><G18/><T19/><D19/><U51/><E134/><V63/><F103/><W17/><G17/><T95/><D95/><U25/><E25/><V96/><F93/><W92/><G92/><T24/><D24/><U112/><E109/><V107/><F110/><W88/><G88/><T58/><D58/><U61/><E90/><V78/><F107/><W108/><G108/><T75/><D75/><U32/><E32/><V55/><F78/><W31/><G31/><T86/><D86/><U47/><E113/><V114/><F114/><W59/><G59/><T26/><D26/><U36/><E112/><V52/><F96/><W50/><G2/><T45/><D45/><RYUUKYOKU ba="0,1" sc="292,15,183,-15,331,-15,184,15" hai0="0,9,56,60,65,76,83,85,87,89,94,117,118" hai3="3,6,10,11,13,16,50" /><INIT seed="4,1,1,2,2,122" ten="307,168,316,199" oya="0" hai0="13,57,116,70,31,104,12,4,130,59,107,67,62" hai1="105,38,110,9,11,134,14,40,91,126,36,64,119" hai2="28,124,42,73,22,48,79,51,109,102,96,118,121" hai3="37,65,3,120,35,115,68,6,80,106,18,15,39"/><T90/><D116/><U135/><E119/><V112/><F118/><W50/><G50/><T133/><D130/><U66/><E105/><V56/><F112/><W53/><G53/><T78/><D133/><N who="1" m="50699" /><E126/><V123/><F79/><W10/><G115/><T86/><D78/><U81/><E110/><V34/><F34/><W45/><G106/><T52/><D31/><U5/><E11/><V98/><F73/><W61/><G120/><T93/><D70/><U0/><E0/><V54/><F109/><W88/><G45/><T60/><REACH who="0" step="1"/><D13/><REACH who="0" ten="297,168,316,199" step="2"/><U127/><E127/><V77/><F77/><W43/><G35/><T24/><D24/><U100/><E100/><V2/><F124/><W83/><G15/><T41/><D41/><U92/><E40/><V117/><F117/><W63/><G43/><T33/><D33/><U55/><E55/><V27/><F2/><W82/><G3/><T108/><D108/><U75/><E66/><V25/><F102/><W17/><G65/><T47/><D47/><U99/><E64/><V69/><F69/><W97/><G68/><T103/><D103/><U58/><E58/><V132/><F132/><W101/><G101/><T85/><D85/><U71/><E71/><V87/><F87/><W76/><G76/><AGARI ba="1,2" hai="5,9,14,36,38,75,76,81,91,92,99" m="50699" machi="76" ten="30,1000,0" yaku="20,1" doraHai="122" who="1" fromWho="3" sc="297,0,168,33,316,0,199,-13" /><INIT seed="5,0,0,4,1,43" ten="297,201,316,186" oya="1" hai0="102,106,117,85,0,126,33,86,89,98,39,2,44" hai1="55,34,35,40,49,19,81,45,1,26,108,76,82" hai2="17,92,96,66,91,87,8,125,65,124,88,71,120" hai3="11,13,57,107,30,37,74,94,53,51,20,47,59"/><U112/><E112/><V67/><F120/><W27/><G107/><T69/><D117/><U100/><E1/><V63/><F8/><W25/><G74/><T15/><D69/><U31/><E108/><V127/><REACH who="2" step="1"/><F17/><REACH who="2" ten="297,201,306,186" step="2"/><W122/><G122/><T121/><D121/><U48/><E19/><V128/><F128/><W115/><G115/><T50/><D126/><U6/><E6/><V12/><F12/><W114/><G114/><T79/><D15/><U29/><E100/><V22/><F22/><W130/><G130/><T78/><D33/><U4/><E4/><V97/><F97/><W111/><G111/><T95/><D2/><U42/><E35/><V14/><F14/><W41/><G27/><T109/><D0/><U7/><E7/><V52/><F52/><W75/><G13/><T99/><D109/><U101/><E101/><V131/><F131/><W90/><G11/><T116/><D116/><U119/><E119/><V58/><F58/><W68/><G68/><T56/><D56/><N who="1" m="32871" /><E34/><V61/><F61/><W133/><G133/><T62/><D62/><U134/><E134/><V46/><F46/><W38/><G59/><T5/><D5/><U28/><E26/><V23/><F23/><W70/><G70/><T118/><D118/><U21/><E21/><V73/><F73/><W36/><REACH who="3" step="1"/><G75/><REACH who="3" ten="297,201,306,176" step="2"/><T3/><D3/><U84/><E31/><V10/><F10/><W123/><G123/><T54/><D44/><U104/><E29/><V110/><F110/><W132/><G132/><T32/><D32/><U135/><E135/><V16/><F16/><W24/><G24/><RYUUKYOKU ba="0,2" sc="297,-15,201,-15,306,15,176,15" hai2="63,65,66,67,71,87,88,91,92,96,124,125,127" hai3="20,25,30,36,37,38,41,47,51,53,57,90,94" /><INIT seed="6,1,2,0,2,36" ten="282,186,321,191" oya="2" hai0="1,80,127,28,33,27,51,40,64,39,13,87,129" hai1="94,120,56,125,69,86,6,119,20,85,25,62,93" hai2="103,74,58,15,135,26,37,97,21,57,111,16,75" hai3="53,83,60,79,5,0,108,95,134,102,11,84,48"/><V92/><F135/><W115/><G108/><T30/><D1/><U14/><E119/><V18/><F111/><W90/><G134/><T114/><D39/><U34/><E69/><V70/><F70/><W2/><G115/><T19/><D114/><U63/><E125/><V38/><F38/><W23/><G102/><T61/><D127/><U73/><E73/><V55/><F37/><W110/><G110/><T65/><D129/><U35/><E120/><V66/><F66/><W96/><G23/><T116/><D30/><N who="1" m="17703" /><E34/><V68/><F68/><W122/><G60/><N who="1" m="23082" /><E56/><V32/><F58/><W89/><G122/><T42/><D116/><U46/><E46/><V29/><F18/><W22/><G22/><T45/><D61/><AGARI ba="1,2" hai="15,16,21,26,29,32,55,57,61,74,75,92,97,103" machi="61" ten="30,2900,0" yaku="7,1,54,1" doraHai="36" who="2" fromWho="0" sc="282,-32,186,0,321,52,191,0" /><INIT seed="6,2,0,4,2,23" ten="250,186,373,191" oya="2" hai0="48,32,9,60,131,51,89,47,81,28,63,29,127" hai1="104,3,12,46,34,106,93,84,86,52,124,103,68" hai2="115,37,126,120,82,92,57,2,65,8,5,95,110" hai3="31,56,72,16,10,117,27,73,70,129,42,50,80"/><V13/><F120/><W18/><G117/><T90/><D131/><U91/><E3/><V121/><F121/><W58/><G70/><T14/><D127/><U39/><E68/><V49/><F115/><W35/><G129/><T20/><D32/><U59/><E124/><V26/><F37/><W75/><G80/><T53/><D48/><U128/><E128/><V83/><F2/><W85/><G85/><N who="0" m="50351" /><D90/><U107/><E34/><V78/><F83/><W135/><G135/><T38/><D38/><U134/><E134/><V71/><F71/><W123/><G123/><T102/><D102/><U122/><E122/><V77/><F77/><W24/><G10/><T118/><D118/><U114/><E114/><V36/><F36/><W33/><G42/><T64/><D64/><U98/><E84/><V99/><F99/><W40/><G40/><T101/><D101/><U43/><REACH who="1" step="1"/><E12/><REACH who="1" ten="250,176,373,191" step="2"/><V66/><F126/><W45/><G45/><T119/><D119/><U87/><E87/><V125/><F125/><W67/><G35/><T61/><D14/><U88/><E88/><V22/><F13/><W79/><G79/><T112/><D112/><U130/><E130/><V19/><F78/><W11/><G73/><T6/><D47/><U132/><E132/><V105/><F82/><W62/><G75/><T30/><D63/><AGARI ba="2,1" hai="39,43,46,52,59,63,86,91,93,98,103,104,106,107" machi="63" ten="30,3900,0" yaku="1,1,7,1,54,1,53,0" doraHai="23" doraHaiUra="15" who="1" fromWho="0" sc="250,-45,176,55,373,0,191,0" /><INIT seed="7,0,0,3,5,15" ten="205,231,373,191" oya="3" hai0="4,33,10,128,17,66,92,93,112,8,72,31,122" hai1="130,80,13,61,23,97,106,37,125,55,115,46,34" hai2="16,64,43,5,120,81,20,116,26,82,90,77,19" hai3="76,9,126,30,107,119,49,105,28,132,21,86,100"/><W63/><G119/><T41/><D122/><U127/><E34/><V53/><F116/><W0/><G126/><N who="1" m="48138" /><E115/><V98/><F5/><W111/><G132/><T74/><D33/><U47/><E130/><V79/><F64/><W71/><G111/><T1/><D31/><U85/><E37/><V52/><F43/><W24/><G30/><T12/><D66/><U117/><E117/><V78/><F19/><W69/><G63/><T36/><D128/><U22/><E97/><V102/><F120/><W101/><G49/><T99/><D112/><U40/><E106/><V96/><F96/><W134/><G134/><T75/><REACH who="0" step="1"/><D99/><REACH who="0" ten="195,231,373,191" step="2"/><U94/><E40/><V103/><F98/><W27/><G105/><T89/><D89/><U48/><E55/><N who="2" m="21067" /><F90/><W38/><G107/><T109/><D109/><U91/><E91/><V104/><F104/><W51/><G101/><AGARI ba="0,1" hai="16,20,26,77,78,79,81,82,101,102,103" m="21067" machi="101" ten="30,7700,0" yaku="8,1,52,1,54,2" doraHai="15" who="2" fromWho="3" sc="195,0,231,0,373,87,191,-77" owari="195,-20.5,231,3.1,460,56.0,114,-38.6" /></mjloggm>