<mjloggm ver="2.3"><GO type="169" lobby="0"/><UN n0="%E3%81%BD%E3%81%A3%E3%81%91%E3%81%95%E3%82%93" n1="%E3%81%9F%E3%81%8B%E3%81%AA" n2="%E3%83%AD%E3%83%83%E3%83%86%E9%9B%80%E7%90%83" n3="%E3%83%A8%E3%83%BC%E3%83%BB%E3%83%9E%E3%82%A4%E3%82%AB" dan="17,19,17,17" rate="2167.59,2214.91,2195.05,2179.58" sx="M,M,M,M"/><TAIKYOKU oya="0"/><INIT seed="0,0,0,1,1,80" ten="250,250,250,250" oya="0" hai0="8,92,59,67,118,132,34,108,50,24,3,129,38" hai1="15,21,72,1,55,48,95,123,4,71,79,30,57" hai2="73,25,85,130,107,65,42,19,47,12,39,14,99" hai3="13,7,35,98,117,94,105,37,133,70,116,127,135"/><T91/><D38/><U63/><E123/><V89/><F73/><W11/><G70/><T62/><D118/><N who="3" m="45673" /><G37/><T49/><D132/><N who="3" m="50761" /><G105/><T0/><D129/><U104/><E104/><V36/><F65/><W88/><G35/><T56/><D108/><U20/><E1/><V33/><F130/><W84/><G127/><T46/><D50/><U86/><E72/><V90/><F39/><W121/><G121/><T109/><D59/><U44/><E30/><V26/><F12/><W112/><G112/><T28/><D8/><N who="1" m="4487" /><E71/><V74/><F74/><W75/><G75/><T87/><REACH who="0" step="1"/><D109/><REACH who="0" ten="240,250,250,250" step="2"/><U23/><E48/><V110/><F110/><W29/><G29/><T100/><D100/><U120/><E120/><V27/><F36/><W18/><G7/><T93/><D93/><U52/><E95/><V122/><F107/><W5/><G5/><T22/><D22/><U102/><E102/><V58/><F122/><W111/><G111/><T101/><D101/><U106/><E106/><V66/><F33/><W40/><G40/><AGARI ba="0,1" hai="0,3,24,28,34,40,46,49,56,62,67,87,91,92" machi="40" ten="30,11600,0" yaku="1,1,7,1,52,1,53,1" doraHai="80" doraHaiUra="60" who="0" fromWho="3" sc="240,126,250,0,250,0,250,-116" /><INIT seed="0,1,0,3,5,83" ten="366,250,250,134" oya="0" hai0="17,73,74,27,100,66,88,69,33,104,42,122,101" hai1="93,63,53,121,118,114,36,110,97,81,67,135,14" hai2="30,130,98,60,43,22,49,26,13,19,96,6,9" hai3="89,65,112,90,3,57,103,37,126,132,92,123,119"/><T2/><D2/><U16/><E118/><V25/><F130/><W18/><G119/><T4/><D4/><U127/><E121/><V124/><F124/><W77/><G123/><T113/><D113/><U20/><E110/><V34/><F60/><N who="3" m="38031" /><G3/><T71/><D42/><U56/><E127/><V70/><F70/><W76/><G37/><T58/><D58/><U29/><E135/><V75/><F75/><W24/><G126/><T35/><D17/><U59/><E36/><V94/><F94/><W55/><G112/><T79/><D79/><N who="3" m="30281" /><G132/><T11/><D122/><U120/><E120/><V111/><F111/><W38/><G38/><T82/><D82/><U85/><E29/><V87/><F87/><W45/><G103/><T125/><D66/><U107/><E107/><V61/><F61/><W7/><G7/><T106/><D125/><U15/><E114/><V44/><AGARI ba="1,0" hai="6,9,13,19,22,25,26,30,34,43,44,49,96,98" machi="44" ten="30,1100,0" yaku="0,1" doraHai="83" who="2" fromWho="2" sc="366,-6,250,-4,250,14,134,-4" /><INIT seed="1,0,0,3,5,98" ten="360,246,264,130" oya="1" hai0="41,50,125,37,99,133,10,57,26,58,63,29,101" hai1="77,32,78,61,112,40,70,81,127,95,120,51,56" hai2="44,68,126,110,104,42,8,33,114,90,45,34,23" hai3="86,53,122,12,83,59,96,107,14,117,15,89,105"/><U60/><E112/><V52/><F110/><W97/><G122/><T94/><D125/><U13/><E120/><V82/><F68/><W129/><G129/><T67/><D133/><U16/><E32/><V134/><F104/><W66/><G117/><T108/><D108/><U109/><E109/><V71/><F71/><W111/><G111/><T102/><D37/><U80/><E127/><V46/><F126/><W17/><G107/><T74/><D74/><U93/><E70/><V11/><F42/><W85/><G66/><T106/><D10/><U0/><E0/><V1/><F134/><W119/><G119/><T88/><D106/><U123/><E123/><V18/><F1/><W113/><G113/><T100/><D58/><U20/><E40/><V9/><F114/><W135/><G135/><T24/><REACH who="0" step="1"/><D29/><REACH who="0" ten="350,246,264,130" step="2"/><U30/><E30/><V69/><F69/><W76/><G105/><T115/><D115/><U5/><E5/><V121/><F8/><W39/><G17/><T22/><D22/><U3/><E56/><V73/><F9/><W55/><G39/><T36/><D36/><U27/><E20/><V131/><F11/><W92/><REACH who="3" step="1"/><G55/><REACH who="3" ten="350,246,264,120" step="2"/><T128/><D128/><U49/><E16/><V35/><F52/><W25/><G25/><T28/><D28/><U21/><E3/><V103/><F121/><W124/><G124/><T91/><D91/><U43/><E27/><V130/><F130/><W54/><G54/><T79/><D79/><U132/><E132/><V19/><F131/><W6/><G6/><T7/><D7/><U4/><E4/><V64/><F18/><RYUUKYOKU ba="0,2" sc="350,15,246,-15,264,-15,120,15" hai0="24,26,41,50,57,63,67,88,94,99,100,101,102" hai3="12,14,15,53,59,76,83,85,86,89,92,96,97" /><INIT seed="2,1,2,5,5,92" ten="365,231,249,135" oya="2" hai0="45,72,82,48,118,85,134,81,8,110,93,111,41" hai1="100,14,104,36,65,18,97,6,88,67,23,95,63" hai2="60,10,37,50,131,46,3,135,22,53,51,112,2" hai3="115,21,80,11,90,54,120,49,13,102,133,83,62"/><V101/><F112/><W57/><G120/><T34/><D34/><U106/><E36/><V114/><F114/><W103/><G133/><T116/><D134/><U42/><E42/><V127/><F37/><W125/><G125/><T64/><D64/><U99/><E6/><V126/><F135/><W30/><G115/><T24/><D24/><U31/><E31/><V40/><F131/><W26/><G62/><T27/><D27/><U76/><E76/><V123/><F123/><W129/><G129/><T130/><D130/><U113/><E113/><V38/><F101/><N who="3" m="38411" /><G90/><N who="0" m="53455" /><D8/><U12/><E65/><V39/><F22/><W86/><G86/><T84/><D72/><U9/><E9/><V70/><F10/><W66/><G66/><T55/><D41/><U16/><E18/><AGARI ba="1,2" hai="11,13,18,21,26,30,49,54,57,80,83" m="38411" machi="18" ten="30,1000,0" yaku="8,1" doraHai="92" who="3" fromWho="1" sc="365,0,231,-13,249,0,135,33" /><INIT seed="3,0,0,2,1,64" ten="365,218,249,168" oya="3" hai0="129,38,4,25,42,72,76,12,36,66,99,70,74" hai1="53,57,32,102,135,23,56,31,60,124,125,37,134" hai2="105,77,46,120,30,55,22,13,100,19,61,16,119" hai3="108,45,58,75,126,112,84,48,28,27,91,51,118"/><W67/><G112/><T62/><D129/><U127/><E32/><V110/><F119/><W15/><G118/><T85/><D85/><U122/><E102/><V106/><F110/><W17/><G126/><T18/><D4/><U6/><E6/><V97/><F120/><W52/><G75/><T95/><D25/><U69/><E31/><V117/><F117/><W24/><G108/><T89/><D42/><U131/><E23/><V103/><F30/><W34/><G34/><T39/><REACH who="0" step="1"/><D76/><REACH who="0" ten="355,218,249,168" step="2"/><U90/><E131/><V63/><F77/><W113/><G28/><T20/><AGARI ba="0,1" hai="12,18,20,36,38,39,62,66,70,72,74,89,95,99" machi="20" ten="30,7900,0" yaku="1,1,2,1,0,1,52,1,53,0" doraHai="64" doraHaiUra="128" who="0" fromWho="0" sc="355,89,218,-20,249,-20,168,-39" /><INIT seed="4,0,0,1,2,12" ten="444,198,229,129" oya="0" hai0="110,16,89,46,5,95,55,51,48,112,123,73,134" hai1="105,131,25,77,125,135,94,75,113,97,129,91,130" hai2="52,11,42,107,30,36,44,102,92,59,27,72,61" hai3="71,128,117,31,2,57,76,41,35,78,88,103,38"/><T14/><D123/><U85/><E25/><V67/><F72/><W79/><G71/><T26/><D73/><U100/><E125/><V90/><F107/><W115/><G117/><T126/><D126/><U58/><E58/><V8/><F102/><W40/><G2/><T116/><D116/><U54/><E54/><V19/><F67/><W93/><G115/><T24/><D112/><U132/><E113/><V43/><F43/><N who="3" m="16459" /><G35/><T37/><D37/><U121/><E121/><V68/><F68/><W104/><G104/><T87/><D134/><U3/><E3/><V17/><F8/><W81/><G38/><T53/><D5/><U15/><E15/><V13/><F13/><W20/><G128/><T74/><D74/><U96/><E96/><V0/><F11/><W6/><G57/><N who="0" m="32935" /><D110/><U18/><E18/><V114/><F114/><W98/><G6/><T83/><D83/><AGARI ba="0,0" hai="75,77,83,85,91,94,97,100,105,129,130,131,132,135" machi="83" ten="50,12000,2" yaku="24,2,19,1,34,3" doraHai="12" who="1" fromWho="0" sc="444,-120,198,120,229,0,129,0" /><INIT seed="5,0,0,1,1,14" ten="324,318,229,129" oya="1" hai0="6,101,118,95,57,16,127,29,132,135,42,133,100" hai1="15,9,86,115,89,90,18,35,28,125,70,23,96" hai2="112,122,54,3,73,52,44,94,75,106,83,130,126" hai3="102,114,120,47,84,31,55,66,103,67,65,30,10"/><U124/><E70/><V131/><F106/><W1/><G120/><T58/><D118/><U105/><E35/><V109/><F122/><W64/><N who="3" m="16384" /><DORA hai="2" /><W76/><G114/><T80/><D29/><N who="3" m="10761" /><G1/><T121/><D121/><U78/><E115/><V48/><F3/><W17/><G47/><T98/><D127/><N who="1" m="48715" /><E78/><V97/><F109/><W26/><G55/><T134/><D132/><U108/><E108/><V27/><F112/><W39/><G39/><T53/><D42/><U56/><E56/><V46/><F126/><W111/><G111/><T33/><D33/><U8/><E28/><V117/><F117/><W68/><G68/><T119/><D119/><U61/><E61/><V104/><F44/><W45/><G45/><T88/><D58/><U0/><E0/><V107/><F46/><W129/><G129/><T77/><D57/><U82/><E89/><V11/><F54/><W21/><G10/><T62/><D62/><U19/><E8/><V7/><F11/><W34/><G34/><T99/><D77/><U22/><E9/><V85/><F131/><W60/><G60/><T63/><D63/><U13/><E105/><V49/><F107/><W116/><G116/><T32/><D32/><U110/><E110/><V91/><F104/><W59/><G59/><T24/><D133/><U43/><E43/><V36/><F36/><W4/><G4/><T41/><D41/><U38/><E38/><V113/><F7/><W50/><G50/><T69/><D134/><U74/><E74/><V37/><F48/><W20/><G20/><T40/><D135/><U51/><E51/><RYUUKYOKU ba="0,0" sc="324,-15,318,15,229,-15,129,15" hai1="13,15,18,19,22,23,82,86,90,96" hai3="17,21,26,76,84,102,103" /><INIT seed="5,1,0,4,4,6" ten="309,333,214,144" oya="1" hai0="43,109,106,74,128,122,132,73,75,15,85,30,94" hai1="29,130,12,78,100,50,14,28,67,89,64,68,120" hai2="39,31,113,56,7,22,38,48,86,116,83,8,95" hai3="117,62,58,110,57,59,11,26,126,44,60,108,32"/><U17/><E120/><V46/><F116/><W24/><G32/><T76/><D30/><U107/><E78/><V16/><F113/><W123/><G123/><T41/><D109/><U125/><E130/><V70/><F70/><W81/><G44/><T47/><D106/><U25/><E125/><V134/><F95/><W33/><G33/><T135/><D122/><U34/><E28/><V93/><F93/><W104/><G104/><T36/><D43/><U40/><E89/><V55/><F31/><W102/><G81/><T19/><D128/><U92/><E92/><V18/><F134/><N who="0" m="51242" /><D94/><U111/><E111/><V90/><F56/><W51/><G59/><T49/><D85/><U115/><E115/><V77/><F77/><W91/><G91/><T118/><D118/><U45/><E64/><V71/><F71/><W4/><G117/><T79/><D36/><U99/><REACH who="1" step="1"/><E17/><REACH who="1" ten="309,323,214,144" step="2"/><V10/><F18/><W80/><G126/><T121/><D121/><U42/><E42/><V3/><REACH who="2" step="1"/><F8/><AGARI ba="1,1" hai="8,15,19,41,47,49,73,74,75,76,79" m="51242" machi="8" ten="40,2600,0" yaku="20,1,52,1" doraHai="6" who="0" fromWho="2" sc="309,39,323,0,214,-29,144,0" /><INIT seed="6,0,0,5,2,77" ten="348,323,185,144" oya="2" hai0="124,92,111,133,106,12,46,82,56,85,2,80,38" hai1="116,73,49,120,115,70,75,42,96,48,57,112,69" hai2="27,81,58,129,125,19,0,107,52,117,121,76,108" hai3="99,53,35,87,109,135,98,67,55,39,33,123,72"/><V105/><F117/><W30/><G87/><T68/><D68/><N who="1" m="26219" /><E96/><V25/><F121/><W101/><G123/><T32/><D2/><U23/><E120/><V78/><F125/><W122/><G122/><T94/><D106/><U119/><E23/><V104/><F129/><W3/><G3/><T130/><D32/><U132/><E42/><V4/><F108/><W20/><G20/><T37/><D111/><U91/><E91/><V54/><F19/><W83/><G109/><T13/><D85/><U8/><E8/><V17/><F17/><W18/><G18/><T43/><D56/><U40/><E40/><V10/><F78/><W29/><G39/><T84/><D84/><U118/><E57/><V131/><F131/><W28/><G28/><T93/><D130/><U71/><E71/><V65/><F65/><W103/><G72/><N who="1" m="27722" /><E132/><V45/><F45/><W22/><G22/><T61/><D61/><U11/><E11/><V126/><F126/><W34/><G34/><T63/><D63/><U51/><AGARI ba="0,0" hai="48,49,51,112,115,116,118,119" m="27722,26219" machi="51" ten="50,3200,0" yaku="28,2" doraHai="77" who="1" fromWho="1" sc="348,-8,323,32,185,-16,144,-8" /><INIT seed="7,0,0,2,2,111" ten="340,355,169,136" oya="3" hai0="103,109,128,62,27,67,30,29,17,92,94,115,34" hai1="100,14,72,83,40,65,116,25,54,63,118,121,42" hai2="53,114,133,38,15,125,7,49,19,131,69,76,88" hai3="47,97,122,1,98,21,50,79,4,87,81,3,20"/><W2/><G122/><T74/><D74/><U60/><E121/><V75/><F114/><W46/><G4/><T134/><D109/><U89/><E100/><V23/><F38/><W61/><G61/><T13/><D30/><U70/><E14/><V48/><F69/><W51/><G51/><T5/><D128/><U123/><E123/><V44/><F125/><W0/><N who="3" m="0" /><DORA hai="127" /><W43/><REACH who="3" step="1"/><G47/><REACH who="3" ten="340,355,169,126" step="2"/><T91/><D5/><U106/><E63/><V80/><F7/><W32/><G32/><T129/><D62/><U45/><E45/><V57/><F133/><W119/><G119/><T71/><D34/><U10/><E116/><V6/><F6/><W77/><G77/><T113/><D115/><U112/><E118/><V126/><F126/><W95/><G95/><T31/><D94/><U8/><E112/><V11/><F131/><W117/><G117/><T26/><D92/><U22/><E60/><V64/><F64/><W28/><G28/><T105/><D31/><U86/><E65/><V35/><F35/><W120/><G120/><T85/><D29/><U41/><E70/><V108/><F108/><W59/><G59/><T52/><D129/><U36/><E36/><V73/><F76/><W68/><G68/><T16/><D67/><U110/><E110/><V135/><F135/><W78/><G78/><T124/><D124/><U99/><E106/><V56/><F56/><W24/><G24/><N who="0" m="9259" /><D134/><U9/><E25/><V90/><F49/><W107/><G107/><T102/><D113/><U132/><E132/><V37/><F44/><W84/><G84/><T55/><D71/><RYUUKYOKU ba="0,1" sc="340,-10,355,-10,169,-10,126,30" hai3="20,21,43,46,50,79,81,87,97,98" /><INIT seed="7,1,1,3,1,0" ten="330,345,159,156" oya="3" hai0="3,6,61,59,66,67,132,20,9,7,79,91,99" hai1="49,103,116,93,48,90,80,15,71,94,83,60,38" hai2="92,42,120,98,135,124,119,19,72,82,25,129,106" hai3="47,107,54,115,1,16,40,96,102,45,21,17,133"/><W22/><G115/><T95/><D132/><U97/><E38/><V76/><F119/><W37/><G133/><T36/><D36/><U105/><E116/><V51/><F135/><W128/><G128/><T87/><D7/><U114/><E114/><V85/><F124/><W65/><G1/><T13/><D20/><U44/><E105/><V112/><F112/><W113/><G113/><T18/><D3/><U57/><E71/><V100/><F120/><W50/><REACH who="3" step="1"/><G65/><REACH who="3" ten="330,345,159,146" step="2"/><N who="0" m="39103" /><D6/><U56/><E60/><V32/><F129/><W14/><G14/><T12/><D13/><U77/><E15/><V11/><F11/><W84/><G84/><T23/><D9/><U29/><E49/><V2/><F2/><W75/><G75/><T35/><D35/><U74/><E74/><V101/><F32/><W30/><G30/><T26/><D12/><U108/><E29/><V104/><F72/><W63/><G63/><T130/><D130/><U122/><E48/><V8/><F8/><W33/><G33/><T69/><D69/><U131/><E131/><V68/><F68/><W126/><G126/><T89/><D79/><U81/><E77/><V52/><F76/><W134/><G134/><T10/><D10/><U24/><E122/><V34/><F34/><W117/><G117/><T78/><D78/><U55/><E108/><V88/><F51/><W118/><G118/><T28/><D28/><U111/><E111/><V39/><F39/><W109/><G109/><T110/><D110/><U41/><E57/><V73/><F73/><W62/><G62/><T4/><D4/><U121/><E121/><RYUUKYOKU ba="1,2" sc="330,15,345,-15,159,-15,146,15" hai0="18,23,26,66,67,87,89,91,95,99" hai3="16,17,21,22,37,40,45,47,50,54,96,102,107" /><INIT seed="7,2,2,1,3,86" ten="345,330,144,161" oya="3" hai0="115,82,7,51,125,59,108,52,16,33,80,83,6" hai1="10,57,63,107,32,8,4,36,64,48,133,99,116" hai2="70,117,126,73,100,129,45,72,94,22,123,31,9" hai3="18,49,55,85,58,71,103,68,13,61,119,135,40"/><W1/><G119/><T74/><D74/><U14/><E36/><V89/><F117/><W54/><G135/><T38/><D108/><U67/><E116/><V87/><F70/><W114/><G114/><T17/><D33/><U60/><E32/><V92/><F126/><W26/><G1/><T41/><D125/><U120/><E120/><V62/><F129/><W37/><G37/><T25/><D115/><U21/><E133/><V97/><F123/><W134/><G134/><T127/><D127/><U98/><E107/><V93/><F62/><N who="1" m="23593" /><E10/><V84/><F9/><N who="3" m="6447" /><G103/><T109/><D109/><U66/><E21/><V5/><F5/><N who="0" m="1546" /><D38/><U12/><E12/><V69/><F45/><N who="3" m="25767" /><G68/><T104/><D104/><U113/><E113/><V105/><F69/><W39/><G39/><T106/><D106/><U79/><E79/><V81/><REACH who="2" step="1"/><F87/><REACH who="2" ten="345,330,134,161" step="2"/><W23/><G85/><T131/><D131/><U90/><E98/><V124/><F124/><W24/><G71/><T43/><D59/><U19/><E4/><V132/><F132/><W128/><G128/><T101/><D43/><U30/><E30/><V76/><F76/><W77/><G77/><T20/><D41/><U75/><E75/><V15/><F15/><W46/><G23/><T96/><D20/><U53/><E66/><V44/><F44/><W78/><G78/><T35/><D35/><U121/><E121/><V56/><F56/><W3/><G3/><T112/><D112/><U27/><E27/><AGARI ba="2,3" hai="22,27,31,72,73,81,84,89,92,93,94,97,100,105" machi="27" ten="40,2600,0" yaku="1,1,52,1,53,0" doraHai="86" doraHaiUra="65" who="2" fromWho="1" sc="345,0,330,-32,134,62,161,0" owari="345,44.5,298,9.8,196,-20.4,161,-33.9" /></mjloggm>