<mjloggm ver="2.3"><GO type="169" lobby="0"/><UN n0="%46%4C%41%52%45" n1="%E3%82%89%E3%81%84%E3%81%82%E3%82%93%E3%81%98%E3%82%83%E3%82%93" n2="%E6%99%A8%E6%98%8F%E5%B0%8D%E5%B3%99" n3="%E5%A7%AB%E7%95%99" dan="16,17,17,16" rate="2141.26,2198.68,2225.12,2145.73" sx="M,M,M,M"/><TAIKYOKU oya="0"/><INIT seed="0,0,0,4,2,18" ten="250,250,250,250" oya="0" hai0="108,32,123,134,90,57,21,88,92,39,0,95,69" hai1="80,101,87,127,98,133,96,100,42,79,122,13,36" hai2="31,121,16,49,44,76,63,113,131,70,89,114,41" hai3="118,130,116,84,75,6,27,111,65,135,105,83,23"/><T106/><D69/><U30/><E122/><V117/><F31/><W48/><G105/><T35/><D123/><U94/><E127/><V38/><F121/><W86/><G65/><T3/><D106/><U110/><E110/><V5/><F5/><W56/><G111/><T109/><D57/><U124/><E133/><V26/><F131/><W53/><G135/><T28/><D134/><U40/><E124/><V103/><F103/><W24/><G130/><T9/><D28/><U102/><E36/><V19/><F117/><W129/><G129/><T77/><D9/><U71/><E71/><V62/><F76/><W72/><G24/><T60/><D60/><U17/><E30/><V125/><F125/><W68/><G68/><T12/><D12/><U45/><E45/><V67/><F63/><W119/><G6/><T22/><D77/><U20/><REACH who="1" step="1"/><E98/><REACH who="1" ten="250,240,250,250" step="2"/><V82/><F38/><AGARI ba="0,1" hai="0,3,21,22,32,35,38,39,88,90,92,95,108,109" machi="38" ten="25,12000,1" yaku="22,2,52,2,54,1" doraHai="18" who="0" fromWho="2" sc="250,130,240,0,250,-120,250,0" /><INIT seed="0,1,0,5,4,106" ten="380,240,130,250" oya="0" hai0="35,28,8,5,81,52,59,99,83,62,61,40,42" hai1="114,48,134,95,97,20,131,6,36,98,53,129,71" hai2="88,56,82,122,84,130,124,77,7,67,92,72,46" hai3="45,37,85,21,50,66,94,123,4,117,125,113,89"/><T13/><D99/><U102/><E36/><V96/><F122/><W24/><G113/><T110/><D110/><U101/><E71/><V27/><F130/><W107/><G107/><T78/><D61/><U93/><E134/><V63/><F124/><W15/><G117/><T14/><D14/><U69/><E69/><V18/><F7/><W11/><G125/><T23/><D35/><U128/><E114/><V105/><F46/><W30/><G123/><T90/><D90/><U26/><E6/><V44/><F44/><W74/><G74/><T54/><D54/><U79/><E79/><V33/><F18/><W51/><REACH who="3" step="1"/><G66/><REACH who="3" ten="380,240,130,240" step="2"/><T57/><D42/><AGARI ba="1,1" hai="4,11,15,21,24,30,37,42,45,50,51,85,89,94" machi="42" ten="40,2600,0" yaku="1,1,2,1,53,0" doraHai="106" doraHaiUra="60" who="3" fromWho="0" sc="380,-29,240,0,130,0,240,39" /><INIT seed="1,0,0,1,3,86" ten="351,240,130,279" oya="1" hai0="33,76,71,29,13,54,5,116,72,52,0,45,83" hai1="60,129,50,96,92,94,41,69,59,48,70,123,12" hai2="44,115,25,97,105,58,10,67,128,117,20,14,102" hai3="100,3,98,1,122,7,40,49,75,61,47,36,99"/><U79/><E129/><V22/><F128/><W27/><G122/><T4/><D116/><U34/><E123/><V109/><F117/><W132/><G75/><T2/><D71/><U135/><E135/><V9/><F109/><W15/><G132/><T112/><D112/><U125/><E125/><V28/><F115/><W84/><G61/><T31/><D13/><U90/><E34/><V121/><F121/><W88/><G27/><T101/><D101/><U91/><E79/><V77/><F77/><W56/><G15/><T95/><D95/><U93/><E70/><V134/><F134/><W89/><G98/><T65/><D65/><U114/><E69/><V53/><F44/><W107/><G7/><T62/><D5/><U18/><E114/><V51/><REACH who="2" step="1"/><F67/><REACH who="2" ten="351,240,120,279" step="2"/><W16/><G36/><T108/><D45/><N who="1" m="25647" /><E50/><V73/><F73/><W21/><G56/><T17/><D72/><U23/><E96/><V74/><F74/><W85/><G85/><T130/><D130/><U11/><E11/><V43/><F43/><W55/><G40/><T68/><D108/><U26/><E26/><V38/><F38/><W32/><G84/><T119/><D119/><U63/><E63/><V66/><F66/><AGARI ba="0,1" hai="12,18,23,59,60,66,90,91,92,93,94" m="25647" machi="66" ten="30,5800,0" yaku="8,1,52,2" doraHai="86" who="1" fromWho="2" sc="351,0,240,68,120,-58,279,0" /><INIT seed="1,1,0,2,0,102" ten="351,308,62,279" oya="1" hai0="118,135,132,15,109,37,86,77,59,124,8,16,31" hai1="58,127,18,3,32,13,2,63,35,4,39,134,40" hai2="92,26,10,1,130,133,33,114,85,99,76,29,110" hai3="28,21,41,67,48,106,14,120,70,53,30,121,64"/><U47/><E127/><V44/><F110/><W112/><G41/><T74/><D118/><U38/><E134/><N who="0" m="51241" /><D37/><U45/><E2/><V78/><F133/><W68/><G112/><T108/><D124/><U43/><E4/><V72/><F130/><W119/><G14/><T97/><D74/><U23/><REACH who="1" step="1"/><E3/><REACH who="1" ten="351,298,62,279" step="2"/><V65/><F1/><W55/><G119/><T83/><D109/><U17/><E17/><V84/><F114/><W105/><G48/><T93/><D108/><U98/><E98/><V81/><F99/><W11/><G11/><T82/><D97/><U0/><E0/><V75/><F10/><W7/><G7/><T50/><D50/><U122/><E122/><V57/><F44/><W51/><G51/><T61/><D31/><U73/><E73/><V128/><F128/><W22/><AGARI ba="1,1" hai="21,22,28,30,53,55,64,67,68,70,105,106,120,121" machi="22" ten="25,8000,1" yaku="0,1,22,2,52,2" doraHai="102" who="3" fromWho="3" sc="351,-21,298,-41,62,-21,279,93" /><INIT seed="2,0,0,0,5,76" ten="330,257,41,372" oya="2" hai0="102,126,41,1,62,0,36,4,128,131,52,108,8" hai1="17,22,5,121,75,65,90,122,115,51,103,96,45" hai2="14,21,123,31,133,13,30,23,95,29,15,77,25" hai3="80,9,38,11,53,61,101,49,124,98,68,100,135"/><V110/><F123/><W37/><G135/><T116/><D108/><U120/><E115/><V39/><F39/><W32/><G32/><T97/><D126/><U40/><E75/><V109/><F133/><W67/><G124/><T73/><D73/><U84/><E65/><V94/><F77/><W78/><G11/><T3/><D116/><U118/><E5/><V16/><REACH who="2" step="1"/><F23/><REACH who="2" ten="330,257,31,372" step="2"/><W56/><G38/><T117/><D36/><U2/><E22/><V104/><F104/><W88/><G37/><T33/><D117/><U35/><E118/><V66/><F66/><W93/><REACH who="3" step="1"/><G9/><REACH who="3" ten="330,257,31,362" step="2"/><T48/><D8/><U83/><E120/><V24/><F24/><W46/><G46/><T57/><D33/><U113/><E35/><V44/><F44/><W89/><G89/><T112/><D112/><U85/><E113/><V69/><F69/><W50/><G50/><T79/><D48/><U26/><E51/><V134/><F134/><W54/><G54/><T7/><D41/><U119/><E40/><V71/><F71/><W91/><G91/><T105/><REACH who="0" step="1"/><D79/><REACH who="0" ten="320,257,31,362" step="2"/><U64/><E119/><V18/><F18/><W28/><G28/><T86/><D86/><AGARI ba="0,3" hai="49,53,56,61,67,68,78,80,86,88,93,98,100,101" machi="86" ten="30,8000,1" yaku="1,1,7,1,52,1,54,1,53,1" doraHai="76" doraHaiUra="58" who="3" fromWho="0" sc="320,-80,257,0,31,0,362,110" /><INIT seed="3,0,0,0,0,51" ten="240,257,31,472" oya="3" hai0="132,35,124,55,119,92,85,84,43,36,111,54,44" hai1="45,75,77,41,86,98,101,22,106,128,72,16,130" hai2="99,109,39,47,115,37,30,100,10,32,17,46,104" hai3="120,76,94,33,83,95,5,14,123,71,134,122,18"/><W21/><G71/><T89/><D119/><U52/><E86/><V23/><F115/><W11/><G134/><T67/><D35/><U1/><E1/><V108/><F10/><W65/><G65/><T53/><D132/><U8/><E8/><V59/><F59/><W58/><G58/><T34/><D34/><U126/><E126/><V78/><F78/><W19/><G33/><T61/><D111/><U12/><E77/><V80/><F80/><W56/><G56/><T105/><D105/><U40/><E40/><V3/><F3/><W13/><REACH who="3" step="1"/><G5/><REACH who="3" ten="240,257,31,462" step="2"/><T90/><D124/><U9/><E9/><V64/><F64/><W63/><G63/><T102/><D67/><U118/><E118/><V20/><F32/><W57/><G57/><T25/><D61/><U2/><E22/><V42/><F30/><W62/><G62/><T82/><D102/><U87/><E101/><V133/><F133/><W131/><G131/><T73/><D73/><AGARI ba="0,1" hai="11,13,14,18,19,21,73,76,83,94,95,120,122,123" machi="73" ten="40,2000,0" yaku="1,1,53,0" doraHai="51" doraHaiUra="129" who="3" fromWho="0" sc="240,-20,257,0,31,0,462,30" /><INIT seed="3,1,0,4,1,115" ten="220,257,31,492" oya="3" hai0="116,7,73,64,111,12,121,68,1,78,65,81,28" hai1="88,101,119,132,120,128,56,72,30,36,75,123,32" hai2="43,86,135,129,83,76,25,35,48,106,103,2,4" hai3="21,63,22,70,16,127,52,23,112,108,69,55,122"/><W84/><G112/><T91/><D121/><U13/><E36/><V61/><F135/><W117/><G117/><T98/><D1/><U71/><E71/><V44/><F129/><W92/><G122/><T38/><D38/><U113/><E13/><V49/><F61/><W54/><G127/><T133/><D68/><U130/><E56/><V77/><F106/><W42/><G42/><T93/><D133/><U37/><E37/><V50/><F103/><W41/><G41/><T126/><D126/><U0/><E0/><V47/><F76/><W99/><G84/><T94/><D111/><U53/><E53/><V33/><F25/><W66/><G108/><T34/><D116/><U19/><E19/><V87/><F87/><W82/><G82/><T97/><D28/><U107/><E32/><V57/><F57/><W26/><REACH who="3" step="1"/><G70/><REACH who="3" ten="220,257,31,482" step="2"/><T59/><D81/><U125/><E125/><V100/><F100/><AGARI ba="1,1" hai="16,21,22,23,26,52,54,55,63,66,69,92,99,100" machi="100" ten="40,12000,1" yaku="1,1,2,1,54,2,53,0" doraHai="115" doraHaiUra="11" who="3" fromWho="2" sc="220,0,257,0,31,-123,482,133" owari="220,-18.0,257,5.7,-92,-59.2,615,71.5" /></mjloggm>