<mjloggm ver="2.3"><GO type="169" lobby="0"/><UN n0="%E5%90%83%E8%B2%A8%E5%B0%8F%E5%8C%97%E5%8C%97" n1="%E3%83%9C%E3%82%A4%E3%83%AD%E5%B0%86%E6%A3%8B%E9%83%A8%E5%93%A1" n2="%E6%81%8B%E3%81%AE%E3%81%86%E3%81%9F" n3="%E3%83%9E%E3%82%B9%E3%82%BF%E3%83%BC%E3%83%93%E3%83%BC%E3%83%AB" dan="18,17,17,16" rate="2300.45,2188.49,2222.40,2195.89" sx="M,M,M,M"/><TAIKYOKU oya="0"/><INIT seed="0,0,0,0,2,2" ten="250,250,250,250" oya="0" hai0="29,8,21,58,121,14,19,24,15,20,35,119,71" hai1="134,81,17,133,63,46,5,110,23,69,124,91,61" hai2="67,85,51,132,4,89,120,129,55,90,123,72,3" hai3="27,78,128,0,113,95,25,66,7,111,109,48,79"/><T36/><D71/><U83/><E110/><N who="3" m="41994" /><G113/><T41/><D119/><U18/><E124/><V107/><F72/><W127/><G127/><T64/><D121/><U56/><E46/><V57/><F107/><W87/><G128/><T45/><D64/><N who="1" m="41119" /><E91/><V88/><F132/><N who="1" m="50793" /><E5/><V125/><F125/><W77/><G66/><T102/><D102/><U101/><E101/><V93/><F129/><W52/><G95/><T11/><REACH who="0" step="1"/><D58/><REACH who="0" ten="240,250,250,250" step="2"/><U103/><E103/><V6/><F120/><W32/><G32/><T98/><D98/><U130/><E130/><V106/><F123/><W96/><G96/><T54/><D54/><N who="1" m="33943" /><E17/><AGARI ba="0,1" hai="8,11,14,15,17,19,20,21,24,29,35,36,41,45" machi="17" ten="30,11600,0" yaku="1,1,7,1,9,1,53,1" doraHai="2" doraHaiUra="22" who="0" fromWho="1" sc="240,126,250,-116,250,0,250,0" /><INIT seed="0,1,0,3,5,123" ten="366,134,250,250" oya="0" hai0="19,61,95,112,110,25,108,50,75,46,68,135,73" hai1="127,31,41,89,98,105,47,27,34,117,35,22,116" hai2="97,43,120,87,81,52,91,10,36,70,21,60,63" hai3="125,2,99,86,128,3,122,102,129,84,83,1,109"/><T23/><D112/><U37/><E127/><V18/><F120/><W124/><G122/><T72/><D135/><U92/><REACH who="1" step="1"/><E105/><REACH who="1" ten="366,124,250,250" step="2"/><V101/><F70/><W40/><G125/><T30/><D95/><U131/><E131/><V88/><F36/><W100/><G124/><T55/><REACH who="0" step="1"/><D30/><REACH who="0" ten="356,124,250,250" step="2"/><U80/><E80/><V121/><F121/><W39/><G83/><T11/><D11/><U56/><E56/><V134/><F10/><W58/><G58/><T85/><D85/><U90/><E90/><V24/><F91/><W15/><G86/><T74/><D74/><U26/><E26/><V44/><F134/><W7/><G84/><T67/><AGARI ba="1,2" hai="19,23,25,46,50,55,61,67,68,72,73,75,108,110" machi="67" ten="40,18000,2" yaku="1,1,0,1,52,2,53,3" doraHai="123" doraHaiUra="104" who="0" fromWho="0" sc="356,203,124,-61,250,-61,250,-61" /><INIT seed="0,2,0,3,1,17" ten="559,63,189,189" oya="0" hai0="103,79,42,24,4,33,117,106,38,87,68,128,61" hai1="32,78,60,66,59,27,95,14,111,71,116,37,39" hai2="44,6,115,93,69,82,119,40,110,123,48,65,53" hai3="1,49,21,72,15,75,126,91,29,51,76,73,101"/><T28/><D128/><U35/><E116/><V56/><F123/><W89/><G126/><T12/><D117/><U112/><E111/><V13/><F119/><W54/><G1/><T18/><D4/><U121/><E121/><V20/><F110/><W109/><G109/><T58/><D38/><U74/><E112/><V120/><F120/><W3/><G3/><T97/><D42/><U16/><E95/><V132/><F132/><W84/><G101/><T124/><D124/><U50/><E74/><V102/><F69/><W127/><G127/><T46/><D46/><U57/><E78/><V45/><F65/><W100/><G100/><T62/><D58/><U118/><E118/><V64/><F64/><W7/><G51/><T130/><D130/><U36/><E27/><V63/><F44/><W92/><G7/><T11/><D68/><U8/><REACH who="1" step="1"/><E59/><REACH who="1" ten="559,53,189,189" step="2"/><V122/><F122/><W23/><G76/><T67/><D79/><U34/><E34/><V129/><F129/><W133/><G75/><T86/><D33/><U19/><E19/><N who="2" m="10351" /><F115/><W22/><G73/><T81/><D24/><U52/><AGARI ba="2,1" hai="8,14,16,32,35,36,37,39,50,52,57,60,66,71" machi="52" ten="40,8000,1" yaku="1,1,0,1,54,2,53,1" doraHai="17" doraHaiUra="5" who="1" fromWho="1" sc="559,-42,53,96,189,-22,189,-22" /><INIT seed="1,0,0,5,5,102" ten="517,149,167,167" oya="1" hai0="25,92,24,49,50,73,31,83,57,58,116,60,103" hai1="129,6,70,124,23,114,43,110,34,33,99,93,18" hai2="21,1,27,87,22,51,12,101,44,88,36,2,82" hai3="85,98,16,54,91,127,19,42,20,126,46,107,86"/><U40/><E114/><V122/><F36/><W104/><G54/><T128/><D116/><U69/><E6/><V35/><F122/><W56/><G56/><T81/><D73/><U72/><E72/><V66/><F35/><W119/><G86/><T53/><D128/><U11/><E11/><V68/><F101/><W118/><G98/><N who="0" m="59847" /><D49/><U112/><E112/><V17/><F68/><W39/><G19/><T95/><D95/><U55/><E129/><V37/><F37/><W15/><G118/><T75/><D75/><U121/><E121/><V77/><F66/><W135/><G135/><T125/><D125/><N who="3" m="47625" /><G119/><T29/><D25/><U76/><E124/><V3/><F77/><W100/><G100/><T133/><D133/><U71/><E76/><V32/><F32/><W109/><G109/><T41/><D41/><U38/><E33/><V108/><F108/><W4/><G4/><T63/><D50/><U45/><E34/><V111/><F111/><W14/><G15/><T130/><D130/><U134/><E110/><V90/><F90/><W113/><G113/><T132/><D132/><U65/><E134/><V9/><REACH who="2" step="1"/><F27/><REACH who="2" ten="517,149,157,167" step="2"/><W52/><G52/><AGARI ba="0,1" hai="1,2,3,9,12,17,21,22,44,51,52,82,87,88" machi="52" ten="40,12000,2" yaku="1,1,2,1,25,2,54,2,53,1" doraHai="102" doraHaiUra="5" who="2" fromWho="3" sc="517,0,149,0,157,130,167,-120" /><INIT seed="2,0,0,1,4,2" ten="517,149,287,47" oya="2" hai0="42,57,23,61,64,104,6,114,116,54,1,79,26" hai1="111,16,4,46,131,132,121,69,129,109,73,67,123" hai2="119,72,66,107,28,120,3,63,100,84,112,39,40" hai3="117,76,20,122,82,125,128,98,97,85,24,45,108"/><V49/><F119/><W71/><G122/><N who="1" m="46602" /><E73/><V93/><F120/><W56/><G117/><T58/><D104/><U21/><BYE who="3" /><E46/><UN n3="%E3%83%9E%E3%82%B9%E3%82%BF%E3%83%BC%E3%83%93%E3%83%BC%E3%83%AB" /><V14/><F3/><W19/><G125/><T134/><D116/><U10/><E67/><V87/><F112/><W74/><G71/><T37/><D114/><U115/><E132/><V13/><F72/><W127/><G108/><N who="1" m="41546" /><E69/><V33/><F39/><W41/><G127/><T118/><D134/><U29/><E29/><V110/><F28/><W15/><G128/><N who="1" m="49226" /><E115/><V113/><F113/><W78/><G56/><T38/><D64/><U59/><E59/><V25/><F110/><W86/><G74/><T51/><D57/><U101/><E101/><V92/><F100/><W35/><G35/><T48/><D58/><U60/><E60/><V80/><F63/><W133/><G133/><T90/><D61/><U30/><E30/><V70/><F66/><W43/><G45/><T17/><D37/><U95/><E95/><V106/><F70/><W65/><G65/><T47/><D38/><U44/><E44/><V102/><F102/><W83/><REACH who="3" step="1"/><G24/><REACH who="3" ten="517,149,287,37" step="2"/><T130/><D26/><N who="1" m="14631" /><E10/><V11/><F11/><W81/><G81/><T22/><D47/><U34/><E34/><V89/><F33/><W7/><G7/><AGARI ba="0,1" hai="4,7" m="14631,49226,41546,46602" machi="7" ten="40,16000,3" yaku="13,1,14,1,19,1,34,2,52,2,54,1" doraHai="2" who="1" fromWho="3" sc="517,0,149,170,287,0,37,-160" owari="517,61.7,319,11.9,287,-11.3,-123,-62.3" /></mjloggm>