<mjloggm ver="2.3"><GO type="169" lobby="0"/><UN n0="%E6%A3%AE%E5%B1%B1%E7%94%B0%E7%9B%B4%E5%A4%AA%E6%9C%97%E4%B9%8B%E4%BB%8B" n1="%61%6B%69%62%61%62%61%6E" n2="%E3%81%AA%E3%81%8B%E3%81%AE%E3%81%86%E3%81%88" n3="%E3%81%8F%E3%82%8B%E3%82%8B" dan="16,17,16,18" rate="2176.21,2152.95,2173.22,2276.91" sx="M,M,M,F"/><TAIKYOKU oya="0"/><INIT seed="0,0,0,1,5,8" ten="250,250,250,250" oya="0" hai0="53,54,102,19,62,15,86,129,77,73,37,88,91" hai1="29,84,128,7,79,5,97,134,12,68,116,122,23" hai2="51,52,113,110,17,111,127,47,72,30,61,49,0" hai3="35,89,40,114,107,45,38,10,67,83,6,33,41"/><T81/><D129/><U42/><E116/><V80/><F0/><W74/><G114/><T39/><D102/><U66/><E122/><V55/><F30/><W56/><G107/><T3/><D3/><U18/><E128/><V31/><F31/><W126/><G126/><T82/><D91/><U43/><E134/><V44/><F113/><W131/><G131/><T93/><D82/><U125/><E125/><V123/><F127/><W120/><G120/><T1/><D1/><U34/><E97/><V112/><F112/><W24/><G40/><T2/><D2/><U106/><E106/><V101/><F123/><W135/><G135/><T16/><D19/><U85/><E66/><V59/><F101/><W115/><G24/><T104/><D104/><U65/><E65/><V63/><F17/><W78/><G89/><T21/><REACH who="0" step="1"/><D62/><REACH who="0" ten="240,250,250,250" step="2"/><U76/><E5/><V69/><F80/><W109/><G6/><T50/><D50/><U124/><E7/><V100/><F100/><W26/><G83/><T117/><D117/><U32/><E124/><V99/><F63/><W71/><G115/><T48/><D48/><U46/><E18/><V13/><F61/><W94/><G38/><AGARI ba="0,1" hai="15,16,21,37,38,39,53,54,73,77,81,86,88,93" machi="38" ten="40,12000,1" yaku="1,1,52,1,54,2,53,0" doraHai="8" doraHaiUra="103" who="0" fromWho="3" sc="240,130,250,0,250,0,250,-120" /><INIT seed="0,1,0,0,5,24" ten="370,250,250,130" oya="0" hai0="118,3,95,51,20,8,75,76,79,120,128,54,91" hai1="87,122,121,12,32,102,116,124,55,9,29,25,47" hai2="103,63,83,41,81,59,6,125,108,60,15,107,43" hai3="70,96,62,7,111,104,16,45,94,98,21,101,73"/><T93/><D120/><U78/><E116/><V50/><F108/><W53/><G73/><T5/><D118/><U123/><E124/><V10/><F107/><W129/><G111/><T58/><D128/><U67/><E67/><V27/><F103/><W1/><G129/><T11/><D75/><U22/><E102/><V115/><F115/><W39/><G1/><T132/><D132/><U19/><E47/><N who="2" m="25967" /><F43/><W74/><G7/><T77/><D11/><U100/><E100/><V113/><F113/><W38/><G74/><T0/><D0/><U130/><E130/><V31/><F63/><W48/><G98/><T110/><D110/><U131/><E131/><V35/><F35/><W71/><G104/><T112/><D112/><U36/><E36/><V97/><F97/><W80/><G80/><N who="2" m="30793" /><F27/><W56/><G39/><T85/><D95/><U40/><E40/><V99/><F99/><W127/><G127/><T14/><REACH who="0" step="1"/><D77/><REACH who="0" ten="360,250,250,130" step="2"/><U26/><E78/><V105/><F105/><W134/><G134/><T133/><D133/><U88/><E121/><V72/><F72/><W30/><G38/><T126/><D126/><U28/><E55/><N who="2" m="33919" /><F125/><W34/><G94/><AGARI ba="1,1" hai="9,12,19,22,25,26,28,29,32,87,88,94,122,123" machi="94" ten="30,7700,0" yaku="7,1,52,2,54,1" doraHai="24" who="1" fromWho="3" sc="360,0,250,90,250,0,130,-80" /><INIT seed="1,0,0,0,0,124" ten="360,340,250,50" oya="1" hai0="101,131,97,30,93,115,53,128,111,49,132,54,48" hai1="34,4,32,44,11,105,1,20,72,79,98,119,33" hai2="120,104,71,0,123,90,19,99,35,57,116,121,3" hai3="16,2,130,5,96,68,117,113,64,29,25,8,114"/><U112/><E112/><V75/><F116/><W56/><G117/><T122/><D115/><U47/><E119/><V74/><F71/><W52/><G68/><T38/><D38/><U21/><E21/><V58/><F35/><W12/><G64/><T73/><D73/><U13/><E20/><V108/><F108/><W66/><G66/><T23/><D111/><U62/><E62/><V82/><F19/><W76/><G76/><T69/><D69/><U134/><E134/><V88/><F99/><W77/><G96/><T65/><D65/><U28/><E13/><V15/><F15/><W40/><G40/><T26/><D132/><U92/><E105/><V22/><F22/><N who="3" m="11527" /><G77/><T129/><D122/><U60/><E28/><V7/><F123/><W95/><G95/><T126/><D126/><U94/><E60/><V6/><REACH who="2" step="1"/><F82/><REACH who="2" ten="360,340,240,50" step="2"/><W63/><G130/><T41/><D131/><U50/><E98/><V36/><F36/><W27/><G27/><T127/><D127/><U102/><E102/><V55/><F55/><W89/><G89/><T106/><D106/><AGARI ba="0,1" hai="0,3,6,7,57,58,74,75,88,90,104,106,120,121" machi="106" ten="25,6400,0" yaku="1,1,22,2,54,1,53,0" doraHai="124" doraHaiUra="24" who="2" fromWho="0" sc="360,-64,340,0,240,74,50,0" /><INIT seed="2,0,0,4,2,13" ten="296,340,314,50" oya="2" hai0="7,67,16,58,91,23,90,129,8,11,3,50,109" hai1="60,24,36,5,48,73,61,4,63,14,37,64,74" hai2="81,113,96,131,52,46,130,69,80,78,43,127,31" hai3="75,49,128,38,101,112,26,97,62,51,15,118,122"/><V56/><F69/><W94/><G122/><T59/><D129/><N who="2" m="49162" /><F113/><W100/><G38/><T57/><D109/><U44/><E24/><V76/><F127/><W77/><G112/><T17/><D67/><U71/><E71/><V124/><F124/><W117/><G128/><T41/><D8/><U98/><E64/><V72/><F31/><W55/><G101/><T102/><D102/><U30/><E30/><V89/><F89/><W1/><G1/><T29/><D29/><U83/><E98/><V107/><F96/><W92/><G92/><T32/><D32/><U20/><E4/><V95/><F95/><W66/><G26/><T40/><D17/><U33/><E33/><V119/><F119/><W135/><G135/><T114/><D114/><U116/><E116/><V120/><F107/><W54/><G117/><T82/><D50/><U85/><E36/><N who="2" m="21863" /><F120/><W88/><G100/><T110/><D110/><U10/><E37/><V27/><F27/><W126/><G126/><T93/><D82/><N who="2" m="31850" /><F72/><W87/><G75/><T35/><D35/><U42/><E42/><V79/><F79/><W106/><G106/><T125/><D125/><U34/><E34/><V45/><F45/><W0/><G97/><N who="0" m="57527" /><D91/><N who="1" m="51647" /><E74/><V25/><F25/><W39/><G118/><T105/><D105/><U104/><E104/><V21/><F21/><W65/><G39/><T19/><D23/><U84/><E20/><V22/><F22/><W68/><G68/><T133/><D133/><U6/><E73/><V111/><F111/><W123/><G123/><T132/><D132/><U28/><E28/><V99/><F99/><RYUUKYOKU ba="0,0" sc="296,15,340,-15,314,15,50,-15" hai0="3,7,11,16,19,40,41,57,58,59" hai2="52,56,76,78" /><INIT seed="2,1,0,0,1,60" ten="311,325,329,35" oya="2" hai0="15,104,92,44,12,85,3,46,71,24,78,107,135" hai1="65,28,70,0,116,113,21,93,81,51,86,14,54" hai2="22,32,129,53,98,124,66,100,102,114,133,134,111" hai3="121,7,13,83,125,101,36,57,4,47,17,90,94"/><V52/><F32/><W127/><G121/><T79/><D71/><U75/><E116/><V55/><F114/><W6/><G101/><T50/><D3/><U11/><E113/><V84/><F124/><N who="3" m="47691" /><G83/><T31/><D135/><N who="2" m="51722" /><F129/><W69/><G69/><T126/><D126/><U39/><E39/><V103/><F111/><W105/><G105/><T117/><D117/><U42/><E42/><V132/><N who="2" m="51730" /><V91/><DORA hai="45" /><F22/><N who="3" m="11567" /><G57/><T58/><D58/><U35/><E35/><V106/><F66/><W76/><G76/><N who="0" m="29227" /><D107/><U20/><E75/><V72/><F72/><W62/><G62/><T63/><D104/><U130/><E70/><V108/><F108/><W2/><G2/><T49/><D63/><U27/><E0/><V26/><F26/><W41/><G4/><T1/><D1/><U64/><E130/><V34/><F34/><W115/><G115/><T61/><D61/><U10/><E65/><V95/><AGARI ba="1,0" hai="52,53,55,84,91,95,98,100,102,103,106" m="51730" machi="95" ten="50,4800,0" yaku="20,1,54,1" doraHai="60,45" who="2" fromWho="2" sc="311,-17,325,-17,329,51,35,-17" /><INIT seed="2,2,0,2,0,98" ten="294,308,380,18" oya="2" hai0="124,85,26,86,100,94,20,37,4,15,11,19,56" hai1="104,120,18,9,95,1,133,61,52,32,47,117,112" hai2="79,114,36,10,8,109,17,126,55,25,0,63,73" hai3="40,48,54,27,58,99,70,82,66,21,121,13,123"/><V30/><F114/><W128/><G128/><T101/><D37/><U84/><E117/><V2/><F36/><W116/><G116/><T38/><D38/><U102/><E112/><V81/><F126/><W75/><G40/><T96/><D124/><U23/><E32/><V65/><F55/><W50/><G48/><T74/><D74/><U60/><E133/><V76/><F76/><W71/><G13/><T46/><D46/><U16/><E104/><V92/><F109/><W39/><G39/><T53/><REACH who="0" step="1"/><D101/><REACH who="0" ten="284,308,380,18" step="2"/><U118/><E118/><V6/><F73/><W67/><G121/><T59/><D59/><U108/><E120/><V78/><F2/><W3/><G123/><T43/><D43/><U62/><E108/><V45/><F45/><W135/><G135/><T125/><D125/><U103/><E1/><V7/><F0/><W93/><G3/><T134/><D134/><U107/><E107/><V119/><F119/><W106/><G106/><T34/><D34/><U88/><E47/><V5/><F5/><W12/><G70/><T115/><D115/><U44/><E44/><V77/><F7/><W131/><G71/><T51/><AGARI ba="2,1" hai="4,11,15,19,20,26,51,53,56,85,86,94,96,100" machi="51" ten="20,8000,1" yaku="1,1,0,1,7,1,8,1,52,1,53,0" doraHai="98" doraHaiUra="129" who="0" fromWho="0" sc="284,96,308,-22,380,-42,18,-22" owari="380,48.0,286,-11.4,338,13.8,-4,-50.4" /></mjloggm>