<mjloggm ver="2.3"><GO type="169" lobby="0"/><UN n0="%E9%BB%84%E6%9D%91%E5%85%88%E7%94%9F" n1="%48%65%69%68%65%69%30%35" n2="%74%6F%72%69%30%36%31%32" n3="%E3%81%BE%E3%81%A1%E3%82%83" dan="16,16,18,16" rate="2111.78,2039.54,2172.83,2053.35" sx="M,M,M,F"/><TAIKYOKU oya="0"/><INIT seed="0,0,0,1,5,52" ten="250,250,250,250" oya="0" hai0="51,3,74,0,33,6,50,128,110,14,29,134,20" hai1="24,119,27,99,25,17,62,46,111,15,2,91,63" hai2="77,130,56,35,89,114,82,107,36,124,90,18,75" hai3="30,101,133,49,4,61,103,131,32,88,12,87,26"/><T38/><D38/><U73/><E119/><V21/><F35/><W112/><G131/><T98/><D74/><U13/><E73/><V55/><F114/><W66/><G133/><T41/><D134/><U122/><E122/><V85/><F124/><W97/><G112/><T105/><D128/><U11/><E2/><V135/><F130/><W22/><G49/><T71/><D71/><U108/><E46/><V34/><F34/><W79/><G79/><T23/><D105/><U58/><E13/><V47/><F107/><W16/><G97/><T39/><D39/><U64/><E99/><V19/><F135/><W93/><REACH who="3" step="1"/><G4/><REACH who="3" ten="250,250,250,240" step="2"/><T9/><D98/><U80/><REACH who="1" step="1"/><E62/><REACH who="1" ten="250,240,250,240" step="2"/><N who="2" m="36127" /><F75/><W96/><G96/><T76/><D51/><U100/><E100/><V42/><F36/><W126/><G126/><T116/><D50/><U95/><E95/><V113/><F113/><W83/><G83/><T37/><D37/><U102/><E102/><V31/><F47/><W109/><G109/><T92/><D92/><U68/><E68/><AGARI ba="0,2" hai="12,16,22,26,30,32,61,66,68,87,88,93,101,103" machi="68" ten="30,7700,0" yaku="1,1,7,1,54,2,53,0" doraHai="52" doraHaiUra="132" who="3" fromWho="1" sc="250,0,240,-77,250,0,240,97" /><INIT seed="1,0,0,5,1,102" ten="250,163,250,337" oya="1" hai0="103,126,52,22,45,23,121,13,9,91,89,131,34" hai1="50,3,101,106,38,69,41,75,93,1,29,25,80" hai2="62,59,83,18,61,53,113,16,135,33,11,31,107" hai3="98,26,84,94,87,127,82,19,57,65,46,119,100"/><U76/><E93/><V96/><F83/><W124/><G46/><T35/><D131/><U10/><E50/><V125/><F125/><N who="3" m="48203" /><G19/><T115/><D115/><U128/><E128/><V28/><F113/><W64/><G26/><T40/><D126/><U5/><E1/><V14/><F135/><W105/><G57/><T122/><D34/><U88/><E88/><N who="0" m="33865" /><D35/><N who="1" m="20911" /><E69/><V37/><F37/><W114/><G114/><T44/><D103/><U39/><E41/><V54/><F18/><W86/><G65/><T0/><D0/><U21/><E21/><V134/><F134/><W70/><G64/><T43/><D44/><U120/><E120/><N who="0" m="46185" /><D43/><U42/><E42/><V130/><F130/><W32/><G32/><T81/><D81/><U60/><E60/><V79/><F33/><W30/><G70/><T55/><D23/><U110/><E110/><V7/><F62/><W66/><G66/><T20/><D22/><U117/><E117/><V78/><F54/><W132/><G132/><T58/><D58/><U8/><E8/><V27/><F31/><W36/><G82/><T63/><D20/><U77/><E76/><N who="2" m="29227" /><F28/><W133/><G30/><T104/><D63/><U97/><AGARI ba="0,0" hai="3,5,10,38,39,75,77,80,97,101,106" m="20911" machi="97" ten="30,6000,0" yaku="33,2,52,1" doraHai="102" who="1" fromWho="1" sc="250,-20,163,60,250,-20,337,-20" /><INIT seed="1,1,0,5,3,86" ten="230,223,230,317" oya="1" hai0="36,47,107,105,79,127,22,74,108,66,106,5,72" hai1="82,84,41,27,35,49,15,97,114,130,131,90,75" hai2="19,77,112,93,8,81,117,30,37,45,51,120,94" hai3="60,59,98,4,87,134,13,109,0,39,67,21,121"/><U96/><E114/><V28/><F37/><W26/><G121/><T14/><D108/><U125/><E75/><V12/><F117/><W69/><G39/><T100/><D66/><U57/><E125/><V34/><F120/><W63/><G109/><T38/><D127/><U126/><E126/><V80/><F80/><W71/><G0/><T53/><D100/><U89/><E15/><V88/><F94/><W18/><G134/><T132/><D132/><U10/><E10/><V2/><F34/><W95/><G87/><T24/><D38/><U135/><E135/><V43/><F2/><W122/><G122/><T104/><D104/><U62/><E35/><V46/><F46/><W65/><G4/><T119/><D79/><U3/><E27/><V61/><F61/><W123/><G123/><T118/><D14/><U103/><E3/><V128/><F128/><N who="1" m="49193" /><E103/><V33/><F33/><W29/><G59/><T83/><D5/><U99/><E41/><V9/><F9/><W55/><G55/><T58/><D72/><U129/><E49/><V70/><F70/><W56/><G56/><T50/><D36/><U85/><N who="1" m="49201" /><U1/><DORA hai="31" /><E1/><V54/><F43/><W102/><REACH who="3" step="1"/><G13/><REACH who="3" ten="230,223,230,307" step="2"/><T25/><D58/><U17/><E84/><N who="2" m="48175" /><F112/><W7/><G7/><T64/><D74/><U20/><E85/><AGARI ba="1,1" hai="8,12,19,28,30,45,51,54,85,88,93" m="48175" machi="85" ten="30,3900,0" yaku="8,1,52,1,54,1" doraHai="86,31" who="2" fromWho="1" sc="230,0,223,-42,230,52,307,0" /><INIT seed="2,0,0,0,5,43" ten="230,181,282,307" oya="2" hai0="118,5,88,11,4,33,17,124,36,24,93,22,3" hai1="132,116,106,28,127,103,111,72,59,74,54,15,69" hai2="122,62,58,68,51,110,97,53,102,37,55,101,135" hai3="100,67,113,25,83,49,60,23,56,71,84,0,112"/><V123/><F135/><W38/><G38/><T109/><D109/><U66/><E116/><V80/><F37/><W96/><G0/><T104/><D104/><U95/><E111/><V121/><F110/><W50/><G71/><T26/><D118/><U92/><E132/><V108/><F108/><W1/><G1/><T61/><D124/><U64/><E69/><V130/><F130/><W73/><G73/><T85/><D36/><U10/><E106/><V119/><F119/><W105/><G112/><T133/><D133/><U20/><E74/><V39/><F39/><W114/><G114/><T14/><D61/><U2/><E72/><V94/><F80/><W77/><REACH who="3" step="1"/><G113/><REACH who="3" ten="230,181,282,297" step="2"/><T52/><D3/><U48/><E2/><V12/><F68/><W98/><G98/><T131/><D131/><U120/><E120/><V115/><F115/><W21/><G21/><T19/><D33/><U81/><E127/><V32/><F32/><W42/><G42/><T90/><D22/><U63/><E20/><V44/><REACH who="2" step="1"/><F12/><REACH who="2" ten="230,181,272,297" step="2"/><W30/><AGARI ba="0,2" hai="23,25,30,49,50,56,60,67,77,83,84,96,100,105" machi="30" ten="20,5200,0" yaku="1,1,0,1,7,1,53,1" doraHai="43" doraHaiUra="75" who="3" fromWho="3" sc="230,-13,181,-13,272,-26,297,72" /><INIT seed="3,0,0,5,3,13" ten="217,168,246,369" oya="3" hai0="42,83,47,52,68,130,29,116,103,11,133,81,5" hai1="7,37,0,110,50,78,64,40,58,4,61,16,33" hai2="10,79,66,93,8,20,57,123,126,22,112,32,54" hai3="118,25,76,71,89,3,12,82,63,127,23,2,101"/><W134/><G118/><T96/><D116/><U77/><E33/><V34/><F66/><W119/><G119/><T43/><D68/><U19/><E0/><V51/><F112/><W56/><G71/><T135/><D130/><U70/><E110/><V28/><F79/><N who="1" m="30217" /><E37/><V100/><F126/><W39/><G39/><T69/><D69/><U26/><E70/><V41/><F34/><W117/><G117/><T124/><D29/><U9/><E26/><N who="2" m="16471" /><F32/><W35/><G134/><N who="0" m="51211" /><D124/><U113/><E113/><V38/><F38/><W24/><G24/><T84/><D84/><U129/><E129/><V131/><F123/><W106/><G35/><T1/><D52/><U21/><E21/><V60/><F20/><W88/><G12/><T31/><D31/><U45/><E9/><V90/><F10/><W74/><G2/><T6/><D6/><AGARI ba="0,0" hai="4,6,7,16,19,40,45,50,58,61,64" m="30217" machi="6" ten="30,7700,0" yaku="8,1,52,2,54,1" doraHai="13" who="1" fromWho="0" sc="217,-77,168,77,246,0,369,0" /><INIT seed="4,0,0,2,5,103" ten="140,245,246,369" oya="0" hai0="57,26,66,46,130,115,58,60,83,41,49,104,111" hai1="65,9,23,21,89,116,19,52,114,91,112,126,135" hai2="100,68,120,20,71,109,61,7,39,48,34,33,2" hai3="88,62,63,45,78,16,92,132,3,72,94,129,17"/><T98/><D115/><N who="1" m="44075" /><E116/><V47/><F20/><W134/><G3/><T11/><D130/><U28/><E65/><N who="2" m="41007" /><F48/><W97/><G129/><T8/><D111/><U42/><E42/><N who="2" m="23007" /><F120/><W131/><G45/><T36/><D83/><U86/><E135/><V25/><F25/><W59/><G63/><T12/><D26/><N who="1" m="16463" /><E126/><V99/><F71/><W81/><G131/><T74/><D74/><U54/><E9/><N who="2" m="2295" /><F109/><W75/><G75/><T127/><D127/><U93/><E89/><V73/><F73/><W80/><G80/><T24/><D24/><AGARI ba="0,0" hai="19,23,24,52,54,86,91,93" m="16463,44075" machi="24" ten="30,3900,0" yaku="15,1,11,1,54,1" doraHai="103" who="1" fromWho="0" sc="140,-39,245,39,246,0,369,0" /><INIT seed="5,0,0,4,5,109" ten="101,284,246,369" oya="1" hai0="54,78,76,107,94,44,21,56,42,8,0,72,128" hai1="105,127,55,112,13,125,40,20,75,68,19,85,15" hai2="59,106,130,88,26,93,110,122,43,5,74,57,123" hai3="95,82,113,47,36,103,46,4,7,51,12,96,129"/><U45/><E68/><V135/><F110/><W33/><G33/><T35/><D35/><U117/><E117/><V81/><F106/><W121/><G121/><T124/><D107/><U133/><E75/><V37/><F5/><W49/><G36/><T70/><D70/><U3/><E105/><V86/><F130/><W50/><G113/><T119/><D119/><U27/><E3/><V52/><F59/><W48/><G129/><T60/><D124/><N who="1" m="47691" /><E112/><V22/><F135/><W10/><G47/><T114/><D128/><U62/><E85/><V16/><F43/><N who="3" m="24671" /><G82/><T31/><D94/><U120/><E133/><V118/><F37/><W69/><G69/><T115/><D76/><U63/><E120/><V30/><F118/><W80/><G80/><T18/><D31/><U41/><E55/><V89/><F30/><W29/><G29/><T97/><D97/><U67/><E67/><V65/><F65/><W2/><G2/><T61/><D78/><U116/><E40/><V104/><F104/><W101/><G4/><T38/><D72/><U34/><E116/><V87/><F74/><W17/><G7/><T73/><D73/><U84/><E84/><V99/><F87/><W25/><G25/><T126/><D126/><U9/><E27/><V91/><REACH who="2" step="1"/><F89/><AGARI ba="0,0" hai="10,12,17,49,50,51,89,95,96,101,103" m="24671" machi="89" ten="30,1000,0" yaku="8,1" doraHai="109" who="3" fromWho="2" sc="101,0,284,0,246,-10,369,10" /><INIT seed="6,0,0,1,3,33" ten="101,284,236,379" oya="2" hai0="11,30,71,38,84,92,120,103,13,85,73,46,79" hai1="78,128,48,52,82,67,4,25,0,70,97,63,27" hai2="96,109,56,127,101,55,18,90,129,135,66,75,112" hai3="35,81,104,34,2,19,45,57,107,37,64,1,49"/><V23/><F75/><W16/><G37/><T26/><D120/><U15/><E128/><V131/><F112/><W125/><G81/><T42/><D71/><U86/><E15/><V108/><F66/><W68/><G57/><T6/><D73/><U116/><E116/><V111/><F90/><W91/><G91/><T114/><D114/><U3/><E97/><V51/><F127/><W93/><G93/><T69/><D69/><U62/><E62/><V88/><F88/><W117/><G68/><T14/><D103/><U76/><E76/><V130/><F135/><W126/><G49/><T102/><D102/><U83/><E82/><V9/><F9/><W121/><G45/><T99/><D99/><U74/><E4/><V28/><F28/><W110/><G110/><T98/><D98/><U87/><E86/><V94/><REACH who="2" step="1"/><F111/><REACH who="2" ten="101,284,226,379" step="2"/><W113/><G64/><T5/><D79/><U44/><E74/><V53/><F53/><W115/><G117/><T105/><D105/><U123/><E123/><AGARI ba="0,1" hai="1,2,16,19,34,35,104,107,113,115,121,123,125,126" machi="123" ten="25,8000,1" yaku="22,2,52,2,54,1" doraHai="33" who="3" fromWho="1" sc="101,0,284,-80,226,0,379,90" /><INIT seed="7,0,0,3,2,125" ten="101,204,226,469" oya="3" hai0="36,130,73,84,102,77,7,29,21,91,61,16,119" hai1="68,17,131,124,110,81,112,47,126,25,94,97,98" hai2="79,27,99,95,57,85,56,128,71,60,24,54,105" hai3="11,51,122,0,121,111,115,67,32,43,86,123,63"/><W104/><G104/><T13/><D119/><U58/><E110/><V5/><F71/><W1/><G32/><T89/><D36/><U101/><E68/><V69/><F69/><W132/><G86/><T3/><D102/><U2/><E2/><V129/><F5/><W74/><G74/><T49/><D73/><U82/><E47/><V41/><F41/><W134/><G115/><T23/><D61/><U127/><E112/><V18/><F105/><W15/><G111/><T118/><D118/><U83/><E58/><V107/><F107/><W31/><G31/><T78/><D89/><N who="1" m="55503" /><E17/><V64/><F18/><N who="3" m="8575" /><G51/><T120/><D120/><U62/><E62/><V30/><F57/><N who="3" m="37359" /><G43/><T108/><D108/><U133/><E25/><V59/><F27/><W38/><G38/><T66/><D66/><U6/><E6/><V40/><F40/><W9/><G9/><T8/><D49/><U135/><E131/><N who="2" m="50251" /><F59/><W76/><G1/><T88/><D130/><U52/><E52/><V103/><F54/><W22/><G0/><T12/><D91/><U75/><E75/><V34/><F79/><W4/><G76/><T14/><D3/><U55/><E55/><V92/><F85/><W19/><G4/><T70/><D70/><U26/><E26/><V50/><F50/><W37/><G37/><T42/><D42/><U20/><E20/><V87/><F87/><W113/><G123/><T33/><D33/><U39/><E39/><V10/><F10/><W48/><G122/><T100/><D100/><U65/><E65/><V80/><F80/><N who="1" m="20481" /><U90/><DORA hai="28" /><E101/><V53/><F64/><RYUUKYOKU ba="0,0" sc="101,-15,204,15,226,15,469,-15" hai1="90,98,124,126,127,133,135" hai2="24,30,34,53,56,60,92,95,99,103" owari="86,-41.4,219,-18.1,241,4.1,454,55.4" /></mjloggm>