<mjloggm ver="2.3"><GO type="169" lobby="0"/><UN n0="%E3%82%BF%E3%83%9E%E3%83%8D%E3%82%AE" n1="%41%63%75%6E%61%4A%72" n2="%E3%83%9F%E3%82%B2%E3%83%BC%E3%83%AB%E6%94%B9" n3="%E4%B8%89%E5%8D%81%E7%94%BB%E7%94%9F" dan="18,17,16,16" rate="2277.50,2248.61,2222.62,2114.41" sx="M,M,M,M"/><TAIKYOKU oya="0"/><INIT seed="0,0,0,4,0,63" ten="250,250,250,250" oya="0" hai0="80,68,109,12,6,71,108,69,58,115,93,13,36" hai1="90,30,33,56,94,105,26,81,59,92,97,129,57" hai2="15,44,24,39,43,103,53,10,64,74,55,113,2" hai3="128,20,23,112,22,100,37,67,14,46,91,75,88"/><T65/><D115/><U95/><E129/><V25/><F2/><W11/><G112/><T17/><D36/><U123/><E123/><V132/><F74/><W85/><G75/><T1/><D80/><U79/><REACH who="1" step="1"/><E105/><REACH who="1" ten="250,240,250,250" step="2"/><V45/><F113/><W3/><G128/><T18/><D108/><U73/><AGARI ba="0,1" hai="26,30,33,56,57,59,73,79,81,90,92,94,95,97" machi="73" ten="30,4000,0" yaku="1,1,2,1,0,1,53,0" doraHai="63" doraHaiUra="34" who="1" fromWho="1" sc="250,-20,240,50,250,-10,250,-10" /><INIT seed="1,0,0,2,2,65" ten="230,290,240,240" oya="1" hai0="113,25,61,31,14,17,8,125,109,54,10,83,117" hai1="94,68,130,105,15,24,29,128,82,87,26,39,33" hai2="100,89,49,101,120,77,3,92,20,131,127,79,72" hai3="1,23,73,107,21,133,80,104,74,34,4,30,84"/><U123/><E123/><V42/><F3/><W108/><G108/><T13/><D113/><U98/><E39/><V76/><F120/><W110/><G110/><T106/><D109/><U16/><E26/><V111/><F111/><W60/><G34/><T58/><D125/><U132/><E105/><V114/><F127/><W64/><G133/><T126/><D126/><U96/><E132/><V32/><F32/><W36/><G36/><T102/><D117/><U37/><E37/><V116/><F116/><W97/><G4/><T2/><D2/><U11/><E68/><V93/><F72/><W81/><G1/><T27/><D31/><U6/><E6/><V121/><F121/><W103/><G107/><T91/><D102/><U28/><E28/><V112/><F20/><W12/><G80/><T69/><D69/><U62/><E62/><V47/><F131/><N who="1" m="50217" /><E94/><V124/><F124/><W57/><G23/><T22/><D106/><U9/><E9/><N who="0" m="3689" /><D27/><U70/><E70/><V67/><F67/><W134/><G134/><T35/><D35/><U95/><E95/><V122/><F93/><W5/><G5/><T0/><D0/><U18/><E18/><V38/><F38/><W7/><G7/><T55/><D55/><U78/><AGARI ba="0,0" hai="11,15,16,24,29,33,78,82,87,96,98" m="50217" machi="78" ten="30,3000,0" yaku="19,1,54,1" doraHai="65" who="1" fromWho="1" sc="230,-10,290,30,240,-10,240,-10" /><INIT seed="1,1,0,5,0,103" ten="220,320,230,230" oya="1" hai0="68,120,105,8,37,100,49,65,27,95,98,40,16" hai1="0,7,12,96,121,24,15,81,85,1,119,44,31" hai2="62,110,130,104,127,107,122,99,48,56,45,88,10" hai3="64,123,17,6,58,67,43,72,71,101,28,70,128"/><U29/><E119/><V66/><F122/><W89/><G123/><T30/><D120/><U57/><E121/><V131/><F110/><W50/><G72/><T109/><D109/><U5/><E57/><V39/><F39/><W91/><G6/><N who="1" m="2058" /><E96/><V75/><F10/><W41/><G28/><N who="1" m="10826" /><E85/><V132/><F75/><W76/><G76/><T94/><D37/><U83/><E44/><V42/><F132/><W63/><G101/><T25/><D40/><U55/><E55/><V38/><F38/><W126/><G17/><T97/><D49/><U124/><E124/><V135/><F135/><W108/><G108/><T60/><D97/><U129/><E129/><N who="2" m="49163" /><F127/><W133/><G128/><T82/><D82/><N who="1" m="31243" /><E24/><V61/><F61/><W79/><G79/><T26/><REACH who="0" step="1"/><D30/><REACH who="0" ten="210,320,230,230" step="2"/><U18/><E18/><V32/><F32/><W21/><G126/><T80/><D80/><U102/><E102/><V9/><F9/><W35/><G35/><T33/><D33/><U92/><E92/><AGARI ba="1,1" hai="42,45,48,56,62,66,88,92,99,104,107" m="49163" machi="92" ten="30,7700,0" yaku="19,1,52,2,54,1" doraHai="103" who="2" fromWho="1" sc="210,0,320,-80,230,90,230,0" /><INIT seed="2,0,0,2,2,131" ten="210,240,320,230" oya="2" hai0="71,60,106,127,59,15,36,25,50,21,57,104,11" hai1="19,100,94,37,45,126,17,89,35,130,43,47,61" hai2="0,32,62,75,16,49,63,41,92,31,93,81,28" hai3="87,133,29,122,44,18,64,56,8,20,82,13,38"/><V102/><F0/><W74/><G122/><T48/><D36/><U125/><E35/><V12/><F32/><W134/><G74/><T90/><D71/><U30/><E130/><V9/><F81/><W68/><G68/><T132/><D127/><N who="1" m="48651" /><E30/><N who="2" m="11307" /><F75/><W103/><G103/><T85/><D104/><U23/><E100/><V58/><F102/><W118/><G118/><T78/><D78/><U95/><E61/><N who="2" m="23051" /><F41/><W33/><G33/><T86/><D106/><U80/><E47/><V42/><F42/><W69/><G69/><T5/><D85/><N who="1" m="50343" /><E17/><V22/><F9/><W51/><G38/><T110/><D110/><U135/><E135/><N who="3" m="51722" /><G56/><T1/><D57/><U2/><E2/><V27/><F27/><AGARI ba="0,0" hai="19,23,27,37,43,45,94,95" m="50343,48651" machi="27" ten="30,1000,0" yaku="18,1" doraHai="131" who="1" fromWho="2" sc="210,0,240,10,320,-10,230,0" /><INIT seed="3,0,0,1,1,130" ten="210,250,310,230" oya="3" hai0="50,93,29,114,75,28,39,4,128,117,33,112,57" hai1="62,9,22,65,49,20,59,105,40,35,31,71,102" hai2="78,44,63,72,68,116,107,16,110,61,106,99,98" hai3="84,100,43,32,86,122,23,27,129,113,69,13,118"/><W83/><G113/><N who="0" m="43627" /><D39/><U34/><E9/><V108/><F44/><W97/><G118/><T82/><D117/><U12/><E12/><V135/><F116/><W120/><G129/><T24/><D128/><U92/><E105/><V104/><F68/><W11/><G69/><T0/><D29/><U96/><E22/><V134/><F78/><W77/><G32/><T26/><D26/><N who="1" m="16839" /><E71/><V115/><F16/><W91/><G43/><T19/><D19/><U52/><E52/><V94/><F94/><W80/><G23/><T87/><D93/><U6/><E6/><V125/><F72/><W55/><G55/><N who="0" m="31991" /><D75/><U126/><E126/><V36/><F115/><W15/><G27/><T90/><D4/><U54/><E54/><V76/><F76/><W46/><G46/><AGARI ba="0,0" hai="34,35,40,46,49,59,62,65,92,96,102" m="16839" machi="46" ten="30,1000,0" yaku="25,1" doraHai="130" who="1" fromWho="3" sc="210,0,250,10,310,0,230,-10" /><INIT seed="4,0,0,3,1,60" ten="210,260,310,220" oya="0" hai0="130,65,82,109,55,62,1,43,59,105,135,27,71" hai1="38,47,5,67,113,89,100,81,132,88,101,50,129" hai2="91,36,63,10,28,31,39,84,133,115,7,29,107" hai3="108,16,75,87,41,72,86,21,61,32,74,14,127"/><T8/><D105/><U20/><E38/><V57/><F107/><W35/><G108/><T103/><D103/><U64/><E132/><V34/><F115/><W125/><G41/><T121/><D121/><U52/><E129/><V22/><F22/><W76/><G87/><T112/><D112/><U92/><E113/><V124/><F124/><N who="3" m="47691" /><G61/><T37/><D130/><U116/><E116/><V126/><F133/><W96/><G96/><T83/><D135/><U94/><E5/><V134/><F134/><W2/><G2/><T17/><D109/><U117/><E81/><AGARI ba="0,0" hai="14,16,21,32,35,72,74,75,76,81,86" m="47691" machi="81" ten="40,2600,0" yaku="18,1,54,1" doraHai="60" who="3" fromWho="1" sc="210,0,260,-26,310,0,220,26" /><INIT seed="5,0,0,5,0,30" ten="210,234,310,246" oya="1" hai0="95,99,61,25,116,73,16,3,4,70,94,66,82" hai1="91,17,23,31,64,75,93,21,53,122,111,11,115" hai2="96,72,104,98,22,24,118,58,34,123,83,51,65" hai3="50,54,107,15,42,40,92,28,33,62,134,86,84"/><U102/><E122/><V48/><F123/><W32/><G107/><T5/><D116/><U112/><E75/><V49/><F118/><W85/><G134/><T68/><D68/><U52/><E102/><V110/><F110/><W55/><G28/><T80/><D94/><U117/><E117/><V41/><F34/><W124/><G124/><T128/><D128/><U7/><E64/><V105/><F41/><W57/><G92/><T0/><D0/><U97/><E31/><V29/><F105/><W89/><G89/><T71/><D71/><U69/><E69/><V79/><REACH who="2" step="1"/><F104/><REACH who="2" ten="210,234,300,246" step="2"/><W63/><G42/><T135/><D135/><U6/><E111/><V47/><F47/><W113/><G40/><T126/><D126/><U125/><E125/><V108/><F108/><W77/><G113/><N who="1" m="43594" /><E23/><V130/><F130/><W46/><G77/><T43/><D43/><U38/><E38/><V45/><F45/><W119/><G119/><T76/><D76/><U121/><E121/><V44/><F44/><W59/><G46/><T81/><D73/><U14/><E7/><V35/><F35/><W39/><G39/><T88/><REACH who="0" step="1"/><D3/><AGARI ba="0,1" hai="3,6,11,14,17,21,52,53,91,93,97" m="43594" machi="3" ten="30,2900,0" yaku="15,1,54,1" doraHai="30" who="1" fromWho="0" sc="210,-29,234,39,300,0,246,0" /><INIT seed="5,1,0,4,5,124" ten="181,273,300,246" oya="1" hai0="27,84,97,9,119,38,75,114,36,133,10,74,49" hai1="82,93,28,2,122,104,3,22,55,83,89,13,132" hai2="60,21,61,0,116,105,134,44,50,15,85,103,35" hai3="69,72,4,127,135,34,86,39,111,107,45,23,8"/><U80/><E122/><V117/><F35/><W91/><G111/><T128/><D119/><U118/><E118/><V113/><F0/><W12/><G72/><T123/><D123/><U14/><E104/><V99/><F117/><W106/><G34/><T20/><D114/><U120/><E120/><V32/><F32/><W33/><G33/><T87/><D133/><U78/><E78/><V26/><F116/><W112/><G69/><T47/><D97/><U41/><E41/><V5/><F134/><W48/><G39/><T110/><D110/><U54/><E3/><V7/><F113/><W81/><G112/><T70/><D70/><U66/><E66/><V76/><F76/><W59/><G59/><T131/><D20/><U52/><E2/><V58/><F85/><W92/><G135/><T126/><D49/><U73/><E73/><V96/><F96/><W94/><G127/><T18/><D126/><U68/><E68/><V101/><F101/><W17/><G107/><T62/><D18/><U42/><E42/><V31/><F15/><N who="3" m="9663" /><G106/><T65/><D65/><U125/><E125/><V102/><F102/><W129/><G129/><T95/><D95/><U1/><E1/><V130/><F130/><W6/><G6/><T108/><D108/><U109/><E109/><V71/><F71/><W24/><G24/><T53/><D27/><N who="1" m="16503" /><E132/><V56/><F61/><W43/><AGARI ba="1,0" hai="4,8,12,43,45,48,81,86,91,92,94" m="9663" machi="43" ten="30,1100,0" yaku="8,1" doraHai="124" who="3" fromWho="3" sc="181,-4,273,-6,300,-4,246,14" /><INIT seed="6,0,0,4,3,90" ten="177,267,296,260" oya="2" hai0="84,59,32,121,3,127,46,110,114,65,134,112,45" hai1="122,9,78,123,62,17,69,85,1,98,14,56,54" hai2="126,117,87,43,35,111,79,128,102,73,71,81,6" hai3="91,104,49,103,109,131,99,129,19,31,93,47,100"/><V26/><F117/><W41/><G109/><T105/><D32/><U83/><E69/><V135/><F71/><W125/><G125/><T37/><D3/><U76/><E1/><V70/><F70/><W106/><G31/><T74/><D74/><U18/><E78/><V25/><F126/><W77/><G77/><T29/><D105/><U48/><E62/><V64/><F35/><W108/><G108/><T8/><D127/><U2/><E2/><V16/><F111/><W4/><G4/><T57/><D110/><U34/><E34/><V33/><F33/><W53/><G19/><T24/><D121/><N who="1" m="46091" /><E98/><V132/><F6/><AGARI ba="0,0" hai="6,9,14,17,18,48,54,56,76,83,85" m="46091" machi="6" ten="30,1000,0" yaku="13,1" doraHai="90" who="1" fromWho="2" sc="177,0,267,10,296,-10,260,0" /><INIT seed="7,0,0,0,4,135" ten="177,277,286,260" oya="3" hai0="65,127,86,69,102,121,111,41,39,116,129,7,117" hai1="131,53,101,126,73,77,92,97,95,17,130,60,49" hai2="24,50,46,78,35,62,63,112,48,74,72,103,109" hai3="88,18,120,31,96,32,47,13,128,87,5,134,93"/><W51/><G120/><T70/><D7/><U124/><E60/><V40/><F109/><W34/><G134/><T52/><D102/><U133/><E133/><V79/><F103/><W33/><G128/><N who="1" m="49194" /><E95/><V11/><F11/><W10/><G31/><T16/><D129/><U1/><E1/><V4/><F4/><W104/><G104/><T9/><D111/><U21/><E77/><V125/><F24/><W23/><G96/><T14/><D121/><U82/><E82/><V123/><F123/><W122/><G122/><T59/><D127/><U71/><E71/><V37/><F125/><W100/><G100/><T61/><D86/><U66/><E66/><V15/><F35/><W58/><G58/><T98/><D98/><U30/><E30/><V106/><F106/><W3/><G34/><T6/><D6/><U45/><E73/><V81/><F112/><W91/><G91/><T57/><D57/><U67/><E67/><V68/><F15/><AGARI ba="0,0" hai="15,17,21,45,49,53,92,97,101,124,126" m="49194" machi="15" ten="30,3900,0" yaku="19,1,52,2" doraHai="135" who="1" fromWho="2" sc="177,0,277,39,286,-39,260,0" owari="177,-32.3,316,41.6,247,-15.3,260,6.0" /></mjloggm>