<mjloggm ver="2.3"><GO type="169" lobby="0"/><UN n0="%E4%BA%9C%E6%9C%88" n1="%E4%B9%9D%E7%B4%8B%E9%BE%8D%E5%8F%B2%E9%80%B2" n2="%E5%A4%A9%E6%89%8D%E9%BA%BB%E5%B0%86%E6%99%BA%E4%B9%83" n3="%E6%B9%8A%E6%96%97%E3%81%8B%E3%81%92%E3%81%82%E3%81%8D" dan="17,19,16,16" rate="2182.19,2333.49,2150.23,2109.16" sx="M,M,M,M"/><TAIKYOKU oya="0"/><INIT seed="0,0,0,3,4,49" ten="250,250,250,250" oya="0" hai0="81,90,78,30,114,37,135,73,117,11,103,75,52" hai1="91,79,130,122,45,46,133,125,127,76,126,38,21" hai2="57,23,34,20,55,10,94,132,109,32,0,88,4" hai3="72,69,67,99,63,129,27,2,18,26,41,71,102"/><T35/><D114/><U124/><E122/><V108/><F132/><W115/><G115/><T6/><D117/><U121/><E121/><V93/><F93/><W68/><G72/><T105/><D37/><U50/><E133/><V8/><F8/><W48/><G2/><T31/><D135/><U70/><E70/><V100/><F100/><W64/><G129/><T86/><D75/><U15/><E130/><V53/><F23/><W85/><G85/><T112/><D35/><U54/><N who="1" m="31744" /><DORA hai="9" /><U61/><E61/><V12/><F20/><W74/><G74/><T59/><D103/><U107/><E107/><V131/><F0/><W120/><G120/><T96/><D96/><U42/><E91/><V22/><F22/><W13/><G67/><T128/><D105/><U19/><AGARI ba="0,0" hai="15,19,21,38,42,45,46,50,54,76,79" m="31744" machi="19" ten="60,8000,1" yaku="0,1,18,1,52,2" doraHai="49,9" who="1" fromWho="1" sc="250,-40,250,80,250,-20,250,-20" /><INIT seed="1,0,0,4,4,70" ten="210,330,230,230" oya="1" hai0="13,90,30,111,113,125,53,128,1,57,60,92,89" hai1="16,22,73,114,112,105,35,69,101,64,52,8,79" hai2="21,40,131,25,134,14,108,118,31,124,59,15,102" hai3="61,26,133,18,46,120,93,54,33,106,76,11,45"/><U12/><E35/><V74/><F118/><W20/><G120/><T80/><D1/><U55/><E64/><V126/><F74/><W132/><G106/><T36/><D113/><U51/><E69/><V17/><F108/><W34/><G76/><T86/><D111/><U82/><E55/><V7/><F102/><W50/><G61/><T71/><D128/><U9/><E105/><V78/><F78/><W49/><G93/><T48/><D125/><U5/><E101/><V103/><F103/><W104/><G104/><T56/><D71/><U19/><E19/><V28/><F131/><W98/><G98/><T41/><D30/><U63/><E63/><V110/><F110/><W135/><REACH who="3" step="1"/><G11/><REACH who="3" ten="210,330,230,220" step="2"/><T44/><D92/><U116/><E9/><V65/><F126/><W24/><G24/><T129/><D129/><U67/><E116/><V107/><F124/><W115/><G115/><T100/><D100/><U94/><E94/><V43/><F107/><W10/><G10/><T123/><D123/><U72/><E67/><V117/><F117/><W81/><G81/><T83/><D80/><U62/><E62/><V3/><F65/><W29/><G29/><T2/><D83/><U68/><E73/><V37/><F28/><W58/><G58/><T32/><D57/><U97/><E97/><V130/><F59/><W91/><G91/><T27/><D56/><N who="1" m="32799" /><E68/><V47/><F130/><W87/><G87/><T95/><D60/><U75/><E72/><V127/><F127/><W109/><G109/><T99/><D86/><U0/><E114/><V66/><F66/><W96/><G96/><RYUUKYOKU ba="0,1" sc="210,-15,330,15,230,-15,220,15" hai1="0,5,8,12,16,22,75,79,82,112" hai3="18,20,26,33,34,45,46,49,50,54,132,133,135" /><INIT seed="1,1,1,5,0,118" ten="195,345,215,235" oya="1" hai0="38,25,43,61,90,80,66,87,48,84,57,31,2" hai1="39,100,106,98,45,134,115,78,125,114,50,4,9" hai2="116,112,3,20,127,11,63,120,126,130,94,129,42" hai3="89,44,122,60,68,74,49,72,77,124,28,59,6"/><U119/><E119/><V99/><F116/><W107/><G107/><T41/><D2/><U92/><E134/><V75/><F75/><W17/><G68/><T12/><D38/><U32/><E125/><N who="2" m="47627" /><F112/><W15/><G124/><T101/><D101/><U65/><E32/><V40/><F20/><W10/><G28/><T103/><D103/><U83/><E65/><V105/><F105/><W95/><G122/><T14/><D87/><U110/><E110/><V64/><F120/><W133/><G133/><T30/><D30/><U16/><E39/><V55/><F55/><W54/><G77/><T113/><D113/><U26/><E106/><V93/><F11/><W51/><G6/><T19/><D48/><U21/><E9/><V24/><F24/><W29/><G29/><T111/><D111/><U52/><REACH who="1" step="1"/><E4/><REACH who="1" ten="195,335,215,235" step="2"/><V121/><F121/><W69/><G10/><T85/><D66/><U1/><E1/><V76/><F3/><W47/><G69/><T102/><D12/><U96/><E96/><V36/><F36/><W27/><G15/><T0/><D14/><U71/><E71/><V34/><F34/><W33/><G33/><T58/><D0/><U23/><E23/><V37/><F37/><W132/><G132/><T104/><D104/><U8/><E8/><V7/><F7/><W135/><G135/><T79/><D25/><U73/><AGARI ba="1,2" hai="16,21,26,45,50,52,73,78,83,92,98,100,114,115" machi="73" ten="20,18000,2" yaku="1,1,0,1,7,1,54,2,53,1" doraHai="118" doraHaiUra="18" who="1" fromWho="1" sc="195,-61,335,203,215,-61,235,-61" /><INIT seed="1,2,0,3,1,26" ten="134,538,154,174" oya="1" hai0="88,69,94,91,89,135,1,41,79,19,12,76,23" hai1="129,5,67,131,132,98,47,133,13,64,78,58,119" hai2="108,45,120,126,7,127,111,59,96,71,121,25,24" hai3="101,90,0,61,107,32,38,15,37,87,11,102,83"/><U39/><E78/><N who="0" m="29737" /><D1/><U115/><E98/><V4/><F71/><W27/><G0/><T53/><D69/><U21/><E5/><N who="2" m="2123" /><F59/><W42/><G107/><T2/><D2/><U103/><E103/><V85/><F85/><W52/><G42/><T77/><N who="0" m="29745" /><T72/><DORA hai="31" /><D72/><U10/><E10/><V20/><F45/><W35/><G38/><T95/><D135/><N who="1" m="51787" /><E13/><V92/><F92/><N who="0" m="35370" /><D41/><N who="1" m="22975" /><E21/><V112/><F96/><W73/><G73/><T106/><D106/><U8/><E8/><V66/><F66/><N who="1" m="25129" /><E115/><V68/><F112/><W80/><G102/><T28/><D53/><U55/><E119/><V30/><F25/><W9/><G27/><N who="0" m="16511" /><D91/><U130/><E131/><V109/><F68/><W18/><G90/><T29/><D29/><U57/><E57/><V118/><F118/><W40/><G101/><T17/><D17/><U86/><E86/><V65/><F65/><W128/><G87/><T51/><D89/><U49/><AGARI ba="2,0" hai="49,55,58,129,130" m="25129,22975,51787" machi="49" ten="30,6000,0" yaku="20,1,34,2" doraHai="26,31" who="1" fromWho="1" sc="134,-22,538,66,154,-22,174,-22" /><INIT seed="1,3,0,3,0,16" ten="112,604,132,152" oya="1" hai0="108,4,40,46,51,111,113,92,114,15,27,57,21" hai1="131,116,37,60,32,34,83,55,47,42,98,109,14" hai2="5,133,99,19,11,103,65,23,90,61,129,81,1" hai3="86,118,26,79,104,74,50,28,130,22,72,88,45"/><U39/><E116/><V9/><F129/><W85/><G130/><T107/><D107/><U125/><E131/><V36/><F133/><W84/><G104/><T80/><D92/><U94/><E39/><V128/><F36/><W121/><G121/><T35/><D35/><U56/><E125/><V20/><F128/><W52/><G118/><T93/><D93/><U78/><E14/><V82/><F11/><W77/><REACH who="3" step="1"/><G88/><REACH who="3" ten="112,604,132,142" step="2"/><T30/><D113/><U71/><E109/><V69/><F90/><W12/><G12/><T87/><D114/><U110/><E110/><V76/><F82/><W122/><G122/><T43/><D111/><U117/><E117/><V97/><F97/><W41/><G41/><T0/><D43/><U53/><E98/><V13/><F99/><W66/><G66/><T91/><D108/><U127/><E94/><V126/><F103/><W59/><G59/><T106/><D106/><U48/><E127/><V3/><F126/><W101/><G101/><T63/><D0/><U67/><REACH who="1" step="1"/><E55/><REACH who="1" ten="112,594,132,142" step="2"/><V89/><F1/><W134/><G134/><T124/><D124/><U25/><E25/><V62/><F3/><W18/><G18/><T54/><D15/><U2/><E2/><V75/><F19/><W96/><G96/><T58/><D4/><U115/><E115/><V70/><F13/><W49/><G49/><T29/><D54/><U38/><E38/><V105/><F5/><W10/><G10/><T64/><D51/><U24/><E24/><V119/><F9/><W132/><G132/><T102/><D27/><U6/><E6/><V100/><F119/><RYUUKYOKU ba="3,2" sc="112,-15,594,15,132,-15,142,15" hai1="32,34,37,42,47,48,53,56,60,67,71,78,83" hai3="22,26,28,45,50,52,72,74,77,79,84,85,86" /><INIT seed="1,4,2,4,1,41" ten="97,609,117,157" oya="1" hai0="75,116,100,52,123,23,85,128,119,43,6,40,127" hai1="106,94,14,105,37,15,20,101,9,135,83,78,45" hai2="53,82,77,35,59,109,88,17,55,51,111,58,64" hai3="133,113,126,80,99,115,13,50,47,92,36,44,79"/><U61/><E135/><V63/><F35/><W67/><G133/><T114/><D75/><U107/><E61/><V7/><F7/><W66/><G126/><T21/><D114/><U4/><E94/><V30/><F30/><W98/><G36/><T103/><D127/><U11/><E20/><V49/><F17/><W81/><G92/><T129/><D6/><U1/><E101/><V76/><F88/><W125/><G50/><T74/><D74/><N who="1" m="43479" /><E11/><V69/><REACH who="2" step="1"/><F82/><REACH who="2" ten="97,609,107,157" step="2"/><W68/><G125/><T24/><D119/><U3/><E3/><V39/><F39/><W16/><G16/><T97/><D116/><U117/><E117/><V72/><F72/><W12/><G68/><T62/><D103/><U2/><E2/><V132/><F132/><W22/><G22/><T27/><D100/><U122/><E122/><V5/><F5/><W124/><G124/><T54/><D123/><U110/><E110/><AGARI ba="4,3" hai="49,51,53,55,58,59,63,64,69,76,77,109,110,111" machi="110" ten="40,5200,0" yaku="1,1,9,1,14,1,53,0" doraHai="41" doraHaiUra="104" who="2" fromWho="1" sc="97,0,609,-64,107,94,157,0" /><INIT seed="2,0,0,1,5,9" ten="97,545,201,157" oya="2" hai0="81,11,75,128,73,116,10,69,56,40,85,62,78" hai1="64,82,38,110,55,25,35,16,31,120,61,28,96" hai2="54,90,107,106,58,39,101,1,125,108,32,8,51" hai3="37,24,36,83,29,30,6,72,87,12,76,105,84"/><V133/><F39/><W44/><G105/><T46/><D128/><U52/><E38/><V42/><F42/><W19/><G6/><T111/><D69/><U89/><E110/><V134/><F125/><W5/><G5/><T88/><D111/><U99/><E31/><V23/><F32/><W121/><G121/><T102/><D102/><U126/><E120/><V53/><F108/><W124/><G124/><T117/><D75/><U22/><E99/><V112/><F112/><W91/><G72/><T14/><D78/><U3/><E3/><V135/><F101/><W34/><G29/><T113/><D73/><U7/><E7/><N who="2" m="1135" /><F90/><W114/><G44/><T80/><D113/><U131/><E131/><V132/><F132/><W92/><REACH who="3" step="1"/><G114/><REACH who="3" ten="97,545,201,147" step="2"/><T57/><D46/><U130/><E126/><V123/><F123/><W66/><G66/><T59/><D116/><U21/><E64/><V17/><F54/><W77/><G77/><T49/><D117/><U13/><E55/><V94/><F94/><W26/><G26/><AGARI ba="0,1" hai="17,23,26,51,53,58,106,107,133,134,135" m="1135" machi="26" ten="30,1500,0" yaku="20,1" doraHai="9" who="2" fromWho="3" sc="97,0,545,0,201,25,147,-15" /><INIT seed="2,1,0,1,1,59" ten="97,545,226,132" oya="2" hai0="101,15,51,117,77,93,35,80,43,110,23,98,63" hai1="5,132,127,111,52,102,1,113,131,31,116,71,94" hai2="55,13,54,69,53,47,112,129,123,28,41,106,38" hai3="103,92,126,95,27,29,65,86,58,11,79,90,19"/><V67/><F106/><W107/><G126/><T66/><D35/><U14/><E113/><V25/><F112/><W20/><G79/><T37/><D37/><U49/><E116/><V57/><F123/><W34/><G107/><T9/><D110/><U84/><E1/><V97/><F129/><W91/><G103/><T40/><D23/><U76/><E71/><V100/><F13/><W6/><G65/><T70/><D51/><U21/><E132/><V82/><F82/><W74/><G74/><T78/><D117/><U83/><E111/><V135/><F135/><W72/><G72/><T119/><D119/><U133/><E127/><V10/><F10/><W124/><G58/><T128/><D128/><U36/><E36/><V73/><F73/><W62/><G62/><T87/><REACH who="0" step="1"/><D78/><REACH who="0" ten="87,545,226,132" step="2"/><U60/><E49/><V104/><F38/><W105/><G124/><T96/><D96/><U130/><E133/><V50/><F41/><W12/><G34/><T115/><D115/><U3/><E76/><V45/><F45/><W85/><REACH who="3" step="1"/><G105/><REACH who="3" ten="87,545,226,122" step="2"/><T134/><D134/><U7/><E131/><V109/><F109/><W18/><AGARI ba="1,2" hai="6,11,12,18,19,20,27,29,85,86,90,91,92,95" machi="18" ten="30,8000,1" yaku="1,1,2,1,0,1,9,1,8,1,53,0" doraHai="59" doraHaiUra="120" who="3" fromWho="3" sc="87,-21,545,-21,226,-41,122,103" /><INIT seed="3,0,0,0,3,32" ten="66,524,185,225" oya="3" hai0="37,71,77,112,106,10,43,53,121,35,24,7,48" hai1="118,28,47,4,51,86,76,82,26,15,45,55,44" hai2="1,129,100,135,62,97,30,6,128,12,85,8,113" hai3="63,134,130,16,34,95,91,29,88,57,49,87,5"/><W105/><G105/><T133/><D121/><U123/><E123/><V125/><F113/><W116/><G116/><T58/><D133/><U84/><E118/><V80/><F135/><W25/><G134/><T124/><D124/><U79/><E4/><V20/><F125/><W11/><G130/><N who="2" m="50281" /><F62/><W73/><G73/><T68/><D106/><U0/><E0/><V132/><F132/><W23/><G91/><T42/><D112/><U21/><E15/><V50/><F50/><W19/><G49/><T101/><D101/><U110/><E110/><V17/><F30/><W72/><G72/><T81/><D24/><U122/><E122/><V90/><F97/><W27/><G27/><T3/><D35/><U104/><E104/><V70/><F70/><N who="0" m="26666" /><D48/><U74/><E74/><V109/><F109/><W9/><G34/><T94/><D37/><U99/><E99/><V52/><F100/><W36/><G36/><T41/><D41/><U102/><E102/><V119/><F119/><W92/><G92/><T14/><D94/><U83/><AGARI ba="0,0" hai="21,26,28,44,45,47,51,55,76,79,82,83,84,86" machi="83" ten="30,4000,0" yaku="0,1,9,1,8,1" doraHai="32" who="1" fromWho="1" sc="66,-10,524,40,185,-10,225,-20" /><INIT seed="4,0,0,0,1,115" ten="56,564,175,205" oya="0" hai0="52,91,98,129,48,8,81,38,42,64,37,84,82" hai1="117,5,25,35,114,107,36,26,28,56,77,128,70" hai2="6,24,99,49,102,54,109,22,23,71,103,20,51" hai3="17,10,89,86,97,62,41,43,120,1,124,93,119"/><T73/><D129/><U40/><E117/><V11/><F109/><W83/><G124/><T80/><D64/><U92/><E107/><V125/><F71/><W55/><G120/><T60/><D60/><U2/><E70/><V131/><F125/><W94/><G119/><T32/><D32/><U29/><E114/><V118/><F131/><W76/><G1/><T39/><D98/><U69/><E69/><V27/><F118/><W65/><G55/><T96/><D96/><U16/><E16/><V68/><F68/><W61/><G93/><T21/><D21/><U100/><E92/><V85/><F85/><W130/><G130/><T63/><D73/><U111/><E56/><V122/><F51/><W135/><G135/><T87/><D63/><N who="3" m="24073" /><G65/><T4/><D42/><U47/><E77/><V133/><F133/><W79/><G76/><T112/><D112/><U45/><E45/><V104/><F103/><W59/><G59/><T15/><REACH who="0" step="1"/><D91/><REACH who="0" ten="46,564,175,205" step="2"/><U14/><E128/><V30/><F22/><W12/><AGARI ba="0,1" hai="10,12,17,41,43,79,83,86,89,94,97" m="24073" machi="12" ten="30,1100,0" yaku="8,1" doraHai="115" who="3" fromWho="3" sc="46,-5,564,-3,175,-3,205,21" /><INIT seed="5,0,0,2,5,91" ten="41,561,172,226" oya="1" hai0="118,13,64,14,44,37,122,84,96,129,41,114,127" hai1="107,58,35,128,61,63,11,95,94,22,20,27,119" hai2="29,79,53,39,34,81,93,45,89,113,28,83,131" hai3="112,76,70,38,43,73,101,105,108,52,32,99,36"/><U103/><E119/><V23/><F34/><W7/><G108/><T12/><D118/><U130/><E35/><V110/><F110/><W0/><G70/><T10/><D114/><U18/><E63/><V87/><F131/><N who="1" m="50217" /><E11/><V9/><F113/><W116/><G116/><T6/><D129/><U8/><E8/><V71/><F71/><W90/><G32/><T33/><D127/><U104/><E20/><V47/><F9/><W26/><G7/><T68/><D33/><U55/><E103/><V109/><F109/><W120/><G101/><T56/><D68/><U59/><E59/><V97/><F23/><W100/><G100/><T134/><D122/><U4/><E4/><V69/><F69/><W75/><G120/><T88/><D96/><U25/><E25/><V49/><F39/><W106/><G26/><T30/><D30/><U67/><E67/><V125/><F125/><W121/><G36/><T78/><D78/><U15/><E15/><V16/><F16/><W77/><G38/><T50/><D134/><U19/><E19/><V31/><REACH who="2" step="1"/><F83/><REACH who="2" ten="41,561,162,226" step="2"/><N who="3" m="45455" /><G112/><T85/><D37/><U54/><E18/><V102/><F102/><W42/><G121/><T21/><D21/><U115/><E22/><V92/><F92/><W60/><G106/><T111/><D111/><U51/><E107/><V72/><F72/><W24/><G105/><T46/><D10/><U3/><E104/><V82/><F82/><W124/><G75/><T80/><D80/><U40/><E95/><V17/><F17/><W132/><G124/><T74/><D74/><U57/><E115/><V126/><F126/><RYUUKYOKU ba="0,1" sc="41,-10,561,-10,162,30,226,-10" hai2="28,29,31,45,47,49,53,79,81,87,89,93,97" /><INIT seed="6,1,1,3,1,130" ten="31,551,192,216" oya="2" hai0="122,19,53,1,68,69,4,6,9,72,96,115,34" hai1="84,131,116,24,41,17,22,10,39,108,33,121,117" hai2="15,88,30,5,118,83,2,100,67,87,13,129,89" hai3="133,55,18,26,134,73,76,92,28,61,112,107,47"/><V75/><F118/><W59/><G107/><T50/><D122/><U43/><E108/><V78/><F129/><W127/><G127/><T48/><D34/><U101/><E131/><V65/><F2/><W54/><G112/><T79/><D115/><U120/><E33/><V93/><F30/><W23/><G92/><T113/><D113/><U104/><E84/><V63/><F5/><W64/><G28/><T16/><D96/><U37/><E10/><V119/><F119/><W124/><G124/><T99/><D99/><U97/><E41/><V11/><F67/><W42/><G76/><T128/><D128/><U80/><E80/><V82/><F11/><W86/><G86/><T125/><D125/><U8/><E39/><V71/><F100/><W126/><G73/><T38/><D38/><U57/><E57/><V90/><F90/><W29/><G29/><T135/><D9/><U45/><E8/><V105/><F105/><W32/><G32/><T12/><D1/><U27/><E27/><V111/><F111/><W31/><G31/><T20/><D20/><U3/><E3/><V98/><AGARI ba="1,1" hai="13,15,63,65,71,75,78,82,83,87,88,89,93,98" machi="98" ten="20,3900,0" yaku="0,1,7,1,54,1" doraHai="130" who="2" fromWho="2" sc="31,-14,551,-14,192,52,216,-14" /><INIT seed="6,2,0,5,2,93" ten="17,537,244,202" oya="2" hai0="83,46,126,30,108,130,22,41,112,18,15,72,110" hai1="127,4,98,90,113,29,79,21,19,133,10,47,7" hai2="125,116,16,35,68,60,96,9,53,65,64,40,38" hai3="49,36,50,107,88,51,23,57,129,48,63,73,97"/><V75/><F116/><W81/><G36/><T104/><D104/><U80/><E113/><V28/><F75/><W5/><G129/><T0/><D112/><U67/><E29/><V135/><F65/><W84/><G73/><T95/><D130/><U131/><E133/><V11/><F135/><W69/><G69/><T87/><D126/><U61/><E47/><V12/><F125/><W85/><G5/><T74/><D30/><U91/><E98/><V89/><F53/><W25/><G49/><T59/><D0/><U27/><E7/><V117/><F117/><W101/><G84/><T100/><D59/><U54/><E54/><V122/><F122/><W55/><G50/><T1/><D1/><U71/><E131/><V134/><F134/><W33/><G33/><T58/><D58/><U78/><E78/><V45/><F28/><AGARI ba="2,0" hai="23,25,28,48,51,55,57,63,81,85,88,97,101,107" machi="28" ten="30,3900,0" yaku="7,1,52,1,54,1" doraHai="93" who="3" fromWho="2" sc="17,0,537,0,244,-45,202,45" /><INIT seed="7,0,0,4,1,95" ten="17,537,199,247" oya="3" hai0="67,37,18,60,73,46,38,51,25,135,41,106,96" hai1="102,91,120,27,43,134,5,59,69,68,128,111,127" hai2="122,77,52,50,70,115,28,71,123,114,108,104,94" hai3="89,45,112,23,100,15,66,101,84,61,121,63,72"/><W6/><G121/><N who="2" m="46089" /><F104/><W74/><G112/><N who="2" m="43049" /><F28/><W7/><G74/><T97/><D73/><U119/><E68/><N who="2" m="26155" /><F77/><W33/><G33/><T58/><D106/><U36/><E69/><V109/><F94/><N who="3" m="54567" /><G72/><T26/><D135/><U32/><E59/><AGARI ba="0,0" hai="50,52,59,108,109" m="26155,43049,46089" machi="59" ten="40,8000,1" yaku="13,1,15,1,34,2,54,1" doraHai="95" who="2" fromWho="1" sc="17,0,537,-80,199,80,247,0" owari="17,-48.3,457,55.7,279,7.9,247,-15.3" /></mjloggm>