<mjloggm ver="2.3"><GO type="169" lobby="0"/><UN n0="%E3%81%9D%E3%81%86%E3%81%9F%E3%81%A3%E3%81%9F" n1="%E3%82%88%E3%81%B4" n2="%41%4C%50%45%52%49%4E" n3="%41%52%44%45%4E" dan="16,17,17,16" rate="2205.93,2137.76,2185.53,2075.46" sx="M,M,M,F"/><TAIKYOKU oya="0"/><INIT seed="0,0,0,0,5,20" ten="250,250,250,250" oya="0" hai0="47,111,19,86,21,72,105,6,113,99,94,96,34" hai1="129,24,102,116,95,91,133,84,4,107,115,60,9" hai2="69,62,51,38,119,43,73,44,57,56,88,70,39" hai3="74,52,101,28,58,50,90,14,53,33,130,35,112"/><T17/><D113/><U108/><E108/><V68/><F119/><W15/><G112/><T23/><D72/><U54/><E115/><V59/><F73/><W10/><G74/><T37/><D34/><U77/><E129/><V61/><F88/><W25/><G130/><T65/><D6/><U1/><E77/><V110/><F110/><W85/><G101/><T42/><D65/><U121/><E133/><V40/><F40/><W29/><G10/><T109/><D105/><U48/><E60/><AGARI ba="0,0" hai="38,39,43,44,51,56,57,59,60,61,62,68,69,70" machi="60" ten="50,12000,2" yaku="35,6" doraHai="20" who="2" fromWho="1" sc="250,0,250,-120,250,120,250,0" /><INIT seed="1,0,0,4,3,60" ten="250,130,370,250" oya="1" hai0="0,45,23,21,22,130,62,106,70,132,2,75,127" hai1="17,79,94,102,111,77,63,103,66,121,96,27,113" hai2="37,19,48,74,54,35,33,99,16,7,119,101,4" hai3="100,92,58,134,64,80,86,87,110,44,57,109,20"/><U41/><E113/><V18/><F74/><W9/><G134/><T43/><D106/><U131/><E121/><V69/><F69/><W3/><G57/><T65/><D132/><U68/><E131/><V112/><F37/><W95/><G44/><T116/><D116/><U71/><E41/><V104/><F119/><W123/><G123/><T73/><D127/><U93/><E111/><N who="3" m="42506" /><G20/><T126/><D126/><U117/><E117/><V89/><F112/><W55/><G87/><T52/><D130/><U12/><E27/><V49/><F89/><N who="3" m="51399" /><G100/><T32/><D32/><U29/><E29/><V61/><F61/><N who="3" m="37943" /><G55/><T129/><D129/><U82/><E71/><V114/><F114/><W128/><G128/><T97/><D97/><U26/><E26/><V81/><F54/><W59/><G59/><T38/><REACH who="0" step="1"/><D52/><REACH who="0" ten="240,130,370,250" step="2"/><U14/><E96/><V15/><F35/><W25/><G25/><T46/><D46/><U10/><E102/><V13/><F33/><W84/><G84/><T105/><D105/><U118/><E103/><V108/><F108/><W28/><G28/><T11/><D11/><U36/><E118/><V98/><F98/><W107/><G107/><T1/><AGARI ba="0,1" hai="0,1,2,21,22,23,38,43,45,62,65,70,73,75" machi="1" ten="40,8000,1" yaku="1,1,0,1,52,1,53,1" doraHai="60" doraHaiUra="56" who="0" fromWho="0" sc="240,90,130,-40,370,-20,250,-20" /><INIT seed="2,0,0,1,5,72" ten="330,90,350,230" oya="2" hai0="112,101,67,113,40,64,10,15,103,23,18,105,30" hai1="11,26,4,35,43,39,55,128,83,126,104,71,8" hai2="33,29,36,98,122,19,48,109,135,75,56,132,31" hai3="17,42,74,57,27,51,20,129,84,77,117,114,68"/><V107/><F36/><W100/><G117/><T5/><D40/><U110/><E11/><V87/><F75/><W28/><G68/><T16/><D105/><U34/><E55/><V50/><F122/><W116/><G116/><T13/><D30/><U108/><E126/><V53/><F109/><W93/><G129/><T49/><D49/><U46/><E128/><V123/><F123/><W2/><G2/><T58/><D58/><U25/><E104/><V0/><F0/><W3/><G3/><T73/><D73/><U37/><E8/><V99/><F19/><W32/><G114/><T62/><D62/><U12/><E83/><V96/><F107/><W121/><G121/><T86/><D86/><U124/><E12/><V125/><F125/><W97/><G74/><T76/><D10/><U94/><E94/><V45/><F87/><W115/><G115/><T47/><D23/><U119/><E119/><V38/><F38/><W131/><G131/><T85/><D85/><U80/><E80/><V130/><F130/><W89/><G42/><T54/><D54/><U6/><E43/><N who="2" m="24639" /><F33/><W61/><G51/><T52/><D47/><U127/><REACH who="1" step="1"/><E46/><REACH who="1" ten="330,80,350,230" step="2"/><V95/><F95/><W70/><G93/><T9/><D9/><U118/><E118/><V78/><F53/><W7/><G7/><T63/><D52/><U120/><E120/><V22/><F135/><W91/><G61/><T90/><D63/><U41/><E41/><V14/><F132/><W60/><G60/><T69/><D5/><U44/><E44/><V106/><F106/><W65/><G57/><T102/><D112/><RYUUKYOKU ba="0,1" sc="330,-10,80,30,350,-10,230,-10" hai1="4,6,25,26,34,35,37,39,71,108,110,124,127" /><INIT seed="3,1,1,2,2,67" ten="320,110,340,220" oya="3" hai0="89,6,111,113,131,72,22,59,49,21,114,41,96" hai1="124,91,120,127,23,80,29,7,107,123,103,25,40" hai2="19,27,116,130,8,115,33,88,18,100,84,35,61" hai3="50,82,10,28,37,15,43,74,104,48,95,90,5"/><W71/><G104/><T125/><D72/><U32/><E40/><V16/><F116/><W135/><G135/><T129/><D6/><U11/><E103/><V79/><F115/><N who="0" m="44042" /><D111/><U69/><E91/><V38/><F130/><N who="0" m="49674" /><D125/><N who="1" m="48203" /><E80/><V65/><F38/><W126/><G126/><T81/><D96/><U26/><E69/><V2/><F100/><W99/><G71/><T87/><D59/><U68/><E68/><V60/><F79/><W47/><REACH who="3" step="1"/><G28/><REACH who="3" ten="320,110,340,210" step="2"/><T31/><D31/><N who="1" m="19567" /><E107/><V58/><F35/><W36/><G36/><T4/><D4/><U117/><E117/><V134/><F33/><W42/><G42/><T34/><D34/><U86/><E86/><V44/><F84/><W94/><G94/><T109/><D109/><U56/><E56/><V53/><F58/><W9/><G9/><T122/><D122/><U133/><E133/><V17/><F8/><W110/><G110/><T12/><D41/><U102/><E102/><V97/><F134/><W77/><AGARI ba="1,2" hai="5,10,15,37,43,47,48,50,74,77,82,90,95,99" machi="77" ten="30,3000,0" yaku="1,1,0,1,53,0" doraHai="67" doraHaiUra="30" who="3" fromWho="3" sc="320,-11,110,-11,340,-11,210,53" /><INIT seed="3,2,0,0,1,19" ten="309,99,329,263" oya="3" hai0="6,2,133,83,104,34,17,61,44,91,65,99,82" hai1="40,95,123,16,42,84,49,130,109,24,96,20,66" hai2="71,22,77,88,134,62,115,26,33,69,106,101,18" hai3="121,43,31,111,29,114,48,116,46,52,13,32,70"/><W122/><G114/><T0/><D34/><U4/><E123/><V55/><F115/><W57/><G116/><T38/><D133/><U76/><E109/><V60/><F134/><W28/><G111/><T127/><D127/><U105/><E130/><V10/><F33/><W37/><G32/><T100/><D6/><U14/><E66/><V86/><F77/><W112/><G112/><T113/><D113/><U103/><E49/><V59/><F62/><W107/><G107/><T124/><D124/><U110/><E110/><V23/><F10/><W64/><G13/><T90/><D17/><U117/><E117/><V53/><F53/><W78/><G78/><T58/><D90/><U63/><E63/><AGARI ba="2,0" hai="28,29,31,37,43,46,48,52,57,63,64,70,121,122" machi="63" ten="40,7700,0" yaku="24,2,54,1" doraHai="19" who="3" fromWho="1" sc="309,0,99,-83,329,0,263,83" /><INIT seed="3,3,0,2,3,38" ten="309,16,329,346" oya="3" hai0="55,106,56,102,118,126,73,113,85,104,105,76,66" hai1="132,74,44,122,100,119,67,23,19,107,25,43,68" hai2="46,3,50,90,128,97,47,9,64,35,10,41,111" hai3="59,110,31,28,101,99,24,51,57,96,13,17,86"/><W109/><G86/><T52/><D118/><U116/><E74/><V39/><F111/><N who="3" m="42507" /><G51/><T123/><D123/><U88/><E122/><V127/><F127/><W65/><G96/><T82/><D126/><U22/><E132/><V79/><F128/><W36/><G36/><T115/><D102/><U84/><E100/><V45/><F35/><N who="3" m="20871" /><G31/><T14/><D73/><U27/><E107/><V8/><F3/><W32/><G65/><T94/><D94/><U95/><E67/><V0/><F0/><W2/><G2/><T26/><D26/><U1/><E1/><V75/><F64/><W124/><G32/><T134/><D134/><U114/><E68/><V78/><F75/><W77/><G77/><N who="2" m="29193" /><F39/><W70/><G70/><T60/><REACH who="0" step="1"/><D14/><REACH who="0" ten="299,16,329,346" step="2"/><U4/><E114/><AGARI ba="3,1" hai="52,55,56,60,66,76,82,85,104,105,106,113,114,115" machi="114" ten="50,8000,1" yaku="1,1,2,1,11,1,54,1,53,0" doraHai="38" doraHaiUra="33" who="0" fromWho="1" sc="299,99,16,-89,329,0,346,0" owari="398,49.8,-73,-57.3,329,-7.1,346,14.6" /></mjloggm>