<mjloggm ver="2.3"><GO type="169" lobby="0"/><UN n0="%E7%A7%98%E6%89%93%E7%99%BD%E9%B3%A5%E3%81%AE%E6%B9%96" n1="%68%61%79%61%74%6F%E2%98%86" n2="%E5%A4%8F%E3%81%AA%E3%81%AE%E3%81%AB" n3="%E3%81%97%E3%82%87%E3%81%BC%E3%82%93%EF%BD%8E" dan="16,16,16,17" rate="2136.73,2076.14,2137.06,2241.74" sx="M,M,M,M"/><TAIKYOKU oya="0"/><INIT seed="0,0,0,5,0,40" ten="250,250,250,250" oya="0" hai0="85,69,122,46,33,47,16,84,2,83,98,38,27" hai1="124,1,78,62,87,23,113,92,132,24,42,15,117" hai2="86,81,5,57,7,80,118,93,6,96,97,32,37" hai3="0,135,21,108,104,102,126,107,91,72,29,19,63"/><T134/><D122/><U58/><E1/><V31/><F37/><W101/><G0/><T75/><D69/><U88/><E117/><V68/><F68/><W64/><G72/><T103/><D2/><U99/><E124/><V111/><F111/><W95/><G29/><T60/><D134/><U13/><E132/><V121/><F121/><W133/><G108/><T131/><D131/><U55/><E42/><V65/><F32/><W54/><G126/><T35/><D38/><U119/><E119/><V106/><F31/><W26/><G104/><T89/><D75/><U61/><E61/><V36/><F36/><W130/><G130/><T17/><D60/><U20/><E20/><V123/><F123/><W94/><G107/><T73/><D73/><U50/><E50/><V71/><F71/><W100/><G94/><T90/><D33/><U39/><E39/><V129/><F129/><W51/><G64/><T128/><D128/><U34/><E113/><V45/><F106/><W116/><G116/><T48/><D35/><U52/><E55/><V66/><F57/><W10/><G10/><T109/><D109/><U8/><E8/><V14/><F14/><W77/><G77/><N who="0" m="46191" /><D48/><U70/><E70/><V120/><F120/><W18/><G63/><T76/><D76/><U53/><E34/><V127/><F127/><W4/><G4/><T11/><D11/><U28/><E53/><V9/><F9/><W41/><G41/><T12/><D12/><N who="1" m="4683" /><E78/><V125/><F125/><W67/><G67/><T3/><D3/><U105/><E105/><V79/><F118/><W115/><G135/><RYUUKYOKU ba="0,0" sc="250,-10,250,30,250,-10,250,-10" hai1="23,24,28,52,58,62,87,88,92,99" /><INIT seed="1,1,0,5,5,67" ten="240,280,240,240" oya="1" hai0="64,15,74,117,7,114,106,25,123,31,81,56,104" hai1="44,14,105,39,103,0,2,66,29,100,79,4,12" hai2="17,59,87,55,52,23,6,99,129,11,82,113,71" hai3="101,50,90,41,73,18,86,32,107,110,8,28,20"/><U121/><E121/><V53/><F129/><W58/><G73/><T19/><D114/><U47/><E29/><V42/><F42/><W40/><G110/><T92/><D117/><U132/><E66/><V1/><F99/><W46/><G107/><T63/><D7/><U84/><E84/><V91/><F113/><W5/><G101/><T135/><D135/><U89/><E4/><V30/><F30/><W97/><G97/><T45/><D123/><U80/><E80/><V60/><REACH who="2" step="1"/><F71/><REACH who="2" ten="240,280,230,240" step="2"/><W35/><G28/><T34/><D31/><U9/><E132/><V62/><F62/><W112/><G41/><T119/><D63/><U93/><E105/><V69/><F69/><W65/><G112/><T95/><D119/><U13/><E39/><V96/><F96/><W108/><G108/><T133/><D133/><U116/><E116/><V49/><F49/><W126/><G50/><T37/><D37/><U130/><E130/><V88/><F88/><W85/><G90/><T128/><D128/><U38/><E38/><V125/><F125/><W78/><G126/><T27/><D106/><U16/><E100/><V54/><F54/><W83/><G40/><T98/><D98/><U122/><E103/><V22/><F22/><W131/><G20/><T61/><D61/><U75/><E122/><V24/><AGARI ba="1,1" hai="1,6,11,17,23,24,52,53,55,59,60,82,87,91" machi="24" ten="20,5200,0" yaku="1,1,0,1,7,1,54,1,53,0" doraHai="67" doraHaiUra="127" who="2" fromWho="2" sc="240,-14,280,-27,230,65,240,-14" /><INIT seed="2,0,0,0,2,123" ten="226,253,295,226" oya="2" hai0="89,55,106,111,56,20,47,73,101,9,15,135,105" hai1="23,13,84,71,74,10,25,108,121,19,124,96,6" hai2="116,43,125,97,26,76,7,33,65,126,109,112,4" hai3="131,48,95,100,120,35,21,64,113,110,14,134,129"/><V12/><F116/><W78/><G35/><T90/><D73/><U16/><E74/><V53/><F112/><W57/><G120/><T28/><D135/><U29/><E71/><V54/><F65/><W81/><G134/><T85/><D47/><U63/><E121/><V94/><F76/><W39/><G39/><T133/><D133/><U5/><E63/><V70/><F70/><W77/><G113/><T37/><D37/><U93/><E124/><N who="2" m="47723" /><F43/><W118/><G118/><T87/><D101/><U58/><E58/><V60/><F109/><W117/><G117/><T59/><D111/><U44/><E44/><V2/><F2/><W128/><G110/><T3/><D3/><U102/><E108/><V34/><F53/><N who="3" m="31911" /><G64/><T107/><D55/><U18/><E84/><V11/><F4/><AGARI ba="0,0" hai="4,5,6,10,13,16,18,19,23,25,29,93,96,102" machi="4" ten="40,2600,0" yaku="8,1,54,1" doraHai="123" who="1" fromWho="2" sc="226,0,253,26,295,-26,226,0" /><INIT seed="3,0,0,5,0,114" ten="226,279,269,226" oya="3" hai0="70,84,25,20,79,51,117,16,101,67,43,13,4" hai1="80,59,0,42,21,32,61,23,63,94,122,131,76" hai2="68,9,19,6,90,56,39,46,123,105,48,92,14" hai3="7,95,69,17,91,108,72,116,28,81,10,26,64"/><W62/><G108/><T38/><D38/><U110/><E122/><V44/><F68/><W30/><G17/><T132/><D132/><U107/><E107/><V78/><F105/><W22/><G30/><T65/><D101/><U87/><E0/><V50/><F39/><W45/><G45/><N who="0" m="26047" /><D117/><U113/><E110/><V120/><F78/><W75/><G81/><N who="0" m="47167" /><D70/><U133/><E32/><V135/><F135/><W124/><G124/><T88/><D88/><U66/><E131/><V58/><F123/><W49/><G49/><T57/><D57/><U47/><E113/><V100/><F100/><W40/><G40/><T1/><D1/><U118/><E118/><V82/><F82/><W97/><REACH who="3" step="1"/><G116/><REACH who="3" ten="226,279,269,216" step="2"/><T3/><D3/><AGARI ba="0,1" hai="3,7,10,22,26,28,62,64,69,72,75,91,95,97" machi="3" ten="30,5800,0" yaku="1,1,2,1,7,1,53,0" doraHai="114" doraHaiUra="119" who="3" fromWho="0" sc="226,-58,279,0,269,0,216,68" /><INIT seed="3,1,0,0,3,33" ten="168,279,269,284" oya="3" hai0="30,11,5,1,46,58,0,81,59,120,99,93,77" hai1="118,78,135,13,27,55,67,65,128,23,16,14,61" hai2="66,130,39,70,74,34,91,54,42,20,96,26,73" hai3="115,125,111,88,64,113,80,98,37,116,9,108,3"/><W94/><G37/><T24/><D120/><U101/><E128/><V51/><F34/><W79/><G64/><T121/><D121/><U85/><E135/><V82/><F130/><W71/><G71/><T22/><D46/><U12/><E101/><V134/><F42/><W41/><G41/><T87/><REACH who="0" step="1"/><D1/><REACH who="0" ten="158,279,269,284" step="2"/><U18/><E118/><V129/><F129/><W7/><G116/><T48/><D48/><U21/><E55/><V19/><F39/><W119/><G119/><T45/><D45/><U133/><E133/><V122/><F134/><W44/><G44/><T43/><D43/><U53/><E53/><V102/><F122/><W105/><G125/><T131/><D131/><U83/><REACH who="1" step="1"/><E67/><REACH who="1" ten="158,269,269,284" step="2"/><V56/><F66/><W32/><G113/><T100/><AGARI ba="1,2" hai="0,5,11,22,24,30,58,59,77,81,87,93,99,100" machi="100" ten="20,5200,0" yaku="1,1,0,1,7,1,52,1,53,0" doraHai="33" doraHaiUra="107" who="0" fromWho="0" sc="158,75,269,-14,269,-14,284,-27" /><INIT seed="4,0,0,5,1,28" ten="233,255,255,257" oya="0" hai0="35,77,115,48,3,63,12,52,5,38,118,22,82" hai1="27,99,55,18,1,34,6,30,24,59,114,26,92" hai2="76,106,16,96,33,78,108,88,15,97,57,39,91" hai3="8,79,64,74,17,13,56,126,123,86,81,19,120"/><T51/><D118/><U130/><E130/><V73/><F39/><W133/><G133/><T20/><D35/><U89/><E114/><V90/><F108/><W67/><G126/><T109/><D38/><U111/><E111/><V37/><F37/><W14/><G74/><T94/><D109/><U25/><E6/><V23/><F73/><W4/><G4/><T116/><D116/><U62/><REACH who="1" step="1"/><E1/><REACH who="1" ten="233,245,255,257" step="2"/><V135/><F135/><W122/><REACH who="3" step="1"/><G56/><REACH who="3" ten="233,245,255,247" step="2"/><T29/><D5/><U132/><E132/><V58/><F58/><W7/><G7/><T103/><D115/><U83/><E83/><V112/><F112/><W65/><G65/><T113/><D82/><U49/><E49/><V72/><F57/><W100/><G100/><T85/><D103/><U125/><E125/><V68/><F68/><W50/><G50/><T95/><D51/><U11/><E11/><AGARI ba="0,2" hai="8,11,13,14,17,19,64,67,79,81,86,120,122,123" machi="11" ten="40,5200,0" yaku="1,1,9,1,13,1,53,0" doraHai="28" doraHaiUra="36" who="3" fromWho="1" sc="233,0,245,-52,255,0,247,72" /><INIT seed="5,0,0,4,4,18" ten="233,193,255,319" oya="1" hai0="82,90,19,98,43,20,62,49,55,1,134,31,22" hai1="74,72,47,118,59,88,126,36,39,115,120,4,119" hai2="79,5,123,45,94,107,32,125,109,9,52,124,86" hai3="122,42,50,73,25,64,6,60,11,15,10,121,93"/><U80/><E120/><V129/><F107/><W133/><G73/><T66/><D1/><U13/><E126/><V23/><F32/><W95/><G133/><T58/><D134/><U69/><E69/><V71/><F71/><W97/><G95/><N who="0" m="56695" /><D43/><U8/><E115/><V51/><F123/><W127/><G127/><N who="2" m="48713" /><F129/><W130/><G130/><T16/><D82/><U65/><E72/><V44/><F109/><W81/><G81/><T89/><D89/><U7/><E7/><V53/><F79/><W84/><G84/><T101/><D101/><U35/><E35/><V33/><F33/><W56/><G11/><T24/><D20/><U108/><E108/><V75/><F75/><W54/><G42/><T17/><D31/><U76/><E88/><N who="2" m="53527" /><F23/><W30/><G93/><T12/><D24/><U67/><E39/><V41/><F44/><AGARI ba="0,0" hai="12,16,17,19,22,44,49,55,58,62,66" m="56695" machi="44" ten="30,3900,0" yaku="8,1,52,1,54,1" doraHai="18" who="0" fromWho="2" sc="233,39,193,0,255,-39,319,0" /><INIT seed="6,0,0,1,3,121" ten="272,193,216,319" oya="2" hai0="22,78,115,114,67,101,13,39,7,65,18,85,94" hai1="62,55,29,60,131,130,83,98,105,37,100,40,61" hai2="48,36,110,45,56,0,113,63,59,77,33,9,87" hai3="10,4,82,90,25,116,89,129,97,120,21,91,96"/><V73/><F33/><W23/><G120/><T46/><D7/><U72/><E29/><V92/><F36/><W84/><G116/><T31/><D31/><U17/><E17/><V109/><F73/><W47/><G129/><T112/><D101/><U103/><E103/><V99/><F113/><W125/><G125/><T95/><D78/><U128/><E40/><V5/><F87/><W3/><G47/><T30/><D30/><U43/><E43/><V71/><F71/><W6/><G6/><T134/><D134/><U32/><E37/><V132/><F77/><W93/><G25/><T50/><D39/><U38/><E38/><V104/><F104/><W88/><G91/><N who="0" m="53615" /><D95/><AGARI ba="0,0" hai="3,4,10,21,23,82,84,88,89,90,93,95,96,97" machi="95" ten="40,2600,0" yaku="9,1,54,1" doraHai="121" who="3" fromWho="0" sc="272,-26,193,0,216,0,319,26" /><INIT seed="7,0,0,3,1,85" ten="246,193,216,345" oya="3" hai0="3,30,50,6,36,8,79,64,66,42,20,48,41" hai1="63,121,128,73,39,1,99,67,0,29,82,43,53" hai2="124,54,74,25,81,131,95,90,34,35,80,44,76" hai3="17,129,69,109,92,11,111,46,5,87,100,130,77"/><W93/><G69/><T62/><D66/><U110/><E110/><N who="3" m="41994" /><G17/><T96/><D79/><U103/><E121/><V7/><F81/><N who="3" m="47535" /><G46/><T24/><D96/><U135/><E53/><V37/><F124/><W55/><G55/><T22/><D22/><U122/><E122/><V91/><F131/><N who="3" m="50187" /><G100/><T28/><D41/><U133/><E128/><V107/><F7/><W12/><AGARI ba="0,0" hai="5,11,12,92,93" m="50187,47535,41994" machi="12" ten="30,3000,0" yaku="10,1,19,1" doraHai="85" who="3" fromWho="3" sc="246,-10,193,-10,216,-10,345,30" owari="236,3.6,183,-31.7,206,-19.4,375,47.5" /></mjloggm>