<mjloggm ver="2.3"><GO type="169" lobby="0"/><UN n0="%E9%9B%AA%E3%81%AE%E8%8F%AF" n1="%E8%B5%A4%E7%BE%8E%E6%BF%83%E3%81%BE%E3%81%90%E3%82%8D" n2="%32%30%31%33%36%31%32" n3="%E3%81%BD%E3%81%A3%E3%81%91%E3%81%95%E3%82%93" dan="16,16,18,16" rate="2119.96,2187.99,2223.19,2180.76" sx="F,M,M,M"/><TAIKYOKU oya="0"/><INIT seed="0,0,0,5,2,85" ten="250,250,250,250" oya="0" hai0="68,38,66,112,1,42,96,5,67,103,126,110,27" hai1="122,3,92,93,117,131,12,31,115,28,54,132,91" hai2="101,89,44,34,8,51,80,57,61,106,88,109,49" hai3="22,116,129,46,107,87,100,7,2,18,124,59,39"/><T23/><D112/><U77/><E3/><V15/><F34/><W35/><G35/><T120/><D120/><U16/><E117/><V32/><F32/><W11/><G116/><T102/><D110/><U74/><E122/><V71/><F71/><W83/><G124/><T62/><D126/><U78/><E131/><V17/><F109/><W20/><G100/><T97/><D5/><U72/><E132/><V84/><F101/><W69/><G69/><T24/><D1/><U13/><E115/><V6/><F106/><W79/><G107/><T119/><D119/><U55/><REACH who="1" step="1"/><E16/><REACH who="1" ten="250,240,250,250" step="2"/><V105/><F105/><W0/><G2/><T104/><D27/><U76/><E76/><N who="2" m="46087" /><F17/><W86/><G129/><T36/><D66/><U128/><E128/><V135/><F135/><W30/><G18/><T90/><D24/><U94/><E94/><V134/><F134/><W111/><G111/><T123/><D123/><U125/><E125/><V53/><F49/><W98/><G79/><T37/><D104/><U48/><E48/><V45/><F45/><W130/><G46/><T40/><D37/><U65/><E65/><AGARI ba="0,1" hai="6,8,15,44,51,53,57,61,65,88,89" m="46087" machi="65" ten="30,7700,0" yaku="8,1,52,2,54,1" doraHai="85" who="2" fromWho="1" sc="250,0,240,-77,250,87,250,0" /><INIT seed="1,0,0,3,2,135" ten="250,163,337,250" oya="1" hai0="48,90,105,12,76,47,28,32,106,79,11,27,131" hai1="73,33,98,104,59,121,111,50,6,29,2,96,26" hai2="130,126,94,31,132,122,56,93,85,66,9,120,52" hai3="101,45,110,80,77,82,54,19,95,24,14,99,13"/><U64/><E121/><V37/><F132/><W42/><G110/><T125/><D131/><U0/><E111/><V74/><F74/><W36/><G82/><T16/><D125/><U129/><E73/><V84/><F37/><W65/><G65/><T124/><D124/><U58/><E129/><V43/><F43/><W10/><G54/><T57/><D57/><U20/><E104/><V83/><F66/><W34/><G34/><T133/><D133/><U134/><E134/><V112/><F83/><W107/><G24/><T97/><D106/><U68/><E68/><V21/><F56/><W127/><G14/><T8/><D8/><U72/><E72/><V38/><F38/><W15/><G15/><T39/><D39/><U44/><E33/><V61/><F21/><W4/><G127/><T103/><REACH who="0" step="1"/><D90/><REACH who="0" ten="240,163,337,250" step="2"/><U109/><E109/><V17/><F9/><W51/><G36/><T123/><D123/><U89/><E89/><V118/><F126/><W35/><G107/><T49/><D49/><U1/><E59/><V91/><F130/><W7/><G35/><T113/><D113/><U3/><E6/><V75/><F91/><W115/><G115/><T86/><D86/><AGARI ba="0,1" hai="4,7,10,13,19,42,45,51,77,80,86,95,99,101" machi="86" ten="30,2000,0" yaku="7,1,8,1" doraHai="135" who="3" fromWho="0" sc="240,-20,163,0,337,0,250,30" /><INIT seed="2,0,0,3,3,122" ten="220,163,337,280" oya="2" hai0="97,2,76,52,133,15,9,6,88,56,66,75,96" hai1="89,135,10,0,23,43,3,84,59,20,14,51,58" hai2="8,57,128,70,103,46,102,40,22,5,63,28,127" hai3="87,62,11,64,77,99,129,104,12,100,92,101,109"/><V49/><F127/><W78/><G129/><T45/><D133/><U105/><E105/><V44/><F70/><W7/><G109/><T123/><D123/><U90/><E135/><V86/><F128/><W37/><G37/><T55/><D76/><U19/><E0/><V85/><F44/><W118/><G118/><T42/><D75/><U25/><E3/><V65/><F22/><W29/><G29/><T71/><D71/><U81/><E90/><V126/><F28/><W79/><G101/><T68/><D68/><U34/><E34/><V80/><F86/><W114/><G114/><T107/><D107/><U31/><REACH who="1" step="1"/><E23/><REACH who="1" ten="220,153,337,280" step="2"/><V73/><F126/><W108/><G104/><T38/><D2/><U110/><E110/><V61/><F102/><W48/><G108/><T39/><D88/><U117/><E117/><V132/><F103/><W119/><G119/><T91/><D91/><U24/><E24/><V115/><F132/><W106/><G106/><T67/><D97/><U26/><E26/><V130/><F130/><W111/><G111/><T18/><D96/><U16/><E16/><V125/><F125/><W116/><G116/><T35/><D18/><U36/><E36/><V32/><F32/><W21/><G21/><T121/><D35/><U131/><E131/><V93/><F115/><W83/><G79/><T41/><D121/><U94/><E94/><V53/><F93/><W30/><G78/><T4/><D4/><U1/><E1/><V120/><F5/><W134/><G134/><T27/><D27/><U113/><E113/><V124/><F124/><W74/><G92/><RYUUKYOKU ba="0,1" sc="220,-10,153,30,337,-10,280,-10" hai1="10,14,19,20,25,31,43,51,58,59,81,84,89" /><INIT seed="3,1,1,1,2,99" ten="210,183,327,270" oya="3" hai0="35,27,33,90,76,34,70,38,116,74,12,57,60" hai1="80,2,29,21,8,96,118,65,44,37,41,129,83" hai2="46,20,124,7,1,98,130,88,51,106,39,14,16" hai3="50,64,78,102,61,30,17,81,59,77,104,48,5"/><W18/><G5/><T15/><D70/><U66/><E118/><V69/><F69/><W62/><G30/><T114/><D38/><U58/><E129/><V73/><F73/><W63/><G63/><T134/><D134/><U91/><E91/><V0/><F130/><W125/><G125/><T84/><D116/><U10/><E96/><V122/><F124/><W95/><G95/><T126/><D114/><U75/><E58/><V101/><F39/><W31/><G31/><T13/><D126/><U22/><E83/><V28/><F122/><W4/><G4/><T135/><D135/><U121/><E121/><V111/><F111/><W97/><G78/><T132/><D132/><U89/><E89/><V119/><F119/><W120/><G120/><T68/><D68/><U54/><E54/><V107/><F107/><W105/><G105/><T53/><D27/><U56/><E56/><V52/><F7/><W47/><G62/><T79/><REACH who="0" step="1"/><D74/><REACH who="0" ten="200,183,327,270" step="2"/><U71/><E71/><V9/><REACH who="2" step="1"/><F88/><REACH who="2" ten="200,183,317,270" step="2"/><W82/><G102/><T110/><D110/><U42/><E37/><V85/><F85/><W49/><G77/><T26/><D26/><AGARI ba="1,3" hai="0,1,9,14,16,20,26,28,46,51,52,98,101,106" machi="26" ten="40,8000,1" yaku="1,1,52,1,54,2,53,0" doraHai="99" doraHaiUra="123" who="2" fromWho="0" sc="200,-83,183,0,317,113,270,0" /><INIT seed="4,0,0,3,4,65" ten="117,183,430,270" oya="0" hai0="74,8,118,123,3,131,87,46,20,78,57,13,108" hai1="124,19,60,16,29,115,81,34,77,105,61,7,53" hai2="93,11,94,5,132,42,55,59,12,109,112,72,21" hai3="1,24,51,104,10,119,111,17,83,114,133,58,79"/><T103/><D118/><U40/><E105/><V66/><F109/><W38/><G38/><T48/><D123/><U127/><E40/><V43/><F72/><W97/><G111/><T70/><D108/><U125/><E7/><V107/><F107/><W14/><G114/><T22/><D131/><U89/><E89/><V28/><F66/><W31/><G133/><T117/><D117/><U126/><N who="1" m="31744" /><DORA hai="4" /><U96/><E96/><V44/><F112/><W41/><G1/><T86/><D74/><U39/><E39/><V23/><F42/><W76/><G119/><T82/><D103/><U106/><E106/><V68/><F68/><W47/><G58/><T71/><D3/><U122/><E122/><V45/><F45/><W99/><G104/><T56/><D86/><N who="1" m="48431" /><E115/><V88/><F88/><W27/><G79/><T90/><D90/><U30/><E53/><V128/><F55/><W113/><G113/><T135/><D135/><U102/><E102/><V62/><F43/><W98/><REACH who="3" step="1"/><G31/><REACH who="3" ten="117,183,430,260" step="2"/><N who="1" m="11786" /><E34/><V129/><F132/><W15/><G15/><T50/><D57/><U69/><E69/><V26/><F12/><W75/><AGARI ba="0,1" hai="10,14,17,24,27,41,47,51,75,76,83,97,98,99" machi="75" ten="30,12000,2" yaku="1,1,0,1,52,1,53,3" doraHai="65,4" doraHaiUra="63,95" who="3" fromWho="3" sc="117,-60,183,-30,430,-30,260,130" /><INIT seed="5,0,0,4,1,10" ten="57,153,400,390" oya="1" hai0="57,36,20,34,65,91,121,45,47,76,92,44,13" hai1="31,40,73,15,117,89,78,30,9,85,108,55,128" hai2="62,98,0,99,33,104,74,116,23,42,113,84,2" hai3="8,133,11,70,131,58,19,52,105,46,82,16,63"/><U94/><E117/><V110/><F74/><W123/><G123/><T101/><D34/><U90/><E128/><V12/><F33/><W66/><G105/><T130/><D130/><U32/><E108/><V29/><F110/><W107/><G107/><T112/><D112/><U54/><E73/><V5/><F42/><W118/><G131/><T1/><D1/><U49/><E78/><V53/><F84/><W132/><G46/><T93/><D121/><U64/><E64/><V67/><F53/><W124/><G124/><T37/><D76/><U48/><E40/><V4/><F98/><W114/><G82/><T103/><D57/><N who="1" m="32967" /><E89/><V50/><F67/><W119/><G114/><T72/><D65/><U100/><E100/><V125/><F116/><N who="3" m="44587" /><G8/><T115/><D72/><U77/><E77/><V69/><F113/><W60/><G11/><T126/><D115/><U28/><E32/><V14/><F0/><W26/><G26/><T6/><D6/><N who="1" m="3511" /><E31/><V134/><F29/><W68/><G68/><T129/><D129/><U24/><E24/><V127/><F69/><W122/><G122/><T102/><D126/><U86/><E86/><V106/><F125/><W88/><G88/><T79/><D79/><U111/><E111/><V109/><F109/><W59/><G70/><T81/><D81/><U35/><E35/><V38/><F127/><W51/><G63/><T135/><D135/><AGARI ba="0,0" hai="16,19,51,52,58,59,60,66,132,133,135" m="44587" machi="135" ten="30,7700,0" yaku="20,1,12,1,54,2" doraHai="10" who="3" fromWho="0" sc="57,-77,153,0,400,0,390,77" owari="-20,-52.0,153,-24.7,400,20.0,467,56.7" /></mjloggm>