<mjloggm ver="2.3"><GO type="169" lobby="0"/><UN n0="%6D%79%6D%65%6C%6F%58%58" n1="%E6%82%94%E3%81%84%E3%82%BF%E3%83%B3" n2="%6F%6C%69%76%65%72" n3="%E3%81%A6%E3%81%BE%E3%81%A1" dan="17,17,16,17" rate="2218.33,2188.52,2039.37,2139.15" sx="M,M,M,M"/><TAIKYOKU oya="0"/><INIT seed="0,0,0,5,4,104" ten="250,250,250,250" oya="0" hai0="61,116,125,5,1,57,34,63,0,42,118,70,78" hai1="44,6,16,27,26,106,71,23,58,109,89,129,10" hai2="31,60,94,4,72,17,30,12,28,37,33,19,101" hai3="24,131,40,7,22,48,97,128,119,122,45,47,91"/><T62/><D34/><U14/><E71/><V83/><F37/><W110/><G119/><T134/><D134/><U32/><E109/><V25/><F60/><W112/><G112/><T35/><D35/><U80/><E129/><V85/><F4/><W127/><G110/><T132/><D132/><U88/><E106/><V59/><F59/><W103/><G127/><T3/><D70/><U41/><E58/><V93/><F19/><W90/><G122/><T65/><D63/><U13/><E80/><V130/><F93/><W43/><G7/><T56/><D5/><U36/><REACH who="1" step="1"/><E27/><REACH who="1" ten="250,240,250,250" step="2"/><V20/><F130/><W77/><G131/><T120/><D120/><U29/><AGARI ba="0,1" hai="6,10,13,14,16,23,26,29,32,36,41,44,88,89" machi="29" ten="30,8000,1" yaku="1,1,2,1,0,1,54,2,53,0" doraHai="104" doraHaiUra="92" who="1" fromWho="1" sc="250,-40,240,90,250,-20,250,-20" /><INIT seed="1,0,0,4,3,108" ten="210,330,230,230" oya="1" hai0="73,32,120,74,94,56,112,26,11,22,48,34,69" hai1="55,31,122,5,75,44,37,117,134,95,115,104,86" hai2="64,10,8,119,82,111,4,17,39,30,7,24,9" hai3="98,71,83,131,62,63,128,27,46,118,51,132,54"/><U50/><E117/><V59/><F39/><W109/><G83/><T84/><D69/><U125/><E122/><V92/><F119/><W25/><G98/><T107/><D107/><U127/><E75/><V129/><F111/><W77/><G77/><T3/><D120/><U88/><E134/><V0/><F129/><N who="3" m="49739" /><G109/><T67/><D34/><U79/><E79/><V78/><F92/><W85/><G85/><T99/><D32/><U16/><E31/><V12/><F64/><W76/><G76/><T102/><D84/><U52/><E37/><V103/><F103/><W40/><G27/><T89/><D89/><U70/><E5/><V68/><F68/><W14/><G14/><T53/><D67/><U28/><E28/><V97/><F97/><W57/><G25/><T38/><D38/><U2/><E2/><V87/><F59/><N who="3" m="35191" /><G118/><T81/><D81/><U90/><E70/><V106/><F106/><W47/><G71/><T15/><D3/><U49/><E104/><V18/><REACH who="2" step="1"/><F8/><REACH who="2" ten="210,330,220,230" step="2"/><W101/><G101/><T113/><D74/><U110/><E110/><V123/><F123/><W124/><G47/><T60/><D73/><U6/><E44/><V130/><F130/><W114/><G132/><T42/><D11/><U43/><E95/><V19/><F19/><W100/><G100/><T135/><D135/><U96/><E16/><V66/><F66/><N who="3" m="39279" /><G124/><T23/><D94/><U13/><E125/><V41/><F41/><W121/><G121/><T29/><D99/><U65/><E96/><V33/><AGARI ba="0,1" hai="0,4,7,9,10,12,17,18,24,30,33,78,82,87" machi="33" ten="20,2700,0" yaku="1,1,0,1,7,1,53,0" doraHai="108" doraHaiUra="36" who="2" fromWho="2" sc="210,-7,330,-13,220,37,230,-7" /><INIT seed="2,0,0,4,3,104" ten="203,317,257,223" oya="2" hai0="85,86,56,108,88,68,64,7,115,69,110,78,105" hai1="55,57,102,133,74,8,29,31,10,132,45,117,9" hai2="130,90,135,66,48,19,112,11,107,124,2,106,43" hai3="92,77,134,4,99,119,28,36,123,70,75,63,47"/><V18/><F112/><W93/><G119/><T34/><D115/><U14/><E117/><V61/><F130/><W116/><G123/><T46/><D105/><U17/><E102/><V125/><F135/><N who="1" m="51785" /><E45/><N who="2" m="25663" /><F90/><W27/><G116/><T21/><D34/><U128/><E128/><V118/><F118/><W87/><G4/><T52/><D46/><U20/><E74/><V89/><F89/><W114/><G114/><T51/><D7/><U95/><E95/><V97/><F18/><W80/><G134/><T83/><D21/><U13/><E14/><N who="2" m="7647" /><F97/><W111/><G99/><T71/><REACH who="0" step="1"/><D64/><REACH who="0" ten="193,317,257,223" step="2"/><U67/><E67/><V24/><F106/><W131/><G47/><T59/><D59/><U81/><E81/><AGARI ba="0,1" hai="51,52,56,68,69,71,78,81,83,85,86,88,108,110" machi="81" ten="50,6400,0" yaku="1,1,54,2,53,0" doraHai="104" doraHaiUra="3" who="0" fromWho="1" sc="193,74,317,-64,257,0,223,0" /><INIT seed="3,0,0,3,2,9" ten="267,253,257,223" oya="3" hai0="30,35,2,19,97,31,130,129,87,52,39,21,59" hai1="40,37,99,118,68,3,50,115,124,86,55,24,66" hai2="41,67,117,61,46,82,25,8,122,48,88,28,36" hai3="126,43,95,123,100,102,29,85,103,93,13,65,69"/><W11/><G126/><T133/><D39/><U5/><E115/><V20/><F117/><W135/><G135/><T60/><D2/><U105/><E124/><V51/><F122/><W22/><G123/><T134/><D97/><U27/><E118/><V131/><F131/><N who="0" m="50186" /><D87/><U10/><E86/><V64/><F8/><W17/><G43/><T78/><D78/><U89/><E89/><V92/><F82/><W120/><G120/><T63/><D60/><N who="1" m="40007" /><E99/><V101/><F101/><W34/><G34/><T90/><D90/><U18/><E18/><V75/><F64/><W71/><G65/><T76/><D76/><U14/><E105/><V58/><REACH who="2" step="1"/><F75/><REACH who="2" ten="267,253,247,223" step="2"/><W119/><G119/><T79/><D79/><U72/><E72/><V73/><F73/><W44/><G71/><T128/><D128/><U16/><E3/><V53/><F53/><W47/><G69/><T57/><D57/><N who="1" m="33015" /><E5/><V83/><F83/><W0/><G0/><T49/><D133/><U116/><E116/><V98/><AGARI ba="0,1" hai="20,25,28,36,41,46,48,51,58,61,67,88,92,98" machi="98" ten="20,5200,0" yaku="1,1,0,1,7,1,54,1,53,0" doraHai="9" doraHaiUra="108" who="2" fromWho="2" sc="267,-13,253,-13,247,62,223,-26" /><INIT seed="4,0,0,0,4,1" ten="254,240,309,197" oya="0" hai0="78,93,123,67,101,62,43,134,34,54,120,59,5" hai1="104,75,76,105,106,117,15,11,45,63,32,33,135" hai2="61,6,10,82,35,57,52,119,107,114,28,112,73" hai3="50,131,71,20,16,70,42,29,102,7,98,115,116"/><T9/><D34/><U36/><E117/><V122/><F122/><W8/><G116/><T56/><D134/><U64/><E135/><V0/><F119/><W113/><G29/><T85/><D43/><U49/><E36/><V126/><F126/><W133/><G133/><T130/><D130/><U4/><E76/><V19/><F107/><W47/><G131/><T125/><D125/><U89/><E75/><V14/><F82/><W91/><G91/><T46/><D46/><U124/><E89/><V111/><F111/><W55/><G42/><T40/><D40/><U68/><REACH who="1" step="1"/><E124/><REACH who="1" ten="254,230,309,197" step="2"/><V72/><F72/><W21/><G115/><T110/><D110/><U53/><AGARI ba="0,1" hai="4,11,15,32,33,45,49,53,63,64,68,104,105,106" machi="53" ten="30,12000,2" yaku="1,1,2,1,0,1,52,1,53,3" doraHai="1" doraHaiUra="103" who="1" fromWho="1" sc="254,-60,230,130,309,-30,197,-30" /><INIT seed="5,0,0,2,3,23" ten="194,360,279,167" oya="1" hai0="49,64,124,14,4,36,86,20,53,0,56,134,87" hai1="57,63,13,78,102,122,133,38,67,99,81,3,113" hai2="1,114,103,128,96,123,62,7,119,28,30,116,118" hai3="84,90,71,130,34,132,51,117,42,9,120,50,65"/><U125/><E3/><V54/><F123/><W106/><G120/><T82/><D36/><U94/><E122/><V27/><F128/><W17/><G106/><T6/><D124/><U32/><E125/><V58/><F114/><W73/><G73/><T70/><D134/><U48/><E38/><V72/><F72/><W37/><G34/><T83/><D0/><U12/><E113/><V92/><F28/><W2/><G130/><T107/><D107/><U22/><E32/><V129/><F129/><W108/><G108/><T126/><D70/><U40/><E133/><V8/><REACH who="2" step="1"/><F118/><REACH who="2" ten="194,360,269,167" step="2"/><W76/><G117/><T69/><D126/><U5/><E5/><V80/><F80/><W11/><G132/><T68/><D83/><U95/><E81/><V75/><F75/><W35/><G17/><T45/><D6/><U112/><E112/><V100/><F100/><W97/><G2/><T105/><D4/><U104/><E102/><V29/><F29/><W39/><G35/><AGARI ba="0,1" hai="1,7,8,27,30,35,54,58,62,92,96,103,116,119" machi="35" ten="30,3900,0" yaku="1,1,7,1,52,1,53,0" doraHai="23" doraHaiUra="127" who="2" fromWho="3" sc="194,0,360,0,269,49,167,-39" /><INIT seed="6,0,0,1,2,59" ten="194,360,318,128" oya="2" hai0="66,58,94,12,108,123,39,101,111,25,19,98,8" hai1="42,13,45,15,72,115,75,29,118,133,52,127,76" hai2="93,116,5,80,62,105,126,131,91,70,119,1,32" hai3="23,9,56,35,81,28,22,18,92,130,74,100,0"/><V24/><F105/><W73/><G130/><T30/><D39/><U10/><E118/><V86/><F131/><W77/><G22/><T54/><D123/><U46/><E115/><V85/><F126/><W49/><G100/><T78/><D78/><U106/><E106/><V47/><F47/><W33/><G33/><T122/><D122/><U4/><E29/><V124/><F124/><W43/><G92/><T134/><D134/><U69/><E69/><V61/><F70/><W7/><G43/><T31/><D31/><U6/><E133/><V102/><F32/><W114/><G114/><T68/><D68/><U117/><E76/><V64/><F24/><W88/><G49/><T96/><D96/><U87/><E87/><V71/><F61/><W129/><G56/><T27/><D27/><U83/><E83/><V55/><F55/><W63/><G63/><T135/><D135/><U128/><E117/><V44/><F44/><W36/><G36/><T104/><D104/><U132/><E128/><V113/><F113/><W67/><G67/><T120/><D66/><U110/><E132/><V41/><F41/><W97/><G129/><T3/><D3/><U89/><E46/><V48/><F48/><W109/><G109/><T65/><D65/><U79/><E110/><V99/><REACH who="2" step="1"/><F86/><REACH who="2" ten="194,360,308,128" step="2"/><N who="3" m="48431" /><G35/><N who="0" m="20943" /><D120/><U2/><E127/><V84/><F84/><W37/><G37/><T112/><D112/><U107/><E42/><V95/><F95/><N who="3" m="56551" /><G28/><T53/><D53/><U20/><E52/><V14/><F14/><N who="3" m="9687" /><G74/><T26/><D26/><U121/><E72/><V90/><F90/><W60/><G73/><RYUUKYOKU ba="0,1" sc="194,10,360,-30,308,10,128,10" hai0="8,12,19,54,58,94,98,101,108,111" hai2="1,5,62,64,71,80,85,91,93,99,102,116,119" hai3="0,7,9,60" /><INIT seed="6,1,1,2,4,91" ten="204,330,318,138" oya="2" hai0="71,5,64,129,114,98,67,54,120,81,118,32,115" hai1="37,1,23,41,51,28,52,38,87,26,69,133,84" hai2="95,9,22,90,117,14,19,60,10,6,123,78,124" hai3="74,31,126,80,17,77,102,33,47,50,65,24,130"/><V119/><F123/><W68/><G130/><T66/><D120/><U86/><E69/><V89/><F124/><W0/><G126/><T116/><D32/><U39/><E133/><V83/><F60/><W4/><G102/><T61/><D5/><U2/><REACH who="1" step="1"/><E41/><REACH who="1" ten="204,320,318,138" step="2"/><V48/><F117/><N who="0" m="45162" /><D129/><U73/><E73/><V128/><BYE who="0" /><F119/><W93/><G68/><T3/><D3/><U88/><E88/><UN n0="%6D%79%6D%65%6C%6F%58%58" /><V104/><F90/><W58/><G0/><T110/><D110/><U103/><E103/><V94/><F89/><W29/><G74/><T30/><D30/><U121/><E121/><V55/><F128/><W20/><G31/><T125/><D125/><U111/><E111/><V134/><F134/><W21/><G29/><T127/><D127/><U11/><E11/><V56/><F104/><W44/><G33/><T36/><D81/><U34/><E34/><V76/><F9/><W135/><G80/><T112/><D98/><U106/><E106/><V63/><F78/><W13/><G77/><T35/><D35/><U82/><E82/><V18/><F83/><W108/><G108/><T62/><D36/><U100/><E100/><V101/><F101/><W85/><G135/><T105/><D105/><U46/><AGARI ba="1,2" hai="1,2,23,26,28,37,38,39,46,51,52,84,86,87" machi="46" ten="40,8000,1" yaku="1,1,0,1,54,1,53,1" doraHai="91" doraHaiUra="45" who="1" fromWho="1" sc="204,-21,320,103,318,-41,138,-21" /><INIT seed="7,0,0,0,3,51" ten="183,423,277,117" oya="3" hai0="5,113,85,36,44,96,38,11,72,56,15,47,10" hai1="78,20,32,98,122,39,110,105,18,130,119,118,66" hai2="93,132,45,114,127,80,89,123,131,55,120,116,83" hai3="121,101,34,81,64,115,2,16,73,48,97,0,103"/><W75/><G121/><N who="2" m="46665" /><F116/><W62/><G34/><T94/><D72/><U14/><E110/><V7/><F114/><W29/><G29/><T86/><D38/><U108/><E108/><V58/><F131/><W111/><G111/><T69/><D69/><U109/><E32/><V134/><F7/><W77/><G115/><T43/><D113/><U59/><E130/><V112/><F45/><W23/><G73/><T99/><D99/><U71/><E98/><N who="2" m="57647" /><F112/><W4/><G48/><T28/><D28/><U33/><E66/><V95/><F95/><W65/><G65/><T60/><D11/><U24/><E71/><V46/><F46/><N who="0" m="17450" /><D43/><U87/><E39/><V100/><F127/><W91/><G91/><N who="0" m="55391" /><D36/><U133/><E109/><V37/><F100/><W6/><G0/><T82/><D82/><N who="2" m="31274" /><F37/><W54/><G103/><T67/><AGARI ba="0,0" hai="5,10,15,56,60,67,85,86" m="55391,17450" machi="67" ten="30,1100,0" yaku="8,1" doraHai="51" who="0" fromWho="0" sc="183,11,423,-3,277,-3,117,-5" owari="194,-20.6,420,52.0,274,7.4,112,-38.8" /></mjloggm>