<mjloggm ver="2.3"><GO type="169" lobby="0"/><UN n0="%E6%97%A5%E9%99%B0%E3%81%95%E3%82%93" n1="%69%6E%64%69%61%3D" n2="%E3%83%A8%E3%82%B7%E3%83%86%E3%83%AB%37%30%38" n3="%E9%95%B7%E5%A4%A7%E3%82%92%E5%87%BA%E3%81%9F%E3%81%91%E3%82%8C%E3%81%A9" dan="17,16,16,16" rate="2190.53,2070.80,2076.01,2167.54" sx="F,M,M,M"/><TAIKYOKU oya="0"/><INIT seed="0,0,0,2,4,10" ten="250,250,250,250" oya="0" hai0="37,29,108,5,100,58,22,92,106,34,115,26,45" hai1="30,65,105,56,6,132,70,52,113,128,49,77,104" hai2="20,99,122,96,94,19,69,38,90,17,18,82,71" hai3="64,76,120,4,15,51,135,63,103,62,46,54,2"/><T86/><D115/><U67/><E113/><V97/><F38/><W42/><G120/><T39/><D106/><U117/><E117/><V36/><F36/><W89/><G135/><T134/><D134/><U110/><E132/><V79/><F122/><W31/><G2/><T53/><D5/><U61/><E110/><V8/><F8/><N who="3" m="4487" /><G103/><T112/><D112/><U60/><E128/><V0/><F0/><W41/><G31/><T93/><D108/><U32/><E77/><V88/><F20/><W83/><G76/><T95/><D100/><U11/><E30/><V129/><F129/><W16/><G16/><T1/><D1/><U43/><E43/><N who="3" m="16394" /><G64/><T127/><D34/><U133/><E32/><V35/><F35/><W25/><G25/><T72/><D72/><U28/><E28/><V116/><F116/><W57/><G46/><T126/><D45/><U123/><E123/><V68/><REACH who="2" step="1"/><F94/><REACH who="2" ten="250,250,240,250" step="2"/><W87/><AGARI ba="0,1" hai="51,54,57,62,63,83,87,89" m="16394,4487" machi="87" ten="30,2000,0" yaku="8,1,52,1" doraHai="10" who="3" fromWho="3" sc="250,-10,250,-5,240,-5,250,30" /><INIT seed="1,0,0,1,4,82" ten="240,245,235,280" oya="1" hai0="109,10,74,72,14,48,23,89,36,16,81,8,19" hai1="107,20,114,64,101,79,34,58,37,41,29,80,24" hai2="18,12,39,131,11,69,119,118,104,115,44,42,95" hai3="123,117,97,45,22,3,38,100,54,96,94,129,25"/><U7/><E114/><V85/><F115/><W51/><G3/><T116/><D36/><U135/><E135/><V43/><F131/><W108/><G129/><T75/><D116/><U40/><E37/><V56/><F104/><W68/><G68/><T87/><D109/><U112/><E112/><V126/><F69/><W33/><G108/><T63/><D63/><U47/><E7/><V83/><F43/><W90/><G38/><T77/><D48/><U125/><E125/><V26/><F126/><W27/><G117/><T71/><D71/><U113/><E113/><V61/><F95/><W70/><G70/><T92/><REACH who="0" step="1"/><D19/><REACH who="0" ten="230,245,235,280" step="2"/><U111/><E111/><V128/><F128/><W55/><G51/><T132/><D132/><U98/><E47/><V93/><F118/><W21/><G45/><T52/><D52/><U32/><E40/><V2/><F119/><W65/><G54/><T49/><D49/><U124/><E41/><V4/><F61/><W59/><G55/><T88/><D88/><U78/><E124/><V133/><F56/><W62/><G90/><T91/><D91/><U121/><E78/><N who="2" m="46327" /><F133/><W127/><G59/><T35/><D35/><U110/><E110/><V15/><F44/><W99/><G33/><T31/><D31/><U46/><E46/><V0/><F42/><W30/><G127/><T120/><D120/><U67/><E121/><V5/><F39/><W106/><G123/><T57/><D57/><U105/><E58/><V17/><F17/><W50/><G62/><T1/><D1/><U134/><E134/><V84/><F2/><W130/><G50/><RYUUKYOKU ba="0,1" sc="230,30,245,-10,235,-10,280,-10" hai0="8,10,14,16,23,72,74,75,77,81,87,89,92" /><INIT seed="2,1,1,5,3,124" ten="260,235,225,270" oya="2" hai0="49,104,78,76,129,65,51,0,13,94,72,110,74" hai1="70,88,28,42,55,98,116,23,120,47,40,109,59" hai2="87,80,118,100,79,93,21,105,39,15,106,127,33" hai3="61,14,12,36,114,92,2,96,52,48,122,1,64"/><V101/><F33/><W123/><G36/><T71/><D104/><N who="2" m="40042" /><F39/><W95/><G114/><T115/><D0/><U126/><E116/><V121/><F21/><W107/><G107/><T86/><D115/><U132/><E70/><V62/><F15/><W3/><G14/><T27/><D110/><U43/><E109/><V83/><F62/><W35/><G12/><T30/><D13/><U131/><E126/><V81/><F118/><W19/><G19/><T69/><D65/><U125/><E125/><V31/><F31/><W5/><G35/><T63/><D63/><U73/><E73/><N who="2" m="43119" /><F127/><W32/><G32/><T45/><D45/><U4/><E4/><V134/><F134/><W133/><G133/><T44/><D44/><U17/><E132/><V38/><F38/><W108/><G5/><T25/><D30/><U22/><E28/><V84/><F121/><W128/><G108/><T57/><D57/><U16/><E120/><V29/><F29/><W102/><G123/><T18/><D18/><N who="1" m="7275" /><E47/><V58/><F58/><W119/><G122/><T112/><D112/><U6/><E6/><V66/><F66/><W77/><G64/><T60/><D60/><N who="1" m="35967" /><E22/><V135/><F135/><W41/><G119/><T26/><D69/><U91/><E23/><V37/><F37/><W89/><G1/><T99/><D71/><U53/><E53/><V8/><F8/><W85/><G2/><T75/><D49/><U34/><E34/><V67/><F67/><W82/><G48/><T7/><D51/><U90/><E98/><N who="2" m="59471" /><F101/><W10/><G3/><T50/><D7/><U130/><AGARI ba="1,1" hai="40,42,43,88,90,91,130,131" m="35967,7275" machi="130" ten="40,8000,1" yaku="5,1,52,2,54,2" doraHai="124" who="1" fromWho="1" sc="260,-21,235,93,225,-41,270,-21" /><INIT seed="3,0,0,0,4,82" ten="239,328,184,249" oya="3" hai0="23,34,57,65,90,113,100,129,80,31,10,130,48" hai1="61,8,29,119,16,83,111,24,70,35,98,39,42" hai2="66,117,104,84,134,116,105,85,76,63,69,103,135" hai3="87,45,21,46,37,44,77,32,53,33,28,91,54"/><W112/><G112/><T58/><D113/><U25/><E111/><V110/><F76/><W17/><G37/><T26/><D100/><U81/><E119/><N who="2" m="45643" /><F103/><W30/><G77/><T60/><D10/><U50/><E39/><V99/><F99/><W12/><G32/><T79/><D90/><U121/><E121/><V1/><F1/><W64/><G64/><T133/><D133/><N who="2" m="50698" /><F110/><W108/><G108/><T52/><REACH who="0" step="1"/><D34/><REACH who="0" ten="229,328,184,249" step="2"/><U97/><E8/><V93/><F93/><N who="3" m="54527" /><G33/><T125/><D125/><U101/><E101/><V123/><F123/><W106/><G106/><AGARI ba="0,1" hai="63,66,69,84,85,104,105,106" m="50698,45643" machi="106" ten="40,5200,0" yaku="20,1,52,2" doraHai="82" who="2" fromWho="3" sc="229,0,328,0,184,62,249,-52" /><INIT seed="4,0,0,5,1,105" ten="229,328,246,197" oya="0" hai0="66,68,85,97,118,129,95,14,24,108,67,43,37" hai1="112,133,39,80,90,25,87,110,126,131,55,33,41" hai2="13,57,107,64,8,35,27,34,121,56,28,54,52" hai3="116,32,61,79,92,7,20,44,102,63,122,86,45"/><T16/><D118/><U46/><E110/><V40/><F121/><W115/><G116/><T1/><D1/><U73/><E131/><V111/><F107/><W89/><G32/><T60/><D108/><U12/><E133/><V6/><F111/><W76/><G122/><T132/><D129/><U93/><E126/><V78/><F40/><W91/><G115/><T134/><D67/><U47/><E112/><V70/><F70/><W82/><G7/><T48/><D37/><U109/><E109/><V42/><F42/><W53/><G102/><T77/><D24/><U94/><E12/><V15/><F35/><W135/><G135/><T88/><D43/><U104/><E104/><V58/><F78/><W125/><G125/><T19/><D48/><U117/><E117/><V103/><F103/><W23/><G92/><T120/><D19/><U72/><E47/><V0/><F64/><W17/><G91/><T130/><D130/><U69/><E69/><V65/><F65/><W2/><G2/><T75/><D97/><U106/><E55/><V83/><F83/><W114/><G114/><T123/><D123/><U51/><E106/><V113/><F113/><W96/><G96/><T29/><D29/><N who="1" m="19631" /><E39/><V99/><F99/><W50/><G45/><T5/><D5/><U84/><E94/><V31/><F31/><W38/><G38/><T30/><D30/><U59/><E59/><V10/><F0/><W81/><G81/><N who="0" m="45247" /><D120/><U18/><E18/><V101/><F101/><W127/><G127/><T4/><D4/><AGARI ba="0,0" hai="4,6,8,10,13,15,27,28,34,52,54,56,57,58" machi="4" ten="40,2600,0" yaku="9,1,54,1" doraHai="105" who="2" fromWho="0" sc="229,-26,328,0,246,26,197,0" /><INIT seed="5,0,0,4,2,60" ten="203,328,272,197" oya="1" hai0="12,133,67,47,22,123,117,107,18,97,76,0,113" hai1="45,44,20,29,78,91,57,69,121,120,86,37,92" hai2="56,10,50,53,35,99,25,77,43,7,122,6,124" hai3="96,27,61,111,109,39,26,84,87,79,11,125,81"/><U30/><E69/><V116/><F116/><W36/><G125/><T23/><D117/><U32/><E32/><V98/><F124/><W135/><G135/><T70/><D0/><U82/><E57/><V34/><F7/><W38/><G11/><T33/><D33/><U2/><E2/><V55/><F43/><W80/><G96/><T131/><D133/><U128/><E128/><V102/><F98/><W130/><G130/><T112/><D131/><U119/><E119/><V8/><F8/><W65/><G111/><T90/><D123/><U19/><E121/><V3/><F25/><W41/><G41/><T40/><D76/><U75/><E120/><V100/><F100/><W73/><G109/><T127/><D23/><U89/><E37/><V108/><F77/><W66/><G73/><T49/><D127/><U48/><E91/><V24/><F24/><W126/><G126/><T54/><D40/><U4/><E4/><V88/><F88/><W115/><G115/><T51/><D51/><U132/><E132/><V64/><F55/><W110/><G110/><T46/><D46/><U52/><REACH who="1" step="1"/><E44/><REACH who="1" ten="203,318,272,197" step="2"/><N who="2" m="27847" /><F122/><W59/><G38/><T9/><D90/><U74/><E74/><V94/><F108/><W68/><G39/><T129/><D129/><U13/><AGARI ba="0,1" hai="13,19,20,29,30,45,48,52,75,78,82,86,89,92" machi="13" ten="20,7800,0" yaku="1,1,0,1,7,1,54,1,53,0" doraHai="60" doraHaiUra="62" who="1" fromWho="1" sc="203,-26,318,88,272,-26,197,-26" /><INIT seed="5,1,0,5,1,84" ten="177,406,246,171" oya="1" hai0="47,118,61,81,107,13,58,129,42,2,130,24,104" hai1="36,50,131,25,127,123,122,126,92,113,8,32,64" hai2="69,10,55,27,12,15,45,128,7,87,65,78,72" hai3="76,67,4,20,114,133,14,37,46,71,0,103,53"/><U120/><E36/><V3/><F128/><N who="0" m="49258" /><D2/><U97/><E113/><V39/><F27/><W5/><G133/><T102/><D118/><U29/><E131/><V101/><F101/><W90/><G114/><T98/><D13/><U44/><E64/><V95/><F65/><W82/><G103/><T33/><D81/><U56/><E56/><V86/><F69/><W6/><G0/><T51/><D24/><U96/><E8/><V124/><F87/><W19/><G71/><T43/><D33/><U116/><E116/><V60/><F60/><W83/><G67/><N who="0" m="39351" /><D42/><U134/><E97/><V89/><F15/><W11/><G76/><T115/><D115/><U57/><E96/><V59/><F12/><W63/><G83/><T31/><D31/><U9/><E29/><V119/><F78/><W91/><G82/><T80/><D80/><U112/><E32/><V16/><F72/><W48/><G37/><T74/><D74/><U26/><E26/><V17/><F39/><W18/><G63/><T100/><D100/><U75/><E25/><AGARI ba="1,0" hai="4,5,6,11,14,18,19,20,25,46,48,53,90,91" machi="25" ten="40,5200,0" yaku="8,1,52,2" doraHai="84" who="3" fromWho="1" sc="177,0,406,-55,246,0,171,55" /><INIT seed="6,0,0,2,1,34" ten="177,351,246,226" oya="2" hai0="45,39,65,46,56,96,128,71,31,135,6,58,109" hai1="24,43,117,87,30,101,129,55,132,124,110,25,91" hai2="112,21,14,16,57,27,77,40,15,105,54,42,69" hai3="49,120,78,98,131,104,4,35,61,60,107,103,10"/><V84/><F69/><W74/><G120/><T63/><D31/><U125/><E110/><V92/><F105/><W127/><G131/><T95/><D6/><U126/><E117/><V82/><F112/><W111/><G127/><T113/><D109/><U33/><E129/><V13/><REACH who="2" step="1"/><F92/><REACH who="2" ten="177,351,236,226" step="2"/><W116/><G107/><T80/><D128/><U66/><E126/><V118/><F118/><W79/><G116/><T51/><D113/><U9/><E125/><V88/><F88/><W67/><G111/><T19/><D95/><U72/><E91/><V11/><F11/><W90/><G90/><T7/><D135/><U121/><E9/><V2/><F2/><W0/><G79/><T64/><D71/><U53/><E132/><V102/><F102/><W8/><G8/><T89/><D89/><U48/><E101/><V81/><F81/><W134/><G134/><T20/><D80/><U23/><E124/><V94/><F94/><W22/><G78/><T17/><D96/><U86/><E121/><V50/><AGARI ba="0,1" hai="13,14,15,16,21,27,40,42,50,54,57,77,82,84" machi="50" ten="30,11700,0" yaku="1,1,0,1,8,1,54,1,53,0" doraHai="34" doraHaiUra="123" who="2" fromWho="2" sc="177,-39,351,-39,236,127,226,-39" /><INIT seed="6,1,0,5,0,47" ten="138,312,363,187" oya="2" hai0="60,34,23,81,12,2,122,129,74,105,33,121,134" hai1="110,69,98,35,56,106,90,96,120,84,76,25,27" hai2="78,50,13,73,26,4,39,118,64,91,17,75,128" hai3="65,18,46,11,123,112,117,131,16,44,101,83,9"/><V109/><F39/><W107/><G123/><T87/><D105/><U52/><E110/><V127/><F118/><W24/><G117/><T57/><D74/><U5/><E69/><V10/><F127/><W93/><G107/><T55/><D2/><U99/><E120/><V19/><F128/><W63/><G131/><T70/><D129/><U67/><E67/><V72/><F64/><W37/><G83/><T135/><D121/><U7/><E76/><V80/><F109/><W119/><G37/><T88/><D70/><U95/><E106/><V68/><F68/><W113/><G119/><T51/><D122/><U1/><E35/><V79/><F91/><W53/><G93/><T30/><D60/><U132/><E132/><N who="0" m="50729" /><D12/><U77/><E77/><V111/><F111/><W14/><G101/><T29/><D29/><U59/><E59/><V6/><F79/><W102/><G102/><T97/><D97/><U94/><E94/><V82/><F78/><W38/><G38/><T58/><D58/><U114/><E114/><N who="3" m="44138" /><G65/><T104/><D104/><U126/><E126/><V0/><F82/><W61/><G61/><T43/><D43/><U133/><E133/><V31/><F80/><W40/><G40/><T124/><D124/><U54/><E54/><V49/><F0/><W36/><G36/><T48/><D48/><N who="2" m="18538" /><F4/><N who="1" m="1609" /><E1/><V85/><F85/><W32/><G32/><T116/><D116/><U115/><E115/><V15/><F6/><W22/><G9/><T62/><D62/><AGARI ba="1,0" hai="25,27,52,56,62,84,90,95,96,98,99" m="1609" machi="62" ten="30,2000,0" yaku="8,1,54,1" doraHai="47" who="1" fromWho="0" sc="138,-23,312,23,363,0,187,0" /><INIT seed="7,0,0,4,2,102" ten="115,335,363,187" oya="3" hai0="27,31,135,66,35,129,20,84,131,51,44,85,50" hai1="57,30,49,10,54,75,68,87,101,22,89,40,33" hai2="113,23,60,47,111,88,17,124,42,36,95,13,24" hai3="110,41,4,126,108,46,122,48,91,6,58,73,118"/><W71/><G71/><T7/><D135/><U94/><E75/><V15/><F111/><W12/><G73/><T9/><D66/><U99/><E33/><V61/><F124/><W114/><G122/><T1/><D50/><U74/><E74/><V59/><F113/><W18/><G114/><T8/><D131/><U120/><E120/><V65/><F60/><W97/><G126/><T2/><D129/><U32/><E32/><V100/><F100/><W55/><G118/><T63/><D63/><U112/><E112/><V106/><F106/><W26/><G26/><T105/><D105/><U125/><E125/><V83/><F83/><W128/><G128/><T78/><D35/><U38/><E68/><V132/><F132/><W82/><G110/><T76/><D76/><U115/><E115/><V56/><F56/><W0/><G0/><T127/><D127/><U29/><E10/><V39/><F39/><W5/><G97/><AGARI ba="0,0" hai="13,15,17,23,24,36,42,47,59,61,65,88,95,97" machi="97" ten="30,2000,0" yaku="7,1,54,1" doraHai="102" who="2" fromWho="3" sc="115,0,335,0,363,20,187,-20" owari="115,-38.5,335,13.5,383,48.3,167,-23.3" /></mjloggm>