<mjloggm ver="2.3"><GO type="169" lobby="0"/><UN n0="%E8%A6%9A%E9%86%92%E3%81%97%E3%81%9F%E3%81%A8%E3%81%BE%E3%81%A8" n1="%6F%6B%61%62%65%73%68%69" n2="%E3%83%A4%E3%83%9E%E3%83%80%E3%81%95%E3%82%93" n3="%74%6F%72%69%30%36%31%32" dan="16,17,16,18" rate="2128.88,2205.28,2117.61,2168.43" sx="M,M,M,M"/><TAIKYOKU oya="0"/><INIT seed="0,0,0,5,4,41" ten="250,250,250,250" oya="0" hai0="30,59,88,37,84,16,19,32,7,74,117,104,120" hai1="62,121,126,34,106,11,134,101,58,45,89,66,15" hai2="112,42,99,78,129,132,109,51,55,86,68,9,116" hai3="79,77,92,1,100,43,10,20,27,98,54,124,26"/><T0/><D117/><U85/><E121/><V133/><F112/><W110/><G110/><T56/><D120/><U39/><E126/><V103/><F68/><W122/><G124/><T95/><D104/><U5/><E134/><V73/><F73/><W2/><G27/><T70/><D70/><U82/><E34/><V67/><F67/><W3/><G122/><T91/><D74/><U107/><E101/><V76/><F109/><W118/><G118/><T75/><D75/><U113/><E113/><V60/><F116/><W130/><G130/><T57/><D37/><U12/><E39/><V90/><F60/><W8/><G43/><T49/><D32/><U128/><E128/><V28/><F9/><W23/><G23/><T69/><D69/><U131/><E131/><V105/><F42/><W72/><G54/><T14/><D30/><U87/><E45/><N who="2" m="28143" /><F28/><W50/><G50/><T21/><D91/><U61/><E61/><V46/><F46/><W80/><REACH who="3" step="1"/><G79/><REACH who="3" ten="250,250,250,240" step="2"/><T22/><D49/><U125/><E125/><V17/><F129/><W47/><G47/><T29/><D29/><AGARI ba="0,1" hai="1,2,3,8,10,20,26,29,72,77,80,92,98,100" machi="29" ten="40,1300,0" yaku="1,1,53,0" doraHai="41" doraHaiUra="40" who="3" fromWho="0" sc="250,-13,250,0,250,0,240,23" /><INIT seed="1,0,0,1,1,0" ten="237,250,250,263" oya="1" hai0="99,56,46,100,3,5,55,8,2,95,36,22,9" hai1="75,89,69,64,129,82,88,123,127,113,29,120,76" hai2="70,32,10,52,44,26,11,104,108,81,24,133,125" hai3="13,101,135,16,96,48,97,109,38,39,85,105,79"/><U67/><E113/><V83/><F104/><W90/><G109/><T15/><D22/><U122/><E29/><V23/><F70/><W28/><G135/><T72/><D72/><U30/><E30/><V35/><F108/><W134/><G134/><T41/><REACH who="0" step="1"/><D9/><REACH who="0" ten="227,250,250,263" step="2"/><U80/><E69/><V124/><F133/><W115/><G115/><T112/><D112/><U71/><E71/><V111/><F111/><W58/><G28/><T106/><D106/><U21/><E21/><V45/><REACH who="2" step="1"/><F23/><REACH who="2" ten="227,250,240,263" step="2"/><N who="3" m="11663" /><G105/><T31/><D31/><U116/><E116/><V118/><F118/><W59/><G39/><T18/><D18/><U93/><E127/><V12/><F12/><W43/><G38/><T68/><D68/><U25/><E129/><V61/><F61/><AGARI ba="0,2" hai="2,3,5,8,15,36,41,46,55,56,61,95,99,100" machi="61" ten="30,7700,0" yaku="1,1,7,1,52,1,53,1" doraHai="0" doraHaiUra="98" who="0" fromWho="2" sc="227,97,250,0,240,-77,263,0" /><INIT seed="2,0,0,2,5,56" ten="324,250,163,263" oya="2" hai0="131,115,71,118,107,132,110,101,64,85,6,92,99" hai1="116,111,30,11,47,67,42,27,95,39,80,66,52" hai2="128,120,21,1,106,23,72,17,7,97,83,130,124" hai3="0,79,133,60,61,78,37,53,29,117,9,57,36"/><V93/><F120/><W13/><G0/><T129/><D6/><U38/><E116/><V81/><F106/><W69/><G117/><T134/><D64/><U35/><E38/><V54/><F124/><W102/><G133/><N who="0" m="51307" /><D71/><U70/><E111/><V86/><F72/><W76/><G29/><T41/><D41/><U91/><E80/><V43/><F43/><W33/><G33/><T26/><D26/><U58/><E11/><N who="2" m="2543" /><F54/><W25/><G25/><T10/><D10/><U15/><E15/><N who="2" m="9407" /><F86/><W96/><G69/><T22/><D22/><U88/><E70/><V84/><F84/><W90/><G90/><N who="0" m="53327" /><D118/><U16/><E91/><N who="2" m="55487" /><F23/><W55/><G37/><T18/><D18/><U24/><E67/><V108/><F108/><W45/><G36/><T2/><D2/><U74/><E66/><V59/><F59/><W48/><G9/><T82/><D110/><U121/><E121/><V104/><F104/><W100/><G13/><T31/><D31/><U135/><E35/><V114/><F114/><W87/><G87/><T125/><D115/><U122/><E122/><V34/><F34/><W109/><G109/><T19/><D19/><U51/><E30/><V113/><F113/><W49/><REACH who="3" step="1"/><G102/><REACH who="3" ten="324,250,163,253" step="2"/><T103/><D101/><U32/><E32/><V28/><F28/><W119/><G119/><T46/><D82/><U77/><E27/><V63/><F81/><W112/><G112/><T5/><D103/><U20/><E24/><V126/><F83/><W40/><G40/><T62/><D5/><U14/><E42/><V94/><F126/><W123/><G123/><T105/><D125/><RYUUKYOKU ba="0,1" sc="324,-10,250,-10,163,-10,253,30" hai3="45,48,49,53,55,57,60,61,76,78,79,96,100" /><INIT seed="3,1,1,0,0,38" ten="314,240,153,283" oya="3" hai0="6,49,11,131,78,107,61,3,65,25,82,20,96" hai1="134,86,66,115,52,91,60,121,46,39,89,94,124" hai2="113,44,41,43,42,119,8,47,32,73,57,79,112" hai3="123,100,51,2,85,7,33,18,67,129,36,62,9"/><W81/><G36/><T10/><D131/><U29/><E121/><V15/><F32/><W106/><G123/><T109/><D109/><U99/><E134/><V88/><F119/><W55/><G33/><T54/><D11/><U35/><E115/><V132/><F132/><W34/><G34/><T64/><D96/><U125/><E29/><V37/><F57/><W58/><G129/><T71/><D65/><U5/><E35/><V90/><F73/><W84/><G18/><T70/><D107/><U102/><E5/><V13/><F79/><W120/><G120/><T98/><D98/><U114/><E114/><V130/><F130/><W80/><G100/><T68/><D54/><U59/><E91/><V95/><F90/><W75/><G75/><T76/><D49/><U40/><REACH who="1" step="1"/><E66/><REACH who="1" ten="314,230,153,283" step="2"/><V30/><F30/><W135/><G135/><T21/><D76/><U56/><E56/><V110/><F110/><W77/><G77/><T12/><D3/><U63/><E63/><V128/><F128/><W126/><G62/><T111/><D111/><U72/><E72/><V50/><F112/><W93/><G67/><T48/><D61/><U24/><E24/><V116/><F113/><W53/><G58/><T117/><D64/><U23/><E23/><N who="0" m="8777" /><D25/><U127/><E127/><V118/><F15/><W103/><G126/><T4/><D6/><U92/><AGARI ba="1,2" hai="39,40,46,52,59,60,86,89,92,94,99,102,124,125" machi="92" ten="30,12000,2" yaku="1,1,0,1,52,1,54,1,53,2" doraHai="38" doraHaiUra="133" who="1" fromWho="1" sc="314,-31,230,143,153,-31,283,-61" /><INIT seed="4,0,0,5,0,17" ten="283,373,122,222" oya="0" hai0="79,122,0,103,98,21,68,121,81,57,24,89,87" hai1="78,119,92,93,16,71,56,115,18,110,105,90,104" hai2="42,116,46,74,129,131,38,61,20,83,106,86,22" hai3="113,51,63,12,118,6,84,55,65,45,47,109,117"/><T52/><D68/><U9/><E71/><V111/><F111/><W70/><G109/><T95/><D0/><U19/><E110/><V124/><F106/><W64/><G64/><T2/><D2/><U101/><E119/><V40/><F116/><W76/><G113/><T43/><D43/><U96/><E78/><V26/><F40/><W3/><G3/><T10/><D10/><U33/><E33/><V23/><F124/><W134/><G134/><T39/><D39/><U73/><E73/><V36/><F36/><W30/><G47/><T34/><D34/><U132/><E132/><V94/><F61/><W13/><G30/><T7/><D7/><U60/><E9/><V5/><F5/><W67/><G67/><T41/><D41/><U128/><E115/><V99/><F74/><W100/><G100/><T127/><D127/><U66/><REACH who="1" step="1"/><E128/><REACH who="1" ten="283,363,122,222" step="2"/><N who="2" m="49227" /><F83/><N who="3" m="47207" /><G118/><T75/><D75/><U37/><E37/><V77/><F77/><W102/><G117/><T8/><D8/><U107/><E107/><V50/><F38/><W31/><G70/><T97/><D79/><U1/><E1/><V120/><F120/><W114/><G114/><T72/><D72/><U27/><E27/><V53/><F42/><W28/><G13/><T48/><REACH who="0" step="1"/><D98/><AGARI ba="0,1" hai="16,18,19,56,60,66,90,92,93,96,98,101,104,105" machi="98" ten="40,2600,0" yaku="1,1,54,1,53,0" doraHai="17" doraHaiUra="135" who="1" fromWho="0" sc="283,-26,363,36,122,0,222,0" /><INIT seed="5,0,0,5,0,71" ten="257,399,122,222" oya="1" hai0="29,50,80,7,64,79,101,28,74,32,56,72,1" hai1="131,69,4,115,14,114,46,65,61,134,82,77,123" hai2="55,130,8,76,33,47,30,91,35,40,20,90,45" hai3="60,108,48,92,135,21,68,129,37,10,67,25,16"/><U120/><E131/><V0/><F130/><W6/><G108/><T102/><D72/><U127/><E127/><V17/><F76/><W26/><G135/><T89/><D89/><U62/><E134/><V42/><F55/><W18/><G37/><T83/><D83/><U9/><E61/><V2/><F20/><W85/><G48/><T103/><D32/><U113/><REACH who="1" step="1"/><E46/><REACH who="1" ten="257,389,122,222" step="2"/><V31/><REACH who="2" step="1"/><F17/><REACH who="2" ten="257,389,112,222" step="2"/><W19/><G129/><T122/><D122/><U44/><E44/><V51/><F51/><W110/><G19/><T13/><D50/><U11/><E11/><AGARI ba="0,2" hai="0,2,8,11,30,31,33,35,40,42,45,47,90,91" machi="11" ten="25,3200,0" yaku="1,1,22,2,53,0" doraHai="71" doraHaiUra="124" who="2" fromWho="1" sc="257,0,389,-32,112,52,222,0" /><INIT seed="6,0,0,2,4,71" ten="257,357,164,222" oya="2" hai0="77,7,67,131,80,103,78,1,43,38,31,125,122" hai1="16,130,10,39,46,15,120,33,0,20,108,53,51" hai2="129,87,115,114,111,27,24,93,37,82,58,34,3" hai3="117,112,6,135,72,134,66,32,100,28,123,50,60"/><V106/><F106/><W127/><G72/><T73/><D122/><U5/><E108/><V68/><F68/><N who="3" m="42055" /><G123/><T52/><D78/><U55/><E120/><V45/><F3/><W44/><G6/><T74/><D131/><U14/><E130/><V25/><F129/><W56/><G56/><T128/><D128/><U8/><E39/><V26/><F111/><W119/><G127/><T22/><D74/><U96/><E33/><V94/><N who="2" m="6144" /><DORA hai="11" /><V91/><F34/><W95/><G28/><T48/><D22/><U9/><E96/><V12/><F58/><W65/><G95/><T47/><D31/><U18/><E20/><V97/><F12/><W109/><G100/><T40/><D125/><U88/><E88/><V76/><REACH who="2" step="1"/><F94/><REACH who="2" ten="257,357,154,222" step="2"/><W83/><G32/><T19/><D1/><U29/><E0/><V85/><F85/><W57/><G109/><T79/><D73/><U54/><E5/><V98/><F98/><W90/><G57/><T70/><D7/><U17/><E8/><V101/><F101/><W21/><G21/><T63/><D103/><U121/><E121/><V102/><F102/><W132/><G65/><T99/><D99/><U42/><E9/><V110/><F110/><W116/><G116/><T113/><D67/><U126/><E126/><V23/><F23/><W36/><G119/><T75/><D70/><U124/><E124/><V133/><F133/><W59/><G59/><T30/><D75/><U92/><E92/><V105/><F105/><W84/><G117/><T2/><D2/><U4/><E15/><V49/><F49/><W107/><G107/><RYUUKYOKU ba="0,1" sc="257,-15,357,15,154,15,222,-15" hai1="4,10,14,16,17,18,29,42,46,51,53,54,55" hai2="37,45,76,82,87,91,93,97,114,115" /><INIT seed="6,1,1,0,2,28" ten="242,372,169,207" oya="2" hai0="44,29,54,118,0,17,84,56,61,122,4,93,120" hai1="11,74,68,16,110,103,128,57,96,52,20,91,1" hai2="81,115,49,79,116,90,73,43,3,72,132,133,82" hai3="12,88,125,51,63,87,15,108,23,62,8,6,65"/><V97/><F3/><W30/><G108/><T105/><D105/><U34/><E68/><V22/><F43/><W10/><G125/><T35/><D118/><U77/><E110/><V33/><F22/><W14/><G51/><T75/><D75/><N who="2" m="28746" /><F49/><W7/><G65/><T89/><D17/><U67/><E128/><V69/><F69/><W38/><G38/><T95/><D95/><U18/><E67/><V39/><F39/><W126/><G126/><T117/><D117/><U64/><E64/><V94/><F33/><W66/><G66/><T55/><D44/><U26/><E34/><V109/><F116/><W85/><G85/><T60/><D4/><U121/><E121/><V104/><F109/><W32/><G32/><T99/><D84/><U71/><E71/><V123/><F123/><W59/><G59/><T36/><D0/><U70/><E70/><V98/><F115/><W58/><G58/><T37/><D36/><U114/><E114/><V21/><F21/><W24/><G15/><T76/><D37/><U27/><E1/><V92/><F104/><W42/><G42/><T106/><D106/><U48/><E11/><V13/><F13/><W83/><AGARI ba="1,1" hai="6,7,8,10,12,14,23,24,30,62,63,83,87,88" machi="83" ten="20,8000,1" yaku="0,1,7,1,9,1,8,1,54,1" doraHai="28" who="3" fromWho="3" sc="242,-21,372,-21,169,-41,207,93" /><INIT seed="7,0,0,4,0,68" ten="221,351,128,300" oya="3" hai0="110,58,73,5,28,100,19,135,3,23,7,47,53" hai1="129,46,95,13,64,105,133,126,2,21,111,118,72" hai2="39,113,18,45,109,104,127,117,15,130,106,59,128" hai3="70,67,61,33,82,1,35,11,37,26,88,98,85"/><W50/><G37/><T8/><D110/><U65/><E2/><V69/><F109/><W63/><G63/><T40/><D135/><U22/><E105/><V134/><F117/><W79/><G26/><T30/><D7/><U89/><E111/><V121/><F59/><W75/><G98/><T112/><D73/><U103/><E72/><V29/><F18/><W90/><G90/><T123/><D100/><U4/><E133/><V57/><F15/><W60/><G60/><T99/><D99/><U48/><E118/><V34/><F57/><W51/><G11/><T27/><D112/><U49/><E103/><V81/><F134/><W38/><G38/><T92/><D92/><U0/><E0/><V43/><F69/><W86/><G75/><T56/><D56/><U42/><E126/><V55/><F55/><W131/><G131/><N who="2" m="50217" /><F81/><W94/><REACH who="3" step="1"/><G1/><REACH who="3" ten="221,351,128,290" step="2"/><T97/><D8/><N who="1" m="4231" /><E129/><V87/><F87/><W116/><G116/><T108/><D3/><U74/><E74/><V54/><F127/><W36/><G36/><T10/><D108/><U44/><E64/><V71/><F71/><W80/><G80/><T16/><D10/><U114/><E65/><V115/><F121/><W25/><G25/><T52/><D123/><U93/><E89/><V78/><F78/><W120/><G120/><T96/><D27/><U132/><E132/><V124/><F124/><W41/><G41/><T12/><D40/><U31/><E42/><V101/><F54/><W107/><G107/><N who="2" m="41001" /><F101/><W102/><G102/><T20/><D52/><U14/><E48/><AGARI ba="0,1" hai="33,35,48,50,51,61,67,70,79,82,85,86,88,94" machi="48" ten="40,7700,0" yaku="1,1,54,1,53,1" doraHai="68" doraHaiUra="76" who="3" fromWho="1" sc="221,0,351,-77,128,0,290,87" owari="221,-17.9,274,7.4,128,-37.2,377,47.7" /></mjloggm>