<mjloggm ver="2.3"><GO type="169" lobby="0"/><UN n0="%E7%88%86%E7%89%8C%E3%82%A6%E3%82%B7%E3%82%B8%E3%83%9E%E3%81%8F%E3%82%93" n1="%E5%BA%84%E5%8F%B8%E5%81%A5%E5%A4%AA%E6%9C%97" n2="%E9%BE%8D%31%30" n3="%E5%B0%8F%E6%B1%A0%E7%BE%8E%E6%B3%A2%E2%8A%BF" dan="16,16,16,16" rate="2108.47,2072.80,2119.69,2189.94" sx="M,M,M,M"/><TAIKYOKU oya="0"/><INIT seed="0,0,0,4,2,112" ten="250,250,250,250" oya="0" hai0="42,71,74,84,109,47,70,53,83,52,97,110,59" hai1="17,50,1,102,21,121,91,78,26,11,119,4,127" hai2="63,90,87,18,114,9,62,46,89,120,22,94,68" hai3="108,13,20,38,39,56,99,57,67,92,48,41,122"/><T75/><D97/><U2/><E121/><V79/><F120/><W28/><G122/><T129/><D129/><U5/><E78/><V69/><F114/><W73/><G73/><T76/><D74/><U40/><E102/><V95/><F79/><W10/><G108/><N who="0" m="41579" /><D75/><U85/><E127/><V34/><F34/><W8/><G39/><N who="0" m="21983" /><D53/><U7/><E2/><V82/><F82/><W118/><G38/><T126/><D126/><U77/><E77/><V72/><F72/><W93/><G67/><T104/><D104/><U128/><E128/><V44/><F9/><W12/><G99/><T64/><D64/><U101/><E101/><V116/><F22/><W86/><G20/><T135/><D135/><U30/><E1/><V117/><F18/><W37/><G37/><T106/><D106/><U105/><E105/><V96/><F96/><W131/><G131/><T16/><D16/><U45/><E11/><V36/><F87/><W130/><G86/><T6/><D6/><U19/><E19/><V133/><F36/><W31/><G130/><T65/><D65/><U124/><E124/><V35/><F35/><W23/><G23/><T88/><D76/><U54/><E17/><V111/><F111/><W107/><G107/><T81/><D81/><N who="1" m="49583" /><E40/><V66/><F66/><W132/><G132/><AGARI ba="0,0" hai="44,46,62,63,68,69,89,90,94,95,116,117,132,133" machi="132" ten="25,6400,0" yaku="22,2,52,2" doraHai="112" who="2" fromWho="3" sc="250,0,250,0,250,64,250,-64" /><INIT seed="1,0,0,4,5,42" ten="250,250,314,186" oya="1" hai0="65,36,125,18,94,35,119,30,116,70,73,17,132" hai1="43,0,25,2,32,77,131,29,121,28,82,100,63" hai2="71,129,99,7,21,50,83,23,57,54,85,113,130" hai3="122,45,98,1,3,95,27,104,92,66,105,56,91"/><U44/><E121/><V93/><F113/><W8/><G122/><T58/><D70/><U37/><E131/><N who="2" m="50187" /><F71/><W75/><G75/><T110/><D73/><U52/><E29/><V81/><F7/><W13/><G27/><T22/><D125/><U120/><E120/><V96/><F99/><W61/><G92/><T84/><D132/><U33/><E100/><N who="2" m="60431" /><F83/><W11/><G11/><T109/><D35/><U47/><E33/><V72/><F72/><W14/><G14/><T69/><D69/><U51/><E63/><V90/><AGARI ba="0,0" hai="21,23,50,54,57,81,85,90" m="60431,50187" machi="90" ten="30,1100,0" yaku="19,1" doraHai="42" who="2" fromWho="2" sc="250,-3,250,-5,314,11,186,-3" /><INIT seed="2,0,0,1,0,133" ten="247,245,325,183" oya="2" hai0="0,105,76,77,117,1,65,35,14,102,52,80,27" hai1="103,123,100,127,95,32,125,55,59,45,112,48,92" hai2="41,38,110,11,98,114,74,61,85,132,121,25,49" hai3="3,104,39,70,109,31,69,15,30,4,26,82,84"/><V81/><F114/><W101/><G39/><T66/><D117/><U79/><E112/><V72/><F121/><W44/><G3/><T90/><D102/><N who="1" m="38955" /><E32/><V78/><F38/><W42/><G104/><T97/><D14/><U73/><E123/><V23/><F132/><W63/><G101/><T24/><D105/><U108/><E108/><V89/><F110/><W46/><G109/><T7/><D97/><U18/><E18/><V5/><F61/><W62/><G15/><T126/><D7/><U115/><E115/><V96/><F74/><W124/><G4/><T106/><D106/><U122/><E122/><V83/><F49/><W8/><G8/><T118/><D35/><U2/><E2/><V107/><F41/><W134/><G134/><T28/><D28/><U40/><E79/><V36/><F36/><W87/><G42/><T17/><D17/><U75/><E75/><V12/><REACH who="2" step="1"/><F107/><REACH who="2" ten="247,245,315,183" step="2"/><W86/><G62/><T129/><D118/><U71/><E73/><V135/><F135/><W22/><G63/><T91/><D66/><U99/><E71/><V128/><F128/><W53/><G70/><T57/><D65/><U94/><E40/><V13/><F13/><W131/><G69/><T29/><D129/><U113/><E113/><V9/><F9/><W10/><G131/><T43/><D0/><U19/><E45/><V47/><F47/><W130/><G10/><T51/><D1/><U88/><E19/><AGARI ba="0,1" hai="5,11,12,19,23,25,72,78,81,83,85,89,96,98" machi="19" ten="30,2900,0" yaku="1,1,7,1,53,0" doraHai="133" doraHaiUra="60" who="2" fromWho="1" sc="247,0,245,-29,315,39,183,0" /><INIT seed="2,1,0,2,2,98" ten="247,216,354,183" oya="2" hai0="33,77,92,125,29,104,64,79,32,41,90,24,55" hai1="51,127,57,5,49,60,96,43,65,4,53,135,40" hai2="25,6,105,99,120,11,123,7,42,71,2,116,17" hai3="34,86,107,19,87,126,121,80,118,70,38,81,28"/><V39/><F71/><W59/><G70/><T122/><D122/><U48/><E135/><V37/><F116/><W115/><G121/><T35/><D125/><U54/><E127/><V69/><F42/><N who="1" m="15913" /><E96/><V22/><F69/><W83/><G126/><T128/><D104/><U82/><E82/><V67/><F67/><W102/><G118/><T10/><D128/><U129/><E129/><V103/><REACH who="2" step="1"/><F7/><AGARI ba="1,0" hai="4,5,7,48,49,51,53,54,57,60,65" m="15913" machi="7" ten="30,1000,0" yaku="8,1" doraHai="98" who="1" fromWho="2" sc="247,0,216,13,354,-13,183,0" /><INIT seed="3,0,0,4,2,127" ten="247,229,341,183" oya="3" hai0="129,38,0,35,105,54,4,75,31,72,122,56,5" hai1="33,107,29,118,91,89,104,99,121,74,18,79,45" hai2="58,130,93,67,128,111,25,108,78,113,32,71,27" hai3="87,7,135,96,132,97,60,112,94,123,124,134,13"/><W70/><G112/><T2/><D122/><U21/><E121/><V64/><F71/><W41/><G123/><T84/><D105/><U17/><E33/><V1/><F113/><W125/><G41/><T114/><D38/><U62/><E29/><V37/><F1/><W69/><G87/><T43/><D43/><U63/><E79/><V115/><F37/><W95/><G13/><T52/><D114/><U15/><E74/><V46/><F46/><W98/><G7/><T103/><D103/><U11/><E45/><V47/><F47/><W24/><G24/><N who="2" m="9289" /><F32/><W106/><G106/><T92/><D31/><U23/><E99/><V73/><F93/><N who="3" m="35339" /><G60/><T55/><D35/><U102/><E15/><V28/><F28/><W57/><G57/><T85/><D56/><U50/><E50/><V131/><F58/><W81/><G81/><T88/><D84/><U76/><E11/><V6/><F6/><W133/><N who="3" m="33792" /><DORA hai="90" /><W44/><G44/><T66/><D4/><U8/><E8/><V42/><F42/><W34/><G34/><T36/><D5/><U61/><E63/><V30/><F30/><W3/><G3/><T80/><D0/><U22/><E104/><V48/><F48/><W40/><G40/><T14/><D2/><U101/><E107/><V51/><F51/><W82/><G82/><T119/><D80/><U86/><E86/><V110/><F115/><W49/><G49/><T20/><D85/><U9/><E102/><V77/><F73/><W120/><G120/><T53/><D72/><U68/><E101/><V65/><AGARI ba="0,0" hai="64,65,67,77,78,108,110,111,128,130,131" m="9289" machi="65" ten="50,16000,3" yaku="29,2,28,2,14,1,19,1,52,3" doraHai="127,90" who="2" fromWho="2" sc="247,-40,229,-40,341,160,183,-80" /><INIT seed="4,0,0,2,1,52" ten="207,189,501,103" oya="0" hai0="30,59,118,35,55,69,56,13,112,122,79,65,100" hai1="6,116,95,94,32,85,62,57,126,127,87,74,15" hai2="42,115,68,77,70,47,82,131,23,130,107,34,60" hai3="132,8,92,28,24,119,29,129,17,37,48,83,41"/><T31/><D118/><U104/><E74/><V10/><F107/><W75/><G119/><T66/><D122/><U134/><E104/><V0/><F34/><W45/><G129/><N who="2" m="49161" /><F115/><W51/><G132/><T96/><D112/><U117/><E32/><V49/><F23/><W38/><G92/><N who="1" m="35370" /><E134/><V9/><F60/><W58/><G8/><N who="2" m="3177" /><F0/><W40/><G17/><T111/><D111/><U72/><E72/><AGARI ba="0,0" hai="42,47,49,68,70,72,77,82" m="3177,49161" machi="72" ten="30,1000,0" yaku="19,1" doraHai="52" who="2" fromWho="1" sc="207,0,189,-10,501,10,103,0" /><INIT seed="5,0,0,0,5,38" ten="207,179,511,103" oya="1" hai0="119,116,111,105,29,98,15,35,107,46,109,49,69" hai1="97,86,83,81,62,60,108,129,79,92,101,43,48" hai2="82,16,85,5,4,131,106,66,7,37,26,132,27" hai3="84,104,89,87,72,74,28,31,52,55,39,59,45"/><U67/><E129/><V23/><F106/><W127/><G104/><T3/><D3/><U50/><E108/><V133/><F37/><W2/><G2/><T76/><D69/><U40/><E83/><V17/><F131/><W58/><G127/><T122/><D122/><U42/><REACH who="1" step="1"/><E62/><REACH who="1" ten="207,169,511,103" step="2"/><V8/><F132/><W88/><G39/><T18/><D109/><U103/><E103/><V121/><F133/><W33/><G33/><T134/><D111/><U114/><E114/><V95/><F121/><W21/><G21/><T20/><D134/><U0/><E0/><V100/><F23/><W30/><G30/><T25/><D116/><U51/><E51/><V32/><F82/><W120/><G120/><T54/><D119/><U57/><AGARI ba="0,1" hai="40,42,43,48,50,57,60,67,79,81,86,92,97,101" machi="57" ten="30,18000,2" yaku="1,1,0,1,8,1,52,3,53,1" doraHai="38" doraHaiUra="96" who="1" fromWho="1" sc="207,-60,169,190,511,-60,103,-60" /><INIT seed="5,1,0,2,3,70" ten="147,359,451,43" oya="1" hai0="96,61,79,103,117,15,87,123,132,128,37,27,52" hai1="7,98,71,95,11,76,32,22,90,130,120,67,47" hai2="111,3,115,100,16,34,10,5,18,40,69,84,91" hai3="77,30,94,20,49,78,19,85,108,43,36,68,29"/><U50/><E120/><V26/><F69/><W135/><G68/><T101/><D117/><U88/><E32/><V0/><F111/><W6/><G108/><T127/><D123/><U4/><E130/><V113/><F100/><W121/><G121/><T28/><D128/><U55/><E76/><V89/><F40/><W17/><G135/><T12/><D132/><U75/><E75/><V62/><F62/><W65/><G6/><T133/><D37/><U13/><E22/><V73/><F73/><W109/><G109/><T106/><D103/><U102/><REACH who="1" step="1"/><E7/><REACH who="1" ten="147,349,451,43" step="2"/><V63/><F34/><W82/><G20/><T21/><D79/><U118/><E118/><V53/><F5/><W112/><G77/><T45/><D21/><U66/><E66/><V1/><F113/><W105/><G65/><T134/><D134/><U80/><E80/><V2/><F115/><W39/><G112/><T46/><D133/><U48/><E48/><V93/><F63/><AGARI ba="1,1" hai="4,11,13,47,50,55,63,67,71,88,90,95,98,102" machi="63" ten="40,3900,0" yaku="1,1,54,1,53,0" doraHai="70" doraHaiUra="38" who="1" fromWho="2" sc="147,0,349,52,451,-42,43,0" /><INIT seed="5,2,0,4,4,91" ten="147,401,409,43" oya="1" hai0="7,92,121,113,17,117,114,110,87,28,56,12,39" hai1="98,0,20,115,101,53,60,4,109,70,127,30,29" hai2="107,97,66,73,19,8,10,90,6,99,58,23,111" hai3="93,84,94,21,27,37,74,52,83,45,76,102,134"/><U72/><E72/><V18/><F73/><W96/><G134/><T46/><D110/><U116/><E116/><V51/><F107/><W15/><G37/><T16/><D117/><U11/><E109/><V22/><F111/><W79/><G15/><T131/><D28/><U125/><E115/><N who="0" m="44041" /><D131/><U135/><E135/><V89/><F6/><W104/><G74/><T9/><D121/><U57/><E70/><V122/><F122/><W129/><G129/><T61/><D39/><U77/><E77/><V54/><F66/><W82/><G82/><T41/><D87/><U25/><REACH who="1" step="1"/><E30/><REACH who="1" ten="147,391,409,43" step="2"/><V118/><F118/><W103/><G76/><T130/><D130/><U50/><E50/><V126/><F126/><W108/><G108/><T119/><D119/><U34/><E34/><V24/><F99/><W49/><G103/><T88/><D41/><U63/><E63/><V85/><F97/><W81/><G83/><T75/><D75/><U65/><E65/><V106/><F106/><AGARI ba="2,1" hai="0,4,11,20,25,29,53,57,60,98,101,106,125,127" machi="106" ten="40,2000,0" yaku="1,1,53,0" doraHai="91" doraHaiUra="38" who="1" fromWho="2" sc="147,0,391,36,409,-26,43,0" /><INIT seed="5,3,0,0,4,95" ten="147,427,383,43" oya="1" hai0="103,9,55,119,127,27,49,87,63,8,67,68,79" hai1="130,41,29,61,135,58,132,60,53,71,5,18,91" hai2="117,83,66,47,64,114,126,34,3,78,4,108,38" hai3="100,21,48,93,19,57,76,12,72,112,98,17,97"/><U28/><E130/><V43/><F108/><W23/><G72/><T13/><D127/><U54/><E41/><V123/><F117/><W35/><G35/><T85/><D119/><U109/><E109/><V92/><F123/><W6/><G112/><T107/><D27/><U125/><E125/><V89/><F34/><W50/><G76/><T77/><D77/><U131/><E131/><V75/><F114/><W20/><G6/><T22/><D22/><N who="3" m="8809" /><G57/><T14/><D103/><U42/><E42/><V105/><F105/><W84/><G100/><T74/><D107/><U116/><E18/><N who="3" m="6666" /><G12/><T86/><D74/><U10/><E116/><V88/><F126/><W40/><N who="3" m="8817" /><W51/><DORA hai="121" /><G40/><T16/><D79/><U65/><E54/><V122/><F122/><W1/><G1/><T7/><REACH who="0" step="1"/><D87/><REACH who="0" ten="137,427,383,43" step="2"/><U96/><E29/><V62/><F78/><W70/><G70/><T118/><D118/><U102/><E28/><V45/><F75/><W94/><G84/><T104/><D104/><U101/><E101/><V31/><F89/><W36/><G36/><T120/><D120/><U44/><E91/><V2/><F88/><W69/><G69/><T113/><D113/><U0/><E102/><V52/><F83/><W24/><G24/><T80/><D80/><U81/><E81/><V134/><F92/><AGARI ba="3,1" hai="48,50,51,92,93,94,97,98" m="6666,8817" machi="92" ten="40,8000,1" yaku="28,2,8,1,52,2" doraHai="95,121" who="3" fromWho="2" sc="137,0,427,0,383,-89,43,99" /><INIT seed="6,0,0,3,3,25" ten="137,427,294,142" oya="2" hai0="107,61,22,65,5,102,45,95,3,87,93,133,121" hai1="134,110,27,99,52,90,128,131,119,43,1,120,33" hai2="6,76,50,81,135,122,115,64,105,55,21,12,83" hai3="103,109,73,92,35,114,111,70,88,10,47,106,60"/><V18/><F122/><W89/><G35/><T71/><D121/><U37/><E1/><V68/><F105/><W56/><G70/><T132/><D3/><U69/><E69/><V32/><F135/><N who="0" m="51786" /><D5/><U53/><E110/><V91/><F115/><W15/><G73/><T123/><D123/><U63/><E119/><V116/><F32/><W80/><G114/><T48/><D87/><U39/><E134/><V13/><F116/><W58/><G106/><T41/><D22/><U113/><E120/><V127/><F127/><W74/><G47/><T101/><D107/><U20/><E33/><V72/><F64/><W40/><G74/><T79/><D79/><U36/><E43/><V14/><F68/><W16/><G40/><T78/><D78/><U124/><E124/><V112/><F6/><W4/><G111/><T0/><D0/><U8/><E8/><V66/><F66/><W77/><G109/><T82/><D82/><U108/><E113/><V57/><REACH who="2" step="1"/><F112/><REACH who="2" ten="137,427,284,142" step="2"/><W49/><G4/><T84/><D95/><N who="1" m="56823" /><E108/><V67/><F67/><N who="3" m="39303" /><G92/><T129/><D129/><N who="1" m="49739" /><E63/><V44/><F44/><W46/><G46/><T19/><D93/><U94/><E94/><V75/><F75/><W42/><G103/><T7/><D84/><AGARI ba="0,1" hai="12,13,14,18,21,50,55,57,72,76,81,83,84,91" machi="84" ten="40,3900,0" yaku="1,1,53,1" doraHai="25" doraHaiUra="85" who="2" fromWho="0" sc="137,-39,427,0,284,49,142,0" /><INIT seed="6,1,0,0,5,119" ten="98,427,333,142" oya="2" hai0="97,65,27,58,131,117,124,53,35,84,127,10,80" hai1="103,85,4,17,50,108,49,42,68,69,0,31,59" hai2="125,132,14,123,135,114,18,3,106,89,109,28,19" hai3="64,46,22,41,38,98,6,61,57,40,116,36,13"/><V2/><F114/><W87/><G116/><T20/><D117/><U33/><E33/><V32/><F106/><W44/><G98/><T9/><D35/><U113/><E0/><N who="2" m="43" /><F125/><N who="0" m="48202" /><D97/><U67/><E69/><V73/><F73/><W118/><G118/><T8/><D65/><U70/><E70/><V93/><F109/><W45/><G87/><T79/><D131/><U15/><E68/><V86/><F32/><W39/><G22/><T122/><D122/><U101/><E108/><V1/><F28/><W81/><G81/><T12/><D12/><U24/><E31/><V23/><N who="2" m="51" /><V66/><DORA hai="82" /><F19/><W111/><G111/><T16/><D10/><U99/><E17/><V25/><F66/><W105/><G105/><T75/><D75/><U129/><E67/><V56/><F56/><W72/><G72/><T90/><D79/><U92/><E59/><V100/><F100/><W77/><G77/><T95/><D80/><U115/><E103/><V76/><F76/><W21/><G21/><T63/><AGARI ba="1,0" hai="8,9,16,20,27,53,58,63,84,90,95" m="48202" machi="63" ten="30,4000,0" yaku="18,1,52,1,54,1" doraHai="119,82" who="0" fromWho="0" sc="98,43,427,-11,333,-21,142,-11" /><INIT seed="7,0,0,5,1,27" ten="141,416,312,131" oya="3" hai0="110,37,104,90,54,40,120,8,62,35,49,76,103" hai1="114,6,69,81,128,50,118,99,23,20,129,3,131" hai2="51,85,43,21,29,14,130,32,116,95,44,80,88" hai3="0,96,22,19,123,89,7,47,42,91,59,121,58"/><W36/><G0/><T38/><D110/><U16/><E114/><V125/><F116/><W107/><G7/><T78/><D35/><U63/><E118/><V79/><F125/><W5/><G5/><T46/><D120/><U113/><E113/><V101/><F32/><W68/><G68/><T1/><D1/><U15/><E50/><V127/><F130/><W13/><G123/><T45/><D38/><U61/><E69/><V109/><F101/><W111/><G111/><T98/><D8/><N who="1" m="2143" /><E99/><V11/><F127/><W60/><G121/><T106/><D106/><U133/><E133/><V67/><F67/><W112/><G112/><T83/><D62/><N who="1" m="23563" /><E81/><V82/><F109/><W34/><G34/><T9/><D9/><AGARI ba="0,0" hai="9,15,16,20,23,128,129,131" m="23563,2143" machi="9" ten="30,2000,0" yaku="19,1,54,1" doraHai="27" who="1" fromWho="0" sc="141,-20,416,20,312,0,131,0" owari="121,-37.9,436,53.6,312,11.2,131,-26.9" /></mjloggm>