<mjloggm ver="2.3"><GO type="169" lobby="0"/><UN n0="%E2%97%8E%E3%82%88%E3%81%97%E2%97%8E" n1="%E7%B4%94%E5%85%A8%E5%B8%AF%E4%B8%89%E8%89%B2" n2="%31%74%61" n3="%E3%82%82%E3%81%BF%E3%81%95%E3%81%92" dan="17,16,18,16" rate="2193.44,2123.32,2290.64,2145.52" sx="M,M,M,M"/><TAIKYOKU oya="0"/><INIT seed="0,0,0,3,2,14" ten="250,250,250,250" oya="0" hai0="125,106,47,87,91,58,44,69,102,70,104,16,82" hai1="17,59,115,54,120,77,5,108,118,15,113,130,122" hai2="109,53,81,92,99,43,71,40,103,119,83,126,134" hai3="0,93,60,32,84,28,112,66,1,89,21,67,100"/><T96/><D125/><U62/><E5/><V61/><F109/><W36/><G36/><T26/><D104/><U4/><E4/><V41/><F126/><W132/><G112/><N who="1" m="43082" /><E77/><V86/><F134/><W48/><G32/><T55/><D69/><U31/><E31/><V52/><F119/><W133/><G100/><T24/><D70/><U22/><E118/><V80/><REACH who="2" step="1"/><F86/><REACH who="2" ten="250,250,240,250" step="2"/><W98/><G84/><T68/><D68/><U50/><E108/><V23/><F23/><W8/><G21/><T94/><D106/><U51/><E130/><V111/><F111/><W110/><G110/><T30/><D30/><U45/><E51/><V57/><F57/><W85/><G85/><T13/><D26/><U121/><E121/><V78/><F78/><W114/><G133/><T107/><D24/><U135/><E135/><V79/><F79/><W39/><G132/><T49/><D107/><U129/><E129/><V34/><F34/><W20/><G20/><AGARI ba="0,1" hai="13,16,20,44,47,49,55,58,82,87,91,94,96,102" machi="20" ten="30,11600,0" yaku="7,1,8,1,52,1,54,1" doraHai="14" who="0" fromWho="3" sc="250,126,250,0,240,0,250,-116" /><INIT seed="0,1,0,1,5,55" ten="376,250,240,134" oya="0" hai0="62,86,8,9,98,37,17,110,29,66,2,88,135" hai1="63,107,13,84,92,115,19,114,61,20,105,7,116" hai2="76,127,35,97,85,15,132,99,26,120,129,52,25" hai3="122,74,57,11,44,79,23,45,108,69,130,80,27"/><T118/><D118/><U90/><E116/><V73/><F120/><W48/><G122/><T124/><D37/><U34/><E34/><V12/><F73/><W54/><G108/><T83/><D110/><U18/><E7/><V93/><F127/><W0/><G130/><T16/><D124/><U121/><E121/><V134/><F129/><W94/><G69/><T4/><D135/><N who="2" m="51754" /><F99/><W82/><G82/><T77/><D29/><U56/><E63/><V60/><F85/><W64/><G64/><T59/><REACH who="0" step="1"/><D8/><REACH who="0" ten="366,250,240,134" step="2"/><U30/><E30/><V95/><F35/><W112/><G112/><N who="1" m="43050" /><E19/><V101/><F76/><W123/><G123/><T106/><D106/><U71/><E71/><V47/><F95/><AGARI ba="1,1" hai="2,4,9,16,17,59,62,66,77,83,86,88,95,98" machi="95" ten="40,12000,1" yaku="1,1,52,1,54,2,53,0" doraHai="55" doraHaiUra="22" who="0" fromWho="2" sc="366,133,250,0,240,-123,134,0" /><INIT seed="0,2,0,1,5,102" ten="499,250,117,134" oya="0" hai0="107,64,118,106,24,61,16,34,14,58,54,94,98" hai1="99,103,122,133,59,113,17,115,74,87,45,49,114" hai2="39,53,93,26,55,111,97,92,101,100,104,85,127" hai3="109,71,120,79,130,65,8,75,86,90,121,43,6"/><T0/><D118/><U4/><E122/><V132/><F39/><W123/><G109/><T83/><D0/><U134/><E74/><V105/><F111/><W11/><G130/><T29/><D83/><U41/><E4/><V40/><F40/><W44/><G79/><T69/><D69/><U77/><E17/><V116/><F26/><W25/><G75/><T81/><D81/><N who="1" m="47535" /><E59/><V126/><F85/><W78/><G78/><T82/><D82/><U12/><E12/><V42/><F42/><W63/><G25/><T37/><D37/><U60/><E60/><V66/><F66/><W19/><G19/><T91/><D64/><U112/><N who="1" m="28672" /><DORA hai="36" /><U2/><E2/><V124/><F132/><W35/><G35/><T3/><D3/><U47/><E45/><V119/><F126/><W129/><G129/><T57/><D57/><U96/><E96/><AGARI ba="2,0" hai="53,55,92,93,96,97,100,101,104,105,116,119,124,127" machi="96" ten="25,6400,0" yaku="22,2,52,2" doraHai="102,36" who="2" fromWho="1" sc="499,0,250,-70,117,70,134,0" /><INIT seed="1,0,0,5,0,46" ten="499,180,187,134" oya="1" hai0="131,132,22,41,13,19,89,110,5,23,76,9,113" hai1="98,34,71,56,36,109,25,80,18,15,105,102,21" hai2="52,99,7,48,4,24,64,83,62,135,30,42,120" hai3="121,97,50,93,53,75,118,87,130,27,49,11,84"/><U28/><E36/><V3/><F120/><W116/><G121/><T44/><D113/><U68/><E109/><V12/><F3/><W94/><G75/><T29/><D131/><U126/><E126/><V10/><F135/><W32/><G130/><T67/><D67/><U2/><E80/><V86/><F42/><W20/><G32/><T104/><D104/><U122/><E122/><V58/><F99/><W47/><G11/><T119/><D119/><N who="3" m="45609" /><G93/><T14/><D76/><U70/><E56/><V112/><F112/><W124/><G124/><T73/><D73/><U31/><E31/><V8/><F24/><W100/><G49/><T81/><D29/><AGARI ba="0,0" hai="20,27,29,47,50,53,84,87,94,97,100" m="45609" machi="29" ten="30,2000,0" yaku="12,1,52,1" doraHai="46" who="3" fromWho="0" sc="499,-20,180,0,187,0,134,20" /><INIT seed="2,0,0,1,1,42" ten="479,180,187,154" oya="2" hai0="110,88,41,26,29,61,67,98,33,10,95,79,117" hai1="57,20,129,90,74,40,17,124,3,132,11,35,65" hai2="30,24,39,100,134,47,46,21,87,28,84,97,80" hai3="128,94,44,109,133,104,82,8,6,106,116,125,118"/><V7/><F134/><W63/><G133/><T49/><D110/><U2/><E35/><V64/><F39/><W13/><G109/><T92/><D117/><U81/><E132/><V25/><F7/><W48/><G128/><T52/><D41/><U43/><E124/><V78/><F64/><W115/><G125/><T89/><D79/><U14/><E129/><V9/><F9/><W37/><G115/><T56/><D10/><U18/><E74/><V105/><REACH who="2" step="1"/><F84/><REACH who="2" ten="479,180,177,154" step="2"/><W101/><G37/><T54/><D49/><U32/><E65/><V119/><F119/><W120/><G118/><T130/><D130/><U75/><E11/><V114/><F114/><W108/><G116/><T50/><D50/><U34/><E75/><V107/><F107/><W55/><G104/><T53/><D67/><U102/><E3/><V12/><F12/><W45/><G106/><T22/><D33/><AGARI ba="0,1" hai="21,24,25,28,30,33,46,47,78,80,87,97,100,105" machi="33" ten="30,12000,1" yaku="1,1,7,1,52,2,53,1" doraHai="42" doraHaiUra="16" who="2" fromWho="0" sc="479,-120,180,0,177,130,154,0" /><INIT seed="2,1,0,2,3,40" ten="359,180,307,154" oya="2" hai0="51,84,78,54,46,23,113,24,10,4,128,65,45" hai1="29,12,64,13,88,68,105,119,48,71,50,36,42" hai2="129,110,67,124,104,41,28,98,131,19,38,111,95" hai3="39,57,121,14,11,83,27,32,30,82,31,86,97"/><V66/><F28/><W120/><G39/><T55/><D113/><U108/><E108/><N who="2" m="41515" /><F104/><W116/><G116/><T35/><D128/><N who="2" m="49226" /><F19/><W106/><G30/><T73/><D65/><N who="2" m="24586" /><F124/><W132/><G132/><T44/><D73/><U62/><E105/><V94/><F98/><W20/><G32/><T96/><D96/><U18/><E68/><V70/><F70/><W135/><G135/><T100/><D100/><U52/><E29/><V126/><F126/><W56/><G97/><T25/><D35/><U26/><E119/><V87/><F87/><W81/><G106/><T59/><D54/><U9/><E26/><V115/><F115/><W101/><G101/><T90/><D78/><U49/><E13/><V53/><F53/><W58/><REACH who="3" step="1"/><G86/><REACH who="3" ten="359,180,307,144" step="2"/><T76/><D76/><U107/><E107/><V127/><F127/><W22/><G22/><T74/><D74/><U34/><E34/><V103/><F103/><W37/><G37/><T16/><D10/><U72/><E72/><V75/><F75/><W43/><G43/><T80/><D4/><AGARI ba="1,1" hai="4,11,14,20,27,31,56,57,58,81,82,83,120,121" machi="4" ten="40,1300,0" yaku="1,1,53,0" doraHai="40" doraHaiUra="60" who="3" fromWho="0" sc="359,-16,180,0,307,0,144,26" /><INIT seed="3,0,0,2,4,80" ten="343,180,307,170" oya="3" hai0="91,135,6,97,48,89,3,5,12,121,11,109,122" hai1="70,16,60,78,73,65,53,113,69,68,125,83,92" hai2="44,0,13,50,77,105,98,107,27,2,131,28,95" hai3="72,23,17,41,38,85,32,56,25,84,52,100,26"/><W112/><G112/><T101/><D109/><U130/><E130/><V10/><F131/><W64/><G72/><T93/><D135/><U1/><E1/><V18/><F77/><W49/><G64/><T110/><D110/><U21/><E125/><V4/><F0/><W46/><G100/><T40/><D5/><U94/><E113/><V36/><F36/><W86/><G32/><T31/><D31/><U102/><E53/><V43/><F4/><W37/><REACH who="3" step="1"/><G25/><REACH who="3" ten="343,180,307,160" step="2"/><T116/><D121/><U115/><E115/><V124/><F124/><W67/><G67/><T20/><D122/><U99/><REACH who="1" step="1"/><E94/><REACH who="1" ten="343,170,307,160" step="2"/><V54/><F95/><W134/><G134/><T30/><D93/><U42/><E42/><V74/><F43/><W47/><G47/><T51/><D40/><U82/><E82/><V8/><F44/><W7/><G7/><T129/><D6/><U15/><AGARI ba="0,2" hai="15,16,21,60,65,68,69,70,73,78,83,92,99,102" machi="15" ten="20,8000,1" yaku="1,1,0,1,7,1,54,1,53,1" doraHai="80" doraHaiUra="76" who="1" fromWho="1" sc="343,-20,170,100,307,-20,160,-40" /><INIT seed="4,0,0,2,4,128" ten="323,270,287,120" oya="0" hai0="97,80,17,85,60,24,129,3,21,78,116,126,42" hai1="67,38,6,62,56,33,1,104,12,4,58,27,57" hai2="95,109,134,120,45,94,133,102,115,117,103,13,93" hai3="39,87,19,86,71,53,74,61,68,55,91,44,72"/><T20/><D116/><U122/><E1/><V124/><F117/><W79/><G79/><T98/><D3/><U36/><E104/><V35/><F35/><W114/><G114/><T31/><D129/><U52/><E122/><V69/><F69/><W63/><G44/><T11/><D126/><U130/><E130/><V50/><F120/><W84/><G39/><T18/><D42/><U51/><E57/><V101/><F109/><W112/><G112/><T75/><D75/><U110/><E110/><V9/><F115/><W123/><G123/><T99/><D11/><U47/><E58/><V132/><F124/><W82/><G82/><T111/><D111/><U25/><E12/><V32/><F32/><W83/><G83/><T135/><D135/><U65/><E65/><V8/><F13/><W88/><G84/><T22/><REACH who="0" step="1"/><D60/><REACH who="0" ten="313,270,287,120" step="2"/><U105/><E62/><V119/><F119/><W23/><G23/><AGARI ba="0,1" hai="17,18,20,21,22,23,24,31,78,80,85,97,98,99" machi="23" ten="40,7700,0" yaku="1,1,2,1,8,1,53,0" doraHai="128" doraHaiUra="2" who="0" fromWho="3" sc="313,87,270,0,287,0,120,-77" /><INIT seed="4,1,0,2,5,92" ten="400,270,287,43" oya="0" hai0="114,13,100,131,85,26,78,7,120,9,1,135,76" hai1="87,84,105,82,20,129,104,96,88,123,48,132,30" hai2="128,41,37,49,43,52,93,119,15,6,11,91,103" hai3="57,28,70,72,115,5,94,32,112,62,40,42,108"/><T99/><D120/><U55/><E123/><V90/><F128/><W25/><G108/><T54/><D131/><U59/><E129/><V64/><F119/><W68/><G72/><T61/><D114/><N who="3" m="43561" /><G5/><T126/><D135/><U66/><E132/><V45/><F64/><N who="3" m="38991" /><G94/><T39/><D39/><U56/><E105/><V2/><F2/><W109/><G109/><T81/><D126/><U122/><E122/><V111/><F111/><W53/><G53/><T74/><D1/><U47/><E66/><V107/><F107/><W35/><G35/><T110/><D110/><U101/><E30/><V118/><F118/><W73/><G73/><T71/><D74/><U121/><E121/><V36/><F36/><W69/><AGARI ba="1,0" hai="25,28,32,40,42,68,69,70" m="38991,43561" machi="69" ten="40,1500,0" yaku="15,1" doraHai="92" who="3" fromWho="3" sc="400,-8,270,-5,287,-5,43,18" /><INIT seed="5,0,0,1,0,67" ten="392,265,282,61" oya="1" hai0="133,101,25,82,17,131,3,15,78,111,134,122,93" hai1="27,69,16,58,34,20,120,115,100,84,32,30,129" hai2="109,88,76,106,24,114,50,43,2,94,47,56,108" hai3="79,119,57,118,4,26,116,105,59,44,110,113,74"/><U87/><E120/><V0/><F106/><W18/><G110/><T38/><D111/><U123/><E123/><V52/><F114/><W80/><G113/><T126/><D38/><U95/><E115/><V31/><F76/><W60/><G105/><T65/><D3/><U41/><E69/><V49/><F109/><W125/><G125/><T46/><D126/><U12/><E129/><V83/><F83/><W71/><G44/><T112/><D112/><U10/><E41/><V8/><F8/><W6/><G57/><T97/><D131/><U102/><E58/><V19/><F19/><W33/><G18/><T77/><D65/><U124/><E124/><V72/><F72/><W55/><REACH who="3" step="1"/><G71/><REACH who="3" ten="392,265,282,51" step="2"/><T130/><D130/><U128/><E128/><V62/><F108/><W53/><G53/><T54/><D54/><U11/><E11/><V81/><F47/><W90/><G90/><T5/><D46/><U132/><E132/><V135/><F135/><W28/><AGARI ba="0,1" hai="4,6,26,28,33,55,59,60,74,79,80,116,118,119" machi="28" ten="40,5200,0" yaku="1,1,0,1,12,1,53,0" doraHai="67" doraHaiUra="70" who="3" fromWho="3" sc="392,-13,265,-26,282,-13,51,62" /><INIT seed="6,0,0,0,0,94" ten="379,239,269,113" oya="2" hai0="14,11,7,60,33,72,105,32,34,5,53,23,25" hai1="1,3,106,135,58,20,67,73,97,95,55,99,80" hai2="102,125,98,87,68,6,79,70,81,109,100,19,62" hai3="0,114,57,28,82,63,69,85,84,126,92,27,40"/><V130/><F130/><W75/><G0/><T104/><D72/><U15/><E67/><V122/><F122/><W110/><G110/><T118/><D118/><U41/><E41/><V10/><F125/><W131/><G126/><T78/><D78/><U117/><E117/><V59/><F19/><W4/><G131/><T50/><D60/><U120/><E120/><V127/><F102/><W134/><G4/><T83/><D83/><U42/><E42/><V49/><F49/><W121/><G121/><T132/><D132/><U64/><E64/><V93/><F109/><W129/><G129/><T66/><D66/><U74/><E135/><V113/><F113/><W56/><G134/><T48/><D48/><U96/><E95/><V116/><F127/><W112/><G40/><T133/><D7/><U21/><E106/><V35/><F35/><W39/><G39/><T124/><D133/><U44/><E44/><V89/><F100/><W51/><G51/><T9/><D9/><U103/><E103/><V38/><F38/><W43/><G43/><T47/><D124/><U91/><E74/><V18/><F18/><W128/><G128/><T107/><D107/><U111/><E111/><V16/><F16/><W86/><G69/><T54/><D53/><U90/><E15/><V71/><F116/><W37/><G37/><T76/><D76/><N who="1" m="44047" /><E3/><N who="2" m="351" /><F71/><W31/><G75/><T22/><D22/><N who="1" m="8811" /><E1/><V77/><F77/><W119/><G119/><T101/><D101/><U115/><E115/><V8/><F8/><W45/><G114/><T108/><D108/><U24/><E24/><V17/><F17/><AGARI ba="0,0" hai="5,11,14,17,23,25,32,33,34,47,50,54,104,105" machi="17" ten="40,1300,0" yaku="6,1" doraHai="94" who="0" fromWho="2" sc="379,13,239,0,269,-13,113,0" /><INIT seed="7,0,0,3,3,11" ten="392,239,256,113" oya="3" hai0="125,129,79,51,107,126,78,77,82,15,27,96,53" hai1="60,43,61,19,30,105,5,65,48,20,16,24,90" hai2="17,116,102,36,39,74,128,95,58,2,84,35,64" hai3="88,71,75,26,97,92,130,22,133,111,131,38,50"/><W109/><G133/><T123/><D129/><N who="3" m="49161" /><G38/><T87/><D123/><U127/><E105/><V6/><F39/><W69/><G50/><T100/><D15/><U28/><E127/><N who="0" m="48649" /><D27/><U34/><E34/><V46/><F36/><W3/><G3/><T55/><D55/><U80/><E5/><V98/><F2/><W32/><G75/><T57/><AGARI ba="0,0" hai="51,53,57,77,78,79,82,87,96,100,107" m="48649" machi="57" ten="30,1100,0" yaku="18,1" doraHai="11" who="0" fromWho="0" sc="392,11,239,-3,256,-3,113,-5" owari="403,50.3,236,-16.4,253,5.3,108,-39.2" /></mjloggm>