<mjloggm ver="2.3"><GO type="169" lobby="0"/><UN n0="%E3%83%AD%E3%83%AD%E3%82%93" n1="%E3%82%82%E3%82%8D%E3%81%BF%E3%83%BC" n2="%E3%81%88%E3%82%8A%E3%82%93%E3%81%BC%E3%81%B1%E3%81%B1" n3="%E3%81%A0%E3%81%A3" dan="16,17,17,16" rate="2154.34,2136.99,2149.72,2190.18" sx="M,M,M,F"/><TAIKYOKU oya="0"/><INIT seed="0,0,0,1,5,127" ten="250,250,250,250" oya="0" hai0="68,84,41,50,67,106,46,110,108,35,131,56,97" hai1="94,134,121,79,74,122,9,15,112,85,24,42,34" hai2="4,40,99,13,0,48,95,113,22,92,119,8,30" hai3="32,123,91,83,125,101,133,25,31,90,10,44,103"/><T115/><D35/><U38/><E134/><V36/><F36/><W63/><G123/><T117/><D117/><U45/><E112/><V105/><F113/><W7/><G133/><T116/><D116/><U54/><E74/><V58/><F119/><W111/><G111/><N who="0" m="42539" /><D115/><U78/><E54/><V75/><F75/><W16/><G125/><T89/><D68/><U104/><E104/><V126/><F126/><W66/><G44/><T130/><D106/><U62/><E62/><V60/><F105/><W86/><G91/><T27/><D27/><U98/><E24/><N who="2" m="16663" /><F0/><W14/><REACH who="3" step="1"/><G7/><REACH who="3" ten="250,250,250,240" step="2"/><T76/><D76/><U12/><E78/><V114/><F114/><W102/><G102/><T73/><D97/><U19/><E98/><V26/><F99/><W59/><AGARI ba="0,1" hai="10,14,16,25,31,32,59,63,66,83,86,90,101,103" machi="59" ten="20,5200,0" yaku="1,1,0,1,7,1,54,1,53,0" doraHai="127" doraHaiUra="39" who="3" fromWho="3" sc="250,-26,250,-13,250,-13,240,62" /><INIT seed="1,0,0,2,0,27" ten="224,237,237,302" oya="1" hai0="43,127,37,8,5,119,17,69,83,56,95,94,88" hai1="115,64,45,59,23,18,107,50,41,57,61,105,130" hai2="73,103,101,123,31,131,118,20,72,28,79,65,135" hai3="12,122,3,126,114,77,39,4,70,74,71,26,96"/><U24/><E115/><V9/><F123/><W60/><G122/><T78/><D69/><U22/><E130/><V86/><F118/><W11/><G114/><T133/><D119/><U100/><E100/><N who="2" m="38475" /><F72/><W116/><G96/><T7/><D133/><U113/><E113/><V124/><F73/><W36/><G126/><T125/><D56/><U128/><E128/><V93/><F135/><W25/><G12/><T68/><D68/><U14/><REACH who="1" step="1"/><E57/><REACH who="1" ten="224,227,237,302" step="2"/><V81/><F131/><W35/><G116/><T132/><D132/><U85/><E85/><V54/><F124/><W91/><G71/><T44/><D127/><U33/><E33/><V42/><F86/><W111/><G35/><T109/><D109/><U134/><E134/><V67/><F67/><W34/><G34/><T80/><D125/><U48/><E48/><V110/><F65/><W15/><G70/><T120/><D120/><U1/><E1/><V38/><F38/><W66/><G3/><T87/><D87/><U29/><AGARI ba="0,1" hai="14,18,22,23,24,29,41,45,50,59,61,64,105,107" machi="29" ten="20,7800,0" yaku="1,1,0,1,7,1,52,1,53,0" doraHai="27" doraHaiUra="99" who="1" fromWho="1" sc="224,-26,227,88,237,-26,302,-26" /><INIT seed="1,1,0,2,2,95" ten="198,315,211,276" oya="1" hai0="17,88,41,80,135,45,33,94,71,117,113,123,91" hai1="6,121,8,48,63,54,20,73,64,84,27,58,100" hai2="127,22,13,52,104,125,0,108,59,23,83,111,25" hai3="105,21,11,1,97,47,44,53,3,62,102,65,131"/><U112/><E73/><V19/><F104/><W76/><G131/><T49/><D71/><U60/><E112/><V78/><F0/><W43/><G76/><T12/><D123/><U57/><E121/><V32/><F32/><W31/><G11/><T115/><D33/><U114/><E114/><V116/><F116/><W96/><G53/><T68/><D68/><U50/><E84/><V124/><F22/><W119/><G119/><T61/><D135/><U79/><E79/><V103/><F103/><W82/><G82/><T118/><D61/><U93/><E93/><V81/><F13/><W35/><G47/><T72/><D118/><U129/><E100/><V134/><F134/><W130/><G97/><T16/><D17/><U69/><E69/><V85/><REACH who="2" step="1"/><F81/><REACH who="2" ten="198,315,201,276" step="2"/><W67/><G21/><T89/><D117/><U42/><E129/><V98/><F98/><W110/><G1/><T37/><D94/><U77/><E20/><V86/><F86/><W101/><G3/><T18/><D80/><U5/><E27/><V128/><F128/><W39/><G102/><T24/><D72/><U122/><E122/><V87/><F87/><W26/><G130/><T133/><D133/><U107/><E107/><V70/><F70/><W10/><G105/><T14/><D24/><U7/><E8/><V2/><F2/><W55/><G101/><T38/><D115/><U30/><E30/><V126/><N who="2" m="31744" /><DORA hai="36" /><V4/><F4/><W56/><G26/><T99/><D99/><U75/><E75/><V51/><AGARI ba="1,1" hai="19,23,25,51,52,59,78,83,85,108,111" m="31744" machi="51" ten="60,8000,1" yaku="1,1,0,1,18,1,54,1,53,0" doraHai="95,36" doraHaiUra="109,106" who="2" fromWho="2" sc="198,-21,315,-41,201,93,276,-21" /><INIT seed="2,0,0,1,2,73" ten="177,274,294,255" oya="2" hai0="54,0,46,86,126,12,131,116,9,125,115,2,53" hai1="40,66,119,34,18,102,135,100,6,62,105,93,10" hai2="133,58,117,15,49,111,39,120,88,79,41,19,67" hai3="60,61,98,127,42,55,134,78,50,59,24,13,70"/><V97/><F117/><W33/><G127/><T112/><D46/><U113/><E113/><N who="0" m="43593" /><D86/><U44/><E119/><V35/><F120/><W89/><G134/><T65/><D65/><U31/><E135/><V8/><F35/><W85/><G70/><T118/><D131/><U110/><E110/><V28/><F133/><W68/><G68/><T30/><D118/><U92/><E18/><V43/><F28/><W91/><G33/><T101/><D101/><U82/><E82/><V32/><F32/><W17/><G24/><T21/><D54/><U83/><E83/><V29/><F29/><W5/><G5/><N who="0" m="3119" /><D53/><U96/><E102/><V108/><F39/><W90/><G98/><T107/><D107/><U104/><E104/><V16/><F19/><W123/><G123/><T25/><D116/><U87/><E87/><V3/><F3/><AGARI ba="0,0" hai="0,2,3,21,25,30,125,126" m="3119,43593" machi="3" ten="30,2000,0" yaku="34,2" doraHai="73" who="0" fromWho="2" sc="177,20,274,0,294,-20,255,0" /><INIT seed="3,0,0,2,5,71" ten="197,274,274,255" oya="3" hai0="3,32,55,56,14,90,76,22,134,111,67,73,120" hai1="86,57,12,85,34,91,94,25,24,95,130,54,44" hai2="72,48,37,10,51,40,126,38,49,117,9,102,82" hai3="19,50,122,112,63,26,83,75,84,106,124,17,31"/><W61/><G122/><T13/><D3/><U128/><E12/><V27/><F117/><W33/><G112/><T77/><D32/><U28/><E24/><V79/><F40/><W59/><G106/><T125/><D120/><U68/><E68/><V89/><F102/><W93/><G124/><T104/><D104/><U129/><E44/><V132/><F126/><W88/><G50/><T115/><D125/><U64/><E64/><V135/><F89/><W74/><G63/><T116/><D116/><U81/><REACH who="1" step="1"/><E86/><REACH who="1" ten="197,264,274,255" step="2"/><V43/><F27/><W20/><G33/><T100/><D115/><U4/><E4/><V36/><REACH who="2" step="1"/><F43/><REACH who="2" ten="197,264,264,255" step="2"/><W118/><G118/><T16/><D134/><AGARI ba="0,2" hai="9,10,36,37,38,48,49,51,72,79,82,132,134,135" machi="134" ten="50,12000,2" yaku="1,1,2,1,20,1,52,3,53,0" doraHai="71" doraHaiUra="114" who="2" fromWho="0" sc="197,-120,264,0,264,140,255,0" /><INIT seed="4,0,0,4,0,105" ten="77,264,404,255" oya="0" hai0="34,30,37,21,66,109,75,1,130,31,99,79,2" hai1="123,33,122,94,129,80,46,16,64,115,120,133,88" hai2="10,60,76,119,101,19,23,22,27,68,126,103,17" hai3="128,51,132,89,118,26,56,44,90,112,77,127,107"/><T49/><D37/><U12/><E33/><V95/><F126/><W134/><G112/><T50/><D130/><U81/><E129/><V78/><F119/><W117/><G128/><T87/><D66/><U5/><E133/><V108/><F108/><W53/><G107/><T8/><D34/><U83/><E115/><V72/><F68/><W62/><G77/><N who="2" m="29801" /><F72/><W114/><G26/><T67/><D67/><U45/><E5/><V13/><F60/><W9/><G9/><T98/><D79/><U96/><REACH who="1" step="1"/><E64/><REACH who="1" ten="77,254,404,255" step="2"/><V32/><F32/><W55/><G114/><T39/><D109/><U35/><E35/><V20/><F95/><W71/><G127/><T135/><D135/><N who="3" m="51753" /><G71/><T93/><D39/><U100/><E100/><AGARI ba="0,1" hai="10,13,17,19,20,22,23,27,100,101,103" m="29801" machi="100" ten="30,1000,0" yaku="8,1" doraHai="105" who="2" fromWho="1" sc="77,0,254,-10,404,20,255,0" /><INIT seed="5,0,0,4,0,78" ten="77,244,424,255" oya="1" hai0="126,96,7,20,77,49,2,113,115,48,93,127,40" hai1="45,46,104,61,87,16,51,12,27,106,58,124,11" hai2="9,117,31,111,107,128,82,14,57,131,134,34,116" hai3="36,105,92,5,67,70,10,52,97,85,65,133,72"/><U4/><E124/><N who="0" m="47657" /><D7/><U69/><E69/><V112/><F107/><W35/><G35/><T99/><D2/><U32/><E46/><V37/><F37/><W74/><G36/><T71/><D71/><U80/><E32/><V68/><F68/><W8/><G70/><T73/><D20/><N who="1" m="13703" /><E106/><V130/><F57/><W21/><G105/><T76/><D40/><N who="1" m="24999" /><E104/><V102/><F102/><W17/><G72/><T3/><D3/><U103/><E103/><V135/><F82/><W0/><G74/><T62/><D62/><U54/><E87/><V41/><F41/><W75/><G85/><T114/><D73/><U53/><E80/><V132/><F111/><W1/><G75/><T44/><D44/><U63/><E63/><V129/><F112/><W29/><G0/><T89/><D49/><U30/><E30/><V42/><F42/><W18/><G29/><T120/><D120/><U91/><E91/><V43/><F43/><W24/><G1/><T79/><D48/><U60/><E60/><V98/><F98/><AGARI ba="0,0" hai="76,77,79,89,93,96,98,99,113,114,115" m="47657" machi="98" ten="40,8000,1" yaku="15,1,18,1,34,2" doraHai="78" who="0" fromWho="2" sc="77,80,244,0,424,-80,255,0" /><INIT seed="6,0,0,1,3,93" ten="157,244,344,255" oya="2" hai0="50,12,122,110,22,134,79,81,98,118,46,47,85" hai1="39,17,2,14,58,62,45,126,123,133,76,115,73" hai2="24,89,26,13,7,101,40,114,99,130,10,53,83" hai3="71,23,31,37,68,4,135,127,77,103,66,120,128"/><V112/><F130/><W38/><G120/><T124/><D124/><U96/><E2/><V61/><F40/><W92/><G77/><T9/><D118/><U74/><E126/><V43/><F43/><W54/><G54/><T1/><D1/><U104/><E123/><V69/><F89/><W15/><G31/><T48/><D110/><U78/><E115/><N who="2" m="44075" /><F83/><W16/><G127/><T27/><D134/><U59/><E133/><V113/><F113/><W30/><G135/><T20/><D122/><U121/><E121/><V94/><F53/><W29/><G29/><T63/><D63/><U55/><E76/><V129/><F129/><W100/><G30/><T44/><D98/><U6/><E6/><V33/><F33/><W42/><G4/><T18/><REACH who="0" step="1"/><D22/><REACH who="0" ten="147,244,344,255" step="2"/><U57/><E96/><V19/><F61/><W116/><G23/><T70/><D70/><U34/><E62/><V80/><F69/><W107/><G68/><T72/><D72/><U119/><E74/><V49/><F99/><W36/><G71/><T8/><D8/><U109/><E73/><V51/><F10/><W102/><G128/><T60/><D60/><U131/><E119/><V97/><F97/><W25/><G116/><T91/><D91/><U125/><E125/><V67/><F101/><W82/><G103/><T95/><D95/><U90/><E90/><V21/><F94/><W88/><G102/><T132/><D132/><U87/><E131/><V86/><F21/><W28/><G100/><T11/><D11/><U56/><N who="1" m="14336" /><DORA hai="0" /><U75/><E75/><V65/><F80/><W106/><G82/><RYUUKYOKU ba="0,1" sc="147,30,244,-10,344,-10,255,-10" hai0="9,12,18,20,27,44,46,47,48,50,79,81,85" /><INIT seed="7,1,1,4,2,101" ten="177,234,334,245" oya="3" hai0="129,69,114,42,115,109,19,98,104,67,108,68,122" hai1="62,38,30,111,130,76,8,37,11,118,128,50,33" hai2="133,45,40,71,49,123,132,72,28,15,134,116,89" hai3="74,81,64,92,22,88,102,86,9,35,26,100,53"/><W31/><G64/><T105/><D122/><U12/><E111/><N who="0" m="42569" /><D42/><U39/><E118/><V85/><F123/><W29/><G29/><T47/><D47/><U95/><E76/><V78/><F71/><N who="0" m="27210" /><D67/><U14/><E62/><V52/><F28/><W27/><G27/><T65/><D65/><U97/><E50/><V16/><F78/><W113/><G22/><T57/><D57/><U91/><E33/><V13/><F72/><W51/><G74/><T0/><D98/><U94/><E30/><V126/><F126/><W34/><G34/><T4/><D19/><U44/><E44/><N who="2" m="27687" /><F16/><W2/><G92/><T77/><D77/><U121/><E121/><V125/><F125/><W96/><G35/><T41/><D41/><U56/><E56/><V103/><F103/><W110/><G102/><T112/><D129/><N who="1" m="49771" /><E94/><N who="2" m="54575" /><F116/><W119/><G100/><T107/><D4/><N who="1" m="3079" /><E38/><AGARI ba="1,1" hai="13,15,38,40,45,132,133,134" m="54575,27687" machi="38" ten="30,2000,0" yaku="20,1,54,1" doraHai="101" who="2" fromWho="1" sc="177,0,234,-23,334,33,245,0" owari="177,-32.3,211,-18.9,367,46.7,245,4.5" /></mjloggm>