<mjloggm ver="2.3"><GO type="169" lobby="0"/><UN n0="%E6%B7%B3%E5%AD%90%E3%81%A7%E3%81%99" n1="%E4%BE%8D" n2="%E3%82%84%E3%82%89%E3%82%8C%E5%BD%B9" n3="%E3%83%AB%E3%82%AB%E3%83%AB%E3%83%88" dan="17,17,17,16" rate="2210.26,2194.16,2156.74,2181.40" sx="M,M,M,M"/><TAIKYOKU oya="0"/><INIT seed="0,0,0,5,4,3" ten="250,250,250,250" oya="0" hai0="0,20,35,82,13,116,39,96,51,42,92,18,93" hai1="24,118,15,72,99,128,94,87,43,64,54,113,132" hai2="48,134,16,81,129,22,119,17,73,46,50,47,79" hai3="44,106,12,127,66,31,130,32,68,124,117,125,78"/><T5/><D39/><U123/><E118/><V45/><F129/><W135/><G117/><T62/><D116/><U11/><E123/><V27/><F119/><W25/><G130/><T69/><D35/><U88/><E72/><V77/><F134/><W71/><G135/><T112/><D112/><U70/><E132/><V61/><F79/><W26/><G78/><T90/><D82/><U6/><E128/><V95/><F95/><W8/><G106/><T75/><D75/><U4/><E113/><V14/><REACH who="2" step="1"/><F61/><REACH who="2" ten="250,250,240,250" step="2"/><W110/><G110/><T89/><D62/><U83/><E70/><V98/><F98/><W37/><G66/><T76/><D76/><U29/><E64/><V102/><F102/><W55/><G71/><T101/><D69/><U86/><E54/><V80/><F80/><W121/><G68/><T131/><D131/><U9/><E43/><V36/><F36/><W34/><G121/><T33/><D101/><U105/><E105/><V1/><F1/><W67/><G67/><T21/><D92/><U57/><E83/><V104/><F104/><W107/><G107/><T2/><D89/><U115/><E115/><V122/><F122/><W40/><G55/><T28/><D0/><U120/><E120/><V41/><F41/><W53/><G53/><T85/><D42/><U60/><E60/><V49/><F49/><W133/><G133/><T30/><D51/><U7/><E99/><V19/><F19/><N who="3" m="8583" /><G127/><T97/><D97/><U111/><E94/><V114/><F114/><W108/><G108/><T56/><D96/><U103/><E111/><V52/><F52/><RYUUKYOKU ba="0,1" sc="250,-15,250,-15,240,15,250,15" hai2="14,16,17,22,27,45,46,47,48,50,73,77,81" hai3="25,26,31,32,34,37,40,44,124,125" /><INIT seed="1,1,1,3,3,61" ten="235,235,255,265" oya="1" hai0="72,15,55,98,129,47,45,62,51,29,133,108,134" hai1="126,120,124,6,7,84,63,14,96,67,87,97,77" hai2="59,95,24,30,68,28,2,43,74,64,8,117,3" hai3="135,114,105,1,32,85,33,58,13,31,52,12,70"/><U128/><E120/><V18/><F117/><W93/><G114/><T20/><D72/><U107/><E128/><V83/><F68/><W132/><G105/><T80/><D129/><U35/><E35/><V112/><F43/><W10/><G70/><T91/><D108/><U99/><E107/><V27/><F95/><W76/><G1/><T104/><D45/><U75/><E75/><V86/><F74/><W119/><G119/><T44/><D47/><U9/><E6/><V101/><F18/><W37/><G37/><T25/><D15/><U21/><E21/><V53/><F83/><N who="3" m="47335" /><G93/><T88/><D80/><U42/><E42/><V111/><F8/><W50/><G31/><T82/><D82/><U4/><E4/><V89/><F27/><W113/><G13/><T118/><D118/><U34/><E34/><V36/><F36/><W65/><G65/><T5/><D5/><U78/><E78/><V0/><F64/><W39/><G39/><T116/><D116/><U100/><E100/><V121/><F0/><W103/><G103/><T40/><D104/><U60/><E60/><V127/><F2/><W73/><G113/><T122/><D122/><U11/><E11/><V125/><F3/><W57/><G73/><T79/><D79/><U71/><REACH who="1" step="1"/><E77/><REACH who="1" ten="235,225,255,265" step="2"/><V115/><F121/><W110/><G33/><T23/><D20/><U54/><E54/><V22/><F112/><W131/><G32/><T16/><D23/><U41/><E41/><V123/><F115/><W92/><G131/><T109/><D40/><U46/><E46/><V94/><F123/><W66/><G10/><RYUUKYOKU ba="1,2" sc="235,-10,225,30,255,-10,265,-10" hai1="7,9,14,63,67,71,84,87,96,97,99,124,126" /><INIT seed="1,2,2,2,4,133" ten="225,255,245,255" oya="1" hai0="108,126,57,65,12,129,97,81,46,9,92,72,25" hai1="96,32,64,70,78,83,59,8,24,50,116,74,125" hai2="26,6,0,111,123,90,71,2,106,86,7,110,91" hai3="102,128,35,27,19,119,66,99,68,22,14,49,107"/><U122/><E122/><V84/><F123/><W94/><G128/><T58/><D129/><U101/><E116/><V34/><F26/><W45/><G119/><T132/><D108/><U20/><E8/><V69/><REACH who="2" step="1"/><F106/><REACH who="2" ten="225,255,235,255" step="2"/><W127/><G107/><T11/><D25/><U29/><E125/><V53/><F53/><W39/><G27/><T1/><D126/><U62/><E50/><V80/><F80/><W114/><G127/><T31/><D81/><U54/><E54/><V36/><F36/><W13/><G39/><T18/><D31/><U44/><E44/><V79/><F79/><W10/><G49/><T3/><D46/><U43/><E43/><V89/><F89/><W95/><G45/><T51/><D51/><U28/><E28/><V17/><F17/><W134/><G19/><T61/><D132/><U105/><REACH who="1" step="1"/><E59/><REACH who="1" ten="225,245,235,255" step="2"/><V103/><F103/><W52/><G102/><T100/><D57/><U118/><E118/><V16/><F16/><W4/><G52/><T5/><D1/><U33/><AGARI ba="2,4" hai="20,24,29,32,33,62,64,70,74,78,83,96,101,105" machi="33" ten="30,3000,0" yaku="1,1,0,1,53,0" doraHai="133" doraHaiUra="120" who="1" fromWho="1" sc="225,-12,245,76,235,-12,255,-12" /><INIT seed="1,3,0,1,5,110" ten="213,321,223,243" oya="1" hai0="48,65,33,78,117,32,18,39,71,38,73,131,62" hai1="13,84,74,56,109,134,112,17,108,9,50,47,3" hai2="81,49,53,52,25,96,113,94,105,26,70,101,61" hai3="58,97,99,120,15,98,103,69,80,104,21,77,83"/><U115/><E74/><V68/><F113/><W116/><G69/><T51/><D117/><U0/><E56/><V85/><F94/><W34/><G34/><T75/><D131/><U2/><E84/><V130/><F130/><W102/><G58/><T57/><D18/><U6/><E134/><V36/><F36/><W27/><G15/><T60/><D57/><U59/><E59/><V37/><F37/><W7/><G7/><T20/><D20/><N who="1" m="11311" /><E50/><V135/><F135/><W121/><G116/><T42/><D78/><U92/><E92/><V54/><F49/><W89/><G89/><T19/><D19/><U119/><E47/><V86/><F86/><W11/><G11/><T40/><D71/><U72/><E72/><V16/><F61/><W79/><G27/><T127/><REACH who="0" step="1"/><D127/><REACH who="0" ten="203,321,223,243" step="2"/><U29/><E119/><V111/><F26/><W100/><G21/><T5/><D5/><U63/><E29/><V35/><F70/><W126/><G126/><T87/><D87/><U64/><E64/><AGARI ba="3,1" hai="32,33,38,39,40,42,48,51,60,62,64,65,73,75" machi="64" ten="25,8000,1" yaku="1,1,22,2,53,2" doraHai="110" doraHaiUra="28" who="0" fromWho="1" sc="203,99,321,-89,223,0,243,0" /><INIT seed="2,0,0,2,4,89" ten="302,232,223,243" oya="2" hai0="31,79,51,83,122,97,65,68,47,106,104,4,127" hai1="42,98,10,19,85,87,100,16,126,14,135,128,86" hai2="45,84,112,0,49,15,95,63,81,74,37,17,93" hai3="26,30,91,78,70,50,71,72,13,55,129,120,134"/><V101/><F112/><W53/><G120/><T57/><D122/><U58/><E128/><V22/><F74/><W90/><G129/><T66/><D68/><U25/><E126/><V29/><F37/><W7/><G134/><T46/><D127/><U39/><E135/><V131/><F0/><W108/><G108/><T44/><D31/><U92/><E58/><V115/><F115/><W109/><G109/><T59/><D4/><U77/><E77/><V23/><F101/><W80/><G71/><T132/><D132/><U73/><E73/><V56/><F131/><W67/><G67/><T34/><D34/><U21/><E39/><V130/><F23/><W3/><G3/><T8/><D8/><U40/><AGARI ba="0,0" hai="10,14,16,19,21,25,40,42,85,86,87,92,98,100" machi="40" ten="30,7900,0" yaku="0,1,8,1,52,1,54,1" doraHai="89" who="1" fromWho="1" sc="302,-20,232,79,223,-39,243,-20" /><INIT seed="3,0,0,3,0,21" ten="282,311,184,223" oya="3" hai0="135,54,29,88,92,103,76,85,127,94,118,108,78" hai1="119,1,98,113,99,3,84,66,49,33,129,128,122" hai2="53,95,12,58,131,63,86,50,6,20,60,82,130" hai3="18,56,25,100,32,4,74,7,70,83,115,10,55"/><W121/><G115/><T126/><D29/><U52/><E122/><V31/><F95/><W2/><G121/><T89/><D54/><U59/><E113/><V19/><F6/><W105/><G70/><T64/><D64/><U38/><E33/><V24/><F131/><N who="1" m="50249" /><E119/><V125/><F125/><N who="0" m="47626" /><D118/><U0/><E38/><V124/><F124/><W77/><G7/><T110/><D103/><U61/><E84/><V40/><F40/><W117/><G117/><T14/><D14/><U37/><E37/><V97/><F97/><W47/><G47/><AGARI ba="0,0" hai="0,1,3,47,49,52,59,61,66,98,99" m="50249" machi="47" ten="40,2600,0" yaku="19,1,54,1" doraHai="21" who="1" fromWho="3" sc="282,0,311,26,184,0,223,-26" /><INIT seed="4,0,0,2,0,59" ten="282,337,184,197" oya="0" hai0="133,22,131,102,58,119,122,73,30,39,94,118,57" hai1="19,88,52,96,81,34,112,77,14,24,17,9,37" hai2="0,116,21,127,44,16,126,11,26,29,115,125,117" hai3="106,85,4,104,107,55,45,46,23,60,56,69,61"/><T130/><D39/><U41/><E112/><V90/><F115/><W38/><G4/><T66/><D73/><U108/><E108/><V132/><F132/><W3/><G3/><T35/><D57/><U5/><E34/><N who="2" m="20791" /><F90/><W83/><G38/><T15/><D35/><U86/><E37/><V75/><F44/><W114/><G114/><T62/><D133/><U87/><E41/><V74/><F74/><W18/><G69/><T43/><D43/><U92/><E24/><N who="2" m="14375" /><F75/><W33/><G33/><T99/><D122/><U68/><E68/><V110/><F110/><W25/><REACH who="3" step="1"/><G61/><REACH who="3" ten="282,337,184,187" step="2"/><T50/><D50/><U101/><REACH who="1" step="1"/><E52/><REACH who="1" ten="282,327,184,187" step="2"/><V28/><F28/><W123/><G123/><T95/><D30/><U54/><E54/><V111/><F111/><W135/><G135/><T121/><D121/><U63/><E63/><V65/><F65/><W124/><G124/><T93/><D66/><U31/><E31/><V6/><AGARI ba="0,2" hai="0,6,11,116,117,125,126,127" m="14375,20791" machi="6" ten="40,8000,1" yaku="18,1,34,2,54,1" doraHai="59" who="2" fromWho="2" sc="282,-40,327,-20,184,100,187,-20" /><INIT seed="5,0,0,1,4,24" ten="242,307,284,167" oya="1" hai0="46,83,18,111,86,34,76,118,121,91,107,78,85" hai1="95,94,2,19,53,75,80,17,74,103,69,28,93" hai2="42,11,120,123,23,127,70,67,128,62,15,110,4" hai3="48,7,119,20,51,129,35,37,73,27,97,92,61"/><U87/><E2/><V29/><F110/><W54/><G37/><T79/><D34/><U112/><E69/><V49/><F128/><W88/><G129/><T131/><D111/><U59/><E103/><V113/><F127/><W106/><G73/><T26/><D131/><U101/><E101/><V14/><F113/><W60/><G106/><T117/><D107/><U30/><E75/><V38/><F38/><W77/><G77/><T8/><D121/><U9/><E74/><V21/><F21/><W89/><G35/><T41/><D85/><U33/><E33/><V109/><F109/><W130/><G119/><T102/><D102/><U66/><E66/><V72/><F72/><W82/><G7/><T32/><D8/><U98/><E98/><V134/><F134/><W124/><G124/><T36/><REACH who="0" step="1"/><D18/><REACH who="0" ten="232,307,284,167" step="2"/><N who="1" m="6667" /><E9/><V114/><F11/><W10/><G130/><T40/><D40/><U3/><E3/><V56/><F42/><W6/><G10/><T64/><D64/><U122/><E122/><V22/><F67/><W126/><G126/><T44/><D44/><U63/><E112/><V132/><F114/><W68/><G6/><T133/><D133/><U47/><E47/><V99/><F4/><W100/><G100/><T5/><D5/><U84/><E84/><V135/><F135/><W39/><G97/><T105/><D105/><U0/><E0/><V55/><F132/><W71/><G20/><T43/><D43/><U108/><E108/><V12/><F99/><W125/><G125/><T96/><D96/><U13/><E13/><V57/><F120/><W1/><G1/><RYUUKYOKU ba="0,1" sc="232,15,307,15,284,-15,167,-15" hai0="26,32,36,41,46,76,78,79,83,86,91,117,118" hai1="28,30,53,59,63,80,87,93,94,95" /><INIT seed="5,1,1,2,0,72" ten="247,322,269,152" oya="1" hai0="39,122,20,15,134,117,9,116,81,47,114,130,118" hai1="3,111,75,125,32,7,25,1,115,65,92,23,97" hai2="120,37,105,132,14,34,94,56,58,131,90,69,103" hai3="88,27,104,124,96,5,35,33,68,93,98,99,77"/><U70/><E75/><V36/><F34/><W123/><G123/><T54/><D122/><U22/><E115/><V45/><F69/><W71/><G124/><T63/><D114/><U126/><E32/><V2/><F2/><W91/><G5/><T102/><D130/><U67/><E111/><V40/><F103/><W83/><G35/><T6/><D134/><U31/><E23/><V74/><F74/><W86/><G104/><T95/><D20/><U61/><E67/><V43/><F90/><W29/><REACH who="3" step="1"/><G91/><REACH who="3" ten="247,322,269,142" step="2"/><T112/><D112/><U13/><E126/><V64/><F105/><W82/><G82/><T42/><D81/><U18/><E7/><V57/><F120/><W44/><G44/><T87/><D116/><U80/><E80/><V128/><F45/><W73/><AGARI ba="1,2" hai="27,29,33,68,71,73,77,83,86,88,93,96,98,99" machi="73" ten="30,8000,1" yaku="1,1,0,1,52,1,54,1,53,1" doraHai="72" doraHaiUra="79" who="3" fromWho="3" sc="247,-21,322,-41,269,-21,142,103" /><INIT seed="6,0,0,3,2,33" ten="226,281,248,245" oya="2" hai0="84,115,27,22,38,73,91,87,51,98,40,102,106" hai1="135,31,16,53,42,113,59,95,120,67,105,117,119" hai2="108,69,4,130,43,52,77,1,76,49,65,89,78" hai3="66,8,68,101,62,54,45,47,94,32,48,110,13"/><V6/><F130/><W99/><G110/><T41/><D38/><U9/><E105/><V132/><F108/><W34/><REACH who="3" step="1"/><G47/><REACH who="3" ten="226,281,248,235" step="2"/><T133/><D133/><U112/><E135/><V25/><F132/><W125/><G125/><T111/><D111/><U26/><E119/><V83/><F76/><W97/><G97/><T127/><D127/><U35/><E117/><V17/><F77/><W81/><G81/><T0/><D98/><U7/><E120/><V57/><F83/><W93/><G93/><T131/><D106/><U10/><E95/><V90/><F78/><W126/><G126/><T50/><D73/><U74/><E74/><V109/><F109/><W61/><G61/><T2/><D84/><U37/><E113/><V96/><F96/><W129/><G129/><T58/><D87/><U92/><E92/><V29/><F90/><W60/><G60/><T70/><D131/><U23/><E112/><V82/><F89/><W88/><G88/><T18/><D91/><U20/><E37/><V28/><F82/><W114/><G114/><T121/><D115/><U64/><E42/><V118/><F43/><W72/><G72/><T116/><D40/><U30/><E67/><V39/><F118/><W21/><G21/><T123/><D41/><U103/><E64/><V5/><F39/><W71/><G71/><T86/><D70/><U24/><E23/><N who="2" m="13551" /><F69/><W12/><G12/><T85/><D116/><U15/><E103/><V107/><F107/><W36/><G36/><T124/><D102/><U80/><E80/><V79/><F65/><W55/><G55/><N who="0" m="32119" /><D124/><U63/><E53/><RYUUKYOKU ba="0,1" sc="226,-10,281,-10,248,-10,235,30" hai3="8,13,32,34,45,48,54,62,66,68,94,99,101" /><INIT seed="7,1,1,3,0,7" ten="216,271,238,265" oya="3" hai0="104,0,90,23,95,62,58,64,59,19,77,82,131" hai1="134,51,36,103,79,10,22,63,126,123,73,91,12" hai2="116,99,106,44,84,43,105,13,6,69,9,39,26" hai3="50,28,56,93,119,112,118,46,135,16,115,21,5"/><W83/><G135/><T25/><D131/><U4/><E123/><V101/><F116/><W111/><G111/><T41/><D104/><U48/><E36/><V94/><F69/><W29/><G56/><T71/><D0/><U37/><E37/><V120/><F120/><W81/><G5/><T30/><D41/><U128/><E134/><V87/><REACH who="2" step="1"/><F26/><REACH who="2" ten="216,271,228,265" step="2"/><N who="3" m="14631" /><G119/><T52/><D30/><N who="3" m="11881" /><G118/><T98/><D71/><U76/><E128/><V61/><F61/><W80/><G115/><T102/><D59/><U86/><E63/><V70/><F70/><W35/><G35/><T85/><REACH who="0" step="1"/><D64/><REACH who="0" ten="206,271,228,265" step="2"/><U42/><E126/><V113/><F113/><W3/><G112/><T32/><D32/><U33/><E33/><V53/><F53/><W127/><G127/><T54/><D54/><U110/><E110/><V132/><F132/><W117/><G117/><T8/><D8/><U109/><E10/><V38/><F38/><W100/><G3/><T60/><D60/><U65/><E65/><V18/><F18/><W122/><G122/><T72/><D72/><U97/><E73/><V108/><F108/><W2/><G2/><T124/><D124/><U24/><E109/><V78/><F78/><AGARI ba="1,3" hai="19,23,25,52,58,62,77,78,82,85,90,95,98,102" machi="78" ten="40,5200,0" yaku="1,1,8,1,54,1,53,0" doraHai="7" doraHaiUra="27" who="0" fromWho="2" sc="206,85,271,0,228,-55,265,0" /><INIT seed="8,0,0,4,0,99" ten="291,271,173,265" oya="0" hai0="62,59,83,113,94,21,120,75,111,74,71,44,29" hai1="38,81,48,55,65,41,77,2,70,12,64,79,6" hai2="112,101,20,91,97,40,63,53,57,90,109,114,1" hai3="45,50,130,125,60,122,89,0,42,10,52,124,36"/><T119/><D71/><U104/><E104/><V87/><F109/><W117/><G117/><T73/><D113/><U39/><E77/><V23/><F1/><W61/><G89/><T88/><D120/><U100/><E100/><V105/><F91/><W24/><G24/><T34/><D44/><U68/><E2/><V25/><F20/><W19/><G122/><T86/><D34/><U37/><E6/><V31/><REACH who="2" step="1"/><F40/><REACH who="2" ten="291,271,163,265" step="2"/><W49/><G0/><T54/><D111/><U123/><E41/><V76/><F76/><W80/><G125/><T108/><D108/><U82/><E123/><V4/><F4/><W84/><G124/><T33/><D33/><U121/><E121/><V118/><F118/><W47/><G130/><T17/><D119/><U69/><E79/><V14/><F14/><N who="3" m="7639" /><G36/><T58/><D29/><U56/><E12/><V129/><F129/><W51/><G42/><T132/><D21/><U126/><E126/><V116/><F116/><W30/><G30/><T106/><D17/><U72/><E72/><V3/><F3/><W15/><G15/><T127/><D127/><U92/><E37/><V28/><F28/><W134/><G45/><T32/><D32/><U16/><E38/><V26/><F26/><W110/><G110/><T78/><D74/><U98/><E39/><V11/><F11/><W95/><G47/><T103/><D73/><U7/><E7/><V85/><F85/><W128/><G84/><T9/><D9/><U115/><E115/><V133/><F133/><W135/><G135/><T46/><D132/><U96/><E16/><V93/><AGARI ba="0,1" hai="23,25,31,53,57,63,87,90,93,97,101,105,112,114" machi="93" ten="20,12000,2" yaku="1,1,5,1,0,1,7,1,52,1,53,1" doraHai="99" doraHaiUra="18" who="2" fromWho="2" sc="291,-60,271,-30,163,130,265,-30" /><INIT seed="9,0,0,5,0,99" ten="231,241,293,235" oya="1" hai0="108,76,53,111,75,134,42,57,47,62,110,133,117" hai1="64,51,40,21,116,71,33,18,23,93,97,31,16" hai2="113,30,132,58,61,81,126,102,66,11,9,2,105" hai3="34,87,44,96,59,86,78,35,28,65,10,27,56"/><U91/><E116/><V73/><F30/><W98/><G10/><T135/><D76/><U67/><E33/><V54/><F2/><W6/><G6/><T15/><D15/><U123/><E123/><V36/><F36/><W74/><G74/><T69/><D75/><U119/><E119/><V109/><F109/><W55/><G44/><T95/><D95/><U103/><E31/><V80/><F80/><W77/><G28/><T5/><D5/><U60/><E67/><V92/><F105/><W8/><G8/><T26/><D26/><U107/><E40/><V1/><F132/><W13/><G65/><T131/><D117/><U85/><REACH who="1" step="1"/><E51/><REACH who="1" ten="231,231,293,235" step="2"/><V4/><F66/><W49/><G49/><N who="0" m="26871" /><D69/><U70/><E70/><V46/><F4/><W101/><G35/><T52/><D131/><U128/><E128/><V43/><F43/><W125/><G34/><T127/><D127/><U104/><E104/><V17/><F126/><W79/><G125/><T20/><D20/><AGARI ba="0,1" hai="16,18,20,21,23,60,64,71,85,91,93,97,103,107" machi="20" ten="40,18000,2" yaku="1,1,52,1,54,1,53,3" doraHai="99" doraHaiUra="19" who="1" fromWho="0" sc="231,-180,231,190,293,0,235,0" owari="51,-44.9,421,52.1,293,9.3,235,-16.5" /></mjloggm>