<mjloggm ver="2.3"><GO type="169" lobby="0"/><UN n0="%E3%81%B8%E3%81%9D%E3%81%AA%E3%82%81%E3%81%9F%E3%81%84" n1="%E3%81%B5%E3%81%9F%E3%81%97%E3%81%8A" n2="%67%6F%73%68%69%6B%6B%75" n3="%E3%82%A2%E3%83%B3%E3%83%88%E3%83%AC%E3%83%BC%E3%82%B9" dan="16,16,16,16" rate="2150.41,2054.34,2145.30,2074.74" sx="M,M,F,M"/><TAIKYOKU oya="0"/><INIT seed="0,0,0,5,0,15" ten="250,250,250,250" oya="0" hai0="57,115,0,107,41,111,26,85,18,82,3,134,81" hai1="49,40,71,65,8,69,29,27,37,96,133,126,75" hai2="16,77,64,53,47,19,101,35,46,79,48,61,104" hai3="68,87,11,12,110,73,118,91,1,83,98,131,23"/><T97/><D115/><U103/><E133/><V89/><F35/><W32/><G118/><T38/><D134/><U36/><E75/><V90/><F104/><W74/><G32/><T59/><D111/><U114/><E126/><V66/><F101/><W55/><G68/><T120/><D120/><U132/><E132/><V51/><F53/><W62/><G1/><T13/><D26/><U108/><E8/><V95/><F95/><W102/><G131/><T4/><D4/><U20/><E108/><V72/><F72/><W45/><G23/><T128/><D82/><U30/><E30/><V127/><REACH who="2" step="1"/><F61/><REACH who="2" ten="250,250,240,250" step="2"/><W9/><G62/><T129/><D107/><U119/><E103/><V33/><F33/><W44/><G110/><T67/><D128/><U70/><E114/><V78/><F78/><W22/><G55/><T14/><D129/><U10/><E119/><V42/><F42/><W17/><G73/><T63/><D63/><U25/><E40/><V50/><F50/><W7/><G74/><T92/><D41/><U112/><E49/><V100/><F100/><W24/><REACH who="3" step="1"/><G9/><REACH who="3" ten="250,250,240,240" step="2"/><T58/><D67/><U116/><E65/><V80/><F80/><W28/><G28/><T86/><D81/><U106/><E29/><V21/><F21/><W52/><G52/><T5/><D92/><AGARI ba="0,2" hai="7,11,12,17,22,24,44,45,83,87,91,92,98,102" machi="92" ten="30,8000,1" yaku="1,1,7,1,8,1,52,1,53,1" doraHai="15" doraHaiUra="94" who="3" fromWho="0" sc="250,-80,250,0,240,0,240,100" /><INIT seed="1,0,0,0,4,98" ten="170,250,240,340" oya="1" hai0="69,124,71,31,57,3,45,79,5,72,92,49,73" hai1="61,102,120,46,90,126,11,130,58,51,14,0,70" hai2="110,34,123,82,106,94,95,62,68,9,85,99,12" hai3="54,23,53,87,111,77,78,18,76,19,129,10,133"/><U7/><E120/><V125/><F34/><W108/><G129/><T122/><D122/><U91/><E130/><V105/><F123/><W101/><G133/><T30/><D57/><U2/><E70/><V115/><F110/><N who="3" m="42027" /><G87/><T13/><D3/><U119/><E119/><V88/><F125/><W127/><G127/><T55/><D71/><U1/><E126/><V93/><F115/><W135/><G135/><T97/><D69/><U15/><E15/><V37/><F37/><W74/><G74/><T114/><D114/><U132/><E132/><V32/><F32/><W131/><G131/><T83/><D73/><U117/><E117/><V64/><REACH who="2" step="1"/><F99/><REACH who="2" ten="170,250,230,340" step="2"/><W6/><G76/><T56/><D124/><U24/><E0/><V25/><F25/><W112/><G77/><T89/><D13/><U103/><E24/><V35/><F35/><W43/><G78/><T86/><D5/><AGARI ba="0,1" hai="5,9,12,62,64,68,82,85,88,93,94,95,105,106" machi="5" ten="40,2600,0" yaku="1,1,54,1,53,0" doraHai="98" doraHaiUra="113" who="2" fromWho="0" sc="170,-26,250,0,230,36,340,0" /><INIT seed="2,0,0,0,1,27" ten="144,250,266,340" oya="2" hai0="80,20,108,119,91,105,113,59,45,42,43,73,7" hai1="116,62,84,34,128,98,19,24,102,83,30,76,88" hai2="135,115,49,21,22,9,51,79,70,85,25,33,87" hai3="4,106,71,103,16,77,52,96,130,78,61,132,64"/><V66/><F115/><W121/><G121/><T122/><D113/><U8/><E128/><V120/><F120/><W48/><G130/><T14/><D122/><U67/><E116/><V12/><F135/><W39/><G39/><T127/><D105/><U23/><E8/><V3/><F3/><W2/><G132/><T111/><D119/><U93/><E34/><V82/><F33/><W126/><G126/><T100/><D100/><U81/><E19/><V0/><F0/><W26/><G4/><T133/><D133/><U11/><E11/><V32/><F32/><W89/><G89/><T131/><D7/><U55/><E55/><V65/><F87/><W94/><G106/><T35/><D35/><U69/><REACH who="1" step="1"/><E76/><REACH who="1" ten="144,240,266,340" step="2"/><V125/><F22/><W38/><G77/><T13/><D20/><U110/><E110/><V60/><F125/><W10/><G78/><T6/><D127/><U46/><E46/><V72/><F66/><W118/><G118/><T1/><D45/><U99/><E99/><V134/><F134/><W124/><G124/><T17/><D17/><U95/><AGARI ba="0,1" hai="23,24,30,62,67,69,81,83,84,88,93,95,98,102" machi="95" ten="20,8000,1" yaku="1,1,0,1,7,1,52,1,54,1,53,0" doraHai="27" doraHaiUra="36" who="1" fromWho="1" sc="144,-20,240,90,266,-40,340,-20" /><INIT seed="3,0,0,3,3,46" ten="124,330,226,320" oya="3" hai0="89,105,6,4,19,41,58,118,116,94,15,56,17" hai1="21,117,12,80,22,0,78,96,39,64,114,72,38" hai2="123,85,33,90,67,88,14,111,108,74,75,55,60" hai3="27,47,79,115,124,20,101,8,129,36,134,57,132"/><W68/><G68/><T35/><D105/><U45/><E114/><V113/><F33/><W119/><G115/><T77/><D35/><U7/><E38/><V93/><F113/><W87/><G119/><T131/><D77/><U52/><E64/><V69/><F123/><W127/><G101/><T11/><D131/><U76/><E76/><V83/><F14/><W120/><G120/><T50/><D116/><U128/><E117/><V99/><REACH who="2" step="1"/><F55/><REACH who="2" ten="124,330,216,320" step="2"/><W112/><G112/><T53/><D118/><U84/><E12/><V30/><F30/><W63/><G129/><T107/><D6/><U43/><E128/><V54/><F54/><W125/><G134/><T25/><D25/><U81/><E52/><V98/><F98/><W130/><G132/><T100/><D41/><U95/><E7/><V62/><F62/><W65/><G130/><T70/><D70/><U10/><E0/><V135/><F135/><W133/><G133/><T1/><D1/><U24/><E24/><V26/><F26/><W86/><G27/><T51/><D58/><U40/><E43/><V13/><F13/><W61/><G57/><T106/><D4/><U59/><E40/><V109/><AGARI ba="0,1" hai="60,67,69,74,75,83,85,88,90,93,99,108,109,111" machi="109" ten="30,8000,1" yaku="1,1,0,1,14,1,54,1,53,1" doraHai="46" doraHaiUra="66" who="2" fromWho="2" sc="124,-20,330,-20,216,90,320,-40" /><INIT seed="4,0,0,1,4,60" ten="104,310,306,280" oya="0" hai0="49,69,123,113,73,11,36,104,54,42,129,61,39" hai1="83,62,59,97,14,109,38,55,34,135,46,58,89" hai2="48,134,23,107,114,131,27,93,20,44,92,16,70" hai3="75,91,98,106,56,124,29,94,87,19,76,74,8"/><T40/><D104/><U130/><E109/><V17/><F107/><W57/><G124/><T81/><D73/><U67/><E34/><V132/><F70/><W43/><G29/><T9/><D81/><U110/><E110/><V18/><F114/><W77/><G43/><N who="0" m="16427" /><D11/><U72/><E38/><N who="0" m="14377" /><D9/><U121/><E121/><V7/><F131/><W95/><G8/><T12/><D12/><U24/><E130/><V119/><F119/><W65/><G106/><T99/><D99/><U50/><E24/><V122/><F122/><W96/><G87/><T47/><D129/><U45/><E14/><V4/><F48/><W116/><G116/><T101/><D101/><U1/><E1/><V66/><F44/><W37/><G37/><T32/><D32/><U105/><E89/><V30/><F66/><W51/><G91/><T126/><D123/><U21/><E21/><V22/><F27/><W71/><G19/><T79/><D79/><U25/><E25/><V5/><REACH who="2" step="1"/><F30/><REACH who="2" ten="104,310,296,280" step="2"/><W6/><G51/><T15/><D113/><U63/><E105/><V102/><F102/><W10/><G71/><T64/><D15/><U85/><E50/><V80/><F80/><W127/><G94/><AGARI ba="0,1" hai="4,5,7,16,17,18,20,22,23,92,93,94,132,134" machi="94" ten="50,12000,2" yaku="1,1,29,2,28,2,54,1,53,0" doraHai="60" doraHaiUra="86" who="2" fromWho="3" sc="104,0,310,0,296,130,280,-120" /><INIT seed="5,0,0,0,1,55" ten="104,310,426,160" oya="1" hai0="99,82,101,132,1,128,80,108,5,85,33,115,88" hai1="121,0,6,68,91,77,131,76,62,73,59,72,102" hai2="86,104,81,46,71,89,124,106,9,116,25,98,39" hai3="110,45,8,125,37,23,109,35,30,54,79,83,32"/><U11/><E68/><V27/><F116/><W87/><G125/><T135/><D33/><U111/><E121/><V113/><F71/><W13/><G23/><T78/><D5/><U2/><E102/><V75/><F124/><W96/><G96/><T70/><D1/><U42/><E42/><V120/><F106/><W103/><G103/><T93/><D70/><U129/><E0/><V36/><F36/><W69/><G69/><T40/><D40/><U56/><E91/><V41/><F113/><W3/><G3/><T31/><D31/><U94/><E94/><N who="2" m="54583" /><F9/><W66/><G66/><T38/><D38/><U60/><E2/><V10/><F10/><W50/><G37/><T48/><D48/><U34/><E11/><V19/><F19/><W47/><G45/><T117/><D108/><U95/><E95/><V114/><F120/><W52/><G35/><T16/><D16/><U53/><E34/><V92/><F92/><W58/><G30/><T15/><D15/><U105/><E105/><V28/><F28/><W130/><G32/><T44/><D44/><U61/><E111/><V118/><F114/><W17/><REACH who="3" step="1"/><G130/><REACH who="3" ten="104,310,426,150" step="2"/><T43/><D115/><U67/><E131/><V24/><F98/><W126/><G126/><T26/><D128/><U134/><E129/><V107/><F46/><W123/><G123/><T90/><D26/><U57/><E67/><V112/><F25/><W84/><G84/><N who="0" m="48151" /><D43/><U49/><E73/><V12/><F75/><W4/><G4/><T7/><D7/><U63/><E72/><V97/><F39/><W14/><G14/><T22/><D101/><RYUUKYOKU ba="0,1" sc="104,-10,310,-10,426,-10,150,30" hai3="8,13,17,47,50,52,54,58,79,83,87,109,110" /><INIT seed="6,1,1,0,1,25" ten="94,300,416,180" oya="2" hai0="11,50,33,75,99,40,43,54,130,21,15,135,14" hai1="9,57,46,47,90,41,101,119,82,112,8,93,30" hai2="113,89,126,22,105,108,13,80,129,102,1,131,97" hai3="36,45,133,19,78,64,10,35,87,53,63,58,18"/><V59/><F1/><W56/><G35/><T26/><D75/><U81/><E119/><V109/><F59/><W132/><G36/><T124/><D33/><U85/><E112/><V52/><F13/><W121/><G121/><T128/><D124/><U95/><E57/><V32/><F22/><W117/><G117/><T71/><D71/><U106/><E106/><V31/><F113/><W68/><G68/><T39/><D39/><U110/><E110/><N who="2" m="42603" /><F126/><W60/><G45/><N who="1" m="16906" /><E30/><V96/><F52/><W44/><G44/><T107/><D54/><U42/><E8/><V92/><F80/><N who="1" m="30825" /><E9/><V79/><F79/><W70/><G70/><T115/><D11/><U76/><E76/><V122/><F122/><W24/><G10/><T69/><D69/><U37/><E37/><V5/><F5/><W29/><G78/><T88/><D115/><U127/><E127/><V98/><F31/><W17/><REACH who="3" step="1"/><G87/><REACH who="3" ten="94,300,416,170" step="2"/><T116/><D116/><U48/><E41/><V84/><F32/><W34/><AGARI ba="1,2" hai="17,18,19,24,29,34,53,56,58,60,63,64,132,133" machi="34" ten="30,7900,0" yaku="1,1,2,1,0,1,52,1,53,0" doraHai="25" doraHaiUra="65" who="3" fromWho="3" sc="94,-21,300,-21,416,-40,170,102" /><INIT seed="7,0,0,3,4,32" ten="73,279,376,272" oya="3" hai0="25,95,67,113,6,115,100,73,18,116,97,98,38" hai1="119,129,27,16,101,77,110,89,80,42,14,70,35" hai2="48,106,54,7,57,105,69,21,40,4,90,24,15" hai3="11,82,74,125,133,29,112,130,19,60,114,71,50"/><W102/><G130/><T23/><D38/><U88/><E129/><V12/><F69/><W124/><G133/><T47/><D116/><U37/><E70/><V46/><F106/><W96/><G29/><T59/><D73/><U103/><E119/><V52/><F105/><N who="3" m="63687" /><G50/><T45/><D6/><N who="2" m="2090" /><F90/><W41/><G41/><T56/><D98/><U31/><E110/><V33/><F33/><W58/><G11/><T28/><D18/><U36/><E103/><V55/><F57/><W17/><G19/><AGARI ba="0,0" hai="12,15,19,21,24,40,46,48,52,54,55" m="2090" machi="19" ten="30,2000,0" yaku="8,1,54,1" doraHai="32" who="2" fromWho="3" sc="73,0,279,0,376,20,272,-20" owari="73,-42.7,279,7.9,396,49.6,252,-14.8" /></mjloggm>