<mjloggm ver="2.3"><GO type="169" lobby="0"/><UN n0="%E4%B8%80%E8%93%AE%E5%B3%BB%E6%BD%A4" n1="%E3%82%BF%E3%82%A4%E4%BA%BA%EF%BC%A0%E3%83%90%E3%83%B3%E3%82%B3%E3%82%AF" n2="%E3%81%95%E3%81%8F%E3%82%88%E3%81%93%E3%81%A1%E3%82%83%E3%82%93" n3="%55%4D%41%E7%A2%BA%E8%AA%8D%E6%B8%88" dan="17,16,16,16" rate="2184.63,2126.98,2062.96,2132.18" sx="M,M,M,M"/><TAIKYOKU oya="0"/><INIT seed="0,0,0,4,0,74" ten="250,250,250,250" oya="0" hai0="88,110,8,0,18,96,6,121,24,129,127,94,57" hai1="10,120,81,36,46,124,75,14,4,29,20,27,87" hai2="60,54,53,135,43,89,19,33,125,31,23,101,17" hai3="71,11,79,3,115,102,85,100,73,108,97,45,51"/><T106/><D121/><U92/><E120/><V111/><F111/><W63/><G115/><T15/><D110/><U99/><E75/><V116/><F33/><W78/><G108/><T16/><D129/><U22/><E124/><V112/><F112/><W64/><G73/><T77/><D127/><U61/><E61/><V44/><F125/><W95/><G102/><T68/><D68/><U28/><E36/><V59/><F135/><W52/><REACH who="3" step="1"/><G85/><REACH who="3" ten="250,250,250,240" step="2"/><T86/><D106/><U76/><E46/><V82/><F101/><W122/><G122/><T84/><D84/><U58/><E58/><V25/><F116/><W13/><G13/><T98/><D0/><U56/><E56/><V117/><F117/><W83/><G83/><N who="0" m="47471" /><D98/><U119/><E119/><V50/><F82/><W42/><G42/><T104/><D104/><U39/><E39/><V91/><F43/><W123/><G123/><T40/><D40/><U72/><E72/><V126/><F126/><W66/><G66/><T26/><D57/><U37/><E37/><V107/><F107/><W21/><G21/><N who="1" m="8298" /><E27/><AGARI ba="0,1" hai="6,8,15,16,18,24,26,27,88,94,96" m="47471" machi="27" ten="30,11600,0" yaku="8,1,52,1,54,2" doraHai="74" who="0" fromWho="1" sc="250,126,250,-116,250,0,240,0" /><INIT seed="0,1,0,1,4,123" ten="376,134,250,240" oya="0" hai0="135,0,20,12,79,129,71,93,126,3,61,46,11" hai1="48,69,101,102,121,94,111,2,91,86,10,67,90" hai2="65,122,28,74,134,14,17,109,63,87,8,116,47" hai3="68,97,110,36,73,50,118,128,64,45,44,49,27"/><T33/><D33/><U25/><E121/><V60/><F74/><W54/><G73/><T96/><D79/><U117/><E117/><V82/><F122/><W55/><G97/><T9/><D135/><U42/><E69/><V133/><F116/><W66/><G27/><T83/><D83/><U127/><E67/><N who="3" m="25642" /><G118/><T7/><D71/><U89/><E127/><V120/><F120/><W88/><G88/><N who="1" m="33898" /><E111/><V29/><F109/><W100/><G100/><N who="1" m="38506" /><E2/><V106/><F47/><W31/><G31/><T80/><D126/><U72/><E72/><V52/><F106/><W38/><G68/><T107/><D107/><U108/><E108/><V30/><F65/><W130/><G110/><T22/><D0/><U43/><E25/><V19/><F19/><W115/><G115/><T78/><D3/><U35/><E35/><V77/><REACH who="2" step="1"/><F52/><REACH who="2" ten="376,134,240,240" step="2"/><N who="3" m="20011" /><G128/><T85/><D129/><U124/><E124/><V119/><F119/><W57/><G130/><T5/><D5/><U84/><E84/><V99/><F99/><W26/><G57/><T24/><D96/><U62/><E62/><AGARI ba="1,1" hai="8,14,17,28,29,30,60,62,63,77,82,87,133,134" machi="62" ten="40,1300,0" yaku="1,1,53,0" doraHai="123" doraHaiUra="21" who="2" fromWho="1" sc="376,0,134,-16,240,26,240,0" /><INIT seed="1,0,0,3,1,52" ten="376,118,266,240" oya="1" hai0="20,33,133,105,56,9,122,17,76,24,31,130,132" hai1="116,86,28,18,71,109,124,134,44,35,30,126,128" hai2="53,68,100,97,47,43,41,59,81,11,34,114,32" hai3="92,63,88,115,46,6,98,3,2,12,93,57,69"/><U13/><E116/><V78/><F68/><W21/><G115/><T8/><D105/><U29/><E71/><V65/><F65/><W15/><G69/><T117/><D76/><U66/><E66/><V107/><F11/><W106/><G106/><T39/><D39/><U70/><E70/><V111/><F111/><W84/><G46/><T135/><D117/><U16/><E109/><V37/><F43/><W119/><G119/><T101/><D101/><U99/><E99/><V129/><F129/><W95/><G95/><T94/><D94/><U120/><E44/><V42/><F42/><W4/><G3/><T36/><D36/><U50/><E50/><V67/><F67/><N who="3" m="39407" /><G2/><T62/><D122/><U127/><E86/><V51/><REACH who="2" step="1"/><F114/><REACH who="2" ten="376,118,256,240" step="2"/><W7/><G21/><T0/><D130/><U82/><E128/><V89/><F89/><AGARI ba="0,1" hai="4,6,7,12,15,84,88,89,92,93,98" m="39407" machi="89" ten="30,3900,0" yaku="8,1,52,1,54,1" doraHai="52" who="3" fromWho="2" sc="376,0,118,0,256,-39,240,49" /><INIT seed="2,0,0,2,5,89" ten="376,118,217,289" oya="2" hai0="4,26,129,32,10,79,6,53,87,9,21,103,63" hai1="108,40,121,101,2,49,84,97,18,93,22,134,65" hai2="42,106,83,73,77,92,52,71,109,114,16,81,68" hai3="45,130,111,64,27,72,46,7,50,98,133,107,90"/><V82/><F106/><W23/><G72/><T94/><D32/><U33/><E33/><V75/><F114/><W91/><G111/><T120/><D129/><U88/><E2/><V126/><F109/><W44/><G130/><T132/><D132/><U56/><E108/><V39/><F126/><W1/><G133/><T41/><D41/><U135/><E121/><V117/><F117/><W58/><G1/><T34/><D34/><U123/><E123/><V24/><F42/><W3/><G3/><T54/><D79/><U35/><E35/><V86/><F39/><W51/><G7/><N who="0" m="2603" /><D63/><U11/><E11/><N who="0" m="4105" /><D120/><U29/><E29/><V112/><F112/><W14/><G14/><T116/><D116/><U5/><E5/><V96/><F75/><W57/><G107/><T61/><D61/><U47/><E56/><N who="3" m="21610" /><G64/><T119/><D119/><U43/><E43/><V12/><F24/><W113/><G113/><T8/><D8/><U78/><E78/><V69/><F73/><W115/><G115/><T122/><D122/><U59/><E59/><V127/><F127/><W36/><G36/><T13/><D13/><U38/><E38/><V99/><F77/><W110/><G110/><T125/><D125/><U102/><E65/><V55/><F68/><W100/><G50/><T0/><D0/><U118/><E118/><V31/><F69/><W19/><G51/><T124/><D124/><U37/><E37/><V131/><F71/><W105/><G105/><T25/><D25/><N who="1" m="14551" /><E135/><V95/><F131/><W17/><G17/><N who="0" m="12591" /><D103/><N who="1" m="60847" /><E134/><V30/><F12/><W66/><G66/><T62/><D62/><RYUUKYOKU ba="0,0" sc="376,10,118,10,217,-30,289,10" hai0="53,54,87,94" hai1="40,47,49,84,88,101,102" hai3="19,23,27,44,45,46,90,91,98,100" /><INIT seed="3,1,0,3,3,5" ten="386,128,187,299" oya="3" hai0="81,41,113,78,18,91,129,132,99,68,62,112,79" hai1="94,6,69,123,9,30,31,3,95,73,28,17,115" hai2="126,7,22,87,32,110,12,26,39,108,66,36,58" hai3="60,121,38,134,43,23,131,83,70,65,63,67,101"/><W34/><G34/><T48/><D129/><U51/><E123/><V76/><F32/><W80/><G121/><T88/><D132/><U128/><E69/><V75/><F75/><W35/><G35/><T130/><D130/><U25/><E73/><V13/><F126/><W77/><G131/><T47/><D18/><U10/><E115/><N who="0" m="44105" /><D99/><U45/><E128/><V40/><F66/><W82/><G134/><T64/><D79/><U15/><REACH who="1" step="1"/><E25/><REACH who="1" ten="386,118,187,299" step="2"/><V135/><F26/><W59/><G101/><T84/><AGARI ba="1,1" hai="41,47,48,62,64,68,78,81,84,88,91" m="44105" machi="84" ten="30,2000,0" yaku="11,1,54,1" doraHai="5" who="0" fromWho="0" sc="386,33,118,-6,187,-6,299,-11" /><INIT seed="4,0,0,5,1,48" ten="419,112,181,288" oya="0" hai0="102,94,28,67,64,81,13,3,36,51,8,23,128" hai1="62,65,122,55,93,112,107,124,42,35,6,72,10" hai2="59,114,131,47,68,96,125,111,110,135,7,88,5" hai3="29,49,31,80,41,134,58,98,33,127,30,16,11"/><T109/><D36/><U1/><E122/><V57/><F68/><W76/><G134/><T18/><D128/><U20/><E35/><V78/><F135/><W0/><G127/><T70/><D109/><U61/><E107/><V133/><F133/><W45/><G98/><N who="0" m="59735" /><D70/><U87/><E72/><V66/><F125/><W9/><G33/><T73/><D73/><U44/><E124/><V26/><F131/><W105/><G105/><T89/><D3/><U25/><E112/><V75/><F75/><W19/><G58/><T27/><D51/><U2/><E2/><V12/><F78/><W34/><G34/><T108/><D108/><U91/><E65/><V113/><F47/><W22/><G0/><T97/><D97/><U117/><E117/><V92/><F66/><W115/><G115/><T53/><D53/><U106/><E106/><V71/><F71/><W38/><G38/><T82/><D82/><U24/><E55/><V129/><F129/><W60/><G60/><T118/><D118/><U104/><E104/><V84/><F111/><W130/><G130/><T40/><D40/><U103/><E103/><N who="2" m="60807" /><F110/><W21/><G80/><T63/><D63/><U32/><E32/><V86/><F114/><W101/><G101/><T85/><AGARI ba="0,0" hai="8,13,18,23,27,28,64,67,81,85,89" m="59735" machi="85" ten="30,1500,0" yaku="8,1" doraHai="48" who="0" fromWho="0" sc="419,15,112,-5,181,-5,288,-5" /><INIT seed="4,1,0,3,5,100" ten="434,107,176,283" oya="0" hai0="31,21,130,45,106,114,119,124,0,53,36,102,49" hai1="82,135,88,34,76,55,81,101,113,26,10,103,29" hai2="132,61,66,7,5,78,123,14,47,133,9,68,72" hai3="125,3,107,97,22,70,90,112,91,85,77,57,89"/><T65/><D119/><U23/><E135/><N who="2" m="51787" /><F123/><W50/><G70/><T27/><D0/><U44/><E113/><V20/><F20/><W32/><G32/><T80/><D114/><U33/><E33/><V109/><F109/><W131/><G112/><T4/><D4/><U12/><E34/><V99/><F47/><W39/><G39/><T92/><D36/><U108/><E108/><V104/><F5/><W42/><G3/><T134/><D134/><U51/><E81/><N who="2" m="45255" /><F99/><W35/><G35/><T48/><D45/><U38/><E38/><V67/><F67/><W24/><G97/><T111/><D65/><U11/><E11/><V115/><F115/><W120/><G120/><T40/><D21/><U87/><REACH who="1" step="1"/><E76/><REACH who="1" ten="434,97,176,283" step="2"/><V30/><F30/><W52/><G77/><T118/><D31/><U73/><E73/><V129/><F129/><W86/><G131/><T43/><D130/><U37/><E37/><V25/><F25/><W105/><G125/><T19/><D124/><U121/><E121/><V126/><F126/><W83/><G22/><T71/><D111/><U41/><E41/><V62/><F62/><W74/><G42/><T69/><D43/><U122/><E122/><V128/><F128/><W63/><G63/><T2/><D40/><U46/><E46/><V16/><F7/><AGARI ba="1,1" hai="7,10,12,23,26,29,44,51,55,82,87,88,101,103" machi="7" ten="30,7700,0" yaku="1,1,7,1,8,1,54,1,53,0" doraHai="100" doraHaiUra="59" who="1" fromWho="2" sc="434,0,97,90,176,-80,283,0" /><INIT seed="5,0,0,0,2,16" ten="434,187,96,283" oya="1" hai0="5,57,9,22,134,84,71,23,119,117,20,127,25" hai1="75,79,54,19,123,30,110,59,109,8,52,63,26" hai2="42,104,65,88,98,47,83,97,4,95,72,121,60" hai3="91,102,55,90,120,73,0,113,14,56,93,115,128"/><U49/><E123/><V61/><F121/><W43/><G120/><T31/><D71/><U124/><E124/><V32/><F32/><W114/><G0/><T37/><D37/><U130/><E130/><V51/><F4/><W133/><G73/><T70/><D70/><U125/><E125/><V118/><F118/><W80/><G128/><T82/><D127/><U74/><E79/><V34/><F34/><W50/><G133/><T17/><D134/><U76/><E76/><V40/><F40/><W64/><G80/><T38/><D38/><U1/><E19/><V10/><F10/><W66/><G43/><T2/><D57/><U116/><E8/><V105/><F98/><N who="3" m="59727" /><G14/><T129/><D129/><U101/><E101/><V89/><F61/><N who="3" m="37927" /><G66/><T7/><D7/><U100/><E100/><V112/><F112/><W58/><AGARI ba="0,0" hai="50,55,58,90,91,113,114,115" m="37927,59727" machi="58" ten="30,1100,0" yaku="15,1" doraHai="16" who="3" fromWho="3" sc="434,-3,187,-5,96,-3,283,11" /><INIT seed="6,0,0,0,0,30" ten="431,182,93,294" oya="2" hai0="95,127,84,43,83,34,89,36,38,118,97,70,120" hai1="128,90,60,7,72,19,125,22,105,79,18,134,75" hai2="67,26,108,112,12,68,131,44,121,94,20,53,35" hai3="3,100,14,76,64,74,5,16,113,13,28,77,73"/><V21/><F121/><W31/><G100/><T114/><D120/><U8/><E105/><V103/><F112/><W57/><G57/><T55/><D114/><U116/><E116/><V45/><F108/><W69/><G113/><T102/><D118/><U130/><E134/><V126/><F126/><W99/><G99/><T135/><D135/><U132/><E132/><V2/><F2/><W107/><G107/><T81/><D127/><U50/><E125/><V117/><F117/><W48/><G48/><T42/><D70/><U0/><E50/><V63/><F131/><N who="1" m="50217" /><E79/><V47/><F53/><W61/><G76/><T54/><D34/><U80/><E60/><V109/><F109/><W62/><G62/><T123/><D123/><U46/><E46/><V66/><F66/><W124/><G124/><T58/><D83/><U11/><E11/><V56/><F68/><W98/><G98/><T9/><D9/><U87/><E19/><N who="2" m="10343" /><F35/><W91/><G3/><T1/><D1/><U106/><E106/><V82/><F82/><W6/><G77/><T65/><D36/><U88/><E90/><V49/><F49/><W133/><G133/><T110/><D110/><U111/><E111/><V78/><F78/><W52/><G69/><T129/><D129/><U93/><E80/><V24/><F21/><W10/><G64/><T33/><D33/><U17/><E22/><V51/><F51/><W119/><G119/><T71/><D71/><U96/><E96/><AGARI ba="0,0" hai="24,26,44,45,47,56,63,67,94,96,103" m="10343" machi="96" ten="30,1500,0" yaku="8,1" doraHai="30" who="2" fromWho="1" sc="431,0,182,-15,93,15,294,0" /><INIT seed="6,1,0,1,0,92" ten="431,167,108,294" oya="2" hai0="18,26,133,83,110,64,44,105,15,31,56,107,57" hai1="106,109,102,19,45,69,16,0,73,38,81,116,34" hai2="21,7,35,111,8,79,127,29,70,42,54,95,124" hai3="11,67,36,71,61,33,62,101,66,88,27,20,113"/><V1/><F111/><W134/><G36/><T75/><D110/><U9/><E116/><V82/><F35/><W12/><G134/><T115/><D115/><U80/><E69/><V24/><F42/><W74/><G74/><T76/><D133/><U122/><E81/><V46/><F70/><W84/><G101/><T90/><D90/><U89/><E89/><V117/><F117/><W121/><G33/><T13/><D13/><U103/><E103/><V22/><F22/><W72/><G72/><T118/><D118/><U32/><E122/><V30/><F30/><N who="3" m="17767" /><G71/><T96/><D44/><U100/><E100/><V126/><F95/><N who="3" m="54663" /><G113/><T104/><D26/><U128/><E102/><V91/><F91/><W53/><G121/><T58/><D31/><U63/><E106/><V85/><F46/><W94/><G94/><T5/><D107/><U132/><E132/><V125/><N who="2" m="31744" /><DORA hai="28" /><V14/><REACH who="2" step="1"/><F54/><REACH who="2" ten="431,167,98,294" step="2"/><W87/><G53/><T4/><D105/><U86/><E109/><V2/><AGARI ba="1,1" hai="1,2,7,8,14,21,24,29,79,82,85" m="31744" machi="2" ten="60,12000,1" yaku="1,1,2,1,0,1,18,1,53,1" doraHai="92,28" doraHaiUra="129,25" who="2" fromWho="2" sc="431,-41,167,-41,98,133,294,-41" /><INIT seed="6,2,0,2,0,108" ten="390,126,231,253" oya="2" hai0="38,41,4,42,24,62,15,75,95,57,82,101,111" hai1="51,14,83,20,61,5,1,37,12,73,32,36,120" hai2="93,86,85,9,40,49,124,112,74,69,29,104,26" hai3="76,54,43,50,132,98,25,53,18,129,81,48,31"/><V110/><F104/><W60/><G129/><T105/><D111/><U59/><E32/><V58/><F74/><W88/><G132/><T0/><D0/><U23/><E120/><V84/><F110/><W16/><G43/><T131/><D105/><U39/><E1/><V33/><F69/><W122/><G122/><T118/><D38/><U99/><E51/><V35/><F124/><W46/><G60/><T19/><D82/><U135/><E135/><V113/><F35/><W44/><G98/><N who="0" m="59615" /><D75/><U87/><E73/><V106/><F106/><W79/><G79/><T91/><D91/><U7/><E99/><V114/><F9/><W56/><G88/><T89/><D89/><U28/><E83/><V11/><F11/><W17/><G56/><T66/><D118/><U128/><E59/><V109/><F109/><W94/><G94/><T100/><D100/><U6/><E61/><V27/><F27/><W116/><G116/><T30/><D4/><U68/><E87/><V78/><F93/><W22/><REACH who="3" step="1"/><G18/><REACH who="3" ten="390,126,231,243" step="2"/><T21/><D131/><U115/><E128/><V80/><F58/><W63/><G63/><T107/><D107/><U92/><E92/><V126/><F126/><W2/><G2/><T103/><D103/><U119/><E119/><V52/><F40/><W10/><G10/><AGARI ba="2,1" hai="10,15,19,21,24,30,41,42,57,62,66" m="59615" machi="10" ten="30,2000,0" yaku="25,1,8,1" doraHai="108" who="0" fromWho="3" sc="390,36,126,0,231,0,243,-26" /><INIT seed="7,0,0,2,5,94" ten="426,126,231,217" oya="3" hai0="82,5,127,48,13,30,47,56,123,27,118,81,69" hai1="8,95,21,63,38,80,96,2,29,26,43,89,22" hai2="134,124,83,128,40,100,61,98,55,68,73,75,93" hai3="45,114,35,50,104,107,90,133,120,65,49,66,3"/><W11/><G120/><T86/><D69/><U59/><E38/><V131/><F124/><W39/><G35/><T84/><D127/><U9/><E2/><V88/><F134/><W109/><G50/><T57/><D118/><U113/><E43/><V102/><F40/><W74/><G74/><N who="2" m="28169" /><F83/><W79/><G79/><T101/><D101/><U58/><E113/><V0/><F0/><W71/><G39/><T115/><D115/><U126/><E126/><V130/><F55/><W6/><G114/><T129/><D129/><U54/><E22/><V70/><F70/><W119/><G119/><T108/><D123/><U78/><REACH who="1" step="1"/><E59/><REACH who="1" ten="426,116,231,217" step="2"/><V105/><F68/><W34/><G34/><T46/><D57/><U19/><E19/><V110/><F131/><W106/><G71/><T132/><D56/><U121/><E121/><V18/><F130/><W85/><G109/><T1/><D1/><U99/><E99/><V97/><F18/><W33/><G33/><T42/><D42/><U32/><E32/><V64/><F98/><W31/><G31/><T76/><D30/><U16/><E16/><V41/><F97/><W52/><REACH who="3" step="1"/><G133/><REACH who="3" ten="426,116,231,207" step="2"/><T60/><D48/><U24/><E24/><V4/><F110/><W111/><G111/><T116/><D76/><U51/><E51/><V37/><F37/><W10/><G10/><T20/><D132/><U15/><E15/><V92/><F128/><W112/><G112/><T44/><D108/><U103/><E103/><V125/><F102/><W135/><G135/><T117/><D117/><U7/><E7/><V91/><F100/><W122/><G122/><RYUUKYOKU ba="0,2" sc="426,-15,116,15,231,-15,207,15" hai1="8,9,21,26,29,54,58,63,78,80,89,95,96" hai3="3,6,11,45,49,52,65,66,85,90,104,106,107" /><INIT seed="7,1,2,5,3,65" ten="411,131,216,222" oya="3" hai0="90,20,111,77,128,47,113,59,134,39,58,9,16" hai1="106,110,66,42,31,132,99,135,119,4,108,29,109" hai2="83,49,64,112,36,114,75,0,101,98,28,68,130" hai3="133,67,131,116,121,76,102,37,63,50,55,95,126"/><W21/><G116/><T5/><D111/><N who="1" m="28419" /><U15/><DORA hai="120" /><E42/><V107/><F130/><W1/><G121/><T91/><D113/><N who="2" m="43626" /><F36/><W54/><G1/><T129/><D134/><N who="1" m="51243" /><E119/><V115/><F0/><W100/><G133/><T71/><D39/><U12/><E66/><V13/><F28/><N who="1" m="10825" /><E4/><V88/><F64/><W48/><G37/><T25/><D5/><U89/><E89/><V105/><F88/><W74/><G126/><T104/><D90/><U14/><E99/><V94/><F98/><W32/><G32/><T40/><D91/><U78/><E106/><V8/><F107/><W18/><G131/><T117/><D40/><U80/><E15/><V87/><F105/><W24/><G76/><T81/><D77/><U23/><E23/><V22/><F22/><W118/><G118/><T123/><D20/><U93/><E93/><V79/><F13/><W51/><G74/><AGARI ba="1,2" hai="12,14,74,78,80" m="10825,51243,28419" machi="74" ten="50,8000,1" yaku="20,1,52,4" doraHai="65,120" who="1" fromWho="3" sc="411,0,131,103,216,0,222,-83" owari="411,51.1,234,3.4,216,-18.4,139,-36.1" /></mjloggm>