<mjloggm ver="2.3"><GO type="169" lobby="0"/><UN n0="%70%6F%6E%2D%65%6E" n1="%6A%61%63%6B%74" n2="%E3%81%AF%E3%81%9F%E3%82%86%E3%81%86" n3="%E5%B2%A9%E4%B8%8A%E9%80%9A%E3%82%8A" dan="16,18,16,16" rate="2119.93,2250.78,2133.33,2110.41" sx="F,M,M,M"/><TAIKYOKU oya="0"/><INIT seed="0,0,0,0,3,95" ten="250,250,250,250" oya="0" hai0="40,103,46,108,45,87,6,127,112,85,26,12,122" hai1="97,10,123,42,51,80,32,19,100,73,30,66,92" hai2="68,49,70,56,118,62,55,5,61,9,75,41,24" hai3="111,81,34,93,76,65,128,133,59,35,79,11,105"/><T101/><D112/><U89/><E123/><V99/><F118/><W0/><G79/><T117/><D117/><U38/><E38/><V98/><F75/><W14/><G111/><T58/><D122/><U44/><E66/><V107/><F24/><W121/><G105/><T78/><D127/><U82/><E73/><V96/><F107/><W52/><G121/><T3/><D3/><U131/><E131/><V17/><F17/><W109/><G128/><T77/><D108/><U47/><E32/><V115/><F115/><W124/><G124/><T27/><D58/><U31/><E44/><V64/><F41/><W15/><G65/><T106/><D106/><U126/><E126/><V67/><REACH who="2" step="1"/><F96/><REACH who="2" ten="250,250,240,250" step="2"/><W91/><G109/><T48/><D40/><U125/><E125/><V4/><F4/><W134/><G35/><T8/><D6/><U22/><E10/><V60/><F60/><N who="3" m="35943" /><G34/><T54/><D8/><U20/><E20/><V50/><F50/><W116/><G116/><T18/><D48/><U130/><E130/><V21/><F21/><W36/><G36/><T72/><D18/><U129/><E129/><V132/><F132/><N who="3" m="50795" /><G11/><T43/><D43/><U114/><E114/><V90/><F90/><W1/><G1/><AGARI ba="0,1" hai="1,5,9,49,55,56,61,62,64,67,68,70,98,99" machi="1" ten="30,8000,1" yaku="1,1,7,1,9,1,52,2,53,0" doraHai="95" doraHaiUra="113" who="2" fromWho="3" sc="250,0,250,0,240,90,250,-80" /><INIT seed="1,0,0,3,5,15" ten="250,250,330,170" oya="1" hai0="28,44,13,111,68,103,120,116,49,21,52,58,131" hai1="127,76,104,102,124,59,48,43,129,46,2,66,77" hai2="56,24,133,14,109,115,110,95,75,132,82,74,20" hai3="22,61,100,94,89,31,92,51,47,32,10,97,83"/><U125/><E2/><V73/><F115/><W6/><G32/><T121/><D68/><U34/><E34/><V30/><F56/><W98/><G83/><T45/><D116/><U81/><E129/><V107/><F107/><W80/><G80/><T0/><D0/><U35/><E35/><V63/><F63/><W26/><G61/><T113/><D113/><U38/><E66/><V108/><F14/><W87/><G87/><T41/><D131/><U18/><E102/><V122/><F122/><N who="0" m="47210" /><D111/><U40/><E104/><V3/><F3/><W71/><G71/><T130/><D130/><U78/><E18/><V33/><F20/><W79/><G79/><T93/><D41/><N who="1" m="22839" /><E81/><V36/><F36/><W70/><G70/><T86/><D28/><U85/><E85/><V84/><REACH who="2" step="1"/><F95/><REACH who="2" ten="250,250,320,170" step="2"/><W64/><G64/><T90/><D103/><U17/><E59/><V23/><F23/><W105/><G105/><T119/><D119/><U19/><E40/><V99/><F99/><W69/><G69/><T62/><D62/><U5/><E5/><V126/><F126/><W101/><G101/><T57/><D57/><U72/><E72/><V4/><F4/><W11/><REACH who="3" step="1"/><G6/><REACH who="3" ten="250,250,320,160" step="2"/><T1/><D93/><U27/><E27/><V60/><F60/><W50/><G50/><T37/><D49/><U29/><E48/><V39/><F39/><W42/><AGARI ba="0,2" hai="10,11,22,26,31,42,47,51,89,92,94,97,98,100" machi="42" ten="20,5200,0" yaku="1,1,0,1,7,1,8,1,53,0" doraHai="15" doraHaiUra="134" who="3" fromWho="3" sc="250,-13,250,-26,320,-13,160,72" /><INIT seed="2,0,0,4,3,124" ten="237,224,307,232" oya="2" hai0="66,119,90,49,0,16,22,122,8,26,28,19,17" hai1="63,62,2,84,123,75,129,23,32,10,130,107,111" hai2="43,131,74,117,104,121,51,94,88,133,101,79,56" hai3="95,115,80,39,46,93,7,72,34,3,91,87,6"/><V4/><F117/><W15/><G34/><T33/><D119/><U77/><E75/><V1/><F121/><W52/><G115/><T83/><D122/><U70/><E32/><V58/><F133/><W126/><G3/><T65/><D33/><U128/><E123/><V35/><F35/><W125/><G39/><T25/><D25/><U97/><E111/><V100/><F104/><W76/><G95/><T135/><D135/><U18/><E77/><V86/><F58/><W85/><G72/><T64/><D49/><U61/><E84/><V53/><F43/><W12/><G126/><T98/><D83/><U81/><E81/><V24/><F79/><W50/><REACH who="3" step="1"/><G125/><REACH who="3" ten="237,224,307,222" step="2"/><T73/><D73/><U54/><E107/><V27/><F74/><W109/><G109/><T68/><D68/><U20/><E70/><V69/><F69/><W5/><AGARI ba="0,1" hai="5,6,7,12,15,46,50,52,76,80,85,87,91,93" machi="5" ten="30,7900,0" yaku="1,1,0,1,8,1,54,1,53,0" doraHai="124" doraHaiUra="113" who="3" fromWho="3" sc="237,-20,224,-20,307,-39,222,89" /><INIT seed="3,0,0,1,4,59" ten="217,204,268,311" oya="3" hai0="50,80,63,117,75,45,28,38,21,91,119,129,37" hai1="118,107,25,130,93,104,34,133,9,55,109,39,13" hai2="115,85,24,111,27,125,132,83,74,84,126,89,10" hai3="99,79,110,7,65,42,2,40,96,95,23,54,1"/><W18/><G110/><T52/><D129/><U56/><E109/><V16/><F115/><W8/><G1/><T97/><D38/><U5/><E130/><V69/><F111/><W127/><G79/><T94/><D37/><U131/><E131/><V73/><F69/><W0/><G0/><T44/><D44/><U92/><E39/><V67/><F67/><W77/><G77/><T30/><D75/><U57/><E133/><V60/><F60/><W11/><G11/><T3/><D3/><U101/><E118/><V62/><F62/><W49/><G65/><T76/><D76/><U120/><E57/><V87/><F132/><W102/><G99/><T31/><D80/><U78/><E120/><V122/><F122/><W72/><G127/><N who="2" m="48649" /><F89/><W15/><REACH who="3" step="1"/><G72/><REACH who="3" ten="217,204,268,301" step="2"/><T53/><D119/><U22/><E78/><V51/><F73/><W19/><G19/><T124/><D117/><U66/><E66/><V46/><F74/><W108/><G108/><T12/><D124/><U61/><E9/><V128/><F128/><W121/><G121/><T26/><D12/><U135/><E13/><N who="2" m="7223" /><F83/><W103/><G103/><T47/><D31/><U86/><E101/><V90/><F90/><W134/><G134/><T82/><D30/><U113/><E135/><V58/><F87/><W81/><G81/><T70/><D82/><U35/><E86/><V98/><F85/><W14/><G14/><T64/><D28/><U6/><E5/><V17/><F98/><W4/><G4/><T105/><D97/><U29/><E6/><V106/><F17/><W88/><G88/><T20/><D91/><RYUUKYOKU ba="0,1" sc="217,-10,204,-10,268,-10,301,30" hai3="2,7,8,15,18,23,40,42,49,54,95,96,102" /><INIT seed="3,1,1,3,4,127" ten="207,194,258,331" oya="3" hai0="84,117,23,131,17,43,47,58,110,0,130,32,33" hai1="2,38,42,3,104,82,78,121,69,96,1,9,62" hai2="21,133,125,15,66,70,86,106,88,134,49,72,55" hai3="11,105,120,45,122,103,75,14,26,61,65,67,24"/><W48/><G75/><T135/><D117/><U44/><E121/><V63/><F72/><W27/><G105/><T68/><D68/><U77/><E77/><V74/><F74/><W30/><G103/><T19/><D0/><U10/><E104/><V111/><F106/><W93/><G93/><T16/><D110/><U107/><E69/><V94/><F111/><W34/><G67/><T50/><D135/><U97/><E62/><V92/><F92/><W59/><G122/><T37/><D84/><U114/><E114/><V83/><F83/><W89/><G89/><T80/><D80/><U123/><E123/><V71/><F71/><W35/><G35/><T87/><D87/><U109/><E109/><V101/><F101/><W76/><G76/><T28/><D23/><U98/><REACH who="1" step="1"/><E107/><REACH who="1" ten="207,184,258,331" step="2"/><V39/><F134/><W53/><G120/><T118/><D118/><U99/><N who="1" m="24576" /><DORA hai="60" /><U79/><E79/><V129/><F133/><W13/><REACH who="3" step="1"/><G13/><REACH who="3" ten="207,184,258,321" step="2"/><T119/><D119/><U6/><E6/><AGARI ba="1,3" hai="6,11,14,24,26,27,30,34,45,48,53,59,61,65" machi="6" ten="30,12000,1" yaku="1,1,2,1,7,1,52,1,53,1" doraHai="127,60" doraHaiUra="4,73" who="3" fromWho="1" sc="207,0,184,-123,258,0,321,153" /><INIT seed="3,2,0,0,2,134" ten="207,61,258,474" oya="3" hai0="111,108,50,44,53,85,23,115,120,91,62,27,77" hai1="41,31,28,72,19,39,3,63,64,114,48,69,68" hai2="132,107,49,18,75,22,121,0,112,126,14,17,76" hai3="113,70,80,105,86,55,40,61,21,1,66,56,124"/><W35/><G35/><T92/><D120/><U13/><E114/><V101/><F0/><W59/><G105/><T65/><D115/><U135/><E135/><V79/><F112/><W71/><G1/><T119/><D119/><U58/><E3/><V67/><F132/><W82/><G113/><T12/><D12/><U26/><E72/><V32/><F32/><W54/><G40/><T103/><D77/><U131/><E131/><V74/><F67/><W81/><G21/><T130/><D130/><U34/><E31/><V57/><F121/><W94/><G66/><T51/><D51/><U87/><E39/><V60/><F49/><W6/><G6/><T25/><D103/><U9/><REACH who="1" step="1"/><E87/><REACH who="1" ten="207,51,258,474" step="2"/><V125/><F75/><W8/><G86/><T43/><D111/><U10/><E10/><V88/><F74/><W117/><G8/><T37/><D108/><U45/><AGARI ba="2,1" hai="9,13,19,26,28,34,41,45,48,58,63,64,68,69" machi="45" ten="30,2000,0" yaku="1,1,0,1,53,0" doraHai="134" doraHaiUra="110" who="1" fromWho="1" sc="207,-7,51,36,258,-7,474,-12" /><INIT seed="4,0,0,2,3,23" ten="200,87,251,462" oya="0" hai0="60,108,18,8,59,17,38,31,37,5,81,112,110" hai1="69,55,83,0,97,51,111,68,77,85,62,58,40" hai2="10,104,6,34,48,11,127,16,65,91,3,54,98" hai3="13,117,129,93,63,115,50,26,120,70,113,106,92"/><T128/><D128/><U131/><E111/><N who="0" m="42537" /><D112/><U20/><E131/><V130/><F130/><W78/><G106/><T4/><D81/><U43/><E0/><V134/><F134/><W53/><G78/><T101/><D101/><U133/><E133/><V71/><F127/><W32/><G117/><T39/><D31/><U126/><E126/><V66/><F71/><W44/><G13/><N who="0" m="5255" /><D5/><U29/><E69/><V56/><F34/><W30/><G120/><T123/><D123/><U12/><E68/><V124/><F124/><W86/><G129/><T52/><AGARI ba="0,0" hai="17,18,37,38,39,52,59,60" m="5255,42537" machi="52" ten="40,3900,0" yaku="10,1,54,1" doraHai="23" who="0" fromWho="0" sc="200,39,87,-13,251,-13,462,-13" /><INIT seed="4,1,0,0,5,111" ten="239,74,238,449" oya="0" hai0="81,48,7,79,25,78,55,32,18,4,9,36,53" hai1="105,92,102,8,51,57,91,52,22,6,60,3,42" hai2="34,40,11,96,16,59,63,23,116,33,10,112,104" hai3="58,115,64,39,66,45,121,103,68,56,89,117,44"/><T27/><D36/><U47/><E105/><V80/><F116/><W62/><G103/><T21/><D53/><U12/><E102/><V114/><F40/><W38/><G89/><T54/><D55/><U128/><E128/><V93/><F80/><W65/><G117/><T85/><D78/><U123/><E123/><V72/><F72/><W83/><G83/><T124/><D124/><U84/><REACH who="1" step="1"/><E3/><REACH who="1" ten="239,64,238,449" step="2"/><V50/><F104/><W49/><G121/><T109/><D109/><U129/><E129/><V30/><F34/><W14/><G14/><T0/><D32/><U122/><E122/><V107/><F107/><W46/><G68/><T126/><D126/><U100/><E100/><V75/><F33/><W101/><G101/><T69/><D69/><U77/><E77/><V24/><F75/><W99/><G99/><T31/><D79/><U71/><E71/><V37/><F37/><W134/><G39/><T73/><D0/><U90/><E90/><V131/><F131/><W2/><G2/><T61/><D73/><U17/><E17/><V133/><F16/><W127/><G38/><T86/><D18/><U113/><E113/><V67/><F133/><W88/><G88/><T82/><D4/><U41/><E41/><V29/><F96/><W119/><G119/><T87/><D7/><U76/><E76/><V35/><F114/><W19/><G115/><T1/><D1/><U20/><AGARI ba="1,1" hai="6,8,12,20,22,42,47,51,52,57,60,84,91,92" machi="20" ten="30,7900,0" yaku="1,1,0,1,8,1,54,1,53,0" doraHai="111" doraHaiUra="108" who="1" fromWho="1" sc="239,-40,64,92,238,-21,449,-21" /><INIT seed="5,0,0,3,1,23" ten="199,156,217,428" oya="1" hai0="106,49,3,32,122,111,65,118,16,61,10,93,67" hai1="30,5,0,69,37,127,88,113,117,58,91,15,74" hai2="110,107,39,12,45,9,44,26,102,98,51,130,60" hai3="104,82,36,80,129,63,81,108,57,124,2,112,53"/><U75/><E117/><V135/><F110/><W70/><G108/><T90/><D106/><U46/><E69/><V41/><F135/><W28/><G2/><T76/><D111/><U85/><E0/><V73/><F73/><W71/><G104/><T101/><D118/><U95/><E113/><V96/><F96/><W114/><G36/><T87/><D32/><U25/><E127/><V123/><F130/><W134/><G129/><T48/><D122/><U99/><E58/><V27/><F60/><W4/><G4/><T40/><D3/><U121/><E121/><V83/><F83/><W52/><G134/><T38/><D38/><U6/><E37/><V116/><F123/><W132/><G132/><T50/><D40/><U97/><E46/><V24/><F116/><W17/><G28/><T55/><D76/><U128/><E128/><V34/><F34/><W105/><G105/><T115/><D115/><N who="3" m="44073" /><G124/><T62/><D101/><U125/><E125/><V131/><F131/><W19/><G53/><T14/><D55/><U43/><E43/><V89/><F89/><W35/><G35/><T1/><D1/><U20/><E99/><V66/><F66/><AGARI ba="0,0" hai="10,14,16,48,49,50,61,62,65,66,67,87,90,93" machi="66" ten="40,2600,0" yaku="8,1,54,1" doraHai="23" who="0" fromWho="2" sc="199,26,156,0,217,-26,428,0" /><INIT seed="6,0,0,0,1,47" ten="225,156,191,428" oya="2" hai0="25,116,102,67,4,45,135,52,57,65,123,112,125" hai1="38,87,119,10,12,16,26,15,49,41,40,5,54" hai2="92,122,76,111,23,43,77,2,61,46,113,75,91" hai3="118,129,95,96,64,82,79,110,97,68,59,6,78"/><V98/><F122/><W104/><G68/><T99/><D123/><U3/><E119/><V130/><F2/><W70/><G70/><T85/><D112/><U134/><E134/><V14/><F113/><W114/><G64/><T34/><D125/><U131/><E131/><V24/><F130/><W39/><G59/><T37/><D135/><U42/><E38/><V117/><F75/><W120/><G6/><T35/><D116/><U69/><E69/><V33/><F33/><W73/><G39/><T106/><D4/><U105/><E105/><V63/><F14/><W66/><G66/><T94/><D45/><U100/><E100/><V93/><F93/><W31/><G31/><T48/><D37/><U17/><E87/><V83/><F111/><W53/><G53/><T50/><D50/><U72/><E72/><V103/><F103/><W101/><G114/><T80/><D106/><U71/><E71/><V133/><F133/><W8/><G8/><T20/><D35/><U27/><E3/><V1/><F1/><W90/><G118/><T7/><D7/><U51/><E5/><V124/><F124/><W21/><G129/><T28/><D34/><U9/><E49/><N who="2" m="26847" /><F117/><W74/><G120/><T56/><D56/><AGARI ba="0,0" hai="9,10,12,15,16,17,26,27,40,41,42,51,54,56" machi="56" ten="40,8000,1" yaku="9,1,8,1,52,1,54,1" doraHai="47" who="1" fromWho="0" sc="225,-80,156,80,191,0,428,0" /><INIT seed="7,0,0,1,5,109" ten="145,236,191,428" oya="3" hai0="113,131,6,32,47,22,106,39,42,1,92,130,13" hai1="101,102,0,35,12,69,88,30,85,45,64,49,44" hai2="134,31,36,25,50,105,65,77,27,43,46,132,56" hai3="100,121,11,16,5,54,8,59,123,79,110,114,120"/><W10/><G100/><T7/><D106/><U29/><E0/><V135/><F105/><W68/><G68/><T124/><D32/><U66/><E69/><V67/><F77/><W133/><G110/><T98/><D124/><U127/><E127/><V78/><F78/><W73/><G133/><T80/><D80/><U76/><E76/><V53/><REACH who="2" step="1"/><F25/><REACH who="2" ten="145,236,181,428" step="2"/><W52/><G79/><T84/><D84/><U126/><E85/><V99/><F99/><W34/><G73/><T57/><D1/><U75/><E75/><V112/><F112/><W103/><G114/><T89/><D113/><U21/><E126/><V119/><F119/><W41/><G120/><T94/><D94/><U18/><E102/><V115/><F115/><W20/><G103/><T74/><D74/><U86/><E101/><V97/><F97/><W37/><G34/><AGARI ba="0,1" hai="27,31,34,36,43,46,50,53,56,65,67,132,134,135" machi="34" ten="40,2600,0" yaku="1,1,20,1,53,0" doraHai="109" doraHaiUra="111" who="2" fromWho="3" sc="145,0,236,0,181,36,428,-26" owari="145,-35.5,236,3.6,217,-18.3,402,50.2" /></mjloggm>