<mjloggm ver="2.3"><GO type="169" lobby="0"/><UN n0="%E3%81%B2%E3%81%90%E3%81%A1" n1="%E3%81%A6%E3%82%93%E3%81%8F%E3%81%86" n2="%43%68%65" n3="%E3%81%94%E3%83%BC%E3%81%A9%E3%82%93" dan="17,16,16,16" rate="2216.90,2179.85,2180.57,2085.84" sx="M,M,M,M"/><TAIKYOKU oya="0"/><INIT seed="0,0,0,0,5,125" ten="250,250,250,250" oya="0" hai0="97,35,78,24,33,4,17,77,2,46,3,105,63" hai1="32,128,6,83,109,67,13,124,31,69,26,80,56" hai2="122,75,99,135,18,48,82,34,64,25,30,45,20" hai3="11,74,86,37,88,102,110,133,54,120,15,104,66"/><T94/><D105/><U115/><E124/><V10/><F122/><W42/><G120/><T116/><D116/><U106/><E106/><V89/><F135/><W81/><G133/><T50/><D33/><U76/><E69/><V70/><F10/><W111/><G66/><T127/><D127/><U118/><E118/><V95/><F64/><W96/><G54/><T107/><D107/><U92/><E109/><V117/><F70/><W114/><G114/><T14/><D63/><U113/><E92/><V0/><F0/><W112/><G112/><N who="1" m="43082" /><E76/><V40/><F117/><W71/><G71/><T72/><D72/><U52/><E67/><V22/><REACH who="2" step="1"/><F18/><REACH who="2" ten="250,250,240,250" step="2"/><W57/><G110/><T130/><D17/><U119/><E119/><V134/><F134/><W61/><G111/><T58/><D2/><U9/><E128/><V98/><F98/><W23/><G96/><T12/><D97/><U21/><E32/><V121/><F121/><W91/><G11/><T59/><D130/><U73/><E73/><V85/><F85/><W65/><G86/><T43/><D35/><U29/><E29/><V93/><F93/><W47/><G104/><T36/><D94/><U5/><E5/><V38/><F38/><W1/><G1/><T19/><D3/><U101/><E101/><V39/><F39/><W84/><G102/><T129/><D129/><U103/><E103/><V62/><F62/><AGARI ba="0,1" hai="6,9,13,21,26,31,52,56,62,80,83" m="43082" machi="62" ten="30,2000,0" yaku="11,1,54,1" doraHai="125" who="1" fromWho="2" sc="250,0,250,30,240,-20,250,0" /><INIT seed="1,0,0,0,3,131" ten="250,280,220,250" oya="1" hai0="116,52,62,119,68,69,98,102,90,74,127,118,17" hai1="28,88,44,105,117,67,70,124,19,59,108,42,29" hai2="27,66,48,104,114,121,53,32,26,94,39,3,38" hai3="83,130,31,10,99,72,76,120,41,122,61,106,75"/><U78/><E117/><V113/><F121/><W4/><G130/><T2/><D2/><U0/><E105/><V95/><F104/><W21/><G72/><T40/><D74/><U7/><E70/><V64/><F3/><W126/><G126/><T24/><D40/><U100/><E100/><V54/><REACH who="2" step="1"/><F48/><REACH who="2" ten="250,280,210,250" step="2"/><W49/><G49/><T37/><D127/><U50/><E124/><V101/><F101/><W22/><G106/><T36/><D102/><U56/><E0/><V128/><F128/><W129/><G129/><T115/><D37/><U81/><E50/><V79/><F79/><W125/><G76/><T109/><D36/><U91/><E78/><V1/><F1/><W14/><G125/><T12/><D118/><U86/><E108/><V112/><F112/><W45/><G120/><T35/><D115/><U13/><E91/><V55/><F55/><W33/><G122/><T134/><D52/><U135/><E88/><V18/><F18/><W133/><G75/><T82/><D17/><U123/><E19/><V107/><F107/><W25/><G31/><T85/><D90/><U15/><E28/><V23/><F23/><W16/><G21/><T6/><D109/><U51/><E29/><V77/><F77/><W20/><G20/><T11/><D116/><U110/><E110/><V5/><F5/><W57/><G4/><T80/><D6/><U9/><E7/><V46/><F46/><W65/><G45/><T87/><D119/><U63/><E44/><V84/><F84/><W89/><G22/><T34/><D87/><U30/><E86/><V97/><F97/><RYUUKYOKU ba="0,1" sc="250,-10,280,-10,210,30,250,-10" hai2="26,27,32,38,39,53,54,64,66,94,95,113,114" /><INIT seed="2,1,1,2,1,32" ten="240,270,240,240" oya="2" hai0="70,17,15,92,96,55,5,123,130,0,40,28,36" hai1="115,117,72,121,16,59,52,38,53,78,57,81,1" hai2="65,14,20,131,87,93,73,2,109,82,134,3,75" hai3="9,90,56,39,69,51,95,91,30,119,25,113,7"/><V63/><F131/><W4/><G119/><T122/><D130/><U100/><E117/><V125/><F125/><W108/><G108/><T128/><D128/><U98/><E115/><V12/><F109/><W23/><G113/><T84/><D70/><U10/><E38/><V112/><F112/><W83/><G39/><T6/><D28/><U61/><E121/><V135/><F93/><W42/><G69/><T77/><D40/><U110/><E110/><V24/><F14/><W102/><G4/><T106/><D36/><U21/><E10/><V118/><F12/><W54/><G42/><T13/><D13/><U50/><E1/><V67/><F118/><W68/><G68/><T37/><D37/><U29/><E29/><N who="2" m="17543" /><F75/><W48/><G48/><T35/><D35/><U44/><E21/><V97/><F97/><W129/><G129/><T43/><D43/><U45/><REACH who="1" step="1"/><E16/><REACH who="1" ten="240,260,240,240" step="2"/><V89/><F73/><W31/><G23/><T114/><D17/><U104/><AGARI ba="1,2" hai="44,45,50,52,53,57,59,61,72,78,81,98,100,104" machi="104" ten="20,8000,1" yaku="1,1,2,1,0,1,7,1,54,1,53,0" doraHai="32" doraHaiUra="22" who="1" fromWho="1" sc="240,-21,260,103,240,-41,240,-21" /><INIT seed="3,0,0,5,1,30" ten="219,363,199,219" oya="3" hai0="118,34,27,43,39,57,104,9,3,122,69,112,55" hai1="102,63,26,108,119,86,88,64,33,121,110,128,82" hai2="47,35,75,70,13,38,107,73,85,44,91,0,31" hai3="84,127,22,50,123,68,59,101,15,106,129,2,42"/><W74/><G74/><T117/><D122/><U78/><E121/><V135/><F0/><W133/><G123/><T62/><D104/><U79/><E102/><V24/><F107/><W99/><G2/><T100/><D100/><U96/><E128/><V41/><F70/><W23/><G68/><T51/><D112/><U4/><E4/><V103/><F103/><W105/><G105/><T61/><D61/><U80/><E119/><V94/><F135/><W52/><G129/><T17/><D3/><U83/><E96/><V97/><F13/><W132/><G127/><T18/><D9/><U37/><E37/><V20/><F97/><W95/><G42/><T98/><D98/><U65/><E65/><V67/><F67/><W21/><REACH who="3" step="1"/><G15/><REACH who="3" ten="219,363,199,209" step="2"/><T28/><D118/><U56/><E110/><V36/><F20/><W8/><G8/><T45/><D117/><U71/><E108/><V77/><F77/><W126/><G126/><T87/><D69/><U1/><E1/><V32/><F35/><W60/><G60/><T134/><D134/><U81/><REACH who="1" step="1"/><E71/><REACH who="1" ten="219,353,199,209" step="2"/><V5/><F5/><W53/><G53/><T116/><D116/><U29/><AGARI ba="0,2" hai="26,29,33,56,63,64,78,79,80,81,82,83,86,88" machi="29" ten="30,8000,1" yaku="1,1,2,1,0,1,52,1,54,1,53,0" doraHai="30" doraHaiUra="46" who="1" fromWho="1" sc="219,-20,353,100,199,-20,209,-40" /><INIT seed="4,0,0,1,5,67" ten="199,453,179,169" oya="0" hai0="126,60,59,94,112,51,69,12,80,47,95,57,7" hai1="23,39,114,122,44,14,85,8,2,61,100,41,83" hai2="27,106,19,25,66,86,129,88,32,64,5,118,53" hai3="99,121,103,113,0,109,71,50,10,30,127,11,45"/><T110/><D112/><U133/><E114/><V54/><F106/><W40/><G113/><T18/><D126/><U35/><E35/><V20/><F129/><W1/><G109/><T78/><D7/><U77/><E133/><V46/><F118/><W104/><G127/><T107/><D107/><U91/><E122/><V74/><F74/><W84/><G121/><T131/><D131/><U13/><E100/><V119/><F119/><W90/><G30/><T87/><D69/><U134/><E134/><V33/><F5/><W96/><G96/><T15/><D15/><U135/><E2/><V63/><F66/><W76/><G76/><T123/><D110/><U81/><E61/><V97/><F97/><W82/><REACH who="3" step="1"/><G71/><REACH who="3" ten="199,453,179,159" step="2"/><T75/><D123/><U37/><E77/><V132/><F132/><W68/><G68/><T117/><D117/><U9/><E135/><V62/><F32/><W101/><G101/><T105/><D75/><U4/><E85/><V72/><F72/><W24/><G24/><T111/><D111/><U52/><E91/><V120/><F120/><W116/><G116/><T16/><D105/><U55/><E4/><V58/><F33/><W42/><G42/><N who="0" m="25079" /><D18/><U26/><E26/><V124/><F124/><W92/><G92/><N who="0" m="35371" /><D60/><U38/><E83/><N who="2" m="49247" /><F62/><W3/><AGARI ba="0,1" hai="0,1,3,10,11,40,45,50,82,84,90,99,103,104" machi="3" ten="30,4000,0" yaku="1,1,0,1,53,1" doraHai="67" doraHaiUra="102" who="3" fromWho="3" sc="199,-20,453,-10,179,-10,159,50" /><INIT seed="5,0,0,4,1,106" ten="179,443,169,209" oya="1" hai0="102,80,40,64,36,77,65,127,30,94,79,122,38" hai1="10,109,2,88,35,112,83,126,63,5,50,103,61" hai2="96,19,44,8,21,114,76,42,18,124,93,59,108" hai3="87,81,43,60,20,31,7,15,45,131,4,24,39"/><U47/><E112/><V72/><F108/><W57/><G131/><T26/><D127/><U29/><E126/><V37/><F124/><W67/><REACH who="3" step="1"/><G15/><REACH who="3" ten="179,443,169,199" step="2"/><T129/><D129/><U12/><E12/><V107/><F114/><W25/><G25/><T68/><D26/><U98/><E109/><V91/><F107/><W3/><G3/><T73/><D122/><U41/><E2/><V16/><F8/><W71/><G71/><T9/><D68/><U75/><E10/><V62/><F76/><AGARI ba="0,1" hai="4,7,20,24,31,39,43,45,57,60,67,76,81,87" machi="76" ten="30,2000,0" yaku="1,1,7,1,53,0" doraHai="106" doraHaiUra="135" who="3" fromWho="2" sc="179,0,443,0,169,-20,199,30" /><INIT seed="6,0,0,5,1,18" ten="179,443,149,229" oya="2" hai0="22,72,76,53,111,104,42,71,91,61,68,26,3" hai1="114,120,102,122,19,81,134,70,64,118,4,94,92" hai2="44,31,34,75,15,126,11,0,130,119,90,36,129" hai3="24,116,52,97,78,1,123,115,48,127,125,113,17"/><V16/><F75/><W82/><G116/><T99/><D3/><U28/><E28/><V5/><F119/><W74/><G123/><T14/><D111/><U124/><E118/><V10/><F90/><W101/><G1/><T33/><D42/><U21/><E4/><V69/><F69/><W135/><G135/><T77/><D33/><U103/><E81/><V49/><F36/><W84/><G74/><T83/><D77/><U67/><E70/><V51/><F126/><N who="3" m="48139" /><G17/><N who="0" m="12623" /><D104/><U45/><E19/><V85/><F85/><W55/><G24/><T7/><D14/><U93/><E124/><V117/><F117/><W73/><G73/><T47/><D47/><U109/><E45/><V65/><F65/><W57/><G55/><T128/><D7/><U35/><E67/><V23/><F11/><W32/><G32/><T110/><D128/><N who="2" m="49258" /><F44/><W95/><AGARI ba="0,0" hai="48,52,57,78,82,84,95,97,101,113,115" m="48139" machi="95" ten="30,2000,0" yaku="18,1,54,1" doraHai="18" who="3" fromWho="3" sc="179,-5,443,-5,149,-10,229,20" /><INIT seed="7,0,0,4,5,85" ten="174,438,139,249" oya="3" hai0="93,2,90,61,79,130,4,89,9,94,104,53,54" hai1="51,27,23,84,70,72,52,22,39,33,60,128,43" hai2="6,66,87,78,71,116,3,106,98,21,24,36,40" hai3="82,111,59,114,30,119,101,11,49,45,132,34,5"/><W127/><G114/><T134/><D104/><U86/><E72/><V121/><F116/><W122/><G59/><T105/><D105/><U129/><E43/><V25/><F121/><W108/><G119/><T47/><D79/><U62/><E39/><V120/><F120/><W10/><G101/><T118/><D118/><U48/><E33/><V124/><F124/><W19/><G82/><T7/><D130/><U133/><E133/><V17/><F3/><N who="3" m="319" /><G49/><T83/><D134/><U64/><E60/><V103/><F6/><W92/><G92/><T80/><D9/><U44/><E22/><V63/><F25/><N who="3" m="18767" /><G45/><T76/><D2/><U35/><E51/><V55/><F55/><W75/><G75/><T15/><D15/><U110/><E86/><V32/><F32/><W112/><G112/><T16/><D76/><U100/><E48/><V50/><F36/><W107/><G107/><T117/><D117/><U12/><E84/><V115/><F115/><W68/><G68/><T109/><D61/><U131/><E64/><V18/><F18/><W123/><G132/><T99/><D16/><U13/><E44/><V46/><F78/><W20/><G11/><T96/><D47/><U73/><E52/><V67/><F67/><W113/><G113/><T135/><D135/><U38/><E128/><V29/><F87/><W77/><G77/><T69/><D69/><U0/><E131/><V91/><F17/><W102/><G127/><T65/><D65/><U31/><E38/><V81/><F81/><W57/><G123/><T74/><D74/><U37/><E129/><V88/><AGARI ba="0,0" hai="21,24,29,40,46,50,63,66,71,88,91,98,103,106" machi="88" ten="30,8000,1" yaku="5,1,0,1,52,2,54,1" doraHai="85" who="2" fromWho="2" sc="174,-20,438,-20,139,80,249,-40" owari="154,-34.6,418,51.8,219,1.9,209,-19.1" /></mjloggm>