<mjloggm ver="2.3"><GO type="169" lobby="0"/><UN n0="%74%65%63%68%74%6F" n1="%E3%83%A1%E3%82%BF%E3%82%B9%E3%82%B3%E3%82%A2" n2="%E3%81%A5%E3%81%8B%E5%AD%90" n3="%E3%83%94%E3%83%B3%E3%82%B5%E3%83%AD%E5%BA%97%E5%93%A1" dan="17,17,16,17" rate="2145.76,2135.49,2146.35,2244.42" sx="M,M,M,M"/><TAIKYOKU oya="0"/><INIT seed="0,0,0,1,0,11" ten="250,250,250,250" oya="0" hai0="78,116,107,48,58,60,12,22,130,120,79,68,135" hai1="108,91,115,87,8,28,82,46,73,98,109,55,63" hai2="41,129,19,133,110,93,5,134,114,100,3,72,39" hai3="7,57,104,106,56,37,111,23,99,27,14,43,61"/><T105/><D116/><U10/><E115/><V69/><F19/><W90/><G111/><N who="1" m="42570" /><E73/><V52/><F100/><W126/><G126/><T77/><D120/><U67/><E28/><V13/><F93/><W0/><G0/><T94/><D130/><U44/><E98/><V35/><F52/><W85/><G37/><T121/><D121/><U36/><E55/><V95/><F95/><W2/><G2/><T66/><D135/><U29/><E29/><V64/><F5/><W15/><G43/><T26/><D26/><U32/><E32/><V40/><F64/><W17/><G56/><T102/><D68/><N who="1" m="42111" /><E36/><V18/><F18/><W34/><G34/><T103/><D48/><U33/><E33/><V112/><F110/><W132/><G132/><T75/><D75/><U89/><E89/><V128/><F35/><W125/><G125/><T30/><D30/><U20/><E20/><V131/><F72/><W70/><G70/><T62/><D62/><U45/><AGARI ba="0,0" hai="8,10,44,45,46,82,87,91" m="42111,42570" machi="45" ten="30,1100,0" yaku="14,1" doraHai="11" who="1" fromWho="1" sc="250,-5,250,11,250,-3,250,-3" /><INIT seed="1,0,0,3,5,63" ten="245,261,247,247" oya="1" hai0="26,132,120,69,86,48,88,66,60,128,40,115,56" hai1="79,121,42,52,23,117,7,3,91,93,70,95,16" hai2="46,107,39,55,104,103,100,54,102,92,130,6,44" hai3="49,85,106,114,9,124,31,65,2,113,8,0,25"/><U21/><E117/><V57/><F6/><W34/><G106/><T20/><D115/><U129/><E121/><V35/><F35/><W53/><G124/><T110/><D110/><U37/><E70/><V38/><F130/><W41/><G41/><T59/><D128/><U73/><E129/><V47/><F92/><W15/><G85/><T75/><D75/><U51/><E37/><V1/><F1/><W45/><G9/><T118/><D118/><U4/><E42/><V109/><F109/><W67/><G2/><T116/><D116/><U122/><E122/><V5/><F5/><N who="1" m="2121" /><E73/><V77/><F57/><W78/><G78/><T43/><D132/><U50/><E79/><V62/><F62/><W28/><G28/><T74/><D74/><U36/><E36/><N who="2" m="13867" /><F77/><W126/><G126/><T83/><D120/><U123/><E3/><V61/><F61/><W89/><G89/><T101/><D101/><U12/><E123/><V105/><AGARI ba="0,0" hai="44,46,47,54,55,100,102,103,104,105,107" m="13867" machi="105" ten="50,8000,1" yaku="29,2,28,2" doraHai="63" who="2" fromWho="2" sc="245,-20,261,-40,247,80,247,-20" /><INIT seed="2,0,0,2,5,120" ten="225,221,327,227" oya="2" hai0="3,47,56,51,42,35,123,13,19,37,91,119,63" hai1="103,113,53,55,87,62,39,18,83,90,17,95,43" hai2="115,109,116,110,121,4,2,67,77,72,81,64,118" hai3="21,86,130,101,26,127,32,36,59,1,16,100,107"/><V111/><F121/><W9/><G36/><T50/><D123/><U126/><E113/><V8/><REACH who="2" step="1"/><F115/><REACH who="2" ten="225,221,317,227" step="2"/><W104/><G130/><T28/><D119/><AGARI ba="0,1" hai="2,4,8,64,67,72,77,81,109,110,111,116,118,119" machi="119" ten="50,24000,3" yaku="1,1,2,1,14,1,10,1,52,3,53,2" doraHai="120" doraHaiUra="61" who="2" fromWho="0" sc="225,-240,221,0,317,250,227,0" owari="-15,-51.5,221,-17.9,567,66.7,227,2.7" /></mjloggm>