<mjloggm ver="2.3"><GO type="169" lobby="0"/><UN n0="%E3%83%A4%E3%83%8A%E3%83%AA%E3%83%B3%E3%82%B9%E3%82%AD%E3%83%BC" n1="%E3%81%93%E3%81%AB" n2="%E3%81%97%E3%82%83%E3%82%93%E3%81%8A%E3%81%98" n3="%63%78%79%74%6D%6C" dan="17,16,17,16" rate="2167.94,2142.88,2173.34,2210.94" sx="M,M,F,M"/><TAIKYOKU oya="0"/><INIT seed="0,0,0,5,5,39" ten="250,250,250,250" oya="0" hai0="18,75,42,9,46,31,29,27,119,44,86,102,21" hai1="82,33,122,51,48,47,55,118,41,117,15,128,0" hai2="5,89,85,88,38,111,96,53,61,78,49,116,104" hai3="90,65,99,125,79,2,113,71,52,8,35,64,127"/><T109/><D75/><U114/><E0/><V80/><F38/><W81/><G113/><T123/><D119/><U1/><E1/><V98/><F116/><W36/><G35/><T108/><D123/><U54/><E122/><V103/><F111/><N who="0" m="42570" /><D102/><U56/><E114/><V63/><F5/><W87/><G36/><N who="0" m="21575" /><D9/><U14/><E33/><V40/><F40/><W45/><G8/><T93/><D46/><U28/><E128/><V70/><F70/><W134/><G71/><T19/><D31/><U76/><E28/><V107/><F107/><W10/><G10/><T3/><D3/><U68/><E68/><V94/><F89/><AGARI ba="0,0" hai="18,19,21,27,29,86,89,93" m="21575,42570" machi="89" ten="30,5800,0" yaku="14,1,10,1,52,1" doraHai="39" who="0" fromWho="2" sc="250,58,250,0,250,-58,250,0" /><INIT seed="0,1,0,1,3,97" ten="308,250,192,250" oya="0" hai0="114,11,126,83,36,71,101,25,98,96,122,118,135" hai1="94,133,76,26,124,123,65,21,24,127,81,0,5" hai2="47,42,69,43,45,37,105,79,88,100,67,40,103" hai3="120,87,32,1,39,102,6,109,66,50,129,18,85"/><T121/><D36/><U91/><E123/><V132/><F105/><W75/><G39/><T117/><D71/><U64/><E133/><V131/><F79/><W72/><G32/><T119/><D11/><U90/><E5/><V74/><F74/><W104/><G66/><T92/><D25/><U62/><E0/><V53/><F37/><W52/><G109/><T55/><D55/><U31/><E26/><V125/><F132/><W15/><G129/><T130/><D135/><U27/><E24/><V4/><F4/><W80/><G6/><T14/><D14/><U35/><E35/><V46/><F131/><W19/><G19/><T22/><D22/><U48/><E48/><V106/><F106/><W60/><G60/><T7/><D7/><U113/><E113/><V28/><F28/><W17/><G17/><T82/><D130/><U12/><E12/><V44/><F125/><N who="1" m="48201" /><E94/><V110/><F110/><W57/><G120/><N who="0" m="46187" /><D126/><U56/><E64/><V38/><F38/><W128/><G1/><T111/><D111/><U8/><E8/><V70/><F67/><W20/><G128/><T78/><D114/><U86/><AGARI ba="1,0" hai="21,27,31,56,62,65,76,81,86,90,91" m="48201" machi="86" ten="30,1100,0" yaku="18,1" doraHai="97" who="1" fromWho="1" sc="308,-6,250,14,192,-4,250,-4" /><INIT seed="1,0,0,5,5,97" ten="302,264,188,246" oya="1" hai0="77,126,49,73,13,0,59,36,131,65,88,86,103" hai1="3,120,110,44,118,52,48,43,132,125,11,75,116" hai2="92,121,127,27,29,74,51,109,39,72,67,91,33" hai3="104,95,22,129,115,35,98,4,57,85,16,9,106"/><U25/><E120/><V47/><F121/><W54/><G115/><T102/><D0/><U58/><E75/><V28/><F109/><W70/><G70/><T101/><D36/><U108/><E125/><V40/><F127/><W34/><G129/><T41/><D126/><U32/><E132/><V81/><F67/><W128/><G128/><T45/><D131/><U89/><E89/><V31/><F39/><W14/><G85/><T63/><D73/><U15/><E3/><V78/><REACH who="2" step="1"/><F72/><REACH who="2" ten="302,264,178,246" step="2"/><W21/><G106/><T19/><D77/><U23/><E116/><V53/><F53/><W26/><G104/><T38/><D38/><U114/><E118/><V66/><F66/><W76/><G76/><T111/><D111/><N who="1" m="42539" /><E114/><V99/><AGARI ba="0,1" hai="27,28,29,31,33,40,47,51,74,78,81,91,92,99" machi="99" ten="20,5200,0" yaku="1,1,0,1,7,1,53,1" doraHai="97" doraHaiUra="46" who="2" fromWho="2" sc="302,-13,264,-26,178,62,246,-13" /><INIT seed="2,0,0,3,1,130" ten="289,238,240,233" oya="2" hai0="78,3,57,44,0,103,75,26,37,98,94,97,69" hai1="20,79,72,1,18,64,129,23,134,52,68,38,122" hai2="107,42,87,61,113,54,5,30,4,102,90,100,88" hai3="63,84,93,101,104,112,43,31,62,7,76,10,108"/><V27/><F113/><W96/><G108/><T29/><D69/><U35/><E35/><V45/><F54/><W53/><G112/><T81/><D57/><U39/><E1/><V123/><F61/><W118/><G118/><T86/><D75/><U25/><E129/><V132/><F132/><W50/><G31/><T8/><D8/><U28/><E122/><V85/><F123/><W91/><G43/><T15/><D15/><U40/><E134/><V13/><F85/><W56/><REACH who="3" step="1"/><G76/><REACH who="3" ten="289,238,240,223" step="2"/><T2/><D29/><U125/><E40/><V73/><F42/><W59/><G59/><T49/><D44/><U55/><E79/><V133/><F45/><W126/><G126/><T19/><D78/><U127/><E125/><V111/><F111/><W60/><G60/><T24/><D37/><U32/><E127/><V116/><F116/><W89/><G89/><T22/><D49/><U92/><E39/><V131/><F90/><W70/><G70/><T12/><D81/><U74/><E38/><V48/><F48/><W41/><G41/><T115/><D115/><U21/><E68/><V120/><F120/><W124/><G124/><T71/><D71/><U110/><E110/><V58/><F58/><W6/><G6/><T67/><D67/><U36/><E36/><V119/><F119/><W65/><G65/><T128/><D128/><U135/><E64/><V66/><F66/><W99/><G99/><T105/><D97/><U14/><E135/><V17/><F133/><W82/><G82/><T117/><D117/><U46/><E28/><V114/><F30/><W51/><G51/><RYUUKYOKU ba="0,1" sc="289,15,238,-15,240,-15,223,15" hai0="0,2,3,12,19,22,24,26,86,94,98,103,105" hai3="7,10,50,53,56,62,63,84,91,93,96,101,104" /><INIT seed="3,1,1,2,3,90" ten="304,223,225,238" oya="3" hai0="24,57,35,13,43,64,34,86,132,27,62,5,88" hai1="115,77,106,42,97,59,47,67,30,38,116,98,100" hai2="66,96,82,76,49,36,73,74,12,130,9,94,99" hai3="11,114,127,26,131,135,92,33,46,113,80,120,79"/><W112/><G120/><T134/><D43/><U39/><E115/><V83/><F36/><W40/><G131/><T1/><D1/><U0/><E116/><V78/><F130/><W7/><G135/><N who="0" m="51755" /><D5/><U109/><E109/><V25/><F66/><W55/><G55/><T75/><D75/><U2/><E38/><V10/><F25/><N who="0" m="9802" /><D13/><U122/><E30/><V41/><F99/><W123/><G127/><T117/><D117/><U54/><E67/><V65/><F65/><W28/><G123/><T50/><D50/><U85/><E122/><V22/><F22/><W128/><G128/><T53/><D53/><U105/><E97/><V108/><F108/><W126/><G126/><T19/><D19/><U63/><E105/><V107/><F107/><W14/><G92/><AGARI ba="1,1" hai="34,35,57,62,64,86,88,92" m="9802,51755" machi="92" ten="30,3900,0" yaku="20,1,52,1,54,1" doraHai="90" who="0" fromWho="3" sc="304,52,223,0,225,0,238,-42" /><INIT seed="4,0,0,4,1,63" ten="356,223,225,196" oya="0" hai0="117,16,102,7,48,44,75,91,64,76,127,108,130" hai1="118,104,98,4,85,132,57,50,66,58,24,36,114" hai2="41,106,110,84,89,124,11,126,115,9,53,69,120" hai3="61,97,135,86,79,59,62,35,51,72,26,17,49"/><T88/><D117/><U123/><E118/><V70/><F110/><W54/><G72/><T38/><D38/><U94/><E123/><V37/><F120/><W2/><G2/><T99/><D108/><U101/><E36/><V13/><F106/><W33/><G135/><T30/><D30/><U128/><E128/><V40/><F53/><W87/><G97/><T14/><D130/><U78/><E132/><V0/><F0/><W6/><G6/><T81/><D7/><U80/><E114/><V52/><F115/><W93/><G35/><T5/><D5/><U125/><E125/><N who="2" m="48235" /><F52/><N who="3" m="32143" /><G33/><T116/><D116/><U65/><E4/><N who="2" m="3239" /><F11/><W19/><G87/><T34/><D34/><U134/><E134/><V113/><F113/><W45/><G19/><T96/><D127/><U103/><E104/><V56/><F56/><N who="1" m="21609" /><E50/><V15/><F15/><W47/><G47/><T67/><D75/><U1/><E1/><V25/><F25/><W73/><G73/><T68/><D68/><N who="2" m="26218" /><F37/><W95/><G26/><T129/><D129/><U28/><E103/><V23/><F23/><AGARI ba="0,0" hai="23,24,28,65,66,78,80,85,94,98,101" m="21609" machi="23" ten="30,3900,0" yaku="8,1,52,2" doraHai="63" who="1" fromWho="2" sc="356,0,223,39,225,-39,196,0" /><INIT seed="5,0,0,4,3,2" ten="356,262,186,196" oya="1" hai0="86,12,52,76,130,104,102,39,74,22,19,58,99" hai1="66,84,112,48,101,135,90,51,62,126,24,45,78" hai2="106,49,88,113,3,109,123,72,79,69,73,71,6" hai3="91,34,129,128,11,114,121,16,46,13,80,26,1"/><U4/><E112/><V40/><F109/><W119/><G121/><T118/><D118/><U41/><E126/><V57/><F123/><W36/><G114/><T67/><D39/><U32/><E135/><V23/><F106/><W10/><G36/><T98/><D130/><N who="3" m="50281" /><G46/><T55/><D74/><U127/><E127/><V20/><F113/><W61/><G61/><N who="0" m="38327" /><D104/><U5/><E101/><V47/><F69/><W59/><G59/><T28/><D28/><U15/><E78/><V60/><F71/><W77/><G91/><T115/><D115/><U107/><E107/><V81/><F72/><N who="3" m="43047" /><G119/><T37/><D37/><U38/><E38/><V31/><F31/><N who="3" m="19831" /><G1/><T124/><D124/><U53/><E15/><V133/><F133/><W25/><G25/><T30/><D30/><U35/><E24/><V97/><F88/><W87/><G87/><T54/><D102/><U93/><E32/><V120/><F97/><W94/><G94/><T134/><D134/><U70/><REACH who="1" step="1"/><E35/><REACH who="1" ten="356,252,186,196" step="2"/><V17/><F120/><W8/><AGARI ba="0,1" hai="8,10,11,13,16" m="19831,43047,50281" machi="8" ten="30,2000,0" yaku="19,1,54,1" doraHai="2" who="3" fromWho="3" sc="356,-5,252,-10,186,-5,196,30" /><INIT seed="6,0,0,5,3,48" ten="351,242,181,226" oya="2" hai0="35,92,70,107,95,20,26,98,108,16,57,113,117" hai1="39,6,31,1,129,124,103,135,109,77,17,22,34" hai2="52,130,66,44,64,23,40,59,58,102,96,106,29" hai3="127,55,54,69,73,47,97,91,56,18,19,84,134"/><V50/><F130/><W87/><G73/><T114/><D108/><U63/><E39/><V65/><REACH who="2" step="1"/><F40/><REACH who="2" ten="351,242,171,226" step="2"/><W27/><G134/><T36/><D114/><U49/><E129/><V61/><F61/><W3/><G127/><T112/><D113/><U41/><E63/><V15/><F15/><W38/><G3/><T125/><D112/><U53/><E41/><V62/><F62/><W75/><G69/><T2/><D70/><U25/><E135/><V85/><F85/><W80/><G87/><T11/><D125/><U89/><E124/><V78/><F78/><W133/><G84/><T115/><D115/><U93/><E77/><V60/><F60/><W7/><G133/><T68/><D68/><U67/><E1/><V128/><F128/><W45/><G75/><T88/><D2/><U30/><E109/><V82/><F82/><W37/><G80/><T119/><D119/><U9/><E67/><V131/><F131/><W104/><G38/><T46/><D117/><U86/><E86/><V14/><F14/><W28/><G37/><T81/><D36/><U90/><E49/><V105/><F105/><W83/><G104/><T71/><D107/><U33/><E93/><V0/><F0/><W42/><G83/><T51/><D71/><U8/><E25/><AGARI ba="0,1" hai="23,25,29,44,50,52,58,59,64,65,66,96,102,106" machi="25" ten="40,12000,1" yaku="1,1,52,1,54,1,53,1" doraHai="48" doraHaiUra="101" who="2" fromWho="1" sc="351,0,242,-120,171,130,226,0" /><INIT seed="6,1,0,5,2,22" ten="351,122,301,226" oya="2" hai0="12,122,13,31,24,132,5,36,33,102,44,121,21" hai1="8,29,32,1,57,108,107,129,67,26,115,93,126" hai2="92,106,4,23,54,73,72,59,120,78,61,25,111" hai3="81,101,89,16,127,63,135,77,7,76,87,114,133"/><V41/><F120/><N who="0" m="46186" /><D44/><U71/><E107/><V109/><F106/><W10/><G127/><T55/><D55/><U18/><E126/><V124/><F124/><W119/><G119/><T46/><D46/><U17/><E108/><N who="2" m="41547" /><F41/><W118/><G118/><T128/><D36/><U100/><E115/><V48/><F4/><W74/><G114/><T82/><D82/><U79/><E129/><V66/><F92/><W47/><G47/><T49/><D49/><U117/><E117/><V2/><F2/><W60/><G101/><T40/><D102/><U113/><E113/><V45/><F78/><W42/><G42/><T85/><D85/><U110/><E110/><V98/><F98/><W34/><G34/><T130/><D40/><U39/><E79/><N who="3" m="30282" /><G16/><AGARI ba="1,0" hai="16,23,25,45,48,54,59,61,66,72,73" m="41547" machi="16" ten="30,5800,0" yaku="10,1,52,1,54,1" doraHai="22" who="2" fromWho="3" sc="351,0,122,0,301,61,226,-61" /><INIT seed="6,2,0,2,0,2" ten="351,122,362,165" oya="2" hai0="131,83,86,104,35,56,59,50,53,118,96,69,21" hai1="12,8,14,7,18,46,58,114,39,125,65,99,3" hai2="55,95,60,111,92,126,108,63,94,93,44,22,122" hai3="123,67,57,75,32,110,82,42,102,76,128,27,88"/><V134/><F122/><W16/><G110/><N who="2" m="42025" /><F134/><W24/><G123/><T120/><D69/><U0/><E114/><V121/><F121/><W133/><G102/><T106/><D35/><U81/><E125/><V127/><F22/><W115/><G133/><T37/><D120/><U1/><E81/><V38/><N who="2" m="23552" /><DORA hai="132" /><V15/><F15/><W19/><G128/><T78/><D37/><U10/><E99/><V6/><F6/><W105/><G105/><T33/><D33/><U113/><E113/><V68/><F55/><W103/><G103/><T11/><D118/><U5/><E18/><V31/><F31/><W71/><G32/><T17/><D131/><U47/><E39/><V41/><F68/><W9/><G71/><T79/><D96/><U74/><E74/><V73/><F73/><W51/><G19/><T36/><D36/><U119/><E119/><V4/><F4/><W13/><G115/><T87/><D11/><U30/><E30/><V97/><F97/><W52/><G67/><T48/><D106/><U49/><E65/><V91/><F91/><W26/><G88/><N who="0" m="51295" /><D104/><U109/><E109/><V62/><AGARI ba="2,0" hai="38,41,44,60,62,63,126,127" m="23552,42025" machi="62" ten="50,9600,0" yaku="10,1,52,2" doraHai="2,132" who="2" fromWho="2" sc="351,-34,122,-34,362,102,165,-34" /><INIT seed="6,3,0,0,4,35" ten="317,88,464,131" oya="2" hai0="11,134,114,28,51,2,5,93,82,106,10,69,133" hai1="127,84,135,53,97,38,0,88,92,58,96,17,27" hai2="46,108,132,85,120,21,123,3,55,131,117,112,104" hai3="43,41,15,124,118,29,33,48,47,78,86,20,31"/><V13/><F104/><W68/><G118/><T107/><D69/><U119/><E119/><V91/><F117/><W105/><G105/><T74/><D28/><N who="3" m="10825" /><G68/><T79/><D114/><U115/><E115/><V66/><F66/><W61/><G33/><T67/><D67/><U32/><E38/><V14/><F3/><W87/><G124/><T4/><D51/><U56/><E127/><V60/><F132/><N who="0" m="50794" /><D93/><U128/><E135/><V101/><F101/><W26/><G15/><AGARI ba="3,0" hai="2,4,5,10,11,15,74,79,82,106,107" m="50794" machi="15" ten="30,2000,0" yaku="20,1,52,1" doraHai="35" who="0" fromWho="3" sc="317,29,88,0,464,0,131,-29" /><INIT seed="7,0,0,0,5,86" ten="346,88,464,102" oya="3" hai0="79,117,122,21,82,89,75,133,134,35,28,126,23" hai1="70,121,64,17,103,60,12,72,101,29,54,85,107" hai2="34,105,62,132,104,6,52,51,8,97,128,33,5" hai3="131,22,50,66,0,102,43,113,135,80,2,63,99"/><W19/><G113/><T4/><D117/><U25/><E72/><V24/><F62/><W56/><G131/><T100/><D122/><U78/><E121/><V3/><F5/><W98/><G135/><T81/><D100/><U45/><E107/><V49/><F49/><W91/><G2/><T57/><D4/><U115/><E115/><V40/><F40/><W130/><G0/><T1/><D1/><U69/><E69/><V36/><F36/><W41/><G130/><T92/><D126/><U16/><E17/><V47/><F132/><W125/><G125/><T9/><D9/><U48/><E85/><V106/><F128/><W109/><G109/><T10/><D10/><U46/><E46/><V14/><F14/><N who="3" m="9591" /><G102/><T65/><D35/><U77/><E101/><V124/><F124/><W39/><G39/><T120/><D120/><U38/><E103/><V18/><F97/><N who="3" m="36875" /><G50/><T42/><D75/><U44/><E44/><V129/><F129/><W84/><AGARI ba="0,0" hai="41,43,56,63,66,80,84,91" m="36875,9591" machi="84" ten="30,3000,0" yaku="8,1,52,1" doraHai="86" who="3" fromWho="3" sc="346,-10,88,-10,464,-10,102,30" /><INIT seed="7,1,0,1,2,37" ten="336,78,454,132" oya="3" hai0="30,80,28,84,41,102,92,110,117,38,77,2,106" hai1="97,83,82,31,91,96,115,93,63,68,95,24,0" hai2="44,73,81,10,119,133,79,135,32,131,11,61,18" hai3="70,107,87,45,74,76,75,103,108,55,58,39,26"/><W112/><G70/><T90/><D110/><U134/><E115/><V29/><F119/><W25/><G112/><T14/><D117/><U1/><E134/><V127/><F127/><W22/><G26/><T27/><D2/><U69/><E1/><V118/><F118/><W47/><G87/><T71/><D71/><U4/><E0/><V111/><F131/><W57/><G57/><T126/><D126/><U56/><E4/><V125/><F111/><W65/><G65/><T100/><D14/><U20/><E68/><V123/><F29/><W36/><G36/><T15/><D15/><U43/><E43/><V86/><F32/><W54/><G76/><T6/><D6/><U13/><E13/><V46/><F123/><W98/><G55/><T35/><D28/><U21/><E21/><V85/><F73/><W40/><G47/><T64/><D64/><U66/><REACH who="1" step="1"/><E69/><REACH who="1" ten="336,68,454,132" step="2"/><V130/><F125/><W17/><G108/><T104/><D104/><U88/><AGARI ba="1,1" hai="20,24,31,56,63,66,82,83,88,91,93,95,96,97" machi="88" ten="20,12000,2" yaku="1,1,2,1,0,1,7,1,9,1,8,1,54,1,53,0" doraHai="37" doraHaiUra="116" who="1" fromWho="1" sc="336,-31,68,133,454,-31,132,-61" owari="305,10.5,201,-19.9,423,52.3,71,-42.9" /></mjloggm>