<mjloggm ver="2.3"><GO type="169" lobby="0"/><UN n0="%E3%80%90%E3%83%A1%E3%82%BF%E3%83%A9%E3%83%BC%E3%80%91" n1="%E8%A6%9A%E9%86%92%E3%81%97%E3%81%9F%E3%81%A8%E3%81%BE%E3%81%A8" n2="%E3%82%BF%E3%82%A4%E4%BA%BA%EF%BC%A0%E3%83%90%E3%83%B3%E3%82%B3%E3%82%AF" n3="%E3%82%88%E3%81%97%E3%81%A0%E3%81%84%E3%81%9F%E3%82%8B" dan="17,16,16,16" rate="2128.22,2128.71,2152.85,2158.09" sx="M,M,M,M"/><TAIKYOKU oya="0"/><INIT seed="0,0,0,1,2,55" ten="250,250,250,250" oya="0" hai0="109,83,16,31,105,70,91,82,39,99,21,37,121" hai1="14,46,57,102,71,115,23,35,77,51,122,126,47" hai2="63,130,0,60,81,33,89,100,103,120,62,104,101" hai3="67,13,118,112,42,40,65,22,64,52,97,58,24"/><T30/><D121/><U111/><E35/><V48/><F120/><W1/><G1/><T68/><D99/><U117/><E122/><V25/><F130/><W49/><G112/><T85/><D105/><U36/><E115/><V34/><F0/><W7/><G118/><T87/><D21/><U114/><E117/><V61/><F104/><W79/><G79/><T98/><D98/><U12/><E114/><V6/><F6/><W90/><G13/><T93/><D93/><U10/><E71/><V123/><F123/><W108/><G7/><T38/><D109/><U8/><E111/><V78/><F89/><W73/><G73/><T2/><D2/><U41/><E126/><V116/><F116/><W59/><G108/><T88/><D39/><U125/><E102/><V135/><F135/><W27/><G27/><T84/><D84/><U132/><E132/><V17/><N who="2" m="15360" /><DORA hai="29" /><V80/><F48/><W72/><G72/><T20/><D20/><U53/><E125/><V113/><F113/><W50/><G50/><T106/><D106/><U18/><E77/><V26/><F17/><AGARI ba="0,0" hai="16,17,30,31,37,38,68,70,82,83,85,87,88,91" machi="17" ten="25,9600,0" yaku="22,2,54,2" doraHai="55,29" who="0" fromWho="2" sc="250,96,250,0,250,-96,250,0" /><INIT seed="0,1,0,0,3,67" ten="346,250,154,250" oya="0" hai0="117,124,52,8,104,46,69,121,81,70,24,56,11" hai1="118,28,59,129,83,76,72,73,119,131,89,3,21" hai2="110,36,49,30,16,27,75,126,130,2,114,7,26" hai3="100,55,71,74,127,22,17,87,113,120,134,50,53"/><T63/><D117/><N who="1" m="44555" /><E3/><V96/><F114/><W80/><G113/><T58/><D121/><U18/><E59/><V15/><F36/><W48/><G120/><T60/><D104/><U115/><E28/><V90/><F75/><N who="1" m="28745" /><E21/><V135/><F135/><W102/><G134/><T98/><D124/><U82/><E18/><V101/><F110/><W38/><G74/><T88/><D46/><U1/><E1/><V79/><F130/><N who="1" m="49673" /><E115/><V116/><F2/><W47/><G127/><T106/><D24/><U65/><E65/><V9/><F126/><W95/><G38/><T86/><D11/><U14/><E14/><V44/><F116/><W37/><G37/><T125/><D8/><U35/><E35/><V66/><F66/><W128/><G128/><T20/><D20/><U19/><E19/><V133/><F133/><W33/><G33/><T54/><D125/><U97/><E76/><V108/><F79/><W4/><G17/><T10/><D10/><U93/><AGARI ba="1,0" hai="82,83,89,93,97" m="49673,28745,44555" machi="93" ten="40,5200,0" yaku="19,1,34,2" doraHai="67" who="1" fromWho="1" sc="346,-27,250,55,154,-14,250,-14" /><INIT seed="1,0,0,5,0,127" ten="319,305,140,236" oya="1" hai0="116,71,46,134,105,64,32,30,86,56,124,2,4" hai1="11,10,17,125,70,107,14,20,135,72,101,81,67" hai2="37,38,19,25,43,83,66,98,9,21,73,39,60" hai3="54,112,62,120,74,126,123,35,82,115,133,80,26"/><U77/><E125/><V93/><F73/><W3/><G3/><T91/><D116/><U130/><E135/><V28/><F83/><W90/><G26/><T75/><D75/><U84/><E72/><V24/><F43/><W118/><G35/><T51/><D105/><U97/><REACH who="1" step="1"/><E130/><REACH who="1" ten="319,295,140,236" step="2"/><V55/><F55/><W131/><G126/><T85/><D124/><U104/><E104/><V121/><F121/><W129/><G133/><T52/><D134/><U87/><E87/><V94/><F98/><W42/><G42/><T114/><D86/><U1/><E1/><V57/><REACH who="2" step="1"/><F9/><REACH who="2" ten="319,295,130,236" step="2"/><W40/><G40/><T63/><D52/><U58/><E58/><V33/><AGARI ba="0,2" hai="19,21,24,25,28,33,37,38,39,57,60,66,93,94" machi="33" ten="30,4000,0" yaku="1,1,2,1,0,1,53,0" doraHai="127" doraHaiUra="122" who="2" fromWho="2" sc="319,-10,295,-20,130,60,236,-10" /><INIT seed="2,0,0,1,3,55" ten="309,275,190,226" oya="2" hai0="33,66,0,99,72,127,61,80,111,62,28,24,30" hai1="32,108,96,88,133,118,83,94,52,34,64,82,121" hai2="37,42,93,48,6,44,110,128,106,76,81,31,9" hai3="1,95,90,100,91,18,27,102,15,13,65,114,78"/><V129/><F106/><W59/><G114/><T119/><D111/><U73/><E118/><V112/><F112/><W58/><G1/><T125/><D0/><U25/><E108/><V79/><F110/><W103/><G78/><N who="0" m="44103" /><D30/><U126/><E126/><N who="0" m="48137" /><D119/><U5/><E133/><V115/><F115/><W60/><G91/><T105/><D66/><U57/><E121/><V84/><F31/><W2/><G2/><T53/><D53/><U123/><E123/><V4/><F79/><W36/><G36/><T68/><D68/><U117/><E117/><V11/><F93/><W124/><G124/><T45/><D45/><U75/><E64/><V10/><REACH who="2" step="1"/><F37/><REACH who="2" ten="309,275,180,226" step="2"/><W131/><G95/><T3/><D105/><U86/><E83/><V19/><F19/><W85/><G18/><T89/><D3/><U107/><E107/><V50/><F50/><W26/><G60/><T113/><D113/><U56/><E5/><AGARI ba="0,1" hai="4,5,6,9,10,11,42,44,48,76,81,84,128,129" machi="5" ten="40,3900,0" yaku="1,1,53,1" doraHai="55" doraHaiUra="77" who="2" fromWho="1" sc="309,0,275,-39,180,49,226,0" /><INIT seed="2,1,0,1,3,1" ten="309,236,229,226" oya="2" hai0="9,0,116,12,51,23,60,121,33,22,91,42,82" hai1="104,13,122,99,70,7,69,16,37,52,101,35,119" hai2="84,124,130,14,132,61,34,27,11,95,108,17,129" hai3="111,73,110,100,36,85,71,57,109,24,114,87,66"/><V125/><F108/><W40/><G73/><T68/><D121/><U86/><E119/><V20/><F61/><N who="3" m="40399" /><G114/><T120/><D120/><U76/><E122/><V78/><F78/><W115/><G115/><T46/><D33/><U38/><E35/><V4/><F84/><W8/><G100/><T128/><D128/><N who="2" m="49258" /><F95/><W41/><G24/><T133/><D133/><U117/><E7/><V26/><F132/><W6/><G57/><T30/><D30/><AGARI ba="1,0" hai="4,11,14,17,20,26,27,30,34,124,125" m="49258" machi="30" ten="30,11600,0" yaku="19,1,34,2,52,1" doraHai="1" who="2" fromWho="0" sc="309,-119,236,0,229,119,226,0" /><INIT seed="2,2,0,2,1,105" ten="190,236,348,226" oya="2" hai0="119,68,12,13,1,125,133,90,84,53,18,48,31" hai1="94,20,104,131,29,30,134,14,86,98,16,0,135" hai2="57,51,52,81,132,33,127,78,26,35,88,124,73" hai3="80,42,27,25,58,34,75,70,93,37,54,4,77"/><V100/><F132/><N who="1" m="50729" /><E131/><V32/><F100/><W11/><G70/><T108/><D108/><U102/><E0/><V60/><F26/><W45/><G93/><T82/><D1/><U38/><E38/><V2/><F2/><N who="3" m="407" /><G34/><T66/><D125/><U103/><E103/><V85/><REACH who="2" step="1"/><F51/><AGARI ba="2,0" hai="25,27,37,42,45,51,54,58,75,77,80" m="407" machi="51" ten="30,2000,0" yaku="25,1,52,1" doraHai="105" who="3" fromWho="2" sc="190,0,236,0,348,-26,226,26" /><INIT seed="3,0,0,5,4,56" ten="190,236,322,252" oya="3" hai0="3,122,0,63,35,42,24,73,85,10,83,20,77" hai1="1,37,28,110,52,58,29,66,98,72,71,43,5" hai2="97,127,22,128,96,12,18,78,94,31,59,116,60" hai3="79,47,33,32,101,67,108,106,36,112,82,13,40"/><W133/><G112/><T125/><D122/><U119/><E72/><V30/><F116/><W27/><G133/><T8/><D125/><U89/><E119/><V124/><F128/><W4/><G108/><T62/><D35/><U21/><E110/><V80/><F97/><W111/><G111/><T130/><D130/><U69/><E21/><V90/><F127/><W15/><G15/><T104/><D104/><U64/><E5/><V132/><F132/><W121/><G121/><T92/><D42/><U25/><E1/><V55/><REACH who="2" step="1"/><F124/><REACH who="2" ten="190,236,312,252" step="2"/><W23/><G106/><T120/><D120/><U51/><E98/><V84/><AGARI ba="0,1" hai="12,18,22,30,31,55,59,60,78,80,84,90,94,96" machi="84" ten="20,12000,2" yaku="1,1,2,1,0,1,7,1,8,1,52,1,53,1" doraHai="56" doraHaiUra="49" who="2" fromWho="2" sc="190,-30,236,-30,312,130,252,-60" /><INIT seed="4,0,0,5,2,53" ten="160,206,442,192" oya="0" hai0="44,93,61,10,91,34,19,101,133,95,83,9,40" hai1="108,67,47,0,52,127,89,128,41,92,24,68,124" hai2="120,17,15,56,98,3,39,115,16,63,28,59,106" hai3="51,116,97,84,32,69,11,121,105,18,6,90,86"/><T102/><D34/><U129/><E108/><V126/><F120/><W134/><G116/><T48/><D133/><U29/><E0/><V94/><F39/><W77/><G69/><T26/><D83/><U38/><E67/><V81/><F3/><W25/><G134/><T22/><D61/><U31/><E68/><V130/><F106/><W12/><G121/><T79/><D79/><U43/><E41/><V62/><F115/><W119/><G119/><T58/><D58/><N who="2" m="22058" /><F28/><N who="1" m="10825" /><E52/><V109/><F109/><W110/><G32/><T111/><D111/><U118/><E118/><V2/><F2/><W100/><G110/><T7/><D95/><U30/><N who="1" m="10833" /><U49/><DORA hai="20" /><E24/><V71/><F71/><W114/><G114/><T4/><D4/><U1/><E38/><V54/><F54/><W37/><G37/><T80/><D80/><U117/><E1/><V87/><F130/><N who="1" m="50281" /><E117/><V82/><F126/><W78/><G25/><T122/><D122/><U70/><E70/><V123/><F123/><W8/><G51/><T104/><D104/><U112/><E112/><V96/><F82/><W35/><G35/><T66/><D66/><U13/><E13/><V46/><F15/><W21/><G105/><T125/><D125/><U76/><E127/><V27/><F27/><W88/><G12/><N who="0" m="5183" /><D10/><U45/><E124/><V14/><F81/><W23/><G11/><T107/><D107/><U132/><E132/><V75/><F63/><W50/><G8/><T42/><D42/><U73/><E73/><V85/><F75/><W60/><G60/><T72/><D72/><U74/><E74/><RYUUKYOKU ba="0,0" sc="160,30,206,-10,442,-10,192,-10" hai0="19,22,26,40,44,48,91,93,101,102" /><INIT seed="4,1,0,4,1,122" ten="190,196,432,182" oya="0" hai0="10,37,16,21,12,68,11,31,127,102,29,104,97" hai1="130,34,81,90,22,40,26,56,63,110,94,117,14" hai2="1,54,2,100,73,35,99,74,85,32,49,62,123" hai3="5,65,25,18,126,19,79,103,114,44,20,83,3"/><T91/><D37/><U133/><E117/><V64/><F123/><W129/><G129/><T57/><D68/><U128/><E133/><V124/><F124/><W86/><G126/><T76/><D127/><U59/><E110/><V61/><F85/><W120/><G120/><T36/><D36/><U33/><E40/><V39/><F39/><W134/><G114/><T9/><D76/><U38/><E38/><V17/><F17/><W0/><G134/><T112/><D112/><U82/><E14/><V69/><F49/><W115/><G115/><T70/><D70/><U98/><E130/><V48/><F48/><W135/><G135/><T42/><D42/><U125/><E125/><V77/><F54/><W13/><G5/><T7/><D7/><U93/><E128/><V78/><F69/><W119/><G119/><T116/><D116/><U101/><E34/><V95/><F95/><W88/><G103/><T51/><REACH who="0" step="1"/><D91/><REACH who="0" ten="180,196,432,182" step="2"/><U15/><E90/><V47/><F78/><W66/><G79/><T4/><D4/><U71/><E71/><V28/><F77/><W131/><G131/><T67/><D67/><U24/><E101/><V52/><F64/><W23/><G66/><T87/><D87/><U108/><E98/><V46/><F99/><W89/><G65/><T55/><AGARI ba="1,1" hai="9,10,11,12,16,21,29,31,51,55,57,97,102,104" machi="55" ten="30,6000,0" yaku="1,1,0,1,54,1,53,0" doraHai="122" doraHaiUra="121" who="0" fromWho="0" sc="180,73,196,-21,432,-21,182,-21" /><INIT seed="4,2,0,0,0,22" ten="253,175,411,161" oya="0" hai0="66,89,131,77,93,81,58,49,87,16,67,12,31" hai1="29,8,120,121,75,63,59,14,62,110,132,133,126" hai2="17,43,123,40,21,74,68,96,69,7,10,107,129" hai3="102,27,18,79,78,41,64,11,84,65,125,92,54"/><T50/><D131/><U91/><E110/><V117/><F74/><W47/><G125/><T128/><D128/><U9/><E126/><V20/><F123/><N who="1" m="47177" /><E75/><V70/><F21/><W57/><G41/><T25/><D50/><U116/><E116/><V122/><F122/><W106/><G47/><T124/><D124/><U97/><E29/><V115/><F115/><W51/><G106/><T85/><D49/><U15/><E91/><V134/><F134/><N who="1" m="51817" /><E97/><V3/><F117/><W32/><G32/><T28/><D58/><U24/><E24/><V34/><F34/><W19/><G78/><T30/><REACH who="0" step="1"/><D25/><REACH who="0" ten="243,175,411,161" step="2"/><U99/><E59/><V95/><F129/><W33/><G27/><T48/><D48/><U76/><E63/><V36/><F70/><W109/><G51/><T46/><D46/><U88/><E62/><V37/><F69/><W55/><G57/><T71/><D71/><U26/><E26/><V53/><F68/><W90/><G33/><T108/><D108/><U98/><E15/><V119/><F119/><W101/><G109/><T86/><D86/><U5/><E99/><V82/><F96/><W83/><G84/><T105/><D105/><U1/><E98/><V72/><F107/><W114/><G114/><T100/><D100/><U13/><E13/><V45/><F45/><W52/><G102/><T112/><D112/><U104/><E104/><V61/><F61/><W38/><G101/><T118/><D118/><U135/><E135/><V4/><F72/><W130/><G130/><T0/><D0/><U56/><E56/><V6/><F3/><W2/><G2/><RYUUKYOKU ba="2,1" sc="243,30,175,-10,411,-10,161,-10" hai0="12,16,28,30,31,66,67,77,81,85,87,89,93" /><INIT seed="4,3,1,2,3,51" ten="273,165,401,151" oya="0" hai0="132,76,83,107,88,44,75,1,19,116,62,11,28" hai1="56,52,125,114,54,119,77,23,58,40,63,74,4" hai2="53,112,20,108,0,25,14,100,41,86,26,72,68" hai3="126,105,13,67,64,36,43,18,129,65,39,113,134"/><T50/><D116/><U70/><E119/><V7/><F108/><W60/><G105/><T47/><D132/><U27/><E125/><V22/><F72/><W71/><G126/><T31/><D107/><U3/><E114/><V24/><F68/><W55/><G113/><T34/><D34/><U106/><E106/><V117/><F100/><W98/><G98/><T121/><D121/><U122/><E122/><V103/><F103/><W104/><G104/><T12/><D62/><U61/><E70/><V2/><F41/><W79/><G79/><T45/><D1/><U38/><E40/><V92/><F92/><W97/><G97/><T96/><REACH who="0" step="1"/><D50/><REACH who="0" ten="263,165,401,151" step="2"/><U42/><E38/><V32/><F2/><W93/><G39/><T109/><D109/><U128/><E128/><V37/><F0/><W8/><G129/><T9/><D9/><U6/><E3/><V118/><F32/><W130/><G130/><T66/><D66/><U15/><E63/><V57/><F37/><W21/><G134/><T29/><D29/><U89/><E61/><N who="2" m="36015" /><F112/><W102/><G8/><T80/><D80/><U59/><E23/><V10/><F118/><W124/><G124/><T115/><D115/><U46/><E4/><V135/><F117/><W73/><G71/><T16/><D16/><U131/><E6/><V48/><F48/><W69/><G69/><T84/><D84/><U81/><E131/><V33/><F135/><W85/><G85/><T49/><D49/><U5/><E81/><V90/><F33/><W110/><G110/><T94/><AGARI ba="3,2" hai="11,12,19,28,31,44,45,47,75,76,83,88,94,96" machi="94" ten="30,6000,0" yaku="1,1,0,1,54,1,53,0" doraHai="51" doraHaiUra="82" who="0" fromWho="0" sc="263,89,165,-23,401,-23,151,-23" /><INIT seed="4,4,0,1,0,45" ten="352,142,378,128" oya="0" hai0="125,29,34,12,36,83,55,21,56,27,115,59,123" hai1="1,80,104,9,47,87,86,67,63,133,17,73,6" hai2="19,112,57,71,79,84,39,93,107,37,40,100,65" hai3="8,85,108,76,94,102,89,68,24,124,48,129,81"/><T22/><D123/><U130/><E133/><V92/><F112/><W5/><G108/><T0/><D115/><U42/><E130/><V41/><F71/><W114/><G124/><T61/><D36/><U51/><E104/><V127/><F107/><W2/><G129/><T78/><D0/><U4/><E4/><V10/><F127/><W95/><G114/><T99/><D125/><U25/><E73/><V16/><F100/><W14/><G68/><T60/><D99/><U121/><E121/><V111/><F111/><W101/><G95/><N who="2" m="36425" /><F39/><W90/><G90/><T35/><D12/><U110/><E110/><V7/><F37/><W15/><G24/><T109/><D109/><U128/><E128/><V119/><F7/><W75/><G14/><T18/><D22/><U23/><REACH who="1" step="1"/><E80/><REACH who="1" ten="352,132,378,128" step="2"/><N who="2" m="47135" /><F119/><W103/><G2/><T82/><D82/><U38/><E38/><V74/><F74/><W117/><G117/><T105/><D105/><U131/><E131/><V126/><F126/><W33/><G33/><T77/><D83/><U28/><E28/><V88/><F19/><W50/><AGARI ba="4,1" hai="5,8,15,48,50,75,76,81,85,89,94,101,102,103" machi="50" ten="30,4000,0" yaku="0,1,52,2" doraHai="45" who="3" fromWho="3" sc="352,-24,132,-14,378,-14,128,62" /><INIT seed="5,0,0,0,3,96" ten="328,118,364,190" oya="1" hai0="84,65,98,39,35,114,12,71,21,128,111,47,124" hai1="125,126,36,62,56,14,119,97,33,73,67,86,42" hai2="34,131,99,120,88,83,130,75,52,20,31,53,79" hai3="122,85,40,3,17,132,109,24,134,127,135,77,121"/><U15/><E73/><V11/><F34/><W23/><G40/><T108/><D35/><U26/><E119/><V64/><F64/><W16/><G77/><T25/><D114/><U38/><E86/><V81/><F11/><W63/><G63/><T92/><D124/><N who="1" m="47723" /><E97/><V103/><F120/><N who="3" m="46187" /><G127/><T106/><D128/><N who="2" m="49194" /><F20/><N who="3" m="13319" /><G85/><T59/><D84/><U61/><E61/><V0/><F31/><W94/><G94/><T29/><D106/><U1/><E1/><V129/><F0/><W46/><G46/><T72/><D47/><N who="1" m="24007" /><E38/><V90/><F81/><W6/><G109/><T87/><D39/><U7/><E7/><V70/><F70/><W76/><G76/><T27/><D71/><U107/><E107/><N who="2" m="63999" /><F129/><W37/><G37/><T105/><D105/><U93/><E93/><V113/><F113/><W55/><G55/><AGARI ba="0,0" hai="52,53,55,75,79,83,88,90" m="63999,49194" machi="55" ten="30,7700,0" yaku="19,1,52,1,54,2" doraHai="96" who="2" fromWho="3" sc="328,0,118,0,364,77,190,-77" /><INIT seed="6,0,0,3,1,134" ten="328,118,441,113" oya="2" hai0="116,48,93,18,125,14,112,122,61,104,29,80,66" hai1="17,129,100,117,11,4,90,41,74,92,26,20,78" hai2="135,36,85,120,124,52,71,38,110,96,23,65,54" hai3="119,43,60,69,113,30,21,45,87,40,37,46,12"/><V32/><F120/><W84/><G119/><T58/><D122/><U19/><E117/><V35/><F135/><W3/><G3/><T109/><D104/><U13/><E129/><V0/><F0/><W28/><G113/><T81/><D109/><U114/><E114/><V130/><F130/><W64/><G28/><T72/><D112/><U70/><E70/><V49/><F96/><W77/><G77/><T101/><D29/><U115/><E115/><V89/><F110/><W95/><G95/><T62/><D48/><U75/><E78/><V51/><F23/><W68/><G68/><T5/><D5/><U44/><E100/><V2/><F2/><W25/><REACH who="3" step="1"/><G12/><REACH who="3" ten="328,118,441,103" step="2"/><T82/><D93/><U132/><E132/><V34/><F71/><W47/><G47/><T22/><D14/><U111/><E111/><V76/><F76/><W88/><G88/><T133/><D133/><U108/><E108/><V105/><F89/><W56/><G56/><T63/><D58/><U131/><E131/><V126/><F105/><W16/><G16/><T1/><D18/><U123/><E123/><V27/><F27/><W55/><G55/><N who="2" m="21033" /><F85/><W128/><G128/><T24/><D24/><U91/><E90/><V94/><F94/><W106/><G106/><T97/><D1/><U79/><E79/><V127/><F65/><W118/><G118/><T102/><D66/><U33/><E19/><V8/><F8/><W98/><G98/><T57/><D97/><N who="1" m="57503" /><E33/><V50/><AGARI ba="0,1" hai="32,34,35,36,38,49,50,51,124,126,127" m="21033" machi="50" ten="50,24000,3" yaku="29,2,28,2,18,1,52,3,54,1" doraHai="134" who="2" fromWho="2" sc="328,-80,118,-80,441,250,103,-80" /><INIT seed="6,1,0,5,1,124" ten="248,38,691,23" oya="2" hai0="104,35,89,106,129,90,67,130,32,135,110,80,113" hai1="96,49,31,48,91,37,122,87,66,51,65,78,107" hai2="50,75,105,103,118,114,98,13,63,18,85,56,102" hai3="47,23,8,93,21,10,100,79,38,43,99,83,112"/><V127/><F75/><W14/><G112/><T59/><D110/><U92/><E122/><V52/><F114/><W81/><G81/><T42/><D42/><U2/><E37/><V29/><F127/><W61/><G61/><N who="0" m="38335" /><D113/><U108/><E108/><V132/><F132/><W94/><G94/><T9/><D9/><U116/><E116/><V84/><F102/><W68/><G8/><T1/><D1/><U0/><E2/><V58/><F29/><W40/><G43/><T95/><D80/><N who="1" m="47511" /><E0/><V71/><F71/><W64/><G64/><N who="1" m="24682" /><E107/><N who="0" m="41001" /><D135/><U46/><E31/><V62/><F118/><W54/><G68/><T22/><D22/><U27/><E27/><V109/><F109/><W70/><G70/><T11/><D11/><U12/><E12/><V72/><F72/><W128/><G54/><AGARI ba="1,0" hai="46,48,49,51,54,91,92,96" m="24682,47511" machi="54" ten="30,1000,0" yaku="8,1" doraHai="124" who="1" fromWho="3" sc="248,0,38,13,691,0,23,-13" /><INIT seed="7,0,0,3,2,11" ten="248,51,691,10" oya="3" hai0="36,0,83,73,126,69,40,131,134,85,101,32,51" hai1="7,65,102,80,35,43,122,5,9,119,28,47,50" hai2="124,96,54,105,109,98,120,12,123,115,88,90,127" hai3="3,99,74,30,114,89,84,22,62,26,48,63,33"/><W44/><G114/><T110/><RYUUKYOKU type="yao9" ba="0,0" sc="248,0,51,0,691,0,10,0" hai0="0,32,36,40,51,69,73,83,85,101,110,126,131,134" /><INIT seed="7,1,0,3,0,13" ten="248,51,691,10" oya="3" hai0="124,38,85,2,6,33,15,27,96,20,55,22,17" hai1="66,77,114,127,54,131,110,28,130,134,132,5,58" hai2="101,21,4,94,115,65,90,64,111,41,62,1,113" hai3="10,43,81,39,11,40,76,63,87,25,36,99,125"/><W135/><G135/><N who="1" m="51754" /><E110/><V0/><F111/><W84/><G125/><T44/><D124/><U19/><E127/><V74/><F74/><W69/><G99/><T103/><D85/><U32/><E114/><N who="2" m="43531" /><F101/><W80/><G25/><T51/><D38/><U133/><E133/><V48/><F4/><W89/><G69/><T24/><D33/><U53/><E77/><V14/><F48/><W118/><G118/><T3/><D27/><N who="1" m="18463" /><E19/><N who="2" m="10487" /><F41/><W8/><REACH who="3" step="1"/><G63/><REACH who="3" ten="248,51,691,0" step="2"/><T59/><D24/><U92/><E131/><V91/><F64/><W18/><G18/><T37/><D96/><U67/><E130/><V121/><F121/><W47/><G47/><T120/><D17/><U23/><E5/><V57/><F91/><W46/><G46/><T29/><D6/><U82/><E58/><V107/><F107/><W83/><G83/><T42/><D59/><U71/><E82/><V16/><F16/><W98/><G98/><AGARI ba="1,1" hai="0,1,57,62,65,90,94,98" m="10487,43531" machi="98" ten="30,2000,0" yaku="15,1,52,1" doraHai="13" who="2" fromWho="3" sc="248,0,51,0,691,33,0,-23" owari="248,4.8,51,-34.9,724,82.4,-23,-52.3" /></mjloggm>