<mjloggm ver="2.3"><GO type="169" lobby="0"/><UN n0="%E3%81%B1%E3%81%B4%E3%81%B7%E3%81%BA%E3%81%BA" n1="%E3%83%95%E3%83%AB%E3%82%BC%E3%83%B3%E3%83%84%E3%81%8F%E3%82%93" n2="%E8%B5%A4%E6%AF%9B%E3%81%AE%E3%82%AD%E3%83%A7%E3%83%B3" n3="%E3%81%A5%E3%81%8B%E5%AD%90" dan="16,16,18,16" rate="2139.85,2186.01,2303.19,2139.94" sx="M,F,M,M"/><TAIKYOKU oya="0"/><INIT seed="0,0,0,5,5,90" ten="250,250,250,250" oya="0" hai0="47,113,65,76,35,0,122,117,64,31,33,54,129" hai1="25,11,24,135,104,102,58,84,75,18,49,14,95" hai2="80,112,69,27,115,103,88,85,67,106,100,110,131" hai3="93,74,55,8,1,124,77,37,10,120,42,20,17"/><T96/><D113/><U30/><E75/><V101/><F69/><W43/><G124/><T26/><D117/><U50/><E135/><V99/><F67/><W82/><G120/><T72/><D122/><U119/><E119/><V123/><F123/><W63/><G55/><T3/><D129/><U92/><E24/><V23/><F131/><W41/><G63/><T2/><D35/><U44/><E104/><V16/><REACH who="2" step="1"/><F110/><REACH who="2" ten="250,250,240,250" step="2"/><W116/><G116/><T66/><D72/><U57/><E57/><V46/><F46/><W22/><G74/><T109/><D109/><U59/><E58/><V132/><F132/><W38/><G38/><T107/><D47/><U134/><E59/><V89/><F89/><W13/><G37/><T114/><D114/><AGARI ba="0,1" hai="16,23,27,80,85,88,99,100,101,103,106,112,114,115" machi="114" ten="40,5200,0" yaku="1,1,54,2,53,0" doraHai="90" doraHaiUra="32" who="2" fromWho="0" sc="250,-52,250,0,240,62,250,0" /><INIT seed="1,0,0,0,0,83" ten="198,250,302,250" oya="1" hai0="40,81,31,92,129,79,19,8,102,72,54,57,30" hai1="41,3,69,63,12,122,85,84,7,97,1,47,64" hai2="9,70,125,37,80,44,61,58,42,67,117,23,49" hai3="15,14,132,108,86,119,20,107,43,88,62,73,10"/><U105/><E122/><V110/><F117/><W78/><G107/><T27/><D129/><U24/><E24/><V77/><F110/><W116/><G108/><T127/><D127/><U52/><E12/><V34/><F34/><W2/><G132/><T133/><D133/><U93/><E105/><V87/><F125/><W134/><G134/><T131/><D131/><U4/><E1/><V28/><F9/><W39/><G78/><T36/><D40/><U55/><E3/><V128/><F128/><W13/><G73/><T103/><D36/><U101/><E55/><N who="2" m="32111" /><F23/><W56/><G39/><T26/><D92/><U33/><E33/><V89/><F28/><W115/><G43/><T114/><D114/><U71/><E69/><V65/><F65/><W32/><G32/><T51/><D27/><U25/><E25/><V113/><F77/><W96/><G96/><T17/><D30/><U5/><REACH who="1" step="1"/><E52/><REACH who="1" ten="198,240,302,250" step="2"/><V74/><F113/><W109/><G115/><T121/><D121/><U50/><AGARI ba="0,1" hai="4,5,7,41,47,50,63,64,71,84,85,93,97,101" machi="50" ten="30,12000,1" yaku="1,1,2,1,0,1,52,2,53,0" doraHai="83" doraHaiUra="16" who="1" fromWho="1" sc="198,-40,240,130,302,-40,250,-40" /><INIT seed="1,1,0,1,0,73" ten="158,370,262,210" oya="1" hai0="75,84,106,126,18,132,13,94,98,109,95,124,91" hai1="111,3,0,74,100,11,60,129,125,46,120,44,121" hai2="20,81,50,93,70,64,5,123,15,102,40,115,79" hai3="33,104,19,82,36,41,29,7,51,54,45,90,114"/><U117/><E117/><V56/><F123/><W133/><G114/><T99/><D18/><U49/><E125/><V78/><F115/><W39/><G104/><T96/><D13/><U65/><E129/><V85/><F70/><W77/><G133/><T47/><D47/><U53/><E111/><V61/><F102/><W12/><G7/><T23/><D23/><U89/><E74/><V30/><F93/><W58/><G90/><N who="0" m="53575" /><D109/><U134/><E134/><V59/><F30/><W103/><G103/><N who="0" m="62823" /><D75/><U105/><E46/><N who="2" m="25927" /><F56/><W127/><G127/><N who="0" m="48683" /><D132/><U57/><E0/><V25/><F25/><W16/><G39/><T6/><D6/><U31/><E31/><V107/><F107/><W4/><G4/><T48/><D48/><U24/><E24/><V119/><F119/><W69/><G69/><T28/><D28/><U122/><E3/><V101/><F20/><W17/><G29/><T72/><D72/><U110/><E110/><V135/><F135/><W67/><G67/><T34/><D34/><U37/><E37/><V118/><F118/><W55/><G33/><T22/><D22/><U27/><E27/><V76/><F101/><W80/><G36/><T52/><D52/><U108/><E108/><V92/><F92/><W14/><G41/><T130/><D130/><U88/><E11/><AGARI ba="1,0" hai="5,11,15,59,61,64,76,78,79,81,85" m="25927" machi="11" ten="30,8000,1" yaku="25,1,8,1,52,3" doraHai="73" who="2" fromWho="1" sc="158,0,370,-83,262,83,210,0" /><INIT seed="2,0,0,0,5,75" ten="158,287,345,210" oya="2" hai0="124,131,6,91,74,69,33,53,92,54,61,64,99" hai1="11,26,37,14,84,36,49,59,30,52,111,47,135" hai2="110,134,19,65,48,102,96,9,90,93,101,67,81" hai3="42,22,12,89,15,100,25,78,56,127,123,27,108"/><V24/><F134/><W4/><G123/><T31/><D131/><U10/><E111/><V118/><F118/><W41/><G100/><T125/><D6/><U32/><E135/><V66/><F110/><W29/><G127/><T13/><D13/><U7/><E84/><V34/><F34/><W17/><G108/><T2/><D2/><U40/><REACH who="1" step="1"/><E11/><REACH who="1" ten="158,277,345,210" step="2"/><V98/><F9/><W28/><G42/><T97/><D74/><U104/><E104/><V106/><F98/><W119/><G41/><T133/><D133/><U39/><AGARI ba="0,1" hai="7,10,14,26,30,32,36,37,39,40,47,49,52,59" machi="39" ten="20,5200,0" yaku="1,1,0,1,7,1,54,1,53,0" doraHai="75" doraHaiUra="114" who="1" fromWho="1" sc="158,-13,277,62,345,-26,210,-13" /><INIT seed="3,0,0,5,5,114" ten="145,339,319,197" oya="3" hai0="126,117,59,129,58,123,25,81,35,99,103,70,77" hai1="86,5,47,116,128,130,83,78,85,30,40,17,67" hai2="108,21,60,32,76,104,33,84,0,44,18,52,54" hai3="131,14,37,61,135,55,34,121,96,57,36,65,3"/><W1/><G121/><T23/><D123/><U93/><E30/><V97/><F0/><W106/><G34/><T19/><D129/><N who="1" m="49771" /><E5/><V107/><F108/><W122/><G122/><T98/><D126/><U26/><E67/><V45/><F76/><W73/><G131/><T31/><D70/><U46/><E116/><V113/><F113/><W43/><G73/><T69/><D69/><U132/><E132/><V4/><F4/><W16/><G135/><T11/><D11/><U115/><E115/><V125/><F84/><W63/><G96/><T102/><D117/><U74/><E93/><V12/><F125/><W28/><G28/><T88/><D59/><U13/><E26/><V51/><F60/><W39/><G106/><T9/><D58/><U48/><E47/><V79/><F79/><W101/><G101/><T105/><D9/><AGARI ba="0,0" hai="9,13,17,40,46,48,74,78,83,85,86" m="49771" machi="9" ten="30,1000,0" yaku="19,1" doraHai="114" who="1" fromWho="0" sc="145,-10,339,10,319,0,197,0" /><INIT seed="4,0,0,2,3,133" ten="135,349,319,197" oya="0" hai0="28,114,107,26,104,59,84,122,44,96,124,35,33" hai1="76,2,95,106,48,90,82,9,94,65,77,21,91" hai2="123,43,41,110,135,14,7,97,47,92,116,80,17" hai3="45,13,34,67,117,98,53,88,103,50,127,83,120"/><T60/><D122/><U93/><E106/><V51/><F110/><W46/><G117/><T69/><D114/><U70/><E21/><V39/><F123/><W62/><G120/><T40/><D35/><U87/><E65/><V56/><F135/><W72/><G34/><T130/><D130/><U125/><E70/><V42/><F116/><W12/><G46/><T25/><D25/><U3/><E3/><V129/><F129/><W6/><G6/><T128/><D69/><U99/><E48/><V5/><F80/><W54/><G54/><T36/><D128/><U71/><E9/><N who="2" m="6351" /><F56/><W74/><G74/><T111/><D111/><U78/><E2/><V61/><F61/><W0/><G0/><T63/><D60/><U115/><E71/><V37/><F37/><W11/><G12/><T113/><D113/><U20/><E20/><V16/><F16/><N who="3" m="8255" /><G72/><T19/><D19/><U108/><E108/><V66/><F66/><W75/><G75/><T118/><D118/><U38/><E38/><V89/><F39/><W27/><G27/><T131/><D131/><U73/><E115/><V81/><F5/><W18/><G18/><T24/><D24/><U100/><E125/><V132/><F7/><W101/><G127/><T102/><D124/><U121/><E121/><V30/><F132/><W31/><G31/><T8/><D8/><U29/><E29/><V4/><F4/><W86/><G98/><AGARI ba="0,0" hai="73,76,77,78,82,87,90,91,93,94,95,98,99,100" machi="98" ten="30,12000,2" yaku="7,1,35,6" doraHai="133" who="1" fromWho="3" sc="135,0,349,120,319,0,197,-120" /><INIT seed="5,0,0,1,4,3" ten="135,469,319,77" oya="1" hai0="17,5,60,93,0,52,79,106,41,95,54,48,101" hai1="67,14,102,86,35,114,6,94,33,46,132,30,59" hai2="74,115,29,111,76,129,119,122,103,15,96,55,62" hai3="63,109,7,50,126,75,90,32,98,72,21,89,57"/><U11/><E114/><V80/><F119/><W128/><G32/><T121/><D106/><U73/><E73/><V84/><F122/><W116/><G109/><T47/><D121/><U36/><E132/><V18/><F111/><W22/><G126/><T125/><D125/><U25/><E36/><V26/><F129/><W34/><G34/><T31/><D31/><U64/><E35/><V49/><F62/><W91/><G116/><T40/><D0/><U37/><E59/><V68/><F68/><W4/><G128/><T13/><D79/><U12/><E86/><V10/><F115/><W39/><G39/><T71/><D5/><N who="3" m="2121" /><G72/><T107/><D107/><U16/><E46/><V127/><F127/><W99/><G50/><N who="0" m="28767" /><D60/><U53/><E53/><V85/><F55/><N who="3" m="34239" /><G75/><T56/><D71/><U19/><E37/><V27/><F49/><W82/><G82/><T51/><D101/><U124/><E124/><V28/><F103/><W131/><G131/><T97/><D97/><AGARI ba="0,0" hai="21,22,89,90,91,97,98,99" m="34239,2121" machi="97" ten="30,7700,0" yaku="8,1,52,3" doraHai="3" who="3" fromWho="0" sc="135,-77,469,0,319,0,77,77" /><INIT seed="6,0,0,5,5,128" ten="58,469,319,154" oya="2" hai0="67,88,2,90,51,81,77,54,22,106,72,46,135" hai1="27,43,123,32,131,108,69,102,75,100,107,104,13" hai2="117,1,112,40,74,64,49,59,18,42,58,85,26" hai3="84,20,93,97,12,36,116,71,25,109,63,83,65"/><V7/><F74/><W28/><G116/><T53/><D106/><U94/><E13/><V61/><F117/><W78/><G36/><T122/><D122/><U34/><E108/><V95/><F112/><W87/><G109/><T68/><D2/><U79/><E94/><V89/><F1/><W103/><REACH who="3" step="1"/><G12/><REACH who="3" ten="58,469,319,144" step="2"/><T66/><D135/><U6/><E6/><V70/><F7/><W14/><G14/><T113/><D113/><U73/><E100/><V15/><F26/><W35/><G35/><T47/><D22/><U76/><E43/><V119/><F119/><W41/><G41/><T56/><D68/><U96/><E96/><V24/><F24/><W62/><G62/><T4/><D4/><U23/><E79/><V134/><F134/><W48/><G48/><T52/><D47/><U17/><E17/><V29/><F29/><W129/><G129/><T120/><D120/><U118/><E104/><V5/><F5/><W114/><G114/><T33/><D33/><U101/><E75/><AGARI ba="0,1" hai="20,25,28,63,65,71,75,78,83,84,87,93,97,103" machi="75" ten="30,2000,0" yaku="1,1,7,1,53,0" doraHai="128" doraHaiUra="39" who="3" fromWho="1" sc="58,0,469,-20,319,0,144,30" /><INIT seed="7,0,0,5,0,79" ten="58,449,319,174" oya="3" hai0="58,129,44,83,111,26,68,59,132,69,70,51,117" hai1="63,88,126,46,18,11,20,28,30,21,84,112,12" hai2="50,123,102,92,5,82,6,103,115,113,34,49,53" hai3="105,27,32,93,25,72,85,122,33,55,128,47,31"/><W71/><G122/><T60/><D26/><U90/><E112/><N who="2" m="43083" /><F123/><W45/><G72/><T23/><D23/><N who="1" m="8779" /><E126/><V13/><F34/><W97/><G71/><N who="0" m="27211" /><D83/><N who="1" m="49183" /><E63/><V104/><F104/><W91/><G25/><T54/><D111/><U19/><E46/><N who="2" m="27831" /><F82/><W62/><G31/><N who="1" m="11818" /><E90/><V67/><F67/><W35/><G85/><T9/><D9/><U14/><E14/><V61/><F5/><AGARI ba="0,0" hai="5,11,12,18,19" m="11818,49183,8779" machi="5" ten="30,3900,0" yaku="8,1,52,1,54,1" doraHai="79" who="1" fromWho="2" sc="58,0,449,39,319,-39,174,0" owari="58,-44.2,488,58.8,280,8.0,174,-22.6" /></mjloggm>