<mjloggm ver="2.3"><GO type="169" lobby="0"/><UN n0="%4F%4D%41%4E%54%41" n1="%E8%80%81%E6%A5%BD" n2="%E3%82%82%E3%82%8A%E3%82%8A%E3%82%93%E3%82%82%E3%82%8A%E3%82%82%E3%82%8A" n3="%E7%B4%94%E5%85%A8%E5%B8%AF%E4%B8%89%E8%89%B2" dan="17,18,16,16" rate="2203.97,2268.17,2092.50,2128.59" sx="M,M,M,M"/><TAIKYOKU oya="0"/><INIT seed="0,0,0,4,3,18" ten="250,250,250,250" oya="0" hai0="4,51,116,8,42,123,16,45,30,120,108,98,7" hai1="87,20,77,40,55,23,88,43,92,81,50,21,119" hai2="75,78,24,22,114,14,113,104,46,86,129,48,135" hai3="54,106,47,115,39,105,79,101,17,44,37,52,3"/><T53/><D116/><U73/><REACH who="1" step="1"/><E119/><REACH who="1" ten="250,240,250,250" step="2"/><V59/><F113/><W67/><G115/><T109/><D120/><U35/><E35/><V96/><F114/><W1/><G1/><T130/><D123/><U58/><AGARI ba="0,1" hai="20,21,23,40,43,50,55,58,73,77,81,87,88,92" machi="58" ten="30,12000,2" yaku="21,2,0,1,52,3,54,1,53,0" doraHai="18" doraHaiUra="110" who="1" fromWho="1" sc="250,-60,240,130,250,-30,250,-30" /><INIT seed="1,0,0,1,2,3" ten="190,370,220,220" oya="1" hai0="104,48,47,18,108,42,5,109,96,4,75,110,102" hai1="124,15,0,63,94,127,68,74,126,28,77,84,125" hai2="115,64,39,32,46,99,133,30,23,111,135,1,52" hai3="25,128,69,66,103,98,44,107,10,27,29,67,58"/><U9/><E126/><V61/><F32/><W120/><G128/><T59/><D75/><U17/><E74/><V65/><F1/><W119/><G120/><T129/><D129/><U79/><E28/><V123/><F99/><W8/><G119/><T20/><REACH who="0" step="1"/><D59/><REACH who="0" ten="180,370,220,220" step="2"/><U51/><E125/><V50/><F123/><W53/><G58/><T49/><D49/><U81/><E51/><V62/><F39/><W54/><G69/><T112/><D112/><U82/><E124/><V113/><F113/><W6/><G44/><T38/><D38/><U72/><E127/><V78/><F115/><W21/><G67/><T88/><D88/><U24/><E68/><V56/><F78/><W95/><G66/><T12/><AGARI ba="0,1" hai="4,5,12,18,20,42,47,48,96,102,104,108,109,110" machi="12" ten="30,8000,1" yaku="1,1,0,1,14,1,52,2,53,0" doraHai="3" doraHaiUra="73" who="0" fromWho="0" sc="180,90,370,-40,220,-20,220,-20" /><INIT seed="2,0,0,3,4,33" ten="270,330,200,200" oya="2" hai0="94,104,26,16,113,53,108,97,121,55,81,83,10" hai1="98,78,68,54,7,103,129,42,118,30,2,106,130" hai2="63,110,20,127,12,112,46,93,74,119,102,58,116" hai3="34,64,51,132,77,122,43,79,59,100,84,11,95"/><V69/><F112/><W5/><G34/><T9/><D113/><U19/><E118/><V80/><F69/><W128/><G128/><T29/><D104/><U82/><E30/><V25/><F46/><W115/><G132/><T124/><D121/><U6/><E19/><V49/><F49/><W37/><G37/><T90/><D108/><U31/><E31/><V23/><F12/><W126/><G126/><T133/><D133/><U73/><E54/><N who="0" m="20489" /><D124/><U72/><E72/><V75/><F110/><W123/><G100/><T52/><N who="0" m="20497" /><T66/><DORA hai="107" /><D66/><U18/><E68/><V131/><F131/><N who="1" m="50185" /><E2/><V76/><F75/><W50/><G115/><T89/><D89/><U35/><E35/><V27/><F127/><W40/><G64/><T91/><D91/><U14/><E42/><V85/><F23/><AGARI ba="0,0" hai="6,7,14,18,23,73,78,82,98,103,106" m="50185" machi="23" ten="30,2000,0" yaku="19,1,52,1" doraHai="33,107" who="1" fromWho="2" sc="270,0,330,20,200,-20,200,0" /><INIT seed="3,0,0,1,2,86" ten="270,350,180,200" oya="3" hai0="95,120,77,44,62,105,58,6,51,27,11,31,107" hai1="93,2,7,79,50,22,118,28,45,55,39,43,17" hai2="129,97,59,33,1,103,42,112,110,87,78,38,56" hai3="0,115,82,57,60,80,67,92,65,23,48,19,72"/><W35/><G35/><T84/><D120/><U68/><E28/><V47/><F112/><W88/><G0/><T128/><D128/><U85/><E68/><V135/><F129/><W99/><G115/><T34/><D77/><U74/><E74/><V29/><F1/><W100/><G72/><T89/><D11/><U94/><E118/><V53/><F135/><W16/><G67/><T126/><D6/><U101/><E101/><V130/><F130/><W41/><G19/><T49/><D126/><U131/><E131/><V30/><F110/><W4/><G4/><T52/><REACH who="0" step="1"/><D49/><REACH who="0" ten="260,350,180,200" step="2"/><U73/><E50/><V18/><F78/><W90/><G48/><T15/><D15/><U114/><E79/><V37/><F38/><W5/><G5/><T127/><D127/><U98/><E39/><V36/><F37/><W111/><G111/><T9/><D9/><U117/><E7/><V106/><F36/><W32/><G41/><AGARI ba="0,1" hai="27,31,34,41,44,51,52,58,62,84,89,95,105,107" machi="41" ten="30,7700,0" yaku="1,1,7,1,52,1,54,1,53,0" doraHai="86" doraHaiUra="96" who="0" fromWho="3" sc="260,87,350,0,180,0,200,-77" /><INIT seed="4,0,0,5,1,47" ten="347,350,180,123" oya="0" hai0="112,13,7,17,8,95,124,119,55,32,117,108,81" hai1="33,51,90,19,42,28,36,83,59,16,5,45,98" hai2="65,129,91,39,94,96,54,53,20,56,132,125,72" hai3="103,63,26,25,82,24,113,6,41,66,102,60,89"/><T133/><D112/><U61/><E5/><V15/><F72/><W62/><G113/><T128/><D128/><U115/><E115/><V109/><F109/><W67/><G41/><T116/><D108/><U79/><E36/><V49/><F39/><W93/><G6/><T52/><D32/><U78/><E28/><V38/><F38/><W4/><G4/><T105/><D105/><U100/><E33/><V18/><F129/><W27/><N who="3" m="6144" /><DORA hai="31" /><W120/><G82/><T114/><D114/><U71/><E71/><V12/><F125/><W92/><G120/><T104/><D104/><U77/><E100/><V122/><F132/><W22/><G22/><T131/><D131/><U68/><E68/><V34/><F34/><W85/><REACH who="3" step="1"/><G93/><REACH who="3" ten="347,350,180,113" step="2"/><T29/><D29/><U40/><E40/><V70/><F122/><W80/><G80/><T50/><D81/><U110/><E110/><V99/><F15/><W97/><G97/><T14/><D95/><N who="1" m="56695" /><E83/><V69/><F99/><W44/><G44/><T21/><D133/><U76/><E76/><V23/><F23/><W10/><G10/><T64/><D124/><U58/><E79/><V48/><REACH who="2" step="1"/><F65/><AGARI ba="0,1" hai="60,62,63,65,66,67,85,89,92,102,103" m="6144" machi="65" ten="60,3900,0" yaku="1,1,8,1,53,0" doraHai="47,31" doraHaiUra="37,73" who="3" fromWho="2" sc="347,0,350,0,180,-39,113,49" /><INIT seed="5,0,0,5,2,103" ten="347,350,141,162" oya="1" hai0="9,108,80,63,33,133,14,23,18,13,115,113,101" hai1="71,7,11,45,74,120,125,98,81,24,50,70,126" hai2="132,123,79,26,91,17,40,54,37,36,66,75,87" hai3="53,20,35,29,129,62,38,19,85,27,16,58,127"/><U21/><E120/><V78/><F123/><W122/><G127/><T110/><D80/><U46/><E98/><V61/><F132/><W42/><G129/><T93/><D63/><U52/><E45/><V60/><F40/><W69/><G122/><T95/><D95/><U97/><E97/><V100/><F100/><W104/><G104/><T73/><D73/><U105/><E105/><V111/><F111/><W28/><G42/><T83/><D83/><U49/><E49/><V34/><F54/><W96/><G38/><T4/><D93/><U3/><E81/><V77/><F75/><W64/><G96/><T130/><D101/><U41/><E74/><V44/><F44/><W47/><G47/><T2/><D130/><U67/><E41/><V55/><F55/><W92/><G35/><T102/><D102/><U112/><E112/><N who="0" m="43081" /><D133/><U43/><E43/><V10/><F34/><W59/><G69/><T99/><D99/><U0/><E0/><V118/><F118/><W135/><G135/><T12/><D33/><U65/><E71/><V134/><F134/><W124/><G85/><T82/><D82/><U68/><E70/><V131/><F131/><W107/><G92/><T30/><D30/><N who="1" m="17679" /><E68/><V1/><F61/><N who="3" m="36047" /><G29/><T84/><D84/><U56/><E46/><V106/><F106/><W48/><G107/><T88/><D88/><U57/><E57/><N who="2" m="37135" /><F91/><W90/><G90/><T121/><D121/><U119/><E119/><V22/><F87/><W94/><G94/><T15/><AGARI ba="0,0" hai="2,4,9,12,13,14,15,18,23,108,110" m="43081" machi="15" ten="30,4000,0" yaku="15,1,34,2" doraHai="103" who="0" fromWho="0" sc="347,40,350,-20,141,-10,162,-10" /><INIT seed="6,0,0,3,1,42" ten="387,330,131,152" oya="2" hai0="6,62,89,116,79,24,10,41,112,67,88,85,132" hai1="46,37,54,47,59,15,57,110,101,128,129,29,58" hai2="130,111,39,106,20,64,34,86,91,74,56,125,131" hai3="94,104,48,43,16,12,69,102,118,122,84,83,21"/><V95/><F34/><W53/><G118/><T65/><D112/><U50/><E29/><V100/><F39/><W126/><G122/><T117/><D132/><U18/><E101/><V11/><F125/><W19/><G69/><T119/><D41/><N who="1" m="22831" /><E18/><V14/><F74/><W4/><G104/><T87/><D24/><U30/><E15/><V35/><F35/><W96/><G43/><T72/><D72/><U103/><E103/><V93/><F111/><W135/><G135/><T124/><D124/><U55/><E30/><V2/><F106/><W22/><G4/><T40/><D79/><U3/><E3/><V63/><F2/><W105/><G105/><T38/><D40/><N who="1" m="24935" /><E110/><V32/><F32/><W51/><G53/><AGARI ba="0,0" hai="53,54,55,57,58,59,128,129" m="24935,22831" machi="53" ten="30,7700,0" yaku="34,2,52,2" doraHai="42" who="1" fromWho="3" sc="387,0,330,77,131,0,152,-77" /><INIT seed="7,0,0,3,0,67" ten="387,407,131,75" oya="3" hai0="11,77,89,21,104,88,18,110,68,131,127,76,5" hai1="105,25,109,115,23,96,85,50,60,2,135,133,26" hai2="79,14,54,90,53,24,78,97,92,45,120,36,84" hai3="130,62,119,94,61,132,124,56,87,75,70,33,99"/><W93/><G75/><T121/><D110/><U114/><E109/><V134/><F134/><N who="1" m="51209" /><E2/><V113/><F113/><N who="1" m="43017" /><E85/><V118/><F84/><W63/><G33/><T20/><D121/><U73/><E73/><V1/><F1/><W125/><G132/><T80/><D104/><U44/><E60/><V106/><F120/><W101/><G119/><T72/><D68/><U100/><E23/><V28/><F118/><W43/><G43/><AGARI ba="0,0" hai="25,26,43,44,50,96,100,105" m="43017,51209" machi="43" ten="30,2000,0" yaku="20,1,15,1" doraHai="67" who="1" fromWho="3" sc="387,0,407,20,131,0,75,-20" owari="387,18.7,427,52.7,131,-26.9,55,-44.5" /></mjloggm>