<mjloggm ver="2.3"><GO type="169" lobby="0"/><UN n0="%E8%91%B5%E3%81%A1%E3%82%83%E3%82%93" n1="%E3%81%A6%E3%82%93%E3%81%8F%E3%81%86" n2="%E3%83%8F%E3%82%BB%E3%81%B9" n3="%E6%84%9A%E5%85%84%E3%81%8C%E6%84%9A%E5%BD%A2" dan="18,16,16,18" rate="2220.65,2180.34,2040.34,2213.59" sx="F,M,M,M"/><TAIKYOKU oya="0"/><INIT seed="0,0,0,5,4,15" ten="250,250,250,250" oya="0" hai0="87,68,57,103,56,121,62,108,29,8,77,132,66" hai1="117,99,105,91,38,101,39,65,73,97,122,25,100" hai2="16,130,83,10,21,53,18,11,17,88,94,59,76" hai3="42,75,81,80,4,111,128,24,72,55,28,69,119"/><T118/><D118/><U41/><E117/><V109/><F109/><W6/><G69/><T116/><D116/><U46/><E122/><V13/><F130/><W34/><G119/><T84/><D121/><U125/><E125/><V71/><F71/><W54/><G111/><T107/><D108/><U85/><E73/><V31/><F31/><W2/><G42/><T133/><D29/><U20/><E65/><V35/><F35/><W78/><G128/><T49/><D8/><N who="2" m="3114" /><F83/><W86/><G2/><T43/><D103/><U27/><E38/><V98/><F76/><W32/><G86/><N who="0" m="32811" /><D107/><U30/><E20/><V124/><F124/><W40/><G40/><T115/><D115/><U1/><E30/><V134/><F134/><N who="0" m="51818" /><D77/><U93/><REACH who="1" step="1"/><E1/><REACH who="1" ten="250,240,250,250" step="2"/><V3/><F3/><W5/><G75/><T45/><AGARI ba="0,1" hai="43,45,49,56,57,62,66,68" m="51818,32811" machi="45" ten="30,1500,0" yaku="20,1" doraHai="15" who="0" fromWho="0" sc="250,25,240,-5,250,-5,250,-5" /><INIT seed="0,1,0,1,2,77" ten="275,235,245,245" oya="0" hai0="69,90,111,129,76,33,49,61,60,104,85,10,96" hai1="68,134,38,74,75,71,9,40,4,6,83,81,78" hai2="95,41,16,120,21,72,109,110,32,11,24,101,17" hai3="105,125,39,53,99,27,118,22,116,2,66,55,87"/><T80/><D33/><U133/><E40/><V13/><F72/><W108/><G2/><T28/><D28/><U46/><E46/><V123/><F41/><W1/><G1/><T113/><D113/><U98/><E98/><V14/><F101/><W82/><G39/><T54/><D129/><U18/><E18/><V70/><F95/><W35/><G35/><T97/><D111/><N who="2" m="42506" /><F70/><N who="1" m="26665" /><E38/><V122/><F123/><W12/><G66/><T91/><D69/><U37/><E37/><V26/><F26/><W47/><G108/><T132/><D132/><N who="1" m="50795" /><E9/><V62/><F62/><N who="0" m="24170" /><D10/><U119/><E119/><V23/><F32/><W127/><G116/><T34/><D34/><U92/><E92/><V43/><F43/><W117/><G117/><T126/><D104/><U29/><E29/><AGARI ba="1,0" hai="11,13,14,16,17,21,23,24,29,120,122" m="42506" machi="29" ten="30,7700,0" yaku="14,1,34,2,54,1" doraHai="77" who="2" fromWho="1" sc="275,0,235,-80,245,80,245,0" /><INIT seed="1,0,0,3,1,60" ten="275,155,325,245" oya="1" hai0="111,53,13,76,90,42,35,110,49,1,32,17,46" hai1="85,48,31,74,114,34,58,61,20,82,8,102,62" hai2="39,116,43,118,104,27,45,123,78,79,80,77,103" hai3="101,44,5,41,57,10,68,11,88,50,40,115,121"/><U7/><E114/><V112/><F123/><W63/><G121/><T2/><D76/><U73/><E34/><N who="0" m="12841" /><D90/><U99/><E48/><V0/><F0/><W130/><G130/><T117/><D42/><U38/><E38/><V127/><F112/><W83/><G68/><T33/><D117/><U29/><E62/><V107/><F27/><W19/><G101/><T119/><D33/><U70/><E70/><V125/><F80/><W106/><G106/><T52/><D53/><U72/><E20/><V59/><F59/><W81/><G40/><T28/><D28/><U24/><E24/><V92/><F92/><W134/><G134/><T91/><D91/><U12/><E85/><V56/><F56/><W135/><G135/><T37/><D37/><U15/><E15/><V54/><F54/><W126/><G115/><T26/><D26/><U47/><E82/><V67/><F107/><W18/><G83/><T66/><D66/><U131/><E47/><V14/><F67/><W30/><G30/><T4/><D4/><U120/><E131/><V113/><F14/><W64/><G5/><T132/><D119/><U98/><E120/><V9/><F113/><W23/><G81/><T16/><D17/><U93/><REACH who="1" step="1"/><E98/><REACH who="1" ten="275,145,325,245" step="2"/><V75/><F118/><W100/><G44/><N who="0" m="27687" /><D132/><U25/><E25/><V84/><F116/><W128/><G128/><T65/><D46/><U95/><E95/><V109/><F104/><W94/><G94/><T55/><D13/><U3/><E3/><V89/><F75/><W129/><G129/><T97/><D1/><U21/><E21/><V6/><F39/><RYUUKYOKU ba="0,1" sc="275,-10,145,30,325,-10,245,-10" hai1="7,8,12,29,31,58,61,72,73,74,93,99,102" /><INIT seed="1,1,1,1,2,0" ten="265,175,315,235" oya="1" hai0="89,87,121,133,123,34,6,117,99,43,120,75,41" hai1="103,60,42,125,115,64,105,110,127,97,25,93,29" hai2="100,112,51,30,130,84,113,1,13,33,50,38,71" hai3="66,65,72,91,26,81,49,10,122,83,86,32,54"/><U114/><E42/><V62/><F38/><W68/><G122/><T61/><D117/><U108/><E93/><V129/><F1/><W124/><G124/><N who="1" m="47690" /><E25/><N who="2" m="18639" /><F84/><W46/><G68/><T101/><D75/><U102/><E102/><V74/><F74/><W9/><G32/><T82/><D34/><U12/><E12/><V98/><F13/><W90/><G26/><T69/><D133/><U135/><E29/><V94/><F62/><W37/><G37/><T45/><D45/><U63/><E63/><V17/><F17/><W5/><G9/><T53/><D6/><U59/><E135/><V58/><F71/><W8/><G8/><T106/><REACH who="0" step="1"/><D53/><REACH who="0" ten="255,175,315,235" step="2"/><U57/><E57/><V31/><F31/><W55/><G55/><T22/><D22/><U96/><E96/><V92/><F98/><W111/><G54/><T80/><D80/><U4/><E4/><V52/><F113/><AGARI ba="1,2" hai="59,60,64,97,103,105,108,110,113,114,115" m="47690" machi="113" ten="40,2000,0" yaku="18,1" doraHai="0" who="1" fromWho="2" sc="255,0,175,43,315,-23,235,0" /><INIT seed="1,2,0,3,2,82" ten="255,218,292,235" oya="1" hai0="49,89,79,100,116,34,64,123,102,10,118,37,25" hai1="70,19,9,56,16,105,59,31,134,132,45,26,41" hai2="0,108,96,40,23,125,81,55,99,54,6,1,129" hai3="90,48,110,131,24,73,74,127,85,46,67,80,65"/><U87/><E105/><V5/><F108/><W39/><G110/><T92/><D37/><U30/><E70/><V13/><F40/><W83/><G39/><T113/><D113/><U86/><E9/><V21/><F81/><N who="3" m="49455" /><G74/><T66/><D123/><U111/><E111/><V135/><F13/><W93/><G73/><T91/><D79/><U104/><E104/><V115/><F115/><W18/><G93/><T68/><D92/><U122/><E26/><V44/><F44/><W35/><G35/><T17/><D25/><U130/><E130/><V78/><F78/><W126/><G131/><T51/><D34/><U88/><E45/><V8/><F8/><W58/><G58/><T33/><D33/><U112/><E112/><V12/><F12/><W72/><G72/><T2/><D10/><U38/><E38/><V22/><F22/><N who="3" m="13399" /><G83/><T36/><D36/><U120/><E88/><V133/><REACH who="2" step="1"/><F129/><REACH who="2" ten="255,218,282,235" step="2"/><W60/><G80/><T32/><D32/><U29/><E29/><V107/><F107/><W71/><G46/><T95/><D118/><U119/><E41/><V62/><F62/><W109/><G60/><T101/><D116/><AGARI ba="2,1" hai="16,19,30,31,56,59,86,87,116,119,120,122,132,134" machi="116" ten="25,12000,1" yaku="22,2,52,2,54,1" doraHai="82" who="1" fromWho="0" sc="255,-126,218,136,282,0,235,0" /><INIT seed="1,3,0,1,0,121" ten="129,354,282,235" oya="1" hai0="76,10,106,66,116,60,15,122,81,27,100,82,110" hai1="71,20,84,96,129,95,80,7,21,75,24,26,0" hai2="85,131,65,37,123,1,118,30,19,124,42,4,74" hai3="99,90,34,133,78,107,35,109,135,28,16,56,3"/><U132/><E71/><V97/><F19/><W9/><G78/><T25/><D116/><U112/><E75/><V13/><F13/><N who="3" m="7215" /><G3/><T127/><D122/><U46/><E112/><V77/><F85/><W89/><G56/><T98/><D127/><U117/><E117/><V94/><F65/><W62/><G62/><T29/><D76/><U43/><E132/><N who="3" m="50762" /><G109/><T17/><D25/><N who="1" m="9835" /><E129/><V92/><F131/><W36/><G36/><T93/><D110/><U73/><E7/><V18/><F124/><W14/><G14/><T61/><D61/><U47/><E0/><V23/><F1/><W63/><G63/><T48/><D48/><N who="1" m="26719" /><E73/><V119/><F118/><W57/><G57/><T88/><D60/><U115/><E47/><V70/><F119/><W113/><G113/><T120/><D66/><U102/><E115/><V31/><F70/><W52/><G52/><T51/><D51/><U22/><E22/><V6/><F37/><W54/><G54/><T64/><D64/><U5/><E5/><V128/><F6/><W72/><G72/><T8/><D8/><U125/><E125/><V87/><F4/><W130/><G130/><T103/><D120/><U40/><E40/><V41/><F128/><W68/><G68/><T91/><D27/><U83/><E83/><N who="0" m="31753" /><D29/><U126/><E126/><V105/><F74/><W2/><G2/><T111/><D111/><U69/><E69/><V32/><F123/><W12/><G28/><T67/><D67/><U44/><E44/><V49/><F31/><W108/><G108/><T101/><D106/><U134/><E134/><V79/><F30/><RYUUKYOKU ba="3,0" sc="129,15,354,15,282,-15,235,-15" hai0="10,15,17,88,91,93,98,100,101,103" hai1="20,21,80,84,95,96,102" /><INIT seed="1,4,0,2,0,117" ten="144,369,267,220" oya="1" hai0="3,89,126,98,99,38,57,68,17,97,62,132,2" hai1="123,87,14,70,86,56,8,112,80,128,114,79,53" hai2="113,39,10,9,12,47,27,109,58,92,11,94,65" hai3="23,7,4,35,100,76,73,1,30,102,88,19,44"/><U91/><E128/><V16/><F39/><W116/><G116/><T133/><D68/><U25/><E70/><V55/><F113/><W84/><G44/><T32/><D38/><U20/><E123/><V46/><F27/><W69/><G69/><T64/><D32/><U67/><E67/><V122/><F65/><W72/><G30/><T13/><D89/><U60/><E14/><V90/><F122/><W125/><G35/><T37/><D37/><U21/><E8/><N who="2" m="3179" /><F94/><W120/><G120/><T5/><D5/><U108/><E108/><V71/><N who="2" m="3187" /><V85/><DORA hai="22" /><F109/><W118/><G118/><T6/><D6/><U83/><REACH who="1" step="1"/><E20/><REACH who="1" ten="144,359,267,220" step="2"/><N who="2" m="11271" /><F71/><W43/><G4/><T54/><D64/><U134/><E134/><V18/><F18/><AGARI ba="4,1" hai="18,21,25,53,56,60,79,80,83,86,87,91,112,114" machi="18" ten="30,11600,0" yaku="1,1,7,1,52,1,53,1" doraHai="117,22" doraHaiUra="45,49" who="1" fromWho="2" sc="144,0,359,138,267,-128,220,0" /><INIT seed="1,5,0,5,3,42" ten="144,497,139,220" oya="1" hai0="46,64,87,56,16,36,47,90,84,97,51,135,61" hai1="92,116,68,122,9,127,88,59,3,99,22,73,78" hai2="14,115,76,6,120,34,17,80,111,1,94,58,93" hai3="98,85,41,121,25,50,33,134,89,106,52,28,131"/><U101/><E68/><V126/><F34/><W38/><G131/><T44/><D36/><U10/><E116/><V109/><F120/><W124/><G124/><T110/><D110/><N who="2" m="41994" /><F115/><W7/><G134/><T104/><D135/><U29/><E122/><V82/><F126/><W102/><G7/><T75/><D75/><U95/><E73/><N who="2" m="43023" /><F82/><W57/><G121/><T24/><D51/><U105/><E105/><V11/><F58/><W48/><G38/><T103/><REACH who="0" step="1"/><D90/><REACH who="0" ten="134,497,139,220" step="2"/><U96/><E127/><V114/><F114/><W21/><G50/><T83/><D83/><U53/><E88/><V86/><F86/><W13/><G89/><T62/><D62/><U15/><E78/><V19/><F19/><W81/><G85/><T54/><D54/><U79/><E53/><V77/><F77/><W8/><G81/><T4/><D4/><U0/><E79/><V118/><F118/><W26/><G41/><T125/><D125/><U65/><E101/><V37/><F37/><W69/><G102/><T60/><D60/><U55/><E55/><V108/><N who="2" m="42002" /><V23/><AGARI ba="5,1" hai="1,6,11,14,17,23,93,94" m="43023,42002" machi="23" ten="40,2700,0" yaku="4,1,14,1" doraHai="42" who="2" fromWho="2" sc="134,-12,497,-18,139,52,220,-12" /><INIT seed="2,0,0,1,5,133" ten="122,479,191,208" oya="2" hai0="38,4,0,13,9,85,45,63,1,111,65,46,55" hai1="53,7,101,134,131,129,69,125,115,74,89,35,75" hai2="58,135,116,117,123,44,47,60,24,18,43,40,23" hai3="83,76,122,107,127,109,68,110,95,5,66,113,106"/><V57/><F123/><W78/><G122/><T77/><D111/><U17/><E69/><V64/><F135/><W72/><G5/><T103/><D103/><U121/><E121/><V102/><F58/><W70/><G113/><T56/><D38/><U126/><E134/><V132/><F102/><W22/><G22/><T104/><D104/><U50/><E115/><V36/><REACH who="2" step="1"/><F132/><REACH who="2" ten="122,479,181,208" step="2"/><W2/><G109/><T80/><D46/><U59/><E59/><V48/><AGARI ba="0,1" hai="18,23,24,36,40,43,44,47,48,57,60,64,116,117" machi="48" ten="20,12000,1" yaku="1,1,2,1,0,1,7,1,53,1" doraHai="133" doraHaiUra="52" who="2" fromWho="2" sc="122,-40,479,-40,181,130,208,-40" /><INIT seed="2,1,0,1,3,38" ten="82,439,311,168" oya="2" hai0="52,105,103,133,0,91,98,96,111,115,8,57,54" hai1="24,69,40,60,81,7,30,126,12,13,78,129,123" hai2="118,82,95,75,92,41,71,128,35,65,131,108,73" hai3="67,80,102,116,124,97,86,5,79,46,134,6,51"/><V50/><F118/><W74/><G124/><T45/><D115/><U26/><E126/><V36/><F50/><W99/><G134/><T42/><D133/><U58/><E69/><V94/><F35/><W104/><G116/><T121/><D121/><U17/><E129/><N who="2" m="49739" /><F82/><W130/><G130/><T66/><D111/><U83/><E123/><V87/><F87/><W25/><G67/><T53/><D66/><U117/><E83/><V32/><F32/><W56/><G56/><T72/><D72/><U68/><E68/><V106/><F106/><W18/><G99/><T107/><D57/><U119/><E81/><V122/><F122/><W55/><G74/><T48/><D91/><U14/><E78/><V100/><F100/><W93/><G104/><T4/><REACH who="0" step="1"/><D54/><REACH who="0" ten="72,439,311,168" step="2"/><U33/><E58/><V59/><F59/><W20/><AGARI ba="1,1" hai="5,6,18,20,25,46,51,55,79,80,86,93,97,102" machi="20" ten="30,2000,0" yaku="0,1,8,1" doraHai="38" who="3" fromWho="3" sc="72,-6,439,-6,311,-11,168,33" /><INIT seed="3,0,0,0,5,81" ten="66,433,300,201" oya="3" hai0="113,91,114,31,41,39,115,59,85,53,72,45,18" hai1="125,95,128,119,40,8,80,2,55,66,17,97,112" hai2="48,70,78,98,46,105,26,15,61,20,100,108,60" hai3="52,14,25,47,99,120,13,109,84,64,24,38,118"/><W79/><G118/><T4/><D72/><U126/><E112/><V27/><F78/><W5/><G120/><T124/><D124/><U121/><E121/><V123/><F123/><W76/><G38/><T107/><D107/><U122/><E122/><V103/><F108/><W43/><G43/><T62/><D31/><U3/><E66/><V54/><F100/><W116/><G116/><T19/><REACH who="0" step="1"/><D4/><REACH who="0" ten="56,433,300,201" step="2"/><U127/><E127/><V106/><F105/><W44/><G5/><T57/><D57/><U0/><E125/><V96/><F70/><W16/><G109/><T11/><D11/><U83/><E8/><V21/><F106/><W129/><G129/><T9/><D9/><U7/><E7/><V90/><F21/><W93/><G44/><T63/><D63/><U82/><E128/><V135/><F20/><W65/><G47/><T71/><D71/><U32/><E126/><V22/><F61/><W133/><G133/><T117/><D117/><U23/><E23/><V111/><F60/><W94/><G16/><T42/><D42/><U104/><E104/><V51/><F111/><W6/><G6/><T58/><D58/><U101/><E40/><V56/><F135/><W102/><G25/><T68/><D68/><U10/><E119/><V132/><F46/><W73/><G24/><T77/><D77/><U134/><E134/><V110/><F27/><W30/><G73/><T69/><D69/><U75/><E75/><V33/><F110/><W50/><G30/><T86/><D86/><U87/><E87/><V28/><F132/><W49/><G84/><T131/><D131/><RYUUKYOKU ba="0,1" sc="56,30,433,-10,300,-10,201,-10" hai0="18,19,39,41,45,53,59,62,85,91,113,114,115" /><INIT seed="4,1,1,3,2,61" ten="86,423,290,191" oya="0" hai0="51,11,26,128,12,119,115,25,28,118,81,19,50" hai1="107,45,88,34,102,7,57,87,9,104,63,56,113" hai2="124,97,14,44,22,0,29,49,79,101,92,35,8" hai3="33,96,126,75,73,108,105,121,114,32,20,47,42"/><T122/><D122/><U38/><E34/><V67/><F0/><W1/><G108/><T64/><D115/><U85/><E113/><V17/><F35/><W52/><G114/><T36/><D36/><U109/><E109/><V71/><F79/><W72/><G1/><T6/><D128/><U37/><E102/><V80/><F80/><W13/><G121/><T91/><D118/><U134/><E134/><V62/><F124/><W112/><G126/><T53/><D119/><U76/><E76/><V66/><F62/><W40/><G112/><T23/><D64/><N who="2" m="24618" /><F71/><W5/><G32/><T130/><D130/><U127/><E63/><V3/><F3/><W41/><G33/><T48/><D26/><U89/><E127/><V123/><F123/><W106/><G106/><T4/><REACH who="0" step="1"/><D53/><REACH who="0" ten="76,423,290,191" step="2"/><U68/><E68/><V55/><F29/><W100/><G52/><T46/><D46/><U21/><E45/><V95/><F95/><W83/><G47/><T84/><AGARI ba="1,2" hai="4,6,11,12,19,23,25,28,48,50,51,81,84,91" machi="84" ten="30,6000,0" yaku="1,1,0,1,8,1,53,0" doraHai="61" doraHaiUra="69" who="0" fromWho="0" sc="76,83,423,-21,290,-21,191,-21" /><INIT seed="4,2,0,5,5,131" ten="159,402,269,170" oya="0" hai0="52,119,129,70,61,113,115,80,92,56,90,72,31" hai1="37,10,126,53,35,120,132,79,83,54,60,33,42" hai2="41,107,76,94,73,23,82,98,75,55,117,43,36" hai3="49,19,103,6,38,99,30,8,58,95,46,11,64"/><T68/><D119/><U87/><E120/><V71/><F71/><W21/><G38/><T65/><D129/><U110/><E110/><V22/><F117/><W102/><G102/><T66/><D31/><U12/><E126/><V130/><F75/><W47/><G30/><T15/><D15/><U123/><E123/><V13/><F130/><W16/><G19/><T26/><D26/><U48/><E37/><V118/><F118/><W45/><G6/><T112/><D80/><U78/><E42/><V84/><F55/><W127/><G127/><T88/><D72/><U93/><E93/><V4/><F36/><W109/><G109/><T74/><D74/><U57/><E78/><V86/><F86/><W29/><G29/><T97/><D90/><U40/><E40/><N who="2" m="15435" /><F107/><W81/><G81/><T111/><D111/><U105/><E105/><V1/><F1/><W51/><G51/><T20/><D20/><U63/><E63/><V116/><F73/><W96/><G96/><T133/><D133/><U28/><E132/><V32/><F32/><W62/><REACH who="3" step="1"/><G49/><REACH who="3" ten="159,402,269,160" step="2"/><T17/><REACH who="0" step="1"/><D17/><REACH who="0" ten="149,402,269,160" step="2"/><U67/><E35/><V106/><F116/><W3/><G3/><T7/><D7/><U0/><E33/><V77/><F4/><W108/><G108/><T39/><D39/><U128/><E128/><V2/><F2/><W9/><G9/><T114/><N who="0" m="28672" /><DORA hai="121" /><T5/><D5/><U134/><E0/><V122/><F122/><W100/><G100/><T69/><AGARI ba="2,2" hai="52,56,61,65,66,68,69,70,88,92,97" m="28672" machi="69" ten="70,12000,1" yaku="1,1,0,1,15,1,54,2,53,0" doraHai="131,121" doraHaiUra="27,25" who="0" fromWho="0" sc="149,146,402,-42,269,-42,160,-42" /><INIT seed="4,3,0,1,2,50" ten="295,360,227,118" oya="0" hai0="118,84,38,45,98,128,24,94,11,8,53,47,133" hai1="34,113,20,120,87,76,70,124,95,43,13,125,10" hai2="108,17,73,122,104,4,71,110,82,81,32,57,21" hai3="51,54,40,16,19,58,0,85,60,131,12,90,46"/><T39/><D118/><U31/><E70/><V75/><F32/><W7/><G131/><T28/><D128/><U130/><E34/><V6/><F57/><W116/><G116/><T65/><D65/><U29/><E130/><V52/><F104/><W5/><G0/><T102/><D133/><U49/><E113/><V129/><F129/><W56/><G56/><T96/><D84/><U83/><E95/><V25/><F71/><W15/><G15/><T93/><D24/><U55/><E43/><V100/><F100/><W109/><G109/><T127/><D102/><U121/><E20/><V112/><F122/><W103/><G103/><T23/><D23/><U41/><E41/><V33/><F112/><W36/><G36/><T69/><D69/><U26/><E26/><V22/><F25/><W86/><G86/><T63/><D63/><U106/><E106/><V123/><F123/><W68/><G68/><T67/><D67/><U1/><E1/><V115/><F115/><W107/><G107/><T2/><D2/><U119/><E119/><V89/><F89/><W44/><G44/><T114/><D114/><U79/><E79/><V105/><F105/><W91/><G91/><T61/><D61/><U35/><E35/><V42/><F42/><W111/><G111/><T99/><D99/><U64/><E64/><V78/><F33/><W135/><G135/><T30/><D127/><N who="1" m="48715" /><E121/><V80/><F78/><W59/><G59/><T72/><D72/><U37/><E120/><V117/><F117/><W62/><G62/><T101/><D101/><U66/><E37/><V88/><F110/><RYUUKYOKU ba="3,0" sc="295,30,360,-10,227,-10,118,-10" hai0="8,11,28,30,38,39,45,47,53,93,94,96,98" /><INIT seed="4,4,0,4,5,32" ten="325,350,217,108" oya="0" hai0="80,14,43,40,96,104,118,19,105,76,81,47,48" hai1="50,95,93,98,37,55,41,91,110,2,33,97,34" hai2="61,122,20,126,59,44,116,63,15,29,17,111,112" hai3="60,85,51,72,49,109,24,39,92,108,69,106,100"/><T4/><D118/><U90/><E110/><V79/><F111/><W68/><G39/><T88/><D4/><U133/><E133/><V129/><F122/><W94/><G72/><T25/><D25/><U66/><E66/><V5/><F116/><W57/><G106/><T89/><D43/><U8/><E41/><V75/><F129/><W119/><G119/><T46/><D46/><U30/><E30/><V56/><F112/><W7/><G7/><T54/><D40/><U102/><E37/><V70/><F44/><W67/><G68/><T123/><D123/><U113/><E113/><V78/><F5/><W71/><G71/><T127/><D127/><U65/><E65/><V12/><F126/><W36/><G36/><T134/><D134/><U3/><E102/><V99/><F70/><W64/><G64/><T120/><D120/><U45/><E8/><V114/><F114/><W131/><G131/><T1/><D1/><AGARI ba="4,0" hai="1,2,3,33,34,45,50,55,90,91,93,95,97,98" machi="1" ten="40,8000,1" yaku="9,1,52,3" doraHai="32" who="1" fromWho="0" sc="325,-92,350,92,217,0,108,0" /><INIT seed="5,0,0,3,2,34" ten="233,442,217,108" oya="1" hai0="122,7,89,59,20,129,83,0,110,96,64,126,72" hai1="104,55,114,2,12,93,21,31,27,81,42,99,3" hai2="16,53,62,91,11,107,10,119,15,30,115,70,86" hai3="80,127,63,95,33,74,92,77,45,117,68,108,120"/><U71/><E71/><V52/><F107/><W47/><G108/><T6/><D110/><U84/><E104/><V105/><F105/><W24/><G120/><T51/><D122/><U44/><E12/><V22/><F119/><W13/><G127/><T133/><D126/><U9/><E9/><V132/><F132/><W32/><G117/><T112/><D112/><U57/><E114/><V25/><F115/><W102/><G13/><T18/><D129/><U87/><E55/><V66/><REACH who="2" step="1"/><F11/><REACH who="2" ten="233,442,207,108" step="2"/><W100/><G100/><T94/><D133/><U41/><E41/><V4/><F4/><W97/><G102/><T118/><D6/><U29/><E42/><V85/><F85/><W79/><G74/><T101/><D7/><U14/><E87/><V131/><F131/><W35/><G97/><T36/><D101/><U123/><E84/><V37/><F37/><W50/><G79/><T130/><D36/><U69/><E99/><V121/><F121/><W109/><G77/><T61/><D130/><U17/><E123/><V43/><F43/><W135/><G135/><T90/><D118/><U58/><E81/><AGARI ba="0,1" hai="10,15,16,22,25,30,52,53,62,66,70,81,86,91" machi="81" ten="30,8000,1" yaku="1,1,7,1,54,2,53,1" doraHai="34" doraHaiUra="8" who="2" fromWho="1" sc="233,0,442,-80,207,90,108,0" /><INIT seed="6,0,0,0,0,111" ten="233,362,297,108" oya="2" hai0="54,112,40,47,126,15,132,118,129,75,38,24,127" hai1="14,29,71,18,74,98,20,107,60,80,27,116,93" hai2="134,7,86,88,2,10,124,113,22,39,1,133,48" hai3="28,85,56,63,120,23,81,77,25,115,26,100,84"/><V31/><F39/><W102/><G120/><T135/><D75/><U76/><E116/><V73/><F73/><W52/><G115/><T42/><D15/><U11/><E107/><V87/><F113/><W70/><G70/><T106/><D106/><U91/><E71/><V4/><F87/><W19/><REACH who="3" step="1"/><G84/><REACH who="3" ten="233,362,297,98" step="2"/><T16/><D112/><U61/><AGARI ba="0,1" hai="11,14,18,20,27,29,60,61,74,76,80,91,93,98" machi="61" ten="30,1100,0" yaku="0,1" doraHai="111" who="1" fromWho="1" sc="233,-3,362,21,297,-5,98,-3" /><INIT seed="7,0,0,5,3,110" ten="230,383,292,95" oya="3" hai0="53,39,83,35,85,59,131,72,27,36,135,51,15" hai1="84,76,128,93,29,124,118,52,22,133,63,30,103" hai2="70,33,34,21,12,60,69,5,106,24,32,109,80" hai3="20,50,68,112,45,116,43,65,28,99,119,125,8"/><W11/><G125/><T71/><D72/><U7/><E124/><V54/><F109/><W66/><G99/><T17/><D71/><U82/><E128/><V2/><F80/><W115/><G28/><T9/><D131/><U120/><E133/><V97/><F54/><W134/><G20/><T37/><D135/><U38/><E38/><V58/><F58/><W79/><G134/><T47/><D27/><U13/><E120/><V64/><F70/><W98/><G98/><T101/><D101/><U132/><E22/><V40/><F40/><W96/><G96/><T122/><D122/><U105/><E103/><V4/><F12/><W77/><G68/><T73/><D73/><U121/><E29/><V26/><F26/><W91/><G91/><N who="0" m="51647" /><D59/><U55/><E30/><V111/><F111/><W14/><G14/><T10/><D10/><N who="3" m="3625" /><G119/><T49/><D49/><U23/><E13/><V89/><F21/><W75/><G116/><T16/><D17/><U56/><E23/><V113/><F106/><W127/><G127/><T19/><D19/><U94/><E105/><V41/><F2/><W86/><G75/><T114/><D35/><U88/><E132/><V108/><F108/><W74/><G74/><T90/><D90/><U44/><E88/><V78/><F32/><W129/><G129/><T67/><D67/><N who="3" m="25609" /><G86/><T123/><D123/><U25/><E84/><V81/><F34/><W42/><G42/><T92/><D92/><U61/><E94/><V87/><F97/><W48/><G50/><T46/><D46/><U1/><E44/><V18/><F33/><W117/><G117/><RYUUKYOKU ba="0,0" sc="230,15,383,-15,292,-15,95,15" hai0="9,15,16,36,37,39,47,51,53,114" hai3="43,45,48,77,79,112,115" /><INIT seed="7,1,0,3,4,24" ten="245,368,277,110" oya="3" hai0="46,45,69,65,103,8,35,135,96,117,62,116,79" hai1="12,42,102,48,22,76,31,16,80,73,97,133,33" hai2="122,127,67,100,121,36,32,23,26,13,77,19,20" hai3="41,107,128,111,105,21,55,56,50,83,90,25,1"/><W134/><G134/><T94/><D135/><U68/><E133/><V44/><F100/><W84/><G128/><T81/><D35/><U63/><E33/><V34/><F77/><W71/><G71/><T125/><D125/><U98/><E31/><V75/><F75/><W38/><G1/><T66/><D66/><U53/><E42/><V18/><F67/><W129/><G129/><T120/><D120/><N who="2" m="46186" /><F127/><W51/><G38/><T92/><D92/><U95/><E97/><V106/><F106/><W118/><G118/><T112/><D112/><U109/><E109/><V49/><F36/><W39/><G39/><T47/><REACH who="0" step="1"/><D8/><REACH who="0" ten="235,368,277,110" step="2"/><U54/><E95/><V3/><F3/><W11/><G11/><T110/><D110/><U10/><E10/><V130/><F130/><W9/><G9/><T58/><D58/><U30/><E68/><V59/><F59/><W70/><G70/><T40/><D40/><AGARI ba="1,1" hai="13,18,19,20,23,26,32,34,40,44,49" m="46186" machi="40" ten="30,1000,0" yaku="13,1" doraHai="24" who="2" fromWho="0" sc="235,-13,368,0,277,23,110,0" owari="222,-17.8,368,46.8,300,10.0,110,-39.0" /></mjloggm>