<mjloggm ver="2.3"><GO type="169" lobby="0"/><UN n0="%E7%89%A7%E5%A0%B4%E3%81%AE%E5%B0%8F%E5%A5%B3" n1="%E3%83%91%E3%83%BC%E3%83%A9%E3%83%A1%E3%83%B3%E3%83%88" n2="%6C%61%79%65%72%38%31" n3="%63%68%78%63%63" dan="17,16,17,17" rate="2189.17,2204.97,2145.32,2152.49" sx="F,M,M,M"/><TAIKYOKU oya="0"/><INIT seed="0,0,0,3,5,2" ten="250,250,250,250" oya="0" hai0="116,127,93,32,47,92,131,18,63,111,74,0,23" hai1="55,87,130,12,22,25,65,34,21,31,40,66,117" hai2="124,128,51,38,79,96,7,10,20,29,76,16,41" hai3="85,11,83,105,110,13,70,104,108,43,28,82,94"/><T126/><D74/><U71/><E117/><V123/><F123/><W14/><G70/><T5/><D116/><U35/><E130/><V80/><F124/><W107/><G43/><T59/><D32/><U17/><E40/><V42/><F128/><W49/><G49/><T132/><D131/><U112/><E112/><V69/><F69/><W91/><G28/><T90/><D47/><U129/><E129/><V72/><F29/><W19/><REACH who="3" step="1"/><G13/><REACH who="3" ten="250,250,250,240" step="2"/><T95/><D127/><U120/><E120/><V77/><F41/><W53/><G53/><T33/><D126/><U50/><E71/><V24/><F51/><W75/><G75/><T39/><D39/><U4/><E35/><V15/><REACH who="2" step="1"/><F96/><REACH who="2" ten="250,250,240,240" step="2"/><W122/><G122/><T73/><D33/><U1/><E34/><V134/><F134/><W46/><G46/><AGARI ba="0,2" hai="7,10,15,16,20,24,38,42,46,72,76,77,79,80" machi="46" ten="40,5200,0" yaku="1,1,52,1,54,1,53,0" doraHai="2" doraHaiUra="113" who="2" fromWho="3" sc="250,0,250,0,240,72,240,-52" /><INIT seed="1,0,0,0,1,80" ten="250,250,312,188" oya="1" hai0="36,58,128,49,59,92,3,86,2,32,115,61,12" hai1="52,24,70,30,82,112,26,93,35,45,134,20,109" hai2="69,127,13,122,90,104,68,8,56,41,124,5,37" hai3="107,16,118,96,131,50,98,75,21,64,40,38,101"/><U22/><E112/><V135/><F122/><W39/><G75/><T87/><D36/><U65/><E134/><V51/><F104/><W34/><G131/><T63/><D32/><U132/><E132/><V99/><F37/><W42/><G34/><T60/><D115/><U57/><E35/><V89/><F135/><W0/><G0/><T14/><D92/><U71/><E45/><V133/><F133/><W103/><G118/><T110/><D61/><U108/><E93/><V18/><F99/><W27/><G64/><T113/><D49/><U79/><E65/><V46/><F56/><W123/><G123/><T66/><D66/><U23/><E23/><V43/><F43/><W85/><G50/><T15/><D15/><U105/><E105/><V62/><F62/><W7/><G7/><T97/><D113/><U54/><E71/><V126/><REACH who="2" step="1"/><F5/><REACH who="2" ten="250,250,302,188" step="2"/><W125/><G39/><T106/><D106/><U116/><E116/><V120/><F120/><W73/><G38/><T77/><D97/><U11/><E70/><AGARI ba="0,1" hai="8,13,18,41,46,51,68,69,70,89,90,124,126,127" machi="70" ten="50,3200,0" yaku="1,1,18,1,53,0" doraHai="80" doraHaiUra="48" who="2" fromWho="1" sc="250,0,250,-32,302,42,188,0" /><INIT seed="2,0,0,0,2,3" ten="250,218,344,188" oya="2" hai0="56,115,125,83,18,13,63,135,35,80,21,92,5" hai1="131,78,37,116,55,110,57,105,4,86,14,74,60" hai2="70,96,9,81,34,98,40,108,27,129,24,31,85" hai3="90,46,45,132,84,41,20,130,58,111,44,19,16"/><V23/><F129/><W26/><G111/><T17/><D135/><U94/><E116/><V15/><F70/><W104/><G104/><T99/><D125/><U122/><E105/><V72/><F72/><W109/><G109/><T6/><D35/><U50/><E110/><V103/><F40/><W118/><G118/><T121/><D121/><U126/><E37/><V62/><F62/><W53/><G130/><T128/><D115/><U101/><E74/><V114/><F103/><W38/><G132/><T43/><D43/><U127/><E131/><V12/><F12/><W25/><G19/><T48/><D48/><U75/><E75/><V67/><F67/><W64/><G64/><T69/><D69/><U100/><E122/><V112/><F108/><W30/><G30/><T120/><D17/><U106/><E106/><V1/><F1/><W47/><G26/><T51/><D51/><U39/><E39/><V134/><F134/><W22/><G22/><T59/><D59/><U102/><E50/><V65/><F65/><W76/><G76/><T95/><D95/><U0/><E0/><V32/><F114/><W61/><REACH who="3" step="1"/><G45/><REACH who="3" ten="250,218,344,178" step="2"/><T71/><D128/><U119/><E119/><V10/><F112/><W77/><G77/><T79/><D120/><U113/><E113/><V11/><F27/><W68/><G68/><T7/><D71/><U66/><E66/><V49/><F32/><W107/><G107/><T91/><D79/><U29/><E78/><N who="2" m="46263" /><F34/><W123/><G123/><T97/><D97/><U28/><E28/><V124/><F31/><W88/><G88/><T54/><AGARI ba="0,1" hai="5,6,7,13,18,21,54,56,63,80,83,91,92,99" machi="54" ten="30,12000,2" yaku="5,1,0,1,8,1,52,3" doraHai="3" who="0" fromWho="0" sc="250,130,218,-30,344,-60,178,-30" /><INIT seed="3,0,0,0,4,127" ten="380,188,284,148" oya="3" hai0="65,124,105,16,41,129,99,83,57,85,15,11,64" hai1="88,77,82,47,48,102,111,7,70,10,109,66,69" hai2="59,1,6,121,84,130,46,114,22,116,27,13,36" hai3="17,19,89,115,37,25,78,132,131,122,63,34,81"/><W135/><G115/><T133/><D124/><U54/><E102/><V45/><F116/><W79/><G122/><T32/><D32/><U4/><E66/><V2/><F114/><W26/><G37/><T39/><D133/><N who="3" m="51273" /><G63/><T68/><D68/><U43/><E54/><V40/><F121/><W91/><G131/><T62/><D129/><U31/><E31/><V23/><F130/><W72/><G79/><T120/><D120/><U125/><E125/><V119/><F119/><W71/><G71/><T49/><D39/><U112/><E112/><V110/><F110/><N who="1" m="41993" /><E88/><N who="3" m="33866" /><G34/><T18/><D64/><U113/><E113/><V80/><F36/><W96/><G96/><T117/><D99/><U42/><E42/><V20/><F40/><W9/><G9/><T97/><D97/><U134/><E134/><V108/><F108/><W3/><G3/><T52/><D117/><U58/><E58/><V56/><F1/><W50/><G50/><T95/><D65/><U87/><E7/><V33/><F33/><W103/><G103/><T126/><D126/><U12/><AGARI ba="0,0" hai="4,10,12,43,47,48,69,70,77,82,87" m="41993" machi="12" ten="30,2000,0" yaku="25,1,14,1" doraHai="127" who="1" fromWho="1" sc="380,-5,188,20,284,-5,148,-10" /><INIT seed="4,0,0,3,5,53" ten="375,208,279,138" oya="0" hai0="63,80,134,39,0,77,5,118,128,72,19,133,66" hai1="61,88,36,67,81,31,6,79,56,49,103,24,4" hai2="111,54,135,119,1,109,98,7,60,2,42,59,23" hai3="117,69,29,28,99,74,65,91,108,47,35,62,8"/><T41/><D118/><U73/><E36/><V32/><F32/><W12/><G117/><T9/><D19/><U78/><E103/><V104/><F119/><W46/><G74/><T43/><D128/><U58/><E79/><V102/><F135/><W129/><G129/><T38/><D41/><U113/><E113/><V15/><F42/><W71/><G71/><T57/><REACH who="0" step="1"/><D39/><REACH who="0" ten="365,208,279,138" step="2"/><U21/><REACH who="1" step="1"/><E88/><REACH who="1" ten="365,198,279,138" step="2"/><V11/><F111/><W26/><G99/><T115/><D115/><U55/><AGARI ba="0,2" hai="4,6,21,24,31,49,55,56,58,61,67,73,78,81" machi="55" ten="30,8000,1" yaku="1,1,2,1,0,1,52,2,53,0" doraHai="53" doraHaiUra="126" who="1" fromWho="1" sc="365,-40,198,100,279,-20,138,-20" /><INIT seed="5,0,0,2,5,50" ten="325,298,259,118" oya="1" hai0="17,58,109,127,77,65,64,16,91,6,31,130,38" hai1="48,111,105,9,72,22,52,40,119,49,0,83,4" hai2="56,30,34,96,61,116,57,103,87,28,54,115,134" hai3="39,124,27,2,51,129,85,68,94,113,1,67,86"/><U35/><E35/><V71/><F116/><W21/><G39/><T23/><D38/><U75/><E119/><V101/><F134/><W89/><G113/><T15/><D77/><U53/><E105/><V3/><F71/><W43/><G129/><T46/><D6/><U18/><E40/><V100/><F3/><W120/><G120/><T42/><D31/><U20/><E111/><V95/><F115/><W29/><G124/><T106/><D106/><U133/><E133/><V13/><F34/><W114/><G114/><T19/><D109/><U118/><E118/><V110/><F110/><W25/><G67/><T78/><D78/><U102/><E102/><V8/><F87/><W126/><G68/><T45/><D64/><U41/><E41/><V33/><F33/><W12/><G12/><T117/><D130/><U66/><E66/><V70/><F70/><W74/><G74/><T59/><D59/><U55/><E22/><V84/><F84/><W10/><G10/><T69/><D69/><U32/><E32/><V97/><F57/><W73/><G73/><T63/><D127/><U99/><E99/><N who="2" m="37963" /><F95/><W36/><G36/><T92/><D117/><U76/><REACH who="1" step="1"/><E72/><REACH who="1" ten="325,288,259,118" step="2"/><V24/><F24/><AGARI ba="0,1" hai="0,4,9,18,20,24,48,49,52,53,55,75,76,83" machi="24" ten="40,18000,2" yaku="1,1,2,1,52,3,54,1,53,1" doraHai="50" doraHaiUra="107" who="1" fromWho="2" sc="325,0,288,190,259,-180,118,0" /><INIT seed="5,1,0,1,3,42" ten="325,478,79,118" oya="1" hai0="57,63,110,79,91,41,5,55,76,70,131,52,71" hai1="65,34,118,43,94,53,80,60,83,23,128,38,130" hai2="75,123,68,96,116,54,122,69,51,117,0,39,32" hai3="26,64,30,24,124,115,89,72,125,104,62,129,87"/><U98/><E118/><N who="2" m="45675" /><F0/><W33/><G104/><T14/><D110/><U25/><E34/><V134/><F75/><W133/><G72/><T29/><D29/><U44/><E53/><V67/><F96/><W40/><G115/><T22/><D131/><U95/><E95/><V45/><F32/><W74/><G74/><T28/><D41/><U56/><E130/><V90/><F90/><W66/><G129/><T120/><D120/><N who="2" m="46122" /><F134/><W106/><G106/><T84/><D70/><N who="2" m="27242" /><F67/><W92/><G133/><T108/><D71/><U121/><E128/><V114/><F39/><W11/><G66/><T48/><D108/><U31/><REACH who="1" step="1"/><E121/><REACH who="1" ten="325,468,79,118" step="2"/><V10/><F10/><W73/><G11/><T99/><D55/><U1/><E1/><V113/><AGARI ba="1,1" hai="45,51,54,113,114" m="27242,46122,45675" machi="113" ten="40,5200,0" yaku="34,2,52,1" doraHai="42" who="2" fromWho="2" sc="325,-14,468,-27,79,65,118,-14" /><INIT seed="6,0,0,5,4,99" ten="311,441,144,104" oya="2" hai0="34,40,87,32,133,11,129,68,10,78,59,26,24" hai1="61,39,37,57,80,70,20,111,83,128,22,116,104" hai2="1,31,30,5,91,41,4,6,118,60,50,77,13" hai3="98,14,23,90,3,135,44,74,109,121,53,36,63"/><V132/><F118/><W120/><G3/><T117/><D68/><U65/><E116/><V73/><F1/><W0/><G74/><T42/><D117/><U56/><E104/><V82/><F132/><W8/><G0/><T130/><D59/><U127/><E111/><V101/><F91/><W110/><G23/><T43/><D87/><U88/><E70/><V12/><F60/><W84/><G135/><T94/><D94/><U19/><E127/><V51/><F41/><W21/><G21/><T62/><D62/><U49/><E128/><V92/><F50/><W46/><G36/><T107/><D42/><U95/><E39/><V85/><F51/><W124/><G124/><T81/><D81/><U102/><E102/><V55/><F55/><W67/><G98/><T125/><D78/><U28/><E37/><V134/><F134/><W122/><G14/><N who="2" m="5737" /><F73/><W79/><G8/><T123/><D133/><U93/><E28/><N who="2" m="10795" /><F92/><N who="1" m="35401" /><E88/><V58/><F58/><W103/><G90/><T64/><D125/><U131/><E131/><V105/><F105/><W75/><G75/><T25/><D25/><N who="1" m="14495" /><E22/><V54/><F54/><AGARI ba="0,0" hai="49,54,56,57,61,65,80,83" m="14495,35401" machi="54" ten="30,1000,0" yaku="8,1" doraHai="99" who="1" fromWho="2" sc="311,0,441,10,144,-10,104,0" /><INIT seed="7,0,0,1,0,41" ten="311,451,134,104" oya="3" hai0="121,86,56,131,12,129,60,78,19,39,135,4,85" hai1="2,112,62,75,43,55,109,32,7,64,5,70,14" hai2="77,71,134,100,83,99,6,127,16,23,29,47,36" hai3="26,50,79,132,28,8,72,76,66,123,58,128,49"/><W38/><G128/><T117/><D117/><U1/><E32/><V3/><F71/><W90/><G123/><T51/><D39/><U22/><E75/><N who="2" m="43455" /><F29/><W130/><G38/><T63/><D121/><U106/><E106/><V98/><F127/><W44/><G130/><T59/><D135/><U42/><E70/><V15/><F134/><W11/><G132/><T96/><D4/><U37/><E112/><V61/><F61/><N who="3" m="38199" /><G72/><T18/><D51/><U97/><E43/><N who="2" m="23015" /><F100/><W25/><G90/><T88/><D12/><U69/><E5/><V108/><F108/><W107/><G107/><T125/><D96/><U67/><E1/><V94/><F94/><W89/><G89/><T27/><D88/><U57/><E37/><V87/><F87/><W24/><G50/><T101/><D78/><N who="3" m="29737" /><G28/><T54/><D125/><U122/><E2/><V10/><AGARI ba="0,0" hai="3,6,10,15,16,23,98,99" m="23015,43455" machi="10" ten="30,4000,0" yaku="25,1,52,1,54,1" doraHai="41" who="2" fromWho="2" sc="311,-10,451,-10,134,40,104,-20" owari="301,10.1,441,54.1,174,-22.6,84,-41.6" /></mjloggm>