<mjloggm ver="2.3"><GO type="169" lobby="0"/><UN n0="%E3%81%A8%E3%81%B3%E3%81%BE%E3%81%93" n1="%52%65%61%6C%58" n2="%43%72%37" n3="%E3%81%BE%E3%81%88%E3%81%9F" dan="16,16,18,17" rate="2180.85,2183.38,2219.01,2199.41" sx="M,F,M,F"/><TAIKYOKU oya="0"/><INIT seed="0,0,0,0,3,109" ten="250,250,250,250" oya="0" hai0="62,30,37,99,64,88,132,128,115,104,113,46,7" hai1="119,29,87,103,124,118,83,0,47,42,59,52,81" hai2="6,133,34,135,120,27,74,114,56,70,121,40,60" hai3="105,5,3,58,11,127,122,21,51,14,125,16,107"/><T93/><D104/><U26/><E0/><V79/><F6/><W129/><G129/><T126/><D7/><U13/><E103/><V92/><F92/><W55/><REACH who="3" step="1"/><G122/><REACH who="3" ten="250,250,250,240" step="2"/><T67/><D128/><U96/><E119/><V53/><F121/><W106/><AGARI ba="0,1" hai="3,5,11,14,16,21,51,55,58,105,106,107,125,127" machi="106" ten="40,8000,1" yaku="1,1,2,1,0,1,54,1,53,1" doraHai="109" doraHaiUra="45" who="3" fromWho="3" sc="250,-40,250,-20,250,-20,240,90" /><INIT seed="1,0,0,3,4,132" ten="210,230,230,330" oya="1" hai0="44,58,14,3,16,18,101,21,111,117,118,33,80" hai1="34,125,129,78,75,84,66,1,52,81,30,65,5" hai2="103,131,25,128,57,36,45,7,71,69,74,67,39" hai3="79,24,50,9,124,48,55,109,90,105,70,31,2"/><U64/><E129/><N who="2" m="49739" /><F74/><W38/><G105/><T12/><D3/><U134/><E134/><V27/><F103/><W126/><G38/><N who="2" m="14377" /><F7/><N who="3" m="1271" /><G70/><N who="2" m="26633" /><F45/><W96/><G79/><T89/><D33/><U60/><E5/><V135/><F135/><W41/><G41/><T95/><D44/><U22/><E1/><V0/><F0/><W86/><G96/><T53/><D101/><U47/><E75/><V13/><F13/><W42/><G42/><T54/><D111/><U59/><E47/><V11/><F11/><W85/><G109/><T35/><D35/><U102/><E102/><V23/><F23/><N who="3" m="15775" /><G55/><T121/><D21/><U133/><E34/><V28/><F28/><W106/><G106/><T17/><D17/><U37/><E133/><V46/><F46/><W51/><G90/><T91/><D95/><U104/><E104/><V77/><F77/><W73/><G73/><T63/><D80/><U123/><E37/><V72/><F72/><W8/><G8/><T107/><D107/><U116/><E81/><V56/><F67/><W43/><G43/><T68/><D68/><U62/><E66/><V15/><F15/><W87/><G87/><T61/><REACH who="0" step="1"/><D58/><AGARI ba="0,0" hai="25,27,56,57,58" m="26633,14377,49739" machi="58" ten="40,5200,0" yaku="28,2,19,1" doraHai="132" who="2" fromWho="0" sc="210,-52,230,0,230,52,330,0" /><INIT seed="2,0,0,1,5,85" ten="158,230,282,330" oya="2" hai0="120,64,127,51,113,2,72,84,0,56,101,90,10" hai1="112,21,50,35,75,115,26,126,47,43,38,39,87" hai2="131,25,124,135,42,132,9,86,94,134,29,116,33" hai3="19,79,88,123,122,128,30,76,8,91,108,100,110"/><V107/><F107/><W129/><G30/><T24/><D120/><N who="3" m="46121" /><G8/><T36/><D72/><U96/><E75/><V49/><F116/><W12/><G100/><T118/><D113/><U11/><E126/><V81/><F124/><W17/><G79/><T60/><D36/><U103/><E35/><V77/><F131/><N who="3" m="50251" /><G76/><T34/><D118/><U105/><E11/><V4/><F94/><W130/><N who="3" m="50259" /><W125/><DORA hai="97" /><G125/><T62/><D51/><U73/><E73/><V55/><F42/><W16/><G12/><T59/><D101/><U78/><E115/><V5/><REACH who="2" step="1"/><F9/><REACH who="2" ten="158,230,272,330" step="2"/><W18/><N who="3" m="4096" /><DORA hai="65" /><W63/><G63/><T54/><D10/><U7/><E112/><V99/><F99/><W98/><G98/><T66/><D127/><U22/><E7/><V6/><F6/><W48/><G48/><T83/><REACH who="0" step="1"/><D64/><REACH who="0" ten="148,230,272,330" step="2"/><U80/><E50/><V71/><F71/><W117/><G117/><T28/><AGARI ba="0,2" hai="0,2,24,28,34,54,56,59,60,62,66,83,84,90" machi="28" ten="30,8000,1" yaku="1,1,2,1,0,1,52,1,53,1" doraHai="85,97,65" doraHaiUra="68,31,45" who="0" fromWho="0" sc="148,100,230,-20,272,-40,330,-20" /><INIT seed="3,0,0,3,0,131" ten="248,210,232,310" oya="3" hai0="82,117,87,20,67,4,95,62,15,29,59,123,50" hai1="109,53,55,135,91,31,25,54,61,28,64,65,105" hai2="77,8,24,124,52,93,114,99,21,107,0,46,116" hai3="1,103,132,120,80,118,121,130,11,94,101,112,16"/><W134/><G112/><T3/><D117/><U40/><E105/><V6/><F124/><W71/><G118/><T13/><D123/><U76/><E76/><V84/><F116/><W35/><G71/><T119/><D3/><U32/><E109/><V5/><F114/><W66/><G66/><T81/><D119/><U110/><E110/><V78/><F107/><W86/><G35/><T72/><D72/><U74/><E74/><V57/><F46/><W100/><G94/><T113/><D113/><U49/><E31/><V90/><F84/><W26/><G130/><T69/><D4/><U2/><E2/><V17/><REACH who="2" step="1"/><F5/><REACH who="2" ten="248,210,222,310" step="2"/><W127/><G127/><T44/><D44/><U9/><E40/><V34/><F34/><W96/><G96/><T14/><D87/><U12/><E32/><V102/><F102/><W111/><G111/><T85/><D85/><U27/><E91/><V39/><F39/><W98/><G98/><T128/><D128/><U75/><E75/><V97/><F97/><W70/><G121/><T47/><D95/><U122/><E122/><V30/><F30/><W41/><G120/><T68/><D82/><U42/><E42/><V133/><F133/><N who="3" m="51307" /><G86/><T45/><D81/><U10/><E135/><V22/><F22/><N who="3" m="13639" /><G80/><T23/><D29/><U33/><E28/><V129/><F129/><W79/><G41/><N who="0" m="24879" /><D47/><U126/><E33/><V7/><F7/><N who="3" m="1519" /><G70/><T37/><D37/><U51/><E126/><V36/><F36/><W108/><G108/><T88/><D88/><U104/><E104/><V92/><F92/><W43/><G43/><T60/><D68/><RYUUKYOKU ba="0,1" sc="248,10,210,-30,222,10,310,10" hai0="13,14,15,20,23,59,60,62,67,69" hai2="0,6,8,17,21,24,52,57,77,78,90,93,99" hai3="79,100,101,103" /><INIT seed="3,1,1,0,0,92" ten="258,180,232,320" oya="3" hai0="93,128,102,97,18,101,56,107,58,127,1,11,52" hai1="46,61,76,30,45,35,57,38,100,90,50,74,123" hai2="80,43,28,14,85,54,47,65,7,115,79,3,111" hai3="63,135,122,71,26,112,103,10,0,15,118,66,12"/><W49/><G112/><T110/><D110/><U5/><E123/><V104/><F115/><W99/><G122/><T24/><D127/><U84/><E5/><V81/><F111/><W88/><G135/><T23/><D128/><U134/><E134/><V119/><F119/><W91/><G118/><T2/><D56/><U95/><E100/><V87/><F104/><W51/><G0/><T78/><D78/><U131/><E131/><V59/><F28/><W27/><G27/><T116/><D116/><U125/><E38/><V130/><F65/><W69/><G69/><T4/><D107/><U8/><E45/><V105/><F105/><W94/><G26/><T42/><D42/><U113/><E125/><V36/><F14/><W86/><G91/><T83/><D83/><U70/><E35/><V68/><F68/><W22/><G22/><T53/><D53/><U124/><E30/><V41/><F43/><W33/><G33/><T121/><D121/><U114/><E124/><V106/><F106/><W34/><G34/><T16/><D18/><U108/><E108/><V126/><F130/><W21/><G21/><T40/><D40/><N who="1" m="24903" /><E8/><N who="2" m="2175" /><F126/><W89/><G89/><N who="0" m="55471" /><D2/><U98/><E70/><V129/><F129/><W44/><G44/><T48/><D1/><U75/><E114/><V109/><F109/><W25/><G25/><T32/><D32/><U60/><E113/><V55/><F59/><W72/><G72/><N who="1" m="27690" /><E57/><V17/><F17/><N who="3" m="8343" /><G15/><N who="0" m="7295" /><D4/><U31/><E31/><V96/><F96/><W39/><G39/><T20/><D24/><U6/><E6/><V37/><F36/><W64/><G64/><RYUUKYOKU ba="1,1" sc="258,0,180,0,232,0,320,0" hai0="20,23,48,52,58,101,102" hai1="60,61,76,84,90,95,98" hai2="37,41,47,54,55,79,80,81,85,87" hai3="49,51,63,66,71,86,88,94,99,103" /><INIT seed="3,2,1,0,5,65" ten="258,180,232,320" oya="3" hai0="125,82,76,122,94,133,40,55,90,53,34,77,117" hai1="36,62,79,10,70,104,61,102,21,51,66,134,119" hai2="19,86,14,28,100,118,112,81,97,91,43,96,31" hai3="126,132,93,99,23,18,69,0,124,114,52,73,131"/><W57/><G114/><T63/><D117/><U47/><E119/><V15/><F112/><W20/><G73/><T37/><D34/><U111/><E111/><V26/><F118/><W64/><G0/><T11/><D122/><U59/><E134/><V24/><F43/><W3/><G3/><T7/><D133/><U115/><E79/><V85/><F100/><W89/><G132/><T108/><D125/><N who="3" m="48233" /><G131/><T17/><D17/><U92/><E104/><V29/><F85/><W4/><G4/><T39/><D63/><U41/><E10/><V46/><F46/><W5/><G5/><T54/><D40/><U121/><E121/><V6/><F6/><W38/><G38/><T106/><D106/><U130/><E130/><V45/><F45/><W13/><G64/><T1/><D76/><U2/><E2/><V48/><F48/><N who="3" m="30855" /><G20/><T128/><D108/><U60/><E21/><V84/><F84/><W75/><G75/><T72/><REACH who="0" step="1"/><D128/><REACH who="0" ten="248,180,232,320" step="2"/><U58/><E115/><V67/><F19/><W80/><G80/><T103/><D103/><U116/><E116/><V25/><REACH who="2" step="1"/><F67/><REACH who="2" ten="248,180,222,320" step="2"/><W49/><G49/><T107/><D107/><U109/><E109/><V16/><F16/><W78/><G78/><T88/><D88/><U98/><E36/><V123/><F123/><W129/><G129/><T87/><AGARI ba="2,3" hai="1,7,11,37,39,53,54,55,72,77,82,87,90,94" machi="87" ten="30,2000,0" yaku="1,1,0,1,53,0" doraHai="65" doraHaiUra="135" who="0" fromWho="0" sc="248,56,180,-7,222,-7,320,-12" /><INIT seed="4,0,0,4,1,111" ten="304,173,215,308" oya="0" hai0="21,49,108,125,60,124,24,39,57,20,103,94,75" hai1="65,55,131,92,62,0,46,123,115,2,40,106,42" hai2="26,61,27,110,84,129,50,28,68,82,64,48,79" hai3="113,7,5,36,80,126,81,71,16,18,63,51,95"/><T121/><D75/><U15/><E123/><V109/><F27/><W53/><G36/><T96/><D39/><U19/><E106/><V72/><F129/><W122/><G71/><T127/><D121/><U59/><E131/><V101/><F84/><W11/><G63/><T98/><D108/><U25/><E25/><V41/><F50/><W38/><G38/><T43/><D98/><U4/><E4/><V93/><F41/><W97/><G122/><T76/><D76/><U114/><E92/><V85/><F48/><W74/><G113/><N who="1" m="43018" /><E65/><V31/><F31/><W10/><G74/><T3/><D3/><N who="1" m="1067" /><E46/><V102/><F110/><W118/><G5/><T132/><D132/><U133/><E133/><V8/><F109/><W70/><G7/><T67/><D24/><U35/><E35/><V23/><F93/><W91/><G81/><T112/><D112/><U73/><E73/><V134/><F134/><W56/><G80/><T104/><D104/><U107/><E107/><V47/><F47/><AGARI ba="0,0" hai="20,21,43,47,49,57,60,67,94,96,103,124,125,127" machi="47" ten="40,2000,0" yaku="18,1" doraHai="111" who="0" fromWho="2" sc="304,20,173,0,215,-20,308,0" /><INIT seed="4,1,0,4,1,8" ten="324,173,195,308" oya="0" hai0="93,54,64,13,36,72,120,128,49,99,105,7,21" hai1="127,17,112,90,39,70,89,30,125,68,16,80,34" hai2="65,124,37,122,38,96,57,135,100,81,52,62,110" hai3="20,74,56,111,22,103,85,61,43,29,104,75,26"/><T27/><D36/><U130/><E130/><V115/><F110/><W28/><G111/><T126/><D120/><U121/><E39/><V18/><F122/><W15/><G43/><T114/><D105/><U10/><E121/><V71/><F115/><W3/><G3/><T59/><D72/><U77/><E112/><V118/><F135/><W87/><G104/><T51/><D114/><U131/><E131/><V106/><F124/><N who="1" m="47689" /><E30/><V83/><F118/><W123/><G103/><T31/><D126/><U0/><E34/><V55/><F55/><W2/><G2/><T91/><D64/><U88/><E0/><V58/><F71/><N who="1" m="27177" /><E10/><V12/><F37/><W132/><G132/><T97/><D128/><U113/><E113/><V24/><F24/><W33/><G33/><T47/><D99/><U4/><E4/><V129/><F38/><W44/><G29/><T134/><D134/><U50/><E50/><V66/><F129/><W46/><G28/><T11/><D47/><U60/><E60/><AGARI ba="1,0" hai="7,11,13,21,27,31,49,51,54,59,60,91,93,97" machi="60" ten="30,5800,0" yaku="7,1,8,1,52,1" doraHai="8" who="0" fromWho="1" sc="324,61,173,-61,195,0,308,0" /><INIT seed="4,2,0,0,4,123" ten="385,112,195,308" oya="0" hai0="120,29,107,129,62,74,82,55,2,37,65,121,25" hai1="47,3,44,125,41,66,56,92,51,23,119,9,71" hai2="38,8,57,126,59,113,34,48,131,85,89,105,110" hai3="13,87,96,88,17,5,124,46,116,0,108,135,33"/><T130/><D107/><U7/><E119/><V76/><F38/><W58/><G33/><T100/><D100/><U70/><E125/><V95/><F34/><W75/><G75/><T83/><D2/><U45/><E23/><V30/><F105/><W49/><G58/><T53/><D74/><U132/><E132/><V112/><F30/><W19/><G96/><T42/><D25/><U43/><E92/><V134/><F131/><N who="0" m="50186" /><D82/><U67/><E9/><V80/><F126/><W16/><G124/><T81/><D81/><U54/><E7/><V122/><F122/><N who="0" m="47210" /><D83/><U39/><E3/><V6/><F134/><W133/><G0/><T128/><D29/><U12/><E12/><V99/><F48/><W28/><G28/><T32/><D32/><U63/><E67/><V14/><F59/><W15/><G133/><T11/><D11/><U79/><E79/><V69/><F57/><W21/><G21/><T103/><D103/><U36/><AGARI ba="2,0" hai="36,39,41,43,44,45,47,51,54,56,63,66,70,71" machi="36" ten="20,16000,3" yaku="0,1,7,1,9,1,35,6" doraHai="123" who="1" fromWho="1" sc="385,-82,112,166,195,-42,308,-42" /><INIT seed="5,0,0,1,2,33" ten="303,278,153,266" oya="1" hai0="23,110,26,15,88,107,45,1,3,51,60,71,129" hai1="69,95,111,105,92,37,93,42,104,0,116,102,53" hai2="115,117,75,78,73,134,52,121,50,68,55,65,44" hai3="128,17,11,82,20,83,66,63,25,120,34,90,119"/><U106/><E116/><V32/><F117/><W132/><G119/><T99/><D110/><U54/><E69/><V9/><F121/><W5/><G120/><T48/><D15/><U64/><E64/><V67/><F134/><W47/><G132/><T126/><D51/><U16/><E111/><V124/><F32/><W113/><G113/><T31/><D126/><U49/><E0/><V57/><F124/><W118/><G128/><T8/><D8/><U70/><E70/><V130/><F130/><W43/><G90/><T35/><D23/><U41/><E37/><V56/><F68/><W18/><G18/><T109/><D109/><U39/><E39/><V19/><F115/><W76/><G34/><T27/><D27/><U22/><E102/><V108/><F108/><W79/><G79/><T4/><D4/><U87/><E87/><V30/><F30/><W131/><G76/><T74/><D74/><U62/><E62/><V36/><F36/><W84/><G84/><T85/><D99/><U123/><E123/><V97/><F97/><W98/><G98/><T72/><D107/><U6/><E6/><V12/><F44/><W46/><G47/><T86/><D86/><U91/><E91/><V94/><F94/><W103/><G103/><T29/><D72/><N who="2" m="27722" /><F78/><W24/><G131/><T40/><D29/><U125/><E125/><V101/><F101/><W58/><G118/><T77/><D77/><U127/><E127/><V10/><F10/><W96/><G96/><T112/><D129/><U135/><E135/><V81/><F81/><W100/><G100/><T80/><D112/><RYUUKYOKU ba="0,0" sc="303,15,278,-15,153,15,266,-15" hai0="1,3,26,31,35,40,45,48,60,71,80,85,88" hai2="9,12,19,50,52,55,56,57,65,67" /><INIT seed="6,1,0,4,5,2" ten="318,263,168,251" oya="2" hai0="40,32,62,56,3,123,52,106,89,69,78,87,90" hai1="47,41,27,83,24,79,82,59,34,124,18,9,107" hai2="131,111,100,112,98,80,103,92,74,25,30,99,4" hai3="133,21,51,11,117,81,132,15,58,86,109,5,50"/><V118/><F118/><W23/><G109/><T94/><D106/><U22/><E107/><V45/><F111/><W122/><G117/><T76/><D32/><U95/><E124/><V61/><F112/><W91/><G122/><T127/><D123/><U66/><E95/><V68/><F131/><W84/><G84/><N who="0" m="52519" /><D3/><U43/><E9/><V49/><F4/><W36/><G36/><T126/><D69/><U44/><E66/><V102/><F68/><W13/><G13/><T1/><D40/><U88/><E59/><V67/><F74/><W130/><G130/><T129/><D1/><U55/><E55/><V63/><F80/><W114/><G114/><T71/><D71/><U26/><E82/><V125/><F125/><N who="0" m="47626" /><D129/><U104/><E104/><V29/><F29/><W20/><REACH who="3" step="1"/><G58/><REACH who="3" ten="318,263,168,241" step="2"/><T135/><D135/><AGARI ba="1,1" hai="5,11,15,20,21,23,50,51,81,86,91,132,133,135" machi="135" ten="40,8000,1" yaku="1,1,2,1,20,1,52,1,53,0" doraHai="2" doraHaiUra="38" who="3" fromWho="0" sc="318,-83,263,0,168,0,241,93" /><INIT seed="7,0,0,2,3,50" ten="235,263,168,334" oya="3" hai0="35,120,79,93,71,98,14,13,31,11,43,88,58" hai1="109,115,75,45,23,108,73,127,128,0,63,17,124" hai2="106,100,91,24,44,96,97,53,83,5,9,101,89" hai3="111,20,117,37,107,59,51,56,15,77,112,78,21"/><W6/><G107/><T114/><D71/><U47/><E0/><V36/><F24/><W57/><G37/><T123/><D14/><U67/><E115/><V105/><F83/><W54/><G112/><T40/><D114/><U81/><E128/><V121/><F121/><W52/><G111/><T132/><D132/><U60/><E23/><N who="3" m="8778" /><G117/><T110/><D79/><N who="3" m="30217" /><G51/><T119/><D110/><U48/><E48/><V8/><F53/><W134/><G134/><T94/><D119/><U34/><E34/><V129/><F129/><W49/><G49/><T29/><D58/><U104/><E104/><V33/><F33/><W16/><G6/><T18/><D35/><U70/><E70/><V86/><F86/><W130/><G130/><T64/><D64/><U125/><E67/><V68/><F68/><W25/><G25/><T76/><D76/><U95/><E75/><V26/><F26/><W12/><G12/><T82/><D82/><U2/><E81/><V85/><F85/><W65/><G65/><T28/><REACH who="0" step="1"/><D93/><REACH who="0" ten="225,263,168,334" step="2"/><U103/><E108/><V4/><REACH who="2" step="1"/><F36/><REACH who="2" ten="225,263,158,334" step="2"/><W69/><G69/><T116/><D116/><U122/><E109/><V42/><F42/><AGARI ba="0,2" hai="11,13,18,28,29,31,40,42,43,88,94,98,120,123" machi="42" ten="40,5200,0" yaku="1,1,54,1,53,1" doraHai="50" doraHaiUra="92" who="0" fromWho="2" sc="225,72,263,0,158,-52,334,0" owari="297,9.7,263,-13.7,106,-39.4,334,43.4" /></mjloggm>