<mjloggm ver="2.3"><GO type="169" lobby="0"/><UN n0="%E5%AE%88%E6%9D%91%E6%A1%9C%E5%BC%A5" n1="%E6%9B%B8" n2="%E8%91%B5%E3%81%A1%E3%82%83%E3%82%93" n3="%E3%81%8A%E3%81%98%E3%81%95%E3%82%93" dan="17,16,18,17" rate="2169.38,2100.96,2214.84,2217.15" sx="M,M,F,M"/><TAIKYOKU oya="0"/><INIT seed="0,0,0,1,1,93" ten="250,250,250,250" oya="0" hai0="47,20,44,119,102,23,126,71,99,80,5,95,55" hai1="86,133,103,1,94,53,41,129,89,33,121,29,61" hai2="26,6,91,58,14,124,21,77,134,106,12,132,11" hai3="122,57,83,38,100,46,115,42,2,30,51,97,104"/><T70/><D119/><U65/><E121/><V54/><F106/><W110/><G115/><T13/><D126/><U76/><E129/><V111/><F124/><W123/><G110/><T90/><D71/><U73/><E133/><N who="2" m="51307" /><F111/><W19/><G2/><T96/><D70/><U84/><E41/><V4/><F77/><W48/><G30/><T117/><D117/><U113/><E1/><N who="2" m="399" /><F91/><W22/><G83/><T43/><D80/><U39/><E73/><V62/><F6/><W9/><G9/><N who="0" m="4271" /><D55/><U37/><E53/><V69/><F69/><W128/><G128/><T85/><D43/><U60/><E103/><V32/><F32/><W118/><G118/><T15/><D102/><U36/><E113/><V75/><F75/><W66/><G66/><T109/><D109/><U125/><E65/><V107/><F107/><W28/><G28/><AGARI ba="0,0" hai="12,14,21,26,28,54,58,62" m="399,51307" machi="28" ten="30,1000,0" yaku="20,1" doraHai="93" who="2" fromWho="3" sc="250,0,250,0,250,10,250,-10" /><INIT seed="1,0,0,1,0,24" ten="250,250,260,240" oya="1" hai0="84,32,95,68,39,125,0,94,115,6,128,56,17" hai1="38,13,131,86,5,43,89,15,134,72,82,42,46" hai2="59,40,97,105,10,129,55,88,91,36,79,64,81" hai3="103,70,65,111,67,135,130,47,69,87,113,71,18"/><U93/><E131/><V80/><F129/><W41/><G130/><T114/><D68/><U75/><E134/><V26/><F64/><N who="3" m="24651" /><G103/><T77/><D128/><U78/><E43/><V119/><F119/><W54/><G87/><T116/><D116/><U107/><E107/><V100/><F10/><W29/><G29/><T37/><D32/><U53/><E75/><V7/><F7/><W133/><G18/><T124/><D17/><U2/><REACH who="1" step="1"/><E53/><REACH who="1" ten="250,240,260,240" step="2"/><V60/><F40/><W51/><G113/><T121/><D114/><U108/><E108/><V52/><F55/><W73/><G73/><T66/><D115/><U92/><E92/><V19/><F36/><N who="3" m="21927" /><G111/><T1/><D94/><U85/><E85/><V35/><F81/><W27/><G27/><T83/><D95/><U74/><E74/><V3/><F80/><W28/><G28/><T63/><D84/><U126/><E126/><V11/><F26/><W62/><G62/><T117/><D83/><U16/><E16/><V30/><F30/><W22/><G22/><T33/><D125/><U61/><E61/><V45/><F19/><W9/><G9/><AGARI ba="0,1" hai="2,5,9,13,15,38,42,46,72,78,82,86,89,93" machi="9" ten="40,7700,0" yaku="1,1,25,2,53,0" doraHai="24" doraHaiUra="118" who="1" fromWho="3" sc="250,0,240,87,260,0,240,-77" /><INIT seed="1,1,0,1,4,110" ten="250,327,260,163" oya="1" hai0="80,76,93,77,127,31,91,94,49,73,72,128,34" hai1="45,97,12,89,2,126,114,18,92,60,38,98,65" hai2="116,5,135,104,125,44,119,15,4,106,59,111,27" hai3="83,52,85,115,30,47,88,96,124,19,48,35,107"/><U32/><E114/><V117/><F111/><W41/><G124/><T68/><D68/><U105/><E2/><V75/><F75/><W67/><G67/><T113/><D127/><U112/><E112/><V22/><F125/><W134/><G134/><T102/><D128/><U109/><E109/><V61/><F135/><W17/><G115/><T63/><D63/><U51/><E38/><V101/><F44/><W24/><REACH who="3" step="1"/><G41/><REACH who="3" ten="250,327,260,153" step="2"/><T23/><D113/><U66/><E65/><V81/><F117/><W64/><G64/><T7/><D73/><U121/><E66/><V58/><F119/><W74/><G74/><T56/><D72/><U9/><E126/><V69/><F116/><W99/><G99/><T90/><D56/><U3/><E98/><V42/><F59/><W25/><G25/><T71/><D71/><U87/><E97/><V82/><F27/><W57/><G57/><T86/><D86/><U118/><E87/><V20/><F58/><W0/><G0/><T103/><D103/><AGARI ba="1,1" hai="17,19,24,30,35,47,48,52,83,85,88,96,103,107" machi="103" ten="40,8000,1" yaku="1,1,54,2,53,1" doraHai="110" doraHaiUra="79" who="3" fromWho="0" sc="250,-83,327,0,260,0,153,93" /><INIT seed="2,0,0,4,0,20" ten="167,327,260,246" oya="2" hai0="17,18,79,134,76,57,1,63,87,84,24,98,118" hai1="48,49,39,116,73,59,95,111,23,11,7,30,131" hai2="125,67,69,104,71,100,123,72,45,65,133,119,85" hai3="54,109,50,114,12,43,91,16,15,27,21,33,41"/><V115/><F72/><W28/><G109/><T121/><D121/><U89/><E116/><V5/><F119/><W46/><G114/><T8/><D118/><U70/><E111/><V124/><F115/><W78/><G78/><T0/><D134/><U60/><E39/><V42/><F123/><W107/><G107/><T120/><D120/><U74/><E70/><N who="2" m="26635" /><F5/><W32/><G32/><T106/><D106/><U93/><E93/><V99/><F85/><W62/><G62/><T31/><D98/><U53/><E73/><V47/><F133/><W130/><G130/><T113/><D113/><U103/><E103/><V26/><F26/><W13/><REACH who="3" step="1"/><G91/><REACH who="3" ten="167,327,260,236" step="2"/><T29/><D63/><U92/><E131/><V61/><F61/><W102/><G102/><T22/><D79/><U35/><E89/><V126/><F47/><W25/><AGARI ba="0,1" hai="12,13,15,16,21,25,27,28,33,41,43,46,50,54" machi="25" ten="30,8000,1" yaku="1,1,0,1,52,2,54,1,53,0" doraHai="20" doraHaiUra="129" who="3" fromWho="3" sc="167,-20,327,-20,260,-40,236,90" /><INIT seed="3,0,0,1,4,111" ten="147,307,220,326" oya="3" hai0="67,122,132,85,50,127,21,32,110,135,65,114,38" hai1="123,45,87,55,59,88,84,96,11,28,128,12,97" hai2="76,5,66,75,116,57,20,115,15,0,61,46,19" hai3="33,8,124,117,27,22,91,60,69,82,54,89,2"/><W101/><G117/><T64/><D32/><U120/><E128/><V39/><F116/><W102/><G124/><T34/><D34/><U58/><E28/><V4/><F0/><W77/><G33/><T51/><D21/><U78/><E78/><V30/><F30/><W47/><G69/><T79/><D85/><U44/><E55/><V13/><F13/><W62/><G8/><T43/><D79/><U92/><E12/><V118/><F118/><W35/><G35/><T48/><D110/><U17/><E17/><V104/><F104/><W112/><G112/><T25/><D25/><U14/><E14/><V71/><F71/><W6/><G6/><T131/><D131/><U42/><E42/><V7/><F46/><W3/><G3/><T56/><D122/><U49/><E49/><V37/><REACH who="2" step="1"/><F115/><REACH who="2" ten="147,307,210,326" step="2"/><W90/><G2/><T68/><D114/><U125/><E44/><V107/><F107/><W36/><G47/><N who="0" m="24055" /><D68/><U98/><E123/><V134/><F134/><N who="0" m="51242" /><D127/><U23/><E125/><V95/><F95/><W86/><G27/><T83/><D83/><AGARI ba="0,1" hai="4,5,7,15,19,20,37,39,57,61,66,75,76,83" machi="83" ten="40,1300,0" yaku="1,1,53,0" doraHai="111" doraHaiUra="80" who="2" fromWho="0" sc="147,-13,307,0,210,23,326,0" /><INIT seed="4,0,0,3,5,10" ten="134,307,233,326" oya="0" hai0="119,129,112,88,87,121,44,124,31,21,12,8,60" hai1="4,47,1,101,95,30,7,118,105,13,84,25,133" hai2="23,93,120,135,20,132,67,36,17,68,11,55,110" hai3="111,83,42,130,54,108,49,14,100,5,71,75,41"/><T134/><D121/><U26/><E118/><V43/><F120/><W52/><G71/><T16/><D119/><U66/><E1/><V79/><F110/><W114/><G114/><T24/><D112/><U57/><E105/><V33/><F33/><W0/><G0/><T92/><D134/><N who="2" m="51242" /><F79/><W61/><G100/><T85/><D129/><U97/><E133/><V28/><F28/><W116/><G116/><T48/><D60/><U98/><E47/><N who="2" m="24039" /><F55/><W73/><G130/><T3/><D3/><U76/><E98/><V78/><F78/><W45/><G83/><T29/><D124/><U94/><E30/><V69/><F93/><W9/><G54/><N who="0" m="29959" /><D31/><U2/><E2/><V15/><F67/><W34/><G34/><T22/><D22/><AGARI ba="0,0" hai="11,15,17,20,22,23,68,69" m="24039,51242" machi="22" ten="30,2000,0" yaku="20,1,52,1" doraHai="10" who="2" fromWho="0" sc="134,-20,307,0,233,20,326,0" /><INIT seed="5,0,0,5,4,3" ten="114,307,253,326" oya="1" hai0="39,13,121,73,1,68,122,4,111,8,24,72,115" hai1="25,65,9,127,103,20,38,15,97,30,113,79,123" hai2="124,23,14,106,62,83,36,43,7,35,32,117,108" hai3="60,51,71,6,17,114,109,76,107,81,130,78,125"/><U54/><E123/><N who="0" m="47113" /><D68/><U49/><E113/><V59/><F108/><W98/><G78/><T19/><D39/><U70/><E38/><V132/><F106/><W50/><G109/><T105/><D105/><U135/><E127/><V96/><F124/><W85/><G130/><T48/><D48/><U118/><E118/><V10/><F117/><W11/><G17/><T52/><D52/><U74/><E135/><V95/><F132/><W53/><G11/><N who="0" m="2447" /><D73/><U2/><E2/><V61/><F61/><W22/><G22/><N who="0" m="13407" /><D72/><U119/><E119/><V133/><F133/><W104/><G71/><T84/><D84/><U29/><E79/><V67/><F83/><W120/><G51/><T87/><D87/><U28/><E74/><V37/><F37/><W110/><G50/><T42/><D42/><U63/><E97/><V18/><F43/><W27/><G98/><T34/><D111/><U86/><E86/><V26/><REACH who="2" step="1"/><F36/><REACH who="2" ten="114,307,243,326" step="2"/><W45/><G110/><T128/><D128/><U75/><E75/><V40/><F40/><W5/><G81/><T16/><D34/><U129/><E129/><V101/><AGARI ba="0,1" hai="7,10,14,18,23,26,32,35,59,62,67,95,96,101" machi="101" ten="20,8000,1" yaku="1,1,0,1,7,1,52,1,53,1" doraHai="3" doraHaiUra="99" who="2" fromWho="2" sc="114,-20,307,-40,243,90,326,-20" /><INIT seed="6,0,0,4,0,21" ten="94,267,333,306" oya="2" hai0="6,126,113,110,46,91,50,125,103,18,31,57,106" hai1="33,39,37,77,132,30,66,100,127,108,131,81,101" hai2="73,51,87,84,63,119,34,128,94,118,107,124,61" hai3="98,3,19,74,49,29,78,122,109,1,72,5,68"/><V48/><F94/><W90/><G68/><T135/><D110/><U99/><E108/><V16/><F73/><W56/><G122/><T15/><D113/><U28/><E131/><V102/><F102/><W52/><G109/><T114/><D114/><U116/><E116/><V62/><F34/><W14/><G29/><T95/><D135/><U79/><E132/><V105/><F62/><W54/><G5/><T92/><D6/><U7/><E7/><V120/><F120/><W42/><G42/><T41/><D126/><U27/><E127/><V89/><F89/><W85/><G98/><T96/><D125/><U70/><E101/><V25/><F124/><W4/><G4/><T82/><D57/><U129/><E30/><V115/><F115/><W22/><G54/><T43/><D43/><U93/><E79/><V13/><F13/><W112/><G112/><T88/><D31/><U121/><E129/><V75/><F75/><W12/><G12/><T20/><REACH who="0" step="1"/><D91/><REACH who="0" ten="84,267,333,306" step="2"/><U80/><E121/><V133/><F133/><W44/><G78/><T97/><D97/><U55/><E77/><V53/><F128/><W69/><G69/><T60/><D60/><U67/><E70/><V86/><F63/><W11/><G56/><T9/><D9/><U130/><E130/><V32/><F119/><W10/><G72/><T35/><D35/><U134/><E134/><V64/><F118/><W83/><REACH who="3" step="1"/><G74/><REACH who="3" ten="84,267,333,296" step="2"/><T123/><D123/><U47/><E37/><V65/><F53/><W23/><G23/><T36/><D36/><U0/><E39/><V59/><F59/><W71/><G71/><RYUUKYOKU ba="0,2" sc="84,15,267,-15,333,-15,296,15" hai0="15,18,20,41,46,50,82,88,92,95,96,103,106" hai3="1,3,10,11,14,19,22,44,49,52,83,85,90" /><INIT seed="7,1,2,4,1,58" ten="99,252,318,311" oya="3" hai0="78,135,105,118,20,106,66,93,9,15,116,131,48" hai1="5,67,45,35,32,49,55,123,14,46,98,37,47" hai2="65,72,100,4,80,11,61,103,21,22,125,53,132" hai3="44,92,120,82,41,133,128,134,50,42,108,87,23"/><W110/><G120/><T97/><D135/><N who="3" m="51721" /><G128/><T79/><D131/><U109/><E109/><N who="3" m="42090" /><G23/><T70/><D20/><U90/><E123/><V122/><F122/><W59/><G59/><T29/><D48/><U40/><E67/><V60/><F132/><W129/><G129/><T74/><D29/><U30/><E30/><V6/><F125/><W85/><G92/><T54/><D54/><U130/><E130/><V3/><F53/><N who="3" m="29895" /><G87/><T57/><D57/><U1/><E46/><V28/><F28/><W68/><G68/><T83/><D9/><U124/><E124/><V2/><F11/><W38/><G38/><T64/><D15/><U33/><E14/><V0/><F0/><W56/><G56/><T84/><D66/><U107/><E1/><V114/><F65/><W36/><G36/><T17/><D17/><U43/><E55/><V96/><F96/><W31/><G31/><T111/><D111/><U121/><E121/><V75/><F114/><W117/><G117/><T51/><D51/><U119/><E119/><V19/><F19/><W102/><G102/><T89/><D64/><U112/><E5/><V88/><F80/><W52/><G52/><T113/><D70/><U26/><E112/><V10/><F10/><W69/><G69/><T71/><D71/><U95/><E107/><V104/><F104/><W27/><G27/><T39/><D39/><U18/><E26/><V101/><F101/><W25/><G25/><T76/><D113/><U94/><E18/><V81/><F81/><W115/><G115/><T62/><D62/><U86/><E35/><V24/><F24/><RYUUKYOKU ba="1,2" sc="99,-30,252,10,318,10,311,10" hai1="32,33,37,40,43,45,47,49,86,90,94,95,98" hai2="2,3,4,6,21,22,60,61,72,75,88,100,103" hai3="41,42,82,85" /><INIT seed="7,2,2,1,5,123" ten="69,262,328,321" oya="3" hai0="24,81,39,94,84,78,18,58,60,66,92,97,131" hai1="89,34,87,47,37,129,54,14,102,8,96,70,12" hai2="26,121,133,119,30,117,4,125,93,127,61,31,112" hai3="88,21,56,80,67,53,111,106,46,86,114,130,19"/><W105/><G114/><T64/><D131/><U9/><E129/><V41/><F112/><W23/><G130/><T113/><D113/><U98/><E34/><N who="2" m="20823" /><F121/><W134/><G134/><T69/><D39/><U32/><E32/><V0/><F133/><W120/><G120/><T107/><D107/><U7/><E70/><V20/><F41/><W5/><G111/><T57/><D57/><U3/><E3/><V17/><F31/><W132/><G132/><T115/><D69/><U51/><E102/><V10/><F93/><W49/><G5/><T38/><D94/><U43/><E43/><V13/><F61/><N who="3" m="38311" /><G106/><T68/><D68/><U100/><E100/><V11/><F11/><W74/><G74/><T77/><D77/><U35/><E35/><V33/><F33/><W124/><G105/><T59/><D59/><U72/><E72/><V28/><F28/><W62/><G124/><AGARI ba="2,2" hai="0,4,10,13,17,20,117,119,124,125,127" m="20823" machi="124" ten="30,7700,0" yaku="24,1,18,1,34,2" doraHai="123" who="2" fromWho="3" sc="69,0,262,0,328,103,321,-83" owari="69,-43.1,262,6.2,431,53.1,238,-16.2" /></mjloggm>