<mjloggm ver="2.3"><GO type="169" lobby="0"/><UN n0="%70%6F%6E%2D%65%6E" n1="%E2%84%83%2D%75%74%65" n2="%61%73%6D%65%69%61%73" n3="%71%75%61%72%6B" dan="16,17,16,16" rate="2192.04,2201.10,2102.69,2036.37" sx="F,M,M,M"/><TAIKYOKU oya="0"/><INIT seed="0,0,0,1,5,42" ten="250,250,250,250" oya="0" hai0="67,130,28,79,103,133,1,55,128,100,33,127,50" hai1="68,26,9,62,74,12,25,61,11,78,8,31,83" hai2="45,58,13,129,39,24,21,47,49,90,59,48,75" hai3="101,41,43,56,94,108,124,65,73,5,115,52,29"/><T81/><D1/><U85/><E68/><V70/><F75/><W76/><G115/><T96/><D28/><U18/><E26/><V132/><F70/><W10/><G124/><T92/><D33/><U38/><E38/><V27/><F39/><W102/><G65/><T87/><D67/><U69/><E69/><V104/><F104/><W37/><G108/><T86/><D133/><U105/><E105/><V0/><F0/><N who="3" m="295" /><G43/><T30/><D30/><U34/><E11/><V122/><F122/><W6/><G94/><T112/><D112/><U91/><REACH who="1" step="1"/><E8/><REACH who="1" ten="250,240,250,250" step="2"/><V71/><F71/><W20/><G20/><T60/><D127/><U123/><E123/><V125/><F21/><W88/><G29/><T134/><D134/><U113/><E113/><V80/><F24/><W4/><G37/><T44/><D130/><U126/><E126/><V64/><F27/><W84/><G4/><T51/><D128/><U99/><E99/><V57/><F125/><W36/><G6/><T77/><D96/><U82/><AGARI ba="0,1" hai="9,12,18,25,31,34,61,62,74,78,82,83,85,91" machi="82" ten="20,5200,0" yaku="1,1,0,1,7,1,53,1" doraHai="42" doraHaiUra="106" who="1" fromWho="1" sc="250,-26,240,62,250,-13,250,-13" /><INIT seed="1,0,0,5,3,41" ten="224,302,237,237" oya="1" hai0="29,100,128,89,12,125,73,75,71,38,130,90,82" hai1="92,56,97,127,106,8,81,54,129,107,131,104,17" hai2="84,94,11,78,133,99,36,85,31,1,53,14,102" hai3="65,40,23,37,21,119,103,43,3,27,20,49,19"/><U24/><E127/><V98/><F36/><W45/><G3/><T62/><D29/><U7/><E81/><V52/><F1/><W13/><G119/><T111/><D12/><U47/><E24/><V93/><F133/><W2/><G2/><T61/><D71/><U124/><E17/><V15/><F31/><W91/><G103/><T69/><D69/><U117/><E117/><V116/><F116/><W39/><G65/><T135/><D38/><U46/><E124/><V18/><F78/><W120/><G120/><T79/><D61/><U57/><E8/><V9/><F18/><W109/><G109/><T87/><D62/><U51/><E7/><V134/><F134/><W5/><G49/><T60/><D60/><U122/><E122/><V74/><F102/><W34/><G91/><N who="0" m="34827" /><D125/><U35/><E56/><V68/><F68/><W64/><G64/><T33/><D33/><U110/><E35/><V80/><F80/><W6/><G34/><T121/><D135/><U28/><E28/><V67/><F67/><W0/><G0/><T58/><D58/><U95/><E110/><V25/><F74/><N who="0" m="28170" /><D121/><U4/><E4/><V70/><F70/><W48/><G48/><T44/><D44/><N who="1" m="16939" /><E97/><V55/><F55/><W16/><G23/><T77/><D111/><U42/><E42/><N who="3" m="15914" /><G39/><T50/><D77/><U26/><E26/><AGARI ba="0,0" hai="9,11,14,15,25,26,52,53,84,85,93,94,98,99" machi="26" ten="25,6400,0" yaku="22,2,8,1,54,1" doraHai="41" who="2" fromWho="1" sc="224,0,302,-64,237,64,237,0" /><INIT seed="2,0,0,0,4,89" ten="224,238,301,237" oya="2" hai0="87,74,34,8,83,105,25,22,132,12,65,72,7" hai1="35,54,27,88,133,90,86,122,45,61,67,93,14" hai2="66,116,112,73,121,10,44,81,111,123,37,113,3" hai3="58,42,76,56,63,6,60,102,30,99,92,59,75"/><V53/><F81/><W114/><G114/><N who="2" m="44137" /><F10/><W68/><G68/><T79/><D132/><U106/><E122/><N who="2" m="46603" /><F73/><W117/><G117/><T78/><D105/><U29/><E133/><V124/><F3/><W126/><G126/><T95/><D65/><U11/><E45/><V101/><F101/><W129/><G129/><T33/><D95/><U85/><E54/><V31/><F31/><W5/><G42/><T80/><REACH who="0" step="1"/><D87/><REACH who="0" ten="214,238,301,237" step="2"/><U24/><E106/><V110/><F66/><W20/><G75/><T18/><AGARI ba="0,1" hai="7,8,12,18,22,25,33,34,72,74,78,79,80,83" machi="18" ten="20,8000,1" yaku="1,1,2,1,0,1,7,1,9,1,53,0" doraHai="89" doraHaiUra="57" who="0" fromWho="0" sc="214,90,238,-20,301,-40,237,-20" /><INIT seed="3,0,0,0,4,2" ten="304,218,261,217" oya="3" hai0="93,83,55,80,118,105,82,6,96,16,20,130,115" hai1="0,10,50,19,114,91,88,84,73,75,25,44,131" hai2="77,60,100,35,27,40,47,124,13,43,103,104,21" hai3="38,8,3,72,128,39,70,127,14,106,102,123,121"/><W64/><G128/><T81/><D118/><U110/><E114/><V66/><F124/><W129/><G129/><T32/><D32/><U56/><E110/><V65/><F35/><W99/><G127/><T112/><D130/><U116/><E131/><V117/><F117/><W1/><G72/><T95/><D55/><U108/><E108/><V30/><F77/><W29/><G29/><T78/><D105/><U89/><E56/><V94/><F104/><W17/><G1/><T58/><D58/><U33/><E84/><V24/><F13/><W28/><G28/><T109/><D109/><U90/><E116/><V120/><F120/><W98/><G98/><T45/><D45/><U63/><E63/><V132/><F132/><W69/><G3/><T46/><D46/><U31/><N who="1" m="22528" /><DORA hai="11" /><U23/><E10/><V37/><F43/><W15/><G15/><T125/><D125/><U126/><E0/><V134/><F134/><W34/><G34/><T18/><D18/><U41/><REACH who="1" step="1"/><E126/><REACH who="1" ten="304,208,261,217" step="2"/><V12/><F65/><W22/><G8/><T61/><D61/><U4/><E4/><V74/><F60/><W51/><G64/><T76/><D6/><U92/><E92/><V9/><F94/><W62/><G62/><T111/><D111/><U79/><E79/><V71/><F9/><W122/><REACH who="3" step="1"/><G51/><REACH who="3" ten="304,208,261,207" step="2"/><T113/><D96/><U5/><E5/><V7/><F7/><W101/><G101/><T107/><D78/><U57/><E57/><V53/><F100/><W86/><G86/><N who="0" m="48391" /><D107/><U67/><E67/><V119/><F66/><W36/><AGARI ba="0,2" hai="14,17,22,36,38,39,69,70,99,102,106,121,122,123" machi="36" ten="40,18000,2" yaku="1,1,0,1,52,1,53,3" doraHai="2,11" doraHaiUra="68,49" who="3" fromWho="3" sc="304,-60,208,-60,261,-60,207,200" /><INIT seed="3,1,0,0,3,55" ten="244,148,201,407" oya="3" hai0="85,16,33,35,11,106,122,28,105,114,15,88,19" hai1="93,25,39,37,78,94,90,110,53,131,63,5,73" hai2="91,69,92,118,117,44,59,120,97,102,47,22,127" hai3="30,80,62,70,116,87,46,99,14,50,89,75,133"/><W7/><G116/><T12/><D122/><U84/><E110/><V60/><F69/><W96/><G133/><T135/><D114/><U104/><E104/><V109/><F120/><W41/><G75/><T121/><D135/><U20/><E131/><V64/><F109/><W45/><G30/><T65/><D65/><U82/><E5/><V101/><F127/><W107/><G107/><T112/><D112/><U74/><E74/><V130/><F130/><W52/><G70/><T108/><D108/><U10/><E10/><V36/><F118/><W1/><G1/><T43/><D43/><U98/><E63/><V31/><F117/><W17/><G7/><T18/><D121/><U134/><E53/><V58/><F36/><W51/><G62/><T66/><D66/><U42/><E42/><V34/><F34/><W86/><G86/><T125/><D125/><U3/><E3/><V72/><F59/><W29/><G29/><T0/><D0/><U128/><E128/><V23/><F23/><AGARI ba="1,0" hai="14,17,23,41,45,46,50,51,52,80,87,89,96,99" machi="23" ten="30,5800,0" yaku="7,1,8,1,54,1" doraHai="55" who="3" fromWho="2" sc="244,0,148,0,201,-61,407,61" /><INIT seed="3,2,0,4,1,58" ten="244,148,140,468" oya="3" hai0="124,97,4,37,110,108,33,34,75,44,96,64,82" hai1="126,107,86,35,113,49,135,10,52,20,70,105,14" hai2="120,123,22,130,87,19,121,32,56,66,31,67,94" hai3="16,51,72,63,79,101,68,99,36,90,40,129,109"/><W134/><G129/><T76/><D124/><U30/><E113/><V88/><F130/><W77/><G134/><T74/><D74/><U1/><E126/><V78/><F32/><W104/><G36/><T50/><D37/><U100/><E100/><V26/><F78/><W84/><G109/><N who="0" m="42091" /><D4/><U41/><E41/><V18/><F67/><W5/><G5/><T15/><D15/><U2/><E70/><V0/><F0/><W81/><G72/><T91/><D64/><U69/><E69/><V28/><F28/><W93/><G68/><T27/><D91/><U122/><E35/><N who="0" m="13321" /><D27/><U125/><E14/><V83/><F83/><W95/><G104/><T119/><D119/><U85/><E105/><V111/><F111/><W103/><G90/><T38/><D38/><U80/><E107/><V42/><F42/><AGARI ba="2,0" hai="42,44,50,75,76,82,96,97" m="13321,42091" machi="42" ten="30,1000,0" yaku="14,1" doraHai="58" who="0" fromWho="2" sc="244,16,148,0,140,-16,468,0" /><INIT seed="4,0,0,5,1,43" ten="260,148,124,468" oya="0" hai0="33,19,101,70,69,126,74,57,131,88,107,92,79" hai1="62,80,42,134,65,54,14,20,36,132,91,73,84" hai2="119,31,127,28,103,16,86,45,59,130,50,114,26" hai3="25,121,81,8,72,39,112,118,17,113,122,15,64"/><T53/><D33/><U51/><E73/><V24/><F114/><N who="3" m="44139" /><G64/><T9/><D131/><U32/><E32/><V109/><F109/><W94/><G118/><T133/><D126/><U0/><E0/><V27/><F130/><W125/><G125/><T106/><D133/><U10/><E20/><V96/><F127/><W87/><G39/><T13/><D79/><U34/><E34/><V124/><F124/><W95/><G72/><T2/><D74/><U110/><E110/><V71/><F119/><W78/><G25/><T99/><D2/><U129/><E42/><V98/><F71/><W111/><G111/><T55/><D55/><U52/><E36/><V11/><F59/><W68/><G68/><T115/><D107/><U120/><E120/><AGARI ba="0,0" hai="8,15,17,78,81,87,94,95,120,121,122" m="44139" machi="120" ten="30,2000,0" yaku="13,1,15,1" doraHai="43" who="3" fromWho="1" sc="260,0,148,-20,124,0,468,20" /><INIT seed="5,0,0,4,0,111" ten="260,128,124,488" oya="1" hai0="30,29,28,75,39,106,134,19,123,78,87,56,128" hai1="48,13,114,109,0,63,50,68,118,103,18,89,69" hai2="17,121,117,70,90,51,42,57,85,107,12,110,40" hai3="91,125,122,76,119,74,101,32,26,21,47,105,15"/><U79/><E118/><V58/><F110/><W72/><G122/><T62/><D75/><U135/><E109/><V120/><F70/><W127/><G32/><T129/><D39/><U95/><E0/><V43/><F107/><W61/><G15/><T108/><D106/><U55/><E79/><V124/><F124/><W104/><G47/><T3/><D3/><U4/><E4/><V94/><F117/><W112/><G61/><T5/><D5/><U59/><E103/><V14/><F120/><W46/><G46/><T77/><D108/><U52/><E135/><V37/><F37/><W102/><G119/><T1/><D1/><U115/><E68/><V80/><F121/><W83/><G26/><T64/><D134/><U24/><E24/><V131/><F131/><W81/><G21/><T22/><D123/><U38/><E38/><V133/><F133/><W84/><G76/><T100/><D100/><U25/><E25/><V130/><F130/><N who="0" m="50282" /><D87/><N who="1" m="52671" /><E69/><V45/><F12/><AGARI ba="0,0" hai="12,19,22,28,29,30,56,62,64,77,78" m="50282" machi="12" ten="30,1000,0" yaku="19,1" doraHai="111" who="0" fromWho="2" sc="260,10,128,0,124,-10,488,0" /><INIT seed="6,0,0,3,2,0" ten="270,128,114,488" oya="2" hai0="96,104,27,85,21,117,115,112,33,42,129,89,19" hai1="67,113,58,31,41,83,128,43,97,82,108,114,6" hai2="1,119,74,76,63,59,80,46,17,86,30,64,55" hai3="111,8,75,3,15,60,101,2,48,120,10,9,44"/><V11/><F119/><W77/><G111/><T18/><D129/><U16/><E108/><V125/><F125/><W50/><G101/><T131/><D131/><U4/><E128/><V57/><F30/><W52/><G3/><T92/><D117/><U99/><E31/><V45/><F74/><W25/><G2/><T5/><D5/><U118/><E58/><V24/><F1/><W134/><G25/><T54/><D42/><U49/><E49/><V91/><F76/><W36/><G60/><T56/><D33/><U70/><E118/><V130/><F130/><W133/><G36/><T78/><D104/><U37/><E16/><V94/><F80/><W124/><G124/><T110/><D110/><U127/><E127/><V93/><F93/><W71/><G71/><T73/><D73/><U122/><E67/><V103/><F103/><W35/><G35/><T69/><D69/><U23/><E23/><N who="2" m="13423" /><F11/><W84/><G75/><T87/><D19/><U14/><E70/><V81/><F81/><W135/><G120/><T7/><D7/><U132/><E37/><V72/><F72/><W61/><G77/><T38/><D38/><U34/><E34/><V51/><AGARI ba="0,0" hai="45,46,51,55,57,59,63,64,86,91,94" m="13423" machi="51" ten="30,1500,0" yaku="8,1" doraHai="0" who="2" fromWho="2" sc="270,-5,128,-5,114,15,488,-5" /><INIT seed="6,1,0,5,1,97" ten="265,123,129,483" oya="2" hai0="39,7,36,6,64,92,51,25,41,48,68,111,117" hai1="99,125,114,104,45,108,134,11,40,130,77,58,0" hai2="90,115,3,88,30,129,54,127,100,82,69,112,1" hai3="49,12,53,52,18,8,86,94,65,15,73,66,83"/><V28/><F69/><W113/><G113/><N who="2" m="43593" /><F127/><W87/><G73/><T37/><D111/><U10/><E108/><V33/><F129/><W105/><G105/><T116/><D25/><U61/><E114/><V101/><F54/><W131/><G131/><T74/><D74/><U5/><E130/><V35/><F82/><W96/><G15/><T123/><D123/><U98/><E125/><V91/><F30/><W103/><G87/><T126/><D126/><U133/><E10/><V44/><F44/><N who="3" m="27687" /><G53/><T71/><D92/><U27/><E27/><N who="2" m="18591" /><F35/><W119/><G119/><N who="0" m="45643" /><D41/><U93/><E77/><AGARI ba="1,0" hai="8,12,18,65,66,77,83,86,94,96,103" m="27687" machi="77" ten="30,3900,0" yaku="8,1,52,1,54,1" doraHai="97" who="3" fromWho="1" sc="265,0,123,-42,129,0,483,42" /><INIT seed="7,0,0,3,5,40" ten="265,81,129,525" oya="3" hai0="32,79,129,37,59,78,116,87,103,124,62,92,114" hai1="117,21,91,48,36,22,25,10,83,93,30,113,61" hai2="105,54,49,66,110,90,101,4,8,20,95,67,39" hai3="14,80,18,112,65,68,126,69,88,85,94,42,127"/><W108/><G112/><T131/><D37/><U58/><E36/><V55/><F39/><W96/><G108/><T5/><D5/><U51/><E113/><V119/><F119/><W106/><G106/><T28/><D28/><U23/><E117/><V24/><F110/><W44/><G65/><T84/><D59/><U34/><E83/><V120/><F120/><W56/><G56/><T71/><D62/><U99/><E10/><V38/><F38/><N who="3" m="21591" /><G18/><T9/><D9/><U11/><E11/><V115/><F101/><N who="3" m="60567" /><G14/><T72/><D71/><U81/><E81/><V132/><F105/><W43/><G43/><T75/><D32/><U97/><E97/><V125/><F115/><W123/><G123/><T63/><D63/><U19/><E34/><V134/><F66/><W13/><G13/><T26/><D26/><U12/><REACH who="1" step="1"/><E23/><REACH who="1" ten="265,71,129,525" step="2"/><V109/><F125/><AGARI ba="0,1" hai="68,69,80,85,88,125,126,127" m="60567,21591" machi="125" ten="30,5800,0" yaku="18,1,52,1,54,1" doraHai="40" who="3" fromWho="2" sc="265,0,71,0,129,-58,525,68" owari="265,6.5,71,-32.9,71,-42.9,593,69.3" /></mjloggm>