<mjloggm ver="2.3"><GO type="169" lobby="0"/><UN n0="%72%65%62%65%65%72" n1="%E3%81%B5%E3%81%98%E3%81%8A" n2="%E3%81%84%E3%81%A1%E3%82%8D%E3%83%BC%32%36%32%E6%AD%B3" n3="%E6%99%82%E8%A8%88%E5%9D%82%E9%9B%B6" dan="16,16,16,16" rate="2157.45,2122.72,2182.40,2129.83" sx="M,M,M,M"/><TAIKYOKU oya="0"/><INIT seed="0,0,0,3,4,106" ten="250,250,250,250" oya="0" hai0="132,2,84,0,38,95,41,90,1,19,15,58,3" hai1="93,5,25,20,30,112,67,33,53,113,76,63,40" hai2="4,96,78,31,77,115,16,83,62,129,114,47,35" hai3="59,121,21,119,74,10,66,124,68,105,8,48,64"/><T32/><D132/><U91/><E40/><V73/><F129/><W72/><G105/><T49/><N who="0" m="0" /><DORA hai="61" /><T122/><D122/><U65/><E5/><V9/><F4/><W29/><G119/><T85/><D32/><U127/><E127/><V46/><F77/><W130/><G68/><T24/><D38/><U60/><E76/><V69/><F96/><W94/><G94/><T7/><D7/><U87/><E33/><V110/><F110/><W92/><G92/><T111/><D24/><U12/><E12/><V75/><F75/><W13/><G29/><T120/><D120/><U45/><E45/><V100/><F100/><W86/><G86/><T81/><D111/><U133/><E133/><V23/><F9/><W54/><G121/><T14/><D19/><U50/><E50/><V11/><F11/><W51/><G124/><T80/><D95/><U107/><E53/><V44/><F31/><W34/><G34/><T109/><D109/><U116/><E116/><V57/><F69/><W128/><G21/><T125/><D125/><U26/><E26/><V104/><F104/><W27/><G27/><T101/><D101/><U42/><E42/><V126/><F35/><W55/><G13/><T97/><D97/><U99/><E99/><V118/><F118/><W134/><G59/><T17/><D17/><U123/><E123/><V39/><F39/><W79/><G79/><N who="0" m="46111" /><D58/><N who="1" m="37015" /><E107/><V108/><F108/><W43/><G43/><T52/><D41/><U28/><E28/><V56/><F126/><W18/><G18/><T6/><D6/><U102/><E102/><V70/><F16/><RYUUKYOKU ba="0,0" sc="250,10,250,10,250,-30,250,10" hai0="14,15,49,52,81,85,90" hai1="20,25,30,63,67,87,91,93,112,113" hai3="8,10,48,51,54,55,64,66,72,74,128,130,134" /><INIT seed="0,1,0,4,3,27" ten="260,260,220,260" oya="0" hai0="44,17,38,132,101,70,85,126,66,42,84,77,6" hai1="4,64,50,108,60,54,94,115,134,73,45,95,8" hai2="92,30,58,78,37,43,51,127,103,49,13,3,76" hai3="98,35,2,41,105,107,52,75,40,62,74,55,67"/><T59/><D132/><U16/><E134/><V116/><F3/><W106/><G2/><T61/><D126/><U87/><E73/><V109/><F37/><W131/><G131/><T10/><D17/><U21/><E108/><V0/><F0/><W90/><G35/><T39/><D39/><U89/><E115/><V15/><F109/><W19/><G19/><T28/><D101/><U46/><E46/><V18/><F116/><W5/><G5/><T68/><D77/><U91/><E8/><V14/><F18/><W9/><G9/><T133/><D133/><U11/><E11/><V33/><F127/><W80/><G98/><T20/><D70/><U114/><E4/><V79/><F43/><W129/><G129/><T34/><D34/><U81/><E91/><V48/><F58/><W32/><G32/><T53/><D20/><U102/><E102/><V88/><F103/><W104/><N who="3" m="26624" /><DORA hai="110" /><W36/><G90/><T117/><D28/><U23/><E23/><V113/><F113/><W128/><G128/><T26/><D26/><U130/><E114/><V119/><F119/><W121/><G121/><T122/><D122/><U124/><E124/><V25/><REACH who="2" step="1"/><F78/><REACH who="2" ten="260,260,210,260" step="2"/><W83/><G36/><T24/><D117/><U96/><E130/><V86/><AGARI ba="1,1" hai="13,14,15,25,30,33,48,49,51,76,79,86,88,92" machi="86" ten="30,8000,1" yaku="1,1,2,1,0,1,52,1,54,1,53,0" doraHai="27,110" doraHaiUra="123,112" who="2" fromWho="2" sc="260,-41,260,-21,210,93,260,-21" /><INIT seed="1,0,0,5,0,44" ten="219,239,303,239" oya="1" hai0="109,34,95,0,79,5,87,57,15,108,114,58,50" hai1="21,14,11,4,128,116,42,19,7,78,126,49,68" hai2="129,123,18,125,17,30,133,29,96,26,106,10,60" hai3="33,65,63,85,25,112,134,104,77,103,99,70,92"/><U24/><E68/><V20/><F123/><W122/><G122/><T51/><D114/><U35/><E128/><V9/><F129/><W93/><G112/><T76/><D34/><U130/><E130/><V23/><F125/><W3/><G3/><T107/><D107/><U52/><E116/><V59/><F133/><W84/><G134/><T86/><D15/><U115/><E115/><V13/><F106/><W16/><G77/><N who="0" m="29771" /><D5/><U111/><E126/><V32/><F96/><W62/><G62/><T124/><D0/><U47/><E111/><N who="0" m="42569" /><D124/><U45/><E78/><V28/><REACH who="2" step="1"/><F32/><REACH who="2" ten="219,239,293,239" step="2"/><W120/><G120/><T46/><D87/><U54/><E35/><V97/><F97/><W82/><G85/><T81/><D81/><U118/><E118/><V131/><F131/><W113/><G82/><T8/><D86/><U31/><REACH who="1" step="1"/><E54/><AGARI ba="0,1" hai="9,10,13,17,18,20,23,26,28,29,30,54,59,60" machi="54" ten="40,2600,0" yaku="1,1,8,1,53,0" doraHai="44" doraHaiUra="117" who="2" fromWho="1" sc="219,0,239,-26,293,36,239,0" /><INIT seed="2,0,0,3,2,60" ten="219,213,329,239" oya="2" hai0="79,108,35,9,85,48,51,105,70,74,38,99,1" hai1="46,32,11,117,24,113,129,80,94,121,130,106,62" hai2="3,114,86,47,0,29,53,112,15,107,50,126,66" hai3="75,57,20,131,116,96,44,25,133,43,83,64,23"/><V115/><F107/><W90/><G116/><T54/><D35/><U95/><E117/><V65/><F126/><W68/><G68/><T134/><D38/><U58/><E113/><V36/><F29/><W6/><G131/><N who="1" m="50186" /><E106/><V55/><F36/><W82/><G133/><T122/><D74/><U97/><E121/><V84/><F15/><W2/><G96/><T39/><D70/><U59/><E80/><V92/><F92/><N who="1" m="35369" /><E97/><V104/><F104/><W123/><G123/><T98/><D39/><U45/><E11/><V78/><F78/><W101/><G83/><T8/><D79/><U14/><E14/><V27/><F27/><W87/><G75/><T124/><D105/><U31/><E59/><V110/><F110/><W41/><G2/><T102/><D1/><U26/><E24/><V18/><F115/><W73/><G73/><T5/><D122/><U93/><N who="1" m="35377" /><U63/><DORA hai="125" /><E63/><V30/><F30/><W10/><G25/><T135/><D108/><U37/><E37/><V21/><F112/><W119/><G119/><T128/><D124/><U132/><E132/><V22/><F114/><W89/><G82/><T56/><D128/><U76/><E76/><V12/><F0/><W103/><G10/><T19/><D56/><U67/><AGARI ba="0,0" hai="26,31,32,45,46,58,62,67" m="35377,50186" machi="67" ten="40,8000,1" yaku="19,1,52,4" doraHai="60,125" who="1" fromWho="1" sc="219,-20,213,80,329,-40,239,-20" /><INIT seed="3,0,0,2,5,36" ten="199,293,289,219" oya="3" hai0="59,32,31,79,124,9,70,77,72,102,46,129,44" hai1="133,107,4,51,135,22,128,132,87,119,123,134,75" hai2="92,1,114,58,115,7,63,76,29,110,47,69,98" hai3="125,127,64,10,100,11,94,120,24,86,16,122,33"/><W121/><G64/><T116/><D70/><U12/><E51/><V104/><F110/><W20/><G33/><T73/><D102/><U78/><E123/><V39/><F104/><W84/><G100/><T131/><D9/><N who="3" m="3081" /><G94/><T109/><D31/><U17/><E4/><V105/><F105/><W74/><G74/><T126/><D59/><U54/><E128/><V43/><F69/><W40/><G40/><T108/><D32/><U18/><E107/><V8/><F29/><W30/><G30/><T2/><D2/><U35/><E35/><V61/><F76/><W56/><G56/><T26/><D26/><U13/><E119/><AGARI ba="0,0" hai="44,46,72,73,77,79,108,109,116,119,124,126,129,131" machi="119" ten="25,1600,0" yaku="22,2" doraHai="36" who="0" fromWho="1" sc="199,16,293,-16,289,0,219,0" /><INIT seed="4,0,0,5,4,57" ten="215,277,289,219" oya="0" hai0="28,132,18,130,36,19,42,0,113,30,71,50,7" hai1="81,118,40,54,95,74,52,23,49,127,10,72,20" hai2="108,131,76,16,53,102,84,69,11,73,112,35,12" hai3="34,115,9,101,111,86,62,65,33,21,90,51,87"/><T121/><D121/><U129/><E118/><V105/><F108/><W47/><G111/><T13/><D36/><U39/><E39/><V67/><F73/><W82/><G115/><T60/><D113/><U122/><E95/><V43/><F112/><W94/><G21/><T93/><D132/><U17/><E122/><V128/><F35/><W103/><G9/><T44/><D130/><U64/><E64/><V83/><F43/><W2/><G2/><T25/><D93/><U56/><E129/><V109/><F109/><W41/><G33/><T37/><D37/><U24/><E40/><V8/><F53/><W78/><REACH who="3" step="1"/><G34/><REACH who="3" ten="215,277,289,209" step="2"/><T26/><D0/><U99/><E10/><V79/><F8/><W48/><G48/><T46/><D7/><U31/><E20/><V5/><F5/><W117/><G117/><T106/><D50/><U3/><E3/><V61/><REACH who="2" step="1"/><F76/><REACH who="2" ten="215,277,279,209" step="2"/><W45/><G45/><T97/><D46/><U134/><E23/><V80/><F80/><W58/><AGARI ba="0,2" hai="41,47,51,58,62,65,78,82,86,87,90,94,101,103" machi="58" ten="20,8000,1" yaku="1,1,0,1,7,1,8,1,52,1,53,0" doraHai="57" doraHaiUra="124" who="3" fromWho="3" sc="215,-40,277,-20,279,-20,209,100" /><INIT seed="5,0,0,4,3,132" ten="175,257,259,309" oya="1" hai0="92,81,80,82,7,106,42,18,133,14,6,113,73" hai1="118,69,96,16,45,126,90,68,40,44,66,10,15" hai2="47,56,83,52,108,85,29,110,53,65,104,31,1" hai3="124,28,49,107,34,100,123,17,4,2,117,98,114"/><U94/><E118/><V11/><F104/><W71/><G123/><T27/><D106/><U120/><E120/><V19/><F65/><W58/><G71/><T37/><D133/><U131/><E131/><V64/><F64/><W25/><G114/><T20/><D113/><U127/><E45/><V93/><F93/><W43/><G117/><T60/><D73/><U5/><E5/><V13/><F1/><W103/><G103/><T8/><D37/><U39/><REACH who="1" step="1"/><E66/><REACH who="1" ten="175,247,259,309" step="2"/><V111/><F47/><W21/><G4/><T95/><D42/><U54/><E54/><V46/><F46/><W76/><G43/><T22/><D6/><U63/><E63/><V35/><F53/><W0/><G0/><T125/><D60/><U62/><E62/><V86/><F110/><W48/><G2/><T121/><D121/><U122/><E122/><V24/><F108/><W50/><G50/><T74/><D74/><U55/><E55/><V129/><F111/><W33/><G49/><T12/><REACH who="0" step="1"/><D125/><AGARI ba="0,1" hai="10,15,16,39,40,44,68,69,90,94,96,125,126,127" machi="125" ten="40,18000,2" yaku="1,1,18,1,52,3,54,1,53,1" doraHai="132" doraHaiUra="38" who="1" fromWho="0" sc="175,-180,247,190,259,0,309,0" owari="-5,-50.5,437,53.7,259,-14.1,309,10.9" /></mjloggm>