<mjloggm ver="2.3"><GO type="169" lobby="0"/><UN n0="%E6%B2%B3%E7%AB%A5%E3%81%AE%E3%83%AF%E3%82%AB%E3%83%9E%E3%83%84" n1="%E3%83%9B%E3%83%B3%E3%82%A4%E3%83%84%E8%B5%A4%EF%BC%93" n2="%E6%84%9B%E3%81%AF%E6%AD%A3%E7%BE%A9" n3="%E3%83%95%E3%83%AB%E3%82%BC%E3%83%B3%E3%83%84%E3%81%8F%E3%82%93" dan="17,16,16,16" rate="2200.39,2124.38,2103.39,2159.41" sx="M,M,F,F"/><TAIKYOKU oya="0"/><INIT seed="0,0,0,1,3,10" ten="250,250,250,250" oya="0" hai0="75,70,6,13,12,113,90,84,61,2,106,36,126" hai1="121,102,30,46,7,77,72,130,19,14,109,110,24" hai2="47,115,133,117,4,65,86,85,49,124,44,127,108" hai3="56,53,92,71,63,18,45,97,81,57,93,59,128"/><T48/><D36/><U91/><E121/><V8/><F115/><W58/><G128/><T132/><D113/><U33/><E102/><V88/><F117/><W79/><G71/><T107/><D75/><U54/><E130/><V3/><F108/><N who="1" m="41577" /><E77/><V78/><F133/><W114/><G114/><T50/><D132/><U43/><E72/><V42/><F65/><W96/><G45/><T25/><D25/><U17/><E91/><V131/><F131/><W94/><REACH who="3" step="1"/><G18/><REACH who="3" ten="250,250,250,240" step="2"/><T60/><D70/><U112/><E112/><V11/><F127/><W22/><G22/><T34/><D126/><U101/><E19/><V35/><F124/><W66/><G66/><T87/><D34/><U52/><E7/><V74/><F35/><W16/><G16/><T104/><D6/><U31/><E31/><V135/><F135/><W95/><N who="3" m="23552" /><DORA hai="20" /><W27/><G27/><T62/><D2/><U129/><E129/><V73/><F11/><W40/><G40/><T26/><D26/><U76/><E101/><V68/><F68/><W0/><G0/><T80/><REACH who="0" step="1"/><D84/><AGARI ba="0,1" hai="53,56,57,58,59,63,79,81,84,96,97" m="23552" machi="84" ten="50,3200,0" yaku="1,1,8,1,53,0" doraHai="10,20" doraHaiUra="37,23" who="3" fromWho="0" sc="250,-32,250,0,250,0,240,42" /><INIT seed="1,0,0,1,1,104" ten="218,250,250,282" oya="1" hai0="34,100,109,37,9,52,6,91,98,99,131,130,77" hai1="39,43,113,62,94,68,119,114,135,116,21,3,33" hai2="17,57,60,132,129,11,133,105,65,25,50,102,108" hai3="103,13,56,12,15,75,47,79,55,48,73,64,118"/><U35/><E21/><N who="2" m="13487" /><F129/><N who="0" m="49162" /><D109/><U29/><E94/><V125/><F108/><W51/><G79/><T93/><D34/><N who="1" m="12811" /><E29/><V67/><F125/><W26/><G118/><N who="1" m="45098" /><E3/><V112/><F112/><W42/><G103/><T115/><D115/><U128/><E128/><V92/><F50/><W24/><REACH who="3" step="1"/><G64/><REACH who="3" ten="218,250,250,272" step="2"/><T32/><D100/><U44/><E135/><V122/><F67/><AGARI ba="0,1" hai="39,43,44,62,67,68,113,114" m="45098,12811" machi="67" ten="30,1500,0" yaku="23,1" doraHai="104" who="1" fromWho="2" sc="218,0,250,25,250,-15,272,0" /><INIT seed="1,1,0,3,0,65" ten="218,275,235,272" oya="1" hai0="100,73,57,133,10,29,122,11,71,78,105,128,76" hai1="66,115,34,69,58,98,123,43,22,63,42,12,118" hai2="129,74,79,64,33,130,62,28,99,48,46,113,86" hai3="51,91,24,106,55,52,110,67,127,93,17,116,135"/><U18/><E34/><V4/><F113/><W85/><G110/><T111/><D111/><U0/><E0/><V5/><F74/><W114/><G114/><T87/><D73/><U90/><E115/><V27/><F99/><W31/><G135/><T23/><D128/><N who="2" m="49258" /><F79/><W53/><G127/><T70/><D122/><U38/><E123/><V104/><F104/><W126/><G126/><T2/><D133/><U101/><E118/><V77/><F77/><W7/><G106/><T6/><D57/><U96/><E38/><V61/><F86/><W119/><G67/><T40/><D40/><U81/><E58/><N who="2" m="36919" /><F62/><W121/><G121/><T49/><D49/><U68/><E68/><V84/><F84/><W16/><G7/><T39/><D39/><U19/><E19/><V47/><F47/><W102/><G102/><T44/><D44/><U20/><E20/><V15/><F15/><W97/><G97/><T103/><D105/><U80/><E80/><V54/><AGARI ba="1,0" hai="4,5,27,28,33,46,48,54" m="36919,49258" machi="54" ten="30,1100,0" yaku="19,1" doraHai="65" who="2" fromWho="2" sc="218,-4,275,-6,235,14,272,-4" /><INIT seed="2,0,0,4,0,40" ten="214,269,249,268" oya="2" hai0="61,91,29,92,130,123,20,55,37,124,32,65,70" hai1="18,21,128,75,133,80,27,39,34,95,2,26,25" hai2="120,38,105,49,72,52,87,0,121,59,94,36,56" hai3="10,131,79,6,96,54,117,93,127,64,8,85,17"/><V111/><F105/><W15/><G117/><T48/><D123/><U1/><E39/><V53/><F72/><W22/><G131/><T89/><D130/><U7/><E128/><V113/><F0/><N who="1" m="105" /><E95/><V82/><F94/><W88/><G127/><T108/><D124/><U115/><E80/><V62/><F113/><W12/><G64/><T102/><D32/><U122/><E75/><V14/><F111/><W42/><G42/><T3/><D3/><U135/><E122/><V69/><F121/><W58/><G79/><T118/><D37/><U98/><E98/><V83/><F120/><W73/><G73/><T78/><D78/><U119/><E115/><V30/><F69/><W76/><G76/><T45/><D108/><U107/><E107/><V47/><F30/><W19/><G96/><T116/><D102/><U57/><E57/><V97/><F97/><W86/><G86/><T13/><D91/><U103/><E103/><V68/><F68/><W24/><G58/><T43/><D43/><U132/><E119/><V4/><F83/><W129/><G129/><T28/><D116/><U100/><E100/><V67/><F4/><N who="3" m="3079" /><G54/><T50/><D118/><U46/><E46/><V109/><F109/><W125/><G125/><T71/><D71/><U114/><E114/><V101/><F101/><W112/><G112/><T77/><D77/><U104/><E104/><V84/><F84/><W31/><AGARI ba="0,0" hai="6,10,15,17,19,22,24,31,85,88,93" m="3079" machi="31" ten="30,2000,0" yaku="8,1,54,1" doraHai="40" who="3" fromWho="3" sc="214,-5,269,-5,249,-10,268,20" /><INIT seed="3,0,0,3,2,117" ten="209,264,239,288" oya="3" hai0="29,31,72,127,20,34,15,28,96,17,101,112,23" hai1="116,63,45,54,92,59,100,73,26,124,60,128,107" hai2="37,21,85,16,66,110,62,119,51,78,88,105,14" hai3="53,93,47,89,99,80,58,56,0,7,61,83,120"/><W13/><G0/><T12/><D72/><U134/><E107/><V41/><F119/><W25/><G120/><T114/><D127/><U5/><E73/><V36/><F110/><W57/><G25/><T43/><D43/><U84/><E116/><V81/><F105/><W82/><REACH who="3" step="1"/><G47/><REACH who="3" ten="209,264,239,278" step="2"/><T11/><D34/><U46/><E26/><V67/><F37/><W38/><G38/><T126/><D126/><U118/><E124/><V94/><F36/><W74/><G74/><T77/><D15/><U52/><E118/><V35/><F35/><W69/><G69/><T91/><D112/><U3/><E3/><V103/><F103/><W48/><G48/><T104/><D114/><U33/><E33/><V24/><F24/><W102/><G102/><T121/><D121/><U87/><E100/><V115/><F115/><W49/><G49/><T9/><D101/><U68/><E68/><V131/><F131/><W122/><G122/><T8/><D12/><U10/><E128/><V86/><F62/><W130/><G130/><T50/><D50/><U2/><E46/><AGARI ba="0,1" hai="14,16,21,41,46,51,66,67,78,81,85,86,88,94" machi="46" ten="40,5200,0" yaku="8,1,54,2" doraHai="117" who="2" fromWho="1" sc="209,0,264,-52,239,62,278,0" /><INIT seed="4,0,0,4,4,23" ten="209,212,301,278" oya="0" hai0="94,59,131,76,111,64,115,43,120,41,104,73,38" hai1="32,83,6,100,47,103,75,87,125,127,29,33,74" hai2="72,133,85,134,84,102,130,2,82,129,30,123,113" hai3="122,39,9,126,49,27,88,80,12,25,5,99,0"/><T13/><D104/><U68/><E68/><V109/><F2/><W7/><G39/><T8/><D120/><U14/><E47/><V11/><F30/><W57/><G122/><T55/><D115/><U44/><E44/><V54/><F123/><W101/><G126/><N who="1" m="48138" /><E14/><V48/><F109/><W42/><G0/><T69/><D111/><U17/><E17/><V50/><F11/><W98/><G5/><T19/><D38/><U22/><E6/><V124/><F124/><W31/><G31/><T16/><D131/><N who="2" m="50186" /><F113/><W60/><G49/><N who="2" m="19049" /><F102/><N who="1" m="38953" /><E22/><V128/><F54/><N who="3" m="33847" /><G42/><T135/><D43/><U20/><E20/><V26/><F128/><W117/><G117/><T96/><D41/><U118/><E118/><V24/><F72/><N who="1" m="27689" /><E29/><V106/><F106/><W132/><G101/><T62/><D19/><U45/><E45/><V71/><F71/><W95/><G9/><T40/><D40/><U90/><AGARI ba="0,0" hai="32,33,83,87,90" m="27689,38953,48138" machi="90" ten="40,1500,0" yaku="18,1" doraHai="23" who="1" fromWho="1" sc="209,-7,212,15,301,-4,278,-4" /><INIT seed="5,0,0,3,0,86" ten="202,227,297,274" oya="1" hai0="28,89,106,123,99,67,130,76,39,116,32,102,101" hai1="77,34,17,113,120,48,61,134,66,45,103,51,127" hai2="119,13,128,47,135,50,18,21,53,87,112,19,41" hai3="82,84,24,7,100,1,38,126,109,107,98,29,81"/><U114/><E120/><V64/><F119/><W85/><G109/><T56/><D116/><U75/><E34/><V94/><F128/><W71/><G71/><T9/><D39/><U90/><E103/><V62/><F135/><W122/><G122/><T36/><D123/><U23/><E134/><V115/><F19/><W91/><G38/><T52/><D36/><U95/><E77/><V10/><F41/><W27/><G126/><T121/><D121/><U129/><E75/><V104/><F104/><W43/><G43/><T26/><D67/><U54/><E51/><V68/><REACH who="2" step="1"/><F10/><REACH who="2" ten="202,227,287,274" step="2"/><W73/><G73/><T58/><D9/><U20/><E129/><V16/><F16/><W111/><G111/><T72/><D130/><U31/><E17/><V131/><F131/><W60/><G29/><T55/><D72/><U33/><E31/><V105/><F105/><W74/><G74/><T70/><D106/><U65/><E127/><V5/><F5/><W57/><G7/><T93/><D28/><U35/><E35/><V78/><F78/><W15/><G107/><T42/><D76/><U125/><E33/><V117/><F117/><W110/><G110/><T4/><D42/><U69/><E125/><V108/><F108/><W14/><G1/><T92/><D4/><U0/><E0/><V118/><F118/><W79/><G79/><T30/><D32/><U12/><E23/><V80/><F80/><W132/><G82/><T88/><D30/><U133/><E133/><V97/><F97/><W63/><G98/><T59/><D99/><N who="1" m="57847" /><E65/><V124/><F124/><W6/><G132/><RYUUKYOKU ba="0,1" sc="202,-15,227,15,287,15,274,-15" hai1="12,20,45,48,54,61,66,69,113,114" hai2="13,18,21,47,50,53,62,64,68,87,94,112,115" /><INIT seed="5,1,1,2,1,39" ten="187,242,302,259" oya="1" hai0="48,73,113,32,28,58,16,102,94,25,92,45,0" hai1="17,43,89,69,65,128,82,37,27,101,3,130,20" hai2="71,132,106,100,24,53,1,121,112,90,109,50,111" hai3="107,85,123,57,97,33,34,120,72,75,76,83,6"/><U14/><E3/><V55/><F121/><W134/><G134/><T110/><D110/><U26/><E101/><V21/><F71/><W59/><G6/><T41/><D73/><U84/><E65/><V129/><F1/><W10/><G10/><T23/><D0/><U29/><E69/><V62/><F132/><W51/><G72/><T80/><D113/><U8/><REACH who="1" step="1"/><E27/><REACH who="1" ten="187,232,302,259" step="2"/><V19/><F111/><W56/><G120/><T125/><D102/><U108/><E108/><V52/><F109/><W74/><G123/><T64/><D125/><U115/><E115/><V95/><F112/><W2/><G2/><T81/><D64/><U114/><E114/><V40/><F100/><W96/><G107/><T12/><REACH who="0" step="1"/><D58/><REACH who="0" ten="177,232,302,259" step="2"/><U18/><E18/><V66/><F106/><W105/><G105/><T77/><D77/><U91/><E91/><V7/><F90/><W35/><G57/><T104/><D104/><U44/><AGARI ba="1,3" hai="8,14,17,20,26,29,37,43,44,82,84,89,128,130" machi="44" ten="30,11700,0" yaku="1,1,0,1,52,1,53,1" doraHai="39" doraHaiUra="78" who="1" fromWho="1" sc="177,-40,232,150,302,-40,259,-40" /><INIT seed="5,2,0,3,1,0" ten="137,382,262,219" oya="1" hai0="1,58,72,19,90,81,66,107,37,10,96,56,55" hai1="105,57,24,54,50,7,92,100,133,34,36,103,73" hai2="115,3,82,76,27,2,53,86,65,91,32,9,62" hai3="64,126,44,13,52,51,127,8,33,85,99,102,5"/><U28/><E36/><V110/><F110/><W68/><G33/><T29/><D37/><U46/><E73/><V117/><F117/><W75/><G75/><T71/><D29/><U94/><E105/><V15/><F115/><W120/><G120/><T101/><D71/><U97/><E133/><V45/><F32/><W108/><G108/><T78/><D66/><U25/><E25/><V43/><F27/><W129/><G129/><T118/><D118/><U79/><E79/><V104/><F104/><W31/><G31/><T69/><D69/><U20/><E34/><V11/><F11/><W114/><G114/><T74/><D74/><U88/><E7/><V132/><F132/><W89/><G64/><T4/><D19/><U122/><E122/><V111/><F111/><W130/><G68/><T48/><REACH who="0" step="1"/><D90/><REACH who="0" ten="127,382,262,219" step="2"/><U47/><E103/><V26/><F91/><W119/><G119/><T123/><D123/><U6/><REACH who="1" step="1"/><E6/><REACH who="1" ten="127,372,262,219" step="2"/><V80/><F26/><W14/><G89/><T93/><D93/><U84/><AGARI ba="2,2" hai="20,24,28,46,47,50,54,57,84,88,92,94,97,100" machi="84" ten="20,24000,3" yaku="1,1,2,1,0,1,7,1,8,1,54,1,53,2" doraHai="0" doraHaiUra="40" who="1" fromWho="1" sc="127,-82,372,266,262,-82,219,-82" /><INIT seed="5,3,0,1,1,132" ten="45,638,180,137" oya="1" hai0="77,108,82,127,94,126,47,48,65,74,111,113,67" hai1="20,75,18,96,70,120,17,40,85,12,7,30,124" hai2="66,37,46,53,88,35,84,57,42,4,23,80,123" hai3="54,117,135,21,106,59,115,52,24,62,71,100,56"/><U105/><E120/><V32/><F123/><W121/><G121/><T58/><D113/><U73/><E70/><V68/><F4/><W102/><G115/><T31/><D31/><U93/><E105/><V112/><F112/><W9/><G135/><T63/><D65/><U86/><E7/><V55/><F55/><W38/><G71/><T34/><D34/><U98/><E30/><V90/><F90/><W19/><G106/><T133/><D133/><U76/><E40/><V101/><F101/><W125/><G38/><T128/><D94/><U97/><E124/><N who="0" m="47657" /><D128/><U1/><E1/><V2/><F2/><W92/><G125/><T45/><D45/><U109/><E109/><V22/><F32/><W51/><G117/><T79/><D79/><U114/><E93/><V11/><F35/><W5/><REACH who="3" step="1"/><G92/><REACH who="3" ten="45,638,180,127" step="2"/><T36/><D36/><U89/><E114/><V103/><F37/><W72/><G72/><T60/><D63/><U49/><E73/><V33/><F80/><W16/><G16/><T119/><D119/><U129/><E18/><V91/><F66/><W104/><G104/><T14/><D14/><AGARI ba="3,1" hai="5,9,14,19,21,24,51,52,54,56,59,62,100,102" machi="14" ten="30,7700,0" yaku="1,1,7,1,8,1,54,1,53,0" doraHai="132" doraHaiUra="95" who="3" fromWho="0" sc="45,-86,638,0,180,0,127,96" owari="-41,-54.1,638,73.8,180,-22.0,223,2.3" /></mjloggm>