<mjloggm ver="2.3"><GO type="169" lobby="0"/><UN n0="%E3%81%8C%E3%81%8F%E3%81%BE%E3%82%8B" n1="%41%43%73" n2="%63%2E%63%2D%76%2E%76" n3="%E5%8F%B3%E8%84%B3%E8%A9%B0%E3%82%81" dan="16,16,17,17" rate="2047.97,2124.07,2218.66,2222.14" sx="M,M,F,M"/><TAIKYOKU oya="0"/><INIT seed="0,0,0,1,1,31" ten="250,250,250,250" oya="0" hai0="61,116,95,74,59,62,12,125,77,45,121,22,30" hai1="117,83,87,88,128,28,13,69,104,123,85,5,27" hai2="134,97,38,44,34,101,68,25,46,40,90,53,36" hai3="42,4,105,2,65,135,67,18,3,0,43,79,78"/><T73/><D116/><U21/><E123/><V115/><F115/><W64/><G18/><T120/><D125/><U86/><E117/><V89/><F134/><W23/><G23/><T98/><D62/><U132/><E132/><V60/><F53/><W114/><G135/><T32/><D45/><U106/><E69/><V66/><F44/><W96/><G114/><T109/><D109/><U26/><E86/><V82/><F82/><W17/><G17/><T126/><D126/><U8/><E128/><V63/><F63/><W108/><G108/><T56/><D59/><U48/><E48/><V51/><F51/><W10/><G96/><T49/><D49/><U54/><E54/><V52/><F52/><W100/><G100/><T29/><D120/><U16/><REACH who="1" step="1"/><E85/><REACH who="1" ten="250,240,250,250" step="2"/><V99/><F38/><W94/><G64/><N who="0" m="38951" /><D121/><U124/><E124/><V33/><F36/><W103/><G65/><T80/><D74/><U92/><E92/><V131/><F131/><W129/><G67/><T57/><D57/><U7/><E7/><V72/><F72/><W58/><G58/><T112/><D112/><U110/><E110/><V55/><F55/><W9/><G4/><T118/><D118/><U119/><E119/><V24/><F68/><W76/><G129/><T81/><D73/><U1/><E1/><V50/><F66/><W130/><G130/><T133/><D133/><U111/><E111/><V19/><F50/><W127/><G127/><T14/><D95/><U11/><E11/><N who="3" m="4106" /><G94/><T39/><D39/><U84/><E84/><V37/><F37/><W75/><G75/><T20/><D80/><RYUUKYOKU ba="0,1" sc="250,-15,240,15,250,-15,250,15" hai1="5,8,13,16,21,26,27,28,83,87,88,104,106" hai3="0,2,3,42,43,76,78,79,103,105" /><INIT seed="1,1,1,5,5,49" ten="235,255,235,265" oya="1" hai0="113,116,58,37,14,101,70,77,43,24,76,73,34" hai1="0,124,54,21,36,41,39,135,3,111,100,16,93" hai2="74,29,25,55,2,107,121,89,95,117,32,80,5" hai3="112,30,51,13,44,47,56,84,120,86,130,127,68"/><U72/><E72/><V26/><F117/><W128/><G120/><T103/><D116/><U27/><E124/><V46/><F107/><W75/><G75/><T104/><D70/><U87/><E135/><V57/><F121/><W67/><G30/><T90/><D73/><U98/><E111/><V96/><F26/><W33/><G33/><T48/><D37/><U108/><E108/><V40/><F5/><W115/><G13/><T69/><D69/><U50/><E87/><V126/><F126/><W133/><G86/><T63/><D104/><U1/><REACH who="1" step="1"/><E41/><REACH who="1" ten="235,245,235,265" step="2"/><V81/><F74/><W17/><G84/><T125/><D43/><U78/><E78/><V82/><F2/><W131/><G133/><T65/><D77/><U110/><E110/><V106/><F106/><W122/><G127/><T6/><D76/><U53/><E53/><V60/><REACH who="2" step="1"/><F82/><REACH who="2" ten="235,245,225,265" step="2"/><W42/><G122/><T92/><D125/><U61/><E61/><V85/><F85/><W20/><G128/><T114/><D63/><U45/><AGARI ba="1,3" hai="0,1,3,16,21,27,36,39,45,50,54,93,98,100" machi="45" ten="30,12000,1" yaku="1,1,0,1,52,1,54,1,53,1" doraHai="49" doraHaiUra="22" who="1" fromWho="1" sc="235,-41,245,153,225,-41,265,-41" /><INIT seed="1,2,0,2,1,131" ten="194,398,184,224" oya="1" hai0="104,68,32,53,112,79,81,106,122,78,90,35,10" hai1="76,110,102,126,5,52,120,42,71,45,4,95,13" hai2="129,94,101,96,133,111,130,16,60,107,88,30,17" hai3="39,56,27,1,75,113,82,93,25,62,61,108,6"/><U8/><E120/><V9/><F111/><W118/><G108/><T86/><D10/><U38/><E110/><V26/><F60/><W41/><G113/><T114/><D53/><U69/><E126/><V19/><F9/><W117/><G93/><T57/><D57/><U97/><E5/><V2/><F2/><W124/><G124/><T0/><D0/><U63/><REACH who="1" step="1"/><E76/><REACH who="1" ten="194,388,184,224" step="2"/><V70/><F129/><W58/><G6/><T59/><D79/><U14/><E14/><V100/><F130/><W132/><G1/><T99/><D78/><U46/><E46/><V40/><F70/><W127/><G127/><T85/><D68/><U21/><E21/><N who="2" m="15695" /><F107/><W43/><G56/><AGARI ba="2,1" hai="4,8,13,38,42,45,52,56,63,69,71,95,97,102" machi="56" ten="40,3900,0" yaku="1,1,54,1,53,0" doraHai="131" doraHaiUra="18" who="1" fromWho="3" sc="194,0,388,55,184,0,224,-45" /><INIT seed="1,3,0,0,1,106" ten="194,443,184,179" oya="1" hai0="100,97,30,51,3,27,64,114,111,72,19,128,22" hai1="14,34,38,48,23,59,4,75,28,73,81,80,60" hai2="120,113,132,96,12,0,119,98,109,92,134,7,29" hai3="9,45,107,69,2,108,24,58,57,131,103,18,94"/><U6/><E38/><V21/><F119/><W56/><G108/><T36/><D111/><U35/><E48/><V99/><F109/><W13/><G131/><T33/><D114/><U67/><E35/><V89/><F120/><W5/><G69/><T46/><D36/><U115/><E34/><V41/><F41/><W95/><G45/><T42/><D128/><U17/><E28/><V129/><F129/><W122/><G122/><T25/><D3/><U91/><E115/><V78/><F113/><W31/><G107/><T86/><D86/><U44/><E44/><V87/><F0/><W74/><G103/><T61/><D72/><U52/><E67/><V117/><F117/><W133/><G133/><N who="2" m="51305" /><F7/><W62/><G62/><T77/><D77/><U11/><E6/><V49/><F49/><W66/><G66/><T83/><D83/><U124/><E124/><V123/><F123/><W88/><G74/><T135/><D135/><U16/><E17/><N who="2" m="10407" /><F29/><W70/><G70/><T84/><D84/><U32/><E32/><V82/><AGARI ba="3,0" hai="78,82,87,89,92,96,98,99" m="10407,51305" machi="82" ten="30,1100,0" yaku="20,1" doraHai="106" who="2" fromWho="2" sc="194,-6,443,-8,184,20,179,-6" /><INIT seed="2,0,0,0,1,113" ten="188,435,204,173" oya="2" hai0="11,128,72,107,118,126,60,116,14,98,132,52,70" hai1="63,79,8,17,1,96,57,42,94,15,83,5,25" hai2="84,27,36,3,80,19,10,134,97,109,67,59,54" hai3="110,114,119,45,16,103,68,135,12,33,0,7,44"/><V31/><F134/><W30/><G135/><T37/><D132/><U129/><E42/><V89/><F36/><W88/><G68/><T104/><D37/><U74/><E129/><V28/><F67/><W73/><G73/><T24/><D128/><U99/><E25/><V87/><F109/><W122/><G122/><T124/><D72/><U62/><E99/><V125/><F125/><N who="0" m="48234" /><D24/><U120/><E120/><V90/><F97/><W34/><G103/><T71/><D98/><U86/><E57/><V32/><F3/><W21/><G110/><T56/><D70/><U112/><E112/><V111/><F111/><W117/><G114/><T46/><D46/><U78/><E78/><V131/><F131/><W127/><G127/><T85/><D85/><U9/><REACH who="1" step="1"/><E74/><REACH who="1" ten="188,425,204,173" step="2"/><V47/><F47/><W23/><G45/><T26/><D71/><U20/><E20/><N who="2" m="13727" /><F32/><W53/><G44/><T13/><D26/><U41/><E41/><V61/><F10/><W102/><G33/><T18/><D13/><U130/><E130/><V4/><F4/><W58/><G34/><T65/><D65/><U133/><E133/><V77/><F77/><W48/><G7/><T93/><D93/><AGARI ba="0,1" hai="28,31,54,59,61,80,84,87,89,90,93" m="13727" machi="93" ten="30,1500,0" yaku="8,1" doraHai="113" who="2" fromWho="0" sc="188,-15,425,0,204,25,173,0" /><INIT seed="2,1,0,1,0,33" ten="173,425,229,173" oya="2" hai0="105,48,31,20,42,4,104,81,74,107,17,60,124" hai1="96,66,127,37,114,113,64,11,123,133,101,38,134" hai2="84,14,120,55,6,75,128,67,98,40,69,44,43" hai3="61,58,122,76,116,9,47,92,12,112,39,7,80"/><V83/><F120/><W49/><G116/><T86/><D124/><U95/><E127/><V52/><F75/><W25/><G122/><T79/><D31/><U77/><E77/><V28/><F128/><W78/><G112/><N who="1" m="43114" /><E11/><N who="2" m="4471" /><F69/><W110/><G110/><T119/><D119/><U102/><E102/><V117/><F117/><W63/><G39/><N who="1" m="14858" /><E123/><V50/><F67/><W91/><G25/><T34/><D34/><U56/><E56/><V99/><F43/><W130/><G130/><T26/><D60/><U15/><E15/><V18/><F28/><W103/><G103/><T41/><D74/><U68/><E68/><V57/><F18/><W32/><G80/><T121/><D121/><U13/><E13/><V51/><F40/><W135/><G61/><T46/><D42/><U21/><E21/><V71/><F71/><W5/><G63/><T115/><D115/><U53/><E53/><V126/><F126/><W109/><G5/><T62/><D62/><U0/><E0/><V132/><F132/><AGARI ba="1,0" hai="64,66,95,96,101,132,133,134" m="14858,43114" machi="132" ten="40,1300,0" yaku="20,1" doraHai="33" who="1" fromWho="2" sc="173,0,425,16,229,-16,173,0" /><INIT seed="3,0,0,4,0,68" ten="173,441,213,173" oya="3" hai0="26,120,48,110,40,15,54,51,123,86,81,58,31" hai1="82,45,41,4,77,2,57,0,111,49,85,107,103" hai2="99,16,44,87,130,29,56,30,42,70,101,94,59" hai3="19,92,106,93,50,76,22,67,20,21,37,96,98"/><W69/><G106/><T84/><D110/><U129/><E111/><V71/><F71/><W88/><G76/><T78/><D86/><U35/><E35/><V8/><F70/><W7/><G7/><T116/><D116/><U104/><E129/><V43/><F130/><W17/><G50/><T55/><D40/><N who="2" m="15402" /><F44/><W73/><G73/><T100/><D100/><U14/><E57/><N who="2" m="22091" /><F87/><W36/><G67/><T134/><D134/><U109/><E109/><V118/><F118/><W18/><REACH who="3" step="1"/><G69/><REACH who="3" ten="173,441,213,163" step="2"/><T61/><D51/><U90/><E107/><V34/><F34/><W27/><G27/><T121/><D48/><U117/><E117/><V65/><F65/><W108/><G108/><T114/><D114/><U46/><E46/><V105/><F105/><W125/><G125/><T135/><D135/><U12/><E77/><V132/><F132/><W131/><G131/><T3/><D3/><U62/><E2/><V66/><F66/><W33/><G33/><T102/><D15/><AGARI ba="0,1" hai="8,15,16,29,30,94,99,101" m="22091,15402" machi="15" ten="30,2000,0" yaku="8,1,54,1" doraHai="68" who="2" fromWho="0" sc="173,-20,441,0,213,30,163,0" /><INIT seed="4,0,0,1,0,20" ten="153,441,243,163" oya="0" hai0="29,74,98,125,85,107,106,8,15,75,60,51,18" hai1="62,1,33,2,50,38,72,76,126,55,28,95,122" hai2="31,16,58,27,46,40,48,129,59,115,96,94,53" hai3="89,49,71,68,69,127,87,3,14,22,73,99,110"/><T26/><D125/><U83/><E38/><V102/><F115/><W4/><G110/><T43/><D85/><U54/><E122/><V112/><F112/><W35/><G127/><T134/><D134/><U108/><E108/><V93/><F129/><W13/><G73/><T101/><D107/><U82/><E126/><V25/><F31/><W34/><G99/><T91/><D91/><U24/><E83/><V42/><F94/><W113/><G113/><T128/><D128/><U124/><E124/><V65/><F58/><W63/><G63/><T79/><D79/><U39/><E39/><V56/><F56/><W5/><G49/><T64/><D51/><U17/><E62/><N who="2" m="38111" /><F16/><W88/><G71/><T66/><D43/><AGARI ba="0,0" hai="25,27,40,42,43,46,48,53,93,96,102" m="38111" machi="43" ten="30,3900,0" yaku="8,1,52,2" doraHai="20" who="2" fromWho="0" sc="153,-39,441,0,243,39,163,0" /><INIT seed="5,0,0,0,2,109" ten="114,441,282,163" oya="1" hai0="63,100,62,92,80,23,103,115,37,41,96,127,42" hai1="85,49,114,55,10,118,50,7,20,101,16,18,29" hai2="121,122,128,48,8,105,88,112,107,30,0,82,51" hai3="27,17,56,38,71,129,6,24,117,40,87,58,33"/><U119/><E101/><V57/><F128/><W52/><G71/><T72/><D127/><U36/><E36/><V70/><F70/><W133/><G129/><T95/><D37/><U21/><E29/><V60/><F30/><W111/><G111/><T116/><D116/><U2/><E114/><V1/><F8/><W64/><G6/><T123/><D123/><U54/><E85/><V98/><F60/><W53/><G133/><T14/><D23/><U90/><E90/><V125/><F57/><W68/><G87/><T84/><D72/><U77/><E77/><V99/><F82/><W124/><G124/><T25/><D14/><U32/><E32/><V69/><F69/><W126/><G126/><T93/><D115/><U44/><E21/><V34/><F125/><W13/><G33/><T11/><D11/><U75/><E75/><V61/><F61/><N who="0" m="23050" /><D25/><U74/><E74/><V86/><F34/><W73/><G73/><T97/><D95/><U26/><REACH who="1" step="1"/><E18/><REACH who="1" ten="114,431,282,163" step="2"/><V81/><F86/><W5/><G38/><T3/><D3/><U110/><E110/><V102/><F102/><W120/><G68/><T113/><D113/><U65/><E65/><V132/><F112/><W134/><G64/><T91/><AGARI ba="0,1" hai="41,42,80,84,91,92,93,96,97,100,103" m="23050" machi="91" ten="30,1100,0" yaku="8,1" doraHai="109" who="0" fromWho="0" sc="114,21,431,-5,282,-3,163,-3" /><INIT seed="6,0,0,4,2,119" ten="135,426,279,160" oya="2" hai0="45,84,87,3,88,5,33,123,129,74,54,109,133" hai1="14,134,108,82,131,72,47,117,63,67,26,40,135" hai2="52,0,102,80,38,36,120,58,48,85,110,77,39" hai3="90,121,97,4,51,23,22,21,8,107,11,13,20"/><V35/><F35/><W71/><G71/><T19/><D109/><U60/><E108/><V66/><F0/><W91/><G121/><T118/><D33/><U98/><E117/><V61/><F110/><W132/><G132/><N who="1" m="50730" /><E131/><V69/><REACH who="2" step="1"/><F102/><REACH who="2" ten="135,426,269,160" step="2"/><W46/><G107/><T79/><D3/><U89/><E67/><V18/><F18/><W29/><G29/><T62/><D19/><U12/><E26/><V101/><F101/><W32/><G32/><T113/><D118/><U94/><E12/><V34/><F34/><W92/><G13/><T114/><D133/><U2/><E2/><V1/><F1/><W70/><G4/><T127/><D5/><U10/><E14/><V115/><F115/><W53/><N who="3" m="5120" /><DORA hai="41" /><W81/><REACH who="3" step="1"/><G70/><REACH who="3" ten="135,426,269,150" step="2"/><T116/><D114/><U122/><E122/><AGARI ba="0,2" hai="36,38,39,48,52,58,61,66,69,77,80,85,120,122" machi="122" ten="40,12000,1" yaku="1,1,52,2,54,1,53,1" doraHai="119,41" doraHaiUra="130,59" who="2" fromWho="1" sc="135,0,426,-120,269,140,150,0" /><INIT seed="6,1,0,0,5,101" ten="135,306,409,150" oya="2" hai0="102,83,108,24,128,93,39,100,123,112,97,129,115" hai1="46,40,134,23,52,95,120,105,67,121,89,35,32" hai2="71,13,66,116,88,75,111,126,64,54,26,85,110" hai3="127,59,107,65,80,49,58,74,4,33,47,6,38"/><V14/><F116/><W130/><G33/><T37/><D108/><N who="2" m="41514" /><F75/><W103/><G130/><N who="0" m="50283" /><D24/><U42/><E67/><N who="2" m="25643" /><F71/><W31/><G31/><T50/><D50/><N who="1" m="28759" /><E23/><V72/><F72/><W57/><G127/><T63/><D63/><U21/><E21/><V34/><F126/><W0/><G38/><N who="0" m="14347" /><D83/><U25/><E134/><V62/><F62/><W77/><G65/><T17/><D17/><U51/><E51/><V55/><F55/><W91/><G91/><N who="0" m="55487" /><D123/><N who="1" m="47179" /><E35/><V18/><F54/><W133/><G133/><T11/><D11/><U73/><E73/><V68/><F68/><W78/><G80/><T53/><D53/><U30/><E105/><V1/><F18/><W113/><G74/><T96/><D100/><U12/><E12/><V45/><F45/><W132/><G132/><T2/><D2/><U124/><E124/><V16/><F1/><W5/><G0/><T79/><D79/><U90/><E90/><V36/><F36/><W19/><G19/><T81/><D81/><U98/><AGARI ba="1,0" hai="25,30,32,40,42,89,95,98" m="47179,28759" machi="98" ten="30,2000,0" yaku="13,1,54,1" doraHai="101" who="1" fromWho="1" sc="135,-6,306,23,409,-11,150,-6" /><INIT seed="7,0,0,3,3,55" ten="129,329,398,144" oya="3" hai0="135,110,10,43,100,87,94,53,80,25,134,48,42" hai1="78,6,95,0,27,69,45,91,127,116,49,29,3" hai2="31,54,34,79,73,76,61,72,7,67,47,2,88" hai3="12,44,115,117,89,19,123,39,35,30,81,85,41"/><W108/><G117/><T59/><D110/><U57/><E69/><V120/><F120/><W24/><G123/><T101/><D25/><U121/><E121/><V51/><F2/><W46/><G115/><T98/><D10/><U114/><E114/><V83/><F7/><W107/><G107/><T66/><D66/><U105/><E105/><V126/><F126/><W17/><G108/><T118/><D101/><U122/><E122/><V111/><F111/><W113/><G113/><T93/><D93/><U32/><E127/><V99/><F34/><W18/><REACH who="3" step="1"/><G44/><REACH who="3" ten="129,329,398,134" step="2"/><T109/><D109/><U37/><E116/><V71/><F47/><W50/><G50/><T102/><D118/><U65/><E37/><V68/><F51/><W22/><AGARI ba="0,1" hai="12,17,18,19,22,24,30,35,39,41,46,81,85,89" machi="22" ten="20,7800,0" yaku="1,1,0,1,7,1,53,1" doraHai="55" doraHaiUra="28" who="3" fromWho="3" sc="129,-26,329,-26,398,-26,134,88" /><INIT seed="7,1,0,0,2,46" ten="103,303,372,222" oya="3" hai0="52,58,3,109,99,132,37,39,66,116,21,77,108" hai1="64,62,26,84,70,67,15,125,74,134,119,76,44" hai2="22,93,102,98,12,16,41,75,69,97,60,117,43" hai3="127,49,83,35,55,87,113,57,107,5,85,2,123"/><W126/><G123/><T122/><D3/><U111/><E111/><V13/><F75/><W18/><G107/><T47/><D77/><U27/><E125/><N who="3" m="47626" /><G35/><T96/><D122/><U103/><E134/><V94/><F117/><W0/><G113/><T82/><D82/><U95/><E67/><V38/><F38/><W73/><G73/><T30/><D116/><U6/><E74/><V90/><F69/><W20/><G5/><T63/><D132/><U61/><E61/><V11/><F60/><W50/><G85/><T10/><D10/><U80/><E119/><V89/><F102/><W23/><G23/><T115/><D115/><U100/><E100/><V105/><F105/><W81/><G81/><T101/><D99/><U135/><E135/><V120/><F120/><W9/><G9/><T59/><D47/><U110/><E110/><V92/><F92/><W88/><G50/><T53/><D109/><U7/><E7/><AGARI ba="1,0" hai="7,11,12,13,16,22,41,43,89,90,93,94,97,98" machi="7" ten="30,7700,0" yaku="7,1,9,1,8,1,54,1" doraHai="46" who="2" fromWho="1" sc="103,0,303,-80,372,80,222,0" owari="103,-39.7,223,2.3,452,55.2,222,-17.8" /></mjloggm>