<mjloggm ver="2.3"><GO type="169" lobby="0"/><UN n0="%E7%99%BE%E9%87%8E%E3%81%95%E3%82%93" n1="%4E%6F%73%75%6B%65" n2="%E5%A4%A9%E6%89%8D%E3%82%A4%E3%83%99%E3%83%AA%E3%82%B3%E8%B1%9A" n3="%E6%84%9B%E3%81%AF%E6%AD%A3%E7%BE%A9" dan="17,16,16,16" rate="2194.65,2153.12,2076.67,2073.93" sx="M,M,F,F"/><TAIKYOKU oya="0"/><INIT seed="0,0,0,4,0,131" ten="250,250,250,250" oya="0" hai0="53,3,114,92,88,68,101,20,109,37,15,128,84" hai1="64,127,134,33,72,1,105,113,77,40,54,29,65" hai2="18,135,9,89,100,118,83,2,99,16,27,116,8" hai3="47,91,82,51,111,90,7,94,121,87,73,0,96"/><T57/><D114/><U48/><E113/><V28/><F135/><W11/><G121/><T12/><D3/><U56/><E1/><V75/><F89/><W74/><REACH who="3" step="1"/><G111/><REACH who="3" ten="250,250,250,240" step="2"/><T35/><D109/><U21/><E127/><V67/><F67/><W102/><G102/><T14/><D101/><U23/><E65/><V130/><F130/><W24/><G24/><T120/><D120/><U5/><E64/><V55/><F55/><AGARI ba="0,1" hai="0,7,11,47,51,55,73,74,82,87,90,91,94,96" machi="55" ten="30,7700,0" yaku="1,1,7,1,53,2" doraHai="131" doraHaiUra="107" who="3" fromWho="2" sc="250,0,250,0,250,-77,240,87" /><INIT seed="1,0,0,3,1,82" ten="250,250,173,327" oya="1" hai0="5,61,126,122,46,69,113,109,128,112,124,59,6" hai1="85,37,97,84,3,41,22,0,100,33,91,43,53" hai2="58,12,20,7,32,114,131,2,79,88,63,57,78" hai3="23,42,10,90,16,125,98,65,56,116,50,1,19"/><U134/><E33/><V25/><F131/><W104/><G116/><T66/><D128/><U29/><E134/><V74/><F114/><N who="0" m="44138" /><D6/><U48/><E3/><V81/><F32/><W60/><G125/><N who="0" m="48235" /><D5/><U49/><E0/><V92/><F2/><W40/><G1/><T31/><D31/><U13/><E37/><V38/><F79/><W83/><G104/><T127/><D109/><U77/><E100/><V107/><F107/><W133/><G133/><T110/><D110/><U51/><E53/><V68/><F38/><W105/><G105/><T111/><D111/><U95/><E77/><V89/><F89/><W103/><G103/><T99/><D99/><U86/><E13/><V24/><F7/><W9/><G19/><T21/><D21/><U117/><E117/><V55/><F12/><W75/><G75/><T76/><D76/><U11/><E11/><N who="3" m="4106" /><G50/><T96/><D96/><U54/><E54/><V123/><F55/><W108/><G108/><T30/><D30/><U71/><E71/><V28/><F24/><AGARI ba="0,0" hai="22,24,29,41,43,48,49,51,84,85,86,91,95,97" machi="24" ten="40,12000,1" yaku="8,1,52,3" doraHai="82" who="1" fromWho="2" sc="250,0,250,120,173,-120,327,0" /><INIT seed="1,1,0,0,1,75" ten="250,370,53,327" oya="1" hai0="57,114,120,45,27,92,102,85,76,35,40,34,111" hai1="82,43,9,87,134,81,32,0,106,68,5,58,90" hai2="121,63,44,118,88,25,53,2,22,97,70,49,107" hai3="48,42,21,20,113,30,112,19,12,11,66,62,46"/><U13/><E68/><V24/><F121/><W37/><G37/><T72/><D114/><U110/><E106/><V38/><F118/><W91/><G91/><T117/><D117/><U95/><E32/><V73/><F2/><W103/><G103/><T39/><D111/><U71/><E71/><V54/><F38/><W119/><G119/><T1/><D120/><U122/><E122/><V80/><F107/><W93/><G93/><T36/><D36/><U96/><E134/><V8/><F8/><W3/><G3/><T15/><D1/><U52/><E110/><V10/><F10/><W128/><G128/><T133/><D133/><U69/><E69/><V47/><F70/><W59/><REACH who="3" step="1"/><G30/><REACH who="3" ten="250,370,53,317" step="2"/><T89/><D102/><U41/><E0/><V129/><F129/><W127/><G127/><T4/><D39/><U74/><E82/><V115/><F97/><W16/><G16/><T18/><D4/><U77/><REACH who="1" step="1"/><E96/><REACH who="1" ten="250,360,53,317" step="2"/><V50/><F115/><AGARI ba="1,2" hai="11,12,19,20,21,42,46,48,59,62,66,112,113,115" machi="115" ten="40,1300,0" yaku="1,1,53,0" doraHai="75" doraHaiUra="33" who="3" fromWho="2" sc="250,0,360,0,53,-16,317,36" /><INIT seed="2,0,0,4,0,41" ten="250,360,37,353" oya="2" hai0="18,123,110,100,120,42,14,0,23,37,101,22,129" hai1="57,108,77,94,118,114,67,25,79,50,99,124,132" hai2="31,40,58,24,52,80,83,119,70,17,59,121,92" hai3="106,11,91,74,49,16,89,72,88,134,78,98,127"/><V53/><F121/><W76/><G134/><T51/><D110/><U125/><E118/><V86/><F119/><W20/><G127/><N who="1" m="48714" /><E114/><V115/><F115/><W104/><G11/><T36/><D0/><U66/><E108/><V103/><F70/><W2/><G2/><T65/><D129/><U27/><E132/><V32/><F40/><W9/><G9/><T4/><D4/><U33/><E50/><V44/><F17/><W93/><G49/><T48/><D65/><N who="1" m="24587" /><E57/><V60/><F44/><W39/><G39/><T29/><D42/><U55/><E55/><V69/><F69/><W84/><G20/><T45/><D18/><U26/><E33/><V117/><F117/><W96/><G16/><T107/><D29/><U105/><E105/><N who="3" m="40554" /><G84/><T6/><D107/><U21/><E21/><V122/><F122/><W28/><G28/><T64/><D6/><U75/><E75/><N who="3" m="28714" /><G96/><T71/><D64/><U82/><E82/><V35/><F35/><W19/><G19/><T46/><D71/><U111/><E111/><V43/><F43/><W8/><G8/><T128/><D128/><U47/><E47/><V68/><F68/><W61/><G61/><T135/><D135/><U97/><E97/><V131/><F131/><W7/><G7/><T1/><D1/><U85/><E85/><V34/><F34/><W13/><G13/><AGARI ba="0,0" hai="13,14,22,23,36,37,45,46,48,51,100,101,120,123" machi="13" ten="25,6400,0" yaku="22,2,52,2" doraHai="41" who="0" fromWho="3" sc="250,64,360,0,37,0,353,-64" /><INIT seed="3,0,0,4,1,66" ten="314,360,37,289" oya="3" hai0="40,115,100,62,114,51,135,73,50,6,15,67,9" hai1="90,17,110,126,116,41,44,71,86,91,121,109,53" hai2="16,103,93,113,99,34,8,88,127,23,58,119,7" hai3="43,2,128,105,5,12,97,42,20,76,31,70,22"/><W48/><G128/><T83/><D135/><U47/><E121/><V39/><F119/><W111/><G2/><T57/><D100/><U104/><E104/><V108/><F113/><N who="0" m="43018" /><D40/><U85/><E116/><V35/><F127/><W133/><G133/><T25/><D25/><U10/><E53/><V0/><F108/><W54/><G76/><AGARI ba="0,0" hai="6,9,15,50,51,57,62,67,73,76,83" m="43018" machi="76" ten="30,1000,0" yaku="11,1" doraHai="66" who="0" fromWho="3" sc="314,10,360,0,37,0,289,-10" /><INIT seed="4,0,0,2,3,90" ten="324,360,37,279" oya="0" hai0="39,31,52,29,91,10,82,88,104,61,15,17,115" hai1="2,23,95,99,56,72,119,59,63,125,102,1,40" hai2="51,26,83,27,76,41,118,113,124,127,16,106,22" hai3="3,5,43,74,13,131,18,11,109,70,110,107,0"/><T94/><D104/><U55/><E119/><V78/><F113/><W130/><G74/><T45/><D115/><U92/><E72/><V6/><F106/><W105/><G70/><T37/><D37/><U35/><E35/><V79/><F118/><W9/><G43/><T53/><D39/><U121/><E121/><V19/><F6/><W108/><REACH who="3" step="1"/><G3/><REACH who="3" ten="324,360,37,269" step="2"/><T60/><D53/><U46/><E2/><V32/><F32/><W93/><G93/><T24/><D82/><U14/><E1/><V112/><F112/><W21/><G21/><N who="0" m="15503" /><D31/><U111/><E95/><V69/><F69/><W89/><G89/><N who="0" m="34379" /><D94/><U132/><E92/><V42/><F83/><W133/><G133/><T36/><D36/><U28/><E40/><V57/><F127/><W50/><G50/><AGARI ba="0,1" hai="10,15,17,45,50,52,60,61" m="34379,15503" machi="50" ten="30,5800,0" yaku="8,1,54,2" doraHai="90" who="0" fromWho="3" sc="324,68,360,0,37,0,269,-58" /><INIT seed="4,1,0,0,2,58" ten="392,360,37,211" oya="0" hai0="52,74,48,2,27,23,88,126,135,37,102,16,115" hai1="103,100,73,17,94,106,98,4,104,70,68,116,75" hai2="65,43,32,11,41,79,107,49,22,34,118,57,56" hai3="60,82,105,77,55,3,66,30,130,67,64,33,134"/><T110/><D37/><U44/><E116/><V124/><F107/><W117/><G117/><T131/><D115/><U42/><E4/><V91/><F118/><W35/><G3/><T132/><D74/><U69/><E17/><V62/><F124/><W6/><G6/><T61/><D126/><U123/><E123/><V114/><F114/><W81/><G105/><T122/><D122/><U97/><REACH who="1" step="1"/><E94/><REACH who="1" ten="392,350,37,211" step="2"/><V92/><F79/><W7/><G7/><T1/><D110/><U29/><E29/><V0/><F0/><W84/><G130/><T26/><D131/><U13/><E13/><V9/><F22/><W12/><G134/><N who="0" m="51243" /><D27/><U5/><E5/><V127/><F34/><W54/><G12/><T63/><D2/><U129/><E129/><V121/><F32/><W112/><G112/><T86/><D1/><U113/><E113/><V39/><F121/><W19/><G19/><T31/><D31/><U14/><E14/><V101/><F127/><W18/><G18/><T50/><D102/><U59/><E59/><V28/><F101/><W89/><G30/><T111/><D111/><U71/><N who="1" m="17408" /><DORA hai="46" /><U20/><E20/><V25/><F25/><W125/><G125/><T85/><D23/><U120/><E120/><V10/><F28/><W45/><G33/><T78/><D26/><U36/><AGARI ba="1,1" hai="36,42,44,73,75,97,98,100,103,104,106" m="17408" machi="36" ten="60,12000,2" yaku="1,1,0,1,9,1,33,3,53,1" doraHai="58,46" doraHaiUra="80,38" who="1" fromWho="1" sc="392,-61,350,133,37,-31,211,-31" /><INIT seed="5,0,0,0,5,9" ten="331,483,6,180" oya="1" hai0="20,128,75,79,18,0,50,73,100,82,17,83,112" hai1="102,71,121,47,133,78,34,80,11,88,16,6,93" hai2="52,1,77,91,81,65,70,10,116,43,122,110,89" hai3="124,7,101,135,108,3,99,63,61,111,69,30,119"/><U13/><E121/><V33/><F116/><W107/><G119/><T14/><D112/><U46/><E71/><V60/><F122/><W103/><G124/><T86/><D0/><U104/><E133/><V51/><F110/><W41/><G135/><T105/><D128/><U95/><E104/><V49/><F33/><W26/><G41/><T39/><D39/><U76/><E34/><V96/><F96/><W5/><G103/><T4/><D4/><U54/><E102/><V84/><F51/><W55/><G55/><T90/><D100/><U42/><E54/><V24/><F24/><W23/><G61/><T97/><D97/><U27/><E95/><V2/><F2/><W109/><G3/><T12/><D105/><U8/><E80/><V132/><F132/><W67/><AGARI ba="0,0" hai="5,7,23,26,30,63,67,69,99,101,107,108,109,111" machi="67" ten="40,1500,0" yaku="0,1" doraHai="9" who="3" fromWho="3" sc="331,-4,483,-7,6,-4,180,15" /><INIT seed="6,0,0,5,2,14" ten="327,476,2,195" oya="2" hai0="55,4,94,3,97,56,75,22,67,120,72,99,16" hai1="125,28,45,134,115,64,57,69,2,89,49,102,60" hai2="12,25,124,76,113,107,51,80,92,40,90,39,70" hai3="135,84,27,116,0,23,119,112,24,48,46,8,106"/><V129/><F39/><W32/><G106/><T52/><D120/><U96/><E2/><V13/><F70/><W53/><G112/><T87/><D75/><U86/><E115/><V62/><F113/><W43/><G135/><T132/><D72/><U35/><E134/><V66/><F107/><W126/><G126/><T31/><D31/><U1/><E1/><V21/><F124/><W7/><G32/><T63/><D132/><U50/><E125/><V11/><F129/><W71/><G71/><T78/><D3/><U122/><E122/><V26/><F26/><W100/><G27/><N who="0" m="14791" /><D4/><U118/><E118/><V85/><F51/><W44/><G100/><N who="0" m="60471" /><D99/><U123/><E123/><V65/><F40/><W117/><G84/><T77/><D87/><U59/><E28/><V130/><F130/><W110/><G110/><T61/><D61/><U93/><E35/><V17/><F62/><W131/><G131/><T41/><D41/><U18/><E86/><N who="2" m="48391" /><F12/><W36/><G116/><T33/><D33/><U82/><E60/><V58/><F58/><W104/><G104/><T108/><D108/><U79/><E59/><V73/><F73/><W81/><G81/><T101/><D101/><U54/><E57/><V95/><F95/><W128/><G128/><T47/><D67/><U38/><E64/><V29/><AGARI ba="0,0" hai="11,13,17,21,25,29,65,66,85,90,92" m="48391" machi="29" ten="30,3000,0" yaku="8,1,52,1" doraHai="14" who="2" fromWho="2" sc="327,-10,476,-10,2,30,195,-10" /><INIT seed="6,1,0,5,4,133" ten="317,466,32,185" oya="2" hai0="25,54,7,74,100,45,49,24,125,48,124,84,94" hai1="123,19,122,43,99,72,86,115,105,6,57,80,103" hai2="38,16,12,95,59,23,9,76,106,63,92,102,18" hai3="2,98,51,40,119,117,4,14,61,15,97,33,121"/><V22/><F38/><W83/><G33/><T31/><D74/><U78/><E115/><V8/><F76/><W27/><G27/><T120/><D120/><N who="1" m="46123" /><E6/><V55/><F106/><W58/><G2/><T46/><D7/><U60/><E43/><V17/><F17/><W107/><G83/><T109/><D109/><U91/><E19/><V0/><F0/><W1/><G1/><T118/><D118/><U32/><E32/><V101/><F95/><W128/><G128/><T35/><D25/><U89/><E72/><V132/><F132/><W134/><G121/><T114/><D114/><U88/><E89/><V50/><F63/><W3/><G3/><T11/><D11/><U69/><E69/><V73/><F73/><W85/><G134/><T65/><D65/><AGARI ba="1,0" hai="57,60,65,78,80,86,88,91,99,103,105" m="46123" machi="65" ten="30,2000,0" yaku="13,1,54,1" doraHai="133" who="1" fromWho="0" sc="317,-23,466,23,32,0,185,0" /><INIT seed="7,0,0,2,3,71" ten="294,489,32,185" oya="3" hai0="114,16,48,0,8,120,109,29,45,95,39,101,37" hai1="105,76,98,104,129,27,14,6,21,35,17,32,1" hai2="47,65,22,54,81,130,63,83,102,126,4,75,122" hai3="66,67,40,15,49,23,115,88,127,72,82,64,9"/><W117/><G117/><T77/><D120/><U68/><E68/><V106/><F4/><W134/><G134/><T91/><D109/><U79/><E35/><V125/><F22/><W84/><G115/><T61/><D101/><U135/><E129/><V33/><F122/><W94/><G127/><T50/><D29/><N who="1" m="19519" /><E135/><V19/><F33/><W2/><G2/><T131/><D131/><U10/><E98/><V92/><F130/><W74/><G23/><T99/><D77/><AGARI ba="0,0" hai="1,6,10,14,17,21,76,77,79,104,105" m="19519" machi="77" ten="30,1000,0" yaku="24,1" doraHai="71" who="1" fromWho="0" sc="294,-10,489,10,32,0,185,0" owari="284,8.4,499,59.9,32,-46.8,185,-21.5" /></mjloggm>