<mjloggm ver="2.3"><GO type="169" lobby="0"/><UN n0="%4E%45%49%6E%73%6F" n1="%61%73%61%64%61%31%32" n2="%6C%6E%61%69" n3="%4D%72%52%41%4D%4F" dan="16,17,16,16" rate="2040.03,2198.94,2057.34,2140.84" sx="M,M,M,M"/><TAIKYOKU oya="0"/><INIT seed="0,0,0,2,5,22" ten="250,250,250,250" oya="0" hai0="30,105,46,106,51,94,118,101,109,93,124,90,53" hai1="134,71,6,99,57,40,70,91,21,52,18,12,19" hai2="55,82,29,127,69,126,128,39,66,92,28,54,24" hai3="83,122,129,84,103,78,120,98,47,35,1,119,11"/><T17/><D118/><U79/><E134/><V25/><F39/><W73/><G119/><T74/><D74/><U10/><E79/><V114/><F114/><W0/><G35/><T43/><D124/><N who="2" m="47658" /><F128/><W117/><G117/><T59/><D109/><U115/><E115/><V60/><F92/><W20/><G129/><T58/><D30/><N who="2" m="11882" /><F82/><W67/><G67/><T2/><D2/><U50/><E40/><V45/><F45/><W132/><G132/><T3/><D3/><U133/><E133/><V111/><F111/><W108/><G108/><T121/><D121/><N who="3" m="46697" /><G11/><T36/><D59/><U72/><E72/><V80/><F80/><N who="3" m="45135" /><G20/><T27/><D101/><U5/><E71/><V100/><F100/><W97/><G47/><T62/><D36/><U95/><REACH who="1" step="1"/><E70/><REACH who="1" ten="250,240,250,250" step="2"/><V23/><F23/><W32/><G32/><T4/><D43/><U125/><E125/><V102/><F102/><W13/><G103/><T76/><D76/><U63/><E63/><V110/><F110/><W87/><G0/><T104/><D62/><U38/><E38/><V68/><F69/><W113/><G1/><T14/><D106/><U7/><E7/><V8/><F8/><W130/><G113/><T42/><D105/><U131/><E131/><V44/><F55/><W48/><G130/><T86/><D104/><U37/><E37/><V64/><F64/><W33/><G33/><T88/><D4/><U56/><E56/><V107/><F107/><W61/><G61/><T112/><D112/><U41/><E41/><V116/><F116/><W31/><G48/><AGARI ba="0,1" hai="24,25,44,48,54,60,66,68" m="11882,47658" machi="48" ten="30,3900,0" yaku="18,1,52,2" doraHai="22" who="2" fromWho="3" sc="250,0,240,0,250,49,250,-39" /><INIT seed="1,0,0,3,3,80" ten="250,240,299,211" oya="1" hai0="122,85,92,94,130,49,9,34,128,38,87,7,98" hai1="78,84,82,55,63,24,0,86,53,65,96,4,101" hai2="121,11,91,54,58,110,44,120,70,1,23,64,133" hai3="43,74,2,45,31,77,39,114,103,22,57,73,123"/><U5/><E0/><V51/><F110/><W56/><G123/><T62/><D38/><U50/><E24/><V16/><F133/><W132/><G114/><T67/><D34/><U79/><E55/><V75/><F75/><W13/><G132/><T129/><D49/><U88/><E63/><V112/><F112/><W89/><G2/><N who="0" m="247" /><D122/><U60/><E60/><V46/><F70/><W19/><G103/><N who="0" m="60871" /><D94/><N who="1" m="58519" /><E65/><V108/><F108/><W107/><G107/><T36/><D36/><U116/><E116/><V99/><F121/><W17/><G31/><T27/><D27/><U59/><E79/><V124/><F1/><W14/><G89/><T115/><D115/><U113/><E113/><V76/><F76/><W48/><G39/><T25/><D25/><U109/><E109/><V47/><F120/><W100/><G100/><T97/><D97/><U131/><E131/><V126/><F64/><W90/><G90/><T69/><AGARI ba="0,0" hai="62,67,69,85,87,128,129,130" m="60871,247" machi="69" ten="30,4000,0" yaku="19,1,52,2" doraHai="80" who="0" fromWho="0" sc="250,40,240,-20,299,-10,211,-10" /><INIT seed="2,0,0,3,1,79" ten="290,220,289,201" oya="2" hai0="66,104,73,23,44,88,31,32,119,106,127,82,63" hai1="76,19,87,20,38,90,131,114,59,33,118,86,60" hai2="29,74,91,56,117,15,109,55,67,80,30,96,58" hai3="61,51,113,39,36,13,16,89,26,8,62,43,34"/><V46/><F117/><W54/><G113/><T35/><D119/><U132/><E33/><V0/><F0/><W124/><G124/><T3/><D3/><U2/><E38/><V95/><F109/><W7/><G43/><T135/><D127/><U126/><E114/><V130/><F130/><W18/><G39/><T110/><D110/><U133/><E2/><V17/><F46/><W101/><G36/><T10/><D10/><U65/><E118/><V120/><F120/><W24/><G101/><T125/><D125/><U57/><E131/><V12/><F12/><W93/><G34/><T129/><D129/><U42/><E42/><V1/><F1/><W81/><G18/><T47/><D135/><N who="1" m="51787" /><E76/><V84/><F74/><W50/><G50/><T100/><D35/><U49/><E126/><V105/><F67/><W28/><G28/><N who="2" m="10857" /><F105/><W103/><G103/><T14/><D106/><U68/><E86/><V102/><F55/><W85/><G93/><T53/><D53/><U5/><E5/><V108/><F108/><W11/><G11/><AGARI ba="0,0" hai="11,15,17,56,58,80,84,91,95,96,102" m="10857" machi="11" ten="30,2900,0" yaku="8,1,52,1" doraHai="79" who="2" fromWho="3" sc="290,0,220,0,289,29,201,-29" /><INIT seed="2,1,0,4,0,16" ten="290,220,318,172" oya="2" hai0="13,28,111,71,112,55,23,26,85,122,130,10,97" hai1="9,106,133,70,78,5,116,45,46,73,39,24,96" hai2="63,58,40,91,0,83,48,117,19,93,84,110,1" hai3="8,61,15,14,54,125,99,4,100,98,65,121,50"/><V95/><F117/><W135/><G125/><T109/><D71/><U3/><E46/><V115/><F115/><W107/><G135/><T30/><D112/><U80/><E24/><V69/><F110/><N who="0" m="41994" /><D122/><U12/><E12/><V132/><F132/><W57/><G121/><T11/><D130/><U59/><E59/><V51/><F69/><W41/><G98/><T35/><D97/><U74/><E133/><V22/><F0/><W114/><G114/><T29/><D55/><U21/><E70/><V81/><F1/><W2/><REACH who="3" step="1"/><G41/><REACH who="3" ten="290,220,318,162" step="2"/><T32/><D85/><U89/><E116/><V47/><F81/><W77/><G77/><T127/><D127/><U68/><E74/><V76/><F76/><W87/><G87/><T27/><D30/><U43/><E96/><V7/><F7/><W134/><G134/><T94/><D94/><U104/><E68/><AGARI ba="1,1" hai="2,4,8,14,15,50,54,57,61,65,68,99,100,107" machi="68" ten="30,2000,0" yaku="1,1,7,1,53,0" doraHai="16" doraHaiUra="82" who="3" fromWho="1" sc="290,0,220,-23,318,0,162,33" /><INIT seed="3,0,0,1,1,94" ten="290,197,318,195" oya="3" hai0="66,7,101,119,123,115,75,29,113,38,86,13,91" hai1="36,122,10,69,82,62,32,114,73,98,31,41,63" hai2="135,108,6,50,90,71,59,44,52,49,125,17,21" hai3="46,74,134,67,47,92,54,84,68,4,19,99,85"/><W2/><G74/><T30/><D119/><U127/><E114/><N who="0" m="43529" /><D123/><U42/><E122/><V35/><F35/><W111/><G134/><T116/><D116/><U23/><E32/><V48/><F71/><W76/><G111/><T8/><D38/><U72/><E127/><V24/><F125/><W57/><G68/><T58/><D75/><U1/><E69/><V109/><F135/><W28/><G28/><T56/><D101/><U12/><E1/><V0/><F0/><W81/><G67/><T15/><D15/><U77/><E72/><V124/><F6/><W3/><G84/><T60/><D56/><U106/><E36/><V53/><F124/><W18/><G4/><T132/><D132/><U103/><E23/><V133/><F133/><W89/><G2/><T5/><D5/><U107/><E31/><V78/><F78/><W80/><G80/><AGARI ba="0,0" hai="7,8,13,29,30,58,60,66,80,86,91" m="43529" machi="80" ten="30,1000,0" yaku="11,1" doraHai="94" who="0" fromWho="3" sc="290,10,197,0,318,0,195,-10" /><INIT seed="4,0,0,0,3,25" ten="300,197,318,185" oya="0" hai0="43,13,6,70,29,124,4,98,12,5,1,40,96" hai1="78,86,103,47,132,77,85,105,64,0,87,18,16" hai2="92,51,24,15,56,63,102,100,106,21,61,80,19" hai3="84,45,39,48,76,27,83,130,41,36,37,113,112"/><T10/><D70/><U90/><E0/><V114/><F114/><W127/><G130/><T89/><D124/><U109/><E109/><V97/><F106/><W17/><G127/><T134/><D134/><U69/><E132/><V72/><F102/><W34/><REACH who="3" step="1"/><G17/><REACH who="3" ten="300,197,318,175" step="2"/><N who="1" m="6762" /><E105/><V8/><F19/><W2/><G2/><T75/><D1/><U82/><E69/><V38/><F15/><W28/><AGARI ba="0,1" hai="27,28,34,36,37,39,41,45,48,76,83,84,112,113" machi="28" ten="40,5200,0" yaku="1,1,0,1,52,1,53,0" doraHai="25" doraHaiUra="3" who="3" fromWho="3" sc="300,-26,197,-13,318,-13,175,62" /><INIT seed="5,0,0,1,1,4" ten="274,184,305,237" oya="1" hai0="25,24,47,19,114,13,29,101,98,23,118,58,1" hai1="39,81,20,73,123,132,97,103,100,10,51,40,50" hai2="71,107,130,66,124,65,44,41,21,45,87,26,106" hai3="90,110,121,55,82,93,78,128,63,33,72,70,131"/><U133/><E123/><V117/><F117/><W38/><G110/><T67/><D118/><U36/><E20/><V119/><F119/><W122/><G38/><N who="1" m="14378" /><E81/><V52/><F41/><W135/><G33/><T69/><D1/><U59/><E73/><V91/><F124/><W27/><G27/><T11/><D69/><U30/><E30/><V35/><F35/><W16/><G135/><N who="1" m="51786" /><E40/><V102/><F21/><W96/><G122/><T94/><D114/><U84/><E84/><V134/><F87/><W14/><G121/><T104/><D25/><U64/><E64/><V57/><F66/><W99/><G99/><T3/><D67/><U5/><E59/><V111/><F65/><W88/><G70/><T31/><D58/><U43/><E43/><V54/><F71/><W53/><G90/><T68/><D68/><U120/><E120/><V12/><F57/><W126/><G126/><T61/><D31/><U77/><E77/><V0/><F26/><W86/><G72/><T80/><D80/><U15/><E103/><V125/><F102/><W62/><G55/><T7/><D29/><U74/><E74/><V129/><F134/><W34/><G34/><T85/><D85/><U46/><E46/><V113/><F91/><W127/><G127/><T48/><D47/><U109/><E109/><V92/><F125/><W17/><G53/><T22/><D101/><U60/><E60/><V116/><F111/><W83/><G83/><T28/><D28/><U8/><E10/><V115/><F44/><W49/><G63/><T112/><D61/><U79/><E79/><V6/><F45/><RYUUKYOKU ba="0,0" sc="274,-10,184,30,305,-10,237,-10" hai1="5,8,15,50,51,97,100" /><INIT seed="5,1,0,3,1,74" ten="264,214,295,227" oya="1" hai0="44,129,105,106,3,85,128,0,119,70,107,38,131" hai1="9,27,60,89,61,25,88,4,94,110,134,30,69" hai2="28,78,22,41,122,56,113,132,50,8,45,35,18" hai3="46,15,64,20,58,43,114,7,21,19,67,111,76"/><U33/><E134/><V87/><F122/><W130/><G111/><T42/><D119/><U104/><E104/><V125/><F132/><W133/><G133/><T12/><D70/><U66/><E110/><V26/><F125/><W75/><G114/><T120/><D120/><U108/><E108/><V73/><F73/><W100/><G130/><T59/><D12/><U57/><E27/><V36/><F113/><W72/><G100/><T2/><D85/><U121/><E121/><V102/><F102/><W13/><G58/><AGARI ba="1,0" hai="0,2,3,38,42,44,58,59,105,106,107,128,129,131" machi="58" ten="60,7700,0" yaku="29,2,19,1" doraHai="74" who="0" fromWho="3" sc="264,80,214,0,295,0,227,-80" /><INIT seed="6,0,0,1,2,36" ten="344,214,295,147" oya="2" hai0="64,109,113,87,81,120,16,133,10,15,12,134,31" hai1="44,53,118,89,66,29,33,7,20,2,28,49,75" hai2="108,104,119,51,86,43,82,97,62,101,50,99,124" hai3="22,102,98,6,131,123,4,135,72,117,13,96,129"/><V128/><F119/><W30/><G117/><T26/><D109/><U125/><E33/><V52/><F124/><W85/><G72/><T114/><D64/><U56/><E125/><V58/><F128/><W103/><G123/><T27/><D120/><U42/><E66/><V21/><F108/><W73/><G73/><T41/><D41/><U70/><E70/><V90/><F99/><W115/><G135/><N who="0" m="51723" /><D15/><U11/><E118/><V74/><F43/><W95/><G115/><N who="0" m="44043" /><D31/><U9/><E9/><V83/><REACH who="2" step="1"/><F21/><REACH who="2" ten="344,214,285,147" step="2"/><W1/><G22/><T78/><AGARI ba="0,1" hai="10,12,16,26,27,78,81,87" m="44043,51723" machi="78" ten="30,4000,0" yaku="20,1,15,1,54,1" doraHai="36" who="0" fromWho="0" sc="344,50,214,-10,285,-20,147,-10" /><INIT seed="7,0,0,4,1,113" ten="394,204,265,137" oya="3" hai0="64,118,13,52,39,96,112,5,18,83,63,68,129" hai1="71,25,110,84,130,72,28,36,101,104,26,38,31" hai2="135,54,56,81,107,22,7,78,74,55,61,132,23" hai3="8,115,1,106,47,73,43,35,9,14,58,20,97"/><W120/><G120/><T122/><D118/><U89/><E130/><V79/><F107/><W24/><G73/><T127/><D39/><U102/><E110/><V12/><F79/><W103/><G115/><T109/><D109/><U48/><E72/><V94/><F94/><W45/><G35/><T125/><D129/><U88/><E48/><V100/><F100/><W76/><G76/><T2/><D112/><U134/><E84/><V42/><F42/><W29/><G1/><T62/><D122/><U17/><E17/><V60/><F7/><W0/><G0/><T123/><D5/><U37/><E37/><V49/><F12/><W119/><G58/><T34/><D34/><U90/><E90/><V133/><F61/><W114/><G114/><T10/><D2/><U3/><E3/><V131/><F131/><W66/><G66/><T6/><D6/><U21/><E21/><V126/><F126/><W87/><G87/><T40/><D123/><U82/><E82/><V57/><AGARI ba="0,0" hai="22,23,49,54,55,56,57,60,74,78,81,132,133,135" machi="57" ten="40,2700,0" yaku="0,1,20,1" doraHai="113" who="2" fromWho="2" sc="394,-7,204,-7,265,27,137,-13" owari="387,48.7,197,-20.3,292,9.2,124,-37.6" /></mjloggm>