<mjloggm ver="2.3"><GO type="169" lobby="0"/><UN n0="%E2%97%8E%E3%82%88%E3%81%97%E2%97%8E" n1="%62%75%65" n2="%E3%81%A1%E3%81%AA%E3%81%A4" n3="%E2%80%A0%E7%99%BD%E5%85%8E%E2%80%A0" dan="16,17,17,17" rate="2154.29,2137.79,2179.43,2209.93" sx="M,M,M,M"/><TAIKYOKU oya="0"/><INIT seed="0,0,0,1,0,129" ten="250,250,250,250" oya="0" hai0="5,131,19,104,4,35,82,22,7,126,115,33,50" hai1="87,102,73,51,84,23,6,72,49,60,98,106,32" hai2="48,107,112,18,41,93,24,43,86,103,124,96,80" hai3="116,76,28,40,68,25,64,8,39,109,37,119,75"/><T71/><D71/><U46/><E32/><N who="0" m="12361" /><D104/><U105/><E6/><N who="0" m="2665" /><D82/><U121/><E121/><V65/><F112/><W59/><G59/><T67/><D67/><U74/><E106/><V9/><F124/><W47/><G39/><T17/><D50/><U101/><E101/><V16/><F107/><W14/><G76/><T77/><D77/><U52/><E60/><V97/><F97/><W61/><G75/><T85/><D85/><U81/><E81/><V134/><F65/><W10/><G109/><T62/><D62/><U31/><E51/><V125/><F125/><W66/><G66/><T91/><D91/><U55/><E55/><V130/><F130/><W135/><G116/><T83/><D83/><U44/><E44/><V36/><F36/><W114/><G119/><T111/><D126/><U21/><E31/><V0/><F48/><W133/><G114/><T92/><D131/><U118/><E118/><V128/><F128/><W53/><G53/><T127/><D127/><U13/><E87/><V2/><F43/><W78/><G78/><T34/><N who="0" m="12369" /><T95/><N who="0" m="2673" /><DORA hai="88" /><T20/><DORA hai="54" /><D115/><U117/><E117/><V58/><F41/><W100/><G100/><T113/><D113/><U122/><E84/><V57/><F58/><W79/><G79/><T38/><D38/><U94/><E105/><V110/><F57/><W90/><G90/><T99/><D111/><U63/><E63/><V108/><F110/><W45/><G45/><T120/><D120/><U132/><E122/><V11/><F108/><W70/><G70/><T69/><D69/><U30/><E46/><RYUUKYOKU ba="0,0" sc="250,0,250,0,250,0,250,0" /><INIT seed="1,1,0,1,2,41" ten="250,250,250,250" oya="1" hai0="86,120,42,17,11,63,7,124,105,48,118,47,130" hai1="92,1,12,59,119,91,116,102,72,123,53,62,55" hai2="129,9,22,24,2,61,32,20,34,35,75,30,8" hai3="78,103,99,95,60,134,126,64,67,88,111,37,107"/><U81/><E123/><V112/><F75/><W133/><G111/><T106/><D118/><U29/><E1/><V94/><F129/><W89/><G126/><T69/><D124/><U39/><E39/><V52/><F112/><W93/><G37/><T110/><D110/><U3/><E3/><V113/><F113/><W5/><G5/><T135/><D135/><N who="3" m="51721" /><G64/><T101/><D130/><U85/><E29/><V79/><F79/><W45/><G45/><T97/><D17/><U109/><E109/><V108/><F108/><W51/><G51/><T57/><D69/><U43/><E43/><V114/><F114/><W90/><G78/><T23/><D23/><U33/><E33/><V131/><F131/><W16/><G16/><T0/><D120/><U28/><E28/><V31/><F2/><W54/><G54/><T73/><D73/><U56/><E12/><V115/><F115/><W10/><G10/><T65/><REACH who="0" step="1"/><D86/><REACH who="0" ten="240,250,250,250" step="2"/><U18/><E18/><V84/><F20/><W104/><G104/><AGARI ba="1,1" hai="0,7,11,42,47,48,57,63,65,97,101,104,105,106" machi="104" ten="30,8000,1" yaku="1,1,2,1,7,1,52,1,53,1" doraHai="41" doraHaiUra="40" who="0" fromWho="3" sc="240,93,250,0,250,0,250,-83" /><INIT seed="2,0,0,4,1,64" ten="333,250,250,167" oya="2" hai0="74,120,37,116,21,123,48,106,17,12,135,27,90" hai1="34,59,24,62,22,80,11,127,47,92,52,87,67" hai2="91,40,101,33,18,63,88,93,3,85,20,133,9" hai3="26,1,23,28,46,108,102,5,131,96,119,99,115"/><V15/><F33/><W97/><G119/><T0/><D37/><U54/><E127/><V38/><F133/><W112/><G108/><T81/><D106/><U75/><E34/><V95/><F101/><W98/><G131/><T50/><D0/><U19/><E75/><V125/><F125/><W35/><G35/><T69/><D135/><U58/><E92/><V51/><F38/><W29/><G29/><T53/><D48/><U82/><E11/><V77/><F77/><W65/><G5/><T57/><D116/><U105/><E105/><V25/><F3/><W79/><G1/><T89/><D69/><U121/><E121/><V73/><F73/><W41/><G79/><T132/><D132/><U122/><E122/><V71/><F71/><W16/><G65/><T68/><D68/><U109/><E109/><V100/><F100/><W60/><G60/><T94/><D27/><U128/><E128/><V10/><F63/><W42/><G28/><T76/><D90/><U86/><E47/><N who="2" m="26087" /><F25/><W61/><G61/><T70/><D70/><U113/><E113/><N who="3" m="43594" /><G46/><T107/><D107/><AGARI ba="0,0" hai="16,23,26,41,42,96,97,98,99,102,107" m="43594" machi="107" ten="30,2000,0" yaku="11,1,54,1" doraHai="64" who="3" fromWho="0" sc="333,-20,250,0,250,0,167,20" /><INIT seed="3,0,0,0,5,28" ten="313,250,250,187" oya="3" hai0="46,9,79,34,73,115,42,114,122,72,101,92,6" hai1="102,60,86,58,29,69,126,124,10,32,7,16,19" hai2="106,117,43,95,128,36,14,131,47,48,75,44,107" hai3="125,23,52,90,62,39,85,26,76,59,99,25,94"/><W1/><G125/><N who="1" m="48234" /><E69/><V98/><F75/><W12/><G1/><N who="0" m="207" /><D122/><U40/><E40/><V87/><F87/><W105/><G39/><N who="0" m="21855" /><D92/><U53/><E102/><V5/><F117/><W18/><REACH who="3" step="1"/><G105/><REACH who="3" ten="313,250,250,177" step="2"/><T49/><D114/><U27/><E86/><V129/><F107/><W11/><G11/><T21/><D115/><U112/><E112/><V80/><F106/><W8/><G8/><T20/><D73/><U78/><E78/><V37/><F37/><W77/><G77/><T104/><D79/><U93/><E93/><V97/><F95/><W35/><G35/><T109/><D72/><U64/><E64/><V45/><F36/><W89/><G89/><T132/><D104/><U50/><E10/><N who="2" m="4431" /><F80/><AGARI ba="0,1" hai="12,18,23,25,26,52,59,62,76,80,85,90,94,99" machi="80" ten="40,7700,0" yaku="1,1,8,1,54,1,53,0" doraHai="28" doraHaiUra="38" who="3" fromWho="2" sc="313,0,250,0,250,-77,177,87" /><INIT seed="3,1,0,3,5,88" ten="313,250,173,264" oya="3" hai0="24,96,19,27,32,44,75,90,47,122,13,121,49" hai1="86,72,6,68,3,22,1,106,109,31,21,37,120" hai2="104,71,65,101,54,97,76,102,103,45,70,107,23" hai3="67,55,94,8,41,48,81,108,92,0,40,20,60"/><W11/><G108/><T98/><D75/><U53/><E120/><V15/><F76/><W43/><G81/><T52/><D47/><U29/><E72/><V91/><F65/><W77/><G77/><T117/><D117/><U28/><E106/><V14/><F45/><N who="3" m="28047" /><G0/><T93/><D98/><U119/><E37/><V46/><F104/><W134/><G134/><T116/><D116/><U123/><E68/><V99/><F107/><W17/><G60/><T131/><D131/><U26/><E123/><V87/><F71/><W36/><G67/><T59/><D32/><U125/><E119/><V129/><F70/><W4/><G4/><T10/><D121/><U124/><E109/><V95/><F129/><W58/><G58/><T112/><D112/><U127/><E6/><V63/><F63/><W105/><G105/><T74/><D74/><U89/><E53/><V50/><F15/><N who="3" m="9279" /><G36/><T114/><D114/><U126/><N who="1" m="31744" /><DORA hai="64" /><U18/><REACH who="1" step="1"/><E22/><REACH who="1" ten="313,240,173,264" step="2"/><V62/><F62/><W128/><G128/><T80/><D122/><U56/><E56/><V42/><F54/><W57/><G57/><T130/><D130/><U110/><E110/><V5/><F23/><W16/><G8/><AGARI ba="1,1" hai="5,8,14,42,46,50,87,91,95,97,99,101,102,103" machi="8" ten="40,2600,0" yaku="8,1,52,1" doraHai="88,64" who="2" fromWho="3" sc="313,0,240,0,173,39,264,-29" /><INIT seed="4,0,0,2,3,79" ten="313,240,212,235" oya="0" hai0="65,57,83,24,74,60,12,0,125,29,114,8,98" hai1="108,17,126,2,87,10,23,88,122,128,70,11,82" hai2="55,1,38,110,111,91,89,43,37,113,34,19,100" hai3="52,4,127,135,63,120,102,103,45,130,85,116,68"/><T106/><D0/><U46/><E108/><V134/><F1/><W96/><G116/><T75/><D125/><U117/><E122/><V112/><F34/><W59/><G127/><T67/><D114/><N who="2" m="44138" /><F100/><W78/><G68/><T94/><D106/><U80/><E126/><V54/><F19/><W30/><G130/><T7/><D67/><U41/><E70/><V93/><F43/><W95/><G135/><T51/><D51/><N who="1" m="27087" /><E128/><V22/><F22/><W124/><G124/><T53/><D53/><N who="2" m="19978" /><F134/><W81/><G120/><T115/><D115/><U42/><E42/><V90/><F93/><W66/><G30/><T25/><D25/><N who="1" m="14575" /><E2/><V16/><F16/><W77/><G4/><T109/><D109/><AGARI ba="0,0" hai="37,38,89,90,91,109,110,111" m="19978,44138" machi="109" ten="40,5200,0" yaku="28,2,15,1" doraHai="79" who="2" fromWho="0" sc="313,-52,240,0,212,52,235,0" /><INIT seed="5,0,0,4,1,80" ten="261,240,264,235" oya="1" hai0="68,124,47,123,14,89,59,132,133,69,49,20,58" hai1="22,102,43,32,135,84,17,117,45,101,119,26,65" hai2="74,114,53,52,108,15,4,71,121,2,3,44,36" hai3="109,29,24,103,50,33,98,13,39,127,40,11,125"/><U0/><E135/><N who="0" m="51785" /><D20/><U37/><E0/><V99/><F108/><W106/><G39/><T120/><D14/><U54/><E65/><V87/><F74/><W12/><G109/><T70/><D124/><N who="3" m="47689" /><G11/><T30/><D30/><U134/><E134/><V38/><F121/><N who="0" m="46666" /><D89/><U128/><E128/><V5/><F114/><W16/><G16/><T96/><D96/><U7/><E7/><V23/><F71/><W75/><G75/><T56/><D56/><U25/><E54/><AGARI ba="0,0" hai="47,49,54,58,59,68,69,70" m="46666,51785" machi="54" ten="40,8000,1" yaku="20,1,13,1,34,2" doraHai="80" who="0" fromWho="1" sc="261,80,240,-80,264,0,235,0" /><INIT seed="6,0,0,0,5,39" ten="341,160,264,235" oya="2" hai0="114,12,64,75,63,58,11,20,67,56,118,30,126" hai1="72,76,44,61,50,90,91,37,19,0,109,6,71" hai2="113,77,81,127,66,62,53,89,13,100,32,124,132" hai3="82,45,15,88,43,95,104,42,119,86,1,74,27"/><V121/><F121/><W26/><G1/><T123/><D123/><U106/><E109/><V31/><F113/><W101/><G119/><T22/><D75/><U131/><E106/><V55/><F100/><W85/><G74/><T18/><D114/><U54/><E131/><V9/><F132/><W130/><G130/><T36/><D36/><U29/><E29/><V102/><F102/><W87/><G104/><T134/><D126/><N who="2" m="48170" /><F89/><W41/><G45/><T97/><D134/><U14/><E37/><V111/><F111/><W17/><G101/><T35/><D118/><U122/><E122/><V7/><F31/><W73/><G73/><T23/><D97/><U60/><E6/><V46/><F32/><W70/><G70/><T40/><D35/><U24/><E0/><V120/><F46/><W125/><G125/><T128/><D128/><U21/><E24/><N who="3" m="9258" /><G95/><T59/><D30/><U84/><E72/><N who="2" m="43175" /><F120/><W112/><G112/><T48/><D63/><U51/><E51/><V107/><F107/><W5/><G5/><T78/><D78/><U135/><E135/><V38/><F38/><W69/><G69/><AGARI ba="0,0" hai="7,9,13,53,55,62,66,69" m="43175,48170" machi="69" ten="30,1500,0" yaku="18,1" doraHai="39" who="2" fromWho="3" sc="341,0,160,0,264,15,235,-15" /><INIT seed="6,1,0,5,4,80" ten="341,160,279,220" oya="2" hai0="42,92,118,56,94,15,32,124,125,26,7,130,21" hai1="105,110,31,84,37,35,71,23,95,30,102,43,111" hai2="4,29,97,126,70,53,52,6,119,79,5,64,75" hai3="36,44,76,33,72,10,101,8,69,96,49,131,77"/><V39/><F119/><W133/><G69/><T62/><D118/><U9/><E71/><V25/><F39/><W134/><G33/><T59/><D42/><U90/><E35/><V61/><F126/><N who="0" m="48746" /><D59/><U104/><E43/><V87/><F75/><W67/><G67/><N who="0" m="39367" /><D130/><U91/><E37/><V121/><F97/><W113/><G36/><T19/><D7/><U12/><E102/><V60/><F60/><W63/><G63/><T14/><D14/><U99/><E105/><V120/><F120/><W3/><G131/><T55/><D55/><U58/><E58/><V41/><F41/><W68/><G68/><T106/><D106/><U65/><E65/><V16/><F121/><W93/><G3/><T107/><D107/><U45/><E45/><V86/><F79/><W27/><G77/><T82/><D82/><U100/><E91/><V78/><F78/><W109/><G76/><T57/><D57/><U50/><E50/><V117/><F117/><W128/><G101/><T47/><D47/><U116/><E116/><V46/><F29/><AGARI ba="1,0" hai="15,19,21,26,29,32,92,94" m="39367,48746" machi="29" ten="30,1000,0" yaku="18,1" doraHai="80" who="0" fromWho="2" sc="341,13,160,0,279,-13,220,0" /><INIT seed="7,0,0,0,1,50" ten="354,160,266,220" oya="3" hai0="132,7,27,4,59,47,64,104,39,60,119,38,58" hai1="82,31,17,79,15,66,26,37,131,74,78,8,13" hai2="63,67,135,114,10,125,44,28,49,115,77,91,61" hai3="122,95,107,92,29,83,113,86,6,126,81,16,19"/><W120/><G107/><T33/><D104/><U97/><E37/><V100/><F77/><W108/><G113/><T124/><D132/><U22/><E131/><V34/><F100/><W62/><G126/><T75/><D75/><U118/><E118/><V70/><F28/><W23/><G6/><T88/><D33/><U87/><E66/><V43/><F34/><W56/><G108/><T32/><D58/><U68/><E68/><V73/><F73/><W121/><G29/><T133/><D133/><U51/><E97/><V55/><F135/><W18/><G23/><T72/><D72/><U112/><E112/><N who="2" m="43051" /><F91/><W41/><G41/><T54/><D88/><U71/><E71/><V103/><F103/><W105/><G105/><T48/><D124/><U117/><E117/><V36/><F10/><W40/><G40/><T53/><D32/><U52/><E15/><V2/><F2/><W80/><G86/><T14/><D14/><U123/><E123/><V35/><F35/><W129/><G129/><T9/><D9/><U98/><E98/><V5/><F5/><W65/><AGARI ba="0,0" hai="16,18,19,56,62,65,80,81,83,92,95,120,121,122" machi="65" ten="40,12000,1" yaku="0,1,29,2,54,1" doraHai="50" who="3" fromWho="3" sc="354,-40,160,-40,266,-40,220,120" owari="314,11.4,120,-38.0,226,-17.4,340,44.0" /></mjloggm>