<mjloggm ver="2.3"><GO type="169" lobby="0"/><UN n0="%E9%A2%A8%E3%81%A7%E9%B3%B4%E3%81%8F" n1="%E9%A2%A8%E7%B8%AB" n2="%E6%99%82%E8%A8%88%E5%9D%82%E9%9B%B6" n3="%E5%A4%A7%E7%A9%BA%E3%82%B9%E3%83%90%E3%83%AB%E2%98%86" dan="17,16,16,16" rate="2188.70,2140.72,2144.02,2104.73" sx="M,M,M,F"/><TAIKYOKU oya="0"/><INIT seed="0,0,0,3,1,95" ten="250,250,250,250" oya="0" hai0="49,135,96,59,65,110,134,80,46,11,6,2,85" hai1="71,50,79,1,116,13,30,122,40,28,68,14,127" hai2="97,90,19,106,36,35,92,43,33,98,63,72,112" hai3="3,104,70,58,118,130,115,77,39,56,105,57,51"/><T133/><D110/><U108/><E108/><V20/><F72/><W4/><G70/><T123/><D123/><U54/><E1/><V48/><F36/><W15/><G39/><T113/><D113/><U41/><E79/><V29/><F112/><W82/><G3/><T47/><D96/><U132/><E50/><V103/><F29/><W128/><G115/><T111/><D111/><U73/><E127/><V86/><F63/><W45/><G118/><T93/><D93/><U81/><E81/><V94/><F48/><W55/><G15/><T109/><D109/><U66/><E54/><V114/><F43/><W74/><REACH who="3" step="1"/><G4/><REACH who="3" ten="250,250,250,240" step="2"/><T125/><D125/><U76/><E13/><V22/><F114/><W42/><G42/><T64/><D59/><U89/><E14/><V0/><F0/><W120/><G120/><T53/><REACH who="0" step="1"/><D46/><REACH who="0" ten="240,250,250,240" step="2"/><U34/><E71/><V52/><F103/><W88/><G88/><AGARI ba="0,2" hai="2,6,11,47,49,53,64,65,80,85,88,133,134,135" machi="88" ten="40,12000,1" yaku="1,1,2,1,20,1,54,1,53,0" doraHai="95" doraHaiUra="26" who="0" fromWho="3" sc="240,140,250,0,250,0,240,-120" /><INIT seed="0,1,0,1,1,61" ten="380,250,250,120" oya="0" hai0="40,101,42,60,4,103,123,45,77,19,90,81,70" hai1="108,26,85,35,39,98,106,89,75,102,84,17,128" hai2="121,134,91,126,62,33,31,44,113,46,51,109,1" hai3="63,67,43,14,2,30,56,55,34,97,86,76,111"/><T118/><D118/><U110/><E39/><V93/><F113/><W11/><G111/><N who="1" m="42538" /><E17/><V99/><F121/><W79/><G2/><T7/><D123/><U23/><E23/><V117/><F134/><W37/><G97/><T105/><D90/><U131/><E26/><V64/><F1/><W58/><G86/><N who="1" m="33386" /><E35/><V115/><F117/><W3/><G3/><T116/><D116/><U100/><E75/><V49/><F109/><W82/><G82/><T50/><D42/><U83/><E83/><V119/><F119/><W10/><G10/><T53/><D105/><U15/><E15/><V71/><F31/><W36/><G30/><T13/><D81/><U114/><E114/><V125/><F33/><W124/><G34/><T0/><D77/><U129/><E106/><V25/><F25/><W9/><G9/><T20/><D0/><U127/><E127/><N who="2" m="48651" /><F115/><W135/><G124/><T48/><D4/><U28/><E28/><V57/><F49/><W133/><G43/><T66/><REACH who="0" step="1"/><D7/><REACH who="0" ten="370,250,250,120" step="2"/><U38/><E38/><V18/><F18/><N who="3" m="8543" /><G37/><T65/><D65/><U107/><E107/><V73/><F73/><W72/><G36/><T74/><D74/><U12/><E12/><V5/><F5/><W59/><G72/><T21/><D21/><U27/><E27/><V94/><F64/><W87/><G67/><T29/><D29/><U120/><E120/><V104/><F104/><W78/><G87/><T32/><D32/><U95/><AGARI ba="1,1" hai="89,95,98,100,102,128,129,131" m="33386,42538" machi="95" ten="40,8000,1" yaku="19,1,14,1,34,2" doraHai="61" who="1" fromWho="1" sc="370,-41,250,93,250,-21,120,-21" /><INIT seed="1,0,0,2,2,13" ten="329,343,229,99" oya="1" hai0="72,91,43,88,123,44,82,109,119,104,67,17,55" hai1="134,27,8,111,35,10,29,107,2,87,81,97,79" hai2="47,57,0,124,56,85,113,12,118,76,31,42,50" hai3="5,78,102,22,30,74,61,93,121,75,130,127,15"/><U135/><E111/><V51/><F0/><W71/><G121/><T92/><D104/><U66/><E66/><V68/><F68/><W25/><G127/><T77/><D109/><U41/><E41/><V62/><F118/><W52/><G130/><T40/><D119/><U46/><E46/><V34/><F124/><W16/><G5/><T101/><D123/><U9/><REACH who="1" step="1"/><E2/><REACH who="1" ten="329,333,229,99" step="2"/><V37/><F42/><W125/><G125/><T59/><D67/><U108/><E108/><V33/><F47/><W26/><G71/><T133/><D43/><U100/><AGARI ba="0,1" hai="8,9,10,27,29,35,79,81,87,97,100,107,134,135" machi="100" ten="30,3000,0" yaku="1,1,0,1,53,0" doraHai="13" doraHaiUra="70" who="1" fromWho="1" sc="329,-10,333,40,229,-10,99,-10" /><INIT seed="1,1,0,2,2,47" ten="319,373,219,89" oya="1" hai0="25,27,116,52,124,38,10,13,33,31,113,5,95" hai1="108,82,110,7,2,6,30,36,50,104,12,32,68" hai2="4,67,93,126,24,127,98,8,61,19,71,88,105" hai3="129,34,20,78,64,89,85,130,101,35,48,40,49"/><U91/><E68/><V135/><F135/><W28/><G40/><T112/><D38/><U117/><E36/><V122/><F122/><W11/><G64/><T87/><D116/><U132/><E104/><V79/><F79/><W58/><G58/><T75/><D75/><U114/><E117/><V42/><F42/><W120/><G101/><T94/><D124/><N who="2" m="47658" /><F105/><W15/><G78/><T44/><D27/><N who="1" m="18527" /><E2/><N who="2" m="23" /><F24/><N who="3" m="16391" /><G35/><T63/><D63/><U45/><E114/><V128/><F128/><N who="3" m="49259" /><G34/><T66/><D66/><U131/><E131/><V119/><F119/><W73/><G73/><T118/><D118/><U26/><E26/><V123/><F123/><W46/><G46/><T111/><D112/><U109/><E12/><V62/><F62/><W18/><G120/><T84/><D113/><U134/><E134/><V96/><F96/><W125/><G125/><T74/><D74/><U115/><E115/><V90/><F90/><W92/><AGARI ba="1,0" hai="11,15,18,48,49,85,89,92" m="49259,16391" machi="92" ten="30,4000,0" yaku="19,1,52,2" doraHai="47" who="3" fromWho="3" sc="319,-11,373,-21,219,-11,89,43" /><INIT seed="2,0,0,4,4,112" ten="308,352,208,132" oya="2" hai0="21,129,106,62,101,22,50,13,24,49,9,96,10" hai1="85,44,99,60,33,119,104,82,88,38,76,80,16" hai2="89,113,12,11,77,8,111,120,52,135,57,14,0" hai3="91,64,1,78,59,84,69,68,37,5,17,18,29"/><V36/><F120/><W56/><G37/><T95/><D106/><U27/><E119/><V107/><F113/><W87/><G29/><T123/><D123/><U134/><E134/><V115/><F115/><W70/><G78/><T125/><D129/><U34/><E104/><V7/><F36/><W65/><G5/><T86/><D125/><U2/><E2/><V132/><F107/><W19/><G1/><T43/><D22/><N who="1" m="13767" /><E44/><V110/><F77/><W94/><REACH who="3" step="1"/><G84/><REACH who="3" ten="308,352,208,122" step="2"/><T55/><D86/><U131/><E38/><V117/><F0/><W67/><AGARI ba="0,1" hai="17,18,19,56,59,64,65,67,68,69,70,87,91,94" machi="67" ten="40,12000,2" yaku="1,1,2,1,0,1,29,2,53,2" doraHai="112" doraHaiUra="53" who="3" fromWho="3" sc="308,-30,352,-30,208,-60,122,130" /><INIT seed="3,0,0,1,1,77" ten="278,322,148,252" oya="3" hai0="102,22,20,90,105,109,30,65,43,64,127,83,97" hai1="128,70,63,96,93,53,101,21,91,38,14,119,19" hai2="113,132,129,11,3,57,7,124,112,86,135,26,87" hai3="51,15,131,37,44,78,27,55,111,36,103,72,33"/><W31/><G131/><T74/><D109/><U94/><E119/><V2/><F57/><W61/><G111/><T75/><D127/><U32/><E38/><V85/><F124/><W1/><G1/><T4/><D4/><U76/><E32/><V118/><F118/><W5/><G103/><T81/><D43/><U13/><E76/><V100/><F100/><W117/><G117/><T0/><D0/><U134/><E134/><V28/><F2/><W9/><REACH who="3" step="1"/><G61/><REACH who="3" ten="278,322,148,242" step="2"/><T42/><D102/><U89/><E128/><V23/><REACH who="2" step="1"/><F129/><REACH who="2" ten="278,322,138,242" step="2"/><W47/><G47/><T73/><D105/><U45/><E101/><V80/><F80/><AGARI ba="0,2" hai="5,9,15,27,31,33,36,37,44,51,55,72,78,80" machi="80" ten="40,3900,0" yaku="1,1,52,1,53,0" doraHai="77" doraHaiUra="121" who="3" fromWho="2" sc="278,0,322,0,138,-39,242,59" /><INIT seed="3,1,0,2,4,66" ten="278,322,99,301" oya="3" hai0="47,40,13,90,99,10,61,44,94,91,0,111,48" hai1="14,27,92,101,103,5,129,81,74,97,46,39,93" hai2="73,104,29,37,22,58,125,45,132,117,49,130,8" hai3="114,41,106,38,119,55,123,89,75,121,56,28,78"/><W122/><G106/><T20/><D111/><U126/><E126/><V113/><F104/><W116/><G114/><T33/><D33/><U7/><E129/><V35/><F73/><W63/><G28/><T128/><D128/><U109/><E109/><V6/><F35/><W16/><G89/><T115/><D115/><U26/><E46/><V3/><F113/><W43/><G78/><T96/><D0/><U25/><E39/><V85/><F37/><W105/><G105/><T135/><D135/><U65/><E65/><V34/><F34/><W76/><G76/><T42/><D20/><U12/><E81/><V57/><F117/><N who="3" m="45131" /><G16/><T118/><D61/><U133/><E74/><V131/><F125/><W53/><G75/><T21/><D21/><U72/><E72/><V15/><F132/><W82/><G82/><T108/><D108/><U83/><E83/><V31/><F131/><W88/><G88/><T60/><D60/><U107/><E107/><V87/><F130/><W79/><G79/><T69/><D118/><U102/><E133/><V52/><F29/><W68/><G38/><T86/><D91/><U134/><E134/><V18/><REACH who="2" step="1"/><F31/><REACH who="2" ten="278,322,89,301" step="2"/><W36/><G36/><T30/><D30/><U71/><E71/><V11/><F11/><W24/><G68/><T120/><D69/><U51/><E51/><V64/><F64/><N who="3" m="39015" /><G24/><T4/><D120/><U23/><E23/><V127/><F127/><W110/><G110/><T50/><AGARI ba="1,1" hai="4,10,13,40,42,44,47,48,50,86,90,94,96,99" machi="50" ten="20,5200,0" yaku="0,1,7,1,9,1,8,1" doraHai="66" who="0" fromWho="0" sc="278,65,322,-14,89,-14,301,-27" /><INIT seed="4,0,0,1,2,40" ten="343,308,75,274" oya="0" hai0="32,39,46,26,106,52,57,99,54,79,17,70,75" hai1="49,105,5,44,128,61,91,131,59,16,124,119,108" hai2="129,4,53,110,115,96,64,93,3,126,135,37,87" hai3="12,94,18,89,0,9,56,58,23,25,7,14,48"/><T30/><D70/><U21/><E119/><V134/><F3/><W47/><G14/><T41/><D75/><U76/><E105/><V113/><F4/><W22/><G22/><T121/><D121/><U62/><E108/><V15/><F15/><W98/><REACH who="3" step="1"/><G0/><REACH who="3" ten="343,308,75,264" step="2"/><T80/><D17/><U50/><E76/><V72/><F110/><W118/><G118/><T82/><D79/><U36/><E5/><V81/><F115/><W6/><G6/><T33/><D33/><U86/><E16/><V20/><F113/><W71/><G71/><T117/><D117/><U102/><E21/><V42/><F20/><W60/><G60/><T83/><REACH who="0" step="1"/><D57/><REACH who="0" ten="333,308,75,264" step="2"/><U100/><E59/><V11/><F134/><W133/><G133/><T13/><D13/><U35/><E35/><V34/><F135/><W27/><G27/><T122/><D122/><U8/><E8/><V63/><F34/><W90/><G90/><T95/><D95/><U31/><E91/><V45/><F93/><W111/><G111/><T97/><D97/><U84/><E31/><V65/><F96/><W69/><G69/><T120/><D120/><U24/><E24/><V1/><F11/><W85/><G85/><T43/><D43/><AGARI ba="0,2" hai="7,9,12,18,23,25,43,47,48,56,58,89,94,98" machi="43" ten="30,7700,0" yaku="1,1,7,1,8,1,52,1,53,0" doraHai="40" doraHaiUra="123" who="3" fromWho="0" sc="333,-77,308,0,75,0,264,97" /><INIT seed="5,0,0,0,2,79" ten="256,308,75,361" oya="1" hai0="20,66,74,51,3,120,47,99,85,31,12,40,27" hai1="62,122,48,16,102,59,6,91,104,125,134,86,123" hai2="17,9,112,56,61,129,57,30,95,4,36,55,78" hai3="10,7,49,130,98,83,44,131,133,67,35,46,28"/><U65/><E125/><V63/><F36/><W90/><G133/><T116/><D74/><U81/><E6/><V50/><F129/><N who="3" m="49163" /><G67/><T127/><D3/><U5/><E5/><V41/><F30/><W84/><G49/><T68/><D116/><U119/><E119/><V108/><F108/><W126/><G126/><T37/><D127/><U117/><E134/><V89/><F78/><W38/><G38/><T88/><D99/><U96/><E117/><V64/><F112/><W0/><G98/><T106/><D106/><U118/><E118/><V113/><F113/><W69/><G69/><T70/><D66/><U132/><E132/><V97/><F17/><W21/><G35/><T19/><D37/><U128/><E128/><V32/><F32/><W115/><G115/><T82/><REACH who="0" step="1"/><D120/><REACH who="0" ten="246,308,75,361" step="2"/><U23/><REACH who="1" step="1"/><E48/><REACH who="1" ten="246,298,75,361" step="2"/><V76/><F50/><W26/><AGARI ba="0,2" hai="0,7,10,21,26,28,44,46,83,84,90" m="49163" machi="26" ten="30,2000,0" yaku="19,1,52,1" doraHai="79" who="3" fromWho="3" sc="246,-5,298,-10,75,-5,361,40" /><INIT seed="6,0,0,2,3,63" ten="241,288,70,401" oya="2" hai0="59,19,115,35,86,113,47,26,37,39,120,9,17" hai1="49,89,64,85,73,56,122,118,70,129,111,71,66" hai2="114,98,3,48,52,0,33,107,75,87,36,100,10" hai3="102,124,93,8,104,127,123,81,109,92,43,6,134"/><V61/><F75/><W77/><G109/><T121/><D86/><U108/><E73/><V72/><F72/><N who="3" m="43175" /><G123/><T67/><D9/><U62/><E85/><V13/><F36/><N who="0" m="13898" /><D47/><U30/><E89/><V21/><F33/><W46/><G134/><T23/><D35/><U45/><E30/><V131/><F131/><W15/><G104/><T42/><D19/><U110/><E122/><V27/><F87/><W103/><G46/><T105/><D42/><N who="1" m="24759" /><E129/><V126/><F126/><N who="3" m="48171" /><G43/><T90/><D90/><U28/><E28/><V88/><F114/><N who="0" m="43530" /><D105/><U91/><E118/><V79/><F79/><W69/><G69/><N who="1" m="26122" /><E91/><V4/><F88/><W32/><G32/><T96/><D96/><U5/><E5/><V54/><F61/><AGARI ba="0,0" hai="17,23,26,59,61,67,120,121" m="43530,13898" machi="61" ten="30,2000,0" yaku="15,1,52,1" doraHai="63" who="0" fromWho="2" sc="241,20,288,0,70,-20,401,0" /><INIT seed="7,0,0,3,4,112" ten="261,288,50,401" oya="3" hai0="52,77,108,39,26,127,98,89,106,123,124,130,116" hai1="19,12,110,28,4,71,122,111,69,45,16,101,9" hai2="5,63,115,96,60,43,27,59,58,133,135,131,3" hai3="113,134,41,61,13,55,94,53,97,62,47,48,126"/><W57/><G113/><T8/><D39/><U117/><E122/><V68/><F27/><W76/><G126/><N who="0" m="48171" /><D123/><U66/><E101/><V30/><F30/><W121/><G121/><T91/><D108/><N who="1" m="41515" /><E45/><V64/><F5/><W87/><G134/><T79/><D8/><N who="1" m="6151" /><E66/><V90/><F3/><W93/><G13/><T23/><D23/><U32/><E69/><V17/><F17/><W29/><G29/><T84/><D26/><N who="1" m="18455" /><E71/><V128/><F96/><W73/><G73/><T80/><D52/><N who="3" m="20041" /><G57/><T100/><D130/><U35/><E35/><V50/><F90/><N who="0" m="34314" /><D116/><U86/><E86/><V15/><F15/><W36/><G36/><T83/><D83/><U10/><E117/><V0/><F0/><W95/><G97/><T54/><D54/><U104/><E104/><V102/><F102/><W72/><G72/><T105/><D77/><U2/><E19/><V70/><F115/><W56/><G56/><T42/><D42/><U88/><E88/><V125/><F125/><W92/><G92/><AGARI ba="0,0" hai="79,80,84,92,98,100,105,106" m="34314,48171" machi="92" ten="30,3900,0" yaku="18,1,34,2" doraHai="112" who="0" fromWho="3" sc="261,39,288,0,50,0,401,-39" owari="300,10.0,288,-11.2,50,-45.0,362,46.2" /></mjloggm>