<mjloggm ver="2.3"><GO type="169" lobby="0"/><UN n0="%E2%97%8E%E3%82%88%E3%81%97%E2%97%8E" n1="%E3%83%94%E3%83%B3%E3%82%B5%E3%83%AD%E5%BA%97%E5%93%A1" n2="%E3%82%B1%E3%83%AB%E3%83%B4%E3%82%A3%E3%83%B3" n3="%E3%81%88%E3%81%8C%E3%82%8F%E3%82%8A%E3%81%8A" dan="17,17,16,16" rate="2171.58,2268.28,2143.87,2130.33" sx="M,M,M,M"/><TAIKYOKU oya="0"/><INIT seed="0,0,0,0,0,64" ten="250,250,250,250" oya="0" hai0="129,44,135,4,125,113,52,9,19,32,5,25,91" hai1="38,6,93,114,105,46,0,103,51,84,81,134,88" hai2="63,124,7,101,13,73,87,72,69,116,58,33,86" hai3="108,95,77,79,121,43,127,57,130,49,27,62,54"/><T104/><D113/><U132/><E38/><V96/><F33/><W110/><G130/><T100/><D129/><U80/><E6/><V117/><F124/><W40/><G127/><T109/><D125/><U24/><E0/><V56/><F7/><W107/><G107/><T3/><D135/><N who="1" m="51755" /><E24/><V39/><F39/><W92/><G27/><T70/><D4/><U16/><E16/><V128/><F128/><W97/><G121/><T29/><D109/><N who="3" m="42089" /><G95/><T75/><D75/><U12/><E12/><V36/><F36/><W106/><G106/><T10/><D91/><U35/><E35/><V21/><F13/><W133/><G133/><T126/><D126/><U48/><E48/><V28/><F21/><W98/><G98/><T14/><D104/><U41/><E114/><V131/><F131/><W119/><G119/><T89/><D89/><U83/><E105/><V15/><F15/><W20/><G20/><T17/><D100/><AGARI ba="0,0" hai="41,46,51,80,81,83,84,88,93,100,103" m="51755" machi="100" ten="30,2000,0" yaku="20,1,54,1" doraHai="64" who="1" fromWho="0" sc="250,-20,250,20,250,0,250,0" /><INIT seed="1,0,0,5,0,100" ten="230,270,250,250" oya="1" hai0="11,53,81,66,14,63,24,33,93,43,9,75,107" hai1="44,36,89,19,76,130,37,135,35,127,32,40,108" hai2="105,70,64,94,4,8,5,115,132,124,95,2,74" hai3="26,55,128,98,106,87,97,16,50,58,28,86,17"/><U102/><E37/><V46/><F124/><W131/><G87/><T79/><D43/><U129/><E127/><V112/><F74/><W119/><G119/><T83/><D53/><U77/><E135/><V85/><F5/><W25/><G86/><T73/><D93/><U18/><E89/><V120/><F120/><W111/><G111/><T23/><D33/><N who="1" m="12875" /><E102/><V68/><F132/><W34/><G97/><T31/><D107/><U84/><E108/><V38/><F105/><W49/><G49/><T133/><D133/><U12/><E84/><V126/><F126/><W48/><G48/><T121/><D121/><U82/><E82/><V80/><F94/><W0/><G0/><T122/><D122/><U113/><E113/><N who="2" m="43595" /><F64/><W60/><G50/><T30/><D30/><U20/><E19/><V134/><F95/><W117/><G117/><T109/><D109/><U118/><E118/><V92/><F92/><W39/><G39/><T65/><D65/><U59/><E59/><V104/><F104/><W6/><G98/><T51/><D51/><U22/><E22/><V110/><F110/><W116/><G106/><T101/><D101/><U47/><E47/><V27/><F134/><W3/><G116/><T90/><D14/><U99/><E99/><V41/><F27/><W45/><G25/><T21/><D90/><AGARI ba="0,0" hai="2,4,8,38,41,46,68,70,80,85,90" m="43595" machi="90" ten="30,1000,0" yaku="11,1" doraHai="100" who="2" fromWho="0" sc="230,-10,270,0,250,10,250,0" /><INIT seed="2,0,0,2,0,5" ten="220,270,260,250" oya="2" hai0="55,15,21,85,27,61,110,116,6,35,67,14,11" hai1="73,108,107,92,44,76,18,80,127,49,53,131,93" hai2="115,42,36,82,96,97,125,10,98,9,30,40,126" hai3="65,132,50,118,62,86,12,91,135,3,59,34,113"/><V104/><F115/><W75/><G118/><T22/><D110/><U78/><E107/><V25/><F82/><W114/><G3/><T128/><D128/><U68/><E68/><V106/><F25/><W58/><G75/><T23/><D116/><U51/><E108/><V74/><F30/><W4/><G34/><T103/><D55/><U109/><E109/><V33/><F33/><W38/><G38/><T63/><D63/><U0/><E131/><V129/><F129/><W89/><G50/><T79/><D103/><U122/><E127/><N who="2" m="48651" /><F74/><W124/><G124/><T94/><D35/><U99/><E78/><V69/><F69/><W19/><G4/><T39/><D39/><U95/><E122/><V60/><BYE who="0" /><F60/><W105/><G105/><N who="2" m="40553" /><F36/><W71/><G71/><UN n0="%E2%97%8E%E3%82%88%E3%81%97%E2%97%8E" /><T119/><D119/><U1/><E99/><N who="2" m="25347" /><V32/><DORA hai="17" /><F32/><W52/><G113/><T56/><D27/><U87/><E73/><V88/><F88/><N who="3" m="33867" /><G86/><T26/><D26/><U54/><REACH who="1" step="1"/><E18/><REACH who="1" ten="220,260,260,250" step="2"/><V102/><F102/><W83/><G114/><T123/><D123/><U133/><E133/><V41/><AGARI ba="0,1" hai="9,10,40,41,42" m="25347,40553,48651" machi="41" ten="50,12000,1" yaku="28,2,18,1,52,2" doraHai="5,17" who="2" fromWho="2" sc="220,-40,260,-40,260,130,250,-40" /><INIT seed="2,1,0,4,2,43" ten="180,220,390,210" oya="2" hai0="101,111,36,39,107,94,57,87,72,2,33,5,23" hai1="3,29,51,122,99,82,130,68,116,28,110,1,13" hai2="98,58,108,125,9,78,119,52,128,63,71,75,117" hai3="84,10,16,0,35,67,93,74,70,31,100,60,14"/><V21/><F128/><W92/><G74/><T30/><D33/><U124/><E68/><V40/><F125/><W54/><G0/><T41/><D72/><U11/><E116/><V89/><F71/><W120/><G120/><T86/><D107/><U113/><E113/><V19/><F108/><W80/><G100/><T132/><D132/><U103/><E110/><V96/><F9/><W83/><G83/><T91/><D101/><U6/><E130/><V37/><F78/><W56/><G31/><T27/><D36/><U118/><E118/><V46/><F75/><W64/><G35/><T26/><D57/><U105/><E124/><V17/><F17/><W25/><G25/><T47/><D111/><U73/><E122/><V15/><F98/><W135/><G135/><T121/><D121/><U112/><E112/><V4/><F4/><W109/><G109/><T38/><D87/><U106/><E106/><V49/><F37/><W8/><G8/><T18/><D38/><U12/><E1/><V85/><REACH who="2" step="1"/><F96/><REACH who="2" ten="180,220,380,210" step="2"/><W69/><G69/><T95/><D2/><U66/><E73/><V134/><F134/><W90/><REACH who="3" step="1"/><G67/><REACH who="3" ten="180,220,380,200" step="2"/><T62/><D5/><U102/><E66/><V104/><F104/><W45/><G45/><T42/><D47/><U50/><E3/><V131/><F131/><W115/><G115/><T7/><D30/><U81/><E6/><V22/><F22/><W97/><G97/><T76/><D23/><U79/><E99/><V126/><F126/><W34/><G34/><T53/><D7/><U48/><E105/><V24/><F24/><W59/><G59/><RYUUKYOKU ba="1,2" sc="180,-15,220,-15,380,15,200,15" hai2="15,19,21,40,46,49,52,58,63,85,89,117,119" hai3="10,14,16,54,56,60,64,70,80,84,90,92,93" /><INIT seed="2,2,2,5,2,49" ten="165,205,395,215" oya="2" hai0="105,6,74,4,45,126,130,11,134,87,56,29,71" hai1="10,16,114,28,81,60,82,108,92,43,8,15,51" hai2="23,59,35,68,104,70,94,133,38,62,24,80,113" hai3="85,66,78,129,98,52,76,131,63,22,122,9,111"/><V115/><F104/><W101/><G122/><T106/><D71/><U73/><E114/><V14/><F38/><W48/><G111/><T120/><D120/><U100/><E108/><V91/><F133/><W5/><G22/><T53/><D74/><U37/><E37/><V72/><F35/><W17/><G17/><T135/><D126/><U32/><E32/><V102/><F14/><W2/><G85/><T20/><D130/><N who="3" m="49673" /><G63/><N who="0" m="36239" /><D45/><N who="1" m="26047" /><E73/><V110/><F110/><W13/><G66/><T123/><D87/><U54/><E28/><V116/><F116/><W88/><G2/><N who="0" m="407" /><D6/><U40/><E40/><V132/><F132/><N who="0" m="50730" /><D123/><U125/><E125/><V39/><F39/><W89/><G76/><T25/><AGARI ba="2,2" hai="20,25,29,105,106" m="50730,407,36239" machi="25" ten="30,2000,0" yaku="20,1,52,1" doraHai="49" who="0" fromWho="0" sc="165,46,205,-7,395,-12,215,-7" /><INIT seed="3,0,0,1,3,100" ten="211,198,383,208" oya="3" hai0="117,90,64,104,110,112,118,62,35,101,12,75,46" hai1="81,11,38,113,0,33,54,61,70,40,9,85,106" hai2="8,37,69,125,86,96,56,94,79,80,7,24,18" hai3="91,19,105,87,29,13,28,92,97,25,72,42,44"/><W134/><G72/><T132/><D75/><U115/><E33/><V95/><F69/><W55/><G134/><T57/><D132/><U89/><E40/><V36/><F125/><W30/><G55/><T107/><D35/><U10/><E38/><V17/><F37/><W23/><G105/><T82/><D110/><U88/><E0/><V22/><F36/><W50/><REACH who="3" step="1"/><G87/><REACH who="3" ten="211,198,383,198" step="2"/><T52/><D107/><U65/><E106/><V47/><F96/><W63/><G63/><T5/><D104/><U58/><REACH who="1" step="1"/><E89/><REACH who="1" ten="211,188,383,198" step="2"/><V74/><F79/><W111/><G111/><T20/><D90/><U126/><E126/><V78/><F78/><W119/><G119/><T31/><D117/><U127/><E127/><V98/><F98/><W66/><G66/><T34/><D64/><U133/><E133/><V68/><F74/><W4/><G4/><T135/><D5/><U102/><E102/><V83/><F7/><W99/><G99/><T3/><D101/><U122/><E122/><V6/><F6/><W43/><G43/><T120/><D118/><U77/><E77/><V32/><F86/><W93/><G93/><T128/><D135/><U59/><E59/><V27/><F56/><W129/><G129/><T51/><D128/><U15/><E15/><AGARI ba="0,2" hai="13,15,19,23,25,28,29,30,42,44,50,91,92,97" machi="15" ten="40,3900,0" yaku="1,1,8,1,53,0" doraHai="100" doraHaiUra="71" who="3" fromWho="1" sc="211,0,188,-39,383,0,198,59" /><INIT seed="3,1,0,3,3,106" ten="211,149,383,257" oya="3" hai0="76,123,30,99,88,26,62,34,74,10,57,58,103" hai1="49,79,64,17,67,24,127,109,108,55,37,1,51" hai2="0,22,110,69,61,2,15,42,38,120,97,41,134" hai3="54,121,84,45,82,131,32,25,95,83,80,124,29"/><W90/><G121/><T46/><D123/><U77/><E37/><V118/><F110/><N who="1" m="42601" /><E1/><V129/><F120/><W43/><G131/><T75/><D76/><N who="1" m="29259" /><E127/><V31/><F129/><W122/><G122/><T72/><D62/><U96/><E96/><V65/><F118/><W104/><G104/><T71/><D71/><U89/><E89/><V21/><F134/><W27/><G27/><T93/><D10/><U66/><E55/><V102/><F22/><AGARI ba="1,0" hai="17,22,24,49,51,64,66,67" m="29259,42601" machi="22" ten="40,1300,0" yaku="14,1" doraHai="106" who="1" fromWho="2" sc="211,0,149,16,383,-16,257,0" /><INIT seed="4,0,0,5,2,26" ten="211,165,367,257" oya="0" hai0="1,128,99,49,32,11,108,134,86,5,73,64,61" hai1="72,50,98,92,120,60,107,39,10,27,70,125,21" hai2="76,42,0,53,114,102,41,20,17,6,51,97,31" hai3="135,52,59,88,38,83,16,9,18,30,84,126,46"/><T85/><D73/><U105/><E120/><V3/><F114/><W23/><G126/><T80/><D128/><U90/><E39/><V40/><F76/><W81/><G135/><T67/><D134/><U96/><E72/><V58/><F6/><W14/><G38/><T65/><D32/><U113/><E125/><V43/><N who="2" m="10240" /><DORA hai="29" /><V129/><F129/><W110/><G110/><T2/><D86/><U101/><E113/><V54/><F54/><W62/><G46/><T55/><D99/><U91/><E50/><V56/><F56/><W119/><G119/><T74/><D74/><U123/><E123/><V28/><F0/><W94/><G30/><T124/><D1/><U24/><E107/><V82/><F82/><W118/><G118/><T15/><D2/><U57/><E70/><V33/><F33/><W100/><G100/><T8/><D11/><U122/><E10/><V130/><F3/><W121/><G121/><T115/><D115/><U103/><E27/><AGARI ba="0,0" hai="9,14,16,18,23,27,52,59,62,81,83,84,88,94" machi="27" ten="30,8000,1" yaku="7,1,8,1,54,3" doraHai="26,29" who="3" fromWho="1" sc="211,0,165,-80,367,0,257,80" /><INIT seed="5,0,0,2,1,95" ten="211,85,367,337" oya="1" hai0="83,66,59,16,34,53,99,74,82,13,33,17,76" hai1="93,73,127,35,89,118,56,49,40,79,61,110,102" hai2="3,132,105,128,32,68,24,70,39,90,111,91,43" hai3="4,42,48,94,2,104,72,45,58,41,27,12,55"/><U131/><E118/><V125/><RYUUKYOKU type="yao9" ba="0,0" sc="211,0,85,0,367,0,337,0" hai2="3,24,32,39,43,68,70,90,91,105,111,125,128,132" /><INIT seed="5,1,0,4,1,44" ten="211,85,367,337" oya="1" hai0="74,0,102,41,10,119,60,134,55,14,27,63,131" hai1="36,39,98,58,78,29,1,68,76,83,109,26,56" hai2="90,59,23,19,95,126,28,31,108,33,101,8,112" hai3="6,47,132,34,73,94,84,40,22,115,82,114,128"/><U69/><E1/><V37/><F37/><W91/><G34/><T105/><D74/><U13/><E109/><V16/><F108/><W130/><G132/><T93/><D105/><U127/><E127/><V50/><F126/><W79/><G6/><T67/><D0/><U4/><E98/><V51/><F33/><W65/><G22/><T25/><D41/><U81/><E4/><V53/><F112/><N who="3" m="43051" /><G65/><T38/><D38/><AGARI ba="1,0" hai="38,40,47,73,79,82,84,91,94,128,130" m="43051" machi="38" ten="30,1000,0" yaku="15,1" doraHai="44" who="3" fromWho="0" sc="211,-13,85,0,367,0,337,13" /><INIT seed="6,0,0,4,5,49" ten="198,85,367,350" oya="2" hai0="16,68,21,86,61,81,112,128,134,55,119,96,56" hai1="105,110,102,53,12,63,4,33,45,85,74,109,24" hai2="28,91,8,132,80,95,129,17,37,92,0,101,123" hai3="18,113,66,14,50,59,130,120,131,114,133,2,26"/><V23/><F123/><W60/><G120/><T41/><D112/><N who="3" m="43113" /><G2/><T72/><D128/><N who="3" m="49193" /><G133/><T11/><D119/><U25/><E74/><V70/><F70/><W99/><G99/><T19/><D72/><U108/><E33/><V69/><F69/><W122/><G122/><T103/><D68/><U79/><E102/><V65/><F65/><W62/><G26/><T15/><D41/><U27/><E105/><V118/><F118/><W125/><G125/><T34/><D34/><U38/><E38/><V93/><F129/><W88/><G88/><T46/><D134/><U42/><E42/><V31/><F132/><W104/><G104/><T35/><D35/><U98/><E98/><V107/><F37/><W52/><G66/><T29/><D29/><U106/><E106/><V75/><F107/><W48/><G48/><T124/><D124/><U32/><E32/><V57/><F101/><W100/><G100/><T121/><D121/><U22/><E45/><V67/><F0/><W111/><G111/><T97/><D46/><U1/><E1/><V87/><F75/><W127/><G127/><T71/><D71/><U54/><E63/><N who="2" m="38383" /><F8/><AGARI ba="0,0" hai="8,14,18,50,52,59,60,62" m="49193,43113" machi="8" ten="30,8000,1" yaku="15,1,11,1,19,1,52,1,54,1" doraHai="49" who="3" fromWho="2" sc="198,0,85,0,367,-80,350,80" /><INIT seed="7,0,0,3,3,120" ten="198,85,287,430" oya="3" hai0="55,118,59,35,96,83,94,106,7,84,39,129,61" hai1="93,40,15,98,126,125,45,80,85,64,86,60,78" hai2="104,54,70,79,112,4,20,41,16,117,103,130,56" hai3="102,23,22,77,108,3,66,107,110,9,127,119,76"/><W29/><G119/><T69/><D118/><U19/><E126/><V74/><F117/><W25/><G127/><T28/><D39/><U87/><E125/><V92/><F112/><W101/><G66/><T128/><D69/><U97/><E97/><V27/><F130/><W6/><G22/><T48/><D106/><U88/><E60/><V134/><F134/><W12/><G3/><T24/><D7/><U89/><E64/><V26/><F70/><W21/><G21/><T123/><D123/><U36/><E89/><V32/><F104/><W67/><G67/><T34/><D34/><U71/><E71/><V122/><F122/><W121/><G121/><T131/><D61/><U18/><E18/><V111/><F41/><W50/><G50/><T2/><D2/><U63/><E63/><V52/><F4/><W95/><G95/><T5/><D5/><U99/><E99/><V37/><F37/><W132/><G132/><T30/><D96/><U124/><E124/><V33/><F92/><W38/><G38/><T114/><D94/><U46/><E46/><V62/><F103/><N who="3" m="39435" /><G107/><T73/><D128/><U17/><REACH who="1" step="1"/><E17/><REACH who="1" ten="198,75,287,430" step="2"/><V44/><F44/><W133/><G133/><T109/><D129/><U49/><E49/><V1/><F16/><W105/><G105/><T0/><D48/><U43/><E43/><V53/><F62/><W82/><G6/><T72/><D131/><U116/><E116/><V11/><F56/><W91/><G91/><T115/><D59/><U31/><E31/><V90/><F90/><W13/><G29/><T8/><D28/><U68/><E68/><RYUUKYOKU ba="0,1" sc="198,-10,75,30,287,-10,430,-10" hai1="15,19,36,40,45,78,80,85,86,87,88,93,98" owari="188,-21.2,105,-39.5,277,7.7,430,53.0" /></mjloggm>