<mjloggm ver="2.3"><GO type="169" lobby="0"/><UN n0="%E3%81%AD%E3%81%8A%E3%82%80%E3%83%BC%E3%81%BF%E3%82%93" n1="%6F%6B%61%62%65%73%68%69" n2="%E3%82%A4%E3%82%A7%E3%83%83%E3%82%BF%E3%82%A4%E3%82%AC%E3%83%BC" n3="%E7%95%99%E3%83%81%E3%83%A7%E3%83%AD" dan="16,17,16,19" rate="2076.33,2196.10,2126.01,2327.19" sx="M,M,M,M"/><TAIKYOKU oya="0"/><INIT seed="0,0,0,5,1,10" ten="250,250,250,250" oya="0" hai0="78,107,101,84,73,32,134,125,67,83,108,54,128" hai1="124,3,118,42,7,14,64,71,119,11,37,21,5" hai2="104,29,38,122,63,72,117,127,135,109,28,51,113" hai3="92,48,121,133,65,50,44,41,102,85,98,97,80"/><T115/><D32/><U18/><E124/><V114/><F51/><W8/><G133/><T33/><D33/><U116/><E7/><V88/><F88/><W70/><G121/><T31/><D31/><U79/><E71/><V69/><F63/><W19/><BYE who="2" /><G70/><UN n2="%E3%82%A4%E3%82%A7%E3%83%83%E3%82%BF%E3%82%A4%E3%82%AC%E3%83%BC" /><T74/><D67/><U1/><E64/><V131/><F28/><W55/><G65/><T46/><D115/><U57/><E57/><V56/><F29/><W76/><G97/><N who="0" m="61871" /><D46/><U66/><E66/><V82/><F82/><W111/><G111/><T106/><D54/><U35/><E79/><V15/><F15/><N who="3" m="7655" /><G48/><T62/><D62/><U30/><E42/><AGARI ba="0,0" hai="41,42,44,50,55,76,80,85,92,98,102" m="7655" machi="42" ten="30,2000,0" yaku="8,1,52,1" doraHai="10" who="3" fromWho="1" sc="250,0,250,-20,250,0,250,20" /><INIT seed="1,0,0,0,0,131" ten="250,230,250,270" oya="1" hai0="49,36,28,45,12,103,38,7,87,84,2,68,60" hai1="24,59,94,48,134,32,70,47,124,16,3,18,97" hai2="21,50,43,113,120,33,14,29,26,98,71,31,121" hai3="135,27,6,111,72,57,10,101,22,64,117,30,15"/><U73/><E70/><V112/><F71/><W119/><G72/><T37/><D2/><U95/><E73/><V129/><F98/><W75/><G75/><T41/><D103/><U78/><E78/><V9/><F50/><W35/><G101/><T127/><D127/><U69/><E69/><V116/><F43/><W25/><G64/><T77/><D28/><U39/><E3/><V5/><F129/><W118/><G57/><T85/><D60/><U107/><E107/><V128/><F128/><W51/><G51/><T106/><D106/><U115/><E115/><N who="2" m="44107" /><F116/><W11/><G111/><T100/><D100/><U81/><E81/><V89/><F89/><W4/><G135/><T17/><D68/><U34/><E124/><V1/><F31/><W90/><G90/><T8/><REACH who="0" step="1"/><D17/><AGARI ba="0,0" hai="1,5,9,14,17,21,26,29,33,120,121" m="44107" machi="17" ten="30,7700,0" yaku="24,1,11,1,34,2" doraHai="131" who="2" fromWho="0" sc="250,-77,230,0,250,77,270,0" /><INIT seed="2,0,0,5,4,8" ten="173,230,327,270" oya="2" hai0="113,118,30,129,4,7,69,78,33,126,32,120,119" hai1="106,112,76,3,83,99,26,24,56,87,39,95,67" hai2="68,82,107,128,14,65,77,89,51,2,12,11,101" hai3="20,94,93,110,52,16,92,108,91,84,116,37,96"/><V100/><F128/><W22/><G37/><T60/><D78/><U105/><E112/><V134/><F134/><W50/><G116/><N who="0" m="44587" /><D69/><U125/><E39/><V54/><F89/><W85/><G22/><T121/><D60/><U27/><E3/><V49/><F49/><W43/><G43/><T25/><D113/><U44/><E125/><V15/><F107/><W45/><G84/><T10/><D129/><U6/><E6/><N who="0" m="2089" /><D126/><U23/><E106/><V86/><F11/><W41/><G41/><T130/><D130/><U133/><E105/><V5/><F5/><W58/><G45/><T114/><D114/><U135/><E44/><V31/><F31/><W74/><G74/><T90/><D90/><U36/><E36/><V62/><REACH who="2" step="1"/><F2/><REACH who="2" ten="173,230,317,270" step="2"/><W47/><G47/><AGARI ba="0,1" hai="12,14,15,47,51,54,62,65,68,77,82,86,100,101" machi="47" ten="40,12000,1" yaku="1,1,2,1,52,3,53,0" doraHai="8" doraHaiUra="111" who="2" fromWho="3" sc="173,0,230,0,317,130,270,-120" /><INIT seed="2,1,0,3,2,1" ten="173,230,447,150" oya="2" hai0="53,78,116,134,131,101,132,84,16,4,104,61,35" hai1="90,81,22,21,110,42,112,44,2,119,26,55,120" hai2="92,23,5,71,107,12,109,129,6,68,39,135,58" hai3="11,24,76,14,49,88,9,118,64,126,60,87,128"/><V50/><F39/><W19/><G128/><T80/><D35/><U122/><E119/><V106/><F129/><W130/><G130/><T3/><D131/><U37/><E112/><V36/><F36/><W52/><G118/><T17/><D116/><U96/><E110/><V27/><F135/><N who="0" m="51754" /><D101/><U105/><E2/><V20/><F109/><W82/><G126/><T48/><D104/><U31/><E105/><V75/><F75/><W79/><G9/><N who="0" m="2207" /><D61/><U73/><E55/><V18/><F106/><W30/><G60/><T13/><D13/><U121/><E73/><V123/><F107/><W94/><G64/><T125/><D125/><U62/><E62/><V93/><F123/><W67/><G67/><T83/><D80/><U69/><E69/><V103/><F71/><W85/><G94/><N who="2" m="36457" /><F68/><W113/><G113/><T91/><D91/><U115/><E96/><V102/><F103/><W10/><G10/><T111/><D111/><U43/><E43/><V99/><F99/><W89/><G89/><T32/><D32/><N who="1" m="20599" /><E115/><V72/><F102/><W38/><G38/><T77/><D77/><U33/><E33/><V45/><F72/><W40/><G40/><T114/><D114/><U0/><E0/><V46/><F58/><AGARI ba="1,0" hai="16,17,48,53,58,78,83,84" m="2207,51754" machi="58" ten="30,3900,0" yaku="20,1,52,1,54,1" doraHai="1" who="0" fromWho="2" sc="173,42,230,0,447,-42,150,0" /><INIT seed="3,0,0,5,3,111" ten="215,230,405,150" oya="3" hai0="0,70,26,61,51,44,117,42,21,15,19,1,31" hai1="121,55,82,29,52,131,10,36,130,116,96,129,59" hai2="48,49,123,38,57,76,135,73,100,64,5,101,8" hai3="66,84,118,14,71,60,91,90,103,56,58,78,18"/><W93/><G118/><T74/><D74/><U104/><E121/><V97/><F38/><W124/><G124/><T69/><D117/><U77/><E116/><V27/><F123/><W63/><G78/><T125/><D125/><U127/><E127/><V92/><F135/><W53/><G71/><T28/><D28/><U7/><E36/><V113/><F27/><W9/><REACH who="3" step="1"/><G84/><REACH who="3" ten="215,230,405,140" step="2"/><T108/><D108/><U94/><E129/><V83/><F76/><W81/><G81/><T54/><D69/><U114/><E131/><V110/><F83/><W126/><G126/><T3/><D70/><U106/><E130/><V50/><F110/><W46/><G46/><T105/><D105/><U13/><E106/><V109/><F109/><W112/><G112/><T87/><D87/><U4/><E104/><V24/><F113/><W37/><G37/><T16/><REACH who="0" step="1"/><D15/><REACH who="0" ten="205,230,405,140" step="2"/><U62/><E114/><V86/><F86/><W79/><G79/><T128/><D128/><U132/><E77/><V23/><F73/><W122/><G122/><T88/><D88/><N who="1" m="55367" /><E132/><V40/><F100/><W119/><G119/><T22/><D22/><U80/><E80/><V102/><F102/><W120/><G120/><T107/><D107/><U17/><E82/><V85/><F85/><W39/><G39/><T35/><D35/><U115/><E115/><V47/><F23/><W11/><G11/><T32/><D32/><U89/><E10/><V72/><F72/><W98/><AGARI ba="0,2" hai="9,14,18,53,56,58,60,63,66,90,91,93,98,103" machi="98" ten="30,6000,0" yaku="1,1,0,1,8,1,53,0" doraHai="111" doraHaiUra="68" who="3" fromWho="3" sc="205,-20,230,-20,405,-20,140,80" /><INIT seed="3,1,0,1,3,84" ten="185,210,385,220" oya="3" hai0="110,129,25,8,121,117,69,12,73,92,114,14,43" hai1="102,10,26,78,28,77,3,67,63,48,20,115,38" hai2="46,118,122,86,42,128,39,57,80,68,59,81,89" hai3="33,37,100,94,112,93,24,49,7,113,18,53,17"/><W135/><G37/><T56/><D69/><U9/><E115/><V52/><F118/><W16/><G135/><T127/><D73/><U64/><E38/><V72/><F122/><W95/><G100/><T29/><D117/><U21/><E67/><V32/><F68/><W88/><G7/><T91/><D121/><U132/><E132/><V54/><F32/><W76/><G76/><T111/><D127/><U82/><E3/><V11/><F128/><W133/><G133/><T120/><D120/><U23/><E77/><V66/><F72/><W27/><G33/><T105/><D43/><U36/><E36/><V40/><F40/><W30/><G30/><T107/><D56/><U134/><E134/><V62/><F57/><N who="3" m="32943" /><G113/><T58/><D58/><N who="1" m="36983" /><E48/><V1/><F1/><W15/><G15/><N who="0" m="5675" /><D8/><N who="1" m="3179" /><E102/><V60/><F60/><W61/><G61/><T13/><N who="0" m="5683" /><T126/><DORA hai="41" /><D126/><U101/><E101/><V19/><F11/><W47/><G112/><T5/><D5/><U22/><E78/><V79/><REACH who="2" step="1"/><F19/><REACH who="2" ten="185,210,375,220" step="2"/><W109/><G18/><T125/><D125/><U131/><E131/><V99/><F99/><W106/><G16/><T2/><D2/><U104/><E28/><V75/><AGARI ba="1,1" hai="39,42,46,52,54,59,62,66,75,79,80,81,86,89" machi="75" ten="20,12000,2" yaku="1,1,0,1,7,1,52,2,54,1,53,0" doraHai="84,41" doraHaiUra="124,45" who="2" fromWho="2" sc="185,-31,210,-31,375,133,220,-61" /><INIT seed="4,0,0,4,2,112" ten="154,179,508,159" oya="0" hai0="119,124,37,102,24,128,72,81,71,130,86,114,113" hai1="100,64,34,31,7,80,69,87,53,49,70,66,65" hai2="44,11,61,56,18,96,22,45,25,76,36,133,10" hai3="62,47,120,122,104,91,92,118,14,50,8,110,9"/><T42/><D71/><U58/><E7/><V46/><F36/><W93/><G110/><T107/><D37/><U84/><E100/><V116/><F133/><W15/><G104/><T19/><D42/><U82/><E34/><V89/><F76/><W103/><G62/><T63/><D63/><U73/><E73/><V0/><F0/><W21/><G21/><T2/><D2/><U3/><E3/><V55/><REACH who="2" step="1"/><F116/><REACH who="2" ten="154,179,498,159" step="2"/><W4/><G118/><T43/><D119/><U54/><E31/><V59/><F59/><W33/><G120/><T29/><D114/><U12/><E58/><V32/><F32/><W117/><G33/><T52/><D113/><U134/><E134/><V135/><F135/><W108/><G122/><T28/><D72/><U39/><E39/><V105/><F105/><W48/><G117/><T40/><D128/><U127/><E69/><V57/><F57/><W98/><G108/><T6/><D130/><U79/><E70/><V94/><AGARI ba="0,1" hai="10,11,18,22,25,44,45,46,55,56,61,89,94,96" machi="94" ten="30,12000,2" yaku="1,1,0,1,25,2,8,1,53,1" doraHai="112" doraHaiUra="85" who="2" fromWho="2" sc="154,-60,179,-30,498,130,159,-30" /><INIT seed="5,0,0,0,4,131" ten="94,149,628,129" oya="1" hai0="10,18,56,114,33,17,125,87,59,30,80,92,13" hai1="36,100,122,98,4,130,121,118,54,25,115,2,38" hai2="57,45,119,64,103,133,91,69,124,41,62,97,53" hai3="52,3,39,99,95,108,26,83,74,102,58,31,66"/><U93/><E118/><V70/><F119/><W23/><G108/><T60/><D114/><U106/><E130/><V15/><F124/><W55/><G39/><T112/><D112/><U117/><E117/><V34/><F34/><W84/><G3/><T110/><D110/><U135/><E115/><V101/><F133/><W75/><G66/><T111/><D111/><U44/><E135/><V61/><F15/><W14/><G14/><T43/><D125/><U48/><E25/><V6/><F6/><W46/><G46/><T19/><D43/><U22/><E22/><V67/><F91/><W29/><G29/><T24/><D92/><U132/><E132/><V120/><F120/><W73/><REACH who="3" step="1"/><G58/><REACH who="3" ten="94,149,628,119" step="2"/><T81/><D56/><U129/><E122/><V12/><F12/><W86/><G86/><T9/><D9/><U109/><E121/><V50/><REACH who="2" step="1"/><F97/><REACH who="2" ten="94,149,618,119" step="2"/><W78/><AGARI ba="0,2" hai="23,26,31,52,55,73,74,75,78,83,84,95,99,102" machi="78" ten="30,7900,0" yaku="1,1,0,1,54,1,53,1" doraHai="131" doraHaiUra="21" who="3" fromWho="3" sc="94,-20,149,-39,618,-20,119,99" /><INIT seed="6,0,0,0,1,62" ten="74,110,598,218" oya="2" hai0="100,84,71,35,108,28,87,123,47,3,59,11,19" hai1="42,105,48,12,74,69,16,93,8,110,99,133,50" hai2="55,15,23,130,106,124,89,32,102,128,22,52,41" hai3="30,72,82,134,122,65,4,37,14,27,66,103,117"/><V126/><F32/><W38/><G117/><T46/><D123/><U80/><E110/><V29/><F41/><W1/><G14/><T129/><D71/><U98/><E133/><V10/><F89/><W6/><G122/><T25/><D108/><U13/><E69/><V53/><F102/><W0/><G103/><T118/><D118/><U111/><E105/><V17/><F106/><W119/><G119/><T76/><D100/><U83/><E111/><V88/><F88/><W26/><G82/><N who="1" m="31274" /><E74/><V49/><F49/><N who="1" m="19049" /><E42/><V94/><F94/><W63/><G63/><T78/><D129/><N who="2" m="49770" /><F29/><W60/><G30/><T115/><D115/><U116/><E116/><V51/><F51/><W36/><G36/><T68/><D68/><U39/><E39/><V56/><F56/><W120/><G120/><T79/><D59/><U95/><E13/><V91/><F91/><W21/><G37/><T44/><REACH who="0" step="1"/><D19/><REACH who="0" ten="64,110,598,218" step="2"/><U101/><E101/><V67/><F17/><W5/><G134/><T73/><D73/><U9/><E16/><N who="2" m="8311" /><F67/><W90/><G65/><T20/><D20/><AGARI ba="0,1" hai="20,22,23,52,53,55,124,126" m="8311,49770" machi="20" ten="40,7700,0" yaku="19,1,54,2" doraHai="62" who="2" fromWho="0" sc="64,-77,110,0,598,87,218,0" owari="-13,-51.3,110,-29.0,685,78.5,218,1.8" /></mjloggm>