<mjloggm ver="2.3"><GO type="169" lobby="0"/><UN n0="%52%65%61%6C%58" n1="%61%6E%79%61%64%72%61" n2="%E8%99%9A%E6%B7%B5%E7%8E%84" n3="%E3%83%AD%E3%83%83%E3%83%86%E9%9B%80%E7%90%83" dan="16,16,17,17" rate="2179.51,2155.17,2215.96,2193.96" sx="F,M,M,M"/><TAIKYOKU oya="0"/><INIT seed="0,0,0,4,0,7" ten="250,250,250,250" oya="0" hai0="99,112,116,46,106,53,103,65,71,101,120,114,84" hai1="56,131,96,73,47,115,28,109,122,8,10,30,79" hai2="1,3,110,123,40,127,64,118,91,12,134,67,11" hai3="19,117,62,39,54,74,128,83,93,133,63,90,86"/><T43/><D116/><U102/><E122/><V24/><F123/><W29/><G39/><T50/><D120/><U92/><E109/><V76/><F110/><W121/><G117/><T125/><D125/><U72/><E131/><V42/><F118/><W105/><G105/><T55/><D103/><U124/><E124/><V89/><F127/><W6/><G133/><T126/><D126/><U132/><E132/><V100/><F76/><W129/><G121/><T81/><D71/><U98/><E115/><V37/><F24/><W108/><G108/><T68/><D55/><U26/><E79/><V60/><F100/><W107/><G107/><T18/><D53/><U61/><E47/><V88/><F134/><W87/><G29/><T33/><D33/><U38/><E38/><V20/><F20/><W32/><G6/><T44/><D44/><U9/><E98/><V111/><F64/><W0/><G0/><T34/><D34/><U14/><E14/><V27/><F27/><W104/><G104/><T97/><D97/><U70/><E70/><V85/><F85/><W95/><G74/><T35/><D35/><U113/><E113/><V51/><F37/><W77/><G32/><T58/><D68/><U22/><REACH who="1" step="1"/><E30/><REACH who="1" ten="250,240,250,250" step="2"/><V80/><F111/><W45/><G45/><T66/><D114/><U5/><E5/><N who="2" m="3183" /><F1/><W23/><G129/><T15/><D112/><U59/><E59/><N who="2" m="37279" /><F3/><W75/><G128/><T52/><D15/><U78/><E78/><V48/><F80/><W41/><G77/><N who="0" m="46127" /><D18/><U2/><E2/><V119/><F119/><W16/><G19/><T130/><D130/><RYUUKYOKU ba="0,1" sc="250,10,240,10,250,10,250,-30" hai0="43,46,50,52,58,65,66,99,101,106" hai1="8,9,10,22,26,28,56,61,72,73,92,96,102" hai2="40,42,48,51,88,89,91" /><INIT seed="0,1,1,2,3,70" ten="260,250,260,220" oya="0" hai0="38,35,111,43,12,76,134,52,94,22,71,44,100" hai1="108,56,20,122,18,88,17,8,132,118,45,79,48" hai2="85,11,13,83,1,65,41,23,96,57,119,123,69" hai3="104,99,121,129,125,9,7,101,109,98,19,133,36"/><T77/><D71/><U95/><E118/><V58/><F123/><W5/><G109/><T3/><D3/><U30/><E122/><V37/><F1/><W87/><G121/><T0/><D0/><U120/><E120/><V60/><F119/><W33/><G33/><T93/><D35/><U107/><E108/><V112/><F112/><W114/><G125/><T90/><D134/><U128/><E132/><V64/><F23/><W27/><G129/><T67/><D67/><U113/><E107/><V106/><F65/><W135/><G114/><T47/><D100/><U51/><E128/><V6/><F96/><W42/><G87/><T82/><D94/><U4/><E79/><V39/><F106/><W84/><G84/><T80/><D12/><N who="1" m="5127" /><E113/><V97/><F97/><W34/><G99/><T130/><D130/><U102/><E102/><V91/><REACH who="2" step="1"/><F41/><REACH who="2" ten="260,250,250,220" step="2"/><W31/><G135/><T10/><D22/><U72/><E20/><V116/><F116/><W15/><REACH who="3" step="1"/><G133/><REACH who="3" ten="260,250,250,210" step="2"/><T73/><D111/><U28/><E72/><V124/><F124/><W66/><G66/><T105/><D73/><U50/><E28/><V49/><F49/><W115/><G115/><T32/><D32/><U26/><E30/><V21/><F21/><W46/><AGARI ba="1,3" hai="5,7,9,15,19,27,31,34,36,42,46,98,101,104" machi="46" ten="30,4000,0" yaku="1,1,0,1,52,1,53,0" doraHai="70" doraHaiUra="16" who="3" fromWho="3" sc="260,-21,250,-11,250,-11,210,73" /><INIT seed="1,0,0,4,3,27" ten="239,239,239,283" oya="1" hai0="41,88,113,128,50,1,44,11,104,54,123,9,52" hai1="125,28,53,60,80,116,12,29,19,129,38,35,2" hai2="45,68,23,134,5,93,25,101,39,66,74,105,4" hai3="81,17,85,131,75,82,71,119,18,120,15,8,31"/><U112/><E116/><V90/><F74/><W102/><G71/><T0/><D104/><U22/><E112/><V114/><F134/><W127/><G120/><T26/><D113/><U46/><E125/><V51/><F39/><W103/><G131/><T40/><D128/><U98/><E129/><V111/><F111/><W32/><G127/><T117/><D117/><U106/><E2/><V97/><F114/><W69/><G69/><T76/><D76/><U100/><E35/><V65/><F68/><W84/><G75/><T77/><D77/><U10/><E80/><V89/><F105/><W124/><G124/><T108/><D108/><U34/><E34/><V132/><F132/><W62/><G62/><T122/><D26/><U55/><E10/><V130/><F130/><W37/><G37/><T7/><D88/><N who="2" m="33898" /><F66/><W64/><G64/><T110/><D110/><U36/><E55/><N who="2" m="30191" /><F65/><W30/><G32/><T78/><D78/><U57/><REACH who="1" step="1"/><E36/><REACH who="1" ten="239,229,239,283" step="2"/><V96/><F96/><W3/><G119/><T91/><D122/><U20/><E20/><V49/><F49/><W94/><G3/><T95/><D123/><U135/><E135/><V58/><F58/><W107/><G8/><T72/><D54/><U133/><E133/><V13/><F13/><W16/><G15/><T86/><D72/><U92/><E92/><V79/><F79/><W56/><G94/><T61/><D61/><U42/><AGARI ba="0,1" hai="12,19,22,28,29,38,42,46,53,57,60,98,100,106" machi="42" ten="30,12000,1" yaku="1,1,0,1,52,2,53,1" doraHai="27" doraHaiUra="48" who="1" fromWho="1" sc="239,-40,229,130,239,-40,283,-40" /><INIT seed="1,1,0,1,1,51" ten="199,359,199,243" oya="1" hai0="55,11,6,60,83,96,50,129,37,81,121,79,44" hai1="134,36,3,89,70,66,35,28,130,116,27,104,53" hai2="25,65,52,106,48,7,32,67,114,49,42,91,112" hai3="0,99,85,73,90,24,40,10,30,41,84,76,111"/><U97/><E116/><V92/><F106/><W38/><G111/><T69/><D129/><U86/><E130/><V119/><F7/><W123/><G123/><T118/><D118/><U103/><E134/><V56/><F119/><W113/><G113/><N who="2" m="43625" /><F32/><W132/><G132/><T22/><D121/><U133/><E133/><V78/><F78/><W26/><G99/><T18/><D37/><U13/><E3/><V64/><F25/><W87/><G90/><T126/><D126/><U125/><E125/><V16/><F16/><W9/><G30/><T58/><D69/><U62/><E36/><V124/><F124/><W127/><G127/><T131/><D96/><U2/><E2/><V12/><F12/><W102/><G102/><T122/><D122/><U74/><E74/><V45/><F92/><W39/><G87/><T15/><D79/><U77/><E13/><V4/><F4/><W57/><G76/><T94/><D94/><U135/><E135/><V21/><F21/><W105/><G105/><T5/><D131/><U100/><E100/><V72/><F91/><W117/><G117/><T23/><D23/><U20/><E77/><V54/><F72/><W46/><G0/><T128/><D6/><U98/><E98/><V31/><F31/><W47/><G73/><T29/><D29/><U63/><E20/><V61/><F42/><W33/><G33/><T75/><D75/><U34/><E34/><V95/><F95/><W17/><G17/><T109/><D128/><U14/><E14/><V8/><F8/><W110/><G110/><T19/><D109/><U93/><E104/><RYUUKYOKU ba="1,0" sc="199,-15,359,-15,199,15,243,15" hai2="45,48,49,52,54,56,61,64,65,67" hai3="9,10,24,26,38,39,40,41,46,47,57,84,85" /><INIT seed="2,2,0,4,3,42" ten="184,344,214,258" oya="2" hai0="87,51,45,63,44,50,129,0,116,114,43,38,89" hai1="74,84,23,120,36,103,31,110,39,35,95,53,28" hai2="117,75,14,134,133,122,119,29,9,130,126,21,105" hai3="57,106,22,72,101,13,60,100,94,56,70,86,135"/><V115/><F105/><W91/><G135/><N who="2" m="51721" /><F75/><W88/><G72/><T3/><D114/><U54/><E74/><V98/><F98/><W69/><G57/><T6/><D38/><U17/><E110/><V32/><F115/><W4/><G106/><T26/><D129/><U33/><E120/><V5/><F122/><W24/><G70/><T34/><D63/><U121/><E121/><V123/><F123/><W20/><G69/><T83/><D6/><U131/><E131/><V46/><F46/><W52/><G91/><T62/><D62/><U80/><E33/><V99/><F99/><W73/><G73/><T1/><D116/><N who="2" m="44618" /><F130/><W2/><G2/><T124/><D124/><U76/><E35/><V93/><F93/><W41/><G41/><T102/><D102/><N who="3" m="39529" /><G24/><T104/><D104/><U111/><E95/><V107/><F107/><W132/><G132/><T19/><D34/><U66/><E103/><V61/><F61/><W11/><AGARI ba="2,0" hai="4,11,13,20,22,52,56,60,86,88,94" m="39529" machi="11" ten="30,4000,0" yaku="8,1,54,2" doraHai="42" who="3" fromWho="3" sc="184,-12,344,-12,214,-22,258,46" /><INIT seed="3,0,0,0,3,75" ten="172,332,192,304" oya="3" hai0="93,53,23,49,20,106,105,15,6,56,113,12,128" hai1="24,35,61,27,9,51,54,17,99,87,55,22,111" hai2="10,83,95,48,127,25,134,88,119,43,104,101,103" hai3="94,74,65,40,132,26,37,67,62,57,129,77,60"/><W86/><G129/><T2/><D128/><U33/><E111/><V41/><F119/><W108/><G132/><T116/><D116/><U7/><E99/><V63/><F104/><W80/><G108/><T102/><D113/><U13/><E27/><V123/><F127/><W14/><G26/><T79/><D2/><U32/><E61/><V64/><F123/><W84/><G14/><T28/><D28/><U107/><E107/><V3/><F83/><W5/><G5/><T38/><D38/><U85/><REACH who="1" step="1"/><E55/><REACH who="1" ten="172,322,192,304" step="2"/><V52/><F25/><W117/><G117/><T66/><D105/><U97/><E97/><V100/><F63/><W114/><G114/><T8/><D106/><U36/><E36/><V42/><F64/><W96/><G62/><T69/><D66/><U120/><E120/><V118/><F118/><W133/><G67/><T59/><D69/><U125/><E125/><V19/><F134/><W135/><G135/><T68/><D68/><U126/><E126/><V81/><F52/><W34/><G133/><T131/><D131/><U47/><AGARI ba="0,1" hai="7,9,13,17,22,24,32,33,35,47,51,54,85,87" machi="47" ten="30,4000,0" yaku="1,1,0,1,53,1" doraHai="75" doraHaiUra="45" who="1" fromWho="1" sc="172,-10,322,50,192,-10,304,-20" /><INIT seed="4,0,0,0,2,121" ten="162,372,182,284" oya="0" hai0="29,38,18,122,115,134,106,85,12,76,88,52,98" hai1="129,80,105,95,84,25,63,32,44,67,27,94,43" hai2="74,49,91,125,10,34,23,6,71,86,92,53,68" hai3="103,50,45,69,51,96,3,77,133,126,46,101,37"/><T1/><D122/><U13/><E105/><V112/><F34/><W124/><G3/><T73/><D38/><U42/><E129/><V116/><F74/><W33/><G33/><T22/><D1/><U119/><E119/><V109/><F112/><W16/><G37/><T47/><D115/><U114/><E114/><V21/><F125/><W81/><G69/><T54/><D29/><U79/><E13/><V82/><F109/><W4/><G4/><T107/><D134/><U83/><E83/><V40/><F40/><W19/><G81/><N who="0" m="45199" /><D47/><U41/><E44/><V70/><F116/><W110/><G96/><T132/><D107/><U102/><E102/><V100/><F100/><W93/><G93/><N who="1" m="35338" /><E32/><V7/><F92/><W87/><G87/><T72/><D72/><U35/><E35/><V131/><F131/><W26/><G26/><T8/><D98/><U127/><E127/><V58/><REACH who="2" step="1"/><F6/><REACH who="2" ten="162,372,172,284" step="2"/><W61/><G133/><T99/><D106/><U55/><E41/><V39/><F39/><W28/><G103/><T117/><D132/><U11/><E42/><V36/><F36/><W0/><G101/><T97/><D117/><U135/><E43/><V60/><F60/><W30/><G61/><T9/><D99/><U15/><E63/><V108/><F108/><W65/><G110/><T56/><D97/><U31/><E135/><V90/><F90/><W59/><G77/><T5/><D5/><U89/><E89/><V57/><F57/><W66/><G59/><T78/><D88/><U104/><E79/><V14/><AGARI ba="0,1" hai="7,10,14,21,23,49,53,58,68,70,71,82,86,91" machi="14" ten="30,2000,0" yaku="1,1,0,1,53,0" doraHai="121" doraHaiUra="111" who="2" fromWho="2" sc="162,-10,372,-5,172,30,284,-5" /><INIT seed="5,0,0,5,4,79" ten="152,367,202,279" oya="1" hai0="69,52,84,54,126,77,27,71,131,28,92,37,113" hai1="81,22,38,3,51,23,132,40,60,129,128,12,118" hai2="80,68,66,56,72,130,33,133,4,106,107,90,53" hai3="70,94,44,47,30,41,16,48,50,13,116,67,9"/><U98/><E3/><V8/><F33/><W15/><G116/><T97/><D37/><U119/><E38/><V42/><F130/><N who="1" m="50281" /><E132/><V78/><F133/><W120/><G120/><T1/><D1/><U121/><E121/><V63/><F42/><W105/><G105/><T55/><D131/><U31/><E98/><V82/><F90/><W122/><G122/><T95/><D126/><U86/><E60/><V125/><F125/><W29/><G67/><T96/><D113/><U46/><E12/><V109/><F109/><W83/><G70/><T19/><D19/><U91/><E31/><V101/><F101/><W124/><G94/><T112/><D112/><U49/><E51/><V58/><F68/><W103/><G103/><T127/><D127/><U89/><E89/><V7/><F7/><W62/><G62/><T100/><D96/><U18/><E18/><V11/><F4/><W135/><G135/><T74/><D95/><U73/><E73/><V93/><F93/><W59/><G15/><T102/><D74/><U20/><AGARI ba="0,0" hai="20,22,23,40,46,49,81,86,91,118,119" m="50281" machi="20" ten="30,3000,0" yaku="19,1,52,1" doraHai="79" who="1" fromWho="1" sc="152,-10,367,30,202,-10,279,-10" /><INIT seed="5,1,0,2,1,111" ten="142,397,192,269" oya="1" hai0="31,6,108,14,115,79,94,21,22,121,86,122,74" hai1="59,63,7,49,52,105,77,27,100,46,75,129,3" hai2="40,9,69,76,43,135,53,19,64,131,48,55,29" hai3="16,18,87,99,70,91,57,34,90,51,103,15,116"/><U5/><E129/><V37/><F29/><W132/><G70/><T96/><D74/><U124/><E124/><V11/><F76/><W13/><G34/><T1/><D108/><U56/><E105/><V35/><F35/><W36/><G36/><T12/><D86/><U95/><E3/><V17/><F37/><W42/><G132/><T81/><D81/><U133/><E133/><V78/><F78/><W104/><G116/><T109/><D79/><U67/><E75/><V120/><F48/><W8/><G87/><T107/><D107/><U89/><E77/><V26/><F26/><W85/><G85/><T128/><D109/><U68/><E100/><V80/><F64/><W130/><G130/><T10/><D128/><U24/><E59/><V50/><F50/><W113/><G113/><T30/><D115/><U47/><E47/><V4/><F131/><W32/><G32/><T66/><D66/><U127/><E127/><V82/><F4/><N who="1" m="1609" /><E68/><V73/><F69/><W83/><G83/><T92/><D96/><AGARI ba="1,0" hai="24,27,46,49,52,56,63,67,89,95,96" m="1609" machi="96" ten="30,2900,0" yaku="8,1,54,1" doraHai="111" who="1" fromWho="0" sc="142,-32,397,32,192,0,269,0" /><INIT seed="5,2,0,0,1,72" ten="110,429,192,269" oya="1" hai0="40,115,63,78,130,101,76,97,121,94,26,62,119" hai1="57,60,6,125,16,15,104,108,34,39,31,7,129" hai2="100,35,9,111,50,79,118,1,128,80,55,102,131" hai3="29,13,0,48,116,99,28,24,41,56,86,45,43"/><U71/><E39/><V8/><F111/><W112/><G0/><T54/><D121/><U38/><E38/><V30/><F118/><W105/><G112/><T134/><D115/><U21/><E71/><V84/><F30/><W82/><G116/><T25/><D119/><U117/><E104/><V75/><F35/><W107/><G43/><T127/><D130/><N who="2" m="49706" /><F75/><W19/><G56/><N who="0" m="35095" /><D134/><U96/><E96/><V124/><F124/><W135/><G135/><T3/><D3/><U64/><E129/><V132/><F132/><W47/><G47/><T10/><D127/><U32/><E125/><V88/><F88/><W120/><G99/><T36/><D36/><U95/><E95/><V85/><F85/><W87/><G87/><T2/><D2/><U68/><E117/><V52/><F55/><W22/><G29/><T69/><D69/><U23/><E68/><V90/><F90/><W77/><REACH who="3" step="1"/><G120/><REACH who="3" ten="110,429,192,259" step="2"/><T91/><D40/><U49/><E31/><V103/><F1/><W33/><AGARI ba="2,1" hai="13,19,22,24,28,33,41,45,48,77,82,86,105,107" machi="33" ten="20,8000,1" yaku="1,1,2,1,0,1,7,1,52,1,53,0" doraHai="72" doraHaiUra="5" who="3" fromWho="3" sc="110,-22,429,-42,192,-22,259,96" /><INIT seed="6,0,0,4,3,17" ten="88,387,170,355" oya="2" hai0="79,91,9,132,100,7,88,116,128,27,73,13,24" hai1="109,23,104,67,28,115,50,3,38,83,72,120,49" hai2="87,108,52,118,40,42,124,97,66,44,90,16,101" hai3="11,126,10,57,110,103,111,30,51,18,5,99,113"/><V121/><F118/><W33/><G51/><T6/><D116/><U65/><E109/><V82/><F121/><W25/><G57/><T130/><D132/><U20/><E120/><V2/><F2/><W74/><G74/><T105/><D7/><U55/><E38/><V123/><F124/><W0/><G126/><T37/><D37/><U59/><E3/><V122/><F66/><N who="1" m="25097" /><E104/><V19/><F123/><W46/><G46/><T131/><D100/><U127/><E72/><V129/><F129/><N who="0" m="33026" /><T112/><DORA hai="80" /><D105/><U32/><E32/><V102/><F108/><W63/><G63/><T78/><D112/><U31/><E115/><V43/><F122/><W68/><G68/><T22/><D27/><U117/><E117/><V62/><F101/><W60/><G60/><T45/><D45/><U26/><E127/><V8/><F8/><W54/><G54/><T48/><D48/><N who="1" m="31207" /><E83/><V21/><F62/><W93/><G113/><T94/><D73/><U77/><E77/><N who="0" m="29193" /><D94/><U29/><E26/><V119/><F119/><W12/><AGARI ba="0,0" hai="0,5,10,11,12,18,25,30,33,93,99,103,110,111" machi="12" ten="30,1100,0" yaku="0,1" doraHai="17,80" who="3" fromWho="3" sc="88,-3,387,-3,170,-5,355,11" /><INIT seed="7,0,0,4,4,48" ten="85,384,165,366" oya="3" hai0="7,55,30,130,33,65,13,96,28,108,93,110,113" hai1="53,3,126,77,41,51,37,60,21,34,71,99,69" hai2="109,38,133,90,24,11,80,9,95,115,79,26,40" hai3="124,117,32,31,83,57,102,4,101,8,135,63,36"/><W125/><G117/><T92/><D65/><U19/><E34/><V131/><F109/><W103/><G36/><T98/><D33/><U132/><E3/><V122/><F115/><W134/><G83/><T44/><D113/><U14/><E126/><N who="3" m="48746" /><G31/><T88/><D130/><U10/><E132/><N who="3" m="50730" /><G32/><T91/><D108/><U111/><E111/><V97/><F131/><W62/><G57/><T118/><D110/><U89/><E77/><V15/><F133/><W114/><G114/><T106/><D106/><U128/><E128/><V85/><F38/><W73/><G73/><T70/><D70/><U6/><E37/><V84/><F122/><W16/><G16/><T35/><D35/><U29/><E41/><V43/><F43/><W1/><AGARI ba="0,0" hai="1,4,8,62,63,101,102,103" m="50730,48746" machi="1" ten="40,3900,0" yaku="18,1,20,1" doraHai="48" who="3" fromWho="3" sc="85,-13,384,-13,165,-13,366,39" owari="72,-42.8,371,17.1,152,-24.8,405,50.5" /></mjloggm>