<mjloggm ver="2.3"><GO type="169" lobby="0"/><UN n0="%E9%87%A3%E3%82%8A%E6%97%A5%E5%92%8C" n1="%E3%81%88%E3%81%8C%E3%82%8F%E3%82%8A%E3%81%8A" n2="%E6%B3%A2%E4%B9%83%E7%90%86" n3="%79%6F%75%61%6C%70%68%61" dan="17,16,16,16" rate="2185.69,2094.08,2121.44,2166.70" sx="M,M,M,M"/><TAIKYOKU oya="0"/><INIT seed="0,0,0,1,3,95" ten="250,250,250,250" oya="0" hai0="97,24,119,106,55,107,122,49,77,117,16,123,128" hai1="31,133,44,2,74,76,130,64,82,34,39,1,35" hai2="18,132,4,37,112,19,15,10,93,32,8,17,135" hai3="101,109,29,72,65,5,134,41,126,98,96,54,13"/><T30/><D77/><U33/><E133/><N who="2" m="51275" /><F37/><W127/><G134/><T21/><D128/><U42/><E64/><V60/><F112/><W26/><G109/><T104/><D30/><U87/><E87/><V51/><F51/><W85/><G72/><T71/><D71/><U118/><E118/><V11/><F93/><W108/><G108/><T43/><D43/><U53/><E53/><V80/><F80/><W84/><G65/><T92/><D117/><U115/><E130/><V56/><F56/><W25/><G41/><T90/><REACH who="0" step="1"/><D119/><REACH who="0" ten="240,250,250,250" step="2"/><U52/><E115/><V105/><F105/><W63/><G29/><T7/><D7/><U113/><E113/><V46/><F46/><AGARI ba="0,1" hai="16,21,24,46,49,55,90,92,97,104,106,107,122,123" machi="46" ten="40,18000,2" yaku="1,1,52,1,54,1,53,3" doraHai="95" doraHaiUra="103" who="0" fromWho="2" sc="240,190,250,0,250,-180,250,0" /><INIT seed="0,1,0,1,3,120" ten="430,250,70,250" oya="0" hai0="103,93,119,133,128,37,58,135,117,11,83,90,126" hai1="87,39,81,121,7,107,12,100,44,49,26,72,65" hai2="113,56,89,22,82,19,50,80,41,38,124,79,60" hai3="104,129,95,85,47,115,30,131,94,98,64,3,52"/><T21/><D37/><U68/><E121/><V125/><F38/><W69/><G3/><T132/><D11/><U88/><E39/><V16/><F113/><W42/><G115/><T5/><D5/><U59/><E68/><V122/><F122/><W25/><G104/><T106/><D21/><U118/><E118/><N who="0" m="45065" /><D58/><U75/><E26/><V123/><F123/><W14/><G14/><T28/><D28/><U109/><E100/><V97/><F19/><W66/><G85/><N who="0" m="50495" /><D128/><N who="3" m="49225" /><G69/><T57/><D57/><U20/><E107/><V6/><F79/><W23/><G95/><T108/><D106/><U43/><E59/><V91/><F6/><W127/><G64/><T111/><D126/><N who="2" m="48746" /><F50/><N who="3" m="28767" /><G66/><T74/><D74/><U63/><E72/><V99/><F41/><W105/><G127/><T13/><D13/><U45/><E75/><V101/><F56/><W1/><G1/><T36/><D36/><U92/><E45/><V27/><F60/><W33/><G105/><T53/><D53/><U46/><E46/><V55/><F55/><W73/><G73/><T76/><D76/><U51/><E65/><V34/><F34/><W110/><G42/><T134/><D134/><U24/><E63/><V2/><F2/><W71/><G33/><T102/><D102/><U48/><E44/><V54/><F54/><W84/><G71/><T29/><D29/><U78/><E43/><V77/><F101/><W4/><G4/><T116/><N who="0" m="45073" /><T67/><DORA hai="10" /><D67/><U114/><E7/><V15/><F27/><W61/><G25/><T35/><D35/><U130/><E130/><V31/><F31/><RYUUKYOKU ba="1,0" sc="430,30,250,-10,70,-10,250,-10" hai0="93,103,108,111,132,133,135" /><INIT seed="0,2,0,2,3,102" ten="460,240,60,240" oya="0" hai0="118,48,0,110,66,86,25,73,117,92,101,39,5" hai1="45,104,50,47,85,116,62,41,84,108,79,29,14" hai2="18,69,31,83,90,96,22,103,89,24,111,133,2" hai3="30,113,9,127,51,17,36,94,135,60,95,77,64"/><T6/><D73/><U120/><E116/><V63/><F2/><W40/><G113/><T65/><D39/><U119/><E119/><V12/><F133/><W57/><G36/><T129/><D117/><U44/><E120/><V67/><F83/><W71/><G127/><T7/><D0/><U4/><E104/><V56/><F111/><W72/><G135/><T93/><D118/><U16/><E108/><V11/><REACH who="2" step="1"/><F69/><REACH who="2" ten="460,240,50,240" step="2"/><W20/><G71/><T124/><D110/><U8/><E79/><V26/><F26/><W68/><G77/><T125/><D25/><U134/><E134/><V78/><F78/><W109/><G68/><T76/><D124/><U1/><E29/><V70/><F70/><W59/><G109/><T55/><D125/><U100/><E1/><V58/><F58/><W38/><G30/><T53/><D76/><U23/><E47/><V81/><F81/><W131/><G72/><T123/><D123/><U126/><E45/><V114/><F114/><W61/><G57/><T107/><D129/><U32/><E126/><V130/><F130/><W121/><G131/><T99/><D93/><AGARI ba="2,1" hai="11,12,18,22,24,31,56,63,67,89,90,93,96,103" machi="93" ten="30,8000,1" yaku="1,1,7,1,25,2,8,1,53,0" doraHai="102" doraHaiUra="37" who="2" fromWho="0" sc="460,-86,240,0,50,96,240,0" /><INIT seed="1,0,0,5,3,0" ten="374,240,146,240" oya="1" hai0="15,37,126,14,49,29,56,41,95,19,21,52,75" hai1="97,28,72,128,89,113,123,57,42,118,129,104,62" hai2="98,33,63,40,85,122,91,115,99,101,60,1,92" hai3="65,30,46,105,31,25,9,86,59,80,81,22,13"/><U90/><E118/><V125/><F122/><W70/><G105/><T68/><D75/><U50/><E123/><V12/><F1/><W7/><G70/><T11/><D126/><U79/><E113/><V47/><F33/><W53/><G65/><T87/><D68/><U133/><E133/><V20/><F125/><W10/><G46/><T106/><D106/><U119/><E119/><V66/><F66/><W32/><G32/><T134/><D134/><U83/><E28/><V77/><F77/><W76/><G30/><T93/><D37/><U112/><E112/><V48/><F99/><W124/><G124/><T100/><D41/><U38/><E38/><V39/><F39/><W127/><G127/><T45/><D100/><N who="1" m="62479" /><E50/><V55/><F40/><W26/><G25/><T5/><D29/><U102/><E102/><V114/><F114/><W131/><G131/><N who="1" m="50250" /><E42/><V110/><F110/><W67/><G67/><AGARI ba="0,0" hai="57,62,67,72,79,83,89,90" m="50250,62479" machi="67" ten="30,1500,0" yaku="19,1" doraHai="0" who="1" fromWho="3" sc="374,0,240,15,146,0,240,-15" /><INIT seed="1,1,0,4,0,41" ten="374,255,146,225" oya="1" hai0="124,130,5,37,103,43,86,61,39,31,17,6,30" hai1="97,2,34,3,67,42,24,112,109,101,115,73,21" hai2="19,78,40,59,89,15,93,63,70,80,51,90,111" hai3="126,95,121,26,50,55,49,120,128,13,91,4,54"/><U100/><E73/><V105/><F111/><W9/><G128/><T20/><D130/><U12/><E34/><V33/><F33/><W129/><G126/><T92/><D124/><U82/><E109/><V114/><F114/><W84/><G129/><T94/><D37/><U85/><E12/><V16/><F70/><W75/><G75/><T48/><D39/><U44/><E67/><V127/><F127/><W119/><G119/><T18/><D61/><U87/><E2/><V113/><F105/><W132/><G132/><T125/><D125/><U68/><E3/><V56/><F19/><W117/><G117/><T25/><D17/><U47/><E68/><V11/><F113/><W110/><G110/><T99/><D86/><U27/><E21/><V0/><F0/><W23/><G50/><T116/><D94/><U32/><E32/><V7/><F7/><N who="0" m="2570" /><D116/><U28/><E28/><V46/><F93/><W107/><G107/><T72/><D72/><U77/><E82/><V81/><F59/><W122/><REACH who="3" step="1"/><G49/><REACH who="3" ten="374,255,146,215" step="2"/><T69/><D48/><U53/><E112/><V79/><F79/><W123/><N who="3" m="30720" /><DORA hai="64" /><W76/><G76/><T14/><D43/><U102/><E115/><V66/><REACH who="2" step="1"/><F81/><REACH who="2" ten="374,255,136,215" step="2"/><W8/><G8/><T74/><D74/><AGARI ba="1,2" hai="11,15,16,40,46,51,56,63,66,74,78,80,89,90" machi="74" ten="30,12000,2" yaku="1,1,2,1,7,1,52,1,54,1,53,1" doraHai="41,64" doraHaiUra="104,135" who="2" fromWho="0" sc="374,-123,255,0,136,143,215,0" /><INIT seed="2,0,0,1,0,135" ten="251,255,279,215" oya="2" hai0="41,49,114,10,36,67,29,123,8,64,85,92,109" hai1="132,16,107,39,42,62,7,0,50,6,94,112,68" hai2="58,113,74,53,4,19,122,5,25,34,44,72,24" hai3="26,35,119,78,129,93,100,47,13,127,40,96,71"/><V43/><F122/><W1/><G119/><T70/><D123/><U130/><E112/><V61/><F113/><W84/><G1/><T76/><D36/><U18/><E107/><V131/><F131/><W99/><G71/><T98/><D114/><U51/><E132/><V3/><F3/><W116/><G116/><T77/><D109/><U90/><E130/><V125/><F74/><W45/><G129/><T108/><D108/><U133/><E133/><V21/><F72/><W126/><G99/><T82/><D29/><U48/><E39/><V22/><F34/><W95/><G13/><T101/><D76/><U33/><E33/><V12/><F125/><N who="3" m="47627" /><G40/><T15/><D70/><U87/><E68/><V31/><REACH who="2" step="1"/><F12/><REACH who="2" ten="251,255,269,215" step="2"/><W120/><G120/><T128/><D128/><U38/><E0/><V80/><F80/><N who="3" m="47127" /><G93/><T69/><D15/><U124/><E124/><V88/><F88/><W37/><G37/><AGARI ba="0,1" hai="4,5,19,21,22,24,25,31,37,43,44,53,58,61" machi="37" ten="30,2900,0" yaku="1,1,7,1,53,0" doraHai="135" doraHaiUra="66" who="2" fromWho="3" sc="251,0,255,0,269,39,215,-29" /><INIT seed="2,1,0,0,4,68" ten="251,255,308,186" oya="2" hai0="19,80,92,50,110,125,5,59,55,71,32,130,131" hai1="23,111,118,52,66,7,33,105,99,107,97,42,106" hai2="85,51,21,88,20,39,69,8,84,18,49,6,27" hai3="101,89,126,16,119,63,128,94,30,120,54,31,25"/><V79/><F69/><W41/><G119/><T24/><D71/><U1/><E118/><V35/><F35/><W116/><G120/><T72/><D110/><U60/><E33/><V61/><F39/><W0/><G116/><T74/><D125/><U108/><E42/><V57/><F79/><W9/><G128/><N who="0" m="49195" /><D5/><U46/><E7/><V129/><F85/><W40/><G126/><T117/><D117/><U135/><E1/><V132/><F132/><W13/><G101/><T2/><D2/><U62/><E23/><V91/><F91/><W103/><G103/><T53/><D92/><U67/><E135/><V17/><F8/><W64/><G54/><N who="0" m="32215" /><D80/><U26/><E26/><V34/><F6/><W113/><G113/><T12/><D72/><U83/><E83/><N who="2" m="49183" /><F34/><W93/><G0/><T56/><D74/><U104/><E104/><V82/><F82/><W122/><G122/><T22/><D56/><U70/><E46/><V134/><F134/><W15/><G94/><T11/><D11/><U100/><E70/><V90/><F90/><W124/><G124/><T127/><D127/><U121/><E100/><V81/><F81/><W29/><G25/><T48/><D48/><U77/><E121/><V115/><F115/><W28/><N who="3" m="7168" /><DORA hai="43" /><W95/><G95/><T44/><D32/><U78/><E106/><V98/><F98/><N who="3" m="57647" /><G15/><T58/><D24/><U3/><E3/><V47/><F129/><W112/><G112/><T14/><D14/><U123/><E123/><V38/><F27/><W102/><G102/><T114/><D114/><U65/><E65/><N who="2" m="39087" /><F21/><W37/><G37/><RYUUKYOKU ba="1,0" sc="251,-15,255,15,308,-15,186,15" hai1="52,60,62,66,67,77,78,97,99,105,107,108,111" hai3="9,13,16,40,41,63,64" /><INIT seed="3,2,0,4,1,115" ten="236,270,293,201" oya="3" hai0="42,81,19,5,46,105,107,43,15,49,134,6,18" hai1="77,79,1,121,45,86,27,98,133,67,122,97,75" hai2="131,21,118,24,7,34,37,130,91,132,72,64,114" hai3="53,13,117,74,55,32,71,78,93,110,87,103,4"/><W35/><G71/><T88/><D134/><U70/><E1/><V0/><F72/><W44/><G74/><T125/><D125/><U123/><E75/><V26/><F37/><W31/><G117/><T59/><D105/><U48/><E133/><V54/><F114/><W126/><G126/><T50/><D107/><U29/><E67/><V135/><F64/><W73/><G73/><T116/><D116/><U57/><E57/><V9/><F91/><W14/><G110/><T63/><D19/><U82/><E77/><V33/><F54/><W17/><G4/><T109/><D109/><U56/><E56/><V10/><F0/><W47/><G31/><T20/><D50/><U84/><E84/><V80/><F80/><N who="3" m="47511" /><G32/><T99/><D42/><U89/><E79/><V101/><F101/><W113/><G35/><T96/><D99/><U124/><E70/><V2/><F2/><W12/><G17/><T108/><D108/><U76/><E76/><V100/><F100/><W68/><G68/><T23/><D23/><U38/><E38/><V128/><F7/><W41/><G113/><T16/><D18/><U95/><E124/><V30/><F118/><W106/><G106/><T8/><D20/><U66/><E95/><V39/><F39/><W83/><G83/><T92/><D81/><U58/><E29/><N who="2" m="19639" /><F34/><W52/><G41/><T36/><D36/><U40/><E27/><V61/><F61/><W65/><G65/><AGARI ba="2,0" hai="5,6,8,15,16,43,46,49,59,63,65,88,92,96" machi="65" ten="30,7700,0" yaku="7,1,8,1,54,2" doraHai="115" who="0" fromWho="3" sc="236,83,270,0,293,0,201,-83" /><INIT seed="4,0,0,3,4,95" ten="319,270,293,118" oya="0" hai0="60,30,31,76,32,113,68,70,3,64,85,20,118" hai1="29,105,84,90,97,15,40,26,128,13,117,41,135" hai2="23,50,98,114,106,124,8,121,101,119,63,120,44" hai3="1,108,126,89,115,7,110,130,77,43,65,5,67"/><T58/><D118/><U54/><E117/><V74/><F74/><W69/><G115/><T36/><D36/><U27/><E27/><V79/><F119/><W9/><G130/><T123/><D3/><U91/><E135/><V83/><F114/><W111/><G126/><T109/><D32/><U19/><E128/><V56/><F124/><W48/><G77/><T55/><D113/><U81/><E54/><V14/><F23/><W131/><G131/><T24/><D123/><U132/><E132/><V57/><F83/><W125/><G125/><T103/><D109/><U133/><E13/><V75/><F75/><W21/><G7/><T61/><D70/><U37/><E37/><V17/><F79/><W47/><G69/><T42/><D42/><U92/><E105/><V102/><F102/><W2/><G2/><T18/><D103/><U53/><E53/><V122/><REACH who="2" step="1"/><F63/><REACH who="2" ten="319,270,283,118" step="2"/><W52/><G21/><T28/><D76/><U86/><E133/><V11/><F11/><W62/><REACH who="3" step="1"/><G89/><REACH who="3" ten="319,270,283,108" step="2"/><T87/><AGARI ba="0,2" hai="18,20,24,28,30,31,55,58,60,61,64,68,85,87" machi="87" ten="30,1500,0" yaku="0,1" doraHai="95" who="0" fromWho="0" sc="319,35,270,-5,283,-5,108,-5" /><INIT seed="4,1,0,3,2,123" ten="354,265,278,103" oya="0" hai0="48,12,46,4,58,87,16,24,106,121,39,30,35" hai1="83,103,41,31,135,62,60,56,95,21,129,102,72" hai2="65,29,15,53,76,89,68,77,85,98,47,82,73" hai3="43,18,25,88,75,91,42,33,94,78,116,92,117"/><T44/><D121/><U50/><E135/><V2/><F2/><W74/><G25/><T105/><D58/><U11/><E129/><V118/><F118/><W54/><G78/><T22/><D87/><U26/><E72/><V71/><F77/><W59/><G59/><T79/><D79/><U28/><E83/><V23/><F65/><W113/><G18/><T45/><D39/><U38/><E38/><V5/><F98/><W120/><G120/><T109/><D48/><U3/><E31/><V1/><F1/><W112/><REACH who="3" step="1"/><G54/><REACH who="3" ten="354,265,278,93" step="2"/><T32/><D4/><U134/><E56/><V128/><F53/><W107/><G107/><T100/><D106/><U96/><E26/><V93/><F128/><W104/><G104/><T34/><D24/><U84/><E28/><V110/><F29/><W49/><G49/><T55/><D55/><U108/><E50/><V17/><F47/><W8/><G8/><T37/><D30/><U51/><E11/><V61/><F71/><W27/><G27/><T132/><D37/><U114/><E51/><V66/><REACH who="2" step="1"/><F5/><REACH who="2" ten="354,265,268,93" step="2"/><W125/><G125/><T115/><D45/><U64/><E64/><V126/><F126/><W52/><G52/><T81/><D44/><U119/><E119/><V40/><F40/><W63/><G63/><T9/><D46/><U19/><E41/><V36/><F36/><W57/><G57/><T130/><D130/><U70/><E60/><V90/><F90/><W67/><G67/><T97/><D105/><U101/><E62/><V10/><F10/><W80/><G80/><T69/><D81/><U20/><E70/><RYUUKYOKU ba="1,2" sc="354,-15,265,-15,268,15,93,15" hai2="15,17,23,61,66,68,73,76,82,85,89,93,110" hai3="33,42,43,74,75,88,91,92,94,112,113,116,117" /><INIT seed="5,2,2,2,0,49" ten="339,250,283,108" oya="1" hai0="32,135,92,20,8,6,57,79,74,10,27,93,17" hai1="106,44,99,131,83,88,64,85,56,14,110,37,107" hai2="78,66,9,28,125,118,21,108,62,61,13,29,105" hai3="124,3,73,60,23,122,77,100,109,134,127,75,96"/><U123/><E123/><V11/><F118/><W120/><G109/><T82/><D135/><U104/><E110/><V97/><F108/><W67/><G3/><T95/><D32/><U0/><E0/><V1/><F78/><W19/><G134/><T25/><D25/><U22/><E131/><V40/><F40/><W41/><G41/><T26/><D26/><U98/><E37/><V54/><F125/><N who="3" m="48203" /><G122/><T128/><D128/><U68/><E44/><V48/><F1/><W2/><G2/><T16/><D6/><U114/><E68/><V5/><F105/><N who="3" m="63623" /><G77/><T91/><D17/><U112/><E14/><N who="2" m="5423" /><F66/><W36/><G36/><T33/><D33/><U46/><E22/><V45/><F97/><W89/><G89/><T129/><D91/><U111/><E111/><V42/><F21/><W15/><G120/><T7/><D129/><U71/><E71/><AGARI ba="2,2" hai="15,19,23,60,67,71,73,75" m="63623,48203" machi="71" ten="30,1000,0" yaku="18,1" doraHai="49" who="3" fromWho="1" sc="339,0,250,-16,283,0,108,36" /><INIT seed="6,0,0,5,5,109" ten="339,234,283,144" oya="2" hai0="34,131,10,3,87,115,103,71,129,24,100,95,64" hai1="32,16,28,58,83,85,75,18,132,7,130,67,0" hai2="120,14,125,93,44,68,8,37,11,122,50,72,12" hai3="74,90,86,33,35,62,102,61,89,99,94,113,114"/><V76/><F68/><W123/><G74/><T31/><D115/><N who="3" m="44041" /><G89/><N who="0" m="53695" /><D64/><U106/><E106/><V29/><F125/><W108/><G123/><T112/><D71/><U110/><E110/><V57/><F29/><W119/><G119/><T126/><D112/><U23/><E75/><V69/><F69/><W80/><G108/><T43/><D43/><U20/><E130/><N who="0" m="49673" /><D126/><U46/><E132/><V82/><F37/><W13/><G13/><T96/><D96/><U117/><E117/><V135/><F93/><W101/><G101/><T17/><D17/><U77/><E0/><V21/><F21/><W2/><G2/><T27/><D27/><U81/><E7/><AGARI ba="0,0" hai="3,7,10,24,31,34,100,103" m="49673,53695" machi="7" ten="30,1000,0" yaku="19,1" doraHai="109" who="0" fromWho="1" sc="339,10,234,-10,283,0,144,0" /><INIT seed="7,0,0,2,3,112" ten="349,224,283,144" oya="3" hai0="89,104,32,46,97,95,28,116,17,63,3,96,42" hai1="110,99,8,134,107,53,130,106,22,21,27,61,12" hai2="67,77,58,6,36,92,48,87,26,83,131,59,101" hai3="86,91,128,103,35,31,7,62,88,123,119,18,10"/><W71/><G123/><T47/><D116/><U132/><E110/><V50/><F36/><W108/><G128/><T75/><D75/><U118/><E130/><V85/><F131/><W55/><G119/><T57/><D3/><U65/><E53/><V37/><F37/><W133/><G103/><T102/><D32/><U120/><E120/><V114/><F114/><W34/><G108/><T126/><D28/><N who="1" m="17519" /><E22/><V24/><F6/><W45/><G133/><N who="1" m="51306" /><E99/><V16/><F26/><W38/><G71/><T33/><D47/><U54/><E54/><V129/><F129/><W52/><G18/><T11/><D89/><U56/><E118/><V94/><F101/><W124/><G124/><T43/><D95/><U51/><E51/><V25/><F77/><W44/><G34/><T79/><D63/><U73/><E73/><V76/><F76/><W111/><G111/><T82/><D43/><U125/><E125/><V69/><F69/><W122/><G122/><T117/><D11/><U9/><E8/><V19/><F83/><N who="3" m="49247" /><G91/><T1/><D1/><U109/><E109/><V2/><F2/><N who="3" m="375" /><G38/><T113/><D17/><AGARI ba="0,0" hai="9,12,17,56,61,65,106,107" m="51306,17519" machi="17" ten="30,1000,0" yaku="20,1" doraHai="112" who="1" fromWho="0" sc="349,-10,224,10,283,0,144,0" owari="339,43.9,234,-16.6,283,8.3,144,-35.6" /></mjloggm>