<mjloggm ver="2.3"><GO type="169" lobby="0"/><UN n0="%E3%81%AF%E3%81%AA%E3%81%B3%E3%81%AA%E3%81%B3" n1="%E5%8B%98%E5%BC%81%E3%81%97%E3%81%A6%E3%82%88" n2="%E6%A4%9B%E5%8D%97" n3="%E3%82%86%E3%81%86%E3%82%86%E3%81%8D" dan="17,17,18,16" rate="2136.75,2221.93,2211.41,2207.90" sx="M,M,F,M"/><TAIKYOKU oya="0"/><INIT seed="0,0,0,2,2,49" ten="250,250,250,250" oya="0" hai0="13,123,112,24,118,47,115,116,84,41,28,20,99" hai1="12,11,58,87,108,129,72,16,7,70,46,88,54" hai2="73,52,5,29,78,30,81,32,15,57,130,93,92" hai3="100,55,106,103,125,79,63,101,48,127,107,119,120"/><T8/><D123/><U1/><E70/><V37/><F37/><W59/><G119/><T110/><D99/><U2/><E72/><V124/><F130/><W34/><G34/><T109/><D84/><U117/><E129/><V19/><F5/><W10/><G120/><T62/><D62/><U38/><E117/><N who="0" m="45161" /><D47/><U64/><E108/><N who="0" m="41577" /><D41/><U66/><E2/><V22/><F124/><N who="3" m="47691" /><G79/><T25/><D25/><U80/><E46/><V94/><REACH who="2" step="1"/><F32/><REACH who="2" ten="250,250,240,250" step="2"/><W36/><G36/><T85/><D85/><U90/><E38/><V56/><F56/><W89/><G59/><T0/><D0/><U39/><E39/><V26/><F26/><W40/><G106/><T69/><D69/><U31/><E31/><V86/><F86/><W45/><G107/><T14/><D14/><U74/><E74/><V132/><F132/><W126/><G126/><T113/><D113/><U83/><E1/><V95/><N who="2" m="23552" /><DORA hai="23" /><V4/><F4/><AGARI ba="0,1" hai="4,8,13,20,24,28,112,115" m="41577,45161" machi="4" ten="30,12000,1" yaku="14,1,10,1,34,2,52,1" doraHai="49,23" who="0" fromWho="2" sc="250,130,250,0,240,-120,250,0" /><INIT seed="0,1,0,2,0,125" ten="380,250,120,250" oya="0" hai0="43,16,23,82,119,41,42,78,26,123,117,68,57" hai1="135,101,83,73,86,20,85,95,47,126,131,27,44" hai2="62,28,14,120,88,51,81,64,70,75,31,11,124" hai3="116,84,111,113,69,24,22,33,7,58,35,114,25"/><T128/><D123/><U63/><E126/><V115/><F124/><W54/><G69/><T93/><D68/><U80/><E135/><V66/><F115/><W9/><G116/><T61/><D128/><U39/><E73/><V99/><F66/><W130/><G84/><T6/><D6/><U134/><E134/><V112/><F112/><W110/><G58/><T129/><D129/><U1/><E1/><V76/><F51/><W97/><G97/><T50/><D50/><U49/><E39/><V72/><F72/><W87/><G87/><T18/><D18/><U52/><E63/><V96/><F96/><W40/><G54/><T133/><D133/><U94/><E131/><V77/><F77/><W100/><G100/><T90/><D82/><U10/><E10/><V0/><F0/><N who="3" m="231" /><G40/><T15/><D15/><U56/><E101/><V132/><F120/><W91/><G91/><T71/><D71/><U8/><E8/><V48/><F48/><W121/><G121/><T46/><D46/><N who="1" m="17451" /><E85/><V92/><REACH who="2" step="1"/><F132/><REACH who="2" ten="380,250,110,250" step="2"/><W105/><G130/><T103/><D78/><N who="1" m="46359" /><E83/><V13/><F13/><W29/><G114/><T106/><D106/><U89/><E89/><V30/><F30/><AGARI ba="1,1" hai="20,27,30,49,52,56,94,95" m="46359,17451" machi="30" ten="30,2000,0" yaku="8,1,54,1" doraHai="125" who="1" fromWho="2" sc="380,0,250,33,110,-23,250,0" /><INIT seed="1,0,0,5,0,66" ten="380,283,87,250" oya="1" hai0="114,64,14,110,7,70,0,81,62,29,127,97,60" hai1="11,68,89,90,135,122,4,72,95,92,100,78,9" hai2="54,37,86,125,18,104,61,30,129,107,93,10,106" hai3="124,17,128,83,123,32,28,91,35,46,2,15,67"/><U85/><E122/><V59/><F37/><W120/><G123/><T111/><D114/><U40/><E135/><V1/><F129/><W103/><G2/><T20/><D127/><U109/><E100/><V73/><F73/><W130/><G103/><T82/><D0/><U131/><E131/><N who="3" m="50218" /><G28/><T27/><D97/><U56/><E40/><V84/><F125/><W48/><G67/><T57/><D14/><U58/><E109/><N who="0" m="41481" /><D7/><U8/><E68/><V118/><F30/><W52/><G120/><T69/><D62/><U119/><E119/><V88/><F118/><W108/><G124/><T98/><D98/><U132/><E132/><V76/><F18/><W112/><G112/><T115/><D115/><U113/><E113/><V26/><F26/><W71/><G71/><AGARI ba="0,0" hai="20,27,29,57,60,64,69,70,71,81,82" m="41481" machi="71" ten="30,7700,0" yaku="14,1,52,3" doraHai="66" who="0" fromWho="3" sc="380,77,283,0,87,0,250,-77" /><INIT seed="2,0,0,2,5,83" ten="457,283,87,173" oya="2" hai0="121,23,111,116,73,10,78,94,82,25,29,128,48" hai1="75,42,91,134,133,38,47,14,6,108,77,50,103" hai2="31,117,1,120,21,57,39,119,5,93,52,35,12" hai3="26,55,58,32,64,123,107,13,80,69,135,30,122"/><V97/><F39/><W129/><G107/><T127/><D111/><U15/><E108/><V105/><F105/><W104/><G104/><T33/><D128/><U67/><E103/><V40/><F40/><W4/><G129/><T11/><D127/><U71/><E77/><V89/><F120/><W90/><G135/><N who="1" m="51722" /><E75/><V84/><F1/><W60/><G4/><T8/><D121/><U130/><E6/><V9/><F35/><W34/><G34/><T51/><D116/><U70/><E130/><V110/><F110/><W54/><G13/><T106/><D106/><U125/><E125/><V92/><F21/><W17/><G17/><T24/><REACH who="0" step="1"/><D94/><REACH who="0" ten="447,283,87,173" step="2"/><U46/><E71/><V131/><F131/><W61/><G123/><T101/><D101/><U45/><E70/><V99/><F31/><AGARI ba="0,1" hai="8,10,11,23,24,25,29,31,33,48,51,73,78,82" machi="31" ten="40,1300,0" yaku="1,1,53,0" doraHai="83" doraHaiUra="68" who="0" fromWho="2" sc="447,23,283,0,87,-13,173,0" /><INIT seed="3,0,0,2,1,135" ten="470,283,74,173" oya="3" hai0="41,77,73,76,121,16,39,30,106,70,57,112,42" hai1="43,123,124,67,118,125,3,24,2,60,134,85,95" hai2="48,74,87,98,12,117,31,130,59,63,99,103,92" hai3="119,40,94,56,93,38,105,101,19,96,126,1,52"/><W65/><G119/><T66/><D106/><U29/><E123/><V78/><F117/><W35/><G1/><T129/><D30/><U72/><E72/><V34/><F130/><W61/><G35/><T81/><D70/><U108/><E118/><V5/><F74/><W110/><G65/><T17/><D121/><U79/><E108/><V107/><F48/><W55/><G55/><T89/><D77/><U97/><E43/><V44/><F44/><W54/><G54/><T86/><D39/><U90/><E134/><V18/><F5/><W127/><G110/><T36/><D36/><U49/><E49/><V37/><F37/><W115/><G19/><T131/><D112/><U51/><E51/><V62/><F31/><W64/><G64/><T6/><D6/><U26/><E26/><V32/><F87/><W0/><G0/><T113/><D113/><U71/><E3/><V28/><F78/><W27/><G27/><T82/><D42/><U68/><E2/><V50/><F50/><W20/><G20/><T25/><D41/><U22/><E71/><V133/><F28/><W9/><G9/><T23/><REACH who="0" step="1"/><D17/><REACH who="0" ten="460,283,74,173" step="2"/><U104/><REACH who="1" step="1"/><E79/><REACH who="1" ten="460,273,74,173" step="2"/><V58/><F133/><W83/><G115/><T21/><D21/><U80/><E80/><V84/><F34/><W46/><REACH who="3" step="1"/><G83/><REACH who="3" ten="460,273,74,163" step="2"/><T11/><D11/><U128/><E128/><V53/><F32/><W88/><G88/><T4/><D4/><U47/><E47/><V114/><F114/><W120/><G120/><T100/><D100/><AGARI ba="0,3" hai="22,24,29,60,67,68,85,90,95,97,100,104,124,125" machi="100" ten="40,5200,0" yaku="1,1,52,2,53,0" doraHai="135" doraHaiUra="69" who="1" fromWho="0" sc="460,-52,273,82,74,0,163,0" /><INIT seed="4,0,0,1,5,36" ten="408,355,74,163" oya="0" hai0="6,95,45,117,104,112,125,79,109,76,75,33,40" hai1="12,14,3,110,103,133,47,132,32,13,28,83,16" hai2="60,102,26,0,65,38,88,44,42,97,127,122,53" hai3="114,57,18,17,56,134,72,130,135,129,131,115,66"/><T31/><D95/><U77/><E103/><V61/><F127/><W34/><G72/><T43/><D117/><U80/><E3/><V1/><F122/><W100/><G34/><T15/><D125/><U30/><E110/><V27/><F53/><W124/><G100/><T20/><D109/><U94/><E94/><V9/><F61/><W67/><G17/><T52/><D104/><U39/><E80/><V118/><F118/><W68/><G18/><T86/><D75/><U70/><E70/><V48/><F38/><W123/><G124/><T69/><D69/><U113/><E113/><N who="3" m="43018" /><G68/><T99/><D99/><U105/><E105/><V87/><F9/><W46/><G46/><T8/><D33/><U4/><E4/><V101/><F101/><W22/><G22/><T49/><D112/><U84/><E32/><V23/><F23/><W7/><G7/><T41/><D86/><U93/><E93/><N who="2" m="58671" /><F1/><W19/><G19/><T71/><D71/><U21/><E30/><V90/><F0/><W24/><G24/><AGARI ba="0,0" hai="6,8,15,20,24,31,40,41,43,45,49,52,76,79" machi="24" ten="40,12000,1" yaku="8,1,52,3,54,1" doraHai="36" who="0" fromWho="3" sc="408,120,355,0,74,0,163,-120" /><INIT seed="4,1,0,0,2,108" ten="528,355,74,43" oya="0" hai0="126,3,32,130,46,77,101,41,104,39,49,26,73" hai1="103,131,69,102,122,106,135,25,81,57,45,76,68" hai2="107,128,10,14,96,82,29,60,24,27,83,4,125" hai3="40,15,119,105,50,124,74,52,97,92,129,116,115"/><T61/><D130/><U112/><E122/><V118/><F125/><W123/><G123/><T0/><D126/><U20/><E131/><V88/><F128/><W17/><G124/><T44/><D49/><U51/><E135/><V21/><F118/><W62/><G74/><T53/><D44/><U48/><E48/><V79/><F107/><W89/><G129/><T132/><D53/><U31/><E57/><V43/><F43/><W86/><G62/><T134/><D61/><U84/><E112/><V110/><F110/><W113/><G40/><T87/><D87/><U80/><E106/><V114/><F114/><N who="3" m="43531" /><G97/><N who="0" m="61487" /><D77/><U5/><E69/><V8/><F79/><W133/><G105/><T12/><D12/><U11/><E68/><V109/><F109/><W54/><G133/><N who="0" m="51307" /><D73/><U75/><E75/><V22/><F60/><W111/><G111/><T34/><D26/><U42/><E80/><V70/><F70/><W47/><G54/><T1/><AGARI ba="1,0" hai="0,1,3,32,34,39,41,46" m="51307,61487" machi="1" ten="40,3900,0" yaku="20,1,23,1" doraHai="108" who="0" fromWho="0" sc="528,42,355,-14,74,-14,43,-14" /><INIT seed="4,2,0,3,3,97" ten="570,341,60,29" oya="0" hai0="118,7,123,55,92,30,28,44,37,53,109,51,10" hai1="88,117,80,23,124,84,57,68,22,86,4,18,49" hai2="29,121,100,73,21,134,40,46,47,127,113,130,79" hai3="13,9,111,33,91,65,43,41,115,60,16,106,107"/><T89/><D118/><U82/><E68/><V64/><F121/><W87/><G115/><T39/><D123/><U129/><E117/><V102/><F113/><W96/><G33/><T14/><D109/><U131/><E124/><V58/><F127/><W63/><G111/><T36/><REACH who="0" step="1"/><D53/><REACH who="0" ten="560,341,60,29" step="2"/><U98/><E131/><V11/><F130/><W81/><G63/><T83/><D83/><U114/><E129/><V45/><F134/><W12/><G12/><T61/><D61/><U56/><E114/><V135/><F135/><W126/><G126/><T26/><D26/><U54/><E82/><V108/><F108/><W74/><G74/><T122/><D122/><U119/><E119/><V125/><F125/><W77/><G107/><T95/><D95/><U6/><E80/><V50/><F73/><W25/><G25/><T1/><D1/><U24/><E24/><V110/><F110/><W94/><REACH who="3" step="1"/><G106/><REACH who="3" ten="560,341,60,19" step="2"/><T31/><D31/><U72/><E72/><V66/><F29/><W27/><G27/><T52/><D52/><U90/><E54/><V38/><F40/><W103/><G103/><T78/><D78/><U101/><E101/><V75/><F79/><W0/><G0/><T76/><D76/><U93/><E90/><V42/><F75/><W105/><G105/><T2/><D2/><U133/><E133/><V8/><F102/><W34/><G34/><T48/><D48/><U120/><E49/><V19/><F100/><W20/><G20/><T85/><AGARI ba="2,2" hai="7,10,14,28,30,36,37,39,44,51,55,85,89,92" machi="85" ten="30,3000,0" yaku="1,1,0,1,53,0" doraHai="97" doraHaiUra="116" who="0" fromWho="0" sc="560,56,341,-12,60,-12,19,-12" /><INIT seed="4,3,0,2,3,51" ten="616,329,48,7" oya="0" hai0="105,91,122,117,34,28,56,89,96,80,38,40,54" hai1="9,64,77,10,115,25,69,125,131,86,57,127,33" hai2="0,82,50,23,1,65,22,110,67,3,79,85,4" hai3="60,16,114,113,5,45,83,35,20,72,95,43,32"/><T121/><D117/><U111/><E111/><V134/><F110/><W124/><G5/><T135/><D135/><U70/><E131/><V92/><F134/><W7/><G7/><T98/><D40/><U8/><E115/><N who="3" m="44042" /><G124/><N who="1" m="47690" /><E64/><V68/><F4/><W73/><G95/><T44/><D54/><U13/><E13/><V118/><F118/><W19/><G60/><T78/><D56/><U99/><E99/><V46/><F92/><W101/><G101/><T87/><D44/><U49/><E33/><N who="3" m="12874" /><G83/><T132/><D80/><N who="1" m="47375" /><E25/><V30/><F1/><W103/><G103/><T27/><D96/><U106/><E106/><V119/><F119/><W123/><G123/><T112/><D98/><U42/><E42/><V37/><F3/><W48/><G19/><T6/><D121/><U39/><E39/><V109/><F37/><W61/><G61/><T58/><D38/><U97/><E97/><V14/><F0/><W66/><G66/><T26/><D122/><U102/><E102/><V11/><F109/><W88/><G88/><T36/><D89/><U31/><E31/><V62/><F67/><W63/><G63/><T129/><D91/><U90/><E90/><V59/><F30/><W81/><G81/><T55/><D28/><U133/><E133/><V21/><F68/><W71/><G71/><T93/><D105/><U74/><E74/><V24/><F24/><AGARI ba="3,0" hai="16,20,24,43,45,48,72,73" m="12874,44042" machi="24" ten="30,2000,0" yaku="15,1,54,1" doraHai="51" who="3" fromWho="2" sc="616,0,329,0,48,-29,7,29" /><INIT seed="5,0,0,3,4,84" ten="616,329,19,36" oya="1" hai0="132,95,133,123,56,33,114,126,5,9,4,32,67" hai1="134,12,111,78,14,110,60,6,125,70,11,43,21" hai2="65,57,22,41,1,131,120,107,69,87,102,40,92" hai3="58,75,93,0,34,98,45,53,36,64,81,105,55"/><U77/><E125/><V49/><F131/><W19/><G34/><T73/><D73/><U86/><E134/><N who="0" m="51817" /><D126/><U44/><E70/><V113/><F120/><W23/><G0/><T63/><D123/><U127/><E127/><V2/><F113/><W16/><G105/><T82/><D114/><U38/><E60/><V26/><F107/><W122/><G122/><T20/><D82/><U83/><E21/><V135/><F69/><W28/><G36/><T46/><D20/><U24/><E24/><V97/><F135/><W88/><G81/><T115/><D115/><U99/><E99/><V35/><F35/><N who="0" m="13386" /><D9/><U80/><REACH who="1" step="1"/><E14/><REACH who="1" ten="616,319,19,36" step="2"/><V48/><F1/><W76/><G23/><T68/><D63/><U74/><AGARI ba="0,1" hai="6,11,12,38,43,44,74,77,78,80,83,86,110,111" machi="74" ten="30,6000,0" yaku="1,1,2,1,0,1,53,0" doraHai="84" doraHaiUra="66" who="1" fromWho="1" sc="616,-20,319,70,19,-20,36,-20" owari="596,69.6,389,18.9,-1,-50.1,16,-38.4" /></mjloggm>