<mjloggm ver="2.3"><GO type="169" lobby="0"/><UN n0="%E7%B4%94%E6%BD%94%E3%83%94%E3%83%A9%E3%83%8B%E3%82%A2" n1="%E6%9C%A8%E5%8E%9F%E8%B1%AA%E4%B8%80" n2="%E3%81%9F%E3%81%8B%E3%81%AF%E3%81%97%E3%81%83%E3%81%83%E3%81%83" n3="%E7%9C%9F%E9%BE%8D%E5%85%84%E8%B2%B4" dan="16,16,19,16" rate="2148.17,2180.35,2230.21,2036.12" sx="M,M,M,M"/><TAIKYOKU oya="0"/><INIT seed="0,0,0,3,1,58" ten="250,250,250,250" oya="0" hai0="27,22,125,57,119,69,44,55,34,98,40,26,5" hai1="63,14,129,7,104,90,71,15,118,56,17,41,6" hai2="65,12,49,59,66,43,126,134,35,25,85,31,0" hai3="133,64,1,84,67,89,51,73,61,112,52,101,10"/><T79/><D119/><U109/><E118/><V111/><F0/><W77/><G112/><T91/><D69/><U68/><E104/><V23/><F111/><W32/><G32/><T76/><D5/><U127/><E109/><V30/><F126/><W113/><G113/><T82/><D34/><U53/><E129/><V117/><F117/><W3/><G133/><T121/><D27/><U19/><E41/><V74/><F74/><W106/><G67/><T102/><D121/><U115/><E127/><V83/><F134/><W78/><G101/><T60/><D125/><U103/><E103/><V87/><F87/><W131/><G106/><T92/><D82/><U94/><E71/><V33/><F33/><W99/><G99/><T11/><D11/><N who="1" m="6367" /><E68/><V93/><F93/><W128/><G73/><T47/><D102/><U24/><E24/><V48/><F31/><W8/><G1/><T108/><D108/><U135/><E135/><V29/><F29/><W46/><G3/><T45/><REACH who="0" step="1"/><D40/><REACH who="0" ten="240,250,250,250" step="2"/><U39/><E115/><V37/><F35/><W86/><G128/><T80/><D80/><U122/><E122/><V72/><F83/><W123/><G131/><T114/><D114/><U2/><E2/><V50/><F43/><W95/><G123/><T9/><D9/><N who="1" m="6639" /><E39/><V18/><F37/><W88/><G10/><T132/><D132/><U124/><E124/><V4/><F25/><W96/><G8/><T62/><D62/><U54/><E7/><V42/><F4/><W81/><G81/><T28/><AGARI ba="0,1" hai="22,26,28,44,45,47,55,57,60,76,79,91,92,98" machi="28" ten="30,11700,0" yaku="1,1,0,1,8,1,52,1,53,0" doraHai="58" doraHaiUra="105" who="0" fromWho="0" sc="240,127,250,-39,250,-39,250,-39" /><INIT seed="0,1,0,1,2,84" ten="367,211,211,211" oya="0" hai0="56,12,33,90,57,31,106,126,128,55,134,29,80" hai1="98,39,105,103,109,62,52,71,48,95,82,26,75" hai2="14,133,41,59,114,16,68,85,35,13,53,64,45" hai3="7,34,50,99,58,108,125,51,129,32,101,30,117"/><T131/><D106/><U42/><E109/><V78/><F114/><W27/><G108/><T4/><D126/><U66/><E26/><V123/><F35/><W20/><G117/><T92/><D80/><U93/><E75/><V116/><F123/><W61/><G129/><N who="0" m="49739" /><D134/><U86/><E42/><V124/><F124/><W74/><G74/><T87/><D33/><U113/><E39/><V69/><F133/><W122/><G122/><T5/><D56/><U81/><E81/><V8/><F64/><W130/><G130/><T135/><D135/><U115/><E115/><V19/><F85/><W111/><G111/><T37/><D37/><U18/><E18/><V76/><F116/><W96/><G125/><T10/><D5/><U67/><E66/><V63/><F68/><W100/><G7/><T22/><D22/><U2/><E2/><V36/><REACH who="2" step="1"/><F69/><REACH who="2" ten="367,211,201,211" step="2"/><W83/><G32/><T47/><D47/><U79/><REACH who="1" step="1"/><E113/><REACH who="1" ten="367,201,201,211" step="2"/><V104/><F104/><W119/><G119/><T23/><D4/><U60/><E60/><V49/><F49/><W94/><G34/><T0/><D29/><U38/><E38/><V107/><F107/><W9/><G30/><T120/><D31/><U88/><E88/><V121/><F121/><W24/><G61/><T89/><D90/><U110/><E110/><V77/><F77/><W127/><G127/><T73/><D89/><U44/><AGARI ba="1,2" hai="44,48,52,62,67,71,79,82,86,93,95,98,103,105" machi="44" ten="20,8000,1" yaku="1,1,0,1,7,1,54,1,53,1" doraHai="84" doraHaiUra="40" who="1" fromWho="1" sc="367,-41,201,103,201,-21,211,-21" /><INIT seed="1,0,0,3,5,48" ten="326,304,180,190" oya="1" hai0="94,126,12,42,75,36,129,27,56,104,0,58,15" hai1="120,116,35,22,61,107,70,13,31,135,93,14,40" hai2="88,17,33,20,123,86,128,131,108,28,115,79,11" hai3="68,77,85,117,49,89,59,24,111,105,96,64,8"/><U67/><E116/><V21/><F123/><W99/><G111/><T2/><D104/><U57/><E107/><V132/><F108/><W112/><G112/><T37/><D75/><U60/><E35/><V125/><F115/><W7/><G117/><T106/><D106/><U72/><E72/><V91/><F125/><W55/><G77/><T83/><D94/><U127/><E135/><V45/><F132/><W82/><G105/><T63/><D27/><U6/><E6/><V66/><F66/><W9/><G9/><T97/><D63/><U47/><E127/><V114/><F114/><W80/><G80/><T19/><D42/><U43/><E43/><V54/><F79/><W16/><G64/><T51/><D51/><U92/><E120/><V53/><F45/><W18/><G68/><T90/><D83/><U71/><E71/><V23/><F91/><W103/><G103/><T122/><D90/><U100/><E100/><V62/><F62/><W76/><G24/><T41/><D41/><U84/><E61/><V121/><F121/><W50/><G50/><T95/><D122/><U4/><E70/><V52/><F28/><W134/><G134/><T74/><D74/><U46/><E31/><V119/><F33/><W118/><G118/><T81/><D36/><U34/><E34/><V32/><F32/><W87/><G87/><T30/><D37/><U3/><E84/><V98/><F98/><N who="3" m="37419" /><G76/><T10/><D30/><U44/><E3/><V26/><F119/><W65/><G65/><T78/><D97/><U102/><E67/><V109/><F109/><W39/><G39/><RYUUKYOKU ba="0,0" sc="326,-10,304,-10,180,-10,190,30" hai3="7,8,16,18,49,55,59,82,85,89" /><INIT seed="2,1,0,1,3,98" ten="316,294,170,220" oya="2" hai0="54,58,47,108,88,57,82,70,114,53,35,80,67" hai1="69,55,93,15,48,133,20,28,63,134,40,33,10" hai2="31,125,81,130,95,110,102,122,77,71,0,73,115" hai3="24,121,131,94,123,124,17,30,132,104,90,91,103"/><V107/><RYUUKYOKU type="yao9" ba="1,0" sc="316,0,294,0,170,0,220,0" hai2="0,31,71,73,77,81,95,102,107,110,115,122,125,130" /><INIT seed="2,2,0,5,1,55" ten="316,294,170,220" oya="2" hai0="9,96,19,65,87,104,18,70,79,126,34,90,81" hai1="94,110,48,95,50,78,119,60,24,53,25,61,128" hai2="13,27,68,20,16,84,58,35,76,135,130,14,129" hai3="29,22,102,4,31,101,11,106,93,5,71,133,117"/><V52/><F68/><W89/><G71/><T67/><D34/><U112/><E112/><V2/><F2/><W44/><G117/><T124/><D9/><U7/><E119/><V123/><F123/><W109/><G109/><T45/><D45/><U51/><E128/><N who="2" m="49259" /><F135/><W132/><G44/><T118/><D118/><U116/><E116/><V49/><F35/><W54/><G106/><T91/><D104/><U64/><E78/><V37/><F37/><W75/><G75/><T83/><D96/><U127/><E7/><V72/><F72/><W113/><G113/><T21/><D70/><U43/><E43/><V82/><AGARI ba="2,0" hai="13,14,16,20,27,49,52,58,76,82,84" m="49259" machi="82" ten="30,11700,0" yaku="19,1,52,1,54,2" doraHai="55" who="2" fromWho="2" sc="316,-41,294,-41,170,123,220,-41" /><INIT seed="2,3,0,5,5,108" ten="275,253,293,179" oya="2" hai0="59,12,9,15,18,69,39,125,65,14,81,100,99" hai1="37,67,26,47,89,30,77,98,75,94,128,0,131" hai2="124,114,73,84,122,54,64,8,50,90,1,80,71" hai3="52,104,70,134,87,83,61,92,132,74,101,31,11"/><V127/><F122/><W66/><G31/><T111/><D111/><U56/><E0/><V58/><F73/><W45/><G104/><T16/><D39/><U86/><E75/><V13/><F1/><W20/><G74/><T51/><D125/><N who="2" m="48202" /><F64/><W23/><G11/><T88/><D69/><U43/><E67/><V17/><F71/><W119/><G119/><T2/><D2/><U126/><E56/><V133/><F133/><N who="3" m="51307" /><G92/><T116/><D116/><U113/><E126/><V123/><F123/><W22/><G101/><T28/><D28/><U42/><E42/><V115/><AGARI ba="3,0" hai="8,13,17,50,54,58,80,84,90,114,115" m="48202" machi="115" ten="30,6000,0" yaku="18,1,52,2" doraHai="108" who="2" fromWho="2" sc="275,-23,253,-23,293,69,179,-23" /><INIT seed="2,4,0,5,4,117" ten="252,230,362,156" oya="2" hai0="82,22,69,27,70,2,13,118,122,132,72,18,74" hai1="64,61,86,124,116,99,1,3,24,133,38,97,113" hai2="56,119,103,31,36,106,16,29,39,58,40,33,75" hai3="126,59,102,123,19,28,23,121,87,79,135,107,32"/><V115/><F119/><W11/><G126/><T7/><D118/><U52/><E38/><V65/><F75/><W66/><G135/><T68/><D132/><U55/><E116/><V111/><F115/><W89/><G79/><T34/><D82/><U4/><E133/><V110/><F103/><W50/><G11/><N who="0" m="2551" /><D122/><U53/><E113/><V128/><F106/><W92/><G28/><AGARI ba="4,0" hai="13,18,22,27,28,34,68,69,70,72,74" m="2551" machi="28" ten="30,1000,0" yaku="24,1" doraHai="117" who="0" fromWho="3" sc="252,22,230,0,362,0,156,-22" /><INIT seed="3,0,0,5,2,34" ten="274,230,362,134" oya="3" hai0="23,109,132,52,119,66,120,75,0,20,28,11,124" hai1="121,101,27,96,22,117,99,67,46,111,70,26,5" hai2="65,107,68,130,50,61,82,128,47,62,76,98,92" hai3="81,73,12,90,18,53,115,133,58,13,33,10,45"/><W35/><G115/><T14/><D119/><U37/><E121/><V118/><F107/><W97/><G133/><T129/><D120/><U85/><E117/><V51/><F62/><W126/><G126/><T78/><D124/><U57/><E70/><V9/><F9/><W7/><G45/><T131/><D66/><U95/><E5/><V89/><F118/><W71/><G71/><T8/><D78/><U110/><E85/><N who="2" m="48327" /><F47/><W106/><G73/><T79/><D79/><U125/><E99/><V42/><F42/><W113/><G113/><T41/><D41/><U43/><E125/><V123/><F123/><W3/><G13/><T116/><D75/><U63/><REACH who="1" step="1"/><E27/><REACH who="1" ten="274,220,362,134" step="2"/><V56/><F68/><W127/><G127/><T19/><D116/><U17/><AGARI ba="0,1" hai="17,22,26,37,43,46,57,63,67,95,96,101,110,111" machi="17" ten="30,4000,0" yaku="1,1,2,1,0,1,53,0" doraHai="34" doraHaiUra="102" who="1" fromWho="1" sc="274,-10,220,50,362,-10,134,-20" /><INIT seed="4,0,0,5,1,45" ten="264,270,352,114" oya="0" hai0="4,21,126,122,5,113,68,117,123,100,116,30,99" hai1="38,2,91,110,120,66,34,121,104,37,130,94,1" hai2="17,82,26,59,8,69,107,48,109,6,62,52,55" hai3="35,105,56,46,112,15,114,7,83,63,24,40,97"/><T102/><D68/><U13/><E110/><V29/><F109/><W70/><G83/><T16/><D113/><U33/><E66/><V32/><F107/><W96/><G7/><T10/><D126/><U76/><E13/><V12/><F82/><W119/><G15/><T125/><D125/><U129/><E94/><V131/><F131/><N who="1" m="50185" /><E91/><V0/><F69/><W93/><G119/><T89/><D89/><U101/><E101/><V9/><REACH who="2" step="1"/><F55/><REACH who="2" ten="264,270,342,114" step="2"/><W36/><G70/><T75/><D116/><U108/><E104/><V124/><F124/><W90/><G105/><T73/><D117/><U53/><E53/><V86/><F86/><W77/><G97/><T88/><D99/><U58/><E108/><V47/><F47/><W92/><G92/><T60/><D75/><U118/><E58/><V79/><F79/><W51/><G77/><T50/><D73/><U49/><E76/><V128/><F128/><W127/><G127/><T74/><D74/><U87/><E87/><V14/><F14/><W67/><REACH who="3" step="1"/><G36/><REACH who="3" ten="264,270,342,104" step="2"/><T43/><D4/><U134/><E118/><V22/><F22/><W11/><G11/><T135/><D10/><U98/><E98/><V57/><F57/><W19/><G19/><T64/><D21/><U132/><E37/><V71/><F71/><W103/><G103/><T39/><D102/><U106/><E38/><V42/><F42/><W81/><G81/><T84/><D100/><U44/><E106/><V18/><F18/><W111/><G111/><T54/><D39/><U72/><E72/><V25/><F25/><W41/><G41/><T80/><D43/><RYUUKYOKU ba="0,2" sc="264,-15,270,-15,342,15,104,15" hai2="0,6,8,9,12,17,26,29,32,48,52,59,62" hai3="24,35,40,46,51,56,63,67,90,93,96,112,114" /><INIT seed="5,1,2,4,5,19" ten="249,255,357,119" oya="1" hai0="107,35,83,108,105,7,133,2,12,130,38,76,46" hai1="14,95,100,32,77,39,89,40,111,9,33,81,119" hai2="44,70,66,16,21,8,73,56,124,91,45,99,10" hai3="49,4,72,85,78,71,96,132,42,103,128,13,94"/><U37/><E119/><V65/><F70/><W62/><G132/><T106/><D12/><U127/><E100/><V110/><F73/><W115/><G115/><T93/><D93/><U126/><E111/><V90/><F124/><N who="1" m="47657" /><E95/><N who="2" m="56823" /><F91/><W6/><G128/><T3/><D130/><U75/><E89/><V11/><F110/><W52/><G72/><N who="0" m="43399" /><D108/><U116/><E116/><V109/><F109/><W67/><G42/><N who="0" m="22871" /><D133/><U97/><E97/><V28/><F28/><W84/><G13/><T17/><D17/><N who="1" m="8399" /><E40/><V79/><F79/><W74/><G74/><T41/><D41/><U47/><E47/><N who="2" m="17995" /><F56/><W48/><G48/><T20/><D3/><U102/><E102/><V135/><F135/><W98/><G98/><T24/><D35/><AGARI ba="1,2" hai="32,33,35,37,39,75,77,81" m="8399,47657" machi="35" ten="30,1500,0" yaku="18,1" doraHai="19" who="1" fromWho="0" sc="249,-18,255,38,357,0,119,0" /><INIT seed="5,2,0,0,0,87" ten="231,293,357,119" oya="1" hai0="56,114,104,124,0,57,105,74,73,81,86,123,78" hai1="97,80,135,96,22,102,23,112,1,38,19,60,100" hai2="4,108,113,92,24,51,115,55,2,91,29,95,26" hai3="61,48,34,7,16,98,17,44,36,37,11,5,63"/><U42/><E112/><N who="2" m="43083" /><F108/><W133/><G34/><T122/><D0/><U27/><E1/><V59/><F95/><W103/><G133/><T121/><D114/><U3/><E3/><V21/><F26/><W118/><G118/><T90/><D124/><U64/><E135/><V75/><F75/><N who="0" m="28682" /><D57/><U46/><E80/><V129/><F129/><W116/><G116/><T41/><D41/><U65/><E23/><V71/><F71/><W93/><G36/><T79/><D56/><U119/><E119/><V68/><F68/><W49/><G37/><T8/><D8/><U13/><E27/><V82/><F82/><W40/><G49/><T83/><D83/><U25/><E25/><V45/><F59/><W39/><G39/><T127/><D127/><U76/><E76/><AGARI ba="2,0" hai="76,78,79,81,86,90,104,105,121,122,123" m="28682" machi="76" ten="40,8000,1" yaku="13,1,34,2,52,1" doraHai="87" who="0" fromWho="1" sc="231,86,293,-86,357,0,119,0" /><INIT seed="6,0,0,4,5,45" ten="317,207,357,119" oya="2" hai0="20,123,63,4,84,3,120,69,68,7,73,16,122" hai1="43,15,23,1,113,82,38,54,70,32,41,36,93" hai2="95,30,108,57,115,91,92,112,96,121,67,99,34" hai3="42,24,116,87,102,12,97,72,6,80,26,0,119"/><V21/><F34/><W133/><G133/><T17/><D73/><U77/><E70/><V79/><F121/><W106/><G0/><T49/><D84/><U105/><E105/><V46/><F79/><W94/><G42/><T135/><D135/><U90/><E32/><V2/><F2/><W88/><G6/><T134/><D134/><U114/><E1/><V71/><F71/><W126/><G12/><T29/><D29/><U110/><E110/><V83/><F83/><W74/><G26/><T125/><D125/><U18/><E54/><V66/><F46/><W14/><G14/><T9/><D4/><U118/><E118/><N who="3" m="45098" /><G24/><T127/><D127/><U53/><E53/><V65/><F108/><W128/><G126/><T64/><D69/><U22/><E22/><V44/><F44/><W129/><G74/><T61/><D61/><U124/><E124/><V132/><F132/><W100/><G100/><T27/><D17/><U40/><E38/><V62/><F21/><W60/><G60/><T78/><D78/><AGARI ba="0,0" hai="72,78,80,87,88,94,97,102,106,128,129" m="45098" machi="78" ten="30,7700,0" yaku="24,1,34,2,54,1" doraHai="45" who="3" fromWho="0" sc="317,-77,207,0,357,0,119,77" /><INIT seed="7,0,0,4,3,122" ten="240,207,357,196" oya="3" hai0="7,119,111,57,48,80,38,100,89,27,78,73,31" hai1="101,58,123,63,86,109,5,18,4,127,79,62,40" hai2="72,25,37,9,0,85,83,71,105,12,88,131,92" hai3="28,99,10,68,116,102,82,98,41,53,39,77,46"/><W61/><G116/><T106/><D111/><U36/><E109/><V96/><F71/><W91/><G28/><T54/><D119/><U130/><E123/><V42/><F0/><W133/><G133/><T124/><D38/><U65/><E127/><V34/><F25/><W21/><G21/><T76/><D124/><U55/><E101/><V64/><F64/><W94/><G10/><T33/><D7/><U20/><E40/><V115/><F115/><W22/><G22/><T14/><D14/><U114/><E36/><V67/><F67/><W45/><G68/><T35/><D89/><U52/><E130/><V117/><F34/><W129/><G129/><T69/><D78/><U26/><E114/><V125/><F125/><W51/><G61/><T75/><D69/><U126/><E126/><V56/><F56/><W103/><REACH who="3" step="1"/><G99/><REACH who="3" ten="240,207,357,186" step="2"/><T81/><D35/><U93/><E63/><V3/><F96/><W19/><G19/><T108/><D108/><U135/><E135/><V43/><F9/><W24/><G24/><T11/><D11/><U120/><E120/><V84/><F131/><W1/><G1/><T95/><D27/><U132/><E132/><V118/><F3/><W60/><G60/><T8/><D8/><U49/><E65/><V87/><F117/><W74/><AGARI ba="0,1" hai="39,41,45,46,51,53,74,77,82,91,94,98,102,103" machi="74" ten="20,7800,0" yaku="1,1,0,1,7,1,53,1" doraHai="122" doraHaiUra="44" who="3" fromWho="3" sc="240,-26,207,-26,357,-26,186,88" /><INIT seed="7,1,0,2,1,22" ten="214,181,331,274" oya="3" hai0="122,96,37,127,59,128,79,117,1,91,86,89,36" hai1="25,92,12,56,45,38,50,6,5,10,76,85,116" hai2="101,102,63,24,46,28,60,120,119,16,112,0,132" hai3="126,8,33,2,83,40,135,54,110,69,125,26,80"/><W17/><G69/><T62/><D1/><U118/><E38/><V43/><F119/><W31/><G135/><T74/><D117/><U23/><E6/><V29/><F0/><W71/><G71/><T9/><D122/><U109/><E109/><V123/><F112/><W130/><G110/><T19/><D127/><N who="3" m="48649" /><G130/><T44/><D128/><U121/><E121/><N who="2" m="46667" /><F16/><W106/><G106/><T114/><D114/><U72/><E72/><V94/><F29/><W27/><G40/><T90/><D74/><U99/><E56/><V21/><F132/><W47/><G47/><T51/><D37/><U14/><E14/><V134/><F134/><W81/><G54/><N who="0" m="30055" /><D36/><U111/><E111/><V3/><F3/><W108/><G108/><T15/><D96/><U61/><E61/><N who="2" m="23627" /><F94/><W41/><G41/><T66/><D79/><U65/><E65/><V18/><F28/><N who="3" m="19607" /><G17/><T64/><D66/><U48/><E118/><V53/><F53/><W70/><G70/><T98/><D98/><U97/><E116/><V107/><F107/><W104/><G104/><T34/><D34/><U58/><E58/><V75/><F75/><W84/><G8/><T49/><D49/><AGARI ba="1,0" hai="18,21,24,43,46,49,101,102" m="23627,46667" machi="49" ten="30,2000,0" yaku="13,1,52,1" doraHai="22" who="2" fromWho="0" sc="214,-23,181,0,331,23,274,0" owari="191,-20.9,181,-31.9,354,45.4,274,7.4" /></mjloggm>