<mjloggm ver="2.3"><GO type="169" lobby="0"/><UN n0="%E5%A4%A9%E7%A9%BA%E3%81%AE%E6%8A%80" n1="%E5%A4%A9%E7%8B%90" n2="%E3%81%9F%E3%81%BE%E3%82%82%E3%82%84%E3%82%93" n3="%E3%82%BB%E3%82%B3%E3%83%AD%E3%83%93%E3%83%83%E3%83%81" dan="16,16,16,16" rate="2136.04,2113.11,2097.54,2049.21" sx="M,M,F,M"/><TAIKYOKU oya="0"/><INIT seed="0,0,0,0,1,99" ten="250,250,250,250" oya="0" hai0="24,79,135,54,35,85,127,31,21,83,22,111,53" hai1="88,89,44,49,96,56,18,67,114,116,13,16,105" hai2="133,48,38,97,64,73,0,60,102,55,33,65,3" hai3="37,10,108,12,125,86,42,104,14,11,43,134,132"/><T112/><D112/><U29/><E116/><V28/><F133/><N who="3" m="51307" /><G104/><T94/><D135/><U6/><E114/><V1/><F73/><W52/><G37/><T119/><D119/><U77/><E77/><V58/><F38/><W66/><G66/><T5/><D127/><U59/><E29/><V9/><F64/><W2/><G2/><T129/><D129/><U84/><E6/><V32/><F9/><N who="3" m="3083" /><G125/><T120/><D120/><U124/><E124/><V71/><REACH who="2" step="1"/><F28/><REACH who="2" ten="250,250,240,250" step="2"/><W131/><G131/><T25/><D5/><U123/><E67/><V45/><F45/><W47/><G108/><T126/><D111/><U122/><E122/><V130/><F130/><W34/><G34/><T40/><D35/><U26/><E123/><V121/><F121/><W27/><G86/><T101/><D126/><U19/><E84/><V70/><F70/><W117/><G117/><T98/><D40/><N who="3" m="15401" /><G27/><T78/><D78/><U17/><E26/><V69/><F69/><W30/><G30/><AGARI ba="0,1" hai="21,22,24,25,30,31,53,54,79,83,85,94,98,101" machi="30" ten="30,11600,0" yaku="7,1,9,1,8,1,52,1" doraHai="99" who="0" fromWho="3" sc="250,126,250,0,240,0,250,-116" /><INIT seed="0,1,0,3,1,81" ten="376,250,240,134" oya="0" hai0="69,133,18,13,62,84,129,39,99,7,121,54,90" hai1="34,27,128,38,43,29,47,87,123,85,106,20,14" hai2="44,8,63,95,100,46,98,67,89,68,52,23,109" hai3="33,116,80,60,83,86,74,124,48,113,104,40,26"/><T1/><D121/><U88/><E123/><V127/><F109/><W125/><G116/><T55/><D39/><U5/><E128/><V24/><F127/><N who="3" m="48715" /><G113/><T70/><D129/><U49/><E106/><V97/><F8/><W53/><G104/><T107/><D7/><U77/><E38/><V64/><F64/><W131/><G131/><T71/><D1/><U134/><E134/><V31/><F52/><W16/><G33/><T105/><D133/><U6/><E34/><V126/><F126/><W118/><G118/><T111/><D111/><U96/><E77/><V61/><F61/><W59/><G74/><T119/><D119/><U4/><E14/><V102/><REACH who="2" step="1"/><F89/><REACH who="2" ten="376,250,230,134" step="2"/><N who="3" m="51399" /><G40/><T36/><D55/><U50/><E50/><V130/><F130/><W75/><G75/><T35/><D54/><U117/><E117/><V17/><F17/><W30/><G30/><T56/><D18/><U103/><E103/><V45/><F45/><W108/><G108/><T132/><D132/><U41/><E41/><V66/><F66/><W91/><G60/><T32/><D62/><U79/><E79/><V120/><F120/><W0/><G0/><T2/><D2/><U51/><E51/><V115/><F115/><W78/><G91/><T114/><D90/><U9/><E9/><V12/><F12/><W58/><G58/><T101/><D13/><U11/><E11/><V15/><F15/><W57/><G57/><T135/><D135/><U65/><E65/><V72/><F72/><N who="3" m="43463" /><G16/><T73/><D73/><U94/><AGARI ba="1,1" hai="4,5,6,20,27,29,43,47,49,85,87,88,94,96" machi="94" ten="30,8000,1" yaku="0,1,8,1,52,2,54,1" doraHai="81" who="1" fromWho="1" sc="376,-41,250,93,230,-21,134,-21" /><INIT seed="1,0,0,3,0,100" ten="335,343,209,113" oya="1" hai0="118,96,75,27,69,29,80,12,94,40,57,4,25" hai1="72,34,109,28,78,35,108,83,26,55,38,32,132" hai2="98,77,85,127,68,107,39,113,64,48,53,9,112" hai3="61,121,117,65,73,71,67,86,52,81,50,92,6"/><U87/><E38/><V89/><F39/><W79/><G121/><T44/><D69/><U128/><E132/><V41/><F41/><W7/><G117/><T2/><D2/><U43/><E43/><V13/><F127/><W47/><REACH who="3" step="1"/><G67/><REACH who="3" ten="335,343,209,103" step="2"/><T123/><D123/><U131/><E131/><V133/><F64/><W62/><G62/><T101/><D118/><U99/><E128/><V18/><F133/><W54/><G54/><T58/><D40/><U51/><E55/><V15/><F53/><W97/><G97/><T1/><D96/><U76/><E99/><V45/><F98/><W10/><G10/><T42/><D42/><U103/><E103/><V102/><F9/><W70/><G70/><T37/><D101/><U104/><E109/><V115/><F68/><W74/><G74/><T114/><D75/><U33/><E108/><V120/><F120/><W17/><G17/><T116/><D116/><U105/><REACH who="1" step="1"/><E51/><REACH who="1" ten="335,333,209,103" step="2"/><V84/><F48/><W14/><G14/><T30/><D12/><U135/><E135/><V110/><F15/><W24/><G24/><T88/><D27/><U11/><E11/><V82/><F110/><W95/><G95/><T16/><D94/><U21/><E21/><V66/><F13/><W134/><G134/><T8/><D25/><U56/><E56/><V129/><F102/><W0/><G0/><T5/><D58/><U126/><E126/><V3/><F3/><W125/><G125/><T49/><D57/><U122/><E122/><V23/><F129/><W36/><G36/><T93/><D37/><U20/><E20/><V90/><F23/><RYUUKYOKU ba="0,2" sc="335,-15,333,15,209,-15,103,15" hai1="26,28,32,33,34,35,72,76,78,83,87,104,105" hai3="6,7,47,50,52,61,65,71,73,79,81,86,92" /><INIT seed="1,1,2,5,4,95" ten="320,348,194,118" oya="1" hai0="72,1,92,131,98,65,102,88,109,133,14,122,8" hai1="103,15,49,2,113,132,36,27,41,67,115,7,61" hai2="127,58,78,99,40,116,46,94,60,89,52,22,74" hai3="11,43,28,29,111,86,69,121,76,101,42,31,119"/><U124/><E15/><V24/><F127/><W38/><G121/><T9/><D109/><U64/><E49/><V30/><F116/><W70/><G111/><T73/><D131/><U13/><E13/><V96/><F74/><W53/><G119/><T19/><D133/><U71/><E124/><V114/><F78/><W106/><G11/><T81/><D65/><U34/><E67/><V33/><F114/><W125/><G125/><T25/><D25/><U84/><E84/><V118/><F118/><W117/><G117/><T6/><D122/><U82/><E82/><V54/><F33/><W39/><G53/><T26/><D26/><U10/><E103/><V87/><F54/><W4/><G4/><T50/><D50/><AGARI ba="1,2" hai="22,24,30,40,46,50,52,58,60,87,89,94,96,99" machi="50" ten="30,8000,1" yaku="7,1,8,1,52,2,54,1" doraHai="95" who="2" fromWho="0" sc="320,-83,348,0,194,103,118,0" /><INIT seed="2,0,0,1,1,111" ten="237,348,297,118" oya="2" hai0="109,114,44,116,26,134,126,24,130,73,85,60,16" hai1="125,58,135,124,59,34,71,113,55,8,51,67,63" hai2="107,6,133,33,13,112,78,97,76,37,62,75,122" hai3="92,12,89,52,82,132,72,42,80,17,77,23,70"/><V25/><F122/><W20/><G132/><T47/><D73/><U110/><E34/><V65/><F133/><W27/><G70/><T94/><D109/><U18/><E18/><V123/><F37/><W54/><G42/><T53/><D134/><U36/><E8/><V45/><F45/><W83/><G77/><T108/><D108/><U28/><E28/><N who="2" m="19599" /><F75/><W68/><G68/><T2/><D2/><U99/><E135/><V40/><F40/><W118/><G118/><T10/><D130/><U90/><E110/><V61/><F61/><W91/><G72/><T57/><D126/><N who="1" m="48747" /><E36/><V127/><F123/><W121/><G121/><T0/><D0/><U4/><E4/><V66/><F66/><W79/><G79/><T31/><D31/><U56/><E113/><V64/><F64/><W106/><G106/><T115/><D116/><U7/><E7/><V30/><F30/><W96/><REACH who="3" step="1"/><G91/><REACH who="3" ten="237,348,297,108" step="2"/><N who="0" m="53615" /><D115/><U32/><E32/><V48/><F112/><W22/><G22/><T5/><D114/><U129/><E129/><V120/><F127/><W88/><G88/><T14/><D5/><U69/><E69/><N who="2" m="42167" /><F120/><W95/><G95/><AGARI ba="0,1" hai="51,55,56,58,59,63,67,71,90,95,99" m="48747" machi="95" ten="30,1000,0" yaku="18,1" doraHai="111" who="1" fromWho="3" sc="237,0,348,20,297,0,108,-10" /><INIT seed="3,0,0,1,0,115" ten="237,368,297,98" oya="3" hai0="29,133,119,129,38,90,46,122,21,40,98,101,50" hai1="18,72,1,5,113,14,4,47,83,94,66,125,127" hai2="111,97,79,82,112,103,63,52,31,34,123,124,19" hai3="93,59,110,61,128,2,8,86,76,24,54,106,77"/><W51/><G128/><T105/><D129/><U48/><E113/><V7/><F112/><W25/><G106/><T104/><D133/><U126/><E1/><V60/><F111/><W43/><G110/><T132/><D132/><U62/><E94/><V39/><F124/><W81/><G76/><T32/><D105/><U91/><E91/><V28/><F39/><W23/><G2/><T107/><D104/><U30/><E30/><V26/><F31/><W3/><G3/><T45/><D32/><U96/><E96/><V116/><F7/><W55/><G8/><T120/><D90/><U95/><E95/><V134/><F19/><W89/><G43/><T58/><D58/><N who="1" m="37207" /><E83/><V68/><F123/><W0/><G0/><T33/><D33/><U37/><E72/><V73/><F97/><W87/><REACH who="3" step="1"/><G23/><REACH who="3" ten="237,368,297,88" step="2"/><T69/><D107/><U131/><E127/><V42/><F42/><W53/><G53/><T92/><D21/><U35/><E126/><V75/><F52/><W22/><G22/><T99/><D120/><U88/><E125/><V74/><F79/><W114/><G114/><T15/><D122/><U36/><E131/><V70/><F134/><W117/><G117/><T109/><D119/><U13/><E35/><V57/><F116/><W64/><G64/><T12/><D40/><U130/><E130/><V17/><F34/><W16/><G16/><T135/><D109/><U6/><E18/><V44/><F17/><W118/><G118/><T56/><D135/><U100/><E4/><V9/><F9/><W41/><G41/><T20/><D20/><U27/><E5/><RYUUKYOKU ba="0,1" sc="237,-10,368,-10,297,-10,88,30" hai3="24,25,51,54,55,59,61,77,81,86,87,89,93" /><INIT seed="3,1,1,0,0,24" ten="227,358,287,118" oya="3" hai0="71,134,78,28,128,54,47,13,9,82,49,115,53" hai1="6,113,56,12,11,130,121,105,35,55,57,68,80" hai2="114,60,38,21,91,27,73,96,76,15,94,26,43" hai3="84,67,126,92,51,3,97,10,7,119,101,104,41"/><W69/><G119/><T122/><D122/><U14/><E121/><V1/><F114/><W66/><G126/><T64/><D115/><U0/><E113/><V109/><F1/><W20/><G69/><T112/><D112/><U34/><E68/><V61/><F109/><W2/><G2/><T48/><D128/><U108/><E105/><V77/><F38/><W118/><G118/><T88/><D134/><U8/><E108/><V98/><F43/><W37/><G37/><T123/><D123/><U120/><E120/><V58/><F98/><W89/><REACH who="3" step="1"/><G20/><REACH who="3" ten="227,358,287,108" step="2"/><T93/><D71/><U127/><E0/><V90/><F21/><W23/><G23/><T135/><D135/><U30/><E127/><V17/><F61/><W106/><G106/><T50/><D9/><U46/><E8/><V74/><F60/><W83/><G83/><T44/><D82/><U75/><E80/><V29/><F74/><W103/><G103/><T22/><D22/><U99/><E75/><V124/><F73/><W117/><G117/><T132/><D132/><U133/><E133/><V42/><F124/><W18/><G18/><T5/><D5/><U31/><E11/><V102/><F17/><W95/><G95/><T107/><D93/><U86/><E6/><V131/><F102/><W40/><G40/><T36/><D36/><U32/><E32/><V19/><F42/><W85/><G85/><T52/><D107/><U87/><E35/><V125/><F94/><W39/><G39/><T100/><D100/><U110/><E34/><V59/><F125/><W62/><G62/><T70/><D70/><RYUUKYOKU ba="1,2" sc="227,-10,358,-10,287,-10,108,30" hai3="3,7,10,41,51,66,67,84,89,92,97,101,104" /><INIT seed="3,2,2,3,3,24" ten="217,348,277,138" oya="3" hai0="26,3,38,119,58,97,22,41,126,23,110,47,81" hai1="133,105,85,64,100,35,108,74,48,135,111,123,116" hai2="45,27,78,131,44,104,77,16,62,1,20,86,88" hai3="94,69,13,118,46,65,32,4,71,51,134,79,109"/><W6/><G118/><T101/><D110/><N who="1" m="42027" /><E74/><V19/><F104/><W7/><G109/><T63/><D126/><U95/><E35/><V127/><F1/><W107/><G107/><T87/><D3/><U73/><E73/><V103/><F127/><W52/><G134/><N who="1" m="51210" /><E64/><V21/><F103/><W125/><G125/><T9/><D9/><U84/><E48/><V93/><F131/><W68/><G32/><T112/><D112/><U91/><E116/><V129/><F62/><W5/><G79/><N who="2" m="30217" /><F129/><W36/><G36/><T132/><D119/><U2/><E2/><V43/><F43/><W121/><G121/><T14/><D41/><U0/><E0/><V11/><F11/><W57/><N who="3" m="1024" /><DORA hai="96" /><W92/><REACH who="3" step="1"/><G13/><AGARI ba="2,2" hai="13,16,19,20,21,27,44,45,86,88,93" m="30217" machi="13" ten="30,3900,0" yaku="8,1,54,2" doraHai="24,96" who="2" fromWho="3" sc="217,0,348,0,277,65,138,-45" /><INIT seed="4,0,0,5,0,34" ten="217,348,342,93" oya="0" hai0="42,31,126,24,87,128,103,43,16,15,8,65,30" hai1="125,7,27,130,124,105,117,3,96,12,22,89,58" hai2="93,61,101,135,55,100,106,63,53,119,51,46,134" hai3="133,115,44,36,50,102,47,122,60,92,81,19,45"/><T68/><D128/><U104/><E117/><V120/><F106/><W21/><G133/><N who="2" m="50697" /><F120/><W56/><G122/><T72/><D126/><N who="1" m="48747" /><E12/><V108/><F108/><W82/><G36/><T0/><D72/><U116/><E116/><V94/><F119/><W98/><G50/><T41/><D103/><N who="2" m="39498" /><F55/><W73/><G73/><T91/><D24/><U49/><E130/><V52/><F53/><W64/><REACH who="3" step="1"/><G115/><REACH who="3" ten="217,348,342,83" step="2"/><T5/><D68/><U11/><E49/><V123/><F123/><W62/><G62/><AGARI ba="0,1" hai="46,51,52,61,62,63,93,94" m="39498,50697" machi="62" ten="30,2000,0" yaku="20,1,54,1" doraHai="34" who="2" fromWho="3" sc="217,0,348,0,342,30,83,-20" /><INIT seed="5,0,0,1,4,91" ten="217,348,372,63" oya="1" hai0="34,131,85,26,110,29,125,22,120,64,86,90,1" hai1="48,44,41,8,49,50,19,63,78,36,38,82,18" hai2="6,17,73,37,12,95,113,13,126,101,40,98,105" hai3="2,133,94,74,127,84,53,20,43,47,92,66,100"/><U102/><E102/><V39/><F73/><W33/><G74/><T81/><D110/><U45/><E63/><V128/><F128/><W96/><G33/><T9/><D131/><U118/><E118/><V121/><F121/><W103/><G2/><T130/><D125/><U115/><E115/><V135/><F135/><W79/><G133/><T124/><D124/><U132/><E132/><V24/><F126/><W97/><G127/><T114/><D114/><U56/><E56/><V30/><F105/><W21/><G66/><T23/><D130/><U123/><E123/><V32/><F113/><W16/><G53/><T28/><D64/><U117/><E8/><V93/><F40/><W116/><G116/><T76/><D29/><U122/><E117/><V83/><F83/><W71/><G71/><T87/><D87/><U80/><E122/><V107/><F37/><N who="1" m="14441" /><E78/><V51/><F39/><W10/><G43/><T68/><D68/><U108/><E41/><V58/><F6/><W72/><G47/><N who="1" m="17994" /><E108/><V52/><F12/><N who="3" m="7191" /><G72/><T89/><D76/><U46/><N who="1" m="18002" /><U61/><DORA hai="4" /><E61/><V42/><F42/><W3/><G3/><T57/><D120/><U54/><E54/><V67/><F67/><W15/><G15/><T88/><D57/><U31/><E31/><V25/><F24/><W27/><G27/><T55/><D55/><U75/><E75/><V14/><F13/><W112/><G112/><T109/><D109/><U11/><E11/><AGARI ba="0,0" hai="11,14,17,25,30,32,51,52,58,93,95,98,101,107" machi="11" ten="30,8000,1" yaku="7,1,52,3,54,1" doraHai="91,4" who="2" fromWho="1" sc="217,0,348,-80,372,80,63,0" /><INIT seed="6,0,0,3,0,88" ten="217,268,452,63" oya="2" hai0="96,73,105,106,16,52,81,129,83,117,80,71,21" hai1="89,78,87,45,115,32,98,14,86,61,91,23,120" hai2="38,56,93,101,26,134,59,33,116,48,41,50,2" hai3="20,108,53,58,113,4,119,72,135,17,132,111,70"/><V114/><F116/><W44/><G72/><T15/><D71/><U18/><E32/><V55/><F2/><W128/><G4/><T107/><D117/><U69/><E115/><V57/><F114/><W8/><G119/><T123/><D123/><U66/><E120/><V46/><F134/><W25/><G70/><T63/><D129/><U68/><E68/><V37/><F93/><W100/><G128/><T92/><D73/><U3/><E3/><V43/><F101/><W104/><G44/><T12/><D12/><U54/><E78/><V97/><F97/><W102/><G104/><T84/><D84/><U112/><E112/><V19/><F19/><W22/><G113/><T60/><REACH who="0" step="1"/><D52/><REACH who="0" ten="207,268,452,63" step="2"/><U9/><E54/><V125/><F55/><W65/><G53/><T28/><D28/><U133/><E87/><V24/><F57/><W130/><G130/><T49/><D49/><U51/><E86/><V10/><F50/><W30/><G30/><T118/><D118/><U127/><E51/><V62/><F48/><W39/><G58/><T35/><D35/><U99/><E69/><V13/><F56/><W90/><G39/><T42/><D42/><U82/><E66/><V5/><F33/><W27/><G65/><T109/><D109/><U67/><E67/><V85/><F41/><W126/><G111/><T40/><D40/><U11/><E61/><V121/><F85/><W95/><G108/><T94/><D94/><U0/><E82/><V76/><F38/><W79/><G95/><T31/><D31/><U29/><E29/><V77/><F37/><W36/><G36/><RYUUKYOKU ba="0,1" sc="207,30,268,-10,452,-10,63,-10" hai0="15,16,21,60,63,80,81,83,92,96,105,106,107" /><INIT seed="7,1,1,2,4,117" ten="237,258,442,53" oya="3" hai0="91,19,125,116,78,113,1,97,111,122,103,5,31" hai1="16,40,17,81,26,95,45,50,107,66,102,10,7" hai2="36,32,100,55,74,106,75,14,130,0,118,58,88" hai3="131,23,83,65,21,59,11,89,41,35,2,8,120"/><W64/><G35/><T6/><D111/><U79/><E107/><V54/><F58/><W4/><G131/><T121/><D78/><U60/><E102/><V68/><F14/><W46/><G120/><N who="0" m="46187" /><D91/><U43/><E95/><V104/><F88/><W96/><G11/><N who="0" m="2479" /><D97/><U129/><E26/><V37/><F100/><W30/><G30/><T127/><D103/><U9/><E43/><V13/><F54/><W33/><G33/><T51/><D51/><U84/><E129/><V85/><F55/><W112/><G112/><T99/><D99/><U39/><E39/><V12/><F85/><W92/><G83/><T93/><D93/><U24/><E24/><V108/><F104/><W25/><G25/><T133/><D31/><U67/><E67/><V82/><F106/><W86/><G96/><T3/><D113/><U115/><E115/><V76/><F37/><W29/><G29/><T80/><D80/><U44/><E44/><V77/><F36/><W134/><G134/><T90/><D90/><U49/><E49/><V110/><F82/><W52/><G65/><T69/><D69/><U42/><E42/><V119/><F68/><W27/><G64/><T15/><D133/><U71/><E10/><V109/><F109/><W28/><G28/><T56/><D56/><U128/><E128/><V20/><F130/><W38/><REACH who="3" step="1"/><G27/><REACH who="3" ten="237,258,442,43" step="2"/><T135/><D135/><U47/><E66/><V53/><F110/><W114/><G114/><T70/><D70/><U63/><E71/><V48/><F108/><W132/><G132/><T126/><D126/><U22/><E81/><V94/><F76/><RYUUKYOKU ba="1,2" sc="237,-10,258,-10,442,-10,43,30" hai3="2,4,8,21,23,38,41,46,52,59,86,89,92" /><INIT seed="7,2,2,5,3,71" ten="227,248,432,73" oya="3" hai0="27,115,107,9,98,97,25,35,21,44,65,124,110" hai1="56,117,120,111,2,113,129,80,102,132,39,34,26" hai2="10,86,0,82,14,32,11,15,116,59,4,134,125" hai3="131,46,72,42,114,1,62,31,83,70,100,5,101"/><W60/><G114/><T33/><D110/><U23/><RYUUKYOKU type="yao9" ba="2,2" sc="227,0,248,0,432,0,73,0" hai1="2,23,26,34,39,56,80,102,111,113,117,120,129,132" /><INIT seed="7,3,2,1,1,131" ten="227,248,432,73" oya="3" hai0="64,39,77,87,102,43,132,93,25,52,29,8,106" hai1="111,68,53,54,119,83,101,86,66,65,41,45,10" hai2="105,78,96,38,70,125,98,32,97,31,122,123,18" hai3="116,22,69,99,47,33,60,62,59,107,40,81,50"/><W120/><G116/><T46/><D106/><U17/><E111/><V61/><F38/><W118/><G118/><T135/><D64/><U35/><E35/><V127/><F78/><W108/><G120/><N who="2" m="46121" /><F105/><W133/><G33/><T58/><D8/><U73/><E73/><V74/><F74/><W104/><G69/><T36/><D36/><U4/><E101/><V80/><F80/><W112/><G108/><T92/><D77/><N who="1" m="46447" /><E4/><V85/><F85/><W44/><G112/><T124/><D124/><U9/><E68/><V7/><F18/><W34/><G34/><N who="0" m="20783" /><D87/><U6/><E6/><V76/><F76/><W114/><G114/><T57/><D102/><U88/><E88/><V19/><F19/><W27/><G81/><T16/><D16/><U14/><E9/><V100/><F7/><W42/><G133/><N who="0" m="51275" /><D58/><U55/><E119/><V5/><F100/><W11/><G11/><T21/><D21/><U82/><E82/><V3/><F5/><W49/><G99/><T128/><D128/><U13/><E13/><V110/><F110/><W129/><G129/><T28/><D28/><U63/><E63/><AGARI ba="3,2" hai="39,43,46,52,57,63,92,93" m="51275,20783" machi="63" ten="30,8000,1" yaku="20,1,52,3,54,1" doraHai="131" who="0" fromWho="1" sc="227,109,248,-89,432,0,73,0" owari="336,13.6,159,-24.1,432,53.2,73,-42.7" /></mjloggm>