<mjloggm ver="2.3"><GO type="169" lobby="0"/><UN n0="%E6%A8%99" n1="%E2%80%A0%E7%99%BD%E5%85%8E%E2%80%A0" n2="%6F%6B%62%6F%6B%62" n3="%73%61%6B%6F%EF%BC%A0%E6%9C%80" dan="16,17,17,16" rate="2146.65,2212.23,2191.00,2159.89" sx="M,M,M,M"/><TAIKYOKU oya="0"/><INIT seed="0,0,0,2,1,70" ten="250,250,250,250" oya="0" hai0="109,45,77,41,67,57,15,32,27,52,84,87,95" hai1="54,68,21,2,71,66,73,103,127,22,58,106,91" hai2="35,114,110,125,64,130,75,94,37,124,0,28,25" hai3="69,53,90,18,31,3,42,118,48,39,85,111,133"/><T17/><D109/><U131/><E2/><V40/><F114/><W123/><G118/><T36/><D67/><U88/><E73/><V81/><F94/><W122/><G69/><T44/><D44/><U92/><E131/><V72/><F130/><W24/><G3/><T121/><D121/><N who="3" m="46089" /><G111/><T65/><D65/><U1/><E1/><V96/><F96/><W7/><G133/><T79/><D32/><U134/><E127/><V8/><F64/><W30/><G7/><T104/><D104/><U50/><E134/><V100/><F100/><W59/><G18/><T93/><D27/><U120/><E120/><V38/><F40/><W82/><G24/><T56/><D56/><U97/><E91/><V99/><F99/><W117/><G117/><T119/><D119/><U13/><E13/><V105/><F105/><W129/><G129/><T108/><D108/><U4/><E4/><N who="2" m="1031" /><F110/><W107/><G107/><T115/><D115/><U74/><E71/><V14/><F14/><W80/><G80/><T49/><D79/><U12/><E12/><V55/><F55/><W10/><G10/><T102/><D102/><U23/><E66/><V83/><F83/><W132/><G132/><T33/><D33/><U6/><E6/><V116/><F116/><W47/><AGARI ba="0,0" hai="30,31,39,42,47,48,53,59,82,85,90" m="46089" machi="47" ten="30,2000,0" yaku="13,1,52,1" doraHai="70" who="3" fromWho="3" sc="250,-10,250,-5,250,-5,250,20" /><INIT seed="1,0,0,1,1,111" ten="240,245,245,270" oya="1" hai0="128,89,41,82,110,60,122,85,44,12,108,116,79" hai1="74,84,4,57,1,36,78,126,15,16,50,115,67" hai2="5,38,134,52,133,61,105,3,25,121,119,33,69" hai3="94,76,92,72,0,83,73,20,88,46,130,18,21"/><U30/><E36/><V64/><F121/><W23/><G0/><T98/><D116/><U7/><E126/><V99/><F119/><W26/><G130/><T103/><D128/><U123/><E123/><V104/><F52/><W129/><G129/><T62/><D122/><U117/><E74/><V86/><F86/><W49/><G73/><T90/><D12/><U47/><E30/><N who="2" m="19663" /><F38/><W75/><G75/><T127/><D127/><U32/><E32/><V24/><F24/><W109/><G94/><N who="0" m="58839" /><D110/><U107/><E107/><V19/><F19/><W68/><G68/><T31/><D31/><U70/><E70/><V114/><F114/><W34/><G34/><T93/><D108/><U71/><E71/><V54/><F54/><W37/><G37/><T77/><D41/><N who="1" m="24943" /><E115/><V28/><F28/><W113/><G113/><T48/><D48/><U10/><E1/><V35/><F35/><W132/><G132/><N who="2" m="50793" /><F99/><W106/><G109/><T80/><D44/><U22/><E22/><V58/><F58/><W102/><G46/><T65/><D65/><U87/><E117/><V118/><F118/><W42/><G49/><T8/><D8/><AGARI ba="0,0" hai="3,5,8,61,64,69,104,105" m="50793,19663" machi="8" ten="30,2000,0" yaku="20,1,23,1" doraHai="111" who="2" fromWho="0" sc="240,-20,245,0,245,20,270,0" /><INIT seed="2,0,0,3,3,75" ten="220,245,265,270" oya="2" hai0="119,109,53,86,13,12,56,117,114,38,132,46,91" hai1="126,69,42,59,70,129,34,124,102,25,105,74,39" hai2="2,79,97,44,7,99,67,92,55,49,122,134,14" hai3="60,118,58,98,123,131,77,0,62,116,18,71,85"/><V11/><F134/><W51/><G0/><T112/><D12/><U16/><E129/><V40/><F122/><W21/><G123/><T81/><D13/><U57/><E74/><V19/><F67/><W133/><G133/><T22/><D22/><N who="1" m="13511" /><E34/><V32/><F32/><W50/><G131/><T1/><D1/><U80/><E80/><V93/><F40/><W130/><G130/><T4/><D4/><U95/><E95/><V115/><F115/><W8/><G98/><T66/><D66/><U15/><E15/><V54/><F54/><W47/><G8/><T113/><D132/><U72/><E72/><V26/><F26/><W28/><G28/><T36/><D109/><U87/><E87/><V63/><F63/><W48/><G71/><T127/><D127/><N who="1" m="48683" /><E42/><V45/><F45/><W76/><G47/><T43/><REACH who="0" step="1"/><D38/><REACH who="0" ten="210,245,265,270" step="2"/><U41/><E70/><V100/><F2/><W125/><G125/><T10/><D10/><U135/><E69/><V24/><F7/><W29/><G118/><T106/><D106/><U111/><E111/><V3/><F3/><W90/><G116/><T120/><D120/><U103/><E105/><V89/><F24/><W83/><G21/><T27/><D27/><U17/><E135/><V104/><F104/><W108/><G108/><T35/><D35/><U84/><E39/><V68/><F68/><W128/><G128/><T88/><D88/><U121/><E121/><V110/><F110/><W31/><G18/><T82/><D82/><U23/><E17/><V9/><F9/><W64/><G60/><AGARI ba="0,1" hai="36,43,46,53,56,60,81,86,91,112,113,114,117,119" machi="60" ten="40,1300,0" yaku="1,1,53,0" doraHai="75" doraHaiUra="107" who="0" fromWho="3" sc="210,23,245,0,265,0,270,-13" /><INIT seed="3,0,0,3,0,71" ten="233,245,265,257" oya="3" hai0="26,108,73,22,55,6,34,95,120,99,49,98,25" hai1="131,103,101,92,58,75,9,126,130,61,32,102,76" hai2="41,37,109,50,16,27,86,8,5,1,85,115,123" hai3="52,91,43,77,105,29,128,21,33,0,31,125,119"/><W107/><G119/><T106/><D120/><U47/><E32/><V12/><F109/><W117/><G117/><T127/><D108/><U80/><E9/><V59/><F115/><W57/><G33/><T100/><D127/><U3/><E3/><V51/><F123/><W67/><G0/><T30/><D73/><U88/><E47/><V56/><F27/><W79/><G67/><T135/><D135/><U116/><E116/><V48/><F56/><W65/><G65/><T78/><D78/><U45/><E45/><V129/><F129/><N who="1" m="49161" /><E58/><V64/><F37/><W68/><G68/><T2/><D2/><U35/><E61/><V90/><F41/><W111/><G128/><T20/><D6/><U62/><E62/><V36/><F36/><W124/><G43/><T10/><D10/><U94/><E35/><V110/><F110/><W112/><G57/><T54/><D34/><U134/><E134/><V18/><F1/><W14/><G111/><T13/><D13/><U46/><E46/><V28/><F28/><W83/><G14/><T15/><D15/><U66/><E66/><V89/><F64/><W121/><G121/><T93/><D49/><U74/><E126/><V97/><F59/><W69/><G124/><T39/><D106/><U17/><E17/><N who="2" m="6763" /><F90/><W81/><G91/><N who="0" m="55807" /><D39/><U24/><E24/><V23/><F23/><W19/><G21/><T122/><D122/><U7/><E7/><V44/><F44/><W104/><G125/><T40/><D40/><U84/><E74/><V63/><F63/><W87/><G112/><T132/><D132/><U53/><E94/><AGARI ba="0,0" hai="5,8,12,48,50,51,85,86,89,94,97" m="6763" machi="94" ten="30,3900,0" yaku="6,1,8,1,54,1" doraHai="71" who="2" fromWho="1" sc="233,0,245,-39,265,39,257,0" /><INIT seed="4,0,0,0,1,132" ten="233,206,304,257" oya="0" hai0="68,89,45,50,36,28,115,98,56,10,116,109,76" hai1="14,25,80,88,119,48,67,49,53,18,81,8,6" hai2="124,101,0,99,46,16,87,39,60,33,5,4,127" hai3="121,100,129,21,42,58,84,7,133,13,38,134,27"/><T91/><D116/><U117/><E67/><V30/><F0/><W72/><G72/><T108/><D68/><U112/><E112/><V19/><F30/><W82/><G129/><T66/><D36/><U135/><E135/><N who="3" m="51722" /><G121/><T106/><D76/><U122/><E122/><V34/><F60/><W40/><G100/><T64/><D10/><U47/><E119/><V107/><F87/><W57/><G13/><T26/><D115/><U125/><E125/><N who="2" m="48203" /><F19/><N who="3" m="12735" /><G7/><N who="2" m="2633" /><F16/><W79/><G38/><T104/><D56/><AGARI ba="0,0" hai="40,42,56,57,58,79,82,84" m="12735,51722" machi="56" ten="30,1000,0" yaku="20,1" doraHai="132" who="3" fromWho="0" sc="233,-10,206,0,304,0,257,10" /><INIT seed="5,0,0,2,1,22" ten="223,206,304,267" oya="1" hai0="28,23,43,41,40,31,35,93,127,63,33,81,129" hai1="69,12,110,50,119,88,117,135,30,36,16,100,9" hai2="125,25,120,115,53,10,70,128,64,54,98,68,74" hai3="85,47,95,104,133,2,4,78,76,18,67,44,103"/><U26/><E36/><V60/><F120/><W75/><G67/><T55/><D129/><U42/><E69/><V114/><F74/><W94/><G4/><T21/><D127/><U130/><E100/><V48/><F125/><W73/><G2/><T32/><D81/><U46/><E130/><V6/><F98/><N who="3" m="61559" /><G18/><T71/><D93/><N who="3" m="35337" /><G44/><T13/><D13/><U112/><E112/><N who="2" m="43051" /><F70/><W121/><G47/><T123/><D123/><U80/><E135/><V0/><F128/><W34/><G34/><T20/><D55/><N who="2" m="21002" /><F48/><W15/><G15/><T96/><D96/><U131/><E110/><V65/><F65/><AGARI ba="0,0" hai="20,21,23,28,31,32,33,35,40,41,43,63,65,71" machi="65" ten="50,3200,0" yaku="29,2" doraHai="22" who="0" fromWho="2" sc="223,32,206,0,304,-32,267,0" /><INIT seed="6,0,0,5,0,120" ten="255,206,272,267" oya="2" hai0="15,66,81,73,57,84,53,38,44,0,19,131,8" hai1="86,18,32,62,48,9,67,125,124,95,112,132,54" hai2="108,89,35,51,110,45,13,41,134,83,107,29,102" hai3="100,69,40,59,31,88,114,30,42,127,115,91,105"/><V130/><F130/><W4/><G69/><T61/><D73/><U128/><E32/><V78/><F89/><N who="3" m="34379" /><G4/><T96/><D131/><U36/><E36/><N who="2" m="21671" /><F13/><W68/><G68/><T34/><D34/><U24/><E112/><N who="3" m="43050" /><G127/><T26/><D96/><U123/><E132/><V90/><F90/><W94/><G105/><T109/><D109/><N who="2" m="42090" /><F51/><W118/><G118/><T3/><D26/><U111/><E128/><V76/><F134/><W101/><G59/><T56/><D56/><U70/><E70/><V133/><F133/><W74/><G74/><T23/><D8/><U52/><E9/><V104/><F102/><N who="3" m="39531" /><G94/><T99/><D38/><U49/><E95/><V79/><F83/><W87/><G87/><T1/><D84/><U65/><E86/><V93/><F93/><W28/><AGARI ba="0,0" hai="28,30,31,40,42" m="39531,43050,34379" machi="28" ten="40,8000,1" yaku="28,2,15,1,11,1,54,1" doraHai="120" who="3" fromWho="3" sc="255,-20,206,-20,272,-40,267,80" /><INIT seed="7,0,0,4,2,101" ten="235,186,232,347" oya="3" hai0="34,5,25,1,31,44,51,95,91,18,103,26,106" hai1="100,65,135,107,78,112,30,39,92,86,13,84,124" hai2="28,55,32,121,7,53,22,108,49,20,64,87,9" hai3="36,97,133,23,50,128,52,73,2,3,104,94,85"/><W14/><G73/><T74/><D74/><U66/><E112/><V120/><F108/><W132/><G36/><T105/><D103/><U27/><E124/><V109/><F109/><W42/><G104/><T83/><D83/><U96/><E135/><N who="3" m="51786" /><G42/><T98/><D5/><U46/><E13/><N who="2" m="5311" /><F64/><W122/><G128/><T17/><D1/><U41/><E84/><V11/><F11/><W37/><G37/><T21/><D17/><U102/><E102/><V125/><F125/><W117/><G117/><T6/><D6/><U89/><REACH who="1" step="1"/><E78/><REACH who="1" ten="235,176,232,347" step="2"/><V38/><F87/><W54/><G85/><T47/><REACH who="0" step="1"/><D44/><REACH who="0" ten="225,176,232,347" step="2"/><U19/><E19/><V70/><F121/><W56/><G122/><T115/><D115/><U72/><E72/><V99/><F120/><W123/><G123/><T10/><D10/><U24/><E24/><V118/><F118/><W116/><G116/><T0/><D0/><U62/><E62/><V127/><F127/><W61/><G2/><T4/><D4/><U129/><E129/><V15/><F15/><W35/><G3/><T126/><D126/><U76/><E76/><V45/><F28/><W77/><G14/><T93/><D93/><U81/><E81/><V90/><F38/><W16/><G94/><T68/><D68/><U88/><E88/><V110/><F70/><W71/><G71/><T40/><AGARI ba="0,2" hai="18,21,25,26,31,34,40,47,51,91,95,98,105,106" machi="40" ten="20,8000,1" yaku="1,1,0,1,7,1,52,2,53,0" doraHai="101" doraHaiUra="114" who="0" fromWho="0" sc="225,100,176,-20,232,-20,347,-40" owari="325,42.5,156,-34.4,212,-18.8,307,10.7" /></mjloggm>