<mjloggm ver="2.3"><GO type="225" lobby="0"/><UN n0="%E9%A6%AC%E5%BC%95%E7%81%AB%33" n1="%E3%81%BF%E3%81%BF%E3%81%9A" n2="%E3%81%94%E3%83%BC%E3%81%A9%E3%82%93" n3="%E3%83%96%E3%83%83%E3%83%91%E3%82%AA%E3%83%96%E3%83%81%E3%82%AD%E3%83%B3" dan="16,17,16,16" rate="2118.40,2263.91,2112.87,2128.39" sx="M,M,M,M"/><TAIKYOKU oya="0"/><INIT seed="0,0,0,5,2,80" ten="250,250,250,250" oya="0" hai0="94,87,55,16,90,97,109,95,24,79,42,108,41" hai1="49,58,96,135,88,2,77,48,64,129,47,5,81" hai2="62,130,68,84,57,20,39,124,7,3,15,53,65" hai3="132,18,9,131,118,120,31,10,11,25,85,29,67"/><T14/><D24/><U37/><E129/><V110/><F130/><W112/><G131/><T19/><D55/><U98/><E135/><V128/><F128/><W119/><G67/><T43/><D79/><U23/><E37/><V8/><F110/><N who="0" m="42602" /><D14/><U34/><E34/><V36/><F124/><W1/><G112/><T104/><D104/><U52/><E2/><V30/><F3/><W121/><G1/><T105/><D105/><U61/><E5/><V93/><F30/><N who="3" m="11275" /><G132/><T133/><D133/><U113/><E113/><V122/><F20/><N who="3" m="13463" /><G85/><T0/><D0/><U83/><E23/><V63/><REACH who="2" step="1"/><F122/><AGARI ba="0,0" hai="9,10,11,118,119,120,121,122" m="13463,11275" machi="122" ten="30,3900,0" yaku="13,1,34,2" doraHai="80" who="3" fromWho="2" sc="250,0,250,0,250,-39,250,39" /><INIT seed="1,0,0,2,0,74" ten="250,250,211,289" oya="1" hai0="21,125,75,81,15,66,12,96,19,24,40,14,94" hai1="6,36,98,130,71,41,17,25,1,5,108,135,46" hai2="65,56,88,134,86,27,123,76,26,10,52,118,119" hai3="58,51,124,128,72,42,23,107,110,63,114,4,90"/><U102/><E130/><V31/><F123/><W43/><G114/><T79/><D125/><U99/><E71/><V59/><F134/><W77/><G107/><T2/><D2/><U106/><E135/><V34/><F65/><W111/><G124/><T64/><REACH who="0" step="1"/><D40/><REACH who="0" ten="240,250,211,289" step="2"/><U39/><E1/><V84/><F119/><W32/><G43/><T113/><D113/><U29/><E108/><V28/><F118/><W11/><G42/><T117/><D117/><U37/><E39/><V121/><F121/><W33/><G110/><T9/><D9/><U50/><E37/><V48/><F10/><W132/><G11/><T122/><D122/><U3/><E36/><V0/><F0/><W126/><G111/><T112/><D112/><U69/><E3/><V54/><F76/><W68/><G126/><T87/><D87/><U131/><E131/><V18/><F18/><W20/><G77/><T38/><D38/><U7/><E17/><V53/><F53/><W89/><G128/><T133/><D133/><U61/><E99/><V8/><F8/><W85/><G85/><T129/><D129/><U49/><E41/><V91/><F34/><W60/><G33/><T104/><D104/><U47/><E6/><V44/><F48/><N who="1" m="18537" /><E5/><V93/><F93/><W92/><G32/><T35/><D35/><N who="1" m="20911" /><E7/><V73/><F73/><W57/><G4/><T95/><D95/><U105/><E106/><V97/><F97/><W109/><G92/><T78/><D78/><U120/><E120/><V22/><F22/><W70/><G20/><T55/><D55/><U62/><E62/><V115/><F115/><RYUUKYOKU ba="0,1" sc="240,10,250,10,211,10,289,-30" hai0="12,14,15,19,21,24,64,66,75,79,81,94,96" hai1="46,47,61,69,98,102,105" hai2="26,27,28,31,44,52,54,56,59,84,86,88,91" /><INIT seed="1,1,1,4,2,21" ten="250,260,221,259" oya="1" hai0="132,113,96,121,27,42,129,133,56,9,64,128,98" hai1="49,90,8,124,25,104,54,13,28,66,83,120,68" hai2="88,5,109,126,3,80,135,41,47,73,72,118,58" hai3="31,38,26,43,79,18,0,89,44,106,75,32,71"/><U76/><E120/><V117/><F109/><W17/><G71/><T7/><D113/><U23/><E124/><V130/><F126/><W93/><G106/><T39/><D121/><U105/><E90/><V52/><F135/><N who="0" m="51786" /><D27/><U103/><E66/><V33/><F33/><W2/><G79/><T134/><N who="0" m="51794" /><T131/><DORA hai="37" /><D42/><U78/><E68/><V94/><F130/><N who="0" m="33282" /><T19/><DORA hai="112" /><D19/><U53/><E78/><V92/><F117/><W16/><REACH who="3" step="1"/><G75/><REACH who="3" ten="250,260,221,249" step="2"/><T114/><D114/><U77/><E77/><V81/><F72/><W127/><G127/><T107/><D107/><U62/><E105/><V14/><F73/><W116/><G116/><T102/><D102/><U91/><E76/><V67/><F118/><W45/><G45/><T46/><D46/><N who="1" m="27831" /><E103/><V110/><F47/><W6/><G6/><T12/><D39/><U101/><E101/><V122/><F5/><W60/><G60/><AGARI ba="1,2" hai="7,9,12,56,60,64,96,98" m="33282,51794" machi="60" ten="60,3900,0" yaku="20,1,19,1" doraHai="21,37,112" who="0" fromWho="3" sc="250,62,260,0,221,0,249,-42" /><INIT seed="2,0,0,0,3,101" ten="312,260,221,207" oya="2" hai0="18,0,82,99,93,109,17,27,58,128,88,73,65" hai1="72,47,43,31,59,22,119,134,129,4,46,105,15" hai2="11,108,127,95,120,132,69,52,20,66,87,111,55" hai3="121,71,32,14,62,80,114,135,104,133,102,75,68"/><V40/><F120/><W117/><G117/><T86/><D109/><N who="2" m="42058" /><F132/><N who="3" m="50763" /><G121/><T96/><D128/><U74/><E129/><V41/><F127/><W10/><G32/><T7/><D0/><U70/><E72/><V39/><F39/><W34/><G34/><T110/><D7/><U6/><E74/><V12/><F20/><W112/><G75/><T126/><D126/><U24/><E70/><N who="3" m="26666" /><G80/><T35/><D110/><U92/><E22/><V123/><F123/><W19/><G62/><N who="0" m="38103" /><D73/><U23/><E23/><V116/><F116/><W98/><AGARI ba="0,0" hai="10,14,19,98,102,104,112,114" m="26666,50763" machi="98" ten="40,2700,0" yaku="20,1,52,1" doraHai="101" who="3" fromWho="3" sc="312,-7,260,-7,221,-13,207,27" /><INIT seed="3,0,0,0,0,40" ten="305,253,208,234" oya="3" hai0="101,134,43,47,31,88,33,16,52,104,124,6,85" hai1="3,68,106,114,46,60,65,20,112,57,87,78,130" hai2="55,0,23,63,42,73,110,54,132,82,80,99,26" hai3="100,17,56,41,8,5,116,22,103,48,35,95,90"/><W2/><G116/><T115/><D6/><U70/><E106/><V69/><F110/><W89/><G35/><T15/><D104/><U128/><E3/><V135/><F0/><W109/><G109/><T4/><D4/><U121/><E20/><V14/><F69/><N who="1" m="26729" /><E87/><V11/><F99/><W53/><G41/><T61/><D101/><U107/><E78/><V122/><F122/><W24/><REACH who="3" step="1"/><G90/><REACH who="3" ten="305,253,208,224" step="2"/><T120/><D120/><U10/><E121/><V111/><F111/><W97/><AGARI ba="0,1" hai="2,5,8,17,22,24,48,53,56,89,95,97,100,103" machi="97" ten="20,7800,0" yaku="1,1,2,1,0,1,7,1,53,0" doraHai="40" doraHaiUra="39" who="3" fromWho="3" sc="305,-26,253,-26,208,-26,224,88" owari="279,7.9,227,-17.3,182,-31.8,312,41.2" /></mjloggm>