<mjloggm ver="2.3"><GO type="169" lobby="0"/><UN n0="%45%7A%61%6B%69" n1="%70%61%6E%30%39%30%37" n2="%E3%83%AF%E3%82%BF%E3%82%B7%E3%81%8C%E9%A3%9B%E3%82%93%E3%81%A0%E6%97%A5" n3="%E5%A4%95%E5%87%AA" dan="16,17,16,17" rate="2123.84,2193.92,2117.60,2082.49" sx="M,M,M,M"/><TAIKYOKU oya="0"/><INIT seed="0,0,0,0,5,48" ten="250,250,250,250" oya="0" hai0="1,10,45,65,119,133,116,118,132,52,27,108,120" hai1="123,46,42,59,25,6,22,109,85,70,114,100,71" hai2="12,110,84,73,75,40,97,67,101,50,16,107,23" hai3="8,99,131,115,92,18,89,113,69,51,95,29,34"/><T64/><D120/><U35/><E123/><V79/><F110/><W49/><G69/><T31/><D108/><U11/><E35/><V129/><F129/><W15/><G131/><T63/><D10/><U3/><E109/><V0/><F0/><W91/><G34/><T82/><D1/><U62/><E114/><V66/><F84/><W93/><G29/><T98/><D82/><U86/><E100/><V122/><F122/><W121/><G121/><T17/><D17/><U130/><E130/><V94/><F94/><W7/><G95/><T88/><D98/><U83/><E86/><V5/><F5/><W41/><G115/><T124/><D88/><U77/><E46/><V57/><F79/><W21/><G41/><T55/><D27/><U102/><E42/><V61/><F67/><N who="0" m="25674" /><D31/><U96/><E22/><V78/><F78/><W26/><REACH who="3" step="1"/><G113/><REACH who="3" ten="250,250,250,240" step="2"/><T76/><D76/><U32/><E32/><V111/><F111/><W126/><G126/><T103/><D124/><U54/><REACH who="1" step="1"/><E25/><REACH who="1" ten="250,240,250,240" step="2"/><V39/><F107/><AGARI ba="0,2" hai="3,6,11,54,59,62,70,71,77,83,85,96,102,107" machi="107" ten="30,7700,0" yaku="1,1,2,1,7,1,52,1,53,0" doraHai="48" doraHaiUra="20" who="1" fromWho="2" sc="250,0,240,97,250,-77,240,0" /><INIT seed="1,0,0,0,3,28" ten="250,337,173,240" oya="1" hai0="26,79,116,105,94,132,35,8,134,45,57,130,111" hai1="42,104,51,72,13,24,115,128,129,0,112,109,126" hai2="49,102,121,63,67,46,37,7,41,32,33,56,74" hai3="5,110,99,124,97,114,64,83,120,122,107,117,68"/><U25/><E104/><V19/><F121/><W3/><G114/><N who="1" m="43562" /><E72/><V86/><F74/><W98/><G64/><T78/><D116/><U80/><E80/><V20/><F7/><W81/><G5/><T15/><D105/><U61/><E61/><V84/><F102/><W31/><G31/><N who="0" m="19959" /><D111/><U92/><E92/><V23/><F23/><W89/><G3/><T82/><D130/><N who="1" m="50283" /><E0/><V91/><F37/><W16/><G107/><T18/><D45/><N who="1" m="26039" /><E126/><V36/><F36/><W30/><G124/><T58/><D94/><U69/><E69/><V113/><F113/><W135/><G68/><T106/><D106/><U87/><E109/><V52/><F41/><W2/><G2/><T1/><D1/><U47/><E87/><V29/><F29/><W77/><G30/><T76/><D82/><U44/><E13/><V65/><F65/><W93/><G83/><T4/><D4/><U127/><E127/><V60/><F60/><W6/><G6/><T95/><D95/><U125/><E125/><V50/><F50/><W54/><G110/><T40/><D40/><U11/><E11/><V108/><F108/><W70/><G70/><T66/><D66/><U10/><E10/><V90/><F84/><W123/><G123/><T85/><D85/><U73/><E73/><V43/><F67/><W75/><G120/><T27/><D27/><AGARI ba="0,0" hai="24,25,27,44,47" m="26039,50283,43562" machi="27" ten="30,1500,0" yaku="19,1" doraHai="28" who="1" fromWho="0" sc="250,-15,337,15,173,0,240,0" /><INIT seed="1,1,0,4,1,92" ten="235,352,173,240" oya="1" hai0="31,39,103,77,46,120,91,15,126,123,45,127,50" hai1="47,86,67,64,28,3,74,80,36,35,66,81,93" hai2="9,53,132,128,18,104,109,19,6,23,135,95,134" hai3="59,16,83,117,78,30,131,79,124,33,113,108,118"/><U0/><E74/><V106/><F53/><W82/><G113/><T98/><D77/><U125/><E125/><N who="0" m="47625" /><D31/><U122/><E122/><N who="0" m="46633" /><D91/><U55/><E36/><V69/><F69/><W112/><G124/><T62/><D15/><U87/><E47/><V116/><F116/><W56/><G30/><T76/><D76/><U7/><E55/><V4/><F106/><W119/><G112/><T73/><D73/><U34/><E28/><V2/><F104/><W89/><G33/><N who="1" m="12298" /><E93/><V96/><F6/><W130/><G89/><T12/><D12/><U65/><E7/><V71/><F71/><W110/><REACH who="3" step="1"/><G118/><REACH who="3" ten="235,352,173,230" step="2"/><T107/><D39/><U49/><E0/><V43/><F2/><W22/><G22/><T105/><D105/><U13/><E3/><V32/><F23/><W84/><G84/><T90/><D90/><U29/><E29/><V121/><F32/><W57/><G57/><T99/><D99/><U44/><E86/><V17/><F121/><W129/><G129/><T63/><D46/><U101/><E87/><V97/><F128/><W38/><G38/><T70/><D70/><U8/><E44/><V25/><F96/><W52/><G52/><AGARI ba="1,1" hai="45,50,52,62,63,98,103,107" m="46633,47625" machi="52" ten="30,7700,0" yaku="18,1,13,1,52,1,54,1" doraHai="92" who="0" fromWho="3" sc="235,90,352,0,173,0,230,-80" /><INIT seed="2,0,0,0,0,82" ten="325,352,173,150" oya="2" hai0="39,117,73,86,18,17,101,116,5,106,84,45,134" hai1="0,25,124,127,78,51,47,121,8,65,69,3,58" hai2="89,123,10,97,94,44,119,63,14,28,95,88,12" hai3="114,80,23,50,30,99,111,40,133,112,60,107,125"/><V13/><F123/><W120/><G120/><T132/><D73/><U6/><E69/><V7/><F119/><N who="0" m="45642" /><D5/><U59/><E121/><V61/><F28/><W113/><G60/><T72/><D72/><U71/><E0/><V90/><F44/><W102/><G133/><N who="0" m="51307" /><D106/><U15/><E78/><V46/><F46/><N who="3" m="25927" /><G125/><T131/><D131/><U105/><E105/><V32/><F32/><W43/><G43/><N who="0" m="22783" /><D101/><U87/><E127/><V64/><F61/><W33/><G111/><T35/><D35/><U85/><E3/><V55/><F55/><W126/><G126/><T52/><D52/><N who="1" m="29823" /><E124/><V115/><F115/><W56/><G33/><T93/><D93/><U57/><E65/><V110/><F110/><W9/><G107/><T129/><D129/><U77/><E77/><V68/><REACH who="2" step="1"/><F90/><REACH who="2" ten="325,352,163,150" step="2"/><W66/><G114/><T70/><D70/><U36/><E71/><V2/><F2/><W48/><G113/><T26/><D26/><U54/><E36/><V20/><F20/><W122/><G23/><T38/><D38/><U22/><E54/><V16/><F16/><AGARI ba="0,1" hai="16,17,18,84,86" m="22783,51307,45642" machi="16" ten="30,8000,1" yaku="12,1,20,1,52,2,54,1" doraHai="82" who="0" fromWho="2" sc="325,90,352,0,163,-80,150,0" /><AGARI ba="0,0" hai="6,8,15,16,22,25,57,58,59,85,87" m="29823" machi="16" ten="30,8000,1" yaku="8,1,52,2,54,2" doraHai="82" who="1" fromWho="2" sc="415,0,352,80,83,-80,150,0" /><INIT seed="3,0,0,4,0,111" ten="415,432,3,150" oya="3" hai0="44,78,18,8,109,73,83,39,110,31,43,17,77" hai1="3,59,113,22,100,87,132,71,21,30,14,79,88" hai2="48,4,66,6,74,9,2,102,33,56,92,124,0" hai3="51,89,25,97,130,52,65,64,75,68,62,40,101"/><W36/><G130/><T5/><D31/><U38/><E113/><V13/><F74/><W114/><G75/><T23/><D78/><U47/><E71/><V76/><F33/><W12/><G65/><T53/><D53/><U45/><E3/><V61/><F0/><W20/><G12/><T127/><D127/><U95/><E38/><V70/><F124/><W104/><G89/><T15/><REACH who="0" step="1"/><D18/><REACH who="0" ten="405,432,3,150" step="2"/><N who="1" m="10455" /><E132/><V112/><F112/><W131/><G52/><T85/><D85/><U82/><E100/><V24/><F76/><W50/><G101/><T55/><D55/><U126/><E126/><V118/><F118/><W29/><G29/><T57/><D57/><U16/><E59/><V93/><F102/><W105/><G114/><T46/><D46/><U26/><E30/><V69/><F69/><W135/><G135/><T49/><D49/><U10/><E10/><V81/><F70/><W32/><G51/><T42/><D42/><U122/><E122/><V34/><F48/><W84/><G50/><T103/><D103/><U90/><E79/><V63/><F63/><W123/><G62/><T28/><D28/><U129/><E129/><V94/><F4/><W98/><G131/><T134/><D134/><U121/><E121/><V117/><F117/><W72/><G123/><T58/><D58/><U60/><E60/><V7/><F7/><W115/><G115/><T19/><D19/><U106/><E106/><V119/><F119/><W11/><G105/><T80/><D80/><U91/><E82/><V116/><F116/><W1/><G68/><T35/><D35/><U27/><E27/><AGARI ba="0,1" hai="5,8,15,17,23,27,39,43,44,73,77,83,109,110" machi="27" ten="40,2600,0" yaku="1,1,6,1,53,0" doraHai="111" doraHaiUra="128" who="0" fromWho="1" sc="405,36,432,-26,3,0,150,0" /><INIT seed="4,0,0,1,2,55" ten="441,406,3,150" oya="0" hai0="16,61,97,82,130,111,77,132,42,71,26,129,68" hai1="52,67,10,86,96,95,134,2,54,117,113,20,94" hai2="6,29,91,14,103,63,85,109,35,101,126,50,33" hai3="22,107,38,34,72,128,23,45,51,24,28,18,3"/><T30/><D132/><U105/><E117/><V49/><F109/><W110/><G107/><T11/><D111/><U27/><E134/><V48/><F35/><W69/><G51/><T84/><D42/><U73/><E73/><V112/><F33/><W47/><G18/><T21/><D97/><U25/><E105/><V100/><F126/><W98/><G24/><T74/><D74/><U5/><E67/><V106/><F106/><W121/><G23/><T59/><D11/><U1/><E113/><V89/><F112/><W90/><G22/><T60/><D30/><U115/><E115/><V70/><F29/><W56/><G47/><T17/><D17/><U66/><E66/><V4/><F89/><W75/><G90/><T124/><D124/><U114/><E114/><V104/><F104/><W44/><G44/><T9/><D9/><U40/><E40/><V81/><F70/><N who="0" m="26666" /><D59/><U87/><E20/><V127/><F127/><W36/><G45/><T37/><D37/><U93/><E96/><V41/><F41/><W46/><G98/><T0/><D0/><N who="1" m="107" /><E5/><N who="2" m="2155" /><F14/><W88/><G3/><T39/><D39/><U53/><E10/><V12/><F12/><W57/><G38/><T76/><D76/><U120/><E120/><V131/><F63/><W13/><G36/><T135/><D135/><U108/><E108/><V8/><F8/><W133/><G110/><T32/><D32/><U19/><E19/><V58/><F58/><N who="3" m="22635" /><G133/><T118/><D118/><U92/><N who="1" m="23552" /><DORA hai="15" /><U80/><E80/><V78/><F78/><W7/><G34/><T116/><D116/><U79/><E79/><RYUUKYOKU ba="0,0" sc="441,10,406,10,3,10,150,-30" hai0="16,21,26,60,61,77,82,84,129,130" hai1="25,27,52,53,54,86,87" hai2="48,49,50,81,85,91,100,101,103,131" /><INIT seed="4,1,0,5,0,107" ten="451,416,13,120" oya="0" hai0="22,95,10,3,94,89,14,100,77,49,2,102,33" hai1="43,63,108,47,35,87,26,0,104,40,122,56,25" hai2="69,103,57,44,21,6,70,120,105,123,127,90,24" hai3="19,50,135,11,81,59,79,8,17,114,112,73,64"/><T78/><D33/><U13/><E108/><V133/><F6/><W126/><G126/><T117/><D117/><U12/><E122/><V128/><F127/><W62/><G135/><T82/><D3/><U4/><E0/><V72/><F70/><W86/><G86/><N who="0" m="50391" /><D2/><U54/><E104/><V31/><F69/><W65/><G65/><T92/><D22/><U121/><E121/><V42/><F90/><W28/><G28/><T67/><D67/><U32/><E32/><V51/><F72/><W110/><G50/><T115/><D115/><N who="3" m="44073" /><G110/><T55/><D100/><U74/><E74/><V61/><F133/><W130/><G130/><T53/><D102/><U88/><E35/><V83/><F128/><W75/><G75/><T76/><D49/><N who="1" m="26855" /><E43/><V60/><F60/><W45/><G45/><T131/><D131/><U36/><E36/><V129/><F129/><W91/><G91/><T15/><D15/><N who="1" m="5707" /><E4/><AGARI ba="1,0" hai="4,10,14,53,55,76,77,78,92,94,95" m="50391" machi="4" ten="30,1500,0" yaku="8,1" doraHai="107" who="0" fromWho="1" sc="451,18,416,-18,13,0,120,0" /><INIT seed="4,2,0,4,4,94" ten="469,398,13,120" oya="0" hai0="83,97,108,55,21,122,61,79,29,64,85,23,88" hai1="65,1,5,9,70,125,91,130,87,60,33,124,11" hai2="135,46,129,116,119,25,43,82,15,71,115,56,118" hai3="24,48,132,104,38,110,120,89,20,41,128,53,113"/><T78/><D122/><U50/><E33/><V58/><F71/><W42/><G38/><T8/><D108/><U103/><E130/><V76/><F129/><W34/><G34/><T102/><D8/><U75/><E75/><V37/><F135/><W117/><G104/><T114/><D114/><U69/><E70/><V99/><F115/><W28/><G120/><T19/><D55/><U107/><E50/><V26/><F15/><W44/><G110/><T100/><D29/><U112/><E9/><V66/><F99/><W98/><G117/><T93/><D102/><U95/><REACH who="1" step="1"/><E112/><REACH who="1" ten="469,388,13,120" step="2"/><V63/><REACH who="2" step="1"/><F56/><REACH who="2" ten="469,388,3,120" step="2"/><W92/><G113/><T121/><D121/><U123/><E123/><V72/><AGARI ba="2,2" hai="25,26,37,43,46,58,63,66,72,76,82,116,118,119" machi="72" ten="30,8000,1" yaku="1,1,2,1,0,1,12,1,53,1" doraHai="94" doraHaiUra="54" who="2" fromWho="2" sc="469,-42,388,-22,3,106,120,-22" /><INIT seed="5,0,0,5,4,24" ten="427,366,109,98" oya="1" hai0="25,51,26,94,75,79,6,33,43,93,69,3,131" hai1="104,71,10,4,70,29,5,86,11,66,22,132,14" hai2="1,38,32,41,101,123,121,130,81,113,127,52,49" hai3="85,134,18,95,42,126,133,87,13,129,111,84,80"/><U64/><E104/><V92/><F1/><W135/><G111/><T61/><D131/><U78/><E132/><V16/><F130/><W124/><G129/><T39/><D51/><U45/><E45/><V67/><F32/><W103/><G42/><T8/><D69/><U34/><E34/><V97/><F127/><N who="3" m="48683" /><G13/><T27/><D33/><U56/><E56/><V120/><F67/><W83/><G18/><T108/><D61/><U48/><E48/><V47/><F113/><W77/><G77/><T90/><D90/><U128/><E128/><V21/><F81/><N who="3" m="31307" /><G103/><T106/><D106/><U118/><E118/><V62/><F62/><W54/><G54/><T89/><D89/><AGARI ba="0,0" hai="84,85,87,89,95,133,134,135" m="31307,48683" machi="89" ten="40,8000,1" yaku="20,1,18,1,34,2" doraHai="24" who="3" fromWho="0" sc="427,-80,366,0,109,0,98,80" /><INIT seed="6,0,0,4,2,5" ten="347,366,109,178" oya="2" hai0="70,89,127,83,86,33,25,11,13,81,119,95,39" hai1="1,30,26,4,58,42,80,122,20,10,115,99,49" hai2="8,53,90,133,102,84,85,74,27,64,15,87,75" hai3="134,3,98,32,94,69,91,62,17,97,67,56,132"/><V96/><F133/><N who="3" m="51307" /><G3/><T109/><D109/><U29/><E115/><V59/><F64/><W45/><G32/><T123/><D123/><U135/><E122/><V131/><F131/><W51/><G17/><T126/><D70/><U47/><E99/><V125/><F125/><N who="0" m="47626" /><D39/><U129/><E129/><V104/><F27/><W128/><G128/><T112/><D112/><U65/><E135/><V73/><F90/><W18/><G18/><N who="0" m="8511" /><D119/><U79/><E58/><V88/><F15/><W76/><G76/><T52/><D52/><U37/><E65/><V77/><F77/><W107/><G98/><T40/><D40/><U72/><E49/><V78/><F78/><W111/><G107/><T105/><D105/><U116/><E116/><V35/><F35/><W2/><G2/><T19/><D19/><AGARI ba="0,0" hai="1,4,10,19,20,26,29,30,37,42,47,72,79,80" machi="19" ten="30,7700,0" yaku="7,1,25,2,52,1" doraHai="5" who="1" fromWho="0" sc="347,-77,366,77,109,0,178,0" /><INIT seed="7,0,0,1,3,86" ten="270,443,109,178" oya="3" hai0="13,133,25,41,128,110,54,22,108,63,29,19,102" hai1="85,12,101,112,73,67,125,127,90,98,50,7,77" hai2="80,60,47,83,122,3,56,65,55,100,68,5,72" hai3="37,35,84,11,62,95,124,109,0,70,14,115,117"/><W46/><G117/><T123/><D123/><U8/><E112/><V10/><F122/><W118/><G118/><T18/><D133/><U96/><E67/><V120/><F120/><W9/><G115/><T24/><D128/><U31/><E31/><V17/><F100/><W88/><G35/><T97/><D41/><U33/><E33/><V45/><F17/><W107/><G107/><T129/><D129/><U40/><E101/><V134/><F134/><W119/><G119/><T39/><D39/><U49/><E73/><V28/><F28/><W105/><G105/><T89/><D89/><U121/><E121/><V23/><F23/><W2/><G11/><T81/><D81/><N who="1" m="47279" /><E98/><V126/><F126/><N who="1" m="48137" /><E40/><V44/><F72/><W66/><G109/><T131/><D131/><U132/><E132/><V103/><F103/><W1/><G124/><T61/><D61/><U79/><E79/><V21/><F65/><W53/><G37/><T91/><D91/><U135/><E135/><V111/><F111/><W99/><G99/><T71/><D19/><U20/><E20/><V36/><F36/><W42/><G42/><T34/><D13/><U116/><E116/><V51/><F68/><W92/><G0/><T57/><D71/><U58/><E58/><V16/><REACH who="2" step="1"/><F60/><REACH who="2" ten="270,443,99,178" step="2"/><W104/><G62/><T38/><D38/><U130/><E130/><V64/><F64/><W87/><G66/><T6/><D102/><U15/><E8/><V52/><F52/><W106/><G106/><T32/><D22/><U113/><E113/><V93/><F93/><W74/><G104/><T27/><D108/><RYUUKYOKU ba="0,1" sc="270,-10,443,-10,99,30,178,-10" hai2="3,5,10,16,21,44,45,47,51,55,56,80,83" owari="260,6.0,443,54.3,129,-37.1,168,-23.2" /></mjloggm>