<mjloggm ver="2.3"><GO type="169" lobby="0"/><UN n0="%73%61%69%63%68%61%6E%7A" n1="%E3%81%84%E3%81%A1%E3%82%8D%E3%83%BC%32%36%32%E6%AD%B3" n2="%E9%AB%AD%E9%AF%A8" n3="%E7%91%9E%E5%8E%9F%E3%83%B4%E3%82%A1%E3%82%AE%E3%83%8A" dan="17,16,16,16" rate="2183.22,2153.93,2154.20,2062.65" sx="M,M,M,M"/><TAIKYOKU oya="0"/><INIT seed="0,0,0,3,1,16" ten="250,250,250,250" oya="0" hai0="23,100,110,86,70,115,1,126,12,101,54,92,104" hai1="64,29,57,35,49,78,24,97,17,63,87,15,112" hai2="74,109,127,8,31,91,55,108,30,33,123,105,85" hai3="95,46,19,28,117,130,76,10,121,7,113,0,83"/><T22/><D1/><U73/><E112/><V36/><F123/><W56/><G113/><T102/><D115/><U82/><E97/><V2/><F74/><W88/><G117/><T132/><D104/><U34/><E34/><V27/><F105/><W131/><G121/><T3/><D3/><U53/><E73/><V134/><F36/><W120/><G28/><T65/><D132/><U71/><E15/><V6/><F127/><W72/><G120/><T84/><D126/><U94/><E17/><V25/><F55/><W68/><G68/><T61/><D110/><U122/><E94/><V62/><F62/><W90/><G56/><T21/><D92/><U32/><E32/><V39/><F39/><W38/><G19/><T98/><D98/><U14/><E14/><V67/><F67/><W11/><G11/><T37/><D37/><U133/><REACH who="1" step="1"/><E122/><REACH who="1" ten="250,240,250,250" step="2"/><V128/><F134/><AGARI ba="0,1" hai="24,29,35,49,53,57,63,64,71,78,82,87,133,134" machi="134" ten="40,5200,0" yaku="1,1,2,1,53,1" doraHai="16" doraHaiUra="59" who="1" fromWho="2" sc="250,0,240,62,250,-52,250,0" /><INIT seed="1,0,0,5,1,128" ten="250,302,198,250" oya="1" hai0="57,91,34,79,25,40,68,116,56,71,76,83,96" hai1="67,42,132,36,63,112,103,97,58,120,11,54,75" hai2="37,123,69,59,93,49,106,39,135,72,74,53,43" hai3="17,99,20,90,95,113,105,12,107,81,121,125,6"/><U16/><E120/><V64/><F106/><W2/><G121/><T31/><D116/><U82/><E112/><V26/><F123/><W33/><G33/><T98/><D40/><U129/><E129/><V126/><F26/><W102/><G113/><T48/><D91/><U85/><E75/><V109/><F93/><W62/><G125/><T50/><D25/><U30/><E30/><V65/><F74/><W111/><G111/><T88/><D88/><U32/><E32/><V13/><F13/><W7/><G2/><T100/><D34/><U84/><E36/><V66/><F72/><W78/><G62/><T55/><D55/><U35/><E42/><V94/><F94/><W3/><G3/><T122/><D122/><U119/><E119/><V134/><F126/><W89/><G89/><T131/><D131/><U80/><E35/><V23/><F23/><W117/><G107/><T9/><D9/><U0/><BYE who="0" /><E0/><V101/><F101/><W46/><G46/><T114/><D114/><U51/><E132/><N who="2" m="50731" /><F109/><W18/><G117/><T24/><D24/><U104/><E82/><UN n0="%73%61%69%63%68%61%6E%7A" /><V110/><F110/><W14/><G102/><T70/><D83/><U29/><E29/><V133/><N who="2" m="50739" /><V87/><DORA hai="4" /><F87/><N who="3" m="48567" /><G105/><T92/><D31/><U73/><E73/><V15/><F15/><W45/><G45/><T22/><D100/><U47/><E80/><V28/><F28/><W1/><G1/><T52/><D79/><U86/><E86/><V130/><F130/><W124/><G124/><T10/><D76/><U27/><E27/><V61/><F37/><W108/><G108/><RYUUKYOKU ba="0,0" sc="250,-30,302,10,198,10,250,10" hai1="11,16,47,51,54,58,63,67,84,85,97,103,104" hai2="39,43,49,53,59,61,64,65,66,69" hai3="6,7,12,14,17,18,20,90,95,99" /><INIT seed="1,1,0,2,3,54" ten="220,312,208,260" oya="1" hai0="80,47,32,5,97,19,52,121,23,111,94,73,116" hai1="71,126,87,120,96,64,100,18,119,57,16,134,44" hai2="99,70,20,128,0,105,63,131,51,49,112,17,86" hai3="28,48,8,83,22,35,135,85,53,42,29,125,101"/><U60/><E119/><V88/><F0/><W62/><G35/><T106/><D32/><U93/><E120/><V11/><F112/><W30/><G125/><T84/><D116/><U13/><E126/><V26/><F11/><W103/><G135/><T108/><D5/><U98/><E134/><V34/><F34/><W78/><G42/><T10/><D73/><U127/><E127/><V14/><F14/><W133/><G133/><T41/><D106/><U124/><E124/><V12/><F12/><W69/><G8/><T15/><D23/><U39/><E87/><V75/><F75/><W130/><G130/><N who="2" m="49705" /><F99/><W102/><G22/><T2/><D2/><U3/><E3/><V24/><F105/><W81/><G81/><T7/><D121/><U89/><E71/><V110/><F110/><W113/><G113/><T91/><D7/><U95/><REACH who="1" step="1"/><E13/><REACH who="1" ten="220,302,208,260" step="2"/><V61/><F26/><W79/><G69/><T118/><D118/><U123/><E123/><V43/><F70/><W1/><G1/><T59/><D84/><U33/><E33/><V50/><F43/><AGARI ba="1,1" hai="16,18,39,43,44,57,60,64,89,93,95,96,98,100" machi="43" ten="40,7700,0" yaku="1,1,52,1,54,1,53,0" doraHai="54" doraHaiUra="77" who="1" fromWho="2" sc="220,0,302,90,208,-80,260,0" /><INIT seed="1,2,0,1,0,22" ten="220,392,128,260" oya="1" hai0="116,14,130,97,84,128,122,79,38,25,0,102,120" hai1="36,58,103,1,64,109,74,92,75,20,16,106,7" hai2="135,27,101,54,33,61,118,72,30,104,132,6,43" hai3="70,21,100,133,68,114,96,45,71,15,57,66,67"/><U18/><E36/><V41/><F72/><W28/><G114/><T87/><D0/><U121/><E121/><N who="0" m="46697" /><D38/><U127/><E106/><V62/><F118/><W31/><G133/><N who="2" m="51273" /><F6/><W9/><G45/><T11/><D116/><U4/><E127/><V69/><F61/><W76/><G76/><T78/><D14/><U2/><E109/><V37/><F37/><W8/><G8/><T55/><D55/><U95/><E103/><V49/><F49/><W48/><G48/><T99/><D11/><U32/><E20/><V88/><F88/><W90/><G90/><T29/><D79/><U111/><E111/><V17/><F17/><W34/><G21/><N who="0" m="15535" /><D99/><U85/><E32/><V56/><F69/><W51/><G51/><T93/><D78/><U105/><E85/><AGARI ba="2,0" hai="84,85,87,93,97,102,128,130" m="15535,46697" machi="85" ten="30,2000,0" yaku="13,1,52,1" doraHai="22" who="0" fromWho="1" sc="220,26,392,-26,128,0,260,0" /><INIT seed="2,0,0,4,1,12" ten="246,366,128,260" oya="2" hai0="80,6,111,60,92,2,57,79,74,72,93,85,5" hai1="78,88,49,40,62,114,45,108,56,23,105,124,42" hai2="82,9,71,36,133,87,19,52,58,53,35,91,76" hai3="110,135,112,123,102,132,30,81,3,118,29,134,46"/><V130/><F71/><W24/><G118/><T65/><D111/><U84/><E108/><V77/><F35/><W59/><G110/><T73/><D2/><U129/><E114/><V4/><F36/><W67/><G123/><T43/><D43/><U20/><E105/><V127/><F130/><W51/><G3/><T116/><D116/><U14/><E124/><V94/><F127/><W69/><G69/><T83/><D83/><U68/><E129/><V119/><F133/><W66/><G112/><T104/><D104/><U100/><E100/><V0/><F119/><W107/><G30/><T131/><D131/><U34/><E34/><V113/><F113/><W117/><G117/><T98/><REACH who="0" step="1"/><D93/><REACH who="0" ten="236,366,128,260" step="2"/><U17/><E40/><V63/><F94/><W16/><G81/><T13/><D13/><U32/><E14/><V41/><F41/><W37/><G107/><T115/><D115/><U95/><E42/><V103/><F103/><AGARI ba="0,1" hai="5,6,57,60,65,72,73,74,79,80,85,92,98,103" machi="103" ten="40,2600,0" yaku="1,1,53,1" doraHai="12" doraHaiUra="55" who="0" fromWho="2" sc="236,36,366,0,128,-26,260,0" /><INIT seed="3,0,0,1,4,23" ten="272,366,102,260" oya="3" hai0="50,29,130,113,127,13,1,101,67,30,42,20,36" hai1="103,132,63,0,25,112,111,129,99,64,2,84,49" hai2="125,48,37,3,96,22,91,51,110,31,75,73,123" hai3="97,24,6,106,39,69,19,7,122,55,27,62,70"/><W120/><G39/><T102/><D1/><U40/><E112/><V71/><F3/><W4/><G19/><T53/><D113/><U59/><E111/><V16/><F110/><W105/><G55/><T90/><D127/><U87/><E132/><V18/><F37/><W128/><G128/><T104/><D130/><U85/><E129/><V47/><F125/><W60/><G6/><T126/><D126/><U68/><E68/><V78/><F71/><W65/><G97/><T108/><D108/><U32/><E40/><V92/><F123/><W5/><REACH who="3" step="1"/><G7/><REACH who="3" ten="272,366,102,250" step="2"/><T79/><D36/><U41/><E99/><V107/><F18/><W10/><G10/><T77/><D53/><U116/><E0/><V21/><F16/><W100/><G100/><T54/><D54/><U11/><E2/><V114/><F114/><W76/><G76/><T134/><D79/><U74/><E11/><V9/><F9/><W89/><G89/><T46/><D90/><U88/><E88/><V124/><F124/><W33/><G33/><T131/><D77/><U56/><E103/><V135/><F78/><W35/><G35/><T119/><D102/><U17/><E32/><V95/><F91/><W57/><G57/><T28/><D101/><U12/><E59/><V26/><F96/><W109/><G109/><T38/><D131/><U93/><E56/><V8/><F8/><W43/><G43/><T80/><D42/><U44/><E41/><V58/><F58/><W115/><G115/><T15/><D38/><U52/><E17/><V117/><F47/><W133/><G133/><T83/><D134/><RYUUKYOKU ba="0,1" sc="272,-10,366,-10,102,-10,250,30" hai3="4,5,24,27,60,62,65,69,70,105,106,120,122" /><INIT seed="3,1,1,4,1,27" ten="262,356,92,280" oya="3" hai0="37,135,45,15,17,74,20,98,49,92,2,73,128" hai1="23,55,112,22,7,101,63,95,109,80,56,104,106" hai2="31,10,36,90,34,64,105,85,50,24,120,130,0" hai3="60,96,35,9,97,29,67,52,117,68,107,115,87"/><W123/><G115/><T14/><D2/><U118/><E112/><V62/><F36/><W51/><G117/><T83/><D128/><U114/><E114/><V124/><F105/><W69/><G123/><T125/><D135/><U127/><E118/><V77/><F130/><W100/><G87/><T91/><D125/><U4/><E127/><V89/><F124/><W65/><G9/><T72/><D37/><U110/><E80/><V11/><F120/><W16/><G97/><T58/><D58/><U47/><E95/><V5/><F11/><W78/><G78/><T54/><REACH who="0" step="1"/><D15/><REACH who="0" ten="252,356,92,280" step="2"/><U57/><E57/><V94/><F50/><W75/><G69/><T28/><D28/><U81/><E56/><V79/><REACH who="2" step="1"/><F90/><REACH who="2" ten="252,356,82,280" step="2"/><W3/><G51/><T18/><D18/><U132/><E110/><V53/><F53/><W116/><G52/><T88/><D88/><U99/><E109/><V59/><AGARI ba="1,3" hai="0,5,10,24,31,34,59,62,64,77,79,85,89,94" machi="59" ten="20,8000,1" yaku="1,1,0,1,7,1,52,1,53,1" doraHai="27" doraHaiUra="6" who="2" fromWho="2" sc="252,-21,356,-21,82,113,280,-41" /><INIT seed="4,0,0,4,1,54" ten="231,335,195,239" oya="0" hai0="0,44,5,20,50,55,77,75,61,21,66,71,102" hai1="100,41,49,113,76,6,52,25,85,46,91,69,68" hai2="132,97,94,30,111,24,47,82,131,99,15,19,64" hai3="105,78,14,59,11,57,110,123,23,63,128,1,74"/><T9/><REACH who="0" step="1"/><D102/><REACH who="0" ten="221,335,195,239" step="2"/><U48/><E100/><V120/><F120/><W38/><G123/><T112/><D112/><U118/><E113/><V115/><F115/><W92/><G110/><T13/><D13/><U7/><E118/><V58/><F15/><W17/><G14/><T39/><D39/><U35/><E69/><V32/><F111/><W80/><G38/><T51/><D51/><U79/><E68/><V8/><F97/><W60/><G1/><T62/><D62/><U103/><E103/><V114/><F99/><W134/><G63/><T88/><D88/><U29/><E76/><V133/><F114/><W45/><G60/><T43/><D43/><U86/><E79/><V126/><F132/><W67/><G78/><T108/><D108/><U37/><E37/><V81/><F133/><W127/><G134/><T89/><D89/><U101/><E101/><V117/><F117/><W10/><G105/><T18/><D18/><U12/><E12/><V95/><F8/><W34/><G17/><T42/><D42/><U53/><E41/><V26/><F19/><W124/><G11/><T116/><D116/><U22/><E91/><V27/><F30/><W3/><G10/><T40/><D40/><U31/><E31/><V56/><F27/><W121/><G3/><T16/><D16/><U28/><E28/><V73/><F24/><W36/><G36/><T83/><AGARI ba="0,1" hai="0,5,9,20,21,44,50,55,61,66,71,75,77,83" machi="83" ten="30,11700,0" yaku="21,2,0,1,53,1" doraHai="54" doraHaiUra="72" who="0" fromWho="0" sc="221,127,335,-39,195,-39,239,-39" /><INIT seed="4,1,0,1,2,72" ten="348,296,156,200" oya="0" hai0="102,130,123,126,133,60,113,118,31,109,20,61,91" hai1="115,18,30,112,132,74,128,62,4,39,25,87,86" hai2="122,66,40,84,119,80,106,59,45,82,21,103,28" hai3="23,53,92,131,88,49,16,15,79,51,36,101,50"/><T11/><D118/><U135/><E74/><V107/><F122/><W19/><G36/><T2/><D123/><U114/><E39/><V44/><F119/><W65/><G131/><T90/><D102/><U38/><E38/><V75/><F103/><W99/><G65/><T73/><D73/><U10/><E62/><V100/><F100/><W17/><G53/><T63/><D113/><U26/><E86/><V47/><F40/><W56/><G56/><T125/><D109/><U83/><E128/><V124/><F124/><N who="0" m="47722" /><D130/><U29/><E87/><V93/><F93/><W6/><G6/><N who="0" m="1495" /><D133/><N who="1" m="51275" /><E83/><V69/><F69/><W116/><G116/><T34/><D34/><U57/><E57/><V96/><F75/><W78/><G101/><T43/><D43/><U0/><E18/><AGARI ba="1,0" hai="15,16,17,18,19,23,49,50,51,78,79,88,92,99" machi="18" ten="40,8000,1" yaku="8,1,52,2,54,2" doraHai="72" who="3" fromWho="1" sc="348,0,296,-83,156,0,200,83" /><INIT seed="5,0,0,5,4,91" ten="348,213,156,283" oya="1" hai0="60,88,113,4,80,93,15,94,27,129,39,45,16" hai1="68,6,105,127,77,57,123,63,85,2,11,83,95" hai2="101,46,49,126,100,69,97,51,84,1,115,64,13" hai3="0,54,47,8,62,128,118,58,34,67,117,90,14"/><U48/><E123/><V35/><F1/><W98/><G34/><T99/><D129/><U73/><E127/><V82/><F126/><W25/><G0/><T74/><D113/><U18/><E105/><V24/><F115/><W92/><G128/><T53/><D4/><U114/><E114/><V38/><F38/><W119/><G25/><T52/><D27/><U120/><E120/><V108/><F108/><W103/><G103/><T133/><D133/><U81/><E68/><V109/><F109/><W131/><G131/><T78/><D60/><U125/><E125/><V9/><F64/><W40/><G67/><T111/><D111/><U121/><E121/><V71/><F24/><W10/><REACH who="3" step="1"/><G14/><REACH who="3" ten="348,213,156,273" step="2"/><T21/><REACH who="0" step="1"/><D94/><REACH who="0" ten="338,213,156,273" step="2"/><U31/><E95/><V75/><F35/><W7/><G7/><T23/><D23/><U112/><E112/><V56/><F9/><W106/><G106/><T26/><D26/><U43/><E6/><V132/><F132/><W20/><G20/><T55/><D55/><U33/><E11/><V17/><F13/><W79/><G79/><T130/><D130/><U5/><E5/><V110/><F110/><W28/><G28/><T104/><D104/><U22/><E31/><V30/><F30/><W124/><G124/><T66/><D66/><U19/><E77/><V37/><F17/><W65/><G65/><T135/><D135/><U36/><E18/><V3/><F3/><W76/><G76/><T50/><D50/><AGARI ba="0,2" hai="8,10,40,47,50,54,58,62,90,92,98,117,118,119" machi="50" ten="40,5200,0" yaku="1,1,12,1,52,1,53,0" doraHai="91" doraHaiUra="29" who="3" fromWho="0" sc="338,-52,213,0,156,0,273,72" /><INIT seed="6,0,0,1,1,23" ten="286,213,156,345" oya="2" hai0="104,22,9,127,111,66,85,133,43,3,82,25,110" hai1="102,41,63,78,47,69,86,13,18,58,24,105,8" hai2="122,100,130,135,37,28,33,128,57,117,49,54,48" hai3="53,64,94,51,81,21,0,72,97,30,115,116,118"/><V68/><F117/><W73/><G0/><T121/><D104/><U36/><E69/><V52/><F122/><W119/><G64/><T89/><D121/><U61/><E105/><V16/><F68/><W2/><G2/><T10/><D127/><U95/><E78/><V20/><F37/><W26/><G81/><T50/><D133/><U76/><E76/><V74/><F74/><W59/><REACH who="3" step="1"/><G115/><REACH who="3" ten="286,213,156,335" step="2"/><T88/><D3/><U83/><E83/><V120/><F120/><W38/><G38/><T106/><D66/><U112/><E112/><V98/><F135/><W39/><G39/><T109/><D110/><U7/><E36/><V134/><F134/><W107/><G107/><T96/><D106/><U14/><E95/><N who="2" m="58463" /><F33/><W60/><G60/><T103/><D109/><U11/><E61/><V35/><F35/><W87/><G87/><T84/><D111/><U56/><E63/><V27/><F128/><W67/><G67/><T32/><D32/><U12/><E86/><V62/><F130/><W71/><G71/><T77/><D77/><U40/><E102/><AGARI ba="0,1" hai="21,26,30,51,53,59,72,73,94,97,102,116,118,119" machi="102" ten="40,5200,0" yaku="1,1,52,1,53,1" doraHai="23" doraHaiUra="17" who="3" fromWho="1" sc="286,0,213,-52,156,0,335,62" /><INIT seed="7,0,0,1,4,98" ten="286,161,156,397" oya="3" hai0="11,87,107,115,15,74,110,61,135,72,28,48,41" hai1="127,124,82,36,67,5,12,53,117,119,64,66,50" hai2="13,95,81,93,4,103,125,91,22,111,84,23,27" hai3="35,30,54,121,6,14,65,34,109,73,120,7,1"/><W20/><G73/><T37/><D37/><U17/><E82/><V52/><F111/><W104/><G104/><T78/><D110/><U134/><E5/><V114/><F114/><W32/><G54/><T100/><D115/><U75/><E75/><V80/><F125/><N who="1" m="48201" /><E36/><V26/><F52/><W25/><G65/><T85/><D135/><U49/><E134/><V18/><F4/><N who="3" m="1579" /><G109/><T99/><D28/><U112/><E112/><V118/><F118/><N who="1" m="45065" /><E53/><V83/><F22/><AGARI ba="0,0" hai="12,17,22,49,50,64,66,67" m="45065,48201" machi="22" ten="40,2600,0" yaku="18,1,12,1" doraHai="98" who="1" fromWho="2" sc="286,0,161,26,156,-26,397,0" owari="286,8.6,187,-21.3,130,-37.0,397,49.7" /></mjloggm>