<mjloggm ver="2.3"><GO type="169" lobby="0"/><UN n0="%E3%81%AD%E3%82%93%E3%81%9B%E3%81%84%E3%81%8B%E3%81%84" n1="%53%68%69%72%6C%65%79" n2="%E3%81%93%E3%81%9A" n3="%E5%A7%AB%E7%95%99" dan="16,16,17,16" rate="2152.15,2104.27,2225.72,2150.07" sx="M,M,M,M"/><TAIKYOKU oya="0"/><INIT seed="0,0,0,1,1,64" ten="250,250,250,250" oya="0" hai0="31,50,33,102,38,69,128,66,37,13,123,68,76" hai1="54,85,94,62,70,115,114,58,4,21,130,18,133" hai2="82,113,11,126,81,104,24,106,32,93,88,55,108" hai3="86,74,132,120,44,124,65,25,15,22,73,103,29"/><T90/><D123/><U117/><E117/><V12/><F113/><N who="1" m="43017" /><E130/><V92/><F108/><W125/><G120/><T67/><D76/><U7/><E133/><V99/><F126/><N who="3" m="48747" /><G132/><T43/><D90/><N who="1" m="53583" /><E70/><N who="0" m="27241" /><D13/><AGARI ba="0,0" hai="4,7,13,18,21,54,58,62" m="53583,43017" machi="13" ten="30,1000,0" yaku="11,1" doraHai="64" who="1" fromWho="0" sc="250,-10,250,10,250,0,250,0" /><INIT seed="1,0,0,4,2,65" ten="240,260,250,250" oya="1" hai0="17,42,99,23,132,27,103,84,8,114,6,72,24" hai1="134,75,83,58,51,56,135,116,71,108,96,119,40" hai2="7,49,90,113,54,82,39,15,68,85,22,3,104" hai3="91,69,92,102,79,60,47,106,97,98,81,129,121"/><U127/><E96/><V63/><F39/><W111/><G121/><T120/><D114/><U52/><E75/><V73/><F113/><W48/><G111/><T109/><D132/><N who="1" m="50731" /><E83/><V0/><F104/><W78/><G129/><T66/><D109/><U33/><E33/><V86/><F73/><W35/><G35/><T125/><D125/><U26/><E26/><V67/><F86/><W44/><G44/><T61/><D42/><U57/><E108/><V37/><F37/><W124/><G124/><T130/><D130/><U118/><E127/><V80/><F80/><W95/><G106/><T123/><D24/><U30/><E30/><V16/><REACH who="2" step="1"/><F7/><REACH who="2" ten="240,260,240,250" step="2"/><W64/><REACH who="3" step="1"/><G81/><REACH who="3" ten="240,260,240,240" step="2"/><T59/><D123/><U122/><E122/><V126/><F126/><W45/><G45/><AGARI ba="0,2" hai="0,3,15,16,22,45,49,54,63,67,68,82,85,90" machi="45" ten="30,7700,0" yaku="1,1,7,1,52,1,54,1,53,0" doraHai="65" doraHaiUra="110" who="2" fromWho="3" sc="240,0,260,0,240,97,240,-77" /><INIT seed="2,0,0,1,2,133" ten="240,260,337,163" oya="2" hai0="51,69,132,90,120,80,74,123,8,107,12,112,63" hai1="20,100,57,42,47,25,125,39,130,43,5,98,26" hai2="16,117,66,76,89,109,15,103,0,56,92,135,22" hai3="30,128,81,10,61,7,87,73,121,54,34,115,35"/><V13/><F117/><W29/><G73/><T52/><D112/><U116/><E116/><V91/><F135/><W44/><G115/><T75/><D107/><U50/><E130/><V110/><F0/><W65/><G121/><T53/><D132/><U9/><E20/><V14/><F76/><W78/><G128/><T48/><D63/><U114/><E114/><V70/><F70/><W55/><G34/><T46/><D69/><U85/><E85/><V119/><F119/><W118/><G118/><T134/><D134/><U17/><E17/><V4/><F103/><W86/><G86/><T101/><D101/><U18/><E18/><V93/><F66/><W38/><G38/><T58/><D75/><U102/><E102/><V71/><F71/><W6/><G6/><T1/><D1/><U37/><E37/><V77/><F77/><W68/><G44/><T105/><D105/><U127/><E57/><V97/><F56/><W60/><G60/><T99/><D74/><U59/><E59/><V122/><F122/><W67/><G67/><T19/><D99/><U64/><E64/><V129/><F129/><W111/><G111/><N who="2" m="42505" /><F4/><W41/><G68/><T95/><D95/><N who="1" m="58463" /><E39/><V72/><F72/><W45/><G65/><T2/><D2/><N who="1" m="183" /><E43/><V21/><F21/><W40/><G41/><T96/><D80/><U28/><E42/><V104/><F104/><W31/><G40/><T126/><D123/><U82/><E82/><V124/><F124/><N who="1" m="47689" /><E47/><V79/><F79/><W83/><G45/><T113/><D120/><U62/><E62/><V23/><F23/><W27/><G61/><RYUUKYOKU ba="0,0" sc="240,-10,260,-10,337,30,163,-10" hai2="13,14,15,16,22,89,91,92,93,97" /><INIT seed="2,1,0,1,2,3" ten="230,250,367,153" oya="2" hai0="59,18,116,71,22,109,74,102,97,48,114,39,119" hai1="54,23,127,111,27,88,117,84,126,70,45,9,77" hai2="64,121,41,35,103,58,98,110,82,68,56,8,100" hai3="14,65,108,55,42,10,129,36,52,1,81,66,50"/><V72/><F121/><W80/><G108/><T113/><D39/><U75/><E111/><V128/><F110/><W20/><G1/><T106/><D109/><U0/><E70/><V90/><F128/><W91/><G129/><T93/><D71/><U62/><E117/><N who="0" m="45129" /><D74/><U134/><E77/><V33/><F41/><W38/><G20/><T24/><D106/><U57/><E75/><V118/><F118/><W25/><G25/><T32/><D32/><U95/><E134/><V78/><F90/><W7/><G36/><T51/><D59/><U96/><E45/><V30/><F100/><W133/><G133/><T130/><D130/><U43/><E43/><V13/><F68/><W69/><G38/><T49/><AGARI ba="1,0" hai="18,22,24,48,49,51,93,97,102,113,114" m="45129" machi="49" ten="30,1100,0" yaku="12,1" doraHai="3" who="0" fromWho="0" sc="230,14,250,-4,367,-6,153,-4" /><INIT seed="3,0,0,2,4,54" ten="244,246,361,149" oya="3" hai0="82,43,105,65,95,126,101,103,50,25,93,5,32" hai1="39,61,52,115,106,55,102,118,19,111,20,86,108" hai2="78,22,38,33,30,133,47,60,35,49,13,75,58" hai3="27,0,94,117,16,71,8,110,7,31,48,128,85"/><W28/><G71/><T79/><D5/><U14/><E115/><V90/><F133/><W83/><G117/><T125/><D65/><U26/><E39/><V45/><F38/><W36/><G36/><T76/><D50/><U74/><E74/><V113/><F113/><W123/><G123/><T100/><D43/><U24/><E86/><V44/><F49/><W112/><G112/><T11/><D11/><U87/><E87/><V97/><F75/><W84/><G128/><T91/><D25/><U88/><E88/><V66/><F78/><N who="0" m="29738" /><D32/><U92/><E92/><N who="0" m="35401" /><D105/><U81/><E55/><V80/><F97/><W37/><G37/><T1/><D1/><U114/><E114/><V57/><F33/><W122/><G122/><T77/><D91/><U2/><E2/><V68/><F35/><W64/><G64/><T53/><D53/><U34/><E24/><N who="2" m="16663" /><F13/><N who="3" m="5279" /><G110/><N who="1" m="42026" /><E34/><V59/><F68/><W96/><G0/><T42/><D42/><U98/><E26/><V4/><F4/><W21/><G48/><T46/><D46/><U89/><E89/><V56/><F90/><N who="3" m="51487" /><G85/><AGARI ba="0,0" hai="77,82,85,100,101,103,125,126" m="35401,29738" machi="85" ten="30,2000,0" yaku="34,2" doraHai="54" who="0" fromWho="3" sc="244,20,246,0,361,0,149,-20" /><INIT seed="4,0,0,2,1,116" ten="264,246,361,129" oya="0" hai0="16,41,114,52,128,131,40,78,33,10,54,11,2" hai1="80,48,104,134,56,49,74,111,66,72,7,95,50" hai2="69,27,64,117,75,122,106,93,113,112,34,124,133" hai3="101,120,18,43,35,51,60,55,83,61,4,45,82"/><T119/><D119/><U38/><E111/><V1/><F93/><W63/><G35/><T90/><D33/><U8/><E38/><V57/><F57/><W28/><G28/><T73/><D114/><U3/><E104/><V19/><F64/><W62/><G4/><T17/><D90/><U70/><E70/><V108/><F19/><W67/><G101/><T46/><D46/><U92/><E134/><V125/><F27/><W26/><G120/><T20/><D73/><U24/><E24/><V130/><F113/><W6/><G6/><T44/><D44/><U47/><E47/><V79/><F79/><W126/><G126/><T107/><D78/><U110/><E110/><V102/><F102/><W96/><G96/><T103/><D103/><U12/><E80/><V100/><F100/><W29/><G18/><T123/><D20/><U68/><E74/><V13/><F13/><W23/><REACH who="3" step="1"/><G43/><REACH who="3" ten="264,246,361,119" step="2"/><T59/><D107/><U87/><E7/><V76/><F76/><W84/><G84/><T88/><D88/><U30/><E87/><V99/><F99/><W81/><G81/><T39/><D2/><U98/><E3/><V37/><AGARI ba="0,1" hai="1,34,37,69,75,106,108,112,117,122,124,125,130,133" machi="37" ten="0,32000,5" yakuman="47" doraHai="116" who="2" fromWho="2" sc="264,-160,246,-80,361,330,119,-80" /><INIT seed="5,0,0,4,4,90" ten="104,166,691,39" oya="1" hai0="24,30,84,50,55,117,1,123,2,113,35,43,92" hai1="45,31,7,5,40,106,87,17,41,65,20,134,27" hai2="122,62,48,61,37,4,70,26,46,47,103,32,115" hai3="74,67,58,14,97,39,33,8,94,114,52,0,68"/><U63/><E106/><V111/><F4/><W6/><G74/><T16/><D117/><U56/><E134/><V71/><F103/><W104/><G33/><T118/><D113/><U12/><E87/><V83/><F83/><W53/><G104/><T15/><D43/><U76/><E76/><V79/><F79/><W34/><G34/><T59/><D118/><U105/><E105/><V13/><F13/><W88/><G39/><T116/><D123/><U112/><E112/><V120/><F26/><W38/><G38/><T21/><D116/><U108/><E108/><V9/><F9/><W91/><G114/><T25/><D25/><U110/><E110/><V107/><F47/><W82/><G68/><T73/><D73/><U29/><E29/><V99/><F46/><W57/><G0/><T72/><D72/><U11/><E41/><V42/><F42/><W126/><G126/><T44/><D44/><U121/><E121/><V78/><F78/><W130/><G130/><T54/><D55/><N who="3" m="21065" /><G67/><T128/><D128/><U119/><E119/><V101/><F99/><W124/><G124/><T131/><D131/><U23/><E11/><V75/><F75/><W98/><G98/><T93/><REACH who="0" step="1"/><D84/><AGARI ba="0,0" hai="6,8,14,57,58,82,84,88,91,94,97" m="21065" machi="84" ten="30,7700,0" yaku="8,1,52,1,54,2" doraHai="90" who="3" fromWho="0" sc="104,-77,166,0,691,0,39,77" /><INIT seed="6,0,0,4,0,111" ten="27,166,691,116" oya="2" hai0="56,33,124,97,114,118,77,48,130,91,128,126,58" hai1="3,98,24,99,70,44,39,69,132,96,31,83,134" hai2="125,115,42,66,16,0,65,36,117,105,95,86,41" hai3="53,87,129,119,26,27,68,84,109,12,85,63,4"/><V6/><F6/><W17/><G109/><T15/><D33/><U28/><E3/><V79/><F79/><W135/><G119/><T2/><D2/><U103/><E103/><V131/><F95/><W20/><G135/><N who="1" m="51754" /><E83/><V94/><F94/><W54/><G129/><N who="0" m="49771" /><D15/><U74/><E74/><V123/><F86/><W64/><G4/><T25/><D25/><U23/><E28/><V72/><F16/><W11/><G27/><T37/><D77/><U75/><E75/><V110/><F42/><AGARI ba="0,0" hai="23,24,31,39,42,44,69,70,96,98,99" m="51754" machi="42" ten="30,1000,0" yaku="20,1" doraHai="111" who="1" fromWho="2" sc="27,0,166,10,691,-10,116,0" /><INIT seed="7,0,0,1,2,76" ten="27,176,681,116" oya="3" hai0="9,57,69,118,15,81,117,13,132,10,54,31,68" hai1="79,120,24,14,84,121,78,93,6,40,115,96,32" hai2="28,49,52,91,114,113,127,38,98,46,75,59,111" hai3="61,7,64,125,103,86,29,122,11,12,56,42,5"/><W36/><G122/><T129/><D31/><U26/><E40/><V107/><F75/><W35/><G103/><T87/><D132/><U63/><E63/><V101/><F111/><W97/><G97/><T34/><D129/><U41/><E41/><N who="2" m="22839" /><F91/><W128/><G125/><T53/><D34/><U83/><E115/><N who="2" m="44043" /><F28/><W134/><G86/><T60/><D60/><U44/><E32/><V27/><F27/><W50/><G12/><T25/><D25/><U135/><E6/><V95/><F127/><W108/><G11/><T70/><D57/><U80/><E14/><V102/><F102/><W37/><G50/><T124/><D68/><U22/><E44/><V18/><F18/><W67/><G67/><T133/><D124/><U126/><E84/><V58/><F58/><W104/><G104/><AGARI ba="0,0" hai="49,52,59,95,98,101,104,107" m="44043,22839" machi="104" ten="30,2000,0" yaku="15,1,54,1" doraHai="76" who="2" fromWho="3" sc="27,0,176,0,681,20,116,-20" owari="27,-47.3,176,-2.4,701,80.1,96,-30.4" /></mjloggm>