<mjloggm ver="2.3"><GO type="169" lobby="0"/><UN n0="%E5%8D%97%E5%B8%9D%E5%8D%97%E6%B5%A6" n1="%31%32%33%35%37%38%35" n2="%E3%81%B5%E3%81%BF%4B%55%4E" n3="%E3%83%94%E3%83%B3%E3%82%B5%E3%83%AD%E5%BA%97%E5%93%A1" dan="17,16,16,17" rate="2199.34,2049.88,2088.07,2250.12" sx="M,M,F,M"/><TAIKYOKU oya="0"/><INIT seed="0,0,0,0,2,127" ten="250,250,250,250" oya="0" hai0="39,79,14,3,84,133,111,113,53,62,131,101,50" hai1="41,108,114,68,56,90,117,15,75,0,37,66,5" hai2="22,6,71,85,132,46,104,59,87,81,93,33,26" hai3="80,47,135,64,92,34,119,28,105,60,125,70,69"/><T128/><D113/><U9/><E114/><V48/><F104/><W18/><G119/><T134/><D3/><U110/><E117/><V100/><F71/><W129/><G125/><T44/><D111/><U1/><E68/><V63/><F33/><W95/><G135/><N who="0" m="51723" /><D101/><U126/><E126/><V27/><F6/><W51/><G69/><T106/><D106/><U57/><E75/><V35/><F35/><W29/><G105/><T17/><D62/><N who="1" m="38215" /><E57/><V16/><F132/><W49/><G49/><T115/><D39/><U122/><E122/><V19/><F19/><W55/><G80/><N who="0" m="47135" /><D115/><U86/><E41/><N who="2" m="24655" /><F27/><W54/><G54/><T88/><D88/><U67/><E67/><N who="2" m="39423" /><F81/><W82/><G82/><T52/><D53/><U77/><E37/><V89/><F100/><W45/><G45/><T38/><D38/><U30/><E77/><V4/><F4/><W43/><G55/><T10/><AGARI ba="0,0" hai="10,14,17,44,50,52,128,131" m="47135,51723" machi="10" ten="30,11700,0" yaku="20,1,52,2,54,1" doraHai="127" who="0" fromWho="0" sc="250,117,250,-39,250,-39,250,-39" /><INIT seed="0,1,0,1,4,123" ten="367,211,211,211" oya="0" hai0="12,133,61,36,110,29,6,35,66,32,80,72,44" hai1="74,18,55,24,4,127,104,8,62,75,27,99,22" hai2="39,119,64,53,7,108,96,103,97,52,31,124,77" hai3="25,134,73,121,30,56,112,93,16,28,67,70,43"/><T125/><D125/><U85/><E127/><V126/><F39/><W10/><G112/><T0/><D12/><U37/><E37/><V65/><F119/><W47/><G73/><T33/><D133/><U20/><E85/><V79/><F31/><W76/><G76/><N who="0" m="44039" /><D29/><U122/><E122/><V114/><F103/><W86/><G70/><N who="0" m="42319" /><D110/><U89/><E104/><V59/><F7/><W111/><G134/><T91/><D91/><U82/><E82/><V87/><F87/><W26/><G121/><T13/><D13/><U88/><E74/><V68/><F59/><W14/><G30/><T132/><D132/><U92/><E75/><V49/><F49/><N who="3" m="26879" /><G28/><T11/><D33/><U95/><E22/><V113/><F68/><W131/><G111/><AGARI ba="1,0" hai="52,53,64,65,77,79,96,97,108,111,113,114,124,126" machi="111" ten="25,8000,1" yaku="22,2,52,2,54,1" doraHai="123" who="2" fromWho="3" sc="367,0,211,0,211,83,211,-83" /><INIT seed="1,0,0,5,3,108" ten="367,211,294,128" oya="1" hai0="69,123,63,133,66,135,1,30,36,72,39,120,99" hai1="95,11,82,92,60,80,128,94,21,22,129,38,100" hai2="62,6,32,53,43,130,37,113,65,90,61,52,34" hai3="124,12,50,16,109,117,103,116,56,84,26,86,25"/><U127/><E38/><N who="0" m="14377" /><D99/><U93/><E11/><V15/><F130/><N who="1" m="50281" /><E60/><V76/><F76/><W102/><G109/><T4/><D30/><U105/><E127/><V51/><F90/><W91/><G124/><T54/><D72/><U74/><E21/><V71/><F6/><W118/><G50/><T45/><D4/><U73/><E22/><V68/><F15/><W28/><G56/><T48/><D1/><U96/><E105/><V35/><F37/><W0/><G84/><T3/><D3/><U46/><E46/><V58/><F43/><W57/><G57/><T81/><D81/><AGARI ba="0,0" hai="73,74,80,81,82,92,93,94,95,96,100" m="50281" machi="81" ten="30,5800,0" yaku="19,1,34,2" doraHai="108" who="1" fromWho="0" sc="367,-58,211,58,294,0,128,0" /><INIT seed="1,1,0,1,2,40" ten="309,269,294,128" oya="1" hai0="3,96,74,120,2,17,85,49,14,25,133,78,91" hai1="110,9,113,129,59,123,105,26,89,0,125,84,76" hai2="51,13,103,112,102,70,64,98,48,94,55,21,46" hai3="121,81,107,122,1,41,71,134,116,86,88,22,82"/><U44/><E113/><V33/><F33/><W56/><G71/><T27/><D133/><U61/><E123/><V42/><F112/><W130/><G1/><T45/><D120/><U19/><E105/><V39/><F39/><W54/><G107/><T97/><D74/><U87/><E125/><V131/><F131/><W104/><G104/><T23/><D78/><U101/><E101/><V68/><F64/><W4/><G4/><T90/><D2/><U34/><E129/><V31/><F103/><W67/><G67/><T69/><D69/><U16/><E110/><V38/><F38/><W124/><G130/><T43/><D3/><U106/><E106/><V7/><F7/><W73/><G134/><T53/><D43/><U30/><E76/><V108/><F108/><W35/><G35/><T95/><REACH who="0" step="1"/><D96/><REACH who="0" ten="299,269,294,128" step="2"/><U75/><E75/><V15/><F70/><W57/><G41/><T127/><D127/><U20/><E0/><V24/><REACH who="2" step="1"/><F68/><REACH who="2" ten="299,269,284,128" step="2"/><W77/><G124/><T132/><D132/><U11/><E34/><V72/><F72/><W12/><G73/><T6/><D6/><U37/><E37/><V109/><F109/><W128/><G128/><T58/><D58/><AGARI ba="1,2" hai="13,15,21,24,31,42,46,48,51,55,58,94,98,102" machi="58" ten="30,7700,0" yaku="1,1,7,1,8,1,52,1,53,0" doraHai="40" doraHaiUra="126" who="2" fromWho="0" sc="299,-80,269,0,284,100,128,0" /><INIT seed="2,0,0,4,0,43" ten="219,269,384,128" oya="2" hai0="113,127,39,123,36,106,55,54,95,96,112,48,73" hai1="17,111,27,130,66,35,94,37,77,18,16,49,122" hai2="132,100,14,118,115,29,114,25,24,53,93,34,23" hai3="110,9,107,1,69,85,58,28,11,70,12,103,102"/><V32/><F118/><W6/><G110/><T59/><D106/><U60/><E37/><V89/><F100/><W21/><G58/><T78/><D78/><U97/><E130/><V98/><F132/><W125/><G125/><T47/><D73/><U90/><E77/><V41/><F41/><W82/><G21/><T15/><D123/><U46/><E111/><V72/><F72/><W8/><G28/><T2/><D2/><U124/><E124/><V62/><F14/><W86/><G11/><T42/><D39/><U129/><E129/><V22/><F34/><W80/><G12/><T65/><D65/><U91/><E91/><V135/><F32/><W71/><G107/><T3/><D3/><U64/><E60/><V83/><F83/><W13/><G13/><T56/><D15/><U26/><E122/><V117/><F135/><W30/><G30/><T76/><D76/><U120/><E35/><V44/><F117/><W51/><G51/><T38/><D38/><U50/><E50/><V68/><F68/><W133/><G69/><T109/><D109/><U104/><E104/><V108/><F108/><W52/><G1/><T63/><REACH who="0" step="1"/><D127/><REACH who="0" ten="209,269,384,128" step="2"/><U19/><N who="1" m="4096" /><DORA hai="40" /><U79/><E79/><V20/><F114/><W84/><G133/><T33/><D33/><U92/><E120/><V7/><F115/><W131/><G131/><T45/><D45/><U75/><E75/><V10/><F44/><W101/><G9/><T31/><D31/><U81/><E64/><V74/><F29/><W57/><G8/><T119/><D119/><U88/><E66/><V105/><F105/><RYUUKYOKU ba="0,1" sc="209,30,269,-10,384,-10,128,-10" hai0="36,42,47,48,54,55,56,59,63,95,96,112,113" /><INIT seed="3,1,1,1,3,39" ten="239,259,374,118" oya="3" hai0="52,11,15,103,33,133,100,55,74,47,1,135,122" hai1="28,63,4,93,134,34,50,79,60,17,125,0,115" hai2="18,121,105,19,45,101,108,30,61,84,22,54,95" hai3="87,27,59,104,107,51,113,57,126,117,130,71,6"/><W114/><G117/><T94/><D122/><U92/><E115/><V23/><F108/><W32/><G71/><T81/><D1/><U118/><E134/><N who="0" m="51209" /><D33/><U36/><E36/><V124/><F124/><W40/><G6/><T73/><D81/><U7/><E79/><V72/><F72/><N who="0" m="27754" /><D94/><U131/><E131/><V29/><F105/><W12/><G12/><T96/><D47/><U66/><E34/><V9/><F9/><W44/><G126/><T37/><D37/><U80/><E80/><V128/><F128/><W89/><G130/><T110/><D110/><U116/><E0/><V119/><F121/><W41/><G32/><T132/><N who="0" m="51217" /><T70/><DORA hai="76" /><D70/><U102/><E125/><V97/><F45/><W48/><G44/><T98/><D15/><U75/><E75/><V26/><F84/><W129/><G129/><T127/><D11/><U109/><E109/><V56/><F119/><W68/><G68/><T86/><D86/><U88/><E93/><V49/><F61/><W53/><G87/><T106/><D127/><U20/><E92/><V64/><F64/><W62/><G62/><T67/><D67/><U31/><E66/><V90/><F101/><N who="0" m="38986" /><D106/><U21/><E102/><V25/><AGARI ba="1,1" hai="18,19,22,23,25,26,29,30,49,54,56,90,95,97" machi="25" ten="20,5200,0" yaku="0,1,7,1,9,1,8,1" doraHai="39,76" who="2" fromWho="2" sc="239,-14,259,-14,374,65,118,-27" /><INIT seed="4,0,0,5,1,133" ten="225,245,439,91" oya="0" hai0="92,0,5,121,98,115,48,43,30,132,94,20,66" hai1="4,97,10,130,36,71,128,51,90,89,2,129,125" hai2="120,76,65,74,27,134,45,61,59,40,68,44,127" hai3="124,70,99,1,23,52,78,11,34,58,104,72,3"/><T122/><D132/><U108/><E36/><V29/><F120/><W54/><G34/><T18/><D66/><U53/><E71/><V79/><F134/><W83/><G70/><T22/><D43/><U28/><E28/><V106/><F106/><W87/><G72/><T75/><D48/><U47/><E108/><V6/><F6/><W135/><G135/><T57/><D57/><U112/><E112/><V110/><F110/><W50/><G11/><N who="0" m="2471" /><D92/><N who="1" m="56463" /><E90/><V95/><F95/><W91/><G124/><AGARI ba="0,0" hai="2,4,10,47,51,53,124,125,128,129,130" m="56463" machi="124" ten="40,5200,0" yaku="19,1,52,2" doraHai="133" who="1" fromWho="3" sc="225,0,245,52,439,0,91,-52" /><INIT seed="5,0,0,5,1,121" ten="225,297,439,39" oya="1" hai0="22,87,118,89,104,101,109,116,113,75,59,33,5" hai1="76,54,63,67,132,115,36,92,14,17,12,71,105" hai2="16,42,99,102,41,86,26,2,125,110,27,1,21" hai3="61,80,85,69,70,51,62,130,23,128,78,3,4"/><U6/><E105/><V52/><F110/><W119/><G119/><T77/><D33/><U111/><E36/><V122/><F122/><W47/><G23/><T90/><D5/><U82/><E115/><V18/><F125/><W20/><G20/><T112/><D22/><U9/><E132/><V106/><F18/><W28/><G28/><T50/><D50/><U35/><E35/><V134/><F134/><W39/><G4/><T8/><D59/><U100/><E111/><V74/><F74/><W103/><G3/><T40/><D40/><U30/><E30/><V124/><F27/><W15/><G15/><T32/><D8/><U129/><E54/><V68/><F68/><N who="3" m="26219" /><G103/><T133/><D32/><U83/><E129/><N who="3" m="49770" /><G39/><T95/><D90/><U65/><E76/><V0/><F124/><W66/><G66/><T55/><D55/><AGARI ba="0,0" hai="47,51,55,61,62,78,80,85" m="49770,26219" machi="55" ten="30,1000,0" yaku="19,1" doraHai="121" who="3" fromWho="0" sc="225,-10,297,0,439,0,39,10" /><INIT seed="6,0,0,0,2,75" ten="215,297,439,49" oya="2" hai0="125,101,51,27,56,59,45,61,117,103,28,22,104" hai1="116,77,78,118,49,99,112,94,54,91,123,119,17" hai2="88,47,10,26,134,30,121,42,83,81,12,1,130" hai3="65,36,43,39,129,114,35,128,0,72,113,68,71"/><V63/><F121/><W86/><G35/><T115/><D115/><N who="3" m="44041" /><G86/><T38/><D117/><U96/><E112/><V73/><F130/><N who="3" m="50283" /><G72/><T3/><D3/><U60/><E60/><V111/><F1/><W95/><G95/><T58/><D125/><U98/><E17/><V50/><F63/><N who="3" m="39999" /><G0/><T74/><D104/><U122/><E49/><V76/><F111/><W84/><G84/><T21/><D74/><U64/><E64/><V19/><F134/><W69/><G43/><T80/><D103/><U33/><E33/><V31/><F26/><W127/><G127/><T105/><D101/><U70/><E91/><V25/><F25/><W9/><G9/><T92/><D105/><U41/><E41/><V29/><F88/><W108/><G108/><T55/><D92/><U90/><E90/><V13/><F73/><W5/><G5/><T11/><D11/><U16/><E94/><V6/><F83/><W48/><G48/><T40/><D80/><U120/><E16/><V2/><F81/><W126/><G126/><T110/><D110/><U109/><E109/><V4/><F4/><W93/><G93/><T87/><D87/><U37/><E119/><V66/><F2/><W14/><G14/><T8/><D8/><U62/><E116/><V32/><F13/><W132/><G132/><T133/><D133/><U44/><E118/><V23/><F10/><W85/><G85/><T57/><D21/><U131/><E131/><V7/><F23/><W124/><G124/><T34/><D22/><U102/><E102/><V106/><F32/><W107/><G107/><T15/><D15/><RYUUKYOKU ba="0,0" sc="215,15,297,-15,439,-15,49,15" hai0="27,28,34,38,40,45,51,55,56,57,58,59,61" hai3="36,39,69,71" /><INIT seed="7,1,0,2,1,15" ten="230,282,424,64" oya="3" hai0="84,115,50,96,92,1,124,98,35,83,100,123,42" hai1="76,102,38,66,101,95,17,4,112,31,116,5,106" hai2="125,57,90,48,8,79,133,77,60,30,126,132,58" hai3="10,21,7,40,69,9,2,73,81,64,82,71,118"/><W33/><G118/><T49/><D123/><U75/><E38/><V27/><F90/><W54/><G33/><T23/><D124/><N who="2" m="47722" /><F8/><W22/><G54/><T110/><D110/><U122/><E66/><N who="2" m="39183" /><F58/><W32/><G32/><T65/><D1/><U16/><E31/><V63/><F63/><W51/><G10/><T37/><D35/><U36/><E106/><V11/><F48/><W129/><G129/><T12/><D65/><U61/><E75/><V127/><F11/><W130/><G130/><T3/><D3/><U94/><E36/><V19/><F19/><N who="1" m="7241" /><E122/><V43/><F43/><W14/><G64/><T91/><D115/><U89/><E76/><N who="2" m="29259" /><F127/><W59/><G73/><T135/><D135/><U114/><E61/><V134/><F134/><W13/><G2/><T108/><D108/><U104/><E104/><V80/><F80/><N who="3" m="30827" /><G71/><T131/><D131/><U99/><E116/><V97/><F97/><W29/><G69/><T53/><D53/><U111/><E111/><V6/><F6/><N who="1" m="2665" /><E95/><V39/><F39/><W52/><G14/><T119/><D119/><U67/><E67/><V85/><F30/><W41/><G29/><T20/><D96/><U74/><E74/><V107/><F107/><W62/><G62/><T128/><D128/><U46/><E46/><V120/><F120/><W25/><G25/><T113/><D113/><AGARI ba="1,0" hai="89,94,99,101,102,112,113,114" m="2665,7241" machi="113" ten="30,8000,1" yaku="15,1,52,3,54,1" doraHai="15" who="1" fromWho="0" sc="230,-83,282,83,424,0,64,0" owari="147,-25.3,365,16.5,424,52.4,64,-43.6" /></mjloggm>