<mjloggm ver="2.3"><GO type="169" lobby="0"/><UN n0="%E6%99%A8%E6%98%8F%E5%B0%8D%E5%B3%99" n1="%4F%4D%41%4E%54%41" n2="%73%69%65%72%61%34%30%31" n3="%E3%83%9D%E3%83%B3%E3%83%9D%E3%82%B3%E5%95%86%E4%BA%8B" dan="17,17,17,16" rate="2217.21,2192.36,2241.74,2210.20" sx="M,M,F,M"/><TAIKYOKU oya="0"/><INIT seed="0,0,0,2,4,96" ten="250,250,250,250" oya="0" hai0="65,4,36,125,26,89,24,55,15,134,83,109,11" hai1="57,76,64,8,39,16,128,86,111,52,1,35,102" hai2="49,105,92,44,10,95,41,62,27,115,37,112,0" hai3="124,14,21,107,117,114,135,101,56,91,106,40,53"/><T93/><D125/><U68/><E35/><V18/><F105/><W90/><G114/><T33/><D134/><U28/><E28/><V30/><F62/><W81/><G117/><T6/><D36/><U23/><E39/><V54/><F112/><W97/><G40/><T122/><D122/><U88/><E111/><V116/><F116/><W5/><G135/><T129/><D129/><U38/><E38/><V123/><F123/><W74/><G107/><T127/><D127/><U130/><E76/><V118/><F115/><W34/><G34/><T78/><D109/><U43/><E43/><V48/><F118/><W72/><G124/><T119/><D119/><U100/><E64/><V66/><F66/><W121/><G121/><T69/><D33/><U12/><E68/><V25/><F25/><N who="0" m="9834" /><D65/><U2/><E2/><V58/><F37/><W104/><G104/><T17/><D69/><U19/><E1/><V126/><F126/><W32/><G32/><T79/><D55/><U94/><E19/><V77/><F77/><N who="0" m="29194" /><D83/><U7/><E130/><V98/><F30/><W13/><G81/><T113/><D113/><U108/><E108/><V103/><F0/><W131/><G131/><T120/><D120/><U61/><E128/><V45/><F95/><W46/><G74/><T67/><D67/><U133/><E133/><V20/><REACH who="2" step="1"/><F10/><REACH who="2" ten="250,250,240,250" step="2"/><W99/><G72/><T73/><D73/><U84/><E84/><AGARI ba="0,1" hai="4,6,11,15,17,84,89,93" m="29194,9834" machi="84" ten="30,1500,0" yaku="8,1" doraHai="96" who="0" fromWho="1" sc="250,25,250,-15,240,0,250,0" /><INIT seed="0,1,0,3,1,8" ten="275,235,240,250" oya="0" hai0="22,6,12,27,24,29,35,109,38,34,0,18,91" hai1="49,131,55,63,76,21,26,7,135,47,37,61,2" hai2="103,9,128,72,117,97,126,17,74,106,81,33,116" hai3="42,110,92,134,13,52,65,107,94,113,129,84,123"/><T119/><D38/><U44/><E131/><V133/><F33/><N who="0" m="12298" /><D91/><U64/><E135/><V36/><F36/><W73/><G113/><T45/><D45/><U68/><E76/><V115/><F17/><W58/><G107/><T99/><D99/><U83/><E83/><V77/><F9/><W31/><G73/><T80/><D80/><U102/><E102/><V30/><F30/><W122/><G134/><T85/><D85/><U130/><E130/><V98/><F133/><W82/><G129/><T14/><D119/><N who="2" m="45642" /><F128/><W112/><G31/><T78/><D78/><U66/><E7/><V120/><F115/><W70/><G42/><T86/><D86/><U56/><E26/><N who="0" m="9769" /><D109/><U118/><E21/><V15/><F72/><W114/><G110/><T93/><D93/><U121/><E2/><V19/><F98/><W101/><G65/><T54/><D54/><U95/><E95/><V43/><F43/><W11/><G70/><T5/><D29/><U75/><E75/><V132/><F132/><W90/><G112/><T39/><D39/><U60/><E118/><V127/><F97/><W32/><G32/><T108/><D108/><U28/><E28/><V124/><F103/><W96/><G82/><T3/><D14/><U105/><E105/><V67/><F67/><N who="1" m="25641" /><E68/><V25/><F106/><W89/><G101/><T4/><AGARI ba="1,0" hai="0,3,4,5,6,12,18,22" m="9769,12298" machi="4" ten="40,18000,2" yaku="35,5,52,1" doraHai="8" who="0" fromWho="0" sc="275,183,235,-61,240,-61,250,-61" /><INIT seed="0,2,0,3,1,73" ten="458,174,179,189" oya="0" hai0="35,127,100,119,38,89,7,126,15,20,122,90,102" hai1="135,61,32,97,71,128,9,5,112,21,129,22,41" hai2="50,99,72,0,56,19,13,106,1,51,80,4,40" hai3="86,98,43,111,68,131,2,104,94,88,46,23,67"/><T124/><D38/><U59/><E71/><V17/><F17/><W115/><G115/><T24/><D122/><U30/><E112/><V53/><F106/><W85/><G111/><T47/><D119/><U96/><E41/><V64/><F64/><W52/><G131/><N who="1" m="50250" /><E32/><V34/><F34/><W82/><G2/><T120/><D47/><U6/><E135/><V54/><F4/><N who="1" m="1641" /><E9/><V109/><F40/><W75/><G67/><T26/><D120/><U110/><E110/><V103/><F109/><W48/><G68/><T95/><D35/><U123/><E123/><V69/><F69/><W87/><G23/><N who="1" m="8714" /><E30/><V58/><F13/><W25/><G25/><N who="0" m="9835" /><D20/><U36/><E36/><V81/><F19/><W101/><REACH who="3" step="1"/><G43/><REACH who="3" ten="458,174,179,179" step="2"/><T108/><D108/><U60/><E59/><V11/><F11/><W133/><G133/><T107/><D15/><U83/><E83/><V93/><REACH who="2" step="1"/><F80/><REACH who="2" ten="458,174,169,179" step="2"/><W28/><G28/><T33/><D33/><U84/><E84/><V14/><F14/><W62/><G62/><AGARI ba="2,2" hai="60,61,62,96,97" m="8714,1641,50250" machi="62" ten="30,3900,0" yaku="28,2,19,1" doraHai="73" who="1" fromWho="3" sc="458,0,174,65,169,0,179,-45" /><INIT seed="1,0,0,5,2,132" ten="458,239,169,134" oya="1" hai0="53,125,84,44,14,52,89,58,96,61,12,127,121" hai1="100,77,55,40,29,114,87,37,62,51,43,120,135" hai2="94,0,74,65,101,11,4,27,81,83,24,54,110" hai3="128,119,133,25,36,104,73,42,63,108,123,50,90"/><U34/><E114/><V30/><F110/><W92/><G123/><T2/><D2/><U98/><E120/><V103/><F65/><W134/><G104/><T39/><D121/><U86/><E135/><N who="3" m="51722" /><G36/><T85/><D96/><U31/><E62/><V131/><F131/><W45/><G73/><T47/><D39/><U57/><E34/><V56/><F27/><W20/><G128/><T48/><D89/><U129/><E129/><V70/><F70/><W68/><G108/><T122/><D122/><U21/><E37/><V130/><F130/><W91/><G119/><T9/><D9/><U99/><E99/><V126/><F94/><W5/><G5/><T97/><D97/><U59/><E59/><V117/><F117/><W32/><G32/><T15/><REACH who="0" step="1"/><D47/><REACH who="0" ten="448,239,169,134" step="2"/><U41/><E98/><V116/><F116/><W18/><G92/><T124/><AGARI ba="0,1" hai="12,14,15,44,48,52,53,58,61,84,85,124,125,127" machi="124" ten="40,16000,3" yaku="1,1,2,1,0,1,18,1,52,3,54,1,53,2" doraHai="132" doraHaiUra="82" who="0" fromWho="0" sc="448,170,239,-80,169,-40,134,-40" /><INIT seed="2,0,0,0,1,127" ten="618,159,129,94" oya="2" hai0="21,80,94,72,129,52,5,38,122,36,86,6,134" hai1="33,77,84,28,46,27,62,109,114,9,65,32,55" hai2="82,3,121,49,73,10,34,18,71,128,106,90,112" hai3="31,103,95,131,56,117,119,15,83,91,1,37,40"/><V74/><F112/><W69/><G1/><T104/><D104/><U108/><E114/><V60/><F121/><W85/><G69/><T19/><D122/><U120/><E120/><V54/><F34/><W76/><G31/><T23/><D134/><U126/><E126/><V0/><F106/><W96/><G37/><T41/><D72/><U133/><E133/><V63/><F74/><N who="3" m="43415" /><G56/><T132/><D132/><U101/><E9/><V67/><F63/><W102/><G15/><T88/><D38/><U7/><E7/><N who="0" m="2569" /><D41/><U89/><E77/><V125/><F125/><W44/><G44/><T39/><D39/><U81/><E101/><N who="3" m="38410" /><G40/><T78/><D36/><U20/><E46/><V47/><F73/><W58/><G58/><T118/><D118/><N who="3" m="45065" /><G96/><N who="0" m="57415" /><D129/><AGARI ba="0,0" hai="85,91,95,129,131" m="45065,38410,43415" machi="129" ten="30,7700,0" yaku="34,2,52,2" doraHai="127" who="3" fromWho="0" sc="618,-77,159,0,129,0,94,77" /><INIT seed="3,0,0,3,1,111" ten="541,159,129,171" oya="3" hai0="76,22,48,31,100,102,68,96,44,24,87,92,112" hai1="72,28,115,40,116,133,25,13,38,94,27,110,93" hai2="98,66,47,130,55,29,61,80,121,20,4,51,131" hai3="71,74,1,58,16,83,95,85,82,60,57,33,43"/><W132/><G132/><T88/><D68/><U49/><E72/><V6/><F121/><W0/><G33/><T81/><REACH who="0" step="1"/><D112/><REACH who="0" ten="531,159,129,171" step="2"/><U77/><E115/><V75/><F130/><W56/><G71/><T119/><D119/><U117/><E116/><V41/><F131/><W8/><G60/><T78/><D78/><U19/><E77/><V15/><F4/><W101/><G74/><T134/><D134/><U120/><E133/><V37/><F6/><W32/><G32/><T69/><D69/><U30/><E117/><V90/><F75/><W73/><G73/><T114/><D114/><U124/><E120/><V39/><F61/><W46/><G1/><T122/><D122/><U5/><E5/><V45/><F39/><W50/><G0/><T14/><D14/><U26/><E38/><V12/><F15/><N who="3" m="7271" /><G101/><T97/><D97/><U125/><E110/><V62/><F98/><W113/><G113/><T127/><D127/><U63/><E63/><V106/><F62/><W109/><G109/><T21/><D21/><N who="1" m="11503" /><E125/><V135/><F135/><W10/><G10/><T105/><D105/><U128/><E124/><V84/><F106/><W79/><G79/><T42/><AGARI ba="0,1" hai="22,24,31,42,44,48,76,81,87,88,92,96,100,102" machi="42" ten="20,8000,1" yaku="1,1,0,1,7,1,8,1,54,1,53,0" doraHai="111" doraHaiUra="53" who="0" fromWho="0" sc="531,90,159,-20,129,-20,171,-40" /><INIT seed="4,0,0,4,3,25" ten="621,139,109,131" oya="0" hai0="40,63,27,73,36,68,37,1,19,62,130,93,47" hai1="120,66,51,113,85,116,124,104,32,57,77,30,89" hai2="17,70,71,43,7,72,111,79,18,103,128,29,87" hai3="55,33,48,75,108,91,23,82,20,59,5,99,74"/><T135/><D1/><U24/><E116/><V8/><F111/><W133/><G108/><T41/><D73/><U49/><E120/><V10/><F72/><W78/><G33/><T4/><D4/><U119/><E119/><V122/><F122/><W26/><G133/><T84/><D135/><U60/><E104/><V6/><F103/><W50/><G75/><T126/><D126/><U96/><E124/><V97/><F97/><W107/><G5/><T34/><D130/><U53/><E113/><V12/><F43/><W90/><G50/><T61/><D93/><U81/><E96/><V80/><F128/><W114/><G23/><T58/><D84/><U39/><E39/><V38/><F38/><W115/><G107/><T129/><D129/><U100/><E100/><V94/><F94/><W14/><G14/><T0/><D0/><U101/><E101/><V28/><F70/><W11/><G11/><T88/><D88/><U76/><REACH who="1" step="1"/><E51/><REACH who="1" ten="621,129,109,131" step="2"/><V95/><F71/><AGARI ba="0,1" hai="24,30,32,49,53,57,60,66,71,76,77,81,85,89" machi="71" ten="30,8000,1" yaku="1,1,2,1,7,1,52,1,53,1" doraHai="25" doraHaiUra="67" who="1" fromWho="2" sc="621,0,129,90,109,-80,131,0" /><INIT seed="5,0,0,5,4,17" ten="621,219,29,131" oya="1" hai0="59,122,121,52,42,128,55,114,44,74,90,38,113" hai1="41,107,67,88,124,105,54,21,87,83,132,117,60" hai2="48,15,37,0,123,65,96,95,30,131,18,118,29" hai3="119,61,97,78,56,9,68,115,1,40,75,58,93"/><U14/><E117/><V28/><F123/><N who="0" m="47114" /><D74/><U34/><E34/><V94/><F37/><W24/><G119/><T13/><D13/><U49/><E41/><V85/><F118/><W36/><G115/><N who="0" m="44043" /><D90/><U103/><E124/><V4/><F131/><W26/><G68/><T80/><D80/><U98/><E132/><V11/><F65/><W86/><G86/><T50/><D55/><U104/><E14/><V73/><F73/><W84/><G84/><T81/><D81/><U39/><E39/><V31/><N who="2" m="7168" /><DORA hai="2" /><V111/><F111/><W64/><G58/><T23/><D23/><U57/><REACH who="1" step="1"/><E21/><REACH who="1" ten="621,209,29,131" step="2"/><V77/><F77/><W71/><G78/><T101/><D101/><U66/><E66/><V25/><F25/><W99/><G24/><T16/><D128/><U76/><E76/><V45/><F85/><W89/><G26/><T53/><D53/><U72/><E72/><V27/><F96/><W20/><G75/><T8/><D38/><U120/><E120/><V63/><F27/><W134/><G99/><T106/><D42/><U92/><E92/><V126/><F126/><W7/><G20/><T116/><D116/><U82/><E82/><V129/><F129/><W91/><G97/><T62/><D106/><U110/><E110/><V102/><F95/><W130/><G93/><T51/><D44/><AGARI ba="0,1" hai="44,49,54,57,60,67,83,87,88,98,103,104,105,107" machi="44" ten="30,11600,0" yaku="1,1,7,1,54,1,53,1" doraHai="17,2" doraHaiUra="46,112" who="1" fromWho="0" sc="621,-116,209,126,29,0,131,0" /><INIT seed="5,1,0,5,0,12" ten="505,335,29,131" oya="1" hai0="102,84,134,69,124,43,86,96,9,80,108,113,47" hai1="90,2,46,32,122,105,82,77,16,17,72,71,67" hai2="70,60,92,50,94,65,19,1,44,33,88,111,41" hai3="40,68,73,25,29,125,93,13,61,85,27,104,5"/><U36/><E122/><V118/><F118/><W114/><G104/><T76/><D69/><U6/><E32/><V87/><F111/><W51/><G73/><T4/><D108/><U131/><E105/><V89/><F1/><W54/><G40/><T34/><D34/><U117/><E117/><V126/><F33/><W78/><G114/><T24/><D24/><U56/><E71/><V0/><F0/><W21/><G125/><T64/><D64/><U74/><E74/><V52/><F126/><W7/><G61/><T18/><D113/><U11/><E131/><V28/><F28/><W57/><G68/><T133/><D124/><U103/><E103/><V42/><REACH who="2" step="1"/><F19/><REACH who="2" ten="505,335,19,131" step="2"/><W59/><G29/><T75/><D18/><U3/><E3/><V66/><F66/><W81/><G7/><T130/><D130/><U110/><E110/><V106/><F106/><W83/><G5/><T45/><D134/><U30/><E30/><V79/><F79/><W53/><G78/><T132/><D132/><U35/><E35/><V91/><F91/><W15/><G21/><T100/><D133/><U99/><E90/><V128/><F128/><W127/><G127/><T26/><D102/><U48/><E99/><AGARI ba="1,1" hai="41,42,44,50,52,60,65,70,87,88,89,92,94,99" machi="99" ten="30,7700,0" yaku="1,1,7,1,54,2,53,0" doraHai="12" doraHaiUra="55" who="2" fromWho="1" sc="505,0,335,-80,19,90,131,0" /><INIT seed="6,0,0,5,1,25" ten="505,255,109,131" oya="2" hai0="31,121,75,98,87,51,21,22,78,81,92,3,85" hai1="17,61,48,19,127,14,108,72,66,90,95,132,58" hai2="110,68,64,116,56,8,23,82,63,100,1,88,76" hai3="105,15,28,77,103,67,69,53,27,65,11,79,50"/><V40/><F116/><W44/><G105/><T26/><D3/><U57/><E108/><V119/><F119/><W99/><G99/><T49/><D121/><U96/><E72/><V5/><F110/><W34/><G103/><N who="0" m="60871" /><D75/><U91/><E127/><V133/><F133/><W115/><G115/><T43/><D43/><U32/><E32/><V6/><F100/><W62/><REACH who="3" step="1"/><G67/><REACH who="3" ten="505,255,109,121" step="2"/><T54/><D87/><U74/><E74/><V112/><F112/><W71/><G71/><T4/><D4/><AGARI ba="0,1" hai="4,11,15,27,28,34,44,50,53,62,65,69,77,79" machi="4" ten="30,7700,0" yaku="1,1,7,1,52,1,53,1" doraHai="25" doraHaiUra="45" who="3" fromWho="0" sc="505,-77,255,0,109,0,121,87" /><INIT seed="7,0,0,5,3,73" ten="428,255,109,208" oya="3" hai0="78,28,119,134,106,24,49,2,38,97,44,111,114" hai1="65,18,127,21,63,23,74,16,61,17,120,95,58" hai2="50,90,6,113,71,9,93,100,79,83,68,46,13" hai3="29,91,80,89,19,55,31,121,1,42,43,37,130"/><W123/><G1/><T72/><D49/><U85/><E74/><V118/><F113/><W124/><G130/><T66/><D66/><U14/><E120/><V82/><F82/><W102/><G102/><N who="0" m="62799" /><D111/><U84/><E127/><V67/><F118/><W52/><G80/><N who="0" m="45127" /><D134/><U128/><E128/><V48/><F100/><W94/><G94/><T22/><D22/><U122/><E122/><V75/><F67/><W104/><G19/><T135/><D135/><U3/><E3/><V27/><F27/><W77/><G77/><T105/><D105/><U5/><E63/><V32/><F32/><W62/><G104/><T110/><D110/><U8/><E95/><V12/><F50/><W51/><G51/><T0/><D114/><U132/><E132/><V92/><F92/><W116/><G62/><T54/><D54/><U64/><E64/><V109/><F13/><W99/><G99/><T15/><D15/><N who="1" m="9375" /><E5/><V39/><F39/><W129/><G129/><T36/><D119/><U112/><E112/><V126/><F126/><W81/><G81/><T96/><D96/><U40/><E40/><V56/><F56/><W53/><G53/><T7/><D7/><U117/><E117/><V35/><F35/><W10/><G116/><T103/><D103/><U26/><AGARI ba="0,0" hai="8,14,17,18,23,26,58,61,65,84,85" m="9375" machi="26" ten="30,2000,0" yaku="8,1,54,1" doraHai="73" who="1" fromWho="1" sc="428,-5,255,20,109,-5,208,-10" owari="423,52.3,275,7.5,104,-39.6,198,-20.2" /></mjloggm>