<mjloggm ver="2.3"><GO type="169" lobby="0"/><UN n0="%E6%9C%AC%E5%AE%B6%E3%81%8B%E3%81%BE%E3%81%A9%E3%82%84" n1="%E3%81%A8%E3%82%8D%E3%82%8D%E3%81%9D%E3%81%B0" n2="%E7%A7%98%E6%89%93%E7%99%BD%E9%B3%A5%E3%81%AE%E6%B9%96" n3="%E6%99%82%E8%A8%88%E5%9D%82%E9%9B%B6" dan="16,17,16,16" rate="2152.10,2232.29,2138.79,2163.46" sx="M,M,M,M"/><TAIKYOKU oya="0"/><INIT seed="0,0,0,4,4,1" ten="250,250,250,250" oya="0" hai0="14,123,20,113,43,23,117,21,67,87,26,132,104" hai1="42,126,69,22,35,135,107,11,74,131,7,98,70" hai2="73,41,133,102,27,125,5,121,93,103,17,15,33" hai3="59,110,9,0,50,128,101,109,31,10,129,47,100"/><T36/><D113/><U65/><E22/><V66/><F121/><W119/><G119/><T39/><D117/><U81/><E126/><V55/><F73/><W99/><G59/><T86/><D104/><U80/><E80/><V44/><F133/><W62/><G62/><T48/><D132/><U89/><E89/><V124/><F66/><W96/><G31/><T130/><D130/><N who="3" m="50281" /><G50/><T56/><D26/><U37/><E135/><V53/><F33/><W54/><G54/><T34/><D34/><U120/><E120/><V29/><F29/><W97/><G47/><N who="0" m="25727" /><D39/><U85/><E85/><N who="0" m="32265" /><D36/><U40/><E40/><V82/><F82/><W72/><G72/><T91/><D91/><U18/><E35/><V76/><F41/><W12/><G0/><T16/><D123/><U24/><E131/><V30/><F30/><W58/><G58/><T3/><D3/><N who="1" m="511" /><E24/><V84/><F27/><W64/><G64/><T8/><D23/><U28/><E65/><V77/><F125/><W122/><G122/><T88/><D88/><U108/><E70/><V13/><F124/><W78/><G78/><T127/><D127/><U118/><E69/><V79/><F79/><W38/><G38/><T92/><D92/><U90/><E118/><V114/><F77/><W83/><G83/><T134/><D134/><U63/><E81/><V4/><F76/><W49/><G49/><T105/><D105/><U51/><E107/><V75/><F75/><W61/><G61/><AGARI ba="0,0" hai="8,14,16,20,21,56,61,67" m="32265,25727" machi="61" ten="30,2900,0" yaku="8,1,54,1" doraHai="1" who="0" fromWho="3" sc="250,29,250,0,250,0,250,-29" /><INIT seed="0,1,0,4,0,83" ten="279,250,250,221" oya="0" hai0="48,115,25,108,8,89,19,55,80,61,31,63,111" hai1="38,20,118,128,95,51,36,120,33,65,56,85,121" hai2="94,97,45,113,132,92,87,15,13,81,47,27,125" hai3="37,30,10,44,72,60,53,28,50,109,129,5,103"/><T4/><D115/><U74/><E74/><V21/><F132/><W114/><G72/><T16/><D80/><U88/><E118/><V32/><F125/><W49/><G37/><T93/><D63/><U107/><E33/><V78/><F32/><W29/><G114/><T62/><D61/><U41/><E107/><V100/><F113/><W6/><G109/><N who="0" m="42059" /><D62/><N who="1" m="38087" /><E38/><V42/><F94/><W102/><G129/><T69/><D69/><U117/><E36/><V131/><F131/><W110/><G110/><T67/><D25/><U34/><E34/><V86/><F86/><W46/><G60/><T105/><D31/><U75/><E75/><V104/><F104/><W79/><G79/><T134/><D105/><U22/><E117/><V98/><F98/><W9/><G29/><T1/><D134/><U119/><E119/><V14/><REACH who="2" step="1"/><F42/><REACH who="2" ten="279,250,240,221" step="2"/><W90/><G53/><T133/><D133/><U11/><E128/><V0/><F0/><W126/><G126/><T116/><D67/><U68/><E68/><V43/><F43/><W7/><G7/><T101/><D116/><U18/><E121/><V40/><F40/><W66/><G66/><T23/><D1/><U12/><E120/><V130/><F130/><W73/><G73/><T26/><D93/><U17/><E17/><AGARI ba="1,1" hai="13,14,15,17,21,27,45,47,78,81,87,92,97,100" machi="17" ten="40,5200,0" yaku="1,1,8,1,52,1,53,0" doraHai="83" doraHaiUra="135" who="2" fromWho="1" sc="279,0,250,-55,240,65,221,0" /><INIT seed="1,0,0,1,5,74" ten="279,195,305,221" oya="1" hai0="82,39,11,91,75,126,79,26,51,119,10,4,67" hai1="5,115,28,44,15,114,73,112,100,56,8,22,58" hai2="50,80,30,46,18,65,116,3,134,127,59,88,90" hai3="128,84,125,61,64,92,120,2,101,23,25,98,83"/><U78/><E100/><V135/><F116/><W118/><G2/><T7/><D119/><U43/><E28/><V106/><F106/><W17/><G118/><T16/><D39/><U52/><E22/><V34/><F3/><W48/><G125/><T0/><D126/><U27/><E27/><N who="2" m="18783" /><F127/><W41/><G128/><T132/><D67/><U35/><E35/><V86/><F18/><W121/><G48/><T76/><D75/><U54/><E58/><V70/><F70/><W81/><G81/><T85/><D51/><U105/><E105/><V57/><F90/><W24/><G41/><T133/><D7/><U108/><E108/><V29/><F29/><W94/><G94/><T55/><D55/><U104/><E104/><V32/><F32/><W60/><G25/><T102/><D102/><U31/><E31/><V36/><F65/><W103/><G103/><T42/><D42/><U117/><E117/><V87/><F87/><W124/><G124/><T49/><D49/><U13/><E13/><V63/><F63/><W130/><G130/><T33/><D33/><U111/><E111/><V6/><F6/><W14/><G24/><T37/><D37/><U12/><E12/><V72/><F72/><W69/><REACH who="3" step="1"/><G60/><REACH who="3" ten="279,195,305,211" step="2"/><T68/><D26/><U113/><E113/><V96/><F36/><W21/><G21/><T20/><D20/><U19/><E43/><N who="2" m="24927" /><F96/><W107/><G107/><T1/><D1/><U95/><E115/><V99/><F99/><W77/><AGARI ba="0,1" hai="14,17,23,61,64,69,77,83,84,92,98,101,120,121" machi="77" ten="20,5200,0" yaku="1,1,0,1,7,1,52,1,53,0" doraHai="74" doraHaiUra="45" who="3" fromWho="3" sc="279,-13,195,-26,305,-13,211,62" /><INIT seed="2,0,0,2,1,17" ten="266,169,292,273" oya="2" hai0="73,128,8,81,104,102,19,37,2,125,84,14,87" hai1="49,64,36,42,50,135,53,83,15,0,101,44,126" hai2="90,68,3,115,119,79,93,118,9,26,88,94,121" hai3="56,21,130,78,117,20,60,112,58,127,122,69,13"/><V114/><F68/><W133/><G117/><N who="2" m="44553" /><F26/><W27/><G122/><T97/><D125/><U57/><E0/><V12/><F12/><W63/><G127/><T113/><D128/><U100/><E126/><V62/><F62/><W96/><G69/><T110/><D113/><N who="2" m="43018" /><F9/><W43/><G130/><T75/><D37/><U1/><E135/><V71/><F71/><W4/><G133/><T11/><D87/><U107/><E1/><V111/><F3/><W47/><G112/><T80/><D80/><U129/><E129/><V7/><F7/><W41/><G78/><T23/><D23/><N who="3" m="8777" /><G27/><T65/><D65/><U92/><E64/><V18/><F18/><W51/><G96/><T5/><D75/><U91/><E36/><V105/><F105/><W89/><G89/><N who="2" m="34409" /><F121/><W24/><G24/><T6/><D104/><U98/><E107/><V25/><F25/><W99/><G43/><T30/><D2/><U45/><E15/><V124/><F124/><W32/><G32/><T35/><D14/><U38/><E38/><V59/><F59/><N who="3" m="22571" /><G99/><T109/><D97/><U103/><E57/><V85/><F111/><W39/><G39/><T108/><D35/><U16/><E16/><V72/><F72/><W134/><G134/><T28/><D73/><U48/><E48/><V120/><F120/><W77/><G4/><N who="0" m="1643" /><D19/><U31/><E31/><N who="0" m="11817" /><D110/><U52/><E42/><V82/><AGARI ba="0,0" hai="79,82,85,93,94" m="34409,43018,44553" machi="82" ten="40,7800,0" yaku="34,2,54,1" doraHai="17" who="2" fromWho="2" sc="266,-26,169,-26,292,78,273,-26" /><INIT seed="2,1,0,5,5,89" ten="240,143,370,247" oya="2" hai0="63,134,66,9,65,28,98,24,10,86,68,99,96" hai1="79,45,17,101,50,62,35,83,47,30,92,23,55" hai2="72,29,71,82,3,114,105,42,5,69,34,75,41" hai3="123,14,19,118,117,119,95,133,73,70,6,52,33"/><V31/><F114/><W21/><G70/><T88/><D134/><U27/><E62/><V46/><F105/><W18/><G73/><T126/><D66/><U107/><E107/><V22/><F22/><W43/><G43/><T125/><D126/><U84/><E47/><V121/><F121/><W103/><G33/><T94/><REACH who="0" step="1"/><D125/><REACH who="0" ten="230,143,370,247" step="2"/><U15/><REACH who="1" step="1"/><E101/><REACH who="1" ten="230,133,370,247" step="2"/><V51/><F71/><W80/><G103/><T131/><D131/><U102/><E102/><V64/><F69/><W74/><G118/><T132/><D132/><U93/><AGARI ba="1,2" hai="15,17,23,27,30,35,45,50,55,79,83,84,92,93" machi="93" ten="30,7900,0" yaku="1,1,0,1,52,2,53,0" doraHai="89" doraHaiUra="4" who="1" fromWho="1" sc="230,-21,133,102,370,-40,247,-21" /><INIT seed="3,0,0,5,1,128" ten="209,235,330,226" oya="3" hai0="127,130,84,122,27,5,54,44,24,72,79,15,75" hai1="110,20,3,29,0,17,123,59,46,115,71,31,104" hai2="82,4,23,34,16,73,121,81,117,14,51,6,129" hai3="101,25,135,30,106,78,22,83,57,64,68,67,36"/><W8/><G36/><T85/><D122/><U108/><E71/><V41/><F117/><W96/><G68/><T13/><D130/><U74/><E104/><V94/><F129/><W88/><G8/><T92/><D127/><U98/><E74/><V95/><F34/><W120/><G120/><T66/><D66/><U70/><E98/><V99/><F121/><W35/><G35/><T134/><D54/><U12/><E59/><V10/><F73/><W91/><G135/><T52/><D44/><U111/><E46/><N who="2" m="26063" /><F94/><W37/><G37/><T118/><D92/><U62/><E62/><V131/><F131/><W105/><G105/><T60/><D60/><U65/><E65/><V9/><F9/><W32/><G32/><T18/><D5/><N who="2" m="2154" /><F10/><W21/><G21/><T1/><D1/><N who="1" m="587" /><E70/><V33/><F33/><W43/><G43/><T49/><D75/><U112/><E123/><V102/><AGARI ba="0,0" hai="14,16,23,81,82,95,99,102" m="2154,26063" machi="102" ten="30,2000,0" yaku="8,1,54,1" doraHai="128" who="2" fromWho="2" sc="209,-5,235,-5,330,20,226,-10" /><INIT seed="4,0,0,1,5,135" ten="204,230,350,216" oya="0" hai0="19,118,91,16,77,14,115,78,58,114,47,134,87" hai1="62,83,110,22,53,59,76,112,35,75,125,108,109" hai2="48,37,32,101,73,97,119,120,66,85,40,13,20" hai3="123,43,72,71,51,105,34,26,25,6,63,67,21"/><T18/><D118/><U95/><E35/><V79/><F32/><W10/><G72/><T107/><D134/><U12/><E112/><N who="0" m="43049" /><D107/><U133/><E133/><V86/><F37/><W8/><G123/><T92/><D58/><U4/><E95/><V0/><F0/><W102/><G6/><T100/><D47/><U5/><E5/><V3/><F3/><W46/><G25/><T82/><D77/><U39/><E39/><V111/><F79/><W24/><G24/><T90/><D100/><U36/><E36/><V122/><F101/><W131/><G131/><T17/><D92/><U57/><E57/><V55/><F119/><W49/><G49/><T93/><D93/><U130/><E130/><V106/><F48/><W94/><G21/><AGARI ba="0,0" hai="14,16,17,18,19,21,78,82,87,90,91" m="43049" machi="21" ten="30,2900,0" yaku="15,1,54,1" doraHai="135" who="0" fromWho="3" sc="204,29,230,0,350,0,216,-29" /><INIT seed="4,1,0,0,5,54" ten="233,230,350,187" oya="0" hai0="39,121,115,100,38,64,47,14,26,49,32,126,18" hai1="94,118,62,78,124,35,96,63,27,61,2,86,58" hai2="95,113,16,133,25,130,76,66,108,65,59,71,128" hai3="21,99,36,43,114,41,103,93,91,110,90,4,83"/><T111/><D121/><U105/><E2/><V17/><F108/><W68/><G68/><T81/><D111/><U84/><E118/><V8/><F71/><W28/><G110/><T109/><D109/><U15/><E105/><V77/><F113/><W7/><G114/><T37/><D126/><U122/><E122/><V3/><F133/><W101/><G36/><T102/><D64/><U56/><E124/><V12/><F3/><W57/><G28/><T135/><D135/><U88/><E35/><V50/><F95/><W73/><G21/><T85/><D26/><U42/><E42/><V11/><F50/><W44/><G44/><T129/><D32/><U82/><E27/><V72/><F25/><W40/><G73/><T45/><D45/><U46/><E46/><V80/><F76/><W120/><G120/><T30/><D30/><U69/><E69/><V55/><F55/><W34/><G34/><T67/><D67/><U106/><E106/><V125/><F125/><W123/><G123/><T33/><D33/><U98/><E15/><N who="2" m="7271" /><F59/><AGARI ba="1,0" hai="56,58,59,61,62,63,78,82,84,86,88,94,96,98" machi="59" ten="40,8000,1" yaku="8,1,52,3,54,1" doraHai="54" who="1" fromWho="2" sc="233,0,230,83,350,-83,187,0" /><INIT seed="5,0,0,0,0,91" ten="233,313,267,187" oya="1" hai0="78,126,37,12,124,92,113,69,95,111,114,10,14" hai1="127,26,107,9,110,41,13,109,133,29,1,70,72" hai2="68,116,35,20,121,132,52,76,65,8,94,38,56" hai3="79,80,31,120,118,21,84,130,81,85,64,71,47"/><U83/><E107/><V28/><F116/><W57/><G120/><T75/><D111/><U42/><E70/><V54/><F121/><W89/><G71/><T66/><D37/><U115/><E1/><V62/><F35/><W30/><G130/><T34/><D34/><U4/><E115/><N who="0" m="44041" /><D78/><U53/><E127/><N who="0" m="48681" /><D75/><U25/><E133/><V88/><F38/><W18/><G118/><T101/><D101/><U40/><E53/><V7/><F76/><W104/><G104/><T15/><D10/><U99/><E99/><N who="2" m="57799" /><F68/><W33/><G33/><T98/><D98/><U82/><E72/><V6/><F132/><W46/><G31/><T61/><AGARI ba="0,0" hai="12,14,15,61,66,69,92,95" m="48681,44041" machi="61" ten="40,8000,1" yaku="15,1,18,1,52,2" doraHai="91" who="0" fromWho="0" sc="233,80,313,-40,267,-20,187,-20" /><INIT seed="6,0,0,1,3,6" ten="313,273,247,167" oya="2" hai0="81,40,46,133,49,48,113,82,89,69,83,115,32" hai1="22,35,84,28,76,129,43,45,54,125,3,95,60" hai2="109,19,16,85,13,23,56,10,4,2,31,47,59" hai3="117,97,100,93,78,122,55,92,112,99,37,121,111"/><V38/><F109/><W17/><G37/><T124/><D69/><U64/><E3/><V15/><F31/><W118/><G55/><T42/><D32/><U36/><E35/><V20/><F85/><W128/><G17/><T9/><D124/><U30/><E125/><V25/><F25/><W8/><G8/><T91/><D133/><U103/><E129/><V96/><F96/><W87/><G128/><T73/><D73/><U63/><E54/><V34/><F34/><W98/><G98/><T90/><D9/><U131/><E131/><V39/><F39/><W126/><G126/><T120/><D120/><U74/><E74/><V105/><F105/><W33/><G33/><T119/><D119/><U14/><E63/><V77/><F77/><W21/><G21/><T5/><D5/><U127/><E103/><V68/><F68/><W94/><G94/><T86/><D86/><U26/><E127/><V130/><F130/><W75/><G75/><T123/><D123/><U1/><E1/><V41/><AGARI ba="0,0" hai="2,4,10,13,15,16,19,20,23,38,41,47,56,59" machi="41" ten="30,11700,0" yaku="0,1,9,1,52,1,54,1" doraHai="6" who="2" fromWho="2" sc="313,-39,273,-39,247,117,167,-39" /><INIT seed="6,1,0,3,4,64" ten="274,234,364,128" oya="2" hai0="32,29,117,6,63,53,110,17,19,12,42,35,72" hai1="120,52,66,106,118,4,59,80,5,33,13,10,20" hai2="101,126,30,98,62,100,96,58,49,43,102,87,28" hai3="121,130,11,91,47,70,109,23,85,134,51,119,99"/><V69/><F126/><W67/><G109/><T65/><D110/><U71/><E118/><V84/><F69/><W44/><G119/><T15/><D72/><U36/><E33/><V127/><F127/><W132/><G121/><T0/><D42/><U14/><E106/><V48/><F43/><W114/><G130/><T3/><D53/><U107/><E107/><V18/><F18/><W122/><G122/><T50/><D50/><N who="2" m="19562" /><F58/><W94/><G11/><N who="0" m="4215" /><D63/><U131/><E36/><V39/><F62/><W37/><G37/><T78/><D65/><U9/><E120/><V2/><F2/><N who="0" m="554" /><D78/><U16/><E131/><V95/><F39/><W97/><G47/><T133/><D117/><U25/><E80/><V92/><F102/><W75/><G75/><T86/><D86/><AGARI ba="1,0" hai="28,30,84,86,87,92,95,96,98,100,101" m="19562" machi="86" ten="30,1500,0" yaku="8,1" doraHai="64" who="2" fromWho="0" sc="274,-18,234,0,364,18,128,0" /><INIT seed="6,2,0,5,3,108" ten="256,234,382,128" oya="2" hai0="78,31,36,122,32,15,20,56,93,129,87,125,12" hai1="118,65,22,63,27,55,73,119,102,43,19,6,104" hai2="64,109,44,29,34,81,8,114,99,82,18,47,96" hai3="107,38,98,91,90,79,40,7,57,49,66,132,53"/><V100/><F109/><W33/><G33/><T74/><D36/><U128/><E73/><V83/><F64/><W89/><G132/><T45/><D74/><U51/><E128/><V71/><F71/><W37/><G37/><T95/><D32/><U123/><E123/><V135/><F135/><W131/><G131/><T28/><D56/><U76/><E43/><V62/><F62/><W112/><G79/><T23/><D45/><U30/><E76/><V46/><F29/><W60/><G7/><T106/><D78/><U94/><E104/><V70/><F70/><W13/><G13/><T130/><D87/><U59/><E6/><V117/><F117/><W5/><G5/><T103/><D103/><U52/><E55/><V14/><F34/><W54/><G54/><T126/><D106/><U110/><E110/><V58/><F58/><W35/><G35/><T25/><D25/><U26/><E26/><V24/><F24/><W121/><G121/><AGARI ba="2,0" hai="12,15,20,23,28,31,93,95,121,122,125,126,129,130" machi="121" ten="25,1600,0" yaku="22,2" doraHai="108" who="0" fromWho="3" sc="256,22,234,0,382,0,128,-22" /><INIT seed="7,0,0,0,3,91" ten="278,234,382,106" oya="3" hai0="14,22,1,107,58,37,85,26,125,132,69,56,100" hai1="33,54,86,68,31,95,61,81,0,59,28,9,35" hai2="129,128,130,111,15,41,93,45,90,113,5,27,10" hai3="122,16,20,108,57,47,115,102,39,124,23,73,62"/><W78/><G122/><T134/><D37/><U74/><E74/><V75/><F75/><W83/><G115/><T114/><D114/><U123/><E123/><V99/><F111/><W80/><G124/><T63/><D1/><U127/><E127/><V89/><F27/><W66/><G108/><T65/><D14/><U76/><E68/><V3/><F113/><W70/><G102/><T94/><D107/><U40/><E40/><V18/><F89/><W2/><G2/><T49/><D49/><U53/><E35/><V96/><F96/><W106/><G106/><T36/><D36/><U118/><E118/><V77/><F77/><W133/><G133/><N who="0" m="51307" /><D125/><U103/><E33/><V110/><F110/><W13/><G80/><T34/><D34/><U52/><E9/><V119/><F119/><W87/><G73/><T84/><D84/><U120/><E0/><V64/><F64/><W88/><G78/><T7/><D7/><U121/><E121/><V109/><F109/><W79/><G79/><T117/><D117/><U24/><E120/><V43/><F45/><W98/><G98/><N who="0" m="59479" /><D85/><U44/><E44/><V67/><F67/><W17/><G70/><T19/><AGARI ba="0,0" hai="19,22,26,56,58,63,65,69" m="59479,51307" machi="19" ten="30,2000,0" yaku="20,1,52,1" doraHai="91" who="0" fromWho="0" sc="278,20,234,-5,382,-5,106,-10" owari="298,9.8,229,-17.1,377,47.7,96,-40.4" /></mjloggm>