<mjloggm ver="2.3"><GO type="169" lobby="0"/><UN n0="%4D%75%64%46%6C%6F%77" n1="%2D%E8%B1%8A%E5%8F%A3%E3%82%81%E3%81%90%E3%81%BF%2D" n2="%68%69%74%6F%6D%69" n3="%E7%A7%98%E6%89%93%E7%99%BD%E9%B3%A5%E3%81%AE%E6%B9%96" dan="16,17,16,17" rate="2115.91,2169.60,2106.15,2136.39" sx="M,F,F,M"/><TAIKYOKU oya="0"/><INIT seed="0,0,0,5,1,97" ten="250,250,250,250" oya="0" hai0="49,114,18,120,47,112,48,44,2,127,118,25,70" hai1="61,9,73,102,37,16,29,13,7,51,43,65,22" hai2="110,108,57,87,40,74,88,90,38,42,86,27,113" hai3="111,72,10,129,99,24,28,101,15,59,104,52,82"/><T119/><D2/><U39/><E73/><V122/><F74/><W30/><G111/><N who="2" m="42537" /><F122/><W11/><G129/><T75/><D25/><U103/><E29/><V17/><F38/><W117/><G117/><N who="0" m="44555" /><D18/><U94/><E39/><V132/><F132/><W33/><G28/><T125/><D70/><U131/><E37/><V46/><F46/><N who="0" m="17450" /><D75/><U32/><E32/><V1/><F1/><W56/><G56/><T115/><D120/><U123/><E131/><V64/><F113/><W5/><G11/><T81/><D81/><U3/><E123/><V62/><F27/><W135/><G135/><T83/><D83/><U54/><E43/><N who="2" m="16427" /><F17/><W63/><G72/><T36/><D36/><U121/><E121/><V76/><F76/><W60/><REACH who="3" step="1"/><G82/><REACH who="3" ten="250,250,250,240" step="2"/><T91/><D91/><AGARI ba="0,1" hai="57,62,64,86,87,88,90,91" m="16427,42537" machi="91" ten="30,2000,0" yaku="14,1,54,1" doraHai="97" who="2" fromWho="0" sc="250,-20,250,0,250,30,240,0" /><INIT seed="1,0,0,2,5,101" ten="230,250,280,240" oya="1" hai0="16,17,28,102,23,1,21,54,118,75,135,129,9" hai1="13,52,76,96,30,5,38,58,49,22,2,85,27" hai2="88,47,46,20,59,81,26,124,36,112,45,133,94" hai3="55,10,86,66,79,110,0,134,57,103,123,43,67"/><U111/><E38/><V97/><F133/><W126/><G123/><T82/><D118/><U114/><E114/><V73/><F124/><W98/><G110/><T44/><D135/><U71/><E71/><V113/><F36/><W92/><G134/><T39/><D129/><U91/><E111/><V11/><F11/><W104/><G126/><T19/><D102/><U34/><E76/><V29/><F59/><W8/><G43/><T12/><D1/><U18/><E96/><V100/><F73/><W68/><G68/><T24/><D75/><U108/><E108/><V7/><F7/><W95/><G104/><T109/><D109/><U15/><E15/><V78/><F78/><W80/><G92/><T122/><D82/><U37/><E37/><V62/><F62/><W121/><G121/><T50/><D122/><U89/><E85/><V77/><F77/><W128/><G128/><T70/><D70/><U53/><E53/><V33/><F33/><W132/><G132/><T127/><D127/><U105/><E105/><V115/><F81/><W83/><G83/><T65/><D65/><N who="3" m="24585" /><G0/><T119/><D119/><U107/><E107/><N who="2" m="63887" /><F45/><W74/><G74/><T51/><D39/><U32/><E34/><V99/><AGARI ba="0,0" hai="20,26,29,46,47,88,94,99,112,113,115" m="63887" machi="99" ten="30,4000,0" yaku="11,1,52,1,54,1" doraHai="101" who="2" fromWho="2" sc="230,-10,250,-20,280,40,240,-10" /><INIT seed="2,0,0,2,5,129" ten="220,230,320,230" oya="2" hai0="120,35,55,37,73,61,79,16,134,15,14,1,41" hai1="98,93,44,100,64,3,4,62,59,125,10,89,57" hai2="74,12,90,9,75,108,53,20,6,103,124,132,54" hai3="56,110,45,116,84,26,96,31,105,25,121,94,27"/><V130/><F130/><W43/><G116/><T65/><D35/><U40/><E125/><V128/><F128/><W19/><G121/><T7/><D15/><U104/><E59/><V13/><F124/><W24/><G110/><T28/><D28/><U68/><E68/><V118/><F118/><W11/><G105/><T72/><D55/><U22/><E22/><V21/><F103/><W30/><G84/><T51/><D51/><U111/><E111/><V8/><F90/><W85/><G85/><T82/><D72/><U88/><REACH who="1" step="1"/><E104/><REACH who="1" ten="220,220,320,230" step="2"/><V114/><F108/><W86/><G56/><T70/><D70/><U52/><E52/><V91/><F114/><W76/><G31/><T117/><D117/><U48/><AGARI ba="0,1" hai="3,4,10,40,44,48,57,62,64,88,89,93,98,100" machi="48" ten="20,5200,0" yaku="1,1,0,1,7,1,54,1,53,0" doraHai="129" doraHaiUra="119" who="1" fromWho="1" sc="220,-13,220,62,320,-26,230,-13" /><INIT seed="3,0,0,2,0,118" ten="207,282,294,217" oya="3" hai0="111,67,61,52,121,35,126,116,80,9,34,15,113" hai1="3,88,95,117,10,107,31,44,94,49,14,23,105" hai2="5,43,30,53,83,26,54,7,36,39,99,12,92" hai3="25,131,97,130,41,50,132,19,109,20,122,4,103"/><W28/><G132/><T22/><D116/><U29/><E117/><V79/><F39/><W75/><G75/><T110/><D126/><U24/><E3/><V135/><F135/><W125/><G125/><T13/><D113/><U106/><E31/><V86/><F36/><W115/><G115/><T128/><D128/><N who="3" m="49193" /><G4/><T57/><D80/><U2/><E2/><V100/><F43/><W93/><G109/><N who="0" m="41483" /><D22/><U96/><E94/><V0/><F0/><W127/><G127/><T98/><D15/><U1/><E1/><V108/><F108/><W56/><G28/><T55/><D98/><U123/><E123/><V38/><F38/><W85/><G85/><T59/><D121/><U40/><REACH who="1" step="1"/><E107/><REACH who="1" ten="207,272,294,217" step="2"/><V71/><F92/><W27/><G122/><T65/><D34/><U120/><E120/><V32/><F32/><W73/><G93/><T133/><D35/><U119/><E119/><V104/><F104/><W87/><G97/><T84/><D133/><U74/><E74/><V77/><F30/><W91/><G73/><T21/><D84/><U90/><E90/><V8/><F99/><W46/><G91/><T62/><D21/><U48/><E48/><V129/><F129/><W16/><G87/><T124/><D124/><U47/><E47/><V18/><F86/><W63/><G20/><T68/><D68/><U11/><E11/><V64/><F71/><W6/><G46/><T37/><D37/><U76/><E76/><V112/><F79/><W42/><G50/><T70/><D70/><U45/><E45/><V58/><F77/><W72/><G72/><T82/><D82/><RYUUKYOKU ba="0,1" sc="207,15,272,15,294,-15,217,-15" hai0="9,13,52,55,57,59,61,62,65,67" hai1="10,14,23,24,29,40,44,49,88,95,96,105,106" /><INIT seed="4,1,1,1,0,91" ten="222,287,279,202" oya="0" hai0="104,52,100,78,2,114,128,115,82,24,10,33,93" hai1="66,63,120,129,9,64,32,57,84,62,18,73,99" hai2="56,20,14,106,110,116,124,111,122,133,37,105,16" hai3="67,135,17,132,121,41,15,117,92,102,77,45,97"/><T22/><D33/><U48/><E73/><V130/><F122/><W7/><G117/><T8/><D104/><U123/><E32/><V101/><F37/><W127/><G121/><T58/><D2/><U94/><E129/><V29/><F130/><W81/><G67/><T119/><D119/><U36/><E36/><V70/><F70/><W118/><G127/><T131/><D131/><U34/><E34/><V95/><F124/><W23/><G7/><T12/><D128/><U125/><E125/><V5/><F106/><W68/><G68/><T54/><D100/><U85/><E123/><V6/><F105/><W80/><G118/><T72/><D93/><U61/><E120/><V43/><F43/><W25/><G25/><T55/><D58/><U65/><E9/><V98/><F133/><N who="3" m="51275" /><G77/><T3/><D3/><U126/><E18/><V31/><F111/><W1/><G1/><T38/><D38/><AGARI ba="1,1" hai="15,17,23,38,41,45,80,81,92,97,102" m="51275" machi="38" ten="30,2000,0" yaku="20,1,52,1" doraHai="91" who="3" fromWho="0" sc="222,-23,287,0,279,0,202,33" /><INIT seed="5,0,0,2,5,14" ten="199,287,279,235" oya="1" hai0="33,31,34,39,81,83,30,68,23,126,48,129,95" hai1="115,90,41,76,40,130,27,65,101,77,82,25,42" hai2="64,113,52,60,134,22,58,13,45,93,18,102,54" hai3="19,78,47,69,97,44,99,63,122,84,32,116,123"/><U75/><E115/><V86/><F134/><W15/><G32/><T17/><D39/><U105/><E130/><V6/><F113/><W3/><G3/><T124/><D68/><U120/><E120/><V37/><F37/><W127/><G127/><N who="0" m="48683" /><D48/><U104/><E77/><V28/><F45/><W50/><G116/><T24/><D95/><U112/><E112/><V59/><F6/><W29/><G29/><N who="0" m="10763" /><D129/><U51/><E65/><V7/><F7/><W73/><G73/><T43/><D43/><U67/><E67/><V135/><F135/><W38/><G38/><T106/><D106/><U125/><E125/><V20/><F59/><W49/><G63/><T89/><D89/><U10/><E90/><N who="2" m="53463" /><F102/><W121/><G69/><T4/><D4/><U91/><E91/><V71/><F71/><W109/><G47/><T85/><D85/><U100/><E105/><V114/><F114/><W96/><G44/><T26/><D26/><AGARI ba="0,0" hai="13,18,20,22,26,28,52,54,58,60,64" m="53463" machi="26" ten="30,3900,0" yaku="8,1,52,1,54,1" doraHai="14" who="2" fromWho="0" sc="199,-39,287,0,279,39,235,0" /><INIT seed="6,0,0,0,4,13" ten="160,287,318,235" oya="2" hai0="117,83,1,87,43,63,64,0,123,89,93,130,66" hai1="108,70,81,135,72,38,92,100,75,26,111,103,82" hai2="71,23,128,73,109,18,131,22,35,134,95,50,107" hai3="62,34,16,79,54,114,6,112,118,2,65,105,19"/><V113/><F107/><W67/><G118/><T44/><D130/><N who="2" m="49706" /><F73/><W30/><G105/><T49/><D123/><U86/><E70/><V39/><F39/><W98/><G79/><T61/><D117/><U21/><E38/><V57/><F71/><W55/><G98/><T90/><D63/><U11/><E11/><V76/><F76/><W69/><G65/><T7/><D7/><U8/><E8/><V60/><F35/><W9/><G30/><T15/><D64/><U127/><E21/><V102/><F23/><W80/><G80/><T3/><D15/><U115/><E26/><N who="2" m="14679" /><F50/><W121/><G34/><T77/><REACH who="0" step="1"/><D93/><REACH who="0" ten="150,287,318,235" step="2"/><U24/><E92/><V56/><F60/><W94/><G94/><T51/><D51/><U12/><E12/><V78/><F95/><W58/><G121/><T40/><D40/><U104/><E104/><V125/><F109/><W29/><G55/><T36/><D36/><U25/><E111/><V119/><F119/><W74/><G54/><T59/><AGARI ba="0,1" hai="0,1,3,43,44,49,59,61,66,77,83,87,89,90" machi="59" ten="30,2000,0" yaku="1,1,0,1,53,0" doraHai="13" doraHaiUra="116" who="0" fromWho="0" sc="150,30,287,-5,318,-10,235,-5" /><INIT seed="7,0,0,5,5,122" ten="180,282,308,230" oya="3" hai0="45,63,67,71,10,42,114,90,75,111,11,79,55" hai1="35,98,112,5,64,39,101,104,115,1,121,61,37" hai2="53,32,2,134,17,91,43,66,34,4,57,7,58" hai3="95,46,3,86,130,100,65,124,28,22,119,89,127"/><W54/><G119/><T52/><D90/><U88/><E35/><V12/><F2/><W29/><G3/><T131/><D75/><U83/><E121/><V108/><F108/><W27/><G130/><T23/><D79/><U8/><E88/><V93/><F34/><W113/><G113/><N who="1" m="43594" /><E83/><V16/><F43/><W97/><G65/><T77/><D77/><U128/><E128/><V25/><F134/><W24/><G54/><T87/><D131/><U85/><E85/><N who="2" m="52463" /><F32/><W30/><G46/><T109/><D87/><U47/><E47/><V117/><F117/><W92/><REACH who="3" step="1"/><G27/><REACH who="3" ten="180,282,308,220" step="2"/><T14/><D114/><U94/><E104/><V135/><F66/><W133/><G133/><T123/><D123/><U21/><E21/><N who="2" m="13479" /><F135/><W82/><G82/><T69/><D23/><U19/><E19/><AGARI ba="0,1" hai="19,22,24,28,29,30,86,89,92,95,97,100,124,127" machi="19" ten="40,2000,0" yaku="1,1,53,0" doraHai="122" doraHaiUra="103" who="3" fromWho="1" sc="180,0,282,-20,308,0,220,30" /><INIT seed="7,1,0,5,5,27" ten="180,262,308,250" oya="3" hai0="128,51,10,23,14,61,15,44,89,108,100,77,31" hai1="12,50,101,121,103,66,107,2,9,106,74,45,30" hai2="47,71,105,90,82,115,88,123,127,22,125,57,59" hai3="67,37,110,126,112,120,1,122,111,87,78,63,91"/><W70/><G1/><T8/><D108/><N who="3" m="41513" /><G37/><T68/><D128/><U34/><E74/><V84/><F71/><W36/><G36/><T81/><D100/><U116/><E2/><V17/><F115/><W49/><G112/><T46/><D89/><U6/><E121/><V75/><F123/><W42/><G78/><T52/><D44/><U43/><E66/><V118/><F118/><W28/><G126/><N who="2" m="48137" /><F75/><W33/><G49/><T54/><D68/><U113/><E113/><V53/><F105/><W60/><G60/><T25/><D61/><U18/><E116/><V129/><F129/><W20/><G33/><T117/><D54/><U94/><E107/><V80/><F47/><W92/><G42/><T130/><D130/><U104/><E104/><V102/><F102/><W65/><G65/><T5/><D117/><U134/><E106/><V114/><F114/><W119/><G119/><T41/><D41/><U86/><E103/><V96/><F53/><W29/><G20/><T98/><D98/><U79/><E79/><V35/><F35/><W69/><G69/><T124/><D124/><U16/><E101/><V19/><F22/><W26/><G26/><T133/><D133/><U62/><E134/><V56/><F96/><W40/><G40/><T55/><D55/><U32/><E32/><V13/><F13/><W132/><G132/><T109/><D109/><U64/><E64/><V93/><F90/><W4/><G4/><N who="0" m="3335" /><D77/><U97/><E62/><V24/><F24/><W11/><G122/><T83/><AGARI ba="1,0" hai="5,10,15,23,25,31,46,51,52,81,83" m="3335" machi="83" ten="30,4000,0" yaku="8,1,52,1,54,1" doraHai="27" who="0" fromWho="0" sc="180,43,262,-11,308,-11,250,-21" /><INIT seed="8,0,0,3,1,75" ten="223,251,297,229" oya="0" hai0="109,127,38,3,20,51,95,1,123,101,55,85,77" hai1="97,27,128,63,72,4,108,134,69,102,135,68,40" hai2="35,12,66,64,0,8,86,78,41,52,59,7,110" hai3="16,132,111,31,56,10,2,124,49,92,104,11,131"/><T60/><D123/><U70/><E108/><V98/><F110/><W122/><G104/><T36/><D109/><U14/><E40/><V44/><F35/><W37/><G37/><T133/><D60/><U125/><E72/><V115/><F115/><W61/><G111/><T99/><D127/><U103/><E125/><V74/><F98/><W106/><G106/><T17/><D133/><U114/><E128/><V18/><F74/><W119/><G124/><T62/><D62/><U71/><E27/><V65/><F78/><W107/><G107/><T48/><D36/><U81/><E81/><V45/><F86/><W23/><G31/><T100/><D38/><U118/><E118/><V129/><F41/><W113/><G2/><T22/><D101/><U82/><E82/><V19/><F129/><W54/><G113/><T9/><D51/><U79/><E79/><V42/><F42/><W58/><G119/><T24/><D9/><N who="1" m="4391" /><E97/><V83/><F83/><W87/><G132/><N who="1" m="50730" /><E114/><V33/><F33/><W21/><G21/><T50/><D22/><U46/><E46/><N who="2" m="18027" /><F0/><W116/><G116/><T6/><D6/><U32/><E32/><V121/><F121/><W28/><G122/><T67/><D67/><AGARI ba="0,0" hai="63,67,68,69,70,71,102,103" m="50730,4391" machi="67" ten="40,1300,0" yaku="20,1" doraHai="75" who="1" fromWho="0" sc="223,-13,251,13,297,0,229,0" /><INIT seed="9,0,0,1,3,126" ten="210,264,297,229" oya="1" hai0="18,121,102,110,7,59,68,72,66,75,86,124,55" hai1="128,127,74,131,119,125,95,81,10,44,103,101,51" hai2="12,23,115,135,17,56,5,27,22,93,1,123,91" hai3="118,100,25,80,6,2,63,77,34,49,106,130,88"/><U30/><E119/><V21/><F123/><W78/><G118/><T3/><D110/><U38/><E38/><V40/><F135/><W84/><G2/><T90/><D124/><N who="1" m="47691" /><E30/><V122/><F122/><W67/><G6/><T28/><D121/><U41/><E10/><V107/><F107/><W120/><G120/><T33/><D102/><N who="1" m="38923" /><E95/><V19/><F115/><W96/><G49/><T64/><D18/><N who="2" m="6666" /><F40/><W48/><G48/><T62/><D66/><U16/><E16/><N who="2" m="12711" /><F56/><W35/><G35/><T105/><D105/><U58/><E58/><V52/><F52/><W116/><G116/><T85/><D28/><U70/><E70/><V83/><F83/><W79/><G34/><T87/><D33/><U76/><AGARI ba="0,0" hai="41,44,51,74,76,81,128,131" m="38923,47691" machi="76" ten="40,7800,0" yaku="18,1,52,2" doraHai="126" who="1" fromWho="1" sc="210,-26,264,78,297,-26,229,-26" owari="184,-31.6,342,44.2,271,7.1,203,-19.7" /></mjloggm>