<mjloggm ver="2.3"><GO type="169" lobby="0"/><UN n0="%E3%81%8B%E3%81%A3%E3%81%95%E3%83%BC" n1="%E3%83%9F%E3%83%83%E3%82%AD%E3%83%BC%30%37%31%30" n2="%E6%88%B8%E9%83%B7%E7%BF%94%E5%BE%81" n3="%E3%81%AA%E3%82%93%E3%81%93%E3%81%86" dan="16,17,17,16" rate="2148.57,2191.03,2201.19,2058.03" sx="M,M,M,M"/><TAIKYOKU oya="0"/><INIT seed="0,0,0,5,5,75" ten="250,250,250,250" oya="0" hai0="54,23,51,130,37,116,114,83,124,71,14,135,113" hai1="53,74,82,112,63,92,10,33,97,121,128,67,57" hai2="86,107,36,47,76,39,46,3,109,88,72,48,9" hai3="52,5,70,43,65,80,2,49,11,102,93,95,12"/><T41/><D116/><U132/><E121/><V126/><F109/><W31/><G43/><T26/><D130/><U20/><E33/><V108/><F108/><W118/><G118/><T16/><D135/><U7/><E128/><V28/><F107/><W81/><G31/><T120/><D120/><U27/><E132/><V133/><F28/><W89/><G102/><T24/><D71/><U100/><E112/><V17/><F126/><W119/><G119/><T1/><D1/><U25/><E67/><V134/><F47/><W84/><G2/><T0/><D0/><U64/><E53/><V34/><F34/><W45/><REACH who="3" step="1"/><G81/><REACH who="3" ten="250,250,250,240" step="2"/><T4/><D124/><U106/><E106/><V55/><F3/><W6/><G6/><T127/><D127/><U103/><E100/><V110/><F134/><W73/><G73/><T101/><D101/><U13/><REACH who="1" step="1"/><E20/><REACH who="1" ten="250,240,250,240" step="2"/><V22/><F22/><W94/><G94/><T35/><D35/><U42/><E42/><V66/><F133/><W60/><AGARI ba="0,2" hai="5,11,12,45,49,52,60,65,70,80,84,89,93,95" machi="60" ten="30,4000,0" yaku="1,1,0,1,54,1,53,0" doraHai="75" doraHaiUra="69" who="3" fromWho="3" sc="250,-20,240,-10,250,-10,240,60" /><INIT seed="1,0,0,0,1,108" ten="230,230,240,300" oya="1" hai0="29,113,87,126,101,16,67,134,4,124,107,0,125" hai1="15,34,49,100,40,14,7,52,106,127,80,36,50" hai2="35,71,119,129,122,48,25,85,116,78,23,75,8" hai3="55,60,79,130,56,83,33,69,45,68,32,111,59"/><U37/><E34/><V61/><F122/><W132/><G111/><T12/><D134/><U133/><E133/><V121/><F121/><W112/><G132/><T1/><D29/><U62/><E127/><V39/><F39/><W9/><G130/><T2/><D113/><U6/><E106/><V93/><F35/><W135/><G135/><T30/><D30/><U17/><E100/><V64/><F129/><W117/><G117/><T123/><D123/><U11/><E40/><V82/><F8/><W65/><G45/><T91/><D67/><U99/><E99/><V73/><F73/><W19/><G112/><T77/><D77/><U86/><E37/><V51/><F51/><N who="1" m="19465" /><E36/><V27/><F27/><W114/><G114/><T95/><D101/><U22/><E6/><V10/><F10/><W84/><G68/><T24/><D24/><U38/><E38/><V120/><F48/><W53/><G69/><T13/><D107/><U105/><E105/><V98/><F75/><W18/><G33/><T109/><D109/><U5/><E5/><V44/><F44/><W3/><G32/><T20/><D13/><U42/><E42/><V63/><F63/><N who="3" m="36239" /><G3/><T81/><REACH who="0" step="1"/><D4/><REACH who="0" ten="220,230,240,300" step="2"/><U31/><E31/><V115/><F120/><W110/><G110/><T72/><D72/><U94/><E7/><V92/><F115/><W46/><G19/><T104/><D104/><U41/><E41/><V54/><F116/><W21/><G18/><T26/><D26/><U89/><E15/><V131/><F25/><W66/><G46/><T28/><D28/><U76/><E17/><V74/><F119/><RYUUKYOKU ba="0,1" sc="220,30,230,-10,240,-10,300,-10" hai0="0,1,2,12,16,20,81,87,91,95,124,125,126" /><INIT seed="2,1,1,1,1,37" ten="250,220,230,290" oya="2" hai0="43,124,54,85,104,49,89,93,36,88,95,62,48" hai1="91,55,47,121,68,126,70,120,84,1,119,99,51" hai2="74,110,50,65,83,40,134,75,6,130,5,7,23" hai3="29,76,96,125,114,13,11,115,87,117,106,108,97"/><V118/><F118/><W45/><G117/><T24/><D124/><U69/><E119/><V67/><F130/><W2/><G125/><T42/><D104/><U14/><E126/><V12/><F134/><W30/><G108/><T32/><D36/><U113/><E1/><V105/><F105/><W15/><G2/><T57/><D32/><U25/><E113/><N who="3" m="43018" /><G15/><T107/><D107/><U61/><E99/><N who="3" m="37962" /><G106/><T100/><D100/><U53/><E25/><V59/><F110/><W18/><G45/><T78/><D78/><U17/><E61/><V133/><F133/><W4/><G4/><T21/><D89/><U128/><E128/><V64/><F83/><AGARI ba="1,1" hai="11,13,18,29,30,76,83,87" m="37962,43018" machi="83" ten="30,1000,0" yaku="11,1" doraHai="37" who="3" fromWho="2" sc="250,0,220,0,230,-13,290,23" /><INIT seed="3,0,0,1,5,122" ten="250,220,217,313" oya="3" hai0="9,3,134,114,75,31,4,0,106,102,46,72,133" hai1="85,63,38,66,74,21,108,77,131,16,79,113,120" hai2="118,98,126,7,5,88,36,17,30,47,105,96,34" hai3="62,39,123,29,49,116,91,2,103,48,117,132,99"/><W92/><G123/><T115/><D46/><U45/><E120/><V15/><F118/><W41/><G2/><N who="0" m="151" /><D102/><U8/><E113/><N who="0" m="43017" /><D106/><U89/><E108/><V22/><F126/><W65/><G132/><N who="0" m="50795" /><D31/><U124/><E124/><V71/><F71/><W60/><G29/><T70/><D70/><U51/><E38/><V90/><F105/><W55/><G103/><T35/><D35/><U135/><E135/><V24/><F98/><W20/><G39/><T109/><D109/><U107/><E107/><V73/><F73/><AGARI ba="0,0" hai="0,3,72,73,75" m="50795,43017,151" machi="73" ten="40,5200,0" yaku="11,1,20,1,23,1" doraHai="122" who="0" fromWho="2" sc="250,52,220,0,217,-52,313,0" /><INIT seed="4,0,0,0,3,112" ten="302,220,165,313" oya="0" hai0="50,125,57,26,66,93,25,53,30,48,107,36,81" hai1="71,46,45,17,88,73,122,90,24,20,80,18,6" hai2="39,5,8,14,132,47,108,127,52,78,135,7,102" hai3="115,44,113,32,34,94,10,61,134,51,41,29,131"/><T106/><D36/><U130/><E71/><V72/><F108/><W111/><G111/><T119/><D125/><U0/><E122/><V75/><F127/><W117/><G131/><T121/><D121/><U27/><E130/><V114/><F114/><N who="3" m="43531" /><G134/><N who="2" m="51241" /><F102/><W97/><G29/><T98/><D119/><U84/><E73/><N who="2" m="28235" /><F78/><W3/><G117/><T95/><D66/><U38/><E38/><V35/><F39/><W23/><G23/><T68/><D68/><U28/><E90/><V126/><F35/><W64/><G10/><T99/><D30/><U100/><E100/><V109/><F126/><W86/><G86/><T49/><D57/><U63/><E63/><V58/><F47/><W19/><G3/><T54/><REACH who="0" step="1"/><D50/><REACH who="0" ten="292,220,165,313" step="2"/><U87/><E45/><V120/><F120/><W74/><G44/><T11/><D11/><U110/><E46/><V69/><F69/><W129/><G51/><T2/><D2/><U15/><E0/><V105/><F109/><W77/><G129/><T62/><D62/><U56/><E110/><V128/><F128/><W16/><G61/><T89/><D89/><U79/><E56/><V59/><F59/><W67/><G64/><T91/><D91/><U92/><E28/><V33/><F33/><N who="3" m="12907" /><G67/><T37/><D37/><U133/><E133/><V31/><F31/><W22/><G41/><T4/><D4/><U9/><E6/><V13/><F7/><W96/><G22/><T43/><D43/><U60/><E60/><V70/><F70/><W83/><G77/><T123/><D123/><U101/><E101/><V103/><F103/><W116/><G116/><RYUUKYOKU ba="0,1" sc="292,15,220,15,165,-15,313,-15" hai0="25,26,48,49,53,54,81,93,95,98,99,106,107" hai1="9,15,17,18,20,24,27,79,80,84,87,88,92" /><INIT seed="4,1,1,5,3,26" ten="307,235,150,298" oya="0" hai0="115,72,1,126,44,13,116,99,82,124,75,68,113" hai1="89,83,76,100,103,5,59,108,95,61,42,111,30" hai2="9,91,51,121,39,27,25,69,67,19,28,133,104" hai3="63,0,37,56,29,132,123,36,43,93,22,106,10"/><T64/><D1/><U33/><E42/><V129/><F39/><W81/><G106/><T66/><D68/><U96/><E5/><V117/><F121/><W7/><G123/><T112/><D116/><U70/><E70/><V105/><F117/><W90/><G132/><T6/><D99/><U120/><E120/><V71/><F129/><W8/><G81/><T45/><D13/><U49/><E49/><V23/><F9/><W24/><G10/><T41/><D82/><U114/><E114/><V47/><F91/><W80/><G80/><T11/><D11/><U127/><E127/><N who="0" m="48681" /><D41/><U52/><E108/><V18/><F18/><W62/><G43/><T50/><D50/><U78/><E111/><V79/><F79/><W118/><G62/><T122/><D6/><U53/><E53/><V97/><F133/><W3/><G3/><T54/><D54/><U102/><REACH who="1" step="1"/><E83/><REACH who="1" ten="307,225,150,298" step="2"/><V65/><F71/><W34/><G118/><T20/><D122/><U73/><E73/><N who="0" m="28233" /><D20/><U12/><E12/><V119/><F69/><W4/><G22/><T109/><D109/><U134/><E134/><V94/><F119/><W84/><G7/><T55/><D55/><AGARI ba="1,2" hai="0,4,8,24,29,34,36,37,55,56,63,84,90,93" machi="55" ten="30,2000,0" yaku="7,1,52,1" doraHai="26" who="3" fromWho="0" sc="307,-23,225,0,150,0,298,43" /><INIT seed="5,0,0,5,3,26" ten="284,225,150,341" oya="1" hai0="38,90,70,10,98,111,68,5,78,86,120,82,2" hai1="23,84,118,117,110,106,39,52,54,9,17,116,101" hai2="105,12,73,46,100,21,8,102,47,57,125,79,56" hai3="80,65,67,1,20,40,44,115,3,55,27,7,63"/><U132/><E39/><V69/><F69/><W94/><G115/><T72/><D111/><U31/><E110/><V18/><F125/><W29/><G55/><T113/><D113/><U64/><E132/><V83/><F102/><W19/><G7/><T30/><D120/><U13/><E64/><V66/><F100/><W123/><G123/><T134/><D134/><U11/><E84/><V16/><F105/><W34/><G94/><T122/><D122/><U37/><E37/><V76/><F76/><W51/><G80/><T81/><D98/><U97/><REACH who="1" step="1"/><E9/><REACH who="1" ten="284,215,150,341" step="2"/><V119/><F66/><W41/><G67/><T129/><D38/><U87/><E87/><N who="2" m="48639" /><F119/><W28/><G65/><T71/><D71/><U33/><E33/><V121/><F121/><W96/><G34/><T0/><D70/><U32/><E32/><V108/><F108/><W104/><G96/><T107/><D68/><U48/><E48/><V43/><F73/><W92/><G51/><T127/><D72/><U91/><E91/><V75/><F75/><W58/><G63/><T131/><D90/><U35/><E35/><V109/><F109/><W130/><G20/><T53/><D86/><U61/><E61/><V15/><F43/><W25/><G41/><T88/><D88/><U14/><E14/><V59/><AGARI ba="0,1" hai="8,12,15,16,18,21,46,47,56,57,59" m="48639" machi="59" ten="30,2000,0" yaku="8,1,54,1" doraHai="26" who="2" fromWho="2" sc="284,-5,215,-10,150,30,341,-5" /><INIT seed="6,0,0,3,3,119" ten="279,205,180,336" oya="2" hai0="56,111,110,108,120,24,41,50,106,26,128,76,10" hai1="69,134,51,4,99,107,64,129,131,11,17,122,125" hai2="22,71,81,79,36,97,54,6,121,88,126,94,28" hai3="100,124,95,74,61,31,16,127,34,38,123,9,70"/><V57/><F71/><W44/><G123/><T37/><D120/><U49/><E122/><V96/><F121/><W52/><G74/><T78/><D106/><U104/><E125/><N who="3" m="48202" /><G34/><T83/><D37/><U27/><E134/><V86/><F126/><W135/><G31/><T92/><D128/><N who="1" m="49227" /><E64/><V109/><F109/><W133/><G100/><T20/><D26/><U77/><E77/><V87/><F6/><W25/><G95/><T67/><D92/><U114/><E114/><V62/><REACH who="2" step="1"/><F36/><REACH who="2" ten="279,205,170,336" step="2"/><W89/><G38/><T60/><D110/><U91/><E69/><V105/><F105/><W2/><G70/><T93/><D108/><U1/><E104/><V132/><F132/><W113/><G135/><T5/><D111/><U101/><E91/><V39/><F39/><W102/><G89/><T46/><D5/><U82/><E82/><V53/><F53/><W63/><G52/><T98/><D83/><U130/><E130/><V116/><F116/><W118/><G118/><T103/><D10/><U19/><E4/><V33/><F33/><W35/><G35/><T68/><D68/><U0/><E11/><V48/><F48/><W58/><G133/><T12/><D50/><U15/><E51/><V14/><F14/><W73/><G9/><T115/><D12/><U40/><E15/><V32/><F32/><W65/><G65/><T47/><D115/><U13/><E13/><V85/><F85/><W42/><G113/><T23/><D67/><U66/><E66/><V45/><F45/><W80/><G44/><T43/><D47/><N who="1" m="25831" /><E27/><AGARI ba="0,1" hai="22,27,28,54,57,62,79,81,86,87,88,94,96,97" machi="27" ten="40,7700,0" yaku="1,1,8,1,54,1,53,0" doraHai="119" doraHaiUra="29" who="2" fromWho="1" sc="279,0,205,-77,170,87,336,0" /><INIT seed="6,1,0,4,5,96" ten="279,128,257,336" oya="2" hai0="30,111,53,97,9,123,92,51,72,58,131,34,90" hai1="79,33,24,2,5,26,114,84,118,61,54,121,73" hai2="52,119,43,76,7,38,8,65,134,98,63,28,41" hai3="11,10,94,27,95,85,46,67,74,40,45,108,133"/><V116/><F134/><W56/><G108/><T100/><D123/><U17/><E118/><V36/><F28/><W104/><G74/><T122/><D122/><U68/><E73/><V115/><F76/><W124/><G104/><T48/><D111/><U99/><E114/><V109/><F109/><W69/><G69/><T49/><D72/><U39/><E121/><V18/><F18/><W19/><G124/><T44/><D131/><U132/><E39/><N who="2" m="14891" /><F98/><W105/><G105/><T1/><D34/><U71/><E33/><V107/><F107/><W62/><G40/><N who="2" m="15433" /><F8/><N who="3" m="3115" /><G133/><T42/><D30/><U66/><E71/><N who="2" m="42431" /><F7/><W91/><G95/><T126/><D126/><U6/><E2/><V77/><F77/><W110/><G110/><T47/><D9/><U29/><E5/><V130/><F115/><W25/><G25/><T57/><D1/><U4/><E4/><V88/><F88/><W80/><G80/><T12/><D12/><U87/><E6/><V125/><F125/><W0/><G0/><T83/><D83/><U23/><E132/><V101/><F101/><W55/><G19/><T22/><D22/><U70/><E17/><V135/><F135/><W20/><G20/><T16/><D16/><U31/><E26/><V89/><F89/><W15/><G27/><T13/><D13/><U21/><E21/><V64/><F64/><W82/><G15/><T128/><D90/><U113/><E31/><V60/><F130/><W127/><G127/><T37/><D128/><U32/><E32/><V102/><F102/><W59/><G82/><T106/><D106/><U112/><E112/><RYUUKYOKU ba="1,0" sc="279,10,128,-30,257,10,336,10" hai0="37,42,44,47,48,49,51,53,57,58,92,97,100" hai2="52,60,116,119" hai3="45,46,55,56,59,62,67,85,91,94" /><INIT seed="6,2,0,3,0,60" ten="289,98,267,346" oya="2" hai0="33,113,3,114,18,61,8,83,38,75,84,119,70" hai1="19,20,27,57,133,98,112,16,6,69,36,13,104" hai2="105,31,73,46,26,54,5,94,122,91,25,89,95" hai3="90,9,99,53,132,76,52,72,51,120,11,35,101"/><V63/><F105/><W1/><G120/><T97/><D38/><U116/><E69/><V71/><F73/><W68/><G35/><T49/><D119/><U109/><E116/><V135/><F122/><W66/><G132/><T0/><D33/><U124/><E36/><V77/><F77/><W115/><G115/><N who="0" m="44043" /><D75/><U100/><E112/><V125/><F125/><W67/><G90/><T87/><D49/><U48/><E109/><V14/><F71/><W108/><G108/><T130/><D97/><U79/><E124/><V28/><F135/><W58/><G68/><T43/><D43/><U106/><E133/><V80/><F80/><W62/><G76/><T93/><D93/><U42/><E6/><V55/><F63/><W41/><G41/><T56/><D87/><U4/><E4/><V30/><F5/><W81/><G81/><T2/><D130/><U40/><E79/><V29/><F14/><W92/><G72/><T118/><D118/><U102/><E102/><V85/><N who="2" m="7168" /><DORA hai="37" /><V44/><F44/><N who="3" m="27751" /><G1/><T34/><D34/><U23/><REACH who="1" step="1"/><E106/><REACH who="1" ten="289,88,267,346" step="2"/><V10/><F91/><W82/><G82/><T39/><D39/><U110/><E110/><V21/><F89/><W126/><G126/><T88/><D70/><U65/><E65/><AGARI ba="2,1" hai="9,11,53,58,62,65,66,67,92,99,101" m="27751" machi="65" ten="30,8000,1" yaku="8,1,52,3,54,1" doraHai="60,37" who="3" fromWho="1" sc="289,0,88,-86,267,0,346,96" /><INIT seed="7,0,0,0,3,43" ten="289,2,267,442" oya="3" hai0="56,12,128,53,44,28,121,19,39,92,50,62,49" hai1="132,6,99,14,9,91,75,45,98,47,33,64,48" hai2="103,133,67,21,22,135,20,113,10,1,60,83,116" hai3="71,89,59,114,117,87,26,131,130,84,8,46,123"/><W72/><G71/><T27/><D121/><U63/><E75/><V35/><F35/><W32/><G72/><T2/><D2/><U115/><E33/><V15/><F1/><W25/><G117/><T55/><D128/><U110/><E110/><V69/><F116/><W105/><G105/><T100/><D39/><U41/><E115/><V85/><F103/><W58/><G114/><T13/><D19/><U0/><E132/><V82/><F113/><W122/><G8/><T109/><D109/><U66/><E0/><V42/><F42/><W97/><G32/><T93/><D50/><U61/><E61/><V18/><REACH who="2" step="1"/><F85/><REACH who="2" ten="289,2,257,442" step="2"/><W94/><G87/><T24/><D100/><U74/><E74/><V107/><F107/><W23/><G84/><T30/><D30/><U102/><E102/><V111/><F111/><W57/><G123/><T7/><D28/><U40/><E91/><V31/><F31/><W88/><G122/><T70/><D70/><U129/><E129/><V38/><F38/><W51/><G89/><T54/><D54/><U11/><E11/><V76/><F76/><W79/><G79/><T3/><D3/><U96/><E63/><V108/><F108/><W17/><G130/><T127/><D127/><U112/><E112/><V4/><F4/><W29/><G131/><T119/><D119/><U77/><E77/><V68/><F68/><W90/><G90/><T134/><D134/><AGARI ba="0,1" hai="10,15,18,20,21,22,60,67,69,82,83,133,134,135" machi="134" ten="40,2600,0" yaku="1,1,20,1,53,0" doraHai="43" doraHaiUra="120" who="2" fromWho="0" sc="289,-26,2,0,257,36,442,0" owari="263,-13.7,2,-49.8,293,9.3,442,54.2" /></mjloggm>