<mjloggm ver="2.3"><GO type="225" lobby="0"/><UN n0="%E5%B0%8F%E9%B3%A5%E9%81%8A%E7%B7%B4%E7%84%A1%32%31%E6%AD%B3" n1="%72%61%6B%33" n2="%E6%97%A5%E6%9B%9C%E6%97%A5%E3%82%88%E3%82%8A%E3%81%AE%E4%BD%BF%E8%80%85" n3="%E5%91%A8%E6%9D%B1" dan="16,16,17,16" rate="2175.81,2114.12,2221.16,2161.83" sx="F,M,M,M"/><TAIKYOKU oya="0"/><INIT seed="0,0,0,2,4,107" ten="250,250,250,250" oya="0" hai0="53,50,80,134,79,28,99,108,10,92,104,130,81" hai1="2,51,100,30,72,37,11,34,86,110,69,29,71" hai2="25,46,63,19,83,26,93,38,32,17,114,14,44" hai3="18,13,127,55,67,124,6,65,91,49,77,22,24"/><T3/><D130/><U16/><E37/><V40/><F114/><W27/><G77/><T131/><D131/><U58/><E110/><V76/><F32/><W89/><G6/><T33/><D134/><U31/><E34/><V101/><F63/><W57/><G124/><T78/><D104/><U111/><E111/><V132/><F132/><W122/><G122/><T123/><D123/><U118/><E118/><V90/><F101/><W98/><G127/><T60/><D60/><U56/><E100/><V70/><F70/><W42/><G42/><T54/><D28/><U47/><E72/><V117/><F46/><W59/><G59/><T95/><D33/><U73/><E73/><V106/><F106/><W125/><G125/><T8/><D108/><U0/><E0/><V96/><F117/><W103/><G103/><T43/><D99/><U94/><E71/><V112/><F112/><W39/><G39/><T129/><D129/><U7/><E69/><V48/><F38/><W4/><G4/><T126/><D126/><U1/><E16/><N who="2" m="6219" /><F14/><W45/><G45/><T115/><D115/><U84/><E1/><V61/><F61/><W105/><G105/><T68/><D68/><U128/><E128/><V66/><F66/><N who="3" m="25099" /><G98/><T23/><D3/><U64/><E64/><V62/><F62/><W88/><AGARI ba="0,0" hai="13,18,22,24,27,49,55,57,88,89,91" m="25099" machi="88" ten="30,2000,0" yaku="8,1,54,1" doraHai="107" who="3" fromWho="3" sc="250,-10,250,-5,250,-5,250,20" /><INIT seed="1,0,0,3,0,69" ten="240,245,245,270" oya="1" hai0="2,23,0,122,46,10,73,83,9,105,71,130,88" hai1="34,67,40,79,120,102,91,35,89,84,121,117,93" hai2="66,3,115,58,36,68,110,33,118,95,57,32,132" hai3="60,4,103,78,18,82,7,74,104,16,99,123,39"/><U21/><E67/><V119/><F95/><W22/><G123/><T100/><D71/><U5/><E117/><V53/><F3/><W52/><G39/><T128/><D23/><U26/><E5/><V70/><F32/><W72/><G72/><T75/><D83/><U24/><E79/><V14/><F14/><W6/><REACH who="3" step="1"/><G22/><REACH who="3" ten="240,245,245,260" step="2"/><T97/><D122/><U80/><E121/><V85/><F36/><W37/><G37/><T27/><D75/><U54/><E120/><V113/><F33/><W114/><G114/><T77/><D73/><U45/><E34/><V127/><F115/><W125/><G125/><T96/><D130/><U50/><E35/><V107/><F113/><W44/><G44/><T1/><D128/><U8/><E21/><V12/><F127/><W76/><G76/><T15/><D77/><U28/><E28/><V135/><F119/><W42/><G42/><T86/><D46/><U30/><E30/><V59/><F118/><W126/><G126/><T29/><D29/><U17/><E40/><V11/><F135/><W81/><G81/><T13/><D10/><U55/><E8/><V92/><F132/><W129/><G129/><T47/><D9/><U65/><E80/><V116/><F116/><W62/><G62/><T90/><D47/><U41/><E45/><V63/><F11/><W101/><G101/><T124/><D124/><U25/><E102/><V134/><F134/><W64/><G64/><T38/><D38/><U109/><E65/><V20/><F66/><W43/><G43/><T108/><D100/><U48/><E41/><V111/><F63/><RYUUKYOKU ba="0,1" sc="240,-10,245,-10,245,-10,260,30" hai3="4,6,7,16,18,52,60,74,78,82,99,103,104" /><INIT seed="2,1,1,1,5,97" ten="230,235,235,290" oya="2" hai0="9,96,27,18,80,77,26,49,22,6,114,129,113" hai1="15,16,83,123,112,119,95,90,45,79,99,93,50" hai2="101,35,3,13,32,71,61,84,102,10,58,128,75" hai3="12,60,105,91,29,38,120,110,131,57,21,8,64"/><V48/><F75/><W125/><G110/><T54/><D129/><U111/><E111/><V39/><F39/><W98/><G125/><T20/><D96/><U78/><E123/><V82/><F3/><W135/><G131/><T2/><D49/><U40/><E112/><V47/><F71/><W5/><G135/><T76/><D54/><U51/><E119/><V36/><F36/><W87/><G38/><T116/><D116/><U104/><E104/><V85/><F35/><W127/><G127/><T121/><D121/><U133/><E133/><V30/><F30/><W56/><G120/><T86/><REACH who="0" step="1"/><D76/><REACH who="0" ten="220,235,235,290" step="2"/><U132/><E132/><V55/><F128/><W17/><G98/><T134/><D134/><U1/><E50/><V43/><F32/><W115/><G115/><T92/><D92/><U34/><E34/><V68/><F68/><W67/><G105/><T107/><D107/><U122/><E122/><V130/><F130/><W62/><G29/><AGARI ba="1,2" hai="2,6,9,18,20,22,26,27,29,77,80,86,113,114" machi="29" ten="30,2000,0" yaku="1,1,7,1,53,0" doraHai="97" doraHaiUra="106" who="0" fromWho="3" sc="220,43,235,0,235,0,290,-23" /><INIT seed="3,0,0,0,3,30" ten="263,235,235,267" oya="3" hai0="60,97,15,88,103,110,104,57,45,42,115,50,132" hai1="111,46,129,33,95,28,18,85,98,118,78,7,21" hai2="135,70,84,109,134,117,100,94,37,39,35,96,48" hai3="52,99,16,58,19,86,122,53,44,56,64,0,55"/><W14/><G0/><T9/><D110/><U54/><E111/><V74/><F109/><W69/><G122/><T10/><D115/><U47/><E129/><V1/><F74/><W114/><G114/><T128/><D132/><N who="2" m="50730" /><F117/><W3/><G3/><T120/><D120/><U101/><E7/><V71/><F1/><W49/><G69/><N who="2" m="26121" /><F48/><W121/><G121/><T6/><D9/><U59/><E118/><V73/><F73/><W20/><G99/><T40/><D128/><U130/><E130/><V107/><F35/><W65/><G86/><T123/><D123/><U32/><E28/><V91/><AGARI ba="0,0" hai="37,39,84,91,94,96,100,107" m="26121,50730" machi="91" ten="40,1500,0" yaku="20,1" doraHai="30" who="2" fromWho="2" sc="263,-4,235,-4,235,15,267,-7" /><INIT seed="4,0,0,2,2,70" ten="259,231,250,260" oya="0" hai0="34,13,116,64,85,24,18,99,27,132,49,26,21" hai1="72,65,40,59,25,100,28,8,127,35,80,121,31" hai2="124,32,123,110,102,51,15,68,29,91,117,122,131" hai3="11,3,44,97,86,67,62,41,5,92,133,63,93"/><T74/><D74/><U33/><E121/><V84/><F68/><W130/><G130/><T134/><D64/><U60/><E127/><V38/><F38/><W43/><G133/><N who="0" m="51307" /><D99/><U126/><E126/><V120/><F124/><W125/><G125/><T6/><D85/><U106/><E8/><V66/><F32/><W36/><G43/><T10/><D49/><U48/><E31/><V1/><F1/><W111/><G111/><T20/><D116/><U14/><E14/><V53/><F110/><W103/><REACH who="3" step="1"/><G67/><REACH who="3" ten="259,231,250,250" step="2"/><T112/><D112/><U7/><E40/><V81/><F131/><W54/><G54/><T22/><D34/><U82/><E33/><V73/><F123/><W90/><AGARI ba="0,1" hai="3,5,11,36,41,44,62,63,86,90,92,93,97,103" machi="90" ten="30,4000,0" yaku="1,1,0,1,52,1,53,0" doraHai="70" doraHaiUra="115" who="3" fromWho="3" sc="259,-20,231,-10,250,-10,250,50" owari="239,-16.1,221,-27.9,240,4.0,300,40.0" /></mjloggm>