<mjloggm ver="2.3"><GO type="169" lobby="0"/><UN n0="%E3%81%A5%E3%81%8B%E5%AD%90" n1="%62%6B%78" n2="%E4%BA%9C%E6%9C%88" n3="%E5%A4%A9%E6%89%8D%E9%BA%BB%E5%B0%86%E6%99%BA%E4%B9%83" dan="16,16,17,16" rate="2145.24,2062.82,2186.22,2146.16" sx="M,M,M,M"/><TAIKYOKU oya="0"/><INIT seed="0,0,0,3,2,85" ten="250,250,250,250" oya="0" hai0="84,109,16,9,95,91,43,97,119,30,4,10,128" hai1="116,56,77,42,132,0,60,53,90,72,123,64,49" hai2="45,5,70,23,1,46,36,48,118,18,8,19,21" hai3="125,106,101,55,121,11,78,67,59,66,14,29,41"/><T58/><D119/><U73/><E116/><V50/><F70/><W112/><G112/><T40/><D128/><U28/><E123/><V22/><F118/><W133/><G121/><T3/><D30/><U131/><E0/><V124/><F36/><W100/><G125/><T32/><D32/><U102/><E131/><V12/><F124/><W115/><G115/><T33/><D33/><U75/><E132/><V87/><F87/><W25/><G41/><T130/><D130/><U127/><E127/><V113/><F113/><W47/><G47/><T93/><D109/><U114/><E114/><V2/><F2/><W13/><G78/><T20/><D58/><U83/><E102/><V57/><F57/><W135/><G14/><T38/><D38/><U65/><E42/><N who="0" m="15913" /><D3/><U54/><E28/><V120/><F120/><W122/><G122/><T62/><D62/><U71/><E65/><N who="3" m="24586" /><G106/><T6/><D4/><U63/><E90/><V134/><F134/><N who="3" m="51211" /><G55/><T81/><D6/><U96/><E96/><V111/><F111/><W104/><G104/><T108/><D108/><U52/><E54/><N who="2" m="29967" /><F1/><W35/><G59/><AGARI ba="0,0" hai="49,52,53,56,59,60,63,64,71,72,73,75,77,83" machi="59" ten="30,2000,0" yaku="7,1,54,1" doraHai="85" who="1" fromWho="3" sc="250,0,250,20,250,0,250,-20" /><INIT seed="1,0,0,2,1,105" ten="250,270,250,230" oya="1" hai0="85,21,103,40,77,71,106,6,129,37,51,98,92" hai1="33,38,130,0,81,11,104,134,2,50,124,43,67" hai2="17,78,69,56,3,66,117,82,44,4,10,65,128" hai3="87,42,96,115,94,63,93,73,118,8,23,88,72"/><U13/><E104/><V54/><F117/><W49/><G115/><T90/><D129/><U95/><E33/><V31/><F128/><W133/><G118/><T53/><D71/><U111/><E130/><V126/><F126/><W20/><G133/><T12/><D37/><U1/><E124/><V121/><F121/><W119/><G119/><T114/><D114/><U122/><E122/><V14/><F69/><W132/><G132/><T52/><D40/><U79/><E134/><V74/><F44/><W112/><G112/><T61/><D61/><U9/><E38/><V109/><F31/><W18/><G63/><T16/><D6/><U36/><E36/><V60/><REACH who="2" step="1"/><F109/><REACH who="2" ten="250,270,240,230" step="2"/><W59/><G59/><N who="0" m="33183" /><D53/><U39/><E111/><V32/><F32/><W24/><G42/><T7/><D7/><U28/><E43/><V116/><F116/><W64/><G64/><T5/><D5/><U70/><E67/><V19/><F19/><W27/><G8/><AGARI ba="0,1" hai="3,4,8,10,14,17,54,56,60,65,66,74,78,82" machi="8" ten="30,3900,0" yaku="1,1,7,1,52,1,53,0" doraHai="105" doraHaiUra="45" who="2" fromWho="3" sc="250,0,270,0,240,49,230,-39" /><INIT seed="2,0,0,5,1,53" ten="250,270,289,191" oya="2" hai0="17,102,20,8,25,114,1,131,45,81,22,54,82" hai1="95,15,115,106,96,92,100,120,50,117,125,51,133" hai2="36,103,110,116,41,18,37,88,23,80,35,72,97" hai3="42,89,21,40,119,85,78,28,10,111,134,104,132"/><V9/><F116/><W14/><G119/><T98/><D114/><U16/><E117/><V76/><F35/><W60/><G104/><T91/><D131/><U49/><E115/><V65/><F110/><W68/><G78/><T75/><D22/><U130/><E130/><V52/><F65/><W93/><G111/><T107/><D75/><U19/><E133/><N who="3" m="51306" /><G68/><T47/><D91/><U77/><E125/><V6/><F41/><W84/><G84/><T33/><D33/><U67/><E120/><V26/><F52/><W43/><G60/><T4/><D45/><U48/><E77/><V63/><F63/><W57/><G21/><T113/><D113/><U122/><E122/><V31/><F31/><W11/><G28/><T74/><D74/><U13/><E67/><V29/><F29/><W12/><G57/><T39/><D39/><U105/><E105/><V2/><REACH who="2" step="1"/><F88/><REACH who="2" ten="250,270,279,191" step="2"/><W83/><G83/><T24/><D47/><U121/><E121/><V34/><F34/><W94/><G89/><T127/><D54/><U46/><E46/><V124/><F124/><W109/><G109/><T126/><D126/><U73/><E49/><V118/><F118/><W27/><G43/><T61/><D127/><U3/><E50/><V129/><F129/><W59/><G42/><T64/><D82/><U86/><E48/><V70/><F70/><W58/><G40/><T44/><D81/><U5/><E51/><V69/><F69/><W99/><G99/><T38/><D38/><U0/><E96/><V90/><F90/><W101/><G101/><T123/><D123/><U135/><E100/><RYUUKYOKU ba="0,1" sc="250,-10,270,-10,279,30,191,-10" hai2="2,6,9,18,23,26,36,37,72,76,80,97,103" /><INIT seed="2,1,1,5,1,97" ten="240,260,309,181" oya="2" hai0="7,131,58,9,27,122,89,86,6,40,17,111,2" hai1="22,112,49,123,71,134,11,39,41,15,119,62,5" hai2="16,90,43,103,67,80,126,135,114,96,102,54,132" hai3="32,69,84,23,93,57,104,1,125,118,109,21,37"/><V50/><F114/><W24/><G118/><T68/><D68/><U55/><E112/><V108/><F43/><W70/><G104/><T110/><D122/><U3/><E119/><V130/><F67/><W128/><G37/><T99/><D131/><U75/><E75/><V42/><F42/><W36/><G36/><T81/><D7/><U77/><E77/><V127/><F130/><W53/><G1/><T35/><D40/><U56/><E134/><N who="2" m="51243" /><F108/><N who="0" m="41514" /><D58/><U76/><E76/><V29/><F29/><W79/><G128/><T115/><D115/><U31/><E123/><V63/><F63/><W30/><G109/><T18/><D99/><U14/><E31/><AGARI ba="1,1" hai="2,6,9,17,18,27,31,35,81,86,89" m="41514" machi="31" ten="30,1000,0" yaku="14,1" doraHai="97" who="0" fromWho="1" sc="240,23,260,-13,309,0,181,0" /><INIT seed="3,0,0,1,0,132" ten="263,247,309,181" oya="3" hai0="81,33,42,107,123,55,91,57,78,14,20,26,69" hai1="40,29,82,4,30,21,61,133,62,23,63,32,86" hai2="47,96,1,88,12,19,6,5,130,2,7,31,39" hai3="135,79,24,127,125,87,119,131,64,59,97,80,66"/><W108/><G119/><T120/><D69/><U16/><E133/><V93/><F130/><W68/><G135/><T60/><D107/><U83/><E32/><V46/><F31/><W113/><G113/><T49/><D33/><U67/><E67/><V129/><F129/><W36/><G131/><T65/><D42/><U18/><E40/><V92/><F39/><W3/><G36/><T45/><D14/><U106/><E106/><V8/><REACH who="2" step="1"/><F93/><REACH who="2" ten="263,247,299,181" step="2"/><W122/><G122/><T48/><D123/><U76/><E29/><V54/><F54/><W77/><G68/><T37/><D120/><U134/><E30/><V43/><F43/><W103/><G108/><T99/><D37/><U41/><E41/><V116/><F116/><W70/><G70/><T72/><D55/><U124/><E134/><V109/><F109/><W38/><G38/><T98/><D65/><U74/><E4/><V71/><F71/><W85/><G3/><AGARI ba="0,1" hai="1,2,3,5,6,7,8,12,19,46,47,88,92,96" machi="3" ten="40,2600,0" yaku="1,1,54,1,53,0" doraHai="132" doraHaiUra="56" who="2" fromWho="3" sc="263,0,247,0,299,36,181,-26" /><INIT seed="4,0,0,1,5,78" ten="263,247,335,155" oya="0" hai0="24,103,102,92,88,2,50,17,125,74,21,41,91" hai1="80,110,55,18,86,29,60,129,58,3,52,30,119" hai2="133,16,112,4,8,61,95,57,126,100,1,98,59" hai3="128,71,37,9,69,39,70,43,82,27,7,22,120"/><T79/><D2/><U96/><E110/><V67/><F112/><W54/><G128/><T76/><D125/><U65/><E119/><V75/><F126/><W36/><G120/><T31/><D91/><U111/><E111/><V12/><F133/><W23/><G54/><N who="1" m="20522" /><E3/><V72/><F59/><W124/><G124/><T25/><D41/><U116/><E116/><V19/><F19/><W28/><G23/><AGARI ba="0,0" hai="1,4,8,12,16,23,57,61,67,72,75,95,98,100" machi="23" ten="30,2000,0" yaku="7,1,54,1" doraHai="78" who="2" fromWho="3" sc="263,0,247,0,335,20,155,-20" /><INIT seed="5,0,0,5,3,91" ten="263,247,355,135" oya="1" hai0="2,122,54,41,63,67,104,106,69,72,4,100,22" hai1="3,53,28,112,80,134,89,79,15,10,120,76,7" hai2="24,52,61,94,45,60,26,109,123,78,113,93,81" hai3="108,92,12,29,23,124,50,19,96,118,56,97,99"/><U40/><E120/><V90/><F109/><W114/><G108/><T87/><D72/><U128/><E112/><V85/><F123/><W42/><G114/><T34/><D34/><U14/><E128/><V64/><F113/><W73/><G73/><T115/><D115/><U1/><E134/><V130/><F130/><W16/><G124/><T5/><D122/><U88/><E40/><V27/><F64/><W70/><G70/><T44/><D54/><U18/><E28/><V9/><F9/><W0/><G0/><T131/><D131/><U32/><E32/><V119/><F119/><W25/><G118/><T82/><D22/><U111/><E111/><V13/><F13/><W71/><G71/><T55/><D55/><U84/><E1/><V75/><REACH who="2" step="1"/><F94/><REACH who="2" ten="263,247,345,135" step="2"/><W129/><G129/><T58/><D2/><U8/><E3/><V83/><F83/><W21/><G29/><T117/><D117/><U101/><E101/><V121/><F121/><W38/><G38/><T135/><D100/><U68/><E68/><V105/><F105/><W31/><G31/><T66/><D106/><U51/><REACH who="1" step="1"/><E89/><REACH who="1" ten="263,237,345,135" step="2"/><V133/><F133/><W107/><G107/><T36/><D104/><U110/><E110/><V132/><F132/><W59/><REACH who="3" step="1"/><G92/><REACH who="3" ten="263,237,345,125" step="2"/><T125/><D135/><U95/><E95/><V35/><F35/><W102/><G102/><T33/><D33/><U11/><E11/><V49/><AGARI ba="0,3" hai="24,26,27,45,49,52,60,61,75,78,81,85,90,93" machi="49" ten="30,7900,0" yaku="1,1,0,1,52,1,54,1,53,0" doraHai="91" doraHaiUra="103" who="2" fromWho="2" sc="263,-20,237,-39,345,109,125,-20" /><INIT seed="6,0,0,2,0,7" ten="243,198,454,105" oya="2" hai0="114,12,28,119,59,58,33,60,35,19,65,15,32" hai1="17,118,3,134,89,43,101,21,66,37,84,36,103" hai2="50,110,2,64,106,22,86,61,85,130,115,87,94" hai3="76,129,13,123,71,102,79,41,6,131,112,25,72"/><V91/><F106/><W27/><G123/><T42/><D114/><U30/><E118/><V107/><F107/><W77/><G72/><T10/><D119/><U93/><E3/><V5/><F110/><W44/><G71/><T16/><D42/><U132/><E30/><V100/><F100/><N who="1" m="38473" /><E66/><V82/><F130/><W104/><G112/><T111/><D111/><U78/><E78/><V4/><F2/><W53/><G53/><T128/><D128/><N who="3" m="49225" /><G102/><T54/><D28/><U24/><E43/><V62/><F50/><N who="3" m="26895" /><G104/><T97/><D97/><U113/><E113/><V9/><F86/><W39/><G39/><T34/><D34/><U67/><E67/><V40/><F87/><W57/><G57/><T49/><REACH who="0" step="1"/><D35/><REACH who="0" ten="233,198,454,105" step="2"/><U38/><E38/><V125/><F40/><W81/><G81/><T47/><D47/><U68/><E37/><V20/><F82/><W92/><G92/><T124/><D124/><U45/><E45/><V52/><F94/><W88/><G88/><T1/><D1/><U117/><E36/><V121/><F91/><W135/><G135/><N who="1" m="51754" /><E117/><V73/><F115/><W69/><G69/><AGARI ba="0,1" hai="17,21,24,68,69,84,89,93" m="51754,38473" machi="69" ten="30,1000,0" yaku="20,1" doraHai="7" who="1" fromWho="3" sc="233,0,198,20,454,0,105,-10" /><INIT seed="7,0,0,1,5,69" ten="233,218,454,95" oya="3" hai0="19,45,59,135,121,112,21,32,11,17,41,129,8" hai1="43,13,83,50,87,103,72,37,63,51,47,10,42" hai2="68,109,81,106,102,128,86,3,14,118,78,0,31" hai3="111,18,91,36,114,9,15,62,132,113,70,39,22"/><W65/><G132/><T125/><D32/><U53/><E72/><V44/><F68/><W99/><G111/><T90/><D121/><U54/><E103/><V97/><F118/><W98/><G9/><T80/><D129/><U75/><E75/><V52/><F109/><W2/><G2/><T55/><D112/><N who="3" m="43113" /><G91/><T6/><D125/><U60/><E37/><AGARI ba="0,0" hai="15,18,22,36,37,39,62,65,70,98,99" m="43113" machi="37" ten="30,11600,0" yaku="15,1,52,3" doraHai="69" who="3" fromWho="1" sc="233,0,218,-116,454,0,95,116" /><INIT seed="7,1,0,1,0,13" ten="233,102,454,211" oya="3" hai0="68,52,123,84,22,61,120,26,108,69,58,46,65" hai1="85,33,86,38,29,96,8,117,100,115,82,88,32" hai2="113,60,109,47,49,66,37,30,34,6,71,7,64" hai3="19,20,63,10,112,18,90,9,95,24,127,80,51"/><W15/><G112/><T28/><D108/><U116/><E38/><V4/><F109/><W5/><G127/><T97/><D84/><U103/><E8/><V27/><F113/><W81/><G63/><T74/><D74/><U70/><E70/><V111/><F111/><W25/><G51/><T77/><D77/><N who="1" m="46287" /><E29/><V35/><F64/><W118/><G118/><N who="1" m="45674" /><E32/><V44/><F37/><W99/><G25/><T98/><D69/><U107/><E33/><V110/><F110/><W131/><G131/><T48/><REACH who="0" step="1"/><D68/><REACH who="0" ten="223,102,454,211" step="2"/><U45/><E45/><V102/><F47/><W54/><REACH who="3" step="1"/><G54/><REACH who="3" ten="223,102,454,201" step="2"/><T133/><D133/><U83/><E115/><V17/><F60/><W94/><G94/><T78/><D78/><N who="1" m="46455" /><E107/><V76/><F76/><W134/><G134/><T41/><D41/><U31/><E31/><V36/><F30/><W126/><G126/><T73/><D73/><U135/><E135/><V124/><F124/><W128/><G128/><T119/><D119/><U12/><E12/><AGARI ba="1,2" hai="5,9,10,12,15,18,19,20,24,80,81,90,95,99" machi="12" ten="30,18000,2" yaku="1,1,7,1,8,1,52,2,53,2" doraHai="13" doraHaiUra="14" who="3" fromWho="1" sc="223,0,102,-183,454,0,201,203" owari="223,-17.7,-81,-58.1,454,55.4,404,20.4" /></mjloggm>