<mjloggm ver="2.3"><GO type="169" lobby="0"/><UN n0="%E6%81%8B%E3%81%AE%E3%81%86%E3%81%9F" n1="%7A%6F%6F%31%39%36%34" n2="%E7%91%9E%E5%8E%9F%E3%83%B4%E3%82%A1%E3%82%AE%E3%83%8A" n3="%E2%91%A3%E3%82%BB%E3%83%B3%E3%83%81" dan="17,17,16,18" rate="2253.10,2212.08,2060.95,2303.45" sx="M,M,M,M"/><TAIKYOKU oya="0"/><INIT seed="0,0,0,2,3,132" ten="250,250,250,250" oya="0" hai0="77,38,4,102,6,39,85,124,66,14,18,95,113" hai1="129,125,73,11,64,110,106,69,88,111,98,119,12" hai2="67,100,55,83,107,25,105,36,59,21,72,115,53" hai3="131,62,19,8,103,2,63,31,87,79,54,56,52"/><T121/><D121/><U24/><E73/><V89/><F115/><W5/><G131/><T49/><D113/><U29/><E119/><V127/><F36/><W130/><G130/><T50/><D66/><U117/><E117/><V26/><F67/><W44/><G31/><T76/><D102/><U135/><E135/><V27/><F21/><W74/><G74/><T134/><D134/><U80/><E129/><V112/><F112/><W90/><G103/><T96/><D85/><U51/><E51/><V94/><F127/><W0/><G79/><T23/><D95/><U43/><E43/><V133/><F133/><W16/><G2/><T47/><D96/><U116/><E116/><V17/><F17/><W58/><REACH who="3" step="1"/><G44/><REACH who="3" ten="250,250,250,240" step="2"/><T101/><D101/><U33/><E29/><V40/><F100/><W120/><G120/><T128/><D128/><U3/><E3/><V126/><F72/><W41/><G41/><T118/><D118/><U34/><E106/><V78/><F40/><W70/><G70/><T48/><D47/><U57/><E69/><V9/><F78/><W84/><G84/><T92/><D77/><U65/><E34/><V93/><F105/><W68/><G68/><T91/><D76/><U81/><E33/><V122/><F107/><W75/><G75/><T35/><D35/><U7/><E98/><V37/><F122/><W22/><G22/><T13/><D23/><U15/><E88/><V86/><F86/><W123/><G123/><T114/><D114/><U104/><E104/><V71/><F89/><W99/><G99/><T20/><D91/><U10/><E10/><RYUUKYOKU ba="0,1" sc="250,-10,250,-10,250,-10,240,30" hai3="0,5,8,16,19,52,54,56,58,62,63,87,90" /><INIT seed="1,1,1,2,3,36" ten="240,240,240,270" oya="1" hai0="35,91,77,84,114,70,4,117,76,109,7,93,1" hai1="33,122,110,47,45,38,116,23,98,50,130,129,42" hai2="58,112,53,37,125,119,96,121,66,132,83,22,85" hai3="34,19,79,131,29,120,82,56,74,21,17,27,101"/><U65/><E33/><V32/><F119/><W5/><G120/><T90/><D70/><U69/><E116/><V106/><F121/><W20/><G131/><N who="1" m="50186" /><E122/><V57/><F32/><W25/><G5/><T135/><D117/><U0/><E0/><V61/><F37/><W97/><G56/><T54/><D135/><U127/><E23/><V102/><F132/><W86/><G74/><T13/><D109/><U71/><E98/><V3/><F3/><W111/><G111/><T28/><D114/><U12/><E12/><V31/><F125/><W46/><G46/><T99/><D1/><U8/><E8/><V108/><F112/><W24/><G97/><T88/><D28/><U9/><E9/><V73/><F73/><W105/><G101/><T41/><D35/><U100/><E100/><V118/><F118/><W52/><G52/><T44/><D54/><N who="1" m="30047" /><E110/><V115/><F108/><W63/><G63/><T94/><D91/><U89/><E89/><V11/><F115/><W80/><G80/><T92/><D92/><U67/><E127/><V18/><F83/><W6/><G6/><N who="0" m="2091" /><D13/><U14/><E14/><V87/><F53/><W126/><G126/><T10/><D10/><U60/><E67/><V95/><F11/><W107/><AGARI ba="1,1" hai="17,19,20,21,24,25,27,29,34,79,82,86,105,107" machi="107" ten="30,2000,0" yaku="0,1,9,1" doraHai="36" who="3" fromWho="3" sc="240,-6,240,-11,240,-6,270,33" /><INIT seed="2,0,0,1,5,57" ten="234,229,234,303" oya="2" hai0="98,114,51,124,71,43,110,19,4,135,129,35,103" hai1="2,14,9,117,120,65,12,25,22,50,44,45,29" hai2="54,99,18,28,107,92,108,109,118,127,55,106,121" hai3="66,8,3,133,53,6,11,37,102,123,48,31,94"/><V27/><F118/><W88/><G37/><T40/><D114/><U34/><E117/><V46/><F121/><W38/><G38/><T95/><D35/><U10/><E120/><V75/><F75/><W32/><G123/><T20/><D110/><N who="2" m="42602" /><F127/><W17/><G133/><T93/><D129/><U89/><E2/><V97/><F18/><W47/><G102/><T100/><D71/><U33/><E65/><V23/><F46/><W41/><G66/><T130/><D130/><U80/><E45/><V91/><F99/><W70/><G70/><T126/><D135/><U112/><E112/><V72/><F72/><W132/><G132/><T79/><D124/><U76/><E89/><V16/><F28/><W69/><G69/><T39/><D126/><U125/><E12/><V113/><F113/><W101/><G101/><T26/><D103/><U119/><E119/><V87/><F87/><W84/><G17/><T83/><D39/><U68/><E68/><V5/><F5/><W42/><G11/><T86/><D4/><N who="1" m="3367" /><E10/><V0/><F0/><W24/><AGARI ba="0,0" hai="3,6,8,24,31,32,41,42,47,48,53,84,88,94" machi="24" ten="30,2000,0" yaku="0,1,54,1" doraHai="57" who="3" fromWho="3" sc="234,-5,229,-5,234,-10,303,20" /><INIT seed="3,0,0,1,1,129" ten="229,224,224,323" oya="3" hai0="41,60,22,6,49,1,65,101,102,130,119,67,34" hai1="36,55,134,0,48,27,40,43,105,26,24,121,13" hai2="38,58,115,30,96,117,78,63,88,21,5,108,3" hai3="61,132,97,23,14,113,109,25,83,50,7,82,114"/><W18/><G109/><T123/><D34/><U106/><E0/><V77/><F115/><W28/><G7/><T47/><D119/><U89/><E121/><V32/><F117/><W17/><G17/><T133/><D65/><U71/><E71/><V87/><F32/><W62/><G113/><T93/><D130/><U16/><E134/><V12/><F38/><W120/><G120/><T73/><D73/><U118/><E118/><V131/><F108/><W112/><G112/><T79/><D79/><U110/><E110/><V45/><F3/><W74/><G74/><T126/><D126/><U59/><E36/><V84/><F45/><W33/><G132/><T9/><D123/><U39/><E39/><V44/><F44/><W31/><G31/><T2/><D2/><U99/><E106/><V57/><F57/><W15/><G15/><T116/><D116/><U75/><E75/><V86/><F30/><W19/><G19/><T80/><D80/><U81/><E105/><V54/><F131/><W85/><G83/><T20/><D133/><U52/><E55/><V35/><F35/><W135/><G135/><T98/><REACH who="0" step="1"/><D101/><REACH who="0" ten="219,224,224,323" step="2"/><U107/><E81/><V127/><F127/><W72/><G72/><T68/><AGARI ba="0,1" hai="1,6,9,20,22,41,47,49,60,67,68,93,98,102" machi="68" ten="20,5200,0" yaku="1,1,2,1,0,1,7,1,53,0" doraHai="129" doraHaiUra="8" who="0" fromWho="0" sc="219,62,224,-13,224,-13,323,-26" /><INIT seed="4,0,0,1,4,12" ten="281,211,211,297" oya="0" hai0="45,93,23,135,129,11,98,96,92,65,75,127,53" hai1="46,95,52,44,16,133,114,126,20,83,4,123,120" hai2="106,118,68,103,77,94,125,79,100,27,41,124,97" hai3="49,50,108,5,40,61,72,102,37,15,21,85,58"/><T8/><D75/><U64/><E64/><V74/><F68/><W19/><G72/><T60/><D129/><U84/><E4/><V14/><F41/><W13/><G108/><T25/><D135/><U109/><E109/><V30/><F14/><W91/><G102/><T130/><D127/><N who="2" m="48714" /><F27/><W81/><G37/><T107/><D107/><U121/><E126/><V17/><F30/><W76/><G76/><N who="2" m="29257" /><F17/><N who="3" m="10431" /><G40/><T117/><D130/><U78/><E133/><V32/><F32/><W2/><G2/><T43/><D117/><U116/><E114/><V56/><F56/><W87/><G87/><T57/><D43/><U22/><E116/><V119/><F74/><W39/><G39/><T62/><D45/><U24/><E22/><V34/><F34/><W111/><G5/><T66/><D57/><U69/><E69/><V99/><AGARI ba="0,0" hai="94,97,99,100,103,106,118,119" m="29257,48714" machi="99" ten="40,5200,0" yaku="18,1,34,2" doraHai="12" who="2" fromWho="2" sc="281,-26,211,-13,211,52,297,-13" /><INIT seed="5,0,0,3,3,66" ten="255,198,263,284" oya="1" hai0="131,9,25,20,99,29,77,19,124,91,90,61,103" hai1="101,65,126,83,54,62,63,57,45,79,130,39,12" hai2="58,32,88,30,106,69,47,0,111,105,51,53,60" hai3="67,121,76,33,24,110,123,31,59,26,50,84,119"/><U17/><E130/><V2/><F111/><W128/><G110/><T118/><D118/><U11/><E126/><V52/><F69/><W40/><G128/><T109/><D109/><U43/><E101/><V15/><F15/><W102/><G119/><T117/><D117/><U134/><E134/><V108/><F108/><W28/><G102/><T70/><D77/><U44/><E44/><V4/><F4/><W122/><G40/><T64/><D131/><U115/><E115/><V42/><F42/><W85/><G76/><T96/><D96/><U16/><E17/><V23/><F23/><W104/><G104/><T56/><D124/><U8/><E8/><V14/><F14/><W73/><G73/><T125/><D125/><U114/><E114/><V5/><F5/><W129/><G129/><T71/><D9/><U13/><E13/><V120/><F120/><W93/><G93/><N who="0" m="58863" /><D19/><U87/><REACH who="1" step="1"/><E65/><REACH who="1" ten="255,188,263,284" step="2"/><V97/><F0/><W132/><G132/><T6/><D6/><U80/><E80/><V72/><F2/><W94/><G67/><T112/><D112/><U107/><E107/><V3/><F3/><W35/><G94/><T41/><D41/><U135/><E135/><V95/><F106/><W81/><G81/><T78/><D78/><U37/><E37/><V34/><F105/><W1/><G1/><T48/><D70/><U89/><E89/><N who="0" m="33801" /><D71/><U127/><E127/><V22/><F47/><W133/><G133/><T49/><AGARI ba="0,1" hai="20,25,29,48,49,56,61,64" m="33801,58863" machi="49" ten="30,2000,0" yaku="25,1,8,1" doraHai="66" who="0" fromWho="0" sc="255,30,188,-10,263,-5,284,-5" /><INIT seed="6,0,0,4,5,70" ten="285,178,258,279" oya="2" hai0="59,51,133,71,111,69,60,18,8,13,88,86,24" hai1="125,1,38,112,46,79,80,15,34,28,53,81,58" hai2="14,68,105,56,67,7,23,39,44,76,35,127,95" hai3="73,33,108,113,50,42,134,87,25,118,132,20,21"/><V90/><F35/><W10/><G73/><T11/><D111/><U75/><E112/><V96/><F68/><W26/><G108/><T5/><D133/><N who="3" m="51305" /><G118/><T19/><D51/><U77/><E125/><V122/><F122/><W110/><G110/><T54/><D18/><U93/><E1/><V89/><F127/><W129/><G129/><T62/><D62/><U82/><E93/><V27/><F76/><W121/><G121/><T74/><D74/><U43/><E15/><V94/><F105/><W66/><G66/><T72/><D72/><U119/><E119/><V100/><F39/><W47/><G33/><T97/><D97/><U123/><E123/><V78/><F78/><W115/><G87/><T36/><D36/><U17/><E17/><V64/><F44/><W9/><G21/><T106/><D106/><U124/><E124/><V6/><F100/><W22/><G22/><T131/><D131/><U30/><E79/><V107/><F107/><W57/><G57/><T40/><D71/><U84/><E75/><V0/><F0/><W37/><G50/><T61/><D69/><U102/><E102/><V55/><F67/><W120/><G26/><T29/><D60/><U52/><E53/><V12/><F64/><W85/><G85/><T41/><D24/><U126/><E126/><V92/><F27/><W32/><G32/><T99/><D99/><U16/><E16/><N who="2" m="10631" /><F96/><W130/><G130/><T65/><D65/><U91/><E77/><V109/><F109/><W104/><G104/><T49/><D61/><N who="1" m="36039" /><E34/><V83/><F56/><W3/><G120/><T114/><D59/><RYUUKYOKU ba="0,0" sc="285,-10,178,30,258,-10,279,-10" hai1="28,30,38,43,46,80,81,82,84,91" /><INIT seed="7,1,0,1,1,44" ten="275,208,248,269" oya="3" hai0="30,125,43,52,24,103,75,127,109,57,86,59,105" hai1="94,104,88,6,60,82,17,20,114,73,32,110,49" hai2="83,102,67,119,120,78,62,50,122,2,54,101,92" hai3="80,45,71,68,0,130,87,98,107,37,56,63,39"/><W89/><G0/><T38/><D75/><U131/><E110/><V132/><F2/><W27/><G130/><T123/><D109/><U4/><E32/><V100/><F92/><W12/><G12/><T65/><D123/><N who="2" m="47146" /><F132/><W58/><G58/><T134/><D43/><U5/><E104/><V91/><F91/><W29/><G98/><N who="0" m="61687" /><D38/><U21/><E131/><V36/><F36/><W112/><G112/><T115/><D86/><U96/><E114/><V26/><F26/><W113/><G107/><T53/><D115/><U31/><E60/><V46/><F119/><W135/><G135/><T11/><D11/><U28/><E21/><V7/><F7/><W33/><G113/><T10/><D10/><U128/><E128/><V108/><F108/><W25/><G25/><T79/><D79/><U42/><E82/><V81/><F78/><W121/><G121/><T70/><D134/><U48/><E73/><V15/><F15/><W117/><G117/><T16/><D16/><U8/><E8/><V40/><F40/><W93/><G80/><T126/><D24/><N who="1" m="14351" /><E42/><V124/><F124/><W77/><G77/><T90/><D125/><U41/><E41/><V23/><F23/><W9/><G9/><T13/><D127/><U97/><E97/><V76/><F76/><W129/><G129/><T106/><D126/><U133/><E133/><V47/><F47/><W74/><G74/><T51/><D106/><U69/><E69/><AGARI ba="1,0" hai="46,50,54,62,67,69,81,83,100,101,102" m="47146" machi="69" ten="30,2000,0" yaku="13,1,52,1" doraHai="44" who="2" fromWho="1" sc="275,0,208,-23,248,23,269,0" /><INIT seed="8,0,0,1,1,123" ten="275,185,271,269" oya="0" hai0="131,58,134,102,14,11,16,0,52,42,41,59,40" hai1="122,87,19,112,88,126,67,18,30,95,99,24,65" hai2="49,21,80,110,13,36,103,33,44,127,93,125,54" hai3="29,55,5,48,91,98,97,70,105,39,86,76,94"/><T35/><D35/><U3/><E126/><N who="2" m="48139" /><F33/><W84/><G39/><T53/><D131/><U7/><E122/><V56/><F80/><W51/><G70/><T61/><D134/><U22/><E112/><V6/><F103/><W92/><G105/><T81/><D0/><U9/><E19/><N who="2" m="10479" /><F93/><W117/><G117/><T78/><D102/><U62/><E30/><V37/><F6/><W12/><G29/><T106/><D106/><U83/><REACH who="1" step="1"/><E62/><REACH who="1" ten="275,175,271,269" step="2"/><N who="2" m="36119" /><F110/><W111/><G111/><T82/><D78/><AGARI ba="0,1" hai="3,7,9,18,22,24,65,67,78,83,87,88,95,99" machi="78" ten="30,3900,0" yaku="1,1,7,1,54,1,53,0" doraHai="123" doraHaiUra="71" who="1" fromWho="0" sc="275,-39,175,49,271,0,269,0" /><INIT seed="9,0,0,3,5,8" ten="236,224,271,269" oya="1" hai0="83,118,133,74,21,9,89,68,75,16,106,72,3" hai1="67,78,88,80,73,22,56,44,70,100,15,123,39" hai2="110,76,105,96,125,82,35,114,119,97,66,4,117" hai3="55,124,134,64,10,109,42,62,23,49,27,52,53"/><U45/><E123/><V50/><F35/><W34/><G109/><T129/><D68/><U36/><E70/><V5/><F66/><W102/><G124/><T94/><D106/><U18/><E100/><N who="2" m="62599" /><F50/><W99/><G134/><T71/><D129/><U28/><E28/><V77/><F5/><W91/><G91/><T37/><D37/><U128/><E128/><V132/><F4/><W29/><G10/><T6/><D118/><N who="2" m="45066" /><F110/><W26/><G42/><T17/><D133/><U95/><E39/><V30/><F30/><W79/><G79/><N who="2" m="30281" /><F132/><W54/><G54/><T103/><D71/><U130/><E36/><V32/><F32/><W115/><G64/><T127/><D127/><U126/><E126/><V69/><F69/><W86/><G62/><T7/><D7/><U11/><E130/><V60/><F60/><W122/><G27/><T81/><D17/><U58/><E67/><V25/><F25/><W0/><G0/><T111/><D111/><U19/><E45/><V38/><F38/><W20/><G49/><T101/><D101/><U48/><E48/><V57/><F57/><W87/><G102/><T131/><D103/><U107/><E44/><V121/><F125/><W98/><G29/><T113/><D113/><U43/><E43/><V46/><F46/><W47/><G47/><T104/><D104/><U120/><E107/><V40/><F40/><W41/><G115/><T63/><D63/><U59/><E120/><V135/><F121/><W116/><G122/><T92/><D131/><U61/><E61/><V51/><F114/><W12/><G116/><T13/><D89/><RYUUKYOKU ba="0,0" sc="236,30,224,-10,271,-10,269,-10" hai0="3,6,9,13,16,21,72,74,75,81,83,92,94" /><INIT seed="10,1,0,5,5,77" ten="266,214,261,259" oya="2" hai0="86,103,114,7,8,110,99,13,43,68,130,132,108" hai1="120,123,122,5,76,135,11,33,26,109,95,129,18" hai2="53,6,47,69,65,101,37,9,89,111,121,2,107" hai3="44,41,1,3,40,124,56,128,67,127,49,112,36"/><V52/><F121/><W125/><G128/><T29/><D68/><U15/><E95/><V73/><F111/><W84/><G112/><T21/><D114/><U55/><E55/><V30/><F89/><W57/><G84/><T81/><D132/><U45/><E45/><V88/><F88/><W10/><G10/><T62/><D43/><U82/><E129/><V79/><F30/><W16/><G1/><T34/><D34/><U60/><E60/><N who="2" m="40103" /><F101/><W24/><G3/><T19/><D29/><U83/><E135/><V63/><F63/><N who="3" m="38383" /><G24/><T96/><D130/><U31/><E109/><V12/><F12/><W17/><G41/><T27/><D62/><U14/><REACH who="1" step="1"/><E76/><REACH who="1" ten="266,204,261,259" step="2"/><V118/><F53/><AGARI ba="1,1" hai="16,17,36,40,44,49,53,56,124,125,127" m="38383" machi="53" ten="30,2000,0" yaku="18,1,54,1" doraHai="77" who="3" fromWho="2" sc="266,0,204,0,261,-23,259,33" /><INIT seed="11,0,0,3,4,21" ten="266,204,238,292" oya="3" hai0="19,2,91,55,20,50,27,112,52,101,0,41,98" hai1="69,94,86,63,135,82,60,106,30,132,77,16,128" hai2="111,102,54,80,13,76,129,51,57,118,45,23,74" hai3="34,109,124,17,116,67,44,75,11,90,58,78,29"/><W115/><G90/><T31/><D112/><U125/><E106/><V9/><F111/><W130/><G58/><T88/><D2/><U66/><E128/><V92/><F118/><W37/><G17/><T46/><D0/><U103/><E125/><V104/><F104/><W96/><G44/><T53/><D19/><U133/><E30/><V126/><F129/><W123/><G96/><T107/><AGARI ba="0,0" hai="20,27,31,41,46,50,52,53,55,88,91,98,101,107" machi="107" ten="30,7900,0" yaku="0,1,52,1,54,2" doraHai="21" who="0" fromWho="0" sc="266,79,204,-20,238,-20,292,-39" owari="345,44.5,184,-31.6,218,-18.2,253,5.3" /></mjloggm>