<mjloggm ver="2.3"><GO type="169" lobby="0"/><UN n0="%E3%82%89%E3%83%BC%E3%81%BE%E3%83%BC%E3%83%BC" n1="%E4%B8%89%E5%B3%B6%E5%85%AB%E9%9B%B2" n2="%E3%81%8A%E3%81%98%E3%81%95%E3%82%93" n3="%E5%BA%84%E5%8F%B8%E5%81%A5%E5%A4%AA%E6%9C%97" dan="16,17,17,16" rate="2073.54,2222.88,2222.19,2059.75" sx="M,M,M,M"/><TAIKYOKU oya="0"/><INIT seed="0,0,0,1,5,55" ten="250,250,250,250" oya="0" hai0="9,66,41,114,117,27,118,7,51,56,28,83,124" hai1="97,2,8,102,5,18,72,43,6,14,54,113,26" hai2="30,10,94,24,37,64,122,111,50,85,31,131,115" hai3="78,13,12,59,101,79,65,82,92,42,25,34,90"/><T104/><D114/><U21/><E72/><V74/><F115/><W75/><G79/><T89/><D104/><U61/><E113/><V62/><F37/><W44/><G101/><T77/><D124/><U69/><E43/><V105/><F122/><W123/><G123/><T29/><D89/><U17/><E2/><V86/><F74/><W23/><G34/><T108/><D41/><U16/><E5/><V19/><F105/><W20/><G20/><T112/><D112/><U67/><REACH who="1" step="1"/><E54/><REACH who="1" ten="250,240,250,250" step="2"/><V95/><F111/><W98/><G42/><T58/><D108/><U60/><E60/><V73/><F62/><W32/><G65/><T87/><D117/><U129/><E129/><V107/><F64/><W91/><G44/><T93/><D118/><U81/><E81/><V99/><F73/><W96/><G59/><T70/><D66/><U38/><E38/><V33/><F131/><W39/><G39/><T0/><D70/><U45/><E45/><V135/><F50/><W116/><G116/><T130/><D51/><U36/><E36/><V76/><F135/><W47/><G47/><T80/><D130/><U46/><E46/><V15/><F107/><AGARI ba="0,1" hai="6,8,14,16,17,18,21,26,61,67,69,97,102,107" machi="107" ten="30,7700,0" yaku="1,1,7,1,54,1,53,1" doraHai="55" doraHaiUra="3" who="1" fromWho="2" sc="250,0,240,87,250,-77,250,0" /><INIT seed="1,0,0,4,1,103" ten="250,327,173,250" oya="1" hai0="50,19,8,135,10,105,64,121,31,17,81,27,68" hai1="43,114,24,33,76,106,134,82,109,118,110,53,127" hai2="91,74,40,128,21,55,107,115,132,129,38,97,9" hai3="63,18,130,16,120,71,41,66,44,22,12,84,78"/><U95/><E114/><V25/><F74/><W1/><G120/><T32/><D135/><U3/><E118/><V104/><F132/><W108/><G108/><N who="1" m="41578" /><E134/><V49/><F115/><W46/><G1/><T80/><D121/><U26/><E3/><V39/><F9/><W111/><G111/><T6/><D50/><U98/><E127/><V77/><F77/><W79/><G130/><N who="2" m="50281" /><F40/><W86/><G18/><T96/><D8/><U62/><E43/><V88/><F38/><W60/><G60/><N who="0" m="39943" /><D17/><U72/><E33/><V56/><F39/><W7/><G7/><T34/><D19/><U11/><E11/><V124/><F124/><W123/><G123/><T133/><D32/><U42/><E42/><V48/><F48/><W59/><G71/><T13/><D133/><U52/><E106/><N who="2" m="40491" /><F97/><W83/><G41/><T70/><D70/><U92/><E98/><V4/><F4/><W23/><G22/><T37/><D37/><U14/><E62/><V87/><F87/><W116/><G116/><T85/><D85/><U65/><E76/><V122/><F122/><W75/><G75/><T28/><D96/><U93/><E72/><V30/><AGARI ba="0,0" hai="21,25,30,49,55,56,88,91" m="40491,50281" machi="30" ten="30,8000,1" yaku="19,1,52,3,54,1" doraHai="103" who="2" fromWho="2" sc="250,-20,327,-40,173,80,250,-20" /><INIT seed="2,0,0,0,3,1" ten="230,287,253,230" oya="2" hai0="70,100,64,117,12,50,83,126,36,59,17,24,60" hai1="66,94,4,62,84,79,134,131,61,95,125,42,15" hai2="28,57,119,20,132,129,90,3,35,68,99,22,72" hai3="80,55,106,122,101,10,76,85,108,116,29,114,63"/><V124/><F119/><W98/><G108/><T135/><D117/><U5/><E131/><V53/><F68/><W123/><G114/><T27/><D126/><U91/><E125/><V107/><F72/><W121/><G29/><T6/><D135/><U78/><E134/><V44/><F124/><W48/><G116/><T97/><D36/><U56/><E42/><V88/><F132/><W26/><G26/><T9/><D83/><U19/><E95/><V130/><F44/><W67/><G122/><T18/><D24/><U81/><E62/><V32/><F3/><W8/><G8/><T113/><D113/><U51/><E51/><V87/><F107/><W52/><G55/><T37/><D37/><U41/><E41/><V115/><F99/><W30/><G30/><T104/><REACH who="0" step="1"/><D27/><REACH who="0" ten="220,287,253,230" step="2"/><U103/><E79/><V89/><F115/><W7/><G123/><T73/><D73/><U11/><REACH who="1" step="1"/><E103/><REACH who="1" ten="220,277,253,230" step="2"/><V111/><F130/><W13/><G121/><T38/><D38/><U65/><E65/><V118/><F129/><W16/><G67/><T105/><D105/><U74/><AGARI ba="0,2" hai="4,5,11,15,19,56,61,66,74,78,81,84,91,94" machi="74" ten="20,8000,1" yaku="1,1,0,1,7,1,52,2,53,0" doraHai="1" doraHaiUra="49" who="1" fromWho="1" sc="220,-20,277,100,253,-40,230,-20" /><INIT seed="3,0,0,3,3,123" ten="200,377,213,210" oya="3" hai0="101,34,135,43,12,18,91,110,68,48,71,36,114" hai1="129,20,64,33,44,25,115,75,17,107,109,22,11" hai2="67,61,13,83,108,51,57,8,41,93,118,24,122" hai3="15,130,126,46,77,63,3,9,39,98,37,55,111"/><W40/><G126/><T121/><D121/><U66/><E75/><V26/><F122/><W28/><G130/><T54/><D34/><U10/><E107/><V90/><F108/><W65/><G3/><T128/><D128/><U80/><E129/><V84/><F118/><W87/><G55/><T4/><D4/><U95/><E33/><V69/><F69/><W104/><G28/><T79/><D79/><U45/><E115/><V52/><F41/><W7/><G111/><T58/><D114/><U105/><E105/><V6/><REACH who="2" step="1"/><F83/><REACH who="2" ten="200,377,203,210" step="2"/><W5/><G39/><T31/><D43/><U0/><E80/><V133/><F133/><W132/><G132/><T74/><D36/><U89/><E109/><V78/><F78/><W92/><G77/><T103/><D110/><U2/><E2/><V70/><AGARI ba="0,1" hai="6,8,13,24,26,51,52,57,61,67,70,84,90,93" machi="70" ten="20,5200,0" yaku="1,1,0,1,7,1,54,1,53,0" doraHai="123" doraHaiUra="127" who="2" fromWho="2" sc="200,-13,377,-13,203,62,210,-26" /><INIT seed="4,0,0,5,4,106" ten="187,364,265,184" oya="0" hai0="44,89,36,69,29,73,133,77,86,60,15,84,100" hai1="24,55,54,103,6,119,64,120,20,71,102,116,125" hai2="13,52,68,104,93,88,109,92,101,3,11,17,56" hai3="14,63,39,81,78,51,26,111,46,105,83,80,23"/><T4/><D133/><U108/><E108/><V16/><F109/><W76/><G111/><T121/><D121/><U129/><E120/><V62/><F104/><W12/><G39/><T90/><D29/><U41/><E41/><V49/><F3/><W82/><G105/><T21/><D100/><U134/><E6/><N who="2" m="3319" /><F68/><W33/><G33/><T7/><D36/><U59/><E71/><V85/><F62/><W118/><G63/><T53/><D69/><U75/><E64/><V128/><F128/><W10/><G118/><T45/><D21/><U2/><E2/><V27/><F27/><W112/><G112/><T113/><D113/><U30/><E125/><V91/><F101/><W18/><G14/><T110/><D110/><U114/><E114/><V126/><F126/><W1/><G1/><T42/><D42/><U123/><E123/><V94/><F94/><W131/><G131/><T50/><D73/><U61/><E75/><V65/><F65/><W8/><G8/><N who="0" m="4487" /><D7/><U74/><E74/><V32/><F32/><W22/><G22/><T34/><D34/><U38/><E38/><V0/><F0/><W99/><G99/><AGARI ba="0,0" hai="16,17,49,52,56,85,88,91,92,93,99" m="3319" machi="99" ten="30,7700,0" yaku="8,1,54,3" doraHai="106" who="2" fromWho="3" sc="187,0,364,0,265,77,184,-77" /><INIT seed="5,0,0,5,3,115" ten="187,364,342,107" oya="1" hai0="21,68,92,34,44,9,17,14,52,84,75,119,131" hai1="89,104,120,102,24,33,132,49,54,99,80,3,114" hai2="125,58,23,13,73,95,22,108,79,81,11,30,31" hai3="28,91,69,130,98,112,83,2,74,45,70,35,6"/><U96/><E120/><V82/><F108/><W97/><G112/><T126/><D75/><U105/><E3/><V122/><F122/><W20/><G130/><T57/><D68/><U128/><E114/><V133/><F133/><W12/><G45/><T71/><D71/><U135/><E33/><V72/><F125/><W64/><G70/><T67/><D34/><U4/><E24/><V123/><F123/><W107/><G107/><T8/><D126/><U62/><E62/><V78/><F95/><W39/><G39/><T50/><D131/><U113/><E4/><V47/><F58/><W32/><G32/><T61/><D119/><U7/><E7/><V18/><REACH who="2" step="1"/><F47/><REACH who="2" ten="187,364,332,107" step="2"/><W103/><G69/><T127/><D127/><U37/><E113/><V43/><F43/><W26/><G64/><T66/><D66/><U29/><E128/><V1/><F1/><W27/><G2/><T87/><D92/><U85/><E135/><V15/><F15/><W46/><G46/><T19/><D8/><U5/><E132/><V88/><F88/><W111/><G111/><T36/><D36/><U0/><E37/><V77/><F77/><N who="3" m="44471" /><G91/><T10/><D10/><U94/><E0/><V25/><F25/><AGARI ba="0,1" hai="9,14,17,19,21,25,44,50,52,57,61,67,84,87" machi="25" ten="30,3900,0" yaku="7,1,8,1,54,1" doraHai="115" who="0" fromWho="2" sc="187,49,364,0,332,-39,107,0" /><INIT seed="6,0,0,3,0,70" ten="236,364,293,107" oya="2" hai0="29,69,61,76,19,95,66,62,28,86,133,33,18" hai1="52,54,43,71,27,53,121,134,55,123,77,129,9" hai2="127,58,88,114,42,118,12,67,31,107,105,25,80" hai3="15,11,68,49,41,104,8,108,75,125,113,38,24"/><V0/><F0/><W26/><G108/><T63/><D133/><U106/><E106/><V83/><F118/><W131/><G104/><T82/><D69/><U132/><E71/><V17/><F114/><W111/><G75/><T34/><D66/><U13/><E129/><V14/><F127/><W46/><G68/><T7/><D7/><U10/><E43/><V103/><F42/><W110/><G131/><T20/><D18/><U60/><E77/><V40/><F40/><W16/><G125/><T6/><D6/><U57/><E27/><V79/><F103/><W78/><G113/><T4/><D4/><N who="1" m="3239" /><E10/><V117/><F12/><W64/><G11/><T5/><D5/><U73/><E73/><V93/><F83/><W47/><G64/><T39/><D95/><U94/><E94/><V48/><F117/><W130/><G130/><T87/><D39/><U135/><AGARI ba="0,0" hai="52,53,54,55,57,60,121,123,132,134,135" m="3239" machi="135" ten="40,2700,0" yaku="20,1,54,1" doraHai="70" who="1" fromWho="1" sc="236,-7,364,27,293,-13,107,-7" /><INIT seed="7,0,0,2,3,10" ten="229,391,280,100" oya="3" hai0="63,71,114,132,70,78,30,79,49,62,32,117,125" hai1="126,135,7,81,44,11,48,85,133,101,3,47,38" hai2="4,20,76,51,58,66,80,34,27,116,60,22,36" hai3="9,129,25,74,41,103,43,75,56,97,19,122,124"/><W128/><G122/><T134/><D117/><U118/><E126/><V121/><F36/><W8/><G124/><T115/><D125/><U2/><E118/><V100/><F116/><W86/><G86/><T24/><D49/><U26/><E101/><V84/><F121/><W5/><G56/><T42/><D42/><U111/><E111/><V53/><F100/><W94/><G43/><T72/><D62/><U61/><E61/><V127/><F127/><W113/><G113/><N who="0" m="43019" /><D72/><U92/><E92/><V13/><F34/><W82/><G41/><T108/><D108/><U99/><E99/><V120/><F120/><W52/><G52/><T90/><D90/><U0/><E26/><V14/><F4/><W93/><G94/><T23/><D32/><U65/><E65/><V130/><F22/><N who="3" m="13535" /><G82/><T12/><D78/><N who="1" m="46263" /><E38/><V37/><F130/><N who="3" m="50283" /><G9/><T105/><D79/><U35/><E47/><V68/><REACH who="2" step="1"/><F37/><REACH who="2" ten="229,391,270,100" step="2"/><W88/><G103/><T54/><D105/><U17/><E35/><V55/><F55/><W64/><G64/><N who="0" m="41247" /><D54/><U95/><E7/><V110/><F110/><W59/><G59/><T57/><D57/><U107/><E107/><V40/><F40/><W89/><G89/><T91/><D91/><U31/><E44/><V28/><AGARI ba="0,1" hai="13,14,20,27,28,51,53,58,60,66,68,76,80,84" machi="28" ten="20,8000,1" yaku="1,1,0,1,7,1,52,2,53,0" doraHai="10" doraHaiUra="96" who="2" fromWho="2" sc="229,-20,391,-20,270,90,100,-40" owari="209,-19.1,371,47.1,360,16.0,60,-44.0" /></mjloggm>