<mjloggm ver="2.3"><GO type="169" lobby="0"/><UN n0="%E2%91%A3%E3%82%BB%E3%83%B3%E3%83%81" n1="%70%6F%6E%2D%65%6E" n2="%68%69%74%6F%6D%69" n3="%E7%89%A7%E5%A0%B4%E3%81%AE%E5%B0%8F%E5%A5%B3" dan="18,16,16,17" rate="2271.23,2104.88,2097.26,2182.68" sx="M,F,F,F"/><TAIKYOKU oya="0"/><INIT seed="0,0,0,3,4,100" ten="250,250,250,250" oya="0" hai0="103,50,59,16,21,23,91,4,47,114,13,53,61" hai1="65,54,1,3,20,74,75,36,80,25,127,102,31" hai2="32,81,87,35,38,111,29,41,118,22,113,7,105" hai3="77,99,108,131,60,52,117,66,110,126,39,48,76"/><T83/><D114/><U94/><E127/><V11/><F111/><W101/><G39/><T106/><D4/><U79/><E36/><V72/><F113/><W63/><G117/><T2/><D2/><U132/><E132/><V68/><F68/><W27/><G27/><T45/><D45/><U135/><E135/><V120/><F120/><W17/><G17/><T9/><D103/><U62/><E54/><V95/><F95/><W123/><G126/><T12/><D106/><U130/><E75/><V122/><F122/><W15/><G15/><T125/><D13/><U112/><E130/><V0/><F105/><W134/><G134/><T133/><D133/><U97/><REACH who="1" step="1"/><E112/><REACH who="1" ten="250,240,250,250" step="2"/><V56/><F72/><W49/><G131/><T5/><D125/><U34/><E34/><V44/><F35/><W46/><G123/><T30/><D30/><U115/><E115/><V86/><F32/><W26/><G110/><T104/><D5/><U107/><E107/><V90/><F29/><W109/><G108/><T24/><D104/><U6/><E6/><V28/><F28/><W19/><G109/><T128/><D128/><U124/><E124/><V18/><F7/><W8/><G48/><T40/><REACH who="0" step="1"/><D24/><REACH who="0" ten="240,240,250,250" step="2"/><U69/><AGARI ba="0,2" hai="1,3,20,25,31,62,65,69,74,79,80,94,97,102" machi="69" ten="20,5200,0" yaku="1,1,0,1,7,1,53,1" doraHai="100" doraHaiUra="88" who="1" fromWho="1" sc="240,-26,240,72,250,-13,250,-13" /><INIT seed="1,0,0,3,2,69" ten="214,312,237,237" oya="1" hai0="63,6,61,3,125,81,84,108,29,93,72,122,51" hai1="112,95,91,105,53,64,124,68,50,106,73,54,92" hai2="101,55,65,99,111,0,14,79,71,25,121,26,48" hai3="59,87,114,131,5,43,24,31,104,109,70,58,28"/><U56/><E112/><V62/><F111/><W21/><G70/><T23/><D72/><U119/><E119/><V13/><F0/><W20/><G104/><T2/><D6/><U120/><E120/><V127/><F127/><W82/><G114/><T7/><D7/><U78/><E124/><V60/><F60/><W1/><G131/><T94/><D3/><U38/><E95/><V115/><F121/><W30/><G109/><T17/><D29/><U36/><E78/><V22/><F79/><W85/><G43/><T103/><D2/><U35/><E35/><V9/><F115/><W118/><G118/><T102/><D122/><U107/><E73/><V80/><F80/><W74/><G74/><T37/><D37/><U33/><E33/><V83/><F83/><W134/><G134/><T100/><D51/><U110/><E110/><V66/><F66/><W133/><G30/><T132/><D132/><U135/><E135/><V4/><F14/><W10/><G133/><T129/><D129/><U89/><E54/><V128/><F22/><W45/><G45/><T46/><D46/><U47/><E92/><N who="0" m="35433" /><D125/><U75/><E75/><V98/><F128/><W90/><G87/><T16/><D17/><U42/><E36/><V49/><F49/><W77/><G77/><N who="0" m="46127" /><D108/><U113/><E113/><V97/><REACH who="2" step="1"/><F101/><REACH who="2" ten="214,312,227,237" step="2"/><W88/><G90/><T117/><D117/><U12/><E12/><AGARI ba="0,1" hai="12,16,23,61,63,100,102,103" m="46127,35433" machi="12" ten="30,2000,0" yaku="8,1,54,1" doraHai="69" who="0" fromWho="1" sc="214,30,312,-20,227,0,237,0" /><INIT seed="2,0,0,1,2,99" ten="244,292,227,237" oya="2" hai0="100,129,104,114,6,13,119,47,31,61,59,19,40" hai1="124,109,101,54,67,98,90,117,107,77,122,42,103" hai2="84,68,34,52,120,56,21,93,51,133,0,123,41" hai3="128,25,12,72,115,29,89,35,9,81,58,106,11"/><V63/><F34/><W111/><G111/><T4/><D114/><U50/><E117/><V55/><F0/><W94/><G106/><T97/><D31/><U27/><E122/><V46/><F21/><W127/><G115/><T75/><D75/><U66/><E109/><V118/><F118/><W15/><G128/><T16/><D129/><U121/><E121/><N who="2" m="46667" /><F93/><W53/><G127/><T92/><D104/><U116/><E124/><V7/><F84/><W83/><G11/><T130/><D130/><U64/><E116/><V74/><F7/><W80/><G72/><T22/><D19/><U1/><E1/><V131/><F74/><W78/><G78/><T69/><D69/><U33/><E77/><V20/><F20/><W24/><G9/><T82/><D82/><U30/><E42/><V23/><F23/><W60/><REACH who="3" step="1"/><G25/><REACH who="3" ten="244,292,227,227" step="2"/><T91/><D119/><U110/><E110/><V102/><F131/><W108/><G108/><T134/><D134/><U45/><REACH who="1" step="1"/><E107/><REACH who="1" ten="244,282,227,227" step="2"/><V105/><F105/><W44/><G44/><T95/><D47/><U8/><E8/><V79/><F79/><W36/><G36/><T28/><D28/><U3/><E3/><V88/><F46/><W48/><G48/><T71/><D13/><U87/><E87/><AGARI ba="0,2" hai="12,15,24,29,35,53,58,60,80,81,83,87,89,94" machi="87" ten="40,8000,1" yaku="1,1,53,3" doraHai="99" doraHaiUra="76" who="3" fromWho="1" sc="244,0,282,-80,227,0,227,100" /><INIT seed="3,0,0,5,2,134" ten="244,202,227,327" oya="3" hai0="84,5,0,129,63,68,98,89,19,60,42,67,122" hai1="14,47,21,130,4,85,70,118,1,90,94,48,16" hai2="38,114,88,79,45,65,131,34,12,49,53,119,96" hai3="110,92,135,54,50,20,6,39,113,78,13,59,29"/><W61/><G39/><T3/><D122/><U133/><E130/><V126/><F114/><W35/><G113/><T31/><D129/><U124/><E133/><V9/><F119/><W112/><G112/><T83/><D31/><U77/><E70/><V128/><F34/><W103/><G135/><T44/><D5/><U56/><E118/><V2/><F2/><W66/><G78/><T81/><D19/><U74/><E47/><V22/><F38/><W41/><G41/><T109/><D109/><U62/><E62/><V71/><F79/><W100/><G110/><T105/><D83/><U8/><E77/><V116/><F116/><W95/><G35/><T91/><D63/><U86/><E86/><V25/><F65/><W125/><G125/><T108/><D108/><U99/><E99/><V104/><F71/><W7/><G95/><T52/><D91/><U82/><E82/><V10/><F126/><W115/><G115/><T43/><D43/><U24/><E24/><V111/><F111/><W101/><G92/><T11/><D11/><U37/><E37/><V75/><F10/><W123/><G123/><T64/><D64/><U106/><E106/><V15/><F104/><W121/><G121/><T73/><D73/><U69/><E69/><V107/><F75/><W46/><G29/><T97/><D42/><U132/><E132/><V55/><F128/><W26/><G26/><T80/><D80/><U18/><E18/><AGARI ba="0,0" hai="6,7,13,18,20,46,50,54,59,61,66,100,101,103" machi="18" ten="40,2000,0" yaku="8,1" doraHai="134" who="3" fromWho="1" sc="244,0,202,-20,227,0,327,20" /><INIT seed="3,1,0,1,5,78" ten="244,182,227,347" oya="3" hai0="77,14,104,119,130,55,92,121,79,40,60,132,105" hai1="41,129,106,86,19,43,25,112,96,24,22,108,89" hai2="31,23,15,90,27,33,7,13,110,76,2,38,51" hai3="94,103,53,54,74,5,58,124,16,116,87,56,122"/><W29/><G74/><T115/><D40/><U26/><E112/><V28/><F38/><W72/><G72/><T113/><D14/><U47/><E108/><V66/><F76/><N who="0" m="29258" /><D55/><U93/><E129/><V109/><F90/><W95/><G122/><T32/><D60/><U64/><E64/><V0/><F51/><W8/><G29/><T9/><D9/><U49/><E106/><N who="0" m="41065" /><D32/><U65/><E65/><V67/><F66/><W46/><G46/><T99/><D119/><U68/><E68/><V102/><F102/><W34/><G16/><T81/><D121/><U70/><E70/><V100/><F100/><W4/><G8/><T52/><D52/><N who="1" m="29759" /><E96/><V123/><F67/><W111/><G34/><T59/><D59/><U36/><E36/><V62/><F62/><W39/><G39/><T44/><D44/><U91/><E91/><V114/><F123/><W37/><G37/><T3/><D3/><N who="2" m="1066" /><F114/><N who="0" m="43530" /><D132/><U97/><E43/><V21/><F33/><W20/><G53/><T134/><D134/><U98/><E41/><V118/><F118/><W107/><G116/><T80/><D130/><U10/><E10/><N who="2" m="4319" /><F15/><W12/><G12/><T73/><D73/><U48/><E48/><V82/><F110/><W6/><G111/><T1/><D1/><U18/><E18/><V57/><F57/><W61/><G56/><T125/><D125/><U84/><E19/><V117/><F117/><W88/><G124/><T17/><D17/><U42/><E42/><V120/><F120/><W135/><G135/><T11/><D11/><U83/><E22/><V126/><F126/><W35/><G20/><RYUUKYOKU ba="1,0" sc="244,15,182,15,227,-15,347,-15" hai0="80,81,92,99" hai1="24,25,26,83,84,86,89,93,97,98" /><INIT seed="4,2,0,4,4,82" ten="259,197,212,332" oya="0" hai0="8,104,10,122,128,124,36,113,25,51,88,111,65" hai1="6,18,69,107,7,106,31,38,43,125,105,112,63" hai2="97,72,92,45,130,14,78,13,73,129,77,108,9" hai3="47,75,33,74,15,55,61,52,86,4,89,102,99"/><T93/><D36/><U32/><E125/><V70/><F70/><W133/><G33/><T59/><D104/><U11/><E18/><V132/><F45/><W66/><G133/><T57/><D122/><U110/><E6/><V100/><F9/><W127/><G127/><T37/><D37/><U114/><E110/><V62/><F62/><W42/><G4/><T21/><D113/><N who="1" m="43627" /><E43/><V121/><F14/><W67/><G15/><T117/><D128/><N who="2" m="49258" /><F13/><W22/><G22/><T49/><D117/><U80/><E38/><V26/><F26/><W68/><G66/><T81/><D81/><U54/><E31/><V16/><F16/><W1/><G1/><T48/><D111/><U41/><E41/><V85/><F121/><W3/><G3/><T64/><D64/><N who="1" m="41119" /><E54/><V103/><F132/><W5/><G5/><T126/><D126/><U131/><E131/><V94/><F108/><W115/><G115/><T87/><D124/><U56/><E56/><N who="0" m="21577" /><D65/><U39/><E39/><V120/><F120/><W17/><G67/><T12/><D12/><N who="1" m="5247" /><E32/><V53/><F53/><W46/><G55/><T135/><D135/><U19/><E19/><AGARI ba="2,0" hai="8,10,19,21,25,48,49,51,87,88,93" m="21577" machi="19" ten="30,5800,0" yaku="8,1,52,1,54,1" doraHai="82" who="0" fromWho="1" sc="259,64,197,-64,212,0,332,0" /><INIT seed="4,3,0,5,1,94" ten="323,133,212,332" oya="0" hai0="1,7,81,87,15,37,116,48,72,41,0,57,82" hai1="96,60,135,118,36,19,44,93,78,115,85,133,26" hai2="53,111,21,29,120,49,127,117,22,119,125,76,51" hai3="43,98,50,110,3,58,14,122,105,66,55,70,113"/><T99/><D116/><N who="2" m="44618" /><F111/><W121/><G3/><T126/><D37/><U128/><E118/><V91/><F120/><W131/><G110/><T39/><D39/><U23/><E128/><V2/><F2/><W77/><G131/><T63/><D72/><U34/><E34/><V67/><F76/><W54/><G113/><T112/><D82/><U132/><E115/><V92/><F67/><W129/><G129/><T52/><D126/><N who="2" m="48138" /><F29/><W68/><G66/><T134/><D134/><U73/><E73/><V79/><F79/><W84/><G77/><T12/><D112/><U35/><E35/><V75/><F75/><W83/><G68/><T107/><D1/><U74/><E74/><V65/><F65/><W130/><G70/><T4/><D0/><U104/><E78/><V6/><F6/><W86/><G130/><T45/><D7/><U62/><E104/><V10/><F10/><W90/><G105/><T106/><D4/><U109/><E109/><V33/><F33/><W64/><G64/><T102/><D107/><U13/><E26/><V20/><F53/><W56/><G54/><T47/><D47/><U17/><E17/><V27/><F27/><W88/><G55/><T25/><D25/><U69/><E69/><V42/><F42/><W80/><G43/><T46/><D46/><U9/><E9/><V95/><F95/><W101/><G122/><T28/><D28/><U18/><E18/><V31/><F31/><W30/><G30/><T100/><D106/><U114/><E114/><V59/><F59/><N who="3" m="22571" /><G121/><T71/><D71/><U11/><E133/><V124/><F124/><RYUUKYOKU ba="3,0" sc="323,-10,133,-10,212,30,332,-10" hai2="20,21,22,49,51,91,92" /><INIT seed="5,4,0,1,1,109" ten="313,123,242,322" oya="1" hai0="19,64,1,118,135,77,129,43,115,33,131,35,55" hai1="45,95,46,58,73,41,101,112,54,97,89,17,99" hai2="25,84,28,111,126,16,48,49,30,133,27,123,4" hai3="92,105,100,106,2,37,103,59,47,114,26,7,117"/><U130/><E73/><V74/><F74/><W119/><G2/><T21/><D43/><U127/><E127/><V53/><F111/><W39/><G26/><T68/><D77/><U76/><E130/><N who="0" m="49673" /><D64/><U113/><E76/><V12/><F123/><W63/><G7/><T87/><D68/><U51/><E17/><V24/><F4/><W81/><G81/><T18/><D55/><U44/><REACH who="1" step="1"/><E41/><REACH who="1" ten="313,113,242,322" step="2"/><V78/><F126/><W72/><G72/><T23/><D19/><U79/><E79/><V60/><F78/><W70/><G119/><T88/><D18/><U110/><E110/><V83/><F16/><W122/><G117/><T9/><D118/><U15/><E15/><V102/><F12/><W61/><G122/><T91/><D1/><U121/><E121/><V80/><F30/><W22/><G105/><AGARI ba="4,1" hai="44,45,46,51,54,58,89,95,97,99,101,105,112,113" machi="105" ten="40,12000,1" yaku="1,1,52,2,53,1" doraHai="109" doraHaiUra="98" who="1" fromWho="3" sc="313,0,113,142,242,0,322,-132" /><INIT seed="5,5,0,5,1,135" ten="313,255,242,190" oya="1" hai0="14,118,70,54,87,28,83,96,97,22,13,130,67" hai1="68,26,128,66,46,119,43,60,59,113,122,52,79" hai2="45,82,23,115,63,103,17,104,98,95,65,85,9" hai3="51,129,123,80,3,124,74,48,132,12,69,73,0"/><U91/><E119/><V120/><F115/><W99/><G123/><T11/><D118/><U41/><E122/><V7/><F120/><W62/><G132/><T58/><D70/><U27/><E113/><V56/><F104/><W39/><G39/><T2/><D2/><U15/><E128/><V32/><F32/><W75/><G129/><T131/><D67/><U4/><E79/><V93/><F45/><W5/><G80/><T90/><D131/><U88/><E15/><V106/><F9/><W37/><G37/><T81/><D81/><U31/><E4/><V108/><F108/><W110/><G99/><T34/><D34/><U55/><E55/><V92/><F7/><W126/><G110/><T109/><D109/><U134/><E134/><V40/><F40/><N who="1" m="15433" /><E68/><V61/><F61/><W127/><G12/><T101/><D130/><U78/><E78/><V16/><REACH who="2" step="1"/><F23/><REACH who="2" ten="313,255,232,190" step="2"/><W35/><G35/><T72/><D11/><U20/><E26/><V21/><F21/><W47/><G5/><T38/><D22/><U89/><E66/><V121/><F121/><W117/><G117/><T1/><D38/><U57/><E57/><V71/><F71/><W77/><G77/><AGARI ba="5,1" hai="16,17,56,63,65,77,82,85,92,93,95,98,103,106" machi="77" ten="40,2600,0" yaku="1,1,54,1,53,0" doraHai="135" doraHaiUra="10" who="2" fromWho="3" sc="313,0,255,0,232,51,190,-41" /><INIT seed="6,0,0,2,2,118" ten="313,255,283,149" oya="2" hai0="33,127,114,35,19,66,44,24,76,56,54,133,8" hai1="58,38,61,30,18,119,120,122,107,40,51,72,81" hai2="2,104,65,89,25,31,39,59,28,36,10,84,41" hai3="62,88,60,11,91,94,3,75,124,12,7,130,71"/><V23/><F104/><W49/><G130/><T0/><D66/><U125/><E119/><V97/><F97/><W110/><G124/><T135/><D76/><U48/><E125/><V92/><F41/><W100/><G110/><T26/><D44/><U16/><E107/><V134/><F31/><W22/><G75/><T78/><D78/><N who="1" m="44231" /><E30/><V117/><F117/><W15/><G49/><T86/><D86/><U70/><E70/><V13/><F2/><W123/><G123/><N who="1" m="47146" /><E38/><V47/><F39/><W57/><G71/><T20/><D35/><U112/><E112/><V69/><F69/><W34/><G34/><T9/><D33/><U132/><E132/><V121/><F134/><W4/><G3/><T83/><D0/><U101/><E101/><V27/><F121/><W109/><G109/><T90/><D114/><U21/><E40/><V45/><F36/><W29/><G29/><T5/><D127/><U67/><E18/><V105/><F105/><W55/><G60/><T32/><D19/><U63/><E61/><N who="2" m="38079" /><F28/><W42/><G42/><T102/><D102/><U80/><E80/><V73/><F73/><W113/><G113/><T96/><D83/><U98/><E98/><V126/><F126/><W99/><REACH who="3" step="1"/><G22/><REACH who="3" ten="313,255,283,139" step="2"/><T115/><D20/><U95/><E51/><V103/><F23/><W116/><G116/><T17/><D32/><U108/><E108/><V52/><F103/><W106/><G106/><T77/><D135/><U129/><E129/><V14/><F89/><W85/><G85/><T68/><D133/><U128/><E128/><V50/><F84/><W43/><G43/><RYUUKYOKU ba="0,1" sc="313,-10,255,-10,283,-10,139,30" hai3="4,7,11,12,15,55,57,62,88,91,94,99,100" /><INIT seed="7,1,1,3,3,60" ten="303,245,273,169" oya="3" hai0="45,22,56,86,90,135,92,112,78,74,26,33,27" hai1="53,99,111,108,9,2,6,42,24,122,65,96,125" hai2="103,104,64,34,124,101,68,51,44,71,55,72,95" hai3="75,91,11,87,3,117,85,1,37,105,18,81,50"/><W41/><G117/><T79/><D74/><U82/><E122/><V116/><F116/><W106/><G75/><T118/><D118/><U62/><E125/><V132/><F104/><W4/><G1/><T46/><D33/><U20/><E53/><V48/><F72/><W67/><G37/><T88/><D27/><U94/><E82/><V109/><F109/><W49/><G67/><T83/><D135/><U43/><E43/><V115/><F34/><W110/><G110/><T80/><D112/><U89/><E96/><V66/><F124/><W107/><G41/><T127/><D83/><U133/><E42/><N who="2" m="24599" /><F71/><W84/><REACH who="3" step="1"/><G18/><REACH who="3" ten="303,245,273,159" step="2"/><T21/><D127/><U15/><E2/><V57/><F115/><W130/><G130/><T13/><D79/><U52/><E133/><V61/><F132/><W121/><G121/><T30/><D78/><U29/><REACH who="1" step="1"/><E52/><REACH who="1" ten="303,235,273,159" step="2"/><V16/><F55/><W129/><G129/><T28/><D45/><U25/><E25/><V31/><F68/><AGARI ba="1,3" hai="6,9,15,20,24,29,62,65,68,89,94,99,108,111" machi="68" ten="30,7700,0" yaku="1,1,7,1,52,1,53,1" doraHai="60" doraHaiUra="8" who="1" fromWho="2" sc="303,0,235,110,273,-80,159,0" owari="303,10.3,345,44.5,193,-20.7,159,-34.1" /></mjloggm>