<mjloggm ver="2.3"><GO type="169" lobby="0"/><UN n0="%6F%67%75%6B%65%6E" n1="%E9%BB%84%E6%9D%91%E5%85%88%E7%94%9F" n2="%E3%82%8A%E3%82%93%E3%81%94%32%32%36" n3="%E5%B0%8F%E4%B8%89%E5%85%83%E5%8D%97%E5%8D%98%E9%A8%8E" dan="16,16,17,16" rate="2135.80,2109.63,2214.72,2094.73" sx="M,M,M,M"/><TAIKYOKU oya="0"/><INIT seed="0,0,0,3,5,55" ten="250,250,250,250" oya="0" hai0="33,110,90,49,119,111,16,15,38,107,71,128,0" hai1="34,106,47,92,61,112,45,121,60,131,50,108,127" hai2="28,82,39,109,64,87,105,63,129,133,76,95,6" hai3="43,74,117,96,21,134,102,93,85,29,51,98,91"/><T24/><D119/><U122/><E106/><V69/><F109/><N who="0" m="41482" /><D38/><U99/><E108/><V1/><F39/><W52/><G117/><T36/><D36/><U89/><E131/><V46/><F133/><W37/><G134/><T132/><D71/><U48/><E34/><V8/><F129/><W77/><G37/><T9/><D107/><U7/><E127/><V103/><F46/><W84/><G43/><T56/><D132/><U20/><E7/><V40/><F40/><W88/><G74/><T118/><D128/><U116/><E116/><V120/><F28/><W83/><G77/><T104/><D104/><U135/><E135/><V31/><F31/><W125/><G125/><T10/><D118/><U80/><E112/><V42/><F42/><W26/><G102/><T130/><D130/><U73/><E73/><V11/><F11/><W114/><G114/><T94/><D33/><U54/><E121/><V3/><F95/><W79/><G79/><T23/><D0/><U75/><E122/><V53/><F1/><W22/><G21/><T124/><D124/><U66/><E20/><V2/><F2/><W17/><G29/><T59/><D49/><U4/><E50/><V44/><F120/><W115/><G115/><T126/><D126/><U65/><E75/><V72/><F72/><W58/><AGARI ba="0,0" hai="17,22,26,51,52,58,83,84,85,88,91,93,96,98" machi="58" ten="20,12000,2" yaku="0,1,7,1,8,1,52,1,54,2" doraHai="55" who="3" fromWho="3" sc="250,-60,250,-30,250,-30,250,120" /><INIT seed="1,0,0,4,2,88" ten="190,220,220,370" oya="1" hai0="123,4,104,18,85,32,12,29,28,112,94,90,30" hai1="71,47,15,119,129,27,86,110,9,93,75,118,61" hai2="31,57,41,128,2,52,46,99,59,106,101,125,95" hai3="43,122,132,66,117,134,19,56,78,113,89,115,108"/><U7/><E75/><V5/><F128/><W82/><G122/><T40/><D112/><U50/><E129/><V116/><F125/><W13/><G108/><T36/><D104/><U70/><E110/><V45/><F116/><W107/><G107/><T22/><D123/><U91/><E27/><V34/><F34/><W63/><G43/><T48/><D36/><U83/><E61/><V98/><F31/><W23/><G89/><T133/><D133/><N who="3" m="51305" /><G117/><T127/><D127/><U124/><E124/><V65/><F2/><W33/><G33/><T79/><D79/><U96/><E118/><V1/><F1/><W16/><G19/><T69/><D69/><U77/><REACH who="1" step="1"/><E119/><REACH who="1" ten="190,210,220,370" step="2"/><V74/><F74/><AGARI ba="0,1" hai="13,16,23,56,63,66,74,78,82,113,115" m="51305" machi="74" ten="30,2000,0" yaku="20,1,54,1" doraHai="88" who="3" fromWho="2" sc="190,0,210,0,220,-20,370,30" /><INIT seed="2,0,0,1,4,91" ten="190,210,200,400" oya="2" hai0="86,68,107,28,132,34,102,78,69,63,64,1,46" hai1="15,45,66,82,131,76,130,0,58,134,92,108,72" hai2="110,19,5,128,74,31,75,60,88,79,42,59,65" hai3="121,111,29,35,7,12,109,11,30,43,116,62,90"/><V71/><F128/><N who="1" m="49193" /><E0/><V129/><F129/><W98/><G121/><T26/><D132/><U21/><E134/><V96/><F79/><W117/><G43/><T4/><D46/><U6/><E108/><N who="3" m="41546" /><G62/><T36/><D86/><U125/><E125/><V33/><F5/><W93/><G35/><T53/><D78/><U38/><E66/><V61/><F42/><W41/><G41/><T23/><D23/><U14/><E58/><V89/><F33/><W95/><G93/><T84/><D84/><U2/><E2/><V133/><F133/><W22/><G22/><T106/><D53/><U105/><E105/><V135/><F135/><W57/><G57/><T94/><D69/><U32/><E32/><V73/><F110/><W18/><G18/><T55/><D55/><U3/><E21/><V104/><F31/><AGARI ba="0,0" hai="7,11,12,29,30,31,90,95,98,116,117" m="41546" machi="31" ten="30,2000,0" yaku="14,1,52,1" doraHai="91" who="3" fromWho="2" sc="190,0,210,0,200,-20,400,20" /><INIT seed="3,0,0,5,2,133" ten="190,210,180,420" oya="3" hai0="0,13,86,42,123,47,75,69,110,31,76,79,4" hai1="46,68,107,116,60,1,35,89,70,105,129,122,65" hai2="10,63,78,32,16,14,112,9,39,59,132,126,118" hai3="21,74,125,92,64,95,103,58,6,33,127,11,85"/><W77/><G33/><T100/><D123/><U26/><E122/><V88/><F112/><W49/><G74/><T28/><D110/><U113/><E113/><V3/><F118/><W96/><G21/><T114/><D69/><U5/><E129/><V121/><F39/><W101/><G77/><T50/><D114/><U124/><E89/><V7/><F132/><W109/><G109/><T51/><D100/><U24/><E24/><V22/><F78/><W20/><G20/><T83/><D0/><U45/><E45/><V36/><F36/><W48/><G64/><T93/><D51/><U108/><E46/><V120/><F32/><W102/><G85/><T87/><D75/><U82/><E82/><V25/><F88/><N who="3" m="55303" /><G58/><T38/><D38/><U117/><E68/><V128/><F128/><W55/><G55/><T15/><D15/><U29/><E108/><V84/><F84/><W27/><G27/><T106/><D106/><U43/><E43/><V52/><REACH who="2" step="1"/><F126/><REACH who="2" ten="190,210,170,420" step="2"/><N who="3" m="48139" /><G95/><T104/><D104/><N who="1" m="40011" /><E124/><V30/><AGARI ba="0,1" hai="3,7,9,10,14,16,22,25,30,52,59,63,120,121" machi="30" ten="30,8000,1" yaku="1,1,0,1,54,2,53,1" doraHai="133" doraHaiUra="54" who="2" fromWho="2" sc="190,-20,210,-20,170,90,420,-40" /><INIT seed="4,0,0,4,3,13" ten="170,190,260,380" oya="0" hai0="38,61,107,30,70,39,54,4,51,115,28,8,134" hai1="3,33,21,64,40,57,56,100,83,128,87,79,76" hai2="71,102,59,63,55,50,80,53,124,112,98,5,110" hai3="37,130,25,85,108,12,22,73,113,84,118,103,43"/><T81/><D107/><U47/><E33/><V120/><F110/><W91/><G73/><T67/><D115/><U1/><E128/><V65/><F112/><W96/><G118/><T95/><D134/><U32/><E32/><V97/><F124/><W105/><G130/><T86/><D95/><U68/><E68/><V36/><F120/><W41/><G37/><T31/><D39/><U26/><E100/><V123/><F123/><W34/><G108/><T18/><D38/><U127/><E127/><V99/><F5/><W6/><G85/><T10/><D4/><U44/><E44/><V74/><F55/><W27/><G27/><T2/><D2/><U121/><E79/><V132/><F132/><W19/><G113/><T104/><D104/><U90/><E76/><V92/><F74/><W129/><G129/><T52/><D54/><U77/><E77/><V125/><F80/><W75/><G75/><T29/><N who="0" m="7168" /><DORA hai="116" /><T7/><D7/><U89/><E89/><V109/><F109/><W60/><G60/><T11/><D86/><U82/><E82/><V48/><F48/><W49/><G49/><T15/><REACH who="0" step="1"/><D81/><REACH who="0" ten="160,190,260,380" step="2"/><U111/><E111/><V94/><F125/><W122/><G34/><T66/><D66/><U88/><E64/><V46/><F94/><N who="3" m="58775" /><G122/><T126/><D126/><U72/><E121/><V131/><F131/><W14/><G105/><T17/><D17/><N who="1" m="12591" /><E72/><V9/><F36/><W20/><G6/><T16/><D16/><U78/><E1/><V135/><F135/><W35/><G35/><T0/><D0/><U62/><E3/><V93/><F65/><RYUUKYOKU ba="0,1" sc="160,30,190,-10,260,-10,380,-10" hai0="8,10,11,15,18,51,52,61,67,70" /><INIT seed="4,1,1,2,3,66" ten="190,180,250,370" oya="0" hai0="47,134,85,89,127,95,130,6,131,17,98,49,8" hai1="29,122,34,23,91,41,10,81,87,74,14,54,110" hai2="1,5,21,105,108,121,90,111,62,56,46,73,18" hai3="12,76,4,7,57,82,59,69,28,60,114,67,123"/><T133/><D17/><U107/><E110/><V39/><F105/><W16/><G114/><T113/><D113/><U52/><E122/><V78/><F121/><W92/><G28/><T45/><D85/><U84/><E74/><V72/><F72/><W120/><G92/><T37/><D37/><U132/><E132/><N who="0" m="50793" /><D127/><U100/><E34/><V99/><F78/><W11/><G123/><T3/><D47/><U124/><E41/><AGARI ba="1,1" hai="3,6,8,41,45,49,89,95,98,130,131" m="50793" machi="41" ten="30,1500,0" yaku="20,1" doraHai="66" who="0" fromWho="1" sc="190,28,180,-18,250,0,370,0" /><INIT seed="4,2,0,0,3,84" ten="218,162,250,370" oya="0" hai0="70,53,82,14,15,10,85,105,45,47,107,68,93" hai1="134,22,28,127,121,88,101,92,2,9,131,56,108" hai2="37,41,122,111,52,60,40,97,17,16,6,21,58" hai3="74,67,78,32,69,89,120,61,54,57,29,19,59"/><T119/><D119/><U64/><E108/><V30/><F122/><W62/><G120/><T116/><D116/><U132/><E121/><V80/><F111/><W81/><G32/><T7/><D93/><U73/><E73/><V1/><F1/><W49/><G29/><T98/><D15/><U71/><E127/><V18/><F6/><W8/><G19/><N who="2" m="7241" /><F30/><W13/><G13/><T3/><D3/><U26/><E131/><V86/><F97/><W42/><G8/><T38/><D38/><U113/><E101/><V87/><F87/><W72/><G74/><T11/><D11/><U50/><E113/><V23/><F37/><W39/><G39/><T112/><D112/><U135/><E71/><V46/><F46/><W55/><G42/><N who="2" m="16489" /><F18/><W128/><G128/><T76/><D98/><N who="1" m="57607" /><E9/><V75/><F75/><W20/><G20/><T115/><D115/><U33/><E2/><V31/><F31/><W91/><AGARI ba="2,0" hai="49,54,55,57,59,61,62,67,69,72,78,81,89,91" machi="91" ten="30,4000,0" yaku="0,1,52,2" doraHai="84" who="3" fromWho="3" sc="218,-22,162,-12,250,-12,370,46" /><INIT seed="5,0,0,3,2,15" ten="196,150,238,416" oya="1" hai0="115,68,10,40,113,36,131,69,96,134,50,44,118" hai1="110,56,65,121,67,27,90,103,19,75,106,38,91" hai2="63,62,71,60,48,83,123,127,102,130,53,89,76" hai3="81,84,79,117,86,9,22,98,82,34,0,72,109"/><U107/><E121/><V80/><F130/><W124/><G109/><T78/><D78/><U73/><E38/><V126/><F123/><W30/><G124/><N who="2" m="47657" /><F102/><W35/><G98/><T7/><D96/><U61/><E110/><V105/><F105/><W24/><G117/><T116/><D10/><U74/><E65/><N who="2" m="41383" /><F89/><W18/><G72/><T6/><D6/><U41/><E41/><V128/><F83/><W92/><G92/><T4/><D4/><U32/><E32/><V97/><F97/><W16/><G0/><T45/><D7/><U1/><E103/><V14/><F14/><W8/><G35/><T95/><D95/><U54/><E1/><V39/><F39/><W120/><G120/><T119/><D131/><U132/><E132/><V93/><F93/><W13/><G18/><T99/><D99/><U12/><E27/><V3/><F128/><W25/><G13/><T88/><D88/><AGARI ba="0,0" hai="8,9,16,22,24,25,30,34,79,81,82,84,86,88" machi="88" ten="30,7700,0" yaku="7,1,52,1,54,2" doraHai="15" who="3" fromWho="0" sc="196,-77,150,0,238,0,416,77" /><INIT seed="6,0,0,4,5,97" ten="119,150,238,493" oya="2" hai0="83,42,79,11,99,134,98,57,129,126,65,35,22" hai1="41,107,68,48,33,36,31,74,127,59,82,114,55" hai2="69,70,47,75,0,26,18,123,64,24,72,84,77" hai3="25,45,28,117,78,106,9,86,53,20,128,104,96"/><V90/><F0/><W16/><G117/><T30/><D129/><U115/><E127/><V120/><F47/><W102/><G128/><T1/><D134/><U121/><E68/><V110/><F77/><W67/><G106/><T101/><D126/><U51/><E107/><V95/><F64/><W46/><G67/><T103/><D42/><U29/><E121/><V49/><F49/><W105/><G105/><T39/><D39/><U50/><E33/><V44/><F44/><W54/><G54/><T71/><D35/><U112/><E36/><V118/><F18/><W85/><G53/><T32/><D32/><U88/><E41/><V130/><F130/><W8/><G8/><T76/><D71/><U37/><E37/><V4/><F4/><W87/><G78/><N who="0" m="29739" /><D1/><U91/><E74/><V58/><F58/><W100/><G102/><N who="0" m="38923" /><D83/><U109/><E109/><V7/><F110/><W14/><AGARI ba="0,0" hai="9,14,16,20,25,28,45,46,85,86,87,96,100,104" machi="14" ten="30,4000,0" yaku="0,1,52,1,54,1" doraHai="97" who="3" fromWho="3" sc="119,-10,150,-10,238,-20,493,40" /><INIT seed="7,0,0,5,2,110" ten="109,140,218,533" oya="3" hai0="116,53,33,92,100,106,0,9,20,93,58,77,80" hai1="107,82,41,84,96,47,3,29,46,35,101,94,19" hai2="109,21,95,98,50,134,2,32,87,125,74,1,55" hai3="78,14,72,11,52,5,115,27,81,121,24,86,40"/><W91/><G115/><T129/><D116/><U54/><E3/><V36/><F36/><W133/><G133/><T4/><D33/><U120/><E120/><V7/><F32/><W56/><G40/><T8/><D129/><U16/><E107/><V60/><F74/><W23/><G121/><T44/><D44/><U31/><E35/><V70/><F125/><W66/><G66/><T12/><D20/><U18/><E54/><V85/><F7/><W90/><G72/><T105/><D106/><U30/><REACH who="1" step="1"/><E41/><REACH who="1" ten="109,130,218,533" step="2"/><V135/><F2/><W111/><G111/><T108/><D108/><U131/><E131/><V104/><F1/><W64/><G64/><T71/><D105/><U83/><E83/><V6/><F104/><W39/><G39/><T59/><D71/><U123/><E123/><V99/><F55/><W65/><G65/><T132/><D132/><U75/><E75/><V126/><F70/><W57/><G57/><T38/><D38/><U89/><AGARI ba="0,1" hai="16,18,19,29,30,31,46,47,82,84,89,94,96,101" machi="89" ten="30,12000,2" yaku="1,1,0,1,8,1,54,1,53,2" doraHai="110" doraHaiUra="43" who="1" fromWho="1" sc="109,-30,130,130,218,-30,533,-60" owari="79,-42.1,260,6.0,188,-21.2,473,57.3" /></mjloggm>