<mjloggm ver="2.3"><GO type="169" lobby="0"/><UN n0="%70%6F%72%66%65%76%72%65" n1="%E3%83%A1%E3%82%AB%E3%82%BC%E3%83%83%E3%83%88%E3%83%B3" n2="%63%6C%75%74%63%68%37%33" n3="%E3%82%A2%E3%83%B3%E3%81%95%E3%82%93" dan="16,17,17,18" rate="2141.64,2190.51,2269.77,2225.99" sx="M,M,M,M"/><TAIKYOKU oya="0"/><INIT seed="0,0,0,3,3,97" ten="250,250,250,250" oya="0" hai0="113,51,63,112,22,34,18,103,81,53,125,121,92" hai1="117,44,108,32,98,123,124,58,9,42,94,122,74" hai2="5,30,3,31,33,64,50,57,16,4,126,105,68" hai3="43,82,109,80,119,133,130,102,135,85,128,115,67"/><T6/><D121/><U118/><E32/><V54/><F126/><W24/><G67/><T79/><D34/><U17/><E74/><V8/><F5/><W131/><G43/><T127/><D6/><U69/><E69/><V107/><F31/><W27/><G115/><T29/><D29/><U10/><E124/><V40/><F64/><W61/><G61/><T89/><D63/><U72/><E72/><V25/><F68/><W110/><G119/><T1/><D1/><U38/><E108/><N who="3" m="41578" /><G102/><T83/><D83/><N who="3" m="31785" /><G85/><T78/><D78/><U19/><E42/><V84/><F84/><W86/><G86/><T37/><D37/><U15/><E38/><V104/><REACH who="2" step="1"/><F40/><REACH who="2" ten="250,250,240,250" step="2"/><W0/><G0/><T39/><D127/><U90/><E123/><V77/><F77/><W93/><G93/><T47/><D125/><U95/><E95/><V111/><F111/><W14/><G14/><T114/><D113/><U49/><E122/><V116/><F116/><W100/><G100/><T71/><D103/><U12/><E118/><V23/><F23/><W45/><G45/><T46/><D47/><U70/><E117/><V55/><F55/><W91/><G91/><T65/><D89/><U96/><E70/><V132/><F132/><AGARI ba="0,1" hai="24,27,128,130,131,132,133,135" m="31785,41578" machi="132" ten="40,8000,1" yaku="28,2,19,1,20,1,14,1" doraHai="97" who="3" fromWho="2" sc="250,0,250,0,240,-80,250,90" /><INIT seed="1,0,0,0,2,112" ten="250,250,160,340" oya="1" hai0="52,101,134,2,83,76,54,70,35,65,7,82,15" hai1="108,46,66,72,55,22,106,93,127,42,115,4,105" hai2="107,81,110,111,73,44,33,34,9,31,62,67,43" hai3="16,68,60,64,5,19,47,17,132,63,49,85,103"/><U130/><E72/><V77/><F107/><W59/><G132/><T29/><D134/><U133/><E133/><V90/><F90/><W92/><G5/><T123/><D123/><U96/><E115/><V24/><F33/><W120/><G120/><T56/><D2/><U57/><E66/><V30/><F30/><W58/><G63/><T28/><D101/><U84/><E130/><V21/><F21/><W38/><G38/><T135/><D135/><U78/><E127/><V3/><F62/><W98/><REACH who="3" step="1"/><G85/><REACH who="3" ten="250,250,160,330" step="2"/><T39/><D7/><U122/><E4/><N who="2" m="1183" /><F67/><W100/><G100/><T119/><D39/><AGARI ba="0,1" hai="24,31,34,39,43,44,73,77,81,110,111" m="1183" machi="39" ten="30,2000,0" yaku="25,1,23,1" doraHai="112" who="2" fromWho="0" sc="250,-20,250,0,160,30,330,0" /><INIT seed="2,0,0,1,4,78" ten="230,250,190,330" oya="2" hai0="5,82,114,1,46,106,47,73,126,90,71,48,24" hai1="119,111,127,79,53,19,108,63,102,91,120,105,21" hai2="37,92,0,121,131,99,49,101,27,58,93,123,38" hai3="115,20,69,9,129,39,75,125,88,110,87,97,23"/><V12/><F131/><W57/><G129/><T7/><D114/><U118/><E120/><V43/><F0/><W61/><G110/><T42/><D126/><U85/><E79/><V6/><F38/><W10/><G75/><T15/><D106/><U66/><E53/><V100/><F37/><W40/><G69/><T4/><D1/><U44/><E44/><V84/><F27/><W72/><G72/><T112/><D112/><U8/><E8/><N who="3" m="3178" /><G39/><T28/><D71/><U50/><E50/><V128/><F128/><W70/><G70/><T30/><D73/><U51/><E51/><V18/><F6/><W134/><G134/><T83/><D47/><U13/><E127/><V109/><F109/><N who="1" m="42057" /><E102/><V95/><F101/><W80/><G40/><T124/><D124/><U35/><E35/><V54/><F43/><W76/><G115/><T34/><D15/><U133/><E105/><V67/><F67/><N who="3" m="39343" /><G125/><T11/><D11/><U94/><E133/><V17/><F17/><W68/><G68/><AGARI ba="0,0" hai="13,19,21,63,66,68,85,91,94,118,119" m="42057" machi="68" ten="30,1000,0" yaku="14,1" doraHai="78" who="1" fromWho="3" sc="230,0,250,10,190,0,330,-10" /><INIT seed="3,0,0,1,5,52" ten="230,260,190,320" oya="3" hai0="1,44,10,49,109,19,106,128,60,89,114,35,77" hai1="58,6,117,130,110,9,51,124,27,29,40,127,81" hai2="59,36,102,135,71,43,74,0,111,120,32,22,34" hai3="107,97,23,115,24,99,8,5,61,55,53,42,57"/><W67/><G115/><T91/><D114/><U129/><E110/><V80/><F22/><W87/><G42/><T2/><D109/><U31/><E81/><V28/><F59/><W65/><G87/><T95/><D106/><U46/><E117/><V125/><F28/><N who="1" m="10825" /><E27/><V122/><F102/><W73/><G73/><T85/><D35/><U18/><E18/><V121/><F80/><W93/><G107/><T132/><D132/><U14/><E58/><V30/><F30/><N who="3" m="17695" /><G67/><T16/><D128/><AGARI ba="0,0" hai="6,9,14,40,46,51,124,127,128,129,130" m="10825" machi="128" ten="30,1000,0" yaku="19,1" doraHai="52" who="1" fromWho="0" sc="230,-10,260,10,190,0,320,0" /><INIT seed="4,0,0,3,2,124" ten="220,270,190,320" oya="0" hai0="64,111,41,8,7,17,130,15,20,26,35,43,25" hai1="37,100,4,74,78,106,77,13,34,131,36,112,92" hai2="116,22,103,110,85,72,28,127,86,60,40,27,52" hai3="6,16,69,117,46,129,125,95,119,54,84,1,32"/><T18/><D64/><U91/><E34/><V23/><F110/><W108/><G125/><T134/><D111/><U12/><E112/><V70/><F127/><W31/><G69/><T114/><D114/><U107/><E92/><V102/><F72/><W122/><G108/><T0/><D43/><U88/><E74/><V81/><F116/><W104/><G104/><T48/><D48/><U89/><E100/><V63/><F40/><W61/><G122/><T11/><D41/><U96/><E96/><V56/><F86/><W79/><G1/><T97/><D97/><U38/><E131/><V2/><F2/><W94/><G32/><T93/><D93/><U14/><REACH who="1" step="1"/><E4/><REACH who="1" ten="220,260,190,320" step="2"/><V67/><REACH who="2" step="1"/><F23/><REACH who="2" ten="220,260,180,320" step="2"/><W82/><G117/><T49/><D35/><U29/><E29/><V68/><F68/><W57/><G31/><T55/><D130/><U24/><E24/><V80/><F80/><W83/><G129/><T115/><D115/><U109/><E109/><V58/><F58/><W76/><G119/><T121/><D121/><U59/><E59/><V62/><F62/><W126/><G126/><T50/><D26/><U135/><E135/><V90/><AGARI ba="0,2" hai="22,27,28,52,56,60,63,67,70,81,85,90,102,103" machi="90" ten="20,5200,0" yaku="1,1,0,1,7,1,54,1,53,0" doraHai="124" doraHaiUra="73" who="2" fromWho="2" sc="220,-26,260,-13,180,72,320,-13" /><INIT seed="5,0,0,1,4,81" ten="194,247,252,307" oya="1" hai0="57,93,110,15,8,62,6,7,132,35,119,121,106" hai1="70,112,48,27,63,0,127,49,118,103,19,87,88" hai2="52,34,53,123,113,71,42,14,128,69,82,130,133" hai3="124,31,51,76,125,90,84,85,72,100,33,10,102"/><U134/><E0/><V111/><F34/><W89/><G51/><T54/><D110/><U61/><E118/><V47/><F14/><W75/><G10/><T86/><D132/><U78/><E78/><V95/><F82/><W29/><G33/><T17/><D121/><U43/><E112/><V126/><F95/><W74/><G74/><T24/><D106/><U101/><E70/><N who="2" m="26635" /><F123/><W83/><G83/><T65/><D119/><U115/><E115/><V30/><F30/><W26/><G26/><T131/><D131/><N who="2" m="50218" /><F113/><W60/><G60/><N who="1" m="23114" /><E127/><V56/><F111/><W2/><G76/><T80/><D65/><U4/><E134/><V55/><F133/><W16/><G16/><T28/><REACH who="0" step="1"/><D93/><REACH who="0" ten="184,247,252,307" step="2"/><N who="1" m="54431" /><E4/><V13/><F126/><W92/><G92/><T1/><D1/><AGARI ba="0,1" hai="1,2,29,31,72,75,84,85,89,90,100,102,124,125" machi="1" ten="25,6400,0" yaku="22,2,52,2" doraHai="81" who="3" fromWho="0" sc="184,-64,247,0,252,0,307,74" /><INIT seed="6,0,0,0,1,22" ten="120,247,252,381" oya="2" hai0="115,64,3,12,35,49,6,95,110,70,122,55,127" hai1="112,42,67,120,18,54,109,84,89,25,80,74,60" hai2="117,61,9,75,51,0,50,98,113,79,44,58,57" hai3="37,27,21,81,24,129,73,94,96,118,107,36,99"/><V7/><F113/><W59/><G118/><T34/><D95/><U41/><E109/><V48/><F117/><W92/><G107/><T71/><D12/><U78/><E112/><V130/><F130/><W56/><G21/><T83/><D115/><U111/><E111/><V121/><F121/><W87/><G73/><T102/><D110/><U23/><E120/><V2/><F2/><W43/><G43/><T47/><D127/><U45/><E54/><V69/><F98/><W90/><G129/><T124/><D124/><U17/><E17/><V16/><F69/><W131/><G131/><T8/><D102/><U11/><E11/><V46/><F58/><N who="3" m="22059" /><G36/><T125/><D125/><U32/><E32/><V52/><F79/><N who="3" m="46527" /><G37/><T93/><D122/><U105/><E105/><V114/><F75/><W39/><G39/><T86/><D93/><U29/><E45/><V82/><F82/><W38/><G38/><T40/><D40/><U53/><E29/><V104/><F104/><W116/><G116/><T20/><D20/><U132/><E132/><V119/><F119/><W101/><AGARI ba="0,0" hai="24,27,90,92,94,96,99,101" m="46527,22059" machi="101" ten="30,4000,0" yaku="8,1,52,2" doraHai="22" who="3" fromWho="3" sc="120,-10,247,-10,252,-20,381,40" /><INIT seed="7,0,0,4,2,70" ten="110,237,232,421" oya="3" hai0="34,35,125,15,123,103,44,83,132,48,23,64,69" hai1="54,129,92,74,97,57,32,22,86,40,53,36,111" hai2="6,55,85,0,130,31,30,87,68,78,56,91,126" hai3="117,75,4,66,127,88,59,110,67,76,12,119,114"/><W38/><G38/><T121/><D103/><U62/><E74/><V81/><F68/><W118/><G88/><T113/><D83/><U10/><E32/><V93/><F130/><W8/><G76/><T27/><D69/><U115/><E115/><V45/><F126/><W107/><G59/><T104/><D64/><U102/><E111/><V133/><F133/><W7/><G107/><T14/><D48/><U3/><E129/><V58/><F6/><W49/><G49/><T96/><D44/><U25/><E3/><V28/><F0/><W101/><G7/><T51/><D51/><AGARI ba="0,0" hai="28,30,31,45,51,55,56,58,78,81,85,87,91,93" machi="51" ten="40,1300,0" yaku="8,1" doraHai="70" who="2" fromWho="0" sc="110,-13,237,0,232,13,421,0" owari="97,-40.3,237,-16.3,245,4.5,421,52.1" /></mjloggm>