<mjloggm ver="2.3"><GO type="169" lobby="0"/><UN n0="%E9%BB%92%E6%B2%A2%E7%BE%A9%E6%98%8E" n1="%E3%83%AF%E3%82%BF%E3%82%B7%E3%81%8C%E9%A3%9B%E3%82%93%E3%81%A0%E6%97%A5" n2="%E3%82%88%E3%81%B4" n3="%48%41%43%4F" dan="17,16,17,16" rate="2194.44,2131.40,2134.52,2051.51" sx="M,M,M,M"/><TAIKYOKU oya="0"/><INIT seed="0,0,0,2,0,26" ten="250,250,250,250" oya="0" hai0="94,52,44,50,118,87,106,91,82,36,107,66,101" hai1="134,17,16,103,114,98,117,130,65,12,35,131,30" hai2="119,59,76,13,80,89,71,92,24,25,54,75,20" hai3="90,32,79,7,0,78,21,102,33,11,56,124,61"/><T120/><D118/><U111/><E117/><V96/><F71/><W84/><G124/><T115/><D115/><U70/><E114/><V97/><F119/><W27/><G33/><T72/><D120/><U62/><E134/><V5/><F96/><W8/><G32/><T15/><D36/><U68/><E68/><V109/><F109/><W46/><G46/><T129/><D129/><N who="1" m="49163" /><E111/><V23/><F23/><W77/><G102/><T113/><D113/><U22/><E35/><V34/><F34/><W60/><G60/><T93/><D66/><U128/><N who="1" m="49171" /><U104/><DORA hai="14" /><E17/><V4/><F13/><W121/><G0/><T48/><D72/><U10/><E30/><V47/><F47/><W74/><G7/><T122/><D122/><U116/><E116/><V28/><REACH who="2" step="1"/><F25/><REACH who="2" ten="250,250,240,250" step="2"/><W135/><G121/><T127/><D15/><U38/><E38/><V73/><F73/><W49/><G74/><T55/><D127/><U63/><E63/><AGARI ba="0,1" hai="4,5,20,24,28,54,59,63,75,76,80,89,92,97" machi="63" ten="30,3900,0" yaku="1,1,7,1,52,1,53,0" doraHai="26,14" doraHaiUra="132,43" who="2" fromWho="1" sc="250,0,250,-39,240,49,250,0" /><INIT seed="1,0,0,2,5,37" ten="250,211,289,250" oya="1" hai0="10,85,74,69,73,47,1,78,89,93,104,81,96" hai1="98,31,61,21,119,116,41,132,99,9,118,105,40" hai2="103,39,117,48,75,97,32,67,82,29,57,25,49" hai3="34,79,55,11,33,131,133,94,59,46,90,0,72"/><U62/><E132/><V91/><F39/><W86/><G131/><T70/><D73/><U12/><E105/><V106/><F117/><W2/><G133/><T35/><D35/><U23/><E31/><V52/><F67/><W36/><G72/><T108/><D108/><U64/><E64/><V102/><F102/><W126/><G126/><T92/><D47/><U107/><E107/><V24/><F24/><W135/><G79/><T7/><REACH who="0" step="1"/><D92/><REACH who="0" ten="240,211,289,250" step="2"/><U50/><E118/><V17/><F32/><W109/><G109/><T27/><D27/><U30/><E30/><V122/><F25/><W38/><G135/><T77/><D77/><U3/><E3/><V56/><F29/><W88/><G34/><T16/><D16/><U26/><E26/><V13/><F75/><W111/><G33/><T44/><D44/><U121/><E12/><V115/><F17/><W80/><G111/><T110/><D110/><U112/><E112/><V125/><F13/><W43/><G38/><T18/><D18/><U54/><E9/><V129/><F115/><W45/><G45/><T22/><D22/><U124/><E124/><V51/><F125/><W8/><G2/><T5/><D5/><U113/><E113/><V14/><F14/><W20/><G0/><T114/><D114/><U4/><E4/><V84/><F129/><W128/><G20/><T87/><D87/><U63/><E116/><V130/><F130/><W101/><G128/><T123/><D123/><U134/><E121/><V19/><F19/><W100/><G11/><T127/><D127/><U65/><E119/><V120/><F120/><RYUUKYOKU ba="0,1" sc="240,30,211,-10,289,-10,250,-10" hai0="1,7,10,69,70,74,78,81,85,89,93,96,104" /><INIT seed="2,1,1,0,3,114" ten="270,201,279,240" oya="2" hai0="92,30,123,73,34,97,130,53,20,18,63,79,81" hai1="131,8,95,84,108,88,49,31,14,19,16,2,112" hai2="71,51,36,29,120,106,38,58,6,22,3,59,99" hai3="111,15,93,33,113,83,102,4,11,107,52,68,116"/><V104/><F120/><W70/><G111/><T72/><D123/><U78/><E112/><V134/><F71/><W90/><G113/><T135/><D130/><U87/><E131/><V1/><F22/><W119/><G33/><T32/><D135/><U75/><E108/><V61/><F51/><W7/><G70/><T56/><D72/><U37/><E2/><V125/><F99/><W133/><G68/><T28/><D34/><U10/><E75/><V118/><F61/><W42/><G42/><T57/><D57/><U103/><E37/><V132/><F6/><W105/><G83/><T21/><D21/><U35/><E103/><V67/><F29/><W13/><G133/><T89/><REACH who="0" step="1"/><D32/><REACH who="0" ten="260,201,279,240" step="2"/><U126/><E126/><V5/><F125/><W100/><G107/><T25/><AGARI ba="1,2" hai="18,20,25,28,30,53,56,63,73,79,81,89,92,97" machi="25" ten="20,12000,2" yaku="1,1,2,1,0,1,7,1,25,2,53,0" doraHai="114" doraHaiUra="128" who="0" fromWho="0" sc="260,143,201,-31,279,-61,240,-31" /><INIT seed="3,0,0,3,4,93" ten="403,170,218,209" oya="3" hai0="54,3,56,115,120,32,60,130,86,114,2,69,17" hai1="37,125,6,63,66,51,31,113,108,22,121,48,132" hai2="85,58,14,13,96,118,117,89,134,52,43,91,18" hai3="25,10,116,79,74,7,81,122,97,100,68,98,40"/><W104/><G116/><T4/><D120/><U87/><E113/><N who="0" m="43017" /><D130/><U23/><E121/><V64/><F43/><W78/><G122/><T50/><D32/><U94/><E37/><V83/><F134/><W135/><G135/><T127/><D127/><U76/><E132/><V129/><F13/><W88/><G68/><T33/><D33/><U119/><E119/><V35/><F64/><W26/><G40/><T71/><D4/><U103/><E6/><V110/><F35/><W105/><G79/><T12/><D86/><U80/><E22/><V38/><F38/><W126/><G126/><T34/><D34/><U123/><E123/><V16/><F18/><W77/><G77/><T5/><D5/><U9/><E9/><V62/><F110/><W39/><G39/><T20/><D60/><U59/><E108/><V29/><F29/><W27/><G88/><T46/><D46/><U72/><E72/><V11/><F129/><W42/><G42/><T73/><D73/><U99/><E125/><V133/><F133/><W84/><G84/><T111/><D111/><U36/><E36/><V30/><F30/><W21/><G7/><T65/><D65/><U128/><E128/><V112/><F112/><W82/><G82/><T45/><D45/><U92/><E80/><V28/><F28/><W15/><G10/><T55/><D55/><U131/><E131/><V57/><F57/><W75/><G75/><T53/><D53/><U109/><E109/><V0/><F0/><AGARI ba="0,0" hai="0,2,3,12,17,20,50,54,56,69,71" m="43017" machi="0" ten="30,1000,0" yaku="11,1" doraHai="93" who="0" fromWho="2" sc="403,10,170,0,218,-10,209,0" /><INIT seed="4,0,0,3,2,126" ten="413,170,208,209" oya="0" hai0="74,93,48,81,119,91,28,115,117,23,26,107,113" hai1="105,31,87,53,79,38,62,20,130,3,71,133,15" hai2="44,82,40,21,18,127,98,65,29,56,25,57,112" hai3="122,2,49,121,85,9,97,86,58,64,50,73,116"/><T89/><D107/><U135/><E3/><V108/><F108/><W90/><G73/><T100/><D100/><U99/><E38/><V68/><F127/><W109/><G109/><T13/><D48/><U34/><E34/><V52/><F112/><N who="0" m="43082" /><D13/><U111/><E111/><V11/><F68/><W0/><G97/><N who="0" m="57519" /><D91/><U51/><E15/><V114/><F114/><W27/><G90/><T55/><D55/><U84/><E105/><V78/><F98/><W129/><G27/><T60/><D60/><U76/><E99/><V54/><F65/><W69/><G64/><T4/><D4/><U12/><E12/><V42/><F44/><W41/><G41/><T6/><D6/><U110/><E53/><V120/><F52/><W132/><G9/><T10/><D10/><U5/><E51/><V43/><F54/><W63/><G63/><T16/><D28/><U125/><E62/><V37/><F29/><W14/><G14/><T94/><D94/><U104/><E31/><V106/><F106/><W45/><G45/><T61/><D61/><U134/><E104/><V83/><F11/><W72/><G116/><T70/><D70/><U22/><E71/><V19/><F42/><W33/><G69/><T80/><D80/><U102/><E102/><V17/><F82/><W75/><G58/><T8/><D8/><U35/><E5/><V123/><F43/><W128/><REACH who="3" step="1"/><G33/><REACH who="3" ten="413,170,208,199" step="2"/><T95/><D119/><U124/><E35/><V46/><F57/><W24/><G24/><T36/><D117/><U7/><E110/><V59/><F40/><W88/><G88/><T67/><D26/><RYUUKYOKU ba="0,1" sc="413,-10,170,-10,208,-10,199,30" hai3="0,2,49,50,72,75,85,86,121,122,128,129,132" /><INIT seed="5,1,1,4,0,114" ten="403,160,198,229" oya="1" hai0="69,99,110,21,13,56,75,74,28,5,50,29,82" hai1="104,0,32,134,39,72,1,70,25,85,61,80,135" hai2="42,112,107,127,66,101,15,125,16,53,67,8,100" hai3="9,126,129,131,113,95,6,12,10,47,52,41,57"/><U4/><E39/><V23/><F112/><W97/><G113/><T24/><D69/><U34/><E104/><V79/><F79/><W96/><G9/><T33/><D110/><U88/><E72/><V55/><F42/><W132/><G132/><N who="1" m="50730" /><E4/><V19/><F107/><W119/><G119/><T94/><D82/><U40/><E40/><V27/><F125/><W54/><G126/><T81/><D81/><U98/><E98/><N who="3" m="37994" /><G95/><T59/><D5/><U108/><E108/><V115/><F115/><W109/><G57/><T31/><D59/><U18/><E18/><V86/><F86/><W106/><G106/><T84/><D84/><U118/><E118/><V35/><F35/><N who="1" m="13353" /><E25/><V76/><F127/><W7/><G7/><T36/><D24/><U48/><E48/><V103/><F76/><W60/><G60/><T93/><D36/><U45/><E45/><V123/><F123/><W121/><G121/><T102/><D74/><U117/><E117/><V58/><REACH who="2" step="1"/><F55/><REACH who="2" ten="403,160,188,229" step="2"/><W63/><G109/><T20/><D75/><U130/><E130/><N who="3" m="49674" /><G63/><AGARI ba="1,2" hai="8,15,16,19,23,27,53,58,63,66,67,100,101,103" machi="63" ten="40,5200,0" yaku="1,1,8,1,54,1,53,0" doraHai="114" doraHaiUra="122" who="2" fromWho="3" sc="403,0,160,0,188,75,229,-55" /><INIT seed="6,0,0,0,5,120" ten="403,160,263,174" oya="2" hai0="89,17,34,131,37,116,88,117,103,101,96,115,99" hai1="107,72,93,26,1,98,58,76,39,67,91,41,33" hai2="127,111,24,29,77,46,132,59,38,106,12,71,2" hai3="30,55,134,135,35,47,68,45,36,66,20,83,23"/><V56/><F2/><W32/><G55/><T75/><D37/><U16/><E1/><V51/><F71/><W8/><G8/><T63/><D34/><U40/><E107/><V5/><F106/><W130/><G130/><T129/><D17/><U13/><E39/><V25/><F38/><W18/><G83/><T105/><D63/><N who="1" m="38391" /><E72/><V7/><F77/><W54/><G54/><T49/><D49/><U119/><E33/><V44/><F12/><W11/><G11/><T3/><D3/><U14/><E76/><V69/><F69/><W122/><G68/><T126/><D75/><U70/><E119/><N who="0" m="45641" /><D115/><U84/><E98/><V53/><F53/><W48/><G66/><T133/><D126/><U100/><E100/><V128/><F51/><W90/><G48/><T124/><D133/><U73/><E73/><V50/><F50/><W57/><G36/><T60/><D60/><U123/><E70/><V6/><F6/><W78/><G78/><T21/><D21/><N who="1" m="13607" /><E123/><V85/><F127/><W80/><G18/><T52/><D52/><U87/><E87/><V125/><F85/><W22/><G122/><T86/><D124/><U64/><E64/><V94/><F132/><N who="3" m="50731" /><G57/><T0/><D0/><U81/><E81/><V95/><F125/><W113/><G113/><T9/><D9/><U65/><E65/><V114/><F114/><W97/><G97/><T31/><D31/><U121/><E121/><V10/><F29/><W27/><G35/><T4/><D4/><U61/><E61/><V118/><F118/><W110/><G110/><T102/><D105/><U104/><E104/><RYUUKYOKU ba="0,0" sc="403,-15,160,15,263,-15,174,15" hai1="13,14,40,41,84,91,93" hai3="20,22,23,27,30,32,45,47,80,90" /><INIT seed="7,1,0,5,3,58" ten="388,175,248,189" oya="3" hai0="91,0,96,129,1,126,100,132,72,57,26,38,120" hai1="99,13,64,115,48,86,109,71,67,29,93,15,44" hai2="16,104,89,101,61,94,97,110,134,51,83,36,46" hai3="24,70,123,63,113,68,4,55,112,125,18,131,10"/><W128/><G123/><T130/><D120/><U33/><E109/><V50/><F134/><W20/><G55/><T114/><D38/><U105/><E105/><V32/><F32/><W54/><G54/><T81/><D132/><U80/><E115/><N who="3" m="44106" /><G125/><T25/><D114/><U60/><E33/><V45/><F83/><W122/><G122/><T98/><D126/><U106/><E106/><V43/><F46/><W73/><G73/><T74/><D57/><N who="1" m="36879" /><E67/><V7/><F7/><W21/><G21/><T31/><D91/><N who="1" m="55743" /><E71/><N who="3" m="27178" /><G63/><T34/><D34/><U118/><E29/><V12/><F61/><W75/><G75/><T66/><D31/><U111/><E111/><V121/><F110/><W39/><G39/><T84/><D66/><U56/><E56/><V77/><F121/><W6/><G6/><T23/><D23/><U27/><E27/><V35/><F35/><W92/><G92/><T135/><D135/><U14/><E118/><V47/><F47/><W79/><G79/><T40/><D26/><U2/><E2/><AGARI ba="1,0" hai="2,4,10,18,20,24,128,131" m="27178,44106" machi="2" ten="30,1500,0" yaku="15,1" doraHai="58" who="3" fromWho="1" sc="388,0,175,-18,248,0,189,18" /><INIT seed="7,2,0,4,5,18" ten="388,157,248,207" oya="3" hai0="67,3,89,129,92,95,84,64,6,71,117,60,114" hai1="125,56,104,132,34,102,116,39,109,112,121,4,37" hai2="101,20,51,105,38,73,94,8,5,110,96,14,11" hai3="27,13,25,107,23,131,7,42,108,30,111,120,21"/><W127/><G107/><T70/><D117/><U29/><RYUUKYOKU type="yao9" ba="2,0" sc="388,0,157,0,248,0,207,0" hai1="4,29,34,37,39,56,102,104,109,112,116,121,125,132" /><INIT seed="7,3,0,0,4,54" ten="388,157,248,207" oya="3" hai0="124,15,11,74,119,85,25,118,20,36,110,80,3" hai1="73,89,114,7,41,29,59,107,86,133,13,55,26" hai2="42,134,87,44,95,33,49,88,24,5,1,8,115" hai3="40,17,19,57,81,18,100,0,76,93,105,113,84"/><W132/><G113/><T96/><D110/><U2/><E114/><V91/><F115/><W58/><G132/><T104/><D36/><U101/><E73/><V131/><F134/><W21/><G0/><T125/><D74/><U62/><E133/><V35/><F131/><W61/><G105/><T48/><D48/><U120/><E2/><V77/><F77/><W98/><G40/><T123/><D123/><U130/><E120/><V50/><F24/><W37/><G37/><T32/><D32/><U10/><E130/><V16/><F16/><N who="3" m="6251" /><G61/><T52/><D52/><U64/><E41/><V111/><F111/><W71/><G71/><T43/><D43/><U79/><E79/><V60/><F50/><W117/><G117/><T31/><D3/><U103/><E107/><V69/><F69/><W90/><G76/><N who="0" m="46215" /><D96/><U66/><E66/><V94/><F60/><W6/><G6/><N who="0" m="3575" /><D104/><U126/><E64/><V34/><F34/><W102/><G102/><T82/><D82/><U67/><E67/><V9/><F9/><W129/><G129/><T23/><D23/><U121/><E121/><V46/><F46/><W56/><G56/><T97/><D97/><AGARI ba="3,0" hai="1,5,8,33,35,42,44,49,87,88,91,94,95,97" machi="97" ten="30,2000,0" yaku="7,1,54,1" doraHai="54" who="2" fromWho="0" sc="388,-29,157,0,248,29,207,0" owari="359,45.9,157,-34.3,277,7.7,207,-19.3" /></mjloggm>