<mjloggm ver="2.3"><GO type="169" lobby="0"/><UN n0="%E6%9C%89%E6%96%90%E3%81%AE%E6%98%9F" n1="%E2%97%8E%E3%82%88%E3%81%97%E2%97%8E" n2="%58%4B%58%54%4C%50" n3="%70%6F%6E%2D%65%6E" dan="16,17,16,16" rate="2092.75,2171.05,2075.40,2186.86" sx="M,M,M,F"/><TAIKYOKU oya="0"/><INIT seed="0,0,0,5,4,109" ten="250,250,250,250" oya="0" hai0="23,55,6,7,106,133,33,116,126,16,24,51,56" hai1="121,29,8,129,41,125,44,74,91,96,67,108,65" hai2="47,75,104,77,107,34,2,45,131,20,124,53,135" hai3="90,99,17,50,130,3,27,134,62,11,118,127,31"/><T0/><D116/><U43/><E121/><V42/><F34/><W87/><G127/><T117/><D117/><U71/><E74/><V59/><F124/><W94/><G134/><T66/><D126/><U4/><E29/><V72/><F135/><W52/><G130/><T12/><D133/><U76/><E76/><V105/><F131/><W102/><G118/><T100/><D66/><U113/><E43/><V28/><F2/><W21/><G62/><T39/><D39/><U110/><E71/><V18/><F28/><W115/><G115/><T85/><D0/><U63/><E125/><V37/><F47/><W111/><G111/><N who="1" m="42538" /><E113/><V95/><F95/><W103/><G99/><T98/><D33/><U32/><E32/><V68/><F77/><W97/><G97/><T19/><REACH who="0" step="1"/><D85/><REACH who="0" ten="240,250,250,250" step="2"/><U5/><E65/><V80/><F68/><W92/><G3/><T114/><D114/><U86/><E86/><V57/><F75/><W81/><G103/><T83/><D83/><U9/><E67/><V93/><F72/><W61/><G102/><T128/><D128/><U40/><E129/><V119/><F119/><W69/><G69/><T22/><AGARI ba="0,1" hai="6,7,12,16,19,22,23,24,51,55,56,98,100,106" machi="22" ten="20,7800,0" yaku="1,1,0,1,7,1,54,1,53,0" doraHai="109" doraHaiUra="112" who="0" fromWho="0" sc="240,88,250,-26,250,-26,250,-26" /><INIT seed="0,1,0,0,3,93" ten="328,224,224,224" oya="0" hai0="51,6,62,111,1,17,8,125,91,50,116,64,120" hai1="77,101,103,117,104,97,26,84,0,121,31,68,107" hai2="60,40,119,10,56,21,113,20,11,30,18,27,25" hai3="86,13,3,57,55,112,43,127,34,88,49,83,129"/><T118/><D120/><U134/><E121/><V7/><F40/><W126/><G3/><T114/><D114/><U42/><E117/><V29/><F113/><W132/><G112/><T41/><D125/><U131/><E134/><V46/><F119/><W69/><G34/><T47/><D111/><U33/><E131/><V82/><F82/><W95/><G132/><T16/><D51/><U98/><E0/><V2/><F46/><W22/><G129/><T80/><D118/><U99/><E68/><V75/><F75/><W71/><G43/><T44/><D44/><U81/><REACH who="1" step="1"/><E42/><REACH who="1" ten="328,214,224,224" step="2"/><V63/><F56/><W105/><G69/><T58/><REACH who="0" step="1"/><D116/><REACH who="0" ten="318,214,224,224" step="2"/><U128/><E128/><V94/><F63/><W5/><G126/><T24/><D24/><U102/><AGARI ba="1,2" hai="26,31,33,77,81,84,97,98,99,101,102,103,104,107" machi="102" ten="30,8000,1" yaku="1,1,0,1,52,3,53,0" doraHai="93" doraHaiUra="52" who="1" fromWho="1" sc="318,-41,214,103,224,-21,224,-21" /><INIT seed="1,0,0,1,0,119" ten="277,317,203,203" oya="1" hai0="82,70,85,123,100,115,131,81,46,93,89,58,107" hai1="37,129,126,113,62,32,38,39,25,134,120,28,111" hai2="92,31,8,64,74,124,15,88,3,30,13,117,51" hai3="97,61,9,66,29,34,48,11,35,65,21,125,33"/><U44/><E113/><V36/><F36/><W103/><G125/><T110/><D70/><U42/><E126/><V118/><F74/><W90/><G90/><T24/><D115/><U0/><E129/><V45/><F64/><W135/><G135/><T16/><D131/><U84/><E134/><V55/><F3/><W83/><G83/><T86/><D110/><U99/><E111/><V23/><F124/><W116/><G116/><T101/><D107/><U77/><E0/><V78/><F78/><W112/><G112/><T130/><D46/><U52/><E99/><V50/><F50/><W1/><G48/><T14/><D24/><U20/><E32/><V75/><F75/><W104/><G65/><T41/><D41/><U73/><E73/><V133/><F133/><W60/><G61/><T43/><D43/><U5/><E5/><V40/><F40/><W19/><G1/><T67/><D130/><U26/><E26/><V69/><F69/><W2/><G2/><T12/><D93/><U87/><E120/><V6/><F117/><W27/><REACH who="3" step="1"/><G29/><REACH who="3" ten="277,317,203,193" step="2"/><T80/><D82/><U96/><E37/><V102/><F118/><W4/><G4/><T22/><D67/><U132/><E38/><V76/><F76/><W114/><G114/><T71/><D89/><U121/><E132/><V127/><F127/><W94/><G94/><T53/><D80/><U54/><E77/><V106/><F106/><W95/><G95/><T68/><D81/><U56/><E39/><V108/><F108/><W63/><G63/><T59/><D101/><U7/><E28/><V98/><F102/><RYUUKYOKU ba="0,1" sc="277,-15,317,-15,203,15,193,15" hai2="6,8,13,15,23,30,31,45,51,55,88,92,98" hai3="9,11,19,21,27,33,34,35,60,66,97,103,104" /><INIT seed="2,1,1,2,2,55" ten="262,302,218,208" oya="2" hai0="3,11,33,97,123,30,23,29,96,132,99,100,25" hai1="75,102,135,2,44,76,86,22,121,84,131,118,57" hai2="40,47,89,113,107,24,1,63,27,36,35,122,79" hai3="46,20,38,58,111,85,98,14,128,15,103,50,4"/><V133/><F113/><W45/><G111/><T115/><D123/><U51/><E118/><V9/><F122/><W12/><G128/><T17/><D132/><U41/><E131/><V81/><F133/><W112/><G112/><T119/><D119/><U106/><E135/><V37/><F37/><W54/><G85/><T61/><D115/><U125/><E2/><V49/><F35/><W64/><G38/><T39/><D39/><U6/><E125/><V109/><F109/><W18/><G4/><T77/><D77/><U104/><E6/><N who="2" m="1231" /><F107/><W8/><G64/><T68/><D30/><U32/><E32/><V56/><F49/><W34/><G34/><T0/><D11/><U52/><E121/><V43/><F89/><W129/><G129/><T48/><D48/><U10/><E10/><V70/><F70/><W105/><REACH who="3" step="1"/><G8/><REACH who="3" ten="262,302,218,198" step="2"/><T66/><REACH who="0" step="1"/><D100/><REACH who="0" ten="252,302,218,198" step="2"/><U93/><E102/><V127/><F127/><W101/><G101/><T59/><D59/><U62/><E57/><V21/><F56/><W116/><G116/><T67/><D67/><U78/><E78/><V120/><F79/><W108/><G108/><T134/><D134/><U42/><E76/><V91/><F120/><W73/><G73/><T26/><AGARI ba="1,3" hai="0,3,17,23,25,26,29,33,61,66,68,96,97,99" machi="26" ten="30,2000,0" yaku="1,1,0,1,53,0" doraHai="55" doraHaiUra="53" who="0" fromWho="0" sc="252,53,302,-6,218,-11,198,-6" /><INIT seed="3,0,0,4,2,123" ten="305,296,207,192" oya="3" hai0="40,113,115,44,135,50,110,39,38,118,117,52,120" hai1="106,41,66,90,0,68,26,65,55,83,112,49,35" hai2="129,46,107,45,37,59,93,43,108,57,125,89,28" hai3="87,61,21,109,2,128,85,131,84,134,116,119,5"/><W75/><G21/><T111/><D135/><U3/><E106/><V81/><F107/><W10/><G75/><T56/><D38/><U69/><E41/><V97/><F129/><N who="3" m="49739" /><G134/><T58/><D58/><U88/><E112/><N who="0" m="43081" /><D120/><U63/><E35/><V51/><F125/><W7/><G7/><T48/><D39/><U101/><E26/><V34/><F108/><AGARI ba="0,0" hai="40,44,48,50,52,56,108,110,111,117,118" m="43081" machi="108" ten="30,16000,3" yaku="14,1,11,1,34,2,52,3,54,1" doraHai="123" who="0" fromWho="2" sc="305,160,296,0,207,-160,192,0" /><INIT seed="4,0,0,0,0,69" ten="465,296,47,192" oya="0" hai0="57,27,114,26,13,49,15,112,74,48,67,123,37" hai1="18,94,22,113,85,103,95,83,46,56,38,88,1" hai2="68,70,4,33,97,41,66,126,28,35,86,128,111" hai3="127,120,3,81,108,31,78,16,107,61,109,90,8"/><T110/><D74/><U54/><E1/><V11/><F111/><W5/><G127/><T40/><D110/><U102/><E113/><V0/><F126/><W60/><G120/><T53/><D123/><U125/><E125/><V133/><F133/><W87/><G107/><T63/><D48/><U132/><E132/><V105/><F128/><W91/><G108/><T131/><D131/><U84/><E95/><V89/><F41/><W122/><G122/><T82/><D82/><U50/><E46/><V12/><F12/><W99/><G109/><T10/><D13/><N who="1" m="9551" /><E38/><V73/><F73/><W9/><G31/><T93/><D93/><U116/><E116/><V14/><F0/><W24/><G9/><T19/><D114/><U64/><E64/><V121/><F121/><W118/><G118/><T124/><D124/><U98/><E98/><V44/><F44/><W76/><G91/><AGARI ba="0,0" hai="50,54,56,83,84,85,88,91,94,102,103" m="9551" machi="91" ten="30,3900,0" yaku="25,1,8,1,54,1" doraHai="69" who="1" fromWho="3" sc="465,0,296,39,47,0,192,-39" /><INIT seed="5,0,0,5,0,52" ten="465,335,47,153" oya="1" hai0="3,20,63,89,108,32,92,26,131,39,91,70,94" hai1="29,45,42,123,101,122,75,127,31,87,22,13,90" hai2="106,48,62,102,16,69,1,72,9,38,27,95,135" hai3="54,99,60,104,15,7,64,50,132,25,12,113,30"/><U43/><E127/><V58/><F38/><W24/><G113/><T134/><D108/><U130/><E75/><V83/><F106/><W119/><G132/><T59/><D32/><U93/><E130/><V51/><F135/><W120/><G120/><T97/><D39/><U76/><E43/><V47/><F69/><W79/><G119/><T121/><D3/><U35/><E35/><V49/><F1/><W2/><G79/><T36/><D36/><U115/><E115/><V0/><F0/><W68/><G2/><T114/><D114/><U100/><E76/><V111/><F111/><W41/><G41/><T96/><D131/><U74/><E74/><V6/><F83/><W11/><G15/><T86/><D121/><U56/><E122/><V55/><F72/><W84/><G84/><T34/><D34/><U53/><E123/><V133/><F6/><W61/><G61/><T5/><D5/><U14/><E31/><V10/><F10/><W125/><G30/><T117/><D70/><U33/><E33/><V73/><F73/><W128/><G125/><T126/><D117/><U112/><E112/><V66/><F133/><W105/><G128/><T65/><D126/><U71/><E71/><V77/><F77/><W85/><G85/><N who="0" m="52271" /><D134/><U118/><E118/><V88/><F102/><N who="1" m="39529" /><E29/><AGARI ba="0,0" hai="20,26,29,59,63,65,86,91,94,96,97" m="52271" machi="29" ten="30,2000,0" yaku="8,1,52,1" doraHai="52" who="0" fromWho="1" sc="465,20,335,-20,47,0,153,0" /><INIT seed="6,0,0,4,2,43" ten="485,315,47,153" oya="2" hai0="134,25,129,33,15,62,109,61,71,75,85,23,24" hai1="120,46,79,41,39,50,45,118,126,48,16,90,0" hai2="51,128,65,17,87,47,19,13,130,34,76,3,68" hai3="31,7,117,27,67,6,54,57,101,14,127,42,102"/><V26/><F3/><W88/><G117/><T10/><D75/><U5/><E118/><V92/><F65/><W73/><G73/><T115/><D109/><U21/><E126/><V124/><F124/><W89/><G67/><T59/><D71/><U86/><E120/><V8/><F68/><W49/><G127/><T32/><D115/><U107/><E107/><V110/><F110/><W104/><G42/><T80/><D129/><U84/><E39/><V132/><F132/><W96/><G102/><T30/><D134/><U20/><E0/><V82/><F92/><W66/><G66/><T91/><D59/><U36/><E36/><V111/><F111/><W95/><G14/><T98/><D98/><U114/><E5/><V53/><REACH who="2" step="1"/><F19/><REACH who="2" ten="485,315,37,153" step="2"/><W55/><G104/><T135/><D135/><U58/><E16/><V78/><F78/><W9/><G7/><T131/><D131/><U83/><E114/><V72/><F72/><W93/><G93/><T116/><D116/><U81/><REACH who="1" step="1"/><E58/><REACH who="1" ten="485,305,37,153" step="2"/><V18/><F18/><W70/><G70/><T100/><D25/><U133/><E133/><V94/><F94/><W69/><G69/><T119/><D119/><U35/><E35/><V125/><F125/><W123/><G6/><N who="0" m="3543" /><D32/><U52/><AGARI ba="0,2" hai="20,21,41,45,46,48,50,52,79,81,83,84,86,90" machi="52" ten="20,12000,2" yaku="1,1,0,1,7,1,8,1,52,2,54,1,53,0" doraHai="43" doraHaiUra="56" who="1" fromWho="1" sc="485,-30,305,140,37,-60,153,-30" owari="455,55.5,445,24.5,-23,-52.3,123,-27.7" /></mjloggm>