<mjloggm ver="2.3"><GO type="169" lobby="0"/><UN n0="%E7%88%86%E7%89%8C%E3%82%A6%E3%82%B7%E3%82%B8%E3%83%9E%E3%81%8F%E3%82%93" n1="%E3%80%90%E3%83%A1%E3%82%BF%E3%83%A9%E3%83%BC%E3%80%91" n2="%E6%9C%AC%E5%AE%B6%E3%81%8B%E3%81%BE%E3%81%A9%E3%82%84" n3="%E7%91%9E%E5%8E%9F%E3%83%B4%E3%82%A1%E3%82%AE%E3%83%8A" dan="16,17,16,16" rate="2095.55,2123.60,2161.61,2060.20" sx="M,M,M,M"/><TAIKYOKU oya="0"/><INIT seed="0,0,0,1,1,56" ten="250,250,250,250" oya="0" hai0="1,44,115,43,75,82,120,94,106,2,12,112,14" hai1="76,108,90,61,60,18,68,85,57,11,33,92,89" hai2="97,88,6,40,48,125,42,27,45,23,41,26,71" hai3="38,7,128,67,124,93,47,25,62,37,129,69,107"/><T4/><D106/><U131/><E33/><V91/><F125/><W55/><G107/><T64/><D120/><U80/><E108/><V113/><F113/><W21/><G7/><T32/><D32/><U73/><E131/><N who="3" m="50250" /><G93/><T70/><D94/><U84/><E68/><V133/><F133/><W20/><G20/><T36/><D14/><N who="1" m="7519" /><E73/><V117/><F71/><W3/><G3/><T100/><D100/><U135/><E135/><V10/><F117/><W114/><G114/><T66/><D66/><U72/><E72/><V105/><F105/><W51/><G124/><T29/><D29/><AGARI ba="0,0" hai="21,25,29,37,38,47,51,55,62,67,69" m="50250" machi="29" ten="30,2000,0" yaku="19,1,52,1" doraHai="56" who="3" fromWho="0" sc="250,-20,250,0,250,0,250,20" /><INIT seed="1,0,0,5,2,30" ten="230,250,250,270" oya="1" hai0="95,117,59,85,115,40,5,90,104,47,78,131,123" hai1="108,91,97,4,69,15,62,49,13,42,96,19,120" hai2="45,32,31,119,22,79,46,28,6,23,57,52,101" hai3="3,51,12,77,65,74,133,81,54,27,84,112,111"/><U48/><E120/><V87/><F119/><W71/><G112/><T7/><D115/><U102/><E4/><V128/><F128/><W21/><G3/><T1/><D104/><U0/><E0/><V125/><F125/><W82/><G111/><T18/><D117/><U132/><E132/><V86/><F101/><W80/><G133/><T38/><D131/><U8/><E108/><V88/><F6/><W121/><G121/><T116/><D116/><U44/><E15/><V126/><F79/><W2/><G2/><T100/><D123/><U73/><E73/><V41/><F41/><W75/><G12/><T99/><D1/><U92/><E69/><V9/><F9/><W25/><G25/><T24/><D78/><U39/><REACH who="1" step="1"/><E62/><REACH who="1" ten="230,240,250,270" step="2"/><V134/><F134/><W33/><G75/><T122/><D122/><U98/><E98/><V76/><F126/><W127/><G127/><T135/><D135/><U29/><E29/><V109/><F109/><W66/><G71/><T89/><D7/><U53/><E53/><V83/><F31/><W130/><G74/><T60/><D5/><U35/><E35/><V105/><F32/><W107/><G33/><T17/><D24/><U114/><E114/><V43/><F28/><N who="3" m="17519" /><G130/><T55/><D18/><U14/><E14/><V20/><F43/><W56/><G66/><T93/><D17/><U106/><AGARI ba="0,1" hai="8,13,19,39,42,44,48,49,91,92,96,97,102,106" machi="106" ten="20,12000,1" yaku="1,1,0,1,7,1,53,2" doraHai="30" doraHaiUra="94" who="1" fromWho="1" sc="230,-40,240,130,250,-40,270,-40" /><INIT seed="1,1,0,2,5,130" ten="190,370,210,230" oya="1" hai0="56,109,3,67,77,48,34,112,133,81,76,134,10" hai1="27,25,79,95,87,86,85,23,47,120,100,108,89" hai2="74,22,93,1,83,35,55,58,64,49,32,31,59" hai3="7,135,11,6,126,80,96,90,103,66,36,97,0"/><U98/><E120/><V20/><F1/><W70/><G36/><T110/><D34/><U107/><E108/><N who="0" m="41577" /><D112/><U88/><E79/><N who="0" m="30281" /><D81/><U15/><E47/><V71/><F71/><W12/><G126/><T101/><D101/><U104/><E104/><V19/><F83/><W94/><G70/><T84/><D84/><U99/><REACH who="1" step="1"/><E89/><REACH who="1" ten="190,360,210,230" step="2"/><V60/><F74/><W40/><G90/><T54/><D67/><U75/><E75/><V5/><F93/><W125/><G94/><T52/><D54/><U41/><E41/><V72/><F72/><W42/><G40/><T17/><D17/><AGARI ba="1,1" hai="15,17,23,25,27,85,86,87,88,95,98,99,100,107" machi="17" ten="40,3900,0" yaku="1,1,54,1,53,0" doraHai="130" doraHaiUra="30" who="1" fromWho="0" sc="190,-42,360,52,210,0,230,0" /><INIT seed="1,2,0,2,4,11" ten="148,412,210,230" oya="1" hai0="116,54,35,42,121,20,113,95,132,73,16,69,0" hai1="63,97,105,88,33,79,70,125,44,5,29,128,93" hai2="65,87,100,30,55,46,6,38,110,32,133,86,8" hai3="39,60,51,112,48,135,64,49,40,17,124,59,3"/><U114/><E114/><V90/><F110/><W56/><G3/><T120/><D113/><U122/><E122/><V71/><F133/><W123/><G17/><T108/><D69/><U111/><E111/><V130/><F100/><W103/><G103/><T77/><D108/><U26/><E125/><V13/><F130/><W22/><G22/><T127/><D35/><U43/><E128/><V84/><F65/><W68/><G112/><T47/><D0/><U34/><E5/><V37/><F71/><W117/><G123/><N who="0" m="47179" /><D132/><U52/><E34/><V57/><F46/><N who="3" m="23839" /><G135/><T76/><D73/><U82/><E105/><V75/><F75/><W10/><G10/><T50/><D116/><U72/><E70/><V7/><F7/><W98/><G98/><T31/><D31/><U12/><E63/><V66/><F30/><W23/><G23/><T1/><D1/><U80/><E80/><V19/><F32/><W45/><G117/><T85/><D42/><U101/><E101/><V102/><F102/><W115/><G124/><T134/><D127/><U78/><E78/><V81/><F6/><W67/><G115/><T106/><D106/><U109/><E109/><V91/><F8/><W89/><G89/><N who="0" m="53679" /><D134/><U126/><E126/><V104/><F104/><W94/><G94/><T107/><D107/><U28/><E28/><V83/><F91/><W24/><G24/><AGARI ba="2,0" hai="16,20,24,47,50,54,76,77" m="53679,47179" machi="24" ten="30,2000,0" yaku="13,1,54,1" doraHai="11" who="0" fromWho="3" sc="148,26,412,0,210,0,230,-26" /><INIT seed="2,0,0,2,2,52" ten="174,412,210,204" oya="2" hai0="58,120,15,40,101,5,35,51,80,34,23,10,75" hai1="4,103,39,96,65,100,22,110,126,91,88,36,72" hai2="95,104,30,121,17,27,19,89,131,83,18,112,78" hai3="124,69,119,59,12,86,62,29,132,44,71,93,6"/><V43/><F112/><W1/><G119/><T25/><D120/><U42/><E72/><V8/><F121/><W116/><G116/><T98/><D75/><U134/><E110/><V79/><F104/><W113/><G113/><T41/><D80/><U45/><E39/><V81/><F131/><W70/><G124/><T109/><D109/><U37/><E37/><V3/><F43/><W85/><G1/><T61/><D51/><U74/><E74/><V133/><F133/><W33/><G132/><T130/><D34/><U129/><E129/><V20/><F8/><W57/><G44/><T114/><D35/><U31/><E126/><V2/><F3/><W102/><G62/><T50/><D50/><U48/><E103/><V9/><F9/><W7/><G102/><T115/><D130/><U66/><E4/><V49/><F49/><W99/><G99/><T13/><D13/><U118/><E36/><V14/><F14/><W108/><G108/><T77/><D77/><N who="2" m="29194" /><F2/><W90/><G86/><AGARI ba="0,0" hai="17,18,19,20,27,30,81,83,86,89,95" m="29194" machi="86" ten="30,1500,0" yaku="8,1" doraHai="52" who="2" fromWho="3" sc="174,0,412,0,210,15,204,-15" /><INIT seed="2,1,0,5,2,5" ten="174,412,225,189" oya="2" hai0="12,119,59,4,123,44,42,29,9,79,69,132,51" hai1="102,133,16,97,101,66,14,126,128,122,47,73,61" hai2="35,26,134,107,94,129,100,85,0,43,76,57,87" hai3="78,120,49,114,82,60,98,6,92,20,25,91,21"/><V124/><F0/><W106/><G120/><T62/><D123/><U104/><E126/><V10/><F124/><W72/><G114/><T64/><D132/><U71/><E128/><V28/><F107/><W67/><G49/><T39/><D29/><U8/><E133/><V112/><F112/><W109/><G109/><T121/><D121/><U95/><E73/><V110/><F129/><W74/><G74/><T34/><D34/><U90/><E122/><V19/><F76/><W2/><G25/><T50/><D119/><U77/><E77/><V38/><F110/><W125/><G125/><T3/><D79/><U40/><REACH who="1" step="1"/><E104/><REACH who="1" ten="174,402,225,189" step="2"/><V111/><F111/><W36/><G106/><T65/><D3/><U13/><E13/><V116/><F134/><W48/><G36/><AGARI ba="1,1" hai="8,14,16,36,40,47,61,66,71,90,95,97,101,102" machi="36" ten="30,7700,0" yaku="1,1,7,1,52,1,54,1,53,0" doraHai="5" doraHaiUra="115" who="1" fromWho="3" sc="174,0,402,90,225,0,189,-80" /><INIT seed="3,0,0,5,1,99" ten="174,492,225,109" oya="3" hai0="113,72,94,25,40,118,38,48,27,14,11,10,30" hai1="9,103,36,16,117,29,123,79,91,110,97,132,64" hai2="124,15,112,49,53,126,58,24,76,65,42,83,67" hai3="88,22,87,7,34,119,66,3,46,77,90,41,134"/><W122/><G119/><T26/><D72/><U106/><E123/><V61/><F112/><W129/><G122/><T107/><D107/><U20/><E36/><V121/><F121/><W95/><G34/><T69/><D69/><U84/><E110/><V75/><F24/><W57/><G129/><T63/><D38/><U71/><E132/><V50/><F15/><W100/><G134/><T109/><D118/><U125/><E125/><N who="2" m="48235" /><F42/><W55/><G66/><AGARI ba="0,0" hai="49,50,53,58,61,65,66,67,75,76,83" m="48235" machi="66" ten="30,1000,0" yaku="18,1" doraHai="99" who="2" fromWho="3" sc="174,0,492,0,225,10,109,-10" /><INIT seed="4,0,0,5,2,27" ten="174,492,235,99" oya="0" hai0="57,36,131,124,88,126,100,33,104,10,95,114,125" hai1="106,41,12,32,17,63,45,127,0,122,116,69,132" hai2="68,50,87,107,56,2,83,61,59,93,30,7,1" hai3="117,72,47,74,35,48,129,67,46,113,42,53,130"/><T121/><D121/><U96/><E116/><V94/><F107/><W34/><G117/><T77/><D36/><U86/><E0/><V6/><F68/><W20/><G20/><T13/><D114/><U103/><E127/><V31/><F50/><W55/><G113/><T78/><D131/><U37/><E132/><V64/><F2/><W66/><G48/><T62/><D33/><U26/><E86/><V43/><F43/><W71/><G71/><T24/><D24/><U60/><E122/><V84/><F1/><W85/><G85/><N who="0" m="52623" /><D100/><U23/><E69/><V9/><F9/><W54/><REACH who="3" step="1"/><G53/><REACH who="3" ten="174,492,235,89" step="2"/><N who="0" m="34095" /><D104/><U120/><E120/><V80/><F61/><W19/><G19/><AGARI ba="0,1" hai="10,13,19,77,78,124,125,126" m="34095,52623" machi="19" ten="30,2900,0" yaku="18,1,54,1" doraHai="27" who="0" fromWho="3" sc="174,39,492,0,235,0,89,-29" /><INIT seed="4,1,0,3,0,20" ten="213,492,235,60" oya="0" hai0="75,86,57,61,9,8,96,51,119,11,122,117,16" hai1="5,126,22,18,23,127,59,85,124,26,6,109,25" hai2="4,31,60,2,103,69,128,12,52,112,24,14,80" hai3="99,28,71,82,42,30,73,132,56,111,67,108,104"/><T48/><D75/><U102/><E109/><V131/><F112/><W110/><G132/><T98/><D122/><U65/><E102/><V15/><F103/><W76/><G71/><T79/><D117/><U114/><E85/><V81/><F2/><W120/><G120/><T89/><D79/><U34/><E34/><V64/><F4/><W63/><G104/><T17/><D119/><U121/><E121/><V45/><F45/><W72/><G99/><N who="0" m="37931" /><D48/><U7/><E59/><V88/><F52/><W38/><G42/><T90/><D51/><U116/><E65/><V43/><F43/><W135/><G38/><T91/><D86/><U21/><E116/><V66/><F66/><AGARI ba="1,0" hai="8,9,11,16,17,57,61,66,89,90,91" m="37931" machi="66" ten="30,2900,0" yaku="8,1,54,1" doraHai="20" who="0" fromWho="2" sc="213,32,492,0,235,-32,60,0" /><INIT seed="4,2,0,5,5,111" ten="245,492,203,60" oya="0" hai0="9,43,108,120,110,107,72,84,85,127,116,50,123" hai1="66,126,91,129,56,18,58,65,68,24,61,87,93" hai2="105,106,75,118,53,122,1,52,103,76,32,124,95" hai3="125,101,100,26,41,74,38,132,67,78,94,11,48"/><T119/><D9/><U79/><E126/><V0/><F124/><W121/><G125/><T98/><D127/><U40/><E129/><V97/><F122/><N who="0" m="46634" /><D43/><U60/><E40/><V77/><F32/><W92/><G121/><T114/><D50/><U46/><E46/><V69/><F69/><W33/><G38/><T15/><D15/><U42/><E42/><V30/><F30/><W8/><G132/><T4/><D72/><U3/><E3/><V10/><F10/><W7/><G67/><T12/><D12/><U45/><E45/><V96/><F75/><W34/><G41/><T57/><D57/><U73/><E73/><V5/><F95/><W16/><G48/><T133/><D4/><U99/><E68/><V35/><F5/><W14/><G14/><T37/><D37/><U49/><E49/><V131/><F131/><W54/><G74/><T47/><D47/><U63/><E63/><V90/><F1/><W130/><G130/><T82/><D133/><U115/><E79/><V64/><F0/><W59/><G78/><N who="0" m="46167" /><D85/><U2/><E87/><V27/><F77/><W81/><G59/><T36/><D36/><U21/><E2/><V62/><F76/><W71/><G71/><T134/><D134/><U109/><E109/><N who="0" m="42089" /><D114/><AGARI ba="2,0" hai="18,21,24,56,58,60,61,65,66,91,93,99,114,115" machi="114" ten="40,5200,0" yaku="9,1,52,2" doraHai="111" who="1" fromWho="0" sc="245,-58,492,58,203,0,60,0" /><INIT seed="5,0,0,4,5,27" ten="187,550,203,60" oya="1" hai0="67,117,83,113,17,24,38,49,78,114,5,63,26" hai1="44,45,72,80,41,64,43,89,42,121,115,30,60" hai2="133,76,54,3,110,10,107,119,124,58,95,100,105" hai3="4,33,21,2,51,126,132,84,40,56,125,109,50"/><U14/><E121/><V19/><F110/><W123/><G109/><T116/><D38/><U77/><E115/><N who="0" m="44041" /><D49/><U93/><E14/><V66/><F119/><N who="0" m="45642" /><D5/><U25/><E89/><V102/><F66/><W13/><G33/><T6/><D6/><U39/><E93/><V101/><F76/><W53/><G2/><T128/><D17/><U69/><REACH who="1" step="1"/><E45/><REACH who="1" ten="187,540,203,60" step="2"/><V68/><F95/><W23/><G123/><T55/><D128/><U134/><E134/><V34/><F133/><W85/><G132/><T7/><D7/><U57/><E57/><V112/><F58/><W1/><G1/><T62/><D83/><U122/><E122/><V16/><F3/><W129/><G129/><T31/><D78/><U106/><E106/><V111/><F107/><W18/><G4/><T92/><D92/><U71/><E71/><V88/><F105/><W70/><G70/><T79/><D79/><U99/><E99/><V73/><F68/><W32/><G13/><T96/><D96/><U61/><E61/><V103/><F111/><W127/><G56/><T90/><D90/><U65/><E65/><V131/><F112/><W82/><G82/><T98/><D98/><U15/><E15/><V130/><F131/><W36/><G127/><T20/><D67/><U47/><E47/><V8/><F124/><W35/><G126/><T22/><D63/><U86/><E86/><V75/><F88/><W0/><G85/><T48/><D62/><U97/><E97/><V104/><F130/><W28/><G84/><T37/><D26/><U81/><E81/><V91/><N who="2" m="25600" /><DORA hai="9" /><V12/><F91/><RYUUKYOKU ba="0,1" sc="187,-10,540,30,203,-10,60,-10" hai1="25,30,39,41,42,43,44,60,64,69,72,77,80" /><INIT seed="5,1,1,2,2,81" ten="177,570,193,50" oya="1" hai0="47,1,130,22,116,37,17,66,103,49,99,9,119" hai1="31,126,7,134,108,127,93,109,50,60,59,82,42" hai2="86,98,64,84,71,89,32,113,100,92,45,80,14" hai3="30,117,34,25,78,28,107,67,23,44,125,43,33"/><U90/><E82/><V135/><F135/><W26/><G125/><N who="1" m="47626" /><E7/><V8/><F32/><W79/><G107/><T88/><D130/><U35/><E31/><V105/><F113/><W58/><G117/><T29/><D37/><U75/><E35/><V52/><F64/><W128/><G128/><T106/><D66/><N who="1" m="39199" /><E75/><V72/><F71/><W111/><G111/><N who="1" m="42570" /><E93/><V91/><F72/><W53/><G67/><T16/><D29/><U38/><E90/><V21/><F21/><W69/><G69/><T87/><D9/><U41/><E38/><V101/><F105/><W61/><REACH who="3" step="1"/><G23/><REACH who="3" ten="177,570,193,40" step="2"/><T73/><D22/><U36/><E36/><AGARI ba="1,2" hai="25,26,28,30,33,34,36,43,44,53,58,61,78,79" machi="36" ten="30,7700,0" yaku="1,1,2,1,7,1,9,1,53,0" doraHai="81" doraHaiUra="104" who="3" fromWho="1" sc="177,0,570,-80,193,0,40,100" /><INIT seed="6,0,0,0,4,96" ten="177,490,193,140" oya="2" hai0="46,132,66,82,115,30,57,40,16,79,119,81,61" hai1="19,101,124,127,58,50,131,117,13,18,47,49,108" hai2="37,51,31,43,20,76,21,125,60,89,113,107,130" hai3="72,25,74,135,77,36,8,56,54,38,102,15,114"/><V84/><F113/><W105/><G135/><T123/><D123/><U9/><E108/><V1/><F1/><W134/><G134/><T85/><D115/><U24/><E117/><V99/><F125/><N who="1" m="48201" /><E131/><V3/><F3/><W55/><G55/><T32/><D132/><U73/><E73/><V27/><F37/><W103/><G114/><T121/><D121/><U98/><E58/><V90/><F130/><W86/><G105/><T41/><D119/><U126/><E126/><V53/><F43/><W122/><G122/><T7/><D7/><N who="1" m="3263" /><E24/><V133/><F60/><W78/><G25/><T94/><D46/><U70/><E70/><V5/><F5/><W110/><G110/><T0/><D0/><U111/><E111/><V69/><F69/><W65/><G65/><T6/><D6/><U68/><E68/><V33/><F76/><W23/><G74/><T64/><D64/><U95/><E50/><V26/><F33/><W2/><G72/><T109/><D109/><U83/><E83/><V17/><F133/><W75/><G75/><T35/><D82/><U48/><E48/><V112/><F112/><W52/><G56/><T118/><D118/><U88/><E88/><V45/><REACH who="2" step="1"/><F84/><REACH who="2" ten="177,490,183,140" step="2"/><W71/><G86/><T12/><D85/><U116/><E116/><V14/><F14/><W44/><G71/><T63/><D12/><U100/><E100/><AGARI ba="0,1" hai="17,20,21,26,27,31,45,51,53,89,90,99,100,107" machi="100" ten="40,3900,0" yaku="1,1,52,1,53,0" doraHai="96" doraHaiUra="104" who="2" fromWho="1" sc="177,0,490,-39,183,49,140,0" /><INIT seed="6,1,0,0,5,122" ten="177,451,232,140" oya="2" hai0="92,133,16,41,13,4,84,125,1,134,29,47,129" hai1="20,97,75,74,49,102,115,79,105,113,119,86,104" hai2="55,132,108,98,18,7,110,3,38,130,100,36,112" hai3="88,11,37,107,24,34,87,19,46,106,21,121,118"/><V80/><F112/><N who="1" m="43081" /><E119/><V44/><F130/><W62/><G121/><T15/><D129/><U28/><E49/><N who="2" m="29095" /><F132/><N who="0" m="50794" /><D125/><U59/><E59/><V5/><F80/><W6/><G34/><T14/><D29/><U57/><E57/><V43/><F18/><W81/><G118/><T30/><D30/><U61/><E61/><V124/><F124/><W39/><G62/><T83/><D92/><N who="1" m="58663" /><E20/><V82/><F82/><W17/><G17/><T68/><D68/><U103/><E28/><V135/><F135/><W64/><G64/><T42/><D4/><N who="2" m="1610" /><F43/><N who="0" m="16394" /><D47/><U45/><E45/><V66/><F66/><W93/><G46/><T114/><D1/><U131/><E131/><V76/><F76/><W96/><G39/><T8/><D114/><U71/><E71/><V111/><F3/><W116/><G37/><T51/><D51/><U22/><E105/><AGARI ba="1,0" hai="36,38,98,100,105,108,110,111" m="1610,29095" machi="105" ten="30,11600,0" yaku="10,1,52,3" doraHai="122" who="2" fromWho="1" sc="177,0,451,-119,232,119,140,0" /><INIT seed="6,2,0,4,4,91" ten="177,332,351,140" oya="2" hai0="120,117,83,97,54,42,29,110,62,21,58,47,124" hai1="93,102,13,55,67,80,49,86,90,26,16,108,0" hai2="77,32,19,61,37,107,123,10,65,92,41,113,118" hai3="115,103,81,101,24,84,72,126,64,135,40,17,63"/><V18/><F118/><W34/><G72/><T57/><D110/><U121/><E108/><V131/><F123/><W130/><G130/><T85/><D120/><U12/><E121/><V125/><F107/><W78/><G126/><T66/><D117/><U2/><E2/><V43/><F32/><W30/><G135/><T60/><D124/><U127/><E0/><V122/><F122/><W109/><G109/><T31/><D21/><N who="1" m="13607" /><E67/><V111/><F113/><W88/><G115/><T44/><D97/><N who="1" m="59695" /><E127/><V4/><F37/><W8/><G40/><T7/><D7/><U51/><E51/><V87/><F131/><W106/><G106/><T28/><REACH who="0" step="1"/><D42/><REACH who="0" ten="167,332,351,140" step="2"/><U56/><AGARI ba="2,1" hai="12,13,49,55,56,80,86,90" m="59695,13607" machi="56" ten="30,4000,0" yaku="8,1,52,1,54,1" doraHai="91" who="1" fromWho="1" sc="167,-12,332,56,351,-22,140,-12" /><INIT seed="7,0,0,0,4,58" ten="155,388,329,128" oya="3" hai0="134,80,38,26,84,72,16,130,100,64,14,15,19" hai1="135,133,120,75,17,48,20,9,73,43,108,112,35" hai2="68,125,116,57,22,82,101,104,122,69,123,29,63" hai3="46,32,124,132,28,49,56,53,59,23,119,18,89"/><W99/><G119/><T5/><D38/><U83/><E108/><V24/><F116/><W30/><G124/><T87/><D72/><U36/><E120/><V4/><F125/><W129/><G132/><N who="1" m="50762" /><E35/><V91/><F4/><W94/><G129/><T126/><D80/><U62/><E36/><V45/><F45/><W25/><REACH who="3" step="1"/><G30/><REACH who="3" ten="155,388,329,118" step="2"/><T65/><D130/><U121/><E121/><V11/><F29/><W74/><G74/><T71/><D134/><U6/><E75/><V88/><F122/><W31/><G31/><T70/><D126/><U1/><E73/><V21/><F123/><W2/><G2/><T105/><D5/><U131/><E6/><V107/><F104/><W103/><G103/><T52/><D100/><U86/><E1/><V61/><F101/><W79/><G79/><T33/><D105/><U39/><E131/><V117/><F107/><W115/><G115/><T90/><D90/><U3/><E3/><V97/><F88/><W92/><G92/><T78/><D78/><U96/><E112/><V34/><F91/><W110/><G110/><T40/><D19/><U7/><E17/><V77/><F77/><W60/><G60/><T67/><D16/><U93/><E62/><V8/><F117/><W27/><AGARI ba="0,1" hai="18,23,25,27,28,32,46,49,53,56,59,89,94,99" machi="27" ten="20,12000,1" yaku="1,1,0,1,7,1,53,2" doraHai="58" doraHaiUra="54" who="3" fromWho="3" sc="155,-40,388,-40,329,-40,118,130" /><INIT seed="7,1,0,4,4,77" ten="115,348,289,248" oya="3" hai0="108,15,25,130,53,131,112,68,113,8,101,124,29" hai1="40,59,100,65,106,18,62,109,52,10,81,111,47" hai2="116,94,103,66,89,92,63,86,54,49,45,88,30" hai3="132,134,67,107,64,48,76,12,31,33,97,42,56"/><W6/><G76/><T71/><D101/><U35/><E35/><V135/><F135/><N who="3" m="51755" /><G33/><N who="0" m="20655" /><D53/><U58/><E106/><V115/><F116/><W24/><G107/><T3/><D68/><U4/><E100/><V57/><F115/><N who="0" m="44106" /><D71/><U74/><E18/><V79/><F79/><W129/><G129/><N who="0" m="49163" /><D108/><U125/><E74/><V75/><F30/><W121/><G97/><T114/><N who="0" m="44114" /><T1/><DORA hai="73" /><D124/><U78/><E125/><V43/><F75/><W123/><G42/><T83/><D83/><U110/><E81/><V20/><F103/><W36/><G36/><T93/><D93/><U17/><E78/><V105/><F105/><W2/><G48/><T99/><D99/><U38/><E111/><V13/><F43/><W61/><G67/><T98/><D98/><U90/><E90/><N who="2" m="34923" /><F86/><W34/><G56/><T118/><D118/><U7/><E110/><V87/><F87/><W117/><G61/><T21/><D21/><U82/><E82/><V46/><F46/><W14/><G64/><T70/><D70/><U26/><E109/><V32/><F32/><W119/><G119/><T50/><D50/><U69/><E69/><V72/><F72/><W16/><G117/><T27/><D27/><U128/><E26/><V41/><F41/><W22/><G121/><T23/><D23/><U85/><E85/><V51/><F51/><W0/><G123/><T5/><D15/><N who="1" m="7415" /><E128/><V120/><F120/><W11/><AGARI ba="1,0" hai="0,2,6,11,12,14,16,22,24,31,34" m="51755" machi="11" ten="30,11700,0" yaku="20,1,34,2,54,1" doraHai="77,73" who="3" fromWho="3" sc="115,-40,348,-40,289,-40,248,120" owari="75,-42.5,308,10.8,249,-15.1,368,46.8" /></mjloggm>