<mjloggm ver="2.3"><GO type="225" lobby="0"/><UN n0="%E5%87%A1%E5%BA%B8" n1="%E3%81%AF%E3%82%88%E3%81%8A%E3%81%98%E3%81%95%E3%82%93" n2="%70%68%65%6E%6F%6D%65" n3="%E3%81%BF%E3%81%BF%E3%81%9A" dan="17,16,16,17" rate="2151.20,2190.79,2168.27,2248.78" sx="M,M,M,M"/><TAIKYOKU oya="0"/><INIT seed="0,0,0,5,5,104" ten="250,250,250,250" oya="0" hai0="92,38,133,54,103,125,20,109,67,11,53,132,71" hai1="50,102,88,86,128,72,70,58,64,18,73,107,63" hai2="62,0,32,12,26,25,13,111,33,40,101,49,106" hai3="105,117,59,66,74,98,77,94,37,23,4,65,126"/><T51/><D38/><U90/><E90/><V44/><F0/><W96/><G117/><T22/><D125/><U15/><E128/><V35/><F111/><W30/><G37/><T91/><D103/><U123/><E123/><V87/><F87/><W42/><G42/><T10/><D109/><U16/><E18/><V130/><F130/><W112/><G112/><T69/><D91/><U120/><E120/><V27/><REACH who="2" step="1"/><F62/><REACH who="2" ten="250,250,240,250" step="2"/><W82/><G126/><T95/><REACH who="0" step="1"/><D51/><REACH who="0" ten="240,250,240,250" step="2"/><U19/><E50/><V36/><F36/><W5/><G98/><AGARI ba="0,2" hai="12,13,25,26,27,32,33,35,40,44,49,98,101,106" machi="98" ten="50,6400,0" yaku="1,1,53,2" doraHai="104" doraHaiUra="9" who="2" fromWho="3" sc="240,0,250,0,240,84,250,-64" /><INIT seed="1,0,0,2,0,134" ten="240,250,324,186" oya="1" hai0="63,71,116,40,102,32,74,68,22,20,81,92,131" hai1="53,1,35,58,76,132,0,37,17,80,12,98,135" hai2="108,9,41,87,54,19,109,60,130,110,29,83,23" hai3="88,14,86,8,84,90,133,26,89,72,78,16,52"/><U38/><E35/><V31/><F130/><W77/><G133/><N who="1" m="51274" /><E98/><V129/><F41/><W75/><G75/><T5/><D116/><U39/><E58/><N who="2" m="34903" /><F9/><W82/><G78/><T45/><D32/><U28/><E28/><V18/><F129/><W91/><N who="3" m="22528" /><DORA hai="126" /><W107/><G107/><T43/><D5/><U44/><E53/><V56/><F56/><W100/><G100/><T34/><D34/><U105/><E44/><V7/><F7/><W99/><G99/><T25/><D131/><U30/><E30/><N who="2" m="11275" /><F23/><W96/><G96/><T123/><D71/><U4/><E4/><V79/><AGARI ba="0,0" hai="18,19,79,83,87,108,109,110" m="11275,34903" machi="79" ten="40,1500,0" yaku="14,1" doraHai="134,126" who="2" fromWho="2" sc="240,-4,250,-7,324,15,186,-4" /><INIT seed="2,0,0,3,2,74" ten="236,243,339,182" oya="2" hai0="92,17,16,20,62,35,96,60,49,34,11,31,0" hai1="132,70,127,88,9,19,93,30,50,128,25,107,15" hai2="87,113,97,124,117,40,130,8,114,129,118,14,27" hai3="89,37,6,102,71,2,59,116,78,44,101,23,75"/><V47/><F97/><W26/><G116/><N who="2" m="44649" /><F87/><W77/><G71/><T67/><D49/><U120/><E107/><V80/><F80/><W106/><G75/><T45/><D45/><U94/><E70/><V39/><F27/><W95/><G106/><T55/><D55/><U104/><E104/><V65/><F124/><W41/><G59/><T28/><D0/><U36/><E36/><V64/><F14/><W123/><G123/><T135/><D135/><U53/><E127/><V98/><F98/><W100/><G6/><T21/><D96/><U7/><E132/><V42/><F42/><W76/><G2/><T10/><D67/><N who="2" m="25674" /><F8/><W119/><G119/><T103/><D92/><U131/><E93/><V61/><F61/><W112/><G112/><AGARI ba="0,0" hai="39,40,47,112,113,114,129,130" m="25674,44649" machi="112" ten="40,3900,0" yaku="34,2" doraHai="74" who="2" fromWho="3" sc="236,0,243,0,339,39,182,-39" /><INIT seed="2,1,0,0,4,79" ten="236,243,378,143" oya="2" hai0="4,85,71,103,11,66,83,94,120,19,73,30,25" hai1="13,89,42,61,64,28,112,17,68,129,114,35,97" hai2="56,16,48,36,109,62,82,105,23,21,43,18,135" hai3="116,88,50,63,106,81,32,134,49,127,2,130,44"/><V54/><F105/><W93/><G116/><T78/><D120/><U24/><E129/><V77/><F135/><W47/><G106/><T98/><D19/><N who="2" m="7210" /><F36/><W6/><G2/><T76/><D71/><U45/><E89/><V111/><F43/><W115/><G32/><T101/><D66/><U55/><E55/><V72/><F48/><W65/><G127/><T132/><D132/><U3/><E97/><V60/><F62/><W26/><G134/><T41/><D41/><U69/><E3/><V70/><F70/><W126/><G126/><T113/><D113/><U125/><E68/><V58/><F58/><N who="3" m="37111" /><G115/><T86/><D103/><U107/><E107/><V95/><F95/><W90/><G130/><T96/><D76/><U74/><E74/><V39/><F39/><W40/><G6/><T7/><D98/><U91/><E91/><N who="3" m="34858" /><G93/><T67/><D4/><U52/><E125/><V128/><F128/><W80/><G26/><T14/><D67/><U117/><E117/><V27/><F27/><W87/><G87/><T8/><D8/><U33/><E112/><V100/><F100/><W53/><AGARI ba="1,0" hai="40,44,47,49,50,53,80,81" m="34858,37111" machi="53" ten="30,7900,0" yaku="8,1,52,2,54,1" doraHai="79" who="3" fromWho="3" sc="236,-21,243,-21,378,-40,143,82" /><INIT seed="3,0,0,0,2,80" ten="215,222,338,225" oya="3" hai0="60,51,84,102,11,1,77,87,66,71,115,94,23" hai1="28,129,132,55,104,10,61,130,105,4,83,32,30" hai2="54,63,128,5,123,74,106,20,86,31,134,126,42" hai3="35,26,67,33,6,14,2,72,111,34,9,127,46"/><W122/><G72/><T12/><D115/><U39/><E39/><V98/><F74/><W100/><G67/><T109/><D109/><U0/><E132/><V135/><F42/><W3/><G100/><T97/><D77/><U99/><E83/><V117/><F117/><W101/><G101/><T58/><D1/><N who="3" m="9" /><G46/><T7/><REACH who="0" step="1"/><D23/><REACH who="0" ten="205,222,338,225" step="2"/><U121/><E0/><V82/><F134/><W110/><G122/><T27/><D27/><U36/><E121/><V114/><F135/><W78/><G78/><T91/><D91/><U73/><E32/><N who="3" m="12394" /><G127/><T119/><D119/><U65/><E129/><V50/><F128/><W133/><G133/><T41/><D41/><U29/><E130/><V21/><F126/><W17/><N who="3" m="12402" /><W25/><DORA hai="69" /><G25/><T88/><D88/><U8/><E73/><V57/><F123/><W19/><G26/><T18/><D18/><AGARI ba="0,1" hai="6,9,14,17,18,19,110,111" m="12402,9" machi="18" ten="50,4800,0" yaku="34,2" doraHai="80,69" who="3" fromWho="0" sc="205,-48,222,0,338,0,225,58" /><INIT seed="3,1,0,0,2,86" ten="157,222,338,283" oya="3" hai0="126,93,98,133,56,25,50,70,69,91,42,0,67" hai1="34,18,90,59,26,16,65,112,45,83,84,117,107" hai2="120,103,97,14,80,92,9,75,77,94,33,36,22" hai3="79,40,121,41,58,44,21,54,87,20,124,123,24"/><W63/><G124/><T39/><D126/><U85/><E112/><V32/><F36/><W114/><G114/><T1/><D133/><U100/><E117/><V115/><F115/><W31/><G40/><T3/><D39/><U81/><E107/><V111/><F111/><W99/><G20/><T49/><D25/><U74/><E74/><V113/><F113/><W8/><G8/><T108/><D108/><U95/><E45/><V55/><F120/><W130/><G130/><T60/><REACH who="0" step="1"/><D42/><REACH who="0" ten="147,222,338,283" step="2"/><U37/><E37/><V72/><F33/><W122/><G121/><T47/><D47/><U62/><E26/><V15/><F32/><W128/><G41/><T66/><D66/><U46/><E46/><V19/><F72/><W51/><G123/><T129/><D129/><U23/><E34/><V134/><F134/><W78/><G128/><T116/><D116/><U5/><E65/><V13/><F75/><W2/><G122/><T57/><D57/><U48/><E59/><V30/><F30/><W104/><G44/><T35/><D35/><U64/><E64/><V88/><F22/><W89/><G21/><T12/><D12/><U76/><E23/><V106/><F14/><W71/><G24/><T125/><D125/><U135/><E135/><V4/><F15/><W109/><G31/><T28/><D28/><U105/><E18/><V82/><F19/><W110/><G109/><T73/><D73/><U132/><E16/><V119/><F13/><W17/><G110/><T11/><D11/><U68/><E132/><V53/><F119/><W27/><G27/><T38/><D38/><RYUUKYOKU ba="1,1" sc="147,30,222,-10,338,-10,283,-10" hai0="0,1,3,49,50,56,60,67,69,70,91,93,98" owari="177,-32.3,212,-18.8,338,43.8,273,7.3" /></mjloggm>