<mjloggm ver="2.3"><GO type="169" lobby="0"/><UN n0="%73%79%75%70%6F%6E" n1="%E3%83%87%E3%83%A9%E3%82%B3%E3%83%83%E3%82%B3" n2="%E9%9B%AA%E3%81%AE%E8%8F%AF" n3="%E4%BF%8A%E6%96%87%E9%BE%8D" dan="17,16,16,16" rate="2173.14,2138.95,2106.85,2113.87" sx="M,M,F,M"/><TAIKYOKU oya="0"/><INIT seed="0,0,0,5,4,63" ten="250,250,250,250" oya="0" hai0="25,76,117,58,11,8,28,79,90,6,21,18,86" hai1="7,109,15,98,64,65,116,112,93,95,127,103,75" hai2="108,46,82,10,125,32,20,105,60,51,126,24,0" hai3="68,13,9,27,122,49,73,34,132,121,57,118,94"/><T102/><D117/><U100/><E116/><V77/><F105/><W81/><G68/><T124/><D124/><N who="2" m="47722" /><F32/><W2/><G2/><T114/><D114/><U78/><E127/><V53/><F108/><W110/><G110/><T22/><D102/><U37/><E37/><V16/><F60/><W23/><G118/><T5/><D5/><U44/><E109/><V85/><F10/><W42/><G34/><T69/><D69/><U56/><E44/><V104/><F104/><W29/><G132/><T89/><D58/><U19/><E7/><V4/><F4/><W48/><G94/><T87/><D6/><U1/><E1/><AGARI ba="0,0" hai="0,1,16,20,24,46,51,53,77,82,85" m="47722" machi="1" ten="30,2000,0" yaku="18,1,54,1" doraHai="63" who="2" fromWho="1" sc="250,0,250,-20,250,20,250,0" /><INIT seed="1,0,0,5,0,92" ten="250,230,270,250" oya="1" hai0="57,135,19,51,87,55,123,64,48,94,132,69,73" hai1="84,120,66,109,75,12,8,23,2,44,34,124,71" hai2="26,117,59,67,3,27,16,9,102,72,89,39,83" hai3="35,29,105,134,79,97,113,36,116,86,41,30,112"/><U4/><E120/><V74/><F39/><W108/><G36/><T58/><D73/><U54/><E75/><V25/><F117/><W47/><G116/><T96/><D123/><U50/><E124/><V32/><F32/><W122/><G122/><T119/><D119/><U6/><E34/><V103/><F3/><W82/><G108/><T18/><D69/><U37/><E37/><V38/><F38/><W81/><G134/><N who="0" m="51243" /><D87/><U104/><E104/><V49/><F74/><W14/><G82/><T99/><D94/><U21/><E109/><V107/><F72/><W111/><G111/><T115/><D115/><U42/><E42/><V121/><F107/><W130/><G130/><T33/><D33/><U62/><REACH who="1" step="1"/><E84/><REACH who="1" ten="250,220,270,250" step="2"/><V45/><F121/><W110/><G35/><T77/><D77/><U68/><E68/><V131/><F131/><W46/><G110/><T13/><D18/><U70/><E70/><V133/><F16/><W90/><G41/><T24/><D24/><U22/><E22/><V10/><F133/><W80/><G113/><T100/><D19/><U127/><E127/><V31/><F25/><W61/><G112/><T85/><D85/><U78/><E78/><V1/><F26/><W52/><G86/><T128/><D128/><U28/><E28/><V17/><F27/><W0/><G79/><T53/><D64/><U65/><E65/><V101/><F31/><W88/><G30/><T40/><D40/><U95/><E95/><V91/><F17/><W43/><G43/><T60/><D55/><U76/><E76/><V56/><F67/><W20/><G29/><RYUUKYOKU ba="0,1" sc="250,-10,220,30,270,-10,250,-10" hai1="2,4,6,8,12,21,23,44,50,54,62,66,71" /><INIT seed="1,1,1,1,2,102" ten="240,250,260,240" oya="1" hai0="65,45,92,4,35,123,75,7,124,44,98,30,60" hai1="113,66,18,83,111,20,63,29,122,43,80,68,93" hai2="51,108,135,32,101,14,46,96,112,69,99,86,52" hai3="134,19,109,103,28,21,87,53,57,119,64,61,37"/><U23/><E113/><V89/><F135/><W10/><G119/><T6/><D75/><U82/><E122/><V3/><F108/><W11/><G134/><T9/><D123/><U85/><E111/><V26/><F3/><W38/><G109/><T78/><D78/><U79/><E43/><V34/><F69/><W118/><G118/><T131/><D131/><U8/><E8/><V104/><F112/><W22/><G38/><T126/><D9/><U129/><E129/><V127/><F127/><N who="0" m="48682" /><D30/><U106/><E106/><V17/><F26/><N who="3" m="16463" /><G37/><T97/><D35/><U49/><E49/><V58/><F99/><N who="0" m="37898" /><D92/><U88/><E29/><V116/><F58/><AGARI ba="1,1" hai="4,6,7,44,45,58,60,65" m="37898,48682" machi="58" ten="30,1000,0" yaku="18,1" doraHai="102" who="0" fromWho="2" sc="240,23,250,0,260,-13,240,0" /><INIT seed="2,0,0,4,2,37" ten="263,250,247,240" oya="2" hai0="72,34,68,134,131,50,7,70,5,97,58,41,79" hai1="42,9,10,13,57,39,47,111,59,130,35,36,110" hai2="15,108,84,40,124,56,43,63,118,66,105,62,132" hai3="125,16,4,123,69,24,128,49,51,95,73,101,81"/><V6/><F118/><W52/><G69/><T98/><D34/><U21/><E35/><V120/><F105/><W8/><G123/><T112/><D112/><U83/><E130/><V106/><F120/><W27/><G128/><T100/><D131/><U85/><E36/><V89/><F106/><W29/><G125/><T116/><D134/><U30/><E21/><V18/><F132/><W17/><G73/><T90/><D72/><U26/><E26/><V113/><F113/><W109/><G81/><T133/><D79/><U0/><E30/><V53/><F108/><N who="1" m="41513" /><E0/><V126/><F6/><W48/><G109/><T117/><D133/><U11/><E13/><V127/><F62/><W82/><G82/><T115/><D115/><U129/><E129/><V2/><F66/><W96/><G52/><T77/><D117/><U64/><E64/><V31/><F31/><W92/><G92/><T122/><D122/><U86/><E86/><V1/><F1/><W99/><G99/><T114/><D97/><U104/><E104/><V60/><F60/><W33/><G27/><T23/><D98/><U44/><E44/><V20/><F2/><W88/><G101/><T54/><D100/><U38/><E38/><V121/><F121/><W12/><AGARI ba="0,0" hai="4,8,12,16,17,24,29,33,48,49,51,88,95,96" machi="12" ten="30,4000,0" yaku="0,1,54,2" doraHai="37" who="3" fromWho="3" sc="263,-10,250,-10,247,-20,240,40" /><INIT seed="3,0,0,3,4,9" ten="253,240,227,280" oya="3" hai0="83,94,29,119,64,36,8,66,34,97,7,91,128" hai1="75,62,117,111,80,108,10,79,72,107,68,33,17" hai2="113,49,106,86,122,87,15,50,129,98,131,69,95" hai3="112,47,51,78,130,85,104,84,28,58,110,63,65"/><W76/><G112/><T101/><D119/><U53/><E33/><V121/><F69/><W132/><G132/><T88/><D36/><U93/><E107/><V46/><F106/><W22/><G130/><N who="2" m="49673" /><F113/><W5/><G104/><T44/><D128/><U57/><E68/><V12/><F86/><N who="3" m="33387" /><G110/><N who="1" m="42026" /><E117/><V90/><F87/><W26/><G5/><T135/><D83/><U125/><E125/><V81/><F81/><W118/><G118/><T102/><D135/><U39/><E39/><V77/><F77/><W126/><G126/><T21/><D34/><U82/><E93/><V92/><F92/><W96/><G96/><T11/><D44/><U114/><E114/><V4/><F4/><W120/><G120/><N who="2" m="46185" /><F50/><W3/><G3/><T60/><D7/><U52/><E82/><V134/><F134/><W30/><G30/><T133/><D133/><U1/><E1/><V89/><F90/><W20/><G76/><T18/><D91/><U41/><E75/><V19/><F19/><W109/><G78/><T40/><D29/><U127/><E127/><V48/><F48/><W13/><G109/><T55/><D102/><U54/><E41/><AGARI ba="0,0" hai="12,15,41,46,49,89,95,98" m="46185,49673" machi="41" ten="30,7700,0" yaku="19,1,13,1,52,2" doraHai="9" who="2" fromWho="1" sc="253,0,240,-77,227,77,280,0" /><INIT seed="4,0,0,4,5,89" ten="253,163,304,280" oya="0" hai0="4,50,99,14,9,68,42,36,117,95,97,34,107" hai1="100,54,125,30,96,51,73,115,5,91,47,60,19" hai2="111,69,29,132,43,109,32,135,0,123,11,59,83" hai3="128,66,37,133,131,130,113,114,80,86,112,134,7"/><T31/><D117/><U93/><E125/><V56/><F69/><W126/><G37/><T105/><D68/><U15/><E73/><V85/><F123/><W116/><G66/><T127/><D36/><U6/><E115/><V75/><F75/><W57/><G57/><T92/><D127/><U25/><E60/><V28/><F43/><W18/><G7/><T81/><D81/><U71/><E71/><V40/><F40/><W88/><G18/><T48/><D34/><U26/><E100/><V41/><F41/><W118/><G126/><T38/><D31/><U65/><E65/><V53/><F11/><W8/><G8/><T94/><D38/><U21/><REACH who="1" step="1"/><E25/><REACH who="1" ten="253,153,304,280" step="2"/><V101/><F101/><W20/><REACH who="3" step="1"/><G20/><AGARI ba="0,1" hai="5,6,15,19,20,21,26,30,47,51,54,91,93,96" machi="20" ten="30,8000,1" yaku="1,1,2,1,7,1,8,1,52,1,53,0" doraHai="89" doraHaiUra="122" who="1" fromWho="3" sc="253,0,153,90,304,0,280,-80" /><INIT seed="5,0,0,4,0,50" ten="253,243,304,200" oya="1" hai0="98,39,83,60,95,23,62,20,118,17,105,85,111" hai1="131,135,42,11,75,10,133,123,101,100,119,34,72" hai2="6,66,43,22,122,77,114,52,71,124,24,117,129" hai3="69,125,127,113,57,27,58,7,67,107,112,86,9"/><U29/><E119/><V2/><F117/><W70/><G107/><T99/><D118/><U96/><E123/><V33/><F122/><W49/><G27/><T88/><D111/><U128/><E42/><V37/><F33/><W14/><G86/><T54/><D39/><U65/><E65/><V26/><F77/><W79/><G79/><T16/><D105/><N who="1" m="63623" /><E29/><V15/><F114/><N who="3" m="44139" /><G57/><N who="0" m="34871" /><D62/><U18/><E34/><V103/><F129/><N who="1" m="49737" /><E18/><N who="0" m="7273" /><D99/><U90/><E101/><AGARI ba="0,0" hai="20,23,83,85,88,95,98,101" m="7273,34871" machi="101" ten="30,7700,0" yaku="8,1,52,1,54,2" doraHai="50" who="0" fromWho="1" sc="253,77,243,-77,304,0,200,0" /><INIT seed="6,0,0,2,0,45" ten="330,166,304,200" oya="2" hai0="132,23,106,102,78,15,74,129,99,108,46,38,110" hai1="88,0,135,50,123,118,2,112,49,47,79,21,84" hai2="127,36,19,9,48,16,82,121,125,25,77,109,10" hai3="35,40,63,65,96,55,101,43,124,80,24,85,34"/><V59/><F121/><W7/><G124/><N who="2" m="47689" /><F36/><W18/><G7/><T133/><D129/><U130/><E118/><V42/><F109/><W5/><G5/><T89/><D89/><U126/><E130/><V131/><F131/><W98/><G34/><T17/><D78/><U37/><E126/><V120/><F120/><W93/><G55/><T1/><D74/><U54/><E123/><V4/><F25/><W75/><G75/><T3/><D3/><U30/><E79/><V94/><F94/><W104/><G85/><T52/><D1/><U71/><E71/><V114/><F114/><W32/><G80/><T57/><D46/><U26/><E112/><V103/><F103/><W53/><G53/><T119/><D38/><U33/><E37/><V13/><F9/><W81/><G81/><T67/><D67/><U115/><E115/><V11/><F11/><W62/><G35/><T61/><REACH who="0" step="1"/><D119/><REACH who="0" ten="320,166,304,200" step="2"/><U8/><E135/><AGARI ba="0,1" hai="15,17,23,52,57,61,99,102,106,108,110,132,133,135" machi="135" ten="40,8000,1" yaku="1,1,2,1,20,1,54,1,53,1" doraHai="45" doraHaiUra="95" who="0" fromWho="1" sc="320,90,166,-80,304,0,200,0" /><INIT seed="7,0,0,1,2,128" ten="410,86,304,200" oya="3" hai0="33,61,127,121,71,0,85,40,114,13,45,43,44" hai1="22,132,32,105,68,92,50,34,5,84,135,130,113" hai2="49,59,89,111,108,79,28,21,64,101,11,97,125" hai3="63,27,73,124,55,77,57,37,78,7,99,69,76"/><W12/><G73/><T25/><D0/><U93/><E68/><V42/><F125/><W51/><G124/><T112/><D121/><U103/><E130/><V86/><F11/><W106/><G37/><T104/><D104/><U60/><E113/><V66/><F79/><W118/><G118/><T26/><D85/><U39/><E39/><V53/><F42/><W95/><G106/><T56/><D71/><U62/><E5/><V35/><F35/><W4/><G27/><T74/><D13/><U67/><E105/><V83/><F108/><W123/><G123/><T129/><D74/><U115/><E115/><V107/><F111/><W1/><G12/><T2/><D2/><U87/><E50/><V58/><F58/><W3/><G3/><T133/><D56/><U98/><E22/><V17/><F28/><W23/><G23/><T65/><D33/><U41/><E41/><V96/><F96/><W100/><G1/><T134/><D127/><U30/><E98/><V88/><F89/><W117/><G117/><T109/><D109/><U70/><E70/><V18/><F18/><W94/><G94/><T90/><D90/><U75/><E75/><V81/><F83/><W48/><G69/><T52/><D129/><U16/><E16/><V8/><F8/><W72/><G72/><T91/><D112/><U80/><E80/><V9/><F9/><W24/><G24/><AGARI ba="0,0" hai="17,21,24,49,53,59,64,66,81,86,88,97,101,107" machi="24" ten="30,2000,0" yaku="7,1,54,1" doraHai="128" who="2" fromWho="3" sc="410,0,86,0,304,20,200,-20" owari="410,51.0,86,-41.4,324,12.4,180,-22.0" /></mjloggm>