<mjloggm ver="2.3"><GO type="169" lobby="0"/><UN n0="%E3%82%88%E3%81%86%E3%81%B8%E3%83%BC%58" n1="%E8%87%AA%E6%91%B8%E3%81%AE%E3%81%BF" n2="%E5%AE%87%E5%AE%99%E7%89%A9%E7%90%86" n3="%79%61%6E%72%6F%75" dan="17,16,16,16" rate="2244.77,2094.16,2106.61,2153.26" sx="M,M,F,M"/><TAIKYOKU oya="0"/><INIT seed="0,0,0,4,3,54" ten="250,250,250,250" oya="0" hai0="101,45,28,104,19,59,6,117,113,128,44,119,135" hai1="26,38,127,37,80,52,89,121,130,42,16,41,99" hai2="78,7,122,68,63,94,31,129,47,112,75,61,66" hai3="48,9,33,87,134,50,105,65,86,111,92,131,34"/><T46/><D113/><U56/><E121/><V115/><F122/><W30/><G111/><T39/><D39/><U107/><E107/><V97/><F129/><W114/><G105/><T20/><D128/><U36/><E130/><V5/><F31/><W24/><G114/><T21/><D135/><U67/><E67/><V57/><F47/><W62/><G33/><T64/><D6/><U91/><E127/><V60/><F115/><W124/><G124/><T1/><D1/><U43/><E80/><V76/><F112/><W93/><G134/><T109/><D109/><U85/><E85/><V18/><F18/><W32/><G32/><T4/><D4/><U23/><REACH who="1" step="1"/><E99/><REACH who="1" ten="250,240,250,250" step="2"/><V10/><F97/><W15/><G86/><T12/><D104/><U96/><E96/><V3/><F66/><W8/><G87/><T2/><D101/><U108/><E108/><V35/><F75/><W90/><G65/><T118/><D2/><U82/><E82/><V95/><F3/><W88/><G131/><T17/><D28/><U14/><E14/><V25/><F95/><W110/><G15/><T81/><D81/><U71/><E71/><V116/><F94/><W13/><G13/><T40/><D40/><U133/><E133/><V22/><F68/><W49/><G93/><T73/><D73/><U126/><E126/><V120/><F120/><W123/><G92/><T125/><D125/><U84/><E84/><V0/><F0/><W11/><G110/><T53/><D64/><U79/><E79/><V83/><F78/><W102/><G123/><T27/><D53/><U74/><E74/><RYUUKYOKU ba="0,1" sc="250,15,240,15,250,-15,250,-15" hai0="12,17,19,20,21,27,44,45,46,59,117,118,119" hai1="16,23,26,36,37,38,41,42,43,52,56,89,91" /><INIT seed="0,1,1,3,3,132" ten="265,255,235,235" oya="0" hai0="18,111,124,34,66,108,21,127,118,20,29,37,26" hai1="59,109,105,33,14,94,42,125,110,39,107,24,50" hai2="67,32,16,126,47,1,7,123,40,82,60,133,116" hai3="12,89,17,102,9,96,88,31,92,75,128,15,81"/><T117/><D37/><U90/><E39/><V98/><F123/><W22/><G128/><T120/><D66/><U23/><E33/><V38/><F32/><W57/><G57/><T93/><D93/><U10/><E42/><V87/><F133/><W11/><G11/><T73/><D73/><U68/><E68/><V35/><F35/><W86/><G75/><T30/><D34/><U119/><E119/><N who="0" m="45577" /><D120/><U0/><E0/><V83/><F116/><W97/><G31/><N who="0" m="11787" /><D20/><U49/><E105/><V56/><F67/><W106/><REACH who="3" step="1"/><G9/><REACH who="3" ten="265,255,235,225" step="2"/><T61/><D61/><U115/><E10/><V54/><F60/><W13/><AGARI ba="1,2" hai="12,13,15,17,22,81,86,88,89,92,96,97,102,106" machi="13" ten="20,8000,1" yaku="1,1,2,1,0,1,7,1,54,1,53,0" doraHai="132" doraHaiUra="58" who="3" fromWho="3" sc="265,-41,255,-21,235,-21,225,103" /><INIT seed="1,0,0,5,4,74" ten="224,234,214,328" oya="1" hai0="77,3,44,47,34,75,119,91,114,26,36,99,84" hai1="13,70,32,7,113,25,54,18,58,57,105,29,61" hai2="21,10,49,46,1,71,63,116,0,82,56,30,85" hai3="80,6,33,17,97,53,66,28,94,23,4,2,51"/><U89/><E113/><V122/><F116/><W39/><G39/><T98/><D119/><U133/><E133/><V117/><F117/><W100/><G2/><T35/><D114/><U42/><E42/><V38/><F122/><W68/><G33/><T115/><D115/><U101/><E7/><V50/><F71/><W86/><G28/><T132/><D3/><U64/><E89/><V37/><F1/><W27/><G66/><T123/><D123/><U78/><E78/><V12/><F0/><W131/><G131/><T130/><D26/><U60/><E54/><V43/><F50/><W69/><G69/><T135/><D75/><U111/><E111/><V109/><F109/><W48/><G68/><T45/><D45/><U134/><E61/><V127/><F127/><W65/><G65/><T8/><D91/><U112/><E134/><V90/><F21/><W20/><G23/><T15/><D8/><U104/><E104/><V96/><F96/><W126/><G51/><T83/><D84/><U16/><E18/><V31/><F38/><W102/><G100/><T11/><D11/><N who="1" m="6207" /><E112/><V88/><F90/><N who="3" m="51527" /><G126/><T87/><D36/><U62/><E62/><V72/><F72/><W92/><G94/><T40/><D35/><U14/><E14/><V108/><F37/><W67/><G67/><T103/><D15/><U129/><E129/><V110/><F110/><W19/><G17/><T22/><D34/><U125/><E125/><V24/><F108/><W5/><G4/><T55/><D130/><U118/><E118/><V41/><F49/><W81/><G5/><T95/><D135/><RYUUKYOKU ba="0,0" sc="224,-10,234,30,214,-10,328,-10" hai1="25,29,32,57,58,60,64,70,101,105" /><INIT seed="1,1,0,0,4,52" ten="214,264,204,318" oya="1" hai0="99,20,113,89,131,50,7,123,124,82,120,2,11" hai1="114,19,101,55,86,77,135,58,10,64,6,75,109" hai2="90,132,38,126,30,29,14,53,127,121,118,125,84" hai3="65,112,119,72,92,36,41,85,102,0,74,100,94"/><U31/><E114/><V106/><F118/><W80/><G36/><T54/><D113/><U26/><E75/><N who="3" m="28714" /><G65/><T63/><D63/><U51/><E101/><N who="3" m="39018" /><G41/><T66/><D66/><U68/><E135/><V23/><F121/><N who="0" m="46666" /><D131/><U47/><E109/><V98/><F38/><W107/><G0/><T95/><D82/><N who="1" m="47439" /><E68/><V81/><F132/><W91/><G112/><T1/><D124/><U87/><E87/><V76/><F106/><W71/><G71/><T5/><D20/><N who="1" m="15815" /><E6/><N who="0" m="2057" /><D11/><U134/><E134/><V128/><F128/><W130/><G130/><T111/><D111/><U79/><E79/><V105/><F76/><W39/><G119/><T27/><D27/><U37/><E37/><V17/><F125/><W59/><G39/><T43/><D43/><U32/><E32/><V108/><F108/><W44/><G44/><AGARI ba="1,0" hai="1,2,44,50,54,89,95,99" m="2057,46666" machi="44" ten="30,1000,0" yaku="13,1" doraHai="52" who="0" fromWho="3" sc="214,13,264,0,204,0,318,-13" /><INIT seed="2,0,0,3,0,30" ten="227,264,204,305" oya="2" hai0="34,100,40,24,114,93,5,6,129,97,111,84,14" hai1="79,104,19,20,102,77,117,1,82,118,33,65,73" hai2="75,119,126,109,92,72,87,69,89,107,27,37,43" hai3="95,122,57,112,78,124,88,3,32,116,47,51,12"/><V46/><F119/><W55/><G122/><T83/><D114/><U22/><E65/><V15/><F107/><W52/><G3/><T53/><D111/><U120/><E1/><V71/><F109/><W17/><G124/><T98/><D129/><U131/><E131/><V66/><F126/><W81/><G112/><T11/><D40/><U80/><E120/><V74/><F66/><W101/><G101/><T39/><D39/><U18/><E102/><V121/><F121/><W2/><G2/><T26/><D6/><U86/><E104/><V134/><F134/><W49/><G32/><T64/><D64/><U62/><E62/><V10/><REACH who="2" step="1"/><F27/><REACH who="2" ten="227,264,194,305" step="2"/><W113/><G116/><T41/><D24/><U63/><E118/><V29/><F29/><W115/><G115/><T58/><D26/><U54/><E117/><V60/><F60/><W44/><G113/><T91/><D34/><U127/><E127/><V110/><F110/><W36/><G57/><T21/><D21/><U96/><E33/><V9/><F9/><W99/><G36/><T45/><D58/><N who="1" m="35287" /><E22/><V130/><F130/><W67/><G67/><T61/><D61/><U23/><E23/><V106/><F106/><W8/><G8/><T90/><D53/><U108/><E108/><V94/><F94/><W125/><G125/><T48/><REACH who="0" step="1"/><D98/><REACH who="0" ten="217,264,194,305" step="2"/><U76/><E20/><V59/><F59/><W128/><G128/><T105/><D105/><U132/><E96/><V4/><AGARI ba="0,2" hai="4,10,15,37,43,46,69,71,72,74,75,87,89,92" machi="4" ten="30,6000,0" yaku="1,1,0,1,53,1" doraHai="30" doraHaiUra="38" who="2" fromWho="2" sc="217,-20,264,-20,194,80,305,-20" /><INIT seed="2,1,0,0,4,10" ten="197,244,274,285" oya="2" hai0="5,29,0,46,92,55,18,89,42,96,134,103,130" hai1="102,106,104,8,66,22,84,49,116,133,27,24,125" hai2="80,99,122,114,121,113,33,115,85,101,94,67,38" hai3="62,54,43,90,12,91,58,75,1,105,107,35,65"/><V30/><F38/><W100/><G1/><T109/><D109/><U19/><E116/><V6/><F67/><W87/><G75/><T126/><D130/><U3/><E66/><V50/><F6/><W129/><G129/><T13/><D134/><U124/><E133/><V36/><F36/><W135/><G135/><T53/><D126/><N who="1" m="48747" /><E102/><V57/><F30/><W93/><G35/><T59/><D29/><U120/><E120/><V28/><F28/><W127/><G100/><T131/><D131/><U31/><E84/><V20/><F20/><W39/><G127/><T88/><D0/><U9/><E49/><V7/><F7/><W68/><G90/><N who="0" m="34923" /><D5/><N who="1" m="1087" /><E9/><V60/><F50/><W61/><G39/><T73/><D73/><U123/><E123/><V40/><F122/><W23/><G43/><T132/><D132/><U52/><E52/><N who="0" m="20041" /><D59/><U110/><E110/><V51/><F57/><W17/><AGARI ba="1,0" hai="12,17,23,54,58,61,62,65,68,87,91,93,105,107" machi="17" ten="30,2000,0" yaku="0,1,52,1" doraHai="10" who="3" fromWho="3" sc="197,-6,244,-6,274,-11,285,23" /><INIT seed="3,0,0,1,2,112" ten="191,238,263,308" oya="3" hai0="119,59,105,75,128,70,124,79,103,126,28,80,133" hai1="123,8,52,86,55,121,67,47,56,23,2,110,104" hai2="11,40,64,58,93,84,101,26,72,31,13,0,61" hai3="131,68,33,57,71,132,10,4,9,113,37,135,89"/><W115/><G33/><T53/><D70/><U60/><E104/><V69/><F72/><W109/><G89/><T92/><D28/><U125/><E125/><N who="0" m="48233" /><D105/><U118/><E118/><V43/><F0/><W97/><G97/><N who="0" m="59815" /><D128/><U94/><E110/><V127/><F69/><N who="3" m="26699" /><G131/><T49/><D133/><N who="3" m="51273" /><G37/><T102/><D102/><U46/><E121/><V15/><F127/><W54/><G109/><T74/><D74/><U96/><E2/><V18/><F15/><N who="3" m="5543" /><G10/><T25/><D25/><U42/><E8/><V87/><F26/><W130/><G130/><T85/><D75/><U16/><E123/><V76/><F76/><W65/><G65/><T30/><D30/><U78/><E67/><V99/><F31/><W66/><G66/><T114/><D114/><U12/><E42/><AGARI ba="0,0" hai="11,13,18,40,42,43,58,61,64,84,87,93,99,101" machi="42" ten="40,1300,0" yaku="8,1" doraHai="112" who="2" fromWho="1" sc="191,0,238,-13,263,13,308,0" /><INIT seed="4,0,0,4,4,110" ten="191,225,276,308" oya="0" hai0="131,84,14,125,73,49,50,41,122,29,25,60,40" hai1="23,66,94,4,28,124,35,85,37,11,87,133,116" hai2="89,71,1,43,98,53,33,32,83,119,2,10,44" hai3="118,9,0,115,105,130,19,59,12,128,79,8,120"/><T5/><D73/><U76/><E116/><V88/><F71/><W36/><G105/><T3/><D3/><U135/><E37/><V78/><F119/><W97/><G118/><T126/><D122/><U121/><E121/><V30/><F53/><W38/><G120/><T86/><D131/><N who="3" m="50217" /><G115/><T108/><D108/><U17/><E66/><V68/><F68/><W106/><G79/><T127/><D60/><U46/><E46/><V47/><F47/><W39/><G59/><T75/><D75/><U31/><E124/><V34/><F30/><W16/><G0/><T42/><D14/><U93/><E76/><V15/><F2/><W61/><G61/><T57/><D5/><U65/><E65/><V51/><F1/><W24/><G24/><T52/><REACH who="0" step="1"/><D50/><REACH who="0" ten="181,225,276,308" step="2"/><U123/><E4/><V114/><F51/><W64/><G64/><T27/><D27/><U104/><E123/><V111/><F15/><N who="3" m="7271" /><G36/><T102/><D102/><AGARI ba="0,1" hai="9,12,19,38,39,97,102,106" m="7271,50217" machi="102" ten="30,2000,0" yaku="19,1,54,1" doraHai="110" who="3" fromWho="0" sc="181,-20,225,0,276,0,308,30" /><INIT seed="5,0,0,1,0,62" ten="161,225,276,338" oya="1" hai0="14,99,19,104,26,71,52,13,73,128,17,130,109" hai1="18,74,114,46,133,134,106,20,123,24,4,91,6" hai2="94,115,81,11,7,111,39,30,69,126,45,3,120" hai3="76,53,127,68,86,135,118,102,124,122,129,22,2"/><U88/><E123/><V29/><F120/><W75/><G2/><T27/><D109/><U101/><E74/><V98/><F111/><W59/><G129/><T125/><D73/><U41/><E114/><V105/><F69/><W47/><G135/><N who="1" m="51722" /><E101/><V51/><F105/><W83/><G68/><T33/><D71/><U84/><E106/><V58/><F39/><W85/><G118/><T1/><D1/><U131/><E131/><V32/><F115/><W72/><G47/><T110/><D104/><U80/><E91/><V89/><F126/><N who="3" m="48171" /><G22/><T16/><D125/><U100/><E100/><V63/><F81/><N who="3" m="47271" /><G102/><T55/><D19/><U28/><E18/><V49/><F32/><W9/><G9/><T0/><D0/><U8/><E8/><V93/><F93/><W119/><G119/><T90/><D110/><U79/><E79/><V107/><F107/><W60/><G122/><T113/><D33/><U57/><E57/><V56/><F56/><W103/><G103/><T54/><D113/><U67/><E67/><V12/><F3/><W25/><G25/><T31/><D31/><N who="2" m="11786" /><F45/><W50/><G60/><T65/><D65/><AGARI ba="0,0" hai="7,11,12,49,51,58,63,65,89,94,98" m="11786" machi="65" ten="30,2000,0" yaku="8,1,52,1" doraHai="62" who="2" fromWho="0" sc="161,-20,225,0,276,20,338,0" /><INIT seed="6,0,0,2,1,62" ten="141,225,296,338" oya="2" hai0="104,116,81,93,50,130,5,109,124,63,79,75,9" hai1="70,60,6,121,67,28,107,134,7,114,119,69,18" hai2="127,96,26,19,37,57,58,120,27,92,2,85,117" hai3="129,34,22,135,3,83,1,29,30,133,49,100,126"/><V105/><F117/><W95/><G83/><T111/><D104/><U77/><E119/><V11/><F120/><W91/><G100/><T21/><D116/><U31/><E107/><V87/><F37/><W102/><G102/><T68/><D130/><U131/><E77/><V52/><F105/><W25/><G129/><T82/><D124/><U80/><E131/><V72/><F72/><W35/><G49/><T8/><D93/><U86/><E121/><V98/><F127/><W101/><G101/><T10/><D5/><U73/><E73/><V14/><F2/><N who="3" m="523" /><G91/><T15/><D82/><U88/><E70/><V13/><F11/><W64/><G64/><T39/><D39/><U110/><E110/><V51/><F19/><N who="3" m="12511" /><G95/><T103/><D50/><U89/><E89/><V84/><F92/><W90/><G90/><T108/><D103/><U12/><E134/><N who="3" m="51210" /><G126/><T38/><D38/><U46/><E46/><V40/><F40/><W32/><AGARI ba="0,0" hai="29,30,32,34,35" m="51210,12511,523" machi="32" ten="40,5200,0" yaku="20,1,34,2" doraHai="62" who="3" fromWho="3" sc="141,-13,225,-13,296,-26,338,52" /><INIT seed="7,0,0,0,2,51" ten="128,212,270,390" oya="3" hai0="77,92,15,60,38,67,74,24,96,81,83,32,13" hai1="126,82,134,113,17,112,59,107,14,62,100,118,117" hai2="3,23,95,73,93,85,104,102,55,40,125,21,127" hai3="130,61,103,27,49,47,84,79,39,65,5,54,116"/><W105/><G130/><T7/><D38/><U53/><E82/><V58/><F73/><W68/><G5/><T34/><D83/><U35/><E35/><V56/><F3/><W114/><G79/><T131/><D131/><U128/><E128/><V132/><F104/><W135/><G114/><N who="1" m="44138" /><E134/><V50/><F132/><W120/><G120/><T108/><D108/><U86/><E86/><V4/><F4/><W98/><G116/><T2/><D2/><U71/><E71/><V12/><F40/><N who="3" m="22943" /><G27/><T43/><D43/><U124/><E100/><V129/><F129/><W70/><G70/><T89/><D7/><U101/><E101/><V10/><F102/><W16/><G84/><T97/><D97/><U99/><E99/><V28/><F85/><W72/><G72/><T66/><D66/><U8/><E107/><V119/><F119/><AGARI ba="0,0" hai="8,14,17,53,59,62,117,118,119,124,126" m="44138" machi="119" ten="30,3900,0" yaku="12,1,15,1,52,1" doraHai="51" who="1" fromWho="2" sc="128,0,212,39,270,-39,390,0" owari="128,-37.2,251,5.1,231,-16.9,390,49.0" /></mjloggm>