<mjloggm ver="2.3"><GO type="169" lobby="0"/><UN n0="%48%61%6C%66%73" n1="%E4%B9%9D%E7%B4%8B%E9%BE%8D%E5%8F%B2%E9%80%B2" n2="%E5%85%A9%E5%84%80%E4%B8%B6%E5%BC%8F" n3="%E3%81%B5%E3%81%9F%E3%81%97%E3%81%8A" dan="17,19,16,16" rate="2165.22,2284.87,2143.52,2056.60" sx="M,M,M,M"/><TAIKYOKU oya="0"/><INIT seed="0,0,0,5,4,68" ten="250,250,250,250" oya="0" hai0="26,29,91,97,90,8,133,80,83,124,51,95,17" hai1="85,40,128,101,115,61,42,112,116,86,6,87,5" hai2="66,39,114,94,92,58,74,71,20,93,27,31,46" hai3="25,15,16,10,18,54,21,41,129,19,64,70,60"/><T38/><D124/><U81/><E81/><V126/><F114/><N who="1" m="43561" /><E61/><V62/><F74/><W43/><G129/><T35/><D133/><U132/><E101/><V103/><F126/><W98/><G98/><T22/><D38/><U36/><E36/><V122/><F122/><W120/><G120/><T11/><D51/><U4/><E116/><V57/><REACH who="2" step="1"/><F103/><REACH who="2" ten="250,250,240,250" step="2"/><W106/><G106/><T78/><D90/><U125/><E125/><V0/><F0/><W48/><REACH who="3" step="1"/><G19/><REACH who="3" ten="250,250,240,240" step="2"/><T84/><REACH who="0" step="1"/><D80/><REACH who="0" ten="240,250,240,240" step="2"/><U67/><E132/><V118/><F118/><W45/><AGARI ba="0,3" hai="10,15,16,18,21,25,41,43,45,48,54,60,64,70" machi="45" ten="20,8000,1" yaku="1,1,2,1,0,1,7,1,54,1,53,0" doraHai="68" doraHaiUra="123" who="3" fromWho="3" sc="240,-40,250,-20,240,-20,240,110" /><INIT seed="1,0,0,0,1,63" ten="200,230,220,350" oya="1" hai0="123,17,39,118,24,22,16,129,47,30,25,14,1" hai1="7,85,13,55,3,72,37,74,73,96,29,97,121" hai2="62,102,27,68,21,0,36,28,44,109,49,50,64" hai3="78,5,91,83,71,4,112,119,15,41,106,48,128"/><U42/><E121/><V111/><F0/><W94/><G112/><T107/><D107/><U57/><E3/><V52/><F102/><W116/><G106/><T58/><D118/><N who="3" m="45097" /><G71/><T67/><D1/><U133/><E133/><V11/><F11/><W87/><G128/><T38/><D129/><U2/><E2/><V113/><F113/><W51/><G15/><T66/><D123/><U79/><E29/><V110/><REACH who="2" step="1"/><F49/><REACH who="2" ten="200,230,210,350" step="2"/><N who="3" m="19019" /><G41/><T6/><D38/><AGARI ba="0,1" hai="21,27,28,36,38,44,50,52,62,64,68,109,110,111" machi="38" ten="40,8000,1" yaku="1,1,14,1,52,1,54,1,53,0" doraHai="63" doraHaiUra="99" who="2" fromWho="0" sc="200,-80,230,0,210,90,350,0" /><INIT seed="2,0,0,0,4,107" ten="120,230,300,350" oya="2" hai0="76,27,120,88,116,41,80,106,101,121,11,6,79" hai1="115,131,102,130,50,89,52,53,61,81,7,43,13" hai2="98,8,1,9,38,19,49,12,29,44,124,15,47" hai3="70,35,87,113,125,82,63,26,72,128,105,86,135"/><V95/><F124/><W108/><RYUUKYOKU type="yao9" ba="0,0" sc="120,0,230,0,300,0,350,0" hai3="26,35,63,70,72,82,86,87,105,108,113,125,128,135" /><INIT seed="2,1,0,0,2,5" ten="120,230,300,350" oya="2" hai0="106,17,54,48,53,102,99,81,67,75,93,132,129" hai1="117,20,26,62,55,0,18,98,34,1,43,80,133" hai2="68,45,91,36,49,118,15,89,47,122,30,46,19" hai3="128,100,83,16,127,50,108,84,109,59,126,115,134"/><V125/><F118/><W13/><G100/><T74/><D132/><U135/><E117/><V42/><F122/><W107/><G107/><T39/><D129/><U57/><E34/><V101/><F68/><W60/><G128/><T82/><D39/><U66/><E43/><V70/><F70/><W113/><G134/><N who="1" m="51210" /><E80/><V88/><F125/><N who="3" m="47627" /><G50/><T35/><D67/><U116/><E116/><V105/><F30/><W28/><G28/><T61/><D35/><U7/><E7/><V64/><F64/><N who="3" m="38943" /><G84/><T4/><D4/><U87/><E87/><V95/><F105/><W130/><G83/><T10/><D61/><N who="1" m="36031" /><E98/><N who="2" m="59615" /><F36/><W90/><G90/><N who="2" m="23041" /><V72/><DORA hai="38" /><F72/><W22/><G130/><T120/><D120/><U37/><E37/><V51/><F42/><W32/><G32/><T69/><D74/><U33/><E33/><V23/><AGARI ba="1,0" hai="15,19,23,45,46,47,49,51" m="23041,59615" machi="23" ten="40,3900,0" yaku="8,1,54,1" doraHai="5,38" who="2" fromWho="2" sc="120,-14,230,-14,300,42,350,-14" /><INIT seed="2,2,0,0,1,89" ten="106,216,342,336" oya="2" hai0="50,124,96,58,92,78,41,48,29,118,93,44,112" hai1="52,37,26,12,127,91,34,130,86,45,135,117,94" hai2="35,11,126,43,32,20,121,76,106,81,132,9,17" hai3="70,95,3,10,30,7,1,66,82,57,134,33,119"/><V97/><F121/><W21/><G119/><T84/><D112/><U22/><E117/><V101/><F132/><W24/><G134/><T23/><D124/><U111/><E135/><V80/><F126/><W125/><G125/><T104/><D118/><U2/><E2/><V61/><F43/><W71/><G82/><N who="0" m="47191" /><D104/><U105/><E105/><V108/><F81/><W65/><G1/><T40/><D96/><U14/><E127/><V103/><F101/><W67/><G57/><T116/><D116/><U73/><E34/><V107/><F106/><W56/><G56/><T27/><D41/><U25/><E73/><V47/><F47/><W100/><REACH who="3" step="1"/><G33/><REACH who="3" ten="106,216,342,326" step="2"/><T62/><D48/><N who="1" m="28687" /><E37/><V133/><F32/><W4/><G4/><T87/><D87/><U60/><E60/><V49/><F61/><W28/><G28/><T128/><D128/><U120/><E130/><V122/><F35/><W98/><AGARI ba="2,1" hai="3,7,10,21,24,30,65,66,67,70,71,95,98,100" machi="98" ten="30,4000,0" yaku="1,1,0,1,52,1,53,0" doraHai="89" doraHaiUra="69" who="3" fromWho="3" sc="106,-12,216,-12,342,-22,326,56" /><INIT seed="3,0,0,3,2,61" ten="94,204,320,382" oya="3" hai0="110,53,83,82,91,55,125,34,39,15,70,21,130" hai1="3,122,79,4,27,57,26,134,66,56,103,33,124" hai2="81,133,89,49,129,116,74,7,73,86,87,96,108" hai3="17,106,58,120,135,128,36,78,9,6,75,67,35"/><W117/><G117/><T43/><D34/><U28/><E122/><V132/><F7/><W68/><G120/><T32/><D110/><U50/><E134/><N who="2" m="51819" /><F49/><W52/><G35/><T60/><D32/><U63/><E124/><V45/><F45/><W69/><G36/><T80/><D130/><U119/><E119/><V40/><F40/><W111/><G106/><T11/><D21/><U31/><E79/><N who="2" m="46399" /><F116/><W107/><G107/><T126/><D91/><U101/><E4/><V62/><F62/><W22/><G128/><T95/><D95/><U2/><E2/><V113/><F129/><W121/><G111/><T13/><D43/><U12/><E12/><V99/><F108/><W88/><G121/><T46/><D39/><U14/><E14/><V19/><F19/><W24/><G9/><T104/><D104/><U64/><E3/><V90/><F113/><W65/><G68/><T115/><D15/><U92/><E63/><V72/><F89/><W54/><G69/><T23/><D23/><U59/><E59/><V51/><F51/><W85/><G6/><N who="0" m="3319" /><D115/><U112/><E33/><V5/><F5/><W41/><G41/><T76/><D76/><U42/><E42/><V38/><F38/><W71/><G71/><T47/><D70/><U16/><E112/><V48/><F48/><W10/><G10/><T77/><D77/><U84/><E50/><V97/><F72/><W30/><G75/><T18/><D18/><U1/><E16/><V25/><F25/><W44/><G24/><T118/><D118/><U109/><E109/><V131/><F131/><W8/><G17/><RYUUKYOKU ba="0,0" sc="94,-10,204,-10,320,30,382,-10" hai2="73,74,87,90,96,97,99" /><INIT seed="4,1,0,3,3,23" ten="84,194,350,372" oya="0" hai0="118,64,17,113,68,92,72,104,48,85,109,63,65" hai1="21,7,87,102,83,44,32,100,40,51,45,5,11" hai2="8,106,80,29,37,53,22,9,110,121,94,10,19" hai3="84,105,132,122,112,130,131,27,14,88,49,111,52"/><T91/><D113/><U79/><E32/><V129/><F110/><W81/><G111/><T126/><D118/><U50/><E21/><V76/><F106/><W25/><G105/><T30/><D126/><U24/><E24/><N who="3" m="9290" /><G112/><T116/><D116/><U33/><E33/><V69/><F37/><W123/><G14/><T20/><D30/><U103/><REACH who="1" step="1"/><E11/><REACH who="1" ten="84,184,350,372" step="2"/><V124/><F8/><W86/><G132/><T47/><D109/><U28/><E28/><V31/><F9/><W95/><G131/><T35/><D35/><U74/><E74/><V101/><F10/><W125/><G125/><T117/><D117/><U57/><E57/><V128/><F29/><W107/><G130/><T71/><D72/><U82/><E82/><V12/><F80/><W114/><G114/><T133/><D133/><U46/><E46/><V97/><F31/><W99/><G123/><T93/><D20/><U73/><E73/><V66/><F121/><W26/><G122/><T135/><D135/><U58/><E58/><V36/><F124/><W2/><G26/><T4/><D17/><U119/><E119/><V39/><F129/><W42/><G81/><N who="0" m="49583" /><D4/><U54/><AGARI ba="1,1" hai="5,7,40,44,45,50,51,54,79,83,87,100,102,103" machi="54" ten="30,8000,1" yaku="1,1,0,1,8,1,53,2" doraHai="23" doraHaiUra="43" who="1" fromWho="1" sc="84,-41,184,93,350,-21,372,-21" /><INIT seed="5,0,0,5,3,78" ten="43,277,329,351" oya="1" hai0="14,29,43,47,115,58,129,98,97,65,16,50,81" hai1="94,28,42,82,88,134,116,1,120,10,105,117,83" hai2="67,121,68,90,60,69,93,73,124,51,2,41,12" hai3="130,77,79,71,53,22,36,66,61,135,122,62,104"/><U63/><E120/><V8/><F121/><W5/><G122/><T128/><D115/><U31/><E105/><V25/><F2/><W30/><G104/><T87/><D29/><N who="1" m="11339" /><E1/><V70/><F124/><W56/><G36/><T33/><D33/><U89/><E117/><V32/><F73/><W49/><G130/><T59/><D128/><U55/><E116/><V75/><F75/><W80/><G135/><T86/><D86/><N who="1" m="52503" /><E134/><V15/><F25/><W103/><G103/><T74/><D74/><U101/><E101/><V133/><F32/><W20/><G5/><T3/><D3/><U18/><E42/><V27/><F27/><W84/><G77/><T95/><D129/><U35/><E35/><V92/><F133/><W132/><G30/><T107/><D107/><U4/><E4/><V9/><F92/><W40/><G132/><T96/><D95/><U99/><E89/><V26/><F26/><W19/><G40/><T125/><D65/><U37/><E37/><V34/><F34/><W126/><G19/><T7/><D7/><U76/><E76/><V11/><F69/><W113/><G113/><T48/><D48/><U13/><E99/><N who="2" m="57783" /><F70/><W46/><G126/><T114/><D114/><U52/><E63/><V38/><F38/><W17/><G17/><T131/><D131/><U111/><E111/><V109/><F109/><W123/><G123/><T119/><D125/><U44/><E44/><N who="2" m="25999" /><F68/><W118/><G118/><T23/><D119/><U112/><E112/><V64/><F60/><W108/><G108/><T106/><D106/><U0/><E0/><V24/><F24/><RYUUKYOKU ba="0,0" sc="43,0,277,0,329,0,351,0" hai0="14,16,23,43,47,50,58,59,81,87,96,97,98" hai1="10,13,18,52,55,82,83" hai2="8,9,11,12,15,64,67" hai3="20,22,46,49,53,56,61,62,66,71,79,80,84" /><INIT seed="5,1,0,2,3,13" ten="43,277,329,351" oya="1" hai0="8,73,122,80,111,24,29,2,64,42,98,94,95" hai1="66,117,45,71,69,10,70,126,105,62,74,129,61" hai2="120,103,72,27,34,9,124,11,20,48,101,40,63" hai3="127,60,43,22,4,3,81,68,16,86,115,99,57"/><U36/><E105/><V132/><F72/><W0/><G115/><T133/><D111/><U110/><E74/><V135/><F34/><W19/><G68/><T31/><D133/><N who="2" m="51274" /><F120/><W106/><G127/><T123/><D64/><U67/><E117/><V50/><F124/><W15/><G43/><T108/><D108/><U1/><E126/><V33/><F63/><N who="1" m="24073" /><E10/><N who="2" m="3595" /><F33/><W88/><G4/><T134/><D134/><U49/><E1/><V28/><F40/><W44/><G19/><T7/><D42/><N who="1" m="22727" /><E110/><V65/><F65/><N who="1" m="24585" /><E129/><V23/><F23/><W41/><G99/><T58/><D58/><U82/><E82/><V96/><F103/><W130/><G106/><AGARI ba="1,0" hai="20,27,28,48,50,96,101,106" m="3595,51274" machi="106" ten="30,1000,0" yaku="20,1" doraHai="13" who="2" fromWho="3" sc="43,0,277,0,329,13,351,-13" /><INIT seed="6,0,0,3,2,79" ten="43,277,342,338" oya="2" hai0="32,54,15,20,103,27,77,116,109,98,59,125,112" hai1="42,16,57,92,128,2,40,106,3,111,24,124,113" hai2="0,19,100,99,70,33,5,85,9,120,108,37,38" hai3="117,95,94,8,51,76,18,121,26,46,11,73,29"/><V86/><F120/><W119/><G121/><T135/><D109/><U97/><E111/><V22/><F70/><W47/><G76/><T67/><D112/><U91/><E113/><V78/><F108/><W4/><G73/><T133/><D135/><U101/><E124/><V14/><F33/><W36/><G36/><T80/><D133/><U25/><E128/><V132/><F132/><W93/><G18/><T65/><D125/><U62/><E3/><V52/><F86/><W1/><G8/><T48/><D32/><U7/><E7/><V45/><F78/><W12/><G1/><T127/><D15/><U114/><E2/><V107/><F85/><W89/><G89/><T105/><D116/><U118/><E118/><V58/><REACH who="2" step="1"/><F45/><REACH who="2" ten="43,277,332,338" step="2"/><W41/><REACH who="3" step="1"/><G46/><REACH who="3" ten="43,277,332,328" step="2"/><T35/><D35/><AGARI ba="0,2" hai="4,11,12,26,29,35,41,47,51,93,94,95,117,119" machi="35" ten="40,2600,0" yaku="1,1,2,1,53,0" doraHai="79" doraHaiUra="87" who="3" fromWho="0" sc="43,-26,277,0,332,0,328,46" /><INIT seed="7,0,0,1,4,76" ten="17,277,332,374" oya="3" hai0="90,37,52,89,40,53,86,7,54,23,21,113,108" hai1="58,43,123,48,80,1,64,107,87,129,134,49,109" hai2="8,26,69,135,94,59,114,112,99,28,126,61,46" hai3="106,98,3,27,5,29,19,78,118,96,24,132,115"/><W41/><G118/><T81/><D108/><U117/><E109/><V125/><F69/><W105/><G78/><T55/><N who="0" m="13312" /><DORA hai="93" /><T83/><D7/><U18/><E123/><V33/><F46/><W11/><G115/><N who="2" m="44073" /><F8/><W10/><G132/><T17/><D113/><U51/><E129/><V127/><F135/><W77/><G77/><T35/><D35/><U75/><E75/><V62/><F59/><W79/><G79/><T20/><D37/><U104/><E1/><V6/><F6/><W111/><G111/><T36/><D36/><U121/><E121/><V0/><F0/><W101/><G41/><T73/><D40/><U4/><E4/><V39/><F39/><W91/><G29/><T97/><D73/><U42/><E117/><V63/><F63/><W47/><G47/><T70/><D70/><U15/><E104/><V95/><F95/><W103/><G91/><AGARI ba="0,0" hai="26,28,33,61,62,91,94,99,125,126,127" m="44073" machi="91" ten="40,5200,0" yaku="18,1,15,1,52,1" doraHai="76,93" who="2" fromWho="3" sc="17,0,277,0,332,52,374,-52" owari="17,-48.3,277,-12.3,384,48.4,322,12.2" /></mjloggm>