<mjloggm ver="2.3"><GO type="169" lobby="0"/><UN n0="%E9%87%A3%E3%82%8A%E6%97%A5%E5%92%8C" n1="%E5%8D%97%E5%B8%9D%E5%8D%97%E6%B5%A6" n2="%E5%A4%A7%E6%A5%A0%E5%85%AC" n3="%E3%81%AA%E3%81%8B%E3%81%AE%E3%81%86%E3%81%88" dan="17,17,16,16" rate="2179.69,2213.16,2151.00,2167.29" sx="M,M,M,M"/><TAIKYOKU oya="0"/><INIT seed="0,0,0,0,1,7" ten="250,250,250,250" oya="0" hai0="130,39,30,78,68,18,32,10,26,73,104,128,92" hai1="8,111,23,60,86,17,110,112,117,116,79,48,45" hai2="100,126,20,107,124,2,69,35,105,59,101,94,119" hai3="4,106,91,19,70,62,42,133,24,34,5,55,88"/><T80/><D104/><N who="2" m="40010" /><F69/><W115/><G106/><T25/><D68/><U53/><E112/><V50/><F35/><W43/><G133/><T120/><D120/><U84/><E79/><V109/><F2/><W56/><G115/><T127/><D39/><U75/><E75/><V83/><F20/><N who="3" m="13343" /><G34/><T15/><D127/><N who="2" m="48682" /><F59/><W122/><G70/><T103/><REACH who="0" step="1"/><D26/><REACH who="0" ten="240,250,250,250" step="2"/><N who="1" m="14703" /><E117/><V121/><F119/><W77/><G122/><T37/><D37/><U108/><E116/><V113/><F121/><W99/><G77/><T95/><D95/><U49/><E110/><V22/><F109/><W57/><G43/><T9/><D9/><U51/><E8/><V38/><F38/><W47/><G42/><T67/><D67/><U89/><E111/><V6/><F94/><N who="3" m="56775" /><G47/><T102/><D102/><U63/><E108/><V36/><F36/><W85/><G57/><T66/><D66/><U11/><E45/><V3/><F113/><W21/><G21/><T13/><D13/><U96/><E11/><N who="2" m="2527" /><F22/><W28/><G28/><T41/><D41/><U72/><E53/><V90/><F50/><W40/><G40/><T132/><D132/><U135/><E135/><V71/><F71/><W93/><AGARI ba="0,1" hai="4,5,55,56,62,85,91,93" m="56775,13343" machi="93" ten="30,4000,0" yaku="25,1,8,1,54,1" doraHai="7" who="3" fromWho="3" sc="240,-20,250,-10,250,-10,250,50" /><INIT seed="1,0,0,1,5,40" ten="220,240,240,300" oya="1" hai0="75,52,122,18,90,132,128,77,10,72,68,5,3" hai1="65,105,113,109,102,2,61,103,13,9,28,67,29" hai2="86,24,14,116,56,64,70,39,6,96,85,11,66" hai3="19,57,23,134,36,63,26,44,71,51,32,59,17"/><U123/><E123/><V58/><F116/><W101/><G36/><T43/><D68/><U25/><E113/><V35/><F39/><W37/><G37/><T54/><D122/><U8/><E109/><V62/><F96/><W0/><G134/><T124/><D132/><U84/><E105/><V22/><F35/><W130/><G130/><T127/><D128/><U30/><E25/><V97/><F97/><W94/><G0/><T133/><D133/><U49/><E2/><V45/><F70/><W1/><G1/><T83/><D72/><U55/><E84/><V21/><F21/><W111/><G32/><T104/><D104/><U4/><E8/><V100/><F100/><N who="1" m="38441" /><E61/><N who="2" m="37927" /><F45/><AGARI ba="0,0" hai="4,9,13,28,29,30,45,49,55,65,67" m="38441" machi="45" ten="30,2900,0" yaku="8,1,52,1" doraHai="40" who="1" fromWho="2" sc="220,0,240,29,240,-29,300,0" /><INIT seed="1,1,0,2,5,58" ten="220,269,211,300" oya="1" hai0="13,72,42,14,30,88,33,130,4,104,121,82,125" hai1="54,31,111,122,12,23,86,65,66,118,26,112,41" hai2="46,98,79,133,124,32,18,64,108,39,29,99,68" hai3="100,90,62,21,84,3,11,15,1,83,20,40,106"/><U126/><E122/><V44/><F124/><W135/><G135/><T80/><D104/><U87/><E118/><V74/><F133/><W71/><G3/><T113/><D113/><U37/><E112/><V105/><F108/><W128/><G1/><T93/><D125/><U131/><E126/><V119/><F119/><W36/><G128/><T8/><D130/><U53/><E131/><V73/><F18/><W127/><G40/><T120/><D42/><U52/><E111/><V17/><F17/><W34/><G34/><T0/><D30/><U134/><E134/><V76/><F64/><W91/><G36/><T22/><D33/><U69/><E12/><V67/><F67/><W96/><G127/><T85/><D22/><U5/><E5/><V101/><F32/><W59/><G91/><T47/><D47/><U115/><E115/><V77/><F29/><W116/><G71/><T51/><D51/><U94/><E66/><V110/><F110/><W114/><G116/><T60/><D82/><U28/><E28/><V129/><F129/><W38/><G38/><T123/><REACH who="0" step="1"/><D60/><REACH who="0" ten="210,269,211,300" step="2"/><U35/><E35/><V102/><F39/><W9/><G114/><T55/><D55/><U27/><E41/><V7/><F44/><W2/><G62/><T117/><D117/><U43/><E43/><V16/><F46/><W63/><G63/><T6/><D6/><U75/><E37/><V103/><F7/><W56/><G106/><T61/><D61/><U89/><E23/><V95/><F16/><W132/><G132/><T50/><D50/><U24/><E31/><V92/><F68/><RYUUKYOKU ba="1,1" sc="210,15,269,-15,211,15,300,-15" hai0="0,4,8,13,14,72,80,85,88,93,120,121,123" hai2="73,74,76,77,79,92,95,98,99,101,102,103,105" /><INIT seed="2,2,1,1,4,100" ten="225,254,226,285" oya="2" hai0="99,84,16,108,71,79,75,111,37,115,124,135,26" hai1="13,59,10,73,64,7,32,72,112,50,15,56,27" hai2="30,134,20,18,80,43,3,93,28,49,104,96,133" hai3="125,21,29,41,113,33,121,17,11,91,76,61,110"/><V47/><F3/><W83/><G121/><T109/><D115/><U131/><E112/><V48/><F80/><W87/><G110/><T25/><D37/><U5/><E131/><V128/><F128/><W129/><G125/><T126/><D75/><U69/><E69/><V114/><F114/><W44/><G113/><T105/><D71/><U81/><E32/><V97/><F49/><N who="3" m="26767" /><G33/><T23/><D135/><N who="2" m="51722" /><F104/><W70/><G70/><T118/><D118/><U86/><E27/><V130/><F130/><W123/><G123/><T74/><D74/><U24/><E24/><N who="2" m="14359" /><F97/><W107/><G107/><T132/><D132/><U106/><E106/><V102/><AGARI ba="2,1" hai="28,30,43,47,48,93,96,102" m="14359,51722" machi="102" ten="30,1500,0" yaku="20,1" doraHai="100" who="2" fromWho="2" sc="225,-7,254,-7,226,31,285,-7" /><INIT seed="2,3,0,4,4,13" ten="218,247,257,278" oya="2" hai0="41,44,135,20,77,107,31,7,0,5,85,104,106" hai1="97,109,69,50,96,66,110,15,86,82,47,29,95" hai2="87,113,126,130,100,53,116,11,28,93,63,1,23" hai3="108,26,3,45,58,39,35,56,46,103,122,131,2"/><V121/><F113/><W34/><G26/><T51/><D135/><U124/><E124/><V61/><F126/><W114/><G103/><T54/><D0/><U89/><E29/><V123/><F116/><W19/><G39/><T115/><D115/><U133/><E133/><V57/><F130/><W84/><G84/><T90/><D77/><U55/><E66/><V128/><F128/><W48/><G48/><T117/><D117/><U60/><E60/><V16/><F28/><W78/><G78/><T14/><D41/><U71/><E97/><V21/><F21/><W120/><G131/><T111/><D111/><N who="1" m="42507" /><E15/><V36/><F36/><W118/><G108/><T76/><D76/><AGARI ba="3,0" hai="47,50,55,69,71,76,82,86,89,95,96" m="42507" machi="76" ten="30,1000,0" yaku="14,1" doraHai="13" who="1" fromWho="0" sc="218,-19,247,19,257,0,278,0" /><INIT seed="3,0,0,0,4,88" ten="199,266,257,278" oya="3" hai0="94,92,103,53,71,90,133,29,117,102,67,0,116" hai1="75,58,21,8,30,98,76,20,122,124,66,123,2" hai2="22,39,78,59,109,104,34,33,86,91,55,17,115" hai3="36,61,62,43,79,48,121,87,106,49,69,113,74"/><W132/><G74/><T72/><D72/><U54/><E124/><V65/><F109/><W51/><G106/><T119/><D0/><U5/><E66/><V70/><F115/><W114/><G79/><T73/><D73/><U24/><E21/><V125/><F39/><W41/><G87/><T44/><D133/><U120/><E75/><V13/><F78/><W101/><G101/><T15/><D29/><U107/><E76/><V97/><F125/><W52/><G121/><T95/><D90/><U131/><E131/><V40/><F40/><N who="3" m="15435" /><G36/><T31/><D31/><U135/><E135/><V85/><F85/><W82/><G82/><T57/><D44/><U80/><E80/><V77/><F77/><W63/><G132/><T126/><D126/><U14/><E98/><V130/><F130/><W12/><G12/><T64/><D15/><U50/><REACH who="1" step="1"/><E14/><REACH who="1" ten="199,256,257,278" step="2"/><V46/><F65/><N who="3" m="41135" /><G63/><T56/><D117/><U4/><E4/><V27/><F13/><W105/><G105/><AGARI ba="0,1" hai="2,5,8,20,24,30,50,54,58,105,107,120,122,123" machi="105" ten="40,2600,0" yaku="1,1,53,1" doraHai="88" doraHaiUra="6" who="1" fromWho="3" sc="199,0,256,36,257,0,278,-26" /><INIT seed="4,0,0,0,5,119" ten="199,292,257,252" oya="0" hai0="81,129,52,122,17,57,107,13,80,130,113,60,48" hai1="112,45,72,65,69,44,121,33,6,49,35,4,43" hai2="20,12,22,134,23,73,56,50,83,77,54,100,5" hai3="32,34,63,79,37,38,116,94,25,59,91,104,110"/><T24/><D107/><U19/><E72/><V55/><F134/><W47/><G104/><T114/><D24/><U133/><E133/><V98/><F55/><W40/><G110/><T102/><D102/><U18/><E65/><V124/><F124/><W42/><G79/><T16/><D122/><U75/><E75/><V2/><F2/><W85/><G116/><T89/><D60/><U14/><E69/><V88/><F100/><W108/><G108/><T7/><D7/><U78/><E78/><V109/><F109/><W87/><G87/><N who="0" m="50407" /><D81/><U97/><E97/><V90/><REACH who="2" step="1"/><F98/><REACH who="2" ten="199,292,247,252" step="2"/><W82/><G42/><T27/><D27/><U120/><E43/><V3/><F3/><W51/><G25/><T64/><D64/><U41/><E41/><V123/><F123/><W92/><G40/><T8/><D17/><U115/><E14/><V70/><F70/><W46/><G38/><T26/><D26/><U86/><REACH who="1" step="1"/><E49/><REACH who="1" ten="199,282,247,252" step="2"/><V106/><F106/><W53/><G37/><T93/><D93/><U66/><E66/><V95/><F95/><W67/><G94/><T118/><D118/><U111/><E111/><V126/><F126/><W58/><G92/><T74/><D74/><U30/><E30/><V21/><N who="2" m="5120" /><DORA hai="127" /><V1/><F1/><W117/><G117/><T125/><D125/><U128/><E128/><AGARI ba="0,2" hai="8,13,16,48,52,57,113,114,128,129,130" m="50407" machi="128" ten="30,18000,2" yaku="19,1,52,3,54,2" doraHai="119,127" who="0" fromWho="1" sc="199,200,282,-180,247,0,252,0" /><INIT seed="4,1,0,2,1,89" ten="399,102,247,252" oya="0" hai0="126,134,42,13,93,74,110,28,57,54,19,83,59" hai1="117,35,127,58,14,37,125,22,64,111,67,102,7" hai2="30,16,39,26,115,121,87,18,135,128,108,2,77" hai3="72,51,84,1,43,75,73,52,23,85,3,63,25"/><T24/><D134/><U82/><E117/><V34/><F39/><W101/><G43/><T99/><D126/><N who="1" m="48139" /><E111/><V116/><F108/><W50/><G63/><T119/><D110/><U12/><E37/><V56/><F121/><W21/><G101/><T9/><D42/><U33/><E58/><V41/><F135/><W46/><G51/><T112/><D112/><U76/><E102/><V129/><F41/><W31/><REACH who="3" step="1"/><G23/><REACH who="3" ten="399,102,247,242" step="2"/><T10/><D119/><U104/><E35/><V15/><F116/><W94/><G94/><T27/><D93/><U78/><E33/><V109/><F109/><W70/><G70/><T105/><D105/><U17/><E104/><V130/><F34/><W29/><G29/><T69/><D28/><U6/><E82/><V98/><F30/><W122/><G122/><T47/><D83/><U49/><E49/><V114/><F115/><W106/><G106/><T20/><D69/><U8/><E67/><V68/><F68/><W120/><G120/><T45/><D20/><U131/><E64/><V5/><F114/><W38/><G38/><T96/><D54/><U132/><E132/><V4/><F128/><W11/><G11/><T113/><D113/><U79/><E131/><V92/><F92/><W60/><G60/><T66/><D66/><U71/><E71/><V123/><F123/><W53/><G53/><T62/><D62/><U80/><E80/><V61/><F61/><W65/><G65/><T90/><D9/><N who="1" m="4151" /><E22/><V81/><F129/><W124/><G124/><T86/><D10/><U91/><E7/><N who="2" m="2635" /><F130/><W88/><G88/><AGARI ba="1,1" hai="8,14,17,76,78,79,88,91" m="4151,48139" machi="88" ten="30,2000,0" yaku="18,1,54,1" doraHai="89" who="1" fromWho="3" sc="399,0,102,33,247,0,242,-23" /><INIT seed="5,0,0,5,1,59" ten="399,135,247,219" oya="1" hai0="87,73,89,48,17,121,35,127,97,122,6,84,135" hai1="42,92,71,131,113,69,76,96,40,28,11,65,13" hai2="10,78,124,93,58,95,49,118,29,83,70,109,130" hai3="12,4,20,119,110,38,16,14,60,37,66,19,123"/><U57/><E131/><V114/><F70/><W80/><G110/><T21/><D73/><U86/><E113/><V53/><F109/><W41/><G123/><N who="0" m="47115" /><D35/><U18/><E71/><V115/><F118/><W94/><G119/><T0/><D135/><U27/><E69/><V81/><F130/><W103/><G4/><T54/><D127/><U30/><E76/><V88/><F124/><W120/><G120/><T22/><D22/><N who="1" m="15479" /><E86/><V46/><F29/><W64/><G80/><T116/><D116/><U9/><E30/><V74/><F10/><W34/><G34/><T5/><D97/><U112/><E9/><V91/><F83/><W100/><G94/><N who="0" m="54567" /><D87/><U75/><E75/><V126/><F126/><W2/><G2/><T111/><D0/><U44/><E44/><V56/><F95/><W45/><G38/><T128/><D128/><U8/><E8/><V132/><F132/><W101/><REACH who="3" step="1"/><G60/><REACH who="3" ten="399,135,247,209" step="2"/><T36/><D36/><U82/><E82/><V7/><F7/><W31/><G31/><T68/><D111/><U26/><E26/><V3/><F3/><W25/><G25/><T98/><D6/><U52/><E112/><N who="2" m="43051" /><F91/><W99/><G99/><AGARI ba="0,1" hai="46,49,53,56,58,74,78,81,88,93,99" m="43051" machi="99" ten="30,3900,0" yaku="15,1,11,1,54,1" doraHai="59" who="2" fromWho="3" sc="399,0,135,0,247,49,209,-39" /><INIT seed="6,0,0,3,1,111" ten="399,135,296,170" oya="2" hai0="119,87,43,1,65,86,98,93,80,129,115,125,36" hai1="6,33,53,17,26,20,46,16,113,31,72,79,63" hai2="130,59,5,106,2,12,107,91,84,64,132,50,10" hai3="28,70,21,37,77,109,62,114,39,99,74,47,35"/><V81/><F130/><W110/><G21/><T38/><D1/><U18/><E72/><V83/><F132/><W103/><G77/><T126/><D65/><U82/><E46/><V49/><F2/><W69/><G74/><T95/><D129/><U29/><E53/><V42/><F106/><N who="3" m="63871" /><G114/><T60/><D115/><U41/><E63/><V19/><F107/><W67/><G70/><T52/><D119/><U68/><E41/><V57/><F81/><W15/><G15/><T9/><D9/><U45/><E45/><V100/><F100/><W44/><G44/><T56/><D87/><U48/><E48/><V117/><F117/><W112/><G112/><T101/><D95/><U40/><E40/><V121/><F121/><W27/><G47/><T30/><D30/><N who="1" m="19671" /><E68/><V116/><F116/><W51/><G51/><N who="2" m="19465" /><F42/><W90/><G90/><N who="0" m="51527" /><D43/><U104/><E104/><V4/><F59/><W66/><G66/><T58/><D58/><U133/><E82/><V13/><F13/><W85/><G85/><T92/><D92/><U54/><E79/><V120/><F120/><W73/><G73/><T105/><D105/><U78/><E78/><V127/><F127/><AGARI ba="0,0" hai="36,38,52,56,60,93,98,101,125,126,127" m="51527" machi="127" ten="30,2000,0" yaku="18,1,54,1" doraHai="111" who="0" fromWho="2" sc="399,20,135,0,296,-20,170,0" /><INIT seed="7,0,0,4,0,60" ten="419,135,276,170" oya="3" hai0="66,54,38,48,78,97,96,127,16,17,33,89,133" hai1="57,112,19,2,101,43,123,40,109,73,6,113,111" hai2="9,86,117,7,27,23,56,77,18,49,30,24,129" hai3="116,103,8,92,42,99,44,37,93,50,76,114,69"/><W28/><G116/><T107/><D38/><U25/><E73/><V126/><F117/><W21/><G69/><T10/><D33/><U45/><E101/><V104/><F104/><W29/><G114/><N who="1" m="44138" /><E19/><V71/><F71/><W67/><G37/><T64/><D54/><U124/><E25/><V55/><F126/><W95/><G76/><T79/><D48/><N who="1" m="26663" /><E6/><V98/><F129/><W105/><G67/><T90/><D133/><U81/><E81/><N who="2" m="47407" /><F98/><W39/><G39/><T4/><D127/><U88/><E2/><V91/><F91/><W131/><G131/><T32/><D32/><U85/><E43/><V13/><F27/><W122/><G122/><T135/><D135/><U63/><E124/><V75/><F75/><W1/><REACH who="3" step="1"/><G21/><REACH who="3" ten="419,135,276,160" step="2"/><T52/><D66/><N who="1" m="39279" /><E123/><V51/><F51/><W26/><G26/><T3/><D79/><U84/><E84/><V53/><F53/><W119/><G119/><T14/><D52/><U65/><E65/><V115/><F115/><W80/><G80/><T61/><D64/><U62/><E62/><V134/><F134/><W106/><G106/><T34/><D61/><U82/><AGARI ba="0,1" hai="82,85,88,109,111" m="39279,26663,44138" machi="82" ten="30,4000,0" yaku="15,1,52,1,54,1" doraHai="60" who="1" fromWho="1" sc="419,-10,135,50,276,-10,160,-20" owari="409,50.9,185,-21.5,266,6.6,140,-36.0" /></mjloggm>