<mjloggm ver="2.3"><GO type="169" lobby="0"/><UN n0="%E3%81%B5%E3%81%8B" n1="%E9%9B%BB%E6%B0%97%47%52%4F%4F%56%45" n2="%73%6F%63%63%68%79" n3="%E5%A4%A7%E6%A5%A0%E5%85%AC" dan="17,16,16,16" rate="2212.78,2126.12,2087.54,2142.76" sx="M,F,M,M"/><TAIKYOKU oya="0"/><INIT seed="0,0,0,5,2,6" ten="250,250,250,250" oya="0" hai0="104,133,103,61,108,41,95,16,94,92,134,115,98" hai1="27,83,46,67,85,24,111,77,126,65,96,38,35" hai2="18,1,50,100,25,59,87,57,31,74,64,88,135" hai3="52,132,20,130,66,106,34,54,112,3,86,101,99"/><T9/><D115/><U22/><E111/><V120/><F120/><W21/><G112/><T17/><D108/><U4/><E35/><V30/><F74/><W29/><G130/><T58/><D41/><U117/><E117/><V36/><F36/><W69/><G132/><N who="0" m="50795" /><D9/><U110/><E110/><V122/><F1/><W60/><G3/><T8/><D8/><U72/><E126/><V37/><F100/><W125/><G125/><T53/><AGARI ba="0,0" hai="16,17,53,58,61,92,94,95,98,103,104" m="50795" machi="53" ten="30,3000,0" yaku="20,1,54,1" doraHai="6" who="0" fromWho="0" sc="250,30,250,-10,250,-10,250,-10" /><INIT seed="0,1,0,1,1,40" ten="280,240,240,240" oya="0" hai0="56,6,86,78,49,48,11,0,99,90,77,3,98" hai1="133,38,22,63,91,5,66,93,100,107,69,12,89" hai2="101,20,79,70,64,82,119,94,4,108,102,36,132" hai3="27,44,55,84,76,130,80,18,46,62,57,41,67"/><T81/><D0/><U30/><E133/><V42/><F132/><W26/><G130/><T121/><D121/><U54/><E107/><V58/><F70/><W34/><G34/><T10/><D10/><U53/><E38/><V68/><F68/><W8/><G67/><T129/><D129/><U47/><E100/><V104/><F104/><W51/><REACH who="3" step="1"/><G44/><REACH who="3" ten="280,240,240,230" step="2"/><T65/><D65/><U88/><E47/><V85/><F64/><W59/><G59/><T45/><D56/><U92/><E53/><V37/><F58/><W7/><G7/><T134/><D134/><U127/><E54/><V21/><F4/><W116/><G116/><T118/><D118/><U74/><E5/><V128/><F119/><W125/><G125/><T33/><D33/><U124/><E124/><V29/><F42/><W97/><G97/><T35/><D35/><U115/><E127/><V110/><F128/><W126/><G126/><T17/><D98/><U23/><E66/><V9/><F110/><W24/><G24/><T75/><D99/><U73/><E69/><V117/><F108/><W123/><G123/><T25/><D45/><U50/><E50/><V131/><F131/><W39/><G39/><T95/><REACH who="0" step="1"/><D77/><REACH who="0" ten="270,240,240,230" step="2"/><U13/><E63/><V96/><F117/><W14/><AGARI ba="1,2" hai="8,14,18,26,27,41,46,51,55,57,62,76,80,84" machi="14" ten="30,7900,0" yaku="1,1,0,1,8,1,52,1,53,0" doraHai="40" doraHaiUra="120" who="3" fromWho="3" sc="270,-40,240,-21,240,-21,230,102" /><INIT seed="1,0,0,2,1,114" ten="230,219,219,332" oya="1" hai0="130,52,90,70,132,85,69,59,26,58,51,11,23" hai1="94,101,127,73,31,122,28,112,33,118,18,39,104" hai2="62,121,35,107,77,91,16,135,109,27,24,113,88" hai3="103,54,3,6,108,116,47,34,123,80,36,129,13"/><U53/><E112/><V97/><F121/><W72/><G123/><T21/><D130/><U15/><E104/><V133/><F113/><W110/><G129/><T83/><D132/><N who="2" m="50762" /><F77/><N who="3" m="44071" /><G13/><T0/><D59/><U128/><E73/><V102/><F109/><W19/><G19/><T12/><D0/><U117/><E39/><V100/><F100/><W4/><G54/><T78/><D78/><U92/><E122/><V125/><F125/><W43/><G103/><T119/><D119/><U96/><E127/><V57/><F35/><W30/><G116/><T17/><REACH who="0" step="1"/><D23/><REACH who="0" ten="220,219,219,332" step="2"/><U79/><E79/><V9/><F9/><W71/><G3/><T8/><D8/><U63/><E128/><V56/><F56/><W22/><G22/><T64/><D64/><U120/><E120/><V131/><F131/><W25/><G71/><T2/><D2/><U61/><E117/><V99/><F99/><W68/><G68/><T41/><D41/><U5/><E118/><V124/><F124/><W49/><G110/><T38/><D38/><U87/><E33/><V74/><F74/><W89/><G108/><T86/><D86/><U32/><E32/><V29/><F29/><AGARI ba="0,1" hai="11,12,17,21,26,29,51,52,58,69,70,83,85,90" machi="29" ten="30,3900,0" yaku="1,1,7,1,54,1,53,0" doraHai="114" doraHaiUra="111" who="0" fromWho="2" sc="220,49,219,0,219,-39,332,0" /><INIT seed="2,0,0,0,1,118" ten="269,219,180,332" oya="2" hai0="62,63,2,43,108,37,129,42,86,12,40,104,90" hai1="69,6,82,18,52,32,44,23,59,28,105,87,61" hai2="102,15,67,114,46,112,70,91,47,75,21,131,117" hai3="94,107,124,89,22,57,77,109,27,98,103,14,16"/><V126/><F117/><W111/><G124/><T113/><D2/><U134/><E105/><V49/><F126/><W81/><G57/><T116/><D116/><U30/><E32/><V7/><F75/><W9/><G107/><T130/><D113/><U97/><E6/><V79/><F79/><W3/><G3/><T78/><D37/><U106/><E69/><V35/><F35/><W74/><REACH who="3" step="1"/><G103/><REACH who="3" ten="269,219,180,322" step="2"/><T119/><D104/><U53/><E106/><V5/><F102/><W24/><G24/><T8/><D119/><U133/><E133/><V0/><F0/><W84/><G84/><T80/><D86/><U88/><E97/><V101/><F101/><W36/><G36/><T115/><D129/><U71/><E71/><V95/><F131/><W19/><AGARI ba="0,1" hai="9,14,16,19,22,27,74,77,81,89,94,98,109,111" machi="19" ten="30,4000,0" yaku="1,1,0,1,54,1,53,0" doraHai="118" doraHaiUra="31" who="3" fromWho="3" sc="269,-10,219,-10,180,-20,322,50" /><INIT seed="3,0,0,3,1,93" ten="259,209,160,372" oya="3" hai0="67,133,23,53,10,46,64,21,95,66,50,132,51" hai1="68,43,45,47,6,105,115,97,0,109,99,87,126" hai2="120,27,28,54,114,2,84,116,31,81,4,22,83" hai3="77,18,122,79,37,134,69,135,91,41,86,1,108"/><W32/><G122/><T80/><D80/><U130/><E115/><V131/><F116/><W90/><G69/><T74/><D74/><U48/><E68/><V15/><F114/><W75/><G32/><T30/><D10/><U3/><E109/><V103/><F120/><W20/><G1/><T39/><D39/><U121/><E121/><V8/><F131/><W56/><G108/><T106/><D106/><U55/><E130/><V100/><F31/><W34/><G34/><T72/><D72/><U60/><E87/><V61/><F2/><W104/><G104/><T85/><D30/><U12/><E126/><V5/><F5/><W113/><G113/><T73/><D73/><U38/><E60/><V25/><F25/><W89/><G75/><T117/><D117/><U98/><REACH who="1" step="1"/><E105/><REACH who="1" ten="259,199,160,372" step="2"/><V40/><F61/><W49/><G86/><T57/><D85/><U36/><E36/><V102/><F54/><N who="3" m="31823" /><G37/><T33/><D53/><U24/><E24/><V16/><F40/><W11/><G41/><T110/><D110/><U65/><E65/><V13/><REACH who="2" step="1"/><F84/><REACH who="2" ten="259,199,150,372" step="2"/><W59/><G79/><T127/><D64/><U111/><E111/><V125/><F125/><W7/><G77/><T42/><D127/><U63/><E63/><V101/><N who="2" m="25600" /><DORA hai="88" /><V82/><F82/><W78/><G78/><T70/><D66/><U112/><E112/><V58/><F58/><W118/><G59/><T128/><D57/><U9/><AGARI ba="0,2" hai="0,3,6,9,12,38,43,45,47,48,55,97,98,99" machi="9" ten="30,8000,1" yaku="1,1,0,1,52,3,53,0" doraHai="93,88" doraHaiUra="62,52" who="1" fromWho="1" sc="259,-20,199,100,150,-20,372,-40" /><INIT seed="4,0,0,0,4,13" ten="239,299,130,332" oya="0" hai0="54,76,129,27,99,32,17,7,18,112,135,14,12" hai1="49,131,68,111,28,22,125,3,106,35,81,91,119" hai2="101,100,30,44,21,109,55,70,108,58,62,65,132" hai3="5,38,45,117,104,114,85,42,73,74,11,43,75"/><T51/><D112/><U46/><E119/><V19/><F132/><W121/><G114/><T134/><D129/><U26/><E111/><V107/><F30/><W120/><G117/><T128/><D128/><U53/><E131/><V130/><F130/><W6/><G104/><T48/><D76/><U123/><E3/><V89/><F89/><W113/><G113/><T96/><D54/><U95/><E106/><V4/><F4/><W57/><G43/><T97/><D7/><U52/><E68/><V10/><F10/><W9/><G57/><T110/><D110/><U36/><E36/><V39/><F101/><W72/><G72/><T66/><D66/><U47/><E81/><V82/><F82/><W56/><G56/><T24/><D97/><U59/><E35/><AGARI ba="0,0" hai="12,14,17,18,24,27,32,35,48,51,96,99,134,135" machi="35" ten="25,9600,0" yaku="22,2,52,2" doraHai="13" who="0" fromWho="1" sc="239,96,299,-96,130,0,332,0" /><INIT seed="4,1,0,0,4,54" ten="335,203,130,332" oya="0" hai0="56,102,8,55,104,45,133,125,28,61,101,105,82" hai1="62,126,123,42,22,48,31,106,91,76,83,18,10" hai2="25,7,36,86,40,0,95,66,110,53,14,19,112" hai3="6,129,79,81,121,32,23,43,29,124,26,122,67"/><T120/><D120/><U78/><E123/><V17/><F110/><W118/><G118/><T128/><D128/><U35/><E106/><V100/><F112/><W117/><G117/><T119/><D119/><U116/><E116/><V132/><F132/><W111/><G111/><T46/><D133/><U77/><E126/><V87/><F36/><W88/><G124/><T107/><D125/><U60/><E10/><N who="2" m="4447" /><F0/><W47/><G129/><T65/><D28/><U114/><E31/><V115/><F40/><W63/><G23/><T49/><D82/><U135/><E35/><V98/><F66/><W2/><G88/><T4/><REACH who="0" step="1"/><D46/><REACH who="0" ten="325,203,130,332" step="2"/><N who="1" m="25687" /><E135/><V113/><F115/><W50/><G121/><T15/><AGARI ba="1,1" hai="4,8,15,45,49,55,56,61,65,101,102,104,105,107" machi="15" ten="30,6000,0" yaku="1,1,0,1,52,1,53,0" doraHai="54" doraHaiUra="89" who="0" fromWho="0" sc="325,73,203,-21,130,-21,332,-21" /><INIT seed="4,2,0,3,0,63" ten="398,182,109,311" oya="0" hai0="87,75,6,54,20,101,30,15,9,25,69,98,68" hai1="39,51,110,83,33,117,18,107,42,133,126,97,125" hai2="22,5,16,116,113,99,89,112,82,61,0,45,12" hai3="135,43,85,109,64,29,66,111,130,102,50,120,10"/><T14/><D75/><U94/><E110/><V4/><F116/><W56/><G130/><T115/><D115/><N who="2" m="44106" /><F0/><W55/><G135/><T103/><D87/><U62/><E133/><V124/><F124/><W114/><G114/><T71/><D54/><U122/><E107/><V80/><F45/><W3/><G120/><T57/><D57/><U76/><E39/><V91/><F61/><W19/><G109/><T86/><D86/><U26/><E62/><V132/><F132/><W40/><G111/><T74/><D74/><U34/><E34/><V105/><F105/><W73/><G73/><T59/><D59/><U11/><E33/><V121/><F121/><W128/><G128/><T37/><D37/><U23/><E117/><V60/><F60/><W67/><G102/><T32/><D98/><U38/><E38/><V7/><F99/><W36/><G36/><T2/><REACH who="0" step="1"/><D15/><REACH who="0" ten="388,182,109,311" step="2"/><U65/><E97/><V131/><F131/><W84/><G84/><T17/><AGARI ba="2,1" hai="2,6,9,14,17,20,25,30,32,68,69,71,101,103" machi="17" ten="40,18000,2" yaku="1,1,2,1,0,1,24,2,53,1" doraHai="63" doraHaiUra="21" who="0" fromWho="0" sc="388,196,182,-62,109,-62,311,-62" /><INIT seed="4,3,0,0,4,54" ten="584,120,47,249" oya="0" hai0="124,91,14,135,34,110,49,6,58,78,4,40,133" hai1="74,98,72,50,18,86,46,77,95,47,51,115,29" hai2="10,21,12,130,63,3,55,68,83,112,1,100,66" hai3="48,53,42,61,32,117,94,93,31,107,70,45,111"/><T69/><D69/><U36/><E36/><V90/><F112/><W56/><G111/><T76/><D34/><U79/><E115/><V89/><F130/><W116/><G107/><T24/><D110/><U122/><E29/><V65/><F65/><W57/><G70/><T22/><D124/><U26/><E122/><V20/><F100/><W15/><G32/><T2/><D2/><U134/><E86/><V106/><F106/><W25/><G15/><T64/><D91/><U125/><E134/><N who="0" m="51209" /><D40/><U104/><E104/><V87/><F1/><W0/><G0/><T108/><D108/><U123/><E123/><V27/><F3/><W59/><G116/><T82/><D14/><U85/><E77/><N who="0" m="29801" /><D82/><U75/><E79/><V88/><F20/><N who="3" m="15783" /><G117/><T73/><D73/><U30/><E125/><V128/><F128/><W44/><G44/><T103/><D103/><U43/><E85/><V126/><F126/><W96/><G93/><T37/><D37/><U8/><E75/><V80/><F80/><W114/><G114/><T39/><D39/><N who="1" m="21887" /><E47/><V71/><F71/><W13/><G13/><T17/><D49/><U121/><E50/><V119/><F119/><W131/><G131/><T67/><D67/><U60/><E51/><V84/><F55/><W5/><G5/><T28/><D28/><U81/><E72/><V99/><F99/><W132/><G132/><T19/><D19/><U35/><E98/><V33/><F33/><W9/><G9/><T118/><D118/><U127/><E127/><V109/><F109/><W7/><G7/><T101/><D101/><AGARI ba="3,0" hai="42,45,48,53,56,57,59,61,94,96,101" m="15783" machi="101" ten="30,7700,0" yaku="8,1,52,3" doraHai="54" who="3" fromWho="0" sc="584,-86,120,0,47,0,249,86" /><INIT seed="5,0,0,0,0,75" ten="498,120,47,335" oya="1" hai0="11,125,61,48,23,135,45,131,49,104,105,21,97" hai1="89,31,60,56,67,57,110,65,76,109,68,44,38" hai2="121,119,100,46,127,36,2,13,93,134,130,70,10" hai3="29,84,14,107,22,113,72,101,20,78,94,12,83"/><U82/><E31/><V92/><F70/><W25/><G113/><T95/><D131/><U62/><E89/><V87/><F2/><W34/><G34/><T5/><D135/><U18/><E18/><V40/><F119/><W69/><G69/><T115/><D115/><U114/><E114/><V37/><F121/><W111/><G111/><T16/><D61/><U58/><E82/><V27/><F134/><W123/><G123/><T30/><D30/><U54/><E76/><V42/><F130/><W128/><G128/><T55/><D49/><N who="1" m="28967" /><E38/><V102/><F27/><W108/><G108/><AGARI ba="0,0" hai="56,57,58,60,62,65,67,68,108,109,110" m="28967" machi="108" ten="30,5800,0" yaku="10,1,34,2" doraHai="75" who="1" fromWho="3" sc="498,0,120,58,47,0,335,-58" /><INIT seed="5,1,0,4,2,118" ten="498,178,47,277" oya="1" hai0="106,60,43,44,127,76,83,2,96,113,39,117,121" hai1="35,77,119,98,14,40,73,95,28,61,53,29,12" hai2="123,4,45,58,37,48,18,36,86,111,49,33,8" hai3="63,59,99,74,92,82,13,79,41,89,17,129,102"/><U131/><E119/><V52/><F111/><W21/><G129/><T6/><D117/><U93/><E131/><V104/><F104/><W108/><G108/><T115/><D60/><U67/><E40/><V22/><F33/><W97/><G41/><T38/><D127/><U32/><E53/><V65/><F123/><W30/><G30/><T1/><D39/><U110/><E110/><V27/><F86/><W0/><G0/><T132/><D132/><U50/><E50/><V75/><F75/><W87/><REACH who="3" step="1"/><G102/><REACH who="3" ten="498,178,47,267" step="2"/><T9/><D2/><U69/><E28/><V51/><F65/><AGARI ba="1,1" hai="13,17,21,59,63,65,74,79,82,87,89,92,97,99" machi="65" ten="30,3900,0" yaku="1,1,2,1,7,1,53,0" doraHai="118" doraHaiUra="71" who="3" fromWho="2" sc="498,0,178,0,47,-42,267,52" /><INIT seed="6,0,0,3,3,22" ten="498,178,5,319" oya="2" hai0="120,58,119,78,32,27,47,83,72,35,99,96,19" hai1="4,126,13,3,30,110,106,125,73,86,23,69,0" hai2="61,28,81,57,100,112,50,51,111,10,79,25,109" hai3="90,1,85,39,98,15,60,36,12,40,42,75,41"/><V116/><F116/><W74/><G1/><T2/><D2/><U29/><E73/><V104/><F112/><W103/><G74/><T127/><D120/><U43/><E106/><V87/><F10/><W17/><G75/><T108/><D108/><N who="2" m="41546" /><F100/><W48/><G60/><T107/><D58/><U135/><E69/><V18/><F18/><W26/><G48/><T89/><D47/><U65/><E65/><N who="2" m="39087" /><F104/><W131/><G131/><T124/><D119/><U66/><E110/><V55/><F55/><W16/><G39/><T132/><D107/><U77/><E66/><V97/><F97/><W62/><G36/><T31/><D96/><U91/><E0/><V114/><F114/><W64/><G98/><T130/><D130/><U45/><E3/><V117/><F117/><W56/><G103/><T44/><D19/><U59/><E4/><V63/><F63/><W80/><G17/><T71/><D99/><U52/><E52/><V54/><F54/><W134/><G134/><T6/><D6/><U53/><E135/><V38/><F38/><W70/><G70/><T5/><D5/><U93/><E53/><V94/><F94/><W34/><G16/><T92/><D71/><U33/><E93/><V9/><F9/><W68/><G68/><T21/><D132/><U84/><E59/><V24/><F28/><W14/><G14/><T121/><D92/><U105/><E29/><V115/><F115/><W20/><G12/><T11/><D11/><U133/><E30/><V129/><F129/><W122/><G15/><T123/><D31/><U67/><E133/><V7/><F7/><RYUUKYOKU ba="0,0" sc="498,-10,178,-10,5,30,319,-10" hai2="24,25,50,51,79,81,87" /><INIT seed="6,1,0,2,0,133" ten="488,168,35,309" oya="2" hai0="24,30,68,113,45,63,79,74,6,40,28,119,71" hai1="123,54,60,116,66,108,117,130,21,86,89,72,4" hai2="47,124,34,17,10,106,14,84,15,5,87,16,81" hai3="39,25,125,56,127,43,2,69,118,52,18,107,35"/><V85/><F106/><W53/><G118/><T82/><D30/><U50/><E108/><V102/><F34/><W11/><G107/><T78/><D78/><U62/><E72/><V92/><F124/><N who="3" m="47691" /><G69/><T103/><D103/><U105/><E105/><V3/><F81/><W41/><G39/><T61/><D61/><U37/><E60/><V70/><F70/><W26/><G53/><T134/><D134/><U7/><E54/><V49/><F3/><W64/><G64/><T99/><D99/><U129/><E66/><V73/><F73/><W32/><G32/><T55/><D55/><U96/><E37/><V38/><F38/><W95/><G95/><T27/><D74/><U101/><E62/><V36/><F36/><W20/><G26/><T120/><D27/><U90/><E50/><V9/><F5/><N who="3" m="1463" /><G35/><T58/><D24/><U114/><E4/><V51/><REACH who="2" step="1"/><F47/><REACH who="2" ten="488,168,25,309" step="2"/><W104/><G104/><T80/><D45/><U77/><E7/><V42/><F42/><W46/><G46/><T132/><D40/><U109/><E117/><V57/><F57/><W29/><G29/><T19/><D28/><U75/><E116/><V131/><F131/><W12/><G25/><T44/><D68/><U126/><E130/><V59/><F59/><W111/><G111/><T1/><D71/><U121/><E109/><V22/><F22/><W97/><G43/><T0/><D119/><U110/><E110/><V76/><F76/><W83/><G41/><T135/><D79/><U115/><E77/><V23/><F23/><W93/><G83/><T94/><D82/><U112/><E126/><RYUUKYOKU ba="1,1" sc="488,-10,168,-10,25,30,309,-10" hai2="9,10,14,15,16,17,49,51,84,85,87,92,102" /><INIT seed="6,2,1,1,5,30" ten="478,158,55,299" oya="2" hai0="71,107,35,11,84,83,2,28,36,130,41,27,63" hai1="46,128,96,97,118,114,80,101,106,19,10,16,3" hai2="120,129,33,17,111,44,104,87,94,75,82,23,110" hai3="99,9,119,91,72,45,86,125,37,6,109,135,73"/><V18/><F120/><W38/><G109/><N who="2" m="41481" /><F104/><W34/><G119/><T79/><D130/><U26/><E118/><V105/><F105/><W59/><G135/><T51/><D51/><U32/><E128/><V76/><F129/><W116/><G116/><T49/><D49/><U13/><E114/><V95/><F33/><W65/><G34/><T7/><D107/><U47/><E3/><V53/><F75/><W4/><G99/><T39/><D41/><U12/><E97/><V122/><F122/><W50/><G125/><T133/><D133/><U69/><E69/><V74/><F74/><W108/><G108/><T57/><D71/><U81/><E81/><V29/><F29/><W132/><G132/><T124/><D124/><U52/><E80/><V58/><F44/><W123/><G123/><T113/><D113/><U25/><E32/><V90/><F23/><W93/><G72/><T68/><D68/><U70/><E70/><V42/><F42/><W15/><G73/><T85/><D85/><U92/><E106/><V60/><F76/><W8/><G65/><AGARI ba="2,1" hai="2,7,11,27,28,35,36,39,57,63,65,79,83,84" machi="65" ten="30,2000,0" yaku="7,1,52,1" doraHai="30" who="0" fromWho="3" sc="478,36,158,0,55,0,299,-26" /><INIT seed="7,0,0,5,5,46" ten="514,158,55,273" oya="3" hai0="105,62,102,132,106,21,103,135,53,15,72,110,11" hai1="80,57,81,68,134,51,8,82,20,65,122,26,129" hai2="79,33,23,18,69,100,50,131,70,45,2,10,43" hai3="114,61,38,92,19,126,47,44,32,89,127,14,107"/><W66/><G107/><T12/><D110/><U112/><E68/><V27/><F131/><W34/><G114/><T128/><D72/><U113/><E134/><V73/><F100/><W67/><G34/><T40/><D40/><U124/><E124/><N who="3" m="47658" /><G32/><T59/><D128/><U25/><E8/><V31/><F79/><W96/><G38/><T87/><D87/><U56/><E122/><V88/><F73/><W63/><G63/><T7/><D21/><U90/><E25/><V98/><F98/><W74/><G74/><T4/><D4/><U29/><E129/><V30/><F30/><W104/><G104/><N who="0" m="40043" /><D15/><U101/><E101/><V99/><F88/><W17/><G17/><T78/><D78/><U41/><E90/><V39/><F99/><W16/><G19/><T13/><D13/><U1/><E1/><V109/><F109/><W52/><G67/><T91/><D91/><U58/><E65/><V22/><F22/><N who="3" m="11543" /><G52/><T55/><D55/><U6/><E6/><V84/><F39/><W77/><G77/><T116/><D53/><N who="1" m="31807" /><E41/><V121/><F121/><W9/><G9/><T120/><D62/><U42/><E42/><V35/><F35/><W119/><G119/><T94/><D116/><U60/><E60/><V108/><F108/><W75/><G75/><T64/><D120/><U117/><E117/><V71/><F84/><W83/><G83/><T0/><D11/><U37/><E37/><V95/><F95/><W118/><G118/><T5/><D64/><U54/><E54/><V24/><F10/><W49/><G92/><T48/><D94/><U97/><E113/><RYUUKYOKU ba="0,0" sc="514,-10,158,-10,55,30,273,-10" hai2="2,18,23,24,27,31,33,43,45,50,69,70,71" owari="504,60.4,148,-25.2,85,-41.5,263,6.3" /></mjloggm>