<mjloggm ver="2.3"><GO type="169" lobby="0"/><UN n0="%E3%81%95%E3%81%8F%E3%82%88%E3%81%93%E3%81%A1%E3%82%83%E3%82%93" n1="%58%4B%58%54%4C%50" n2="%E3%81%A1%E3%82%83%E3%82%8B%E3%82%81%E3%82%89" n3="%E2%97%8E%E3%82%88%E3%81%97%E2%97%8E" dan="16,16,17,17" rate="2084.98,2081.17,2166.73,2173.28" sx="F,M,M,M"/><TAIKYOKU oya="0"/><INIT seed="0,0,0,1,3,91" ten="250,250,250,250" oya="0" hai0="8,3,130,28,27,78,38,134,5,34,53,111,46" hai1="24,126,59,124,63,1,97,44,13,119,68,127,92" hai2="102,86,36,125,109,96,93,131,132,104,83,60,77" hai3="2,22,71,61,56,29,16,14,99,110,11,85,121"/><T81/><D130/><U66/><E1/><V87/><F36/><W75/><G75/><T37/><D134/><U42/><E119/><V65/><F131/><W117/><G117/><T35/><D111/><U7/><E24/><V26/><F132/><W84/><G71/><T129/><D129/><U33/><E33/><V122/><F109/><W135/><G121/><T62/><D35/><U49/><E7/><V58/><F122/><W41/><G110/><T72/><D62/><U31/><E31/><V107/><F125/><W9/><G41/><T94/><D94/><U70/><REACH who="1" step="1"/><E13/><REACH who="1" ten="250,240,250,250" step="2"/><V120/><F120/><W54/><G135/><T133/><D133/><U67/><E67/><V30/><REACH who="2" step="1"/><F86/><REACH who="2" ten="250,240,240,250" step="2"/><W51/><G84/><T100/><D72/><U39/><E39/><V57/><F57/><W95/><G85/><T106/><D38/><U88/><AGARI ba="0,2" hai="42,44,49,59,63,66,68,70,88,92,97,124,126,127" machi="88" ten="30,8000,1" yaku="1,1,0,1,18,1,52,1,54,1,53,0" doraHai="91" doraHaiUra="98" who="1" fromWho="1" sc="250,-40,240,100,240,-20,250,-20" /><INIT seed="1,0,0,4,2,27" ten="210,340,220,230" oya="1" hai0="4,131,115,55,79,98,90,76,20,19,82,110,119" hai1="39,9,102,8,45,64,105,133,124,92,38,46,13" hai2="48,63,50,101,114,61,33,17,135,51,111,49,118" hai3="103,109,130,31,41,100,75,125,35,107,68,59,62"/><U40/><E105/><V18/><F118/><W121/><G75/><T24/><D115/><U73/><E73/><V52/><F114/><W93/><G121/><T83/><D119/><U23/><E124/><V134/><F33/><W25/><G125/><T54/><D110/><U30/><E133/><N who="2" m="50699" /><F101/><W128/><G109/><T44/><D131/><U66/><E39/><V22/><F111/><W108/><G108/><T122/><D122/><U60/><E46/><N who="2" m="27671" /><F18/><W74/><G74/><T126/><D126/><U70/><E66/><V87/><F87/><W7/><G107/><T120/><D120/><U85/><E85/><V58/><F58/><W88/><G68/><T57/><D4/><U26/><REACH who="1" step="1"/><E13/><AGARI ba="0,0" hai="13,17,22,49,50,51,61,63" m="27671,50699" machi="13" ten="30,2000,0" yaku="20,1,54,1" doraHai="27" who="2" fromWho="1" sc="210,0,340,-20,220,20,230,0" /><INIT seed="2,0,0,1,0,129" ten="210,320,240,230" oya="2" hai0="110,46,125,79,42,59,77,0,10,120,94,3,13" hai1="65,86,90,27,32,50,88,100,130,28,2,112,124" hai2="109,62,9,83,57,48,24,72,103,99,74,6,14" hai3="97,134,36,63,80,107,18,7,101,68,34,38,105"/><V25/><F109/><W43/><G107/><T45/><D120/><U55/><E112/><V4/><F4/><W26/><G7/><T98/><D110/><U8/><E130/><V51/><F74/><W35/><G35/><T82/><D59/><U116/><E116/><V119/><F83/><W61/><G61/><T56/><D56/><U60/><E100/><V123/><F72/><W31/><G18/><T117/><D79/><U122/><E122/><V133/><F123/><W91/><G43/><T58/><D58/><U69/><E124/><V54/><F133/><W85/><REACH who="3" step="1"/><G134/><REACH who="3" ten="210,320,240,220" step="2"/><T39/><D125/><U12/><E2/><V78/><F119/><W93/><G93/><T126/><D126/><U41/><E41/><V118/><F118/><W75/><G75/><T113/><D117/><U108/><E108/><V64/><F78/><W20/><G20/><T71/><D113/><U29/><E28/><V106/><REACH who="2" step="1"/><F51/><REACH who="2" ten="210,320,230,220" step="2"/><W66/><AGARI ba="0,2" hai="26,31,34,36,38,63,66,68,80,85,91,97,101,105" machi="66" ten="30,8000,1" yaku="1,1,0,1,25,2,53,1" doraHai="129" doraHaiUra="30" who="3" fromWho="3" sc="210,-20,320,-20,230,-40,220,100" /><INIT seed="3,0,0,2,1,110" ten="190,300,190,320" oya="3" hai0="56,9,25,53,128,26,30,112,77,15,74,100,1" hai1="109,19,67,55,23,120,34,119,88,132,75,64,6" hai2="125,131,133,94,115,60,84,95,87,82,22,80,5" hai3="89,24,61,135,31,57,38,78,101,21,3,70,98"/><W13/><G135/><T116/><D116/><U66/><E109/><V106/><F5/><W7/><G38/><T54/><D128/><U73/><E34/><V43/><F43/><W17/><G70/><T113/><D1/><U122/><E6/><V27/><F106/><W99/><G78/><T118/><D118/><U46/><E119/><V103/><F131/><W96/><G89/><T111/><D111/><U83/><E132/><V97/><F125/><W123/><G123/><T20/><D100/><U51/><E75/><V81/><F115/><N who="0" m="44106" /><D56/><U32/><E32/><V35/><F35/><W105/><G7/><N who="0" m="3519" /><D26/><U4/><E4/><V129/><F129/><W108/><G3/><T130/><D130/><U0/><E0/><V47/><F133/><W121/><G121/><T45/><D45/><U48/><E122/><V33/><F33/><W90/><G108/><T79/><D79/><U16/><E46/><V18/><F95/><W69/><G69/><T65/><D65/><U102/><E66/><V40/><REACH who="2" step="1"/><F60/><REACH who="2" ten="190,300,180,320" step="2"/><W93/><G105/><T85/><D74/><U10/><E73/><V58/><F58/><W37/><G101/><T92/><D92/><U117/><E102/><V91/><F91/><W49/><G90/><T68/><D68/><U39/><E88/><V36/><AGARI ba="0,1" hai="18,22,27,36,40,47,80,81,82,84,87,94,97,103" machi="36" ten="30,4000,0" yaku="1,1,0,1,53,1" doraHai="110" doraHaiUra="71" who="2" fromWho="2" sc="190,-10,300,-10,180,50,320,-20" /><INIT seed="4,0,0,5,4,96" ten="180,290,230,300" oya="0" hai0="135,11,62,38,3,130,16,4,21,64,98,63,28" hai1="77,51,8,90,42,27,17,69,103,0,113,22,83" hai2="44,65,33,76,70,118,133,79,31,86,127,29,89" hai3="57,5,6,56,110,129,95,49,132,94,54,50,20"/><T37/><D130/><U30/><E69/><V72/><F72/><W97/><G129/><T26/><D135/><U23/><E113/><V87/><F133/><W39/><G132/><T66/><D98/><U15/><E90/><V128/><F128/><W91/><G39/><T126/><D126/><U104/><E0/><V59/><F70/><W99/><G20/><T46/><D46/><U10/><E104/><V93/><F127/><W119/><G110/><T100/><D100/><U85/><E103/><V106/><F106/><W12/><G12/><T124/><D124/><U18/><E30/><V9/><F33/><W68/><G68/><T24/><D63/><U7/><E7/><V120/><F120/><W32/><G32/><T61/><D61/><U60/><E60/><N who="2" m="38047" /><F9/><W1/><G1/><T58/><REACH who="0" step="1"/><D66/><REACH who="0" ten="170,290,230,300" step="2"/><U48/><E42/><V131/><F131/><W123/><G123/><T45/><D45/><U121/><E121/><V47/><F118/><W19/><G119/><T105/><D105/><U78/><E51/><V74/><F47/><W101/><G50/><T14/><D14/><U43/><E43/><V67/><F44/><W92/><G49/><T84/><D84/><U112/><E48/><V114/><F67/><W73/><G99/><T34/><AGARI ba="0,1" hai="3,4,11,16,21,24,26,28,34,37,38,58,62,64" machi="34" ten="20,7800,0" yaku="1,1,0,1,7,1,54,1,53,0" doraHai="96" doraHaiUra="122" who="0" fromWho="0" sc="170,88,290,-26,230,-26,300,-26" /><INIT seed="4,1,0,4,4,96" ten="258,264,204,274" oya="0" hai0="89,12,64,112,27,98,101,61,30,114,78,54,117" hai1="45,118,23,94,81,79,56,83,70,0,75,53,48" hai2="106,127,55,3,134,131,92,8,97,20,104,10,46" hai3="26,62,4,1,115,130,108,63,34,6,66,18,100"/><T38/><D117/><U24/><E118/><V13/><F127/><W17/><G108/><T102/><D38/><U52/><E70/><V43/><F131/><W11/><G130/><T110/><D110/><U80/><E0/><V93/><F134/><W36/><G36/><T15/><D54/><U68/><E68/><V37/><F20/><W85/><G115/><N who="0" m="44075" /><D78/><U25/><E94/><V28/><F92/><W59/><G4/><T2/><D2/><U105/><E105/><V129/><F28/><W86/><G63/><T19/><D89/><U95/><E95/><V82/><F82/><W126/><G126/><T125/><D98/><U29/><REACH who="1" step="1"/><E25/><REACH who="1" ten="258,254,204,274" step="2"/><V88/><F129/><W33/><G26/><T9/><D125/><U74/><E74/><V121/><F121/><W60/><G1/><T119/><D119/><U120/><E120/><V47/><F3/><W67/><G67/><T7/><D15/><U41/><E41/><V133/><F133/><W128/><G66/><T71/><D7/><U116/><E116/><V51/><REACH who="2" step="1"/><F8/><REACH who="2" ten="258,254,194,274" step="2"/><W32/><G11/><T21/><AGARI ba="1,2" hai="9,12,19,21,27,30,61,64,71,101,102" m="44075" machi="21" ten="30,6000,0" yaku="15,1,52,2" doraHai="96" who="0" fromWho="0" sc="258,83,254,-21,194,-21,274,-21" /><INIT seed="4,2,0,2,0,58" ten="341,233,173,253" oya="0" hai0="9,88,65,103,14,92,85,90,135,3,68,30,18" hai1="40,54,42,16,93,120,24,44,41,114,11,109,8" hai2="1,38,60,2,102,84,49,48,83,33,128,55,36" hai3="116,89,118,43,28,111,32,71,13,57,122,22,110"/><T132/><D3/><U61/><E109/><N who="3" m="41482" /><G71/><T94/><D103/><U31/><E120/><V79/><F33/><W99/><G43/><T5/><D30/><U21/><E114/><V105/><F128/><W26/><G57/><T4/><D65/><U35/><E93/><V123/><F123/><W63/><G63/><T70/><D70/><U91/><E91/><V104/><F1/><W77/><G77/><T124/><D68/><U37/><E37/><V12/><F2/><W119/><G99/><N who="0" m="57735" /><D124/><U97/><E97/><V67/><F38/><W115/><G89/><T17/><D17/><U125/><E125/><V107/><F36/><W62/><G62/><T78/><D78/><U72/><E72/><V86/><F102/><W117/><G122/><T19/><D19/><U10/><E61/><V133/><F86/><W101/><G101/><T47/><D47/><U96/><E96/><V106/><F107/><W53/><G119/><T134/><AGARI ba="2,0" hai="4,5,9,14,18,85,90,94,132,134,135" m="57735" machi="134" ten="30,3000,0" yaku="20,1,54,1" doraHai="58" who="0" fromWho="0" sc="341,36,233,-12,173,-12,253,-12" /><INIT seed="4,3,0,1,3,43" ten="377,221,161,241" oya="0" hai0="2,23,69,3,128,46,92,25,54,28,85,94,26" hai1="13,118,123,39,86,133,125,82,68,78,0,6,14" hai2="11,63,18,53,27,115,95,134,10,1,19,37,21" hai3="55,41,108,51,29,90,35,31,64,61,22,32,12"/><T88/><D69/><U76/><E118/><V40/><F115/><W122/><G108/><T30/><D128/><U50/><E123/><V8/><F1/><W42/><G122/><T83/><D2/><U4/><E39/><V98/><F134/><W131/><G131/><T91/><D3/><U44/><E68/><V81/><F81/><W132/><G132/><T117/><D117/><U48/><E125/><V52/><F19/><N who="3" m="10599" /><G32/><T58/><D91/><N who="1" m="51671" /><E50/><V124/><F124/><W129/><G35/><T38/><D38/><U101/><E101/><V135/><F135/><W104/><G104/><T60/><REACH who="0" step="1"/><D46/><REACH who="0" ten="367,221,161,241" step="2"/><U36/><E36/><V67/><F37/><W66/><G90/><T75/><D75/><U93/><E0/><V111/><F111/><W47/><G129/><T105/><D105/><U65/><E44/><V97/><F40/><W121/><G121/><T130/><D130/><U7/><E133/><V59/><REACH who="2" step="1"/><F98/><REACH who="2" ten="367,221,151,241" step="2"/><W15/><G42/><T62/><D62/><U96/><E96/><V79/><F79/><W100/><G41/><T20/><AGARI ba="3,2" hai="20,23,25,26,28,30,54,58,60,83,85,88,92,94" machi="20" ten="20,24000,3" yaku="1,1,0,1,7,1,9,1,8,1,54,1,53,2" doraHai="43" doraHaiUra="17" who="0" fromWho="0" sc="367,269,221,-83,151,-83,241,-83" /><INIT seed="4,4,0,5,1,115" ten="636,138,68,158" oya="0" hai0="57,20,5,38,25,0,112,91,80,28,19,18,4" hai1="78,99,108,110,70,50,121,12,97,59,10,56,16" hai2="49,114,45,105,134,86,132,8,122,24,43,117,120" hai3="2,126,100,94,15,96,62,111,23,11,74,58,116"/><T60/><D38/><U79/><E121/><V92/><F105/><W129/><G111/><T34/><D112/><U63/><E70/><V104/><F104/><W125/><G74/><T1/><D1/><U14/><E108/><V124/><F114/><W109/><G109/><T87/><D0/><U85/><E110/><V35/><F8/><W41/><G2/><T76/><D76/><N who="1" m="29227" /><E85/><V64/><F64/><N who="3" m="38999" /><G23/><T17/><REACH who="0" step="1"/><D34/><REACH who="0" ten="626,138,68,158" step="2"/><U128/><E128/><V26/><F122/><W127/><G129/><T106/><D106/><U22/><E50/><V13/><F120/><W3/><G3/><T65/><AGARI ba="4,1" hai="4,5,17,18,19,20,25,28,57,60,65,80,87,91" machi="65" ten="30,11700,0" yaku="1,1,0,1,8,1,53,1" doraHai="115" doraHaiUra="77" who="0" fromWho="0" sc="626,139,138,-43,68,-43,158,-43" /><INIT seed="4,5,0,4,2,54" ten="765,95,25,115" oya="0" hai0="34,78,102,86,72,118,105,113,3,12,60,79,67" hai1="106,134,107,19,127,116,26,37,81,112,55,41,10" hai2="76,61,51,36,59,128,74,6,88,57,16,23,49" hai3="44,115,119,18,62,104,91,97,121,7,27,68,83"/><T32/><D118/><U90/><E116/><V30/><F36/><W92/><G115/><T64/><D3/><U109/><E109/><V43/><F74/><W21/><G104/><T0/><D0/><U40/><E127/><V28/><F76/><W31/><G121/><T77/><D72/><U111/><E111/><V130/><F6/><W29/><G7/><T122/><D122/><U117/><E117/><V71/><F71/><W33/><G33/><T126/><D126/><U98/><E37/><V45/><F51/><W96/><G119/><T1/><D1/><U125/><E106/><V35/><F61/><W22/><G96/><T82/><D67/><U58/><E125/><V20/><F35/><W11/><G11/><T38/><D38/><U42/><E134/><V85/><F130/><W50/><G83/><T124/><D113/><U13/><E26/><N who="2" m="16455" /><F30/><W131/><G131/><T101/><D12/><U94/><E112/><V80/><F128/><W24/><G62/><T129/><D129/><U25/><E25/><AGARI ba="5,0" hai="16,23,25,43,45,49,57,59,80,85,88" m="16455" machi="25" ten="30,8000,1" yaku="8,1,52,2,54,2" doraHai="54" who="2" fromWho="1" sc="765,0,95,-95,25,95,115,0" /><INIT seed="5,0,0,5,0,125" ten="765,0,120,115" oya="1" hai0="96,111,30,127,48,60,130,19,44,62,112,8,13" hai1="16,102,117,90,131,28,87,88,38,64,122,63,72" hai2="0,107,31,113,47,70,2,93,126,54,52,57,26" hai3="135,121,5,22,134,101,37,84,29,34,7,51,79"/><U35/><E122/><V77/><F107/><W115/><G37/><T104/><D111/><U40/><E117/><V12/><F70/><W89/><G34/><T119/><D119/><U114/><E72/><V120/><F120/><W116/><G121/><T129/><D127/><U124/><E124/><V55/><F126/><W67/><G79/><T83/><D83/><U105/><E114/><V46/><F77/><W21/><G115/><T106/><D30/><U58/><E131/><N who="0" m="50185" /><D112/><U61/><E40/><V74/><F74/><W128/><G101/><N who="0" m="62503" /><D106/><U108/><E38/><V98/><F113/><W3/><G29/><T24/><D24/><N who="1" m="18823" /><E87/><V99/><F26/><W14/><G84/><T18/><D18/><U133/><E133/><V97/><F31/><W43/><G116/><T132/><D132/><U86/><E86/><V45/><F93/><W80/><G128/><T36/><D36/><U71/><E16/><V82/><F82/><W73/><G80/><T41/><AGARI ba="0,0" hai="8,13,19,41,44,48,60,62" m="62503,50185" machi="41" ten="30,7900,0" yaku="19,1,52,3" doraHai="125" who="0" fromWho="0" sc="765,79,0,-39,120,-20,115,-20" owari="844,94.4,-39,-53.9,100,-10.0,95,-30.5" /></mjloggm>