<mjloggm ver="2.3"><GO type="169" lobby="0"/><UN n0="%E8%8F%85%E7%94%B0%E5%B0%86%E6%9A%89%28%E5%81%BD%E7%89%A9%29" n1="%53%69%6C%65%6E%54" n2="%E8%A1%A8%E7%A4%BA%E4%BE%A1%E6%A0%BC%E3%82%88%E3%82%8A%E5%8D%8A%E9%A1%8D" n3="%E2%97%8E%E3%82%88%E3%81%97%E2%97%8E" dan="16,16,16,17" rate="2144.32,2163.58,2078.66,2194.68" sx="M,F,M,M"/><TAIKYOKU oya="0"/><INIT seed="0,0,0,0,3,109" ten="250,250,250,250" oya="0" hai0="117,91,47,134,101,22,17,30,126,114,132,16,94" hai1="63,52,135,12,62,0,43,7,131,85,10,86,115" hai2="72,20,95,38,71,34,19,51,83,31,40,116,58" hai3="123,54,88,64,15,122,128,133,42,80,82,106,55"/><T26/><D117/><U90/><E135/><N who="0" m="51753" /><D101/><U24/><E131/><V69/><F116/><W130/><G106/><T113/><D47/><U111/><E111/><V112/><F112/><N who="0" m="43114" /><D126/><U84/><E43/><V118/><F118/><W105/><G42/><T120/><D120/><U96/><E115/><V49/><F38/><W129/><G105/><T98/><AGARI ba="0,0" hai="16,17,22,26,30,91,94,98" m="43114,51753" machi="98" ten="30,12000,1" yaku="20,1,52,3,54,1" doraHai="109" who="0" fromWho="0" sc="250,120,250,-40,250,-40,250,-40" /><INIT seed="0,1,0,3,2,50" ten="370,210,210,210" oya="0" hai0="23,65,49,21,63,117,79,22,17,67,5,48,111" hai1="2,107,133,121,32,77,122,71,41,74,10,106,105" hai2="19,59,58,26,7,130,60,94,76,90,75,55,93" hai3="115,40,24,31,127,91,47,56,92,89,84,73,98"/><T95/><D117/><U83/><E133/><V12/><F130/><W86/><G127/><T113/><D113/><U8/><E8/><V9/><F75/><W62/><G73/><T109/><D79/><U126/><E126/><V78/><F93/><W87/><G115/><T3/><D17/><U82/><E82/><V64/><F26/><W61/><G91/><T30/><D30/><U131/><E131/><V114/><F114/><W52/><G61/><T13/><D3/><U51/><E71/><V54/><F64/><N who="0" m="24650" /><D95/><U44/><E32/><V134/><F134/><W101/><G101/><T36/><D36/><U38/><REACH who="1" step="1"/><E51/><REACH who="1" ten="370,200,210,210" step="2"/><V100/><F7/><AGARI ba="1,1" hai="2,7,10,38,41,44,74,77,83,105,106,107,121,122" machi="7" ten="40,12000,2" yaku="1,1,2,1,25,2,23,2,53,0" doraHai="50" doraHaiUra="97" who="1" fromWho="2" sc="370,0,200,133,210,-123,210,0" /><INIT seed="1,0,0,4,2,57" ten="370,333,87,210" oya="1" hai0="68,22,124,96,40,82,24,108,9,111,32,15,23" hai1="35,28,84,10,99,37,75,51,33,125,93,64,135" hai2="30,119,88,105,31,95,6,14,98,86,110,12,42" hai3="80,43,74,123,34,5,11,53,46,97,3,87,132"/><U60/><E37/><V62/><F110/><N who="0" m="42026" /><D40/><U58/><E75/><V113/><F113/><W0/><G132/><T122/><D68/><U91/><E135/><V130/><F119/><W102/><G123/><T129/><D96/><U18/><E125/><V19/><F130/><W63/><G34/><T1/><D82/><U79/><E51/><V52/><F42/><W115/><G115/><T94/><D94/><U61/><E28/><V121/><F105/><W44/><G74/><T59/><D59/><N who="1" m="36895" /><E35/><V78/><F121/><W38/><G46/><T67/><D67/><N who="1" m="39351" /><E33/><V118/><F118/><W4/><G53/><T103/><D103/><U114/><E114/><V66/><F6/><W69/><G69/><T20/><D122/><U71/><E71/><V25/><F78/><W29/><G29/><N who="0" m="19495" /><D124/><U48/><E48/><V39/><F31/><W21/><G38/><T76/><D76/><U17/><E10/><V85/><F39/><W131/><G11/><T116/><D116/><U77/><E77/><V2/><F2/><W104/><G3/><T65/><D65/><U106/><E106/><V133/><F66/><W36/><G0/><T47/><D47/><U50/><E50/><V72/><F72/><W49/><G36/><T70/><D70/><U7/><E7/><V90/><F133/><W55/><G5/><N who="0" m="1199" /><D129/><U134/><E134/><V45/><F98/><W83/><G131/><T41/><D41/><U120/><E120/><V26/><F30/><W107/><G43/><T56/><D56/><U73/><E73/><V127/><F127/><W54/><G104/><T112/><D112/><RYUUKYOKU ba="0,0" sc="370,15,333,15,87,-15,210,-15" hai0="15,20,22,23" hai1="17,18,79,84,91,93,99" /><INIT seed="1,1,0,1,5,133" ten="385,348,72,195" oya="1" hai0="15,26,49,38,5,79,87,22,6,12,44,18,105" hai1="42,103,77,16,99,24,84,27,48,51,120,116,23" hai2="9,96,129,94,124,128,76,2,70,74,86,121,82" hai3="90,63,60,68,108,80,102,95,3,4,104,14,50"/><U19/><E116/><V91/><F70/><W72/><G3/><T17/><D105/><U117/><E120/><V119/><F2/><W45/><G108/><T75/><D75/><U125/><E117/><V113/><F9/><W33/><G33/><T89/><D38/><U115/><E115/><V41/><F41/><W93/><G68/><T43/><D79/><U32/><E42/><V85/><F119/><W78/><G95/><T135/><D135/><U88/><E77/><V112/><F121/><W52/><G4/><T118/><D118/><U131/><E131/><N who="2" m="50251" /><F124/><W39/><G14/><N who="0" m="5163" /><D17/><U92/><E125/><V36/><F36/><W30/><G30/><T65/><D65/><U54/><E54/><V58/><F58/><W7/><G7/><T34/><D34/><U62/><E62/><V67/><F67/><W132/><G39/><T109/><D109/><U73/><E73/><V101/><F101/><W0/><G0/><T64/><D64/><U13/><E32/><V8/><F8/><W69/><G69/><T1/><D1/><U122/><E122/><V40/><F40/><W29/><G29/><T110/><D110/><U123/><E123/><V127/><F127/><W83/><G132/><T37/><D37/><U114/><E114/><AGARI ba="1,0" hai="74,76,82,85,86,91,94,96,112,113,114" m="50251" machi="114" ten="30,7700,0" yaku="11,1,19,1,34,2" doraHai="133" who="2" fromWho="1" sc="385,0,348,-80,72,80,195,0" /><INIT seed="2,0,0,0,1,73" ten="385,268,152,195" oya="2" hai0="84,88,62,49,134,16,107,33,12,44,61,2,86" hai1="116,57,90,119,112,27,26,63,37,103,19,133,47" hai2="124,17,72,98,71,0,31,109,132,50,129,38,41" hai3="122,15,95,30,111,113,83,89,100,104,77,36,64"/><V108/><F71/><W115/><G36/><T20/><D134/><U92/><E112/><N who="3" m="43082" /><G64/><T118/><D118/><U121/><E121/><V55/><F0/><W7/><G30/><T40/><D2/><U70/><E70/><V79/><F132/><W51/><G51/><T18/><D33/><U93/><E133/><V82/><F31/><W10/><G122/><T131/><D107/><U126/><E126/><V96/><F129/><W58/><G58/><T56/><D131/><U32/><E32/><V1/><F1/><W52/><G111/><N who="2" m="42569" /><F124/><W80/><G104/><T106/><D106/><U114/><E114/><V127/><F127/><W43/><G43/><T85/><D18/><U102/><E19/><V60/><F60/><N who="0" m="23146" /><D56/><U28/><E57/><N who="2" m="33015" /><F17/><W65/><G65/><T9/><D20/><U110/><E63/><V59/><F59/><W45/><G7/><T125/><D125/><U22/><E110/><V34/><F34/><W68/><G68/><T6/><D6/><U48/><E28/><V78/><F78/><W117/><G77/><T23/><D23/><U120/><E22/><V99/><F99/><W13/><G10/><T135/><D135/><U128/><E128/><V24/><F24/><W101/><G117/><T5/><D5/><U42/><E119/><V76/><F76/><W53/><G13/><T81/><AGARI ba="0,0" hai="9,12,16,40,44,49,81,84,85,86,88" m="23146" machi="81" ten="30,4000,0" yaku="8,1,54,2" doraHai="73" who="0" fromWho="0" sc="385,40,268,-10,152,-20,195,-10" /><INIT seed="3,0,0,1,1,103" ten="425,258,132,185" oya="3" hai0="50,114,21,42,9,77,119,78,54,47,46,52,133" hai1="8,13,131,17,116,60,100,105,126,98,12,93,29" hai2="79,89,65,113,40,43,118,11,112,32,67,59,128" hai3="24,14,22,87,102,1,28,10,23,19,95,57,49"/><W74/><G74/><T33/><D119/><U69/><E116/><V64/><F32/><W107/><G87/><T20/><D33/><U122/><E122/><V7/><F79/><W38/><G38/><T30/><D133/><U90/><E131/><V99/><F118/><W68/><G68/><T26/><D114/><U75/><E126/><V18/><F128/><W134/><G95/><T109/><D109/><U124/><E124/><V104/><F113/><W110/><G134/><T55/><D46/><U86/><E29/><V72/><F72/><W25/><G110/><T15/><REACH who="0" step="1"/><D20/><REACH who="0" ten="415,258,132,185" step="2"/><U117/><E117/><V70/><F112/><W111/><G111/><T36/><D36/><U45/><E45/><V85/><F70/><W16/><G1/><T73/><D73/><U51/><E75/><V76/><F59/><W106/><REACH who="3" step="1"/><G102/><REACH who="3" ten="415,258,132,175" step="2"/><T31/><D31/><U84/><E69/><V94/><F43/><W0/><G0/><T27/><D27/><U108/><E108/><V123/><F40/><W39/><G39/><T3/><D3/><U61/><E100/><V44/><F123/><W91/><G91/><T83/><D83/><U2/><E2/><V88/><F89/><W4/><G4/><T129/><D129/><U121/><BYE who="0" /><E121/><UN n0="%E8%8F%85%E7%94%B0%E5%B0%86%E6%9A%89%28%E5%81%BD%E7%89%A9%29" /><V58/><F7/><W97/><G97/><T5/><AGARI ba="0,2" hai="5,9,15,21,26,30,42,47,50,52,54,55,77,78" machi="5" ten="30,7900,0" yaku="1,1,0,1,8,1,54,1,53,0" doraHai="103" doraHaiUra="101" who="0" fromWho="0" sc="415,99,258,-20,132,-20,175,-39" /><INIT seed="4,0,0,1,1,93" ten="514,238,112,136" oya="0" hai0="5,29,130,125,81,15,6,43,107,89,45,67,91" hai1="49,98,117,7,69,53,66,10,64,131,32,111,59" hai2="18,11,77,96,51,36,135,118,73,23,78,58,19" hai3="63,16,47,41,52,90,54,25,42,12,68,129,9"/><T86/><D130/><U134/><E131/><V100/><F36/><W13/><G129/><T103/><D125/><U70/><E32/><V85/><F135/><W104/><G104/><T57/><D29/><U44/><E117/><V14/><F118/><W71/><G25/><T50/><D15/><U105/><E111/><V46/><F58/><W92/><G13/><T102/><D89/><U80/><E80/><V114/><F85/><W48/><G41/><T27/><D27/><U31/><E31/><V95/><F73/><W87/><REACH who="3" step="1"/><G63/><REACH who="3" ten="514,238,112,126" step="2"/><N who="0" m="38383" /><D107/><U33/><E105/><V83/><F114/><W24/><G24/><T28/><D28/><U88/><E134/><V127/><F127/><W109/><G109/><T99/><D43/><U60/><E33/><V119/><F119/><W128/><G128/><T61/><D61/><U40/><E40/><N who="2" m="25031" /><F83/><W76/><G76/><T108/><D81/><U8/><E60/><V75/><F75/><W38/><G38/><T2/><D108/><U82/><E82/><V106/><F106/><W0/><G0/><T72/><D2/><U132/><E132/><V39/><F39/><W37/><G37/><T110/><D72/><U56/><E69/><AGARI ba="0,1" hai="9,12,16,42,47,48,52,54,68,69,71,87,90,92" machi="69" ten="40,5200,0" yaku="1,1,54,2,53,0" doraHai="93" doraHaiUra="79" who="3" fromWho="1" sc="514,0,238,-52,112,0,126,62" /><INIT seed="5,0,0,4,1,20" ten="514,186,112,188" oya="1" hai0="4,18,135,126,108,7,1,121,9,115,110,43,24" hai1="63,129,89,62,94,128,13,83,127,28,105,92,87" hai2="73,101,114,133,41,76,96,124,14,32,99,106,58" hai3="48,31,72,53,122,59,8,19,132,21,77,0,130"/><U118/><E118/><V52/><F32/><W80/><G122/><T6/><D43/><U79/><E105/><V117/><F117/><W39/><G130/><N who="1" m="50282" /><E127/><V42/><F124/><W112/><G132/><T116/><D116/><U36/><E36/><V131/><F131/><W91/><G112/><T40/><D40/><U134/><E134/><V123/><F133/><W15/><G39/><T81/><D126/><U78/><E28/><V71/><F71/><W11/><G0/><T3/><D135/><U88/><E13/><V61/><F123/><W16/><G31/><T27/><D81/><N who="1" m="47543" /><E62/><V23/><F114/><W12/><G91/><N who="1" m="34890" /><E63/><V86/><F23/><AGARI ba="0,0" hai="8,11,12,15,16,19,21,23,48,53,59,72,77,80" machi="23" ten="30,3900,0" yaku="7,1,9,1,54,1" doraHai="20" who="3" fromWho="2" sc="514,0,186,0,112,-39,188,39" /><INIT seed="6,0,0,4,0,35" ten="514,186,73,227" oya="2" hai0="125,17,42,83,106,41,79,124,22,30,128,101,117" hai1="76,114,13,12,50,46,91,99,59,23,115,96,97" hai2="72,109,98,88,129,4,64,92,100,0,51,1,84" hai3="29,16,95,131,14,19,7,48,78,105,9,118,126"/><V68/><F129/><W82/><G105/><T71/><D71/><U3/><E3/><V102/><F72/><W10/><G118/><T31/><D128/><U56/><E76/><V74/><F4/><W75/><G126/><N who="0" m="48747" /><D117/><U54/><E91/><V80/><F102/><W61/><G29/><N who="0" m="10763" /><D106/><U6/><E6/><V103/><F103/><W32/><G32/><T121/><D121/><U108/><E108/><V38/><F38/><W15/><G61/><T5/><D5/><U27/><E59/><V63/><F74/><W49/><G131/><T116/><D116/><U134/><BYE who="0" /><E134/><V107/><F109/><W120/><G120/><T33/><D33/><U94/><E94/><V21/><F107/><W87/><REACH who="3" step="1"/><G7/><REACH who="3" ten="514,186,73,217" step="2"/><T44/><D44/><U89/><E46/><V69/><F69/><W86/><G86/><T8/><D8/><U36/><E97/><V90/><F21/><W73/><G73/><T132/><D132/><U130/><E96/><V81/><F51/><W39/><G39/><T53/><D53/><U40/><E36/><V77/><F77/><W119/><G119/><T93/><D93/><N who="1" m="56751" /><E130/><V60/><F60/><W85/><G85/><AGARI ba="0,1" hai="0,1,63,64,68,80,81,84,85,88,90,92,98,100" machi="85" ten="40,12000,1" yaku="9,1,52,2,54,1" doraHai="35" who="2" fromWho="3" sc="514,0,186,0,73,130,217,-120" /><INIT seed="6,1,0,4,4,90" ten="514,186,203,97" oya="2" hai0="17,48,18,63,85,66,96,47,123,122,19,52,70" hai1="0,35,76,15,107,62,6,31,27,75,130,2,40" hai2="116,68,59,104,58,38,124,36,111,9,100,50,53" hai3="73,74,26,79,118,126,61,1,28,132,83,92,120"/><V32/><F32/><W43/><G120/><T42/><D42/><U77/><E107/><V91/><F116/><W49/><G118/><T106/><D106/><U51/><E130/><V134/><F68/><W109/><G109/><T8/><D8/><U105/><E105/><V21/><F111/><W112/><G112/><T97/><D97/><U80/><E76/><V135/><F104/><W64/><G1/><T29/><D29/><U37/><E62/><V44/><F100/><W71/><G126/><T3/><D3/><U11/><E37/><N who="2" m="14443" /><F91/><W82/><G132/><N who="2" m="50729" /><F21/><W78/><G43/><T65/><D65/><U54/><REACH who="1" step="1"/><E40/><REACH who="1" ten="514,176,203,97" step="2"/><N who="2" m="24839" /><F124/><W127/><G127/><T110/><D110/><U22/><E22/><V133/><F9/><W86/><G49/><T4/><D4/><U129/><E129/><V14/><F133/><W20/><REACH who="3" step="1"/><G92/><REACH who="3" ten="514,176,203,87" step="2"/><T33/><D33/><U41/><E41/><V12/><F58/><AGARI ba="1,2" hai="0,2,6,11,15,27,31,35,51,54,58,75,77,80" machi="58" ten="30,2000,0" yaku="1,1,7,1,53,0" doraHai="90" doraHaiUra="115" who="1" fromWho="2" sc="514,0,176,43,203,-23,87,0" /><UN n0="%E8%8F%85%E7%94%B0%E5%B0%86%E6%9A%89%28%E5%81%BD%E7%89%A9%29" /><INIT seed="7,0,0,2,3,11" ten="514,219,180,87" oya="3" hai0="16,102,80,95,129,121,96,69,127,30,74,76,15" hai1="49,40,27,134,104,42,92,20,34,43,88,2,73" hai2="90,39,79,25,67,115,122,125,107,12,116,41,113" hai3="22,70,26,110,97,65,48,98,105,6,38,31,135"/><W131/><G38/><T33/><D121/><U32/><E73/><V72/><F107/><W71/><G105/><T23/><D69/><U58/><E2/><V5/><F116/><W10/><G131/><T78/><D129/><U117/><E134/><V99/><F122/><W63/><G135/><T124/><D33/><U81/><E81/><N who="2" m="45287" /><F67/><W36/><G36/><T64/><D64/><U132/><E32/><V28/><F41/><W19/><G110/><T29/><D76/><U83/><E83/><V89/><F39/><W14/><G71/><T106/><D106/><U101/><E34/><V85/><F125/><AGARI ba="0,0" hai="15,16,23,29,30,74,78,80,95,96,102,124,125,127" machi="125" ten="40,5200,0" yaku="18,1,52,1,54,1" doraHai="11" who="0" fromWho="2" sc="514,52,219,0,180,-52,87,0" owari="566,66.6,219,1.9,128,-27.2,87,-41.3" /></mjloggm>