<mjloggm ver="2.3"><GO type="225" lobby="0"/><UN n0="%E7%99%BD%E5%80%89%E5%AF%9B%E4%B9%8B" n1="%E6%98%93%E5%88%A9%E8%96%A9%E4%BC%AF" n2="%6C%61%6D%62" n3="%E3%81%99%E3%81%84%E3%81%BE%E3%81%9B%E3%83%BC%E3%82%93" dan="16,17,16,18" rate="2156.63,2187.28,2260.34,2209.48" sx="M,F,M,M"/><TAIKYOKU oya="0"/><INIT seed="0,0,0,2,0,1" ten="250,250,250,250" oya="0" hai0="51,31,110,118,47,95,55,122,36,64,39,104,9" hai1="27,113,90,58,134,7,107,76,116,85,128,2,125" hai2="108,20,123,8,60,11,120,57,45,94,6,86,100" hai3="37,80,53,44,33,133,17,30,50,0,97,10,48"/><T78/><D104/><U106/><E116/><V23/><F108/><W15/><G133/><T89/><D118/><U101/><E134/><V74/><F74/><W63/><G37/><T65/><D122/><U29/><E76/><V114/><F114/><W77/><G0/><T61/><D110/><U135/><E135/><V38/><F38/><W14/><G30/><T40/><D78/><U103/><E128/><V115/><F115/><W22/><G33/><T87/><D31/><U111/><E125/><V105/><F105/><W49/><G97/><T92/><D65/><U70/><E70/><V32/><F32/><W88/><G63/><T5/><D92/><U35/><E107/><V24/><F45/><W54/><G54/><T19/><D19/><U98/><E103/><V83/><F20/><W126/><G126/><T84/><D84/><U75/><E75/><V69/><F94/><W21/><G21/><T68/><REACH who="0" step="1"/><D40/><REACH who="0" ten="240,250,250,250" step="2"/><U73/><E73/><V62/><F120/><W34/><G77/><T43/><D43/><U131/><E111/><V72/><F123/><W42/><G42/><T91/><D91/><U119/><E119/><V16/><F72/><W52/><G53/><T127/><D127/><U112/><E112/><V12/><F100/><W124/><G124/><T79/><D79/><U41/><E41/><V18/><F86/><N who="3" m="50247" /><G34/><T67/><D67/><U93/><E113/><V26/><F83/><W59/><G44/><T109/><D109/><U82/><E106/><V28/><F28/><W99/><G99/><T102/><D102/><U13/><E101/><V132/><F132/><RYUUKYOKU ba="0,1" sc="240,15,250,-15,250,-15,250,15" hai0="5,9,36,39,47,51,55,61,64,68,87,89,95" hai3="10,14,15,17,22,48,49,50,52,59" /><INIT seed="0,1,1,0,1,120" ten="255,235,235,265" oya="0" hai0="111,31,80,93,65,37,26,83,40,110,42,106,90" hai1="16,6,105,52,17,108,10,24,112,86,76,67,127" hai2="60,1,117,23,15,133,118,72,14,128,66,49,100" hai3="0,121,8,92,11,21,99,33,96,119,53,34,114"/><T132/><D106/><U113/><E105/><V81/><F1/><W101/><G114/><N who="1" m="44138" /><E67/><V82/><F133/><W58/><G119/><N who="2" m="45577" /><F128/><W78/><G121/><T69/><D132/><U122/><E122/><V36/><F36/><W50/><G78/><T123/><D123/><U3/><E127/><V2/><F2/><W115/><G115/><T54/><D54/><U131/><E131/><V85/><F100/><W5/><G11/><T62/><D80/><N who="1" m="47367" /><E24/><V32/><F32/><W109/><G109/><N who="0" m="41483" /><D83/><N who="2" m="31754" /><F85/><W38/><G96/><N who="0" m="57399" /><D37/><U25/><E108/><V125/><F125/><W102/><G38/><T124/><D124/><U79/><E79/><V94/><F94/><W74/><G92/><T107/><D107/><U12/><E3/><V48/><F72/><W89/><G74/><T73/><D73/><U4/><E52/><V71/><F49/><W70/><G50/><T87/><D87/><U95/><E95/><V29/><F48/><W84/><G84/><T64/><D65/><U46/><E46/><V129/><F129/><W51/><G53/><T7/><D7/><U59/><E59/><V116/><F116/><W47/><G58/><T98/><D98/><U61/><E61/><V41/><F60/><W68/><G99/><T27/><D27/><U57/><E57/><V75/><F75/><W56/><G56/><T18/><D18/><U19/><E6/><V28/><F66/><W97/><G97/><T130/><D130/><U30/><E4/><V63/><F63/><W22/><G5/><T45/><D45/><U44/><E44/><V43/><F14/><W104/><G104/><RYUUKYOKU ba="1,1" sc="255,15,235,15,235,-15,265,-15" hai0="26,31,40,42,62,64,69" hai1="10,12,16,17,19,25,30" /><INIT seed="0,2,1,4,3,55" ten="270,250,220,250" oya="0" hai0="8,78,75,69,3,27,131,127,109,50,25,11,13" hai1="49,93,17,4,58,94,83,22,111,21,73,97,121" hai2="68,132,46,96,59,99,37,41,120,106,33,88,92" hai3="34,124,29,76,26,79,43,60,24,134,6,23,56"/><T45/><D69/><U38/><E38/><V63/><F120/><W36/><G134/><T110/><D127/><U71/><E71/><V42/><F132/><W98/><G124/><T18/><D131/><U102/><E121/><V108/><F108/><N who="0" m="41578" /><D78/><U122/><E122/><V128/><F128/><W100/><G6/><N who="0" m="1119" /><D75/><U116/><E116/><V39/><F33/><W1/><G1/><T52/><AGARI ba="2,1" hai="11,13,18,25,27,45,50,52" m="1119,41578" machi="52" ten="30,6000,0" yaku="14,1,10,1,54,1" doraHai="55" who="0" fromWho="0" sc="270,76,250,-22,220,-22,250,-22" /><INIT seed="0,3,0,3,4,103" ten="346,228,198,228" oya="0" hai0="100,65,113,41,95,122,67,86,90,51,28,120,40" hai1="133,75,123,98,73,127,44,9,79,134,15,58,6" hai2="52,19,118,50,111,91,89,112,56,22,117,135,54" hai3="115,108,62,43,128,68,61,32,1,80,16,102,17"/><T39/><D39/><U94/><E123/><V107/><F112/><W59/><G115/><T88/><D113/><U23/><E127/><V106/><F111/><W5/><G108/><T49/><D100/><U93/><E44/><V72/><F72/><W11/><G128/><T7/><D28/><U13/><E94/><V21/><F135/><N who="1" m="51721" /><E79/><V82/><F54/><W124/><G32/><T57/><D7/><U125/><E125/><V114/><F114/><W70/><G124/><T55/><D120/><U76/><E76/><V18/><F82/><W60/><G43/><N who="0" m="16459" /><D122/><U25/><E58/><V129/><F129/><W36/><G59/><T131/><D131/><U99/><E15/><N who="2" m="9439" /><F91/><W2/><G2/><T110/><D110/><U105/><E105/><V46/><F89/><W116/><G36/><T74/><D74/><N who="1" m="28171" /><E93/><V12/><F56/><W24/><G80/><N who="0" m="49223" /><D51/><U48/><E48/><V132/><F132/><W126/><G126/><T96/><AGARI ba="3,0" hai="49,55,57,65,67,90,95,96" m="49223,16459" machi="96" ten="30,3000,0" yaku="8,1,54,1" doraHai="103" who="0" fromWho="0" sc="346,39,228,-13,198,-13,228,-13" /><INIT seed="0,4,0,4,4,103" ten="385,215,185,215" oya="0" hai0="68,76,89,85,94,124,50,101,79,66,96,62,78" hai1="60,126,125,133,39,46,19,112,111,48,131,5,17" hai2="10,13,25,28,55,73,43,8,34,18,47,123,115" hai3="35,42,129,74,23,3,109,95,82,63,71,16,58"/><T132/><D132/><U41/><E111/><V44/><F123/><W29/><G109/><T15/><D124/><N who="1" m="47723" /><E131/><V21/><F115/><W93/><G3/><T102/><D50/><U98/><E112/><V30/><F73/><W24/><G71/><T105/><D102/><U121/><E133/><V12/><F30/><W135/><G129/><T127/><D127/><U75/><E75/><V40/><F55/><W90/><G42/><N who="2" m="15913" /><F34/><W118/><G118/><T54/><D54/><U134/><E5/><AGARI ba="4,0" hai="5,8,10,12,13,18,21,25,28,44,47" m="15913" machi="5" ten="30,1000,0" yaku="8,1" doraHai="103" who="2" fromWho="1" sc="385,0,215,-22,185,22,215,0" /><INIT seed="1,0,0,0,5,20" ten="385,193,207,215" oya="1" hai0="83,126,71,0,108,4,48,88,35,128,89,62,16" hai1="68,55,129,100,5,1,36,111,41,25,31,79,65" hai2="75,72,101,49,115,2,73,119,47,91,26,84,28" hai3="38,67,82,54,87,78,8,94,86,77,135,52,127"/><U57/><E129/><V116/><F2/><W13/><G135/><T27/><D108/><U40/><E111/><V114/><F101/><W51/><G38/><T131/><D126/><U112/><E112/><N who="2" m="43051" /><F49/><W106/><G106/><T45/><D4/><U107/><E79/><V125/><F47/><W103/><G127/><T56/><D71/><U92/><E107/><V69/><F69/><W98/><G67/><N who="0" m="39367" /><D0/><U6/><E68/><V124/><F124/><W53/><G86/><T22/><D35/><U58/><E65/><V99/><F99/><W18/><REACH who="3" step="1"/><G78/><REACH who="3" ten="385,193,207,205" step="2"/><T42/><D83/><U63/><E36/><V19/><F125/><W113/><G113/><T76/><D76/><U121/><E121/><V130/><F130/><AGARI ba="0,1" hai="16,22,27,42,45,48,88,89,128,130,131" m="39367" machi="130" ten="30,7700,0" yaku="19,1,52,1,54,2" doraHai="20" who="0" fromWho="2" sc="385,87,193,0,207,-77,205,0" /><INIT seed="2,0,0,4,0,48" ten="472,193,130,205" oya="2" hai0="16,100,17,47,10,127,102,131,0,24,97,52,18" hai1="122,108,69,83,73,40,30,95,15,67,109,44,9" hai2="43,46,66,92,129,104,89,23,38,45,2,94,4" hai3="36,84,77,80,98,20,58,14,90,42,135,56,99"/><V32/><F32/><W70/><G70/><T26/><D127/><U19/><E122/><V107/><F129/><W124/><G124/><T57/><D131/><U88/><E30/><V33/><F33/><W123/><G123/><T125/><D125/><U79/><E67/><V71/><F2/><W113/><G135/><T85/><D47/><U21/><E69/><V61/><F4/><W49/><G36/><T35/><D35/><U50/><REACH who="1" step="1"/><E9/><REACH who="1" ten="472,183,130,205" step="2"/><V12/><F46/><N who="3" m="25815" /><G113/><T3/><D10/><U117/><E117/><V133/><F133/><W60/><G77/><T91/><D3/><U53/><E53/><V22/><F22/><W51/><G20/><T115/><D0/><U118/><E118/><V29/><F29/><W132/><G132/><T74/><D115/><U6/><E6/><V34/><F34/><W55/><G14/><T5/><D5/><U103/><E103/><V27/><F12/><W101/><G101/><T114/><D102/><U62/><E62/><V11/><F11/><W106/><G106/><T64/><D64/><AGARI ba="0,1" hai="51,55,56,58,60,64,80,84,90,98,99" m="25815" machi="64" ten="30,2000,0" yaku="8,1,52,1" doraHai="48" who="3" fromWho="0" sc="472,-20,183,0,130,0,205,30" /><INIT seed="3,0,0,2,2,116" ten="452,183,130,235" oya="3" hai0="79,68,121,19,22,112,96,101,117,25,93,132,2" hai1="55,21,60,124,41,23,39,27,78,89,56,123,28" hai2="76,108,80,135,4,118,51,133,119,73,63,94,34" hai3="49,16,37,104,69,110,129,1,122,128,30,92,127"/><W91/><G37/><T11/><D68/><U20/><E124/><V74/><F34/><W70/><G1/><T7/><D117/><N who="2" m="44554" /><F4/><W54/><G104/><T32/><D121/><U42/><E123/><V107/><F51/><W103/><G127/><T125/><D132/><N who="2" m="50762" /><F63/><W86/><G122/><T15/><D112/><U87/><E78/><V131/><F107/><W66/><G69/><T75/><D125/><U57/><E57/><V44/><F44/><W98/><G49/><T102/><D79/><U45/><E41/><V48/><F48/><W84/><G70/><T61/><D61/><U12/><E12/><V62/><F62/><W26/><G26/><T113/><D113/><U43/><E43/><V38/><F38/><W88/><G66/><T31/><D75/><N who="2" m="28682" /><F108/><W59/><G110/><T14/><D14/><U120/><E120/><V72/><F94/><AGARI ba="0,0" hai="20,21,23,27,28,39,42,45,55,56,60,87,89,94" machi="94" ten="30,1000,0" yaku="7,1" doraHai="116" who="1" fromWho="2" sc="452,0,183,10,130,-10,235,0" owari="452,55.2,193,-20.7,120,-38.0,235,3.5" /></mjloggm>