<mjloggm ver="2.3"><GO type="169" lobby="0"/><UN n0="%E3%82%AB%E3%82%B6%E3%83%A9%E3%82%AD" n1="%70%6F%72%66%65%76%72%65" n2="%42%65%6E%63%68%69%6E%67" n3="%75%79%61%6D%61" dan="17,16,16,17" rate="2210.81,2127.87,2071.56,2133.48" sx="M,M,M,M"/><TAIKYOKU oya="0"/><INIT seed="0,0,0,0,4,23" ten="250,250,250,250" oya="0" hai0="100,113,36,92,40,96,77,37,122,127,20,28,64" hai1="99,90,52,38,47,61,115,102,88,91,70,111,106" hai2="42,128,57,27,12,18,89,123,87,110,0,86,24" hai3="82,65,63,39,14,21,33,8,1,84,55,134,62"/><T43/><D113/><U119/><E111/><V49/><F128/><W72/><G33/><T107/><D122/><U94/><E115/><V5/><F123/><W22/><G72/><T126/><D77/><U74/><E119/><V135/><F135/><W44/><G1/><T30/><D107/><U6/><E6/><V71/><F71/><W51/><G39/><T19/><D64/><U67/><E74/><V56/><F110/><W68/><G62/><T131/><D131/><U11/><E11/><N who="2" m="6431" /><F5/><W78/><G134/><T26/><D37/><U46/><E47/><N who="2" m="25847" /><F0/><W7/><AGARI ba="0,0" hai="7,8,14,21,22,44,51,55,63,65,68,78,82,84" machi="7" ten="20,1500,0" yaku="0,1,7,1" doraHai="23" who="3" fromWho="3" sc="250,-7,250,-4,250,-4,250,15" /><INIT seed="1,0,0,1,3,70" ten="243,246,246,265" oya="1" hai0="132,135,104,68,96,65,0,4,1,107,36,125,30" hai1="59,49,9,58,101,130,21,134,119,20,57,14,123" hai2="64,93,75,91,17,114,82,34,122,46,48,19,90" hai3="6,45,78,22,60,111,97,80,109,102,85,89,37"/><U128/><E123/><V66/><F122/><W99/><G6/><T95/><D30/><U124/><E119/><V62/><F34/><W103/><G22/><T94/><D68/><U15/><E101/><N who="3" m="38410" /><G60/><T127/><D65/><U105/><E105/><N who="0" m="40521" /><D96/><N who="3" m="36937" /><G45/><T51/><D51/><U110/><E124/><N who="0" m="47689" /><D4/><U24/><E134/><N who="0" m="51241" /><D36/><U98/><E98/><N who="2" m="57655" /><F114/><W43/><G43/><T11/><D11/><U84/><E84/><N who="2" m="50583" /><F75/><N who="3" m="43103" /><G37/><T69/><D69/><U18/><E49/><V7/><F7/><W28/><G28/><T88/><D88/><U39/><E39/><V53/><F64/><W50/><G50/><T33/><D33/><U112/><E112/><V115/><F115/><W56/><G56/><AGARI ba="0,0" hai="17,19,46,48,53,56,62,66" m="50583,57655" machi="56" ten="30,1000,0" yaku="8,1" doraHai="70" who="2" fromWho="3" sc="243,0,246,0,246,10,265,-10" /><INIT seed="2,0,0,1,2,10" ten="243,246,256,255" oya="2" hai0="60,77,55,124,61,132,112,44,59,28,80,130,131" hai1="33,29,21,101,65,121,98,79,0,100,57,49,91" hai2="8,108,38,128,15,56,97,41,68,90,109,63,30" hai3="123,45,25,37,12,32,6,74,89,113,17,126,20"/><V11/><F128/><N who="0" m="49194" /><D28/><U67/><E0/><V83/><F68/><W53/><G123/><T115/><D80/><U70/><E33/><V78/><F30/><W81/><G126/><T116/><D77/><U82/><E70/><V134/><F134/><W58/><G113/><N who="0" m="43595" /><D132/><U117/><E117/><V26/><F26/><W31/><G6/><T88/><D88/><U5/><E5/><V51/><F38/><W43/><G74/><T36/><D124/><U111/><E121/><V71/><F71/><W2/><G2/><T22/><D22/><U122/><E122/><V94/><F41/><W133/><G133/><T1/><D1/><U127/><E79/><V135/><F51/><W35/><G89/><T48/><D116/><U46/><E127/><V24/><F24/><W40/><G40/><AGARI ba="0,0" hai="36,40,44,48,55,59,60,61" m="43595,49194" machi="40" ten="30,3900,0" yaku="19,1,34,2" doraHai="10" who="0" fromWho="3" sc="243,39,246,0,256,0,255,-39" /><INIT seed="3,0,0,3,0,74" ten="282,246,256,216" oya="3" hai0="122,16,11,91,19,52,76,27,119,84,68,36,49" hai1="108,73,105,69,92,17,61,60,83,118,113,123,64" hai2="82,103,33,24,100,72,55,120,99,40,81,41,117" hai3="54,80,20,15,53,46,71,58,28,6,59,97,90"/><W48/><G71/><T107/><D36/><U13/><E113/><V93/><F117/><W18/><G28/><T35/><D68/><U34/><E108/><V7/><F120/><W45/><G6/><T89/><D107/><U8/><E123/><V78/><F7/><W51/><REACH who="3" step="1"/><G97/><REACH who="3" ten="282,246,256,206" step="2"/><T37/><D122/><U86/><E118/><V4/><F4/><W132/><G132/><T2/><D119/><U95/><E34/><V135/><F135/><W70/><G70/><T42/><D35/><U77/><E105/><V133/><F133/><W96/><G96/><T127/><D2/><U9/><E69/><V47/><F33/><W109/><G109/><T25/><D127/><U57/><E61/><V129/><F129/><W67/><G67/><T5/><D5/><U124/><E124/><V110/><F110/><W104/><G104/><T38/><D19/><U22/><E73/><V121/><F121/><W115/><G115/><T0/><D0/><U50/><E64/><V126/><F126/><W128/><G128/><T94/><D16/><U43/><E60/><V10/><F99/><W32/><G32/><T26/><D84/><AGARI ba="0,1" hai="15,18,20,45,46,48,51,53,54,58,59,80,84,90" machi="84" ten="40,7700,0" yaku="1,1,9,1,8,1,53,0" doraHai="74" doraHaiUra="116" who="3" fromWho="0" sc="282,-77,246,0,256,0,206,87" /><INIT seed="3,1,0,3,5,84" ten="205,246,256,293" oya="3" hai0="24,29,83,76,106,61,75,30,54,135,123,86,27" hai1="107,80,93,77,9,85,121,109,40,60,7,45,98" hai2="99,25,124,8,14,53,39,82,20,132,102,103,57" hai3="35,69,116,38,115,51,37,62,111,68,74,44,101"/><W81/><G35/><T133/><D106/><U43/><E109/><V92/><F39/><W128/><G115/><T65/><D54/><U71/><E121/><V91/><F124/><W114/><G114/><T36/><D36/><U50/><E107/><V87/><F132/><N who="0" m="50762" /><D123/><U41/><E60/><V48/><F8/><W22/><G116/><T79/><D79/><U130/><E130/><V66/><F66/><W58/><G128/><T113/><D75/><U42/><E71/><V31/><REACH who="2" step="1"/><F14/><REACH who="2" ten="205,246,246,293" step="2"/><W119/><G37/><T23/><D113/><U96/><REACH who="1" step="1"/><E93/><REACH who="1" ten="205,236,246,293" step="2"/><V52/><F52/><W134/><G134/><T47/><D65/><U94/><E94/><V34/><F34/><W64/><G64/><T73/><D61/><U0/><AGARI ba="1,2" hai="0,7,9,40,41,42,43,45,50,77,80,85,96,98" machi="0" ten="30,2000,0" yaku="1,1,0,1,53,0" doraHai="84" doraHaiUra="104" who="1" fromWho="1" sc="205,-6,236,43,246,-6,293,-11" /><INIT seed="4,0,0,1,5,23" ten="199,279,240,282" oya="0" hai0="65,99,72,13,49,9,135,3,22,27,19,114,6" hai1="83,59,76,64,80,47,73,46,110,128,97,18,15" hai2="62,115,93,16,125,68,50,8,48,52,33,88,107" hai3="44,38,108,43,85,63,101,1,74,70,24,106,95"/><T133/><D72/><U84/><E110/><V94/><F125/><W113/><G74/><T57/><D99/><U10/><E128/><V89/><F33/><W29/><G1/><T104/><D104/><U120/><E120/><V41/><F115/><W35/><G108/><T66/><D114/><U12/><E97/><N who="2" m="57511" /><F68/><W119/><G119/><T7/><D49/><U77/><E64/><V32/><F32/><W131/><G113/><T30/><D57/><U122/><E122/><V4/><F4/><N who="0" m="1578" /><D135/><U117/><E117/><V87/><F41/><W123/><G123/><T121/><D66/><U116/><E116/><V28/><F28/><W82/><G131/><T11/><D65/><U111/><E111/><V55/><F107/><W134/><G134/><T20/><D121/><U91/><E59/><N who="2" m="35175" /><F55/><W81/><G106/><T71/><D71/><U51/><E73/><V26/><F26/><W0/><G70/><T61/><D61/><U100/><E51/><V31/><F31/><W126/><G63/><T92/><D92/><U2/><E2/><V45/><F45/><W79/><G0/><T36/><D36/><U112/><E47/><V58/><F58/><W90/><G95/><T127/><D133/><U17/><E46/><V96/><F96/><W21/><G44/><T102/><D127/><U67/><E67/><V105/><F105/><W78/><G126/><T34/><D102/><U98/><E112/><V86/><F86/><W132/><G101/><T40/><D40/><U39/><E100/><V25/><F25/><W54/><G132/><T75/><D75/><N who="1" m="43039" /><E39/><V118/><F118/><RYUUKYOKU ba="0,0" sc="199,15,279,-15,240,15,282,-15" hai0="3,9,11,13,19,20,22,27,30,34" hai2="8,16,48,50,87,89,94" /><INIT seed="4,1,0,4,5,21" ten="214,264,255,267" oya="0" hai0="123,77,55,100,46,64,8,126,37,108,56,26,44" hai1="103,73,97,48,18,119,114,91,115,70,17,84,85" hai2="83,95,62,9,89,32,50,110,59,75,35,49,94" hai3="58,45,16,131,53,13,102,133,88,109,92,23,41"/><T69/><D123/><U31/><E70/><V40/><F110/><W112/><G109/><T54/><D108/><U121/><E73/><V67/><F32/><W6/><G112/><N who="1" m="43050" /><E119/><V14/><F35/><W128/><G102/><T79/><D126/><U1/><E1/><V72/><F72/><W80/><G80/><T36/><D100/><U76/><E76/><N who="0" m="29257" /><D69/><U20/><E121/><V116/><F116/><W78/><G78/><T124/><D124/><U130/><E130/><N who="3" m="49706" /><G6/><T99/><D99/><U61/><E61/><V129/><F129/><W66/><G66/><T30/><D8/><U57/><E85/><N who="2" m="50367" /><F75/><W60/><G133/><T63/><D36/><U71/><E71/><V52/><F40/><W22/><G22/><N who="0" m="15703" /><D37/><U28/><E97/><V127/><F127/><W74/><G74/><T0/><D0/><U24/><E103/><V90/><F90/><W47/><G41/><T93/><D93/><N who="2" m="35338" /><F67/><W7/><G7/><AGARI ba="1,0" hai="7,9,14,49,50,52,59,62" m="35338,50367" machi="7" ten="30,2000,0" yaku="8,1,54,1" doraHai="21" who="2" fromWho="3" sc="214,0,264,0,255,23,267,-23" /><INIT seed="5,0,0,2,3,27" ten="214,264,278,244" oya="1" hai0="61,11,75,15,21,55,79,122,63,133,37,120,20" hai1="95,17,51,32,67,72,7,98,14,105,16,131,50" hai2="6,33,5,41,128,89,126,59,87,123,54,28,66" hai3="116,18,101,97,111,100,76,121,103,1,69,53,2"/><U34/><E72/><V125/><F123/><N who="0" m="47146" /><D37/><U78/><E78/><V26/><F41/><W25/><G121/><T114/><D114/><U38/><E38/><V29/><F66/><W46/><G69/><T109/><D109/><U117/><E117/><V30/><F128/><W58/><G111/><T83/><D133/><U52/><E105/><V124/><F5/><W85/><G116/><T47/><D47/><U44/><E67/><V10/><F87/><W57/><G97/><T90/><D90/><U42/><E131/><V60/><REACH who="2" step="1"/><F89/><REACH who="2" ten="214,264,268,244" step="2"/><W35/><G85/><T12/><D55/><U112/><E112/><V64/><F64/><W129/><G129/><T23/><D15/><AGARI ba="0,1" hai="6,10,15,26,28,29,30,33,54,59,60,124,125,126" machi="15" ten="40,8000,1" yaku="1,1,18,1,52,3,53,0" doraHai="27" doraHaiUra="82" who="2" fromWho="0" sc="214,-80,264,0,268,90,244,0" /><INIT seed="6,0,0,3,4,68" ten="134,264,358,244" oya="2" hai0="133,100,28,25,66,40,27,65,1,116,43,120,59" hai1="42,4,6,110,73,21,63,70,109,129,131,71,74" hai2="105,88,87,113,16,119,44,8,121,82,14,22,112" hai3="2,127,35,48,98,99,47,86,135,7,126,54,117"/><V79/><F121/><W24/><G117/><T39/><D120/><U33/><E63/><V89/><F119/><W38/><G135/><T34/><D116/><U104/><E21/><V58/><F105/><W77/><G7/><T61/><D133/><U56/><E56/><V114/><F58/><W0/><G0/><T76/><D1/><U11/><E11/><V91/><F44/><W37/><G2/><T13/><D76/><U69/><E42/><V55/><F55/><W115/><G115/><T3/><D3/><U60/><E60/><V95/><F8/><W92/><G24/><T30/><D13/><U45/><E45/><V111/><REACH who="2" step="1"/><F111/><REACH who="2" ten="134,264,348,244" step="2"/><N who="1" m="42505" /><E104/><V64/><F64/><W57/><G47/><T102/><D66/><U75/><E33/><V107/><F107/><W5/><G35/><T17/><D43/><U50/><E50/><V97/><AGARI ba="0,1" hai="14,16,22,79,82,87,88,89,91,95,97,112,113,114" machi="97" ten="30,12000,1" yaku="1,1,0,1,15,1,54,2,53,0" doraHai="68" doraHaiUra="67" who="2" fromWho="2" sc="134,-40,264,-40,348,130,244,-40" /><INIT seed="6,1,0,4,4,6" ten="94,224,478,204" oya="2" hai0="22,42,109,30,33,84,86,135,105,115,118,28,52" hai1="96,80,78,51,85,20,46,11,83,10,61,29,82" hai2="64,94,119,122,123,95,0,38,13,120,53,77,4" hai3="21,128,45,35,27,60,59,88,101,121,2,66,98"/><V99/><F119/><W7/><G35/><T14/><D109/><U58/><E96/><V111/><F38/><W69/><G121/><T100/><D33/><U47/><E47/><V57/><F0/><W40/><G128/><T124/><D118/><U110/><E110/><V5/><F111/><W126/><G126/><T25/><D124/><U18/><E29/><V93/><F64/><W44/><G69/><T132/><D30/><U37/><E37/><V73/><F77/><W26/><G45/><T90/><D42/><U76/><E85/><V74/><F99/><W114/><G114/><T65/><D65/><U31/><E31/><V92/><N who="2" m="23552" /><DORA hai="48" /><V17/><F74/><W72/><G72/><T55/><D115/><U89/><E89/><V32/><F73/><W43/><G44/><T104/><D14/><N who="1" m="9303" /><E78/><V103/><F103/><W81/><G7/><T15/><D15/><U75/><E75/><V112/><F32/><W71/><G71/><T56/><D56/><U34/><E76/><V106/><F106/><N who="0" m="41066" /><D100/><U36/><E36/><V134/><F112/><W16/><G2/><T19/><D28/><U1/><E1/><V108/><F108/><W107/><REACH who="3" step="1"/><G27/><REACH who="3" ten="94,224,478,194" step="2"/><T70/><D70/><U97/><E34/><V91/><F123/><W102/><G102/><T130/><D130/><U54/><E97/><V116/><F122/><W39/><G39/><T127/><D127/><U49/><E46/><V113/><F120/><W125/><G125/><T41/><D41/><U133/><E58/><V87/><F113/><W8/><G8/><T67/><D86/><AGARI ba="1,1" hai="16,21,26,40,43,59,60,66,81,86,88,98,101,107" machi="86" ten="40,5200,0" yaku="1,1,54,2,53,0" doraHai="6,48" doraHaiUra="50,9" who="3" fromWho="0" sc="94,-55,224,0,478,0,194,65" /><INIT seed="7,0,0,5,4,120" ten="39,224,478,259" oya="3" hai0="14,123,86,114,67,46,54,135,127,104,131,124,35" hai1="52,111,69,102,2,41,36,24,57,43,49,44,61" hai2="33,84,0,21,3,39,119,126,93,77,4,92,9" hai3="130,6,118,71,122,78,109,23,132,117,32,89,115"/><W13/><G122/><T38/><D86/><U99/><E2/><V116/><F33/><W59/><G71/><T30/><D14/><U40/><E24/><V53/><F39/><W5/><G78/><T16/><D16/><U29/><E29/><V113/><F3/><W7/><G130/><T81/><D81/><U25/><E25/><V95/><F53/><W48/><G32/><T87/><D87/><U134/><E134/><V12/><F113/><W91/><G115/><T63/><D30/><U101/><E101/><V51/><F51/><W34/><G34/><T19/><D19/><U75/><E75/><V8/><F21/><W20/><G132/><T50/><D35/><U94/><E111/><V129/><F129/><W107/><G107/><T79/><D79/><U108/><E108/><V22/><F22/><W60/><G48/><T73/><D73/><U58/><E58/><V42/><F42/><W66/><G109/><T11/><D104/><U128/><E128/><V80/><F126/><W100/><G100/><T47/><D131/><U62/><E62/><V112/><F112/><W106/><G106/><T28/><D114/><U103/><E102/><V98/><F98/><W121/><G121/><T18/><D28/><U125/><E125/><N who="0" m="48201" /><D123/><U37/><E37/><V68/><F68/><W88/><REACH who="3" step="1"/><G13/><REACH who="3" ten="39,224,478,249" step="2"/><N who="0" m="7487" /><D135/><U105/><E105/><V10/><F0/><W17/><G17/><T55/><D38/><U74/><E74/><V70/><F70/><W64/><G64/><AGARI ba="0,1" hai="36,40,41,43,44,49,52,57,61,64,69,94,99,103" machi="64" ten="40,5200,0" yaku="24,2,54,1" doraHai="120" who="1" fromWho="3" sc="39,0,224,62,478,0,249,-52" owari="39,-46.1,286,8.6,478,57.8,197,-20.3" /></mjloggm>