<mjloggm ver="2.3"><GO type="169" lobby="0"/><UN n0="%E3%82%80%E3%81%97%E6%AD%AF" n1="%E7%8A%B6%E6%85%8B%E9%BA%BB%E9%9B%80" n2="%E4%B9%9D%E7%B4%8B%E9%BE%8D%E5%8F%B2%E9%80%B2" n3="%E8%B6%85%E7%B5%B6%E5%82%99%E9%95%B7%E7%82%AD" dan="17,18,19,17" rate="2175.49,2232.35,2285.94,2110.95" sx="M,M,M,M"/><TAIKYOKU oya="0"/><INIT seed="0,0,0,4,1,96" ten="250,250,250,250" oya="0" hai0="92,79,122,60,81,11,118,64,49,129,21,20,1" hai1="59,0,25,10,100,106,44,84,76,135,130,22,128" hai2="13,28,75,19,61,39,85,57,108,101,103,36,71" hai3="43,67,120,89,53,63,56,12,83,30,105,97,124"/><T94/><D118/><U58/><E135/><V40/><F75/><W15/><G124/><T132/><D122/><U27/><E44/><V69/><F28/><W54/><G120/><T133/><D129/><N who="1" m="49771" /><E0/><V78/><F108/><W86/><G43/><T66/><D49/><U91/><E76/><V32/><F32/><W80/><G30/><T4/><D94/><N who="1" m="54631" /><E10/><V93/><F71/><W112/><G83/><T2/><D92/><U127/><E127/><V114/><F69/><W109/><G109/><T125/><D125/><U68/><E68/><V104/><F104/><W74/><G74/><T35/><D35/><U42/><E42/><V16/><F114/><W115/><G115/><T41/><D41/><U34/><E34/><V26/><F39/><W117/><G117/><T113/><D113/><U126/><E126/><V50/><F36/><W116/><G116/><T52/><D2/><U45/><E45/><N who="2" m="25895" /><F26/><N who="1" m="9737" /><E22/><N who="2" m="11535" /><F19/><W134/><G112/><T131/><D131/><U31/><E31/><V6/><F6/><W48/><G134/><N who="0" m="51819" /><D21/><U123/><E123/><V102/><F78/><W51/><G15/><T119/><D20/><U95/><E106/><V62/><F57/><N who="3" m="32935" /><G12/><T47/><D119/><U70/><E70/><V3/><F3/><W8/><G8/><T33/><D33/><U90/><E90/><AGARI ba="0,0" hai="61,62,85,90,93,101,102,103" m="11535,25895" machi="90" ten="30,8000,1" yaku="8,1,52,3,54,1" doraHai="96" who="2" fromWho="1" sc="250,0,250,-80,250,80,250,0" /><INIT seed="1,0,0,5,5,67" ten="250,170,330,250" oya="1" hai0="110,68,13,112,93,17,20,32,45,122,85,99,47" hai1="12,29,42,130,88,34,114,31,28,132,53,90,55" hai2="83,7,60,116,97,58,4,91,86,105,23,79,52" hai3="27,76,74,48,100,129,102,81,44,25,103,1,109"/><U36/><E114/><V46/><F116/><W98/><G1/><T11/><D112/><U95/><E34/><V120/><F120/><W38/><G38/><T80/><D32/><U125/><E130/><V77/><F105/><W92/><G129/><T61/><D122/><U66/><E125/><V0/><F0/><W78/><G78/><T40/><D110/><U134/><E66/><V26/><F46/><W73/><G109/><T62/><D20/><U70/><E70/><V64/><F64/><W18/><G73/><T123/><D47/><N who="1" m="24007" /><E12/><V21/><F21/><W108/><G108/><T35/><D35/><U71/><E71/><V63/><F63/><W128/><G128/><T14/><D14/><U9/><E9/><V113/><F113/><W24/><REACH who="3" step="1"/><G18/><REACH who="3" ten="250,170,330,240" step="2"/><T22/><D17/><U5/><E5/><V127/><F79/><W50/><G50/><T10/><D62/><U135/><E90/><V115/><F115/><W82/><G82/><T111/><D80/><U56/><E56/><V6/><F127/><W133/><G133/><N who="1" m="34050" /><U59/><DORA hai="121" /><E59/><V65/><F7/><W126/><G126/><T51/><D61/><U15/><E15/><V101/><F91/><W75/><G75/><T37/><D123/><U72/><E72/><V57/><F57/><W118/><G118/><T2/><D13/><U69/><E69/><V49/><F65/><W30/><G30/><N who="1" m="7682" /><U106/><DORA hai="33" /><E106/><N who="2" m="63791" /><F60/><W119/><G119/><T84/><D68/><U94/><E88/><V124/><F124/><W87/><G87/><T104/><D111/><U54/><AGARI ba="0,1" hai="53,54,55,94,95" m="7682,34050,24007" machi="54" ten="50,2400,0" yaku="20,1" doraHai="67,121,33" who="1" fromWho="1" sc="250,-8,170,34,330,-8,240,-8" /><INIT seed="1,1,0,4,2,106" ten="242,204,322,232" oya="1" hai0="57,85,24,113,54,49,117,65,123,125,82,109,110" hai1="43,124,122,47,87,92,44,0,135,79,41,70,32" hai2="33,94,131,99,130,128,27,15,132,19,48,81,91" hai3="29,73,28,71,53,127,16,7,114,58,101,126,3"/><U23/><E122/><V116/><F116/><W35/><G71/><T134/><D117/><U120/><E120/><V68/><F68/><W121/><G121/><T89/><D123/><U84/><E32/><V80/><F132/><W13/><G114/><T52/><D113/><U46/><E70/><V63/><F63/><W88/><G101/><T22/><D134/><U2/><E135/><V83/><F48/><N who="3" m="31015" /><G7/><T133/><D133/><U108/><E124/><N who="3" m="47658" /><G3/><T119/><D119/><U5/><E108/><V76/><F27/><W86/><G73/><T72/><D72/><U90/><E5/><V61/><F61/><W39/><G39/><T42/><D125/><U12/><E2/><V129/><N who="2" m="32768" /><DORA hai="11" /><V55/><F55/><W31/><G35/><T112/><D112/><U100/><E0/><V78/><REACH who="2" step="1"/><F33/><REACH who="2" ten="242,204,312,232" step="2"/><W102/><G31/><T107/><D54/><U105/><E43/><V38/><F38/><W93/><G102/><T75/><D52/><U77/><E41/><V98/><F98/><W10/><AGARI ba="1,1" hai="10,13,16,28,29,86,88,93" m="47658,31015" machi="10" ten="30,7900,0" yaku="18,1,52,1,54,2" doraHai="106,11" who="3" fromWho="3" sc="242,-21,204,-40,312,-21,232,92" /><INIT seed="2,0,0,5,2,10" ten="221,164,291,324" oya="2" hai0="119,55,30,134,7,83,22,92,32,67,50,16,28" hai1="29,135,59,112,35,120,82,69,116,133,54,100,65" hai2="80,107,93,43,60,58,47,33,77,61,42,98,4" hai3="103,18,0,38,72,76,56,110,81,25,118,89,85"/><V8/><F107/><W64/><G0/><T27/><D134/><N who="1" m="51211" /><E112/><V5/><F33/><W2/><G2/><T53/><D119/><U45/><E116/><V106/><F106/><W88/><G38/><T111/><D111/><U122/><E100/><V6/><F8/><W109/><G103/><T71/><D7/><U102/><E102/><V1/><F1/><W15/><G25/><T101/><D83/><U125/><E82/><V84/><F47/><W3/><G3/><T128/><D128/><U19/><E19/><V48/><F48/><W86/><G72/><T34/><D34/><U41/><E29/><V24/><F24/><W78/><G118/><T52/><D50/><N who="1" m="31191" /><E35/><V73/><F73/><W17/><G17/><T121/><D121/><N who="1" m="46699" /><E125/><V90/><REACH who="2" step="1"/><F61/><REACH who="2" ten="221,164,281,324" step="2"/><N who="3" m="37927" /><G110/><T126/><D32/><U37/><E65/><AGARI ba="0,1" hai="4,5,6,42,43,58,60,65,77,80,84,90,93,98" machi="65" ten="40,3900,0" yaku="1,1,8,1,53,0" doraHai="10" doraHaiUra="44" who="2" fromWho="1" sc="221,0,164,-39,281,49,324,0" /><INIT seed="2,1,0,2,2,80" ten="221,125,330,324" oya="2" hai0="134,36,33,2,85,88,116,70,78,10,135,14,76" hai1="92,16,51,95,101,59,69,4,106,52,39,8,98" hai2="19,67,130,0,1,27,31,28,60,89,23,64,86" hai3="12,62,133,100,40,45,21,66,128,72,42,119,65"/><V104/><F104/><W22/><G72/><T112/><D112/><U110/><E110/><V77/><F77/><W127/><G119/><T38/><D116/><U108/><E108/><V3/><F130/><W120/><G120/><T83/><D70/><U18/><E69/><V6/><F6/><W93/><G128/><T48/><D33/><U132/><E39/><V35/><F60/><W125/><G133/><N who="0" m="50699" /><D2/><U17/><REACH who="1" step="1"/><E132/><REACH who="1" ten="221,115,330,324" step="2"/><V34/><F34/><W75/><G125/><T73/><D48/><U37/><E37/><N who="0" m="14441" /><D73/><U81/><E81/><V20/><F35/><W123/><G75/><T121/><D121/><U56/><E56/><V49/><F49/><W50/><G127/><T103/><D103/><U44/><E44/><V54/><F3/><AGARI ba="1,1" hai="3,4,8,16,17,18,51,52,59,92,95,98,101,106" machi="3" ten="40,8000,1" yaku="1,1,54,2,53,1" doraHai="80" doraHaiUra="102" who="1" fromWho="2" sc="221,0,115,93,330,-83,324,0" /><INIT seed="3,0,0,5,4,129" ten="221,208,247,324" oya="3" hai0="48,105,101,26,96,62,121,60,65,116,15,135,40" hai1="108,106,9,114,46,97,27,119,4,57,17,8,25" hai2="73,28,12,39,99,77,120,115,125,16,90,100,98" hai3="3,7,103,88,72,123,30,33,112,23,55,102,89"/><W76/><G33/><T41/><D116/><U58/><E114/><V64/><F115/><W74/><G112/><T66/><D121/><U122/><E122/><V94/><F120/><W78/><G123/><T117/><D117/><U63/><E119/><V85/><F39/><W69/><G69/><T21/><D135/><U130/><E130/><V126/><F28/><W51/><G3/><T38/><D48/><U36/><E108/><V128/><F64/><W107/><G7/><T93/><D105/><U19/><E106/><V0/><F0/><W59/><G107/><T6/><D38/><U67/><E97/><V35/><F35/><W95/><G89/><T92/><D92/><U82/><E82/><N who="2" m="45359" /><F128/><W32/><G32/><T22/><D65/><U11/><E4/><V79/><F79/><N who="3" m="30251" /><G72/><T104/><D104/><U68/><E68/><V34/><F34/><W43/><G43/><T53/><D53/><U44/><E36/><V18/><F100/><W71/><G71/><T91/><D101/><U86/><E86/><V132/><F132/><W56/><G56/><N who="1" m="21610" /><E63/><N who="0" m="24105" /><D66/><U83/><E83/><V133/><F133/><W75/><G75/><T45/><D45/><N who="1" m="17515" /><E67/><V37/><F37/><W2/><G2/><T61/><D61/><U52/><E52/><V10/><F18/><AGARI ba="0,0" hai="8,9,11,17,18,19,25,27" m="17515,21610" machi="18" ten="30,3900,0" yaku="28,2,8,1" doraHai="129" who="1" fromWho="2" sc="221,0,208,39,247,-39,324,0" /><INIT seed="4,0,0,0,3,65" ten="221,247,208,324" oya="0" hai0="82,22,117,7,108,29,119,48,123,2,13,95,18" hai1="105,134,87,91,113,75,23,50,131,32,84,125,104" hai2="47,61,115,11,40,81,71,34,102,93,116,73,76" hai3="43,121,132,28,133,53,21,80,51,49,16,96,42"/><T6/><D123/><U19/><E75/><V124/><F34/><W109/><G109/><T56/><D108/><U94/><E32/><V110/><F110/><W100/><G28/><T33/><D82/><U66/><E131/><V10/><F115/><W55/><G80/><T41/><D95/><U67/><E113/><V46/><F124/><W14/><G121/><T86/><D86/><U64/><E125/><V114/><F116/><W128/><G128/><T5/><D56/><U57/><E134/><N who="3" m="51818" /><G55/><T60/><D60/><U63/><E87/><V1/><F1/><W111/><G111/><T74/><D74/><U126/><E126/><V36/><F46/><N who="3" m="27831" /><G51/><T27/><REACH who="0" step="1"/><D2/><REACH who="0" ten="211,247,208,324" step="2"/><U130/><E130/><V90/><F114/><W69/><G96/><T44/><AGARI ba="0,1" hai="5,6,7,13,18,22,27,29,33,41,44,48,117,119" machi="44" ten="30,12000,1" yaku="1,1,2,1,0,1,53,2" doraHai="65" doraHaiUra="112" who="0" fromWho="0" sc="211,130,247,-40,208,-40,324,-40" /><INIT seed="4,1,0,4,4,79" ten="341,207,168,284" oya="0" hai0="126,86,49,22,43,83,94,1,133,109,31,68,51" hai1="70,114,62,69,91,97,33,59,6,8,78,34,25" hai2="5,4,30,112,66,124,50,127,63,116,39,47,0" hai3="38,95,40,84,85,37,41,92,26,23,17,88,20"/><T29/><D1/><U132/><E132/><V134/><F134/><W80/><G92/><T18/><D133/><U67/><E114/><V52/><F112/><W32/><G32/><T72/><D68/><U45/><E78/><V35/><F116/><W121/><G121/><T77/><D126/><N who="2" m="48170" /><F0/><W125/><G125/><T108/><D72/><U60/><E45/><V118/><F118/><W58/><G58/><T87/><D43/><U98/><E91/><V111/><F111/><N who="0" m="42570" /><D94/><U76/><E76/><V15/><F39/><W3/><G3/><T113/><D113/><U54/><E70/><N who="2" m="42335" /><F15/><N who="3" m="9279" /><G38/><T61/><D61/><U57/><E69/><V122/><F122/><W7/><G37/><T110/><D110/><U2/><REACH who="1" step="1"/><E34/><REACH who="1" ten="341,197,168,284" step="2"/><V64/><F64/><W19/><G41/><T9/><D77/><U10/><E10/><V81/><F81/><W103/><G40/><T117/><D9/><U115/><E115/><V96/><F96/><N who="3" m="59807" /><G84/><N who="0" m="32299" /><D83/><U130/><E130/><V55/><F55/><W129/><G129/><T101/><D117/><U106/><E106/><V48/><F48/><N who="0" m="18506" /><D101/><U14/><E14/><AGARI ba="1,1" hai="14,18,22,29,31" m="18506,32299,42570" machi="14" ten="30,1500,0" yaku="10,1" doraHai="79" who="0" fromWho="1" sc="341,28,197,-18,168,0,284,0" /><INIT seed="4,2,0,1,3,58" ten="369,179,168,284" oya="0" hai0="134,7,29,78,55,85,19,81,32,114,70,20,61" hai1="129,40,106,131,27,63,3,41,122,132,23,36,128" hai2="98,8,93,59,74,113,51,116,53,49,124,125,88" hai3="105,83,96,43,50,94,123,67,33,2,24,120,86"/><T62/><D114/><U99/><E122/><N who="3" m="46634" /><G105/><T16/><D134/><U71/><E3/><V72/><F113/><W64/><G2/><T42/><D42/><U17/><E36/><V76/><F116/><W121/><G121/><T100/><D7/><U12/><E132/><V133/><F133/><W73/><G73/><T38/><D38/><U35/><E106/><V109/><F109/><W111/><G111/><T130/><D130/><U69/><E99/><V13/><F51/><W66/><G33/><T10/><D100/><U4/><E69/><V18/><REACH who="2" step="1"/><F76/><REACH who="2" ten="369,179,158,284" step="2"/><W112/><G50/><T92/><D78/><U68/><E68/><V25/><F25/><W47/><G24/><T80/><D70/><U31/><REACH who="1" step="1"/><E4/><REACH who="1" ten="369,169,158,284" step="2"/><V79/><F79/><W115/><G112/><T11/><D32/><U9/><E9/><V97/><F97/><W77/><G115/><T75/><D10/><U22/><E22/><V126/><AGARI ba="2,2" hai="8,13,18,49,53,59,72,74,88,93,98,124,125,126" machi="126" ten="30,7900,0" yaku="1,1,0,1,18,1,54,1,53,0" doraHai="58" doraHaiUra="119" who="2" fromWho="2" sc="369,-41,169,-22,158,105,284,-22" /><INIT seed="5,0,0,1,1,47" ten="328,147,263,262" oya="1" hai0="128,125,30,113,26,105,16,19,114,55,7,34,63" hai1="95,29,82,37,119,3,33,108,42,122,84,134,41" hai2="50,57,121,133,9,132,5,90,39,123,48,96,89" hai3="14,69,87,76,24,13,92,130,88,56,75,91,36"/><U71/><E119/><V49/><F39/><W112/><G69/><T68/><D125/><U100/><E122/><N who="2" m="46603" /><F57/><W99/><G36/><T0/><D128/><U21/><E3/><V8/><F96/><W124/><G130/><T102/><D55/><U135/><E33/><V70/><F70/><W18/><G124/><T94/><D94/><U38/><E71/><V106/><F106/><W117/><G75/><T22/><D102/><U17/><E29/><V52/><F52/><W46/><G76/><T111/><D105/><U66/><E66/><V31/><F31/><W65/><G46/><T58/><D58/><U109/><E38/><V93/><F93/><W28/><G117/><T72/><D72/><U129/><E129/><V126/><F126/><W10/><G56/><T11/><D111/><N who="1" m="42571" /><E95/><V62/><F62/><W73/><G65/><T83/><D83/><U59/><E100/><V110/><F110/><W44/><G73/><T51/><D51/><U60/><E60/><V35/><F35/><W77/><G92/><T116/><D116/><U101/><E101/><V25/><F25/><W115/><G99/><T40/><D40/><N who="1" m="15467" /><E37/><V103/><F103/><W32/><G24/><T127/><D127/><U80/><E59/><V12/><F8/><N who="3" m="6439" /><G28/><T104/><D104/><U27/><E82/><V107/><F107/><W86/><G32/><T15/><D68/><U6/><E6/><V45/><F45/><W98/><G44/><T2/><D63/><U120/><E120/><V67/><F67/><W1/><G98/><T23/><D34/><U118/><E118/><V81/><F81/><RYUUKYOKU ba="0,0" sc="328,-15,147,15,263,15,262,-15" hai1="17,21,27,80,84,134,135" hai2="5,9,12,48,49,50,89,90,132,133" /><INIT seed="5,1,0,1,5,101" ten="313,162,278,247" oya="1" hai0="95,30,62,21,47,123,52,37,81,71,11,102,22" hai1="125,83,112,13,25,60,28,92,6,127,77,132,120" hai2="90,7,40,36,74,55,93,128,41,59,35,82,20" hai3="114,49,99,97,118,18,64,65,68,2,75,130,134"/><U66/><E120/><V29/><F35/><W34/><G34/><T17/><D123/><U121/><E121/><V14/><F36/><W86/><G75/><T87/><D71/><U27/><E112/><V117/><F117/><W73/><G73/><T89/><D37/><U116/><E116/><V1/><F1/><W53/><G2/><T84/><D30/><U58/><E132/><V78/><F128/><W63/><G65/><T31/><D31/><U38/><E38/><V46/><F46/><W48/><G114/><T39/><D39/><U19/><E6/><V122/><F122/><W108/><G118/><T16/><D102/><U104/><E92/><V96/><F7/><W23/><G130/><T9/><D22/><U103/><E103/><V80/><F80/><W0/><G0/><T76/><D17/><U94/><E94/><V107/><F107/><W109/><G49/><N who="0" m="28735" /><D62/><U44/><E44/><V15/><F29/><W126/><G134/><T45/><D45/><U12/><E104/><V32/><F32/><W98/><G48/><T129/><D129/><U88/><E88/><V113/><F113/><W50/><G50/><T5/><D5/><U70/><E70/><V4/><F4/><W111/><G68/><T135/><D135/><U33/><E27/><AGARI ba="1,0" hai="9,11,16,21,27,76,81,84,87,89,95" m="28735" machi="27" ten="30,3900,0" yaku="8,1,54,2" doraHai="101" who="0" fromWho="1" sc="313,42,162,-42,278,0,247,0" /><INIT seed="6,0,0,3,2,108" ten="355,120,278,247" oya="2" hai0="85,129,86,28,72,106,93,27,116,110,117,30,74" hai1="54,84,61,90,131,2,63,81,88,99,114,62,105" hai2="14,76,92,1,120,53,70,122,44,125,96,24,52" hai3="19,126,80,23,34,47,38,55,58,39,66,133,123"/><V121/><F1/><W118/><G34/><T32/><D110/><U46/><E2/><V103/><F70/><W59/><G118/><N who="0" m="45675" /><D106/><U134/><E131/><V67/><F67/><W50/><G123/><T31/><D129/><U132/><E105/><V135/><F135/><W10/><G133/><T41/><D41/><U22/><E22/><V97/><F125/><W49/><G126/><T43/><D43/><U11/><E11/><V102/><F76/><W8/><G39/><T57/><D57/><U9/><E9/><V51/><F14/><W45/><G38/><T5/><D5/><U16/><E16/><V91/><F24/><N who="3" m="14463" /><G59/><T29/><D93/><U127/><E127/><V60/><F60/><N who="3" m="38167" /><G80/><T75/><AGARI ba="0,0" hai="27,28,29,30,31,32,72,74,75,85,86" m="45675" machi="75" ten="40,1500,0" yaku="12,1" doraHai="108" who="0" fromWho="0" sc="355,15,120,-4,278,-7,247,-4" /><INIT seed="7,0,0,3,2,71" ten="370,116,271,243" oya="3" hai0="22,54,65,26,134,58,131,40,91,132,41,107,50" hai1="4,114,80,55,1,88,119,115,19,13,57,123,36" hai2="46,113,104,10,51,61,68,53,92,25,17,78,44" hai3="35,72,103,43,111,15,3,124,8,108,135,66,89"/><W67/><G3/><T34/><D34/><U126/><E123/><V5/><F104/><W110/><G35/><T84/><D107/><U77/><E126/><V112/><F78/><W129/><G72/><T120/><D120/><U38/><E119/><V101/><F46/><W24/><G124/><T121/><D121/><U118/><E118/><V133/><F133/><N who="0" m="51306" /><D65/><U105/><E105/><V96/><F17/><W127/><G103/><T122/><D131/><U95/><E4/><V99/><F99/><W9/><G135/><T64/><D64/><U117/><E1/><V109/><F25/><W70/><G24/><T97/><D97/><U16/><E117/><V116/><F109/><W87/><G127/><T130/><D130/><U102/><E102/><V81/><F81/><N who="3" m="49391" /><G129/><T14/><D14/><U62/><E115/><N who="2" m="44107" /><F116/><W74/><G74/><T49/><D49/><U56/><E56/><V59/><F68/><W29/><G70/><T106/><D106/><U33/><E33/><V27/><F27/><W7/><G29/><N who="0" m="17623" /><D122/><U75/><E114/><V32/><F32/><W76/><G76/><T28/><D28/><U37/><REACH who="1" step="1"/><E13/><REACH who="1" ten="370,106,271,243" step="2"/><V21/><F101/><W20/><G7/><T12/><D12/><U48/><E48/><V45/><F51/><W90/><G20/><T93/><AGARI ba="0,1" hai="40,41,50,54,58,84,91,93" m="17623,51306" machi="93" ten="30,1100,0" yaku="20,1" doraHai="71" who="0" fromWho="0" sc="370,21,106,-3,271,-3,243,-5" owari="391,49.1,103,-39.7,268,6.8,238,-16.2" /></mjloggm>