<mjloggm ver="2.3"><GO type="169" lobby="0"/><UN n0="%E2%97%8E%E3%82%88%E3%81%97%E2%97%8E" n1="%4D%72%52%41%4D%4F" n2="%E4%B8%89%E6%B2%B3%E5%B1%8B%E3%81%AE%E3%82%B5%E3%83%96" n3="%4D%41%43%4F%54%4F" dan="17,16,16,16" rate="2164.80,2120.69,2152.95,2064.66" sx="M,M,M,F"/><TAIKYOKU oya="0"/><INIT seed="0,0,0,2,5,133" ten="250,250,250,250" oya="0" hai0="0,63,98,58,92,54,102,70,71,4,16,116,35" hai1="68,10,91,108,82,8,124,80,42,107,78,95,56" hai2="25,97,1,90,12,104,23,51,83,47,60,55,123" hai3="40,32,100,19,17,43,37,21,118,69,3,111,62"/><T93/><D116/><U53/><E68/><V49/><F1/><W15/><G118/><T34/><D0/><U14/><E107/><V18/><F123/><W119/><G32/><T128/><D4/><U81/><E108/><V105/><F60/><W132/><G111/><T20/><D128/><U28/><E42/><V113/><F113/><W31/><G3/><T59/><D35/><U96/><E28/><V103/><F105/><W79/><G132/><T24/><D34/><U61/><E124/><V120/><F120/><W72/><G31/><T65/><REACH who="0" step="1"/><D93/><REACH who="0" ten="240,250,250,250" step="2"/><U66/><E78/><V6/><F6/><W26/><G119/><T130/><D130/><U89/><E8/><V52/><F104/><W131/><G79/><T122/><D122/><U38/><E38/><V77/><F77/><W5/><G37/><T135/><D135/><U87/><REACH who="1" step="1"/><E66/><REACH who="1" ten="240,240,250,250" step="2"/><V76/><F76/><W50/><G131/><T48/><AGARI ba="0,2" hai="16,20,24,48,54,58,59,63,65,70,71,92,98,102" machi="48" ten="20,18000,2" yaku="1,1,0,1,7,1,54,1,53,2" doraHai="133" doraHaiUra="67" who="0" fromWho="0" sc="240,200,240,-60,250,-60,250,-60" /><INIT seed="0,1,0,2,1,117" ten="440,180,190,190" oya="0" hai0="62,113,89,4,37,8,12,13,130,49,84,132,23" hai1="70,122,42,101,121,30,71,36,93,31,100,61,131" hai2="96,2,44,110,21,69,92,105,99,51,97,39,129" hai3="88,45,50,112,124,103,111,63,24,104,0,118,40"/><T60/><D37/><U65/><E70/><V86/><F110/><W128/><G112/><T10/><D113/><U29/><E131/><V27/><F129/><W3/><G118/><T91/><D132/><U125/><E125/><V107/><F2/><W46/><G111/><T127/><D127/><U123/><REACH who="1" step="1"/><E93/><REACH who="1" ten="440,170,190,190" step="2"/><V6/><F69/><W68/><G124/><T135/><D130/><U47/><AGARI ba="1,1" hai="29,30,31,36,42,47,61,65,71,100,101,121,122,123" machi="47" ten="40,12000,2" yaku="1,1,2,1,0,1,52,3,53,0" doraHai="117" doraHaiUra="120" who="1" fromWho="1" sc="440,-61,170,133,190,-31,190,-31" /><INIT seed="1,0,0,0,1,93" ten="379,303,159,159" oya="1" hai0="14,43,44,56,61,83,69,48,121,53,80,119,6" hai1="129,19,81,132,66,85,30,130,37,95,68,28,23" hai2="40,90,12,125,32,104,4,128,7,124,99,94,31" hai3="5,17,11,45,123,86,116,126,73,36,92,75,9"/><U15/><E37/><V135/><F128/><N who="1" m="49257" /><E132/><V62/><F135/><W26/><G123/><T113/><D119/><U60/><E95/><V77/><F40/><W97/><G126/><N who="2" m="48745" /><F77/><AGARI ba="0,0" hai="15,19,23,28,30,60,66,68,77,81,85" m="49257" machi="77" ten="30,1500,0" yaku="19,1" doraHai="93" who="1" fromWho="2" sc="379,0,303,15,159,-15,159,0" /><INIT seed="1,1,0,1,4,9" ten="379,318,144,159" oya="1" hai0="111,42,47,50,23,118,97,1,53,51,129,4,31" hai1="87,105,21,96,116,6,73,28,79,58,16,55,49" hai2="120,106,43,24,19,69,15,126,109,77,14,60,70" hai3="37,83,64,40,0,117,80,100,18,119,3,61,68"/><U133/><E116/><N who="3" m="44618" /><G100/><T131/><D118/><U93/><E133/><V92/><F106/><W11/><G40/><T72/><D111/><U41/><E6/><V113/><F120/><W52/><G37/><T5/><D72/><U44/><E73/><V84/><F109/><W26/><G52/><N who="0" m="29791" /><D1/><N who="3" m="585" /><G26/><N who="0" m="16863" /><D42/><U127/><E127/><V45/><F126/><W46/><G46/><N who="0" m="27895" /><D97/><U32/><E105/><V76/><F43/><W38/><G38/><T56/><D56/><U114/><E114/><V81/><F113/><W30/><G30/><T107/><D107/><U57/><E28/><V130/><F69/><W25/><G25/><T34/><D34/><U128/><E32/><V123/><F24/><W10/><G10/><T22/><D22/><U59/><E41/><V54/><F70/><W99/><G99/><T48/><D48/><U74/><E74/><V82/><F54/><W102/><G102/><T33/><D33/><U94/><E96/><V7/><F45/><W36/><G36/><T124/><D124/><U86/><E86/><V39/><F84/><W71/><G71/><T122/><D122/><U95/><E87/><V66/><F39/><W104/><G104/><T63/><D63/><U91/><E79/><V65/><F60/><W12/><AGARI ba="1,0" hai="11,12,18,61,64,68,80,83" m="585,44618" machi="12" ten="40,2700,0" yaku="12,1,52,1" doraHai="9" who="3" fromWho="3" sc="379,-8,318,-14,144,-8,159,30" /><INIT seed="2,0,0,0,5,34" ten="371,304,136,189" oya="2" hai0="82,60,39,68,13,32,14,109,127,122,113,74,123" hai1="62,43,2,110,66,42,78,69,23,99,44,4,24" hai2="73,76,40,89,111,71,36,21,29,114,49,85,22" hai3="120,47,133,105,28,70,17,88,116,91,108,57,30"/><V130/><F114/><W65/><G116/><T101/><D113/><U97/><E110/><V9/><F71/><W59/><G120/><T128/><D39/><U10/><E78/><V103/><F130/><W98/><G133/><T5/><D32/><U124/><E124/><V115/><F115/><W72/><G72/><T100/><D109/><U131/><E131/><V6/><F36/><W15/><G70/><T54/><D127/><U26/><E26/><V25/><F111/><W67/><G105/><T46/><D68/><U19/><REACH who="1" step="1"/><E42/><REACH who="1" ten="371,294,136,189" step="2"/><V135/><F135/><W31/><G108/><T132/><D132/><U118/><E118/><V95/><F76/><W37/><G37/><AGARI ba="0,1" hai="2,4,10,19,23,24,37,43,44,62,66,69,97,99" machi="37" ten="30,3900,0" yaku="1,1,7,1,52,1,53,0" doraHai="34" doraHaiUra="96" who="1" fromWho="3" sc="371,0,294,49,136,0,189,-39" /><INIT seed="3,0,0,2,5,66" ten="371,343,136,150" oya="3" hai0="41,135,99,102,14,96,72,98,7,128,33,23,120" hai1="106,70,93,11,58,132,115,13,5,44,84,105,60" hai2="76,80,26,49,51,81,85,64,119,30,130,131,0" hai3="6,107,61,77,9,52,103,91,117,62,15,57,95"/><W101/><G117/><T50/><D120/><U123/><E123/><V25/><F0/><W116/><G116/><T19/><D72/><U82/><E115/><V53/><F119/><W45/><G107/><T43/><D33/><U31/><E132/><V86/><F64/><W92/><G77/><T74/><D74/><U32/><E93/><V42/><F42/><W56/><G45/><T2/><D128/><U113/><E113/><V112/><F112/><W17/><G6/><T1/><D135/><U10/><E44/><V108/><F108/><W27/><G27/><T90/><D102/><U28/><E11/><V114/><F114/><W34/><G34/><T83/><D50/><U16/><E5/><V75/><F75/><W125/><G125/><T133/><D133/><U122/><E122/><V87/><F87/><W73/><G73/><T69/><D69/><U118/><E118/><V37/><F37/><W38/><G38/><T100/><D100/><U67/><E58/><V104/><F104/><W48/><G95/><T35/><D35/><U3/><E3/><V126/><F126/><W110/><G110/><T54/><D7/><U4/><E4/><V46/><F51/><W68/><G68/><T63/><D2/><U134/><E134/><V21/><REACH who="2" step="1"/><F26/><REACH who="2" ten="371,343,126,150" step="2"/><W24/><G24/><T71/><D1/><U36/><E36/><V12/><F12/><W109/><G48/><T65/><D54/><U20/><E84/><V59/><F59/><W29/><G109/><T89/><D43/><U22/><E105/><V8/><F8/><W47/><G9/><T94/><D41/><RYUUKYOKU ba="0,1" sc="371,15,343,-15,126,15,150,-15" hai0="14,19,23,63,65,71,83,89,90,94,96,98,99" hai2="21,25,30,46,49,53,76,80,81,85,86,130,131" /><INIT seed="4,1,1,0,3,78" ten="386,328,141,135" oya="0" hai0="107,22,96,120,33,102,98,100,119,46,38,31,92" hai1="58,88,112,41,32,128,9,55,2,63,59,97,61" hai2="14,93,40,69,51,125,68,66,124,60,101,103,134" hai3="74,17,117,82,48,53,5,72,67,27,110,113,50"/><T111/><D120/><U4/><E32/><V87/><F134/><W76/><G110/><T99/><D119/><U65/><E128/><V94/><F68/><W135/><G135/><T126/><D126/><N who="2" m="48746" /><F14/><W62/><G113/><T52/><D33/><U118/><E118/><V121/><F121/><W90/><G117/><T19/><D111/><U83/><E41/><V34/><F34/><W56/><G5/><T81/><D31/><U131/><E131/><V29/><F29/><W91/><G72/><T75/><D99/><U132/><E112/><V37/><F37/><W115/><G50/><T24/><D38/><U26/><E132/><V79/><F94/><W129/><G129/><T127/><D127/><U89/><E26/><V44/><F93/><W71/><REACH who="3" step="1"/><G115/><REACH who="3" ten="386,328,141,125" step="2"/><T45/><D75/><U21/><E97/><V133/><F133/><W130/><G130/><T73/><D73/><U77/><REACH who="1" step="1"/><E21/><AGARI ba="1,2" hai="17,21,27,48,53,56,62,67,71,74,76,82,90,91" machi="21" ten="40,8000,1" yaku="1,1,52,1,53,2" doraHai="78" doraHaiUra="86" who="3" fromWho="1" sc="386,0,328,-83,141,0,125,103" /><INIT seed="5,0,0,1,1,2" ten="386,245,141,228" oya="1" hai0="74,108,88,99,53,118,16,58,50,29,32,132,91" hai1="80,54,101,43,81,12,87,11,122,97,64,15,42" hai2="70,23,104,71,13,129,133,94,3,100,10,66,46" hai3="78,72,25,112,102,36,116,27,62,111,41,75,8"/><U106/><E122/><V103/><F104/><W34/><G111/><T7/><D108/><U121/><E121/><V115/><F129/><W105/><G27/><T24/><D74/><U51/><E64/><V28/><F133/><W19/><G112/><T114/><D118/><U77/><E81/><V57/><F115/><W69/><G19/><T123/><D123/><U125/><E125/><V117/><F117/><W93/><G93/><T22/><D114/><U9/><E54/><V110/><F110/><W124/><G124/><T60/><D132/><U113/><E51/><V76/><F76/><W56/><G56/><T130/><D130/><U45/><E45/><V131/><F131/><W134/><G78/><T17/><D32/><U107/><E107/><V0/><F0/><W30/><G8/><T55/><D7/><U86/><E86/><V5/><F46/><N who="3" m="23847" /><G134/><T85/><D99/><U120/><E120/><V14/><F3/><W73/><G116/><T65/><D91/><U4/><REACH who="1" step="1"/><E113/><REACH who="1" ten="386,235,141,228" step="2"/><V61/><F70/><W21/><G73/><T96/><D96/><U59/><E59/><V79/><F71/><W48/><G48/><T127/><D127/><U109/><E109/><V47/><F47/><W92/><G105/><T84/><D84/><U26/><E26/><N who="2" m="16479" /><F94/><W37/><G75/><T95/><D55/><U68/><E68/><AGARI ba="0,1" hai="16,17,22,24,29,50,53,58,60,65,68,85,88,95" machi="68" ten="30,3900,0" yaku="7,1,54,2" doraHai="2" who="0" fromWho="1" sc="386,49,235,-39,141,0,228,0" /><INIT seed="6,0,0,5,2,88" ten="435,196,141,228" oya="2" hai0="101,6,30,75,127,123,60,103,115,102,64,62,86" hai1="2,32,46,84,76,69,22,11,133,126,77,67,104" hai2="90,73,78,45,63,20,70,54,24,28,33,81,68" hai3="99,57,95,37,48,71,109,0,49,53,108,44,43"/><V27/><F90/><W52/><G0/><T17/><D123/><U21/><E32/><V40/><F54/><W92/><G71/><T87/><D75/><U105/><E126/><V113/><F113/><W135/><G135/><T97/><D6/><U132/><E46/><V94/><F63/><N who="0" m="24106" /><D30/><U107/><E67/><V8/><F8/><W47/><REACH who="3" step="1"/><G95/><REACH who="3" ten="435,196,141,218" step="2"/><N who="0" m="58559" /><D115/><U82/><E69/><V50/><REACH who="2" step="1"/><F94/><REACH who="2" ten="435,196,131,218" step="2"/><W34/><G34/><T15/><D127/><U7/><E76/><V5/><F5/><W134/><G134/><AGARI ba="0,2" hai="2,7,11,21,22,77,82,84,104,105,107,132,133,134" machi="134" ten="50,1600,0" yaku="20,1" doraHai="88" who="1" fromWho="3" sc="435,0,196,36,131,0,218,-16" /><INIT seed="7,0,0,0,3,4" ten="435,232,131,202" oya="3" hai0="66,42,5,22,49,57,12,89,112,95,50,93,45" hai1="63,77,114,85,96,108,27,84,44,76,82,73,37" hai2="99,64,40,30,62,127,58,132,33,133,74,88,115" hai3="87,90,69,41,81,128,104,32,110,97,6,23,111"/><W36/><G32/><T55/><D112/><U20/><E108/><N who="3" m="41514" /><G69/><T86/><D66/><U131/><E114/><V3/><F115/><W120/><G120/><T47/><D5/><U67/><E131/><V17/><F74/><W117/><G117/><T107/><D107/><U56/><E73/><V118/><F118/><W100/><G23/><T34/><D34/><U46/><E37/><V103/><F3/><W126/><G126/><T26/><D12/><U122/><E96/><V125/><F40/><W21/><G128/><T10/><D10/><U2/><E2/><V53/><F103/><W19/><G6/><T60/><D22/><U9/><E9/><V79/><F79/><W54/><G54/><N who="0" m="33847" /><D26/><U59/><E59/><V78/><F78/><W18/><G21/><T24/><D24/><U35/><E35/><V91/><F17/><W8/><G8/><T121/><D121/><U28/><E122/><V13/><F13/><W116/><G116/><T119/><D119/><U61/><E61/><V11/><F11/><W38/><G38/><T83/><AGARI ba="0,0" hai="42,45,47,49,50,55,83,86,89,93,95" m="33847" machi="83" ten="30,1100,0" yaku="8,1" doraHai="4" who="0" fromWho="0" sc="435,11,232,-3,131,-3,202,-5" owari="446,54.6,229,2.9,128,-37.2,197,-20.3" /></mjloggm>