<mjloggm ver="2.3"><GO type="169" lobby="0"/><UN n0="%E5%8C%97%E6%AC%A7%E3%81%AE%E3%82%82%E3%81%93%E3%81%86" n1="%E8%B5%A4%E6%9C%A8%E3%81%97%E3%81%92%E3%82%8B" n2="%52%65%61%6C%58" n3="%E3%81%97%E3%82%89%E3%81%99%EF%BC%A1" dan="16,16,16,16" rate="2112.83,2063.77,2180.10,2147.44" sx="M,M,F,M"/><TAIKYOKU oya="0"/><INIT seed="0,0,0,5,3,25" ten="250,250,250,250" oya="0" hai0="54,127,133,84,66,95,96,18,83,21,47,40,125" hai1="115,116,55,75,31,16,58,59,102,20,10,119,7" hai2="38,114,108,87,85,93,3,24,15,4,8,117,111" hai3="39,12,76,67,90,51,134,92,73,70,53,5,36"/><T69/><D133/><U106/><E75/><V17/><F114/><W37/><G134/><T104/><D104/><U97/><E59/><V88/><F38/><W45/><G73/><T122/><D122/><U126/><E126/><N who="0" m="48137" /><D54/><U123/><E115/><V19/><F117/><W13/><G76/><T99/><D66/><U28/><E123/><V46/><F46/><W0/><G0/><T68/><D18/><U124/><E124/><V52/><F19/><W34/><G5/><T41/><D21/><U132/><E132/><V86/><F24/><W42/><G34/><T120/><D120/><U130/><E130/><V43/><F43/><N who="0" m="16458" /><D47/><U60/><E119/><V118/><F118/><W6/><G6/><T82/><D84/><U105/><E105/><V48/><F4/><W71/><G37/><T44/><D44/><U81/><E81/><N who="0" m="30729" /><D95/><U101/><E101/><V98/><F3/><W27/><G39/><T29/><D29/><U107/><E107/><V100/><F100/><W23/><G67/><T109/><D109/><N who="2" m="42058" /><F48/><W1/><G36/><T129/><D129/><U79/><E79/><V89/><F52/><W33/><G53/><T57/><D57/><U62/><E116/><V110/><N who="2" m="42066" /><V35/><DORA hai="9" /><F89/><W112/><G112/><T135/><D135/><U30/><E62/><V32/><AGARI ba="0,0" hai="8,15,17,32,35,85,86,87,88,93,98" m="42066" machi="32" ten="50,6400,0" yaku="14,1,52,1,54,1" doraHai="25,9" who="2" fromWho="2" sc="250,-32,250,-16,250,64,250,-16" /><INIT seed="1,0,0,0,2,116" ten="218,234,314,234" oya="1" hai0="92,78,83,108,90,15,99,72,35,103,100,0,1" hai1="67,94,74,125,61,115,120,55,134,16,36,56,113" hai2="80,54,121,6,85,128,89,124,9,105,98,25,22" hai3="26,33,97,7,101,131,17,8,123,59,53,106,46"/><U18/><E36/><V51/><F128/><W82/><G123/><T41/><D108/><U87/><E74/><V63/><F124/><W62/><G131/><T11/><D35/><U122/><E94/><V104/><F121/><N who="1" m="46697" /><E87/><V5/><F63/><W127/><G127/><T3/><REACH who="0" step="1"/><D41/><REACH who="0" ten="208,234,314,234" step="2"/><U23/><E125/><V44/><F6/><AGARI ba="0,1" hai="0,1,3,6,11,15,72,78,83,90,92,99,100,103" machi="6" ten="40,5200,0" yaku="1,1,2,1,53,1" doraHai="116" doraHaiUra="4" who="0" fromWho="2" sc="208,62,234,0,314,-52,234,0" /><INIT seed="2,0,0,0,3,55" ten="270,234,262,234" oya="2" hai0="18,62,67,98,40,100,32,104,126,133,119,78,92" hai1="132,97,99,125,45,3,128,47,77,13,69,87,65" hai2="9,11,109,127,72,38,12,94,26,71,58,70,21" hai3="41,84,103,27,116,34,6,33,22,10,25,86,14"/><V7/><F72/><W114/><G116/><T118/><D133/><U82/><E3/><V89/><F38/><W95/><G114/><T35/><D126/><U73/><E132/><V31/><F127/><W36/><G36/><T85/><D40/><U20/><E125/><V123/><F123/><W15/><G41/><T48/><D48/><U19/><E128/><V80/><F80/><W30/><G103/><T57/><D18/><U112/><E112/><V106/><F106/><W121/><G95/><T81/><REACH who="0" step="1"/><D104/><REACH who="0" ten="260,234,262,234" step="2"/><U115/><E115/><V0/><F109/><W2/><G121/><T91/><D91/><U44/><E77/><V56/><F70/><W66/><G30/><T43/><D43/><U76/><E69/><V29/><F71/><W51/><G51/><T93/><D93/><U102/><E102/><V129/><F129/><W37/><G37/><T130/><D130/><U90/><REACH who="1" step="1"/><E65/><REACH who="1" ten="260,224,262,234" step="2"/><V88/><F31/><W16/><G66/><T52/><D52/><U131/><E131/><V39/><F39/><W50/><G6/><T64/><D64/><U61/><E61/><V74/><F89/><W108/><G50/><T8/><D8/><U59/><E59/><N who="2" m="22571" /><F11/><W134/><G10/><T4/><D4/><U120/><E120/><V113/><F113/><W53/><G134/><T46/><D46/><U107/><E107/><V60/><F60/><W75/><G108/><T124/><D124/><U28/><E28/><V122/><F122/><W110/><G110/><T96/><D96/><U79/><E79/><V101/><F0/><W63/><G2/><T54/><D54/><RYUUKYOKU ba="0,2" sc="260,15,224,15,262,-15,234,-15" hai0="32,35,57,62,67,78,81,85,92,98,100,118,119" hai1="13,19,20,44,45,47,73,76,82,87,90,97,99" /><INIT seed="3,1,2,5,4,57" ten="275,239,247,219" oya="3" hai0="69,12,135,6,103,114,117,107,28,21,79,94,10" hai1="25,111,31,118,126,4,133,29,38,53,100,113,116" hai2="61,27,101,93,16,123,70,32,99,1,13,85,43" hai3="71,89,86,88,17,76,72,87,39,92,67,22,8"/><W102/><G39/><T14/><D107/><U106/><E38/><V115/><F115/><W48/><G72/><T50/><D117/><N who="1" m="45163" /><E113/><V122/><F1/><W59/><G76/><T36/><D36/><U97/><E4/><V66/><F43/><W2/><G102/><T128/><D135/><U33/><E31/><V23/><F85/><W105/><G105/><T95/><D69/><U77/><E133/><V7/><F7/><W40/><G71/><T125/><D125/><U56/><E126/><V34/><REACH who="2" step="1"/><F13/><REACH who="2" ten="275,239,237,219" step="2"/><W65/><G2/><T127/><D12/><U112/><E112/><V20/><F20/><W44/><G8/><T47/><D114/><U49/><E77/><V3/><F3/><W73/><G73/><T45/><D79/><U134/><E134/><V110/><F110/><AGARI ba="1,3" hai="25,29,33,49,53,56,97,100,106,110,111" m="45163" machi="110" ten="30,1000,0" yaku="12,1" doraHai="57" who="1" fromWho="2" sc="275,0,239,43,237,-13,219,0" /><INIT seed="4,0,0,2,5,0" ten="275,282,224,219" oya="0" hai0="117,101,102,22,132,72,126,42,36,97,134,61,113" hai1="71,65,73,51,104,119,16,10,131,84,107,37,47" hai2="44,9,1,12,130,49,86,70,39,85,109,25,18" hai3="112,59,68,81,124,53,93,103,100,129,88,24,57"/><T62/><D117/><U14/><E73/><V13/><F109/><W90/><G112/><T79/><D113/><U40/><E119/><V125/><F39/><W133/><G68/><T33/><D33/><U27/><E131/><V98/><F130/><W122/><G129/><T38/><D72/><U15/><E27/><V31/><F125/><W75/><G124/><T63/><D79/><U17/><E51/><V127/><F70/><W20/><G133/><N who="0" m="51307" /><D126/><U7/><E7/><N who="2" m="3135" /><F1/><W87/><G122/><T32/><D32/><U92/><E65/><V128/><F98/><N who="3" m="57639" /><G75/><T43/><D22/><U29/><E29/><V89/><F128/><W91/><G91/><T116/><D116/><U95/><E71/><V76/><F76/><W120/><G120/><T58/><D97/><U78/><E104/><V21/><F89/><W5/><G5/><T11/><D11/><U111/><E107/><V64/><F64/><W123/><G123/><T28/><D28/><U110/><E111/><V96/><F96/><W94/><G94/><T3/><D3/><U99/><E110/><V26/><F127/><W48/><G57/><T67/><D58/><U46/><E99/><V19/><F19/><AGARI ba="0,0" hai="19,20,24,48,53,59,81,87,90,100,103" m="57639" machi="19" ten="30,2000,0" yaku="8,1,54,1" doraHai="0" who="3" fromWho="2" sc="275,0,282,0,224,-20,219,20" /><INIT seed="5,0,0,4,1,15" ten="275,282,204,239" oya="1" hai0="120,46,56,113,85,37,26,21,9,82,86,54,134" hai1="66,125,100,73,70,24,42,116,48,18,90,33,94" hai2="22,44,69,92,1,89,87,103,126,64,133,5,13" hai3="30,77,117,83,34,29,35,127,19,36,49,38,91"/><U39/><E39/><V124/><F1/><W6/><G127/><N who="2" m="48681" /><F133/><W28/><G6/><T115/><D134/><U41/><E73/><V119/><F119/><W112/><G112/><N who="0" m="43083" /><D120/><U107/><E125/><V111/><F111/><W61/><G91/><T95/><D9/><U11/><E116/><V81/><F44/><W75/><G117/><T129/><D95/><U47/><E100/><V27/><F64/><W88/><G49/><T84/><D129/><U80/><E80/><V109/><F69/><W105/><G105/><T110/><D110/><U104/><E41/><V58/><F58/><W4/><G4/><T43/><D82/><U135/><E135/><V122/><F122/><W62/><G38/><T65/><D65/><U98/><E11/><N who="2" m="4335" /><F109/><W130/><G36/><T14/><D14/><U118/><E118/><V132/><F132/><W7/><G130/><T32/><D32/><U79/><E33/><V102/><F81/><W16/><G7/><T108/><D108/><U63/><REACH who="1" step="1"/><E79/><REACH who="1" ten="275,272,204,239" step="2"/><V106/><F106/><W57/><G35/><T123/><D123/><U60/><E60/><V128/><F128/><W31/><G61/><T76/><D76/><U45/><E45/><V10/><F10/><W96/><G34/><T72/><D72/><U99/><E99/><V12/><F103/><W59/><N who="3" m="7168" /><DORA hai="121" /><W68/><G96/><T40/><D46/><U3/><E3/><V78/><F78/><W114/><G114/><T20/><D37/><U23/><AGARI ba="0,1" hai="18,23,24,42,47,48,63,66,70,90,94,98,104,107" machi="23" ten="30,6000,0" yaku="1,1,0,1,52,1,53,0" doraHai="15,121" doraHaiUra="53,52" who="1" fromWho="1" sc="275,-20,272,70,204,-20,239,-20" /><INIT seed="5,1,0,5,3,49" ten="255,342,184,219" oya="1" hai0="31,84,74,77,53,117,7,116,106,130,68,29,61" hai1="109,5,79,40,14,2,28,87,50,100,85,9,112" hai2="82,55,93,119,56,127,110,89,57,113,34,102,6" hai3="114,33,36,120,44,65,13,30,73,92,133,19,132"/><U22/><E112/><V131/><F119/><W42/><G120/><T37/><D74/><U24/><E109/><V17/><F110/><W95/><G73/><T97/><D37/><U121/><E121/><V104/><F34/><W54/><G65/><T103/><D130/><U129/><E129/><V99/><F6/><W48/><G114/><T58/><D68/><U16/><E100/><V18/><F131/><W126/><G126/><T26/><D7/><U118/><E79/><V4/><F127/><W12/><G12/><T11/><D11/><U98/><E98/><V3/><F57/><W51/><G30/><T15/><D15/><U32/><E118/><V72/><F113/><W135/><G33/><T134/><D29/><U43/><E50/><V52/><F56/><N who="3" m="32839" /><G36/><T91/><D77/><U71/><REACH who="1" step="1"/><E71/><REACH who="1" ten="255,332,184,219" step="2"/><V47/><F102/><W123/><G123/><T70/><D70/><U60/><E60/><V78/><F104/><W46/><G46/><T38/><D38/><U86/><AGARI ba="1,1" hai="2,5,9,14,16,22,24,28,32,40,43,85,86,87" machi="86" ten="30,12000,1" yaku="1,1,0,1,24,2,54,1,53,0" doraHai="49" doraHaiUra="105" who="1" fromWho="1" sc="255,-41,332,133,184,-41,219,-41" /><INIT seed="5,2,0,3,3,129" ten="214,465,143,178" oya="1" hai0="17,23,52,110,41,67,93,58,121,12,43,117,97" hai1="70,50,60,18,77,99,83,132,15,128,118,40,61" hai2="25,33,71,55,90,86,19,45,78,62,56,3,113" hai3="103,64,92,6,49,5,46,105,9,54,44,111,82"/><U76/><E128/><V123/><F3/><W2/><G111/><T65/><D117/><U130/><E118/><V8/><F123/><W98/><G64/><N who="0" m="24651" /><D110/><U119/><E70/><V48/><F71/><W42/><G5/><T26/><D12/><U66/><E130/><V122/><F122/><W101/><G82/><T127/><D127/><U126/><E119/><V29/><F78/><W112/><G112/><T32/><D32/><U10/><E126/><V37/><F37/><W72/><G72/><T106/><D106/><U11/><E99/><V120/><F120/><W95/><REACH who="3" step="1"/><G101/><REACH who="3" ten="214,465,143,168" step="2"/><N who="0" m="60591" /><D121/><U115/><E115/><V116/><F113/><W47/><G47/><T125/><D125/><U7/><E83/><V22/><F116/><W81/><G81/><T13/><D13/><U107/><E15/><N who="2" m="7655" /><F33/><W4/><G4/><T51/><AGARI ba="2,1" hai="17,23,26,41,43,51,52,58" m="60591,24651" machi="51" ten="30,2000,0" yaku="8,1,54,1" doraHai="129" who="0" fromWho="0" sc="214,36,465,-12,143,-7,168,-7" /><INIT seed="6,0,0,3,5,36" ten="250,453,136,161" oya="2" hai0="22,123,76,4,79,118,54,85,51,41,5,117,16" hai1="42,63,114,91,120,99,61,108,47,107,25,97,57" hai2="27,89,124,103,73,40,64,10,83,58,135,6,18" hai3="74,23,60,68,44,130,52,20,12,70,128,84,21"/><V81/><F124/><W31/><G74/><T67/><D123/><U116/><E63/><N who="2" m="38007" /><F135/><W45/><G31/><T92/><D67/><U26/><E107/><V38/><F38/><W82/><G12/><T9/><D41/><U56/><E108/><V28/><F73/><W105/><G105/><T46/><D92/><U14/><E114/><V131/><F103/><W17/><G17/><T50/><D50/><N who="1" m="26999" /><E120/><V2/><F2/><W104/><G104/><T13/><D4/><U78/><E78/><V71/><F71/><W98/><G98/><N who="1" m="37386" /><E116/><N who="0" m="44649" /><D85/><U119/><E119/><V110/><F110/><W15/><G15/><AGARI ba="0,0" hai="5,9,13,15,16,22,46,51,54,76,79" m="44649" machi="15" ten="30,2000,0" yaku="12,1,54,1" doraHai="36" who="0" fromWho="3" sc="250,20,453,0,136,0,161,-20" /><INIT seed="7,0,0,4,1,128" ten="270,453,136,141" oya="3" hai0="51,71,43,14,61,40,88,118,110,37,98,125,133" hai1="60,105,23,74,2,72,104,10,62,95,17,91,53" hai2="86,78,68,109,101,70,47,116,49,45,52,87,107" hai3="25,123,131,38,100,66,113,15,129,81,120,20,28"/><W6/><G38/><T134/><D110/><U96/><E60/><V135/><F109/><W18/><G100/><T93/><D118/><U80/><E72/><V9/><F116/><W65/><G65/><T12/><D37/><U58/><E10/><V26/><F26/><W117/><G66/><N who="0" m="41423" /><D51/><U132/><E2/><V48/><F9/><N who="3" m="4535" /><G81/><T64/><D64/><U76/><E132/><N who="0" m="50793" /><D125/><U35/><E35/><V112/><F112/><W103/><G103/><T0/><D0/><U83/><E83/><V30/><F135/><W127/><G117/><T8/><D12/><AGARI ba="0,0" hai="12,17,23,53,58,62,74,76,80,91,95,96,104,105" machi="12" ten="30,1000,0" yaku="7,1" doraHai="128" who="1" fromWho="0" sc="270,-10,453,10,136,0,141,0" owari="260,6.0,463,56.3,136,-36.4,141,-25.9" /></mjloggm>