<mjloggm ver="2.3"><GO type="169" lobby="0"/><UN n0="%E3%81%BE%E3%82%86%E3%81%92" n1="%68%61%6B%75%30%37" n2="%31%74%61" n3="%73%79%75%70%6F%6E" dan="16,17,17,17" rate="2112.67,2198.62,2219.23,2205.32" sx="M,M,M,M"/><TAIKYOKU oya="0"/><INIT seed="0,0,0,0,3,61" ten="250,250,250,250" oya="0" hai0="127,110,57,86,13,84,92,106,50,39,42,101,23" hai1="87,20,64,124,34,121,76,93,123,74,21,2,88" hai2="134,35,58,19,6,97,9,47,78,122,99,24,51" hai3="108,72,105,102,52,36,114,60,69,66,98,103,120"/><T117/><D117/><U128/><E34/><V32/><F122/><W129/><G114/><T44/><D127/><U126/><E2/><V22/><F134/><W53/><G72/><T130/><D130/><U40/><E40/><V82/><F58/><W25/><G36/><T71/><D106/><U7/><E7/><V77/><F35/><W67/><G129/><T27/><D71/><U28/><E128/><V68/><F68/><W118/><G118/><T133/><D133/><U107/><E64/><V11/><F32/><W5/><G120/><N who="1" m="46154" /><E28/><V41/><F78/><W132/><G132/><T80/><D110/><U48/><E48/><V62/><F62/><W79/><G79/><T54/><D13/><U81/><E20/><V91/><F91/><W37/><G37/><T73/><D73/><U63/><E21/><V49/><F49/><W17/><G108/><T18/><REACH who="0" step="1"/><D80/><REACH who="0" ten="240,250,250,250" step="2"/><U96/><E63/><V109/><F109/><W0/><G60/><T31/><D31/><U46/><E46/><V26/><F26/><W75/><G25/><T59/><D59/><U29/><E29/><V65/><F47/><W119/><G69/><T12/><D12/><U104/><E104/><V56/><F56/><W94/><G105/><T10/><D10/><U4/><E4/><V33/><F9/><W3/><G5/><T55/><D55/><U113/><E113/><V30/><F6/><W45/><G45/><T85/><D85/><U38/><E38/><V83/><F11/><W14/><G14/><T100/><D100/><AGARI ba="0,1" hai="74,76,81,87,88,93,96,100,107,124,126" m="46154" machi="100" ten="30,7700,0" yaku="24,1,34,2,54,1" doraHai="61" who="1" fromWho="0" sc="240,-77,250,87,250,0,250,0" /><INIT seed="1,0,0,1,3,75" ten="163,337,250,250" oya="1" hai0="73,129,30,40,93,63,38,9,67,5,131,94,0" hai1="27,51,22,44,50,97,43,10,46,23,114,100,74" hai2="31,33,62,61,101,28,18,41,37,71,102,85,120" hai3="59,132,42,24,127,80,56,95,81,47,68,15,86"/><U116/><E114/><V122/><F41/><W104/><G104/><T7/><D30/><U128/><E128/><V29/><F37/><W118/><G68/><T45/><D7/><U6/><E116/><V134/><F33/><W1/><G1/><T32/><D32/><U96/><E74/><V8/><F134/><W2/><G2/><T119/><D119/><U39/><E39/><V115/><F115/><W26/><G127/><T60/><D60/><U84/><E84/><V92/><F71/><W34/><G34/><T72/><D94/><U52/><E100/><V65/><F122/><W21/><G132/><T12/><D12/><U103/><E103/><V99/><F120/><W105/><G105/><T77/><D93/><U108/><E108/><V76/><F65/><W66/><G66/><T113/><D113/><U64/><E64/><V19/><F102/><W55/><G15/><T54/><D54/><U123/><E123/><V3/><F3/><W130/><G55/><T35/><D35/><U112/><E112/><V36/><F36/><W90/><G26/><T91/><D91/><U126/><E126/><V16/><F8/><W58/><G130/><N who="0" m="49675" /><D77/><U98/><REACH who="1" step="1"/><E27/><REACH who="1" ten="163,327,250,250" step="2"/><V111/><F111/><W107/><G118/><T125/><D125/><U57/><E57/><AGARI ba="0,1" hai="0,5,9,38,40,45,57,63,67,72,73" m="49675" machi="57" ten="30,1000,0" yaku="19,1" doraHai="75" who="0" fromWho="1" sc="163,20,327,-10,250,0,250,0" /><INIT seed="2,0,0,2,0,6" ten="183,317,250,250" oya="2" hai0="55,37,70,89,124,119,94,78,131,121,43,92,21" hai1="46,122,133,61,96,5,135,18,58,101,132,11,57" hai2="13,81,51,73,72,59,115,74,98,40,12,130,53" hai3="109,49,54,41,31,52,113,87,107,25,85,134,23"/><V17/><F115/><W111/><G107/><T118/><D121/><U99/><E122/><V62/><F130/><W33/><G113/><T48/><D70/><U120/><E120/><V69/><F98/><W127/><G134/><T56/><D131/><U3/><E46/><V50/><F81/><W26/><G127/><T32/><D32/><U126/><E126/><V75/><N who="2" m="18432" /><DORA hai="36" /><V68/><F12/><W39/><G39/><T90/><D78/><U97/><E18/><V110/><F110/><N who="3" m="41995" /><G41/><T82/><D124/><U9/><E9/><V106/><F106/><W123/><G54/><T104/><D104/><N who="1" m="63527" /><E57/><V14/><F14/><W77/><G77/><T79/><D79/><U47/><E47/><V1/><F1/><W88/><G88/><N who="0" m="33899" /><D82/><U24/><E24/><V128/><F128/><W108/><G123/><T44/><D21/><U114/><E114/><V84/><F84/><W22/><G22/><T67/><D67/><AGARI ba="0,0" hai="3,5,11,58,61,67,97,99,132,133,135" m="63527" machi="67" ten="30,2000,0" yaku="20,1,52,1" doraHai="6,36" who="1" fromWho="0" sc="183,-20,317,20,250,0,250,0" /><INIT seed="3,0,0,4,3,119" ten="163,337,250,250" oya="3" hai0="104,117,9,26,96,36,63,106,69,110,122,76,30" hai1="91,121,62,103,2,48,83,65,53,39,59,40,118" hai2="114,105,64,129,66,21,86,7,132,80,34,115,134" hai3="56,10,94,52,81,44,102,33,77,128,87,88,18"/><W107/><G33/><T124/><D117/><U135/><E118/><V47/><F34/><W42/><G128/><T112/><D36/><U85/><E2/><V113/><F105/><W71/><G71/><T28/><D76/><U73/><E135/><N who="2" m="51755" /><F7/><W22/><G10/><T29/><D9/><U50/><E103/><V49/><F21/><W127/><G127/><T123/><D124/><U6/><E6/><V90/><F129/><W13/><G107/><T3/><D3/><U1/><E48/><V79/><F90/><W61/><G102/><N who="0" m="62535" /><D106/><U108/><E73/><V100/><F100/><W16/><G18/><T43/><D43/><AGARI ba="0,0" hai="43,47,49,64,66,79,80,86,113,114,115" m="51755" machi="43" ten="40,1300,0" yaku="20,1" doraHai="119" who="2" fromWho="0" sc="163,-13,337,0,250,13,250,0" /><INIT seed="4,0,0,3,1,128" ten="150,337,263,250" oya="0" hai0="24,96,63,81,80,57,131,73,21,103,95,1,40" hai1="65,117,82,77,66,18,110,62,5,134,6,10,27" hai2="111,69,121,91,0,31,51,72,46,17,3,75,79" hai3="68,38,16,48,53,56,22,94,28,70,44,102,9"/><T67/><D131/><U93/><E110/><V12/><F111/><W54/><G28/><T39/><D1/><U26/><E117/><V36/><F69/><W19/><G9/><T84/><D39/><U130/><E130/><V132/><F36/><W42/><G54/><T47/><D73/><U35/><E134/><V115/><F132/><W41/><G41/><T89/><D40/><U120/><E120/><V122/><F31/><W32/><G32/><T43/><D43/><U107/><E107/><V52/><F115/><W49/><G38/><T118/><D118/><U30/><E93/><V15/><F15/><W123/><G19/><T108/><D108/><U20/><E65/><V129/><F129/><W71/><G123/><T98/><D47/><U55/><E55/><V83/><F72/><W126/><G126/><T37/><D37/><U106/><E106/><V64/><F64/><W97/><REACH who="3" step="1"/><G71/><REACH who="3" ten="150,337,263,240" step="2"/><T113/><D113/><U78/><E10/><V114/><F114/><W86/><G86/><T11/><D11/><U135/><E135/><V23/><F122/><W92/><G92/><N who="0" m="58759" /><D84/><U7/><REACH who="1" step="1"/><E82/><REACH who="1" ten="150,327,263,240" step="2"/><V133/><F121/><W99/><G99/><T14/><D14/><AGARI ba="0,2" hai="14,16,22,42,44,48,49,53,56,68,70,94,97,102" machi="14" ten="30,7700,0" yaku="1,1,7,1,54,1,53,1" doraHai="128" doraHaiUra="90" who="3" fromWho="0" sc="150,-77,327,0,263,0,240,97" /><INIT seed="5,0,0,3,1,97" ten="73,327,263,337" oya="1" hai0="9,50,56,134,31,22,10,14,102,5,95,94,66" hai1="24,6,0,21,116,131,68,93,125,17,38,48,109" hai2="112,36,51,74,89,78,39,69,60,4,23,52,82" hai3="77,34,119,54,111,57,3,16,85,83,41,63,114"/><U86/><E38/><V40/><F112/><W126/><G111/><T101/><D134/><U46/><E116/><V129/><F129/><W18/><G34/><T35/><D35/><U88/><E68/><V1/><F23/><W133/><G3/><T76/><D76/><U72/><E131/><V8/><F89/><W55/><G114/><T122/><D122/><U135/><E125/><V42/><F39/><W80/><G133/><T107/><D107/><U25/><E135/><V100/><F36/><W27/><G41/><T118/><D118/><U91/><E72/><V49/><F49/><W92/><G126/><T130/><D130/><U70/><E70/><V87/><F74/><W13/><G92/><N who="0" m="35371" /><D10/><U103/><E109/><V11/><F11/><W2/><G2/><T32/><D32/><U98/><E24/><V99/><F60/><W123/><G123/><T124/><D124/><U33/><E33/><V106/><REACH who="2" step="1"/><F69/><REACH who="2" ten="73,327,253,337" step="2"/><W30/><G63/><N who="0" m="38247" /><D50/><U71/><E71/><V53/><F53/><W81/><G54/><T12/><D31/><U67/><E67/><V19/><F19/><AGARI ba="0,1" hai="5,9,12,14,19,22,101,102" m="38247,35371" machi="19" ten="30,3900,0" yaku="8,1,52,2" doraHai="97" who="0" fromWho="2" sc="73,49,327,0,253,-39,337,0" /><INIT seed="6,0,0,5,5,6" ten="122,327,214,337" oya="2" hai0="42,19,40,74,45,64,13,104,59,72,131,71,3" hai1="73,28,121,125,17,23,46,21,95,130,2,67,97" hai2="54,99,25,135,22,8,100,55,90,82,31,56,126" hai3="134,127,29,110,78,114,26,116,0,60,77,66,14"/><V123/><F126/><W63/><G0/><T70/><D104/><U129/><E73/><V5/><F135/><W12/><G116/><T93/><D3/><U27/><E125/><V18/><F123/><W128/><G110/><T86/><D131/><N who="1" m="50187" /><E2/><V53/><F31/><W102/><G128/><T34/><D34/><U113/><E113/><V98/><F100/><W44/><G127/><T43/><D45/><U119/><E119/><V33/><F33/><W39/><G102/><T30/><D30/><U103/><E67/><V107/><F107/><W61/><G66/><T49/><D64/><U68/><E68/><V89/><F56/><W94/><G94/><T41/><N who="0" m="10240" /><DORA hai="105" /><T7/><D7/><U80/><E80/><V96/><REACH who="2" step="1"/><F82/><REACH who="2" ten="122,327,204,337" step="2"/><W10/><G29/><T83/><D71/><U47/><E121/><V101/><F101/><W15/><G134/><T38/><D70/><U133/><E133/><V92/><F92/><W24/><G44/><T9/><D38/><U81/><E81/><V32/><F32/><W120/><G39/><T20/><D93/><U69/><E69/><V16/><F16/><W51/><G120/><T115/><D115/><U117/><E117/><V48/><F48/><W91/><G51/><T124/><D124/><U36/><E36/><V52/><N who="2" m="13312" /><DORA hai="1" /><V111/><F111/><W108/><G108/><T76/><D59/><U106/><E106/><V84/><F84/><W87/><G114/><T58/><D58/><U85/><E85/><V112/><F112/><W50/><G50/><T75/><D49/><U118/><E118/><V37/><F37/><RYUUKYOKU ba="0,1" sc="122,10,327,10,204,10,337,-30" hai0="9,13,19,20,72,74,75,76,83,86" hai1="17,21,23,27,28,46,47,95,97,103" hai2="5,8,18,22,25,89,90,96,98,99" /><INIT seed="6,1,1,0,5,14" ten="132,337,214,307" oya="2" hai0="9,44,2,12,130,3,95,21,134,50,82,92,80" hai1="56,62,132,6,84,53,94,135,123,55,47,72,11" hai2="102,105,107,57,113,115,23,111,106,96,81,89,51" hai3="52,66,1,125,28,26,17,97,63,127,108,73,60"/><V110/><F57/><N who="3" m="34855" /><G1/><T76/><D134/><N who="1" m="51243" /><E72/><V0/><F51/><W98/><G73/><T75/><D130/><U99/><E84/><N who="2" m="50319" /><F0/><W58/><G108/><N who="2" m="41513" /><F23/><N who="3" m="13679" /><G28/><T41/><D21/><U22/><E123/><V119/><F119/><W13/><G13/><T69/><D69/><U59/><E47/><V4/><F4/><W74/><G74/><T16/><D92/><AGARI ba="1,1" hai="92,96,102,105,106,107,113,115" m="41513,50319" machi="92" ten="40,7700,0" yaku="10,1,34,2" doraHai="14" who="2" fromWho="0" sc="132,-80,337,0,214,90,307,0" /><INIT seed="6,2,0,2,5,109" ten="52,337,304,307" oya="2" hai0="7,43,113,118,81,92,80,13,105,114,82,115,25" hai1="59,60,88,123,126,2,135,42,101,47,89,37,99" hai2="96,106,55,44,11,51,79,73,70,56,120,0,24" hai3="41,133,65,54,117,5,4,50,35,22,30,61,17"/><V40/><F120/><W129/><G117/><T12/><D43/><U49/><E2/><V130/><F130/><W131/><G41/><T116/><D25/><U91/><E123/><V21/><F70/><W103/><G103/><T87/><D105/><U119/><E119/><N who="0" m="45609" /><D7/><U77/><E135/><V23/><F106/><W6/><G30/><T3/><D3/><U86/><E126/><V34/><F96/><W85/><G85/><T38/><D38/><U90/><E77/><V18/><F34/><W66/><G35/><T104/><D104/><U27/><E27/><V76/><F73/><W107/><G107/><T52/><D52/><N who="1" m="33895" /><E37/><V46/><F46/><W108/><G133/><T48/><D48/><U9/><E9/><V95/><F23/><W78/><G108/><T122/><D122/><U75/><E75/><V102/><F0/><W33/><G33/><T45/><D45/><U53/><E42/><V68/><F68/><W127/><G61/><T29/><D29/><U71/><E71/><V62/><F11/><W121/><G121/><T63/><D63/><U19/><E19/><V67/><F67/><W132/><G132/><T134/><D134/><U83/><E101/><V100/><F100/><W32/><G32/><T16/><D16/><U8/><E8/><V125/><F125/><W57/><G127/><T36/><D36/><U1/><E1/><V39/><F39/><W112/><G129/><T28/><D28/><U93/><AGARI ba="2,0" hai="47,49,53,83,86,88,89,90,91,93,99" m="33895" machi="93" ten="30,4000,0" yaku="8,1,54,2" doraHai="109" who="1" fromWho="1" sc="52,-12,337,46,304,-22,307,-12" /><INIT seed="7,0,0,1,2,44" ten="40,383,282,295" oya="3" hai0="97,27,9,35,76,14,50,18,45,104,122,67,69" hai1="55,64,39,86,24,7,10,6,91,3,126,131,130" hai2="93,56,78,99,101,102,119,59,61,46,85,30,38" hai3="16,0,60,108,40,96,118,19,83,21,92,57,133"/><W114/><G118/><T43/><D122/><U116/><E116/><V20/><F119/><W34/><G34/><T89/><D69/><U58/><E39/><V132/><F132/><W4/><G133/><T124/><D67/><U125/><E7/><V33/><F33/><W13/><G114/><T28/><D124/><N who="1" m="47723" /><E24/><N who="2" m="16647" /><F38/><W49/><G108/><T2/><D76/><U100/><E100/><N who="2" m="60527" /><F46/><N who="3" m="25799" /><G0/><T74/><D74/><U31/><E64/><N who="2" m="38951" /><F59/><W113/><G113/><T41/><D104/><U8/><E8/><V129/><F129/><W128/><G128/><T75/><D75/><U22/><E22/><V105/><F105/><W106/><G106/><T65/><D65/><U68/><E31/><V127/><F127/><W36/><G36/><T79/><D79/><U95/><E68/><V48/><F48/><AGARI ba="0,0" hai="3,6,10,48,55,58,86,91,95,130,131" m="47723" machi="48" ten="30,2000,0" yaku="18,1,52,1" doraHai="44" who="1" fromWho="2" sc="40,0,383,20,282,-20,295,0" owari="40,-46.0,403,50.3,262,-13.8,295,9.5" /></mjloggm>