<mjloggm ver="2.3"><GO type="169" lobby="0"/><UN n0="%E5%BA%84%E5%8F%B8%E5%81%A5%E5%A4%AA%E6%9C%97" n1="%73%79%75%70%6F%6E" n2="%E5%85%A8%E9%80%9F%E3%82%86%E3%83%BC%E3%81%B8%E3%81%84" n3="%E3%80%90%E7%BD%AA%E6%AD%8C%E3%80%91" dan="16,17,18,17" rate="2065.93,2213.70,2188.72,2157.18" sx="M,M,M,M"/><TAIKYOKU oya="0"/><INIT seed="0,0,0,4,1,47" ten="250,250,250,250" oya="0" hai0="9,127,61,82,11,20,77,106,117,66,75,36,29" hai1="35,97,39,103,62,44,111,115,134,71,123,86,124" hai2="90,108,91,10,46,89,27,74,114,59,94,133,101" hai3="109,60,110,26,116,88,83,34,72,4,14,102,63"/><T135/><D117/><U51/><E35/><V119/><F114/><W5/><G116/><T80/><D106/><U87/><E123/><V17/><F74/><W55/><G102/><T16/><D36/><U92/><E115/><V96/><F108/><N who="3" m="41579" /><G72/><T7/><D135/><U48/><E111/><V30/><F133/><W37/><G37/><T13/><D127/><U53/><E39/><V42/><F119/><W81/><G81/><T84/><D29/><U95/><E124/><V120/><F120/><W2/><G2/><T65/><D61/><N who="3" m="23625" /><G14/><T21/><D21/><U22/><E22/><N who="2" m="15735" /><F59/><W49/><G26/><T126/><D126/><U76/><E76/><V131/><F131/><W6/><G34/><T129/><D129/><U0/><E0/><V57/><F57/><N who="3" m="33007" /><G5/><T104/><D104/><U107/><E134/><V128/><F128/><W31/><G31/><T67/><REACH who="0" step="1"/><D7/><REACH who="0" ten="240,250,250,250" step="2"/><U54/><E107/><V33/><F33/><W73/><G73/><T8/><D8/><U68/><E68/><V15/><F10/><W28/><G28/><T130/><D130/><U121/><E71/><V3/><F17/><W99/><G99/><T40/><D40/><U19/><E121/><V112/><F42/><W69/><G69/><T18/><D18/><U24/><E19/><V43/><F112/><W122/><G122/><T79/><AGARI ba="0,1" hai="9,11,13,16,20,65,66,67,75,77,79,80,82,84" machi="79" ten="30,6000,0" yaku="1,1,0,1,54,1,53,0" doraHai="47" doraHaiUra="56" who="0" fromWho="0" sc="240,70,250,-20,250,-20,250,-20" /><INIT seed="0,1,0,5,0,77" ten="310,230,230,230" oya="0" hai0="120,34,104,128,39,116,122,134,53,131,12,75,5" hai1="114,47,1,90,11,91,15,68,130,126,37,93,100" hai2="69,28,101,96,51,13,84,6,71,63,88,19,124" hai3="98,25,43,70,118,78,57,94,74,41,108,87,35"/><T133/><D104/><U40/><E126/><V49/><F124/><W52/><G70/><T99/><D99/><U110/><E110/><V102/><F6/><W103/><G118/><T2/><D75/><U27/><E130/><N who="0" m="49705" /><D39/><U106/><E114/><V127/><F127/><W30/><G108/><T56/><D34/><U119/><E119/><V48/><F28/><W8/><G74/><T60/><D2/><U61/><E1/><V113/><F113/><W23/><G8/><N who="0" m="4111" /><D116/><U95/><E106/><V97/><F63/><W54/><G35/><T59/><D56/><U117/><E100/><N who="2" m="38507" /><F69/><W109/><G109/><T26/><D26/><U107/><E27/><V18/><F71/><W44/><G44/><T76/><D76/><U135/><E107/><V45/><F45/><W29/><G29/><T3/><D3/><U92/><E117/><V112/><F19/><W81/><G54/><T36/><D36/><U121/><E37/><V20/><F112/><W4/><G4/><T80/><D80/><AGARI ba="1,0" hai="13,18,20,48,49,51,80,84,88,96,97" m="38507" machi="80" ten="30,3900,0" yaku="8,1,52,1,54,1" doraHai="77" who="2" fromWho="0" sc="310,-42,230,0,230,42,230,0" /><INIT seed="1,0,0,3,3,83" ten="268,230,272,230" oya="1" hai0="0,76,116,95,72,90,28,123,120,39,49,21,75" hai1="43,85,32,93,47,13,131,24,103,14,110,33,80" hai2="106,53,105,89,27,61,121,102,1,107,19,118,25" hai3="40,30,4,109,71,62,112,117,57,34,68,79,23"/><U22/><E131/><V84/><F118/><W135/><G112/><T67/><D39/><U3/><E3/><V69/><F1/><W60/><G34/><T133/><D0/><U15/><E110/><V130/><F121/><N who="0" m="46666" /><D67/><U37/><E93/><V97/><F130/><W18/><G4/><T38/><D38/><U113/><E103/><V125/><F125/><W132/><G30/><T129/><D129/><U126/><E126/><V51/><F61/><W77/><G40/><T35/><D35/><U73/><E73/><V70/><F27/><N who="3" m="14839" /><G62/><T6/><D76/><N who="3" m="29257" /><G117/><T48/><D6/><U12/><N who="1" m="3072" /><DORA hai="98" /><U87/><E113/><V91/><F91/><W17/><G17/><T122/><D133/><N who="3" m="51273" /><G109/><T88/><D90/><U44/><E33/><V36/><F36/><W124/><G124/><T56/><D116/><U96/><E32/><V81/><F19/><W74/><G74/><T78/><D122/><U59/><E43/><V7/><F25/><W2/><G2/><T5/><D5/><U20/><E24/><V9/><F9/><W8/><G8/><T66/><D75/><U114/><E114/><V55/><F7/><W45/><G45/><N who="1" m="17482" /><E37/><V26/><F26/><W115/><G115/><T100/><D72/><U128/><E128/><V65/><F51/><N who="0" m="19530" /><D100/><U41/><E41/><V50/><F50/><W46/><G46/><T92/><D78/><U29/><E20/><V94/><F69/><W99/><G99/><T64/><D21/><U11/><E96/><V10/><F10/><W127/><G127/><T52/><D28/><U86/><E29/><V58/><F70/><RYUUKYOKU ba="0,0" sc="268,-15,230,-15,272,15,230,15" hai2="53,55,58,65,81,84,89,94,97,102,105,106,107" hai3="57,60,68,71" /><INIT seed="2,1,0,3,5,31" ten="253,215,287,245" oya="2" hai0="104,20,55,32,115,10,100,76,113,43,24,42,103" hai1="106,121,30,110,6,59,71,80,98,60,128,117,134" hai2="94,16,124,120,33,77,99,87,81,92,85,126,5" hai3="17,21,58,101,70,102,53,79,29,95,27,2,132"/><V65/><F120/><W84/><G132/><T78/><D104/><U97/><E117/><V88/><F5/><W66/><G2/><T14/><D14/><U41/><E71/><V25/><F65/><W74/><G74/><T67/><D20/><U22/><E110/><V131/><F131/><W61/><G17/><T82/><D55/><U109/><E109/><V15/><F25/><W40/><G40/><T7/><D82/><U0/><E134/><V34/><F94/><W123/><G123/><T135/><D10/><U51/><E128/><V57/><F57/><W47/><G47/><T133/><D24/><U9/><E106/><V26/><F87/><W69/><G69/><T89/><D89/><U108/><E108/><V107/><F107/><W8/><G8/><T86/><D86/><U75/><E22/><N who="2" m="11551" /><F26/><W112/><G112/><T13/><D13/><U64/><E121/><V118/><F118/><W50/><G79/><T19/><D19/><U36/><E64/><V1/><F1/><W125/><G70/><T45/><D67/><U93/><E93/><V96/><F96/><N who="3" m="59551" /><G84/><T54/><D7/><U73/><E73/><V63/><F63/><W28/><G102/><T127/><D45/><N who="1" m="23719" /><E60/><V68/><F68/><N who="3" m="42063" /><G29/><T11/><D11/><U44/><E30/><V111/><F111/><W48/><G48/><T130/><D130/><U83/><E83/><V116/><F116/><W52/><G53/><T18/><D18/><U4/><E4/><V39/><F39/><W23/><G23/><T56/><D135/><U90/><E6/><V62/><F62/><W46/><G46/><RYUUKYOKU ba="1,0" sc="253,-15,215,-15,287,15,245,15" hai2="33,34,77,81,85,88,92,99,124,126" hai3="21,27,28,50,52,58,125" /><INIT seed="2,2,0,0,2,38" ten="238,200,302,260" oya="2" hai0="96,63,76,54,60,78,25,103,18,68,40,133,20" hai1="39,27,104,29,121,34,130,28,99,82,9,61,110" hai2="62,5,117,33,134,24,21,120,128,92,131,127,32" hai3="81,17,23,106,74,80,116,101,45,97,51,37,122"/><V19/><F117/><W118/><G122/><T88/><D133/><U98/><E110/><V16/><F120/><W86/><G37/><T77/><D68/><U65/><E130/><N who="2" m="49707" /><F92/><W73/><G73/><T67/><D67/><U70/><E121/><V129/><N who="2" m="49715" /><V79/><DORA hai="102" /><F79/><W15/><G74/><T95/><D40/><U14/><E39/><V42/><F42/><W66/><G66/><T53/><REACH who="0" step="1"/><D103/><REACH who="0" ten="228,200,302,260" step="2"/><U10/><E65/><V119/><F134/><W22/><G118/><T84/><D84/><U112/><E70/><V31/><F119/><W12/><G116/><T71/><D71/><U11/><E112/><V7/><F127/><W111/><G111/><T100/><D100/><U125/><E125/><V36/><F36/><W13/><G86/><T109/><D109/><U4/><E98/><V126/><F126/><W30/><G97/><T94/><D94/><U47/><E99/><V83/><F83/><W69/><G69/><T64/><D64/><U52/><E82/><V85/><F85/><W115/><G115/><T56/><D56/><U87/><E87/><V0/><F62/><AGARI ba="2,1" hai="18,20,25,53,54,60,62,63,76,77,78,88,95,96" machi="62" ten="40,5200,0" yaku="1,1,8,1,54,1,53,0" doraHai="38,102" doraHaiUra="6,8" who="0" fromWho="2" sc="228,68,200,0,302,-58,260,0" /><INIT seed="3,0,0,3,3,115" ten="296,200,244,260" oya="3" hai0="92,74,71,13,76,121,41,116,15,69,84,7,51" hai1="54,50,129,14,2,3,34,4,36,98,70,122,24" hai2="132,26,43,131,79,72,101,128,47,118,127,108,135" hai3="99,52,106,17,40,22,6,27,73,57,31,111,20"/><W30/><G73/><T68/><D74/><U117/><E122/><V83/><F108/><W66/><G111/><T87/><D121/><U102/><E70/><V100/><F26/><W90/><G66/><T80/><D15/><U126/><E36/><V10/><F10/><W81/><G6/><T64/><D87/><U133/><E126/><V25/><F25/><W62/><G40/><T109/><D92/><U28/><E133/><N who="2" m="51275" /><F47/><W35/><G35/><T12/><D12/><U113/><E129/><N who="2" m="49739" /><F43/><W89/><G22/><T107/><D107/><U124/><E113/><V63/><F63/><W56/><G106/><T23/><D23/><U104/><E124/><V58/><F58/><W105/><G105/><T61/><D109/><U32/><E32/><V48/><F48/><W78/><G57/><T21/><D21/><U119/><E14/><V85/><F127/><W0/><G0/><T130/><D130/><U125/><E125/><V110/><F110/><W77/><G31/><T60/><D60/><U39/><E39/><V94/><F118/><N who="1" m="45065" /><E4/><V53/><F53/><W88/><G30/><T38/><D38/><U75/><E75/><V9/><F9/><W33/><G33/><T5/><D116/><U96/><E96/><V55/><F55/><W29/><G29/><T37/><D37/><U8/><E8/><V49/><F49/><W11/><G11/><N who="0" m="4335" /><D7/><U97/><E98/><V123/><F123/><W86/><G99/><T93/><D71/><U45/><AGARI ba="0,0" hai="2,3,24,28,34,45,50,54,97,102,104" m="45065" machi="45" ten="30,7900,0" yaku="12,1,52,3" doraHai="115" who="1" fromWho="1" sc="296,-20,200,79,244,-20,260,-39" /><INIT seed="4,0,0,4,3,84" ten="276,279,224,221" oya="0" hai0="134,130,118,34,60,80,42,75,98,97,62,116,18" hai1="6,12,73,99,44,36,54,43,2,117,8,135,89" hai2="35,109,96,113,38,71,47,102,30,67,69,86,14" hai3="37,91,92,106,120,17,101,121,132,131,88,85,76"/><T79/><D130/><U105/><E117/><V39/><F109/><W90/><G37/><T22/><D34/><U46/><E135/><V119/><F113/><W3/><G132/><T103/><D134/><U122/><E122/><N who="3" m="47210" /><G131/><T123/><D123/><U77/><E105/><V23/><F119/><W21/><G3/><T104/><D42/><U31/><E31/><V94/><F35/><W26/><G76/><T114/><D114/><U28/><E28/><V108/><F108/><W0/><G0/><T100/><D118/><U27/><E27/><V72/><F72/><W111/><G111/><T10/><D10/><U61/><E12/><V41/><F38/><W126/><G126/><T32/><D32/><U74/><E61/><V82/><F67/><W124/><G124/><T4/><D4/><U45/><E54/><V95/><F95/><W52/><G52/><T1/><D1/><U133/><E73/><V33/><F33/><W68/><G68/><T56/><D56/><U64/><E64/><V115/><F115/><W93/><G106/><T127/><D127/><U40/><E40/><V59/><F59/><W57/><G57/><T50/><D50/><U63/><E63/><V87/><F71/><W19/><G19/><T129/><D129/><U58/><E58/><V83/><F69/><W112/><G112/><T125/><D116/><U70/><E70/><V20/><F30/><W65/><G65/><T25/><D125/><U51/><E133/><V16/><F23/><W5/><G5/><T128/><D128/><U81/><E51/><V13/><F13/><W78/><G101/><RYUUKYOKU ba="0,0" sc="276,0,279,0,224,0,221,0" hai0="18,22,25,60,62,75,79,80,97,98,100,103,104" hai1="2,6,8,36,43,44,45,46,74,77,81,89,99" hai2="14,16,20,39,41,47,82,83,86,87,94,96,102" hai3="17,21,26,78,85,88,90,91,92,93" /><INIT seed="4,1,0,2,0,54" ten="276,279,224,221" oya="0" hai0="72,132,20,95,124,107,24,134,125,39,3,90,66" hai1="14,131,75,123,83,44,100,46,5,94,48,41,74" hai2="84,29,68,58,19,129,85,56,119,88,38,65,17" hai3="102,110,122,35,15,79,128,61,37,22,33,73,81"/><T120/><D120/><U51/><E123/><V53/><F38/><W31/><G110/><T50/><D39/><U52/><E131/><V55/><F129/><W59/><G128/><T135/><D107/><U114/><E114/><V92/><F68/><W93/><G37/><T26/><D72/><U40/><E83/><V87/><F65/><W98/><G122/><T109/><D3/><U64/><E64/><V42/><F42/><W91/><G91/><T71/><D109/><U16/><E5/><V113/><F29/><W86/><G73/><T49/><D66/><U62/><E94/><V8/><F119/><W47/><G47/><T23/><D71/><U106/><E100/><V18/><F8/><W126/><G126/><N who="0" m="48747" /><D95/><U89/><E106/><V12/><F12/><W99/><G99/><T80/><D80/><U67/><E67/><V13/><F13/><W7/><G7/><T111/><D90/><U121/><E89/><V112/><F113/><W11/><G11/><T60/><D60/><U78/><E78/><V6/><F6/><W28/><G28/><N who="0" m="17415" /><D111/><U63/><E121/><V70/><F70/><W2/><G2/><T45/><D45/><U43/><E74/><V4/><F4/><W133/><G15/><T30/><AGARI ba="1,0" hai="23,26,30,49,50,132,134,135" m="17415,48747" machi="30" ten="40,3900,0" yaku="20,1,18,1" doraHai="54" who="0" fromWho="0" sc="276,42,279,-14,224,-14,221,-14" /><INIT seed="4,2,0,4,3,23" ten="318,265,210,207" oya="0" hai0="122,58,80,107,35,98,24,127,108,14,49,55,92" hai1="97,86,20,31,85,83,124,109,51,28,38,105,112" hai2="84,131,15,65,53,12,100,6,26,10,63,110,102" hai3="70,34,5,57,61,119,7,64,62,30,68,3,135"/><T95/><D122/><U99/><E38/><V21/><F110/><W36/><G119/><T2/><D2/><U45/><E109/><V11/><F131/><W4/><G3/><T81/><D107/><U71/><E71/><V123/><F53/><W48/><G36/><T13/><D127/><U116/><E116/><V9/><F84/><W93/><G135/><T87/><D95/><U46/><E105/><V67/><F123/><W79/><G79/><T41/><D80/><U132/><E132/><V27/><F21/><W74/><G74/><T77/><D41/><U76/><E51/><V75/><F75/><W56/><G48/><T66/><D66/><N who="2" m="25098" /><F63/><W88/><G57/><T91/><REACH who="0" step="1"/><D108/><REACH who="0" ten="308,265,210,207" step="2"/><U73/><E124/><V126/><F126/><W37/><G68/><T39/><D39/><U106/><E106/><V60/><F60/><W72/><G37/><T103/><D103/><N who="2" m="39466" /><F6/><W33/><G62/><T69/><D69/><U125/><E125/><V94/><F94/><W44/><G70/><T118/><D118/><U47/><E83/><V78/><F78/><W121/><G121/><T52/><D52/><U1/><E76/><V101/><F101/><W19/><G4/><T134/><D134/><U18/><E1/><V114/><F114/><W129/><G5/><T82/><D82/><U32/><E112/><V96/><F96/><W115/><G7/><T43/><D43/><U104/><E104/><V111/><F111/><W17/><G115/><T113/><D113/><U50/><E99/><V117/><F117/><W90/><G64/><T29/><AGARI ba="2,1" hai="13,14,24,29,35,49,55,58,77,81,87,91,92,98" machi="29" ten="30,6000,0" yaku="1,1,0,1,52,1,53,0" doraHai="23" doraHaiUra="0" who="0" fromWho="0" sc="308,76,265,-22,210,-22,207,-22" /><INIT seed="4,3,0,1,4,11" ten="384,243,188,185" oya="0" hai0="24,14,2,66,1,126,131,92,61,41,125,96,6" hai1="114,43,120,38,127,73,34,52,93,123,133,51,121" hai2="48,102,0,95,12,20,22,109,9,90,88,76,54" hai3="31,13,50,116,44,35,106,36,21,53,81,110,19"/><T105/><D105/><U65/><E73/><V82/><F0/><W67/><G110/><T57/><D131/><U3/><E34/><V33/><F33/><W68/><G106/><T69/><D41/><U39/><E3/><V8/><F8/><W80/><G116/><T75/><D75/><U111/><E93/><V23/><F109/><W55/><G36/><N who="1" m="13866" /><E111/><V84/><F102/><W119/><G119/><T28/><D69/><U63/><E114/><V129/><F129/><W26/><G67/><T124/><D14/><U87/><E87/><V118/><F118/><W89/><G68/><T4/><D2/><U25/><E25/><V117/><F117/><W83/><REACH who="3" step="1"/><G53/><REACH who="3" ten="384,243,188,175" step="2"/><T94/><D1/><U56/><E127/><V72/><F72/><W104/><G104/><T59/><D124/><U70/><E43/><V18/><REACH who="2" step="1"/><F95/><REACH who="2" ten="384,243,178,175" step="2"/><W77/><G77/><T29/><D94/><U108/><E108/><V17/><F17/><W101/><G101/><T10/><D126/><U30/><E30/><V71/><F71/><W128/><G128/><T32/><D125/><U74/><E74/><V27/><F27/><W85/><AGARI ba="3,2" hai="13,19,21,26,31,35,44,50,55,80,81,83,85,89" machi="85" ten="30,4000,0" yaku="1,1,0,1,52,1,53,0" doraHai="11" doraHaiUra="122" who="3" fromWho="3" sc="384,-23,243,-13,178,-13,175,69" /><INIT seed="5,0,0,2,4,125" ten="361,230,165,244" oya="1" hai0="133,66,131,49,130,0,55,62,82,52,53,109,79" hai1="12,22,60,87,24,28,43,100,101,123,45,15,67" hai2="19,90,30,85,119,112,7,57,110,29,37,71,40" hai3="64,11,35,27,63,4,31,16,114,103,91,117,95"/><U5/><E123/><V9/><F71/><W39/><G39/><T115/><D0/><U135/><E135/><V46/><F110/><W113/><G103/><T10/><D109/><U83/><E101/><V33/><F119/><W94/><G117/><T38/><D38/><U105/><E100/><V14/><F33/><W58/><G16/><T80/><D80/><U18/><E105/><V72/><F72/><W26/><G26/><T25/><D115/><N who="3" m="44041" /><G91/><T107/><D107/><U98/><E5/><V126/><F126/><W3/><AGARI ba="0,0" hai="3,4,11,27,31,35,58,63,64,94,95" m="44041" machi="3" ten="30,1100,0" yaku="15,1" doraHai="125" who="3" fromWho="3" sc="361,-3,230,-5,165,-3,244,11" /><INIT seed="6,0,0,3,0,17" ten="358,225,162,255" oya="2" hai0="51,101,6,84,50,70,5,126,31,30,97,121,47" hai1="88,64,90,59,132,16,78,114,7,93,68,124,12" hai2="14,53,2,86,28,69,79,95,10,116,20,115,100" hai3="127,118,60,43,107,41,61,19,129,8,15,71,39"/><V109/><F116/><W21/><G118/><T55/><D70/><U133/><E68/><V74/><F115/><W119/><G119/><T91/><D126/><U85/><E124/><V3/><F69/><W67/><G127/><T13/><D121/><U44/><E114/><V4/><F109/><W106/><G129/><T34/><D34/><U56/><E7/><N who="0" m="2569" /><D13/><U23/><E78/><V52/><F74/><W36/><G61/><T32/><D32/><U18/><E44/><V73/><F73/><W104/><REACH who="3" step="1"/><G8/><REACH who="3" ten="358,225,162,245" step="2"/><T54/><D101/><U48/><E132/><V123/><F123/><W120/><G120/><T80/><D97/><U111/><E133/><V63/><F63/><W24/><G24/><T65/><D65/><U45/><E64/><V117/><F117/><W26/><G26/><T27/><D27/><N who="1" m="14823" /><E111/><V110/><F110/><W58/><G58/><AGARI ba="0,1" hai="30,31,47,50,51,54,55,58,80,84,91" m="2569" machi="58" ten="30,1000,0" yaku="8,1" doraHai="17" who="0" fromWho="3" sc="358,20,225,0,162,0,245,-10" /><INIT seed="7,0,0,1,3,3" ten="378,225,162,235" oya="3" hai0="53,111,20,33,106,23,100,94,15,27,0,127,21" hai1="56,86,2,24,79,76,28,75,25,93,124,30,29" hai2="52,119,84,90,50,102,58,78,105,92,13,17,8" hai3="55,46,18,134,129,67,125,36,59,48,108,104,82"/><W39/><G104/><T12/><D106/><U64/><E2/><V68/><F68/><W117/><G117/><T4/><D53/><U66/><E124/><V116/><F105/><W60/><G125/><T49/><D49/><U74/><E74/><V11/><F102/><W110/><G18/><N who="0" m="10311" /><D94/><U45/><E75/><V97/><F97/><W44/><G82/><T1/><D100/><U31/><E45/><V114/><F114/><W65/><G129/><T73/><D73/><U87/><N who="1" m="7168" /><DORA hai="88" /><U47/><E47/><N who="3" m="17962" /><G134/><T83/><D23/><U121/><E121/><V14/><F78/><N who="1" m="29737" /><E93/><V103/><F103/><W22/><G22/><T69/><D69/><U61/><E66/><N who="3" m="25098" /><G48/><T89/><D111/><AGARI ba="0,0" hai="36,39,55,59,60,108,110,111" m="25098,17962" machi="111" ten="30,5800,0" yaku="10,1,34,2" doraHai="3,88" who="3" fromWho="0" sc="378,-58,225,0,162,0,235,58" /><INIT seed="7,1,0,5,1,44" ten="320,225,162,293" oya="3" hai0="135,8,10,62,36,33,76,59,57,12,121,78,11" hai1="109,2,27,46,48,84,73,118,97,19,4,120,74" hai2="71,94,18,21,23,28,60,130,56,13,35,32,24" hai3="95,30,83,93,113,58,108,81,123,34,115,51,72"/><W69/><G123/><T79/><D121/><U75/><E120/><V88/><F71/><W99/><G69/><T41/><D33/><U133/><E109/><V61/><F130/><W100/><G108/><T111/><D111/><U77/><E133/><V125/><F125/><W87/><G34/><T45/><D135/><U0/><E118/><V16/><F61/><W65/><G30/><T82/><D12/><U107/><E4/><V31/><F35/><W40/><G65/><T29/><D29/><U54/><E77/><V70/><F70/><W122/><G122/><T103/><D103/><U126/><E84/><V132/><F132/><W92/><G72/><T134/><D59/><U26/><E19/><V47/><F47/><N who="3" m="26087" /><G58/><T131/><D131/><U20/><E74/><V53/><F32/><W128/><G128/><T5/><D5/><U86/><E73/><V112/><F112/><N who="3" m="43083" /><G87/><AGARI ba="1,0" hai="13,16,18,21,23,24,28,31,53,56,60,87,88,94" machi="87" ten="30,7700,0" yaku="7,1,8,1,54,2" doraHai="44" who="2" fromWho="3" sc="320,0,225,0,162,80,293,-80" owari="320,42.0,225,-17.5,242,4.2,213,-28.7" /></mjloggm>