<mjloggm ver="2.3"><GO type="169" lobby="0"/><UN n0="%E5%BA%84%E5%8F%B8%E5%81%A5%E5%A4%AA%E6%9C%97" n1="%E6%99%A8%E6%98%8F%E5%B0%8D%E5%B3%99" n2="%E3%83%AB%E3%82%AB%E3%83%AB%E3%83%88" n3="%6F%6B%61%62%65%73%68%69" dan="16,17,16,17" rate="2055.28,2205.94,2187.11,2194.65" sx="M,M,M,M"/><TAIKYOKU oya="0"/><INIT seed="0,0,0,3,4,6" ten="250,250,250,250" oya="0" hai0="72,65,134,76,107,37,104,0,33,42,84,48,4" hai1="91,87,64,113,94,116,15,122,110,25,117,93,82" hai2="71,34,44,54,60,119,16,106,52,126,88,96,98" hai3="131,35,36,112,130,47,86,118,127,38,132,46,45"/><T103/><D134/><U59/><E122/><V129/><F34/><W97/><G35/><T78/><D84/><U55/><E64/><V43/><F129/><N who="3" m="49163" /><G86/><T21/><D21/><U31/><E110/><V95/><F126/><W17/><G97/><T3/><D48/><U14/><E113/><V90/><F119/><W13/><G112/><T56/><D33/><U61/><E116/><V32/><F32/><W89/><G118/><T27/><D27/><U108/><E108/><V123/><F123/><W109/><G89/><T53/><D3/><U125/><E125/><V79/><F79/><W10/><G109/><T30/><D30/><U62/><E62/><V51/><F71/><W12/><G127/><T92/><D65/><U100/><E117/><V83/><F106/><W58/><G132/><T114/><D114/><U70/><E70/><V20/><F60/><W49/><G13/><N who="1" m="4618" /><E100/><V67/><F67/><W135/><G135/><T74/><D78/><U121/><E121/><V22/><F22/><AGARI ba="0,0" hai="22,25,31,55,59,61,82,87,91,93,94" m="4618" machi="22" ten="30,1000,0" yaku="8,1" doraHai="6" who="1" fromWho="2" sc="250,0,250,10,250,-10,250,0" /><INIT seed="1,0,0,5,4,55" ten="250,260,240,250" oya="1" hai0="34,71,133,16,122,130,98,5,57,50,70,84,38" hai1="67,41,39,35,73,121,51,26,54,125,28,49,8" hai2="32,4,11,77,124,48,111,113,108,61,128,89,93" hai3="6,14,102,119,36,17,33,105,62,37,78,27,134"/><U112/><E112/><V7/><F113/><W18/><G119/><T96/><D38/><U91/><E121/><V15/><F32/><W30/><G134/><T19/><D34/><U95/><E73/><V10/><F128/><W106/><G106/><T74/><D74/><U127/><E67/><V53/><F124/><N who="1" m="47689" /><E8/><V94/><F61/><W66/><G78/><T22/><D133/><U63/><E63/><V47/><F77/><W29/><G29/><T20/><D5/><U72/><E72/><V59/><F47/><W131/><G131/><T24/><D130/><U58/><E39/><V97/><REACH who="2" step="1"/><F93/><REACH who="2" ten="250,260,230,250" step="2"/><W87/><G62/><T120/><D50/><N who="1" m="31063" /><E41/><V23/><F23/><W115/><G33/><T82/><D71/><U21/><E21/><V43/><F43/><W116/><G115/><T80/><D70/><U44/><E44/><V60/><F60/><W103/><G105/><T40/><D40/><U92/><E92/><V13/><AGARI ba="0,1" hai="4,7,10,11,13,15,48,53,59,89,94,97,108,111" machi="13" ten="30,7900,0" yaku="1,1,0,1,9,1,52,1,53,0" doraHai="55" doraHaiUra="56" who="2" fromWho="2" sc="250,-20,260,-39,230,89,250,-20" /><INIT seed="2,0,0,3,0,113" ten="230,221,319,230" oya="2" hai0="67,27,8,132,43,118,70,3,41,116,9,103,130" hai1="44,129,21,111,100,96,42,75,77,23,91,83,117" hai2="112,2,29,18,74,13,1,28,119,135,85,15,131" hai3="60,72,81,76,87,95,97,34,45,123,101,33,31"/><V78/><F74/><W105/><G123/><T128/><D132/><U104/><E111/><V93/><F112/><W125/><G125/><T98/><D27/><U55/><E129/><N who="0" m="49769" /><D67/><U25/><E55/><V126/><F131/><W92/><G45/><T39/><D70/><U82/><E117/><N who="0" m="45161" /><D3/><U133/><E133/><V64/><F135/><W68/><G34/><T109/><D109/><U89/><E83/><V40/><F64/><N who="3" m="40967" /><G72/><T99/><D99/><U22/><REACH who="1" step="1"/><E25/><AGARI ba="0,0" hai="25,31,33,76,81,87,92,95,97,101,105" m="40967" machi="25" ten="30,1000,0" yaku="25,1" doraHai="113" who="3" fromWho="1" sc="230,0,221,-10,319,0,230,10" /><INIT seed="3,0,0,1,2,33" ten="230,211,319,240" oya="3" hai0="124,25,55,103,52,39,75,35,34,97,128,21,107" hai1="51,123,95,112,40,18,132,2,81,66,48,57,109" hai2="121,102,0,98,79,30,114,85,45,50,104,13,117" hai3="115,56,38,94,64,47,59,3,54,108,99,93,88"/><W69/><G115/><T113/><D124/><U74/><E112/><V96/><F114/><W120/><G120/><T61/><D113/><U44/><E123/><V32/><F117/><W116/><G116/><T41/><D128/><U82/><E132/><V91/><F79/><W133/><G133/><T9/><D75/><U46/><E109/><V67/><F67/><W105/><G105/><T135/><D135/><U129/><E129/><V111/><F98/><W1/><G69/><T27/><D41/><N who="1" m="24591" /><E2/><V100/><F100/><W65/><G108/><T68/><D39/><U78/><E74/><V43/><F0/><W23/><G65/><T72/><D72/><U119/><E78/><V83/><F121/><W106/><G106/><T90/><D90/><U127/><E127/><V8/><F111/><W17/><G64/><N who="0" m="40975" /><D9/><U122/><E122/><V36/><F32/><W19/><G94/><T12/><D12/><U5/><E5/><V63/><F63/><W71/><G71/><T134/><D35/><U84/><E119/><V125/><F125/><W14/><G59/><T24/><D24/><U110/><E110/><V60/><F60/><N who="3" m="35863" /><G47/><T15/><D15/><U4/><E57/><V10/><F36/><W37/><G38/><T80/><D80/><N who="1" m="30827" /><E66/><V73/><F73/><W131/><G37/><T49/><D134/><U22/><E4/><N who="2" m="3207" /><F10/><N who="3" m="6359" /><G131/><T11/><D11/><U29/><E95/><V86/><F45/><W58/><G58/><T26/><D49/><U70/><E70/><V126/><F126/><W101/><G101/><T42/><D34/><U16/><E84/><V20/><F86/><RYUUKYOKU ba="0,0" sc="230,-15,211,15,319,-15,240,15" hai1="16,18,22,29,40,46,51" hai3="1,3,19,23,88,93,99" /><INIT seed="3,1,0,4,2,3" ten="215,226,304,255" oya="3" hai0="122,83,114,45,25,64,105,104,131,69,96,132,35" hai1="72,80,1,79,100,42,103,109,98,88,127,95,134" hai2="13,78,119,16,50,108,52,53,43,135,60,107,59" hai3="39,23,81,11,126,28,70,30,31,8,66,32,124"/><W4/><G39/><T10/><D122/><U118/><E1/><V99/><F119/><W117/><G70/><T112/><D132/><U48/><E134/><V21/><F135/><W6/><G66/><T77/><D131/><U61/><E118/><V19/><F108/><W5/><G81/><T106/><D45/><U38/><E38/><V44/><F78/><W111/><G117/><T116/><D116/><U65/><E109/><V37/><F107/><W94/><G111/><T27/><D96/><U7/><E127/><N who="3" m="48682" /><G94/><T34/><D27/><U74/><E74/><V14/><F99/><W49/><G49/><T56/><D56/><U36/><E36/><V86/><F86/><W121/><G121/><T54/><D54/><U130/><E130/><V55/><F37/><W102/><G102/><T58/><D58/><N who="1" m="37047" /><E72/><V125/><F125/><W110/><G110/><T97/><D97/><U41/><E41/><V17/><F17/><W47/><G47/><T68/><D64/><U92/><E92/><V76/><F76/><W113/><G113/><N who="0" m="43627" /><D25/><U85/><E7/><V67/><F67/><W120/><G120/><T22/><D69/><U129/><E129/><V115/><F115/><W75/><G75/><N who="0" m="43455" /><D68/><U62/><E62/><V123/><F123/><W12/><G32/><T40/><D35/><U93/><E93/><V24/><F24/><N who="3" m="16415" /><G8/><AGARI ba="1,0" hai="8,13,14,16,19,21,43,44,50,52,53,55,59,60" machi="8" ten="30,7700,0" yaku="7,1,8,1,54,2" doraHai="3" who="2" fromWho="3" sc="215,0,226,0,304,80,255,-80" /><INIT seed="4,0,0,2,3,54" ten="215,226,384,175" oya="0" hai0="89,82,99,109,71,86,110,130,75,79,91,9,23" hai1="69,73,97,134,21,111,116,104,51,67,3,0,50" hai2="49,115,2,6,106,77,68,66,61,42,127,34,85" hai3="52,65,16,12,53,44,132,70,131,83,72,24,8"/><T46/><D71/><U98/><E21/><V117/><F106/><W30/><G131/><T26/><D9/><U102/><E111/><V125/><F34/><W10/><G132/><T96/><D46/><U108/><E116/><V100/><F100/><W81/><G70/><T129/><D23/><U80/><E108/><N who="0" m="41577" /><D26/><U31/><E134/><V135/><F135/><W56/><G65/><T45/><D45/><U60/><E97/><N who="0" m="37449" /><D75/><U113/><E113/><V64/><F115/><W38/><G72/><T90/><AGARI ba="0,0" hai="79,82,86,89,90,91,129,130" m="37449,41577" machi="90" ten="40,7800,0" yaku="10,1,34,2" doraHai="54" who="0" fromWho="0" sc="215,78,226,-26,384,-26,175,-26" /><INIT seed="4,1,0,1,1,3" ten="293,200,358,149" oya="0" hai0="7,112,34,118,59,121,65,53,115,61,44,110,46" hai1="6,92,95,80,86,100,2,120,126,101,94,54,67" hai2="64,66,135,4,131,9,13,12,91,96,26,20,10" hai3="81,114,19,15,40,90,33,30,84,8,104,52,35"/><T108/><D34/><U106/><E120/><V62/><F131/><W41/><G114/><N who="0" m="43563" /><D121/><U17/><E126/><V105/><F135/><W82/><G104/><T129/><D7/><U27/><E106/><V24/><F20/><W63/><G35/><T5/><D5/><U117/><E117/><V57/><F66/><W132/><G132/><T89/><D89/><N who="1" m="51399" /><E2/><V85/><F96/><W72/><G33/><T23/><D23/><N who="1" m="13807" /><E67/><V60/><F60/><W133/><G30/><T47/><D129/><U22/><E22/><V83/><F105/><W128/><G128/><T73/><D73/><U75/><E75/><V21/><F21/><W42/><G133/><T78/><D78/><U56/><E6/><AGARI ba="1,0" hai="4,6,9,10,12,13,24,26,57,62,64,83,85,91" machi="6" ten="30,8000,1" yaku="7,1,9,1,8,1,52,2" doraHai="3" who="2" fromWho="1" sc="293,0,200,-83,358,83,149,0" /><INIT seed="5,0,0,3,1,102" ten="293,117,441,149" oya="1" hai0="34,86,35,51,3,58,83,97,55,31,79,43,48" hai1="70,38,39,91,24,5,49,6,116,36,63,99,71" hai2="128,28,107,30,7,92,89,119,72,4,13,125,29" hai3="40,85,33,64,94,0,95,69,115,122,118,123,98"/><U109/><E116/><V52/><F72/><W124/><G0/><T54/><D43/><U106/><E109/><V18/><F119/><W65/><G33/><T53/><D53/><U9/><E24/><V111/><F111/><W127/><G40/><T90/><D3/><U32/><E32/><V133/><F107/><W37/><G118/><T26/><D35/><U67/><E49/><V20/><F125/><N who="3" m="48203" /><G37/><T82/><D97/><U77/><E77/><V21/><F133/><W44/><G44/><T15/><D15/><U22/><E22/><N who="2" m="11599" /><F128/><W117/><G64/><T135/><D135/><U75/><E75/><V50/><F21/><W66/><G65/><T93/><REACH who="0" step="1"/><D79/><REACH who="0" ten="283,117,441,149" step="2"/><U47/><E91/><V16/><F52/><W120/><G117/><T108/><D108/><U2/><E5/><V81/><F4/><W130/><G66/><T73/><D73/><U23/><E23/><V113/><F7/><W27/><G27/><T14/><D14/><U25/><E25/><V104/><F20/><W56/><G130/><T100/><D100/><N who="1" m="62751" /><E71/><V10/><F89/><N who="3" m="53551" /><G69/><T42/><D42/><AGARI ba="0,1" hai="2,6,9,36,38,39,42,47,63,67,70" m="62751" machi="42" ten="30,5800,0" yaku="33,2,52,1" doraHai="102" who="1" fromWho="0" sc="283,-58,117,68,441,0,149,0" /><INIT seed="5,1,0,4,3,116" ten="225,185,441,149" oya="1" hai0="100,50,36,111,132,10,20,35,99,128,12,46,4" hai1="8,27,115,21,88,121,25,124,1,55,22,70,7" hai2="39,54,110,129,92,97,77,45,69,40,11,96,84" hai3="94,95,34,113,47,118,87,107,5,72,123,74,83"/><U65/><E115/><V117/><F110/><W102/><G34/><T16/><D111/><U42/><E42/><V134/><F117/><W71/><G71/><T64/><D132/><U14/><E55/><V67/><F129/><W9/><G118/><T0/><D128/><U63/><E124/><V79/><F97/><N who="3" m="61903" /><G47/><T119/><D35/><U57/><E121/><V104/><F104/><W130/><G9/><T76/><D76/><U62/><E88/><V81/><F79/><N who="3" m="46591" /><G5/><T98/><D36/><U28/><E63/><V59/><F11/><W89/><G130/><T48/><D99/><U33/><E70/><V38/><F69/><W19/><G19/><T43/><D119/><U37/><E37/><V82/><F96/><N who="3" m="57423" /><G113/><T73/><D64/><U78/><E78/><V18/><F67/><W56/><G56/><T101/><D50/><U53/><E65/><V44/><F59/><W85/><G123/><T106/><D101/><U135/><E135/><V58/><F134/><W108/><G108/><T61/><D61/><U80/><E80/><V2/><F82/><W32/><G32/><T3/><D3/><U31/><E33/><V75/><F39/><W131/><G131/><T49/><D48/><U68/><E68/><V122/><F54/><W127/><G127/><T6/><D6/><U26/><E1/><V23/><F2/><W15/><G15/><T30/><D30/><AGARI ba="1,0" hai="7,8,14,21,22,25,26,27,28,30,31,53,57,62" machi="30" ten="40,2000,0" yaku="8,1" doraHai="116" who="1" fromWho="0" sc="225,-23,185,23,441,0,149,0" /><INIT seed="5,2,0,4,4,81" ten="202,208,441,149" oya="1" hai0="14,54,3,59,80,112,2,23,76,108,101,75,56" hai1="90,16,73,122,29,21,46,28,13,17,99,27,35" hai2="60,8,18,58,51,40,117,12,87,38,62,41,69" hai3="119,132,105,107,65,115,53,4,15,1,5,100,131"/><U89/><E73/><V6/><F117/><W83/><G1/><T114/><D108/><U134/><E122/><V128/><F128/><W110/><G65/><T125/><D125/><U25/><E134/><V120/><F120/><W63/><G100/><T47/><D101/><U44/><E99/><V45/><F69/><W124/><G83/><T135/><D135/><U43/><E46/><V92/><F38/><W82/><G82/><T0/><D47/><U98/><E98/><V130/><F130/><W121/><G15/><T111/><D111/><U36/><REACH who="1" step="1"/><E17/><REACH who="1" ten="202,198,441,149" step="2"/><V78/><F18/><W95/><G121/><T32/><D75/><U33/><AGARI ba="2,1" hai="13,16,21,25,27,28,29,33,35,36,43,44,89,90" machi="33" ten="20,18000,2" yaku="1,1,2,1,0,1,7,1,9,1,54,1,53,0" doraHai="81" doraHaiUra="102" who="1" fromWho="1" sc="202,-62,198,196,441,-62,149,-62" /><INIT seed="5,3,0,3,4,77" ten="140,394,379,87" oya="1" hai0="19,132,89,9,74,80,99,95,66,47,0,4,62" hai1="48,122,33,69,29,100,21,24,134,20,35,53,30" hai2="2,43,18,85,31,131,12,113,6,11,87,120,73" hai3="59,72,84,61,110,91,51,121,96,40,117,105,119"/><U39/><E122/><V125/><F120/><W126/><G121/><T23/><D132/><U79/><E134/><V92/><F73/><W13/><G110/><T63/><D47/><U97/><E39/><V109/><F109/><W45/><G72/><T76/><REACH who="0" step="1"/><D66/><REACH who="0" ten="130,394,379,87" step="2"/><U5/><E69/><V129/><F131/><W111/><G111/><T118/><D118/><U133/><E133/><V16/><F129/><W8/><G126/><T37/><D37/><U56/><E5/><V44/><F125/><W65/><G105/><T28/><D28/><U112/><E112/><V46/><F31/><W52/><G96/><T15/><AGARI ba="3,1" hai="0,4,9,15,19,23,62,63,74,76,80,89,95,99" machi="15" ten="20,5200,0" yaku="1,1,0,1,7,1,52,1,53,0" doraHai="77" doraHaiUra="101" who="0" fromWho="0" sc="130,71,394,-29,379,-16,87,-16" /><INIT seed="6,0,0,4,0,41" ten="201,365,363,71" oya="2" hai0="126,3,63,12,74,58,106,55,21,101,88,53,79" hai1="129,4,112,122,48,15,77,76,47,54,34,91,24" hai2="95,8,97,45,73,16,57,17,90,113,107,75,67" hai3="51,19,117,11,65,98,81,6,72,133,66,22,100"/><V38/><F107/><W52/><G117/><T68/><D3/><U132/><E132/><V61/><F113/><W131/><G133/><T121/><D68/><U7/><E129/><V124/><F124/><W83/><G131/><T64/><D121/><U44/><E122/><V40/><REACH who="2" step="1"/><F8/><REACH who="2" ten="201,365,353,71" step="2"/><W89/><G11/><T25/><D106/><U27/><E112/><V46/><F46/><N who="1" m="17449" /><E34/><V30/><F30/><W118/><G118/><T9/><D9/><N who="1" m="4519" /><E7/><V96/><F96/><W42/><G6/><T43/><D126/><U130/><E130/><V127/><F127/><W49/><G98/><T62/><D43/><U69/><E69/><V116/><F116/><W119/><G119/><T114/><D114/><U85/><E77/><V115/><F115/><W120/><G42/><T32/><D79/><U50/><E76/><V102/><F102/><W36/><G100/><T10/><D101/><U92/><E50/><V39/><F39/><W110/><G36/><T28/><D32/><U82/><E82/><V123/><F123/><W109/><G120/><T105/><D105/><U93/><E93/><V2/><F2/><W29/><G81/><T31/><D10/><U33/><E33/><V35/><F35/><W134/><G83/><T111/><D111/><U1/><E1/><V135/><F135/><W71/><G134/><T87/><D74/><AGARI ba="0,1" hai="16,17,38,40,45,57,61,67,73,74,75,90,95,97" machi="74" ten="40,18000,2" yaku="1,1,52,1,54,1,53,3" doraHai="41" doraHaiUra="104" who="2" fromWho="0" sc="201,-180,365,0,353,190,71,0" /><INIT seed="6,1,0,0,0,7" ten="21,365,543,71" oya="2" hai0="127,109,108,105,31,83,75,40,2,91,113,79,5" hai1="120,15,22,93,49,125,99,16,19,97,117,90,111" hai2="48,104,133,62,13,123,52,58,63,71,100,23,122" hai3="107,20,26,135,88,46,101,51,39,67,17,86,73"/><V34/><F34/><W92/><G135/><T27/><D113/><U18/><E111/><V33/><F33/><W0/><G39/><T70/><D127/><U96/><E125/><V6/><F133/><W44/><G0/><T12/><D70/><U66/><E120/><V4/><F4/><W126/><G126/><T74/><D74/><U38/><E38/><V118/><F118/><W115/><G115/><T64/><D64/><U82/><E117/><V78/><F78/><W114/><G114/><T69/><D69/><U134/><E134/><V65/><F63/><W36/><G73/><T14/><D105/><U130/><E130/><V89/><F89/><W11/><G67/><T128/><D128/><U32/><E32/><V124/><F124/><W80/><G36/><T55/><D14/><U28/><E66/><V37/><F37/><W132/><G107/><T84/><D40/><U60/><E60/><V95/><F95/><W121/><G121/><T129/><D2/><U131/><E131/><V81/><F81/><W42/><G46/><T72/><D55/><U59/><E82/><V41/><F41/><W8/><G132/><T61/><D61/><U25/><REACH who="1" step="1"/><E15/><REACH who="1" ten="21,355,543,71" step="2"/><V98/><F123/><W112/><G112/><T94/><D129/><U3/><E3/><V77/><F122/><W116/><G116/><T87/><D75/><U53/><AGARI ba="1,1" hai="16,18,19,22,25,28,49,53,59,90,93,96,97,99" machi="53" ten="30,7900,0" yaku="1,1,0,1,8,1,54,1,53,0" doraHai="7" doraHaiUra="43" who="1" fromWho="1" sc="21,-21,355,92,543,-40,71,-21" /><INIT seed="7,0,0,3,2,104" ten="0,447,503,50" oya="3" hai0="120,126,118,11,23,50,109,14,13,36,7,111,105" hai1="20,74,79,92,84,121,18,94,119,117,133,57,125" hai2="40,61,41,66,4,127,21,33,54,31,39,82,131" hai3="16,5,24,19,10,68,96,128,52,115,3,67,53"/><W29/><G115/><T26/><D36/><U97/><E121/><V101/><F33/><W30/><G128/><T1/><D105/><U75/><E57/><V93/><F131/><W95/><G30/><T47/><D47/><U134/><E125/><V73/><F54/><W62/><G19/><T64/><D64/><U132/><E79/><V113/><F4/><W46/><G46/><T98/><D98/><U78/><E78/><V32/><F32/><W63/><G63/><T123/><D50/><U99/><E84/><V17/><F113/><W108/><G108/><T22/><D118/><N who="1" m="45067" /><E97/><V69/><F93/><N who="1" m="35945" /><E99/><V90/><F61/><W35/><REACH who="3" step="1"/><G16/><REACH who="3" ten="0,447,503,40" step="2"/><N who="0" m="10511" /><D126/><U86/><E86/><V81/><F127/><W87/><G87/><T28/><D1/><U80/><E80/><V91/><F82/><W25/><G25/><AGARI ba="0,1" hai="18,20,25,74,75,132,133,134" m="35945,45067" machi="25" ten="40,8000,1" yaku="20,1,12,1,52,2" doraHai="104" who="1" fromWho="3" sc="0,0,447,90,503,0,40,-80" owari="0,-40.0,537,63.7,503,30.3,-40,-54.0" /></mjloggm>