<mjloggm ver="2.3"><GO type="169" lobby="0"/><UN n0="%E5%A7%9C" n1="%E3%82%80%E3%81%97%E6%AD%AF" n2="%E3%82%AB%E3%82%B6%E3%83%A9%E3%82%AD" n3="%E7%BD%AA%E5%88%91%E6%B3%95%E5%AE%9A%E4%B8%BB%E7%BE%A9" dan="16,17,17,17" rate="2165.15,2142.32,2231.19,2245.93" sx="M,M,M,M"/><TAIKYOKU oya="0"/><INIT seed="0,0,0,4,4,34" ten="250,250,250,250" oya="0" hai0="28,91,133,55,125,114,112,84,16,51,58,4,9" hai1="7,6,68,22,48,56,119,106,44,82,70,1,46" hai2="121,92,50,71,134,38,64,41,5,93,99,109,81" hai3="24,89,79,59,32,74,30,69,15,110,65,123,130"/><T25/><D125/><U26/><E106/><V100/><F121/><W77/><G123/><T60/><D133/><U18/><E119/><V118/><F134/><W85/><G110/><T66/><D28/><U131/><E131/><V96/><F109/><W63/><G130/><T101/><D101/><U124/><E124/><V2/><F38/><W67/><G74/><T49/><D49/><U20/><E82/><V90/><F118/><W104/><G104/><T129/><D129/><U80/><E80/><V115/><F115/><W8/><G67/><T78/><D78/><U116/><E116/><V53/><F41/><W111/><G69/><T13/><D25/><U3/><E56/><V37/><F37/><W29/><G29/><T31/><D31/><U122/><E122/><V47/><F81/><W103/><G103/><T132/><D4/><U45/><E48/><V73/><F73/><W76/><G111/><T120/><D132/><U97/><E97/><V88/><F100/><W12/><REACH who="3" step="1"/><G8/><REACH who="3" ten="250,250,250,240" step="2"/><T94/><REACH who="0" step="1"/><D120/><REACH who="0" ten="240,250,250,240" step="2"/><U57/><E68/><AGARI ba="0,2" hai="9,13,16,51,55,58,60,66,68,84,91,94,112,114" machi="68" ten="30,11600,0" yaku="1,1,2,1,7,1,54,1,53,0" doraHai="34" doraHaiUra="19" who="0" fromWho="1" sc="240,136,250,-116,250,0,240,0" /><INIT seed="0,1,0,1,1,41" ten="376,134,250,240" oya="0" hai0="11,94,127,119,131,81,43,60,99,42,132,27,104" hai1="55,8,133,57,10,18,59,21,33,66,31,120,100" hai2="40,117,70,121,13,72,49,26,6,28,93,90,63" hai3="125,103,34,113,73,124,56,82,101,123,65,79,87"/><T84/><D119/><U38/><E120/><V108/><F72/><W92/><G34/><T52/><D104/><U5/><E133/><V12/><F117/><W0/><G0/><T86/><D132/><U7/><E38/><V58/><F121/><W3/><G3/><T2/><D131/><U110/><E110/><V109/><F70/><W96/><G123/><T78/><D127/><N who="3" m="48713" /><G56/><N who="0" m="34823" /><D2/><U134/><E134/><V30/><F30/><W22/><G22/><T32/><D32/><U107/><E31/><V115/><F115/><W76/><G65/><T118/><D118/><U129/><E33/><V44/><F6/><W24/><G24/><T67/><D67/><U83/><E129/><V62/><F62/><W77/><G113/><T114/><D114/><U46/><E66/><V71/><F71/><W74/><G103/><N who="0" m="60919" /><D11/><U95/><E10/><V61/><F109/><W91/><AGARI ba="1,0" hai="73,74,76,77,79,82,87,91,92,96,101" m="48713" machi="91" ten="30,4000,0" yaku="18,1,34,2" doraHai="41" who="3" fromWho="3" sc="376,-21,134,-11,250,-11,240,43" /><INIT seed="1,0,0,1,2,34" ten="355,123,239,283" oya="1" hai0="133,48,121,82,104,54,9,98,65,95,76,25,117" hai1="94,126,39,69,93,101,129,60,2,83,125,75,91" hai2="31,40,66,131,47,128,103,38,68,127,73,59,28" hai3="72,109,123,113,92,100,124,70,115,97,111,88,24"/><U21/><E39/><V49/><F73/><W102/><G70/><T22/><D117/><U116/><E116/><V135/><F103/><N who="3" m="39467" /><G24/><T134/><D104/><U4/><E129/><N who="2" m="49739" /><F28/><W57/><G57/><T36/><D36/><U58/><E69/><V80/><F80/><W41/><G41/><T90/><D65/><U46/><E46/><V105/><F105/><W17/><G17/><T15/><D121/><U81/><E21/><V43/><F31/><W132/><G72/><T106/><D106/><U108/><E108/><N who="3" m="41546" /><G123/><T12/><D22/><U99/><E75/><V8/><F8/><W114/><G124/><N who="1" m="47722" /><E94/><V63/><F127/><W10/><G10/><T13/><D9/><N who="1" m="2199" /><E101/><V20/><F20/><W53/><G53/><AGARI ba="0,0" hai="53,58,60,81,83,91,93,99" m="2199,47722" machi="53" ten="30,2900,0" yaku="18,1,52,1" doraHai="34" who="1" fromWho="3" sc="355,0,123,29,239,0,283,-29" /><INIT seed="1,1,0,3,2,76" ten="355,152,239,254" oya="1" hai0="124,81,19,117,38,9,35,131,31,103,107,111,24" hai1="0,68,84,39,91,86,1,53,57,73,92,85,4" hai2="62,109,29,125,32,60,97,17,3,87,71,78,66" hai3="113,13,49,25,129,108,67,42,82,6,5,27,59"/><U74/><E39/><V115/><F109/><W106/><G106/><T77/><D117/><U130/><E68/><V30/><F125/><W52/><G108/><T79/><D111/><U93/><E130/><V33/><F3/><W112/><G129/><T121/><D131/><U72/><E4/><V122/><F122/><W12/><G113/><T45/><D124/><U89/><REACH who="1" step="1"/><E84/><REACH who="1" ten="355,142,239,254" step="2"/><V102/><F71/><W44/><G5/><T58/><D38/><U94/><E94/><V119/><F87/><W43/><G112/><T105/><D105/><U83/><E83/><V47/><F115/><W123/><G123/><T95/><D107/><U101/><E101/><V98/><F102/><W18/><G6/><T134/><D95/><U61/><AGARI ba="1,1" hai="0,1,53,57,61,72,73,74,85,86,89,91,92,93" machi="61" ten="30,6000,0" yaku="1,1,0,1,9,1,53,0" doraHai="76" doraHaiUra="69" who="1" fromWho="1" sc="355,-21,142,73,239,-21,254,-21" /><INIT seed="1,2,0,2,4,62" ten="334,215,218,233" oya="1" hai0="59,102,53,110,84,65,125,117,106,73,112,3,57" hai1="52,85,75,40,34,128,119,2,118,29,135,71,0" hai2="132,8,111,54,130,108,92,22,20,89,80,67,103" hai3="66,7,72,17,41,37,68,12,49,25,38,30,96"/><U122/><E122/><V133/><F54/><W131/><G72/><T121/><D73/><U33/><E75/><V43/><F43/><W44/><G131/><T82/><D112/><U45/><E71/><V13/><F80/><W1/><G7/><T115/><D115/><U19/><E128/><V42/><F42/><W134/><G1/><T90/><D117/><U5/><E135/><N who="2" m="51787" /><F103/><W26/><G134/><T31/><D3/><U105/><E105/><V91/><F67/><W15/><G15/><T77/><D110/><N who="2" m="42026" /><F91/><W81/><G81/><T101/><D106/><U126/><E85/><N who="2" m="52271" /><F130/><W70/><G70/><T74/><D102/><U27/><E52/><V32/><F32/><W39/><G96/><T47/><D101/><U55/><E55/><V95/><F95/><W124/><G68/><T14/><D65/><U107/><E107/><V63/><F63/><W56/><G66/><T78/><D90/><U23/><E34/><V51/><F51/><W24/><G56/><T28/><D82/><U4/><E45/><V109/><N who="2" m="42034" /><V79/><DORA hai="48" /><F79/><W16/><G49/><T114/><D53/><U129/><E40/><V123/><F123/><W116/><G44/><T9/><D47/><U69/><E69/><V97/><F97/><W11/><G41/><T86/><D121/><U58/><E58/><V100/><F100/><W93/><G93/><T87/><D59/><U127/><E129/><V6/><AGARI ba="2,0" hai="6,8,13,20,22" m="52271,42034,51787" machi="6" ten="50,3200,0" yaku="20,1,14,1" doraHai="62,48" who="2" fromWho="2" sc="334,-10,215,-18,218,38,233,-10" /><INIT seed="2,0,0,4,3,70" ten="324,197,256,223" oya="2" hai0="21,4,108,77,113,129,80,46,100,35,17,20,53" hai1="69,29,37,110,87,65,50,92,121,22,49,67,111" hai2="123,120,104,78,126,1,128,84,59,81,63,89,64" hai3="106,6,122,109,82,43,23,54,8,12,55,47,85"/><V127/><F1/><W39/><G106/><T112/><D35/><U18/><E29/><V33/><F33/><W95/><G122/><T76/><D108/><N who="1" m="41515" /><E121/><V27/><F104/><W105/><G105/><T94/><D4/><U102/><E37/><V116/><F116/><W32/><G32/><T41/><D53/><U9/><E9/><V99/><F128/><W16/><G95/><T107/><D107/><U36/><E36/><V14/><F27/><W28/><G28/><T88/><D100/><U115/><E115/><V3/><F3/><W44/><G44/><T61/><D61/><N who="1" m="40111" /><E67/><V66/><F64/><W118/><G118/><T98/><D21/><U72/><E72/><V34/><F34/><W24/><REACH who="3" step="1"/><G109/><REACH who="3" ten="324,197,256,213" step="2"/><T10/><D113/><U90/><E102/><V83/><F120/><W68/><G68/><T133/><D112/><U62/><E62/><V119/><F123/><W48/><G48/><T60/><D60/><U56/><E56/><V38/><F119/><W57/><G57/><T130/><D130/><U93/><E93/><V103/><F38/><W125/><G125/><T96/><D129/><U30/><E30/><V40/><F127/><W73/><G73/><T52/><D94/><U11/><E11/><V2/><F126/><W26/><G26/><AGARI ba="0,1" hai="18,22,26,49,50,87,90,92" m="40111,41515" machi="26" ten="30,1000,0" yaku="14,1" doraHai="70" who="1" fromWho="3" sc="324,0,197,20,256,0,213,-10" /><INIT seed="3,0,0,3,5,100" ten="324,217,256,203" oya="3" hai0="15,51,93,36,64,92,48,71,123,37,6,107,52" hai1="70,55,129,103,1,68,12,57,62,23,20,78,69" hai2="67,116,104,110,66,58,113,133,35,76,75,109,119" hai3="25,117,43,72,38,73,79,13,8,135,125,7,54"/><W34/><G117/><N who="2" m="45129" /><F35/><W26/><G125/><T85/><D123/><U3/><E129/><V21/><F21/><W60/><G135/><T30/><D30/><U56/><E78/><V59/><F76/><W131/><G131/><T122/><D122/><U44/><E103/><V101/><F75/><W127/><G127/><T120/><D120/><U105/><E44/><V98/><F113/><W46/><G34/><T86/><D64/><N who="2" m="24618" /><F133/><W77/><G77/><T40/><D71/><U41/><E70/><V96/><F96/><W128/><G128/><T18/><D6/><U91/><E23/><V94/><F94/><W82/><REACH who="3" step="1"/><G73/><REACH who="3" ten="324,217,256,193" step="2"/><T53/><D37/><U95/><E69/><V4/><F4/><W19/><G19/><T17/><D36/><U49/><E68/><V39/><F39/><W74/><G74/><T121/><D121/><U132/><E132/><V89/><F89/><W42/><G42/><T61/><D40/><U65/><E41/><V0/><F0/><W31/><G31/><T115/><D17/><N who="1" m="10279" /><E3/><V124/><F124/><W24/><G24/><T29/><D18/><U126/><E1/><V47/><F110/><W16/><G16/><T90/><D29/><U83/><E126/><V102/><F109/><W111/><G111/><T11/><D15/><U80/><E105/><V87/><F104/><W9/><G9/><T88/><D11/><U97/><AGARI ba="0,1" hai="49,55,56,57,62,65,80,83,91,95,97" m="10279" machi="97" ten="30,1100,0" yaku="8,1" doraHai="100" who="1" fromWho="1" sc="324,-3,217,21,256,-3,193,-5" /><INIT seed="4,0,0,1,4,11" ten="321,238,253,188" oya="0" hai0="80,99,37,13,77,21,109,10,27,125,119,132,4" hai1="20,15,8,6,55,24,58,18,100,83,96,113,104" hai2="115,65,32,126,68,79,31,106,61,7,42,35,19" hai3="72,26,53,90,76,60,14,124,86,103,114,84,39"/><T95/><D119/><U74/><E113/><V69/><F115/><W128/><G114/><T82/><D125/><U70/><E70/><V107/><F42/><W30/><G39/><T45/><D132/><U97/><E97/><V121/><F7/><W56/><G124/><T73/><D109/><U38/><E38/><V105/><F79/><W133/><G133/><T71/><D71/><N who="2" m="27210" /><F31/><W2/><G2/><T94/><D80/><U0/><E83/><V81/><F81/><W28/><G72/><T49/><D99/><U54/><E74/><V16/><F121/><W116/><G76/><T52/><REACH who="0" step="1"/><D37/><REACH who="0" ten="311,238,253,188" step="2"/><U57/><E57/><N who="2" m="37039" /><F126/><W40/><G116/><T101/><D101/><U64/><E58/><V17/><F107/><W91/><G103/><T112/><D112/><U135/><E135/><V131/><F106/><W43/><G56/><T88/><D88/><U63/><E63/><V22/><F105/><W89/><G60/><T9/><D9/><U3/><E64/><V47/><F131/><W62/><G128/><T111/><D111/><U34/><E0/><V67/><F67/><W118/><G91/><T93/><D93/><U25/><E3/><V66/><F66/><W102/><G102/><T123/><D123/><U98/><E96/><V75/><F75/><W51/><G118/><T1/><D1/><U120/><E120/><V129/><F129/><W87/><G90/><T23/><D23/><U50/><E50/><V59/><F22/><W110/><G89/><T44/><D44/><U117/><E117/><V48/><F47/><W29/><G110/><T122/><D122/><RYUUKYOKU ba="0,1" sc="311,10,238,10,253,10,188,-30" hai0="4,10,13,21,27,45,49,52,73,77,82,94,95" hai1="6,8,15,18,20,24,25,34,54,55,98,100,104" hai2="16,17,19,32,35,48,59" /><INIT seed="4,1,1,5,4,134" ten="321,248,263,158" oya="0" hai0="89,94,74,86,99,101,41,66,54,71,26,132,100" hai1="64,51,102,108,17,75,35,0,43,10,85,2,107" hai2="39,115,93,31,78,7,126,117,29,56,40,16,53" hai3="114,18,60,70,92,72,118,55,63,120,42,33,128"/><T45/><D132/><U122/><E75/><V69/><F69/><W83/><G118/><T125/><D74/><U44/><E108/><V67/><F67/><W11/><G33/><T131/><D131/><U49/><E35/><V22/><F7/><W5/><G114/><T57/><D125/><U113/><E122/><V48/><F115/><W36/><G128/><T130/><D130/><U73/><E73/><V88/><F78/><W27/><G92/><T133/><D133/><U12/><E113/><V104/><F104/><W91/><G63/><T50/><D26/><U105/><E64/><V6/><F6/><W24/><G18/><T82/><D71/><U123/><E123/><V111/><F111/><W61/><G61/><T95/><D66/><U116/><E116/><V96/><F126/><W15/><G70/><T47/><D41/><U9/><E85/><V38/><F117/><W34/><G34/><T20/><D20/><U110/><E110/><V23/><F23/><W19/><G5/><T106/><D106/><U4/><E102/><V32/><F32/><W37/><G120/><T59/><D45/><U62/><E62/><V77/><F77/><W97/><G72/><T80/><D80/><U124/><E124/><V25/><REACH who="2" step="1"/><F40/><REACH who="2" ten="321,248,253,158" step="2"/><W103/><G42/><T121/><D121/><U90/><E107/><V81/><F81/><W46/><G83/><T28/><D28/><AGARI ba="1,2" hai="16,22,25,28,29,31,38,39,48,53,56,88,93,96" machi="28" ten="40,5200,0" yaku="1,1,54,2,53,0" doraHai="134" doraHaiUra="98" who="2" fromWho="0" sc="321,-55,248,0,253,75,158,0" /><INIT seed="5,0,0,3,2,129" ten="266,248,328,158" oya="1" hai0="29,70,100,43,3,6,112,68,32,24,76,38,79" hai1="133,27,47,54,45,19,60,51,84,10,131,55,37" hai2="110,14,134,126,75,62,25,41,8,44,59,46,13" hai3="48,36,53,1,128,52,135,78,5,66,96,7,63"/><U123/><E123/><V11/><F75/><W90/><G36/><T0/><D112/><U22/><E131/><V4/><F110/><W104/><G128/><T26/><D100/><U50/><E133/><V101/><F126/><W64/><G78/><T58/><D58/><U111/><E111/><V99/><F25/><W17/><G1/><T16/><D43/><U92/><E37/><V40/><F40/><W12/><G104/><T57/><D38/><U95/><E60/><V109/><F109/><W85/><G96/><T130/><D130/><U125/><E125/><V18/><F41/><W61/><G135/><T34/><D57/><U86/><E10/><V89/><F89/><W82/><G63/><T132/><D6/><U122/><E122/><V98/><F98/><W56/><G53/><T87/><D87/><AGARI ba="0,0" hai="19,22,27,45,47,50,51,54,55,84,86,87,92,95" machi="87" ten="40,3900,0" yaku="9,1,8,1" doraHai="129" who="1" fromWho="0" sc="266,-39,248,39,328,0,158,0" /><INIT seed="5,1,0,4,0,107" ten="227,287,328,158" oya="1" hai0="75,117,15,11,13,115,68,109,88,134,77,58,122" hai1="125,91,124,119,93,26,3,67,31,47,7,101,97" hai2="96,19,27,17,112,83,4,129,126,72,116,59,74" hai3="70,104,135,45,98,73,114,80,100,130,69,22,118"/><U43/><E119/><V95/><F116/><W8/><G118/><T0/><D117/><RYUUKYOKU type="kaze4" ba="1,0" sc="227,0,287,0,328,0,158,0" /><INIT seed="5,2,0,4,2,107" ten="227,287,328,158" oya="1" hai0="78,61,80,99,66,72,22,125,83,26,97,25,51" hai1="102,132,123,86,84,79,58,100,8,124,69,133,16" hai2="64,127,119,1,90,60,120,62,98,121,89,15,34" hai3="53,57,43,118,92,30,74,4,32,0,67,76,48"/><U2/><E123/><V101/><F1/><W14/><G118/><T122/><D125/><U5/><E69/><V96/><F119/><W109/><G109/><T130/><D130/><U23/><E124/><V110/><F34/><W46/><G0/><T44/><D122/><U115/><E115/><V103/><F127/><W117/><G117/><T33/><D83/><N who="1" m="47231" /><E86/><V88/><F15/><W75/><G76/><T105/><D33/><U40/><E58/><V28/><F90/><W73/><G67/><T135/><D135/><N who="1" m="51787" /><E40/><V35/><F35/><W94/><G32/><T55/><D105/><U11/><E11/><V68/><F68/><W104/><G104/><T9/><D9/><U41/><E41/><V71/><F71/><W7/><G30/><T18/><REACH who="0" step="1"/><D25/><AGARI ba="2,0" hai="2,5,8,16,23,25,100,102" m="51787,47231" machi="25" ten="30,2900,0" yaku="20,1,54,1" doraHai="107" who="1" fromWho="0" sc="227,-35,287,35,328,0,158,0" /><INIT seed="5,3,0,1,1,59" ten="192,322,328,158" oya="1" hai0="77,28,116,113,86,36,46,52,3,45,71,8,80" hai1="132,55,6,62,117,72,123,1,92,4,73,63,78" hai2="119,27,19,91,14,42,124,112,37,70,107,94,13" hai3="105,49,10,2,50,15,87,24,122,57,99,75,111"/><U95/><E123/><V127/><F107/><W5/><G111/><T7/><D116/><U20/><E117/><V56/><F119/><W121/><G75/><T115/><D71/><U25/><E132/><V67/><F70/><W84/><G2/><T89/><D28/><U106/><E106/><V85/><F112/><N who="0" m="43082" /><D36/><U48/><E1/><V76/><F76/><W47/><G122/><T17/><D17/><U82/><E73/><V118/><F118/><W21/><G121/><T66/><D66/><U18/><E6/><V23/><F42/><W97/><G57/><T35/><D35/><U41/><E4/><V64/><F37/><W31/><G50/><N who="0" m="28751" /><D46/><U0/><E0/><V109/><F109/><W39/><G39/><T130/><D130/><U58/><E41/><V68/><F68/><W60/><G60/><T129/><D129/><U61/><AGARI ba="3,0" hai="18,20,25,48,55,58,61,62,63,72,78,82,92,95" machi="61" ten="30,11700,0" yaku="0,1,52,3" doraHai="59" who="1" fromWho="1" sc="192,-42,322,126,328,-42,158,-42" /><INIT seed="5,4,0,0,3,70" ten="150,448,286,116" oya="1" hai0="43,92,88,132,17,1,116,78,80,104,41,77,32" hai1="82,4,71,50,128,6,90,68,3,114,102,74,101" hai2="29,42,75,7,25,24,134,14,15,72,125,113,65" hai3="107,57,63,124,16,96,99,105,28,51,39,27,84"/><U118/><E114/><V109/><F109/><W126/><G51/><T2/><D116/><U66/><E118/><V120/><F120/><W106/><G84/><T100/><D32/><U93/><E128/><V83/><F65/><W45/><G28/><T11/><D132/><U86/><E3/><V131/><F131/><W67/><G27/><T31/><D31/><U12/><E68/><V135/><F42/><N who="3" m="22751" /><G16/><T48/><D100/><U35/><E35/><V20/><F125/><AGARI ba="4,0" hai="57,63,67,96,99,105,106,107,124,125,126" m="22751" machi="125" ten="40,2600,0" yaku="18,1,52,1" doraHai="70" who="3" fromWho="2" sc="150,0,448,0,286,-38,116,38" /><INIT seed="6,0,0,1,4,85" ten="150,448,248,154" oya="2" hai0="96,113,16,1,82,2,102,79,127,90,17,92,45" hai1="114,133,42,31,97,80,99,51,33,30,72,54,35" hai2="135,122,62,57,18,78,60,71,112,0,39,125,24" hai3="65,58,98,38,132,3,69,123,20,120,15,14,101"/><V28/><F122/><W91/><G3/><T87/><D113/><U115/><E42/><V81/><F39/><W47/><G69/><T48/><D127/><U29/><E133/><V86/><F0/><W75/><G75/><T74/><D1/><U107/><E72/><V105/><F105/><W131/><G132/><T129/><D2/><U119/><E119/><V40/><F112/><N who="1" m="43049" /><E80/><V23/><F40/><W43/><G131/><T26/><D26/><U128/><E128/><V5/><F5/><W21/><G123/><T56/><D56/><N who="1" m="32863" /><E107/><V19/><F125/><W124/><G124/><T41/><REACH who="0" step="1"/><D129/><REACH who="0" ten="140,448,248,154" step="2"/><U88/><E99/><V100/><F135/><W13/><G120/><T32/><D32/><U116/><E116/><V6/><F71/><W84/><G58/><T108/><D108/><U103/><E103/><V37/><F100/><W46/><G46/><T64/><D64/><U70/><E70/><V134/><F134/><W11/><G65/><T9/><D9/><U61/><E61/><V109/><F62/><W94/><REACH who="3" step="1"/><G11/><REACH who="3" ten="140,448,248,144" step="2"/><T27/><D27/><U76/><E35/><V77/><F57/><W8/><G8/><T50/><D50/><U104/><E33/><V68/><F68/><W4/><G4/><T111/><D111/><U118/><E118/><V126/><F126/><W117/><G117/><T44/><D44/><U63/><E63/><V7/><F109/><W110/><G110/><T25/><D25/><U36/><E36/><V66/><F37/><W55/><G55/><T34/><D34/><U53/><E53/><V95/><F6/><W67/><G67/><RYUUKYOKU ba="0,2" sc="140,15,448,-15,248,-15,144,15" hai0="16,17,41,45,48,74,79,82,87,90,92,96,102" hai3="13,14,15,20,21,38,43,47,84,91,94,98,101" /><INIT seed="7,1,2,3,3,65" ten="155,433,233,159" oya="3" hai0="109,86,18,43,126,45,125,114,1,44,101,98,69" hai1="124,79,7,57,62,64,3,132,133,46,123,127,33" hai2="104,25,10,70,105,54,87,120,21,111,97,22,108" hai3="131,118,4,9,36,78,80,107,85,13,129,52,81"/><W15/><G118/><T56/><D109/><U50/><E123/><V90/><F70/><W5/><G36/><T115/><D1/><U49/><E33/><V51/><F22/><W119/><G107/><N who="0" m="63927" /><D69/><U84/><E7/><V12/><F120/><W106/><G106/><T89/><D56/><U92/><E3/><V72/><F72/><W19/><G119/><T0/><D18/><U113/><E113/><N who="0" m="43017" /><D0/><U93/><E79/><V39/><F39/><W28/><G28/><T20/><D20/><U47/><E84/><V41/><F41/><W42/><G42/><T61/><D61/><U32/><E32/><V82/><F105/><W67/><G67/><T30/><D30/><U17/><E17/><V94/><F104/><W63/><G4/><T112/><N who="0" m="43025" /><T88/><DORA hai="53" /><D89/><U31/><E31/><V77/><F21/><W37/><G37/><N who="0" m="21615" /><D45/><U29/><E29/><V6/><F25/><W35/><G35/><T121/><D121/><U95/><E46/><AGARI ba="1,2" hai="6,10,12,46,51,54,77,82,87,90,94,97,108,111" machi="46" ten="30,1000,0" yaku="7,1" doraHai="65,53" who="2" fromWho="1" sc="155,0,433,-13,233,33,159,0" owari="155,-34.5,420,52.0,266,6.6,159,-24.1" /></mjloggm>