<mjloggm ver="2.3"><GO type="169" lobby="0"/><UN n0="%E3%81%AE%E3%81%AF%E3%81%A3%E3%81%A1" n1="%E6%98%8E%E6%98%9F%E5%B8%82%E6%B0%91" n2="%64%69%76%61" n3="%E3%82%88%E3%82%8B%E3%81%A8%E3%81%AE%E4%BA%BA%E7%94%9F%E3%83%BC" dan="16,16,16,16" rate="2190.20,2161.14,2039.55,2080.27" sx="M,M,M,M"/><TAIKYOKU oya="0"/><INIT seed="0,0,0,2,3,65" ten="250,250,250,250" oya="0" hai0="86,18,85,56,128,108,133,125,7,110,62,52,106" hai1="76,5,47,124,38,115,36,91,75,39,10,90,67" hai2="101,2,59,92,102,8,132,80,84,100,14,89,105" hai3="20,79,119,50,118,23,122,121,22,77,112,109,63"/><T9/><D106/><U81/><E124/><V19/><F132/><W6/><G6/><T87/><D128/><U27/><E115/><V35/><F35/><W69/><G50/><T58/><D133/><U42/><E27/><V98/><F2/><W41/><G41/><T11/><D125/><U72/><E72/><V48/><F48/><W24/><G24/><T95/><D18/><U17/><E17/><V21/><F59/><W83/><G112/><T123/><D123/><N who="3" m="47113" /><G109/><N who="0" m="42091" /><D58/><U51/><E67/><V16/><REACH who="2" step="1"/><F105/><REACH who="2" ten="250,250,240,250" step="2"/><W57/><G57/><T82/><D95/><U107/><REACH who="1" step="1"/><E107/><REACH who="1" ten="250,240,240,250" step="2"/><V33/><F33/><W113/><G113/><T60/><D60/><U46/><E46/><V45/><F45/><W93/><G63/><T1/><D11/><U61/><E61/><V64/><F64/><W3/><G118/><T43/><D43/><U15/><AGARI ba="0,2" hai="5,10,15,36,38,39,42,47,51,75,76,81,90,91" machi="15" ten="30,4000,0" yaku="1,1,0,1,53,1" doraHai="65" doraHaiUra="73" who="1" fromWho="1" sc="250,-20,240,60,240,-10,250,-10" /><INIT seed="1,0,0,5,5,29" ten="230,300,230,240" oya="1" hai0="77,110,48,25,6,96,49,122,63,52,119,13,121" hai1="91,129,61,41,71,39,7,70,57,23,134,58,98" hai2="1,81,124,108,38,0,15,92,44,102,90,127,30" hai3="32,101,50,83,64,51,47,87,133,113,12,135,99"/><U106/><E129/><V10/><F108/><W80/><G113/><T117/><D77/><U112/><E134/><N who="3" m="51210" /><G64/><T5/><D96/><U95/><E112/><V22/><F38/><W107/><G32/><T104/><D104/><U114/><E114/><V56/><F44/><W111/><G111/><T88/><D110/><U26/><E106/><V53/><F102/><W18/><G87/><T54/><D25/><U79/><E7/><V42/><F42/><N who="3" m="24951" /><G51/><T100/><D100/><U97/><E79/><V40/><F40/><W37/><G37/><T72/><D63/><U33/><E98/><V11/><F0/><W45/><G45/><T59/><D72/><U31/><E41/><V130/><F130/><W116/><G116/><T103/><D103/><U24/><E39/><V69/><F69/><W68/><G68/><T9/><D88/><U73/><E57/><V62/><F1/><W74/><G74/><T66/><D66/><U123/><E123/><N who="0" m="47113" /><D5/><U85/><E85/><V125/><F81/><W14/><G14/><T126/><D126/><U78/><E78/><V46/><F46/><AGARI ba="0,0" hai="6,9,13,46,48,49,52,54,59,117,119" m="47113" machi="46" ten="30,2000,0" yaku="13,1,54,1" doraHai="29" who="0" fromWho="2" sc="230,20,300,0,230,-20,240,0" /><INIT seed="2,0,0,3,2,54" ten="250,300,210,240" oya="2" hai0="88,0,31,83,67,107,99,128,82,42,123,87,33" hai1="64,85,27,18,103,120,121,41,12,129,30,108,13" hai2="77,133,20,53,105,76,60,68,21,9,16,22,110" hai3="81,74,116,134,113,38,36,131,84,97,78,115,5"/><V63/><F105/><W111/><G5/><T72/><D123/><U100/><E108/><V11/><F110/><W86/><G36/><T126/><D126/><U94/><E41/><V75/><F133/><W57/><G38/><T101/><D128/><U48/><E64/><V79/><F75/><W118/><G111/><T104/><D0/><U69/><E69/><V125/><F125/><W23/><G23/><T51/><D107/><U102/><E48/><V7/><F68/><W91/><G57/><T98/><D98/><U127/><E129/><V39/><F39/><W73/><G134/><T132/><D67/><U1/><E1/><V19/><F53/><W61/><G61/><N who="2" m="23625" /><F7/><W45/><G45/><T55/><D42/><U58/><E58/><V6/><F6/><W47/><G47/><T106/><D106/><U122/><E127/><V56/><F56/><W49/><G49/><T62/><D62/><U90/><REACH who="1" step="1"/><E18/><AGARI ba="0,0" hai="9,11,16,18,19,20,21,22,76,77,79" m="23625" machi="18" ten="40,12000,1" yaku="28,2,8,1,54,1" doraHai="54" who="2" fromWho="1" sc="250,0,300,-120,210,120,240,0" /><INIT seed="2,1,0,5,0,97" ten="250,180,330,240" oya="2" hai0="11,121,130,25,51,133,58,34,94,98,30,67,33" hai1="135,9,43,86,61,57,41,100,16,3,36,62,39" hai2="126,117,18,85,132,134,32,109,20,127,76,99,66" hai3="44,120,80,68,104,35,40,63,29,78,72,115,28"/><V113/><F32/><W74/><G120/><T91/><D130/><U19/><E135/><N who="2" m="51755" /><F117/><W27/><G28/><T77/><D121/><U81/><E3/><V95/><F66/><N who="3" m="41055" /><G115/><T87/><D133/><U129/><E129/><V89/><F113/><W122/><G122/><T83/><D11/><U71/><E71/><V10/><F10/><W47/><G47/><T88/><D34/><U82/><E9/><V48/><F48/><W1/><G1/><T70/><D70/><U90/><E57/><V37/><F37/><N who="3" m="21519" /><G74/><T42/><D42/><U65/><E65/><V0/><F0/><W69/><G69/><T73/><D73/><U50/><E50/><V110/><F20/><W55/><G55/><T2/><D2/><U38/><E38/><V75/><F75/><W64/><G64/><T128/><D128/><U17/><E17/><V96/><F18/><W93/><G93/><T116/><D116/><U24/><E86/><V102/><F76/><W7/><G7/><T105/><D67/><U124/><E124/><N who="2" m="47659" /><F85/><W49/><G49/><T54/><REACH who="0" step="1"/><D105/><AGARI ba="1,0" hai="89,95,96,99,102,105,109,110" m="47659,51755" machi="105" ten="40,12000,1" yaku="20,1,18,1,34,2,52,1" doraHai="97" who="2" fromWho="0" sc="250,-123,180,0,330,123,240,0" /><AGARI ba="1,0" hai="27,29,35,72,78,80,104,105" m="21519,41055" machi="105" ten="30,2000,0" yaku="33,2" doraHai="97" who="3" fromWho="0" sc="127,-20,180,0,453,0,240,20" /><INIT seed="2,2,0,3,1,77" ten="107,180,453,260" oya="2" hai0="122,88,14,52,131,117,64,102,37,21,99,5,106" hai1="118,97,2,11,57,76,55,28,93,86,133,4,67" hai2="38,70,134,59,8,53,135,68,92,9,81,73,104" hai3="49,15,46,103,35,39,24,1,125,115,16,17,48"/><V42/><F104/><W45/><G1/><T127/><D122/><U94/><E133/><N who="2" m="50699" /><F38/><W62/><G39/><T22/><D131/><U40/><E118/><V87/><F73/><W107/><G125/><T32/><D32/><U84/><E28/><V113/><F92/><W124/><G124/><T129/><D129/><U43/><E67/><V23/><F23/><N who="3" m="13423" /><G107/><T20/><D37/><U90/><E86/><V72/><F72/><W6/><G6/><T7/><D64/><U75/><E75/><V26/><F26/><W74/><G74/><T78/><D117/><U80/><REACH who="1" step="1"/><E93/><REACH who="1" ten="107,170,453,260" step="2"/><V12/><F113/><W71/><G115/><T65/><D65/><U44/><E44/><V36/><F70/><W60/><G46/><T25/><D127/><U27/><E27/><V110/><F68/><W56/><G45/><T123/><D25/><U114/><E114/><V95/><F95/><W54/><G71/><T61/><D123/><U50/><AGARI ba="2,1" hai="2,4,11,40,43,50,55,57,76,80,84,90,94,97" machi="50" ten="20,5200,0" yaku="1,1,0,1,7,1,52,1,53,0" doraHai="77" doraHaiUra="119" who="1" fromWho="1" sc="107,-15,170,68,453,-28,260,-15" /><INIT seed="3,0,0,0,3,1" ten="92,238,425,245" oya="3" hai0="96,101,76,128,19,127,10,94,82,4,115,125,100" hai1="88,61,70,12,40,97,21,83,3,134,53,110,130" hai2="35,108,95,65,44,33,27,87,117,66,32,69,46" hai3="119,64,7,123,99,39,26,45,38,49,47,129,72"/><W22/><G119/><T73/><D128/><U41/><E3/><V120/><F120/><W60/><G123/><T124/><D115/><U18/><E110/><V104/><F104/><W111/><G72/><T84/><D19/><U90/><E134/><V55/><F117/><W114/><G114/><T13/><REACH who="0" step="1"/><D73/><REACH who="0" ten="82,238,425,245" step="2"/><U57/><E130/><V24/><F108/><W113/><G113/><T29/><D29/><U79/><E70/><V109/><F69/><W56/><G129/><T118/><D118/><U106/><E106/><V74/><F74/><W126/><G111/><T132/><D132/><U0/><E0/><V85/><F109/><W59/><G126/><T23/><D23/><U98/><E98/><V67/><F33/><W9/><G99/><T131/><D131/><U102/><E97/><V89/><F35/><W68/><G22/><T54/><D54/><U20/><E20/><V103/><F55/><N who="3" m="31855" /><G26/><T122/><D122/><U51/><E102/><AGARI ba="0,1" hai="4,10,13,76,82,84,94,96,100,101,102,124,125,127" machi="102" ten="40,5200,0" yaku="1,1,18,1,52,1,53,0" doraHai="1" doraHaiUra="116" who="0" fromWho="1" sc="82,62,238,-52,425,0,245,0" /><INIT seed="4,0,0,3,3,9" ten="144,186,425,245" oya="0" hai0="91,25,102,121,13,47,5,24,53,75,128,37,119" hai1="134,1,31,29,45,83,69,49,28,62,95,35,65" hai2="66,43,48,33,74,57,15,81,117,67,109,87,85" hai3="88,27,46,72,34,56,2,96,114,131,61,100,130"/><T90/><D119/><U135/><E1/><V23/><F33/><W6/><G72/><T126/><D121/><U58/><E83/><V59/><F109/><W70/><G114/><T39/><D75/><U133/><E95/><V3/><F3/><W22/><G70/><T104/><D128/><U115/><E115/><V94/><F74/><W8/><G34/><T106/><D126/><U20/><E35/><V52/><F43/><W76/><G76/><T98/><D53/><U129/><E129/><N who="3" m="49162" /><G88/><T40/><D106/><U60/><E20/><V14/><F94/><N who="3" m="58391" /><G46/><T55/><D55/><N who="1" m="30127" /><E28/><V54/><F87/><W99/><G99/><T21/><D39/><U44/><E44/><V64/><F117/><W122/><G122/><T26/><REACH who="0" step="1"/><D5/><REACH who="0" ten="134,186,425,245" step="2"/><U92/><E92/><V97/><F54/><AGARI ba="0,1" hai="29,31,54,58,60,62,65,69,133,134,135" m="30127" machi="54" ten="30,1000,0" yaku="20,1" doraHai="9" who="1" fromWho="2" sc="134,0,186,20,425,-10,245,0" /><INIT seed="5,0,0,0,3,104" ten="134,206,415,245" oya="1" hai0="101,81,120,58,118,59,76,128,51,43,27,116,1" hai1="2,67,85,20,64,73,36,41,60,105,55,61,117" hai2="86,0,122,14,46,54,108,4,123,44,74,48,16" hai3="111,107,10,15,135,56,47,25,96,93,68,77,13"/><U7/><E117/><V124/><F108/><W35/><G68/><T83/><D1/><U52/><E105/><V89/><F124/><W109/><G107/><T31/><D128/><U29/><E85/><V134/><F74/><W38/><G135/><T78/><D101/><U113/><E113/><V32/><F32/><W63/><G77/><T90/><D90/><U92/><E92/><V65/><F65/><W98/><G35/><T114/><D114/><U112/><E112/><V6/><F134/><W72/><G25/><T88/><D88/><U115/><E73/><V28/><F28/><W49/><G38/><T110/><D110/><U62/><E115/><V37/><F0/><W126/><G72/><T97/><D97/><U50/><E7/><V8/><F37/><W26/><G26/><T53/><D120/><U19/><E29/><V132/><F132/><W102/><G126/><T3/><D3/><U39/><E2/><V9/><F9/><W11/><G10/><T34/><D43/><U100/><E100/><V99/><F99/><W71/><G98/><T129/><D129/><U131/><E131/><V79/><F79/><W18/><G71/><T12/><D12/><N who="1" m="9319" /><E36/><V23/><F8/><W106/><G106/><T130/><D130/><U87/><E87/><V45/><F123/><W57/><G15/><T94/><D94/><U121/><E39/><V84/><F84/><W17/><G17/><T69/><D69/><N who="1" m="42119" /><E121/><V127/><F127/><W95/><G95/><T24/><D24/><U133/><E133/><V42/><F122/><W103/><G103/><T125/><D125/><RYUUKYOKU ba="0,0" sc="134,0,206,0,415,0,245,0" /><INIT seed="6,1,0,5,4,134" ten="134,206,415,245" oya="2" hai0="106,91,15,6,63,10,66,132,97,12,119,47,69" hai1="25,96,52,41,40,120,73,101,89,51,105,19,83" hai2="17,126,70,90,71,80,30,28,53,75,57,108,44" hai3="59,122,123,38,84,68,35,85,46,129,62,3,86"/><V43/><F126/><W94/><G129/><T112/><D112/><U1/><E1/><V115/><F115/><W100/><G35/><T88/><D132/><U45/><E120/><V76/><F71/><W16/><G3/><T111/><D111/><U22/><REACH who="1" step="1"/><E89/><REACH who="1" ten="134,196,415,245" step="2"/><V116/><F90/><W49/><G123/><T11/><D119/><U98/><E98/><V50/><F116/><W81/><G122/><T24/><D24/><U31/><E31/><V9/><F28/><W39/><G38/><T54/><D97/><U14/><E14/><V36/><F30/><W13/><G39/><T56/><D106/><U109/><E109/><V104/><F36/><W82/><G13/><T26/><D26/><U130/><E130/><V117/><F104/><W78/><G82/><T131/><D131/><U64/><E64/><V2/><F80/><W60/><G81/><T124/><D124/><U33/><E33/><V4/><F2/><W102/><G94/><T114/><D114/><U58/><E58/><V20/><F57/><W125/><G59/><T74/><D74/><U127/><E127/><V110/><F117/><W0/><G0/><T121/><D121/><U34/><E34/><V118/><F118/><W61/><G125/><T113/><D113/><U18/><E18/><V95/><F17/><W5/><G16/><N who="0" m="8215" /><D69/><U67/><E67/><V21/><F70/><W55/><G68/><T48/><AGARI ba="1,1" hai="6,11,15,47,48,54,56,63,66,88,91" m="8215" machi="48" ten="30,4000,0" yaku="8,1,54,2" doraHai="134" who="0" fromWho="0" sc="134,53,196,-11,415,-21,245,-11" /><INIT seed="7,0,0,0,2,45" ten="187,185,394,234" oya="3" hai0="98,14,15,37,108,40,59,31,57,5,10,38,130" hai1="4,94,101,63,96,120,51,43,122,117,134,92,109" hai2="62,18,89,133,76,126,103,49,85,135,19,79,22" hai3="111,119,104,39,125,60,3,75,41,17,47,112,129"/><W33/><RYUUKYOKU type="yao9" ba="0,0" sc="187,0,185,0,394,0,234,0" hai3="3,17,33,39,41,47,60,75,104,111,112,119,125,129" /><INIT seed="7,1,0,0,3,7" ten="187,185,394,234" oya="3" hai0="17,40,85,31,120,34,68,94,86,61,14,112,80" hai1="64,20,55,35,25,13,29,126,115,58,24,99,69" hai2="110,87,30,5,0,81,33,6,9,103,82,116,47" hai3="22,57,132,109,84,122,83,119,63,118,60,124,2"/><W111/><G2/><T100/><D120/><U117/><E115/><V91/><F116/><W70/><G122/><T4/><D112/><U50/><E126/><V12/><F110/><N who="3" m="41995" /><G124/><T92/><D4/><U37/><E37/><V129/><F129/><W51/><G132/><T107/><D40/><U134/><E134/><V28/><F33/><W46/><G22/><T19/><D94/><U78/><E117/><V79/><F103/><W59/><G70/><T128/><D19/><U96/><E78/><V39/><F5/><W45/><G84/><T36/><D36/><U114/><E114/><V23/><F23/><W53/><G83/><T18/><D92/><U54/><E13/><V127/><F127/><W113/><G45/><T52/><D80/><U3/><E3/><V106/><F47/><W1/><G1/><T42/><D68/><U90/><E90/><V135/><F135/><W102/><G102/><T123/><D123/><U130/><E130/><V43/><F0/><W88/><G88/><T76/><D128/><U62/><E54/><V121/><F121/><W105/><G113/><T48/><D100/><U125/><E125/><V95/><F82/><W131/><G131/><T38/><D86/><U72/><E72/><V93/><F79/><W89/><G89/><T77/><D85/><U21/><E35/><V27/><F81/><W16/><G53/><T41/><D77/><U71/><E71/><V10/><F87/><W104/><G119/><T11/><D76/><U73/><E73/><V108/><F91/><W75/><G118/><T32/><D34/><U8/><E8/><RYUUKYOKU ba="1,0" sc="187,-10,185,30,394,-10,234,-10" hai1="20,21,24,25,29,50,55,58,62,64,69,96,99" owari="177,-32.3,215,-18.5,384,48.4,224,2.4" /></mjloggm>