<mjloggm ver="2.3"><GO type="169" lobby="0"/><UN n0="%E3%83%97%E3%83%AC%E3%82%B9%E3%83%97" n1="%E2%80%A0%E7%99%BD%E5%85%8E%E2%80%A0" n2="%41%4C%50%45%52%49%4E" n3="%E3%81%82%E3%81%95%E3%81%B4%E3%82%93%EF%BC%A0%EF%BD%8D%EF%BD%8A" dan="16,17,16,18" rate="2169.23,2215.74,2188.55,2300.23" sx="M,M,M,M"/><TAIKYOKU oya="0"/><INIT seed="0,0,0,0,0,4" ten="250,250,250,250" oya="0" hai0="110,108,41,65,87,96,126,47,5,38,48,75,90" hai1="121,123,130,21,81,44,131,85,132,99,93,72,68" hai2="3,101,33,14,71,106,84,114,13,40,98,19,83" hai3="67,58,43,2,102,24,73,80,22,128,92,122,54"/><T9/><D75/><U16/><E68/><V35/><F114/><W34/><G2/><T135/><D135/><U23/><E72/><V124/><F3/><W86/><G34/><T51/><D126/><U25/><E132/><V10/><F124/><W82/><G128/><N who="1" m="49194" /><E44/><V56/><F71/><W8/><G122/><T30/><D65/><U62/><E23/><V49/><F14/><W20/><G43/><T0/><D30/><U127/><E62/><V109/><F109/><N who="0" m="42090" /><D96/><U27/><E27/><V55/><REACH who="2" step="1"/><F40/><REACH who="2" ten="250,250,240,250" step="2"/><W97/><G24/><T76/><D76/><AGARI ba="0,1" hai="10,13,19,33,35,49,55,56,76,83,84,98,101,106" machi="76" ten="30,7700,0" yaku="1,1,2,1,7,1,52,1,53,0" doraHai="4" doraHaiUra="1" who="2" fromWho="0" sc="250,-77,250,0,240,87,250,0" /><INIT seed="1,0,0,5,4,68" ten="173,250,327,250" oya="1" hai0="12,82,113,2,78,72,30,123,4,90,98,102,18" hai1="60,1,131,0,103,93,54,76,69,73,49,65,86" hai2="17,15,7,26,127,6,125,118,96,134,101,105,80" hai3="37,112,107,21,83,110,111,42,23,71,122,133,13"/><U34/><E34/><V126/><F118/><W57/><G71/><T132/><D113/><U64/><E64/><V95/><F134/><W74/><G112/><T89/><D132/><U77/><E73/><V29/><F105/><W87/><G107/><T117/><D117/><U19/><E131/><V91/><F101/><W100/><G100/><T94/><D123/><U24/><E24/><V75/><F80/><W14/><G57/><T31/><D4/><U61/><E61/><V92/><F92/><W79/><G122/><T45/><D2/><U97/><E19/><V114/><F75/><W25/><G23/><T44/><D89/><U99/><E99/><V28/><F114/><W35/><G35/><T51/><D102/><U22/><E22/><N who="2" m="15447" /><F29/><W120/><G74/><T70/><D44/><U62/><E62/><V52/><F52/><W116/><G116/><T5/><D5/><U108/><E108/><N who="3" m="41514" /><G133/><T20/><REACH who="0" step="1"/><D70/><REACH who="0" ten="163,250,327,250" step="2"/><U55/><E0/><V63/><F63/><W11/><G120/><T106/><D106/><U109/><E1/><V121/><F121/><W115/><G115/><T56/><D56/><U130/><E109/><V38/><F38/><W43/><G37/><T119/><D119/><U104/><E104/><V81/><F6/><N who="3" m="3319" /><G14/><T10/><D10/><U46/><E69/><V8/><F7/><W16/><AGARI ba="0,1" hai="16,21,25,42,43,79,83,87" m="3319,41514" machi="16" ten="30,2000,0" yaku="14,1,54,1" doraHai="68" who="3" fromWho="3" sc="163,-5,250,-10,327,-5,250,30" /><INIT seed="2,0,0,3,2,55" ten="158,240,322,280" oya="2" hai0="111,29,126,13,1,93,6,101,119,51,32,80,54" hai1="131,56,123,14,65,89,78,39,35,10,50,8,11" hai2="96,73,59,90,75,107,34,21,53,117,102,125,122" hai3="112,52,110,84,47,15,33,85,3,95,108,38,100"/><V4/><F117/><W40/><G3/><T127/><D1/><U92/><E39/><V98/><F122/><W62/><G33/><T91/><D119/><U76/><E35/><V135/><F34/><W22/><G112/><T18/><D111/><N who="3" m="42537" /><G100/><T71/><D71/><U0/><E131/><V97/><F125/><W99/><G99/><T81/><D6/><U83/><E0/><V44/><F135/><W120/><G95/><T27/><D101/><U72/><E78/><V16/><F4/><W57/><G120/><T7/><D7/><U41/><E123/><V36/><F75/><W69/><G69/><T25/><D25/><U133/><E41/><V12/><F73/><W30/><G15/><T105/><D105/><U109/><E133/><V23/><F23/><W60/><G62/><T58/><D126/><U103/><E103/><V68/><F68/><W87/><G22/><T42/><D42/><U128/><E128/><V106/><F106/><W48/><G30/><T45/><D45/><U118/><E118/><V43/><REACH who="2" step="1"/><F90/><REACH who="2" ten="158,240,312,280" step="2"/><W17/><G17/><T94/><D127/><U124/><E124/><V46/><F46/><W134/><G134/><T66/><D66/><U116/><E116/><V132/><F132/><W2/><G2/><T77/><D77/><U121/><E121/><V86/><F86/><W64/><G85/><T5/><D5/><N who="1" m="3343" /><E109/><V24/><F24/><W113/><G113/><T31/><D31/><U20/><E65/><V74/><F74/><W63/><G64/><T19/><D91/><U129/><E76/><V67/><F67/><BYE who="2" /><W104/><G104/><RYUUKYOKU ba="0,1" sc="158,-15,240,-15,312,15,280,15" hai2="12,16,21,36,43,44,53,59,96,97,98,102,107" hai3="38,40,47,48,52,57,60,63,84,87" /><UN n2="%41%4C%50%45%52%49%4E" /><INIT seed="2,1,1,4,2,5" ten="143,225,327,295" oya="2" hai0="104,129,3,24,35,4,14,7,46,92,27,30,89" hai1="66,125,118,114,85,31,26,135,2,1,72,80,109" hai2="18,50,44,61,39,100,15,64,127,70,55,108,106" hai3="59,119,84,17,42,83,52,74,67,43,51,62,133"/><V13/><F127/><W40/><G119/><T124/><D104/><U115/><E118/><V97/><F108/><W123/><G123/><T130/><D46/><U75/><E109/><V95/><F39/><W25/><G74/><T69/><D69/><U8/><E66/><V113/><F113/><W120/><G133/><T79/><D79/><U126/><E135/><V102/><F102/><W90/><G120/><T23/><D89/><U82/><E26/><V76/><F76/><W47/><G25/><T45/><D92/><U122/><E31/><V65/><F65/><W9/><G42/><T103/><D45/><U93/><E93/><V81/><F81/><W16/><G17/><N who="0" m="12399" /><D103/><U57/><E57/><V99/><F15/><AGARI ba="1,1" hai="9,15,16,40,43,47,51,52,59,62,67,83,84,90" machi="15" ten="40,12000,2" yaku="25,2,8,1,52,1,54,2" doraHai="5" who="3" fromWho="2" sc="143,0,225,0,327,-123,295,133" /><INIT seed="3,0,0,1,2,52" ten="143,225,204,428" oya="3" hai0="60,90,105,111,71,54,62,64,102,122,22,115,49" hai1="81,123,118,109,16,108,24,10,4,91,80,51,67" hai2="121,65,25,17,116,68,61,28,6,104,31,33,133" hai3="3,30,126,44,79,125,35,134,76,95,130,46,100"/><W78/><G3/><T29/><D122/><U82/><E123/><V56/><F116/><W107/><G107/><T101/><D111/><N who="1" m="42571" /><E118/><V77/><F121/><W36/><G36/><T37/><D115/><U38/><E38/><V85/><F133/><W75/><G75/><T40/><D105/><U124/><E124/><N who="3" m="47722" /><G130/><T27/><D62/><U131/><E131/><V45/><F104/><W117/><G134/><T135/><D135/><U58/><E91/><V63/><F6/><W87/><G117/><T2/><D2/><N who="1" m="279" /><E51/><V119/><F119/><W5/><G5/><T112/><D112/><U57/><E67/><V93/><F31/><W84/><G30/><T99/><D90/><U43/><E43/><V114/><F114/><W55/><G35/><T70/><D70/><U132/><E132/><V83/><F45/><N who="3" m="17515" /><G55/><T103/><D40/><U73/><E73/><V20/><F93/><W7/><G7/><T94/><REACH who="0" step="1"/><D37/><REACH who="0" ten="133,225,204,428" step="2"/><U92/><E92/><V11/><F63/><W15/><G95/><T88/><D88/><U39/><E39/><V96/><F68/><W59/><G100/><T129/><D129/><U86/><E86/><V113/><F113/><W26/><G84/><T98/><D98/><U0/><E0/><V8/><REACH who="2" step="1"/><F96/><REACH who="2" ten="133,225,194,428" step="2"/><W9/><G87/><T23/><D23/><AGARI ba="0,2" hai="16,23,24,57,58,80,81,82" m="279,42571" machi="23" ten="30,7700,0" yaku="14,1,52,2,54,1" doraHai="52" who="1" fromWho="0" sc="133,-77,225,97,194,0,428,0" /><INIT seed="4,0,0,3,4,38" ten="56,322,194,428" oya="0" hai0="92,45,126,80,91,93,49,84,114,82,22,83,6" hai1="100,131,88,31,68,44,36,56,15,40,86,107,58" hai2="122,99,89,85,70,62,102,117,129,12,63,64,112" hai3="30,110,41,90,20,26,37,125,76,135,51,77,18"/><T101/><D114/><U23/><E68/><V5/><F122/><W2/><G110/><T103/><D126/><U75/><E75/><V72/><F112/><W133/><G37/><T17/><D6/><U52/><E131/><V29/><F129/><W59/><G2/><T28/><D28/><U79/><E79/><V19/><F72/><W47/><G125/><T123/><D123/><U111/><E111/><V34/><F117/><W73/><G59/><T87/><D87/><U42/><E42/><V50/><F5/><W121/><G121/><T127/><D93/><U11/><E100/><V35/><F62/><W124/><G124/><T69/><D69/><U46/><E107/><V78/><F78/><W61/><G61/><T116/><D116/><U97/><E97/><V0/><F50/><W95/><G73/><T16/><D127/><U65/><E65/><V130/><F29/><W94/><G94/><T106/><D106/><U66/><E66/><V81/><F0/><W74/><G74/><T60/><D60/><U27/><E46/><V119/><F130/><W55/><G55/><N who="0" m="30127" /><D17/><U109/><E52/><V128/><F128/><W39/><G39/><T71/><D71/><U13/><E109/><V115/><F115/><W54/><G54/><T43/><D43/><U53/><E53/><V113/><F113/><W104/><G104/><T48/><D48/><U57/><REACH who="1" step="1"/><E11/><REACH who="1" ten="56,312,194,428" step="2"/><N who="2" m="6559" /><F119/><W24/><G77/><T67/><D67/><U10/><E10/><V32/><F102/><W33/><REACH who="3" step="1"/><G76/><REACH who="3" ten="56,312,194,418" step="2"/><T96/><D103/><U105/><E105/><V118/><F118/><W21/><G21/><RYUUKYOKU ba="0,2" sc="56,0,312,0,194,0,418,0" hai0="16,22,80,82,83,84,91,92,96,101" hai1="13,15,23,27,31,36,40,44,56,57,58,86,88" hai2="32,34,35,63,64,70,81,85,89,99" hai3="18,20,24,26,30,33,41,47,51,90,95,133,135" /><INIT seed="4,1,2,4,0,20" ten="56,312,194,418" oya="0" hai0="8,22,19,82,59,58,106,81,68,134,66,97,40" hai1="9,79,52,103,89,32,34,120,15,35,3,112,17" hai2="119,75,21,115,109,33,80,26,7,30,1,88,87" hai3="122,61,6,127,0,118,98,123,125,60,95,28,111"/><T69/><D134/><U12/><E120/><N who="3" m="46122" /><G111/><T11/><D40/><U31/><E103/><V29/><F115/><W46/><G118/><T43/><D43/><U76/><E3/><V71/><F109/><W45/><G28/><T10/><D106/><U124/><E124/><N who="3" m="47690" /><G6/><T130/><D130/><U135/><E135/><V37/><F37/><W100/><G0/><T92/><D68/><U99/><E31/><V90/><F119/><W107/><G95/><T114/><D114/><U116/><E116/><V101/><F71/><W132/><G132/><T44/><D44/><AGARI ba="1,2" hai="44,45,46,60,61,98,100,107" m="47690,46122" machi="44" ten="30,2000,0" yaku="13,1,18,1" doraHai="20" who="3" fromWho="0" sc="56,-23,312,0,194,0,418,43" /><INIT seed="5,0,0,4,1,17" ten="33,312,194,461" oya="1" hai0="46,11,81,10,96,87,63,42,111,50,35,123,7" hai1="101,124,78,45,29,91,98,27,108,83,31,107,44" hai2="132,38,89,100,113,134,110,120,18,16,20,73,71" hai3="72,54,77,62,130,0,70,49,114,8,84,56,65"/><U6/><E124/><V51/><F38/><W126/><G72/><T133/><D111/><U9/><E108/><V79/><F110/><W55/><G126/><T82/><D133/><N who="2" m="51306" /><F120/><W30/><G114/><T97/><D35/><U117/><E91/><V102/><F71/><W57/><G130/><T59/><D123/><U37/><E117/><V116/><F116/><W5/><G30/><T106/><D106/><U93/><E107/><V47/><F89/><W135/><G135/><T39/><D39/><U4/><E31/><V64/><F64/><W99/><G99/><T85/><D11/><U53/><E53/><N who="2" m="29951" /><F18/><W75/><G75/><T80/><D10/><U24/><E24/><N who="2" m="14343" /><F113/><W95/><G95/><T36/><D7/><U66/><E66/><V125/><F125/><W128/><G128/><T92/><D36/><U1/><E4/><V3/><F3/><W2/><G2/><T14/><D14/><U61/><E37/><V40/><F40/><W94/><G94/><T52/><REACH who="0" step="1"/><D96/><REACH who="0" ten="23,312,194,461" step="2"/><U13/><E1/><V74/><F74/><W68/><G0/><T58/><D58/><U33/><E13/><V103/><F73/><W119/><G119/><T118/><D118/><U34/><E34/><V104/><F104/><W86/><G68/><T122/><D122/><U25/><E6/><V69/><F69/><W131/><G131/><T26/><D26/><U32/><E27/><V109/><F109/><W15/><G70/><T41/><D41/><U115/><E32/><V12/><F12/><W76/><G5/><T88/><AGARI ba="0,1" hai="42,46,50,52,59,63,80,81,82,85,87,88,92,97" machi="88" ten="30,8000,1" yaku="1,1,0,1,8,1,54,2,53,0" doraHai="17" doraHaiUra="21" who="0" fromWho="0" sc="23,90,312,-40,194,-20,461,-20" /><INIT seed="6,0,0,5,1,81" ten="113,272,174,441" oya="2" hai0="93,125,79,96,80,92,128,123,9,39,105,21,98" hai1="135,65,83,124,63,126,75,101,117,12,26,69,78" hai2="59,5,15,94,51,134,7,108,28,8,50,72,67" hai3="35,36,106,129,17,121,27,122,86,84,110,41,76"/><V73/><F134/><W77/><G110/><T20/><D39/><U100/><E117/><V45/><F108/><W109/><G109/><T49/><D123/><U18/><E26/><V130/><F130/><W19/><G106/><T115/><D128/><U25/><E25/><V87/><F28/><W16/><G129/><T64/><D115/><U127/><REACH who="1" step="1"/><E135/><REACH who="1" ten="113,262,174,441" step="2"/><V82/><F7/><W116/><G27/><T2/><D125/><U54/><E54/><V55/><F67/><W102/><G116/><T89/><D64/><U88/><E88/><V11/><F5/><W30/><G121/><T31/><D31/><U48/><E48/><V24/><F24/><W58/><G122/><T33/><D33/><U104/><E104/><V133/><F133/><W52/><G52/><T13/><D105/><U1/><E1/><V62/><F51/><W56/><G35/><T103/><D2/><U71/><E71/><V4/><F4/><W14/><G30/><T90/><D49/><U40/><E40/><V37/><F50/><W3/><G3/><T66/><D66/><U70/><E70/><V42/><F42/><W46/><G41/><T99/><D103/><U23/><AGARI ba="0,1" hai="12,18,23,63,65,69,75,78,83,100,101,124,126,127" machi="23" ten="30,4000,0" yaku="1,1,0,1,18,1,53,0" doraHai="81" doraHaiUra="0" who="1" fromWho="1" sc="113,-10,262,50,174,-20,441,-10" /><INIT seed="7,0,0,5,0,98" ten="103,312,154,431" oya="3" hai0="7,63,94,1,89,65,82,21,23,19,95,50,110" hai1="9,13,106,90,99,46,121,37,11,54,104,83,130" hai2="84,91,22,108,80,116,35,20,75,114,58,29,119" hai3="66,24,2,107,52,86,39,85,18,134,31,44,67"/><W78/><G107/><T92/><D110/><U62/><E121/><V72/><F108/><W8/><G134/><T96/><D1/><U41/><E130/><V112/><F58/><W14/><G2/><T0/><D0/><U77/><E9/><V43/><F43/><W47/><G39/><T102/><D7/><U56/><E90/><V10/><F10/><W81/><G85/><T55/><D82/><U28/><E28/><V103/><F103/><W42/><G52/><T127/><D127/><U124/><E124/><V27/><F22/><N who="3" m="15767" /><G42/><T45/><D89/><U125/><E125/><V5/><F5/><W61/><G61/><T51/><D51/><U122/><E122/><V111/><F111/><W117/><G117/><N who="2" m="45129" /><F35/><W16/><G18/><T59/><REACH who="0" step="1"/><D23/><REACH who="0" ten="93,312,154,431" step="2"/><U131/><E83/><V64/><F64/><AGARI ba="0,1" hai="8,14,16,44,47,64,66,67,78,81,86" m="15767" machi="64" ten="30,2900,0" yaku="8,1,54,1" doraHai="98" who="3" fromWho="2" sc="93,0,312,0,154,-29,431,39" owari="93,-40.7,312,11.2,125,-27.5,470,57.0" /></mjloggm>