<mjloggm ver="2.3"><GO type="169" lobby="0"/><UN n0="%79%61%6E%72%6F%75" n1="%6C%6E%61%69" n2="%E3%81%86%E3%81%91%E3%81%AA%E3%81%8C%E3%81%97%E3%81%BE%E3%81%9B%E3%82%93" n3="%4A%4B%E3%81%97%E3%82%8D%E3%81%BE%E3%82%8B" dan="16,16,17,16" rate="2158.88,2054.18,2250.30,2123.80" sx="M,M,F,F"/><TAIKYOKU oya="0"/><INIT seed="0,0,0,0,2,120" ten="250,250,250,250" oya="0" hai0="38,126,1,48,100,99,135,71,111,98,97,50,117" hai1="95,70,12,49,96,10,109,118,64,47,113,8,92" hai2="51,56,41,132,124,67,72,45,91,130,63,134,15" hai3="94,68,17,52,36,83,30,86,28,65,43,59,112"/><T133/><D117/><U131/><E118/><V11/><F72/><W27/><G112/><T81/><D38/><U102/><E113/><V24/><F130/><W55/><G68/><T108/><D1/><U44/><E131/><V54/><F124/><W34/><G30/><T119/><D119/><U101/><E109/><N who="0" m="42057" /><D126/><U42/><E70/><V62/><F24/><W77/><G17/><T110/><N who="0" m="42065" /><T115/><DORA hai="73" /><D115/><U116/><E64/><V60/><F91/><W69/><G69/><T78/><D100/><U123/><E123/><V122/><F122/><W26/><G28/><T58/><D71/><U40/><E116/><V88/><F67/><W79/><G34/><T25/><D25/><U19/><E95/><V20/><F20/><W105/><G26/><T6/><D6/><U21/><E102/><V13/><F13/><W103/><G27/><T4/><D4/><U35/><E35/><V39/><REACH who="2" step="1"/><F88/><REACH who="2" ten="250,250,240,250" step="2"/><W82/><G103/><T114/><D114/><U107/><REACH who="1" step="1"/><E107/><REACH who="1" ten="250,240,240,250" step="2"/><V32/><F32/><W84/><G105/><T75/><D58/><U57/><E57/><V14/><F14/><W16/><G59/><T46/><D46/><U127/><E127/><V66/><F66/><W76/><G65/><T31/><D31/><U0/><E0/><V125/><F125/><W7/><G36/><AGARI ba="0,2" hai="8,10,12,19,21,36,40,42,44,47,49,92,96,101" machi="36" ten="30,2000,0" yaku="1,1,7,1,53,0" doraHai="120,73" doraHaiUra="87,128" who="1" fromWho="3" sc="250,0,240,40,240,0,250,-20" /><INIT seed="1,0,0,4,2,133" ten="250,280,240,230" oya="1" hai0="63,91,72,45,94,134,106,53,113,39,92,3,85" hai1="69,34,121,82,51,26,116,112,66,107,41,21,38" hai2="81,31,2,114,57,62,132,12,101,87,65,128,50" hai3="89,58,28,90,122,23,102,16,48,115,83,78,6"/><U119/><E112/><V125/><F2/><W67/><G122/><T103/><D134/><U135/><E121/><V111/><F132/><W32/><G115/><T117/><D3/><U7/><E135/><V74/><F74/><W97/><G6/><T8/><D117/><U80/><E107/><V19/><F114/><W131/><G131/><T93/><D113/><U49/><E34/><V20/><F128/><W40/><G28/><T29/><D72/><U68/><E7/><V109/><F101/><W84/><G32/><T73/><D73/><U18/><E38/><V64/><F64/><W110/><G110/><T95/><D8/><U30/><E30/><V46/><F31/><W123/><G40/><T108/><D108/><U1/><E1/><V124/><F111/><W126/><G126/><T27/><D63/><U4/><E4/><V76/><REACH who="2" step="1"/><F109/><REACH who="2" ten="250,280,230,230" step="2"/><W75/><G75/><T54/><D103/><U5/><E66/><V98/><F98/><W61/><G123/><T100/><D100/><U52/><E116/><V36/><F36/><W60/><G60/><T56/><D39/><U25/><E119/><V55/><AGARI ba="0,1" hai="12,19,20,46,50,55,57,62,65,76,81,87,124,125" machi="55" ten="30,8000,1" yaku="1,1,0,1,52,2,53,1" doraHai="133" doraHaiUra="59" who="2" fromWho="2" sc="250,-20,280,-40,230,90,230,-20" /><INIT seed="2,0,0,4,4,83" ten="230,240,320,210" oya="2" hai0="123,29,121,86,26,22,120,82,77,13,18,68,45" hai1="15,27,55,103,8,90,116,89,47,36,63,59,44" hai2="0,115,132,85,114,40,122,95,133,41,16,98,42" hai3="9,111,110,102,79,84,48,117,118,126,32,135,4"/><V129/><F0/><W112/><G32/><T21/><REACH who="0" step="1"/><D45/><REACH who="0" ten="220,240,320,210" step="2"/><U78/><E47/><V3/><F115/><W60/><G112/><T108/><D108/><U72/><E44/><V127/><F114/><W17/><G111/><T73/><D73/><U130/><E72/><V131/><F122/><W128/><G110/><T1/><D1/><U53/><E116/><V31/><F3/><W57/><G118/><T91/><D91/><U88/><E90/><V2/><F2/><W70/><G117/><T46/><D46/><U87/><E88/><N who="2" m="53647" /><F127/><W69/><G126/><T96/><D96/><U52/><E89/><V134/><F98/><W124/><G124/><T62/><D62/><U43/><E63/><V113/><F113/><W67/><G60/><T107/><D107/><U25/><E43/><V93/><F93/><W80/><G70/><AGARI ba="0,1" hai="13,18,21,22,26,29,68,70,77,82,86,120,121,123" machi="70" ten="40,5200,0" yaku="21,2,52,1,53,0" doraHai="83" doraHaiUra="38" who="0" fromWho="3" sc="220,62,240,0,320,0,210,-52" /><INIT seed="3,0,0,5,2,71" ten="282,240,320,158" oya="3" hai0="85,109,128,22,42,48,132,54,35,120,84,24,135" hai1="68,69,107,113,29,59,97,87,38,76,57,114,130" hai2="74,64,43,23,27,127,6,99,72,124,122,82,73" hai3="80,11,90,61,92,117,51,102,30,70,9,116,111"/><W123/><G123/><T2/><D120/><U25/><E38/><V63/><F122/><W96/><G30/><T7/><D35/><U34/><E130/><V0/><F0/><W125/><G125/><T112/><D128/><U93/><E69/><V21/><F6/><W20/><G20/><T8/><D109/><U129/><E68/><V118/><F118/><W60/><G111/><T115/><D42/><U32/><E32/><V1/><F1/><W15/><G117/><T100/><D100/><U91/><E129/><V103/><F82/><W53/><G70/><T31/><D84/><U18/><E18/><V58/><F43/><W119/><G119/><T95/><D95/><U4/><E4/><V62/><F62/><W28/><G28/><T98/><D85/><U45/><E45/><V19/><REACH who="2" step="1"/><F23/><REACH who="2" ten="282,240,310,158" step="2"/><W89/><G116/><T39/><D2/><U110/><E110/><V16/><F16/><N who="3" m="8303" /><G11/><T66/><D8/><U5/><E5/><V17/><F17/><W134/><G80/><T108/><D7/><U37/><E34/><V47/><F47/><N who="3" m="27903" /><G134/><T44/><D108/><U26/><E29/><V12/><F12/><W33/><G33/><T133/><D135/><U56/><E114/><N who="0" m="43561" /><D31/><U49/><E113/><V52/><F52/><W14/><G14/><T83/><D83/><U75/><E75/><V3/><F3/><W55/><G60/><T104/><D22/><U46/><E25/><V41/><F41/><W79/><G79/><T77/><D24/><U36/><E26/><V94/><AGARI ba="0,1" hai="19,21,27,58,63,64,72,73,74,94,99,103,124,127" machi="94" ten="40,5200,0" yaku="1,1,0,1,53,1" doraHai="71" doraHaiUra="88" who="2" fromWho="2" sc="282,-13,240,-13,310,62,158,-26" /><INIT seed="4,0,0,3,3,24" ten="269,227,372,132" oya="0" hai0="130,41,14,99,16,120,64,116,31,112,20,11,63" hai1="71,39,89,77,119,25,80,84,30,19,133,47,124" hai2="38,134,10,56,83,7,91,40,36,114,78,88,45" hai3="5,23,18,90,6,121,122,57,127,70,33,126,96"/><T100/><D112/><U29/><E119/><V86/><F38/><W104/><G70/><T75/><D130/><U128/><E71/><V46/><F114/><W85/><G57/><T113/><D113/><U49/><E39/><V50/><F56/><W35/><G85/><T17/><D75/><U43/><E128/><V107/><F107/><W55/><G55/><T62/><D120/><N who="3" m="46185" /><G96/><T60/><D41/><U82/><E124/><N who="3" m="47658" /><G90/><T118/><D64/><U76/><E133/><V129/><F134/><W3/><G104/><T51/><D51/><U131/><E131/><V58/><F58/><W34/><G3/><T109/><D109/><U110/><E110/><V32/><F129/><W65/><G65/><T1/><D1/><U73/><REACH who="1" step="1"/><E77/><REACH who="1" ten="269,217,372,132" step="2"/><V72/><F78/><W74/><G74/><T8/><D118/><U2/><E2/><V93/><F72/><W67/><G67/><T117/><D116/><U44/><E44/><V98/><F46/><W37/><G37/><T111/><D111/><U123/><E123/><V54/><F36/><W106/><G106/><T108/><D108/><U4/><E4/><V15/><F45/><W26/><AGARI ba="0,1" hai="5,6,18,23,26,33,34,35" m="47658,46185" machi="26" ten="40,8000,1" yaku="13,1,18,1,34,2" doraHai="24" who="3" fromWho="3" sc="269,-40,217,-20,372,-20,132,90" /><INIT seed="5,0,0,5,5,14" ten="229,197,352,222" oya="1" hai0="47,130,121,38,72,61,101,79,135,68,25,71,0" hai1="35,103,119,34,87,73,93,27,3,31,102,17,33" hai2="125,132,74,80,111,41,85,82,83,5,122,110,28" hai3="6,40,108,50,75,77,48,100,129,42,32,16,70"/><U64/><E119/><V69/><F69/><W89/><G32/><T36/><D130/><U117/><E117/><V76/><F28/><W92/><G70/><T127/><D71/><U107/><E73/><V56/><F122/><W13/><G108/><T81/><D127/><U88/><E3/><V131/><F41/><W58/><G129/><T12/><D135/><U23/><E64/><V65/><F131/><W24/><G100/><T8/><D121/><U54/><E107/><V52/><F65/><W113/><G113/><T51/><D0/><U91/><E54/><V96/><F83/><W97/><G75/><T86/><D101/><U118/><E118/><V98/><F5/><W123/><G77/><T44/><D44/><U60/><E60/><V30/><F30/><W26/><G6/><T18/><D72/><U2/><E2/><V37/><F37/><W120/><G120/><T94/><D94/><U62/><E62/><V11/><F125/><W4/><G4/><T20/><D61/><U57/><E57/><V116/><F56/><W63/><G123/><T66/><D66/><U128/><E128/><V22/><F74/><W1/><G42/><T99/><D68/><U21/><REACH who="1" step="1"/><E91/><REACH who="1" ten="229,187,352,222" step="2"/><V105/><F105/><W7/><G40/><T19/><D99/><U112/><E112/><V39/><F98/><W9/><G63/><T90/><D79/><U45/><E45/><V29/><F76/><W15/><G1/><T126/><D126/><U53/><E53/><AGARI ba="0,1" hai="8,12,18,19,20,25,36,38,47,51,53,81,86,90" machi="53" ten="30,8000,1" yaku="7,1,25,2,52,2" doraHai="14" who="0" fromWho="1" sc="229,90,187,-80,352,0,222,0" /><INIT seed="6,0,0,3,2,28" ten="319,107,352,222" oya="2" hai0="45,15,86,30,39,129,0,32,52,131,16,107,42" hai1="106,101,19,3,44,40,33,5,78,69,82,48,36" hai2="126,21,68,50,12,113,29,73,114,98,125,85,110" hai3="7,49,60,134,41,46,120,6,79,122,117,115,10"/><V118/><F68/><W22/><G117/><T24/><D107/><U109/><E109/><V4/><F73/><W132/><G115/><N who="2" m="44041" /><F85/><W94/><G79/><T75/><D75/><N who="1" m="43359" /><E19/><N who="2" m="10471" /><F98/><W62/><G22/><T35/><D0/><U108/><E48/><V89/><F89/><W91/><G120/><T66/><D66/><U61/><E108/><V88/><F88/><W59/><G122/><T81/><D52/><U99/><E61/><V87/><F87/><N who="3" m="52607" /><G10/><N who="0" m="6263" /><D81/><U96/><E96/><V121/><F110/><W92/><G92/><T102/><D86/><U58/><E58/><V127/><F121/><W20/><G62/><T25/><D25/><U11/><E69/><V14/><F50/><W71/><G71/><T8/><D8/><U17/><E17/><V112/><F112/><W100/><G60/><T95/><D102/><U9/><E9/><N who="2" m="4391" /><F29/><W34/><G100/><T119/><D95/><U18/><E18/><V74/><F74/><W64/><G49/><T57/><D57/><U111/><E111/><V80/><F80/><W27/><G59/><T84/><D84/><U2/><BYE who="0" /><E2/><V23/><F23/><W83/><G20/><T47/><D47/><U105/><E106/><V77/><F77/><W38/><G46/><T133/><D133/><U103/><E103/><V116/><AGARI ba="0,0" hai="116,118,125,126,127" m="4391,10471,44041" machi="116" ten="40,12000,1" yaku="18,1,15,1,34,2" doraHai="28" who="2" fromWho="2" sc="319,-40,107,-40,352,120,222,-40" /><UN n0="%79%61%6E%72%6F%75" /><INIT seed="6,1,0,1,0,27" ten="279,67,472,182" oya="2" hai0="51,79,60,70,68,23,87,44,130,80,110,133,32" hai1="86,88,123,15,5,0,92,43,24,20,7,127,58" hai2="100,104,67,119,50,128,106,35,124,114,42,122,36" hai3="45,56,132,118,29,55,72,85,59,90,97,33,129"/><V2/><RYUUKYOKU type="yao9" ba="1,0" sc="279,0,67,0,472,0,182,0" hai2="2,35,36,42,50,67,100,104,106,114,119,122,124,128" /><INIT seed="6,2,0,0,3,66" ten="279,67,472,182" oya="2" hai0="100,85,76,10,130,2,71,108,110,135,63,32,14" hai1="9,82,132,49,34,13,133,92,3,20,1,21,113" hai2="6,41,25,60,105,73,124,86,37,127,4,77,123" hai3="19,114,15,88,28,115,43,33,40,126,109,46,83"/><V125/><F123/><W80/><G109/><T22/><D32/><U52/><E82/><V119/><F119/><W65/><G65/><T7/><D130/><U58/><E34/><V27/><F105/><W74/><G126/><T121/><D121/><U56/><E113/><N who="3" m="43018" /><G33/><T26/><D135/><U8/><E92/><V12/><F73/><W29/><G83/><T57/><D2/><U54/><E49/><V134/><F86/><N who="3" m="50247" /><G74/><T117/><D117/><U101/><REACH who="1" step="1"/><E13/><REACH who="1" ten="279,57,472,182" step="2"/><V35/><F12/><W70/><G43/><T24/><D110/><U72/><E72/><V90/><F41/><W23/><G70/><T96/><D71/><U78/><E78/><V11/><F77/><W102/><G102/><AGARI ba="2,1" hai="1,3,8,9,20,21,52,54,56,58,101,102,132,133" machi="102" ten="25,6400,0" yaku="1,1,22,2,54,1,53,0" doraHai="66" doraHaiUra="36" who="1" fromWho="3" sc="279,0,57,80,472,0,182,-70" /><INIT seed="7,0,0,4,5,51" ten="279,137,472,112" oya="3" hai0="128,29,81,53,43,106,38,5,46,91,66,107,105" hai1="54,1,135,131,90,110,26,33,88,98,118,39,86" hai2="115,47,123,45,67,7,85,82,20,50,109,58,84" hai3="75,41,101,49,0,15,19,42,97,116,133,3,48"/><W124/><G75/><T78/><D128/><U114/><E110/><V130/><F109/><W68/><G68/><T57/><D29/><U120/><E120/><V100/><F130/><W12/><G116/><T21/><D5/><U8/><E131/><V30/><F123/><W28/><G28/><T92/><D66/><U37/><E118/><V77/><F115/><W94/><G133/><T74/><D21/><U73/><E73/><V102/><F85/><W62/><G124/><T22/><D22/><U119/><E119/><V10/><F47/><W64/><G3/><T122/><D122/><U25/><E135/><V112/><F112/><W99/><G0/><T72/><D74/><U126/><E126/><V76/><F76/><W93/><G64/><T32/><D32/><U108/><E39/><V24/><F58/><W14/><G19/><T134/><D134/><U117/><E37/><V9/><F67/><W35/><G35/><T55/><REACH who="0" step="1"/><D57/><REACH who="0" ten="269,137,472,112" step="2"/><U132/><E33/><V52/><F10/><W18/><G18/><T87/><AGARI ba="0,1" hai="38,43,46,53,55,72,78,81,87,91,92,105,106,107" machi="87" ten="30,8000,1" yaku="1,1,2,1,0,1,52,2,53,0" doraHai="51" doraHaiUra="113" who="0" fromWho="0" sc="269,90,137,-20,472,-20,112,-40" owari="359,15.9,117,-28.3,452,55.2,72,-42.8" /></mjloggm>