<mjloggm ver="2.3"><GO type="169" lobby="0"/><UN n0="%E4%B8%89%E5%B3%B6%E5%85%AB%E9%9B%B2" n1="%E8%B5%A4%E7%BE%8E%E6%BF%83%E3%81%BE%E3%81%90%E3%82%8D" n2="%43%52%41%5A%59%42%45%45" n3="%E3%81%9D%E3%82%93%E3%81%97%E6%A7%98" dan="17,16,18,17" rate="2235.17,2156.15,2200.04,2222.10" sx="M,M,F,M"/><TAIKYOKU oya="0"/><INIT seed="0,0,0,0,4,56" ten="250,250,250,250" oya="0" hai0="86,122,72,127,89,82,134,74,99,88,33,101,90" hai1="113,23,67,32,109,25,119,68,30,6,102,110,58" hai2="131,66,26,8,4,41,22,42,115,111,5,100,124" hai3="51,47,37,3,39,126,93,83,61,9,64,11,128"/><T57/><D33/><U28/><E119/><V48/><F115/><W29/><G29/><T91/><D122/><U53/><E68/><V117/><F117/><W125/><G93/><N who="0" m="58607" /><D57/><U85/><E113/><V104/><F111/><N who="1" m="42505" /><E67/><V81/><F131/><W55/><G83/><N who="0" m="49375" /><D134/><U52/><E102/><V12/><F124/><N who="3" m="47723" /><G128/><T132/><D132/><U96/><E96/><V40/><F104/><W78/><G78/><N who="0" m="44359" /><D127/><U21/><E6/><V2/><F5/><N who="3" m="1215" /><G11/><T50/><D50/><U19/><E23/><V60/><F22/><W114/><G114/><T103/><D103/><U129/><E53/><V92/><F2/><W98/><G37/><T45/><D45/><U108/><E32/><V14/><F8/><W135/><G39/><T20/><D20/><U87/><E129/><V16/><F4/><W18/><G18/><T97/><D74/><U73/><E73/><V0/><F16/><W105/><G135/><T43/><D43/><N who="2" m="16458" /><F0/><W13/><G13/><T15/><D15/><U107/><E108/><V62/><F14/><W118/><G118/><T24/><D24/><U77/><E19/><V63/><F26/><W35/><G35/><T79/><D79/><U36/><E25/><V49/><F12/><W1/><G1/><T7/><D7/><U112/><E28/><V34/><F34/><W54/><G54/><T94/><AGARI ba="0,0" hai="88,90,91,94,97" m="44359,49375,58607" machi="94" ten="30,18000,2" yaku="35,5,54,1" doraHai="56" who="0" fromWho="0" sc="250,180,250,-60,250,-60,250,-60" /><INIT seed="0,1,0,1,5,65" ten="430,190,190,190" oya="0" hai0="5,21,103,86,106,19,82,123,31,96,127,104,120" hai1="8,113,66,52,57,71,22,24,3,122,134,0,51" hai2="42,36,125,25,130,69,72,18,94,58,4,117,9" hai3="50,135,32,101,2,27,37,74,35,84,59,53,40"/><T34/><D127/><U20/><E122/><V112/><F112/><W107/><G74/><T44/><D106/><U73/><E73/><V83/><F125/><W33/><G2/><T80/><D5/><U14/><E134/><V97/><F130/><W63/><G135/><T54/><D31/><U64/><E113/><V98/><F69/><W47/><G84/><T114/><D34/><U88/><E88/><V85/><F117/><W68/><G27/><T45/><D82/><U16/><E22/><V119/><F119/><W89/><G89/><T129/><D129/><U67/><REACH who="1" step="1"/><E71/><REACH who="1" ten="430,180,190,190" step="2"/><V6/><F72/><W77/><G77/><T28/><D114/><U23/><E23/><V1/><F85/><W76/><G76/><T60/><D123/><U110/><E110/><V133/><F133/><W41/><G68/><T93/><D120/><U115/><E115/><V100/><F83/><W124/><G124/><T61/><D80/><U111/><E111/><V12/><F97/><W38/><REACH who="3" step="1"/><G40/><REACH who="3" ten="430,180,190,180" step="2"/><T13/><D86/><U39/><E39/><V30/><F36/><W70/><G70/><T15/><D96/><AGARI ba="1,2" hai="32,33,35,37,38,41,47,50,53,59,63,96,101,107" machi="96" ten="40,2600,0" yaku="1,1,53,1" doraHai="65" doraHaiUra="46" who="3" fromWho="0" sc="430,-29,180,0,190,0,180,49" /><INIT seed="1,0,0,3,3,129" ten="401,180,190,229" oya="1" hai0="3,107,72,94,79,12,31,23,9,80,113,21,45" hai1="135,134,34,29,44,131,53,69,66,4,60,11,68" hai2="20,55,16,43,121,74,58,99,130,65,109,102,82" hai3="42,41,38,2,93,87,0,71,13,10,104,119,47"/><U56/><E131/><V117/><F130/><W24/><G104/><T112/><D107/><U127/><E29/><V70/><F117/><W22/><G71/><T98/><D3/><U57/><E34/><V95/><F121/><W33/><G33/><T49/><D31/><U90/><E90/><V89/><F109/><W6/><G42/><T64/><D64/><U40/><E11/><V32/><F32/><W1/><G119/><T114/><D9/><U67/><E4/><V92/><F43/><W19/><G93/><T62/><D62/><N who="1" m="38223" /><E127/><V28/><F28/><W7/><REACH who="3" step="1"/><G87/><REACH who="3" ten="401,180,190,219" step="2"/><T61/><D94/><U133/><E67/><V85/><F65/><W59/><G59/><T18/><D112/><U103/><E103/><V123/><F70/><W76/><G76/><T83/><D79/><U108/><E108/><V52/><F58/><W100/><G100/><T8/><D113/><U105/><E105/><V124/><F124/><W84/><G84/><T111/><D114/><U118/><E118/><V73/><F73/><W110/><G110/><T63/><D72/><U50/><AGARI ba="0,1" hai="40,44,50,53,56,60,68,69,133,134,135" m="38223" machi="50" ten="30,18000,2" yaku="20,1,34,2,52,3" doraHai="129" who="1" fromWho="1" sc="401,-60,180,190,190,-60,219,-60" /><INIT seed="1,1,0,4,5,31" ten="341,370,130,159" oya="1" hai0="129,4,85,134,20,97,111,119,37,101,81,88,76" hai1="74,79,52,41,35,133,135,30,2,36,109,66,62" hai2="24,11,122,125,80,86,65,34,106,110,98,100,90" hai3="54,103,22,17,49,1,45,21,29,23,121,64,56"/><U0/><E109/><V120/><F110/><W57/><G121/><T84/><D111/><U51/><E79/><V9/><F125/><W127/><G127/><T113/><D113/><U93/><E74/><V116/><F116/><W91/><G1/><T10/><D119/><U128/><E93/><V73/><F11/><W89/><G103/><T104/><D37/><U130/><E2/><V55/><F9/><W5/><G5/><T131/><D20/><N who="3" m="7785" /><G29/><T69/><D69/><N who="1" m="42199" /><E0/><V12/><F12/><N who="3" m="9639" /><G64/><T38/><D38/><U18/><E18/><V47/><F65/><W99/><G99/><T77/><D10/><U114/><E114/><V7/><F7/><W13/><G13/><T40/><D4/><U94/><E94/><V8/><F8/><W107/><G107/><T15/><D15/><U71/><E71/><V6/><F6/><W126/><G126/><T43/><D104/><U3/><E3/><V46/><F73/><W95/><G95/><T16/><D16/><U63/><E63/><V59/><F120/><W92/><G92/><T105/><D105/><U48/><E30/><N who="2" m="19783" /><F122/><W19/><G19/><T75/><D75/><U102/><E102/><V132/><F100/><W70/><G70/><T61/><D101/><U25/><E25/><V33/><F106/><W117/><G117/><T14/><D14/><U82/><E82/><V67/><F80/><W60/><G60/><T68/><D61/><U44/><E35/><V96/><F33/><W39/><G39/><T27/><D68/><U123/><E123/><V58/><F67/><W50/><G50/><T108/><D81/><RYUUKYOKU ba="1,0" sc="341,-10,370,-10,130,-10,159,30" hai3="45,49,54,56,57,89,91" /><INIT seed="2,2,0,3,3,30" ten="331,360,120,189" oya="2" hai0="122,21,65,47,79,108,91,114,100,19,83,80,107" hai1="24,34,10,58,6,76,109,18,104,70,101,32,131" hai2="38,35,133,14,46,93,13,15,61,60,41,51,71" hai3="31,127,56,28,62,17,1,111,64,99,9,125,44"/><V87/><F133/><W59/><G111/><T66/><D122/><U126/><E70/><V5/><F35/><W97/><G44/><T124/><D114/><U119/><E119/><V39/><F5/><W102/><G59/><T94/><D108/><U95/><E104/><V3/><F3/><W81/><G81/><T77/><D124/><N who="3" m="47689" /><G97/><T118/><D118/><U16/><E126/><V115/><F115/><W74/><G74/><T129/><D129/><U113/><E109/><V8/><F8/><W37/><G37/><T88/><D107/><U128/><E76/><N who="0" m="29257" /><D47/><U43/><E43/><V25/><F25/><W33/><G33/><N who="1" m="12906" /><E58/><V68/><F68/><W89/><G89/><N who="0" m="34379" /><D94/><U48/><E48/><V103/><F71/><W132/><G1/><T92/><D92/><U53/><E95/><V86/><F39/><W84/><G84/><N who="2" m="32297" /><F38/><W20/><G9/><T82/><D100/><U52/><E101/><V4/><F4/><W23/><G23/><T110/><D110/><U116/><E113/><V42/><F41/><W27/><G132/><T11/><D11/><U55/><E116/><V85/><N who="2" m="32305" /><V54/><DORA hai="57" /><F42/><W73/><G73/><T49/><D49/><U130/><E24/><AGARI ba="2,0" hai="19,21,24,65,66,80,82,83" m="34379,29257" machi="24" ten="30,2000,0" yaku="8,1,54,1" doraHai="30,57" who="0" fromWho="1" sc="331,26,360,-26,120,0,189,0" /><INIT seed="3,0,0,1,1,36" ten="357,334,120,189" oya="3" hai0="11,28,116,123,23,65,5,35,8,88,21,40,110" hai1="29,22,114,125,59,126,14,66,30,100,0,18,16" hai2="17,95,33,27,37,72,86,99,92,128,80,15,79" hai3="32,58,62,6,45,91,81,25,48,31,87,129,104"/><W38/><G129/><T115/><D116/><U46/><E114/><V85/><F128/><W68/><G104/><T109/><D65/><U135/><E135/><V63/><F37/><W134/><G134/><T112/><D40/><U93/><E0/><V19/><F63/><W101/><G101/><T39/><D39/><U97/><E46/><V12/><F33/><W55/><G6/><T127/><D88/><U60/><E18/><V77/><F27/><W34/><G38/><T61/><D61/><U64/><REACH who="1" step="1"/><E66/><REACH who="1" ten="357,324,120,189" step="2"/><V107/><F17/><W2/><G2/><N who="0" m="55" /><D123/><U108/><E108/><N who="0" m="41577" /><D127/><AGARI ba="0,1" hai="14,16,22,29,30,59,60,64,93,97,100,125,126,127" machi="127" ten="40,8000,1" yaku="1,1,18,1,54,1,53,1" doraHai="36" doraHaiUra="13" who="1" fromWho="0" sc="357,-80,324,90,120,0,189,0" /><INIT seed="4,0,0,0,3,18" ten="277,414,120,189" oya="0" hai0="25,41,74,34,106,30,45,65,87,60,123,99,113" hai1="36,128,44,56,71,35,94,5,0,8,1,14,32" hai2="133,132,51,103,125,90,73,78,40,6,97,109,29" hai3="75,108,131,91,68,76,38,110,46,42,21,31,82"/><T50/><D123/><U11/><E56/><V119/><F109/><W100/><G131/><T89/><D74/><U135/><E71/><V77/><F6/><W134/><G134/><N who="2" m="51817" /><F29/><W37/><G68/><T23/><D113/><U2/><E135/><V61/><F61/><W102/><G38/><T15/><D15/><U66/><E66/><V120/><F51/><W59/><G59/><T57/><D106/><U53/><E128/><V86/><F40/><W122/><G122/><T10/><D99/><U115/><E115/><V64/><F64/><W72/><G72/><T48/><D10/><U112/><E112/><V58/><F58/><W101/><REACH who="3" step="1"/><G91/><REACH who="3" ten="277,414,120,179" step="2"/><T4/><D50/><U49/><E36/><V107/><F120/><W114/><G114/><T96/><D57/><U67/><E49/><V22/><F73/><W16/><G16/><T27/><D65/><U81/><E67/><V84/><F90/><W98/><G98/><T105/><D96/><U70/><E70/><V63/><F63/><W3/><G3/><T54/><D60/><U12/><E44/><V126/><F119/><W127/><G127/><N who="2" m="48649" /><F22/><W111/><G111/><T83/><D54/><U33/><E53/><V93/><F107/><W26/><AGARI ba="0,1" hai="21,26,31,37,42,46,75,76,82,100,101,102,108,110" machi="26" ten="30,4000,0" yaku="1,1,0,1,52,1,53,0" doraHai="18" doraHaiUra="28" who="3" fromWho="3" sc="277,-20,414,-10,120,-10,179,50" /><INIT seed="5,0,0,4,0,79" ten="257,404,110,229" oya="1" hai0="43,14,97,65,78,87,44,70,74,123,134,2,100" hai1="57,17,1,16,54,11,121,92,124,31,96,0,51" hai2="90,126,75,34,19,71,88,53,45,55,131,102,94" hai3="80,116,72,24,77,111,113,63,59,40,86,42,9"/><U110/><E121/><V23/><F34/><W33/><G113/><T26/><D123/><U105/><E105/><V133/><F71/><W98/><G111/><T104/><D134/><U85/><E124/><V95/><F133/><W64/><G116/><T49/><D2/><U122/><E122/><V68/><F68/><W81/><G98/><T28/><D74/><U30/><E110/><V106/><F75/><W67/><G67/><T129/><D129/><U21/><E1/><V5/><F106/><W37/><G37/><T114/><D114/><U117/><E117/><V4/><F131/><W25/><G9/><T8/><D65/><U99/><E0/><V107/><F107/><W38/><G38/><T120/><D70/><U76/><E11/><V91/><F126/><W12/><G12/><T35/><D120/><U18/><E21/><V112/><F112/><W58/><G58/><T103/><D97/><N who="1" m="37451" /><E92/><N who="2" m="35371" /><F102/><W29/><REACH who="3" step="1"/><G25/><REACH who="3" ten="257,404,110,219" step="2"/><T22/><D104/><U32/><E32/><V36/><F36/><W115/><G115/><T69/><D69/><U50/><E50/><V13/><F45/><W132/><G132/><T10/><D35/><U52/><E51/><V41/><F41/><W130/><G130/><T66/><D8/><U109/><E109/><V6/><AGARI ba="0,1" hai="4,5,6,13,19,23,53,55,88,90,91" m="35371" machi="6" ten="40,2700,0" yaku="8,1,54,1" doraHai="79" who="2" fromWho="2" sc="257,-7,404,-13,110,37,219,-7" /><INIT seed="6,0,0,3,1,41" ten="250,391,147,212" oya="2" hai0="99,30,117,101,10,135,47,112,103,81,54,108,129" hai1="86,34,15,64,56,17,40,16,91,51,72,121,4" hai2="110,25,65,37,24,73,32,8,49,109,87,18,12" hai3="5,131,89,88,123,53,116,124,79,13,69,66,19"/><V44/><F73/><W78/><G116/><T50/><D108/><N who="2" m="41578" /><F37/><W45/><G123/><T11/><D112/><U27/><E72/><V43/><F32/><W31/><G31/><T132/><D129/><U55/><E121/><V90/><F65/><W57/><G131/><T70/><D70/><U22/><E34/><V60/><F60/><N who="3" m="38159" /><G5/><T23/><D117/><U82/><E64/><V115/><F115/><W71/><G124/><T127/><D127/><U42/><E4/><V133/><F133/><N who="0" m="51274" /><D81/><AGARI ba="0,0" hai="8,12,18,24,25,43,44,49,81,87,90" m="41578" machi="81" ten="30,2900,0" yaku="10,1,52,1" doraHai="41" who="2" fromWho="0" sc="250,-29,391,0,147,29,212,0" /><INIT seed="6,1,0,1,3,40" ten="221,391,176,212" oya="2" hai0="121,118,132,69,106,89,44,92,81,83,6,48,128" hai1="7,77,78,14,115,113,21,46,101,95,34,98,64" hai2="70,12,51,41,88,22,68,117,63,127,0,42,85" hai3="43,125,97,30,37,1,82,56,96,29,18,99,72"/><V59/><F0/><W66/><G1/><T133/><D121/><U135/><E135/><N who="0" m="51785" /><D106/><U31/><E64/><V84/><F117/><W74/><G125/><T3/><D69/><U124/><E124/><V75/><F75/><W131/><G131/><T2/><D128/><U5/><E34/><V114/><F127/><W61/><G18/><T100/><D100/><U105/><E105/><V16/><F114/><N who="1" m="43529" /><E46/><N who="2" m="26063" /><F68/><W60/><G60/><T119/><D83/><U27/><E14/><V11/><F70/><W134/><G134/><T107/><D81/><U17/><E31/><V126/><F126/><W13/><G13/><T80/><D80/><U47/><E47/><V54/><F42/><W53/><G43/><N who="0" m="24607" /><D107/><U102/><E102/><V111/><F111/><W55/><G37/><T62/><D62/><U26/><E26/><N who="2" m="14663" /><F88/><W28/><REACH who="3" step="1"/><G82/><REACH who="3" ten="221,391,176,202" step="2"/><T129/><D129/><U10/><E5/><AGARI ba="1,1" hai="5,11,12,54,59,63,84,85" m="14663,26063" machi="5" ten="30,5800,0" yaku="8,1,52,1,54,1" doraHai="40" who="2" fromWho="1" sc="221,0,391,-61,176,71,202,0" /><INIT seed="6,2,0,4,2,30" ten="221,330,247,202" oya="2" hai0="27,11,4,47,20,70,15,94,3,43,77,112,54" hai1="125,89,34,84,25,132,61,63,49,57,17,50,19" hai2="123,0,12,48,26,117,64,100,39,67,14,129,28" hai3="2,113,8,81,133,97,68,29,22,36,131,106,130"/><V55/><F117/><W24/><G68/><T124/><D70/><U126/><E132/><V6/><F123/><W62/><G36/><T79/><D112/><U35/><E61/><V56/><F0/><W111/><G111/><T109/><D109/><U120/><E120/><V76/><F39/><W121/><G121/><T51/><D124/><N who="1" m="47723" /><E49/><V42/><F129/><N who="3" m="49163" /><G62/><T21/><D3/><U23/><E19/><V78/><F42/><W104/><G81/><T73/><D73/><U82/><E50/><V72/><F100/><W102/><G133/><T65/><D65/><AGARI ba="2,0" hai="17,23,25,34,35,57,63,65,82,84,89" m="47723" machi="65" ten="30,3900,0" yaku="18,1,52,2" doraHai="30" who="1" fromWho="0" sc="221,-45,330,45,247,0,202,0" /><INIT seed="7,0,0,5,0,86" ten="176,375,247,202" oya="3" hai0="78,73,98,118,25,104,84,38,82,35,57,95,49" hai1="67,102,60,26,110,46,10,36,1,79,9,106,14" hai2="69,130,40,15,99,24,80,27,103,3,85,113,50" hai3="90,87,63,94,135,37,107,121,122,18,70,89,115"/><W100/><G37/><T39/><D118/><U16/><E110/><V13/><F3/><W123/><G115/><T29/><D49/><U66/><E79/><V31/><F69/><W53/><G135/><T126/><D126/><U119/><E119/><V32/><F130/><W75/><G75/><T134/><D134/><U48/><E36/><V65/><F65/><W42/><G42/><T41/><D57/><U77/><E77/><V97/><F97/><N who="3" m="61839" /><G53/><T20/><D35/><U23/><E1/><V30/><F113/><W83/><G18/><T112/><D41/><U62/><E106/><V91/><F50/><W132/><G63/><N who="1" m="24106" /><E102/><V58/><F58/><W19/><G19/><T109/><D109/><U47/><E9/><V88/><F103/><W92/><G70/><T59/><D59/><U5/><E47/><V96/><F40/><AGARI ba="0,0" hai="5,10,14,16,23,26,40,46,48,66,67" m="24106" machi="40" ten="30,2000,0" yaku="8,1,54,1" doraHai="86" who="1" fromWho="2" sc="176,0,375,20,247,-20,202,0" owari="176,-32.4,395,49.5,227,2.7,202,-19.8" /></mjloggm>