<mjloggm ver="2.3"><GO type="169" lobby="0"/><UN n0="%E4%B8%8B%E7%B4%9A%E5%9B%BD%E6%B0%91" n1="%6F%6B%61%62%65%73%68%69" n2="%E3%81%82%E3%81%95%E3%81%B4%E3%82%93%EF%BC%A0%EF%BD%8D%EF%BD%8A" n3="%E5%8B%98%E5%BC%81%E3%81%97%E3%81%A6%E3%82%88" dan="17,17,18,17" rate="2135.99,2216.31,2244.39,2225.69" sx="M,M,M,M"/><TAIKYOKU oya="0"/><INIT seed="0,0,0,1,0,83" ten="250,250,250,250" oya="0" hai0="24,60,38,8,132,114,9,34,100,22,54,104,64" hai1="49,76,15,115,124,70,118,128,44,130,117,27,90" hai2="66,57,51,65,74,71,79,116,84,11,1,16,108" hai3="23,10,91,56,32,80,93,55,61,29,111,46,89"/><T28/><D114/><U31/><E70/><V43/><F74/><W133/><G111/><T63/><D38/><U112/><E76/><V99/><F71/><W78/><G32/><T52/><D132/><U58/><E58/><V14/><F1/><W59/><G133/><T50/><D22/><U85/><E15/><V75/><F75/><W41/><G10/><T88/><D54/><U123/><E123/><V4/><F108/><W6/><G6/><T33/><D33/><U87/><E90/><V103/><F116/><N who="1" m="44649" /><E124/><V0/><F0/><W35/><G35/><T62/><D64/><U7/><E7/><V134/><F4/><W3/><G3/><T2/><D2/><U86/><E27/><V129/><F134/><W126/><G59/><T48/><D48/><U42/><E31/><V18/><F18/><W5/><G5/><T77/><D77/><U119/><N who="1" m="44657" /><U36/><DORA hai="95" /><E36/><V12/><F12/><W25/><G93/><T92/><D100/><U82/><E82/><V37/><F103/><W113/><G126/><T69/><D69/><U40/><E40/><V121/><F43/><W127/><G127/><T122/><D122/><U131/><AGARI ba="0,0" hai="42,44,49,85,86,87,112,115,128,130,131" m="44657" machi="131" ten="60,8000,1" yaku="19,1,52,3" doraHai="83,95" who="1" fromWho="1" sc="250,-40,250,80,250,-20,250,-20" /><INIT seed="1,0,0,3,0,97" ten="210,330,230,230" oya="1" hai0="2,133,102,78,41,19,47,111,20,52,101,83,0" hai1="7,100,9,109,23,12,11,38,134,29,43,58,99" hai2="123,89,79,64,115,94,81,84,95,32,91,129,71" hai3="59,125,126,118,131,57,68,98,107,92,124,76,33"/><U87/><E134/><V45/><F32/><W51/><G68/><T120/><D133/><U114/><E114/><V21/><F123/><W130/><G33/><T69/><D69/><U8/><E109/><V70/><F115/><W119/><G51/><T117/><D117/><N who="3" m="44553" /><G107/><T113/><D113/><U15/><E38/><V54/><F129/><N who="3" m="49163" /><G76/><T48/><D111/><U28/><E43/><V122/><F122/><W127/><G127/><T132/><D132/><U65/><E87/><V112/><F64/><W6/><G6/><T93/><D120/><U108/><E108/><V17/><F112/><W86/><G86/><N who="0" m="48503" /><D0/><U121/><E121/><V88/><F70/><W40/><G40/><T14/><D2/><U1/><E1/><V85/><F71/><W61/><G61/><T3/><D3/><U4/><E9/><V31/><F84/><W26/><G26/><T27/><D41/><U44/><E44/><V110/><F110/><W36/><G36/><T16/><D93/><N who="2" m="35338" /><F54/><W39/><G39/><T50/><D50/><U62/><E23/><AGARI ba="0,0" hai="14,16,19,20,23,27,47,48,52,101,102" m="48503" machi="23" ten="30,8000,1" yaku="8,1,52,2,54,2" doraHai="97" who="0" fromWho="1" sc="210,80,330,-80,230,0,230,0" /><INIT seed="2,0,0,2,3,62" ten="290,250,230,230" oya="2" hai0="45,124,17,44,86,27,71,68,132,108,60,73,67" hai1="13,74,98,41,129,32,76,69,109,123,77,105,20" hai2="102,1,66,14,120,30,7,130,58,110,39,2,126" hai3="47,116,113,15,53,93,38,99,82,31,119,78,37"/><V33/><F39/><W4/><G31/><T121/><D73/><U106/><E32/><V87/><F120/><W75/><G113/><T42/><D121/><U19/><E123/><V24/><F126/><W94/><G94/><T28/><D108/><U29/><E109/><V131/><F110/><W95/><G95/><T3/><D3/><U61/><E129/><N who="2" m="49163" /><F102/><W11/><G38/><T48/><D132/><U5/><E41/><V43/><F43/><W56/><G47/><T65/><D124/><U125/><E125/><V10/><F87/><W101/><REACH who="3" step="1"/><G37/><REACH who="3" ten="290,250,230,220" step="2"/><T64/><D28/><U63/><E29/><V8/><F8/><W134/><G134/><T57/><D45/><U12/><E106/><V16/><F7/><W103/><G103/><T79/><D17/><U22/><E105/><V91/><F91/><W122/><G122/><T135/><D135/><U25/><E19/><V133/><F133/><W18/><G18/><T26/><D71/><U111/><E111/><V49/><F49/><AGARI ba="0,1" hai="4,11,15,49,53,56,75,78,82,93,99,101,116,119" machi="49" ten="30,3900,0" yaku="1,1,7,1,53,1" doraHai="62" doraHaiUra="46" who="3" fromWho="2" sc="290,0,250,0,230,-39,220,49" /><INIT seed="3,0,0,3,4,92" ten="290,250,191,269" oya="3" hai0="124,114,12,113,19,57,74,101,73,102,78,47,41" hai1="15,83,118,52,82,87,9,42,24,63,61,8,108" hai2="3,56,91,14,59,98,72,25,125,105,120,4,112" hai3="36,13,34,100,103,17,32,70,106,110,107,67,94"/><W7/><G7/><T99/><D124/><U2/><E118/><V26/><F112/><N who="0" m="43114" /><D57/><U75/><E108/><V31/><F72/><N who="0" m="27754" /><D78/><U30/><E75/><V130/><F125/><W27/><G36/><N who="0" m="21927" /><D99/><U55/><E2/><V65/><F59/><W40/><G40/><T50/><D50/><U117/><E42/><V22/><F56/><W96/><G110/><T10/><AGARI ba="0,0" hai="10,12,19,101,102" m="21927,27754,43114" machi="10" ten="30,1100,0" yaku="11,1" doraHai="92" who="0" fromWho="0" sc="290,11,250,-3,191,-3,269,-5" /><INIT seed="4,0,0,1,0,115" ten="301,247,188,264" oya="0" hai0="21,116,44,55,14,56,132,88,111,71,63,15,74" hai1="99,28,45,40,90,83,96,5,50,19,60,85,80" hai2="135,98,62,109,122,119,37,134,126,129,112,70,91" hai3="29,81,72,41,82,39,59,27,102,9,108,84,31"/><T20/><D74/><U131/><E131/><V18/><RYUUKYOKU type="yao9" ba="0,0" sc="301,0,247,0,188,0,264,0" hai2="18,37,62,70,91,98,109,112,119,122,126,129,134,135" /><INIT seed="4,1,0,0,4,44" ten="301,247,188,264" oya="0" hai0="77,34,13,105,68,82,111,107,119,92,30,74,63" hai1="48,130,5,41,81,121,31,64,96,126,69,110,124" hai2="23,16,43,22,128,46,33,125,0,101,127,17,109" hai3="118,6,100,112,122,97,55,40,116,3,83,98,86"/><T52/><D119/><U28/><E121/><V8/><F101/><W1/><G112/><T99/><D111/><U32/><E110/><V42/><F109/><W72/><G122/><T76/><D76/><U18/><E5/><N who="2" m="1063" /><F43/><W35/><G35/><T123/><D123/><U14/><E32/><V7/><F33/><W29/><G29/><T53/><D13/><U38/><E38/><V90/><F90/><W102/><G72/><T106/><D68/><U132/><E64/><V21/><F128/><W25/><G25/><T67/><D30/><U61/><E69/><V89/><F89/><W26/><G26/><T49/><D34/><U36/><E36/><V71/><F71/><W104/><G40/><T37/><D37/><U20/><E61/><V12/><F46/><W85/><G55/><T87/><D74/><U54/><E41/><V79/><F79/><W9/><G1/><T39/><D39/><U56/><E130/><V27/><F42/><W117/><REACH who="3" step="1"/><G83/><REACH who="3" ten="301,247,188,254" step="2"/><T19/><D53/><U115/><E115/><V135/><F135/><W60/><G60/><T50/><D52/><U73/><E132/><V94/><F27/><W103/><G103/><T93/><D63/><U114/><E114/><V75/><F75/><W45/><G45/><T84/><D67/><U95/><E81/><V78/><F12/><W2/><G2/><T88/><REACH who="0" step="1"/><D19/><REACH who="0" ten="291,247,188,254" step="2"/><U131/><E73/><V4/><F16/><W15/><G15/><T70/><D70/><U47/><E131/><V57/><F17/><W11/><G11/><T80/><D80/><U133/><E133/><V129/><F129/><RYUUKYOKU ba="1,2" sc="291,15,247,-15,188,-15,254,15" hai0="49,50,77,82,84,87,88,92,93,99,105,106,107" hai3="3,6,9,85,86,97,98,100,102,104,116,117,118" /><INIT seed="4,2,2,4,1,125" ten="306,232,173,269" oya="0" hai0="124,4,15,1,65,21,42,52,113,5,131,109,57" hai1="32,85,135,83,66,122,22,123,50,45,88,23,100" hai2="38,132,36,26,35,73,81,47,0,33,129,61,98" hai3="105,28,70,56,39,103,102,44,41,74,30,106,134"/><T112/><D124/><U40/><E32/><V104/><F132/><W18/><G70/><T14/><D1/><U90/><E135/><V10/><F61/><W64/><G134/><T89/><D109/><U82/><E66/><V92/><F92/><W76/><G74/><T49/><D65/><U115/><E115/><N who="0" m="44105" /><D131/><U117/><E117/><V69/><F69/><W128/><G76/><T75/><D75/><U77/><E100/><N who="2" m="62487" /><F129/><W13/><G128/><T24/><D89/><U9/><E9/><V111/><F111/><W95/><G106/><T108/><D42/><U110/><E110/><V11/><F11/><W93/><G105/><T121/><D121/><U84/><REACH who="1" step="1"/><E77/><REACH who="1" ten="306,222,173,269" step="2"/><N who="2" m="44207" /><F35/><W2/><G103/><T16/><D108/><U87/><E87/><V27/><F33/><W120/><G102/><T79/><D79/><U20/><AGARI ba="2,3" hai="20,22,23,40,45,50,82,83,84,85,88,90,122,123" machi="20" ten="30,7900,0" yaku="1,1,0,1,9,1,54,1,53,0" doraHai="125" doraHaiUra="53" who="1" fromWho="1" sc="306,-41,222,115,173,-22,269,-22" /><INIT seed="5,0,0,2,2,74" ten="265,337,151,247" oya="1" hai0="39,80,66,128,36,61,81,58,104,52,37,73,119" hai1="62,113,4,133,135,76,99,107,102,42,21,129,82" hai2="44,47,117,40,7,29,97,18,92,67,38,89,19" hai3="112,68,23,88,17,124,86,6,54,64,94,32,5"/><U77/><E4/><V26/><F117/><W11/><G32/><T24/><D119/><U83/><E42/><V57/><F7/><W31/><G112/><T98/><D128/><U103/><E21/><V125/><F125/><W123/><G123/><T109/><D109/><U28/><E28/><V96/><F47/><W132/><G132/><N who="1" m="50762" /><E62/><V79/><F96/><W93/><G124/><T50/><D73/><N who="1" m="43279" /><E129/><V12/><F67/><W48/><G68/><T41/><D41/><U45/><E45/><V114/><F57/><W1/><G64/><T70/><REACH who="0" step="1"/><D24/><REACH who="0" ten="255,337,151,247" step="2"/><U122/><E122/><V116/><F116/><W78/><G1/><T59/><D59/><U14/><E14/><V126/><F126/><W53/><G53/><T20/><D20/><U33/><E33/><V101/><F12/><W111/><G23/><T34/><D34/><U9/><E9/><V85/><F114/><W22/><G11/><T91/><D91/><U121/><E121/><V100/><F89/><W30/><G54/><T127/><D127/><U55/><E55/><V35/><REACH who="2" step="1"/><F100/><AGARI ba="0,1" hai="36,37,39,50,52,58,61,66,70,80,81,98,100,104" machi="100" ten="40,5200,0" yaku="1,1,54,1,53,1" doraHai="74" doraHaiUra="63" who="0" fromWho="2" sc="255,62,337,0,151,-52,247,0" /><INIT seed="6,0,0,2,4,106" ten="317,337,99,247" oya="2" hai0="135,110,30,80,60,94,63,42,44,24,85,89,121" hai1="97,88,35,55,133,92,134,48,39,46,72,98,23" hai2="75,32,79,6,117,119,10,101,4,54,21,77,59" hai3="103,56,18,16,108,105,126,68,17,70,100,95,104"/><V76/><F32/><W81/><G108/><T64/><D110/><U8/><E35/><V67/><F67/><W127/><G56/><T109/><D109/><U122/><E39/><V38/><F38/><W73/><G95/><T25/><D121/><U99/><E122/><V41/><F41/><W19/><G19/><T22/><D135/><N who="1" m="51723" /><E72/><V3/><F4/><W57/><G57/><T93/><D25/><U2/><E23/><V102/><F21/><W15/><G15/><T131/><D131/><U9/><E2/><V13/><F3/><W45/><G45/><T49/><REACH who="0" step="1"/><D63/><REACH who="0" ten="307,337,99,247" step="2"/><U123/><E123/><V65/><F65/><W114/><G114/><T71/><AGARI ba="0,1" hai="22,24,30,42,44,49,60,64,71,80,85,89,93,94" machi="71" ten="20,5200,0" yaku="1,1,2,1,0,1,7,1,53,0" doraHai="106" doraHaiUra="50" who="0" fromWho="0" sc="307,62,337,-13,99,-26,247,-13" /><INIT seed="7,0,0,1,0,73" ten="369,324,73,234" oya="3" hai0="84,127,17,52,98,41,62,86,111,33,126,70,38" hai1="48,31,67,68,129,81,107,88,2,47,123,83,12" hai2="104,76,103,18,11,121,24,79,4,0,22,45,61" hai3="27,128,29,75,92,15,72,37,30,59,35,108,130"/><W101/><G37/><T1/><D111/><U120/><E2/><V135/><F135/><W66/><G108/><T9/><D33/><U23/><E107/><V49/><F121/><W21/><G30/><T69/><D98/><U113/><E129/><N who="3" m="49770" /><G35/><T51/><D41/><U117/><E117/><V13/><F104/><W80/><G15/><N who="0" m="7407" /><D38/><U116/><E116/><V39/><F39/><W54/><G66/><N who="0" m="41175" /><D70/><U119/><E119/><V85/><F103/><W3/><G3/><T43/><D43/><U118/><E118/><V115/><F115/><W14/><G14/><T74/><D74/><U7/><E81/><V60/><F0/><W97/><G80/><T34/><D34/><U36/><E36/><V95/><F95/><W56/><G56/><N who="0" m="32799" /><D1/><U32/><E32/><V87/><F85/><W106/><G106/><T99/><D99/><U46/><E46/><V109/><F109/><W8/><G8/><T132/><D132/><U82/><E82/><V64/><F87/><W65/><G65/><T5/><D5/><U100/><E67/><V105/><F105/><W63/><AGARI ba="0,0" hai="21,27,29,54,59,63,72,75,92,97,101" m="49770" machi="63" ten="30,1500,0" yaku="19,1" doraHai="73" who="3" fromWho="3" sc="369,-5,324,-5,73,-5,234,15" /><INIT seed="7,1,0,3,4,41" ten="364,319,68,249" oya="3" hai0="112,105,29,16,38,55,40,23,79,102,17,8,123" hai1="135,86,47,80,60,27,52,117,94,64,28,42,93" hai2="111,57,89,96,19,82,70,75,0,36,62,49,87" hai3="78,74,3,124,44,22,6,88,43,85,76,56,30"/><W66/><G74/><T7/><D123/><U108/><E117/><V106/><F111/><W115/><G3/><T100/><D79/><U31/><E108/><V20/><F36/><W131/><G6/><T34/><D105/><U9/><E135/><V121/><F121/><W119/><G119/><T91/><D55/><U50/><E31/><V125/><F125/><W104/><G104/><T63/><D63/><U58/><E9/><V99/><F0/><W39/><G115/><T21/><D112/><U90/><REACH who="1" step="1"/><E64/><REACH who="1" ten="364,309,68,249" step="2"/><V109/><F109/><W129/><G124/><T45/><D29/><U120/><E120/><V101/><F75/><W65/><G65/><T97/><D8/><U126/><E126/><V110/><F110/><W134/><G134/><T127/><D127/><U128/><E128/><N who="3" m="49226" /><G30/><T25/><D34/><AGARI ba="1,1" hai="27,28,34,42,47,50,52,58,60,80,86,90,93,94" machi="34" ten="30,7700,0" yaku="1,1,7,1,52,1,54,1,53,0" doraHai="41" doraHaiUra="4" who="1" fromWho="0" sc="364,-80,309,90,68,0,249,0" owari="284,8.4,399,49.9,68,-43.2,249,-15.1" /></mjloggm>