<mjloggm ver="2.3"><GO type="169" lobby="0"/><UN n0="%E6%81%8B%E3%81%AE%E3%81%86%E3%81%9F" n1="%53%69%6C%76%65%72%44%46" n2="%E7%BD%AA%E5%88%91%E6%B3%95%E5%AE%9A%E4%B8%BB%E7%BE%A9" n3="%48%61%6C%66%73" dan="17,17,17,17" rate="2274.83,2218.99,2231.45,2149.06" sx="M,M,M,M"/><TAIKYOKU oya="0"/><INIT seed="0,0,0,2,4,127" ten="250,250,250,250" oya="0" hai0="64,37,109,16,33,63,80,100,97,15,121,85,48" hai1="25,32,23,84,101,75,96,117,44,2,81,73,120" hai2="66,76,119,74,46,93,42,103,106,131,52,95,89" hai3="27,54,13,135,51,98,110,1,105,92,34,41,24"/><T129/><D37/><U49/><E2/><V87/><F119/><W43/><G1/><T82/><D121/><U77/><E32/><V71/><F66/><W60/><G105/><T14/><D33/><U8/><E8/><V12/><F71/><W26/><G110/><T38/><D38/><U78/><E78/><V114/><F114/><W0/><G0/><T20/><D129/><U40/><E117/><V57/><F95/><W7/><G60/><T65/><D109/><U11/><E11/><V130/><F12/><W67/><G67/><T112/><D112/><U132/><E132/><V30/><F30/><W53/><G135/><T90/><D80/><U17/><REACH who="1" step="1"/><E120/><REACH who="1" ten="250,240,250,250" step="2"/><V31/><F76/><W83/><G34/><T5/><D5/><U79/><E79/><V124/><F124/><W115/><G7/><T118/><D118/><U22/><E22/><V72/><F31/><W58/><G115/><T28/><D28/><U61/><E61/><V116/><F116/><W102/><G51/><T108/><D108/><U104/><AGARI ba="0,1" hai="17,23,25,40,44,49,73,75,77,81,84,96,101,104" machi="104" ten="20,2700,0" yaku="1,1,0,1,7,1,53,0" doraHai="127" doraHaiUra="56" who="1" fromWho="1" sc="250,-13,240,37,250,-7,250,-7" /><INIT seed="1,0,0,3,2,103" ten="237,277,243,243" oya="1" hai0="41,106,100,97,15,54,89,82,93,66,119,129,117" hai1="10,115,2,51,98,57,14,111,71,48,31,58,50" hai2="128,49,114,101,37,79,72,126,123,121,95,105,36" hai3="38,9,27,124,102,26,104,116,90,69,109,67,59"/><U25/><E115/><V20/><F20/><W6/><G109/><T60/><D129/><U80/><E71/><V65/><F65/><W43/><G124/><T33/><D41/><U84/><E2/><V55/><F49/><W46/><G69/><T85/><D33/><U16/><E98/><N who="2" m="61623" /><F55/><W92/><G116/><T88/><D54/><U39/><E39/><V113/><F37/><W110/><G110/><T127/><D127/><U87/><E111/><V108/><F36/><W35/><G35/><T68/><REACH who="0" step="1"/><D15/><REACH who="0" ten="227,277,243,243" step="2"/><U4/><E4/><V44/><F108/><W24/><G43/><T78/><D78/><U81/><E81/><N who="2" m="45287" /><F126/><W21/><G6/><T1/><D1/><U17/><E80/><V64/><F64/><W47/><G67/><T75/><D75/><U30/><E58/><V125/><F125/><W122/><G59/><T5/><D5/><U32/><E57/><V56/><F56/><W74/><G74/><T76/><D76/><U28/><E32/><V52/><F128/><W18/><G46/><T7/><D7/><U0/><E0/><V3/><F3/><W91/><G47/><T62/><D62/><U134/><E134/><V94/><F44/><W120/><G38/><T135/><D135/><U73/><E73/><V77/><F77/><W11/><G120/><N who="2" m="46153" /><F52/><W8/><G122/><T130/><D130/><U12/><REACH who="1" step="1"/><E25/><REACH who="1" ten="227,267,243,243" step="2"/><V61/><F61/><W70/><G26/><T83/><D83/><U131/><E131/><V96/><F96/><AGARI ba="0,2" hai="60,66,68,82,85,88,89,93,96,97,100,106,117,119" machi="96" ten="30,7700,0" yaku="1,1,7,1,52,1,54,1,53,0" doraHai="103" doraHaiUra="40" who="0" fromWho="2" sc="227,97,267,0,243,-77,243,0" /><INIT seed="2,0,0,1,4,122" ten="324,267,166,243" oya="2" hai0="119,4,120,124,2,50,82,24,125,121,85,68,14" hai1="114,104,92,30,42,57,43,41,91,6,29,54,115" hai2="79,31,60,63,8,96,127,12,103,107,71,106,53" hai3="69,20,134,110,0,26,21,105,111,109,83,1,55"/><V49/><F127/><N who="0" m="48714" /><D68/><U130/><E104/><V11/><F107/><W77/><G134/><T135/><D2/><U36/><E36/><V72/><F31/><W61/><G105/><T40/><D24/><U10/><E130/><V67/><F63/><W5/><G5/><T70/><D70/><U78/><E78/><V52/><F53/><W131/><G131/><T27/><D27/><U98/><E115/><V102/><F102/><W86/><G21/><T89/><D119/><U94/><E94/><V80/><REACH who="2" step="1"/><F12/><REACH who="2" ten="324,267,156,243" step="2"/><W74/><G55/><T51/><D14/><N who="1" m="5463" /><E114/><V132/><F132/><W16/><G74/><T15/><D135/><U93/><E93/><V3/><F3/><W44/><REACH who="3" step="1"/><G44/><AGARI ba="0,1" hai="8,11,44,49,52,60,67,71,72,79,80,96,103,106" machi="44" ten="30,5800,0" yaku="1,1,7,1,54,1,53,0" doraHai="122" doraHaiUra="84" who="2" fromWho="3" sc="324,0,267,0,156,68,243,-58" /><INIT seed="2,1,0,2,4,14" ten="324,267,224,185" oya="2" hai0="91,42,101,62,47,1,4,120,117,110,116,68,69" hai1="118,71,15,70,61,25,32,54,36,98,30,52,105" hai2="27,48,88,125,79,22,33,73,37,35,5,44,99" hai3="135,58,122,75,128,55,106,113,20,41,100,18,39"/><V19/><F37/><W50/><G122/><T34/><D120/><U67/><E118/><N who="0" m="45673" /><D34/><U45/><E71/><N who="0" m="27209" /><D101/><N who="1" m="62647" /><E15/><V90/><F125/><W119/><G128/><T8/><D91/><U87/><E87/><V131/><F131/><W112/><G135/><T97/><D97/><U49/><E36/><V11/><F79/><W76/><G119/><T94/><D94/><U92/><E92/><V95/><F90/><W123/><G123/><T21/><D62/><U46/><E46/><V108/><F73/><W2/><G106/><T126/><D21/><U85/><E85/><V66/><F66/><W28/><G100/><T78/><D78/><U31/><E31/><V53/><REACH who="2" step="1"/><F108/><REACH who="2" ten="324,267,214,185" step="2"/><W59/><G76/><T82/><D126/><U10/><E10/><V93/><F93/><W0/><G75/><T72/><D72/><U6/><E6/><V107/><F107/><W63/><G39/><N who="0" m="21983" /><D82/><U83/><E83/><V38/><F38/><W89/><G89/><T103/><D103/><U17/><E67/><V56/><F56/><W60/><G59/><T130/><D130/><U23/><E70/><V51/><F51/><W129/><G58/><T84/><D84/><U65/><E65/><V26/><F26/><W16/><G50/><T111/><AGARI ba="1,1" hai="1,4,8,110,111" m="21983,27209,45673" machi="111" ten="40,2700,0" yaku="12,1,23,1" doraHai="14" who="0" fromWho="0" sc="324,40,267,-8,214,-14,185,-8" /><INIT seed="3,0,0,5,3,51" ten="364,259,200,177" oya="3" hai0="95,33,14,46,116,62,119,98,83,36,112,100,130" hai1="75,86,57,37,19,94,67,93,76,69,49,53,133" hai2="79,44,107,68,121,41,60,125,59,12,120,70,8" hai3="128,103,135,10,29,71,66,63,9,90,0,35,129"/><W105/><G90/><T102/><D33/><U58/><E75/><V28/><F107/><W40/><G40/><T89/><D130/><U24/><E69/><V115/><F28/><W26/><G135/><T34/><D34/><U124/><E37/><V11/><F79/><W47/><G47/><T2/><D2/><U117/><E124/><V74/><F74/><W23/><G23/><T22/><D112/><U87/><E117/><V50/><F115/><W54/><G54/><T80/><D36/><U97/><E133/><V91/><F91/><W77/><G77/><T31/><D116/><U88/><E76/><V65/><F8/><W56/><G56/><T132/><D119/><U5/><E5/><V78/><F78/><W118/><G118/><T13/><D46/><U17/><E24/><V84/><F84/><W114/><G114/><T6/><D6/><U43/><E43/><V30/><F30/><W42/><G42/><T101/><D62/><N who="1" m="38351" /><E87/><V81/><F81/><N who="0" m="31306" /><D132/><U20/><E20/><V48/><F125/><W134/><G134/><T18/><D31/><U110/><E110/><V64/><F11/><W16/><G16/><T109/><D109/><U85/><E85/><V82/><F82/><W38/><G38/><T123/><D123/><N who="2" m="47178" /><F12/><AGARI ba="0,0" hai="12,13,14,18,22,89,95,98,100,101,102" m="31306" machi="12" ten="30,1000,0" yaku="8,1" doraHai="51" who="0" fromWho="2" sc="364,10,259,0,200,-10,177,0" /><INIT seed="4,0,0,1,2,96" ten="374,259,190,177" oya="0" hai0="74,62,69,55,15,82,40,14,95,132,103,32,63" hai1="123,27,72,43,8,118,21,42,10,34,88,87,33" hai2="83,100,104,65,64,115,13,30,23,122,113,112,106" hai3="12,92,16,128,127,35,93,31,125,91,102,97,76"/><T111/><D32/><U18/><E72/><V51/><F122/><W109/><G109/><T119/><D119/><U50/><E118/><V66/><F83/><W130/><G76/><T44/><D132/><U60/><E123/><V89/><F89/><W36/><G36/><T11/><D69/><U19/><E34/><V70/><F70/><W77/><G77/><T38/><D15/><U9/><E33/><V101/><F51/><W37/><G37/><T41/><D41/><N who="1" m="15371" /><E60/><V47/><F47/><W80/><G80/><T107/><D107/><N who="2" m="41002" /><F13/><W57/><G57/><T24/><D62/><U53/><E19/><V90/><F90/><W126/><G31/><T3/><D63/><U85/><E88/><V52/><F52/><W73/><G73/><T49/><D55/><U116/><E116/><V48/><F48/><W110/><G110/><T17/><D49/><U56/><AGARI ba="0,0" hai="8,9,10,18,21,27,50,53,56,85,87" m="15371" machi="56" ten="30,1100,0" yaku="8,1" doraHai="96" who="1" fromWho="1" sc="374,-5,259,11,190,-3,177,-3" /><INIT seed="5,0,0,1,2,111" ten="369,270,187,174" oya="1" hai0="79,135,102,59,12,101,8,96,117,110,109,3,48" hai1="20,113,40,68,98,127,124,13,19,81,78,25,39" hai2="112,91,104,121,118,1,94,76,54,87,133,115,29" hai3="95,58,30,89,45,53,23,63,82,24,107,52,16"/><U134/><E68/><V22/><F1/><W4/><G107/><T64/><D3/><U131/><E131/><V130/><F118/><W27/><G82/><T108/><D135/><U119/><E119/><V100/><F121/><W15/><G4/><T116/><D102/><U106/><E134/><V83/><F133/><W126/><G126/><N who="1" m="48170" /><E40/><V50/><F130/><W43/><G53/><T47/><D110/><U71/><E71/><V99/><F22/><W75/><G75/><T11/><D109/><U70/><E70/><V74/><F29/><W44/><G43/><T10/><D108/><U129/><E39/><V105/><F105/><W120/><G120/><T9/><D79/><U33/><E129/><V72/><F72/><W67/><G67/><T77/><D77/><U93/><E106/><V42/><F42/><W7/><G7/><T90/><D117/><U49/><E49/><V132/><F132/><W62/><G62/><T55/><D116/><U56/><E56/><AGARI ba="0,0" hai="50,54,56,74,76,83,87,91,94,99,100,104,112,115" machi="56" ten="40,8000,1" yaku="24,2,52,2" doraHai="111" who="2" fromWho="1" sc="369,0,270,-80,187,80,174,0" /><INIT seed="6,0,0,3,5,16" ten="369,190,267,174" oya="2" hai0="52,41,91,39,60,68,98,67,126,135,1,18,61" hai1="4,55,86,109,21,49,50,27,107,45,95,83,26" hai2="132,13,106,8,130,12,2,104,133,81,22,0,57" hai3="42,11,66,116,105,65,92,71,102,38,33,88,34"/><V48/><F81/><W123/><G123/><T59/><D1/><N who="2" m="618" /><F48/><W85/><G116/><T24/><D126/><U128/><E107/><V115/><F57/><W97/><G11/><T87/><D135/><N who="2" m="51786" /><F106/><W111/><G111/><T37/><D41/><U127/><E128/><V120/><F104/><W3/><G3/><T99/><D39/><U6/><E127/><V70/><F70/><W80/><G42/><T117/><D37/><U31/><E109/><V28/><F120/><W94/><G38/><T93/><D117/><U32/><E95/><V7/><F130/><W75/><G94/><T121/><D121/><U125/><E50/><V9/><F115/><W47/><G47/><T76/><D76/><U96/><E96/><V64/><F64/><W10/><G66/><T43/><D43/><U74/><E74/><V54/><F54/><W72/><G72/><T17/><D98/><U78/><REACH who="1" step="1"/><E125/><REACH who="1" ten="369,180,267,174" step="2"/><V69/><F69/><W82/><G82/><T20/><D99/><U73/><E73/><V118/><F118/><W19/><G75/><T119/><D119/><U35/><E35/><V40/><F40/><W124/><G124/><T114/><D114/><U14/><E14/><N who="2" m="5739" /><F7/><W103/><G105/><T122/><D122/><U112/><E112/><V62/><F62/><N who="3" m="40375" /><G103/><T89/><D60/><U110/><E110/><V58/><F58/><W15/><G102/><T131/><D68/><U5/><E5/><V108/><F108/><W25/><G97/><T46/><D131/><U79/><E79/><V129/><F129/><W51/><G92/><T36/><D36/><U23/><E23/><RYUUKYOKU ba="0,1" sc="369,-15,180,15,267,15,174,-15" hai1="4,6,21,26,27,31,32,45,49,55,78,83,86" hai2="8,9,22,28" /><INIT seed="6,1,1,5,3,85" ten="354,195,282,159" oya="2" hai0="72,59,17,55,91,43,106,56,105,31,112,4,133" hai1="102,40,123,124,21,23,118,125,16,24,96,30,77" hai2="57,92,76,71,104,39,25,33,45,107,100,108,121" hai3="6,14,70,13,28,98,103,81,26,120,61,89,41"/><V66/><F121/><W129/><G120/><T67/><D72/><U115/><E123/><V52/><F76/><W32/><G129/><T74/><D74/><U42/><E77/><V46/><F108/><W12/><G41/><T29/><D4/><U86/><E86/><V0/><F0/><W97/><G6/><T95/><D112/><U84/><E84/><V116/><F116/><W78/><G98/><T127/><D43/><U131/><E118/><V53/><F92/><W19/><G78/><T94/><D67/><U64/><E64/><V49/><F100/><W27/><G81/><T79/><D79/><U35/><E35/><V119/><F119/><W101/><G26/><T87/><D133/><U15/><E115/><V109/><F109/><W135/><G19/><T69/><D69/><U65/><E65/><V113/><F113/><W44/><G44/><T37/><D17/><U3/><E3/><V126/><F25/><W22/><G32/><T54/><D37/><U73/><E131/><V99/><F33/><W51/><G135/><T36/><D36/><U11/><E23/><V34/><F39/><W2/><G2/><T60/><D127/><N who="1" m="48715" /><E73/><V48/><F34/><W63/><G70/><T38/><D38/><U132/><E132/><V50/><F71/><W8/><G8/><T110/><D110/><U114/><E114/><V80/><F126/><W122/><G122/><T1/><D1/><U7/><E7/><V128/><F128/><W68/><G68/><T90/><D87/><U93/><AGARI ba="1,1" hai="11,15,16,21,24,30,40,42,93,96,102" m="48715" machi="93" ten="30,2000,0" yaku="18,1,54,1" doraHai="85" who="1" fromWho="1" sc="354,-6,195,33,282,-11,159,-6" /><INIT seed="7,0,0,4,5,9" ten="348,228,271,153" oya="3" hai0="19,47,38,106,93,74,14,86,132,84,0,94,56" hai1="7,69,67,23,26,134,16,88,95,27,61,36,13" hai2="60,103,79,127,41,4,78,2,118,100,120,5,29" hai3="51,31,54,122,24,104,109,32,3,117,121,44,65"/><W46/><G117/><T6/><D74/><U90/><E36/><V58/><F118/><W43/><G109/><T49/><D0/><U107/><E107/><V123/><F29/><W108/><G108/><T96/><D6/><N who="2" m="2666" /><F41/><W126/><G3/><T1/><D132/><U11/><E134/><V37/><F37/><W28/><G126/><T50/><D106/><U112/><E112/><V30/><F30/><W20/><G104/><T81/><D1/><U21/><E95/><V48/><F48/><W45/><G65/><T40/><D86/><U80/><E80/><V115/><F115/><W35/><G43/><T125/><D56/><U91/><E91/><V15/><F15/><W76/><G76/><N who="2" m="29225" /><F127/><W52/><G54/><T82/><D49/><U99/><E99/><V119/><F2/><W68/><G68/><T102/><D38/><U111/><E111/><V73/><F73/><W85/><G85/><T83/><D125/><U114/><E114/><V8/><F8/><W105/><G105/><T101/><D84/><U72/><E72/><V22/><F22/><W42/><G42/><T77/><D77/><U87/><E87/><V34/><F34/><W25/><REACH who="3" step="1"/><G20/><REACH who="3" ten="348,228,271,143" step="2"/><N who="0" m="11383" /><D81/><U116/><REACH who="1" step="1"/><E116/><REACH who="1" ten="348,218,271,143" step="2"/><V39/><F119/><W135/><G135/><T33/><D82/><U70/><E70/><V110/><F110/><W71/><G71/><T129/><D83/><U59/><E59/><AGARI ba="0,2" hai="24,25,28,31,32,35,44,45,46,51,52,59,121,122" machi="59" ten="40,7700,0" yaku="1,1,9,1,54,1,53,0" doraHai="9" doraHaiUra="57" who="3" fromWho="1" sc="348,0,218,-77,271,0,143,97" /><INIT seed="7,1,0,2,3,22" ten="348,141,271,240" oya="3" hai0="17,82,45,111,114,129,73,33,70,54,89,15,56" hai1="131,110,103,27,59,3,128,90,115,81,13,134,95" hai2="97,16,0,75,9,118,87,21,109,38,72,40,35" hai3="92,11,48,52,10,126,68,130,14,25,49,63,30"/><W19/><G130/><N who="1" m="49706" /><E3/><V117/><F35/><W32/><G126/><T26/><D70/><U108/><E13/><V135/><F135/><W2/><G92/><T51/><D111/><U84/><E59/><V47/><F109/><W60/><G49/><T57/><D114/><U127/><E27/><V28/><F87/><W4/><REACH who="3" step="1"/><G68/><REACH who="3" ten="348,141,271,230" step="2"/><T77/><D129/><U5/><E5/><V133/><F118/><W120/><G120/><T7/><D7/><U43/><E43/><V36/><F117/><W6/><G6/><T91/><D51/><U112/><E127/><V121/><F40/><W46/><AGARI ba="1,1" hai="2,4,10,11,14,19,25,30,32,46,48,52,60,63" machi="46" ten="20,18000,2" yaku="1,1,0,1,7,1,52,1,54,1,53,1" doraHai="22" doraHaiUra="24" who="3" fromWho="3" sc="348,-61,141,-61,271,-61,230,193" owari="287,8.7,80,-42.0,210,-19.0,423,52.3" /></mjloggm>