<mjloggm ver="2.3"><GO type="169" lobby="0"/><UN n0="%E3%83%91%E3%83%BC%E3%83%A9%E3%83%A1%E3%83%B3%E3%83%88" n1="%73%69%65%72%61%34%30%31" n2="%E3%82%A4%E3%82%A7%E3%83%83%E3%82%BF%E3%82%A4%E3%82%AC%E3%83%BC" n3="%E7%8A%B6%E6%85%8B%E9%BA%BB%E9%9B%80" dan="16,17,16,18" rate="2201.31,2235.44,2089.89,2226.20" sx="M,F,M,M"/><TAIKYOKU oya="0"/><INIT seed="0,0,0,5,0,35" ten="250,250,250,250" oya="0" hai0="41,118,62,95,21,67,49,7,111,121,126,8,31" hai1="22,3,42,130,107,122,89,76,94,134,112,124,109" hai2="75,53,77,0,117,86,29,80,85,20,96,68,88" hai3="105,115,92,97,61,4,131,113,132,133,73,116,40"/><T59/><D118/><U2/><E122/><V17/><F117/><W65/><G116/><T71/><D121/><U106/><E76/><V19/><F68/><W34/><G73/><T72/><D72/><U24/><E42/><V43/><F43/><W123/><G123/><T12/><D126/><U70/><E70/><V102/><F53/><W58/><G105/><T104/><D104/><U26/><E124/><V127/><F0/><W36/><G34/><T98/><D111/><U129/><E109/><V27/><F127/><W54/><G4/><T74/><D74/><U11/><E11/><V14/><F14/><W103/><G131/><N who="1" m="50186" /><E134/><N who="3" m="51818" /><G65/><T87/><D87/><N who="1" m="52543" /><E24/><V69/><F69/><W5/><G5/><T56/><D41/><U55/><E112/><V44/><F44/><AGARI ba="0,0" hai="36,40,44,54,58,61,92,97,103,113,115" m="51818" machi="44" ten="30,1000,0" yaku="20,1" doraHai="35" who="3" fromWho="2" sc="250,0,250,0,250,-10,250,10" /><INIT seed="1,0,0,5,2,105" ten="250,250,240,260" oya="1" hai0="61,25,68,9,95,5,121,42,85,69,55,23,97" hai1="78,87,91,58,60,4,94,128,86,64,21,22,2" hai2="133,103,83,16,71,27,19,24,115,100,43,89,96" hai3="48,102,53,35,47,40,135,70,39,56,126,36,52"/><U112/><E112/><V63/><F133/><W119/><G35/><T117/><D117/><U77/><E128/><V72/><F115/><W111/><G102/><T45/><D121/><U62/><E2/><V59/><F43/><W120/><G120/><T73/><D85/><U10/><E4/><V49/><F71/><W6/><G6/><T20/><D20/><U109/><E10/><V38/><F38/><N who="3" m="14379" /><G135/><T84/><D84/><U99/><E109/><V98/><F49/><N who="3" m="26855" /><G119/><T3/><D73/><U127/><E127/><V14/><F89/><W34/><G34/><T33/><D42/><U88/><E60/><V106/><F72/><W74/><G74/><T81/><D81/><N who="1" m="47407" /><E78/><V57/><F83/><AGARI ba="0,0" hai="21,22,58,62,64,83,87,88,91,94,99" m="47407" machi="83" ten="30,2900,0" yaku="8,1,54,1" doraHai="105" who="1" fromWho="2" sc="250,0,250,29,240,-29,260,0" /><INIT seed="1,1,0,5,5,119" ten="250,279,211,260" oya="1" hai0="105,124,76,114,0,107,104,103,73,134,16,99,42" hai1="40,78,91,90,67,71,24,110,100,43,32,51,133" hai2="92,108,35,111,85,48,50,7,131,126,60,54,117" hai3="121,8,102,53,109,17,66,120,74,127,38,82,34"/><U106/><E133/><V39/><F35/><W12/><G38/><T130/><D0/><U18/><E78/><V83/><F117/><W31/><G66/><T2/><D2/><U122/><E110/><N who="2" m="42027" /><F7/><W81/><G109/><T94/><D42/><U27/><E18/><V1/><F1/><W15/><G127/><T49/><D49/><N who="2" m="19050" /><F92/><W5/><G102/><T84/><D16/><U47/><E40/><V118/><F118/><W9/><G53/><T95/><D114/><U58/><E58/><N who="2" m="34903" /><F126/><W69/><G69/><T96/><D124/><U10/><E10/><V68/><F39/><W13/><G13/><T65/><D134/><U75/><E75/><V88/><F131/><W41/><G41/><T11/><D11/><U93/><E106/><N who="0" m="41065" /><D130/><U115/><E32/><V56/><F56/><W44/><G44/><T4/><D4/><U112/><E24/><V57/><F57/><W46/><G46/><T116/><D116/><U14/><E27/><V129/><F129/><W86/><G74/><T37/><D37/><U80/><E14/><V55/><F55/><W28/><G81/><N who="0" m="45199" /><D65/><U20/><E20/><V36/><F36/><W135/><G135/><T22/><D22/><U61/><E67/><V52/><F52/><W89/><REACH who="3" step="1"/><G34/><REACH who="3" ten="250,279,211,250" step="2"/><T72/><D72/><U33/><E33/><V128/><F128/><W19/><G19/><T6/><D6/><U64/><E64/><V132/><F132/><W113/><G113/><T63/><D63/><U87/><E112/><V45/><F45/><W125/><G125/><T29/><D103/><U101/><E115/><V123/><F68/><RYUUKYOKU ba="1,1" sc="250,-15,279,-15,211,15,250,15" hai2="83,85,88,123" hai3="5,8,9,12,15,17,28,31,82,86,89,120,121" /><INIT seed="2,2,1,2,2,6" ten="235,264,226,265" oya="2" hai0="74,109,85,102,77,41,63,69,49,122,135,60,110" hai1="0,82,35,15,42,101,86,8,52,23,123,48,67" hai2="44,61,4,88,115,53,40,106,133,37,105,118,97" hai3="54,131,72,111,83,30,47,98,91,78,126,100,89"/><V134/><F118/><W103/><G30/><T96/><D122/><U68/><E123/><V22/><F115/><W130/><G47/><N who="0" m="25839" /><D74/><U62/><E35/><V104/><F22/><W73/><G54/><T34/><D34/><U121/><E121/><V13/><F61/><W26/><G26/><T120/><D120/><U11/><E42/><V64/><F64/><W43/><G43/><T32/><D32/><U1/><E101/><V71/><F53/><W93/><G111/><N who="0" m="42507" /><D135/><U127/><E127/><V107/><F71/><W29/><G29/><T14/><D14/><U16/><E0/><V25/><F25/><W116/><G116/><T113/><D69/><U24/><E1/><V132/><N who="2" m="26624" /><DORA hai="124" /><V129/><F129/><N who="3" m="49163" /><G126/><T28/><D28/><U81/><E24/><V45/><F45/><W27/><G27/><T17/><D17/><U38/><E38/><V95/><F4/><W50/><G50/><T80/><D113/><U36/><E36/><V58/><REACH who="2" step="1"/><F13/><REACH who="2" ten="235,264,216,265" step="2"/><W75/><G103/><T3/><D3/><U56/><REACH who="1" step="1"/><E81/><REACH who="1" ten="235,254,216,265" step="2"/><V2/><F2/><W57/><G57/><AGARI ba="2,3" hai="37,40,44,57,58,88,95,97,132,133,134" m="26624" machi="57" ten="80,12000,1" yaku="1,1,20,1,54,1,53,2" doraHai="6,124" doraHaiUra="87,84" who="2" fromWho="3" sc="235,0,254,0,216,156,265,-126" /><INIT seed="2,3,0,3,3,38" ten="235,254,372,139" oya="2" hai0="115,85,71,31,105,57,79,82,90,89,124,83,40" hai1="116,43,42,126,52,7,111,73,26,74,5,112,63" hai2="3,121,19,49,1,51,60,21,59,96,84,68,8" hai3="130,41,48,107,87,92,93,20,45,32,17,29,76"/><V62/><F121/><W117/><G107/><T2/><D71/><U97/><E112/><V133/><F133/><W119/><G130/><T129/><D2/><U23/><E116/><V135/><F135/><W98/><G29/><T125/><D31/><U66/><E111/><V37/><F37/><W81/><G32/><T0/><D0/><U128/><E128/><V39/><F39/><W100/><REACH who="3" step="1"/><G92/><REACH who="3" ten="235,254,372,129" step="2"/><T18/><D105/><U110/><E110/><V58/><F1/><W25/><AGARI ba="3,1" hai="17,20,25,41,45,48,76,81,87,93,98,100,117,119" machi="25" ten="20,8000,1" yaku="1,1,2,1,0,1,7,1,52,1,53,0" doraHai="38" doraHaiUra="55" who="3" fromWho="3" sc="235,-23,254,-23,372,-43,129,99" /><INIT seed="3,0,0,3,5,25" ten="212,231,329,228" oya="3" hai0="77,59,119,63,26,113,24,46,0,101,41,34,53" hai1="5,70,65,99,11,109,6,42,84,114,133,52,62" hai2="134,30,10,47,36,61,29,104,38,123,45,17,31" hai3="20,81,51,13,128,83,91,27,2,100,90,82,102"/><W14/><G2/><T85/><D119/><U50/><E109/><V19/><F104/><W1/><G1/><T110/><D0/><U57/><E133/><V78/><F78/><W44/><G128/><T135/><D110/><U40/><E114/><V111/><F111/><W107/><G14/><T39/><D135/><U94/><E84/><V88/><F134/><W71/><G13/><T43/><D43/><U105/><E105/><V28/><F123/><W130/><G71/><T112/><D101/><N who="3" m="39017" /><G130/><T129/><D129/><U55/><E55/><V95/><F61/><W125/><G125/><T73/><D73/><U75/><E75/><V54/><F10/><W4/><G4/><T58/><D58/><U12/><REACH who="1" step="1"/><E5/><REACH who="1" ten="212,221,329,228" step="2"/><V49/><F45/><W132/><G107/><T118/><D118/><U131/><E131/><V72/><F72/><W92/><G132/><T76/><D85/><U32/><E32/><V117/><F117/><W18/><G92/><T66/><D53/><AGARI ba="0,1" hai="18,20,27,44,51,53,81,82,83,90,91" m="39017" machi="53" ten="30,1500,0" yaku="8,1" doraHai="25" who="3" fromWho="0" sc="212,-15,221,0,329,0,228,25" /><INIT seed="3,1,0,0,2,130" ten="197,221,329,253" oya="3" hai0="8,10,102,120,87,16,40,29,26,73,71,131,7" hai1="53,113,95,17,14,94,41,103,85,60,42,21,43" hai2="32,132,111,6,104,24,125,117,0,76,92,106,31" hai3="49,81,58,62,59,36,57,15,89,13,135,48,114"/><W3/><G114/><T4/><D73/><U80/><E113/><V2/><F117/><W52/><G3/><N who="0" m="31" /><D71/><U122/><E122/><V129/><F111/><W99/><G36/><T110/><D102/><U56/><REACH who="1" step="1"/><E103/><REACH who="1" ten="197,211,329,253" step="2"/><V69/><F129/><W50/><G135/><T79/><D120/><U91/><AGARI ba="1,1" hai="14,17,21,41,42,43,53,56,60,80,85,91,94,95" machi="91" ten="30,12000,2" yaku="1,1,2,1,0,1,8,1,53,3" doraHai="130" doraHaiUra="38" who="1" fromWho="1" sc="197,-31,211,133,329,-31,253,-61" /><INIT seed="4,0,0,0,3,56" ten="166,344,298,192" oya="0" hai0="53,41,6,34,79,72,52,0,105,107,38,101,19" hai1="89,129,66,47,17,74,15,48,121,25,76,13,75" hai2="84,77,127,50,32,55,126,70,92,64,35,69,33" hai3="102,130,86,24,58,31,83,82,51,68,30,3,73"/><T62/><D34/><U4/><E121/><V94/><F77/><W10/><G68/><T106/><D19/><U133/><E76/><V60/><F70/><W67/><G73/><T20/><D20/><U54/><E129/><V132/><F132/><W100/><G130/><T78/><D101/><N who="3" m="39017" /><G3/><T28/><D28/><N who="3" m="10793" /><G24/><T40/><D79/><U123/><E123/><V43/><F43/><W97/><G97/><T109/><D109/><U46/><E133/><V115/><F115/><W111/><G111/><T131/><D131/><U42/><E25/><V21/><F21/><W49/><G10/><N who="0" m="2375" /><D41/><U80/><E42/><V29/><F29/><W112/><G112/><T36/><D36/><U11/><E11/><V12/><F12/><W18/><G18/><T95/><D95/><U9/><E17/><V16/><F16/><W104/><G104/><T122/><D122/><U91/><E15/><V5/><F5/><W1/><G1/><T114/><D114/><U37/><E37/><V88/><REACH who="2" step="1"/><F92/><REACH who="2" ten="166,344,288,192" step="2"/><W118/><G83/><N who="0" m="45511" /><D62/><U110/><E13/><V61/><F61/><N who="3" m="38327" /><G118/><T116/><D116/><U45/><E110/><V81/><F81/><W44/><G82/><T85/><D85/><U103/><E80/><V128/><F128/><W59/><G86/><T120/><D120/><U96/><E75/><V63/><F63/><W117/><G117/><T125/><D125/><U26/><E74/><V22/><F22/><W135/><G135/><T108/><D108/><U90/><E9/><V93/><F93/><W98/><G98/><T23/><D23/><U99/><E99/><V39/><F39/><RYUUKYOKU ba="0,1" sc="166,15,344,-15,288,15,192,-15" hai0="38,40,52,53,105,106,107" hai2="32,33,35,50,55,60,64,69,84,88,94,126,127" /><INIT seed="4,1,1,2,5,74" ten="181,329,303,177" oya="0" hai0="99,78,11,36,127,21,63,64,112,93,12,110,132" hai1="129,56,41,95,8,123,49,73,70,89,114,116,103" hai2="117,13,60,125,34,98,122,28,59,51,134,61,128" hai3="53,71,119,16,31,24,15,6,126,23,130,0,133"/><T101/><D112/><U81/><E116/><V44/><F117/><W27/><G71/><T29/><D127/><U22/><E70/><V67/><F122/><W107/><G119/><T66/><D132/><U92/><E123/><V80/><F125/><W118/><G118/><T108/><D36/><U72/><E129/><V65/><F134/><W19/><G107/><T82/><D21/><U43/><E73/><V79/><F128/><W90/><G126/><T52/><D29/><U20/><E8/><V4/><F98/><W135/><G130/><T58/><D110/><U115/><E103/><V68/><F28/><W69/><G69/><T57/><D57/><U50/><E72/><V26/><F26/><W45/><G90/><T1/><D1/><U77/><E89/><V35/><F13/><W5/><G53/><T32/><D32/><U30/><E81/><V85/><REACH who="2" step="1"/><F4/><REACH who="2" ten="181,329,293,177" step="2"/><N who="3" m="1643" /><G0/><T105/><D108/><U83/><E30/><V94/><F94/><W131/><G131/><T120/><D105/><U62/><E92/><V47/><F47/><W100/><G45/><T104/><D104/><U39/><E95/><V14/><F14/><W124/><G124/><T97/><D97/><U25/><E114/><V54/><AGARI ba="1,2" hai="34,35,44,51,54,59,60,61,65,67,68,79,80,85" machi="54" ten="20,5200,0" yaku="1,1,0,1,7,1,52,1,53,0" doraHai="74" doraHaiUra="86" who="2" fromWho="2" sc="181,-27,329,-14,293,75,177,-14" /><INIT seed="5,0,0,1,4,127" ten="154,315,368,163" oya="1" hai0="129,111,98,134,96,43,21,52,20,107,39,24,97" hai1="25,54,38,70,112,67,125,18,93,124,11,74,59" hai2="50,1,40,61,126,115,30,14,128,10,116,48,131" hai3="60,90,79,22,85,105,95,87,19,44,91,123,103"/><U63/><E74/><V62/><F116/><W86/><G123/><T135/><D111/><U2/><E2/><V66/><F1/><W122/><G122/><T65/><D65/><U33/><E33/><V23/><F126/><N who="1" m="48745" /><E93/><V53/><F115/><W35/><G35/><T106/><D43/><U81/><E81/><V31/><F23/><N who="0" m="8778" /><D39/><U32/><E11/><V57/><F40/><W113/><G113/><T110/><D110/><U37/><E18/><N who="2" m="8535" /><F48/><W0/><G0/><T118/><D52/><U6/><E6/><V29/><F66/><W12/><G105/><N who="0" m="39947" /><D24/><U78/><E78/><V84/><F84/><W7/><G79/><T17/><D17/><U28/><E112/><V100/><F100/><W104/><G104/><T82/><D82/><U13/><E13/><V99/><F99/><N who="3" m="59903" /><G7/><T75/><D75/><U132/><E38/><V64/><F64/><W102/><G102/><T56/><D56/><U108/><E108/><V88/><F88/><W3/><G3/><T92/><D92/><U16/><E37/><V73/><F73/><W114/><G114/><T46/><D46/><U83/><E83/><V68/><F68/><W58/><G44/><T47/><D47/><U49/><E16/><V69/><F69/><W4/><G4/><T26/><D26/><U36/><E36/><V130/><AGARI ba="0,0" hai="29,30,31,50,53,57,61,62,128,130,131" m="8535" machi="130" ten="40,8000,1" yaku="19,1,52,3" doraHai="127" who="2" fromWho="2" sc="154,-20,315,-40,368,80,163,-20" /><INIT seed="6,0,0,0,1,113" ten="134,275,448,143" oya="2" hai0="51,75,20,120,109,29,82,76,36,129,25,118,0" hai1="10,4,30,98,106,93,9,48,131,19,134,59,87" hai2="5,70,112,115,12,88,65,114,123,18,56,92,54" hai3="44,43,62,101,102,37,31,80,71,13,79,57,69"/><V99/><F123/><W107/><G31/><T104/><D120/><U53/><E131/><V52/><F5/><W135/><G135/><T121/><D121/><U110/><E134/><V33/><F33/><W50/><G13/><T17/><D109/><U94/><E110/><V116/><F70/><W119/><G119/><T77/><D36/><U3/><E106/><V24/><F24/><W35/><G35/><T15/><D104/><U96/><E30/><V111/><F111/><W63/><G37/><T47/><D129/><U83/><E96/><V8/><F116/><W91/><G91/><T103/><D118/><U108/><E98/><V81/><F81/><W105/><G105/><T28/><D0/><U23/><E10/><V95/><F95/><W122/><G122/><T85/><D103/><U49/><E49/><V45/><F45/><W66/><G107/><T41/><D29/><U46/><E46/><V14/><F12/><W124/><G124/><T32/><REACH who="0" step="1"/><D75/><REACH who="0" ten="124,275,448,143" step="2"/><U128/><E108/><V78/><F114/><W90/><G102/><T7/><D7/><U64/><E128/><V40/><F115/><W22/><G101/><T100/><D100/><U2/><E2/><V132/><F132/><W34/><G34/><T117/><D117/><U86/><E4/><V68/><F112/><W126/><G126/><T89/><AGARI ba="0,1" hai="15,17,20,25,28,32,41,47,51,76,77,82,85,89" machi="89" ten="20,5200,0" yaku="1,1,0,1,7,1,53,1" doraHai="113" doraHaiUra="38" who="0" fromWho="0" sc="124,62,275,-13,448,-26,143,-13" /><INIT seed="7,0,0,2,2,81" ten="186,262,422,130" oya="3" hai0="20,50,37,55,73,23,125,83,9,35,114,40,52" hai1="0,39,126,103,17,135,44,56,12,118,60,41,119" hai2="128,124,94,57,129,130,30,68,99,33,28,76,43" hai3="45,4,34,107,101,109,127,92,13,70,98,74,100"/><W42/><G70/><T93/><D35/><U121/><E121/><V29/><F68/><W67/><G34/><T90/><D125/><U71/><E0/><V91/><F33/><W104/><G127/><T96/><D114/><U64/><E126/><V11/><F124/><W106/><G74/><T77/><D37/><U131/><E103/><V54/><F43/><W86/><G67/><T95/><D40/><U108/><E108/><V2/><F76/><W82/><G109/><T66/><D66/><U111/><E111/><V25/><F25/><W102/><G13/><T38/><D38/><U123/><E123/><V97/><F97/><W85/><G4/><T110/><D110/><U78/><E78/><V59/><F54/><W31/><G31/><T36/><D36/><U21/><E131/><V105/><F105/><W88/><REACH who="3" step="1"/><G82/><REACH who="3" ten="186,262,422,120" step="2"/><T117/><D117/><N who="1" m="44555" /><E71/><V58/><F11/><W65/><G65/><T49/><D9/><U87/><E12/><V26/><F26/><W62/><G62/><T75/><D75/><U89/><E21/><V53/><F2/><W61/><G61/><T27/><D27/><U22/><E22/><V69/><F69/><W112/><G112/><T133/><D83/><N who="1" m="49407" /><E17/><V84/><F30/><W46/><G46/><T1/><D73/><U113/><E113/><V120/><F29/><W134/><G134/><AGARI ba="0,1" hai="39,41,44,56,60,64,134,135" m="49407,44555" machi="134" ten="30,2000,0" yaku="12,1,52,1" doraHai="81" who="1" fromWho="3" sc="186,0,262,30,422,0,120,-20" owari="186,-21.4,292,9.2,422,52.2,100,-40.0" /></mjloggm>