<mjloggm ver="2.3"><GO type="225" lobby="0"/><UN n0="%EF%BC%AE%EF%BC%A1%EF%BC%AF%33%33%39" n1="%E7%B4%94%E6%BD%94%E3%83%94%E3%83%A9%E3%83%8B%E3%82%A2" n2="%E6%9C%88%E5%B3%B6%E5%9F%BA" n3="%4B%2E%32%2E%4B%2E" dan="16,17,17,17" rate="2148.40,2210.73,2227.40,2156.35" sx="M,M,M,M"/><TAIKYOKU oya="0"/><INIT seed="0,0,0,1,3,63" ten="250,250,250,250" oya="0" hai0="40,130,48,76,71,91,35,33,23,73,108,106,13" hai1="41,61,16,56,123,83,69,14,129,39,53,133,20" hai2="125,47,124,82,104,99,15,115,84,2,45,32,88" hai3="0,70,57,46,109,90,24,105,58,12,25,111,118"/><T117/><D117/><U97/><E123/><V4/><F115/><W21/><G0/><T112/><D112/><U38/><E129/><V36/><F32/><W62/><G118/><T92/><D106/><U37/><E133/><V79/><F2/><W42/><G105/><T127/><D71/><U44/><E97/><V18/><F4/><W55/><G70/><T75/><D130/><U6/><E6/><V50/><F36/><W19/><G90/><T128/><D128/><U8/><E69/><V77/><F104/><W72/><G72/><T120/><D120/><U93/><E93/><N who="2" m="56743" /><F79/><W3/><G58/><T5/><D76/><U126/><E126/><N who="2" m="48747" /><F50/><W119/><G119/><T78/><D127/><U121/><E121/><V54/><F54/><W52/><G55/><T10/><D78/><U30/><E83/><V11/><AGARI ba="0,0" hai="11,15,18,45,47,77,82,84" m="48747,56743" machi="11" ten="30,2000,0" yaku="18,1,54,1" doraHai="63" who="2" fromWho="2" sc="250,-10,250,-5,250,20,250,-5" /><INIT seed="1,0,0,4,4,47" ten="240,245,270,245" oya="1" hai0="23,122,27,18,7,44,11,73,22,102,33,54,31" hai1="50,8,111,109,118,84,62,36,116,124,91,104,65" hai2="63,61,69,90,133,9,97,32,130,86,16,105,129" hai3="112,39,60,94,59,21,46,98,29,58,76,51,74"/><U79/><E36/><V67/><F32/><W71/><G39/><T55/><D73/><U96/><E8/><V87/><F133/><W42/><G112/><T110/><D102/><N who="1" m="62535" /><E124/><V26/><F63/><W10/><G74/><T52/><D122/><U93/><E62/><V107/><F97/><W19/><G76/><T77/><D77/><U57/><E65/><V0/><F87/><W4/><G29/><T64/><D64/><U108/><E79/><V13/><F26/><W56/><G71/><T37/><D110/><U85/><E85/><V5/><F107/><W15/><G94/><T25/><D33/><U95/><E95/><V43/><F105/><W101/><G101/><T70/><D70/><U14/><E14/><V2/><F43/><W114/><G114/><T106/><D106/><U92/><E92/><V100/><F100/><W83/><G83/><T80/><D80/><U66/><E66/><V128/><F5/><W75/><G98/><T12/><REACH who="0" step="1"/><D37/><REACH who="0" ten="230,245,270,245" step="2"/><U115/><E115/><V30/><F69/><W125/><G75/><T17/><D17/><U123/><E123/><V48/><F67/><N who="3" m="39303" /><G125/><T35/><D35/><U121/><E121/><V41/><F129/><W82/><G82/><T120/><D120/><U119/><E119/><V103/><F128/><W3/><G3/><T34/><D34/><U113/><E113/><V20/><F2/><W117/><G117/><T78/><D78/><U135/><E135/><V1/><F1/><W40/><G40/><T88/><D88/><U81/><E81/><N who="2" m="49487" /><F130/><W131/><G131/><T6/><D6/><U28/><E28/><RYUUKYOKU ba="0,1" sc="230,10,245,10,270,-30,245,10" hai0="7,11,12,18,22,23,25,27,31,44,52,54,55" hai1="50,57,84,91,93,108,109,111,116,118" hai3="4,10,15,19,21,42,46,51,58,59" /><INIT seed="1,1,1,0,3,84" ten="240,255,240,255" oya="1" hai0="73,28,30,104,100,16,27,26,134,87,0,8,7" hai1="60,126,88,105,86,19,11,32,51,1,93,80,77" hai2="10,41,61,12,39,74,25,107,76,117,109,118,62" hai3="45,119,66,110,114,65,128,111,23,2,108,29,55"/><U50/><E105/><V129/><F107/><W78/><G114/><T35/><D73/><U112/><E112/><V133/><F39/><W24/><G2/><T34/><D87/><U130/><E32/><V99/><F74/><W132/><G132/><T17/><REACH who="0" step="1"/><D134/><REACH who="0" ten="230,255,240,255" step="2"/><U43/><E126/><V97/><F133/><W4/><G111/><T85/><D85/><U94/><E130/><V37/><F109/><W6/><G128/><T103/><D103/><U18/><E77/><V91/><F76/><W71/><G78/><T14/><D14/><N who="1" m="7519" /><E1/><V113/><F129/><W49/><G110/><T47/><D47/><N who="1" m="25983" /><E60/><V48/><F62/><W57/><G108/><T92/><D92/><U70/><E70/><V15/><F61/><W96/><G71/><T3/><D3/><U106/><E106/><V75/><F113/><W13/><G45/><T127/><D127/><U58/><E93/><V89/><F75/><W64/><G119/><T121/><D121/><U123/><E123/><V79/><F79/><W40/><G13/><T9/><D9/><U82/><E19/><V135/><F135/><W90/><G40/><T42/><D42/><U67/><E67/><V31/><F41/><W72/><G72/><T81/><D81/><U21/><E82/><V63/><F117/><W52/><G55/><T116/><D116/><U38/><E80/><V124/><F118/><W5/><G66/><T20/><D20/><U83/><E83/><V131/><F124/><W122/><G122/><T102/><D102/><U69/><E94/><AGARI ba="1,2" hai="4,5,6,23,24,29,49,52,57,64,65,90,94,96" machi="94" ten="40,5200,0" yaku="8,1,52,1,54,1" doraHai="84" who="3" fromWho="1" sc="230,0,255,-55,240,0,255,75" /><INIT seed="2,0,0,5,0,95" ten="230,200,240,330" oya="2" hai0="47,54,129,121,5,12,61,119,116,7,81,67,114" hai1="46,45,84,65,51,22,93,134,38,128,71,90,36" hai2="27,86,98,21,120,3,28,33,89,10,52,74,64" hai3="85,29,37,53,56,99,100,122,62,39,104,109,78"/><V1/><F120/><W83/><G122/><T87/><D121/><U75/><E75/><V26/><F74/><W125/><G109/><T13/><D114/><U91/><E128/><V103/><F64/><W24/><REACH who="3" step="1"/><G125/><REACH who="3" ten="230,200,240,320" step="2"/><T132/><D129/><U32/><E36/><V79/><F3/><W6/><G6/><T101/><D7/><U88/><E38/><V18/><F1/><W4/><G4/><T72/><D5/><U118/><E118/><V15/><F79/><W25/><G25/><T102/><D119/><U30/><E134/><V14/><F27/><W77/><G77/><T82/><D132/><U43/><E32/><AGARI ba="0,1" hai="24,29,32,37,39,53,56,62,78,83,85,99,100,104" machi="32" ten="30,3900,0" yaku="1,1,7,1,52,1,53,0" doraHai="95" doraHaiUra="40" who="3" fromWho="1" sc="230,0,200,-39,240,0,320,49" /><INIT seed="3,0,0,2,4,111" ten="230,161,240,369" oya="3" hai0="36,102,41,132,104,67,124,70,97,7,109,45,29" hai1="98,101,61,18,113,116,19,135,72,96,114,31,10" hai2="73,76,9,88,14,110,50,11,99,16,2,0,80" hai3="108,103,122,89,87,64,42,52,44,120,47,112,37"/><W1/><G112/><T20/><D109/><U78/><E116/><V128/><F110/><W13/><G108/><T24/><D132/><U119/><E119/><V33/><F33/><W84/><G1/><T22/><D7/><U107/><E135/><V126/><F126/><W62/><G103/><T134/><D134/><U69/><E31/><V6/><F128/><W4/><G52/><T3/><D3/><U15/><E96/><V75/><F75/><W27/><G47/><T74/><D74/><U125/><E125/><V115/><F115/><W34/><G13/><T43/><D43/><U8/><E8/><V60/><F60/><W59/><G4/><T79/><D79/><U25/><E69/><V83/><F50/><W81/><G87/><T68/><D124/><U21/><REACH who="1" step="1"/><E61/><REACH who="1" ten="230,151,240,369" step="2"/><V48/><F11/><W26/><G62/><N who="0" m="40055" /><D70/><U71/><E71/><V117/><F99/><W93/><G120/><T28/><D28/><U12/><E12/><V90/><F2/><W35/><G122/><T23/><D23/><U82/><AGARI ba="0,1" hai="10,15,18,19,21,25,72,78,82,98,101,107,113,114" machi="82" ten="30,8000,1" yaku="1,1,0,1,52,2,53,1" doraHai="111" doraHaiUra="5" who="1" fromWho="1" sc="230,-20,151,90,240,-20,369,-40" owari="210,-29.0,241,4.1,220,-18.0,329,42.9" /></mjloggm>