<mjloggm ver="2.3"><GO type="169" lobby="0"/><UN n0="%42%65%6E%63%68%69%6E%67" n1="%E3%81%97%E3%82%82%E3%82%93%E3%81%AC" n2="%E3%80%90%E3%83%A1%E3%82%BF%E3%83%A9%E3%83%BC%E3%80%91" n3="%E8%B5%A4%E7%BE%8E%E6%BF%83%E3%81%BE%E3%81%90%E3%82%8D" dan="16,16,17,17" rate="2092.10,2164.52,2129.78,2207.06" sx="M,M,M,M"/><TAIKYOKU oya="0"/><INIT seed="0,0,0,0,1,33" ten="250,250,250,250" oya="0" hai0="120,54,116,102,36,90,112,69,86,101,41,122,21" hai1="110,49,77,61,45,127,115,38,26,55,109,25,131" hai2="67,35,34,24,53,16,80,57,62,83,11,10,103" hai3="121,99,14,123,119,37,98,51,84,94,66,68,72"/><T96/><D69/><U104/><E104/><V60/><F103/><W46/><G72/><T4/><D116/><U71/><E77/><V82/><F11/><W100/><G119/><T75/><D112/><U108/><E115/><V27/><F27/><W135/><G37/><T126/><D126/><U63/><E127/><V5/><F24/><W56/><G68/><T2/><D75/><U87/><E87/><V118/><F118/><W59/><G135/><T88/><D21/><U97/><E97/><V85/><F85/><W30/><G30/><T28/><D28/><U15/><E131/><V48/><F62/><W47/><G84/><T105/><D54/><U1/><E1/><V32/><F16/><W9/><G66/><T74/><D74/><U52/><E15/><V114/><F114/><W134/><G134/><T39/><D41/><N who="1" m="22711" /><E25/><V23/><F23/><W111/><G9/><T0/><D4/><U20/><E71/><V7/><REACH who="2" step="1"/><F10/><REACH who="2" ten="250,250,240,250" step="2"/><W29/><G100/><T128/><D86/><U70/><E26/><V95/><F95/><W106/><G94/><T43/><D43/><U64/><E20/><V40/><F40/><W79/><G29/><T125/><D125/><U13/><E61/><V117/><F117/><W113/><G113/><T73/><D73/><U130/><E130/><V22/><F22/><W92/><G92/><T58/><D105/><U3/><E63/><V78/><F78/><W17/><G106/><T31/><D128/><U76/><E76/><V81/><N who="2" m="20480" /><DORA hai="133" /><V8/><F8/><W6/><G79/><T129/><D129/><U44/><E109/><RYUUKYOKU ba="0,1" sc="250,-10,250,-10,240,30,250,-10" hai2="5,7,32,34,35,48,53,57,60,67" /><INIT seed="1,1,1,1,1,11" ten="240,240,270,240" oya="1" hai0="2,33,56,120,52,84,53,130,48,40,104,66,19" hai1="86,93,105,63,87,122,111,80,37,21,129,17,106" hai2="29,24,83,107,68,10,61,65,35,92,91,89,13" hai3="4,60,31,49,12,18,79,88,26,125,36,43,67"/><U102/><E37/><V99/><F83/><W8/><G79/><T114/><D33/><U1/><E122/><V22/><F22/><W23/><G125/><T30/><D2/><U39/><E39/><V112/><F112/><W109/><G36/><T103/><D114/><U100/><E1/><V108/><F108/><W44/><G109/><T82/><D130/><U6/><E6/><V54/><F54/><W85/><G60/><N who="0" m="38151" /><D104/><N who="1" m="40043" /><E63/><V98/><F98/><W121/><G121/><T81/><D30/><U41/><E41/><V119/><F119/><W38/><G67/><T78/><D103/><N who="1" m="39467" /><E17/><V132/><F132/><W73/><G73/><T124/><D124/><U123/><E21/><V46/><F46/><W50/><REACH who="3" step="1"/><G31/><REACH who="3" ten="240,240,270,230" step="2"/><T45/><D120/><U126/><E123/><V131/><F131/><W128/><G128/><T64/><D64/><U72/><E129/><V118/><F65/><W74/><G74/><T117/><D117/><U25/><E126/><V7/><F61/><W14/><G14/><T115/><D115/><U90/><E111/><V95/><F118/><W69/><G69/><T135/><D135/><U51/><E25/><V28/><F68/><W5/><G5/><T96/><D78/><N who="1" m="44103" /><E51/><V55/><F29/><W42/><G42/><T116/><D116/><U58/><E58/><V47/><F28/><W133/><G133/><T101/><D40/><U15/><E15/><V70/><F13/><W0/><G0/><T75/><D48/><U71/><E71/><V127/><F70/><W94/><AGARI ba="1,2" hai="4,8,12,18,23,26,38,43,44,49,50,85,88,94" machi="94" ten="20,8000,1" yaku="1,1,0,1,7,1,52,1,54,1,53,0" doraHai="11" doraHaiUra="59" who="3" fromWho="3" sc="240,-21,240,-41,270,-21,230,103" /><INIT seed="2,0,0,3,3,105" ten="219,199,249,333" oya="2" hai0="87,134,37,90,52,22,67,82,27,72,131,18,123" hai1="17,106,48,20,12,122,92,11,0,1,118,126,39" hai2="114,26,78,75,93,2,14,80,15,85,68,66,116" hai3="8,110,99,84,23,124,10,121,24,56,43,119,108"/><V100/><F114/><W4/><G119/><T88/><D123/><U112/><E106/><V35/><F116/><W45/><G121/><T113/><D113/><U42/><E122/><V21/><F2/><W70/><G70/><T32/><D134/><U50/><E118/><V135/><F135/><W62/><G124/><T28/><D131/><U71/><E71/><V58/><F35/><W53/><G84/><T31/><D37/><U83/><E112/><V128/><F68/><W51/><G99/><T73/><D67/><U96/><E126/><V63/><F128/><W7/><G7/><T49/><D90/><U107/><E107/><V129/><F129/><W47/><G47/><T132/><D132/><U69/><E69/><V55/><F55/><W104/><G104/><T54/><D54/><U44/><E83/><V77/><F77/><W46/><G46/><T102/><D102/><U61/><E61/><V133/><F133/><W130/><G130/><T60/><D60/><U97/><E97/><V19/><F100/><W79/><G79/><T103/><D103/><U74/><E74/><V29/><REACH who="2" step="1"/><F29/><REACH who="2" ten="219,199,239,333" step="2"/><N who="3" m="17567" /><G53/><T98/><D31/><U34/><E34/><V3/><F3/><W33/><G33/><T16/><D32/><U40/><E0/><V76/><F76/><W127/><G127/><T30/><D28/><U81/><E1/><V64/><F64/><W120/><G120/><T101/><D30/><U111/><E40/><V117/><F117/><W41/><G41/><T109/><D52/><U9/><E42/><V86/><F86/><W13/><G43/><T59/><D87/><RYUUKYOKU ba="0,1" sc="219,-10,199,-10,239,30,333,-10" hai2="14,15,19,21,26,58,63,66,75,78,80,85,93" /><INIT seed="2,1,1,1,0,0" ten="209,189,269,323" oya="2" hai0="92,100,33,39,51,57,50,54,108,129,96,94,120" hai1="122,12,116,22,7,126,13,105,98,78,131,11,95" hai2="89,44,119,101,69,76,71,28,36,112,41,68,27" hai3="70,63,2,45,42,73,25,49,62,118,31,32,130"/><V6/><F112/><W104/><G118/><T123/><D108/><U47/><E116/><V103/><F119/><W77/><G130/><T26/><D129/><U37/><E131/><V29/><F76/><W8/><G70/><T48/><D39/><U88/><E126/><V18/><F89/><W121/><G104/><T64/><D64/><U93/><E122/><V20/><REACH who="2" step="1"/><F6/><REACH who="2" ten="209,189,259,323" step="2"/><W106/><G77/><T135/><D123/><U5/><E78/><V61/><F61/><W16/><G63/><T19/><D120/><U84/><E105/><V80/><F80/><W53/><G62/><T65/><D92/><U23/><E37/><V109/><F109/><W9/><G106/><T86/><D94/><U90/><E47/><V72/><F72/><W124/><G73/><T87/><D100/><AGARI ba="1,2" hai="18,20,27,28,29,36,41,44,68,69,71,100,101,103" machi="100" ten="40,2000,0" yaku="1,1,53,0" doraHai="0" doraHaiUra="81" who="2" fromWho="0" sc="209,-23,189,0,259,43,323,0" /><INIT seed="2,2,0,2,1,23" ten="186,189,302,323" oya="2" hai0="18,35,126,95,64,127,31,9,99,48,76,41,5" hai1="112,121,103,72,109,51,80,54,6,8,102,57,68" hai2="11,14,119,7,15,65,106,84,70,39,100,36,132" hai3="75,117,67,28,66,131,4,133,82,91,105,42,13"/><V62/><F119/><W29/><G105/><T26/><D76/><U32/><E112/><V129/><F129/><W113/><G117/><T81/><D81/><U55/><E68/><V52/><F132/><W111/><G42/><T47/><D64/><U97/><E109/><V86/><F86/><W49/><G49/><T92/><D18/><U25/><E121/><V33/><F33/><W90/><G82/><T108/><D108/><U93/><E72/><V107/><F107/><W21/><G4/><T96/><D96/><U128/><E80/><V101/><F101/><W10/><G75/><T85/><D85/><U73/><E73/><V115/><F115/><W37/><G37/><T118/><D118/><U0/><E55/><V61/><F84/><W38/><G38/><T43/><D43/><U2/><E2/><V78/><F78/><W40/><G40/><T135/><D135/><U30/><REACH who="1" step="1"/><E128/><REACH who="1" ten="186,179,302,323" step="2"/><V123/><F123/><W104/><G131/><T134/><D134/><U22/><E22/><V87/><F52/><W94/><G21/><T125/><REACH who="0" step="1"/><D99/><REACH who="0" ten="176,179,302,323" step="2"/><U74/><E74/><V19/><F70/><W63/><G133/><T12/><AGARI ba="2,2" hai="5,9,12,26,31,35,41,47,48,92,95,125,126,127" machi="12" ten="30,8000,1" yaku="1,1,2,1,0,1,18,1,52,1,53,0" doraHai="23" doraHaiUra="116" who="0" fromWho="0" sc="176,106,179,-22,302,-42,323,-22" /><INIT seed="3,0,0,1,5,104" ten="282,157,260,301" oya="3" hai0="87,17,111,100,110,67,5,115,85,109,82,83,76" hai1="52,62,99,43,45,118,127,130,73,44,21,9,3" hai2="106,84,74,89,10,79,24,51,27,70,81,48,41" hai3="0,63,129,54,125,132,65,133,135,105,55,88,131"/><W58/><G105/><T49/><D5/><U95/><E130/><N who="3" m="49674" /><G0/><T101/><D67/><U39/><E127/><V123/><F70/><W134/><N who="3" m="33792" /><DORA hai="80" /><W91/><G125/><T29/><D29/><U32/><E32/><V50/><F41/><W18/><G18/><T102/><D115/><U68/><E118/><V98/><F123/><W19/><G19/><T126/><D126/><U1/><E73/><V77/><F10/><W116/><G116/><T96/><D49/><U36/><E21/><V22/><F79/><W78/><G78/><N who="0" m="46295" /><D17/><U59/><E68/><V121/><F121/><W112/><G112/><T128/><D128/><U72/><E72/><V2/><F2/><W53/><AGARI ba="0,0" hai="53,54,55,58,63,65,88,91" m="33792,49674" machi="53" ten="70,12000,1" yaku="19,1,20,1,54,1" doraHai="104,80" who="3" fromWho="3" sc="282,-40,157,-40,260,-40,301,120" /><INIT seed="3,1,0,3,2,6" ten="242,117,220,421" oya="3" hai0="12,119,52,122,130,101,109,65,49,96,62,89,47" hai1="31,126,106,104,125,54,22,103,134,115,20,131,121" hai2="75,81,107,10,33,34,76,28,112,5,77,61,43" hai3="36,58,7,8,41,132,98,66,73,71,60,45,102"/><W56/><G132/><T118/><D122/><U16/><E121/><V46/><F112/><W32/><G32/><T25/><D130/><U69/><E69/><V113/><F113/><W97/><G73/><T63/><D109/><U87/><E115/><V2/><F77/><W108/><G108/><T128/><D128/><U17/><E131/><V95/><F95/><W59/><REACH who="3" step="1"/><G102/><REACH who="3" ten="242,117,220,411" step="2"/><T133/><D133/><U4/><E134/><V14/><F34/><W79/><G79/><T27/><D101/><U92/><E103/><V64/><F33/><W39/><G39/><T93/><D119/><U48/><E125/><V21/><F76/><W99/><G99/><T88/><D118/><U55/><E126/><V50/><F75/><W117/><G117/><T13/><D89/><U38/><E38/><V19/><F107/><W42/><G42/><T30/><D96/><U44/><E104/><V111/><F111/><W23/><G23/><T91/><D91/><U129/><E106/><V135/><F135/><W90/><G90/><T74/><D74/><U18/><E129/><V78/><F78/><W80/><G80/><T3/><D88/><N who="1" m="53279" /><E20/><V24/><F81/><W11/><G11/><T127/><D127/><U124/><E124/><V51/><F43/><W120/><G120/><T35/><D35/><U0/><E22/><V70/><F21/><W105/><G105/><T15/><D93/><U114/><E114/><V123/><F10/><W40/><G40/><T85/><D85/><U72/><E72/><V29/><F123/><W1/><AGARI ba="1,1" hai="1,7,8,36,41,45,56,58,59,60,66,71,97,98" machi="1" ten="30,11700,0" yaku="1,1,0,1,52,1,53,1" doraHai="6" doraHaiUra="57" who="3" fromWho="3" sc="242,-40,117,-40,220,-40,411,130" /><INIT seed="3,2,0,1,1,95" ten="202,77,180,541" oya="3" hai0="112,82,107,41,81,114,33,104,58,42,90,52,75" hai1="38,98,62,45,65,13,109,113,63,99,47,67,106" hai2="74,97,85,122,86,84,127,132,116,26,87,29,125" hai3="53,71,91,134,94,108,7,51,36,23,0,70,60"/><W16/><G36/><T121/><D33/><U10/><E113/><N who="0" m="43625" /><D121/><U117/><E109/><V83/><F116/><W40/><G40/><N who="0" m="15467" /><D90/><U8/><E106/><N who="0" m="40489" /><D75/><U88/><E38/><V6/><F122/><W12/><G108/><T1/><D1/><U105/><E105/><V15/><F74/><W49/><G134/><T25/><D25/><U135/><E135/><V128/><F132/><W124/><G124/><T120/><D120/><U102/><E117/><V46/><F46/><W4/><G0/><T28/><D28/><U77/><E88/><V17/><F26/><W35/><G35/><T30/><D30/><U78/><REACH who="1" step="1"/><E13/><REACH who="1" ten="202,67,180,541" step="2"/><V34/><F15/><W93/><G91/><T9/><D9/><U3/><E3/><V37/><F37/><W72/><G94/><T130/><D130/><U14/><E14/><V2/><F128/><W31/><G93/><T73/><D73/><U119/><E119/><V123/><F2/><W111/><G72/><T56/><D81/><U50/><E50/><V21/><F83/><W5/><G51/><T103/><D82/><U110/><E110/><V129/><F123/><W59/><G111/><T44/><D103/><AGARI ba="2,1" hai="8,10,45,47,62,63,65,67,77,78,98,99,102,103" machi="103" ten="25,12000,2" yaku="1,1,22,2,8,1,52,2,53,0" doraHai="95" doraHaiUra="126" who="1" fromWho="0" sc="202,-126,67,136,180,0,541,0" /><INIT seed="4,0,0,2,4,12" ten="76,203,180,541" oya="0" hai0="75,59,103,18,81,135,14,33,113,131,9,78,82" hai1="24,116,127,112,48,22,7,68,25,41,125,38,106" hai2="86,17,122,69,74,43,3,92,35,61,72,56,44" hai3="85,119,62,60,100,101,93,110,115,128,49,109,95"/><T121/><D121/><U51/><E116/><V29/><F122/><W123/><G49/><T111/><D113/><U94/><E106/><V19/><F3/><W134/><G85/><T84/><D131/><U108/><E108/><V31/><F69/><W46/><G123/><T1/><D135/><U97/><E68/><V55/><F74/><W47/><G115/><T21/><D111/><U118/><E118/><V76/><F72/><W23/><G23/><T42/><D33/><U30/><E112/><V90/><F76/><W87/><G87/><T36/><D103/><U65/><E65/><V10/><F10/><W132/><G119/><T57/><D36/><U129/><E7/><V120/><F120/><W124/><G124/><N who="1" m="47690" /><E24/><V70/><F70/><W64/><G64/><T28/><D42/><U107/><E107/><V26/><REACH who="2" step="1"/><F31/><REACH who="2" ten="76,203,170,541" step="2"/><W80/><G128/><T39/><D39/><AGARI ba="0,1" hai="17,19,26,29,35,39,43,44,55,56,61,86,90,92" machi="39" ten="30,12000,2" yaku="1,1,2,1,7,1,52,2,53,1" doraHai="12" doraHaiUra="58" who="2" fromWho="0" sc="76,-120,203,0,170,130,541,0" owari="-44,-54.4,203,-19.7,300,10.0,541,64.1" /></mjloggm>