<mjloggm ver="2.3"><GO type="169" lobby="0"/><UN n0="%E3%81%BE%E3%81%A8%E3%81%9F" n1="%E3%82%88%E3%81%B4" n2="%E5%85%A8%E9%80%9F%E3%82%86%E3%83%BC%E3%81%B8%E3%81%84" n3="%E3%81%9F%E3%81%8F%E3%81%9E%E3%81%85" dan="16,17,18,16" rate="2081.75,2129.87,2185.16,2124.90" sx="M,M,M,M"/><TAIKYOKU oya="0"/><INIT seed="0,0,0,1,4,70" ten="250,250,250,250" oya="0" hai0="42,0,71,119,29,78,73,88,123,39,38,14,99" hai1="4,33,124,53,110,46,93,84,126,24,49,43,80" hai2="44,37,19,132,45,35,109,31,104,82,55,112,28" hai3="86,97,114,67,68,69,96,41,60,2,5,13,54"/><T130/><D119/><U85/><E110/><V94/><F104/><W32/><G114/><T61/><D0/><U120/><E120/><V127/><F112/><W21/><G32/><T133/><D123/><U23/><E33/><V117/><F109/><W116/><G68/><T59/><D71/><U83/><E4/><V1/><F1/><W20/><G41/><T111/><D42/><U81/><E53/><V125/><F94/><W11/><G116/><T79/><D111/><U48/><E48/><V129/><F35/><W17/><G54/><T122/><D122/><U40/><E40/><V12/><F132/><W36/><G36/><T62/><D133/><U52/><E43/><V8/><F37/><W57/><G69/><T98/><D73/><U128/><E128/><V103/><F103/><W16/><REACH who="3" step="1"/><G86/><REACH who="3" ten="250,250,250,240" step="2"/><T26/><D130/><U3/><E85/><V95/><F129/><W101/><G101/><T118/><D39/><U9/><E124/><V15/><F55/><W51/><G51/><T121/><D118/><U30/><E126/><V91/><F117/><W65/><G65/><T47/><D121/><U58/><E58/><V87/><F127/><W108/><G108/><T106/><D59/><U102/><E102/><V18/><F125/><W64/><G64/><T66/><D66/><U10/><E3/><V25/><F45/><W77/><G77/><T92/><D47/><U56/><E56/><V89/><F44/><W22/><G22/><N who="0" m="15575" /><D38/><U76/><E76/><V34/><F34/><W6/><G6/><T27/><D78/><U100/><E100/><V72/><F87/><RYUUKYOKU ba="0,1" sc="250,-15,250,15,250,-15,240,15" hai1="9,10,23,24,30,46,49,52,80,81,83,84,93" hai3="2,5,11,13,16,17,20,21,57,60,67,96,97" /><INIT seed="1,1,1,3,3,4" ten="235,265,235,255" oya="1" hai0="78,112,52,85,0,14,25,33,39,133,54,128,1" hai1="38,23,9,15,127,60,70,123,48,7,47,97,27" hai2="84,126,69,57,58,111,18,89,17,132,86,91,79" hai3="12,113,125,102,68,11,49,81,2,16,63,34,115"/><U92/><E38/><V44/><F69/><W65/><G34/><T100/><D39/><U73/><E73/><V20/><F111/><W59/><G125/><T6/><D112/><U72/><E72/><V101/><F101/><W118/><G118/><T45/><D100/><U110/><E127/><V42/><F126/><W124/><G124/><T83/><D128/><U75/><E75/><V37/><F79/><W53/><G102/><T30/><D133/><U22/><E123/><V93/><F132/><W95/><G2/><T77/><D77/><U8/><E60/><V71/><F71/><W51/><G95/><T74/><D74/><U94/><E70/><V55/><F55/><W116/><G116/><T64/><D64/><U130/><E130/><V26/><REACH who="2" step="1"/><F17/><REACH who="2" ten="235,265,225,255" step="2"/><W107/><G107/><T21/><D54/><U31/><E110/><V36/><F36/><W122/><G122/><T43/><D43/><U80/><E97/><V109/><F109/><W62/><G115/><T29/><D29/><U5/><E80/><AGARI ba="1,2" hai="18,20,26,37,42,44,57,58,80,84,86,89,91,93" machi="80" ten="30,2000,0" yaku="1,1,7,1,53,0" doraHai="4" doraHaiUra="104" who="2" fromWho="1" sc="235,0,265,-23,225,43,255,0" /><INIT seed="2,0,0,1,4,55" ten="235,242,268,255" oya="2" hai0="81,74,109,85,41,83,37,69,48,66,19,31,23" hai1="110,134,70,13,49,18,108,21,54,45,10,50,116" hai2="34,57,107,94,100,78,120,79,61,102,1,132,11" hai3="62,131,32,42,46,129,121,118,91,105,95,124,9"/><V40/><F120/><W64/><G121/><T76/><D37/><U44/><E70/><V103/><F34/><W17/><G32/><T72/><D31/><U127/><E116/><V2/><F107/><W59/><G105/><T39/><D39/><U51/><E127/><V73/><F40/><W111/><G118/><T113/><D113/><U36/><E134/><V15/><F132/><W98/><G111/><T125/><D125/><U77/><E77/><V104/><F104/><W97/><G97/><T93/><D93/><U29/><E36/><V119/><F119/><W122/><G122/><T130/><D109/><N who="1" m="42091" /><E45/><V12/><F12/><W115/><G124/><T38/><D83/><U92/><E92/><V106/><F106/><W52/><G115/><T87/><D48/><U30/><E30/><V47/><F47/><W88/><G91/><T86/><D41/><U99/><E99/><N who="2" m="59511" /><F1/><W27/><G42/><T71/><D38/><U28/><E28/><V63/><F63/><W56/><G46/><T16/><D72/><U24/><AGARI ba="0,0" hai="10,13,18,21,24,29,44,49,50,51,54" m="42091" machi="24" ten="30,1100,0" yaku="14,1" doraHai="55" who="1" fromWho="1" sc="235,-3,242,11,268,-5,255,-3" /><INIT seed="3,0,0,2,3,46" ten="232,253,263,252" oya="3" hai0="13,90,95,87,89,54,74,51,93,118,102,37,132" hai1="120,84,61,55,129,98,117,30,113,27,105,115,20" hai2="96,50,130,128,32,126,135,31,99,80,103,19,5" hai3="45,86,83,33,73,72,104,78,109,16,6,66,25"/><W24/><G104/><T39/><D118/><U12/><E120/><V15/><F5/><W76/><G6/><T121/><D121/><U108/><E108/><V127/><F80/><W77/><G109/><T85/><D132/><U91/><E129/><N who="2" m="49771" /><F32/><W38/><G66/><T97/><D74/><U79/><E79/><V41/><F31/><W57/><G57/><T107/><REACH who="0" step="1"/><D13/><REACH who="0" ten="222,253,263,252" step="2"/><U49/><E12/><V22/><F135/><W10/><G73/><T116/><D116/><U59/><E117/><V71/><F127/><W4/><G72/><T63/><D63/><U67/><E113/><V75/><F75/><W60/><G60/><T133/><D133/><U17/><E115/><V88/><F126/><W42/><G33/><T94/><D94/><U26/><E105/><V29/><F71/><W56/><G25/><T65/><D65/><U48/><E67/><V114/><F114/><W64/><G64/><T124/><D124/><U69/><E69/><V40/><F29/><W112/><G112/><T131/><D131/><U47/><E27/><V34/><F34/><W122/><G122/><T92/><D92/><U125/><E30/><V100/><F15/><W111/><G111/><T14/><D14/><U82/><E125/><V0/><F22/><N who="3" m="13383" /><G10/><T11/><D11/><U18/><E18/><V119/><F19/><W2/><G4/><T53/><D53/><N who="1" m="29855" /><E61/><V101/><F119/><W52/><G2/><T123/><D123/><U106/><E106/><N who="2" m="63751" /><F0/><W81/><G81/><T8/><D8/><U3/><E3/><V21/><F21/><W70/><G70/><T134/><D134/><RYUUKYOKU ba="0,1" sc="222,10,253,10,263,-30,252,10" hai0="37,39,51,54,85,87,89,90,93,95,97,102,107" hai1="17,20,26,49,55,59,82,84,91,98" hai3="38,42,45,52,56,76,77,78,83,86" /><INIT seed="3,1,1,3,5,102" ten="232,263,233,262" oya="3" hai0="29,42,39,33,118,41,7,56,121,19,11,110,32" hai1="129,131,12,38,108,117,37,126,59,80,105,0,73" hai2="25,43,24,68,5,134,77,47,28,49,71,67,27" hai3="60,64,21,75,99,130,135,123,35,114,69,87,31"/><W85/><G123/><T119/><D121/><U15/><E0/><V13/><F134/><W104/><G114/><T34/><D29/><U40/><E108/><V26/><F67/><W82/><G135/><T72/><D110/><U8/><E59/><V92/><F92/><W9/><G21/><T30/><D30/><U120/><E126/><V55/><F77/><N who="3" m="44351" /><G9/><T93/><D72/><U57/><E80/><V125/><F125/><W51/><G51/><T101/><D19/><U16/><E73/><V127/><F127/><W1/><G1/><T62/><D93/><U48/><E117/><V98/><F98/><W18/><G18/><T79/><D79/><U14/><E14/><V44/><F13/><W66/><G66/><T128/><D101/><U17/><E57/><V52/><F5/><W103/><G130/><T63/><D128/><U97/><E48/><V20/><REACH who="2" step="1"/><F55/><REACH who="2" ten="232,263,223,262" step="2"/><W65/><G65/><T106/><D7/><U74/><E120/><V22/><F22/><W50/><G50/><AGARI ba="1,2" hai="20,24,25,26,27,28,43,44,47,49,50,52,68,71" machi="50" ten="40,2600,0" yaku="1,1,54,1,53,0" doraHai="102" doraHaiUra="3" who="2" fromWho="3" sc="232,0,263,0,223,49,262,-29" /><INIT seed="4,0,0,4,3,125" ten="232,263,272,233" oya="0" hai0="107,82,37,56,72,97,131,36,6,122,40,120,29" hai1="16,55,75,30,129,52,68,38,83,62,93,117,69" hai2="108,71,28,84,74,51,22,79,116,49,27,18,102" hai3="25,41,80,118,23,66,73,54,101,3,2,31,135"/><T26/><D6/><U133/><E38/><N who="0" m="14953" /><D56/><U96/><E30/><V8/><F108/><W32/><G41/><T1/><D40/><U78/><E133/><V124/><F124/><W92/><G135/><T5/><D26/><U95/><E95/><V112/><F71/><W115/><G115/><T121/><D29/><U81/><E81/><N who="2" m="47167" /><F74/><W58/><G118/><T39/><N who="0" m="14961" /><T42/><DORA hai="65" /><D42/><U77/><E83/><V21/><F112/><W119/><G119/><T63/><D63/><U130/><E93/><V59/><F116/><W104/><G104/><T4/><D4/><U98/><E117/><V7/><F102/><W134/><G32/><T17/><D17/><U113/><E113/><V48/><F8/><W61/><G134/><T9/><D72/><U53/><E53/><N who="2" m="32167" /><F7/><W87/><G54/><T109/><D109/><U43/><E43/><V88/><F88/><N who="3" m="51303" /><G73/><T45/><D82/><U132/><E75/><V103/><F103/><W123/><G123/><T15/><D1/><U46/><E132/><V60/><F60/><W94/><G94/><T12/><D107/><U89/><E62/><V19/><F28/><W64/><G64/><T90/><D97/><AGARI ba="0,0" hai="2,3,23,25,31,58,61,66,92,97,101" m="51303" machi="97" ten="30,2000,0" yaku="25,1,54,1" doraHai="125,65" who="3" fromWho="0" sc="232,-20,263,0,272,0,233,20" /><INIT seed="5,0,0,5,1,6" ten="212,263,272,253" oya="1" hai0="120,78,9,41,49,101,132,22,37,93,57,45,80" hai1="125,20,5,70,79,87,130,97,126,86,105,12,100" hai2="127,34,71,17,104,84,106,108,129,94,35,69,28" hai3="90,14,111,116,124,31,16,29,115,62,56,30,13"/><U109/><E70/><N who="2" m="26635" /><F28/><W27/><G111/><T123/><D132/><U89/><E20/><V134/><F108/><W42/><G124/><N who="1" m="47722" /><E12/><V60/><F127/><W64/><G115/><T77/><D22/><U59/><E59/><V15/><F60/><W72/><G72/><T24/><D24/><U113/><E5/><V32/><F94/><W51/><G116/><T73/><D78/><U7/><E7/><V131/><F84/><W95/><G42/><T99/><REACH who="0" step="1"/><D9/><REACH who="0" ten="202,263,272,253" step="2"/><U47/><E109/><V8/><F134/><W0/><G27/><T92/><D92/><U114/><E114/><V18/><F18/><W38/><G16/><T118/><D118/><U122/><E113/><V11/><F8/><W133/><G133/><T36/><D36/><U1/><E79/><V128/><AGARI ba="0,1" hai="11,15,17,32,34,35,104,106,128,129,131" m="26635" machi="128" ten="50,3200,0" yaku="19,1,52,1" doraHai="6" who="2" fromWho="2" sc="202,-8,263,-16,272,42,253,-8" /><INIT seed="6,0,0,0,3,55" ten="194,247,314,245" oya="2" hai0="99,114,118,9,73,14,19,34,98,27,8,79,124" hai1="96,6,82,78,30,38,75,103,47,115,125,61,128" hai2="131,51,63,91,43,119,16,86,117,5,45,48,41" hai3="53,17,25,62,44,39,123,36,26,23,97,67,1"/><V110/><F131/><W49/><G123/><T134/><D114/><U24/><E115/><V77/><F5/><W102/><G1/><T0/><D79/><U52/><E125/><V28/><F28/><W104/><REACH who="3" step="1"/><G26/><REACH who="3" ten="194,247,314,235" step="2"/><T71/><D0/><U76/><E24/><V57/><F119/><W121/><G121/><T21/><D118/><U42/><E128/><V65/><F117/><W116/><G116/><T92/><D27/><U108/><E108/><V94/><F110/><W50/><G50/><N who="2" m="18985" /><F45/><W13/><G13/><T101/><D14/><U127/><E47/><V64/><F43/><W2/><G2/><T132/><D124/><U107/><E42/><V66/><F41/><W129/><G129/><T32/><D134/><U109/><E109/><V4/><F4/><W11/><G11/><T93/><D132/><U72/><E6/><V29/><F29/><W74/><G74/><T58/><D73/><U89/><E30/><V105/><F16/><W90/><G90/><T84/><D9/><U80/><E127/><V3/><F3/><W35/><G35/><T12/><D8/><U111/><E111/><V113/><F113/><W59/><AGARI ba="0,1" hai="17,23,25,36,39,44,49,53,59,62,67,97,102,104" machi="59" ten="20,5200,0" yaku="1,1,0,1,7,1,52,1,53,0" doraHai="55" doraHaiUra="7" who="3" fromWho="3" sc="194,-13,247,-13,314,-26,235,62" /><INIT seed="7,0,0,1,4,8" ten="181,234,288,297" oya="3" hai0="0,26,30,54,103,96,86,91,82,66,51,112,113" hai1="45,73,79,11,71,34,106,18,102,17,131,53,37" hai2="87,89,25,19,124,36,15,39,76,40,28,44,125" hai3="57,111,24,121,115,74,109,99,55,95,80,118,43"/><W129/><G121/><T49/><D0/><U10/><E34/><N who="2" m="20751" /><F76/><N who="3" m="44055" /><G118/><T135/><D135/><U93/><E71/><V3/><F3/><W65/><G115/><N who="0" m="44107" /><D66/><U70/><E70/><V117/><F117/><W134/><G43/><T105/><D54/><U33/><E33/><AGARI ba="0,0" hai="26,30,33,49,51,82,86,91,96,103,105" m="44107" machi="33" ten="30,2000,0" yaku="15,1,11,1" doraHai="8" who="0" fromWho="1" sc="181,20,234,-20,288,0,297,0" /><INIT seed="8,0,0,1,4,124" ten="201,214,288,297" oya="0" hai0="29,49,35,113,131,33,72,57,44,71,45,28,116" hai1="68,5,10,106,73,84,36,105,88,51,104,132,60" hai2="77,30,78,129,12,97,126,79,70,43,21,130,11" hai3="99,37,134,91,58,86,24,80,111,123,59,62,120"/><T92/><D113/><U66/><E36/><V6/><F70/><W19/><G111/><T42/><D71/><U54/><E73/><V46/><F126/><W74/><G37/><T13/><D72/><U81/><E132/><V75/><F75/><W34/><G134/><T61/><D116/><U47/><REACH who="1" step="1"/><E105/><REACH who="1" ten="201,204,288,297" step="2"/><V89/><F130/><W2/><G74/><T114/><D131/><U69/><E69/><V3/><F129/><W128/><G128/><T52/><D114/><U109/><E109/><V95/><F3/><AGARI ba="0,1" hai="3,5,10,47,51,54,60,66,68,81,84,88,104,106" machi="3" ten="30,3900,0" yaku="1,1,7,1,54,1,53,0" doraHai="124" doraHaiUra="15" who="1" fromWho="2" sc="201,0,204,49,288,-39,297,0" /><INIT seed="9,0,0,5,2,48" ten="201,253,249,297" oya="1" hai0="133,12,119,69,129,99,46,74,5,58,81,26,67" hai1="64,36,68,7,126,116,47,113,0,131,61,130,87" hai2="82,1,51,45,59,25,76,111,108,28,122,102,72" hai3="8,91,107,70,11,79,73,78,4,93,2,92,63"/><U96/><E113/><V53/><F1/><W66/><G107/><T19/><D119/><U84/><E116/><V54/><F102/><W44/><G73/><T29/><D129/><N who="1" m="49163" /><E126/><V94/><F94/><W124/><G124/><T132/><D5/><U127/><E127/><V88/><F88/><W128/><G128/><T18/><D69/><U42/><E96/><V6/><F6/><W121/><G121/><T71/><D46/><U114/><E114/><V3/><F3/><W9/><G11/><AGARI ba="0,0" hai="0,7,11,36,42,47,61,64,68,84,87" m="49163" machi="11" ten="30,1500,0" yaku="19,1" doraHai="48" who="1" fromWho="3" sc="201,0,253,15,249,0,297,-15" /><INIT seed="9,1,0,0,4,88" ten="201,268,249,282" oya="1" hai0="127,8,90,94,92,42,105,124,75,107,49,100,109" hai1="62,16,128,1,110,40,131,36,69,66,39,81,115" hai2="80,7,71,55,17,116,27,111,96,130,54,31,68" hai3="77,20,51,14,113,70,38,19,106,4,9,65,13"/><U59/><E1/><V43/><F111/><W99/><G113/><T119/><D109/><U53/><E110/><V28/><F7/><W102/><G38/><T76/><D8/><U12/><E81/><V86/><F43/><W114/><G77/><T25/><D25/><U60/><E115/><V30/><F116/><W103/><G103/><T0/><D0/><U132/><E132/><V121/><F121/><W93/><G114/><T45/><D119/><U29/><E29/><V44/><F130/><N who="1" m="49705" /><E40/><V52/><F96/><W15/><G106/><N who="0" m="40459" /><D90/><U118/><E118/><V2/><F2/><W83/><G83/><N who="0" m="45471" /><D100/><U33/><E33/><V101/><F101/><W122/><G122/><T48/><D49/><U78/><E78/><N who="2" m="46359" /><F71/><W34/><G34/><T120/><D120/><U123/><E123/><V112/><F68/><W117/><G117/><T79/><D79/><U41/><E41/><V67/><F112/><W134/><G134/><T21/><D21/><AGARI ba="1,0" hai="12,16,21,36,39,53,59,60,62,66,69" m="49705" machi="21" ten="30,2900,0" yaku="19,1,54,1" doraHai="88" who="1" fromWho="0" sc="201,-32,268,32,249,0,282,0" owari="169,-33.1,300,40.0,249,-15.1,282,8.2" /></mjloggm>