<mjloggm ver="2.3"><GO type="169" lobby="0"/><UN n0="%E3%81%93%E3%81%AB" n1="%E3%81%A6%E3%82%93%E3%81%8F%E3%81%86" n2="%E7%B4%94%E6%BD%94%E3%83%94%E3%83%A9%E3%83%8B%E3%82%A2" n3="%E7%8F%BE%E5%A0%B4%E3%81%AD%E3%81%93" dan="16,16,16,16" rate="2140.59,2176.99,2201.05,2082.82" sx="M,M,M,M"/><TAIKYOKU oya="0"/><INIT seed="0,0,0,2,4,69" ten="250,250,250,250" oya="0" hai0="68,77,123,54,80,132,0,130,48,79,14,44,135" hai1="107,13,53,88,90,60,84,11,96,110,86,104,71" hai2="39,74,15,102,129,91,94,49,103,17,72,76,5" hai3="75,20,83,99,50,36,62,116,37,95,7,109,1"/><T33/><D0/><U92/><E110/><V82/><F72/><W108/><G116/><T8/><D33/><U125/><E125/><V61/><F5/><W58/><G50/><T51/><D123/><U112/><E112/><V32/><F32/><W70/><G70/><T121/><D121/><U105/><E71/><V133/><F129/><W12/><G1/><T2/><D2/><U52/><E60/><V119/><F61/><W38/><G83/><T65/><D130/><U118/><E118/><V106/><F133/><N who="0" m="51274" /><D68/><U41/><E41/><V67/><F67/><W117/><G75/><T78/><D65/><U63/><E63/><V56/><F106/><W111/><G117/><T21/><D21/><U35/><E96/><V26/><F26/><W122/><G122/><T18/><D51/><U124/><E124/><V89/><F89/><N who="3" m="55791" /><G20/><T126/><D126/><U6/><REACH who="1" step="1"/><E35/><REACH who="1" ten="250,240,250,250" step="2"/><V73/><F119/><W16/><G7/><T128/><D128/><U66/><E66/><V25/><F49/><W30/><G30/><T115/><D115/><U57/><E57/><V24/><F56/><W101/><G58/><T114/><D114/><U134/><E134/><V47/><F17/><W93/><G62/><T113/><D113/><U100/><E100/><V31/><F102/><W40/><G40/><T46/><D46/><U29/><E29/><V42/><F47/><W81/><G101/><T98/><D98/><U59/><E59/><V4/><F103/><W87/><G109/><T55/><D55/><U34/><E34/><V9/><F31/><W23/><G111/><T10/><D10/><RYUUKYOKU ba="0,1" sc="250,15,240,15,250,-15,250,-15" hai0="8,14,18,44,48,54,77,78,79,80" hai1="6,11,13,52,53,84,86,88,90,92,104,105,107" /><INIT seed="0,1,1,3,3,113" ten="265,255,235,235" oya="0" hai0="120,15,17,110,50,95,16,6,65,81,37,104,8" hai1="21,10,106,80,100,69,87,122,90,112,0,32,26" hai2="111,124,43,98,135,27,116,5,52,53,57,129,47" hai3="48,70,68,34,125,56,97,86,73,134,38,63,131"/><T84/><D104/><U55/><E122/><V72/><F72/><W60/><G73/><T118/><D37/><U79/><E112/><V13/><F111/><W28/><G28/><T46/><D120/><U42/><E69/><N who="3" m="26730" /><G34/><T126/><D126/><U19/><E42/><V14/><F124/><W3/><G3/><T78/><D110/><U49/><E32/><V103/><F135/><W128/><G97/><T71/><D118/><U29/><E106/><V91/><F116/><W1/><G1/><T22/><D71/><U67/><E67/><V25/><F91/><W121/><G121/><T59/><D22/><U119/><E100/><V30/><F53/><N who="3" m="31783" /><G86/><T9/><D9/><U123/><E123/><V88/><F129/><N who="3" m="49739" /><G125/><T109/><D109/><U66/><E0/><V75/><F75/><W92/><G92/><T83/><D83/><U89/><E119/><V115/><F115/><W23/><G23/><T40/><D95/><U2/><E2/><V36/><F5/><W101/><G101/><T7/><D7/><U108/><E108/><V93/><F103/><W35/><G35/><T64/><D64/><U85/><E66/><V130/><F130/><W133/><G38/><T105/><D105/><U54/><E49/><V99/><F99/><W62/><AGARI ba="1,1" hai="60,62,63,133,134" m="49739,31783,26730" machi="62" ten="40,5200,0" yaku="19,1,34,2" doraHai="113" who="3" fromWho="3" sc="265,-27,255,-14,235,-14,235,65" /><INIT seed="1,0,0,0,5,101" ten="238,241,221,300" oya="1" hai0="122,117,107,48,28,56,87,68,70,21,64,94,74" hai1="79,25,0,90,54,53,20,84,89,135,118,52,127" hai2="16,102,95,10,96,114,32,62,22,12,75,88,78" hai3="109,13,44,19,51,81,6,80,77,106,11,65,37"/><U86/><E135/><V59/><F32/><W131/><G109/><T105/><D117/><U14/><E127/><V4/><F114/><W71/><G131/><T108/><D74/><U39/><E0/><V18/><F75/><W42/><G71/><T36/><D36/><U112/><E112/><V128/><F128/><W116/><G65/><T111/><D122/><U92/><E39/><V8/><F78/><W61/><G61/><N who="0" m="39951" /><D70/><U76/><E14/><V33/><F33/><W110/><G110/><N who="0" m="42027" /><D28/><N who="1" m="17447" /><E118/><V133/><F133/><W99/><G116/><T73/><D73/><U40/><E40/><V31/><F8/><W129/><G129/><T47/><D56/><U85/><E85/><V124/><F124/><W45/><G19/><T134/><D21/><U29/><E29/><V41/><F41/><W9/><G9/><T123/><D123/><U67/><E67/><N who="2" m="39391" /><F102/><W17/><G17/><T82/><D134/><U50/><E50/><V121/><F121/><W72/><G81/><AGARI ba="0,0" hai="52,53,54,76,79,81,84,86,89,90,92" m="17447" machi="81" ten="30,2900,0" yaku="8,1,54,1" doraHai="101" who="1" fromWho="3" sc="238,0,241,29,221,0,300,-29" /><INIT seed="1,1,0,2,3,62" ten="238,270,221,271" oya="1" hai0="102,113,133,105,93,88,65,114,25,16,6,119,109" hai1="20,75,115,61,13,91,106,126,103,94,97,52,112" hai2="26,73,122,69,11,84,111,60,110,76,41,87,83" hai3="101,118,10,29,134,39,89,12,40,22,129,90,2"/><U15/><E126/><V79/><F122/><W124/><G2/><T135/><D119/><U77/><E13/><V132/><F41/><W64/><G124/><T36/><D36/><U35/><E35/><V86/><F26/><W18/><G101/><T30/><D6/><U57/><E20/><V128/><F11/><W120/><G120/><T55/><D55/><U5/><E15/><V44/><F44/><W47/><G118/><T121/><D121/><U34/><E34/><V8/><F8/><W96/><G96/><N who="0" m="61639" /><D30/><U23/><E5/><V58/><F69/><W7/><G29/><T14/><D25/><U9/><E9/><V63/><F63/><W127/><G127/><T123/><D123/><U81/><REACH who="1" step="1"/><E23/><REACH who="1" ten="238,260,221,271" step="2"/><V67/><F128/><W72/><G129/><T107/><D113/><U108/><E108/><N who="2" m="41515" /><F132/><N who="0" m="50762" /><D109/><U51/><E51/><V71/><F71/><W104/><G134/><T48/><D48/><U21/><E21/><V80/><AGARI ba="1,1" hai="58,60,67,73,76,79,80,83,84,86,87" m="41515" machi="80" ten="30,2000,0" yaku="14,1,52,1" doraHai="62" who="2" fromWho="2" sc="238,-6,260,-11,221,33,271,-6" /><INIT seed="2,0,0,2,2,68" ten="232,249,254,265" oya="2" hai0="31,9,36,126,116,79,42,49,131,34,78,123,56" hai1="90,59,118,71,110,4,115,74,93,19,109,112,135" hai2="47,46,83,102,96,107,128,12,124,87,122,32,11" hai3="114,57,82,18,130,50,39,80,61,6,108,25,8"/><V20/><F32/><W92/><G108/><N who="1" m="41578" /><E71/><V26/><F122/><W38/><G50/><T43/><D123/><U35/><E74/><V65/><F124/><W127/><G127/><T106/><D106/><U84/><E118/><V100/><F100/><W125/><G125/><T104/><D104/><U66/><E35/><V58/><F128/><W117/><G117/><T103/><D116/><U28/><E28/><V119/><F119/><W121/><G121/><T53/><D126/><U15/><E4/><V134/><F134/><W33/><G92/><T37/><D103/><U44/><E44/><V89/><F65/><W16/><G33/><T120/><D120/><U14/><E14/><V132/><F58/><W91/><G130/><T67/><D67/><U45/><E45/><V29/><REACH who="2" step="1"/><F132/><REACH who="2" ten="232,249,244,265" step="2"/><W64/><G114/><T69/><D131/><U2/><E135/><V77/><F77/><W72/><G64/><T54/><D69/><U95/><E66/><V73/><F73/><W88/><G72/><T3/><D34/><U7/><E59/><V10/><F10/><W98/><G57/><T81/><D56/><U133/><E133/><V51/><F51/><W85/><G8/><T86/><D49/><U22/><E112/><V70/><F70/><W75/><G75/><T94/><D9/><N who="1" m="2295" /><E115/><V129/><F129/><W30/><G61/><T113/><D113/><U62/><E62/><V99/><F99/><W17/><G98/><T55/><D79/><U24/><E22/><V60/><F60/><W40/><G85/><T0/><D86/><U63/><E84/><V111/><F111/><RYUUKYOKU ba="0,1" sc="232,-10,249,-10,244,30,265,-10" hai2="11,12,20,26,29,46,47,83,87,89,96,102,107" /><INIT seed="2,1,1,1,1,118" ten="222,239,274,255" oya="2" hai0="132,0,73,86,11,71,18,115,66,106,39,61,78" hai1="116,38,8,40,129,16,84,70,27,131,53,74,21" hai2="54,97,17,95,55,99,98,134,58,128,51,46,69" hai3="67,72,79,111,117,41,60,93,89,101,35,120,65"/><V91/><F69/><W20/><G117/><T108/><D115/><U3/><E116/><V135/><F128/><N who="1" m="49225" /><E74/><V52/><F17/><W50/><G35/><T4/><D108/><U13/><E70/><V133/><REACH who="2" step="1"/><F58/><REACH who="2" ten="222,239,264,255" step="2"/><W45/><G111/><T9/><D18/><U31/><E16/><V100/><F100/><W82/><G101/><T2/><D71/><U29/><E29/><V90/><F90/><W77/><G77/><T10/><D78/><U24/><E31/><V23/><F23/><W113/><G20/><T105/><D4/><U103/><E21/><V47/><F47/><W12/><G113/><T64/><D10/><U56/><E8/><V127/><F127/><W36/><G89/><T124/><D124/><U14/><E103/><V130/><F130/><W102/><G102/><T107/><D9/><U109/><E109/><V49/><F49/><W1/><G50/><T30/><D11/><U5/><E5/><V68/><F68/><W6/><G6/><T88/><D30/><U126/><E126/><V7/><F7/><W76/><G76/><T85/><D106/><U122/><E38/><V110/><F110/><W112/><G112/><T81/><D39/><U48/><E48/><V44/><F44/><W87/><G36/><T121/><D105/><U42/><E56/><V32/><F32/><W22/><G45/><T28/><D107/><U63/><E63/><V59/><F59/><W43/><G22/><T25/><D28/><U80/><E3/><N who="0" m="1065" /><D61/><U104/><E104/><V19/><F19/><W125/><G60/><T114/><D114/><U33/><E33/><RYUUKYOKU ba="1,2" sc="222,-10,239,-10,264,30,255,-10" hai2="46,51,52,54,55,91,95,97,98,99,133,134,135" /><INIT seed="2,2,2,3,3,128" ten="212,229,294,245" oya="2" hai0="104,73,123,54,14,103,63,50,80,129,76,120,97" hai1="93,8,70,27,109,10,121,37,22,29,32,49,46" hai2="19,134,2,11,15,110,67,111,102,12,92,118,31" hai3="86,69,16,21,98,81,99,88,91,113,83,100,52"/><V25/><F118/><W34/><G113/><T44/><D129/><U45/><E70/><V75/><F75/><W9/><G69/><T39/><D39/><U77/><E109/><N who="2" m="41483" /><F67/><W101/><G34/><T47/><D47/><U94/><E121/><V20/><F102/><N who="3" m="39531" /><G9/><T35/><D35/><U126/><E126/><V106/><F106/><W66/><G66/><T48/><D48/><U90/><E77/><V84/><F92/><W112/><G112/><T30/><D30/><U5/><E94/><V0/><F84/><N who="3" m="50575" /><G52/><T107/><D107/><U1/><E37/><V62/><F62/><W42/><G42/><T72/><D72/><U119/><E119/><V71/><F71/><W17/><G17/><T24/><D24/><AGARI ba="2,2" hai="16,21,24,83,86,88,98,99" m="50575,39531" machi="24" ten="30,3900,0" yaku="8,1,54,2" doraHai="128" who="3" fromWho="0" sc="212,-45,229,0,294,0,245,65" /><INIT seed="3,0,0,2,4,8" ten="167,229,294,310" oya="3" hai0="38,119,80,125,62,98,77,104,73,100,121,70,114" hai1="41,134,112,20,32,21,92,45,127,124,106,43,99" hai2="90,105,5,4,109,79,71,108,44,96,7,129,133" hai3="82,23,130,111,56,101,29,113,117,1,75,22,120"/><W135/><G82/><T27/><D119/><U68/><E68/><V66/><F129/><W13/><G101/><T30/><D121/><U39/><E112/><V72/><F133/><W55/><G56/><T19/><D125/><N who="1" m="48203" /><E32/><V33/><F33/><W36/><G55/><T67/><D19/><U47/><E106/><V0/><F0/><W78/><G22/><T31/><D31/><U40/><E134/><V51/><F79/><W48/><G23/><N who="1" m="8778" /><E39/><V3/><F3/><W63/><G29/><T53/><D53/><U128/><E128/><V89/><F72/><W9/><G9/><T91/><D114/><U15/><E15/><V35/><F35/><W37/><G13/><T28/><D38/><U93/><E99/><V14/><F14/><W24/><G24/><T122/><D122/><U123/><E123/><V94/><F105/><W54/><G1/><T42/><D42/><U103/><E103/><V97/><F71/><W64/><G37/><T10/><D10/><U34/><E34/><V60/><F96/><W110/><G113/><T52/><D27/><U50/><E50/><V88/><F97/><W95/><G36/><T132/><D132/><U86/><E86/><V61/><F94/><AGARI ba="0,0" hai="40,41,43,45,47,92,93,94" m="8778,48203" machi="94" ten="40,5200,0" yaku="28,2,18,1" doraHai="8" who="1" fromWho="2" sc="167,0,229,52,294,-52,310,0" /><INIT seed="4,0,0,4,0,17" ten="167,281,242,310" oya="0" hai0="24,37,38,117,39,74,81,69,80,99,26,20,126" hai1="55,127,19,133,106,29,94,90,47,11,22,52,35" hai2="1,53,71,79,7,48,121,131,10,34,40,31,84" hai3="73,27,122,51,36,104,59,110,85,118,25,123,6"/><T63/><D117/><U42/><E133/><V57/><F121/><W103/><G73/><T14/><D126/><U33/><E127/><V54/><F131/><W130/><G36/><T70/><D99/><U41/><E106/><V16/><F71/><W129/><G118/><T28/><D14/><U87/><E33/><V112/><F112/><W32/><G6/><T65/><D70/><U108/><E108/><V135/><F135/><W111/><G85/><T120/><D120/><N who="3" m="46121" /><G103/><T113/><D74/><U107/><E11/><V98/><F98/><W101/><G101/><T124/><D124/><U50/><E41/><V102/><F102/><W4/><G4/><T61/><D113/><U83/><E83/><V15/><F34/><W76/><G76/><T64/><REACH who="0" step="1"/><D26/><REACH who="0" ten="157,281,242,310" step="2"/><U45/><E107/><V132/><F132/><W96/><G104/><T60/><D60/><U56/><E87/><V21/><F84/><W97/><G97/><T78/><D78/><U89/><E94/><V134/><F79/><W3/><G96/><T72/><D72/><U91/><E91/><V100/><F100/><W95/><G95/><T92/><D92/><U77/><E77/><V68/><F68/><W5/><G110/><T12/><D12/><U67/><E90/><V13/><F134/><W109/><G109/><T43/><D43/><U9/><E42/><V2/><F40/><W86/><G111/><T116/><D116/><U75/><E75/><V49/><REACH who="2" step="1"/><F31/><REACH who="2" ten="157,281,232,310" step="2"/><N who="3" m="19567" /><G86/><T46/><D46/><AGARI ba="0,2" hai="1,2,7,10,13,15,16,21,46,48,49,53,54,57" machi="46" ten="30,12000,2" yaku="1,1,7,1,52,1,54,1,53,2" doraHai="17" doraHaiUra="44" who="2" fromWho="0" sc="157,-120,281,0,232,140,310,0" /><INIT seed="5,0,0,1,4,120" ten="37,281,372,310" oya="1" hai0="6,28,102,97,80,13,67,26,19,95,24,105,39" hai1="58,111,92,122,124,109,44,45,31,126,49,114,130" hai2="51,106,12,2,37,22,3,83,96,4,32,47,119" hai3="110,46,20,117,59,25,73,94,79,52,74,63,8"/><U86/><E122/><V34/><F37/><W54/><G117/><T100/><D39/><U65/><E114/><V78/><F119/><W115/><G115/><T21/><D6/><U91/><E31/><V90/><F32/><W99/><G110/><N who="1" m="41994" /><E130/><V72/><F34/><W5/><G79/><T132/><D132/><U101/><E101/><V104/><F104/><W76/><G76/><T18/><D105/><U84/><E84/><V107/><F107/><W123/><G123/><T134/><D134/><U70/><E70/><V116/><F116/><W1/><G54/><T118/><D118/><U35/><E35/><V48/><F48/><W69/><G46/><N who="1" m="18026" /><E65/><V16/><F4/><W81/><G69/><T11/><D67/><U50/><E50/><V40/><F106/><W36/><G36/><T27/><D102/><U113/><E113/><V7/><F7/><W55/><G55/><AGARI ba="0,0" hai="49,55,58,86,91,92,124,126" m="18026,41994" machi="55" ten="30,11600,0" yaku="10,1,52,3" doraHai="120" who="1" fromWho="3" sc="37,0,281,116,372,0,310,-116" /><INIT seed="5,1,0,5,0,2" ten="37,397,372,194" oya="1" hai0="71,1,107,61,29,116,125,77,114,83,133,98,11" hai1="89,52,112,64,85,81,111,43,131,24,102,40,26" hai2="38,103,22,13,105,86,18,55,104,87,70,49,126" hai3="127,106,88,101,39,17,48,27,99,84,16,122,76"/><U62/><E112/><V117/><F117/><W28/><G39/><T78/><D29/><U113/><E131/><V25/><F38/><W53/><G127/><T59/><D59/><U124/><E113/><V108/><F70/><W132/><G76/><T75/><D114/><U91/><E124/><V130/><F108/><W128/><G132/><T12/><D125/><U121/><E121/><V35/><F130/><W36/><G36/><T119/><D133/><U109/><E102/><V94/><F126/><W21/><G122/><T135/><D135/><U69/><E91/><V96/><F104/><W9/><G9/><T41/><D78/><U79/><E89/><V110/><F105/><W3/><G3/><T58/><D41/><U123/><E123/><V7/><F110/><N who="1" m="41993" /><E52/><V60/><F60/><W50/><G50/><T97/><D97/><U0/><E0/><V10/><F35/><W73/><G73/><T56/><D56/><AGARI ba="1,0" hai="7,10,13,18,22,25,49,55,56,86,87,94,96,103" machi="56" ten="30,3900,0" yaku="7,1,8,1,52,1" doraHai="2" who="2" fromWho="0" sc="37,-42,397,0,372,42,194,0" owari="-5,-50.5,397,19.7,414,51.4,194,-20.6" /></mjloggm>