<mjloggm ver="2.3"><GO type="169" lobby="0"/><UN n0="%E6%95%97%E5%8C%97%E8%80%85%E3%81%AD%E3%82%8B" n1="%E3%81%86%E3%81%AA%E3%81%8E%E9%BA%BA" n2="%E3%81%B1%E3%83%BC%E3%81%9B%E3%82%93%E3%81%A8%E4%BE%8D" n3="%E3%81%97%E3%82%82%E3%82%93%E3%81%AC" dan="17,17,16,17" rate="2183.57,2187.34,2115.79,2180.78" sx="F,M,M,M"/><TAIKYOKU oya="0"/><INIT seed="0,0,0,3,2,118" ten="250,250,250,250" oya="0" hai0="39,27,64,82,115,94,61,16,28,72,88,38,131" hai1="111,22,14,60,83,54,66,80,41,96,68,91,53" hai2="50,46,129,1,89,69,8,31,42,33,36,126,18" hai3="10,70,85,93,121,130,6,127,116,107,90,77,84"/><T119/><D119/><U109/><E41/><V73/><F69/><W122/><G116/><T63/><D115/><U124/><E124/><V25/><F126/><W114/><G114/><T97/><D131/><U2/><E2/><V45/><F129/><W110/><G127/><T65/><D16/><N who="1" m="10519" /><E96/><V30/><F30/><W52/><G130/><T37/><D72/><U0/><E0/><V76/><F89/><W74/><G107/><T17/><D17/><U32/><E32/><V24/><F24/><W48/><G70/><T4/><D4/><U125/><E125/><V104/><F104/><W117/><G117/><T123/><D123/><N who="3" m="47113" /><G110/><N who="1" m="41994" /><E91/><V20/><F76/><W43/><G43/><T112/><D112/><U100/><E100/><V56/><F42/><W67/><G67/><T26/><D82/><AGARI ba="0,0" hai="53,54,60,66,68,80,82,83" m="41994,10519" machi="82" ten="30,2000,0" yaku="14,1,54,1" doraHai="118" who="1" fromWho="0" sc="250,-20,250,20,250,0,250,0" /><INIT seed="1,0,0,2,1,41" ten="230,270,250,250" oya="1" hai0="115,16,101,40,120,66,134,99,48,103,4,22,109" hai1="80,36,27,30,60,102,28,58,113,107,35,96,132" hai2="110,91,20,7,65,55,6,106,105,63,59,127,34" hai3="57,92,21,37,10,88,61,125,33,78,70,128,68"/><U50/><E132/><V56/><F34/><W72/><G33/><T53/><D115/><U12/><E36/><V74/><F110/><W122/><G122/><T18/><D109/><U17/><E113/><V71/><F127/><W52/><G125/><T2/><D134/><U49/><E30/><V93/><F74/><W112/><G112/><T114/><D114/><U44/><E80/><V123/><F71/><W45/><G128/><T62/><D120/><U87/><E87/><V25/><F106/><W23/><G10/><T64/><D40/><U39/><E39/><V133/><F105/><W81/><G37/><T32/><D32/><U69/><E69/><V77/><F77/><W104/><G104/><T51/><D2/><U46/><E50/><V3/><F3/><W67/><G45/><N who="0" m="27791" /><D4/><U121/><E49/><N who="2" m="30831" /><F123/><W38/><G38/><T126/><D126/><U98/><E98/><N who="2" m="57663" /><F133/><W130/><G130/><T135/><D135/><U13/><E13/><V19/><AGARI ba="0,0" hai="6,7,19,20,25,59,63,65" m="57663,30831" machi="19" ten="30,1100,0" yaku="8,1" doraHai="41" who="2" fromWho="2" sc="230,-3,270,-5,250,11,250,-3" /><INIT seed="2,0,0,3,4,95" ten="227,265,261,247" oya="2" hai0="42,119,113,56,100,122,14,27,123,5,69,115,88" hai1="53,76,50,135,20,129,74,52,66,31,102,116,127" hai2="134,58,26,114,34,2,79,57,61,80,3,1,44" hai3="10,60,75,55,54,87,126,78,8,25,131,73,46"/><V24/><F114/><W51/><G131/><T84/><D69/><U108/><E116/><V7/><F134/><W37/><G126/><T33/><D119/><U43/><E43/><V107/><F107/><W0/><G37/><T65/><D115/><U86/><E74/><V109/><F109/><W110/><G110/><T98/><D113/><U124/><E108/><V19/><F7/><W67/><G54/><T28/><D42/><U49/><E66/><V104/><F104/><W70/><G25/><T40/><D40/><U96/><E129/><V82/><F82/><W89/><G78/><T117/><D117/><U71/><E71/><V94/><F44/><W4/><REACH who="3" step="1"/><G8/><REACH who="3" ten="227,265,261,237" step="2"/><T91/><D123/><U125/><E53/><V106/><F24/><W45/><G45/><T93/><D122/><U132/><E132/><V15/><F26/><W41/><G41/><T16/><D5/><U23/><E135/><V18/><F79/><W83/><AGARI ba="0,1" hai="0,4,10,46,51,55,60,67,70,73,75,83,87,89" machi="83" ten="20,2700,0" yaku="1,1,0,1,7,1,53,0" doraHai="95" doraHaiUra="97" who="3" fromWho="3" sc="227,-7,265,-7,261,-13,237,37" /><INIT seed="3,0,0,4,0,113" ten="220,258,248,274" oya="3" hai0="43,114,15,73,1,71,106,61,57,54,130,79,23" hai1="40,95,80,86,22,46,47,100,119,50,102,110,14" hai2="121,18,94,120,97,77,34,0,68,58,20,66,6" hai3="24,90,78,16,118,115,21,51,99,65,5,49,98"/><W17/><G115/><T101/><D1/><U10/><E110/><V41/><F34/><W128/><G128/><T38/><D114/><U44/><E22/><V36/><F68/><W69/><G5/><T131/><D106/><U89/><E119/><V81/><F36/><W26/><G78/><T59/><D101/><U103/><REACH who="1" step="1"/><E80/><REACH who="1" ten="220,248,248,274" step="2"/><V84/><F20/><W108/><G118/><T39/><D23/><U123/><E123/><V48/><F81/><W37/><G108/><T28/><D131/><U112/><E112/><V30/><F121/><W126/><G21/><T111/><D130/><U4/><AGARI ba="0,1" hai="4,10,14,40,44,46,47,50,86,89,95,100,102,103" machi="4" ten="30,4000,0" yaku="1,1,0,1,8,1,53,0" doraHai="113" doraHaiUra="55" who="1" fromWho="1" sc="220,-10,248,50,248,-10,274,-20" /><INIT seed="4,0,0,1,5,11" ten="210,298,238,254" oya="0" hai0="95,133,48,135,29,88,6,3,41,97,30,5,20" hai1="89,13,34,87,74,56,27,81,38,18,57,116,131" hai2="85,22,71,64,112,93,77,91,117,12,33,72,126" hai3="4,73,15,115,75,62,130,52,26,92,9,102,37"/><T51/><D3/><U80/><E116/><V45/><F33/><W66/><G37/><T119/><D119/><U69/><E69/><V1/><F1/><W49/><G115/><T98/><D41/><U16/><E38/><V24/><F117/><W10/><G130/><T23/><D95/><U35/><E131/><V58/><F112/><W36/><G36/><T83/><REACH who="0" step="1"/><D88/><REACH who="0" ten="200,298,238,254" step="2"/><U76/><E35/><V111/><F91/><W86/><G26/><T106/><D106/><U55/><E34/><V103/><F93/><W94/><G94/><T19/><D19/><U8/><E18/><V114/><F24/><W65/><G9/><T78/><D78/><U42/><E42/><V63/><F77/><W128/><G128/><T14/><D14/><U96/><E27/><V47/><F12/><W61/><G92/><T28/><D28/><U53/><E96/><V129/><F129/><W44/><G15/><T32/><D32/><U17/><E17/><V21/><F114/><W120/><G10/><T7/><D7/><U40/><E40/><V67/><F103/><W108/><G102/><T50/><D50/><U99/><E99/><V90/><F90/><W113/><G49/><T31/><D31/><U124/><E89/><V118/><F118/><W105/><G4/><T84/><D84/><U134/><E87/><V43/><F85/><W109/><G86/><T107/><D107/><U125/><E76/><V2/><F2/><W70/><G105/><T60/><D60/><U101/><E101/><V132/><F63/><W39/><G61/><T46/><D46/><U127/><E13/><RYUUKYOKU ba="0,1" sc="200,30,298,-10,238,-10,254,-10" hai0="5,6,20,23,29,30,48,51,83,97,98,133,135" /><INIT seed="4,1,1,5,5,35" ten="230,288,228,244" oya="0" hai0="100,10,135,134,46,19,133,127,37,105,5,64,88" hai1="85,6,74,107,33,28,42,32,1,50,29,104,113" hai2="70,56,30,84,66,90,9,109,67,52,0,132,125" hai3="130,121,23,81,47,15,40,24,83,60,63,96,31"/><T36/><D127/><U27/><E74/><V106/><F109/><W128/><G121/><T7/><D64/><U13/><E113/><V54/><F106/><W61/><G96/><N who="0" m="61575" /><D46/><U75/><E75/><V101/><F101/><W93/><G93/><T76/><D76/><U17/><E85/><V44/><F132/><W8/><G130/><T58/><D58/><U26/><E42/><V39/><F30/><W77/><G77/><T117/><D117/><U78/><E78/><V72/><F72/><W62/><N who="3" m="15360" /><DORA hai="98" /><W80/><G128/><T123/><D123/><U25/><E25/><V45/><F70/><W102/><G102/><T116/><D116/><U129/><E50/><V111/><F56/><W91/><G91/><T118/><D118/><U119/><E119/><V11/><F90/><W65/><G65/><T21/><D88/><U82/><E82/><V38/><F84/><W97/><G97/><T124/><D124/><U103/><E103/><V3/><F111/><W20/><G20/><T55/><D55/><U92/><E92/><V115/><F125/><W49/><REACH who="3" step="1"/><G83/><REACH who="3" ten="230,288,228,234" step="2"/><T86/><D135/><U112/><E129/><V4/><F115/><W53/><G53/><T68/><D68/><U114/><E114/><V110/><F110/><W22/><G22/><T73/><D134/><U87/><E112/><V122/><F122/><W14/><G14/><T131/><D21/><N who="1" m="11439" /><E87/><V48/><F48/><W2/><G2/><T120/><D86/><U59/><E107/><V108/><F108/><W126/><G126/><T34/><D73/><U57/><E104/><V43/><F43/><RYUUKYOKU ba="1,2" sc="230,-30,288,10,228,10,234,10" hai1="1,6,26,27,28,29,32,33,57,59" hai2="0,3,4,9,11,38,39,44,45,52,54,66,67" hai3="8,15,23,24,31,40,47,49,80,81" /><INIT seed="5,2,2,1,1,51" ten="200,298,238,244" oya="1" hai0="99,112,37,86,79,75,39,131,8,126,111,31,133" hai1="69,63,38,100,6,0,68,130,129,29,125,52,64" hai2="43,127,93,41,7,3,110,120,44,77,101,98,119" hai3="102,108,114,36,45,54,16,116,21,105,80,17,83"/><U95/><E38/><V14/><F110/><W109/><G114/><T19/><D111/><U123/><E123/><V30/><F120/><W24/><G116/><T135/><D112/><U47/><E29/><V82/><F119/><W26/><G108/><T74/><D131/><N who="1" m="50187" /><E125/><V107/><F127/><W61/><G109/><T60/><D126/><U15/><E0/><V118/><F3/><W88/><G36/><N who="0" m="13899" /><D31/><U84/><E69/><V12/><F30/><W117/><G117/><T87/><D99/><N who="1" m="59519" /><E84/><N who="0" m="32297" /><D79/><U71/><E71/><V46/><F107/><W58/><G88/><T55/><D8/><U25/><E25/><V91/><F91/><W28/><G105/><T78/><D78/><U40/><E40/><V103/><F118/><W33/><G102/><T94/><D94/><U134/><E15/><V32/><F14/><W5/><G5/><T115/><D19/><U27/><E6/><V85/><F103/><W49/><REACH who="3" step="1"/><G17/><REACH who="3" ten="200,298,238,234" step="2"/><T67/><D115/><U128/><E128/><V72/><F101/><W92/><G92/><T22/><D133/><U53/><E134/><V96/><F93/><W81/><G81/><T11/><D135/><U132/><E132/><V50/><F98/><W76/><G76/><T2/><D2/><U42/><E27/><V1/><F96/><W73/><G73/><T66/><D74/><U10/><E10/><N who="2" m="4191" /><F1/><W70/><G70/><T23/><D75/><U97/><E97/><V13/><F72/><W34/><G34/><T65/><D11/><U124/><E124/><V9/><F32/><W48/><G48/><T18/><D18/><U35/><E35/><RYUUKYOKU ba="2,3" sc="200,10,298,10,238,-30,234,10" hai0="22,23,55,60,65,66,67" hai1="42,47,52,53,63,64,68" hai3="16,21,24,26,28,33,45,49,54,58,61,80,83" /><INIT seed="5,3,3,5,2,58" ten="210,308,208,244" oya="1" hai0="52,120,129,7,125,101,12,86,133,18,107,68,113" hai1="80,123,92,95,124,35,46,22,37,36,55,85,105" hai2="33,43,134,17,28,90,63,76,98,56,29,45,99" hai3="24,4,20,114,115,31,34,61,96,73,42,41,82"/><U62/><E105/><V3/><F3/><W11/><G96/><T112/><D68/><U40/><E35/><V65/><F134/><W72/><G34/><T119/><D119/><U21/><E37/><V93/><F76/><N who="3" m="44295" /><G73/><T79/><D133/><U9/><E123/><V94/><F17/><W10/><G61/><T117/><D117/><U60/><E124/><V27/><F28/><W109/><G109/><T57/><D125/><U15/><E55/><V89/><F45/><W66/><G66/><T54/><D7/><U135/><E135/><V67/><F43/><N who="3" m="16395" /><G4/><T75/><D129/><U13/><E95/><V0/><F0/><W32/><G32/><T108/><D120/><U132/><E92/><V38/><F38/><W97/><G97/><N who="0" m="61871" /><D75/><U122/><E122/><V47/><F47/><W23/><G23/><N who="0" m="11719" /><D57/><U44/><E44/><V2/><F2/><W64/><G64/><AGARI ba="3,3" hai="27,29,33,56,63,64,65,67,89,90,93,94,98,99" machi="64" ten="30,3900,0" yaku="7,1,9,1,52,1" doraHai="58" who="2" fromWho="3" sc="210,0,308,0,208,78,244,-48" /><INIT seed="6,0,0,2,3,49" ten="210,308,286,196" oya="2" hai0="34,134,45,58,97,1,87,77,92,62,30,98,54" hai1="88,95,28,101,66,31,25,43,42,68,110,80,5" hai2="35,108,118,40,93,104,23,120,6,81,100,73,14" hai3="47,56,74,41,126,50,96,38,123,18,67,32,124"/><V44/><F118/><W125/><G74/><T86/><D1/><U71/><E110/><V7/><F35/><W109/><G32/><T105/><D134/><U9/><E101/><V22/><F104/><W39/><G109/><T60/><D105/><U103/><E103/><V57/><F120/><W106/><G123/><T75/><D75/><U119/><E80/><V116/><F116/><W36/><G18/><T90/><D34/><U26/><E26/><V3/><F3/><W111/><G111/><T48/><D30/><U15/><E31/><V129/><F129/><W76/><G76/><T135/><D135/><U132/><E132/><V53/><F81/><W59/><G96/><N who="0" m="36971" /><D45/><U24/><E24/><V20/><F73/><W107/><G107/><T112/><D112/><U131/><E131/><V37/><F14/><W69/><G106/><T27/><D27/><U55/><E43/><V122/><F122/><W12/><G12/><T99/><N who="0" m="36979" /><T10/><DORA hai="78" /><D10/><U117/><E42/><V130/><F130/><W102/><G102/><T133/><D133/><U46/><E68/><V19/><F40/><W61/><AGARI ba="0,0" hai="36,38,39,41,47,50,56,59,61,67,69,124,125,126" machi="61" ten="40,8000,1" yaku="0,1,18,1,34,3" doraHai="49,78" who="3" fromWho="3" sc="210,-20,308,-20,286,-40,196,80" /><INIT seed="7,0,0,3,1,124" ten="190,288,246,276" oya="3" hai0="28,60,2,92,84,68,8,65,9,51,59,39,85" hai1="62,22,133,44,4,17,86,50,100,81,37,83,56" hai2="97,54,132,87,105,11,74,98,12,38,109,15,116" hai3="128,46,70,95,112,61,75,72,102,94,125,13,24"/><W119/><G119/><T19/><D39/><U111/><E133/><V63/><F74/><W76/><G125/><T3/><D28/><U126/><E126/><V6/><F38/><W21/><G112/><T66/><D68/><U36/><E100/><V93/><F109/><W107/><G107/><T58/><D19/><U104/><E4/><V23/><F116/><W120/><G120/><T130/><D92/><U78/><E83/><V79/><F132/><W18/><G46/><T5/><D51/><U82/><E82/><N who="2" m="47583" /><F105/><W64/><G76/><T7/><REACH who="0" step="1"/><D130/><REACH who="0" ten="180,288,246,276" step="2"/><U55/><E104/><V135/><F135/><W113/><G128/><T114/><D114/><U31/><E31/><V96/><F93/><W91/><G113/><T1/><D1/><U57/><E111/><V77/><F63/><AGARI ba="0,1" hai="2,3,5,7,8,9,58,59,60,63,65,66,84,85" machi="63" ten="40,12000,2" yaku="1,1,32,3,53,2" doraHai="124" doraHaiUra="53" who="0" fromWho="2" sc="180,130,288,0,246,-120,276,0" owari="310,41.0,288,8.8,126,-37.4,276,-12.4" /></mjloggm>