<mjloggm ver="2.3"><GO type="169" lobby="0"/><UN n0="%74%61%6B%69%6F%6E%5F%38" n1="%48%57%49%4E%47" n2="%E9%B3%B4%E8%8C%B6" n3="%E3%83%91%E3%83%BC%E3%83%A9%E3%83%A1%E3%83%B3%E3%83%88" dan="16,17,16,16" rate="2098.67,2158.50,2157.80,2200.10" sx="M,M,M,M"/><TAIKYOKU oya="0"/><INIT seed="0,0,0,3,1,63" ten="250,250,250,250" oya="0" hai0="101,29,102,0,60,104,124,123,132,7,113,5,109" hai1="4,37,76,22,30,125,12,97,24,91,44,39,86" hai2="66,3,87,111,61,43,8,119,135,103,114,49,54" hai3="116,10,98,78,64,26,46,38,90,72,28,31,42"/><T88/><D113/><U59/><E125/><V14/><F114/><W128/><G116/><T115/><D123/><U129/><E129/><V1/><F119/><W133/><G128/><T2/><D115/><U108/><E108/><V53/><F111/><W79/><G133/><T105/><D109/><U51/><E76/><V127/><F135/><W112/><G112/><T70/><D132/><U122/><E97/><V110/><F110/><W92/><G72/><T21/><D124/><U13/><E59/><N who="2" m="37183" /><F3/><W48/><G38/><T62/><D70/><U18/><E4/><V121/><F1/><W85/><G10/><T75/><D75/><U118/><E12/><V89/><F103/><W77/><G64/><T34/><D21/><U120/><E118/><V69/><F69/><W93/><REACH who="3" step="1"/><G26/><REACH who="3" ten="250,250,250,240" step="2"/><T68/><D68/><U117/><E117/><V25/><F25/><W32/><G32/><T15/><D34/><U56/><E120/><V27/><F27/><W58/><G58/><T47/><D47/><U83/><E56/><V130/><F127/><W67/><G67/><T126/><D126/><U36/><E122/><V33/><F33/><W6/><G6/><T45/><D45/><U84/><E39/><V50/><F130/><W134/><G134/><T107/><D29/><U73/><E73/><V35/><F35/><W23/><G23/><T80/><D15/><U57/><E57/><V131/><F131/><W9/><G9/><N who="0" m="2215" /><D7/><U40/><E86/><V99/><F14/><W82/><G82/><T52/><D2/><U41/><E41/><V94/><F43/><W71/><G71/><RYUUKYOKU ba="0,1" sc="250,-15,250,15,250,-15,240,15" hai1="13,18,22,24,30,36,37,40,44,51,83,84,91" hai3="28,31,42,46,48,77,78,79,85,90,92,93,98" /><INIT seed="1,1,1,4,4,42" ten="235,265,235,255" oya="1" hai0="115,25,87,70,76,22,88,37,116,127,114,51,74" hai1="108,5,1,64,3,111,62,46,85,132,26,109,61" hai2="133,20,54,101,113,32,69,66,34,33,31,9,39" hai3="27,49,10,4,79,91,52,89,90,107,18,55,24"/><U125/><E125/><V11/><F133/><W12/><G107/><T98/><D37/><U80/><E132/><V47/><F113/><W104/><G104/><T100/><D70/><U83/><E26/><V43/><F101/><W99/><G99/><T126/><D51/><U7/><E46/><V40/><F43/><W21/><G79/><T13/><D116/><U121/><E121/><V29/><F54/><W117/><G117/><T81/><D13/><U48/><E48/><V97/><F97/><W73/><G73/><T71/><D71/><U6/><E64/><V28/><REACH who="2" step="1"/><F20/><REACH who="2" ten="235,265,225,255" step="2"/><W14/><REACH who="3" step="1"/><G55/><REACH who="3" ten="235,265,225,245" step="2"/><T45/><D98/><U105/><E105/><V77/><F77/><W72/><G72/><T19/><D76/><U44/><E85/><V78/><F78/><W102/><G102/><T15/><D74/><U41/><E3/><V95/><F95/><W56/><AGARI ba="1,3" hai="4,10,12,14,18,21,24,27,49,52,56,89,90,91" machi="56" ten="30,7900,0" yaku="1,1,0,1,8,1,54,1,53,0" doraHai="42" doraHaiUra="106" who="3" fromWho="3" sc="235,-21,265,-40,225,-21,245,112" /><INIT seed="2,0,0,0,3,103" ten="214,225,204,357" oya="2" hai0="126,72,119,21,17,0,123,32,86,100,116,93,42" hai1="49,61,25,135,79,4,7,112,64,118,95,50,53" hai2="12,28,74,90,22,48,102,83,9,84,51,71,14" hai3="69,111,57,67,91,34,56,92,122,11,105,73,117"/><V10/><F71/><W68/><G117/><N who="0" m="45131" /><D123/><U124/><E118/><V26/><F74/><W94/><G122/><T24/><D0/><U114/><E124/><V128/><F128/><W78/><G34/><T106/><D126/><U108/><E79/><V129/><F129/><W33/><G33/><T54/><D42/><U134/><E108/><V29/><F29/><W40/><G40/><T6/><D6/><N who="1" m="2091" /><E25/><V127/><F127/><W101/><G94/><T60/><D32/><U36/><E95/><V8/><REACH who="2" step="1"/><F102/><REACH who="2" ten="214,225,194,357" step="2"/><W131/><G69/><T43/><D72/><U107/><E114/><V98/><F98/><W13/><G131/><T46/><D100/><U38/><E112/><V44/><F44/><W130/><G130/><T121/><D121/><U37/><E134/><V18/><F18/><W2/><G68/><T109/><D109/><U15/><E135/><V45/><F45/><W82/><G111/><T59/><D46/><U62/><E38/><V115/><F115/><W16/><G101/><T1/><D1/><U104/><E37/><V85/><F85/><W39/><G2/><T30/><D30/><U96/><E36/><V133/><F133/><W19/><G39/><T77/><D43/><U81/><E96/><V55/><F55/><W125/><G125/><T65/><D54/><U41/><E53/><V3/><F3/><W87/><G19/><T31/><D17/><U97/><E97/><V58/><F58/><N who="3" m="22635" /><G67/><T52/><D65/><U63/><E64/><V76/><F76/><W89/><G89/><N who="0" m="53431" /><D77/><U132/><E132/><V75/><F75/><W35/><G35/><RYUUKYOKU ba="0,1" sc="214,10,225,-30,194,10,357,10" hai0="21,24,31,52,59,60,106" hai2="8,9,10,12,14,22,26,28,48,51,83,84,90" hai3="11,13,16,73,78,82,87,91,92,105" /><INIT seed="2,1,1,2,5,130" ten="224,195,204,367" oya="2" hai0="73,76,68,106,122,36,111,121,60,118,99,102,28" hai1="64,112,124,131,45,21,54,31,87,14,58,24,71" hai2="9,89,40,132,7,42,3,133,35,8,70,81,117" hai3="18,63,66,107,12,5,92,82,2,72,91,62,86"/><V59/><F117/><W51/><G107/><T17/><D111/><U95/><E112/><V22/><F70/><W88/><G5/><T39/><D118/><U30/><E124/><V114/><F35/><W53/><G2/><T113/><D113/><U13/><E131/><V11/><F114/><W4/><G4/><T135/><D17/><U44/><E31/><V32/><F32/><W50/><G50/><T96/><D28/><U26/><E26/><V25/><F59/><N who="3" m="33215" /><G66/><N who="0" m="41031" /><D96/><U46/><E64/><V94/><F7/><W109/><G72/><T75/><D135/><N who="2" m="51786" /><F3/><W23/><G109/><T20/><D20/><U16/><E30/><N who="2" m="17719" /><F81/><W34/><G34/><T126/><D126/><U0/><E0/><V79/><F79/><W120/><G120/><N who="0" m="46187" /><D76/><U55/><E71/><V1/><F1/><W108/><G108/><T85/><D85/><AGARI ba="1,1" hai="8,9,11,40,42,85,89,94" m="17719,51786" machi="85" ten="30,11600,0" yaku="20,1,52,3" doraHai="130" who="2" fromWho="0" sc="224,-119,195,0,204,129,367,0" /><AGARI ba="1,0" hai="12,18,23,62,63,82,85,86,88,91,92" m="33215" machi="85" ten="30,3900,0" yaku="25,1,8,1,54,1" doraHai="130" who="3" fromWho="0" sc="105,-39,195,0,333,0,367,39" /><INIT seed="2,2,0,4,0,38" ten="66,195,333,406" oya="2" hai0="86,14,68,94,64,37,1,89,111,105,96,88,19" hai1="90,18,60,107,42,67,127,79,123,70,10,99,55" hai2="122,65,134,47,32,7,22,108,12,87,72,135,74" hai3="41,6,15,132,34,77,57,48,31,104,106,69,115"/><V114/><F32/><W129/><G69/><T44/><D111/><U97/><E127/><V21/><F114/><W118/><G118/><T81/><D1/><U8/><E79/><V85/><F122/><W5/><G115/><T51/><D37/><U30/><E30/><V28/><F65/><W109/><G109/><T33/><D33/><U2/><E2/><V76/><F108/><W75/><G132/><N who="2" m="50729" /><F47/><W54/><G129/><T91/><D105/><U58/><E123/><V120/><F120/><W98/><G41/><T133/><D133/><U93/><E42/><V82/><F85/><W131/><G131/><T62/><D94/><U4/><E107/><V116/><F116/><W66/><G66/><T95/><D95/><U128/><E128/><V17/><F7/><W49/><G49/><T112/><D96/><U100/><E4/><V130/><F130/><W16/><G106/><T121/><D112/><U63/><E99/><V23/><F28/><W61/><G48/><T43/><REACH who="0" step="1"/><D121/><REACH who="0" ten="56,195,333,406" step="2"/><U56/><E97/><V45/><F45/><W35/><G98/><T126/><D126/><U0/><E93/><V9/><AGARI ba="2,1" hai="9,12,17,21,22,23,72,74,76,82,87" m="50729" machi="9" ten="30,1500,0" yaku="20,1" doraHai="38" who="2" fromWho="2" sc="56,-7,195,-7,333,31,406,-7" /><INIT seed="2,3,0,5,0,39" ten="49,188,364,399" oya="2" hai0="7,53,68,67,86,12,9,115,19,14,32,65,112" hai1="98,124,22,94,16,15,122,1,31,27,77,85,133" hai2="18,111,91,126,23,50,80,75,17,36,88,107,58" hai3="129,3,60,61,69,95,84,110,130,114,79,125,46"/><V45/><F107/><W26/><G110/><T105/><D105/><U117/><E117/><V109/><F36/><W57/><G3/><T34/><D68/><U4/><E124/><V101/><F58/><W71/><G125/><T99/><D99/><U89/><E133/><V134/><F126/><W21/><G114/><T87/><D7/><U52/><E122/><V70/><F101/><W90/><G46/><T44/><D44/><U92/><E52/><N who="2" m="29775" /><F70/><N who="3" m="26635" /><G79/><T121/><D53/><U62/><E62/><V11/><F11/><W108/><G57/><T0/><D9/><U59/><E59/><V25/><F134/><W116/><G108/><N who="2" m="41545" /><F18/><N who="3" m="12599" /><G116/><T51/><D19/><U48/><E48/><V100/><F100/><W73/><G73/><T38/><D38/><U97/><E4/><V64/><F64/><W54/><G54/><T106/><D51/><U135/><E135/><V81/><F75/><W72/><G72/><T120/><REACH who="0" step="1"/><D106/><REACH who="0" ten="39,188,364,399" step="2"/><U29/><E29/><V6/><F6/><W28/><G60/><T2/><AGARI ba="3,1" hai="0,2,12,14,32,34,65,67,86,87,112,115,120,121" machi="2" ten="25,8000,1" yaku="1,1,2,1,0,1,22,2,53,0" doraHai="39" doraHaiUra="13" who="0" fromWho="0" sc="39,99,188,-23,364,-43,399,-23" /><INIT seed="3,0,0,3,4,133" ten="138,165,321,376" oya="3" hai0="68,112,73,38,21,20,76,27,131,97,75,13,1" hai1="128,8,16,50,10,49,99,42,2,110,55,9,59" hai2="4,39,106,114,62,116,51,121,78,44,115,104,31" hai3="93,103,96,36,94,107,0,41,87,30,130,71,81"/><W32/><G130/><T70/><D1/><U45/><E110/><V37/><F116/><W66/><G0/><T29/><D38/><U15/><E128/><V48/><F62/><N who="3" m="40407" /><G41/><T90/><D131/><U11/><E2/><V53/><F78/><N who="3" m="46519" /><G36/><T124/><D112/><U126/><REACH who="1" step="1"/><E99/><REACH who="1" ten="138,155,321,376" step="2"/><V3/><F114/><W52/><G52/><T74/><D97/><U92/><E92/><V85/><F53/><W34/><G34/><T84/><D68/><U23/><E23/><V43/><F115/><W134/><G134/><T47/><D70/><U120/><E120/><V123/><F121/><W79/><G79/><T33/><D76/><U35/><E35/><V119/><F123/><W77/><G77/><T19/><D33/><U5/><E5/><V12/><F4/><W113/><G113/><T58/><D47/><U63/><E63/><V61/><F43/><W108/><G108/><T24/><D58/><U57/><E57/><V54/><F54/><W135/><G135/><T100/><D27/><AGARI ba="0,1" hai="27,30,32,93,94,96,103,107" m="46519,40407" machi="27" ten="30,1500,0" yaku="25,1" doraHai="133" who="3" fromWho="0" sc="138,-15,155,0,321,0,376,25" /><INIT seed="3,1,0,5,4,1" ten="123,155,321,401" oya="3" hai0="125,50,91,56,106,47,23,105,99,72,11,134,94" hai1="68,130,95,127,64,86,82,2,129,25,18,45,40" hai2="78,100,113,98,35,93,84,73,51,52,24,135,74" hai3="34,13,12,101,87,42,89,15,108,63,32,124,39"/><W115/><G115/><T26/><D125/><U120/><E120/><V14/><F113/><W96/><G124/><T103/><D134/><U33/><E2/><V75/><F135/><W131/><G131/><T71/><D71/><U118/><E127/><V43/><F43/><W67/><G108/><T85/><D11/><U59/><E68/><V58/><F84/><W10/><G42/><T5/><D56/><U81/><E118/><V77/><REACH who="2" step="1"/><F14/><REACH who="2" ten="123,155,311,401" step="2"/><W119/><G119/><T62/><D72/><U27/><E86/><V41/><F41/><W66/><G39/><T31/><D62/><U65/><E40/><V38/><F38/><W76/><G76/><T109/><D50/><U7/><E129/><V69/><F69/><W133/><G133/><T112/><D112/><U9/><E130/><V28/><AGARI ba="1,1" hai="24,28,35,51,52,58,73,74,75,77,78,93,98,100" machi="28" ten="40,8000,1" yaku="1,1,0,1,54,1,53,1" doraHai="1" doraHaiUra="44" who="2" fromWho="2" sc="123,-21,155,-21,311,93,401,-41" /><INIT seed="4,0,0,0,1,76" ten="102,134,404,360" oya="0" hai0="119,120,88,73,8,61,60,45,96,32,70,111,91" hai1="28,124,105,53,16,90,4,33,79,50,115,18,41" hai2="104,102,20,63,97,24,19,0,44,80,123,37,131" hai3="40,89,72,42,55,112,26,106,86,56,35,49,95"/><T58/><D119/><U21/><E105/><V129/><F123/><W99/><G112/><T85/><D120/><U113/><E41/><V126/><F0/><W68/><G68/><T38/><D73/><U3/><E124/><V132/><F126/><W93/><G72/><T87/><D32/><U83/><E90/><V110/><F110/><W11/><G106/><T75/><D75/><U108/><E108/><V130/><F132/><W67/><G67/><T1/><D111/><U98/><E98/><V62/><REACH who="2" step="1"/><F80/><REACH who="2" ten="102,134,394,360" step="2"/><W82/><G95/><N who="0" m="56423" /><D1/><U59/><E3/><V78/><F78/><W94/><G93/><N who="0" m="54511" /><D70/><U133/><E133/><V25/><F25/><W127/><G127/><T13/><D38/><U100/><E113/><V109/><F109/><W69/><G69/><T122/><D122/><U57/><E115/><V52/><F52/><W12/><G26/><T29/><D87/><U2/><E2/><V51/><F51/><W36/><G36/><T125/><D125/><U14/><E50/><V48/><F48/><W74/><G74/><T23/><D45/><U71/><E71/><V22/><F22/><W101/><REACH who="3" step="1"/><G35/><REACH who="3" ten="102,134,394,350" step="2"/><T81/><D58/><U114/><E33/><V39/><F39/><W64/><G64/><T66/><D66/><U7/><E59/><V116/><F116/><W43/><G43/><AGARI ba="0,2" hai="19,20,24,37,43,44,62,63,97,102,104,129,130,131" machi="43" ten="40,2600,0" yaku="1,1,19,1,53,0" doraHai="76" doraHaiUra="47" who="2" fromWho="3" sc="102,0,134,0,394,46,350,-26" /><INIT seed="5,0,0,3,3,66" ten="102,134,440,324" oya="1" hai0="91,16,135,82,129,88,60,65,39,83,115,44,104" hai1="19,67,99,130,123,78,23,110,92,132,102,77,69" hai2="21,93,128,57,4,7,38,120,117,124,80,24,5" hai3="64,27,9,8,29,98,70,125,10,34,22,122,0"/><U47/><E123/><V63/><F120/><W119/><G122/><T86/><D115/><U75/><E130/><V103/><F117/><W26/><G125/><T33/><D129/><U106/><E132/><V113/><F128/><W28/><G119/><T62/><D33/><U74/><E110/><V87/><F38/><W25/><G98/><T96/><D135/><U89/><E47/><V111/><F113/><W114/><G114/><T42/><D60/><U45/><E45/><V85/><F124/><W72/><G72/><T97/><D104/><U90/><E74/><V55/><F111/><W105/><G105/><T37/><D37/><U46/><E46/><V133/><F133/><W108/><G108/><T11/><D11/><N who="3" m="4169" /><G70/><T18/><D96/><U52/><E52/><V51/><F103/><W71/><G64/><T84/><D97/><U50/><E50/><V59/><F93/><W107/><G71/><AGARI ba="0,0" hai="16,18,39,42,44,62,65,71,82,83,84,86,88,91" machi="71" ten="30,8000,1" yaku="7,1,9,1,52,1,54,2" doraHai="66" who="0" fromWho="3" sc="102,80,134,0,440,0,324,-80" /><INIT seed="6,0,0,1,4,38" ten="182,134,440,244" oya="2" hai0="63,56,112,49,83,37,31,20,80,59,78,110,22" hai1="91,24,42,2,19,74,127,81,67,25,29,82,86" hai2="1,99,122,133,47,45,10,95,12,23,46,84,109" hai3="35,72,128,54,131,75,118,66,64,71,17,113,102"/><V121/><F1/><W76/><G118/><T129/><D112/><U130/><E2/><V68/><F68/><W16/><G113/><T39/><D110/><U36/><E127/><V96/><F109/><W123/><G123/><T9/><D129/><N who="3" m="49737" /><G35/><T41/><D9/><U115/><E130/><V32/><F32/><W15/><G102/><T53/><D31/><U51/><E36/><V55/><F23/><W27/><G76/><T89/><D39/><U119/><E67/><N who="3" m="25642" /><G71/><T44/><D89/><U93/><E115/><V116/><F116/><W79/><G79/><T33/><D33/><U62/><E62/><V6/><F121/><W106/><G106/><T120/><D120/><U58/><E119/><V0/><F122/><W8/><G54/><T34/><D34/><U28/><E74/><N who="3" m="28202" /><G27/><T73/><REACH who="0" step="1"/><D83/><REACH who="0" ten="172,134,440,244" step="2"/><U135/><E82/><V65/><F10/><W107/><G107/><T103/><D103/><U21/><E81/><V57/><F0/><W3/><G3/><T4/><D4/><AGARI ba="0,1" hai="4,8,15,16,17" m="28202,25642,49737" machi="4" ten="30,2000,0" yaku="19,1,54,1" doraHai="38" who="3" fromWho="0" sc="172,-20,134,0,440,0,244,30" /><INIT seed="7,0,0,5,1,76" ten="152,134,440,274" oya="3" hai0="102,32,85,14,73,12,95,115,39,21,56,117,30" hai1="111,97,93,60,70,28,79,114,121,44,13,96,127" hai2="36,103,86,116,43,15,99,3,78,94,112,33,41" hai3="49,133,42,6,5,82,2,52,7,118,40,67,91"/><W20/><G118/><T54/><D73/><U135/><E111/><V83/><F3/><W104/><G104/><T59/><D39/><U120/><E114/><V48/><F36/><W69/><G2/><T124/><D124/><U23/><E127/><V108/><F33/><W68/><G20/><T17/><D115/><U8/><E135/><V29/><F112/><W77/><G91/><N who="0" m="53743" /><D32/><U10/><E79/><V98/><F108/><W66/><G133/><T74/><D74/><U37/><E97/><N who="2" m="59831" /><F29/><W126/><G126/><T18/><D102/><U106/><E106/><V65/><F65/><N who="3" m="24587" /><G69/><T62/><D117/><U100/><E70/><V19/><F116/><W134/><G68/><T107/><D107/><U53/><E37/><V129/><F129/><W38/><G38/><T75/><D75/><U1/><E1/><V71/><F71/><W80/><G134/><T16/><D56/><N who="1" m="34831" /><E44/><N who="2" m="25615" /><F43/><N who="3" m="16427" /><G77/><T64/><D64/><U0/><E0/><V113/><F113/><W87/><G87/><T35/><D35/><U72/><E72/><V110/><F110/><W132/><G132/><T61/><D61/><U119/><E119/><V122/><F122/><W45/><AGARI ba="0,0" hai="5,6,7,45,49,52,80,82" m="16427,24587" machi="45" ten="30,11700,0" yaku="8,1,52,2,54,1" doraHai="76" who="3" fromWho="3" sc="152,-39,134,-39,440,-39,274,117" /><INIT seed="7,1,0,3,3,31" ten="113,95,401,391" oya="3" hai0="111,72,8,128,64,38,122,69,21,78,51,76,124" hai1="107,73,54,110,90,42,125,50,25,9,98,112,43" hai2="68,75,27,134,105,135,113,44,3,29,103,37,97" hai3="108,19,119,61,32,104,93,11,28,18,91,126,87"/><W89/><G119/><T20/><D111/><U77/><E110/><V67/><F3/><W100/><G108/><T115/><D38/><U5/><E112/><V92/><F75/><W23/><G126/><T80/><D122/><U114/><E114/><V55/><F113/><W16/><G104/><T6/><D115/><U129/><E125/><V66/><F105/><W121/><G121/><T99/><D124/><U52/><E25/><V85/><F85/><N who="3" m="52399" /><G32/><T94/><D78/><U53/><E129/><V130/><F130/><W14/><G100/><T36/><D36/><U86/><E50/><N who="2" m="29127" /><F37/><W12/><G61/><T56/><D69/><U60/><E60/><V49/><F68/><W26/><G11/><T101/><D128/><U4/><E73/><V13/><F49/><W46/><G46/><T40/><D64/><U65/><E65/><V58/><F58/><W34/><G34/><T88/><D101/><U109/><E109/><V96/><F97/><W132/><G132/><N who="2" m="50729" /><F13/><W131/><G131/><T127/><D127/><U123/><E123/><V106/><F106/><W118/><G118/><T71/><D71/><U117/><E117/><V84/><F84/><W2/><G2/><T120/><D120/><U45/><E45/><V30/><F30/><W57/><G57/><T1/><D40/><N who="1" m="15403" /><E9/><V41/><F41/><W116/><G116/><T63/><D63/><U82/><E107/><V33/><AGARI ba="1,0" hai="27,29,33,66,67,92,96,103" m="50729,29127" machi="33" ten="30,2000,0" yaku="20,1,52,1" doraHai="31" who="2" fromWho="2" sc="113,-6,95,-6,401,23,391,-11" owari="107,-29.3,89,-41.1,424,52.4,380,18.0" /></mjloggm>