<mjloggm ver="2.3"><GO type="225" lobby="0"/><UN n0="%E3%83%96%E3%83%83%E3%83%91%E3%82%AA%E3%83%96%E3%83%81%E3%82%AD%E3%83%B3" n1="%E4%BB%8A%E6%97%A5%E4%B8%80" n2="%43%55%4B%45%59" n3="%72%61%6B%33" dan="16,17,16,16" rate="2166.34,2217.87,2040.96,2109.06" sx="M,F,M,M"/><TAIKYOKU oya="0"/><INIT seed="0,0,0,4,1,59" ten="250,250,250,250" oya="0" hai0="105,82,85,34,119,117,2,128,37,101,111,18,48" hai1="54,121,78,76,49,61,73,127,109,30,125,5,56" hai2="40,68,17,69,39,21,50,131,97,120,66,133,11" hai3="90,99,108,43,134,58,118,112,94,65,15,63,122"/><T13/><D37/><U86/><E121/><V3/><F120/><W100/><G122/><T60/><D34/><U6/><E109/><V106/><F133/><W16/><G112/><T113/><D113/><U62/><E30/><V124/><F131/><W31/><G118/><T123/><D123/><U129/><E73/><V96/><F124/><N who="1" m="47689" /><E129/><V103/><F97/><W126/><G126/><T33/><D33/><U132/><E132/><V29/><F29/><W42/><G134/><T45/><D2/><U80/><E78/><V93/><F106/><W24/><G108/><T20/><D128/><U64/><E62/><V46/><F39/><W74/><G74/><T104/><D111/><U27/><E27/><V92/><F92/><W26/><G90/><T12/><D105/><U41/><E41/><N who="3" m="15370" /><G31/><T22/><D104/><U67/><E67/><V70/><F66/><W75/><G75/><T44/><D117/><U84/><E84/><V32/><F32/><W25/><G25/><T77/><D119/><U23/><E23/><AGARI ba="0,0" hai="15,16,23,24,26,58,63,65,94,99,100" m="15370" machi="23" ten="30,3900,0" yaku="8,1,52,1,54,1" doraHai="59" who="3" fromWho="1" sc="250,0,250,-39,250,0,250,39" /><INIT seed="1,0,0,3,5,128" ten="250,211,250,289" oya="1" hai0="66,94,47,92,8,15,14,33,11,75,100,111,90" hai1="71,49,48,21,35,132,133,25,113,108,36,16,125" hai2="73,23,24,123,104,67,29,19,121,85,18,87,107" hai3="120,56,69,119,22,115,72,124,127,20,58,40,86"/><U38/><E113/><V5/><F73/><W27/><G72/><T13/><D33/><U9/><E71/><V131/><F131/><W17/><G115/><T51/><D75/><U134/><E125/><N who="3" m="48202" /><G120/><T99/><D66/><U63/><E108/><V129/><F129/><W59/><G119/><T81/><D81/><U4/><E63/><V62/><F5/><W97/><G69/><T91/><D111/><U106/><E106/><V103/><F121/><W110/><G110/><T55/><REACH who="0" step="1"/><D100/><REACH who="0" ten="240,211,250,289" step="2"/><U50/><REACH who="1" step="1"/><E35/><REACH who="1" ten="240,201,250,289" step="2"/><V118/><F123/><W116/><G116/><T1/><D1/><AGARI ba="0,2" hai="1,4,9,16,21,25,36,38,48,49,50,132,133,134" machi="1" ten="50,18000,2" yaku="1,1,2,1,20,1,52,3,54,1,53,0" doraHai="128" doraHaiUra="80" who="1" fromWho="0" sc="240,-180,201,200,250,0,289,0" /><INIT seed="1,1,0,4,1,50" ten="60,401,250,289" oya="1" hai0="91,82,97,110,40,131,20,107,4,115,117,89,10" hai1="8,23,75,5,31,86,64,47,132,9,36,67,73" hai2="121,105,1,44,33,122,37,128,124,92,48,79,6" hai3="24,99,21,84,78,30,90,72,53,61,56,19,120"/><U16/><E132/><V49/><F105/><W80/><G120/><T103/><D115/><U35/><E86/><V51/><F128/><W70/><G70/><T29/><D117/><U54/><E31/><V114/><F114/><W94/><REACH who="3" step="1"/><G30/><REACH who="3" ten="60,401,250,279" step="2"/><T11/><D131/><U102/><E35/><V81/><F122/><W42/><G42/><T3/><D110/><U108/><E108/><V76/><F121/><W118/><G118/><T135/><D135/><U85/><E67/><V127/><F33/><W126/><G126/><T116/><D116/><U17/><E64/><V58/><F127/><W104/><G104/><T69/><D69/><U87/><E73/><AGARI ba="1,1" hai="19,21,24,53,56,61,72,73,78,80,84,90,94,99" machi="73" ten="40,8000,1" yaku="1,1,25,2,52,1,53,1" doraHai="50" doraHaiUra="52" who="3" fromWho="1" sc="60,0,401,-83,250,0,279,93" /><INIT seed="2,0,0,0,1,125" ten="60,318,250,372" oya="2" hai0="23,2,22,83,13,15,10,108,81,35,41,30,86" hai1="44,65,96,33,25,100,98,39,52,126,135,80,90" hai2="118,88,63,17,43,11,107,62,128,54,71,66,21" hai3="112,64,117,29,48,77,59,57,37,116,78,93,70"/><V56/><F128/><W115/><G37/><T75/><D108/><U133/><E126/><V34/><F118/><W4/><G29/><T89/><D35/><U6/><E65/><V94/><F107/><W26/><G26/><T130/><D2/><U47/><E6/><V60/><F34/><W111/><G111/><T103/><D103/><U0/><E0/><V124/><F124/><W8/><G93/><T24/><D130/><U99/><E100/><V114/><F114/><N who="3" m="43563" /><G70/><T104/><D104/><U102/><E102/><V50/><F11/><W55/><G59/><T132/><D132/><N who="1" m="50763" /><E39/><V32/><F32/><W28/><G28/><T38/><D38/><U49/><E47/><V7/><F7/><W45/><G45/><T131/><D131/><U31/><E80/><V129/><F43/><W3/><G64/><T51/><D75/><U113/><E113/><V16/><F129/><W42/><G42/><T1/><D1/><U97/><E97/><V19/><REACH who="2" step="1"/><F21/><REACH who="2" ten="60,318,240,372" step="2"/><W69/><G69/><T12/><D23/><U119/><E119/><AGARI ba="0,1" hai="3,4,8,48,55,57,77,78,116,117,119" m="43563" machi="119" ten="30,1000,0" yaku="11,1" doraHai="125" who="3" fromWho="1" sc="60,0,318,-10,240,0,372,20" /><INIT seed="3,0,0,3,3,63" ten="60,308,240,392" oya="3" hai0="110,88,22,75,53,60,120,46,30,100,47,112,123" hai1="64,130,111,19,76,38,45,67,12,4,5,133,17" hai2="113,119,44,23,24,105,81,95,79,28,86,39,57" hai3="21,89,59,94,32,109,65,40,55,16,29,121,70"/><W58/><G121/><T62/><D75/><U129/><E111/><V10/><F113/><W90/><G109/><T124/><D100/><U36/><E76/><V114/><F105/><W27/><G70/><T1/><D1/><U50/><E133/><V25/><F119/><W52/><G40/><T56/><D30/><U135/><E135/><V14/><F114/><W127/><G127/><T61/><D22/><U108/><E108/><V115/><F115/><W73/><G73/><T31/><D31/><U83/><E83/><V11/><F39/><N who="1" m="14889" /><E4/><V85/><F44/><W97/><G90/><T43/><D110/><U3/><E5/><V102/><F25/><W122/><G122/><T9/><D112/><U33/><E33/><V71/><F71/><W92/><G92/><T80/><D120/><U13/><E3/><V103/><F10/><W66/><G29/><T74/><D123/><U82/><E82/><V96/><F103/><W84/><G84/><T72/><D124/><U98/><E98/><V48/><F86/><W8/><G8/><T49/><D9/><U128/><E50/><V2/><F2/><W37/><G37/><T132/><D132/><U78/><E45/><V87/><F87/><W101/><G32/><T18/><D18/><N who="1" m="6667" /><E78/><V35/><F35/><W117/><G101/><T118/><D118/><U69/><E69/><V51/><REACH who="2" step="1"/><F57/><REACH who="2" ten="60,308,230,392" step="2"/><N who="3" m="21515" /><G117/><T125/><D125/><U134/><E134/><V6/><AGARI ba="0,1" hai="6,11,14,23,24,28,48,51,79,81,85,95,96,102" machi="6" ten="20,8000,1" yaku="1,1,0,1,7,1,8,1,53,1" doraHai="63" doraHaiUra="7" who="2" fromWho="2" sc="60,-20,308,-20,230,90,392,-40" owari="40,-46.0,288,-11.2,320,12.0,352,45.2" /></mjloggm>