<mjloggm ver="2.3"><GO type="169" lobby="0"/><UN n0="%E3%83%94%E3%83%B3%E3%82%B5%E3%83%AD%E5%BA%97%E5%93%A1" n1="%70%6F%6E%2D%65%6E" n2="%E5%85%A8%E9%80%9F%E3%82%86%E3%83%BC%E3%81%B8%E3%81%84" n3="%E3%83%8F%E3%82%A4%E3%83%A9%E3%82%A4%E3%83%88%31%37%6D" dan="17,16,18,16" rate="2272.73,2158.43,2190.56,2091.09" sx="M,F,M,M"/><TAIKYOKU oya="0"/><INIT seed="0,0,0,0,0,69" ten="250,250,250,250" oya="0" hai0="107,126,29,43,17,89,90,30,9,95,10,60,92" hai1="94,67,36,62,76,115,81,34,119,99,11,87,128" hai2="1,2,21,64,24,111,54,109,134,5,129,84,59" hai3="130,125,12,23,33,14,101,124,120,45,8,93,48"/><T77/><D107/><U53/><E119/><V73/><F73/><W86/><G33/><T105/><D105/><U3/><E128/><V35/><F35/><W116/><G116/><T27/><D126/><N who="3" m="48745" /><G130/><T20/><D77/><U31/><E115/><V91/><F64/><W75/><G75/><T18/><D43/><U50/><E3/><V102/><F102/><W15/><G120/><T16/><D60/><U118/><E11/><V98/><F5/><W37/><G23/><T132/><D132/><U88/><E118/><V6/><F6/><W26/><G26/><T71/><D71/><U123/><E36/><V108/><F134/><W70/><G70/><T47/><D47/><U39/><E39/><V7/><F7/><W19/><G37/><T127/><D127/><U61/><E67/><V106/><F98/><N who="3" m="59599" /><G86/><N who="0" m="52279" /><D30/><U25/><REACH who="1" step="1"/><E123/><REACH who="1" ten="250,240,250,250" step="2"/><V96/><F129/><W82/><G82/><T4/><D4/><U65/><E65/><V38/><F38/><W58/><G58/><AGARI ba="0,1" hai="25,31,34,50,53,58,61,62,76,81,87,88,94,99" machi="58" ten="30,3900,0" yaku="1,1,7,1,54,1,53,0" doraHai="69" doraHaiUra="131" who="1" fromWho="3" sc="250,0,240,49,250,0,250,-39" /><INIT seed="1,0,0,0,3,32" ten="250,289,250,211" oya="1" hai0="51,109,82,97,44,53,86,16,91,103,50,8,71" hai1="49,117,43,22,124,64,42,61,122,69,34,28,68" hai2="9,90,52,48,131,79,41,19,121,73,92,110,1" hai3="24,27,108,120,135,119,2,25,6,39,38,70,87"/><U3/><E34/><V102/><F121/><W78/><G120/><T56/><D109/><U10/><E122/><V107/><F110/><W65/><G108/><T94/><D71/><U29/><E117/><V115/><F131/><W81/><G135/><T134/><D134/><U123/><E123/><V132/><F132/><W133/><G133/><T96/><D96/><U111/><E111/><V5/><F107/><W112/><G112/><T113/><D113/><U76/><E69/><V47/><F102/><W101/><G101/><T45/><REACH who="0" step="1"/><D51/><REACH who="0" ten="240,289,250,211" step="2"/><U95/><E49/><V4/><F115/><W66/><G119/><T15/><AGARI ba="0,1" hai="8,15,16,44,45,50,53,56,82,86,91,94,97,103" machi="15" ten="30,12000,2" yaku="1,1,2,1,0,1,8,1,54,1,53,1" doraHai="32" doraHaiUra="14" who="0" fromWho="0" sc="240,130,289,-60,250,-30,211,-30" /><INIT seed="2,0,0,0,0,65" ten="370,229,220,181" oya="2" hai0="110,67,76,131,4,105,20,52,25,71,44,10,24" hai1="87,94,75,118,33,83,19,116,18,129,102,88,13" hai2="74,82,68,53,37,22,51,27,35,97,6,63,132" hai3="86,119,84,120,109,104,0,99,58,127,8,73,125"/><V115/><F115/><W69/><G73/><T5/><D105/><U48/><E129/><V93/><F37/><W133/><G119/><T7/><D110/><U98/><E33/><V17/><F132/><W123/><G58/><T34/><D131/><U43/><E75/><V61/><F6/><W121/><G69/><T21/><D76/><U80/><E19/><V89/><F35/><W41/><G41/><T11/><D34/><U77/><E83/><V50/><F68/><W31/><G31/><N who="0" m="17799" /><D67/><U12/><E12/><V107/><F107/><W60/><G60/><T38/><D38/><U111/><E111/><V26/><F26/><W106/><G109/><T113/><D71/><U79/><E118/><V55/><F74/><W28/><G28/><N who="0" m="17455" /><D113/><U2/><E2/><V59/><REACH who="2" step="1"/><F82/><REACH who="2" ten="370,229,210,181" step="2"/><W15/><G106/><T124/><D124/><N who="3" m="47689" /><G133/><T103/><D7/><U39/><E39/><V100/><F100/><N who="3" m="62495" /><G0/><T134/><D134/><U64/><E116/><V70/><F70/><W46/><G46/><AGARI ba="0,1" hai="17,22,27,46,50,51,53,55,59,61,63,89,93,97" machi="46" ten="30,5800,0" yaku="1,1,7,1,8,1,53,0" doraHai="65" doraHaiUra="96" who="2" fromWho="3" sc="370,0,229,0,210,68,181,-58" /><INIT seed="2,1,0,5,0,47" ten="370,229,278,123" oya="2" hai0="130,12,97,18,135,83,32,93,101,118,127,102,80" hai1="117,104,3,7,15,38,115,4,114,22,20,30,45" hai2="64,31,134,42,5,8,67,43,113,77,9,121,0" hai3="69,36,132,98,66,56,57,10,65,122,86,107,35"/><V109/><F113/><W103/><G132/><T78/><D32/><U27/><E104/><V6/><F121/><W21/><G36/><T48/><D135/><U55/><E38/><V131/><F134/><W68/><G122/><T46/><D130/><U133/><E133/><V79/><F31/><W91/><G35/><T72/><D127/><U19/><E55/><V14/><F109/><W99/><G10/><T128/><D128/><U73/><E45/><V16/><F131/><W85/><G21/><T29/><D29/><U26/><E73/><V61/><F61/><W76/><G91/><T71/><D71/><U96/><E96/><V125/><F125/><W92/><G76/><N who="2" m="29257" /><F0/><W70/><G92/><T13/><D83/><U106/><E106/><V60/><F60/><W33/><G33/><T108/><D108/><U39/><E39/><V24/><F9/><W94/><G107/><T23/><D118/><U25/><E117/><V63/><F63/><W126/><G126/><T110/><D110/><U49/><E3/><V50/><F50/><W84/><G94/><T88/><REACH who="0" step="1"/><D13/><REACH who="0" ten="360,229,278,123" step="2"/><U95/><E30/><V51/><F24/><W41/><G69/><T59/><D59/><U37/><E26/><V89/><F89/><W54/><G68/><T81/><D81/><U100/><E27/><V28/><F28/><W11/><G70/><T123/><D123/><U44/><E25/><V82/><F82/><W75/><G56/><T1/><D1/><U40/><E15/><V112/><F5/><W111/><G111/><T52/><AGARI ba="1,1" hai="12,18,23,46,48,52,72,78,80,88,93,97,101,102" machi="52" ten="20,12000,2" yaku="1,1,0,1,7,1,52,1,54,2,53,0" doraHai="47" doraHaiUra="34" who="0" fromWho="0" sc="360,133,229,-31,278,-61,123,-31" /><INIT seed="3,0,0,3,5,1" ten="493,198,217,92" oya="3" hai0="56,34,3,96,102,107,111,112,67,26,116,59,60" hai1="47,10,13,9,27,69,7,88,65,11,124,45,130" hai2="103,78,70,131,33,113,44,86,48,55,77,43,68" hai3="95,115,108,20,39,94,119,19,4,57,41,6,15"/><W49/><G119/><T51/><D116/><U104/><E104/><V133/><F33/><W18/><G115/><T64/><D3/><U42/><E130/><V37/><F113/><W14/><G108/><T110/><D112/><U74/><E74/><V89/><F103/><W5/><G39/><T52/><REACH who="0" step="1"/><D67/><REACH who="0" ten="483,198,217,92" step="2"/><U29/><E65/><V123/><F131/><W134/><G134/><T46/><D46/><U61/><E47/><V76/><F133/><W73/><G73/><T122/><D122/><U12/><E45/><V98/><F123/><W120/><G120/><T54/><D54/><U53/><E53/><V100/><F55/><N who="3" m="31983" /><G41/><T79/><D79/><U82/><E42/><V83/><REACH who="2" step="1"/><F37/><REACH who="2" ten="483,198,207,92" step="2"/><W90/><G90/><T92/><D92/><AGARI ba="0,2" hai="43,44,48,68,70,76,77,78,83,86,89,92,98,100" machi="92" ten="40,2600,0" yaku="1,1,2,1,53,0" doraHai="1" doraHaiUra="31" who="2" fromWho="0" sc="483,-26,198,0,207,46,92,0" /><INIT seed="4,0,0,4,2,116" ten="457,198,253,92" oya="0" hai0="66,117,118,10,19,131,37,16,27,4,41,57,109" hai1="76,1,85,110,49,12,6,73,80,104,79,34,88" hai2="123,46,132,84,106,36,17,75,121,89,60,127,22" hai3="61,128,58,71,86,9,54,97,64,77,122,81,24"/><T5/><D131/><U124/><E110/><V56/><F75/><W15/><G128/><T14/><D41/><U45/><E124/><V69/><F106/><W30/><G54/><T51/><D37/><U13/><E34/><V35/><F35/><W26/><G30/><T93/><D93/><U129/><E129/><V38/><F69/><W52/><G97/><T113/><D51/><U3/><E104/><V125/><F132/><W78/><G78/><T62/><D113/><U103/><E103/><V87/><F46/><W98/><G98/><T99/><D99/><U50/><E50/><V90/><F22/><W47/><G47/><T68/><D68/><U8/><E13/><V105/><F17/><W108/><G108/><T11/><D109/><U67/><E67/><V112/><F105/><W82/><G82/><T32/><D19/><U59/><E59/><V130/><F130/><W2/><G2/><T114/><D114/><U83/><REACH who="1" step="1"/><E76/><REACH who="1" ten="457,188,253,92" step="2"/><V101/><F112/><W126/><G126/><N who="2" m="48137" /><F101/><W42/><G42/><AGARI ba="0,1" hai="1,3,6,8,12,42,45,49,73,79,80,83,85,88" machi="42" ten="30,3900,0" yaku="1,1,7,1,54,1,53,0" doraHai="116" doraHaiUra="120" who="1" fromWho="3" sc="457,0,188,49,253,0,92,-39" /><INIT seed="5,0,0,2,3,112" ten="457,237,253,53" oya="1" hai0="135,121,95,23,16,10,71,77,116,113,15,68,13" hai1="61,70,21,44,17,9,7,84,49,102,105,80,53" hai2="83,107,20,87,78,14,47,25,51,132,79,43,46" hai3="3,103,59,126,39,33,34,90,40,8,30,133,92"/><U114/><E114/><V125/><F107/><W50/><G133/><T106/><D116/><U128/><E128/><V36/><F125/><W66/><G126/><T37/><D106/><U85/><E105/><V111/><F111/><W130/><G130/><T88/><D113/><U129/><E129/><V38/><F132/><W81/><G103/><T6/><D135/><U57/><E70/><V93/><F79/><W4/><G30/><T11/><D37/><U110/><E110/><V115/><F115/><W62/><G50/><T94/><D77/><U35/><E35/><V89/><F14/><W32/><G81/><T91/><D121/><U118/><E118/><V55/><F47/><W24/><G24/><T58/><D58/><U12/><E102/><V97/><F55/><W98/><G40/><T108/><D108/><U123/><E80/><V109/><F109/><W67/><REACH who="3" step="1"/><G39/><REACH who="3" ten="457,237,253,43" step="2"/><T124/><D124/><U100/><E100/><V119/><F119/><W22/><G22/><T120/><D120/><U104/><E123/><V41/><F43/><W48/><G48/><T5/><D23/><U76/><E104/><V52/><F41/><W2/><G2/><T117/><D117/><U26/><E76/><V56/><F46/><W75/><G75/><T73/><D73/><U19/><E26/><V28/><AGARI ba="0,1" hai="20,25,28,36,38,51,52,56,78,83,87,89,93,97" machi="28" ten="20,2700,0" yaku="0,1,7,1,54,1" doraHai="112" who="2" fromWho="2" sc="457,-7,237,-13,253,37,43,-7" /><INIT seed="6,0,0,0,2,116" ten="450,224,290,36" oya="2" hai0="68,115,121,119,133,58,67,91,86,0,105,16,40" hai1="1,130,111,128,108,7,99,124,26,109,12,32,93" hai2="37,126,131,112,83,59,52,31,62,97,17,18,20" hai3="123,88,87,9,135,129,84,15,57,54,90,107,48"/><V51/><F37/><W104/><G135/><T76/><D121/><U114/><E93/><V122/><F112/><W69/><G129/><N who="1" m="49770" /><E99/><V89/><F122/><W82/><G123/><T113/><D58/><U11/><E114/><V30/><F126/><W49/><G69/><T38/><D67/><U78/><E78/><V74/><F131/><W127/><G127/><T34/><D40/><U22/><E124/><V46/><F74/><W53/><G87/><T125/><D16/><N who="2" m="6250" /><F20/><W50/><G90/><T100/><D0/><U13/><E32/><V79/><F79/><W45/><REACH who="3" step="1"/><G49/><REACH who="3" ten="450,224,290,26" step="2"/><T19/><D38/><U102/><E102/><V103/><F103/><W73/><G73/><T70/><D100/><U118/><E118/><V8/><F8/><W36/><G36/><T92/><D70/><U132/><E132/><V85/><F97/><W95/><G95/><T27/><D92/><U5/><E111/><V23/><F23/><W44/><G44/><T81/><D68/><U66/><E109/><V28/><F46/><W35/><G35/><T120/><D34/><U41/><E108/><V56/><F59/><W47/><G47/><T3/><D125/><U25/><E22/><V29/><N who="2" m="7168" /><DORA hai="98" /><V72/><F72/><W64/><G64/><T24/><D115/><U106/><E66/><V33/><F33/><W96/><G96/><T42/><D113/><U101/><E101/><V55/><F51/><W43/><G43/><T65/><D42/><U80/><E41/><V4/><F55/><W117/><G117/><T77/><D119/><U39/><E39/><V2/><F52/><RYUUKYOKU ba="0,1" sc="450,-10,224,-10,290,-10,26,30" hai3="9,15,45,48,50,53,54,57,82,84,88,104,107" /><INIT seed="7,1,1,4,3,127" ten="440,214,280,56" oya="3" hai0="29,134,42,130,20,105,5,49,12,73,28,59,76" hai1="103,22,95,71,79,83,25,27,85,132,32,72,106" hai2="131,96,128,114,118,10,113,107,7,116,124,97,23" hai3="91,66,86,41,68,9,46,87,115,4,78,53,26"/><W38/><G115/><N who="2" m="44041" /><F23/><W8/><G53/><T125/><D130/><N who="2" m="49706" /><F124/><W39/><G39/><T52/><D105/><U110/><E71/><V135/><F135/><W121/><G121/><T47/><D125/><U37/><E22/><V15/><F107/><W102/><G102/><T55/><D134/><U75/><E85/><V123/><F123/><W18/><G78/><T122/><D122/><U0/><E83/><V82/><F82/><W21/><G91/><T61/><D73/><U50/><E75/><V88/><F88/><W48/><G38/><T44/><D76/><U63/><E50/><V33/><F33/><W74/><G74/><T17/><D5/><U16/><E16/><V56/><F56/><W62/><REACH who="3" step="1"/><G9/><REACH who="3" ten="440,214,280,46" step="2"/><T67/><D55/><U57/><E37/><AGARI ba="1,2" hai="12,17,20,28,29,37,42,44,47,49,52,59,61,67" machi="37" ten="30,2000,0" yaku="7,1,54,1" doraHai="127" who="0" fromWho="1" sc="440,43,214,-23,280,0,46,0" owari="483,58.3,191,-20.9,280,8.0,46,-45.4" /></mjloggm>