<mjloggm ver="2.3"><GO type="169" lobby="0"/><UN n0="%2D%E8%B1%8A%E5%8F%A3%E3%82%81%E3%81%90%E3%81%BF%2D" n1="%E8%A3%8F%E7%9F%A5%E3%82%89%E3%81%9A" n2="%4C%61%72%72%6B" n3="%68%61%72%75%6B%61%73" dan="17,17,16,16" rate="2156.19,2196.80,2158.34,2208.22" sx="F,M,M,M"/><TAIKYOKU oya="0"/><INIT seed="0,0,0,1,5,101" ten="250,250,250,250" oya="0" hai0="21,92,36,7,46,120,28,67,111,57,117,61,129" hai1="51,18,9,40,135,20,121,63,19,75,122,2,79" hai2="64,105,81,119,23,88,12,62,85,113,133,99,49" hai3="107,15,47,134,32,76,90,97,125,60,22,52,100"/><T65/><D117/><U115/><E135/><V37/><F37/><W127/><G32/><T84/><D120/><U17/><E115/><V74/><F113/><W104/><G76/><T95/><D129/><U110/><E40/><V41/><F133/><W66/><G90/><T14/><D111/><U82/><E51/><V0/><F0/><W116/><G116/><T126/><D126/><N who="3" m="48137" /><G134/><T83/><D67/><U5/><E110/><V56/><F119/><W131/><G131/><T3/><D3/><U25/><REACH who="1" step="1"/><E63/><REACH who="1" ten="250,240,250,250" step="2"/><V4/><F49/><N who="3" m="28735" /><G60/><T98/><D36/><U34/><E34/><V55/><F41/><W102/><G66/><T89/><D46/><U80/><E80/><V93/><F64/><W42/><G42/><T123/><D123/><AGARI ba="0,1" hai="2,5,9,17,18,19,20,25,75,79,82,121,122,123" machi="123" ten="40,2600,0" yaku="1,1,53,1" doraHai="101" doraHaiUra="35" who="1" fromWho="0" sc="250,-26,240,36,250,0,250,0" /><INIT seed="1,0,0,5,2,78" ten="224,276,250,250" oya="1" hai0="22,102,123,63,40,46,116,80,65,128,52,45,109" hai1="47,35,118,76,30,126,0,14,68,15,43,113,23" hai2="97,49,88,90,135,72,79,114,39,48,67,10,24" hai3="129,93,69,131,41,108,75,107,120,26,74,57,29"/><U3/><E68/><V104/><F39/><W58/><G107/><T89/><D116/><U117/><E47/><V91/><F67/><W73/><G69/><T83/><D109/><U2/><E43/><V6/><F135/><W61/><G120/><T38/><D102/><U81/><E113/><V25/><F114/><W20/><G108/><T111/><D111/><U8/><E126/><V31/><F104/><W28/><G41/><T92/><D128/><N who="3" m="49225" /><G93/><T64/><D123/><U36/><E36/><V13/><F97/><W82/><G28/><T98/><D22/><U119/><E35/><V84/><F72/><N who="3" m="27755" /><G61/><T87/><D98/><U122/><E122/><V86/><F24/><W70/><G70/><T130/><D130/><U42/><E42/><V94/><F79/><AGARI ba="0,0" hai="20,26,29,57,58,75,79,82" m="27755,49225" machi="79" ten="30,2000,0" yaku="19,1,52,1" doraHai="78" who="3" fromWho="2" sc="224,0,276,0,250,-20,250,20" /><INIT seed="2,0,0,0,4,27" ten="224,276,230,270" oya="2" hai0="94,25,133,88,60,52,44,96,17,43,22,3,68" hai1="132,57,110,90,11,39,45,55,47,81,72,37,78" hai2="103,130,131,73,122,12,64,35,26,6,28,98,126" hai3="104,117,75,107,109,23,101,0,36,89,79,20,86"/><V74/><F122/><W66/><G36/><T127/><D3/><U7/><E110/><V40/><F40/><W102/><G0/><T51/><D127/><U119/><E119/><V50/><F126/><W113/><G66/><T118/><D133/><U125/><E132/><V16/><F6/><W59/><G109/><T8/><D118/><U105/><E105/><V63/><F50/><W80/><G113/><T4/><D68/><U56/><E56/><V128/><F16/><W112/><G112/><T10/><D4/><U21/><E21/><V30/><F12/><W71/><G71/><T15/><D15/><U116/><E116/><V83/><F83/><W69/><G69/><T61/><D61/><U19/><E19/><V124/><F28/><W99/><G59/><AGARI ba="0,0" hai="8,10,17,22,25,43,44,51,52,59,60,88,94,96" machi="59" ten="40,8000,1" yaku="25,2,8,1,54,2" doraHai="27" who="0" fromWho="3" sc="224,80,276,0,230,0,270,-80" /><INIT seed="3,0,0,2,5,6" ten="304,276,230,190" oya="3" hai0="63,3,43,21,32,100,129,51,90,77,1,92,24" hai1="36,127,98,68,118,11,79,89,72,103,61,125,50" hai2="62,55,64,97,134,0,19,10,135,14,4,116,120" hai3="59,53,99,88,119,126,115,83,23,133,25,121,38"/><W8/><G115/><T122/><D122/><U13/><E36/><V128/><F120/><W69/><G69/><T15/><D100/><U95/><E118/><V48/><F116/><W123/><G38/><T18/><D77/><U80/><E50/><V47/><F128/><W93/><G126/><T75/><D75/><U113/><E113/><V35/><F35/><W27/><G27/><T67/><D129/><U70/><E103/><V109/><F97/><W12/><G83/><T66/><D66/><U5/><REACH who="1" step="1"/><E61/><REACH who="1" ten="304,266,230,190" step="2"/><V28/><F109/><W34/><G119/><T131/><D51/><U49/><E49/><V57/><REACH who="2" step="1"/><F28/><REACH who="2" ten="304,266,220,190" step="2"/><W94/><G123/><T96/><D131/><U31/><E31/><V74/><F74/><W106/><G121/><T52/><D32/><U42/><E42/><V76/><F76/><W104/><G34/><T130/><D43/><U71/><AGARI ba="0,2" hai="5,11,13,68,70,71,72,79,80,89,95,98,125,127" machi="71" ten="40,8000,1" yaku="1,1,0,1,52,1,53,1" doraHai="6" doraHaiUra="107" who="1" fromWho="1" sc="304,-20,266,100,220,-20,190,-40" /><INIT seed="4,0,0,4,4,27" ten="284,366,200,150" oya="0" hai0="41,39,3,62,37,88,98,77,86,96,54,46,31" hai1="7,21,78,51,59,30,80,9,102,58,113,122,105" hai2="118,47,111,15,66,109,17,25,0,94,91,61,104" hai3="29,106,107,52,19,126,26,6,127,114,8,71,130"/><T134/><D3/><U99/><E122/><V101/><F0/><W13/><G71/><T83/><D134/><U34/><E34/><V85/><F118/><W133/><G107/><T120/><D120/><U11/><E11/><V20/><F104/><W33/><G106/><T45/><D31/><U81/><E81/><V73/><F73/><W87/><G87/><T24/><D24/><U129/><E51/><V48/><F101/><W92/><G92/><T40/><D54/><U90/><E90/><V36/><F36/><W64/><G64/><T38/><D62/><U76/><E129/><V84/><F84/><W125/><G133/><T110/><D110/><U108/><E76/><V56/><REACH who="2" step="1"/><F25/><REACH who="2" ten="284,366,190,150" step="2"/><W28/><G130/><T74/><REACH who="0" step="1"/><D38/><REACH who="0" ten="274,366,190,150" step="2"/><U22/><E108/><V132/><F132/><W121/><G121/><T79/><D79/><U57/><E78/><V4/><F4/><W82/><G6/><T53/><D53/><AGARI ba="0,2" hai="15,17,20,47,48,53,56,61,66,85,91,94,109,111" machi="53" ten="30,2000,0" yaku="1,1,7,1,53,0" doraHai="27" doraHaiUra="35" who="2" fromWho="0" sc="274,-20,366,0,190,40,150,0" /><INIT seed="5,0,0,4,0,7" ten="254,366,230,150" oya="1" hai0="108,94,27,2,57,119,25,84,76,66,34,56,132" hai1="32,30,22,68,63,0,9,44,83,75,43,16,129" hai2="13,36,65,21,70,8,24,124,121,82,120,86,12" hai3="47,134,90,31,126,133,102,127,88,40,23,3,93"/><U18/><E129/><V111/><F111/><W81/><G3/><T98/><D108/><U115/><E32/><V28/><F36/><W51/><G102/><T67/><D119/><U117/><E30/><V116/><F116/><W73/><G73/><T55/><D2/><U20/><E20/><V101/><F101/><W1/><G1/><T128/><D128/><U87/><E22/><V4/><F124/><N who="3" m="47659" /><G81/><N who="0" m="47143" /><D34/><U131/><E115/><V99/><F99/><W37/><G37/><T112/><D132/><N who="3" m="50793" /><G93/><T6/><D6/><N who="1" m="1223" /><E131/><V122/><F65/><N who="0" m="24586" /><D112/><U39/><E117/><V97/><F97/><W85/><G85/><T46/><D46/><U110/><E87/><V54/><F70/><W64/><G64/><T58/><D55/><U48/><E39/><V74/><F54/><W50/><G50/><T107/><D107/><U135/><E48/><V19/><F74/><W35/><G35/><T42/><D42/><U89/><E75/><V69/><F69/><W33/><G33/><T52/><D52/><U125/><E43/><V60/><F60/><W71/><G71/><T5/><D5/><U26/><E68/><V95/><F95/><W130/><G130/><T92/><D92/><U62/><E135/><V118/><F118/><W45/><G45/><T109/><D109/><U79/><E44/><V38/><F38/><W49/><G51/><T113/><D113/><U80/><E125/><V17/><REACH who="2" step="1"/><F12/><REACH who="2" ten="254,366,220,150" step="2"/><W114/><G114/><T29/><D94/><U100/><E110/><V11/><F11/><W123/><G123/><T105/><D98/><U96/><E96/><V78/><AGARI ba="0,1" hai="4,8,13,17,19,21,24,28,78,82,86,120,121,122" machi="78" ten="30,7900,0" yaku="1,1,5,1,0,1,52,1,53,0" doraHai="7" doraHaiUra="104" who="2" fromWho="2" sc="254,-20,366,-39,220,89,150,-20" /><INIT seed="6,0,0,2,2,61" ten="234,327,309,130" oya="2" hai0="81,2,72,37,124,33,53,131,101,7,93,90,98" hai1="3,92,74,15,35,43,123,112,12,130,51,52,40" hai2="125,113,34,31,47,88,129,76,114,24,60,95,17" hai3="57,0,99,65,135,111,100,77,122,48,54,89,26"/><V107/><F107/><W22/><G135/><T58/><D33/><U18/><E3/><V86/><F125/><W119/><G119/><T4/><D124/><U103/><E74/><V117/><F117/><W94/><G122/><T27/><D37/><U11/><E35/><V56/><F129/><W10/><G111/><T127/><D127/><U133/><E112/><V106/><F106/><W73/><G73/><T82/><D131/><U28/><E28/><V44/><F76/><W66/><G77/><T104/><D27/><U19/><E133/><V102/><F102/><W21/><G21/><T71/><D71/><U5/><E5/><V55/><REACH who="2" step="1"/><F17/><REACH who="2" ten="234,327,299,130" step="2"/><W63/><G100/><T8/><D104/><U126/><E126/><V36/><F36/><W32/><G32/><T38/><D38/><U110/><E19/><V134/><F134/><W105/><G105/><T23/><D101/><U42/><E18/><V62/><F62/><W45/><G0/><T121/><D2/><U108/><E130/><V13/><F13/><W29/><REACH who="3" step="1"/><G10/><REACH who="3" ten="234,327,299,120" step="2"/><T84/><D8/><U85/><E11/><V50/><F50/><W64/><AGARI ba="0,2" hai="22,26,29,45,48,54,57,63,64,65,66,89,94,99" machi="64" ten="20,16000,3" yaku="1,1,2,1,0,1,7,1,8,1,52,3,53,0" doraHai="61" doraHaiUra="67" who="3" fromWho="3" sc="234,-40,327,-40,299,-80,120,180" /><INIT seed="7,0,0,3,1,70" ten="194,287,219,300" oya="3" hai0="43,66,133,44,65,9,122,107,73,96,40,89,91" hai1="130,75,26,102,67,108,53,126,71,12,28,59,39" hai2="21,56,119,10,78,80,61,85,92,46,37,60,132" hai3="114,35,62,100,11,54,106,98,99,79,30,124,74"/><W33/><G114/><T90/><D122/><U6/><E39/><V50/><F119/><W58/><G124/><T20/><D73/><U64/><E126/><V34/><F34/><W134/><G134/><T81/><D133/><U131/><E102/><V38/><F132/><W55/><G30/><T13/><D20/><U57/><E57/><V127/><F127/><W31/><G31/><T69/><D81/><U32/><E71/><V23/><F23/><W14/><G54/><T51/><D69/><U86/><E86/><V29/><F10/><W41/><G41/><T112/><D112/><U52/><E53/><V48/><F92/><W123/><G98/><T16/><REACH who="0" step="1"/><D40/><REACH who="0" ten="184,287,219,300" step="2"/><U109/><E75/><V113/><F113/><W118/><G123/><T103/><AGARI ba="0,1" hai="9,13,16,43,44,51,65,66,89,90,91,96,103,107" machi="103" ten="30,7900,0" yaku="1,1,2,1,0,1,54,1,53,0" doraHai="70" doraHaiUra="105" who="0" fromWho="0" sc="184,89,287,-20,219,-20,300,-39" /><INIT seed="8,0,0,4,1,110" ten="273,267,199,261" oya="0" hai0="85,50,89,116,31,26,127,80,15,126,11,125,123" hai1="30,25,111,61,73,63,47,98,71,51,9,27,90" hai2="55,114,117,32,62,96,10,36,5,37,106,7,133" hai3="131,68,76,77,23,65,64,74,54,84,113,108,87"/><T6/><D123/><U21/><E73/><V78/><F32/><W105/><G105/><T115/><D116/><U12/><E111/><V122/><F122/><W134/><G74/><T99/><D99/><U49/><E49/><V13/><F78/><W56/><G68/><T121/><D121/><U18/><E25/><V33/><F33/><W39/><G39/><T14/><D50/><U0/><E0/><V35/><F35/><W57/><G54/><T120/><D120/><U41/><E71/><V75/><F75/><W128/><G23/><N who="0" m="15839" /><D15/><U69/><E69/><V29/><F29/><W81/><G108/><T70/><D70/><U2/><E2/><V22/><F117/><W3/><G3/><T124/><D124/><U60/><E98/><V46/><F114/><AGARI ba="0,0" hai="6,11,14,80,85,89,114,115,125,126,127" m="15839" machi="114" ten="30,5800,0" yaku="18,1,52,2" doraHai="110" who="0" fromWho="2" sc="273,58,267,0,199,-58,261,0" owari="331,43.1,267,6.7,141,-35.9,261,-13.9" /></mjloggm>