<mjloggm ver="2.3"><GO type="169" lobby="0"/><UN n0="%E6%9C%88%E5%A4%9C%E3%81%AB%E9%A2%A8" n1="%E9%A6%99%E6%A4%8E%E4%BE%91%E5%BF%97" n2="%E3%81%8D%E3%82%83%E3%82%82%E3%82%93%E3%81%AC" n3="%6C%6E%61%69" dan="16,16,16,16" rate="2074.64,2106.41,2121.40,2033.42" sx="M,M,M,M"/><TAIKYOKU oya="0"/><INIT seed="0,0,0,5,0,22" ten="250,250,250,250" oya="0" hai0="86,84,5,78,122,61,53,30,63,69,2,83,109" hai1="116,14,34,131,76,74,27,113,12,38,102,37,108" hai2="125,79,77,128,20,85,48,106,42,57,88,51,60" hai3="89,87,134,21,46,114,4,104,33,75,130,47,19"/><T1/><D122/><U31/><E116/><V29/><F106/><W129/><G75/><T6/><D109/><U26/><E108/><V107/><F107/><W65/><G114/><T18/><D18/><U99/><E113/><V10/><F128/><N who="3" m="49259" /><G33/><T24/><D69/><U92/><E131/><V94/><F125/><W93/><G104/><T67/><D67/><U133/><E133/><V36/><F36/><W50/><G134/><T44/><D86/><U105/><E105/><V82/><F10/><W81/><G4/><T120/><D120/><U9/><E26/><N who="2" m="16583" /><F42/><W71/><G50/><N who="2" m="18985" /><F94/><W0/><G0/><T80/><D44/><U96/><E96/><V62/><F62/><N who="3" m="40375" /><G93/><T56/><D63/><U59/><E12/><AGARI ba="0,0" hai="12,19,21,46,47,81,87,89" m="40375,49259" machi="12" ten="30,1000,0" yaku="19,1" doraHai="22" who="3" fromWho="1" sc="250,0,250,-10,250,0,250,10" /><INIT seed="1,0,0,5,1,23" ten="250,240,250,260" oya="1" hai0="91,22,9,122,117,123,1,89,127,62,18,105,84" hai1="47,86,33,34,35,112,121,31,133,0,110,15,131" hai2="20,60,43,72,42,19,75,96,44,130,28,3,106" hai3="78,115,87,16,68,71,92,67,41,88,74,25,58"/><U54/><E112/><V116/><F116/><W57/><G115/><T63/><D127/><U124/><E0/><V21/><F3/><W13/><G41/><T5/><D105/><U2/><E2/><V104/><F130/><W61/><G71/><T36/><D36/><U95/><E121/><N who="0" m="46089" /><D91/><U128/><E124/><V132/><F132/><W40/><G40/><T93/><D117/><U125/><E125/><V4/><F4/><W8/><REACH who="3" step="1"/><G25/><AGARI ba="0,0" hai="1,5,9,18,22,25,62,63,84,89,93" m="46089" machi="25" ten="30,2000,0" yaku="13,1,52,1" doraHai="23" who="0" fromWho="3" sc="250,20,240,0,250,0,260,-20" /><INIT seed="2,0,0,4,2,6" ten="270,240,250,240" oya="2" hai0="128,36,47,51,38,9,106,131,19,11,44,4,121" hai1="69,33,70,39,31,112,102,71,46,89,12,3,58" hai2="105,114,52,124,127,15,94,91,55,134,63,120,64" hai3="75,76,45,83,87,61,67,49,42,78,113,115,28"/><V72/><F120/><W80/><REACH who="3" step="1"/><G28/><REACH who="3" ten="270,240,250,230" step="2"/><T129/><D121/><U23/><E31/><V41/><F114/><W35/><G35/><T65/><D129/><U25/><E33/><V98/><F134/><W126/><G126/><N who="2" m="48169" /><F105/><W21/><G21/><T107/><D106/><U5/><E23/><V29/><F29/><W26/><G26/><T24/><D107/><U17/><E25/><V66/><F72/><W110/><G110/><T84/><D24/><U74/><E74/><V18/><F41/><W48/><G48/><T93/><D51/><U59/><E112/><V60/><F60/><W77/><G77/><T109/><D109/><U96/><E39/><V30/><F30/><W100/><G100/><T99/><D38/><U2/><E102/><V92/><F92/><W111/><G111/><T22/><D36/><U135/><E135/><V43/><F43/><W56/><AGARI ba="0,1" hai="42,45,49,56,61,67,75,76,78,80,83,87,113,115" machi="56" ten="30,4000,0" yaku="21,2,0,1,53,0" doraHai="6" doraHaiUra="118" who="3" fromWho="3" sc="270,-10,240,-10,250,-20,230,50" /><INIT seed="3,0,0,0,3,54" ten="260,230,230,280" oya="3" hai0="28,57,100,24,52,135,38,119,22,61,129,53,39" hai1="133,80,31,101,93,111,79,73,56,0,106,134,10" hai2="69,58,40,108,86,77,117,42,88,59,68,87,60" hai3="105,120,25,13,6,34,130,124,29,103,92,1,84"/><W82/><G120/><T43/><D119/><U44/><E111/><V30/><F117/><W47/><G130/><T99/><D129/><U98/><E31/><V127/><F108/><W63/><G124/><T125/><D125/><U72/><E72/><V51/><F127/><W89/><G105/><T46/><D135/><U20/><E20/><V2/><F2/><W109/><G109/><T132/><D132/><U115/><E115/><V64/><F68/><W37/><G1/><T18/><D18/><U67/><E67/><V27/><F77/><W123/><G123/><T23/><D23/><U32/><E32/><V76/><F76/><W3/><G3/><T118/><D118/><U12/><E0/><V112/><F86/><W85/><G63/><T50/><REACH who="0" step="1"/><D43/><REACH who="0" ten="250,230,230,280" step="2"/><U36/><E133/><V70/><F112/><W126/><G126/><T33/><D33/><U91/><E134/><V4/><F70/><W62/><G34/><T35/><D35/><U113/><E113/><V95/><F4/><W48/><G6/><T19/><D19/><U78/><E73/><V55/><F69/><W83/><G29/><T107/><AGARI ba="0,1" hai="22,24,28,38,39,46,50,52,53,57,61,99,100,107" machi="107" ten="20,8000,1" yaku="1,1,0,1,7,1,52,1,54,1,53,0" doraHai="54" doraHaiUra="131" who="0" fromWho="0" sc="250,90,230,-20,230,-20,280,-40" /><INIT seed="4,0,0,0,5,26" ten="340,210,210,240" oya="0" hai0="83,70,86,121,95,73,4,48,67,53,90,37,88" hai1="34,23,43,98,116,115,56,57,74,111,109,69,0" hai2="108,30,123,75,68,51,46,65,133,134,80,16,93" hai3="39,101,84,131,21,125,64,1,120,112,102,5,129"/><T9/><D121/><U92/><E34/><V100/><F123/><W38/><G120/><T106/><D106/><U135/><E116/><V25/><F108/><W110/><G110/><T85/><D37/><U40/><E69/><V71/><F16/><W66/><G112/><T62/><D73/><U49/><E74/><V42/><F65/><W119/><G84/><T59/><D9/><U18/><E0/><V76/><F100/><W12/><G21/><T45/><REACH who="0" step="1"/><D4/><REACH who="0" ten="330,210,210,240" step="2"/><U6/><E6/><V2/><F134/><W89/><G5/><T122/><D122/><U55/><E135/><V35/><F133/><W60/><G39/><T58/><AGARI ba="0,1" hai="45,48,53,58,59,62,67,70,83,85,86,88,90,95" machi="58" ten="30,11700,0" yaku="1,1,0,1,54,1,53,1" doraHai="26" doraHaiUra="78" who="0" fromWho="0" sc="330,127,210,-39,210,-39,240,-39" /><INIT seed="4,1,0,1,0,120" ten="457,171,171,201" oya="0" hai0="10,53,65,69,76,39,32,101,41,105,95,64,111" hai1="46,22,74,11,109,92,7,21,104,54,16,2,124" hai2="28,67,88,85,119,72,103,106,71,62,98,45,110" hai3="130,66,122,3,80,87,128,38,5,115,117,68,8"/><T116/><D105/><U17/><E104/><V126/><F119/><W86/><G117/><T24/><D76/><U129/><E74/><V102/><F126/><W23/><G38/><T51/><D10/><U107/><E107/><V0/><F103/><W133/><G115/><T127/><D127/><U108/><E124/><V132/><F132/><W93/><G133/><T83/><D83/><U43/><E54/><V19/><F72/><W77/><G122/><T18/><D41/><U99/><E21/><V6/><F19/><W26/><G66/><T91/><D101/><U60/><E60/><V94/><F28/><W89/><REACH who="3" step="1"/><G68/><REACH who="3" ten="457,171,171,191" step="2"/><T123/><D65/><U37/><E129/><V48/><F0/><W50/><G50/><T100/><D39/><U42/><E42/><V27/><F48/><W30/><AGARI ba="1,1" hai="3,5,8,23,26,30,77,80,86,87,89,93,128,130" machi="30" ten="30,4000,0" yaku="1,1,0,1,53,1" doraHai="120" doraHaiUra="73" who="3" fromWho="3" sc="457,-21,171,-11,171,-11,191,53" /><INIT seed="5,0,0,2,3,4" ten="436,160,160,244" oya="1" hai0="26,46,53,105,19,88,119,106,134,24,112,98,37" hai1="2,83,56,72,85,124,108,63,18,66,54,127,89" hai2="52,23,34,31,70,55,74,16,93,86,81,59,131" hai3="28,40,90,14,120,67,9,20,123,13,0,38,95"/><U91/><E108/><V62/><F131/><W1/><G67/><T17/><D119/><U22/><E72/><V77/><F70/><W80/><G80/><T30/><D112/><U118/><E118/><V39/><F39/><W122/><G40/><T96/><D53/><U94/><E2/><N who="3" m="1130" /><G90/><T113/><D134/><U107/><E107/><V97/><F34/><W121/><G95/><T61/><D113/><U125/><E66/><N who="2" m="39263" /><F31/><W128/><G38/><T73/><D73/><U12/><REACH who="1" step="1"/><E94/><REACH who="1" ten="436,150,160,244" step="2"/><V79/><F74/><W58/><G122/><T3/><D3/><U41/><E41/><V130/><F130/><W102/><G128/><T42/><D106/><U36/><E36/><V51/><F51/><W82/><G121/><T65/><D105/><U25/><E25/><N who="2" m="14567" /><F79/><AGARI ba="0,1" hai="12,18,22,54,56,63,79,83,85,89,91,124,125,127" machi="79" ten="40,7700,0" yaku="1,1,18,1,53,1" doraHai="4" doraHaiUra="57" who="1" fromWho="2" sc="436,0,150,87,160,-77,244,0" /><INIT seed="5,1,0,5,1,94" ten="436,237,83,244" oya="1" hai0="121,97,78,100,12,80,29,25,46,108,96,82,68" hai1="0,69,132,2,58,124,125,35,85,17,105,65,109" hai2="77,66,1,26,135,67,19,103,84,74,79,49,14" hai3="61,123,104,63,131,33,50,92,89,129,53,31,36"/><U72/><E72/><V83/><F1/><W3/><G123/><T54/><D108/><U18/><E69/><V117/><F117/><W64/><G104/><T28/><D68/><U44/><E35/><V127/><F127/><W73/><G36/><T40/><D54/><U134/><E105/><V42/><F135/><N who="1" m="51753" /><E85/><V122/><F122/><W10/><G73/><T41/><D121/><U102/><E102/><V43/><F26/><N who="3" m="18679" /><G64/><T27/><D100/><U91/><E91/><V126/><F126/><N who="1" m="48745" /><E44/><V55/><F79/><W45/><G3/><N who="1" m="1066" /><E109/><V6/><F6/><W86/><G10/><T101/><D101/><U7/><E7/><V37/><F74/><W115/><G115/><T111/><D111/><U88/><E88/><V112/><F112/><W62/><G86/><T98/><D78/><U16/><E65/><V21/><F103/><W15/><G89/><T119/><D46/><U56/><AGARI ba="1,0" hai="16,17,18,56,58" m="1066,48745,51753" machi="56" ten="40,12000,1" yaku="28,2,20,1,18,1,54,1" doraHai="94" who="1" fromWho="1" sc="436,-41,237,123,83,-41,244,-41" /><INIT seed="5,2,0,4,0,68" ten="395,360,42,203" oya="1" hai0="119,122,130,13,32,105,15,21,126,78,66,31,124" hai1="3,8,113,104,5,9,55,1,42,84,18,56,67" hai2="79,24,129,52,38,34,14,73,35,6,19,63,26" hai3="89,125,50,30,90,103,120,51,98,57,77,134,27"/><U65/><E104/><V87/><F129/><W102/><G120/><T118/><D105/><U86/><E42/><V133/><F133/><W28/><G134/><T37/><D37/><U49/><E113/><V82/><F6/><W109/><G109/><T47/><D47/><U7/><E18/><V72/><F34/><W60/><G125/><N who="0" m="48235" /><D66/><AGARI ba="2,0" hai="1,3,5,7,8,9,49,55,56,65,66,67,84,86" machi="66" ten="40,2000,0" yaku="9,1" doraHai="68" who="1" fromWho="0" sc="395,-26,360,26,42,0,203,0" /><INIT seed="5,3,0,1,1,91" ten="369,386,42,203" oya="1" hai0="8,11,105,133,129,130,9,55,22,42,134,1,53" hai1="46,102,112,17,31,131,76,124,57,92,122,103,83" hai2="41,39,26,86,88,37,21,44,58,66,108,59,0" hai3="32,16,93,73,90,111,38,115,125,48,107,126,110"/><U87/><E122/><V15/><F0/><W30/><G107/><T116/><D105/><U7/><E112/><V117/><F108/><W69/><G38/><T61/><D116/><U60/><E131/><N who="0" m="50185" /><D1/><U13/><E124/><N who="3" m="47722" /><G73/><T106/><D106/><U96/><E31/><V89/><F117/><W80/><G69/><T6/><D6/><U36/><E7/><V75/><F75/><W70/><G70/><T10/><N who="0" m="2048" /><DORA hai="94" /><T43/><D22/><N who="1" m="11567" /><E36/><V4/><F4/><W113/><G48/><T127/><D127/><U68/><E46/><V67/><F15/><W104/><G104/><T3/><D3/><U52/><E68/><V49/><F89/><AGARI ba="3,0" hai="52,57,60,76,83,87,89,92,96,102,103" m="11567" machi="89" ten="30,11600,0" yaku="8,1,52,2,54,1" doraHai="91,94" who="1" fromWho="2" sc="369,0,386,125,42,-125,203,0" owari="369,16.9,511,61.1,-83,-58.3,203,-19.7" /></mjloggm>