<mjloggm ver="2.3"><GO type="169" lobby="0"/><UN n0="%E2%97%8E%E3%82%88%E3%81%97%E2%97%8E" n1="%61%73%6D%65%69%61%73" n2="%45%72%77%69%6E%52%64" n3="%35%30%38%30%74%61%6B%61" dan="17,16,16,16" rate="2188.93,2099.72,2152.24,2109.49" sx="M,M,M,M"/><TAIKYOKU oya="0"/><INIT seed="0,0,0,1,2,130" ten="250,250,250,250" oya="0" hai0="54,12,2,23,78,53,126,22,28,117,71,69,128" hai1="105,46,123,82,103,44,92,131,59,75,91,84,115" hai2="3,77,19,89,55,64,90,102,11,21,31,25,27" hai3="124,36,18,14,24,57,122,87,116,65,5,121,35"/><T95/><D117/><U112/><E123/><V32/><F77/><W134/><G36/><T100/><D2/><U7/><E7/><V56/><F64/><W62/><G116/><T97/><D126/><U133/><E59/><V34/><F34/><W114/><G114/><N who="1" m="43562" /><E44/><V72/><F72/><W30/><G124/><T49/><D128/><U1/><E46/><V98/><F11/><W61/><G87/><T70/><D78/><N who="1" m="44383" /><E1/><V67/><F67/><W125/><G125/><T68/><N who="0" m="17408" /><DORA hai="85" /><T66/><D66/><U119/><E131/><V40/><F40/><W76/><G5/><T74/><D74/><U26/><E26/><V104/><REACH who="2" step="1"/><F3/><REACH who="2" ten="250,250,240,250" step="2"/><W132/><G76/><T106/><D53/><U13/><E119/><V79/><F79/><W83/><G121/><T38/><D54/><U58/><E58/><V135/><F135/><N who="3" m="51755" /><G122/><T81/><D23/><U0/><E133/><V120/><F120/><W96/><G65/><T15/><D22/><U51/><E0/><V93/><F93/><W16/><G57/><T10/><D95/><U110/><E92/><V94/><F94/><W20/><G83/><T111/><D81/><U108/><E105/><V101/><F101/><W127/><G127/><T88/><D100/><U107/><E103/><V8/><F8/><N who="3" m="6215" /><G96/><T80/><D80/><U6/><E107/><V118/><F118/><W129/><G129/><T43/><D106/><U47/><E108/><V9/><F9/><W39/><G39/><T48/><D38/><U99/><E110/><V113/><F113/><W60/><G35/><T52/><D111/><U4/><E99/><RYUUKYOKU ba="0,1" sc="250,-15,250,-15,240,15,250,15" hai2="19,21,25,27,31,32,55,56,89,90,98,102,104" hai3="18,20,24,30,60,61,62" /><INIT seed="1,1,1,1,0,132" ten="235,235,255,265" oya="1" hai0="24,83,92,126,75,20,22,85,1,27,47,82,26" hai1="100,55,113,78,16,56,61,117,129,58,127,10,15" hai2="4,68,28,60,11,125,21,98,9,130,106,62,81" hai3="41,76,36,5,77,54,88,33,116,6,107,95,121"/><U23/><E113/><V93/><F106/><W25/><G121/><T89/><D1/><U131/><E117/><V112/><F112/><W71/><G107/><T52/><D126/><U111/><E111/><V7/><F130/><N who="1" m="49673" /><E78/><V74/><F81/><N who="0" m="30730" /><D75/><U119/><E119/><V84/><F74/><W79/><G116/><T59/><D47/><U135/><E135/><V86/><F21/><W90/><G71/><T66/><D66/><N who="1" m="39207" /><E100/><V43/><F28/><W50/><G36/><T18/><D22/><U103/><E103/><V53/><F43/><W87/><G41/><T120/><D120/><U63/><E23/><V108/><F108/><W73/><G73/><T30/><D30/><U46/><E46/><V17/><F68/><W14/><G33/><T64/><D64/><U48/><E48/><AGARI ba="1,1" hai="18,20,24,26,27,48,52,59,85,89,92" m="30730" machi="48" ten="30,2000,0" yaku="8,1,54,1" doraHai="132" who="0" fromWho="1" sc="235,33,235,-23,255,0,265,0" /><INIT seed="2,0,0,0,4,88" ten="268,212,255,265" oya="2" hai0="91,57,94,85,53,50,133,33,83,131,40,101,26" hai1="5,48,11,35,103,27,49,67,73,70,82,134,60" hai2="104,117,118,74,54,90,51,14,55,58,43,116,68" hai3="72,65,98,96,126,89,127,36,122,34,29,22,3"/><V4/><F104/><W23/><G122/><T1/><D131/><U97/><E134/><V77/><F68/><W16/><G36/><T44/><D133/><U105/><E73/><V17/><F4/><W30/><G72/><T46/><D1/><U7/><E82/><V31/><F31/><W41/><G3/><T135/><D135/><U124/><E124/><V2/><F2/><W121/><G121/><T106/><D106/><U111/><E111/><V28/><F28/><W109/><G41/><T69/><D69/><U45/><E45/><V59/><F43/><W99/><G109/><T95/><D33/><U113/><E113/><V108/><F108/><W75/><G75/><T107/><D44/><U42/><E42/><V132/><F132/><W80/><G65/><T63/><REACH who="0" step="1"/><D26/><REACH who="0" ten="258,212,255,265" step="2"/><U47/><E47/><V102/><F117/><W93/><G34/><T115/><D115/><U56/><E56/><V79/><F116/><W76/><G126/><T32/><D32/><U10/><E27/><V37/><F58/><W78/><G127/><T61/><D61/><U114/><E35/><V129/><F59/><W119/><G119/><T112/><D112/><U24/><E24/><V92/><F118/><W13/><G30/><T123/><D123/><U71/><E71/><V86/><F129/><W52/><G29/><T110/><D110/><U81/><E114/><V87/><F37/><W39/><G39/><T125/><D125/><U38/><E38/><V20/><F51/><W9/><G13/><T62/><D62/><U25/><E49/><V64/><F14/><W66/><G66/><RYUUKYOKU ba="0,1" sc="258,30,212,-10,255,-10,265,-10" hai0="40,46,50,53,57,63,83,85,91,94,95,101,107" /><INIT seed="3,1,1,3,0,124" ten="288,202,245,255" oya="3" hai0="19,130,70,86,66,23,1,48,39,73,127,7,131" hai1="65,60,74,54,12,44,63,100,20,129,61,78,17" hai2="87,80,114,99,134,119,29,3,133,26,58,113,28" hai3="85,121,52,109,34,47,21,13,67,51,79,10,62"/><W82/><G121/><T102/><D73/><U53/><E100/><V84/><F3/><W115/><G115/><T69/><D39/><U71/><E74/><V116/><F58/><W41/><G109/><T77/><D127/><U32/><E32/><V30/><F26/><W104/><G104/><T89/><D77/><U56/><E78/><V11/><F11/><W36/><G34/><T125/><D125/><U98/><E98/><V45/><F45/><W33/><G33/><T5/><D102/><U94/><E94/><V107/><F99/><W25/><G25/><N who="0" m="14591" /><D48/><U120/><E120/><V122/><F80/><W22/><G13/><T46/><D46/><U68/><E129/><N who="0" m="49161" /><D66/><U105/><E105/><V8/><F107/><W18/><G10/><N who="0" m="2351" /><D7/><U92/><E44/><V76/><F76/><W108/><G108/><T83/><AGARI ba="1,1" hai="69,70,83,86,89" m="2351,49161,14591" machi="83" ten="30,7900,0" yaku="19,1,52,3" doraHai="124" who="0" fromWho="0" sc="288,92,202,-21,245,-21,255,-40" /><INIT seed="4,0,0,1,1,134" ten="380,181,224,215" oya="0" hai0="71,74,15,73,87,63,85,109,130,17,114,80,99" hai1="70,91,34,108,43,115,81,75,64,2,56,122,65" hai2="12,38,102,49,6,106,59,133,89,42,96,107,4" hai3="84,104,47,27,113,36,111,44,117,82,33,16,77"/><T0/><D0/><U48/><E108/><V13/><F133/><W28/><G111/><T135/><D109/><U124/><E2/><V21/><F107/><W52/><G117/><T116/><D116/><U62/><E34/><V78/><F78/><W61/><G104/><T46/><D114/><U129/><E75/><V76/><F76/><W88/><G113/><T24/><D130/><U118/><E81/><V39/><F89/><W119/><G119/><T55/><D24/><U126/><E91/><V66/><F38/><W60/><G36/><T40/><D99/><U7/><E7/><V10/><F39/><W79/><G79/><T19/><D19/><U125/><E115/><V105/><F105/><W11/><G77/><T67/><D55/><N who="1" m="34079" /><E118/><V132/><F132/><W120/><G120/><T8/><D135/><U14/><E122/><V30/><F42/><W83/><G83/><T58/><D71/><U18/><E129/><V94/><F106/><W25/><G25/><T53/><D67/><U57/><E70/><V5/><F49/><N who="3" m="28711" /><G47/><T93/><D93/><U110/><E110/><V92/><F92/><W101/><G101/><T1/><D1/><U26/><E26/><N who="2" m="16719" /><F12/><AGARI ba="0,0" hai="11,12,16,27,28,33,60,61,82,84,88" m="28711" machi="12" ten="30,7700,0" yaku="25,1,54,3" doraHai="134" who="3" fromWho="2" sc="380,0,181,0,224,-77,215,77" /><INIT seed="5,0,0,1,3,52" ten="380,181,147,292" oya="1" hai0="56,100,32,66,51,118,19,11,104,84,73,68,64" hai1="110,14,117,135,79,17,134,10,87,39,30,105,40" hai2="97,50,26,21,102,113,93,125,82,2,69,45,133" hai3="49,71,116,80,59,46,42,101,28,15,5,8,12"/><U77/><E117/><V36/><F2/><W81/><G116/><T124/><D73/><U37/><E105/><V85/><F125/><W111/><G111/><T35/><D68/><U20/><E110/><V41/><F69/><W48/><G71/><T96/><D66/><U89/><E30/><V43/><F133/><N who="1" m="50697" /><E10/><V95/><F113/><W53/><G28/><T0/><D32/><U65/><E65/><V72/><F72/><W108/><G108/><T57/><D64/><U131/><E131/><V76/><F93/><W63/><G101/><T99/><D35/><U126/><E126/><V129/><F129/><W34/><G34/><T18/><D11/><U23/><E23/><V130/><F130/><W112/><G112/><T109/><D104/><U94/><E40/><V67/><F67/><W92/><G92/><T54/><D109/><U107/><E107/><V122/><F122/><W86/><G15/><T62/><D124/><U29/><E29/><V98/><F98/><W103/><G103/><T9/><D9/><U55/><E55/><N who="2" m="30159" /><F36/><AGARI ba="0,0" hai="14,17,20,36,37,39,77,79,87,89,94" m="50697" machi="36" ten="30,1500,0" yaku="20,1" doraHai="52" who="1" fromWho="2" sc="380,0,181,15,147,-15,292,0" /><INIT seed="5,1,0,5,2,67" ten="380,196,132,292" oya="1" hai0="89,114,68,56,113,104,39,102,111,106,133,26,33" hai1="96,70,88,72,122,29,110,40,4,64,54,92,130" hai2="34,77,135,120,128,95,79,17,75,13,16,15,71" hai3="28,85,2,66,9,123,46,87,24,30,98,129,69"/><U38/><E122/><V103/><F120/><W112/><G123/><T125/><D111/><U80/><E130/><V90/><F128/><W65/><G129/><T124/><D39/><U134/><E134/><V7/><F135/><W20/><G112/><N who="0" m="43115" /><D102/><U55/><E110/><V14/><F103/><W53/><G30/><N who="0" m="19671" /><D133/><U91/><E29/><V115/><F34/><W108/><G108/><T22/><D68/><U81/><E4/><V101/><F101/><W3/><G66/><T41/><D41/><U84/><E40/><V36/><F36/><W119/><G119/><T121/><D121/><U10/><E10/><V23/><F115/><W97/><G98/><T19/><D56/><U82/><E38/><V127/><F127/><N who="0" m="48714" /><D89/><U131/><E131/><V18/><F75/><W35/><G69/><T49/><D49/><U11/><E11/><V86/><F71/><W43/><G43/><T8/><D8/><U99/><E72/><V48/><F7/><W44/><G9/><T50/><D50/><U76/><E76/><V74/><F74/><W116/><G46/><T1/><D1/><U73/><E73/><V100/><F100/><W109/><G44/><T62/><D62/><N who="1" m="40215" /><E91/><V58/><REACH who="2" step="1"/><F23/><REACH who="2" ten="380,196,122,292" step="2"/><W63/><G20/><T32/><D32/><U45/><E45/><V42/><F42/><W37/><G35/><T105/><D105/><U47/><E47/><V21/><F21/><W61/><G37/><T94/><D104/><U52/><E82/><V126/><F126/><W59/><G109/><T25/><D106/><U118/><E118/><V60/><F60/><W57/><G63/><RYUUKYOKU ba="1,1" sc="380,10,196,10,122,10,292,-30" hai0="19,22,25,94" hai1="52,54,55,80,81,84,88,92,96,99" hai2="13,14,15,16,17,18,48,58,77,79,86,90,95" /><INIT seed="5,2,1,5,4,72" ten="390,206,132,262" oya="1" hai0="84,112,52,129,35,42,134,109,24,122,13,110,116" hai1="31,57,33,55,115,21,121,81,66,58,87,131,40" hai2="76,83,26,88,78,133,65,56,91,79,114,53,28" hai3="7,106,99,101,107,29,36,12,124,111,18,90,4"/><U54/><E121/><V32/><F133/><W117/><G111/><T49/><D116/><U2/><E2/><V10/><F114/><W43/><G107/><T93/><D112/><U38/><E115/><V82/><F65/><W3/><G3/><T96/><D134/><U8/><E33/><V30/><F30/><W25/><G117/><T118/><D129/><U64/><E131/><V126/><F126/><W6/><G124/><T34/><D122/><U71/><E71/><V73/><F10/><W51/><G90/><T100/><D118/><U95/><E95/><V119/><F119/><W127/><G127/><T23/><D42/><U59/><E8/><V44/><F44/><W74/><G74/><T130/><D130/><U9/><E9/><V0/><F0/><W103/><G103/><T132/><D132/><U104/><E104/><V14/><F14/><W27/><G36/><T47/><D34/><U67/><E40/><V39/><F39/><W48/><G43/><T123/><D123/><U11/><E11/><V86/><F78/><W15/><G27/><T97/><D35/><U5/><E5/><V17/><F17/><W69/><G69/><T128/><D128/><U89/><REACH who="1" step="1"/><E38/><REACH who="1" ten="390,196,132,262" step="2"/><V62/><AGARI ba="2,2" hai="26,28,32,53,56,62,73,76,79,82,83,86,88,91" machi="62" ten="20,8000,1" yaku="0,1,7,1,52,2,54,1" doraHai="72" who="2" fromWho="2" sc="390,-22,196,-42,132,106,262,-22" /><INIT seed="6,0,0,2,4,67" ten="368,154,238,240" oya="2" hai0="21,102,133,135,120,84,2,59,103,98,16,122,71" hai1="93,55,75,88,89,95,56,51,43,46,114,100,110" hai2="83,92,28,27,69,47,7,14,111,72,112,26,38" hai3="77,125,41,10,39,126,81,124,15,68,61,76,18"/><V60/><F112/><W115/><G115/><T17/><D2/><U63/><E110/><V118/><F118/><W85/><G39/><T78/><D71/><U9/><E75/><V109/><F92/><W94/><G41/><T128/><D128/><U19/><E114/><V129/><F129/><W82/><G94/><N who="0" m="58711" /><D103/><U105/><E105/><V79/><F14/><W44/><G44/><T53/><D84/><U25/><E95/><V32/><F26/><W8/><G8/><T123/><D78/><U65/><E65/><N who="2" m="41127" /><F7/><W37/><G37/><T121/><D21/><U108/><E108/><N who="2" m="41547" /><F47/><W70/><G61/><N who="0" m="36079" /><D121/><U54/><E43/><V42/><F42/><W99/><G99/><T96/><D96/><N who="1" m="59407" /><E25/><V0/><F38/><W73/><AGARI ba="0,0" hai="10,15,18,68,70,73,76,77,81,82,85,124,125,126" machi="73" ten="30,7900,0" yaku="0,1,18,1,52,2" doraHai="67" who="3" fromWho="3" sc="368,-20,154,-20,238,-39,240,79" /><INIT seed="7,0,0,3,4,79" ten="348,134,199,319" oya="3" hai0="127,23,14,37,4,28,125,26,68,119,17,40,95" hai1="18,43,35,55,88,132,87,21,75,71,73,30,99" hai2="109,100,46,76,69,32,42,3,131,121,1,38,50" hai3="44,77,12,36,82,108,135,66,129,89,41,124,62"/><W48/><G124/><N who="0" m="47691" /><D68/><U22/><E132/><V115/><F69/><W72/><G135/><T67/><D119/><U52/><E71/><V78/><F32/><W126/><G126/><T57/><D4/><U63/><E35/><V2/><F109/><W19/><G129/><T133/><D133/><U7/><E7/><V64/><F64/><W106/><G106/><T80/><D80/><N who="1" m="49255" /><E73/><V11/><F100/><W118/><G118/><T113/><D113/><U59/><E75/><V33/><F33/><W24/><G108/><T47/><D95/><U51/><E99/><V112/><F121/><W111/><G111/><T81/><D81/><U20/><E30/><V34/><F34/><W97/><G97/><T25/><D28/><U5/><E5/><V9/><F131/><W93/><G24/><T130/><D130/><U117/><E117/><V91/><F38/><W74/><G74/><T102/><D102/><U13/><E43/><V94/><F112/><W96/><G36/><T85/><D85/><U65/><E65/><V60/><F115/><W110/><G110/><T54/><D67/><U15/><E18/><V128/><F128/><W6/><G6/><T104/><D104/><U56/><AGARI ba="0,0" hai="13,15,20,21,22,51,52,55,56,59,63" m="49255" machi="56" ten="30,7900,0" yaku="8,1,52,1,54,2" doraHai="79" who="1" fromWho="1" sc="348,-20,134,79,199,-20,319,-39" owari="328,42.8,213,-18.7,179,-32.1,280,8.0" /></mjloggm>