<mjloggm ver="2.3"><GO type="169" lobby="0"/><UN n0="%E3%81%93%E3%81%AB" n1="%E3%81%82%E3%81%9F%E3%81%8B%E3%81%AA" n2="%E3%81%AA%E3%82%93%E3%81%93%E3%81%86" n3="%E3%81%8A%E3%81%A3%E3%81%8F%E3%82%93%4D%4C" dan="16,17,16,16" rate="2164.51,2197.89,2061.80,2081.73" sx="M,M,M,M"/><TAIKYOKU oya="0"/><INIT seed="0,0,0,4,4,118" ten="250,250,250,250" oya="0" hai0="20,6,50,126,22,64,58,95,104,60,30,34,127" hai1="29,38,37,43,13,80,18,76,25,122,4,119,112" hai2="46,63,11,42,40,114,3,129,14,70,61,130,94" hai3="102,132,17,51,98,53,15,16,89,47,93,81,90"/><T105/><D6/><U121/><E119/><V79/><F114/><W85/><G132/><T68/><D34/><U35/><E112/><V78/><F3/><W107/><G107/><T131/><D131/><N who="2" m="50186" /><F94/><W8/><REACH who="3" step="1"/><G17/><REACH who="3" ten="250,250,250,240" step="2"/><T110/><D104/><U57/><E4/><N who="2" m="3431" /><F42/><W2/><G2/><T124/><D105/><U108/><E43/><V39/><F70/><W125/><G125/><T91/><D110/><U101/><E108/><V106/><F106/><W48/><G48/><T41/><D30/><U19/><E19/><V28/><F28/><W72/><G72/><T134/><D134/><U33/><E38/><V7/><F7/><W86/><G86/><N who="0" m="52727" /><D68/><U5/><E37/><V97/><F97/><W82/><G82/><T100/><D100/><AGARI ba="0,1" hai="8,15,16,47,51,53,81,85,89,90,93,98,100,102" machi="100" ten="40,8000,1" yaku="1,1,25,2,8,1,54,1,53,0" doraHai="118" doraHaiUra="0" who="3" fromWho="0" sc="250,-80,250,0,250,0,240,90" /><INIT seed="1,0,0,1,2,97" ten="170,250,250,330" oya="1" hai0="87,1,102,62,116,83,124,112,3,2,12,31,46" hai1="32,17,18,39,128,61,70,107,15,35,76,84,113" hai2="96,24,66,59,4,52,121,11,103,65,51,64,78" hai3="40,94,125,71,33,0,130,91,114,29,89,110,98"/><U19/><E39/><V105/><F121/><W93/><G114/><T42/><D112/><U68/><E113/><V13/><F78/><W43/><G110/><T92/><D116/><U106/><E76/><V85/><F85/><W134/><G0/><T50/><D124/><U132/><E84/><V53/><F24/><W27/><G71/><N who="1" m="27178" /><E61/><V108/><REACH who="2" step="1"/><F53/><REACH who="2" ten="170,250,240,330" step="2"/><W90/><G27/><T86/><D86/><U111/><E111/><AGARI ba="0,1" hai="4,11,13,51,52,59,64,65,66,96,103,105,108,111" machi="111" ten="40,8000,1" yaku="1,1,2,1,52,1,54,1,53,0" doraHai="97" doraHaiUra="117" who="2" fromWho="1" sc="170,0,250,-80,240,90,330,0" /><INIT seed="2,0,0,0,2,11" ten="170,170,330,330" oya="2" hai0="111,35,16,31,29,117,0,22,13,83,23,86,74" hai1="4,60,108,52,104,113,79,127,30,64,78,89,67" hai2="120,121,81,119,88,76,130,71,19,53,90,114,50" hai3="58,87,101,2,59,133,103,43,109,93,39,134,54"/><V42/><F114/><W69/><G69/><T73/><D111/><U38/><E38/><V18/><F119/><W80/><G2/><T10/><D117/><U61/><E104/><V124/><F71/><W75/><G75/><T28/><D35/><U94/><E127/><V3/><F3/><W32/><G32/><T1/><D1/><U47/><E4/><V123/><F130/><W110/><G43/><T5/><REACH who="0" step="1"/><D23/><REACH who="0" ten="160,170,330,330" step="2"/><U65/><E108/><V17/><F124/><W118/><G118/><T14/><D14/><U21/><E113/><V27/><F27/><W62/><G110/><T12/><D12/><U85/><E21/><V106/><F106/><W96/><G109/><T40/><D40/><U48/><REACH who="1" step="1"/><E30/><REACH who="1" ten="160,160,330,330" step="2"/><V7/><F42/><W132/><G132/><T131/><D131/><U77/><AGARI ba="0,2" hai="47,48,52,60,61,64,65,67,77,78,79,85,89,94" machi="77" ten="30,8000,1" yaku="1,1,2,1,0,1,8,1,54,1,53,0" doraHai="11" doraHaiUra="6" who="1" fromWho="1" sc="160,-20,160,100,330,-40,330,-20" /><INIT seed="3,0,0,1,1,77" ten="140,260,290,310" oya="3" hai0="26,115,55,3,72,70,50,56,69,8,43,13,88" hai1="15,79,61,67,57,64,36,58,46,74,133,89,11" hai2="113,10,31,65,84,25,95,62,16,90,118,98,101" hai3="86,80,92,59,93,2,49,33,99,129,42,48,66"/><W106/><G2/><T128/><D72/><U54/><E133/><V27/><F113/><W39/><G33/><T96/><D115/><U34/><E34/><V19/><F118/><W104/><G39/><T32/><D128/><U4/><E89/><V108/><F108/><W111/><G129/><T135/><D3/><U76/><E74/><V127/><F127/><W125/><G125/><T24/><D135/><U18/><E36/><V20/><F10/><W82/><G111/><T85/><D96/><U116/><E116/><V52/><F27/><W29/><G29/><T5/><D43/><U83/><E46/><V134/><F134/><W100/><G42/><T51/><D51/><U87/><E76/><V9/><F9/><W110/><G110/><T102/><D102/><U94/><E94/><V12/><F52/><N who="3" m="32135" /><G106/><T37/><D37/><U112/><E112/><V119/><F12/><W78/><G104/><T0/><D0/><U68/><E68/><V17/><F119/><W107/><G66/><N who="1" m="25130" /><E58/><N who="2" m="37079" /><F19/><AGARI ba="0,0" hai="4,11,15,18,19,54,57,61,79,83,87" m="25130" machi="19" ten="30,2000,0" yaku="8,1,52,1" doraHai="77" who="1" fromWho="2" sc="140,0,260,20,290,-20,310,0" /><INIT seed="4,0,0,5,5,103" ten="140,280,270,310" oya="0" hai0="114,98,16,72,115,105,28,123,84,87,45,93,39" hai1="119,100,111,97,51,125,88,5,52,112,19,24,132" hai2="41,126,48,62,2,25,101,8,121,122,17,12,6" hai3="27,60,30,110,124,13,53,120,32,106,49,70,31"/><T54/><D123/><U40/><E111/><V1/><F101/><W89/><G110/><T20/><D28/><U67/><E119/><V34/><F62/><W73/><G73/><T63/><D72/><U91/><E125/><V75/><F75/><W47/><G31/><T113/><D105/><U129/><E132/><V26/><F41/><W65/><G124/><T74/><D74/><U4/><E129/><V10/><F48/><W80/><G120/><N who="2" m="46185" /><F126/><W43/><G13/><T118/><D118/><U133/><E133/><V55/><F55/><W23/><G106/><T134/><D134/><U3/><E40/><V109/><F109/><W22/><G80/><T94/><D39/><U64/><E112/><V56/><F56/><N who="3" m="32815" /><G89/><N who="0" m="55599" /><D94/><N who="1" m="58423" /><E3/><N who="2" m="95" /><F34/><W108/><G108/><T46/><D46/><U42/><E42/><V18/><F18/><W82/><G82/><T102/><D102/><U21/><E4/><N who="2" m="1295" /><F2/><W59/><G59/><N who="0" m="35319" /><D45/><N who="1" m="27759" /><E5/><V117/><F117/><W7/><G7/><T33/><D33/><U61/><E61/><V0/><F0/><W85/><G85/><T68/><D68/><U79/><E79/><V131/><F131/><W78/><G78/><T95/><D95/><U38/><E38/><AGARI ba="0,0" hai="22,23,27,30,32,38,43,47,60,65,70" m="32815" machi="38" ten="30,1000,0" yaku="24,1" doraHai="103" who="3" fromWho="1" sc="140,0,280,-10,270,0,310,10" /><INIT seed="5,0,0,0,4,121" ten="140,270,270,320" oya="1" hai0="24,70,36,52,124,34,84,132,45,69,53,128,39" hai1="95,102,2,49,31,111,99,51,85,114,18,86,82" hai2="26,79,64,96,37,119,15,130,98,76,123,17,88" hai3="9,16,32,74,126,28,44,46,118,94,11,33,91"/><U63/><E114/><V81/><F123/><W41/><G74/><T61/><D84/><U110/><E2/><V78/><F119/><W101/><G118/><T8/><D8/><U103/><E31/><V89/><F37/><N who="0" m="14410" /><D24/><U10/><E102/><V65/><F130/><W87/><G126/><T105/><D34/><U20/><E10/><V3/><F3/><W62/><G62/><T56/><D105/><U131/><E131/><V90/><F26/><W48/><G46/><T125/><D128/><U57/><E51/><V68/><F68/><N who="0" m="26218" /><D132/><U25/><E49/><AGARI ba="0,0" hai="45,49,52,53,56,61,124,125" m="26218,14410" machi="49" ten="40,5200,0" yaku="34,2,54,1" doraHai="121" who="0" fromWho="1" sc="140,52,270,-52,270,0,320,0" /><INIT seed="6,0,0,0,1,76" ten="192,218,270,320" oya="2" hai0="2,15,98,86,84,1,101,30,128,93,89,135,120" hai1="79,131,100,97,87,126,46,127,24,125,105,34,66" hai2="129,130,28,104,25,38,80,122,49,44,82,52,53" hai3="106,29,63,11,65,36,22,75,62,77,110,90,4"/><V39/><F122/><W57/><G110/><T0/><D120/><U92/><E131/><N who="2" m="50187" /><F104/><W56/><G36/><N who="2" m="13865" /><F53/><W33/><G33/><AGARI ba="0,0" hai="25,28,33,44,49,52,80,82" m="13865,50187" machi="33" ten="30,11600,0" yaku="19,1,52,2,54,1" doraHai="76" who="2" fromWho="3" sc="192,0,218,0,270,116,320,-116" /><INIT seed="6,1,0,5,1,22" ten="192,218,386,204" oya="2" hai0="37,17,130,109,95,15,26,83,87,24,103,76,16" hai1="13,88,93,132,104,42,122,57,97,74,9,119,58" hai2="107,19,30,118,70,91,3,102,34,47,90,55,11" hai3="120,134,18,10,105,53,68,1,89,35,0,12,36"/><V123/><F118/><W33/><G68/><T50/><D109/><U80/><E119/><V101/><F123/><W66/><G36/><T112/><D112/><U52/><E122/><V77/><F70/><W61/><G105/><T111/><D130/><U106/><E42/><V38/><F77/><W20/><G53/><T59/><D37/><U44/><E44/><V135/><F135/><W129/><G120/><T73/><D111/><U75/><E58/><V27/><F107/><W69/><G129/><T21/><D17/><U67/><E67/><V49/><F38/><W62/><G62/><T110/><D110/><U108/><E108/><V64/><F64/><W126/><G134/><T25/><D73/><U100/><E80/><V127/><F127/><W124/><G89/><T43/><D43/><U40/><E40/><V131/><F3/><N who="3" m="1099" /><G10/><T28/><D103/><U94/><E104/><V7/><F11/><W8/><G8/><N who="0" m="6247" /><D95/><U99/><E106/><V23/><F131/><W4/><G4/><T82/><D82/><U48/><E132/><V115/><F7/><AGARI ba="1,0" hai="7,9,13,48,52,57,74,75,88,93,94,97,99,100" machi="7" ten="30,3900,0" yaku="7,1,54,2" doraHai="22" who="1" fromWho="2" sc="192,0,218,42,386,-42,204,0" /><INIT seed="7,0,0,0,5,38" ten="192,260,344,204" oya="3" hai0="127,4,49,32,9,75,107,92,73,26,48,105,6" hai1="59,35,61,109,129,37,115,123,28,45,10,51,65" hai2="130,84,64,21,3,118,57,108,29,2,1,50,0" hai3="82,120,24,27,63,14,56,91,8,119,30,94,34"/><W13/><G119/><T112/><D127/><U72/><E109/><V25/><F108/><W88/><G120/><T39/><D39/><U95/><E72/><V98/><F118/><W40/><G40/><T106/><D112/><U104/><E104/><V134/><F1/><W102/><G27/><T132/><D132/><U103/><E28/><V12/><F134/><W111/><G111/><T135/><D135/><U117/><E10/><V121/><F130/><W131/><G131/><T17/><D32/><U54/><E95/><V90/><F98/><W70/><G70/><T97/><D6/><U53/><E103/><V66/><F121/><W133/><G133/><T80/><D17/><U114/><E35/><V55/><REACH who="2" step="1"/><F12/><REACH who="2" ten="192,260,334,204" step="2"/><W46/><G14/><T79/><D26/><U122/><E117/><V96/><F96/><W89/><G102/><T125/><D125/><U5/><E129/><V19/><F19/><W58/><G82/><AGARI ba="0,1" hai="0,2,3,21,25,29,50,55,57,64,66,82,84,90" machi="82" ten="40,1300,0" yaku="1,1,53,0" doraHai="38" doraHaiUra="116" who="2" fromWho="3" sc="192,0,260,0,334,23,204,-13" owari="192,-20.8,260,6.0,357,45.7,191,-30.9" /></mjloggm>