<mjloggm ver="2.3"><GO type="169" lobby="0"/><UN n0="%E3%81%A8%E3%82%8D%E3%82%8D%E3%81%9D%E3%81%B0" n1="%2D%E8%B1%8A%E5%8F%A3%E3%82%81%E3%81%90%E3%81%BF%2D" n2="%E3%81%B5%E3%82%8D%E3%82%93" n3="%E8%A6%9A%E9%86%92%E3%81%97%E3%81%9F%E3%81%A8%E3%81%BE%E3%81%A8" dan="17,17,17,16" rate="2246.98,2192.21,2208.40,2144.29" sx="M,F,M,M"/><TAIKYOKU oya="0"/><INIT seed="0,0,0,0,5,74" ten="250,250,250,250" oya="0" hai0="108,49,60,114,72,34,119,92,43,135,14,67,26" hai1="35,132,79,78,62,112,28,101,113,64,70,57,109" hai2="106,7,90,23,36,118,75,13,107,40,24,77,56" hai3="82,100,12,71,127,124,21,129,15,94,122,121,41"/><T8/><D114/><N who="1" m="44139" /><E109/><V30/><F118/><W95/><G71/><T98/><D119/><U99/><E132/><V63/><F36/><W1/><G1/><T97/><D135/><U51/><E51/><V33/><F40/><W6/><G41/><T42/><D108/><U29/><E57/><V86/><F75/><W81/><G21/><T61/><D72/><U131/><E131/><V58/><F58/><W39/><G39/><T44/><D43/><U46/><E46/><V80/><F90/><W117/><G117/><T111/><D111/><U83/><E83/><N who="3" m="31754" /><G100/><T87/><D34/><U89/><E89/><V53/><REACH who="2" step="1"/><F23/><REACH who="2" ten="250,250,240,250" step="2"/><W48/><G129/><T102/><D102/><U19/><E35/><V38/><F38/><W93/><G48/><T52/><D42/><U73/><E73/><V105/><F105/><W31/><G122/><T54/><D61/><U5/><E62/><V68/><F68/><W17/><G121/><T11/><D60/><U88/><E88/><V104/><F104/><W69/><G69/><T91/><D98/><U96/><E96/><V126/><F126/><W134/><G134/><T65/><D97/><U85/><E99/><V116/><F116/><W25/><G127/><T3/><D91/><U130/><E70/><V4/><F4/><W10/><G124/><T22/><D87/><U20/><E85/><V50/><F50/><W103/><G103/><T133/><D133/><U47/><E101/><V27/><F27/><W128/><G128/><T45/><D49/><U18/><E5/><V76/><F76/><W110/><G110/><T2/><D26/><RYUUKYOKU ba="0,1" sc="250,-10,250,-10,240,30,250,-10" hai2="7,13,24,30,33,53,56,63,77,80,86,106,107" /><INIT seed="1,1,1,5,5,58" ten="240,240,270,240" oya="1" hai0="10,70,88,81,65,103,12,126,72,129,52,46,5" hai1="80,35,99,82,33,59,117,111,79,133,86,85,15" hai2="90,101,30,98,47,42,76,29,16,6,106,26,44" hai3="3,66,19,74,121,110,56,68,48,18,71,64,57"/><U37/><E117/><V36/><F76/><W122/><G48/><T134/><D103/><U132/><E37/><V75/><F75/><W45/><G45/><T130/><D134/><N who="1" m="51819" /><E15/><V69/><F69/><W96/><G96/><T135/><D135/><U1/><E1/><V123/><F123/><W73/><REACH who="3" step="1"/><G3/><REACH who="3" ten="240,240,270,230" step="2"/><T92/><D46/><U67/><E99/><V13/><F47/><W95/><G95/><T25/><D92/><U109/><E109/><AGARI ba="1,2" hai="18,19,56,57,64,66,68,71,73,74,109,110,121,122" machi="109" ten="25,3200,0" yaku="1,1,22,2,53,0" doraHai="58" doraHaiUra="11" who="3" fromWho="1" sc="240,0,240,-35,270,0,230,55" /><INIT seed="2,0,0,1,3,45" ten="240,205,270,285" oya="2" hai0="30,121,12,63,100,10,11,56,64,7,21,129,89" hai1="62,95,85,126,116,132,98,40,113,48,68,9,77" hai2="25,60,93,13,17,88,105,120,130,90,65,57,114" hai3="2,47,127,101,46,96,29,53,28,43,71,87,81"/><V117/><F114/><W3/><G71/><T134/><D121/><U59/><E116/><V24/><F120/><W44/><G127/><T14/><D129/><U73/><E113/><V115/><F115/><W23/><G43/><T109/><D109/><U66/><E126/><V58/><F105/><W51/><G3/><T97/><D134/><U122/><E122/><V103/><F130/><W133/><G2/><T42/><D42/><U38/><E73/><V111/><F117/><W70/><G70/><T19/><D89/><U41/><E132/><V16/><F111/><W123/><G123/><T5/><D30/><U55/><E9/><N who="2" m="6191" /><F58/><W82/><G133/><T79/><D79/><U69/><E69/><V118/><F118/><W49/><G82/><T135/><D135/><U94/><E38/><V34/><F34/><W106/><G23/><T75/><D75/><U107/><E107/><V112/><F112/><W80/><G81/><T99/><REACH who="0" step="1"/><D100/><REACH who="0" ten="230,205,270,285" step="2"/><U54/><E77/><V72/><F72/><W32/><G32/><T92/><D92/><U86/><E94/><V18/><F103/><W20/><G29/><T37/><D37/><U84/><REACH who="1" step="1"/><E54/><REACH who="1" ten="230,195,270,285" step="2"/><V33/><F93/><N who="3" m="58511" /><G53/><T6/><D6/><U8/><E8/><V0/><F90/><AGARI ba="0,2" hai="40,41,48,55,59,62,66,68,84,85,86,90,95,98" machi="90" ten="40,2600,0" yaku="1,1,52,1,53,0" doraHai="45" doraHaiUra="108" who="1" fromWho="2" sc="230,0,195,46,270,-26,285,0" /><INIT seed="3,0,0,2,1,12" ten="230,241,244,285" oya="3" hai0="126,101,94,51,1,124,83,120,2,85,95,115,117" hai1="130,108,123,135,118,122,57,69,31,68,105,121,22" hai2="79,86,91,134,72,42,116,46,34,32,131,53,110" hai3="16,96,73,80,60,67,6,5,23,55,84,119,27"/><W106/><G119/><T29/><D120/><U13/><E105/><V39/><F116/><W18/><G73/><T49/><D117/><U56/><E118/><V88/><F110/><W38/><G38/><T97/><D29/><U65/><E108/><V58/><F131/><W15/><G55/><T17/><D95/><U74/><E74/><V37/><F37/><W7/><G96/><T10/><D115/><U82/><E130/><V20/><F134/><W103/><G103/><T11/><D1/><U81/><E135/><V99/><F20/><W33/><G106/><T92/><D92/><U47/><E47/><V70/><F70/><W14/><G33/><T64/><D64/><U71/><E31/><V93/><F79/><W52/><G18/><T112/><D112/><U35/><E35/><V104/><F72/><W25/><G27/><T3/><D3/><U24/><E24/><V77/><F77/><W127/><G127/><T40/><D2/><U19/><REACH who="1" step="1"/><E65/><REACH who="1" ten="230,231,244,285" step="2"/><V0/><F104/><W66/><G67/><T8/><D126/><U125/><E125/><V62/><REACH who="2" step="1"/><F0/><REACH who="2" ten="230,231,234,285" step="2"/><W44/><G66/><T114/><D124/><U100/><E100/><V59/><F59/><AGARI ba="0,2" hai="13,19,22,56,57,59,68,69,71,81,82,121,122,123" machi="59" ten="50,3200,0" yaku="1,1,52,1,53,0" doraHai="12" doraHaiUra="28" who="1" fromWho="2" sc="230,0,231,52,234,-32,285,0" /><INIT seed="4,0,0,5,2,2" ten="230,283,202,285" oya="0" hai0="25,34,94,119,45,56,82,120,84,70,110,97,27" hai1="80,116,42,98,121,12,127,67,68,1,131,54,30" hai2="49,0,129,101,111,65,47,96,29,115,13,124,64" hai3="8,74,52,48,17,44,130,133,102,61,60,59,6"/><T76/><D70/><U3/><E116/><V89/><F0/><W18/><G133/><T7/><D120/><U107/><E121/><V55/><F111/><W112/><G112/><T79/><D119/><U15/><E42/><V123/><F123/><W4/><G130/><T114/><D114/><U33/><E15/><V40/><F115/><W37/><G74/><T135/><D135/><U126/><E54/><V75/><F75/><W26/><G37/><T81/><D34/><U58/><E58/><V108/><F124/><W5/><G102/><T113/><D113/><U122/><E12/><V53/><F29/><W21/><G59/><T104/><D104/><U57/><E57/><V43/><F89/><W125/><G125/><N who="1" m="47626" /><E80/><V93/><F108/><W46/><G44/><T31/><D45/><U83/><E83/><V73/><F129/><W63/><REACH who="3" step="1"/><G18/><REACH who="3" ten="230,283,202,275" step="2"/><T109/><D56/><U36/><E36/><V86/><F47/><W106/><G106/><T28/><D110/><U91/><E131/><V95/><F73/><W62/><N who="3" m="15360" /><DORA hai="87" /><W14/><AGARI ba="0,1" hai="4,5,6,8,14,17,21,26,46,48,52" m="15360" machi="14" ten="40,16000,3" yaku="1,1,4,1,0,1,8,1,52,3,54,1,53,1" doraHai="2,87" doraHaiUra="118,41" who="3" fromWho="3" sc="230,-80,283,-40,202,-40,275,170" /><INIT seed="5,0,0,2,4,93" ten="150,243,162,445" oya="1" hai0="111,37,121,46,53,99,87,117,20,14,105,96,31" hai1="26,41,55,84,5,128,29,91,54,6,32,52,28" hai2="92,65,7,123,133,11,85,64,124,69,114,30,18" hai3="4,78,89,48,10,12,104,125,57,0,9,61,90"/><U120/><E120/><V63/><F123/><W108/><G108/><T134/><D117/><U8/><E128/><V3/><F133/><W106/><G125/><T101/><D111/><U25/><E41/><V82/><F124/><W56/><G78/><T13/><D121/><U38/><E38/><V94/><F30/><W23/><G23/><T119/><D119/><U103/><E103/><V19/><F65/><W118/><G118/><T129/><D134/><U131/><E131/><V86/><F114/><W95/><G48/><T130/><D130/><U51/><E51/><V116/><F116/><W58/><G61/><T98/><D129/><U70/><E70/><V62/><F62/><W27/><G27/><N who="0" m="16871" /><D105/><U132/><E132/><V112/><F112/><W67/><G67/><T83/><D101/><U47/><E47/><V113/><F113/><W126/><G90/><N who="0" m="51583" /><D37/><U109/><E109/><V135/><F135/><W80/><G80/><T122/><D122/><U21/><REACH who="1" step="1"/><E8/><REACH who="1" ten="150,233,162,445" step="2"/><V17/><REACH who="2" step="1"/><F86/><REACH who="2" ten="150,233,152,445" step="2"/><W59/><G126/><T77/><D77/><AGARI ba="0,2" hai="3,7,11,17,18,19,63,64,69,77,82,85,92,94" machi="77" ten="40,5200,0" yaku="1,1,2,1,53,1" doraHai="93" doraHaiUra="79" who="2" fromWho="0" sc="150,-52,233,0,152,72,445,0" /><INIT seed="6,0,0,5,0,91" ten="98,233,224,445" oya="2" hai0="15,45,59,102,125,108,81,131,111,93,90,25,53" hai1="35,52,128,1,0,12,120,33,94,7,9,118,88" hai2="96,116,58,119,84,89,24,32,13,124,65,26,22" hai3="135,30,72,87,114,76,17,112,4,18,62,69,61"/><V134/><F134/><W97/><G135/><T132/><D132/><U67/><E118/><V74/><F74/><W86/><G72/><T40/><D125/><U19/><E67/><V100/><F124/><W3/><G30/><T115/><D115/><N who="3" m="44073" /><G97/><T104/><D131/><U82/><E82/><V133/><F133/><W70/><G4/><T63/><D81/><U41/><E41/><V101/><F116/><W129/><G3/><T110/><D104/><U75/><E75/><V39/><F39/><W5/><G5/><T64/><D102/><U122/><E128/><V21/><F32/><W77/><G129/><T23/><D15/><U99/><E1/><V27/><F119/><W56/><G18/><T71/><D40/><U83/><E83/><N who="2" m="49311" /><F13/><W43/><G17/><T10/><D10/><N who="1" m="6551" /><E52/><V37/><F37/><W54/><G43/><T78/><D78/><N who="3" m="30313" /><G70/><T130/><D130/><U107/><E107/><V34/><F34/><W2/><G2/><T73/><D73/><U80/><E80/><V126/><F126/><W106/><G106/><T79/><D79/><U42/><E42/><V36/><F36/><W66/><AGARI ba="0,0" hai="54,56,61,62,66,69,86,87" m="30313,44073" machi="66" ten="30,2000,0" yaku="15,1,11,1" doraHai="91" who="3" fromWho="3" sc="98,-5,233,-5,224,-10,445,20" /><INIT seed="7,0,0,5,1,21" ten="93,228,214,465" oya="3" hai0="133,89,0,79,102,53,63,101,8,55,83,31,22" hai1="48,114,105,13,42,58,65,68,134,39,90,76,110" hai2="108,49,82,29,70,28,95,36,23,19,1,4,86" hai3="84,32,125,34,127,2,116,129,52,40,130,18,71"/><W64/><G116/><T92/><D133/><U99/><E110/><V77/><F36/><W10/><G40/><T27/><D0/><U33/><E76/><V24/><F108/><W121/><G121/><T3/><D3/><U94/><E33/><N who="3" m="12906" /><G52/><T74/><D8/><U115/><E105/><V111/><F111/><W112/><G112/><T6/><D6/><U37/><E13/><V122/><F70/><W60/><G84/><T124/><D124/><N who="3" m="47689" /><G18/><T61/><D55/><U75/><E42/><V43/><F122/><W50/><G50/><T72/><D72/><U107/><E48/><V123/><F123/><W98/><G98/><T7/><D7/><AGARI ba="0,0" hai="2,7,10,60,64,71,129,130" m="47689,12906" machi="7" ten="40,3900,0" yaku="18,1,23,1" doraHai="21" who="3" fromWho="0" sc="93,-39,228,0,214,0,465,39" owari="54,-44.6,228,2.8,214,-18.6,504,60.4" /></mjloggm>