<mjloggm ver="2.3"><GO type="225" lobby="0"/><UN n0="%E5%91%A8%E6%9D%B1" n1="%E3%81%AF%E3%82%88%E3%81%8A%E3%81%98%E3%81%95%E3%82%93" n2="%E6%98%93%E5%88%A9%E8%96%A9%E4%BC%AF" n3="%43%55%4B%45%59" dan="16,16,17,16" rate="2175.04,2200.77,2229.37,2037.60" sx="M,M,F,M"/><TAIKYOKU oya="0"/><INIT seed="0,0,0,1,2,108" ten="250,250,250,250" oya="0" hai0="2,65,89,128,21,96,71,13,131,79,26,58,88" hai1="113,51,104,14,84,22,15,33,25,64,72,98,105" hai2="117,55,3,19,129,28,44,114,94,54,90,97,20" hai3="32,75,115,59,8,99,46,102,83,103,50,135,110"/><T5/><D71/><U12/><E72/><V30/><F129/><N who="0" m="49738" /><D79/><U62/><E33/><V101/><F3/><W78/><G110/><T92/><D2/><U70/><E113/><V81/><F117/><W120/><G32/><T17/><D5/><U60/><E60/><V36/><F114/><W29/><G135/><T85/><D65/><U6/><E6/><V7/><F7/><W116/><G116/><T10/><D58/><U16/><E98/><V100/><F36/><W91/><G29/><N who="0" m="17615" /><D85/><U69/><E70/><V42/><F42/><W123/><G59/><T34/><D34/><U31/><E31/><N who="2" m="11819" /><F44/><W82/><G115/><T87/><D87/><U73/><E73/><V112/><F112/><W48/><G46/><T119/><D119/><U133/><E133/><V47/><F47/><W56/><G56/><T18/><D18/><U93/><REACH who="1" step="1"/><E51/><REACH who="1" ten="250,240,250,250" step="2"/><V24/><F101/><AGARI ba="0,1" hai="10,13,17,88,89,92,96,101" m="17615,49738" machi="101" ten="30,2900,0" yaku="19,1,54,1" doraHai="108" who="0" fromWho="2" sc="250,39,240,0,250,-29,250,0" /><INIT seed="0,1,0,2,0,0" ten="289,240,221,250" oya="0" hai0="72,125,119,9,53,120,87,100,6,98,89,93,108" hai1="26,94,67,105,54,29,129,90,74,133,21,8,57" hai2="27,135,39,114,101,92,58,130,91,51,20,103,43" hai3="36,28,44,64,107,46,34,16,56,7,60,123,33"/><T126/><D119/><U4/><E105/><V97/><F114/><W69/><G123/><T112/><D120/><U132/><E74/><V80/><F130/><W118/><G118/><T122/><D122/><U23/><E129/><V19/><F135/><N who="1" m="51785" /><E67/><V32/><F32/><W1/><G107/><T78/><D112/><U77/><E77/><V127/><F127/><W3/><G16/><T68/><D68/><U121/><E121/><V59/><F39/><W65/><G56/><T30/><D108/><U95/><E23/><V66/><F80/><W50/><G50/><T63/><D30/><U24/><E24/><V15/><F15/><W31/><G60/><T99/><D63/><N who="1" m="36279" /><E90/><V17/><F17/><W102/><G69/><T111/><D111/><U75/><E75/><V11/><F11/><W70/><G70/><T22/><D22/><U85/><E85/><V73/><F73/><W2/><G36/><T48/><D78/><U110/><E110/><V86/><F86/><W5/><G1/><AGARI ba="1,0" hai="1,4,8,21,26,29,94,95" m="36279,51785" machi="1" ten="30,2000,0" yaku="20,1,52,1" doraHai="0" who="1" fromWho="3" sc="289,0,240,23,221,0,250,-23" /><INIT seed="1,0,0,1,2,56" ten="289,263,221,227" oya="1" hai0="14,105,19,34,18,122,119,110,38,91,29,30,81" hai1="77,113,59,55,92,15,27,111,100,106,134,115,125" hai2="85,129,109,5,20,123,46,80,41,103,4,7,83" hai3="26,39,86,126,0,35,66,97,127,73,124,36,60"/><U54/><E106/><V102/><F123/><W78/><G86/><T128/><D105/><U12/><E125/><N who="3" m="32002" /><W31/><DORA hai="62" /><G97/><T45/><D119/><U70/><E70/><V84/><F109/><W67/><G0/><T25/><D110/><U58/><E111/><V6/><N who="2" m="1024" /><DORA hai="74" /><V23/><F129/><W64/><G60/><T48/><D128/><U44/><E44/><V76/><F103/><W107/><G107/><T88/><D38/><U53/><E27/><V33/><F33/><W75/><G75/><T132/><D122/><U121/><E121/><V13/><F13/><W63/><G63/><T101/><D101/><U57/><E100/><V135/><F102/><W131/><G131/><T21/><D132/><U9/><E92/><V49/><REACH who="2" step="1"/><F135/><REACH who="2" ten="289,263,211,227" step="2"/><W118/><G118/><T96/><D34/><U72/><E134/><V89/><AGARI ba="0,1" hai="20,23,41,46,49,76,80,83,84,85,89" m="1024" machi="89" ten="40,12000,2" yaku="1,1,2,1,0,1,8,1,52,1,53,2" doraHai="56,62,74" doraHaiUra="32,112,79" who="2" fromWho="2" sc="289,-30,263,-60,211,130,227,-30" /><INIT seed="2,0,0,4,3,119" ten="259,203,341,197" oya="2" hai0="74,73,134,59,98,94,84,11,110,37,61,31,16" hai1="75,127,69,100,126,122,77,35,39,81,1,60,105" hai2="58,63,85,118,115,23,92,112,83,20,48,41,95" hai3="82,50,103,132,22,62,72,91,47,133,27,53,3"/><V89/><F118/><W64/><G3/><T51/><D110/><U108/><RYUUKYOKU type="yao9" ba="0,0" sc="259,0,203,0,341,0,197,0" hai1="1,35,39,60,69,75,77,81,100,105,108,122,126,127" /><INIT seed="2,1,0,1,0,46" ten="259,203,341,197" oya="2" hai0="6,4,42,119,34,112,111,11,41,74,56,99,69" hai1="55,62,13,123,45,120,61,100,134,104,129,93,133" hai2="47,110,19,31,102,73,96,98,101,67,95,113,20" hai3="57,49,80,118,103,109,91,75,37,59,89,117,16"/><V3/><F113/><W43/><G37/><T1/><D69/><U132/><E104/><V88/><F3/><W79/><G109/><T84/><D74/><U39/><E129/><V5/><F5/><W85/><G103/><T32/><D111/><U8/><E93/><V48/><F73/><W58/><G75/><T12/><D112/><U35/><E35/><V92/><F67/><W36/><G36/><T128/><D128/><U10/><E100/><N who="2" m="60423" /><F31/><W44/><REACH who="3" step="1"/><G16/><REACH who="3" ten="259,203,341,187" step="2"/><T107/><D119/><AGARI ba="1,1" hai="43,44,49,57,58,59,79,80,85,89,91,117,118,119" machi="119" ten="40,5200,0" yaku="1,1,2,1,52,1,53,0" doraHai="46" doraHaiUra="130" who="3" fromWho="0" sc="259,-55,203,0,341,0,187,65" /><INIT seed="3,0,0,2,0,45" ten="204,203,341,252" oya="3" hai0="133,72,117,48,134,51,89,19,59,109,64,79,32" hai1="38,68,126,54,44,99,47,35,26,70,25,119,58" hai2="118,22,78,28,1,8,91,39,98,11,46,18,13" hai3="83,112,57,94,127,73,60,123,71,122,29,69,56"/><W9/><G94/><T12/><D32/><U115/><E115/><V97/><F78/><W116/><G29/><T110/><D117/><U37/><E99/><V55/><F28/><W84/><G73/><T108/><D89/><U80/><E35/><V100/><F39/><W75/><G75/><T93/><D93/><U111/><E80/><V107/><F1/><W3/><G84/><T34/><D34/><U132/><E119/><V103/><F91/><W24/><G83/><N who="0" m="45543" /><D64/><U17/><E111/><V74/><F74/><W49/><G24/><N who="1" m="9322" /><E17/><V61/><F118/><W53/><G116/><T104/><D104/><U20/><E20/><V0/><F0/><W50/><G127/><T95/><D95/><U120/><E120/><N who="3" m="46122" /><G9/><N who="0" m="6543" /><D59/><N who="3" m="22601" /><G3/><T114/><D114/><U7/><E126/><V82/><F107/><W5/><G5/><T14/><D14/><U62/><E7/><V33/><F82/><W90/><G90/><T67/><D67/><U105/><E105/><V135/><F33/><W128/><G128/><T23/><D23/><U15/><E15/><V6/><F6/><W21/><G21/><T42/><D42/><N who="1" m="22607" /><E70/><N who="3" m="26634" /><G112/><T101/><D101/><U27/><N who="1" m="9330" /><U2/><DORA hai="4" /><E68/><V131/><F131/><W10/><G10/><T30/><D30/><U81/><E2/><V124/><F22/><W76/><G76/><T87/><D87/><U113/><E113/><V129/><F124/><W96/><G96/><T40/><D40/><N who="1" m="22935" /><E81/><V65/><F129/><W31/><G31/><T63/><D63/><U85/><E85/><V88/><F98/><W125/><G125/><T102/><D102/><RYUUKYOKU ba="0,0" sc="204,10,203,10,341,-30,252,10" hai0="48,51,108,109,110,133,134" hai1="54,58,62,132" hai3="49,50,53,60" /><INIT seed="3,1,0,2,4,79" ten="214,213,311,262" oya="3" hai0="36,25,87,3,19,59,1,41,47,22,35,126,43" hai1="85,20,111,72,44,113,67,54,60,75,39,81,124" hai2="15,48,14,28,66,4,135,100,30,61,24,98,12" hai3="9,120,57,90,91,50,114,107,42,32,51,5,83"/><W116/><G120/><T26/><D126/><U128/><E113/><V92/><F135/><W21/><G107/><T16/><D43/><U131/><E124/><V10/><F48/><W106/><G106/><T11/><D59/><U103/><E111/><V70/><F30/><W64/><G32/><AGARI ba="1,0" hai="4,10,12,14,15,24,28,32,61,66,70,92,98,100" machi="32" ten="30,1000,0" yaku="7,1" doraHai="79" who="2" fromWho="3" sc="214,0,213,0,311,13,262,-13" owari="214,-18.6,213,-28.7,324,42.4,249,4.9" /></mjloggm>