<mjloggm ver="2.3"><GO type="169" lobby="0"/><UN n0="%E2%97%8E%E3%82%88%E3%81%97%E2%97%8E" n1="%E9%87%A3%E3%82%8A%E6%97%A5%E5%92%8C" n2="%E3%81%A1%E3%82%83%E3%82%93%E3%81%AE%E3%81%B6" n3="%61%6B%69%62%61%62%61%6E" dan="16,17,17,17" rate="2127.90,2175.14,2137.83,2168.60" sx="M,M,M,M"/><TAIKYOKU oya="0"/><INIT seed="0,0,0,0,4,40" ten="250,250,250,250" oya="0" hai0="28,94,41,26,78,20,96,118,66,38,135,30,7" hai1="43,71,109,61,16,21,64,69,115,57,124,113,76" hai2="70,13,123,11,121,59,105,24,53,54,32,49,39" hai3="112,2,5,45,130,47,42,58,12,36,46,84,133"/><T51/><D118/><U86/><E109/><V93/><F105/><W107/><G112/><N who="1" m="43082" /><E124/><V102/><F70/><W92/><G107/><T63/><D135/><U9/><E9/><V55/><F39/><W110/><G110/><T100/><D38/><U131/><E131/><V1/><F1/><W99/><G130/><T67/><D30/><U8/><E8/><V35/><F93/><W14/><G2/><T117/><D117/><U87/><E43/><V75/><F102/><W101/><G133/><T106/><D106/><U65/><E65/><V73/><F24/><W111/><G111/><T116/><D116/><U98/><E98/><V17/><F55/><W91/><G58/><N who="0" m="37239" /><D67/><U22/><E22/><V29/><F29/><W108/><G108/><T82/><D7/><U56/><E56/><V23/><F35/><W31/><G31/><T129/><D129/><U127/><E127/><V19/><F32/><W83/><REACH who="3" step="1"/><G5/><REACH who="3" ten="250,250,250,240" step="2"/><T0/><D0/><U103/><E69/><V18/><F121/><W37/><G37/><T77/><D82/><U48/><E71/><V79/><F123/><W27/><G27/><T89/><D89/><U4/><E4/><V62/><F18/><W68/><G68/><T10/><D10/><U60/><E103/><V80/><F19/><W34/><G34/><T122/><D122/><U33/><E33/><V81/><F11/><W25/><G25/><T114/><D114/><U6/><E6/><V52/><F62/><W97/><G97/><T50/><D50/><U95/><E61/><V132/><F132/><W72/><G72/><T134/><D134/><RYUUKYOKU ba="0,1" sc="250,10,250,-30,250,10,240,10" hai0="20,26,28,41,51,77,78,94,96,100" hai2="13,17,23,49,52,53,54,59,73,75,79,80,81" hai3="12,14,36,42,45,46,47,83,84,91,92,99,101" /><INIT seed="0,1,1,2,2,38" ten="260,220,260,250" oya="0" hai0="116,9,34,14,46,54,90,128,123,86,73,132,119" hai1="64,111,31,12,121,1,84,72,80,62,19,57,118" hai2="69,127,79,92,105,49,85,101,71,27,2,25,53" hai3="125,68,102,131,126,88,76,109,98,8,78,91,133"/><T16/><D123/><U20/><E118/><V70/><F2/><W63/><G68/><T33/><D73/><U24/><E111/><V87/><F127/><N who="3" m="48651" /><G63/><T77/><D77/><N who="3" m="29801" /><G8/><T45/><D132/><U32/><E121/><V48/><F105/><N who="3" m="63703" /><G109/><T61/><D128/><U124/><E124/><V108/><F108/><W130/><G133/><T50/><D61/><U13/><E72/><V22/><F79/><W59/><G59/><T99/><D99/><U7/><E13/><V120/><F48/><W55/><G55/><T129/><D129/><AGARI ba="1,1" hai="88,91,129,130,131" m="63703,29801,48651" machi="129" ten="30,8000,1" yaku="19,1,18,1,34,2,54,1" doraHai="38" who="3" fromWho="0" sc="260,-83,220,0,260,0,250,93" /><INIT seed="1,0,0,3,4,99" ten="177,220,260,343" oya="1" hai0="34,3,113,38,64,74,131,125,22,106,117,121,47" hai1="97,11,72,86,0,129,46,48,40,16,94,55,41" hai2="75,79,56,31,104,29,108,1,119,45,2,128,76" hai3="19,107,98,10,115,109,35,124,24,78,89,135,114"/><U101/><E72/><V18/><F119/><W50/><G124/><T25/><D22/><U118/><E118/><V26/><F108/><W44/><G109/><T20/><D20/><U12/><E129/><V77/><F75/><W95/><G135/><T43/><D64/><U37/><E0/><V111/><F111/><W90/><G78/><T62/><D62/><U100/><E86/><V96/><F18/><W130/><G130/><T27/><D47/><U92/><E37/><V133/><F128/><W127/><G127/><T68/><D43/><N who="1" m="16459" /><E92/><V4/><F133/><W122/><G122/><T30/><D30/><U15/><E15/><V8/><F1/><W42/><G107/><T58/><D58/><U36/><E36/><V9/><F56/><W81/><G35/><T14/><D14/><U134/><E134/><V61/><F104/><W120/><G120/><T69/><D27/><U65/><E65/><V73/><F26/><W54/><G42/><T116/><D25/><U87/><E87/><V52/><F73/><W63/><G24/><T28/><D28/><U93/><E93/><V21/><F31/><W53/><G53/><T39/><D39/><U123/><E123/><V110/><F52/><W51/><G51/><T82/><D117/><U57/><E46/><V7/><F45/><W105/><G105/><T70/><D70/><U91/><AGARI ba="0,0" hai="11,12,16,48,55,57,91,94,97,100,101" m="16459" machi="91" ten="30,11700,0" yaku="8,1,52,2,54,1" doraHai="99" who="1" fromWho="1" sc="177,-39,220,117,260,-39,343,-39" /><INIT seed="1,1,0,0,2,12" ten="138,337,221,304" oya="1" hai0="25,27,114,78,53,57,49,47,87,46,98,120,117" hai1="85,66,1,48,35,39,99,61,9,71,121,133,135" hai2="20,91,2,122,19,70,43,44,104,89,59,54,90" hai3="64,108,7,110,86,94,111,97,96,109,33,92,65"/><U62/><E121/><V100/><F122/><W31/><N who="3" m="27648" /><DORA hai="22" /><W67/><G7/><T51/><D120/><U132/><E39/><V77/><F70/><W13/><G13/><T82/><D114/><U29/><E62/><V15/><F2/><W103/><G86/><T134/><D134/><U41/><E85/><V6/><F77/><W105/><REACH who="3" step="1"/><G96/><REACH who="3" ten="138,337,221,294" step="2"/><T76/><D117/><U112/><E99/><V123/><F6/><W63/><G63/><N who="0" m="36271" /><D98/><U60/><E60/><V28/><F123/><W38/><G38/><T102/><D78/><U30/><E61/><V8/><F15/><W107/><G107/><T37/><D37/><U45/><E132/><V127/><F104/><W10/><G10/><T83/><D83/><U101/><E9/><V32/><F8/><W68/><G68/><T21/><D102/><U79/><E101/><V5/><F100/><W56/><G56/><T24/><D21/><U26/><E71/><V14/><F59/><W52/><G52/><T74/><D74/><U58/><E133/><V113/><F54/><W40/><G40/><T128/><D128/><U42/><E42/><V18/><F43/><W23/><G23/><T119/><D119/><U34/><E135/><V81/><F20/><W36/><G36/><T0/><D0/><U130/><E1/><V88/><F90/><W50/><G50/><AGARI ba="1,1" hai="24,25,27,46,47,49,50,51,76,82,87" m="36271" machi="50" ten="30,7700,0" yaku="8,1,52,3" doraHai="12,22" who="0" fromWho="3" sc="138,90,337,0,221,0,294,-80" /><INIT seed="2,0,0,1,2,28" ten="228,337,221,214" oya="2" hai0="18,59,6,34,24,50,88,120,16,90,45,71,35" hai1="104,3,20,1,110,74,15,22,133,100,84,83,91" hai2="67,47,33,32,114,42,94,29,107,61,58,96,122" hai3="92,63,11,55,118,2,109,38,117,97,89,79,9"/><V46/><F114/><W8/><G2/><T127/><D71/><U66/><E110/><V69/><F122/><W41/><G109/><T48/><D120/><U87/><E74/><V129/><F129/><W115/><G115/><T64/><D6/><U56/><E133/><V7/><F107/><W57/><REACH who="3" step="1"/><G79/><REACH who="3" ten="228,337,221,204" step="2"/><T23/><D127/><U81/><E3/><V44/><F7/><W70/><G70/><T111/><D111/><U12/><E1/><V95/><F69/><W123/><G123/><T19/><D90/><U126/><E126/><V86/><F42/><W13/><G13/><T68/><D68/><U108/><E108/><V128/><F128/><W103/><G103/><T26/><D88/><U10/><E15/><V52/><F67/><W65/><G65/><T5/><D64/><U62/><E100/><V72/><F72/><W54/><G54/><T78/><D78/><N who="1" m="46135" /><E104/><V53/><F53/><W4/><G4/><AGARI ba="0,1" hai="4,10,12,20,22,56,62,66,83,87,91" m="46135" machi="4" ten="30,1000,0" yaku="8,1" doraHai="28" who="1" fromWho="3" sc="228,0,337,20,221,0,204,-10" /><INIT seed="3,0,0,2,5,89" ten="228,357,221,194" oya="3" hai0="80,66,132,111,16,33,45,60,112,76,122,46,48" hai1="128,117,49,73,127,42,100,90,103,26,32,68,104" hai2="74,1,86,106,101,13,39,20,61,129,116,7,134" hai3="44,64,58,94,34,71,69,108,56,40,28,118,25"/><W4/><G118/><T24/><D122/><U114/><E114/><V50/><F116/><W2/><G108/><T72/><D111/><U92/><E117/><V125/><F129/><W30/><G30/><T77/><D132/><U8/><E68/><V62/><F39/><W109/><G109/><T81/><D112/><U0/><E73/><V133/><F74/><W52/><G2/><T97/><D97/><U82/><E82/><V91/><F1/><W41/><G4/><T23/><D48/><U10/><E104/><V63/><F125/><W75/><G75/><T110/><D33/><U78/><E78/><V102/><F50/><W85/><G64/><T84/><REACH who="0" step="1"/><D110/><REACH who="0" ten="218,357,221,194" step="2"/><U43/><E49/><V31/><F133/><W119/><G119/><T70/><AGARI ba="0,1" hai="16,23,24,45,46,60,66,70,72,76,77,80,81,84" machi="70" ten="20,8000,1" yaku="1,1,2,1,0,1,7,1,54,1,53,0" doraHai="89" doraHaiUra="96" who="0" fromWho="0" sc="218,90,357,-20,221,-20,194,-40" /><INIT seed="4,0,0,2,5,41" ten="308,337,201,154" oya="0" hai0="53,77,83,43,98,132,33,9,74,87,66,90,104" hai1="95,10,93,60,115,67,134,119,101,1,58,52,133" hai2="26,69,28,42,35,22,81,61,37,31,80,114,63" hai3="110,92,135,32,59,7,27,107,106,0,56,97,73"/><T30/><D132/><N who="1" m="50795" /><E119/><V65/><F114/><W64/><G135/><T108/><D108/><U117/><E117/><V16/><F63/><W86/><G73/><T11/><D53/><U112/><E67/><V126/><F126/><W68/><G110/><T49/><D66/><U8/><E101/><V25/><REACH who="2" step="1"/><F31/><REACH who="2" ten="308,337,191,154" step="2"/><W84/><G68/><T5/><D30/><U70/><E70/><V94/><F94/><N who="1" m="35849" /><E1/><V55/><F55/><W99/><G92/><T100/><D104/><U47/><E115/><V127/><F127/><W20/><G0/><T17/><D100/><U48/><E112/><V75/><F75/><W72/><G72/><T29/><D29/><U96/><E96/><V125/><F125/><W113/><G113/><T123/><D98/><U57/><E60/><V6/><F6/><W24/><G64/><T45/><D5/><U85/><E85/><V102/><F102/><W44/><G7/><T39/><D74/><U3/><E3/><V88/><F88/><W82/><G82/><T91/><D90/><U19/><E19/><V120/><F120/><W105/><G105/><T121/><D91/><U131/><E131/><V51/><F51/><W38/><G38/><T18/><D49/><U12/><E12/><V111/><F111/><W109/><G109/><T78/><D78/><U71/><E71/><V118/><F118/><W34/><REACH who="3" step="1"/><G20/><REACH who="3" ten="308,337,191,144" step="2"/><T23/><D23/><U124/><E124/><V54/><F54/><W4/><G4/><T89/><D89/><U62/><E62/><V13/><F13/><W128/><G128/><T15/><D33/><U122/><E122/><RYUUKYOKU ba="0,2" sc="308,0,337,0,191,0,144,0" hai0="9,11,15,17,18,39,43,45,77,83,87,121,123" hai1="8,10,47,48,52,57,58" hai2="16,22,25,26,28,35,37,42,61,65,69,80,81" hai3="24,27,32,34,44,56,59,84,86,97,99,106,107" /><INIT seed="4,1,2,2,0,119" ten="308,337,191,144" oya="0" hai0="83,57,37,120,125,66,86,61,42,88,73,48,135" hai1="25,54,127,14,87,116,28,105,11,0,122,69,64" hai2="16,72,70,128,41,109,91,33,10,111,106,107,117" hai3="36,50,51,92,67,29,134,17,102,18,81,90,4"/><T77/><D125/><U97/><E116/><V6/><F117/><W78/><G36/><T15/><D135/><U5/><E122/><V23/><F70/><W98/><G134/><T34/><D34/><U30/><E127/><V12/><F72/><W7/><G29/><T31/><D31/><U1/><E30/><V110/><F33/><W32/><G32/><T123/><D37/><U46/><E87/><V63/><F128/><W52/><G67/><T59/><D15/><U53/><E64/><V114/><F41/><W96/><G50/><T103/><D103/><U8/><E69/><V93/><F63/><W68/><G68/><T3/><D3/><U38/><E0/><V71/><F71/><W95/><G4/><T99/><D99/><U55/><E105/><V82/><F82/><W118/><G7/><T2/><D2/><U58/><E97/><V108/><N who="2" m="27648" /><DORA hai="13" /><V35/><F114/><W56/><REACH who="3" step="1"/><G118/><REACH who="3" ten="308,337,191,134" step="2"/><T100/><D57/><U76/><E58/><V26/><REACH who="2" step="1"/><F35/><REACH who="2" ten="308,337,181,134" step="2"/><W115/><G115/><T126/><D126/><U60/><E60/><V40/><F40/><W47/><G47/><T22/><D42/><U19/><E46/><V129/><F129/><W9/><G9/><T43/><D43/><U124/><E124/><V94/><F94/><W62/><G62/><T130/><D61/><U80/><E38/><V27/><F27/><W44/><G44/><T113/><D113/><U79/><E80/><V101/><F101/><W65/><G65/><T49/><D66/><U89/><E11/><V84/><AGARI ba="1,4" hai="6,10,12,16,23,26,84,91,93,106,107" m="27648" machi="84" ten="60,8000,1" yaku="1,1,0,1,52,1,54,1,53,0" doraHai="119,13" doraHaiUra="39,74" who="2" fromWho="2" sc="308,-41,337,-21,181,123,134,-21" /><INIT seed="5,0,0,4,5,96" ten="267,316,304,113" oya="1" hai0="53,13,73,51,40,64,57,18,93,11,45,63,25" hai1="104,75,132,68,129,121,88,20,54,30,70,26,60" hai2="84,10,86,123,76,77,65,113,118,116,114,14,27" hai3="8,112,78,19,109,133,72,31,52,103,71,130,81"/><U122/><E75/><V22/><F65/><W90/><G109/><T106/><D106/><U21/><E104/><V39/><F39/><W46/><G130/><T91/><D73/><U43/><E43/><V98/><F123/><W42/><G112/><N who="2" m="43113" /><F22/><W5/><G133/><T66/><REACH who="0" step="1"/><D25/><REACH who="0" ten="257,316,304,113" step="2"/><U38/><E26/><V124/><F27/><W37/><G31/><T100/><D100/><U59/><E30/><V44/><F116/><W120/><G120/><T15/><D15/><U55/><E122/><V56/><F14/><W34/><G34/><T87/><AGARI ba="0,1" hai="11,13,18,40,45,51,53,57,63,64,66,87,91,93" machi="87" ten="20,8000,1" yaku="1,1,0,1,7,1,8,1,53,1" doraHai="96" doraHaiUra="9" who="0" fromWho="0" sc="257,90,316,-40,304,-20,113,-20" /><INIT seed="6,0,0,0,1,2" ten="347,276,284,93" oya="2" hai0="50,86,38,110,127,40,135,71,93,80,15,98,69" hai1="61,113,109,119,55,32,62,11,42,117,78,91,111" hai2="12,49,14,77,21,79,82,28,103,67,88,10,59" hai3="37,89,64,34,66,68,120,6,132,48,96,8,75"/><V95/><F103/><W17/><G120/><T114/><D110/><U126/><E32/><V35/><F35/><W90/><G37/><T23/><D38/><U22/><E78/><V92/><F92/><W73/><G34/><T100/><D69/><U106/><E106/><V72/><F77/><W60/><G132/><T57/><D71/><U104/><E104/><V108/><F108/><W94/><G64/><T70/><D70/><U7/><E126/><V44/><F59/><W124/><G124/><T130/><D135/><U52/><E113/><V105/><F105/><W19/><G48/><T81/><D114/><U41/><E22/><V131/><F67/><W3/><REACH who="3" step="1"/><G90/><REACH who="3" ten="347,276,284,83" step="2"/><T5/><D50/><U26/><E91/><V30/><F131/><W58/><G58/><T74/><D57/><U99/><E109/><V47/><F49/><W0/><G0/><T27/><D130/><U46/><E111/><V112/><F112/><W87/><G87/><T56/><D56/><U36/><E36/><V39/><F39/><W115/><G115/><T122/><D86/><U51/><E51/><V134/><F134/><W116/><G116/><T54/><D127/><U83/><E117/><V125/><F125/><W31/><G31/><T133/><D133/><U24/><E119/><V76/><F30/><W1/><G1/><T25/><D40/><U129/><E42/><V33/><F33/><W128/><G128/><T53/><D53/><U4/><E41/><V16/><F28/><W29/><G29/><T101/><D54/><U43/><E129/><V65/><F65/><W20/><G20/><RYUUKYOKU ba="0,1" sc="347,-10,276,-10,284,-10,83,30" hai3="3,6,8,17,19,60,66,68,73,75,89,94,96" /><INIT seed="7,1,1,5,0,90" ten="337,266,274,113" oya="3" hai0="108,47,106,27,40,9,118,31,78,65,116,124,91" hai1="28,122,14,63,5,36,107,73,24,74,80,45,131" hai2="17,41,111,99,97,84,72,38,83,77,123,119,75" hai3="132,115,121,89,2,33,76,102,53,130,126,50,104"/><W71/><RYUUKYOKU type="yao9" ba="1,1" sc="337,0,266,0,274,0,113,0" hai3="2,33,50,53,71,76,89,102,104,115,121,126,130,132" /><INIT seed="7,2,1,2,0,124" ten="337,266,274,113" oya="3" hai0="58,100,74,39,111,7,50,99,32,73,60,4,106" hai1="76,134,18,128,72,81,48,8,63,59,82,71,85" hai2="51,12,25,3,34,105,40,37,10,15,88,132,53" hai3="87,130,118,42,94,127,46,36,93,1,123,26,131"/><W102/><G118/><T24/><D39/><U83/><E134/><V44/><F132/><W103/><G123/><T91/><D111/><U68/><E82/><V11/><F105/><W54/><G127/><T109/><D109/><U6/><E18/><V9/><F3/><W104/><G1/><T135/><D50/><U110/><E48/><N who="2" m="26631" /><F34/><W43/><G104/><T117/><D73/><U57/><E57/><N who="2" m="32959" /><F37/><W107/><G107/><T33/><D74/><U86/><E72/><V45/><F45/><W22/><G54/><T70/><D33/><U30/><E30/><V75/><F75/><W17/><G43/><T121/><D32/><U101/><E101/><N who="3" m="38410" /><G87/><T97/><D106/><U77/><E110/><V49/><F49/><W78/><G78/><T35/><D35/><U19/><E19/><V0/><F0/><W5/><G5/><T79/><D4/><U38/><E38/><V27/><F88/><W113/><G113/><T13/><D91/><U95/><E85/><V62/><F62/><W14/><G26/><AGARI ba="2,1" hai="9,10,11,12,15,25,26,27" m="32959,26631" machi="26" ten="30,1000,0" yaku="8,1" doraHai="124" who="2" fromWho="3" sc="337,0,266,0,274,26,113,-16" owari="337,43.7,266,-13.4,300,10.0,97,-40.3" /></mjloggm>