<mjloggm ver="2.3"><GO type="169" lobby="0"/><UN n0="%E3%80%8C%E3%82%AD%E3%82%BF%E3%80%8D" n1="%E3%83%9D%E3%83%B3%E3%83%9D%E3%82%B3%E5%95%86%E4%BA%8B" n2="%6B%61%74%65%72%69%6E%61" n3="%63%61%72%6C%6F%73%6E" dan="16,16,17,17" rate="2040.81,2208.37,2235.39,2205.09" sx="M,M,M,M"/><TAIKYOKU oya="0"/><INIT seed="0,0,0,5,3,91" ten="250,250,250,250" oya="0" hai0="133,9,23,70,101,6,27,29,49,88,92,113,83" hai1="58,77,119,129,15,1,53,124,44,20,31,66,128" hai2="57,86,114,65,18,50,46,3,55,4,69,33,22" hai3="24,17,98,79,131,36,95,118,67,116,71,93,76"/><T103/><D113/><U135/><E1/><V81/><F114/><W105/><G36/><T126/><D126/><U30/><E119/><N who="3" m="45610" /><G17/><T74/><D70/><U122/><E122/><V11/><F33/><W32/><G24/><T102/><D133/><U45/><E77/><N who="3" m="29770" /><G67/><T108/><D108/><U34/><E34/><V43/><F69/><W80/><G32/><T60/><D60/><U39/><E66/><V132/><F132/><W42/><G42/><T35/><D35/><U2/><E2/><V47/><F65/><W59/><G59/><T112/><D112/><U99/><E135/><V19/><F47/><W0/><G0/><T121/><D121/><U40/><E45/><V104/><F104/><W96/><G71/><T48/><D83/><U13/><E124/><V127/><F127/><W89/><G105/><T56/><D56/><U26/><E31/><V12/><F3/><W87/><G131/><N who="1" m="50250" /><E99/><AGARI ba="0,0" hai="80,87,89,93,95,96,98,99" m="29770,45610" machi="99" ten="30,7700,0" yaku="34,2,52,2" doraHai="91" who="3" fromWho="1" sc="250,0,250,-77,250,0,250,77" /><INIT seed="1,0,0,2,4,134" ten="250,173,250,327" oya="1" hai0="3,73,115,111,56,79,39,125,126,4,0,14,16" hai1="100,75,96,7,26,113,48,66,42,40,108,132,101" hai2="122,33,17,5,69,58,45,103,121,91,118,135,50" hai3="112,35,123,77,94,54,61,114,116,131,83,68,51"/><U18/><E113/><V19/><F69/><W25/><G123/><T89/><D115/><U98/><E75/><V99/><F33/><W55/><G131/><T59/><D39/><U71/><E132/><V92/><F118/><W128/><G128/><T21/><D111/><U38/><E38/><V23/><F135/><W117/><G94/><T13/><D89/><U2/><E108/><V10/><F58/><N who="0" m="22058" /><D79/><U95/><E2/><N who="0" m="553" /><D73/><U86/><E7/><V62/><F62/><W105/><G105/><T31/><D31/><U44/><E71/><V34/><F34/><W133/><G133/><T12/><D4/><U28/><E66/><V29/><F29/><W110/><G110/><T53/><D53/><U64/><E64/><V109/><F109/><W49/><G61/><T47/><D47/><U124/><E124/><AGARI ba="0,0" hai="12,13,14,16,21,124,125,126" m="553,22058" machi="124" ten="30,8000,1" yaku="18,1,52,3,54,1" doraHai="134" who="0" fromWho="1" sc="250,80,173,-80,250,0,327,0" /><INIT seed="2,0,0,3,3,1" ten="330,93,250,327" oya="2" hai0="108,102,12,133,41,52,21,103,47,73,93,126,97" hai1="120,69,60,48,15,62,83,16,13,132,37,24,64" hai2="90,105,56,17,58,87,2,86,11,40,119,94,3" hai3="117,34,31,110,118,5,28,18,51,36,111,54,82"/><V14/><F105/><W53/><G36/><T75/><D108/><U85/><E37/><V115/><F115/><W98/><G98/><T101/><D126/><U95/><E120/><V25/><F119/><W30/><G34/><T128/><D128/><U19/><E132/><V63/><F40/><W57/><G18/><T113/><D133/><U26/><E95/><V50/><F50/><W135/><G135/><T35/><D35/><U4/><E48/><V89/><F25/><W88/><G54/><T66/><D66/><U116/><E116/><V130/><F130/><W78/><G5/><T55/><D113/><U71/><E85/><V127/><F127/><W81/><G81/><T122/><D122/><U121/><E121/><V76/><F76/><W49/><G49/><N who="0" m="26863" /><D75/><U22/><E83/><V68/><F68/><W74/><G88/><N who="0" m="55463" /><D73/><U32/><E32/><V80/><REACH who="2" step="1"/><F58/><REACH who="2" ten="330,93,240,327" step="2"/><W92/><G118/><T9/><D21/><U6/><E22/><V43/><F43/><W38/><G117/><T10/><D10/><U134/><E134/><V114/><F114/><W72/><G38/><T67/><D67/><AGARI ba="0,1" hai="4,6,13,15,16,19,24,26,60,62,64,67,69,71" machi="67" ten="25,8000,1" yaku="22,2,52,2,54,1" doraHai="1" who="1" fromWho="0" sc="330,-80,93,90,240,0,327,0" /><AGARI ba="0,0" hai="2,3,11,14,17,56,63,67,80,86,87,89,90,94" machi="67" ten="30,5800,0" yaku="1,1,7,1,53,1" doraHai="1" doraHaiUra="61" who="2" fromWho="0" sc="250,-58,183,0,240,58,327,0" /><INIT seed="2,1,0,3,2,63" ten="192,183,298,327" oya="2" hai0="42,128,79,127,107,123,70,46,52,3,0,44,90" hai1="36,105,72,131,67,37,130,121,71,93,129,11,115" hai2="34,124,68,96,16,5,32,135,116,59,12,39,24" hai3="78,85,110,2,108,97,77,87,122,40,119,1,101"/><V18/><F68/><W6/><G40/><T48/><D123/><U9/><E115/><V103/><F39/><N who="1" m="14921" /><E121/><V61/><F116/><W30/><G122/><T23/><D107/><U88/><E72/><V113/><F113/><W41/><G119/><T132/><D127/><U111/><E111/><N who="3" m="42538" /><G41/><T51/><D128/><U28/><E28/><V15/><F124/><W82/><G30/><T55/><D132/><U27/><E27/><V95/><F135/><W31/><G31/><T120/><D120/><U74/><E74/><V65/><F24/><W29/><G29/><T118/><D118/><U84/><E105/><V117/><F5/><W10/><G2/><T106/><D106/><U22/><E22/><V92/><F92/><N who="3" m="58535" /><G78/><T125/><D79/><U133/><E133/><V60/><F60/><AGARI ba="1,0" hai="9,11,60,67,71,84,88,93,129,130,131" m="14921" machi="60" ten="40,5200,0" yaku="19,1,52,1,54,1" doraHai="63" who="1" fromWho="2" sc="192,0,183,55,298,-55,327,0" /><INIT seed="3,0,0,3,1,75" ten="192,238,243,327" oya="3" hai0="87,36,80,3,22,100,84,41,70,99,112,72,126" hai1="56,94,77,121,19,106,110,60,118,127,95,58,18" hai2="39,23,116,124,101,2,12,59,63,48,108,49,13" hai3="107,37,76,9,78,122,103,43,74,117,91,24,54"/><W57/><G117/><T65/><D126/><U44/><E106/><V73/><F116/><W52/><G122/><T50/><D112/><U82/><E121/><V47/><F2/><W123/><G123/><T96/><D3/><U115/><E115/><V132/><F124/><W61/><G74/><T31/><D36/><U120/><E120/><V134/><F108/><W79/><G103/><T125/><D72/><U28/><E118/><V109/><F109/><W114/><G107/><T92/><D70/><U38/><E28/><V29/><F101/><W97/><G114/><T86/><D65/><U85/><E127/><V53/><F73/><W11/><G43/><T33/><D33/><U68/><E68/><V64/><F39/><W102/><G37/><T20/><D125/><U51/><E58/><V98/><F98/><W90/><G24/><N who="0" m="16775" /><D99/><U5/><E5/><V81/><F81/><W67/><G102/><T14/><D14/><U32/><E32/><V69/><F29/><W119/><G119/><T93/><D22/><U7/><E7/><V4/><F23/><W113/><G113/><T26/><D26/><U21/><E110/><V66/><F66/><W15/><G11/><T8/><D8/><U88/><E21/><V46/><F69/><W128/><G128/><T25/><D25/><U62/><E38/><V105/><F105/><W17/><G97/><T34/><D34/><U10/><E10/><N who="2" m="4167" /><F13/><W129/><G129/><T131/><D131/><U6/><E6/><V1/><F1/><W42/><G42/><T83/><D93/><U30/><E95/><V71/><F71/><RYUUKYOKU ba="0,0" sc="192,10,238,-30,243,10,327,10" hai0="41,50,80,83,84,86,87,92,96,100" hai2="46,47,48,49,53,59,63,64,132,134" hai3="9,15,17,52,54,57,61,67,76,78,79,90,91" /><INIT seed="3,1,0,3,3,77" ten="202,208,253,337" oya="3" hai0="129,26,78,13,3,103,21,99,12,28,100,57,122" hai1="109,124,38,74,36,66,1,0,93,98,113,133,43" hai2="64,16,96,101,46,115,87,88,54,94,102,116,39" hai3="108,69,117,11,120,62,22,29,127,31,14,70,110"/><W80/><G117/><T9/><D122/><U50/><E113/><V49/><F115/><W59/><G120/><T30/><D129/><U27/><E74/><V119/><F39/><W79/><G127/><T112/><D112/><U52/><E124/><V73/><F73/><W37/><G37/><T60/><D3/><U75/><E75/><V107/><F102/><W23/><G23/><T90/><D78/><U53/><E66/><V134/><F134/><W32/><G32/><T5/><D13/><U105/><E105/><V132/><F132/><W81/><G70/><T125/><D30/><N who="3" m="11273" /><G22/><T89/><D125/><U114/><E27/><V18/><REACH who="2" step="1"/><F64/><REACH who="2" ten="202,208,243,337" step="2"/><N who="3" m="39007" /><G69/><T42/><D103/><U85/><E133/><V58/><F58/><W84/><G110/><T106/><REACH who="0" step="1"/><D42/><REACH who="0" ten="192,208,243,337" step="2"/><U45/><E114/><V6/><F6/><N who="3" m="3447" /><G108/><T41/><D41/><U123/><E109/><V20/><F20/><W111/><G111/><T118/><D118/><AGARI ba="1,2" hai="16,18,46,49,54,87,88,94,96,101,107,116,118,119" machi="118" ten="40,8000,1" yaku="1,1,54,2,53,1" doraHai="77" doraHaiUra="97" who="2" fromWho="0" sc="192,-83,208,0,243,103,337,0" /><INIT seed="4,0,0,5,5,128" ten="109,208,346,337" oya="0" hai0="17,125,28,115,120,126,98,25,71,94,106,88,42" hai1="27,76,53,41,123,39,26,46,55,96,103,14,22" hai2="73,112,74,89,45,7,108,24,1,92,65,102,77" hai3="104,2,58,68,51,101,59,114,4,113,36,107,61"/><T3/><D120/><U15/><E123/><V133/><F108/><W5/><G36/><T127/><D3/><U130/><E130/><V34/><F112/><N who="3" m="43115" /><G68/><T49/><D115/><U8/><E76/><V9/><F102/><W97/><G104/><T84/><D71/><U10/><E15/><V116/><F116/><W57/><G51/><T118/><D118/><U37/><E10/><V44/><F65/><N who="3" m="39087" /><G2/><T6/><D6/><AGARI ba="0,0" hai="4,5,6,58,59,97,101,107" m="39087,43115" machi="6" ten="30,1000,0" yaku="15,1" doraHai="128" who="3" fromWho="0" sc="109,-10,208,0,346,0,337,10" /><INIT seed="5,0,0,2,3,47" ten="99,208,346,347" oya="1" hai0="113,74,9,125,62,43,100,46,36,68,4,19,30" hai1="72,99,21,123,85,60,127,81,7,32,117,122,3" hai2="41,26,49,87,130,28,134,54,13,69,82,59,12" hai3="79,103,101,114,97,88,104,5,20,35,120,108,61"/><U86/><E32/><V71/><F130/><W110/><G35/><T73/><D19/><U111/><E117/><V38/><F134/><W98/><G120/><T39/><D113/><U121/><E127/><V132/><F132/><W24/><G79/><T25/><D125/><U124/><E124/><V11/><F41/><W16/><G114/><T31/><D31/><U112/><E112/><V6/><F13/><W8/><G61/><T65/><D39/><U17/><E111/><V34/><REACH who="2" step="1"/><F38/><REACH who="2" ten="99,208,336,347" step="2"/><W64/><G110/><T75/><D100/><U67/><E3/><V135/><F135/><W133/><G108/><T52/><D75/><U56/><E72/><V115/><F115/><W129/><G133/><T109/><D109/><U29/><E122/><V116/><F116/><W107/><G129/><T2/><REACH who="0" step="1"/><D52/><REACH who="0" ten="89,208,336,347" step="2"/><N who="1" m="33799" /><E123/><V128/><F128/><W55/><G55/><T50/><D50/><U15/><E121/><V33/><F33/><AGARI ba="0,2" hai="2,4,9,25,30,33,36,43,46,62,65,68,73,74" machi="33" ten="30,12000,2" yaku="1,1,7,1,33,3,53,1" doraHai="47" doraHaiUra="42" who="0" fromWho="2" sc="89,140,208,0,336,-120,347,0" /><INIT seed="6,0,0,5,1,90" ten="229,208,216,347" oya="2" hai0="3,79,74,55,129,50,120,49,85,114,80,13,57" hai1="41,30,65,53,123,102,91,78,92,93,10,24,75" hai2="23,5,43,121,15,64,122,63,95,52,26,2,37" hai3="16,83,107,89,113,127,19,119,48,131,66,70,46"/><V99/><F2/><W40/><G119/><T62/><D120/><U101/><E123/><V105/><F105/><W77/><G107/><T118/><D3/><U29/><E65/><V126/><F126/><W115/><G127/><T22/><D114/><N who="3" m="43529" /><G89/><T12/><D129/><U0/><E41/><V86/><F86/><N who="3" m="48495" /><G131/><T42/><D74/><U130/><E130/><V39/><F39/><W96/><G96/><T68/><D68/><U112/><E112/><V51/><F37/><W84/><G84/><T133/><D133/><U17/><E0/><V72/><F72/><W32/><G32/><T9/><D118/><U11/><E78/><V4/><F122/><W61/><AGARI ba="0,0" hai="16,19,40,46,48,61,66,70" m="48495,43529" machi="61" ten="30,4000,0" yaku="15,1,11,1,54,1" doraHai="90" who="3" fromWho="3" sc="229,-10,208,-10,216,-20,347,40" /><INIT seed="7,0,0,0,0,34" ten="219,198,196,387" oya="3" hai0="59,9,17,3,43,31,5,49,122,124,15,90,26" hai1="83,51,61,67,19,84,95,41,12,50,80,52,10" hai2="99,71,89,7,64,94,56,108,105,103,8,79,92" hai3="35,44,104,118,68,128,53,125,115,120,132,129,88"/><W66/><G53/><T127/><D122/><U6/><E41/><V11/><F108/><W91/><G91/><T86/><D43/><U109/><E109/><V119/><F119/><W106/><G88/><T16/><D49/><U27/><E95/><V42/><F71/><W76/><G44/><T123/><D59/><N who="1" m="35047" /><E67/><V33/><F33/><W96/><G96/><T116/><D116/><U46/><E46/><V38/><F79/><W63/><G76/><T65/><D65/><U24/><E83/><V87/><F105/><W126/><G63/><T113/><D113/><U72/><E72/><V18/><F42/><W75/><G66/><T60/><D60/><U85/><E85/><V73/><F73/><W0/><G128/><T100/><D100/><U21/><E24/><V39/><F64/><W135/><G135/><T121/><D90/><AGARI ba="0,0" hai="6,10,12,19,21,27,50,51,80,84,90" m="35047" machi="90" ten="30,2000,0" yaku="8,1,54,1" doraHai="34" who="1" fromWho="0" sc="219,-20,198,20,196,0,387,0" owari="199,-20.1,218,1.8,196,-30.4,387,48.7" /></mjloggm>