<mjloggm ver="2.3"><GO type="169" lobby="0"/><UN n0="%E2%97%8E%E3%82%88%E3%81%97%E2%97%8E" n1="%64%69%76%61" n2="%E3%81%82%E3%81%95%E3%81%B4%E3%82%93%EF%BC%A0%EF%BD%8D%EF%BD%8A" n3="%E8%B6%85%E7%B5%B6%E5%82%99%E9%95%B7%E7%82%AD" dan="16,16,18,17" rate="2166.68,2058.21,2285.22,2112.73" sx="M,M,M,M"/><TAIKYOKU oya="0"/><INIT seed="0,0,0,0,4,115" ten="250,250,250,250" oya="0" hai0="90,35,59,46,81,70,58,99,123,3,18,5,19" hai1="102,13,95,73,120,33,50,47,88,84,126,67,8" hai2="87,10,9,82,124,65,12,62,117,128,48,127,134" hai3="118,112,132,69,104,101,39,98,37,83,111,22,14"/><T97/><D123/><U16/><E120/><V61/><F128/><W93/><G69/><T130/><D70/><U68/><E126/><N who="2" m="48171" /><F134/><W6/><G112/><T28/><D130/><U64/><E33/><V51/><F9/><W32/><G32/><T26/><D46/><U36/><E36/><V76/><F117/><W80/><G132/><T38/><D38/><U78/><E68/><N who="2" m="42031" /><F62/><W43/><G39/><T34/><D34/><U31/><E31/><V29/><F29/><W72/><G118/><T131/><D5/><AGARI ba="0,0" hai="5,10,12,48,51,76,82,87" m="42031,48171" machi="5" ten="30,1000,0" yaku="18,1" doraHai="115" who="2" fromWho="0" sc="250,-10,250,0,250,10,250,0" /><INIT seed="1,0,0,2,4,70" ten="240,250,260,250" oya="1" hai0="64,126,108,87,10,92,18,19,78,55,65,28,94" hai1="22,95,96,122,17,42,116,52,125,93,102,79,130" hai2="118,12,26,9,66,41,39,32,101,5,121,77,113" hai3="84,54,91,111,68,107,85,15,35,90,135,37,38"/><U86/><E122/><V44/><F121/><W112/><G68/><T60/><D108/><U124/><E116/><V119/><F113/><W62/><G107/><T56/><D126/><N who="1" m="48747" /><E42/><V82/><F66/><N who="0" m="25706" /><D28/><U51/><E130/><V13/><F101/><W1/><G1/><T103/><D103/><U67/><E67/><V53/><F53/><W58/><G35/><T133/><D133/><U117/><E117/><V45/><F45/><W76/><G76/><T123/><D123/><U11/><E11/><V30/><REACH who="2" step="1"/><F13/><REACH who="2" ten="240,250,250,250" step="2"/><W33/><G15/><N who="0" m="7543" /><D19/><U127/><E127/><V131/><F131/><W134/><G112/><T47/><D47/><N who="1" m="27775" /><E102/><V2/><F2/><W6/><G134/><T83/><AGARI ba="0,1" hai="55,56,60,78,83,87,92,94" m="7543,25706" machi="83" ten="30,1100,0" yaku="8,1" doraHai="70" who="0" fromWho="0" sc="240,21,250,-5,250,-3,250,-3" /><INIT seed="2,0,0,1,5,21" ten="261,245,247,247" oya="2" hai0="82,124,38,43,20,58,118,57,104,86,59,105,36" hai1="83,100,5,96,42,103,33,127,0,10,45,62,123" hai2="134,71,7,89,18,69,128,84,77,70,119,94,78" hai3="14,108,27,135,2,133,111,46,66,52,49,121,73"/><V130/><F119/><W129/><G73/><T102/><D124/><U80/><E127/><V29/><F134/><N who="3" m="51211" /><G2/><T12/><D118/><U17/><E123/><V8/><F18/><W48/><G121/><T53/><D53/><U126/><E126/><V131/><REACH who="2" step="1"/><F29/><REACH who="2" ten="261,245,237,247" step="2"/><W97/><G111/><T107/><D102/><U22/><E103/><V64/><F64/><W114/><G66/><T63/><D63/><U99/><E100/><V61/><F61/><W13/><G108/><T51/><D38/><U92/><E62/><V115/><F115/><W101/><G114/><T39/><D36/><U30/><E30/><V15/><AGARI ba="0,1" hai="7,8,15,69,70,71,77,78,84,89,94,128,130,131" machi="15" ten="40,7800,0" yaku="1,1,0,1,19,1,53,0" doraHai="21" doraHaiUra="28" who="2" fromWho="2" sc="261,-26,245,-26,237,88,247,-26" /><INIT seed="2,1,0,0,3,63" ten="235,219,325,221" oya="2" hai0="1,5,12,21,131,20,73,17,112,110,97,91,96" hai1="69,122,77,9,43,4,23,74,113,94,41,8,7" hai2="53,37,78,34,100,27,66,24,40,58,107,115,134" hai3="54,125,108,118,75,18,65,49,81,67,121,33,87"/><V29/><F115/><W132/><G33/><T101/><D112/><U14/><E113/><V109/><F134/><W59/><G75/><T30/><D73/><U95/><E69/><V102/><F78/><W128/><G118/><T120/><D120/><U123/><E74/><V92/><F107/><W80/><G121/><T15/><D110/><U76/><REACH who="1" step="1"/><E14/><REACH who="1" ten="235,209,325,221" step="2"/><V44/><F109/><W57/><G108/><T47/><D12/><U39/><E39/><V70/><F24/><W133/><G132/><T0/><D15/><U2/><E2/><V79/><F79/><W72/><G133/><T89/><D0/><U56/><E56/><V64/><F70/><W13/><G72/><T10/><D1/><U26/><E26/><V82/><F82/><W126/><G81/><T98/><D5/><U46/><E46/><V16/><F44/><W35/><G57/><T68/><D47/><U84/><E84/><V60/><F37/><W129/><G87/><T111/><D68/><U22/><AGARI ba="1,1" hai="4,7,8,9,22,23,41,43,76,77,94,95,122,123" machi="22" ten="25,12000,2" yaku="1,1,0,1,22,2,53,2" doraHai="63" doraHaiUra="19" who="1" fromWho="1" sc="235,-31,209,133,325,-61,221,-31" /><INIT seed="3,0,0,5,5,69" ten="204,342,264,190" oya="3" hai0="50,107,32,47,60,12,113,83,73,99,101,64,87" hai1="48,8,9,91,21,31,19,126,59,57,109,26,78" hai2="65,42,2,117,74,46,55,94,130,1,72,67,44" hai3="18,128,115,38,62,10,53,121,41,116,102,104,14"/><W40/><G115/><T20/><D113/><U77/><E109/><V63/><F117/><W98/><G116/><T24/><D73/><U56/><E126/><V45/><F94/><W54/><G121/><T7/><D7/><U89/><E48/><V105/><F105/><W61/><G128/><T82/><D12/><N who="1" m="7559" /><E9/><V36/><F130/><W43/><REACH who="3" step="1"/><G38/><REACH who="3" ten="204,342,264,180" step="2"/><T22/><D83/><U75/><E75/><V85/><F72/><W106/><G106/><T122/><D122/><U34/><E34/><V131/><F74/><W132/><G132/><T6/><D32/><U114/><E114/><V127/><F131/><W90/><G90/><AGARI ba="0,1" hai="21,26,31,56,57,59,77,78,89,90,91" m="7559" machi="90" ten="30,1000,0" yaku="8,1" doraHai="69" who="1" fromWho="3" sc="204,0,342,20,264,0,180,-10" /><INIT seed="4,0,0,2,0,35" ten="204,362,264,170" oya="0" hai0="48,3,92,97,75,83,41,52,1,65,6,107,20" hai1="47,29,133,85,135,9,8,32,127,15,84,131,60" hai2="89,90,44,21,40,100,122,24,95,112,42,87,22" hai3="104,50,110,56,80,62,27,37,96,49,117,11,106"/><T124/><D107/><U126/><E32/><V12/><F112/><W28/><G37/><T17/><D6/><U59/><E29/><V103/><F122/><W91/><G110/><T79/><D41/><U19/><E47/><V129/><F129/><W71/><G117/><T43/><D43/><U99/><E99/><V55/><F55/><W18/><G104/><T134/><D65/><N who="1" m="39071" /><E131/><V105/><F105/><W120/><G120/><T108/><D108/><U130/><E130/><V116/><F116/><W46/><G71/><T111/><D111/><U33/><E33/><V101/><F44/><W68/><G68/><T88/><D124/><N who="1" m="47659" /><E8/><V123/><F123/><W39/><G39/><T53/><D134/><AGARI ba="0,0" hai="9,15,19,84,85,133,134,135" m="47659,39071" machi="134" ten="30,2000,0" yaku="20,1,18,1" doraHai="35" who="1" fromWho="0" sc="204,-20,362,20,264,0,170,0" /><INIT seed="5,0,0,4,5,15" ten="184,382,264,170" oya="1" hai0="92,68,28,91,89,131,128,0,58,97,109,42,63" hai1="37,61,72,20,43,1,11,55,120,112,87,6,81" hai2="33,27,93,100,125,74,102,85,22,122,67,127,24" hai3="77,78,46,9,119,82,4,51,108,117,118,83,35"/><U132/><E120/><V36/><F122/><W3/><G35/><T50/><D109/><U21/><E132/><V56/><F74/><W45/><G108/><T88/><D0/><U25/><E112/><V69/><F36/><W76/><REACH who="3" step="1"/><G46/><REACH who="3" ten="184,382,264,160" step="2"/><N who="0" m="25943" /><D68/><U26/><E72/><V101/><F69/><W71/><G71/><T2/><D2/><U65/><E1/><V96/><F33/><W57/><G57/><T121/><D121/><U49/><E37/><V129/><F56/><W53/><AGARI ba="0,1" hai="3,4,9,45,51,53,76,77,78,82,83,117,118,119" machi="53" ten="40,5200,0" yaku="1,1,0,1,12,1,53,0" doraHai="15" doraHaiUra="60" who="3" fromWho="3" sc="184,-13,382,-26,264,-13,160,62" /><INIT seed="6,0,0,1,2,57" ten="171,356,251,222" oya="2" hai0="99,127,89,93,110,130,18,75,66,25,36,120,100" hai1="69,42,103,46,88,62,91,60,24,129,122,35,15" hai2="108,49,9,125,73,54,6,67,77,117,86,28,26" hai3="116,76,126,34,112,123,30,12,102,134,43,8,19"/><V16/><F117/><W56/><G116/><T63/><D120/><U70/><E129/><V104/><F104/><W20/><G123/><T3/><D130/><U132/><E122/><V95/><F125/><W0/><G126/><T45/><D127/><U29/><E103/><V50/><F73/><W81/><G102/><T65/><D75/><U109/><E109/><V53/><F108/><W21/><G134/><T13/><D3/><U1/><E1/><V58/><F67/><W64/><G43/><T87/><D25/><U38/><E70/><V85/><F95/><W7/><G112/><T119/><D110/><U114/><E69/><V115/><F77/><W71/><G71/><T55/><D36/><U107/><E107/><V113/><F6/><W22/><G34/><T44/><D119/><U39/><E39/><V23/><F113/><W84/><REACH who="3" step="1"/><G30/><REACH who="3" ten="171,356,251,212" step="2"/><T133/><D133/><U94/><E132/><V37/><F115/><W101/><G101/><T131/><D131/><U80/><E114/><V78/><F37/><W128/><G128/><T97/><D97/><U31/><E29/><V5/><F28/><W32/><G32/><T121/><D121/><U27/><E31/><V51/><F78/><W17/><G17/><T47/><D99/><U124/><E124/><V14/><REACH who="2" step="1"/><F50/><REACH who="2" ten="171,356,241,212" step="2"/><W118/><G118/><T72/><D100/><U4/><E35/><V68/><F68/><W90/><G90/><T98/><D89/><U96/><E91/><V106/><F106/><W52/><G52/><T61/><D55/><U92/><E38/><V111/><F111/><W48/><G48/><RYUUKYOKU ba="0,2" sc="171,-15,356,-15,241,15,212,15" hai2="5,9,14,16,23,26,49,51,53,54,58,85,86" hai3="0,7,8,12,19,20,21,22,56,64,76,81,84" /><INIT seed="6,1,2,0,4,4" ten="156,341,256,227" oya="2" hai0="13,20,60,111,101,90,121,78,29,2,47,18,6" hai1="12,113,22,116,92,123,35,124,125,0,132,97,80" hai2="7,21,48,122,8,54,57,56,83,134,100,93,76" hai3="41,114,46,96,104,106,133,70,110,126,5,99,82"/><V14/><F122/><W27/><G70/><T69/><D121/><U71/><E123/><V117/><F117/><W62/><G110/><T67/><D111/><U55/><E116/><V95/><F134/><W42/><G133/><T15/><D78/><U105/><E132/><V16/><F100/><W91/><G62/><T112/><D101/><U79/><E0/><V9/><F56/><W118/><G118/><T3/><D29/><U36/><E35/><V130/><F130/><W17/><G5/><T59/><D112/><U24/><E36/><V77/><F77/><W61/><G61/><T28/><D28/><U127/><E12/><N who="2" m="5151" /><F21/><W108/><G108/><T37/><D69/><U52/><E71/><V119/><F119/><W10/><G114/><T98/><D37/><U74/><E105/><V38/><F38/><W49/><G106/><T135/><D135/><U65/><E65/><V53/><F53/><W85/><G42/><T19/><D47/><U31/><E113/><V94/><F76/><W11/><G104/><T45/><D45/><U115/><E115/><V23/><F23/><N who="3" m="13807" /><G126/><T107/><D6/><U109/><E109/><V34/><F34/><W131/><G131/><T33/><D33/><U84/><E74/><V68/><F68/><W40/><G40/><T44/><D44/><U81/><E79/><V88/><F83/><W51/><G51/><T64/><D107/><U75/><E75/><V50/><F50/><W73/><G73/><T87/><D67/><U32/><E32/><V66/><F66/><W129/><G129/><T86/><D2/><U1/><E1/><RYUUKYOKU ba="1,2" sc="156,-15,341,-15,256,15,227,15" hai2="9,14,16,48,54,57,88,93,94,95" hai3="10,11,41,46,49,82,85,91,96,99" /><INIT seed="6,2,2,2,3,62" ten="141,326,271,242" oya="2" hai0="65,57,23,5,64,105,95,39,119,118,49,45,107" hai1="35,97,99,3,66,76,87,40,127,14,19,12,86" hai2="42,73,60,103,134,41,50,51,80,32,68,7,77" hai3="21,58,20,90,29,30,98,17,44,46,124,67,79"/><V13/><F32/><W128/><G79/><T121/><D121/><U115/><E3/><V34/><F34/><W72/><G72/><T63/><D39/><U70/><E35/><V112/><F112/><W36/><G36/><T8/><D23/><U53/><E40/><V27/><F27/><W74/><G74/><T18/><D18/><U93/><E115/><V122/><F122/><W26/><G128/><T75/><D75/><U113/><E113/><V109/><F103/><W129/><G129/><T91/><D105/><U83/><E14/><V114/><F114/><W111/><G111/><T6/><D107/><U38/><E38/><V106/><F106/><W100/><G100/><T54/><D6/><U88/><E127/><V135/><F109/><W71/><G71/><T81/><D81/><U101/><E101/><V25/><F25/><N who="3" m="14479" /><G30/><T85/><REACH who="0" step="1"/><D64/><REACH who="0" ten="131,326,271,242" step="2"/><U48/><E66/><N who="2" m="41031" /><F7/><W102/><G67/><T82/><D82/><U61/><E70/><V16/><F80/><W69/><G69/><T84/><D84/><U55/><E86/><V37/><F37/><W130/><G130/><T28/><D28/><U133/><E83/><V31/><F31/><W1/><G29/><T22/><D22/><U4/><E4/><V104/><F104/><W116/><G21/><T24/><D24/><U125/><E87/><V117/><F73/><W96/><G26/><T59/><D59/><U92/><E76/><V10/><F77/><W43/><G58/><T11/><D11/><U89/><E19/><V108/><F108/><W56/><G56/><T120/><D120/><U132/><E93/><RYUUKYOKU ba="2,3" sc="131,30,326,-10,271,-10,242,-10" hai0="5,8,45,49,54,57,63,65,85,91,95,118,119" /><INIT seed="7,3,3,1,3,15" ten="161,316,261,232" oya="3" hai0="72,53,77,25,134,113,57,130,106,63,58,129,125" hai1="76,56,59,47,12,83,35,49,110,100,6,86,60" hai2="32,120,121,0,7,115,119,82,126,14,132,51,94" hai3="10,61,93,105,64,90,55,23,48,92,97,118,28"/><W66/><G118/><T96/><D77/><U17/><E110/><V29/><F119/><W9/><G105/><T117/><D117/><U1/><E1/><V124/><F0/><W38/><G38/><T102/><D72/><U21/><E35/><V111/><F111/><W123/><G123/><N who="2" m="47177" /><F115/><W13/><G93/><T70/><D70/><U52/><E100/><V103/><F132/><W101/><G101/><T33/><D134/><U42/><E59/><V44/><F82/><W114/><G114/><T107/><D113/><U41/><E6/><V50/><F29/><W98/><G98/><T19/><D125/><U34/><E34/><V88/><F32/><W99/><G99/><T74/><D74/><U122/><E122/><V108/><F103/><W80/><G80/><T24/><D106/><U73/><E73/><V8/><F108/><W18/><G28/><T116/><D116/><U65/><AGARI ba="3,3" hai="12,17,21,41,42,47,49,52,56,60,65,76,83,86" machi="65" ten="20,8000,1" yaku="0,1,7,1,8,1,52,1,54,1" doraHai="15" who="1" fromWho="1" sc="161,-23,316,119,261,-23,232,-43" owari="138,-36.2,435,53.5,238,3.8,189,-21.1" /></mjloggm>