<mjloggm ver="2.3"><GO type="169" lobby="0"/><UN n0="%E3%83%A1%E3%82%AC%E3%83%95%E3%83%BC%E3%83%87%E3%82%A3%E3%83%B3" n1="%E3%82%80%E3%81%97%E6%AD%AF" n2="%73%65%2D%74%61" n3="%E3%83%A9%E3%83%9E%E3%83%BC%E7%9A%87%E5%AD%90" dan="16,17,17,19" rate="2215.43,2158.75,2203.74,2231.22" sx="F,M,M,M"/><TAIKYOKU oya="0"/><INIT seed="0,0,0,5,3,115" ten="250,250,250,250" oya="0" hai0="23,55,128,20,98,86,14,52,46,127,2,102,125" hai1="110,68,49,21,117,124,19,17,126,45,28,119,107" hai2="10,113,59,25,99,12,58,78,82,77,130,4,88" hai3="40,38,90,87,48,37,51,103,3,83,43,7,74"/><T84/><D2/><U129/><E110/><V0/><F113/><W79/><G103/><T101/><D14/><U75/><E75/><V121/><F121/><W26/><G26/><T97/><REACH who="0" step="1"/><D46/><REACH who="0" ten="240,250,250,250" step="2"/><U123/><E123/><V72/><F0/><W31/><G3/><T116/><D116/><U42/><E129/><AGARI ba="0,1" hai="20,23,52,55,84,86,97,98,101,102,125,127,128,129" machi="129" ten="25,9600,0" yaku="1,1,22,2,54,1,53,0" doraHai="115" doraHaiUra="41" who="0" fromWho="1" sc="240,106,250,-96,250,0,250,0" /><INIT seed="0,1,0,2,5,123" ten="346,154,250,250" oya="0" hai0="92,18,90,99,64,47,80,76,118,103,38,16,108" hai1="77,120,75,109,10,34,1,20,8,35,86,82,24" hai2="95,68,23,25,111,32,133,106,37,49,88,52,100" hai3="65,107,101,33,110,57,74,14,22,98,124,119,91"/><T89/><D118/><U104/><E120/><V7/><F37/><W21/><G119/><T61/><D108/><U73/><E104/><V6/><F32/><W84/><G33/><T9/><D38/><U27/><E86/><V135/><F68/><W28/><G74/><T105/><D47/><U15/><E1/><V13/><F111/><W55/><G124/><T122/><D9/><U115/><E115/><V117/><F117/><W63/><G110/><T79/><D79/><U3/><E109/><V53/><F106/><W50/><G14/><T121/><D121/><U40/><E40/><V31/><F100/><W45/><REACH who="3" step="1"/><G28/><REACH who="3" ten="346,154,250,240" step="2"/><T102/><D122/><U70/><E34/><V44/><F13/><W134/><G134/><N who="2" m="51209" /><F53/><W17/><G17/><T72/><D103/><U116/><E35/><V41/><F41/><W113/><G113/><T129/><D129/><U112/><E112/><V59/><F44/><W130/><G130/><T96/><REACH who="0" step="1"/><D90/><REACH who="0" ten="336,154,250,240" step="2"/><U78/><E116/><V83/><F7/><W58/><G58/><AGARI ba="1,2" hai="16,18,58,61,64,72,76,80,89,92,96,99,102,105" machi="58" ten="30,11600,0" yaku="1,1,2,1,7,1,54,1,53,0" doraHai="123" doraHaiUra="11" who="0" fromWho="3" sc="336,139,154,0,250,0,240,-119" /><INIT seed="0,2,0,2,5,91" ten="475,154,250,121" oya="0" hai0="57,37,124,98,7,94,135,22,50,87,113,112,4" hai1="9,35,129,66,25,62,68,119,30,18,104,75,44" hai2="64,56,81,58,74,117,106,123,102,61,72,6,39" hai3="90,97,13,88,5,19,15,103,86,76,31,14,126"/><T60/><D37/><U71/><E119/><V46/><F123/><W28/><G126/><T127/><D50/><U43/><E75/><V107/><F117/><W27/><G5/><T89/><D22/><U108/><E108/><V23/><F6/><W41/><G41/><T38/><D38/><U111/><E111/><V125/><F125/><N who="0" m="48202" /><D4/><U24/><E129/><V100/><F23/><N who="3" m="13823" /><G103/><N who="0" m="60887" /><D7/><U11/><E71/><V47/><F39/><W1/><G1/><T77/><D135/><U12/><E25/><V128/><F128/><W2/><G2/><T55/><D77/><U21/><E104/><V131/><F131/><W8/><G8/><T130/><D130/><U20/><REACH who="1" step="1"/><E9/><REACH who="1" ten="475,144,250,121" step="2"/><V82/><F61/><W59/><G31/><T92/><AGARI ba="2,1" hai="55,57,60,87,89,92,112,113" m="60887,48202" machi="92" ten="30,6000,0" yaku="18,1,52,2" doraHai="91" who="0" fromWho="0" sc="475,76,144,-22,250,-22,121,-22" /><INIT seed="0,3,0,4,2,12" ten="551,122,228,99" oya="0" hai0="102,22,60,13,39,91,16,79,25,3,90,42,30" hai1="18,125,35,2,128,29,88,135,117,37,31,108,0" hai2="98,133,15,57,124,54,66,46,63,1,94,110,80" hai3="87,96,107,28,27,95,116,36,14,68,21,48,83"/><T8/><D79/><U7/><E37/><V75/><F1/><W134/><G36/><T126/><D126/><U10/><E117/><V76/><F124/><W67/><G116/><T45/><D102/><U53/><E125/><V20/><F133/><W62/><G107/><T4/><REACH who="0" step="1"/><D60/><REACH who="0" ten="541,122,228,99" step="2"/><U89/><E135/><V55/><F76/><W109/><G134/><T132/><D132/><U47/><E89/><V121/><F63/><W104/><G62/><T118/><D118/><U19/><E88/><V81/><F75/><W61/><G61/><T69/><D69/><U9/><E128/><V105/><F105/><W77/><G104/><T49/><D49/><U114/><E114/><V11/><F121/><W44/><G48/><T112/><D112/><U34/><E108/><V17/><F66/><W106/><G68/><T131/><D131/><U74/><E74/><V99/><F110/><W92/><G67/><T113/><D113/><U56/><E2/><V123/><F123/><W41/><G106/><T59/><D59/><U73/><E56/><V120/><F57/><W78/><G109/><T64/><D64/><U93/><E73/><V58/><F58/><W100/><G100/><T38/><D38/><U72/><E72/><V70/><F70/><W24/><G78/><T6/><D6/><U32/><E7/><V119/><F120/><W5/><G77/><T40/><D40/><U111/><E0/><V115/><F119/><W65/><G65/><T122/><D122/><U50/><E111/><V86/><F115/><W82/><G41/><T52/><D52/><U85/><E53/><RYUUKYOKU ba="3,1" sc="541,30,122,-10,228,-10,99,-10" hai0="3,4,8,13,16,22,25,30,39,42,45,90,91" /><INIT seed="0,4,1,2,5,59" ten="571,112,218,89" oya="0" hai0="55,15,6,63,87,85,100,25,77,40,21,114,46" hai1="132,123,104,99,70,98,82,80,66,91,101,19,45" hai2="36,53,124,9,62,106,41,119,121,105,0,5,83" hai3="43,57,117,35,1,56,118,51,39,103,24,27,3"/><T2/><D114/><U94/><E123/><V69/><F121/><W12/><G103/><T108/><D2/><U72/><E132/><V49/><F119/><W14/><G51/><N who="0" m="27079" /><D100/><U61/><E72/><V68/><F68/><W131/><G43/><T81/><D108/><U48/><REACH who="1" step="1"/><E19/><REACH who="1" ten="571,102,218,89" step="2"/><V129/><F129/><W113/><G131/><T17/><D87/><U76/><E76/><V88/><F124/><W52/><G113/><T116/><D116/><U112/><E112/><V33/><F33/><W44/><G35/><T93/><D93/><U95/><E95/><V97/><F106/><W74/><G74/><T31/><D6/><U127/><E127/><V54/><F105/><W102/><G117/><T130/><D130/><U78/><E78/><V60/><F83/><W115/><G118/><T50/><D77/><U11/><E11/><V89/><F9/><W42/><G115/><T86/><D81/><U120/><E120/><V134/><F134/><W71/><G1/><T96/><D17/><U64/><E64/><V84/><F0/><W92/><G3/><T67/><D85/><U125/><E125/><V30/><F5/><W73/><G92/><T122/><D86/><U23/><E23/><V38/><F84/><W8/><G73/><T58/><D122/><U32/><E32/><V133/><F133/><W10/><G10/><T110/><D110/><U28/><E28/><V20/><F30/><W47/><G8/><T75/><D75/><U26/><E26/><V22/><F97/><W135/><G24/><T90/><D96/><U7/><E7/><V79/><F79/><RYUUKYOKU ba="4,2" sc="571,-10,102,30,218,-10,89,-10" hai1="45,48,61,66,70,80,82,91,94,98,99,101,104" /><INIT seed="1,5,2,4,5,97" ten="561,132,208,79" oya="1" hai0="114,13,87,98,135,68,59,4,131,50,112,45,126" hai1="101,111,42,28,106,90,62,8,27,78,52,6,33" hai2="92,0,84,56,30,73,133,65,88,79,103,119,71" hai3="83,40,94,63,21,69,117,11,115,127,80,34,61"/><U14/><E78/><V48/><F0/><W105/><G34/><T23/><D68/><U104/><E42/><V44/><F119/><W38/><G105/><T134/><D126/><U9/><E111/><V118/><F118/><W66/><G117/><T67/><D87/><U82/><E9/><V60/><F133/><N who="0" m="50698" /><D98/><U85/><REACH who="1" step="1"/><E101/><REACH who="1" ten="561,122,208,79" step="2"/><V123/><F123/><W129/><G40/><T74/><D112/><U35/><E35/><V17/><F79/><W89/><G11/><T36/><D114/><U64/><E64/><V86/><F65/><W47/><G115/><T19/><D67/><U15/><E15/><V7/><F103/><W5/><G66/><T75/><D13/><U1/><E1/><V55/><F55/><W124/><G124/><T53/><D53/><U31/><E31/><V122/><F30/><W12/><G127/><T58/><D23/><U109/><E109/><V70/><F122/><W102/><G102/><T113/><D113/><U120/><E120/><V76/><F76/><W121/><G121/><T81/><D75/><U46/><E46/><V77/><F73/><W116/><G116/><T39/><D45/><U43/><E43/><V37/><F44/><W57/><G47/><T16/><D74/><U25/><E25/><V130/><F77/><W125/><G125/><T93/><D59/><AGARI ba="5,3" hai="6,8,14,27,28,33,52,59,62,82,85,90,104,106" machi="59" ten="40,7700,0" yaku="1,1,54,1,53,1" doraHai="97" doraHaiUra="2" who="1" fromWho="0" sc="561,-92,122,122,208,0,79,0" /><INIT seed="1,6,0,4,1,64" ten="469,244,208,79" oya="1" hai0="28,100,3,53,128,24,25,61,11,75,117,81,29" hai1="115,71,82,72,18,84,135,124,74,43,1,19,127" hai2="45,54,0,131,111,134,6,4,42,110,99,10,73" hai3="80,107,83,30,22,47,21,17,50,126,119,122,46"/><U26/><E115/><V38/><F73/><W49/><G122/><T56/><D117/><U129/><E1/><V36/><F134/><W79/><G107/><T103/><D128/><U91/><E129/><V12/><F131/><W93/><G119/><T52/><D75/><U67/><E135/><V7/><F38/><W65/><G126/><N who="1" m="48170" /><E43/><V20/><F99/><W15/><G65/><T31/><D81/><U133/><E133/><V89/><F89/><W90/><G79/><T60/><D3/><U98/><E98/><V105/><F105/><W27/><G50/><T132/><D11/><U101/><E101/><N who="0" m="38985" /><D132/><U109/><E109/><N who="2" m="41483" /><F54/><N who="0" m="21098" /><D56/><U102/><E102/><V48/><F36/><W16/><G49/><T34/><D34/><U70/><E67/><V118/><F118/><W32/><G46/><T58/><D58/><U130/><E130/><V35/><F35/><W63/><G47/><T14/><D14/><U23/><E74/><V94/><F94/><W85/><REACH who="3" step="1"/><G63/><AGARI ba="6,0" hai="24,25,28,29,31,60,61,63" m="21098,38985" machi="63" ten="30,7700,0" yaku="28,2,8,1,54,1" doraHai="64" who="0" fromWho="3" sc="469,95,244,0,208,0,79,-95" owari="564,66.4,244,4.4,208,-19.2,-16,-51.6" /></mjloggm>