<mjloggm ver="2.3"><GO type="169" lobby="0"/><UN n0="%E7%B4%94%E5%85%A8%E5%B8%AF%E4%B8%89%E8%89%B2" n1="%E6%81%8B%E3%81%AE%E3%81%86%E3%81%9F" n2="%E3%81%AA%E3%81%8B%E3%81%AE%E3%81%86%E3%81%88" n3="%E5%A4%A9%E7%A9%BA%E3%81%AE%E6%8A%80" dan="16,17,16,16" rate="2097.36,2207.49,2159.40,2144.22" sx="M,M,M,M"/><TAIKYOKU oya="0"/><INIT seed="0,0,0,2,5,0" ten="250,250,250,250" oya="0" hai0="67,73,124,76,43,32,117,116,1,100,2,130,61" hai1="99,104,92,22,71,12,34,77,51,39,132,115,9" hai2="108,25,40,123,70,28,133,16,3,134,89,41,103" hai3="94,10,101,46,74,24,69,72,50,8,11,96,54"/><T78/><D32/><U82/><E39/><V98/><F123/><W30/><REACH who="3" step="1"/><G69/><REACH who="3" ten="250,250,250,240" step="2"/><T111/><D117/><U84/><E71/><V68/><F70/><W17/><G17/><T47/><D116/><U66/><E115/><V75/><F16/><W57/><G57/><T13/><D124/><U125/><E125/><V114/><F68/><W83/><G83/><T27/><D130/><U38/><E82/><V37/><F114/><W65/><G65/><T127/><D67/><U59/><E59/><V135/><F135/><W5/><G5/><T31/><D127/><U4/><E4/><V131/><F134/><W88/><G88/><T44/><D78/><U120/><E66/><V15/><F89/><W64/><G64/><T86/><D76/><U6/><E132/><V18/><F131/><W81/><G81/><T20/><D111/><U126/><E126/><V122/><F18/><W119/><G119/><T85/><D47/><U52/><E77/><V19/><F108/><W95/><G95/><T110/><D44/><U90/><E92/><V118/><F19/><W121/><G121/><T26/><D110/><U29/><E120/><V60/><F122/><W113/><G113/><T56/><D56/><U23/><E90/><V97/><F118/><W45/><G45/><T128/><D128/><U35/><E6/><V62/><F133/><W42/><G42/><T105/><D43/><U129/><E129/><V109/><F41/><W91/><G91/><T87/><D105/><U102/><E104/><V21/><F109/><W58/><G58/><T14/><D100/><U106/><E102/><RYUUKYOKU ba="0,1" sc="250,-10,250,-10,250,-10,240,30" hai3="8,10,11,24,30,46,50,54,72,74,94,96,101" /><INIT seed="1,1,1,0,1,12" ten="240,240,240,270" oya="1" hai0="110,57,92,4,21,43,59,84,82,23,47,96,127" hai1="109,131,39,25,48,75,98,71,19,111,2,67,73" hai2="17,35,81,101,129,125,126,31,9,38,61,33,123" hai3="118,56,107,64,130,14,97,100,103,5,62,6,85"/><U113/><E39/><V121/><F38/><W11/><G130/><T115/><D110/><N who="1" m="41995" /><E113/><V74/><F101/><W7/><G118/><T40/><D127/><N who="2" m="48650" /><F61/><W114/><G114/><T80/><D115/><U78/><E2/><V66/><F66/><W106/><G85/><T15/><D23/><N who="1" m="13567" /><E131/><V93/><F93/><W3/><REACH who="3" step="1"/><G3/><REACH who="3" ten="240,240,240,260" step="2"/><T95/><D84/><U108/><E108/><V34/><F129/><W119/><G119/><T70/><D82/><U28/><E75/><V116/><F81/><W26/><G26/><T1/><D80/><U36/><E73/><V133/><F74/><W122/><G122/><T53/><D1/><U45/><E78/><V18/><F116/><W89/><G89/><T76/><D76/><U68/><E36/><V60/><F123/><W24/><G24/><T50/><D96/><AGARI ba="1,2" hai="5,6,7,11,14,56,62,64,96,97,100,103,106,107" machi="96" ten="40,2600,0" yaku="1,1,9,1,53,0" doraHai="12" doraHaiUra="83" who="3" fromWho="0" sc="240,-29,240,0,240,0,260,49" /><INIT seed="2,0,0,0,2,18" ten="211,240,240,309" oya="2" hai0="25,115,10,52,111,31,65,12,132,83,72,23,58" hai1="77,114,128,78,95,119,125,37,21,76,82,92,56" hai2="67,61,102,8,90,108,29,135,24,51,59,89,112" hai3="68,60,2,7,20,74,105,84,0,88,101,73,41"/><V45/><F112/><W47/><G101/><T1/><D115/><U69/><E69/><V103/><F135/><W9/><G105/><T98/><D132/><U130/><E37/><V66/><F108/><W99/><G99/><T110/><D1/><U22/><E114/><V123/><F123/><W97/><G97/><T53/><D65/><U87/><E125/><V133/><F133/><W93/><G2/><T100/><D83/><U11/><E11/><V32/><F67/><W50/><G60/><T63/><D53/><U44/><E44/><V49/><F49/><W104/><G104/><T27/><D27/><U64/><E119/><V57/><F57/><W79/><G68/><T134/><D72/><U118/><E118/><V39/><F39/><W30/><G79/><N who="1" m="30218" /><E128/><V4/><F103/><W36/><G36/><T3/><D3/><U46/><E46/><V127/><F102/><W81/><REACH who="3" step="1"/><G81/><REACH who="3" ten="211,240,240,299" step="2"/><T121/><D134/><U94/><E130/><V54/><REACH who="2" step="1"/><F127/><REACH who="2" ten="211,240,230,299" step="2"/><W71/><G71/><T75/><D121/><U17/><E64/><V131/><F131/><W48/><G48/><T34/><D111/><U33/><E56/><V96/><F96/><W28/><G28/><T107/><D110/><U86/><E86/><V80/><F80/><W15/><G15/><AGARI ba="0,2" hai="4,8,15,24,29,32,45,51,54,59,61,66,89,90" machi="15" ten="30,5800,0" yaku="1,1,7,1,53,1" doraHai="18" doraHaiUra="55" who="2" fromWho="3" sc="211,0,240,0,230,78,299,-58" /><INIT seed="2,1,0,0,4,120" ten="211,240,308,241" oya="2" hai0="42,93,94,132,131,100,134,1,95,24,40,36,19" hai1="107,98,12,13,118,133,106,74,115,54,37,109,35" hai2="122,4,117,73,29,60,39,116,126,81,59,56,44" hai3="61,79,108,110,58,87,121,111,7,33,105,32,77"/><V104/><F122/><W112/><G121/><T34/><D1/><U99/><E37/><V66/><F104/><W22/><G105/><T0/><D0/><U102/><E35/><N who="3" m="13386" /><G7/><T97/><D131/><U49/><E74/><V52/><F29/><W124/><G124/><T129/><D129/><U16/><E133/><V18/><F4/><W23/><G112/><T65/><D65/><U50/><E118/><N who="2" m="45675" /><F18/><W9/><G9/><T51/><D36/><U38/><E38/><V91/><F91/><W46/><G46/><T31/><D19/><U135/><E135/><N who="0" m="51753" /><D51/><U5/><E115/><V53/><F81/><N who="3" m="47535" /><G79/><T92/><AGARI ba="1,0" hai="24,31,34,40,42,92,93,94,95,97,100" m="51753" machi="92" ten="30,1100,0" yaku="20,1" doraHai="120" who="0" fromWho="0" sc="211,14,240,-4,308,-6,241,-4" /><INIT seed="3,0,0,2,3,120" ten="225,236,302,237" oya="3" hai0="76,2,35,63,86,113,20,93,84,61,100,14,65" hai1="3,39,96,54,27,40,28,4,51,81,45,0,80" hai2="85,59,5,69,97,110,108,135,107,114,95,16,127" hai3="66,71,98,50,125,123,118,101,26,73,128,21,1"/><W121/><G118/><T10/><D2/><U91/><E4/><V47/><F69/><W131/><G1/><T25/><D35/><U94/><E3/><V74/><F114/><W130/><G73/><T57/><D113/><U88/><E0/><V37/><F5/><W119/><G119/><T64/><D76/><U38/><E91/><N who="2" m="53743" /><F74/><W42/><G125/><T6/><D100/><U124/><E124/><V134/><F127/><W43/><G66/><T82/><D93/><U22/><REACH who="1" step="1"/><E39/><REACH who="1" ten="225,226,302,237" step="2"/><V32/><F37/><W117/><G117/><T116/><D116/><U56/><AGARI ba="0,1" hai="22,27,28,38,40,45,51,54,56,80,81,88,94,96" machi="56" ten="20,12000,2" yaku="1,1,2,1,0,1,7,1,54,1,53,1" doraHai="120" doraHaiUra="24" who="1" fromWho="1" sc="225,-30,226,130,302,-30,237,-60" /><INIT seed="4,0,0,3,2,57" ten="195,356,272,177" oya="0" hai0="47,93,130,43,133,82,18,76,65,80,9,10,61" hai1="27,14,42,74,109,58,84,124,69,34,94,33,116" hai2="30,126,25,123,67,19,104,98,119,63,49,90,6" hai3="113,100,21,102,29,87,56,83,54,37,40,23,73"/><T117/><D117/><U107/><E109/><V39/><F39/><W17/><G113/><T59/><D133/><U8/><E74/><V24/><F123/><W131/><G131/><T0/><D130/><U86/><E69/><V71/><F126/><W132/><G73/><T99/><D0/><U128/><E107/><V53/><F119/><W115/><G115/><T78/><D82/><U60/><E34/><V26/><F6/><W118/><G132/><T134/><D134/><U111/><E111/><V35/><F19/><W129/><G129/><T81/><D81/><U135/><E33/><V52/><F53/><W110/><G110/><T48/><D18/><U36/><E124/><V121/><F121/><W2/><G2/><T13/><D13/><U16/><E36/><V101/><F90/><N who="3" m="51583" /><G40/><T127/><D127/><U44/><E116/><V66/><REACH who="2" step="1"/><F67/><REACH who="2" ten="195,356,262,177" step="2"/><W12/><G37/><T114/><D114/><U89/><E128/><V103/><F103/><W105/><G118/><T92/><D78/><U28/><E135/><V85/><F85/><W68/><G102/><T45/><D99/><U38/><E84/><V1/><F1/><W50/><G100/><T46/><D76/><U77/><E77/><V55/><F55/><W95/><G54/><T62/><D65/><U32/><E38/><V72/><F72/><W51/><G17/><T120/><D120/><U11/><E16/><V97/><F97/><W15/><G29/><T7/><D7/><U112/><E112/><V79/><F79/><W31/><G31/><T5/><D5/><U75/><E75/><V3/><F3/><RYUUKYOKU ba="0,1" sc="195,-10,356,-10,262,30,177,-10" hai2="24,25,26,30,35,49,52,63,66,71,98,101,104" /><INIT seed="5,1,1,5,3,79" ten="185,346,292,167" oya="1" hai0="33,57,122,3,35,64,132,135,16,98,21,95,106" hai1="8,127,82,22,36,131,109,46,125,77,38,113,53" hai2="24,27,30,9,11,61,14,67,86,104,102,78,42" hai3="121,45,54,60,62,87,94,26,118,40,55,28,129"/><U73/><E113/><V111/><F111/><W44/><G129/><T108/><D3/><U123/><E123/><V84/><F42/><W124/><G124/><N who="1" m="47690" /><E131/><V68/><F27/><W71/><G121/><T93/><D106/><U85/><E22/><V52/><F78/><W63/><G71/><T15/><D108/><U80/><E109/><V114/><F114/><W12/><G12/><T31/><D122/><U66/><E66/><V23/><F11/><W6/><G6/><T47/><D31/><U32/><E32/><V91/><F91/><W29/><G118/><T75/><D75/><U120/><E120/><V34/><F23/><N who="3" m="15455" /><G29/><T130/><D130/><U103/><E103/><V49/><F14/><W17/><G17/><T134/><D47/><N who="3" m="17993" /><G40/><T1/><D1/><U25/><E25/><V119/><F9/><W115/><G115/><T43/><D43/><U133/><E8/><V37/><F37/><W76/><G94/><T126/><D126/><U70/><E70/><V10/><F10/><W88/><G76/><T18/><D18/><U59/><E36/><V7/><F7/><W100/><G100/><N who="0" m="60495" /><D95/><U50/><E38/><V117/><F117/><W92/><AGARI ba="1,1" hai="54,55,60,62,63,87,88,92" m="17993,15455" machi="92" ten="30,2000,0" yaku="8,1,54,1" doraHai="79" who="3" fromWho="3" sc="185,-6,346,-11,292,-6,167,33" /><INIT seed="6,0,0,5,4,17" ten="179,335,286,200" oya="2" hai0="16,67,46,125,10,102,118,34,15,26,89,50,133" hai1="88,117,54,107,5,97,76,113,87,60,134,2,94" hai2="28,35,99,3,47,66,116,84,95,56,41,7,77" hai3="40,115,0,63,132,65,129,80,82,123,20,49,79"/><V61/><F116/><W131/><G0/><T39/><D39/><U78/><E113/><V108/><F108/><W30/><G123/><T9/><D125/><U27/><E134/><V23/><F35/><W85/><G115/><T96/><D133/><U68/><E107/><V100/><F3/><W90/><G49/><T69/><D118/><U24/><E68/><V110/><F7/><W124/><G40/><T12/><D89/><U101/><E5/><V4/><F4/><W75/><G124/><T52/><D69/><U109/><E109/><V37/><F110/><W81/><G82/><T71/><D71/><U73/><E73/><V111/><F111/><W104/><G104/><T114/><D67/><U112/><E2/><V36/><F36/><W135/><G132/><T45/><D45/><U29/><E112/><V121/><F121/><W130/><G135/><T14/><D114/><U32/><E27/><N who="2" m="16511" /><F84/><W1/><G1/><T93/><D34/><U57/><E117/><V127/><F77/><W25/><G65/><T98/><D98/><U43/><E43/><V21/><F127/><W64/><REACH who="3" step="1"/><G64/><REACH who="3" ten="179,335,286,190" step="2"/><T92/><D92/><U22/><E32/><V55/><F55/><W19/><G19/><T70/><D70/><U126/><E126/><V53/><F53/><W58/><G58/><T83/><D83/><U72/><E72/><V31/><F31/><W74/><G74/><T18/><D18/><U51/><E29/><V106/><F106/><W122/><G122/><T11/><D16/><N who="1" m="12359" /><E51/><V38/><F38/><W105/><G105/><T13/><N who="0" m="3072" /><DORA hai="33" /><T6/><D6/><RYUUKYOKU ba="0,1" sc="179,0,335,0,286,0,190,0" hai0="9,10,11,26,46,50,52,93,96,102" hai1="54,57,60,76,78,87,88,94,97,101" hai2="21,37,41,47,56,61,66,95,99,100" hai3="20,25,30,63,75,79,80,81,85,90,129,130,131" /><INIT seed="6,1,1,1,5,52" ten="179,335,286,190" oya="2" hai0="64,38,66,108,14,1,50,103,63,37,110,7,78" hai1="133,8,117,48,53,16,62,45,127,96,128,6,75" hai2="122,28,58,119,95,135,79,109,97,100,126,22,9" hai3="77,68,72,59,24,42,94,46,47,116,102,19,44"/><V11/><F119/><W55/><G68/><T107/><D1/><U26/><E75/><V112/><F122/><W32/><G116/><T115/><D78/><U69/><E117/><V121/><F121/><W49/><G72/><T21/><D115/><U61/><E128/><V0/><F126/><W93/><G77/><T35/><D35/><U41/><E133/><V132/><F112/><W60/><G32/><T18/><D7/><U17/><E69/><V85/><F109/><W88/><G102/><T90/><D64/><U130/><E130/><V84/><F0/><W82/><G82/><T57/><D50/><U10/><E96/><V36/><F36/><W54/><G94/><T76/><D76/><U86/><E86/><N who="2" m="33387" /><F79/><W81/><G81/><T40/><D90/><U101/><E101/><V33/><F33/><W29/><G42/><T91/><D91/><U125/><E41/><V34/><F34/><W4/><G4/><T23/><D23/><N who="1" m="13671" /><E6/><V134/><F58/><W20/><G29/><T30/><D30/><U70/><E70/><V87/><N who="2" m="33395" /><AGARI ba="1,1" hai="19,20,24,44,46,47,49,54,55,59,60,87,88,93" machi="87" ten="30,8000,1" yaku="3,1,7,1,8,1,52,1,54,1" doraHai="52" who="3" fromWho="2" sc="179,0,335,0,286,-83,190,93" /><INIT seed="7,0,0,0,0,7" ten="179,335,203,283" oya="3" hai0="89,31,27,73,59,32,102,120,4,106,68,98,57" hai1="51,22,111,26,127,132,8,64,86,124,131,35,97" hai2="49,99,119,24,117,105,58,107,69,125,67,61,54" hai3="126,36,116,21,95,94,87,101,93,77,33,48,10"/><W45/><G33/><T43/><D120/><U19/><E111/><V133/><F125/><N who="1" m="48201" /><E131/><V79/><F133/><W11/><G36/><T14/><D73/><U15/><E64/><V1/><F1/><W110/><G116/><T34/><D34/><U122/><E86/><V112/><F112/><W5/><G5/><T20/><D43/><U18/><E97/><V53/><F79/><W100/><G110/><T28/><D28/><N who="1" m="19863" /><E51/><V39/><F24/><W134/><G134/><T66/><D89/><U121/><E132/><V50/><F39/><W74/><G21/><T91/><D91/><U52/><E52/><V135/><F135/><W62/><G62/><T129/><D129/><U3/><E3/><V109/><F109/><W17/><G74/><T96/><D96/><U83/><E83/><V12/><F12/><AGARI ba="0,0" hai="8,12,15,18,19,22,121,122" m="19863,48201" machi="12" ten="30,7700,0" yaku="18,1,34,2,52,1" doraHai="7" who="1" fromWho="2" sc="179,0,335,77,203,-77,283,0" owari="179,-22.1,412,51.2,126,-37.4,283,8.3" /></mjloggm>