<mjloggm ver="2.3"><GO type="169" lobby="0"/><UN n0="%64%69%76%61" n1="%74%6B%34%32" n2="%E3%81%B7%E3%81%B7%E3%81%B7%E3%82%93%E3%81%B7" n3="%E6%B8%85%E9%A2%A8%E5%8C%97" dan="16,16,16,16" rate="2049.10,2046.01,2045.54,2166.73" sx="M,M,M,F"/><TAIKYOKU oya="0"/><INIT seed="0,0,0,0,1,7" ten="250,250,250,250" oya="0" hai0="102,23,71,8,60,95,126,30,125,101,130,14,110" hai1="135,129,103,99,10,78,63,92,0,55,124,98,4" hai2="13,109,120,15,132,73,96,22,86,50,35,34,33" hai3="26,79,128,53,58,111,105,62,70,123,57,66,24"/><T83/><D130/><U87/><E129/><V6/><F73/><W21/><G128/><T37/><D37/><U12/><E124/><N who="0" m="47721" /><D83/><U89/><E135/><V97/><F120/><W107/><G123/><T122/><D122/><U69/><E78/><V100/><F132/><W115/><G115/><T39/><D39/><U65/><E55/><V28/><F109/><W77/><G111/><T47/><D47/><U113/><E113/><V17/><F86/><W44/><G44/><T94/><D110/><U29/><E29/><V127/><F127/><W36/><G36/><T51/><D51/><U116/><E116/><V91/><F50/><W80/><G79/><T85/><D60/><U38/><E38/><V108/><F108/><W20/><G70/><T52/><D52/><U31/><E31/><V76/><F76/><W61/><G21/><T74/><D74/><U117/><E117/><V5/><F28/><W18/><REACH who="3" step="1"/><G26/><REACH who="3" ten="250,250,250,240" step="2"/><N who="0" m="16735" /><D71/><U93/><E69/><V40/><F35/><W1/><G1/><T59/><D59/><U75/><E0/><V112/><F34/><W90/><G90/><N who="0" m="53583" /><D95/><U11/><E93/><N who="2" m="56383" /><F33/><W49/><G49/><T119/><D119/><U54/><E99/><V16/><F112/><W3/><G3/><T88/><D88/><U118/><E89/><V27/><F97/><W72/><AGARI ba="0,1" hai="18,20,24,53,57,58,61,62,66,72,77,80,105,107" machi="72" ten="20,2700,0" yaku="1,1,0,1,7,1,53,0" doraHai="7" doraHaiUra="84" who="3" fromWho="3" sc="250,-13,250,-7,250,-7,240,37" /><INIT seed="1,0,0,0,1,135" ten="237,243,243,277" oya="1" hai0="22,53,83,35,123,127,134,8,36,57,64,78,116" hai1="49,3,73,5,91,58,85,71,84,61,77,19,124" hai2="20,81,118,132,67,126,6,56,113,107,9,23,41" hai3="117,50,54,93,133,104,18,125,94,79,21,100,40"/><U95/><E124/><V27/><F118/><W66/><G133/><T65/><D116/><U46/><E71/><V128/><F107/><W1/><G117/><T122/><D36/><U63/><E73/><V24/><F132/><W102/><G1/><T120/><D35/><U106/><E106/><V44/><F128/><W55/><G104/><T52/><D134/><U99/><E3/><V70/><F70/><W112/><G112/><T114/><D114/><U2/><E2/><V130/><F130/><W31/><G31/><T42/><D42/><U105/><E5/><V111/><F111/><W39/><G79/><T43/><D43/><U47/><E105/><V108/><F108/><W101/><G66/><N who="0" m="25707" /><D127/><U72/><E72/><V48/><F126/><W15/><G39/><T33/><D8/><U34/><E19/><V80/><F113/><W26/><G26/><N who="2" m="9769" /><F9/><W121/><G121/><T68/><D33/><U17/><E17/><V45/><F45/><N who="1" m="16905" /><E34/><V0/><F6/><W14/><G125/><T109/><D109/><U129/><E129/><V88/><F0/><W11/><G40/><T74/><D68/><U4/><E4/><V28/><F28/><W103/><N who="3" m="25600" /><DORA hai="97" /><W37/><G37/><T51/><D22/><U16/><E16/><V115/><F115/><W25/><G54/><AGARI ba="0,0" hai="51,52,53,54,57,74,78,83,120,122,123" m="25707" machi="54" ten="40,2600,0" yaku="13,1,54,1" doraHai="135,97" who="0" fromWho="3" sc="237,26,243,0,243,0,277,-26" /><INIT seed="2,0,0,1,4,129" ten="263,243,243,251" oya="2" hai0="135,34,101,127,77,42,113,7,97,133,106,46,100" hai1="44,56,67,124,32,58,20,123,116,12,16,75,72" hai2="112,128,119,45,110,10,0,82,29,98,59,115,35" hai3="117,91,6,102,76,19,24,132,1,53,17,70,23"/><V27/><F119/><W111/><G117/><T74/><D34/><U60/><E116/><V49/><F128/><W125/><G70/><T80/><D113/><U37/><E124/><V92/><F110/><W122/><G122/><T114/><D114/><U2/><E123/><V89/><F59/><W68/><G68/><T99/><D127/><U57/><E2/><V108/><F108/><W93/><G125/><T73/><D7/><U11/><E32/><V88/><F0/><W63/><G111/><T84/><D46/><U86/><E86/><V120/><F10/><W18/><G76/><T47/><D47/><U40/><E57/><V79/><F89/><W21/><G102/><T41/><D41/><U43/><E43/><V71/><F71/><W109/><G109/><T50/><D50/><U62/><REACH who="1" step="1"/><E11/><REACH who="1" ten="263,233,243,251" step="2"/><V134/><F120/><W94/><G1/><T66/><D42/><U25/><E25/><V107/><F107/><W96/><G24/><T26/><D26/><U4/><E4/><V31/><F31/><W121/><G6/><T30/><D30/><U83/><E83/><V61/><F115/><W3/><G121/><T85/><D84/><U13/><E13/><V90/><F112/><W130/><G3/><T87/><D87/><U14/><E14/><V78/><F27/><W105/><G130/><T33/><D33/><U51/><E51/><V131/><F29/><W65/><G105/><N who="0" m="63631" /><D66/><AGARI ba="0,1" hai="12,16,20,37,40,44,56,58,60,62,66,67,72,75" machi="66" ten="30,7700,0" yaku="1,1,7,1,9,1,54,1,53,0" doraHai="129" doraHaiUra="28" who="1" fromWho="0" sc="263,-77,233,87,243,0,251,0" /><INIT seed="3,0,0,4,2,38" ten="186,320,243,251" oya="3" hai0="105,104,5,124,101,97,90,2,59,91,10,32,110" hai1="53,96,119,88,33,113,37,80,77,115,62,51,14" hai2="43,55,93,61,16,130,66,1,6,65,134,46,54" hai3="42,39,58,133,19,120,85,40,31,30,87,45,4"/><W67/><G120/><T89/><D32/><U99/><E37/><V109/><F109/><W98/><G133/><T13/><D110/><U74/><E33/><V36/><F134/><W83/><G4/><T70/><D70/><U29/><E29/><N who="3" m="10762" /><G39/><T21/><D124/><U82/><E62/><V92/><F130/><W108/><G45/><T118/><D118/><U34/><E34/><V86/><F1/><W81/><G98/><T11/><D21/><U17/><E119/><V47/><F6/><W135/><G108/><T121/><D121/><U111/><E111/><V26/><F47/><W35/><G35/><T129/><D129/><U23/><E96/><V94/><F86/><N who="3" m="32779" /><G19/><T125/><D125/><U79/><E99/><V50/><F36/><W22/><G22/><T18/><REACH who="0" step="1"/><D59/><REACH who="0" ten="176,320,243,251" step="2"/><U15/><E113/><V7/><F7/><W95/><G135/><T8/><D8/><U57/><E115/><V72/><F72/><W71/><G71/><T44/><D44/><U100/><E74/><V28/><F28/><W75/><G75/><T123/><D123/><U116/><E116/><V27/><F16/><W48/><G83/><T52/><D52/><N who="2" m="20010" /><F61/><N who="3" m="38327" /><G81/><T103/><D103/><U132/><E100/><V60/><F66/><W106/><G106/><AGARI ba="0,1" hai="2,5,10,11,13,18,89,90,91,97,101,104,105,106" machi="106" ten="40,2600,0" yaku="1,1,53,1" doraHai="38" doraHaiUra="3" who="0" fromWho="3" sc="176,36,320,0,243,0,251,-26" /><INIT seed="4,0,0,4,4,89" ten="212,320,243,225" oya="0" hai0="129,66,112,71,121,26,97,109,131,28,69,91,27" hai1="34,2,125,55,87,56,54,119,116,42,132,65,120" hai2="37,74,102,33,50,133,82,60,127,64,72,73,100" hai3="44,1,58,84,62,98,51,105,103,46,80,118,124"/><T20/><D121/><U61/><E2/><V92/><F37/><W21/><G118/><T90/><D112/><U67/><E34/><V30/><F127/><W111/><G111/><T22/><D109/><U70/><E87/><V3/><F3/><W126/><G1/><T31/><D97/><U85/><E85/><V117/><F117/><W95/><G105/><T18/><D18/><U59/><E120/><V101/><F50/><W43/><G46/><T52/><REACH who="0" step="1"/><D66/><REACH who="0" ten="202,320,243,225" step="2"/><U68/><E125/><V41/><F64/><W7/><G126/><T106/><D106/><U49/><E132/><V0/><F133/><W76/><G124/><T47/><D47/><N who="1" m="25847" /><E119/><V14/><F30/><W5/><G21/><T15/><D15/><U99/><E99/><V96/><F14/><W63/><G63/><T6/><D6/><U13/><E13/><V35/><F60/><W94/><REACH who="3" step="1"/><G95/><REACH who="3" ten="202,320,243,215" step="2"/><T107/><D107/><U123/><E116/><V9/><F35/><W135/><G135/><T122/><D122/><U12/><E123/><V8/><F33/><W78/><G78/><T36/><D36/><U93/><E93/><V57/><F92/><W130/><G130/><T39/><D39/><U40/><E12/><V108/><F0/><W114/><G114/><T17/><D17/><U113/><E113/><V38/><F38/><W4/><G4/><T86/><D86/><U32/><E32/><V48/><F108/><W77/><G77/><T115/><D115/><U11/><E11/><V24/><F8/><W10/><G10/><T104/><D104/><U88/><E70/><V29/><F9/><RYUUKYOKU ba="0,2" sc="202,15,320,-15,243,-15,215,15" hai0="20,22,26,27,28,31,52,69,71,90,91,129,131" hai3="5,7,43,44,51,58,62,76,80,84,94,98,103" /><INIT seed="4,1,2,1,2,6" ten="217,305,228,230" oya="0" hai0="121,132,35,79,100,112,57,44,75,52,82,129,99" hai1="45,69,66,85,23,110,14,89,25,71,61,16,12" hai2="90,60,28,130,30,87,135,122,67,36,26,0,5" hai3="54,40,46,10,58,4,109,127,106,19,51,107,77"/><T8/><D121/><U102/><E110/><V47/><F122/><W98/><G109/><T84/><D129/><U33/><E71/><V15/><F130/><W3/><G127/><T114/><D35/><U111/><E111/><V21/><F135/><W96/><G77/><T126/><D126/><U117/><E117/><V119/><F119/><W56/><G56/><T49/><D132/><U18/><E89/><V7/><F0/><W32/><G32/><T65/><D65/><U48/><E102/><V2/><F2/><W64/><G64/><T86/><D8/><U113/><E113/><N who="0" m="43625" /><D57/><U11/><E85/><V120/><F120/><W134/><G134/><T34/><D34/><U38/><E38/><V27/><F47/><W53/><G54/><T59/><D59/><U95/><E95/><AGARI ba="1,2" hai="44,49,52,75,79,82,84,86,95,99,100" m="43625" machi="95" ten="30,2900,0" yaku="15,1,54,1" doraHai="6" who="0" fromWho="1" sc="217,52,305,-32,228,0,230,0" /><INIT seed="4,2,0,0,4,107" ten="269,273,228,230" oya="0" hai0="89,85,77,49,78,63,25,29,101,82,33,60,67" hai1="51,123,122,124,72,57,16,135,27,97,102,68,70" hai2="129,133,53,26,114,103,14,38,15,31,119,98,106" hai3="19,128,112,32,126,132,18,130,61,39,2,44,13"/><T91/><D60/><U58/><E124/><V34/><F114/><W83/><G32/><T79/><D49/><U100/><E135/><V99/><F133/><W12/><G12/><BYE who="3" /><T115/><D115/><U64/><E97/><UN n3="%E6%B8%85%E9%A2%A8%E5%8C%97" /><V73/><F129/><N who="3" m="49771" /><G132/><T134/><D134/><U24/><E51/><V10/><F38/><W48/><G126/><T41/><D41/><U56/><E16/><N who="3" m="6186" /><G13/><T3/><D3/><U94/><E94/><V104/><F119/><W125/><G125/><T0/><D0/><U9/><E9/><V6/><F15/><W28/><G28/><T96/><D89/><U111/><E111/><V36/><F36/><W7/><G112/><T66/><REACH who="0" step="1"/><D63/><REACH who="0" ten="259,273,228,230" step="2"/><U80/><E123/><V54/><REACH who="2" step="1"/><F73/><REACH who="2" ten="259,273,218,230" step="2"/><W4/><G39/><T105/><AGARI ba="2,2" hai="25,29,33,66,67,77,78,79,82,85,91,96,101,105" machi="105" ten="30,6000,0" yaku="1,1,2,1,0,1,53,0" doraHai="107" doraHaiUra="108" who="0" fromWho="0" sc="259,86,273,-22,218,-22,230,-22" /><INIT seed="4,3,0,4,0,104" ten="345,251,196,208" oya="0" hai0="63,133,38,17,90,84,36,98,41,1,97,109,123" hai1="72,5,93,65,59,88,126,31,70,74,91,78,61" hai2="131,25,22,95,66,110,13,76,77,134,69,58,75" hai3="113,45,55,127,60,48,0,39,68,35,16,108,115"/><T64/><D123/><U29/><E126/><V124/><F110/><W21/><G108/><T14/><D1/><U15/><E78/><V49/><F124/><W6/><G35/><T42/><D109/><U50/><E91/><V125/><F125/><W12/><G127/><T135/><D41/><U83/><E83/><V107/><F107/><W112/><G39/><T102/><D102/><U94/><E94/><V43/><F131/><W111/><G111/><T33/><D33/><U30/><E5/><V4/><F69/><W128/><G128/><T37/><D42/><U130/><E15/><V40/><F134/><N who="0" m="51210" /><D90/><U8/><E8/><V101/><F43/><W122/><G122/><T11/><D84/><U106/><E106/><V73/><F40/><W100/><G100/><T52/><D52/><U121/><E121/><V118/><F101/><W3/><REACH who="3" step="1"/><G6/><REACH who="3" ten="345,251,196,198" step="2"/><T103/><D103/><U18/><E130/><V120/><F4/><W34/><G34/><T9/><D9/><U92/><E92/><V7/><F95/><W27/><G27/><T89/><D36/><U132/><E132/><V82/><F25/><W81/><G81/><T96/><D37/><U51/><E18/><N who="2" m="10575" /><F120/><W117/><G117/><T23/><D38/><U79/><E79/><N who="2" m="30283" /><F118/><W85/><G85/><T114/><D89/><U19/><E19/><V20/><F82/><W56/><G56/><N who="0" m="36967" /><D11/><U62/><E88/><V71/><F7/><W26/><G26/><T10/><D10/><U116/><E116/><V119/><F119/><W80/><G80/><T24/><D24/><U32/><E32/><V53/><F20/><RYUUKYOKU ba="3,1" sc="345,10,251,-30,196,10,198,10" hai0="14,17,23,96,97,98,114" hai2="49,53,58,66,71,73,75" hai3="0,3,12,16,21,45,48,55,60,68,112,113,115" /><INIT seed="4,4,1,3,0,17" ten="355,221,206,208" oya="0" hai0="30,18,42,45,57,113,24,84,62,135,28,130,108" hai1="128,79,110,54,78,36,0,101,27,47,60,117,58" hai2="63,8,100,64,107,59,65,50,7,118,72,111,133" hai3="109,88,39,16,126,68,15,52,129,91,119,82,94"/><T49/><D113/><U127/><E110/><V21/><F111/><W2/><G109/><T11/><D108/><U96/><E117/><V87/><F118/><W99/><G119/><T1/><D135/><U106/><E0/><V103/><F72/><W34/><G2/><T9/><D130/><U123/><E128/><V40/><F133/><W69/><G129/><T67/><D1/><U116/><E116/><V29/><F107/><W92/><G39/><T66/><D66/><U6/><E127/><V71/><F71/><W81/><G34/><T83/><D18/><U5/><E123/><V122/><F65/><W97/><G126/><T120/><D120/><U31/><E36/><V26/><F122/><W48/><G69/><T53/><D67/><U10/><E47/><N who="2" m="25959" /><F87/><W95/><G95/><T23/><REACH who="0" step="1"/><D28/><REACH who="0" ten="345,221,206,208" step="2"/><U76/><REACH who="1" step="1"/><E10/><REACH who="1" ten="345,211,206,208" step="2"/><V41/><F41/><W13/><G68/><T90/><AGARI ba="4,3" hai="9,11,23,24,30,42,45,49,53,57,62,83,84,90" machi="90" ten="20,18000,2" yaku="1,1,2,1,0,1,7,1,8,1,52,1,53,0" doraHai="17" doraHaiUra="93" who="0" fromWho="0" sc="345,222,211,-64,206,-64,208,-64" /><INIT seed="4,5,0,3,3,116" ten="567,147,142,144" oya="0" hai0="115,77,79,25,50,70,52,64,53,100,7,74,111" hai1="135,104,49,90,95,44,55,27,41,23,92,6,94" hai2="61,29,22,67,72,46,2,56,1,60,10,102,28" hai3="12,16,9,17,14,75,84,18,71,81,42,58,37"/><T93/><D74/><U57/><E135/><V97/><F72/><W132/><G71/><T3/><D3/><U51/><E104/><V5/><F1/><W129/><G75/><T30/><D7/><U65/><E6/><V20/><F46/><W108/><G132/><T106/><D93/><U76/><E65/><V45/><F45/><W126/><G108/><T78/><D50/><U103/><E103/><V68/><F28/><W54/><G37/><T63/><D115/><U26/><E76/><V4/><F4/><W47/><G42/><T8/><D8/><U24/><REACH who="1" step="1"/><E23/><REACH who="1" ten="567,137,142,144" step="2"/><V105/><REACH who="2" step="1"/><F29/><REACH who="2" ten="567,137,132,144" step="2"/><W96/><G126/><T36/><D30/><U134/><E134/><V88/><F88/><AGARI ba="5,2" hai="24,26,27,41,44,49,51,55,57,88,90,92,94,95" machi="88" ten="40,5200,0" yaku="1,1,8,1,54,1,53,0" doraHai="116" doraHaiUra="62" who="1" fromWho="2" sc="567,0,137,87,132,-67,144,0" /><INIT seed="5,0,0,1,1,126" ten="567,224,65,144" oya="1" hai0="51,85,58,3,46,113,132,101,38,105,99,122,74" hai1="6,42,135,134,83,15,26,116,62,70,82,29,47" hai2="31,40,45,127,77,81,9,16,97,57,23,98,118" hai3="24,130,125,50,21,43,78,25,39,41,120,94,49"/><U88/><E116/><V112/><F118/><W123/><G21/><T80/><D3/><U28/><E83/><V22/><F127/><W73/><G125/><T19/><D38/><U8/><E70/><V52/><F112/><W109/><G94/><T89/><D58/><U35/><E62/><V106/><F106/><W14/><G14/><T119/><D119/><U2/><E29/><V7/><F31/><W108/><G78/><T12/><D122/><U87/><REACH who="1" step="1"/><E2/><REACH who="1" ten="567,214,65,144" step="2"/><V44/><F81/><W115/><G115/><T121/><D80/><U20/><E20/><V37/><F77/><W10/><G10/><T86/><D113/><U11/><E11/><V76/><F76/><W84/><G73/><T64/><D74/><U92/><E92/><V129/><F23/><W111/><G111/><T71/><D71/><U124/><E124/><V36/><F9/><W13/><G108/><T117/><D121/><U72/><E72/><V60/><F7/><W114/><G109/><T32/><D117/><U1/><E1/><V100/><F129/><W107/><G130/><T48/><D105/><U91/><E91/><V18/><F100/><W102/><G107/><T0/><D101/><U69/><E69/><V103/><F103/><W4/><G102/><T54/><D89/><U110/><E110/><V90/><F90/><W128/><G128/><T33/><D33/><U55/><E55/><V104/><F104/><W63/><G120/><T133/><D32/><U68/><E68/><V131/><F131/><W67/><G123/><T79/><D0/><U96/><E96/><N who="2" m="36971" /><F22/><W17/><G114/><RYUUKYOKU ba="0,1" sc="567,-15,214,15,65,15,144,-15" hai1="6,8,15,26,28,35,42,47,82,87,88,134,135" hai2="16,18,36,37,40,44,45,52,57,60" /><INIT seed="5,1,1,5,2,96" ten="552,229,80,129" oya="1" hai0="84,106,75,83,76,37,74,66,5,131,10,22,34" hai1="118,101,12,25,69,15,133,86,90,124,78,8,19" hai2="14,115,77,116,59,50,87,99,100,119,56,103,3" hai3="89,98,20,107,112,49,39,95,93,35,82,104,63"/><U60/><E118/><V117/><F3/><W130/><G35/><T16/><D34/><U72/><E133/><V9/><F115/><W80/><G39/><T27/><D37/><U81/><E124/><V111/><F111/><W67/><G112/><T33/><D106/><U1/><E1/><V24/><F24/><W21/><G130/><T42/><D42/><U40/><E40/><V4/><F50/><W128/><G128/><T129/><D66/><U79/><E69/><V135/><F135/><W120/><G120/><T110/><D110/><U2/><E2/><V11/><F11/><W126/><G126/><T68/><D68/><U32/><E15/><V26/><F26/><W45/><G107/><T41/><D41/><U91/><E101/><V121/><F121/><W36/><G104/><T73/><D33/><U51/><E51/><V132/><F132/><W17/><G21/><T71/><D71/><U46/><E46/><V57/><REACH who="2" step="1"/><F99/><REACH who="2" ten="552,229,70,129" step="2"/><W134/><G36/><T65/><D131/><U23/><E32/><V18/><F18/><W53/><G134/><T123/><D123/><U122/><E122/><V92/><F92/><W7/><G95/><T113/><D113/><U62/><E72/><V0/><F0/><W70/><G7/><T13/><D129/><U48/><E48/><V31/><F31/><W29/><G29/><T64/><AGARI ba="1,2" hai="5,10,13,16,22,27,64,65,73,74,75,76,83,84" machi="64" ten="40,2700,0" yaku="0,1,54,1" doraHai="96" who="0" fromWho="0" sc="552,50,229,-14,70,-8,129,-8" /><INIT seed="6,0,0,4,5,20" ten="602,215,62,121" oya="2" hai0="37,118,98,30,44,103,74,99,106,43,3,52,101" hai1="11,15,93,64,10,77,83,6,42,14,26,23,116" hai2="129,113,5,39,85,60,68,41,51,89,78,4,57" hai3="104,56,63,134,87,54,127,126,69,96,22,131,45"/><V91/><F113/><W108/><G108/><T80/><D118/><U114/><E114/><V111/><F111/><W82/><G131/><T81/><D3/><U35/><E116/><V21/><F129/><W124/><G134/><T33/><D52/><U95/><E35/><V100/><F100/><N who="3" m="62471" /><G69/><T73/><D80/><U58/><E42/><V117/><F117/><W16/><G45/><T25/><D81/><U88/><E64/><V86/><F39/><W105/><G105/><AGARI ba="0,0" hai="25,30,33,37,43,44,73,74,98,99,101,103,105,106" machi="105" ten="30,12000,2" yaku="7,1,9,1,33,3,52,1" doraHai="20" who="0" fromWho="3" sc="602,120,215,0,62,0,121,-120" /><INIT seed="7,0,0,0,5,133" ten="722,215,62,1" oya="3" hai0="125,92,77,101,73,27,66,15,5,16,31,79,25" hai1="12,22,115,14,126,3,98,74,104,119,83,13,65" hai2="85,111,62,107,42,75,99,68,20,49,80,76,21" hai3="18,48,116,58,127,72,120,19,63,0,96,88,122"/><W135/><G116/><T89/><D73/><U123/><E14/><V53/><F111/><W81/><G72/><T100/><D125/><U52/><E52/><V37/><F75/><W118/><G0/><T30/><D5/><U23/><E23/><V70/><F70/><W67/><G118/><T91/><D66/><U105/><E13/><V17/><F107/><W46/><G135/><T82/><D82/><U32/><E12/><V112/><F99/><W28/><G122/><T44/><D44/><U50/><E50/><V71/><F112/><W33/><G120/><T124/><D124/><U128/><E22/><V35/><F35/><W47/><G127/><T54/><D54/><U108/><E83/><V121/><F71/><W38/><G38/><T24/><D15/><U117/><E98/><V10/><F121/><W36/><G36/><T7/><D16/><N who="3" m="6185" /><G33/><T110/><D7/><U60/><E60/><V131/><F10/><W41/><G47/><T95/><D24/><U94/><E94/><V106/><F106/><W4/><G4/><T132/><D132/><U109/><E74/><V113/><F113/><W55/><G28/><T134/><D134/><U86/><E86/><V11/><F11/><W9/><G9/><T45/><D45/><U78/><E117/><V40/><F17/><W129/><G129/><T56/><D30/><U64/><E128/><V102/><F131/><W29/><G29/><T59/><D31/><U87/><E123/><V51/><F37/><W26/><G26/><T93/><D93/><U57/><E115/><V2/><F2/><W130/><G130/><RYUUKYOKU ba="0,0" sc="722,30,215,-10,62,-10,1,-10" hai0="25,27,56,59,77,79,89,91,92,95,100,101,110" owari="752,85.2,205,0.5,52,-34.8,-9,-50.9" /></mjloggm>