<mjloggm ver="2.3"><GO type="169" lobby="0"/><UN n0="%E8%B5%A4%E7%BE%8E%E6%BF%83%E3%81%BE%E3%81%90%E3%82%8D" n1="%73%61%6E%64%69%72%69%73" n2="%E3%81%A1%E3%82%83%E3%82%8B%E3%82%81%E3%82%89" n3="%6D%6F%75%77" dan="17,17,17,16" rate="2242.19,2219.57,2168.53,2084.19" sx="M,M,M,M"/><TAIKYOKU oya="0"/><INIT seed="0,0,0,5,0,48" ten="250,250,250,250" oya="0" hai0="39,59,115,125,45,87,23,101,124,79,12,103,58" hai1="25,69,95,94,19,54,9,131,78,123,22,16,90" hai2="49,121,130,30,33,14,99,61,34,4,85,24,96" hai3="62,21,75,81,122,74,53,82,17,2,68,98,26"/><T102/><D115/><U1/><E123/><V37/><F37/><W133/><G2/><T56/><D79/><U107/><E107/><V40/><F130/><W27/><G133/><T11/><D23/><U100/><E69/><V128/><F34/><W66/><G122/><T92/><D87/><U77/><E131/><V73/><F73/><W93/><G74/><T108/><D92/><U112/><E112/><V111/><F111/><W43/><G43/><T132/><D132/><U117/><E117/><V91/><F61/><W38/><G38/><T116/><D116/><U60/><E100/><V120/><F128/><W86/><G75/><T42/><REACH who="0" step="1"/><D108/><REACH who="0" ten="240,250,250,250" step="2"/><U13/><E95/><V35/><F35/><W29/><G86/><T70/><D70/><U36/><E36/><V119/><F119/><W88/><REACH who="3" step="1"/><G53/><REACH who="3" ten="240,250,250,240" step="2"/><T20/><D20/><AGARI ba="0,2" hai="17,20,21,26,27,29,62,66,68,81,82,88,93,98" machi="20" ten="30,7700,0" yaku="1,1,2,1,7,1,54,1,53,0" doraHai="48" doraHaiUra="41" who="3" fromWho="0" sc="240,-77,250,0,250,0,240,97" /><INIT seed="1,0,0,4,3,56" ten="163,250,250,337" oya="1" hai0="101,11,4,39,111,50,95,25,116,112,28,62,77" hai1="33,59,18,133,48,23,102,7,31,108,67,21,0" hai2="19,91,78,29,61,127,113,134,51,94,129,118,3" hai3="1,43,84,122,5,75,46,87,14,30,42,106,93"/><U54/><E133/><V45/><F134/><W126/><G75/><T32/><D112/><U88/><E108/><V76/><F3/><W83/><G106/><T100/><D39/><U68/><E102/><V73/><F73/><W105/><G105/><T115/><D115/><U52/><E33/><V49/><F127/><W38/><G1/><T117/><D111/><U92/><E31/><V35/><F129/><W81/><G30/><T123/><D123/><U97/><E7/><V103/><F103/><W107/><G107/><T6/><D6/><U85/><E0/><V104/><F104/><W79/><G93/><T15/><D77/><U34/><E34/><V130/><F118/><W22/><G126/><T58/><D50/><U40/><E68/><V36/><F51/><W86/><G43/><T13/><D13/><U120/><E120/><V17/><F36/><W65/><G65/><T82/><D82/><U37/><E37/><V90/><F29/><W60/><G83/><T125/><D125/><U89/><E67/><V63/><F35/><W44/><G44/><T24/><D24/><N who="1" m="14391" /><E23/><V98/><F130/><W124/><G122/><T72/><D72/><U12/><E12/><V53/><F91/><W69/><G124/><T41/><D41/><U8/><E8/><V9/><F113/><W110/><G110/><T74/><D74/><U135/><E135/><V114/><F114/><W131/><G131/><T47/><D100/><U55/><E40/><V2/><F2/><W109/><G109/><T132/><D132/><U96/><E96/><V66/><F66/><N who="3" m="41159" /><G5/><T10/><D4/><RYUUKYOKU ba="0,0" sc="163,-15,250,15,250,-15,337,15" hai1="48,52,54,55,59,85,88,89,92,97" hai3="14,22,38,42,46,79,81,84,86,87" /><INIT seed="1,1,0,5,3,1" ten="148,265,235,352" oya="1" hai0="135,104,41,133,74,75,38,117,56,26,96,97,76" hai1="99,9,120,16,128,59,48,111,115,93,3,11,60" hai2="4,13,84,118,94,19,92,24,37,32,49,50,107" hai3="35,21,131,57,52,28,18,124,85,130,102,112,106"/><U66/><E115/><V123/><F37/><W45/><G112/><T6/><D117/><U34/><E120/><V88/><F107/><W108/><G108/><T5/><D104/><U39/><E39/><V46/><F123/><W54/><G124/><T42/><D38/><U36/><E36/><V31/><F118/><W116/><G116/><T109/><D56/><U129/><E34/><V0/><F94/><W23/><G45/><T82/><D26/><U83/><E111/><V126/><F126/><W55/><G35/><T103/><D109/><U12/><E83/><V22/><REACH who="2" step="1"/><F46/><REACH who="2" ten="148,265,225,352" step="2"/><W100/><G106/><T43/><D103/><U10/><E128/><V90/><F90/><W119/><G102/><T125/><D125/><U86/><E129/><V47/><F47/><W89/><G100/><T61/><D61/><U15/><E48/><V121/><F121/><W63/><G119/><T71/><D71/><U67/><E60/><V91/><F91/><W64/><G131/><T17/><D76/><U2/><E93/><V62/><F62/><W73/><G130/><T53/><D82/><U132/><E132/><V68/><F68/><W95/><G63/><T70/><D70/><U134/><E134/><V8/><AGARI ba="1,1" hai="0,4,8,13,19,22,24,31,32,49,50,84,88,92" machi="8" ten="30,12000,2" yaku="1,1,0,1,24,2,52,1,54,1,53,0" doraHai="1" doraHaiUra="110" who="2" fromWho="2" sc="148,-31,265,-61,225,133,352,-31" /><INIT seed="2,0,0,0,0,22" ten="117,204,358,321" oya="2" hai0="71,113,1,115,33,128,116,64,80,126,37,49,8" hai1="84,107,3,7,96,12,55,131,101,40,27,26,88" hai2="98,95,41,34,94,65,83,112,74,133,132,68,129" hai3="134,109,76,35,0,73,61,60,82,70,39,122,52"/><V67/><F112/><W91/><G122/><T123/><D49/><U110/><E3/><V103/><F129/><W36/><G0/><T4/><D64/><U32/><E131/><V5/><F5/><W29/><G109/><T11/><D11/><N who="1" m="4223" /><E32/><V58/><F68/><W89/><G134/><N who="2" m="51817" /><F41/><W62/><G70/><T79/><D8/><U77/><E110/><V63/><F34/><W56/><G39/><T44/><D44/><U85/><E40/><V106/><F67/><W135/><G36/><T38/><D80/><N who="1" m="47119" /><E107/><V20/><F20/><W17/><G135/><T14/><D79/><AGARI ba="0,0" hai="58,63,65,74,79,83,94,95,98,103,106" m="51817" machi="79" ten="30,1500,0" yaku="20,1" doraHai="22" who="2" fromWho="0" sc="117,-15,204,0,358,15,321,0" /><INIT seed="2,1,0,0,3,7" ten="102,204,373,321" oya="2" hai0="102,90,103,25,96,63,111,19,3,75,91,129,35" hai1="117,131,82,24,42,85,32,0,28,107,121,95,8" hai2="135,92,4,16,108,110,125,134,14,69,13,88,31" hai3="47,76,124,23,67,66,119,70,114,80,41,100,120"/><V18/><F69/><W83/><G119/><T130/><D75/><U43/><E117/><V93/><F4/><W9/><G120/><T21/><D3/><U98/><E107/><V64/><F64/><W65/><G124/><T57/><D111/><N who="2" m="42538" /><F31/><W44/><G83/><T97/><D35/><U112/><E112/><V49/><F49/><W115/><G100/><T20/><D102/><U53/><E131/><N who="0" m="50185" /><D21/><U105/><E105/><V126/><F14/><W2/><G23/><T116/><D116/><U30/><E30/><V94/><F88/><N who="0" m="33834" /><D103/><U128/><E128/><V48/><F48/><W68/><G2/><T86/><D86/><U15/><E0/><V74/><F74/><W51/><G76/><T71/><D71/><U61/><E121/><V109/><F109/><W33/><G33/><T104/><D104/><U106/><E106/><V77/><F77/><W11/><G80/><T52/><AGARI ba="1,0" hai="19,20,25,52,57,63,96,97" m="33834,50185" machi="52" ten="30,4000,0" yaku="19,1,54,2" doraHai="7" who="0" fromWho="0" sc="102,43,204,-11,373,-21,321,-11" /><INIT seed="3,0,0,2,0,86" ten="145,193,352,310" oya="3" hai0="77,31,30,2,45,21,116,48,43,51,117,78,47" hai1="97,37,62,104,0,93,44,10,50,18,20,52,9" hai2="23,113,123,54,39,105,29,131,130,70,132,3,133" hai3="126,61,99,95,66,55,81,106,64,69,67,15,87"/><W71/><G126/><T28/><D2/><U128/><E128/><N who="2" m="49195" /><F105/><W56/><G106/><T27/><D117/><U40/><E104/><V14/><F70/><W59/><G15/><T101/><D101/><U115/><E115/><V13/><F39/><W85/><G85/><T25/><D116/><U72/><E72/><V74/><F74/><W100/><REACH who="3" step="1"/><G59/><REACH who="3" ten="145,193,352,300" step="2"/><T22/><REACH who="0" step="1"/><D30/><REACH who="0" ten="135,193,352,300" step="2"/><U135/><E0/><V1/><F29/><W76/><AGARI ba="0,2" hai="55,56,61,64,66,67,69,71,76,81,87,95,99,100" machi="76" ten="30,6000,0" yaku="1,1,2,1,0,1,53,0" doraHai="86" doraHaiUra="19" who="3" fromWho="3" sc="135,-20,193,-20,352,-20,300,80" /><INIT seed="3,1,0,4,1,20" ten="115,173,332,380" oya="3" hai0="68,130,16,107,117,131,111,40,99,9,108,67,97" hai1="8,54,103,121,12,43,119,123,23,15,63,62,27" hai2="26,79,115,0,125,31,14,87,5,44,89,10,100" hai3="101,81,60,66,37,120,55,13,86,73,35,65,47"/><W69/><G73/><T2/><D40/><U28/><E119/><V22/><F115/><W124/><G120/><T7/><D117/><U133/><E133/><V96/><F125/><W32/><G66/><T56/><D68/><U58/><E43/><V126/><F126/><W90/><G124/><T135/><D135/><U104/><E15/><V59/><F79/><W42/><G101/><T49/><D107/><U33/><E33/><V76/><F76/><W17/><REACH who="3" step="1"/><G55/><REACH who="3" ten="115,173,332,370" step="2"/><N who="0" m="31855" /><D67/><U30/><E103/><V93/><F44/><W41/><G41/><T132/><D132/><U29/><E121/><V74/><F74/><W50/><G50/><T110/><D130/><U113/><E123/><V118/><F118/><W45/><G45/><T46/><D46/><U75/><E75/><V18/><F59/><W21/><AGARI ba="1,1" hai="13,17,21,32,35,37,42,47,60,65,69,81,86,90" machi="21" ten="20,3900,0" yaku="1,1,0,1,7,1,53,0" doraHai="20" doraHaiUra="92" who="3" fromWho="3" sc="115,-14,173,-14,332,-14,370,52" /><INIT seed="3,2,0,4,1,13" ten="101,159,318,422" oya="3" hai0="53,131,108,113,67,128,81,132,96,36,123,45,56" hai1="127,55,58,97,34,109,74,48,39,2,117,106,61" hai2="72,93,25,28,135,98,5,84,64,3,73,121,42" hai3="30,50,0,103,6,120,14,62,35,126,101,110,130"/><W119/><G120/><T33/><D33/><U125/><E34/><V118/><F121/><W11/><G119/><T9/><D123/><U32/><E32/><V82/><F118/><W90/><G130/><T1/><D1/><U44/><E117/><V43/><F135/><W102/><G126/><N who="1" m="48138" /><E74/><V63/><F5/><W66/><G110/><T27/><D108/><U60/><E2/><V17/><F73/><W47/><G0/><T37/><D113/><U95/><E109/><V75/><F75/><W83/><G30/><T59/><D9/><U38/><E106/><V78/><F72/><W31/><G31/><T100/><D27/><U115/><E115/><V111/><F3/><W105/><G35/><T12/><D12/><U20/><E20/><N who="2" m="13455" /><F28/><W52/><G105/><T69/><D69/><U23/><E23/><V91/><F111/><W89/><REACH who="3" step="1"/><G83/><REACH who="3" ten="101,159,318,412" step="2"/><T22/><D81/><U77/><E77/><V57/><AGARI ba="2,1" hai="42,43,57,63,64,78,82,84,91,93,98" m="13455" machi="57" ten="30,2000,0" yaku="8,1,52,1" doraHai="13" who="2" fromWho="2" sc="101,-7,159,-7,318,36,412,-12" /><INIT seed="4,0,0,1,3,131" ten="94,152,354,400" oya="0" hai0="134,82,23,8,72,40,74,93,97,99,89,5,49" hai1="106,38,100,113,41,9,121,118,119,128,133,71,44" hai2="4,90,108,132,81,92,26,102,112,67,114,14,120" hai3="105,54,75,30,37,10,47,62,51,29,22,55,69"/><T103/><D134/><U126/><RYUUKYOKU type="yao9" ba="0,0" sc="94,0,152,0,354,0,400,0" hai1="9,38,41,44,71,100,106,113,118,119,121,126,128,133" /><INIT seed="4,1,0,0,1,84" ten="94,152,354,400" oya="0" hai0="73,99,12,65,37,118,28,102,47,26,113,88,124" hai1="5,119,7,94,105,133,103,76,48,57,100,67,90" hai2="34,9,10,77,131,121,59,123,91,130,127,78,61" hai3="117,51,42,38,68,98,104,13,17,81,135,15,82"/><T108/><D118/><U60/><E119/><V107/><F107/><W70/><G38/><T41/><D73/><U32/><E32/><V2/><F34/><W71/><G117/><T92/><D113/><U83/><E133/><V106/><F106/><W129/><G129/><T62/><D124/><U24/><E24/><V52/><F127/><W111/><G111/><T116/><D116/><U14/><E48/><V49/><F49/><W27/><G13/><T33/><D12/><U126/><E126/><V36/><F36/><W72/><G27/><T86/><D108/><U6/><E14/><V31/><F31/><W35/><G35/><T97/><REACH who="0" step="1"/><D102/><REACH who="0" ten="84,152,354,400" step="2"/><U4/><N who="1" m="1024" /><DORA hai="87" /><U64/><E103/><V80/><F131/><W55/><G72/><T44/><D44/><U30/><E100/><V8/><F130/><W122/><G15/><T1/><D1/><U112/><E112/><V43/><F2/><W50/><G42/><T0/><D0/><U23/><E105/><V66/><F43/><W134/><G104/><T95/><D95/><U93/><E93/><V115/><F115/><W120/><G135/><T16/><D16/><U45/><E45/><V74/><F74/><W56/><G17/><T54/><D54/><U29/><E94/><V19/><F19/><W21/><G134/><T114/><D114/><U3/><E3/><V25/><F10/><W96/><G81/><T40/><D40/><U63/><E83/><V128/><F9/><W132/><G82/><T125/><D125/><U20/><E30/><V53/><F128/><W18/><G55/><N who="2" m="21065" /><F8/><W109/><G132/><RYUUKYOKU ba="1,1" sc="84,30,152,-10,354,-10,400,-10" hai0="26,28,33,37,41,47,62,65,86,88,92,97,99" /><INIT seed="4,2,1,4,5,126" ten="114,142,344,390" oya="0" hai0="26,79,24,27,58,85,37,130,101,29,2,54,65" hai1="84,112,108,3,16,1,14,131,111,51,110,117,64" hai2="31,45,69,40,50,68,82,83,102,19,13,33,81" hai3="96,106,92,38,70,128,113,11,104,55,4,9,35"/><T134/><D2/><U56/><E117/><V109/><F109/><W75/><G70/><T123/><D37/><U63/><E112/><V105/><F105/><W135/><G35/><T99/><D123/><U62/><E131/><V88/><F102/><W48/><G75/><T73/><D73/><U90/><E51/><V23/><F33/><W116/><G116/><T78/><D65/><U115/><E63/><V21/><F31/><W91/><G11/><T67/><D67/><U43/><E43/><V57/><F57/><W129/><G38/><T36/><D36/><U80/><REACH who="1" step="1"/><E115/><REACH who="1" ten="114,132,344,390" step="2"/><V32/><F69/><W121/><G113/><T8/><D130/><N who="3" m="50281" /><G121/><T5/><D134/><U74/><E74/><V133/><F68/><W86/><G135/><T60/><D29/><U17/><E17/><V94/><F133/><W100/><G48/><T53/><D53/><U118/><E118/><V89/><F50/><W6/><G55/><T76/><D54/><U15/><E15/><V49/><F13/><N who="3" m="5287" /><G6/><T120/><D5/><U25/><E25/><V127/><F49/><W119/><G119/><T7/><D120/><U66/><E66/><V59/><F127/><W34/><G34/><T20/><D60/><U93/><E93/><AGARI ba="2,2" hai="86,91,92,93,96,100,104,106" m="5287,50281" machi="93" ten="30,7700,0" yaku="19,1,52,3" doraHai="126" who="3" fromWho="1" sc="114,0,132,-83,344,0,390,103" /><INIT seed="5,0,0,0,2,25" ten="114,49,344,493" oya="1" hai0="48,69,0,46,128,114,7,96,109,108,50,9,133" hai1="55,28,99,2,121,42,135,82,119,79,53,130,111" hai2="30,45,32,1,59,112,116,88,20,36,100,110,31" hai3="90,18,8,127,93,21,66,124,14,74,104,89,117"/><U60/><E119/><V63/><F116/><W120/><G104/><T75/><D75/><U101/><E121/><V126/><F110/><W68/><G74/><T29/><D69/><U134/><E2/><V33/><F1/><W39/><G39/><T51/><D114/><U17/><E111/><V54/><F100/><W115/><G117/><T72/><D72/><U77/><E130/><V97/><F112/><W105/><G105/><T94/><D128/><U13/><E42/><V58/><F126/><W125/><G120/><T118/><D118/><U57/><E55/><V61/><F36/><W84/><G115/><T35/><D133/><N who="1" m="50699" /><E82/><V62/><F33/><W24/><G68/><T4/><D4/><U95/><E28/><N who="2" m="10795" /><F32/><W64/><G90/><T123/><D123/><U23/><AGARI ba="0,0" hai="13,17,23,53,57,60,77,79,95,99,101" m="50699" machi="23" ten="30,1500,0" yaku="20,1" doraHai="25" who="1" fromWho="1" sc="114,-5,49,15,344,-5,493,-5" /><INIT seed="5,1,0,1,3,50" ten="109,64,339,488" oya="1" hai0="94,63,91,133,131,84,3,114,2,102,33,83,27" hai1="116,106,111,18,103,25,76,62,23,14,107,128,16" hai2="57,7,130,135,80,11,88,93,46,9,45,81,35" hai3="95,29,82,10,118,40,28,85,39,69,129,52,98"/><U72/><E116/><V20/><F35/><W56/><G69/><T61/><D114/><U55/><E128/><V79/><F130/><W34/><G34/><T123/><D123/><U49/><E111/><V96/><F135/><W12/><G40/><T8/><D131/><U99/><E62/><V54/><F20/><W47/><G47/><N who="2" m="17929" /><F79/><N who="3" m="46303" /><G39/><T113/><D113/><U86/><E72/><V6/><F11/><W74/><G74/><T67/><D133/><U22/><E86/><V124/><F124/><W44/><G44/><T66/><D8/><U38/><E76/><V100/><F100/><N who="3" m="60511" /><G118/><T78/><D102/><U64/><E64/><V41/><F41/><W60/><G129/><T121/><D121/><U31/><E38/><V73/><F73/><W5/><AGARI ba="1,0" hai="5,10,12,28,29,52,56,60" m="60511,46303" machi="5" ten="30,4000,0" yaku="8,1,52,1,54,1" doraHai="50" who="3" fromWho="3" sc="109,-11,64,-21,339,-11,488,43" /><INIT seed="6,0,0,2,5,78" ten="98,43,328,531" oya="2" hai0="56,58,121,21,93,25,6,106,84,79,98,75,119" hai1="115,4,54,114,43,134,26,59,34,92,53,97,48" hai2="125,10,33,102,15,80,32,129,3,64,74,35,17" hai3="12,88,108,47,55,118,96,42,130,126,7,13,116"/><V49/><F102/><W37/><G108/><T62/><D121/><U82/><E134/><V87/><F74/><W73/><G73/><T46/><D119/><U57/><E4/><V94/><F94/><W109/><G109/><T71/><D75/><U127/><E127/><V20/><F125/><W70/><G70/><T27/><D71/><U36/><E34/><V105/><F105/><W65/><G65/><T18/><D6/><U0/><E0/><V23/><F64/><W61/><G13/><T117/><D117/><U83/><E26/><V135/><F129/><W124/><G126/><T81/><D106/><U132/><E132/><V133/><F135/><W2/><G2/><T45/><D27/><U30/><E30/><V24/><F133/><W76/><G76/><T100/><D56/><U66/><E66/><AGARI ba="0,0" hai="18,21,25,45,46,58,62,66,79,81,84,93,98,100" machi="66" ten="30,3900,0" yaku="7,1,8,1,52,1" doraHai="78" who="0" fromWho="1" sc="98,39,43,-39,328,0,531,0" /><INIT seed="7,0,0,4,5,69" ten="137,4,328,531" oya="3" hai0="26,115,8,9,24,18,104,28,37,130,116,47,20" hai1="100,63,114,21,29,11,83,67,43,56,96,110,17" hai2="78,117,118,16,52,62,71,31,129,59,72,91,94" hai3="101,133,84,48,85,122,45,53,76,42,68,3,34"/><W121/><G34/><T40/><D104/><U15/><E114/><V105/><F105/><W126/><G3/><T109/><D116/><U7/><E110/><V13/><F31/><W49/><G68/><T103/><D103/><U128/><E128/><V82/><F71/><W92/><G133/><T70/><D70/><U55/><E43/><V32/><F32/><W36/><G49/><T73/><D73/><U27/><E83/><V64/><F64/><W38/><G38/><T58/><D109/><U14/><E14/><V22/><F129/><W86/><G76/><T119/><D119/><U77/><E77/><V80/><F80/><W2/><G2/><T65/><D115/><U95/><E7/><V108/><F108/><W41/><G126/><T127/><D127/><U57/><E55/><V51/><REACH who="2" step="1"/><F62/><REACH who="2" ten="137,4,318,531" step="2"/><W74/><G92/><T89/><D65/><U81/><E81/><V5/><F5/><W23/><G122/><T98/><D58/><AGARI ba="0,1" hai="11,15,17,21,27,29,56,57,58,63,67,95,96,100" machi="58" ten="30,7700,0" yaku="7,1,25,2,8,1" doraHai="69" who="1" fromWho="0" sc="137,-77,4,87,318,0,531,0" owari="60,-44.0,91,-30.9,318,11.8,531,63.1" /></mjloggm>