<mjloggm ver="2.3"><GO type="225" lobby="0"/><UN n0="%E3%82%BC%E3%83%AB%E3%83%80%E3%81%AE%E4%BC%9D%E8%AA%AC" n1="%E3%81%9F%E3%81%8C%E3%82%84%E3%81%99" n2="%E3%81%BF%E3%81%BF%E3%81%9A" n3="%E6%9C%88%E5%B3%B6%E5%9F%BA" dan="17,16,17,17" rate="2175.15,2178.84,2254.31,2223.02" sx="M,M,M,M"/><TAIKYOKU oya="0"/><INIT seed="0,0,0,3,2,128" ten="250,250,250,250" oya="0" hai0="117,126,129,39,80,55,131,15,56,17,71,4,89" hai1="127,9,86,32,93,72,37,100,132,110,130,19,108" hai2="122,2,44,36,74,124,58,95,45,33,121,115,5" hai3="94,114,7,69,112,90,104,67,66,14,6,120,46"/><T52/><D117/><U63/><E72/><V103/><F115/><W28/><G104/><T111/><D71/><U61/><E37/><V134/><F74/><W106/><G106/><T70/><D70/><U27/><E130/><N who="0" m="49673" /><D126/><U99/><E127/><V43/><F33/><W25/><G120/><T123/><D123/><U29/><E86/><V48/><F124/><W77/><G77/><T3/><D39/><U50/><E50/><V81/><F81/><W10/><G7/><T42/><D42/><U73/><E73/><V65/><F5/><W47/><G69/><T54/><D111/><N who="1" m="42539" /><E132/><V105/><F134/><W18/><G112/><T88/><D56/><U60/><E19/><V23/><F58/><W125/><G114/><T68/><D68/><U51/><E51/><V11/><F48/><W31/><G125/><T21/><D80/><U133/><E133/><V97/><F44/><W20/><G47/><T1/><D4/><U53/><E9/><V35/><F11/><W0/><G46/><T102/><D102/><U107/><E107/><V83/><F105/><W59/><G59/><AGARI ba="0,0" hai="27,29,32,53,59,60,61,63,93,99,100" m="42539" machi="59" ten="30,1000,0" yaku="14,1" doraHai="128" who="1" fromWho="3" sc="250,0,250,10,250,0,250,-10" /><INIT seed="1,0,0,4,5,107" ten="250,260,250,240" oya="1" hai0="112,119,12,85,33,103,43,58,91,37,117,1,87" hai1="135,53,125,79,7,86,67,39,68,111,121,22,99" hai2="100,78,92,93,131,23,13,4,49,101,6,123,20" hai3="102,28,113,29,104,114,15,2,98,106,120,108,25"/><U14/><E39/><V75/><F123/><W18/><G120/><T0/><D112/><U36/><E36/><V73/><F131/><W133/><G2/><T56/><D33/><U63/><E121/><V11/><F49/><W76/><G108/><T118/><D103/><U81/><E125/><V10/><F13/><W55/><G106/><T64/><D12/><U134/><E111/><V71/><REACH who="2" step="1"/><F78/><REACH who="2" ten="250,260,240,240" step="2"/><W69/><G76/><T74/><D1/><U70/><E14/><V34/><F34/><W19/><G15/><T8/><D0/><U31/><E7/><V62/><F62/><W127/><G113/><T42/><D37/><U21/><E21/><V77/><F77/><W38/><G114/><T128/><D128/><U40/><E22/><V88/><F88/><W24/><G38/><T57/><D91/><U54/><E63/><V66/><F66/><W44/><G127/><T45/><D64/><U110/><E67/><V109/><F109/><W46/><G25/><T132/><D119/><U97/><E110/><V16/><F16/><W5/><G24/><T94/><D118/><U61/><E61/><V90/><F90/><W48/><G19/><T115/><D117/><U17/><E17/><V105/><F105/><W65/><G18/><T122/><D115/><U3/><E3/><V124/><F124/><W26/><G5/><T52/><D122/><U126/><E126/><V84/><F84/><W82/><G26/><T59/><D85/><U41/><E86/><V30/><F30/><W116/><G116/><T9/><N who="0" m="14336" /><DORA hai="35" /><T60/><D87/><U80/><E79/><RYUUKYOKU ba="0,1" sc="250,-15,260,15,240,15,240,-15" hai1="31,40,41,53,54,68,70,80,81,97,99,134,135" hai2="4,6,10,11,20,23,71,73,75,92,93,100,101" /><INIT seed="1,1,1,3,0,51" ten="235,275,255,225" oya="1" hai0="58,132,76,133,100,95,73,67,9,34,4,19,59" hai1="54,68,93,15,88,85,131,40,63,112,84,55,18" hai2="108,94,7,61,46,92,39,122,116,113,30,114,44" hai3="107,79,128,127,0,123,57,106,22,87,41,49,64"/><U24/><E24/><V8/><F116/><W111/><G123/><T125/><D34/><U134/><E112/><N who="2" m="43115" /><F122/><W31/><G0/><T98/><D125/><U26/><E131/><V35/><F108/><W11/><G111/><T42/><D19/><U101/><E134/><N who="0" m="51817" /><D42/><U6/><E40/><N who="2" m="22559" /><F46/><W77/><G127/><T97/><D67/><U36/><E36/><V17/><F17/><W124/><G64/><T118/><D118/><U109/><E109/><V129/><F129/><W27/><G41/><T91/><D76/><U37/><E37/><V119/><F61/><W117/><G128/><T20/><D20/><N who="1" m="13591" /><E63/><V70/><F70/><W10/><G124/><T83/><D73/><U16/><E68/><V33/><F119/><W53/><G117/><T62/><D62/><U130/><E130/><V28/><F94/><W45/><G106/><N who="0" m="63759" /><D83/><N who="1" m="49183" /><E6/><V14/><F92/><W5/><G107/><T96/><D96/><N who="1" m="59535" /><E85/><V38/><F38/><W126/><G87/><T135/><N who="0" m="51825" /><T120/><DORA hai="89" /><D120/><U74/><E74/><V12/><F35/><W50/><G126/><T82/><D82/><U90/><E90/><V105/><F33/><W102/><G5/><T52/><D4/><U110/><E110/><V71/><F71/><W81/><G102/><T48/><D9/><AGARI ba="1,1" hai="9,15,16,54,55" m="59535,49183,13591" machi="9" ten="30,18000,2" yaku="8,1,52,3,54,2" doraHai="51,89" who="1" fromWho="0" sc="235,-183,275,193,255,0,225,0" /><INIT seed="1,2,0,3,4,52" ten="52,468,255,225" oya="1" hai0="55,86,114,40,90,61,74,101,116,37,92,76,103" hai1="33,43,105,4,113,46,13,120,122,100,57,98,44" hai2="41,14,127,85,110,97,96,20,115,19,3,112,130" hai3="131,65,124,29,60,133,31,94,34,15,106,16,59"/><U82/><E33/><V38/><F110/><W118/><G106/><T123/><D123/><U102/><E113/><N who="2" m="43595" /><F130/><W71/><G131/><T119/><D114/><U10/><E102/><V68/><F127/><W39/><G124/><T50/><D37/><U45/><E43/><V53/><F68/><W2/><G39/><T42/><D74/><U83/><E122/><V84/><F3/><W24/><G133/><T63/><D116/><U47/><N who="1" m="11264" /><DORA hai="93" /><U25/><E120/><V81/><F41/><W17/><G2/><T128/><D119/><U32/><REACH who="1" step="1"/><E57/><REACH who="1" ten="52,458,255,225" step="2"/><V48/><F38/><W70/><G34/><T95/><D128/><U78/><E78/><N who="2" m="46135" /><F85/><W77/><G118/><T89/><D86/><U23/><E23/><V12/><F97/><W72/><G77/><T64/><D76/><U88/><E88/><V21/><F96/><W28/><G71/><T1/><D89/><U8/><E8/><V6/><F21/><N who="3" m="13351" /><G70/><T67/><D90/><U27/><E27/><V126/><F126/><W9/><G72/><T56/><D56/><U73/><E73/><V134/><F134/><W7/><G9/><T54/><REACH who="0" step="1"/><D1/><REACH who="0" ten="42,458,255,225" step="2"/><U79/><E79/><V36/><F36/><W109/><G59/><T111/><D111/><U121/><E121/><V22/><F14/><W0/><G15/><T87/><D87/><U26/><E26/><V11/><F12/><W125/><G109/><T5/><D5/><U49/><E49/><AGARI ba="2,2" hai="40,42,49,50,54,55,61,63,64,67,92,95,101,103" machi="49" ten="25,12000,2" yaku="1,1,22,2,8,1,53,2" doraHai="52,93" doraHaiUra="99,80" who="0" fromWho="1" sc="42,146,458,-126,255,0,225,0" /><INIT seed="2,0,0,4,4,57" ten="188,332,255,225" oya="2" hai0="46,32,76,15,81,87,18,78,80,22,20,100,85" hai1="49,58,82,21,41,29,7,131,4,102,116,97,63" hai2="107,14,2,109,42,26,135,56,19,127,43,34,98" hai3="113,75,45,27,95,121,52,120,106,9,90,74,47"/><V17/><F2/><W55/><G106/><T104/><D32/><U112/><E82/><V89/><F127/><W44/><G113/><T53/><D104/><U67/><E116/><V101/><F135/><W51/><G27/><T24/><D100/><U132/><E112/><V72/><F72/><W108/><G108/><T133/><D133/><U0/><E0/><V105/><F105/><W64/><G64/><T77/><D77/><U16/><E29/><V48/><F109/><W23/><G23/><T126/><D126/><U62/><E132/><V61/><F89/><W69/><G69/><T119/><D119/><U65/><E131/><V94/><F107/><W25/><G25/><T88/><D78/><U28/><E28/><V93/><F93/><W30/><G30/><T1/><D1/><U96/><E49/><V54/><F48/><W118/><G118/><T31/><D53/><U70/><E41/><V122/><F122/><W123/><G9/><T86/><REACH who="0" step="1"/><D46/><REACH who="0" ten="178,332,255,225" step="2"/><U6/><REACH who="1" step="1"/><E102/><REACH who="1" ten="178,322,255,225" step="2"/><V66/><F34/><W91/><G121/><T38/><D38/><U125/><E125/><V36/><F36/><W8/><G120/><T128/><D128/><U129/><E129/><V84/><F101/><W5/><G123/><T115/><D115/><U130/><E130/><V37/><F37/><W68/><G91/><T13/><D13/><AGARI ba="0,2" hai="4,6,7,13,16,21,58,62,63,65,67,70,96,97" machi="13" ten="40,8000,1" yaku="1,1,52,2,54,1,53,0" doraHai="57" doraHaiUra="40" who="1" fromWho="0" sc="178,-80,322,100,255,0,225,0" /><INIT seed="3,0,0,1,3,15" ten="98,422,255,225" oya="3" hai0="3,71,14,22,113,127,6,38,28,116,81,111,36" hai1="44,26,122,126,1,19,108,131,117,82,0,92,40" hai2="65,17,11,31,102,21,13,109,129,134,48,52,27" hai3="25,9,50,106,130,77,89,55,8,88,112,100,41"/><W23/><G112/><T95/><D71/><U32/><E92/><V10/><F109/><W2/><G130/><T42/><D116/><U76/><E122/><V107/><F129/><W43/><G106/><T86/><D111/><U61/><E131/><V110/><F110/><W91/><G100/><T72/><D127/><U135/><E108/><V35/><F134/><W74/><G74/><T120/><D120/><U12/><E61/><V39/><F39/><W85/><G2/><T62/><D113/><U98/><E98/><V59/><F65/><W104/><G104/><T20/><D72/><U115/><E115/><V24/><F107/><W128/><G77/><T33/><D95/><U34/><E34/><V99/><F99/><W73/><G85/><T37/><D62/><U54/><E54/><V114/><F102/><W64/><G64/><T90/><D42/><N who="3" m="15881" /><G73/><T53/><D53/><U79/><E79/><V75/><F114/><W105/><G105/><T133/><D133/><U93/><E135/><V121/><F121/><W4/><G4/><T49/><D49/><U101/><E101/><V83/><F75/><W60/><G60/><T58/><D58/><U30/><E76/><V80/><F10/><W7/><G7/><AGARI ba="0,0" hai="7,11,13,17,21,24,27,31,35,48,52,59,80,83" machi="7" ten="30,3900,0" yaku="7,1,52,1,54,1" doraHai="15" who="2" fromWho="3" sc="98,0,422,0,255,39,225,-39" owari="98,-40.2,422,52.2,294,9.4,186,-21.4" /></mjloggm>