<mjloggm ver="2.3"><GO type="169" lobby="0"/><UN n0="%6F%69%6E%61%72%69%6E%67" n1="%E3%83%91%E3%83%BC%E3%83%A9%E3%83%A1%E3%83%B3%E3%83%88" n2="%73%61%6E%67%6F%64%64%6F" n3="%E3%81%AC%E3%81%8F%E3%82%82%E3%82%8A" dan="16,16,17,17" rate="2076.37,2197.58,2182.83,2186.81" sx="M,M,M,M"/><TAIKYOKU oya="0"/><INIT seed="0,0,0,3,3,49" ten="250,250,250,250" oya="0" hai0="70,99,133,88,55,27,129,83,112,106,121,117,30" hai1="95,12,116,28,91,23,54,123,2,67,19,57,134" hai2="90,56,76,73,29,75,44,26,69,72,118,89,113" hai3="71,58,81,3,6,34,130,103,66,53,132,25,101"/><T18/><D112/><U127/><E116/><V17/><F113/><W39/><G39/><T31/><D117/><U9/><E123/><V60/><F118/><W35/><G130/><T63/><D121/><U1/><E134/><V74/><N who="2" m="18432" /><DORA hai="47" /><V77/><F69/><W111/><G71/><T5/><D133/><U100/><E100/><V82/><F17/><W84/><G66/><T96/><D129/><U41/><E41/><V98/><F44/><W52/><G111/><T97/><D106/><U87/><E67/><V0/><F0/><W51/><G132/><T10/><D18/><U119/><E127/><V46/><F46/><W78/><G53/><T14/><D70/><U109/><E109/><V68/><F90/><W45/><G45/><T59/><REACH who="0" step="1"/><D27/><REACH who="0" ten="240,250,250,250" step="2"/><U32/><E119/><V7/><F26/><W80/><G25/><T33/><D33/><U126/><E126/><V64/><F68/><W92/><G35/><T40/><D40/><U94/><E32/><V122/><F122/><W105/><G34/><T93/><D93/><U125/><E125/><V43/><F43/><W15/><G105/><T61/><D61/><U4/><E95/><N who="2" m="56687" /><F29/><W110/><G92/><T114/><D114/><U21/><E28/><V128/><F128/><W65/><G110/><T131/><D131/><U85/><E94/><V37/><F60/><W107/><G107/><T13/><D13/><U36/><E19/><V8/><F82/><W22/><G81/><T24/><D24/><U42/><E12/><V20/><F7/><W86/><G6/><T16/><D16/><U38/><E4/><RYUUKYOKU ba="0,1" sc="240,30,250,-10,250,-10,250,-10" hai0="5,10,14,30,31,55,59,63,83,88,96,97,99" /><INIT seed="0,1,1,5,1,32" ten="270,240,240,240" oya="0" hai0="132,49,127,131,109,123,85,2,16,46,25,83,57" hai1="84,121,98,12,39,80,64,75,99,66,33,105,44" hai2="24,54,8,81,71,103,19,106,7,128,48,31,47" hai3="92,10,73,91,67,88,59,5,90,41,113,6,135"/><T14/><D123/><U3/><E121/><V124/><F71/><W118/><G113/><T97/><D127/><U60/><E33/><V133/><F128/><W102/><G118/><T38/><D131/><U125/><E75/><V62/><F133/><W96/><G73/><T18/><D132/><U4/><E125/><V93/><F106/><W87/><G135/><T112/><D112/><U70/><E66/><V37/><F37/><W86/><G41/><T27/><D38/><U134/><E12/><V9/><F62/><N who="3" m="38367" /><G10/><T100/><D57/><U21/><E21/><V0/><F81/><N who="3" m="49263" /><G102/><T51/><D18/><U68/><E68/><V130/><F19/><W43/><G43/><T23/><D2/><U107/><E105/><V40/><F9/><W61/><G61/><T45/><D109/><U52/><E107/><V56/><F130/><W120/><G120/><T77/><D51/><N who="1" m="28775" /><E39/><V108/><F108/><W15/><G15/><T58/><D58/><U116/><E134/><V55/><F56/><W17/><G17/><T78/><D46/><U111/><E116/><V36/><F36/><W95/><AGARI ba="1,1" hai="5,6,86,90,91,92,95,96" m="49263,38367" machi="95" ten="30,2000,0" yaku="8,1,54,1" doraHai="32" who="3" fromWho="3" sc="270,-11,240,-6,240,-6,240,33" /><INIT seed="1,0,0,2,2,131" ten="259,234,234,273" oya="1" hai0="50,19,75,22,27,61,112,84,38,119,72,29,80" hai1="33,1,101,41,63,59,108,40,90,64,62,102,97" hai2="66,120,121,128,43,85,14,111,69,118,82,54,104" hai3="10,34,58,124,45,105,129,127,115,39,96,67,35"/><U88/><E1/><V133/><F118/><W60/><G115/><T57/><D38/><U71/><E108/><V28/><F104/><W53/><G129/><T12/><D112/><U94/><E33/><V114/><F128/><W79/><G79/><T20/><D119/><U21/><E90/><V26/><F114/><W86/><G86/><T100/><D50/><U73/><E73/><V83/><F43/><N who="3" m="22783" /><G10/><T56/><D56/><U95/><E21/><V126/><F126/><N who="3" m="48171" /><G53/><T49/><D49/><U32/><E32/><V89/><F54/><W74/><G74/><T52/><REACH who="0" step="1"/><D100/><AGARI ba="0,0" hai="34,35,58,60,67,96,100,105" m="48171,22783" machi="100" ten="30,1000,0" yaku="18,1" doraHai="131" who="3" fromWho="0" sc="259,-10,234,0,234,0,273,10" /><INIT seed="2,0,0,1,2,94" ten="249,234,234,283" oya="2" hai0="60,58,53,7,62,134,93,88,107,44,31,48,119" hai1="86,132,5,105,6,46,14,97,103,79,130,3,73" hai2="19,89,116,12,16,13,36,50,33,76,17,112,47" hai3="64,98,85,26,37,101,29,129,114,71,32,61,40"/><V82/><F112/><W121/><G121/><T122/><D122/><U1/><E132/><V65/><F116/><W41/><G129/><T80/><D134/><U54/><E130/><V49/><F33/><W102/><G114/><T90/><D107/><U63/><E73/><V18/><F65/><W70/><G70/><T55/><D119/><U9/><E6/><V20/><F89/><W27/><G37/><T0/><D31/><U75/><E75/><V52/><F36/><W57/><G102/><T117/><D117/><U81/><E63/><V96/><F96/><W124/><G124/><T23/><D23/><U30/><REACH who="1" step="1"/><E30/><REACH who="1" ten="249,224,234,283" step="2"/><V118/><F118/><W87/><G29/><T38/><D62/><U125/><E125/><V28/><F28/><W95/><G61/><T113/><D113/><U24/><E24/><V100/><F100/><W43/><G27/><T127/><D127/><U77/><E77/><V106/><F106/><W111/><G26/><T74/><D74/><U34/><E34/><V15/><REACH who="2" step="1"/><F50/><AGARI ba="0,1" hai="1,3,5,9,14,46,50,54,79,81,86,97,103,105" machi="50" ten="40,2600,0" yaku="1,1,52,1,53,0" doraHai="94" doraHaiUra="135" who="1" fromWho="2" sc="249,0,224,36,234,-26,283,0" /><INIT seed="3,0,0,1,2,32" ten="249,260,208,283" oya="3" hai0="64,33,126,82,128,107,1,73,59,117,120,114,94" hai1="88,58,50,132,19,91,125,44,113,130,65,31,14" hai2="121,104,8,112,35,133,57,52,85,29,28,16,38" hai3="77,20,115,99,109,116,6,129,48,24,17,0,37"/><W9/><G37/><T30/><RYUUKYOKU type="yao9" ba="0,0" sc="249,0,260,0,208,0,283,0" hai0="1,30,33,59,64,73,82,94,107,114,117,120,126,128" /><INIT seed="3,1,0,5,5,130" ten="249,260,208,283" oya="3" hai0="60,90,54,56,52,4,95,13,117,125,70,83,103" hai1="62,71,85,29,0,22,7,28,77,108,11,123,113" hai2="73,69,112,31,23,105,64,51,15,47,14,115,124" hai3="63,132,17,8,100,37,42,116,81,133,55,121,134"/><W104/><G116/><T75/><D125/><U97/><E123/><V27/><F105/><W65/><G121/><T107/><D117/><U50/><E113/><V12/><F73/><W101/><G104/><T106/><D70/><U34/><E34/><V21/><F124/><W25/><G55/><T98/><D4/><U30/><E108/><V122/><F122/><W46/><G81/><T48/><D13/><U39/><E39/><V58/><F69/><W118/><G118/><T49/><D60/><U45/><E97/><V119/><F119/><W94/><G94/><T131/><D131/><U120/><E120/><V2/><F2/><W111/><G111/><T43/><D43/><U92/><E62/><N who="2" m="37975" /><F115/><W114/><G114/><T41/><D41/><U10/><E71/><V1/><F1/><W96/><G96/><T79/><REACH who="0" step="1"/><D103/><REACH who="0" ten="239,260,208,283" step="2"/><U135/><E7/><V87/><F112/><W86/><G25/><T84/><D84/><U78/><E85/><V128/><F87/><W80/><G8/><T68/><D68/><U126/><E11/><V102/><F102/><W9/><G63/><T35/><D35/><U36/><E10/><V109/><F128/><W99/><G99/><T127/><D127/><U3/><E3/><V38/><F109/><W32/><G32/><T110/><D110/><U16/><E0/><V57/><F23/><W91/><G65/><T76/><D76/><U40/><E22/><V26/><F26/><W24/><G24/><T67/><D67/><U61/><E78/><V6/><F27/><W18/><G9/><T93/><D93/><U20/><E126/><RYUUKYOKU ba="1,1" sc="239,15,260,-15,208,-15,283,15" hai0="48,49,52,54,56,75,79,83,90,95,98,106,107" hai3="17,18,37,42,46,80,86,91,100,101,132,133,134" /><INIT seed="3,2,1,1,1,0" ten="254,245,193,298" oya="3" hai0="12,117,124,1,36,54,108,40,116,107,97,131,127" hai1="63,22,71,64,72,98,77,96,55,5,17,58,52" hai2="8,123,45,56,125,95,24,78,46,76,104,62,21" hai3="38,42,94,74,133,120,29,75,6,129,28,90,50"/><W23/><G120/><T4/><D12/><U48/><E72/><V49/><F104/><W25/><G38/><T115/><D54/><U110/><E77/><V2/><F125/><N who="0" m="48202" /><D108/><U44/><E5/><V91/><F123/><W73/><G133/><T33/><D33/><U7/><E7/><V51/><F51/><W101/><G129/><T126/><D126/><U57/><E71/><V35/><F35/><W113/><G113/><T43/><D131/><U41/><E110/><V65/><F8/><W27/><G6/><T30/><D30/><U31/><E31/><V83/><F2/><W18/><G101/><N who="0" m="62895" /><D115/><U47/><E47/><V9/><F9/><W11/><G11/><N who="0" m="2447" /><D36/><U103/><E103/><V134/><F134/><W13/><G13/><T122/><D122/><U109/><E109/><V66/><F66/><W20/><G18/><T105/><D105/><U130/><E130/><V86/><F49/><W32/><G32/><T100/><D100/><U37/><REACH who="1" step="1"/><E55/><REACH who="1" ten="254,235,193,298" step="2"/><V53/><F53/><W15/><G29/><T34/><D34/><U68/><E68/><V118/><F46/><W81/><G28/><T111/><D111/><U87/><E87/><N who="2" m="52735" /><F45/><W132/><G75/><T19/><D19/><U135/><E135/><V112/><F112/><W14/><G132/><T59/><D59/><U119/><E119/><AGARI ba="2,2" hai="40,43,116,117,119" m="2447,62895,48202" machi="119" ten="30,2000,0" yaku="18,1,52,1" doraHai="0" who="0" fromWho="1" sc="254,46,235,-26,193,0,298,0" /><INIT seed="4,0,0,1,2,75" ten="300,209,193,298" oya="0" hai0="121,129,130,39,131,77,112,114,0,98,76,54,117" hai1="126,43,36,12,19,102,23,51,110,84,58,9,132" hai2="35,37,135,107,56,82,31,57,38,13,26,65,20" hai3="7,14,48,89,32,1,127,11,22,61,68,122,49"/><T100/><D39/><U72/><E72/><V86/><F107/><W120/><G32/><T106/><D0/><U52/><E110/><V59/><F135/><W87/><G127/><T118/><D121/><N who="3" m="46697" /><G68/><T18/><D18/><U115/><E126/><V6/><F65/><W101/><G101/><T16/><D54/><U91/><E132/><V128/><F128/><W103/><G103/><T60/><D60/><U94/><E115/><N who="0" m="44073" /><D16/><U30/><E102/><V66/><F66/><W45/><G61/><T93/><D106/><U81/><E81/><V33/><F35/><W62/><G62/><T41/><D41/><U5/><E30/><V64/><F64/><W2/><G22/><T78/><AGARI ba="0,0" hai="76,77,78,93,98,100,117,118,129,130,131" m="44073" machi="78" ten="40,18000,2" yaku="19,1,15,1,34,2,52,3" doraHai="75" who="0" fromWho="0" sc="300,180,209,-60,193,-60,298,-60" /><INIT seed="4,1,0,2,0,52" ten="480,149,133,238" oya="0" hai0="23,39,124,61,127,89,26,54,31,109,55,3,5" hai1="112,16,132,72,22,13,8,21,121,86,131,66,45" hai2="92,85,32,69,113,133,80,62,135,81,50,117,10" hai3="91,40,2,88,49,19,67,100,106,103,25,43,71"/><T78/><D39/><U108/><E121/><V119/><F32/><W134/><G2/><T51/><D78/><U83/><E108/><V15/><F50/><W87/><G134/><N who="2" m="51209" /><F69/><W107/><G71/><T38/><D38/><U12/><E132/><V30/><F30/><W90/><G67/><T114/><D114/><U17/><E131/><V98/><F62/><W59/><G87/><T77/><D77/><U94/><E112/><V18/><F113/><W68/><G68/><T36/><D36/><U24/><E66/><V130/><F85/><W7/><G7/><T20/><D109/><U9/><E72/><V96/><F96/><W128/><G128/><T41/><D51/><U27/><E45/><V102/><F130/><W123/><G123/><T74/><D61/><U122/><E94/><V0/><F0/><W84/><G84/><T73/><D31/><U97/><E97/><V34/><F34/><W116/><G49/><T29/><D29/><U129/><E122/><V48/><F48/><W46/><G46/><T42/><D3/><U53/><E53/><V99/><F99/><W63/><G63/><T33/><D33/><U44/><E44/><V37/><F37/><W58/><G40/><T115/><D115/><U79/><E129/><V70/><F70/><W104/><G43/><T28/><D28/><U6/><E6/><V76/><F76/><W93/><G19/><T35/><D5/><U82/><E83/><AGARI ba="1,0" hai="10,15,18,80,81,83,92,98,102,117,119" m="51209" machi="83" ten="30,1000,0" yaku="20,1" doraHai="52" who="2" fromWho="1" sc="480,0,149,-13,133,13,238,0" /><INIT seed="5,0,0,1,5,69" ten="480,136,146,238" oya="1" hai0="133,122,32,52,105,68,56,2,59,66,17,64,36" hai1="82,102,121,1,58,8,71,75,0,112,83,46,130" hai2="70,37,20,116,104,43,129,98,88,77,7,93,27" hai3="89,50,62,33,135,15,45,24,81,120,92,9,26"/><U109/><E71/><V60/><F116/><W103/><G120/><T19/><D68/><U132/><E121/><V44/><F129/><W84/><G135/><T128/><D105/><U78/><E132/><V41/><F77/><W40/><G33/><T106/><D106/><U90/><E130/><V115/><F104/><W3/><G3/><T91/><D2/><U114/><E102/><V11/><F41/><W124/><G124/><T108/><D59/><U53/><E46/><V14/><F115/><N who="1" m="44073" /><E109/><V76/><F76/><W126/><G62/><T18/><D108/><U23/><E23/><V127/><F127/><W21/><G21/><T67/><D32/><U123/><E8/><V5/><F60/><W131/><G126/><T35/><D35/><U42/><E42/><V38/><F70/><W39/><G131/><T25/><D128/><U100/><E100/><V134/><F134/><W119/><G119/><T30/><D133/><U99/><E123/><V94/><F94/><W61/><G92/><T63/><D122/><U117/><E117/><V79/><F79/><W86/><G103/><T113/><D113/><U125/><E125/><V34/><F34/><W22/><G22/><N who="0" m="15671" /><D91/><U47/><E47/><V80/><F80/><W87/><G81/><T101/><D101/><U72/><E72/><V28/><F5/><W49/><G40/><T95/><D95/><N who="1" m="56823" /><E83/><V107/><F107/><W29/><G9/><T4/><D56/><U51/><AGARI ba="0,0" hai="0,1,51,53,58,75,78,82" m="56823,44073" machi="51" ten="30,1500,0" yaku="15,1" doraHai="69" who="1" fromWho="1" sc="480,-5,136,15,146,-5,238,-5" /><INIT seed="5,1,0,3,5,104" ten="475,151,141,233" oya="1" hai0="22,7,63,71,66,106,27,89,91,64,46,47,54" hai1="114,120,55,37,43,80,36,16,113,88,78,1,12" hai2="133,83,134,42,30,67,48,25,62,58,20,103,72" hai3="132,57,11,31,108,44,130,84,34,86,26,41,51"/><U39/><E120/><V87/><F103/><W2/><G108/><T53/><D106/><U74/><E1/><V95/><F95/><W97/><G130/><T124/><D7/><U131/><E131/><V115/><F115/><N who="1" m="44041" /><E55/><V122/><F122/><W60/><G132/><T118/><D118/><U15/><E15/><V28/><F28/><W76/><G76/><T23/><D71/><U128/><E128/><V102/><F102/><W19/><G97/><T135/><D63/><U94/><E43/><V6/><F6/><W52/><G2/><T50/><D50/><U9/><E36/><V99/><F99/><AGARI ba="1,0" hai="9,12,16,37,39,74,78,80,88,94,99" m="44041" machi="99" ten="30,11600,0" yaku="15,1,52,1,54,2" doraHai="104" who="1" fromWho="2" sc="475,0,151,119,141,-119,233,0" /><INIT seed="5,2,0,3,2,16" ten="475,270,22,233" oya="1" hai0="92,129,131,72,11,69,97,134,37,132,115,14,84" hai1="67,44,5,12,34,76,25,46,63,112,64,100,68" hai2="77,93,3,133,119,130,31,27,87,41,32,117,126" hai3="94,33,78,74,58,50,88,2,43,82,96,122,114"/><U65/><E112/><V36/><F3/><W53/><G114/><T80/><D37/><U28/><E76/><V75/><F126/><W24/><G122/><T20/><D69/><U9/><E46/><V106/><F106/><W10/><G43/><T79/><D20/><U116/><E116/><V61/><F130/><N who="0" m="49674" /><D115/><U118/><E118/><V39/><F133/><W56/><G56/><T105/><D105/><U51/><REACH who="1" step="1"/><E100/><REACH who="1" ten="475,260,22,233" step="2"/><V98/><F117/><W59/><G59/><T19/><D72/><U26/><E26/><V49/><F119/><W42/><G42/><AGARI ba="2,1" hai="5,9,12,25,28,34,42,44,51,63,64,65,67,68" machi="42" ten="30,5800,0" yaku="1,1,7,1,53,1" doraHai="16" doraHaiUra="38" who="1" fromWho="3" sc="475,0,260,74,22,0,233,-64" /><INIT seed="5,3,0,2,3,94" ten="475,334,22,169" oya="1" hai0="71,38,117,95,106,1,109,84,11,52,122,92,4" hai1="55,75,78,125,116,127,44,8,13,65,14,56,51" hai2="87,101,45,61,135,110,16,5,36,118,77,57,43" hai3="99,6,134,35,27,81,126,40,129,21,105,41,80"/><U107/><E107/><V124/><F118/><W3/><G35/><T28/><D117/><U54/><E116/><V64/><F124/><N who="1" m="47689" /><E65/><V98/><F135/><W88/><G126/><T18/><D109/><U68/><E68/><V10/><F110/><W86/><G134/><T7/><D122/><U53/><E78/><V74/><F74/><W123/><G123/><T72/><D72/><U46/><E75/><V26/><F87/><W133/><G133/><T115/><D71/><U113/><E113/><V111/><F111/><W93/><G105/><T102/><D38/><U47/><E14/><V76/><F26/><W132/><G132/><T85/><D7/><AGARI ba="3,0" hai="7,8,13,44,46,47,51,53,54,55,56" m="47689" machi="7" ten="30,1500,0" yaku="18,1" doraHai="94" who="1" fromWho="0" sc="475,-24,334,24,22,0,169,0" /><INIT seed="5,4,0,5,0,1" ten="451,358,22,169" oya="1" hai0="56,27,78,34,125,39,100,7,102,64,37,59,124" hai1="82,132,68,0,70,92,84,74,53,12,8,104,109" hai2="118,42,117,88,47,75,2,101,126,35,134,111,28" hai3="86,30,123,96,116,43,120,48,93,6,130,72,21"/><U135/><E104/><V31/><F126/><N who="0" m="48746" /><D78/><U54/><E0/><V52/><F134/><N who="1" m="51241" /><E92/><V77/><F111/><W9/><G72/><T95/><D7/><N who="1" m="3103" /><E74/><V25/><F31/><W122/><G130/><T108/><D108/><U83/><E83/><V81/><F101/><N who="0" m="39018" /><D95/><U26/><E26/><V133/><F133/><W129/><G93/><T58/><D64/><U98/><E98/><V20/><F35/><W119/><G96/><T51/><D51/><U32/><E32/><V73/><F2/><W14/><G86/><T50/><D50/><U94/><E94/><V67/><F67/><W15/><G48/><T4/><D4/><U66/><E109/><V63/><F73/><W85/><G85/><T22/><D34/><U69/><E66/><V97/><F97/><W99/><G99/><T113/><D113/><U57/><E57/><V71/><F88/><AGARI ba="4,0" hai="53,54,68,69,70,82,84,88" m="3103,51241" machi="88" ten="40,7700,0" yaku="20,1,52,1,54,1" doraHai="1" who="1" fromWho="2" sc="451,0,358,89,22,-89,169,0" owari="451,55.1,447,24.7,-67,-56.7,169,-23.1" /></mjloggm>