<mjloggm ver="2.3"><GO type="225" lobby="0"/><UN n0="%E5%91%A8%E6%9D%B1" n1="%E6%A1%9C%E8%8A%B1%E9%96%83%E3%80%85" n2="%E3%81%8B%E3%82%8F%E3%81%A1%E3%82%83%E3%82%93%35%38" n3="%E3%81%82%E3%81%84%E3%81%82%E3%81%8A%E3%81%84" dan="16,16,16,18" rate="2153.11,2221.62,2122.92,2258.42" sx="M,M,M,M"/><TAIKYOKU oya="0"/><INIT seed="0,0,0,2,2,10" ten="250,250,250,250" oya="0" hai0="63,36,85,70,38,112,102,33,42,50,82,68,78" hai1="4,57,108,24,0,22,88,30,106,31,40,12,60" hai2="127,54,100,15,114,16,41,69,122,95,89,43,13" hai3="80,45,39,37,133,2,132,75,79,34,83,87,96"/><T105/><D112/><U58/><E106/><V90/><F114/><W19/><G34/><T101/><D33/><U59/><E108/><V129/><F122/><W61/><G2/><T46/><D105/><U84/><E0/><V25/><F69/><W123/><G123/><T98/><D102/><U5/><E40/><V116/><F129/><W94/><G61/><T76/><D76/><U125/><E125/><V93/><F100/><W17/><G45/><T3/><D3/><U64/><E31/><V26/><F116/><W117/><G117/><T74/><D74/><U9/><E4/><V104/><F104/><W103/><G39/><T92/><REACH who="0" step="1"/><D70/><REACH who="0" ten="240,250,250,250" step="2"/><U29/><REACH who="1" step="1"/><E29/><REACH who="1" ten="240,240,250,250" step="2"/><V55/><REACH who="2" step="1"/><F16/><REACH who="2" ten="240,240,240,250" step="2"/><W8/><G17/><T77/><D77/><U131/><E131/><V119/><F119/><W118/><G118/><T97/><D97/><U86/><E86/><V47/><F47/><W81/><G87/><T6/><D6/><U48/><E48/><V128/><F128/><W53/><G19/><T120/><D120/><U109/><E109/><V62/><F62/><W20/><G79/><T35/><D35/><U113/><E113/><V72/><F72/><W28/><G75/><T66/><AGARI ba="0,3" hai="36,38,42,46,50,63,66,68,78,82,85,92,98,101" machi="66" ten="30,3000,0" yaku="1,1,0,1,53,0" doraHai="10" doraHaiUra="32" who="0" fromWho="0" sc="240,60,240,-10,240,-10,250,-10" /><INIT seed="0,1,0,0,3,100" ten="300,230,230,240" oya="0" hai0="85,126,23,35,83,11,8,58,101,96,3,113,115" hai1="1,102,33,92,10,18,68,54,89,55,112,109,48" hai2="40,12,75,108,5,60,39,6,106,50,70,31,46" hai3="129,122,73,132,47,15,63,2,71,77,36,7,81"/><T78/><D35/><U127/><E109/><V34/><F75/><W82/><G15/><T37/><D126/><U91/><E127/><V24/><F108/><W117/><G117/><T43/><D37/><U53/><E68/><V105/><F50/><W29/><G82/><T110/><D110/><U116/><E116/><V69/><F69/><W49/><G49/><T57/><D43/><U64/><E33/><V22/><F5/><W128/><G29/><T87/><D23/><U13/><E1/><V28/><F28/><W90/><G90/><N who="1" m="34314" /><E64/><V32/><F32/><W86/><G86/><T21/><D21/><U42/><E112/><V51/><F51/><W26/><G26/><T74/><D74/><U56/><E42/><V59/><F70/><W16/><G122/><T44/><D44/><U20/><E20/><V67/><REACH who="2" step="1"/><F6/><REACH who="2" ten="300,230,220,240" step="2"/><W19/><G7/><T97/><D115/><U25/><E25/><V103/><F103/><W76/><G71/><T61/><D101/><U45/><E45/><V93/><F93/><W27/><G73/><T120/><D113/><U134/><E134/><V17/><AGARI ba="1,1" hai="12,17,22,24,31,34,39,40,46,59,60,67,105,106" machi="17" ten="30,7900,0" yaku="1,1,0,1,52,2,53,0" doraHai="100" doraHaiUra="130" who="2" fromWho="2" sc="300,-40,230,-21,220,92,240,-21" /><INIT seed="1,0,0,4,3,68" ten="260,209,312,219" oya="1" hai0="59,69,100,84,112,122,123,107,86,27,51,94,42" hai1="115,133,119,43,135,62,116,117,125,92,95,9,79" hai2="113,33,127,14,96,77,83,121,17,46,1,3,44" hai3="52,70,98,24,32,105,132,63,36,23,40,8,37"/><U111/><E115/><V87/><F121/><N who="0" m="46090" /><D69/><U56/><E125/><V130/><F33/><W12/><G40/><T38/><D112/><U19/><E79/><V39/><F113/><W21/><G21/><T2/><D2/><U13/><E43/><V71/><F71/><W58/><G70/><T109/><D107/><U90/><E111/><V97/><F127/><W91/><G32/><T81/><D109/><U80/><E80/><V67/><F67/><W78/><G78/><T11/><D11/><U60/><E60/><V55/><F130/><W82/><G132/><N who="1" m="50762" /><E90/><V108/><F108/><W0/><G0/><T93/><D100/><U25/><E25/><V10/><F1/><W20/><G20/><T57/><D27/><U106/><E106/><V49/><F39/><W48/><G48/><T85/><D81/><U50/><E50/><N who="2" m="29127" /><F3/><W66/><G66/><AGARI ba="0,0" hai="9,13,19,56,62,66,92,95,116,117,119" m="50762" machi="66" ten="40,2000,0" yaku="20,1" doraHai="68" who="1" fromWho="3" sc="260,0,209,20,312,0,219,-20" /><INIT seed="1,1,0,2,3,116" ten="260,229,312,199" oya="1" hai0="95,24,101,88,38,83,85,8,73,75,110,89,108" hai1="130,6,114,120,33,37,50,21,79,122,109,56,102" hai2="5,84,82,131,111,28,100,23,32,54,78,42,65" hai3="113,16,7,68,12,19,90,134,62,70,41,104,36"/><U71/><E33/><V20/><F42/><W115/><G104/><T15/><D38/><U25/><E114/><V2/><F65/><W40/><G7/><T0/><D0/><U52/><E71/><V124/><F100/><W53/><G134/><T10/><D24/><U94/><E37/><V17/><F111/><N who="0" m="42538" /><D10/><U121/><E109/><V4/><F32/><W47/><G41/><T87/><D15/><U44/><E130/><V30/><F124/><W3/><G3/><T67/><D8/><U80/><E6/><V48/><F2/><W35/><G35/><T81/><D67/><U9/><E9/><V93/><F93/><W125/><G125/><T43/><D43/><U112/><E112/><V14/><F131/><W74/><G74/><N who="0" m="28171" /><D101/><U107/><E44/><V45/><F28/><W103/><G103/><T46/><D46/><U132/><E25/><AGARI ba="1,0" hai="4,5,14,17,20,23,25,30,45,48,54,78,82,84" machi="25" ten="40,1300,0" yaku="8,1" doraHai="116" who="2" fromWho="1" sc="260,0,229,-16,312,16,199,0" /><INIT seed="2,0,0,3,1,124" ten="260,213,328,199" oya="2" hai0="53,114,49,55,87,110,97,126,6,0,125,129,35" hai1="37,74,134,133,107,68,67,36,65,57,113,98,24" hai2="51,120,38,1,10,92,60,28,20,130,52,75,100" hai3="118,117,96,22,2,128,5,73,9,43,106,31,32"/><V122/><F38/><N who="1" m="14953" /><E74/><V45/><F75/><W85/><G73/><T29/><D114/><U132/><E113/><V77/><F77/><W103/><G43/><T76/><D97/><U14/><E68/><V64/><F130/><W93/><G32/><T94/><D6/><U46/><E46/><V112/><F112/><W70/><G70/><T15/><D0/><U7/><E24/><V59/><F10/><W61/><G61/><T72/><D72/><U80/><E80/><V89/><F1/><W48/><G48/><T54/><D49/><U18/><E7/><V25/><REACH who="2" step="1"/><F100/><REACH who="2" ten="260,213,318,199" step="2"/><W109/><G128/><T86/><D129/><U82/><E133/><V41/><F41/><W91/><G109/><T102/><D110/><U3/><E3/><V63/><F63/><W13/><G2/><T12/><D76/><U105/><E134/><V47/><F47/><W34/><G9/><T79/><D79/><U116/><E132/><V50/><F50/><W88/><G103/><T90/><D102/><U30/><E107/><V23/><F23/><W21/><G22/><T27/><D125/><U119/><E105/><V69/><F69/><W95/><G106/><T135/><D126/><U121/><E119/><V44/><F44/><W84/><G21/><T56/><D135/><U83/><E116/><V4/><F4/><W123/><G118/><T62/><D62/><U42/><E42/><V131/><F131/><W39/><G117/><T111/><D111/><U17/><E121/><V99/><AGARI ba="0,1" hai="20,25,28,45,51,52,59,60,64,89,92,99,120,122" machi="99" ten="20,12000,1" yaku="1,1,0,1,7,1,54,1,53,1" doraHai="124" doraHaiUra="19" who="2" fromWho="2" sc="260,-40,213,-40,318,130,199,-40" /><INIT seed="2,1,0,3,4,124" ten="220,173,448,159" oya="2" hai0="116,0,84,54,113,56,1,133,92,15,9,45,70" hai1="29,114,80,125,49,89,38,55,42,43,74,135,67" hai2="28,104,65,17,97,117,31,83,32,99,87,47,25" hai3="40,41,24,26,51,13,85,126,63,79,22,120,3"/><V6/><F117/><W106/><G3/><T16/><D70/><U66/><E114/><V36/><F6/><W72/><G120/><T95/><D113/><U61/><E125/><V105/><F65/><N who="1" m="24585" /><E74/><V21/><F31/><W52/><G126/><T20/><D116/><U14/><E38/><V122/><F122/><W118/><G118/><T73/><D73/><U128/><E135/><V44/><F36/><W37/><G106/><T35/><D35/><U134/><E134/><V53/><F99/><W93/><BYE who="2" /><G72/><T121/><D133/><U27/><E61/><V7/><F7/><W123/><G123/><UN n2="%E3%81%8B%E3%82%8F%E3%81%A1%E3%82%83%E3%82%93%35%38" /><T69/><D69/><U112/><E14/><V2/><F2/><W91/><G79/><T33/><D33/><U75/><E75/><V88/><F53/><W130/><G63/><T76/><D45/><N who="1" m="28079" /><E128/><V58/><F58/><N who="3" m="33055" /><G130/><T98/><D121/><U64/><N who="1" m="24593" /><U103/><DORA hai="62" /><E103/><V4/><F4/><W50/><G37/><T96/><D0/><U30/><E112/><V59/><F59/><W71/><G71/><T119/><D56/><U86/><E27/><N who="3" m="10282" /><G50/><T107/><D119/><U127/><E127/><V39/><F39/><W132/><G132/><T90/><D1/><U68/><E68/><V115/><F115/><W82/><G82/><T109/><D107/><U10/><E10/><V23/><F32/><W129/><G129/><T108/><D9/><U19/><E19/><AGARI ba="1,0" hai="13,19,22,40,41,85,91,93" m="10282,33055" machi="19" ten="30,3900,0" yaku="25,1,8,1,54,1" doraHai="124,62" who="3" fromWho="1" sc="220,0,173,-42,448,0,159,42" /><INIT seed="3,0,0,4,2,109" ten="220,131,448,201" oya="3" hai0="121,22,39,101,17,116,56,84,25,78,38,119,104" hai1="75,70,83,7,48,99,96,24,94,108,97,20,135" hai2="85,23,2,21,100,50,105,30,81,89,113,41,11" hai3="134,13,93,123,80,58,69,3,12,64,34,61,118"/><W67/><G123/><T120/><D104/><U57/><E70/><V122/><F113/><W87/><G118/><T40/><D101/><U124/><E108/><V15/><F2/><W16/><G3/><T125/><D56/><U59/><E135/><V66/><F122/><W73/><G34/><T8/><D84/><U46/><E124/><V35/><F35/><W117/><G117/><T106/><D78/><U6/><E75/><V74/><F66/><W102/><G73/><T112/><D106/><U36/><E36/><V127/><F127/><W9/><G134/><T71/><D40/><U131/><E131/><V98/><F30/><W63/><G13/><T18/><D71/><U53/><E83/><V55/><F41/><W88/><REACH who="3" step="1"/><G102/><REACH who="3" ten="220,131,448,191" step="2"/><T45/><D121/><U28/><REACH who="1" step="1"/><E94/><AGARI ba="0,1" hai="9,12,16,58,61,63,64,67,69,80,87,88,93,94" machi="94" ten="40,12000,1" yaku="1,1,2,1,54,2,53,1" doraHai="109" doraHaiUra="52" who="3" fromWho="1" sc="220,0,131,-120,448,0,191,130" /><INIT seed="3,1,0,3,0,48" ten="220,11,448,321" oya="3" hai0="126,93,18,120,79,58,90,85,121,56,113,106,78" hai1="110,32,91,3,116,84,112,92,87,37,115,82,23" hai2="51,103,64,66,12,81,49,53,125,57,44,31,4" hai3="47,16,114,117,26,25,104,83,71,129,73,60,135"/><W6/><G114/><T59/><BYE who="1" /><D106/><U132/><E132/><V20/><F125/><W70/><G117/><T62/><D126/><U133/><E133/><V95/><F81/><W46/><G135/><T76/><D113/><U119/><E119/><V105/><F105/><W72/><G104/><T74/><D74/><U111/><E111/><V7/><F103/><W34/><G6/><T77/><N who="0" m="19456" /><DORA hai="124" /><T88/><D18/><U100/><E100/><V17/><F31/><W134/><G134/><T68/><D68/><U21/><E21/><V22/><F95/><W98/><G98/><T99/><REACH who="0" step="1"/><D62/><REACH who="0" ten="210,11,448,321" step="2"/><U9/><E9/><V86/><F86/><W94/><G60/><T123/><D123/><U5/><E5/><V11/><F4/><W108/><G71/><T27/><D27/><U67/><E67/><N who="2" m="25643" /><F7/><W50/><G26/><T130/><D130/><U28/><E28/><V122/><F122/><W55/><G25/><T0/><D0/><U128/><E128/><V118/><F118/><W41/><G129/><T45/><D45/><U101/><E101/><V102/><F102/><W14/><G47/><T8/><D8/><U52/><E52/><AGARI ba="1,1" hai="11,12,17,20,22,44,49,51,52,53,57" m="25643" machi="52" ten="30,7700,0" yaku="8,1,52,2,54,1" doraHai="48,124" who="2" fromWho="1" sc="210,0,11,-80,448,90,321,0" owari="210,-19.0,-69,-56.9,538,63.8,321,12.1" /></mjloggm>