<mjloggm ver="2.3"><GO type="169" lobby="0"/><UN n0="%41%4C%50%45%52%49%4E" n1="%E5%85%AD%E9%83%A8%E5%9C%AD" n2="%74%61%6B%65%2D%79%6F%75" n3="%E3%81%9B%E3%81%A9%E3%81%AA%E3%82%8A%E3%81%82%E3%82%93" dan="17,16,17,17" rate="2162.60,2142.35,2240.11,2151.34" sx="M,M,M,F"/><TAIKYOKU oya="0"/><INIT seed="0,0,0,5,1,123" ten="250,250,250,250" oya="0" hai0="61,36,117,10,118,85,69,115,2,25,55,73,44" hai1="19,5,122,42,11,59,91,0,57,97,65,81,104" hai2="8,120,72,78,31,92,124,14,126,53,46,82,52" hai3="135,4,16,7,94,100,113,74,15,70,130,131,134"/><T64/><D115/><U108/><E122/><V71/><F120/><W76/><G70/><T51/><D73/><U83/><E42/><V96/><F31/><W132/><G76/><T27/><D36/><U128/><E128/><N who="3" m="49194" /><G74/><T127/><D127/><N who="2" m="48682" /><F46/><W22/><G113/><T80/><D2/><U47/><E47/><V17/><F71/><W39/><G39/><T40/><D10/><U133/><E133/><V54/><F54/><W106/><G106/><T9/><D9/><U33/><E33/><V103/><AGARI ba="0,0" hai="8,14,17,52,53,72,78,82,92,96,103" m="48682" machi="103" ten="30,2000,0" yaku="18,1,54,1" doraHai="123" who="2" fromWho="2" sc="250,-10,250,-5,250,20,250,-5" /><INIT seed="1,0,0,5,0,121" ten="240,245,270,245" oya="1" hai0="131,97,74,72,84,110,21,135,123,102,127,64,55" hai1="78,16,47,25,56,94,1,120,96,68,58,27,62" hai2="5,111,119,12,4,59,20,132,101,69,51,98,48" hai3="39,116,9,83,29,67,26,14,130,13,17,70,109"/><U38/><E120/><V129/><F119/><W45/><G116/><T40/><D123/><U105/><E105/><V54/><F69/><W73/><G130/><T93/><D131/><U3/><E68/><V87/><F129/><W108/><G70/><T112/><D112/><U106/><E106/><V22/><F132/><W134/><G67/><T61/><D127/><U30/><E78/><V85/><F51/><W7/><G134/><T46/><D55/><U76/><E76/><V6/><F111/><N who="3" m="42571" /><G83/><T100/><D64/><U53/><E58/><V126/><F126/><W35/><G73/><T24/><D72/><U19/><E25/><V50/><F50/><W28/><G28/><T89/><D24/><U18/><E47/><V88/><F12/><N who="3" m="7311" /><G7/><T52/><D74/><U80/><E38/><V90/><F5/><W57/><G57/><T66/><D66/><U10/><E10/><V99/><F59/><W32/><G32/><T8/><D8/><U34/><REACH who="1" step="1"/><E80/><REACH who="1" ten="240,235,270,245" step="2"/><V104/><F4/><W95/><G95/><T31/><D93/><U49/><E49/><V128/><F6/><W65/><G65/><T77/><D110/><U86/><E86/><V23/><F48/><W0/><G0/><T82/><D84/><U91/><AGARI ba="0,1" hai="1,3,16,18,19,27,30,34,53,56,62,91,94,96" machi="91" ten="30,6000,0" yaku="1,1,0,1,54,1,53,0" doraHai="121" doraHaiUra="42" who="1" fromWho="1" sc="240,-20,235,70,270,-20,245,-20" /><INIT seed="1,1,0,3,3,44" ten="220,305,250,225" oya="1" hai0="17,63,13,97,4,32,50,130,125,83,117,31,133" hai1="106,80,120,77,58,49,94,88,37,26,15,86,65" hai2="41,23,34,110,132,66,79,89,91,29,19,123,5" hai3="2,95,52,108,62,84,42,1,104,27,22,131,99"/><U54/><E120/><V76/><F123/><W6/><G108/><T100/><D117/><U135/><E37/><V10/><F132/><W73/><G73/><T11/><D125/><U39/><E39/><V107/><F107/><W102/><G131/><T28/><D130/><U74/><E106/><V112/><F112/><W115/><G42/><T25/><D133/><U101/><E135/><V45/><F66/><W59/><G115/><T85/><D31/><U70/><E101/><V21/><F34/><W33/><G33/><T71/><D50/><U48/><E65/><V56/><F29/><W57/><G6/><T53/><D4/><U90/><E70/><V9/><F56/><W64/><G84/><T111/><D111/><U46/><E26/><V109/><F5/><W81/><G81/><T113/><D113/><U47/><E15/><V121/><F45/><W92/><G92/><T93/><D53/><U36/><E36/><V127/><F41/><W116/><G116/><T40/><D40/><U38/><E38/><V24/><F24/><W51/><G104/><T8/><D8/><U98/><REACH who="1" step="1"/><E49/><REACH who="1" ten="220,295,250,225" step="2"/><V87/><F121/><W119/><G119/><T129/><D129/><U75/><E75/><V16/><REACH who="2" step="1"/><F87/><REACH who="2" ten="220,295,240,225" step="2"/><W35/><G35/><T60/><REACH who="0" step="1"/><D71/><REACH who="0" ten="210,295,240,225" step="2"/><U12/><E12/><V96/><F96/><W0/><G0/><T118/><D118/><U68/><E68/><V20/><F20/><W124/><G124/><AGARI ba="1,3" hai="9,10,16,19,21,23,76,79,89,91,109,110,124,127" machi="124" ten="25,12000,2" yaku="1,1,22,2,54,1,53,2" doraHai="44" doraHaiUra="134" who="2" fromWho="3" sc="210,0,295,0,240,153,225,-123" /><INIT seed="2,0,0,2,0,74" ten="210,295,393,102" oya="2" hai0="114,19,111,11,131,89,116,71,29,118,26,24,107" hai1="45,115,99,126,59,67,106,117,56,13,35,96,120" hai2="27,14,103,32,95,87,133,72,63,108,44,46,130" hai3="122,33,43,81,42,57,60,31,124,135,30,48,6"/><V83/><F130/><W39/><G39/><T112/><D107/><U128/><E115/><N who="0" m="44073" /><D89/><U77/><E35/><V20/><F133/><W50/><G122/><T69/><D69/><U66/><E77/><N who="2" m="46575" /><F32/><W2/><G124/><T37/><D37/><U25/><E126/><V68/><F72/><W41/><G135/><T53/><D53/><U40/><E128/><V93/><F68/><W132/><G132/><T61/><D61/><U54/><E120/><V80/><F108/><W119/><G119/><N who="0" m="45611" /><D71/><U9/><E117/><V15/><F63/><W51/><G33/><N who="0" m="20647" /><D131/><U22/><E106/><V21/><F103/><W52/><REACH who="3" step="1"/><G81/><REACH who="3" ten="210,295,393,92" step="2"/><T90/><D111/><U55/><E66/><V84/><F80/><W34/><G34/><T0/><D90/><U12/><E67/><V73/><F95/><W65/><G65/><T64/><D64/><U36/><E36/><V101/><F93/><W100/><G100/><T92/><D92/><U76/><E96/><V102/><F101/><W78/><G78/><T1/><D11/><AGARI ba="0,1" hai="2,6,11,30,31,41,42,43,48,50,51,52,57,60" machi="11" ten="40,5200,0" yaku="1,1,54,1,53,1" doraHai="74" doraHaiUra="3" who="3" fromWho="0" sc="210,-52,295,0,393,0,92,62" /><INIT seed="3,0,0,4,5,123" ten="158,295,393,154" oya="3" hai0="36,125,22,102,130,94,108,51,113,68,5,88,126" hai1="32,89,20,112,37,50,69,91,2,103,42,46,92" hai2="24,33,117,47,110,81,7,27,40,83,76,6,53" hai3="104,63,132,82,45,109,9,90,38,10,87,80,4"/><W8/><G104/><T120/><D120/><U26/><E112/><V84/><F117/><W62/><G132/><T101/><D36/><U12/><E2/><V133/><F133/><W23/><G4/><T13/><D68/><U86/><E69/><V79/><F53/><W56/><G23/><T77/><D130/><U41/><E32/><V59/><F59/><W100/><G100/><T16/><D113/><U30/><E103/><V17/><F33/><W28/><G28/><T60/><D77/><U0/><E0/><V64/><F64/><W49/><G38/><T99/><D60/><U67/><E67/><V48/><F110/><W97/><G97/><T73/><D73/><U118/><E118/><V31/><F17/><W131/><G131/><T1/><D108/><U93/><E12/><V70/><F70/><W95/><G109/><T107/><D51/><U119/><E119/><V57/><F57/><W21/><G21/><T18/><D18/><U85/><REACH who="1" step="1"/><E37/><REACH who="1" ten="158,285,393,154" step="2"/><V105/><F105/><W134/><G134/><T116/><D116/><U14/><E14/><V78/><F27/><W25/><G25/><T29/><D107/><U115/><E115/><V74/><F24/><W114/><G114/><T55/><D102/><U66/><E66/><V98/><F74/><W61/><REACH who="3" step="1"/><G56/><REACH who="3" ten="158,285,393,144" step="2"/><T129/><D101/><U3/><E3/><V35/><F35/><W44/><G44/><T124/><D129/><U52/><AGARI ba="0,2" hai="20,26,30,41,42,46,50,52,85,86,89,91,92,93" machi="52" ten="20,12000,2" yaku="1,1,0,1,7,1,9,1,8,1,54,1,53,0" doraHai="123" doraHaiUra="135" who="1" fromWho="1" sc="158,-30,285,140,393,-30,144,-60" /><INIT seed="4,0,0,4,0,80" ten="128,425,363,84" oya="0" hai0="27,118,102,100,107,71,116,131,59,120,69,130,17" hai1="76,38,77,126,41,86,15,78,70,19,124,85,2" hai2="57,123,1,25,75,128,30,16,84,23,36,18,39" hai3="32,94,63,56,55,91,108,46,112,97,132,13,40"/><T58/><D27/><U5/><E70/><V89/><F123/><W104/><G108/><T31/><D31/><U14/><E2/><V10/><F75/><W73/><G73/><T37/><D37/><U92/><E5/><V43/><F128/><W42/><G32/><T88/><D17/><U35/><E35/><V54/><F1/><W7/><G112/><T65/><D65/><U127/><E92/><V48/><F43/><W105/><G132/><T134/><D107/><U53/><E53/><V33/><F10/><W9/><REACH who="3" step="1"/><G42/><REACH who="3" ten="128,425,363,74" step="2"/><T95/><D134/><U79/><E41/><V99/><F99/><W133/><G133/><T122/><REACH who="0" step="1"/><D95/><REACH who="0" ten="118,425,363,74" step="2"/><U24/><E124/><V66/><F33/><W67/><G67/><T50/><D50/><AGARI ba="0,2" hai="7,9,13,40,46,50,55,56,63,91,94,97,104,105" machi="50" ten="30,3900,0" yaku="1,1,7,1,53,1" doraHai="80" doraHaiUra="6" who="3" fromWho="0" sc="118,-39,425,0,363,0,74,59" /><INIT seed="5,0,0,0,3,60" ten="79,425,363,133" oya="1" hai0="113,7,4,29,77,66,6,99,42,46,128,102,34" hai1="73,114,133,79,58,21,105,11,124,63,14,24,67" hai2="17,41,112,78,20,15,40,43,100,125,44,52,8" hai3="70,25,130,104,103,85,0,55,127,38,33,117,108"/><U65/><E105/><V35/><F35/><W96/><RYUUKYOKU type="yao9" ba="0,0" sc="79,0,425,0,363,0,133,0" hai3="0,25,33,38,55,70,85,96,103,104,108,117,127,130" /><INIT seed="5,1,0,5,0,90" ten="79,425,363,133" oya="1" hai0="135,106,37,54,41,10,35,49,1,8,60,39,128" hai1="31,99,21,123,22,16,7,102,85,126,130,17,32" hai2="104,12,116,18,64,72,11,68,65,119,113,29,110" hai3="48,20,108,6,55,53,73,2,69,120,34,56,81"/><U79/><E123/><V134/><F110/><W63/><G34/><T124/><D106/><U103/><E130/><V100/><F72/><W9/><G108/><T112/><D35/><U70/><E70/><V80/><F134/><W92/><G120/><T38/><D128/><U87/><E126/><V47/><F113/><W76/><G20/><T125/><D112/><U52/><E7/><V33/><F80/><W74/><G74/><T25/><D135/><U77/><E32/><V94/><F47/><W42/><G42/><T127/><D41/><U133/><E133/><V44/><F44/><W58/><REACH who="3" step="1"/><G69/><REACH who="3" ten="79,425,363,123" step="2"/><T51/><D25/><U36/><E22/><V45/><F68/><W66/><G66/><T3/><D60/><U122/><E21/><V86/><F65/><W95/><AGARI ba="1,1" hai="2,6,9,48,53,55,56,58,63,73,76,81,92,95" machi="95" ten="30,7900,0" yaku="1,1,0,1,52,2,53,0" doraHai="90" doraHaiUra="117" who="3" fromWho="3" sc="79,-21,425,-40,363,-21,123,92" /><INIT seed="6,0,0,3,1,12" ten="58,385,342,215" oya="2" hai0="129,72,34,113,1,37,27,130,103,44,114,32,133" hai1="69,10,17,7,18,110,104,65,29,93,49,132,84" hai2="109,6,9,2,51,60,131,5,81,111,71,23,62" hai3="90,68,97,112,95,121,116,134,73,55,15,83,85"/><V25/><F131/><N who="0" m="50186" /><D103/><U31/><E104/><V66/><F5/><W14/><G116/><T11/><D72/><U70/><E110/><V86/><F51/><W115/><G121/><T128/><N who="0" m="50194" /><T48/><DORA hai="36" /><D37/><U56/><E132/><V106/><F60/><W46/><G134/><T47/><D133/><U38/><E38/><V28/><REACH who="2" step="1"/><F106/><REACH who="2" ten="58,385,332,215" step="2"/><W96/><G112/><T78/><D48/><U50/><E7/><V92/><F92/><W26/><G115/><T79/><D114/><U67/><E93/><V125/><F125/><W77/><G95/><T75/><D113/><U127/><E127/><V126/><F126/><W41/><G83/><T135/><D135/><U87/><E49/><V88/><AGARI ba="0,1" hai="2,6,9,23,25,28,62,66,71,81,86,88,109,111" machi="88" ten="30,11700,0" yaku="1,1,0,1,54,1,53,1" doraHai="12,36" doraHaiUra="45,35" who="2" fromWho="2" sc="58,-39,385,-39,332,127,215,-39" /><INIT seed="6,1,0,0,2,102" ten="19,346,459,176" oya="2" hai0="0,112,131,84,105,133,47,124,14,97,65,74,110" hai1="43,121,50,18,126,76,72,26,1,88,95,82,30" hai2="73,35,19,67,111,39,12,28,66,23,78,11,79" hai3="134,53,60,3,125,22,24,70,55,27,17,40,108"/><V99/><F39/><W103/><G108/><T106/><D0/><U128/><E1/><V10/><F111/><W44/><G125/><T77/><D110/><U45/><E126/><V32/><F32/><W49/><G134/><T69/><D124/><U81/><E128/><V37/><F37/><W120/><G120/><T48/><D74/><U129/><E129/><V80/><F79/><W13/><G3/><T63/><D131/><U114/><E121/><V57/><F99/><W2/><G2/><T100/><D112/><U54/><E114/><V29/><F35/><W68/><G68/><T115/><D115/><U6/><E81/><V71/><F71/><W46/><G103/><T75/><D75/><U116/><E6/><V119/><F119/><W107/><G107/><T21/><D133/><U123/><E123/><V7/><F11/><W62/><G53/><T59/><D84/><U101/><E101/><V122/><F122/><W135/><G135/><T104/><D77/><U8/><E116/><V109/><F109/><W92/><G92/><T93/><D69/><U52/><E18/><V89/><F89/><W61/><REACH who="3" step="1"/><G70/><REACH who="3" ten="19,346,459,166" step="2"/><T86/><D86/><U51/><E54/><V87/><F73/><W96/><G96/><T113/><D113/><U64/><E64/><V130/><F130/><W36/><AGARI ba="1,1" hai="13,17,22,24,27,36,40,44,46,49,55,60,61,62" machi="36" ten="30,2000,0" yaku="1,1,0,1,53,0" doraHai="102" doraHaiUra="34" who="3" fromWho="3" sc="19,-6,346,-6,459,-11,166,33" /><INIT seed="7,0,0,0,1,28" ten="13,340,448,199" oya="3" hai0="88,130,53,133,126,125,119,48,16,39,60,98,2" hai1="1,7,62,104,89,31,52,74,131,103,18,80,128" hai2="84,58,92,4,124,75,107,78,132,8,105,13,12" hai3="42,116,59,96,49,45,68,10,123,15,127,76,44"/><W25/><G116/><T47/><D2/><U67/><E31/><V117/><F117/><W70/><G123/><T41/><D119/><U77/><E89/><V110/><F110/><W81/><G127/><T99/><D130/><N who="1" m="49707" /><E7/><V5/><F75/><W71/><G96/><T26/><D133/><U32/><E1/><V69/><F132/><W27/><G59/><T91/><D125/><U9/><E52/><V118/><F124/><W82/><G45/><T34/><D126/><U79/><E79/><V22/><F78/><W66/><G66/><T51/><D60/><U3/><E103/><V73/><F5/><W35/><G35/><T56/><D39/><U64/><E104/><V37/><F4/><W106/><G106/><T113/><D113/><U102/><E102/><V19/><F105/><W111/><G111/><T61/><D61/><U54/><E3/><V83/><F107/><W43/><G43/><T33/><D99/><U11/><E32/><V30/><F30/><W114/><G114/><T50/><D50/><U129/><E129/><V122/><F118/><W21/><G21/><T55/><D41/><U108/><E108/><V63/><F22/><W101/><G101/><T97/><D97/><U38/><E38/><V93/><F37/><W65/><G65/><N who="1" m="25162" /><E18/><V40/><F19/><W135/><G135/><T100/><D100/><U0/><E0/><V24/><F122/><W17/><REACH who="3" step="1"/><G81/><REACH who="3" ten="13,340,448,189" step="2"/><T134/><D134/><U14/><E80/><V72/><F83/><W6/><G6/><T20/><D91/><U121/><E121/><V85/><F40/><W109/><G109/><RYUUKYOKU ba="0,1" sc="13,15,340,-15,448,-15,189,15" hai0="16,20,26,33,34,47,48,51,53,55,56,88,98" hai3="10,15,17,25,27,42,44,49,68,70,71,76,82" /><INIT seed="7,1,1,3,0,92" ten="28,325,433,204" oya="3" hai0="46,94,102,65,28,27,82,71,111,121,96,87,99" hai1="41,113,114,20,18,75,93,81,15,91,10,106,100" hai2="29,124,12,107,125,33,31,134,39,44,98,135,109" hai3="6,42,48,30,61,5,131,72,19,7,1,8,36"/><W21/><G72/><T128/><D111/><U50/><E100/><N who="2" m="62871" /><F109/><W110/><G36/><T9/><D128/><U95/><E106/><V130/><F130/><W35/><G110/><T68/><D121/><U11/><E93/><V58/><F58/><W43/><G131/><T64/><D71/><U59/><E81/><V49/><F39/><W26/><G61/><T89/><D68/><U126/><E75/><V132/><F12/><N who="3" m="9447" /><G48/><T122/><D122/><U22/><E22/><V38/><F38/><W32/><G43/><T108/><D108/><U17/><E126/><N who="2" m="48747" /><F33/><N who="3" m="20695" /><G42/><AGARI ba="1,1" hai="29,31,42,44,49,132,134,135" m="48747,62871" machi="42" ten="40,5200,0" yaku="20,1,18,1,52,1" doraHai="92" who="2" fromWho="3" sc="28,0,325,0,433,65,204,-55" owari="28,-47.2,325,12.5,498,59.8,149,-25.1" /></mjloggm>