<mjloggm ver="2.3"><GO type="169" lobby="0"/><UN n0="%6F%6B%62%6F%6B%62" n1="%6B%61%7A%75%73%61" n2="%57%44%44%69%65" n3="%73%61%6E%67%6F%64%64%6F" dan="17,17,16,17" rate="2176.70,2136.91,2098.48,2176.73" sx="M,F,M,M"/><TAIKYOKU oya="0"/><INIT seed="0,0,0,2,1,50" ten="250,250,250,250" oya="0" hai0="99,9,133,83,128,58,81,90,120,76,94,113,100" hai1="49,85,64,30,11,20,15,108,118,41,13,7,45" hai2="5,68,54,21,104,116,43,39,77,2,112,124,52" hai3="59,69,37,107,4,14,75,48,16,10,26,130,115"/><T34/><D34/><U131/><E118/><V74/><F112/><W73/><G69/><T117/><D117/><U32/><E108/><V60/><F116/><W106/><G115/><T53/><D113/><U121/><E131/><V80/><F104/><W89/><G37/><T36/><D36/><U102/><E121/><V103/><F103/><W44/><G130/><T6/><D128/><U22/><E64/><N who="2" m="40967" /><F21/><W84/><G106/><T129/><D129/><U25/><E102/><V51/><F51/><W31/><G59/><T97/><D133/><U62/><E62/><V67/><F67/><W96/><G4/><T29/><D29/><U119/><E119/><V23/><F23/><W8/><G8/><T92/><D76/><U24/><E85/><V17/><F17/><W3/><G3/><T82/><D120/><U0/><REACH who="1" step="1"/><E32/><REACH who="1" ten="250,240,250,250" step="2"/><V134/><F134/><W35/><G96/><T132/><D132/><U123/><E123/><V61/><F61/><W71/><G107/><T78/><D78/><U33/><E33/><V111/><F111/><W79/><G79/><T95/><D100/><U125/><E125/><V110/><F110/><W72/><G71/><T122/><D122/><U38/><E38/><V109/><F109/><W1/><G75/><T70/><D70/><U88/><E88/><V86/><F86/><W63/><G63/><N who="0" m="36303" /><D90/><U40/><E40/><V42/><F124/><W91/><G91/><T27/><D27/><U56/><E56/><V46/><F43/><W28/><G73/><T105/><D105/><U98/><E98/><V93/><F93/><W19/><G35/><RYUUKYOKU ba="0,1" sc="250,10,240,10,250,10,250,-30" hai0="6,9,81,82,83,92,94,95,97,99" hai1="0,7,11,13,15,20,22,24,25,30,41,45,49" hai2="2,5,39,42,46,52,54,74,77,80" /><INIT seed="0,1,1,5,0,91" ten="260,250,260,220" oya="0" hai0="90,11,72,76,88,99,98,51,9,109,97,81,78" hai1="54,80,131,123,12,117,23,37,114,38,35,64,66" hai2="44,101,126,124,122,15,0,111,25,39,30,31,8" hai3="3,73,21,58,49,74,36,103,6,83,116,93,48"/><T50/><D109/><U60/><E117/><V53/><F122/><W29/><G36/><T100/><D100/><U26/><E123/><V55/><F0/><W40/><G116/><T121/><D121/><U17/><E131/><V133/><F111/><W92/><G3/><T75/><D98/><U118/><E118/><V10/><F101/><W128/><G6/><T2/><D2/><U46/><E114/><V105/><F105/><W41/><G103/><T67/><D67/><U34/><E64/><V135/><F15/><W108/><G83/><AGARI ba="1,1" hai="9,11,50,51,72,75,76,78,81,83,88,90,97,99" machi="83" ten="25,4800,0" yaku="22,2,54,1" doraHai="91" who="0" fromWho="3" sc="260,61,250,0,260,0,220,-51" /><INIT seed="0,2,0,4,1,33" ten="321,250,260,169" oya="0" hai0="116,132,124,60,103,118,94,36,134,22,122,110,2" hai1="42,71,68,37,86,78,81,56,69,135,12,30,123" hai2="109,105,112,61,104,127,17,83,10,19,72,93,96" hai3="38,120,130,24,128,98,74,43,8,45,79,101,49"/><T102/><D36/><U99/><E123/><V106/><F112/><W88/><G120/><T114/><D122/><U25/><E135/><N who="0" m="51753" /><D114/><U44/><E44/><V1/><BYE who="1" /><F61/><UN n1="%6B%61%7A%75%73%61" /><W34/><G38/><T57/><D124/><U51/><E37/><V48/><F48/><W5/><G74/><T119/><D110/><U26/><E42/><V91/><F109/><W65/><G79/><T52/><D2/><U90/><E12/><V40/><F40/><W67/><G24/><T97/><D22/><U20/><E25/><V129/><F129/><N who="3" m="49771" /><G34/><T46/><D46/><U125/><E125/><V87/><F72/><W14/><G88/><AGARI ba="2,0" hai="52,57,60,88,94,97,102,103,116,118,119" m="51753" machi="88" ten="40,7700,0" yaku="20,1,54,2" doraHai="33" who="0" fromWho="3" sc="321,83,250,0,260,0,169,-83" /><INIT seed="0,3,0,1,1,25" ten="404,250,260,86" oya="0" hai0="73,80,114,57,95,16,122,107,92,128,68,105,116" hai1="77,76,54,0,45,13,103,91,27,59,55,71,108" hai2="18,33,38,63,104,99,32,47,123,64,78,90,85" hai3="111,49,53,98,29,17,83,20,124,37,88,89,101"/><T11/><D68/><U79/><E71/><V118/><F123/><W4/><G37/><T120/><D116/><U135/><E0/><V24/><F78/><W133/><G111/><T7/><D114/><U102/><E135/><V3/><F3/><W42/><G133/><T110/><D105/><U82/><E108/><V117/><F18/><W2/><G42/><T36/><D36/><U40/><E13/><V97/><F33/><W62/><G62/><T30/><D107/><U72/><E72/><V60/><F60/><W132/><G124/><T6/><D110/><U69/><E69/><N who="2" m="42143" /><F47/><W96/><G4/><N who="0" m="1579" /><D73/><U31/><E91/><V127/><F38/><W35/><G2/><T126/><D80/><U9/><E82/><V109/><F109/><W75/><G132/><T129/><D57/><U131/><E9/><V100/><F99/><W119/><G119/><T34/><D92/><U22/><E131/><N who="0" m="50249" /><D95/><U26/><E26/><V39/><F39/><W41/><G75/><T58/><D58/><U15/><E15/><V44/><F44/><W113/><G96/><T93/><D93/><U106/><E106/><V121/><F121/><N who="0" m="46698" /><D126/><U46/><E40/><V67/><F127/><W1/><G98/><T94/><D94/><U8/><E59/><V19/><F118/><W84/><G83/><T86/><D86/><U50/><E45/><V66/><F117/><W51/><G84/><T12/><D34/><U5/><E54/><V134/><F32/><W28/><G35/><T52/><D52/><U87/><E87/><V74/><F74/><W125/><G125/><T61/><D61/><RYUUKYOKU ba="3,0" sc="404,15,250,15,260,-15,86,-15" hai0="11,12,16,30" hai1="5,8,22,27,31,46,50,55,76,77,79,102,103" /><INIT seed="0,4,0,4,3,12" ten="419,265,245,71" oya="0" hai0="35,130,116,11,95,61,92,122,30,71,135,17,47" hai1="132,106,67,112,115,3,28,84,50,75,125,64,128" hai2="55,63,56,110,51,82,53,34,18,77,42,131,124" hai3="46,90,33,23,97,73,123,113,20,48,4,41,25"/><T94/><D122/><U43/><E3/><V36/><F34/><W66/><G113/><N who="1" m="43594" /><E75/><V83/><F110/><W91/><G123/><T126/><D116/><U69/><E106/><V74/><F131/><W98/><G73/><T0/><D130/><U58/><E128/><V26/><F124/><W78/><G78/><T93/><D126/><U79/><E125/><V16/><F26/><W54/><G66/><T19/><D135/><U57/><E28/><V114/><F114/><W127/><G33/><T86/><D47/><N who="1" m="25983" /><E132/><V134/><F134/><W27/><G4/><T117/><D117/><U87/><E69/><V60/><F36/><W37/><G127/><T102/><D71/><U120/><E120/><V81/><F42/><W72/><G72/><T65/><D30/><U8/><E8/><V129/><F129/><W105/><G41/><T10/><D35/><U39/><E39/><V31/><F31/><W6/><G6/><T59/><D0/><U108/><E108/><V133/><F133/><W44/><G44/><T100/><D100/><U121/><E121/><V107/><F107/><W13/><G37/><T104/><D104/><U52/><E79/><V111/><F111/><W40/><G40/><T29/><D29/><U119/><E119/><V68/><F68/><W99/><G105/><T89/><D102/><U24/><E24/><N who="3" m="9290" /><G20/><T32/><D32/><U2/><E2/><V118/><F118/><W1/><G1/><T103/><D103/><U9/><E9/><AGARI ba="4,0" hai="9,10,11,17,19,59,61,65,86,89,92,93,94,95" machi="9" ten="40,7700,0" yaku="8,1,52,2" doraHai="12" who="0" fromWho="1" sc="419,89,265,-89,245,0,71,0" /><INIT seed="0,5,0,4,5,45" ten="508,176,245,71" oya="0" hai0="90,29,80,107,110,22,63,36,47,37,43,34,6" hai1="118,16,112,21,135,131,81,60,84,83,71,76,56" hai2="93,122,33,96,104,89,12,100,101,133,120,41,94" hai3="116,26,121,61,1,129,17,15,44,124,69,4,66"/><T32/><D107/><U18/><E118/><V99/><F33/><W79/><G116/><T30/><D36/><U11/><E131/><V24/><F24/><W68/><G124/><T8/><D110/><U55/><E135/><V35/><F35/><W67/><G129/><T58/><D32/><U126/><E126/><V109/><F133/><W42/><G121/><T88/><D34/><U28/><E112/><V20/><F41/><W73/><G26/><T46/><D46/><U92/><E71/><V72/><F109/><W57/><G67/><T27/><D29/><U77/><E92/><V117/><F117/><W75/><G4/><T108/><D80/><U53/><E53/><V111/><F111/><W39/><G1/><T123/><D123/><U14/><E28/><V49/><F72/><W119/><G119/><T0/><REACH who="0" step="1"/><D108/><REACH who="0" ten="498,176,245,71" step="2"/><U106/><E106/><V128/><F122/><W74/><REACH who="3" step="1"/><G79/><REACH who="3" ten="498,176,245,61" step="2"/><T125/><D125/><U130/><E130/><V52/><F128/><W87/><G87/><T85/><D85/><U102/><E84/><V9/><F120/><W7/><G7/><T2/><D2/><U115/><E76/><V82/><F99/><W113/><G113/><T114/><D114/><U51/><E77/><V132/><F96/><W78/><G78/><T50/><D50/><U54/><E115/><V31/><F49/><W70/><G70/><T103/><D103/><U95/><E102/><V13/><F101/><W105/><G105/><T65/><AGARI ba="5,2" hai="0,6,8,22,27,30,37,43,47,58,63,65,88,90" machi="65" ten="20,18000,2" yaku="1,1,0,1,7,1,54,1,53,2" doraHai="45" doraHaiUra="86" who="0" fromWho="0" sc="498,215,176,-65,245,-65,61,-65" owari="713,81.3,111,-28.9,180,-2.0,-4,-50.4" /></mjloggm>