<mjloggm ver="2.3"><GO type="169" lobby="0"/><UN n0="%E5%A4%8F%E3%81%AA%E3%81%AE%E3%81%AB" n1="%E8%88%B9%E8%B6%8A%E8%8B%B1%E4%B8%80%E9%83%8E" n2="%E3%83%AA%E3%83%AA%E3%83%BC%E3%83%96%E3%83%A9%E3%83%83%E3%82%AF" n3="%E3%83%9B%E3%83%B3%E3%82%A4%E3%83%84%E8%B5%A4%EF%BC%93" dan="16,17,16,16" rate="2100.01,2120.29,2027.66,2121.38" sx="M,M,F,M"/><TAIKYOKU oya="0"/><INIT seed="0,0,0,4,1,111" ten="250,250,250,250" oya="0" hai0="87,37,60,76,15,68,97,13,2,125,33,96,6" hai1="121,56,31,25,83,57,78,105,35,118,91,75,51" hai2="65,52,66,20,64,86,130,73,17,101,69,128,116" hai3="114,40,48,126,32,70,8,18,3,5,47,4,113"/><T36/><D33/><U23/><E118/><V34/><F73/><W45/><G70/><T120/><D120/><U58/><E121/><V90/><F34/><W53/><G32/><T95/><D2/><U134/><E134/><V99/><F116/><W50/><G126/><T77/><D125/><U30/><E105/><V81/><F69/><W19/><REACH who="3" step="1"/><G5/><REACH who="3" ten="250,250,250,240" step="2"/><T42/><D68/><U54/><E35/><V63/><F128/><W106/><G106/><T28/><D6/><U11/><E31/><V24/><F130/><W109/><G109/><T71/><D71/><U7/><REACH who="1" step="1"/><E91/><REACH who="1" ten="250,240,250,240" step="2"/><V10/><F101/><W93/><G93/><T55/><D28/><U22/><E22/><V94/><F10/><W131/><G131/><T98/><D95/><U82/><E82/><V79/><F65/><W108/><G108/><T46/><D77/><U102/><E102/><V26/><F26/><W62/><G62/><T43/><D60/><U80/><E80/><V122/><F122/><W92/><G92/><T112/><D76/><U107/><E107/><V117/><F117/><W49/><G49/><T84/><D37/><U129/><E129/><V110/><F110/><W41/><G41/><T135/><D43/><U103/><E103/><V21/><F21/><W9/><G9/><T115/><D135/><U0/><AGARI ba="0,2" hai="0,7,11,23,25,30,51,54,56,57,58,75,78,83" machi="0" ten="20,2700,0" yaku="1,1,0,1,7,1,53,0" doraHai="111" doraHaiUra="100" who="1" fromWho="1" sc="250,-13,240,47,250,-7,240,-7" /><INIT seed="1,0,0,1,0,121" ten="237,287,243,233" oya="1" hai0="73,16,119,13,89,107,99,60,56,1,41,11,110" hai1="96,72,78,95,111,125,64,61,57,134,126,14,58" hai2="66,133,102,128,15,132,118,47,23,0,25,103,81" hai3="24,32,28,30,63,79,4,36,92,108,27,71,131"/><U6/><E134/><N who="2" m="51819" /><F0/><W91/><G36/><T82/><D119/><U85/><E72/><V65/><F118/><W93/><G131/><T75/><D41/><U94/><E6/><V12/><F128/><W53/><G4/><T68/><D68/><U98/><E14/><N who="2" m="5163" /><F47/><W90/><G79/><T97/><D1/><U115/><E115/><V31/><F81/><W35/><G71/><T67/><D75/><U59/><E78/><V100/><AGARI ba="0,0" hai="23,25,31,65,66,100,102,103" m="5163,51819" machi="100" ten="40,1500,0" yaku="20,1" doraHai="121" who="2" fromWho="2" sc="237,-4,287,-7,243,15,233,-4" /><INIT seed="2,0,0,3,5,133" ten="233,280,258,229" oya="2" hai0="73,98,12,99,45,66,91,105,69,109,52,43,71" hai1="81,50,130,21,49,0,131,87,41,22,33,83,135" hai2="132,93,67,110,115,102,62,68,60,8,118,108,35" hai3="76,18,119,127,75,54,30,77,16,51,53,46,5"/><V70/><F35/><W55/><G119/><T104/><D73/><U23/><E33/><V111/><F118/><W128/><G128/><N who="1" m="49194" /><E0/><V58/><F132/><W7/><G75/><T48/><D109/><U24/><E135/><V25/><F115/><W96/><G30/><T37/><D71/><U20/><E41/><V89/><F102/><W116/><G116/><T122/><D122/><U113/><E113/><V19/><F62/><W65/><G65/><T80/><D12/><U117/><E117/><V28/><F28/><W79/><G96/><T10/><D10/><U114/><E114/><V1/><F25/><W112/><G112/><T17/><D17/><N who="3" m="6761" /><G127/><T6/><D6/><AGARI ba="0,0" hai="5,6,7,46,51,53,54,55,76,77,79" m="6761" machi="6" ten="30,2000,0" yaku="8,1,54,1" doraHai="133" who="3" fromWho="0" sc="233,-20,280,0,258,0,229,20" /><INIT seed="3,0,0,2,5,55" ten="213,280,258,249" oya="3" hai0="118,37,32,132,122,66,119,44,34,38,17,128,76" hai1="19,30,61,0,15,53,64,84,109,67,97,63,26" hai2="11,47,105,81,7,125,49,102,103,91,121,80,51" hai3="106,56,78,108,100,42,1,8,94,36,126,135,71"/><W104/><G71/><T87/><D122/><U60/><E109/><V48/><F121/><W101/><G108/><T95/><D128/><U13/><E0/><V54/><F125/><W70/><G70/><T93/><D132/><U90/><E97/><V28/><F28/><W23/><G135/><T83/><D66/><U57/><E64/><V117/><F117/><W5/><G126/><T74/><D17/><U33/><E67/><V88/><F49/><W4/><G4/><T77/><D44/><U52/><E53/><N who="2" m="29855" /><F81/><W6/><G6/><T50/><D50/><U116/><E15/><N who="2" m="5631" /><F105/><W21/><G106/><T58/><D58/><U29/><E29/><V31/><F31/><W89/><G104/><T124/><D124/><U112/><E112/><V9/><F9/><W123/><G123/><T24/><D83/><U114/><E114/><V96/><F96/><W82/><G42/><T133/><D133/><U41/><E41/><V12/><F12/><W72/><G36/><T69/><D69/><U27/><E27/><V115/><F80/><W35/><G35/><T129/><D24/><U127/><E116/><V134/><F134/><W18/><G21/><T45/><D45/><U73/><E73/><V107/><F107/><W10/><G10/><T43/><D43/><U98/><E98/><V20/><F20/><W59/><G101/><N who="2" m="38409" /><F115/><W40/><G100/><T113/><D113/><U130/><E127/><V79/><F79/><W65/><G40/><T2/><D74/><U16/><E19/><V85/><F85/><N who="3" m="52527" /><G65/><T99/><D2/><U75/><E75/><V22/><F22/><RYUUKYOKU ba="0,0" sc="213,-15,280,-15,258,15,249,15" hai2="51,54,88,91" hai3="1,5,8,18,23,56,59,72,78,82" /><INIT seed="3,1,0,1,2,94" ten="198,265,273,264" oya="3" hai0="23,42,79,13,82,90,44,1,115,113,50,77,46" hai1="102,123,132,87,10,125,35,104,55,37,85,53,91" hai2="105,61,38,0,40,31,114,70,19,15,121,62,97" hai3="14,34,106,134,57,96,111,18,127,83,72,17,30"/><W51/><G134/><T60/><D1/><U124/><E123/><V78/><F114/><W49/><G127/><N who="1" m="48714" /><E132/><V64/><F0/><W39/><G39/><T89/><D60/><U16/><E35/><V99/><F105/><W63/><G34/><T108/><D108/><U28/><E28/><V29/><F78/><W26/><G26/><T81/><D23/><U11/><E37/><V126/><F126/><W41/><G30/><T65/><D65/><U36/><E36/><V122/><F38/><W71/><G71/><T110/><D110/><U7/><E7/><V112/><F40/><W8/><G41/><T47/><D42/><U67/><E67/><N who="2" m="41327" /><F29/><W22/><G72/><T27/><D27/><U84/><E91/><N who="0" m="34825" /><D13/><N who="1" m="7223" /><E11/><N who="2" m="6655" /><F112/><N who="0" m="43082" /><D50/><U131/><E131/><V100/><F31/><W101/><G111/><T9/><D9/><U12/><E12/><V109/><F109/><W33/><G33/><T45/><N who="0" m="11264" /><DORA hai="95" /><T119/><D119/><U58/><E58/><N who="2" m="36951" /><F100/><W129/><G101/><T133/><D133/><U98/><AGARI ba="1,0" hai="53,55,84,85,87,98,102,104" m="7223,48714" machi="98" ten="40,8000,1" yaku="18,1,52,2,54,1" doraHai="94,95" who="1" fromWho="1" sc="198,-21,265,83,273,-21,264,-41" /><INIT seed="4,0,0,1,4,87" ten="177,348,252,223" oya="0" hai0="37,82,57,86,59,109,48,74,123,72,53,134,69" hai1="99,1,9,110,19,68,111,129,133,33,105,108,40" hai2="102,10,64,16,83,79,21,70,51,88,112,39,97" hai3="20,5,124,12,76,44,125,52,36,34,93,116,71"/><T60/><D123/><U31/><E40/><V84/><F39/><W127/><G34/><T91/><D69/><U117/><E68/><V61/><F112/><W121/><G71/><T75/><D37/><U135/><E99/><V54/><F10/><N who="3" m="4175" /><G121/><T62/><D134/><N who="1" m="51211" /><E105/><V8/><F8/><W11/><G116/><T50/><REACH who="0" step="1"/><D109/><REACH who="0" ten="167,348,252,223" step="2"/><U3/><E117/><V13/><F79/><W46/><G36/><T80/><D80/><U81/><E81/><V32/><F32/><W95/><G127/><T66/><AGARI ba="0,1" hai="48,50,53,57,59,60,62,66,72,74,75,82,86,91" machi="66" ten="30,6000,0" yaku="1,1,0,1,52,1,53,0" doraHai="87" doraHaiUra="42" who="0" fromWho="0" sc="167,70,348,-20,252,-20,223,-20" /><INIT seed="4,1,0,2,1,135" ten="237,328,232,203" oya="0" hai0="97,47,5,55,0,86,37,84,67,16,44,89,83" hai1="80,32,60,116,96,51,127,122,42,4,75,134,41" hai2="93,118,22,103,114,46,11,30,73,65,109,8,61" hai3="110,107,69,85,123,95,12,39,49,81,68,43,3"/><T38/><D67/><U76/><E32/><V36/><F109/><W77/><G3/><T115/><D115/><U101/><E116/><V79/><F73/><W50/><G107/><T17/><D97/><U13/><E122/><V26/><F79/><W9/><G123/><T71/><D71/><U1/><E1/><V62/><F114/><W125/><G110/><T33/><D33/><U104/><E134/><V31/><F118/><W74/><G50/><T25/><D5/><U58/><E51/><V108/><F108/><W87/><G39/><T64/><D64/><U7/><E127/><V63/><F31/><W119/><G119/><T52/><D0/><U106/><E106/><V111/><F111/><W105/><G105/><T6/><D6/><U14/><E7/><V21/><F21/><W120/><G120/><T53/><D86/><U27/><E27/><V128/><F128/><W48/><G48/><T20/><REACH who="0" step="1"/><D17/><REACH who="0" ten="227,328,232,203" step="2"/><U132/><E4/><V98/><F65/><W126/><G69/><T82/><D82/><U121/><E121/><V88/><REACH who="2" step="1"/><F103/><REACH who="2" ten="227,328,222,203" step="2"/><W130/><G74/><T133/><D133/><U117/><E132/><V54/><F54/><W40/><G126/><T45/><AGARI ba="1,2" hai="16,20,25,37,38,44,45,47,52,53,55,83,84,89" machi="45" ten="30,11700,0" yaku="1,1,0,1,54,2,53,0" doraHai="135" doraHaiUra="2" who="0" fromWho="0" sc="227,140,328,-40,222,-40,203,-40" /><INIT seed="4,2,0,4,2,59" ten="367,288,182,163" oya="0" hai0="7,57,135,35,96,81,119,56,24,111,94,16,114" hai1="5,55,22,117,71,34,116,29,79,113,124,50,112" hai2="28,82,95,127,90,27,105,46,39,47,72,67,19" hai3="74,41,108,73,129,102,118,44,36,92,86,107,0"/><T122/><D119/><U65/><E79/><V14/><F105/><W20/><G108/><T123/><D114/><N who="1" m="44139" /><E34/><V30/><F39/><W13/><G118/><T66/><D135/><U80/><E5/><V45/><F127/><W9/><G129/><T49/><D111/><U98/><E80/><V60/><F27/><W131/><G131/><T38/><D38/><U93/><E29/><V78/><F90/><W85/><G0/><T31/><D7/><U51/><E22/><V77/><F95/><W104/><G104/><T53/><D81/><U126/><E51/><V70/><REACH who="2" step="1"/><F77/><REACH who="2" ten="367,288,172,163" step="2"/><W130/><G107/><T8/><D122/><U42/><E117/><V18/><F18/><W61/><G130/><T25/><D123/><U103/><E116/><V64/><F64/><W63/><G92/><T10/><D25/><U21/><E126/><V89/><F89/><W62/><G102/><T110/><D110/><U83/><E124/><V37/><F37/><W12/><G20/><AGARI ba="2,1" hai="14,19,20,28,30,45,46,47,60,67,70,72,78,82" machi="20" ten="40,8000,1" yaku="1,1,52,1,53,2" doraHai="59" doraHaiUra="26" who="2" fromWho="3" sc="367,0,288,0,172,96,163,-86" /><INIT seed="5,0,0,2,2,106" ten="367,288,268,77" oya="1" hai0="40,121,17,56,72,130,52,88,0,126,46,68,3" hai1="39,10,93,74,42,64,111,59,81,115,103,15,22" hai2="71,120,21,107,118,11,124,18,12,58,4,108,55" hai3="83,117,84,28,9,100,99,119,127,67,125,70,33"/><U113/><E111/><V37/><F108/><W26/><G9/><T69/><D72/><U95/><E22/><V45/><F107/><W51/><G51/><T35/><D35/><U80/><E80/><V104/><F104/><N who="3" m="63519" /><G84/><T38/><D126/><N who="3" m="48137" /><G83/><T29/><D29/><U24/><E10/><V16/><F124/><W86/><G86/><T36/><D36/><U73/><E39/><V65/><F71/><W76/><G76/><T78/><D78/><U75/><E81/><V57/><F65/><W128/><G128/><T5/><D130/><U32/><E64/><V61/><F57/><W1/><G1/><T77/><D77/><U47/><E59/><V31/><F37/><W54/><G54/><T48/><D3/><U43/><E75/><V60/><F45/><W30/><G30/><T133/><D5/><U34/><E47/><V92/><F58/><W89/><G89/><T132/><D0/><U112/><E112/><V7/><F21/><W91/><G91/><T25/><D69/><U116/><E113/><V122/><F31/><W131/><G131/><T14/><D68/><U2/><E2/><V53/><F11/><W82/><G82/><T90/><D56/><U23/><E23/><V87/><F87/><W129/><G129/><T97/><D46/><U79/><E79/><V123/><F123/><W98/><G98/><T27/><D97/><U96/><E96/><V109/><F109/><W41/><G41/><T134/><D40/><U114/><E114/><V8/><F8/><W50/><G50/><T110/><D38/><U6/><E115/><V49/><F120/><RYUUKYOKU ba="0,0" sc="367,-10,288,-10,268,-10,77,30" hai3="26,28,33,67,70,117,119" /><INIT seed="6,1,0,0,3,29" ten="357,278,258,107" oya="2" hai0="86,122,99,55,30,42,72,97,0,9,91,78,65" hai1="14,80,23,108,126,2,121,124,19,5,123,21,61" hai2="24,36,85,69,50,116,49,94,120,81,13,22,127" hai3="70,128,47,64,48,134,117,68,135,58,87,56,102"/><V7/><F116/><W98/><G117/><T132/><D122/><N who="1" m="46603" /><E80/><V12/><F120/><W1/><G1/><T76/><D65/><U35/><E61/><V26/><F36/><W27/><G87/><T60/><D42/><U16/><E108/><V111/><F111/><W96/><G128/><T125/><D60/><U93/><E93/><V130/><F69/><W6/><G6/><T129/><D55/><U84/><E84/><V15/><F130/><W103/><G27/><N who="2" m="10281" /><F127/><N who="1" m="48681" /><E35/><V114/><F114/><W4/><G4/><T41/><D125/><U109/><E109/><V45/><F94/><W77/><G77/><T63/><D72/><U133/><E133/><V20/><F7/><W110/><G110/><T25/><D132/><U39/><E39/><V90/><F50/><W34/><G48/><T92/><D63/><U75/><E75/><V52/><AGARI ba="1,0" hai="12,13,15,20,22,45,49,52,81,85,90" m="10281" machi="52" ten="30,3000,0" yaku="8,1,54,1" doraHai="29" who="2" fromWho="2" sc="357,-11,278,-11,258,33,107,-11" /><INIT seed="6,2,0,2,5,48" ten="346,267,291,96" oya="2" hai0="112,56,80,119,126,113,37,59,17,85,96,5,123" hai1="15,110,81,60,124,52,67,125,12,34,57,91,131" hai2="49,135,109,0,87,104,53,127,63,36,98,29,122" hai3="111,121,79,16,6,28,9,82,95,93,2,47,19"/><V66/><F122/><W78/><G121/><T3/><D123/><U88/><E110/><V1/><F36/><W62/><G111/><T20/><D37/><U94/><E34/><V33/><F109/><W128/><G128/><T116/><D126/><N who="1" m="48747" /><E131/><V73/><F73/><W44/><G28/><T23/><D96/><N who="1" m="57415" /><E67/><V26/><F87/><AGARI ba="2,0" hai="12,15,52,57,60,81,87,91" m="57415,48747" machi="87" ten="30,7700,0" yaku="18,1,52,1,54,2" doraHai="48" who="1" fromWho="2" sc="346,0,267,83,291,-83,96,0" /><INIT seed="7,0,0,0,3,133" ten="346,350,208,96" oya="3" hai0="119,126,129,54,130,70,6,58,91,35,46,113,11" hai1="32,77,131,7,88,3,89,93,45,94,28,104,87" hai2="112,64,74,14,27,107,56,90,57,123,26,60,12" hai3="75,103,25,80,72,0,5,62,21,42,39,134,65"/><W81/><G134/><T43/><D119/><U116/><E104/><V106/><F74/><W41/><G103/><T8/><D70/><U61/><E116/><V100/><F100/><W125/><G5/><T135/><D35/><U110/><E110/><V9/><F112/><W118/><G118/><T102/><D135/><U15/><E3/><V59/><F123/><W73/><G0/><T120/><D120/><U53/><E131/><N who="0" m="50185" /><D102/><U92/><E32/><V33/><F12/><W29/><G125/><T68/><D68/><U108/><E108/><V124/><F124/><W111/><G111/><T24/><D113/><U117/><E117/><V109/><F109/><W83/><REACH who="3" step="1"/><G39/><REACH who="3" ten="346,350,208,86" step="2"/><N who="0" m="21887" /><D126/><U121/><E121/><V69/><F106/><W76/><G76/><T122/><D122/><U78/><E77/><V51/><F107/><W44/><G44/><T22/><D6/><U114/><E45/><V85/><F33/><W37/><G37/><T52/><D91/><U19/><E7/><N who="2" m="3391" /><F69/><AGARI ba="0,1" hai="21,25,29,41,42,62,65,69,72,73,75,80,81,83" machi="69" ten="50,2400,0" yaku="1,1,53,0" doraHai="133" doraHaiUra="30" who="3" fromWho="2" sc="346,0,350,0,208,-24,86,34" /><INIT seed="7,1,0,3,2,89" ten="346,350,184,120" oya="3" hai0="8,37,4,1,54,24,28,42,32,69,56,19,117" hai1="27,130,119,94,11,40,99,126,128,129,77,35,134" hai2="78,100,66,9,61,107,132,31,6,71,20,72,118" hai3="7,39,25,79,133,92,110,5,82,17,87,76,103"/><W102/><G39/><T49/><D69/><U58/><E126/><V75/><F118/><W85/><G110/><T81/><D117/><U109/><E119/><V83/><F132/><W13/><G133/><T131/><D131/><U33/><E134/><V0/><F20/><W12/><G25/><T67/><D67/><U59/><E109/><V74/><F31/><W51/><G51/><T62/><D81/><U68/><E68/><V15/><F15/><W65/><G65/><T52/><D42/><U44/><E77/><V41/><F41/><W26/><G26/><T80/><D80/><U101/><E11/><V84/><F100/><N who="3" m="38443" /><G12/><T22/><D37/><N who="1" m="21519" /><E27/><V86/><F61/><W53/><G53/><T104/><D104/><U10/><E10/><V98/><F66/><W95/><G76/><T70/><D70/><U124/><E124/><V55/><F71/><W112/><G112/><T57/><D32/><AGARI ba="1,0" hai="32,33,35,58,59,94,99,101,128,129,130" m="21519" machi="32" ten="40,2600,0" yaku="19,1,52,1" doraHai="89" who="1" fromWho="0" sc="346,-29,350,29,184,0,120,0" owari="317,11.7,379,47.9,184,-21.6,120,-38.0" /></mjloggm>