<mjloggm ver="2.3"><GO type="169" lobby="0"/><UN n0="%E3%81%9D%E3%81%86%E3%81%9F%E3%81%A3%E3%81%9F" n1="%E3%81%8D%E3%81%84%E3%81%AA" n2="%E8%B5%A4%E7%BE%8E%E6%BF%83%E3%81%BE%E3%81%90%E3%82%8D" n3="%63%61%72%6C%6F%73%6E" dan="16,17,16,17" rate="2181.73,2175.88,2150.03,2188.18" sx="M,F,M,M"/><TAIKYOKU oya="0"/><INIT seed="0,0,0,1,1,41" ten="250,250,250,250" oya="0" hai0="82,108,22,89,81,128,75,58,91,30,57,5,102" hai1="65,32,10,45,46,61,79,50,60,31,92,123,96" hai2="124,62,24,18,130,99,48,39,55,107,38,126,69" hai3="4,1,129,88,33,131,117,3,100,17,15,125,132"/><T27/><D128/><N who="3" m="49225" /><G117/><T118/><D118/><U14/><E123/><V86/><F86/><W78/><G78/><T40/><D108/><U20/><E32/><V63/><F18/><W44/><G100/><T21/><D5/><U6/><E79/><V49/><F130/><W35/><G125/><N who="2" m="48233" /><F24/><W83/><G132/><T37/><D102/><U104/><E104/><V119/><F99/><W67/><G67/><T70/><D70/><U90/><E50/><N who="2" m="19563" /><F107/><W103/><G103/><T19/><D75/><U93/><E93/><V122/><F122/><W53/><G53/><T113/><D40/><U120/><E120/><V16/><F16/><W2/><G4/><T73/><D73/><U76/><E76/><V98/><F98/><W112/><G112/><T11/><D113/><U51/><E51/><V85/><F85/><N who="3" m="50239" /><G44/><N who="1" m="17002" /><E65/><N who="2" m="41143" /><F119/><W80/><G80/><T26/><D82/><U84/><E96/><V23/><F23/><AGARI ba="0,0" hai="1,2,3,15,17,23,33,35" m="50239,49225" machi="23" ten="40,2600,0" yaku="19,1,54,1" doraHai="41" who="3" fromWho="2" sc="250,0,250,0,250,-26,250,26" /><INIT seed="1,0,0,0,0,125" ten="250,250,224,276" oya="1" hai0="120,71,30,26,118,53,129,61,131,65,54,50,119" hai1="77,36,74,48,97,57,78,86,130,72,105,47,7" hai2="8,17,133,35,41,32,122,5,23,38,55,113,93" hai3="19,102,87,28,10,16,80,124,75,64,43,66,29"/><U33/><E33/><V109/><F122/><W0/><G75/><T115/><D120/><U59/><E7/><V12/><F109/><W69/><G124/><T13/><D13/><U49/><E36/><V110/><F110/><W22/><G43/><T31/><D31/><U46/><E86/><V51/><F133/><W112/><G112/><T107/><D107/><U56/><E105/><V62/><F62/><W103/><G10/><T45/><D115/><U96/><REACH who="1" step="1"/><E56/><REACH who="1" ten="250,240,224,276" step="2"/><V70/><F35/><W44/><G87/><T1/><D1/><U94/><E94/><V92/><F32/><W81/><G0/><T21/><REACH who="0" step="1"/><D54/><REACH who="0" ten="240,240,224,276" step="2"/><U4/><E4/><V123/><F113/><W24/><G66/><T104/><D104/><U88/><E88/><V68/><F123/><W14/><G64/><T114/><D114/><U111/><E111/><V40/><F5/><W85/><G103/><T11/><D11/><U89/><E89/><V79/><F8/><W20/><G102/><T67/><D67/><U100/><E100/><V82/><F70/><W2/><G69/><T101/><D101/><U63/><E63/><V84/><F68/><W132/><G2/><T121/><D121/><U52/><E52/><V60/><F60/><W106/><G106/><T27/><D27/><U25/><E25/><V98/><F55/><W18/><G24/><T34/><D34/><U127/><E127/><V135/><F41/><W76/><G14/><T116/><AGARI ba="0,2" hai="21,26,30,45,50,53,61,65,71,116,118,119,129,131" machi="116" ten="40,8000,1" yaku="1,1,0,1,52,2,53,0" doraHai="125" doraHaiUra="39" who="0" fromWho="0" sc="240,100,240,-40,224,-20,276,-20" /><INIT seed="2,0,0,1,2,88" ten="340,200,204,256" oya="2" hai0="100,15,101,76,129,41,58,24,63,52,135,104,96" hai1="69,1,77,111,67,134,6,8,102,93,79,87,28" hai2="44,33,126,132,133,109,46,105,37,82,103,56,125" hai3="65,86,59,124,22,120,54,11,30,43,68,31,118"/><V78/><F33/><W40/><G118/><T9/><D135/><N who="2" m="51786" /><F56/><W0/><G120/><T71/><D129/><U47/><E134/><V81/><F46/><W115/><G124/><N who="2" m="47721" /><F44/><W123/><G123/><T13/><D41/><U89/><E111/><V98/><F37/><W83/><G115/><T110/><D110/><U19/><E28/><V75/><F82/><W51/><G65/><T25/><D58/><U53/><E67/><V119/><F109/><W27/><G68/><T97/><D71/><U73/><E69/><V117/><AGARI ba="0,0" hai="75,78,81,98,103,105,117,119" m="47721,51786" machi="117" ten="40,12000,1" yaku="20,1,18,1,23,1,34,2" doraHai="88" who="2" fromWho="2" sc="340,-40,200,-40,204,120,256,-40" /><INIT seed="2,1,0,0,1,40" ten="300,160,324,216" oya="2" hai0="25,43,18,118,124,113,56,55,72,9,39,120,19" hai1="17,116,66,3,1,130,33,0,13,60,67,79,90" hai2="97,53,105,7,64,131,45,102,69,129,94,41,10" hai3="80,87,121,107,103,16,61,92,35,111,52,21,68"/><V76/><F53/><W34/><G121/><T12/><D113/><U51/><E116/><V37/><F94/><W109/><G107/><T49/><D72/><U23/><E130/><V108/><F76/><W119/><G119/><T47/><D118/><U122/><E122/><V83/><F83/><W82/><G82/><T96/><D124/><U54/><E33/><V99/><F99/><W84/><G68/><T8/><D120/><U22/><E79/><V48/><F48/><W88/><G103/><T74/><D74/><U42/><E42/><V125/><F125/><W24/><G35/><T31/><D96/><U14/><E90/><V6/><F6/><W101/><G34/><T2/><D2/><U106/><E106/><V85/><F85/><W115/><G115/><T75/><D75/><U27/><E60/><N who="2" m="40071" /><F108/><N who="3" m="41547" /><G101/><T81/><D81/><U95/><E95/><V126/><F126/><W100/><G100/><T112/><D112/><U62/><E62/><V133/><F133/><W11/><G11/><T46/><D8/><U50/><E50/><V134/><F134/><W38/><G38/><T29/><D56/><U5/><E5/><V104/><F104/><W91/><G61/><T123/><D123/><U78/><E78/><V70/><F70/><W73/><G73/><T28/><REACH who="0" step="1"/><D18/><REACH who="0" ten="290,160,324,216" step="2"/><U117/><E117/><V110/><F110/><W26/><G16/><T59/><D59/><U98/><E98/><V86/><F86/><W135/><G84/><T132/><D132/><U57/><REACH who="1" step="1"/><E22/><AGARI ba="1,1" hai="9,12,19,22,25,28,29,31,39,43,46,47,49,55" machi="22" ten="30,7700,0" yaku="1,1,7,1,52,2,53,0" doraHai="40" doraHaiUra="93" who="0" fromWho="1" sc="290,90,160,-80,324,0,216,0" /><INIT seed="3,0,0,0,0,26" ten="380,80,324,216" oya="3" hai0="105,54,64,10,128,131,37,57,120,28,117,135,6" hai1="14,118,62,78,74,103,19,24,53,35,90,23,70" hai2="113,71,69,33,93,76,89,49,47,116,40,2,4" hai3="99,81,27,108,84,60,45,97,56,48,13,16,126"/><W17/><G126/><T104/><D120/><U9/><E118/><V91/><F113/><W22/><G108/><T101/><D37/><U115/><E115/><V32/><F116/><W63/><G48/><T107/><D64/><U112/><E112/><V42/><F76/><W44/><G44/><T55/><D135/><U31/><E103/><V86/><F42/><W1/><G45/><T119/><D54/><U41/><E41/><V50/><F50/><W15/><G1/><N who="0" m="335" /><D28/><U73/><E78/><V43/><F43/><W8/><G15/><T92/><D92/><U129/><E129/><N who="0" m="49737" /><D101/><U25/><E90/><V67/><F67/><W106/><G106/><T88/><D88/><U66/><REACH who="1" step="1"/><E53/><REACH who="1" ten="380,70,324,216" step="2"/><V5/><F91/><N who="3" m="51599" /><G60/><AGARI ba="0,1" hai="55,57,60,104,105,107,117,119" m="49737,335" machi="60" ten="40,1300,0" yaku="19,1" doraHai="26" who="0" fromWho="3" sc="380,23,70,0,324,0,216,-13" /><INIT seed="4,0,0,4,1,116" ten="403,70,324,203" oya="0" hai0="89,16,124,36,117,39,61,69,22,11,130,92,3" hai1="33,78,99,121,56,21,90,85,88,75,55,6,107" hai2="114,93,118,97,10,47,71,49,60,134,34,44,0" hai3="42,123,18,94,66,133,23,81,19,26,91,79,73"/><T95/><D117/><U106/><E33/><V120/><F118/><W128/><G128/><T87/><D124/><U109/><E6/><V119/><F119/><W72/><G72/><T28/><D28/><U9/><E9/><V129/><F129/><W51/><G133/><T98/><D130/><U46/><E109/><V59/><F71/><W70/><G19/><T83/><D95/><U14/><E46/><V77/><F77/><W76/><G76/><T35/><D35/><U15/><E75/><V125/><F125/><W57/><G70/><T132/><D132/><U111/><E78/><V96/><F34/><W4/><G4/><T41/><D41/><U53/><E111/><V5/><F114/><W67/><G123/><T45/><D45/><U101/><E107/><V126/><F126/><W25/><G25/><T86/><D86/><U50/><E90/><V54/><F134/><W2/><G2/><T37/><D11/><U17/><E55/><V80/><F80/><W113/><G113/><T84/><D83/><U103/><E103/><V65/><F97/><W13/><G26/><T29/><D29/><U1/><E1/><V48/><F93/><W43/><G43/><T12/><REACH who="0" step="1"/><D3/><REACH who="0" ten="393,70,324,203" step="2"/><U38/><E38/><V131/><F131/><W8/><G8/><T82/><D82/><U64/><E85/><V24/><F96/><W27/><G42/><T31/><D31/><U63/><E99/><V58/><F47/><W32/><G32/><T40/><D40/><U127/><E127/><V122/><F44/><W115/><G81/><T108/><D108/><U68/><E106/><RYUUKYOKU ba="0,1" sc="393,30,70,-10,324,-10,203,-10" hai0="12,16,22,36,37,39,61,69,84,87,89,92,98" /><INIT seed="4,1,1,5,2,52" ten="423,60,314,193" oya="0" hai0="126,20,130,124,100,112,91,71,74,69,129,33,62" hai1="37,11,43,94,119,31,46,4,105,92,93,47,98" hai2="134,38,107,60,132,78,84,15,40,63,83,25,118" hai3="77,23,68,58,2,13,131,125,1,87,35,79,82"/><T115/><D33/><U85/><E119/><V90/><F107/><W12/><G68/><N who="0" m="26187" /><D100/><U44/><E31/><V64/><F118/><W42/><G35/><T61/><D91/><U17/><E17/><V54/><F15/><W108/><G108/><T102/><D20/><U76/><E105/><V32/><F54/><W22/><G131/><N who="0" m="50187" /><D102/><U27/><E27/><V14/><F14/><W6/><G125/><N who="0" m="48235" /><D74/><U67/><E98/><V55/><F55/><W18/><G79/><T30/><D30/><U96/><E67/><V0/><F0/><W97/><G97/><T7/><D7/><U29/><E29/><V117/><F117/><W72/><G72/><T56/><D56/><U81/><REACH who="1" step="1"/><E96/><REACH who="1" ten="423,50,314,193" step="2"/><V24/><F24/><W103/><G18/><T41/><D41/><U50/><E50/><V9/><F25/><W19/><G42/><T45/><D61/><U88/><E88/><V106/><F63/><W86/><G19/><T70/><D45/><U39/><E39/><V133/><F106/><W113/><G103/><T99/><D99/><U8/><E8/><V122/><F9/><W110/><G77/><T89/><D89/><U120/><E120/><V49/><F122/><W135/><G22/><T36/><D36/><U3/><AGARI ba="1,2" hai="3,4,11,37,43,44,46,47,76,81,85,92,93,94" machi="3" ten="30,2000,0" yaku="1,1,0,1,53,0" doraHai="52" doraHaiUra="111" who="1" fromWho="1" sc="423,-11,50,43,314,-6,193,-6" /><INIT seed="5,0,0,0,1,62" ten="412,93,308,187" oya="1" hai0="3,80,89,123,133,58,126,73,5,23,129,32,105" hai1="113,76,71,103,86,30,116,43,87,85,14,44,130" hai2="47,106,84,66,97,15,68,104,69,124,98,51,111" hai3="9,94,49,92,18,119,1,55,2,42,19,72,107"/><U125/><E116/><V33/><F111/><W121/><G121/><T114/><RYUUKYOKU type="yao9" ba="0,0" sc="412,0,93,0,308,0,187,0" hai0="3,5,23,32,58,73,80,89,105,114,123,126,129,133" /><INIT seed="5,1,0,2,1,75" ten="412,93,308,187" oya="1" hai0="29,133,42,45,20,135,84,65,69,111,128,43,31" hai1="32,66,58,3,122,130,72,46,10,17,55,19,54" hai2="9,38,78,49,97,104,105,94,13,126,77,44,0" hai3="1,92,33,15,18,63,125,83,82,100,71,53,35"/><U5/><E122/><V2/><F38/><W7/><G7/><T50/><D111/><U11/><E130/><V6/><F126/><W8/><G1/><T102/><D102/><U96/><E32/><V113/><F0/><W81/><G125/><T89/><D43/><U114/><E114/><V16/><F113/><W47/><G47/><T41/><D41/><U22/><E72/><V91/><F104/><W48/><G48/><T21/><D65/><U30/><E11/><V134/><F105/><W70/><G70/><T107/><D69/><U121/><E121/><V90/><F90/><W37/><G37/><T131/><D20/><U120/><E120/><V40/><F134/><N who="0" m="51210" /><D21/><AGARI ba="1,0" hai="2,6,9,13,16,21,40,44,49,77,78,91,94,97" machi="21" ten="30,7700,0" yaku="7,1,52,2,54,1" doraHai="75" who="2" fromWho="0" sc="412,-80,93,0,308,80,187,0" /><INIT seed="6,0,0,1,2,66" ten="332,93,388,187" oya="2" hai0="89,73,36,106,105,113,122,13,67,94,5,87,96" hai1="39,63,42,69,18,65,57,84,50,54,26,32,116" hai2="49,118,43,95,78,64,97,44,72,40,37,52,76" hai3="10,102,130,28,29,1,17,19,108,68,7,131,124"/><V128/><F118/><W60/><G102/><T24/><D36/><U114/><E116/><V23/><F128/><N who="3" m="49195" /><G108/><T16/><D73/><U11/><E114/><V104/><F104/><W90/><G90/><T4/><D122/><U112/><E112/><V0/><F0/><W34/><G124/><T81/><D113/><U27/><E32/><V109/><F109/><W21/><G34/><T117/><D67/><U6/><E84/><V20/><F64/><N who="3" m="40967" /><G19/><T91/><D117/><U8/><E18/><V99/><F72/><W30/><G30/><T45/><D45/><U14/><REACH who="1" step="1"/><E11/><REACH who="1" ten="332,83,388,187" step="2"/><V121/><F23/><W92/><G92/><T111/><D111/><U83/><E83/><V41/><F20/><W80/><G80/><T79/><D106/><U35/><E35/><V132/><F95/><W38/><G38/><T55/><D105/><U25/><E25/><AGARI ba="0,1" hai="1,7,10,17,21,25,28,29" m="40967,49195" machi="25" ten="30,2000,0" yaku="19,1,52,1" doraHai="66" who="3" fromWho="1" sc="332,0,83,-20,388,0,187,30" /><INIT seed="7,0,0,1,1,98" ten="332,63,388,217" oya="3" hai0="103,129,28,123,63,49,132,113,58,56,100,24,39" hai1="18,110,7,14,72,43,111,13,119,62,130,57,26" hai2="8,53,59,76,15,88,37,108,99,114,23,35,4" hai3="40,81,55,54,79,64,112,104,83,86,127,109,46"/><W68/><G104/><T94/><D123/><U124/><E72/><V115/><F35/><W92/><G112/><N who="2" m="43049" /><F108/><W65/><G109/><T33/><D39/><U38/><E38/><V17/><F37/><W10/><G127/><T96/><D113/><U25/><E43/><V128/><F76/><W19/><G83/><T133/><D129/><U126/><E57/><V20/><F128/><W67/><G68/><T120/><D120/><U78/><E62/><N who="2" m="36207" /><F4/><W101/><G19/><T91/><D49/><U131/><E78/><V32/><F32/><W73/><G10/><T93/><D56/><U87/><E87/><V118/><F118/><W44/><G44/><T50/><D50/><U1/><E18/><V11/><F11/><W135/><G135/><N who="0" m="51787" /><D94/><AGARI ba="0,0" hai="8,15,17,20,23,88,94,99" m="36207,43049" machi="94" ten="30,2000,0" yaku="15,1,54,1" doraHai="98" who="2" fromWho="0" sc="332,-20,63,0,388,20,217,0" owari="312,11.2,63,-43.7,408,50.8,217,-18.3" /></mjloggm>