<mjloggm ver="2.3"><GO type="169" lobby="0"/><UN n0="%4D%41%43%4F%54%4F" n1="%31%74%61" n2="%E9%BA%BB%E9%9B%80%49%51%31%32%30" n3="%E3%81%BE%E3%82%86%E3%81%92" dan="16,17,16,16" rate="2072.10,2209.71,2090.65,2120.48" sx="F,M,M,M"/><TAIKYOKU oya="0"/><INIT seed="0,0,0,0,5,108" ten="250,250,250,250" oya="0" hai0="114,127,112,3,55,56,64,25,84,72,102,60,117" hai1="57,44,67,126,1,86,33,66,38,113,98,124,61" hai2="35,50,15,2,36,90,11,93,107,48,92,116,135" hai3="111,46,62,70,58,53,13,37,76,6,87,115,131"/><T82/><D117/><U47/><E1/><V74/><F107/><W12/><G111/><T49/><D3/><U88/><E33/><V31/><F74/><W79/><G131/><T40/><D72/><U45/><E98/><V59/><F36/><W120/><G120/><T32/><D127/><N who="1" m="48683" /><E38/><V26/><F135/><W83/><G115/><T29/><D102/><U119/><E119/><V8/><F116/><W71/><G79/><T80/><D40/><U42/><E42/><V65/><F93/><W96/><G96/><T51/><D51/><U99/><E99/><V95/><F92/><W118/><G118/><T109/><D82/><N who="1" m="49239" /><E66/><V104/><F104/><W41/><G6/><T27/><D27/><U20/><E20/><V81/><F2/><W91/><G76/><T101/><D101/><U121/><E121/><V68/><F81/><W132/><G132/><T54/><D109/><U39/><E39/><V63/><F50/><W10/><G10/><T22/><D32/><U110/><E110/><V73/><F73/><W34/><G34/><T89/><REACH who="0" step="1"/><D55/><REACH who="0" ten="240,250,250,250" step="2"/><U14/><E14/><V43/><F15/><W5/><G5/><T7/><D7/><U4/><E4/><V9/><F43/><W103/><G103/><T30/><D30/><U52/><E52/><V134/><F134/><W24/><G24/><T105/><D105/><U106/><E106/><V128/><F48/><W17/><G13/><T23/><D23/><U122/><E122/><V123/><F123/><W129/><G129/><T130/><D130/><U19/><E19/><V18/><F128/><W85/><G12/><RYUUKYOKU ba="0,1" sc="240,15,250,15,250,-15,250,-15" hai0="22,25,29,49,54,56,60,64,80,84,89,112,114" hai1="44,45,47,57,61,67,113" /><INIT seed="0,1,1,3,2,83" ten="255,265,235,235" oya="0" hai0="52,58,42,119,110,65,116,24,36,15,44,40,47" hai1="126,62,101,6,73,81,106,53,97,49,112,133,64" hai2="20,25,11,60,61,9,23,111,32,122,28,96,16" hai3="117,115,94,135,10,88,93,114,104,57,3,129,31"/><T102/><D102/><U109/><E109/><V78/><F111/><W5/><G31/><T21/><D110/><U80/><E133/><V125/><F122/><W34/><G104/><T0/><D0/><U39/><E39/><V127/><F78/><W118/><G34/><T69/><D15/><U55/><E126/><N who="2" m="48139" /><F96/><W84/><G135/><T85/><D85/><U105/><E105/><V75/><F75/><W48/><G129/><T132/><D132/><U123/><E123/><V66/><F60/><W45/><G57/><T51/><D65/><U86/><E112/><V82/><F82/><W26/><G26/><T113/><D69/><U70/><E6/><V19/><F61/><W128/><G128/><T91/><D91/><U100/><E100/><V13/><F66/><W41/><REACH who="3" step="1"/><G94/><REACH who="3" ten="255,265,235,225" step="2"/><T35/><D35/><U87/><E73/><V8/><F32/><W30/><G30/><AGARI ba="1,2" hai="8,9,11,13,16,19,20,23,25,28,30" m="48139" machi="30" ten="30,7700,0" yaku="18,1,34,2,54,1" doraHai="83" who="2" fromWho="3" sc="255,0,265,0,235,100,225,-80" /><INIT seed="1,0,0,4,1,120" ten="255,265,335,145" oya="1" hai0="70,132,23,59,35,115,0,28,4,110,107,80,97" hai1="11,58,62,109,129,16,32,30,9,48,78,7,87" hai2="29,37,26,41,31,45,25,42,131,66,22,69,77" hai3="135,63,47,52,33,15,108,111,65,102,119,127,64"/><U122/><E122/><V57/><F131/><W130/><G33/><T101/><D115/><U2/><E129/><V20/><F69/><W88/><G130/><T103/><D103/><U13/><E48/><V55/><F77/><W79/><G102/><T68/><D132/><U73/><E73/><V71/><F71/><W91/><G79/><T46/><D35/><U39/><E39/><V10/><F66/><W95/><G135/><T133/><D46/><U56/><E109/><N who="3" m="42058" /><G127/><T81/><D101/><U6/><E62/><V21/><F42/><W8/><G119/><T99/><D107/><U96/><E96/><V3/><F3/><W74/><G74/><T5/><D0/><U60/><E60/><V84/><F84/><N who="3" m="52615" /><G91/><T126/><D126/><U112/><E112/><V1/><F31/><W14/><G14/><T90/><D90/><U89/><E78/><V12/><F1/><W114/><G114/><T100/><D100/><U92/><E30/><V118/><F118/><W82/><G82/><T27/><D133/><U86/><E32/><V43/><F29/><W61/><G61/><T94/><D80/><U53/><E87/><V72/><F72/><W98/><G98/><T104/><D81/><U38/><E86/><V34/><F34/><W134/><G134/><T83/><D83/><U123/><E89/><V44/><F12/><W117/><G117/><T76/><D76/><U49/><E13/><V106/><F106/><W105/><G105/><T128/><D104/><U93/><E2/><V116/><F116/><W54/><G47/><T50/><D110/><U19/><E93/><RYUUKYOKU ba="0,0" sc="255,0,265,0,335,0,145,0" /><INIT seed="2,1,0,5,4,42" ten="255,265,335,145" oya="2" hai0="103,15,35,84,83,72,113,125,56,69,50,45,73" hai1="112,65,75,60,105,19,30,106,100,122,115,80,57" hai2="26,47,118,116,68,59,98,96,133,110,61,62,39" hai3="41,46,119,129,114,81,52,86,82,10,87,21,53"/><V54/><F26/><W120/><G119/><T18/><D69/><U109/><E109/><V0/><F0/><W104/><G120/><T33/><D113/><U40/><E122/><V14/><F14/><W93/><G104/><T58/><D103/><U123/><E123/><V28/><F28/><W70/><G70/><T1/><D1/><U48/><E30/><V8/><F8/><W130/><G114/><T22/><D125/><U3/><E3/><V36/><F110/><W55/><G10/><T32/><D72/><U128/><E128/><N who="3" m="49258" /><G21/><T99/><D99/><U94/><E106/><V38/><F98/><W34/><G34/><T31/><D73/><U44/><E105/><V90/><F90/><N who="3" m="53463" /><G87/><T37/><D31/><U67/><E75/><V95/><F95/><W66/><G66/><T74/><D74/><U135/><E67/><N who="2" m="41071" /><F96/><W88/><G88/><T51/><D84/><U126/><E94/><V17/><F17/><W5/><G5/><T11/><D11/><U63/><E19/><V43/><F133/><W85/><G85/><T6/><D6/><U97/><E135/><V13/><F13/><W71/><G71/><T9/><D9/><U27/><E97/><V124/><F124/><W77/><G77/><T111/><D111/><U101/><E126/><V20/><F20/><W132/><G132/><T2/><D2/><U49/><E115/><V107/><F107/><W108/><G108/><T4/><D4/><U117/><E112/><V7/><F7/><W23/><G23/><T131/><D131/><U134/><E134/><V92/><F92/><W102/><G102/><RYUUKYOKU ba="1,0" sc="255,-15,265,-15,335,15,145,15" hai2="36,38,39,43,47,54,59,62,116,118" hai3="41,46,52,53,55,81,82" /><INIT seed="2,2,0,2,2,88" ten="240,250,350,160" oya="2" hai0="90,100,123,132,99,74,10,12,43,130,114,72,103" hai1="41,83,36,69,91,54,46,109,135,119,79,113,115" hai2="68,20,45,84,112,8,93,47,16,107,39,0,117" hai3="124,118,56,35,48,78,126,26,11,59,82,121,58"/><V66/><F112/><W71/><G118/><T81/><D123/><U98/><E119/><V3/><F107/><W37/><G71/><T128/><D43/><U13/><E54/><V105/><F105/><W42/><G121/><T75/><D114/><U44/><E69/><V125/><F125/><N who="3" m="48235" /><G11/><T25/><D25/><U33/><E33/><V22/><F39/><W67/><G37/><T89/><D132/><U122/><E122/><V97/><F84/><W19/><G67/><T7/><D103/><U111/><E13/><V116/><F20/><W52/><G42/><T110/><D110/><N who="1" m="41995" /><E44/><V30/><F30/><N who="3" m="19927" /><G19/><T65/><D65/><U86/><E135/><V85/><F117/><W73/><AGARI ba="2,0" hai="48,52,56,58,59,73,78,82" m="19927,48235" machi="73" ten="30,2000,0" yaku="18,1,54,1" doraHai="88" who="3" fromWho="3" sc="240,-7,250,-7,350,-12,160,26" /><INIT seed="3,0,0,5,4,93" ten="233,243,338,186" oya="3" hai0="122,56,76,10,88,40,115,118,113,58,67,117,120" hai1="62,45,91,11,32,83,1,55,17,101,16,97,49" hai2="50,90,13,63,66,21,69,110,79,72,12,36,18" hai3="107,43,8,2,28,59,84,123,73,85,109,34,129"/><W125/><G123/><N who="0" m="47147" /><D76/><U133/><E32/><V92/><F110/><W54/><G107/><T128/><D10/><U94/><E133/><V44/><F36/><W131/><G73/><T30/><D30/><U53/><E1/><V108/><F108/><W127/><G43/><T31/><D31/><U51/><E62/><V105/><F105/><W77/><G109/><T96/><D40/><U38/><E38/><V25/><F79/><W80/><G84/><T78/><D78/><U70/><E70/><V74/><F74/><W4/><G28/><T26/><D26/><U119/><E119/><N who="0" m="45577" /><D67/><U86/><E11/><V41/><REACH who="2" step="1"/><F72/><REACH who="2" ten="233,243,328,186" step="2"/><W22/><G34/><T46/><D128/><N who="3" m="49225" /><G22/><T103/><D46/><AGARI ba="0,1" hai="16,17,45,46,49,51,53,55,83,86,91,94,97,101" machi="46" ten="30,8000,1" yaku="7,1,9,1,8,1,52,1,54,1" doraHai="93" who="1" fromWho="0" sc="233,-80,243,90,328,0,186,0" /><INIT seed="4,0,0,5,3,76" ten="153,333,328,186" oya="0" hai0="114,117,9,33,105,64,82,54,71,103,134,29,25" hai1="13,88,16,96,24,97,94,98,104,75,73,87,113" hai2="111,4,11,31,93,30,2,61,120,85,47,122,46" hai3="23,62,53,80,123,132,90,58,34,35,112,65,22"/><T37/><D117/><U51/><E104/><V121/><F111/><W74/><G132/><T17/><D134/><U131/><E131/><V70/><F70/><W108/><G108/><T59/><D37/><U52/><E24/><V69/><F69/><W12/><G112/><T135/><D135/><U125/><E125/><V1/><F61/><W107/><G107/><T79/><D114/><U130/><E130/><V66/><F66/><W7/><G123/><T49/><D64/><U28/><E28/><V68/><F68/><W100/><G100/><T86/><D71/><U110/><E110/><V99/><F1/><W8/><G23/><T92/><D105/><U18/><E18/><V115/><F115/><W84/><G74/><T133/><D133/><U5/><E5/><V72/><F72/><W126/><G126/><T63/><D63/><U14/><E14/><V26/><F85/><W116/><G116/><T39/><D39/><U20/><REACH who="1" step="1"/><E113/><REACH who="1" ten="153,323,328,186" step="2"/><V48/><F26/><W32/><G22/><T0/><D0/><U109/><E109/><V57/><F30/><W36/><REACH who="3" step="1"/><G36/><REACH who="3" ten="153,323,328,176" step="2"/><T6/><D33/><U127/><E127/><V27/><F122/><W10/><G10/><T119/><D9/><U91/><E91/><V78/><F121/><W118/><G118/><T43/><D119/><U124/><E124/><V40/><F120/><W128/><G128/><T83/><D103/><U45/><AGARI ba="0,2" hai="13,16,20,45,51,52,73,75,87,88,94,96,97,98" machi="45" ten="30,12000,2" yaku="1,1,0,1,54,3,53,1" doraHai="76" doraHaiUra="81" who="1" fromWho="1" sc="153,-60,323,140,328,-30,176,-30" /><INIT seed="5,0,0,4,1,21" ten="93,463,298,146" oya="1" hai0="104,81,135,134,34,60,111,97,98,100,112,99,105" hai1="51,17,89,69,102,9,129,20,122,73,42,28,67" hai2="31,54,5,103,80,61,48,64,88,132,101,16,79" hai3="2,96,90,52,38,53,12,118,110,7,71,8,0"/><U124/><E73/><V94/><F132/><N who="0" m="50730" /><D34/><U24/><E102/><V78/><F5/><W55/><G110/><T15/><D15/><U22/><E122/><V4/><F4/><W63/><G38/><T121/><D111/><U1/><E67/><V3/><F3/><W106/><G118/><T76/><D60/><U37/><E37/><V23/><F31/><W86/><G96/><N who="0" m="36971" /><D121/><U87/><E69/><V25/><F61/><W41/><G41/><T50/><D50/><U119/><E119/><V13/><F64/><W108/><G106/><N who="0" m="63775" /><D112/><U57/><E57/><V40/><F40/><W47/><G108/><T128/><D128/><U123/><E129/><V44/><F13/><W83/><REACH who="3" step="1"/><G47/><REACH who="3" ten="93,463,298,136" step="2"/><T84/><AGARI ba="0,1" hai="76,81,84,104,105" m="63775,36971,50730" machi="84" ten="30,4000,0" yaku="20,1,34,2" doraHai="21" who="0" fromWho="0" sc="93,50,463,-20,298,-10,136,-10" /><INIT seed="6,0,0,3,2,102" ten="143,443,288,126" oya="2" hai0="14,22,47,69,135,64,6,7,41,63,87,54,74" hai1="121,31,32,53,109,85,133,67,33,30,37,91,82" hai2="129,35,106,118,79,17,38,16,50,3,58,40,52" hai3="26,49,61,97,34,18,134,12,110,0,65,126,124"/><V39/><F118/><W75/><G75/><T24/><D74/><U103/><E67/><V73/><F35/><W99/><G0/><T57/><D135/><U119/><E37/><V46/><F129/><W125/><G134/><T15/><D87/><U56/><E103/><V78/><F106/><W116/><G116/><T117/><D117/><U128/><E31/><V81/><F38/><W11/><G110/><T122/><D122/><U112/><E30/><V93/><F79/><W101/><G49/><T107/><D107/><U27/><E27/><V55/><F3/><W92/><G99/><T123/><D123/><U98/><E128/><V28/><F28/><W60/><G26/><T43/><D69/><U120/><E109/><V9/><F9/><W114/><G34/><T44/><D64/><U94/><E133/><V13/><F13/><N who="0" m="4618" /><D44/><U96/><E32/><V76/><F76/><W59/><REACH who="3" step="1"/><G60/><REACH who="3" ten="143,443,288,116" step="2"/><T45/><D45/><U62/><E33/><V29/><F29/><W66/><G66/><T48/><D43/><U2/><E119/><V23/><F55/><W72/><G72/><T70/><D70/><U71/><E2/><V105/><F73/><W130/><G130/><T108/><D108/><U115/><E121/><V132/><F132/><W90/><G90/><T80/><D24/><U21/><E120/><V83/><F50/><W25/><G25/><T42/><D42/><U5/><E53/><V1/><F40/><W77/><G77/><T111/><D111/><U4/><E91/><V127/><F78/><W36/><G36/><T100/><D41/><U68/><E98/><RYUUKYOKU ba="0,1" sc="143,-10,443,-10,288,-10,116,30" hai3="11,12,18,59,61,65,92,97,101,114,124,125,126" /><INIT seed="7,1,1,4,4,12" ten="133,433,278,146" oya="3" hai0="2,67,55,93,56,73,83,44,10,41,51,98,59" hai1="54,117,89,63,61,69,11,94,70,0,95,15,108" hai2="130,71,84,102,45,127,21,88,106,99,48,16,53" hai3="34,52,103,85,80,91,18,13,37,62,131,109,133"/><W78/><G37/><T118/><D118/><U57/><E108/><V32/><F127/><W87/><G34/><T19/><D73/><U8/><E117/><V22/><F130/><W29/><G109/><T119/><D119/><U82/><E82/><V68/><F22/><W38/><G131/><T79/><D2/><U39/><E39/><V90/><F90/><W7/><G38/><T47/><D67/><U30/><E30/><V25/><REACH who="2" step="1"/><F32/><REACH who="2" ten="133,433,268,146" step="2"/><W49/><G103/><T128/><D128/><U134/><E89/><V86/><F86/><W9/><G29/><T112/><D79/><U97/><E97/><V42/><F42/><W135/><G87/><T92/><D98/><U28/><E28/><V5/><F5/><W122/><G7/><T104/><D104/><U120/><E11/><V46/><F46/><W3/><G3/><T1/><D1/><U4/><E8/><V76/><F76/><W40/><G78/><T17/><D10/><U81/><E4/><V132/><F132/><N who="3" m="50763" /><G40/><T115/><D41/><U113/><E0/><V60/><F60/><W96/><G62/><T105/><D105/><U23/><E63/><V33/><F33/><W75/><G75/><T126/><D126/><U125/><E61/><V114/><F114/><N who="0" m="43562" /><D47/><U116/><E113/><V14/><F14/><W35/><G35/><T110/><D110/><U100/><E125/><V72/><F72/><W58/><G96/><T36/><D36/><U77/><E134/><V6/><F6/><W27/><G27/><T65/><D44/><U20/><E77/><V111/><F111/><W64/><G64/><RYUUKYOKU ba="1,2" sc="133,-15,433,-15,268,15,146,15" hai2="16,21,25,45,48,53,68,71,84,88,99,102,106" hai3="9,13,18,49,52,58,80,85,91,122" /><INIT seed="7,2,2,2,3,118" ten="118,418,283,161" oya="3" hai0="99,33,17,123,92,14,94,47,38,1,109,53,5" hai1="7,131,37,15,87,16,60,73,22,48,21,3,81" hai2="54,0,12,28,101,116,104,8,130,9,124,40,127" hai3="23,24,66,80,78,10,79,42,32,44,82,30,126"/><W61/><G126/><T62/><D109/><U115/><E37/><V18/><F40/><W114/><G114/><T58/><D33/><U67/><E73/><V112/><F104/><W45/><G32/><T29/><D29/><U31/><E115/><V64/><F112/><W39/><G45/><T69/><D123/><U85/><E131/><V56/><F101/><W106/><G106/><T120/><D120/><U25/><E7/><V84/><F64/><W83/><REACH who="3" step="1"/><G10/><REACH who="3" ten="118,418,283,151" step="2"/><T50/><D38/><U96/><E22/><V117/><F127/><W129/><G129/><T110/><D110/><U46/><E21/><V49/><F130/><W63/><G63/><T65/><D1/><U75/><E3/><V134/><F124/><W133/><G133/><T103/><D5/><U77/><E60/><V105/><F105/><W20/><G20/><N who="0" m="11319" /><D69/><AGARI ba="2,3" hai="23,24,30,39,42,44,61,66,69,78,79,80,82,83" machi="69" ten="40,3900,0" yaku="1,1,53,1" doraHai="118" doraHaiUra="70" who="3" fromWho="0" sc="118,-45,418,0,283,0,151,75" /><INIT seed="7,3,0,2,0,30" ten="73,418,283,226" oya="3" hai0="21,43,82,131,26,109,106,12,134,14,108,66,58" hai1="37,57,4,20,27,88,61,9,56,81,65,130,129" hai2="79,91,1,126,103,102,80,132,118,119,112,16,63" hai3="128,76,33,89,107,51,124,45,116,53,10,75,71"/><W49/><G116/><T123/><D123/><U13/><E37/><V39/><F1/><W105/><G71/><T62/><D106/><U64/><E88/><V104/><F39/><W111/><G75/><T11/><D131/><N who="1" m="50187" /><E81/><V94/><F112/><W5/><G128/><T25/><D134/><U73/><E73/><V90/><F90/><W47/><G76/><T6/><D109/><U36/><E36/><V17/><F132/><W97/><G111/><T85/><D108/><U38/><E38/><V50/><F126/><W133/><G133/><T95/><D95/><U35/><E35/><V22/><F17/><W32/><G124/><T77/><D43/><U54/><E57/><V7/><F7/><W60/><G60/><T15/><REACH who="0" step="1"/><D26/><REACH who="0" ten="63,418,283,226" step="2"/><U100/><E100/><V87/><F102/><W52/><G107/><T121/><D121/><U18/><AGARI ba="3,1" hai="4,9,13,18,20,27,54,56,61,64,65" m="50187" machi="18" ten="30,1100,0" yaku="19,1" doraHai="30" who="1" fromWho="1" sc="63,-6,418,30,283,-6,226,-8" owari="57,-44.3,448,54.8,277,7.7,218,-18.2" /></mjloggm>