<mjloggm ver="2.3"><GO type="169" lobby="0"/><UN n0="%73%69%65%72%61%34%30%31" n1="%E8%B5%A4%E5%9B%A3%E8%8A%B1%E9%96%8B" n2="%E3%82%88%E3%81%86%E3%81%B8%E3%83%BC%58" n3="%E3%82%AB%E3%83%A9%E6%9D%BE" dan="17,17,17,17" rate="2239.96,2165.48,2230.54,2140.28" sx="F,M,M,M"/><TAIKYOKU oya="0"/><INIT seed="0,0,0,5,0,66" ten="250,250,250,250" oya="0" hai0="46,116,25,83,118,105,121,67,17,126,22,30,52" hai1="93,3,62,43,117,122,112,49,61,33,44,24,120" hai2="96,27,23,63,81,69,92,45,82,16,127,58,94" hai3="20,88,2,100,134,128,74,55,76,68,102,60,97"/><T80/><D121/><U35/><E3/><V41/><F127/><W56/><G2/><T14/><D105/><U51/><E117/><V8/><F69/><W129/><G134/><T135/><D126/><U111/><E111/><V95/><F8/><W28/><G68/><T73/><D135/><U91/><E112/><V39/><REACH who="2" step="1"/><F96/><REACH who="2" ten="250,250,240,250" step="2"/><W21/><G128/><T31/><D116/><U15/><E122/><V29/><F29/><W108/><G129/><T79/><D118/><U7/><E120/><V75/><F75/><W110/><G110/><T13/><D30/><U89/><E35/><V70/><F70/><W113/><G108/><T87/><D67/><AGARI ba="0,1" hai="16,23,27,39,41,45,58,63,67,81,82,92,94,95" machi="67" ten="40,2600,0" yaku="1,1,54,1,53,0" doraHai="66" doraHaiUra="101" who="2" fromWho="0" sc="250,-26,250,0,240,36,250,0" /><INIT seed="1,0,0,1,2,119" ten="224,250,276,250" oya="1" hai0="100,26,92,84,110,117,77,51,11,5,73,4,116" hai1="132,76,16,20,122,7,106,22,33,55,19,37,94" hai2="111,0,29,2,45,114,97,91,70,90,30,15,58" hai3="63,52,120,13,74,108,99,36,1,129,78,123,14"/><U31/><E106/><V112/><F70/><W62/><G36/><T48/><D110/><U25/><E37/><V98/><F58/><W75/><G1/><N who="2" m="617" /><F15/><W24/><G108/><T23/><D73/><U96/><E7/><V68/><F45/><W39/><G39/><T49/><D116/><U102/><E132/><V105/><F68/><W21/><G129/><T89/><D117/><U72/><E55/><V113/><F105/><W17/><G78/><T3/><D4/><U124/><E124/><V9/><F9/><W38/><G38/><T101/><REACH who="0" step="1"/><D77/><REACH who="0" ten="214,250,276,250" step="2"/><U40/><E76/><V35/><F111/><W34/><G75/><T32/><D32/><U46/><E72/><V57/><F35/><W47/><G74/><T127/><D127/><U107/><E33/><V93/><F57/><W69/><G69/><T81/><D81/><U54/><E46/><V10/><F93/><W121/><G99/><N who="2" m="37897" /><F10/><W125/><G125/><T126/><D126/><U18/><E107/><V80/><F80/><W79/><G79/><T109/><D109/><U83/><E83/><V134/><F134/><W6/><G34/><T61/><D61/><U103/><E94/><V82/><F82/><W130/><G6/><T67/><D67/><U44/><E44/><V27/><F27/><W53/><G63/><T86/><D86/><U87/><E87/><V60/><F60/><W66/><G66/><T50/><N who="0" m="12288" /><DORA hai="128" /><T42/><D42/><U118/><E40/><V71/><F71/><W8/><G8/><T59/><D59/><U65/><E118/><V64/><F64/><W135/><G135/><RYUUKYOKU ba="0,1" sc="214,15,250,-15,276,15,250,-15" hai0="3,5,11,23,26,84,89,92,100,101" hai2="29,30,90,91,112,113,114" /><INIT seed="2,1,1,1,5,71" ten="229,235,291,235" oya="2" hai0="34,1,93,133,109,118,15,135,74,112,64,18,57" hai1="114,101,2,51,90,17,61,70,124,45,0,3,128" hai2="52,65,39,53,79,48,62,68,27,56,113,76,31" hai3="97,91,75,77,98,99,47,67,87,42,66,86,72"/><V28/><F113/><W105/><G67/><T115/><D74/><N who="3" m="28201" /><G66/><T78/><D78/><U106/><E114/><V43/><F53/><W36/><G36/><T92/><D1/><U59/><E70/><V13/><F13/><W85/><G42/><T102/><D34/><U104/><E128/><V117/><F117/><W131/><G47/><T55/><D64/><U30/><E30/><V116/><F116/><W49/><G49/><T23/><D118/><U41/><E101/><V130/><F130/><W73/><G131/><T14/><D109/><U25/><E124/><V58/><F58/><W60/><G60/><T38/><D102/><U7/><E7/><V88/><F31/><W107/><G91/><T80/><D38/><U95/><E17/><V121/><F121/><W103/><G103/><T5/><D5/><U24/><E24/><V120/><F120/><W40/><G40/><T126/><D23/><U32/><E25/><V46/><F88/><W20/><G20/><AGARI ba="1,1" hai="20,27,28,39,43,46,48,52,56,62,65,68,76,79" machi="20" ten="30,12000,1" yaku="7,1,24,2,52,1,54,1" doraHai="71" who="2" fromWho="3" sc="229,0,235,0,291,133,235,-123" /><INIT seed="2,2,0,3,1,13" ten="229,235,424,112" oya="2" hai0="17,22,103,91,62,106,125,131,121,20,11,76,56" hai1="49,26,46,88,93,74,48,45,111,80,97,37,108" hai2="30,64,32,60,117,28,1,86,104,87,109,96,58" hai3="112,98,110,71,16,18,68,73,63,53,124,57,70"/><V133/><F117/><W115/><G110/><N who="1" m="42026" /><E26/><V127/><F1/><W7/><G124/><T59/><D121/><U15/><E15/><V52/><F109/><W83/><G7/><T84/><D125/><U119/><E119/><V3/><F3/><W9/><G9/><T113/><D113/><N who="3" m="43593" /><G98/><T85/><D131/><U75/><E37/><V102/><F133/><W82/><G82/><T129/><D129/><U51/><E80/><V39/><F39/><W135/><G135/><T47/><D11/><U61/><E61/><V31/><F127/><W14/><G14/><T118/><D62/><U114/><E114/><V134/><F134/><W44/><G44/><AGARI ba="2,0" hai="44,45,46,48,49,51,74,75,88,93,97" m="42026" machi="44" ten="30,2000,0" yaku="14,1,54,1" doraHai="13" who="1" fromWho="3" sc="229,0,235,26,424,0,112,-26" /><INIT seed="3,0,0,5,4,46" ten="229,261,424,86" oya="3" hai0="1,85,52,75,20,51,34,86,22,68,17,91,4" hai1="33,62,56,24,0,39,122,61,11,76,103,108,132" hai2="117,70,2,25,67,135,28,96,55,65,109,118,43" hai3="101,58,8,5,77,64,53,110,36,47,72,66,114"/><W41/><G114/><T92/><D75/><U100/><E122/><V93/><F2/><W119/><G119/><T83/><D68/><U78/><E39/><V57/><F43/><W74/><G101/><T63/><D34/><U123/><E123/><V44/><F44/><W48/><G110/><T106/><D106/><U13/><E0/><V16/><F135/><W102/><G102/><T18/><D1/><U31/><E108/><V88/><F109/><W87/><G87/><T95/><D63/><U38/><E38/><V45/><F45/><W127/><G127/><T99/><D4/><U21/><E132/><V3/><F3/><N who="3" m="63" /><G72/><T126/><D126/><U80/><E33/><V79/><F79/><N who="1" m="30249" /><E80/><AGARI ba="0,0" hai="36,41,47,48,53,58,64,66,74,77,80" m="63" machi="80" ten="30,2900,0" yaku="25,1,52,1" doraHai="46" who="3" fromWho="1" sc="229,0,261,-29,424,0,86,29" /><INIT seed="3,1,0,4,5,112" ten="229,232,424,115" oya="3" hai0="4,74,16,101,104,22,126,109,65,30,93,23,128" hai1="25,111,18,98,52,99,118,100,91,78,77,1,60" hai2="107,62,36,129,95,67,113,103,84,7,50,75,125" hai3="81,68,10,135,38,35,26,17,47,29,70,57,130"/><W53/><G130/><T117/><D74/><U32/><E1/><V94/><F36/><W11/><G135/><T15/><D109/><U56/><E111/><V49/><F113/><W116/><G116/><T12/><D126/><U115/><E115/><V33/><F7/><W6/><G17/><T102/><D104/><U40/><E40/><V80/><F95/><W13/><G11/><T41/><D117/><U48/><E118/><V64/><F33/><W3/><G13/><T114/><D114/><U87/><E60/><V0/><F0/><W44/><G44/><T90/><D65/><U120/><E120/><V61/><F61/><W24/><G24/><N who="0" m="16663" /><D41/><U42/><E42/><V131/><F67/><W110/><G110/><T97/><D128/><U59/><E59/><V28/><F28/><W14/><G3/><T92/><D93/><N who="1" m="58479" /><E32/><V2/><F2/><W83/><G38/><T46/><D46/><U58/><E98/><N who="2" m="61943" /><F125/><W85/><G47/><T119/><D119/><U51/><E25/><V54/><F131/><W76/><REACH who="3" step="1"/><G83/><REACH who="3" ten="229,232,424,105" step="2"/><T20/><D4/><U8/><E18/><AGARI ba="1,1" hai="12,15,16,18,20,23,90,92,97,101,102" m="16663" machi="18" ten="30,2000,0" yaku="8,1,54,1" doraHai="112" who="0" fromWho="1" sc="229,33,232,-23,424,0,105,0" /><INIT seed="4,0,0,4,1,129" ten="262,209,424,105" oya="0" hai0="34,118,89,36,72,31,116,10,24,78,26,29,73" hai1="133,14,85,108,97,56,2,51,50,54,0,25,48" hai2="20,115,59,90,105,47,4,113,92,104,9,126,38" hai3="23,120,39,32,44,58,69,122,11,95,102,30,63"/><T35/><D89/><U8/><E108/><V76/><F126/><W16/><G69/><T99/><D99/><U60/><E85/><V66/><F76/><W111/><G111/><T70/><D10/><U46/><E25/><V5/><F20/><W93/><G32/><T37/><REACH who="0" step="1"/><D70/><REACH who="0" ten="252,209,424,105" step="2"/><U12/><E97/><V61/><F9/><W28/><G11/><T7/><D7/><U42/><E133/><V79/><F4/><W84/><G120/><T117/><D117/><U80/><E8/><V33/><F5/><W106/><G122/><T110/><D110/><U91/><E0/><V62/><F90/><W109/><G109/><T21/><D21/><U75/><E2/><V15/><F33/><W57/><G23/><T114/><D114/><U3/><E3/><V119/><F119/><W123/><G123/><T83/><D83/><U13/><REACH who="1" step="1"/><E91/><REACH who="1" ten="252,199,424,105" step="2"/><V55/><F115/><W127/><G127/><T19/><D19/><U98/><E98/><V43/><F113/><W103/><G16/><T53/><D53/><U82/><E82/><V64/><F55/><W128/><G28/><T87/><D87/><U67/><E67/><V86/><F66/><W40/><G30/><T121/><D121/><U94/><E94/><V68/><F92/><W27/><G93/><T81/><D81/><U88/><E88/><V17/><F86/><W100/><G84/><T101/><D101/><U125/><E125/><V22/><F79/><AGARI ba="0,2" hai="24,26,29,31,34,35,36,37,72,73,78,79,116,118" machi="79" ten="25,4800,0" yaku="1,1,22,2,53,0" doraHai="129" doraHaiUra="18" who="0" fromWho="2" sc="252,68,199,0,424,-48,105,0" /><AGARI ba="0,0" hai="12,13,14,42,46,48,50,51,54,56,60,75,79,80" machi="79" ten="40,1300,0" yaku="1,1,53,0" doraHai="129" doraHaiUra="18" who="1" fromWho="2" sc="320,0,199,13,376,-13,105,0" /><INIT seed="4,1,0,2,1,64" ten="320,212,363,105" oya="0" hai0="0,16,110,105,116,82,54,117,42,128,44,31,13" hai1="81,43,55,8,67,68,52,131,45,51,100,71,65" hai2="115,5,93,50,83,76,20,127,39,106,91,87,70" hai3="22,103,94,130,96,66,85,37,107,29,63,46,15"/><T120/><D120/><U132/><E81/><V122/><F39/><W48/><G37/><T10/><D105/><U27/><E100/><V12/><F122/><W125/><G130/><T34/><D128/><U119/><E8/><N who="2" m="4111" /><F70/><N who="1" m="26665" /><E27/><V21/><F115/><W35/><G125/><T123/><D123/><U118/><E131/><V1/><F1/><W60/><G35/><T24/><D82/><U59/><E132/><V108/><F108/><W99/><G85/><T77/><D110/><U28/><E28/><V133/><F127/><W56/><G63/><T25/><D77/><U134/><E134/><V78/><F106/><W90/><G29/><T17/><D0/><U97/><E97/><N who="2" m="57535" /><F133/><W49/><G46/><T11/><D11/><U121/><E55/><V112/><F112/><W62/><G62/><T9/><D54/><U6/><E6/><V69/><F69/><W4/><REACH who="3" step="1"/><G4/><REACH who="3" ten="320,212,363,95" step="2"/><T111/><D111/><U109/><E109/><V75/><F50/><W92/><G92/><T41/><D34/><U101/><E121/><V14/><F75/><W88/><G88/><T47/><D31/><U104/><E104/><V57/><F78/><W7/><G7/><T74/><D74/><U18/><E101/><V129/><F129/><W113/><G113/><T95/><D95/><U3/><E3/><V2/><F2/><W33/><G33/><T114/><D114/><U30/><E30/><V32/><F32/><W23/><G23/><T40/><D40/><U19/><E19/><AGARI ba="1,1" hai="15,19,22,48,49,56,60,66,90,94,96,99,103,107" machi="19" ten="40,2600,0" yaku="1,1,53,1" doraHai="64" doraHaiUra="86" who="3" fromWho="1" sc="320,0,212,-29,363,0,95,39" /><INIT seed="5,0,0,0,5,57" ten="320,183,363,134" oya="1" hai0="36,96,135,44,78,8,94,95,114,112,106,131,64" hai1="52,45,41,30,105,84,32,50,115,11,9,124,118" hai2="38,31,22,56,39,37,80,62,10,15,99,48,85" hai3="51,4,89,20,132,55,122,107,12,16,63,5,82"/><U97/><E118/><V90/><F48/><W14/><G107/><T113/><D131/><U74/><E74/><V59/><F99/><W43/><G122/><T53/><D135/><U34/><E115/><V88/><F59/><N who="3" m="35327" /><G132/><T83/><D64/><U75/><E75/><V66/><F31/><W33/><G33/><T60/><D8/><U117/><E117/><V65/><F22/><W87/><G14/><T93/><D106/><U77/><E124/><V104/><F104/><W2/><G2/><T42/><D53/><U92/><E105/><V72/><F72/><W49/><G49/><T79/><D79/><U81/><E34/><V68/><F66/><W111/><G111/><T134/><D134/><U98/><E98/><V76/><REACH who="2" step="1"/><F68/><REACH who="2" ten="320,183,353,134" step="2"/><W119/><G119/><T13/><D96/><U18/><E30/><V46/><F46/><AGARI ba="0,1" hai="4,5,12,16,20,43,46,51,82,87,89" m="35327" machi="46" ten="30,3900,0" yaku="8,1,52,1,54,1" doraHai="57" who="3" fromWho="2" sc="320,0,183,0,353,-39,134,49" /><INIT seed="6,0,0,2,0,132" ten="320,183,314,183" oya="2" hai0="101,18,4,10,11,17,126,75,41,37,26,16,124" hai1="112,70,59,133,20,62,106,121,81,35,120,0,9" hai2="64,8,25,74,78,44,77,125,32,80,63,93,60" hai3="69,104,45,12,19,22,31,67,46,55,89,23,1"/><V100/><F78/><W119/><G119/><T83/><D101/><U34/><E106/><V86/><F44/><W24/><G1/><N who="0" m="271" /><D11/><U128/><E70/><V91/><F8/><W115/><G104/><T73/><D26/><U114/><E133/><V116/><F116/><W109/><G109/><T52/><D52/><N who="1" m="34151" /><E20/><V90/><F100/><W6/><G6/><T96/><D96/><U134/><E81/><V110/><F110/><W5/><G5/><T84/><D84/><U111/><E134/><V107/><F90/><W49/><G115/><N who="1" m="44074" /><E111/><V71/><F63/><W43/><G69/><T29/><D29/><U47/><E128/><V36/><F107/><W129/><G129/><T135/><D135/><U3/><E47/><V97/><F97/><W65/><REACH who="3" step="1"/><G89/><REACH who="3" ten="320,183,314,173" step="2"/><T30/><D73/><U66/><E0/><V92/><F74/><W102/><G102/><T53/><D75/><U56/><E121/><V95/><F91/><W2/><G2/><T88/><D88/><U7/><E120/><V61/><F71/><W123/><G123/><T38/><D83/><U21/><E21/><V72/><F80/><W51/><AGARI ba="0,1" hai="12,19,22,23,24,31,43,45,46,49,51,55,65,67" machi="51" ten="20,5200,0" yaku="1,1,0,1,7,1,8,1,53,0" doraHai="132" doraHaiUra="68" who="3" fromWho="3" sc="320,-13,183,-13,314,-26,173,62" /><INIT seed="7,0,0,2,4,54" ten="307,170,288,235" oya="3" hai0="39,18,91,92,131,100,64,67,32,2,113,8,27" hai1="80,68,108,33,101,38,97,73,77,124,1,4,41" hai2="74,96,110,6,84,117,52,105,87,61,0,7,65" hai3="106,45,44,88,85,75,121,107,12,81,53,122,46"/><W114/><G114/><T102/><D39/><U29/><E124/><V10/><F110/><W24/><G75/><T95/><D113/><U42/><E108/><V71/><F117/><W50/><G24/><T36/><D36/><U70/><E42/><V58/><F74/><W63/><G63/><T78/><D78/><U5/><E5/><V21/><F7/><W112/><G112/><T51/><D2/><U93/><E41/><V134/><F134/><W66/><G66/><T76/><D76/><U57/><E38/><V126/><F126/><W40/><G12/><N who="0" m="7431" /><D32/><U31/><E4/><V14/><F21/><W60/><G60/><T69/><D69/><U128/><E1/><V79/><F79/><W109/><G109/><T47/><D27/><U99/><E128/><V3/><F3/><W104/><REACH who="3" step="1"/><G40/><REACH who="3" ten="307,170,288,225" step="2"/><N who="0" m="25063" /><D131/><U82/><E33/><V55/><F0/><W130/><G130/><T23/><D64/><U22/><E70/><V19/><F55/><W20/><G20/><T59/><D23/><U34/><E68/><V56/><F71/><W120/><AGARI ba="0,1" hai="44,45,46,50,53,81,85,88,104,106,107,120,121,122" machi="120" ten="40,7800,0" yaku="1,1,0,1,54,1,53,0" doraHai="54" doraHaiUra="30" who="3" fromWho="3" sc="307,-26,170,-26,288,-26,225,88" owari="281,8.1,144,-35.6,262,-13.8,313,41.3" /></mjloggm>