<mjloggm ver="2.3"><GO type="169" lobby="0"/><UN n0="%E3%83%AD%E3%83%99%E3%83%AB%E3%82%BF%E3%81%95%E3%82%93%EF%BC%A0" n1="%4E%6F%73%75%6B%65" n2="%75%79%61%6D%61" n3="%48%61%6C%66%73" dan="16,16,17,17" rate="2136.82,2118.28,2131.50,2181.56" sx="F,M,M,M"/><TAIKYOKU oya="0"/><INIT seed="0,0,0,1,3,55" ten="250,250,250,250" oya="0" hai0="118,5,134,7,74,65,108,71,15,0,83,41,95" hai1="115,46,67,26,52,114,37,127,113,86,14,124,101" hai2="23,58,81,111,133,54,24,66,69,121,93,117,60" hai3="38,88,132,102,112,79,57,99,120,22,94,97,84"/><T109/><D118/><U80/><E101/><V27/><F121/><W44/><G112/><T8/><D134/><U128/><E128/><V68/><F133/><W61/><G132/><T20/><D41/><U42/><E67/><V92/><F111/><N who="0" m="42570" /><D95/><U91/><E14/><V104/><F104/><W73/><G120/><T6/><D0/><U105/><E105/><V75/><F117/><W19/><G73/><T63/><D20/><U13/><E13/><V96/><F69/><W30/><G79/><AGARI ba="0,0" hai="5,6,7,8,15,63,65,71,74,79,83" m="42570" machi="79" ten="30,2900,0" yaku="14,1,10,1" doraHai="55" who="0" fromWho="3" sc="250,29,250,0,250,0,250,-29" /><INIT seed="0,1,0,2,3,1" ten="279,250,250,221" oya="0" hai0="42,96,67,127,77,73,86,2,123,62,114,101,85" hai1="112,92,65,57,29,115,72,6,131,69,49,36,55" hai2="20,54,122,58,99,94,81,64,21,135,108,118,34" hai3="28,24,76,98,38,75,48,25,93,130,103,95,116"/><T119/><D127/><U104/><E104/><V26/><F122/><W89/><G116/><T63/><D114/><N who="1" m="43563" /><E72/><V52/><F108/><W3/><G38/><T134/><D134/><U23/><E131/><V41/><F135/><W121/><G130/><T102/><D2/><U43/><E92/><V59/><F118/><W56/><G3/><T51/><D123/><U0/><E69/><V84/><F41/><W33/><G75/><T97/><D73/><U39/><E65/><V12/><F34/><W74/><G76/><T16/><D67/><U87/><E87/><V111/><F111/><W9/><G93/><T105/><D77/><U19/><E29/><V132/><F132/><W106/><G28/><T8/><D119/><U40/><E39/><V45/><F64/><W4/><G106/><T50/><D105/><U30/><E30/><N who="2" m="17735" /><F94/><W126/><G121/><T68/><D68/><U91/><E91/><N who="2" m="51599" /><F99/><W22/><G74/><T117/><D117/><U70/><E70/><V71/><F71/><W100/><G126/><T11/><REACH who="0" step="1"/><D42/><REACH who="0" ten="269,250,250,221" step="2"/><U44/><E43/><V124/><F124/><W15/><G89/><T107/><D107/><U88/><E88/><V27/><F54/><W79/><G79/><T120/><D120/><U35/><E0/><V18/><F27/><W129/><G25/><T5/><D5/><U47/><E6/><V13/><F13/><W128/><G128/><T80/><D80/><U60/><E40/><V109/><F109/><W66/><G129/><T61/><D61/><U113/><N who="1" m="43571" /><U110/><DORA hai="125" /><E60/><V7/><F7/><W46/><G4/><RYUUKYOKU ba="1,1" sc="269,15,250,-15,250,15,221,-15" hai0="8,11,16,50,51,62,63,85,86,96,97,101,102" hai2="12,18,21,45,52,58,59" /><INIT seed="0,2,1,2,0,92" ten="284,235,265,206" oya="0" hai0="96,19,63,62,77,132,58,123,52,80,1,117,16" hai1="72,12,81,42,74,76,116,103,56,15,112,30,54" hai2="26,109,121,94,2,66,133,29,45,35,78,43,64" hai3="41,97,44,102,122,130,18,113,93,101,65,124,91"/><T32/><D117/><U51/><E116/><V20/><F121/><W31/><G113/><T114/><D114/><U95/><E112/><V57/><F2/><W59/><G130/><T10/><D123/><U37/><E30/><V27/><F109/><W8/><G124/><T38/><D38/><U98/><REACH who="1" step="1"/><E74/><REACH who="1" ten="284,225,265,206" step="2"/><V128/><F29/><W82/><G31/><T40/><D32/><U6/><E6/><V99/><F35/><W129/><G122/><T34/><D34/><U106/><E106/><V134/><F134/><W47/><G129/><T75/><D132/><U23/><E23/><V131/><F20/><W107/><G107/><T127/><D127/><U126/><E126/><V100/><F133/><W79/><G18/><T46/><D10/><U85/><E85/><V53/><F131/><W88/><G8/><T89/><D1/><U115/><E115/><V73/><F128/><W61/><G79/><T135/><D135/><U83/><E83/><V119/><F119/><W21/><G21/><T120/><D120/><U104/><E104/><V90/><F73/><W125/><G125/><T0/><D0/><U68/><E68/><V86/><F78/><W55/><G82/><T60/><D19/><U22/><E22/><V11/><F11/><W118/><G118/><T5/><D16/><U70/><E70/><V87/><F87/><W9/><G9/><T36/><REACH who="0" step="1"/><D5/><REACH who="0" ten="274,225,265,206" step="2"/><U110/><E110/><V49/><F26/><W7/><G7/><T4/><D4/><U24/><E24/><V69/><F27/><W111/><G111/><T3/><D3/><U71/><E71/><RYUUKYOKU ba="2,3" sc="274,15,225,15,265,-15,206,-15" hai0="36,40,46,52,58,60,62,63,75,77,80,89,96" hai1="12,15,37,42,51,54,56,72,76,81,95,98,103" /><INIT seed="0,3,3,1,3,103" ten="289,240,250,191" oya="0" hai0="100,10,44,3,24,54,5,129,135,80,48,123,111" hai1="104,38,74,107,33,78,7,84,113,37,2,45,122" hai2="20,25,53,6,124,19,132,72,42,55,12,89,105" hai3="46,15,26,57,109,17,79,59,77,28,128,14,56"/><T92/><D129/><U0/><E122/><V95/><F72/><W4/><G128/><T93/><D135/><U29/><E84/><V94/><F132/><W30/><G109/><T70/><D123/><U50/><E113/><V68/><F68/><W61/><G61/><T73/><D70/><U60/><E60/><V82/><F105/><N who="1" m="40521" /><E50/><V75/><F124/><W67/><G67/><T130/><D111/><U18/><E18/><V97/><F42/><W88/><G46/><T112/><D112/><U120/><E120/><V110/><F110/><W98/><G4/><T9/><D100/><U16/><E16/><V96/><F82/><W125/><G125/><T23/><D130/><U81/><E45/><V127/><F75/><W114/><G15/><T119/><D119/><U58/><E58/><V76/><F76/><N who="3" m="29259" /><G26/><T39/><D80/><U22/><E22/><V41/><F127/><W99/><G114/><T11/><D73/><U43/><E43/><V27/><F41/><W108/><G108/><T90/><D93/><U34/><E29/><N who="3" m="11370" /><G88/><T66/><D90/><U21/><E21/><AGARI ba="3,3" hai="14,17,21,56,57,59,98,99" m="11370,29259" machi="21" ten="30,1000,0" yaku="8,1" doraHai="103" who="3" fromWho="1" sc="289,0,240,-19,250,0,191,49" /><INIT seed="1,0,0,3,2,71" ten="289,221,250,240" oya="1" hai0="76,122,100,58,75,2,53,124,115,109,49,20,43" hai1="81,22,120,24,44,89,72,110,54,25,111,40,8" hai2="26,50,78,52,1,101,56,85,108,16,96,66,129" hai3="93,51,38,11,83,14,104,113,15,39,13,45,28"/><U42/><E120/><V23/><F1/><W118/><G113/><T91/><D109/><N who="1" m="41483" /><E8/><V6/><F108/><W55/><G104/><T97/><D2/><U67/><E67/><V59/><F6/><W106/><G106/><T69/><D69/><U121/><E121/><V48/><F129/><W46/><G118/><T79/><D124/><U99/><E54/><N who="2" m="31815" /><F66/><W92/><G28/><T63/><D75/><U19/><E42/><V9/><F9/><W125/><G125/><T112/><D122/><U36/><E99/><V82/><F96/><W18/><G46/><T31/><D43/><U29/><E89/><V65/><F65/><W117/><G117/><T64/><D91/><U37/><E81/><V126/><F126/><W27/><G83/><T32/><D115/><U33/><E72/><V5/><F5/><W98/><G93/><T119/><D119/><U133/><E133/><V131/><F131/><W87/><G87/><T10/><D10/><U0/><E0/><V57/><F101/><W132/><G132/><T90/><D90/><U114/><E114/><V21/><F21/><W135/><G135/><T35/><D112/><U94/><E94/><V77/><F78/><W103/><REACH who="3" step="1"/><G11/><REACH who="3" ten="289,221,250,230" step="2"/><T12/><D97/><U102/><E102/><V3/><F3/><W80/><G80/><T17/><D100/><U41/><E41/><V60/><F60/><W73/><G73/><T7/><D63/><U127/><E127/><V74/><F74/><W123/><G123/><T61/><D61/><U62/><E62/><V47/><AGARI ba="0,1" hai="16,23,26,47,50,52,57,59,77,82,85" m="31815" machi="47" ten="30,4000,0" yaku="8,1,54,2" doraHai="71" who="2" fromWho="2" sc="289,-10,221,-20,250,50,230,-10" /><INIT seed="2,0,0,2,4,16" ten="279,201,300,220" oya="2" hai0="105,13,47,94,28,52,0,121,126,65,103,4,135" hai1="99,100,82,24,23,68,43,12,85,71,9,63,53" hai2="61,55,1,18,44,116,97,20,73,106,50,27,81" hai3="124,64,76,15,48,34,62,42,5,110,57,60,128"/><V130/><F116/><W33/><G110/><T102/><D135/><U90/><E43/><V134/><F1/><W6/><G124/><T37/><D126/><U108/><E108/><V101/><F134/><W80/><G128/><T2/><D105/><U111/><E111/><V122/><F122/><W51/><G60/><T96/><D103/><U38/><E38/><V69/><F130/><W114/><G114/><T67/><D121/><U19/><E53/><V125/><F125/><W3/><G3/><T119/><D119/><U129/><E63/><V74/><REACH who="2" step="1"/><F81/><REACH who="2" ten="279,201,290,220" step="2"/><W17/><G80/><T45/><D0/><U8/><E129/><V66/><AGARI ba="0,1" hai="18,20,27,44,50,55,61,66,69,73,74,97,101,106" machi="66" ten="30,11700,0" yaku="1,1,2,1,0,1,52,1,53,0" doraHai="16" doraHaiUra="89" who="2" fromWho="2" sc="279,-39,201,-39,290,127,220,-39" /><INIT seed="2,1,0,5,1,39" ten="240,162,417,181" oya="2" hai0="73,32,45,50,115,28,84,78,57,29,121,124,0" hai1="87,125,62,42,114,83,34,88,19,86,127,123,81" hai2="109,58,68,122,93,135,98,25,54,60,59,106,5" hai3="64,52,120,104,46,97,20,105,63,53,11,10,2"/><V48/><F122/><W71/><G120/><T61/><D124/><N who="1" m="47691" /><E114/><V38/><F135/><W65/><G2/><T113/><D73/><U89/><E123/><V49/><F106/><W18/><G65/><T12/><D0/><U79/><E34/><V82/><F38/><W118/><G118/><T134/><D134/><U24/><E62/><V116/><F116/><W67/><G67/><T133/><D133/><U1/><E1/><V130/><F130/><W126/><G126/><T13/><D32/><U35/><E79/><V91/><F68/><W99/><G104/><T131/><D131/><U15/><E35/><V47/><F5/><W23/><G23/><T74/><D74/><U43/><E24/><V77/><F25/><W107/><G107/><T16/><D12/><U129/><E129/><V72/><F109/><W4/><G105/><T30/><D121/><U70/><E70/><V3/><F3/><W33/><G33/><T102/><D102/><U7/><E7/><V69/><F69/><W90/><G4/><T94/><D78/><U56/><E56/><V110/><F110/><W9/><G90/><T41/><D94/><U132/><E132/><V37/><REACH who="2" step="1"/><F59/><REACH who="2" ten="240,162,407,181" step="2"/><W119/><G71/><T76/><D115/><U85/><E87/><V92/><F92/><W14/><G119/><T101/><D84/><U22/><AGARI ba="1,1" hai="15,19,22,42,43,81,83,85,86,88,89" m="47691" machi="22" ten="30,7900,0" yaku="18,1,52,2,54,1" doraHai="39" who="1" fromWho="1" sc="240,-21,162,92,407,-40,181,-21" /><INIT seed="3,0,0,1,5,76" ten="219,254,367,160" oya="3" hai0="117,114,58,39,135,86,40,84,33,1,34,5,71" hai1="7,18,24,111,97,67,16,14,38,88,94,126,82" hai2="93,23,62,119,61,133,70,92,25,17,43,27,123" hai3="124,10,128,90,31,30,28,103,47,53,85,15,4"/><W13/><G128/><T80/><D135/><U26/><E38/><V63/><F119/><W50/><G124/><T32/><D71/><U12/><E126/><V118/><F118/><W65/><G103/><T21/><D114/><U105/><E111/><V98/><F133/><W22/><G65/><T68/><D68/><U44/><E67/><V6/><F70/><W121/><G121/><T131/><D131/><U83/><E105/><V55/><F6/><W134/><G134/><T113/><D113/><U89/><E44/><V72/><F72/><W125/><G125/><T99/><D86/><N who="1" m="50263" /><E83/><V75/><F75/><W20/><REACH who="3" step="1"/><G13/><REACH who="3" ten="219,254,367,150" step="2"/><N who="1" m="5226" /><E7/><V3/><F123/><W101/><G101/><T64/><D5/><U127/><E127/><V0/><F0/><W112/><G112/><T52/><D1/><U11/><E11/><V56/><F3/><W91/><G91/><T48/><D64/><U116/><E116/><V29/><F27/><AGARI ba="0,1" hai="16,18,24,26,27,89,94,97" m="5226,50263" machi="27" ten="30,7700,0" yaku="8,1,52,1,54,2" doraHai="76" who="1" fromWho="2" sc="219,0,254,87,367,-77,150,0" /><INIT seed="4,0,0,4,5,56" ten="219,341,290,150" oya="0" hai0="67,27,117,5,48,93,17,8,95,52,44,31,106" hai1="122,121,82,130,70,2,47,112,101,61,135,9,66" hai2="43,118,38,129,24,62,64,6,77,37,131,0,34" hai3="65,59,73,134,25,23,63,12,120,116,109,97,80"/><T57/><D106/><U90/><E130/><N who="2" m="49675" /><F118/><W35/><G109/><T75/><D75/><U76/><E135/><V7/><F77/><W92/><G134/><T4/><D17/><U126/><E126/><V115/><F115/><W81/><G116/><T51/><D117/><U21/><E112/><V42/><F34/><W99/><G73/><T128/><D128/><U123/><E101/><V26/><F0/><W114/><G120/><T68/><D68/><U87/><E21/><V28/><F42/><W124/><G124/><T15/><D4/><N who="2" m="1578" /><F43/><W46/><G46/><T133/><D133/><U33/><E47/><V102/><F102/><W10/><G35/><T105/><D105/><U84/><E33/><N who="2" m="20615" /><F26/><W22/><G114/><T71/><D71/><AGARI ba="0,0" hai="37,38,62,64,71" m="20615,1578,49675" machi="71" ten="30,2000,0" yaku="19,1,52,1" doraHai="56" who="2" fromWho="0" sc="219,-20,341,0,290,20,150,0" /><INIT seed="5,0,0,5,3,119" ten="199,341,310,150" oya="1" hai0="0,51,82,32,14,118,22,106,70,58,123,43,27" hai1="49,129,65,36,42,59,39,124,34,41,75,99,30" hai2="81,18,4,53,85,126,72,1,67,74,2,16,37" hai3="109,78,69,114,60,112,5,24,108,120,122,73,90"/><U76/><E99/><V100/><F37/><W54/><G5/><T23/><D70/><U66/><E76/><V47/><F67/><N who="1" m="25609" /><E30/><V56/><F126/><W17/><G69/><T116/><D0/><U46/><E34/><V40/><F100/><W6/><G60/><T110/><D32/><U13/><E13/><V50/><F74/><W125/><G54/><T71/><D71/><U3/><E3/><V92/><F92/><W115/><G125/><T105/><D82/><U63/><E75/><V12/><F72/><W10/><G90/><T31/><D14/><U131/><E124/><V128/><F128/><N who="1" m="49225" /><E42/><V28/><F28/><W98/><G98/><T111/><D43/><U134/><E134/><V86/><F86/><W25/><G78/><T35/><D31/><U21/><E21/><V88/><F4/><W117/><G73/><T33/><D27/><N who="3" m="10313" /><G17/><T83/><D83/><U26/><E26/><V7/><F7/><W57/><G117/><T95/><D95/><U9/><E9/><V45/><F18/><W38/><G10/><T15/><D15/><U93/><E93/><V52/><F1/><W55/><G6/><T87/><D87/><U20/><E20/><N who="2" m="11271" /><F2/><W94/><G94/><T84/><D84/><U107/><E107/><V77/><F77/><W91/><G91/><T68/><D106/><U96/><E96/><V48/><F40/><W44/><G109/><T133/><D105/><U8/><E8/><V89/><F89/><W80/><G108/><T11/><D111/><U102/><E102/><V135/><F135/><W79/><G79/><T127/><D110/><RYUUKYOKU ba="0,0" sc="199,-15,341,15,310,15,150,-15" hai1="36,39,41,46,49,59,63" hai2="45,47,48,50,52,53,56,81,85,88" /><INIT seed="5,1,0,1,0,39" ten="184,356,325,135" oya="1" hai0="102,110,40,57,7,70,109,20,4,44,59,85,54" hai1="120,82,75,51,31,132,15,73,34,112,121,126,36" hai2="63,117,37,90,13,74,38,29,84,124,86,14,129" hai3="127,22,46,60,0,25,64,122,104,95,58,68,62"/><U130/><E130/><V106/><F74/><W32/><G122/><T115/><D115/><U87/><E36/><V99/><F117/><W135/><G127/><T3/><D70/><U66/><E126/><V61/><F99/><W30/><G135/><T45/><D102/><U12/><E132/><V105/><F29/><W78/><G0/><T47/><D40/><U94/><E112/><V41/><F90/><W101/><G78/><T108/><D3/><U28/><E66/><V76/><F76/><W93/><G46/><T65/><D20/><U111/><E94/><V16/><F16/><W23/><G22/><T88/><D65/><U77/><E111/><V72/><F72/><W71/><G23/><T125/><D125/><U100/><E100/><V79/><F79/><W96/><REACH who="3" step="1"/><G71/><REACH who="3" ten="184,356,325,125" step="2"/><T114/><D114/><U97/><E121/><V5/><F124/><W53/><AGARI ba="1,1" hai="25,30,32,53,58,60,62,64,68,93,95,96,101,104" machi="53" ten="20,12000,2" yaku="1,1,2,1,0,1,7,1,25,2,53,0" doraHai="39" doraHaiUra="113" who="3" fromWho="3" sc="184,-31,356,-61,325,-31,125,133" /><INIT seed="6,0,0,4,3,132" ten="153,295,294,258" oya="2" hai0="68,94,27,23,36,110,17,58,37,45,6,104,49" hai1="105,55,112,96,72,38,129,1,81,2,59,113,28" hai2="7,15,126,73,33,3,32,41,0,122,127,108,87" hai3="74,76,116,131,125,5,13,123,107,98,111,34,118"/><V103/><F122/><W22/><G111/><T31/><D110/><U46/><E129/><V88/><F108/><W79/><G34/><N who="2" m="13417" /><F73/><W100/><G131/><T85/><D68/><U102/><E28/><V67/><F103/><W66/><G66/><T63/><D104/><U62/><E72/><V71/><F41/><W47/><G123/><T117/><D6/><U70/><E70/><V56/><F71/><W135/><G135/><T134/><D117/><U90/><E81/><N who="2" m="49263" /><F15/><W130/><G13/><T40/><D31/><U101/><E90/><V69/><F7/><W82/><G5/><T83/><D94/><U77/><E77/><V86/><F86/><W65/><G79/><T133/><D133/><U109/><E102/><V48/><F69/><W128/><G100/><T25/><D25/><U91/><E91/><V121/><F121/><W95/><G74/><T92/><D92/><U80/><E80/><V10/><F10/><W53/><G82/><T43/><D43/><N who="1" m="22903" /><E109/><V97/><F97/><W42/><G98/><T18/><D134/><U20/><E20/><V12/><F12/><W9/><G95/><T93/><D93/><U44/><E44/><V4/><F4/><W124/><G42/><T119/><D119/><U35/><E35/><V51/><F67/><W75/><G116/><T14/><D14/><U114/><AGARI ba="0,0" hai="1,2,55,59,62,96,101,105,112,113,114" m="22903" machi="114" ten="30,1100,0" yaku="15,1" doraHai="132" who="1" fromWho="1" sc="153,-3,295,11,294,-5,258,-3" /><INIT seed="7,0,0,1,3,120" ten="150,306,289,255" oya="3" hai0="35,119,11,29,106,107,92,63,50,36,52,18,39" hai1="66,78,71,41,59,9,33,75,132,28,54,8,10" hai2="34,6,60,15,93,1,22,122,3,73,133,88,128" hai3="116,56,45,58,117,123,38,127,4,110,118,115,125"/><W85/><G123/><T7/><D119/><U90/><E41/><V46/><F122/><W84/><G4/><T83/><D63/><U76/><E75/><V77/><F34/><W101/><G115/><T99/><D18/><U61/><E132/><V26/><F133/><W32/><G101/><T17/><D17/><U70/><E70/><V27/><F1/><W131/><G32/><T108/><D83/><U31/><E90/><V20/><F3/><W112/><G112/><T79/><D79/><N who="1" m="30251" /><E71/><V86/><F73/><W69/><G131/><T89/><D108/><U82/><E82/><N who="2" m="47439" /><F128/><W12/><G12/><T51/><D51/><U64/><E33/><V113/><F113/><W111/><G69/><T95/><D95/><U135/><E135/><V68/><F68/><W30/><G30/><AGARI ba="0,0" hai="8,9,10,28,30,31,54,59,61,64,66" m="30251" machi="30" ten="30,1000,0" yaku="8,1" doraHai="120" who="1" fromWho="3" sc="150,0,306,10,289,0,255,-10" owari="150,-35.0,316,41.6,289,8.9,245,-15.5" /></mjloggm>