<mjloggm ver="2.3"><GO type="169" lobby="0"/><UN n0="%42%65%6E%63%68%69%6E%67" n1="%E3%82%AB%E3%83%A9%E6%9D%BE" n2="%E4%B9%9D%E7%B4%8B%E9%BE%8D%E5%8F%B2%E9%80%B2" n3="%E5%85%BC%E6%98%8E%E5%81%8F%E6%9A%97" dan="16,17,19,16" rate="2104.82,2185.41,2334.80,2179.82" sx="M,M,M,M"/><TAIKYOKU oya="0"/><INIT seed="0,0,0,2,5,37" ten="250,250,250,250" oya="0" hai0="23,35,71,18,45,65,11,9,53,73,98,128,2" hai1="85,25,54,5,119,132,94,7,52,82,49,1,0" hai2="4,134,83,115,112,121,58,78,108,15,28,122,131" hai3="56,89,63,44,33,118,8,61,120,111,32,72,84"/><T55/><D128/><U20/><E119/><V103/><F58/><W93/><G118/><T6/><D73/><U74/><E74/><N who="2" m="43479" /><F15/><W14/><G72/><T13/><D35/><U39/><E132/><V69/><F4/><W110/><G120/><N who="2" m="46185" /><F28/><W29/><G63/><T106/><D106/><U133/><E133/><V70/><F134/><W77/><G77/><T95/><D71/><U80/><E39/><V60/><F131/><W97/><G44/><T81/><D81/><N who="1" m="31339" /><E0/><V109/><F103/><W125/><G29/><T10/><D65/><U135/><E1/><V26/><F26/><W67/><G33/><T57/><D45/><N who="1" m="27695" /><E54/><V51/><F51/><W91/><G32/><T38/><D53/><U41/><E41/><V31/><F31/><W107/><G67/><T40/><D40/><U117/><E117/><V130/><F130/><W62/><G62/><T129/><D38/><U36/><E36/><V79/><F79/><W59/><G61/><T86/><D129/><U16/><E135/><V3/><F3/><W34/><G34/><T87/><D2/><U92/><E92/><V90/><F69/><W123/><G123/><T88/><REACH who="0" step="1"/><D6/><REACH who="0" ten="240,250,250,250" step="2"/><U66/><E66/><V100/><F70/><W114/><G59/><T46/><D46/><U76/><E76/><V21/><F115/><W99/><G56/><T30/><D30/><U47/><E47/><V75/><F112/><W68/><G114/><T48/><AGARI ba="0,1" hai="9,10,11,13,18,23,48,55,57,86,87,88,95,98" machi="48" ten="30,12000,1" yaku="1,1,0,1,8,1,54,1,53,1" doraHai="37" doraHaiUra="50" who="0" fromWho="0" sc="240,130,250,-40,250,-40,250,-40" /><INIT seed="0,1,0,1,1,78" ten="370,210,210,210" oya="0" hai0="17,63,29,111,121,129,80,68,3,109,20,55,84" hai1="36,49,123,9,85,72,19,107,28,133,32,30,67" hai2="15,53,112,7,26,76,35,6,88,43,127,77,50" hai3="23,114,90,10,51,122,131,39,87,56,70,74,130"/><T1/><D121/><U79/><E123/><V37/><F112/><W106/><G122/><T89/><D29/><U91/><E72/><V47/><F127/><W69/><G39/><T27/><D129/><N who="3" m="49161" /><G106/><T120/><D120/><U134/><E36/><V95/><F35/><W116/><G116/><T24/><D24/><U66/><E79/><V113/><F26/><W62/><G74/><T5/><D5/><U117/><E107/><V125/><F125/><W126/><G126/><T100/><D100/><U98/><E98/><V103/><F103/><W0/><G51/><T2/><REACH who="0" step="1"/><D55/><REACH who="0" ten="360,210,210,210" step="2"/><U105/><E30/><V54/><F54/><W92/><G114/><T21/><D21/><U128/><E28/><V52/><F53/><N who="3" m="34063" /><G23/><T12/><D12/><U45/><E128/><V11/><F7/><AGARI ba="1,1" hai="0,7,10,69,70,87,90,92" m="34063,49161" machi="7" ten="30,1000,0" yaku="19,1" doraHai="78" who="3" fromWho="2" sc="360,0,210,0,210,-13,210,23" /><INIT seed="1,0,0,5,2,87" ten="360,210,197,233" oya="1" hai0="51,57,7,114,40,18,113,92,19,121,35,1,8" hai1="75,61,78,81,111,3,94,13,70,5,116,117,104" hai2="82,50,42,27,131,106,124,32,72,65,12,95,66" hai3="15,90,59,21,49,100,4,86,16,62,91,23,74"/><U28/><E13/><V97/><F106/><W22/><G74/><T73/><D73/><U39/><E104/><V132/><F132/><W96/><G4/><T89/><D35/><U80/><E80/><V63/><F131/><W135/><G49/><T47/><D121/><U58/><E70/><V24/><F124/><W83/><G135/><T31/><D31/><U122/><E122/><V88/><F32/><W6/><G6/><T48/><D113/><U43/><E28/><V38/><F38/><W17/><G17/><T102/><D102/><U53/><E94/><V134/><F134/><W71/><G71/><T112/><D112/><U76/><E78/><V44/><F12/><W120/><G120/><T107/><D107/><U10/><REACH who="1" step="1"/><E111/><REACH who="1" ten="360,200,197,233" step="2"/><V25/><REACH who="2" step="1"/><F63/><REACH who="2" ten="360,200,187,233" step="2"/><W123/><G123/><T56/><D114/><U11/><E11/><V34/><F34/><W103/><G15/><T9/><D9/><U101/><E101/><V85/><F85/><W118/><G100/><T55/><D8/><U52/><E52/><V26/><N who="2" m="6144" /><DORA hai="109" /><V98/><F98/><W41/><G103/><T33/><D33/><U45/><AGARI ba="0,2" hai="3,5,10,39,43,45,53,58,61,75,76,81,116,117" machi="45" ten="30,12000,1" yaku="1,1,0,1,25,2,53,1" doraHai="87,109" doraHaiUra="108,79" who="1" fromWho="1" sc="360,-40,200,140,187,-40,233,-40" /><INIT seed="1,1,0,0,3,130" ten="320,340,147,193" oya="1" hai0="55,25,101,120,9,100,80,40,17,116,45,61,95" hai1="71,124,32,117,46,1,39,75,65,0,11,49,3" hai2="123,2,111,110,106,107,92,68,63,122,94,29,91" hai3="70,127,41,97,47,135,8,57,96,33,43,82,119"/><U5/><E117/><V36/><F29/><W125/><G70/><T132/><D132/><U104/><E124/><N who="3" m="47690" /><G33/><T77/><D120/><N who="2" m="46122" /><F68/><W131/><G131/><T35/><D116/><U58/><E32/><V83/><F63/><W64/><G119/><T86/><D35/><U38/><E104/><N who="2" m="39979" /><F36/><W44/><G82/><T90/><D55/><N who="1" m="32111" /><E75/><V118/><F2/><W42/><G8/><T133/><D133/><U12/><E38/><V13/><F13/><W72/><G72/><T78/><D61/><N who="1" m="40367" /><E1/><V16/><F16/><W14/><G14/><T128/><D78/><U31/><E31/><V134/><F134/><W73/><G73/><T129/><D128/><U66/><E66/><V18/><F18/><W112/><G135/><T74/><D129/><U52/><E52/><V15/><F15/><W56/><G64/><T19/><D19/><U21/><E21/><V98/><F118/><W27/><G27/><T20/><REACH who="0" step="1"/><D9/><REACH who="0" ten="310,340,147,193" step="2"/><U4/><E4/><V108/><F98/><W62/><G62/><T50/><AGARI ba="1,1" hai="17,20,25,40,45,50,74,77,80,86,90,95,100,101" machi="50" ten="20,5200,0" yaku="1,1,2,1,0,1,7,1,53,0" doraHai="130" doraHaiUra="6" who="0" fromWho="0" sc="310,65,340,-27,147,-14,193,-14" /><INIT seed="2,0,0,5,0,87" ten="375,313,133,179" oya="2" hai0="77,94,96,60,1,99,8,66,118,116,124,108,114" hai1="5,15,109,19,12,100,88,133,62,112,75,23,90" hai2="130,28,30,71,78,24,122,126,85,89,68,7,115" hai3="49,101,111,69,97,58,0,102,25,65,26,113,92"/><V95/><F115/><W110/><G0/><T81/><D114/><U44/><E112/><V13/><F122/><W104/><G113/><T74/><D108/><N who="3" m="41513" /><G69/><T61/><D124/><U73/><E109/><V47/><F126/><W98/><G49/><T86/><D74/><U51/><E133/><V41/><F130/><W10/><G10/><T72/><D72/><U56/><E100/><V42/><F78/><W125/><G125/><T117/><D96/><U48/><E75/><V34/><F28/><W16/><G16/><T57/><D61/><AGARI ba="0,0" hai="25,26,58,61,65,92,97,98,101,102,104" m="41513" machi="61" ten="30,1000,0" yaku="14,1" doraHai="87" who="3" fromWho="0" sc="375,-10,313,0,133,0,179,10" /><INIT seed="3,0,0,2,1,94" ten="365,313,133,189" oya="3" hai0="18,4,108,16,21,73,118,19,99,10,64,50,55" hai1="62,106,97,12,79,123,7,126,36,54,56,11,24" hai2="27,40,75,60,84,115,129,22,61,15,49,8,0" hai3="122,5,135,128,28,20,125,110,14,101,70,116,1"/><W78/><G78/><T105/><D108/><U57/><E123/><V43/><F115/><W114/><G101/><T71/><D73/><U90/><E36/><V133/><F75/><W109/><G70/><T29/><D118/><U35/><E126/><V26/><F0/><W124/><G114/><T77/><D77/><U131/><E131/><V89/><F129/><W119/><G128/><T41/><D64/><U92/><E106/><V6/><F26/><N who="3" m="16455" /><G1/><T66/><D66/><U85/><E35/><V58/><F133/><W13/><G122/><T100/><D41/><U88/><E79/><V80/><F49/><W3/><G3/><T17/><D71/><U63/><E24/><V134/><F134/><W51/><G51/><T34/><D34/><U2/><E2/><V65/><REACH who="2" step="1"/><F61/><REACH who="2" ten="365,313,123,189" step="2"/><N who="1" m="23049" /><E54/><V9/><F9/><N who="3" m="4271" /><G135/><T95/><D50/><U102/><E102/><V81/><F81/><AGARI ba="0,1" hai="7,11,12,56,57,81,85,88,90,92,97" m="23049" machi="81" ten="30,3900,0" yaku="8,1,52,1,54,1" doraHai="94" who="1" fromWho="2" sc="365,0,313,49,123,-39,189,0" /><INIT seed="4,0,0,4,2,116" ten="365,362,84,189" oya="0" hai0="118,68,52,120,129,112,110,8,67,61,69,70,48" hai1="84,34,15,5,85,23,11,80,60,19,4,109,31" hai2="121,10,79,0,39,103,102,22,58,35,49,124,126" hai3="50,20,122,63,128,111,91,104,101,33,51,17,32"/><T6/><D118/><U21/><E109/><V92/><F35/><W83/><G111/><T86/><D110/><U28/><E84/><V66/><F39/><W73/><G128/><T98/><D112/><U30/><E60/><V75/><F75/><W18/><G104/><T37/><D129/><U108/><E108/><V54/><F79/><W62/><G101/><T44/><D120/><U26/><E85/><V43/><F43/><W7/><G7/><N who="1" m="2634" /><E80/><V94/><F10/><W115/><G115/><T105/><D86/><U100/><E100/><N who="2" m="38443" /><F0/><W114/><G114/><T45/><D98/><U64/><E64/><V117/><F117/><W42/><G42/><T14/><D105/><U25/><E34/><V106/><F106/><W29/><G33/><T74/><REACH who="0" step="1"/><D74/><REACH who="0" ten="355,362,84,189" step="2"/><U65/><E65/><V3/><F66/><W41/><G73/><T27/><D27/><AGARI ba="0,1" hai="11,15,19,21,23,25,26,27,28,30,31" m="2634" machi="27" ten="30,12000,2" yaku="8,1,35,5" doraHai="116" who="1" fromWho="0" sc="355,-120,362,130,84,0,189,0" /><INIT seed="5,0,0,5,5,85" ten="235,492,84,189" oya="1" hai0="101,64,68,47,80,100,9,7,40,73,42,126,118" hai1="72,77,133,129,12,79,18,51,127,84,95,54,113" hai2="120,2,39,22,37,0,26,98,115,78,15,10,135" hai3="16,19,81,36,28,114,58,111,55,96,93,116,106"/><U67/><E113/><V104/><F120/><W131/><G111/><T88/><D126/><U119/><E119/><V66/><F78/><W53/><G36/><T35/><D35/><U107/><E107/><V38/><F66/><W75/><G106/><T134/><D134/><U89/><E133/><V62/><F62/><W82/><G114/><T65/><D118/><U1/><E1/><V49/><F135/><W46/><G28/><T29/><D29/><U48/><E127/><V128/><F128/><W112/><G112/><T76/><D40/><U3/><E3/><V86/><F49/><N who="3" m="28855" /><G75/><T124/><D124/><U50/><E129/><V70/><F70/><W44/><G44/><T83/><D101/><U20/><E72/><V30/><F115/><W130/><G116/><T27/><D100/><U110/><E110/><V31/><F104/><W41/><G41/><T91/><D27/><U108/><E108/><V60/><F60/><N who="3" m="35935" /><G131/><T5/><D80/><N who="3" m="30825" /><G130/><T87/><D5/><U24/><E67/><N who="0" m="25673" /><D68/><U74/><E74/><V14/><F31/><W123/><G123/><T34/><D34/><U125/><E125/><V61/><F2/><W109/><G109/><T17/><D17/><N who="1" m="12303" /><E54/><V13/><F0/><W59/><G59/><T33/><D33/><U90/><E79/><V45/><F38/><W4/><G4/><T102/><D73/><U56/><E56/><V97/><F39/><W63/><G63/><T117/><D117/><U32/><E32/><V94/><F61/><W103/><AGARI ba="0,0" hai="16,19,93,96,103" m="30825,35935,28855" machi="103" ten="30,2000,0" yaku="8,1,54,1" doraHai="85" who="3" fromWho="3" sc="235,-5,492,-10,84,-5,189,20" /><INIT seed="6,0,0,3,2,89" ten="230,482,79,209" oya="2" hai0="39,100,93,61,33,86,5,94,128,76,1,53,96" hai1="40,118,54,12,123,63,57,69,55,113,72,95,34" hai2="133,14,47,52,37,132,98,7,29,121,46,60,6" hai3="83,70,17,18,92,80,116,19,49,88,48,16,58"/><V43/><F121/><W9/><G70/><T134/><D128/><U11/><E34/><V10/><F29/><W119/><G119/><T106/><D134/><U125/><E69/><V4/><F98/><N who="3" m="57607" /><G116/><T68/><D39/><U23/><E72/><V110/><F110/><W20/><G9/><T28/><D5/><U41/><E113/><V103/><F103/><W13/><G58/><T111/><D1/><U2/><E2/><V32/><F32/><W25/><G13/><T90/><D76/><U109/><E109/><V104/><F104/><W3/><G3/><T15/><D15/><U79/><E125/><V35/><F35/><W91/><G91/><T8/><D8/><U99/><E79/><V62/><F62/><W36/><G36/><T71/><D111/><U22/><E123/><V81/><F81/><AGARI ba="0,0" hai="16,17,18,19,20,25,48,49,80,81,83" m="57607" machi="81" ten="30,7700,0" yaku="8,1,52,1,54,2" doraHai="89" who="3" fromWho="2" sc="230,0,482,0,79,-77,209,77" /><INIT seed="7,0,0,1,1,42" ten="230,482,2,286" oya="3" hai0="74,127,73,39,95,103,75,52,35,98,44,32,60" hai1="57,125,130,48,2,108,56,77,41,22,97,9,18" hai2="12,21,6,134,10,99,86,110,11,105,89,80,113" hai3="88,28,49,87,27,25,47,26,71,96,3,92,109"/><W15/><G3/><T90/><D127/><U117/><E108/><V24/><F110/><W112/><G109/><T106/><D60/><U1/><E125/><V63/><F113/><W4/><G71/><T124/><D124/><U50/><E130/><V116/><F134/><W14/><G112/><T84/><REACH who="0" step="1"/><D39/><REACH who="0" ten="220,482,2,286" step="2"/><U20/><E117/><V79/><F116/><W83/><G28/><T40/><D40/><U5/><E77/><V8/><F63/><W7/><G4/><T64/><D64/><U78/><E78/><V59/><F59/><W128/><G7/><T91/><D91/><U33/><E33/><V135/><F135/><W102/><G128/><T55/><D55/><AGARI ba="0,1" hai="14,15,25,26,27,47,49,55,83,87,88,92,96,102" machi="55" ten="40,7700,0" yaku="8,1,52,1,54,1" doraHai="42" who="3" fromWho="0" sc="220,-77,482,0,2,0,286,87" /><INIT seed="7,1,0,1,1,85" ten="143,482,2,373" oya="3" hai0="57,123,124,100,36,78,114,23,46,0,133,90,69" hai1="28,73,117,16,52,68,65,96,108,17,20,60,70" hai2="92,47,48,135,72,66,53,54,9,102,42,82,10" hai3="88,77,34,128,5,37,134,79,14,13,12,125,130"/><W74/><G34/><T2/><D90/><U31/><E108/><V58/><F135/><W11/><G37/><T115/><D69/><U98/><E73/><V24/><F72/><W126/><G74/><T56/><D78/><N who="3" m="29705" /><G11/><T105/><D124/><N who="3" m="47721" /><G5/><T8/><D8/><U29/><E117/><V64/><F82/><W18/><G18/><N who="1" m="7274" /><E68/><V32/><F32/><W101/><G101/><T3/><D23/><U59/><E70/><V113/><F113/><N who="0" m="43018" /><D133/><U71/><E71/><V118/><F118/><W93/><G134/><T63/><D100/><U55/><E20/><V19/><F10/><W61/><G61/><T49/><D63/><U87/><E87/><AGARI ba="1,0" hai="12,13,14,87,88,93,128,130" m="47721,29705" machi="87" ten="40,7700,0" yaku="18,1,52,1,54,1" doraHai="85" who="3" fromWho="1" sc="143,0,482,-80,2,0,373,80" owari="143,-25.7,402,20.2,2,-49.8,453,55.3" /></mjloggm>