<mjloggm ver="2.3"><GO type="169" lobby="0"/><UN n0="%E3%83%AD%E3%83%99%E3%83%AB%E3%82%BF%E3%81%95%E3%82%93%EF%BC%A0" n1="%E3%83%AD%E3%83%83%E3%83%86%E9%9B%80%E7%90%83" n2="%43%55%4B%45%59" n3="%E7%91%9E%E5%8E%9F%E3%83%B4%E3%82%A1%E3%82%AE%E3%83%8A" dan="16,17,16,16" rate="2143.04,2193.03,2043.25,2067.06" sx="F,M,M,M"/><TAIKYOKU oya="0"/><INIT seed="0,0,0,2,0,45" ten="250,250,250,250" oya="0" hai0="43,129,62,132,57,88,120,35,32,1,60,22,56" hai1="124,90,54,46,29,15,47,52,135,112,40,93,39" hai2="110,121,30,126,51,23,55,82,17,133,63,41,34" hai3="111,53,58,69,64,79,92,104,116,38,20,28,27"/><T91/><D129/><U25/><E124/><V76/><F121/><W44/><G116/><T83/><D132/><U50/><E135/><V87/><F133/><W86/><G104/><T130/><D130/><U59/><E112/><V12/><F126/><W70/><G111/><T14/><D1/><U72/><E72/><V36/><F110/><W103/><G79/><T10/><D43/><U75/><E75/><V6/><F6/><W134/><G134/><T128/><D128/><U80/><E80/><V7/><F7/><W5/><G5/><T115/><D22/><U19/><E25/><V21/><F34/><W101/><G101/><T74/><D115/><U33/><E29/><V98/><F98/><N who="3" m="59847" /><G86/><T84/><D74/><U31/><E31/><V11/><F63/><N who="3" m="38007" /><G38/><T68/><D68/><U114/><E33/><V37/><F30/><W122/><G122/><T99/><D120/><U97/><E114/><V18/><F41/><W107/><G107/><T73/><D73/><U123/><E123/><V105/><F105/><W95/><G95/><T113/><D113/><U78/><E78/><V117/><F117/><W0/><G0/><T109/><D109/><U42/><REACH who="1" step="1"/><E59/><REACH who="1" ten="250,240,250,250" step="2"/><V106/><F76/><W16/><G70/><T48/><D56/><U94/><E94/><V65/><F106/><W13/><G69/><T102/><D57/><U131/><E131/><V85/><F82/><W4/><G28/><T81/><D81/><U9/><AGARI ba="0,1" hai="9,15,19,39,40,42,46,47,50,52,54,90,93,97" machi="9" ten="20,12000,2" yaku="1,1,0,1,7,1,52,1,54,1,53,1" doraHai="45" doraHaiUra="71" who="1" fromWho="1" sc="250,-60,240,130,250,-30,250,-30" /><INIT seed="1,0,0,5,4,34" ten="190,370,220,220" oya="1" hai0="50,121,113,14,55,5,3,63,123,45,124,11,48" hai1="103,35,24,54,91,79,94,69,59,32,131,90,95" hai2="134,51,62,56,108,117,125,9,23,111,17,25,88" hai3="75,58,36,72,46,39,38,122,49,52,65,107,89"/><U102/><E69/><V47/><F117/><W40/><G107/><T135/><D135/><U83/><E131/><V93/><F134/><W86/><G122/><T37/><D124/><U106/><E106/><V97/><F125/><W26/><G65/><T6/><D37/><U82/><E59/><V78/><F78/><W57/><G57/><T27/><D113/><U115/><E79/><V13/><F47/><W99/><G99/><T104/><D104/><U66/><E54/><V110/><F51/><W44/><G26/><T100/><D100/><U31/><E24/><V92/><F92/><W20/><G20/><T28/><D63/><U33/><E31/><V30/><REACH who="2" step="1"/><F111/><REACH who="2" ten="190,370,210,220" step="2"/><W60/><REACH who="3" step="1"/><G46/><REACH who="3" ten="190,370,210,210" step="2"/><T41/><D45/><U119/><E119/><V0/><F0/><W98/><G98/><T130/><D3/><U114/><E114/><V87/><F87/><W2/><G2/><T129/><D123/><U73/><E115/><V42/><F42/><W127/><G127/><T81/><D41/><U112/><E112/><V77/><F77/><W8/><G8/><T105/><D11/><U101/><E73/><V61/><F61/><W7/><G7/><T16/><D5/><U68/><E103/><V22/><F22/><W85/><G85/><T74/><D6/><U76/><E102/><V21/><F21/><W84/><G84/><T118/><D121/><U96/><E101/><V80/><F80/><AGARI ba="0,2" hai="36,38,39,40,44,49,52,58,60,72,75,80,86,89" machi="80" ten="40,2600,0" yaku="1,1,54,1,53,0" doraHai="34" doraHaiUra="126" who="3" fromWho="2" sc="190,0,370,0,210,-26,210,46" /><INIT seed="2,0,0,0,0,92" ten="190,370,184,256" oya="2" hai0="63,41,6,96,45,129,5,19,131,134,67,31,106" hai1="47,121,65,2,80,62,95,35,133,29,126,79,87" hai2="73,99,72,34,53,68,117,77,15,89,24,51,71" hai3="54,33,21,49,58,27,48,52,113,3,69,16,100"/><V104/><F117/><W56/><G69/><T103/><D134/><U94/><E2/><V43/><F43/><W88/><G3/><T111/><D111/><U4/><E4/><V120/><F120/><W125/><G125/><T13/><D31/><U36/><E133/><V76/><F15/><W55/><G113/><T50/><D129/><U11/><E11/><V17/><F17/><W86/><G100/><T1/><D1/><U37/><E126/><V101/><F89/><W70/><G70/><T8/><REACH who="0" step="1"/><D131/><REACH who="0" ten="180,370,184,256" step="2"/><U39/><E29/><V74/><F68/><AGARI ba="0,1" hai="5,6,8,13,19,41,45,50,63,67,68,96,103,106" machi="68" ten="30,12000,2" yaku="1,1,2,1,7,1,52,1,53,2" doraHai="92" doraHaiUra="0" who="0" fromWho="2" sc="180,130,370,0,184,-120,256,0" /><INIT seed="3,0,0,5,3,62" ten="310,370,64,256" oya="3" hai0="52,47,81,33,35,76,64,39,98,119,96,10,92" hai1="58,120,97,14,25,13,2,123,88,99,22,126,117" hai2="28,32,75,103,132,104,73,4,71,63,85,1,110" hai3="77,61,80,15,115,54,121,51,131,8,55,112,38"/><W31/><G121/><T78/><D119/><U60/><E2/><V26/><F110/><W30/><G38/><T91/><D76/><U19/><E126/><V100/><F100/><W68/><G131/><T72/><D64/><N who="1" m="38935" /><E117/><V106/><F85/><W84/><G115/><T6/><D98/><N who="1" m="37387" /><E123/><V24/><F132/><W48/><G112/><T93/><D93/><U124/><E124/><V105/><F26/><W134/><G134/><T118/><D118/><U34/><E34/><V107/><N who="2" m="26624" /><DORA hai="65" /><V90/><F90/><W18/><G51/><T129/><D129/><U11/><E120/><V83/><F103/><W57/><REACH who="3" step="1"/><G68/><REACH who="3" ten="310,370,64,246" step="2"/><T114/><D114/><U94/><E11/><N who="2" m="2447" /><F83/><W17/><G17/><T59/><D10/><U125/><E125/><V87/><F87/><AGARI ba="0,1" hai="13,14,19,22,25,87,88,94" m="37387,38935" machi="87" ten="30,3900,0" yaku="8,1,52,1,54,1" doraHai="62,65" who="1" fromWho="2" sc="310,0,370,49,64,-39,246,0" /><INIT seed="4,0,0,5,0,22" ten="310,419,25,246" oya="0" hai0="108,106,25,32,11,19,130,120,121,70,117,133,58" hai1="42,131,84,53,51,116,97,76,126,15,2,85,64" hai2="115,65,29,104,20,8,57,54,135,27,134,98,83" hai3="48,43,101,56,78,124,80,109,72,74,96,125,95"/><T114/><RYUUKYOKU type="yao9" ba="0,0" sc="310,0,419,0,25,0,246,0" hai0="11,19,25,32,58,70,106,108,114,117,120,121,130,133" /><INIT seed="4,1,0,3,5,119" ten="310,419,25,246" oya="0" hai0="25,13,118,29,90,92,97,38,96,80,66,40,26" hai1="56,135,39,52,86,45,113,76,31,46,22,5,91" hai2="34,114,48,9,88,102,100,99,60,95,47,49,85" hai3="17,20,6,37,112,127,28,70,59,130,123,16,62"/><T98/><D118/><U103/><E135/><V108/><F114/><W101/><G112/><T7/><D66/><U83/><E113/><V131/><F108/><W67/><G37/><T0/><D0/><U129/><E129/><V50/><F131/><W2/><G130/><T107/><D107/><U77/><E5/><V117/><F34/><W89/><G101/><T35/><D26/><N who="1" m="16855" /><E103/><V61/><F117/><W44/><G44/><N who="1" m="17002" /><E39/><V81/><F47/><W24/><G127/><T84/><D40/><U132/><E132/><V133/><F133/><W128/><G128/><T12/><D38/><U126/><E126/><V57/><F9/><W106/><G106/><T109/><D109/><U120/><E120/><V93/><REACH who="2" step="1"/><F57/><REACH who="2" ten="310,419,15,246" step="2"/><W41/><G59/><T122/><D35/><U87/><E87/><V68/><F68/><W111/><G111/><T11/><D84/><U82/><E82/><V1/><F1/><W42/><G42/><T78/><D80/><U65/><E65/><V74/><F74/><W110/><G41/><T33/><D33/><U23/><E23/><V121/><F121/><W36/><G123/><T51/><D122/><U54/><E54/><V30/><F30/><W134/><G110/><T64/><D29/><U21/><E21/><V14/><F14/><W27/><G134/><T124/><D13/><U58/><E56/><V10/><F10/><N who="3" m="2391" /><G36/><T32/><D32/><U55/><E55/><V71/><F71/><W43/><G43/><T73/><D124/><U94/><E83/><V8/><F8/><W69/><G69/><T4/><D64/><U72/><E72/><RYUUKYOKU ba="1,1" sc="310,-15,419,15,15,15,246,-15" hai1="52,58,76,77,86,91,94" hai2="48,49,50,60,61,81,85,88,93,95,99,100,102" /><INIT seed="5,2,1,2,3,64" ten="295,434,30,231" oya="1" hai0="55,7,61,106,104,8,60,99,47,19,127,16,52" hai1="63,120,3,5,34,31,9,18,96,13,85,50,23" hai2="39,125,118,134,70,93,45,1,78,115,73,26,36" hai3="71,129,135,131,29,72,132,46,117,133,105,20,87"/><U124/><E120/><V77/><F93/><W2/><G72/><T56/><D127/><U44/><E124/><V74/><F26/><N who="3" m="16583" /><G105/><T6/><D56/><U109/><E109/><V121/><F45/><W86/><G46/><T33/><D47/><U48/><E96/><V68/><F125/><W62/><G2/><T67/><D67/><U119/><E119/><V24/><F24/><W111/><G111/><T51/><D8/><U83/><E63/><V15/><F15/><W69/><G117/><T65/><D65/><U59/><E59/><V12/><F12/><W42/><G42/><T28/><D28/><U91/><E44/><V130/><F118/><W126/><G62/><T112/><D112/><U81/><E81/><V11/><F115/><W90/><G126/><T54/><D54/><U25/><AGARI ba="2,1" hai="3,5,9,13,18,23,25,31,34,48,50,83,85,91" machi="25" ten="30,6000,0" yaku="0,1,24,2" doraHai="64" who="1" fromWho="1" sc="295,-22,434,76,30,-22,231,-22" /><INIT seed="5,3,0,0,0,9" ten="273,510,8,209" oya="1" hai0="19,76,126,74,88,42,7,67,103,94,2,91,133" hai1="77,64,1,47,59,13,43,121,83,66,63,68,128" hai2="111,98,130,27,72,95,125,4,36,124,70,29,60" hai3="48,101,104,5,8,56,106,21,30,65,89,78,61"/><U58/><E1/><V14/><F111/><W41/><G101/><T119/><D7/><U75/><E128/><V51/><F130/><W79/><G106/><T117/><D19/><U24/><E121/><V12/><F72/><W134/><G104/><T115/><D67/><U20/><E66/><N who="2" m="41287" /><F36/><W131/><G131/><T0/><D42/><U100/><E100/><N who="2" m="60511" /><F51/><W80/><G134/><T87/><D0/><U55/><E55/><V118/><F4/><W22/><G89/><T110/><D2/><U18/><E24/><V32/><F118/><W38/><G30/><T53/><D53/><U116/><E116/><V84/><F84/><W16/><G38/><AGARI ba="3,0" hai="13,18,20,38,43,47,58,59,63,64,68,75,77,83" machi="38" ten="30,2900,0" yaku="7,1,52,1" doraHai="9" who="1" fromWho="3" sc="273,0,510,38,8,0,209,-38" /><INIT seed="5,4,0,0,0,5" ten="273,548,8,171" oya="1" hai0="80,110,88,72,52,20,97,106,104,16,74,132,2" hai1="35,102,55,95,46,82,108,70,34,73,13,9,100" hai2="45,126,58,83,134,31,116,123,23,50,44,29,51" hai3="77,3,84,130,11,131,19,30,59,125,87,86,67"/><U128/><E70/><V71/><F123/><W14/><G125/><T48/><D110/><U40/><E55/><V103/><F116/><W109/><G109/><T121/><D2/><U60/><E60/><V118/><F71/><W22/><G77/><T112/><D112/><U63/><E63/><V49/><F134/><W76/><G76/><T107/><D121/><U91/><E128/><V41/><F126/><W119/><G119/><T78/><D132/><U15/><E15/><V66/><F118/><W57/><G67/><T18/><D74/><U124/><E82/><V90/><F103/><W115/><G115/><T61/><D61/><U64/><E64/><V8/><F8/><W69/><G69/><T53/><D53/><U111/><E73/><V33/><F33/><W62/><G62/><T113/><D113/><U65/><E65/><V27/><F31/><W94/><G94/><T129/><D129/><N who="3" m="49161" /><G3/><T75/><D75/><U56/><E124/><V79/><F66/><W135/><G135/><T99/><D99/><U6/><E111/><V12/><F79/><W43/><G43/><T120/><D120/><U98/><E108/><V105/><F105/><W54/><G54/><T26/><D97/><U93/><E93/><V133/><F133/><W0/><G0/><T7/><D106/><U32/><REACH who="1" step="1"/><E56/><REACH who="1" ten="273,538,8,171" step="2"/><V36/><F58/><W122/><G122/><T81/><D104/><U37/><AGARI ba="4,1" hai="6,9,13,32,34,35,37,40,46,91,95,98,100,102" machi="37" ten="30,11700,0" yaku="1,1,2,1,0,1,52,1,53,0" doraHai="5" doraHaiUra="24" who="1" fromWho="1" sc="273,-43,538,139,8,-43,171,-43" owari="230,3.0,677,77.7,-35,-53.5,128,-27.2" /></mjloggm>