<mjloggm ver="2.3"><GO type="169" lobby="0"/><UN n0="%E4%BA%8C%E6%8A%9E%E4%BA%BA" n1="%E3%83%91%E3%83%BC%E3%83%A9%E3%83%A1%E3%83%B3%E3%83%88" n2="%E6%A3%AE%E5%B1%B1%E7%94%B0%E7%9B%B4%E5%A4%AA%E6%9C%97%E4%B9%8B%E4%BB%8B" n3="%E3%81%82%E3%82%8B%E8%A8%BC%E6%98%8E%EF%BF%A1" dan="16,16,16,16" rate="2037.35,2187.49,2196.51,2097.38" sx="F,M,M,M"/><TAIKYOKU oya="0"/><INIT seed="0,0,0,3,5,134" ten="250,250,250,250" oya="0" hai0="102,128,63,27,87,129,75,103,14,48,65,130,37" hai1="106,85,4,77,108,29,0,109,31,115,124,67,97" hai2="86,79,105,110,68,23,12,83,59,40,52,101,112" hai3="1,16,122,135,42,133,7,69,94,118,43,28,119"/><T104/><D37/><U18/><E115/><V54/><F112/><W99/><G69/><T3/><D3/><U82/><E67/><V10/><F110/><W114/><G122/><T56/><D75/><U38/><E38/><V70/><F40/><N who="3" m="15403" /><G114/><T132/><D132/><N who="3" m="50761" /><G28/><T34/><D104/><U116/><E116/><V71/><F23/><W127/><G7/><T44/><D14/><U45/><E45/><V39/><F39/><W113/><G1/><T62/><D62/><U35/><E18/><V96/><REACH who="2" step="1"/><F59/><REACH who="2" ten="250,250,240,250" step="2"/><W80/><G113/><T131/><D131/><U36/><E36/><V92/><F92/><W81/><G118/><T60/><D34/><U74/><E35/><V126/><F126/><W78/><G119/><T24/><D128/><U90/><E106/><V19/><AGARI ba="0,1" hai="10,12,19,52,54,68,70,71,79,83,86,96,101,105" machi="19" ten="30,7900,0" yaku="1,1,0,1,54,1,53,1" doraHai="134" doraHaiUra="6" who="2" fromWho="2" sc="250,-39,250,-20,240,89,250,-20" /><INIT seed="1,0,0,0,1,122" ten="211,230,329,230" oya="1" hai0="117,11,90,120,36,82,53,37,46,95,91,47,128" hai1="33,107,8,55,102,13,81,5,68,58,23,45,64" hai2="2,42,127,66,93,133,98,26,63,12,18,112,70" hai3="67,49,54,111,130,40,29,14,74,115,51,3,100"/><U25/><E45/><V86/><F2/><W76/><G3/><T61/><D117/><U84/><E64/><V31/><F133/><W28/><G115/><T1/><D120/><U126/><E68/><V78/><F127/><W48/><G100/><T57/><D128/><U38/><E38/><V62/><F42/><W92/><G130/><T21/><D82/><U101/><E33/><V72/><F72/><W39/><G92/><T94/><D36/><U103/><E107/><V19/><F112/><W131/><G131/><T77/><D77/><U89/><E126/><V105/><F62/><W97/><G97/><T4/><D21/><U56/><REACH who="1" step="1"/><E55/><REACH who="1" ten="211,220,329,230" step="2"/><V59/><F70/><W119/><G54/><T134/><D37/><U16/><AGARI ba="0,1" hai="5,8,13,16,23,25,56,58,81,84,89,101,102,103" machi="16" ten="30,12000,1" yaku="1,1,2,1,0,1,8,1,54,1,53,0" doraHai="122" doraHaiUra="108" who="1" fromWho="1" sc="211,-40,220,130,329,-40,230,-40" /><INIT seed="1,1,0,2,0,70" ten="171,350,289,190" oya="1" hai0="108,112,8,99,17,29,107,16,31,69,67,118,96" hai1="45,12,2,68,88,51,126,86,34,103,40,87,20" hai2="52,110,32,24,62,36,120,27,65,10,53,81,124" hai3="129,11,105,74,73,21,119,109,0,102,100,48,117"/><U134/><E2/><V131/><F120/><W121/><G21/><T5/><D112/><U91/><E34/><V55/><F131/><W101/><G121/><T123/><D118/><N who="3" m="45065" /><G129/><T111/><D123/><U71/><E126/><V104/><F104/><W94/><G109/><N who="0" m="42059" /><D67/><U41/><E134/><V4/><F124/><W80/><G105/><T6/><D69/><U114/><E114/><V122/><F122/><W98/><G48/><T47/><D47/><U15/><E20/><V133/><F110/><W79/><G0/><N who="0" m="39" /><D99/><U13/><E103/><N who="3" m="39498" /><G11/><T84/><D84/><AGARI ba="1,0" hai="73,74,79,80,84,94,98,102" m="39498,45065" machi="84" ten="30,3900,0" yaku="12,1,34,2" doraHai="70" who="3" fromWho="0" sc="171,-42,350,0,289,0,190,42" /><INIT seed="2,0,0,1,2,108" ten="129,350,289,232" oya="2" hai0="64,20,40,109,59,52,101,118,47,94,70,134,67" hai1="51,122,110,117,119,86,89,35,14,37,65,105,36" hai2="84,33,115,15,128,74,46,56,124,44,72,5,100" hai3="81,34,8,27,78,12,24,66,43,83,53,19,61"/><V90/><F115/><W17/><G43/><T135/><D94/><U95/><E110/><V77/><F128/><W116/><G116/><T42/><D101/><U45/><E35/><V107/><F124/><W1/><G1/><T30/><D20/><U129/><E129/><V71/><F71/><W4/><G53/><T0/><D0/><U102/><BYE who="0" /><E122/><V87/><F33/><W93/><G93/><T18/><D18/><N who="3" m="6665" /><G34/><T16/><D16/><U11/><E65/><V28/><F28/><W133/><G133/><T3/><D3/><U97/><E36/><V125/><F125/><UN n0="%E4%BA%8C%E6%8A%9E%E4%BA%BA" /><W80/><G78/><T98/><D98/><U91/><E37/><V49/><F77/><W31/><G31/><T104/><D30/><U22/><E22/><V123/><F123/><W55/><G66/><N who="0" m="25131" /><D104/><U10/><E91/><V121/><F100/><W132/><G132/><N who="0" m="50731" /><D109/><U68/><E68/><V92/><F107/><W38/><G38/><N who="0" m="21911" /><D70/><U69/><E69/><V58/><F121/><W82/><N who="3" m="20480" /><DORA hai="26" /><W99/><G99/><T41/><D118/><U9/><E14/><V88/><F15/><W54/><G54/><T23/><D23/><U73/><E73/><V114/><F92/><W63/><G55/><T62/><AGARI ba="0,0" hai="41,42,52,59,62" m="21911,50731,25131" machi="62" ten="30,7900,0" yaku="20,1,34,2,54,1" doraHai="108,26" who="0" fromWho="0" sc="129,79,350,-20,289,-39,232,-20" /><INIT seed="3,0,0,2,1,132" ten="208,330,250,212" oya="3" hai0="46,121,39,64,51,37,86,90,7,23,24,21,32" hai1="68,20,6,97,55,38,70,81,82,104,134,41,103" hai2="53,127,49,96,100,2,135,0,62,11,34,3,125" hai3="131,26,110,78,14,5,88,66,22,79,52,60,1"/><W12/><G131/><T54/><D121/><U4/><E134/><V107/><F135/><W108/><G1/><T47/><D7/><U112/><E112/><V116/><F116/><W57/><G66/><T95/><D64/><U36/><E55/><V105/><F62/><W111/><G88/><T65/><D65/><U27/><E70/><V69/><F69/><W87/><G87/><T73/><D73/><U114/><E68/><V44/><F34/><W17/><REACH who="3" step="1"/><G5/><REACH who="3" ten="208,330,250,202" step="2"/><T130/><D86/><U61/><E4/><N who="2" m="1415" /><F107/><W113/><G113/><T15/><D90/><U133/><E6/><V122/><F122/><W120/><G120/><T101/><D95/><U93/><E104/><V117/><F117/><W30/><G30/><T10/><D101/><U13/><E103/><V128/><F128/><W118/><G118/><T59/><D37/><U124/><E36/><V80/><F80/><W72/><G72/><T71/><D39/><U98/><E82/><V123/><F123/><W58/><G58/><T28/><D71/><U115/><E81/><V45/><F45/><W85/><G85/><T50/><D47/><U91/><E38/><V16/><F16/><W29/><G29/><T89/><D89/><U126/><E91/><V63/><F63/><W76/><AGARI ba="0,1" hai="12,14,17,22,26,52,57,60,76,78,79,108,110,111" machi="76" ten="40,24000,3" yaku="1,1,0,1,14,1,10,1,54,1,53,3" doraHai="132" doraHaiUra="75" who="3" fromWho="3" sc="208,-80,330,-80,250,-80,202,250" /><INIT seed="3,1,0,3,3,32" ten="128,250,170,452" oya="3" hai0="121,99,48,42,104,34,1,8,20,66,33,29,43" hai1="56,85,83,119,45,21,2,78,22,14,31,112,36" hai2="9,76,102,41,60,80,108,135,49,118,122,0,47" hai3="54,117,79,77,94,64,71,92,98,38,30,74,55"/><W15/><G117/><T106/><D121/><U23/><E2/><V28/><F118/><W25/><G38/><T134/><D134/><U124/><E112/><V7/><F7/><W61/><BYE who="2" /><G15/><T107/><D66/><U26/><E119/><V6/><F6/><W13/><G13/><T37/><D37/><U115/><E115/><UN n2="%E6%A3%AE%E5%B1%B1%E7%94%B0%E7%9B%B4%E5%A4%AA%E6%9C%97%E4%B9%8B%E4%BB%8B" /><V91/><F122/><W82/><G79/><T88/><D20/><U93/><E124/><V84/><F108/><W44/><G44/><T3/><D8/><U75/><E56/><V24/><F135/><W105/><G105/><T109/><D109/><U53/><E14/><V39/><F60/><W17/><G17/><T126/><D126/><U128/><E128/><V86/><F102/><W59/><G92/><T100/><D100/><U114/><E114/><V127/><F127/><W5/><G5/><T70/><D70/><U19/><E19/><V51/><F9/><W90/><REACH who="3" step="1"/><G71/><REACH who="3" ten="128,250,170,442" step="2"/><T103/><D106/><U113/><E113/><V129/><F129/><W4/><G4/><T11/><D107/><U72/><E93/><V57/><F57/><W125/><G125/><T50/><D104/><U62/><E36/><V40/><F40/><W18/><G18/><T101/><D43/><U123/><E123/><V89/><F76/><W73/><G73/><N who="1" m="28234" /><E45/><V67/><F47/><W131/><G131/><T16/><D42/><U120/><E120/><V35/><F41/><W87/><G87/><T27/><D16/><U10/><E10/><V58/><F39/><W111/><G111/><T116/><D11/><U132/><E132/><V52/><F86/><RYUUKYOKU ba="1,1" sc="128,-15,250,15,170,-15,442,15" hai1="21,22,23,26,31,53,62,78,83,85" hai3="25,30,54,55,59,61,64,74,77,82,90,94,98" /><INIT seed="3,2,1,0,1,75" ten="113,265,155,457" oya="3" hai0="66,10,38,59,46,42,73,131,4,120,94,115,99" hai1="127,90,107,61,17,12,87,52,16,80,105,43,15" hai2="19,118,102,79,51,55,1,98,26,5,76,128,0" hai3="114,53,96,36,116,121,110,83,122,64,62,2,58"/><W74/><G2/><T124/><D120/><U106/><E127/><V54/><F118/><W70/><G96/><T113/><D124/><U85/><E43/><V48/><F128/><W119/><G83/><T30/><D30/><U33/><E33/><V60/><F60/><W34/><G34/><T11/><D131/><U77/><E12/><V47/><F26/><W134/><G74/><T13/><D73/><U133/><E133/><V56/><F19/><W39/><G134/><T108/><D108/><U67/><E52/><V109/><F109/><W71/><G114/><T92/><D11/><U23/><E17/><V123/><F123/><N who="3" m="47115" /><G110/><T21/><D21/><U111/><E111/><V86/><F86/><W35/><G35/><T129/><D129/><U63/><REACH who="1" step="1"/><E67/><REACH who="1" ten="113,255,155,457" step="2"/><V68/><F68/><N who="3" m="26155" /><G64/><T3/><D13/><U117/><E117/><AGARI ba="2,2" hai="36,39,53,58,62,116,117,119" m="26155,47115" machi="117" ten="40,3900,0" yaku="34,2" doraHai="75" who="3" fromWho="1" sc="113,0,255,-45,155,0,457,65" /><INIT seed="3,3,0,1,4,18" ten="113,210,155,522" oya="3" hai0="116,26,130,80,37,34,75,85,5,99,20,64,68" hai1="9,36,122,84,134,79,52,81,61,53,32,91,16" hai2="13,65,127,21,42,105,98,29,101,1,58,123,23" hai3="66,50,73,102,124,88,92,38,126,46,94,8,118"/><W11/><G118/><T55/><D116/><U4/><E122/><V0/><F127/><W76/><G38/><T40/><D75/><U19/><E36/><V119/><F123/><W135/><G66/><T39/><D5/><U59/><E32/><V7/><F119/><W43/><G135/><T27/><D130/><U128/><E134/><V74/><F74/><W107/><G107/><T96/><D55/><U111/><E111/><V14/><F42/><W77/><G102/><T45/><D39/><U104/><E104/><V106/><F7/><W30/><G30/><T82/><D82/><U62/><E128/><V132/><F132/><W41/><G73/><T48/><D48/><U114/><E114/><V28/><F58/><W131/><G131/><T57/><D68/><U110/><E110/><V120/><F120/><W133/><G133/><T86/><D86/><U103/><E103/><V3/><F65/><W121/><G121/><T125/><D125/><U97/><E97/><V51/><F51/><W108/><G108/><T31/><D57/><N who="1" m="34991" /><E91/><V90/><F90/><W115/><G88/><T25/><D64/><U67/><E67/><V129/><F129/><W56/><G115/><T35/><D35/><U93/><E93/><V95/><F95/><W69/><G69/><T89/><REACH who="0" step="1"/><D27/><REACH who="0" ten="103,210,155,522" step="2"/><U60/><E60/><V71/><F71/><W15/><G50/><T63/><D63/><U47/><E47/><V70/><F70/><W22/><G46/><T100/><D100/><U109/><E109/><V78/><F106/><W10/><G124/><T49/><D49/><U112/><E112/><RYUUKYOKU ba="3,1" sc="103,15,210,15,155,-15,522,-15" hai0="20,25,26,31,34,37,40,45,80,85,89,96,99" hai1="4,9,16,19,52,59,62,79,81,84" /><INIT seed="4,4,1,3,1,23" ten="118,225,140,507" oya="0" hai0="105,14,18,29,84,128,61,43,32,97,116,55,107" hai1="60,80,7,38,71,66,17,13,93,134,26,119,75" hai2="78,126,110,53,108,96,10,24,56,39,3,104,64" hai3="100,106,118,15,98,101,87,20,95,34,46,115,49"/><T51/><D116/><U85/><E119/><V89/><F126/><W121/><G118/><T82/><D128/><U48/><E38/><V65/><F39/><W22/><G34/><T88/><D43/><U102/><E134/><V1/><F78/><W68/><G68/><T90/><D61/><U6/><E75/><V36/><F36/><W117/><G117/><T8/><D90/><U114/><E114/><V12/><F3/><W45/><G115/><T27/><REACH who="0" step="1"/><D97/><REACH who="0" ten="108,225,140,507" step="2"/><U69/><E60/><V79/><F96/><N who="3" m="59423" /><G121/><T125/><D125/><U41/><E41/><V31/><F89/><W130/><G98/><T33/><D33/><U28/><E102/><V2/><F79/><W25/><G101/><T4/><D4/><U73/><E6/><V91/><F104/><W0/><G106/><T113/><D113/><U77/><E7/><V50/><F91/><W44/><G130/><T74/><D74/><U86/><E73/><V132/><F132/><W133/><G133/><T120/><D120/><U122/><E77/><V129/><F129/><W54/><G87/><T127/><D127/><U76/><E86/><V70/><F1/><W5/><G5/><T135/><D135/><U52/><E85/><V11/><F2/><W58/><G0/><T47/><AGARI ba="4,2" hai="8,14,18,27,29,32,47,51,55,82,84,88,105,107" machi="47" ten="20,18000,2" yaku="1,1,0,1,7,1,25,2,52,1,54,1,53,0" doraHai="23" doraHaiUra="94" who="0" fromWho="0" sc="108,212,225,-64,140,-64,507,-64" /><INIT seed="4,5,0,0,1,84" ten="320,161,76,443" oya="0" hai0="116,50,2,63,59,132,112,75,81,32,15,101,17" hai1="120,106,43,4,98,72,110,61,36,117,18,108,69" hai2="105,33,118,48,37,94,26,19,100,95,62,78,67" hai3="49,53,65,113,74,13,10,56,125,28,135,93,39"/><T25/><D116/><U133/><E117/><V130/><F37/><W1/><G1/><T0/><D112/><U129/><E120/><V131/><F118/><W77/><G113/><T12/><D132/><U114/><E18/><V38/><F38/><W122/><G122/><T124/><D124/><U46/><E114/><V51/><F78/><W99/><G135/><T8/><D101/><N who="1" m="62775" /><E133/><V91/><F19/><W21/><G39/><T115/><D115/><U89/><E89/><V88/><F105/><W44/><G77/><T104/><D104/><U80/><E4/><V45/><F100/><W128/><G74/><T92/><D92/><N who="2" m="35370" /><F26/><N who="3" m="16463" /><G128/><N who="2" m="49193" /><F33/><W90/><G125/><T6/><D75/><U11/><E11/><V31/><F31/><W55/><G65/><T83/><D0/><U70/><E129/><V107/><F107/><W126/><G126/><T134/><D2/><U14/><E14/><V9/><F9/><W123/><G123/><T121/><D134/><U97/><E97/><V102/><F102/><W58/><G55/><N who="0" m="34303" /><D32/><U41/><E36/><V42/><F51/><W68/><G68/><AGARI ba="5,0" hai="42,45,48,62,67,68,88,91" m="49193,35370" machi="68" ten="30,7700,0" yaku="19,1,52,2,54,1" doraHai="84" who="2" fromWho="3" sc="320,0,161,0,76,92,443,-92" /><INIT seed="5,0,0,0,1,96" ten="320,161,168,351" oya="1" hai0="43,14,62,71,18,94,34,45,134,23,54,6,49" hai1="44,29,74,12,120,65,27,64,67,70,83,61,73" hai2="79,127,36,112,60,16,5,131,103,113,128,86,85" hai3="119,51,38,81,22,53,25,21,104,117,88,97,118"/><U122/><E120/><V72/><F36/><W20/><G38/><T98/><D134/><U125/><E122/><V114/><F5/><W11/><G11/><T75/><D75/><U35/><E125/><V24/><F60/><W19/><G104/><T7/><D34/><U3/><E3/><V101/><F127/><W107/><G107/><T80/><D80/><U99/><E44/><V106/><F106/><W115/><G115/><T84/><D84/><N who="2" m="32362" /><F24/><W33/><G33/><T63/><D71/><U105/><E12/><V37/><F16/><W13/><G81/><T92/><D92/><U31/><E31/><V102/><F37/><W110/><G110/><T133/><D133/><U100/><E74/><V130/><F72/><W9/><G97/><T89/><D62/><U47/><E47/><V1/><F1/><W10/><G88/><T132/><D132/><U126/><REACH who="1" step="1"/><E126/><REACH who="1" ten="320,151,168,351" step="2"/><V4/><F4/><N who="3" m="3239" /><G10/><T82/><D6/><U0/><E0/><V68/><F68/><W50/><G25/><T55/><D7/><U78/><AGARI ba="0,1" hai="27,29,35,61,64,65,67,70,73,78,83,99,100,105" machi="78" ten="30,12000,1" yaku="1,1,0,1,25,2,52,1,53,0" doraHai="96" doraHaiUra="116" who="1" fromWho="1" sc="320,-40,151,130,168,-40,351,-40" /><INIT seed="5,1,0,1,4,19" ten="280,281,128,311" oya="1" hai0="107,61,134,99,113,14,32,92,73,124,71,33,128" hai1="45,50,42,135,79,114,25,2,125,34,7,75,109" hai2="24,63,96,22,74,1,122,9,23,44,127,4,5" hai3="82,87,95,94,28,66,77,126,62,49,27,105,6"/><U29/><E114/><V59/><F74/><W12/><G105/><T106/><D73/><U0/><E125/><V30/><F127/><W120/><G120/><T36/><D124/><U86/><E135/><V84/><F122/><W13/><G126/><T100/><D113/><U111/><E86/><V97/><F4/><W10/><G49/><T117/><D117/><U15/><E15/><V130/><F130/><W38/><G13/><T40/><D128/><U60/><E60/><V51/><F84/><W78/><G78/><T115/><D115/><U55/><E55/><V20/><F96/><W26/><G38/><T67/><D134/><U31/><E31/><V88/><F97/><W70/><REACH who="3" step="1"/><G26/><REACH who="3" ten="280,281,128,301" step="2"/><T121/><D121/><U81/><REACH who="1" step="1"/><E7/><REACH who="1" ten="280,271,128,301" step="2"/><V85/><F63/><W68/><G68/><T47/><D14/><U112/><E112/><V104/><F59/><W46/><G46/><T37/><D47/><U3/><AGARI ba="1,2" hai="0,2,3,25,29,34,42,45,50,75,79,81,109,111" machi="3" ten="40,3900,0" yaku="1,1,0,1,53,0" doraHai="19" doraHaiUra="57" who="1" fromWho="1" sc="280,-14,271,62,128,-14,301,-14" /><INIT seed="5,2,0,5,5,75" ten="266,333,114,287" oya="1" hai0="15,9,22,43,32,13,2,7,98,78,0,104,58" hai1="62,24,83,128,123,129,122,135,118,120,96,48,90" hai2="55,117,66,26,70,41,39,106,107,79,113,27,63" hai3="132,92,57,42,30,59,38,11,88,34,109,18,40"/><U60/><E118/><V50/><F117/><W76/><G109/><T86/><D32/><U84/><E135/><V102/><F113/><W85/><G132/><T31/><D43/><N who="3" m="16425" /><G34/><T47/><D47/><U35/><E48/><V133/><F133/><W121/><G38/><T97/><D58/><N who="3" m="22025" /><G30/><T64/><D64/><U53/><E53/><V54/><F102/><W74/><G74/><T68/><D68/><U23/><E35/><V52/><F39/><W69/><G69/><T81/><D104/><U82/><E96/><V100/><F107/><W87/><G121/><T105/><D105/><U65/><E82/><V14/><F14/><N who="3" m="7519" /><G87/><T51/><D51/><U114/><E114/><V95/><F106/><W124/><G124/><T17/><REACH who="0" step="1"/><D31/><REACH who="0" ten="256,333,114,287" step="2"/><N who="1" m="17823" /><E65/><V119/><F119/><W36/><G36/><T16/><D16/><U44/><E44/><V99/><F41/><W20/><G20/><T103/><D103/><U6/><E6/><V101/><F50/><W108/><G108/><T61/><D61/><U130/><AGARI ba="2,1" hai="60,62,83,84,90,120,122,123,128,129,130" m="17823" machi="130" ten="40,2100,0" yaku="19,1" doraHai="75" who="1" fromWho="1" sc="256,-9,333,37,114,-9,287,-9" /><INIT seed="5,3,0,1,4,105" ten="247,370,105,278" oya="1" hai0="13,44,5,86,82,6,133,15,79,20,66,25,92" hai1="90,41,57,14,110,0,46,37,9,17,28,107,56" hai2="45,80,109,51,128,42,33,78,99,119,77,94,73" hai3="39,93,55,129,114,85,124,62,67,2,53,84,58"/><U115/><E115/><V61/><F128/><W123/><G2/><T31/><D133/><U10/><E110/><V108/><F119/><W32/><G123/><T26/><D66/><U69/><E69/><V125/><F125/><W88/><G32/><T101/><D44/><U91/><E107/><V12/><F33/><W35/><G35/><T4/><REACH who="0" step="1"/><D25/><REACH who="0" ten="237,370,105,278" step="2"/><U106/><E46/><V60/><F78/><W52/><G114/><T103/><D103/><U27/><E91/><V63/><REACH who="2" step="1"/><F12/><REACH who="2" ten="237,370,95,278" step="2"/><W43/><G124/><T111/><D111/><U116/><E14/><V68/><F68/><W38/><G129/><T75/><D75/><U48/><E27/><V122/><F122/><W36/><REACH who="3" step="1"/><G85/><REACH who="3" ten="237,370,95,268" step="2"/><T131/><D131/><U104/><E0/><V21/><F21/><W100/><G100/><AGARI ba="3,3" hai="42,45,51,60,61,63,73,77,80,94,99,100,108,109" machi="100" ten="40,2600,0" yaku="1,1,52,1,53,0" doraHai="105" doraHaiUra="19" who="2" fromWho="3" sc="237,0,370,0,95,65,268,-35" /><INIT seed="6,0,0,3,3,47" ten="237,370,160,233" oya="2" hai0="41,45,102,54,24,87,130,115,96,36,60,71,40" hai1="76,37,103,35,42,67,69,75,3,51,85,64,79" hai2="8,80,105,91,20,94,111,28,120,74,18,72,66" hai3="12,83,123,98,113,133,43,15,23,16,49,57,107"/><V99/><F120/><W25/><G123/><T44/><D115/><U112/><E3/><V127/><F127/><W50/><G133/><T33/><D130/><U108/><E35/><V124/><F124/><W53/><G113/><T70/><D87/><U21/><E108/><V89/><F111/><W55/><G43/><T122/><D122/><U131/><E37/><V6/><F28/><W97/><G83/><T128/><D128/><U100/><E75/><V59/><F105/><W109/><G109/><T22/><D33/><U29/><E69/><V7/><F7/><W52/><G55/><T68/><D54/><U26/><E112/><V114/><F114/><W39/><G39/><T116/><D116/><U119/><E131/><V95/><F80/><W93/><G107/><T73/><D73/><U13/><E13/><N who="3" m="5194" /><G93/><T14/><D14/><U88/><E119/><V38/><F38/><W121/><G121/><T81/><D81/><N who="1" m="49199" /><E103/><V2/><F66/><N who="1" m="25129" /><E100/><V129/><F59/><AGARI ba="0,0" hai="16,23,25,49,50,52,53,57,59,97,98" m="5194" machi="59" ten="30,8000,1" yaku="8,1,52,2,54,2" doraHai="47" who="3" fromWho="2" sc="237,0,370,0,160,-80,233,80" /><INIT seed="7,0,0,1,0,90" ten="237,370,80,313" oya="3" hai0="35,4,58,77,12,98,122,113,8,69,37,48,20" hai1="16,85,19,30,73,46,88,61,39,3,93,89,45" hai2="36,53,117,78,54,118,130,42,107,100,65,31,24" hai3="96,25,126,104,6,102,34,18,11,66,135,132,119"/><W92/><G119/><T71/><D122/><U82/><E3/><V50/><F78/><W80/><G126/><T47/><D37/><U52/><E30/><V74/><F74/><W64/><G80/><T1/><D113/><U63/><E39/><V10/><F10/><W124/><G124/><T108/><D58/><N who="1" m="35015" /><E63/><V29/><F130/><W49/><G49/><T14/><D14/><U103/><E103/><V38/><F50/><W127/><G127/><T68/><D68/><U87/><E73/><V116/><F100/><W99/><G34/><T110/><D69/><U23/><E19/><V105/><F65/><W33/><G18/><T131/><D71/><U44/><E44/><V0/><F24/><AGARI ba="0,0" hai="16,23,24,45,46,82,85,87,88,89,93" m="35015" machi="24" ten="30,8000,1" yaku="8,1,52,1,54,3" doraHai="90" who="1" fromWho="2" sc="237,0,370,80,80,-80,313,0" owari="237,-16.3,450,55.0,0,-50.0,313,11.3" /></mjloggm>