<mjloggm ver="2.3"><GO type="169" lobby="0"/><UN n0="%E3%83%8D%E3%82%AA%E3%81%92%E3%82%8D%E3%81%A3%E3%81%B4" n1="%E6%81%8B%E3%81%AE%E3%81%86%E3%81%9F" n2="%E3%83%9C%E3%82%A4%E3%83%AD%E5%B0%86%E6%A3%8B%E9%83%A8%E5%93%A1" n3="%E3%81%9F%E3%81%8F%E3%81%9E%E3%81%85" dan="16,17,17,16" rate="2134.05,2218.06,2188.77,2119.67" sx="M,M,M,M"/><TAIKYOKU oya="0"/><INIT seed="0,0,0,0,4,14" ten="250,250,250,250" oya="0" hai0="74,118,55,85,42,123,37,92,52,132,50,21,67" hai1="10,114,68,129,101,125,39,133,53,15,27,44,99" hai2="18,46,100,30,112,22,72,75,69,104,35,119,65" hai3="80,58,121,70,86,4,102,127,60,120,108,117,54"/><T122/><D74/><U103/><E68/><V135/><F112/><W34/><G117/><T2/><D2/><U17/><E129/><V66/><F135/><W93/><G34/><T79/><D118/><U19/><E125/><V12/><F119/><W130/><G130/><T28/><D132/><U31/><E133/><V45/><F46/><W61/><G127/><T78/><D67/><U38/><E114/><V47/><F45/><W96/><G108/><T128/><D128/><U23/><E101/><V36/><F47/><W1/><G4/><T113/><D37/><U5/><E39/><V84/><F84/><W90/><G1/><T0/><D0/><U13/><E13/><V9/><F22/><W7/><G7/><T49/><D42/><U88/><E88/><V115/><F36/><W56/><REACH who="3" step="1"/><G70/><REACH who="3" ten="250,250,250,240" step="2"/><T29/><D113/><U105/><REACH who="1" step="1"/><E38/><REACH who="1" ten="250,240,250,240" step="2"/><V20/><F69/><W109/><G109/><T107/><D122/><U48/><AGARI ba="0,2" hai="5,10,15,17,19,23,27,31,44,48,53,99,103,105" machi="48" ten="30,8000,1" yaku="1,1,2,1,0,1,52,2,53,0" doraHai="14" doraHaiUra="59" who="1" fromWho="1" sc="250,-40,240,100,250,-20,240,-20" /><INIT seed="1,0,0,4,5,35" ten="210,340,230,220" oya="1" hai0="91,5,70,22,50,57,53,118,108,18,56,101,1" hai1="14,106,7,11,111,61,93,45,47,105,55,72,27" hai2="37,46,59,96,38,131,134,90,29,132,71,42,69" hai3="119,98,97,78,43,4,60,16,80,114,74,109,79"/><U62/><E72/><V82/><F29/><W58/><G114/><T73/><D70/><N who="2" m="26634" /><F82/><W128/><G128/><T76/><D118/><U120/><E120/><V39/><F90/><W3/><G119/><T67/><D108/><U75/><E75/><V112/><F96/><W103/><G109/><T40/><D40/><U21/><E111/><V110/><F110/><W20/><G43/><T17/><D101/><U2/><E106/><V36/><F131/><W49/><G49/><T23/><D91/><U51/><E105/><V88/><F88/><W116/><G79/><T87/><D73/><U126/><E126/><V130/><F130/><W117/><G117/><T13/><D5/><U85/><E45/><V66/><F112/><W83/><G83/><N who="0" m="47591" /><D1/><U10/><E85/><V25/><F25/><W6/><G116/><T99/><D99/><U100/><E93/><V92/><F92/><W84/><G74/><T107/><D107/><U48/><E100/><V34/><F34/><W129/><G129/><T28/><D28/><U33/><E33/><V9/><F9/><W81/><G81/><T63/><D17/><U95/><E95/><V125/><F125/><W64/><G3/><T122/><D122/><U113/><E113/><V54/><F66/><W121/><G121/><T30/><D30/><U133/><E11/><AGARI ba="0,0" hai="11,13,18,22,23,50,53,56,57,63,67" m="47591" machi="11" ten="30,1000,0" yaku="8,1" doraHai="35" who="0" fromWho="1" sc="210,10,340,-10,230,0,220,0" /><INIT seed="2,0,0,4,4,54" ten="220,330,230,220" oya="2" hai0="20,39,130,116,117,85,81,13,105,91,46,112,28" hai1="120,96,17,131,102,71,77,42,23,41,15,126,27" hai2="44,40,34,1,133,106,36,31,57,68,114,53,94" hai3="47,67,84,70,55,72,45,38,118,74,43,26,9"/><V124/><F114/><W76/><G118/><N who="0" m="45675" /><D112/><U103/><E71/><V80/><F106/><W50/><G70/><T92/><D105/><U123/><E131/><V100/><F1/><W127/><G67/><T97/><D130/><U122/><E126/><V109/><F68/><W86/><G127/><T79/><D28/><U22/><E77/><V75/><F124/><W48/><G26/><T7/><D20/><U18/><REACH who="1" step="1"/><E102/><REACH who="1" ten="220,320,230,220" step="2"/><V93/><F100/><W78/><G76/><T125/><D125/><U0/><E0/><V83/><F133/><W30/><G78/><T98/><D79/><U60/><E60/><V65/><F75/><W8/><G74/><T129/><D129/><U14/><E14/><V134/><F134/><W56/><G72/><T16/><D13/><U87/><E87/><V73/><F73/><W52/><G30/><T135/><D85/><U88/><E88/><V12/><F12/><W104/><G104/><AGARI ba="0,1" hai="15,17,18,22,23,27,41,42,96,103,104,120,122,123" machi="104" ten="40,2600,0" yaku="1,1,13,1,53,0" doraHai="54" doraHaiUra="25" who="1" fromWho="3" sc="220,0,320,36,230,0,220,-26" /><INIT seed="3,0,0,4,1,6" ten="220,356,230,194" oya="3" hai0="15,28,70,60,125,35,63,81,103,10,85,3,5" hai1="69,79,87,104,19,46,8,112,128,90,41,2,127" hai2="50,38,94,106,66,45,109,43,96,119,78,44,135" hai3="117,36,67,133,101,16,105,110,77,65,0,92,97"/><W121/><G117/><T126/><D103/><U80/><E69/><V100/><F119/><W124/><G121/><T114/><D114/><U21/><E104/><V22/><F109/><W134/><G36/><T54/><D70/><U59/><E128/><V53/><F135/><N who="3" m="51723" /><G124/><N who="0" m="47723" /><D54/><U111/><E111/><V57/><F78/><W73/><G0/><T91/><D3/><U31/><E112/><V29/><F106/><W42/><G42/><T14/><D14/><U99/><E127/><V129/><F129/><W123/><G123/><T37/><D37/><U102/><E41/><V30/><F22/><W130/><G130/><T13/><D13/><U47/><E2/><V72/><F72/><W26/><G110/><T51/><D51/><U56/><E21/><V86/><F66/><N who="3" m="25099" /><G105/><T18/><D5/><U116/><E116/><V120/><F120/><W49/><G49/><T93/><D81/><U39/><E80/><V55/><F38/><W1/><G1/><T131/><D131/><U9/><E39/><V122/><F122/><W84/><G73/><T75/><D75/><U62/><E62/><V24/><F50/><W108/><G108/><T118/><D118/><U33/><E46/><V71/><F44/><W115/><G115/><T20/><D35/><U34/><E34/><V48/><F48/><W88/><G26/><AGARI ba="0,0" hai="10,15,18,20,26,28,60,63,85,91,93" m="47723" machi="26" ten="30,2000,0" yaku="18,1,52,1" doraHai="6" who="0" fromWho="3" sc="220,20,356,0,230,0,194,-20" /><INIT seed="4,0,0,3,2,14" ten="240,356,230,174" oya="0" hai0="100,43,113,121,61,42,22,33,60,1,80,6,47" hai1="13,128,99,8,23,34,117,67,105,87,73,51,46" hai2="74,9,57,124,52,120,92,88,15,68,54,116,12" hai3="91,41,25,53,10,36,125,58,82,19,21,35,123"/><T28/><D121/><U64/><E73/><V79/><F120/><W76/><G123/><T29/><D113/><U134/><E34/><V93/><F68/><W48/><G125/><T17/><D33/><U122/><E128/><V89/><F124/><W112/><G112/><T63/><D100/><U127/><E134/><V95/><F116/><W38/><G41/><T114/><D114/><U70/><E70/><V37/><F37/><W111/><G111/><T20/><D20/><U69/><E69/><V5/><F54/><W98/><G35/><T59/><D59/><U16/><E117/><V44/><F44/><W86/><G10/><T103/><D103/><U75/><E75/><V72/><F15/><W110/><G110/><T49/><D42/><U66/><E105/><V130/><F130/><W115/><G115/><T31/><D80/><U78/><E99/><V24/><F24/><W26/><G26/><N who="0" m="14671" /><D1/><U3/><E3/><V84/><F79/><W102/><REACH who="3" step="1"/><G76/><REACH who="3" ten="240,356,230,164" step="2"/><T83/><D83/><N who="1" m="47607" /><E127/><V104/><F104/><AGARI ba="0,1" hai="19,21,25,36,38,48,53,58,82,86,91,98,102,104" machi="104" ten="30,3900,0" yaku="1,1,7,1,52,1,53,0" doraHai="14" doraHaiUra="56" who="3" fromWho="2" sc="240,0,356,0,230,-39,164,49" /><INIT seed="5,0,0,0,0,81" ten="240,356,191,213" oya="1" hai0="32,11,99,73,61,128,7,39,66,45,112,15,27" hai1="65,42,133,24,54,103,101,132,31,35,49,9,100" hai2="6,91,56,71,48,58,2,102,25,104,3,76,70" hai3="80,4,129,96,14,97,46,67,121,17,92,88,111"/><U40/><E65/><V126/><F126/><W50/><G111/><T33/><D73/><U63/><E63/><V47/><F76/><W36/><G36/><T124/><D112/><U1/><E1/><V89/><F102/><W114/><G121/><T122/><D122/><U16/><E9/><V0/><F25/><W44/><G114/><T90/><D128/><U22/><E35/><V106/><F48/><W110/><G110/><T86/><D99/><U43/><REACH who="1" step="1"/><E31/><REACH who="1" ten="240,346,191,213" step="2"/><V19/><F0/><W94/><G129/><T134/><D32/><U12/><E12/><V34/><F34/><W127/><G67/><T75/><D33/><U5/><E5/><V10/><F10/><W109/><G4/><T55/><D61/><U30/><E30/><V52/><F6/><W82/><G109/><T59/><D66/><U87/><E87/><V57/><F2/><W131/><G131/><T21/><D86/><U85/><E85/><V69/><F3/><W78/><G127/><T62/><D124/><U130/><E130/><V20/><F20/><W93/><G14/><T13/><D15/><U105/><E105/><V77/><F106/><W8/><G8/><T28/><D13/><U95/><E95/><V118/><F104/><W125/><G125/><T51/><D11/><U72/><E72/><V117/><F117/><W135/><G93/><T120/><D7/><U29/><E29/><V74/><F118/><W98/><G94/><T107/><D107/><U119/><E119/><V116/><F116/><W64/><G64/><T115/><D75/><U84/><E84/><V113/><F74/><RYUUKYOKU ba="0,1" sc="240,-10,346,30,191,-10,213,-10" hai1="16,22,24,40,42,43,49,54,100,101,103,132,133" /><INIT seed="5,1,1,5,3,99" ten="230,376,181,203" oya="1" hai0="68,83,113,42,76,91,11,36,57,20,112,98,120" hai1="10,97,126,55,4,129,1,54,27,33,105,77,12" hai2="64,118,7,61,65,51,109,29,67,81,9,34,102" hai3="89,101,2,56,50,78,86,119,25,15,132,121,21"/><U108/><E126/><V49/><F118/><W117/><G121/><T40/><D68/><U73/><E129/><V92/><F109/><W46/><G2/><T115/><D120/><U75/><E108/><V66/><F81/><W96/><G78/><T103/><D91/><U85/><E85/><V59/><F34/><W79/><G79/><T133/><D133/><U95/><E105/><V107/><F29/><W14/><G56/><T13/><D36/><U94/><E94/><V130/><F107/><W5/><G132/><T35/><D20/><U16/><E27/><V58/><F58/><W100/><G96/><T3/><D57/><U6/><E33/><V104/><F104/><W128/><G128/><T44/><D35/><U38/><E38/><V48/><F130/><W8/><G15/><T0/><D98/><U31/><E31/><V41/><F92/><N who="3" m="54327" /><G119/><T43/><D103/><N who="3" m="39497" /><G117/><T22/><D44/><U134/><E1/><V127/><F102/><W84/><G84/><N who="0" m="48231" /><D22/><U124/><E134/><V37/><F37/><W26/><G21/><T24/><D24/><U106/><E106/><V74/><F74/><W116/><G116/><T125/><D125/><U30/><E124/><V47/><REACH who="2" step="1"/><F127/><REACH who="2" ten="230,376,171,203" step="2"/><W18/><G5/><AGARI ba="1,2" hai="0,3,5,11,13,40,42,43,112,113,115" m="48231" machi="5" ten="40,1300,0" yaku="15,1" doraHai="99" who="0" fromWho="3" sc="230,36,376,0,171,0,203,-16" /><INIT seed="6,0,0,2,0,96" ten="266,376,171,187" oya="2" hai0="19,82,115,116,105,77,126,89,66,123,35,5,94" hai1="114,39,34,121,120,3,49,65,17,7,97,112,68" hai2="85,37,62,10,104,118,45,20,117,91,9,72,69" hai3="103,88,75,41,18,23,73,111,43,24,113,71,32"/><V79/><F20/><W87/><G111/><T54/><D123/><N who="1" m="47179" /><E39/><V50/><F37/><W29/><G71/><T135/><D105/><U44/><E34/><V64/><F72/><W4/><G113/><T38/><D38/><U30/><E30/><V12/><F104/><W11/><G75/><T106/><D35/><U127/><E127/><V8/><F79/><W55/><G55/><T48/><D106/><U99/><E17/><V124/><F124/><W21/><G103/><T25/><D5/><U26/><E26/><V40/><REACH who="2" step="1"/><F12/><REACH who="2" ten="266,376,161,187" step="2"/><N who="3" m="5223" /><G73/><T90/><D77/><U129/><E114/><V95/><AGARI ba="0,1" hai="8,9,10,40,45,50,62,64,69,85,91,95,117,118" machi="95" ten="30,3000,0" yaku="1,1,0,1,53,0" doraHai="96" doraHaiUra="92" who="2" fromWho="2" sc="266,-10,376,-10,161,40,187,-10" /><INIT seed="6,1,0,3,1,34" ten="256,366,201,177" oya="2" hai0="118,56,70,100,35,20,11,95,5,112,75,23,93" hai1="10,40,16,101,30,4,53,26,21,105,121,41,82" hai2="115,68,127,65,3,76,14,13,113,117,119,63,129" hai3="44,49,108,28,43,128,132,116,122,110,99,111,85"/><V2/><F127/><W130/><G28/><T64/><D70/><U103/><E121/><V126/><F126/><W25/><G25/><T94/><D35/><U17/><E105/><V133/><F133/><W59/><G122/><T31/><D75/><U89/><E53/><V39/><F39/><W45/><G99/><T125/><D125/><U78/><E89/><V109/><F129/><N who="3" m="49771" /><G85/><T38/><D38/><U9/><E9/><V42/><F42/><N who="1" m="16489" /><E4/><V37/><F37/><N who="3" m="21615" /><G132/><T77/><D77/><U72/><E72/><V19/><F76/><W29/><G29/><T32/><D23/><U135/><E135/><V134/><F109/><W51/><G45/><T33/><D94/><U83/><E78/><V36/><F36/><W50/><G116/><N who="2" m="44617" /><F134/><W123/><G123/><T124/><D124/><U48/><E30/><V55/><F13/><W97/><G97/><T106/><D31/><U96/><E96/><V107/><F107/><W102/><G102/><T84/><D106/><U46/><E101/><V87/><F87/><W90/><G90/><T66/><D84/><U88/><E103/><V104/><F104/><W24/><G24/><T22/><D100/><U1/><E88/><V74/><F74/><W47/><G47/><T62/><D32/><U131/><E131/><V7/><F7/><W120/><G120/><T80/><D5/><N who="1" m="1327" /><E17/><V92/><F92/><W61/><G111/><T8/><D93/><U71/><E71/><V15/><F14/><W12/><G12/><T79/><D95/><U57/><E46/><V81/><F81/><W91/><G91/><T67/><D80/><RYUUKYOKU ba="1,0" sc="256,-15,366,15,201,-15,177,15" hai1="16,21,26,48,57,82,83" hai3="49,50,51,59,61,108,110" /><INIT seed="7,2,0,1,5,73" ten="241,381,186,192" oya="3" hai0="26,31,122,23,47,80,27,126,38,14,70,129,63" hai1="76,72,17,123,121,124,131,29,107,53,56,60,62" hai2="1,66,118,85,87,10,117,54,33,18,92,77,43" hai3="69,115,82,57,11,41,99,13,44,110,48,2,81"/><W58/><G115/><T109/><D122/><U8/><E107/><V20/><F33/><W95/><G69/><T37/><D109/><U30/><E131/><V132/><F66/><W112/><G112/><T74/><D129/><U134/><E124/><V5/><F43/><W35/><G35/><T46/><D126/><U125/><E125/><V3/><F3/><W103/><G2/><T50/><D14/><U45/><E134/><V91/><F132/><W61/><G110/><T96/><D96/><U21/><E8/><V0/><F0/><W127/><G127/><T59/><D70/><U79/><E72/><V93/><F54/><W104/><G104/><T22/><D80/><N who="3" m="30825" /><G61/><T51/><D74/><U84/><E60/><V108/><F108/><W32/><G32/><T83/><D83/><U89/><E123/><V119/><F77/><N who="1" m="29769" /><E45/><N who="0" m="16905" /><D38/><U36/><E36/><V49/><F49/><W90/><G103/><T34/><D34/><U16/><E121/><V7/><F7/><AGARI ba="2,0" hai="7,11,13,41,44,48,57,58,90,95,99" m="30825" machi="7" ten="30,1500,0" yaku="8,1" doraHai="73" who="3" fromWho="2" sc="241,0,381,0,186,-21,192,21" /><INIT seed="7,3,0,3,4,113" ten="241,381,165,213" oya="3" hai0="68,5,4,19,33,69,2,37,31,101,13,50,104" hai1="106,42,30,128,52,29,54,75,47,77,87,56,44" hai2="12,32,73,89,126,99,92,109,107,18,117,78,65" hai3="85,103,127,91,8,80,3,6,46,53,16,83,21"/><W7/><G7/><BYE who="3" /><UN n3="%E3%81%9F%E3%81%8F%E3%81%9E%E3%81%85" /><T96/><D37/><U123/><E75/><V105/><F32/><W110/><G127/><T1/><D50/><U102/><E106/><V66/><F109/><W129/><G110/><T125/><D125/><U88/><E128/><V51/><F126/><W48/><G129/><T130/><D130/><U79/><E102/><V63/><F65/><W40/><G103/><T59/><D59/><U82/><E123/><V58/><F117/><W114/><G114/><T84/><D84/><U23/><E42/><V25/><F25/><W131/><G131/><T39/><D39/><U60/><E23/><V134/><F134/><W9/><G9/><N who="0" m="2191" /><D19/><U22/><E22/><V38/><F38/><W121/><G121/><T35/><D13/><U34/><E34/><N who="0" m="12809" /><D31/><N who="1" m="11787" /><E54/><V36/><F36/><W0/><G0/><T61/><D61/><U119/><E119/><V62/><F62/><W95/><REACH who="3" step="1"/><G53/><REACH who="3" ten="241,381,165,203" step="2"/><T94/><D5/><U118/><E118/><V116/><F116/><W45/><G45/><AGARI ba="3,1" hai="44,45,47,52,56,60,77,79,82,87,88" m="11787" machi="45" ten="30,3900,0" yaku="8,1,54,2" doraHai="113" who="1" fromWho="3" sc="241,0,381,58,165,0,203,-48" owari="241,4.1,439,53.9,165,-23.5,155,-34.5" /></mjloggm>