<mjloggm ver="2.3"><GO type="225" lobby="0"/><UN n0="%E9%A6%AC%E5%BC%95%E7%81%AB%33" n1="%E7%B4%94%E6%BD%94%E3%83%94%E3%83%A9%E3%83%8B%E3%82%A2" n2="%E3%82%A2%E3%82%A4%E3%82%B9%E3%83%86%E3%82%A3%E3%83%BC%E3%81%82%E3%81%B9" n3="%E4%BF%BA%E3%81%A8%E5%A6%96%E5%A4%A2" dan="16,16,16,16" rate="2142.60,2180.96,2064.98,2117.31" sx="M,M,M,F"/><TAIKYOKU oya="0"/><INIT seed="0,0,0,5,0,131" ten="250,250,250,250" oya="0" hai0="105,44,114,96,74,24,64,47,61,35,39,128,34" hai1="3,78,46,26,87,51,122,0,11,84,62,7,67" hai2="5,111,59,99,45,103,60,98,31,32,21,73,81" hai3="80,135,100,22,58,89,19,95,70,23,13,36,71"/><T123/><D114/><U113/><E113/><V88/><F111/><W115/><G115/><T49/><D123/><U91/><E122/><V94/><F32/><W41/><G100/><N who="0" m="62599" /><D74/><U79/><E26/><V83/><F5/><W109/><G109/><T101/><D35/><U69/><E0/><V48/><F73/><W130/><G130/><T65/><D65/><U66/><E67/><V17/><F31/><W56/><G80/><T125/><D128/><U15/><E3/><V112/><F112/><W97/><G41/><T72/><D72/><U121/><E121/><V8/><F8/><W28/><G36/><T52/><D101/><U126/><E126/><V124/><F124/><W77/><G77/><T12/><D12/><U20/><E20/><V18/><F18/><W4/><G4/><T132/><D125/><U1/><E1/><V119/><F119/><W27/><G70/><N who="0" m="42255" /><D39/><U75/><E75/><V90/><F90/><W108/><G71/><T127/><D127/><U82/><REACH who="1" step="1"/><E84/><REACH who="1" ten="250,240,250,250" step="2"/><V38/><F21/><W2/><G2/><T104/><D24/><U30/><E30/><V133/><F99/><W92/><G108/><T10/><D34/><U86/><E86/><V120/><F98/><W129/><G129/><T106/><D10/><U14/><E14/><V43/><F120/><W93/><G97/><T53/><D104/><U50/><E50/><V16/><F48/><W116/><G28/><T54/><D106/><U134/><E134/><V55/><F133/><W42/><G135/><T118/><D132/><U33/><E33/><V102/><F103/><W85/><G27/><RYUUKYOKU ba="0,1" sc="250,-10,240,30,250,-10,250,-10" hai1="7,11,15,46,51,62,66,69,78,79,82,87,91" /><INIT seed="1,1,1,0,4,79" ten="240,270,240,240" oya="1" hai0="81,121,88,103,15,73,29,58,89,63,132,3,55" hai1="84,51,18,53,131,56,106,41,128,110,47,46,39" hai2="94,13,59,101,33,32,10,0,5,64,61,129,27" hai3="12,104,115,65,16,80,52,20,112,25,86,66,135"/><U116/><E106/><V77/><F129/><N who="1" m="49737" /><E116/><V37/><F37/><W69/><G104/><T26/><D3/><U34/><E34/><V105/><F105/><W75/><G75/><T130/><D130/><U92/><E18/><V127/><F127/><W122/><G122/><T4/><D103/><U44/><E110/><V8/><F27/><W6/><G135/><T36/><D36/><U43/><E92/><V93/><F93/><W21/><G69/><T50/><D132/><U40/><E84/><V74/><F94/><W91/><G52/><T109/><D109/><U111/><E111/><V38/><F38/><AGARI ba="1,1" hai="38,39,40,41,43,44,46,47,51,53,56" m="49737" machi="38" ten="40,7700,0" yaku="19,1,34,2" doraHai="79" who="1" fromWho="2" sc="240,0,270,90,240,-80,240,0" /><INIT seed="1,2,0,1,5,104" ten="240,360,160,240" oya="1" hai0="78,49,126,24,116,71,93,79,45,54,106,87,31" hai1="80,114,76,20,30,95,43,134,103,55,18,32,117" hai2="3,129,1,128,100,56,97,84,64,53,119,8,46" hai3="28,110,13,98,17,102,125,57,19,15,35,85,38"/><U74/><E114/><V39/><F119/><W66/><G38/><T44/><D116/><U65/><E117/><V92/><F64/><W120/><G120/><T121/><D106/><U48/><E134/><V86/><F46/><W7/><G110/><T59/><D71/><U123/><E123/><V4/><F39/><W132/><G132/><T22/><D121/><U2/><E2/><V40/><F40/><W41/><G41/><T70/><D70/><U6/><E6/><V62/><REACH who="2" step="1"/><F3/><REACH who="2" ten="240,360,150,240" step="2"/><W108/><G66/><T135/><D135/><U25/><E65/><V33/><F33/><W118/><G35/><T14/><D44/><U82/><E43/><V26/><F26/><W51/><G118/><T113/><D24/><U88/><E32/><V63/><F63/><W12/><G108/><T29/><D45/><U60/><E60/><V83/><F83/><W107/><G51/><T101/><D49/><U122/><E122/><V131/><AGARI ba="2,1" hai="1,4,8,53,56,62,84,86,92,97,100,128,129,131" machi="131" ten="30,4000,0" yaku="1,1,0,1,19,1,53,0" doraHai="104" doraHaiUra="9" who="2" fromWho="2" sc="240,-12,360,-22,150,56,240,-12" /><INIT seed="2,0,0,5,0,87" ten="228,338,206,228" oya="2" hai0="56,58,134,79,67,14,65,41,43,44,84,74,29" hai1="63,11,76,95,18,131,121,122,126,61,90,52,129" hai2="17,4,127,0,60,8,93,36,48,107,81,128,32" hai3="50,113,78,111,42,21,117,12,89,115,68,106,45"/><V47/><F107/><W94/><G117/><T114/><D114/><N who="3" m="43529" /><G106/><T118/><D74/><U46/><E76/><V9/><F32/><W75/><G68/><T112/><D112/><U82/><E82/><V77/><F127/><W37/><G37/><BYE who="3" /><T105/><D105/><U72/><E72/><V24/><F128/><N who="1" m="49225" /><E126/><V116/><F116/><W124/><G124/><T133/><D118/><U33/><E33/><V110/><F110/><W27/><G27/><T130/><D130/><UN n3="%E4%BF%BA%E3%81%A8%E5%A6%96%E5%A4%A2" /><U22/><E11/><V57/><F36/><W69/><G69/><T85/><D14/><N who="1" m="9559" /><E46/><V59/><F93/><W83/><G12/><T13/><D13/><U40/><E40/><V100/><F100/><W7/><G21/><T86/><D79/><U1/><E1/><V66/><F9/><W103/><G7/><T25/><D43/><U102/><E102/><V19/><F59/><N who="0" m="22570" /><D44/><U49/><E49/><V109/><F24/><W10/><G10/><T108/><D41/><U34/><E52/><V64/><F66/><W120/><G103/><T5/><D5/><U28/><E28/><V35/><F35/><W51/><G51/><T3/><D3/><U26/><E26/><V70/><F70/><W132/><G111/><T31/><D108/><U23/><E23/><V123/><F109/><W73/><G73/><T2/><D2/><U53/><E53/><N who="2" m="29855" /><F123/><N who="1" m="47113" /><E34/><V119/><F119/><W38/><G120/><T125/><D125/><U135/><E135/><N who="0" m="51721" /><D29/><U96/><AGARI ba="0,0" hai="61,63,90,95,96" m="47113,9559,49225" machi="96" ten="30,4000,0" yaku="19,1,13,1,52,1" doraHai="87" who="1" fromWho="1" sc="228,-10,338,40,206,-20,228,-10" /><INIT seed="3,0,0,4,0,89" ten="218,378,186,218" oya="3" hai0="54,124,127,128,97,23,57,130,11,83,10,15,7" hai1="106,42,4,126,33,53,74,112,103,85,133,65,25" hai2="100,116,0,80,72,35,32,88,78,37,64,59,17" hai3="40,96,14,123,76,77,34,16,86,75,12,22,70"/><W111/><G123/><T110/><D110/><U38/><E53/><V87/><F116/><W92/><G75/><T41/><D41/><U108/><E85/><V118/><F118/><W84/><G34/><T58/><D97/><U13/><E13/><V61/><F0/><W91/><G70/><T129/><D11/><U109/><E4/><V24/><F37/><W117/><G117/><T71/><D71/><U46/><E65/><V62/><F100/><W131/><G111/><T99/><D99/><U119/><E25/><V1/><F1/><W93/><G131/><T122/><D122/><U113/><E103/><V73/><F72/><W102/><G40/><T9/><D9/><U105/><E46/><V29/><F17/><N who="3" m="10535" /><G84/><T104/><D104/><U39/><E42/><V132/><F132/><W115/><G115/><T121/><D121/><U120/><E106/><V3/><F3/><W68/><G68/><T21/><D83/><U107/><E105/><V56/><F32/><W2/><G2/><T49/><D58/><U135/><E107/><V95/><F61/><W31/><G31/><T28/><D28/><U5/><E119/><V26/><F26/><W90/><G102/><T47/><D57/><AGARI ba="0,0" hai="24,29,35,56,57,59,62,64,73,78,80,87,88,95" machi="57" ten="30,3900,0" yaku="7,1,52,1,54,1" doraHai="89" who="2" fromWho="0" sc="218,-39,378,0,186,39,218,0" owari="179,-32.1,378,47.8,225,2.5,218,-18.2" /></mjloggm>