<mjloggm ver="2.3"><GO type="169" lobby="0"/><UN n0="%E5%8F%B3%E8%84%B3%E8%A9%B0%E3%82%81" n1="%E5%A4%A9%E6%89%8D%E9%BA%BB%E5%B0%86%E6%99%BA%E4%B9%83" n2="%54%65%72%61%50" n3="%E3%83%87%E3%83%A9%E3%82%B3%E3%83%83%E3%82%B3" dan="17,16,17,16" rate="2217.19,2174.21,2113.49,2152.54" sx="M,M,M,M"/><TAIKYOKU oya="0"/><INIT seed="0,0,0,4,3,42" ten="250,250,250,250" oya="0" hai0="55,62,12,67,41,20,129,82,59,126,46,44,127" hai1="99,74,71,85,38,60,3,63,16,107,2,97,121" hai2="14,51,135,1,98,56,10,23,104,0,117,73,7" hai3="29,34,50,103,92,101,5,116,18,84,120,114,106"/><T109/><D129/><U21/><E74/><V24/><F135/><W53/><G116/><T15/><D82/><U128/><E121/><V72/><F117/><W88/><G114/><T69/><D109/><U119/><E119/><V75/><F104/><W64/><G5/><T25/><D15/><U8/><E38/><V39/><F39/><W58/><G106/><T132/><D12/><U76/><E128/><V4/><F98/><W125/><G125/><N who="0" m="47627" /><D41/><U122/><E122/><V130/><F130/><W123/><G123/><T36/><D36/><U26/><E2/><V80/><F80/><W54/><G120/><T91/><D91/><U89/><E76/><V47/><F56/><W66/><G103/><T6/><D6/><U33/><E71/><V90/><F90/><W45/><G101/><T52/><D55/><U110/><E110/><V94/><F94/><W108/><G108/><T112/><D132/><U79/><E79/><V37/><F4/><W118/><G118/><T61/><D112/><U28/><E107/><V32/><F32/><W105/><G105/><T77/><D77/><U48/><E33/><V133/><F37/><W43/><G54/><T9/><D9/><U35/><E8/><V30/><REACH who="2" step="1"/><F133/><REACH who="2" ten="250,250,240,250" step="2"/><W11/><G34/><T57/><D69/><U31/><E35/><V87/><F87/><W111/><G111/><T22/><D22/><U78/><E89/><V83/><F83/><W70/><G70/><T86/><D86/><U124/><E124/><V49/><F49/><W17/><G84/><T115/><D115/><U100/><E85/><V81/><F81/><RYUUKYOKU ba="0,1" sc="250,15,250,-15,240,15,250,-15" hai0="20,25,44,46,52,57,59,61,62,67" hai2="0,1,7,10,14,23,24,30,47,51,72,73,75" /><INIT seed="0,1,1,0,5,80" ten="265,235,255,235" oya="0" hai0="100,105,16,35,37,108,68,99,7,44,115,52,125" hai1="46,74,124,95,4,18,50,33,30,76,96,102,59" hai2="29,42,14,130,28,79,109,135,67,53,3,27,60" hai3="123,2,32,19,133,66,26,34,92,81,73,78,40"/><T8/><D115/><U10/><E124/><V51/><F3/><W25/><G2/><T21/><D35/><U61/><E33/><V89/><F109/><W55/><G133/><T103/><D68/><U6/><E30/><V134/><F130/><W38/><G66/><T75/><D75/><U11/><E76/><V1/><F1/><W63/><G123/><T106/><D125/><U131/><E74/><V120/><F120/><W112/><G112/><T77/><D77/><U122/><E131/><V118/><F118/><W88/><G26/><T87/><D87/><U83/><E83/><V98/><F42/><W0/><G0/><T104/><D37/><U127/><E127/><V128/><F14/><W107/><G107/><T70/><D70/><U85/><E85/><V20/><F29/><W84/><G40/><T15/><D103/><U22/><E6/><V82/><F89/><W90/><G90/><T132/><D132/><U113/><E4/><V114/><F114/><W17/><G38/><T58/><D44/><U45/><E45/><V13/><F128/><W9/><G17/><T86/><D86/><U54/><E122/><V116/><F116/><W129/><G129/><T39/><D39/><U65/><REACH who="1" step="1"/><E113/><REACH who="1" ten="265,225,255,235" step="2"/><V64/><F135/><W119/><G119/><T71/><D108/><U12/><AGARI ba="1,2" hai="10,11,12,18,22,46,50,54,59,61,65,95,96,102" machi="12" ten="20,8000,1" yaku="1,1,2,1,0,1,7,1,8,1,53,0" doraHai="80" doraHaiUra="117" who="1" fromWho="1" sc="265,-41,225,103,255,-21,235,-21" /><INIT seed="1,0,0,0,2,76" ten="224,328,234,214" oya="1" hai0="117,98,35,113,109,96,23,53,5,72,132,47,87" hai1="1,39,111,103,105,80,101,27,13,99,81,135,56" hai2="65,14,89,54,3,52,73,6,29,59,66,94,20" hai3="86,83,48,57,85,104,24,102,40,2,61,51,28"/><U100/><E1/><V133/><F73/><W68/><G2/><T7/><D113/><U75/><E39/><V131/><F3/><W55/><G68/><T62/><D35/><U121/><E121/><V34/><F34/><W12/><G40/><T41/><D72/><U106/><E75/><V22/><F131/><W88/><G12/><T26/><D109/><U45/><E111/><V0/><F0/><W118/><G118/><T92/><D132/><U112/><E112/><V125/><F125/><W107/><G86/><T78/><D98/><U58/><E27/><V71/><F71/><W95/><G107/><T114/><D117/><U30/><E30/><V110/><F54/><W134/><G104/><T130/><D130/><U77/><E77/><V11/><F133/><W18/><G18/><T37/><D114/><U32/><E32/><V19/><F29/><W128/><G128/><T120/><D53/><U50/><E135/><V91/><F91/><W129/><G129/><T74/><D62/><U90/><E13/><V93/><F93/><W64/><G55/><T79/><D79/><U16/><E16/><V42/><F42/><W31/><G134/><T9/><D9/><U63/><E106/><V46/><F46/><W21/><G31/><N who="0" m="17887" /><D74/><U124/><E105/><V116/><F20/><W122/><G122/><T97/><D97/><AGARI ba="0,0" hai="21,24,28,48,51,57,61,64,83,85,88,95,97,102" machi="97" ten="40,8000,1" yaku="25,2,8,1,52,1,54,1" doraHai="76" who="3" fromWho="0" sc="224,-80,328,0,234,0,214,80" /><INIT seed="2,0,0,2,4,11" ten="144,328,234,294" oya="2" hai0="45,88,19,65,71,113,64,73,125,124,134,79,115" hai1="126,31,82,44,57,122,84,102,90,24,76,56,36" hai2="34,119,92,25,123,109,27,4,7,128,68,95,59" hai3="78,81,52,127,69,15,17,53,51,96,89,93,106"/><V104/><F119/><W28/><G127/><N who="0" m="48715" /><D73/><U70/><E70/><V130/><F68/><W22/><G69/><T23/><D79/><U16/><E126/><V5/><F104/><W48/><G106/><T29/><D29/><U83/><E122/><V77/><F123/><W94/><G94/><N who="2" m="35881" /><F77/><W66/><G66/><N who="0" m="25707" /><D71/><U101/><E36/><V133/><F34/><W100/><G100/><N who="1" m="38506" /><E31/><V132/><F59/><W26/><G48/><T12/><D134/><N who="2" m="51818" /><F109/><W85/><REACH who="3" step="1"/><G51/><REACH who="3" ten="144,328,234,284" step="2"/><T20/><D45/><U114/><E44/><V98/><F98/><W67/><G67/><T32/><D113/><U49/><E114/><V107/><F107/><W120/><G120/><T135/><D115/><U14/><E49/><V0/><F0/><W10/><AGARI ba="0,1" hai="10,15,17,22,26,28,52,53,78,81,85,89,93,96" machi="10" ten="20,12000,2" yaku="1,1,0,1,7,1,8,1,52,1,54,1,53,0" doraHai="11" doraHaiUra="103" who="3" fromWho="3" sc="144,-30,328,-30,234,-60,284,130" /><INIT seed="3,0,0,3,2,127" ten="114,298,174,414" oya="3" hai0="103,9,117,27,26,29,53,66,91,56,17,93,132" hai1="35,80,104,87,112,22,83,125,82,90,61,62,73" hai2="25,94,81,11,131,116,18,49,2,10,52,14,39" hai3="28,122,3,130,107,54,63,1,129,79,51,32,41"/><W43/><G107/><T23/><D117/><U31/><E35/><V133/><F116/><W101/><G101/><T135/><D66/><U72/><E112/><V4/><F39/><W36/><G79/><T99/><D103/><U67/><E104/><V126/><F126/><W19/><G122/><T58/><D58/><U34/><E34/><V111/><F111/><W78/><G78/><T120/><D120/><U42/><E42/><N who="3" m="15882" /><G63/><T7/><D27/><U123/><E123/><V95/><F133/><W6/><G6/><T20/><D20/><U124/><E124/><V71/><F71/><W86/><G86/><T84/><D84/><U59/><E125/><V75/><F81/><W13/><G36/><T85/><D29/><U70/><E73/><V38/><F75/><W105/><G28/><T97/><D97/><U37/><E37/><V60/><F60/><W118/><G105/><T57/><D85/><U134/><E72/><V44/><F38/><W15/><G32/><T64/><D64/><U113/><E70/><V102/><F102/><W8/><G13/><T96/><D96/><U92/><E67/><V128/><REACH who="2" step="1"/><F25/><REACH who="2" ten="114,298,164,414" step="2"/><W24/><G24/><T65/><D65/><U68/><E68/><V5/><F5/><W16/><G118/><T114/><D114/><U40/><E113/><V12/><F12/><W106/><G15/><T50/><D7/><U89/><E83/><V88/><F88/><W46/><G1/><T21/><D26/><U47/><E82/><V33/><F33/><W30/><G3/><T119/><D119/><U121/><E80/><V69/><F69/><RYUUKYOKU ba="0,1" sc="114,-10,298,-10,164,30,414,-10" hai2="2,4,10,11,14,18,44,49,52,94,95,128,131" /><INIT seed="4,1,1,4,0,122" ten="104,288,194,404" oya="0" hai0="117,125,124,115,86,23,105,119,129,88,69,5,71" hai1="113,109,74,38,35,110,134,56,90,97,20,70,44" hai2="80,99,58,84,118,57,25,32,132,96,89,92,60" hai3="87,102,130,98,79,120,42,81,41,31,82,78,40"/><T111/><D105/><U16/><E70/><V63/><F132/><W107/><G130/><T18/><D129/><U9/><E35/><V28/><F118/><W54/><G120/><T101/><D101/><U133/><E74/><V26/><F26/><W11/><G31/><T46/><D5/><U62/><E9/><V94/><F58/><W50/><G11/><T135/><D135/><N who="1" m="51723" /><E113/><V17/><F17/><W73/><G40/><T27/><D115/><U21/><E21/><V52/><F60/><W13/><G13/><T6/><D6/><U22/><E22/><V4/><F4/><W61/><G61/><T24/><D46/><AGARI ba="1,1" hai="41,42,46,50,54,73,78,79,81,82,87,98,102,107" machi="46" ten="30,1000,0" yaku="7,1" doraHai="122" who="3" fromWho="0" sc="104,-13,288,0,194,0,404,23" /><INIT seed="5,0,0,1,5,111" ten="91,288,194,427" oya="1" hai0="89,15,68,6,32,117,126,50,19,113,87,51,39" hai1="82,128,43,83,37,115,29,107,59,17,124,119,12" hai2="72,85,131,49,28,45,86,53,34,81,80,84,95" hai3="105,103,40,23,110,99,62,41,120,58,65,93,122"/><U133/><E119/><V70/><F70/><W118/><G110/><T102/><D117/><U16/><E107/><V123/><F123/><W92/><G118/><T97/><D39/><U101/><E128/><V77/><F131/><W61/><G105/><T2/><D32/><U98/><E133/><V90/><F34/><W56/><G23/><T132/><D68/><U31/><E124/><V1/><F1/><W129/><G129/><T66/><D66/><U36/><E36/><V46/><F28/><N who="1" m="10825" /><E37/><V13/><F45/><W63/><G63/><T20/><D132/><U69/><E69/><V78/><REACH who="2" step="1"/><F13/><REACH who="2" ten="91,288,184,427" step="2"/><W88/><G122/><T33/><D33/><U79/><E43/><V0/><F0/><W27/><G120/><T42/><D126/><U47/><E47/><V4/><F4/><W76/><G27/><T11/><D42/><U57/><E12/><V114/><F114/><W134/><G134/><T35/><D35/><U108/><E115/><V106/><F106/><W116/><G116/><T64/><D113/><U48/><E108/><V112/><F112/><W71/><G71/><T10/><D2/><U121/><E121/><V7/><F7/><W127/><G127/><T44/><D6/><U22/><E59/><V74/><AGARI ba="0,1" hai="46,49,53,72,74,77,78,80,81,84,85,86,90,95" machi="74" ten="20,8000,1" yaku="1,1,0,1,7,1,9,1,53,1" doraHai="111" doraHaiUra="91" who="2" fromWho="2" sc="91,-20,288,-40,184,90,427,-20" /><INIT seed="6,0,0,1,2,29" ten="71,248,274,407" oya="2" hai0="34,106,6,116,69,111,128,74,39,42,12,28,86" hai1="76,63,37,84,17,122,97,10,41,11,107,19,127" hai2="114,87,16,98,59,43,25,55,47,90,1,85,67" hai3="123,100,40,88,51,125,57,56,50,15,112,124,110"/><V65/><F1/><W20/><G110/><T58/><D58/><N who="3" m="22633" /><G123/><T9/><D86/><U82/><E122/><V105/><F114/><W95/><G100/><T120/><D42/><U96/><E127/><N who="3" m="48714" /><G40/><T78/><D78/><U32/><E63/><V91/><F105/><W94/><G112/><T18/><D69/><U0/><E107/><V23/><F87/><N who="3" m="52511" /><G95/><T71/><D71/><U92/><E97/><V38/><F91/><W102/><G102/><T134/><D39/><U21/><E41/><V103/><F98/><W80/><G80/><T75/><D106/><U53/><E37/><V119/><F119/><W27/><G15/><T68/><D68/><U61/><E61/><V49/><REACH who="2" step="1"/><F103/><REACH who="2" ten="71,248,264,407" step="2"/><W109/><G109/><T52/><D111/><U60/><E0/><V8/><F8/><W5/><G5/><T83/><D116/><U93/><E96/><V44/><F44/><W31/><AGARI ba="0,1" hai="20,27,31,50,51" m="52511,48714,22633" machi="31" ten="30,2000,0" yaku="18,1,54,1" doraHai="29" who="3" fromWho="3" sc="71,-5,248,-5,264,-10,407,30" /><INIT seed="7,0,0,5,3,39" ten="66,243,254,437" oya="3" hai0="115,59,4,53,45,83,98,37,57,12,22,120,40" hai1="21,30,114,10,74,132,68,9,123,122,84,79,103" hai2="85,49,7,72,130,80,111,71,8,47,100,77,113" hai3="1,50,38,101,34,78,58,56,75,104,43,64,25"/><W131/><G1/><T82/><D120/><U6/><E74/><V5/><F111/><W107/><G50/><T96/><D115/><U41/><E68/><V63/><F130/><W126/><G64/><T2/><D2/><U51/><E114/><V86/><F100/><W33/><G43/><T134/><D134/><U128/><E128/><V44/><F44/><W31/><G56/><T36/><D22/><U15/><E132/><V102/><F102/><W106/><G58/><T133/><D133/><U91/><E103/><V93/><F93/><W88/><G88/><T121/><D12/><U60/><E60/><V0/><F5/><W117/><G101/><T35/><D4/><U110/><E110/><V29/><F29/><W66/><G38/><T11/><D11/><N who="1" m="4599" /><E123/><V116/><F116/><W23/><G34/><T61/><D121/><U32/><E79/><V62/><F62/><W3/><G33/><T67/><D35/><U97/><E97/><V14/><F0/><W28/><G3/><T76/><D61/><U109/><E109/><V54/><F113/><W16/><G117/><T70/><D76/><U112/><E112/><V13/><F13/><W17/><G78/><T26/><D26/><N who="1" m="16719" /><E32/><V42/><F71/><W108/><G107/><T69/><D67/><U127/><E122/><V129/><F129/><W90/><G131/><T135/><D135/><U124/><E10/><V92/><F92/><W94/><G106/><T46/><REACH who="0" step="1"/><D53/><REACH who="0" ten="56,243,254,437" step="2"/><U73/><E9/><V105/><F63/><W24/><G104/><T99/><D99/><U87/><E73/><V19/><F105/><RYUUKYOKU ba="0,1" sc="56,30,243,-10,254,-10,437,-10" hai0="36,37,40,45,46,57,59,69,70,82,83,96,98" owari="86,-41.4,233,-16.7,244,4.4,437,53.7" /></mjloggm>