<mjloggm ver="2.3"><GO type="169" lobby="0"/><UN n0="%E3%82%A8%E3%82%B9%E3%82%AB%E3%83%AB%E3%82%B4%E3%83%B3" n1="%E5%BE%A1%E5%BD%B1%E3%82%86%E3%81%9A%E3%81%8D" n2="%E8%B6%85%E7%B5%B6%E5%82%99%E9%95%B7%E7%82%AD" n3="%E5%8C%97%E6%AC%A7%E3%81%AE%E3%82%82%E3%81%93%E3%81%86" dan="16,17,17,16" rate="2137.47,2202.16,2126.43,2111.24" sx="M,M,M,M"/><TAIKYOKU oya="0"/><INIT seed="0,0,0,0,3,63" ten="250,250,250,250" oya="0" hai0="0,134,95,41,115,106,57,132,83,98,130,54,11" hai1="37,10,108,91,120,118,44,110,49,45,70,77,32" hai2="101,66,68,64,75,113,97,50,109,47,71,30,51" hai3="79,1,2,20,69,13,25,34,18,8,94,23,88"/><T128/><D0/><U43/><E32/><V55/><F75/><W122/><G122/><T82/><D11/><U48/><E77/><V127/><F113/><W59/><G69/><T104/><D57/><U125/><E120/><V3/><F3/><W65/><G79/><T5/><D5/><U117/><E10/><V39/><F39/><W72/><G72/><T38/><D54/><U35/><E91/><V24/><F109/><N who="1" m="42089" /><E35/><V112/><F112/><W99/><G34/><T80/><D41/><N who="1" m="24591" /><E125/><V131/><F127/><W129/><G129/><N who="0" m="49771" /><D38/><U53/><E70/><V85/><F85/><W123/><G123/><T21/><D21/><U84/><E84/><V27/><F71/><W126/><G20/><T87/><D115/><U31/><E31/><V73/><F73/><W119/><G126/><T7/><D7/><U6/><E6/><V60/><F131/><W76/><G1/><T9/><D9/><U62/><E62/><V28/><F60/><N who="3" m="38047" /><G2/><T89/><D87/><U116/><E37/><V12/><F68/><W114/><G114/><T133/><AGARI ba="0,0" hai="80,82,83,89,95,98,104,106,132,133,134" m="49771" machi="133" ten="40,12000,1" yaku="20,1,19,1,34,2" doraHai="63" who="0" fromWho="0" sc="250,120,250,-40,250,-40,250,-40" /><INIT seed="0,1,0,5,2,38" ten="370,210,210,210" oya="0" hai0="50,81,79,116,42,55,93,35,74,36,53,70,73" hai1="12,43,2,102,28,57,1,46,49,130,48,82,65" hai2="134,52,103,11,87,115,30,58,80,123,114,37,69" hai3="131,13,29,92,121,110,26,18,91,113,17,88,7"/><T40/><D116/><U5/><E130/><V106/><F69/><W10/><G113/><T64/><D35/><U127/><E127/><V3/><F123/><W68/><G110/><T109/><D36/><U39/><E28/><V125/><F37/><W99/><G131/><T67/><D109/><U119/><E119/><V20/><F125/><W85/><G68/><T41/><D70/><U62/><E102/><V120/><F120/><W33/><REACH who="3" step="1"/><G121/><REACH who="3" ten="370,210,210,200" step="2"/><T16/><D74/><U76/><E2/><V129/><F129/><W83/><AGARI ba="1,1" hai="7,10,13,17,18,26,29,33,83,85,88,91,92,99" machi="83" ten="20,8000,1" yaku="1,1,2,1,0,1,7,1,54,1,53,0" doraHai="38" doraHaiUra="101" who="3" fromWho="3" sc="370,-41,210,-21,210,-21,200,93" /><INIT seed="1,0,0,4,2,88" ten="329,189,189,293" oya="1" hai0="128,121,115,44,135,132,54,123,26,28,1,76,62" hai1="86,18,77,131,36,107,109,93,64,0,11,105,13" hai2="102,2,65,110,79,84,41,39,14,19,116,75,87" hai3="70,7,82,63,33,4,29,120,108,81,111,113,56"/><U51/><E36/><V103/><F2/><W119/><G70/><T134/><D76/><U74/><E0/><V59/><F116/><W114/><G33/><T66/><D1/><U125/><E125/><V133/><F75/><W45/><G29/><T32/><D115/><N who="3" m="44041" /><G45/><T57/><D128/><U3/><E131/><V25/><F133/><W23/><G23/><T127/><D127/><U31/><E3/><V35/><F39/><W40/><G40/><T71/><REACH who="0" step="1"/><D44/><REACH who="0" ten="319,189,189,293" step="2"/><U106/><E74/><V130/><F79/><W118/><G118/><T95/><D95/><U6/><E107/><V52/><F130/><W117/><G117/><T48/><AGARI ba="0,1" hai="26,28,32,48,54,57,62,66,71,121,123,132,134,135" machi="48" ten="40,8000,1" yaku="1,1,0,1,20,1,53,1" doraHai="88" doraHaiUra="55" who="0" fromWho="0" sc="319,90,189,-40,189,-20,293,-20" /><INIT seed="2,0,0,5,3,66" ten="409,149,169,273" oya="2" hai0="104,56,88,135,97,121,98,108,57,5,32,15,106" hai1="75,131,115,20,31,44,91,30,19,101,102,92,103" hai2="11,90,22,10,43,86,112,1,42,87,122,113,17" hai3="118,39,53,58,85,116,120,25,134,100,55,69,34"/><V36/><F122/><W16/><G120/><T63/><D121/><U49/><E75/><V62/><F36/><W96/><G39/><T47/><D32/><U83/><E131/><V128/><F128/><W12/><G134/><T71/><D135/><U7/><E7/><V123/><F123/><W89/><G69/><T23/><D71/><U60/><E60/><V4/><F11/><W114/><G114/><T99/><D108/><U84/><E83/><V117/><F87/><W6/><G6/><T21/><D47/><U68/><E68/><V46/><F117/><W119/><G25/><T9/><D56/><U72/><E72/><V3/><F3/><W65/><G34/><T28/><D106/><U18/><E115/><V40/><F46/><W70/><G89/><T126/><D104/><U110/><E110/><V82/><REACH who="2" step="1"/><F62/><REACH who="2" ten="409,149,159,273" step="2"/><W94/><G85/><T132/><D132/><U93/><E44/><V59/><F59/><W50/><G118/><T67/><D57/><U29/><E49/><V48/><F48/><W26/><G119/><T80/><D63/><U8/><E8/><V35/><F35/><W124/><G116/><T127/><D9/><U64/><E64/><V95/><F95/><W27/><G50/><T24/><D67/><U52/><E92/><V37/><F37/><W54/><G58/><T38/><D38/><U76/><E76/><V129/><F129/><W74/><G74/><T130/><D130/><U33/><E33/><V61/><F61/><N who="3" m="40239" /><G124/><T13/><D127/><U51/><E20/><V111/><F111/><W14/><G94/><N who="0" m="56519" /><D126/><U109/><E109/><RYUUKYOKU ba="0,1" sc="409,-15,149,15,159,15,273,-15" hai1="18,19,29,30,31,51,52,84,91,93,101,102,103" hai2="1,4,10,17,22,40,42,43,82,86,90,112,113" /><INIT seed="2,1,1,4,2,98" ten="394,164,174,258" oya="2" hai0="90,121,19,17,22,24,53,129,7,84,86,128,80" hai1="31,10,65,9,8,94,36,56,106,114,55,47,105" hai2="125,122,27,29,54,5,79,14,16,33,26,123,119" hai3="81,108,49,112,50,131,64,96,92,102,32,135,87"/><V95/><F119/><W73/><G108/><T68/><D121/><U99/><E114/><V115/><F115/><W83/><G131/><N who="0" m="50251" /><D68/><U38/><E65/><V51/><F125/><W6/><G135/><T77/><D7/><U39/><E31/><V132/><F132/><W130/><G130/><T70/><D70/><U97/><E47/><V4/><F27/><W18/><G32/><T76/><D53/><U67/><E67/><V2/><F79/><N who="0" m="30282" /><D84/><U107/><REACH who="1" step="1"/><E94/><REACH who="1" ten="394,154,174,258" step="2"/><V89/><F122/><W69/><G64/><T59/><D59/><U113/><E113/><V21/><F123/><W52/><G69/><T43/><D43/><U75/><E75/><V58/><REACH who="2" step="1"/><F2/><REACH who="2" ten="394,154,164,258" step="2"/><W11/><G112/><T20/><D24/><U78/><E78/><V117/><F117/><W45/><G73/><T63/><D80/><U41/><E41/><V100/><F100/><W13/><G83/><T35/><D90/><U109/><E109/><V91/><F91/><W120/><G120/><T104/><D35/><U66/><E66/><V60/><F60/><AGARI ba="1,3" hai="8,9,10,36,38,39,55,56,60,97,99,105,106,107" machi="60" ten="50,6400,0" yaku="1,1,29,2,53,0" doraHai="98" doraHaiUra="46" who="1" fromWho="2" sc="394,0,154,97,164,-67,258,0" /><INIT seed="3,0,0,3,3,133" ten="394,251,97,258" oya="3" hai0="0,100,117,51,33,37,108,26,54,22,3,94,65" hai1="1,10,131,125,120,49,60,25,69,32,101,9,90" hai2="85,118,129,72,97,11,116,36,88,38,74,30,95" hai3="53,93,73,23,81,59,44,112,28,124,115,58,86"/><W35/><G35/><T134/><D117/><U15/><E120/><V106/><F129/><W34/><G34/><T126/><D37/><U127/><E131/><V122/><F122/><W132/><G132/><T67/><D134/><U61/><E101/><V29/><F38/><W24/><G73/><T48/><D33/><U121/><E121/><V42/><F74/><W103/><G44/><T84/><D108/><U56/><E1/><V66/><F72/><W64/><G64/><T135/><D135/><U110/><E110/><V13/><F66/><W80/><G58/><T77/><D77/><U8/><E15/><V17/><F116/><W91/><G124/><N who="1" m="47690" /><E90/><V114/><F118/><W96/><REACH who="3" step="1"/><G81/><REACH who="3" ten="394,251,97,248" step="2"/><T68/><D67/><U16/><E69/><V71/><F71/><W5/><G5/><T45/><D65/><U92/><E32/><V70/><F70/><W113/><G113/><T19/><D68/><U46/><E56/><V55/><F114/><W130/><G130/><T98/><D126/><U83/><E83/><V78/><F78/><W41/><G41/><T123/><D123/><U89/><E46/><V104/><F55/><W128/><G128/><T75/><D75/><U2/><E2/><V76/><F42/><W47/><G47/><N who="0" m="27935" /><D0/><U7/><E7/><V27/><F76/><W14/><G14/><T63/><D3/><U105/><E25/><V21/><F27/><W12/><G12/><T50/><D45/><U43/><E43/><V20/><F13/><W31/><G31/><T111/><D26/><U39/><E39/><V82/><F36/><W102/><G102/><RYUUKYOKU ba="0,1" sc="394,-10,251,-10,97,-10,248,30" hai3="23,24,28,53,59,80,86,91,93,96,103,112,115" /><INIT seed="3,1,1,3,1,26" ten="384,241,87,278" oya="3" hai0="88,107,101,90,106,127,85,92,27,1,33,50,28" hai1="98,80,4,52,128,37,31,119,87,10,121,126,79" hai2="47,25,118,69,73,20,116,131,86,93,45,110,15" hai3="129,94,109,17,102,53,71,5,83,66,105,11,103"/><W14/><G129/><T78/><D1/><U60/><E37/><V7/><F73/><W36/><G36/><T130/><D130/><U81/><E121/><V84/><F69/><W113/><G113/><T43/><D127/><U21/><E128/><V68/><F68/><W12/><G105/><T3/><D3/><U100/><E126/><V46/><F131/><W67/><G83/><T72/><D101/><N who="3" m="38409" /><G71/><T99/><D78/><U41/><E41/><V30/><F110/><W32/><G32/><T89/><D72/><U18/><E81/><V135/><F135/><W122/><G122/><T82/><D90/><U34/><E34/><V133/><F133/><W76/><G76/><T96/><REACH who="0" step="1"/><D99/><REACH who="0" ten="374,241,87,278" step="2"/><U54/><E100/><V13/><F116/><W49/><G109/><T44/><AGARI ba="1,2" hai="27,28,33,43,44,50,82,85,88,89,92,96,106,107" machi="44" ten="30,8000,1" yaku="1,1,2,1,0,1,52,1,54,1,53,0" doraHai="26" doraHaiUra="104" who="0" fromWho="0" sc="374,103,241,-21,87,-21,278,-41" /><INIT seed="4,0,0,4,0,104" ten="477,220,66,237" oya="0" hai0="46,34,4,118,85,45,114,49,79,39,26,55,54" hai1="90,15,8,82,111,88,106,21,1,35,127,116,71" hai2="32,73,6,41,50,99,135,86,120,121,108,131,129" hai3="27,58,61,123,117,78,91,30,67,80,64,11,18"/><T25/><D118/><U100/><E116/><V16/><F32/><W2/><G117/><T126/><D114/><U69/><E35/><V101/><F108/><W48/><G123/><T74/><D126/><U29/><E111/><V128/><F6/><W75/><G48/><T57/><D74/><U22/><E1/><V124/><F124/><W125/><G125/><T95/><D34/><U94/><E106/><V110/><F110/><W14/><G2/><T52/><D4/><U23/><E127/><V3/><F3/><W119/><G119/><T84/><D39/><U5/><E29/><V93/><F135/><W13/><G13/><T112/><D112/><U53/><E100/><V130/><F73/><W113/><G113/><T132/><D132/><U134/><E134/><V12/><N who="2" m="32768" /><DORA hai="77" /><V37/><F37/><W92/><G67/><T98/><D45/><U19/><E53/><V7/><F7/><W133/><G133/><T38/><D38/><U56/><E56/><V97/><F86/><N who="0" m="33386" /><D79/><U60/><E69/><V0/><F0/><W44/><G44/><T62/><D55/><U96/><E71/><V102/><F50/><W115/><G115/><T36/><D36/><U72/><E60/><V68/><F68/><W31/><G27/><T10/><D10/><U109/><E109/><V66/><F66/><W59/><G59/><T33/><D33/><U89/><REACH who="1" step="1"/><E5/><REACH who="1" ten="477,210,66,237" step="2"/><V70/><F70/><W20/><G61/><T81/><D62/><U24/><E24/><N who="0" m="9321" /><D57/><U83/><E83/><V9/><F41/><W105/><G80/><T51/><D81/><U103/><E103/><RYUUKYOKU ba="0,1" sc="477,-15,210,15,66,15,237,-15" hai1="8,15,19,21,22,23,72,82,88,89,90,94,96" hai2="9,12,16,93,97,99,101,102,120,121" /><INIT seed="5,1,1,5,2,98" ten="462,225,81,222" oya="1" hai0="116,87,23,8,5,108,117,124,75,120,119,37,1" hai1="73,62,63,126,95,22,77,92,104,80,127,70,83" hai2="118,109,135,46,68,67,61,28,107,93,76,97,39" hai3="49,30,112,79,55,66,96,113,131,21,24,106,20"/><U121/><E121/><V16/><F109/><W34/><G131/><T13/><D75/><U6/><E104/><V54/><F118/><W36/><G36/><T10/><D37/><U128/><E128/><V25/><F135/><W69/><G79/><T125/><D87/><U43/><E43/><V110/><F110/><W71/><G20/><T72/><D72/><U15/><E83/><V59/><F76/><W94/><G21/><T9/><D108/><U85/><E73/><V51/><F107/><W2/><G2/><T40/><D40/><U102/><E70/><V122/><F122/><W38/><G38/><T74/><D74/><U7/><E7/><V35/><F16/><W56/><G106/><T88/><D88/><U82/><E82/><V29/><F28/><W103/><REACH who="3" step="1"/><G66/><REACH who="3" ten="462,225,81,212" step="2"/><T111/><D111/><U48/><E22/><V89/><REACH who="2" step="1"/><F39/><REACH who="2" ten="462,225,71,212" step="2"/><W58/><G58/><AGARI ba="1,3" hai="25,29,35,46,51,54,58,59,61,67,68,89,93,97" machi="58" ten="40,2600,0" yaku="1,1,2,1,53,0" doraHai="98" doraHaiUra="100" who="2" fromWho="3" sc="462,0,225,0,71,59,212,-29" /><INIT seed="6,0,0,2,1,101" ten="462,225,130,183" oya="2" hai0="20,63,97,94,129,23,18,118,120,125,5,123,72" hai1="45,22,21,1,103,107,50,64,96,108,100,75,30" hai2="49,54,31,33,93,41,116,126,39,66,105,59,27" hai3="119,29,68,121,47,36,90,135,132,3,60,25,42"/><V62/><F116/><W83/><G119/><T98/><D118/><U124/><E108/><V71/><F126/><W85/><G3/><T11/><D72/><U38/><E75/><V55/><F93/><W32/><G121/><T110/><D110/><U37/><E1/><V128/><F128/><W87/><G87/><T82/><D125/><U106/><E124/><V131/><F131/><W26/><G26/><T43/><D129/><U102/><E64/><V61/><F41/><W114/><G114/><T53/><D43/><U113/><E113/><V0/><F0/><W104/><G104/><T2/><D82/><U7/><E7/><V74/><F74/><W69/><REACH who="3" step="1"/><G60/><REACH who="3" ten="462,225,130,173" step="2"/><T89/><D63/><U111/><E107/><V99/><F39/><W92/><G92/><T117/><D94/><U6/><E106/><V14/><F14/><W78/><G78/><T95/><D95/><U109/><E111/><V91/><F91/><W65/><G65/><T15/><D89/><U8/><E109/><V84/><F84/><W44/><G44/><T10/><D117/><U51/><E96/><V130/><F130/><W79/><G79/><T80/><D98/><U34/><E38/><V4/><F62/><W16/><G16/><T77/><D97/><U112/><E37/><V73/><F73/><W40/><G40/><T19/><D19/><U67/><E112/><V48/><F4/><W35/><G35/><T24/><D24/><N who="1" m="18759" /><E67/><V28/><F28/><W127/><G127/><T56/><D77/><U12/><E45/><N who="2" m="27919" /><F105/><W115/><G115/><T134/><D2/><U70/><E6/><RYUUKYOKU ba="0,1" sc="462,-15,225,-15,130,15,173,15" hai2="27,31,33,49,55,59,61,66,71,99" hai3="25,29,32,36,42,47,68,69,83,85,90,132,135" /><INIT seed="6,1,1,2,0,126" ten="447,210,145,188" oya="2" hai0="85,106,41,27,19,22,68,78,3,9,28,25,122" hai1="119,1,50,61,79,95,24,132,128,44,98,77,23" hai2="38,30,131,93,135,55,35,130,92,105,123,11,7" hai3="111,43,47,108,36,31,39,69,91,52,49,112,97"/><V117/><F105/><W45/><G31/><T26/><D68/><U100/><E119/><V116/><F38/><N who="3" m="21751" /><G91/><T16/><D106/><U46/><E1/><V13/><F123/><W15/><G15/><T32/><D41/><U71/><E132/><V94/><F135/><W63/><G97/><T81/><D122/><U127/><E127/><V34/><F55/><W58/><G112/><T14/><D19/><U87/><E71/><V88/><F88/><W21/><G21/><T114/><D114/><U0/><E0/><V89/><F89/><W109/><G69/><T134/><D134/><U74/><E74/><V53/><F53/><AGARI ba="1,1" hai="36,39,47,49,52,53,58,63,108,109,111" m="21751" machi="53" ten="30,3900,0" yaku="34,2,54,1" doraHai="126" who="3" fromWho="2" sc="447,0,210,0,145,-42,188,52" /><INIT seed="7,0,0,3,5,46" ten="447,210,103,240" oya="3" hai0="20,68,59,39,96,63,94,90,75,29,95,133,43" hai1="8,105,80,83,24,112,25,55,50,132,23,92,118" hai2="65,66,0,40,69,88,32,103,42,9,84,85,49" hai3="124,125,67,102,22,34,123,57,47,130,126,113,106"/><W74/><G34/><T93/><D75/><U89/><E105/><V131/><F32/><W117/><G117/><T41/><D68/><U4/><E118/><V44/><F131/><W134/><G123/><T122/><D122/><U87/><E132/><V98/><F84/><W11/><G130/><T52/><D133/><U73/><E112/><V48/><F0/><W61/><G134/><T58/><D39/><U16/><E73/><V79/><F9/><W101/><G113/><T19/><D29/><U114/><E114/><V109/><F79/><W37/><G106/><T36/><D36/><U35/><E25/><V76/><F76/><W108/><G108/><T27/><D59/><U107/><E107/><V91/><F69/><W26/><G11/><T45/><D45/><U81/><E35/><V7/><F7/><W2/><G2/><T121/><D121/><U129/><E129/><V17/><F17/><N who="3" m="12623" /><G74/><T14/><D27/><U99/><E8/><V5/><F5/><W38/><G38/><T56/><D56/><N who="1" m="32887" /><E4/><V33/><F33/><W111/><G111/><T53/><D53/><U13/><E24/><V21/><F21/><W78/><G78/><AGARI ba="0,0" hai="13,16,23,78,80,81,83,87,89,92,99" m="32887" machi="78" ten="30,3900,0" yaku="8,1,52,1,54,1" doraHai="46" who="1" fromWho="3" sc="447,0,210,39,103,0,240,-39" owari="447,54.7,249,4.9,103,-39.7,201,-19.9" /></mjloggm>