<mjloggm ver="2.3"><GO type="169" lobby="0"/><UN n0="%E4%BA%8C%E9%9A%8E%E5%A0%82%E7%9C%9F%E7%B4%85%E3%81%A1%E3%82%83%E3%82%93" n1="%5B%5B%79%75%79%75%5D%5D" n2="%E6%99%82%E8%A8%88%E5%9D%82%E9%9B%B6" n3="%68%61%6B%75%30%37" dan="16,16,16,17" rate="2147.21,2143.32,2149.13,2196.40" sx="M,M,M,M"/><TAIKYOKU oya="0"/><INIT seed="0,0,0,1,3,118" ten="250,250,250,250" oya="0" hai0="85,33,126,110,111,47,46,60,9,105,17,3,11" hai1="54,19,70,48,66,116,100,98,84,51,96,93,59" hai2="18,135,97,25,92,89,71,55,38,82,103,94,101" hai3="29,7,16,77,112,104,73,30,95,102,49,24,10"/><T91/><D105/><U132/><E116/><V125/><F38/><W79/><G112/><T4/><D33/><U106/><E132/><V130/><F71/><W107/><G73/><T99/><D99/><U72/><E72/><V119/><F119/><W42/><G104/><T2/><D126/><U63/><E84/><V5/><F5/><W31/><G107/><T52/><D60/><U0/><E0/><V133/><F55/><W34/><G34/><T45/><D17/><U123/><E19/><V109/><F25/><W13/><G102/><T21/><D21/><U26/><E26/><V128/><F18/><W121/><G95/><T75/><D75/><U80/><E80/><V114/><F114/><W35/><G121/><T15/><D11/><U120/><E51/><V37/><F37/><W90/><G90/><AGARI ba="0,0" hai="48,54,59,63,66,70,90,93,96,98,100,106,120,123" machi="90" ten="30,3900,0" yaku="7,1,52,2" doraHai="118" who="1" fromWho="3" sc="250,0,250,39,250,0,250,-39" /><INIT seed="1,0,0,1,1,89" ten="250,289,250,211" oya="1" hai0="118,114,23,13,22,82,126,84,90,60,105,0,3" hai1="77,24,51,44,94,2,65,31,106,29,107,132,115" hai2="38,52,43,12,69,55,81,98,20,4,10,128,66" hai3="135,121,91,131,8,79,75,39,21,92,62,53,110"/><U35/><E115/><V17/><F128/><W129/><G39/><T63/><D105/><U73/><E2/><V127/><F127/><W134/><G8/><T28/><D118/><U112/><E112/><V36/><F81/><N who="3" m="45311" /><G21/><T19/><D114/><U30/><E132/><N who="3" m="50730" /><G62/><T37/><D37/><U78/><E65/><V26/><F36/><W61/><G61/><T122/><D122/><U25/><E30/><V99/><F66/><W42/><G42/><T70/><D126/><U96/><E73/><V64/><F64/><W5/><G5/><T1/><REACH who="0" step="1"/><D70/><REACH who="0" ten="240,289,250,211" step="2"/><U97/><E107/><V76/><F69/><W11/><G121/><T7/><D7/><U9/><E106/><V95/><F38/><W15/><G110/><T71/><D71/><U103/><E97/><V57/><F98/><W124/><G124/><T125/><D125/><U32/><REACH who="1" step="1"/><E9/><REACH who="1" ten="240,279,250,211" step="2"/><V113/><F113/><W119/><G11/><T123/><D123/><U120/><E120/><V116/><F10/><W100/><G131/><T41/><D41/><AGARI ba="0,2" hai="24,25,29,31,32,35,41,44,51,77,78,94,96,103" machi="41" ten="30,11600,0" yaku="1,1,7,1,9,1,52,1,53,0" doraHai="89" doraHaiUra="87" who="1" fromWho="0" sc="240,-116,279,136,250,0,211,0" /><INIT seed="1,1,0,1,4,74" ten="124,415,250,211" oya="1" hai0="21,7,94,84,58,10,14,93,23,81,134,98,25" hai1="65,117,57,78,15,120,47,13,31,42,72,70,130" hai2="53,43,115,80,8,77,30,113,89,11,24,90,5" hai3="44,62,118,88,125,108,68,95,61,111,119,26,85"/><U91/><E117/><N who="3" m="44554" /><G125/><T52/><D134/><U75/><E120/><V45/><F53/><W116/><N who="3" m="44562" /><W124/><DORA hai="50" /><G124/><T33/><D33/><U64/><E130/><V103/><F103/><W87/><G26/><T106/><D106/><U17/><E75/><V69/><F69/><W48/><G85/><T29/><D23/><U109/><E70/><V104/><F104/><W38/><G38/><T135/><D98/><U92/><E31/><V0/><F11/><W132/><G132/><T99/><D99/><U107/><E107/><V9/><F9/><W34/><G34/><T66/><D66/><U41/><E15/><V3/><F3/><W27/><G27/><T96/><D96/><U82/><E109/><N who="3" m="42058" /><G68/><T128/><D128/><U122/><E122/><V40/><F24/><W123/><G123/><T112/><D112/><N who="2" m="43082" /><F30/><W35/><G35/><T51/><REACH who="0" step="1"/><D135/><REACH who="0" ten="114,415,250,211" step="2"/><U60/><E65/><V28/><F28/><W39/><G39/><T54/><D54/><AGARI ba="1,1" hai="44,48,54,61,62,87,88,95" m="42058,44562" machi="54" ten="40,8000,1" yaku="12,1,14,1,52,1,54,1" doraHai="74,50" who="3" fromWho="0" sc="114,-83,415,0,250,0,211,93" /><INIT seed="2,0,0,1,3,61" ten="31,415,250,304" oya="2" hai0="6,129,119,73,106,57,52,76,22,95,54,134,30" hai1="113,55,94,17,132,70,41,77,60,33,123,38,53" hai2="45,131,49,114,8,71,29,128,3,37,110,116,103" hai3="126,48,97,65,18,1,15,21,35,93,14,104,66"/><V133/><F114/><W40/><G1/><T108/><D106/><U130/><E113/><V39/><F116/><W24/><G104/><T127/><D119/><U121/><E33/><V42/><F133/><W34/><G126/><T122/><D122/><N who="1" m="46603" /><E77/><V68/><F29/><W101/><G34/><T64/><D108/><U28/><E28/><V98/><F110/><W69/><G69/><T135/><D6/><U83/><E83/><V19/><F49/><W91/><G101/><T50/><D129/><N who="2" m="49738" /><F37/><W59/><G35/><T11/><D11/><U72/><E72/><V44/><F44/><N who="3" m="25607" /><G59/><T78/><D127/><U51/><E130/><V62/><F62/><W84/><G97/><T36/><D36/><U13/><E132/><N who="0" m="50729" /><D73/><U90/><E38/><V56/><F56/><W16/><G24/><N who="0" m="16663" /><D54/><U23/><E41/><V31/><F31/><W74/><G74/><T109/><D109/><U81/><E81/><V32/><F32/><W4/><G4/><T80/><D80/><U118/><E118/><V26/><F26/><W63/><G63/><N who="0" m="37999" /><D95/><U2/><E2/><V82/><F82/><W105/><G105/><T120/><D120/><U12/><E12/><N who="2" m="7559" /><F3/><W58/><G58/><AGARI ba="0,0" hai="50,52,58,76,78" m="37999,16663,50729" machi="58" ten="30,3900,0" yaku="20,1,52,1,54,1" doraHai="61" who="0" fromWho="3" sc="31,39,415,0,250,0,304,-39" /><INIT seed="3,0,0,0,3,19" ten="70,415,250,265" oya="3" hai0="30,42,82,25,129,33,34,94,64,65,10,23,119" hai1="117,7,71,101,132,62,24,124,48,110,107,123,84" hai2="56,77,66,20,5,1,3,131,26,46,104,18,31" hai3="58,68,27,134,14,21,125,50,114,106,8,135,122"/><W9/><G68/><T111/><D119/><U100/><E123/><V6/><F104/><W11/><G106/><T36/><D111/><U49/><E117/><V0/><F131/><W61/><G122/><T97/><D129/><U17/><E110/><V43/><F77/><W4/><G50/><T67/><D82/><U95/><E107/><V40/><F40/><W93/><G93/><T108/><D108/><U87/><E132/><N who="3" m="50730" /><G125/><T70/><D70/><U12/><E124/><V90/><F90/><W79/><G79/><T86/><D86/><N who="1" m="32811" /><E71/><V83/><F83/><W72/><G72/><T116/><D116/><U113/><E62/><V80/><F80/><W38/><G38/><T115/><D115/><U60/><E60/><V89/><F89/><W16/><G114/><T112/><D112/><U32/><E32/><V52/><F66/><AGARI ba="0,0" hai="4,8,9,11,14,16,21,27,58,61,66" m="50730" machi="66" ten="30,5800,0" yaku="20,1,52,1,54,1" doraHai="19" who="3" fromWho="2" sc="70,0,415,0,250,-58,265,58" /><INIT seed="3,1,0,4,5,5" ten="70,415,192,323" oya="3" hai0="115,2,59,29,86,54,1,32,100,121,103,43,119" hai1="123,88,132,110,7,122,8,134,91,36,41,84,49" hai2="127,44,18,4,58,21,67,74,15,61,124,120,68" hai3="31,23,19,22,116,9,13,129,34,114,62,98,75"/><W77/><G114/><T92/><D119/><U60/><E36/><V17/><F74/><W39/><G116/><T94/><D121/><U83/><E60/><V53/><F120/><W51/><G39/><T95/><D32/><U89/><E110/><V130/><F130/><W97/><G129/><T33/><D33/><U105/><E105/><V50/><F4/><W38/><G38/><T111/><D43/><U117/><E117/><V11/><REACH who="2" step="1"/><F68/><REACH who="2" ten="70,415,182,323" step="2"/><W79/><G75/><T125/><D115/><U55/><E123/><V45/><F45/><W109/><G109/><T78/><D111/><U133/><E122/><V73/><F73/><W20/><G62/><T108/><D108/><U87/><E83/><V26/><AGARI ba="1,1" hai="11,15,17,18,21,26,44,50,53,58,61,67,124,127" machi="26" ten="30,4000,0" yaku="1,1,0,1,52,1,53,0" doraHai="5" doraHaiUra="112" who="2" fromWho="2" sc="70,-11,415,-11,182,53,323,-21" /><INIT seed="4,0,0,0,3,109" ten="59,404,235,302" oya="0" hai0="77,12,107,78,57,32,96,91,14,106,88,114,92" hai1="103,21,39,60,54,93,82,38,115,135,97,66,124" hai2="81,62,18,56,15,111,29,47,118,108,105,0,43" hai3="58,71,41,119,6,40,123,30,133,8,85,25,120"/><T44/><D32/><U46/><E124/><V134/><F0/><W132/><G71/><T79/><D57/><U126/><E126/><V68/><F68/><W87/><G119/><T19/><D14/><U28/><E135/><N who="3" m="51786" /><G58/><T13/><D12/><U26/><E115/><V24/><F105/><N who="0" m="39946" /><D44/><U94/><E82/><V23/><F81/><W84/><G40/><T75/><D13/><U127/><E127/><V63/><F134/><W99/><G99/><N who="0" m="57735" /><D19/><U117/><E94/><V2/><F118/><W53/><G53/><T98/><D114/><U3/><E117/><V11/><F63/><W5/><G41/><T16/><D16/><U1/><E39/><V34/><F47/><W80/><G5/><T67/><D67/><U122/><E122/><N who="3" m="46634" /><G8/><T4/><D4/><U22/><E22/><V42/><F42/><W89/><G6/><T86/><D75/><U7/><E7/><N who="2" m="1527" /><F43/><W55/><G55/><AGARI ba="0,0" hai="15,18,23,24,29,34,55,56,62,108,111" m="1527" machi="55" ten="30,1000,0" yaku="24,1" doraHai="109" who="2" fromWho="3" sc="59,0,404,0,235,10,302,-10" /><INIT seed="5,0,0,1,0,96" ten="59,404,245,292" oya="1" hai0="65,125,87,107,30,44,68,90,119,55,133,64,118" hai1="71,40,46,28,17,50,114,14,31,39,20,61,77" hai2="124,33,81,110,3,95,101,35,18,88,53,66,92" hai3="43,11,8,78,123,135,67,72,51,83,104,76,111"/><U42/><E114/><V21/><F3/><W22/><G111/><T80/><D30/><U59/><E77/><V89/><F110/><W93/><G104/><T0/><D0/><U131/><E131/><V29/><F124/><W113/><G123/><T1/><D1/><U48/><E39/><V115/><F115/><W73/><G113/><T102/><D125/><U105/><E71/><V129/><F66/><W97/><G67/><T128/><D133/><U100/><E50/><V36/><F36/><W86/><G135/><T58/><D128/><U75/><E75/><V16/><F129/><W98/><G22/><T109/><D109/><U120/><E42/><V121/><F121/><W99/><G86/><T57/><D68/><U23/><E23/><V41/><F41/><W4/><G93/><T34/><D34/><U134/><E134/><V108/><F108/><W82/><G4/><T106/><D106/><U32/><E32/><V117/><F117/><W94/><G94/><T60/><D44/><AGARI ba="0,0" hai="8,11,43,44,51,72,73,76,78,82,83,97,98,99" machi="44" ten="40,1300,0" yaku="9,1" doraHai="96" who="3" fromWho="0" sc="59,-13,404,0,245,0,292,13" /><INIT seed="6,0,0,0,3,101" ten="46,404,245,305" oya="2" hai0="18,110,50,7,113,3,109,65,28,129,20,78,60" hai1="91,105,114,9,34,108,73,64,40,130,128,118,84" hai2="2,31,26,122,103,32,21,24,12,68,70,80,134" hai3="100,63,127,29,74,37,76,38,90,61,46,49,23"/><V97/><F122/><W35/><G35/><T66/><D78/><U17/><E108/><V45/><F134/><W47/><G127/><T33/><D50/><U55/><E73/><V36/><F2/><W85/><G76/><T44/><D44/><U11/><E34/><V72/><F12/><W123/><G74/><T56/><D66/><U124/><E124/><V16/><F80/><W79/><G79/><T0/><D0/><U57/><E64/><V15/><F72/><W39/><G100/><T87/><D87/><U117/><E40/><V8/><F45/><W111/><G111/><T116/><D113/><U86/><E114/><V19/><REACH who="2" step="1"/><F36/><REACH who="2" ten="46,404,235,305" step="2"/><W48/><G123/><T27/><D116/><U13/><E118/><V94/><AGARI ba="0,1" hai="8,15,16,19,21,24,26,31,32,68,70,94,97,103" machi="94" ten="20,18000,2" yaku="1,1,2,1,0,1,7,1,54,1,53,1" doraHai="101" doraHaiUra="95" who="2" fromWho="2" sc="46,-60,404,-60,235,190,305,-60" owari="-14,-51.4,344,14.4,425,52.5,245,-15.5" /></mjloggm>