<mjloggm ver="2.3"><GO type="169" lobby="0"/><UN n0="%41%6C%6C%2D%4C%75%63%6B" n1="%44%61%6C%69" n2="%E3%83%A9%E3%83%9E%E3%83%BC%E7%9A%87%E5%AD%90" n3="%E3%83%AA%E3%83%BC%E3%83%81%31%32%31%38" dan="16,17,18,16" rate="2093.70,2216.42,2226.17,2016.02" sx="M,M,M,M"/><TAIKYOKU oya="0"/><INIT seed="0,0,0,0,0,96" ten="250,250,250,250" oya="0" hai0="11,5,105,6,12,101,34,118,46,135,49,75,120" hai1="95,51,32,110,67,36,14,8,44,100,55,111,116" hai2="40,37,125,21,97,23,64,33,41,1,56,18,7" hai3="113,4,73,133,85,93,81,26,57,109,92,3,60"/><T58/><D120/><U50/><E116/><V28/><F125/><W77/><G113/><T53/><D75/><U99/><E32/><V127/><F127/><W90/><G109/><N who="1" m="41482" /><E67/><V62/><F37/><W31/><G133/><T48/><D34/><U121/><E121/><V107/><F33/><W87/><G3/><T63/><D135/><U131/><E131/><V102/><F28/><W76/><G4/><T86/><D118/><U91/><E36/><V114/><F23/><W123/><G123/><T25/><D86/><U42/><E51/><V9/><REACH who="2" step="1"/><F114/><REACH who="2" ten="250,250,240,250" step="2"/><W20/><G73/><T89/><D25/><AGARI ba="0,1" hai="1,7,9,18,21,25,40,41,56,62,64,97,102,107" machi="25" ten="30,7700,0" yaku="1,1,2,1,7,1,52,1,53,0" doraHai="96" doraHaiUra="129" who="2" fromWho="0" sc="250,-77,250,0,240,87,250,0" /><INIT seed="1,0,0,4,1,57" ten="173,250,327,250" oya="1" hai0="59,98,53,27,13,99,90,69,119,127,21,26,42" hai1="86,10,55,18,44,56,1,48,67,100,97,5,9" hai2="15,32,85,131,120,111,65,33,25,51,89,41,60" hai3="94,47,115,76,82,95,96,110,117,52,46,61,73"/><U66/><E86/><V35/><F120/><W4/><G117/><T20/><D119/><U88/><E18/><V77/><F131/><W50/><G115/><T93/><D69/><U125/><E125/><V64/><F77/><W29/><G110/><T92/><D127/><U37/><E10/><V0/><F0/><W112/><G112/><T116/><D42/><U124/><E124/><V80/><F65/><W54/><G4/><T122/><D122/><U103/><E37/><V129/><F129/><W74/><G29/><T133/><D133/><U58/><E58/><V118/><F118/><W38/><G38/><T106/><D106/><U113/><E113/><V30/><F15/><W91/><G95/><T70/><D70/><U11/><E11/><V130/><F111/><W63/><REACH who="3" step="1"/><G73/><REACH who="3" ten="173,250,327,240" step="2"/><T104/><D116/><U43/><E67/><V17/><F130/><W87/><G87/><T71/><D104/><U36/><REACH who="1" step="1"/><E66/><REACH who="1" ten="173,240,327,240" step="2"/><V126/><F126/><W132/><G132/><T121/><D121/><U72/><E72/><V49/><F17/><W34/><G34/><T16/><D71/><U31/><E31/><V78/><F35/><W62/><G62/><N who="0" m="36207" /><D21/><U28/><E28/><V128/><F33/><W23/><G23/><T79/><D79/><U3/><E3/><V81/><F128/><W101/><G101/><AGARI ba="0,2" hai="13,16,20,26,27,90,92,93,98,99,101" m="36207" machi="101" ten="30,3900,0" yaku="8,1,52,1,54,1" doraHai="57" who="0" fromWho="3" sc="173,59,240,0,327,0,240,-39" /><INIT seed="2,0,0,5,4,47" ten="232,240,327,201" oya="2" hai0="11,105,78,95,24,25,13,65,64,61,38,85,30" hai1="133,68,88,19,9,103,16,114,45,21,108,14,23" hai2="130,43,58,40,80,32,128,134,101,51,18,27,127" hai3="36,79,75,54,129,42,56,124,10,77,104,5,123"/><V29/><F127/><W83/><G123/><T33/><D105/><U37/><E114/><V52/><F134/><W35/><G104/><T76/><D38/><U53/><E68/><V115/><F115/><W34/><G124/><T22/><D65/><U109/><E133/><V111/><F111/><N who="1" m="42569" /><E103/><V99/><F18/><W107/><G107/><T71/><D95/><U119/><E119/><V116/><F116/><W90/><G79/><T0/><D0/><U96/><E19/><V62/><F80/><W97/><G97/><T63/><D63/><U113/><E113/><V15/><F15/><W86/><G129/><N who="2" m="49769" /><F62/><W121/><G121/><T92/><D92/><AGARI ba="0,0" hai="27,29,32,40,43,51,52,58,92,99,101" m="49769" machi="92" ten="30,5800,0" yaku="19,1,52,1,54,1" doraHai="47" who="2" fromWho="0" sc="232,-58,240,0,327,58,201,0" /><INIT seed="2,1,0,5,1,39" ten="174,240,385,201" oya="2" hai0="88,1,44,76,11,13,35,34,94,96,78,51,64" hai1="55,121,115,48,80,63,74,124,100,131,89,38,21" hai2="104,50,93,27,103,98,10,23,123,84,15,56,60" hai3="32,25,26,107,14,132,82,95,106,31,116,81,22"/><V134/><F123/><W67/><G116/><T5/><D1/><U114/><E38/><V127/><F127/><W102/><G132/><T59/><D34/><U17/><E124/><V36/><F36/><W52/><G67/><T133/><D35/><U53/><E131/><V92/><F50/><W47/><G14/><T7/><D7/><U30/><E121/><V45/><F45/><W58/><G47/><T40/><D133/><U130/><E100/><V54/><F84/><W122/><G122/><T72/><D72/><U43/><E30/><V3/><F3/><W28/><G95/><T108/><D108/><U105/><E105/><V129/><F129/><W62/><REACH who="3" step="1"/><G102/><REACH who="3" ten="174,240,385,191" step="2"/><T125/><D125/><U18/><E130/><V8/><F134/><W77/><G77/><T71/><D71/><U57/><E114/><V68/><F68/><W65/><G65/><T73/><D73/><U20/><E115/><V9/><REACH who="2" step="1"/><F15/><REACH who="2" ten="174,240,375,191" step="2"/><W87/><G87/><T4/><D4/><U16/><E74/><V119/><F119/><W37/><G37/><T46/><D46/><N who="1" m="25695" /><E53/><V126/><F126/><W101/><G101/><T120/><D120/><U49/><E49/><V70/><F70/><W41/><G41/><T135/><D135/><U118/><E118/><V19/><AGARI ba="1,2" hai="8,9,10,19,23,27,54,56,60,92,93,98,103,104" machi="19" ten="30,6000,0" yaku="1,1,0,1,53,1" doraHai="39" doraHaiUra="12" who="2" fromWho="2" sc="174,-21,240,-21,375,83,191,-21" /><INIT seed="2,2,0,1,1,40" ten="153,219,458,170" oya="2" hai0="107,20,53,93,104,52,51,121,63,58,48,95,79" hai1="21,116,15,87,67,91,82,97,101,131,117,41,43" hai2="8,85,100,96,65,90,27,111,44,130,119,68,57" hai3="25,1,78,118,74,124,83,80,13,11,115,31,38"/><V69/><F119/><W49/><G118/><T133/><D133/><U106/><E131/><V126/><F130/><W86/><G38/><T16/><D121/><U35/><E116/><V6/><F126/><W47/><G1/><T132/><D132/><U29/><E117/><V42/><F111/><W94/><G94/><T110/><D110/><U113/><E113/><V92/><F27/><W37/><G37/><T45/><D79/><U3/><E3/><V32/><F32/><W26/><G124/><T135/><D135/><U50/><E35/><V5/><F57/><W98/><G98/><T114/><D114/><U62/><E50/><V56/><F56/><W84/><G115/><T19/><D63/><U66/><E66/><V71/><F65/><W125/><G125/><T81/><D81/><U9/><E21/><V22/><F22/><W127/><G127/><T64/><D64/><U129/><E29/><V60/><F60/><W14/><G74/><T112/><D112/><U2/><E2/><V73/><F8/><W34/><G26/><T30/><D107/><U120/><E120/><V122/><F73/><W88/><REACH who="3" step="1"/><G11/><REACH who="3" ten="153,219,458,160" step="2"/><T99/><D104/><U108/><E108/><V75/><F75/><W54/><AGARI ba="2,1" hai="13,14,25,31,34,47,49,54,78,80,83,84,86,88" machi="54" ten="20,12000,2" yaku="1,1,2,1,0,1,7,1,52,1,54,1,53,1" doraHai="40" doraHaiUra="72" who="3" fromWho="3" sc="153,-32,219,-32,458,-62,160,136" /><INIT seed="3,0,0,0,3,39" ten="121,187,396,296" oya="3" hai0="121,103,83,37,15,6,133,2,68,72,10,60,63" hai1="88,84,9,85,28,108,52,106,110,126,118,57,81" hai2="102,44,74,46,67,127,120,29,24,26,14,54,8" hai3="101,64,55,105,96,70,92,17,41,27,91,56,65"/><W134/><G134/><T5/><D133/><U98/><E126/><V47/><F74/><W20/><G70/><T95/><D121/><U61/><E118/><V3/><F3/><W0/><G0/><T18/><D5/><U82/><E28/><V35/><F127/><W40/><G105/><T31/><D68/><U131/><E131/><V59/><F120/><W80/><G80/><T89/><D103/><U97/><E9/><V69/><F102/><W79/><G79/><T112/><D112/><U48/><E106/><V130/><F130/><W115/><G101/><T34/><D37/><U38/><E38/><V87/><F87/><W86/><G86/><T30/><D30/><U71/><E71/><V43/><F26/><W32/><G32/><T23/><D83/><U1/><E1/><V99/><F99/><W135/><G135/><T114/><D72/><U76/><REACH who="1" step="1"/><E61/><REACH who="1" ten="121,177,396,296" step="2"/><V77/><F8/><W45/><G115/><T94/><D114/><U125/><E125/><V113/><F29/><W19/><G17/><T129/><D129/><U117/><E117/><V25/><F113/><W36/><REACH who="3" step="1"/><G40/><REACH who="3" ten="121,177,396,286" step="2"/><T62/><D89/><U119/><E119/><V90/><F90/><W51/><AGARI ba="0,2" hai="19,20,27,36,41,45,51,55,56,64,65,91,92,96" machi="51" ten="20,12000,1" yaku="1,1,2,1,0,1,7,1,52,1,53,0" doraHai="39" doraHaiUra="75" who="3" fromWho="3" sc="121,-40,177,-40,396,-40,286,140" /><INIT seed="3,1,0,3,5,95" ten="81,137,356,426" oya="3" hai0="20,11,24,130,70,41,13,89,8,110,131,62,108" hai1="112,73,44,16,75,0,2,17,48,23,124,36,113" hai2="7,127,63,109,121,9,47,60,21,84,135,64,86" hai3="129,35,22,34,82,58,18,71,116,99,128,65,76"/><W25/><G116/><T101/><D101/><U28/><E36/><V56/><F109/><N who="0" m="42090" /><D41/><U46/><E124/><V72/><F72/><W39/><G71/><T90/><D70/><U66/><E28/><V45/><F127/><W52/><G65/><T104/><D104/><U107/><E107/><V79/><F135/><W69/><G39/><T51/><D51/><U30/><E30/><V125/><F125/><W111/><G69/><T43/><D62/><U26/><E26/><V102/><F121/><W4/><G4/><N who="0" m="3207" /><D43/><U97/><E23/><V6/><F21/><W88/><G111/><T85/><D11/><U114/><E114/><V126/><F126/><W119/><G119/><T106/><D106/><U74/><E74/><V91/><F63/><N who="3" m="36295" /><G76/><T123/><D123/><U42/><E42/><V122/><F122/><W15/><G82/><N who="0" m="49335" /><D90/><U31/><E48/><V32/><F32/><W118/><G118/><T96/><D131/><N who="3" m="50249" /><G15/><T19/><D130/><U57/><E31/><V80/><F7/><W50/><G50/><T87/><D87/><U14/><E14/><N who="2" m="5431" /><F102/><W98/><G88/><T49/><D49/><U83/><E83/><AGARI ba="1,0" hai="45,47,56,60,64,79,80,83,84,86,91" m="5431" machi="83" ten="30,1000,0" yaku="8,1" doraHai="95" who="2" fromWho="1" sc="81,0,137,-13,356,13,426,0" /><INIT seed="4,0,0,3,3,19" ten="81,124,369,426" oya="0" hai0="49,72,134,62,117,59,11,13,86,120,5,29,95" hai1="114,101,37,98,110,128,54,115,63,58,75,108,36" hai2="18,126,82,73,17,7,57,69,102,74,30,51,1" hai3="55,20,27,26,9,67,21,68,96,112,47,119,10"/><T43/><D120/><U38/><E75/><V111/><F69/><W99/><G119/><T81/><D134/><U90/><E90/><V60/><F111/><N who="1" m="42537" /><E98/><N who="3" m="37418" /><G68/><T42/><D117/><U129/><E101/><V32/><F102/><W40/><G67/><T133/><D72/><U8/><E8/><N who="3" m="3178" /><G112/><AGARI ba="0,0" hai="36,37,38,54,58,63,112,114,115,128,129" m="42537" machi="112" ten="40,8000,1" yaku="15,1,11,1,34,2" doraHai="19" who="1" fromWho="3" sc="81,0,124,80,369,0,426,-80" /><INIT seed="5,0,0,2,4,60" ten="81,204,369,346" oya="1" hai0="5,84,67,99,36,4,65,87,22,31,70,2,96" hai1="52,101,90,118,0,10,9,91,37,98,80,49,53" hai2="124,11,56,40,102,77,44,104,51,33,93,55,110" hai3="26,107,111,43,20,30,109,3,126,34,100,135,128"/><U82/><E37/><V25/><F110/><W75/><G126/><T16/><D36/><U112/><E118/><V54/><F124/><W14/><G128/><T18/><D70/><U32/><E32/><V95/><F77/><W122/><G75/><T62/><D62/><U41/><E112/><V64/><F104/><W132/><G43/><T74/><D74/><U106/><E41/><V69/><F102/><W86/><G86/><N who="0" m="32811" /><D2/><U115/><E115/><V61/><F11/><W50/><G50/><T129/><D31/><U72/><E72/><V88/><F55/><W19/><G122/><T47/><D47/><U85/><E0/><V121/><F121/><W134/><REACH who="3" step="1"/><G3/><REACH who="3" ten="81,204,369,336" step="2"/><T17/><D129/><U15/><E82/><V133/><F40/><W68/><G68/><T57/><D57/><U8/><E91/><V92/><F69/><W73/><G73/><T125/><D125/><U29/><E29/><V108/><F108/><W7/><G7/><N who="0" m="2635" /><D22/><U39/><E39/><V114/><F114/><W105/><G105/><T130/><D130/><U81/><E81/><V117/><F51/><W63/><G63/><T21/><D21/><U116/><E116/><V24/><F61/><W59/><G59/><T46/><D46/><U76/><E76/><V97/><F44/><W45/><G45/><T66/><AGARI ba="0,1" hai="16,17,18,65,66,67,96,99" m="2635,32811" machi="66" ten="40,12000,2" yaku="28,2,8,1,52,3,54,1" doraHai="60" who="0" fromWho="0" sc="81,130,204,-60,369,-30,336,-30" /><INIT seed="6,0,0,1,1,73" ten="211,144,339,306" oya="2" hai0="8,43,67,25,47,56,33,9,126,90,55,93,66" hai1="38,92,32,114,111,62,5,7,132,108,63,68,109" hai2="6,35,106,84,19,48,86,16,107,79,61,74,87" hai3="121,129,113,83,46,96,100,80,22,50,133,76,29"/><V85/><F35/><W65/><G121/><T17/><D126/><U131/><E38/><V105/><F6/><W34/><G34/><T44/><D33/><U20/><E32/><V58/><N who="2" m="21504" /><DORA hai="120" /><V39/><F39/><W89/><G89/><T122/><D122/><U53/><E114/><V124/><F48/><W42/><G129/><T115/><D43/><U134/><E131/><V78/><F124/><W135/><G65/><N who="0" m="24587" /><D25/><U69/><E92/><V4/><F4/><N who="1" m="1609" /><E20/><V88/><F88/><W104/><G113/><T110/><D90/><U119/><E119/><V51/><F51/><W71/><G71/><N who="1" m="27210" /><E53/><N who="2" m="33999" /><F74/><N who="3" m="43031" /><G83/><T37/><D55/><U23/><E23/><V26/><F26/><W103/><G103/><T118/><D37/><U41/><E41/><V72/><F72/><W101/><G101/><T24/><D118/><U64/><E64/><V52/><F52/><W97/><G97/><T128/><D115/><U3/><E3/><V57/><F57/><W10/><G22/><N who="0" m="13391" /><D56/><U112/><E112/><V130/><F130/><W99/><G99/><T13/><D128/><U95/><E95/><V14/><F14/><W81/><G81/><T12/><D93/><U82/><E82/><V28/><F107/><W102/><G102/><T31/><D12/><U27/><E27/><V11/><F106/><W45/><G104/><T91/><D13/><U18/><E18/><V98/><F105/><W127/><G100/><T125/><D91/><U77/><E77/><N who="2" m="29195" /><F98/><W1/><G96/><T116/><D125/><U0/><E0/><V30/><F19/><W59/><G127/><T15/><D116/><RYUUKYOKU ba="0,0" sc="211,-15,144,15,339,15,306,-15" hai1="62,63,108,109,111,132,134" hai2="11,16,28,30" /><INIT seed="6,1,0,4,3,128" ten="196,159,354,291" oya="2" hai0="32,114,57,107,75,94,106,112,30,121,135,2,18" hai1="86,132,126,5,68,39,127,71,17,53,96,82,98" hai2="100,88,91,97,29,52,93,74,20,81,44,77,56" hai3="60,133,28,40,38,130,108,16,0,90,24,103,120"/><V15/><F44/><W76/><G108/><T111/><D2/><U80/><E39/><V33/><F33/><W66/><G120/><T72/><D18/><U49/><E5/><V62/><REACH who="2" step="1"/><F15/><REACH who="2" ten="196,159,344,291" step="2"/><W99/><G0/><T65/><D32/><U69/><E126/><V131/><F131/><W13/><G130/><T4/><D121/><U42/><E127/><V22/><F22/><W117/><G13/><T19/><D111/><U3/><E3/><V9/><F9/><W31/><G117/><T129/><D129/><U34/><E34/><V50/><F50/><W84/><G38/><T123/><D123/><U87/><E42/><V14/><F14/><W64/><G40/><T54/><D112/><U102/><E49/><V73/><F73/><W113/><G113/><T105/><D72/><U43/><E43/><V12/><F12/><W89/><G60/><T78/><D75/><U116/><E116/><V122/><F122/><W115/><G115/><T59/><D114/><U109/><E109/><V48/><F48/><W125/><G125/><T110/><D110/><U92/><E17/><V63/><F63/><W124/><G124/><T83/><D19/><U46/><E46/><V11/><F11/><W47/><G47/><T36/><D36/><U26/><E26/><AGARI ba="1,1" hai="20,26,29,52,56,62,74,77,81,88,91,93,97,100" machi="26" ten="40,12000,1" yaku="1,1,54,2,53,1" doraHai="128" doraHaiUra="58" who="2" fromWho="1" sc="196,0,159,-123,344,133,291,0" /><INIT seed="6,2,0,4,2,111" ten="196,36,477,291" oya="2" hai0="62,1,55,89,109,50,10,69,41,23,64,79,52" hai1="7,119,14,81,127,18,82,22,94,75,31,36,61" hai2="46,124,78,101,133,24,122,56,90,39,21,5,26" hai3="27,99,49,17,33,112,68,66,54,87,117,60,44"/><V2/><F122/><W13/><G117/><T37/><D109/><U110/><E110/><V35/><F78/><W98/><G112/><T85/><D79/><U104/><E104/><V84/><F101/><W53/><G53/><T28/><D55/><U67/><E119/><V97/><F97/><W92/><G33/><T73/><D73/><U45/><E127/><V128/><F124/><W42/><G27/><T120/><D120/><U57/><E75/><V114/><F56/><W106/><G106/><T126/><D126/><U38/><E36/><V51/><F39/><W19/><G19/><T20/><D28/><U25/><E38/><V0/><F5/><W113/><G113/><T58/><D10/><U77/><E45/><V118/><F118/><W12/><G12/><T70/><D1/><U91/><E7/><V103/><F103/><W63/><G63/><T135/><D135/><U134/><E134/><V131/><F133/><W100/><G87/><T96/><D96/><U123/><E77/><V65/><F65/><W48/><G99/><T6/><D70/><U4/><E4/><V80/><F114/><W95/><G95/><N who="0" m="54703" /><D6/><U30/><E30/><V40/><F35/><W116/><G116/><T71/><D71/><U86/><REACH who="1" step="1"/><E123/><REACH who="1" ten="196,26,477,291" step="2"/><V93/><F0/><W129/><G44/><AGARI ba="2,1" hai="20,23,37,41,44,50,52,58,62,64,69" m="54703" machi="44" ten="30,2000,0" yaku="24,1,54,1" doraHai="111" who="0" fromWho="3" sc="196,36,26,0,477,0,291,-26" /><INIT seed="7,0,0,4,5,58" ten="232,26,477,265" oya="3" hai0="81,120,113,134,131,109,17,7,86,117,112,31,107" hai1="2,61,60,101,72,42,132,13,34,43,38,77,118" hai2="4,70,53,62,133,124,90,108,115,71,37,25,82" hai3="122,19,41,46,73,52,9,49,110,67,69,119,20"/><W130/><G119/><T129/><D117/><U15/><E101/><V111/><F37/><W75/><G122/><T6/><D107/><U74/><E118/><V135/><F4/><W39/><G130/><N who="0" m="49675" /><D120/><U127/><E77/><V89/><F124/><W114/><G114/><N who="0" m="44139" /><D109/><N who="2" m="42058" /><F25/><W66/><G110/><T121/><D121/><U78/><E78/><V99/><F99/><W95/><G9/><T10/><D134/><N who="2" m="51210" /><F82/><W128/><G128/><T32/><D32/><U96/><E132/><V98/><F115/><W47/><G95/><T35/><D35/><U12/><E96/><V104/><F104/><W100/><G100/><T1/><D31/><U27/><E34/><V57/><F98/><W33/><G33/><T55/><D55/><U45/><E27/><V51/><F51/><W93/><G93/><T28/><D28/><U23/><E2/><V88/><AGARI ba="0,0" hai="53,57,62,70,71,88,89,90" m="51210,42058" machi="88" ten="40,5200,0" yaku="20,1,52,1,54,1" doraHai="58" who="2" fromWho="2" sc="232,-13,26,-13,477,52,265,-26" owari="219,-18.1,13,-48.7,529,62.9,239,3.9" /></mjloggm>