<mjloggm ver="2.3"><GO type="169" lobby="0"/><UN n0="%E3%81%88%E3%81%8C%E3%82%8F%E3%82%8A%E3%81%8A" n1="%6D%6F%75%77" n2="%72%65%62%65%65%72" n3="%74%65%63%68%74%6F" dan="16,16,16,17" rate="2117.66,2112.74,2154.90,2118.55" sx="M,M,M,M"/><TAIKYOKU oya="0"/><INIT seed="0,0,0,3,4,111" ten="250,250,250,250" oya="0" hai0="39,85,56,120,21,19,135,18,69,103,65,118,2" hai1="1,93,106,38,129,109,54,115,86,4,63,61,35" hai2="101,43,46,70,99,57,119,126,72,83,20,53,79" hai3="33,3,80,10,102,42,28,92,89,104,34,67,114"/><T62/><D118/><U112/><E106/><V123/><F126/><W124/><G42/><T94/><D120/><U13/><E35/><V130/><F130/><W113/><G124/><T60/><D39/><U49/><E1/><V121/><F70/><W132/><G92/><T51/><D2/><U27/><E27/><V44/><F119/><W95/><G95/><T64/><D135/><U5/><E38/><V37/><F46/><W17/><G17/><T127/><D127/><U16/><E109/><V25/><F99/><N who="3" m="61535" /><G89/><T31/><D51/><U96/><E86/><V29/><REACH who="2" step="1"/><F101/><REACH who="2" ten="250,250,240,250" step="2"/><W76/><G132/><T58/><D69/><U105/><E129/><V24/><F24/><N who="3" m="18567" /><G34/><T107/><D103/><N who="1" m="60815" /><E105/><V87/><F87/><W52/><G67/><T59/><D107/><U74/><E74/><V7/><F7/><N who="3" m="1407" /><G52/><T45/><D45/><N who="1" m="27951" /><E4/><V12/><F12/><W66/><G66/><T128/><D128/><U50/><E5/><V110/><F110/><W47/><G47/><T73/><D73/><AGARI ba="0,1" hai="73,76,80,113,114" m="1407,18567,61535" machi="73" ten="30,3900,0" yaku="23,1,52,2" doraHai="111" who="3" fromWho="0" sc="250,-39,250,0,240,0,250,49" /><INIT seed="1,0,0,1,1,94" ten="211,250,240,299" oya="1" hai0="119,63,104,28,116,61,15,40,50,131,66,37,87" hai1="120,111,32,121,24,6,12,73,53,83,39,19,36" hai2="108,42,112,88,13,45,56,14,99,98,132,126,81" hai3="93,114,68,124,54,11,48,127,86,110,4,71,117"/><U130/><E130/><V18/><F108/><W115/><G110/><T134/><D131/><U82/><E111/><V52/><F126/><N who="3" m="48171" /><G86/><T80/><D134/><U16/><E6/><V1/><F1/><N who="3" m="399" /><G93/><T70/><D28/><U96/><E32/><V8/><F132/><W30/><G30/><T91/><D37/><U2/><E2/><V60/><F112/><N who="3" m="43051" /><G117/><T74/><D74/><U57/><E24/><V135/><F135/><W107/><G107/><T10/><D104/><U47/><E19/><V129/><F129/><W79/><G79/><T75/><D75/><U34/><E34/><V101/><F14/><W43/><G43/><T76/><D76/><U64/><E73/><V51/><F101/><W58/><AGARI ba="0,0" hai="48,54,58,68,71" m="43051,399,48171" machi="58" ten="30,1100,0" yaku="18,1" doraHai="94" who="3" fromWho="3" sc="211,-3,250,-5,240,-3,299,11" /><INIT seed="2,0,0,5,0,37" ten="208,245,237,310" oya="2" hai0="32,121,92,130,78,82,55,27,52,88,20,114,41" hai1="129,91,74,22,8,107,79,34,104,116,47,134,105" hai2="42,3,45,76,50,100,12,30,99,10,132,53,72" hai3="90,126,36,112,133,75,67,39,33,43,61,127,19"/><V7/><F132/><W49/><G33/><T128/><D121/><U16/><E34/><V2/><F30/><W4/><G4/><T102/><D102/><U64/><E116/><V14/><F2/><W23/><G75/><T131/><D32/><U71/><E8/><V123/><F123/><W110/><G90/><T124/><D41/><U40/><E129/><V83/><REACH who="2" step="1"/><F53/><REACH who="2" ten="208,245,227,310" step="2"/><W38/><G133/><T48/><D114/><U11/><E134/><V73/><F73/><W17/><G112/><T111/><D55/><U60/><E74/><V13/><F13/><W25/><G127/><T81/><D124/><U109/><E109/><V9/><F9/><W66/><G126/><T58/><D111/><U95/><E11/><V86/><F86/><W69/><G110/><T44/><D58/><U5/><E5/><V80/><F80/><W108/><G108/><T89/><D82/><U62/><E79/><V51/><F51/><W113/><G49/><T119/><D119/><U77/><E77/><V24/><F24/><W6/><G25/><T96/><D78/><U46/><E71/><V115/><F115/><W1/><G69/><T56/><D56/><U65/><E64/><V54/><F54/><W57/><G67/><T87/><REACH who="0" step="1"/><D131/><REACH who="0" ten="198,245,227,310" step="2"/><U135/><E135/><V85/><F85/><W63/><G113/><T101/><D101/><U21/><E65/><V31/><F31/><AGARI ba="0,2" hai="20,27,31,44,48,52,81,87,88,89,92,96,128,130" machi="31" ten="40,5200,0" yaku="1,1,54,2,53,0" doraHai="37" doraHaiUra="29" who="0" fromWho="2" sc="198,72,245,0,227,-52,310,0" /><INIT seed="3,0,0,1,0,42" ten="270,245,175,310" oya="3" hai0="95,87,49,127,86,92,12,37,119,102,28,99,3" hai1="118,45,121,90,130,55,32,9,68,72,98,61,64" hai2="78,82,20,56,16,24,54,30,108,112,111,19,27" hai3="62,135,7,21,75,52,126,81,96,113,2,13,70"/><W74/><G113/><T44/><D3/><U26/><E72/><V59/><F112/><W25/><G2/><T18/><D119/><U84/><E121/><V67/><F67/><W103/><G70/><T50/><D37/><U83/><E130/><V29/><F82/><W69/><G69/><T125/><D28/><U4/><E98/><V58/><F78/><W88/><G13/><T39/><D39/><U8/><E118/><V133/><F133/><W80/><G7/><T15/><D18/><U14/><E26/><V89/><F89/><W107/><G126/><T47/><D99/><U23/><E32/><V132/><F132/><W53/><G81/><T110/><D102/><U124/><E23/><V10/><F30/><W115/><G115/><T100/><D100/><U85/><E85/><V0/><F54/><W106/><G106/><T48/><D48/><U66/><E66/><V131/><F131/><W57/><G53/><T71/><D71/><BYE who="0" /><U79/><E9/><V40/><F40/><W17/><REACH who="3" step="1"/><G135/><REACH who="3" ten="270,245,175,300" step="2"/><T91/><D91/><U93/><E124/><V101/><F0/><W129/><G129/><T73/><D73/><U65/><E65/><V94/><F10/><W5/><G5/><T134/><D134/><U6/><E6/><V109/><F27/><UN n0="%E3%81%88%E3%81%8C%E3%82%8F%E3%82%8A%E3%81%8A" /><W104/><G104/><T41/><D41/><U33/><E83/><V51/><F51/><W76/><G76/><T22/><D22/><U46/><E79/><V97/><AGARI ba="0,1" hai="16,19,20,24,29,56,58,59,94,97,101,108,109,111" machi="97" ten="40,5200,0" yaku="0,1,14,1,54,1" doraHai="42" who="2" fromWho="2" sc="270,-13,245,-13,175,62,300,-26" /><INIT seed="4,0,0,3,1,72" ten="257,232,237,274" oya="0" hai0="48,94,24,79,10,58,2,41,115,62,30,5,51" hai1="23,112,84,21,8,127,66,37,64,71,69,31,74" hai2="119,109,44,106,67,77,1,118,6,55,45,81,56" hai3="117,92,25,89,60,116,82,4,86,17,50,91,120"/><T39/><D115/><U11/><E74/><V107/><F109/><W59/><G120/><T132/><D132/><U53/><E37/><V20/><F20/><W3/><G50/><T47/><D94/><U28/><E84/><V7/><F67/><W104/><G104/><T135/><D135/><U9/><E53/><V99/><F99/><W105/><G105/><T22/><REACH who="0" step="1"/><D79/><REACH who="0" ten="247,232,237,274" step="2"/><U95/><E95/><V19/><F107/><W90/><G92/><T110/><D110/><U103/><E112/><V98/><F106/><W83/><G117/><T96/><D96/><U133/><E133/><V35/><F98/><W123/><G116/><T15/><D15/><U114/><E114/><V13/><F119/><W42/><G123/><T49/><D49/><U111/><E111/><V34/><F118/><W61/><G91/><T113/><D113/><U101/><REACH who="1" step="1"/><E9/><REACH who="1" ten="247,222,237,274" step="2"/><V97/><F97/><W121/><G121/><T108/><D108/><U26/><E26/><V68/><F77/><W65/><G25/><T134/><D134/><U88/><E88/><V130/><F81/><W93/><G83/><T54/><AGARI ba="0,2" hai="2,5,10,22,24,30,39,41,47,48,51,54,58,62" machi="54" ten="20,3900,0" yaku="1,1,0,1,7,1,53,0" doraHai="72" doraHaiUra="78" who="0" fromWho="0" sc="247,59,222,-13,237,-13,274,-13" /><INIT seed="4,1,0,2,2,0" ten="306,209,224,261" oya="0" hai0="66,82,56,130,35,106,105,60,93,24,119,13,29" hai1="86,46,88,72,23,84,104,37,89,109,99,2,41" hai2="131,7,76,79,133,83,125,3,135,54,1,34,73" hai3="5,70,96,47,85,44,95,110,69,26,40,112,94"/><T45/><D119/><U57/><E109/><V42/><F34/><W78/><G110/><T134/><D134/><N who="2" m="51210" /><F79/><W102/><G47/><T25/><D130/><U92/><E72/><V6/><F131/><W120/><G112/><T103/><D82/><U129/><E104/><V91/><F125/><W77/><G77/><T33/><D45/><U53/><E129/><V15/><F42/><W11/><G26/><T38/><D38/><U65/><E65/><V123/><F123/><W67/><G67/><T115/><D115/><U39/><E39/><V27/><F15/><W74/><G74/><T4/><D93/><U108/><E108/><V101/><F101/><W87/><G87/><T21/><D103/><U124/><E124/><V132/><F27/><W55/><G55/><T18/><REACH who="0" step="1"/><D35/><REACH who="0" ten="296,209,224,261" step="2"/><U97/><E37/><V64/><F132/><W8/><G95/><T50/><D50/><U98/><E46/><V16/><F91/><W22/><G102/><T20/><D20/><U43/><E23/><V117/><F117/><W12/><G22/><T111/><D111/><U100/><E100/><V32/><F32/><W31/><G44/><T10/><AGARI ba="1,1" hai="4,10,13,18,21,24,25,29,33,56,60,66,105,106" machi="10" ten="30,6000,0" yaku="1,1,0,1,52,1,53,0" doraHai="0" doraHaiUra="118" who="0" fromWho="0" sc="296,73,209,-21,224,-21,261,-21" /><INIT seed="4,2,0,5,4,21" ten="369,188,203,240" oya="0" hai0="12,72,27,126,94,102,75,18,40,8,4,80,15" hai1="83,20,86,93,130,63,13,37,116,28,65,97,104" hai2="82,111,51,50,95,43,0,133,128,26,84,121,25" hai3="125,11,61,19,132,122,46,100,56,60,108,2,33"/><T14/><D126/><U6/><E130/><V59/><F0/><W24/><G46/><T119/><D119/><U73/><E37/><V87/><F121/><W1/><G108/><T109/><D109/><U106/><E73/><V89/><F128/><W99/><G132/><T44/><D80/><U35/><E35/><V115/><F133/><W92/><G125/><T96/><D72/><U3/><E3/><V45/><F115/><W9/><G1/><T23/><REACH who="0" step="1"/><D75/><REACH who="0" ten="359,188,203,240" step="2"/><U42/><E83/><V16/><F111/><W69/><G122/><T53/><D53/><U74/><E74/><V39/><F39/><AGARI ba="2,1" hai="4,8,12,14,15,18,23,27,39,40,44,94,96,102" machi="39" ten="30,5800,0" yaku="1,1,7,1,52,1,53,0" doraHai="21" doraHaiUra="49" who="0" fromWho="2" sc="359,74,188,0,203,-64,240,0" /><INIT seed="4,3,0,5,5,75" ten="433,188,139,240" oya="0" hai0="93,37,16,70,98,90,46,22,61,2,47,57,30" hai1="77,9,112,60,44,66,72,109,69,13,117,49,23" hai2="19,27,58,134,40,103,135,118,53,10,28,68,122" hai3="126,48,39,92,59,73,78,24,129,56,1,80,116"/><T18/><D2/><U91/><E117/><V133/><F122/><W5/><G116/><T14/><D70/><U67/><E109/><V4/><F118/><W115/><G115/><T128/><D128/><U101/><E67/><V110/><F110/><W99/><G126/><T124/><D124/><U65/><E65/><V111/><F111/><W123/><G129/><T87/><D37/><U130/><E130/><V84/><F68/><W132/><G132/><T11/><D30/><U51/><E101/><V86/><F40/><W81/><G39/><T8/><D87/><U7/><E112/><V96/><F19/><W3/><G24/><N who="0" m="14407" /><D8/><U54/><E91/><V55/><F84/><W74/><G1/><T85/><D85/><U82/><E51/><V63/><F86/><W31/><G48/><T52/><AGARI ba="3,0" hai="11,14,18,46,47,52,57,61,90,93,98" m="14407" machi="52" ten="30,11700,0" yaku="25,1,8,1,54,2" doraHai="75" who="0" fromWho="0" sc="433,126,188,-42,139,-42,240,-42" /><INIT seed="4,4,0,1,2,97" ten="559,146,97,198" oya="0" hai0="122,50,135,41,21,82,98,30,106,5,1,129,131" hai1="76,18,36,94,23,101,27,116,25,6,14,115,120" hai2="43,60,133,100,99,38,46,47,68,80,57,109,53" hai3="24,81,17,119,51,117,65,128,31,48,33,55,12"/><T0/><D122/><U9/><E36/><V132/><F109/><W104/><G128/><T67/><D67/><U88/><E116/><V45/><F80/><W40/><G104/><T32/><D32/><U85/><E120/><V72/><F72/><W102/><G40/><T39/><D39/><U52/><E115/><V7/><F7/><W61/><G51/><T108/><D82/><U59/><E101/><V134/><REACH who="2" step="1"/><F68/><REACH who="2" ten="559,146,87,198" step="2"/><W4/><G81/><T84/><D5/><U114/><E114/><V22/><F22/><W83/><G83/><T110/><D21/><U118/><E118/><V8/><F8/><W93/><G4/><T103/><D110/><U123/><E123/><V44/><F44/><W79/><G119/><T127/><D108/><U2/><REACH who="1" step="1"/><E76/><REACH who="1" ten="559,136,87,198" step="2"/><V121/><F121/><W54/><G79/><T37/><D131/><U130/><E130/><V11/><F11/><W77/><G77/><T96/><D129/><U95/><E95/><AGARI ba="4,2" hai="38,43,45,46,47,53,57,60,95,99,100,132,133,134" machi="95" ten="40,8000,1" yaku="1,1,20,1,52,1,53,1" doraHai="97" doraHaiUra="91" who="2" fromWho="1" sc="559,0,136,-92,87,112,198,0" /><INIT seed="5,0,0,1,3,52" ten="559,44,199,198" oya="1" hai0="83,62,7,6,111,23,124,73,98,32,76,58,35" hai1="80,53,86,81,28,44,55,47,74,68,121,130,66" hai2="43,54,123,9,14,75,84,38,37,72,41,21,96" hai3="71,39,93,24,16,105,118,13,0,61,8,128,108"/><U64/><E121/><V120/><F21/><W42/><G105/><T106/><D111/><U85/><E74/><V135/><F54/><W87/><G108/><T113/><D113/><U131/><REACH who="1" step="1"/><E28/><REACH who="1" ten="559,34,199,198" step="2"/><V45/><F72/><W70/><G118/><T117/><D117/><U49/><E49/><V1/><F75/><W33/><G39/><T15/><D73/><U109/><E109/><V132/><F120/><W102/><G128/><T3/><D35/><U59/><E59/><V69/><F123/><W34/><G33/><T51/><D32/><U100/><E100/><V79/><F69/><AGARI ba="0,1" hai="44,47,53,55,64,66,68,69,80,81,85,86,130,131" machi="69" ten="25,4800,0" yaku="1,1,22,2,53,0" doraHai="52" doraHaiUra="92" who="1" fromWho="2" sc="559,0,34,58,199,-48,198,0" /><INIT seed="5,1,0,5,3,22" ten="559,92,151,198" oya="1" hai0="61,14,29,45,92,90,114,38,40,72,87,109,123" hai1="118,108,110,134,4,79,53,62,100,113,75,30,125" hai2="127,56,50,39,3,74,135,2,23,86,63,88,5" hai3="0,93,18,27,99,133,12,9,55,64,26,128,129"/><U19/><E118/><V1/><F39/><W101/><G64/><T67/><D109/><N who="1" m="42091" /><E113/><V8/><F74/><W97/><G133/><T60/><D114/><U82/><E134/><V35/><F135/><W124/><G124/><T76/><D123/><U77/><E125/><V15/><F35/><W10/><G55/><T132/><D132/><U104/><E4/><V33/><F33/><W11/><G99/><T121/><D121/><U46/><E30/><V94/><F50/><W83/><G83/><T52/><D29/><U6/><E6/><V37/><F37/><W111/><G111/><T59/><D14/><U105/><E100/><V112/><F112/><W31/><G31/><T58/><D72/><U65/><E79/><V70/><F70/><W20/><REACH who="3" step="1"/><G0/><REACH who="3" ten="559,92,151,188" step="2"/><T36/><D76/><U34/><E53/><V7/><F127/><W17/><G17/><T84/><D52/><U96/><E96/><V42/><F42/><W126/><G126/><T47/><D40/><U48/><E19/><V131/><F7/><W115/><G115/><T21/><D67/><U32/><E105/><V51/><F63/><W120/><G120/><T68/><D92/><U106/><E104/><V81/><F94/><W122/><G122/><T28/><D28/><U13/><E106/><V119/><F1/><W49/><G49/><T73/><D36/><U98/><E98/><V116/><F2/><W16/><G16/><T78/><D38/><U44/><E48/><V69/><F51/><W66/><G66/><T80/><D61/><U117/><E62/><V25/><F3/><W71/><G71/><RYUUKYOKU ba="1,1" sc="559,-10,92,-10,151,-10,188,30" hai3="9,10,11,12,18,20,26,27,93,97,101,128,129" /><INIT seed="6,2,1,5,3,126" ten="549,82,141,218" oya="2" hai0="134,15,103,3,130,131,53,36,13,117,29,5,89" hai1="109,69,63,27,59,96,121,10,108,75,85,41,64" hai2="23,132,122,48,110,72,91,100,124,128,17,115,65" hai3="81,20,33,21,7,87,6,62,47,111,80,34,94"/><V97/><F122/><W92/><G62/><T127/><D36/><U90/><E75/><V8/><F124/><W28/><G47/><T133/><D127/><U84/><E121/><V82/><F115/><W0/><G87/><T73/><D73/><U125/><E125/><V42/><F132/><N who="0" m="50794" /><D117/><U2/><E41/><V116/><F116/><W99/><G99/><T16/><D103/><U114/><E114/><V11/><F110/><W68/><G28/><T52/><D29/><U86/><E69/><V78/><F65/><W83/><G0/><T44/><D3/><U120/><E120/><V1/><F1/><W14/><G14/><T40/><D89/><U43/><E27/><V105/><F128/><N who="0" m="49194" /><D5/><U118/><E118/><V56/><F91/><W77/><G6/><T104/><D104/><U26/><E26/><V119/><F119/><W54/><G7/><T38/><D13/><U32/><E2/><V31/><F31/><W12/><G12/><T107/><D107/><U135/><E10/><AGARI ba="2,1" hai="10,15,16,38,40,44,52,53" m="49194,50794" machi="10" ten="30,12000,2" yaku="20,1,19,1,52,3,54,2" doraHai="126" who="0" fromWho="1" sc="549,136,82,-126,141,0,218,0" owari="685,78.5,-44,-54.4,141,-25.9,218,1.8" /></mjloggm>