<mjloggm ver="2.3"><GO type="225" lobby="0"/><UN n0="%4C%61%72%72%6B" n1="%E6%98%93%E5%88%A9%E8%96%A9%E4%BC%AF" n2="%E3%83%A9%E3%83%BC%E3%83%A1%E3%83%B3%E4%BA%94%E9%83%8E" n3="%E5%85%83%E3%82%AB%E3%83%8E%E7%B3%BB%E3%83%92%E3%83%AD%E3%82%A4%E3%83%B3" dan="16,17,16,16" rate="2153.35,2222.77,2083.27,2174.71" sx="M,F,M,M"/><TAIKYOKU oya="0"/><INIT seed="0,0,0,3,2,10" ten="250,250,250,250" oya="0" hai0="24,19,63,7,108,100,51,23,59,54,46,87,55" hai1="43,125,57,116,34,38,60,132,2,94,82,102,20" hai2="85,61,74,29,83,118,80,33,135,0,96,17,39" hai3="134,56,107,45,35,95,9,81,41,44,92,11,49"/><T117/><D117/><U113/><E34/><V47/><F0/><W37/><G107/><T26/><D108/><U52/><E116/><V1/><F118/><W14/><G35/><T69/><D69/><U40/><E132/><V77/><F1/><W4/><G134/><T62/><D100/><U119/><E119/><V73/><F73/><W53/><G81/><T8/><D63/><U15/><E2/><V66/><F96/><W129/><G129/><T78/><D78/><U112/><E82/><V12/><F47/><W88/><G11/><T97/><D97/><N who="1" m="59703" /><E38/><V91/><F39/><W103/><G103/><T22/><D87/><U3/><E3/><V89/><F89/><W127/><G127/><T21/><REACH who="0" step="1"/><D24/><REACH who="0" ten="240,250,250,250" step="2"/><U101/><E101/><V122/><F135/><W104/><G104/><T71/><D71/><U42/><E125/><V16/><F61/><W99/><REACH who="3" step="1"/><G92/><REACH who="3" ten="240,250,250,240" step="2"/><T86/><D86/><U50/><E113/><V58/><F85/><W79/><G79/><T65/><D65/><U48/><E112/><V5/><F66/><W84/><G84/><T90/><D90/><U32/><E32/><V123/><F91/><W121/><G121/><T67/><D67/><U36/><E36/><V120/><F123/><W76/><G76/><T93/><D93/><U111/><E111/><V30/><F120/><W72/><G72/><T64/><D64/><U106/><E106/><V126/><F74/><W13/><G13/><AGARI ba="0,2" hai="7,8,13,19,21,22,23,26,46,51,54,55,59,62" machi="13" ten="30,11600,0" yaku="1,1,7,1,8,1,52,1,53,0" doraHai="10" doraHaiUra="98" who="0" fromWho="3" sc="240,136,250,0,250,0,240,-116" /><INIT seed="0,1,0,3,1,67" ten="376,250,250,124" oya="0" hai0="99,7,23,117,125,59,71,20,19,35,126,113,114" hai1="93,44,95,87,62,33,135,73,124,121,22,25,27" hai2="92,61,26,11,9,34,30,108,2,111,103,116,133" hai3="46,31,29,115,104,70,68,15,98,127,28,129,48"/><T86/><D59/><U43/><E73/><V49/><F133/><W88/><G115/><N who="0" m="44043" /><D86/><U47/><E121/><V36/><F36/><W72/><G72/><T57/><D57/><U54/><E135/><V120/><F120/><W58/><G129/><T24/><D99/><U66/><E124/><N who="0" m="47721" /><D117/><U3/><E3/><V6/><F116/><W130/><G127/><T14/><D71/><U18/><E54/><V109/><F61/><W118/><G118/><T123/><D123/><U56/><E87/><V12/><F49/><W83/><G130/><T45/><D45/><U122/><E122/><V132/><F132/><W97/><G15/><T76/><D76/><U85/><E85/><V131/><F131/><W100/><G58/><T40/><D40/><U63/><E63/><V80/><F80/><W96/><G83/><T81/><D81/><U77/><E77/><V4/><F92/><W105/><G97/><T94/><D94/><U106/><E106/><V69/><F103/><W134/><G134/><T78/><D78/><U82/><E82/><V112/><F112/><W50/><G50/><T21/><D7/><U17/><E47/><V41/><F41/><W64/><G64/><T39/><D39/><U91/><E91/><V42/><F42/><W110/><G110/><T32/><D23/><N who="1" m="13551" /><E44/><V89/><F89/><W13/><G13/><T75/><D75/><U101/><E101/><V37/><F37/><W60/><G60/><T10/><D21/><U0/><E43/><V1/><F69/><W53/><G88/><T55/><D55/><U5/><E66/><V107/><F107/><RYUUKYOKU ba="1,0" sc="376,10,250,-30,250,10,124,10" hai0="10,14,19,20,24,32,35" hai2="1,2,4,6,9,11,12,26,30,34,108,109,111" hai3="28,29,31,46,48,53,68,70,96,98,100,104,105" /><INIT seed="0,2,0,3,5,62" ten="386,220,260,134" oya="0" hai0="6,109,101,12,84,128,106,30,51,100,64,113,59" hai1="58,72,86,96,74,48,27,36,65,129,87,134,43" hai2="14,95,52,121,10,115,135,112,37,73,49,80,131" hai3="28,11,0,122,47,66,114,21,98,107,31,19,91"/><T42/><D113/><U97/><E129/><V89/><F121/><W90/><G114/><T88/><D128/><U20/><E134/><V40/><F131/><W69/><G122/><T46/><D109/><U7/><E7/><V45/><F135/><W24/><G47/><T85/><D85/><U2/><E2/><V44/><F73/><W63/><G0/><T75/><D75/><U119/><E74/><V82/><F82/><W117/><G117/><T57/><D30/><U132/><E72/><V116/><F116/><W120/><G120/><T33/><D33/><U32/><E32/><V56/><F56/><N who="0" m="21578" /><D64/><U34/><E34/><V133/><F80/><W39/><G39/><T50/><D50/><U111/><E36/><V9/><F9/><W55/><G55/><T105/><D105/><U15/><E111/><V22/><F22/><W41/><G41/><T35/><D106/><U108/><E108/><V125/><F133/><W3/><G31/><T71/><D71/><U77/><E43/><V29/><F29/><W8/><G8/><N who="0" m="4119" /><D35/><U130/><E130/><V79/><F112/><W4/><REACH who="3" step="1"/><G28/><REACH who="3" ten="386,220,260,124" step="2"/><T23/><D42/><U92/><E119/><V110/><F115/><W94/><G94/><T118/><D46/><U70/><E92/><V93/><F95/><W18/><G18/><T127/><D118/><U53/><E53/><V83/><F110/><W1/><G1/><T81/><D51/><U78/><E48/><V26/><F49/><W104/><G104/><T103/><D81/><U123/><E132/><V60/><F83/><W76/><G76/><T38/><D38/><RYUUKYOKU ba="2,1" sc="386,-10,220,-10,260,-10,124,30" hai3="3,4,11,19,21,24,63,66,69,90,91,98,107" /><INIT seed="1,3,1,5,4,132" ten="376,210,250,154" oya="1" hai0="37,109,14,5,12,100,33,1,71,39,92,124,57" hai1="7,90,117,11,113,56,99,0,40,59,82,44,108" hai2="74,128,93,26,69,83,135,134,3,20,34,43,32" hai3="45,68,78,61,35,47,28,52,95,42,29,129,84"/><U16/><E113/><V15/><F3/><W85/><G129/><T131/><D71/><U125/><E117/><V97/><F128/><W41/><G68/><T36/><D33/><U133/><E133/><N who="2" m="50699" /><F69/><W67/><G35/><T51/><D1/><U105/><E108/><V6/><F43/><W50/><G67/><T103/><D131/><U63/><E125/><V38/><F38/><W4/><G4/><T64/><D124/><U24/><E105/><V106/><F106/><W88/><G61/><T94/><D64/><U22/><E63/><V126/><F126/><W98/><G41/><T48/><D57/><U60/><E60/><V30/><F15/><W72/><G72/><T70/><D70/><U91/><E82/><V127/><F6/><W96/><G84/><T66/><D66/><U13/><E0/><V112/><F112/><W9/><G9/><T54/><D5/><U73/><E73/><V81/><F127/><W80/><REACH who="3" step="1"/><G96/><REACH who="3" ten="376,210,250,144" step="2"/><T62/><D62/><U27/><E99/><V102/><F74/><W49/><AGARI ba="3,2" hai="28,29,42,45,47,49,50,52,78,80,85,88,95,98" machi="49" ten="20,16000,3" yaku="1,1,2,1,0,1,7,1,8,1,54,2,53,1" doraHai="132" doraHaiUra="76" who="3" fromWho="3" sc="376,-43,210,-83,250,-43,144,189" /><INIT seed="2,0,0,1,1,73" ten="333,127,207,333" oya="2" hai0="76,80,64,100,131,52,134,99,69,49,37,20,117" hai1="77,55,96,60,62,28,24,111,41,101,42,13,63" hai2="61,54,9,6,32,85,113,26,71,112,66,84,30" hai3="25,29,103,88,33,116,0,59,78,102,92,18,43"/><V15/><REACH who="2" step="1"/><F54/><REACH who="2" ten="333,127,197,333" step="2"/><W68/><G102/><T50/><D100/><U35/><E111/><V44/><F44/><W4/><G103/><T90/><D52/><U121/><E121/><V56/><F56/><W129/><G59/><T108/><D108/><U127/><E55/><V125/><F125/><W135/><G68/><T123/><D123/><U19/><E127/><V124/><F124/><W10/><G116/><T34/><D69/><U114/><E114/><AGARI ba="0,1" hai="6,9,15,26,30,32,61,66,71,84,85,112,113,114" machi="114" ten="40,3900,0" yaku="21,2,53,0" doraHai="73" doraHaiUra="72" who="2" fromWho="1" sc="333,0,127,-39,197,49,333,0" /><INIT seed="2,1,0,0,1,132" ten="333,88,246,333" oya="2" hai0="75,11,45,28,5,29,72,82,15,89,27,23,105" hai1="31,81,76,30,69,126,113,36,77,56,108,21,111" hai2="88,70,16,42,1,66,122,57,48,14,68,133,127" hai3="90,54,124,130,117,43,7,118,2,79,121,46,34"/><V95/><F122/><W134/><G121/><T112/><D105/><U84/><E113/><V63/><F1/><W24/><G134/><T114/><D114/><U4/><E69/><V83/><F133/><W33/><G54/><T18/><D112/><U59/><E36/><V71/><F83/><W6/><G90/><T78/><D75/><U99/><E4/><V40/><F48/><W61/><G61/><T51/><D89/><U73/><E73/><V64/><F64/><W38/><G130/><T96/><D96/><U52/><E99/><V9/><REACH who="2" step="1"/><F127/><REACH who="2" ten="333,88,236,333" step="2"/><W67/><G124/><T109/><D109/><U65/><E126/><V12/><F12/><W135/><G2/><T53/><AGARI ba="1,1" hai="5,11,15,18,23,27,28,29,45,51,53,72,78,82" machi="53" ten="20,1500,0" yaku="0,1,7,1" doraHai="132" who="0" fromWho="0" sc="333,28,88,-5,236,-8,333,-5" /><INIT seed="3,0,0,1,2,74" ten="361,83,228,328" oya="3" hai0="68,126,17,90,60,61,32,49,84,63,130,13,54" hai1="77,34,124,78,116,3,86,42,1,102,7,59,96" hai2="134,57,120,71,55,67,97,129,89,95,36,24,56" hai3="53,115,50,91,29,2,0,69,112,4,82,118,37"/><W113/><G118/><T73/><D73/><U58/><E116/><V109/><F36/><W100/><G37/><T92/><D32/><U81/><E124/><V94/><F109/><W79/><G69/><T30/><D126/><U35/><E42/><V46/><F71/><W15/><G100/><T121/><D121/><U51/><E7/><V101/><F129/><W75/><G29/><T41/><D130/><U16/><E51/><N who="2" m="29175" /><F134/><W25/><G25/><T40/><D30/><U132/><E132/><V99/><F67/><W70/><G70/><T98/><D98/><U127/><E127/><V44/><F44/><W31/><G31/><T21/><D68/><U135/><E135/><V117/><F117/><W103/><G103/><T114/><D114/><U19/><E102/><V10/><F120/><W23/><G91/><T11/><D11/><U38/><E38/><V64/><F64/><W107/><G107/><T88/><D90/><U22/><E96/><V108/><F108/><W125/><G125/><T93/><D93/><U48/><E48/><V5/><F24/><W80/><G80/><T26/><D26/><U6/><E6/><V128/><F128/><W110/><G110/><T119/><D119/><U106/><E81/><V76/><F97/><W111/><G111/><T133/><D133/><U12/><E22/><V87/><F101/><W72/><G72/><T18/><D18/><U131/><E131/><V52/><F99/><W47/><REACH who="3" step="1"/><G23/><REACH who="3" ten="361,83,228,318" step="2"/><T39/><D39/><U66/><E106/><V43/><F95/><W62/><G62/><T28/><D28/><U123/><E123/><RYUUKYOKU ba="0,1" sc="361,15,83,-15,228,-15,318,15" hai0="13,17,21,40,41,49,54,60,61,63,84,88,92" hai3="0,2,4,15,47,50,53,75,79,82,112,113,115" /><INIT seed="3,1,1,3,1,33" ten="376,68,213,333" oya="3" hai0="52,46,113,67,62,85,91,134,45,23,84,16,101" hai1="75,18,70,81,50,94,20,78,19,98,66,8,108" hai2="131,89,97,118,135,76,99,10,68,79,32,111,124" hai3="104,59,49,12,38,54,31,106,65,13,121,1,116"/><W26/><G121/><T80/><D113/><U55/><E108/><V40/><F68/><W96/><G116/><T0/><D0/><U58/><E70/><V53/><F32/><W17/><G38/><T129/><D129/><U132/><E132/><V73/><F40/><W15/><G1/><T72/><D72/><U42/><E75/><V103/><F118/><W61/><G17/><T102/><D134/><U109/><E109/><V114/><F53/><W7/><G7/><T127/><D127/><U122/><E122/><V117/><F10/><W82/><G82/><T56/><D85/><U27/><E42/><V51/><F51/><W83/><G83/><T64/><D45/><U92/><E66/><N who="0" m="25129" /><D46/><U88/><E94/><V95/><F73/><W44/><REACH who="3" step="1"/><G96/><REACH who="3" ten="376,68,213,323" step="2"/><T6/><D6/><U107/><E107/><V35/><F99/><W128/><G128/><T63/><D63/><U125/><E125/><V11/><F97/><W22/><AGARI ba="1,2" hai="12,13,15,22,26,31,44,49,54,59,61,65,104,106" machi="22" ten="30,3000,0" yaku="1,1,0,1,53,0" doraHai="33" doraHaiUra="28" who="3" fromWho="3" sc="376,-11,68,-11,213,-11,323,53" owari="365,16.5,57,-44.3,202,-19.8,376,47.6" /></mjloggm>