<mjloggm ver="2.3"><GO type="169" lobby="0"/><UN n0="%E7%BD%AA%E5%88%91%E6%B3%95%E5%AE%9A%E4%B8%BB%E7%BE%A9" n1="%E6%84%9A%E5%85%84%E3%81%8C%E6%84%9A%E5%BD%A2" n2="%E3%81%82%E3%81%BE%E3%81%82%E3%82%93" n3="%E5%A4%A9%E7%A9%BA%E3%81%AE%E6%8A%80" dan="17,18,16,16" rate="2232.04,2209.46,2095.90,2145.54" sx="M,M,M,M"/><TAIKYOKU oya="0"/><INIT seed="0,0,0,5,1,1" ten="250,250,250,250" oya="0" hai0="84,18,49,135,51,37,72,3,81,13,98,42,11" hai1="102,124,77,131,118,95,110,103,97,10,69,109,19" hai2="0,63,94,113,129,32,20,26,24,23,46,80,14" hai3="104,29,62,128,55,58,70,75,106,91,7,41,67"/><T79/><D135/><U39/><E69/><V92/><F113/><W122/><G75/><T83/><D37/><U126/><E39/><V125/><F125/><N who="1" m="48233" /><E19/><V87/><F129/><W54/><G41/><T93/><D42/><U117/><E10/><V25/><F0/><W30/><G128/><T114/><D114/><U66/><E66/><V132/><F32/><W61/><G122/><T112/><D112/><U105/><E77/><V22/><F132/><W50/><G91/><T85/><D72/><U56/><E56/><V38/><F38/><W15/><G30/><T127/><D3/><U116/><E131/><V6/><F63/><W68/><G29/><T53/><D127/><U57/><E57/><V64/><F46/><W27/><G70/><T96/><D93/><U99/><AGARI ba="0,0" hai="95,97,99,102,103,105,109,110,116,117,118" m="48233" machi="99" ten="40,5200,0" yaku="18,1,34,2" doraHai="1" who="1" fromWho="1" sc="250,-26,250,52,250,-13,250,-13" /><INIT seed="1,0,0,1,3,19" ten="224,302,237,237" oya="1" hai0="83,68,18,128,115,29,46,65,74,122,12,20,119" hai1="48,42,92,121,40,69,50,111,125,62,98,54,67" hai2="117,37,95,3,93,6,8,59,0,77,22,100,28" hai3="60,26,79,120,64,56,4,16,91,103,80,5,31"/><U89/><E121/><V15/><F117/><W35/><G120/><T113/><D122/><U30/><E125/><V124/><F124/><W72/><G103/><T73/><D119/><U130/><E130/><V45/><F77/><W51/><G91/><T75/><D128/><U102/><E111/><V109/><F109/><W13/><REACH who="3" step="1"/><G51/><REACH who="3" ten="224,302,237,227" step="2"/><T49/><D115/><U114/><E114/><V47/><F100/><W58/><G58/><T126/><D113/><U132/><E48/><V63/><F59/><W70/><G70/><T112/><D112/><U105/><E132/><V134/><F134/><W44/><G44/><T11/><D126/><U84/><REACH who="1" step="1"/><E30/><REACH who="1" ten="224,292,237,227" step="2"/><V53/><F28/><W106/><G106/><T23/><D29/><U127/><E127/><V36/><F36/><W25/><G25/><T71/><D49/><U108/><E108/><V78/><F37/><W61/><G61/><T133/><D133/><U99/><E99/><V82/><F63/><W17/><G17/><T118/><D18/><U10/><E10/><AGARI ba="0,2" hai="4,5,10,13,16,26,31,35,56,60,64,72,79,80" machi="10" ten="30,3900,0" yaku="1,1,7,1,54,1,53,0" doraHai="19" doraHaiUra="43" who="3" fromWho="1" sc="224,0,292,-39,237,0,227,59" /><INIT seed="2,0,0,2,5,9" ten="224,253,237,286" oya="2" hai0="99,135,119,72,39,32,43,104,75,7,44,11,116" hai1="53,45,96,8,90,106,71,122,107,117,15,16,48" hai2="4,127,92,67,47,111,57,86,31,0,73,97,40" hai3="34,91,20,108,18,89,3,84,87,6,133,93,76"/><V81/><F127/><W123/><G34/><T30/><D135/><U100/><E117/><N who="0" m="45129" /><D99/><U27/><E71/><V22/><F73/><W113/><G133/><T132/><D104/><U51/><E122/><V28/><F111/><W74/><G123/><T17/><D17/><U69/><E69/><V125/><F125/><W61/><G61/><T49/><D49/><U120/><E120/><V88/><F0/><W1/><G113/><T19/><D19/><U21/><E51/><V59/><F4/><W78/><G108/><T70/><D70/><U2/><E2/><V36/><F67/><W77/><G74/><T83/><D83/><U14/><E107/><V62/><F22/><W114/><G6/><T134/><D134/><U80/><REACH who="1" step="1"/><E8/><REACH who="1" ten="224,243,237,286" step="2"/><V26/><F62/><W64/><G114/><T126/><D132/><U105/><E105/><V110/><F110/><W41/><G3/><N who="0" m="511" /><D126/><U124/><E124/><V10/><F10/><W55/><G1/><T79/><D79/><U121/><E121/><V24/><F31/><W38/><G78/><T103/><D103/><U54/><E54/><V102/><REACH who="2" step="1"/><F28/><REACH who="2" ten="224,243,227,286" step="2"/><W98/><G64/><T109/><D109/><U82/><E82/><V101/><F101/><W128/><G18/><T29/><D29/><U118/><E118/><V131/><F131/><W60/><G128/><T94/><D30/><U5/><E5/><V42/><F42/><W25/><G41/><T95/><D32/><U46/><E46/><V129/><F129/><W130/><G130/><T112/><D112/><U33/><E33/><V115/><F115/><W13/><G60/><RYUUKYOKU ba="0,2" sc="224,10,243,10,227,10,286,-30" hai0="39,43,44,72,75,94,95" hai1="14,15,16,21,27,45,48,53,80,90,96,100,106" hai2="24,26,36,40,47,57,59,81,86,88,92,97,102" /><INIT seed="2,1,2,5,1,39" ten="234,253,237,256" oya="2" hai0="54,87,91,65,23,59,77,88,96,11,51,13,75" hai1="14,56,2,126,45,132,32,117,37,97,106,109,101" hai2="83,20,15,124,112,74,9,130,6,40,89,10,44" hai3="53,73,41,61,7,55,118,98,52,31,0,18,64"/><V92/><F112/><W1/><G73/><T21/><D75/><U17/><E117/><V100/><F130/><W4/><G31/><T38/><D38/><U110/><E2/><V125/><F100/><W43/><G98/><T134/><D134/><U128/><E32/><V115/><F115/><W90/><G90/><T113/><D113/><U63/><E128/><V123/><F123/><W72/><G72/><T71/><D71/><U114/><E126/><V94/><F20/><W62/><G18/><T30/><D65/><U121/><E132/><V42/><F10/><W82/><G82/><N who="0" m="47567" /><D30/><U57/><E121/><V25/><F25/><W36/><G36/><T80/><D80/><U95/><E106/><V48/><F42/><N who="3" m="15883" /><G64/><T16/><D91/><U85/><E114/><V81/><F92/><AGARI ba="1,2" hai="11,13,16,21,23,51,54,59,88,92,96" m="47567" machi="92" ten="30,3900,0" yaku="8,1,54,2" doraHai="39" who="0" fromWho="2" sc="234,62,253,0,237,-42,256,0" /><INIT seed="3,0,0,4,2,16" ten="296,253,195,256" oya="3" hai0="133,14,130,12,98,101,115,19,75,114,46,30,96" hai1="127,44,29,24,0,35,93,22,91,17,23,113,124" hai2="38,18,68,7,111,73,106,39,27,43,48,53,1" hai3="123,79,131,15,66,99,129,105,94,50,107,67,97"/><W85/><G123/><T86/><D75/><U57/><E0/><V117/><F117/><W120/><G120/><T65/><D65/><U77/><E77/><V83/><F106/><W5/><G50/><T109/><D30/><U26/><E113/><N who="0" m="43017" /><D109/><U4/><E4/><V54/><F68/><W81/><G5/><T13/><D133/><U95/><E44/><V108/><F43/><W126/><G15/><T6/><D6/><U56/><E35/><V88/><F7/><W128/><G126/><N who="1" m="48170" /><E93/><V112/><F1/><W11/><G11/><T10/><D130/><U122/><E122/><V110/><F112/><W104/><REACH who="3" step="1"/><G99/><AGARI ba="0,0" hai="17,22,23,24,26,29,56,57,91,95,99" m="48170" machi="99" ten="30,3900,0" yaku="18,1,52,2" doraHai="16" who="1" fromWho="3" sc="296,0,253,39,195,0,256,-39" /><INIT seed="4,0,0,1,4,103" ten="296,292,195,217" oya="0" hai0="1,29,37,112,28,96,93,43,45,97,95,89,25" hai1="131,124,9,36,33,3,79,130,133,64,128,91,70" hai2="88,17,47,16,44,14,101,0,122,90,23,50,61" hai3="119,92,94,87,132,38,49,115,30,86,42,57,32"/><T55/><D112/><U6/><E36/><V75/><F122/><W114/><G38/><T54/><D1/><U56/><E79/><V13/><F75/><W65/><G30/><T80/><D80/><U118/><E118/><V120/><F120/><W72/><G72/><T77/><D77/><U113/><E33/><V134/><F134/><W81/><G32/><T66/><D66/><U121/><E121/><V27/><F0/><W68/><G68/><T15/><D15/><U105/><E56/><V31/><F101/><W108/><G132/><T83/><D83/><U82/><E133/><V4/><F61/><W106/><G81/><T63/><D63/><N who="1" m="40223" /><E124/><V40/><F44/><W34/><G34/><T99/><D99/><U100/><E113/><V129/><F4/><W51/><G65/><T102/><REACH who="0" step="1"/><D29/><REACH who="0" ten="286,292,195,217" step="2"/><U18/><E82/><V127/><F129/><W126/><G115/><T123/><D123/><U69/><E3/><V10/><REACH who="2" step="1"/><F127/><REACH who="2" ten="286,292,185,217" step="2"/><W110/><G126/><T59/><D59/><U67/><E130/><V117/><F117/><W107/><G57/><T7/><D7/><U76/><E6/><V22/><AGARI ba="0,2" hai="10,13,14,16,17,22,23,27,31,40,47,50,88,90" machi="22" ten="20,12000,2" yaku="1,1,0,1,7,1,8,1,54,2,53,0" doraHai="103" doraHaiUra="35" who="2" fromWho="2" sc="286,-60,292,-30,185,140,217,-30" /><INIT seed="5,0,0,0,3,34" ten="226,262,325,187" oya="1" hai0="86,38,128,7,72,106,67,82,56,124,133,19,123" hai1="40,99,111,119,6,31,129,42,44,102,60,5,68" hai2="104,103,62,8,93,57,76,52,98,25,90,24,50" hai3="14,126,80,29,11,130,39,30,94,55,87,32,132"/><U48/><E119/><V122/><F122/><W63/><G39/><T74/><D106/><U107/><E129/><V73/><F8/><W127/><G130/><T41/><D128/><U110/><E40/><V70/><F70/><W118/><G118/><T47/><D133/><U101/><E101/><V49/><F76/><W35/><G94/><T17/><D123/><U22/><E31/><V92/><F73/><W120/><G120/><T28/><D28/><U79/><E22/><V85/><F104/><W23/><G23/><T2/><D124/><U20/><E20/><V134/><F134/><W59/><G132/><T10/><D74/><U121/><E121/><V97/><REACH who="2" step="1"/><F85/><REACH who="2" ten="226,262,315,187" step="2"/><W26/><G126/><T112/><D72/><U21/><E79/><V13/><F13/><W75/><G75/><T135/><D135/><U125/><E125/><V114/><F114/><W27/><G127/><T116/><D112/><U84/><E84/><V4/><F4/><W3/><G3/><T66/><D116/><U15/><E5/><V95/><F95/><W36/><G14/><T46/><D86/><U88/><E6/><V91/><F91/><W65/><G11/><T53/><D7/><U83/><E88/><V113/><F113/><W37/><G65/><T78/><D67/><N who="1" m="41063" /><E83/><V12/><F12/><W96/><G96/><T108/><D10/><U9/><E9/><V131/><F131/><W71/><G71/><T77/><D77/><AGARI ba="0,1" hai="26,27,29,30,32,35,36,37,55,59,63,77,80,87" machi="77" ten="30,2000,0" yaku="7,1,9,1" doraHai="34" who="3" fromWho="0" sc="226,-20,262,0,315,0,187,30" /><INIT seed="6,0,0,2,4,102" ten="206,262,315,217" oya="2" hai0="58,46,121,81,31,111,18,20,32,68,6,65,26" hai1="101,38,78,40,98,86,2,16,88,66,125,129,132" hai2="104,60,52,91,13,55,87,114,84,59,5,43,23" hai3="9,130,126,124,116,100,11,117,109,34,1,110,83"/><V122/><F122/><W4/><G83/><T112/><D121/><U14/><E2/><V127/><F114/><W128/><G100/><T0/><D112/><U120/><E120/><V50/><F127/><N who="3" m="48683" /><G11/><T69/><D111/><N who="3" m="42505" /><G34/><T39/><D81/><U35/><E35/><V71/><F104/><W12/><G12/><T77/><D77/><U79/><E125/><V19/><F43/><W61/><G61/><T47/><D0/><U17/><E17/><V92/><F5/><W24/><G24/><T131/><D6/><U56/><E40/><V67/><REACH who="2" step="1"/><F55/><REACH who="2" ten="206,262,305,217" step="2"/><W22/><G22/><T3/><D20/><U37/><E37/><V76/><F76/><W30/><G30/><T74/><D31/><U123/><E38/><V33/><F33/><W63/><G63/><T89/><D32/><U113/><E79/><V29/><F29/><W62/><G62/><T134/><D39/><U10/><E78/><V107/><F107/><W54/><G54/><T93/><D3/><U118/><E113/><V45/><F45/><W53/><G53/><T28/><D46/><U70/><E123/><V44/><F44/><W21/><G21/><T82/><D47/><U96/><E10/><V80/><F80/><W73/><G73/><T106/><D82/><U108/><E108/><V90/><F90/><W8/><G8/><T85/><D74/><U48/><E88/><V133/><F133/><W64/><G64/><T115/><D65/><U99/><E66/><V27/><F27/><W15/><G1/><T97/><D26/><U42/><E132/><V72/><F72/><W25/><G25/><RYUUKYOKU ba="0,1" sc="206,-15,262,-15,305,15,217,15" hai2="13,19,23,50,52,59,60,67,71,84,87,91,92" hai3="4,9,15,116,117,128,130" /><INIT seed="6,1,1,3,1,4" ten="191,247,320,232" oya="2" hai0="23,7,46,104,21,34,79,63,126,123,51,54,41" hai1="103,9,117,116,106,43,131,134,53,44,25,94,28" hai2="71,42,24,60,105,12,114,90,31,84,13,14,61" hai3="125,62,111,80,36,89,3,47,56,27,76,48,33"/><V35/><F114/><W109/><G125/><T95/><D123/><U128/><E106/><V78/><F105/><W119/><G36/><T20/><D104/><U132/><E53/><V50/><F78/><W29/><G119/><T30/><D126/><U66/><E66/><V45/><REACH who="2" step="1"/><F71/><REACH who="2" ten="191,247,310,232" step="2"/><W130/><G76/><T102/><D79/><U120/><E117/><V64/><F64/><W0/><G111/><T110/><D110/><U96/><E116/><V16/><F16/><W107/><G107/><T59/><D7/><U57/><E120/><V8/><F8/><W40/><G109/><T83/><D34/><U75/><E9/><V38/><F38/><W118/><G118/><T55/><D30/><U112/><E112/><V77/><F77/><W99/><G29/><T10/><D10/><U65/><E65/><V101/><F101/><W52/><G33/><T98/><REACH who="0" step="1"/><D83/><AGARI ba="1,2" hai="12,13,14,24,31,35,42,45,50,60,61,83,84,90" machi="83" ten="40,2000,0" yaku="1,1,53,0" doraHai="4" doraHaiUra="135" who="2" fromWho="0" sc="191,-23,247,0,310,43,232,0" /><INIT seed="6,2,0,1,3,27" ten="168,247,353,232" oya="2" hai0="23,37,85,44,94,8,117,55,48,22,34,52,58" hai1="2,65,121,133,107,127,108,28,35,62,72,122,74" hai2="116,30,123,119,114,36,39,51,59,75,118,46,93" hai3="49,45,70,82,5,53,18,80,95,32,24,111,31"/><V112/><F75/><W16/><G111/><T66/><D34/><U47/><E108/><V87/><F87/><W131/><G70/><T0/><D117/><U56/><E2/><V102/><F93/><W100/><G131/><T135/><D135/><U81/><E107/><V57/><F102/><W41/><G5/><T50/><D37/><N who="2" m="14410" /><F30/><W73/><G73/><T67/><D0/><U99/><E99/><V92/><F92/><W33/><G33/><T29/><D8/><U126/><E47/><V12/><F12/><W14/><G18/><T101/><D22/><U40/><E40/><N who="2" m="25031" /><F123/><N who="1" m="47113" /><E133/><V21/><F21/><W109/><G109/><T19/><D101/><U4/><E4/><V104/><F104/><W38/><G100/><T90/><REACH who="0" step="1"/><D29/><REACH who="0" ten="158,247,353,232" step="2"/><U96/><E28/><V103/><F103/><W129/><G32/><T83/><D83/><U89/><E81/><V64/><F119/><W15/><G82/><T113/><D113/><U105/><E35/><V11/><F118/><W69/><G80/><T13/><AGARI ba="2,1" hai="13,19,23,44,48,50,52,55,58,66,67,85,90,94" machi="13" ten="20,12000,2" yaku="1,1,0,1,7,1,25,2,8,1,54,1,53,0" doraHai="27" doraHaiUra="71" who="0" fromWho="0" sc="158,136,247,-32,353,-62,232,-32" /><INIT seed="7,0,0,4,3,117" ten="294,215,291,200" oya="3" hai0="8,38,113,33,7,131,27,126,112,9,17,104,91" hai1="133,46,108,81,49,41,107,19,89,42,52,32,28" hai2="3,110,128,12,1,24,66,82,120,103,76,47,26" hai3="85,13,106,124,60,22,96,115,25,20,21,71,101"/><W78/><G115/><N who="0" m="44107" /><D126/><U58/><E107/><V102/><F110/><W31/><G124/><T53/><D38/><U94/><E133/><V119/><F119/><W69/><G13/><N who="0" m="7335" /><D104/><U34/><E108/><V92/><F120/><W62/><G62/><T79/><D79/><U116/><E116/><V75/><F128/><W65/><REACH who="3" step="1"/><G71/><REACH who="3" ten="294,215,291,190" step="2"/><T55/><D131/><U29/><E34/><V134/><F12/><W2/><G2/><T80/><D33/><U18/><E32/><V111/><F3/><W44/><G44/><T90/><D27/><U39/><E41/><V40/><F1/><W129/><G129/><T30/><D55/><U54/><E54/><V0/><F0/><W68/><G68/><T98/><D53/><U73/><E29/><V95/><F40/><W23/><G23/><T88/><D30/><U118/><E28/><V130/><F130/><W93/><G93/><N who="0" m="56631" /><D80/><AGARI ba="0,1" hai="20,21,22,25,31,60,65,69,78,80,85,96,101,106" machi="80" ten="40,2000,0" yaku="1,1,53,0" doraHai="117" doraHaiUra="105" who="3" fromWho="0" sc="294,-20,215,0,291,0,190,30" /><INIT seed="7,1,0,1,4,2" ten="274,215,291,220" oya="3" hai0="105,24,75,120,53,32,7,42,100,65,104,113,129" hai1="68,12,102,117,116,119,45,72,39,96,89,23,123" hai2="35,16,64,20,33,67,18,34,124,51,57,54,10" hai3="95,66,38,98,17,40,8,118,44,76,130,134,114"/><W30/><G118/><T73/><D120/><U48/><E123/><V36/><F36/><W101/><G114/><T70/><D42/><U49/><E72/><V61/><F124/><W97/><G130/><T83/><D53/><U14/><E68/><V88/><F10/><W79/><G134/><T86/><D86/><U82/><E39/><V110/><F110/><W77/><G66/><T19/><D19/><U94/><E23/><V111/><F111/><W3/><G30/><N who="0" m="19527" /><D105/><U28/><E28/><V90/><F64/><W92/><G17/><T50/><D50/><U9/><E14/><V112/><F16/><W5/><REACH who="3" step="1"/><G77/><REACH who="3" ten="274,215,291,210" step="2"/><T122/><D113/><U62/><E45/><V81/><F112/><W108/><G108/><T13/><D129/><U0/><E117/><V15/><REACH who="2" step="1"/><F81/><REACH who="2" ten="274,215,281,210" step="2"/><W133/><G133/><T63/><D83/><U26/><E82/><V6/><F6/><W41/><G41/><T47/><D122/><U69/><E119/><V71/><AGARI ba="1,2" hai="15,18,20,33,34,35,51,54,57,61,67,71,88,90" machi="71" ten="30,12000,2" yaku="1,1,0,1,54,1,53,3" doraHai="2" doraHaiUra="31" who="2" fromWho="2" sc="274,-31,215,-31,281,143,210,-61" owari="243,4.3,184,-21.6,424,52.4,149,-35.1" /></mjloggm>