<mjloggm ver="2.3"><GO type="169" lobby="0"/><UN n0="%E3%81%86%E3%81%9A%E3%82%89%E5%8D%B5%E3%83%95%E3%83%A9%E3%82%A4" n1="%E3%81%AA%E3%81%8B%E3%81%AE%E3%81%86%E3%81%88" n2="%52%65%61%6C%58" n3="%E3%81%93%E3%81%AB" dan="16,16,16,16" rate="2025.17,2147.51,2167.08,2164.22" sx="M,M,F,M"/><TAIKYOKU oya="0"/><INIT seed="0,0,0,4,1,87" ten="250,250,250,250" oya="0" hai0="45,104,91,92,135,49,116,106,121,3,53,61,76" hai1="39,4,24,60,34,66,128,109,85,40,79,9,69" hai2="50,100,74,94,114,93,10,90,59,47,117,2,118" hai3="31,32,67,48,29,123,43,27,81,30,125,70,120"/><T16/><D116/><N who="2" m="44650" /><F114/><W37/><G37/><T113/><D113/><U0/><E109/><V110/><F74/><W130/><G130/><T62/><D121/><N who="3" m="46665" /><G125/><T19/><D3/><U134/><E128/><V101/><F110/><W58/><G70/><T20/><D135/><U124/><E124/><V72/><F72/><W112/><G112/><T63/><D76/><U96/><E134/><V54/><F94/><W28/><G81/><T15/><REACH who="0" step="1"/><D19/><REACH who="0" ten="240,250,250,250" step="2"/><U133/><E133/><V25/><F2/><W77/><G77/><T7/><D7/><U71/><E79/><V132/><F132/><W1/><G1/><T107/><D107/><U103/><E4/><V95/><F101/><W84/><G30/><T26/><D26/><U88/><E24/><V21/><F100/><W13/><G29/><T6/><D6/><U33/><E0/><V57/><F10/><W8/><G31/><T23/><D23/><U5/><E9/><V14/><F21/><W64/><G8/><T127/><D127/><U17/><E5/><V56/><F25/><W129/><G129/><T78/><D78/><U82/><E17/><V11/><F11/><W97/><G27/><T38/><D38/><U108/><E108/><V46/><F14/><W42/><G13/><T75/><D75/><U68/><E34/><V131/><F131/><W22/><G22/><T111/><D111/><U119/><E33/><V18/><F18/><W126/><G28/><T86/><AGARI ba="0,1" hai="15,16,20,45,49,53,61,62,63,86,91,92,104,106" machi="86" ten="30,12000,1" yaku="1,1,0,1,52,1,54,1,53,1" doraHai="87" doraHaiUra="51" who="0" fromWho="0" sc="240,130,250,-40,250,-40,250,-40" /><INIT seed="0,1,0,3,2,74" ten="370,210,210,210" oya="0" hai0="120,50,68,14,60,97,117,107,33,134,53,39,123" hai1="15,106,132,3,65,67,82,40,19,36,24,25,49" hai2="85,8,108,61,69,4,115,122,110,20,119,21,87" hai3="23,62,72,9,54,88,1,109,34,48,80,114,75"/><T32/><D117/><U52/><E3/><V128/><F115/><W10/><G114/><T22/><D39/><U89/><E106/><V131/><F122/><W41/><G34/><T5/><D33/><U98/><E40/><V44/><F119/><W102/><G102/><T73/><D32/><U118/><E36/><V79/><F44/><W127/><G109/><N who="2" m="42089" /><F87/><W56/><G127/><T11/><D73/><U91/><E132/><V93/><F93/><W7/><G10/><T111/><D111/><U55/><E98/><V38/><F38/><W28/><G41/><T27/><D134/><U0/><E0/><V99/><F99/><W6/><G6/><T58/><D68/><U83/><E118/><V135/><F61/><W105/><G105/><T76/><D60/><U101/><E101/><V112/><F69/><W51/><G75/><T45/><D45/><U104/><E104/><V37/><F37/><W47/><G72/><T64/><D64/><U71/><E71/><V46/><F46/><W130/><G47/><T96/><D120/><U81/><E81/><N who="2" m="47295" /><F112/><W124/><G124/><T30/><D123/><U26/><E83/><V59/><F59/><W126/><G126/><T43/><D107/><U17/><E82/><V12/><F135/><W16/><G80/><T84/><D43/><U94/><E94/><V103/><F103/><W66/><G62/><T13/><D97/><U42/><E42/><V125/><F125/><W29/><G56/><T57/><D57/><U129/><E49/><V35/><F35/><W63/><G51/><T92/><D50/><U2/><E67/><RYUUKYOKU ba="1,0" sc="370,-10,210,-10,210,30,210,-10" hai2="4,8,12,20,21,128,131" /><INIT seed="1,2,0,4,3,41" ten="360,200,240,200" oya="1" hai0="28,23,87,71,73,45,16,39,84,53,129,76,37" hai1="9,120,119,80,94,31,102,14,2,96,59,42,89" hai2="92,0,51,55,115,38,125,68,126,117,33,135,60" hai3="112,121,58,132,30,131,13,124,95,93,100,130,62"/><U20/><E119/><V5/><F33/><W69/><G121/><T82/><D71/><U127/><E120/><V3/><F5/><W63/><G112/><T134/><D28/><U118/><E118/><V21/><F117/><W17/><G30/><T18/><D18/><U50/><E2/><V111/><F38/><W32/><G32/><T123/><D123/><U67/><E127/><V34/><F34/><W36/><G36/><T99/><D129/><N who="3" m="49161" /><G124/><T8/><D8/><U11/><E67/><V6/><F135/><W54/><G100/><T49/><D134/><U43/><E59/><V7/><F21/><N who="3" m="11439" /><G132/><T25/><D39/><U77/><E102/><V81/><F115/><W101/><G101/><T52/><D37/><U47/><E43/><V116/><F116/><W48/><G69/><T103/><REACH who="0" step="1"/><D53/><REACH who="0" ten="350,200,240,200" step="2"/><U78/><E11/><V88/><F55/><W22/><G22/><T108/><D108/><U57/><E31/><V12/><F111/><W107/><G107/><AGARI ba="2,1" hai="16,23,25,45,49,52,73,76,82,84,87,99,103,107" machi="107" ten="30,8000,1" yaku="1,1,7,1,52,1,54,2,53,0" doraHai="41" doraHaiUra="56" who="0" fromWho="3" sc="350,96,200,0,240,0,200,-86" /><INIT seed="2,0,0,3,2,124" ten="446,200,240,114" oya="2" hai0="109,108,113,128,39,30,44,25,78,115,65,5,54" hai1="63,22,111,69,41,91,121,81,103,88,4,51,29" hai2="24,72,6,85,123,75,37,64,42,95,19,2,31" hai3="100,73,3,46,120,9,118,86,94,36,11,50,79"/><V122/><F37/><W8/><G118/><T1/><D78/><U129/><E111/><N who="0" m="42569" /><D128/><U107/><E121/><V99/><F42/><W76/><G120/><T21/><D65/><U35/><E4/><V134/><F134/><W119/><G119/><T106/><D106/><U40/><E22/><V68/><F2/><W96/><G36/><T102/><D102/><U89/><E81/><V84/><F6/><W61/><G73/><T116/><D116/><U16/><E16/><V83/><F75/><W131/><G3/><T13/><D13/><U71/><E129/><V105/><F72/><W27/><G131/><T135/><D135/><U26/><E51/><V20/><F105/><W70/><G70/><T97/><D97/><N who="1" m="61935" /><E71/><V62/><F19/><W82/><G27/><T90/><D90/><U47/><E47/><V18/><F18/><W56/><G79/><T58/><D44/><U17/><E17/><V125/><F85/><W104/><G104/><T48/><D39/><U57/><E57/><V101/><REACH who="2" step="1"/><F125/><REACH who="2" ten="446,200,230,114" step="2"/><W132/><G132/><T28/><D28/><U130/><E130/><V87/><F87/><W126/><G126/><T77/><D5/><U66/><AGARI ba="0,1" hai="26,29,35,40,41,63,66,69,88,89,91" m="61935" machi="66" ten="30,2000,0" yaku="25,1,54,1" doraHai="124" who="1" fromWho="1" sc="446,-5,200,30,230,-10,114,-5" /><INIT seed="3,0,0,3,0,40" ten="441,230,220,109" oya="3" hai0="33,8,123,135,122,12,23,13,59,82,52,121,3" hai1="127,62,31,132,120,93,86,0,65,56,69,88,100" hai2="22,64,81,21,87,17,19,99,37,2,14,50,91" hai3="76,47,32,18,131,20,34,46,107,53,83,111,54"/><W4/><G107/><T57/><D33/><U36/><E120/><V105/><F37/><W63/><G131/><T7/><D135/><U115/><E115/><V11/><F2/><W134/><G134/><T25/><D82/><U92/><E127/><V103/><F64/><W26/><G4/><T94/><D94/><U125/><E125/><V28/><F28/><W1/><G1/><T109/><D109/><U67/><E132/><V10/><REACH who="2" step="1"/><F50/><REACH who="2" ten="441,230,210,109" step="2"/><W124/><G124/><T130/><D130/><U29/><E36/><V39/><F39/><W113/><G113/><T5/><D3/><U110/><E0/><V73/><F73/><W104/><G111/><T101/><D123/><U58/><E110/><V128/><F128/><W98/><G63/><T119/><D122/><U85/><E69/><V15/><AGARI ba="0,1" hai="10,11,14,15,17,19,21,22,81,87,91,99,103,105" machi="15" ten="20,5200,0" yaku="1,1,0,1,7,1,9,1,53,0" doraHai="40" doraHaiUra="42" who="2" fromWho="2" sc="441,-13,230,-13,210,62,109,-26" /><INIT seed="4,0,0,0,3,85" ten="428,217,272,83" oya="0" hai0="70,63,68,30,126,44,16,91,135,33,74,78,3" hai1="9,34,124,87,118,6,18,101,99,67,133,122,93" hai2="59,17,128,82,103,106,100,83,38,71,5,109,94" hai3="31,54,81,130,60,56,72,75,113,42,104,26,88"/><T45/><D3/><U14/><E118/><V41/><F71/><W84/><G113/><T73/><D33/><U50/><E122/><V28/><F109/><W7/><G130/><T1/><D1/><U52/><E124/><V15/><F28/><W46/><G7/><T29/><D78/><U10/><E133/><V111/><F128/><W32/><REACH who="3" step="1"/><G104/><REACH who="3" ten="428,217,272,73" step="2"/><T64/><D135/><U21/><E34/><V89/><F5/><W107/><G107/><T120/><D126/><U77/><E67/><V92/><F106/><W127/><G127/><T112/><D64/><U23/><E6/><V129/><F129/><W12/><G12/><T36/><D120/><U116/><E116/><V69/><F15/><W25/><G25/><T2/><D112/><U22/><E10/><V48/><F111/><W132/><G132/><T96/><D2/><U47/><REACH who="1" step="1"/><E9/><REACH who="1" ten="428,207,272,73" step="2"/><V95/><F69/><W115/><G115/><T117/><D117/><U125/><E125/><V0/><F0/><W105/><G105/><T80/><D70/><U11/><E11/><V97/><F103/><W76/><G76/><T55/><D68/><U114/><E114/><V37/><F100/><W108/><G108/><T65/><D65/><U20/><E20/><V49/><F38/><AGARI ba="0,2" hai="26,31,32,38,42,46,54,56,60,72,75,81,84,88" machi="38" ten="30,8000,1" yaku="1,1,7,1,52,1,54,1,53,1" doraHai="85" doraHaiUra="86" who="3" fromWho="2" sc="428,0,207,0,272,-80,73,100" /><INIT seed="5,0,0,2,4,27" ten="428,207,192,173" oya="1" hai0="63,51,66,20,17,100,88,12,30,132,69,123,127" hai1="57,41,1,134,76,109,105,116,21,25,2,131,45" hai2="22,6,92,95,128,15,74,65,133,125,34,78,33" hai3="35,120,98,73,49,110,55,19,103,13,36,9,24"/><U112/><E116/><V97/><F128/><W8/><G110/><T39/><D39/><U26/><E112/><V89/><F133/><W80/><G120/><T40/><D132/><U28/><E134/><V29/><F125/><W7/><G36/><T16/><D127/><U71/><E71/><V50/><F65/><W31/><G80/><T79/><D100/><U48/><E131/><V93/><F74/><W44/><G73/><T3/><D3/><U130/><E130/><V86/><F34/><W126/><G126/><T82/><D123/><U111/><E105/><V99/><F33/><W90/><G90/><T11/><D88/><U119/><E119/><V14/><F78/><W37/><G37/><T32/><D32/><U91/><E76/><V85/><F50/><W47/><G47/><T87/><D30/><U115/><E115/><V64/><F64/><W81/><G81/><T38/><D38/><U121/><E121/><V94/><F86/><W42/><G42/><T114/><D114/><U84/><E26/><N who="2" m="16599" /><F6/><W113/><G113/><T56/><D69/><U18/><E18/><V129/><F129/><W59/><G44/><N who="0" m="25991" /><D17/><U52/><E111/><V135/><F135/><W96/><REACH who="3" step="1"/><G103/><REACH who="3" ten="428,207,192,163" step="2"/><T67/><D79/><U101/><E101/><V0/><F0/><AGARI ba="0,1" hai="0,7,8,9,13,19,24,31,35,49,55,59,96,98" machi="0" ten="30,8000,1" yaku="1,1,2,1,7,1,52,1,53,1" doraHai="27" doraHaiUra="10" who="3" fromWho="2" sc="428,0,207,0,192,-80,163,90" /><INIT seed="6,0,0,1,4,72" ten="428,207,112,253" oya="2" hai0="82,107,104,127,42,33,94,125,28,80,76,16,131" hai1="83,57,112,58,129,121,102,60,130,111,40,35,56" hai2="92,85,64,69,21,34,100,70,123,118,135,133,71" hai3="44,99,113,122,108,115,68,4,1,6,41,109,79"/><V8/><F34/><W19/><G122/><T47/><D131/><U53/><E35/><V23/><F123/><W84/><G68/><N who="2" m="17409" /><V46/><DORA hai="105" /><F118/><W12/><G99/><T98/><D16/><U90/><E121/><V78/><F64/><W120/><G120/><T134/><D134/><N who="2" m="51210" /><F46/><W37/><G1/><T88/><D82/><U36/><E83/><N who="2" m="47351" /><F8/><W27/><G109/><T65/><D65/><U124/><E111/><V52/><F52/><W81/><G108/><T2/><D2/><U97/><E53/><V91/><F100/><W38/><G38/><T93/><D33/><U39/><E102/><V30/><F30/><W3/><G3/><T50/><D28/><U66/><E39/><V86/><AGARI ba="0,0" hai="21,23,86,91,92" m="47351,51210,17409" machi="86" ten="50,4800,0" yaku="20,1,52,1" doraHai="72,105" who="2" fromWho="2" sc="428,-16,207,-16,112,48,253,-16" /><INIT seed="6,1,0,3,5,46" ten="412,191,160,237" oya="2" hai0="39,24,64,135,82,67,40,54,111,110,62,22,50" hai1="77,47,29,74,119,56,44,104,73,70,115,68,31" hai2="131,43,102,71,53,11,58,79,97,69,93,5,1" hai3="101,4,75,66,49,19,133,85,128,15,105,116,94"/><V90/><F131/><W27/><G116/><T123/><D123/><U107/><E56/><V48/><F43/><W26/><G75/><T122/><D122/><U83/><E83/><V91/><F79/><W55/><G105/><T57/><D135/><U99/><E77/><V109/><F109/><W121/><G121/><T108/><D82/><U127/><E99/><V103/><REACH who="2" step="1"/><F90/><REACH who="2" ten="412,191,150,237" step="2"/><N who="3" m="53583" /><G128/><T118/><D118/><U17/><E119/><V76/><F76/><W100/><G133/><T89/><D89/><U88/><E88/><V45/><F45/><W41/><G41/><T18/><D39/><U86/><E47/><V23/><F23/><W35/><G35/><T16/><D40/><U10/><E44/><V125/><F125/><W34/><G34/><T36/><D36/><U42/><E127/><V3/><F3/><W59/><G100/><AGARI ba="1,1" hai="1,5,11,48,53,58,69,71,91,93,97,100,102,103" machi="100" ten="40,3900,0" yaku="1,1,52,1,53,0" doraHai="46" doraHaiUra="38" who="2" fromWho="3" sc="412,0,191,0,150,52,237,-42" /><INIT seed="6,2,0,4,0,88" ten="412,191,202,195" oya="2" hai0="70,91,62,108,45,104,65,86,2,10,66,56,78" hai1="55,98,12,92,95,49,87,53,43,9,75,69,106" hai2="67,39,60,109,120,73,100,111,113,48,52,22,31" hai3="71,44,64,128,29,14,41,122,83,118,105,58,129"/><V33/><F73/><W121/><G105/><T42/><D108/><N who="2" m="41546" /><F120/><N who="3" m="46187" /><G29/><T7/><D104/><U135/><E75/><V0/><F0/><W54/><G83/><T82/><D66/><U61/><E135/><V89/><F39/><N who="3" m="21567" /><G14/><T47/><D70/><U36/><E36/><V97/><F89/><W94/><G94/><N who="1" m="35882" /><E69/><V74/><F74/><W3/><G3/><T37/><D47/><N who="1" m="25855" /><E106/><V68/><F33/><W23/><G23/><T5/><D5/><N who="1" m="3119" /><E98/><V81/><F97/><W15/><G15/><T114/><D114/><U93/><E61/><V84/><F113/><W112/><G112/><T96/><D96/><U115/><E115/><V130/><F60/><N who="3" m="40327" /><G118/><T124/><D37/><U126/><E126/><V35/><F35/><W134/><G134/><T117/><D124/><U57/><E57/><V76/><F68/><W34/><G34/><T77/><D117/><U63/><E63/><AGARI ba="2,0" hai="54,58,63,128,129" m="40327,21567,46187" machi="63" ten="30,2000,0" yaku="34,2" doraHai="88" who="3" fromWho="1" sc="412,0,191,-26,202,0,195,26" /><INIT seed="7,0,0,5,4,73" ten="412,165,202,221" oya="3" hai0="17,20,15,116,134,102,99,46,67,33,88,53,42" hai1="64,45,108,29,125,132,38,47,52,27,0,105,5" hai2="124,89,49,77,120,100,84,82,79,129,86,114,74" hai3="104,12,59,28,83,97,55,1,91,93,87,130,23"/><W14/><G1/><T98/><D33/><U30/><E108/><V90/><F49/><W68/><G68/><T32/><D32/><U21/><E125/><V18/><F124/><W122/><G104/><T80/><D67/><U119/><E132/><V31/><F31/><W10/><G130/><T126/><D53/><U61/><E119/><V123/><F114/><W117/><G122/><N who="2" m="46633" /><F129/><W3/><G3/><T95/><D116/><U94/><E105/><V115/><F115/><W35/><G35/><T41/><D134/><U118/><E118/><V13/><F100/><W8/><G28/><T26/><D126/><U85/><E38/><V2/><F2/><W72/><G72/><T9/><D46/><U43/><E43/><V71/><F71/><W16/><G14/><T62/><D62/><U11/><E30/><V92/><F74/><W133/><G117/><T121/><D121/><U63/><E64/><V81/><F92/><W48/><REACH who="3" step="1"/><G133/><REACH who="3" ten="412,165,202,211" step="2"/><T22/><D15/><U6/><E6/><V76/><F90/><AGARI ba="0,1" hai="8,10,12,16,23,48,55,59,83,87,90,91,93,97" machi="90" ten="30,18000,2" yaku="1,1,2,1,7,1,8,1,54,1,53,1" doraHai="73" doraHaiUra="78" who="3" fromWho="2" sc="412,0,165,0,202,-180,211,190" /><INIT seed="7,1,0,1,4,132" ten="412,165,22,401" oya="3" hai0="113,3,29,12,8,22,5,112,65,80,59,37,86" hai1="114,9,21,73,53,135,4,2,7,48,89,84,66" hai2="110,95,62,96,39,14,128,93,13,26,106,19,68" hai3="122,51,81,38,99,70,44,129,75,92,103,25,105"/><W116/><G116/><T61/><D37/><U54/><E73/><V123/><F123/><W31/><G122/><T109/><D109/><U1/><E114/><N who="0" m="44137" /><D29/><U133/><E66/><V74/><F128/><W17/><G129/><T58/><D58/><U15/><E21/><V125/><F110/><W42/><G70/><T6/><D22/><U18/><E7/><V0/><F0/><W32/><G17/><N who="0" m="8327" /><D3/><U118/><E54/><V91/><F74/><W40/><G38/><T33/><D33/><U71/><E71/><V98/><F39/><W85/><G75/><T20/><D20/><U127/><E127/><V134/><F134/><N who="1" m="51209" /><E18/><V107/><F19/><W57/><G57/><T100/><D100/><U108/><E118/><V46/><F46/><W56/><G56/><T124/><D124/><U10/><E10/><V63/><F91/><AGARI ba="1,0" hai="5,6,59,61,65,80,86,91" m="8327,44137" machi="91" ten="30,2000,0" yaku="15,1,11,1" doraHai="132" who="0" fromWho="2" sc="412,23,165,0,22,-23,401,0" owari="435,53.5,165,-23.5,-1,-50.1,401,20.1" /></mjloggm>