<mjloggm ver="2.3"><GO type="169" lobby="0"/><UN n0="%E3%81%86%E3%81%9A%E3%82%89%E5%8D%B5%E3%83%95%E3%83%A9%E3%82%A4" n1="%E3%83%8F%E3%82%BA%E3%83%AC" n2="%E3%80%90%E3%83%A1%E3%82%BF%E3%83%A9%E3%83%BC%E3%80%91" n3="%54%74%68" dan="16,17,17,16" rate="2031.68,2162.62,2142.29,2069.18" sx="M,M,M,F"/><TAIKYOKU oya="0"/><INIT seed="0,0,0,1,4,114" ten="250,250,250,250" oya="0" hai0="101,109,25,126,18,15,41,81,128,102,30,98,120" hai1="48,127,0,103,6,68,23,67,43,69,71,8,58" hai2="89,17,37,96,59,11,53,124,99,1,118,105,61" hai3="72,51,100,134,32,4,57,52,76,82,31,94,27"/><T87/><D120/><U130/><E130/><V42/><F124/><W78/><G4/><T97/><D126/><U117/><E127/><V3/><F99/><W16/><G78/><T49/><D128/><U47/><E103/><V10/><F10/><W12/><G100/><T29/><D109/><U33/><E33/><V60/><F60/><W107/><G94/><T19/><D41/><U56/><E117/><V44/><F105/><W125/><G107/><T113/><D113/><U88/><E67/><V122/><F122/><W79/><G79/><T24/><D49/><U106/><E106/><V46/><F46/><W5/><G5/><T80/><D15/><U22/><E22/><V9/><F9/><W38/><G38/><T133/><D133/><U135/><E135/><V2/><F96/><W55/><G55/><T104/><D104/><U85/><REACH who="1" step="1"/><E23/><REACH who="1" ten="250,240,250,250" step="2"/><V26/><F118/><W50/><G125/><T40/><D40/><U111/><E111/><V54/><F54/><W108/><G134/><T65/><D65/><U86/><E86/><AGARI ba="0,1" hai="18,19,24,25,29,30,80,81,86,87,97,98,101,102" machi="86" ten="25,4800,0" yaku="22,2,8,1" doraHai="114" who="0" fromWho="1" sc="250,58,240,-48,250,0,250,0" /><INIT seed="0,1,0,0,1,24" ten="308,192,250,250" oya="0" hai0="114,68,2,23,32,12,22,124,20,120,94,35,82" hai1="88,135,105,61,1,38,116,59,26,27,6,46,43" hai2="25,54,39,17,64,28,73,0,102,41,118,129,91" hai3="29,4,66,19,107,18,128,42,98,50,86,111,106"/><T90/><D68/><U55/><E116/><V16/><F129/><W51/><G111/><T130/><D114/><U79/><E135/><V121/><F121/><W127/><G128/><T80/><D130/><U10/><E105/><V85/><F73/><W113/><G113/><T3/><D120/><U8/><E8/><V117/><F0/><W33/><G66/><T92/><D12/><U72/><REACH who="1" step="1"/><E88/><REACH who="1" ten="308,182,250,250" step="2"/><V103/><F118/><W133/><G133/><T48/><D90/><U131/><E131/><V60/><F117/><W40/><G127/><T47/><D124/><U132/><E132/><V31/><F91/><W99/><G4/><T56/><D94/><U119/><E119/><V7/><F7/><W115/><G115/><T75/><D92/><U9/><E9/><V45/><F103/><W15/><G107/><T63/><D82/><AGARI ba="1,1" hai="1,6,10,26,27,38,43,46,55,59,61,72,79,82" machi="82" ten="40,5200,0" yaku="1,1,25,2,53,0" doraHai="24" doraHaiUra="101" who="1" fromWho="0" sc="308,-55,182,65,250,0,250,0" /><INIT seed="1,0,0,1,1,99" ten="253,247,250,250" oya="1" hai0="43,24,18,59,26,131,38,2,76,78,7,135,67" hai1="113,114,54,51,101,19,17,37,128,79,111,50,104" hai2="130,40,61,98,105,46,57,88,86,134,11,47,56" hai3="55,109,125,100,73,12,102,89,9,133,20,87,94"/><U0/><E0/><V103/><F130/><W32/><G32/><T123/><D131/><U4/><E4/><V124/><F124/><W44/><G73/><T53/><D135/><U122/><E122/><V62/><F134/><W70/><G70/><T119/><D119/><U120/><E120/><V80/><F11/><W33/><G33/><T48/><D123/><U36/><E79/><V21/><F21/><W108/><G133/><T22/><D26/><U95/><E95/><V65/><REACH who="2" step="1"/><F40/><REACH who="2" ten="253,247,240,250" step="2"/><W129/><G129/><T28/><D43/><U64/><E128/><V35/><F35/><W116/><G20/><T60/><D7/><U25/><E111/><N who="3" m="42570" /><G125/><T69/><D2/><U117/><E117/><V30/><F30/><W83/><G116/><T16/><REACH who="0" step="1"/><D38/><REACH who="0" ten="243,247,240,250" step="2"/><U68/><E37/><V107/><F107/><W42/><G42/><T85/><D85/><U71/><E36/><V3/><F3/><W132/><G132/><T121/><D121/><U29/><E104/><V8/><F8/><W23/><G23/><T82/><D82/><U106/><E106/><V15/><F15/><W10/><G10/><T6/><D6/><U112/><E112/><V92/><F92/><W49/><G94/><T75/><D75/><U66/><E25/><V41/><F41/><W13/><G13/><T14/><D14/><U127/><E127/><V118/><F118/><W74/><G74/><T84/><D84/><U77/><E113/><V5/><F5/><AGARI ba="0,2" hai="5,9,12,44,49,55,83,87,89,100,102" m="42570" machi="5" ten="30,3900,0" yaku="14,1,52,2" doraHai="99" who="3" fromWho="2" sc="243,0,247,0,240,-39,250,59" /><INIT seed="2,0,0,2,2,47" ten="243,247,201,309" oya="2" hai0="84,120,13,88,26,69,114,63,94,118,66,34,8" hai1="57,64,119,86,50,116,36,134,4,96,82,110,58" hai2="41,128,43,75,129,76,72,39,99,61,1,102,56" hai3="54,18,132,92,123,70,126,19,48,28,15,16,115"/><V38/><F1/><W122/><G70/><T33/><D114/><U5/><E36/><N who="2" m="13867" /><F76/><W127/><G115/><T44/><D120/><U83/><E134/><V90/><F90/><W117/><G117/><T78/><D118/><U52/><E110/><V59/><F99/><W131/><G132/><T67/><D67/><U100/><E116/><V12/><F12/><W51/><G131/><N who="2" m="50249" /><F102/><W23/><G28/><T133/><D133/><U27/><E27/><V25/><F25/><W49/><G54/><T32/><D44/><U60/><E119/><V22/><F22/><W45/><G45/><T3/><D3/><U73/><E73/><N who="2" m="28235" /><F61/><W112/><G112/><T30/><REACH who="0" step="1"/><D78/><REACH who="0" ten="233,247,201,309" step="2"/><U55/><E64/><V104/><F104/><W97/><G123/><T124/><D124/><N who="3" m="47657" /><G122/><T6/><AGARI ba="0,1" hai="6,8,13,26,30,32,33,34,63,66,69,84,88,94" machi="6" ten="20,5200,0" yaku="1,1,0,1,7,1,54,1,53,0" doraHai="47" doraHaiUra="109" who="0" fromWho="0" sc="233,62,247,-13,201,-26,309,-13" /><INIT seed="3,0,0,1,1,73" ten="295,234,175,296" oya="3" hai0="99,56,67,71,128,69,9,72,117,58,125,106,64" hai1="116,46,34,13,84,8,110,29,48,45,76,134,109" hai2="96,54,100,102,123,61,42,89,33,15,130,41,78" hai3="44,22,97,19,88,81,35,124,122,70,57,66,23"/><W103/><G122/><T28/><D117/><U82/><E116/><V111/><F111/><N who="1" m="42505" /><E134/><V118/><F118/><W20/><G35/><T26/><D128/><U133/><E133/><V43/><F130/><W32/><G32/><T105/><D125/><U114/><E114/><V18/><F33/><W108/><G124/><T14/><D72/><U52/><E34/><V6/><F6/><W2/><G2/><T135/><D135/><U31/><E46/><V95/><F123/><W68/><G108/><T27/><D99/><U86/><E86/><V38/><F38/><W126/><G126/><T104/><D104/><U5/><AGARI ba="0,0" hai="5,8,13,29,31,45,48,52,76,82,84" m="42505" machi="5" ten="30,4000,0" yaku="14,1,52,1,54,1" doraHai="73" who="1" fromWho="1" sc="295,-10,234,40,175,-10,296,-20" /><INIT seed="4,0,0,3,1,3" ten="285,274,165,276" oya="0" hai0="25,121,6,135,18,64,113,57,9,78,116,16,115" hai1="69,39,114,45,67,119,98,22,66,62,127,88,107" hai2="7,31,125,24,15,110,103,1,49,20,109,11,73" hai3="35,44,43,82,77,128,32,28,60,81,56,50,108"/><T29/><D116/><U42/><E119/><V74/><F103/><W10/><G108/><T95/><D121/><U30/><E127/><V52/><F125/><W126/><G126/><T112/><D135/><U51/><E67/><V33/><F110/><W36/><G128/><T97/><D78/><U72/><E72/><V12/><F109/><W101/><G36/><T41/><D41/><U21/><E114/><V0/><F0/><W132/><G132/><T13/><D57/><U104/><E39/><V89/><F89/><W93/><G81/><T100/><REACH who="0" step="1"/><D64/><REACH who="0" ten="275,274,165,276" step="2"/><U120/><E120/><V63/><F63/><W70/><G70/><T118/><D118/><U90/><E66/><V2/><F2/><W106/><G60/><T131/><D131/><U79/><E79/><V75/><REACH who="2" step="1"/><F33/><AGARI ba="0,1" hai="6,9,13,16,18,25,29,33,95,97,100,112,113,115" machi="33" ten="40,12000,1" yaku="1,1,15,1,52,1,54,1,53,1" doraHai="3" doraHaiUra="96" who="0" fromWho="2" sc="275,130,274,0,165,-120,276,0" /><INIT seed="4,1,0,2,5,125" ten="405,274,45,276" oya="0" hai0="109,17,48,117,70,74,24,89,58,4,119,13,92" hai1="82,102,127,131,114,91,26,40,123,130,87,101,64" hai2="133,45,51,76,77,128,106,126,105,78,35,83,52" hai3="63,3,129,53,7,61,80,68,120,111,20,22,33"/><T93/><D74/><U1/><E1/><V10/><F126/><W132/><G111/><T62/><D70/><U19/><E127/><V46/><F35/><W104/><G33/><T99/><D109/><U11/><E123/><V5/><F133/><W21/><G104/><T100/><D48/><U31/><E114/><V56/><F83/><W8/><G120/><T2/><D2/><U134/><E64/><V135/><F135/><W60/><G132/><T66/><D4/><U84/><E40/><V95/><F95/><W75/><G53/><T72/><D24/><U55/><E55/><V38/><F128/><N who="1" m="49193" /><E134/><V44/><REACH who="2" step="1"/><F38/><REACH who="2" ten="405,274,35,276" step="2"/><W6/><G129/><T85/><D72/><U15/><E87/><V81/><F81/><W112/><G80/><T39/><D39/><U110/><E110/><V97/><F97/><W124/><G75/><T18/><D85/><U25/><E25/><V96/><F96/><W107/><G124/><T16/><D99/><U71/><E71/><V14/><AGARI ba="1,1" hai="5,10,14,44,45,46,51,52,56,76,77,78,105,106" machi="14" ten="30,4000,0" yaku="1,1,0,1,54,1,53,0" doraHai="125" doraHaiUra="23" who="2" fromWho="2" sc="405,-21,274,-11,35,53,276,-11" /><INIT seed="5,0,0,5,4,107" ten="384,263,88,265" oya="1" hai0="17,63,69,53,110,87,6,3,85,83,0,34,2" hai1="8,94,112,16,44,108,119,84,130,128,20,36,29" hai2="117,13,10,99,95,81,41,125,76,104,45,122,70" hai3="68,7,24,26,12,73,88,58,54,103,28,98,72"/><U118/><E112/><V61/><F125/><W65/><G26/><T92/><D34/><U91/><E108/><V96/><F117/><W105/><G65/><T89/><D110/><U19/><E36/><V62/><F122/><W57/><G68/><T111/><D111/><U121/><E121/><V55/><F104/><W78/><G78/><T74/><D74/><U51/><E29/><V75/><F55/><W80/><G58/><T90/><D6/><U52/><E8/><V126/><F126/><W97/><G12/><T115/><D115/><U129/><REACH who="1" step="1"/><E16/><REACH who="1" ten="384,253,88,265" step="2"/><V116/><F116/><W47/><G7/><T33/><D17/><U31/><E31/><V86/><F10/><W133/><G133/><T21/><D33/><U120/><E120/><V77/><F13/><AGARI ba="0,1" hai="13,19,20,44,51,52,84,91,94,118,119,128,129,130" machi="13" ten="40,7700,0" yaku="1,1,19,1,54,1,53,0" doraHai="107" doraHaiUra="5" who="1" fromWho="2" sc="384,0,253,87,88,-77,265,0" /><INIT seed="5,1,0,5,1,112" ten="384,340,11,265" oya="1" hai0="54,68,69,45,55,33,104,80,17,134,59,41,50" hai1="21,13,123,64,132,133,4,96,109,116,28,30,62" hai2="37,20,43,60,34,44,24,5,15,124,115,32,40" hai3="75,99,12,8,0,72,127,35,53,14,38,7,111"/><U9/><E123/><V82/><F115/><W95/><G35/><T81/><D104/><U129/><E129/><V31/><F124/><W74/><G111/><T73/><D33/><U126/><E126/><V10/><F43/><W39/><G127/><T102/><D55/><U67/><E109/><V79/><REACH who="2" step="1"/><F60/><REACH who="2" ten="384,340,1,265" step="2"/><W23/><G39/><T117/><D41/><U18/><E132/><V27/><F27/><W58/><G38/><T26/><D26/><U118/><E133/><V22/><F22/><W100/><REACH who="3" step="1"/><G23/><REACH who="3" ten="384,340,1,255" step="2"/><T121/><D134/><U91/><E21/><V131/><F131/><W57/><G57/><T25/><D59/><U76/><E30/><V122/><F122/><W103/><G103/><T52/><D102/><U48/><E28/><V65/><F65/><W1/><G1/><T107/><D121/><U93/><E64/><V94/><F94/><W42/><G42/><T77/><D69/><U113/><E67/><V11/><F11/><W51/><AGARI ba="1,2" hai="0,7,8,12,14,51,53,58,72,74,75,95,99,100" machi="51" ten="30,2000,0" yaku="1,1,0,1,53,0" doraHai="112" doraHaiUra="61" who="3" fromWho="3" sc="384,-6,340,-11,1,-6,255,43" owari="378,47.8,329,12.9,-5,-50.5,298,-10.2" /></mjloggm>