<mjloggm ver="2.3"><GO type="225" lobby="0"/><UN n0="%E3%81%82%E3%81%84%E3%81%82%E3%81%8A%E3%81%84" n1="%72%61%6B%33" n2="%E6%A1%9C%E8%8A%B1%E9%96%83%E3%80%85" n3="%E3%83%96%E3%83%83%E3%83%91%E3%82%AA%E3%83%96%E3%83%81%E3%82%AD%E3%83%B3" dan="18,16,16,16" rate="2199.65,2110.77,2194.70,2164.32" sx="M,M,M,M"/><TAIKYOKU oya="0"/><INIT seed="0,0,0,3,1,75" ten="250,250,250,250" oya="0" hai0="17,106,121,90,107,88,42,85,22,56,54,67,48" hai1="28,27,79,34,74,91,115,70,58,45,134,127,62" hai2="135,130,111,0,33,133,125,95,118,73,49,50,97" hai3="131,80,7,5,69,94,81,84,8,103,44,124,31"/><T117/><D117/><U109/><E109/><V51/><F111/><W120/><G69/><T112/><D112/><U18/><E115/><V116/><F125/><W86/><G124/><T32/><D32/><U89/><E127/><V4/><F33/><W122/><G31/><T63/><D42/><U114/><E114/><V20/><F130/><W46/><G131/><T6/><D6/><U16/><E134/><N who="2" m="51211" /><F73/><W57/><G57/><T61/><D61/><U36/><E70/><V129/><F20/><W82/><G103/><T30/><D30/><U59/><E91/><N who="2" m="55551" /><F129/><W66/><G66/><T78/><D121/><N who="3" m="46697" /><G94/><T14/><D90/><U96/><E89/><V100/><F100/><W15/><G5/><T101/><D101/><U105/><E96/><V126/><F126/><W52/><G44/><T21/><D21/><U24/><E105/><V1/><F4/><W87/><G46/><T40/><D40/><U64/><E59/><V68/><F68/><W35/><G35/><T11/><D11/><U29/><E45/><V55/><F55/><AGARI ba="0,0" hai="7,8,15,52,55,80,81,82,84,86,87" m="46697" machi="55" ten="40,2600,0" yaku="13,1,54,1" doraHai="75" who="3" fromWho="2" sc="250,0,250,0,250,-26,250,26" /><INIT seed="1,0,0,5,1,102" ten="250,250,224,276" oya="1" hai0="43,115,67,44,89,112,2,9,57,10,20,65,130" hai1="132,33,128,42,96,40,29,62,93,17,134,92,98" hai2="113,47,26,37,135,107,105,24,124,101,4,108,78" hai3="71,6,80,7,19,25,49,106,51,46,129,133,45"/><U28/><E62/><V72/><F108/><W91/><G71/><T8/><D2/><U100/><E17/><V60/><F124/><W53/><G129/><T95/><D130/><U48/><E128/><V117/><F117/><W87/><G133/><T68/><D68/><U66/><E48/><V123/><F123/><W54/><REACH who="3" step="1"/><G106/><REACH who="3" ten="250,250,224,266" step="2"/><T30/><D112/><U121/><E121/><V36/><F107/><W16/><G16/><T1/><D115/><U22/><E134/><V97/><F135/><W0/><G0/><T73/><D1/><U77/><E132/><V56/><F113/><W127/><G127/><T125/><D125/><U82/><E28/><V86/><F4/><W118/><G118/><T5/><D5/><U75/><E33/><V55/><F72/><W74/><G74/><T58/><D73/><U85/><E75/><V59/><F59/><W114/><G114/><T109/><D58/><U88/><REACH who="1" step="1"/><E66/><REACH who="1" ten="250,240,224,266" step="2"/><V76/><F60/><W18/><G18/><T126/><D126/><U23/><E23/><AGARI ba="0,2" hai="6,7,19,23,25,45,46,49,51,53,54,80,87,91" machi="23" ten="40,8000,1" yaku="1,1,9,1,8,1,53,1" doraHai="102" doraHaiUra="83" who="3" fromWho="1" sc="250,0,240,-80,224,0,266,100" /><INIT seed="2,0,0,2,4,73" ten="250,160,224,366" oya="2" hai0="107,42,98,51,63,116,126,132,74,81,64,54,94" hai1="85,112,30,89,75,101,79,19,133,91,95,83,82" hai2="20,103,24,129,16,10,104,80,35,7,40,121,43" hai3="120,135,125,12,11,84,93,8,123,131,99,130,31"/><V117/><F121/><W53/><G31/><T70/><D126/><U102/><E30/><V111/><F117/><W17/><G125/><T77/><D132/><U96/><E19/><V33/><F129/><N who="3" m="49163" /><G135/><T27/><D116/><U13/><E13/><V60/><F111/><W21/><G84/><T134/><D134/><U72/><E133/><V37/><F60/><W55/><G123/><T22/><D42/><U47/><E47/><V15/><F80/><W113/><G113/><T69/><D107/><U128/><E128/><V4/><F4/><N who="3" m="3079" /><G11/><T100/><D63/><U34/><E34/><V3/><F37/><W119/><G119/><T90/><D64/><U18/><E18/><V52/><F35/><W38/><G38/><T114/><D114/><U66/><E66/><V106/><F106/><W9/><G9/><T6/><D6/><U14/><E14/><V97/><F52/><W118/><G120/><T49/><D49/><U44/><E44/><V78/><F78/><W127/><G127/><T26/><D26/><U110/><E112/><V45/><F45/><W23/><G118/><T61/><D61/><U122/><E122/><V56/><F56/><W88/><G23/><T25/><D22/><U124/><E124/><V67/><F67/><W36/><G36/><T108/><D70/><U2/><E2/><V48/><F48/><W59/><G59/><N who="0" m="33247" /><D69/><U1/><E1/><V109/><F109/><W87/><G99/><N who="0" m="57815" /><D108/><U115/><E115/><V0/><F0/><W86/><G86/><T65/><D65/><U105/><E110/><V29/><AGARI ba="0,0" hai="3,7,10,15,16,20,24,29,33,40,43,97,103,104" machi="29" ten="30,11700,0" yaku="0,1,24,2,54,1" doraHai="73" who="2" fromWho="2" sc="250,-39,160,-39,224,117,366,-39" /><INIT seed="2,1,0,0,3,64" ten="211,121,341,327" oya="2" hai0="69,103,5,116,14,8,79,95,29,62,46,86,76" hai1="110,91,51,52,44,13,122,27,41,106,112,77,56" hai2="9,3,61,74,2,49,119,131,134,114,135,34,128" hai3="55,132,35,73,22,133,17,94,45,111,121,82,105"/><V67/><F74/><W87/><G121/><T32/><D116/><U93/><E112/><V107/><F119/><W89/><G35/><T81/><D79/><U10/><E122/><V19/><F114/><W37/><G105/><T71/><D62/><U15/><E110/><V92/><F107/><W129/><G111/><T47/><D29/><U100/><E77/><V130/><F34/><W85/><G73/><T31/><D31/><U99/><E27/><V118/><F49/><W125/><G125/><T60/><D32/><U54/><E54/><V4/><F118/><W39/><G129/><T124/><D124/><U43/><E43/><V78/><F78/><W57/><G45/><T98/><REACH who="0" step="1"/><D60/><REACH who="0" ten="201,121,341,327" step="2"/><U123/><E123/><V24/><F61/><W18/><G133/><T80/><D80/><U108/><E108/><V83/><F83/><W109/><G132/><T127/><D127/><U58/><E58/><V48/><F134/><W40/><G57/><T101/><D101/><U63/><REACH who="1" step="1"/><E10/><REACH who="1" ten="201,111,341,327" step="2"/><V102/><F135/><W20/><G109/><T96/><D96/><AGARI ba="1,2" hai="13,15,41,44,51,52,56,63,91,93,96,99,100,106" machi="96" ten="30,8000,1" yaku="1,1,2,1,7,1,54,1,53,1" doraHai="64" doraHaiUra="97" who="1" fromWho="0" sc="201,-83,111,103,341,0,327,0" /><INIT seed="3,0,0,1,4,46" ten="118,214,341,327" oya="3" hai0="38,105,73,13,115,107,22,134,128,90,66,19,77" hai1="103,80,86,81,110,76,84,20,24,58,6,2,118" hai2="99,4,43,18,124,93,132,44,45,97,1,91,62" hai3="51,57,112,67,79,135,56,69,55,101,98,75,100"/><W104/><G112/><T25/><D115/><U94/><E110/><V29/><F124/><W14/><G135/><T102/><D38/><U123/><E123/><V26/><F132/><W30/><G101/><T11/><D134/><U12/><E118/><V133/><F133/><W16/><G30/><T96/><D128/><U10/><E2/><V41/><F18/><W7/><G7/><T34/><D34/><U54/><E94/><N who="2" m="56543" /><F1/><W125/><G125/><T64/><D105/><U127/><E127/><V21/><F62/><W87/><G75/><T49/><D90/><U109/><E109/><V61/><F61/><W3/><G3/><T74/><D74/><U116/><E116/><V130/><F4/><W39/><G39/><T68/><D68/><U15/><E15/><V89/><F130/><W9/><G69/><T27/><D27/><U122/><E122/><V37/><F37/><W63/><REACH who="3" step="1"/><G87/><REACH who="3" ten="118,214,341,317" step="2"/><T0/><D0/><U113/><E113/><V35/><F35/><W50/><G50/><T40/><D73/><U48/><E103/><V47/><AGARI ba="0,1" hai="21,26,29,41,43,44,45,47,89,93,99" m="56543" machi="47" ten="30,1100,0" yaku="8,1" doraHai="46" who="2" fromWho="2" sc="118,-3,214,-3,341,21,317,-5" owari="115,-38.5,211,-18.9,362,46.2,312,11.2" /></mjloggm>