<mjloggm ver="2.3"><GO type="169" lobby="0"/><UN n0="%62%73%64%5F%33" n1="%E7%B4%94%E6%BD%94%E3%83%94%E3%83%A9%E3%83%8B%E3%82%A2" n2="%E3%82%B5%E3%83%AF%E3%83%B3%E3%82%B3%E3%83%95" n3="%E9%80%B2%E5%8C%96%E3%81%99%E3%82%8B%E7%8C%BF" dan="16,16,16,16" rate="2060.85,2170.15,2203.40,2081.31" sx="F,M,M,M"/><TAIKYOKU oya="0"/><INIT seed="0,0,0,1,3,70" ten="250,250,250,250" oya="0" hai0="108,62,8,44,90,128,57,135,41,33,65,54,92" hai1="110,6,47,19,25,4,129,61,120,86,45,2,49" hai2="103,124,52,38,24,50,32,43,113,55,36,60,29" hai3="119,123,125,73,112,56,85,88,26,9,79,10,97"/><T131/><D33/><U122/><E110/><V48/><F113/><W13/><G112/><T95/><D135/><U42/><E61/><V117/><F117/><W69/><G69/><T87/><D108/><U94/><E129/><V59/><F124/><W31/><G119/><T20/><D131/><U22/><E2/><V74/><F74/><W99/><G125/><T116/><D116/><U14/><E47/><V5/><F103/><W30/><G123/><T68/><D128/><U114/><E114/><V76/><F76/><W134/><G134/><T71/><D8/><U37/><E49/><V23/><F5/><W51/><G79/><T11/><D11/><U83/><E94/><V7/><F7/><W53/><G73/><T39/><D20/><U126/><E126/><V77/><F77/><W133/><G9/><T1/><D1/><U21/><E122/><V105/><F105/><W121/><G121/><T67/><D65/><U106/><E106/><V3/><F3/><W81/><G133/><T16/><D16/><U107/><E107/><V91/><F32/><W17/><REACH who="3" step="1"/><G31/><REACH who="3" ten="250,250,250,240" step="2"/><T64/><D71/><U72/><E72/><V18/><F29/><W27/><G27/><T104/><D68/><U84/><E120/><V34/><F24/><W93/><G93/><T63/><D104/><U132/><E132/><V0/><F0/><W40/><G40/><T89/><REACH who="0" step="1"/><D63/><REACH who="0" ten="240,250,250,240" step="2"/><U66/><E25/><V101/><F60/><W109/><G109/><T35/><D35/><AGARI ba="0,2" hai="10,13,17,26,30,35,51,53,56,81,85,88,97,99" machi="35" ten="30,3900,0" yaku="1,1,7,1,54,1,53,0" doraHai="70" doraHaiUra="58" who="3" fromWho="0" sc="240,-39,250,0,250,0,240,59" /><INIT seed="1,0,0,1,5,64" ten="201,250,250,299" oya="1" hai0="128,107,79,36,123,133,43,109,106,33,25,12,29" hai1="112,114,32,89,41,120,17,69,118,82,121,47,19" hai2="48,85,42,87,60,71,44,50,104,54,124,74,21" hai3="38,119,16,127,3,131,77,40,46,101,95,45,67"/><U125/><E82/><V61/><F104/><W20/><G3/><T122/><D79/><U68/><E89/><V2/><F2/><W59/><G131/><T66/><D128/><U8/><E32/><V9/><F74/><W76/><G127/><T113/><D113/><U83/><E83/><V96/><F124/><W134/><G134/><T53/><D133/><U91/><E91/><V31/><F9/><W129/><G129/><T102/><D109/><U116/><E125/><V5/><F5/><W88/><G101/><T52/><D66/><U72/><E8/><V0/><F96/><W37/><G119/><N who="1" m="45610" /><E19/><V4/><F4/><W108/><G108/><T55/><D12/><U34/><E17/><V73/><F73/><W14/><G67/><T86/><D86/><N who="2" m="32778" /><F71/><N who="1" m="27209" /><E34/><V6/><F6/><W98/><G59/><T24/><D24/><U111/><E72/><V22/><F0/><W126/><G126/><T84/><D84/><U35/><E35/><V90/><F90/><W110/><G110/><T135/><D135/><U63/><E63/><N who="2" m="24139" /><F31/><W70/><G70/><T78/><D78/><U117/><E111/><V105/><F105/><N who="0" m="39946" /><D102/><U80/><E80/><V57/><AGARI ba="0,0" hai="21,22,42,44,48,50,54,57" m="24139,32778" machi="57" ten="30,1100,0" yaku="8,1" doraHai="64" who="2" fromWho="2" sc="201,-3,250,-5,250,11,299,-3" /><INIT seed="2,0,0,5,0,123" ten="198,245,261,296" oya="2" hai0="135,93,45,65,27,103,74,38,41,90,98,58,82" hai1="35,77,121,47,78,40,88,111,31,15,112,72,104" hai2="66,16,115,116,5,79,59,10,24,25,32,130,89" hai3="20,68,39,127,18,4,53,109,12,119,134,61,100"/><V43/><F115/><W86/><G119/><T34/><D135/><U117/><E104/><V105/><F116/><W76/><G39/><T107/><D65/><U8/><E72/><V97/><F130/><W11/><G134/><T60/><D34/><U56/><E121/><V125/><F125/><W73/><G127/><T48/><D27/><U99/><E112/><V106/><F79/><W102/><G73/><T124/><D124/><U63/><E117/><V122/><F43/><W33/><G33/><T118/><D118/><U84/><E99/><V95/><F25/><W57/><G109/><T7/><D7/><U52/><E111/><V69/><F69/><W55/><G68/><T44/><D44/><U71/><E31/><V21/><F32/><W75/><G75/><T87/><D58/><U54/><E71/><V114/><F114/><W110/><G55/><T29/><D60/><U113/><E113/><V50/><F122/><W62/><G62/><T2/><D2/><U3/><E3/><V17/><F17/><W6/><G110/><T19/><D19/><N who="1" m="8679" /><E40/><V1/><REACH who="2" step="1"/><F66/><REACH who="2" ten="198,245,251,296" step="2"/><W128/><G128/><T83/><D29/><U91/><E35/><V94/><F94/><W64/><G64/><T120/><D120/><U9/><E77/><V133/><F133/><W13/><G4/><T23/><D38/><U30/><E30/><V42/><F42/><W131/><G131/><T14/><D74/><U22/><E22/><V46/><F46/><W101/><G76/><T92/><D92/><U126/><E126/><V0/><F0/><W49/><G20/><T26/><D26/><RYUUKYOKU ba="0,1" sc="198,15,245,-15,251,15,296,-15" hai0="14,23,41,45,48,82,83,87,90,93,98,103,107" hai2="1,5,10,16,21,24,50,59,89,95,97,105,106" /><INIT seed="2,1,1,2,0,102" ten="213,230,266,281" oya="2" hai0="35,33,91,119,98,3,80,29,83,97,106,50,107" hai1="17,51,118,34,101,120,15,125,20,100,92,6,28" hai2="56,127,7,64,19,53,117,110,90,81,5,70,116" hai3="111,95,36,121,71,39,41,4,88,78,13,84,45"/><V14/><F127/><W11/><G121/><T58/><D3/><U113/><E113/><V30/><F30/><W10/><G111/><T22/><D119/><U32/><E118/><V135/><F135/><W108/><G108/><T40/><D22/><U25/><E120/><V133/><F133/><W63/><G78/><T48/><D58/><U9/><E125/><V77/><F110/><W126/><G126/><T124/><D91/><U122/><E122/><V31/><F31/><W12/><G39/><T49/><D124/><U2/><E34/><V68/><F90/><W21/><G21/><T66/><D66/><U47/><REACH who="1" step="1"/><E92/><REACH who="1" ten="213,220,266,281" step="2"/><V73/><F117/><W23/><G23/><T87/><D35/><U130/><E130/><V82/><F116/><W85/><G71/><T76/><D33/><U61/><E61/><V27/><F70/><W69/><G63/><T123/><D123/><U104/><E104/><V60/><F68/><W114/><G69/><T0/><D107/><U38/><E38/><V74/><F60/><W129/><G129/><T132/><D106/><U105/><E105/><V59/><F64/><W55/><G114/><T42/><D132/><U24/><E24/><V26/><F27/><W96/><REACH who="3" step="1"/><G55/><AGARI ba="1,2" hai="2,6,9,15,17,20,25,28,32,47,51,55,100,101" machi="55" ten="30,7700,0" yaku="1,1,7,1,24,2,53,0" doraHai="102" doraHaiUra="62" who="1" fromWho="3" sc="213,0,220,100,266,0,281,-80" /><INIT seed="3,0,0,5,0,56" ten="213,320,266,201" oya="3" hai0="108,135,21,74,42,8,133,24,17,16,29,92,85" hai1="72,48,38,80,5,10,117,116,91,64,132,126,67" hai2="62,127,110,36,121,23,87,78,32,20,33,89,49" hai3="60,22,50,59,52,130,101,128,43,100,123,40,47"/><W104/><G123/><T7/><D74/><U77/><E38/><V90/><F36/><W4/><G4/><T79/><D42/><U70/><E126/><V55/><F110/><W76/><G76/><T107/><D107/><U96/><E48/><V9/><F127/><W45/><G22/><T98/><D108/><U66/><E132/><N who="0" m="50761" /><D85/><U134/><E134/><V54/><F121/><W125/><G125/><T65/><D65/><U114/><E114/><V102/><F102/><W73/><G73/><T37/><D79/><U99/><E70/><V25/><F9/><W124/><G124/><T14/><D37/><U94/><REACH who="1" step="1"/><E96/><REACH who="1" ten="213,310,266,201" step="2"/><V68/><F68/><W61/><G104/><T120/><D120/><U122/><E122/><V131/><F49/><N who="3" m="26815" /><G61/><T15/><D15/><AGARI ba="0,1" hai="5,10,15,64,66,67,72,77,80,91,94,99,116,117" machi="15" ten="40,1300,0" yaku="1,1,53,0" doraHai="56" doraHaiUra="18" who="1" fromWho="0" sc="213,-13,310,23,266,0,201,0" /><INIT seed="4,0,0,5,3,43" ten="200,333,266,201" oya="0" hai0="58,123,118,117,44,112,124,53,23,16,92,75,66" hai1="56,46,101,39,67,85,38,82,15,47,129,61,50" hai2="55,10,26,4,30,37,7,42,105,6,88,13,0" hai3="120,113,114,107,41,128,116,14,5,94,45,71,52"/><T83/><D123/><U127/><E129/><V34/><F105/><W104/><G116/><T77/><D112/><N who="3" m="43113" /><G128/><T103/><D124/><U133/><E127/><V135/><F135/><W62/><G120/><T32/><D32/><U2/><E2/><V80/><F13/><W64/><G94/><T95/><D66/><U110/><E110/><V36/><F36/><N who="3" m="21671" /><G5/><T132/><D132/><U76/><E46/><V60/><F55/><W125/><G14/><T9/><D9/><U17/><E101/><V98/><F60/><N who="3" m="40327" /><G125/><T122/><D122/><U24/><E24/><V97/><F6/><W109/><G109/><T126/><D126/><U121/><E133/><V115/><F7/><W12/><G12/><T73/><D73/><U119/><E119/><V29/><F115/><W33/><G33/><T90/><D103/><U108/><E108/><V70/><F4/><W72/><G72/><T81/><D81/><U69/><E121/><V18/><F80/><W106/><G106/><T59/><D92/><U84/><E84/><V100/><F100/><W57/><AGARI ba="0,0" hai="52,57,62,104,107" m="40327,21671,43113" machi="57" ten="30,4000,0" yaku="15,1,52,1,54,1" doraHai="43" who="3" fromWho="3" sc="200,-20,333,-10,266,-10,201,40" /><INIT seed="5,0,0,0,5,23" ten="180,323,256,241" oya="1" hai0="43,99,15,84,4,69,60,94,49,45,59,67,124" hai1="133,72,75,122,50,120,52,98,24,62,118,32,10" hai2="42,37,13,90,29,48,53,65,74,71,26,130,76" hai3="131,77,127,113,21,107,8,116,9,68,46,96,110"/><U121/><E118/><V16/><F130/><W61/><G110/><T70/><D124/><U36/><E36/><V2/><F2/><W22/><G113/><T89/><D4/><U47/><E133/><V126/><F126/><W91/><G127/><T85/><D70/><U0/><E98/><V104/><F104/><W57/><G68/><T31/><D31/><U54/><E10/><N who="3" m="4202" /><G107/><T14/><D69/><U105/><E0/><V73/><F76/><W103/><G103/><T82/><REACH who="0" step="1"/><D84/><REACH who="0" ten="170,323,256,241" step="2"/><U28/><REACH who="1" step="1"/><E105/><REACH who="1" ten="170,313,256,241" step="2"/><V11/><F74/><W3/><G116/><T86/><D86/><U51/><E51/><V88/><F73/><W102/><G131/><T63/><D63/><U117/><E117/><V93/><F48/><W55/><G61/><T25/><D25/><U6/><E6/><V114/><F26/><W39/><G39/><T41/><D41/><U35/><E35/><V134/><F42/><W111/><G3/><T125/><D125/><U18/><E18/><V79/><F16/><W66/><G111/><T44/><D44/><U1/><E1/><V78/><F37/><W135/><G46/><T101/><AGARI ba="0,2" hai="14,15,43,45,49,59,60,67,82,85,89,94,99,101" machi="101" ten="20,8000,1" yaku="1,1,0,1,7,1,8,1,53,1" doraHai="23" doraHaiUra="95" who="0" fromWho="0" sc="170,100,313,-40,256,-20,241,-20" /><INIT seed="6,0,0,2,4,76" ten="270,273,236,221" oya="2" hai0="87,1,120,79,77,96,15,72,40,107,108,64,117" hai1="65,14,95,123,25,11,49,105,59,110,9,60,85" hai2="88,67,101,112,45,104,51,90,82,69,78,17,102" hai3="94,13,20,57,10,116,28,114,46,48,47,121,80"/><V35/><F112/><W36/><G116/><T50/><D1/><U43/><E105/><V19/><F35/><W2/><G121/><T119/><D120/><U71/><E110/><V4/><F4/><W24/><G114/><T7/><D72/><U83/><E123/><V0/><F0/><W39/><G2/><T70/><D108/><U58/><E95/><V54/><F69/><W21/><G21/><T52/><D40/><U124/><E124/><V16/><F67/><W55/><G39/><T106/><D64/><U92/><E92/><V68/><F68/><W34/><G36/><T93/><D70/><U26/><E11/><V42/><F42/><W29/><G94/><T130/><D130/><U6/><E71/><V84/><F104/><W8/><G8/><N who="0" m="4511" /><D87/><U127/><E127/><V32/><F32/><W133/><G133/><T99/><D99/><U38/><E38/><V132/><F132/><W109/><G109/><T125/><D125/><U30/><E30/><V122/><F122/><W115/><G115/><T89/><D107/><U86/><E86/><V44/><F45/><W56/><G46/><N who="0" m="27735" /><D106/><U103/><E43/><V73/><F73/><W113/><G113/><T63/><D63/><U129/><E129/><V23/><F23/><W66/><G66/><T61/><D61/><U131/><E131/><V118/><F118/><AGARI ba="0,0" hai="77,79,89,93,96,117,118,119" m="27735,4511" machi="118" ten="30,2000,0" yaku="12,1,54,1" doraHai="76" who="0" fromWho="2" sc="270,20,273,0,236,-20,221,0" /><INIT seed="7,0,0,5,5,24" ten="290,273,216,221" oya="3" hai0="105,16,110,88,72,120,77,125,33,126,70,55,47" hai1="4,117,65,100,128,99,66,64,27,121,23,42,103" hai2="71,119,59,56,38,131,108,115,106,17,44,18,3" hai3="9,129,54,48,127,13,21,52,2,81,1,93,87"/><W34/><G34/><T50/><D110/><U51/><E121/><V79/><F108/><W86/><G129/><T35/><D120/><U95/><E128/><V11/><F131/><W107/><G107/><T111/><D111/><U122/><E122/><V89/><F119/><W28/><G127/><N who="0" m="48651" /><D70/><U101/><E4/><V83/><F71/><W62/><G62/><T58/><D105/><U43/><E117/><V41/><F89/><N who="3" m="53439" /><G1/><T104/><D104/><U74/><E74/><N who="2" m="43511" /><F115/><W118/><G2/><T20/><D88/><N who="1" m="55783" /><E51/><V14/><F106/><W130/><G130/><T53/><D77/><U40/><E65/><V82/><F82/><W19/><G118/><T7/><D7/><U8/><E8/><N who="2" m="6343" /><F18/><AGARI ba="0,0" hai="18,23,27,40,42,43,64,66,100,101,103" m="55783" machi="18" ten="30,2000,0" yaku="8,1,54,1" doraHai="24" who="1" fromWho="2" sc="290,0,273,20,216,-20,221,0" /><INIT seed="8,0,0,2,5,7" ten="290,293,196,221" oya="0" hai0="60,74,55,18,30,85,79,36,15,67,117,31,52" hai1="82,5,115,58,84,77,104,46,90,23,95,111,69" hai2="17,59,56,39,97,71,20,96,2,9,81,125,123" hai3="113,3,62,114,78,116,63,80,105,120,106,49,65"/><T98/><D74/><U93/><E111/><V34/><F123/><W108/><G108/><T27/><D117/><U32/><E32/><V126/><F71/><N who="3" m="42423" /><G116/><T133/><D36/><U86/><E69/><V131/><F34/><W26/><G49/><T101/><D133/><U53/><E104/><N who="3" m="40042" /><G120/><T25/><D85/><U40/><E5/><N who="2" m="1207" /><F39/><W4/><G26/><N who="0" m="9739" /><D79/><U119/><E115/><V0/><F0/><W135/><G63/><T16/><D67/><U50/><E23/><V91/><F131/><W73/><G135/><T51/><D60/><N who="1" m="35919" /><E119/><V24/><F81/><AGARI ba="0,0" hai="40,46,50,77,81,82,84,86,90,93,95" m="35919" machi="81" ten="30,1000,0" yaku="8,1" doraHai="7" who="1" fromWho="2" sc="290,0,293,10,196,-10,221,0" owari="290,9.0,303,40.3,186,-31.4,221,-17.9" /></mjloggm>