<mjloggm ver="2.3"><GO type="225" lobby="0"/><UN n0="%E3%81%8B%E3%82%8F%E3%81%A1%E3%82%83%E3%82%93%35%38" n1="%E3%82%A4%E3%83%BC%E3%82%B1%E3%83%97%E3%83%A9" n2="%E7%B4%94%E6%BD%94%E3%83%94%E3%83%A9%E3%83%8B%E3%82%A2" n3="%E5%91%A8%E6%9D%B1" dan="16,17,16,16" rate="2127.87,2155.53,2190.73,2143.51" sx="M,M,M,M"/><TAIKYOKU oya="0"/><INIT seed="0,0,0,5,5,35" ten="250,250,250,250" oya="0" hai0="54,112,92,27,98,121,5,119,68,43,103,65,94" hai1="109,31,60,11,91,84,30,28,16,51,122,32,23" hai2="126,67,46,83,115,120,45,97,50,47,4,118,116" hai3="40,69,74,6,58,26,29,33,113,85,127,14,123"/><T87/><D112/><U100/><E122/><V22/><F120/><W104/><G74/><T133/><D119/><N who="2" m="45610" /><F115/><W73/><G73/><T56/><D121/><U55/><E32/><V7/><F83/><W135/><G69/><T48/><D133/><U1/><E109/><V72/><F72/><W86/><G104/><T114/><D114/><U110/><E110/><V64/><F22/><W59/><G135/><T78/><D5/><N who="2" m="2122" /><F97/><W130/><G123/><T44/><D27/><U101/><E11/><V15/><F15/><W0/><G14/><T52/><D68/><U117/><E60/><V37/><F37/><W24/><G24/><T106/><D106/><U99/><E99/><V80/><F80/><W36/><G36/><T107/><D107/><U42/><E42/><V76/><F50/><W53/><G40/><T25/><D25/><N who="1" m="14567" /><E1/><V21/><F21/><W82/><G0/><T2/><D2/><U128/><E128/><V13/><F13/><W57/><G130/><T108/><D108/><U17/><E17/><V41/><F41/><W18/><G18/><T19/><D19/><U131/><E131/><V79/><F126/><W10/><G127/><T90/><REACH who="0" step="1"/><D78/><AGARI ba="0,0" hai="45,46,47,64,67,76,78,79" m="2122,45610" machi="78" ten="40,5200,0" yaku="28,2,12,1" doraHai="35" who="2" fromWho="0" sc="250,-52,250,0,250,52,250,0" /><INIT seed="1,0,0,1,2,58" ten="198,250,302,250" oya="1" hai0="43,4,119,26,24,98,62,10,86,126,72,67,125" hai1="114,45,110,46,53,15,131,81,57,123,37,104,21" hai2="117,35,32,49,118,38,50,87,83,127,71,132,103" hai3="47,36,63,7,2,34,85,73,16,27,56,79,75"/><U74/><E123/><V12/><F38/><W30/><G2/><T17/><D72/><U134/><E114/><V82/><F71/><W116/><G7/><T23/><D119/><U78/><E104/><V54/><F103/><W91/><G79/><T80/><D43/><U115/><E115/><V5/><F5/><W135/><G135/><T77/><D24/><U112/><E112/><V31/><F12/><W70/><G70/><T59/><REACH who="0" step="1"/><D98/><REACH who="0" ten="188,250,302,250" step="2"/><U48/><E134/><V88/><F132/><W51/><G116/><T130/><D130/><U18/><E131/><V90/><F127/><W109/><G75/><T107/><D107/><U61/><E110/><V76/><F87/><W95/><G73/><T120/><D120/><U13/><E37/><V89/><F118/><W3/><G109/><T97/><D97/><U8/><REACH who="1" step="1"/><E48/><REACH who="1" ten="188,240,302,250" step="2"/><V39/><F49/><W108/><G108/><T11/><D11/><U6/><AGARI ba="0,2" hai="6,8,13,15,18,21,45,46,53,57,61,74,78,81" machi="6" ten="20,12000,1" yaku="1,1,2,1,0,1,7,1,52,1,53,0" doraHai="58" doraHaiUra="122" who="1" fromWho="1" sc="188,-40,240,140,302,-40,250,-40" /><INIT seed="1,1,0,2,2,51" ten="148,380,262,210" oya="1" hai0="24,74,116,117,39,120,9,44,29,123,92,96,56" hai1="108,83,15,30,52,103,60,72,4,101,91,53,23" hai2="78,95,54,119,41,17,43,10,82,76,134,64,6" hai3="75,20,104,132,8,31,50,106,14,65,67,126,32"/><U80/><E72/><V118/><F64/><W25/><G75/><T129/><D92/><U131/><E131/><V1/><F134/><W16/><G132/><T88/><D88/><U63/><E108/><V70/><F70/><W97/><G126/><T111/><D96/><U38/><E38/><V21/><F95/><W68/><G68/><T45/><D74/><U121/><E121/><N who="0" m="46665" /><D9/><N who="1" m="4519" /><E30/><V125/><F125/><W130/><G130/><T69/><D24/><U100/><E23/><V55/><F41/><W93/><G106/><T19/><D19/><U133/><E133/><V81/><F43/><W0/><G104/><T105/><D29/><U87/><E83/><V22/><F10/><W18/><G50/><T84/><D84/><U11/><E11/><V128/><F128/><W77/><G77/><T27/><D27/><U107/><E107/><V124/><F124/><W90/><REACH who="3" step="1"/><G18/><REACH who="3" ten="148,380,262,200" step="2"/><T47/><D105/><U115/><E115/><V114/><F17/><W109/><G109/><T66/><D129/><U122/><E122/><V99/><F114/><W12/><G12/><T86/><D111/><U36/><E36/><V79/><F79/><W40/><G40/><N who="0" m="22559" /><D69/><U112/><E112/><V7/><F1/><W59/><G59/><T85/><D45/><U94/><E94/><V127/><F127/><W58/><G58/><T2/><D47/><U57/><E57/><V49/><F49/><W89/><G89/><T5/><D56/><U113/><E113/><V35/><F35/><W34/><G34/><T33/><D33/><U26/><E91/><V98/><AGARI ba="1,1" hai="6,7,21,22,54,55,76,78,81,82,98,99,118,119" machi="98" ten="25,8000,1" yaku="0,1,22,2,52,2" doraHai="51" who="2" fromWho="2" sc="148,-21,380,-41,262,93,200,-21" /><INIT seed="2,0,0,3,5,110" ten="127,339,355,179" oya="2" hai0="62,25,97,106,27,86,60,32,24,87,80,14,47" hai1="31,54,115,107,66,49,40,65,50,35,127,126,133" hai2="72,76,17,61,99,122,42,12,124,118,29,64,121" hai3="131,116,57,55,22,91,89,71,68,82,59,117,11"/><V132/><F118/><W119/><G131/><T130/><D130/><U129/><E129/><V20/><F132/><W111/><G111/><T128/><D128/><U38/><E107/><V114/><F114/><W52/><G22/><T13/><D32/><U135/><E31/><V104/><F124/><N who="1" m="47657" /><E35/><V79/><F42/><W93/><G82/><T90/><D106/><U98/><E98/><V83/><F76/><W3/><G11/><T84/><D47/><N who="1" m="25831" /><E38/><V4/><F4/><W70/><G3/><T58/><D80/><U56/><E115/><V51/><F51/><W81/><G81/><T109/><D109/><U16/><E16/><V100/><REACH who="2" step="1"/><F29/><REACH who="2" ten="127,339,345,179" step="2"/><W77/><G77/><T2/><D2/><U63/><E66/><V33/><F33/><W105/><G119/><T44/><D44/><AGARI ba="0,1" hai="44,50,54,56,63,65,133,135" m="25831,47657" machi="44" ten="30,3900,0" yaku="18,1,34,2" doraHai="110" who="1" fromWho="0" sc="127,-39,339,49,345,0,179,0" /><INIT seed="3,0,0,5,0,79" ten="88,388,345,179" oya="3" hai0="31,54,38,15,80,106,111,69,127,44,75,112,8" hai1="43,105,3,41,120,117,74,93,48,24,33,35,103" hai2="30,26,83,55,128,10,101,42,107,124,27,95,39" hai3="126,22,114,87,14,119,71,134,40,47,96,133,23"/><W45/><G119/><T116/><D111/><U135/><E120/><V13/><F124/><W49/><G114/><T81/><D116/><U57/><E3/><V88/><F128/><W51/><G71/><T64/><D127/><U0/><E0/><V59/><F107/><W109/><G126/><T77/><D112/><U122/><E105/><V34/><F39/><W82/><G96/><T11/><D106/><U132/><E74/><V73/><F42/><N who="1" m="15881" /><E24/><V37/><F37/><W17/><G109/><T99/><D38/><U104/><E104/><V7/><F73/><W100/><G100/><T2/><D31/><U9/><E9/><V16/><F101/><W130/><G130/><T123/><D123/><U108/><E122/><V113/><F113/><W1/><G1/><T84/><D99/><N who="1" m="59887" /><E108/><V18/><F27/><W89/><REACH who="3" step="1"/><G23/><REACH who="3" ten="88,388,345,169" step="2"/><T98/><D98/><U60/><E117/><V115/><F115/><W52/><AGARI ba="0,1" hai="14,17,22,40,45,47,49,51,52,82,87,89,133,134" machi="52" ten="30,18000,2" yaku="1,1,2,1,0,1,52,1,54,1,53,1" doraHai="79" doraHaiUra="78" who="3" fromWho="3" sc="88,-60,388,-60,345,-60,169,190" owari="28,-47.2,328,12.8,285,-11.5,359,45.9" /></mjloggm>