<mjloggm ver="2.3"><GO type="169" lobby="0"/><UN n0="%E4%B9%9D%E7%B4%8B%E9%BE%8D%E5%8F%B2%E9%80%B2" n1="%43%65%6C%65%73%54%65" n2="%76%76%73" n3="%E9%98%BF%E9%83%A8%E5%AF%9B%EF%BC%A0%E9%B3%B3%E5%8D%93" dan="19,16,16,16" rate="2289.28,2118.24,2084.54,2124.47" sx="M,M,M,F"/><TAIKYOKU oya="0"/><INIT seed="0,0,0,5,4,2" ten="250,250,250,250" oya="0" hai0="104,66,27,40,30,48,89,121,54,56,120,20,68" hai1="13,123,107,32,114,65,84,50,113,79,96,126,34" hai2="110,102,111,23,81,103,47,41,46,135,45,39,133" hai3="0,37,74,52,115,78,5,42,101,80,125,8,16"/><T99/><D40/><U3/><E123/><V98/><F81/><W18/><G115/><N who="1" m="44042" /><E3/><V105/><F23/><W90/><G125/><T118/><D118/><U77/><E126/><V19/><F19/><N who="3" m="7211" /><G90/><T69/><D89/><U95/><E65/><V82/><F103/><W70/><G101/><T58/><D99/><U109/><E109/><N who="2" m="41483" /><F82/><W91/><G91/><T36/><D104/><U28/><E13/><V26/><F26/><W7/><G7/><T35/><D36/><U10/><E10/><V31/><F31/><W112/><G112/><T62/><REACH who="0" step="1"/><D20/><REACH who="0" ten="240,250,250,250" step="2"/><U116/><E107/><V97/><F97/><W53/><G70/><AGARI ba="0,1" hai="27,30,35,48,54,56,58,62,66,68,69,70,120,121" machi="70" ten="40,3900,0" yaku="1,1,2,1,53,0" doraHai="2" doraHaiUra="14" who="0" fromWho="3" sc="240,49,250,0,250,0,250,-39" /><INIT seed="0,1,0,4,3,36" ten="289,250,250,211" oya="0" hai0="21,106,114,118,18,40,23,102,45,22,82,59,1" hai1="90,41,100,85,108,38,107,56,66,105,123,25,135" hai2="84,131,35,48,103,96,49,122,80,57,69,78,128" hai3="15,16,94,14,83,20,9,109,79,13,116,112,43"/><T47/><D114/><U3/><E123/><V119/><F122/><W11/><G112/><T67/><D118/><U133/><E3/><V120/><F120/><W95/><G116/><T89/><D1/><U52/><E108/><V53/><F119/><W46/><G109/><T33/><D33/><U19/><E66/><V37/><F35/><W71/><G71/><T29/><D29/><U70/><E70/><V61/><F69/><W7/><G83/><T98/><D45/><N who="1" m="23735" /><E19/><V39/><F39/><W34/><G79/><T99/><D67/><U30/><E100/><V63/><F37/><W2/><G34/><T55/><D47/><U77/><E77/><V5/><F63/><W92/><REACH who="3" step="1"/><G9/><REACH who="3" ten="289,250,250,201" step="2"/><T121/><D121/><U51/><E30/><V81/><F81/><W115/><G115/><T4/><D82/><N who="1" m="49463" /><E25/><V31/><F31/><W0/><G0/><T68/><D68/><U117/><E117/><V88/><F78/><W110/><G110/><T93/><D4/><U26/><E26/><V72/><F5/><W129/><G129/><N who="2" m="49737" /><F72/><W54/><G54/><T87/><D40/><U126/><E126/><V58/><F58/><W50/><AGARI ba="1,1" hai="2,7,11,13,14,15,16,20,43,46,50,92,94,95" machi="50" ten="30,7900,0" yaku="1,1,0,1,52,1,54,1,53,0" doraHai="36" doraHaiUra="24" who="3" fromWho="3" sc="289,-40,250,-21,250,-21,201,92" /><INIT seed="1,0,0,5,5,94" ten="249,229,229,293" oya="1" hai0="8,117,41,0,70,47,18,16,61,63,72,64,58" hai1="103,109,56,113,134,111,93,104,46,23,129,28,110" hai2="5,75,108,38,90,85,135,33,51,25,96,88,11" hai3="34,50,7,10,118,45,125,98,101,76,73,27,80"/><U54/><E113/><V124/><F135/><W3/><G125/><T65/><D72/><U105/><E134/><V53/><F124/><W74/><G118/><T12/><D0/><U106/><E129/><V31/><F108/><W20/><G34/><T60/><D60/><N who="1" m="35863" /><E46/><V112/><F112/><W19/><G80/><T26/><D117/><U32/><E32/><V1/><F75/><W123/><G76/><T66/><D66/><U99/><E23/><V49/><F38/><W71/><G71/><T67/><D67/><U52/><E52/><V15/><F1/><W83/><G83/><T77/><D77/><U17/><E17/><V68/><F68/><W127/><G123/><T91/><D26/><U81/><E81/><V29/><F31/><AGARI ba="0,0" hai="28,31,93,99,103,104,105,106,109,110,111" m="35863" machi="31" ten="40,7700,0" yaku="14,1,10,1,52,1" doraHai="94" who="1" fromWho="2" sc="249,0,229,77,229,-77,293,0" /><INIT seed="1,1,0,5,1,63" ten="249,306,152,293" oya="1" hai0="51,8,97,133,39,117,57,95,79,32,35,75,37" hai1="3,106,125,120,28,30,11,130,115,91,77,69,4" hai2="101,96,122,52,20,62,49,9,12,14,111,29,60" hai3="18,33,16,118,42,64,1,24,89,116,31,5,53"/><U80/><E115/><V21/><F111/><W131/><G42/><T90/><D117/><N who="3" m="45161" /><G53/><T93/><D133/><U129/><E120/><V86/><F122/><W83/><G131/><N who="1" m="50186" /><E106/><V135/><F135/><W67/><G5/><T114/><D114/><U82/><E125/><V123/><F123/><W107/><G1/><T71/><D71/><U41/><E41/><V113/><F113/><W127/><G107/><T121/><D121/><U44/><E44/><V74/><F74/><W119/><G127/><T54/><D8/><U98/><E69/><V46/><F86/><N who="3" m="50399" /><G119/><T85/><D75/><N who="1" m="43071" /><E98/><V6/><F21/><W15/><G18/><T100/><REACH who="0" step="1"/><D79/><REACH who="0" ten="239,306,152,293" step="2"/><U58/><E11/><AGARI ba="1,1" hai="11,15,16,24,31,33,64,67" m="50399,45161" machi="11" ten="30,7700,0" yaku="12,1,52,2,54,1" doraHai="63" who="3" fromWho="1" sc="239,0,306,-80,152,0,293,90" /><INIT seed="2,0,0,1,5,9" ten="239,226,152,383" oya="2" hai0="100,124,116,71,44,15,24,50,128,113,114,109,1" hai1="66,60,115,74,14,30,87,83,0,88,92,54,47" hai2="129,53,40,32,41,134,65,31,135,12,36,110,21" hai3="26,10,20,42,111,89,73,27,48,19,63,57,33"/><V123/><F123/><W64/><G73/><T52/><D1/><U117/><E115/><V7/><F129/><W75/><G75/><T79/><D71/><U80/><E117/><V11/><F32/><W76/><G76/><T2/><D2/><U18/><E0/><V112/><F112/><W56/><G111/><T107/><D109/><U17/><E30/><V101/><F110/><W121/><G121/><T5/><D128/><U127/><E127/><V55/><F65/><W37/><G37/><T67/><D67/><U4/><E74/><V59/><F101/><W6/><G89/><T13/><D79/><U85/><E4/><V58/><F31/><W29/><G42/><N who="2" m="16489" /><F21/><W103/><G103/><T43/><D124/><U84/><E18/><V28/><F28/><W49/><REACH who="3" step="1"/><G56/><REACH who="3" ten="239,226,152,373" step="2"/><N who="2" m="21545" /><F36/><W82/><G82/><T126/><D126/><U120/><E120/><V108/><F108/><W90/><G90/><T77/><D114/><U132/><E83/><V8/><F8/><W3/><AGARI ba="0,1" hai="3,6,10,19,20,26,27,29,33,48,49,57,63,64" machi="3" ten="20,2700,0" yaku="1,1,0,1,7,1,53,0" doraHai="9" doraHaiUra="51" who="3" fromWho="3" sc="239,-7,226,-7,152,-13,373,37" /><INIT seed="3,0,0,0,2,20" ten="232,219,139,410" oya="3" hai0="129,97,1,42,30,27,122,10,4,92,35,67,36" hai1="83,96,112,26,102,50,98,101,14,9,71,76,100" hai2="103,56,47,73,63,117,87,5,44,108,119,31,132" hai3="107,81,37,124,8,23,134,60,64,84,69,62,126"/><W80/><G107/><T109/><D122/><U72/><E71/><V38/><F73/><W53/><G37/><T2/><D109/><U128/><E112/><V33/><F108/><W120/><G120/><T65/><D2/><U40/><E128/><V19/><F5/><W48/><G134/><T12/><D129/><U127/><E127/><V135/><F103/><W70/><G8/><T61/><D1/><U57/><E40/><N who="2" m="22551" /><F19/><W11/><G11/><T133/><D133/><N who="2" m="51274" /><F87/><W21/><G84/><T93/><D93/><U24/><E96/><V55/><F47/><W13/><G124/><T77/><D77/><U91/><E98/><V79/><F79/><W114/><G126/><T111/><D111/><U86/><E72/><V94/><F94/><W6/><G6/><T46/><REACH who="0" step="1"/><D61/><REACH who="0" ten="222,219,139,410" step="2"/><U78/><E78/><V66/><F66/><W41/><G64/><T43/><D43/><U75/><E76/><V16/><F117/><W68/><G41/><T51/><D51/><U22/><E75/><V106/><F119/><W15/><G48/><T110/><D110/><U17/><E9/><V74/><F74/><W95/><G95/><T130/><D130/><U32/><E32/><V0/><F106/><W89/><G62/><T52/><D52/><AGARI ba="0,1" hai="14,17,22,24,26,50,52,57,83,86,91,100,101,102" machi="52" ten="40,8000,1" yaku="8,1,52,2,54,1" doraHai="20" who="1" fromWho="0" sc="222,-80,219,90,139,0,410,0" /><INIT seed="4,0,0,4,4,41" ten="142,309,139,410" oya="0" hai0="3,66,35,24,20,109,135,47,86,17,48,52,53" hai1="128,84,112,97,22,75,80,116,57,121,54,90,8" hai2="124,118,103,129,123,122,19,5,45,40,60,10,67" hai3="98,101,31,117,72,99,2,130,63,26,34,39,71"/><T131/><D131/><U9/><E116/><V62/><F129/><W89/><G117/><T114/><D114/><U28/><E121/><V134/><F118/><W85/><G72/><T25/><D3/><U94/><E128/><V125/><F103/><W36/><G2/><T4/><D4/><U1/><E1/><V79/><F79/><W58/><G130/><T104/><D104/><U21/><E75/><V44/><F134/><W132/><G132/><T88/><D135/><U91/><E112/><V127/><F19/><W81/><G71/><T46/><D66/><U74/><E74/><V95/><F95/><W49/><G49/><N who="0" m="28727" /><D35/><U102/><E102/><V83/><F83/><W16/><G39/><T50/><D50/><N who="1" m="30935" /><E22/><V106/><F106/><W76/><G36/><T111/><D111/><U69/><E69/><V113/><F113/><W30/><G34/><T73/><D73/><U27/><AGARI ba="0,0" hai="8,9,21,27,28,80,84,90,91,94,97" m="30935" machi="27" ten="30,1100,0" yaku="8,1" doraHai="41" who="1" fromWho="1" sc="142,-5,309,11,139,-3,410,-3" /><INIT seed="5,0,0,3,5,87" ten="137,320,136,407" oya="1" hai0="59,108,66,37,14,79,60,42,22,40,56,15,20" hai1="109,112,48,26,132,2,47,94,104,111,82,135,107" hai2="58,96,75,71,125,52,25,57,29,45,38,102,88" hai3="92,77,120,98,106,69,3,101,123,78,24,65,85"/><U43/><E2/><V127/><F75/><W68/><G3/><T95/><D108/><N who="1" m="41547" /><E112/><V13/><F71/><W5/><G5/><T133/><D133/><N who="1" m="51275" /><E82/><V64/><F13/><N who="0" m="4618" /><D37/><U28/><E94/><N who="2" m="56391" /><F102/><W89/><G92/><T128/><D128/><U117/><E117/><V90/><F90/><W9/><G89/><T84/><D59/><U51/><E51/><N who="2" m="28783" /><F38/><W113/><G69/><T11/><D95/><U129/><E129/><V17/><F64/><W0/><G65/><T4/><D84/><U80/><E80/><V126/><F17/><W44/><G85/><T76/><D79/><U70/><E70/><V115/><F115/><W21/><G68/><T41/><D76/><U122/><E122/><V54/><F54/><W118/><G113/><T67/><D66/><U39/><E39/><V46/><F46/><W53/><G120/><T32/><D67/><U74/><E74/><V103/><F103/><W55/><G123/><T124/><D42/><U91/><E91/><V61/><F61/><W93/><G77/><T110/><D41/><U23/><AGARI ba="0,0" hai="23,26,28,43,47,48,104,107" m="51275,41547" machi="23" ten="30,3000,0" yaku="10,1,20,1" doraHai="87" who="1" fromWho="1" sc="137,-10,320,30,136,-10,407,-10" /><INIT seed="5,1,0,3,0,132" ten="127,350,126,397" oya="1" hai0="27,47,1,64,122,77,31,52,76,32,92,45,25" hai1="23,75,36,22,108,69,10,63,14,20,82,90,72" hai2="79,117,70,83,119,129,80,24,43,106,16,33,37" hai3="112,96,34,130,55,101,89,44,17,114,85,18,127"/><U62/><E36/><V78/><F106/><N who="3" m="63783" /><G127/><T54/><D1/><U26/><E26/><V46/><F70/><W113/><G34/><T51/><D122/><U99/><E108/><V102/><F102/><W7/><G130/><T87/><D64/><U41/><E41/><V116/><F129/><W134/><G134/><T13/><D13/><U88/><E69/><V12/><F33/><W118/><G118/><T131/><D27/><U19/><E75/><V135/><F24/><W104/><G104/><T49/><REACH who="0" step="1"/><D131/><REACH who="0" ten="117,350,126,397" step="2"/><U111/><E111/><V35/><F135/><W15/><G113/><T109/><D109/><U94/><E72/><V100/><F35/><W125/><G112/><T6/><D6/><U38/><E38/><V8/><REACH who="2" step="1"/><F100/><REACH who="2" ten="117,350,116,397" step="2"/><W59/><G114/><T39/><D39/><U120/><E120/><V0/><F0/><W58/><G15/><T5/><D5/><U50/><E14/><V95/><F95/><W105/><G7/><T126/><D126/><U68/><E94/><V115/><F115/><W123/><G125/><T11/><D11/><U21/><E10/><V3/><F3/><W84/><G123/><T93/><D93/><U57/><E19/><V97/><F97/><W60/><G17/><T71/><D71/><U53/><E99/><V66/><F66/><W73/><G18/><T121/><D121/><U128/><E128/><V9/><F9/><W61/><G105/><T124/><D124/><U133/><E133/><V40/><F40/><W103/><G103/><T107/><D107/><U56/><E53/><V98/><F98/><W91/><G55/><RYUUKYOKU ba="1,2" sc="117,15,350,-15,116,15,397,-15" hai0="25,31,32,45,47,49,51,52,54,76,77,87,92" hai2="8,12,16,37,43,46,78,79,80,83,116,117,119" /><INIT seed="6,2,2,4,5,115" ten="132,335,131,382" oya="2" hai0="76,2,106,108,12,38,40,102,7,32,126,125,135" hai1="1,31,58,131,0,97,100,26,82,17,121,10,72" hai2="62,65,64,3,124,24,66,107,77,47,123,67,22" hai3="95,111,45,8,120,112,99,84,63,19,52,60,91"/><V98/><F123/><W75/><G111/><T14/><D108/><U16/><E131/><V117/><F117/><W133/><G75/><T130/><D32/><U96/><E121/><V101/><F124/><N who="0" m="47722" /><D76/><U110/><E110/><V119/><F119/><W11/><G120/><T127/><N who="0" m="47730" /><T134/><DORA hai="30" /><D2/><U87/><E72/><V36/><F3/><W15/><G133/><N who="0" m="50699" /><D7/><U4/><E0/><V25/><F77/><W51/><G112/><T71/><D71/><U93/><E97/><V113/><F113/><W79/><G8/><T34/><D34/><U53/><E31/><V41/><REACH who="2" step="1"/><F22/><REACH who="2" ten="132,335,121,382" step="2"/><W88/><G79/><T27/><D130/><U73/><E1/><V9/><F9/><W90/><G91/><T118/><D118/><U6/><E10/><V5/><F5/><W13/><G90/><T85/><D85/><U89/><E73/><V78/><F78/><W46/><G84/><T128/><D128/><U94/><E4/><V29/><F29/><W59/><G88/><T80/><D80/><U105/><E6/><V81/><F81/><W103/><G99/><N who="0" m="61791" /><D27/><U104/><E26/><V42/><F42/><W70/><G103/><T48/><D38/><U129/><E129/><V68/><AGARI ba="2,3" hai="24,25,36,41,47,62,64,65,66,67,68,98,101,107" machi="68" ten="30,3000,0" yaku="1,1,0,1,53,0" doraHai="115,30" doraHaiUra="116,114" who="2" fromWho="2" sc="132,-12,335,-12,121,66,382,-12" /><INIT seed="6,3,0,0,1,69" ten="120,323,187,370" oya="2" hai0="74,39,85,78,68,18,80,44,35,11,1,50,105" hai1="58,76,64,108,55,132,75,122,106,40,42,72,32" hai2="109,119,51,2,133,127,71,34,37,26,53,73,65" hai3="88,57,13,10,124,48,60,107,3,9,99,103,70"/><V31/><RYUUKYOKU type="yao9" ba="3,0" sc="120,0,323,0,187,0,370,0" hai2="2,26,31,34,37,51,53,65,71,73,109,119,127,133" /><INIT seed="6,4,0,1,4,67" ten="120,323,187,370" oya="2" hai0="94,25,108,30,41,23,29,110,72,21,90,9,15" hai1="45,33,18,77,124,28,101,42,118,76,93,106,126" hai2="46,111,31,17,47,89,81,48,24,14,107,44,20" hai3="70,112,74,104,75,82,1,125,92,114,88,19,2"/><V103/><F111/><W32/><G125/><N who="1" m="48234" /><E118/><V109/><F109/><W37/><G37/><T40/><D72/><N who="3" m="27689" /><G32/><T122/><D122/><U60/><E106/><V95/><F107/><W63/><G104/><T58/><D108/><U96/><E18/><V54/><F103/><W73/><G19/><T85/><D110/><U55/><E28/><V129/><F81/><W117/><G117/><T78/><D78/><U10/><E10/><V115/><F129/><W84/><G70/><T11/><D58/><N who="1" m="34911" /><E33/><V57/><F115/><N who="3" m="44075" /><G63/><T86/><D86/><U100/><E100/><V13/><REACH who="2" step="1"/><F17/><REACH who="2" ten="120,323,177,370" step="2"/><W39/><G82/><T102/><D102/><U113/><E113/><V131/><F131/><W116/><G116/><T27/><REACH who="0" step="1"/><D11/><REACH who="0" ten="110,323,177,370" step="2"/><U59/><E77/><V97/><AGARI ba="4,2" hai="13,14,20,24,31,44,46,47,48,54,57,89,95,97" machi="97" ten="30,6000,0" yaku="1,1,0,1,8,1,53,0" doraHai="67" doraHaiUra="36" who="2" fromWho="2" sc="110,-24,323,-24,177,92,370,-24" /><INIT seed="6,5,0,3,0,37" ten="86,299,269,346" oya="2" hai0="8,62,80,105,16,106,38,100,45,78,13,85,111" hai1="39,128,127,52,122,102,110,49,40,17,107,115,33" hai2="27,0,65,43,95,48,74,97,124,121,118,64,61" hai3="58,72,12,1,55,135,46,7,35,75,68,108,116"/><V90/><F118/><W23/><G108/><T98/><D111/><U31/><E110/><V11/><F121/><W84/><G68/><T92/><REACH who="0" step="1"/><D62/><REACH who="0" ten="76,299,269,346" step="2"/><U129/><E122/><V83/><F61/><W88/><G135/><T117/><D117/><U86/><E115/><V101/><F124/><W131/><G116/><T32/><D32/><U89/><E127/><V50/><F64/><W36/><G35/><T104/><D104/><U9/><E107/><V57/><F65/><W134/><G134/><T28/><D28/><U69/><E31/><V20/><F50/><W130/><G36/><T25/><D25/><U103/><E33/><V44/><F27/><W123/><G123/><T114/><D114/><U15/><E128/><V91/><F48/><W73/><G130/><T41/><AGARI ba="5,1" hai="8,13,16,38,41,45,78,80,85,92,98,100,105,106" machi="41" ten="30,8000,1" yaku="1,1,0,1,52,1,54,1,53,1" doraHai="37" doraHaiUra="99" who="0" fromWho="0" sc="76,105,299,-25,269,-45,346,-25" /><INIT seed="7,0,0,0,5,34" ten="181,274,224,321" oya="3" hai0="93,130,4,88,1,65,80,17,132,50,60,68,119" hai1="131,67,120,135,45,97,38,26,36,55,121,75,24" hai2="41,16,106,62,104,21,99,0,78,19,107,51,77" hai3="83,25,52,91,114,57,40,11,109,111,73,43,69"/><W128/><G114/><T87/><D119/><U133/><E75/><V46/><F99/><W13/><G69/><T44/><D130/><U14/><E97/><V6/><F19/><W110/><G25/><T22/><D132/><N who="1" m="50763" /><E14/><V90/><F90/><W112/><G112/><T71/><D71/><U64/><E24/><V84/><F62/><N who="3" m="36135" /><G128/><T96/><D4/><U33/><E26/><V66/><F66/><N who="1" m="25129" /><E33/><V70/><F70/><W27/><G27/><T72/><D72/><U92/><E92/><V54/><F41/><W47/><G47/><T7/><D22/><U100/><E100/><V127/><F127/><W134/><G134/><T10/><D17/><U42/><E131/><V125/><F125/><W3/><G3/><T28/><D28/><U58/><E36/><V95/><F95/><W12/><G12/><T94/><REACH who="0" step="1"/><D96/><REACH who="0" ten="171,274,224,321" step="2"/><U116/><E116/><V102/><F21/><W31/><G31/><T30/><D30/><U115/><E115/><V8/><F16/><N who="3" m="8255" /><G73/><T48/><D48/><AGARI ba="0,1" hai="38,42,45,48,55,58,120,121" m="25129,50763" machi="48" ten="30,3900,0" yaku="20,1,34,2" doraHai="34" who="1" fromWho="0" sc="171,-39,274,49,224,0,321,0" owari="132,-36.8,323,42.3,224,-17.6,321,12.1" /></mjloggm>