<mjloggm ver="2.3"><GO type="169" lobby="0"/><UN n0="%E7%89%A7%E5%A0%B4%E3%81%AE%E5%B0%8F%E5%A5%B3" n1="%48%65%69%68%65%69%30%35" n2="%E3%81%82%E3%81%95%E3%81%B4%E3%82%93%EF%BC%A0%EF%BD%8D%EF%BD%8A" n3="%E3%81%A5%E3%81%8B%E5%AD%90" dan="17,16,18,16" rate="2186.99,2030.38,2285.26,2159.31" sx="F,M,M,M"/><TAIKYOKU oya="0"/><INIT seed="0,0,0,1,3,39" ten="250,250,250,250" oya="0" hai0="95,62,40,53,121,56,13,5,72,90,21,22,80" hai1="99,55,71,30,19,25,67,26,87,3,46,82,0" hai2="114,35,100,27,58,6,44,51,107,37,122,24,54" hai3="135,60,70,93,134,18,31,23,74,85,52,89,65"/><T129/><D129/><U126/><E126/><V103/><F122/><W86/><G74/><T2/><D121/><U98/><E0/><V9/><F114/><W132/><G31/><T11/><D2/><U4/><E71/><V73/><F73/><W17/><G86/><T38/><D72/><U128/><E67/><V112/><F112/><W76/><G76/><T111/><D80/><U119/><E119/><V78/><F78/><W28/><REACH who="3" step="1"/><G52/><REACH who="3" ten="250,250,250,240" step="2"/><T42/><D111/><U130/><E55/><V84/><F84/><W50/><G50/><T101/><D101/><U97/><E87/><V47/><F103/><W36/><G36/><T57/><D38/><U110/><E110/><V133/><F37/><W113/><G113/><T120/><D120/><U102/><E102/><V14/><F100/><W125/><G125/><T109/><D109/><U64/><E30/><V106/><F54/><W88/><G88/><T29/><D29/><U104/><E128/><V63/><F51/><W117/><G117/><T48/><D90/><U108/><E108/><V123/><F123/><W105/><G105/><T75/><D75/><U79/><E104/><V33/><F106/><W124/><G124/><T91/><D91/><U10/><E130/><V34/><F107/><W83/><G83/><T32/><D95/><U43/><E82/><V15/><F47/><W115/><G115/><T77/><D77/><U94/><E79/><V69/><F44/><W1/><G1/><T66/><D32/><U61/><E94/><V131/><F131/><W41/><G41/><AGARI ba="0,1" hai="5,11,13,21,22,40,41,42,48,53,56,57,62,66" machi="41" ten="40,12000,1" yaku="8,1,52,3" doraHai="39" who="0" fromWho="3" sc="250,130,250,0,250,0,240,-120" /><INIT seed="0,1,0,3,5,23" ten="380,250,250,120" oya="0" hai0="21,29,105,54,62,112,51,97,95,60,117,3,37" hai1="50,132,127,85,74,28,41,56,66,81,92,70,30" hai2="101,130,33,68,87,96,116,32,12,94,73,49,115" hai3="133,10,67,106,123,64,100,48,91,6,90,120,76"/><T31/><D112/><U109/><E132/><V122/><F115/><W79/><G133/><T93/><D37/><U98/><E74/><V22/><F122/><W40/><G48/><T36/><D36/><U0/><E0/><V24/><F73/><W107/><G100/><T18/><D3/><U16/><E127/><V118/><F68/><W71/><G71/><T135/><D105/><U25/><E70/><V57/><F12/><W4/><REACH who="3" step="1"/><G10/><REACH who="3" ten="380,250,250,110" step="2"/><T17/><D135/><U8/><E8/><V111/><F49/><W86/><G86/><T19/><D117/><U82/><E85/><V131/><F87/><W102/><G102/><T53/><D51/><U52/><E41/><AGARI ba="1,1" hai="4,6,40,41,64,67,76,79,90,91,106,107,120,123" machi="41" ten="25,8000,1" yaku="1,1,22,2,53,2" doraHai="23" doraHaiUra="75" who="3" fromWho="1" sc="380,0,250,-83,250,0,110,93" /><INIT seed="1,0,0,4,5,122" ten="380,167,250,203" oya="1" hai0="10,95,44,40,80,57,77,117,97,50,11,22,67" hai1="8,34,4,93,43,19,61,51,13,64,59,101,62" hai2="42,32,38,14,47,72,39,35,84,134,52,115,71" hai3="5,89,9,18,118,28,107,111,131,96,7,104,108"/><U21/><E34/><V17/><F72/><W65/><G131/><T12/><D117/><U26/><E62/><V46/><F71/><W58/><G118/><T73/><D22/><U82/><E82/><V27/><F134/><W75/><G75/><T130/><D130/><U33/><E33/><V24/><F115/><W66/><G18/><T106/><D106/><N who="3" m="40489" /><G28/><T88/><REACH who="0" step="1"/><D12/><REACH who="0" ten="370,167,250,203" step="2"/><U69/><E69/><V121/><F35/><W85/><G9/><T25/><D25/><U54/><E43/><V0/><F32/><W124/><G124/><T109/><D109/><N who="3" m="42057" /><G96/><T31/><D31/><U41/><E41/><V94/><F42/><W129/><G129/><T100/><D100/><U83/><E101/><V116/><F116/><W105/><G105/><T92/><D92/><U3/><E93/><V68/><F94/><N who="3" m="54575" /><G66/><T114/><D114/><U123/><E123/><V128/><F121/><W79/><G79/><T120/><D120/><U60/><E64/><V48/><F128/><W127/><G127/><T30/><D30/><U23/><E83/><V78/><F78/><W15/><G15/><T37/><D37/><U63/><REACH who="1" step="1"/><E23/><REACH who="1" ten="370,157,250,203" step="2"/><V36/><F36/><W55/><G65/><T53/><D53/><U102/><E102/><V135/><F52/><W45/><G55/><T86/><D86/><U70/><E70/><V126/><F68/><W74/><G74/><T76/><D76/><U133/><E133/><V90/><F135/><W125/><G125/><T56/><D56/><U110/><E110/><V49/><F126/><W20/><G58/><T113/><D113/><U98/><E98/><RYUUKYOKU ba="0,2" sc="370,15,157,15,250,-15,203,-15" hai0="10,11,40,44,50,57,67,73,77,80,88,95,97" hai1="3,4,8,13,19,21,26,51,54,59,60,61,63" /><INIT seed="1,1,2,3,0,33" ten="385,172,235,188" oya="1" hai0="28,127,108,124,116,106,57,86,0,17,15,60,109" hai1="129,128,19,3,91,133,76,4,51,100,78,85,71" hai2="43,72,7,89,55,53,118,2,107,21,42,105,112" hai3="48,16,102,27,59,132,101,61,98,67,79,73,84"/><U126/><E71/><V104/><F118/><W93/><G73/><T88/><D106/><U49/><E100/><V74/><F21/><N who="3" m="13735" /><G132/><T94/><D0/><U50/><E133/><V92/><F112/><W39/><G39/><T119/><D28/><U123/><E123/><V114/><F114/><W69/><G69/><T83/><D83/><U20/><E126/><N who="0" m="48169" /><D119/><U135/><E135/><V99/><F74/><W11/><G11/><N who="0" m="6399" /><D116/><U32/><E32/><V47/><F72/><W56/><G102/><T10/><D10/><N who="1" m="2335" /><E20/><V12/><F12/><W18/><G18/><T121/><D121/><U38/><E19/><V6/><F6/><W90/><G79/><T36/><D36/><U63/><E63/><V122/><F122/><W87/><G101/><T113/><D113/><U80/><E38/><V95/><F7/><W31/><G31/><T97/><D86/><U82/><E82/><V13/><F13/><W77/><G77/><T54/><AGARI ba="1,2" hai="54,57,60,88,94,97,108,109" m="6399,48169" machi="54" ten="30,2000,0" yaku="18,1,54,1" doraHai="33" who="0" fromWho="0" sc="385,43,172,-11,235,-6,188,-6" /><INIT seed="2,0,0,0,3,15" ten="428,161,229,182" oya="2" hai0="69,117,19,63,98,108,81,9,45,107,104,121,133" hai1="3,89,78,83,68,31,114,67,13,105,113,2,28" hai2="39,70,87,21,49,54,111,76,50,128,120,130,0" hai3="123,102,22,56,26,131,61,58,122,77,132,12,94"/><V47/><F0/><W32/><G77/><T135/><D121/><U38/><E105/><V24/><F120/><W110/><G32/><T124/><D108/><U37/><E89/><V41/><F70/><W84/><G131/><N who="2" m="50217" /><F111/><W16/><G110/><T96/><D45/><U134/><E13/><V51/><F87/><W88/><G132/><T95/><D81/><U62/><E134/><V55/><F76/><W60/><G102/><T29/><D96/><U59/><E59/><V116/><F116/><W8/><G58/><T5/><D117/><U57/><E57/><V101/><F101/><W25/><G25/><T75/><D98/><U42/><E28/><AGARI ba="0,0" hai="21,24,28,39,41,47,49,50,51,54,55" m="50217" machi="28" ten="30,1500,0" yaku="19,1" doraHai="15" who="2" fromWho="1" sc="428,0,161,-15,229,15,182,0" /><INIT seed="2,1,0,4,2,95" ten="428,146,244,182" oya="2" hai0="129,39,128,135,23,73,71,8,103,47,123,43,89" hai1="34,50,70,33,21,81,18,17,25,52,51,75,87" hai2="74,0,110,10,127,109,63,120,9,86,58,44,16" hai3="91,76,77,4,37,1,41,3,38,126,134,130,100"/><V48/><F74/><W94/><G100/><T119/><D123/><U22/><E70/><V96/><F120/><W98/><G130/><T55/><D73/><U78/><E51/><V107/><F86/><W65/><G126/><T28/><D71/><U29/><E75/><V83/><F83/><W80/><G134/><T40/><D40/><U102/><E102/><N who="2" m="62919" /><F0/><W113/><G113/><T69/><D135/><U104/><E104/><V6/><F6/><W101/><G65/><T121/><D89/><U56/><REACH who="1" step="1"/><E29/><REACH who="1" ten="428,136,244,182" step="2"/><V15/><F48/><W54/><G101/><T106/><D28/><U125/><E125/><V111/><F127/><W99/><G38/><T46/><D69/><U124/><E124/><V32/><F44/><W57/><G37/><T68/><D46/><U132/><E132/><V66/><F32/><W85/><G57/><T105/><D68/><U19/><E19/><V122/><F122/><W112/><G112/><T90/><D47/><U2/><E2/><V11/><AGARI ba="1,1" hai="9,10,11,15,16,58,63,66,109,110,111" m="62919" machi="11" ten="40,12000,1" yaku="14,1,10,1,52,1,54,1" doraHai="95" who="2" fromWho="2" sc="428,-41,136,-41,244,133,182,-41" /><INIT seed="2,2,0,5,2,114" ten="387,95,377,141" oya="2" hai0="31,0,119,58,5,22,44,56,57,127,6,66,96" hai1="52,11,88,65,51,14,17,79,71,83,70,16,18" hai2="45,13,108,78,116,30,55,27,92,107,15,82,86" hai3="25,100,84,118,117,54,59,42,32,21,47,43,64"/><V67/><F107/><W93/><G32/><T103/><D127/><U112/><E112/><V53/><F108/><W81/><G64/><T80/><D119/><U3/><E3/><V1/><F1/><W4/><G4/><T35/><D35/><U91/><E71/><V87/><F67/><W39/><G43/><T75/><D66/><U68/><E68/><V23/><F116/><W12/><G12/><N who="2" m="4681" /><F45/><W102/><G93/><T38/><D0/><U115/><E115/><V69/><F69/><W49/><G102/><T48/><D38/><U37/><E37/><V131/><F131/><W10/><G100/><T95/><D75/><U97/><E65/><V120/><F120/><W121/><G10/><T20/><D80/><U40/><E40/><V34/><F34/><W110/><G110/><T129/><D129/><U109/><E70/><V8/><F8/><W123/><G121/><T101/><D101/><U26/><E26/><V89/><AGARI ba="2,0" hai="23,27,30,53,55,78,82,86,87,89,92" m="4681" machi="89" ten="30,1500,0" yaku="8,1" doraHai="114" who="2" fromWho="2" sc="387,-7,95,-7,377,21,141,-7" /><INIT seed="2,3,0,0,5,112" ten="380,88,398,134" oya="2" hai0="120,46,77,21,37,44,99,20,19,34,119,83,41" hai1="107,45,10,57,111,28,49,1,131,81,31,25,124" hai2="40,50,32,6,58,118,66,116,117,125,9,133,33" hai3="87,93,14,53,84,135,35,12,23,27,72,22,36"/><V97/><F133/><W78/><G36/><T128/><D34/><U26/><E107/><V65/><F125/><W4/><G35/><T90/><D120/><U127/><E57/><V114/><F114/><W61/><G72/><T134/><D134/><U11/><E81/><V60/><F65/><W115/><G115/><T100/><D128/><U17/><E49/><V0/><REACH who="2" step="1"/><F97/><REACH who="2" ten="380,88,388,134" step="2"/><W7/><G135/><T71/><D119/><U89/><E131/><V109/><F109/><W54/><G61/><T59/><D71/><U47/><E111/><V24/><F24/><W70/><G27/><T73/><D59/><U123/><E123/><V39/><F39/><W15/><G70/><T30/><D44/><AGARI ba="3,1" hai="0,6,9,32,33,40,44,50,58,60,66,116,117,118" machi="44" ten="40,12000,1" yaku="1,1,52,3,53,0" doraHai="112" doraHaiUra="75" who="2" fromWho="0" sc="380,-129,88,0,388,139,134,0" /><INIT seed="2,4,0,1,0,8" ten="251,88,527,134" oya="2" hai0="94,106,81,22,88,11,71,24,45,33,110,87,5" hai1="96,64,37,89,39,41,105,95,29,25,100,32,102" hai2="50,30,4,86,12,99,97,132,54,112,128,19,93" hai3="118,38,134,69,113,18,21,117,46,108,92,98,78"/><V109/><F112/><W27/><G69/><T61/><D110/><U48/><E100/><V126/><F128/><W91/><G134/><T123/><D123/><U66/><E48/><V121/><F121/><W16/><G113/><T114/><D114/><U43/><E43/><V3/><F3/><W127/><G127/><T1/><D106/><U42/><E42/><V26/><F4/><W9/><G108/><T59/><D45/><U56/><E56/><V75/><F75/><W90/><G78/><T101/><D33/><U70/><E41/><V34/><F132/><W15/><REACH who="3" step="1"/><G91/><REACH who="3" ten="251,88,527,124" step="2"/><T23/><D71/><U119/><E119/><V44/><F126/><W17/><G17/><T120/><D120/><U85/><REACH who="1" step="1"/><E66/><REACH who="1" ten="251,78,527,124" step="2"/><V77/><F109/><W51/><G51/><T60/><D60/><AGARI ba="4,2" hai="25,29,32,37,39,60,64,70,85,89,95,96,102,105" machi="60" ten="40,8000,1" yaku="1,1,2,1,25,2,53,0" doraHai="8" doraHaiUra="73" who="1" fromWho="0" sc="251,-92,78,112,527,0,124,0" /><INIT seed="3,0,0,3,1,130" ten="159,190,527,124" oya="3" hai0="111,1,9,62,125,14,48,17,15,34,99,24,104" hai1="106,29,4,27,109,44,65,30,96,118,70,25,114" hai2="12,22,126,103,84,101,10,120,66,2,43,110,46" hai3="21,28,6,122,72,63,39,5,13,97,91,11,100"/><W128/><G122/><T3/><D111/><U19/><E109/><V82/><F110/><W68/><G128/><T54/><D125/><U7/><E114/><V51/><F2/><W26/><G39/><T71/><D34/><U92/><E44/><V90/><F126/><W112/><G112/><T102/><D24/><U64/><E106/><V60/><F22/><W42/><G42/><T131/><D131/><U83/><E83/><V56/><REACH who="2" step="1"/><F120/><REACH who="2" ten="159,190,517,124" step="2"/><W35/><G21/><T41/><D1/><U113/><E113/><V50/><F50/><W37/><G37/><T38/><D3/><U8/><E118/><V45/><F45/><W127/><G127/><T89/><D38/><U53/><E8/><V58/><F58/><W40/><G35/><T33/><D33/><U134/><E70/><V124/><F124/><W36/><G36/><T79/><D71/><U121/><E121/><V117/><F117/><W133/><G68/><T119/><D119/><U94/><E30/><V52/><F52/><W59/><G59/><T93/><D48/><U95/><E53/><V86/><F86/><W74/><G28/><T88/><D54/><U23/><E23/><V18/><AGARI ba="0,1" hai="10,12,18,43,46,51,56,60,66,82,84,90,101,103" machi="18" ten="20,5200,0" yaku="1,1,0,1,7,1,8,1,53,0" doraHai="130" doraHaiUra="0" who="2" fromWho="2" sc="159,-13,190,-13,517,62,124,-26" /><INIT seed="4,0,0,5,5,65" ten="146,177,579,98" oya="0" hai0="28,101,39,111,134,76,57,18,104,29,0,1,26" hai1="95,34,37,120,75,125,24,67,72,113,85,100,70" hai2="122,46,118,8,32,4,79,78,129,54,45,124,102" hai3="41,127,56,90,133,106,88,50,53,92,114,16,25"/><T119/><D39/><U5/><E120/><V117/><F122/><W91/><G106/><T48/><D76/><U126/><E37/><V128/><F32/><W115/><G127/><N who="1" m="48650" /><E5/><V55/><F102/><W40/><G133/><T9/><D101/><U61/><E113/><N who="3" m="43018" /><G92/><T82/><D82/><U60/><E60/><V108/><F124/><W47/><G56/><T44/><D57/><U110/><E110/><V97/><F97/><W51/><G51/><T103/><D48/><U21/><E34/><V71/><F4/><W105/><G105/><T116/><D103/><U83/><E95/><V35/><F35/><W2/><G2/><T10/><D104/><U86/><E86/><V98/><F98/><W112/><N who="3" m="43026" /><W89/><N who="3" m="22528" /><DORA hai="22" /><DORA hai="49" /><W11/><G25/><T7/><D111/><U3/><E3/><V42/><F108/><W36/><G36/><T135/><D44/><U93/><E93/><V121/><F121/><W73/><G73/><T52/><D7/><U13/><E100/><V109/><F109/><W130/><G130/><T33/><D33/><U96/><E96/><V94/><F94/><W31/><G31/><T23/><D0/><U30/><E85/><V99/><F99/><W87/><G87/><T6/><D28/><U131/><E131/><V27/><F128/><W107/><G107/><T17/><D29/><U19/><E83/><V64/><F129/><W69/><G69/><T58/><D135/><U123/><E123/><V12/><F71/><W74/><G74/><N who="1" m="28202" /><E30/><V63/><F46/><W66/><G66/><T132/><D132/><U38/><E38/><RYUUKYOKU ba="0,0" sc="146,-15,177,15,579,-15,98,15" hai1="13,19,21,24,61,67,70" hai3="11,16,40,41,47,50,53" /><INIT seed="5,1,0,1,3,99" ten="131,192,564,113" oya="1" hai0="135,14,114,47,44,60,69,122,39,56,75,102,12" hai1="91,68,10,28,21,26,5,78,8,27,118,123,96" hai2="63,24,17,6,84,67,4,36,18,80,66,117,55" hai3="73,111,79,74,41,93,51,38,90,2,129,126,22"/><U58/><E123/><V20/><F36/><W133/><G111/><T98/><D75/><U88/><E68/><V85/><F117/><W61/><G2/><T15/><D122/><U9/><E118/><V11/><F84/><W101/><G51/><T30/><D114/><U113/><E78/><V81/><F81/><N who="3" m="45295" /><G74/><T94/><D135/><U37/><E37/><V13/><F55/><W125/><G22/><T124/><D124/><N who="3" m="47721" /><G61/><T40/><D47/><U62/><E113/><V106/><F106/><W33/><G33/><T59/><REACH who="0" step="1"/><D30/><REACH who="0" ten="121,192,564,113" step="2"/><U43/><E28/><V83/><F83/><W70/><G133/><T104/><D104/><U35/><E35/><V25/><F80/><W119/><G119/><T45/><D45/><U1/><E1/><V121/><F121/><W103/><G129/><T72/><D72/><U109/><E109/><V19/><F25/><W95/><G95/><T46/><D46/><U92/><E27/><V31/><F31/><W49/><G38/><T23/><D23/><U107/><E107/><V16/><F24/><W76/><G93/><T48/><D48/><U89/><E43/><V54/><F20/><W108/><G108/><T64/><AGARI ba="1,1" hai="12,14,15,39,40,44,56,59,60,64,69,94,98,102" machi="64" ten="30,4000,0" yaku="1,1,0,1,52,1,53,0" doraHai="99" doraHaiUra="115" who="0" fromWho="0" sc="121,53,192,-21,564,-11,113,-11" /><INIT seed="6,0,0,0,1,65" ten="174,171,553,102" oya="2" hai0="110,73,118,133,10,115,116,57,36,69,117,75,91" hai1="17,128,9,14,20,103,7,30,51,84,40,38,80" hai2="60,41,119,6,45,61,64,49,68,92,3,29,35" hai3="55,127,8,135,43,53,74,94,19,24,4,11,76"/><V47/><F119/><W37/><G127/><T85/><D115/><U62/><E38/><V111/><F111/><W59/><G135/><T114/><D114/><U32/><E103/><V121/><F121/><W77/><G74/><T125/><D110/><U99/><E128/><V101/><F6/><W2/><G53/><T12/><D36/><U70/><E32/><V52/><F3/><W112/><G112/><T97/><D69/><U16/><E99/><V63/><F101/><W109/><G109/><T67/><D97/><U95/><E95/><V123/><F92/><W90/><G43/><T33/><D33/><U26/><E62/><N who="2" m="39959" /><F29/><W86/><G37/><T102/><D102/><U120/><E70/><V23/><F23/><W13/><REACH who="3" step="1"/><G24/><REACH who="3" ten="174,171,553,92" step="2"/><T71/><D125/><U122/><E122/><V105/><F123/><W15/><G15/><T104/><D133/><U82/><E120/><V25/><F25/><W50/><AGARI ba="0,1" hai="2,4,8,11,13,19,50,55,59,76,77,86,90,94" machi="50" ten="20,5200,0" yaku="1,1,0,1,7,1,53,1" doraHai="65" doraHaiUra="44" who="3" fromWho="3" sc="174,-13,171,-13,553,-26,92,62" /><INIT seed="7,0,0,1,3,135" ten="161,158,527,154" oya="3" hai0="117,66,70,121,113,39,68,25,19,123,107,31,16" hai1="86,94,53,3,72,79,0,118,15,9,124,22,127" hai2="128,114,60,100,104,35,42,13,49,64,92,75,28" hai3="90,112,41,134,69,101,122,105,40,91,14,57,29"/><W77/><G69/><T24/><D39/><U45/><E72/><V103/><F75/><W81/><G134/><T38/><D38/><U7/><E118/><V44/><F114/><W96/><G122/><T8/><D117/><U83/><E94/><V58/><F104/><W21/><G112/><T5/><D113/><U30/><E53/><V88/><F128/><W6/><G29/><T37/><D37/><U27/><REACH who="1" step="1"/><E45/><REACH who="1" ten="161,148,527,154" step="2"/><V52/><F35/><W98/><G98/><T87/><D123/><U62/><E62/><V132/><F28/><W82/><G40/><T46/><D46/><U95/><E95/><V99/><F132/><W130/><G130/><T89/><D31/><U76/><E76/><V63/><F13/><W56/><G41/><T97/><D97/><U108/><E108/><V74/><F74/><W106/><G106/><T32/><D107/><U1/><AGARI ba="0,1" hai="0,1,3,7,9,15,22,27,30,79,83,86,124,127" machi="1" ten="40,8000,1" yaku="1,1,0,1,52,2,53,0" doraHai="135" doraHaiUra="12" who="1" fromWho="1" sc="161,-20,148,90,527,-20,154,-40" owari="141,-25.9,238,3.8,507,60.7,114,-38.6" /></mjloggm>