<mjloggm ver="2.3"><GO type="169" lobby="0"/><UN n0="%6E%69%73%69%35%30%32%38" n1="%4B%61%74%65%31%39%39%39" n2="%E3%82%8A%E3%81%93%E3%82%8A%E3%82%93%E3%81%94" n3="%E3%82%BC%E3%83%B3%E3%83%84%E3%83%9E%E3%82%B7%E3%83%BC%E3%83%B3" dan="16,16,17,16" rate="2113.44,2123.89,2144.47,2141.04" sx="M,M,M,M"/><TAIKYOKU oya="0"/><INIT seed="0,0,0,5,3,68" ten="250,250,250,250" oya="0" hai0="52,59,17,46,36,28,88,64,134,65,9,113,93" hai1="33,128,62,50,73,132,103,120,1,79,105,133,121" hai2="31,94,5,27,0,44,112,76,51,72,74,110,85" hai3="66,45,56,23,70,82,14,67,90,131,30,20,96"/><T81/><D113/><U22/><E33/><V4/><F112/><W32/><G131/><T95/><D134/><U63/><E1/><V99/><F110/><W91/><G70/><T35/><D35/><U60/><E128/><V97/><F85/><W47/><G32/><T25/><D28/><U40/><E22/><V12/><F0/><W122/><G122/><T58/><D36/><U69/><E69/><V61/><F61/><N who="3" m="38183" /><G67/><T11/><D25/><U54/><E40/><V80/><F74/><W86/><G14/><N who="0" m="7375" /><D11/><U71/><E71/><V107/><F107/><W84/><G96/><T101/><D101/><U92/><E105/><V16/><F31/><W7/><G7/><T127/><D127/><U83/><E92/><N who="0" m="35401" /><D64/><U42/><E103/><V116/><F27/><N who="3" m="16743" /><G23/><T98/><D65/><U129/><E129/><V13/><F116/><W43/><G43/><T15/><D15/><U10/><E42/><V126/><F13/><W106/><G106/><T87/><D98/><U102/><E102/><V24/><F99/><W124/><G124/><T3/><D3/><U75/><E10/><N who="2" m="6167" /><F24/><W119/><G119/><T108/><D108/><U109/><E109/><V77/><F126/><W135/><G135/><N who="1" m="51786" /><E75/><V48/><F72/><W49/><G49/><AGARI ba="0,0" hai="46,49,52,58,59,81,87,88" m="35401,7375" machi="49" ten="30,11600,0" yaku="25,1,8,1,54,2" doraHai="68" who="0" fromWho="3" sc="250,116,250,0,250,0,250,-116" /><INIT seed="0,1,0,5,2,8" ten="366,250,250,134" oya="0" hai0="80,53,92,96,69,38,111,133,49,130,116,113,101" hai1="100,56,14,109,6,66,65,43,68,48,19,61,62" hai2="18,134,129,107,94,114,76,127,64,108,59,99,132" hai3="97,4,77,124,50,110,24,115,125,128,131,2,95"/><T22/><D113/><U119/><E119/><V54/><F114/><W36/><G36/><T70/><D116/><U1/><E109/><V88/><F108/><W84/><G50/><T10/><D38/><U112/><E112/><V33/><F33/><W44/><G44/><T71/><D111/><U73/><E73/><V39/><F39/><W79/><G24/><T82/><D133/><U20/><E100/><V87/><F129/><N who="3" m="49739" /><G4/><T135/><D130/><U118/><E118/><V85/><F127/><N who="3" m="48715" /><G2/><T30/><D49/><U35/><E35/><V67/><F107/><W12/><G12/><T122/><D53/><U27/><E1/><V9/><F67/><W41/><G41/><T72/><D71/><U45/><REACH who="1" step="1"/><E6/><REACH who="1" ten="366,240,250,134" step="2"/><V105/><F134/><W21/><G110/><T52/><D72/><U16/><E16/><V106/><F18/><W11/><G115/><T26/><D135/><U74/><E74/><V63/><F132/><W123/><G123/><T104/><D122/><U57/><E57/><V126/><F126/><W103/><G21/><T47/><D22/><U46/><E46/><V13/><F59/><W23/><G23/><T0/><D47/><U60/><E60/><V32/><F63/><W42/><G42/><T75/><D0/><U29/><E29/><V121/><F32/><W7/><G7/><T31/><D31/><U17/><E17/><V83/><F121/><W89/><G11/><T3/><D10/><U90/><E90/><V25/><F88/><W91/><G89/><T51/><D30/><U37/><E37/><V40/><F9/><W81/><AGARI ba="1,1" hai="77,79,81,84,91,95,97,103" m="48715,49739" machi="81" ten="30,8000,1" yaku="5,1,19,1,18,1,34,2" doraHai="8" who="3" fromWho="3" sc="366,-41,240,-21,250,-21,134,93" /><INIT seed="1,0,0,3,1,30" ten="325,219,229,227" oya="1" hai0="113,47,52,66,106,5,89,15,58,104,13,38,84" hai1="46,68,83,79,93,34,90,37,91,133,107,8,19" hai2="39,17,7,49,69,18,95,120,0,87,61,101,56" hai3="3,100,117,48,9,54,27,114,62,31,128,121,130"/><U99/><E68/><V78/><F120/><W71/><G121/><T88/><D113/><U67/><E67/><V102/><F39/><W110/><G114/><T12/><D5/><U1/><E133/><V109/><F109/><W98/><G110/><T50/><D89/><U94/><E107/><V118/><F118/><W125/><G117/><T45/><D45/><U111/><E111/><V36/><F36/><W127/><G62/><T119/><D119/><U134/><E134/><V10/><F69/><W80/><G71/><T65/><D65/><U75/><E34/><V131/><F131/><N who="3" m="50219" /><G80/><T41/><REACH who="0" step="1"/><D66/><REACH who="0" ten="315,219,229,227" step="2"/><U132/><E132/><V129/><F7/><W85/><G127/><T123/><D123/><U35/><E1/><V103/><F0/><W2/><G125/><T73/><D73/><U64/><E64/><V82/><F129/><W135/><G135/><T20/><D20/><U77/><E77/><V21/><F21/><N who="3" m="15855" /><G9/><T92/><AGARI ba="0,1" hai="12,13,15,38,41,47,50,52,58,84,88,92,104,106" machi="92" ten="30,7900,0" yaku="1,1,0,1,54,2,53,0" doraHai="30" doraHaiUra="23" who="0" fromWho="0" sc="315,89,219,-39,229,-20,227,-20" /><INIT seed="2,0,0,1,0,126" ten="404,180,209,207" oya="2" hai0="99,8,81,110,82,66,18,108,26,40,41,125,15" hai1="49,2,6,21,56,68,109,11,13,63,102,67,10" hai2="100,14,115,119,114,27,0,55,3,4,128,112,61" hai3="105,53,47,106,33,59,120,28,79,107,29,95,117"/><V78/><F78/><W75/><G117/><T124/><D66/><U35/><E35/><V12/><F100/><W84/><G120/><T72/><D99/><U85/><E109/><N who="0" m="42089" /><D26/><U73/><E73/><V48/><F119/><W39/><G75/><T111/><D111/><U87/><E21/><V123/><F123/><W38/><G33/><T9/><D9/><U129/><E102/><V131/><F61/><W25/><G25/><T23/><D8/><U57/><E129/><N who="2" m="49739" /><F27/><W46/><G38/><T89/><D89/><U80/><E49/><V118/><F118/><W32/><G39/><T69/><D69/><U20/><E20/><V88/><F88/><W74/><G74/><T134/><D72/><U52/><E87/><V76/><F76/><W86/><G86/><T94/><D94/><U64/><E85/><V65/><F65/><W36/><G79/><T93/><D93/><U121/><E121/><V113/><N who="2" m="28672" /><DORA hai="7" /><V5/><F5/><W98/><G84/><T37/><D82/><U17/><E80/><V1/><F4/><W92/><G92/><T96/><D81/><U122/><E122/><V50/><F50/><W133/><G95/><T58/><D37/><U45/><E67/><V62/><F62/><W127/><G36/><T83/><D83/><U101/><E101/><V103/><F103/><W22/><G107/><T71/><D124/><U132/><E132/><V60/><F60/><W104/><G133/><T116/><D125/><U24/><E24/><V42/><F42/><W70/><G127/><T30/><D41/><U130/><E130/><V19/><F19/><RYUUKYOKU ba="0,0" sc="404,-15,180,15,209,15,207,-15" hai1="2,6,10,11,13,17,45,52,56,57,63,64,68" hai2="0,1,3,12,14,48,55" /><INIT seed="2,1,0,2,4,99" ten="389,195,224,192" oya="2" hai0="81,74,80,116,41,128,114,53,83,2,105,106,96" hai1="124,21,94,67,5,17,60,89,107,18,76,34,85" hai2="29,14,129,79,54,0,58,133,3,43,27,95,48" hai3="26,98,101,102,123,13,91,104,77,87,97,103,25"/><V50/><F129/><W12/><G123/><T28/><D2/><U33/><E124/><V132/><F79/><W69/><G69/><T66/><D41/><U86/><E5/><V68/><F68/><W32/><G77/><T4/><D4/><U35/><E107/><V72/><F72/><W135/><G135/><N who="2" m="51785" /><F14/><N who="3" m="5739" /><G32/><T30/><D74/><U82/><REACH who="1" step="1"/><E21/><REACH who="1" ten="389,185,224,192" step="2"/><N who="2" m="15599" /><F95/><N who="3" m="54783" /><G104/><T1/><D106/><U109/><E109/><V44/><AGARI ba="1,1" hai="0,3,43,44,48,50,54,58" m="15599,51785" machi="44" ten="30,1500,0" yaku="20,1" doraHai="99" who="2" fromWho="2" sc="389,-6,185,-6,224,28,192,-6" /><INIT seed="2,2,0,3,0,38" ten="383,179,252,186" oya="2" hai0="98,58,74,112,29,69,5,50,102,94,92,107,40" hai1="85,65,42,11,108,15,62,117,96,95,46,14,127" hai2="79,122,134,103,8,111,125,13,118,130,70,23,17" hai3="49,61,36,3,44,19,33,22,59,75,10,87,105"/><V24/><F70/><W47/><G75/><T6/><D112/><U39/><E117/><V77/><F118/><W115/><G33/><T18/><D74/><U71/><E108/><V64/><F122/><W101/><G115/><T16/><D69/><U9/><E127/><V81/><F64/><W119/><G119/><T12/><D107/><U97/><E85/><V135/><F111/><W56/><G36/><T132/><D29/><U90/><REACH who="1" step="1"/><E96/><REACH who="1" ten="383,169,252,186" step="2"/><V78/><F125/><W114/><G87/><T53/><D98/><U128/><E128/><V54/><F130/><W7/><G114/><T66/><D132/><U116/><E116/><V104/><F135/><W110/><G110/><T28/><D102/><U82/><E82/><V129/><F134/><W63/><G101/><T67/><D94/><U21/><E21/><V126/><F126/><W120/><G105/><T68/><D92/><U45/><E45/><V26/><F129/><W51/><G120/><T0/><D68/><U2/><E2/><V131/><F131/><W43/><G59/><T109/><D0/><U48/><E48/><V35/><F81/><W84/><G56/><T41/><D58/><U27/><E27/><V86/><F86/><W32/><G84/><T4/><D50/><U55/><E55/><V93/><F104/><W1/><G1/><T100/><D53/><U113/><E113/><V37/><F54/><N who="3" m="29991" /><G32/><T83/><D109/><U106/><E106/><V80/><F35/><W60/><G22/><T99/><D83/><U88/><E88/><V72/><F80/><W34/><G34/><T124/><D124/><RYUUKYOKU ba="2,1" sc="383,-15,169,15,252,-15,186,15" hai1="9,11,14,15,39,42,46,62,65,71,90,95,97" hai3="3,7,10,19,43,47,51,60,61,63" /><INIT seed="3,3,1,0,5,106" ten="368,184,237,201" oya="3" hai0="125,32,90,12,97,85,98,102,121,78,20,65,71" hai1="37,129,99,101,60,21,131,52,118,30,41,16,95" hai2="96,69,70,46,8,100,109,40,93,82,13,10,80" hai3="7,89,28,119,59,57,111,22,103,33,66,36,23"/><W126/><G119/><T15/><D32/><U64/><E118/><V42/><F109/><W133/><G126/><T68/><D121/><U26/><E37/><V127/><F127/><W25/><G133/><T55/><D78/><U123/><E123/><V120/><F120/><W11/><G111/><T81/><D65/><U2/><E41/><V104/><F104/><W50/><G36/><T24/><D98/><U122/><E2/><V29/><F29/><W128/><G128/><N who="1" m="49226" /><E122/><V6/><F10/><W14/><G103/><T88/><D102/><U49/><E30/><V67/><F42/><W56/><G66/><T58/><D71/><U110/><E110/><V5/><F5/><W117/><G117/><T38/><D68/><U1/><E1/><V63/><REACH who="2" step="1"/><F70/><REACH who="2" ten="368,184,227,201" step="2"/><W116/><G116/><T83/><D125/><U135/><E135/><V75/><F75/><W54/><REACH who="3" step="1"/><G89/><REACH who="3" ten="368,184,227,191" step="2"/><T53/><D88/><U115/><E115/><V84/><F84/><W48/><G48/><AGARI ba="3,3" hai="6,8,13,40,46,48,63,67,69,80,82,93,96,100" machi="48" ten="30,3900,0" yaku="1,1,7,1,53,1" doraHai="106" doraHaiUra="43" who="2" fromWho="3" sc="368,0,184,0,227,78,191,-48" /><INIT seed="4,0,0,3,5,76" ten="368,184,305,143" oya="0" hai0="20,93,23,0,78,6,87,13,95,34,36,5,104" hai1="113,127,45,122,50,130,53,85,29,16,103,88,25" hai2="73,41,37,66,90,26,132,114,19,80,38,57,47" hai3="52,31,60,48,70,79,61,110,56,63,8,9,64"/><T117/><D117/><U81/><E122/><V77/><F114/><W18/><G110/><T62/><D104/><U33/><E113/><V51/><F132/><W12/><G31/><T97/><D36/><U71/><E71/><V4/><F4/><N who="0" m="1642" /><D34/><U129/><E127/><V100/><F100/><W120/><G120/><T91/><D0/><U68/><E68/><V96/><F66/><W102/><G102/><N who="0" m="60719" /><D78/><U24/><REACH who="1" step="1"/><E103/><REACH who="1" ten="368,174,305,143" step="2"/><V1/><F1/><W89/><G70/><T21/><D62/><U35/><E35/><V115/><F115/><W121/><G121/><T17/><AGARI ba="0,1" hai="13,17,20,21,23,87,91,95" m="60719,1642" machi="17" ten="30,1500,0" yaku="8,1" doraHai="76" who="0" fromWho="0" sc="368,25,174,-5,305,-5,143,-5" /><INIT seed="4,1,0,1,2,102" ten="393,169,300,138" oya="0" hai0="130,6,123,65,126,84,31,59,46,124,25,11,19" hai1="111,37,104,101,118,30,4,105,125,43,75,92,67" hai2="115,15,49,71,0,116,129,23,58,132,3,47,88" hai3="113,85,86,35,96,77,13,112,134,33,108,5,36"/><T68/><D68/><U122/><E111/><V53/><F71/><W69/><G108/><T7/><D123/><U106/><E118/><V61/><F115/><N who="3" m="44107" /><G36/><T52/><D130/><U81/><E122/><V133/><F129/><W114/><N who="3" m="44115" /><W90/><DORA hai="21" /><G69/><T79/><D65/><U89/><E67/><V39/><F39/><W99/><G134/><N who="2" m="51817" /><F116/><W78/><G13/><T109/><D46/><U32/><E4/><V103/><F103/><W87/><G5/><T40/><D6/><U22/><E32/><N who="3" m="12362" /><G90/><T10/><D7/><U2/><E2/><V95/><F23/><W76/><AGARI ba="1,0" hai="76,77,78,85,86,87,96,99" m="12362,44115" machi="76" ten="50,6400,0" yaku="28,2,15,1" doraHai="102,21" who="3" fromWho="3" sc="393,-33,169,-17,300,-17,138,67" /><INIT seed="5,0,0,0,3,132" ten="360,152,283,205" oya="1" hai0="102,112,31,50,101,89,26,110,35,72,28,4,45" hai1="60,55,7,113,61,42,15,78,127,119,6,84,22" hai2="66,124,70,75,107,98,3,63,18,118,103,8,79" hai3="49,126,134,128,69,16,65,129,111,23,71,51,32"/><U125/><E119/><V13/><F118/><W96/><G111/><T87/><D110/><U24/><E113/><V43/><F43/><W104/><G134/><T9/><D72/><U0/><E0/><V67/><F67/><W5/><G32/><T80/><D31/><U57/><E42/><V33/><F33/><W30/><G30/><T19/><D19/><U108/><E108/><V47/><F47/><W37/><G37/><T38/><D38/><U46/><E46/><V115/><F115/><W36/><G36/><T93/><D93/><U44/><E44/><V25/><F3/><W11/><G126/><N who="1" m="48138" /><E15/><V81/><F124/><W109/><G109/><T99/><D112/><U64/><E84/><V40/><F40/><W130/><G104/><T90/><D45/><U82/><E82/><V20/><REACH who="2" step="1"/><F25/><REACH who="2" ten="360,152,273,205" step="2"/><N who="3" m="14567" /><G130/><T121/><D26/><U106/><E106/><V27/><F27/><W59/><G129/><T10/><D35/><U83/><E24/><V105/><F105/><W91/><G128/><T122/><D28/><U56/><E22/><AGARI ba="0,1" hai="8,13,18,20,22,63,66,70,75,79,81,98,103,107" machi="22" ten="40,2600,0" yaku="1,1,53,1" doraHai="132" doraHaiUra="77" who="2" fromWho="1" sc="360,0,152,-26,273,36,205,0" /><INIT seed="6,0,0,4,2,39" ten="360,126,309,205" oya="2" hai0="99,84,105,56,128,57,13,30,65,19,36,40,71" hai1="60,79,52,114,109,130,0,96,133,103,24,1,18" hai2="25,100,62,80,115,2,31,47,120,49,42,5,113" hai3="22,61,64,108,78,69,87,44,66,116,54,46,132"/><V91/><F120/><W59/><G116/><T112/><D112/><U26/><E109/><V35/><F100/><W95/><G108/><T32/><D84/><U3/><E114/><V117/><F117/><W45/><G132/><T82/><D82/><U88/><E133/><V68/><F2/><W76/><G22/><T15/><D15/><U17/><E79/><V73/><F5/><W119/><G119/><T53/><D30/><U98/><E130/><V77/><REACH who="2" step="1"/><F91/><REACH who="2" ten="360,126,299,205" step="2"/><N who="3" m="53759" /><G69/><T67/><D71/><U125/><E125/><V51/><F51/><W110/><G110/><T27/><D36/><U9/><E103/><V8/><F8/><W41/><G78/><T72/><D128/><U37/><E37/><V89/><F89/><W134/><G76/><T102/><D102/><U122/><E122/><V126/><F126/><W85/><G134/><T94/><D105/><U48/><E60/><V92/><F92/><W121/><G121/><T43/><D94/><U4/><E4/><V104/><F104/><W6/><G6/><T135/><D135/><U21/><E88/><V33/><F33/><W58/><G61/><T34/><D34/><U28/><E9/><V70/><F70/><W11/><G11/><T81/><D32/><U14/><E3/><V106/><F106/><W118/><G118/><T50/><D50/><U107/><E1/><V97/><F97/><W124/><G124/><T7/><D99/><U131/><E0/><V23/><F23/><W10/><G10/><T16/><D7/><U63/><E107/><V75/><F75/><W55/><G85/><T93/><D72/><RYUUKYOKU ba="0,1" sc="360,-10,126,-10,299,30,205,-10" hai2="25,31,35,42,47,49,62,68,73,77,80,113,115" /><INIT seed="6,1,1,5,4,123" ten="350,116,329,195" oya="2" hai0="83,105,111,15,0,45,5,126,96,70,98,40,100" hai1="133,24,13,28,82,50,7,66,80,12,103,38,16" hai2="78,27,84,125,33,95,32,41,79,109,22,10,124" hai3="115,128,60,102,3,53,14,49,85,42,34,35,74"/><V131/><F131/><W69/><G74/><T135/><D15/><U56/><E38/><V97/><F41/><W20/><G3/><T23/><D23/><U61/><E133/><V52/><F109/><W47/><G128/><T4/><D4/><U88/><E103/><V18/><F10/><W110/><G115/><T129/><D98/><U122/><E122/><V1/><F1/><W11/><G110/><T51/><D129/><U58/><E7/><V127/><F52/><W71/><G102/><T31/><D31/><U75/><E75/><V90/><REACH who="2" step="1"/><F97/><REACH who="2" ten="350,116,319,195" step="2"/><W64/><G53/><T132/><D111/><U25/><E66/><V68/><F68/><W121/><G71/><T57/><D70/><U37/><E61/><V104/><F104/><W54/><G54/><T62/><D0/><U48/><E37/><V46/><F46/><W17/><G11/><T89/><D135/><U26/><E28/><V9/><F9/><W8/><G8/><T134/><D132/><U108/><E108/><V93/><F93/><W72/><G60/><T94/><D134/><U120/><E120/><V44/><F44/><W119/><G47/><T39/><D45/><U118/><E118/><V65/><F65/><W29/><G64/><T106/><D106/><U55/><E55/><V114/><F114/><W107/><G69/><T91/><D105/><U116/><E116/><V92/><F92/><W6/><G119/><T86/><D94/><U117/><E117/><V112/><F112/><W113/><G121/><T77/><D40/><U59/><E59/><V130/><F130/><W30/><G113/><RYUUKYOKU ba="1,2" sc="350,-10,116,-10,319,30,195,-10" hai2="18,22,27,32,33,78,79,84,90,95,124,125,127" /><INIT seed="6,2,2,5,1,52" ten="340,106,349,185" oya="2" hai0="131,5,32,65,46,120,0,97,73,10,71,119,115" hai1="98,134,103,16,102,109,68,107,11,87,54,108,104" hai2="91,132,64,96,17,33,27,70,62,111,14,67,55" hai3="126,100,60,2,77,19,56,31,117,93,74,63,12"/><V41/><F132/><W116/><G2/><T25/><D120/><U101/><E134/><V43/><F111/><W42/><G126/><T79/><D115/><U66/><E87/><V125/><F125/><W44/><G31/><N who="0" m="19567" /><D97/><U7/><E68/><V22/><F67/><W130/><G130/><T122/><D46/><U133/><E66/><V38/><F38/><W82/><G93/><T34/><D34/><U35/><E35/><V21/><F33/><W47/><G100/><T9/><D9/><U114/><E133/><V29/><F55/><W127/><G63/><N who="0" m="40383" /><D122/><U95/><E114/><V40/><F91/><W18/><G127/><T15/><D15/><U135/><E135/><V112/><REACH who="2" step="1"/><F96/><REACH who="2" ten="340,106,339,185" step="2"/><W49/><G117/><T85/><D119/><U113/><E113/><AGARI ba="2,3" hai="14,17,21,22,27,29,40,41,43,62,64,70,112,113" machi="113" ten="40,12000,1" yaku="1,1,2,1,53,3" doraHai="52" doraHaiUra="37" who="2" fromWho="1" sc="340,0,106,-126,339,156,185,0" owari="340,14.0,-20,-52.0,495,59.5,185,-21.5" /></mjloggm>