<mjloggm ver="2.3"><GO type="169" lobby="0"/><UN n0="%E9%81%A0%E8%BF%91%E9%99%B0%E6%99%B4%E7%9A%86%E5%85%A5%E5%BF%83" n1="%65%76%31%36%33%38%34" n2="%E3%81%A8%E3%82%8D%E3%82%8D%E3%81%9D%E3%81%B0" n3="%E3%81%97%E3%82%87%E3%81%BC%E3%82%93%EF%BD%8E" dan="17,17,17,17" rate="2174.17,2151.74,2251.26,2254.67" sx="F,M,M,M"/><TAIKYOKU oya="0"/><INIT seed="0,0,0,3,1,92" ten="250,250,250,250" oya="0" hai0="123,40,100,93,79,111,61,112,115,78,53,23,83" hai1="0,30,118,126,99,63,73,3,48,41,56,60,122" hai2="26,34,85,8,84,32,89,128,64,133,52,88,135" hai3="108,101,47,97,20,75,33,94,65,37,15,95,76"/><T90/><D123/><U31/><E73/><V2/><F64/><W116/><G116/><T74/><D40/><U14/><E118/><V42/><F42/><W130/><G33/><T58/><D23/><U117/><E117/><V19/><F128/><W103/><G108/><T114/><D111/><U18/><E3/><V25/><F2/><W105/><G130/><T44/><D44/><U127/><E0/><V51/><F8/><W13/><G65/><T134/><D79/><U28/><E122/><V87/><F19/><W21/><G76/><T81/><D134/><N who="2" m="51210" /><F25/><W66/><G66/><T1/><D1/><U22/><E127/><V91/><F26/><W5/><G75/><T107/><D83/><U102/><E126/><V38/><F38/><W71/><G105/><T17/><D17/><U4/><E4/><V98/><F98/><W7/><G71/><T36/><D36/><U119/><E119/><V49/><F49/><W45/><G37/><T69/><D69/><U86/><E86/><V39/><F39/><W109/><G109/><T54/><D54/><N who="1" m="31815" /><E41/><V27/><F27/><W11/><G11/><T72/><D72/><U50/><E50/><V9/><F9/><W6/><G6/><T43/><D43/><U29/><N who="1" m="7168" /><DORA hai="12" /><U68/><E68/><V120/><F120/><W131/><G131/><T82/><D82/><U67/><E67/><V62/><F62/><W124/><G124/><T132/><D132/><U121/><E121/><V77/><F77/><W125/><G125/><T59/><D115/><U16/><E18/><V96/><F96/><AGARI ba="0,0" hai="5,7,13,15,20,21,45,47,94,95,96,97,101,103" machi="96" ten="25,8000,1" yaku="22,2,8,1,52,2" doraHai="92,12" who="3" fromWho="2" sc="250,0,250,0,250,-80,250,80" /><INIT seed="1,0,0,5,0,41" ten="250,250,170,330" oya="1" hai0="20,113,23,36,60,26,107,24,3,90,39,1,118" hai1="115,45,64,58,93,128,7,85,80,97,46,16,4" hai2="130,61,43,94,51,114,96,88,12,102,47,100,34" hai3="99,78,103,119,66,105,8,57,6,127,10,122,124"/><U106/><E106/><V79/><F130/><W55/><G122/><T30/><D113/><U135/><E135/><V83/><F34/><W42/><G119/><T35/><D107/><U63/><E128/><V53/><F114/><W71/><G78/><T31/><D60/><U11/><E115/><V74/><F12/><W17/><G42/><T121/><D90/><U49/><E49/><V50/><REACH who="2" step="1"/><F61/><REACH who="2" ten="250,250,160,330" step="2"/><W28/><G124/><T131/><D131/><U62/><E63/><V14/><F14/><W87/><G127/><T65/><D118/><U110/><E110/><V21/><F21/><W120/><G10/><T134/><D35/><U92/><E7/><V109/><F109/><W104/><G8/><T33/><D33/><U5/><E4/><V116/><F116/><W48/><G6/><T126/><D126/><U52/><E5/><V2/><F2/><W81/><G120/><T117/><D117/><U37/><E64/><V108/><F108/><W77/><G66/><T111/><D111/><U22/><E11/><V9/><F9/><W44/><G71/><T19/><D65/><U40/><E22/><V70/><F70/><W133/><G133/><T132/><D121/><U91/><E62/><V69/><F69/><W68/><G68/><T125/><D125/><U101/><E37/><V84/><F84/><W89/><G87/><T73/><D73/><U67/><E67/><V18/><F18/><AGARI ba="0,1" hai="1,3,18,19,20,23,24,26,30,31,36,39,132,134" machi="18" ten="25,1600,0" yaku="22,2" doraHai="41" who="0" fromWho="2" sc="250,26,250,0,160,-16,330,0" /><INIT seed="2,0,0,3,1,90" ten="276,250,144,330" oya="2" hai0="108,120,55,6,82,72,56,59,128,10,39,97,67" hai1="68,80,115,118,33,1,73,60,103,79,81,116,117" hai2="112,31,94,46,96,45,110,87,78,95,102,25,20" hai3="119,83,27,47,12,89,123,18,11,3,129,92,7"/><V17/><F112/><W85/><G119/><T75/><D39/><U16/><E115/><V124/><F124/><W91/><G123/><T111/><D120/><U58/><E33/><V98/><F110/><N who="0" m="42026" /><D128/><U74/><E1/><V131/><F131/><W93/><G129/><T88/><D67/><U86/><E68/><V76/><F31/><W70/><G70/><T64/><D64/><U99/><E58/><V35/><F35/><W30/><G47/><N who="2" m="17929" /><F87/><W43/><G43/><T2/><D59/><U44/><E60/><V49/><F49/><W122/><G122/><T38/><D38/><U69/><E44/><V57/><F57/><W36/><G36/><T28/><D28/><U125/><E69/><V41/><F41/><W66/><G66/><T53/><D53/><U107/><E125/><V100/><AGARI ba="0,0" hai="17,20,25,76,78,94,95,96,98,100,102" m="17929" machi="100" ten="30,6000,0" yaku="8,1,52,2" doraHai="90" who="2" fromWho="2" sc="276,-20,250,-20,144,60,330,-20" /><INIT seed="2,1,0,2,3,39" ten="256,230,204,310" oya="2" hai0="19,132,48,121,55,38,117,122,18,7,91,62,65" hai1="67,50,80,119,123,102,69,74,134,20,66,107,43" hai2="29,76,83,84,106,110,85,26,21,17,30,13,108" hai3="53,113,59,129,75,24,22,70,95,115,37,81,27"/><V128/><F106/><W12/><G70/><T97/><D7/><U63/><E119/><V73/><F128/><W89/><G37/><T11/><D117/><U32/><E67/><V2/><F2/><W96/><G129/><T56/><D132/><U78/><E134/><V93/><F30/><W35/><G35/><T131/><D131/><U103/><E123/><V86/><REACH who="2" step="1"/><F93/><REACH who="2" ten="256,230,194,310" step="2"/><W16/><G113/><T46/><D121/><U23/><E107/><V3/><F3/><W87/><G115/><T125/><D122/><U47/><REACH who="1" step="1"/><E32/><AGARI ba="1,1" hai="13,17,21,26,29,32,73,76,83,84,85,86,108,110" machi="32" ten="40,2000,0" yaku="1,1,53,0" doraHai="39" doraHaiUra="49" who="2" fromWho="1" sc="256,0,230,-23,194,33,310,0" /><INIT seed="2,2,0,1,5,15" ten="256,207,227,310" oya="2" hai0="50,4,46,6,54,72,103,36,20,13,83,131,97" hai1="44,106,56,32,76,128,105,87,113,71,94,49,73" hai2="21,85,22,117,127,114,43,80,0,12,130,89,100" hai3="35,101,91,39,112,63,119,123,26,29,30,38,129"/><V53/><F0/><W27/><G119/><T10/><D131/><U8/><E71/><V116/><F114/><W5/><G123/><T86/><D72/><U98/><E113/><V81/><F130/><W111/><G129/><T52/><D36/><U121/><E32/><V90/><F127/><W135/><G112/><T125/><D125/><U84/><E56/><V95/><F43/><W1/><G91/><T118/><D118/><U60/><E60/><V96/><F53/><W41/><G101/><T134/><D134/><U110/><E128/><V133/><F133/><W82/><G82/><T17/><D20/><U42/><E110/><V102/><F102/><W75/><G75/><T104/><REACH who="0" step="1"/><D54/><REACH who="0" ten="246,207,227,310" step="2"/><U9/><E73/><V57/><F22/><W115/><G39/><T37/><D37/><U7/><E121/><V51/><F117/><W2/><G38/><T68/><D68/><U48/><E9/><V47/><F116/><W108/><G135/><T61/><D61/><U132/><E132/><V77/><F57/><W58/><G115/><T126/><D126/><U3/><E49/><V28/><F51/><W19/><G58/><T74/><D74/><U45/><E48/><V31/><F47/><W124/><G124/><T25/><D25/><U69/><E69/><V109/><F109/><W11/><G63/><T64/><D64/><U40/><E45/><V33/><F33/><N who="3" m="20663" /><G41/><T88/><AGARI ba="2,1" hai="4,6,10,13,17,46,50,52,83,86,88,97,103,104" machi="88" ten="20,16000,3" yaku="1,1,0,1,7,1,25,2,52,1,54,2,53,0" doraHai="15" doraHaiUra="70" who="0" fromWho="0" sc="246,176,207,-42,227,-82,310,-42" /><INIT seed="3,0,0,0,4,7" ten="422,165,145,268" oya="3" hai0="129,106,64,17,113,25,132,93,110,121,130,20,100" hai1="9,103,112,39,67,54,70,33,98,5,71,2,87" hai2="91,74,8,115,125,105,1,73,84,63,82,60,15" hai3="29,42,116,10,53,65,97,126,135,34,117,52,83"/><W50/><G135/><T90/><D121/><U56/><E112/><V78/><F115/><W44/><G126/><T127/><D113/><U27/><E39/><V101/><F125/><W0/><G65/><T46/><D127/><U21/><E33/><V95/><F1/><W104/><G34/><T94/><D132/><U69/><E87/><V72/><F63/><W12/><G29/><T76/><D76/><U77/><E77/><V14/><F14/><W26/><G26/><T111/><D46/><U45/><E45/><V49/><F49/><W66/><G66/><T36/><D36/><U47/><E47/><V114/><F60/><W18/><G83/><T41/><D41/><U40/><E40/><V24/><F24/><W48/><G0/><T88/><D106/><U61/><E54/><V30/><F30/><W131/><G131/><N who="0" m="50187" /><D100/><U35/><E35/><V128/><F114/><W55/><REACH who="3" step="1"/><G48/><REACH who="3" ten="422,165,145,258" step="2"/><T134/><D64/><U107/><REACH who="1" step="1"/><E71/><REACH who="1" ten="422,155,145,258" step="2"/><V31/><F128/><W68/><G68/><T28/><D134/><U120/><E120/><V123/><F123/><W75/><G75/><T38/><D38/><U19/><AGARI ba="0,2" hai="2,5,9,19,21,27,56,61,67,69,70,98,103,107" machi="19" ten="20,5200,0" yaku="1,1,0,1,7,1,52,1,53,0" doraHai="7" doraHaiUra="122" who="1" fromWho="1" sc="422,-13,155,72,145,-13,258,-26" /><INIT seed="4,0,0,3,3,42" ten="409,227,132,232" oya="0" hai0="108,40,36,94,48,63,24,22,80,9,102,74,103" hai1="131,92,122,85,96,37,35,66,93,119,0,82,128" hai2="106,120,21,99,70,60,104,39,105,114,91,71,112" hai3="20,133,28,30,81,115,124,29,58,107,12,53,77"/><T27/><D36/><U73/><E35/><V72/><F21/><W50/><G107/><T32/><D108/><U90/><E0/><V67/><F120/><W43/><G115/><T11/><D32/><U6/><E6/><V113/><F72/><W34/><G124/><T41/><D74/><U65/><E37/><V5/><F5/><W55/><G133/><T25/><D80/><U26/><E26/><N who="0" m="10345" /><D63/><U101/><E122/><V1/><F1/><W56/><G34/><T19/><D94/><U59/><E59/><V38/><REACH who="2" step="1"/><F71/><REACH who="2" ten="409,227,122,232" step="2"/><W2/><G2/><T97/><D9/><U64/><E119/><V111/><F111/><W86/><G20/><T125/><D11/><U46/><E73/><V23/><F23/><W88/><G12/><T127/><D125/><U123/><E123/><V121/><F121/><W4/><G4/><T126/><D127/><U54/><E131/><V13/><F13/><W45/><G77/><T8/><D126/><U33/><E128/><V31/><F31/><W84/><G29/><T83/><D8/><U98/><E33/><V100/><F100/><W62/><REACH who="3" step="1"/><G84/><REACH who="3" ten="409,227,122,222" step="2"/><T68/><D22/><U52/><E85/><V135/><F135/><W132/><G132/><T95/><D27/><U47/><E82/><V116/><F116/><W49/><AGARI ba="0,2" hai="28,30,43,45,49,50,53,55,56,58,62,81,86,88" machi="49" ten="20,12000,2" yaku="1,1,0,1,7,1,8,1,52,1,54,1,53,0" doraHai="42" doraHaiUra="118" who="3" fromWho="3" sc="409,-60,227,-30,122,-30,222,140" /><INIT seed="5,0,0,2,4,16" ten="349,197,92,362" oya="1" hai0="101,34,68,118,64,15,104,120,35,28,70,8,4" hai1="25,65,44,38,77,43,127,97,45,57,130,71,21" hai2="110,94,105,121,37,111,0,103,86,10,39,99,40" hai3="89,27,75,48,59,131,112,119,3,80,106,1,32"/><U87/><E130/><V82/><F121/><W14/><G106/><T56/><D118/><U5/><E127/><V63/><F63/><W17/><G112/><T108/><D108/><U73/><E5/><V83/><F83/><W47/><G59/><T36/><D36/><U124/><E124/><V31/><F39/><W19/><G19/><T81/><D120/><U26/><E45/><V24/><F105/><W55/><G131/><T12/><D35/><U9/><E9/><V50/><F37/><W30/><G119/><T88/><D101/><U102/><E26/><V107/><F107/><W54/><G54/><T133/><D104/><U11/><E11/><V51/><F0/><W85/><G75/><T117/><D133/><U126/><E126/><V33/><F10/><AGARI ba="0,0" hai="1,3,10,14,17,27,30,32,47,48,55,80,85,89" machi="10" ten="30,3900,0" yaku="7,1,25,2" doraHai="16" who="3" fromWho="2" sc="349,0,197,0,92,-39,362,39" /><INIT seed="6,0,0,5,4,63" ten="349,197,53,401" oya="2" hai0="11,104,112,33,53,122,97,43,84,98,133,102,83" hai1="6,45,124,60,13,76,99,20,128,29,23,118,52" hai2="59,24,47,2,54,50,66,14,58,46,38,109,107" hai3="61,111,134,115,26,89,19,94,119,8,85,108,57"/><V74/><F2/><W42/><G119/><T121/><D33/><U135/><E118/><V64/><F74/><W49/><G134/><T10/><D43/><U68/><E135/><V40/><F107/><W3/><G115/><T62/><D133/><U35/><E35/><V80/><F80/><W100/><G100/><T18/><D112/><U9/><E128/><V36/><F14/><W95/><G95/><T81/><D97/><U48/><E124/><V125/><F24/><W15/><G3/><T39/><D39/><N who="2" m="14890" /><F125/><W126/><G126/><T71/><D81/><U44/><E76/><V32/><F32/><W41/><G26/><T7/><D18/><U120/><E29/><V28/><F28/><W113/><G113/><T88/><D11/><U106/><E23/><V67/><F109/><W70/><G108/><T69/><D121/><U77/><E120/><V82/><F82/><W37/><G111/><T123/><D122/><U87/><E20/><V5/><F5/><W16/><G19/><T91/><D123/><U75/><E75/><V78/><F78/><W4/><G4/><T31/><D31/><U12/><E77/><V105/><F105/><W96/><G96/><T21/><D21/><U34/><E34/><V93/><F93/><W25/><G25/><T132/><D132/><U110/><E110/><V116/><F116/><W0/><G0/><T17/><D17/><U56/><E13/><V51/><AGARI ba="0,0" hai="40,46,47,50,51,54,58,59,64,66,67" m="14890" machi="51" ten="40,24000,3" yaku="35,5,52,3" doraHai="63" who="2" fromWho="2" sc="349,-80,197,-80,53,240,401,-80" /><INIT seed="6,1,0,4,1,4" ten="269,117,293,321" oya="2" hai0="68,59,78,96,31,105,36,0,120,86,65,88,42" hai1="55,16,122,6,83,117,27,8,23,17,28,118,56" hai2="89,40,129,33,54,46,21,95,124,123,18,13,77" hai3="102,19,9,106,52,85,38,115,72,107,92,76,126"/><V125/><F123/><W134/><G38/><T39/><D120/><U127/><E127/><V114/><F114/><W7/><G126/><T64/><D0/><U58/><E122/><V101/><F129/><W12/><G134/><T35/><D65/><U51/><E118/><V66/><F33/><W22/><G72/><T74/><D42/><U104/><E104/><V69/><F101/><W45/><G115/><T41/><D41/><U70/><E70/><V34/><F34/><W15/><G76/><T11/><D68/><U87/><E58/><V130/><F77/><W128/><G128/><T103/><D31/><U73/><E73/><V61/><F54/><W79/><G79/><T24/><D24/><U93/><E93/><V75/><F75/><W5/><G5/><T131/><D35/><U109/><E109/><V3/><F3/><W94/><G94/><T57/><D64/><U25/><E25/><V53/><F53/><W90/><G102/><T132/><D132/><U44/><E56/><V37/><REACH who="2" step="1"/><F130/><REACH who="2" ten="269,117,283,321" step="2"/><W111/><G111/><T82/><D131/><U116/><E116/><V108/><F108/><W48/><AGARI ba="1,1" hai="7,9,12,15,19,22,45,48,52,85,90,92,106,107" machi="48" ten="30,4000,0" yaku="0,1,52,1,54,1" doraHai="4" who="3" fromWho="3" sc="269,-11,117,-11,283,-21,321,53" /><INIT seed="7,0,0,5,3,120" ten="258,106,262,374" oya="3" hai0="68,102,35,115,88,65,45,135,47,71,67,83,56" hai1="26,91,101,38,28,80,108,126,52,133,111,31,110" hai2="81,97,119,29,116,70,6,59,78,94,42,118,54" hai3="46,39,4,131,63,72,128,112,13,48,17,93,107"/><W32/><G107/><T10/><D35/><U14/><E38/><V30/><F70/><W50/><G72/><T7/><D102/><U73/><E133/><V57/><F6/><W21/><G39/><T24/><D135/><U20/><E126/><V122/><F42/><W11/><G32/><T64/><D115/><U74/><E31/><V82/><F122/><W60/><G50/><T51/><D24/><U86/><E101/><V100/><F59/><W98/><G93/><T27/><D27/><U9/><E52/><V1/><F1/><W75/><G98/><T2/><D68/><U129/><E129/><V114/><F114/><W95/><G95/><T103/><D103/><U89/><E89/><V12/><F12/><W130/><G75/><T123/><D71/><U22/><E22/><V84/><REACH who="2" step="1"/><F82/><REACH who="2" ten="258,106,252,374" step="2"/><W33/><G112/><T109/><D123/><U5/><E74/><V8/><F8/><W76/><G11/><T121/><D121/><U36/><E36/><V40/><F40/><W37/><G13/><T55/><REACH who="0" step="1"/><D109/><REACH who="0" ten="248,106,252,374" step="2"/><U104/><REACH who="1" step="1"/><E73/><REACH who="1" ten="248,96,252,374" step="2"/><V44/><F44/><W92/><G46/><T79/><D79/><U66/><E66/><V3/><F3/><W53/><G76/><T69/><D69/><U41/><E41/><V15/><F15/><W43/><G43/><T113/><D113/><U23/><E23/><V105/><F105/><AGARI ba="0,3" hai="5,9,14,20,26,28,80,86,91,104,105,108,110,111" machi="105" ten="40,8000,1" yaku="1,1,52,3,53,0" doraHai="120" doraHaiUra="99" who="1" fromWho="2" sc="248,0,96,110,252,-80,374,0" owari="248,4.8,206,-19.4,172,-32.8,374,47.4" /></mjloggm>