<mjloggm ver="2.3"><GO type="169" lobby="0"/><UN n0="%E3%81%82%E3%81%8B%E3%82%8A%E3%82%8D%E3%82%93" n1="%79%7A%68%61%6E%67" n2="%48%41%43%4F" n3="%4D%72%52%41%4D%4F" dan="16,17,16,16" rate="2183.67,2176.06,2059.71,2156.87" sx="F,M,M,M"/><TAIKYOKU oya="0"/><INIT seed="0,0,0,5,3,130" ten="250,250,250,250" oya="0" hai0="91,39,109,100,73,126,45,15,64,66,125,75,129" hai1="114,69,79,62,88,68,25,8,34,11,5,71,47" hai2="7,95,84,104,31,51,80,35,28,115,74,78,116" hai3="61,60,38,86,1,43,19,58,18,2,21,122,49"/><T134/><D100/><U6/><E114/><V132/><F115/><W119/><G119/><T89/><D15/><U37/><E79/><V54/><F104/><W118/><G118/><T72/><D129/><U96/><E62/><V27/><F31/><W17/><G122/><T3/><D3/><U57/><E57/><V24/><F24/><W99/><G38/><T42/><D109/><U53/><E34/><V4/><F132/><W48/><G21/><T70/><D134/><U63/><E63/><V82/><F95/><W16/><N who="3" m="4096" /><DORA hai="127" /><W65/><G86/><T106/><D106/><U0/><E25/><V77/><REACH who="2" step="1"/><F116/><REACH who="2" ten="250,250,240,250" step="2"/><W131/><G131/><T29/><D29/><U46/><E5/><V26/><F26/><W117/><G117/><T30/><D30/><U14/><E6/><V111/><F111/><W124/><G124/><N who="0" m="47723" /><D70/><U56/><E68/><V52/><F52/><W87/><G43/><T105/><D105/><U120/><E53/><V44/><AGARI ba="0,1" hai="4,7,27,28,35,44,51,54,74,77,78,80,82,84" machi="44" ten="20,5200,0" yaku="1,1,0,1,7,1,53,1" doraHai="130,127" doraHaiUra="40,13" who="2" fromWho="2" sc="250,-26,250,-13,240,62,250,-13" /><INIT seed="1,0,0,4,2,132" ten="224,237,302,237" oya="1" hai0="2,86,40,103,19,24,21,94,49,130,18,68,9" hai1="96,134,106,25,17,75,99,30,35,23,85,61,22" hai2="120,105,43,115,97,125,100,67,112,83,128,60,45" hai3="93,74,92,81,95,91,64,33,129,62,4,28,46"/><U124/><E75/><V52/><F125/><W90/><G129/><T27/><D68/><U50/><E134/><V108/><F128/><W69/><G4/><T7/><D130/><U0/><E0/><V122/><F108/><W110/><G110/><T16/><D27/><U84/><E124/><V29/><F83/><W3/><G3/><T116/><D116/><U44/><E35/><V53/><F29/><W135/><G135/><T15/><D2/><U111/><E111/><V6/><F6/><W118/><G118/><T87/><D103/><U104/><E61/><V102/><F102/><W76/><REACH who="3" step="1"/><G46/><REACH who="3" ten="224,237,302,227" step="2"/><N who="0" m="25799" /><D94/><U8/><E104/><V57/><F122/><W10/><G10/><T117/><D117/><U47/><E8/><V26/><F120/><W11/><G11/><T82/><D86/><U114/><E106/><V38/><F26/><AGARI ba="0,1" hai="26,28,33,62,64,69,74,76,81,90,91,92,93,95" machi="26" ten="40,1300,0" yaku="1,1,53,0" doraHai="132" doraHaiUra="32" who="3" fromWho="2" sc="224,0,237,0,302,-13,227,23" /><INIT seed="2,0,0,2,2,34" ten="224,237,289,250" oya="2" hai0="52,129,61,123,93,108,92,4,112,124,33,21,12" hai1="128,116,68,56,55,40,90,51,121,113,104,119,73" hai2="84,31,117,133,28,54,75,77,63,122,17,89,38" hai3="32,24,22,25,37,69,19,70,98,65,111,47,80"/><V135/><F117/><W27/><G111/><T20/><D112/><U126/><E73/><V78/><F122/><W5/><G80/><T59/><D123/><U110/><E104/><V87/><F38/><W39/><G98/><T60/><D33/><U74/><E74/><V23/><F75/><W10/><G65/><T105/><D105/><U53/><E121/><V120/><F120/><W106/><G106/><T14/><D108/><U50/><E110/><V58/><F133/><W125/><G125/><T9/><D124/><U7/><E126/><V2/><F2/><W115/><G115/><T72/><D72/><U118/><E90/><V109/><F135/><W132/><G132/><T76/><D76/><U48/><E7/><V79/><F109/><W15/><G47/><T114/><D114/><U101/><E101/><V67/><F67/><W30/><REACH who="3" step="1"/><G27/><REACH who="3" ten="224,237,289,240" step="2"/><T3/><D129/><U13/><E113/><V46/><F46/><W97/><G97/><T96/><D92/><U41/><E128/><V91/><F84/><W82/><G82/><T16/><D61/><U42/><E13/><N who="2" m="9647" /><F91/><W44/><G44/><T71/><D71/><AGARI ba="0,1" hai="5,10,15,19,22,24,25,30,32,37,39,69,70,71" machi="71" ten="40,2600,0" yaku="1,1,53,1" doraHai="34" doraHaiUra="1" who="3" fromWho="0" sc="224,-26,237,0,289,0,240,36" /><INIT seed="3,0,0,5,1,34" ten="198,237,289,276" oya="3" hai0="65,125,95,108,51,114,90,64,0,91,81,115,6" hai1="88,4,2,135,129,79,94,18,92,123,37,113,118" hai2="21,70,128,32,107,76,119,61,24,60,75,116,93" hai3="71,132,9,15,8,45,30,41,17,78,40,49,28"/><W103/><G71/><T102/><D108/><U131/><E123/><V106/><F93/><W43/><G132/><T124/><D51/><U67/><E113/><N who="0" m="43017" /><D102/><U5/><E37/><V87/><F87/><W98/><G78/><T99/><D81/><U35/><E135/><V42/><F42/><W7/><G41/><T66/><D90/><U73/><E35/><V10/><F10/><AGARI ba="0,0" hai="0,6,10,64,65,66,91,95,99,124,125" m="43017" machi="10" ten="40,2600,0" yaku="11,1,52,1" doraHai="34" who="0" fromWho="2" sc="198,26,237,0,289,-26,276,0" /><INIT seed="4,0,0,2,1,110" ten="224,237,263,276" oya="0" hai0="14,61,62,6,59,122,91,43,9,82,48,75,116" hai1="28,73,115,18,134,51,5,77,39,54,113,102,85" hai2="99,101,88,52,87,98,96,78,80,132,125,119,70" hai3="36,114,55,111,27,46,71,31,128,84,25,93,8"/><T32/><D116/><U86/><E39/><V47/><F70/><W44/><G111/><T79/><D122/><U121/><E121/><V4/><F132/><W133/><G71/><T37/><D32/><U21/><E134/><V65/><F125/><W63/><G133/><T0/><D14/><U74/><E28/><V26/><F65/><W7/><G128/><T120/><D120/><U83/><E102/><V68/><F68/><W1/><G36/><T104/><D104/><U35/><E5/><V112/><F4/><W118/><G118/><T53/><REACH who="0" step="1"/><D91/><REACH who="0" ten="214,237,263,276" step="2"/><U126/><E35/><V3/><F119/><W107/><G107/><T123/><D123/><U92/><E126/><V11/><F26/><W40/><G27/><T72/><D72/><U50/><E74/><V57/><F3/><W20/><G25/><T23/><D23/><U12/><E73/><V108/><F108/><W95/><G20/><T81/><D81/><U69/><E69/><V34/><F34/><W103/><G1/><T41/><D41/><U109/><E109/><V67/><F88/><W10/><G40/><T38/><D38/><U94/><E85/><V30/><F87/><W2/><G2/><T124/><D124/><U64/><E64/><V117/><F67/><W13/><G84/><T129/><D129/><U90/><E90/><V15/><F117/><W135/><G135/><T127/><D127/><U56/><REACH who="1" step="1"/><E51/><REACH who="1" ten="214,227,263,276" step="2"/><N who="2" m="28799" /><F101/><W89/><G103/><T17/><D17/><U100/><E100/><V131/><F131/><W97/><G89/><T33/><D33/><U76/><E76/><V49/><F78/><RYUUKYOKU ba="0,2" sc="214,15,227,15,263,-15,276,-15" hai0="0,6,9,37,43,48,53,59,61,62,75,79,82" hai1="12,18,21,50,54,56,77,83,86,92,94,113,115" /><INIT seed="4,1,2,4,2,55" ten="229,242,248,261" oya="0" hai0="46,122,61,42,67,77,54,53,37,56,49,103,20" hai1="41,89,13,44,71,125,66,85,86,28,4,79,128" hai2="119,11,84,16,51,65,5,73,80,117,95,109,10" hai3="72,29,30,17,36,22,31,75,88,23,132,133,106"/><T114/><D77/><U0/><E0/><V52/><F109/><W43/><G106/><T26/><D122/><U127/><E28/><V99/><F73/><N who="3" m="28235" /><G17/><T97/><D114/><U35/><E35/><V9/><F65/><W12/><G12/><T58/><D37/><U3/><E3/><V113/><F113/><W19/><G19/><T108/><D108/><U76/><E128/><V64/><F64/><W90/><G43/><T131/><D131/><U91/><E71/><V60/><F60/><W115/><G36/><T130/><D130/><U107/><E66/><V8/><F5/><W70/><G70/><T105/><REACH who="0" step="1"/><D58/><REACH who="0" ten="219,242,248,261" step="2"/><U104/><E76/><N who="2" m="46087" /><F119/><W2/><G115/><T48/><D48/><U78/><E79/><V47/><F117/><W98/><G133/><T111/><D111/><U27/><E78/><V14/><F8/><W93/><G132/><T69/><D69/><U1/><E44/><V18/><F14/><W92/><G2/><T63/><D63/><U59/><E1/><V87/><F11/><W74/><G74/><T25/><D25/><U94/><E27/><V38/><F10/><W21/><G98/><T121/><D121/><U123/><E123/><V15/><F15/><W50/><G50/><T62/><D62/><U81/><E13/><V32/><F9/><W45/><G45/><T7/><D7/><U110/><E4/><V83/><F38/><W96/><G96/><T135/><D135/><U39/><E110/><V118/><F118/><W120/><G120/><T124/><D124/><N who="1" m="47691" /><E59/><N who="2" m="33183" /><F99/><W6/><G6/><T82/><D82/><U33/><E33/><RYUUKYOKU ba="1,3" sc="219,10,242,10,248,-30,261,10" hai0="20,26,42,46,49,53,54,56,61,67,97,103,105" hai1="39,41,81,85,86,89,91,94,104,107" hai3="21,22,23,29,30,31,88,90,92,93" /><INIT seed="4,2,3,3,5,98" ten="229,252,218,271" oya="0" hai0="116,15,30,18,114,8,89,76,128,74,29,126,50" hai1="99,61,62,65,53,129,27,24,54,44,26,97,5" hai2="64,47,68,111,107,81,121,55,2,78,9,120,51" hai3="59,37,90,102,91,56,17,119,33,1,96,14,38"/><T83/><D116/><U73/><E73/><V95/><F111/><W20/><G1/><T21/><D114/><U69/><E129/><V67/><F107/><W130/><G33/><T71/><D71/><U106/><E5/><V7/><F95/><W43/><G119/><T101/><D128/><U72/><E72/><V122/><REACH who="2" step="1"/><F68/><REACH who="2" ten="229,252,208,271" step="2"/><W132/><G130/><T79/><D126/><U12/><E106/><V135/><F135/><W131/><G132/><T46/><D76/><U77/><E77/><V42/><F42/><W48/><G131/><T75/><D75/><AGARI ba="2,4" hai="2,7,9,47,51,55,64,67,75,78,81,120,121,122" machi="75" ten="40,1300,0" yaku="1,1,53,0" doraHai="98" doraHaiUra="100" who="2" fromWho="0" sc="229,-19,252,0,208,59,271,0" /><INIT seed="5,0,0,3,5,79" ten="210,252,267,271" oya="1" hai0="102,126,10,83,119,48,49,1,76,33,3,89,96" hai1="57,15,99,90,67,134,30,16,130,51,59,44,88" hai2="19,24,27,31,75,40,103,78,87,72,110,95,41" hai3="92,135,107,86,118,39,131,73,46,80,106,62,121"/><U85/><E134/><V94/><F110/><W71/><G121/><T74/><D119/><U34/><E34/><V66/><F66/><W113/><G135/><T47/><D126/><U115/><E30/><V132/><F132/><W58/><G118/><T28/><D89/><U6/><E6/><V81/><F75/><W54/><G113/><T13/><D28/><U114/><E130/><V52/><F72/><W38/><G131/><T93/><D33/><U65/><E99/><V9/><F31/><W23/><G23/><T29/><D29/><U53/><E114/><V32/><F32/><W43/><G39/><T42/><REACH who="0" step="1"/><D48/><REACH who="0" ten="200,252,267,271" step="2"/><U64/><E115/><V2/><F103/><W120/><G120/><T21/><D21/><N who="1" m="11423" /><E90/><V68/><F27/><W17/><G38/><T61/><D61/><U4/><E4/><AGARI ba="0,1" hai="1,3,4,10,13,42,47,49,74,76,83,93,96,102" machi="4" ten="30,3900,0" yaku="1,1,7,1,52,1,53,0" doraHai="79" doraHaiUra="123" who="0" fromWho="1" sc="200,49,252,-39,267,0,271,0" /><INIT seed="6,0,0,0,2,93" ten="249,213,267,271" oya="2" hai0="21,120,124,67,3,110,59,64,43,80,65,131,118" hai1="17,112,105,12,42,46,45,62,69,134,85,107,31" hai2="29,58,34,48,88,91,47,35,79,41,70,16,36" hai3="83,68,14,114,19,125,71,27,4,54,33,49,20"/><V132/><F70/><W95/><G125/><T76/><D110/><U100/><E112/><V56/><F132/><W102/><G114/><T128/><D120/><U15/><E134/><V104/><F104/><W40/><G40/><T28/><D3/><U75/><E75/><V119/><F119/><W94/><G71/><T111/><D111/><U89/><E31/><V32/><F29/><W44/><G68/><T101/><D43/><U10/><E45/><V98/><F79/><W129/><G129/><N who="0" m="49739" /><D124/><U52/><E12/><V78/><F78/><W135/><G135/><T39/><D39/><U84/><E84/><V73/><F73/><W86/><G102/><T57/><D101/><U26/><E26/><V127/><F127/><W2/><G2/><T108/><D108/><U8/><E8/><V103/><F16/><W9/><REACH who="3" step="1"/><G33/><REACH who="3" ten="249,213,267,261" step="2"/><T113/><D113/><U6/><E100/><V37/><F34/><W1/><G1/><T126/><D126/><U23/><E69/><V18/><F35/><W130/><G130/><T87/><D118/><U7/><E42/><V25/><F32/><W5/><G5/><T77/><D76/><AGARI ba="0,1" hai="4,9,14,19,20,27,44,49,54,76,83,86,94,95" machi="76" ten="30,3900,0" yaku="1,1,7,1,8,1,53,0" doraHai="93" doraHaiUra="96" who="3" fromWho="0" sc="249,-39,213,0,267,0,261,49" /><INIT seed="7,0,0,3,3,45" ten="210,213,267,310" oya="3" hai0="49,83,13,39,127,95,54,50,123,110,121,103,38" hai1="4,81,104,43,6,105,109,30,37,15,90,1,16" hai2="129,94,22,101,41,131,53,21,132,51,85,69,19" hai3="46,112,11,17,60,8,88,86,27,116,12,122,71"/><W33/><G116/><T82/><D110/><U113/><E109/><V61/><F41/><W135/><G122/><T58/><D127/><U24/><E113/><V84/><F101/><W73/><G73/><T87/><D121/><U42/><E37/><V89/><F84/><W40/><G112/><T77/><D123/><U99/><E105/><V79/><F79/><W36/><G135/><T133/><D133/><U91/><E104/><V3/><F3/><W118/><G118/><T23/><D38/><U67/><E67/><N who="2" m="41199" /><F19/><W107/><G107/><T119/><D39/><U62/><E62/><V29/><F29/><W44/><G44/><T72/><D119/><U64/><E64/><V100/><F100/><W128/><G60/><N who="0" m="35927" /><D72/><U57/><E57/><N who="2" m="32959" /><F132/><W68/><G11/><T120/><D120/><U14/><E1/><V117/><F117/><W92/><G128/><AGARI ba="0,0" hai="21,22,85,89,94,128,129,131" m="32959,41199" machi="128" ten="30,2000,0" yaku="19,1,52,1" doraHai="45" who="2" fromWho="3" sc="210,0,213,0,267,20,310,-20" /><INIT seed="8,0,0,3,5,98" ten="210,213,287,290" oya="0" hai0="76,107,24,87,41,35,40,23,79,28,25,54,57" hai1="14,10,16,68,49,114,43,108,109,26,53,48,88" hai2="92,74,70,126,83,9,121,104,91,32,124,42,130" hai3="15,63,55,69,71,75,134,59,131,112,95,80,128"/><T36/><D107/><U65/><E114/><V102/><F70/><W93/><G112/><T17/><D36/><U12/><E26/><V27/><F121/><W62/><G15/><T13/><D25/><U113/><E113/><V5/><F42/><W117/><G117/><T51/><REACH who="0" step="1"/><D76/><REACH who="0" ten="200,213,287,290" step="2"/><U96/><E108/><V7/><F27/><W44/><G134/><T99/><D99/><U8/><E109/><V86/><F104/><W31/><G31/><T123/><D123/><U133/><E133/><V22/><F126/><W2/><G131/><T56/><D56/><U119/><E119/><V34/><F124/><W38/><G128/><T61/><D61/><U21/><E68/><V129/><F130/><W4/><G63/><T90/><D90/><U82/><E65/><V64/><F64/><W81/><G71/><T50/><D50/><U47/><E12/><V122/><F91/><W18/><G69/><T3/><D3/><U127/><E127/><V11/><F122/><W135/><G135/><T0/><D0/><U125/><E125/><V45/><F129/><W60/><G60/><T111/><D111/><U101/><E101/><V6/><F102/><W30/><G30/><T115/><D115/><U52/><E96/><V58/><F58/><W100/><G100/><T33/><D33/><U110/><E110/><V118/><F34/><W103/><G103/><T29/><D29/><U106/><E106/><V46/><F32/><W19/><G2/><T105/><D105/><U72/><E88/><V85/><F118/><W78/><G78/><T84/><D84/><U20/><E49/><RYUUKYOKU ba="0,1" sc="200,30,213,-10,287,-10,290,-10" hai0="13,17,23,24,28,35,40,41,51,54,57,79,87" /><INIT seed="8,1,1,5,5,40" ten="230,203,277,280" oya="0" hai0="28,108,9,31,1,29,53,33,41,83,118,121,24" hai1="122,26,47,107,91,124,61,116,123,114,27,8,80" hai2="90,129,82,74,84,130,0,12,101,16,64,103,125" hai3="44,79,10,100,131,25,17,49,55,11,126,93,135"/><T70/><D118/><U3/><E116/><V22/><F125/><W77/><G126/><T48/><D121/><U20/><E124/><V56/><F0/><W102/><G131/><N who="2" m="50185" /><F74/><W133/><G10/><T113/><D113/><U117/><E117/><V32/><F32/><W89/><G133/><T88/><D70/><U42/><E114/><V115/><F115/><W15/><G25/><T73/><D41/><U86/><E107/><V119/><F119/><W63/><G63/><AGARI ba="1,1" hai="12,16,22,56,63,64,82,84,90,101,103" m="50185" machi="63" ten="30,2000,0" yaku="19,1,54,1" doraHai="40" who="2" fromWho="3" sc="230,0,203,0,277,33,280,-23" owari="230,-17.0,203,-29.7,310,41.0,257,5.7" /></mjloggm>