<mjloggm ver="2.3"><GO type="169" lobby="0"/><UN n0="%E6%98%8E%E6%98%9F%E5%B8%82%E6%B0%91" n1="%E8%80%81%E6%A5%BD" n2="%73%79%75%70%6F%6E" n3="%70%6F%6E%2D%65%6E" dan="16,17,17,16" rate="2146.88,2218.55,2218.82,2112.46" sx="M,M,M,F"/><TAIKYOKU oya="0"/><INIT seed="0,0,0,5,1,115" ten="250,250,250,250" oya="0" hai0="32,122,104,107,95,93,84,117,132,20,5,70,71" hai1="10,8,14,36,39,23,130,17,67,87,2,73,27" hai2="69,105,78,94,86,119,47,37,89,7,133,18,108" hai3="45,88,22,49,112,61,30,118,111,79,114,101,48"/><T52/><D32/><U33/><E73/><V0/><F69/><W62/><G118/><T77/><D5/><N who="1" m="1079" /><E87/><V68/><F68/><W16/><G111/><T97/><D117/><U81/><E81/><V40/><F108/><W56/><G30/><T28/><D132/><U100/><E67/><V75/><F105/><W91/><G101/><T1/><D1/><U135/><E100/><V26/><F133/><W131/><G131/><T124/><D124/><U90/><E90/><N who="3" m="34346" /><G79/><T42/><D42/><U43/><E43/><V85/><F18/><W127/><G127/><T50/><D122/><U15/><E135/><V66/><F26/><N who="3" m="14663" /><G114/><T3/><D3/><U76/><E76/><V129/><F129/><W96/><G96/><T21/><D97/><U82/><E82/><V51/><F85/><W72/><G72/><T57/><D107/><U64/><E130/><V134/><F134/><W59/><G112/><T55/><D104/><U19/><E64/><V80/><F66/><N who="3" m="39207" /><G45/><N who="0" m="27727" /><D71/><U103/><E103/><V53/><F119/><W128/><G128/><T35/><D35/><U116/><E116/><V41/><F37/><W44/><G44/><T74/><D74/><U46/><E46/><V125/><F125/><W60/><G60/><N who="0" m="35903" /><D70/><U99/><E99/><V24/><F75/><W13/><G13/><T106/><D106/><U109/><E109/><V102/><F102/><W12/><G12/><T54/><D54/><AGARI ba="0,0" hai="48,49,54,59,62" m="39207,14663,34346" machi="54" ten="30,3900,0" yaku="8,1,54,2" doraHai="115" who="3" fromWho="0" sc="250,-39,250,0,250,0,250,39" /><INIT seed="1,0,0,0,0,26" ten="211,250,250,289" oya="1" hai0="115,66,52,1,4,24,62,101,106,55,19,46,96" hai1="75,0,3,15,81,18,36,33,102,27,74,17,6" hai2="5,67,131,25,30,57,109,64,10,12,79,108,11" hai3="105,99,123,127,91,54,100,42,37,41,112,32,92"/><U47/><E102/><V120/><F120/><W16/><G123/><T60/><D115/><U85/><E36/><V84/><F131/><W117/><G112/><T43/><D1/><U40/><E6/><V103/><F103/><W63/><G127/><T69/><D4/><U78/><E0/><V48/><F11/><W7/><G117/><T35/><D19/><U86/><E3/><V93/><F48/><W20/><G32/><T45/><D62/><U76/><E47/><V132/><F132/><W9/><G37/><T68/><D68/><U28/><E40/><V90/><F79/><W31/><G31/><N who="0" m="19943" /><D46/><U125/><E125/><V80/><F80/><W2/><G54/><T128/><D128/><U129/><E129/><V122/><F122/><W133/><G63/><T49/><AGARI ba="0,0" hai="43,45,49,52,55,60,66,69,96,101,106" m="19943" machi="49" ten="30,4000,0" yaku="25,1,52,1,54,1" doraHai="26" who="0" fromWho="0" sc="211,40,250,-20,250,-10,289,-10" /><INIT seed="2,0,0,4,0,93" ten="251,230,240,279" oya="2" hai0="57,69,11,81,22,9,76,79,62,18,43,84,50" hai1="88,61,87,89,68,7,33,60,16,40,92,25,14" hai2="73,131,51,6,108,124,15,39,91,114,86,85,48" hai3="90,117,55,134,20,29,37,4,63,113,135,27,2"/><V82/><F39/><W59/><G117/><T64/><D76/><U129/><E129/><V83/><F73/><W109/><G109/><T112/><D112/><U66/><E40/><V78/><F114/><W107/><G113/><T103/><D103/><U46/><E46/><V99/><F131/><W95/><G107/><T77/><D77/><U10/><E60/><V26/><F124/><W74/><G74/><T36/><D36/><U72/><E72/><V65/><F65/><W116/><G116/><T45/><REACH who="0" step="1"/><D69/><REACH who="0" ten="241,230,240,279" step="2"/><U31/><REACH who="1" step="1"/><E89/><REACH who="1" ten="241,220,240,279" step="2"/><V96/><F91/><W44/><G37/><T101/><D101/><U35/><E35/><V21/><F78/><W97/><G90/><T100/><D100/><U130/><E130/><V3/><F108/><W42/><G134/><T110/><D110/><U8/><E8/><V132/><F132/><W19/><G135/><T49/><D49/><U56/><E56/><V67/><F51/><W105/><G59/><T5/><D5/><AGARI ba="0,2" hai="5,7,10,14,16,25,31,33,61,66,68,87,88,92" machi="5" ten="40,5200,0" yaku="1,1,54,2,53,0" doraHai="93" doraHaiUra="41" who="1" fromWho="0" sc="241,-52,220,72,240,0,279,0" /><INIT seed="3,0,0,3,0,89" ten="189,292,240,279" oya="3" hai0="43,85,6,55,88,39,99,111,80,130,100,105,73" hai1="47,97,36,115,107,1,54,116,42,132,127,19,123" hai2="125,67,50,93,17,133,101,24,108,92,78,76,135" hai3="119,112,51,117,3,59,81,77,70,33,7,35,53"/><W61/><G112/><T0/><D111/><U23/><E123/><V129/><F108/><W95/><G3/><T84/><D130/><U40/><E1/><V26/><F67/><W41/><G7/><T103/><D103/><U31/><E31/><V2/><F2/><W102/><G33/><T5/><D0/><U18/><E40/><V44/><F101/><W13/><G13/><T75/><D75/><U68/><E68/><V10/><F129/><W14/><G14/><T37/><D55/><U15/><E127/><V96/><F96/><W62/><G35/><T65/><D65/><U131/><E132/><N who="2" m="50763" /><F125/><W38/><G62/><T64/><D64/><U22/><E116/><V60/><F60/><W113/><G61/><T91/><D73/><U4/><E115/><V45/><F10/><W106/><G70/><T28/><D28/><U21/><E131/><V72/><F72/><W20/><G106/><T86/><D86/><U12/><E54/><N who="2" m="30023" /><F45/><W71/><G71/><T134/><D134/><U90/><E107/><V25/><F17/><W104/><G104/><T120/><D120/><U30/><E4/><V69/><F69/><W32/><G113/><T114/><D114/><U109/><E109/><V49/><F49/><W48/><G117/><T124/><D124/><U110/><E110/><V63/><F63/><W79/><G119/><T46/><REACH who="0" step="1"/><D37/><REACH who="0" ten="179,292,240,279" step="2"/><U52/><E30/><V121/><F121/><W94/><G38/><T118/><D118/><U11/><E52/><V9/><F9/><W27/><G53/><T16/><D16/><N who="1" m="6187" /><E11/><V128/><F128/><W29/><G29/><RYUUKYOKU ba="0,1" sc="179,10,292,10,240,10,279,-30" hai0="5,6,39,43,46,80,84,85,88,91,99,100,105" hai1="12,15,21,22,23,36,42,47,90,97" hai2="24,25,26,76,78,92,93" /><INIT seed="4,1,1,1,3,88" ten="189,302,250,249" oya="0" hai0="119,101,2,32,37,104,10,14,5,48,97,107,46" hai1="124,44,20,17,105,131,49,127,26,87,64,61,116" hai2="113,36,82,7,28,118,72,98,30,8,77,53,95" hai3="21,0,33,74,60,81,18,47,96,133,9,91,111"/><T54/><D119/><U34/><E116/><V58/><F113/><W67/><G33/><T52/><D32/><U27/><E105/><V92/><F36/><W132/><G111/><T78/><D107/><U62/><E131/><V76/><F76/><W59/><G47/><T130/><D130/><U84/><E62/><V80/><F80/><W45/><G45/><T55/><D78/><U56/><E26/><V73/><F73/><W41/><G41/><T6/><D37/><U117/><E34/><V94/><F98/><W123/><G123/><T13/><REACH who="0" step="1"/><D5/><REACH who="0" ten="179,302,250,249" step="2"/><U69/><E117/><V39/><F39/><W83/><G132/><T71/><D71/><U135/><E69/><V31/><F118/><W42/><G133/><T12/><AGARI ba="1,2" hai="2,6,10,12,13,14,46,48,52,54,55,97,101,104" machi="12" ten="30,6000,0" yaku="1,1,0,1,54,1,53,0" doraHai="88" doraHaiUra="86" who="0" fromWho="0" sc="179,83,302,-21,250,-21,249,-21" /><INIT seed="4,2,0,4,1,38" ten="262,281,229,228" oya="0" hai0="90,4,46,98,22,32,48,9,11,130,6,39,82" hai1="0,1,64,85,2,114,123,81,66,117,10,99,56" hai2="24,37,25,87,80,128,41,44,72,125,20,27,12" hai3="33,83,120,5,63,43,91,76,74,113,7,96,93"/><T49/><D32/><U21/><E117/><V97/><F128/><W65/><G113/><T13/><D130/><U79/><E123/><V132/><F125/><W127/><G127/><T36/><D22/><U111/><E111/><V86/><F132/><W61/><G120/><T8/><D8/><U52/><E114/><V135/><F135/><W60/><G33/><T54/><D49/><U77/><E77/><V116/><F116/><W31/><G31/><T59/><D59/><U88/><E21/><V110/><F110/><W14/><G65/><T126/><D126/><U17/><E99/><V26/><F97/><W68/><G68/><T18/><D98/><U58/><E58/><V45/><F45/><W94/><G14/><T69/><D69/><U119/><E119/><V92/><F12/><W134/><G134/><T124/><D124/><U104/><E104/><V133/><F133/><W112/><G112/><T73/><D73/><U101/><E101/><V115/><F115/><W107/><G94/><T103/><D103/><U57/><E57/><V95/><F72/><W23/><G23/><T121/><D121/><U62/><E79/><V55/><F55/><W108/><G108/><T51/><D51/><U15/><AGARI ba="2,0" hai="0,1,2,10,15,17,52,56,62,64,66,81,85,88" machi="15" ten="40,5200,0" yaku="0,1,54,2" doraHai="38" who="1" fromWho="1" sc="262,-28,281,58,229,-15,228,-15" /><INIT seed="5,0,0,4,0,75" ten="234,339,214,213" oya="1" hai0="107,91,69,118,127,122,102,133,73,67,100,22,112" hai1="55,50,3,39,46,113,119,82,66,11,126,120,59" hai2="135,124,109,125,54,78,111,10,81,80,110,103,38" hai3="15,87,89,71,57,14,44,108,70,129,83,26,20"/><U17/><E119/><V2/><F38/><W79/><G108/><T99/><D69/><U7/><E120/><V49/><F103/><W43/><G129/><T33/><D67/><U61/><E113/><V115/><F135/><W5/><G57/><T84/><D33/><U58/><E126/><N who="2" m="48747" /><F10/><W86/><G71/><T105/><D22/><U28/><E28/><V90/><F2/><W1/><G70/><T19/><D19/><U130/><E130/><V65/><F65/><W60/><G60/><T104/><D127/><U40/><E17/><V34/><F34/><W93/><G1/><T21/><D21/><U72/><E82/><V45/><F115/><W12/><G5/><T106/><D112/><U6/><E72/><N who="2" m="43079" /><F81/><W121/><G121/><T128/><D73/><U48/><E6/><V35/><F35/><W9/><G9/><T131/><D122/><U47/><E48/><V97/><F90/><W37/><REACH who="3" step="1"/><G12/><REACH who="3" ten="234,339,214,203" step="2"/><T4/><D4/><U62/><E62/><V23/><F111/><W92/><G92/><N who="0" m="54375" /><D131/><U123/><E123/><V114/><F114/><W94/><G94/><N who="0" m="58487" /><D128/><U29/><E61/><V134/><F110/><W41/><G41/><T76/><D133/><U0/><E0/><V52/><F134/><W16/><AGARI ba="0,1" hai="14,15,16,20,26,37,43,44,79,83,86,87,89,93" machi="16" ten="20,8000,1" yaku="1,1,0,1,7,1,52,1,54,1,53,0" doraHai="75" doraHaiUra="32" who="3" fromWho="3" sc="234,-20,339,-40,214,-20,203,90" /><INIT seed="6,0,0,3,3,129" ten="214,299,194,293" oya="2" hai0="80,34,66,112,12,43,114,38,45,41,20,17,87" hai1="131,69,30,111,93,33,19,15,46,32,4,118,88" hai2="49,67,50,10,119,27,120,130,26,97,39,68,0" hai3="5,48,65,29,76,25,28,23,56,122,127,31,135"/><V14/><F119/><W40/><G135/><T117/><D34/><U126/><E69/><V89/><F120/><W133/><G133/><T59/><D117/><U70/><E70/><V11/><F39/><W2/><G122/><T116/><D116/><U35/><E4/><V13/><F0/><W100/><G127/><T78/><D41/><U99/><E111/><V60/><F130/><W103/><G76/><T92/><D66/><U74/><E74/><V132/><F132/><W104/><G104/><T62/><D62/><U47/><E131/><V72/><F72/><W24/><G5/><T125/><D59/><U109/><E109/><V64/><F68/><W3/><G3/><T63/><D63/><U9/><E118/><V106/><F60/><N who="3" m="38023" /><G2/><T16/><D92/><U8/><E8/><V110/><F110/><W101/><G25/><T85/><D125/><U128/><E126/><V108/><F108/><W21/><G23/><T44/><D44/><AGARI ba="0,0" hai="21,24,28,29,31,40,44,48,100,101,103" m="38023" machi="44" ten="30,1000,0" yaku="8,1" doraHai="129" who="3" fromWho="0" sc="214,-10,299,0,194,0,293,10" /><INIT seed="7,0,0,2,1,35" ten="204,299,194,303" oya="3" hai0="134,48,95,62,41,85,39,69,5,68,49,100,31" hai1="64,67,22,75,9,82,37,8,57,107,29,104,72" hai2="92,74,13,65,80,24,27,51,112,121,53,3,113" hai3="130,118,132,110,103,88,101,36,127,56,34,21,38"/><W71/><G71/><T1/><D134/><U60/><E37/><V135/><F135/><W33/><G132/><T73/><D73/><U86/><E72/><V90/><F65/><N who="1" m="25161" /><E107/><V42/><F42/><W128/><G118/><T23/><D31/><U120/><E104/><V0/><F121/><W45/><G56/><T7/><D23/><U63/><E75/><V32/><F13/><W2/><G2/><N who="2" m="553" /><F32/><W50/><G33/><T18/><D18/><U20/><E120/><V126/><F80/><W14/><G34/><T109/><D109/><U77/><E60/><V96/><F74/><W6/><G50/><T89/><D100/><U47/><E47/><N who="2" m="27903" /><F126/><W123/><G38/><T105/><D105/><U16/><E29/><V114/><AGARI ba="0,0" hai="24,27,90,92,96,112,113,114" m="27903,553" machi="114" ten="40,8000,1" yaku="15,1,52,3" doraHai="35" who="2" fromWho="2" sc="204,-20,299,-20,194,80,303,-40" /><INIT seed="8,0,0,3,1,111" ten="184,279,274,263" oya="0" hai0="131,0,52,53,135,92,9,58,64,33,27,66,31" hai1="118,105,20,22,70,134,126,69,133,21,94,30,98" hai2="73,91,78,32,19,110,82,15,4,77,45,90,125" hai3="95,86,119,42,29,63,40,129,57,72,117,12,16"/><T108/><D131/><U81/><E105/><V39/><F110/><W54/><G72/><T47/><D135/><U76/><E30/><V26/><F125/><W55/><G129/><T41/><D108/><U7/><E7/><V43/><F77/><W109/><G109/><T100/><D0/><U85/><E118/><V49/><F39/><W89/><G29/><T68/><D9/><U59/><E59/><V120/><F120/><W116/><REACH who="3" step="1"/><G55/><REACH who="3" ten="184,279,274,253" step="2"/><T25/><D25/><U97/><E126/><V124/><F124/><W104/><G104/><T62/><D68/><U13/><E69/><V34/><F34/><W65/><G65/><T106/><D66/><U83/><E70/><V93/><F32/><W114/><G114/><T99/><REACH who="0" step="1"/><D106/><REACH who="0" ten="174,279,274,253" step="2"/><U11/><E134/><V101/><F15/><W24/><G24/><T36/><AGARI ba="0,2" hai="27,31,33,36,41,47,52,53,58,62,64,92,99,100" machi="36" ten="20,12000,1" yaku="1,1,2,1,0,1,7,1,54,1,53,0" doraHai="111" doraHaiUra="5" who="0" fromWho="0" sc="174,140,279,-40,274,-40,253,-40" owari="314,41.4,239,3.9,234,-16.6,213,-28.7" /></mjloggm>