<mjloggm ver="2.3"><GO type="169" lobby="0"/><UN n0="%E6%97%A5%E6%9B%9C%E6%97%A5%E3%82%88%E3%82%8A%E3%81%AE%E4%BD%BF%E8%80%85" n1="%E8%80%81%E6%A5%BD" n2="%68%75%69%68%75%69" n3="%E5%BA%84%E5%8F%B8%E5%81%A5%E5%A4%AA%E6%9C%97" dan="17,17,16,16" rate="2222.90,2179.98,2107.77,2057.16" sx="M,M,M,M"/><TAIKYOKU oya="0"/><INIT seed="0,0,0,4,3,26" ten="250,250,250,250" oya="0" hai0="68,66,33,1,125,42,24,95,127,51,47,41,80" hai1="84,73,101,102,32,9,40,110,0,120,15,57,76" hai2="44,135,107,39,100,49,35,112,45,18,12,132,43" hai3="48,117,28,79,29,23,8,130,121,89,129,131,99"/><T38/><D1/><U96/><E0/><V77/><F112/><W55/><G117/><T115/><D95/><U31/><E73/><V30/><F77/><W113/><G113/><T109/><D115/><U5/><E120/><V62/><F62/><W50/><G121/><T126/><D80/><U17/><E110/><V67/><F67/><W54/><G79/><T2/><D2/><U10/><E40/><V94/><F107/><W53/><G8/><T72/><D72/><U87/><E57/><V61/><F61/><W56/><G23/><T97/><D97/><U119/><E119/><V52/><F94/><N who="3" m="56783" /><G55/><N who="0" m="30207" /><D109/><U34/><E34/><V20/><REACH who="2" step="1"/><F100/><REACH who="2" ten="250,250,240,250" step="2"/><W123/><G123/><T118/><D118/><U21/><E102/><V88/><F88/><W116/><G116/><T25/><D66/><U81/><E101/><V59/><F59/><AGARI ba="0,1" hai="28,29,48,50,53,54,56,59,129,130,131" m="56783" machi="59" ten="30,3900,0" yaku="19,1,52,2" doraHai="26" who="3" fromWho="2" sc="250,0,250,0,240,-39,250,49" /><INIT seed="1,0,0,2,0,29" ten="250,250,201,299" oya="1" hai0="0,6,89,9,108,16,13,78,58,1,46,79,22" hai1="45,61,121,75,41,38,55,33,133,131,37,87,122" hai2="95,26,118,24,5,113,50,101,52,96,86,90,18" hai3="77,34,115,102,2,7,54,98,109,67,31,80,65"/><U3/><E75/><V4/><F118/><W85/><G115/><T132/><D108/><U114/><E3/><V28/><F18/><W106/><G109/><T64/><D132/><U21/><E21/><V11/><F113/><W99/><G54/><T82/><D1/><U56/><E114/><V104/><F24/><W124/><G124/><T32/><D46/><U49/><E87/><V57/><REACH who="2" step="1"/><F11/><REACH who="2" ten="250,250,191,299" step="2"/><W84/><G31/><T70/><D9/><U30/><E131/><V12/><F12/><W69/><G7/><T36/><D6/><U120/><REACH who="1" step="1"/><E133/><REACH who="1" ten="250,240,191,299" step="2"/><V126/><F126/><W119/><G2/><T35/><D0/><U127/><E127/><V117/><F117/><W93/><G119/><T94/><D13/><U17/><E17/><V110/><F110/><W59/><G99/><T72/><D16/><U43/><E43/><V68/><F68/><W15/><G69/><T74/><D70/><U51/><E51/><V112/><F112/><W111/><G111/><T42/><D42/><U128/><E128/><V81/><F81/><W116/><G116/><T97/><D82/><U83/><E83/><V73/><F73/><W47/><G15/><T10/><D74/><U91/><E91/><V20/><AGARI ba="0,2" hai="4,5,20,26,28,50,52,57,86,90,95,96,101,104" machi="20" ten="20,5200,0" yaku="1,1,0,1,7,1,54,1,53,0" doraHai="29" doraHaiUra="60" who="2" fromWho="2" sc="250,-13,240,-26,191,72,299,-13" /><INIT seed="2,0,0,3,5,10" ten="237,214,263,286" oya="2" hai0="6,88,17,59,90,16,68,11,28,135,115,80,103" hai1="109,24,9,94,126,81,77,38,36,5,123,73,21" hai2="93,110,83,35,50,127,54,92,91,75,82,89,129" hai3="72,106,63,70,51,27,134,67,26,74,78,1,41"/><V14/><F35/><W107/><G1/><T105/><D68/><U85/><E109/><V42/><F42/><W95/><G134/><T133/><D28/><U31/><E126/><V112/><F112/><W48/><G95/><T113/><D59/><U58/><E123/><V118/><F118/><W117/><G117/><T29/><D29/><U4/><E4/><V23/><F75/><W128/><G128/><T62/><D62/><U2/><E58/><V25/><F127/><W131/><G131/><T3/><D103/><U32/><E73/><V47/><F129/><W79/><G63/><T44/><D44/><U84/><E94/><V98/><F110/><W20/><G20/><T64/><D64/><U46/><E84/><V43/><F43/><W49/><G49/><T116/><D105/><U30/><E46/><V66/><F66/><W19/><G19/><N who="0" m="7243" /><D116/><U18/><REACH who="1" step="1"/><E31/><REACH who="1" ten="237,204,263,286" step="2"/><N who="2" m="17855" /><F14/><AGARI ba="0,1" hai="2,5,9,14,18,21,24,30,32,36,38,77,81,85" machi="14" ten="30,8000,1" yaku="1,1,7,1,24,2,52,1,53,0" doraHai="10" doraHaiUra="111" who="1" fromWho="2" sc="237,0,204,90,263,-80,286,0" /><INIT seed="3,0,0,2,1,125" ten="237,294,183,286" oya="3" hai0="15,74,116,53,106,71,113,35,98,12,11,29,64" hai1="55,122,111,112,128,84,129,9,45,43,3,130,66" hai2="73,34,36,19,26,58,42,87,28,123,102,76,99" hai3="126,16,7,56,31,69,132,110,60,25,86,85,134"/><W81/><G69/><T77/><D116/><U0/><E112/><V80/><F123/><W46/><G126/><T108/><D108/><U118/><E111/><V114/><F114/><W91/><G110/><T70/><D77/><U49/><E122/><V18/><F42/><W79/><G7/><T59/><D74/><U101/><E118/><V127/><F36/><W48/><G134/><T117/><D117/><U94/><E66/><V92/><F127/><W13/><G132/><T14/><D64/><U32/><E32/><V54/><REACH who="2" step="1"/><F73/><REACH who="2" ten="237,294,173,286" step="2"/><W30/><G25/><T50/><D113/><U52/><E9/><V133/><F133/><W72/><G72/><T40/><D40/><U44/><E55/><V104/><F104/><W41/><G60/><AGARI ba="0,1" hai="18,19,26,28,34,54,58,60,76,80,87,92,99,102" machi="60" ten="30,2000,0" yaku="1,1,7,1,53,0" doraHai="125" doraHaiUra="135" who="2" fromWho="3" sc="237,0,294,0,173,30,286,-20" /><INIT seed="4,0,0,4,3,41" ten="237,294,203,266" oya="0" hai0="92,33,84,34,18,25,126,82,35,124,67,68,60" hai1="1,70,38,129,8,113,31,62,116,134,16,64,118" hai2="117,39,32,81,111,104,47,26,66,97,128,11,27" hai3="75,28,65,135,37,29,56,52,77,94,130,121,96"/><T12/><D92/><U49/><E38/><V4/><F111/><W69/><G37/><T53/><D25/><U80/><E129/><V98/><F32/><W83/><G130/><T93/><D93/><U21/><E134/><V122/><F122/><W95/><G135/><T44/><D53/><U90/><E31/><V85/><F66/><W119/><G119/><T46/><D126/><U45/><E113/><V73/><F73/><W125/><G125/><T22/><REACH who="0" step="1"/><D124/><REACH who="0" ten="227,294,203,266" step="2"/><U114/><E114/><V106/><F128/><W123/><G95/><T17/><D17/><U132/><E132/><V86/><F117/><W112/><G112/><T59/><D59/><U43/><E118/><V110/><F110/><W24/><G69/><T10/><D10/><U120/><E116/><V76/><F104/><W63/><G65/><T87/><D87/><U15/><E120/><N who="3" m="46154" /><G24/><T48/><D48/><U107/><E107/><V3/><F85/><W23/><G23/><T74/><D74/><U50/><E50/><V99/><REACH who="2" step="1"/><F106/><REACH who="2" ten="227,294,193,266" step="2"/><W127/><G127/><T61/><D61/><U133/><E133/><V102/><F102/><AGARI ba="0,2" hai="28,29,52,56,63,75,77,83,94,96,102" m="46154" machi="102" ten="30,2000,0" yaku="13,1,54,1" doraHai="41" who="3" fromWho="2" sc="227,0,294,0,193,-20,266,40" /><INIT seed="5,0,0,3,0,96" ten="227,294,173,306" oya="1" hai0="108,3,56,124,106,105,126,5,50,95,75,36,85" hai1="18,81,127,76,53,101,62,25,117,114,86,28,91" hai2="9,98,66,102,27,133,70,35,110,130,58,2,20" hai3="74,131,32,1,67,47,73,34,22,79,112,0,55"/><U7/><E117/><V14/><F110/><W69/><G67/><T83/><D36/><U26/><E114/><V4/><F130/><W71/><G22/><T33/><D33/><U97/><E127/><N who="0" m="48681" /><D108/><U40/><E7/><V134/><F70/><W87/><G87/><T93/><D5/><U78/><E40/><V46/><F46/><W38/><G55/><N who="0" m="31863" /><D75/><U65/><E53/><V113/><F113/><W12/><G47/><T64/><D64/><U118/><E18/><V42/><F42/><W43/><G43/><T125/><N who="0" m="48689" /><T116/><DORA hai="29" /><D3/><U45/><E45/><V37/><F37/><W68/><G38/><T51/><D51/><U57/><E118/><V10/><F58/><W129/><G112/><T63/><D63/><U88/><E76/><V128/><F66/><W120/><G120/><T31/><D31/><U39/><E39/><V8/><F128/><N who="3" m="49227" /><G79/><N who="0" m="46335" /><D116/><U59/><E59/><V107/><F35/><N who="3" m="13355" /><G74/><T121/><D121/><U115/><E115/><V11/><REACH who="2" step="1"/><F2/><REACH who="2" ten="227,294,163,306" step="2"/><N who="3" m="1131" /><G73/><T23/><D23/><U6/><E65/><V77/><F77/><W61/><G61/><T132/><D132/><U48/><E62/><V54/><F54/><W135/><G135/><T100/><D106/><U90/><E78/><V104/><F104/><W21/><G71/><T49/><D49/><U119/><E48/><V82/><F82/><W89/><G69/><T103/><D105/><U109/><E109/><V123/><F123/><W44/><G68/><T122/><D122/><U15/><E119/><V60/><F60/><W52/><G44/><T92/><AGARI ba="0,1" hai="92,93,95,100,103" m="46335,31863,48689" machi="92" ten="50,6400,0" yaku="18,1,52,2" doraHai="96,29" who="0" fromWho="0" sc="227,74,294,-32,163,-16,306,-16" /><INIT seed="6,0,0,5,1,68" ten="301,262,147,290" oya="2" hai0="46,99,113,24,53,70,104,127,61,77,72,47,66" hai1="51,13,101,97,130,132,73,42,108,74,110,129,85" hai2="128,112,122,107,76,64,1,40,33,20,44,31,117" hai3="49,81,8,54,36,19,133,118,12,95,11,37,109"/><V2/><F117/><W134/><G109/><N who="1" m="42090" /><E13/><V21/><F122/><W0/><G118/><T131/><D77/><U89/><E51/><V25/><F107/><W27/><G95/><T56/><D72/><N who="1" m="27755" /><E42/><V18/><F76/><W43/><G43/><T60/><D113/><U52/><E52/><V126/><F112/><W30/><G81/><T34/><D127/><U7/><E7/><V94/><F64/><W9/><G0/><T10/><D10/><U50/><E50/><V14/><F126/><W41/><G41/><T87/><D131/><N who="1" m="50187" /><E132/><N who="3" m="50794" /><G11/><T121/><D121/><U71/><E71/><V91/><F128/><W4/><G4/><T120/><D120/><U80/><E97/><V86/><REACH who="2" step="1"/><F21/><REACH who="2" ten="301,262,137,290" step="2"/><N who="3" m="15727" /><G9/><T78/><D66/><U79/><E101/><V16/><F16/><W5/><G5/><T38/><D34/><U48/><E48/><AGARI ba="0,1" hai="1,2,14,18,20,25,31,33,40,44,48,86,91,94" machi="48" ten="30,2900,0" yaku="1,1,7,1,53,0" doraHai="68" doraHaiUra="69" who="2" fromWho="1" sc="301,0,262,-29,137,39,290,0" /><INIT seed="6,1,0,2,0,42" ten="301,233,176,290" oya="2" hai0="76,3,130,16,135,31,93,40,85,39,64,51,63" hai1="58,118,56,111,72,25,28,87,108,13,132,90,55" hai2="34,60,18,75,4,114,19,67,104,83,66,97,15" hai3="129,117,23,80,26,29,84,122,100,65,89,22,32"/><V38/><F34/><W99/><G117/><T113/><D3/><U7/><E72/><V21/><F38/><W9/><G122/><T45/><D113/><U36/><E36/><V69/><F114/><W33/><G129/><T95/><D130/><U94/><E118/><V62/><F4/><W49/><G9/><T115/><D115/><U88/><E132/><V71/><F18/><W106/><G33/><T48/><D135/><U43/><E43/><V82/><REACH who="2" step="1"/><F75/><REACH who="2" ten="301,233,166,290" step="2"/><W124/><G32/><T17/><D39/><U116/><E116/><V27/><F27/><W20/><G124/><T126/><D126/><U59/><E111/><V53/><F53/><W35/><G35/><T77/><D31/><U105/><E108/><V8/><F8/><W30/><G29/><T37/><D37/><U101/><E7/><V128/><F128/><W10/><G10/><T98/><D16/><U134/><E134/><V73/><F73/><W110/><G110/><T61/><D17/><U102/><E55/><V54/><F54/><W46/><G65/><T24/><D24/><U103/><E13/><V50/><F50/><W57/><G30/><T74/><D51/><U91/><E105/><V125/><F125/><W12/><G12/><T120/><D74/><U0/><E0/><V68/><F68/><W79/><G26/><T81/><D64/><U14/><E14/><V11/><F11/><W1/><G1/><T121/><D121/><U86/><E94/><N who="0" m="35849" /><D120/><U92/><E92/><V119/><F119/><W5/><G5/><T6/><D6/><U70/><E70/><V52/><F52/><RYUUKYOKU ba="1,1" sc="301,-15,233,15,166,15,290,-15" hai1="25,28,56,58,59,86,87,88,90,91,101,102,103" hai2="15,19,21,60,62,66,67,69,71,82,83,97,104" /><INIT seed="6,2,1,5,1,125" ten="286,248,181,275" oya="2" hai0="18,37,21,79,35,43,73,53,105,91,31,65,88" hai1="47,55,42,20,75,68,81,90,63,61,129,97,117" hai2="71,29,102,99,82,52,85,17,48,80,78,119,13" hai3="59,49,10,133,58,64,106,94,128,32,110,92,123"/><V100/><F119/><W67/><G106/><T84/><D105/><U30/><E117/><V98/><F71/><W38/><G32/><T95/><D35/><U2/><E2/><V126/><F29/><W23/><G38/><T15/><D37/><U9/><E9/><N who="2" m="6319" /><F126/><W27/><G110/><T41/><D31/><U62/><E129/><V5/><F5/><W54/><G123/><T57/><D65/><N who="3" m="25161" /><G133/><T25/><D25/><U130/><E130/><V86/><F99/><W44/><G128/><T113/><D113/><U16/><E30/><V3/><F98/><W0/><G10/><T36/><D36/><U66/><E75/><V60/><F60/><N who="3" m="35927" /><G59/><T124/><D124/><U121/><E121/><V74/><F74/><W134/><G134/><T7/><D7/><U109/><E109/><V56/><F3/><W104/><G104/><T89/><D73/><U115/><E115/><V33/><F33/><W114/><G0/><T118/><D118/><U93/><E81/><V11/><F11/><W101/><G101/><T103/><D103/><U26/><E55/><V14/><F14/><W8/><G8/><T135/><D135/><U107/><E107/><V116/><F116/><W19/><G114/><T69/><D69/><U12/><E12/><V6/><F6/><W111/><G111/><T50/><D95/><U46/><E46/><V45/><F56/><W127/><G127/><T39/><D39/><AGARI ba="2,1" hai="16,20,26,39,42,47,61,62,63,66,68,90,93,97" machi="39" ten="30,2000,0" yaku="7,1,54,1" doraHai="125" who="1" fromWho="0" sc="286,-26,248,36,181,0,275,0" /><INIT seed="7,0,0,0,4,111" ten="260,284,181,275" oya="3" hai0="8,75,5,67,125,132,29,96,124,39,105,129,73" hai1="54,65,56,76,94,2,20,46,1,47,40,43,9" hai2="28,84,7,27,114,41,21,130,51,131,64,32,37" hai3="31,57,90,10,89,122,81,63,87,0,82,4,95"/><W116/><G122/><T120/><D120/><U83/><E65/><V104/><F104/><W133/><G133/><T135/><D39/><U19/><E94/><V24/><F37/><W60/><G116/><T69/><D29/><U110/><E46/><N who="2" m="26063" /><F64/><W101/><G31/><T35/><D35/><U23/><E23/><V33/><F7/><W3/><G3/><N who="0" m="63" /><D67/><U53/><E9/><V52/><F84/><W17/><G17/><T22/><D22/><U55/><E56/><V88/><F27/><W14/><G0/><T50/><D50/><U68/><E68/><V123/><F123/><W127/><G127/><N who="0" m="48715" /><D69/><U112/><E110/><V100/><F100/><W42/><G42/><T16/><D16/><U103/><E103/><V97/><F32/><W45/><G45/><T36/><D36/><U78/><E40/><V66/><F66/><W13/><G13/><T59/><D59/><U11/><E1/><V72/><F72/><N who="0" m="27722" /><D129/><N who="2" m="49162" /><F33/><W99/><G57/><T115/><D115/><U85/><E112/><V12/><F12/><W30/><G30/><T71/><D71/><U38/><E2/><V61/><F114/><W102/><G102/><AGARI ba="0,0" hai="96,102,105,132,135" m="27722,48715,63" machi="102" ten="40,2600,0" yaku="18,1,23,1" doraHai="111" who="0" fromWho="3" sc="260,26,284,0,181,0,275,-26" /><INIT seed="8,0,0,3,5,48" ten="286,284,181,249" oya="0" hai0="58,119,3,14,63,105,56,32,132,125,59,70,101" hai1="90,37,89,5,31,109,36,2,19,16,115,104,118" hai2="91,34,12,99,25,94,0,87,69,1,75,82,42" hai3="120,68,66,127,134,103,81,98,107,43,65,18,130"/><T111/><D3/><U95/><E104/><V121/><F121/><W112/><G112/><T124/><D119/><U22/><E31/><V117/><F117/><W46/><G127/><N who="0" m="48715" /><D132/><U9/><E109/><V15/><F69/><W133/><G130/><T85/><D111/><U113/><E90/><V54/><F42/><W72/><G120/><T62/><D32/><U6/><E6/><V47/><F75/><W24/><G18/><N who="1" m="6698" /><E22/><V84/><F84/><W50/><G24/><T11/><D85/><N who="1" m="52655" /><E118/><V10/><F15/><W57/><G68/><T100/><D70/><U92/><E92/><V8/><F8/><W29/><G29/><T78/><D78/><U131/><E131/><V26/><F34/><W77/><G134/><T74/><D74/><U110/><E110/><V71/><F71/><W28/><G28/><T13/><D13/><U61/><E61/><N who="0" m="23049" /><D105/><U128/><E128/><V60/><F0/><W27/><G27/><T86/><D86/><U39/><E113/><V49/><F60/><W17/><G133/><T126/><D126/><U33/><E33/><V135/><F1/><W80/><G81/><T106/><D106/><U116/><E116/><V93/><F135/><W51/><G17/><AGARI ba="0,0" hai="11,14,17,56,58,59,100,101" m="23049,48715" machi="17" ten="30,1500,0" yaku="18,1" doraHai="48" who="0" fromWho="3" sc="286,15,284,0,181,0,249,-15" owari="301,40.1,284,8.4,181,-31.9,234,-16.6" /></mjloggm>