<mjloggm ver="2.3"><GO type="169" lobby="0"/><UN n0="%41%2E%53%74%61%72%73" n1="%64%69%76%61" n2="%E3%81%BE%E3%82%86%E3%81%92" n3="%E3%82%AB%E3%83%AB%E3%83%94%E3%82%B9%E3%82%B5%E3%83%AF%E3%83%BC" dan="16,16,16,17" rate="2050.09,2056.26,2113.98,2225.95" sx="M,M,M,M"/><TAIKYOKU oya="0"/><INIT seed="0,0,0,5,0,101" ten="250,250,250,250" oya="0" hai0="112,55,98,6,3,90,106,46,12,68,65,133,28" hai1="132,96,82,39,15,8,74,27,117,77,0,52,33" hai2="42,26,89,45,81,135,4,64,103,67,21,13,123" hai3="120,36,122,14,78,30,29,84,94,34,76,111,2"/><T59/><D112/><U70/><E117/><V80/><F123/><N who="3" m="47147" /><G2/><T87/><D133/><U75/><E132/><V61/><F135/><W60/><G36/><T40/><D3/><U35/><E70/><V91/><F67/><W108/><G60/><T131/><D131/><U32/><E0/><V102/><F13/><W48/><G48/><T92/><D28/><N who="3" m="10857" /><G34/><T20/><D68/><U93/><E27/><V99/><F4/><W50/><G50/><T43/><D65/><U116/><E116/><V58/><F103/><W113/><G113/><T73/><D73/><U17/><E75/><V31/><F81/><W107/><G14/><T53/><D53/><U49/><E39/><V63/><F63/><W105/><G94/><T37/><D43/><U100/><REACH who="1" step="1"/><E32/><REACH who="1" ten="250,240,250,250" step="2"/><V56/><F56/><AGARI ba="0,1" hai="8,15,17,33,35,49,52,56,74,77,82,93,96,100" machi="56" ten="30,7700,0" yaku="1,1,2,1,7,1,54,1,53,0" doraHai="101" doraHaiUra="110" who="1" fromWho="2" sc="250,0,240,87,250,-77,250,0" /><INIT seed="1,0,0,0,2,88" ten="250,327,173,250" oya="1" hai0="23,64,85,7,107,22,4,59,128,44,32,0,83" hai1="97,84,132,40,126,61,71,16,52,135,74,57,18" hai2="115,1,62,5,95,9,94,63,77,109,29,125,56" hai3="19,102,120,69,98,127,60,38,90,41,6,51,17"/><U133/><E74/><V55/><F29/><W134/><G120/><T67/><D128/><U26/><E126/><V12/><F125/><W45/><G127/><T58/><D107/><U2/><E2/><V114/><F77/><W27/><G134/><T80/><D32/><U101/><E40/><V104/><F104/><W121/><G121/><T42/><D0/><U73/><E73/><V130/><F130/><W70/><G6/><T99/><D99/><U110/><E110/><V91/><F109/><W72/><G72/><T92/><D42/><U34/><E84/><V86/><F1/><W35/><G90/><T14/><D44/><U48/><E48/><V10/><F10/><W123/><G38/><T30/><D30/><N who="1" m="19799" /><E71/><V36/><F36/><W28/><G123/><T39/><D39/><U15/><E15/><V96/><REACH who="2" step="1"/><F63/><REACH who="2" ten="250,327,163,250" step="2"/><W33/><G33/><T105/><D105/><AGARI ba="0,1" hai="16,18,52,57,61,97,101,105,132,133,135" m="19799" machi="105" ten="30,5800,0" yaku="20,1,54,2" doraHai="88" who="1" fromWho="0" sc="250,-58,327,68,163,0,250,0" /><INIT seed="1,1,0,5,5,107" ten="192,395,163,250" oya="1" hai0="59,94,81,125,30,65,27,6,37,113,96,118,111" hai1="11,35,97,23,129,95,49,3,9,42,67,63,83" hai2="56,43,101,10,58,135,123,131,54,34,104,57,50" hai3="24,26,36,75,32,132,93,128,40,73,62,47,77"/><U17/><E35/><V15/><F123/><W8/><G128/><T130/><D113/><U44/><E129/><V18/><F131/><W1/><G132/><T92/><D130/><U41/><E41/><V69/><F69/><W126/><G126/><T112/><D112/><U46/><E46/><V102/><F34/><W110/><G110/><T12/><D125/><U85/><E3/><V5/><F135/><W121/><G121/><T2/><D118/><U119/><E119/><V117/><F117/><W74/><G77/><T53/><D111/><U60/><E60/><V99/><F102/><W72/><G72/><T16/><D37/><U68/><E85/><V114/><F114/><W21/><G32/><T29/><D65/><U28/><E28/><V31/><F31/><W76/><G76/><T39/><D39/><U80/><E83/><V124/><F124/><W61/><G93/><T20/><D81/><U91/><REACH who="1" step="1"/><E80/><REACH who="1" ten="192,385,163,250" step="2"/><V19/><REACH who="2" step="1"/><F43/><REACH who="2" ten="192,385,153,250" step="2"/><W78/><G40/><T66/><D30/><U133/><E133/><V51/><F51/><W84/><G36/><T82/><D29/><U134/><E134/><V14/><F14/><AGARI ba="1,2" hai="9,11,14,17,23,42,44,49,63,67,68,91,95,97" machi="14" ten="30,2900,0" yaku="1,1,7,1,53,0" doraHai="107" doraHaiUra="48" who="1" fromWho="2" sc="192,0,385,52,153,-32,250,0" /><INIT seed="1,2,0,4,3,103" ten="192,437,121,250" oya="1" hai0="24,42,126,125,114,31,27,67,74,133,16,122,46" hai1="111,110,65,135,91,45,58,68,7,32,66,56,129" hai2="14,75,19,127,57,36,83,105,69,115,134,4,84" hai3="9,37,23,17,52,51,89,97,87,108,104,55,95"/><U70/><E32/><V99/><F69/><N who="1" m="26729" /><E7/><V40/><F75/><W109/><G37/><T11/><D67/><N who="1" m="25611" /><E91/><V25/><F4/><W121/><G121/><T53/><D74/><U128/><E135/><V90/><F134/><W63/><G63/><T33/><D133/><U2/><E2/><V94/><F115/><W44/><G55/><T132/><D132/><U49/><E56/><V13/><F36/><W72/><G9/><T26/><D114/><U77/><E77/><V113/><F113/><W3/><G3/><T80/><D80/><U120/><E120/><V71/><F71/><W123/><G123/><T98/><D122/><U131/><E58/><V61/><F40/><AGARI ba="2,0" hai="40,45,49,110,111,128,129,131" m="25611,26729" machi="40" ten="40,7700,0" yaku="19,1,34,2" doraHai="103" who="1" fromWho="2" sc="192,0,437,83,121,-83,250,0" /><INIT seed="1,3,0,1,4,113" ten="192,520,38,250" oya="1" hai0="5,51,70,59,83,0,32,92,8,57,1,132,4" hai1="98,128,130,105,131,64,117,27,54,29,99,120,115" hai2="72,95,26,101,49,21,50,73,11,67,110,65,20" hai3="39,69,77,124,91,74,48,18,76,35,106,40,23"/><U87/><E120/><V56/><F110/><W45/><G35/><T111/><D111/><U86/><E115/><V133/><F133/><W119/><G106/><T34/><D70/><U79/><E117/><V16/><F73/><W36/><G69/><T81/><D92/><U47/><E64/><V123/><F72/><W22/><G124/><T42/><D132/><U14/><E14/><V3/><F3/><W125/><G125/><T46/><D34/><U44/><E105/><V68/><F68/><W94/><G23/><T103/><D103/><U66/><E66/><V93/><F123/><W85/><G119/><T71/><D32/><U112/><E112/><V6/><F6/><W134/><G134/><T97/><D97/><N who="1" m="36875" /><E54/><V82/><F11/><W80/><REACH who="3" step="1"/><G76/><REACH who="3" ten="192,520,38,240" step="2"/><T102/><D71/><U7/><E79/><V62/><F21/><W28/><G28/><T116/><D116/><U104/><E104/><V127/><F127/><W100/><G100/><T53/><D102/><U118/><E118/><V2/><F101/><W24/><AGARI ba="3,1" hai="18,22,24,36,39,40,45,48,74,77,80,85,91,94" machi="24" ten="20,2700,0" yaku="1,1,0,1,7,1,53,0" doraHai="113" doraHaiUra="55" who="3" fromWho="3" sc="192,-10,520,-16,38,-10,240,46" /><INIT seed="2,0,0,5,0,116" ten="182,504,28,286" oya="2" hai0="37,70,108,43,2,62,13,102,117,89,99,125,72" hai1="79,80,27,78,69,3,32,134,34,71,88,118,109" hai2="55,66,64,127,14,48,54,94,90,106,74,57,18" hai3="39,82,41,5,115,51,40,95,121,103,114,135,119"/><V7/><F74/><W58/><G119/><T38/><D108/><U8/><E109/><V126/><F106/><W10/><G135/><T50/><D117/><U107/><E134/><V83/><F7/><W1/><G82/><T56/><D2/><U52/><E107/><V73/><F73/><W93/><G121/><T92/><D72/><U75/><E79/><V113/><F113/><N who="3" m="43019" /><G103/><T133/><D133/><U4/><E32/><V110/><F110/><W26/><G26/><T76/><D76/><U42/><E42/><N who="3" m="16490" /><G39/><T104/><D125/><U35/><E27/><V20/><F83/><W111/><G111/><T96/><D70/><U68/><E34/><V22/><F22/><W19/><G19/><T105/><D105/><U47/><E35/><V0/><F0/><W86/><G86/><T28/><D28/><U9/><E118/><V97/><F127/><W98/><G98/><T91/><D91/><U77/><E88/><V100/><F126/><W85/><G85/><T59/><D13/><U11/><E78/><V44/><REACH who="2" step="1"/><F100/><REACH who="2" ten="182,504,18,286" step="2"/><W53/><AGARI ba="0,1" hai="1,5,10,51,53,58,93,95" m="16490,43019" machi="53" ten="30,1100,0" yaku="11,1" doraHai="116" who="3" fromWho="3" sc="182,-3,504,-3,18,-5,286,21" /><INIT seed="3,0,0,1,4,42" ten="179,501,13,307" oya="3" hai0="60,3,40,20,111,24,98,35,46,117,115,72,57" hai1="11,109,53,93,48,71,39,65,108,91,28,29,129" hai2="106,22,97,116,1,69,21,114,54,107,5,74,9" hai3="133,81,12,85,36,49,50,119,118,18,125,103,112"/><W15/><G112/><T4/><D117/><U121/><E121/><V25/><F74/><W126/><G36/><T6/><D111/><N who="1" m="42571" /><E39/><V73/><F73/><W66/><G103/><T120/><D120/><U95/><E129/><V17/><F69/><W104/><G104/><T124/><D124/><N who="3" m="47721" /><G66/><T44/><D35/><U127/><E127/><V67/><F67/><W34/><G34/><T56/><D72/><U58/><E11/><V80/><F114/><W0/><G0/><T27/><D115/><U70/><E95/><V84/><F116/><N who="3" m="44587" /><G133/><T37/><D37/><U64/><E64/><V51/><F97/><W63/><G63/><T16/><D40/><U8/><E65/><V83/><F21/><N who="3" m="11463" /><G15/><T23/><D3/><U130/><E8/><V135/><F135/><W132/><G132/><T45/><D98/><N who="1" m="57663" /><E130/><V90/><REACH who="2" step="1"/><F80/><REACH who="2" ten="179,501,3,307" step="2"/><W113/><G113/><T14/><D24/><U77/><E71/><V32/><F32/><W38/><G38/><T75/><D75/><U87/><E70/><V92/><F92/><W101/><G101/><T26/><D26/><U19/><E29/><V68/><F68/><W100/><G100/><T99/><D99/><U110/><E28/><V7/><F7/><N who="0" m="2602" /><D60/><U10/><E110/><V78/><F78/><AGARI ba="0,1" hai="49,50,78,81,85" m="11463,44587,47721" machi="78" ten="30,1500,0" yaku="18,1" doraHai="42" who="3" fromWho="2" sc="179,0,501,0,3,-15,307,25" owari="179,-22.1,501,60.1,-12,-51.2,332,13.2" /></mjloggm>