<mjloggm ver="2.3"><GO type="169" lobby="0"/><UN n0="%E5%8B%98%E5%BC%81%E3%81%97%E3%81%A6%E3%82%88" n1="%E3%81%A8%E3%82%8D%E3%82%8D%E3%81%9D%E3%81%B0" n2="%E3%82%8A%E3%82%93%E3%81%94%32%32%36" n3="%E3%83%91%E3%83%BC%E3%83%A9%E3%83%A1%E3%83%B3%E3%83%88" dan="17,17,17,16" rate="2224.36,2227.90,2189.54,2189.39" sx="M,M,M,M"/><TAIKYOKU oya="0"/><INIT seed="0,0,0,1,5,18" ten="250,250,250,250" oya="0" hai0="75,128,84,121,104,119,71,122,21,116,35,58,7" hai1="30,96,61,60,113,124,25,8,31,57,12,81,68" hai2="127,65,54,20,98,1,14,2,112,59,23,36,114" hai3="27,125,40,115,101,33,90,64,56,82,74,133,49"/><T79/><D35/><U66/><E124/><V109/><F36/><W52/><G115/><T130/><D71/><U51/><E113/><V50/><F109/><W19/><G125/><T73/><D7/><U91/><E51/><V83/><F127/><W45/><G133/><T15/><D58/><U108/><E108/><V62/><F112/><W88/><G101/><T97/><D15/><U95/><E81/><V76/><F114/><W69/><G74/><N who="0" m="28171" /><D21/><N who="2" m="8266" /><F2/><W117/><G117/><N who="0" m="45131" /><D79/><U11/><E11/><V47/><F1/><W102/><G33/><T135/><D135/><U17/><E25/><V46/><F98/><W24/><G19/><T103/><D84/><U93/><E68/><V9/><F47/><W44/><G69/><T34/><D34/><U99/><REACH who="1" step="1"/><E61/><REACH who="1" ten="250,240,250,250" step="2"/><V94/><F9/><W38/><G24/><T4/><D4/><U37/><E37/><V77/><F14/><W78/><G27/><T70/><D70/><U67/><E67/><V42/><F42/><W107/><G64/><T22/><D22/><U16/><E16/><V28/><F28/><W0/><G38/><T55/><D55/><U80/><E80/><V48/><F83/><W72/><G40/><T26/><D26/><U41/><E41/><V129/><F50/><W3/><G44/><T110/><D110/><U132/><E132/><V53/><F53/><W63/><G0/><T86/><D86/><U13/><E13/><V123/><F54/><N who="3" m="29999" /><G3/><T5/><D5/><U92/><E92/><V100/><F46/><W87/><G72/><T106/><D106/><U6/><E6/><V111/><F65/><RYUUKYOKU ba="0,1" sc="250,10,240,10,250,-30,250,10" hai0="97,103,104,121,122,128,130" hai1="8,12,17,30,31,57,60,66,91,93,95,96,99" hai3="52,56,63,78,82,87,88,90,102,107" /><INIT seed="0,1,1,0,3,17" ten="260,250,220,260" oya="0" hai0="49,126,31,75,84,133,115,9,79,66,74,92,93" hai1="50,40,6,97,63,121,29,65,39,106,100,45,96" hai2="3,10,47,104,0,90,83,108,86,117,67,89,60" hai3="99,15,43,51,12,36,1,129,70,110,71,128,56"/><T91/><D115/><U103/><E121/><V85/><F108/><W107/><G1/><T5/><D126/><U113/><E113/><V62/><F117/><W61/><G110/><T112/><D112/><U76/><E76/><V116/><F104/><W114/><G114/><T44/><D133/><U109/><E109/><V42/><F116/><W69/><G107/><T35/><D66/><U130/><E130/><N who="3" m="50282" /><G99/><T14/><D79/><U37/><E6/><V124/><F10/><W11/><G36/><T54/><REACH who="0" step="1"/><D93/><REACH who="0" ten="250,250,220,260" step="2"/><U87/><E106/><V82/><F124/><W30/><G71/><T102/><D102/><U59/><E103/><V119/><F119/><W55/><G70/><T73/><D73/><U48/><E100/><V131/><F131/><W125/><G69/><T101/><D101/><U132/><E132/><V28/><F67/><W33/><G125/><T16/><D16/><U118/><E118/><V111/><F111/><W8/><G30/><T25/><AGARI ba="1,2" hai="5,9,14,25,31,35,44,49,54,74,75,84,91,92" machi="25" ten="30,3000,0" yaku="1,1,0,1,53,0" doraHai="17" doraHaiUra="122" who="0" fromWho="0" sc="250,53,250,-11,220,-11,260,-11" /><INIT seed="0,2,0,0,0,90" ten="303,239,209,249" oya="0" hai0="45,119,114,57,88,4,133,94,98,52,117,89,53" hai1="40,103,50,75,36,118,26,112,72,111,43,113,107" hai2="109,82,54,86,13,124,47,83,85,78,122,42,131" hai3="97,27,44,0,102,77,22,84,80,79,126,24,68"/><T29/><D114/><U35/><E118/><V19/><F109/><W1/><G126/><T91/><D133/><U51/><E103/><V39/><F131/><W87/><G68/><T96/><D119/><U38/><E107/><V101/><F122/><W48/><G79/><T106/><D117/><U58/><E26/><V127/><F101/><W130/><G87/><T2/><D106/><U10/><E10/><V71/><F71/><W3/><G130/><T18/><D2/><U37/><E35/><V104/><F54/><W70/><G70/><T129/><D129/><U7/><E7/><V23/><REACH who="2" step="1"/><F104/><REACH who="2" ten="303,239,199,249" step="2"/><W121/><G121/><T73/><D53/><U135/><E111/><V6/><F6/><W60/><G102/><N who="0" m="60695" /><D4/><U30/><E135/><V116/><F116/><W14/><G3/><T9/><D73/><U15/><E75/><V34/><F34/><W69/><G1/><T49/><D29/><U65/><E72/><V61/><F61/><W100/><G60/><T134/><D134/><U123/><E30/><V67/><F67/><W81/><G69/><T105/><D105/><U31/><E31/><V33/><F33/><W99/><G0/><T120/><D120/><U20/><E123/><V28/><F28/><W11/><G100/><T64/><D64/><U55/><E65/><V21/><F21/><W110/><G22/><T62/><D18/><N who="1" m="10335" /><E43/><V63/><F63/><W17/><G110/><T5/><D5/><U108/><E108/><V12/><F12/><W8/><G14/><T76/><D62/><N who="1" m="36191" /><E40/><V41/><F41/><N who="3" m="24591" /><G27/><T74/><D74/><U92/><E113/><RYUUKYOKU ba="2,1" sc="303,-10,239,-10,199,30,249,-10" hai2="13,19,23,39,42,47,78,82,83,85,86,124,127" /><INIT seed="1,3,1,0,0,85" ten="293,229,229,239" oya="1" hai0="129,112,38,109,131,110,4,27,61,66,1,8,132" hai1="87,62,92,79,80,98,51,71,133,123,31,121,84" hai2="39,10,88,91,119,104,28,6,43,103,42,115,46" hai3="30,107,68,32,40,134,117,114,58,34,135,90,63"/><U7/><E133/><N who="3" m="50698" /><G114/><T73/><D132/><U41/><E31/><V36/><F119/><W124/><G117/><T83/><D38/><U44/><E71/><V0/><F28/><W76/><G107/><T89/><D73/><U125/><E125/><V53/><F53/><W82/><G124/><T11/><D112/><U54/><E87/><V81/><F81/><W100/><G100/><T59/><D11/><U57/><REACH who="1" step="1"/><E7/><REACH who="1" ten="293,219,229,239" step="2"/><V120/><F115/><W72/><G68/><T16/><D131/><U15/><E15/><V19/><F120/><W13/><G13/><T99/><D129/><U97/><E97/><V65/><F19/><W9/><G30/><T122/><D122/><U86/><E86/><V48/><F6/><W126/><G126/><T106/><D4/><U75/><E75/><V45/><F0/><W25/><G72/><T113/><D1/><U108/><E108/><V69/><F69/><W116/><G116/><T20/><D113/><U55/><E55/><V49/><F65/><W26/><G34/><T12/><D110/><U102/><AGARI ba="3,2" hai="41,44,51,54,57,62,79,80,84,92,98,102,121,123" machi="102" ten="20,3900,0" yaku="1,1,0,1,7,1,53,0" doraHai="85" doraHaiUra="101" who="1" fromWho="1" sc="293,-16,219,68,229,-16,239,-16" /><INIT seed="1,4,0,5,0,23" ten="277,287,213,223" oya="1" hai0="94,32,68,49,128,1,109,67,11,26,129,21,120" hai1="3,2,56,63,114,103,28,46,88,50,111,53,85" hai2="115,125,13,71,116,39,83,61,55,66,45,82,135" hai3="8,18,97,77,79,60,44,132,58,10,110,126,104"/><U90/><E114/><V96/><F116/><W98/><G110/><T86/><D109/><U93/><E111/><V74/><F125/><W4/><G126/><T130/><D32/><U16/><E28/><V95/><F135/><W73/><G132/><T33/><D33/><U25/><E103/><V51/><F74/><W64/><G18/><T52/><D120/><U101/><E101/><V123/><F123/><W34/><G34/><T22/><D22/><N who="1" m="13511" /><E2/><V41/><F13/><N who="3" m="5255" /><G104/><T78/><D67/><U108/><E3/><V36/><F36/><W38/><G38/><T122/><D122/><U17/><E108/><V0/><F0/><W54/><G10/><T92/><D68/><U100/><E17/><V121/><F115/><W6/><G6/><N who="0" m="1487" /><D78/><N who="3" m="29705" /><G73/><T14/><D86/><N who="1" m="52375" /><E100/><V118/><F118/><W72/><G72/><T117/><D14/><U87/><E90/><N who="2" m="55415" /><F121/><W5/><G5/><T43/><D117/><U106/><E106/><V127/><F127/><W7/><G7/><T69/><D69/><U80/><E80/><V84/><F84/><W12/><G12/><T112/><D112/><U9/><E9/><V65/><F83/><W40/><G40/><AGARI ba="4,0" hai="40,46,50,53,56,63,85,87" m="52375,13511" machi="40" ten="30,11600,0" yaku="8,1,52,1,54,2" doraHai="23" who="1" fromWho="3" sc="277,0,287,128,213,0,223,-128" /><INIT seed="1,5,0,2,1,105" ten="277,415,213,95" oya="1" hai0="36,27,21,10,93,79,84,5,61,103,16,98,72" hai1="51,100,7,28,77,35,130,66,123,122,48,15,29" hai2="128,13,85,95,73,81,99,135,106,111,125,108,110" hai3="115,40,120,52,88,114,49,26,17,65,42,9,124"/><U30/><E100/><N who="2" m="62751" /><F13/><W12/><G120/><T54/><D36/><U1/><E66/><V19/><F19/><W64/><G124/><T14/><D72/><U119/><E119/><V43/><F43/><W126/><G126/><T127/><D127/><U96/><E35/><V33/><F33/><W91/><G115/><T76/><D84/><U68/><E68/><V75/><F125/><W132/><G114/><T74/><D74/><N who="2" m="28170" /><F128/><W133/><G26/><T134/><D134/><N who="3" m="51817" /><G65/><T2/><D2/><U0/><E130/><V90/><F135/><W4/><G64/><T62/><D62/><U23/><E123/><V41/><F41/><N who="3" m="15979" /><G4/><T97/><D97/><U121/><E96/><V57/><F57/><AGARI ba="5,0" hai="9,12,17,49,52,57,88,91" m="15979,51817" machi="57" ten="30,3900,0" yaku="20,1,54,2" doraHai="105" who="3" fromWho="2" sc="277,0,415,0,213,-54,95,54" /><AGARI ba="5,0" hai="5,10,14,16,21,27,54,57,61,76,79,93,98,103" machi="57" ten="40,2600,0" yaku="8,1,54,1" doraHai="105" who="0" fromWho="2" sc="277,26,415,0,159,-26,149,0" /><INIT seed="2,0,0,0,3,103" ten="303,415,133,149" oya="2" hai0="25,107,133,49,73,77,13,78,113,109,91,21,33" hai1="0,28,80,70,27,19,8,71,7,52,89,22,115" hai2="23,68,17,2,63,117,125,53,97,32,93,134,112" hai3="118,48,123,18,132,126,90,61,46,29,44,35,129"/><V100/><F112/><W3/><G118/><T86/><D113/><U50/><E115/><V65/><F117/><W98/><G123/><T114/><D114/><U116/><E116/><V106/><F125/><W62/><G3/><T54/><D109/><U15/><E89/><V67/><F32/><W20/><G126/><T105/><D33/><U30/><E30/><V83/><F2/><W51/><G132/><T128/><D133/><U64/><E64/><V99/><F83/><W57/><G29/><T41/><D41/><U10/><REACH who="1" step="1"/><E80/><REACH who="1" ten="303,405,133,149" step="2"/><V108/><F134/><W56/><G129/><T34/><D78/><U42/><E42/><V24/><F108/><W121/><G121/><T101/><D101/><U111/><E111/><V40/><F40/><N who="3" m="24583" /><G35/><T82/><D34/><U127/><E127/><V36/><F36/><W96/><G90/><T88/><D91/><U120/><E120/><V16/><F67/><W75/><G98/><T84/><D128/><U122/><E122/><V43/><F43/><W59/><G96/><T81/><D73/><U74/><E74/><V85/><F85/><W66/><G75/><T60/><D60/><U37/><E37/><V4/><F53/><N who="3" m="29943" /><G62/><T9/><D49/><U79/><E79/><V58/><F68/><W76/><G76/><T47/><D54/><U55/><E55/><V39/><F39/><W102/><G102/><T72/><D72/><U94/><E94/><V110/><F110/><W1/><G1/><T119/><D119/><U135/><E135/><V31/><F4/><W95/><G95/><T131/><D131/><U92/><E92/><RYUUKYOKU ba="0,1" sc="303,-30,405,10,133,10,149,10" hai1="0,7,8,10,15,19,22,27,28,50,52,70,71" hai2="16,17,23,24,31,58,63,65,93,97,99,100,106" hai3="18,20,56,57,59,61,66" /><INIT seed="2,1,1,3,4,104" ten="273,415,143,159" oya="2" hai0="115,117,110,21,82,20,11,54,64,38,58,83,57" hai1="70,3,130,12,2,113,8,120,79,0,55,9,53" hai2="119,67,42,50,129,77,135,22,17,4,39,121,59" hai3="26,106,98,47,19,71,95,114,132,99,131,43,32"/><V101/><F119/><W23/><G131/><T52/><D38/><U10/><E70/><V111/><F121/><W76/><G71/><T78/><D115/><U62/><E113/><V66/><F4/><W93/><G114/><T44/><D11/><U31/><E130/><V94/><F129/><W34/><G132/><T80/><D110/><U92/><E120/><V122/><F122/><W72/><G106/><T14/><D117/><U87/><E31/><V65/><F39/><W133/><G133/><T36/><D64/><U13/><E62/><N who="2" m="38111" /><F77/><W69/><G69/><T84/><D36/><U40/><E40/><V35/><F35/><W97/><G34/><T56/><D44/><U90/><E79/><V81/><F81/><N who="0" m="31338" /><D14/><U68/><E68/><V89/><F101/><W73/><G76/><T16/><D21/><U103/><E103/><V7/><F7/><W96/><G32/><T75/><D75/><U41/><E41/><V74/><F74/><W24/><G24/><T18/><D20/><U134/><E134/><V127/><F127/><W45/><G45/><T37/><D37/><U46/><E46/><N who="2" m="25943" /><F111/><W108/><G108/><T1/><D1/><U126/><E126/><V51/><F51/><W86/><G86/><T125/><D125/><U107/><E107/><V63/><F63/><W116/><G116/><T105/><D105/><U60/><E60/><V100/><F100/><N who="3" m="60431" /><G95/><T5/><D5/><U33/><E33/><V85/><F135/><W27/><G27/><AGARI ba="1,1" hai="17,22,27,66,67,85,89,94" m="25943,38111" machi="27" ten="30,1500,0" yaku="8,1" doraHai="104" who="2" fromWho="3" sc="273,0,415,0,143,28,159,-18" /><INIT seed="2,2,0,1,1,85" ten="273,415,171,141" oya="2" hai0="109,107,118,77,101,55,82,23,37,64,111,120,128" hai1="54,79,62,72,94,43,2,80,20,131,75,26,16" hai2="126,81,60,17,112,132,116,110,114,42,134,102,86" hai3="18,84,104,103,6,1,56,21,106,51,9,32,57"/><V93/><F42/><W12/><G32/><T30/><D37/><U113/><E113/><V39/><F39/><W73/><G73/><T4/><D120/><U83/><E2/><V61/><F17/><W38/><G38/><T100/><D4/><U11/><E131/><V123/><F61/><W91/><G103/><T19/><D30/><U50/><E62/><V15/><F15/><W130/><G130/><T133/><D128/><U95/><E43/><V22/><F22/><W25/><G25/><T125/><D125/><U89/><E11/><V31/><F60/><W135/><G135/><N who="2" m="51753" /><F31/><W78/><G78/><T33/><D33/><U10/><E10/><V74/><F123/><W108/><G108/><N who="0" m="41547" /><D64/><U66/><E66/><V13/><F13/><W34/><G34/><T35/><D35/><U14/><E26/><V24/><F24/><W70/><G70/><T98/><D133/><U92/><E75/><V119/><F110/><W88/><G91/><T115/><D101/><U46/><REACH who="1" step="1"/><E80/><REACH who="1" ten="273,405,171,141" step="2"/><V5/><F74/><W49/><G49/><T58/><D115/><N who="2" m="44074" /><F126/><W3/><G3/><T71/><D71/><U117/><E117/><V65/><F65/><W105/><REACH who="3" step="1"/><G51/><REACH who="3" ten="273,405,171,131" step="2"/><T59/><D118/><U90/><AGARI ba="2,2" hai="14,16,20,46,50,54,72,79,83,89,90,92,94,95" machi="90" ten="30,8000,1" yaku="1,1,0,1,52,2,54,1,53,0" doraHai="85" doraHaiUra="7" who="1" fromWho="1" sc="273,-22,405,106,171,-42,131,-22" /><INIT seed="3,0,0,5,2,95" ten="251,511,129,109" oya="3" hai0="58,30,133,25,50,3,70,128,119,131,116,129,121" hai1="66,92,52,47,15,122,84,134,105,54,109,103,6" hai2="21,130,94,48,38,82,23,37,67,13,71,117,44" hai3="64,102,60,55,31,33,78,46,14,28,124,62,114"/><W1/><G1/><T29/><D70/><U35/><E35/><V65/><F117/><N who="0" m="45130" /><D58/><U59/><E105/><V106/><F106/><W26/><G114/><T5/><D50/><U74/><E74/><V56/><F82/><W19/><G124/><T20/><D121/><U127/><E122/><V57/><F13/><W111/><G111/><T42/><D42/><U53/><E109/><V40/><F94/><W16/><G31/><N who="0" m="17831" /><D133/><U86/><E134/><V91/><F91/><W107/><G78/><T98/><D98/><N who="1" m="59847" /><E127/><V63/><F21/><W7/><G102/><T100/><D100/><U68/><E68/><N who="2" m="42047" /><F23/><W80/><G107/><T101/><D101/><U108/><E108/><V132/><F130/><W17/><G80/><T69/><D69/><U32/><E32/><V90/><F90/><W0/><G64/><T27/><D27/><U110/><E110/><V72/><F72/><W123/><G123/><T10/><AGARI ba="0,0" hai="3,5,10,29,30,128,129,131" m="17831,45130" machi="10" ten="40,5200,0" yaku="19,1,34,2" doraHai="95" who="0" fromWho="0" sc="251,52,511,-13,129,-13,109,-26" /><INIT seed="4,0,0,3,0,88" ten="303,498,116,83" oya="0" hai0="122,55,89,38,10,117,121,129,99,45,84,90,11" hai1="37,13,127,64,104,0,97,119,61,62,135,71,23" hai2="50,40,12,109,77,79,22,32,67,43,101,110,3" hai3="56,100,4,72,78,76,20,60,75,85,5,102,111"/><T106/><D117/><U9/><E119/><V25/><F3/><W128/><G111/><T54/><D129/><U87/><E37/><V33/><F67/><W16/><G128/><T105/><D38/><U31/><E0/><V7/><F101/><N who="3" m="39019" /><G75/><T52/><D45/><U21/><E104/><N who="0" m="40041" /><D84/><U70/><E97/><V44/><F33/><W26/><G72/><T68/><D99/><U24/><E23/><V123/><F32/><W27/><G27/><T114/><D68/><U63/><E71/><V125/><F25/><W49/><G49/><T124/><D124/><U17/><E127/><V113/><F125/><W73/><G73/><T130/><D130/><U115/><E70/><V103/><F50/><W92/><G78/><T57/><D57/><U48/><E48/><V29/><F79/><W116/><G116/><T47/><D47/><U15/><E64/><V42/><F77/><W59/><G59/><T96/><D96/><U91/><E63/><V118/><F118/><W36/><G36/><T86/><D86/><U69/><E69/><V131/><F131/><W41/><G41/><T83/><D83/><U2/><E62/><V107/><F44/><W35/><G35/><T93/><D114/><U108/><E61/><V95/><F113/><W74/><G74/><T120/><D93/><U98/><E115/><V14/><F107/><W132/><G132/><T8/><AGARI ba="0,0" hai="8,10,11,52,54,55,89,90,120,121,122" m="40041" machi="8" ten="50,12000,1" yaku="29,2,28,2,54,1" doraHai="88" who="0" fromWho="0" sc="303,120,498,-40,116,-40,83,-40" /><INIT seed="4,1,0,1,5,22" ten="423,458,76,43" oya="0" hai0="103,4,116,37,77,48,62,19,90,81,127,47,106" hai1="65,110,76,28,32,97,71,58,2,12,56,108,95" hai2="112,18,89,105,114,61,101,111,87,92,72,69,86" hai3="130,34,96,52,7,0,1,27,67,126,93,68,104"/><T78/><D37/><U94/><E2/><V44/><F44/><W55/><G126/><T25/><D116/><U117/><E117/><V120/><F69/><W132/><G130/><T63/><D127/><U125/><E125/><V85/><F61/><N who="3" m="40047" /><G93/><T109/><D109/><U46/><E71/><V100/><F18/><W38/><G38/><T24/><D106/><U42/><E76/><N who="0" m="29289" /><D103/><N who="2" m="39498" /><F111/><W43/><G43/><N who="0" m="24703" /><D4/><U80/><E80/><V6/><F6/><W53/><G7/><T41/><D41/><U17/><E95/><V123/><F105/><W135/><G96/><T49/><D19/><U82/><E82/><V131/><F131/><W118/><G104/><T15/><D15/><U39/><E110/><V79/><F72/><W51/><G51/><T29/><D29/><U75/><E75/><V73/><F73/><W3/><G118/><T134/><D134/><N who="3" m="51241" /><G34/><T91/><D49/><U9/><E108/><V11/><F11/><W59/><G59/><T60/><D81/><U23/><E32/><V66/><F79/><W74/><G74/><T70/><D70/><U31/><E39/><V57/><F57/><W26/><AGARI ba="1,0" hai="0,1,3,26,27,52,53,55" m="51241,40047" machi="26" ten="40,8000,1" yaku="20,1,52,2,54,1" doraHai="22" who="3" fromWho="3" sc="423,-41,458,-21,76,-21,43,83" /><INIT seed="5,0,0,1,1,38" ten="382,437,55,126" oya="1" hai0="0,34,104,112,124,109,44,128,119,79,134,113,51" hai1="40,61,98,21,92,64,80,41,59,62,16,127,118" hai2="117,114,52,33,129,67,28,31,70,69,46,96,10" hai3="1,83,90,126,63,91,36,12,115,76,135,95,19"/><U120/><E118/><V6/><F117/><W84/><G115/><T9/><RYUUKYOKU type="yao9" ba="0,0" sc="382,0,437,0,55,0,126,0" hai0="0,9,34,44,51,79,104,109,112,113,119,124,128,134" /><INIT seed="5,1,0,0,3,34" ten="382,437,55,126" oya="1" hai0="12,65,66,25,107,44,58,2,40,62,10,118,35" hai1="26,91,116,19,8,124,57,112,119,89,79,121,100" hai2="60,126,39,54,106,7,46,96,73,22,90,113,23" hai3="53,131,16,27,120,93,129,127,81,87,71,24,133"/><U74/><E121/><V30/><F73/><W111/><G120/><T38/><D118/><U20/><E112/><V13/><F126/><W72/><G71/><T104/><D66/><U49/><E124/><V114/><F39/><W3/><G127/><T61/><D61/><U42/><E100/><V105/><F90/><W85/><G111/><T45/><D45/><U122/><E122/><V132/><F132/><W51/><G133/><T95/><D95/><U86/><E74/><V18/><F7/><W0/><G72/><T94/><D94/><U68/><E68/><V98/><F30/><W37/><G37/><T108/><D108/><U33/><E33/><V63/><F46/><W64/><G64/><T52/><D35/><U134/><E134/><V125/><F125/><W110/><G93/><T117/><D117/><U78/><E91/><V9/><F9/><W69/><G69/><T41/><D41/><U50/><E119/><V88/><F54/><W128/><G110/><T80/><D25/><N who="3" m="9801" /><G16/><T36/><D36/><U97/><E97/><N who="2" m="37483" /><F88/><N who="3" m="51247" /><G87/><T4/><D80/><U48/><E116/><V102/><F102/><W6/><G6/><T17/><D65/><U115/><E42/><V47/><F23/><AGARI ba="1,0" hai="2,4,10,12,17,23,38,40,44,52,58,62,104,107" machi="23" ten="30,3900,0" yaku="7,1,52,1,54,1" doraHai="34" who="0" fromWho="2" sc="382,42,437,0,55,-42,126,0" /><INIT seed="6,0,0,0,5,65" ten="424,437,13,126" oya="2" hai0="23,73,122,42,36,106,66,28,38,80,59,77,29" hai1="103,112,24,21,117,74,11,1,39,0,60,40,16" hai2="22,83,32,100,15,69,87,45,133,135,9,99,129" hai3="113,108,86,48,94,20,33,127,27,123,76,34,75"/><V14/><F32/><W101/><G123/><T57/><D106/><U102/><E117/><V43/><F129/><W50/><G108/><T88/><D122/><U107/><E74/><V119/><F119/><W12/><G127/><T104/><D104/><U134/><E112/><V13/><F22/><W128/><G128/><T90/><D42/><U89/><E134/><V41/><F9/><W131/><G131/><T118/><D118/><U95/><E107/><V110/><F110/><W7/><G75/><T47/><D47/><U3/><E60/><V72/><F72/><W105/><G105/><T54/><D66/><U2/><E40/><V55/><F55/><W116/><G116/><T125/><D125/><U25/><E39/><V70/><F43/><W53/><G50/><T98/><D59/><U5/><REACH who="1" step="1"/><E25/><REACH who="1" ten="424,427,13,126" step="2"/><V85/><F133/><W35/><G113/><T18/><D38/><U64/><E64/><V62/><F62/><W52/><G27/><T126/><D36/><U37/><E37/><N who="2" m="21679" /><F135/><W71/><G48/><T67/><D67/><U121/><E121/><V81/><F81/><W8/><G53/><T68/><D126/><U93/><E93/><N who="2" m="58479" /><F83/><W96/><G52/><T97/><D73/><U4/><E4/><V114/><F114/><W6/><G7/><T17/><D80/><U44/><E44/><V10/><F10/><N who="3" m="4183" /><G94/><T82/><D82/><U111/><E111/><V132/><F132/><W124/><G8/><T63/><D77/><U115/><E115/><V30/><F30/><N who="0" m="11882" /><D18/><U84/><AGARI ba="0,1" hai="0,1,2,3,5,11,16,21,24,84,89,95,102,103" machi="84" ten="30,4000,0" yaku="1,1,0,1,54,1,53,0" doraHai="65" doraHaiUra="56" who="1" fromWho="1" sc="424,-10,427,50,13,-20,126,-10" owari="414,21.4,477,57.7,-7,-50.7,116,-28.4" /></mjloggm>