<mjloggm ver="2.3"><GO type="169" lobby="0"/><UN n0="%53%69%6C%65%6E%54" n1="%E3%82%A6%E3%82%A9%E3%83%AB%E3%83%AD%E3%83%83%E3%83%88" n2="%41%52%44%45%4E" n3="%E3%81%93%E3%81%AB" dan="16,18,16,16" rate="2168.15,2222.17,2082.27,2160.03" sx="F,M,F,M"/><TAIKYOKU oya="0"/><INIT seed="0,0,0,2,4,33" ten="250,250,250,250" oya="0" hai0="125,126,60,39,122,11,86,115,96,24,104,42,29" hai1="83,37,102,134,103,78,55,77,119,28,48,63,84" hai2="130,47,53,52,92,114,32,106,105,61,73,120,94" hai3="110,16,44,113,3,15,121,97,43,5,58,133,27"/><T70/><D122/><U112/><E37/><V56/><F120/><W50/><G113/><T75/><D115/><U116/><E112/><V40/><F114/><W127/><G121/><T79/><D11/><U0/><E134/><V64/><F32/><W7/><G133/><T12/><D12/><U118/><E0/><V109/><F73/><W71/><G71/><T80/><D86/><U128/><E128/><V4/><F109/><W67/><G110/><T72/><D72/><U23/><E77/><V99/><F4/><W131/><G127/><N who="0" m="48651" /><D96/><U68/><E68/><V124/><F130/><W30/><G97/><T41/><D104/><U18/><E63/><V88/><F94/><W35/><G3/><T54/><D39/><U34/><E28/><V129/><F129/><W93/><G93/><T85/><D85/><U49/><E34/><V82/><F82/><W69/><G69/><T31/><D31/><U90/><E78/><V21/><F21/><W25/><G25/><T38/><D38/><U135/><E135/><V95/><F95/><W111/><G111/><T6/><D6/><U8/><E8/><V14/><F14/><W19/><G19/><T65/><D54/><N who="2" m="21098" /><F124/><W45/><G131/><T26/><D26/><N who="1" m="14711" /><E55/><V107/><F40/><W87/><G87/><T59/><D70/><U20/><E20/><AGARI ba="0,0" hai="20,24,29,41,42,59,60,65,75,79,80" m="48651" machi="20" ten="30,1500,0" yaku="18,1" doraHai="33" who="0" fromWho="1" sc="250,15,250,-15,250,0,250,0" /><INIT seed="0,1,0,3,0,86" ten="265,235,250,250" oya="0" hai0="6,28,4,76,73,103,123,9,128,98,101,116,1" hai1="102,105,63,33,0,108,64,131,25,114,119,85,22" hai2="57,75,37,95,40,118,38,121,49,30,35,100,106" hai3="130,104,112,32,69,99,89,113,15,72,127,60,50"/><T66/><D116/><U125/><E85/><V83/><F118/><W34/><G72/><T68/><D123/><U84/><E84/><V17/><F121/><W97/><G50/><T79/><D128/><U122/><E22/><V41/><F106/><W111/><G15/><T42/><D6/><U2/><E63/><V62/><F17/><W16/><G111/><T43/><D101/><U132/><E64/><V10/><F10/><W18/><G60/><T126/><D126/><U87/><E87/><V96/><F35/><W129/><G69/><T53/><D28/><U56/><E56/><V5/><F5/><W3/><G3/><T93/><D53/><U45/><E45/><V13/><F13/><W117/><G104/><T52/><D52/><U134/><E25/><V47/><F30/><W107/><G107/><T23/><D23/><U78/><E78/><V92/><F92/><W20/><G20/><T36/><D36/><U88/><E88/><V46/><F49/><W58/><G58/><T7/><D7/><U29/><E102/><V51/><F51/><W54/><G54/><T8/><D8/><U110/><E29/><V91/><F75/><W77/><G77/><T44/><D73/><U120/><E110/><V74/><F74/><W81/><G81/><T31/><D31/><U12/><E108/><V11/><F11/><W80/><G80/><T21/><D21/><U115/><E122/><V135/><F83/><W26/><G117/><T70/><D79/><U39/><E119/><V124/><F124/><W94/><G127/><T65/><D76/><U55/><E125/><RYUUKYOKU ba="1,0" sc="265,0,235,0,250,0,250,0" /><INIT seed="1,2,0,2,0,131" ten="265,235,250,250" oya="1" hai0="7,38,79,9,30,116,128,91,105,106,109,35,58" hai1="82,3,63,56,60,132,123,126,90,37,65,117,99" hai2="108,110,120,27,93,16,42,11,55,107,101,21,134" hai3="67,127,22,66,89,54,114,81,23,80,135,70,18"/><U0/><E123/><V48/><F107/><W130/><G114/><T62/><D38/><U68/><E117/><V14/><F120/><W111/><G130/><T19/><D116/><U20/><E37/><V77/><F77/><W97/><G111/><N who="2" m="42537" /><F42/><W71/><G127/><T40/><D40/><U8/><E126/><V85/><F101/><W10/><G10/><T52/><D79/><U118/><E118/><V75/><F75/><W87/><G18/><T95/><D19/><U129/><E8/><V74/><F74/><W83/><G54/><T115/><D115/><U61/><E61/><V45/><F85/><W17/><G97/><T98/><D128/><U1/><E129/><V96/><F93/><W78/><G17/><T112/><D112/><U13/><E13/><V73/><F73/><W15/><G15/><T100/><D100/><U104/><E20/><V32/><F96/><W94/><G78/><T122/><D122/><U69/><E63/><V41/><F32/><W119/><G119/><T5/><D35/><U125/><E125/><V103/><F103/><W6/><G94/><T25/><D106/><U4/><E104/><V26/><F134/><W24/><G83/><T86/><D105/><U29/><E132/><V76/><F76/><W57/><G87/><T92/><D86/><N who="1" m="50519" /><E99/><V39/><F11/><W64/><G135/><T12/><D109/><U50/><E50/><V49/><F39/><W88/><G67/><T33/><D95/><U133/><E133/><V28/><F28/><W113/><G113/><T2/><D30/><U44/><E29/><V59/><AGARI ba="2,0" hai="14,16,21,26,27,41,45,48,49,55,59" m="42537" machi="59" ten="30,4000,0" yaku="5,1,14,1,54,1" doraHai="131" who="2" fromWho="2" sc="265,-12,235,-22,250,46,250,-12" /><INIT seed="2,0,0,5,0,100" ten="253,213,296,238" oya="2" hai0="69,30,91,114,120,39,127,78,99,86,52,66,33" hai1="65,119,10,126,124,108,36,116,20,23,34,43,112" hai2="122,37,107,51,42,38,134,80,41,29,128,95,67" hai3="132,5,113,28,25,50,32,104,56,61,103,93,35"/><V17/><F29/><W88/><G132/><T64/><D39/><U55/><E65/><V4/><F4/><W7/><G113/><T87/><D120/><U57/><E112/><V92/><F67/><W9/><G35/><T81/><D127/><N who="1" m="48683" /><E108/><V54/><F134/><W105/><G50/><T75/><D69/><U49/><E34/><V15/><F128/><W96/><G103/><T47/><D30/><U101/><E101/><V89/><F80/><W31/><G31/><T0/><D33/><U18/><E10/><V26/><F26/><W77/><G77/><T125/><D78/><U13/><E23/><V68/><F68/><W16/><G7/><T79/><D66/><U115/><E115/><V109/><F109/><W74/><G74/><T85/><D75/><U130/><E130/><V82/><F82/><W8/><G8/><T1/><D81/><U106/><E106/><V21/><F107/><W76/><G76/><T12/><D64/><U11/><E11/><V71/><F71/><W40/><G40/><T129/><D79/><U22/><E22/><V44/><F122/><W133/><G133/><T98/><D129/><U70/><E70/><V45/><REACH who="2" step="1"/><F89/><REACH who="2" ten="253,213,286,238" step="2"/><W63/><G5/><T19/><D91/><U118/><E118/><V27/><F27/><W53/><REACH who="3" step="1"/><G63/><REACH who="3" ten="253,213,286,228" step="2"/><T6/><D125/><U102/><E102/><V84/><F84/><W94/><G94/><T72/><D87/><U73/><E73/><V59/><AGARI ba="0,2" hai="15,17,21,37,38,41,42,44,45,51,54,59,92,95" machi="59" ten="20,12000,1" yaku="1,1,0,1,7,1,9,1,53,1" doraHai="100" doraHaiUra="46" who="2" fromWho="2" sc="253,-40,213,-40,286,140,228,-40" /><INIT seed="2,1,0,3,0,108" ten="213,173,426,188" oya="2" hai0="90,7,126,25,89,56,8,120,91,60,23,127,124" hai1="22,131,27,13,32,115,50,40,48,73,114,34,26" hai2="119,15,84,4,118,93,62,59,75,88,113,92,0" hai3="94,74,12,83,105,61,96,36,47,125,16,69,85"/><V52/><F75/><W76/><G125/><T43/><D43/><U95/><E73/><V35/><F35/><W28/><G28/><T41/><D41/><U18/><E95/><V57/><F0/><W134/><G134/><T38/><D38/><U72/><E72/><V128/><F128/><W3/><G3/><T51/><D51/><U100/><E100/><V1/><F1/><W9/><G105/><T70/><D70/><U79/><E79/><V77/><F77/><W66/><G47/><T63/><D120/><U121/><E40/><V117/><F113/><N who="1" m="43017" /><E50/><V110/><F110/><W122/><G122/><T80/><D80/><U10/><E48/><V135/><F135/><W123/><G123/><T98/><D98/><U55/><E55/><V31/><F31/><W101/><REACH who="3" step="1"/><G74/><REACH who="3" ten="213,173,426,178" step="2"/><T42/><D126/><U71/><E121/><V49/><F117/><W64/><G64/><T82/><D127/><U130/><E71/><V116/><F118/><W5/><G5/><T20/><D7/><N who="1" m="3295" /><E27/><V6/><F116/><W17/><G17/><T53/><D25/><U133/><E133/><V86/><F119/><W129/><G129/><AGARI ba="1,1" hai="18,22,26,32,34,129,130,131" m="3295,43017" machi="129" ten="30,12000,2" yaku="19,1,34,2,52,3" doraHai="108" who="1" fromWho="3" sc="213,0,173,133,426,0,178,-123" /><INIT seed="3,0,0,3,1,68" ten="213,306,426,55" oya="3" hai0="91,7,133,93,90,9,25,73,20,61,122,130,126" hai1="100,129,69,134,37,10,102,21,131,114,30,118,84" hai2="82,99,86,65,88,85,113,78,103,127,28,42,125" hai3="117,112,119,107,54,40,44,50,94,128,71,59,104"/><W95/><G112/><T33/><D122/><U43/><E114/><V38/><F28/><W52/><G71/><T34/><D73/><U32/><E32/><V8/><F65/><W72/><G72/><T16/><D130/><N who="1" m="49675" /><E69/><V18/><F113/><W1/><G128/><T45/><D126/><N who="2" m="48138" /><F18/><W98/><G1/><T115/><D133/><U6/><E134/><V62/><F62/><W2/><G2/><T36/><D61/><U70/><E118/><V81/><F8/><W53/><G59/><T87/><D91/><U3/><E70/><V101/><F99/><W4/><G4/><T17/><D17/><U12/><E84/><V111/><F111/><W15/><G15/><T63/><D63/><U49/><E49/><V47/><AGARI ba="0,0" hai="38,42,47,78,81,82,85,86,88,101,103" m="48138" machi="47" ten="30,4000,0" yaku="18,1,52,1,54,1" doraHai="68" who="2" fromWho="2" sc="213,-10,306,-10,426,40,55,-20" /><INIT seed="4,0,0,3,4,127" ten="203,296,466,35" oya="0" hai0="60,15,41,27,57,3,1,7,121,84,103,62,120" hai1="10,36,80,112,20,75,56,30,47,44,124,91,18" hai2="119,122,85,16,109,92,111,70,67,105,116,98,33" hai3="17,53,69,82,99,40,22,73,96,131,110,23,68"/><T42/><D103/><U19/><E124/><V113/><F122/><W115/><G115/><T79/><D27/><N who="1" m="16743" /><E36/><V52/><F85/><W66/><G110/><T135/><D135/><U87/><E75/><V114/><F105/><W51/><G40/><T0/><D15/><N who="1" m="7543" /><E112/><N who="2" m="43115" /><F16/><W108/><G108/><N who="2" m="41545" /><F33/><W129/><G82/><T50/><D7/><U37/><E37/><V106/><F106/><W54/><G73/><T90/><D79/><U83/><E83/><V65/><F70/><W97/><G66/><N who="2" m="25097" /><F52/><N who="3" m="20075" /><G51/><T77/><D50/><U61/><E19/><V78/><F78/><W43/><G43/><T49/><D77/><U59/><E61/><V46/><F46/><AGARI ba="0,0" hai="44,46,47,56,59,80,87,91" m="7543,16743" machi="46" ten="30,1000,0" yaku="8,1" doraHai="127" who="1" fromWho="2" sc="203,0,296,10,466,-10,35,0" /><INIT seed="5,0,0,2,5,0" ten="203,306,456,35" oya="1" hai0="131,86,70,109,91,14,64,21,82,46,15,33,69" hai1="25,23,124,99,128,41,47,77,72,78,127,45,93" hai2="37,79,27,44,75,31,97,110,81,53,42,58,36" hai3="43,57,9,50,134,116,63,17,73,7,3,49,120"/><U61/><E128/><V83/><F110/><W4/><G120/><T59/><D33/><U8/><E61/><V135/><F135/><W34/><G73/><T74/><D109/><U32/><E32/><V112/><F36/><W87/><G134/><T18/><D131/><U117/><E117/><V22/><F112/><W71/><G116/><T38/><D74/><U123/><E8/><V67/><F67/><W130/><G71/><T114/><D114/><U16/><E123/><V84/><F97/><W65/><G34/><T111/><D111/><U85/><E72/><V24/><F24/><W35/><G35/><T89/><D46/><N who="1" m="17419" /><E85/><V66/><F66/><W100/><G130/><T39/><D59/><U56/><E56/><V95/><F75/><W122/><G122/><T80/><D64/><U5/><E5/><N who="3" m="2122" /><G3/><T92/><D69/><U30/><E41/><V6/><F42/><W55/><G100/><T26/><D70/><U54/><E54/><V19/><F53/><W76/><G43/><T118/><D118/><U1/><E1/><V88/><F37/><W132/><G132/><T40/><D40/><U113/><E113/><V115/><F115/><W108/><G108/><T121/><D121/><U62/><E127/><V101/><F101/><W106/><G106/><T103/><D39/><U29/><E124/><V104/><F104/><W126/><G126/><T102/><D38/><U96/><E96/><V12/><F84/><W13/><G65/><T10/><D102/><U94/><E99/><V2/><F2/><W129/><G129/><T28/><D103/><U98/><E98/><RYUUKYOKU ba="0,0" sc="203,-10,306,-10,456,-10,35,30" hai3="9,13,17,49,50,55,57,63,76,87" /><INIT seed="6,1,0,5,4,5" ten="193,296,446,65" oya="2" hai0="98,135,56,23,14,41,88,64,87,123,129,115,20" hai1="104,48,59,94,6,127,99,11,55,58,126,3,75" hai2="30,12,43,7,110,0,35,68,37,109,18,124,10" hai3="81,53,125,22,27,113,93,90,107,95,112,92,83"/><V85/><F68/><W26/><G107/><T76/><D123/><U34/><E34/><V44/><F85/><W84/><G53/><T49/><D115/><N who="3" m="44105" /><G22/><T63/><D135/><U131/><E131/><V16/><F124/><N who="1" m="47657" /><E75/><V8/><REACH who="2" step="1"/><F18/><REACH who="2" ten="193,296,436,65" step="2"/><W102/><G125/><T108/><D87/><U70/><E70/><V128/><F128/><W2/><G26/><AGARI ba="1,1" hai="0,7,8,10,12,16,26,30,35,37,43,44,109,110" machi="26" ten="40,12000,1" yaku="1,1,52,2,54,1,53,0" doraHai="5" doraHaiUra="89" who="2" fromWho="3" sc="193,0,296,0,436,133,65,-123" owari="193,-20.7,296,9.6,569,66.9,-58,-55.8" /></mjloggm>