<mjloggm ver="2.3"><GO type="169" lobby="0"/><UN n0="%52%59%4F%40%53%53" n1="%E2%97%8E%E3%82%88%E3%81%97%E2%97%8E" n2="%E6%89%8B%E6%8A%BC%E3%81%97%E8%BB%8A" n3="%E3%81%82%E3%81%95%E3%81%B4%E3%82%93%EF%BC%A0%EF%BD%8D%EF%BD%8A" dan="17,16,16,18" rate="2145.27,2160.64,2078.23,2287.81" sx="M,M,M,M"/><TAIKYOKU oya="0"/><INIT seed="0,0,0,3,4,83" ten="250,250,250,250" oya="0" hai0="65,74,85,10,72,57,124,111,135,8,69,17,40" hai1="98,2,133,45,104,110,13,84,33,30,51,130,50" hai2="58,113,47,94,87,24,46,22,127,60,5,106,63" hai3="91,121,116,100,122,4,52,76,1,38,129,25,131"/><T19/><D69/><U32/><E2/><V112/><F106/><W128/><G116/><T64/><D124/><U102/><E110/><V31/><F127/><W36/><G100/><T114/><D40/><U48/><E130/><V115/><F5/><W20/><G4/><T93/><D135/><U70/><E133/><V39/><F63/><W107/><G107/><T88/><D114/><U34/><E70/><V27/><F39/><W35/><G35/><T56/><D111/><U18/><E84/><V42/><F42/><W99/><G76/><T86/><D93/><U78/><E78/><V77/><F27/><W49/><G1/><T54/><D54/><U134/><E134/><V82/><REACH who="2" step="1"/><F94/><REACH who="2" ten="250,250,240,250" step="2"/><N who="3" m="56799" /><G38/><T119/><D88/><U81/><E81/><V118/><F118/><AGARI ba="0,1" hai="8,10,17,19,56,57,64,65,72,74,85,86,118,119" machi="118" ten="25,9600,0" yaku="22,2,52,2" doraHai="83" who="0" fromWho="2" sc="250,106,250,0,240,-96,250,0" /><INIT seed="0,1,0,1,1,37" ten="356,250,144,250" oya="0" hai0="70,20,101,121,127,25,50,46,62,110,14,124,5" hai1="38,129,109,104,39,105,108,128,115,11,52,53,6" hai2="64,51,13,33,83,81,80,95,87,4,3,23,76" hai3="42,119,7,98,117,63,88,91,19,120,106,1,100"/><T125/><D121/><U55/><E115/><V84/><F64/><W22/><G120/><T71/><D101/><U44/><E11/><V29/><F33/><W24/><G7/><T73/><D73/><U56/><E56/><V43/><F3/><W85/><G1/><T131/><D131/><N who="1" m="50251" /><E6/><V36/><F36/><N who="1" m="13865" /><E44/><N who="2" m="26015" /><F29/><W28/><G42/><N who="0" m="24919" /><D110/><AGARI ba="1,0" hai="52,53,55,104,105,108,109,110" m="13865,50251" machi="110" ten="40,8000,1" yaku="28,2,14,1,19,1,54,1" doraHai="37" who="1" fromWho="0" sc="356,-83,250,83,144,0,250,0" /><INIT seed="1,0,0,0,5,57" ten="273,333,144,250" oya="1" hai0="80,37,81,95,28,6,133,115,107,29,82,56,47" hai1="35,102,110,48,36,88,109,5,100,52,123,27,86" hai2="15,98,34,93,116,135,42,112,103,33,14,64,127" hai3="38,44,22,31,9,7,10,84,96,61,25,97,92"/><U68/><E123/><V20/><F116/><W77/><G38/><T0/><D107/><U41/><E68/><V66/><F42/><W11/><G44/><T78/><D115/><U12/><E41/><V79/><F112/><W73/><G73/><T63/><D133/><U23/><E36/><V16/><F135/><W89/><G7/><T50/><D37/><U87/><E35/><V32/><F127/><W18/><G77/><T91/><D78/><U99/><E87/><V101/><F79/><W105/><G105/><T113/><D6/><U120/><E5/><V104/><F104/><W1/><G1/><T67/><D0/><U130/><E99/><N who="3" m="37962" /><G61/><T125/><D125/><U45/><E12/><AGARI ba="0,0" hai="9,10,11,12,18,22,25,31,84,89,92" m="37962" machi="12" ten="30,1000,0" yaku="8,1" doraHai="57" who="3" fromWho="1" sc="273,0,333,-10,144,0,250,10" /><INIT seed="2,0,0,2,4,107" ten="273,323,144,260" oya="2" hai0="9,85,29,20,106,115,94,81,31,26,128,63,66" hai1="92,47,110,8,67,48,134,101,79,42,40,0,4" hai2="111,44,129,114,86,84,1,124,52,133,11,78,18" hai3="37,57,75,109,116,72,54,27,83,100,123,88,55"/><V76/><F114/><W119/><G37/><T56/><D106/><U99/><E110/><V121/><F111/><W25/><G109/><T95/><D128/><U22/><E134/><V51/><F133/><W6/><G6/><T28/><D9/><U126/><E126/><V10/><F124/><W24/><G100/><T98/><D115/><U33/><E33/><V80/><F121/><W135/><G135/><T23/><D23/><U71/><E71/><V104/><F104/><W127/><G127/><T77/><REACH who="0" step="1"/><D95/><REACH who="0" ten="263,323,144,260" step="2"/><U3/><E22/><V21/><F129/><W74/><G123/><T36/><D36/><U41/><E3/><V96/><F1/><W97/><G97/><T35/><D35/><U117/><E117/><V59/><F96/><W102/><G102/><AGARI ba="0,1" hai="20,26,28,29,31,56,63,66,77,81,85,94,98,102" machi="102" ten="30,8000,1" yaku="1,1,7,1,25,2,8,1,53,0" doraHai="107" doraHaiUra="125" who="0" fromWho="3" sc="263,90,323,0,144,0,260,-80" /><INIT seed="3,0,0,5,0,123" ten="353,323,144,180" oya="3" hai0="87,26,54,69,22,58,111,39,41,124,81,112,14" hai1="89,97,45,102,91,108,65,36,134,11,10,125,53" hai2="66,50,92,27,13,73,19,30,12,0,31,76,29" hai3="116,105,120,55,115,83,51,126,82,113,8,130,110"/><W67/><G105/><T95/><D69/><U49/><E125/><V52/><F66/><W9/><G120/><T68/><D68/><U46/><E134/><V34/><F13/><W64/><G116/><T4/><D124/><U62/><E108/><V107/><F107/><W33/><G33/><T3/><D3/><U90/><E36/><V44/><F0/><W17/><G126/><T79/><D112/><U121/><E45/><V43/><F73/><W85/><G130/><T96/><D39/><U127/><E121/><V23/><F76/><W42/><G42/><T6/><D41/><U131/><E131/><V75/><F75/><W60/><G110/><T24/><D14/><U70/><REACH who="1" step="1"/><E127/><REACH who="1" ten="353,313,144,180" step="2"/><V118/><F118/><W93/><G113/><T40/><D111/><U88/><N who="1" m="22528" /><DORA hai="20" /><U56/><E56/><V99/><F43/><W117/><G115/><T132/><D40/><U119/><E119/><V101/><AGARI ba="0,1" hai="12,19,23,27,29,30,31,34,44,50,52,92,99,101" machi="101" ten="20,5200,0" yaku="0,1,7,1,52,1,54,1" doraHai="123,20" who="2" fromWho="2" sc="353,-13,313,-13,144,62,180,-26" /><INIT seed="4,0,0,5,4,124" ten="340,300,206,154" oya="0" hai0="100,46,66,55,134,25,108,12,56,34,89,24,87" hai1="121,128,49,133,85,86,31,67,41,135,127,83,33" hai2="4,28,74,18,42,23,68,48,30,57,101,107,91" hai3="51,105,3,44,80,11,15,7,43,36,76,97,16"/><T104/><D134/><N who="1" m="51211" /><E121/><V98/><F74/><W113/><G113/><T29/><D108/><U38/><E38/><V70/><F70/><W90/><G105/><T132/><D132/><U95/><E67/><V131/><F68/><W50/><G97/><T65/><D46/><N who="1" m="25807" /><E127/><V59/><F4/><W73/><REACH who="3" step="1"/><G90/><REACH who="3" ten="340,300,206,144" step="2"/><T103/><D89/><U130/><E95/><V64/><F91/><W119/><G119/><T40/><D104/><U60/><E83/><V115/><F115/><W123/><G123/><T52/><D103/><U14/><E85/><V99/><F99/><W106/><G106/><T47/><D100/><U129/><E86/><V13/><F98/><W27/><G27/><T45/><D25/><N who="1" m="18671" /><E14/><V84/><F84/><W21/><AGARI ba="0,1" hai="3,7,11,15,16,21,36,43,44,50,51,73,76,80" machi="21" ten="20,12000,2" yaku="1,1,0,1,7,1,25,2,54,1,53,0" doraHai="124" doraHaiUra="22" who="3" fromWho="3" sc="340,-60,300,-30,206,-30,144,130" /><INIT seed="5,0,0,0,2,20" ten="280,270,176,274" oya="1" hai0="6,42,87,57,49,44,82,59,135,123,124,33,80" hai1="97,93,26,86,39,73,105,128,77,62,22,94,74" hai2="110,19,55,127,52,40,17,1,66,5,41,85,68" hai3="100,121,70,126,23,54,28,92,25,51,120,88,133"/><U53/><E39/><V67/><F110/><W13/><G70/><T108/><D108/><U95/><E128/><V78/><F68/><W64/><G64/><T81/><D33/><U134/><E134/><V35/><F35/><W60/><G60/><T27/><D135/><U104/><E62/><V116/><F116/><W58/><G133/><T130/><D124/><U24/><E53/><V90/><F78/><W101/><G126/><T56/><D123/><U10/><E22/><V43/><F127/><W129/><G129/><T71/><D71/><U21/><E21/><V37/><F37/><W7/><G121/><T99/><D27/><N who="1" m="10283" /><E10/><V122/><F122/><W29/><G29/><T14/><D130/><U63/><E63/><V112/><F5/><W46/><G120/><T119/><D119/><U65/><E65/><N who="2" m="24587" /><F1/><W102/><G7/><T61/><D61/><U47/><E47/><V106/><F106/><N who="1" m="41065" /><E97/><V76/><F76/><W3/><G3/><T84/><D99/><U132/><E132/><V131/><F131/><W8/><G8/><AGARI ba="0,0" hai="6,8,14,42,44,49,56,57,59,80,81,82,84,87" machi="8" ten="40,1300,0" yaku="8,1" doraHai="20" who="0" fromWho="3" sc="280,13,270,0,176,0,274,-13" /><INIT seed="6,0,0,5,5,99" ten="293,270,176,261" oya="2" hai0="86,77,64,66,73,91,54,88,130,37,38,111,127" hai1="42,33,100,35,12,122,108,68,1,11,118,75,51" hai2="65,16,105,83,107,115,9,21,96,31,134,70,57" hai3="109,74,133,128,48,129,120,101,30,18,81,28,26"/><V55/><F134/><W90/><G109/><T87/><D111/><U131/><E75/><V23/><F70/><W78/><G120/><T85/><D73/><U114/><E68/><V89/><F65/><W123/><G123/><T112/><D77/><U50/><E1/><V97/><F115/><W10/><G133/><T80/><D86/><U102/><E108/><V106/><F9/><W62/><G62/><T47/><D54/><U72/><E72/><V121/><F121/><W135/><G135/><T2/><D47/><U124/><E118/><V92/><F83/><W103/><G90/><T19/><D19/><N who="1" m="8607" /><E42/><V84/><F23/><N who="3" m="13687" /><G48/><N who="1" m="18474" /><E114/><V113/><F31/><N who="3" m="11819" /><G10/><T15/><D112/><U29/><E29/><V69/><F69/><W125/><G125/><T20/><D127/><U98/><E98/><V39/><F39/><W7/><G7/><T132/><D132/><U119/><E119/><V126/><F126/><W40/><G40/><T49/><D49/><U116/><E116/><V14/><REACH who="2" step="1"/><F113/><REACH who="2" ten="293,270,166,261" step="2"/><W58/><G58/><T95/><D37/><U71/><E71/><V117/><F117/><W5/><G5/><T60/><D38/><U27/><E124/><V25/><F25/><W0/><G0/><T36/><D2/><U53/><E122/><V45/><F45/><W94/><G94/><T110/><D36/><U56/><E27/><V6/><F6/><W61/><G128/><T52/><D130/><U46/><E131/><V32/><F32/><N who="1" m="12361" /><E46/><V93/><F93/><W17/><G129/><T44/><D44/><U4/><E4/><V43/><F43/><W41/><G41/><RYUUKYOKU ba="0,1" sc="293,-15,270,15,166,15,261,-15" hai1="53,56,100,102" hai2="14,16,21,55,57,84,89,92,96,97,105,106,107" /><INIT seed="6,1,1,3,3,126" ten="278,285,181,246" oya="2" hai0="31,48,73,8,129,47,60,37,35,124,24,130,74" hai1="14,100,28,38,6,9,114,16,127,44,79,131,22" hai2="57,65,128,81,94,134,55,76,107,68,52,26,5" hai3="80,20,21,125,78,30,54,71,1,11,61,69,83"/><V36/><F107/><W119/><G119/><T98/><D124/><U4/><E127/><V23/><F36/><W75/><G125/><T13/><D60/><U132/><E100/><V95/><F68/><W104/><G104/><T41/><D98/><U133/><E79/><V102/><F5/><N who="1" m="2153" /><E44/><V33/><F33/><W25/><G11/><T90/><D90/><U66/><E66/><V99/><F95/><W3/><G54/><T110/><D110/><U27/><E38/><V29/><F134/><N who="1" m="51817" /><E131/><N who="0" m="50185" /><D37/><U10/><E114/><V34/><F34/><AGARI ba="1,1" hai="9,10,14,16,22,27,28,34" m="51817,2153" machi="34" ten="30,7700,0" yaku="20,1,34,2,54,1" doraHai="126" who="1" fromWho="2" sc="278,0,285,90,181,-80,246,0" /><INIT seed="7,0,0,1,5,88" ten="278,375,101,246" oya="3" hai0="115,126,125,41,57,39,121,58,108,133,103,62,96" hai1="1,24,16,80,93,20,90,127,67,42,132,110,92" hai2="51,69,59,19,71,56,75,49,53,84,70,26,34" hai3="47,131,45,10,72,134,66,114,33,85,63,101,64"/><W122/><G72/><T107/><D108/><U117/><E1/><V2/><F2/><W81/><G122/><T95/><D121/><U35/><E127/><N who="0" m="48649" /><D133/><U105/><E132/><V73/><F84/><W74/><G74/><T83/><D115/><U111/><E105/><V17/><F34/><W116/><G134/><T32/><D32/><U68/><E35/><V30/><F30/><W36/><G116/><T7/><D7/><U50/><E67/><V55/><F26/><W22/><G33/><T4/><D4/><U94/><E50/><V40/><F40/><W14/><G114/><T8/><D8/><U130/><E68/><V112/><F112/><W98/><G22/><T106/><D83/><U29/><E42/><V65/><F65/><N who="3" m="25195" /><G63/><T12/><D12/><U18/><E117/><V123/><F123/><W79/><G36/><T76/><D76/><U44/><E111/><V6/><F6/><N who="3" m="3415" /><G131/><T118/><D118/><U43/><E130/><V3/><F3/><W91/><G79/><T37/><D62/><U99/><E110/><V100/><F100/><W97/><G101/><T52/><D39/><U31/><E31/><V102/><F102/><W5/><G5/><T61/><D58/><U109/><E109/><V11/><F11/><W120/><G120/><T87/><D107/><U54/><E29/><V46/><F46/><AGARI ba="0,0" hai="45,46,47,81,85,91,97,98" m="3415,25195" machi="46" ten="30,1500,0" yaku="8,1" doraHai="88" who="3" fromWho="2" sc="278,0,375,0,101,-15,246,15" /><INIT seed="7,1,0,3,2,107" ten="278,375,86,261" oya="3" hai0="0,119,129,97,20,123,93,18,45,59,23,111,131" hai1="52,122,57,47,22,63,48,100,40,108,60,121,101" hai2="80,19,58,37,124,69,83,96,62,109,10,15,25" hai3="84,38,114,2,125,34,8,130,91,9,33,74,71"/><W79/><G71/><T87/><D111/><U55/><E108/><V134/><F37/><W78/><G38/><T102/><D119/><U126/><E126/><V94/><F124/><W89/><G125/><T99/><D0/><U41/><E22/><V67/><F69/><W14/><G114/><T6/><D6/><U85/><E85/><V132/><F109/><W53/><G130/><N who="0" m="49675" /><D123/><N who="1" m="47115" /><E100/><V76/><F76/><W49/><G2/><T98/><D45/><U82/><E101/><V1/><F1/><W30/><G30/><T4/><D4/><U11/><E82/><V16/><F132/><W73/><G84/><T117/><D117/><U103/><E103/><V43/><F43/><N who="1" m="16457" /><E11/><V115/><F115/><W64/><G64/><T13/><D23/><U3/><E3/><V50/><F50/><AGARI ba="1,0" hai="47,48,50,52,55,57,60,63" m="16457,47115" machi="50" ten="30,3900,0" yaku="34,2,54,1" doraHai="107" who="1" fromWho="2" sc="278,0,375,42,86,-42,261,0" owari="278,7.8,417,51.7,44,-45.6,261,-13.9" /></mjloggm>