<mjloggm ver="2.3"><GO type="169" lobby="0"/><UN n0="%E7%B4%94%E6%BD%94%E3%83%94%E3%83%A9%E3%83%8B%E3%82%A2" n1="%4A%4B%E3%81%97%E3%82%8D%E3%81%BE%E3%82%8B" n2="%E6%9C%AC%E5%AE%B6%E3%81%8B%E3%81%BE%E3%81%A9%E3%82%84" n3="%45%7A%61%6B%69" dan="17,16,17,16" rate="2205.63,2123.32,2168.54,2117.10" sx="M,F,M,M"/><TAIKYOKU oya="0"/><INIT seed="0,0,0,5,2,89" ten="250,250,250,250" oya="0" hai0="98,108,112,110,132,34,41,120,36,26,126,63,99" hai1="129,14,90,29,71,128,33,79,88,21,68,48,25" hai2="58,0,78,135,106,10,50,119,45,81,109,101,82" hai3="16,115,61,43,113,87,104,60,31,2,93,11,122"/><T94/><D112/><U100/><E79/><V65/><F109/><N who="0" m="42090" /><D120/><U70/><E100/><V9/><F135/><W131/><G104/><T3/><D132/><U8/><E48/><V44/><F119/><W117/><G117/><T28/><D3/><U73/><E73/><V49/><F0/><W84/><G122/><T118/><D118/><U74/><E74/><V91/><F101/><W5/><G131/><N who="1" m="50250" /><E33/><V96/><F106/><W123/><G123/><T57/><D126/><U39/><E39/><V7/><F7/><AGARI ba="0,0" hai="7,8,14,21,25,29,68,70,71,88,90" m="50250" machi="7" ten="40,2600,0" yaku="19,1,54,1" doraHai="89" who="1" fromWho="2" sc="250,0,250,26,250,-26,250,0" /><INIT seed="1,0,0,4,4,11" ten="250,276,224,250" oya="1" hai0="16,88,37,120,23,132,22,84,18,123,68,87,135" hai1="95,20,30,86,19,101,43,70,50,28,5,15,48" hai2="79,64,105,39,97,111,55,96,10,62,31,54,127" hai3="112,8,106,115,33,41,67,0,44,80,108,52,2"/><U35/><E70/><V83/><F127/><W110/><G106/><T60/><D37/><U98/><E35/><V13/><F39/><W81/><G33/><T119/><D68/><U99/><E5/><V36/><F36/><W47/><G67/><T32/><D32/><U9/><E86/><V40/><F40/><W90/><G41/><T63/><REACH who="0" step="1"/><D88/><REACH who="0" ten="240,276,224,250" step="2"/><U126/><E126/><V21/><F111/><W3/><G90/><T34/><D34/><U109/><E109/><N who="3" m="42090" /><G8/><T61/><D61/><U100/><E9/><V42/><F62/><W128/><G128/><T114/><D114/><N who="3" m="43561" /><G52/><T82/><D82/><AGARI ba="0,1" hai="0,2,3,44,47,80,81,82" m="43561,42090" machi="82" ten="40,5200,0" yaku="28,2,14,1" doraHai="11" who="3" fromWho="0" sc="240,-52,276,0,224,0,250,62" /><INIT seed="2,0,0,3,5,64" ten="188,276,224,312" oya="2" hai0="83,60,5,6,35,23,120,97,78,124,88,10,7" hai1="26,46,129,85,118,50,115,70,100,119,9,126,53" hai2="84,8,36,57,28,48,37,103,44,101,82,68,90" hai3="27,131,89,59,34,135,16,91,127,72,130,79,76"/><V69/><F28/><W56/><G34/><T116/><D35/><U29/><E115/><V95/><F57/><N who="3" m="22091" /><G135/><T81/><D120/><U74/><E74/><V114/><F114/><W134/><G134/><T19/><D116/><U18/><E129/><N who="3" m="49162" /><G127/><T43/><D124/><U92/><E126/><V106/><F106/><W80/><G79/><T20/><D60/><U65/><E18/><V33/><F33/><W41/><G41/><T111/><D43/><U66/><E9/><V15/><F37/><W96/><G96/><T67/><D67/><U86/><E66/><V2/><F36/><W32/><G32/><T132/><D111/><U107/><E107/><V1/><F1/><W3/><G3/><T42/><D42/><U99/><E119/><V58/><F58/><W12/><G27/><T31/><D31/><U105/><E105/><V93/><F2/><W122/><G122/><T125/><D78/><U22/><REACH who="1" step="1"/><E118/><REACH who="1" ten="188,266,224,312" step="2"/><V0/><F0/><W123/><G123/><T17/><D125/><U62/><AGARI ba="0,1" hai="22,26,29,46,50,53,62,65,70,85,86,92,99,100" machi="62" ten="30,7900,0" yaku="1,1,2,1,0,1,52,1,53,0" doraHai="64" doraHaiUra="39" who="1" fromWho="1" sc="188,-20,266,89,224,-39,312,-20" /><INIT seed="3,0,0,4,3,91" ten="168,355,185,292" oya="3" hai0="71,7,94,44,95,1,103,43,92,57,63,122,130" hai1="30,19,84,34,135,33,109,49,131,11,82,89,31" hai2="12,125,48,15,24,105,115,22,67,53,69,36,83" hai3="119,28,78,129,2,40,110,26,61,108,101,88,107"/><W68/><G119/><T124/><D122/><U97/><E109/><N who="3" m="42090" /><G2/><T123/><D123/><U0/><E131/><V51/><F115/><W9/><G129/><T72/><D72/><U132/><E49/><V58/><F105/><W47/><G78/><T64/><D130/><U55/><E55/><V102/><F102/><W59/><G68/><T90/><D103/><U16/><E97/><V38/><F125/><W62/><G9/><T4/><D124/><U37/><E37/><V8/><F83/><W3/><G3/><T127/><D127/><U14/><E19/><V74/><F74/><W120/><G120/><T52/><D90/><U5/><E31/><V113/><F113/><W32/><G59/><T100/><D100/><U126/><E126/><V6/><F15/><W17/><G17/><T23/><D23/><N who="1" m="11671" /><E30/><V79/><F79/><W21/><G32/><T106/><D106/><U27/><E27/><V25/><F25/><W60/><G88/><T41/><D1/><U73/><E73/><V76/><F76/><W114/><G114/><T66/><D66/><U93/><E82/><V116/><F67/><W134/><G134/><AGARI ba="0,0" hai="0,5,11,33,34,84,89,93,132,134,135" m="11671" machi="134" ten="30,3900,0" yaku="20,1,52,1,54,1" doraHai="91" who="1" fromWho="3" sc="168,0,355,39,185,0,292,-39" /><INIT seed="4,0,0,3,5,26" ten="168,394,185,253" oya="0" hai0="58,135,131,87,76,20,93,59,55,45,108,52,92" hai1="83,9,96,124,66,39,68,36,46,100,24,70,67" hai2="91,33,107,34,43,117,134,119,0,42,14,30,60" hai3="49,109,133,81,29,37,103,53,104,99,102,31,113"/><T1/><D1/><U98/><E124/><V74/><F107/><W47/><G109/><T118/><D118/><N who="2" m="45066" /><F74/><W78/><G113/><T114/><D114/><U115/><E115/><V16/><F0/><W22/><G133/><T69/><D69/><U89/><E24/><N who="2" m="18631" /><F34/><W116/><G116/><T4/><D135/><U25/><E89/><V21/><F134/><W106/><G37/><T41/><D131/><U32/><E46/><V101/><F101/><W18/><G103/><T94/><D4/><U44/><E83/><V2/><F2/><W13/><REACH who="3" step="1"/><G104/><REACH who="3" ten="168,394,185,243" step="2"/><T65/><D108/><U73/><E39/><V79/><F79/><W6/><G6/><T82/><D20/><U75/><E36/><V38/><F38/><W125/><G125/><T54/><D65/><U7/><E66/><V95/><F60/><W72/><AGARI ba="0,1" hai="13,18,22,29,31,47,49,53,72,78,81,99,102,106" machi="72" ten="20,8000,1" yaku="1,1,0,1,7,1,52,2,53,0" doraHai="26" doraHaiUra="111" who="3" fromWho="3" sc="168,-40,394,-20,185,-20,243,90" /><INIT seed="5,0,0,0,4,76" ten="128,374,165,333" oya="1" hai0="61,51,19,18,123,40,78,121,118,126,100,124,55" hai1="58,23,30,25,85,116,57,117,2,17,70,99,81" hai2="68,10,54,37,56,53,135,134,97,12,133,95,32" hai3="102,6,92,82,5,59,106,98,111,64,112,42,45"/><U132/><E70/><V29/><F37/><W1/><G111/><T34/><D34/><U71/><E71/><V36/><F36/><W91/><G112/><T8/><D100/><U107/><E2/><V22/><F68/><W110/><G110/><T48/><D118/><U62/><E132/><V83/><F32/><W94/><G106/><T7/><D78/><U35/><E58/><V86/><F29/><W88/><G1/><T52/><D40/><U41/><E41/><V130/><F22/><W96/><G59/><T31/><D31/><U90/><E107/><V14/><F130/><W50/><G64/><T0/><D61/><U67/><REACH who="1" step="1"/><E99/><REACH who="1" ten="128,364,165,333" step="2"/><V20/><F56/><W72/><G72/><T79/><D51/><U122/><E122/><N who="0" m="46601" /><D48/><U3/><E3/><V108/><F108/><W125/><G125/><N who="0" m="48235" /><D79/><U33/><E33/><V27/><F133/><W9/><G9/><T73/><D73/><U131/><E131/><V28/><F10/><W103/><G91/><T26/><D55/><N who="2" m="21002" /><F135/><W21/><G21/><T89/><D52/><U87/><E87/><AGARI ba="0,1" hai="5,6,42,45,50,82,87,88,92,94,96,98,102,103" machi="87" ten="40,8000,1" yaku="9,1,8,1,52,1,54,1" doraHai="76" who="3" fromWho="1" sc="128,0,364,-80,165,0,333,90" /><INIT seed="6,0,0,2,0,99" ten="128,284,165,423" oya="2" hai0="95,85,1,10,81,39,131,58,50,118,55,35,120" hai1="86,90,98,116,106,128,119,37,115,100,105,110,84" hai2="92,72,6,88,15,79,18,64,73,123,31,80,71" hai3="44,2,24,51,27,49,132,69,28,36,40,12,14"/><V134/><F123/><W56/><G69/><T4/><D120/><U101/><E37/><V117/><F117/><W135/><G2/><T133/><D118/><N who="1" m="45099" /><E110/><V70/><F134/><N who="3" m="51243" /><G27/><T78/><D133/><U114/><E128/><V97/><F6/><W62/><G51/><T33/><D131/><U76/><E76/><V60/><F31/><W96/><G96/><T17/><D39/><U5/><E5/><V38/><F38/><W104/><G104/><N who="1" m="40042" /><E98/><V47/><F47/><W87/><G87/><N who="1" m="33322" /><E90/><V59/><REACH who="2" step="1"/><F72/><REACH who="2" ten="128,284,155,423" step="2"/><W20/><G36/><T93/><REACH who="0" step="1"/><D17/><REACH who="0" ten="118,284,155,423" step="2"/><U43/><E43/><V45/><F45/><W53/><AGARI ba="0,2" hai="12,14,20,24,28,40,44,49,53,56,62" m="51243" machi="53" ten="30,1100,0" yaku="20,1" doraHai="99" who="3" fromWho="3" sc="118,-3,284,-3,155,-5,423,31" /><INIT seed="7,0,0,2,3,131" ten="115,281,150,454" oya="3" hai0="113,13,1,44,17,20,39,36,123,75,61,126,15" hai1="100,128,31,76,27,111,130,132,85,41,65,2,71" hai2="64,112,49,66,7,89,25,114,30,51,38,79,45" hai3="19,135,117,37,29,55,26,110,97,109,122,80,24"/><W6/><G117/><T21/><D123/><U28/><E111/><V119/><F119/><W88/><G122/><T90/><D1/><U72/><E2/><V91/><F79/><W43/><G135/><T101/><D126/><U74/><E41/><V129/><F7/><W121/><G121/><T56/><D75/><U33/><E31/><V9/><F9/><W22/><G6/><T115/><D101/><U103/><E85/><V99/><F38/><W83/><G55/><T42/><D90/><N who="2" m="34314" /><F99/><W5/><G5/><T57/><D36/><U78/><E78/><V3/><F3/><W40/><G97/><T133/><D133/><U86/><E86/><V53/><F51/><W69/><G69/><T108/><D108/><U77/><E132/><V52/><F53/><W87/><G80/><T0/><D0/><U94/><E94/><V59/><F45/><W4/><G4/><T98/><D98/><U120/><E120/><V67/><F129/><W63/><G63/><T16/><REACH who="0" step="1"/><D56/><REACH who="0" ten="105,281,150,454" step="2"/><U70/><E74/><V47/><F59/><W48/><G37/><T93/><D93/><U34/><E72/><V18/><F114/><W35/><G110/><T50/><D50/><U104/><E103/><V10/><F112/><W81/><G109/><T107/><D107/><U62/><E71/><V60/><F49/><W95/><G48/><T12/><D12/><U124/><E124/><V118/><F118/><W105/><G105/><T73/><D73/><U84/><E77/><V102/><F102/><W96/><G83/><T14/><D14/><U32/><E100/><AGARI ba="0,1" hai="19,22,24,26,29,35,40,43,81,87,88,95,96,100" machi="100" ten="30,2900,0" yaku="7,1,54,1" doraHai="131" who="3" fromWho="1" sc="105,0,281,-29,150,0,454,39" owari="105,-39.5,252,5.2,150,-25.0,493,59.3" /></mjloggm>