<mjloggm ver="2.3"><GO type="225" lobby="0"/><UN n0="%E6%A1%9C%E8%8A%B1%E9%96%83%E3%80%85" n1="%E6%98%93%E5%88%A9%E8%96%A9%E4%BC%AF" n2="%E3%82%A2%E3%83%9E%E3%83%9D%EF%BD%9E%EF%BD%9E%E3%83%A9" n3="%E6%9C%88%E5%B3%B6%E5%9F%BA" dan="16,17,17,17" rate="2237.63,2199.39,2126.00,2218.36" sx="M,F,M,M"/><TAIKYOKU oya="0"/><INIT seed="0,0,0,5,1,22" ten="250,250,250,250" oya="0" hai0="56,52,87,124,90,36,51,0,26,59,116,109,119" hai1="93,78,74,13,1,2,49,117,135,120,83,86,125" hai2="29,105,121,53,62,35,43,5,19,111,68,91,63" hai3="42,114,18,115,92,84,108,89,44,11,99,27,123"/><T75/><D75/><U25/><E117/><V64/><F121/><W95/><G123/><T9/><D124/><U33/><E120/><V107/><F111/><W82/><G108/><T40/><D109/><U4/><E135/><V24/><F43/><W113/><G99/><T134/><D134/><U130/><E130/><V79/><F79/><W100/><G100/><T85/><D59/><U88/><E125/><V110/><F110/><W66/><G66/><T54/><D54/><U101/><E101/><V106/><F5/><W102/><G102/><T127/><D127/><U12/><E49/><V103/><F91/><W7/><G18/><T69/><D69/><U8/><REACH who="1" step="1"/><E12/><REACH who="1" ten="250,240,250,250" step="2"/><V47/><F103/><W133/><G133/><T3/><D119/><U39/><E39/><V38/><F38/><W81/><G113/><T65/><D36/><U76/><E76/><V61/><F106/><W30/><G114/><T20/><D51/><U45/><E45/><V80/><F107/><W71/><G44/><T10/><D116/><U129/><E129/><V70/><F105/><W32/><G115/><T17/><D0/><U37/><E37/><V132/><F132/><W67/><G89/><T104/><D3/><U21/><E21/><N who="2" m="13375" /><F47/><W58/><G32/><T31/><D104/><U15/><E15/><V6/><F63/><W48/><G48/><T98/><D90/><U94/><E94/><V41/><F62/><W77/><G77/><T34/><D34/><U73/><E73/><V46/><F35/><W28/><G92/><T112/><D112/><U118/><E118/><V128/><F128/><RYUUKYOKU ba="0,1" sc="250,-10,240,30,250,-10,250,-10" hai1="1,2,4,8,13,25,33,74,78,83,86,88,93" /><INIT seed="1,1,1,0,5,116" ten="240,270,240,240" oya="1" hai0="85,55,98,53,87,39,66,23,130,2,96,57,45" hai1="122,77,51,27,65,75,120,12,64,81,33,97,48" hai2="43,128,19,38,127,84,21,34,1,25,61,36,47" hai3="89,62,79,80,13,108,93,16,94,86,63,124,10"/><U112/><E112/><V117/><F117/><W119/><G119/><T91/><D2/><U83/><E12/><V92/><F127/><W107/><G107/><T6/><D130/><U5/><E5/><V0/><F128/><W44/><G124/><T26/><D6/><U134/><E134/><V76/><F38/><W72/><G108/><T118/><D87/><U70/><E97/><N who="0" m="37481" /><D39/><U18/><E83/><V52/><F34/><W15/><G93/><N who="0" m="54511" /><D45/><U78/><E78/><V121/><F121/><W41/><REACH who="3" step="1"/><G15/><REACH who="3" ten="240,270,240,230" step="2"/><T74/><D118/><U17/><E81/><V114/><F114/><W101/><G101/><T4/><D4/><U42/><E33/><V106/><F106/><W50/><AGARI ba="1,2" hai="10,13,16,41,44,50,62,63,72,79,80,86,89,94" machi="50" ten="20,5200,0" yaku="1,1,0,1,7,1,54,1,53,0" doraHai="116" doraHaiUra="54" who="3" fromWho="3" sc="240,-14,270,-27,240,-14,230,75" /><INIT seed="2,0,0,2,3,49" ten="226,243,226,305" oya="2" hai0="4,3,119,125,58,0,47,90,67,89,54,5,30" hai1="14,66,39,33,107,75,74,82,86,121,32,57,63" hai2="21,20,112,91,42,105,123,81,60,48,126,87,84" hai3="135,7,102,59,98,92,15,113,10,34,108,6,26"/><V99/><F112/><W44/><G113/><T109/><D109/><U101/><E39/><V70/><F123/><W50/><G108/><T11/><D125/><U134/><E134/><V111/><F126/><W1/><G135/><T122/><D122/><U24/><E121/><V28/><F111/><W40/><G1/><T65/><D30/><U131/><E131/><V27/><F105/><W124/><G124/><T116/><D47/><U73/><E14/><V64/><F99/><W77/><G34/><T129/><D129/><U51/><E24/><V16/><F87/><W25/><G7/><T127/><D127/><U106/><E51/><V29/><REACH who="2" step="1"/><F21/><REACH who="2" ten="226,243,216,305" step="2"/><W97/><G97/><T9/><D58/><U120/><E120/><V128/><F128/><W104/><G104/><T45/><D45/><AGARI ba="0,1" hai="16,20,27,28,29,42,45,48,60,64,70,81,84,91" machi="45" ten="40,7700,0" yaku="1,1,54,1,53,1" doraHai="49" doraHaiUra="13" who="2" fromWho="0" sc="226,-77,243,0,216,87,305,0" /><INIT seed="2,1,0,4,1,59" ten="149,243,303,305" oya="2" hai0="135,70,0,21,41,26,82,50,66,25,9,56,23" hai1="124,115,125,87,90,78,42,120,44,33,62,134,49" hai2="132,71,119,101,83,69,30,73,65,27,51,99,126" hai3="77,5,24,64,28,37,13,110,98,97,102,94,100"/><V18/><F119/><W29/><G37/><T76/><D135/><U52/><E115/><V84/><F126/><N who="1" m="48745" /><E120/><V128/><F73/><W122/><G122/><T22/><D70/><U104/><E33/><V17/><F51/><W1/><G1/><T80/><D0/><U121/><E121/><V79/><F128/><W96/><G110/><T43/><D9/><U67/><E104/><N who="2" m="63551" /><F69/><W4/><G77/><T54/><D66/><U3/><E78/><V60/><F132/><W20/><G64/><T38/><D38/><U89/><E3/><V31/><F31/><N who="3" m="17799" /><G94/><T127/><D127/><U40/><E134/><V88/><F79/><W109/><G109/><T68/><D68/><N who="1" m="42103" /><E90/><V86/><F86/><W8/><G5/><T118/><D118/><U91/><E89/><V10/><F10/><W63/><G100/><T74/><REACH who="0" step="1"/><D80/><AGARI ba="1,0" hai="40,42,44,49,52,80,87,91" m="42103,48745" machi="80" ten="30,3900,0" yaku="18,1,52,1,54,1" doraHai="59" who="1" fromWho="0" sc="149,-42,243,42,303,0,305,0" /><INIT seed="3,0,0,1,2,20" ten="107,285,303,305" oya="3" hai0="48,110,41,75,74,112,14,28,52,61,70,111,69" hai1="8,99,37,117,89,86,76,81,3,6,31,83,88" hai2="96,91,108,78,73,50,64,45,27,57,49,127,92" hai3="67,102,95,126,36,65,22,94,128,33,47,4,13"/><W120/><G33/><T15/><D112/><U84/><E117/><V30/><F108/><N who="0" m="41514" /><D41/><U32/><E37/><V68/><F127/><W34/><G34/><T62/><D28/><U24/><E99/><V107/><F107/><W90/><G120/><T43/><D43/><U97/><E97/><V21/><F68/><N who="0" m="26218" /><D48/><N who="2" m="18538" /><F73/><N who="0" m="27658" /><D52/><U38/><E38/><V12/><F78/><AGARI ba="0,0" hai="3,6,8,24,31,32,76,78,81,83,84,86,88,89" machi="78" ten="30,7700,0" yaku="7,1,9,1,52,1,54,1" doraHai="20" who="1" fromWho="2" sc="107,0,285,77,303,-77,305,0" owari="107,-39.3,362,46.2,226,-17.4,305,10.5" /></mjloggm>