<mjloggm ver="2.3"><GO type="169" lobby="0"/><UN n0="%68%61%79%61%74%6F%E2%98%86" n1="%E3%81%8B%E3%82%81%E3%81%98%E3%82%8D%E3%81%86" n2="%E3%83%A9%E3%83%9E%E3%83%BC%E7%9A%87%E5%AD%90" n3="%E3%83%AF%E3%82%BF%E3%82%B7%E3%81%8C%E9%A3%9B%E3%82%93%E3%81%A0%E6%97%A5" dan="16,16,19,16" rate="2057.06,2152.35,2238.12,2125.61" sx="M,M,M,M"/><TAIKYOKU oya="0"/><INIT seed="0,0,0,5,5,45" ten="250,250,250,250" oya="0" hai0="19,83,133,1,15,113,24,72,7,64,66,120,47" hai1="58,68,101,125,100,8,4,50,62,77,30,17,11" hai2="65,3,132,51,49,106,52,129,28,57,63,116,117" hai3="34,12,32,86,131,94,9,79,135,48,76,82,88"/><T0/><D113/><U98/><E125/><V114/><F106/><W87/><G135/><T40/><D120/><U70/><E77/><V128/><F3/><W96/><G131/><N who="2" m="50249" /><F28/><W41/><G41/><T39/><D133/><U134/><E134/><V53/><F132/><W122/><G122/><T123/><D123/><U44/><E30/><V112/><F53/><W111/><G111/><T84/><D72/><U92/><E100/><V56/><F51/><W67/><G67/><T126/><D126/><U59/><E17/><V33/><F33/><W27/><G27/><T18/><D1/><U25/><E25/><V93/><F93/><W97/><G48/><T91/><D0/><U38/><E38/><V99/><F99/><W75/><G97/><T102/><D102/><U130/><E130/><V107/><F107/><W81/><REACH who="3" step="1"/><G75/><REACH who="3" ten="250,250,250,240" step="2"/><T74/><D74/><U71/><E62/><V6/><F6/><AGARI ba="0,1" hai="6,9,12,32,34,76,79,81,82,86,87,88,94,96" machi="6" ten="30,8000,1" yaku="1,1,2,1,7,1,9,1,54,1,53,0" doraHai="45" doraHaiUra="104" who="3" fromWho="2" sc="250,0,250,0,250,-80,240,90" /><INIT seed="1,0,0,4,4,107" ten="250,250,170,330" oya="1" hai0="62,111,44,78,90,123,104,63,25,17,11,81,16" hai1="135,112,97,67,27,122,88,51,132,40,26,14,73" hai2="85,58,41,126,3,128,69,117,10,71,121,19,9" hai3="119,102,37,48,4,115,13,76,6,65,56,86,50"/><U100/><E122/><V2/><F121/><W18/><G119/><T21/><D104/><U53/><E112/><V22/><F117/><W28/><G37/><T8/><D111/><U96/><E40/><V57/><F126/><W70/><G70/><T30/><D123/><U43/><E43/><V33/><F33/><W127/><G115/><T109/><D90/><U114/><E67/><V74/><F128/><W124/><G102/><T23/><D44/><U7/><E73/><V84/><F41/><W134/><G28/><T39/><D39/><U93/><E114/><V99/><F99/><W68/><G68/><T45/><D45/><U52/><E53/><V55/><F22/><W83/><G134/><N who="1" m="51242" /><E14/><V5/><F55/><N who="3" m="31847" /><G50/><T12/><D109/><U36/><E7/><V49/><F49/><W87/><G65/><T101/><D101/><U24/><E36/><V75/><F19/><W38/><G38/><T80/><D8/><U106/><E27/><V91/><F91/><W113/><G113/><T77/><D11/><U92/><E106/><V95/><REACH who="2" step="1"/><F95/><REACH who="2" ten="250,250,160,330" step="2"/><W72/><G127/><T54/><D54/><U15/><E15/><V94/><F94/><W61/><G124/><T35/><D12/><U20/><E20/><V31/><F31/><W66/><G13/><T47/><D30/><U29/><E29/><V34/><F34/><W42/><G42/><T59/><D35/><U120/><E120/><V125/><F125/><W89/><G18/><T0/><D17/><U110/><E110/><V118/><F118/><W1/><G6/><AGARI ba="0,1" hai="2,3,5,6,9,10,57,58,69,71,74,75,84,85" machi="6" ten="25,12000,2" yaku="1,1,22,2,52,2,53,2" doraHai="107" doraHaiUra="64" who="2" fromWho="3" sc="250,0,250,0,160,130,330,-120" /><INIT seed="2,0,0,2,2,34" ten="250,250,290,210" oya="2" hai0="28,107,86,22,124,4,37,128,113,29,78,45,99" hai1="20,81,52,7,70,62,121,39,106,103,43,102,92" hai2="50,49,120,53,66,122,26,134,101,84,19,79,51" hai3="60,56,6,118,132,59,40,96,42,10,44,14,100"/><V9/><F134/><W48/><G132/><T24/><D113/><U109/><E106/><V74/><F74/><W94/><G118/><T0/><D128/><U33/><E33/><V13/><F66/><W71/><G71/><T97/><D124/><U21/><E109/><V111/><F111/><W72/><G72/><T95/><D107/><U123/><E7/><V90/><F101/><W85/><G42/><T108/><D108/><U32/><E32/><V73/><F73/><W126/><G126/><T127/><D127/><U130/><E81/><V65/><F65/><W1/><G85/><T54/><D28/><U64/><E130/><V80/><F122/><N who="1" m="46601" /><E52/><V36/><F36/><W41/><G41/><T5/><D5/><U82/><E82/><V46/><F120/><W58/><REACH who="3" step="1"/><G14/><REACH who="3" ten="250,250,290,200" step="2"/><T89/><D37/><U8/><E43/><V63/><F79/><W55/><AGARI ba="0,1" hai="1,6,10,40,44,48,55,56,58,59,60,94,96,100" machi="55" ten="20,12000,2" yaku="1,1,2,1,0,1,7,1,52,1,53,1" doraHai="34" doraHaiUra="35" who="3" fromWho="3" sc="250,-30,250,-30,290,-60,200,130" /><INIT seed="3,0,0,4,4,12" ten="220,220,230,330" oya="3" hai0="93,125,120,13,63,129,117,19,59,97,62,105,81" hai1="57,69,32,104,26,41,82,6,3,108,40,94,33" hai2="58,68,71,78,48,22,8,85,29,89,23,37,5" hai3="30,36,70,124,17,14,18,112,74,47,31,102,75"/><W4/><G70/><T0/><D117/><U35/><E104/><V24/><F37/><W123/><G123/><T121/><D0/><U50/><E69/><V60/><F78/><W134/><G112/><T1/><D1/><U116/><E116/><V42/><F23/><W9/><G134/><T96/><D129/><U86/><E108/><V119/><F119/><W103/><G124/><T127/><D81/><U126/><E94/><V113/><F113/><W45/><G36/><T114/><D114/><U132/><E132/><V27/><F27/><W38/><G38/><T83/><D83/><U34/><E126/><V131/><F48/><W43/><G43/><T106/><D13/><U56/><E6/><V130/><F42/><W7/><G14/><T92/><REACH who="0" step="1"/><D59/><REACH who="0" ten="210,220,230,330" step="2"/><U16/><E3/><V109/><F131/><W46/><G46/><T10/><D10/><AGARI ba="0,1" hai="4,7,9,10,17,18,30,31,45,47,74,75,102,103" machi="10" ten="25,9600,0" yaku="22,2,52,2" doraHai="12" who="3" fromWho="0" sc="210,-96,220,0,230,0,330,106" /><INIT seed="3,1,0,3,2,117" ten="114,220,230,436" oya="3" hai0="113,121,24,103,56,135,31,68,41,110,75,128,112" hai1="10,63,17,82,92,61,88,49,48,19,6,83,29" hai2="122,97,9,118,80,76,53,105,45,27,57,65,119" hai3="30,74,44,14,62,32,37,126,50,36,2,23,127"/><W101/><G74/><T38/><D103/><U25/><E49/><V72/><F65/><W78/><G78/><T96/><D96/><U133/><E133/><V106/><F45/><W18/><G101/><T90/><D90/><U5/><E48/><V100/><F106/><W109/><G2/><T86/><D86/><U95/><E29/><V77/><F77/><W116/><G116/><T114/><D68/><U85/><E25/><V102/><F102/><W131/><G32/><T73/><D135/><U13/><E6/><V130/><F130/><W15/><G30/><T123/><D110/><U91/><E63/><V111/><F111/><W12/><G62/><T98/><D98/><N who="1" m="57607" /><E61/><V59/><F118/><W21/><G109/><T71/><D56/><U22/><E22/><N who="3" m="8202" /><G18/><AGARI ba="1,0" hai="5,10,13,17,18,19,82,83,85,91,95" m="57607" machi="18" ten="30,2000,0" yaku="8,1,54,1" doraHai="117" who="1" fromWho="3" sc="114,0,220,23,230,0,436,-23" /><INIT seed="4,0,0,5,2,68" ten="114,243,230,413" oya="0" hai0="120,50,111,93,60,46,30,86,37,28,85,69,90" hai1="26,19,31,7,92,1,0,110,126,79,2,135,84" hai2="15,82,128,18,38,59,21,12,27,25,66,96,45" hai3="75,22,17,57,72,9,24,91,98,78,106,81,119"/><T101/><D120/><U39/><E39/><V40/><F128/><W73/><G119/><T48/><D111/><U112/><E110/><V118/><F118/><W54/><G9/><T70/><D101/><U64/><E126/><V83/><F15/><W23/><G106/><T62/><D93/><U61/><E135/><V32/><F96/><W16/><G91/><T77/><D46/><U44/><E44/><V6/><F6/><W107/><G98/><T134/><D90/><U94/><E19/><V99/><F99/><W41/><G41/><T88/><D88/><U76/><E7/><V123/><F123/><W42/><G42/><T115/><D115/><U20/><E112/><V102/><F102/><W103/><G103/><T109/><D109/><U13/><E13/><V58/><F27/><W10/><G10/><T132/><REACH who="0" step="1"/><D77/><REACH who="0" ten="104,243,230,413" step="2"/><U56/><E79/><V117/><F117/><W108/><G108/><T35/><D35/><U3/><N who="1" m="0" /><DORA hai="80" /><U130/><E130/><V74/><F32/><W34/><G34/><T65/><D65/><U4/><E94/><V125/><F66/><W55/><G107/><T114/><D114/><U113/><E113/><V51/><F45/><W49/><G54/><T36/><AGARI ba="0,1" hai="28,30,36,37,48,50,60,62,69,70,85,86,132,134" machi="36" ten="25,24000,3" yaku="1,1,0,1,22,2,52,4,53,0" doraHai="68,80" doraHaiUra="97,63" who="0" fromWho="0" sc="104,250,243,-80,230,-80,413,-80" /><INIT seed="4,1,0,0,0,131" ten="354,163,150,333" oya="0" hai0="79,50,17,47,119,96,114,95,14,18,30,71,51" hai1="9,65,41,93,104,110,48,31,101,134,135,44,108" hai2="57,49,133,72,16,91,124,117,10,123,15,129,126" hai3="100,99,8,5,29,78,106,107,6,121,69,46,88"/><T61/><D119/><U63/><E31/><V2/><F123/><W58/><G69/><T90/><D114/><U38/><E93/><V32/><F129/><W62/><G121/><T89/><D79/><U94/><E94/><V130/><F130/><W1/><G78/><T83/><D30/><U120/><E120/><V97/><F72/><W21/><G46/><T54/><D71/><N who="1" m="42431" /><E9/><V86/><F117/><W36/><G36/><T52/><D61/><U12/><E12/><V105/><F32/><W56/><G106/><T77/><D90/><U20/><E20/><V64/><F2/><W60/><G5/><T127/><D127/><N who="2" m="48682" /><F64/><W67/><G88/><T128/><D128/><U85/><E85/><V26/><F26/><W19/><G29/><T87/><D14/><U28/><E28/><V102/><F57/><AGARI ba="1,0" hai="17,18,47,50,51,52,54,57,77,83,87,89,95,96" machi="57" ten="30,5800,0" yaku="7,1,8,1,54,1" doraHai="131" who="0" fromWho="2" sc="354,61,163,0,150,-61,333,0" /><INIT seed="4,2,0,4,4,66" ten="415,163,89,333" oya="0" hai0="102,46,73,20,120,112,82,65,72,93,79,45,127" hai1="54,131,122,86,38,27,23,125,129,8,78,113,12" hai2="24,9,25,68,41,103,108,123,55,28,36,67,91" hai3="92,128,15,132,84,7,34,13,130,31,111,47,11"/><T83/><D120/><U85/><E122/><V74/><F123/><W22/><G111/><T50/><D112/><U52/><E38/><V4/><F108/><W44/><G34/><T16/><D127/><U97/><E97/><V121/><F121/><W64/><G64/><T118/><D118/><U95/><E125/><V104/><F91/><W48/><G44/><T37/><D65/><U18/><E113/><V76/><F55/><N who="1" m="21033" /><E95/><V19/><F19/><W14/><G84/><T117/><D117/><U109/><E78/><V57/><F57/><W51/><G92/><T101/><D37/><U6/><E109/><V32/><F25/><N who="3" m="16823" /><G51/><T40/><D46/><U56/><E56/><V115/><F115/><W88/><G88/><T2/><D2/><U21/><E21/><V53/><F53/><W81/><G48/><T134/><D134/><U30/><E30/><V1/><F41/><W29/><G47/><T105/><D105/><U107/><E107/><V59/><F59/><W17/><G132/><T0/><D0/><U5/><E5/><V135/><F36/><W75/><G29/><T80/><D93/><U3/><E3/><V43/><F43/><W69/><G7/><T77/><D83/><U114/><E114/><V116/><F116/><W33/><G81/><T62/><D62/><U63/><E63/><N who="2" m="40063" /><F135/><W110/><G110/><T98/><D98/><U26/><E26/><AGARI ba="2,0" hai="16,20,26,40,45,50,72,73,77,79,80,82,101,102" machi="26" ten="30,5800,0" yaku="7,1,9,1,54,1" doraHai="66" who="0" fromWho="1" sc="415,64,163,-64,89,0,333,0" /><INIT seed="4,3,0,0,1,42" ten="479,99,89,333" oya="0" hai0="109,59,94,73,40,57,111,52,81,8,76,134,68" hai1="38,114,92,100,24,22,50,17,63,132,129,9,112" hai2="36,99,106,121,69,74,11,48,77,30,12,27,126" hai3="107,105,131,19,66,35,82,135,83,7,5,20,3"/><T96/><D68/><U0/><E38/><V104/><F36/><W123/><G66/><T60/><D134/><U55/><E132/><V67/><F121/><W90/><G135/><T93/><D40/><U16/><E63/><V4/><F126/><W97/><G35/><T87/><D8/><U1/><E129/><V127/><F127/><W85/><G107/><T89/><REACH who="0" step="1"/><D59/><REACH who="0" ten="469,99,89,333" step="2"/><U62/><E9/><V49/><F69/><W115/><G123/><T61/><D61/><U72/><E62/><V119/><F11/><W46/><G131/><T95/><D95/><U23/><E92/><V28/><F106/><W54/><G105/><T44/><D44/><N who="1" m="28103" /><E72/><V45/><F74/><W29/><G46/><T32/><D32/><U133/><E133/><V80/><F45/><W56/><G56/><T124/><D124/><U91/><E1/><V75/><F75/><W31/><G3/><T14/><D14/><U33/><E0/><V78/><F104/><W101/><G82/><T53/><D53/><U15/><E33/><V117/><F12/><W103/><G54/><T120/><D120/><U116/><E116/><V102/><F119/><W37/><G83/><T2/><D2/><U47/><E47/><V88/><F80/><W18/><G37/><T64/><D64/><U6/><E15/><V41/><F67/><W108/><G5/><T122/><D122/><U21/><E6/><V34/><F4/><W58/><G58/><T118/><D118/><U26/><E23/><V130/><F34/><W13/><G20/><T128/><D128/><U43/><E22/><V79/><F117/><RYUUKYOKU ba="3,1" sc="469,30,99,-10,89,-10,333,-10" hai0="52,57,60,73,76,81,87,89,93,94,96,109,111" /><INIT seed="4,4,1,0,0,4" ten="499,89,79,323" oya="0" hai0="10,98,58,82,128,90,55,116,92,13,63,15,33" hai1="42,76,126,51,40,46,49,81,45,8,97,111,93" hai2="88,48,91,102,72,115,12,129,19,2,17,14,36" hai3="60,56,86,79,70,64,89,38,122,114,112,124,108"/><T34/><D116/><U84/><E126/><V101/><F36/><W71/><G79/><T121/><D121/><U83/><E111/><V44/><F2/><W35/><G35/><T100/><D15/><U26/><E26/><V7/><F7/><W59/><G108/><T94/><D82/><U117/><E117/><V5/><F5/><W73/><G73/><T65/><D128/><U25/><E25/><V31/><F72/><W68/><G38/><T127/><D127/><U135/><E135/><V120/><F31/><W103/><G103/><N who="2" m="39433" /><F129/><W37/><G124/><T29/><D29/><U75/><E8/><N who="2" m="6279" /><F120/><W52/><G122/><T119/><D119/><U28/><E28/><V99/><F99/><W24/><G24/><T32/><D65/><U22/><E22/><N who="2" m="11639" /><F115/><W110/><G110/><T77/><D77/><U74/><REACH who="1" step="1"/><E81/><REACH who="1" ten="499,79,79,323" step="2"/><V30/><F30/><W113/><G113/><T0/><D34/><U27/><E27/><V3/><F3/><W134/><G134/><T54/><D0/><U125/><E125/><V96/><F96/><W11/><G114/><T21/><D21/><U9/><E9/><V57/><F57/><W123/><G123/><T50/><D10/><U53/><E53/><AGARI ba="4,2" hai="44,48,53,88,91" m="11639,6279,39433" machi="53" ten="30,3900,0" yaku="8,1,52,1,54,1" doraHai="4" who="2" fromWho="1" sc="499,0,79,-51,79,71,323,0" /><INIT seed="5,0,0,0,1,28" ten="499,28,150,323" oya="1" hai0="46,42,135,112,50,53,49,131,31,100,11,2,10" hai1="47,0,72,104,38,12,102,118,57,32,134,4,133" hai2="107,52,8,15,75,81,29,1,95,66,122,23,22" hai3="30,44,60,114,5,43,63,98,74,125,89,73,127"/><U61/><E118/><V77/><F107/><W45/><G114/><T41/><D131/><U58/><E72/><V68/><F122/><W76/><G5/><T83/><D100/><U79/><E79/><V106/><F106/><W17/><G44/><T27/><D135/><N who="1" m="51723" /><E0/><V115/><F1/><W40/><G40/><T33/><D112/><U94/><E104/><V24/><F115/><W129/><G129/><T59/><D2/><U101/><E32/><V34/><F66/><W56/><G17/><T35/><D35/><U110/><E110/><V111/><F68/><W85/><G98/><T84/><D42/><N who="1" m="22999" /><E94/><V116/><F116/><W99/><G99/><T93/><D93/><U119/><E119/><V92/><F111/><W88/><G30/><T132/><D132/><U65/><E58/><V62/><F95/><N who="3" m="54671" /><G56/><T126/><D59/><U90/><E90/><V96/><F92/><W16/><G89/><T55/><D33/><U13/><E13/><V39/><F15/><W123/><G123/><T70/><D83/><U117/><E117/><V108/><F81/><W3/><G76/><T103/><D103/><U19/><E4/><V14/><F14/><W6/><G6/><T120/><D120/><U25/><E25/><V128/><F24/><W91/><G91/><T86/><D27/><U54/><E65/><V97/><F128/><W37/><G3/><T9/><D31/><U18/><E18/><V69/><F75/><N who="3" m="28683" /><G16/><T78/><D78/><U71/><E71/><V121/><F121/><W64/><G64/><T109/><D109/><U80/><E80/><V48/><F69/><RYUUKYOKU ba="0,0" sc="499,-15,28,15,150,-15,323,15" hai1="12,19,54,57,61,101,102" hai3="37,43,45,60,63,125,127" /><INIT seed="5,1,0,4,2,58" ten="484,43,135,338" oya="1" hai0="82,10,46,27,109,44,93,38,71,36,23,33,29" hai1="107,86,8,64,24,77,119,132,80,103,105,63,84" hai2="26,17,51,94,91,135,66,1,57,31,12,102,37" hai3="106,89,122,134,30,126,87,62,111,15,124,115,85"/><U99/><E132/><V68/><F37/><W49/><G111/><T47/><D71/><U96/><E119/><V3/><F68/><W60/><G122/><T61/><D33/><U22/><E8/><V98/><F135/><W41/><G106/><T11/><D38/><U59/><E96/><V28/><F3/><W79/><G134/><T114/><D36/><U112/><E112/><V35/><F1/><W104/><G104/><T116/><D109/><U123/><E123/><V100/><F31/><W20/><G79/><T125/><D125/><N who="3" m="48233" /><G87/><T65/><D82/><U54/><E107/><V108/><F108/><W92/><G115/><T9/><D116/><U48/><E86/><V76/><F76/><W95/><G95/><T43/><D93/><U121/><E121/><V118/><F118/><W83/><G83/><T52/><D43/><U5/><E5/><V39/><F39/><W16/><G30/><T18/><D114/><U127/><E127/><V25/><F25/><W130/><G130/><T128/><D128/><U50/><REACH who="1" step="1"/><E64/><REACH who="1" ten="484,33,135,338" step="2"/><V2/><F66/><W117/><G117/><T32/><D65/><U14/><E14/><V53/><F2/><W6/><G6/><T4/><D4/><U78/><E78/><V13/><F13/><W131/><G131/><T69/><D11/><AGARI ba="1,1" hai="11,12,17,26,28,35,51,53,57,91,94,98,100,102" machi="11" ten="30,1000,0" yaku="7,1" doraHai="58" who="2" fromWho="0" sc="484,-13,33,0,135,23,338,0" /><INIT seed="6,0,0,0,3,89" ten="471,33,158,338" oya="2" hai0="29,82,32,117,36,126,108,4,47,130,101,99,51" hai1="112,43,67,93,30,40,25,19,8,44,69,80,76" hai2="23,48,86,61,111,63,125,79,115,70,95,20,60" hai3="35,131,24,92,97,103,106,94,62,66,2,17,7"/><V104/><F104/><W34/><G131/><T59/><D108/><U88/><E112/><V98/><F70/><W102/><G2/><T26/><D36/><U53/><E69/><V107/><F107/><W58/><G7/><T49/><D4/><U78/><E67/><V11/><F115/><W57/><G57/><T121/><D121/><U12/><E53/><V91/><F111/><W42/><G42/><T18/><D126/><U83/><E78/><V123/><F123/><W113/><G113/><T6/><D6/><U0/><E0/><V3/><F125/><W68/><G58/><T52/><D82/><U50/><E43/><V119/><F119/><W55/><G55/><T14/><D130/><U28/><E76/><V9/><F48/><W84/><G84/><T134/><D134/><U15/><E15/><V116/><F116/><W31/><G102/><T46/><D51/><U74/><E74/><V110/><F110/><W128/><G128/><T133/><D133/><U16/><E19/><V65/><F65/><W132/><G132/><T120/><D120/><U73/><E73/><V10/><F3/><W124/><G124/><T96/><D96/><U100/><E100/><V127/><F127/><W27/><G17/><T56/><D56/><U118/><E118/><V45/><F45/><W38/><G38/><T5/><D5/><U122/><E122/><V1/><F1/><W22/><G35/><T135/><D117/><U39/><E39/><V90/><F79/><W129/><G129/><T77/><D77/><U41/><E41/><V87/><F98/><W114/><G114/><RYUUKYOKU ba="0,0" sc="471,-15,33,-15,158,15,338,15" hai2="9,10,11,20,23,60,61,63,86,87,90,91,95" hai3="22,24,27,31,34,62,66,68,92,94,97,103,106" /><INIT seed="6,1,0,5,1,46" ten="456,18,173,353" oya="2" hai0="132,101,115,57,19,79,90,55,23,135,71,134,13" hai1="93,119,34,97,1,52,64,5,32,39,116,131,68" hai2="72,110,67,28,3,66,118,129,63,21,89,70,50" hai3="94,128,69,108,130,126,65,44,40,99,35,83,107"/><V102/><F118/><W96/><G108/><T8/><D115/><U88/><E39/><V59/><F3/><W18/><G35/><T4/><D71/><U60/><E131/><N who="3" m="50218" /><G126/><T124/><D124/><U109/><E109/><V92/><F72/><W42/><G42/><T95/><D101/><U87/><E34/><V81/><F129/><W0/><G0/><T9/><D79/><U31/><E1/><V98/><F110/><W16/><G83/><T105/><D105/><U56/><E5/><V76/><F67/><W11/><G11/><T51/><D4/><U37/><E37/><V123/><F123/><W29/><G29/><T6/><D6/><U47/><E47/><V43/><F43/><W33/><G33/><T111/><D111/><U17/><E17/><V133/><F133/><W53/><G53/><T78/><D78/><U82/><E31/><V22/><F102/><N who="3" m="62943" /><G69/><T86/><AGARI ba="1,0" hai="8,9,13,19,23,51,55,57,86,90,95,132,134,135" machi="86" ten="30,8000,1" yaku="0,1,25,2,20,1,52,1" doraHai="46" who="0" fromWho="0" sc="456,83,18,-21,173,-41,353,-21" owari="539,63.9,-3,-50.3,132,-26.8,332,13.2" /></mjloggm>