<mjloggm ver="2.3"><GO type="169" lobby="0"/><UN n0="%53%69%6C%65%6E%54" n1="%E3%83%9B%E3%83%B3%E3%82%A4%E3%83%84%E8%B5%A4%EF%BC%93" n2="%E9%AB%AD%E9%AF%A8" n3="%E6%B8%85%E9%A2%A8%E5%8C%97" dan="16,16,16,16" rate="2155.84,2105.66,2152.12,2154.27" sx="F,M,M,F"/><TAIKYOKU oya="0"/><INIT seed="0,0,0,2,5,104" ten="250,250,250,250" oya="0" hai0="130,54,29,100,1,18,102,123,16,79,94,111,26" hai1="21,89,6,129,118,28,103,116,88,110,59,95,98" hai2="68,132,96,70,49,52,0,64,69,38,67,33,135" hai3="106,91,109,74,121,3,8,125,45,22,23,43,5"/><T7/><D123/><U99/><E6/><V40/><F0/><W114/><G114/><T46/><D130/><U113/><E129/><V133/><F33/><W31/><G109/><T117/><D117/><U60/><E113/><V126/><F96/><W36/><G121/><T112/><D111/><U57/><E110/><V47/><F126/><W17/><G125/><T78/><D112/><U30/><E21/><V76/><F76/><W83/><G106/><T63/><D79/><U9/><E9/><V101/><F101/><W48/><G31/><T32/><D78/><U42/><E42/><V131/><F131/><W75/><G23/><T55/><D7/><U2/><E2/><V134/><N who="2" m="33792" /><DORA hai="128" /><V65/><REACH who="2" step="1"/><F52/><REACH who="2" ten="250,250,240,250" step="2"/><W39/><G75/><T41/><D1/><U115/><E115/><V81/><F81/><W13/><REACH who="3" step="1"/><G74/><REACH who="3" ten="250,250,240,240" step="2"/><T37/><D32/><U66/><E118/><V90/><F90/><W24/><G24/><T105/><D26/><U27/><E116/><V97/><F97/><W62/><G62/><T86/><D63/><U108/><E108/><V84/><F84/><AGARI ba="0,2" hai="3,5,8,13,17,22,36,39,43,45,48,83,84,91" machi="84" ten="40,5200,0" yaku="1,1,53,2" doraHai="104,128" doraHaiUra="14,85" who="3" fromWho="2" sc="250,0,250,0,240,-52,240,72" /><INIT seed="1,0,0,1,4,109" ten="250,250,188,312" oya="1" hai0="6,62,5,50,33,31,97,135,37,125,131,48,59" hai1="101,35,74,79,105,23,119,64,85,44,132,95,13" hai2="61,89,106,30,120,55,94,72,84,40,92,26,122" hai3="52,93,28,102,3,108,81,9,45,100,66,18,49"/><U65/><E35/><V46/><F72/><W107/><G108/><T57/><D37/><U126/><E105/><V112/><F106/><W17/><G107/><T12/><D131/><U15/><E74/><V75/><F75/><W39/><G39/><T115/><D135/><U134/><E119/><V88/><F112/><W90/><G66/><T99/><D31/><U27/><E44/><V8/><F8/><W127/><G127/><T63/><D33/><U60/><E126/><V96/><F61/><W14/><G28/><T22/><D125/><U11/><E79/><V19/><F19/><W111/><G111/><T7/><D12/><U76/><E76/><V1/><F55/><W121/><G121/><T114/><D7/><U123/><E123/><V116/><F1/><W113/><G113/><T58/><D58/><N who="1" m="36887" /><E65/><V54/><F54/><W87/><G3/><T129/><D129/><U0/><E0/><V16/><F116/><W98/><REACH who="3" step="1"/><G18/><REACH who="3" ten="250,250,188,302" step="2"/><T86/><D115/><U117/><E117/><V82/><F16/><W110/><G110/><T21/><D114/><U103/><E132/><V70/><F70/><W78/><AGARI ba="0,1" hai="9,14,17,45,49,52,78,81,87,90,93,98,100,102" machi="78" ten="20,8000,1" yaku="1,1,0,1,7,1,8,1,54,1,53,0" doraHai="109" doraHaiUra="36" who="3" fromWho="3" sc="250,-20,250,-40,188,-20,302,90" /><INIT seed="2,0,0,1,0,62" ten="230,210,168,392" oya="2" hai0="80,91,37,69,65,76,18,77,67,23,22,74,31" hai1="97,21,126,11,99,5,81,39,104,53,66,8,41" hai2="108,132,116,128,130,93,38,70,7,45,88,6,58" hai3="3,13,33,16,48,9,121,50,72,47,106,24,35"/><V10/><F70/><W114/><G121/><T122/><D37/><U113/><E113/><V95/><F116/><W111/><G72/><T92/><D122/><U105/><E126/><V131/><F132/><W40/><G106/><T14/><D69/><U42/><E81/><V27/><F108/><W134/><G111/><T78/><D80/><U75/><E75/><V26/><F93/><W46/><G134/><T133/><D74/><U135/><E21/><V30/><F58/><W17/><G114/><T110/><D110/><U118/><E135/><V87/><F30/><W117/><G3/><T83/><D83/><U44/><E53/><V19/><F19/><W49/><G117/><T34/><D34/><U54/><E54/><V1/><REACH who="2" step="1"/><F7/><REACH who="2" ten="230,210,158,392" step="2"/><W127/><G127/><T64/><D133/><U36/><E5/><V129/><N who="2" m="32768" /><DORA hai="28" /><V12/><F12/><W102/><G102/><T89/><D92/><U85/><E118/><V86/><F86/><W0/><G0/><T79/><N who="0" m="19456" /><DORA hai="73" /><T112/><D112/><U29/><E85/><V120/><F120/><W90/><G17/><N who="0" m="10551" /><D31/><U56/><E29/><V94/><F94/><W103/><G35/><T2/><D2/><U71/><E71/><V20/><F20/><W51/><G33/><T101/><D101/><U82/><E82/><V109/><F109/><W59/><G103/><T25/><AGARI ba="0,1" hai="18,23,25,64,65,67,89,91" m="10551,19456" machi="25" ten="50,16000,3" yaku="8,1,52,7" doraHai="62,28,73" who="0" fromWho="0" sc="230,170,210,-40,158,-80,392,-40" /><INIT seed="3,0,0,1,5,126" ten="400,170,78,352" oya="3" hai0="125,75,128,54,66,98,135,45,57,49,20,85,99" hai1="5,27,134,11,12,14,68,48,95,81,50,97,37" hai2="22,39,103,29,44,4,123,59,84,64,117,47,56" hai3="15,80,92,110,111,105,83,70,112,106,133,130,132"/><W63/><G70/><T33/><D33/><U13/><E68/><V102/><F117/><W31/><G31/><T16/><D75/><U21/><E37/><V55/><F4/><W60/><G15/><T36/><D125/><U67/><E134/><N who="3" m="51818" /><G112/><T79/><D135/><U69/><E69/><V82/><F123/><W129/><G92/><T90/><D79/><U91/><E67/><V28/><F39/><W119/><G119/><T72/><D72/><U58/><E81/><N who="3" m="31306" /><G63/><N who="0" m="38255" /><D36/><U40/><E58/><V124/><F124/><W18/><G60/><T65/><D65/><U96/><E96/><V100/><F64/><W114/><G18/><T41/><D41/><U19/><REACH who="1" step="1"/><E40/><REACH who="1" ten="400,160,78,352" step="2"/><V25/><F59/><W35/><G114/><T101/><D98/><U42/><E42/><V30/><F56/><W118/><G118/><T62/><D99/><U116/><E116/><V0/><F55/><W115/><G115/><T7/><D54/><U73/><E73/><V51/><F51/><AGARI ba="0,1" hai="5,11,12,13,14,19,21,27,48,50,51,91,95,97" machi="51" ten="40,5200,0" yaku="1,1,8,1,53,1" doraHai="126" doraHaiUra="88" who="1" fromWho="2" sc="400,0,160,62,78,-52,352,0" /><INIT seed="4,0,0,1,5,125" ten="400,222,26,352" oya="0" hai0="46,122,130,71,77,117,10,57,121,132,75,124,64" hai1="56,103,76,2,31,128,55,59,106,21,32,74,99" hai2="114,43,60,6,92,101,30,107,50,113,36,16,35" hai3="116,62,25,123,87,58,91,105,119,115,81,90,54"/><T97/><D117/><U13/><E2/><V14/><F107/><W109/><G109/><T80/><D124/><U42/><E42/><V111/><F111/><W27/><G115/><N who="2" m="44041" /><F36/><W100/><G123/><T79/><D79/><U120/><E32/><V96/><F6/><W127/><G127/><T1/><D132/><U82/><E120/><V70/><F35/><W24/><G105/><T88/><D71/><U86/><E55/><V40/><F30/><W126/><G100/><T44/><D10/><U63/><E63/><V108/><F108/><W95/><REACH who="3" step="1"/><G126/><REACH who="3" ten="400,222,26,342" step="2"/><T85/><D121/><U9/><E106/><V129/><F129/><W98/><AGARI ba="0,1" hai="24,25,27,54,58,62,81,87,90,91,95,98,116,119" machi="98" ten="30,4000,0" yaku="1,1,2,1,0,1,53,0" doraHai="125" doraHaiUra="65" who="3" fromWho="3" sc="400,-20,222,-10,26,-10,342,50" /><INIT seed="5,0,0,3,0,10" ten="380,212,16,392" oya="1" hai0="6,81,116,90,1,48,22,98,43,121,130,8,3" hai1="100,93,0,46,16,14,67,131,96,53,122,103,106" hai2="80,72,126,60,41,21,117,2,59,61,127,54,35" hai3="86,70,74,55,123,69,71,99,95,34,64,11,57"/><U29/><E122/><V133/><F35/><W112/><G123/><T18/><D116/><U42/><E0/><V37/><F117/><W44/><G74/><T128/><D121/><U85/><E131/><N who="0" m="50217" /><D48/><U38/><E67/><V101/><F2/><W51/><G34/><T24/><D43/><U45/><E29/><V36/><F101/><W119/><G119/><T50/><D50/><U84/><E103/><V49/><F133/><W15/><G86/><N who="0" m="50511" /><D98/><U25/><E25/><V52/><F80/><W17/><G112/><T87/><D87/><U32/><E32/><V135/><F72/><W97/><REACH who="3" step="1"/><G95/><REACH who="3" ten="380,212,16,382" step="2"/><T104/><D104/><U39/><E106/><V28/><F135/><W19/><G19/><T47/><D47/><U134/><E134/><V68/><F41/><W33/><G33/><T56/><D56/><U94/><E94/><V66/><F28/><W62/><AGARI ba="0,1" hai="11,15,17,44,51,55,57,62,64,69,70,71,97,99" machi="62" ten="40,5200,0" yaku="1,1,0,1,52,1,53,0" doraHai="10" doraHaiUra="105" who="3" fromWho="3" sc="380,-13,212,-26,16,-13,382,62" /><INIT seed="6,0,0,2,2,8" ten="367,186,3,444" oya="2" hai0="83,111,88,1,6,57,67,52,11,92,23,41,40" hai1="94,63,50,48,45,119,21,73,42,69,2,71,122" hai2="36,29,5,16,91,90,98,31,89,103,24,76,38" hai3="123,133,49,114,27,105,84,106,18,0,14,130,17"/><V113/><F113/><W62/><G123/><T46/><D111/><U115/><E73/><V120/><F120/><W82/><G0/><T55/><D67/><U100/><E122/><V80/><F5/><W131/><G114/><T112/><D112/><U102/><E2/><V78/><F36/><W85/><G133/><T4/><D83/><U53/><E115/><V132/><F38/><W37/><G37/><T32/><D32/><U128/><E128/><N who="3" m="49194" /><G62/><T15/><D1/><U95/><E119/><V121/><F121/><W20/><G49/><N who="0" m="28727" /><D23/><U116/><E116/><V127/><F127/><W93/><G93/><T26/><D4/><U97/><E63/><V28/><F132/><W99/><G99/><N who="0" m="57735" /><D26/><U39/><E39/><V13/><F24/><W109/><G109/><T7/><D7/><U74/><E74/><V66/><F66/><W81/><G81/><T87/><D87/><N who="3" m="33353" /><G82/><T70/><D70/><U101/><E21/><AGARI ba="0,0" hai="14,17,18,20,21,27,105,106" m="33353,49194" machi="21" ten="30,2000,0" yaku="19,1,52,1" doraHai="8" who="3" fromWho="1" sc="367,0,186,-20,3,0,444,20" /><INIT seed="7,0,0,1,2,23" ten="367,166,3,464" oya="3" hai0="56,99,100,111,132,4,90,62,43,25,41,52,13" hai1="70,22,8,16,69,32,73,18,92,116,49,5,6" hai2="120,134,2,93,124,83,118,19,66,82,119,64,91" hai3="89,0,95,114,12,96,105,63,47,123,36,31,84"/><W74/><G123/><T3/><D111/><U59/><E73/><V133/><F2/><W17/><G0/><T48/><D3/><U78/><E32/><V34/><F34/><W37/><G74/><T57/><D132/><N who="2" m="50794" /><F19/><W21/><G114/><T108/><D108/><U126/><E18/><V20/><F20/><W104/><G37/><T130/><D130/><U112/><E16/><V68/><F68/><W45/><G36/><T11/><D100/><U46/><E22/><V60/><F60/><W44/><G105/><T75/><D75/><U131/><E70/><V58/><F58/><W40/><G104/><T10/><D10/><U79/><E59/><V106/><F64/><W65/><G40/><T125/><D125/><U30/><E126/><V26/><F66/><W94/><G31/><T110/><D110/><U88/><E8/><V39/><F39/><W77/><G77/><T72/><D72/><U53/><E69/><V71/><F71/><W24/><G12/><T7/><D7/><U54/><E6/><V115/><F26/><W50/><G50/><T27/><D43/><U14/><E5/><V117/><F106/><W1/><G1/><T97/><D41/><U51/><E30/><V15/><F15/><W67/><G63/><T128/><D128/><U121/><E14/><V55/><F55/><W98/><G67/><N who="0" m="39367" /><D90/><U38/><E88/><V61/><F61/><W129/><G129/><T81/><D81/><N who="2" m="30730" /><F124/><W122/><G65/><T33/><D33/><U103/><E131/><V80/><N who="2" m="30738" /><V35/><DORA hai="9" /><F35/><W76/><G47/><T42/><D42/><RYUUKYOKU ba="0,0" sc="367,30,166,-10,3,-10,464,-10" hai0="4,11,13,25,27,48,52,57,97,99" owari="397,19.7,156,-24.4,-7,-50.7,454,55.4" /></mjloggm>