<mjloggm ver="2.3"><GO type="169" lobby="0"/><UN n0="%44%61%6C%69" n1="%65%6B%61%72%75%74%65" n2="%E8%B5%A4%E6%9C%A8%E3%81%97%E3%81%92%E3%82%8B" n3="%E8%B5%A4%E5%BA%A7%E3%81%82%E3%81%8B%E3%82%8A%45%58" dan="17,16,16,16" rate="2190.73,2118.94,2081.21,2146.66" sx="M,M,M,M"/><TAIKYOKU oya="0"/><INIT seed="0,0,0,2,1,94" ten="250,250,250,250" oya="0" hai0="68,2,117,42,13,15,125,41,65,124,99,123,126" hai1="89,49,106,1,34,31,69,90,43,23,57,58,87" hai2="84,83,128,74,33,76,37,80,135,38,96,9,101" hai3="27,102,50,112,8,105,48,55,67,14,40,79,98"/><T134/><D117/><U78/><E34/><V133/><F33/><W113/><G67/><T52/><D123/><U70/><E1/><V32/><F32/><W10/><G79/><T77/><D2/><U22/><E106/><N who="2" m="63783" /><F9/><W127/><G127/><T82/><D134/><N who="2" m="51210" /><F37/><W91/><G27/><T119/><D119/><U20/><E31/><V103/><F38/><W16/><G8/><T60/><D52/><U118/><E118/><V17/><F17/><W53/><G40/><N who="0" m="15467" /><D99/><U11/><E11/><V63/><F63/><W19/><G19/><T47/><D47/><N who="1" m="25855" /><E70/><V64/><F64/><W45/><REACH who="3" step="1"/><G91/><REACH who="3" ten="250,250,250,240" step="2"/><N who="1" m="34826" /><E69/><V30/><F30/><W86/><G86/><AGARI ba="0,1" hai="13,15,60,65,68,77,82,86,124,125,126" m="15467" machi="86" ten="30,1500,0" yaku="18,1" doraHai="94" who="0" fromWho="3" sc="250,25,250,0,250,0,240,-15" /><INIT seed="0,1,0,3,2,116" ten="275,250,250,225" oya="0" hai0="50,8,118,104,72,11,90,40,106,83,113,114,129" hai1="111,112,63,66,0,31,6,97,61,18,131,1,47" hai2="19,16,22,68,13,29,2,89,92,67,127,58,87" hai3="133,117,41,53,60,109,7,3,38,25,24,120,62"/><T124/><D118/><U96/><E112/><V23/><F127/><W42/><G117/><T5/><D124/><U108/><E31/><V54/><F2/><W44/><G109/><T43/><D129/><U75/><E75/><V46/><F68/><W52/><G133/><T45/><D43/><U110/><E131/><V123/><F123/><W95/><G120/><T71/><D71/><U115/><E115/><V26/><F29/><W35/><G42/><T130/><D130/><U20/><E47/><V125/><F125/><W126/><G126/><T128/><D128/><U65/><E6/><V77/><F77/><W4/><G35/><T78/><D8/><U134/><E134/><V30/><F30/><W99/><G62/><N who="1" m="23562" /><E18/><V135/><F135/><W64/><G25/><T103/><D90/><U100/><E20/><V98/><F46/><W107/><G24/><T121/><D121/><U14/><E14/><V85/><REACH who="2" step="1"/><F67/><REACH who="2" ten="275,250,240,225" step="2"/><N who="1" m="25609" /><E100/><V55/><F55/><W81/><G53/><T9/><D113/><U91/><E91/><V28/><F28/><W74/><G52/><T57/><D114/><U48/><E48/><AGARI ba="1,1" hai="13,16,19,22,23,26,48,54,58,85,87,89,92,98" machi="48" ten="30,7700,0" yaku="1,1,7,1,8,1,54,1,53,0" doraHai="116" doraHaiUra="105" who="2" fromWho="1" sc="275,0,250,-80,240,90,225,0" /><INIT seed="1,0,0,2,0,75" ten="275,170,330,225" oya="1" hai0="27,18,91,100,102,44,110,14,3,28,135,115,42" hai1="86,117,47,125,112,81,63,107,12,48,93,127,49" hai2="101,114,23,51,39,105,73,79,1,10,60,22,7" hai3="129,37,88,131,82,32,24,113,78,16,118,97,58"/><U25/><E112/><V52/><F60/><W120/><G120/><T0/><D115/><U108/><E117/><V56/><F114/><W61/><G37/><T98/><D135/><U38/><E107/><V20/><F39/><W40/><G40/><T26/><D110/><U96/><E108/><V11/><F11/><W69/><G69/><T19/><D91/><U17/><E25/><V59/><F73/><W121/><G121/><T53/><D53/><U36/><E63/><V2/><F2/><W72/><G113/><T15/><D98/><U4/><E38/><V133/><F133/><W95/><G118/><T31/><D44/><U71/><E71/><V124/><F124/><N who="1" m="47689" /><E4/><V34/><F34/><W29/><REACH who="3" step="1"/><G16/><REACH who="3" ten="275,170,330,215" step="2"/><T50/><D42/><N who="1" m="22983" /><E93/><V76/><REACH who="2" step="1"/><F59/><REACH who="2" ten="275,170,320,215" step="2"/><W94/><G94/><T132/><D132/><U6/><E6/><V21/><N who="2" m="5120" /><DORA hai="134" /><V77/><F77/><W104/><G104/><T119/><D119/><U99/><E17/><V65/><F65/><AGARI ba="0,2" hai="24,29,32,58,61,65,72,78,82,88,95,97,129,131" machi="65" ten="40,8000,1" yaku="1,1,52,1,54,1,53,1" doraHai="75,134" doraHaiUra="92,46" who="3" fromWho="2" sc="275,0,170,0,320,-80,215,100" /><INIT seed="2,0,0,4,2,74" ten="275,170,240,315" oya="2" hai0="94,60,34,86,116,66,135,27,99,83,8,90,51" hai1="7,125,106,40,43,29,105,10,88,0,113,25,73" hai2="14,110,78,20,26,62,130,112,64,2,23,128,9" hai3="107,126,54,96,131,72,44,13,95,120,118,33,48"/><V4/><F78/><W127/><G118/><T111/><D116/><U21/><E113/><V36/><F36/><W69/><G69/><T71/><D111/><U17/><E125/><V101/><F101/><W28/><G107/><T122/><D135/><U123/><E123/><V16/><F112/><W67/><G67/><T63/><D122/><U89/><E73/><V102/><F102/><W1/><G1/><T53/><D8/><U121/><E121/><V11/><F62/><W30/><G72/><T124/><D124/><U37/><E29/><N who="2" m="17607" /><F64/><W59/><G120/><T109/><D109/><U24/><E24/><N who="2" m="14439" /><F110/><W57/><G57/><T3/><D3/><U12/><E0/><V39/><F39/><W58/><G58/><T18/><D71/><U56/><E56/><V117/><F117/><W98/><G44/><T61/><D66/><U42/><REACH who="1" step="1"/><E37/><REACH who="1" ten="275,160,240,315" step="2"/><V50/><F50/><W52/><G48/><T129/><D51/><U75/><E75/><V77/><F77/><W115/><G59/><T41/><D63/><U49/><E49/><V76/><F76/><W38/><G38/><T65/><D61/><U55/><E55/><V92/><F92/><W85/><G95/><T114/><D53/><U108/><E108/><V32/><F32/><W6/><G33/><T79/><D34/><U93/><E93/><V132/><F132/><W87/><G115/><T45/><D114/><U119/><E119/><V22/><F22/><W80/><G126/><T134/><D134/><U100/><E100/><V82/><F82/><W97/><G127/><T5/><D83/><U35/><E35/><RYUUKYOKU ba="0,1" sc="275,-15,160,15,240,15,315,-15" hai1="7,10,12,17,21,25,40,42,43,88,89,105,106" hai2="2,4,9,11,14,128,130" /><INIT seed="2,1,1,0,5,8" ten="260,175,255,300" oya="2" hai0="25,24,55,129,131,135,62,102,120,93,42,39,91" hai1="64,66,112,57,118,30,121,78,106,82,10,21,67" hai2="32,72,13,87,113,98,11,84,79,107,80,111,29" hai3="114,1,31,116,46,50,92,18,36,117,40,127,68"/><V115/><F32/><W74/><G74/><T22/><D120/><U130/><E112/><V61/><F29/><W38/><G1/><T81/><D135/><U101/><E118/><V88/><F61/><W16/><G114/><T37/><D102/><U110/><E110/><V85/><F11/><W128/><G68/><T48/><D81/><U70/><E70/><V75/><F13/><W76/><G76/><T52/><D62/><U23/><E130/><N who="0" m="49673" /><D25/><U73/><E121/><V51/><F51/><W125/><G128/><T122/><D122/><U6/><E101/><N who="2" m="62903" /><F111/><W45/><G31/><N who="0" m="17815" /><D42/><U56/><E106/><V94/><F72/><W4/><G40/><T28/><D28/><U132/><E132/><V43/><F43/><W86/><G116/><T49/><D49/><U41/><E41/><V134/><F134/><W19/><G50/><T69/><D69/><U90/><E30/><V60/><F60/><W105/><G117/><T54/><D48/><U65/><N who="1" m="16384" /><DORA hai="133" /><U47/><E47/><V3/><F3/><W33/><G33/><T77/><D77/><U96/><E57/><V97/><AGARI ba="1,1" hai="75,79,80,84,85,87,88,94,97,113,115" m="62903" machi="97" ten="30,6000,0" yaku="34,2,54,1" doraHai="8,133" who="2" fromWho="2" sc="260,-21,175,-21,255,73,300,-21" /><INIT seed="2,2,0,3,5,64" ten="239,154,328,279" oya="2" hai0="110,125,129,54,89,3,61,102,121,62,49,96,58" hai1="25,50,56,32,88,10,91,59,72,101,126,93,82" hai2="12,57,36,22,37,85,52,24,27,113,107,100,11" hai3="115,128,33,99,120,124,51,0,21,118,79,116,86"/><V13/><F113/><W39/><G39/><T15/><D121/><U98/><E126/><V108/><F108/><W9/><G33/><T131/><D3/><U48/><E10/><V112/><F112/><W6/><G120/><T114/><D114/><U34/><E72/><V94/><F107/><W42/><G115/><T38/><D38/><U103/><E82/><V40/><F40/><W76/><G124/><T111/><D125/><U95/><E25/><V63/><F27/><W68/><G68/><T80/><D15/><U29/><REACH who="1" step="1"/><E98/><REACH who="1" ten="239,144,328,279" step="2"/><V26/><F26/><W109/><G9/><T75/><D75/><U117/><E117/><V35/><F12/><W97/><G97/><T14/><D80/><U65/><E65/><V134/><F35/><W105/><G99/><T81/><D81/><U45/><E45/><V1/><F1/><W16/><G0/><T69/><D14/><U90/><E90/><V28/><F100/><W44/><G116/><T23/><D89/><U70/><E70/><V135/><F135/><W84/><G118/><T127/><D69/><U41/><E41/><V83/><F134/><W47/><G47/><T73/><D73/><U106/><E106/><V67/><F67/><W2/><G105/><N who="0" m="63687" /><D127/><U133/><E133/><V8/><F8/><W7/><G2/><T123/><D123/><U18/><E18/><N who="2" m="8511" /><F94/><W66/><G66/><T5/><D5/><N who="3" m="1545" /><G109/><N who="0" m="41483" /><D23/><U74/><E74/><V122/><F122/><W19/><G19/><T104/><D104/><U31/><AGARI ba="2,1" hai="29,31,32,34,48,50,56,59,88,91,93,95,101,103" machi="31" ten="25,8000,1" yaku="1,1,0,1,22,2,54,1,53,0" doraHai="64" doraHaiUra="78" who="1" fromWho="1" sc="239,-22,144,96,328,-42,279,-22" /><INIT seed="3,0,0,2,5,97" ten="217,240,286,257" oya="3" hai0="38,61,48,118,105,70,47,127,98,121,134,110,32" hai1="64,62,108,57,87,43,52,6,4,112,130,8,12" hai2="72,123,107,119,122,42,24,25,131,66,3,28,95" hai3="51,44,23,128,75,27,55,92,65,74,77,53,101"/><W60/><G128/><T91/><RYUUKYOKU type="yao9" ba="0,0" sc="217,0,240,0,286,0,257,0" hai0="32,38,47,48,61,70,91,98,105,110,118,121,127,134" /><INIT seed="3,1,0,3,1,94" ten="217,240,286,257" oya="3" hai0="87,72,69,40,26,73,88,21,99,4,2,34,106" hai1="43,79,55,58,122,96,133,105,29,37,33,92,74" hai2="114,27,15,59,11,42,112,49,8,61,57,16,102" hai3="52,97,100,119,89,3,38,12,98,120,127,83,125"/><W70/><G3/><T108/><D69/><U54/><E122/><V17/><F114/><W32/><G119/><T45/><D34/><U85/><E133/><V135/><F135/><W5/><G38/><T64/><D64/><U62/><E33/><V7/><F112/><W56/><G70/><T53/><D53/><U82/><E29/><V31/><F102/><W110/><G32/><T107/><D108/><U71/><E71/><V134/><F134/><W22/><G120/><T121/><D121/><U111/><E111/><V124/><F124/><N who="3" m="47691" /><G110/><T109/><D109/><U75/><E105/><V28/><F28/><W18/><G5/><T80/><D4/><U6/><E6/><V63/><F8/><W9/><G100/><T44/><D2/><U113/><E54/><N who="2" m="33975" /><F31/><W90/><G9/><T123/><D123/><U115/><E113/><V13/><F27/><W77/><G89/><T81/><D26/><U36/><E115/><V60/><F15/><W30/><G90/><T104/><D21/><U78/><E78/><V23/><F23/><W35/><G30/><T103/><D80/><U131/><E131/><V47/><F63/><N who="3" m="36231" /><G35/><T46/><REACH who="0" step="1"/><D40/><REACH who="0" ten="207,240,286,257" step="2"/><U68/><E68/><V24/><F24/><W1/><G1/><T93/><AGARI ba="1,1" hai="44,45,46,72,73,81,87,88,93,99,103,104,106,107" machi="93" ten="40,8000,1" yaku="1,1,2,1,0,1,52,1,54,1,53,0" doraHai="94" doraHaiUra="39" who="0" fromWho="0" sc="207,93,240,-21,286,-21,257,-41" /><INIT seed="4,0,0,5,5,44" ten="300,219,265,216" oya="0" hai0="54,101,24,76,90,23,22,67,87,8,77,28,68" hai1="34,104,115,116,63,31,100,45,36,61,110,135,4" hai2="105,91,133,0,79,2,17,84,130,83,30,82,20" hai3="129,14,57,25,127,97,26,43,52,21,65,75,35"/><T93/><D68/><U94/><E116/><V15/><F105/><W69/><G75/><T37/><D67/><U96/><E110/><V86/><F133/><W29/><G127/><T120/><D37/><U46/><E135/><V117/><F117/><W11/><G43/><T27/><D120/><U123/><E123/><V50/><F130/><W98/><G129/><T70/><D70/><U119/><E119/><V39/><F39/><W74/><G74/><T113/><D113/><U85/><E115/><V111/><F111/><W18/><G65/><T19/><D101/><U124/><E124/><V78/><F30/><W16/><REACH who="3" step="1"/><G69/><REACH who="3" ten="300,219,265,206" step="2"/><T80/><D54/><U42/><E42/><V71/><F71/><W48/><AGARI ba="0,1" hai="11,14,16,18,21,25,26,29,35,48,52,57,97,98" machi="48" ten="20,12000,2" yaku="1,1,2,1,0,1,7,1,52,1,54,2,53,0" doraHai="44" doraHaiUra="60" who="3" fromWho="3" sc="300,-60,219,-30,265,-30,206,130" /><INIT seed="5,0,0,3,1,58" ten="240,189,235,336" oya="1" hai0="17,53,20,15,116,7,100,90,56,72,69,109,67" hai1="113,63,18,54,74,99,77,119,97,0,9,16,120" hai2="121,133,46,104,134,117,84,33,70,125,75,42,14" hai3="93,102,35,27,111,107,44,60,23,122,40,45,55"/><U34/><E119/><V106/><F14/><W10/><G35/><T12/><D109/><U82/><E120/><V22/><F84/><W78/><G107/><N who="2" m="41001" /><F22/><W87/><G10/><T101/><D72/><U8/><E34/><V98/><F121/><W5/><G5/><T131/><D116/><U94/><E113/><V127/><F98/><W13/><G13/><T124/><D131/><U68/><E99/><V51/><F117/><W50/><G111/><T6/><D124/><N who="2" m="47690" /><F75/><W88/><G102/><N who="0" m="39531" /><D69/><U29/><E29/><V1/><F70/><W96/><G122/><T36/><D36/><U59/><E68/><V3/><F33/><W112/><G112/><T43/><D43/><U76/><E76/><V126/><N who="2" m="47698" /><V39/><DORA hai="86" /><F51/><N who="3" m="27015" /><G78/><T129/><D15/><U79/><E79/><V32/><F32/><W123/><G123/><T28/><D28/><U26/><E26/><V11/><F11/><W135/><G96/><T48/><D129/><U31/><E31/><V118/><F118/><W95/><G27/><T83/><D67/><U64/><E64/><V91/><F91/><W65/><G88/><T38/><D38/><U21/><E21/><V19/><F19/><N who="1" m="7209" /><E0/><AGARI ba="0,0" hai="0,1,3,39,42,46,133,134" m="47698,41001" machi="0" ten="50,3200,0" yaku="18,1,23,1" doraHai="58,86" who="2" fromWho="1" sc="240,0,189,-32,235,32,336,0" /><INIT seed="6,0,0,0,4,12" ten="240,157,267,336" oya="2" hai0="71,24,127,45,3,33,39,110,10,58,26,51,5" hai1="53,23,65,97,106,104,113,46,17,121,40,99,96" hai2="78,68,1,54,11,101,117,36,70,123,59,79,8" hai3="7,28,130,126,114,29,73,48,132,18,37,60,88"/><V75/><F36/><W56/><G37/><T25/><D110/><U95/><E113/><V19/><F123/><W43/><G73/><T2/><D71/><U41/><E121/><V87/><F117/><W83/><G7/><T90/><D127/><U85/><E65/><V112/><F112/><W61/><G114/><T62/><D39/><U86/><E104/><V129/><F101/><W107/><G107/><T118/><D118/><U111/><E106/><V30/><F30/><W27/><G130/><T133/><D133/><U84/><E95/><V15/><F129/><W120/><G132/><T92/><D3/><U115/><E111/><V69/><F75/><W105/><G105/><T131/><D131/><U13/><REACH who="1" step="1"/><E115/><REACH who="1" ten="240,147,267,336" step="2"/><V108/><F108/><W98/><G120/><T6/><D2/><U67/><E67/><V52/><F1/><W20/><G126/><T55/><D33/><U128/><E128/><V125/><F125/><W49/><G83/><T34/><D34/><U74/><E74/><V63/><F68/><W76/><G29/><T102/><D102/><U50/><AGARI ba="0,1" hai="13,17,23,40,41,46,50,53,84,85,86,96,97,99" machi="50" ten="40,8000,1" yaku="1,1,0,1,8,1,52,1,53,0" doraHai="12" doraHaiUra="135" who="1" fromWho="1" sc="240,-20,147,90,267,-40,336,-20" /><INIT seed="7,0,0,3,1,83" ten="220,237,227,316" oya="3" hai0="97,113,55,10,60,117,92,74,36,24,85,3,115" hai1="5,33,125,123,73,23,49,116,57,4,71,101,34" hai2="87,129,48,86,51,21,108,134,105,32,84,103,118" hai3="61,106,130,44,19,119,91,1,18,8,131,41,69"/><W89/><G106/><T104/><D74/><U53/><E123/><V2/><F118/><W28/><G28/><T0/><D117/><U112/><E116/><V15/><F108/><W82/><G119/><T96/><D36/><U72/><E71/><V30/><F2/><W6/><G69/><T7/><D3/><U52/><E112/><N who="0" m="43081" /><D104/><U58/><E101/><V59/><F134/><W76/><G61/><T90/><D24/><U46/><E125/><V13/><F129/><N who="3" m="49163" /><G19/><T12/><D0/><U40/><E23/><V114/><F114/><W110/><G18/><T100/><D100/><U17/><E17/><V64/><F105/><W95/><G95/><T67/><D55/><U65/><E65/><V121/><F121/><W111/><G111/><T124/><D124/><U122/><E122/><V78/><F32/><N who="1" m="12393" /><E5/><V63/><F103/><W25/><G25/><T29/><D29/><U99/><E4/><V98/><F78/><W135/><G135/><T109/><D109/><U47/><E52/><V77/><F77/><W42/><G110/><T31/><D31/><U128/><E128/><V20/><F30/><W93/><G93/><T132/><D132/><U70/><E70/><AGARI ba="0,0" hai="7,10,12,60,67,70,85,90,92,96,97" m="43081" machi="70" ten="30,3900,0" yaku="15,1,11,1,52,1" doraHai="83" who="0" fromWho="1" sc="220,39,237,-39,227,0,316,0" owari="259,5.9,198,-30.2,227,-17.3,316,41.6" /></mjloggm>