<mjloggm ver="2.3"><GO type="169" lobby="0"/><UN n0="%62%6F%79%61%74%65%74%75" n1="%E3%81%97%E3%82%87%E3%81%BC%E3%82%93%EF%BD%8E" n2="%E3%83%95%E3%82%AF%E3%83%AD%E3%82%A6%E3%82%B5%E3%83%B3" n3="%53%6F%6C%69%64" dan="17,17,17,17" rate="2205.47,2268.47,2173.82,2168.69" sx="M,M,M,M"/><TAIKYOKU oya="0"/><INIT seed="0,0,0,5,5,103" ten="250,250,250,250" oya="0" hai0="126,90,66,85,98,15,10,8,58,0,117,97,111" hai1="20,54,11,83,129,124,57,78,62,86,67,60,47" hai2="133,127,21,16,22,72,89,37,84,53,73,34,50" hai3="106,77,55,24,121,4,108,45,2,100,56,82,80"/><T81/><D117/><U118/><E129/><V75/><F37/><W27/><G108/><T52/><D126/><U102/><E124/><V130/><F127/><W5/><G121/><T93/><D111/><U94/><E118/><V9/><F34/><W61/><G45/><T68/><D68/><U32/><E32/><V39/><F39/><W87/><G80/><T70/><D70/><U51/><E11/><V120/><F133/><W96/><REACH who="3" step="1"/><G2/><REACH who="3" ten="250,250,250,240" step="2"/><T35/><D0/><U28/><E47/><V48/><F120/><W12/><G12/><T119/><D119/><U43/><E43/><V114/><F130/><W29/><G29/><T74/><D15/><U7/><E28/><V3/><F3/><W23/><G23/><T42/><D35/><U135/><E20/><V44/><F114/><W65/><G65/><T46/><D66/><U76/><E67/><V113/><F113/><W134/><G134/><T17/><D81/><U132/><E132/><V6/><F21/><W59/><G59/><T122/><D122/><U31/><E31/><V115/><F115/><W79/><G79/><T26/><D46/><U41/><E78/><V125/><F125/><W1/><G1/><T30/><D42/><U131/><E41/><V25/><F44/><W40/><G40/><T36/><D30/><U88/><E135/><V104/><F22/><W33/><G33/><T123/><D36/><U38/><E38/><V112/><F112/><W49/><G49/><N who="0" m="30991" /><D123/><U14/><E131/><V99/><F48/><W109/><G109/><T128/><D128/><U63/><E51/><V116/><F50/><RYUUKYOKU ba="0,1" sc="250,-10,250,-10,250,-10,240,30" hai3="4,5,24,27,55,56,61,77,82,87,96,100,106" /><INIT seed="1,1,1,4,2,123" ten="240,240,240,270" oya="1" hai0="113,40,71,81,14,21,92,16,60,33,45,2,4" hai1="25,73,26,112,129,30,36,35,47,15,78,53,115" hai2="3,133,128,34,58,89,37,66,29,110,98,99,93" hai3="72,94,13,70,116,55,22,65,61,12,108,86,109"/><U130/><E78/><V63/><F3/><W101/><G72/><T124/><D113/><N who="1" m="43595" /><E73/><V32/><F37/><W85/><G116/><T96/><D33/><N who="1" m="20687" /><E53/><V79/><F128/><N who="1" m="49257" /><E47/><V10/><F79/><W74/><G74/><T49/><D81/><U31/><E36/><V69/><F99/><N who="3" m="59639" /><G55/><T114/><D114/><U6/><E15/><N who="3" m="5706" /><G22/><T104/><D21/><U57/><E57/><V117/><F58/><W18/><G18/><T42/><D42/><U125/><E6/><V50/><F69/><W95/><G95/><T46/><D92/><U97/><E97/><V56/><F98/><W76/><G76/><T23/><D96/><U43/><E43/><V51/><F93/><W24/><G24/><T38/><D40/><U107/><E107/><V8/><F66/><W27/><G27/><T90/><D104/><U84/><E84/><V121/><F56/><W75/><G75/><T59/><D59/><U103/><E103/><V20/><F89/><W111/><AGARI ba="1,1" hai="61,65,70,85,86,108,109,111" m="5706,59639" machi="111" ten="40,8000,1" yaku="14,1,52,3" doraHai="123" who="3" fromWho="3" sc="240,-21,240,-41,240,-21,270,93" /><INIT seed="2,0,0,4,2,0" ten="219,199,219,363" oya="2" hai0="12,18,45,25,53,111,14,15,65,124,80,134,132" hai1="127,120,44,20,71,106,16,63,24,50,55,100,85" hai2="29,23,112,11,35,119,70,62,122,58,52,104,128" hai3="99,32,125,22,28,73,9,115,105,82,107,49,69"/><V116/><F112/><W83/><G69/><T31/><D65/><U123/><E127/><V57/><F122/><N who="1" m="46633" /><E85/><V64/><F128/><W5/><G32/><T133/><D124/><U88/><E106/><V93/><F104/><W38/><G38/><T109/><D80/><U56/><E100/><V26/><F70/><W37/><G37/><T67/><D67/><N who="1" m="41471" /><E88/><V30/><F30/><W43/><G115/><T94/><D94/><U40/><E56/><V60/><F35/><W135/><G125/><T81/><D81/><U3/><E3/><V108/><F108/><N who="0" m="41546" /><D53/><AGARI ba="0,0" hai="16,20,24,40,44,50,53,55" m="41471,46633" machi="53" ten="30,2000,0" yaku="13,1,54,1" doraHai="0" who="1" fromWho="0" sc="219,-20,199,20,219,0,363,0" /><INIT seed="3,0,0,3,2,39" ten="199,219,219,363" oya="3" hai0="25,84,31,23,93,50,101,111,15,76,59,8,87" hai1="11,66,30,99,114,127,78,134,36,20,10,64,97" hai2="52,109,98,2,4,19,100,55,79,45,17,82,12" hai3="42,35,51,34,72,81,95,49,116,54,0,67,28"/><W88/><G116/><T18/><D111/><U132/><E36/><V115/><F115/><W27/><G0/><T121/><D121/><U68/><E114/><V61/><F109/><W7/><G7/><T108/><D108/><U105/><E78/><V53/><F2/><W89/><G35/><T92/><D101/><U24/><E127/><V44/><F4/><W69/><G67/><N who="1" m="25642" /><E68/><V22/><F17/><W26/><G69/><T43/><D87/><U131/><E105/><V107/><REACH who="2" step="1"/><F61/><REACH who="2" ten="199,219,209,363" step="2"/><W113/><G113/><T75/><D18/><U91/><E132/><V106/><F106/><W74/><G28/><T83/><D31/><U1/><E1/><V96/><F96/><W46/><G34/><T57/><D93/><U6/><E6/><V5/><F5/><W65/><G95/><T77/><D92/><N who="1" m="56479" /><E134/><V110/><F110/><W119/><G119/><T117/><D117/><U58/><E131/><V126/><F126/><W47/><G81/><T129/><D83/><U48/><E99/><V9/><F9/><W38/><G72/><AGARI ba="0,1" hai="12,19,22,44,45,52,53,55,72,79,82,98,100,107" machi="72" ten="40,2600,0" yaku="1,1,54,1,53,0" doraHai="39" doraHaiUra="135" who="2" fromWho="3" sc="199,0,219,0,209,36,363,-26" /><INIT seed="4,0,0,1,0,79" ten="199,219,245,337" oya="0" hai0="33,58,109,54,25,78,95,127,8,124,74,100,89" hai1="134,17,42,14,86,31,12,92,93,37,64,76,47" hai2="10,108,9,114,0,117,23,11,101,29,118,119,15" hai3="80,7,126,116,131,66,40,22,68,5,103,18,46"/><T16/><D109/><U122/><E122/><V113/><F101/><W26/><G116/><T48/><D100/><U27/><E64/><V110/><F0/><W125/><G131/><T53/><D33/><U39/><E39/><V45/><F45/><W57/><G68/><T99/><D53/><U90/><E76/><V4/><F29/><W24/><G103/><T69/><D69/><U94/><E134/><V129/><F129/><W35/><G35/><T51/><D51/><U34/><REACH who="1" step="1"/><E17/><REACH who="1" ten="199,209,245,337" step="2"/><N who="2" m="10687" /><F4/><W36/><G7/><T44/><D124/><U75/><E75/><V50/><F50/><W84/><G5/><T112/><D127/><U38/><E38/><V3/><F3/><W13/><G125/><T105/><D74/><U65/><E65/><V111/><AGARI ba="0,1" hai="9,10,11,108,110,111,113,114,117,118,119" m="10687" machi="111" ten="50,8000,1" yaku="29,2,12,1,34,2" doraHai="79" who="2" fromWho="2" sc="199,-40,209,-20,245,90,337,-20" /><INIT seed="5,0,0,4,4,54" ten="159,189,335,317" oya="1" hai0="105,127,135,74,37,9,57,109,119,51,20,26,104" hai1="123,48,79,10,100,66,61,108,62,7,124,117,116" hai2="8,32,3,14,17,35,23,101,84,0,80,71,30" hai3="65,69,73,102,72,126,125,98,113,28,50,90,99"/><U97/><E123/><V5/><F71/><W92/><G28/><T130/><D37/><U38/><E38/><V25/><F101/><W29/><G29/><T103/><D74/><N who="3" m="28777" /><G50/><T16/><D109/><U111/><E79/><V93/><F93/><N who="3" m="58703" /><G65/><T88/><D119/><U55/><E124/><N who="3" m="47722" /><G69/><T76/><D127/><U11/><E48/><V64/><F84/><W45/><G45/><T60/><D51/><U36/><E36/><V87/><F87/><W4/><G4/><T56/><D60/><U112/><E61/><V43/><F80/><W63/><G63/><T132/><D132/><U49/><E62/><V52/><F43/><W59/><G59/><T1/><D135/><U47/><E66/><V42/><F42/><W122/><G122/><T44/><D44/><U86/><E86/><V39/><F52/><W18/><G18/><T107/><D57/><U24/><E7/><V58/><F58/><W21/><G21/><T83/><D56/><U91/><E47/><V19/><F64/><W6/><G6/><T96/><D20/><U77/><E49/><V95/><F95/><W15/><G15/><T41/><D1/><N who="2" m="586" /><F39/><W13/><G13/><T114/><D41/><U40/><E40/><V134/><F134/><W75/><N who="3" m="28785" /><W106/><DORA hai="67" /><G106/><T118/><D104/><U115/><E55/><V70/><F70/><W34/><G34/><AGARI ba="0,0" hai="5,8,14,17,19,23,25,30,32,34,35" m="586" machi="34" ten="30,8000,1" yaku="35,5" doraHai="54,67" who="2" fromWho="3" sc="159,0,189,0,335,80,317,-80" /><INIT seed="6,0,0,5,3,123" ten="159,189,415,237" oya="2" hai0="57,46,126,73,96,29,48,103,70,35,114,100,113" hai1="69,83,58,1,129,89,72,90,130,13,111,93,117" hai2="51,132,86,95,115,65,56,47,55,38,10,87,50" hai3="40,9,42,15,60,3,49,27,45,5,39,116,36"/><V43/><F115/><N who="0" m="44042" /><D70/><U52/><E1/><V125/><F132/><W98/><G116/><T112/><N who="0" m="44050" /><T44/><DORA hai="128" /><D73/><U61/><E117/><V78/><F125/><W107/><G3/><T63/><D126/><U127/><E127/><V110/><F78/><W54/><G27/><N who="0" m="18879" /><D48/><U34/><E34/><V92/><F10/><W120/><G120/><T124/><D124/><U76/><E69/><V99/><F95/><W21/><G21/><T18/><BYE who="3" /><D18/><U22/><E111/><V12/><F110/><W104/><G104/><N who="0" m="63495" /><D103/><U109/><E109/><V88/><F50/><UN n3="%53%6F%6C%69%64" /><W94/><G107/><T101/><D101/><U28/><E28/><V17/><F65/><AGARI ba="0,0" hai="44,46,57,63,65" m="63495,18879,44050" machi="65" ten="40,1300,0" yaku="15,1" doraHai="123,128" who="0" fromWho="2" sc="159,13,189,0,415,-13,237,0" /><INIT seed="7,0,0,2,4,73" ten="172,189,402,237" oya="3" hai0="59,131,55,62,22,104,110,16,20,98,80,29,120" hai1="45,106,40,100,132,48,105,67,26,47,127,101,85" hai2="74,70,93,125,65,72,36,102,12,15,128,30,44" hai3="92,56,66,4,124,121,10,8,89,52,96,99,133"/><W18/><G121/><T24/><D110/><U13/><E67/><V37/><F30/><W94/><G124/><T43/><D120/><U51/><E127/><V35/><F35/><W76/><G133/><T63/><D131/><U23/><E132/><V6/><F125/><W9/><G66/><T116/><D116/><U129/><E129/><V50/><F102/><N who="1" m="39529" /><E106/><V68/><F93/><W39/><G39/><T82/><D43/><N who="1" m="24639" /><E105/><V69/><F6/><W77/><G4/><T33/><D33/><U58/><E85/><V119/><F119/><W32/><G18/><T78/><D104/><U83/><E83/><N who="0" m="31785" /><D98/><U95/><E95/><V27/><F27/><W107/><G107/><T53/><D78/><U114/><E114/><V7/><F7/><W134/><G32/><T0/><D0/><U113/><E113/><V19/><F65/><W2/><G2/><T84/><D84/><U103/><N who="1" m="39537" /><U31/><DORA hai="1" /><E58/><V109/><F109/><W28/><G134/><T112/><D112/><U81/><E81/><V34/><F34/><W25/><G94/><T79/><D79/><U108/><E108/><V97/><F128/><W117/><G117/><T49/><D53/><U130/><E130/><V122/><F122/><W11/><N who="3" m="2048" /><DORA hai="126" /><W88/><G96/><T60/><D49/><U54/><E54/><V38/><F97/><W41/><G41/><T71/><D71/><U87/><E87/><V14/><F19/><W21/><G89/><T5/><D5/><U115/><E115/><V86/><F86/><W90/><G90/><T123/><D123/><U3/><E3/><RYUUKYOKU ba="0,0" sc="172,0,189,0,402,0,237,0" hai0="16,20,22,24,29,55,59,60,62,63" hai1="13,23,26,31,40,47,51" hai2="12,14,15,36,37,38,44,50,68,69,70,72,74" hai3="21,25,28,52,56,76,77,88,92,99" /><INIT seed="7,1,0,4,2,133" ten="172,189,402,237" oya="3" hai0="56,63,9,59,113,17,68,96,70,82,116,73,102" hai1="83,127,92,77,118,19,114,98,106,124,74,28,55" hai2="47,126,112,50,54,18,26,41,31,129,111,20,57" hai3="101,37,104,76,120,100,58,1,89,60,125,8,67"/><W46/><G120/><T117/><D113/><U7/><E114/><V66/><F126/><N who="1" m="48169" /><E118/><V21/><F129/><W84/><G125/><T121/><D121/><U72/><E7/><V130/><F130/><W10/><G76/><T62/><D73/><N who="1" m="43439" /><E106/><V132/><F132/><W81/><G104/><T123/><D123/><U51/><E19/><V85/><F111/><W32/><G32/><T95/><D82/><U90/><E28/><V52/><F85/><W97/><G97/><T22/><D9/><U131/><E131/><V44/><F112/><W61/><G8/><T23/><D17/><U109/><E109/><V6/><F6/><W45/><G10/><T48/><D96/><U93/><E92/><V88/><F88/><W86/><G89/><T87/><D95/><U14/><E14/><N who="2" m="9303" /><F44/><AGARI ba="1,0" hai="44,51,55,72,74,90,93,98" m="43439,48169" machi="44" ten="30,7700,0" yaku="18,1,52,3" doraHai="133" who="1" fromWho="2" sc="172,0,189,80,402,-80,237,0" owari="172,-32.8,269,6.9,322,42.2,237,-16.3" /></mjloggm>