<mjloggm ver="2.3"><GO type="169" lobby="0"/><UN n0="%E3%83%A9%E3%83%B3%E3%82%B0%E3%83%A9" n1="%E3%81%AF%E3%81%84%E3%82%8C%E3%81%AB%E3%82%83%E3%82%93" n2="%E3%81%9F%E3%81%BE%E5%AD%90" n3="%6B%61%77%61%69%31%32" dan="16,16,16,16" rate="2068.80,2046.72,2160.08,2080.66" sx="M,M,M,M"/><TAIKYOKU oya="0"/><INIT seed="0,0,0,2,5,54" ten="250,250,250,250" oya="0" hai0="130,80,36,42,81,50,103,65,52,34,21,5,30" hai1="73,6,121,118,111,1,79,120,67,108,22,68,128" hai2="13,112,92,60,123,53,78,26,83,24,2,106,14" hai3="117,51,95,3,15,55,37,93,131,64,62,40,11"/><T84/><D34/><U110/><E22/><V38/><F112/><W10/><G117/><T16/><D130/><U85/><E118/><V56/><F123/><W122/><G122/><T44/><D5/><U126/><E128/><V99/><F2/><W113/><G113/><T133/><D133/><U101/><E126/><V74/><F106/><W43/><G131/><T134/><D134/><U105/><E68/><V97/><F38/><W87/><G3/><T98/><D65/><U46/><E67/><V82/><F99/><W66/><G37/><T100/><D30/><U107/><E46/><V31/><F83/><W33/><G33/><T129/><D129/><U41/><E41/><N who="3" m="15946" /><G62/><T12/><D84/><U96/><E107/><V59/><F59/><W25/><G25/><T20/><D20/><U119/><E85/><V132/><F132/><W124/><G124/><T125/><D125/><U18/><E18/><V35/><REACH who="2" step="1"/><F24/><REACH who="2" ten="250,250,240,250" step="2"/><W75/><G75/><T104/><D103/><AGARI ba="0,1" hai="13,14,26,31,35,53,56,60,74,78,82,92,97,103" machi="103" ten="30,12000,2" yaku="1,1,2,1,7,1,52,1,53,2" doraHai="54" doraHaiUra="9" who="2" fromWho="0" sc="250,-120,250,0,240,130,250,0" /><INIT seed="1,0,0,5,5,42" ten="130,250,370,250" oya="1" hai0="67,77,21,72,33,32,120,104,57,105,68,79,115" hai1="4,76,13,117,30,52,49,112,5,88,2,3,45" hai2="64,10,133,83,69,93,48,25,99,89,37,97,39" hai3="110,41,55,22,71,73,17,130,127,121,7,19,135"/><U58/><E112/><V98/><F133/><W40/><G135/><T46/><D115/><U119/><E76/><V66/><F10/><W125/><G121/><T0/><D0/><U111/><E2/><V128/><F128/><W63/><G63/><BYE who="3" /><UN n3="%6B%61%77%61%69%31%32" /><T74/><D57/><U82/><E3/><V47/><F83/><W102/><G71/><T96/><D21/><U132/><E132/><V36/><F25/><W59/><G73/><T26/><D26/><U78/><E111/><V12/><F12/><W23/><G110/><T8/><D8/><U75/><E30/><V95/><F69/><W85/><G7/><T124/><D68/><U16/><E4/><V1/><F1/><W80/><G80/><T134/><D96/><U20/><E5/><V54/><REACH who="2" step="1"/><F97/><REACH who="2" ten="130,250,360,250" step="2"/><W122/><G127/><T91/><D134/><U81/><REACH who="1" step="1"/><E58/><REACH who="1" ten="130,240,360,250" step="2"/><V90/><AGARI ba="0,2" hai="36,37,39,47,48,54,64,66,89,90,93,95,98,99" machi="90" ten="30,8000,1" yaku="1,1,2,1,0,1,9,1,52,1,53,0" doraHai="42" doraHaiUra="56" who="2" fromWho="2" sc="130,-20,240,-40,360,100,250,-20" /><INIT seed="2,0,0,4,4,18" ten="110,200,460,230" oya="2" hai0="64,77,79,26,103,120,90,104,115,119,116,72,14" hai1="23,83,20,58,13,94,48,5,32,126,114,10,45" hai2="1,99,82,125,135,85,70,133,130,37,53,129,54" hai3="9,36,109,86,30,38,123,11,22,102,111,15,84"/><V35/><F1/><W0/><G123/><T91/><D64/><U89/><E114/><V42/><F35/><W78/><G102/><T81/><D14/><U95/><E126/><V108/><F99/><W7/><G30/><T60/><D26/><U2/><E32/><V96/><F96/><W17/><G11/><T100/><D60/><U27/><E58/><V55/><F85/><N who="3" m="32875" /><G78/><T75/><D104/><U117/><E117/><V66/><F82/><W56/><G56/><T46/><D46/><U101/><E83/><V121/><F121/><W127/><G127/><T39/><D39/><U128/><E101/><V62/><F125/><W80/><G80/><T21/><D81/><U34/><E128/><N who="2" m="49259" /><F108/><AGARI ba="0,0" hai="0,7,9,15,17,22,36,38,108,109,111" m="32875" machi="108" ten="30,2000,0" yaku="14,1,52,1" doraHai="18" who="3" fromWho="2" sc="110,0,200,0,460,-20,230,20" /><INIT seed="3,0,0,4,4,91" ten="110,200,440,250" oya="3" hai0="127,59,82,129,25,116,67,84,72,6,17,43,70" hai1="113,23,19,87,50,105,104,114,73,125,14,36,115" hai2="44,68,92,81,135,71,94,16,32,131,48,75,99" hai3="31,128,7,47,54,57,107,133,41,35,120,80,8"/><W103/><G120/><T58/><D116/><U51/><E73/><V21/><F32/><W30/><G128/><T109/><D109/><U121/><E36/><V110/><F110/><W9/><G133/><T122/><D122/><U61/><E121/><V111/><F111/><W118/><G118/><T106/><D106/><U40/><E125/><V76/><F131/><W90/><G35/><T83/><D129/><U63/><E87/><V96/><F135/><W20/><G103/><T56/><D127/><U15/><E40/><V18/><F48/><N who="3" m="26735" /><G107/><T88/><D6/><U39/><E39/><V123/><F44/><W74/><G74/><T5/><D5/><U93/><E115/><V12/><F123/><W62/><G20/><T0/><D0/><U29/><E23/><V89/><F18/><W1/><G1/><T46/><D70/><U101/><E19/><V65/><F65/><W112/><G112/><T95/><D72/><U13/><E101/><AGARI ba="0,0" hai="12,16,21,68,71,75,76,81,89,92,94,96,99,101" machi="101" ten="30,7700,0" yaku="7,1,52,2,54,1" doraHai="91" who="2" fromWho="1" sc="110,0,200,-77,440,77,250,0" /><INIT seed="4,0,0,4,4,26" ten="110,123,517,250" oya="0" hai0="25,80,4,89,29,85,53,0,134,1,11,103,73" hai1="41,94,9,130,82,31,95,42,62,27,61,83,118" hai2="74,33,111,43,6,119,96,113,14,133,23,84,66" hai3="3,7,112,105,79,91,129,68,107,38,123,131,35"/><T36/><D134/><U72/><E118/><V70/><F74/><W124/><RYUUKYOKU type="yao9" ba="0,0" sc="110,0,123,0,517,0,250,0" hai3="3,7,35,38,68,79,91,105,107,112,123,124,129,131" /><INIT seed="4,1,0,0,0,101" ten="110,123,517,250" oya="0" hai0="105,20,110,49,78,56,112,47,9,121,97,4,92" hai1="102,129,70,89,130,74,62,38,116,55,0,52,82" hai2="10,2,126,113,45,58,68,83,26,106,109,76,95" hai3="6,77,119,69,16,111,73,81,125,48,13,46,3"/><T12/><D121/><U60/><E116/><V100/><F109/><W29/><G111/><T66/><D110/><U64/><E0/><V61/><F113/><W30/><G119/><T71/><D112/><U96/><E38/><V25/><F68/><W42/><G69/><T108/><D108/><U67/><E89/><V40/><F95/><W93/><G125/><T120/><D120/><U53/><E82/><V85/><F126/><W127/><G127/><T57/><D78/><U94/><REACH who="1" step="1"/><E74/><REACH who="1" ten="110,113,517,250" step="2"/><V32/><F2/><W86/><G73/><T117/><D117/><U11/><E11/><V72/><F72/><W63/><G63/><BYE who="3" /><T22/><D22/><U75/><E75/><V44/><F10/><W128/><G128/><T114/><D20/><U133/><E133/><V131/><F83/><W59/><G59/><AGARI ba="1,1" hai="52,53,55,59,60,62,64,67,70,94,96,102,129,130" machi="59" ten="40,2600,0" yaku="1,1,54,1,53,0" doraHai="101" doraHaiUra="5" who="1" fromWho="3" sc="110,0,113,39,517,0,250,-29" /><INIT seed="5,0,0,4,2,56" ten="110,152,517,221" oya="1" hai0="97,135,96,40,6,26,8,20,93,102,25,64,37" hai1="101,127,134,88,3,89,74,47,91,22,71,41,80" hai2="87,117,50,29,44,86,53,62,42,123,1,72,45" hai3="49,132,122,103,55,83,16,73,79,119,24,129,34"/><U121/><E121/><V48/><F72/><W125/><G125/><T39/><D135/><U128/><E127/><V67/><F1/><W84/><G84/><T106/><D40/><U107/><E134/><V66/><F123/><UN n3="%6B%61%77%61%69%31%32" /><W109/><G122/><T95/><D64/><U81/><E3/><V14/><F117/><W110/><G119/><T32/><D32/><U12/><E71/><V38/><F29/><W21/><G132/><T54/><D54/><U10/><E128/><V2/><F2/><W15/><G129/><T124/><D124/><U7/><E74/><V52/><F14/><W46/><G103/><T75/><D75/><U59/><E59/><N who="2" m="33159" /><F66/><W28/><AGARI ba="0,0" hai="15,16,21,24,28,34,46,49,55,73,79,83,109,110" machi="28" ten="30,2000,0" yaku="0,1,54,1" doraHai="56" who="3" fromWho="3" sc="110,-5,152,-10,517,-5,221,20" /><INIT seed="6,0,0,1,4,15" ten="105,142,512,241" oya="2" hai0="57,55,132,87,124,133,68,108,115,7,39,51,60" hai1="134,44,43,54,119,90,71,105,17,31,77,1,80" hai2="11,5,38,6,101,29,23,18,33,107,112,114,123" hai3="12,35,65,106,61,25,88,46,130,135,48,131,118"/><V53/><F38/><W125/><G106/><T111/><D7/><U19/><E119/><V78/><F78/><W89/><G118/><T73/><D73/><U120/><E1/><V0/><F53/><W92/><G125/><T127/><D87/><N who="1" m="48527" /><E71/><V49/><F49/><W26/><G135/><N who="0" m="51787" /><D39/><U67/><E105/><V93/><F93/><W9/><G35/><T2/><D2/><U20/><E134/><V116/><F116/><W42/><G25/><T97/><D97/><U76/><E76/><V24/><F123/><W81/><G26/><T98/><D98/><U79/><E79/><V64/><F64/><W59/><G81/><T74/><D74/><U104/><E67/><V45/><F45/><W128/><G92/><T36/><D36/><U126/><E104/><V27/><F101/><W34/><G34/><T47/><D68/><U84/><E126/><N who="0" m="48169" /><D115/><N who="2" m="44074" /><F107/><W103/><G103/><T66/><AGARI ba="0,0" hai="47,51,55,57,60,66,108,111" m="48169,51787" machi="66" ten="30,7900,0" yaku="20,1,18,1,34,2" doraHai="15" who="0" fromWho="0" sc="105,79,142,-20,512,-39,241,-20" /><INIT seed="7,0,0,5,4,73" ten="184,122,473,221" oya="3" hai0="124,32,116,66,102,107,110,36,67,123,135,132,37" hai1="71,114,68,70,76,115,127,113,15,23,4,17,30" hai2="31,11,108,10,51,75,12,53,112,74,99,5,40" hai3="56,29,109,89,47,52,48,3,81,131,1,26,101"/><W105/><G131/><T16/><D116/><U13/><E127/><V55/><F108/><W95/><G81/><T50/><D32/><U125/><E125/><V97/><F31/><W84/><G109/><T121/><D110/><U122/><E30/><V91/><F112/><W61/><G101/><T59/><D124/><U54/><E122/><N who="0" m="46601" /><D16/><U22/><E54/><V0/><F40/><W86/><G86/><T20/><D20/><U65/><E76/><V96/><F55/><W90/><G90/><T9/><D9/><U43/><E43/><V129/><F91/><W106/><G3/><T39/><D102/><U98/><E98/><V72/><F129/><W83/><G95/><T118/><D107/><U19/><REACH who="1" step="1"/><E4/><REACH who="1" ten="184,112,473,221" step="2"/><V88/><F88/><W94/><G52/><N who="0" m="32151" /><D118/><U80/><E80/><V87/><F87/><W78/><G84/><T49/><D49/><U18/><E18/><V2/><REACH who="2" step="1"/><F10/><REACH who="2" ten="184,112,463,221" step="2"/><W100/><G78/><T42/><D42/><U8/><E8/><V130/><F130/><W35/><G29/><T34/><D34/><U25/><E25/><V21/><F21/><W134/><G26/><T64/><AGARI ba="0,2" hai="36,37,39,64,66,67,132,135" m="32151,46601" machi="64" ten="40,5200,0" yaku="34,2,54,1" doraHai="73" who="0" fromWho="0" sc="184,72,112,-13,463,-13,221,-26" owari="256,5.6,99,-40.1,450,55.0,195,-20.5" /></mjloggm>