<mjloggm ver="2.3"><GO type="169" lobby="0"/><UN n0="%E3%82%89%E3%83%BC%E3%81%BE%E3%83%BC%E3%83%BC" n1="%E4%B8%96%E7%95%8C%E5%B9%B3%E5%92%8C" n2="%E4%BA%9C%E6%9C%88" n3="%E6%97%A5%E9%99%B0%E3%81%95%E3%82%93" dan="16,16,17,17" rate="2070.21,2181.73,2193.46,2207.26" sx="M,M,M,F"/><TAIKYOKU oya="0"/><INIT seed="0,0,0,1,4,13" ten="250,250,250,250" oya="0" hai0="83,24,69,93,119,75,111,72,43,62,112,6,14" hai1="50,81,90,31,100,128,53,79,49,91,16,86,117" hai2="35,19,70,98,23,20,108,28,38,73,122,135,115" hai3="123,76,120,64,45,114,103,54,30,58,22,101,55"/><T4/><D112/><U3/><E117/><V42/><F115/><W37/><G114/><T109/><D119/><U26/><E3/><V84/><F122/><N who="3" m="46635" /><G76/><T21/><D43/><U40/><E128/><V66/><F73/><N who="0" m="28234" /><D83/><U99/><E40/><V105/><F108/><N who="0" m="41546" /><D93/><N who="1" m="58479" /><E31/><V34/><F28/><W33/><G33/><T106/><D106/><U80/><E81/><V94/><F105/><W52/><G37/><T102/><D102/><U12/><E26/><V1/><F38/><W32/><G32/><T131/><D131/><U67/><E67/><V121/><F66/><W85/><G101/><T39/><D39/><U36/><E36/><V104/><F104/><W57/><G103/><T65/><D14/><U134/><E134/><V113/><F42/><W96/><G64/><T92/><D92/><U116/><E116/><V8/><F94/><W59/><G96/><T11/><D11/><N who="1" m="6175" /><E49/><V78/><F135/><W46/><G85/><T18/><AGARI ba="0,0" hai="4,6,18,21,24,62,65,69" m="41546,28234" machi="18" ten="30,6000,0" yaku="14,1,10,1,52,1" doraHai="13" who="0" fromWho="0" sc="250,60,250,-20,250,-20,250,-20" /><INIT seed="0,1,0,0,5,41" ten="310,230,230,230" oya="0" hai0="124,38,11,75,119,5,69,127,2,132,44,92,55" hai1="65,10,12,104,97,98,9,122,81,37,77,102,46" hai2="117,130,113,40,111,128,4,114,1,90,80,18,67" hai3="48,50,34,35,3,42,16,45,78,115,20,121,7"/><T36/><D75/><U135/><E122/><V17/><F111/><W93/><G115/><T70/><D119/><U71/><E135/><V51/><F117/><W64/><G121/><T56/><D132/><U129/><E129/><N who="2" m="49771" /><F67/><W25/><G78/><T83/><D92/><U72/><E97/><V87/><F1/><W120/><G120/><T76/><D83/><U54/><E9/><V110/><F4/><W23/><G64/><T26/><D26/><U43/><E54/><V14/><F110/><W68/><G68/><T63/><D76/><U49/><E65/><V21/><F18/><W0/><G0/><T91/><D91/><U60/><E60/><V134/><F134/><W27/><G93/><T13/><D2/><U6/><REACH who="1" step="1"/><E71/><REACH who="1" ten="310,220,230,230" step="2"/><V131/><F131/><W22/><G3/><T85/><D70/><U61/><E61/><V96/><F96/><W74/><G7/><T133/><D69/><U108/><E108/><V58/><F40/><W105/><G42/><T82/><D133/><U100/><E100/><V101/><F101/><W31/><G105/><T59/><D11/><U33/><E33/><V109/><F109/><W15/><G34/><T30/><D5/><U8/><E8/><V88/><F113/><W28/><G35/><T32/><D32/><U106/><E106/><V125/><F114/><W112/><G112/><T86/><D55/><U29/><E29/><V95/><F21/><W94/><G23/><T84/><D30/><U52/><E52/><V57/><F125/><W126/><G126/><T118/><D127/><U89/><E89/><V79/><F90/><RYUUKYOKU ba="1,1" sc="310,-10,220,30,230,-10,230,-10" hai1="6,10,12,37,43,46,49,72,77,81,98,102,104" /><INIT seed="1,2,1,0,2,43" ten="300,250,220,220" oya="1" hai0="44,124,132,99,80,14,84,87,110,90,58,85,32" hai1="45,135,128,7,71,68,88,83,36,31,2,11,34" hai2="97,103,113,60,5,30,104,106,74,114,3,77,56" hai3="92,120,118,37,16,26,94,69,22,126,96,76,18"/><U109/><E128/><V42/><F30/><W67/><G120/><T112/><D112/><N who="2" m="43114" /><F42/><W121/><G121/><T23/><D32/><U102/><E135/><V63/><F63/><W105/><G126/><T65/><D124/><U115/><E115/><V108/><F108/><W13/><G118/><T6/><D110/><U66/><E109/><V79/><F74/><W52/><G37/><T125/><D125/><U17/><E102/><V98/><F3/><W123/><G123/><T62/><D132/><U20/><E66/><N who="2" m="39175" /><F5/><W51/><G76/><N who="2" m="29257" /><F103/><W27/><G67/><T0/><D0/><U19/><E34/><V86/><F86/><W111/><G69/><T9/><D23/><U12/><E31/><V48/><F48/><W107/><G111/><T72/><D72/><U64/><E64/><V39/><F39/><W130/><G130/><T119/><D119/><U59/><E19/><V75/><F75/><W49/><G13/><T57/><D62/><U82/><E71/><V91/><F91/><W28/><G28/><T61/><D61/><U47/><E68/><V40/><F40/><W21/><REACH who="3" step="1"/><G96/><AGARI ba="2,1" hai="96,97,98,104,106" m="29257,39175,43114" machi="96" ten="30,1000,0" yaku="11,1" doraHai="43" who="2" fromWho="3" sc="300,0,250,0,220,26,220,-16" /><INIT seed="2,0,0,2,0,4" ten="300,250,246,204" oya="2" hai0="110,111,57,3,69,95,121,125,9,114,28,85,74" hai1="13,129,119,126,117,72,60,2,1,96,37,77,98" hai2="80,48,39,45,44,25,59,62,109,22,33,17,35" hai3="81,67,127,104,8,122,78,42,105,86,43,84,112"/><V61/><F109/><W76/><G122/><T132/><D121/><U56/><E37/><V90/><F39/><W34/><G34/><T91/><D74/><U24/><E126/><V123/><F123/><W83/><G127/><T107/><D125/><U14/><E24/><V79/><F90/><W103/><G67/><T92/><D69/><U135/><E77/><V124/><F124/><W93/><G112/><T27/><D107/><U94/><E72/><V130/><F130/><W58/><G58/><T23/><D114/><U53/><E135/><V16/><F45/><W29/><G29/><T26/><D26/><U97/><E129/><V100/><F100/><W87/><G8/><T40/><D40/><U36/><E94/><V134/><F134/><W131/><G131/><T113/><D113/><U65/><E53/><V7/><F7/><W128/><G128/><T115/><D115/><U82/><E82/><N who="3" m="31242" /><G42/><T0/><D132/><U99/><N who="1" m="24576" /><DORA hai="75" /><U101/><E101/><V30/><F35/><W21/><G21/><T63/><D95/><U116/><REACH who="1" step="1"/><E36/><REACH who="1" ten="300,240,246,204" step="2"/><V49/><F80/><W38/><G38/><T66/><D111/><U47/><E47/><V12/><F79/><N who="3" m="30251" /><G43/><T10/><D110/><U6/><E6/><V70/><F44/><W55/><G55/><T41/><D41/><U15/><AGARI ba="0,1" hai="1,2,13,14,15,56,60,65,116,117,119" m="24576" machi="15" ten="50,8000,1" yaku="1,1,0,1,29,2,53,0" doraHai="4,75" doraHaiUra="88,50" who="1" fromWho="1" sc="300,-20,240,90,246,-40,204,-20" /><INIT seed="3,0,0,1,2,105" ten="280,330,206,184" oya="3" hai0="46,123,67,129,40,25,81,39,6,108,118,128,68" hai1="38,22,62,35,8,26,47,92,65,94,37,75,73" hai2="115,70,74,95,109,63,89,5,23,2,52,44,72" hai3="78,88,112,111,103,48,56,64,58,57,42,134,34"/><W49/><G34/><T13/><D118/><U50/><E35/><V32/><F32/><W27/><G112/><T17/><D123/><U86/><E38/><V135/><F115/><W33/><G134/><T90/><D108/><U9/><E37/><V59/><F109/><W21/><G111/><T41/><D41/><U28/><E8/><V114/><F114/><W133/><G133/><T131/><D6/><U126/><E9/><V7/><F135/><W1/><G1/><T91/><D25/><U55/><E126/><V66/><F44/><W100/><G33/><T117/><D117/><U99/><E86/><V97/><F2/><W127/><G78/><T14/><D14/><U29/><E29/><V125/><F125/><W3/><G3/><T60/><REACH who="0" step="1"/><D81/><REACH who="0" ten="270,330,206,184" step="2"/><U102/><REACH who="1" step="1"/><E94/><REACH who="1" ten="270,320,206,184" step="2"/><V130/><F5/><W107/><G127/><T10/><AGARI ba="0,2" hai="10,13,17,39,40,46,60,67,68,90,91,128,129,131" machi="10" ten="30,7900,0" yaku="1,1,2,1,0,1,19,1,53,0" doraHai="105" doraHaiUra="122" who="0" fromWho="0" sc="270,99,320,-20,206,-20,184,-39" /><INIT seed="4,0,0,0,3,128" ten="369,300,186,145" oya="0" hai0="110,107,64,92,123,78,85,11,73,61,71,125,52" hai1="29,81,98,60,99,72,113,45,50,122,42,132,44" hai2="93,117,23,27,127,135,80,134,25,20,57,97,0" hai3="37,115,59,91,54,88,129,79,118,40,77,36,48"/><T126/><D107/><U56/><E122/><V95/><F0/><W33/><G118/><T30/><D123/><U104/><E113/><V9/><F9/><W14/><G33/><T35/><D110/><U100/><E99/><V1/><F1/><W32/><G32/><T67/><D73/><U3/><E3/><V46/><F117/><W70/><G70/><T43/><D11/><U39/><E29/><V62/><F46/><W120/><G120/><T105/><D43/><U102/><E102/><N who="2" m="60719" /><F95/><W2/><G2/><T90/><D105/><U74/><E81/><V31/><F80/><W4/><G115/><T124/><D78/><U17/><E17/><N who="2" m="12431" /><F127/><W119/><G119/><T12/><D12/><U89/><E89/><V83/><F83/><W16/><G4/><T68/><D30/><U5/><E5/><V15/><F15/><W76/><G129/><T55/><D35/><U34/><E34/><V21/><F21/><W47/><REACH who="3" step="1"/><G36/><REACH who="3" ten="369,300,186,135" step="2"/><T69/><D69/><U82/><E39/><V65/><AGARI ba="0,1" hai="23,27,31,57,62,65,134,135" m="12431,60719" machi="65" ten="30,4000,0" yaku="25,1,52,2" doraHai="128" who="2" fromWho="2" sc="369,-20,300,-10,186,50,135,-10" /><INIT seed="5,0,0,4,4,20" ten="349,290,236,125" oya="1" hai0="126,7,67,130,15,77,85,46,62,110,89,27,1" hai1="71,111,125,88,36,115,120,123,54,106,131,134,92" hai2="74,127,31,124,128,55,43,76,42,103,49,9,57" hai3="44,16,73,108,13,63,35,0,24,17,47,2,75"/><U112/><RYUUKYOKU type="yao9" ba="0,0" sc="349,0,290,0,236,0,125,0" hai1="36,54,71,88,92,106,111,112,115,120,123,125,131,134" /><INIT seed="5,1,0,4,4,63" ten="349,290,236,125" oya="1" hai0="66,37,96,29,2,59,61,84,102,55,51,4,57" hai1="134,87,125,114,13,26,103,126,107,43,34,120,20" hai2="15,62,10,97,30,28,24,104,105,54,22,50,33" hai3="12,44,128,108,115,1,52,72,82,75,76,17,86"/><U117/><E120/><V65/><F97/><W36/><G108/><T42/><D29/><U131/><E117/><V5/><F30/><W88/><G1/><T101/><D2/><U122/><E122/><V14/><F14/><W94/><G115/><T119/><D119/><U135/><E114/><V40/><F40/><W91/><G128/><T32/><D4/><U90/><E43/><V11/><F11/><W31/><G31/><T18/><D32/><U133/><E34/><V58/><REACH who="2" step="1"/><F33/><REACH who="2" ten="349,290,226,125" step="2"/><W71/><G36/><T8/><D96/><N who="1" m="61927" /><E13/><V38/><F38/><W111/><G111/><T0/><D42/><U6/><E6/><V3/><F3/><W49/><G71/><AGARI ba="1,1" hai="5,10,15,22,24,28,50,54,58,62,65,71,104,105" machi="71" ten="30,3900,0" yaku="1,1,7,1,52,1,53,0" doraHai="63" doraHaiUra="80" who="2" fromWho="3" sc="349,0,290,0,226,52,125,-42" /><INIT seed="6,0,0,2,0,4" ten="349,290,278,83" oya="2" hai0="124,50,18,30,46,14,59,110,121,77,61,105,8" hai1="84,19,27,97,133,82,120,90,75,134,53,41,99" hai2="36,76,111,39,42,10,66,49,3,119,32,101,74" hai3="9,130,58,103,65,131,123,89,113,62,35,26,34"/><V44/><F119/><W45/><G123/><T106/><D110/><U29/><E120/><V2/><F32/><W63/><G103/><T71/><D121/><U135/><E41/><V78/><F111/><W70/><G113/><T20/><D71/><U107/><E75/><V118/><F118/><W47/><G89/><T98/><D124/><U51/><E107/><V100/><F66/><W17/><G26/><T88/><D77/><U102/><E102/><V125/><F125/><W54/><G17/><T129/><D129/><U28/><E19/><V64/><F64/><W86/><G86/><T79/><D79/><U60/><E60/><V22/><F22/><W87/><G87/><T108/><D108/><U80/><E80/><V92/><F92/><W132/><G132/><T1/><D1/><U83/><E83/><V33/><F33/><W72/><G72/><T73/><D73/><U13/><E13/><V95/><F95/><W15/><G34/><T11/><D30/><N who="1" m="11883" /><E27/><V85/><F100/><W55/><G35/><T31/><D31/><U7/><E7/><V68/><F101/><W126/><G126/><T115/><D106/><U91/><E91/><V57/><F74/><W96/><G96/><T94/><D115/><U43/><E43/><V116/><F42/><W114/><G114/><T40/><D105/><U38/><E38/><V12/><F39/><W127/><G127/><T56/><D61/><U6/><E6/><V93/><F36/><W81/><G81/><T48/><D48/><U5/><E5/><V23/><F116/><W25/><G130/><T24/><D24/><RYUUKYOKU ba="0,0" sc="349,15,290,15,278,-15,83,-15" hai0="8,11,14,18,20,40,46,50,56,59,88,94,98" hai1="51,53,82,84,90,97,99,133,134,135" /><INIT seed="7,1,0,0,3,107" ten="364,305,263,68" oya="3" hai0="7,19,74,134,122,87,120,32,58,80,93,112,4" hai1="66,49,98,113,118,30,126,123,133,34,37,68,12" hai2="110,95,109,57,83,5,78,11,91,50,44,125,18" hai3="62,1,130,14,77,85,76,86,2,89,24,10,82"/><W103/><G130/><T135/><D32/><U52/><E123/><V16/><F125/><W29/><G103/><T45/><D74/><U48/><E37/><V70/><F70/><W28/><G62/><T115/><D93/><U33/><E126/><V55/><F44/><W69/><G69/><T81/><D58/><U63/><E113/><N who="0" m="43593" /><D45/><U17/><E30/><V0/><F110/><W38/><G38/><T100/><D19/><U121/><E133/><N who="0" m="50697" /><D100/><U46/><E118/><V40/><F40/><W104/><G104/><T105/><D105/><U43/><E98/><V132/><F109/><W114/><G114/><T51/><D51/><U101/><E101/><V106/><F106/><W3/><G29/><T6/><D81/><U27/><E121/><V9/><F9/><W67/><G67/><T53/><D53/><U15/><E34/><V64/><F64/><W25/><G86/><T88/><AGARI ba="1,0" hai="4,6,7,80,87,88,120,122" m="50697,43593" machi="88" ten="40,8000,1" yaku="15,1,11,1,20,1,54,1" doraHai="107" who="0" fromWho="0" sc="364,83,305,-21,263,-21,68,-41" owari="447,54.7,284,8.4,242,-15.8,27,-47.3" /></mjloggm>