<mjloggm ver="2.3"><GO type="169" lobby="0"/><UN n0="%E3%81%BE%E3%81%88%E3%81%9F" n1="%E7%B4%94%E5%85%A8%E5%B8%AF%E4%B8%89%E8%89%B2" n2="%E5%8D%97%E5%B8%9D%E5%8D%97%E6%B5%A6" n3="%62%69%70%73%64" dan="16,16,17,18" rate="2174.99,2112.94,2205.43,2265.57" sx="F,M,M,M"/><TAIKYOKU oya="0"/><INIT seed="0,0,0,1,3,109" ten="250,250,250,250" oya="0" hai0="59,85,21,104,83,100,46,47,38,70,28,27,1" hai1="94,57,11,0,90,114,127,17,4,64,23,61,50" hai2="93,60,67,79,29,118,40,125,54,80,105,106,15" hai3="9,69,65,102,72,24,18,33,117,66,97,55,91"/><T89/><D70/><U119/><E127/><V14/><F125/><W108/><G117/><T8/><D38/><U101/><E119/><V41/><F29/><W126/><G126/><T6/><REACH who="0" step="1"/><D59/><REACH who="0" ten="240,250,250,250" step="2"/><U103/><E114/><V76/><F118/><W45/><G69/><T30/><D30/><U111/><E111/><V77/><F105/><W84/><G108/><T86/><D86/><U96/><REACH who="1" step="1"/><E50/><REACH who="1" ten="240,240,250,250" step="2"/><V135/><F60/><W74/><G74/><T34/><D34/><U37/><E37/><V75/><F75/><W73/><G33/><T13/><D13/><AGARI ba="0,2" hai="0,4,11,13,17,23,57,61,64,90,94,96,101,103" machi="13" ten="30,3900,0" yaku="1,1,7,1,53,1" doraHai="109" doraHaiUra="32" who="1" fromWho="0" sc="240,-39,240,59,250,0,250,0" /><INIT seed="1,0,0,1,5,111" ten="201,299,250,250" oya="1" hai0="69,124,104,90,49,41,99,51,34,39,92,64,46" hai1="63,135,76,33,131,61,91,110,81,98,26,15,28" hai2="21,125,32,108,22,73,127,16,129,29,30,10,13" hai3="130,1,11,56,82,115,84,2,4,77,43,134,66"/><U57/><E131/><V58/><F73/><W117/><G130/><T42/><D124/><N who="2" m="47690" /><F58/><W54/><G134/><T47/><D34/><U120/><E120/><V24/><F129/><W55/><G117/><T107/><REACH who="0" step="1"/><D39/><REACH who="0" ten="191,299,250,250" step="2"/><U74/><E135/><V20/><F108/><W122/><G122/><T89/><D89/><U109/><E109/><V88/><F88/><W68/><G1/><T94/><D94/><U31/><E110/><V3/><F30/><W19/><G2/><AGARI ba="0,1" hai="2,3,10,13,16,20,21,22,24,29,32" m="47690" machi="2" ten="30,7700,0" yaku="18,1,34,2,54,1" doraHai="111" who="2" fromWho="3" sc="191,0,299,0,250,87,250,-77" /><INIT seed="2,0,0,3,0,16" ten="191,299,337,173" oya="2" hai0="57,35,0,135,43,78,22,87,52,15,44,65,72" hai1="116,118,18,98,21,125,123,58,41,4,19,12,114" hai2="129,131,11,119,60,69,64,46,91,89,45,73,70" hai3="106,20,6,124,48,90,25,32,82,127,39,126,38"/><V33/><F73/><W110/><G106/><T7/><D35/><U113/><E41/><V93/><F33/><W81/><G32/><T40/><D135/><U76/><E76/><V115/><F119/><N who="1" m="45609" /><E58/><V31/><F31/><W99/><G6/><T53/><D72/><U109/><E98/><V86/><F115/><N who="1" m="44041" /><E109/><V134/><F134/><W49/><G110/><T103/><D103/><U3/><E125/><V13/><F69/><W2/><G2/><T23/><D0/><U61/><E61/><V54/><F89/><W9/><G38/><T97/><D97/><U63/><E63/><V85/><F85/><N who="3" m="50479" /><G39/><T117/><D65/><U92/><E92/><V14/><F14/><W55/><G99/><T66/><D66/><U111/><E111/><V122/><F122/><W67/><G67/><T105/><D105/><U130/><E130/><N who="2" m="49675" /><F54/><N who="0" m="21098" /><D57/><U77/><E77/><V120/><F120/><W8/><G55/><T96/><D96/><U121/><E19/><AGARI ba="0,0" hai="11,13,19,45,46,60,64,70,86,91,93" m="49675" machi="19" ten="30,1500,0" yaku="19,1" doraHai="16" who="2" fromWho="1" sc="191,0,299,-15,337,15,173,0" /><INIT seed="2,1,0,0,1,60" ten="191,284,352,173" oya="2" hai0="109,38,104,91,126,11,94,33,119,92,89,62,81" hai1="63,79,95,27,70,56,19,69,36,112,105,35,83" hai2="102,132,21,76,78,68,107,9,3,75,22,101,16" hai3="15,135,42,5,25,0,30,14,61,20,8,116,49"/><V43/><F132/><W134/><G116/><T51/><D38/><U32/><E105/><V117/><F117/><W58/><G42/><T125/><D33/><U31/><E36/><V34/><F34/><W18/><G49/><T41/><D119/><U2/><E2/><V72/><F43/><W26/><G58/><T40/><D104/><U46/><E112/><V50/><F50/><W85/><G85/><T52/><D109/><U66/><E35/><V48/><F48/><W10/><G61/><T84/><D11/><U111/><E111/><V29/><F68/><W129/><G129/><T106/><D106/><U99/><E19/><V127/><F127/><N who="0" m="48650" /><D62/><U28/><E28/><V100/><F107/><W80/><G80/><T98/><D81/><U71/><E46/><AGARI ba="1,0" hai="40,41,46,51,52,84,89,91,92,94,98" m="48650" machi="46" ten="30,2000,0" yaku="18,1,54,1" doraHai="60" who="0" fromWho="1" sc="191,23,284,-23,352,0,173,0" /><INIT seed="3,0,0,5,4,81" ten="214,261,352,173" oya="3" hai0="121,119,98,117,83,114,122,101,42,96,86,109,14" hai1="107,72,111,47,13,56,65,92,29,34,3,31,27" hai2="18,40,11,116,108,19,67,24,45,97,4,74,22" hai3="46,2,135,129,12,128,131,60,103,9,49,28,43"/><W100/><G2/><T68/><D68/><U94/><E111/><V71/><F116/><N who="0" m="44618" /><D42/><U17/><E107/><V10/><F108/><W125/><G135/><T64/><D64/><U126/><E72/><V39/><F97/><N who="0" m="37482" /><D14/><U76/><E76/><V89/><F89/><W41/><G125/><T26/><D26/><U44/><E3/><V87/><F74/><W38/><G28/><T1/><D1/><U88/><E126/><V82/><F18/><W110/><G110/><T66/><D66/><U113/><E31/><V51/><F39/><W53/><G60/><T69/><D69/><U104/><E104/><V0/><F11/><W48/><G38/><T112/><D101/><N who="3" m="38985" /><G49/><T30/><D30/><U8/><E113/><N who="0" m="43625" /><D109/><U32/><E32/><V6/><F6/><AGARI ba="0,0" hai="6,9,12,41,43,46,48,53,128,129,131" m="38985" machi="6" ten="30,1500,0" yaku="19,1" doraHai="81" who="3" fromWho="2" sc="214,0,261,0,352,-15,173,15" /><INIT seed="3,1,0,4,2,64" ten="214,261,337,188" oya="3" hai0="103,83,57,59,130,54,47,30,73,106,39,115,78" hai1="22,112,6,17,61,80,60,66,135,48,82,70,46" hai2="74,24,87,96,125,93,133,124,111,31,36,71,65" hai3="84,72,99,10,102,55,34,11,92,100,14,51,68"/><W90/><G34/><T95/><D130/><U116/><E135/><V19/><F111/><W121/><G121/><T28/><D115/><U132/><E132/><V77/><F36/><W40/><G72/><T52/><D106/><U32/><E32/><V75/><F19/><W67/><G40/><T1/><D1/><U128/><E128/><V118/><F118/><W29/><G29/><T76/><D39/><U2/><E116/><V7/><F7/><W122/><G122/><T114/><D47/><U13/><E112/><V16/><F31/><W38/><G38/><T42/><D42/><U33/><E33/><V41/><F41/><W85/><G67/><T105/><D105/><U27/><E2/><V15/><F24/><W113/><G68/><T94/><D114/><U86/><E60/><N who="2" m="40359" /><F87/><N who="3" m="33355" /><G113/><T8/><D8/><N who="3" m="3113" /><G14/><T134/><D134/><U127/><E6/><V97/><F133/><W104/><G104/><T37/><D37/><U25/><E82/><N who="2" m="45367" /><F93/><W5/><G5/><T117/><D73/><U43/><REACH who="1" step="1"/><E127/><REACH who="1" ten="214,251,337,188" step="2"/><N who="2" m="48715" /><F75/><W58/><AGARI ba="1,1" hai="51,55,58,90,92,99,100,102" m="3113,33355" machi="58" ten="30,1500,0" yaku="8,1" doraHai="64" who="3" fromWho="3" sc="214,-6,251,-6,337,-6,188,28" /><INIT seed="3,2,0,5,4,50" ten="208,245,331,216" oya="3" hai0="82,93,35,106,73,38,57,95,133,76,65,61,70" hai1="94,132,34,99,83,84,85,22,5,31,40,9,135" hai2="26,101,125,80,16,6,108,25,39,71,2,7,124" hai3="97,74,23,27,130,72,89,81,11,78,60,122,120"/><W118/><G118/><T24/><D133/><N who="1" m="51275" /><E34/><V14/><F39/><W114/><G114/><T128/><D128/><U30/><E40/><V131/><F71/><W129/><G72/><T68/><D38/><U113/><E113/><V21/><F101/><W56/><G11/><T17/><D106/><U123/><E123/><V126/><F131/><N who="3" m="50187" /><G89/><T102/><D93/><U79/><E22/><V107/><F107/><W66/><G97/><T86/><D17/><AGARI ba="2,0" hai="17,23,27,56,60,66,74,78,81,120,122" m="50187" machi="17" ten="30,1500,0" yaku="19,1" doraHai="50" who="3" fromWho="0" sc="208,-21,245,0,331,0,216,21" /><INIT seed="3,3,0,3,1,108" ten="187,245,331,237" oya="3" hai0="75,24,87,64,9,98,103,14,113,37,1,58,114" hai1="34,57,104,59,99,54,93,129,109,69,62,83,10" hai2="82,35,4,131,123,102,127,72,13,56,44,55,122" hai3="6,107,20,47,111,132,68,15,52,76,70,12,84"/><W41/><G107/><T49/><D37/><U40/><E109/><V90/><F131/><W92/><G111/><T19/><D75/><U118/><E129/><V61/><F35/><W116/><G116/><T100/><D1/><U51/><E34/><V67/><F102/><W89/><G132/><T117/><D117/><U50/><E104/><V126/><F4/><W26/><G76/><T130/><D130/><U80/><E118/><V71/><F13/><W134/><G134/><T91/><D24/><U3/><E69/><V88/><F44/><W60/><G70/><T53/><D64/><U17/><E40/><V110/><F110/><W32/><G32/><T85/><D85/><U94/><E94/><V124/><F72/><W112/><G112/><N who="0" m="43115" /><D98/><U45/><E3/><V27/><F27/><W21/><G68/><T25/><D25/><U63/><E99/><V30/><F30/><W5/><G12/><T120/><D120/><U33/><E33/><V106/><F106/><W36/><G15/><T86/><D86/><U81/><E93/><AGARI ba="3,0" hai="9,14,19,49,53,58,87,91,93,100,103" m="43115" machi="93" ten="30,7700,0" yaku="11,1,52,3" doraHai="108" who="0" fromWho="1" sc="187,86,245,-86,331,0,237,0" /><INIT seed="4,0,0,4,2,41" ten="273,159,331,237" oya="0" hai0="52,30,29,93,92,21,68,108,6,55,50,11,128" hai1="53,120,101,13,23,100,130,56,2,72,7,131,82" hai2="26,132,114,59,70,42,113,77,87,104,124,86,121" hai3="76,37,31,43,63,25,85,58,89,117,47,10,9"/><T110/><D68/><U48/><E120/><V22/><F70/><W127/><G127/><T116/><D116/><U16/><E2/><V119/><F121/><W115/><G115/><N who="2" m="44041" /><F119/><W75/><G76/><T18/><D128/><N who="1" m="49195" /><E7/><V91/><F124/><W106/><G75/><T51/><D6/><U5/><E5/><V78/><F104/><W111/><G106/><T60/><D60/><U17/><E17/><N who="2" m="12623" /><F132/><W107/><G107/><T61/><D61/><U74/><E82/><N who="2" m="49623" /><F59/><W129/><G111/><T67/><D11/><U88/><E88/><V99/><F87/><W14/><G14/><T49/><D67/><U134/><E134/><V35/><F35/><W94/><G117/><T65/><D65/><U123/><E123/><V109/><F109/><N who="0" m="42090" /><D18/><U19/><E19/><V4/><F99/><W135/><G135/><T83/><D83/><U96/><E96/><V133/><F133/><W36/><G129/><T105/><D105/><U90/><E90/><V15/><F42/><W112/><G112/><T27/><D30/><U39/><E39/><V79/><F79/><W103/><G36/><T8/><D8/><AGARI ba="0,0" hai="4,8,15,77,78" m="49623,12623,44041" machi="8" ten="30,1000,0" yaku="15,1" doraHai="41" who="2" fromWho="0" sc="273,-10,159,0,331,10,237,0" /><INIT seed="5,0,0,4,4,99" ten="263,159,341,237" oya="1" hai0="58,10,6,17,134,40,33,56,128,97,101,16,20" hai1="80,123,65,89,131,44,124,119,100,43,120,98,132" hai2="39,2,1,86,117,96,93,135,0,9,21,125,85" hai3="129,79,15,23,46,75,41,91,29,51,37,26,66"/><U88/><E65/><V38/><F117/><W47/><G129/><T108/><D108/><U57/><E119/><V105/><F125/><W104/><G104/><T70/><D33/><U60/><E124/><V81/><F135/><W69/><G75/><T24/><D70/><U59/><E132/><V83/><F9/><W32/><G79/><T45/><D134/><U116/><E116/><V35/><F35/><W78/><G78/><T102/><D17/><U25/><E131/><V94/><F21/><W12/><G32/><T18/><D18/><U22/><E59/><V64/><F64/><W36/><G91/><T133/><D128/><U82/><E82/><N who="2" m="31243" /><F96/><W61/><REACH who="3" step="1"/><G36/><REACH who="3" ten="263,159,341,227" step="2"/><N who="2" m="13865" /><F105/><W42/><AGARI ba="0,1" hai="12,15,23,26,29,37,41,42,46,47,51,61,66,69" machi="42" ten="20,2700,0" yaku="1,1,0,1,7,1,53,0" doraHai="99" doraHaiUra="52" who="3" fromWho="3" sc="263,-7,159,-13,341,-7,227,37" /><INIT seed="6,0,0,3,2,63" ten="256,146,334,264" oya="2" hai0="62,24,39,33,36,69,111,134,97,71,29,120,73" hai1="87,83,96,126,12,34,104,25,48,14,79,37,121" hai2="81,82,125,55,0,109,115,21,41,85,22,95,128" hai3="32,40,42,131,92,28,31,133,72,15,108,103,122"/><V99/><F115/><W113/><G108/><T52/><D111/><U2/><E126/><V23/><F125/><W13/><G122/><T118/><D120/><U129/><E129/><V43/><F128/><W91/><G72/><T11/><D134/><U78/><E37/><V60/><F0/><W70/><G70/><T106/><D73/><U89/><E2/><V76/><F109/><W84/><G131/><T102/><D118/><U46/><E121/><V58/><REACH who="2" step="1"/><F81/><REACH who="2" ten="256,146,324,264" step="2"/><W98/><G113/><T57/><D71/><U135/><E135/><V119/><F119/><W6/><G133/><T114/><D114/><U44/><E83/><V16/><F16/><W123/><G123/><T45/><D11/><U51/><E79/><V54/><F54/><W107/><G42/><T20/><D69/><U47/><E78/><V77/><F77/><W3/><G40/><T8/><D8/><U19/><E19/><V117/><F117/><W67/><G3/><T74/><D74/><U53/><E53/><V1/><F1/><W90/><G6/><T130/><D130/><U7/><E7/><V18/><F18/><W112/><G112/><T38/><D52/><U93/><E12/><V116/><F116/><W26/><G13/><T59/><D29/><U110/><E14/><V132/><F132/><W49/><G15/><T127/><D127/><U75/><E75/><V100/><AGARI ba="0,1" hai="21,22,23,41,43,55,58,60,76,82,85,95,99,100" machi="100" ten="30,18000,2" yaku="1,1,0,1,8,1,53,3" doraHai="63" doraHaiUra="17" who="2" fromWho="2" sc="256,-60,146,-60,324,190,264,-60" /><INIT seed="6,1,0,1,3,121" ten="196,86,514,204" oya="2" hai0="128,7,98,91,25,18,75,92,125,126,131,122,105" hai1="52,81,132,64,57,51,53,96,110,26,60,69,29" hai2="34,22,103,129,8,20,24,71,135,40,31,127,112" hai3="38,94,43,100,80,10,123,23,114,48,86,115,113"/><V13/><F71/><W14/><G123/><T37/><D37/><U95/><E132/><V55/><F40/><W16/><G38/><T44/><D122/><U19/><E81/><V35/><F103/><W89/><G43/><T0/><D44/><U63/><E19/><V73/><F73/><W9/><G48/><T12/><D75/><U76/><E76/><V82/><F82/><W5/><G5/><T88/><D105/><U32/><E110/><V93/><F93/><W6/><G6/><T61/><D25/><U3/><E3/><V21/><F21/><BYE who="2" /><W49/><G49/><T102/><D61/><U54/><REACH who="1" step="1"/><E63/><REACH who="1" ten="196,76,514,204" step="2"/><V46/><F46/><W59/><G59/><T101/><D0/><U87/><E87/><V30/><F30/><W58/><G58/><T50/><D7/><U33/><E33/><V62/><F62/><W134/><G134/><T97/><D18/><U70/><E70/><V99/><F99/><AGARI ba="1,1" hai="9,10,14,16,23,80,86,89,94,99,100,113,114,115" machi="99" ten="40,5200,0" yaku="15,1,11,1,54,1" doraHai="121" who="3" fromWho="2" sc="196,0,76,0,514,-55,204,65" /><INIT seed="7,0,0,2,0,54" ten="196,76,459,269" oya="3" hai0="34,129,36,52,76,60,57,59,119,69,4,22,42" hai1="115,31,41,99,91,103,134,38,120,49,46,82,101" hai2="124,109,77,108,12,5,102,95,3,37,84,30,114" hai3="17,40,131,113,43,79,7,107,68,0,74,32,86"/><W90/><G68/><T110/><D34/><U117/><E115/><V25/><F25/><W78/><G32/><T83/><D69/><U112/><E112/><V127/><F127/><W106/><G113/><T65/><D110/><U47/><E134/><V92/><F92/><W56/><G131/><T63/><D129/><U28/><E117/><V105/><F105/><W118/><G118/><T123/><D119/><U93/><E120/><V62/><F62/><W44/><G107/><T126/><D126/><U50/><E38/><V19/><F19/><W72/><G106/><T10/><D22/><U29/><E82/><V71/><F71/><W125/><G40/><T14/><D123/><U20/><E20/><V73/><F73/><W70/><G70/><T98/><D98/><U75/><E75/><V35/><F35/><W128/><G125/><T39/><D42/><U23/><E23/><V89/><F89/><W81/><G43/><T85/><AGARI ba="0,0" hai="4,10,14,36,39,52,57,59,60,63,65,76,83,85" machi="85" ten="20,8000,1" yaku="0,1,7,1,52,2,54,1" doraHai="54" who="0" fromWho="0" sc="196,80,76,-20,459,-20,269,-40" owari="276,7.6,56,-44.4,439,53.9,229,-17.1" /></mjloggm>