<mjloggm ver="2.3"><GO type="169" lobby="0"/><UN n0="%E2%80%A0%E7%99%BD%E5%85%8E%E2%80%A0" n1="%E3%81%BB%E3%83%BC%E3%82%8A%E3%83%BC" n2="%73%69%65%72%61%34%30%31" n3="%E3%81%9D%E3%81%B5%E3%81%81%E3%82%82%E3%82%93" dan="17,17,16,18" rate="2207.84,2256.46,2209.15,2227.61" sx="M,M,F,F"/><TAIKYOKU oya="0"/><INIT seed="0,0,0,0,2,86" ten="250,250,250,250" oya="0" hai0="115,88,82,69,113,3,128,104,11,47,120,103,72" hai1="4,61,117,127,65,67,101,85,13,64,33,5,21" hai2="41,22,130,6,8,114,125,116,18,132,60,110,129" hai3="100,27,40,97,124,90,68,119,46,44,135,126,84"/><T73/><D69/><U50/><E33/><V17/><F41/><W112/><G112/><N who="0" m="43083" /><D47/><U107/><E107/><V87/><F114/><W14/><G119/><T99/><D11/><U59/><E117/><V48/><F48/><W96/><G68/><T134/><D3/><U74/><E74/><N who="0" m="28777" /><D120/><U78/><E50/><V76/><F116/><W37/><G135/><T29/><D29/><U106/><E65/><V95/><F132/><W36/><G14/><T91/><D134/><U81/><E64/><V25/><F18/><W0/><G0/><T20/><D20/><U111/><E21/><V49/><F49/><W89/><G84/><N who="0" m="50199" /><D91/><U98/><E13/><V58/><F8/><W80/><G40/><T93/><D128/><U19/><E19/><V53/><F6/><W70/><G70/><T31/><D31/><U12/><E12/><V38/><F38/><W16/><G16/><T94/><AGARI ba="0,0" hai="93,94,99,103,104" m="50199,28777,43083" machi="94" ten="40,12000,1" yaku="34,2,52,1,54,1" doraHai="86" who="0" fromWho="0" sc="250,120,250,-40,250,-40,250,-40" /><INIT seed="0,1,0,4,1,104" ten="370,210,210,210" oya="0" hai0="110,88,103,29,35,112,121,100,10,75,68,122,70" hai1="77,55,8,82,11,36,131,119,69,81,43,26,116" hai2="73,125,64,42,107,3,12,114,94,27,135,5,54" hai3="45,21,24,48,123,65,50,53,99,76,0,2,120"/><T67/><D112/><U102/><E69/><V72/><F107/><W80/><G65/><T25/><D110/><U22/><E102/><V132/><F3/><W34/><G34/><T130/><D130/><U124/><E131/><V9/><F114/><W19/><G99/><T57/><D75/><N who="2" m="28746" /><F42/><W96/><G96/><T90/><D57/><U1/><E43/><V113/><F113/><W7/><G7/><T101/><D10/><U20/><E1/><V31/><F54/><W127/><G127/><T33/><D67/><U6/><E55/><V93/><F64/><W89/><G89/><T46/><D46/><U129/><E6/><V62/><F62/><W15/><G50/><T74/><D74/><U63/><E63/><V83/><F83/><W23/><G0/><T133/><D101/><U109/><E129/><V49/><F49/><W98/><G98/><T66/><D66/><U16/><E81/><V4/><F4/><W111/><G2/><T47/><D47/><U91/><E82/><V41/><F41/><W51/><G51/><T40/><D40/><U97/><E97/><V78/><F78/><W92/><G80/><T32/><D32/><U95/><E77/><V61/><F61/><W28/><G76/><T60/><D60/><U134/><E8/><V86/><F86/><W58/><G92/><N who="2" m="35433" /><F125/><W79/><G79/><T37/><D68/><U17/><E124/><V71/><F71/><W87/><G87/><T59/><D70/><U30/><E95/><V108/><F108/><W118/><G111/><T18/><D103/><U115/><E109/><V39/><F39/><RYUUKYOKU ba="1,0" sc="370,-10,210,-10,210,30,210,-10" hai2="5,9,12,27,31,132,135" /><INIT seed="1,2,0,0,4,47" ten="360,200,240,200" oya="1" hai0="3,29,65,131,5,116,41,83,99,84,87,21,111" hai1="12,114,120,108,66,36,69,2,130,48,67,70,107" hai2="100,51,76,22,38,61,118,123,92,77,43,129,57" hai3="54,127,59,9,117,8,46,94,89,28,27,97,115"/><U85/><E85/><V112/><F118/><W110/><G115/><T34/><D116/><U101/><E101/><V33/><F33/><W45/><G117/><T44/><D34/><U64/><E12/><V106/><F123/><W30/><G110/><T121/><D111/><U25/><E25/><V95/><F38/><W132/><G132/><T86/><D99/><U18/><E18/><V52/><F129/><W37/><G127/><T93/><D131/><U88/><E107/><V49/><F106/><W80/><G30/><T4/><D93/><N who="2" m="35914" /><F112/><W0/><G37/><T39/><D83/><U119/><E2/><V10/><F100/><W135/><G135/><T26/><D3/><U73/><E73/><V19/><F10/><N who="3" m="4203" /><G80/><T105/><D105/><U17/><E119/><V81/><F43/><W24/><G0/><T78/><D78/><N who="2" m="30314" /><F81/><W23/><G24/><AGARI ba="2,0" hai="19,22,24,49,51,52,57,61" m="30314,35914" machi="24" ten="30,7700,0" yaku="8,1,52,2,54,1" doraHai="47" who="2" fromWho="3" sc="360,0,200,0,240,83,200,-83" /><INIT seed="2,0,0,5,1,48" ten="360,200,323,117" oya="2" hai0="98,117,54,0,79,52,12,30,24,49,134,34,41" hai1="123,55,25,58,132,96,36,93,33,23,111,120,74" hai2="121,94,73,99,42,63,7,78,51,69,126,18,26" hai3="119,83,115,87,2,86,5,90,104,13,103,101,39"/><V22/><F121/><N who="1" m="46665" /><E111/><V70/><F126/><W108/><G119/><T77/><D0/><U80/><E36/><V6/><F73/><W118/><G118/><T1/><D1/><U65/><E132/><V4/><F78/><W67/><G2/><T14/><D117/><U31/><E65/><V71/><F42/><W35/><G35/><T66/><D134/><U72/><E80/><V27/><F51/><W130/><G39/><T76/><D66/><U37/><E33/><V81/><F81/><W92/><G108/><T15/><REACH who="0" step="1"/><D98/><REACH who="0" ten="350,200,323,117" step="2"/><U85/><E37/><V112/><F112/><W53/><G67/><T10/><D10/><U89/><E96/><V127/><F127/><W106/><G115/><T9/><D9/><U8/><E8/><V17/><F63/><AGARI ba="0,1" hai="23,25,31,55,58,63,72,74,85,89,93" m="46665" machi="63" ten="30,2000,0" yaku="13,1,52,1" doraHai="48" who="1" fromWho="2" sc="350,0,200,30,323,-20,117,0" /><INIT seed="3,0,0,2,3,4" ten="350,230,303,117" oya="3" hai0="121,66,37,21,59,111,118,122,82,68,89,123,105" hai1="108,22,80,113,2,27,8,112,124,12,56,63,44" hai2="74,62,71,26,117,67,93,18,100,107,29,25,135" hai3="114,53,72,40,96,88,24,49,109,20,133,50,42"/><W101/><G114/><T103/><D37/><U32/><E108/><V126/><F117/><W91/><G72/><T55/><D118/><U0/><E44/><V31/><F74/><W11/><G109/><T64/><D111/><U78/><E32/><V28/><F126/><W83/><G133/><T86/><D68/><U52/><E124/><V5/><F135/><W76/><G42/><T97/><REACH who="0" step="1"/><D21/><REACH who="0" ten="340,230,303,117" step="2"/><U15/><E112/><V110/><F110/><W77/><G40/><T134/><D134/><U10/><E113/><V128/><F71/><W45/><G49/><AGARI ba="0,1" hai="49,55,59,64,66,82,86,89,97,103,105,121,122,123" machi="49" ten="40,1300,0" yaku="1,1,53,0" doraHai="4" doraHaiUra="57" who="0" fromWho="3" sc="340,23,230,0,303,0,117,-13" /><INIT seed="4,0,0,1,4,66" ten="363,230,303,104" oya="0" hai0="40,95,59,64,114,92,98,116,46,0,47,101,99" hai1="71,11,73,80,74,127,87,90,115,12,70,75,22" hai2="78,105,7,103,45,21,30,17,55,82,35,85,76" hai3="113,58,121,4,1,19,131,16,68,63,43,122,91"/><T5/><D116/><U25/><E127/><V100/><F7/><W126/><G113/><T94/><D114/><U49/><E115/><V60/><F105/><W62/><G126/><T81/><D0/><U123/><E123/><N who="3" m="47114" /><G43/><T77/><D5/><U118/><E118/><V83/><F30/><W88/><G131/><T61/><D40/><U120/><E49/><V84/><F35/><W20/><G4/><T104/><REACH who="0" step="1"/><D99/><REACH who="0" ten="353,230,303,104" step="2"/><U15/><E120/><V27/><REACH who="2" step="1"/><F45/><REACH who="2" ten="353,230,293,104" step="2"/><W10/><G1/><T109/><D109/><U129/><E129/><V24/><F24/><N who="3" m="14343" /><G19/><T44/><D44/><U135/><E12/><V14/><F14/><W33/><G33/><T125/><D125/><U97/><E15/><V96/><F96/><W41/><G41/><T112/><D112/><U2/><E97/><V53/><F53/><N who="3" m="34127" /><G10/><T8/><D8/><U6/><REACH who="1" step="1"/><E135/><REACH who="1" ten="353,220,293,104" step="2"/><V110/><F110/><W119/><G119/><T34/><D34/><U32/><E32/><V50/><F50/><W107/><G107/><T48/><D48/><U3/><E3/><V18/><F18/><AGARI ba="0,3" hai="2,6,11,18,22,25,70,71,73,74,75,80,87,90" machi="18" ten="40,5200,0" yaku="1,1,52,2,53,0" doraHai="66" doraHaiUra="52" who="1" fromWho="2" sc="353,0,220,82,293,-52,104,0" /><INIT seed="5,0,0,5,5,1" ten="353,302,241,104" oya="1" hai0="62,7,35,65,132,18,39,10,78,110,8,69,113" hai1="31,122,131,119,53,86,116,44,108,51,55,29,94" hai2="30,91,13,63,98,32,6,73,37,102,81,76,135" hai3="125,103,83,58,112,111,123,64,3,114,19,42,4"/><U2/><E2/><V9/><F135/><W38/><G111/><T43/><D110/><U107/><E107/><V27/><F37/><W54/><G123/><T97/><D35/><U66/><E122/><V17/><F91/><W121/><G121/><T84/><D113/><N who="3" m="43625" /><G103/><T93/><D132/><U124/><E108/><V59/><F98/><W109/><G109/><T40/><D39/><U52/><E66/><V5/><REACH who="2" step="1"/><F102/><REACH who="2" ten="353,302,231,104" step="2"/><W105/><G38/><T126/><D97/><U117/><E119/><V22/><F22/><W128/><G128/><T72/><D78/><U118/><E131/><V95/><F95/><W24/><G105/><T88/><D93/><U90/><REACH who="1" step="1"/><E124/><REACH who="1" ten="353,292,231,104" step="2"/><V20/><F20/><W46/><G125/><T33/><D126/><U92/><E92/><V127/><F127/><W16/><G83/><T67/><D33/><U89/><E89/><V57/><F57/><W26/><G58/><T21/><D88/><U68/><E68/><V11/><F11/><N who="3" m="2463" /><G64/><AGARI ba="0,2" hai="5,6,9,13,17,27,30,32,59,63,64,73,76,81" machi="64" ten="30,7700,0" yaku="1,1,7,1,52,2,53,0" doraHai="1" doraHaiUra="49" who="2" fromWho="3" sc="353,0,292,0,231,97,104,-77" /><INIT seed="6,0,0,4,3,25" ten="353,292,328,27" oya="2" hai0="104,44,22,0,123,62,127,116,92,47,94,69,134" hai1="16,75,67,76,108,8,11,83,33,18,32,59,128" hai2="115,28,132,124,70,122,52,36,13,3,2,56,57" hai3="78,126,102,51,133,85,112,24,114,14,45,105,131"/><V90/><F122/><W64/><G105/><T53/><D0/><U72/><E108/><V20/><F70/><W38/><G102/><T89/><D104/><U37/><E37/><V26/><F36/><W130/><G85/><T31/><D123/><U54/><E67/><V98/><F115/><N who="3" m="44075" /><G78/><T34/><D34/><U10/><E128/><N who="3" m="49194" /><G14/><T65/><D94/><U12/><E75/><V30/><F124/><W39/><G24/><T66/><D127/><U110/><E110/><V74/><F132/><W4/><G4/><T91/><D134/><U101/><E101/><V73/><F13/><W106/><G106/><T119/><D91/><U99/><E99/><V58/><F52/><N who="3" m="29807" /><G126/><T79/><D89/><U120/><E120/><V15/><F15/><W109/><G109/><T27/><D92/><U97/><E97/><V50/><F50/><W86/><G133/><T121/><D27/><U117/><E12/><V61/><F61/><W48/><G86/><T60/><D79/><U17/><E76/><V125/><F125/><W100/><G100/><T46/><D121/><U42/><E8/><V88/><F98/><W41/><G64/><T96/><D66/><U29/><E10/><V19/><F90/><W5/><G5/><T118/><D96/><U49/><E11/><V113/><F88/><W129/><N who="3" m="49202" /><W111/><DORA hai="87" /><G111/><T35/><D65/><U77/><E77/><V9/><F113/><W63/><G63/><T71/><D62/><U82/><E72/><N who="2" m="27755" /><F9/><W23/><G23/><T6/><D22/><U55/><E32/><V93/><F93/><W95/><G95/><RYUUKYOKU ba="0,0" sc="353,-15,292,-15,328,15,27,15" hai2="2,3,19,20,26,28,30,56,57,58" hai3="38,39,41,48" /><INIT seed="6,1,0,0,3,118" ten="338,277,343,42" oya="2" hai0="121,109,91,25,96,103,53,15,87,38,40,32,23" hai1="52,9,79,105,84,135,100,65,26,129,70,56,31" hai2="42,101,37,88,73,134,102,74,124,10,11,85,61" hai3="77,92,27,112,50,55,36,127,34,90,59,120,82"/><V49/><F37/><W67/><G36/><T4/><D109/><U132/><E129/><V0/><F124/><W69/><G127/><T83/><D32/><U45/><E45/><N who="2" m="25783" /><F0/><W14/><G112/><T107/><D121/><U89/><E79/><V63/><F74/><W81/><G69/><T51/><D40/><U8/><E65/><V86/><F86/><W106/><G106/><T130/><D130/><U3/><E100/><N who="2" m="38507" /><F73/><W76/><G67/><T75/><D75/><U104/><E70/><V2/><F2/><W17/><G120/><T128/><D38/><U13/><E3/><V80/><F134/><N who="1" m="51241" /><E105/><V123/><F123/><W30/><G76/><T95/><D128/><U71/><E71/><V47/><F47/><W20/><REACH who="3" step="1"/><G77/><REACH who="3" ten="338,277,343,32" step="2"/><T6/><D107/><U39/><E39/><V113/><F113/><W108/><G108/><T93/><D83/><N who="1" m="49311" /><E104/><V16/><F10/><W133/><G133/><T94/><D94/><U62/><E13/><AGARI ba="1,1" hai="11,13,16,61,63,80,85,88" m="38507,25783" machi="13" ten="30,5800,0" yaku="8,1,54,2" doraHai="118" who="2" fromWho="1" sc="338,0,277,-61,343,71,32,0" /><INIT seed="6,2,0,3,0,118" ten="338,216,414,32" oya="2" hai0="122,104,99,57,82,8,42,55,132,44,97,68,86" hai1="26,120,64,119,69,103,16,74,72,108,11,129,33" hai2="56,51,32,14,53,116,87,76,105,66,133,71,85" hai3="83,58,107,49,134,27,2,29,50,18,36,93,125"/><V65/><F116/><W127/><G107/><T1/><D68/><U124/><E103/><V73/><F32/><W5/><G36/><T48/><D132/><U75/><E119/><V40/><F105/><W70/><G70/><T30/><D104/><U117/><E117/><V60/><F133/><W98/><G134/><T6/><D30/><U35/><E108/><V114/><F114/><W37/><G37/><T80/><D80/><U91/><E91/><V123/><F65/><W61/><G83/><T63/><REACH who="0" step="1"/><D122/><REACH who="0" ten="328,216,414,32" step="2"/><U131/><E120/><V90/><F123/><W106/><G106/><T10/><D10/><U94/><E11/><V43/><F73/><W12/><G125/><T126/><D126/><U7/><E124/><V52/><F76/><AGARI ba="2,1" hai="1,6,8,42,44,48,55,57,63,76,82,86,97,99" machi="76" ten="30,2000,0" yaku="1,1,7,1,53,0" doraHai="118" doraHaiUra="20" who="0" fromWho="2" sc="328,36,216,0,414,-26,32,0" /><INIT seed="7,0,0,1,2,71" ten="364,216,388,32" oya="3" hai0="84,61,13,22,42,132,53,54,111,75,98,59,124" hai1="95,123,100,79,131,56,28,60,108,66,119,88,80" hai2="122,46,49,50,81,17,128,115,37,64,107,92,12" hai3="135,85,4,47,40,63,11,94,67,116,16,3,82"/><W31/><G116/><T117/><D75/><U32/><E108/><V19/><F107/><W24/><G135/><T113/><D111/><U69/><E123/><V6/><F37/><W121/><G121/><T120/><D120/><U130/><E100/><V103/><F122/><W45/><G94/><T129/><D117/><U36/><E36/><V41/><F115/><W27/><G31/><T86/><D129/><N who="1" m="49163" /><E119/><V89/><F64/><W5/><G5/><T34/><D34/><U118/><E118/><V39/><F39/><W43/><G43/><T18/><D124/><U104/><E104/><V57/><F103/><W105/><G105/><T109/><D109/><U9/><E9/><N who="2" m="4151" /><F81/><W1/><G1/><T10/><D132/><U93/><E56/><V68/><F68/><W2/><G2/><T20/><D113/><U35/><E28/><V102/><F102/><W83/><G83/><T29/><D42/><U133/><E133/><V76/><F76/><W72/><G72/><T0/><D0/><U70/><E70/><V30/><F30/><W87/><G82/><T73/><D73/><N who="1" m="43119" /><E95/><V127/><F127/><W14/><G3/><T96/><D54/><U8/><E8/><V23/><F23/><W101/><G101/><T65/><D53/><U74/><E74/><V97/><F128/><W112/><G112/><T77/><D77/><U7/><E7/><V114/><F114/><W52/><G52/><AGARI ba="0,0" hai="17,19,41,46,49,50,52,57,89,92,97" m="4151" machi="52" ten="30,2000,0" yaku="8,1,54,1" doraHai="71" who="2" fromWho="3" sc="364,0,216,0,388,20,32,-20" owari="364,16.4,216,-18.4,408,50.8,12,-48.8" /></mjloggm>