<mjloggm ver="2.3"><GO type="169" lobby="0"/><UN n0="%E3%81%BD%E3%81%A3%E3%81%91%E3%81%95%E3%82%93" n1="%62%75%65" n2="%4F%4D%41%4E%54%41" n3="%E6%98%8E%E6%98%9F%E5%B8%82%E6%B0%91" dan="17,17,17,16" rate="2189.18,2138.05,2206.48,2174.78" sx="M,M,M,M"/><TAIKYOKU oya="0"/><INIT seed="0,0,0,1,3,69" ten="250,250,250,250" oya="0" hai0="126,6,78,63,134,91,59,95,87,113,116,108,99" hai1="25,131,83,119,102,64,14,50,97,12,61,79,56" hai2="114,0,84,96,67,44,85,124,117,43,16,4,93" hai3="55,58,135,45,5,89,115,105,132,47,18,82,101"/><T86/><D113/><U22/><E131/><V75/><F114/><W21/><G115/><T80/><D116/><U7/><E119/><V26/><F75/><W53/><G5/><T118/><D118/><U72/><E50/><V109/><F117/><W70/><G70/><T100/><D134/><U23/><E7/><V40/><F109/><W8/><G8/><T30/><D108/><U46/><E46/><V66/><F124/><W37/><G105/><T48/><D126/><U41/><E41/><V90/><F4/><W17/><G101/><T29/><D48/><U52/><E64/><N who="2" m="24619" /><F0/><W110/><G89/><T81/><REACH who="0" step="1"/><D6/><REACH who="0" ten="240,250,250,250" step="2"/><U32/><E32/><V76/><F40/><W57/><G110/><T9/><D9/><U88/><E23/><N who="2" m="13671" /><F76/><W3/><G21/><T127/><D127/><U106/><REACH who="1" step="1"/><E88/><REACH who="1" ten="240,240,250,250" step="2"/><V125/><F125/><W92/><G135/><T28/><D28/><AGARI ba="0,2" hai="12,14,22,25,28,52,56,61,72,79,83,97,102,106" machi="28" ten="30,8000,1" yaku="1,1,2,1,7,1,54,1,53,1" doraHai="69" doraHaiUra="103" who="1" fromWho="0" sc="240,-80,240,100,250,0,250,0" /><INIT seed="1,0,0,0,3,93" ten="160,340,250,250" oya="1" hai0="105,73,34,95,81,106,36,35,111,86,5,71,10" hai1="42,119,58,107,121,99,109,76,17,0,39,30,68" hai2="53,66,123,56,55,3,115,82,49,24,129,37,67" hai3="112,114,60,70,2,104,22,92,133,51,14,54,77"/><U19/><E119/><V7/><F123/><W47/><G104/><T45/><D71/><U46/><E121/><V9/><F129/><W23/><G2/><T98/><D111/><U48/><E0/><V84/><F115/><W18/><G133/><T59/><D59/><U132/><E132/><V134/><F134/><W32/><G32/><T135/><D135/><U94/><E109/><V40/><F37/><W44/><G77/><N who="0" m="44207" /><D86/><U31/><E107/><V8/><F40/><W91/><G44/><T29/><D95/><U41/><E76/><V13/><F24/><W27/><G70/><T1/><D29/><U78/><E78/><V80/><F55/><W122/><G60/><T57/><D57/><U83/><E83/><V128/><F128/><W130/><G130/><T126/><D126/><U116/><E116/><V65/><REACH who="2" step="1"/><F84/><REACH who="2" ten="160,340,240,250" step="2"/><W79/><G122/><T124/><D124/><U38/><E39/><V101/><F101/><W43/><G43/><N who="0" m="22759" /><D106/><U97/><E38/><V127/><F127/><W62/><G114/><T11/><D10/><U20/><E42/><V33/><F33/><W12/><G112/><T87/><D87/><U102/><E41/><V72/><F72/><W75/><G75/><T113/><D113/><U61/><E102/><AGARI ba="0,1" hai="1,5,11,34,35,98,102,105" m="22759,44207" machi="102" ten="30,7700,0" yaku="25,1,33,2,52,1" doraHai="93" who="0" fromWho="1" sc="160,87,340,-77,240,0,250,0" /><INIT seed="2,0,0,3,4,91" ten="247,263,240,250" oya="2" hai0="27,93,66,25,121,7,82,33,108,77,123,130,101" hai1="4,53,23,31,44,30,103,38,5,15,125,54,10" hai2="47,68,118,67,17,57,28,127,111,100,106,21,73" hai3="59,99,98,13,114,48,94,1,62,96,26,83,6"/><V37/><F118/><W115/><G1/><T70/><D108/><U76/><E125/><V9/><F73/><W80/><G26/><T42/><D130/><U32/><E32/><V40/><F127/><W104/><G104/><T120/><D7/><U18/><E76/><V86/><F111/><W29/><G29/><T74/><D33/><U88/><E103/><V71/><F28/><W102/><G48/><T3/><D3/><U16/><E38/><V69/><F9/><N who="3" m="4279" /><G115/><T24/><D42/><U45/><E15/><V109/><F109/><W79/><G114/><T58/><D58/><U41/><E41/><V46/><F46/><W112/><G112/><T124/><D124/><U20/><E10/><V132/><F132/><W11/><G11/><T122/><N who="0" m="30720" /><DORA hai="78" /><T35/><D35/><U105/><E105/><V131/><F131/><W2/><G79/><T116/><D116/><U92/><E88/><V135/><F135/><W97/><G2/><T50/><D50/><U134/><E134/><V126/><F126/><W60/><G60/><T119/><D119/><U52/><E54/><AGARI ba="0,0" hai="54,59,62,80,83,94,96,97,98,99,102" m="4279" machi="54" ten="30,7700,0" yaku="8,1,52,3" doraHai="91,78" who="3" fromWho="1" sc="247,0,263,-77,240,0,250,77" /><INIT seed="3,0,0,3,1,51" ten="247,186,240,327" oya="3" hai0="12,93,118,97,31,104,100,111,36,70,98,52,119" hai1="18,40,60,25,29,80,133,44,21,57,15,116,114" hai2="125,71,43,69,11,79,84,1,90,10,81,123,6" hai3="2,33,128,91,83,14,78,41,48,122,63,129,99"/><W54/><G2/><T72/><D36/><U46/><E133/><V67/><F125/><W56/><G33/><T135/><D70/><U131/><E131/><N who="3" m="50250" /><G99/><T115/><D72/><U121/><E116/><V77/><F123/><W42/><G91/><T124/><D124/><U5/><E114/><V73/><F79/><W13/><G122/><T112/><D31/><U74/><E121/><V92/><F67/><W17/><G63/><T9/><D135/><U23/><E5/><V103/><F11/><N who="3" m="6335" /><G14/><T85/><D118/><U7/><E7/><V68/><F103/><W109/><G109/><T113/><D111/><U49/><E74/><AGARI ba="0,0" hai="41,42,48,54,56,74,78,83" m="6335,50250" machi="74" ten="30,2900,0" yaku="19,1,52,1" doraHai="51" who="3" fromWho="1" sc="247,0,186,-29,240,0,327,29" /><INIT seed="3,1,0,0,1,91" ten="247,157,240,356" oya="3" hai0="20,13,122,100,15,30,76,109,111,62,70,71,50" hai1="7,132,42,11,84,43,79,66,46,60,56,33,32" hai2="16,81,99,135,44,127,34,6,115,105,124,0,47" hai3="74,98,106,36,103,18,49,128,126,89,57,28,9"/><W114/><G114/><T117/><D117/><U78/><E132/><V134/><F115/><W110/><G128/><T104/><D122/><U133/><E133/><N who="2" m="50699" /><F34/><W102/><G36/><T120/><D120/><U24/><E43/><V113/><F113/><W38/><G38/><T29/><D76/><U65/><E65/><V27/><F81/><W93/><G74/><T69/><D62/><U10/><E10/><N who="2" m="2375" /><F105/><W5/><G126/><N who="2" m="48169" /><F99/><W48/><G28/><T131/><D131/><U17/><E33/><V92/><F92/><W68/><G68/><T87/><D87/><U121/><E121/><V51/><F51/><W12/><G49/><T112/><D112/><U90/><E32/><V8/><F27/><W41/><G106/><T54/><D104/><U108/><E24/><V82/><F82/><W25/><G41/><T1/><D50/><U31/><E31/><V45/><F44/><W129/><G57/><T101/><D71/><U63/><E46/><V52/><F52/><W130/><G48/><T37/><D54/><U3/><E42/><V119/><F119/><W95/><G130/><T2/><D37/><U39/><E39/><V59/><F59/><W55/><G129/><T26/><D26/><U72/><E56/><V123/><F123/><W94/><G55/><T85/><D85/><U73/><E84/><V83/><F83/><W97/><G25/><T61/><D61/><U125/><E63/><V86/><F86/><W21/><G89/><T35/><D35/><U80/><E90/><V19/><F19/><W22/><G18/><T4/><D4/><U77/><E125/><RYUUKYOKU ba="1,0" sc="247,15,157,-15,240,15,356,-15" hai0="1,2,13,15,20,29,30,69,70,100,101,109,111" hai2="8,16,45,47" /><INIT seed="4,2,0,4,2,23" ten="262,142,255,341" oya="0" hai0="78,129,8,10,31,48,119,43,99,61,114,63,38" hai1="116,131,62,104,90,40,9,68,84,3,79,6,100" hai2="96,103,89,117,42,74,1,4,111,95,66,118,92" hai3="107,128,56,18,82,108,80,25,101,133,109,11,97"/><T130/><D114/><U36/><E116/><N who="2" m="44651" /><F66/><W120/><G133/><T47/><D119/><U19/><E131/><N who="0" m="50185" /><D78/><U28/><E79/><V125/><F111/><W102/><G128/><T50/><D50/><U24/><E19/><V26/><F74/><W71/><G71/><T14/><D38/><U65/><E40/><V59/><F59/><W112/><G112/><T81/><D81/><U46/><E46/><V135/><F125/><W54/><G120/><T58/><D63/><U35/><E36/><V37/><F135/><W83/><G102/><T55/><D31/><U98/><E84/><V88/><F92/><W20/><REACH who="3" step="1"/><G11/><REACH who="3" ten="262,142,255,331" step="2"/><T0/><D10/><U127/><E90/><V72/><F88/><W122/><G122/><T33/><D8/><U75/><E127/><V21/><F103/><W30/><G30/><T60/><D0/><U7/><E7/><V115/><F1/><W15/><G15/><T53/><D14/><U73/><AGARI ba="2,1" hai="3,6,9,24,28,35,62,65,68,73,75,98,100,104" machi="73" ten="30,12000,2" yaku="0,1,25,2,33,3,52,1" doraHai="23" who="1" fromWho="1" sc="262,-62,142,136,255,-32,331,-32" /><INIT seed="5,0,0,1,0,85" ten="200,278,223,299" oya="1" hai0="59,84,58,109,6,97,29,81,72,91,57,74,4" hai1="102,28,52,98,61,108,44,40,94,22,89,30,118" hai2="50,46,95,100,82,65,18,41,71,26,124,104,123" hai3="11,101,16,36,99,1,73,49,21,43,78,13,53"/><U35/><E118/><V70/><F123/><W110/><G110/><T39/><D39/><U122/><E122/><V63/><F124/><W131/><G131/><T14/><D109/><U114/><E35/><V7/><F104/><W111/><G36/><T23/><D74/><U27/><E108/><V34/><F7/><N who="0" m="2602" /><D72/><U127/><E114/><V64/><F82/><W31/><G43/><T133/><D133/><U135/><E135/><V132/><F132/><W92/><G73/><T128/><D128/><U107/><E127/><V83/><F83/><W3/><G78/><T106/><D106/><U87/><E61/><V112/><F112/><W37/><G37/><T67/><D97/><U33/><E52/><V88/><F100/><W12/><G111/><T8/><D8/><U120/><E120/><V55/><F70/><W51/><G51/><T115/><D115/><U129/><E129/><V90/><F95/><W0/><G31/><T69/><D69/><U56/><E56/><N who="2" m="35231" /><F34/><W10/><G13/><T76/><D67/><N who="2" m="25674" /><F71/><W116/><G116/><T19/><D29/><N who="1" m="17655" /><E33/><V42/><F41/><W134/><G134/><T80/><D80/><N who="1" m="49383" /><E107/><V105/><F105/><W119/><G119/><T68/><D68/><U2/><E2/><V54/><F42/><W38/><G38/><T45/><D45/><U47/><E47/><V9/><F26/><W117/><G117/><T96/><D59/><U121/><E121/><V75/><F75/><W66/><G66/><T5/><D5/><U20/><E20/><V77/><F77/><W60/><G60/><T93/><AGARI ba="0,0" hai="14,19,23,57,58,76,81,84,91,93,96" m="2602" machi="93" ten="30,2000,0" yaku="8,1,52,1" doraHai="85" who="0" fromWho="0" sc="200,20,278,-10,223,-5,299,-5" /><INIT seed="6,0,0,3,3,40" ten="220,268,218,294" oya="2" hai0="98,4,63,71,129,28,62,87,70,6,59,89,65" hai1="9,34,116,64,102,93,7,103,113,57,100,3,22" hai2="115,114,13,126,109,119,111,19,24,123,46,72,0" hai3="121,94,128,27,2,48,106,43,20,35,17,29,84"/><V83/><F0/><W86/><G106/><T132/><D129/><U130/><E116/><V101/><F119/><W74/><G74/><T61/><D132/><U85/><E34/><V69/><F69/><W95/><G2/><T80/><D28/><U81/><E113/><N who="2" m="43019" /><F123/><W14/><G128/><T18/><D18/><U51/><E130/><V76/><F126/><W90/><G121/><T118/><D118/><U134/><E134/><V53/><F24/><W30/><G30/><T66/><REACH who="0" step="1"/><D98/><REACH who="0" ten="210,268,218,294" step="2"/><U97/><E97/><V15/><F101/><W5/><G5/><T50/><D50/><U127/><E51/><N who="2" m="28919" /><F19/><W56/><G17/><T107/><D107/><U42/><E103/><V78/><F76/><W26/><G29/><T49/><D49/><U125/><E102/><V110/><AGARI ba="0,1" hai="13,15,72,78,83,109,110,111" m="28919,43019" machi="110" ten="40,7800,0" yaku="10,1,15,1,52,1" doraHai="40" who="2" fromWho="2" sc="210,-26,268,-26,218,88,294,-26" /><INIT seed="6,1,0,3,5,96" ten="184,242,306,268" oya="2" hai0="45,54,28,50,15,129,101,49,115,29,17,79,99" hai1="128,87,84,9,62,134,103,47,111,1,109,19,59" hai2="112,89,56,58,65,37,42,5,90,121,57,14,81" hai3="12,41,43,10,46,122,86,68,31,98,110,132,118"/><V78/><F121/><W32/><G110/><T105/><D115/><U131/><E134/><V133/><F112/><W21/><G68/><T24/><D129/><N who="1" m="49739" /><E47/><V39/><F65/><W20/><G132/><T88/><D79/><U93/><E87/><V127/><F133/><W7/><G118/><T36/><D36/><U2/><E19/><V85/><F127/><W48/><G32/><T53/><D24/><U102/><E84/><V104/><F104/><W16/><G31/><T60/><D88/><N who="2" m="33898" /><F39/><W119/><G86/><T66/><D60/><U44/><E44/><V34/><F34/><W116/><G98/><T71/><D66/><N who="1" m="39263" /><E93/><V61/><F42/><W6/><G122/><T108/><D71/><U97/><E97/><V11/><F37/><W23/><G119/><T120/><D120/><U100/><E9/><V22/><F61/><W33/><G33/><T70/><D70/><U73/><E73/><V113/><F113/><W52/><G116/><T35/><D108/><AGARI ba="1,0" hai="1,2,100,102,103,108,109,111" m="39263,49739" machi="108" ten="40,8000,1" yaku="19,1,52,3" doraHai="96" who="1" fromWho="0" sc="184,-83,242,83,306,0,268,0" /><INIT seed="7,0,0,4,0,57" ten="101,325,306,268" oya="3" hai0="64,24,1,109,86,43,21,75,30,102,39,32,45" hai1="19,31,6,134,85,127,111,2,10,120,12,28,65" hai2="114,92,108,4,128,54,5,66,91,119,62,99,52" hai3="74,88,27,107,79,106,42,7,3,41,93,48,97"/><W20/><G3/><T90/><D109/><U13/><E65/><V126/><F108/><W58/><G7/><N who="2" m="2633" /><F119/><W100/><G74/><T26/><D1/><U115/><E111/><V36/><F36/><W121/><G79/><T133/><D133/><U9/><E120/><V61/><F114/><W76/><G76/><T84/><D75/><U125/><E85/><V71/><F71/><W37/><G37/><T34/><D102/><U0/><E115/><V63/><F128/><W105/><G121/><T68/><D26/><U78/><E78/><V129/><F129/><W110/><G110/><T44/><D44/><U29/><E134/><V101/><F126/><AGARI ba="0,0" hai="0,2,6,9,10,12,13,19,28,29,31,125,126,127" machi="126" ten="40,8000,1" yaku="18,1,34,3" doraHai="57" who="1" fromWho="2" sc="101,0,325,80,306,-80,268,0" owari="101,-39.9,405,50.5,226,-17.4,268,6.8" /></mjloggm>