<mjloggm ver="2.3"><GO type="169" lobby="0"/><UN n0="%E7%9C%9F%E9%BE%8D%E5%85%84%E8%B2%B4" n1="%E4%BB%8A%E6%97%A5%E4%B8%80" n2="%4F%4D%41%4E%54%41" n3="%E3%83%87%E3%83%A9%E3%82%B3%E3%83%83%E3%82%B3" dan="16,17,17,16" rate="2075.30,2209.07,2195.20,2162.74" sx="M,F,M,M"/><TAIKYOKU oya="0"/><INIT seed="0,0,0,1,0,3" ten="250,250,250,250" oya="0" hai0="36,86,10,30,128,60,29,0,100,131,116,68,87" hai1="32,78,108,4,8,110,35,129,74,16,38,54,132" hai2="28,105,43,96,47,121,24,97,127,33,94,53,17" hai3="11,98,91,37,70,83,2,118,50,9,67,22,111"/><T122/><D116/><U103/><E132/><V80/><F127/><W104/><G118/><T99/><D122/><U6/><E129/><N who="0" m="49737" /><D36/><U88/><E103/><V73/><F121/><W124/><G37/><T46/><D46/><U19/><E38/><V23/><F105/><W59/><G124/><T39/><D39/><U134/><E134/><V31/><F43/><W66/><G70/><T89/><D60/><U69/><E69/><V95/><F73/><W107/><G107/><N who="0" m="63903" /><D68/><U55/><E8/><V123/><F123/><W51/><G11/><T65/><D65/><U84/><E78/><V72/><F47/><W63/><G67/><T102/><D102/><U82/><E74/><V48/><F48/><W7/><G104/><T15/><D0/><U71/><E71/><V64/><F53/><W76/><G51/><T85/><D89/><U106/><E106/><V58/><F58/><W18/><G50/><T120/><D120/><U27/><E88/><V79/><F64/><W119/><G119/><T93/><D93/><U13/><E82/><V114/><F114/><W62/><G62/><T81/><D81/><U75/><E54/><V77/><F77/><W61/><G61/><T5/><AGARI ba="0,0" hai="5,10,15,29,30,85,86,87" m="63903,49737" machi="5" ten="30,3000,0" yaku="19,1,52,1" doraHai="3" who="0" fromWho="0" sc="250,30,250,-10,250,-10,250,-10" /><INIT seed="0,1,0,1,4,4" ten="280,240,240,240" oya="0" hai0="126,19,74,9,18,79,45,61,65,129,114,57,123" hai1="56,78,133,24,22,96,112,80,12,88,59,89,82" hai2="86,35,131,49,107,121,70,109,53,83,8,122,17" hai3="120,90,15,6,132,52,93,58,124,128,40,21,27"/><T115/><D123/><U117/><E117/><V71/><F107/><W42/><G120/><T104/><D104/><U75/><E133/><V99/><F35/><W95/><G132/><T119/><D119/><U87/><E112/><V130/><F99/><W101/><G128/><N who="2" m="49193" /><F109/><W135/><G135/><T38/><D129/><U26/><E26/><V81/><F122/><W50/><G124/><T29/><D29/><U105/><E12/><N who="2" m="7303" /><F121/><W39/><G39/><T111/><D126/><U116/><E116/><V3/><F3/><W14/><G101/><T62/><D111/><U48/><E48/><V72/><F72/><W55/><G55/><T28/><D28/><U84/><E96/><V110/><F81/><W85/><G95/><T66/><D74/><U100/><E100/><V77/><F110/><W118/><G118/><T36/><D79/><U10/><E105/><V41/><F41/><N who="3" m="15979" /><G6/><T31/><D31/><AGARI ba="1,0" hai="14,15,21,27,31,50,52,58,85,90,93" m="15979" machi="31" ten="30,2000,0" yaku="8,1,54,1" doraHai="4" who="3" fromWho="0" sc="280,-23,240,0,240,0,240,23" /><INIT seed="1,0,0,3,1,49" ten="257,240,240,263" oya="1" hai0="48,85,111,80,133,46,60,84,14,108,135,15,37" hai1="21,130,27,43,20,68,5,73,75,99,116,47,38" hai2="34,29,77,125,58,44,131,96,0,126,107,114,36" hai3="69,88,4,104,121,3,83,61,118,103,91,53,105"/><U76/><E116/><V74/><F0/><W24/><G121/><T16/><D37/><U41/><E130/><V12/><F12/><W67/><G118/><T98/><D60/><U119/><E119/><V72/><F131/><W40/><G40/><T56/><D56/><U95/><E68/><V7/><F7/><W112/><G112/><T122/><D98/><U17/><E43/><N who="2" m="22631" /><F114/><W13/><G3/><T90/><D15/><U113/><E113/><V117/><F117/><W70/><G70/><T26/><D26/><U134/><E134/><N who="0" m="51209" /><D85/><U6/><E21/><V33/><F58/><W1/><G24/><T66/><D66/><U55/><E75/><V59/><F59/><W120/><G1/><T19/><D122/><U109/><E76/><V128/><F128/><W92/><G120/><T86/><D86/><U81/><E81/><V18/><F77/><W65/><G83/><T63/><D63/><U52/><E73/><V82/><F82/><W78/><G78/><T124/><D19/><U129/><E129/><V110/><F18/><W79/><G79/><T57/><D57/><U8/><E6/><V22/><F72/><W25/><G25/><T115/><D115/><U9/><E5/><V31/><F31/><W45/><G4/><T28/><D28/><U2/><E2/><V64/><F29/><W30/><G30/><T87/><D87/><U94/><E17/><V39/><F64/><W51/><G67/><T97/><D97/><U54/><E99/><V11/><F74/><W123/><G123/><T106/><D16/><N who="1" m="12679" /><E109/><V10/><F110/><W42/><G65/><RYUUKYOKU ba="0,0" sc="257,-10,240,30,240,-10,263,-10" hai1="8,9,38,41,47,52,54,55,94,95" /><INIT seed="1,1,0,4,1,107" ten="247,270,230,253" oya="1" hai0="64,105,27,51,38,110,65,36,63,75,102,48,87" hai1="60,98,117,84,42,115,57,33,130,23,14,53,25" hai2="30,133,71,122,66,1,21,128,5,16,124,19,116" hai3="22,52,134,82,49,86,92,111,96,72,94,9,8"/><U79/><E117/><V125/><F116/><W61/><G111/><T0/><D110/><U103/><E130/><V62/><F122/><W127/><G127/><N who="2" m="48713" /><F128/><W47/><G134/><T54/><D0/><U114/><E33/><V26/><F133/><W112/><G112/><T74/><D87/><U83/><E42/><V12/><F1/><W90/><G72/><N who="0" m="27691" /><D105/><U20/><E14/><V97/><F97/><W24/><G61/><T89/><D89/><U2/><E2/><V15/><F15/><W81/><G94/><T67/><D27/><U104/><E20/><V10/><AGARI ba="1,0" hai="5,10,12,16,19,21,26,30,62,66,71" m="48713" machi="10" ten="30,2000,0" yaku="18,1,54,1" doraHai="107" who="2" fromWho="2" sc="247,-6,270,-11,230,23,253,-6" /><INIT seed="2,0,0,3,5,117" ten="241,259,253,247" oya="2" hai0="57,25,16,116,24,55,19,134,94,82,112,98,0" hai1="49,31,5,48,103,14,100,104,114,37,38,15,51" hai2="63,61,122,9,66,69,6,99,96,89,47,34,87" hai3="106,44,10,4,58,113,107,91,32,101,105,41,30"/><V52/><F34/><W50/><G113/><T128/><D112/><U84/><E114/><V132/><F132/><W129/><G129/><T71/><D71/><U7/><E31/><V68/><F122/><W20/><G32/><T80/><D0/><U17/><E84/><V123/><F123/><W81/><G58/><T125/><D116/><U78/><E78/><V1/><F69/><W64/><G64/><T54/><D128/><U95/><E95/><V77/><F77/><W2/><G81/><T74/><D125/><U109/><E109/><V135/><F135/><W86/><G86/><T60/><D134/><U65/><E65/><V13/><F1/><W53/><G91/><T76/><D80/><U88/><E88/><V92/><REACH who="2" step="1"/><F47/><REACH who="2" ten="241,259,243,247" step="2"/><W102/><REACH who="3" step="1"/><G41/><REACH who="3" ten="241,259,243,237" step="2"/><T59/><D76/><U35/><E35/><V43/><F43/><W46/><G46/><T62/><D74/><U127/><E127/><V118/><F118/><W97/><G97/><T26/><REACH who="0" step="1"/><D82/><REACH who="0" ten="231,259,243,237" step="2"/><U72/><E72/><V42/><F42/><W21/><G21/><T12/><D12/><U28/><E14/><V56/><AGARI ba="0,3" hai="6,9,13,52,56,61,63,66,68,87,89,92,96,99" machi="56" ten="30,6000,0" yaku="1,1,0,1,54,1,53,0" doraHai="117" doraHaiUra="133" who="2" fromWho="2" sc="231,-20,259,-20,243,90,237,-20" /><INIT seed="2,1,0,3,0,1" ten="211,239,333,217" oya="2" hai0="111,51,37,116,48,59,133,58,45,64,16,96,131" hai1="8,28,85,54,18,13,32,108,14,113,135,81,39" hai2="50,121,24,38,74,65,2,107,44,43,115,4,70" hai3="117,61,31,92,99,89,91,22,62,82,120,88,105"/><V101/><F115/><W90/><G117/><T102/><D111/><U69/><E113/><V132/><F121/><W128/><G128/><T12/><D131/><U42/><E108/><V80/><F50/><W103/><G120/><T104/><D116/><U20/><E69/><V112/><F24/><W126/><G126/><T119/><D119/><U129/><E129/><V73/><F112/><W79/><G31/><T127/><D127/><U60/><E32/><V46/><F46/><W26/><G22/><T78/><D133/><U84/><E135/><V118/><F118/><W47/><G26/><T68/><D78/><U86/><E39/><V93/><F93/><W66/><G47/><T122/><D37/><U40/><E81/><V29/><F29/><W71/><G62/><T94/><D104/><U15/><E28/><V34/><F34/><W52/><G52/><T57/><D122/><U56/><REACH who="1" step="1"/><E15/><REACH who="1" ten="211,229,333,217" step="2"/><V109/><F80/><W7/><G7/><AGARI ba="1,1" hai="7,8,13,14,18,20,40,42,54,56,60,84,85,86" machi="7" ten="40,8000,1" yaku="1,1,2,1,8,1,52,1,53,0" doraHai="1" doraHaiUra="77" who="1" fromWho="3" sc="211,0,229,93,333,0,217,-83" /><INIT seed="3,0,0,3,4,8" ten="211,322,333,134" oya="3" hai0="95,102,21,109,59,89,25,120,94,90,55,80,134" hai1="82,106,125,122,88,117,63,50,46,39,73,101,54" hai2="111,110,45,52,116,126,3,87,16,60,49,132,27" hai3="119,118,61,93,13,35,107,58,41,9,98,113,70"/><W124/><G113/><T37/><D109/><N who="2" m="41482" /><F3/><W20/><G35/><T86/><D120/><U103/><E122/><V97/><F116/><W24/><G124/><T33/><D134/><U114/><E114/><V127/><F132/><W51/><G107/><T38/><D33/><U14/><E125/><V26/><F26/><W75/><G75/><T77/><D102/><U1/><E1/><V81/><F97/><W19/><G70/><T66/><D66/><U129/><E129/><V0/><F0/><W2/><G2/><T62/><D94/><U12/><E73/><V47/><F47/><W67/><G51/><T10/><D10/><U65/><E39/><V44/><F44/><W64/><G64/><T40/><D40/><U28/><E28/><V32/><F60/><W74/><G74/><T85/><REACH who="0" step="1"/><D77/><REACH who="0" ten="201,322,333,134" step="2"/><U131/><E106/><V31/><F32/><W128/><G41/><T112/><D112/><U104/><E104/><V99/><F127/><W57/><G128/><T36/><D36/><U48/><E131/><V30/><F126/><W71/><G119/><T22/><D22/><U6/><E117/><V84/><F99/><W130/><G118/><T5/><D5/><U105/><E6/><V56/><F81/><W43/><G43/><T96/><D96/><U4/><E4/><V15/><F31/><AGARI ba="0,1" hai="21,25,31,37,38,55,59,62,80,85,86,89,90,95" machi="31" ten="30,2000,0" yaku="1,1,7,1,53,0" doraHai="8" doraHaiUra="11" who="0" fromWho="2" sc="201,30,322,0,333,-20,134,0" /><INIT seed="4,0,0,1,5,109" ten="231,322,313,134" oya="0" hai0="131,94,39,104,33,100,85,132,66,121,135,127,111" hai1="28,133,67,116,58,53,81,0,11,69,87,93,119" hai2="14,124,130,60,5,96,21,75,59,22,6,46,86" hai3="9,61,105,103,112,44,126,62,91,37,128,35,42"/><T30/><D121/><U89/><E133/><V98/><F75/><W3/><G128/><T55/><D39/><U70/><E28/><V34/><F34/><W73/><G35/><T117/><D117/><U125/><E125/><V4/><F124/><W79/><G126/><T77/><D127/><U45/><E45/><V72/><F72/><W15/><G91/><T20/><D131/><U102/><E0/><V64/><F130/><W27/><G27/><T23/><D111/><U80/><E11/><V48/><F86/><W38/><G38/><T56/><D66/><U84/><E102/><V8/><F98/><W29/><G29/><T101/><D104/><U134/><E134/><N who="0" m="51241" /><D33/><U57/><E93/><V49/><F96/><W18/><G105/><T83/><D94/><U24/><E24/><V95/><F49/><W52/><G103/><N who="0" m="39499" /><D30/><U129/><E129/><V115/><F95/><W113/><G3/><T51/><AGARI ba="0,0" hai="20,23,51,55,56,77,83,85" m="39499,51241" machi="51" ten="30,1500,0" yaku="20,1" doraHai="109" who="0" fromWho="0" sc="231,15,322,-5,313,-5,134,-5" /><INIT seed="4,1,0,5,4,92" ten="246,317,308,129" oya="0" hai0="43,132,32,104,126,45,36,90,103,39,65,5,124" hai1="79,28,61,96,112,57,8,37,0,29,50,58,3" hai2="22,1,125,51,6,2,91,27,117,123,64,18,119" hai3="63,68,31,86,11,35,95,49,42,102,67,113,93"/><T100/><D32/><U40/><E37/><V23/><F64/><W14/><G113/><T121/><D121/><U70/><E70/><V87/><F123/><W15/><G42/><T62/><D132/><U60/><E79/><V20/><F51/><W115/><G115/><T77/><D39/><U84/><E112/><V97/><F125/><N who="0" m="48234" /><D77/><U75/><E75/><V9/><F2/><W55/><G86/><T129/><D129/><U118/><E118/><N who="2" m="45067" /><F97/><W56/><G15/><T111/><D111/><U114/><E8/><V101/><F101/><W109/><G109/><T4/><D90/><U26/><E40/><V99/><F99/><W10/><G102/><N who="0" m="38955" /><D104/><U44/><E3/><V89/><F89/><W66/><G66/><T46/><D46/><U73/><E44/><V130/><F130/><W133/><G133/><T128/><D128/><U110/><E0/><V30/><F30/><W53/><G53/><T78/><D78/><U19/><E28/><V134/><F134/><W85/><G85/><T122/><D122/><U72/><E84/><V88/><F91/><W48/><G31/><T25/><D25/><U69/><E26/><V7/><F6/><W33/><G33/><T81/><D81/><AGARI ba="1,0" hai="1,7,9,18,20,22,23,27,81,87,88" m="45067" machi="81" ten="30,2000,0" yaku="12,1,54,1" doraHai="92" who="2" fromWho="0" sc="246,-23,317,0,308,23,129,0" /><INIT seed="5,0,0,0,3,27" ten="223,317,331,129" oya="1" hai0="121,65,113,18,91,44,0,32,47,118,92,82,19" hai1="135,40,20,9,13,1,49,123,127,77,101,76,102" hai2="33,84,111,15,112,125,73,106,134,28,99,12,37" hai3="41,98,42,104,36,45,88,115,63,132,126,74,11"/><U17/><E123/><V128/><RYUUKYOKU type="yao9" ba="0,0" sc="223,0,317,0,331,0,129,0" hai2="12,15,28,33,37,73,84,99,106,111,112,125,128,134" /><INIT seed="5,1,0,3,0,97" ten="223,317,331,129" oya="1" hai0="59,63,50,11,61,3,113,9,14,40,77,2,57" hai1="48,80,52,99,51,93,127,86,71,25,37,118,35" hai2="1,43,36,126,5,131,26,68,115,111,32,94,0" hai3="19,24,21,62,54,76,46,125,122,55,119,42,92"/><U90/><E118/><V67/><F111/><W34/><G122/><T22/><D113/><U12/><E37/><V121/><F121/><W106/><G106/><T31/><D77/><U102/><E127/><V16/><F126/><W98/><G125/><T7/><D40/><U44/><E71/><V87/><F131/><W45/><G119/><T84/><D50/><U41/><E12/><V100/><F32/><W17/><G76/><T29/><D84/><U107/><E35/><V91/><F5/><W18/><G34/><T69/><D69/><U108/><E108/><V6/><F6/><W135/><G135/><T49/><D49/><U20/><E107/><V95/><F115/><W85/><G85/><T124/><D124/><U96/><E96/><V88/><F67/><W134/><G134/><T73/><D73/><U66/><E66/><V75/><F68/><W8/><G8/><T47/><D47/><U104/><E104/><V10/><F75/><W70/><G70/><T129/><D129/><U4/><E4/><V65/><F65/><W79/><G79/><T110/><D110/><U74/><E74/><V83/><F91/><W60/><G46/><T53/><D22/><U38/><E52/><N who="3" m="20010" /><G45/><T81/><D3/><U23/><E20/><N who="2" m="13575" /><F10/><W133/><G42/><T128/><D128/><U105/><E105/><V13/><F43/><W39/><G39/><T117/><D117/><U64/><E64/><V28/><F1/><W132/><G132/><T120/><D120/><U56/><E56/><V123/><F123/><W109/><G109/><T30/><D2/><U101/><E101/><RYUUKYOKU ba="1,0" sc="223,-10,317,30,331,-10,129,-10" hai1="23,25,38,41,44,48,51,80,86,90,93,99,102" /><INIT seed="5,2,0,1,5,81" ten="213,347,321,119" oya="1" hai0="69,68,73,61,45,26,101,44,80,83,119,93,95" hai1="56,115,75,100,67,107,131,24,99,38,40,16,109" hai2="11,79,32,54,4,39,35,78,64,41,118,117,63" hai3="116,104,98,34,105,125,1,20,66,91,37,2,47"/><U134/><E115/><V103/><F54/><W58/><G34/><T43/><D119/><U84/><E134/><V126/><F103/><W19/><G116/><N who="2" m="44649" /><F79/><W50/><G125/><T102/><D26/><U17/><E75/><V77/><F77/><W33/><G33/><T9/><D9/><U88/><E131/><V12/><F12/><W72/><G72/><T71/><D73/><U62/><E109/><V52/><F52/><W135/><G135/><T7/><D61/><U122/><E122/><V25/><F78/><W85/><G37/><T92/><D7/><U133/><E133/><V30/><F126/><W48/><G98/><T51/><D45/><U96/><E96/><V132/><F132/><W110/><G110/><T76/><D76/><U13/><E24/><V113/><F113/><W60/><G105/><T123/><D123/><U14/><E14/><V70/><F30/><W6/><G104/><T31/><D31/><U8/><E17/><V90/><F90/><W18/><G18/><T55/><D55/><U28/><E28/><V74/><F25/><W120/><G120/><T65/><D65/><U129/><E129/><V0/><F74/><W29/><G29/><T57/><D57/><U22/><E40/><V53/><F53/><N who="3" m="29855" /><G50/><T114/><D114/><U5/><E38/><V112/><F112/><W97/><G97/><T127/><D127/><U10/><E5/><V89/><F89/><W87/><G6/><T46/><D46/><AGARI ba="2,0" hai="0,4,11,32,35,39,41,46,63,64,70" m="44649" machi="46" ten="30,1000,0" yaku="23,1" doraHai="81" who="2" fromWho="0" sc="213,-16,347,0,321,16,119,0" /><INIT seed="6,0,0,5,4,4" ten="197,347,337,119" oya="2" hai0="27,72,6,103,104,62,50,8,55,88,122,40,117" hai1="133,13,132,79,97,59,86,33,61,110,57,64,0" hai2="48,93,21,41,127,67,3,135,90,131,101,49,60" hai3="14,18,70,1,30,15,42,123,115,56,77,121,91"/><V111/><F3/><W68/><G1/><T89/><D72/><U85/><E0/><V58/><F131/><W75/><G30/><T25/><D122/><U92/><E33/><V69/><F127/><W23/><G115/><T16/><D117/><U63/><E110/><V35/><F35/><W98/><G42/><T118/><D118/><U37/><E37/><V43/><F135/><N who="1" m="51785" /><E79/><V114/><F114/><W82/><G56/><T36/><D36/><U112/><E112/><V2/><F2/><W94/><REACH who="3" step="1"/><G14/><REACH who="3" ten="197,347,337,109" step="2"/><N who="0" m="7239" /><D40/><U65/><E13/><V128/><F58/><W38/><G38/><T5/><D27/><U24/><E24/><V20/><F43/><W44/><G44/><T52/><D25/><U32/><E32/><V54/><F41/><W105/><G105/><T107/><D107/><U12/><E12/><V125/><F125/><W9/><G9/><T81/><D104/><U45/><E45/><V99/><F21/><W80/><G80/><T28/><D28/><U87/><E59/><V129/><F20/><W19/><G19/><T17/><D17/><U66/><E57/><V10/><F10/><W130/><G130/><T84/><D6/><U100/><AGARI ba="0,1" hai="61,63,64,65,66,85,86,87,92,97,100" m="51785" machi="100" ten="40,1500,0" yaku="20,1" doraHai="4" who="1" fromWho="1" sc="197,-4,347,25,337,-7,109,-4" /><INIT seed="7,0,0,1,2,114" ten="193,372,330,105" oya="3" hai0="88,41,4,9,66,30,76,104,106,95,43,113,6" hai1="25,75,122,13,102,7,49,21,34,94,120,90,117" hai2="79,35,11,2,61,126,132,10,116,125,93,86,42" hai3="121,1,103,64,89,63,36,37,96,59,33,47,105"/><W39/><G121/><T5/><D113/><U128/><E75/><V48/><F35/><W24/><G1/><T134/><D134/><U19/><E128/><V60/><F132/><W56/><G89/><T31/><D76/><U58/><E102/><V133/><F133/><W91/><G91/><T92/><D66/><U45/><E58/><V127/><F42/><N who="0" m="15882" /><D9/><N who="2" m="3082" /><F48/><W85/><G85/><T54/><D54/><U108/><E108/><V50/><F50/><W8/><G8/><T83/><D83/><U53/><E117/><V78/><F2/><W71/><REACH who="3" step="1"/><G47/><REACH who="3" ten="193,372,330,95" step="2"/><T27/><D88/><U22/><E7/><V69/><F79/><W32/><G32/><T123/><D123/><U62/><E34/><V20/><F78/><W57/><G57/><T111/><D111/><U17/><E120/><V110/><F110/><W129/><G129/><T84/><D84/><U87/><E122/><V29/><F86/><W28/><AGARI ba="0,1" hai="24,28,33,36,37,39,56,59,63,64,71,96,103,105" machi="28" ten="40,12000,1" yaku="1,1,0,1,25,2,53,0" doraHai="114" doraHaiUra="15" who="3" fromWho="3" sc="193,-40,372,-40,330,-40,95,130" /><INIT seed="7,1,0,4,4,94" ten="153,332,290,225" oya="3" hai0="108,95,102,53,0,11,103,111,44,15,43,131,60" hai1="29,14,123,54,135,41,4,91,80,84,68,57,76" hai2="6,78,113,32,12,98,109,83,99,34,116,2,105" hai3="51,117,48,31,45,125,42,69,88,134,96,8,13"/><W75/><G117/><T3/><D131/><U100/><E68/><V33/><F109/><W119/><G119/><T82/><D82/><U49/><E135/><V23/><F116/><W17/><G75/><T71/><D71/><U63/><E29/><V26/><F2/><W39/><G69/><T133/><D133/><U56/><E100/><V5/><F113/><W120/><G120/><T130/><D130/><U65/><E123/><V52/><F52/><W118/><G118/><T46/><D60/><U36/><E36/><V112/><F112/><W47/><G134/><T124/><D53/><U77/><E41/><V18/><F105/><W66/><G66/><T85/><D85/><U114/><E114/><V73/><REACH who="2" step="1"/><F26/><REACH who="2" ten="153,332,280,225" step="2"/><W59/><G47/><T30/><D43/><U10/><AGARI ba="1,1" hai="4,10,14,49,54,56,57,63,65,76,77,80,84,91" machi="10" ten="30,2000,0" yaku="0,1,8,1" doraHai="94" who="1" fromWho="1" sc="153,-6,332,33,280,-6,225,-11" owari="147,-35.3,365,46.5,274,7.4,214,-18.6" /></mjloggm>