<mjloggm ver="2.3"><GO type="169" lobby="0"/><UN n0="%57%E7%BF%BC%E9%9B%AA" n1="%E3%81%95%E3%81%8F%E3%82%88%E3%81%93%E3%81%A1%E3%82%83%E3%82%93" n2="%72%65%62%65%65%72" n3="%E5%A4%95%E5%87%AA" dan="16,16,16,17" rate="2068.33,2039.02,2166.04,2076.26" sx="F,M,M,M"/><TAIKYOKU oya="0"/><INIT seed="0,0,0,2,2,33" ten="250,250,250,250" oya="0" hai0="29,87,119,118,37,72,27,63,58,1,45,99,116" hai1="106,126,46,96,25,134,129,32,18,53,78,59,89" hai2="101,73,130,34,55,85,38,80,11,122,123,110,48" hai3="35,30,90,114,74,20,115,3,17,113,127,39,22"/><T94/><D72/><U28/><E129/><V43/><F34/><W133/><G90/><T36/><D1/><U102/><E134/><V10/><F110/><W66/><G66/><T128/><D87/><U70/><E126/><V86/><F130/><W7/><G39/><T100/><D45/><U5/><E78/><V84/><F101/><W62/><G62/><T69/><D69/><U6/><E70/><V14/><F38/><W75/><G22/><T40/><D40/><U82/><E46/><V56/><F43/><W2/><G75/><T21/><REACH who="0" step="1"/><D128/><REACH who="0" ten="240,250,250,250" step="2"/><U51/><E59/><V108/><F73/><W81/><G74/><T105/><D105/><U124/><E106/><V107/><F107/><W23/><G115/><T49/><D49/><U65/><E51/><V24/><F108/><W52/><G2/><T79/><D79/><U19/><E124/><V92/><F80/><W132/><G81/><T16/><D16/><U60/><E19/><V88/><F123/><W97/><G127/><T83/><D83/><U9/><E18/><V54/><F122/><W42/><G42/><T125/><D125/><U47/><E82/><V71/><F71/><W64/><G114/><T26/><D26/><U135/><E25/><V41/><F41/><W109/><G109/><T44/><D44/><U103/><E47/><N who="2" m="27935" /><F24/><W95/><G3/><T76/><D76/><U120/><E120/><V15/><F86/><W31/><G17/><T112/><D112/><U91/><E135/><V4/><F85/><W111/><G113/><T131/><D131/><U8/><E5/><N who="2" m="3407" /><F56/><W67/><G111/><RYUUKYOKU ba="0,1" sc="240,15,250,-15,250,15,250,-15" hai0="21,27,29,36,37,58,63,94,99,100,116,118,119" hai2="4,11,15,55,84,88,92" /><INIT seed="0,1,1,3,4,104" ten="255,235,265,235" oya="0" hai0="7,25,103,2,69,3,123,110,0,80,84,12,73" hai1="133,4,114,22,40,68,20,49,55,50,61,86,30" hai2="134,131,100,127,94,62,128,39,42,106,15,64,124" hai3="9,58,53,108,41,47,19,102,8,56,85,76,112"/><T119/><D119/><U116/><E116/><V122/><F106/><W83/><G108/><T109/><D123/><U98/><E133/><V33/><F33/><W57/><G112/><T92/><D69/><U88/><E114/><V59/><F15/><W52/><G102/><T113/><D113/><U37/><E37/><V34/><F34/><W125/><G125/><N who="2" m="48201" /><F94/><W132/><G132/><T18/><D73/><U111/><E111/><N who="0" m="42505" /><D25/><U11/><E98/><V118/><F100/><W5/><G19/><T107/><D107/><U99/><E99/><V35/><F35/><W48/><REACH who="3" step="1"/><G9/><REACH who="3" ten="255,235,265,225" step="2"/><T81/><D7/><U26/><E11/><V126/><F126/><W77/><G77/><T130/><D130/><N who="2" m="49706" /><F118/><W1/><AGARI ba="1,2" hai="1,5,8,41,47,48,52,53,56,57,58,76,83,85" machi="1" ten="30,4000,0" yaku="1,1,0,1,54,1,53,0" doraHai="104" doraHaiUra="90" who="3" fromWho="3" sc="255,-21,235,-11,265,-11,225,63" /><INIT seed="1,0,0,4,4,53" ten="234,224,254,288" oya="1" hai0="125,66,77,9,123,89,114,62,104,2,5,78,34" hai1="28,74,51,60,48,101,21,106,132,40,22,36,25" hai2="55,43,79,29,75,97,45,73,117,95,76,56,109" hai3="52,116,94,47,0,98,46,90,68,128,10,23,64"/><U17/><E74/><V39/><F117/><W12/><G116/><T1/><D114/><U115/><E115/><V20/><F109/><W30/><G128/><T127/><D34/><U16/><E132/><V103/><F75/><W57/><G64/><T11/><D104/><U31/><E36/><V92/><F73/><W18/><G68/><T87/><D123/><U119/><E119/><V105/><F95/><W54/><G54/><T88/><D9/><U71/><E101/><V24/><REACH who="2" step="1"/><F105/><REACH who="2" ten="234,224,244,288" step="2"/><W93/><G93/><T122/><D122/><U72/><E72/><V108/><F108/><W41/><G41/><T61/><D125/><U124/><E124/><V3/><F3/><W65/><G65/><T121/><D121/><U131/><E106/><V134/><F134/><W83/><G83/><T85/><D127/><U120/><E120/><V26/><F26/><N who="3" m="16735" /><G0/><T135/><D135/><U59/><E131/><V38/><F38/><W50/><AGARI ba="0,1" hai="10,12,18,46,47,50,52,57,90,94,98" m="16735" machi="50" ten="30,4000,0" yaku="8,1,52,1,54,1" doraHai="53" who="3" fromWho="3" sc="234,-10,224,-20,244,-10,288,50" /><INIT seed="2,0,0,4,1,80" ten="224,204,234,338" oya="2" hai0="69,101,11,99,8,86,45,123,40,28,23,5,134" hai1="36,132,71,3,10,124,0,116,113,53,22,20,125" hai2="4,26,115,7,31,83,127,21,91,95,94,78,72" hai3="88,92,128,6,52,118,85,70,103,13,54,2,68"/><V129/><F115/><W48/><G118/><T90/><D123/><U29/><E113/><V50/><F129/><W97/><G2/><N who="1" m="554" /><E36/><V74/><F74/><W111/><G111/><T107/><D69/><U39/><E39/><V43/><F127/><N who="1" m="48713" /><E53/><V64/><F64/><W73/><G73/><T82/><D134/><U98/><E98/><V24/><F24/><W33/><G33/><T44/><D5/><U96/><E96/><V9/><F95/><W65/><G128/><T131/><D131/><U63/><E63/><V112/><F9/><N who="3" m="4279" /><G70/><T114/><D114/><U122/><E71/><V109/><F109/><W12/><G68/><T89/><D89/><U15/><E116/><V30/><F30/><W117/><G117/><T79/><D79/><U93/><E93/><V81/><F81/><N who="3" m="49199" /><G12/><T121/><D121/><U76/><E76/><V102/><F102/><W56/><G54/><T105/><D105/><U133/><E122/><V25/><F25/><W130/><G130/><T120/><D120/><U34/><E34/><V66/><F66/><AGARI ba="0,0" hai="48,52,56,65,66,92,97,103" m="49199,4279" machi="66" ten="30,7700,0" yaku="8,1,52,1,54,2" doraHai="80" who="3" fromWho="2" sc="224,0,204,0,234,-77,338,77" /><INIT seed="3,0,0,2,3,20" ten="224,204,157,415" oya="3" hai0="4,100,80,13,1,29,119,27,116,39,0,132,120" hai1="58,37,38,122,109,28,71,43,82,125,126,79,25" hai2="104,35,96,115,110,48,131,75,44,99,14,133,77" hai3="63,12,118,78,102,114,93,106,31,117,34,8,129"/><W124/><G78/><T73/><D100/><U18/><E122/><V83/><F115/><W74/><G74/><T11/><D39/><U134/><E71/><V101/><F110/><W19/><G93/><T105/><D105/><U26/><E109/><V94/><F133/><W89/><G89/><T84/><D73/><U30/><E134/><V46/><F131/><W2/><G114/><T123/><D132/><U10/><E58/><V33/><F14/><W62/><G129/><T90/><D1/><U49/><E49/><V61/><F61/><W53/><G63/><T6/><D6/><U111/><E111/><V40/><REACH who="2" step="1"/><F46/><REACH who="2" ten="224,204,147,415" step="2"/><W42/><G12/><T97/><D13/><U103/><E125/><V86/><F86/><W17/><G62/><T69/><D97/><U56/><E126/><V54/><F54/><W128/><G53/><T5/><D5/><U92/><E43/><V95/><F95/><W57/><G42/><T47/><D47/><U36/><E92/><V24/><F24/><W68/><G124/><T23/><REACH who="0" step="1"/><D69/><REACH who="0" ten="214,204,147,415" step="2"/><U65/><E56/><V81/><F81/><W50/><G68/><T70/><D70/><U113/><E113/><V16/><F16/><W22/><G19/><T98/><D98/><U112/><E18/><V59/><F59/><W85/><G57/><T121/><AGARI ba="0,2" hai="0,4,11,23,27,29,80,84,90,116,119,120,121,123" machi="121" ten="30,4000,0" yaku="1,1,0,1,52,1,53,0" doraHai="20" doraHaiUra="108" who="0" fromWho="0" sc="214,60,204,-10,147,-10,415,-20" /><INIT seed="4,0,0,2,5,100" ten="274,194,137,395" oya="0" hai0="97,58,81,92,59,19,57,111,11,72,40,99,129" hai1="104,3,73,55,16,27,91,10,101,71,50,80,113" hai2="26,130,118,122,110,54,84,64,123,96,13,74,29" hai3="61,77,68,128,89,4,116,38,86,121,15,62,106"/><T30/><D129/><U31/><E71/><V108/><F74/><W109/><G109/><T85/><D72/><U41/><E113/><V45/><F130/><W82/><G116/><T24/><D111/><U90/><E41/><V102/><F118/><W44/><G121/><T65/><D40/><U49/><E73/><V47/><F47/><W28/><G38/><T0/><D65/><U5/><E80/><V67/><F67/><W12/><G106/><T127/><D127/><U88/><E16/><V32/><F110/><W117/><G44/><T133/><D133/><U119/><E119/><V34/><F34/><W36/><G15/><T22/><D0/><U69/><E69/><V25/><F25/><W83/><G28/><T2/><D92/><U46/><E50/><V39/><F13/><W103/><G12/><N who="0" m="7583" /><D2/><U33/><E101/><V6/><F6/><W78/><G4/><T18/><D18/><U20/><REACH who="1" step="1"/><E104/><REACH who="1" ten="274,184,137,395" step="2"/><V134/><F108/><W52/><G68/><T132/><D132/><U125/><E125/><V94/><F134/><W70/><G70/><T87/><D87/><U1/><E1/><V93/><F84/><W107/><G117/><T35/><D35/><AGARI ba="0,1" hai="3,5,10,20,27,31,33,35,46,49,55,88,90,91" machi="35" ten="40,2600,0" yaku="1,1,54,1,53,0" doraHai="100" doraHaiUra="37" who="1" fromWho="0" sc="274,-26,184,36,137,0,395,0" /><INIT seed="5,0,0,0,2,91" ten="248,220,137,395" oya="1" hai0="126,68,113,35,109,112,122,94,115,61,81,38,36" hai1="90,119,62,20,96,77,120,132,45,104,11,135,88" hai2="72,64,19,108,1,12,3,21,118,8,48,74,4" hai3="128,130,17,5,75,7,32,93,52,76,40,27,133"/><U30/><E119/><V54/><F118/><W83/><G133/><N who="1" m="51274" /><E120/><V66/><F108/><W105/><G105/><T106/><D106/><U80/><E45/><V99/><F3/><W42/><G5/><T16/><D109/><U57/><E11/><V29/><F74/><W123/><G7/><T85/><D35/><U116/><E116/><V0/><F72/><W82/><G83/><T22/><D126/><U25/><E96/><V79/><F79/><W41/><G123/><T134/><D122/><U43/><E43/><V44/><F1/><W56/><G17/><T95/><D134/><U51/><E51/><V60/><F60/><W14/><G14/><N who="0" m="9495" /><D61/><U100/><E100/><V50/><F50/><W107/><G107/><T63/><D63/><U103/><E103/><V28/><REACH who="2" step="1"/><F99/><REACH who="2" ten="248,220,127,395" step="2"/><W78/><G75/><T46/><D68/><U34/><E104/><V39/><F39/><N who="0" m="14890" /><D46/><U15/><E62/><V33/><F33/><W124/><G32/><T26/><D26/><U110/><E110/><V9/><F9/><W73/><G27/><T84/><D84/><N who="1" m="48143" /><E57/><V71/><F71/><W6/><G73/><T127/><D127/><U58/><E58/><V65/><AGARI ba="0,1" hai="0,4,8,12,19,21,28,29,44,48,54,64,65,66" machi="65" ten="30,2000,0" yaku="1,1,0,1,53,0" doraHai="91" doraHaiUra="31" who="2" fromWho="2" sc="248,-5,220,-10,127,30,395,-5" /><INIT seed="6,0,0,1,3,65" ten="243,210,157,390" oya="2" hai0="80,21,89,118,69,15,38,121,94,116,71,111,86" hai1="103,20,13,40,4,35,95,12,75,17,78,45,11" hai2="59,62,37,110,31,25,97,50,131,7,104,135,114" hai3="16,113,57,112,58,24,34,109,92,32,90,46,29"/><V61/><F37/><W105/><G105/><T130/><D111/><U88/><E35/><V67/><F110/><W98/><G109/><T128/><D38/><U85/><E75/><V26/><F114/><N who="3" m="44139" /><G34/><T47/><D121/><U56/><E78/><V133/><F131/><N who="0" m="50218" /><D47/><U60/><E103/><N who="2" m="62575" /><F7/><W81/><G81/><T5/><D80/><U54/><E45/><V84/><F84/><W134/><G134/><N who="2" m="51209" /><F31/><W49/><G16/><N who="0" m="10399" /><D5/><U101/><E101/><V82/><F82/><W125/><G125/><T48/><D48/><U126/><E126/><V9/><F9/><W23/><G32/><T36/><D36/><U68/><E68/><AGARI ba="0,0" hai="68,69,71,86,89,94,116,118" m="10399,50218" machi="68" ten="30,8000,1" yaku="19,1,52,3,54,1" doraHai="65" who="0" fromWho="1" sc="243,80,210,-80,157,0,390,0" /><INIT seed="7,0,0,1,5,16" ten="323,130,157,390" oya="3" hai0="67,74,22,122,132,70,101,8,64,84,131,82,32" hai1="6,53,119,75,18,107,30,31,78,111,113,25,90" hai2="100,115,44,56,87,109,11,96,43,126,5,14,26" hai3="3,62,130,94,54,33,80,37,97,124,1,89,116"/><W86/><G116/><T39/><D122/><U66/><E111/><V23/><F115/><W15/><G37/><T24/><D74/><U48/><E113/><V134/><F126/><W57/><G124/><T71/><D39/><U128/><E119/><V112/><F112/><W127/><G33/><T51/><D32/><U0/><E128/><V79/><F134/><W91/><G130/><T2/><D131/><U105/><E66/><V73/><F73/><W41/><G41/><T50/><D132/><U77/><E18/><V35/><F35/><W103/><G15/><T69/><D101/><U81/><E78/><V93/><F56/><W40/><G40/><T72/><D72/><U118/><E118/><V9/><F9/><W42/><G42/><T135/><D135/><U106/><E90/><V117/><F117/><W49/><G127/><T17/><D64/><U95/><E95/><V88/><F79/><W121/><G121/><T19/><D67/><U110/><E110/><V58/><F58/><W68/><G62/><T65/><D65/><U45/><REACH who="1" step="1"/><E25/><REACH who="1" ten="323,120,157,390" step="2"/><V104/><F109/><W20/><G91/><T83/><D69/><U76/><E76/><V13/><F104/><W85/><G89/><T34/><D70/><U29/><E29/><N who="2" m="17631" /><F5/><W10/><G94/><T98/><D71/><U61/><E61/><V46/><F11/><AGARI ba="0,1" hai="0,6,11,30,31,45,48,53,75,77,81,105,106,107" machi="11" ten="40,1300,0" yaku="1,1,53,0" doraHai="16" doraHaiUra="60" who="1" fromWho="2" sc="323,0,120,23,157,-13,390,0" owari="323,12.3,143,-35.7,144,-25.6,390,49.0" /></mjloggm>