<mjloggm ver="2.3"><GO type="169" lobby="0"/><UN n0="%E3%81%BD%E3%81%A3%E3%81%91%E3%81%95%E3%82%93" n1="%E6%88%BF%E5%B7%9E%73%75%6E" n2="%E3%81%BD%E3%82%93%E5%8A%A9" n3="%E5%B0%8F%E5%AE%AE%E7%95%B3%E5%BA%97" dan="17,17,16,16" rate="2174.69,2203.17,2085.89,2097.76" sx="M,M,M,M"/><TAIKYOKU oya="0"/><INIT seed="0,0,0,5,2,6" ten="250,250,250,250" oya="0" hai0="48,108,131,130,20,76,103,23,39,129,105,43,65" hai1="19,34,102,55,100,56,119,26,82,74,73,28,126" hai2="21,114,4,57,78,110,113,112,109,41,30,95,16" hai3="123,134,14,87,54,72,46,45,97,127,13,86,31"/><T101/><D39/><U91/><E119/><V61/><F41/><W75/><G31/><T67/><D76/><U36/><E36/><V128/><F128/><W10/><G54/><T117/><D117/><U106/><E126/><V120/><F120/><W50/><G127/><T94/><D94/><U8/><E106/><V58/><F4/><W40/><G134/><T111/><D48/><U88/><E100/><N who="0" m="38473" /><D43/><U37/><E102/><V132/><F132/><W90/><G123/><T81/><D81/><U104/><E104/><V29/><F78/><W32/><G32/><T66/><D105/><U115/><E37/><V84/><F58/><W69/><G69/><T116/><D116/><U3/><E115/><V1/><F1/><W133/><G133/><T107/><D107/><U59/><E59/><V122/><F84/><W124/><G124/><T42/><D42/><U79/><E74/><V60/><F95/><N who="3" m="56567" /><G75/><T64/><N who="0" m="16384" /><DORA hai="9" /><T125/><D125/><U27/><E3/><V12/><F122/><W52/><G40/><T7/><D7/><U89/><E73/><V92/><F92/><W5/><G72/><T135/><D135/><U33/><E79/><V63/><REACH who="2" step="1"/><F57/><REACH who="2" ten="250,250,240,250" step="2"/><W85/><G46/><T77/><D77/><U25/><E82/><V98/><F98/><W2/><G2/><T24/><D24/><U62/><E28/><AGARI ba="0,1" hai="12,16,21,28,29,30,60,61,63,109,110,112,113,114" machi="28" ten="50,6400,0" yaku="1,1,52,1,54,1,53,0" doraHai="6,9" doraHaiUra="71,99" who="2" fromWho="1" sc="250,0,250,-64,240,74,250,0" /><INIT seed="1,0,0,0,5,97" ten="250,186,314,250" oya="1" hai0="81,48,122,90,49,40,109,73,70,7,62,100,13" hai1="16,42,71,58,4,17,28,57,99,59,131,19,39" hai2="78,96,53,12,23,67,103,47,86,89,117,66,132" hai3="1,130,128,14,85,102,55,118,46,37,113,123,135"/><U129/><E71/><V51/><F132/><W120/><G1/><T92/><D109/><U125/><E4/><V69/><F117/><W98/><G14/><T6/><D122/><U3/><E3/><V44/><F78/><W21/><G21/><T26/><D26/><U101/><E28/><V11/><F23/><W20/><G20/><T36/><D36/><U93/><REACH who="1" step="1"/><E125/><REACH who="1" ten="250,176,314,250" step="2"/><V54/><F69/><W107/><G118/><T76/><D7/><U126/><E126/><V65/><F44/><AGARI ba="0,1" hai="16,17,19,39,42,44,57,58,59,93,99,101,129,131" machi="44" ten="50,18000,2" yaku="1,1,52,1,54,1,53,3" doraHai="97" doraHaiUra="52" who="1" fromWho="2" sc="250,0,176,190,314,-180,250,0" /><INIT seed="1,1,0,2,0,17" ten="250,366,134,250" oya="1" hai0="5,133,34,30,126,118,25,44,79,37,72,58,63" hai1="1,45,129,70,54,19,108,42,122,127,67,29,26" hai2="91,20,110,35,8,78,134,94,15,107,85,97,84" hai3="52,66,112,77,83,23,7,125,56,69,75,115,131"/><U43/><E122/><V22/><F35/><W128/><G7/><T13/><D118/><U31/><E1/><V49/><F110/><W103/><G103/><T40/><D126/><U46/><E127/><V100/><F134/><W65/><G125/><T95/><D133/><U18/><E129/><N who="3" m="49738" /><G69/><T109/><D109/><U36/><E54/><V74/><F85/><W130/><N who="3" m="49746" /><W11/><DORA hai="41" /><G11/><T135/><D135/><U82/><E82/><V96/><F96/><W90/><G90/><T27/><D27/><U116/><E116/><V64/><F64/><N who="3" m="24683" /><G23/><T39/><D79/><U105/><E105/><V93/><F93/><W12/><G12/><T62/><D95/><U59/><E70/><V76/><F49/><AGARI ba="1,0" hai="49,52,56,75,77,83,112,115" m="24683,49746" machi="49" ten="40,2600,0" yaku="19,1,54,1" doraHai="17,41" who="3" fromWho="2" sc="250,0,366,0,134,-29,250,29" /><INIT seed="2,0,0,2,0,50" ten="250,366,105,279" oya="2" hai0="133,66,1,62,29,13,97,134,129,58,19,10,25" hai1="70,118,23,131,53,45,119,108,101,92,126,76,102" hai2="6,33,44,61,106,82,71,75,83,37,51,11,132" hai3="81,39,18,95,86,77,16,9,115,125,20,8,127"/><V74/><F132/><W14/><G39/><T117/><D129/><U103/><E131/><V67/><F106/><W22/><G115/><T57/><D117/><U65/><E108/><V35/><F75/><W89/><G127/><T90/><D58/><U32/><E32/><V46/><F46/><W80/><G125/><T128/><D128/><U48/><E76/><V3/><F82/><W124/><G124/><T99/><D1/><U84/><E126/><V49/><F49/><W7/><G81/><T91/><D99/><U72/><E72/><V107/><F107/><W100/><G100/><T34/><REACH who="0" step="1"/><D97/><REACH who="0" ten="240,366,105,279" step="2"/><U69/><E119/><V30/><F30/><W114/><G114/><T38/><D38/><U41/><E69/><V105/><F105/><W12/><G7/><T21/><D21/><U120/><E23/><V98/><F98/><AGARI ba="0,1" hai="8,9,12,14,16,18,20,22,77,80,86,89,95,98" machi="98" ten="30,7700,0" yaku="7,1,9,1,8,1,54,1" doraHai="50" who="3" fromWho="2" sc="240,0,366,0,105,-77,279,87" /><INIT seed="3,0,0,5,0,35" ten="240,366,28,366" oya="3" hai0="46,43,39,90,5,45,125,4,66,32,103,57,2" hai1="28,122,47,3,50,62,99,69,97,86,36,67,80" hai2="65,64,91,127,85,101,24,124,114,121,81,61,120" hai3="37,106,52,116,68,131,23,58,34,14,100,63,0"/><W110/><G116/><T113/><D125/><N who="2" m="48202" /><F24/><W108/><G34/><T75/><D32/><U109/><E122/><N who="2" m="47211" /><F114/><W54/><G131/><T126/><D113/><U92/><E109/><N who="3" m="42090" /><G37/><T79/><D46/><U135/><E135/><V102/><F64/><N who="3" m="39031" /><G68/><AGARI ba="0,0" hai="61,65,68,81,85,91,101,102" m="47211,48202" machi="68" ten="30,2000,0" yaku="18,1,13,1" doraHai="35" who="2" fromWho="3" sc="240,0,366,0,28,20,366,-20" /><INIT seed="4,0,0,1,2,96" ten="240,366,48,346" oya="0" hai0="21,5,98,15,134,86,22,64,90,13,1,99,89" hai1="91,106,50,37,71,53,93,59,116,17,54,83,60" hai2="20,44,107,4,2,82,75,105,41,76,38,95,125" hai3="55,68,46,7,23,63,47,66,126,0,61,49,25"/><T81/><D1/><U28/><E116/><V79/><F125/><W80/><G126/><T58/><D134/><U124/><E124/><V111/><F111/><W69/><G7/><T129/><D129/><U35/><E37/><V101/><F20/><N who="0" m="7786" /><D90/><U133/><E106/><V110/><F110/><W18/><G0/><T48/><D48/><U33/><E28/><V9/><F76/><W10/><G10/><N who="0" m="4303" /><D15/><U30/><E30/><V114/><F114/><W65/><G80/><T8/><D8/><U135/><E83/><V118/><F118/><W39/><REACH who="3" step="1"/><G39/><REACH who="3" ten="240,366,48,336" step="2"/><T123/><D123/><U112/><E112/><V132/><REACH who="2" step="1"/><F132/><REACH who="2" ten="240,366,38,336" step="2"/><W67/><G67/><T78/><D78/><U34/><E135/><V87/><F87/><W26/><G26/><T103/><D86/><U109/><E133/><V24/><F24/><W74/><G74/><T62/><D81/><U97/><E109/><V42/><F42/><W88/><G88/><T92/><D89/><U27/><E27/><V128/><F128/><W73/><G73/><T16/><D98/><AGARI ba="0,2" hai="2,4,9,38,41,44,75,79,82,95,98,101,105,107" machi="98" ten="40,8000,1" yaku="1,1,25,2,52,1,53,1" doraHai="96" doraHaiUra="36" who="2" fromWho="0" sc="240,-80,366,0,38,100,336,0" /><INIT seed="5,0,0,2,5,55" ten="160,366,138,336" oya="1" hai0="124,71,90,58,114,6,101,106,5,109,68,67,50" hai1="26,30,78,8,34,135,35,91,63,126,19,66,84" hai2="87,59,1,92,33,52,110,82,44,122,99,111,132" hai3="14,70,24,100,125,20,46,121,41,81,89,3,62"/><U16/><E126/><V115/><F122/><W39/><G121/><T21/><D109/><U120/><E120/><V51/><F1/><W79/><G125/><T9/><D124/><U23/><E135/><V25/><F132/><W57/><G70/><T2/><D6/><U60/><E78/><V48/><F115/><W61/><G3/><T4/><D114/><U98/><E98/><V32/><F32/><W123/><G123/><T28/><D5/><U22/><E63/><V36/><F36/><W104/><G62/><T45/><D106/><U31/><E8/><V75/><F75/><W53/><G89/><T116/><D101/><U95/><E35/><V49/><F25/><W76/><G14/><T15/><D116/><U73/><E73/><V38/><F33/><W133/><G133/><T43/><D90/><U131/><E131/><V93/><F38/><W42/><G42/><T107/><D107/><U129/><E34/><V86/><F93/><W112/><G112/><T56/><D67/><U13/><REACH who="1" step="1"/><E129/><REACH who="1" ten="160,356,138,336" step="2"/><V69/><F111/><W113/><G113/><T80/><D80/><U102/><E102/><N who="2" m="60775" /><F110/><W94/><G104/><T17/><REACH who="0" step="1"/><D28/><REACH who="0" ten="150,356,138,336" step="2"/><U7/><E7/><V40/><F69/><AGARI ba="0,2" hai="2,4,9,15,17,21,43,45,50,56,58,68,69,71" machi="69" ten="40,8000,1" yaku="1,1,2,1,52,2,53,0" doraHai="55" doraHaiUra="118" who="0" fromWho="2" sc="150,100,356,0,138,-80,336,0" /><AGARI ba="0,0" hai="13,16,19,22,23,26,30,31,60,66,69,84,91,95" machi="69" ten="30,5800,0" yaku="1,1,7,1,54,1,53,0" doraHai="55" doraHaiUra="118" who="1" fromWho="2" sc="250,0,356,58,58,-58,336,0" /><INIT seed="5,1,0,3,1,102" ten="250,414,0,336" oya="1" hai0="73,4,59,0,111,6,1,87,8,61,134,55,84" hai1="106,34,123,51,81,32,78,116,121,132,110,95,91" hai2="71,127,96,119,70,74,43,60,89,99,40,68,128" hai3="120,64,69,44,45,122,72,30,9,62,20,49,131"/><U114/><E51/><V117/><F74/><W28/><G72/><T94/><D73/><U16/><E116/><V11/><F60/><W93/><G9/><T125/><D111/><U58/><E58/><V126/><F128/><W76/><G76/><T86/><D134/><U36/><E36/><V129/><F129/><W26/><G131/><T66/><D125/><N who="2" m="47626" /><F11/><W80/><G80/><T82/><D6/><U85/><E132/><V135/><F135/><W23/><G93/><T108/><D108/><U67/><E67/><V63/><F63/><W39/><G39/><T112/><D1/><U19/><E110/><V92/><F99/><W115/><G115/><T15/><D112/><U21/><E114/><V97/><F97/><W22/><G45/><T46/><D0/><U7/><E7/><V12/><F12/><W75/><G75/><T98/><D46/><U83/><E83/><V2/><F2/><W33/><G30/><T13/><D13/><U104/><E19/><V130/><F130/><W57/><G69/><T31/><D31/><U10/><E10/><V18/><F18/><W5/><G5/><T118/><D118/><AGARI ba="1,0" hai="40,43,68,70,71,89,92,96,117,118,119" m="47626" machi="118" ten="40,1300,0" yaku="18,1" doraHai="102" who="2" fromWho="0" sc="250,-16,414,0,0,16,336,0" /><INIT seed="6,0,0,0,3,68" ten="234,414,16,336" oya="2" hai0="75,23,67,130,100,129,116,66,123,79,37,58,22" hai1="62,97,83,49,5,134,39,17,2,63,35,6,52" hai2="99,26,126,121,51,16,12,40,7,104,61,25,18" hai3="128,122,86,113,120,87,50,110,92,59,103,8,95"/><V124/><F121/><W55/><G110/><T11/><D123/><U53/><E35/><V114/><F114/><W125/><G113/><T101/><D11/><U15/><E39/><V76/><F76/><W135/><G135/><T29/><D79/><U30/><E30/><V48/><F7/><W74/><G74/><T82/><D82/><U57/><E2/><V28/><F61/><W4/><G128/><T73/><D58/><N who="1" m="33039" /><E83/><V32/><F26/><W3/><G125/><N who="2" m="48233" /><F40/><W42/><G42/><T14/><D14/><U45/><E45/><V89/><F18/><W117/><G117/><T119/><D29/><U43/><E43/><V54/><F54/><W19/><G19/><T98/><REACH who="0" step="1"/><D98/><REACH who="0" ten="224,414,16,336" step="2"/><U85/><E97/><V94/><F104/><W56/><G122/><T112/><D112/><U24/><E134/><V88/><F89/><W64/><G120/><T72/><D72/><U107/><E107/><V27/><F27/><W44/><G87/><T0/><D0/><U34/><E85/><V131/><F131/><W90/><G64/><T13/><D13/><U60/><E24/><V102/><F102/><W91/><G103/><T71/><D71/><U80/><E80/><V93/><F93/><W127/><G127/><T20/><D20/><AGARI ba="0,1" hai="12,16,20,25,28,32,48,51,88,94,99" m="48233" machi="20" ten="30,5800,0" yaku="18,1,54,2" doraHai="68" who="2" fromWho="0" sc="224,-58,414,0,16,68,336,0" /><INIT seed="6,1,0,5,4,122" ten="166,414,84,336" oya="2" hai0="55,105,124,34,8,67,72,60,39,61,85,33,114" hai1="118,25,66,103,84,97,26,132,58,79,22,93,63" hai2="5,111,56,89,69,1,14,6,70,15,9,2,32" hai3="104,112,24,21,129,113,7,90,29,83,95,40,86"/><V37/><F37/><W41/><G104/><T131/><D72/><U92/><E118/><V76/><F32/><W51/><G7/><T115/><D39/><U35/><E35/><V117/><F117/><W10/><G10/><T48/><D105/><U12/><E132/><V31/><F31/><W57/><G129/><T75/><D75/><U59/><E59/><V87/><F76/><W125/><G125/><T68/><D61/><U109/><E109/><V43/><F43/><W62/><G83/><T64/><D64/><U120/><E120/><V116/><F116/><W27/><G27/><T107/><D107/><U71/><E71/><V130/><F130/><W77/><G77/><T96/><D96/><U80/><E93/><V134/><F134/><W0/><G0/><T54/><D54/><U82/><E82/><V38/><F38/><W128/><G128/><T19/><D85/><U110/><E110/><V133/><F133/><W121/><G121/><T30/><D124/><U108/><E108/><V100/><F100/><W126/><G51/><T49/><D49/><U3/><E3/><V13/><F111/><W46/><G46/><T23/><D8/><U4/><E4/><N who="2" m="1167" /><F56/><W106/><G106/><T44/><D131/><U127/><E127/><V94/><F2/><W101/><G101/><T28/><D34/><U123/><E123/><V88/><F89/><W119/><G119/><T36/><D36/><U53/><E66/><V65/><F65/><N who="3" m="39119" /><G126/><T81/><D33/><U78/><E78/><V42/><F42/><W98/><G86/><T16/><D67/><U52/><E53/><RYUUKYOKU ba="1,0" sc="166,-30,414,10,84,10,336,10" hai1="12,22,25,26,52,58,63,79,80,84,92,97,103" hai2="5,6,13,14,15,69,70,87,88,94" hai3="21,24,29,40,41,90,95,98,112,113" /><INIT seed="6,2,0,4,2,35" ten="136,424,94,346" oya="2" hai0="40,134,11,117,34,66,52,97,121,94,64,13,72" hai1="1,36,112,27,73,87,24,41,4,23,55,53,135" hai2="69,76,111,0,5,122,115,131,6,42,109,65,58" hai3="104,56,54,130,26,132,9,51,37,33,3,128,22"/><V78/><F122/><W79/><G33/><T124/><D121/><U107/><E107/><V20/><F115/><W102/><G37/><T43/><D34/><U17/><E73/><V67/><F69/><W126/><G79/><N who="2" m="30249" /><F131/><N who="3" m="50219" /><G104/><T77/><D124/><U99/><E135/><V71/><F71/><W25/><G102/><T85/><D72/><U19/><E87/><V57/><F42/><N who="0" m="15914" /><D134/><U49/><E36/><V105/><F20/><W50/><G132/><T108/><D108/><N who="2" m="41546" /><F105/><W31/><G26/><T16/><D117/><U74/><E27/><V30/><F30/><W75/><G75/><T91/><D52/><U120/><E55/><V95/><F95/><W125/><G50/><T8/><D8/><U80/><E41/><V106/><F106/><W60/><G51/><T48/><D48/><U119/><E119/><V7/><F0/><W39/><G39/><T83/><AGARI ba="2,0" hai="11,13,16,64,66,77,83,85,91,94,97" m="15914" machi="83" ten="30,2000,0" yaku="8,1,54,1" doraHai="35" who="0" fromWho="0" sc="136,26,424,-7,94,-12,346,-7" /><INIT seed="7,0,0,2,0,45" ten="162,417,82,339" oya="3" hai0="74,109,38,110,75,88,90,86,6,5,79,13,49" hai1="14,114,43,92,84,25,78,77,117,59,101,123,1" hai2="116,9,17,99,73,57,95,115,134,24,55,112,22" hai3="48,30,15,124,44,65,128,118,40,119,51,102,10"/><W70/><G128/><T62/><D38/><U68/><E123/><V71/><F116/><W96/><G124/><T106/><D106/><U34/><E68/><V33/><F71/><W20/><G70/><T36/><D36/><U122/><E1/><V93/><F73/><W4/><G65/><T31/><D31/><U126/><E122/><V135/><F33/><W67/><G67/><T87/><D62/><U26/><E34/><V28/><F95/><W107/><REACH who="3" step="1"/><G51/><REACH who="3" ten="162,417,82,329" step="2"/><T120/><D49/><U50/><E126/><V69/><F69/><W42/><G42/><T80/><D120/><U0/><E50/><V85/><F115/><W98/><G98/><T100/><D109/><U58/><E43/><V132/><F112/><W37/><G37/><T56/><D110/><U121/><E121/><V27/><F85/><W72/><G72/><T133/><D86/><U11/><E114/><V130/><F130/><W97/><G97/><T41/><D75/><U60/><E84/><V105/><F55/><W46/><G46/><T21/><D41/><U66/><E66/><V32/><F57/><W7/><G7/><T83/><D6/><U2/><E59/><V108/><F108/><W53/><G53/><T125/><D5/><U81/><E58/><V63/><F63/><W19/><G19/><T131/><D131/><U113/><E60/><V129/><F129/><W52/><G52/><T111/><D125/><U18/><E113/><V23/><F132/><W91/><G91/><T127/><D127/><U35/><E18/><V47/><F135/><W61/><G61/><T16/><D133/><RYUUKYOKU ba="0,1" sc="162,-10,417,-10,82,-10,329,30" hai3="4,10,15,20,30,40,44,48,96,102,107,118,119" /><INIT seed="7,1,1,5,3,91" ten="152,407,72,359" oya="3" hai0="40,28,13,2,83,94,126,37,18,61,49,4,44" hai1="75,124,59,92,72,22,11,111,52,29,107,20,50" hai2="62,81,5,90,66,19,56,103,89,32,99,43,69" hai3="34,78,39,101,109,46,110,15,42,88,54,96,106"/><W23/><G34/><T60/><D126/><U82/><E111/><N who="3" m="42506" /><G78/><T57/><D28/><U38/><E107/><V135/><F135/><W7/><G54/><T51/><D2/><U55/><E38/><V35/><F5/><W41/><G41/><T70/><D70/><U86/><E124/><V76/><F43/><W17/><G7/><T64/><D4/><U1/><E1/><V131/><F131/><W53/><G53/><T119/><D119/><U9/><E55/><V30/><F19/><W93/><G106/><T128/><D128/><U118/><E118/><V58/><F32/><W117/><G117/><T67/><D83/><U63/><E75/><V27/><F58/><W48/><G101/><T36/><D36/><AGARI ba="1,1" hai="15,17,23,36,39,42,46,48,88,93,96" m="42506" machi="36" ten="30,5800,0" yaku="10,1,52,1,54,1" doraHai="91" who="3" fromWho="0" sc="152,-61,407,0,72,0,359,71" owari="91,-30.9,407,20.7,72,-42.8,430,53.0" /></mjloggm>