<mjloggm ver="2.3"><GO type="169" lobby="0"/><UN n0="%E9%B3%B3%E5%8D%97%E3%81%AE%E3%81%B6%E3%81%9F%E3%81%95%E3%82%93" n1="%E8%B4%88%E4%BA%BA%E8%A9%A9%E6%96%BC%E5%A4%A2" n2="%E3%81%B1%E3%82%93%E3%81%AA%E3%81%93%E3%81%BE%E3%81%A3%E3%81%9F" n3="%71%75%65%79%69%6D%65%6E" dan="18,17,17,16" rate="2238.37,2198.71,2200.52,2112.34" sx="M,M,M,M"/><TAIKYOKU oya="0"/><INIT seed="0,0,0,0,0,3" ten="250,250,250,250" oya="0" hai0="82,64,30,118,21,109,4,99,34,9,19,39,116" hai1="45,103,51,66,129,135,52,97,111,16,90,53,107" hai2="91,106,50,95,83,93,102,87,5,48,56,55,98" hai3="42,60,62,133,108,25,74,32,28,134,8,114,27"/><T89/><D39/><U67/><E111/><V85/><F106/><W113/><G74/><T47/><D64/><U105/><E105/><V36/><F36/><W96/><G42/><T124/><D47/><U117/><E117/><N who="0" m="45161" /><D89/><U40/><E129/><V80/><F5/><W44/><G108/><T24/><D82/><U31/><E31/><V63/><REACH who="2" step="1"/><F95/><REACH who="2" ten="250,250,240,250" step="2"/><W0/><G134/><T69/><D109/><U11/><E135/><V13/><F13/><W49/><G0/><N who="0" m="135" /><D99/><U61/><E67/><V125/><F125/><W58/><G96/><T54/><D54/><U1/><E1/><V81/><F81/><W121/><G133/><T71/><D124/><U79/><E53/><V59/><F59/><W128/><G58/><T92/><D92/><U126/><E126/><V35/><F35/><W84/><G32/><T7/><D7/><U110/><E52/><V57/><F57/><W6/><G6/><T101/><D101/><U122/><E103/><V112/><F112/><W12/><G114/><T17/><D71/><U86/><E110/><V68/><F68/><W23/><G113/><T65/><D69/><U88/><E97/><V131/><F131/><W43/><G128/><T29/><D65/><U104/><E107/><V119/><F119/><W94/><G94/><T70/><D70/><U41/><E104/><V72/><F72/><W76/><G12/><T37/><D37/><U18/><E66/><V78/><AGARI ba="0,1" hai="48,50,55,56,63,78,80,83,85,87,91,93,98,102" machi="78" ten="20,5200,0" yaku="1,1,0,1,7,1,8,1,53,0" doraHai="3" doraHaiUra="2" who="2" fromWho="2" sc="250,-26,250,-13,240,62,250,-13" /><INIT seed="1,0,0,4,3,0" ten="224,237,302,237" oya="1" hai0="3,103,112,55,123,6,69,82,35,15,40,39,100" hai1="43,46,114,77,72,111,130,1,126,70,109,54,60" hai2="31,38,33,23,75,135,95,113,116,94,4,129,90" hai3="115,5,92,99,108,25,121,117,30,2,76,122,20"/><U132/><E114/><V59/><F116/><W73/><G115/><T107/><D112/><U44/><E1/><V110/><F113/><W102/><G108/><N who="1" m="41546" /><E77/><V27/><F38/><W11/><REACH who="3" step="1"/><G117/><REACH who="3" ten="224,237,302,227" step="2"/><T22/><D123/><U8/><E126/><V53/><F110/><W41/><G41/><T48/><D40/><U49/><E130/><V42/><F129/><W124/><G124/><T86/><D103/><U78/><E132/><V28/><F42/><W19/><G19/><T51/><D100/><U127/><E127/><V58/><F135/><W10/><G10/><T106/><D39/><U120/><E8/><V87/><F31/><W50/><G50/><T34/><D51/><U88/><E43/><V57/><F28/><W98/><G98/><T56/><D48/><U128/><E128/><V65/><F53/><W64/><G64/><T12/><D55/><U133/><E133/><V101/><F65/><W93/><G93/><T131/><D131/><U17/><E17/><V71/><F95/><W36/><G36/><T52/><D52/><U16/><E16/><V32/><F94/><W119/><G119/><T118/><D118/><U37/><E37/><V125/><F101/><W61/><G61/><T105/><D107/><U89/><E44/><V83/><F125/><W66/><G66/><T26/><D105/><U63/><E120/><V104/><F104/><W68/><G68/><T13/><D69/><U45/><E46/><V24/><F71/><W14/><G14/><T21/><D106/><U84/><E70/><V74/><F27/><W96/><G96/><T62/><D26/><RYUUKYOKU ba="0,1" sc="224,-10,237,-10,302,-10,227,30" hai3="2,5,11,20,25,30,73,76,92,99,102,121,122" /><INIT seed="2,1,1,0,3,35" ten="214,227,292,257" oya="2" hai0="72,10,17,80,92,85,65,55,135,44,19,11,59" hai1="133,107,97,34,38,101,68,25,37,77,62,95,6" hai2="49,47,132,21,111,43,99,108,36,86,89,45,103" hai3="93,125,74,12,42,52,115,64,121,57,98,41,56"/><V2/><F132/><W54/><G121/><T126/><D72/><U5/><E95/><V129/><F129/><W69/><G74/><T113/><D113/><U30/><E77/><V78/><F78/><W116/><G116/><T3/><D135/><U39/><REACH who="1" step="1"/><E133/><REACH who="1" ten="214,217,292,257" step="2"/><V87/><F89/><W14/><G115/><T90/><D92/><U123/><E123/><V24/><F99/><W100/><G125/><T18/><D126/><U81/><E81/><V23/><F103/><W4/><G69/><T119/><D80/><U28/><E28/><V1/><F87/><W106/><G106/><T32/><D90/><U91/><E91/><V53/><F86/><W60/><G64/><AGARI ba="1,2" hai="5,6,25,30,34,37,38,39,62,64,68,97,101,107" machi="64" ten="40,8000,1" yaku="1,1,25,2,53,1" doraHai="35" doraHaiUra="61" who="1" fromWho="3" sc="214,0,217,103,292,0,257,-83" /><INIT seed="3,0,0,4,5,101" ten="214,320,292,174" oya="3" hai0="70,16,6,65,2,43,88,36,115,47,67,89,103" hai1="54,99,39,0,77,135,120,64,79,62,41,18,118" hai2="80,37,87,26,74,95,17,102,19,10,91,76,56" hai3="29,92,61,68,8,109,4,46,82,111,15,52,106"/><W94/><G106/><T84/><D115/><U42/><E0/><V34/><F37/><W3/><G68/><T83/><D103/><U124/><E120/><V50/><F50/><N who="3" m="28759" /><G61/><T20/><D70/><U121/><E121/><V55/><F55/><W11/><G82/><T104/><D104/><U107/><E124/><V81/><F56/><W13/><G29/><T90/><D6/><U7/><E7/><V27/><F34/><W51/><G51/><T78/><REACH who="0" step="1"/><D2/><REACH who="0" ten="204,320,292,174" step="2"/><U98/><E107/><V113/><F113/><W40/><G3/><T31/><D31/><U75/><E118/><V57/><F102/><W127/><G127/><T71/><D71/><U33/><E18/><V5/><F19/><N who="3" m="8639" /><G40/><T73/><D73/><U25/><E75/><V85/><F17/><W117/><G117/><T130/><D130/><U100/><E41/><V45/><F74/><W38/><G38/><T32/><D32/><U58/><E42/><V69/><F69/><W28/><G28/><T123/><D123/><U53/><E39/><V66/><F5/><W105/><G105/><T116/><D116/><U35/><E33/><V60/><F10/><W132/><G132/><T97/><D97/><N who="1" m="36875" /><E100/><V126/><F126/><W134/><G134/><T9/><D9/><U48/><E135/><V125/><F125/><W23/><G23/><T131/><D131/><U44/><E35/><V96/><F96/><W49/><G49/><T86/><D86/><U12/><E48/><V72/><F72/><W59/><G59/><T122/><D122/><U21/><E58/><V22/><F87/><W114/><G114/><RYUUKYOKU ba="0,1" sc="204,15,320,-15,292,-15,174,15" hai0="16,20,36,43,47,65,67,78,83,84,88,89,90" hai3="4,8,15,92,94,109,111" /><INIT seed="3,1,1,0,1,49" ten="219,305,277,189" oya="3" hai0="46,84,99,24,29,66,48,9,10,41,42,128,117" hai1="122,3,32,126,76,78,60,6,87,67,98,50,35" hai2="17,22,62,104,90,113,75,0,38,110,31,107,51" hai3="44,7,120,127,63,124,89,80,91,16,73,65,82"/><W57/><G7/><T53/><D117/><U86/><E122/><V121/><F38/><W28/><G120/><T56/><D128/><U93/><E32/><V133/><F113/><W97/><G28/><T59/><D99/><U19/><E35/><V115/><F115/><W45/><G73/><T83/><D42/><U100/><E126/><N who="3" m="48170" /><G16/><T36/><D59/><N who="1" m="37279" /><E6/><V52/><F17/><W134/><G134/><T116/><D66/><U109/><E109/><V43/><F22/><W64/><G64/><T70/><D70/><U101/><E101/><V58/><F31/><W23/><G23/><T25/><D116/><U15/><E50/><V26/><F75/><W119/><G119/><T20/><REACH who="0" step="1"/><D25/><REACH who="0" ten="209,305,277,189" step="2"/><U85/><E3/><V103/><F26/><W123/><G123/><T88/><AGARI ba="1,2" hai="9,10,20,24,29,36,41,46,48,53,56,83,84,88" machi="88" ten="20,12000,2" yaku="1,1,2,1,0,1,7,1,52,1,54,1,53,1" doraHai="49" doraHaiUra="40" who="0" fromWho="0" sc="209,143,305,-31,277,-31,189,-61" /><INIT seed="4,0,0,0,4,75" ten="352,274,246,128" oya="0" hai0="127,107,90,116,82,72,94,128,130,62,103,38,5" hai1="9,112,104,6,45,28,15,80,102,110,2,69,48" hai2="21,99,32,29,30,34,50,118,124,77,0,109,119" hai3="13,56,123,49,111,101,17,66,42,40,86,134,23"/><T19/><D38/><U114/><E69/><V61/><F61/><W100/><G111/><T58/><D5/><U83/><E28/><N who="2" m="10859" /><F99/><W89/><G134/><T70/><D70/><U71/><E71/><V87/><F50/><W60/><G123/><T74/><D116/><N who="2" m="44586" /><F87/><W36/><G36/><T126/><D19/><U35/><E35/><N who="2" m="13355" /><F77/><W96/><G49/><T43/><D43/><U108/><E110/><V64/><F64/><W115/><G115/><T98/><D58/><U131/><E108/><V52/><F52/><W59/><G59/><T4/><D4/><U117/><E117/><V37/><F37/><W65/><G65/><T53/><D53/><U88/><E48/><V93/><F93/><W63/><G63/><T26/><D26/><U85/><E114/><V57/><F57/><W81/><REACH who="3" step="1"/><G101/><REACH who="3" ten="352,274,246,118" step="2"/><T67/><D67/><U25/><E102/><V44/><F109/><W97/><G97/><N who="0" m="57559" /><D62/><U105/><E112/><V18/><F44/><W47/><G47/><T113/><D113/><U27/><E45/><V14/><F0/><W46/><G46/><T84/><D98/><U24/><E2/><V11/><F124/><W33/><G33/><T10/><D126/><U125/><E125/><V31/><F31/><W51/><G51/><T8/><D127/><U41/><E41/><V122/><F122/><W120/><G120/><T106/><D103/><U39/><E39/><V132/><F132/><W12/><G12/><T16/><D107/><AGARI ba="0,1" hai="13,17,23,40,42,56,60,66,81,86,89,96,100,107" machi="107" ten="30,3900,0" yaku="1,1,7,1,53,1" doraHai="75" doraHaiUra="54" who="3" fromWho="0" sc="352,-39,274,0,246,0,118,49" /><INIT seed="5,0,0,3,0,12" ten="313,274,246,167" oya="1" hai0="109,73,36,17,7,32,55,51,69,93,11,28,31" hai1="95,19,121,115,41,0,27,117,29,34,67,50,102" hai2="33,133,13,83,40,52,15,111,46,123,49,81,127" hai3="116,108,130,56,25,89,42,66,132,113,90,64,112"/><U59/><E117/><V38/><F111/><W71/><G108/><T60/><D109/><U122/><E0/><V9/><F123/><W5/><G5/><T23/><D36/><U98/><E115/><V129/><F33/><W30/><G116/><T16/><D73/><U24/><E41/><V8/><F127/><W3/><G3/><T106/><D106/><U74/><E74/><V79/><F129/><W58/><G42/><T125/><D32/><U45/><E45/><V96/><F96/><W35/><G71/><T126/><D93/><U1/><E1/><V57/><F133/><W68/><G68/><T43/><D43/><U21/><REACH who="1" step="1"/><E67/><REACH who="1" ten="313,264,246,167" step="2"/><V105/><F40/><W97/><G66/><T84/><D126/><U94/><E94/><V75/><F38/><W124/><G64/><T54/><D125/><U87/><E87/><V128/><F46/><W4/><G124/><T48/><D84/><U37/><E37/><V92/><F105/><W120/><G132/><T22/><D69/><U62/><E62/><V14/><F128/><W110/><G130/><T26/><D60/><U18/><E18/><V65/><F65/><W80/><G113/><T76/><D7/><U6/><E6/><V101/><F83/><W72/><G80/><T47/><D47/><U82/><E82/><V44/><F44/><W119/><G112/><T10/><D76/><U91/><E91/><V114/><F114/><W103/><G119/><T100/><D100/><U131/><E131/><V99/><AGARI ba="0,1" hai="8,9,13,14,15,49,52,57,75,79,81,92,99,101" machi="99" ten="30,2000,0" yaku="0,1,54,1" doraHai="12" who="2" fromWho="2" sc="313,-5,264,-10,246,30,167,-5" /><INIT seed="6,0,0,4,2,95" ten="308,254,276,162" oya="2" hai0="76,93,92,5,60,44,131,31,128,27,56,77,103" hai1="34,87,118,105,38,52,33,112,37,74,132,20,30" hai2="35,69,4,123,57,40,126,42,129,2,29,1,109" hai3="122,130,91,26,66,15,80,82,23,125,13,46,75"/><V32/><F69/><W51/><G122/><T50/><D5/><U19/><E74/><V10/><F123/><W61/><G130/><N who="0" m="49707" /><D93/><U68/><E118/><V107/><F129/><W108/><G125/><T0/><D0/><U14/><E112/><V65/><F126/><W41/><G108/><T7/><D7/><U72/><E72/><V96/><F109/><W120/><G120/><T24/><D92/><U114/><E68/><V53/><F65/><W94/><G13/><T84/><D103/><U16/><E114/><V110/><F2/><W113/><G15/><T45/><D45/><U64/><E64/><V106/><F106/><W102/><G102/><T115/><D84/><U36/><E105/><V25/><F35/><W116/><G75/><T86/><D86/><U121/><E121/><V43/><F110/><W48/><G113/><T55/><D115/><U58/><E30/><V79/><F79/><N who="0" m="30282" /><D31/><U81/><E19/><V17/><F17/><W11/><G82/><T97/><D97/><U98/><E98/><V18/><F18/><W54/><G80/><T78/><D78/><N who="1" m="46519" /><E33/><V85/><F85/><W71/><G94/><T135/><D135/><U99/><E99/><V90/><F107/><W83/><G83/><T133/><D133/><U49/><E34/><V28/><F28/><W59/><G91/><T22/><D22/><U39/><N who="1" m="9216" /><DORA hai="21" /><U12/><E132/><V100/><F100/><W89/><G89/><T62/><D62/><U6/><E6/><V119/><F119/><W9/><G116/><T111/><D111/><U73/><E73/><V127/><F127/><RYUUKYOKU ba="0,0" sc="308,10,254,10,276,-30,162,10" hai0="24,27,44,50,55,56,60" hai1="12,14,16,20,49,52,58" hai3="9,11,23,26,41,46,48,51,54,59,61,66,71" /><INIT seed="7,1,0,4,3,48" ten="318,264,246,172" oya="3" hai0="78,92,91,97,84,37,103,42,116,44,74,121,59" hai1="18,52,60,79,0,5,90,67,22,105,31,53,133" hai2="9,129,62,100,111,114,108,63,8,113,118,49,58" hai3="117,69,104,6,27,72,10,32,98,96,115,66,39"/><W135/><G117/><T40/><D116/><U120/><E105/><V126/><F118/><W64/><G72/><T73/><D121/><U110/><E110/><N who="2" m="42027" /><F100/><W7/><G39/><T101/><D42/><U125/><E120/><V17/><F17/><W123/><G123/><T85/><D101/><U12/><E79/><V29/><F29/><W94/><G104/><T122/><D122/><U11/><E125/><V71/><F126/><W45/><G7/><T77/><D59/><U54/><E133/><V130/><F9/><W87/><G135/><T102/><D102/><U30/><REACH who="1" step="1"/><E90/><REACH who="1" ten="318,254,246,172" step="2"/><V13/><F114/><W43/><G115/><T57/><D78/><U55/><E55/><N who="2" m="32111" /><F113/><W86/><G98/><T56/><D84/><N who="3" m="32297" /><G69/><AGARI ba="1,1" hai="0,5,11,12,18,22,30,31,52,53,54,60,67,69" machi="69" ten="40,8000,1" yaku="1,1,52,3,54,1,53,0" doraHai="48" doraHaiUra="81" who="1" fromWho="3" sc="318,0,254,93,246,0,172,-83" owari="318,11.8,347,44.7,246,-15.4,89,-41.1" /></mjloggm>