<mjloggm ver="2.3"><GO type="169" lobby="0"/><UN n0="%73%69%65%72%61%34%30%31" n1="%E3%81%AF%E3%81%99%E3%81%9F" n2="%56%45%54%54%45%4C" n3="%E7%91%9E%E5%8E%9F%E3%83%B4%E3%82%A1%E3%82%AE%E3%83%8A" dan="17,17,16,16" rate="2247.52,2188.55,2112.42,2060.19" sx="F,M,M,M"/><TAIKYOKU oya="0"/><INIT seed="0,0,0,0,1,112" ten="250,250,250,250" oya="0" hai0="29,19,132,128,2,16,45,94,35,70,10,87,78" hai1="7,18,36,134,17,125,1,60,75,100,120,6,122" hai2="69,90,44,110,40,96,56,119,9,88,53,71,26" hai3="135,63,30,48,28,34,81,97,50,107,65,109,133"/><T54/><D70/><U102/><E75/><V5/><F110/><W113/><G113/><T0/><D128/><U95/><E36/><V61/><F26/><W43/><G109/><T116/><D116/><U52/><E134/><N who="3" m="51210" /><G81/><T98/><D132/><U74/><E74/><V131/><F131/><W126/><G126/><T130/><D130/><U15/><E125/><V118/><F69/><N who="3" m="42175" /><G34/><T77/><D35/><U89/><E1/><V85/><F71/><W33/><G43/><T86/><D29/><N who="3" m="11369" /><G33/><T91/><D0/><U106/><E15/><V11/><F96/><W47/><G47/><T38/><D2/><U82/><E82/><V64/><F64/><W67/><G67/><T46/><D38/><U49/><E52/><V31/><F31/><W121/><G121/><T73/><D73/><U93/><E49/><V13/><F11/><W12/><G12/><N who="0" m="7191" /><D19/><U14/><E14/><V32/><F32/><W4/><G4/><T24/><D24/><U37/><E37/><V58/><F58/><W123/><G123/><T51/><D45/><U66/><E66/><V80/><REACH who="2" step="1"/><F90/><REACH who="2" ten="250,250,240,250" step="2"/><W62/><G62/><T129/><D129/><U108/><E89/><V104/><F104/><W68/><G68/><T79/><AGARI ba="0,1" hai="46,51,54,77,78,79,86,87,91,94,98" m="7191" machi="79" ten="30,3000,0" yaku="8,1,54,1" doraHai="112" who="0" fromWho="0" sc="250,40,250,-10,240,-10,250,-10" /><INIT seed="0,1,0,5,0,6" ten="290,240,230,240" oya="0" hai0="90,100,39,55,74,29,114,13,66,106,102,60,72" hai1="61,111,27,46,16,12,52,96,133,134,8,73,36" hai2="50,56,19,58,104,87,126,120,130,125,14,124,38" hai3="103,7,11,47,70,54,18,28,110,71,15,88,91"/><T86/><D114/><U85/><E73/><V49/><F120/><W97/><G110/><T33/><D39/><U123/><E123/><V135/><F38/><W0/><G28/><T116/><D116/><U112/><E111/><V57/><F130/><W30/><G30/><T93/><D55/><U67/><E112/><V108/><F108/><W122/><G122/><T69/><D13/><U82/><E96/><V42/><F135/><N who="1" m="51721" /><E27/><V21/><F21/><BYE who="2" /><W98/><G98/><N who="0" m="61719" /><D102/><U23/><E23/><V105/><F105/><W59/><G47/><T40/><D40/><U32/><E32/><V17/><F17/><W78/><G78/><T63/><D63/><UN n2="%56%45%54%54%45%4C" /><U41/><E52/><V117/><F117/><W131/><G131/><T115/><D115/><U22/><E22/><V53/><F124/><W26/><G26/><AGARI ba="1,0" hai="26,29,33,60,66,69,72,74,86,90,93" m="61719" machi="26" ten="30,1500,0" yaku="25,1" doraHai="6" who="0" fromWho="3" sc="290,18,240,0,230,0,240,-18" /><INIT seed="0,2,0,3,1,0" ten="308,240,230,222" oya="0" hai0="117,84,26,121,39,60,20,135,96,79,127,19,133" hai1="32,17,123,112,72,85,47,132,131,129,104,48,78" hai2="43,8,33,110,124,130,67,3,86,58,103,53,28" hai3="93,81,122,95,31,44,2,116,70,4,23,65,54"/><T35/><D39/><U114/><E17/><V59/><F124/><W6/><G116/><T120/><D96/><U102/><E48/><V55/><F110/><W9/><G122/><N who="0" m="47211" /><D60/><U21/><E123/><V41/><F130/><N who="1" m="49673" /><E21/><V76/><F103/><W10/><G70/><T34/><D84/><U61/><E47/><V75/><F28/><W42/><G65/><T94/><D94/><U16/><E16/><V46/><F33/><N who="0" m="12298" /><D79/><U63/><E32/><V7/><F86/><W92/><G54/><T99/><D99/><N who="1" m="61535" /><E61/><V109/><F67/><W80/><G31/><T73/><D73/><U83/><E63/><V50/><F109/><W64/><G23/><T66/><D66/><U101/><E132/><N who="0" m="50761" /><D127/><U115/><E101/><V14/><F46/><W87/><G64/><T12/><D117/><U15/><E15/><AGARI ba="2,0" hai="12,15,19,20,26" m="50761,12298,47211" machi="15" ten="40,7700,0" yaku="20,1,34,2" doraHai="0" who="0" fromWho="1" sc="308,83,240,-83,230,0,222,0" /><INIT seed="0,3,0,4,1,63" ten="391,157,230,222" oya="0" hai0="44,18,134,26,10,94,69,61,100,72,40,45,95" hai1="46,39,78,31,113,121,8,21,34,35,122,90,83" hai2="37,7,23,51,3,102,105,32,2,47,132,114,27" hai3="129,96,28,93,4,116,65,117,84,120,14,97,9"/><T60/><D134/><U101/><E113/><V52/><F114/><W54/><G129/><T64/><D72/><U118/><E118/><V50/><F132/><W1/><G120/><T110/><D110/><U130/><E130/><V77/><F37/><W68/><G1/><T29/><D100/><U133/><E133/><V67/><F32/><W92/><G28/><T15/><D60/><U48/><E39/><V55/><F77/><W59/><G84/><T87/><D87/><U86/><E101/><V125/><F125/><W36/><G36/><T108/><D108/><U49/><E8/><V62/><F7/><W107/><G107/><T58/><D69/><U79/><E49/><V119/><F102/><W19/><G4/><T128/><D128/><U131/><E131/><V111/><F105/><W25/><G25/><T126/><D126/><U38/><E38/><V104/><F104/><W80/><G80/><T75/><D75/><U13/><E122/><V12/><F119/><W112/><G112/><T5/><D5/><U103/><E103/><V88/><F111/><W127/><G127/><T82/><D82/><U106/><E106/><V30/><F12/><W98/><G117/><T124/><D124/><U33/><E121/><V71/><REACH who="2" step="1"/><F88/><REACH who="2" ten="391,157,220,222" step="2"/><W22/><G116/><T123/><D123/><U6/><E6/><V41/><F41/><W85/><G14/><T76/><D76/><U57/><E13/><V56/><AGARI ba="3,1" hai="2,3,23,27,30,47,50,51,52,55,56,62,67,71" machi="56" ten="20,8000,1" yaku="1,1,0,1,7,1,52,1,54,1,53,0" doraHai="63" doraHaiUra="109" who="2" fromWho="2" sc="391,-43,157,-23,220,99,222,-23" /><INIT seed="1,0,0,5,4,92" ten="348,134,319,199" oya="1" hai0="128,59,21,81,11,12,23,7,52,134,121,9,127" hai1="107,54,50,63,36,38,126,94,112,106,82,15,77" hai2="3,41,13,60,95,71,20,80,108,27,120,45,67" hai3="75,14,76,98,24,131,79,35,0,86,34,102,30"/><U97/><E112/><V40/><F120/><W73/><G0/><T5/><D127/><U44/><E126/><V72/><F3/><W31/><G131/><T48/><D128/><U70/><E15/><V129/><F129/><W123/><G123/><T32/><D32/><U62/><E38/><V74/><F108/><W17/><G75/><T100/><D134/><U42/><E107/><V87/><F13/><W109/><G73/><T91/><D121/><U105/><E106/><V110/><F110/><W96/><G109/><T132/><D132/><U114/><E105/><V6/><F6/><W101/><G14/><N who="0" m="5423" /><D100/><U37/><E37/><V124/><F41/><W116/><G86/><AGARI ba="0,0" hai="7,11,12,21,23,48,52,59,81,86,91" m="5423" machi="86" ten="30,2000,0" yaku="8,1,54,1" doraHai="92" who="0" fromWho="3" sc="348,20,134,0,319,0,199,-20" /><INIT seed="2,0,0,2,1,81" ten="368,134,319,179" oya="2" hai0="86,73,74,42,71,15,88,110,36,72,1,62,92" hai1="58,117,79,76,7,8,9,3,28,11,12,59,129" hai2="104,41,48,17,118,130,102,67,57,98,51,6,24" hai3="94,31,32,108,84,119,37,113,103,128,133,53,77"/><V106/><F118/><W87/><G119/><T46/><D1/><U105/><E117/><V132/><F130/><W96/><G37/><T121/><D110/><U97/><E129/><V69/><F132/><W116/><G116/><T13/><REACH who="0" step="1"/><D121/><REACH who="0" ten="358,134,319,179" step="2"/><U19/><E3/><V47/><F106/><W40/><G108/><T80/><D80/><U63/><E105/><V22/><F6/><W123/><G123/><T127/><D127/><U112/><E7/><V26/><F69/><W114/><G128/><T18/><D18/><U109/><E19/><V131/><F131/><W39/><G133/><T99/><D99/><U125/><E97/><V21/><F104/><W122/><G122/><T135/><D135/><U78/><E125/><V126/><F126/><W14/><G96/><T82/><D82/><U27/><E109/><V30/><F98/><W83/><G83/><T124/><D124/><U10/><E112/><V45/><F102/><W68/><G103/><T107/><D107/><U55/><N who="1" m="2048" /><DORA hai="91" /><U65/><E78/><V66/><REACH who="2" step="1"/><F57/><REACH who="2" ten="358,134,309,179" step="2"/><W64/><G68/><T25/><D25/><U111/><E111/><V56/><F56/><W16/><G114/><T52/><D52/><AGARI ba="0,2" hai="17,21,22,24,26,30,41,45,47,48,51,52,66,67" machi="52" ten="30,11600,0" yaku="1,1,7,1,8,1,54,1,53,0" doraHai="81,91" doraHaiUra="5,4" who="2" fromWho="0" sc="358,-116,134,0,309,136,179,0" /><INIT seed="2,1,0,4,3,48" ten="242,134,445,179" oya="2" hai0="83,132,18,125,75,117,118,6,44,22,115,38,26" hai1="85,93,109,53,126,79,89,41,114,124,134,72,76" hai2="12,87,24,100,1,59,20,36,60,103,82,108,97" hai3="14,47,28,39,25,133,40,4,112,32,74,77,11"/><V127/><F1/><W17/><G133/><T34/><D38/><U58/><E114/><V55/><F127/><W94/><G112/><T56/><D44/><U21/><E134/><V80/><F36/><W27/><G27/><T3/><D132/><U68/><E68/><V135/><F135/><W23/><G94/><T121/><D115/><U106/><E41/><V78/><F108/><W128/><G128/><T123/><D56/><U8/><E109/><V69/><F69/><W130/><G130/><T110/><D83/><U52/><E106/><V67/><F12/><W54/><G77/><N who="1" m="29770" /><E58/><N who="2" m="37271" /><F97/><W122/><G122/><T107/><D75/><U98/><E72/><V5/><F5/><W43/><G74/><T2/><D107/><U51/><E51/><N who="2" m="31231" /><F82/><W88/><G88/><T46/><D46/><U113/><E113/><V105/><F105/><W95/><G95/><T62/><D110/><U81/><E21/><V73/><F73/><W7/><G43/><T10/><D62/><U119/><E8/><V49/><F49/><W9/><G9/><T0/><D125/><N who="1" m="48235" /><E119/><N who="0" m="45577" /><D34/><U19/><E19/><AGARI ba="1,0" hai="19,20,24,78,80,87,100,103" m="31231,37271" machi="19" ten="30,2900,0" yaku="8,1,52,1" doraHai="48" who="2" fromWho="1" sc="242,0,134,-32,445,32,179,0" /><INIT seed="2,2,0,3,1,89" ten="242,102,477,179" oya="2" hai0="2,62,35,68,18,51,74,27,115,34,81,21,39" hai1="20,113,76,1,41,33,119,30,37,16,25,94,67" hai2="14,128,28,71,112,90,60,85,116,83,17,121,38" hai3="96,61,54,22,126,63,97,73,100,66,52,70,4"/><V6/><F112/><W56/><G126/><T92/><D39/><U55/><E113/><V3/><F116/><W78/><G4/><T103/><D2/><U86/><E119/><V101/><F38/><W99/><G73/><T125/><D115/><U13/><E67/><V15/><F121/><W117/><G117/><T58/><D125/><U69/><E69/><V57/><F71/><W47/><G78/><T82/><D68/><U135/><E135/><V108/><F28/><W124/><G124/><T114/><D114/><U31/><E31/><V129/><F108/><W106/><REACH who="3" step="1"/><G22/><REACH who="3" ten="242,102,477,169" step="2"/><T110/><D21/><U123/><E123/><V80/><F6/><W88/><G88/><T104/><D74/><U32/><E1/><V131/><F3/><W29/><G29/><T84/><D110/><U98/><E33/><V40/><F90/><W105/><G105/><T0/><D0/><U109/><E109/><V7/><F7/><W44/><G44/><T53/><D34/><U122/><E122/><V9/><F128/><W24/><G24/><T43/><D35/><U132/><E76/><V19/><F129/><W134/><G134/><T49/><D104/><U127/><E127/><V107/><F107/><W23/><G23/><T26/><D26/><U120/><E120/><V72/><F131/><W42/><G42/><T10/><D27/><U130/><E132/><V118/><F40/><W65/><G65/><T46/><D43/><U36/><E130/><V111/><F118/><W102/><G102/><T133/><D133/><U75/><E41/><V93/><F101/><W11/><G11/><RYUUKYOKU ba="2,1" sc="242,-10,102,-10,477,-10,169,30" hai3="47,52,54,56,61,63,66,70,96,97,99,100,106" /><INIT seed="3,3,1,0,3,50" ten="232,92,467,199" oya="3" hai0="55,123,109,10,83,67,128,116,15,113,84,23,65" hai1="77,45,74,63,17,104,112,111,30,14,122,57,69" hai2="5,44,41,75,26,7,100,19,68,64,118,121,62" hai3="79,38,12,70,66,51,49,105,4,108,13,71,90"/><W27/><G38/><T88/><D116/><U56/><E122/><V91/><F118/><W52/><G105/><T92/><D123/><U95/><E112/><V20/><F75/><W132/><G79/><T28/><D128/><U102/><E111/><V11/><F121/><W120/><G120/><T9/><D109/><U21/><E104/><V72/><F72/><W35/><G108/><T33/><D33/><U32/><E69/><V89/><F100/><W98/><G132/><T22/><D9/><U73/><E32/><V0/><F7/><W8/><G51/><AGARI ba="3,1" hai="0,5,11,19,20,26,41,44,51,62,64,68,89,91" machi="51" ten="30,1000,0" yaku="7,1" doraHai="50" who="2" fromWho="3" sc="232,0,92,0,467,29,199,-19" /><INIT seed="4,0,0,4,2,0" ten="232,92,496,180" oya="0" hai0="32,79,66,47,70,34,53,13,38,72,135,6,37" hai1="115,107,4,16,41,68,114,55,111,48,29,2,30" hai2="127,103,40,109,105,65,95,74,110,63,59,75,132" hai3="23,39,85,99,44,64,112,62,131,101,96,93,94"/><T7/><D135/><U89/><E111/><V9/><F132/><W128/><G112/><N who="1" m="43050" /><E68/><V97/><F127/><W54/><G85/><T116/><D116/><U100/><E41/><V104/><F40/><W35/><G35/><T18/><D79/><U119/><E119/><V21/><F109/><W73/><G73/><T113/><D72/><U1/><E1/><V57/><F110/><W106/><G23/><T123/><D113/><U14/><E89/><V83/><F75/><W24/><G24/><T43/><D123/><U8/><E100/><V84/><F74/><W11/><G11/><T67/><D53/><U33/><E107/><V50/><F9/><W3/><G3/><T20/><D38/><U31/><E48/><V58/><F21/><W10/><G10/><T56/><D70/><U52/><E33/><V117/><F117/><W108/><G108/><T22/><D32/><U69/><E69/><V61/><F50/><N who="3" m="28999" /><G99/><T126/><D34/><U36/><E36/><V42/><F42/><W60/><G39/><T120/><D120/><U130/><E130/><N who="3" m="49706" /><G60/><T76/><D76/><U77/><E77/><V92/><F104/><W51/><G51/><T5/><D126/><U12/><E2/><V81/><F105/><W91/><G91/><T122/><D122/><U78/><E78/><V28/><F63/><W45/><G45/><T46/><D46/><U129/><E129/><V102/><F61/><W49/><G49/><T71/><D71/><AGARI ba="0,0" hai="62,64,71,93,94,96,101,106" m="49706,28999" machi="71" ten="30,1000,0" yaku="19,1" doraHai="0" who="3" fromWho="0" sc="232,-10,92,0,496,0,180,10" /><INIT seed="5,0,0,4,4,29" ten="222,92,496,190" oya="1" hai0="5,112,6,20,105,101,67,116,104,114,21,60,65" hai1="86,15,63,4,53,57,34,85,49,109,39,100,14" hai2="107,46,121,54,128,55,119,50,126,79,16,74,82" hai3="96,47,83,92,122,115,7,8,41,11,56,72,51"/><U35/><E39/><V106/><F121/><W61/><G122/><T110/><D101/><U84/><E100/><V28/><F119/><W123/><G123/><T103/><D103/><U0/><E109/><V64/><F128/><W52/><G115/><N who="0" m="44075" /><D116/><U125/><E125/><V133/><F126/><W129/><G129/><T19/><D65/><U120/><E120/><V132/><F64/><W69/><G69/><N who="0" m="42215" /><D21/><U58/><E0/><V37/><F37/><W94/><G11/><T18/><D18/><U45/><E58/><V124/><F124/><W42/><G42/><T108/><D5/><U97/><E97/><V131/><F131/><W38/><G96/><T17/><D17/><U118/><E118/><V87/><F16/><W31/><G31/><T24/><D6/><U91/><E91/><V12/><F28/><W30/><G30/><T68/><D68/><U2/><E2/><V66/><F132/><W88/><G61/><T89/><D89/><U62/><E62/><V111/><F133/><W95/><G72/><T78/><D78/><U135/><E135/><V3/><F74/><W90/><REACH who="3" step="1"/><G83/><REACH who="3" ten="222,92,496,180" step="2"/><T23/><D23/><U10/><REACH who="1" step="1"/><E15/><AGARI ba="0,1" hai="7,8,15,38,41,47,51,52,56,88,90,92,94,95" machi="15" ten="40,8000,1" yaku="1,1,2,1,54,2,53,1" doraHai="29" doraHaiUra="40" who="3" fromWho="1" sc="222,0,92,-80,496,0,180,90" /><INIT seed="6,0,0,4,5,51" ten="222,12,496,270" oya="2" hai0="20,87,85,118,3,116,90,78,99,84,105,36,66" hai1="127,106,70,40,21,43,124,125,122,23,128,47,112" hai2="132,96,100,134,18,45,11,95,121,91,56,129,15" hai3="73,82,77,86,29,61,67,1,35,7,14,110,89"/><V83/><F121/><W63/><G110/><T111/><D36/><U117/><E106/><V98/><F129/><W64/><G1/><T92/><D3/><U119/><E21/><V2/><F2/><W130/><G130/><T107/><D66/><U12/><E12/><V108/><F108/><W26/><G67/><T37/><D37/><U17/><E17/><V48/><F56/><W104/><G104/><N who="0" m="40011" /><D20/><U88/><E88/><V27/><F27/><W133/><G133/><N who="2" m="51305" /><F83/><W46/><G46/><T72/><D111/><U74/><E23/><V44/><F48/><W42/><G42/><T34/><D34/><U28/><E28/><V41/><F41/><W60/><G7/><T9/><D9/><U30/><E30/><V55/><F55/><W10/><G10/><T16/><D16/><U38/><E74/><V33/><F33/><W115/><G14/><T53/><D53/><U4/><E4/><V69/><F69/><W57/><G115/><T6/><D6/><U131/><E122/><V8/><F8/><W19/><G19/><T32/><D32/><U76/><E76/><V103/><F18/><W120/><G120/><T102/><D90/><U0/><E0/><V24/><F91/><W109/><G109/><T22/><D22/><U68/><E112/><V5/><F5/><W97/><G97/><T79/><D72/><U80/><E80/><AGARI ba="0,0" hai="26,29,35,57,60,61,63,64,73,77,80,82,86,89" machi="80" ten="30,1000,0" yaku="7,1" doraHai="51" who="3" fromWho="1" sc="222,0,12,-10,496,0,270,10" /><INIT seed="7,0,0,3,1,130" ten="222,2,496,280" oya="3" hai0="67,100,27,126,122,36,84,49,47,75,18,121,10" hai1="8,82,25,22,69,115,52,106,103,92,114,78,91" hai2="107,73,35,3,77,133,0,23,21,42,129,131,11" hai3="43,60,5,89,85,104,90,44,135,113,74,4,80"/><W86/><G74/><T120/><D75/><U39/><E22/><V58/><F107/><W96/><G113/><T101/><D36/><U71/><E25/><V134/><F42/><W109/><G109/><T34/><D126/><U83/><E8/><V1/><F35/><W118/><G118/><T7/><D67/><U29/><E29/><V50/><F11/><W63/><G104/><T64/><D64/><U128/><E52/><N who="2" m="32023" /><F77/><W105/><G105/><T38/><D38/><U132/><E39/><V116/><F73/><W24/><G96/><T14/><D34/><U16/><E16/><V20/><F116/><W32/><G32/><T46/><D46/><U108/><E69/><V94/><F94/><W48/><G24/><T2/><D27/><U88/><E71/><V37/><F37/><W76/><G76/><T61/><D61/><U59/><E59/><V112/><F112/><W28/><G28/><T40/><D2/><U57/><E57/><V123/><F123/><W127/><G127/><T13/><REACH who="0" step="1"/><D84/><REACH who="0" ten="212,2,496,280" step="2"/><U72/><E108/><V19/><F19/><W6/><G63/><T15/><D15/><U125/><E125/><V124/><F124/><W110/><G60/><T102/><D102/><U70/><E70/><V41/><F129/><W31/><G110/><T62/><D62/><U98/><E128/><V68/><F131/><W53/><G86/><T54/><D54/><U81/><E132/><V99/><F99/><W30/><G135/><T26/><D26/><U65/><E65/><V33/><F133/><W95/><G85/><T119/><D119/><U93/><E72/><RYUUKYOKU ba="0,1" sc="212,30,2,-10,496,-10,280,-10" hai0="7,10,13,14,18,40,47,49,100,101,120,121,122" owari="242,-15.8,-8,-50.8,496,59.6,270,7.0" /></mjloggm>