<mjloggm ver="2.3"><GO type="169" lobby="0"/><UN n0="%E6%9C%88%E5%A4%9C%E3%81%AB%E9%A2%A8" n1="%E4%BE%8D" n2="%65%76%69%61%6E%36%31%39" n3="%E3%83%A9%E3%83%9E%E3%83%BC%E7%9A%87%E5%AD%90" dan="16,17,16,19" rate="2075.60,2231.99,2099.88,2240.98" sx="M,M,M,M"/><TAIKYOKU oya="0"/><INIT seed="0,0,0,0,5,41" ten="250,250,250,250" oya="0" hai0="106,38,77,22,127,91,73,66,104,14,49,67,119" hai1="108,132,12,3,117,46,59,8,130,28,40,96,48" hai2="93,126,56,62,70,58,109,80,131,32,25,123,4" hai3="33,42,36,135,51,120,94,6,53,7,1,75,76"/><T27/><D38/><U84/><E117/><V92/><F109/><W129/><G33/><T17/><D119/><U72/><E108/><V52/><F131/><W19/><G129/><T97/><D127/><U74/><E130/><V134/><F134/><W124/><G124/><T111/><D111/><U11/><E132/><V45/><F123/><W5/><G94/><T125/><D125/><U43/><E28/><V113/><F113/><W16/><G1/><T64/><D73/><U128/><E128/><V29/><F126/><W18/><G135/><T54/><D77/><U114/><E114/><V100/><F70/><W24/><G120/><T57/><D97/><U68/><E68/><V55/><F4/><W81/><G36/><T110/><D110/><U98/><E40/><V71/><F71/><W79/><G79/><T102/><D102/><U86/><E8/><V15/><F100/><W103/><G103/><T35/><REACH who="0" step="1"/><D91/><REACH who="0" ten="240,250,250,250" step="2"/><U61/><E74/><V44/><F15/><W37/><G37/><T107/><D107/><U87/><E72/><V122/><F122/><W116/><G116/><T9/><D9/><U115/><E115/><V105/><F105/><W60/><G76/><T63/><D63/><U99/><E3/><V26/><F80/><W50/><G75/><T89/><D89/><U118/><E118/><V112/><F112/><W10/><G81/><T34/><D34/><U83/><E83/><V31/><F62/><W90/><G60/><T65/><N who="0" m="16384" /><DORA hai="30" /><T78/><D78/><U21/><E61/><V39/><F39/><W47/><G90/><T101/><D101/><RYUUKYOKU ba="0,1" sc="240,15,250,-15,250,15,250,-15" hai0="14,17,22,27,35,49,54,57,104,106" hai2="25,26,29,31,32,44,45,52,55,56,58,92,93" /><INIT seed="0,1,1,5,1,41" ten="255,235,265,235" oya="0" hai0="49,86,98,48,83,47,99,90,18,44,94,26,0" hai1="32,102,29,78,35,75,100,60,57,122,80,20,131" hai2="132,10,37,74,84,50,14,67,124,62,71,66,76" hai3="125,9,85,106,53,25,16,17,116,128,109,82,95"/><T65/><D0/><U127/><E122/><V40/><F132/><W97/><G116/><T73/><D73/><U129/><E20/><V13/><F124/><W30/><G106/><T1/><D1/><U79/><E127/><V120/><F120/><W12/><G125/><T112/><D112/><U70/><E70/><V89/><F67/><W114/><G114/><T107/><D65/><U24/><E35/><V61/><F61/><W42/><G109/><T58/><D107/><U117/><E79/><V36/><F14/><W133/><G133/><T121/><D121/><U15/><E15/><V33/><F33/><W5/><G42/><N who="0" m="24599" /><D58/><U19/><E19/><V118/><F118/><W96/><G53/><N who="0" m="29887" /><D83/><U3/><E3/><V64/><F64/><W4/><G128/><N who="1" m="49226" /><E117/><V38/><F50/><W134/><G134/><T6/><D6/><U130/><E130/><V8/><F40/><W119/><G5/><T45/><D45/><U108/><E108/><V43/><F43/><W27/><G119/><T21/><AGARI ba="1,1" hai="18,21,26,86,90,94,98,99" m="29887,24599" machi="21" ten="30,6000,0" yaku="8,1,52,2" doraHai="41" who="0" fromWho="0" sc="255,73,235,-21,265,-21,235,-21" /><INIT seed="0,2,0,0,0,25" ten="328,214,244,214" oya="0" hai0="60,29,42,68,127,23,71,40,86,99,30,58,12" hai1="22,124,54,131,52,84,35,17,120,107,62,4,11" hai2="51,122,94,134,128,53,8,44,46,91,109,76,81" hai3="61,111,82,115,7,33,3,39,102,43,73,93,108"/><T101/><D127/><U36/><E120/><V69/><F69/><W121/><G115/><T37/><D71/><U114/><E36/><V24/><F109/><W105/><G61/><T6/><D68/><U92/><E107/><V50/><F134/><W21/><G21/><T113/><D113/><U74/><E74/><V55/><F128/><W9/><G93/><N who="0" m="58607" /><D37/><U28/><E124/><V110/><F110/><W2/><G2/><T57/><D86/><U117/><E117/><V38/><F122/><W63/><G63/><T64/><D58/><U98/><E84/><V75/><F38/><W103/><G33/><T116/><D116/><U96/><E131/><V130/><F130/><W31/><G121/><T89/><D89/><U133/><E133/><V56/><F24/><W32/><G103/><T88/><D88/><U10/><E114/><V45/><REACH who="2" step="1"/><F8/><REACH who="2" ten="328,214,234,214" step="2"/><W15/><G9/><N who="0" m="4151" /><D23/><U20/><E22/><V125/><F125/><W123/><G123/><T5/><D5/><U135/><E4/><V67/><F67/><W132/><G111/><T95/><D95/><U27/><E135/><V85/><AGARI ba="2,1" hai="44,45,46,50,51,53,55,56,75,76,81,85,91,94" machi="85" ten="20,2700,0" yaku="1,1,0,1,7,1,53,0" doraHai="25" doraHaiUra="118" who="2" fromWho="2" sc="328,-15,214,-9,234,43,214,-9" /><INIT seed="1,0,0,0,4,130" ten="313,205,277,205" oya="1" hai0="131,41,37,118,62,59,113,14,92,77,18,8,100" hai1="49,135,6,1,70,75,15,73,28,88,43,93,108" hai2="12,2,48,51,38,33,27,42,61,72,122,47,78" hai3="60,63,98,40,22,83,25,53,128,105,132,23,111"/><U114/><E114/><V45/><F122/><W35/><G128/><T76/><D113/><U26/><E70/><V9/><F61/><W16/><G35/><T89/><D118/><U56/><E1/><V127/><F127/><W58/><G111/><T116/><D100/><U107/><E107/><V109/><F109/><W129/><G129/><T54/><D116/><U24/><E135/><V34/><F27/><W91/><G40/><T80/><D131/><U67/><E108/><V104/><F104/><W30/><G105/><T87/><D37/><U46/><E75/><V68/><F68/><W115/><G115/><T29/><D41/><U96/><E73/><V125/><F125/><W36/><G36/><T19/><D29/><U66/><E56/><V74/><F38/><W85/><G132/><T52/><D19/><U124/><E124/><V117/><F2/><W101/><G98/><T13/><D13/><U79/><E79/><V119/><F12/><W86/><G101/><T82/><D54/><U55/><E55/><V110/><F42/><W69/><G86/><T102/><REACH who="0" step="1"/><D80/><REACH who="0" ten="303,205,277,205" step="2"/><U126/><E126/><V94/><F110/><W31/><REACH who="3" step="1"/><G23/><REACH who="3" ten="303,205,277,195" step="2"/><T7/><D7/><U106/><E6/><V95/><F119/><W81/><G81/><T133/><D133/><U120/><E43/><V32/><F32/><W64/><AGARI ba="0,2" hai="16,22,25,30,31,53,58,60,63,64,69,83,85,91" machi="64" ten="30,4000,0" yaku="1,1,0,1,54,1,53,0" doraHai="130" doraHaiUra="5" who="3" fromWho="3" sc="303,-10,205,-20,277,-10,195,60" /><INIT seed="2,0,0,1,2,110" ten="293,185,267,255" oya="2" hai0="23,105,132,116,89,17,128,102,58,37,46,91,41" hai1="31,26,18,12,61,32,52,103,60,36,10,87,16" hai2="24,123,53,84,29,15,64,7,130,21,71,0,65" hai3="100,44,92,54,39,135,78,95,22,59,68,70,20"/><V51/><F123/><W75/><G135/><T74/><D132/><U93/><E36/><V106/><F106/><W121/><G121/><T73/><D128/><U19/><E87/><V126/><F126/><W99/><G75/><T79/><D116/><U40/><E40/><V109/><F130/><W129/><G78/><T97/><D58/><U90/><E103/><V34/><F71/><W125/><G129/><T124/><D124/><U62/><REACH who="1" step="1"/><E52/><REACH who="1" ten="293,175,267,255" step="2"/><V122/><F122/><W134/><G125/><T80/><REACH who="0" step="1"/><D73/><REACH who="0" ten="283,175,267,255" step="2"/><U42/><E42/><V2/><F84/><W108/><G134/><T86/><D86/><U82/><E82/><V13/><F109/><W1/><G108/><T111/><D111/><U69/><E69/><V83/><F83/><W48/><G70/><T50/><D50/><U131/><E131/><V133/><F133/><W57/><G68/><T55/><D55/><U6/><E6/><V14/><F53/><W49/><G49/><T3/><D3/><U38/><E38/><V98/><F51/><W56/><G1/><T66/><D66/><U114/><E114/><V72/><F65/><W119/><G39/><T88/><D88/><U101/><E101/><V9/><F64/><W104/><G119/><T76/><D76/><U67/><E67/><V120/><F72/><W27/><G57/><T112/><D112/><U127/><E127/><V43/><F120/><W8/><G59/><T63/><D63/><U94/><E94/><V107/><F0/><W35/><G56/><T96/><D96/><U113/><E113/><V11/><F2/><W77/><G99/><RYUUKYOKU ba="0,2" sc="283,15,175,15,267,-15,255,-15" hai0="17,23,37,41,46,74,79,80,89,91,97,102,105" hai1="10,12,16,18,19,26,31,32,60,61,62,90,93" /><INIT seed="3,1,2,4,5,82" ten="298,190,252,240" oya="3" hai0="37,132,93,110,41,95,10,56,21,52,0,11,12" hai1="72,59,22,86,105,17,133,111,73,92,66,114,30" hai2="91,113,121,45,33,85,135,71,116,36,117,77,1" hai3="129,61,106,79,28,84,27,64,101,134,74,51,90"/><W123/><G123/><T124/><D110/><U57/><E114/><V122/><F71/><W131/><G134/><T23/><D124/><U87/><E105/><V16/><F33/><W63/><G79/><T20/><D0/><U81/><E30/><V47/><F1/><W40/><G74/><T50/><D132/><U60/><E133/><V94/><F135/><W99/><G51/><T67/><D67/><U78/><E111/><V25/><F113/><W48/><G48/><T38/><D10/><U126/><E126/><V120/><F36/><W102/><G102/><T19/><REACH who="0" step="1"/><D37/><REACH who="0" ten="288,190,252,240" step="2"/><U42/><E42/><V127/><F127/><W62/><G40/><T13/><D13/><U107/><E107/><V49/><F117/><W130/><G64/><T39/><D39/><U26/><REACH who="1" step="1"/><E57/><REACH who="1" ten="288,180,252,240" step="2"/><V83/><F116/><W115/><G115/><T104/><D104/><U9/><E9/><V3/><F122/><W69/><G69/><T14/><D14/><U76/><E76/><V70/><F70/><W75/><G130/><T29/><D29/><U89/><AGARI ba="1,4" hai="17,22,26,59,60,66,72,73,78,81,86,87,89,92" machi="89" ten="30,7900,0" yaku="1,1,0,1,52,2,53,0" doraHai="82" doraHaiUra="43" who="1" fromWho="1" sc="288,-21,180,122,252,-21,240,-40" /><INIT seed="4,0,0,0,4,89" ten="267,302,231,200" oya="0" hai0="41,84,78,56,40,132,27,80,65,57,115,8,118" hai1="133,91,129,0,36,107,105,22,79,3,50,135,54" hai2="37,126,26,88,63,42,68,25,34,67,61,4,38" hai3="95,5,96,81,7,90,59,28,109,69,85,76,120"/><T123/><D118/><U114/><E36/><V11/><F126/><W10/><G109/><T119/><D119/><U18/><E79/><V110/><F110/><W74/><G69/><T47/><D123/><U104/><E129/><V77/><F63/><W87/><G120/><T55/><D115/><U13/><E114/><V94/><F77/><W70/><G70/><T98/><D132/><N who="1" m="50763" /><E91/><V60/><F60/><W6/><G28/><T73/><D73/><U124/><E124/><V30/><F26/><W127/><G127/><T21/><D65/><U49/><E49/><V24/><F24/><W121/><G121/><T2/><D55/><U117/><E117/><V75/><F75/><W101/><G59/><AGARI ba="0,0" hai="0,3,13,18,22,50,54,59,104,105,107" m="50763" machi="59" ten="40,1300,0" yaku="20,1" doraHai="89" who="1" fromWho="3" sc="267,0,302,13,231,0,200,-13" /><INIT seed="5,0,0,4,3,91" ten="267,315,231,187" oya="1" hai0="109,114,33,98,72,60,112,32,17,126,116,118,19" hai1="106,23,130,110,129,85,127,125,28,20,119,47,79" hai2="103,37,121,131,29,48,56,120,15,78,18,123,52" hai3="128,95,41,57,35,108,24,10,68,65,16,117,92"/><U69/><E69/><V34/><F37/><W135/><G108/><T67/><D72/><U61/><E119/><N who="0" m="45609" /><D98/><U59/><E106/><V51/><F131/><N who="1" m="50185" /><E47/><V31/><F78/><W81/><G68/><T1/><D60/><U83/><E110/><V104/><F34/><N who="0" m="13418" /><D67/><N who="1" m="39359" /><E28/><V50/><F103/><W74/><G128/><T36/><D36/><U102/><E102/><V124/><F124/><AGARI ba="0,0" hai="20,23,79,83,85,124,125,127" m="39359,50185" machi="124" ten="30,2900,0" yaku="18,1,19,1" doraHai="91" who="1" fromWho="2" sc="267,0,315,29,231,-29,187,0" /><INIT seed="5,1,0,3,5,108" ten="267,344,202,187" oya="1" hai0="41,98,62,7,86,65,94,123,91,24,10,122,126" hai1="76,40,128,47,60,74,129,115,55,130,100,133,1" hai2="37,119,49,36,17,16,14,15,112,48,2,134,110" hai3="50,59,127,107,19,21,92,54,103,111,106,118,23"/><U35/><E133/><V84/><F110/><W121/><G111/><T31/><D41/><U85/><E35/><V72/><F2/><W82/><G121/><T77/><D126/><U97/><E1/><V42/><F42/><W29/><G127/><T64/><D77/><U68/><E74/><V51/><F72/><W28/><G118/><T43/><D43/><U135/><E135/><V38/><F134/><W25/><G82/><T13/><D86/><U20/><E20/><V125/><F125/><W79/><G79/><T63/><D63/><U4/><E4/><V18/><F119/><W44/><G106/><T132/><D132/><U39/><E85/><V124/><F124/><W78/><G78/><T105/><D105/><U117/><E76/><V95/><F112/><W12/><G107/><T102/><D91/><AGARI ba="1,0" hai="14,15,16,17,18,36,37,38,48,49,51,84,91,95" machi="91" ten="50,6400,0" yaku="29,2,54,1" doraHai="108" who="2" fromWho="0" sc="267,-67,344,0,202,67,187,0" /><INIT seed="6,0,0,2,5,110" ten="200,344,269,187" oya="2" hai0="26,69,56,84,60,52,126,23,9,92,39,127,66" hai1="98,67,49,10,35,96,32,79,73,24,65,91,7" hai2="1,107,86,25,89,6,22,123,101,51,121,11,19" hai3="21,71,111,33,105,17,112,74,133,31,85,72,3"/><V61/><F107/><W124/><RYUUKYOKU type="yao9" ba="0,0" sc="200,0,344,0,269,0,187,0" hai3="3,17,21,31,33,71,72,74,85,105,111,112,124,133" /><INIT seed="6,1,0,5,5,9" ten="200,344,269,187" oya="2" hai0="104,71,60,73,78,66,8,107,42,116,76,41,130" hai1="49,39,111,6,112,59,0,125,19,13,17,5,40" hai2="57,24,45,10,131,32,33,15,87,97,89,55,123" hai3="48,53,83,115,72,96,65,105,100,7,22,74,85"/><V16/><F123/><W99/><G65/><T35/><D130/><U28/><E39/><V108/><F131/><W120/><G120/><T75/><D35/><U118/><E111/><V23/><F108/><W3/><G115/><T51/><D116/><U2/><E59/><V124/><F124/><W95/><G3/><N who="1" m="1066" /><E49/><V81/><F97/><W126/><G7/><N who="1" m="2570" /><E40/><V84/><F84/><W44/><G22/><T68/><D8/><U12/><E118/><V21/><F21/><W103/><REACH who="3" step="1"/><G126/><REACH who="3" ten="200,344,269,177" step="2"/><T30/><D66/><U54/><E125/><V50/><REACH who="2" step="1"/><F57/><REACH who="2" ten="200,344,259,177" step="2"/><W86/><G86/><T64/><D71/><U121/><E121/><V98/><F98/><W80/><G80/><T43/><D68/><U31/><E112/><V11/><F11/><W36/><G36/><T88/><D73/><U79/><E31/><AGARI ba="1,2" hai="10,15,16,23,24,31,32,33,45,50,55,81,87,89" machi="31" ten="30,18000,2" yaku="1,1,7,1,25,2,52,1,54,1,53,1" doraHai="9" doraHaiUra="46" who="2" fromWho="1" sc="200,0,344,-183,259,203,177,0" /><INIT seed="6,2,0,0,2,96" ten="200,161,462,177" oya="2" hai0="111,55,129,108,91,37,11,84,114,31,79,73,119" hai1="18,6,80,123,66,16,42,109,62,86,57,40,28" hai2="46,13,117,22,120,48,64,81,105,44,83,87,113" hai3="39,54,52,118,76,49,45,24,34,12,65,112,89"/><V0/><F120/><W27/><G118/><T93/><D37/><U104/><E109/><V106/><F0/><W95/><G39/><T29/><D119/><U70/><E123/><V8/><F22/><W9/><G34/><T15/><D114/><U125/><E104/><V19/><F113/><W60/><G76/><T21/><D129/><U103/><E125/><V130/><F81/><W35/><G54/><T99/><D73/><U61/><E6/><V20/><F44/><W59/><G35/><T43/><D43/><N who="1" m="16427" /><E70/><V78/><F130/><W56/><G45/><T127/><D127/><U7/><E7/><V30/><F64/><W33/><G33/><T17/><D55/><U2/><E2/><V53/><F117/><W134/><G112/><T94/><D79/><N who="1" m="46367" /><E62/><V97/><F97/><N who="3" m="57583" /><G134/><T25/><REACH who="0" step="1"/><D31/><REACH who="0" ten="190,161,462,177" step="2"/><U3/><E3/><V131/><F131/><W122/><G122/><T5/><D5/><AGARI ba="2,1" hai="5,9,12,24,27,49,52,56,59,60,65" m="57583" machi="5" ten="30,2000,0" yaku="8,1,54,1" doraHai="96" who="3" fromWho="0" sc="190,-26,161,0,462,0,177,36" /><INIT seed="7,0,0,1,4,72" ten="164,161,462,213" oya="3" hai0="36,10,105,95,76,22,134,74,81,43,51,117,107" hai1="99,128,6,58,57,32,106,28,42,132,103,62,27" hai2="2,55,98,109,33,112,87,100,94,46,82,24,104" hai3="119,78,131,127,19,29,69,133,114,65,52,101,8"/><W30/><G119/><T83/><D117/><U68/><E128/><V92/><F2/><W67/><G131/><T77/><D134/><U39/><E132/><V1/><F1/><W38/><G38/><T70/><D36/><U49/><E39/><V59/><F109/><W11/><G69/><T23/><D70/><U85/><E6/><V63/><F112/><W129/><G133/><T91/><D10/><U54/><E85/><V79/><F46/><W93/><G127/><T4/><D4/><U40/><E68/><V66/><F55/><AGARI ba="0,0" hai="27,28,32,40,42,49,54,55,57,58,62,99,103,106" machi="55" ten="30,1000,0" yaku="7,1" doraHai="72" who="1" fromWho="2" sc="164,0,161,10,462,-10,213,0" owari="164,-33.6,171,-22.9,452,55.2,213,1.3" /></mjloggm>