<mjloggm ver="2.3"><GO type="169" lobby="0"/><UN n0="%E9%AB%AD%E9%AF%A8" n1="%50%44%47%4F%4E" n2="%E3%81%99%E3%83%BC%5F%E9%88%B4%E6%9C%A8%E6%B5%A9%E5%B9%B3" n3="%E6%8C%91%E6%88%A6%E8%80%85%EF%BC%81" dan="16,16,16,17" rate="2141.32,2097.55,2103.19,2192.11" sx="M,M,M,M"/><TAIKYOKU oya="0"/><INIT seed="0,0,0,2,4,17" ten="250,250,250,250" oya="0" hai0="2,70,36,27,133,84,76,107,121,130,16,26,98" hai1="134,124,15,135,106,3,115,77,19,46,131,8,119" hai2="43,67,88,32,55,66,22,101,111,92,62,120,47" hai3="95,42,96,59,110,109,20,45,83,56,85,82,90"/><T33/><D121/><U51/><E119/><V54/><F32/><W114/><G114/><T86/><D2/><U34/><E106/><V14/><F120/><W44/><G83/><T68/><D36/><U72/><E34/><V7/><F101/><W5/><G5/><T91/><D133/><N who="1" m="50699" /><E131/><V31/><F111/><W78/><G44/><T89/><D130/><U28/><E28/><V113/><F113/><W18/><G110/><T41/><D41/><U39/><E39/><V103/><F103/><W126/><G126/><T73/><D73/><U105/><E105/><V12/><F7/><W122/><G122/><T125/><D125/><U24/><E3/><V97/><F12/><W48/><REACH who="3" step="1"/><G109/><REACH who="3" ten="250,250,250,240" step="2"/><T123/><D123/><U25/><E124/><V71/><F47/><W118/><G118/><T50/><D76/><U116/><E116/><V75/><F75/><W57/><G57/><T37/><D70/><U29/><E115/><V80/><F71/><W94/><G94/><T6/><D68/><U11/><E77/><V35/><F80/><W53/><G53/><T30/><D107/><U99/><E72/><V21/><F54/><W40/><G40/><T132/><D132/><U65/><E46/><V100/><F43/><W93/><G93/><T63/><D6/><U117/><E117/><V60/><F55/><W127/><G127/><T81/><D81/><U58/><E58/><V52/><F52/><W108/><G108/><T74/><D74/><U49/><E65/><V38/><F67/><W69/><G69/><T61/><D37/><U9/><E51/><V0/><F66/><RYUUKYOKU ba="0,1" sc="250,-10,250,-10,250,-10,240,30" hai3="18,20,42,45,48,56,59,78,82,85,90,95,96" /><INIT seed="1,1,1,2,2,89" ten="240,240,240,270" oya="1" hai0="69,46,41,14,30,47,72,82,73,63,92,16,11" hai1="124,111,78,127,6,106,65,15,1,33,101,64,97" hai2="48,94,62,53,44,118,115,18,103,36,123,128,98" hai3="23,80,52,49,7,90,74,99,126,12,71,10,87"/><U102/><E33/><V9/><F118/><W112/><G112/><T66/><D30/><U50/><E1/><V79/><F123/><W32/><G126/><N who="1" m="48170" /><E78/><V129/><F115/><W116/><G116/><T37/><D82/><U114/><E114/><V95/><F79/><W35/><G71/><T96/><REACH who="0" step="1"/><D47/><REACH who="0" ten="230,240,240,270" step="2"/><U76/><E111/><V119/><F119/><W45/><G74/><T88/><AGARI ba="1,2" hai="11,14,16,37,41,46,63,66,69,72,73,88,92,96" machi="88" ten="20,16000,3" yaku="1,1,2,1,0,1,7,1,52,1,54,2,53,1" doraHai="89" doraHaiUra="67" who="0" fromWho="0" sc="230,183,240,-81,240,-41,270,-41" /><INIT seed="2,0,0,1,1,61" ten="413,159,199,229" oya="2" hai0="1,99,0,127,30,114,75,119,95,5,112,34,8" hai1="118,71,55,77,83,100,29,130,50,94,18,107,44" hai2="7,72,9,87,42,45,79,3,23,68,10,123,33" hai3="25,69,28,41,62,40,11,21,117,46,17,101,109"/><V122/><F33/><W6/><G117/><T48/><D119/><U35/><E118/><V19/><F68/><W13/><G109/><T80/><D127/><U24/><E130/><V22/><F10/><W2/><G101/><T91/><D1/><U132/><E132/><V56/><F56/><W74/><G74/><T26/><D75/><U85/><E71/><V65/><F65/><W15/><G15/><T120/><D120/><U78/><E107/><V4/><F4/><W124/><G124/><T90/><D80/><U110/><E110/><V133/><F133/><W103/><G103/><T131/><D131/><U128/><E128/><V73/><F23/><W89/><G89/><T66/><D91/><U81/><E18/><V20/><F20/><W64/><G46/><T39/><D39/><U111/><E111/><V31/><F31/><W97/><G97/><T76/><D76/><U54/><E94/><V12/><F87/><W27/><G27/><T113/><REACH who="0" step="1"/><D48/><REACH who="0" ten="403,159,199,229" step="2"/><U135/><E135/><V129/><F129/><W58/><REACH who="3" step="1"/><G69/><REACH who="3" ten="403,159,199,219" step="2"/><T98/><D98/><U47/><E100/><V16/><F73/><W82/><G82/><T70/><D70/><U60/><E81/><N who="2" m="45287" /><F123/><W36/><G36/><T37/><D37/><U96/><E78/><V126/><F122/><W53/><G53/><T49/><D49/><N who="1" m="28991" /><E96/><V105/><F126/><W104/><G104/><T102/><D102/><U43/><E55/><V92/><F105/><W14/><G14/><T51/><D51/><U59/><E59/><V84/><F12/><W134/><G134/><T88/><D88/><U121/><E121/><RYUUKYOKU ba="0,2" sc="403,10,159,10,199,-30,219,10" hai0="0,5,8,26,30,34,66,90,95,99,112,113,114" hai1="24,29,35,43,44,50,60,77,83,85" hai3="2,6,11,13,17,21,25,28,40,41,58,62,64" /><INIT seed="3,1,2,1,3,45" ten="413,169,169,229" oya="3" hai0="132,37,17,114,39,103,120,23,3,90,96,25,127" hai1="55,11,86,106,29,43,68,28,61,98,64,12,9" hai2="48,135,20,125,94,112,118,124,10,56,50,89,122" hai3="67,75,99,53,69,19,4,73,129,91,0,47,35"/><W133/><G35/><T7/><D120/><U110/><E110/><V92/><F112/><W34/><G34/><T131/><D131/><U134/><E134/><V107/><F107/><W18/><G129/><T128/><D128/><U70/><E70/><V57/><F118/><W30/><G30/><T38/><D127/><N who="2" m="48714" /><F135/><W46/><G133/><T113/><D90/><U63/><E43/><V13/><F20/><W93/><G46/><T58/><D58/><N who="2" m="22634" /><F122/><W32/><G32/><T22/><D132/><U72/><E72/><V8/><F92/><W108/><G108/><T78/><D78/><U82/><E63/><V101/><F101/><W117/><G117/><T102/><D23/><U51/><E106/><V15/><F15/><W109/><G109/><T79/><D79/><U60/><E60/><V76/><F76/><W126/><G126/><T88/><D7/><U85/><E98/><N who="2" m="57679" /><F8/><W41/><G53/><T121/><D3/><U6/><E11/><V95/><F95/><W5/><G67/><T36/><D121/><U44/><REACH who="1" step="1"/><E86/><REACH who="1" ten="413,159,169,229" step="2"/><V111/><F111/><W59/><G69/><T87/><D87/><U71/><E71/><V2/><F2/><W31/><G0/><T16/><D96/><U77/><AGARI ba="1,3" hai="6,9,12,28,29,44,51,55,61,64,68,77,82,85" machi="77" ten="20,5200,0" yaku="1,1,0,1,7,1,52,1,53,0" doraHai="45" doraHaiUra="54" who="1" fromWho="1" sc="413,-14,159,85,169,-14,229,-27" /><INIT seed="4,0,0,0,0,3" ten="399,244,155,202" oya="0" hai0="118,60,94,130,2,50,72,28,48,15,93,12,96" hai1="35,107,98,31,66,0,67,10,37,63,68,49,81" hai2="92,22,27,125,9,59,45,76,83,120,116,46,134" hai3="40,26,54,95,90,44,7,99,97,53,30,38,124"/><T85/><D118/><U4/><E37/><V100/><F116/><W32/><G124/><T62/><D72/><U64/><E49/><V112/><F112/><W111/><G111/><T20/><D2/><U106/><E81/><V86/><F120/><W80/><G7/><T91/><D130/><U42/><E42/><V19/><F134/><W131/><G131/><T17/><D28/><U119/><E119/><V105/><F105/><W57/><G80/><T16/><D50/><U41/><E41/><V25/><F125/><W14/><G14/><T52/><D93/><U75/><E75/><V21/><F9/><W47/><G47/><T70/><D96/><U135/><E135/><V65/><F100/><W23/><G99/><T101/><D101/><N who="1" m="62775" /><E107/><V133/><F133/><W103/><G103/><T5/><D5/><U13/><E13/><V77/><F92/><W71/><G71/><T82/><D70/><U58/><E58/><V104/><F76/><W43/><G43/><T1/><D1/><U117/><E117/><V33/><F33/><W78/><G78/><T128/><D82/><U108/><E108/><V73/><F104/><W126/><G126/><T29/><D128/><U36/><E36/><V121/><F73/><W115/><G115/><T129/><D129/><U18/><E18/><N who="2" m="12471" /><F121/><W109/><G109/><T69/><D69/><U110/><E110/><V56/><F56/><W51/><G32/><T6/><D94/><U89/><E89/><V88/><F77/><W123/><G123/><T39/><D91/><U122/><E122/><V127/><F127/><W84/><G97/><RYUUKYOKU ba="0,0" sc="399,-30,244,10,155,10,202,10" hai1="0,4,10,31,35,63,64,66,67,68" hai2="19,22,27,45,46,59,65,83,86,88" hai3="23,26,30,38,40,44,51,53,54,57,84,90,95" /><INIT seed="5,1,0,1,4,13" ten="369,254,165,212" oya="1" hai0="43,16,107,68,64,11,54,93,22,6,102,72,63" hai1="24,94,89,87,36,116,9,123,0,131,117,50,75" hai2="128,78,84,127,115,99,106,122,33,118,18,1,58" hai3="74,56,40,4,53,86,26,112,47,2,111,113,67"/><U104/><E36/><V12/><F122/><W41/><G111/><T109/><D72/><U114/><E123/><V37/><F118/><W96/><G74/><T51/><D43/><U17/><E114/><V126/><F1/><W90/><G67/><T73/><D73/><U20/><E131/><V103/><F33/><W88/><G2/><T62/><D107/><U49/><E104/><V19/><F37/><W23/><G4/><T125/><D125/><N who="2" m="47626" /><F115/><N who="3" m="44107" /><G96/><T71/><D109/><U134/><E75/><V25/><F128/><W60/><G47/><T30/><D30/><U69/><E69/><V55/><F25/><W108/><G108/><T35/><D35/><U59/><E134/><V133/><F133/><W29/><G90/><T130/><D130/><U70/><E70/><V65/><F65/><W83/><AGARI ba="1,0" hai="23,26,29,40,41,53,56,60,83,86,88" m="44107" machi="83" ten="30,2000,0" yaku="15,1,54,1" doraHai="13" who="3" fromWho="3" sc="369,-6,254,-11,165,-6,212,23" /><INIT seed="6,0,0,3,0,91" ten="363,243,159,235" oya="2" hai0="32,41,62,119,86,40,53,46,89,15,58,51,80" hai1="23,116,110,16,133,73,36,38,67,115,76,21,93" hai2="108,78,1,20,87,82,28,88,10,125,59,52,55" hai3="100,114,101,63,128,79,77,74,31,3,5,35,134"/><V64/><F125/><W4/><G128/><T103/><D32/><U48/><E110/><V72/><F108/><W71/><G134/><T56/><D103/><U84/><E116/><V132/><F132/><W43/><G114/><T70/><D70/><U105/><E105/><V83/><F1/><W37/><G31/><T47/><D119/><U9/><E73/><V99/><F99/><W111/><G35/><T13/><D58/><U81/><E133/><V19/><F10/><W94/><G111/><T126/><D126/><U33/><E33/><V121/><F121/><W69/><G63/><T129/><D129/><U17/><E115/><V92/><F28/><W44/><G100/><T30/><D30/><U124/><E9/><V85/><F64/><W109/><G109/><T127/><D127/><U97/><E48/><AGARI ba="0,0" hai="13,15,40,41,46,47,48,51,53,56,62,80,86,89" machi="48" ten="30,3900,0" yaku="7,1,9,1,8,1" doraHai="91" who="0" fromWho="1" sc="363,39,243,-39,159,0,235,0" /><INIT seed="7,0,0,4,1,51" ten="402,204,159,235" oya="3" hai0="89,40,66,2,109,91,41,74,75,77,128,106,121" hai1="124,35,72,96,23,63,14,3,88,102,28,100,29" hai2="115,119,25,8,64,111,46,57,58,101,123,107,95" hai3="39,94,52,37,42,120,43,68,54,62,44,73,49"/><W116/><G73/><T82/><D109/><U87/><E72/><V5/><F111/><W31/><G31/><N who="1" m="11850" /><E3/><V17/><F107/><W21/><G21/><T67/><D128/><U86/><E35/><V69/><F119/><W22/><G22/><T45/><D40/><N who="3" m="15401" /><G94/><T76/><D121/><U132/><E132/><V36/><F115/><W79/><G79/><T131/><D2/><U55/><E124/><V20/><F123/><W126/><G120/><T48/><D131/><U13/><E87/><V112/><F112/><W27/><G27/><T47/><D106/><U81/><E96/><V65/><F101/><N who="1" m="39017" /><E23/><V59/><F69/><W60/><G116/><T11/><D11/><U10/><E10/><V114/><F114/><W117/><G126/><T130/><D89/><U122/><E122/><V93/><F36/><N who="3" m="13899" /><G117/><T78/><D82/><U71/><E71/><V70/><F70/><W34/><G34/><T104/><D78/><U125/><E125/><V118/><F118/><W33/><G33/><T53/><D77/><U90/><E90/><V32/><F32/><W113/><G113/><T92/><D92/><U97/><E97/><V18/><F46/><N who="3" m="27703" /><G68/><T50/><D91/><U85/><E85/><V7/><F20/><W9/><G9/><T98/><D76/><U30/><E30/><V80/><F8/><W38/><N who="3" m="13907" /><W19/><DORA hai="105" /><G19/><N who="2" m="7177" /><F25/><W4/><G4/><N who="2" m="1609" /><F80/><W1/><G1/><T15/><D15/><U133/><E14/><V0/><F0/><W99/><G99/><T129/><D75/><U127/><E127/><V24/><F24/><W26/><G26/><RYUUKYOKU ba="0,0" sc="402,-15,204,-15,159,15,235,15" hai2="57,58,59,64,65,93,95" hai3="44,54,60,62" /><INIT seed="7,1,0,1,0,73" ten="387,189,174,250" oya="3" hai0="75,66,97,112,118,109,35,19,31,123,33,53,129" hai1="41,30,14,106,122,110,87,70,132,59,76,38,107" hai2="69,61,83,88,27,74,65,58,37,91,130,116,21" hai3="56,51,126,85,26,94,131,8,5,93,104,29,90"/><W105/><G126/><T18/><D75/><U43/><E70/><V22/><F116/><W0/><G131/><T15/><D109/><U7/><E122/><V117/><F117/><W111/><G111/><T17/><D118/><U24/><E110/><V113/><F37/><W102/><G94/><T81/><D112/><U12/><E132/><V49/><F130/><W84/><G84/><T6/><D123/><U78/><E38/><V39/><F39/><W23/><G102/><T79/><D66/><U36/><E36/><V3/><F3/><W4/><G4/><T115/><D115/><U100/><E100/><V45/><F113/><W63/><REACH who="3" step="1"/><G51/><REACH who="3" ten="387,189,174,240" step="2"/><T9/><D129/><U54/><E7/><V52/><F74/><W72/><G72/><T92/><D92/><U25/><E87/><N who="2" m="50303" /><F69/><W67/><AGARI ba="1,1" hai="0,5,8,23,26,29,56,63,67,85,90,93,104,105" machi="67" ten="20,7800,0" yaku="1,1,0,1,7,1,53,1" doraHai="73" doraHaiUra="60" who="3" fromWho="3" sc="387,-27,189,-27,174,-27,240,91" /><INIT seed="7,2,0,3,3,116" ten="360,162,147,331" oya="3" hai0="71,78,24,5,36,33,90,9,83,41,42,87,135" hai1="93,56,75,63,79,77,81,112,47,10,58,57,59" hai2="1,29,125,19,98,4,6,126,122,28,23,3,12" hai3="123,72,67,62,61,34,74,124,31,88,40,105,20"/><W82/><G123/><T100/><D71/><U11/><E112/><V15/><F98/><W43/><G105/><T107/><D36/><U86/><E47/><V104/><F104/><W55/><G34/><T14/><D135/><U8/><E93/><V120/><F19/><W37/><G124/><T53/><D107/><U131/><E131/><V69/><F69/><W110/><G110/><T35/><D100/><U128/><E128/><V38/><F23/><W91/><G55/><T13/><D35/><U94/><E94/><V54/><F54/><W119/><G119/><T49/><D14/><U96/><E96/><V45/><F45/><W65/><G37/><AGARI ba="2,0" hai="1,3,4,6,12,15,28,29,37,38,120,122,125,126" machi="37" ten="25,6400,0" yaku="22,2,52,2" doraHai="116" who="2" fromWho="3" sc="360,0,162,0,147,70,331,-70" owari="360,46.0,162,-33.8,217,-18.3,261,6.1" /></mjloggm>