<mjloggm ver="2.3"><GO type="169" lobby="0"/><UN n0="%E4%B8%89%E5%B3%B6%E5%85%AB%E9%9B%B2" n1="%E8%80%81%E6%A5%BD" n2="%58%E7%8C%AB" n3="%E7%89%A7%E5%A0%B4%E3%81%AE%E5%B0%8F%E5%A5%B3" dan="17,17,16,17" rate="2235.99,2198.20,2079.95,2196.69" sx="M,M,M,F"/><TAIKYOKU oya="0"/><INIT seed="0,0,0,4,4,40" ten="250,250,250,250" oya="0" hai0="30,83,126,81,7,53,32,116,68,5,12,88,129" hai1="24,112,26,20,87,9,19,108,61,50,96,36,107" hai2="23,115,124,0,91,131,94,42,28,79,119,106,37" hai3="71,67,10,93,39,66,51,57,102,97,114,125,103"/><T38/><D116/><U82/><E36/><V111/><F115/><W109/><G114/><T120/><D120/><U123/><E108/><V105/><F0/><W117/><G117/><T77/><D68/><U135/><E135/><V59/><F79/><W49/><G39/><T33/><D38/><U76/><E123/><V113/><F113/><W14/><G109/><T43/><D43/><U47/><E112/><V8/><F8/><W25/><G125/><T127/><D129/><U44/><E107/><V22/><F59/><W73/><G73/><T75/><D53/><U21/><E96/><V35/><F35/><W1/><G1/><T64/><D64/><U110/><E110/><V121/><F121/><W48/><G71/><T52/><D52/><U31/><E50/><V101/><F28/><W3/><G3/><T72/><D12/><N who="1" m="7567" /><E61/><V13/><F13/><W133/><G133/><T132/><D132/><U85/><E87/><N who="2" m="52607" /><F106/><W18/><G57/><T128/><D128/><U55/><E55/><V54/><F54/><W62/><G62/><T118/><D118/><U63/><E63/><V69/><F69/><W65/><REACH who="3" step="1"/><G25/><REACH who="3" ten="250,250,250,240" step="2"/><T34/><D75/><U134/><E134/><V95/><F111/><W60/><G60/><T78/><D72/><U17/><AGARI ba="0,1" hai="17,20,21,24,26,31,44,47,76,82,85" m="7567" machi="17" ten="30,4000,0" yaku="8,1,52,2" doraHai="40" who="1" fromWho="1" sc="250,-20,250,50,250,-10,240,-10" /><INIT seed="1,0,0,5,4,62" ten="230,300,240,230" oya="1" hai0="57,63,133,19,26,4,96,85,83,93,132,95,107" hai1="87,123,15,11,23,9,55,54,134,65,120,28,125" hai2="31,10,32,111,116,106,70,14,1,35,44,60,53" hai3="56,88,29,27,41,104,113,81,3,61,75,86,0"/><U22/><E134/><N who="0" m="51817" /><D4/><U59/><E125/><V127/><F116/><W17/><G113/><T66/><D19/><U68/><E68/><V114/><F111/><W90/><G104/><T46/><D26/><U58/><E87/><V119/><F106/><W82/><G41/><T100/><D46/><U73/><E73/><V129/><F1/><W105/><G105/><T117/><D117/><U77/><E77/><AGARI ba="0,0" hai="57,63,66,77,83,85,93,95,96,100,107" m="51817" machi="77" ten="30,2000,0" yaku="20,1,52,1" doraHai="62" who="0" fromWho="1" sc="230,20,300,-20,240,0,230,0" /><INIT seed="2,0,0,1,3,48" ten="250,280,240,230" oya="2" hai0="17,62,58,99,56,73,60,42,95,88,79,135,108" hai1="105,133,69,83,49,81,84,130,96,124,89,29,16" hai2="13,57,43,78,104,106,116,127,1,44,22,71,113" hai3="103,121,67,72,93,119,59,61,128,107,0,111,53"/><V125/><F116/><W26/><G111/><T117/><D108/><U131/><E69/><V70/><F113/><W5/><G128/><N who="1" m="49194" /><E29/><V129/><F1/><W40/><G121/><T41/><D117/><U114/><E114/><V98/><F78/><W28/><G72/><T76/><D135/><U37/><E37/><V54/><F129/><W6/><G119/><T94/><D17/><U11/><E49/><N who="2" m="30927" /><F71/><W27/><G40/><T132/><D132/><U50/><E50/><N who="2" m="26911" /><F70/><W30/><G107/><T4/><D4/><U101/><E124/><N who="2" m="47691" /><F98/><W47/><G0/><T51/><D51/><U115/><E115/><V8/><F22/><N who="3" m="15447" /><G47/><T92/><D92/><N who="1" m="54311" /><E133/><V18/><AGARI ba="0,0" hai="8,13,18,104,106" m="47691,26911,30927" machi="18" ten="30,3000,0" yaku="18,1,52,1" doraHai="48" who="2" fromWho="2" sc="250,-10,280,-10,240,30,230,-10" /><INIT seed="2,1,0,2,4,122" ten="240,270,270,220" oya="2" hai0="91,76,100,11,36,7,93,103,86,32,30,48,111" hai1="14,51,135,33,59,5,34,15,71,65,2,84,115" hai2="49,106,69,127,16,47,97,134,90,88,75,54,110" hai3="52,81,37,57,41,98,63,70,124,109,20,61,67"/><V35/><F75/><W131/><G131/><T6/><D36/><U19/><E71/><V125/><F35/><N who="1" m="13321" /><E51/><V99/><F69/><W60/><G124/><N who="2" m="47689" /><F134/><W116/><G116/><T120/><D120/><U62/><E84/><V74/><F74/><W113/><G113/><T96/><D32/><U66/><E59/><V105/><F99/><W83/><G61/><T17/><D30/><U85/><E85/><V128/><F128/><W42/><G20/><T87/><D48/><U92/><E62/><V53/><F53/><W50/><G60/><T24/><D86/><U104/><E92/><N who="2" m="56455" /><F90/><W101/><G41/><T18/><D76/><U21/><E104/><V126/><N who="2" m="47697" /><V77/><DORA hai="130" /><F77/><W25/><G83/><T46/><D103/><U108/><E66/><V107/><F16/><W38/><G81/><T31/><D18/><N who="1" m="10455" /><E65/><V27/><F27/><W119/><G25/><T13/><D24/><U45/><E135/><V78/><F78/><W68/><G68/><T80/><D96/><U56/><E19/><V44/><F44/><W9/><G98/><T26/><D46/><U4/><E45/><V79/><F79/><W82/><G82/><T123/><D80/><U102/><E102/><V118/><F118/><W28/><G119/><T10/><D100/><U43/><E43/><V12/><F12/><W121/><G101/><T23/><D87/><U39/><E15/><V72/><F72/><W1/><G42/><T73/><D73/><U22/><E56/><V3/><F3/><W129/><G1/><T40/><D40/><U133/><E2/><V94/><F94/><RYUUKYOKU ba="1,0" sc="240,-10,270,-10,270,30,220,-10" hai2="47,49,54,105,106,107,110" /><INIT seed="2,2,0,1,3,52" ten="230,260,300,210" oya="2" hai0="91,17,69,56,45,76,35,3,70,73,122,29,87" hai1="126,80,124,54,96,67,27,40,60,57,43,15,117" hai2="102,13,59,4,81,32,65,83,77,84,12,128,113" hai3="78,86,82,68,79,25,131,85,8,34,61,106,116"/><V36/><F113/><W10/><G116/><T19/><D122/><U66/><E117/><V89/><F36/><W120/><G120/><T7/><D73/><U6/><E27/><V30/><F128/><W33/><G106/><T22/><D76/><U71/><E96/><V119/><F119/><W20/><G131/><T127/><D127/><N who="1" m="48683" /><E80/><V23/><F102/><W24/><G61/><T99/><D99/><U94/><E94/><V132/><F132/><W92/><G68/><T74/><D74/><U46/><E15/><V2/><F2/><W98/><G98/><T115/><D115/><U130/><E6/><V50/><F32/><W105/><G105/><T53/><D45/><U49/><E130/><V129/><F129/><W100/><G20/><T38/><D38/><U14/><E14/><V133/><F133/><W111/><G82/><T75/><D75/><U134/><E134/><V103/><F103/><W97/><G97/><T93/><D35/><U31/><E31/><V108/><F4/><W118/><G118/><T9/><D29/><U21/><E21/><V114/><F114/><W51/><G100/><T58/><D19/><U47/><E71/><V0/><F0/><W42/><G92/><T37/><D70/><U72/><E72/><N who="2" m="43175" /><F23/><W62/><G33/><T55/><D69/><U123/><E123/><V5/><F30/><W28/><G28/><T104/><D104/><U16/><E16/><V11/><F13/><W112/><G34/><T41/><D22/><U135/><E135/><V39/><F5/><W88/><G112/><T90/><D7/><U101/><E101/><RYUUKYOKU ba="2,0" sc="230,-10,260,30,300,-10,210,-10" hai1="40,43,46,47,49,54,57,60,66,67" /><INIT seed="3,3,0,3,0,134" ten="220,290,290,200" oya="3" hai0="103,84,53,30,21,54,51,65,99,22,57,69,101" hai1="122,102,11,133,67,20,115,124,19,35,45,28,92" hai2="106,107,66,43,61,96,108,12,1,81,52,119,73" hai3="5,112,46,25,100,94,7,76,48,87,110,111,49"/><W26/><G112/><T58/><D69/><U27/><E122/><V2/><F119/><W47/><G100/><T62/><D30/><U39/><E67/><V127/><F43/><W41/><G76/><T97/><D84/><U44/><E39/><V38/><F12/><W71/><G87/><T0/><D0/><U31/><E133/><V117/><F52/><N who="3" m="29719" /><G94/><T95/><REACH who="0" step="1"/><D65/><REACH who="0" ten="210,290,290,200" step="2"/><U98/><E115/><V114/><F1/><W80/><G71/><T123/><D123/><U37/><E31/><V72/><F2/><W82/><G111/><T93/><AGARI ba="3,1" hai="21,22,51,53,54,57,58,62,93,95,97,99,101,103" machi="93" ten="20,8000,1" yaku="1,1,0,1,7,1,9,1,8,1,53,0" doraHai="134" doraHaiUra="68" who="0" fromWho="0" sc="210,99,290,-23,290,-23,200,-43" /><INIT seed="4,0,0,0,2,65" ten="309,267,267,157" oya="0" hai0="15,93,132,133,92,71,9,38,23,42,117,21,105" hai1="12,95,125,87,81,56,78,131,51,52,55,113,110" hai2="96,11,123,83,30,3,37,7,122,98,22,109,63" hai3="14,115,75,73,128,29,77,40,19,70,88,94,80"/><T85/><D117/><U58/><E110/><V121/><F109/><W90/><G115/><T4/><D105/><U18/><E125/><V6/><F37/><W99/><G128/><T60/><D42/><U2/><E2/><V45/><F45/><W119/><G119/><T103/><D38/><U44/><E131/><V35/><F83/><W76/><G29/><T135/><D103/><U84/><E113/><V68/><F7/><W47/><G70/><T106/><D106/><U16/><E44/><V17/><F30/><W64/><G64/><N who="0" m="41351" /><D85/><U89/><E12/><V112/><F35/><W10/><G76/><T54/><D54/><U114/><E114/><V26/><F112/><W50/><REACH who="3" step="1"/><G90/><REACH who="3" ten="309,267,267,147" step="2"/><T91/><D91/><U72/><E72/><AGARI ba="0,1" hai="10,14,19,40,47,50,72,73,75,77,80,88,94,99" machi="72" ten="30,7700,0" yaku="1,1,2,1,7,1,54,1,53,0" doraHai="65" doraHaiUra="111" who="3" fromWho="1" sc="309,0,267,-77,267,0,147,87" /><INIT seed="5,0,0,1,5,129" ten="309,190,267,234" oya="1" hai0="114,86,103,123,131,16,98,42,46,43,38,71,30" hai1="96,44,55,69,49,54,104,17,14,135,58,116,40" hai2="72,109,65,53,67,121,21,61,41,62,130,82,97" hai3="0,57,108,111,112,20,2,66,127,35,13,19,27"/><U119/><E69/><V56/><F109/><W79/><G79/><T10/><D71/><U45/><E104/><V90/><F121/><W128/><G66/><T3/><D131/><U89/><E96/><V105/><F130/><W25/><G128/><T11/><D30/><U95/><E95/><V134/><F41/><W124/><G57/><T78/><D114/><U81/><E135/><V1/><F1/><N who="3" m="619" /><G112/><T115/><D43/><U73/><E73/><V63/><F134/><W110/><G35/><T34/><D34/><U15/><E15/><V4/><F4/><W122/><G122/><T133/><D123/><U85/><E55/><V31/><F105/><W102/><G102/><T23/><D115/><U80/><E80/><V91/><F72/><W70/><G70/><T117/><D133/><U93/><E44/><V36/><F36/><W125/><AGARI ba="0,0" hai="13,19,20,25,27,108,110,111,124,125,127" m="619" machi="125" ten="50,6400,0" yaku="18,1,34,2" doraHai="129" who="3" fromWho="3" sc="309,-16,190,-32,267,-16,234,64" /><INIT seed="6,0,0,2,0,51" ten="293,158,251,298" oya="2" hai0="17,95,109,23,133,11,100,43,5,111,37,35,107" hai1="13,29,46,50,56,8,94,3,119,24,42,123,22" hai2="75,115,6,99,61,67,106,18,124,125,102,63,131" hai3="57,0,4,81,64,38,127,1,53,55,88,69,84"/><V28/><F75/><W16/><G69/><T34/><D95/><U40/><E119/><V73/><F73/><W47/><G127/><T104/><D43/><U114/><E114/><V92/><F115/><W121/><G121/><T2/><D37/><U59/><E123/><V87/><F6/><W85/><G4/><T21/><D100/><U12/><E3/><V70/><F131/><W129/><G129/><T58/><D58/><U27/><E40/><V52/><F18/><W49/><G38/><T126/><D107/><U79/><E13/><V36/><F36/><W80/><G64/><T116/><D104/><U10/><E8/><V15/><F15/><W78/><G16/><T105/><D105/><U26/><E79/><V122/><F122/><W110/><G110/><N who="0" m="41995" /><D133/><U9/><E9/><V82/><F92/><W76/><G76/><T33/><D126/><U135/><E135/><V65/><F65/><W30/><G30/><T89/><D89/><U66/><E94/><V113/><F113/><W54/><G54/><T32/><D116/><U132/><E132/><V108/><F28/><W118/><G118/><T20/><N who="0" m="8192" /><DORA hai="7" /><T112/><D112/><U45/><E45/><V72/><F72/><W120/><G120/><T25/><AGARI ba="0,0" hai="2,5,11,17,20,21,23,25" m="8192,41995" machi="25" ten="60,7900,0" yaku="34,2,52,1" doraHai="51,7" who="0" fromWho="0" sc="293,79,158,-20,251,-39,298,-20" /><INIT seed="7,0,0,3,4,2" ten="372,138,212,278" oya="3" hai0="30,28,29,66,75,81,60,95,38,100,92,68,8" hai1="47,24,122,83,130,127,48,107,52,6,64,119,54" hai2="44,36,124,50,34,78,110,3,42,43,111,82,86" hai3="41,102,131,129,87,123,105,88,84,67,79,55,40"/><W109/><G67/><T99/><D38/><U15/><E122/><V128/><F34/><W113/><G55/><T57/><D68/><U49/><E107/><V121/><F121/><W13/><G123/><T7/><D75/><U133/><E133/><V72/><F86/><W61/><G61/><T126/><D126/><U70/><E127/><V16/><F124/><W96/><G13/><N who="0" m="5279" /><D92/><U1/><E130/><N who="3" m="49674" /><G40/><T108/><D108/><U74/><E119/><V9/><F128/><W51/><G51/><T69/><D69/><U90/><E1/><V11/><F50/><W80/><G41/><T120/><D120/><U23/><E70/><V104/><F104/><W5/><G5/><T46/><D81/><U106/><E106/><V118/><F43/><W22/><G22/><T21/><D46/><U134/><E64/><V132/><F132/><W94/><G113/><T27/><AGARI ba="0,0" hai="21,27,28,29,30,57,60,66,95,99,100" m="5279" machi="27" ten="30,4000,0" yaku="25,1,8,1,52,1" doraHai="2" who="0" fromWho="0" sc="372,40,138,-10,212,-10,278,-20" owari="412,51.2,128,-37.2,202,-19.8,258,5.8" /></mjloggm>