<mjloggm ver="2.3"><GO type="169" lobby="0"/><UN n0="%E3%81%9F%E3%81%BE%E5%AD%90" n1="%E4%B8%83%E7%94%9F%E5%A4%95" n2="%6B%61%74%65%72%69%6E%61" n3="%E6%95%97%E5%8C%97%E8%80%85%E3%81%AD%E3%82%8B" dan="16,16,17,17" rate="2157.80,2105.80,2236.94,2157.01" sx="M,M,M,F"/><TAIKYOKU oya="0"/><INIT seed="0,0,0,0,1,90" ten="250,250,250,250" oya="0" hai0="53,132,103,114,1,74,135,111,50,67,133,122,8" hai1="107,57,127,10,27,59,21,58,109,43,65,28,7" hai2="94,121,89,131,47,128,44,29,96,22,106,30,75" hai3="73,9,86,54,20,35,3,5,11,123,134,125,66"/><T64/><D114/><U56/><E109/><V105/><F121/><W61/><G73/><T37/><D122/><U17/><E127/><V120/><F120/><W4/><G123/><T34/><D34/><U39/><E107/><N who="2" m="40971" /><F75/><W70/><G35/><T19/><D74/><U115/><E115/><V0/><F0/><W112/><G112/><T55/><D37/><U100/><E100/><V24/><F29/><W99/><G125/><T45/><D111/><U119/><E119/><V117/><F117/><W26/><G99/><T13/><D103/><U82/><E82/><V92/><F92/><W40/><G40/><T72/><D72/><U15/><N who="1" m="14336" /><DORA hai="91" /><U101/><E101/><V42/><F42/><W32/><G54/><T36/><D36/><U38/><E65/><V88/><F89/><W84/><G32/><T113/><D113/><U83/><E43/><V14/><F14/><W81/><G134/><T18/><D1/><U31/><REACH who="1" step="1"/><E83/><REACH who="1" ten="250,240,250,250" step="2"/><V71/><F71/><W95/><G81/><T48/><D64/><U97/><E97/><V98/><F96/><W118/><G118/><T68/><D67/><U104/><E104/><V2/><F2/><W80/><G80/><T93/><D68/><U25/><E25/><V126/><F126/><W51/><G70/><T41/><D41/><U63/><E63/><V129/><AGARI ba="0,1" hai="22,24,30,44,47,88,94,98,128,129,131" m="40971" machi="129" ten="40,8000,1" yaku="19,1,52,2,54,1" doraHai="90,91" who="2" fromWho="2" sc="250,-40,240,-20,250,90,250,-20" /><INIT seed="1,0,0,4,5,100" ten="210,220,340,230" oya="1" hai0="104,31,121,77,132,81,111,63,2,62,101,47,60" hai1="34,5,97,25,94,68,120,19,115,88,71,33,87" hai2="4,107,38,118,61,57,15,106,84,41,89,93,109" hai3="14,86,21,108,129,23,18,20,32,7,10,112,117"/><U16/><E115/><V79/><F118/><W66/><G108/><T96/><D111/><U39/><E120/><V27/><F109/><W46/><G112/><T45/><D121/><U56/><E39/><V128/><F128/><W40/><G129/><T51/><D132/><U78/><E5/><V36/><F79/><W99/><G117/><T54/><D2/><U26/><E56/><V35/><F35/><W85/><G32/><T30/><REACH who="0" step="1"/><D45/><REACH who="0" ten="200,220,340,230" step="2"/><U127/><E127/><V22/><F38/><W90/><G66/><T70/><D70/><U59/><E59/><V123/><F123/><W0/><G99/><T67/><D67/><U73/><E97/><V53/><F36/><W29/><G29/><T113/><D113/><U64/><E71/><V83/><F41/><W130/><G130/><T110/><D110/><U105/><E64/><V55/><F55/><W95/><REACH who="3" step="1"/><G85/><AGARI ba="0,1" hai="30,31,47,51,54,60,62,63,77,81,85,96,101,104" machi="85" ten="40,5200,0" yaku="1,1,52,1,53,1" doraHai="100" doraHaiUra="82" who="0" fromWho="3" sc="200,62,220,0,340,0,230,-52" /><INIT seed="2,0,0,0,5,63" ten="262,220,340,178" oya="2" hai0="50,18,75,122,62,134,28,53,81,71,44,120,128" hai1="101,112,14,16,43,125,27,73,132,7,59,64,40" hai2="107,65,88,77,103,113,6,80,79,86,66,83,85" hai3="32,3,95,118,23,89,13,26,106,46,116,108,87"/><V1/><F113/><W24/><G3/><T94/><D128/><U68/><E73/><V12/><F1/><W37/><G106/><T25/><D134/><U126/><E68/><V42/><F42/><W56/><G108/><T52/><D18/><U19/><E112/><V21/><F107/><W96/><G32/><T135/><D135/><U38/><E132/><V36/><F36/><W97/><G13/><T84/><D94/><U98/><E7/><V48/><F103/><W31/><G26/><T123/><D75/><U11/><E27/><V2/><F2/><W130/><G130/><T99/><D99/><U121/><E19/><N who="2" m="10471" /><F6/><W4/><G4/><T102/><D102/><U93/><E121/><V17/><F79/><W57/><G37/><T124/><D124/><N who="1" m="47723" /><E38/><V131/><F131/><W0/><G0/><T30/><D25/><U69/><E69/><V9/><F48/><W111/><G111/><T33/><D33/><U127/><N who="1" m="47731" /><U39/><DORA hai="109" /><E39/><V22/><F9/><W117/><G46/><T35/><D35/><U91/><E101/><V51/><F51/><W54/><REACH who="3" step="1"/><G56/><REACH who="3" ten="262,220,340,168" step="2"/><T72/><D71/><U15/><E15/><AGARI ba="0,1" hai="15,17,22,65,66,77,80,83,85,86,88" m="10471" machi="15" ten="30,11600,0" yaku="8,1,52,2,54,1" doraHai="63,109" who="2" fromWho="1" sc="262,0,220,-116,340,126,168,0" /><INIT seed="2,1,0,5,3,90" ten="262,104,466,168" oya="2" hai0="50,43,9,58,36,12,24,87,95,92,103,80,107" hai1="120,55,22,102,78,85,40,59,117,62,46,1,94" hai2="67,66,8,89,71,11,42,51,6,127,48,52,108" hai3="18,31,2,26,13,16,135,112,38,75,88,72,19"/><V57/><F127/><W20/><G38/><T21/><D36/><U105/><E117/><V101/><F101/><W65/><G2/><T98/><D58/><U10/><E120/><V133/><F133/><W28/><G135/><T25/><D50/><U119/><E119/><V82/><F71/><W53/><G112/><T81/><D43/><U56/><E105/><V29/><F29/><W114/><G114/><T109/><D109/><U79/><E22/><V0/><F108/><W61/><G53/><T122/><D122/><U131/><E131/><V34/><F34/><W104/><G104/><T93/><D21/><U30/><E30/><V118/><F118/><W7/><G7/><T4/><REACH who="0" step="1"/><D81/><REACH who="0" ten="252,104,466,168" step="2"/><U74/><E56/><V121/><F121/><W97/><G61/><T63/><D63/><U76/><E40/><V44/><F11/><W45/><G45/><T132/><D132/><U49/><E46/><V124/><F124/><W14/><G65/><T126/><D126/><U32/><E49/><V39/><F39/><W60/><G60/><T5/><D5/><U134/><E134/><V113/><F113/><W125/><G125/><T129/><D129/><U84/><E32/><V33/><F33/><W47/><G47/><T70/><D70/><U106/><E10/><V86/><AGARI ba="1,1" hai="0,6,8,42,44,48,51,52,57,66,67,82,86,89" machi="86" ten="30,3000,0" yaku="0,1,54,1" doraHai="90" who="2" fromWho="2" sc="252,-11,104,-11,466,43,168,-11" /><INIT seed="2,2,0,4,3,100" ten="241,93,509,157" oya="2" hai0="80,35,9,112,10,79,99,57,44,66,135,65,113" hai1="128,89,75,52,61,115,106,13,53,63,39,46,24" hai2="21,125,130,14,107,31,85,93,22,92,36,70,124" hai3="1,40,4,74,58,114,25,81,117,18,133,72,42"/><V102/><F70/><W45/><G117/><T131/><D35/><U103/><E115/><V94/><F36/><W7/><G133/><T15/><D135/><U49/><E128/><V50/><F130/><W30/><G114/><T108/><D131/><U19/><E75/><V111/><F111/><W54/><G18/><T68/><D68/><U84/><E39/><V2/><F2/><W12/><G1/><T126/><D108/><U33/><E53/><V118/><F118/><W105/><G105/><T67/><D126/><N who="2" m="48746" /><F85/><W71/><G71/><T64/><D44/><U56/><E24/><N who="2" m="16783" /><F50/><W27/><G12/><T20/><D20/><U28/><E28/><V38/><F38/><W32/><G54/><T134/><D134/><U3/><E33/><V83/><F83/><W120/><G120/><T86/><D9/><U91/><E3/><V69/><F69/><W87/><G87/><T77/><D77/><U23/><E46/><V59/><F59/><W37/><G81/><T73/><D73/><U60/><REACH who="1" step="1"/><E84/><REACH who="1" ten="241,83,509,157" step="2"/><V122/><F122/><W90/><G37/><T41/><D112/><U16/><E16/><N who="2" m="10519" /><F102/><W55/><G45/><T47/><D113/><U76/><E76/><V11/><F11/><W51/><G74/><T101/><D57/><U119/><E119/><V0/><F0/><W88/><G72/><T129/><D129/><U121/><E121/><V5/><F5/><N who="3" m="2123" /><G25/><T34/><D34/><U6/><E6/><V127/><F127/><W96/><G27/><T62/><N who="0" m="16384" /><DORA hai="8" /><T109/><D109/><U29/><E29/><V82/><F82/><W48/><G30/><RYUUKYOKU ba="2,1" sc="241,-15,83,15,509,15,157,-15" hai1="13,19,23,49,52,56,60,61,63,89,91,103,106" hai2="92,93,94,107" /><INIT seed="2,3,1,3,4,23" ten="226,98,524,142" oya="2" hai0="69,45,112,13,32,92,109,5,124,64,129,48,36" hai1="33,15,46,84,65,25,12,35,14,58,55,87,130" hai2="88,71,53,115,43,122,50,94,38,127,66,70,80" hai3="106,134,20,10,120,90,131,98,60,95,22,73,86"/><V68/><F115/><W6/><G120/><T56/><D112/><U26/><E130/><V47/><F122/><W52/><G131/><T116/><D129/><U79/><E65/><V24/><F127/><W101/><G73/><T28/><D124/><U81/><E46/><V51/><F80/><W77/><G77/><T16/><D109/><U133/><E133/><V3/><F3/><W42/><G42/><T119/><D5/><U4/><E4/><V27/><F66/><W72/><G72/><T30/><D69/><U78/><E33/><V0/><F0/><W102/><G102/><T19/><D36/><U132/><E132/><V123/><F123/><W7/><G7/><T62/><D92/><U29/><E26/><V83/><F83/><W118/><G118/><N who="0" m="45099" /><D32/><U108/><E108/><V1/><F1/><W67/><G134/><T9/><D19/><U63/><REACH who="1" step="1"/><E79/><REACH who="1" ten="226,88,524,142" step="2"/><V40/><F38/><W105/><G67/><T113/><D113/><U110/><E110/><V104/><F70/><W91/><G6/><T125/><D125/><U31/><E31/><V89/><F47/><W11/><G106/><T85/><D85/><AGARI ba="3,2" hai="12,14,15,25,29,35,55,58,63,78,81,84,85,87" machi="85" ten="40,2600,0" yaku="1,1,52,1,53,0" doraHai="23" doraHaiUra="111" who="1" fromWho="0" sc="226,-35,88,55,524,0,142,0" /><INIT seed="3,0,0,5,0,120" ten="191,143,524,142" oya="3" hai0="107,100,101,57,131,49,51,11,112,71,67,47,18" hai1="115,13,108,41,95,91,16,106,10,104,4,92,105" hai2="39,117,99,23,121,25,90,65,3,96,1,116,37" hai3="35,84,33,130,9,113,60,85,58,132,72,36,27"/><W98/><G113/><T129/><D71/><U74/><E115/><V89/><F23/><W80/><G36/><T44/><D112/><U87/><E74/><V5/><F25/><W2/><G130/><N who="0" m="49675" /><D107/><U118/><E118/><V73/><F73/><W128/><G128/><T82/><D82/><U133/><E133/><V123/><F5/><W29/><G132/><T78/><D78/><U64/><E108/><V135/><F135/><W66/><G35/><T79/><D79/><U94/><E64/><AGARI ba="0,0" hai="1,3,37,39,64,65,89,90,96,99,116,117,121,123" machi="64" ten="25,1600,0" yaku="22,2" doraHai="120" who="2" fromWho="1" sc="191,0,143,-16,524,16,142,0" /><INIT seed="4,0,0,0,0,15" ten="191,127,540,142" oya="0" hai0="122,5,32,38,103,128,3,66,72,62,100,67,81" hai1="65,118,53,101,13,6,85,1,25,51,115,106,108" hai2="63,44,49,59,105,26,82,56,57,28,45,69,78" hai3="83,40,12,7,8,0,14,2,64,60,17,55,74"/><T98/><D122/><U36/><E118/><V52/><F105/><W133/><G133/><T4/><D128/><U94/><E108/><V46/><F69/><W110/><G110/><T71/><D67/><U58/><E36/><V9/><F9/><W99/><G40/><T119/><D119/><U97/><E115/><V41/><F46/><W91/><G55/><T130/><D130/><U86/><E1/><V29/><F45/><W93/><G74/><T127/><D127/><U34/><E106/><V42/><F42/><W89/><G89/><T129/><D129/><U11/><E34/><V22/><F29/><W123/><G83/><T24/><D103/><U68/><E68/><V43/><F43/><W88/><G91/><T20/><D38/><U96/><E65/><V70/><F70/><W48/><G48/><T80/><D3/><U116/><E116/><V21/><F21/><W87/><G99/><T47/><D47/><U135/><E135/><V16/><F28/><W134/><G134/><T73/><D81/><U112/><E112/><V84/><AGARI ba="0,0" hai="16,22,26,41,44,49,52,56,57,59,63,78,82,84" machi="84" ten="20,12000,2" yaku="0,1,7,1,8,1,52,1,54,2" doraHai="15" who="2" fromWho="2" sc="191,-60,127,-30,540,120,142,-30" /><INIT seed="5,0,0,1,4,85" ten="131,97,660,112" oya="1" hai0="134,24,0,10,97,7,1,59,70,80,117,12,11" hai1="96,118,5,48,73,51,18,38,17,102,8,92,125" hai2="110,132,53,103,33,22,113,104,69,99,31,64,55" hai3="129,123,25,126,50,41,58,86,19,91,39,115,79"/><U90/><E118/><V121/><F110/><W46/><G123/><T35/><D70/><U54/><E125/><V122/><F22/><N who="3" m="13535" /><G39/><T6/><D117/><U56/><E38/><V2/><F2/><W112/><G126/><T95/><D134/><U74/><E51/><V124/><F124/><W23/><G129/><T40/><D40/><U78/><E102/><V60/><F132/><W135/><G135/><T21/><D80/><U44/><E44/><V61/><F113/><N who="3" m="43595" /><G79/><T72/><D72/><U4/><E4/><V77/><F77/><W42/><G23/><T76/><D76/><U68/><E68/><V131/><F131/><W101/><G58/><T34/><D59/><U28/><E28/><V43/><F43/><N who="3" m="24927" /><G101/><T88/><D12/><U71/><E71/><V16/><F16/><AGARI ba="0,0" hai="0,1,6,7,10,11,16,21,24,34,35,88,95,97" machi="16" ten="30,8000,1" yaku="7,1,9,1,52,1,54,2" doraHai="85" who="0" fromWho="2" sc="131,80,97,0,660,-80,112,0" /><INIT seed="6,0,0,5,1,63" ten="211,97,580,112" oya="2" hai0="127,44,108,25,112,54,20,106,125,15,117,70,43" hai1="89,126,33,56,6,134,101,22,96,91,39,52,85" hai2="118,80,13,92,11,1,62,104,9,27,41,31,88" hai3="2,102,75,109,14,69,103,81,58,124,77,0,79"/><V82/><F104/><W78/><G69/><T65/><D108/><U51/><E33/><V107/><F107/><W67/><G109/><T60/><D112/><U110/><E110/><V53/><F118/><W28/><G124/><N who="0" m="47691" /><D106/><U128/><E126/><V132/><F132/><W3/><G28/><T105/><D105/><U72/><E134/><V84/><F1/><W37/><G37/><T49/><D15/><U29/><E72/><V42/><F53/><W129/><G129/><T26/><D117/><U21/><E39/><V48/><F62/><W38/><G38/><N who="0" m="21623" /><D20/><U71/><E128/><V35/><F11/><W76/><G14/><T111/><D111/><U57/><E6/><V34/><F34/><W40/><G40/><T121/><D121/><U5/><E5/><V83/><REACH who="2" step="1"/><F48/><REACH who="2" ten="211,97,570,112" step="2"/><W135/><G135/><T98/><D49/><U4/><E51/><V74/><F74/><W32/><G32/><T68/><D54/><U64/><E52/><V17/><AGARI ba="0,1" hai="9,13,17,27,31,35,41,42,80,82,83,84,88,92" machi="17" ten="30,6000,0" yaku="1,1,0,1,54,1,53,0" doraHai="63" doraHaiUra="16" who="2" fromWho="2" sc="211,-20,97,-20,570,70,112,-20" /><INIT seed="6,1,0,5,4,129" ten="191,77,640,92" oya="2" hai0="39,114,112,77,120,132,92,8,50,99,31,117,62" hai1="71,20,59,67,22,63,7,91,24,29,40,10,75" hai2="35,49,100,94,44,68,58,79,73,115,111,72,16" hai3="69,98,41,23,90,127,83,45,65,93,55,95,124"/><V101/><F68/><W87/><G65/><T78/><D39/><U64/><E75/><V51/><F35/><W110/><G69/><T34/><D120/><U104/><E104/><V47/><F115/><N who="0" m="44074" /><D132/><U18/><E40/><V130/><F130/><W102/><G110/><T27/><D117/><U33/><E71/><V56/><F94/><W14/><G55/><T134/><D134/><U84/><E67/><V122/><F79/><W21/><G83/><T82/><D62/><U80/><REACH who="1" step="1"/><E18/><REACH who="1" ten="191,67,640,92" step="2"/><V86/><F16/><W123/><G123/><T106/><D106/><U66/><E66/><V26/><F122/><W0/><G0/><AGARI ba="1,1" hai="0,7,10,20,22,24,29,33,59,63,64,80,84,91" machi="0" ten="30,3900,0" yaku="1,1,7,1,53,1" doraHai="129" doraHaiUra="4" who="1" fromWho="3" sc="191,0,67,52,640,0,92,-42" /><INIT seed="7,0,0,5,0,51" ten="191,119,640,50" oya="3" hai0="114,60,28,106,27,94,117,95,121,89,116,133,78" hai1="108,69,80,90,5,0,53,120,96,84,82,83,86" hai2="17,45,77,88,33,40,87,76,50,12,132,92,70" hai3="91,97,26,10,39,67,11,72,109,22,123,124,98"/><W93/><G123/><T8/><D121/><U129/><E108/><V130/><F70/><W65/><G72/><T31/><D106/><U125/><E120/><V99/><F33/><W135/><G39/><T126/><D126/><U56/><E69/><V112/><F112/><W13/><G135/><T46/><D133/><U75/><E129/><V127/><F127/><W19/><G124/><T58/><D114/><U21/><E125/><V134/><F130/><W118/><G118/><T29/><D78/><U107/><E0/><V73/><F73/><W122/><G122/><T15/><D46/><U102/><E5/><V85/><F134/><W7/><G109/><T110/><D110/><U119/><E119/><V18/><F18/><W20/><G98/><T113/><D113/><U59/><E59/><V115/><F115/><W64/><REACH who="3" step="1"/><G7/><REACH who="3" ten="191,119,640,40" step="2"/><T100/><D116/><U41/><E75/><V103/><F132/><W36/><G36/><T35/><D117/><U2/><E96/><V44/><F87/><W3/><G3/><T66/><D100/><U42/><E2/><V4/><F4/><W101/><G101/><T23/><D35/><U63/><E102/><V38/><F103/><W37/><G37/><T30/><D89/><U131/><E131/><V32/><F99/><W49/><G49/><T81/><D81/><U68/><E86/><V24/><F38/><W9/><G9/><T14/><D8/><U55/><E84/><V48/><F88/><W52/><G52/><T25/><D94/><U104/><E90/><V43/><F92/><W74/><G74/><T57/><D95/><RYUUKYOKU ba="0,1" sc="191,-10,119,-10,640,-10,40,30" hai3="10,11,13,19,20,22,26,64,65,67,91,93,97" /><INIT seed="7,1,1,2,0,48" ten="181,109,630,70" oya="3" hai0="27,32,33,81,24,133,128,36,79,17,89,66,72" hai1="4,25,64,135,49,92,31,51,76,80,70,119,71" hai2="77,62,96,23,5,68,130,2,12,73,53,47,94" hai3="101,46,105,82,63,65,3,26,108,21,34,19,91"/><W52/><G108/><T58/><D36/><U16/><E4/><V111/><F111/><W129/><G129/><T45/><D128/><U114/><E114/><V15/><F130/><W127/><G127/><T90/><D45/><U41/><E135/><V14/><F73/><W125/><G125/><T55/><D66/><U44/><E119/><V43/><F77/><W132/><G3/><T95/><D90/><U109/><E109/><V10/><F23/><W74/><G132/><T100/><D100/><U37/><E92/><V98/><F94/><W75/><G34/><T54/><D54/><U88/><E88/><V116/><F116/><W67/><G67/><T28/><D17/><U124/><E124/><V42/><F42/><W131/><G131/><T56/><D133/><U122/><E122/><V57/><REACH who="2" step="1"/><F68/><REACH who="2" ten="181,109,620,70" step="2"/><W121/><G121/><T134/><D134/><U20/><E76/><V93/><F93/><W106/><G75/><T11/><D95/><U126/><E20/><V1/><F1/><W60/><G74/><T120/><D72/><U38/><E71/><V85/><F85/><N who="3" m="50615" /><G101/><T59/><D120/><U78/><E70/><V99/><F99/><W84/><G84/><T50/><D79/><U18/><E78/><V29/><F29/><W107/><G65/><T69/><D69/><U103/><E64/><V7/><F7/><W9/><G9/><T110/><D11/><U61/><E103/><V6/><F6/><W102/><G102/><T104/><D110/><U123/><E126/><V30/><F30/><W39/><G52/><T86/><D104/><U35/><E123/><RYUUKYOKU ba="1,2" sc="181,10,109,-30,620,10,70,10" hai0="24,27,28,32,33,50,55,56,58,59,81,86,89" hai2="2,5,10,12,14,15,43,47,53,57,62,96,98" hai3="19,21,26,39,46,60,63,105,106,107" /><INIT seed="7,2,2,1,1,70" ten="191,79,630,80" oya="3" hai0="75,98,106,5,52,43,131,26,85,45,102,21,72" hai1="125,132,3,40,67,126,111,63,133,54,91,122,48" hai2="23,6,86,29,79,127,56,82,32,95,115,9,129" hai3="130,11,113,31,17,47,88,103,135,13,36,57,97"/><W73/><G73/><T60/><D5/><U19/><E111/><V61/><F115/><W118/><G118/><T50/><D131/><U124/><E122/><V66/><F129/><W1/><G130/><T69/><D85/><U25/><E3/><V12/><F127/><W87/><G113/><T2/><D2/><U44/><E91/><V58/><F32/><W7/><G135/><N who="1" m="51786" /><E19/><V37/><F37/><W114/><G114/><T49/><D60/><U8/><E8/><V53/><F95/><N who="3" m="58815" /><G36/><T46/><D69/><N who="1" m="42239" /><E25/><V123/><F123/><W107/><G107/><T33/><D33/><U78/><E78/><V84/><F84/><W101/><G101/><T90/><D90/><U77/><E77/><V41/><F41/><AGARI ba="2,2" hai="40,41,44,48,54,124,125,126" m="42239,51786" machi="41" ten="40,8000,1" yaku="18,1,20,1,34,2" doraHai="70" who="1" fromWho="2" sc="191,0,79,106,630,-86,80,0" owari="191,-0.9,185,-21.5,544,64.4,80,-42.0" /></mjloggm>