<mjloggm ver="2.3"><GO type="225" lobby="0"/><UN n0="%E6%97%A5%E6%9B%9C%E6%97%A5%E3%82%88%E3%82%8A%E3%81%AE%E4%BD%BF%E8%80%85" n1="%E7%99%BD%E5%80%89%E5%AF%9B%E4%B9%8B" n2="%E7%B4%94%E6%BD%94%E3%83%94%E3%83%A9%E3%83%8B%E3%82%A2" n3="%E4%BF%BA%E3%81%A8%E5%A6%96%E5%A4%A2" dan="17,16,16,16" rate="2215.59,2156.73,2162.28,2108.54" sx="M,M,M,F"/><TAIKYOKU oya="0"/><INIT seed="0,0,0,4,4,42" ten="250,250,250,250" oya="0" hai0="51,100,134,23,120,76,113,128,84,112,41,30,96" hai1="61,56,2,4,114,131,44,110,73,13,103,108,46" hai2="26,9,16,101,126,7,72,66,50,83,32,133,58" hai3="104,117,21,127,125,35,52,68,1,27,60,64,118"/><T19/><D30/><U25/><E73/><V28/><F133/><W130/><G104/><T39/><D39/><U81/><E2/><V111/><F111/><N who="1" m="42537" /><E131/><V93/><F126/><N who="3" m="48139" /><G35/><T5/><D5/><U65/><E114/><V49/><F66/><W63/><G1/><T122/><D84/><U119/><E119/><V74/><F16/><N who="3" m="12711" /><G130/><T0/><D0/><U82/><E103/><V80/><F101/><W11/><G11/><T10/><D10/><N who="1" m="4295" /><E25/><V14/><F26/><W97/><G97/><T43/><D128/><U57/><E57/><AGARI ba="0,0" hai="52,57,60,63,64,68,117,118" m="12711,48139" machi="57" ten="30,3900,0" yaku="18,1,54,2" doraHai="42" who="3" fromWho="1" sc="250,0,250,-39,250,0,250,39" /><INIT seed="1,0,0,0,3,108" ten="250,211,250,289" oya="1" hai0="100,84,14,5,34,103,54,21,94,130,96,23,31" hai1="85,53,9,76,18,128,119,95,116,83,87,65,129" hai2="38,109,43,99,82,112,134,10,118,0,37,106,56" hai3="16,98,57,61,133,50,55,125,60,97,29,13,12"/><U32/><E32/><V115/><F109/><W8/><G133/><T102/><D130/><N who="1" m="50283" /><E65/><V66/><F118/><N who="1" m="45097" /><E53/><V127/><F134/><W4/><G125/><T48/><D34/><U79/><E18/><V52/><F127/><W33/><G33/><T24/><D84/><N who="1" m="32331" /><E9/><V40/><F82/><W6/><G29/><T88/><D5/><N who="3" m="2153" /><G13/><T131/><D131/><U72/><E95/><V93/><F106/><W105/><G105/><T92/><D92/><U45/><E45/><V47/><F66/><W89/><G61/><T120/><D120/><U73/><E83/><V81/><F81/><W86/><G60/><T36/><D36/><U41/><E41/><V25/><F25/><W117/><G117/><T39/><D39/><U51/><E51/><V63/><F10/><W123/><G8/><T91/><D94/><U110/><E110/><V26/><F26/><W122/><G122/><T74/><D48/><U22/><E22/><V111/><F0/><W11/><G123/><T44/><D54/><U28/><E28/><V7/><F7/><W46/><G46/><T58/><D44/><U30/><E30/><V77/><F111/><W17/><G17/><T49/><D49/><U101/><E101/><N who="2" m="60655" /><F43/><W113/><G11/><T67/><D67/><U19/><E19/><V75/><F37/><W15/><G16/><N who="0" m="10391" /><D103/><U70/><E70/><V68/><F68/><W35/><G35/><T71/><D102/><U124/><E124/><V114/><F77/><AGARI ba="0,0" hai="72,73,76,77,79" m="32331,45097,50283" machi="77" ten="40,12000,1" yaku="28,2,19,1,34,2" doraHai="108" who="1" fromWho="2" sc="250,0,211,120,250,-120,289,0" /><INIT seed="1,1,0,0,3,70" ten="250,331,130,289" oya="1" hai0="80,100,15,71,56,32,92,119,105,129,104,75,130" hai1="115,116,128,33,111,114,95,4,35,133,44,6,124" hai2="67,24,26,51,98,82,62,76,3,38,106,117,37" hai3="11,47,39,73,29,41,89,112,69,31,103,132,93"/><U94/><E116/><V18/><F117/><W109/><G112/><T49/><D32/><U120/><E44/><V12/><F3/><W113/><G113/><T79/><D71/><U5/><E5/><V85/><F51/><W59/><G69/><T88/><D119/><U125/><E111/><V63/><F106/><W126/><G73/><T84/><D15/><U22/><E22/><V91/><F98/><W74/><G74/><T21/><D21/><U97/><E97/><V58/><F63/><W87/><G109/><T7/><D7/><U50/><E50/><V28/><F76/><W110/><G110/><T127/><D127/><U27/><E27/><V40/><F40/><W48/><G103/><T123/><D123/><U34/><E34/><V54/><F67/><W36/><G126/><T107/><D49/><U65/><E65/><V99/><F99/><W122/><G122/><T42/><D42/><U53/><E120/><V23/><REACH who="2" step="1"/><F26/><REACH who="2" ten="250,331,120,289" step="2"/><W64/><G64/><T19/><D104/><U13/><E115/><V9/><AGARI ba="1,1" hai="9,12,18,23,24,28,37,38,54,58,62,82,85,91" machi="9" ten="20,12000,2" yaku="1,1,2,1,0,1,7,1,52,2,53,0" doraHai="70" doraHaiUra="60" who="2" fromWho="2" sc="250,-31,331,-61,120,133,289,-31" /><INIT seed="2,0,0,5,0,32" ten="219,270,253,258" oya="2" hai0="55,52,135,93,87,126,117,69,79,29,98,114,83" hai1="53,13,26,112,20,86,133,121,56,110,124,90,66" hai2="21,75,107,72,106,12,11,36,38,74,122,37,97" hai3="103,24,5,31,101,134,15,40,4,1,100,3,123"/><V115/><F115/><W113/><G123/><T57/><D114/><U43/><E112/><V59/><F122/><W35/><G113/><T14/><D69/><U47/><E121/><V9/><F59/><W81/><G134/><T96/><D135/><U109/><E66/><V76/><F76/><W99/><G40/><T22/><D126/><U84/><E124/><V44/><F44/><W102/><G81/><T60/><D117/><U39/><E133/><V54/><F54/><W111/><G111/><N who="1" m="42506" /><E13/><V6/><F21/><W42/><G42/><T0/><D0/><U28/><E90/><V132/><F132/><W127/><G127/><T80/><D80/><U33/><E33/><V118/><F118/><W120/><G120/><T77/><D77/><U30/><E30/><V78/><F78/><W18/><G5/><T61/><D93/><U45/><E45/><V108/><F108/><W131/><G4/><T85/><D85/><U16/><E28/><V130/><F130/><W89/><G89/><T70/><D70/><U48/><AGARI ba="0,0" hai="16,20,26,39,43,47,48,53,56,84,86" m="42506" machi="48" ten="30,2000,0" yaku="14,1,54,1" doraHai="32" who="1" fromWho="1" sc="219,-5,270,20,253,-10,258,-5" /><INIT seed="3,0,0,4,4,101" ten="214,290,243,253" oya="3" hai0="59,5,107,61,52,135,103,88,36,56,66,38,126" hai1="15,132,44,34,127,118,40,65,23,20,27,73,45" hai2="35,1,69,106,60,92,100,58,90,48,43,33,22" hai3="62,0,76,116,7,21,133,24,134,57,111,47,16"/><W9/><G116/><T42/><D5/><U130/><E73/><V55/><F1/><W94/><G76/><T11/><D11/><U98/><E118/><V131/><F131/><W67/><G111/><T68/><D126/><U91/><E127/><V50/><F22/><W121/><G121/><T124/><D124/><U25/><E34/><V54/><F100/><W123/><G123/><T115/><D135/><N who="3" m="51721" /><G94/><T72/><D72/><U77/><E77/><V51/><F106/><W99/><G99/><BYE who="3" /><T14/><D115/><U26/><E65/><V74/><F74/><W97/><G97/><T19/><D103/><U84/><E130/><V39/><F55/><W17/><G17/><T125/><D107/><U37/><E132/><UN n3="%E4%BF%BA%E3%81%A8%E5%A6%96%E5%A4%A2" /><V29/><F69/><W117/><G117/><T10/><D125/><U105/><E105/><V89/><F89/><W95/><G95/><T119/><D119/><U114/><E98/><V30/><F30/><W122/><G122/><T31/><D31/><U41/><E15/><V83/><F83/><W6/><G6/><T71/><D88/><U13/><E13/><V85/><F29/><W120/><G120/><T53/><D66/><U87/><E114/><V3/><F3/><W81/><G81/><T112/><D112/><U4/><E4/><V80/><F92/><W64/><G67/><T46/><REACH who="0" step="1"/><D38/><REACH who="0" ten="204,290,243,253" step="2"/><N who="1" m="21527" /><E91/><V8/><F8/><W49/><G7/><T28/><D28/><U128/><E128/><V2/><F2/><W129/><G0/><T12/><D12/><U32/><E32/><N who="2" m="12363" /><F39/><W70/><G129/><T82/><D82/><U109/><E109/><RYUUKYOKU ba="0,1" sc="204,10,290,10,243,10,253,-30" hai0="10,14,19,36,42,46,52,53,56,59,61,68,71" hai1="20,23,25,26,27,37,41,45,84,87" hai2="43,48,50,51,54,58,60,80,85,90" owari="214,-28.6,310,41.0,253,5.3,223,-17.7" /></mjloggm>