<mjloggm ver="2.3"><GO type="169" lobby="0"/><UN n0="%E3%82%80%E3%81%97%E6%AD%AF" n1="%4D%72%52%41%4D%4F" n2="%E6%89%8B%E6%8A%BC%E3%81%97%E8%BB%8A" n3="%E3%81%9A%E3%82%93%E3%81%9A%E3%82%93%E3%80%82" dan="17,16,16,17" rate="2183.57,2141.92,2082.70,2144.47" sx="M,M,M,M"/><TAIKYOKU oya="0"/><INIT seed="0,0,0,2,3,116" ten="250,250,250,250" oya="0" hai0="48,38,76,24,109,69,71,51,49,47,58,40,63" hai1="96,15,31,46,59,87,30,60,111,26,68,53,54" hai2="14,41,52,1,74,103,123,118,92,135,120,67,110" hai3="108,8,62,34,2,126,80,89,44,12,113,112,25"/><T94/><D76/><U79/><E111/><V75/><F1/><W27/><G62/><T39/><D94/><U86/><E68/><N who="0" m="26185" /><D24/><U131/><E131/><V72/><F41/><W45/><G2/><T88/><D88/><U57/><E46/><V83/><F67/><W50/><G108/><T5/><D5/><U10/><E96/><V33/><F33/><W130/><G130/><T106/><D106/><U82/><E86/><V37/><F37/><N who="0" m="13834" /><D109/><U99/><E99/><N who="2" m="59879" /><F52/><AGARI ba="0,0" hai="40,47,48,49,51,52,58,63" m="13834,26185" machi="52" ten="30,18000,2" yaku="35,5,54,1" doraHai="116" who="0" fromWho="2" sc="250,180,250,0,250,-180,250,0" /><INIT seed="0,1,0,4,4,127" ten="430,250,70,250" oya="0" hai0="97,42,65,51,102,123,113,80,117,122,16,20,130" hai1="24,48,32,39,63,100,23,37,61,112,114,7,96" hai2="47,9,93,120,111,95,119,116,110,86,77,22,38" hai3="94,72,33,55,52,74,99,124,133,98,5,35,121"/><T29/><D113/><N who="1" m="43627" /><E32/><V12/><F120/><W44/><G5/><T106/><D117/><N who="2" m="45130" /><F22/><W15/><G124/><T84/><D130/><U115/><N who="1" m="43635" /><U129/><DORA hai="125" /><E48/><V132/><F47/><W21/><G133/><T103/><D65/><U69/><E7/><V78/><F38/><N who="1" m="14345" /><E69/><V81/><F12/><W92/><G15/><T0/><D0/><U75/><E75/><V108/><F9/><W17/><G44/><T53/><D42/><U26/><E26/><V105/><F132/><W107/><G21/><T30/><D122/><U64/><E64/><V14/><F14/><W6/><G121/><T57/><D123/><U126/><E126/><V58/><F58/><W104/><REACH who="3" step="1"/><G6/><REACH who="3" ten="430,250,70,240" step="2"/><T88/><D103/><U87/><E23/><V73/><F105/><W56/><G56/><T134/><D134/><U109/><E24/><AGARI ba="1,1" hai="16,20,24,29,30,51,53,57,80,84,88,97,102,106" machi="24" ten="30,5800,0" yaku="7,1,54,2" doraHai="127,125" who="0" fromWho="1" sc="430,71,250,-61,70,0,240,0" /><INIT seed="0,2,0,2,4,26" ten="501,189,70,240" oya="0" hai0="114,11,126,62,29,94,9,43,59,67,135,68,41" hai1="42,104,107,88,111,108,117,14,85,103,40,52,53" hai2="123,76,97,5,22,101,122,132,89,102,106,39,133" hai3="44,32,65,125,93,51,79,80,121,20,28,49,120"/><T86/><D114/><U23/><E117/><V72/><F5/><W34/><G65/><T129/><D126/><U37/><E14/><V69/><F22/><W36/><G36/><T13/><D129/><U71/><E71/><V17/><F17/><W1/><G1/><T81/><D135/><N who="2" m="51786" /><F39/><W124/><G93/><T58/><D94/><U119/><E23/><V6/><F6/><W109/><G109/><N who="1" m="42058" /><E119/><V57/><F57/><W24/><G80/><T105/><D105/><U73/><E73/><V60/><F60/><W61/><G79/><T84/><D68/><U15/><E15/><V10/><F10/><W74/><G74/><T115/><D115/><U100/><E104/><V131/><F69/><W35/><G61/><T50/><D11/><U38/><E38/><V98/><F89/><W30/><G49/><T75/><D62/><U54/><E37/><V64/><F64/><W112/><G112/><T3/><D3/><U91/><E91/><V63/><F63/><W110/><G110/><T99/><D67/><U46/><E46/><V25/><F25/><N who="3" m="16423" /><G51/><T8/><D50/><U118/><E118/><V21/><F21/><N who="3" m="15631" /><G44/><T70/><D70/><U47/><E47/><V82/><F131/><W92/><G92/><AGARI ba="2,0" hai="72,76,82,92,97,98,101,102,106,122,123" m="51786" machi="92" ten="30,3900,0" yaku="20,1,34,2" doraHai="26" who="2" fromWho="3" sc="501,0,189,0,70,45,240,-45" /><INIT seed="1,0,0,1,1,109" ten="501,189,115,195" oya="1" hai0="24,6,71,131,89,120,41,103,129,27,95,30,104" hai1="123,77,84,40,107,2,44,94,124,32,59,99,17" hai2="85,86,101,108,91,113,28,121,98,8,106,31,3" hai3="47,48,97,20,119,115,63,35,60,34,81,23,79"/><U110/><E123/><V82/><F108/><W22/><G119/><T21/><D71/><U43/><E110/><V100/><F121/><W42/><G115/><T76/><D120/><U7/><E32/><V1/><F8/><W78/><G97/><T62/><D76/><U127/><E17/><V135/><F135/><W118/><G118/><T111/><D111/><U90/><E59/><V52/><F52/><W12/><G12/><T132/><D132/><U72/><E72/><V134/><F134/><W38/><G38/><T116/><D41/><U114/><E114/><V58/><F58/><W56/><G78/><T49/><D49/><U105/><E43/><V66/><F66/><W87/><REACH who="3" step="1"/><G60/><REACH who="3" ten="501,189,115,185" step="2"/><T54/><D62/><U88/><E77/><V46/><F113/><W50/><G50/><T29/><D116/><U102/><E107/><V126/><F98/><W64/><AGARI ba="0,1" hai="20,22,23,34,35,42,47,48,56,63,64,79,81,87" machi="64" ten="30,4000,0" yaku="1,1,0,1,53,1" doraHai="109" doraHaiUra="83" who="3" fromWho="3" sc="501,-10,189,-20,115,-10,185,50" /><INIT seed="2,0,0,0,1,100" ten="491,169,105,235" oya="2" hai0="48,46,79,90,76,99,118,122,64,97,35,60,45" hai1="33,14,55,113,21,68,16,44,24,73,47,80,132" hai2="96,51,120,93,54,106,74,87,41,37,9,108,88" hai3="52,58,78,67,85,25,103,6,82,135,57,66,49"/><V124/><F120/><W19/><G135/><T91/><D35/><U121/><E68/><V15/><F37/><W104/><G6/><T70/><D122/><U20/><E132/><V36/><F36/><W12/><G25/><T95/><D118/><U5/><E121/><V39/><F39/><W101/><G104/><T117/><D117/><U7/><E113/><V22/><F41/><W0/><G0/><T128/><D128/><U84/><E73/><V131/><F74/><W11/><REACH who="3" step="1"/><G67/><REACH who="3" ten="491,169,105,225" step="2"/><T116/><D116/><U69/><E7/><V8/><F131/><W115/><G115/><T110/><D110/><U31/><E5/><V30/><F124/><W43/><G43/><T42/><D46/><U10/><E44/><V111/><F30/><W107/><G107/><T83/><D45/><U32/><E32/><V119/><F119/><W29/><G29/><T62/><D64/><U123/><E123/><V127/><F127/><W72/><G72/><T102/><D42/><U63/><E47/><V23/><F111/><W2/><G2/><T89/><D83/><U56/><REACH who="1" step="1"/><E69/><REACH who="1" ten="491,159,105,225" step="2"/><V17/><F108/><W26/><G26/><T34/><D70/><U129/><E129/><V75/><F75/><W13/><G13/><T112/><D34/><U50/><E50/><V38/><F38/><W134/><G134/><T114/><D48/><U130/><E130/><V59/><REACH who="2" step="1"/><F23/><REACH who="2" ten="491,159,95,225" step="2"/><W86/><G86/><N who="0" m="52663" /><D112/><U18/><E18/><V28/><F28/><W3/><G3/><T81/><D114/><U71/><E71/><V61/><F61/><AGARI ba="0,3" hai="11,12,19,49,52,57,58,61,66,78,82,85,101,103" machi="61" ten="40,5200,0" yaku="1,1,8,1,54,1,53,0" doraHai="100" doraHaiUra="109" who="3" fromWho="2" sc="491,0,159,0,95,-52,225,82" /><INIT seed="3,0,0,5,1,63" ten="491,159,43,307" oya="3" hai0="60,105,123,51,79,85,76,65,92,131,49,77,89" hai1="57,4,56,18,14,48,29,33,86,125,119,9,113" hai2="42,8,20,88,134,38,82,97,126,96,32,110,41" hai3="95,112,46,7,44,25,102,16,84,83,114,36,68"/><W0/><G0/><T87/><D105/><U122/><E122/><V54/><F32/><W101/><G7/><T58/><D123/><U117/><E113/><V94/><F110/><W6/><G6/><T47/><D131/><U52/><E125/><V104/><F126/><W115/><G68/><T2/><D2/><U37/><E37/><V132/><F82/><W62/><G62/><T45/><D45/><U99/><E99/><V129/><F8/><W135/><G135/><T98/><REACH who="0" step="1"/><D51/><REACH who="0" ten="481,159,43,307" step="2"/><U15/><E48/><V120/><F120/><W39/><G46/><T80/><D80/><U35/><E117/><V12/><F129/><W13/><G44/><T71/><D71/><U109/><E119/><V107/><F38/><W118/><G118/><T1/><D1/><U78/><E56/><V103/><F107/><W59/><G59/><T111/><D111/><U34/><E57/><V100/><F54/><AGARI ba="0,1" hai="47,49,54,58,60,65,76,77,79,85,87,89,92,98" machi="54" ten="40,5200,0" yaku="1,1,8,1,52,1,53,0" doraHai="63" doraHaiUra="106" who="0" fromWho="2" sc="481,62,159,0,43,-52,307,0" owari="543,64.3,159,-24.1,-9,-50.9,307,10.7" /></mjloggm>