<mjloggm ver="2.3"><GO type="169" lobby="0"/><UN n0="%E8%B4%88%E4%BA%BA%E8%A9%A9%E6%96%BC%E5%A4%A2" n1="%E5%BA%84%E5%8F%B8%E5%81%A5%E5%A4%AA%E6%9C%97" n2="%73%61%6B%6F%EF%BC%A0%E6%9C%80" n3="%E3%82%82%E3%82%8D%E3%81%BF%E3%83%BC" dan="17,16,16,17" rate="2195.00,2052.45,2161.98,2136.95" sx="M,M,M,M"/><TAIKYOKU oya="0"/><INIT seed="0,0,0,1,1,18" ten="250,250,250,250" oya="0" hai0="12,104,57,37,71,44,64,28,100,134,75,46,79" hai1="96,0,112,16,25,121,73,33,122,5,107,13,129" hai2="34,97,56,51,90,55,42,106,110,99,70,4,15" hai3="60,32,58,22,66,80,118,105,48,124,120,6,115"/><T10/><D57/><U82/><E73/><V69/><F34/><W67/><G115/><T119/><D119/><U43/><E43/><V113/><F113/><W2/><G32/><T77/><D134/><U76/><E107/><V19/><F110/><W54/><G105/><T27/><D37/><U3/><E96/><V39/><F4/><W74/><G118/><T109/><D109/><U59/><E59/><V23/><F99/><W72/><G124/><T35/><D75/><U111/><E111/><V8/><F8/><W65/><G120/><T86/><D86/><U9/><E82/><V131/><F131/><W36/><G36/><T125/><D125/><U92/><E92/><V127/><F127/><W83/><G2/><N who="1" m="554" /><E76/><N who="0" m="29257" /><D12/><N who="1" m="5167" /><E129/><V91/><F91/><W135/><G74/><T84/><D10/><N who="1" m="6199" /><E112/><V94/><F106/><W101/><G72/><T93/><D93/><U117/><E117/><V24/><F15/><W1/><G83/><T108/><D84/><U102/><E102/><V116/><F116/><W126/><G101/><T7/><D108/><U88/><E88/><V52/><REACH who="2" step="1"/><F55/><REACH who="2" ten="250,250,240,250" step="2"/><W63/><G126/><T81/><D104/><U114/><E114/><V11/><F11/><W40/><G1/><T31/><D100/><U62/><E122/><V130/><F130/><W20/><G6/><T50/><D7/><U29/><E121/><V78/><F78/><W98/><G54/><T49/><D35/><U30/><E33/><V45/><AGARI ba="0,1" hai="19,23,24,39,42,45,51,52,56,69,70,90,94,97" machi="45" ten="30,8000,1" yaku="1,1,0,1,52,1,54,1,53,1" doraHai="18" doraHaiUra="85" who="2" fromWho="2" sc="250,-40,250,-20,240,90,250,-20" /><INIT seed="1,0,0,4,4,104" ten="210,230,330,230" oya="1" hai0="6,68,62,41,80,33,79,120,25,124,54,134,131" hai1="58,56,11,43,48,121,119,55,19,13,67,27,109" hai2="65,98,8,106,39,100,108,103,69,46,93,61,133" hai3="26,111,87,110,73,90,35,118,9,53,96,50,59"/><U30/><E119/><V37/><F108/><N who="3" m="41515" /><G118/><T86/><D124/><U15/><E109/><V101/><F133/><W20/><G9/><T63/><D134/><U82/><E121/><V66/><F66/><W34/><G96/><T127/><D127/><U77/><E43/><V92/><F106/><W129/><G129/><T130/><D41/><U88/><E15/><V14/><F46/><W4/><G4/><T17/><D120/><U51/><E88/><V16/><REACH who="2" step="1"/><F93/><REACH who="2" ten="210,230,320,230" step="2"/><N who="3" m="54495" /><G73/><T29/><D131/><U7/><E67/><V36/><AGARI ba="0,1" hai="8,14,16,36,37,39,61,65,69,92,98,100,101,103" machi="36" ten="30,4000,0" yaku="1,1,0,1,54,1,53,0" doraHai="104" doraHaiUra="115" who="2" fromWho="2" sc="210,-10,230,-20,320,50,230,-10" /><INIT seed="2,0,0,4,2,4" ten="200,210,370,220" oya="2" hai0="135,41,121,19,56,29,30,62,104,110,107,63,133" hai1="130,83,119,109,65,53,32,81,114,34,52,46,12" hai2="118,129,95,113,1,126,50,124,72,120,94,91,67" hai3="51,58,24,40,86,117,47,6,15,64,71,57,20"/><V76/><F1/><W106/><G117/><T48/><D121/><U70/><E119/><V17/><F67/><W9/><G106/><N who="0" m="40491" /><D19/><U87/><E114/><V93/><F17/><W31/><G71/><T80/><D80/><U105/><E105/><V89/><F50/><W82/><REACH who="3" step="1"/><G64/><REACH who="3" ten="200,210,370,210" step="2"/><T103/><D133/><U96/><E65/><V108/><F118/><W3/><G3/><T111/><D135/><U7/><E70/><V49/><F108/><W61/><G61/><T0/><D0/><U123/><E109/><V112/><F120/><W37/><G37/><T74/><D63/><U18/><E123/><V27/><F49/><W11/><G11/><T28/><D62/><U44/><E130/><V100/><F129/><W84/><G84/><T33/><D110/><U2/><E96/><V69/><F69/><W98/><G98/><T92/><D111/><U68/><E68/><V97/><F113/><W131/><G131/><T54/><D74/><U45/><E2/><V42/><F112/><W75/><G75/><T39/><D39/><U38/><E38/><V128/><F128/><W73/><G73/><T5/><D48/><U116/><E116/><V60/><F60/><W16/><G16/><T127/><D30/><U125/><E7/><V78/><F72/><W36/><G36/><T79/><D29/><U26/><E87/><V21/><F97/><W132/><G132/><T43/><D28/><U101/><E32/><V99/><F99/><W35/><G35/><T115/><D33/><U85/><E34/><V59/><F100/><W77/><AGARI ba="0,1" hai="6,9,15,20,24,31,40,47,51,57,58,77,82,86" machi="77" ten="20,12000,2" yaku="1,1,0,1,7,1,25,2,8,1,52,1,53,0" doraHai="4" doraHaiUra="13" who="3" fromWho="3" sc="200,-30,210,-30,370,-60,210,130" /><INIT seed="3,0,0,3,5,32" ten="170,180,310,340" oya="3" hai0="107,95,30,42,80,65,61,63,85,29,81,122,83" hai1="5,84,23,38,15,37,76,52,91,113,8,97,2" hai2="101,46,87,9,26,48,67,88,119,92,105,78,74" hai3="110,90,73,20,35,129,55,19,121,58,106,21,68"/><W56/><G35/><T28/><D107/><U70/><E113/><V50/><F119/><W124/><G121/><T60/><D122/><U132/><E70/><V120/><F120/><W104/><G68/><T11/><D42/><U77/><E132/><V135/><F135/><W86/><G73/><T71/><D11/><U126/><E126/><V16/><F67/><W18/><G129/><T94/><D71/><U17/><E97/><N who="2" m="61615" /><F46/><W112/><G112/><T49/><D65/><U40/><E40/><V43/><F43/><W130/><G130/><T69/><D69/><U53/><E38/><V99/><F99/><W0/><G124/><T116/><D116/><U33/><E33/><V59/><F59/><W1/><G86/><T109/><D109/><U41/><E41/><V39/><F39/><W125/><G125/><T133/><D133/><U13/><E37/><V115/><F115/><W134/><G134/><T123/><D123/><U118/><E118/><V24/><F24/><W89/><REACH who="3" step="1"/><G55/><REACH who="3" ten="170,180,310,330" step="2"/><T96/><D85/><U103/><E53/><V57/><F74/><W127/><G127/><T25/><D96/><U54/><E54/><V62/><F78/><W12/><G12/><T66/><D66/><U36/><E36/><V128/><F128/><W114/><G114/><T47/><D25/><U44/><E15/><N who="2" m="7279" /><F26/><W34/><G34/><T93/><D47/><U10/><E44/><V14/><F14/><W7/><G7/><T102/><D102/><U79/><E52/><N who="2" m="34087" /><F48/><AGARI ba="0,1" hai="28,29,30,48,49,60,61,63,80,81,83,93,94,95" machi="48" ten="50,32000,5" yakuman="41" doraHai="32" who="0" fromWho="2" sc="170,330,180,0,310,-320,330,0" owari="500,60.0,180,-22.0,-10,-51.0,330,13.0" /></mjloggm>