<mjloggm ver="2.3"><GO type="169" lobby="0"/><UN n0="%E5%AE%88%E6%9D%91%E6%A1%9C%E5%BC%A5" n1="%70%6F%6E%2D%65%6E" n2="%E5%90%83%E8%B2%A8%E5%B0%8F%E5%8C%97%E5%8C%97" n3="%41%72%69%61" dan="17,16,18,16" rate="2161.81,2117.13,2294.68,2150.12" sx="M,F,M,F"/><TAIKYOKU oya="0"/><INIT seed="0,0,0,4,4,57" ten="250,250,250,250" oya="0" hai0="124,13,132,76,56,7,80,108,100,49,40,37,54" hai1="21,12,63,133,82,129,126,74,113,62,89,98,123" hai2="10,134,3,127,73,27,32,91,116,66,84,65,96" hai3="4,111,122,2,112,29,105,41,69,88,130,87,95"/><T30/><D124/><U53/><E123/><V118/><F73/><W39/><G112/><T24/><D132/><U110/><E110/><V14/><F3/><W58/><G69/><T83/><D108/><U8/><E126/><V28/><F96/><W93/><G111/><T18/><D7/><U26/><E133/><V119/><F134/><W120/><G105/><T36/><D40/><U34/><E34/><V51/><F51/><W109/><G109/><T86/><D100/><U64/><E64/><V135/><F127/><W94/><G130/><T125/><D125/><U1/><E1/><V45/><F45/><N who="3" m="23743" /><G29/><T16/><D83/><U68/><E68/><V15/><F15/><W97/><G97/><T61/><D49/><U70/><E70/><V33/><F33/><W42/><G42/><T23/><REACH who="0" step="1"/><D18/><REACH who="0" ten="240,250,250,250" step="2"/><U81/><E81/><N who="2" m="49551" /><F135/><W22/><G4/><AGARI ba="0,1" hai="4,10,14,27,28,32,65,66,116,118,119" m="49551" machi="4" ten="30,1000,0" yaku="12,1" doraHai="57" who="2" fromWho="3" sc="240,0,250,0,250,20,250,-10" /><INIT seed="1,0,0,1,2,128" ten="240,250,270,240" oya="1" hai0="79,116,108,46,75,113,130,59,86,97,64,76,48" hai1="50,17,9,42,125,3,77,37,21,10,30,94,0" hai2="99,8,16,58,135,127,104,7,4,126,6,23,119" hai3="100,38,43,74,82,57,92,41,118,103,55,117,111"/><U65/><E125/><N who="2" m="47627" /><F119/><N who="3" m="45579" /><G111/><T122/><D113/><U26/><E37/><V121/><F121/><W11/><G11/><T61/><D116/><U25/><E65/><V124/><N who="2" m="47635" /><V134/><DORA hai="84" /><F8/><W80/><G74/><T60/><D75/><U133/><E77/><V34/><F34/><W1/><G1/><T40/><D108/><U54/><E42/><N who="3" m="15882" /><G38/><T47/><D130/><U18/><E9/><V12/><F58/><W24/><G24/><T5/><D5/><U45/><E94/><V44/><F44/><W106/><G106/><T63/><D122/><U71/><E71/><V114/><F114/><W49/><G92/><T15/><D47/><U96/><E96/><V72/><F72/><W78/><G78/><T66/><D66/><U91/><E10/><V102/><AGARI ba="0,0" hai="4,6,7,12,16,23,99,102,104,134,135" m="47635" machi="102" ten="50,8000,1" yaku="18,1,52,2,54,1" doraHai="128,84" who="2" fromWho="2" sc="240,-20,250,-40,270,80,240,-20" /><INIT seed="2,0,0,5,2,75" ten="220,210,350,220" oya="2" hai0="6,86,134,34,126,83,80,65,31,62,116,51,114" hai1="49,59,111,124,122,82,54,24,10,67,129,103,18" hai2="57,132,112,52,16,108,53,11,64,8,4,37,100" hai3="30,118,104,87,61,125,121,130,9,7,38,23,96"/><V135/><F37/><W131/><G121/><T107/><D114/><U92/><E111/><V81/><F112/><W101/><G118/><T39/><D39/><U78/><E124/><V69/><F100/><W22/><G38/><T12/><D107/><U48/><E129/><N who="3" m="49162" /><G125/><T133/><D116/><U98/><E122/><V95/><F69/><W85/><G61/><T127/><D83/><U25/><E67/><V17/><F95/><W91/><G30/><T66/><D66/><U76/><E49/><V120/><F120/><W45/><G45/><T93/><D93/><U84/><REACH who="1" step="1"/><E76/><REACH who="1" ten="220,200,350,220" step="2"/><V73/><F108/><W102/><G102/><T41/><D126/><U50/><E50/><N who="2" m="30871" /><F64/><W0/><G87/><T70/><D127/><U20/><E20/><V71/><F71/><W72/><G72/><T15/><D51/><U42/><E42/><V68/><F68/><W99/><G99/><T55/><D41/><U29/><E29/><V79/><F53/><W44/><G44/><T32/><D55/><U74/><E74/><V58/><F58/><W43/><G43/><T77/><D31/><U47/><E47/><V56/><F56/><W1/><G1/><T106/><D70/><U109/><E109/><V115/><F115/><W94/><AGARI ba="0,1" hai="0,7,9,22,23,85,91,94,96,101,104" m="49162" machi="94" ten="30,1100,0" yaku="19,1" doraHai="75" who="3" fromWho="3" sc="220,-3,200,-3,350,-5,220,21" /><INIT seed="3,0,0,0,1,12" ten="217,197,345,241" oya="3" hai0="26,130,133,15,111,54,76,69,67,119,35,95,87" hai1="61,75,52,124,49,81,57,22,28,24,73,27,53" hai2="43,41,78,101,16,110,56,89,88,100,77,60,19" hai3="91,6,62,5,98,104,125,118,80,120,17,126,83"/><W13/><G118/><T123/><D119/><U93/><E124/><N who="3" m="47722" /><G120/><T97/><D111/><U37/><E37/><V31/><F31/><W82/><G62/><T68/><D123/><U30/><E93/><V38/><F38/><W44/><G44/><T29/><D133/><U58/><REACH who="1" step="1"/><E81/><REACH who="1" ten="217,187,345,241" step="2"/><V90/><F110/><W131/><G131/><T59/><D130/><U103/><E103/><N who="2" m="39499" /><F43/><W63/><G104/><T18/><D95/><U48/><E48/><V45/><F41/><W47/><G63/><T79/><D97/><U84/><E84/><V66/><F45/><W25/><G47/><T107/><D107/><U39/><E39/><V1/><F1/><W116/><G116/><T7/><D87/><U115/><E115/><V0/><F0/><W113/><G113/><T102/><D102/><U8/><E8/><V92/><F92/><N who="3" m="56607" /><G25/><T21/><D26/><U46/><E46/><V3/><F3/><W74/><G74/><T36/><D36/><U112/><E112/><V65/><F65/><W11/><AGARI ba="0,1" hai="5,6,11,13,17,80,82,83" m="56607,47722" machi="11" ten="30,3000,0" yaku="18,1,52,1" doraHai="12" who="3" fromWho="3" sc="217,-10,187,-10,345,-10,241,40" /><INIT seed="3,1,0,1,1,134" ten="207,177,335,281" oya="3" hai0="17,110,87,93,48,99,62,124,45,122,92,123,91" hai1="85,43,20,95,67,72,79,107,98,47,105,82,33" hai2="34,10,109,90,71,29,100,42,126,36,97,26,127" hai3="22,56,8,115,70,113,38,78,61,68,101,130,19"/><W9/><G38/><T46/><D110/><U28/><E33/><V15/><F109/><W32/><G32/><T77/><D123/><U120/><E120/><V63/><F90/><W50/><G78/><T69/><D122/><U76/><E67/><N who="2" m="41471" /><F42/><W135/><G101/><T66/><D17/><U94/><E28/><V128/><F36/><W104/><G104/><T116/><D116/><U25/><E76/><V49/><F49/><W80/><G80/><T23/><D23/><U114/><E114/><V112/><F128/><W53/><G130/><T14/><D14/><U88/><E20/><V108/><F112/><W37/><G37/><T73/><D73/><U6/><E6/><V129/><F129/><W102/><G102/><T44/><D77/><U119/><E25/><V83/><F83/><W133/><G115/><T21/><D21/><U75/><E119/><V65/><F65/><N who="3" m="41007" /><G70/><T57/><D69/><U118/><E118/><V81/><F81/><W27/><G113/><T54/><D48/><U52/><E52/><V5/><F108/><W121/><G121/><T13/><D54/><U96/><E72/><V35/><F35/><W41/><G41/><T39/><D39/><N who="1" m="22015" /><E75/><V40/><F40/><W103/><G103/><N who="0" m="60903" /><D13/><U18/><E107/><AGARI ba="1,0" hai="5,10,15,26,29,34,97,100,107,126,127" m="41471" machi="107" ten="30,3900,0" yaku="25,1,52,2" doraHai="134" who="2" fromWho="1" sc="207,0,177,-42,335,42,281,0" /><INIT seed="4,0,0,4,3,90" ten="207,135,377,281" oya="0" hai0="28,94,122,87,89,97,101,4,113,68,40,71,75" hai1="107,135,51,108,19,126,14,65,116,9,43,10,57" hai2="3,110,13,109,123,41,91,102,12,15,39,120,92" hai3="16,25,69,52,62,84,42,99,83,80,118,119,56"/><T105/><D122/><U47/><E108/><V44/><F3/><W35/><G42/><T64/><D113/><U121/><E116/><V33/><F33/><W66/><G83/><T11/><D28/><U61/><E121/><V86/><F120/><W128/><G128/><T100/><D40/><U37/><E135/><V111/><F123/><W20/><G35/><T22/><D22/><U115/><E126/><V77/><F77/><W81/><G81/><T21/><D21/><U112/><E107/><V98/><REACH who="2" step="1"/><F110/><REACH who="2" ten="207,135,367,281" step="2"/><W93/><G69/><T127/><D127/><U132/><E132/><V32/><F32/><W133/><G133/><T50/><D71/><U85/><E115/><V131/><F131/><W27/><G119/><T95/><D75/><U74/><E74/><V63/><F63/><W73/><G73/><T23/><D68/><U45/><E112/><V125/><F125/><W36/><G118/><T2/><D2/><U96/><E61/><V76/><F76/><N who="3" m="46087" /><G36/><T67/><D105/><AGARI ba="0,1" hai="12,13,15,39,41,44,86,91,92,98,102,105,109,111" machi="105" ten="40,2600,0" yaku="1,1,52,1,53,0" doraHai="90" doraHaiUra="104" who="2" fromWho="0" sc="207,-26,135,0,367,36,281,0" /><INIT seed="5,0,0,0,0,91" ten="181,135,403,281" oya="1" hai0="29,127,94,106,109,102,129,14,67,116,9,55,39" hai1="50,40,104,99,71,56,131,72,68,60,7,18,117" hai2="28,44,125,24,78,100,48,93,10,120,51,58,12" hai3="112,89,118,49,80,64,13,90,88,4,111,43,84"/><U119/><E72/><V0/><F0/><W45/><G111/><T16/><D116/><N who="1" m="44619" /><E18/><V86/><F125/><W81/><G112/><T52/><D109/><U128/><E99/><V30/><F120/><W38/><G118/><T115/><D115/><U57/><E7/><V76/><F58/><N who="1" m="22633" /><E104/><V101/><F48/><W27/><G64/><T41/><D129/><N who="1" m="49739" /><E60/><V135/><F100/><W73/><G27/><T113/><D106/><U75/><E75/><V22/><F30/><W33/><G33/><T53/><D113/><U61/><E61/><V103/><F101/><W47/><G4/><T79/><D29/><U46/><AGARI ba="0,0" hai="40,46,50,68,71" m="49739,22633,44619" machi="46" ten="40,7800,0" yaku="19,1,34,2" doraHai="91" who="1" fromWho="1" sc="181,-26,135,78,403,-26,281,-26" /><INIT seed="5,1,0,5,3,50" ten="155,213,377,255" oya="1" hai0="55,78,111,45,13,99,7,103,68,29,12,20,117" hai1="107,37,112,84,11,88,54,18,93,32,80,44,14" hai2="97,72,51,91,125,10,1,65,2,64,47,77,31" hai3="128,79,53,127,118,123,115,129,24,46,4,105,62"/><U75/><E112/><V134/><F72/><W36/><G105/><T40/><D111/><U116/><E116/><V106/><F77/><W5/><G79/><T124/><D117/><U71/><E71/><V85/><F134/><W94/><G118/><T67/><D124/><U122/><E122/><V108/><F108/><W81/><G81/><T0/><D78/><U30/><E107/><V16/><F31/><W126/><G94/><T121/><D121/><U63/><E75/><V76/><F125/><N who="3" m="47627" /><G123/><T39/><D0/><U119/><E119/><V101/><F1/><W113/><G24/><T15/><D7/><U89/><E37/><V52/><F76/><W102/><G102/><T90/><D90/><U114/><E114/><N who="3" m="43530" /><G36/><T23/><D29/><U109/><E109/><V133/><F133/><W6/><G46/><T25/><D25/><U48/><E63/><V100/><F101/><W104/><G104/><T38/><D38/><U43/><E30/><V70/><F2/><W17/><G17/><T98/><D103/><U56/><E32/><V19/><F19/><W130/><G62/><T21/><D99/><N who="1" m="57767" /><E43/><V27/><F27/><W42/><G42/><T22/><D98/><U41/><E41/><V57/><F47/><AGARI ba="1,0" hai="11,14,18,44,47,48,54,56,80,84,89" m="57767" machi="47" ten="30,5800,0" yaku="8,1,52,1,54,1" doraHai="50" who="1" fromWho="2" sc="155,0,213,61,377,-61,255,0" /><INIT seed="5,2,0,1,4,132" ten="155,274,316,255" oya="1" hai0="30,98,64,75,1,90,23,135,134,29,55,127,54" hai1="113,78,21,130,94,71,125,57,118,111,34,79,4" hai2="128,67,16,124,83,117,120,129,109,133,91,68,85" hai3="38,97,8,76,61,99,102,88,115,103,93,58,92"/><U37/><E34/><V46/><F109/><W27/><G38/><T60/><D1/><U25/><E71/><V105/><F105/><W77/><G115/><T114/><D75/><U73/><E37/><V96/><F117/><W11/><G27/><T108/><D108/><U45/><E111/><V20/><F120/><W81/><G88/><T72/><D72/><U122/><E122/><V15/><F133/><N who="0" m="50698" /><D114/><U52/><E118/><V131/><F46/><W104/><G104/><T123/><D123/><U42/><E73/><V2/><F2/><W95/><G95/><N who="0" m="56695" /><D23/><U24/><E113/><V100/><F67/><W84/><REACH who="3" step="1"/><G77/><REACH who="3" ten="155,274,316,245" step="2"/><T28/><D127/><U14/><E125/><V3/><F124/><W13/><G13/><T126/><D126/><U63/><E14/><V41/><F3/><W44/><G44/><T51/><D51/><U49/><E49/><V31/><F15/><W116/><G116/><T17/><D17/><U66/><E45/><V40/><F16/><W18/><G18/><T101/><D101/><U107/><E78/><V0/><F0/><W39/><G39/><T7/><D7/><U32/><E4/><V35/><F100/><W62/><G62/><T70/><AGARI ba="2,1" hai="28,29,30,54,55,60,64,70" m="56695,50698" machi="70" ten="30,1100,0" yaku="20,1" doraHai="132" who="0" fromWho="0" sc="155,27,274,-7,316,-5,245,-5" /><INIT seed="6,0,0,2,3,92" ten="182,267,311,240" oya="2" hai0="125,124,127,45,93,53,75,14,119,91,97,130,40" hai1="19,35,98,135,128,6,72,111,76,116,104,21,134" hai2="8,102,39,1,64,123,101,26,95,118,132,52,78" hai3="68,42,117,106,131,87,66,110,67,3,29,22,80"/><V0/><F39/><W34/><G110/><T83/><D130/><U4/><E35/><V50/><F118/><W41/><G117/><T31/><D119/><U115/><E128/><V107/><F123/><W2/><G34/><T7/><D31/><U57/><E111/><V28/><F64/><W54/><G106/><T112/><D112/><U120/><E115/><V82/><F107/><W62/><G131/><T108/><D108/><U51/><E116/><V30/><F30/><W61/><G54/><T114/><D53/><N who="1" m="31935" /><E76/><V90/><F132/><N who="1" m="50729" /><E72/><V37/><F37/><W84/><G29/><T33/><D33/><U46/><E46/><V47/><F8/><W85/><G22/><T32/><D32/><U99/><E120/><V38/><F38/><W12/><G80/><T56/><D114/><U20/><E20/><N who="2" m="15431" /><F0/><W17/><G2/><T96/><D56/><U65/><E65/><V49/><F49/><W23/><REACH who="3" step="1"/><G3/><REACH who="3" ten="182,267,311,230" step="2"/><T10/><D83/><U11/><E104/><V43/><F1/><W88/><G88/><T48/><REACH who="0" step="1"/><D75/><REACH who="0" ten="172,267,311,230" step="2"/><U74/><E74/><V89/><F82/><W60/><G60/><T94/><D94/><U27/><E11/><V86/><F95/><W69/><AGARI ba="0,2" hai="12,17,23,41,42,61,62,66,67,68,69,84,85,87" machi="69" ten="30,8000,1" yaku="1,1,0,1,9,1,53,2" doraHai="92" doraHaiUra="63" who="3" fromWho="3" sc="172,-20,267,-20,311,-40,230,100" /><INIT seed="7,0,0,5,1,74" ten="152,247,271,330" oya="3" hai0="97,89,96,117,62,0,55,88,76,77,27,82,47" hai1="43,71,18,28,16,20,121,7,81,45,122,109,51" hai2="12,115,66,2,112,78,37,64,113,123,72,94,101" hai3="56,42,52,103,86,1,65,87,135,44,60,84,107"/><W23/><G1/><T34/><D0/><U104/><E71/><V75/><F2/><W108/><G135/><T127/><D117/><U40/><E104/><V26/><F37/><W57/><G108/><T35/><D127/><U5/><E109/><V58/><F123/><W36/><G23/><T130/><D130/><U30/><E81/><N who="2" m="45255" /><F75/><W31/><G31/><T79/><D82/><U73/><E73/><V6/><F26/><W61/><G103/><T114/><D114/><U25/><E51/><V14/><F6/><W13/><G13/><N who="2" m="5225" /><F58/><W102/><G102/><T95/><D27/><U3/><E45/><V124/><F124/><W67/><G52/><T15/><D15/><U70/><E3/><V85/><F101/><W24/><G24/><T50/><REACH who="0" step="1"/><D62/><REACH who="0" ten="142,247,271,330" step="2"/><U83/><E25/><V100/><F113/><W132/><G61/><T125/><D125/><U118/><E83/><V111/><F112/><W46/><G60/><T9/><D9/><U63/><E63/><V22/><F115/><W39/><G67/><T133/><D133/><U110/><E118/><V90/><F111/><W99/><G65/><T116/><D116/><U8/><E110/><V91/><F66/><W11/><G11/><T21/><D21/><U119/><E20/><V68/><F64/><W59/><G132/><T93/><AGARI ba="0,1" hai="34,35,47,50,55,76,77,79,88,89,93,95,96,97" machi="93" ten="30,16000,3" yaku="1,1,0,1,9,1,52,3,54,1,53,2" doraHai="74" doraHaiUra="92" who="0" fromWho="0" sc="142,170,247,-40,271,-40,330,-80" owari="312,41.2,207,-29.3,231,-16.9,250,5.0" /></mjloggm>