<mjloggm ver="2.3"><GO type="225" lobby="0"/><UN n0="%E5%82%8D%E8%8B%A5%E7%84%A1%E4%BA%BA%35%31" n1="%E7%B4%94%E6%BD%94%E3%83%94%E3%83%A9%E3%83%8B%E3%82%A2" n2="%E3%82%A4%E3%83%BC%E3%82%B1%E3%83%97%E3%83%A9" n3="%E3%81%8B%E3%82%8F%E3%81%A1%E3%82%83%E3%82%93%35%38" dan="16,16,16,16" rate="2187.54,2185.16,2107.14,2131.86" sx="M,M,M,M"/><TAIKYOKU oya="0"/><INIT seed="0,0,0,2,5,51" ten="250,250,250,250" oya="0" hai0="81,65,98,118,120,22,78,44,53,68,131,62,56" hai1="96,114,76,58,2,49,102,19,84,42,18,97,47" hai2="88,94,14,59,32,21,8,64,112,101,106,105,113" hai3="24,122,10,5,48,132,7,50,91,52,41,13,63"/><T123/><D118/><U17/><E2/><V95/><F32/><W109/><G109/><T66/><D131/><U100/><E114/><V28/><F95/><W38/><G38/><T73/><D65/><U103/><REACH who="1" step="1"/><E58/><REACH who="1" ten="250,240,250,250" step="2"/><V117/><F112/><W55/><G122/><T121/><D44/><U99/><E99/><V92/><F59/><N who="3" m="35303" /><G132/><T129/><D129/><U3/><E3/><V45/><F45/><N who="3" m="25647" /><G24/><T126/><D126/><U90/><E90/><V134/><F88/><W135/><G135/><T34/><D98/><U108/><E108/><V54/><F113/><W85/><G91/><T26/><D34/><U39/><E39/><V72/><F134/><W79/><G79/><T110/><D110/><U83/><AGARI ba="0,1" hai="17,18,19,42,47,49,76,83,84,96,97,100,102,103" machi="83" ten="40,5200,0" yaku="1,1,0,1,8,1,53,0" doraHai="51" doraHaiUra="11" who="1" fromWho="1" sc="250,-26,240,62,250,-13,250,-13" /><INIT seed="1,0,0,4,4,65" ten="224,302,237,237" oya="1" hai0="46,51,117,66,107,10,39,43,36,41,92,50,55" hai1="26,120,104,32,29,14,45,68,82,124,7,70,90" hai2="109,6,93,130,56,37,73,31,47,87,79,59,42" hai3="89,114,131,96,128,27,13,132,61,54,12,118,91"/><U69/><E120/><V97/><F109/><W127/><G114/><T62/><D107/><U80/><E124/><V48/><F130/><N who="3" m="49707" /><G127/><T67/><D92/><U21/><E104/><V17/><F73/><W84/><G132/><T77/><D77/><U116/><E116/><V3/><F31/><W44/><G118/><T94/><D94/><U78/><E90/><V11/><F37/><W57/><G96/><T85/><D85/><U119/><E119/><V58/><F17/><W115/><G115/><T49/><D10/><U113/><E113/><V20/><F20/><W4/><G4/><T111/><D111/><U35/><E80/><V38/><F79/><W102/><G102/><T52/><D67/><U60/><E45/><V18/><F18/><W19/><G89/><T75/><D75/><U40/><E40/><N who="0" m="15433" /><D117/><U125/><E125/><V100/><F87/><W64/><G44/><N who="0" m="27687" /><D50/><U63/><E7/><V22/><F22/><N who="3" m="13791" /><G64/><T122/><D122/><U5/><E5/><V101/><REACH who="2" step="1"/><F38/><REACH who="2" ten="224,302,227,237" step="2"/><W123/><G123/><T83/><D83/><AGARI ba="0,1" hai="12,13,54,57,61,83,84,91" m="13791,49707" machi="83" ten="30,1000,0" yaku="19,1" doraHai="65" who="3" fromWho="0" sc="224,-10,302,0,227,0,237,20" /><INIT seed="2,0,0,2,3,131" ten="214,302,227,257" oya="2" hai0="74,1,93,118,101,66,2,113,105,112,43,49,90" hai1="71,30,6,108,37,24,132,110,8,130,97,27,70" hai2="68,127,9,18,40,32,102,133,124,12,89,95,35" hai3="50,122,63,34,25,123,57,134,26,80,84,100,5"/><V125/><F68/><N who="1" m="26153" /><E97/><V116/><F116/><W126/><G126/><T44/><D118/><U78/><E78/><V82/><F40/><W36/><G36/><T88/><D74/><U53/><E53/><V94/><F133/><W91/><G5/><T99/><D66/><U59/><E59/><V4/><F4/><W128/><G128/><T75/><D75/><U79/><E79/><V23/><F23/><W129/><G129/><T17/><D90/><U45/><E130/><V111/><F111/><N who="1" m="42537" /><E132/><V14/><F14/><W20/><G134/><T92/><D105/><U10/><E6/><V73/><F73/><W28/><G50/><T29/><D29/><U41/><E27/><V120/><F120/><W83/><G83/><T76/><D76/><U0/><E0/><V98/><REACH who="2" step="1"/><F82/><REACH who="2" ten="214,302,217,257" step="2"/><W69/><G69/><T96/><REACH who="0" step="1"/><D17/><REACH who="0" ten="204,302,217,257" step="2"/><U119/><E119/><V135/><F135/><W81/><G122/><T56/><D56/><U61/><E30/><V107/><F107/><W117/><G123/><T15/><D15/><U31/><E31/><V33/><F33/><W115/><G117/><T121/><D121/><U3/><E3/><AGARI ba="0,2" hai="1,2,3,43,44,49,88,92,93,96,99,101,112,113" machi="3" ten="40,2600,0" yaku="1,1,54,1,53,0" doraHai="131" doraHaiUra="64" who="0" fromWho="1" sc="204,46,302,-26,217,0,257,0" /><INIT seed="3,0,0,4,4,72" ten="250,276,217,257" oya="3" hai0="3,120,53,75,23,38,35,63,133,37,0,77,19" hai1="30,69,59,74,98,116,79,60,134,27,39,124,64" hai2="107,82,15,54,126,97,44,57,70,117,115,110,105" hai3="92,6,40,28,73,8,5,113,18,16,125,34,47"/><W103/><G113/><T104/><D120/><U80/><E39/><V58/><F115/><W118/><G118/><T41/><D35/><U52/><E116/><V127/><F117/><W106/><G106/><T71/><D104/><U87/><E124/><N who="2" m="47659" /><F70/><W24/><G125/><T45/><D133/><U90/><E134/><V43/><F110/><W78/><G5/><T100/><D100/><U11/><E11/><V130/><F130/><W112/><G112/><T42/><D53/><U32/><E98/><V22/><F82/><N who="3" m="45391" /><G92/><T83/><D19/><U114/><E114/><V51/><F97/><W91/><G91/><T93/><D23/><U101/><E101/><V65/><F65/><W14/><G14/><T1/><D93/><U20/><E32/><V2/><F58/><W4/><G4/><T12/><D12/><U96/><E96/><V95/><F95/><W66/><G66/><T76/><D77/><U33/><E74/><V111/><F2/><N who="3" m="87" /><G103/><T132/><D132/><U29/><E33/><V46/><F111/><W17/><G17/><T108/><D108/><U128/><E128/><V86/><F86/><W25/><G25/><T48/><REACH who="0" step="1"/><D42/><REACH who="0" ten="240,276,217,257" step="2"/><U119/><E119/><V85/><F43/><W62/><G62/><T36/><D36/><AGARI ba="0,1" hai="16,18,24,28,34,36,40,47" m="87,45391" machi="36" ten="30,5800,0" yaku="25,1,52,1,54,1" doraHai="72" who="3" fromWho="0" sc="240,-58,276,0,217,0,257,68" owari="182,-31.8,276,7.6,217,-18.3,325,42.5" /></mjloggm>