<mjloggm ver="2.3"><GO type="169" lobby="0"/><UN n0="%E3%81%82%E3%81%BE%E3%81%82%E3%82%93" n1="%6C%61%79%65%72%38%31" n2="%6F%6B%62%6F%6B%62" n3="%64%69%76%61" dan="17,17,17,16" rate="2124.10,2163.55,2185.25,2064.70" sx="M,M,M,M"/><TAIKYOKU oya="0"/><INIT seed="0,0,0,4,3,0" ten="250,250,250,250" oya="0" hai0="53,17,48,18,88,32,116,9,67,72,1,36,30" hai1="61,19,107,123,125,86,15,7,73,82,109,74,92" hai2="99,46,39,42,110,121,70,2,69,4,98,5,115" hai3="129,71,23,25,85,84,57,47,80,28,124,112,97"/><T91/><D116/><U126/><E123/><V76/><F121/><W56/><G112/><T113/><D113/><U65/><E107/><V44/><F115/><W43/><G129/><T45/><D72/><U59/><E92/><V101/><F110/><W26/><G71/><T119/><D119/><U29/><E29/><V27/><F27/><W10/><G124/><N who="1" m="47722" /><E109/><V83/><F44/><W90/><G25/><T11/><D36/><U31/><E31/><V75/><F98/><W35/><G35/><T49/><D67/><U95/><E95/><V96/><F96/><W62/><G62/><T37/><D37/><U106/><E106/><N who="2" m="63807" /><F4/><W55/><G97/><T40/><D30/><U104/><E104/><V58/><F58/><W50/><G43/><T13/><D32/><U128/><E128/><V64/><F64/><W100/><G100/><T41/><D41/><U111/><E111/><V93/><F93/><W79/><REACH who="3" step="1"/><G10/><AGARI ba="0,0" hai="2,5,10,39,42,46,69,70,75,76,83" m="63807" machi="10" ten="30,7700,0" yaku="25,1,33,2,52,1" doraHai="0" who="2" fromWho="3" sc="250,0,250,0,250,77,250,-77" /><INIT seed="1,0,0,5,0,62" ten="250,250,327,173" oya="1" hai0="16,47,17,86,80,39,37,131,105,5,6,104,97" hai1="8,108,123,75,109,44,25,1,30,40,78,81,3" hai2="87,121,10,14,115,93,129,92,106,103,23,118,22" hai3="52,58,102,9,134,31,67,68,43,126,38,70,124"/><U18/><E123/><V21/><F121/><W125/><G102/><T53/><D131/><U35/><E18/><V33/><F118/><W7/><G134/><T112/><D112/><U48/><REACH who="1" step="1"/><E8/><REACH who="1" ten="250,240,327,173" step="2"/><V127/><F115/><W69/><G9/><T42/><D16/><U29/><E29/><V34/><F129/><W128/><G128/><T119/><D17/><U77/><E77/><V133/><F133/><W72/><G7/><T28/><D6/><U79/><E79/><V54/><F127/><W113/><G113/><T132/><D5/><U19/><E19/><V95/><F10/><W41/><G72/><T13/><D28/><U94/><E94/><V57/><F106/><W111/><G31/><T74/><D132/><U82/><E82/><V96/><F96/><W12/><G12/><T55/><D97/><U116/><E116/><V85/><F14/><W91/><G91/><T60/><D119/><U24/><E24/><V98/><F98/><W90/><G90/><T51/><D74/><U36/><E36/><V15/><F15/><W65/><G38/><T120/><D39/><U46/><E46/><V71/><F103/><W50/><G111/><AGARI ba="0,1" hai="1,3,25,30,35,40,44,48,75,78,81,108,109,111" machi="111" ten="40,7700,0" yaku="1,1,14,1,10,1,53,0" doraHai="62" doraHaiUra="100" who="1" fromWho="3" sc="250,0,240,87,327,0,173,-77" /><INIT seed="1,1,0,1,1,115" ten="250,327,327,96" oya="1" hai0="17,99,35,6,81,30,92,65,132,5,76,125,60" hai1="59,4,101,68,73,122,93,12,49,7,120,46,111" hai2="126,16,123,117,33,45,69,44,62,70,108,135,89" hai3="91,84,67,100,83,18,48,47,19,23,103,133,119"/><U56/><E68/><V26/><F123/><W79/><G133/><T43/><D132/><U112/><E112/><V72/><F135/><W27/><G119/><T0/><D125/><U105/><E105/><V134/><F134/><W1/><G1/><T97/><D43/><U130/><E73/><V113/><F113/><W22/><G67/><T85/><D35/><U114/><E114/><V131/><F108/><W21/><G79/><T128/><D128/><U20/><E130/><V106/><F72/><W82/><G82/><T78/><D30/><U42/><E111/><V13/><F131/><W37/><G37/><T127/><D127/><U28/><E122/><V38/><F106/><W95/><G95/><T107/><D0/><U51/><E120/><V63/><F126/><W11/><G11/><T64/><D107/><U15/><E101/><V31/><F38/><W110/><G110/><T3/><D3/><U75/><E75/><V74/><F74/><W87/><G87/><T66/><D60/><U40/><E93/><V86/><F117/><W52/><REACH who="3" step="1"/><G22/><REACH who="3" ten="250,327,327,86" step="2"/><T14/><D78/><U129/><E129/><V118/><F118/><W57/><G57/><T24/><D92/><U98/><E20/><V104/><F104/><W34/><G34/><T10/><D5/><U90/><E46/><V61/><F33/><W29/><G29/><T94/><D94/><U102/><E28/><V71/><F71/><W116/><G116/><T53/><D6/><U55/><E102/><V9/><F69/><W2/><G2/><T50/><D76/><U58/><E7/><V32/><F70/><RYUUKYOKU type="nm" ba="1,1" sc="250,-20,327,-40,327,80,86,-20" hai2="9,13,16,26,31,32,44,45,61,62,63,86,89" hai3="18,19,21,23,27,47,48,52,83,84,91,100,103" /><INIT seed="2,2,1,0,3,104" ten="230,287,407,66" oya="2" hai0="74,63,5,118,119,135,21,65,48,109,125,30,121" hai1="19,8,73,106,100,71,16,117,99,79,46,98,59" hai2="37,112,41,87,60,31,86,122,7,85,97,0,95" hai3="127,83,108,96,64,40,94,113,66,62,45,3,15"/><V123/><F112/><W132/><G113/><T36/><D36/><U116/><E71/><V124/><F124/><W133/><G127/><T38/><D38/><U43/><E98/><V80/><F31/><W130/><G3/><T75/><D125/><U92/><E106/><V70/><F80/><W53/><G130/><T120/><D109/><U91/><E100/><V29/><F29/><W23/><G108/><T22/><D5/><U134/><E134/><N who="3" m="51818" /><G83/><T4/><D4/><U6/><E59/><V44/><F7/><W82/><G82/><T131/><D135/><U12/><E79/><V81/><F0/><W13/><G53/><T14/><D131/><U105/><E105/><V27/><F27/><W90/><G23/><T18/><D120/><U10/><E73/><V89/><F81/><W103/><G103/><T77/><D121/><U52/><E52/><V101/><F101/><W51/><G64/><T67/><D67/><U35/><E35/><V32/><F32/><W49/><G51/><T26/><D48/><U33/><E33/><V11/><F11/><W69/><AGARI ba="2,1" hai="13,15,40,45,49,62,66,69,90,94,96" m="51818" machi="69" ten="30,1100,0" yaku="20,1" doraHai="104" who="3" fromWho="3" sc="230,-5,287,-5,407,-7,66,27" /><INIT seed="3,0,0,4,3,55" ten="225,282,400,93" oya="3" hai0="20,8,122,5,111,31,93,127,66,80,123,56,101" hai1="68,50,49,21,46,103,17,91,23,26,70,34,120" hai2="42,99,126,19,117,102,29,133,85,88,13,30,107" hai3="37,53,47,9,130,95,97,98,106,44,89,57,59"/><W11/><G130/><T108/><D66/><U32/><E120/><N who="0" m="46121" /><D56/><N who="3" m="21577" /><G106/><T77/><D127/><U84/><E103/><V114/><F126/><W105/><G105/><T86/><D31/><U28/><E50/><V16/><F114/><W33/><G33/><T58/><D58/><U92/><E34/><V87/><F117/><W67/><G67/><T35/><D20/><U132/><E132/><V7/><F133/><W22/><G37/><T43/><D43/><U25/><E32/><V131/><F131/><W36/><G36/><T73/><D35/><U0/><E0/><V62/><F62/><W27/><G53/><AGARI ba="0,0" hai="17,21,23,25,26,28,46,49,53,68,70,84,91,92" machi="53" ten="30,1000,0" yaku="7,1" doraHai="55" who="1" fromWho="3" sc="225,0,282,10,400,0,93,-10" /><INIT seed="4,0,0,1,4,93" ten="225,292,400,83" oya="0" hai0="83,109,61,126,121,133,50,91,63,69,64,128,33" hai1="16,57,59,49,0,30,95,15,44,76,117,7,54" hai2="4,2,20,71,123,72,35,85,32,96,77,94,42" hai3="73,98,62,46,17,29,89,1,43,124,5,80,52"/><T38/><D121/><U131/><E117/><V127/><F72/><W110/><G110/><T92/><D38/><U24/><E131/><V18/><F71/><W86/><G124/><T65/><D33/><U120/><E120/><V37/><F123/><W82/><G1/><T104/><D104/><U79/><E7/><V74/><F74/><W13/><G5/><T105/><D105/><U66/><E0/><V19/><F4/><W55/><G29/><T45/><D128/><U8/><E95/><V122/><F2/><W87/><G73/><T134/><D83/><U111/><E111/><V70/><F19/><W102/><G62/><T84/><D126/><U58/><REACH who="1" step="1"/><E66/><REACH who="1" ten="225,282,400,83" step="2"/><V14/><F122/><W106/><G82/><T9/><D109/><U97/><E97/><V31/><F94/><W21/><REACH who="3" step="1"/><G87/><REACH who="3" ten="225,282,400,73" step="2"/><T28/><D84/><U112/><E112/><V60/><F127/><W26/><G26/><T88/><D64/><U100/><E100/><V25/><F85/><W125/><G125/><T81/><D65/><U53/><E53/><V11/><F25/><W116/><G116/><T47/><D81/><U39/><E39/><AGARI ba="0,2" hai="13,17,21,39,43,46,52,55,80,86,89,98,102,106" machi="39" ten="30,7700,0" yaku="1,1,7,1,52,1,54,1,53,0" doraHai="93" doraHaiUra="22" who="3" fromWho="1" sc="225,0,282,-77,400,0,73,97" /><INIT seed="5,0,0,2,3,118" ten="225,205,400,170" oya="1" hai0="16,43,114,39,109,44,110,64,20,82,130,127,61" hai1="21,100,75,11,56,15,116,122,38,96,33,37,8" hai2="12,121,133,103,105,94,131,71,68,42,57,91,77" hai3="22,51,7,52,132,60,29,102,90,31,125,23,54"/><U46/><E33/><V58/><F42/><W113/><G113/><T6/><D114/><U104/><E116/><V63/><F77/><W3/><G3/><T99/><D130/><U67/><E75/><V120/><F57/><W117/><G117/><T80/><D127/><U2/><E122/><V35/><F35/><W123/><G125/><T28/><D28/><U36/><E46/><V17/><F131/><W126/><G126/><T93/><D6/><U89/><E2/><V78/><F78/><W84/><G7/><T10/><D10/><U134/><E134/><V50/><F50/><W101/><G132/><T92/><D82/><U14/><E89/><V88/><F91/><W53/><G60/><T19/><D80/><U4/><E21/><V69/><F103/><W45/><G123/><T18/><D20/><U115/><E115/><V55/><F105/><W128/><G128/><T1/><D1/><U79/><E79/><V62/><F62/><W81/><G22/><T111/><REACH who="0" step="1"/><D99/><REACH who="0" ten="215,205,400,170" step="2"/><U48/><E8/><V73/><F133/><W72/><G23/><T5/><D5/><U40/><E4/><V87/><F73/><W41/><G72/><T25/><D25/><U47/><E11/><V74/><F74/><W30/><AGARI ba="0,1" hai="29,30,31,41,45,51,52,53,54,81,84,90,101,102" machi="30" ten="30,4000,0" yaku="0,1,8,1,54,1" doraHai="118" who="3" fromWho="3" sc="215,-10,205,-20,400,-10,170,50" /><INIT seed="6,0,0,5,0,40" ten="205,185,390,220" oya="2" hai0="78,62,22,99,5,17,55,130,35,123,31,116,50" hai1="83,101,48,26,72,24,84,4,68,13,118,34,115" hai2="91,19,107,64,132,52,96,2,134,21,89,97,125" hai3="25,98,120,36,66,114,110,81,27,92,102,74,93"/><V126/><F64/><W53/><G110/><T3/><D123/><U63/><E118/><V23/><F2/><W124/><G120/><T10/><D116/><U45/><E115/><V128/><F107/><W33/><G33/><T65/><D130/><U105/><E72/><V80/><F80/><W47/><G114/><T60/><D78/><U106/><E101/><V1/><F1/><W67/><G124/><N who="2" m="47721" /><F128/><W95/><G36/><T87/><D87/><U9/><E68/><V11/><F11/><W14/><G81/><T129/><D129/><U37/><E37/><V88/><F21/><W94/><G74/><T8/><D8/><U73/><E63/><V41/><F41/><W46/><G53/><T38/><D38/><U90/><E73/><V59/><F19/><W121/><G121/><T32/><D31/><U54/><REACH who="1" step="1"/><E34/><REACH who="1" ten="205,175,390,220" step="2"/><V56/><F23/><W111/><G111/><T58/><D62/><U108/><E108/><V82/><F82/><W49/><G49/><T86/><D86/><U131/><E131/><V76/><F76/><W20/><G67/><T122/><D122/><U30/><E30/><V18/><F97/><W43/><G66/><T42/><D99/><U39/><E39/><V44/><F96/><W15/><G98/><T119/><D119/><U6/><E6/><V61/><F61/><W29/><G102/><T100/><D100/><U103/><E103/><V85/><F85/><W70/><G70/><T109/><D109/><U133/><E133/><N who="2" m="51307" /><F18/><W112/><G112/><T57/><D17/><U7/><E7/><V69/><F69/><W75/><G75/><RYUUKYOKU ba="0,1" sc="205,-15,175,15,390,15,220,-15" hai1="4,9,13,24,26,45,48,54,83,84,90,105,106" hai2="44,52,56,59,88,89,91" /><INIT seed="6,1,1,1,2,126" ten="190,190,405,205" oya="2" hai0="130,16,38,115,129,36,84,109,67,43,95,12,114" hai1="44,71,80,19,40,55,77,111,17,42,15,69,46" hai2="58,113,3,60,74,110,87,22,101,32,28,119,7" hai3="35,64,0,91,118,127,56,68,90,31,70,13,2"/><V131/><F119/><W132/><G118/><T92/><D109/><U122/><E111/><V5/><F74/><W59/><G127/><T121/><D67/><U103/><E103/><V116/><F32/><W124/><G124/><T93/><D84/><U112/><E112/><N who="0" m="43049" /><D121/><U62/><E122/><V75/><F113/><W50/><G64/><T8/><D43/><U41/><E62/><V27/><F75/><W134/><G35/><T73/><D73/><U123/><E123/><V79/><F110/><W61/><G61/><T45/><D45/><U33/><E33/><V108/><F108/><W65/><G65/><T107/><D107/><U10/><E19/><V78/><F3/><W34/><G34/><T53/><D53/><U99/><E99/><V120/><F120/><W85/><G85/><T76/><D76/><U100/><E100/><V47/><F47/><W96/><G96/><T1/><D1/><U98/><E98/><V24/><F101/><W11/><G50/><T97/><D97/><U37/><E55/><V106/><F106/><W86/><G86/><T51/><D51/><U39/><E41/><V29/><F116/><W81/><G0/><T117/><D117/><U6/><E6/><V102/><F102/><W25/><G2/><T57/><D57/><N who="3" m="22089" /><G81/><T23/><D23/><U82/><E82/><N who="2" m="47575" /><F79/><W66/><G66/><T4/><D4/><U54/><E54/><N who="2" m="33879" /><F131/><AGARI ba="1,1" hai="8,12,16,36,38,92,93,95,129,130,131" m="43049" machi="131" ten="40,12000,2" yaku="19,1,15,1,52,3,54,1" doraHai="126" who="0" fromWho="2" sc="190,133,190,0,405,-123,205,0" /><INIT seed="7,0,0,4,5,84" ten="323,190,282,205" oya="3" hai0="54,123,35,4,67,126,107,19,66,57,96,51,45" hai1="62,102,13,77,75,42,71,115,83,103,80,33,36" hai2="110,12,118,91,116,41,32,40,37,50,121,44,2" hai3="130,82,6,22,48,39,108,30,64,106,14,133,89"/><W92/><G39/><T16/><D123/><U18/><E115/><V73/><F73/><W127/><G127/><T90/><D35/><U34/><E34/><V52/><F2/><W93/><G106/><T134/><D134/><U53/><E33/><V94/><F32/><W17/><G133/><T117/><D117/><U99/><E42/><V69/><F110/><W1/><G108/><T29/><D29/><U120/><E36/><V95/><F95/><W3/><G130/><T100/><D4/><U24/><E24/><V85/><F121/><W111/><G111/><T27/><D126/><U11/><E120/><V7/><F69/><W10/><G1/><T15/><D90/><U47/><E83/><V38/><F38/><W60/><G48/><T114/><D114/><U31/><E31/><V70/><F70/><W86/><REACH who="3" step="1"/><G30/><REACH who="3" ten="323,190,282,195" step="2"/><T135/><D135/><U56/><E47/><V131/><F131/><W23/><G23/><N who="0" m="13799" /><D107/><U132/><E132/><V104/><F104/><W112/><G112/><T72/><D45/><U97/><REACH who="1" step="1"/><E71/><AGARI ba="0,1" hai="3,6,10,14,17,22,60,64,71,82,86,89,92,93" machi="71" ten="30,5800,0" yaku="1,1,7,1,52,1,53,0" doraHai="84" doraHaiUra="128" who="3" fromWho="1" sc="323,0,190,-58,282,0,195,68" /><INIT seed="7,1,0,3,1,18" ten="323,132,282,263" oya="3" hai0="124,47,17,112,34,121,7,61,78,90,87,82,119" hai1="50,60,46,116,51,23,48,128,49,94,81,38,73" hai2="95,102,135,107,28,105,79,115,126,134,29,130,14" hai3="127,4,76,19,133,30,83,69,100,44,122,118,15"/><W63/><G122/><T123/><D119/><U64/><E128/><V25/><F28/><W117/><G4/><T80/><D34/><U40/><E94/><V108/><F14/><W111/><G133/><N who="2" m="50697" /><F108/><W58/><G111/><T103/><D124/><U36/><E81/><V97/><F25/><W3/><G3/><T59/><D112/><U37/><E73/><V89/><F29/><W71/><G127/><T91/><D7/><U101/><E101/><V1/><F1/><W65/><G100/><T104/><D47/><U96/><E96/><N who="2" m="57455" /><F126/><W22/><G30/><T43/><D103/><U27/><E23/><V45/><F45/><W88/><G44/><T42/><D104/><N who="2" m="40010" /><F130/><W62/><G62/><T53/><D121/><U32/><E27/><V77/><F115/><W31/><G31/><T57/><D123/><U72/><E72/><V120/><F120/><W5/><G5/><T11/><D59/><U16/><E16/><V131/><F131/><W86/><G118/><T99/><D17/><U70/><E32/><V93/><AGARI ba="1,0" hai="77,79,93,97,102" m="40010,57455,50697" machi="93" ten="30,4000,0" yaku="20,1,34,2" doraHai="18" who="2" fromWho="2" sc="323,-11,132,-11,282,43,263,-21" owari="312,11.2,121,-37.9,325,42.5,242,-15.8" /></mjloggm>