<mjloggm ver="2.3"><GO type="169" lobby="0"/><UN n0="%6C%6E%61%69" n1="%53%68%69%72%6C%65%79" n2="%E3%81%8B%E3%81%8F%E3%82%8D%E3%82%80" n3="%E5%8B%98%E5%BC%81%E3%81%97%E3%81%A6%E3%82%88" dan="16,16,18,17" rate="2048.13,2088.85,2226.80,2230.53" sx="M,M,M,M"/><TAIKYOKU oya="0"/><INIT seed="0,0,0,2,5,102" ten="250,250,250,250" oya="0" hai0="97,25,101,84,27,117,38,14,24,28,19,135,20" hai1="90,107,130,89,81,75,109,54,68,100,5,43,11" hai2="35,87,36,58,93,12,9,16,62,1,86,3,122" hai3="96,17,8,59,104,32,15,47,113,120,125,103,91"/><T10/><D117/><U55/><E68/><V48/><F122/><W82/><G113/><T121/><D121/><U111/><E130/><V78/><F36/><W123/><G32/><T2/><D38/><U83/><E43/><V80/><F35/><W26/><G125/><T53/><D135/><U13/><E75/><V95/><F48/><W85/><G59/><T4/><D84/><U29/><E29/><V41/><F41/><W57/><G57/><T60/><D53/><U99/><E55/><V33/><F33/><W18/><G26/><T39/><D60/><U116/><E116/><V63/><F63/><W128/><G128/><T108/><D108/><N who="1" m="41547" /><E54/><V70/><F70/><W37/><G37/><T46/><D39/><U40/><E40/><V74/><F74/><W72/><G47/><T42/><D42/><U114/><E114/><V52/><REACH who="2" step="1"/><F86/><REACH who="2" ten="250,250,240,250" step="2"/><W7/><G123/><T44/><REACH who="0" step="1"/><D28/><REACH who="0" ten="240,250,240,250" step="2"/><U65/><E65/><V22/><F22/><W34/><G120/><T56/><D56/><U132/><E132/><V124/><F124/><W73/><G34/><T0/><D0/><AGARI ba="0,2" hai="0,1,3,9,12,16,52,58,62,78,80,87,93,95" machi="0" ten="40,8000,1" yaku="1,1,54,2,53,2" doraHai="102" doraHaiUra="88" who="2" fromWho="0" sc="240,-80,250,0,240,100,250,0" /><INIT seed="1,0,0,0,3,104" ten="160,250,340,250" oya="1" hai0="19,32,93,84,102,121,31,89,3,126,71,78,101" hai1="18,12,73,63,64,9,122,98,44,83,45,62,77" hai2="47,1,39,34,112,15,60,53,61,81,21,20,48" hai3="49,72,29,14,65,56,51,4,134,119,0,67,107"/><U128/><E128/><V25/><F1/><W16/><G107/><T109/><D71/><U40/><E122/><V130/><F39/><W114/><G114/><T36/><D36/><U23/><E98/><V59/><F112/><W41/><G0/><T110/><D3/><U27/><E40/><V113/><F113/><W99/><G4/><T135/><D19/><U96/><E96/><V37/><F130/><W7/><G7/><T131/><D31/><U117/><E117/><V86/><F37/><W116/><G29/><T35/><D35/><U94/><E94/><V46/><F34/><W43/><G99/><N who="0" m="57775" /><D32/><U2/><E2/><V74/><F74/><W50/><G134/><T79/><D131/><U42/><E42/><V82/><F82/><W8/><G72/><T105/><D135/><U76/><E76/><N who="0" m="29225" /><D126/><U95/><E95/><V80/><F80/><W97/><G97/><T55/><D55/><U38/><E38/><V108/><F81/><W85/><G43/><T115/><D115/><U30/><REACH who="1" step="1"/><E62/><REACH who="1" ten="160,240,340,250" step="2"/><V66/><F61/><W52/><G41/><T129/><D129/><U111/><E111/><N who="0" m="42505" /><D121/><U132/><E132/><V17/><F108/><W57/><G85/><T75/><D84/><U90/><E90/><V68/><F86/><W33/><G119/><T10/><D75/><U22/><E22/><V24/><F21/><W6/><G116/><T69/><D105/><U88/><E88/><V28/><F28/><W54/><G33/><T106/><D106/><U103/><E103/><N who="0" m="39433" /><D10/><U133/><E133/><V118/><F118/><W124/><G124/><T127/><D127/><RYUUKYOKU ba="0,1" sc="160,10,240,10,340,10,250,-30" hai0="69" hai1="9,12,18,23,27,30,44,45,63,64,73,77,83" hai2="15,17,20,24,25,46,47,48,53,59,60,66,68" /><INIT seed="1,1,1,3,1,52" ten="170,250,350,220" oya="1" hai0="62,112,31,105,38,60,89,75,8,0,56,81,59" hai1="107,25,82,48,34,47,11,43,128,123,44,5,96" hai2="113,109,27,104,20,98,124,15,6,17,83,120,71" hai3="88,132,68,118,16,70,46,37,111,94,78,131,30"/><U72/><E123/><V42/><F71/><W99/><G30/><T87/><D112/><U14/><E128/><V24/><F120/><W53/><G131/><T92/><D105/><U49/><E34/><V57/><F113/><W90/><G111/><T129/><D129/><U100/><E25/><V65/><F42/><W12/><G132/><T9/><D38/><U33/><E33/><V106/><F124/><W3/><G3/><T67/><D0/><U10/><E10/><N who="0" m="4201" /><D75/><U23/><E23/><V133/><F133/><W19/><G118/><T22/><D22/><U69/><E69/><V135/><F6/><W39/><G78/><T127/><D127/><U1/><E1/><V122/><F106/><W85/><G70/><T63/><D31/><U66/><E66/><V41/><F104/><W86/><G68/><T114/><D114/><U73/><REACH who="1" step="1"/><E82/><REACH who="1" ten="170,240,350,220" step="2"/><V125/><F83/><N who="3" m="49215" /><G12/><T116/><D116/><U13/><E13/><V64/><F15/><W117/><G117/><T101/><D67/><U54/><AGARI ba="1,2" hai="5,11,14,43,44,47,48,49,54,72,73,96,100,107" machi="54" ten="20,3900,0" yaku="1,1,0,1,7,1,53,0" doraHai="52" doraHaiUra="74" who="1" fromWho="1" sc="170,-14,240,62,350,-14,220,-14" /><INIT seed="1,2,0,2,5,69" ten="156,302,336,206" oya="1" hai0="14,117,94,15,105,57,98,89,48,10,133,120,8" hai1="119,47,22,91,40,85,127,108,21,52,20,32,59" hai2="9,135,27,103,66,106,31,97,84,100,1,41,26" hai3="11,72,25,56,19,107,53,38,111,81,125,0,4"/><U93/><E119/><V79/><F135/><W24/><G107/><T28/><D117/><U63/><E127/><V110/><F110/><W77/><G111/><T115/><D115/><U78/><E108/><V2/><F66/><W82/><G125/><T37/><D133/><U29/><E32/><V123/><F123/><W95/><G95/><T16/><D28/><U12/><E78/><V60/><F60/><W132/><G132/><T92/><D120/><U18/><REACH who="1" step="1"/><E29/><REACH who="1" ten="156,292,336,206" step="2"/><V65/><F79/><W35/><G35/><T128/><D128/><U6/><E6/><V54/><F31/><W17/><G17/><T62/><D16/><U122/><E122/><V126/><F126/><W39/><G19/><T23/><D8/><U121/><E121/><V134/><F9/><W45/><G11/><T68/><D10/><U64/><E64/><V109/><F65/><W104/><G4/><T96/><D23/><U7/><E7/><V116/><F109/><W44/><G0/><T46/><D14/><U61/><E61/><V90/><F134/><W67/><G67/><T80/><D15/><U101/><E101/><V83/><F116/><W70/><G77/><T74/><D62/><U114/><E114/><V124/><F124/><W129/><G129/><T58/><D68/><U49/><AGARI ba="2,1" hai="12,18,20,21,22,40,47,49,52,59,63,85,91,93" machi="49" ten="20,18000,2" yaku="1,1,0,1,7,1,8,1,54,1,53,1" doraHai="69" doraHaiUra="43" who="1" fromWho="1" sc="156,-62,292,196,336,-62,206,-62" /><INIT seed="1,3,0,2,4,52" ten="94,488,274,144" oya="1" hai0="58,95,105,124,1,128,70,93,103,126,53,112,46" hai1="134,86,21,75,91,96,44,119,64,111,2,135,31" hai2="84,89,36,71,59,5,129,22,88,97,32,30,106" hai3="120,90,40,29,104,9,56,85,115,28,45,122,3"/><U123/><E123/><V102/><F71/><W50/><G104/><T108/><D112/><U82/><E119/><V43/><F129/><W114/><G114/><T63/><D128/><U133/><E2/><V0/><F32/><W92/><G115/><T42/><D1/><U66/><E111/><V48/><F36/><W26/><G3/><T81/><D108/><U34/><E34/><V78/><F78/><W109/><G109/><T94/><D70/><U37/><E75/><V67/><F5/><W132/><G132/><T73/><D73/><U38/><E38/><V25/><F0/><W7/><G29/><T47/><D81/><U110/><E110/><V41/><F89/><W77/><G77/><T113/><D113/><U49/><E37/><V74/><F74/><W116/><G116/><T98/><REACH who="0" step="1"/><D42/><REACH who="0" ten="84,488,274,144" step="2"/><U87/><E133/><V79/><F79/><W11/><G122/><T12/><D12/><U62/><E135/><V13/><F13/><W80/><G80/><T8/><D8/><U27/><E82/><V131/><F131/><W61/><G120/><T33/><D33/><U6/><E134/><V18/><F43/><W65/><G7/><T107/><D107/><U117/><E6/><V15/><F41/><W101/><G9/><T4/><D4/><U83/><E83/><N who="2" m="49183" /><F15/><W68/><G11/><T69/><D69/><U51/><E117/><V20/><F20/><N who="3" m="15431" /><G68/><T60/><D60/><U39/><E62/><N who="2" m="38367" /><F48/><W16/><G50/><T55/><D55/><U99/><E49/><V121/><F121/><W130/><G130/><T17/><D17/><N who="1" m="12719" /><E51/><V35/><F35/><RYUUKYOKU ba="3,1" sc="84,15,488,-15,274,15,144,-15" hai0="46,47,53,58,63,93,94,95,98,103,105,124,126" hai2="18,22,25,30,97,102,106" /><INIT seed="2,4,1,1,5,32" ten="99,473,289,129" oya="2" hai0="64,79,27,86,72,66,39,131,51,30,45,18,71" hai1="93,20,125,117,57,6,3,121,65,67,49,21,130" hai2="23,61,50,46,59,37,128,75,40,80,25,133,14" hai3="114,73,24,81,36,41,28,52,132,120,35,56,68"/><V55/><F128/><W123/><G68/><T7/><D72/><U115/><E115/><V118/><F133/><W44/><G132/><T11/><D39/><U111/><E117/><V126/><F126/><W48/><REACH who="3" step="1"/><G114/><REACH who="3" ten="99,473,289,119" step="2"/><T58/><D71/><U134/><E134/><V105/><F118/><W60/><G60/><T34/><D131/><U31/><E130/><V94/><F105/><W16/><G16/><T109/><D18/><U19/><E19/><V113/><F113/><W76/><AGARI ba="4,2" hai="24,28,35,36,41,44,48,52,56,73,76,81,120,123" machi="76" ten="30,4000,0" yaku="1,1,0,1,54,1,53,0" doraHai="32" doraHaiUra="122" who="3" fromWho="3" sc="99,-14,473,-14,289,-24,119,72" /><INIT seed="3,0,0,0,4,50" ten="85,459,265,191" oya="3" hai0="116,62,111,107,5,108,3,1,89,33,38,109,135" hai1="130,126,22,56,40,49,55,52,104,37,60,44,71" hai2="12,30,25,84,95,18,92,91,110,77,105,31,79" hai3="11,35,81,129,34,103,112,19,98,0,76,7,2"/><W83/><G112/><T10/><D116/><U125/><E104/><V69/><F110/><W78/><G129/><T21/><D33/><U36/><E22/><V70/><F105/><W68/><G68/><T14/><D38/><N who="1" m="14955" /><E130/><V88/><F70/><W99/><G19/><T97/><D135/><U43/><E71/><V106/><F106/><W119/><G119/><T66/><D21/><U9/><E9/><V8/><F69/><W90/><G90/><T39/><D39/><U51/><E51/><V93/><F31/><W113/><G113/><T42/><D42/><AGARI ba="0,0" hai="40,42,43,44,49,52,55,56,60,125,126" m="14955" machi="42" ten="30,8000,1" yaku="34,2,52,2,54,1" doraHai="50" who="1" fromWho="0" sc="85,-80,459,80,265,0,191,0" /><INIT seed="4,0,0,3,1,40" ten="5,539,265,191" oya="0" hai0="102,80,82,77,32,27,34,12,41,42,129,121,57" hai1="103,21,35,8,96,92,28,25,3,16,135,52,33" hai2="125,11,133,127,107,66,65,87,124,75,26,111,95" hai3="19,17,60,70,98,119,89,74,36,123,106,18,94"/><T97/><D121/><U73/><E73/><V49/><F111/><W101/><G119/><T91/><D32/><U67/><E67/><N who="2" m="25611" /><F75/><W99/><G74/><T126/><D126/><U6/><E135/><V15/><F107/><W108/><G108/><T131/><D57/><U76/><E76/><V105/><F105/><W117/><G117/><T29/><D91/><U71/><E71/><V10/><F133/><W132/><G132/><T113/><D12/><N who="1" m="9351" /><E33/><V46/><F26/><W128/><G128/><N who="0" m="49227" /><D113/><U84/><E84/><V24/><F24/><W1/><G1/><T130/><N who="0" m="49235" /><T69/><DORA hai="93" /><D69/><U72/><E72/><V5/><F5/><W44/><G123/><T64/><D64/><U43/><E43/><N who="0" m="16393" /><D77/><U79/><E79/><V53/><F15/><W23/><G70/><T0/><D0/><U83/><E83/><V59/><F59/><W7/><G36/><T81/><D81/><U13/><E13/><V110/><F110/><W112/><G112/><T63/><D63/><U88/><E52/><V58/><F58/><W2/><G60/><T85/><D85/><U115/><E115/><V55/><F53/><W116/><G116/><T54/><D54/><U14/><E14/><V50/><F49/><W38/><G38/><T47/><D47/><U122/><E122/><V78/><F78/><W4/><G44/><T20/><D34/><U114/><E114/><V31/><F31/><W118/><G118/><T45/><D45/><U61/><E61/><V120/><F120/><W62/><G62/><T68/><D68/><U30/><E30/><V9/><F125/><RYUUKYOKU ba="0,0" sc="5,10,539,10,265,10,191,-30" hai0="20,27,29,80,82,97,102" hai1="3,6,8,25,28,35,88,92,96,103" hai2="9,10,11,46,50,55,87,95,124,127" /><INIT seed="4,1,0,2,0,91" ten="15,549,275,161" oya="0" hai0="101,126,16,18,75,129,50,103,12,6,115,88,0" hai1="23,82,119,14,108,40,109,124,1,52,87,22,4" hai2="59,89,29,96,51,80,69,60,37,13,15,21,43" hai3="71,123,134,127,116,47,130,125,94,78,73,28,58"/><T65/><D75/><U81/><E119/><V56/><F69/><W9/><G71/><T24/><D115/><U99/><E40/><V46/><F37/><W61/><G116/><T104/><D126/><N who="3" m="48137" /><G130/><T3/><D129/><U67/><E67/><V53/><F59/><W79/><G134/><T25/><D65/><U77/><E1/><V72/><F72/><W26/><G9/><T74/><D74/><U32/><E32/><V118/><F118/><W11/><G11/><T20/><D104/><U132/><E132/><V45/><F45/><W128/><G128/><T83/><D50/><U35/><E35/><V8/><F8/><W31/><G123/><T30/><D3/><U34/><E34/><V55/><F43/><W48/><G94/><T105/><D105/><U117/><E4/><V19/><F29/><N who="3" m="11339" /><G26/><T86/><D0/><U85/><E117/><V7/><F7/><W68/><G68/><T39/><D39/><U41/><E41/><V5/><F5/><W131/><G73/><T84/><D6/><U93/><E14/><N who="2" m="9463" /><F80/><W76/><G131/><T10/><REACH who="0" step="1"/><D86/><REACH who="0" ten="5,549,275,161" step="2"/><N who="1" m="48431" /><E124/><V100/><F51/><W66/><G48/><T98/><D98/><U133/><E87/><V17/><F96/><W135/><G135/><T49/><D49/><U90/><E133/><V113/><F113/><W107/><G107/><T57/><D57/><U95/><E99/><V33/><F56/><W122/><G122/><T63/><D63/><U114/><E114/><V2/><F60/><W111/><G47/><T64/><D64/><U44/><E44/><V62/><F46/><W27/><G66/><RYUUKYOKU ba="1,1" sc="5,30,549,-10,275,-10,161,-10" hai0="10,12,16,18,20,24,25,30,83,84,88,101,103" /><INIT seed="4,2,1,3,4,58" ten="35,539,265,151" oya="0" hai0="43,116,69,19,78,16,98,102,82,0,106,53,10" hai1="118,61,99,109,95,91,119,34,115,7,113,72,35" hai2="37,64,68,14,96,25,24,21,101,124,20,134,3" hai3="126,31,65,56,132,46,112,5,108,1,86,49,47"/><T103/><D116/><U55/><E109/><V93/><F3/><W40/><G108/><T52/><D69/><U74/><E7/><V127/><F37/><W6/><G112/><N who="1" m="43082" /><E55/><V30/><F134/><W128/><G128/><T36/><D102/><U117/><E61/><N who="2" m="39951" /><F14/><W122/><G1/><T57/><D43/><U50/><E50/><V90/><F90/><W70/><G6/><T131/><D36/><U97/><E99/><V87/><F87/><W84/><G5/><T80/><D131/><U12/><E12/><V94/><F94/><W26/><G86/><T39/><D39/><U2/><E2/><V89/><F89/><W9/><G84/><T13/><D0/><U104/><E104/><N who="2" m="63527" /><F25/><W33/><G26/><T77/><D19/><U32/><AGARI ba="2,1" hai="32,34,35,72,74,91,95,97,117,118,119" m="43082" machi="32" ten="50,3200,0" yaku="15,1,11,1" doraHai="58" who="1" fromWho="1" sc="35,-18,539,48,265,-10,151,-10" /><INIT seed="5,0,0,3,0,133" ten="17,587,255,141" oya="1" hai0="25,32,101,108,35,100,18,72,17,38,69,123,46" hai1="66,84,29,20,4,47,43,21,79,42,71,58,2" hai2="63,95,109,36,74,11,65,28,98,6,120,134,128" hai3="9,48,77,40,114,22,111,26,125,102,41,93,118"/><U1/><E71/><V44/><F120/><W5/><G111/><T67/><D108/><U55/><E66/><V122/><F109/><W131/><G114/><T91/><D72/><U124/><E4/><V94/><F122/><W86/><G131/><T73/><D73/><U60/><E42/><V121/><F74/><W135/><G135/><T39/><D123/><U27/><E20/><V62/><F121/><W51/><G118/><T127/><D67/><U106/><E106/><V37/><F28/><W130/><G130/><T129/><D129/><U78/><E78/><V83/><F83/><W99/><G51/><T34/><D69/><U7/><E7/><V132/><F94/><W12/><G48/><T90/><D34/><U68/><E68/><V116/><F63/><W112/><G112/><T53/><D25/><U8/><E8/><V33/><F33/><W117/><G117/><T3/><D46/><U115/><E84/><V61/><F61/><W103/><G103/><T88/><D90/><U57/><E79/><V97/><F37/><W45/><G45/><T10/><D53/><U16/><E58/><N who="2" m="37079" /><F128/><W59/><G59/><T81/><D81/><U56/><E56/><V80/><F80/><N who="3" m="47375" /><G125/><T54/><D54/><U126/><E115/><V24/><F36/><W30/><AGARI ba="0,0" hai="5,9,12,22,26,30,40,41,93,99,102" m="47375" machi="30" ten="30,1100,0" yaku="8,1" doraHai="133" who="3" fromWho="3" sc="17,-3,587,-5,255,-3,141,11" /><INIT seed="6,0,0,0,5,122" ten="14,582,252,152" oya="2" hai0="39,2,0,64,7,114,118,85,124,26,1,22,83" hai1="53,24,79,86,128,38,131,50,109,77,94,116,17" hai2="19,78,66,98,43,45,87,21,82,80,110,103,101" hai3="4,62,100,95,96,91,123,3,42,34,119,113,15"/><V13/><F110/><W130/><G119/><T133/><D39/><U84/><E38/><V71/><F71/><W127/><G123/><T88/><D118/><U37/><E109/><V30/><F66/><W105/><G34/><T56/><D114/><U25/><E37/><V125/><F125/><W112/><G3/><T126/><D7/><U48/><E94/><V89/><F30/><W18/><G4/><T8/><D8/><U132/><E116/><V74/><REACH who="2" step="1"/><F98/><REACH who="2" ten="14,582,242,152" step="2"/><W9/><G127/><N who="0" m="48683" /><D133/><U108/><E108/><V68/><F68/><W55/><G113/><T121/><D121/><U23/><E132/><V111/><F111/><W27/><G112/><T16/><D64/><U20/><E53/><V28/><F28/><W120/><G120/><T41/><D41/><U99/><E99/><V106/><F106/><W93/><G105/><T29/><D29/><U6/><E131/><V49/><AGARI ba="0,1" hai="13,19,21,43,45,49,74,78,80,82,87,89,101,103" machi="49" ten="20,3900,0" yaku="1,1,0,1,7,1,53,0" doraHai="122" doraHaiUra="102" who="2" fromWho="2" sc="14,-13,582,-13,242,49,152,-13" /><INIT seed="6,1,0,1,5,20" ten="1,569,291,139" oya="2" hai0="33,109,72,32,113,127,62,41,15,134,29,9,87" hai1="45,80,85,96,23,49,116,61,94,30,121,6,2" hai2="53,14,60,89,43,132,104,31,123,51,48,71,70" hai3="22,125,28,57,1,79,40,103,120,100,10,98,18"/><V130/><F104/><W47/><G120/><T16/><D72/><U133/><E116/><V115/><F31/><W131/><G79/><T37/><D37/><U56/><E2/><V68/><F14/><W38/><G125/><T11/><D41/><U122/><E6/><V124/><F89/><W91/><G131/><T92/><D109/><U13/><E133/><V50/><F123/><N who="1" m="47113" /><E85/><V59/><F124/><W39/><G39/><T5/><D127/><U111/><E80/><V42/><F130/><W8/><G1/><T107/><D107/><U88/><E111/><V44/><F132/><W7/><G7/><T54/><D134/><U34/><E34/><V25/><F25/><W84/><G28/><T105/><D105/><U119/><E119/><V81/><F115/><W19/><G19/><T46/><D113/><U58/><E61/><V90/><F90/><W64/><G103/><T135/><D135/><U67/><E67/><N who="2" m="39327" /><F81/><W108/><G108/><T93/><D29/><U110/><E110/><V36/><F42/><W17/><G17/><T66/><D33/><U118/><E118/><V63/><F63/><W4/><G4/><T3/><D32/><U74/><E74/><V106/><F106/><W55/><G64/><T0/><D0/><U73/><E73/><V102/><F102/><W26/><G100/><T12/><D3/><U101/><E101/><V65/><F65/><W86/><G86/><T126/><D87/><U83/><E30/><V95/><F95/><N who="0" m="36426" /><D126/><U82/><E82/><V76/><F76/><W27/><G84/><T114/><D114/><U128/><E128/><RYUUKYOKU ba="1,0" sc="1,-10,569,-10,291,30,139,-10" hai2="36,43,44,48,50,51,53,68,70,71" owari="-9,-50.9,559,65.9,321,12.1,129,-27.1" /></mjloggm>