<mjloggm ver="2.3"><GO type="169" lobby="0"/><UN n0="%E6%98%8E%E6%98%9F%E5%B8%82%E6%B0%91" n1="%41%6C%6C%2D%4C%75%63%6B" n2="%E3%83%AD%E3%83%99%E3%83%AB%E3%82%BF%E3%81%95%E3%82%93%EF%BC%A0" n3="%E9%BA%BB%E9%9B%80%49%51%31%32%30" dan="16,16,16,16" rate="2157.20,2109.14,2115.66,2090.20" sx="M,M,F,M"/><TAIKYOKU oya="0"/><INIT seed="0,0,0,0,0,17" ten="250,250,250,250" oya="0" hai0="114,46,52,76,41,116,5,60,3,54,92,27,94" hai1="87,65,66,83,91,28,122,82,135,62,105,18,37" hai2="8,84,119,127,30,11,126,100,69,132,50,71,4" hai3="73,128,79,49,118,40,108,68,124,129,24,89,19"/><T59/><D116/><U20/><E37/><V102/><F30/><W31/><G68/><T123/><D114/><U104/><E135/><V111/><F84/><W75/><G118/><T110/><D123/><U38/><E38/><V25/><F25/><W13/><G108/><T88/><D94/><U23/><E122/><V63/><F50/><W81/><G124/><T53/><D76/><U2/><E2/><V7/><F119/><W29/><G89/><T6/><D110/><U47/><E47/><V109/><REACH who="2" step="1"/><F63/><REACH who="2" ten="250,250,240,250" step="2"/><W98/><G24/><T93/><D27/><N who="1" m="16487" /><E104/><V67/><F67/><N who="1" m="25609" /><E62/><V14/><F14/><W39/><G49/><N who="0" m="26831" /><D93/><N who="1" m="54527" /><E105/><V107/><F107/><W101/><G75/><T134/><D134/><AGARI ba="0,1" hai="4,7,8,11,69,71,100,102,109,111,126,127,132,134" machi="134" ten="25,3200,0" yaku="1,1,22,2,53,0" doraHai="17" doraHaiUra="61" who="2" fromWho="0" sc="250,-32,250,0,240,42,250,0" /><INIT seed="1,0,0,2,2,71" ten="218,250,282,250" oya="1" hai0="123,2,75,47,131,87,7,130,16,101,106,132,97" hai1="29,109,92,115,61,129,49,70,51,78,128,6,95" hai2="120,94,98,54,4,125,85,66,21,39,52,81,107" hai3="30,124,100,8,69,62,48,80,74,126,65,11,5"/><U46/><E115/><V14/><F125/><W118/><G118/><T116/><D116/><U64/><E78/><V36/><F107/><W119/><G119/><T111/><D2/><U86/><E29/><V50/><F66/><W84/><G74/><T13/><D7/><U38/><E6/><V90/><F120/><W10/><G100/><T17/><D111/><U135/><E135/><V73/><F73/><W79/><G30/><T112/><D75/><U12/><E12/><V31/><F54/><W127/><REACH who="3" step="1"/><G48/><REACH who="3" ten="218,250,282,240" step="2"/><T121/><D112/><U63/><E109/><V0/><F31/><W68/><G68/><T15/><D132/><U28/><E28/><V82/><F0/><AGARI ba="0,1" hai="0,5,8,10,11,62,65,69,79,80,84,124,126,127" machi="0" ten="40,2600,0" yaku="1,1,18,1,53,0" doraHai="71" doraHaiUra="41" who="3" fromWho="2" sc="218,0,250,0,282,-26,240,36" /><INIT seed="2,0,0,4,3,127" ten="218,250,256,276" oya="2" hai0="129,9,5,109,86,59,110,39,36,16,34,69,14" hai1="25,111,114,132,30,7,1,17,49,119,50,71,29" hai2="79,103,19,65,66,92,125,32,78,13,97,28,35" hai3="113,55,63,106,82,33,131,121,27,60,31,0,90"/><V38/><F125/><W98/><G121/><T134/><D69/><U24/><E71/><V108/><F38/><W135/><G0/><T47/><D34/><U37/><E119/><V88/><F108/><N who="0" m="41578" /><D134/><U57/><E37/><N who="0" m="14409" /><D47/><U81/><E111/><V48/><F35/><W41/><G41/><T126/><D126/><U42/><E114/><V2/><F2/><W20/><G135/><T76/><D59/><U4/><E42/><V46/><F103/><W120/><G120/><T118/><D118/><U133/><E1/><V99/><F99/><W117/><G33/><T23/><D86/><U58/><E17/><V22/><F28/><W53/><G113/><T100/><D76/><N who="2" m="29226" /><F32/><W68/><G117/><T105/><D100/><U10/><E10/><V89/><F89/><W51/><G68/><T87/><D87/><U96/><E96/><V112/><F112/><W8/><G90/><T11/><D105/><U75/><E81/><V40/><AGARI ba="0,0" hai="13,19,22,40,46,48,65,66,88,92,97" m="29226" machi="40" ten="30,3000,0" yaku="8,1,54,1" doraHai="127" who="2" fromWho="2" sc="218,-10,250,-10,256,30,276,-10" /><INIT seed="2,1,0,5,5,103" ten="208,240,286,266" oya="2" hai0="124,27,101,47,28,134,82,85,86,131,45,37,17" hai1="50,61,21,81,25,117,77,75,20,59,1,100,53" hai2="49,66,18,15,83,12,40,0,33,106,97,120,69" hai3="52,76,32,56,31,55,11,3,119,67,4,113,104"/><V116/><F116/><W130/><G119/><T6/><D131/><U68/><E1/><V102/><F0/><W23/><G130/><T2/><D134/><U92/><E117/><V132/><F132/><W74/><G113/><T112/><D124/><U63/><E68/><V125/><F125/><W48/><G32/><T46/><D112/><U128/><E20/><V57/><F33/><W72/><G67/><T91/><D6/><U121/><E121/><V89/><F120/><W5/><G5/><T10/><D2/><U96/><REACH who="1" step="1"/><E128/><REACH who="1" ten="208,230,286,266" step="2"/><V109/><F69/><W8/><G23/><T70/><D70/><U13/><E13/><V122/><F12/><W58/><G3/><T93/><D10/><U84/><E84/><V114/><F15/><W7/><G31/><AGARI ba="1,1" hai="21,25,31,50,53,59,61,63,75,77,81,92,96,100" machi="31" ten="30,3900,0" yaku="1,1,7,1,53,1" doraHai="103" doraHaiUra="44" who="1" fromWho="3" sc="208,0,230,52,286,0,266,-42" /><INIT seed="3,0,0,0,0,101" ten="208,282,286,224" oya="3" hai0="81,75,58,39,70,121,55,67,69,10,28,17,89" hai1="108,134,36,76,35,40,15,56,38,41,135,54,112" hai2="16,127,25,46,19,95,64,123,92,96,103,86,33" hai3="59,62,117,116,91,114,98,34,104,82,66,11,79"/><W71/><G114/><T42/><D121/><U133/><E35/><V51/><F127/><W126/><G126/><T47/><D28/><U30/><E30/><V50/><F123/><W115/><G115/><T53/><D10/><U113/><E15/><V48/><F64/><W110/><G34/><T105/><D17/><N who="2" m="6730" /><F33/><W90/><G11/><T44/><D89/><U118/><E76/><V3/><F3/><W107/><G71/><N who="0" m="27147" /><D105/><U20/><E20/><V52/><F25/><W94/><G90/><AGARI ba="0,0" hai="46,48,50,51,52,86,90,92,95,96,103" m="6730" machi="90" ten="30,3900,0" yaku="8,1,54,2" doraHai="101" who="2" fromWho="3" sc="208,0,282,0,286,39,224,-39" /><INIT seed="4,0,0,3,2,132" ten="208,282,325,185" oya="0" hai0="113,0,95,7,128,47,3,5,36,110,91,99,61" hai1="72,34,16,114,56,29,52,41,75,57,126,12,62" hai2="94,106,121,78,90,86,79,31,10,112,32,119,135" hai3="43,22,48,30,84,8,50,28,65,19,100,105,23"/><T60/><D113/><U35/><E126/><V42/><F10/><W27/><G65/><T73/><D128/><U38/><E114/><V45/><F31/><W88/><G43/><T82/><D110/><U117/><E117/><V63/><F63/><W46/><G105/><T87/><D73/><U24/><E35/><V33/><F45/><W59/><G100/><T116/><D116/><U92/><E41/><V104/><F42/><W26/><G59/><T71/><D36/><U118/><E38/><V40/><F40/><W85/><G46/><T133/><D47/><U66/><E92/><V69/><F69/><W103/><G103/><T97/><D133/><U51/><REACH who="1" step="1"/><E118/><REACH who="1" ten="208,272,325,185" step="2"/><V98/><F32/><W20/><G85/><T64/><D95/><U93/><E93/><V74/><F33/><W127/><G127/><T39/><D39/><U76/><E76/><V77/><F119/><W15/><G20/><AGARI ba="0,1" hai="12,16,20,24,29,34,51,52,56,57,62,66,72,75" machi="20" ten="30,7700,0" yaku="1,1,7,1,54,2,53,0" doraHai="132" doraHaiUra="2" who="1" fromWho="3" sc="208,0,272,87,325,0,185,-77" /><INIT seed="5,0,0,3,4,81" ten="208,359,325,108" oya="1" hai0="4,28,63,34,12,75,64,51,29,77,8,103,52" hai1="107,48,119,27,71,43,2,108,125,124,14,50,91" hai2="132,9,38,111,53,58,68,0,134,61,72,18,62" hai3="46,35,39,17,96,93,113,65,54,44,129,70,13"/><U55/><E71/><V20/><F111/><W126/><G35/><T19/><D103/><U31/><E2/><V133/><F72/><W5/><G5/><T73/><D77/><U25/><E107/><V3/><F38/><W104/><G104/><T24/><D29/><U85/><E108/><V26/><REACH who="2" step="1"/><F9/><REACH who="2" ten="208,359,315,108" step="2"/><W123/><G39/><T15/><D75/><U36/><E36/><V130/><F130/><W74/><G129/><T87/><D73/><U21/><E119/><V117/><F117/><W86/><G74/><T88/><D64/><AGARI ba="0,1" hai="0,3,18,20,26,53,58,61,62,64,68,132,133,134" machi="64" ten="40,5200,0" yaku="1,1,20,1,53,1" doraHai="81" doraHaiUra="16" who="2" fromWho="0" sc="208,-52,359,0,315,62,108,0" /><INIT seed="6,0,0,4,0,21" ten="156,359,377,108" oya="2" hai0="22,117,107,131,46,121,111,72,116,64,15,97,105" hai1="78,25,100,11,41,18,28,16,29,135,53,84,34" hai2="58,120,43,76,134,57,110,40,39,70,115,54,127" hai3="35,62,36,79,122,8,59,52,6,125,86,75,37"/><V119/><F76/><W73/><G125/><T56/><D111/><U104/><E135/><V44/><F119/><W7/><G122/><T65/><D131/><U71/><E41/><V129/><F120/><W66/><G6/><T130/><D72/><U17/><E29/><V94/><F94/><W26/><G86/><T98/><D130/><U126/><E126/><V20/><F20/><W30/><G66/><T24/><D15/><U10/><E71/><V23/><F23/><W85/><G85/><T14/><D14/><U88/><E78/><V108/><F129/><W32/><G32/><T124/><D46/><U42/><E42/><V93/><F93/><W114/><G114/><T68/><D68/><U48/><E100/><V102/><F102/><W55/><G55/><T47/><D47/><U67/><E67/><N who="0" m="25673" /><D56/><U112/><E104/><N who="0" m="40009" /><D124/><U9/><E112/><V87/><F127/><W31/><G31/><T13/><D13/><U96/><E96/><V92/><F40/><W3/><REACH who="3" step="1"/><G79/><REACH who="3" ten="156,359,377,98" step="2"/><T80/><D121/><U5/><E5/><V95/><F115/><W103/><G103/><T61/><D117/><U51/><REACH who="1" step="1"/><E53/><REACH who="1" ten="156,349,377,98" step="2"/><V45/><F54/><W91/><G91/><T123/><D116/><U4/><E4/><V69/><F43/><W33/><G33/><T82/><D123/><U109/><E109/><V118/><F118/><W63/><G63/><T132/><D61/><U49/><E49/><V60/><F60/><W2/><G2/><T106/><D132/><U133/><E133/><V1/><F134/><W0/><G0/><T83/><D106/><U74/><E74/><AGARI ba="0,2" hai="3,7,8,26,30,35,36,37,52,59,62,73,74,75" machi="74" ten="40,8000,1" yaku="1,1,6,1,52,1,54,1,53,0" doraHai="21" doraHaiUra="12" who="3" fromWho="1" sc="156,0,349,-80,377,0,98,100" /><INIT seed="7,0,0,2,5,134" ten="156,269,377,198" oya="3" hai0="91,32,12,26,19,31,74,2,46,69,97,63,35" hai1="123,54,53,76,18,99,128,8,55,88,23,81,95" hai2="109,0,90,100,34,106,1,108,66,98,61,62,6" hai3="101,72,41,65,78,68,133,57,48,113,82,77,114"/><W79/><G133/><T42/><D74/><U103/><E128/><V3/><F62/><W92/><G68/><T118/><D118/><U11/><E123/><V60/><F60/><W37/><G37/><T129/><D129/><U9/><E76/><V15/><F90/><W39/><G39/><T44/><D35/><U16/><E23/><V110/><F15/><W120/><G65/><T75/><D75/><U102/><E81/><V51/><F51/><W73/><G120/><T22/><D91/><U40/><E40/><V115/><F34/><W29/><G29/><T124/><D124/><U83/><E83/><V135/><F115/><N who="3" m="44043" /><G82/><T30/><D30/><U25/><E25/><V119/><F135/><W13/><G13/><T132/><D132/><U4/><E4/><V49/><F119/><W117/><G117/><T116/><D116/><U7/><E7/><V84/><F3/><W33/><G33/><T20/><D20/><U80/><E80/><V127/><F1/><W21/><G21/><T56/><D2/><U121/><E121/><V104/><F0/><W14/><G14/><T58/><D44/><U47/><E47/><V125/><F110/><W59/><G72/><T87/><D87/><U64/><E64/><V17/><F66/><W52/><G73/><T126/><D126/><U5/><E5/><V36/><F109/><W24/><G79/><T93/><D69/><U50/><E50/><V70/><F108/><W71/><G71/><T38/><REACH who="0" step="1"/><D63/><REACH who="0" ten="146,269,377,198" step="2"/><U122/><E122/><V130/><F127/><W10/><G78/><T45/><D45/><U131/><E131/><RYUUKYOKU ba="0,1" sc="146,15,269,15,377,-15,198,-15" hai0="12,19,22,26,31,32,38,42,46,56,58,93,97" hai1="8,9,11,16,18,53,54,55,88,95,99,102,103" owari="161,-33.9,284,8.4,372,47.2,183,-21.7" /></mjloggm>