<mjloggm ver="2.3"><GO type="169" lobby="0"/><UN n0="%43%65%6C%65%73%54%65" n1="%E3%81%9F%E3%81%8B%E3%81%AA" n2="%41%4C%50%45%52%49%4E" n3="%58%59%47%59" dan="16,19,16,16" rate="2112.68,2234.75,2189.06,2065.36" sx="M,M,M,M"/><TAIKYOKU oya="0"/><INIT seed="0,0,0,3,5,123" ten="250,250,250,250" oya="0" hai0="127,64,100,52,121,86,12,117,126,69,130,120,133" hai1="44,89,15,45,62,93,20,77,6,28,23,70,11" hai2="43,57,9,115,3,116,118,88,4,125,91,110,97" hai3="36,59,80,5,71,55,79,83,106,8,65,95,56"/><T114/><D114/><U22/><E28/><V90/><F115/><W122/><G36/><T87/><D117/><N who="2" m="45162" /><F125/><N who="0" m="47626" /><D130/><U16/><E77/><V1/><F1/><W21/><G106/><T54/><D133/><U112/><E112/><V63/><F43/><W74/><G122/><N who="0" m="47211" /><D100/><U105/><E105/><V14/><F3/><W25/><G71/><T27/><D27/><U61/><E6/><V92/><F110/><W134/><G134/><T68/><D12/><U113/><E113/><V98/><F92/><W39/><G39/><T33/><D33/><U31/><E31/><V18/><F4/><W29/><G95/><T104/><D104/><U50/><E70/><N who="0" m="27241" /><D64/><AGARI ba="0,0" hai="9,14,18,57,63,64,88,90,91,97,98" m="45162" machi="64" ten="30,2000,0" yaku="12,1,54,1" doraHai="123" who="2" fromWho="0" sc="250,-20,250,0,250,20,250,0" /><INIT seed="1,0,0,3,3,69" ten="230,250,270,250" oya="1" hai0="116,26,33,9,88,8,127,112,72,59,41,65,55" hai1="54,56,135,128,21,114,3,126,36,91,7,121,51" hai2="120,18,68,22,94,47,62,64,89,77,105,110,57" hai3="38,30,85,108,129,34,122,32,5,123,4,119,76"/><U84/><E114/><V83/><F120/><W39/><G108/><T75/><D112/><U0/><E121/><V43/><F105/><W37/><G119/><T73/><D116/><U115/><E115/><V44/><F110/><W28/><G85/><T92/><D127/><U133/><E126/><V78/><F68/><W24/><G76/><T29/><D65/><U125/><E125/><V25/><F83/><W40/><G40/><T86/><REACH who="0" step="1"/><D41/><REACH who="0" ten="220,250,270,250" step="2"/><U58/><E133/><V97/><REACH who="2" step="1"/><F47/><REACH who="2" ten="220,250,260,250" step="2"/><W17/><G123/><T81/><D81/><U90/><E135/><V130/><F130/><W67/><G122/><T98/><D98/><U50/><E128/><V46/><F46/><W1/><G129/><T131/><D131/><U132/><E132/><V134/><F134/><W16/><G67/><T80/><D80/><U6/><E56/><V102/><F102/><W20/><G34/><T106/><D106/><U61/><E58/><V35/><F35/><W99/><G99/><T95/><D95/><U70/><E70/><V104/><F104/><W48/><G32/><T27/><D27/><U66/><E66/><V19/><F19/><W13/><G17/><T14/><D14/><U71/><E71/><V107/><F107/><W93/><G93/><T101/><D101/><U113/><E113/><V100/><F100/><W82/><G82/><T87/><D87/><U74/><E84/><V117/><F117/><W2/><G24/><T111/><D111/><U96/><E96/><V52/><F52/><W53/><G13/><T45/><D45/><U11/><E54/><V10/><F10/><RYUUKYOKU ba="0,2" sc="220,15,250,-15,260,15,250,-15" hai0="8,9,26,29,33,55,59,72,73,75,86,88,92" hai2="18,22,25,43,44,57,62,64,77,78,89,94,97" /><INIT seed="2,1,2,1,1,109" ten="235,235,275,235" oya="2" hai0="133,12,106,110,113,74,42,61,121,37,82,134,9" hai1="33,73,22,83,126,120,17,62,43,39,132,53,46" hai2="0,104,52,135,21,114,4,71,68,58,40,89,27" hai3="32,26,10,98,60,57,72,129,116,44,13,11,84"/><V49/><F104/><W3/><G72/><T6/><D121/><U90/><E33/><V77/><F135/><N who="0" m="51722" /><D110/><U66/><E132/><V5/><F114/><W107/><G116/><T30/><D106/><U20/><E120/><V48/><F77/><W124/><G124/><T7/><D30/><U45/><E126/><V108/><F108/><W41/><G3/><T8/><D61/><U85/><E73/><V119/><F119/><W67/><G129/><T101/><D101/><U55/><E45/><N who="2" m="25639" /><F0/><W91/><G98/><T28/><D28/><U34/><E34/><V64/><F71/><W123/><G107/><T38/><D42/><U75/><E75/><V2/><F2/><W112/><G123/><T94/><D94/><U25/><REACH who="1" step="1"/><E22/><REACH who="1" ten="235,225,275,235" step="2"/><V130/><F130/><W65/><G32/><T15/><D113/><U95/><E95/><V81/><F68/><AGARI ba="1,3" hai="17,20,25,39,43,46,53,55,62,66,68,83,85,90" machi="68" ten="30,2000,0" yaku="1,1,7,1,53,0" doraHai="109" doraHaiUra="24" who="1" fromWho="2" sc="235,0,225,53,275,-23,235,0" /><INIT seed="3,0,0,2,3,59" ten="235,278,252,235" oya="3" hai0="134,2,111,112,101,68,80,81,122,63,102,84,62" hai1="118,5,49,44,31,130,38,33,88,22,116,12,11" hai2="36,34,58,52,77,86,119,24,48,114,39,7,70" hai3="135,110,53,94,120,133,96,43,67,76,61,132,106"/><W75/><G120/><T46/><D122/><U17/><E38/><V3/><F119/><W6/><G106/><T4/><D111/><U126/><E130/><V93/><F70/><W128/><G128/><T56/><D134/><U15/><E126/><V72/><F72/><W27/><G110/><T89/><D68/><U99/><E33/><V8/><F114/><W100/><G6/><T108/><D108/><U45/><E31/><V37/><F93/><W19/><G43/><T79/><D112/><U124/><E124/><V97/><F97/><W98/><G53/><T73/><D46/><U109/><E109/><V105/><F105/><W92/><G76/><T117/><D117/><N who="1" m="45163" /><E49/><V65/><F65/><W78/><G78/><T66/><REACH who="0" step="1"/><D63/><REACH who="0" ten="225,278,252,235" step="2"/><U95/><AGARI ba="0,1" hai="5,11,12,15,17,22,44,45,88,95,99" m="45163" machi="95" ten="30,2000,0" yaku="12,1,54,1" doraHai="59" who="1" fromWho="1" sc="225,-5,278,30,252,-5,235,-10" /><INIT seed="4,0,0,0,2,6" ten="220,308,247,225" oya="0" hai0="32,68,37,123,44,117,95,40,2,29,57,83,36" hai1="114,134,97,84,51,17,38,66,26,52,0,56,9" hai2="46,102,28,124,77,30,31,55,65,107,18,24,3" hai3="21,87,118,86,106,105,49,111,116,73,43,128,33"/><T12/><D117/><U74/><E74/><V47/><F3/><W131/><G73/><T62/><D123/><U127/><E134/><V98/><F124/><W11/><G49/><T72/><D12/><U75/><E75/><V13/><F65/><W79/><G43/><T50/><D95/><U45/><E127/><V70/><F70/><W25/><G33/><T119/><D119/><N who="3" m="45609" /><G21/><T89/><D2/><U61/><E114/><V23/><F77/><W59/><G59/><T129/><D129/><N who="3" m="49737" /><G25/><T90/><D32/><U94/><E38/><V126/><F126/><W100/><G11/><T5/><D68/><U80/><E26/><V92/><F107/><N who="3" m="40971" /><G111/><T104/><D50/><U7/><E45/><N who="2" m="16907" /><F55/><W20/><G20/><AGARI ba="0,0" hai="13,18,20,23,24,28,30,31,92,98,102" m="16907" machi="20" ten="30,1000,0" yaku="8,1" doraHai="6" who="2" fromWho="3" sc="220,0,308,0,247,10,225,-10" /><INIT seed="5,0,0,4,5,49" ten="220,308,257,215" oya="1" hai0="26,102,19,133,78,77,69,10,96,86,97,101,84" hai1="1,82,76,115,20,28,121,135,9,99,109,111,29" hai2="120,48,50,55,11,75,33,104,116,57,92,24,87" hai3="122,0,40,54,31,83,35,66,5,60,2,30,89"/><U15/><E121/><V88/><F116/><W73/><G122/><T58/><D69/><U21/><E99/><N who="0" m="37961" /><D58/><U44/><E44/><V65/><F120/><W7/><G40/><T113/><D26/><U134/><E82/><V85/><F104/><W108/><G108/><N who="1" m="41546" /><E76/><N who="0" m="29289" /><D19/><N who="1" m="10367" /><E115/><V95/><F75/><W13/><G35/><T41/><D10/><U128/><E128/><V79/><F11/><W129/><G13/><T94/><D41/><U45/><E45/><V68/><F79/><W123/><G129/><T103/><D113/><U25/><E29/><V90/><F68/><W127/><G123/><T12/><D12/><U14/><E1/><V131/><F131/><W51/><G31/><T16/><D16/><AGARI ba="0,0" hai="9,14,16,21,25,28,134,135" m="10367,41546" machi="16" ten="30,11600,0" yaku="10,1,34,2,54,1" doraHai="49" who="1" fromWho="0" sc="220,-116,308,116,257,0,215,0" /><INIT seed="5,1,0,5,4,45" ten="104,424,257,215" oya="1" hai0="7,108,128,56,33,98,102,20,76,3,133,44,96" hai1="106,1,19,38,68,11,8,90,29,48,18,54,130" hai2="93,42,99,30,127,24,16,118,5,73,86,28,13" hai3="91,117,110,25,97,120,124,62,78,6,94,32,12"/><U104/><E38/><V75/><F118/><W64/><G120/><T122/><D108/><U21/><E68/><V100/><F127/><W14/><G110/><T22/><D128/><U103/><E130/><V87/><F5/><W111/><G111/><T95/><D133/><U35/><E90/><V26/><F42/><W41/><G124/><T53/><D122/><U61/><E61/><V2/><F2/><W107/><G107/><T52/><D33/><U60/><E60/><V105/><F75/><W109/><G109/><T123/><D123/><U63/><E63/><V132/><F73/><W49/><G78/><T4/><D76/><U27/><E103/><V101/><F132/><W43/><G43/><T113/><D113/><U82/><E82/><V46/><F46/><W40/><G40/><T71/><D71/><U58/><E18/><V34/><F101/><W74/><G74/><T112/><D112/><U84/><E84/><V66/><F66/><W131/><G131/><T89/><D44/><U126/><E126/><V135/><F105/><W67/><G67/><T0/><D102/><U37/><E37/><V55/><F55/><W129/><G129/><T119/><D89/><U80/><E80/><V39/><F39/><W50/><G41/><T81/><D81/><U115/><E115/><V79/><F79/><W17/><G62/><T70/><D70/><U114/><E114/><V65/><F65/><W134/><G64/><T31/><D119/><U51/><E106/><V92/><F135/><W59/><G117/><T125/><D125/><U77/><E77/><V69/><F69/><RYUUKYOKU ba="1,0" sc="104,0,424,0,257,0,215,0" /><INIT seed="6,2,0,5,0,66" ten="104,424,257,215" oya="2" hai0="29,78,84,2,128,34,61,1,86,24,44,39,126" hai1="54,27,7,60,107,100,30,53,68,69,9,87,77" hai2="105,75,127,117,125,57,35,98,113,32,52,62,10" hai3="116,8,50,49,108,135,92,112,102,47,129,106,33"/><V26/><F117/><W59/><G116/><T12/><D126/><N who="2" m="48138" /><F75/><W4/><G108/><T11/><D128/><U21/><E107/><V18/><F113/><W103/><G33/><T38/><D38/><U23/><E100/><N who="2" m="62615" /><F26/><W48/><G106/><T25/><D25/><U76/><E23/><V58/><F58/><W65/><G129/><T3/><D78/><U95/><E76/><V74/><F74/><W73/><G135/><T133/><D133/><U43/><E43/><V13/><AGARI ba="2,0" hai="10,13,18,32,35,52,57,62" m="62615,48138" machi="13" ten="30,3000,0" yaku="18,1,54,1" doraHai="66" who="2" fromWho="2" sc="104,-12,424,-12,257,36,215,-12" /><INIT seed="6,3,0,3,4,67" ten="92,412,293,203" oya="2" hai0="10,16,54,77,57,110,42,28,21,96,15,60,47" hai1="39,120,25,68,49,19,135,70,79,23,72,128,109" hai2="41,132,123,27,0,86,107,3,89,82,37,75,121" hai3="4,69,119,90,24,48,17,51,74,12,29,97,125"/><V46/><F107/><W85/><G74/><T14/><D110/><U94/><E109/><V95/><F132/><W35/><G119/><T84/><D96/><U124/><E39/><V88/><F27/><W73/><G73/><T30/><D77/><U56/><E135/><V126/><F126/><W1/><G69/><T117/><D117/><U45/><E56/><V87/><REACH who="2" step="1"/><F75/><REACH who="2" ten="92,412,283,203" step="2"/><W100/><G125/><T78/><D78/><U91/><E124/><V62/><F62/><W106/><G24/><T115/><D115/><U58/><E72/><V104/><F104/><W9/><G106/><T59/><D59/><U105/><E105/><V114/><F114/><W50/><G35/><T31/><D84/><U116/><E25/><V101/><F101/><W36/><G100/><T118/><D118/><U76/><E116/><V55/><F55/><W122/><G85/><T66/><D54/><U134/><E134/><V38/><F38/><W7/><G36/><T112/><D112/><U103/><E103/><V6/><F6/><W33/><G7/><T129/><D129/><U102/><E102/><V40/><F40/><W61/><G4/><T11/><REACH who="0" step="1"/><D15/><REACH who="0" ten="82,412,283,203" step="2"/><U26/><E128/><V22/><F22/><W111/><G12/><T63/><D63/><U20/><E58/><V127/><F127/><W52/><G61/><T80/><D80/><U13/><E76/><V92/><F92/><W53/><G52/><T71/><D71/><U8/><E79/><V43/><F43/><W34/><G53/><T65/><D65/><U81/><E68/><V83/><F83/><W98/><G111/><RYUUKYOKU ba="3,2" sc="82,15,412,-15,283,15,203,-15" hai0="10,11,14,16,21,28,30,31,42,47,57,60,66" hai2="0,3,37,41,46,82,86,87,88,89,95,121,123" /><INIT seed="6,4,2,4,2,67" ten="97,397,298,188" oya="2" hai0="28,18,61,114,4,116,7,29,128,43,60,120,103" hai1="113,12,39,90,50,32,64,135,88,36,130,41,119" hai2="35,69,118,87,40,112,81,47,25,125,23,121,45" hai3="42,83,104,96,34,106,105,117,95,97,0,20,78"/><V49/><F118/><W68/><G34/><T115/><D120/><U99/><E32/><V102/><F121/><W101/><G0/><T19/><D103/><U9/><E119/><V89/><F125/><W85/><G68/><T94/><D116/><U77/><E64/><V80/><F112/><W92/><G20/><T11/><D43/><U100/><E77/><V58/><F35/><W27/><G27/><T51/><D51/><U132/><E50/><V13/><F102/><N who="3" m="60735" /><G42/><T111/><D94/><N who="1" m="58487" /><E130/><V55/><F69/><W122/><G122/><T110/><REACH who="0" step="1"/><D11/><REACH who="0" ten="87,397,298,188" step="2"/><U8/><E8/><V48/><F48/><W10/><G10/><T38/><D38/><U37/><E41/><V84/><F40/><W72/><G117/><T124/><D124/><U76/><E36/><V59/><F47/><W98/><G98/><T127/><D127/><U30/><E9/><V62/><F45/><W44/><G44/><T6/><D6/><U126/><E126/><V93/><F49/><W107/><G107/><T52/><D52/><U56/><E37/><V129/><F55/><W66/><G66/><T17/><D17/><U71/><E39/><V108/><F62/><W21/><G21/><T134/><D134/><U73/><E132/><V79/><F23/><W91/><AGARI ba="4,3" hai="72,78,83,85,91,92,96,101,104,105,106" m="60735" machi="91" ten="30,12000,2" yaku="24,1,35,5" doraHai="67" who="3" fromWho="3" sc="87,-34,397,-34,298,-64,188,162" /><INIT seed="7,0,0,4,4,21" ten="53,363,234,350" oya="3" hai0="5,29,25,114,116,4,127,51,58,20,44,14,47" hai1="39,40,32,121,59,42,101,132,133,113,22,56,79" hai2="125,83,37,119,105,57,3,135,77,45,75,30,88" hai3="34,67,87,107,66,86,120,123,100,134,33,16,54"/><W24/><G100/><T82/><D116/><U94/><E32/><V128/><F119/><W9/><G107/><T52/><D127/><U28/><E121/><V126/><F3/><W38/><G38/><T104/><D104/><U49/><E39/><V43/><F105/><W53/><G24/><T117/><D117/><U71/><E71/><V108/><F108/><W41/><G41/><N who="1" m="15978" /><E49/><V96/><F128/><W102/><G102/><T80/><D114/><U72/><E72/><V0/><F0/><W18/><G9/><T112/><D112/><U2/><E79/><V93/><F135/><AGARI ba="0,0" hai="16,18,33,34,53,54,66,67,86,87,120,123,134,135" machi="135" ten="25,4800,0" yaku="22,2,54,1" doraHai="21" who="3" fromWho="2" sc="53,0,363,0,234,-48,350,48" owari="53,-44.7,363,16.3,186,-21.4,398,49.8" /></mjloggm>