<mjloggm ver="2.3"><GO type="169" lobby="0"/><UN n0="%E3%81%B1%E3%82%93%E3%81%AA%E3%81%93%E3%81%BE%E3%81%A3%E3%81%9F" n1="%E5%A4%A7%E4%BB%81%E7%94%B0%E8%96%84" n2="%E6%89%8B%E6%8A%BC%E3%81%97%E8%BB%8A" n3="%57%49%4E%44%59%58%58" dan="17,17,16,17" rate="2241.12,2200.86,2082.69,2149.33" sx="M,M,M,M"/><TAIKYOKU oya="0"/><INIT seed="0,0,0,2,4,124" ten="250,250,250,250" oya="0" hai0="128,93,132,56,71,17,100,54,105,8,129,64,61" hai1="125,2,130,42,112,50,123,78,52,33,122,85,49" hai2="44,110,1,46,34,111,131,116,119,66,48,43,51" hai3="94,75,104,47,20,96,68,109,0,29,62,92,74"/><T69/><D105/><U91/><E2/><V102/><F102/><W25/><G0/><T133/><D8/><U82/><E33/><V6/><F34/><W80/><G109/><N who="2" m="41481" /><F1/><W38/><G104/><T86/><D17/><U59/><E125/><V60/><F6/><W16/><G38/><T41/><D41/><U39/><E39/><V9/><F9/><W84/><G47/><T72/><D72/><U65/><E112/><V36/><F131/><N who="0" m="50250" /><D86/><U99/><E65/><V121/><F121/><W76/><G92/><T15/><D15/><U127/><E127/><V81/><F81/><W13/><G62/><N who="0" m="40087" /><D71/><U135/><E130/><V98/><F98/><AGARI ba="0,0" hai="54,56,61,93,98,100,132,133" m="40087,50250" machi="98" ten="30,11600,0" yaku="19,1,52,3" doraHai="124" who="0" fromWho="2" sc="250,116,250,0,250,-116,250,0" /><INIT seed="0,1,0,4,1,62" ten="366,250,134,250" oya="0" hai0="108,26,114,5,76,84,39,81,128,123,75,40,103" hai1="104,63,50,72,85,125,79,22,69,71,73,92,131" hai2="83,135,16,46,38,95,61,34,55,99,9,42,106" hai3="100,17,105,52,119,112,113,97,64,12,29,60,124"/><T120/><D114/><U74/><E104/><V0/><F34/><W47/><G119/><T90/><D128/><U121/><E121/><V4/><F106/><W15/><G124/><T6/><D108/><U53/><E125/><V70/><F83/><W117/><G117/><T94/><D26/><U127/><E127/><V109/><F109/><W31/><G112/><T134/><D134/><U129/><E22/><V66/><F135/><W80/><G80/><T28/><D28/><U93/><E79/><V118/><F118/><W56/><G113/><T3/><D103/><U32/><E32/><V68/><F55/><W116/><G12/><T13/><D13/><U126/><E126/><V133/><F133/><W91/><G91/><T82/><D6/><U96/><E85/><V7/><F7/><W88/><G88/><T101/><D101/><U98/><E50/><V11/><F11/><W10/><REACH who="3" step="1"/><G116/><REACH who="3" ten="366,250,134,240" step="2"/><T59/><D82/><U107/><E107/><V21/><F70/><W51/><AGARI ba="1,1" hai="10,15,17,29,31,47,51,52,56,60,64,97,100,105" machi="51" ten="30,8000,1" yaku="1,1,2,1,0,1,52,1,54,1,53,0" doraHai="62" doraHaiUra="110" who="3" fromWho="3" sc="366,-41,250,-21,134,-21,240,93" /><INIT seed="1,0,0,4,3,119" ten="325,229,113,333" oya="1" hai0="127,109,118,54,18,15,73,79,23,72,17,100,52" hai1="107,24,59,98,55,82,27,108,90,89,9,44,20" hai2="58,74,80,6,60,71,126,12,117,135,122,49,8" hai3="41,97,103,83,99,101,61,75,2,95,64,77,28"/><U3/><E44/><V125/><F117/><W129/><G2/><T106/><D118/><U43/><E43/><V29/><F29/><W65/><G129/><T115/><D115/><U19/><E108/><V53/><F135/><W5/><G5/><T40/><D109/><U88/><E27/><V32/><F32/><W21/><G41/><T134/><D127/><U93/><E107/><V26/><F26/><W92/><G28/><T22/><D134/><U78/><E9/><V84/><F74/><W110/><G21/><T121/><D40/><U57/><E3/><V63/><F122/><W113/><G110/><T0/><D0/><U4/><E4/><V130/><F130/><W69/><REACH who="3" step="1"/><G65/><REACH who="3" ten="325,229,113,323" step="2"/><T132/><D132/><U85/><REACH who="1" step="1"/><E59/><REACH who="1" ten="325,219,113,323" step="2"/><V11/><F71/><W112/><AGARI ba="0,2" hai="61,64,69,75,77,83,92,95,97,99,101,103,112,113" machi="112" ten="30,7900,0" yaku="1,1,2,1,0,1,9,1,53,0" doraHai="119" doraHaiUra="36" who="3" fromWho="3" sc="325,-20,219,-39,113,-20,323,99" /><INIT seed="2,0,0,2,3,0" ten="305,180,93,422" oya="2" hai0="43,1,82,122,88,73,64,14,90,116,28,126,11" hai1="46,52,72,131,79,63,4,36,61,134,38,33,87" hai2="47,97,67,89,22,45,125,2,120,50,102,55,93" hai3="26,129,81,105,124,10,24,109,80,78,103,75,95"/><V128/><F120/><W85/><G10/><T104/><D122/><U20/><E33/><V25/><F2/><W31/><G24/><T12/><D104/><U76/><E72/><V17/><F125/><W15/><G15/><T132/><D126/><U3/><E131/><V84/><F128/><W123/><G124/><T27/><D132/><U39/><E134/><V48/><F67/><W98/><G129/><T77/><D116/><U16/><E87/><V135/><F135/><W37/><G109/><T119/><D119/><U74/><E74/><V19/><F19/><W118/><G123/><T34/><D64/><U71/><E71/><V86/><REACH who="2" step="1"/><F102/><REACH who="2" ten="305,180,83,422" step="2"/><W94/><G118/><T92/><D1/><U54/><E3/><V30/><F30/><W21/><G37/><T115/><D28/><U44/><E38/><V57/><F57/><W99/><G99/><T96/><D96/><U32/><E16/><V23/><F23/><W100/><G100/><T108/><D34/><U53/><E32/><V40/><AGARI ba="0,1" hai="17,22,25,40,45,47,48,50,55,84,86,89,93,97" machi="40" ten="20,18000,2" yaku="1,1,0,1,7,1,8,1,53,2" doraHai="0" doraHaiUra="83" who="2" fromWho="2" sc="305,-60,180,-60,83,190,422,-60" /><INIT seed="2,1,0,3,5,107" ten="245,120,273,362" oya="2" hai0="114,109,75,123,91,52,128,8,95,27,59,33,51" hai1="21,99,126,77,131,102,64,39,32,12,117,22,81" hai2="44,63,25,70,56,82,1,42,53,18,127,20,23" hai3="78,100,28,14,46,101,124,79,88,2,111,66,106"/><V105/><F105/><W26/><G2/><T58/><D123/><U125/><E32/><V134/><F1/><W4/><G111/><T34/><D114/><U47/><E117/><V3/><F3/><W129/><G124/><N who="1" m="47722" /><E64/><V36/><F127/><W113/><G113/><T116/><D116/><U74/><E131/><V80/><F134/><W49/><G66/><T103/><D109/><U62/><E62/><V29/><REACH who="2" step="1"/><F70/><REACH who="2" ten="245,120,263,362" step="2"/><W112/><G106/><T118/><D118/><U115/><E115/><V13/><AGARI ba="1,1" hai="13,18,20,23,25,29,36,42,44,53,56,63,80,82" machi="13" ten="20,18000,2" yaku="1,1,2,1,0,1,7,1,53,2" doraHai="107" doraHaiUra="76" who="2" fromWho="2" sc="245,-61,120,-61,263,193,362,-61" /><INIT seed="2,2,0,5,5,123" ten="184,59,456,301" oya="2" hai0="96,56,104,87,61,40,99,134,66,34,62,75,85" hai1="3,98,124,118,1,26,77,44,18,116,111,89,28" hai2="41,117,70,90,23,21,130,31,16,101,76,84,132" hai3="115,108,9,50,64,126,29,52,106,63,129,71,13"/><V42/><F70/><W78/><G106/><T15/><D75/><U83/><E18/><V8/><F117/><W59/><G129/><T11/><D134/><U120/><E120/><V65/><F76/><W47/><G126/><T109/><D109/><U0/><E124/><V93/><F65/><W107/><G107/><T79/><D34/><U97/><E44/><V73/><F73/><W113/><G108/><T2/><D2/><U88/><E111/><V131/><F8/><W17/><G78/><T74/><D40/><U127/><E127/><V72/><F72/><W51/><REACH who="3" step="1"/><G29/><REACH who="3" ten="184,59,456,291" step="2"/><T55/><D79/><U54/><E77/><V35/><F131/><W24/><G24/><T135/><D104/><U110/><E110/><V86/><F130/><W4/><G4/><T122/><D122/><U94/><E54/><AGARI ba="2,1" hai="9,13,17,47,50,51,52,54,59,63,64,71,113,115" machi="54" ten="40,2600,0" yaku="1,1,54,1,53,0" doraHai="123" doraHaiUra="20" who="3" fromWho="1" sc="184,0,59,-32,456,0,291,42" /><INIT seed="3,0,0,0,3,14" ten="184,27,456,333" oya="3" hai0="121,70,51,4,94,133,124,37,19,106,61,98,41" hai1="76,53,47,42,5,71,62,126,73,123,129,25,23" hai2="54,128,33,77,50,74,89,119,131,68,32,3,30" hai3="115,28,24,49,38,84,95,60,31,55,75,18,57"/><W85/><G75/><T109/><D106/><U120/><E126/><V0/><F68/><W110/><G38/><T105/><D105/><U21/><E129/><V48/><F119/><W20/><G115/><T107/><D107/><U97/><E5/><V130/><F89/><W63/><G110/><T46/><D4/><U26/><E97/><V16/><F77/><W29/><G95/><T69/><D121/><U116/><E116/><V45/><F74/><W39/><G39/><T7/><D7/><U9/><E9/><V1/><F30/><W90/><G90/><T64/><D133/><U82/><E23/><V34/><F16/><W122/><G122/><T118/><D118/><U58/><E71/><V44/><F54/><N who="3" m="33847" /><G63/><T59/><D124/><U56/><E26/><V134/><REACH who="2" step="1"/><F134/><REACH who="2" ten="184,27,446,333" step="2"/><W113/><G113/><T125/><D125/><U80/><E80/><V112/><F112/><W79/><G79/><T36/><D70/><U88/><E88/><V43/><F43/><W11/><G11/><T13/><D69/><U108/><E108/><V132/><F132/><W52/><G55/><T91/><D109/><U135/><E135/><V102/><F102/><W8/><G8/><AGARI ba="0,1" hai="8,13,19,36,37,41,46,51,59,61,64,91,94,98" machi="8" ten="30,2000,0" yaku="7,1,52,1" doraHai="14" who="0" fromWho="3" sc="184,30,27,0,446,0,333,-20" /><INIT seed="4,0,0,4,1,75" ten="214,27,446,313" oya="0" hai0="11,123,0,70,128,5,33,95,52,41,79,54,125" hai1="110,2,134,12,69,87,108,131,107,60,29,28,73" hai2="122,4,80,72,130,77,93,92,35,14,36,17,129" hai3="9,20,115,25,121,68,13,100,34,40,76,102,82"/><T27/><D123/><U37/><E60/><V119/><F122/><W104/><G34/><T22/><D70/><U10/><E87/><V116/><F35/><W112/><G68/><T47/><D125/><U19/><E73/><V45/><F4/><N who="3" m="3239" /><G121/><T7/><D128/><N who="2" m="49258" /><F45/><W71/><G40/><T56/><D33/><U133/><E107/><V127/><F36/><W24/><G71/><T126/><D126/><U120/><E37/><V48/><F48/><W132/><G104/><T46/><D7/><N who="1" m="1399" /><E69/><V114/><F127/><W16/><G25/><T66/><D95/><N who="2" m="36426" /><F114/><N who="3" m="43563" /><G132/><N who="1" m="50794" /><E131/><V57/><F57/><W84/><AGARI ba="0,0" hai="16,20,24,76,82,84,100,102" m="43563,3239" machi="84" ten="30,4000,0" yaku="15,1,52,1,54,1" doraHai="75" who="3" fromWho="3" sc="214,-20,27,-10,446,-10,313,40" /><INIT seed="5,0,0,5,4,28" ten="194,17,436,353" oya="1" hai0="46,57,7,115,70,3,105,117,88,124,5,43,16" hai1="20,118,134,99,82,75,39,1,120,23,92,44,26" hai2="27,13,96,19,4,33,125,68,66,112,54,84,74" hai3="40,107,69,59,41,50,35,29,65,0,21,72,93"/><U34/><E120/><V90/><F74/><W64/><G72/><T103/><D70/><U15/><E1/><V58/><F4/><W77/><G0/><T47/><D117/><U31/><E118/><V126/><F66/><W98/><G77/><T86/><D115/><U91/><E134/><V111/><F68/><W122/><G122/><T130/><D124/><U12/><E39/><V42/><F42/><W24/><G64/><T127/><D127/><N who="2" m="48650" /><F96/><W113/><G113/><T87/><D130/><U110/><E110/><V81/><F111/><W129/><G129/><T73/><D73/><U123/><E123/><V56/><F54/><W95/><G21/><T45/><D43/><U106/><E106/><V63/><F63/><N who="3" m="40127" /><G59/><T101/><D87/><U67/><E67/><V22/><F112/><W76/><G76/><T119/><D119/><U121/><E121/><V61/><F61/><W17/><G17/><T97/><D57/><U131/><E131/><V25/><F25/><W9/><G9/><T10/><D103/><U100/><E44/><V48/><F48/><W133/><G133/><T109/><D109/><U80/><E100/><V89/><F90/><W11/><G11/><T94/><D3/><U83/><REACH who="1" step="1"/><E75/><REACH who="1" ten="194,7,436,353" step="2"/><V8/><F58/><W114/><G114/><T36/><D36/><U51/><E51/><V135/><F56/><W55/><G40/><T128/><D128/><U71/><E71/><V49/><F49/><W18/><G41/><T132/><D132/><U62/><E62/><V38/><F38/><W60/><G60/><T53/><D53/><U37/><E37/><RYUUKYOKU ba="0,1" sc="194,15,7,15,436,-15,353,-15" hai0="5,7,10,16,45,46,47,86,88,94,97,101,105" hai1="12,15,20,23,26,31,34,80,82,83,91,92,99" /><INIT seed="5,1,1,2,2,31" ten="209,22,421,338" oya="1" hai0="39,49,15,40,53,116,94,1,135,130,70,83,37" hai1="64,54,95,48,60,81,30,77,85,38,80,45,9" hai2="120,65,68,28,78,69,71,126,84,88,27,67,23" hai3="72,128,61,62,111,46,12,3,35,55,115,109,7"/><U124/><E124/><V47/><F126/><W133/><G72/><T42/><D94/><U108/><E108/><V5/><F78/><W18/><G115/><T6/><D83/><U100/><E38/><V25/><F120/><W96/><G128/><T89/><D89/><U107/><E107/><V110/><F5/><W97/><G133/><T17/><D15/><U102/><E30/><V117/><F117/><W63/><G3/><T59/><D6/><U101/><E9/><V76/><F76/><W123/><G123/><T44/><D17/><U11/><E11/><V13/><F13/><W79/><G7/><T21/><D21/><U90/><REACH who="1" step="1"/><E77/><REACH who="1" ten="209,12,421,338" step="2"/><V82/><F110/><W75/><G79/><T113/><D39/><U104/><E104/><V105/><F105/><W91/><G109/><T122/><D37/><U98/><E98/><V16/><F28/><W131/><G111/><T20/><D122/><U87/><E87/><V36/><F36/><W29/><G97/><T52/><D116/><U57/><AGARI ba="1,2" hai="45,48,54,57,60,64,80,81,85,90,95,100,101,102" machi="57" ten="30,6000,0" yaku="1,1,0,1,8,1,53,0" doraHai="31" doraHaiUra="121" who="1" fromWho="1" sc="209,-21,12,83,421,-21,338,-21" /><INIT seed="5,2,0,3,1,34" ten="188,95,400,317" oya="1" hai0="8,4,61,78,23,35,53,33,36,131,41,9,120" hai1="14,114,51,63,107,22,39,132,88,85,16,109,43" hai2="135,70,17,105,89,77,60,123,32,28,20,48,127" hai3="96,62,97,57,19,50,133,90,129,59,6,18,108"/><U67/><E114/><V126/><F105/><W91/><G108/><T79/><D36/><U121/><E109/><V102/><F102/><W0/><G129/><T55/><D41/><U106/><E121/><V45/><F123/><W116/><G133/><T10/><D120/><U54/><E39/><V72/><F28/><W68/><G116/><T122/><D122/><U5/><E43/><V15/><F32/><W38/><G38/><T74/><D4/><U49/><E132/><V81/><F89/><W56/><G50/><T73/><D10/><U118/><E5/><V93/><F93/><W112/><G68/><T115/><D61/><U25/><E25/><V100/><F100/><W27/><G6/><T58/><D58/><N who="1" m="33103" /><E51/><V111/><F111/><W24/><G59/><T13/><D13/><U47/><E47/><V71/><F135/><W21/><G21/><T119/><D119/><U76/><E76/><V7/><F7/><W31/><G31/><T30/><D30/><U3/><E3/><V44/><F44/><W46/><G46/><T29/><D29/><U130/><E130/><V92/><F60/><W94/><G62/><T69/><D69/><N who="1" m="42239" /><E118/><V64/><F92/><AGARI ba="2,0" hai="14,16,22,85,88,92,106,107" m="42239,33103" machi="92" ten="30,5800,0" yaku="25,1,54,2" doraHai="34" who="1" fromWho="2" sc="188,0,95,64,400,-64,317,0" /><INIT seed="5,3,0,3,0,34" ten="188,159,336,317" oya="1" hai0="31,86,108,11,19,125,121,98,50,37,78,55,2" hai1="95,101,132,133,14,53,26,22,73,127,1,103,29" hai2="100,35,3,58,99,28,40,43,49,123,9,57,96" hai3="112,38,47,91,23,110,62,70,130,71,52,92,16"/><U124/><E73/><V0/><F123/><W93/><G110/><T39/><D108/><U97/><E103/><V89/><F35/><W80/><G112/><T67/><D121/><U114/><E114/><V17/><F28/><W30/><G130/><T83/><D31/><U60/><E14/><V90/><F100/><W6/><G6/><T77/><D125/><N who="1" m="48203" /><E1/><V94/><F17/><W65/><G30/><T111/><D111/><U102/><E102/><V105/><F9/><W44/><G71/><T113/><D113/><U59/><AGARI ba="3,0" hai="22,26,29,53,59,60,95,97,101,132,133" m="48203" machi="59" ten="30,1500,0" yaku="18,1" doraHai="34" who="1" fromWho="1" sc="188,-8,159,24,336,-8,317,-8" /><INIT seed="5,4,0,3,1,125" ten="180,183,328,309" oya="1" hai0="5,95,41,73,42,74,55,128,68,27,70,76,133" hai1="29,110,59,71,6,46,20,35,8,1,43,26,60" hai2="32,62,79,63,15,130,0,33,34,106,11,28,84" hai3="118,107,10,109,47,45,89,96,91,81,101,21,97"/><U13/><E110/><V85/><F106/><W77/><G109/><T78/><D5/><U4/><E71/><V103/><F103/><W44/><G118/><T58/><D27/><U116/><E116/><V67/><F0/><W25/><G10/><T24/><D24/><U48/><E4/><V131/><F28/><W104/><G96/><T90/><D133/><U53/><REACH who="1" step="1"/><E1/><REACH who="1" ten="180,173,328,309" step="2"/><V88/><F79/><W100/><G104/><T40/><D70/><U98/><E98/><V64/><F85/><W51/><G100/><T94/><D68/><U113/><E113/><V52/><F63/><W49/><G91/><T102/><D78/><U87/><E87/><V132/><F132/><W129/><G89/><T39/><D76/><U99/><E99/><V124/><F124/><W105/><G105/><T115/><D115/><U83/><E83/><V65/><F84/><W54/><G81/><T31/><D102/><U3/><E3/><V22/><F88/><W69/><G77/><T2/><D2/><U12/><E12/><V114/><F114/><W50/><G69/><T80/><D80/><U14/><E14/><V16/><REACH who="2" step="1"/><F11/><REACH who="2" ten="180,173,318,309" step="2"/><W82/><G82/><T126/><D90/><U30/><E30/><V19/><F19/><W135/><G135/><T112/><D31/><U122/><E122/><V93/><F93/><W72/><G107/><T92/><D126/><U108/><E108/><V17/><F17/><N who="3" m="12463" /><G101/><T23/><D112/><U117/><E117/><V18/><F18/><W123/><G97/><T86/><D95/><U121/><E121/><V37/><F37/><W66/><G123/><RYUUKYOKU ba="4,2" sc="180,-15,173,15,318,15,309,-15" hai1="6,8,13,20,26,29,35,43,46,48,53,59,60" hai2="15,16,22,32,33,34,52,62,64,65,67,130,131" /><INIT seed="5,5,2,0,4,125" ten="165,188,333,294" oya="1" hai0="20,90,111,89,66,27,119,124,60,29,88,10,77" hai1="81,19,48,114,72,121,61,8,2,129,86,122,26" hai2="6,4,45,130,109,42,5,47,91,98,82,31,133" hai3="52,106,135,70,83,44,62,73,21,59,11,120,24"/><U51/><E72/><V49/><F109/><W113/><G120/><T13/><D111/><U30/><E114/><V105/><F133/><W25/><G106/><T46/><D124/><U103/><E103/><V36/><F31/><W40/><G135/><T118/><D77/><U9/><E61/><V53/><F105/><W96/><G113/><T134/><D134/><U102/><E102/><V71/><F71/><W18/><G70/><T56/><REACH who="0" step="1"/><D46/><REACH who="0" ten="155,188,333,294" step="2"/><U39/><E122/><V78/><F78/><W34/><G44/><T100/><D100/><U80/><E121/><V50/><F36/><W92/><G73/><T38/><D38/><U3/><E39/><V116/><F116/><W32/><G40/><T131/><D131/><U97/><E129/><V35/><F130/><W0/><G32/><T68/><D68/><U79/><E79/><V57/><F35/><W87/><G34/><T58/><D58/><U28/><E86/><N who="2" m="50647" /><F98/><W128/><G128/><T74/><D74/><U15/><E97/><V7/><N who="2" m="1024" /><DORA hai="110" /><V115/><F115/><W12/><G0/><T127/><D127/><U126/><E126/><V76/><F76/><N who="3" m="46567" /><G11/><T1/><D1/><U112/><E112/><V85/><F85/><W99/><G99/><T101/><D101/><AGARI ba="5,3" hai="12,18,21,24,25,52,59,62,92,96,101" m="46567" machi="101" ten="30,2000,0" yaku="8,1,54,1" doraHai="125,110" who="3" fromWho="0" sc="155,-35,188,0,333,0,294,65" /><INIT seed="6,0,0,4,1,83" ten="120,188,333,359" oya="2" hai0="70,32,105,111,33,77,59,98,119,45,18,17,35" hai1="96,67,116,134,66,123,100,79,122,55,68,53,36" hai2="39,50,135,8,127,21,71,51,47,40,86,75,61" hai3="89,1,92,74,37,114,54,109,2,11,57,62,9"/><V104/><F75/><W87/><G109/><T73/><D70/><U12/><E116/><V52/><F104/><W46/><G74/><T90/><D111/><U108/><E108/><V128/><F128/><W64/><G1/><T7/><D119/><U25/><E36/><V125/><F135/><W41/><G114/><T133/><D133/><U14/><E79/><V22/><F50/><W121/><G121/><N who="1" m="46090" /><E25/><V38/><F38/><W110/><G2/><T130/><D130/><U84/><E84/><V4/><F86/><W95/><G110/><T112/><D112/><U69/><E134/><V30/><F30/><W23/><G95/><T81/><D7/><U42/><E42/><V10/><F10/><W15/><G64/><N who="1" m="24618" /><E14/><V65/><F125/><W31/><G31/><T0/><D0/><U99/><E12/><N who="2" m="5127" /><F127/><W131/><G131/><T72/><D72/><U82/><E82/><V78/><F78/><W103/><G103/><T63/><D45/><U88/><E88/><V117/><F117/><W27/><G27/><T85/><D59/><AGARI ba="0,0" hai="21,22,39,40,47,51,52,59,61,65,71" m="5127" machi="59" ten="30,2900,0" yaku="24,1,54,1" doraHai="83" who="2" fromWho="0" sc="120,-29,188,0,333,29,359,0" /><INIT seed="6,1,0,0,3,49" ten="91,188,362,359" oya="2" hai0="9,60,80,8,32,122,118,48,112,116,79,20,70" hai1="73,58,54,121,59,83,36,41,98,11,114,106,37" hai2="74,6,96,111,120,35,65,89,119,68,108,46,93" hai3="64,28,33,10,81,134,105,38,84,52,2,1,78"/><V75/><F35/><W13/><G38/><T12/><D32/><U61/><E114/><V31/><F31/><W18/><G105/><T97/><D112/><U86/><E73/><V92/><F6/><W19/><G64/><T53/><D122/><U115/><E41/><V16/><F120/><W104/><G104/><T87/><D97/><U117/><E117/><V130/><F119/><W133/><G19/><T15/><D20/><U82/><E82/><V128/><F46/><W109/><G109/><N who="2" m="42057" /><F65/><W50/><G28/><T56/><D70/><U45/><E45/><V5/><F5/><W69/><G69/><T67/><D118/><U43/><E43/><V88/><F16/><W103/><G103/><T25/><D25/><U29/><E29/><V39/><F39/><W123/><G33/><T23/><D116/><U63/><E11/><V91/><F68/><W7/><G7/><T72/><D72/><N who="2" m="27690" /><F96/><W126/><G126/><T21/><D9/><U101/><E115/><V94/><AGARI ba="1,0" hai="88,89,91,92,93,94,128,130" m="27690,42057" machi="94" ten="40,18000,2" yaku="28,2,10,1,34,2,54,1" doraHai="49" who="2" fromWho="2" sc="91,-61,188,-61,362,183,359,-61" /><INIT seed="6,2,0,5,2,84" ten="30,127,545,298" oya="2" hai0="20,123,132,82,37,36,42,95,46,106,75,4,124" hai1="122,85,49,99,70,114,116,111,48,107,35,101,30" hai2="71,74,45,6,2,65,8,100,77,28,93,19,64" hai3="60,50,63,89,119,117,127,73,86,55,128,80,11"/><V9/><F28/><W56/><G128/><T18/><D123/><U51/><E116/><V67/><F74/><W68/><G127/><T83/><D106/><U87/><E111/><V129/><F77/><W5/><G73/><T58/><D124/><U130/><E130/><V109/><F129/><W26/><G26/><T47/><D132/><U31/><BYE who="2" /><E31/><V54/><F54/><W7/><G7/><T10/><D58/><U17/><E114/><V23/><F23/><W115/><G115/><T125/><D125/><U1/><E1/><V44/><F44/><W32/><G32/><T57/><D57/><U40/><E40/><V52/><F52/><W72/><G72/><T38/><D75/><U94/><E17/><V110/><F110/><W102/><G102/><T0/><D95/><U14/><E14/><V25/><F25/><W12/><REACH who="3" step="1"/><G63/><REACH who="3" ten="30,127,545,288" step="2"/><T79/><D79/><U76/><E35/><V135/><F135/><W15/><G15/><T78/><D78/><U133/><E133/><V24/><F24/><W97/><G97/><T61/><D61/><U53/><E99/><V104/><F104/><W96/><G96/><T81/><REACH who="0" step="1"/><D42/><REACH who="0" ten="20,127,545,288" step="2"/><U59/><E76/><V103/><F103/><W69/><G69/><T134/><D134/><U3/><E70/><V105/><F105/><W118/><G118/><T88/><D88/><U90/><E90/><V13/><F13/><AGARI ba="2,2" hai="0,4,10,13,18,20,36,37,38,46,47,81,82,83" machi="13" ten="50,3200,0" yaku="1,1,53,1" doraHai="84" doraHaiUra="33" who="0" fromWho="2" sc="20,58,127,0,545,-38,288,0" /><INIT seed="7,0,0,2,0,62" ten="78,127,507,288" oya="3" hai0="11,8,109,103,102,129,64,135,95,74,14,69,72" hai1="133,44,42,61,76,28,9,75,15,119,100,87,17" hai2="99,47,114,105,97,59,107,1,26,4,73,124,127" hai3="115,121,52,36,82,65,60,83,78,54,96,134,51"/><W6/><G121/><T104/><D109/><U106/><E75/><V40/><F40/><W132/><G36/><T21/><D129/><U13/><E133/><N who="3" m="51306" /><G115/><T118/><D118/><U24/><E119/><V80/><F80/><N who="3" m="30763" /><G78/><T10/><D135/><U66/><E87/><V70/><F70/><N who="3" m="42279" /><G6/><T67/><D69/><U35/><E76/><V56/><F56/><W12/><G12/><T93/><D14/><N who="1" m="7375" /><E44/><V111/><F111/><W5/><G5/><T27/><D74/><U30/><E42/><V77/><F77/><W63/><G51/><T45/><D72/><U53/><E30/><V31/><F31/><W41/><G41/><T43/><D43/><U123/><E123/><V55/><F55/><W112/><G112/><T16/><D45/><U71/><E53/><V22/><F22/><W32/><G32/><T91/><D104/><U85/><E85/><V58/><F58/><W122/><G122/><T33/><D33/><U81/><E81/><V98/><F98/><AGARI ba="0,0" hai="13,15,24,28,35,61,66,71,98,100,106" m="7375" machi="98" ten="30,2000,0" yaku="25,1,52,1" doraHai="62" who="1" fromWho="2" sc="78,0,127,20,507,-20,288,0" owari="78,-42.2,147,-25.3,487,58.7,288,8.8" /></mjloggm>