<mjloggm ver="2.3"><GO type="169" lobby="0"/><UN n0="%E3%83%AD%E3%83%99%E3%83%AB%E3%82%BF%E3%81%95%E3%82%93%EF%BC%A0" n1="%E8%A6%9A%E9%86%92%E3%81%97%E3%81%9F%E3%81%A8%E3%81%BE%E3%81%A8" n2="%53%6F%6C%69%64" n3="%E8%B5%A4%E7%BE%8E%E6%BF%83%E3%81%BE%E3%81%90%E3%82%8D" dan="16,16,17,17" rate="2125.51,2119.54,2162.63,2212.77" sx="F,M,M,M"/><TAIKYOKU oya="0"/><INIT seed="0,0,0,5,2,83" ten="250,250,250,250" oya="0" hai0="57,116,32,80,29,24,73,5,88,128,90,6,111" hai1="135,38,105,55,82,68,64,11,120,115,23,36,51" hai2="44,34,121,134,60,100,8,112,4,85,53,61,122" hai3="25,39,74,18,30,71,99,35,42,2,26,17,108"/><T78/><D128/><U91/><E120/><V45/><F112/><W66/><G25/><T114/><D114/><U109/><E115/><V75/><F75/><W9/><G18/><T104/><D104/><U102/><E109/><V50/><F34/><W69/><G17/><T124/><D124/><U129/><E129/><V22/><F134/><W59/><G59/><T70/><D70/><U3/><E135/><V40/><F100/><W132/><G66/><T19/><D116/><U97/><E23/><V37/><F22/><W92/><G92/><T84/><D111/><U20/><E20/><V89/><F121/><W72/><G99/><T52/><D19/><U86/><E64/><V33/><F33/><W103/><G103/><T15/><D15/><U123/><E68/><N who="3" m="26186" /><G108/><T41/><D41/><U96/><E97/><V95/><REACH who="2" step="1"/><F122/><REACH who="2" ten="250,250,240,250" step="2"/><W113/><G113/><T62/><REACH who="0" step="1"/><D90/><REACH who="0" ten="240,250,240,250" step="2"/><U21/><E123/><V58/><F58/><W7/><G132/><T54/><D54/><U56/><E56/><V93/><F93/><AGARI ba="0,2" hai="5,6,24,29,32,52,57,62,73,78,80,84,88,93" machi="93" ten="30,12000,1" yaku="1,1,7,1,52,1,54,2,53,0" doraHai="83" doraHaiUra="47" who="0" fromWho="2" sc="240,140,250,0,240,-120,250,0" /><INIT seed="0,1,0,4,3,77" ten="380,250,120,250" oya="0" hai0="71,7,127,59,125,70,129,120,17,102,5,124,58" hai1="85,96,88,69,72,122,25,61,34,95,45,60,67" hai2="132,33,10,115,106,94,97,9,20,55,3,14,84" hai3="44,30,27,99,28,89,62,133,13,57,49,111,2"/><T98/><D120/><U53/><E122/><V123/><F123/><W21/><G2/><T36/><D36/><U42/><E72/><V91/><F115/><W135/><G111/><T52/><D129/><U23/><E34/><V63/><F33/><W93/><G13/><T47/><D59/><U92/><E53/><V66/><F132/><W128/><G128/><T74/><D74/><U107/><E61/><V86/><F55/><W112/><G112/><T6/><D17/><U38/><E107/><V105/><F3/><W43/><REACH who="3" step="1"/><G28/><REACH who="3" ten="380,250,120,240" step="2"/><T109/><D109/><U48/><E38/><V113/><F113/><W12/><G12/><T104/><REACH who="0" step="1"/><D47/><REACH who="0" ten="370,250,120,240" step="2"/><U114/><E114/><V39/><F39/><W16/><G16/><T103/><D103/><U75/><E75/><V108/><F108/><W35/><G35/><T24/><D24/><U90/><E25/><V118/><F118/><W87/><G87/><T83/><D83/><U46/><E45/><V126/><F86/><W26/><G26/><T134/><D134/><U121/><E121/><V131/><F131/><W79/><G79/><T32/><D32/><U1/><E85/><V15/><F84/><W119/><G119/><T81/><D81/><U76/><E76/><V4/><F10/><W51/><G51/><AGARI ba="1,2" hai="5,6,7,51,52,58,70,71,98,102,104,124,125,127" machi="51" ten="50,9600,0" yaku="1,1,18,1,54,1,53,0" doraHai="77" doraHaiUra="22" who="0" fromWho="3" sc="370,119,250,0,120,0,240,-99" /><INIT seed="0,2,0,0,0,52" ten="489,250,120,141" oya="0" hai0="3,36,12,130,103,81,78,31,112,8,110,30,18" hai1="58,115,25,107,129,6,45,99,101,57,5,119,63" hai2="118,15,82,105,70,124,64,19,100,34,133,134,74" hai3="128,80,106,44,48,89,9,121,62,117,96,73,83"/><T17/><D130/><U66/><E119/><V113/><F113/><W38/><G117/><T0/><D112/><U42/><E115/><V54/><F118/><W77/><G128/><T41/><D103/><U132/><E129/><V85/><F34/><W56/><G38/><T28/><D110/><U90/><E132/><N who="2" m="50795" /><F74/><W4/><G121/><T37/><D18/><U16/><E90/><V123/><F123/><W51/><G83/><T91/><D91/><U98/><E99/><N who="2" m="61599" /><F124/><W55/><G44/><T39/><REACH who="0" step="1"/><D41/><REACH who="0" ten="479,250,120,141" step="2"/><U53/><E16/><V50/><F19/><W61/><G89/><T125/><D125/><U49/><REACH who="1" step="1"/><E25/><REACH who="1" ten="479,240,120,141" step="2"/><V86/><F86/><AGARI ba="2,2" hai="0,3,8,12,17,28,30,31,36,37,39,78,81,86" machi="86" ten="50,2400,0" yaku="1,1,53,0" doraHai="52" doraHaiUra="21" who="0" fromWho="2" sc="479,50,240,0,120,-30,141,0" /><INIT seed="0,3,0,0,0,33" ten="529,240,90,141" oya="0" hai0="112,131,14,89,120,43,124,96,77,23,70,74,20" hai1="64,110,49,19,129,98,95,106,0,16,92,52,83" hai2="76,18,11,32,46,73,115,111,121,81,1,102,109" hai3="125,99,41,67,93,56,4,29,72,54,127,117,88"/><T113/><D70/><U128/><E110/><N who="2" m="41995" /><F121/><W42/><G117/><T84/><D43/><U44/><E64/><V91/><F115/><W65/><G72/><T12/><D96/><U130/><E0/><V57/><F32/><W21/><G4/><T132/><D74/><U8/><E83/><V62/><F102/><W35/><G35/><T60/><D60/><U85/><E85/><V55/><F46/><W47/><G29/><T26/><D84/><U100/><E8/><V7/><F18/><AGARI ba="3,0" hai="16,18,19,44,49,52,92,95,98,100,106,128,129,130" machi="18" ten="40,5200,0" yaku="19,1,54,2" doraHai="33" who="1" fromWho="2" sc="529,0,240,61,90,-61,141,0" /><INIT seed="1,0,0,0,4,120" ten="529,301,29,141" oya="1" hai0="131,128,101,96,69,18,24,83,99,0,85,70,16" hai1="50,14,92,5,79,1,17,52,8,119,42,19,28" hai2="36,103,62,102,76,78,74,57,86,39,40,111,55" hai3="80,9,98,46,23,60,33,47,53,115,45,22,37"/><U118/><E42/><V124/><F124/><W81/><G33/><T91/><D0/><U2/><E28/><V107/><F74/><W66/><G37/><T87/><D99/><U106/><E106/><V133/><F133/><W44/><G115/><T117/><D85/><U84/><E2/><V41/><F107/><W135/><G135/><T114/><D114/><U61/><E61/><V4/><F4/><W113/><G113/><T48/><D48/><U95/><E19/><N who="0" m="7209" /><D24/><U11/><E95/><V68/><F68/><W38/><G38/><T21/><D21/><U59/><REACH who="1" step="1"/><E92/><REACH who="1" ten="529,291,29,141" step="2"/><V56/><F62/><W127/><G60/><T63/><D63/><U77/><E77/><V20/><F55/><W3/><G3/><T58/><D69/><U65/><E65/><V72/><F72/><W112/><G66/><T130/><D70/><U64/><E64/><V116/><F116/><W94/><G53/><T108/><D117/><U122/><E122/><V90/><F90/><W123/><G112/><T26/><D91/><U82/><AGARI ba="0,1" hai="1,5,8,11,14,17,50,52,59,79,82,84,118,119" machi="82" ten="30,12000,1" yaku="1,1,0,1,54,1,53,2" doraHai="120" doraHaiUra="6" who="1" fromWho="1" sc="529,-40,291,130,29,-40,141,-40" owari="489,58.9,421,22.1,-11,-51.1,101,-29.9" /></mjloggm>