<mjloggm ver="2.3"><GO type="169" lobby="0"/><UN n0="%E3%83%AD%E3%83%AD%E3%82%93" n1="%E5%8B%98%E5%BC%81%E3%81%97%E3%81%A6%E3%82%88" n2="%4C%C3%97%57%C3%97%4C" n3="%E7%8F%BE%E5%A0%B4%E3%81%AD%E3%81%93" dan="16,17,17,16" rate="2156.36,2210.47,2174.08,2068.24" sx="M,M,M,M"/><TAIKYOKU oya="0"/><INIT seed="0,0,0,5,4,75" ten="250,250,250,250" oya="0" hai0="97,114,82,10,119,40,2,130,53,57,115,62,122" hai1="30,67,33,79,29,80,81,106,107,3,8,26,50" hai2="16,43,124,111,65,83,48,86,109,128,132,47,6" hai3="84,58,93,42,17,99,129,18,131,63,54,52,90"/><T113/><D122/><U74/><E67/><V11/><F128/><W70/><G70/><T56/><D130/><U59/><E30/><V76/><F132/><W116/><G116/><T121/><D121/><U60/><E50/><V98/><F124/><W120/><G120/><T27/><D119/><U46/><E46/><V68/><F98/><W22/><G42/><T39/><D97/><U34/><E34/><V7/><F65/><W20/><G54/><T133/><D133/><U51/><E51/><V64/><F64/><W35/><G35/><T87/><D27/><U105/><E80/><V12/><REACH who="2" step="1"/><F68/><REACH who="2" ten="250,250,240,250" step="2"/><W127/><G127/><T32/><D113/><U25/><E59/><V9/><F9/><W89/><G131/><T96/><D57/><U5/><REACH who="1" step="1"/><E26/><REACH who="1" ten="250,240,240,250" step="2"/><V123/><F123/><W88/><G129/><T28/><D114/><U135/><E135/><V78/><F78/><W72/><G99/><T71/><D96/><U118/><E118/><V73/><F73/><W38/><G38/><T4/><D115/><U92/><E92/><V100/><F100/><W103/><G103/><T126/><D126/><U117/><E117/><V36/><F36/><W112/><G112/><T1/><D39/><U55/><E55/><V23/><F23/><W101/><G101/><T125/><D125/><U41/><E41/><V61/><F61/><AGARI ba="0,2" hai="3,5,8,25,29,33,60,61,74,79,81,105,106,107" machi="61" ten="40,2600,0" yaku="1,1,52,1,53,0" doraHai="75" doraHaiUra="66" who="1" fromWho="2" sc="250,0,240,46,240,-26,250,0" /><INIT seed="1,0,0,3,3,31" ten="250,286,214,250" oya="1" hai0="51,74,84,15,113,48,53,123,32,109,119,85,0" hai1="86,19,54,91,65,105,58,92,69,94,99,40,64" hai2="129,75,83,18,73,41,39,45,17,97,82,57,55" hai3="63,61,93,36,60,134,9,66,95,111,76,117,33"/><U26/><E105/><V47/><F129/><W135/><G36/><T67/><D67/><U110/><E110/><V49/><F97/><W21/><G111/><T35/><D74/><U121/><E40/><V131/><F131/><W1/><G117/><T70/><D109/><U4/><E4/><V124/><F124/><W62/><G76/><T107/><D0/><U114/><E69/><V16/><REACH who="2" step="1"/><F47/><REACH who="2" ten="250,286,204,250" step="2"/><W90/><G134/><T125/><D125/><U12/><E121/><V108/><F108/><W106/><G135/><T11/><D119/><U2/><E114/><V78/><F78/><W132/><G132/><T133/><D133/><U8/><E2/><V43/><F43/><W71/><G106/><T118/><D107/><U22/><E99/><V30/><F30/><W37/><G1/><T122/><D113/><U87/><E87/><V6/><F6/><W46/><G46/><T10/><D118/><U38/><E38/><V14/><F14/><W103/><G37/><T34/><D15/><U120/><E120/><V3/><F3/><W5/><G5/><T80/><D85/><U56/><E12/><V116/><F116/><W24/><G71/><T72/><D70/><U77/><E77/><V115/><F115/><W13/><G13/><T127/><D127/><U126/><E126/><V89/><F89/><W27/><G90/><T25/><D84/><N who="1" m="52327" /><E56/><V96/><F96/><W52/><G66/><T28/><D123/><U101/><E8/><V50/><F50/><W100/><G100/><T81/><D122/><U29/><E101/><V7/><F7/><W44/><G103/><RYUUKYOKU ba="0,1" sc="250,-10,286,-10,204,30,250,-10" hai2="16,17,18,39,41,45,49,55,57,73,75,82,83" /><INIT seed="2,1,1,0,4,112" ten="240,276,234,240" oya="2" hai0="130,69,121,68,50,46,53,84,61,127,24,123,81" hai1="56,64,71,54,97,104,32,51,73,102,26,132,0" hai2="42,52,1,47,60,72,91,106,70,96,122,108,15" hai3="109,39,65,67,5,100,107,19,29,6,101,110,58"/><V63/><F122/><W3/><G39/><T88/><D127/><U10/><E73/><V59/><F1/><W74/><G74/><T85/><D130/><U103/><E132/><V120/><F120/><W131/><G131/><T55/><D24/><U22/><E32/><V45/><F72/><W95/><G107/><T79/><D55/><U92/><E71/><V114/><F114/><W23/><G29/><T99/><D99/><U14/><E0/><V25/><F108/><W41/><G41/><T135/><D69/><U17/><E64/><N who="3" m="24650" /><G58/><T11/><D11/><U7/><REACH who="1" step="1"/><E104/><REACH who="1" ten="240,266,234,240" step="2"/><V36/><F106/><W129/><G3/><T89/><D135/><U38/><E38/><V16/><F70/><W28/><G109/><T62/><D68/><U18/><E18/><V105/><F105/><W133/><G133/><T27/><D123/><U87/><E87/><V113/><F113/><W82/><G110/><T124/><D121/><U116/><E116/><V21/><F47/><W13/><G129/><T48/><D46/><U76/><E76/><V115/><F115/><W83/><G28/><T49/><D79/><U94/><E94/><N who="2" m="56415" /><F15/><W78/><G78/><T20/><D53/><U93/><E93/><V98/><F98/><N who="3" m="59487" /><G101/><AGARI ba="1,2" hai="7,10,14,17,22,26,51,54,56,92,97,101,102,103" machi="101" ten="30,3900,0" yaku="1,1,7,1,8,1,53,0" doraHai="112" doraHaiUra="111" who="1" fromWho="3" sc="240,0,266,62,234,0,240,-42" /><INIT seed="3,0,0,1,2,124" ten="240,328,234,198" oya="3" hai0="91,64,25,5,40,0,109,29,55,11,87,79,108" hai1="17,33,117,30,115,122,44,111,114,1,121,75,126" hai2="112,101,51,127,113,63,27,118,8,53,50,76,100" hai3="102,57,56,12,38,22,84,61,72,48,39,15,32"/><W116/><G72/><T59/><D40/><U119/><E44/><V94/><F118/><N who="1" m="45065" /><E75/><V26/><F127/><W105/><G32/><T13/><D79/><U58/><E1/><V71/><F76/><W36/><G116/><T10/><D64/><U67/><E126/><V69/><F94/><W83/><G48/><T34/><D11/><U78/><E78/><V90/><F8/><W70/><G70/><T7/><D7/><U66/><E17/><V21/><F21/><W42/><G42/><T133/><D133/><U74/><E74/><V132/><F63/><W28/><G57/><T9/><D9/><U65/><E30/><V31/><F31/><W134/><G134/><T80/><REACH who="0" step="1"/><D13/><REACH who="0" ten="230,328,234,198" step="2"/><U92/><E66/><V54/><F132/><W18/><G12/><T35/><D35/><U125/><E33/><V20/><F20/><W14/><G14/><T128/><D128/><U62/><E125/><V99/><F99/><W19/><G15/><T123/><D123/><N who="1" m="47115" /><E67/><V82/><F54/><W47/><G22/><T106/><D106/><U49/><E92/><V95/><F95/><W43/><G105/><T103/><D103/><U6/><E6/><V89/><F53/><N who="3" m="33935" /><G102/><T41/><D41/><U24/><E24/><V45/><F45/><W104/><G104/><T135/><D135/><U85/><E65/><V23/><F23/><W81/><G47/><T46/><D46/><U129/><E58/><V93/><F93/><W120/><G43/><T16/><D16/><N who="3" m="6185" /><G120/><T88/><D88/><U3/><E3/><V110/><F90/><N who="3" m="51471" /><G28/><T96/><D96/><U68/><E68/><RYUUKYOKU ba="0,1" sc="230,15,328,-15,234,-15,198,15" hai0="0,5,10,25,29,34,55,59,80,87,91,108,109" hai3="36,38,39,83" /><INIT seed="3,1,1,1,1,82" ten="245,313,219,213" oya="3" hai0="85,19,134,72,86,41,35,34,51,53,14,70,113" hai1="52,10,2,112,62,58,37,27,18,111,97,64,110" hai2="127,116,108,76,4,22,132,54,48,17,114,102,87" hai3="29,129,75,88,63,9,16,99,73,126,65,121,68"/><W6/><G121/><T133/><D72/><U122/><E37/><V25/><F114/><W33/><G126/><T13/><D70/><U104/><E112/><V59/><F116/><W20/><G29/><T94/><D41/><U12/><E122/><V55/><F127/><W84/><G99/><T92/><D113/><U1/><E27/><V130/><F108/><N who="1" m="41513" /><E64/><V57/><F130/><W7/><G33/><T60/><D60/><U8/><E10/><V96/><F4/><W23/><G6/><T38/><D38/><U32/><E32/><V106/><F132/><N who="0" m="50794" /><D35/><U66/><E66/><V36/><F36/><W5/><G5/><T109/><D34/><U103/><AGARI ba="1,1" hai="1,2,8,12,18,52,58,62,97,103,104" m="41513" machi="103" ten="30,2000,0" yaku="14,1,54,1" doraHai="82" who="1" fromWho="1" sc="245,-6,313,33,219,-6,213,-11" /><INIT seed="4,0,0,0,4,130" ten="239,346,213,202" oya="0" hai0="46,93,96,28,59,88,54,94,92,4,19,76,6" hai1="108,3,30,62,20,124,44,71,90,105,67,129,82" hai2="38,11,52,13,120,69,119,121,79,5,87,83,100" hai3="21,65,58,84,66,25,122,45,132,15,74,126,42"/><T98/><D76/><U39/><E108/><V95/><F119/><W29/><G74/><T40/><D28/><U34/><E20/><V24/><F38/><W77/><G126/><T51/><D19/><U12/><E12/><V22/><F69/><W101/><G122/><T9/><D6/><U41/><E90/><V10/><F10/><W113/><G113/><T47/><D47/><U48/><E82/><V106/><F106/><W17/><G101/><T27/><D27/><N who="1" m="18783" /><E48/><V80/><F80/><W23/><G58/><T110/><D110/><U112/><E129/><V36/><F36/><W107/><G107/><T85/><D98/><U70/><E112/><V53/><F121/><W55/><G55/><T111/><D111/><U1/><E71/><V114/><F120/><W115/><G132/><T99/><D99/><U134/><E134/><V64/><F114/><W31/><G31/><T33/><D33/><U50/><E50/><V73/><F64/><W37/><REACH who="3" step="1"/><G115/><REACH who="3" ten="239,346,213,192" step="2"/><T91/><D59/><U68/><E105/><V2/><F73/><W14/><G14/><N who="0" m="5415" /><D54/><U86/><E70/><V103/><F13/><W109/><G109/><T57/><D57/><U49/><E124/><V35/><F103/><W123/><G123/><T75/><D75/><U117/><E68/><V18/><F35/><W78/><G78/><T135/><D135/><U8/><E1/><V131/><F131/><W102/><G102/><T89/><D89/><U72/><E72/><V60/><F60/><W116/><G116/><T63/><D63/><U128/><E117/><V16/><F18/><W118/><G118/><RYUUKYOKU ba="0,1" sc="239,10,346,-30,213,10,192,10" hai0="40,46,51,85,88,91,92,93,94,96" hai2="2,5,11,16,22,24,52,53,79,83,87,95,100" hai3="15,17,21,23,25,29,37,42,45,65,66,77,84" /><INIT seed="4,1,1,0,5,111" ten="249,316,223,202" oya="0" hai0="43,81,30,124,118,23,61,87,27,110,44,70,92" hai1="12,15,96,1,113,48,38,57,32,22,54,83,119" hai2="6,91,99,7,55,74,122,84,25,117,34,67,11" hai3="13,97,51,16,80,125,107,21,89,77,63,50,105"/><T66/><D118/><U100/><E38/><V93/><F122/><W85/><G125/><T52/><D124/><U121/><E32/><V132/><F74/><W134/><G134/><T73/><D73/><U104/><E121/><V120/><F120/><W5/><G107/><T8/><D110/><U71/><E119/><V56/><F132/><W40/><G40/><T33/><D92/><U58/><E71/><V127/><F117/><W133/><G133/><T18/><D8/><U95/><E1/><V94/><F67/><W90/><G5/><T42/><D44/><U37/><E37/><V129/><F129/><W65/><G105/><T128/><D128/><U14/><E113/><V39/><F39/><W102/><G102/><T46/><D46/><N who="1" m="27927" /><E104/><V114/><F114/><W20/><G20/><T41/><D52/><U86/><E22/><V75/><F75/><W36/><G36/><T17/><REACH who="0" step="1"/><D33/><REACH who="0" ten="239,316,223,202" step="2"/><U106/><E106/><V79/><F34/><W103/><G50/><T72/><D72/><U45/><E45/><V10/><F127/><W4/><G51/><T28/><D28/><U0/><E0/><V126/><F126/><W116/><G116/><T101/><D101/><U82/><E82/><N who="2" m="47199" /><F93/><N who="3" m="58799" /><G4/><T135/><D135/><U53/><E53/><V35/><F6/><W108/><G108/><T62/><D62/><U123/><E123/><V115/><F7/><W109/><G109/><T26/><D26/><U69/><E83/><V47/><F47/><W59/><AGARI ba="1,2" hai="13,16,21,59,63,65,77,80,85,89,90" m="58799" machi="59" ten="30,2000,0" yaku="8,1,54,1" doraHai="111" who="3" fromWho="3" sc="239,-11,316,-6,223,-6,202,43" /><INIT seed="5,0,0,1,0,94" ten="228,310,217,245" oya="1" hai0="131,121,58,96,129,117,11,89,36,127,113,133,13" hai1="37,59,8,76,46,66,60,2,65,115,45,104,38" hai2="67,40,124,43,118,71,61,6,110,32,74,64,62" hai3="31,56,77,57,49,109,80,33,47,105,18,15,14"/><U9/><E104/><V85/><F74/><W28/><G109/><T93/><D36/><U5/><E76/><V100/><F110/><W86/><G105/><T132/><D117/><U78/><E78/><V125/><F32/><W68/><G68/><T30/><D30/><N who="3" m="11305" /><G33/><T42/><D42/><N who="2" m="15914" /><F100/><W54/><G14/><T123/><D58/><U83/><E83/><V79/><F85/><W10/><AGARI ba="0,0" hai="10,15,18,47,49,54,56,57,77,80,86" m="11305" machi="10" ten="30,1100,0" yaku="8,1" doraHai="94" who="3" fromWho="3" sc="228,-3,310,-5,217,-3,245,11" /><INIT seed="6,0,0,0,2,56" ten="225,305,214,256" oya="2" hai0="41,49,124,87,73,72,100,122,123,21,101,17,66" hai1="80,4,57,129,9,125,47,79,22,86,83,38,111" hai2="117,78,27,77,97,40,113,120,19,89,106,96,11" hai3="7,28,58,70,132,135,33,119,110,3,114,36,20"/><V55/><F117/><W65/><G119/><T68/><D124/><U42/><E111/><V12/><F120/><W16/><G110/><T26/><D68/><U93/><E125/><V102/><F113/><W126/><G36/><T23/><D66/><U44/><E129/><V10/><F40/><W51/><G70/><T92/><D101/><U48/><E57/><V121/><F121/><W25/><G126/><T116/><D116/><U46/><E38/><V99/><F55/><W13/><G114/><T98/><D87/><U105/><E105/><V104/><F27/><W109/><G109/><T118/><D118/><U24/><E93/><V91/><F10/><N who="3" m="2431" /><G51/><T95/><D95/><U75/><E80/><V32/><F32/><W39/><G39/><T54/><D41/><U64/><E75/><V94/><REACH who="2" step="1"/><F89/><REACH who="2" ten="225,305,204,256" step="2"/><W67/><G67/><T52/><D123/><U31/><E64/><V15/><F15/><AGARI ba="0,1" hai="4,9,15,22,24,31,42,44,46,47,48,79,83,86" machi="15" ten="30,7700,0" yaku="7,1,25,2,8,1" doraHai="56" who="1" fromWho="2" sc="225,0,305,87,204,-77,256,0" /><INIT seed="7,0,0,5,2,55" ten="225,392,127,256" oya="3" hai0="84,48,130,79,54,6,126,72,21,123,104,5,44" hai1="40,135,125,36,37,50,118,67,91,132,133,134,16" hai2="100,9,24,97,107,13,10,52,41,64,86,45,1" hai3="117,90,112,3,89,129,22,98,101,103,61,76,78"/><W111/><G3/><T63/><D104/><U109/><E133/><V46/><F1/><W39/><G39/><T34/><D34/><U71/><E109/><V19/><F64/><W114/><G61/><T2/><D126/><U31/><E125/><V30/><F86/><W106/><G22/><T87/><D130/><U14/><E31/><V128/><F128/><W93/><G129/><T110/><D110/><U115/><E115/><V18/><F41/><W57/><G57/><T105/><D105/><U131/><E131/><V69/><F69/><W4/><G4/><T62/><D21/><U43/><E118/><V81/><F81/><W68/><G68/><T35/><D35/><U119/><E119/><V113/><F113/><W121/><G117/><T73/><D79/><U70/><E91/><V108/><F108/><W53/><G53/><T127/><D127/><U7/><E7/><V124/><F124/><W58/><G76/><T102/><D6/><U60/><E70/><V11/><F45/><W65/><G78/><T33/><D33/><U59/><E71/><V99/><F99/><W47/><G98/><T95/><D123/><U120/><E120/><V23/><REACH who="2" step="1"/><F30/><REACH who="2" ten="225,392,117,256" step="2"/><W96/><G96/><N who="0" m="59679" /><D87/><U38/><E43/><V85/><F85/><W88/><G111/><T12/><D84/><U29/><E29/><V32/><F32/><W82/><G112/><T75/><D2/><U92/><E40/><V51/><AGARI ba="0,1" hai="9,10,11,13,18,19,23,24,46,51,52,97,100,107" machi="51" ten="30,4000,0" yaku="1,1,0,1,54,1,53,0" doraHai="55" doraHaiUra="26" who="2" fromWho="2" sc="225,-10,392,-10,117,50,256,-20" owari="215,-18.5,382,48.2,167,-33.3,236,3.6" /></mjloggm>