<mjloggm ver="2.3"><GO type="169" lobby="0"/><UN n0="%E9%81%8B%E3%81%A7%E5%8B%9D%E3%81%A4" n1="%E3%81%9E%E3%81%88%E3%82%82%E3%82%93%E3%81%A7%E3%81%83" n2="%E3%81%A6%E3%82%93%E3%81%8F%E3%81%86" n3="%70%6F%6E%2D%65%6E" dan="17,16,16,16" rate="2159.38,2133.63,2194.60,2121.97" sx="M,M,M,F"/><TAIKYOKU oya="0"/><INIT seed="0,0,0,5,3,100" ten="250,250,250,250" oya="0" hai0="102,118,116,115,39,64,37,75,72,8,114,12,132" hai1="11,98,28,127,86,83,87,7,84,104,71,125,106" hai2="14,101,52,99,95,80,45,65,96,31,43,24,88" hai3="122,129,0,103,82,134,110,105,94,131,90,53,74"/><T34/><D64/><U97/><E71/><V89/><F65/><W19/><G19/><T38/><D12/><U121/><E28/><V5/><F80/><W4/><G53/><T57/><D57/><U50/><E121/><V78/><F78/><N who="3" m="44375" /><G4/><T27/><D8/><U46/><E83/><V29/><F43/><W2/><G2/><T60/><D60/><U58/><E58/><V6/><F6/><W62/><G62/><T67/><D67/><U40/><E98/><V92/><F101/><W10/><G10/><T123/><D123/><U126/><REACH who="1" step="1"/><E97/><REACH who="1" ten="250,240,250,250" step="2"/><V61/><F31/><W47/><G122/><T119/><D102/><U109/><E109/><V32/><F29/><W133/><G110/><T66/><D66/><U68/><E68/><V128/><F32/><W13/><G103/><T41/><D34/><U16/><E16/><V22/><F5/><W108/><G108/><T117/><D117/><U44/><E44/><V69/><F45/><W33/><G47/><N who="0" m="23983" /><D132/><U112/><E112/><N who="0" m="43049" /><D27/><U120/><E120/><V49/><F69/><W42/><G134/><T113/><N who="0" m="43057" /><T85/><DORA hai="26" /><D85/><U51/><E51/><V130/><F49/><W63/><G133/><T59/><D59/><U17/><E17/><N who="2" m="12367" /><F14/><AGARI ba="0,1" hai="7,11,14,40,46,50,84,86,87,104,106,125,126,127" machi="14" ten="50,8000,1" yaku="1,1,18,1,52,2,53,0" doraHai="100,26" doraHaiUra="93,18" who="1" fromWho="2" sc="250,0,240,90,250,-80,250,0" /><INIT seed="1,0,0,2,2,56" ten="250,330,170,250" oya="1" hai0="107,18,24,4,113,103,50,90,35,116,123,63,5" hai1="98,10,101,9,106,22,78,32,7,97,52,127,59" hai2="85,19,88,134,31,75,80,129,67,68,12,76,3" hai3="57,114,118,69,104,99,53,61,28,26,25,81,49"/><U45/><E32/><V125/><F3/><W60/><G114/><T96/><D113/><U92/><E127/><V102/><F125/><W121/><G121/><T94/><D116/><U30/><E45/><V100/><F134/><W72/><G118/><T64/><D123/><U120/><E120/><V109/><F109/><W79/><G69/><T41/><D41/><U117/><E117/><V44/><F31/><W122/><G122/><T91/><D50/><U38/><E38/><V40/><F129/><W42/><G42/><T2/><D2/><U73/><E73/><V135/><F135/><W131/><G131/><T124/><D124/><U6/><E78/><V112/><F112/><W93/><G104/><T115/><D115/><U65/><E65/><V58/><F68/><W55/><G55/><T20/><D35/><U130/><E130/><V82/><F58/><W33/><REACH who="3" step="1"/><G25/><REACH who="3" ten="250,330,170,240" step="2"/><T66/><D66/><U36/><E106/><V84/><F67/><W21/><G21/><T13/><D107/><U62/><E36/><V105/><F105/><W70/><G70/><T89/><REACH who="0" step="1"/><D24/><REACH who="0" ten="240,330,170,240" step="2"/><N who="1" m="16663" /><E10/><N who="2" m="6551" /><F75/><W27/><G27/><T39/><D39/><U14/><E9/><V11/><F11/><W119/><G119/><T108/><D108/><U83/><E7/><V74/><F74/><W133/><G133/><T87/><D87/><U126/><E6/><V34/><F34/><W111/><G111/><T43/><D43/><U86/><E126/><V0/><F0/><W8/><G8/><T15/><D15/><U95/><E14/><V132/><F132/><W77/><G77/><T110/><D110/><RYUUKYOKU ba="0,2" sc="240,10,330,-30,170,10,240,10" hai0="4,5,13,18,20,63,64,89,90,91,94,96,103" hai2="40,44,76,80,82,84,85,88,100,102" hai3="26,28,33,49,53,57,60,61,72,79,81,93,99" /><INIT seed="2,1,2,4,4,16" ten="250,300,180,250" oya="2" hai0="27,58,19,14,120,103,40,35,82,121,30,37,56" hai1="115,42,97,95,73,6,108,98,67,71,12,91,25" hai2="65,59,93,101,20,130,112,105,49,87,53,133,70" hai3="127,84,57,1,110,74,68,106,128,132,69,33,2"/><V122/><F112/><W5/><RYUUKYOKU type="yao9" ba="1,2" sc="250,0,300,0,180,0,250,0" hai3="1,2,5,33,57,68,69,74,84,106,110,127,128,132" /><INIT seed="2,2,2,5,0,76" ten="250,300,180,250" oya="2" hai0="125,31,43,91,50,49,0,10,121,40,13,54,89" hai1="63,12,115,42,82,56,9,6,104,133,62,60,71" hai2="124,87,30,72,77,102,64,16,23,2,126,83,119" hai3="48,106,95,116,36,118,35,69,98,123,114,122,47"/><V78/><F119/><N who="3" m="45611" /><G35/><T93/><D121/><N who="3" m="46089" /><G48/><T108/><D108/><U28/><E115/><V111/><F2/><W58/><G58/><T41/><D125/><N who="2" m="48234" /><F102/><N who="3" m="62807" /><G95/><T128/><D0/><U131/><E104/><V92/><F111/><W127/><G127/><T1/><D1/><U22/><E56/><V4/><F4/><W67/><G114/><T32/><D128/><U45/><E131/><V44/><F30/><W80/><G80/><T29/><D32/><U46/><E28/><N who="0" m="10825" /><D93/><U134/><E22/><V24/><F44/><W120/><G120/><T101/><D101/><U112/><E112/><V55/><F55/><W26/><G26/><T85/><D54/><U135/><E45/><V94/><F64/><W84/><G84/><T99/><D85/><U17/><E6/><V79/><F79/><W109/><G109/><T129/><D129/><U130/><E130/><V107/><F107/><W27/><G27/><T11/><D99/><U132/><E132/><V113/><F113/><W3/><G3/><T90/><D10/><U117/><E117/><V73/><F87/><W15/><G15/><T18/><AGARI ba="2,2" hai="11,13,18,40,41,43,49,50,89,90,91" m="10825" machi="18" ten="40,1500,0" yaku="8,1" doraHai="76" who="0" fromWho="0" sc="250,41,300,-6,180,-9,250,-6" /><INIT seed="3,0,0,5,1,117" ten="291,294,171,244" oya="3" hai0="72,25,59,129,87,86,31,14,68,42,71,92,133" hai1="24,126,34,121,122,89,32,130,75,8,23,83,127" hai2="62,26,38,78,85,37,115,16,4,22,53,60,102" hai3="33,6,56,82,12,79,103,65,88,48,128,125,74"/><W113/><G113/><T1/><D1/><U99/><E130/><V21/><F115/><W49/><G33/><N who="1" m="12906" /><E99/><V29/><F102/><W76/><G128/><T50/><D72/><U116/><E116/><V93/><F4/><W108/><G125/><N who="1" m="47626" /><E8/><V120/><F120/><N who="1" m="46185" /><E89/><V15/><F60/><W67/><G103/><T9/><D129/><U40/><E40/><V100/><F100/><W64/><G88/><T84/><D42/><U5/><E5/><V118/><F118/><W114/><G6/><T131/><D9/><U46/><E46/><V70/><F62/><W119/><G114/><T98/><D98/><U27/><E23/><V51/><F21/><W36/><G119/><T111/><D131/><U30/><E30/><V63/><F22/><W66/><G79/><AGARI ba="0,0" hai="24,27,75,79,83" m="46185,47626,12906" machi="79" ten="40,8000,1" yaku="18,1,52,3" doraHai="117" who="1" fromWho="3" sc="291,0,294,80,171,0,244,-80" /><INIT seed="4,0,0,4,4,53" ten="291,374,171,164" oya="0" hai0="134,102,26,49,67,113,76,28,127,110,106,5,59" hai1="100,129,121,117,55,132,10,71,93,122,9,99,94" hai2="111,35,60,89,70,32,81,63,96,124,14,56,61" hai3="84,98,50,128,21,104,33,85,95,123,42,43,19"/><T74/><D113/><U27/><E71/><V4/><F111/><W1/><G128/><T119/><D119/><U16/><E117/><V80/><F70/><W131/><G131/><T8/><D110/><U18/><E129/><V3/><F3/><W126/><G126/><T38/><D38/><U13/><E27/><V64/><F124/><W34/><G1/><T69/><D127/><U2/><E2/><V92/><F32/><W116/><G116/><T17/><D17/><U120/><E132/><V58/><F35/><W46/><G123/><T23/><D69/><U79/><E79/><V11/><F63/><W101/><G42/><T0/><D134/><U66/><E66/><AGARI ba="0,0" hai="4,11,14,56,58,60,61,64,66,80,81,89,92,96" machi="66" ten="30,8000,1" yaku="7,1,9,1,8,1,52,2" doraHai="53" who="2" fromWho="1" sc="291,0,374,-80,171,80,164,0" /><INIT seed="5,0,0,2,1,100" ten="291,294,251,164" oya="1" hai0="17,56,62,43,93,67,77,30,129,27,25,80,121" hai1="5,78,70,64,127,8,83,40,49,28,18,79,13" hai2="105,9,97,54,111,101,117,98,10,32,102,15,118" hai3="42,23,135,104,20,86,69,92,48,114,107,134,6"/><U0/><E127/><V75/><F111/><W128/><G69/><T109/><D109/><U94/><E70/><V11/><F75/><W85/><G6/><T50/><D129/><U125/><E64/><V131/><F131/><W41/><G48/><T21/><D121/><U95/><E125/><V60/><F32/><W99/><G92/><T96/><D43/><U112/><E112/><V34/><F34/><W61/><G61/><T126/><D50/><U130/><E28/><V33/><F15/><W7/><G99/><T73/><D126/><U24/><E79/><V46/><F33/><W63/><G63/><T26/><REACH who="0" step="1"/><D17/><REACH who="0" ten="281,294,251,164" step="2"/><U44/><E130/><V90/><F118/><W55/><G128/><T103/><AGARI ba="0,1" hai="21,25,26,27,30,56,62,67,73,77,80,93,96,103" machi="103" ten="20,12000,2" yaku="1,1,2,1,0,1,7,1,25,2,53,0" doraHai="100" doraHaiUra="65" who="0" fromWho="0" sc="281,130,294,-60,251,-30,164,-30" /><INIT seed="6,0,0,0,4,113" ten="411,234,221,134" oya="2" hai0="25,80,28,84,125,27,72,58,63,42,50,2,6" hai1="39,15,19,79,119,0,122,38,54,117,53,47,36" hai2="3,34,17,75,44,100,104,112,33,14,102,40,115" hai3="45,132,32,81,21,91,52,83,103,74,30,108,46"/><V5/><F75/><W85/><G108/><T35/><D125/><U61/><E0/><V65/><F65/><W22/><G132/><T12/><D2/><U135/><E79/><V121/><F121/><W124/><G124/><T70/><D72/><U49/><E135/><V1/><F104/><W29/><G103/><T62/><D70/><U78/><E78/><V105/><F105/><W26/><G30/><T24/><D28/><U86/><E86/><V101/><F5/><W133/><G133/><T60/><D35/><U120/><E19/><V11/><F1/><W48/><REACH who="3" step="1"/><G46/><REACH who="3" ten="411,234,221,124" step="2"/><T41/><D58/><N who="1" m="35023" /><E15/><V8/><F3/><W77/><AGARI ba="0,1" hai="21,22,26,29,32,45,48,52,74,77,81,83,85,91" machi="77" ten="30,4000,0" yaku="1,1,0,1,54,1,53,0" doraHai="113" doraHaiUra="109" who="3" fromWho="3" sc="411,-10,234,-10,221,-20,124,50" /><INIT seed="7,0,0,4,4,60" ten="401,224,201,174" oya="3" hai0="27,57,120,37,52,124,12,101,117,64,78,90,95" hai1="126,110,127,21,13,97,22,5,7,43,102,100,135" hai2="132,99,114,69,116,53,4,34,68,18,9,63,77" hai3="80,48,123,20,17,16,40,26,130,106,15,45,59"/><W133/><G123/><T75/><D120/><U85/><E110/><V28/><F116/><W14/><G130/><T1/><D1/><U98/><E135/><V50/><F77/><W89/><G133/><T6/><D37/><U36/><E85/><V94/><F63/><W35/><G106/><T109/><D124/><N who="1" m="47659" /><E43/><V24/><F18/><N who="3" m="7275" /><G35/><T55/><D101/><N who="1" m="39019" /><E36/><V2/><F114/><W128/><G128/><T23/><D55/><U54/><E54/><V96/><F132/><W103/><G103/><T3/><D23/><N who="1" m="8715" /><E7/><V92/><F4/><W88/><G59/><T74/><D6/><U8/><AGARI ba="0,0" hai="5,8,13,97,98" m="8715,39019,47659" machi="8" ten="40,1500,0" yaku="18,1" doraHai="60" who="1" fromWho="1" sc="401,-4,224,15,201,-4,174,-7" owari="397,49.7,239,3.9,197,-20.3,167,-33.3" /></mjloggm>