<mjloggm ver="2.3"><GO type="169" lobby="0"/><UN n0="%41%4C%50%45%52%49%4E" n1="%72%61%69%32%31%31" n2="%E3%83%8F%E3%83%B3%E3%83%81%E3%83%A7%E3%82%A6%E5%A4%A7%E6%A7%BB" n3="%41%62%65%73%65%6E%61%6C" dan="17,16,16,16" rate="2156.78,2150.73,2103.25,2123.79" sx="M,M,M,M"/><TAIKYOKU oya="0"/><INIT seed="0,0,0,3,4,73" ten="250,250,250,250" oya="0" hai0="129,67,25,110,131,102,65,100,101,57,89,30,1" hai1="53,125,108,135,74,55,130,59,38,126,36,32,26" hai2="34,17,80,121,44,106,112,35,15,127,69,105,46" hai3="21,99,50,124,133,79,19,87,31,4,109,97,41"/><T48/><D1/><U116/><E74/><V8/><F121/><W7/><G109/><T107/><D107/><U12/><E12/><V2/><F112/><W75/><G75/><T3/><D3/><U24/><E32/><V94/><F69/><W123/><G124/><N who="1" m="47722" /><E116/><V23/><F127/><W43/><G133/><T29/><D110/><U70/><E108/><V115/><F115/><W13/><G31/><T51/><D89/><U84/><E84/><V76/><F94/><W20/><G20/><T118/><D57/><U10/><E10/><V28/><F35/><W98/><G123/><T82/><D82/><U81/><E81/><V58/><F58/><W5/><G50/><N who="0" m="18987" /><D25/><N who="1" m="9835" /><E59/><V117/><F117/><W33/><G33/><T92/><D92/><U134/><E130/><N who="0" m="49673" /><D118/><U83/><E83/><AGARI ba="0,0" hai="4,5,7,13,19,21,41,43,79,83,87,97,98,99" machi="83" ten="40,2600,0" yaku="8,1,52,1" doraHai="73" who="3" fromWho="1" sc="250,0,250,-26,250,0,250,26" /><INIT seed="1,0,0,5,5,119" ten="250,224,250,276" oya="1" hai0="79,23,112,107,62,6,71,18,46,113,1,29,59" hai1="19,21,80,120,135,95,0,39,110,7,122,34,94" hai2="103,40,41,134,16,106,86,73,121,14,96,105,131" hai3="118,43,63,83,92,124,82,133,44,101,4,55,17"/><U45/><E34/><V66/><F73/><W69/><G118/><T9/><D107/><U8/><E135/><V88/><F134/><W104/><G133/><T30/><D71/><U48/><E39/><V90/><F131/><W22/><G124/><T67/><D79/><U42/><E110/><V98/><F66/><W5/><G104/><T57/><D57/><U58/><E58/><V65/><F65/><W130/><G130/><T117/><D117/><U38/><E48/><V36/><F121/><W28/><G28/><T126/><D126/><U129/><E129/><V72/><F72/><W15/><G69/><T68/><D68/><U31/><E31/><V125/><F125/><W70/><G70/><T13/><REACH who="0" step="1"/><D46/><REACH who="0" ten="240,224,250,276" step="2"/><U20/><E80/><V111/><F111/><W47/><G83/><T37/><D37/><U11/><E95/><V100/><F36/><W93/><G82/><T97/><D97/><U89/><E8/><V12/><F86/><W2/><G92/><T49/><D49/><U116/><E116/><V108/><F108/><W56/><G47/><T24/><D24/><U53/><E53/><V52/><F52/><W99/><G2/><T123/><D123/><U114/><E114/><AGARI ba="0,1" hai="1,6,9,13,18,23,29,30,59,62,67,112,113,114" machi="114" ten="40,1300,0" yaku="1,1,53,0" doraHai="119" doraHaiUra="91" who="0" fromWho="1" sc="240,23,224,-13,250,0,276,0" /><INIT seed="2,0,0,3,1,135" ten="263,211,250,276" oya="2" hai0="50,27,133,41,31,67,115,110,57,40,84,46,90" hai1="92,47,25,106,29,6,126,127,7,97,131,15,2" hai2="125,122,10,22,0,103,36,32,35,71,78,81,58" hai3="12,52,89,82,102,101,113,65,21,3,128,37,79"/><V114/><F114/><W38/><G3/><T13/><D115/><U66/><E131/><V130/><F122/><W88/><G113/><T70/><D133/><U109/><E109/><V111/><F130/><W117/><G128/><T123/><D123/><U28/><E106/><V80/><F71/><W18/><G117/><T108/><D70/><U44/><E66/><V26/><F36/><W86/><G65/><T60/><D41/><U9/><E2/><V11/><F103/><N who="3" m="39435" /><G38/><T16/><D27/><U83/><E83/><V73/><F0/><W134/><G37/><T63/><D63/><U72/><E72/><V39/><F39/><W62/><G134/><T1/><D1/><U48/><E6/><V68/><F68/><W94/><G94/><T30/><D108/><U98/><E29/><V85/><F111/><W24/><G12/><T5/><D5/><U129/><E129/><V54/><F35/><W69/><G69/><T61/><D61/><U121/><E121/><V55/><F32/><W51/><G62/><T56/><D56/><AGARI ba="0,0" hai="18,21,24,51,52,56,79,82,86,88,89" m="39435" machi="56" ten="30,3900,0" yaku="8,1,54,2" doraHai="135" who="3" fromWho="0" sc="263,-39,211,0,250,0,276,39" /><INIT seed="3,0,0,3,5,50" ten="224,211,250,315" oya="3" hai0="26,4,5,16,94,13,14,7,122,95,132,121,22" hai1="69,111,84,8,15,11,49,82,114,101,117,35,113" hai2="81,92,88,34,116,54,119,36,102,76,91,60,32" hai3="12,27,124,29,115,134,10,90,96,74,103,123,37"/><W56/><G115/><T66/><D66/><U71/><E35/><V85/><F36/><W31/><G123/><N who="0" m="47115" /><D95/><U18/><E111/><V89/><F32/><W64/><G37/><T2/><D94/><U44/><E117/><V72/><F34/><W51/><G74/><T33/><D132/><U108/><E108/><V68/><F68/><W120/><G120/><T104/><D104/><U42/><E101/><V43/><F43/><W1/><G134/><T98/><D98/><U67/><E11/><V23/><F23/><W112/><G112/><T46/><D46/><U125/><E125/><V75/><F60/><W118/><G118/><N who="2" m="45097" /><F54/><N who="3" m="31839" /><G1/><T61/><D61/><U63/><REACH who="1" step="1"/><E71/><REACH who="1" ten="224,201,250,315" step="2"/><V21/><F21/><W126/><G103/><T48/><D2/><U30/><E30/><V45/><F45/><W79/><G31/><N who="0" m="19703" /><D48/><U57/><E57/><V65/><F65/><W106/><G64/><T127/><D127/><U70/><E70/><V97/><AGARI ba="0,1" hai="72,75,76,81,85,88,89,91,92,97,102" m="45097" machi="97" ten="40,5200,0" yaku="34,2,54,1" doraHai="50" who="2" fromWho="2" sc="224,-13,201,-13,250,62,315,-26" /><INIT seed="4,0,0,0,0,116" ten="211,188,312,289" oya="0" hai0="30,92,46,26,34,70,25,134,45,102,41,51,130" hai1="32,48,33,98,78,96,14,123,121,59,69,86,119" hai2="1,8,108,49,122,29,112,4,21,81,90,75,115" hai3="56,63,24,99,5,52,89,66,111,80,101,88,100"/><T114/><D70/><U103/><E119/><V87/><F108/><W15/><G111/><T18/><D114/><N who="2" m="43562" /><F75/><W10/><G24/><T3/><D3/><U7/><E69/><V71/><F71/><W13/><G13/><T128/><D134/><U50/><E78/><V82/><F49/><W127/><G127/><T131/><D46/><U43/><E86/><V125/><F125/><W133/><G133/><T135/><D135/><U16/><E7/><V84/><F21/><W74/><G100/><T2/><D2/><U132/><E132/><V22/><F22/><W28/><G28/><T76/><D76/><U0/><E0/><V106/><F106/><W35/><G35/><T65/><D65/><U40/><E14/><V27/><F27/><W91/><G74/><T129/><N who="0" m="32768" /><DORA hai="105" /><T12/><D26/><U77/><E77/><N who="2" m="46127" /><F29/><W95/><REACH who="3" step="1"/><G80/><REACH who="3" ten="211,188,312,279" step="2"/><T64/><D64/><AGARI ba="0,1" hai="5,10,15,52,56,63,64,66,88,89,91,95,99,101" machi="64" ten="40,16000,3" yaku="1,1,2,1,8,1,54,2,53,3" doraHai="116,105" doraHaiUra="97,60" who="3" fromWho="0" sc="211,-160,188,0,312,0,279,170" /><INIT seed="5,0,0,3,3,31" ten="51,188,312,449" oya="1" hai0="108,3,122,107,131,67,82,36,89,121,116,30,6" hai1="14,132,106,10,112,26,110,79,45,117,90,7,66" hai2="83,105,127,72,13,114,91,87,44,59,17,77,11" hai3="19,48,42,58,113,16,23,76,84,86,61,71,80"/><U103/><E117/><V115/><F127/><W12/><G113/><N who="2" m="43017" /><F44/><W50/><G71/><T39/><D107/><U1/><E112/><V34/><F59/><W129/><G129/><T0/><D108/><U97/><E110/><V51/><F51/><W21/><G86/><T9/><D116/><U135/><E79/><V68/><F105/><W25/><REACH who="3" step="1"/><G42/><REACH who="3" ten="51,188,312,439" step="2"/><T37/><D131/><U102/><E135/><V60/><F68/><W55/><AGARI ba="0,1" hai="12,16,19,21,23,25,48,50,55,58,61,76,80,84" machi="55" ten="20,16000,3" yaku="1,1,2,1,0,1,7,1,8,1,54,1,53,2" doraHai="31" doraHaiUra="46" who="3" fromWho="3" sc="51,-40,188,-80,312,-40,439,170" /><INIT seed="6,0,0,0,1,36" ten="11,108,272,609" oya="2" hai0="96,134,55,93,26,45,126,22,118,28,121,66,4" hai1="13,19,72,108,67,88,54,5,49,102,10,46,65" hai2="116,125,107,44,129,103,100,21,37,73,95,30,105" hai3="92,77,64,11,115,43,130,94,83,51,89,42,90"/><V32/><F32/><W132/><G130/><T133/><D121/><U12/><E108/><V18/><F30/><W60/><G132/><T87/><D126/><U52/><E72/><V63/><F73/><W16/><G115/><T114/><D114/><U131/><E131/><V17/><F116/><W97/><G51/><T124/><D124/><U74/><E74/><V120/><F120/><W71/><G16/><T79/><D118/><U80/><E102/><V34/><F34/><W14/><G14/><T3/><D66/><U33/><E33/><V98/><F63/><W68/><G11/><T81/><D3/><U91/><E54/><V86/><F86/><W111/><G71/><T69/><D69/><U25/><E25/><V58/><F58/><W112/><G111/><T113/><D113/><U0/><E0/><V23/><F125/><W122/><G122/><T84/><D4/><U35/><E35/><V20/><F95/><W8/><G8/><T48/><REACH who="0" step="1"/><D84/><REACH who="0" ten="1,108,272,609" step="2"/><N who="1" m="50183" /><E91/><AGARI ba="0,1" hai="22,26,28,45,48,55,79,81,87,91,93,96,133,134" machi="91" ten="40,1300,0" yaku="1,1,53,0" doraHai="36" doraHaiUra="59" who="0" fromWho="1" sc="1,23,108,-13,272,0,609,0" /><INIT seed="7,0,0,1,0,114" ten="24,95,272,609" oya="3" hai0="129,117,95,55,47,57,90,88,12,53,82,96,128" hai1="35,17,38,29,87,104,61,127,68,119,46,71,62" hai2="125,45,6,85,74,86,116,109,67,78,16,41,30" hai3="7,134,5,50,122,115,44,40,76,15,65,98,22"/><W0/><G122/><T33/><D33/><U131/><E104/><V124/><F67/><W73/><G115/><T69/><D69/><N who="1" m="26699" /><E17/><V84/><F30/><W31/><G134/><T77/><D90/><U34/><E87/><V54/><F54/><W83/><G65/><T21/><D47/><U2/><E2/><V72/><F6/><W28/><G98/><T51/><D55/><U105/><E105/><V26/><F41/><W108/><G108/><T106/><D106/><U135/><E29/><V121/><F45/><W11/><G7/><T112/><D112/><U103/><E103/><V107/><F107/><W49/><G49/><T110/><D110/><U37/><E46/><V4/><F16/><W120/><G120/><T64/><D64/><U89/><E89/><V52/><F52/><W24/><G0/><T48/><D48/><U101/><E101/><V63/><F26/><W111/><G111/><T56/><D56/><U58/><E58/><V123/><F4/><W92/><G92/><T80/><D117/><U75/><E75/><V10/><F116/><W94/><G94/><T60/><D51/><U102/><E102/><V93/><F109/><W14/><G14/><T79/><D12/><U43/><E43/><V113/><F113/><W13/><G13/><T132/><D132/><U91/><E91/><V118/><F121/><W27/><G27/><T59/><D21/><U97/><E135/><V1/><F123/><W8/><G8/><T25/><D59/><U66/><E34/><V36/><F10/><W99/><G99/><T20/><D20/><U81/><E35/><RYUUKYOKU ba="0,0" sc="24,-10,95,-10,272,-10,609,30" hai3="5,11,15,22,24,28,31,40,44,50,73,76,83" owari="14,-48.6,85,-31.5,262,6.2,639,73.9" /></mjloggm>