<mjloggm ver="2.3"><GO type="169" lobby="0"/><UN n0="%E3%81%AE%E3%81%AF%E3%81%A3%E3%81%A1" n1="%50%75%52%65" n2="%6F%69%6E%61%72%69%6E%67" n3="%E3%81%82%E3%82%8B%E8%A8%BC%E6%98%8E%EF%BF%A1" dan="16,16,16,16" rate="2159.17,2131.05,2080.25,2074.33" sx="M,M,M,M"/><TAIKYOKU oya="0"/><INIT seed="0,0,0,5,3,74" ten="250,250,250,250" oya="0" hai0="77,135,132,101,61,25,113,117,55,64,105,65,57" hai1="33,112,48,44,98,58,124,1,8,73,36,14,38" hai2="85,115,49,92,17,71,69,86,106,19,123,54,53" hai3="21,131,133,22,84,15,47,23,125,60,94,6,127"/><T79/><D105/><U32/><E1/><V107/><F123/><W27/><G60/><T96/><D113/><U76/><E112/><V80/><F115/><W129/><G47/><T95/><D117/><U45/><E124/><N who="3" m="47690" /><G94/><T35/><D35/><U31/><E58/><V114/><F114/><W10/><G84/><T20/><D55/><U41/><E98/><V3/><F3/><W4/><G4/><T103/><D65/><U68/><E68/><V119/><F119/><W34/><G133/><N who="0" m="51275" /><D103/><U93/><E93/><V18/><F92/><W24/><G34/><T126/><D126/><U99/><E99/><V118/><F118/><W30/><G30/><AGARI ba="0,0" hai="20,25,30,57,61,64,77,79,95,96,101" m="51275" machi="30" ten="30,11600,0" yaku="25,1,20,1,52,2" doraHai="74" who="0" fromWho="3" sc="250,116,250,0,250,0,250,-116" /><INIT seed="0,1,0,3,0,48" ten="366,250,250,134" oya="0" hai0="17,1,40,101,121,69,4,90,54,120,72,111,22" hai1="79,6,61,43,103,18,134,80,85,21,106,7,55" hai2="94,104,25,9,87,73,128,133,86,122,112,59,52" hai3="36,96,64,14,23,19,132,135,8,76,35,5,63"/><T99/><D69/><U38/><E134/><V131/><F104/><W74/><G36/><T57/><D72/><U123/><E123/><V66/><F122/><W47/><G35/><T105/><D40/><U108/><E108/><V70/><F112/><W16/><G47/><T34/><D34/><U127/><E127/><V15/><F73/><W32/><G32/><T75/><D75/><U130/><E130/><N who="2" m="49707" /><F133/><N who="3" m="51275" /><G96/><T88/><D111/><U77/><E77/><V24/><F66/><W41/><G41/><T53/><D53/><U26/><E106/><V98/><F70/><N who="3" m="42271" /><G23/><T114/><D114/><U37/><E103/><N who="2" m="60887" /><F87/><W39/><G39/><T71/><D71/><U0/><E38/><V65/><F86/><W91/><G91/><T84/><D120/><U68/><E68/><V56/><F56/><W49/><G49/><T60/><D121/><U42/><E42/><V124/><F65/><W44/><G44/><T109/><D109/><U82/><E37/><V67/><F67/><W100/><G100/><T118/><D84/><U13/><E43/><V89/><F89/><W28/><G28/><T30/><D30/><U51/><E61/><N who="2" m="36071" /><F124/><W62/><G62/><T29/><D101/><U93/><E85/><V119/><F119/><W125/><G125/><T3/><D118/><U115/><E115/><V113/><F113/><W31/><G31/><T102/><D29/><U33/><E33/><V110/><F110/><W126/><G126/><T107/><D107/><U12/><E51/><V20/><F20/><W45/><G45/><T2/><D90/><U83/><E21/><V95/><F95/><RYUUKYOKU ba="1,0" sc="366,-15,250,-15,250,15,134,15" hai2="9,15,24,25" hai3="5,8,14,16,19,74,76" /><INIT seed="1,2,0,5,3,123" ten="351,235,265,149" oya="1" hai0="15,53,54,63,25,43,28,39,101,102,31,82,109" hai1="22,66,4,33,59,70,118,134,40,21,106,16,84" hai2="91,56,124,67,130,100,129,68,27,133,74,73,23" hai3="76,95,8,85,75,19,120,122,13,41,64,72,88"/><U103/><E33/><V96/><F68/><W42/><G64/><T18/><D43/><U104/><E70/><V38/><F38/><W89/><G89/><T48/><D39/><U97/><E118/><V78/><F91/><W51/><G76/><T49/><D63/><U99/><E134/><V17/><F133/><W55/><G41/><T60/><D60/><U29/><E4/><V35/><F35/><W44/><REACH who="3" step="1"/><G42/><REACH who="3" ten="351,235,265,139" step="2"/><T112/><D101/><U1/><E40/><V125/><F78/><W58/><G58/><T116/><D102/><U11/><E103/><V79/><F56/><W65/><G65/><T37/><D37/><U83/><E59/><V128/><F67/><W5/><G5/><T71/><D71/><U107/><E66/><V119/><F119/><W20/><G20/><T77/><D116/><U93/><E21/><V50/><F50/><W0/><G0/><T92/><D49/><U127/><E1/><V32/><F32/><W117/><G117/><T57/><D48/><U34/><E22/><V62/><F62/><W115/><G115/><T9/><D112/><U94/><E34/><V98/><F79/><W90/><G90/><T10/><D57/><U36/><E36/><V26/><F26/><W46/><G46/><T135/><D25/><U24/><E24/><V7/><F7/><W113/><G113/><T80/><D77/><U121/><E97/><N who="2" m="37483" /><F100/><W111/><G111/><T81/><D109/><U110/><E110/><V105/><F105/><W12/><G12/><T87/><D135/><U14/><E106/><V47/><F47/><W2/><G2/><RYUUKYOKU ba="2,1" sc="351,-15,235,-15,265,15,139,15" hai2="17,23,27,73,74,124,125,128,129,130" hai3="8,13,19,44,51,55,72,75,85,88,95,120,122" /><INIT seed="2,3,1,1,2,80" ten="336,220,280,154" oya="2" hai0="5,135,33,16,79,7,68,85,0,77,54,31,29" hai1="117,87,30,90,124,46,91,121,132,128,81,47,15" hai2="133,51,41,126,119,22,43,86,11,45,61,82,71" hai3="28,60,27,62,125,49,107,64,67,100,44,72,59"/><V50/><F119/><W112/><G72/><T96/><D68/><U113/><E117/><V8/><F126/><W102/><G125/><T76/><D135/><U78/><E124/><V36/><F133/><W118/><G118/><T25/><D31/><U65/><E132/><V97/><F97/><W104/><G112/><T3/><D96/><U26/><E113/><V69/><F22/><W37/><G37/><T101/><D101/><U21/><E128/><V24/><F24/><W94/><G94/><T92/><D54/><U34/><E121/><V84/><F82/><W74/><G74/><T57/><D57/><U95/><E65/><V40/><F40/><W129/><G129/><T9/><D16/><U63/><E63/><V2/><F2/><W115/><G115/><T127/><D127/><U130/><E130/><V4/><F4/><W20/><G104/><T89/><REACH who="0" step="1"/><D79/><REACH who="0" ten="326,220,280,154" step="2"/><U17/><REACH who="1" step="1"/><E90/><REACH who="1" ten="326,210,280,154" step="2"/><V75/><F71/><W103/><G107/><T1/><D1/><U116/><E116/><V6/><F69/><W114/><G114/><T23/><D23/><U13/><E13/><V55/><F61/><N who="3" m="37951" /><G67/><T110/><D110/><U39/><E39/><V58/><F36/><W111/><G111/><T131/><D131/><U73/><AGARI ba="3,3" hai="15,17,21,26,30,34,46,47,73,78,81,87,91,95" machi="73" ten="20,5200,0" yaku="1,1,0,1,7,1,52,1,53,0" doraHai="80" doraHaiUra="98" who="1" fromWho="1" sc="326,-16,210,91,280,-29,154,-16" /><INIT seed="3,0,0,2,3,62" ten="310,301,251,138" oya="3" hai0="120,55,63,92,108,52,102,24,79,3,77,42,69" hai1="28,80,70,111,9,113,78,74,27,23,103,43,11" hai2="33,14,1,84,127,118,47,121,31,71,51,53,66" hai3="21,99,115,32,6,110,119,133,37,81,57,22,34"/><W100/><G119/><T96/><D120/><U44/><E113/><V50/><F118/><W72/><G115/><T112/><D112/><U13/><E111/><V39/><F1/><W76/><G37/><T130/><D130/><U56/><E70/><V126/><F39/><W7/><G110/><T8/><D108/><U54/><E103/><V2/><F2/><W67/><G133/><T86/><D42/><U15/><E9/><V94/><F121/><W131/><G131/><T91/><D24/><U18/><E15/><V45/><F31/><W128/><G128/><T123/><D123/><U65/><E43/><V93/><F33/><W95/><G34/><T61/><D61/><U16/><E44/><V58/><F14/><W46/><G46/><T107/><D79/><U109/><E109/><V4/><F71/><W106/><G32/><T30/><D30/><U82/><E82/><V49/><F4/><N who="3" m="1579" /><G106/><T0/><D0/><U132/><E132/><V129/><F129/><W114/><G114/><T17/><D3/><U122/><E122/><V41/><F94/><W104/><G104/><T64/><REACH who="0" step="1"/><D77/><REACH who="0" ten="300,301,251,138" step="2"/><U117/><E117/><V10/><F41/><W88/><G100/><T98/><D98/><U125/><E28/><V20/><F50/><W19/><G19/><T90/><D90/><U48/><E18/><V35/><F51/><W89/><G89/><T68/><D68/><U40/><E16/><V135/><F49/><W97/><G97/><T5/><D5/><U105/><E48/><V101/><F135/><W36/><G36/><T75/><D75/><U59/><E74/><RYUUKYOKU ba="0,1" sc="300,15,301,-15,251,-15,138,15" hai0="8,17,52,55,63,64,69,86,91,92,96,102,107" hai3="21,22,57,67,72,76,81,88,95,99" /><INIT seed="3,1,1,3,3,80" ten="315,286,236,153" oya="3" hai0="22,128,99,114,94,63,55,56,40,98,18,78,30" hai1="19,69,5,115,32,20,27,4,123,76,57,50,109" hai2="10,102,11,9,36,131,104,53,60,21,116,118,31" hai3="124,29,28,122,81,72,86,71,84,77,79,41,100"/><W108/><G122/><T34/><D128/><U96/><E69/><V75/><F75/><W42/><G71/><T125/><D125/><U119/><E123/><V3/><F3/><W92/><G124/><T87/><D114/><U93/><E115/><V25/><F131/><W38/><G72/><T133/><D133/><U61/><E109/><V107/><F36/><W16/><G108/><T112/><D112/><U14/><E119/><V0/><F0/><W134/><G134/><T12/><D40/><N who="3" m="15465" /><G38/><T13/><D13/><U91/><E50/><V129/><F129/><W110/><G110/><T48/><D63/><U103/><E76/><N who="3" m="29258" /><G16/><N who="0" m="10503" /><D78/><U49/><E49/><V89/><F102/><W26/><G26/><N who="0" m="18775" /><D18/><U132/><E132/><V1/><F118/><W23/><G23/><T90/><AGARI ba="1,1" hai="48,55,56,87,90,94,98,99" m="18775,10503" machi="90" ten="30,4000,0" yaku="25,1,52,1,54,1" doraHai="80" who="0" fromWho="0" sc="315,53,286,-11,236,-11,153,-21" /><INIT seed="4,0,0,0,4,62" ten="368,275,225,132" oya="0" hai0="43,2,57,21,4,27,52,38,54,28,32,61,74" hai1="69,81,53,121,70,114,112,67,68,23,111,129,99" hai2="45,51,16,117,1,102,12,78,116,133,83,94,14" hai3="3,110,79,10,84,50,107,89,65,126,11,31,37"/><T44/><D74/><U96/><E121/><V40/><F1/><W59/><G110/><T119/><D119/><U9/><E111/><V17/><F133/><W122/><G122/><T87/><D87/><U80/><E129/><V15/><F116/><W46/><G126/><T132/><D132/><U36/><E36/><V58/><F117/><W103/><G37/><T56/><D4/><U124/><E124/><V39/><F39/><W6/><G31/><T41/><D2/><U29/><E9/><V63/><F94/><W95/><G11/><T55/><D43/><U72/><E53/><V7/><F102/><W73/><G107/><T106/><D106/><U22/><E72/><V92/><F92/><W24/><G24/><T118/><D118/><U48/><E48/><V113/><F113/><N who="1" m="43625" /><E67/><V125/><F7/><W76/><G103/><T18/><REACH who="0" step="1"/><D56/><REACH who="0" ten="358,275,225,132" step="2"/><U93/><E29/><V90/><F125/><W88/><G73/><T123/><D123/><U19/><E19/><V98/><F98/><N who="1" m="37417" /><E93/><V82/><F82/><AGARI ba="0,1" hai="22,23,68,69,70,80,81,82" m="37417,43625" machi="82" ten="40,8000,1" yaku="28,2,15,1,11,1" doraHai="62" who="1" fromWho="2" sc="358,0,275,90,225,-80,132,0" /><INIT seed="5,0,0,3,0,44" ten="358,365,145,132" oya="1" hai0="94,29,70,93,73,28,61,12,99,118,98,135,13" hai1="56,88,34,112,129,18,23,76,50,80,131,89,83" hai2="63,105,128,15,43,134,9,97,121,36,71,42,104" hai3="90,87,91,68,45,101,5,74,30,92,78,130,2"/><U51/><E34/><V117/><F117/><W120/><G120/><T4/><D73/><U113/><E56/><V107/><F121/><W115/><G68/><T20/><D118/><U67/><E67/><V26/><F128/><N who="1" m="49225" /><E89/><V125/><F125/><W37/><G130/><T123/><D123/><U57/><E57/><V11/><F134/><W85/><G115/><N who="1" m="44106" /><E88/><V16/><F97/><W82/><G101/><T0/><D135/><U14/><E83/><V38/><F26/><W1/><G30/><T24/><D70/><U40/><E40/><V79/><F79/><W122/><G122/><T108/><D61/><U19/><E18/><V6/><F63/><W75/><G75/><AGARI ba="0,0" hai="14,19,23,50,51,75,76,80" m="44106,49225" machi="75" ten="30,11600,0" yaku="19,1,15,1,52,2" doraHai="44" who="1" fromWho="3" sc="358,0,365,116,145,0,132,-116" /><INIT seed="5,1,0,4,3,127" ten="358,481,145,16" oya="1" hai0="23,0,12,113,78,107,125,43,57,16,48,24,33" hai1="83,44,117,51,123,108,17,22,59,106,50,105,56" hai2="95,30,82,34,28,63,135,128,89,6,96,133,68" hai3="13,8,15,100,29,9,53,58,94,132,118,112,85"/><U32/><E32/><V1/><F1/><W99/><G112/><T81/><D107/><U124/><E124/><V67/><F6/><W4/><G118/><T11/><D113/><U36/><E36/><V116/><F116/><W86/><G132/><N who="2" m="50761" /><F128/><W129/><G129/><T115/><D125/><U7/><E83/><V3/><F3/><W131/><G29/><N who="2" m="11369" /><F82/><W77/><G77/><T103/><D115/><U60/><E7/><V80/><F80/><W38/><G38/><T19/><D0/><U119/><E17/><V134/><N who="2" m="50769" /><V52/><DORA hai="92" /><F52/><W79/><G79/><T26/><D33/><AGARI ba="1,0" hai="33,34,63,67,68,89,95,96" m="11369,50769" machi="33" ten="40,2600,0" yaku="20,1,52,1" doraHai="127,92" who="2" fromWho="0" sc="358,-29,481,0,145,29,16,0" /><INIT seed="6,0,0,3,3,34" ten="329,481,174,16" oya="2" hai0="7,5,105,28,41,95,127,132,36,61,19,74,58" hai1="17,101,0,72,108,75,22,56,134,64,131,40,73" hai2="100,109,89,10,114,68,59,35,51,47,86,13,94" hai3="70,110,42,63,111,52,96,71,84,54,57,6,46"/><V24/><F114/><W123/><G96/><T135/><D105/><U48/><E0/><V18/><F68/><N who="3" m="26155" /><G84/><T99/><D74/><U88/><E88/><V118/><F118/><W102/><G102/><T104/><D104/><U32/><E17/><V4/><F109/><N who="3" m="41483" /><G6/><T91/><D127/><U93/><E32/><V31/><F100/><W3/><G3/><T106/><D106/><U83/><E22/><V67/><F4/><W1/><G1/><T23/><D41/><U76/><E40/><V124/><F124/><W33/><G33/><T8/><D36/><U11/><E11/><V44/><F67/><N who="3" m="39407" /><G123/><T122/><D28/><U62/><E83/><V133/><F35/><W69/><N who="3" m="26163" /><W25/><DORA hai="21" /><G25/><N who="0" m="14591" /><D122/><U2/><E2/><V12/><F12/><W16/><G16/><T78/><D78/><U80/><E76/><V37/><F89/><W117/><G117/><T14/><D5/><U39/><E73/><V30/><F94/><W87/><G87/><T27/><D27/><U119/><E119/><V92/><F92/><W115/><G115/><T82/><D82/><U125/><E80/><V15/><F15/><W66/><G66/><T49/><D14/><U81/><E81/><V121/><F18/><W113/><G113/><T97/><D97/><U29/><E72/><V85/><F86/><W60/><G60/><T107/><D107/><U50/><E75/><V45/><F85/><W53/><G53/><N who="0" m="32047" /><D61/><U128/><E108/><V9/><F121/><W38/><AGARI ba="0,0" hai="38,42,46,52,54" m="39407,41483,26163" machi="38" ten="50,6400,0" yaku="34,2,54,1" doraHai="34,21" who="3" fromWho="3" sc="329,-16,481,-16,174,-32,16,64" /><INIT seed="7,0,0,3,0,127" ten="313,465,142,80" oya="3" hai0="121,128,95,9,16,20,103,86,29,91,106,83,131" hai1="0,30,35,132,55,122,11,59,52,66,130,57,100" hai2="115,45,61,82,37,116,24,112,94,117,25,17,32" hai3="101,119,12,36,51,75,3,77,39,71,38,49,99"/><W98/><G119/><N who="2" m="45641" /><F94/><W26/><G3/><T62/><D121/><U97/><E30/><V56/><F32/><W133/><G71/><T4/><D29/><U110/><E66/><N who="2" m="39207" /><F17/><W31/><G133/><T81/><D62/><U1/><E55/><V73/><F37/><W48/><G12/><N who="0" m="9223" /><D103/><U7/><E59/><V15/><F15/><W74/><G77/><T109/><D106/><U68/><E68/><V76/><F45/><W60/><G60/><T72/><D72/><U105/><E110/><V102/><F102/><W23/><REACH who="3" step="1"/><G98/><REACH who="3" ten="313,465,142,70" step="2"/><T123/><D109/><U8/><E132/><V2/><F2/><W107/><AGARI ba="0,1" hai="23,26,31,36,38,39,48,49,51,74,75,99,101,107" machi="107" ten="40,7800,0" yaku="1,1,2,1,0,1,53,0" doraHai="127" doraHaiUra="34" who="3" fromWho="3" sc="313,-26,465,-26,142,-26,70,88" /><INIT seed="7,1,0,3,4,9" ten="287,439,116,158" oya="3" hai0="86,100,79,52,38,42,21,134,133,47,4,94,119" hai1="97,75,62,2,35,17,23,126,6,106,112,114,57" hai2="29,32,101,43,102,125,8,132,53,13,78,24,111" hai3="7,49,84,31,33,88,76,10,28,80,46,1,72"/><W55/><REACH who="3" step="1"/><G33/><REACH who="3" ten="287,439,116,148" step="2"/><T71/><D133/><U117/><E35/><V70/><F132/><W67/><G67/><T108/><D134/><U3/><E112/><V135/><F135/><W90/><G90/><T15/><D119/><U85/><E114/><V45/><F111/><W27/><G27/><T123/><D108/><U82/><E117/><V16/><F125/><W11/><G11/><T77/><D79/><U93/><E126/><V92/><F70/><W26/><G26/><T66/><D77/><U113/><E113/><V25/><F78/><W128/><G128/><T99/><D66/><U131/><E131/><V48/><F25/><W81/><AGARI ba="1,1" hai="1,7,10,28,31,46,49,55,72,76,80,81,84,88" machi="81" ten="20,12000,1" yaku="21,2,0,1,7,1,54,1,53,0" doraHai="9" doraHaiUra="19" who="3" fromWho="3" sc="287,-41,439,-41,116,-41,148,133" /><INIT seed="7,2,0,2,4,60" ten="246,398,75,281" oya="3" hai0="81,24,34,73,62,49,5,9,87,40,17,61,110" hai1="92,38,100,93,30,127,23,19,102,8,128,97,47" hai2="53,69,0,123,3,67,80,89,70,82,111,27,104" hai3="50,99,16,84,106,109,37,88,124,76,56,68,119"/><W79/><G119/><T130/><D130/><U63/><E128/><V18/><F27/><W36/><G68/><T95/><D110/><U112/><E112/><V65/><F111/><W126/><G109/><T26/><D73/><U14/><E127/><N who="3" m="48682" /><G106/><T44/><D95/><U133/><E133/><V42/><F104/><W52/><G99/><T120/><D120/><U2/><E38/><N who="3" m="14954" /><G16/><T118/><D118/><U107/><E102/><V132/><F18/><W59/><G59/><T113/><D113/><U48/><E30/><V46/><F53/><W129/><G129/><T15/><D24/><U90/><E107/><V28/><F132/><W83/><AGARI ba="2,0" hai="50,52,56,76,79,83,84,88" m="14954,48682" machi="83" ten="30,6000,0" yaku="18,1,54,2" doraHai="60" who="3" fromWho="3" sc="246,-22,398,-22,75,-22,281,66" /><INIT seed="7,3,0,4,5,7" ten="224,376,53,347" oya="3" hai0="131,135,104,129,41,98,3,100,12,122,16,29,58" hai1="128,6,102,45,28,114,63,67,54,92,73,60,106" hai2="40,53,43,103,0,118,89,107,117,59,24,81,70" hai3="87,72,134,133,121,116,84,21,4,19,79,36,90"/><W33/><G33/><T77/><D122/><U132/><E106/><V76/><F70/><W57/><G121/><T62/><D3/><U49/><E73/><V46/><F0/><W25/><G116/><T96/><D135/><N who="3" m="51721" /><G36/><T14/><D77/><U9/><E132/><V112/><F107/><W69/><G69/><T115/><D29/><U75/><E75/><V109/><F103/><W51/><G72/><T130/><D115/><U110/><E114/><V65/><F112/><W2/><G79/><T105/><D41/><U61/><E110/><V56/><F109/><W82/><G87/><T88/><D12/><N who="1" m="5175" /><E128/><V47/><F76/><W20/><G20/><T80/><D98/><N who="1" m="59719" /><E28/><V8/><F53/><N who="3" m="31935" /><G4/><T13/><D13/><U42/><E67/><V66/><F89/><W15/><G15/><T34/><D34/><U30/><E30/><V50/><F50/><W31/><G2/><T35/><D35/><U27/><E27/><V86/><F86/><W125/><G125/><T85/><D96/><U22/><E22/><V32/><F32/><W126/><G126/><T93/><D100/><U68/><E68/><V127/><F127/><W5/><G5/><T99/><D99/><U91/><E91/><V113/><F113/><W74/><G74/><T124/><D124/><U17/><E17/><AGARI ba="3,0" hai="17,19,21,25,31,82,84,90" m="31935,51721" machi="17" ten="30,1500,0" yaku="20,1" doraHai="7" who="3" fromWho="1" sc="224,0,376,-24,53,0,347,24" owari="224,-17.6,352,15.2,53,-44.7,371,47.1" /></mjloggm>