<mjloggm ver="2.3"><GO type="169" lobby="0"/><UN n0="%68%61%6B%75%30%37" n1="%48%65%69%68%65%69%30%35" n2="%E4%BA%BA%E5%8F%82%E5%BD%B9%E8%80%85%E3%81%8F%E3%82%93" n3="%E3%82%AB%E3%83%A9%E6%9D%BE" dan="17,16,17,17" rate="2191.60,2025.49,2147.86,2140.17" sx="M,M,M,M"/><TAIKYOKU oya="0"/><INIT seed="0,0,0,0,2,110" ten="250,250,250,250" oya="0" hai0="135,13,71,22,29,86,16,80,93,77,97,72,52" hai1="132,129,134,9,42,105,114,130,81,107,20,117,23" hai2="28,67,6,44,12,111,45,125,31,96,40,124,95" hai3="131,89,82,10,14,58,104,121,101,113,106,25,65"/><T51/><D135/><N who="1" m="51755" /><E117/><V36/><F111/><W76/><G121/><T99/><D71/><U127/><E42/><V41/><F67/><W126/><G126/><N who="2" m="48745" /><F12/><W3/><G3/><T49/><D29/><U32/><E32/><V66/><F6/><W73/><G131/><N who="1" m="50186" /><E9/><V79/><F79/><W30/><G89/><T64/><D64/><U53/><E53/><V35/><F66/><W48/><G101/><T60/><D72/><U92/><E127/><V4/><F4/><W39/><G39/><T69/><D99/><U27/><E27/><V70/><F70/><W50/><G50/><T120/><D120/><U83/><E114/><V78/><F78/><W84/><G113/><T57/><REACH who="0" step="1"/><D69/><REACH who="0" ten="240,250,250,250" step="2"/><U85/><E85/><V108/><F108/><W11/><G84/><T17/><D17/><U94/><E20/><V68/><F68/><W63/><G10/><T59/><D59/><U118/><E23/><V34/><F31/><W18/><G48/><T102/><AGARI ba="0,1" hai="13,16,22,49,51,52,57,60,77,80,86,93,97,102" machi="102" ten="20,18000,2" yaku="1,1,0,1,7,1,8,1,54,2,53,1" doraHai="110" doraHaiUra="74" who="0" fromWho="0" sc="240,190,250,-60,250,-60,250,-60" /><INIT seed="0,1,0,0,2,42" ten="430,190,190,190" oya="0" hai0="123,5,43,21,96,58,97,63,67,114,9,37,130" hai1="103,55,49,36,40,24,100,28,86,79,102,128,95" hai2="20,52,117,76,32,25,3,88,12,69,92,27,50" hai3="75,122,31,51,47,22,134,30,124,111,98,129,81"/><T65/><D114/><U120/><E120/><V54/><F3/><W106/><G122/><T34/><D34/><U57/><E128/><V87/><F69/><W35/><G129/><T15/><D123/><U14/><E36/><V116/><F76/><W64/><G124/><T104/><D130/><U61/><E14/><V41/><F41/><W53/><G134/><T108/><D108/><U109/><E109/><V17/><F54/><W132/><G132/><T119/><D119/><N who="2" m="45642" /><F32/><W126/><G126/><T1/><D104/><U118/><E118/><V90/><F90/><W131/><G131/><T105/><D105/><U83/><E40/><V78/><F78/><W0/><G35/><T72/><D65/><U84/><E28/><V13/><F12/><W71/><G0/><T26/><D72/><U121/><E24/><V4/><F4/><W99/><G111/><T6/><D6/><U101/><E121/><V45/><AGARI ba="1,0" hai="13,17,20,25,27,45,50,52,87,88,92" m="45642" machi="45" ten="30,7900,0" yaku="12,1,52,1,54,2" doraHai="42" who="2" fromWho="2" sc="430,-40,190,-21,190,82,190,-21" /><INIT seed="1,0,0,2,3,116" ten="390,169,272,169" oya="1" hai0="23,110,7,12,87,134,76,132,92,115,121,96,58" hai1="3,36,41,4,119,57,30,102,114,133,81,105,106" hai2="61,18,5,47,48,35,32,17,98,112,9,56,33" hai3="10,54,60,127,83,91,14,6,51,50,85,38,126"/><U46/><E119/><V82/><F112/><W20/><G38/><T97/><D115/><U26/><E114/><V103/><F82/><W68/><G68/><T108/><D58/><U118/><E118/><V67/><F48/><W84/><G20/><T109/><D121/><U90/><E102/><V28/><F47/><W130/><G130/><T131/><D131/><U16/><E133/><N who="0" m="51305" /><D7/><U31/><E57/><V21/><F28/><W0/><G0/><T24/><D12/><U75/><E30/><V94/><REACH who="2" step="1"/><F21/><REACH who="2" ten="390,169,262,169" step="2"/><W34/><G51/><T55/><D23/><U117/><E117/><V63/><F63/><W64/><G34/><T62/><D62/><U8/><E31/><V95/><F95/><W125/><G60/><T122/><D92/><U25/><E25/><V86/><F86/><W69/><G84/><T80/><D24/><U89/><E105/><V70/><F70/><W99/><G69/><T44/><D122/><U101/><E26/><V22/><F22/><W124/><N who="3" m="31744" /><DORA hai="19" /><W73/><G73/><T74/><D74/><U66/><E75/><V93/><F93/><W107/><G107/><T59/><D59/><U15/><E81/><V111/><F111/><W71/><G71/><T113/><D113/><U135/><E135/><V88/><F88/><W27/><G27/><T72/><D72/><U42/><E106/><V53/><F53/><W13/><G54/><T2/><D55/><U39/><E101/><V77/><F77/><W104/><G50/><T128/><D128/><U120/><E120/><V129/><F129/><W29/><G104/><T40/><D110/><RYUUKYOKU ba="0,1" sc="390,-10,169,-10,262,30,169,-10" hai2="5,9,17,18,32,33,35,56,61,67,94,98,103" /><INIT seed="2,1,1,3,2,89" ten="380,159,292,159" oya="2" hai0="131,41,65,110,75,27,14,130,77,28,5,116,12" hai1="87,118,46,74,68,59,42,0,95,92,80,19,71" hai2="72,26,88,135,54,134,24,61,62,94,6,50,90" hai3="113,100,69,123,2,70,15,58,93,23,96,35,86"/><V119/><F72/><W40/><G123/><T64/><D110/><U112/><E118/><V126/><F119/><W78/><G2/><T99/><D116/><U11/><E112/><V83/><F6/><W4/><G35/><T47/><D99/><U51/><E59/><N who="2" m="33239" /><F126/><W18/><G113/><T109/><D109/><U10/><E10/><V21/><F83/><W31/><G31/><T115/><D115/><U13/><E0/><V107/><F90/><W104/><G4/><T125/><D125/><U106/><E106/><V22/><F107/><W16/><G40/><T97/><D97/><U67/><E74/><V66/><F66/><W129/><G129/><N who="0" m="49163" /><D77/><U52/><E42/><V79/><F79/><W9/><G58/><T121/><D75/><U7/><E7/><V38/><F38/><W57/><G57/><T32/><D121/><U91/><E67/><N who="0" m="25673" /><D5/><U128/><E128/><V37/><F37/><AGARI ba="1,1" hai="12,14,27,28,32,37,41,47" m="25673,49163" machi="37" ten="30,1000,0" yaku="19,1" doraHai="89" who="0" fromWho="2" sc="380,23,159,0,292,-13,159,0" /><INIT seed="3,0,0,5,4,4" ten="403,159,279,159" oya="3" hai0="40,86,29,1,109,52,17,125,46,87,32,89,90" hai1="76,23,74,121,135,57,53,103,64,27,31,132,126" hai2="7,101,107,113,48,98,78,81,112,47,62,118,59" hai3="73,127,128,37,8,63,119,108,100,0,9,49,93"/><W111/><G119/><T134/><D1/><U80/><E121/><V5/><F118/><W85/><G37/><T44/><D109/><N who="3" m="42057" /><G0/><T123/><D123/><U42/><E42/><V33/><F33/><W11/><G73/><T133/><D125/><U99/><E126/><V116/><F116/><W65/><G127/><T122/><D122/><U30/><E30/><V36/><F36/><W131/><G49/><T68/><D68/><U95/><REACH who="1" step="1"/><E53/><REACH who="1" ten="403,149,279,159" step="2"/><V54/><F113/><W79/><G79/><T50/><D52/><U70/><E70/><V2/><F112/><W51/><G51/><T114/><D40/><U115/><E115/><V15/><F48/><W75/><G75/><T84/><D29/><U16/><E16/><V83/><F54/><W67/><G67/><T39/><D17/><U110/><E110/><V43/><F43/><W56/><G100/><T34/><D114/><U19/><E19/><V24/><F101/><W91/><AGARI ba="0,1" hai="8,9,11,56,63,65,85,91,93,128,131" m="42057" machi="91" ten="40,12000,1" yaku="14,1,10,1,52,3" doraHai="4" who="3" fromWho="3" sc="403,-40,149,-40,279,-40,159,130" /><INIT seed="3,1,0,1,3,135" ten="363,109,239,289" oya="3" hai0="119,89,114,123,18,17,41,21,27,129,53,6,13" hai1="130,9,48,5,66,57,110,24,93,26,15,97,12" hai2="10,1,54,46,101,112,58,37,31,30,4,25,80" hai3="128,102,124,14,79,33,125,108,62,69,50,120,106"/><W43/><G120/><T95/><D123/><U40/><E130/><V49/><F112/><W131/><G33/><T8/><D119/><U59/><E110/><V23/><F101/><W103/><G108/><T0/><D129/><N who="3" m="49737" /><G79/><T61/><D114/><U111/><E111/><V73/><F23/><W36/><G36/><T65/><D41/><U105/><E105/><V63/><F25/><W19/><G69/><T96/><D53/><U67/><E12/><V122/><F122/><W22/><G62/><T71/><REACH who="0" step="1"/><D0/><REACH who="0" ten="353,109,239,289" step="2"/><U100/><E40/><N who="2" m="22799" /><F63/><W81/><G81/><T90/><D90/><U7/><E66/><V29/><F80/><W70/><G70/><T11/><D11/><U99/><E67/><V28/><F10/><W39/><G39/><T64/><D64/><U32/><E9/><V133/><F1/><W20/><G20/><T115/><D115/><U45/><E32/><V78/><F54/><W34/><G34/><T104/><D104/><U94/><E100/><N who="3" m="38442" /><G106/><T76/><D76/><U68/><E68/><V72/><F78/><W113/><G113/><T92/><D92/><U38/><E38/><V126/><F49/><W44/><AGARI ba="1,1" hai="14,19,22,43,44,50,124,125" m="38442,49737" machi="44" ten="40,7800,0" yaku="19,1,52,2" doraHai="135" who="3" fromWho="3" sc="353,-27,109,-27,239,-27,289,91" /><INIT seed="3,2,0,5,1,5" ten="326,82,212,380" oya="3" hai0="81,120,95,80,44,108,112,125,26,48,42,3,61" hai1="110,16,11,25,49,45,55,126,109,88,90,65,106" hai2="43,100,115,74,12,47,104,116,60,19,130,102,103" hai3="24,107,27,59,135,93,87,66,114,82,17,8,75"/><W31/><G114/><T105/><D120/><U18/><E106/><V0/><F115/><W41/><G75/><T64/><D112/><U15/><E65/><V23/><F116/><W13/><G107/><T89/><D105/><U56/><E126/><V72/><F104/><W113/><G113/><T39/><D125/><U53/><E25/><V84/><F130/><W73/><G73/><T92/><D108/><N who="1" m="41579" /><E18/><V21/><F0/><W123/><G123/><T6/><D39/><U62/><AGARI ba="2,0" hai="11,15,16,45,49,53,55,56,62,88,90" m="41579" machi="62" ten="30,7900,0" yaku="14,1,52,1,54,2" doraHai="5" who="1" fromWho="1" sc="326,-22,82,85,212,-22,380,-41" /><INIT seed="4,0,0,0,2,81" ten="304,167,190,339" oya="0" hai0="7,36,48,59,108,76,101,41,127,8,112,44,5" hai1="79,73,68,28,45,43,116,51,129,71,134,11,133" hai2="126,35,50,119,40,24,13,17,9,42,90,19,89" hai3="33,6,55,10,121,62,96,52,53,88,4,14,22"/><T18/><D112/><U2/><E116/><V23/><F119/><W3/><G33/><T114/><D114/><U0/><E28/><V15/><F126/><W70/><G121/><T107/><D127/><U95/><E95/><V99/><F35/><W100/><G70/><T61/><D108/><U106/><E106/><V66/><F66/><W26/><G4/><T122/><D122/><U103/><E103/><V64/><F64/><W77/><G77/><T29/><D29/><U104/><E104/><V72/><F72/><W57/><G3/><T78/><D36/><U46/><E11/><V110/><F110/><W58/><G58/><T16/><D101/><U34/><E51/><V69/><F69/><W49/><G49/><T117/><D107/><U132/><E34/><V123/><F123/><W93/><G100/><T1/><D5/><U131/><E79/><V86/><F24/><W75/><G75/><T56/><D56/><U47/><E43/><V39/><F50/><W65/><G65/><N who="0" m="39103" /><D117/><U109/><E109/><V85/><F99/><W105/><G105/><T21/><D21/><U83/><E73/><V124/><F124/><W80/><G80/><T20/><D20/><U32/><E83/><N who="2" m="49343" /><F39/><W118/><G118/><T30/><D30/><AGARI ba="0,0" hai="6,10,14,22,26,30,52,53,55,57,62,88,93,96" machi="30" ten="30,7700,0" yaku="7,1,8,1,54,2" doraHai="81" who="3" fromWho="0" sc="304,-77,167,0,190,0,339,77" /><INIT seed="5,0,0,2,3,89" ten="227,167,190,416" oya="1" hai0="121,1,9,97,72,87,60,133,26,7,61,67,109" hai1="100,76,64,107,21,93,12,91,78,23,90,46,106" hai2="95,128,103,120,5,13,73,69,0,48,118,10,45" hai3="39,17,110,101,82,132,42,50,59,51,129,49,19"/><U122/><E122/><V74/><F118/><W70/><G110/><T43/><D109/><U114/><E64/><V102/><F120/><W2/><G70/><T24/><D121/><U92/><E46/><V52/><F69/><W56/><G2/><T25/><D72/><U77/><E12/><V32/><F32/><W65/><G129/><T31/><D133/><U38/><E38/><V22/><F128/><W55/><G132/><T131/><D131/><U104/><E100/><V96/><REACH who="2" step="1"/><F103/><REACH who="2" ten="227,167,180,416" step="2"/><W99/><G101/><T30/><D30/><U4/><E114/><V68/><F68/><W88/><G39/><T58/><D31/><U115/><E115/><V105/><F105/><W112/><G112/><T28/><D28/><U81/><E81/><V15/><F15/><W124/><G82/><T116/><D116/><U80/><E80/><V66/><F66/><W125/><G65/><T37/><D67/><U135/><E135/><V98/><F98/><W18/><G124/><T134/><D134/><U57/><E57/><V130/><F130/><W63/><G125/><T14/><D58/><U79/><N who="1" m="19456" /><DORA hai="94" /><U47/><E47/><V54/><F54/><N who="3" m="34199" /><G42/><T16/><D43/><U119/><E119/><V123/><F123/><W86/><G99/><T27/><D37/><U3/><E3/><V20/><F20/><N who="1" m="7753" /><E4/><V127/><F127/><W85/><G59/><T33/><D7/><U36/><E36/><V111/><F111/><W53/><G53/><T83/><D1/><U71/><E71/><V62/><F62/><N who="0" m="24170" /><D33/><U34/><E34/><V11/><F11/><W8/><G8/><RYUUKYOKU ba="0,1" sc="227,-15,167,15,180,15,416,-15" hai1="90,91,92,93,104,106,107" hai2="0,5,10,13,22,45,48,52,73,74,95,96,102" /><INIT seed="5,1,1,0,4,17" ten="212,182,195,401" oya="1" hai0="49,121,35,23,75,37,81,61,34,86,33,11,62" hai1="80,93,29,48,60,83,66,111,72,32,3,46,102" hai2="6,44,85,101,77,55,42,120,122,108,58,76,31" hai3="107,91,114,90,134,105,78,67,109,4,95,74,43"/><U45/><E3/><V59/><F108/><W8/><G109/><T1/><D37/><U100/><E111/><V21/><F101/><W52/><G134/><T2/><D75/><U14/><E45/><V128/><F128/><W131/><G67/><T115/><D115/><U24/><E14/><V19/><F6/><W110/><G110/><T22/><D49/><U126/><E126/><V63/><F31/><W68/><G68/><T26/><D121/><U103/><E72/><V132/><F132/><W10/><G43/><T15/><D1/><U71/><REACH who="1" step="1"/><E93/><REACH who="1" ten="212,172,195,401" step="2"/><V56/><F122/><W119/><G95/><T50/><D2/><U0/><E0/><V18/><F120/><W127/><G127/><T98/><D15/><U135/><E135/><V25/><F44/><W40/><G74/><T20/><D26/><U113/><E113/><V27/><F42/><AGARI ba="1,2" hai="24,29,32,42,46,48,60,66,71,80,83,100,102,103" machi="42" ten="40,3900,0" yaku="1,1,53,1" doraHai="17" doraHaiUra="30" who="1" fromWho="2" sc="212,0,172,62,195,-42,401,0" /><INIT seed="5,2,0,4,1,95" ten="212,234,153,401" oya="1" hai0="105,101,36,97,74,82,68,112,128,2,106,135,13" hai1="32,28,39,98,47,4,56,103,99,125,50,120,119" hai2="24,66,69,124,91,116,108,17,9,130,53,73,100" hai3="107,104,14,22,30,12,94,109,81,37,26,75,31"/><U62/><E120/><V25/><F116/><W16/><G37/><T59/><D68/><U1/><E39/><V129/><F108/><W90/><G109/><T48/><D36/><U44/><E119/><V10/><F73/><W40/><G40/><T61/><D2/><U58/><E32/><V72/><F72/><W35/><G30/><T121/><D112/><U102/><E28/><V5/><F100/><N who="1" m="38441" /><E1/><V131/><F124/><W86/><G75/><T0/><D0/><U67/><E4/><V49/><F66/><W52/><G12/><T46/><D135/><U64/><E125/><V15/><F69/><W27/><G27/><T33/><D33/><U96/><E50/><V42/><F42/><W78/><G104/><T21/><D128/><U70/><E70/><V117/><F117/><W111/><G107/><T23/><D121/><U45/><E56/><V123/><F123/><W76/><G111/><T132/><D132/><U55/><AGARI ba="2,0" hai="44,45,47,55,58,62,64,67,96,98,99" m="38441" machi="55" ten="40,12000,1" yaku="8,1,52,3" doraHai="95" who="1" fromWho="1" sc="212,-42,234,126,153,-42,401,-42" /><INIT seed="5,3,0,3,1,25" ten="170,360,111,359" oya="1" hai0="32,110,36,89,40,52,47,48,21,91,66,103,0" hai1="54,128,76,124,22,102,95,90,111,1,109,112,72" hai2="5,10,107,115,30,121,135,34,75,53,14,106,125" hai3="62,7,67,93,11,108,119,26,82,3,88,8,16"/><U20/><E1/><V116/><F121/><W51/><G108/><T69/><D110/><N who="1" m="41995" /><E112/><V57/><F116/><W97/><G119/><T44/><D32/><U49/><E102/><V58/><F125/><W74/><G51/><T6/><D103/><U71/><E71/><V122/><F122/><W4/><G74/><T55/><D55/><U19/><E124/><V83/><F135/><W70/><G82/><T85/><D21/><U17/><E76/><V98/><F115/><W50/><G50/><T133/><D133/><U31/><E72/><V65/><F98/><W33/><G33/><T68/><D66/><U126/><E128/><V78/><F65/><W56/><G70/><T101/><D101/><U79/><E79/><V15/><F15/><W84/><G97/><T12/><D89/><U132/><E126/><V38/><F38/><W114/><G114/><T96/><D0/><U80/><E80/><V24/><REACH who="2" step="1"/><F58/><REACH who="2" ten="170,360,101,359" step="2"/><W86/><G3/><T94/><REACH who="0" step="1"/><D96/><REACH who="0" ten="160,360,101,359" step="2"/><U45/><E132/><V99/><F99/><W43/><G67/><T104/><D104/><U61/><E20/><V46/><F46/><W87/><G56/><T129/><D129/><U39/><E45/><V27/><F27/><W134/><G26/><T42/><D42/><U59/><E22/><V23/><F23/><W127/><G43/><T2/><D2/><U117/><E117/><V118/><F118/><W64/><G64/><T13/><D13/><U63/><E59/><V41/><F41/><W131/><G134/><T120/><D120/><U81/><E39/><V113/><F113/><W60/><G131/><RYUUKYOKU ba="3,2" sc="160,15,360,-15,101,15,359,-15" hai0="6,12,36,40,44,47,48,52,68,69,85,91,94" hai2="5,10,14,24,30,34,53,57,75,78,83,106,107" /><INIT seed="6,4,2,4,3,3" ten="175,345,116,344" oya="2" hai0="56,97,11,99,135,41,8,118,58,1,111,21,10" hai1="49,119,87,75,105,66,37,0,36,23,13,2,117" hai2="116,15,121,88,47,26,42,27,24,115,114,63,64" hai3="86,20,79,43,50,44,129,102,131,76,127,112,110"/><V39/><F116/><W80/><G110/><T89/><D111/><U55/><E105/><V32/><F121/><W82/><G127/><T67/><D118/><U18/><E66/><V133/><F133/><W48/><G112/><N who="2" m="43049" /><F15/><W101/><G20/><T68/><D135/><U132/><E75/><V29/><F88/><W33/><G33/><T83/><D1/><U4/><E0/><V130/><F130/><N who="3" m="49675" /><G48/><T71/><D89/><U31/><E132/><V40/><F40/><W70/><G70/><AGARI ba="4,2" hai="24,26,27,29,32,39,42,47,63,64,70" m="43049" machi="70" ten="30,1500,0" yaku="15,1" doraHai="3" who="2" fromWho="3" sc="175,0,345,0,116,47,344,-27" /><INIT seed="6,5,0,5,4,22" ten="175,345,163,317" oya="2" hai0="109,112,115,57,118,46,56,88,27,87,36,67,90" hai1="47,20,73,116,76,2,13,15,127,51,129,97,65" hai2="68,81,43,89,91,45,12,1,93,102,100,63,74" hai3="79,96,94,75,132,50,122,59,120,78,84,31,133"/><V24/><F1/><W130/><G75/><T29/><D109/><U55/><E116/><V41/><F12/><W69/><G69/><T42/><D118/><U9/><E129/><V70/><F74/><W32/><G130/><T72/><D72/><U0/><E65/><V62/><F45/><W121/><G32/><N who="0" m="20543" /><D67/><U111/><E111/><V104/><F93/><W119/><G31/><T110/><D110/><U16/><E127/><V60/><F60/><W28/><G28/><T126/><D126/><U61/><E61/><V21/><F21/><W71/><G71/><T3/><D3/><U117/><E117/><V8/><F8/><W131/><G131/><T85/><D85/><U82/><E97/><V11/><F11/><W135/><G119/><T14/><D14/><U98/><E98/><V107/><REACH who="2" step="1"/><F24/><REACH who="2" ten="175,345,153,317" step="2"/><W53/><G96/><T17/><D87/><U5/><AGARI ba="5,1" hai="0,2,5,9,13,15,16,20,47,51,55,73,76,82" machi="5" ten="20,2700,0" yaku="0,1,7,1,54,1" doraHai="22" who="1" fromWho="1" sc="175,-12,345,52,153,-18,317,-12" /><INIT seed="7,0,0,2,3,44" ten="163,397,135,305" oya="3" hai0="95,91,72,80,14,131,65,134,43,20,89,5,126" hai1="48,122,120,15,117,19,84,125,1,52,127,79,129" hai2="3,42,66,49,29,102,74,115,113,67,7,17,75" hai3="93,81,25,56,110,116,119,83,57,99,50,69,85"/><W13/><G69/><T46/><D134/><U59/><E1/><V41/><F29/><W11/><G110/><T18/><D131/><U55/><E129/><V77/><F102/><W97/><G25/><T30/><D126/><N who="1" m="48139" /><E117/><V107/><F107/><W76/><G83/><T64/><D30/><U63/><E79/><V118/><F118/><W132/><G132/><T68/><D5/><U70/><E84/><V16/><F7/><W35/><G35/><T114/><D114/><N who="2" m="43530" /><F3/><W38/><G38/><T123/><D123/><U47/><E70/><V112/><N who="2" m="43538" /><V32/><DORA hai="92" /><F32/><W33/><G33/><T101/><D101/><U135/><E135/><V31/><F31/><W124/><G124/><T26/><D18/><N who="2" m="7274" /><F77/><W94/><G116/><T62/><D68/><U60/><E60/><V28/><F28/><W0/><G119/><T71/><D62/><U86/><E86/><V9/><F9/><AGARI ba="0,0" hai="9,15,19,47,48,52,55,59,63,120,122" m="48139" machi="9" ten="30,3900,0" yaku="18,1,52,1,54,1" doraHai="44,92" who="1" fromWho="2" sc="163,0,397,39,135,-39,305,0" owari="163,-23.7,436,53.6,96,-40.4,305,10.5" /></mjloggm>