<mjloggm ver="2.3"><GO type="169" lobby="0"/><UN n0="%58%4B%58%54%4C%50" n1="%52%59%4F%40%53%53" n2="%E3%82%82%E3%82%8A%E3%82%8A%E3%82%93%E3%82%82%E3%82%8A%E3%82%82%E3%82%8A" n3="%E3%81%86%E3%81%AA%E3%81%8E%E9%BA%BA" dan="16,17,16,17" rate="2050.44,2144.58,2090.91,2182.34" sx="M,M,M,M"/><TAIKYOKU oya="0"/><INIT seed="0,0,0,5,4,128" ten="250,250,250,250" oya="0" hai0="65,3,110,62,51,11,124,131,41,17,52,56,54" hai1="53,34,59,85,7,127,83,77,39,82,60,9,12" hai2="92,79,91,71,13,107,73,8,24,109,87,113,43" hai3="126,45,32,96,70,72,57,4,19,75,132,66,118"/><T35/><D35/><U133/><E127/><V46/><F71/><W36/><G118/><T21/><D131/><U114/><E114/><V111/><F113/><W15/><G4/><T130/><D130/><U104/><E104/><V42/><F24/><W64/><G32/><T38/><D124/><U106/><E106/><V22/><F22/><W29/><G29/><T1/><D110/><N who="2" m="41994" /><F107/><W67/><G70/><T14/><D38/><U125/><E125/><V134/><F46/><W112/><G112/><T95/><D41/><N who="2" m="15370" /><F73/><W122/><G45/><T47/><D54/><U94/><E34/><V37/><F79/><W69/><G69/><T76/><D76/><U68/><E39/><V33/><F33/><W27/><G27/><T101/><REACH who="0" step="1"/><D21/><REACH who="0" ten="240,250,250,250" step="2"/><U135/><E53/><V5/><F37/><W99/><G36/><T18/><D18/><U23/><E23/><V84/><F84/><W80/><G19/><T90/><D90/><U50/><E85/><V108/><F108/><W97/><G126/><T28/><D28/><U26/><E77/><V117/><F117/><W120/><G75/><T6/><D6/><U49/><E7/><V55/><F55/><W123/><G72/><T89/><D89/><U88/><E88/><V0/><F87/><W103/><G122/><T100/><D100/><U119/><E119/><V44/><F91/><W81/><G120/><T16/><D16/><U121/><E121/><V105/><F5/><W116/><G103/><T93/><D93/><U98/><E94/><V78/><F92/><W63/><G123/><T129/><D129/><U40/><E40/><RYUUKYOKU ba="0,1" sc="240,30,250,-10,250,-10,250,-10" hai0="1,3,11,14,17,47,51,52,56,62,65,95,101" /><INIT seed="0,1,1,5,1,131" ten="270,240,240,240" oya="0" hai0="88,7,58,2,33,93,18,63,117,5,115,59,127" hai1="109,70,75,104,110,122,94,128,8,57,30,53,50" hai2="134,25,99,81,39,52,66,95,13,133,74,103,23" hai3="51,44,73,68,78,10,84,34,47,38,22,86,37"/><T111/><D115/><U101/><E75/><V71/><F39/><W64/><G34/><T135/><D117/><U56/><E122/><V112/><F112/><W123/><G73/><T28/><D127/><U118/><E70/><V82/><F13/><W107/><G107/><T116/><D116/><U77/><E104/><V19/><F66/><W124/><G22/><T32/><D59/><U60/><E128/><V130/><F71/><W36/><G124/><T76/><D76/><U119/><E30/><V11/><F130/><W100/><G100/><T29/><D18/><U55/><E8/><V97/><F11/><W121/><G10/><T26/><D29/><U91/><E101/><V31/><F31/><W24/><G24/><T4/><D33/><U46/><E77/><V126/><F126/><W40/><G47/><T21/><D32/><U65/><E91/><V14/><F25/><W129/><G129/><T3/><D111/><N who="1" m="42507" /><E94/><V27/><F27/><W102/><G102/><T49/><D49/><AGARI ba="1,1" hai="46,49,50,53,55,56,57,60,65,118,119" m="42507" machi="49" ten="30,3900,0" yaku="14,1,34,2" doraHai="131" who="1" fromWho="0" sc="270,-42,240,52,240,0,240,0" /><INIT seed="1,0,0,3,0,12" ten="228,292,240,240" oya="1" hai0="8,123,6,108,63,87,134,16,41,91,47,88,7" hai1="61,45,114,62,92,84,110,103,31,5,69,118,65" hai2="67,51,81,23,18,113,128,104,124,60,121,90,43" hai3="20,107,89,50,111,95,4,76,86,66,120,96,17"/><U59/><E114/><V127/><F104/><W13/><G120/><T100/><D108/><U25/><E118/><V39/><F39/><W40/><G111/><T24/><D134/><U14/><E110/><V99/><F121/><W2/><G66/><T132/><D123/><U10/><E45/><V36/><F36/><W102/><G2/><T72/><D132/><U34/><E84/><V29/><F29/><W35/><G35/><T85/><D72/><U129/><E129/><V78/><F128/><W109/><G109/><T73/><D73/><U54/><E92/><V38/><F38/><W9/><G76/><T0/><D100/><U77/><E77/><V27/><F113/><W30/><G30/><T80/><D63/><U46/><E46/><V126/><F51/><W49/><REACH who="3" step="1"/><G40/><REACH who="3" ten="228,292,240,230" step="2"/><T28/><D28/><U68/><E68/><V56/><F43/><W94/><G94/><N who="0" m="54543" /><D0/><U135/><E135/><V15/><F78/><W119/><G119/><T106/><D106/><U21/><E34/><V97/><F81/><W83/><G83/><T48/><D8/><U11/><E11/><N who="2" m="6527" /><F90/><W57/><G57/><T44/><D47/><U19/><REACH who="1" step="1"/><E103/><REACH who="1" ten="228,282,240,230" step="2"/><V125/><F125/><W82/><G82/><T122/><D122/><U101/><E101/><V74/><F74/><W79/><G79/><T33/><D33/><U37/><E37/><V133/><F133/><W26/><AGARI ba="0,2" hai="4,9,13,17,20,26,49,50,86,89,95,96,102,107" machi="26" ten="20,8000,1" yaku="1,1,0,1,7,1,52,1,53,1" doraHai="12" doraHaiUra="98" who="3" fromWho="3" sc="228,-20,282,-40,240,-20,230,100" /><INIT seed="2,0,0,3,2,45" ten="208,242,220,330" oya="2" hai0="40,82,63,44,37,23,55,54,6,85,133,31,48" hai1="131,73,61,86,110,14,4,43,71,21,32,127,1" hai2="65,2,26,70,25,3,51,130,108,103,80,35,16" hai3="89,41,10,97,68,34,57,58,56,24,101,113,77"/><V91/><F130/><W111/><G111/><T17/><D133/><U74/><E110/><V60/><F108/><W46/><G113/><T67/><D31/><U27/><E131/><V123/><F123/><W18/><G68/><T120/><D6/><U128/><E128/><V36/><F36/><W33/><G89/><T107/><D107/><U59/><E71/><V28/><F103/><W78/><G78/><T42/><D120/><U47/><E1/><V76/><F91/><W129/><G77/><T39/><D39/><U72/><E32/><V66/><F66/><W13/><G24/><T50/><D37/><U87/><E14/><V94/><F94/><W22/><G22/><T93/><D93/><U121/><E4/><V53/><F16/><W81/><G81/><T99/><D99/><U5/><E5/><V124/><F25/><W126/><G126/><T95/><D95/><U0/><E0/><V118/><F118/><W135/><G135/><T114/><D114/><U125/><E121/><V11/><F11/><W15/><G15/><N who="0" m="9663" /><D67/><N who="1" m="39359" /><E21/><V19/><F19/><W100/><G129/><T117/><D63/><U62/><E62/><V115/><F115/><W52/><G41/><T9/><D117/><U90/><E27/><V38/><F38/><W104/><REACH who="3" step="1"/><G101/><REACH who="3" ten="208,242,220,320" step="2"/><T102/><D102/><U7/><E90/><V119/><F124/><W75/><G75/><T92/><D82/><U112/><E112/><V30/><F119/><W29/><G29/><T49/><D42/><U79/><E79/><V98/><F30/><W83/><G83/><T106/><D40/><U134/><E127/><RYUUKYOKU ba="0,1" sc="208,-10,242,-10,220,-10,320,30" hai3="10,13,18,33,34,46,52,56,57,58,97,100,104" /><INIT seed="3,1,1,5,3,134" ten="198,232,210,350" oya="3" hai0="59,120,62,110,73,64,23,77,125,126,9,114,61" hai1="54,112,128,105,135,0,35,99,131,98,129,81,121" hai2="91,30,32,84,72,46,123,133,92,55,43,10,97" hai3="28,41,13,52,71,130,85,65,75,82,27,1,107"/><W100/><G1/><T56/><D73/><U26/><E112/><V74/><F133/><W5/><G75/><T7/><D77/><U29/><E121/><V16/><F30/><W42/><G130/><T51/><D120/><U38/><E135/><V89/><F32/><W76/><G65/><T12/><D114/><U4/><E38/><V101/><F123/><W15/><G71/><T48/><D110/><U86/><E105/><V115/><F115/><W111/><G111/><T47/><D23/><U117/><E117/><V2/><F55/><W33/><G15/><T8/><D9/><N who="1" m="2183" /><E54/><V103/><F103/><W34/><G34/><T20/><D20/><U95/><E95/><V3/><F3/><W57/><G100/><T87/><D87/><U11/><E11/><V17/><F2/><W21/><G107/><T90/><D90/><AGARI ba="1,1" hai="26,29,35,81,86,90,98,99,128,129,131" m="2183" machi="90" ten="30,1000,0" yaku="19,1" doraHai="134" who="1" fromWho="0" sc="198,-13,232,23,210,0,350,0" /><INIT seed="4,0,0,2,5,86" ten="185,255,210,350" oya="0" hai0="81,78,27,44,33,26,112,117,102,71,80,91,118" hai1="120,12,51,28,90,13,95,69,34,135,126,100,97" hai2="119,16,53,3,15,21,63,133,38,124,109,98,9" hai3="59,30,19,47,83,6,17,40,14,93,46,110,134"/><T42/><D71/><U36/><E69/><V50/><F109/><W0/><G110/><T85/><D112/><U72/><E72/><V82/><F38/><W121/><G134/><T55/><D55/><U68/><E36/><V75/><F133/><W77/><G30/><T31/><D102/><U74/><E74/><V1/><F124/><W129/><G0/><T48/><REACH who="0" step="1"/><D27/><REACH who="0" ten="175,255,210,350" step="2"/><U65/><E100/><V106/><F119/><W101/><G101/><T79/><D79/><U24/><E126/><V67/><F53/><W5/><G77/><T11/><D11/><U10/><E10/><V94/><F9/><W61/><G121/><T84/><AGARI ba="0,1" hai="26,31,33,42,44,48,78,80,81,84,85,91,117,118" machi="84" ten="20,7800,0" yaku="1,1,0,1,7,1,52,1,53,0" doraHai="86" doraHaiUra="4" who="0" fromWho="0" sc="175,88,255,-26,210,-26,350,-26" /><INIT seed="4,1,0,1,1,2" ten="263,229,184,324" oya="0" hai0="133,57,124,67,95,18,54,131,87,75,96,125,55" hai1="47,59,108,52,30,110,97,43,3,51,36,49,12" hai2="65,80,134,48,20,73,103,53,33,83,132,7,135" hai3="32,4,127,41,129,15,112,93,60,39,45,46,22"/><T35/><D75/><U5/><E3/><V61/><F33/><W24/><G32/><T42/><D35/><U31/><E36/><V94/><F73/><W26/><G112/><T126/><D42/><U79/><E110/><V88/><F103/><W115/><G115/><T74/><D74/><U34/><E34/><V90/><F20/><W10/><G127/><T104/><D133/><U0/><E0/><V119/><F119/><W9/><G129/><T118/><D131/><U120/><E120/><V6/><F53/><N who="0" m="19978" /><D118/><U109/><E109/><V28/><F48/><W122/><G122/><T106/><D87/><U128/><E128/><V16/><F16/><W63/><G46/><T91/><D18/><U82/><E97/><N who="2" m="57543" /><F28/><W86/><G10/><T50/><D50/><U21/><E21/><V71/><F83/><W89/><REACH who="3" step="1"/><G26/><REACH who="3" ten="263,229,184,314" step="2"/><T37/><D37/><U13/><E108/><V121/><F121/><W8/><G8/><T72/><D72/><U68/><E47/><V44/><F44/><W29/><AGARI ba="1,1" hai="4,9,15,22,24,29,39,41,45,60,63,86,89,93" machi="29" ten="20,12000,2" yaku="1,1,0,1,7,1,52,1,53,2" doraHai="2" doraHaiUra="56" who="3" fromWho="3" sc="263,-61,229,-31,184,-31,314,133" /><INIT seed="5,0,0,1,3,130" ten="202,198,153,447" oya="1" hai0="117,91,39,10,126,111,56,110,40,9,57,90,107" hai1="63,132,53,48,72,113,84,3,76,100,36,18,59" hai2="104,2,13,21,23,64,44,86,73,62,22,47,17" hai3="37,114,112,98,121,34,71,99,128,122,75,96,27"/><U42/><E113/><N who="3" m="43626" /><G128/><T20/><D107/><U11/><E100/><V129/><F73/><W124/><G124/><T106/><D106/><U52/><E72/><V38/><F104/><W60/><G37/><T1/><D1/><U31/><E31/><V81/><F2/><W95/><G95/><T77/><D77/><U66/><E36/><V131/><F131/><W103/><G103/><T109/><D126/><U70/><E42/><V45/><F38/><W125/><G75/><T102/><D102/><U29/><E29/><V5/><F5/><W65/><G125/><T35/><D35/><U19/><E53/><V135/><F129/><W134/><G134/><T93/><D117/><U87/><E132/><V30/><F135/><W51/><G51/><T83/><D83/><U68/><E68/><V54/><F54/><W25/><G34/><T127/><D127/><U116/><E116/><V50/><F50/><W24/><AGARI ba="0,0" hai="24,25,27,60,65,71,96,98,99,121,122" m="43626" machi="24" ten="40,1500,0" yaku="15,1" doraHai="130" who="3" fromWho="3" sc="202,-4,198,-7,153,-4,447,15" /><INIT seed="6,0,0,3,3,39" ten="198,191,149,462" oya="2" hai0="10,29,0,22,56,60,42,62,119,113,49,80,115" hai1="2,87,86,111,75,124,52,68,112,47,135,7,118" hai2="106,134,78,35,100,9,71,19,116,43,107,31,26" hai3="129,27,126,121,83,24,114,102,16,101,120,98,105"/><V97/><F116/><W99/><G126/><T33/><D119/><U132/><E111/><V110/><F110/><W122/><G129/><T70/><D33/><U123/><E118/><V104/><F134/><N who="1" m="51241" /><E124/><V103/><F78/><W88/><G114/><N who="0" m="43531" /><D70/><U38/><E112/><V30/><F30/><W85/><REACH who="3" step="1"/><G16/><REACH who="3" ten="198,191,149,452" step="2"/><T74/><D29/><U41/><E123/><V92/><F71/><W45/><G45/><T82/><D10/><U54/><E68/><V34/><F34/><W69/><G69/><T18/><D18/><U96/><E47/><V84/><F19/><W67/><G67/><T25/><D22/><U46/><E46/><V55/><F9/><W63/><G63/><T48/><D62/><U130/><E130/><V12/><F35/><W117/><G117/><T23/><D23/><U127/><E127/><V125/><F125/><W77/><G77/><T37/><D60/><U64/><E64/><V79/><F31/><W51/><G51/><T53/><D49/><U28/><E38/><V94/><F79/><W65/><G65/><T95/><D48/><U6/><E28/><V61/><F61/><W128/><G128/><T59/><D37/><U36/><E36/><V73/><F55/><W108/><G108/><T90/><D53/><U1/><E54/><V58/><F58/><W4/><G4/><T57/><D59/><U32/><E52/><V109/><F109/><W21/><G21/><T5/><D56/><U44/><E44/><V93/><F43/><W89/><G89/><T81/><D42/><U40/><E40/><V20/><F26/><W91/><G91/><RYUUKYOKU ba="0,1" sc="198,-10,191,-10,149,-10,452,30" hai3="24,27,83,85,88,98,99,101,102,105,120,121,122" /><INIT seed="7,1,1,5,4,91" ten="188,181,139,482" oya="3" hai0="82,35,79,106,117,73,28,23,131,6,39,54,38" hai1="92,66,97,43,45,22,44,115,112,15,65,120,33" hai2="47,70,69,110,14,90,130,127,46,93,95,13,51" hai3="9,49,1,30,7,36,128,102,78,132,57,94,74"/><W27/><G36/><T133/><D117/><U101/><E33/><V126/><F110/><W134/><G128/><T87/><D35/><U11/><E22/><V24/><F24/><W89/><G102/><T34/><D34/><U99/><E99/><V2/><F2/><W84/><G49/><T25/><D106/><U88/><E101/><V123/><F90/><W75/><G57/><T60/><D131/><U53/><E53/><V125/><F130/><W114/><G114/><N who="1" m="43562" /><E120/><V48/><F125/><W41/><G41/><T17/><D6/><N who="1" m="3575" /><E45/><V55/><F55/><W107/><G107/><T61/><D54/><U83/><E83/><V109/><F109/><W16/><G16/><T3/><D3/><U56/><E56/><V37/><F37/><AGARI ba="1,1" hai="37,43,44,65,66,88,92,97" m="3575,43562" machi="37" ten="30,3900,0" yaku="15,1,52,1,54,1" doraHai="91" who="1" fromWho="2" sc="188,0,181,52,139,-42,482,0" owari="188,-21.2,233,3.3,97,-40.3,482,58.2" /></mjloggm>