<mjloggm ver="2.3"><GO type="169" lobby="0"/><UN n0="%E3%81%97%E3%82%87%E3%81%86%40%34%38%36%39" n1="%42%65%6E%63%68%69%6E%67" n2="%4D%72%52%41%4D%4F" n3="%E6%AD%A3%E6%B0%A3%E5%8D%81%E8%B6%B3" dan="16,16,16,16" rate="2148.12,2091.08,2146.29,2106.92" sx="M,M,M,M"/><TAIKYOKU oya="0"/><INIT seed="0,0,0,0,1,122" ten="250,250,250,250" oya="0" hai0="81,90,119,82,92,67,134,8,17,123,12,116,6" hai1="49,30,23,1,51,126,135,3,120,21,53,70,59" hai2="16,107,118,86,26,103,117,97,57,99,14,5,33" hai3="114,79,102,80,89,111,36,78,10,46,85,44,101"/><T127/><D123/><U9/><E120/><V50/><F5/><W133/><G114/><T54/><D67/><U95/><E126/><V88/><F97/><W115/><G115/><T108/><D127/><U58/><E70/><V47/><F57/><W110/><G133/><T34/><D134/><U76/><E135/><V27/><F33/><W91/><G10/><T38/><D38/><U61/><E76/><V124/><F124/><W75/><G36/><T40/><D40/><U94/><E9/><V18/><F18/><W98/><G46/><T106/><D106/><U131/><E30/><V60/><F60/><W48/><G48/><T105/><D105/><U77/><E77/><N who="3" m="29194" /><G44/><T2/><D34/><U22/><E131/><V32/><F32/><W39/><G39/><T68/><D68/><U41/><E41/><V45/><F45/><W96/><G75/><T25/><D54/><U52/><REACH who="1" step="1"/><E61/><REACH who="1" ten="250,240,250,250" step="2"/><V87/><F117/><W72/><G72/><T130/><D130/><U11/><E11/><V104/><F118/><W42/><G42/><T73/><D119/><U35/><E35/><V7/><F7/><W112/><G112/><T55/><D116/><U24/><E24/><V109/><F27/><W4/><G4/><T31/><D73/><U84/><E84/><V19/><F86/><W100/><G96/><T28/><D28/><U125/><E125/><V15/><F26/><W113/><G113/><T65/><D31/><U37/><E37/><V71/><F99/><W63/><G63/><T13/><D25/><U29/><E29/><V69/><F71/><W62/><G62/><RYUUKYOKU ba="0,1" sc="250,-15,240,15,250,-15,250,15" hai1="1,3,21,22,23,49,51,52,53,58,59,94,95" hai3="80,85,89,91,98,100,101,102,110,111" /><INIT seed="1,1,1,3,0,80" ten="235,255,235,265" oya="1" hai0="58,116,127,81,126,99,62,40,56,68,1,94,10" hai1="52,123,32,110,51,96,30,89,82,67,120,35,63" hai2="97,0,73,9,133,124,104,61,41,83,103,8,18" hai3="93,31,27,37,20,113,46,112,134,111,131,70,105"/><U107/><E110/><V102/><F124/><N who="0" m="47658" /><D116/><U17/><E17/><V13/><F133/><W54/><G105/><T79/><D40/><U88/><E120/><V60/><F102/><W55/><G70/><T86/><D68/><U43/><E43/><V98/><F98/><W130/><G134/><T6/><D62/><U65/><E123/><V84/><F73/><W114/><G111/><T42/><D42/><U16/><E16/><V69/><F41/><N who="3" m="22831" /><G93/><T101/><AGARI ba="1,1" hai="1,6,10,56,58,79,81,86,94,99,101" m="47658" machi="101" ten="30,2000,0" yaku="18,1,52,1" doraHai="80" who="0" fromWho="0" sc="235,33,255,-11,235,-6,265,-6" /><INIT seed="2,0,0,3,0,17" ten="268,244,229,259" oya="2" hai0="66,94,50,105,18,82,123,34,1,33,95,54,22" hai1="57,86,87,24,118,7,3,73,85,96,121,75,120" hai2="102,20,6,93,108,64,68,89,81,37,100,23,56" hai3="67,79,110,112,39,12,92,119,72,42,97,59,115"/><V74/><F37/><W117/><G42/><T77/><D105/><U104/><E7/><V9/><F68/><W35/><G35/><T101/><D1/><U52/><E3/><V130/><F130/><W45/><G39/><T129/><D123/><N who="1" m="47179" /><E118/><V10/><F108/><W58/><G45/><T70/><D129/><U88/><E24/><V69/><F69/><W25/><G12/><T46/><D33/><U125/><E125/><V11/><F6/><W48/><G110/><T49/><D34/><U21/><E21/><N who="2" m="8267" /><F81/><W109/><G109/><T51/><D66/><U132/><E132/><V133/><F74/><N who="1" m="28169" /><E52/><V26/><F26/><W135/><G25/><T13/><D70/><U62/><E57/><V114/><F114/><W2/><G2/><T124/><D124/><U19/><E62/><N who="2" m="37959" /><F133/><W15/><G135/><T131/><D131/><U122/><N who="1" m="47187" /><U83/><DORA hai="30" /><E19/><V128/><F128/><W60/><G117/><T63/><D63/><U84/><E104/><V78/><F78/><W126/><G119/><T55/><D51/><U40/><E40/><V90/><F90/><W91/><G126/><T44/><D50/><U8/><E8/><N who="2" m="2051" /><V107/><DORA hai="41" /><F107/><W113/><G48/><T76/><D49/><U27/><E27/><V29/><F29/><W65/><G59/><T106/><D106/><U53/><E53/><V103/><F89/><W71/><G71/><T99/><D55/><U134/><E134/><V43/><F43/><W47/><G65/><T38/><D54/><U116/><E116/><V5/><F5/><W14/><G112/><T32/><D38/><RYUUKYOKU ba="0,0" sc="268,-15,244,15,229,15,259,-15" hai1="83,84,85,86,87,88,96" hai2="93,100,102,103" /><INIT seed="2,1,0,4,2,65" ten="253,259,244,244" oya="2" hai0="42,9,78,41,32,84,29,25,23,58,69,53,49" hai1="40,57,109,128,77,99,72,115,113,4,92,89,21" hai2="135,0,55,17,16,134,79,70,101,62,71,67,123" hai3="90,93,7,38,106,10,108,73,129,27,50,52,91"/><V98/><F123/><W35/><G38/><T87/><D69/><N who="2" m="26122" /><F67/><W131/><G106/><T11/><D32/><U122/><E122/><V118/><F0/><W114/><G108/><T39/><D39/><U28/><E109/><V100/><F118/><W22/><G73/><T2/><D2/><U15/><E128/><N who="3" m="49226" /><G114/><T61/><D78/><U37/><E57/><N who="2" m="35135" /><F79/><W76/><G76/><T120/><D120/><U44/><E77/><V97/><F97/><W83/><G83/><T104/><D104/><U126/><E72/><V86/><F86/><N who="0" m="32810" /><D41/><U85/><E99/><V14/><F98/><W95/><G35/><T117/><D117/><U121/><E121/><V119/><F119/><W1/><G93/><T18/><D29/><U64/><E64/><V124/><F124/><W105/><G95/><T127/><D127/><U81/><E126/><V43/><F43/><W31/><G105/><T8/><D42/><U102/><E102/><N who="2" m="39531" /><F14/><W56/><AGARI ba="1,0" hai="1,7,10,22,27,31,50,52,56,90,91" m="49226" machi="56" ten="30,2000,0" yaku="19,1,54,1" doraHai="65" who="3" fromWho="3" sc="253,-6,259,-6,244,-11,244,23" /><INIT seed="3,0,0,2,1,114" ten="247,253,233,267" oya="3" hai0="37,11,29,27,132,75,13,78,98,3,115,88,67" hai1="92,129,42,53,91,81,44,93,96,64,49,18,20" hai2="113,66,28,59,87,60,125,62,33,9,40,15,4" hai3="128,68,86,23,17,6,8,54,124,35,105,94,36"/><W70/><G105/><T119/><D37/><U97/><E129/><V14/><F125/><W24/><G36/><T0/><D132/><U47/><E64/><V106/><F113/><W85/><G124/><T127/><D115/><U39/><E81/><V21/><F106/><W118/><G118/><T10/><D10/><U116/><E116/><V52/><F33/><W69/><G35/><T55/><D67/><U82/><E82/><V109/><F109/><W107/><G107/><T90/><D119/><U57/><E47/><V5/><F40/><W72/><G72/><T80/><D127/><U41/><E41/><V7/><F87/><W73/><G73/><T16/><D55/><U103/><E20/><V134/><F134/><W58/><G94/><T65/><D65/><U61/><E39/><V101/><F101/><W122/><G122/><T51/><D51/><U83/><E83/><V74/><F74/><W108/><G128/><T25/><D25/><U45/><E45/><V126/><F126/><W76/><G76/><T131/><D131/><U43/><E18/><V111/><F111/><W120/><G120/><T1/><REACH who="0" step="1"/><D98/><REACH who="0" ten="237,253,233,267" step="2"/><N who="1" m="59847" /><E42/><V46/><F9/><W34/><G108/><T77/><D77/><U50/><E50/><N who="2" m="28759" /><F62/><W100/><G54/><T31/><D31/><U71/><E71/><V79/><F79/><W26/><G68/><T104/><D104/><U102/><E97/><V112/><F112/><W117/><G69/><T123/><D123/><U130/><E130/><V63/><F60/><W19/><G70/><T89/><D89/><AGARI ba="0,1" hai="43,44,49,53,57,61,89,91,93,96,102" m="59847" machi="89" ten="30,1000,0" yaku="8,1" doraHai="114" who="1" fromWho="0" sc="237,-10,253,20,233,0,267,0" /><INIT seed="4,0,0,5,2,15" ten="227,273,233,267" oya="0" hai0="128,61,7,72,118,45,122,17,12,34,6,29,76" hai1="36,103,88,121,37,8,95,93,35,47,100,120,41" hai2="108,44,84,18,114,68,130,57,13,86,38,77,113" hai3="71,65,16,124,32,62,123,26,75,132,73,64,50"/><T94/><D122/><U97/><E35/><V67/><F108/><W81/><G123/><T91/><D118/><U22/><E36/><V110/><F110/><W10/><G124/><T3/><D128/><U25/><E8/><V54/><F130/><W20/><G132/><T70/><D3/><U42/><E42/><N who="2" m="22615" /><F77/><W1/><G64/><T87/><D45/><U90/><E120/><V49/><F86/><W109/><G109/><T126/><D126/><U133/><E133/><V83/><F84/><W14/><G50/><T27/><D70/><U9/><E9/><N who="2" m="6447" /><F83/><W119/><G81/><T104/><D104/><U85/><REACH who="1" step="1"/><E121/><REACH who="1" ten="227,263,233,267" step="2"/><V53/><F53/><W116/><G119/><T111/><D111/><U80/><E80/><V11/><F11/><W21/><G116/><T82/><REACH who="0" step="1"/><D61/><AGARI ba="0,1" hai="49,54,57,61,67,68,113,114" m="6447,22615" machi="61" ten="30,2000,0" yaku="24,1,52,1" doraHai="15" who="2" fromWho="0" sc="227,-20,263,0,233,30,267,0" /><INIT seed="5,0,0,2,4,105" ten="207,263,263,267" oya="1" hai0="94,43,11,108,88,62,124,117,30,114,46,86,120" hai1="97,69,9,104,5,8,47,83,19,126,44,60,21" hai2="4,75,22,101,82,116,16,127,33,78,72,15,29" hai3="90,87,17,51,7,74,49,14,59,135,13,71,50"/><U56/><E126/><V68/><F116/><W31/><G71/><T20/><D108/><U131/><E69/><V103/><F68/><W134/><G74/><T28/><D117/><U111/><E131/><V92/><F127/><W26/><G7/><T41/><D114/><U35/><E35/><V93/><F4/><W118/><G118/><T85/><D124/><U132/><E132/><N who="3" m="50730" /><G17/><T3/><D120/><U0/><E8/><V1/><F1/><W76/><G76/><T53/><D3/><U57/><E111/><V110/><F110/><W42/><G59/><T98/><D11/><U54/><E83/><V58/><F58/><W32/><G42/><T125/><D125/><U84/><E84/><V123/><F123/><W39/><G39/><T119/><D119/><U122/><E122/><V61/><F61/><W24/><G24/><T81/><D85/><U96/><E57/><V79/><F29/><W115/><G115/><T23/><D30/><U128/><E128/><V45/><F45/><W34/><G34/><T70/><D28/><U133/><E133/><V109/><F33/><W80/><AGARI ba="0,0" hai="13,14,26,31,32,49,50,51,80,87,90" m="50730" machi="80" ten="30,1100,0" yaku="20,1" doraHai="105" who="3" fromWho="3" sc="207,-3,263,-5,263,-3,267,11" /><INIT seed="6,0,0,0,4,51" ten="204,258,260,278" oya="2" hai0="97,110,34,39,26,95,63,102,107,120,2,115,14" hai1="52,6,87,55,72,98,126,41,114,99,49,28,79" hai2="73,56,78,35,122,93,127,121,42,53,81,92,75" hai3="11,22,76,130,85,74,117,57,119,21,32,47,64"/><V128/><F35/><W125/><G32/><T83/><D110/><U33/><E72/><V20/><F128/><W134/><G130/><T18/><D120/><U116/><E116/><V46/><F75/><W88/><G76/><T1/><D115/><U59/><E114/><V25/><F127/><W129/><G74/><T38/><D83/><N who="1" m="47615" /><E33/><V112/><F112/><W31/><G125/><T36/><D95/><U13/><E126/><V70/><F70/><W54/><G129/><T15/><D63/><N who="1" m="36327" /><E41/><V132/><F132/><W66/><G134/><T58/><D58/><N who="1" m="33135" /><E28/><V60/><F121/><W77/><G77/><T86/><D86/><U82/><E82/><V23/><F122/><W8/><G47/><T104/><D104/><U94/><E94/><V10/><F10/><AGARI ba="0,0" hai="6,10,13,98,99" m="33135,36327,47615" machi="10" ten="30,7700,0" yaku="8,1,52,2,54,1" doraHai="51" who="1" fromWho="2" sc="204,0,258,77,260,-77,278,0" /><INIT seed="7,0,0,2,5,6" ten="204,335,183,278" oya="3" hai0="116,65,115,39,16,43,50,105,55,89,123,75,31" hai1="92,99,86,110,72,34,60,68,70,56,73,132,40" hai2="130,28,54,20,51,29,93,24,127,134,111,58,80" hai3="125,100,84,0,64,103,108,102,87,85,18,49,5"/><W30/><G125/><T27/><D116/><U22/><E34/><V88/><F111/><W76/><G108/><T69/><D123/><U129/><E110/><V82/><F127/><W121/><G121/><T23/><D115/><U104/><E40/><V37/><F37/><W107/><G107/><T135/><D135/><U33/><E33/><V94/><F134/><W44/><G30/><T41/><D105/><U10/><E104/><V97/><F130/><W131/><G131/><T95/><D75/><U101/><E86/><V13/><F28/><W63/><G5/><T133/><D39/><U62/><E22/><V109/><F109/><W79/><G18/><T81/><D81/><U48/><E129/><V113/><F113/><W122/><G0/><T46/><D133/><U25/><E25/><V45/><F13/><W32/><G32/><T4/><D4/><U47/><E72/><V126/><F126/><W21/><G21/><N who="0" m="15855" /><D65/><U61/><E73/><V120/><F120/><W1/><G1/><T35/><D69/><U91/><E101/><V12/><F12/><W106/><G106/><T118/><D118/><U17/><E132/><V53/><F93/><W36/><G36/><T7/><D7/><U83/><E83/><V71/><F71/><W117/><G117/><T67/><D67/><N who="1" m="39303" /><E70/><V66/><F66/><W14/><G122/><T77/><D77/><U38/><E68/><V98/><F98/><W42/><G14/><N who="0" m="9623" /><D35/><U8/><E38/><V128/><F128/><W59/><AGARI ba="0,0" hai="42,44,49,59,63,64,76,79,84,85,87,100,102,103" machi="59" ten="30,3000,0" yaku="0,1,8,1" doraHai="6" who="3" fromWho="3" sc="204,-10,335,-10,183,-10,278,30" /><INIT seed="7,1,0,5,2,93" ten="194,325,173,308" oya="3" hai0="81,68,59,83,50,40,89,26,78,127,107,95,109" hai1="33,5,14,27,25,12,104,47,74,34,113,45,75" hai2="99,64,28,54,110,0,17,133,6,132,24,101,36" hai3="42,87,11,18,71,66,98,44,13,56,32,57,115"/><W120/><G120/><T39/><D109/><U124/><E5/><V129/><F110/><W119/><G119/><T130/><D68/><U61/><E61/><V128/><F36/><W52/><G32/><T23/><D107/><U3/><E3/><V122/><F122/><W123/><G123/><T22/><D130/><N who="2" m="50282" /><F64/><W96/><G115/><T97/><D127/><U121/><E121/><V37/><F37/><W60/><G87/><N who="0" m="48567" /><D39/><U114/><E104/><N who="2" m="63551" /><F17/><W55/><G71/><T46/><D59/><U105/><E105/><V31/><F54/><N who="3" m="20523" /><G57/><T58/><D58/><U69/><E69/><V126/><F126/><AGARI ba="1,0" hai="12,14,25,27,33,34,45,47,74,75,113,114,124,126" machi="126" ten="25,1600,0" yaku="22,2" doraHai="93" who="1" fromWho="2" sc="194,0,325,19,173,-19,308,0" owari="194,-20.6,344,44.4,154,-34.6,308,10.8" /></mjloggm>