<mjloggm ver="2.3"><GO type="225" lobby="0"/><UN n0="%E6%A1%9C%E8%8A%B1%E9%96%83%E3%80%85" n1="%E8%B5%A4%E3%81%84%E8%9B%99%31%31" n2="%E3%81%BF%E3%81%BF%E3%81%9A" n3="%E4%BF%BA%E3%81%A8%E5%A6%96%E5%A4%A2" dan="16,16,17,16" rate="2219.01,2081.89,2227.11,2116.06" sx="M,M,M,F"/><TAIKYOKU oya="0"/><INIT seed="0,0,0,5,2,51" ten="250,250,250,250" oya="0" hai0="12,25,49,135,38,19,14,102,7,16,8,119,80" hai1="46,52,117,84,101,26,1,106,57,99,90,53,44" hai2="85,64,126,131,3,83,35,60,120,62,81,96,69" hai3="32,73,20,121,0,108,13,68,123,107,89,74,56"/><T47/><D119/><U127/><E127/><V31/><F120/><W95/><G68/><T132/><D38/><U39/><E117/><V128/><F3/><W104/><G32/><T54/><D102/><U93/><E1/><V129/><F126/><W82/><G0/><T70/><D70/><U22/><E39/><V11/><F11/><W75/><G13/><T29/><D80/><U133/><E133/><N who="0" m="51273" /><D14/><U15/><E15/><V27/><F85/><N who="3" m="52655" /><G20/><AGARI ba="0,0" hai="7,8,12,16,19,20,25,29,47,49,54" m="51273" machi="20" ten="30,5800,0" yaku="20,1,52,1,54,1" doraHai="51" who="0" fromWho="3" sc="250,58,250,0,250,0,250,-58" /><INIT seed="0,1,0,5,3,22" ten="308,250,250,192" oya="0" hai0="15,113,11,59,103,134,116,25,121,14,120,78,8" hai1="122,28,130,36,77,74,83,79,64,27,98,117,61" hai2="2,60,87,68,92,40,48,126,26,95,93,75,12" hai3="118,65,0,70,39,1,119,54,42,100,38,123,106"/><T34/><D103/><U53/><E117/><N who="3" m="44554" /><G100/><T52/><D116/><U105/><E122/><V127/><F75/><W33/><G106/><T23/><D113/><U125/><E125/><N who="2" m="47627" /><F2/><N who="3" m="1131" /><G54/><T49/><D34/><U128/><E79/><V72/><F72/><W30/><G123/><T3/><D134/><U104/><E53/><V44/><F12/><W110/><G110/><T84/><D3/><U50/><E50/><V7/><F7/><W89/><G89/><T21/><D120/><U37/><E37/><N who="3" m="13834" /><G42/><T66/><D121/><U4/><E36/><V132/><F132/><W73/><G73/><T109/><D109/><U90/><E4/><V108/><F108/><W135/><G135/><T6/><D66/><U63/><E90/><V131/><F87/><W10/><G10/><T85/><D21/><U80/><E80/><V43/><F43/><W99/><G99/><T86/><D78/><U41/><E41/><V97/><F97/><W20/><G20/><T71/><D85/><U32/><E63/><V107/><F107/><N who="1" m="41033" /><E98/><V5/><F5/><W82/><G82/><T47/><D86/><U31/><E31/><V51/><F51/><W129/><G65/><T133/><D84/><U19/><E19/><V96/><F96/><W115/><G115/><T16/><D133/><U58/><E58/><V46/><F46/><W35/><G30/><N who="0" m="17727" /><D71/><U67/><E67/><N who="2" m="41063" /><F26/><W24/><G70/><T114/><D114/><U91/><E91/><V29/><F29/><N who="3" m="19623" /><G35/><T94/><D47/><U13/><E13/><V57/><F57/><W101/><G101/><T81/><D81/><U18/><E18/><RYUUKYOKU ba="1,0" sc="308,0,250,0,250,0,192,0" hai0="6,8,11,14,15,16,49,52,59,94" hai1="27,28,32,61,64,74,77,83,128,130" hai2="40,44,48,92,93,95,131" hai3="129" /><INIT seed="0,2,0,0,2,35" ten="308,250,250,192" oya="0" hai0="78,62,34,131,126,22,95,56,46,52,33,0,47" hai1="117,9,88,48,101,31,77,17,98,24,82,132,15" hai2="89,11,61,116,28,91,109,1,86,130,16,74,25" hai3="97,66,30,19,75,115,38,13,81,3,73,100,29"/><T6/><D126/><U69/><E132/><V106/><F74/><W124/><G115/><T18/><D131/><U43/><E69/><V54/><F106/><W49/><G38/><T133/><D133/><U83/><E117/><V42/><F130/><W123/><G124/><T92/><D78/><U70/><E70/><V85/><F42/><W90/><G123/><T125/><D125/><U79/><E83/><V93/><F116/><W113/><G113/><T51/><D34/><U118/><E118/><V110/><F61/><W122/><G122/><T2/><D33/><U45/><E101/><V84/><F54/><W44/><G66/><T36/><D47/><U41/><E41/><V127/><F127/><W102/><G102/><T119/><D36/><U65/><E65/><V40/><F40/><W105/><G3/><T37/><D37/><U76/><E98/><V108/><F93/><W114/><G73/><T135/><D135/><U20/><REACH who="1" step="1"/><E79/><REACH who="1" ten="308,240,250,192" step="2"/><V64/><F64/><W50/><G114/><T129/><D119/><U26/><E26/><V111/><F109/><W96/><G97/><T32/><D129/><U87/><AGARI ba="2,1" hai="9,15,17,20,24,31,43,45,48,76,77,82,87,88" machi="87" ten="30,8000,1" yaku="1,1,0,1,8,1,54,1,53,1" doraHai="35" doraHaiUra="12" who="1" fromWho="1" sc="308,-42,240,96,250,-22,192,-22" /><INIT seed="1,0,0,3,4,107" ten="266,336,228,170" oya="1" hai0="53,106,104,50,129,114,135,102,33,86,0,57,7" hai1="14,71,66,123,105,100,121,67,81,3,68,46,90" hai2="40,58,116,65,15,56,117,8,61,99,72,20,74" hai3="49,69,89,19,45,12,87,35,52,5,124,76,77"/><U80/><E3/><V85/><F40/><W108/><G69/><T64/><D114/><U110/><E46/><V47/><F47/><W98/><G108/><T38/><D33/><U37/><E37/><V94/><F85/><W130/><G130/><T133/><D129/><U78/><E14/><V96/><F20/><W119/><G124/><T103/><D38/><U36/><E36/><V4/><F99/><W6/><G119/><T62/><D86/><U73/><E66/><V26/><F26/><W63/><G35/><T120/><D120/><N who="1" m="46155" /><E67/><V29/><F29/><W1/><G98/><T17/><D17/><U21/><E21/><V126/><F126/><W131/><G131/><T39/><D39/><U9/><E9/><V41/><F41/><W95/><G63/><T55/><D55/><U18/><E18/><V27/><F27/><W84/><G1/><T113/><D113/><U88/><E68/><V31/><F31/><W101/><G101/><N who="0" m="38411" /><D7/><N who="3" m="2569" /><G84/><T134/><D0/><U28/><E28/><V112/><F112/><W32/><G32/><T79/><D79/><N who="1" m="44143" /><E71/><AGARI ba="0,0" hai="50,53,57,62,64,71,104,106,133,134,135" m="38411" machi="71" ten="30,1000,0" yaku="20,1" doraHai="107" who="0" fromWho="1" sc="266,10,336,-10,228,0,170,0" /><INIT seed="2,0,0,4,3,23" ten="276,326,228,170" oya="2" hai0="117,87,124,18,19,17,128,82,110,24,53,62,80" hai1="37,45,75,116,9,46,123,95,0,20,33,100,133" hai2="14,15,101,44,115,130,122,93,106,2,12,60,102" hai3="113,109,73,120,35,66,29,31,79,6,84,90,131"/><V56/><F115/><W111/><G120/><T42/><D110/><N who="3" m="41993" /><G113/><T49/><D124/><U34/><E75/><V105/><F122/><W21/><G79/><N who="0" m="46495" /><D128/><U104/><E116/><V16/><F2/><W63/><G73/><T76/><D117/><U41/><E104/><V32/><F32/><W78/><G78/><T92/><D42/><U8/><E133/><V7/><F130/><W125/><G131/><T83/><D62/><U97/><E123/><V85/><F7/><W22/><G6/><T121/><D121/><U4/><E8/><V67/><F106/><W38/><G38/><T27/><D92/><U132/><E132/><V77/><F105/><W119/><G119/><T30/><D30/><N who="3" m="11273" /><G35/><T58/><D76/><U65/><E65/><V28/><F28/><W107/><G107/><T108/><D108/><U134/><E134/><V47/><F16/><W126/><G90/><T26/><AGARI ba="0,0" hai="17,18,19,24,26,27,49,53,58,82,83" m="46495" machi="26" ten="30,7900,0" yaku="8,1,52,3" doraHai="23" who="0" fromWho="0" sc="276,79,326,-20,228,-39,170,-20" /><INIT seed="3,0,0,1,2,74" ten="355,306,189,150" oya="3" hai0="104,110,116,101,132,39,97,113,63,14,13,125,30" hai1="57,119,84,81,34,27,23,135,16,49,44,26,38" hai2="19,41,53,12,31,46,124,115,128,77,21,65,18" hai3="127,33,73,47,28,105,45,89,1,35,121,133,87"/><W70/><G121/><T55/><D116/><U126/><E126/><V32/><F115/><W51/><G73/><T54/><D125/><U17/><E135/><V29/><F124/><W123/><G127/><T48/><D39/><U91/><E119/><V22/><F32/><W98/><G123/><T118/><D118/><U114/><E114/><V20/><F128/><W80/><G1/><T40/><D132/><U108/><E108/><V78/><F65/><W92/><G133/><T43/><D110/><U6/><E6/><V107/><F107/><W9/><G105/><T56/><D30/><N who="2" m="11274" /><F41/><W25/><G70/><T72/><D72/><U93/><E34/><V106/><F106/><W88/><G35/><T79/><D79/><N who="2" m="30218" /><F12/><W58/><REACH who="3" step="1"/><G9/><REACH who="3" ten="355,306,189,140" step="2"/><T76/><D113/><U66/><E23/><V120/><F120/><W2/><G2/><T130/><D104/><U64/><E64/><V75/><F75/><W10/><G10/><T15/><D130/><U42/><E66/><V3/><F3/><W61/><G61/><T122/><D122/><U67/><E67/><V85/><F85/><W36/><G36/><T103/><D63/><U99/><E38/><V71/><F71/><W96/><G96/><T83/><D97/><U52/><E99/><V62/><F62/><W117/><G117/><T94/><D48/><AGARI ba="0,1" hai="18,19,20,21,22,46,48,53" m="30218,11274" machi="48" ten="30,7700,0" yaku="8,1,52,3" doraHai="74" who="2" fromWho="0" sc="355,-77,306,0,189,87,140,0" owari="278,7.8,306,40.6,276,-12.4,140,-36.0" /></mjloggm>