<mjloggm ver="2.3"><GO type="225" lobby="0"/><UN n0="%E3%83%96%E3%83%83%E3%83%91%E3%82%AA%E3%83%96%E3%83%81%E3%82%AD%E3%83%B3" n1="%E6%81%A5%E6%99%92%E3%81%97" n2="%E6%A1%9C%E8%8A%B1%E9%96%83%E3%80%85" n3="%E3%83%B4%E3%83%A0%EF%BC%99%E3%81%A6" dan="16,16,16,17" rate="2154.93,2069.03,2190.41,2139.02" sx="M,M,M,M"/><TAIKYOKU oya="0"/><INIT seed="0,0,0,4,4,108" ten="250,250,250,250" oya="0" hai0="99,23,28,21,84,70,134,81,3,73,93,51,122" hai1="133,33,124,32,24,2,45,94,77,14,95,20,27" hai2="82,61,92,4,68,76,63,86,115,15,64,97,12" hai3="52,119,117,38,71,46,114,54,74,47,100,111,116"/><T8/><D122/><U50/><E2/><V22/><F4/><W65/><G74/><T125/><D70/><U0/><E0/><V39/><F39/><W104/><G104/><T89/><D125/><U44/><E124/><V9/><F9/><W53/><G100/><T106/><D134/><U69/><E69/><V43/><F43/><N who="3" m="22903" /><G111/><T98/><D28/><U78/><E50/><V57/><F22/><W6/><G6/><N who="0" m="1119" /><D51/><U118/><E20/><V123/><F123/><W87/><G87/><T110/><D99/><U11/><E11/><V1/><F115/><W88/><G88/><T131/><D131/><U5/><E5/><V17/><F17/><W79/><G79/><N who="0" m="44271" /><D110/><U107/><E107/><V48/><F48/><N who="3" m="28831" /><G114/><T113/><D113/><U36/><E36/><V25/><F25/><W103/><G103/><AGARI ba="0,0" hai="21,23,84,89,93,98,103,106" m="44271,1119" machi="103" ten="30,1500,0" yaku="24,1" doraHai="108" who="0" fromWho="3" sc="250,15,250,0,250,0,250,-15" /><INIT seed="0,1,0,2,3,122" ten="265,250,250,235" oya="0" hai0="121,100,112,124,119,73,42,66,26,114,86,98,24" hai1="6,55,91,128,54,81,90,53,129,97,65,23,15" hai2="87,31,67,25,115,16,27,106,3,20,60,127,39" hai3="1,135,30,85,109,32,46,22,78,56,75,36,35"/><T45/><D73/><U120/><E120/><V116/><F115/><W95/><G75/><T10/><D121/><U47/><E65/><V14/><F127/><W96/><G1/><T92/><D119/><U13/><E23/><V9/><F116/><W99/><G135/><T11/><D124/><U126/><E126/><V80/><F39/><W69/><G69/><T52/><D66/><U0/><E97/><V134/><F106/><W70/><G70/><T82/><D114/><U72/><E47/><V103/><F103/><W93/><G56/><T107/><D107/><U118/><E118/><V68/><F134/><W57/><G57/><T132/><D132/><U113/><E113/><V62/><F62/><W12/><G22/><T29/><D112/><U7/><E72/><V133/><F133/><W74/><G74/><T2/><D42/><U48/><E48/><V76/><REACH who="2" step="1"/><F31/><REACH who="2" ten="265,250,240,235" step="2"/><W108/><G30/><T89/><D2/><U38/><E38/><V8/><F8/><W5/><G36/><T50/><REACH who="0" step="1"/><D26/><REACH who="0" ten="255,250,240,235" step="2"/><U33/><E0/><V44/><F44/><W49/><G46/><T130/><D130/><U51/><E128/><V41/><F41/><W63/><G63/><T4/><D4/><AGARI ba="1,2" hai="3,4,9,14,16,20,25,27,60,67,68,76,80,87" machi="4" ten="40,2600,0" yaku="1,1,54,1,53,0" doraHai="122" doraHaiUra="71" who="2" fromWho="0" sc="255,-29,250,0,240,49,235,0" /><INIT seed="1,0,0,4,0,38" ten="226,250,289,235" oya="1" hai0="103,121,19,63,79,48,32,41,39,52,0,56,1" hai1="34,67,74,73,40,12,97,76,82,128,31,104,135" hai2="43,113,60,3,133,120,106,18,20,71,99,116,89" hai3="47,114,110,36,131,30,77,26,115,134,58,16,2"/><U54/><E128/><V51/><F116/><W42/><G131/><T35/><D79/><U92/><E104/><V7/><F120/><W8/><G110/><T70/><D103/><U61/><E54/><V93/><F133/><W111/><G111/><T50/><D50/><U90/><E135/><V4/><F106/><W105/><G105/><T44/><D121/><U108/><E108/><V117/><F117/><W83/><G58/><T17/><D35/><U65/><E12/><V129/><F3/><N who="0" m="1098" /><D32/><U28/><E67/><AGARI ba="0,0" hai="17,19,39,41,44,48,52,56,63,67,70" m="1098" machi="67" ten="30,3900,0" yaku="24,1,52,1,54,1" doraHai="38" who="0" fromWho="1" sc="226,39,250,-39,289,0,235,0" /><INIT seed="2,0,0,5,3,93" ten="265,211,289,235" oya="2" hai0="72,58,123,50,119,27,76,126,68,91,85,101,2" hai1="32,108,41,57,131,107,115,42,45,132,63,104,80" hai2="19,26,52,53,22,47,89,77,21,1,31,109,59" hai3="35,39,33,56,99,92,79,127,4,111,100,40,51"/><V23/><F1/><W9/><G111/><T113/><D123/><U69/><E115/><V43/><F109/><W129/><G129/><T62/><D113/><U20/><E32/><V124/><F124/><W24/><G127/><T105/><D2/><U70/><E108/><V134/><F134/><W15/><G39/><T8/><D126/><U34/><E34/><V135/><F135/><W13/><G24/><T37/><D37/><U29/><E131/><V38/><F77/><W86/><G15/><T18/><D119/><U75/><E132/><V71/><F71/><W118/><G118/><T96/><D50/><U102/><E42/><V81/><F19/><W55/><REACH who="3" step="1"/><G40/><REACH who="3" ten="265,211,289,225" step="2"/><T3/><D27/><U95/><E41/><V110/><F110/><W103/><G103/><T17/><D101/><U44/><E102/><V117/><F117/><W122/><G122/><T121/><D121/><U46/><E29/><V130/><F130/><W12/><G12/><T66/><D3/><U74/><E70/><V6/><F26/><W7/><G7/><T14/><D14/><U88/><E69/><V97/><F6/><W116/><G116/><T10/><D68/><U60/><E20/><V78/><F31/><W49/><G49/><T128/><D128/><U114/><E114/><V11/><F22/><W90/><G90/><T30/><D91/><U0/><E0/><V120/><F23/><W125/><G125/><T112/><D30/><U65/><E63/><N who="2" m="36327" /><F120/><W73/><G73/><T64/><D72/><U25/><E75/><V84/><F38/><W82/><AGARI ba="0,1" hai="4,9,13,33,35,51,55,56,79,82,86,92,99,100" machi="82" ten="30,7900,0" yaku="1,1,0,1,52,1,53,1" doraHai="93" doraHaiUra="5" who="3" fromWho="3" sc="265,-20,211,-20,289,-39,225,89" /><INIT seed="3,0,0,3,5,38" ten="245,191,250,314" oya="3" hai0="133,80,97,45,96,127,13,4,99,69,73,12,47" hai1="48,89,19,98,120,108,6,59,29,135,25,86,116" hai2="26,84,7,110,74,11,66,10,76,15,113,117,41" hai3="50,71,87,54,91,17,78,35,39,37,8,55,32"/><W92/><G71/><T93/><D69/><U52/><E120/><V126/><F113/><W95/><G78/><T123/><D123/><U134/><E108/><V90/><F117/><W119/><G119/><T85/><D73/><U125/><E116/><V51/><F110/><W9/><G17/><T40/><D133/><N who="1" m="50699" /><E6/><V3/><F126/><W122/><G122/><T60/><D127/><U64/><E125/><V107/><F107/><W24/><G24/><T62/><D4/><U5/><E5/><V101/><F101/><W70/><G70/><T102/><D102/><U68/><E68/><V1/><F66/><W124/><G124/><T79/><D93/><U34/><E64/><V30/><F76/><W105/><G105/><T115/><D115/><U33/><E19/><V42/><F1/><W111/><G111/><T58/><D47/><U53/><E53/><V14/><F3/><W118/><G118/><T109/><D109/><U83/><E98/><V22/><F7/><W75/><G75/><T104/><D104/><U21/><E34/><V0/><F0/><W57/><G54/><T20/><D99/><U49/><E33/><V65/><F65/><W100/><G32/><T88/><D97/><U129/><E129/><V114/><F114/><W61/><G35/><T46/><D96/><U77/><E77/><V23/><F23/><W132/><G132/><T82/><D20/><U63/><E63/><V112/><F22/><W36/><G61/><T16/><D62/><U28/><E28/><V31/><F31/><W18/><G18/><T43/><D60/><U2/><E2/><RYUUKYOKU ba="0,0" sc="245,-15,191,15,250,-15,314,15" hai1="21,25,29,48,49,52,59,83,86,89" hai3="8,9,36,37,39,50,55,57,87,91,92,95,100" owari="230,-17.0,206,-29.4,235,3.5,329,42.9" /></mjloggm>