<mjloggm ver="2.3"><GO type="169" lobby="0"/><UN n0="%E5%8D%83%E5%B9%B4%E5%B0%8F%E5%A6%96" n1="%E3%81%99%E3%83%BC%5F%E9%88%B4%E6%9C%A8%E6%B5%A9%E5%B9%B3" n2="%E8%B6%85%E7%B5%B6%E5%82%99%E9%95%B7%E7%82%AD" n3="%E3%82%A4%E3%82%A7%E3%83%83%E3%82%BF%E3%82%A4%E3%82%AC%E3%83%BC" dan="16,16,17,16" rate="2096.23,2105.87,2079.09,2108.69" sx="M,M,M,M"/><TAIKYOKU oya="0"/><INIT seed="0,0,0,1,1,74" ten="250,250,250,250" oya="0" hai0="12,71,128,29,54,6,115,44,135,118,66,111,119" hai1="17,51,47,8,48,78,60,80,30,91,22,108,103" hai2="59,9,53,45,11,92,83,10,85,38,25,112,132" hai3="55,87,61,33,75,16,124,32,93,36,79,117,72"/><T121/><D115/><U15/><E108/><V42/><F112/><W58/><G117/><T68/><D121/><U122/><E122/><V57/><F57/><W20/><G36/><T90/><D29/><U52/><E103/><V43/><F132/><W114/><G114/><T130/><D135/><U94/><E60/><V134/><F134/><W133/><G133/><T89/><D111/><U18/><E30/><V116/><F43/><W13/><G124/><T0/><D0/><U127/><E127/><V28/><F92/><W67/><G67/><T31/><D31/><U73/><E51/><V125/><F125/><W56/><G58/><T37/><D6/><U26/><E26/><V64/><F64/><W3/><G3/><T86/><D12/><U69/><E69/><V7/><F7/><W46/><G46/><T19/><D19/><U1/><E1/><V40/><F40/><W96/><G72/><T107/><D107/><U62/><E62/><V129/><F129/><N who="0" m="49770" /><D89/><U49/><E49/><V131/><F131/><W82/><REACH who="3" step="1"/><G75/><REACH who="3" ten="250,250,250,240" step="2"/><T63/><D71/><U97/><REACH who="1" step="1"/><E17/><REACH who="1" ten="250,240,250,240" step="2"/><V39/><F39/><W105/><G105/><T104/><D104/><U102/><E102/><AGARI ba="0,2" hai="13,16,20,32,33,55,56,61,79,82,87,93,96,102" machi="102" ten="30,7700,0" yaku="1,1,7,1,52,1,54,1,53,0" doraHai="74" doraHaiUra="100" who="3" fromWho="1" sc="250,0,240,-77,250,0,240,97" /><INIT seed="1,0,0,3,4,7" ten="250,163,250,337" oya="1" hai0="23,82,40,112,47,109,36,85,129,58,53,56,98" hai1="51,41,130,29,86,60,71,133,108,52,75,33,74" hai2="16,8,66,67,5,131,45,90,13,48,3,43,113" hai3="35,105,84,14,34,135,81,127,124,39,62,83,27"/><U87/><E133/><V64/><F131/><W110/><G39/><T42/><D112/><U18/><E130/><V99/><F113/><W63/><G135/><T79/><D129/><U28/><E41/><V70/><F70/><W128/><G105/><T26/><D42/><U25/><E108/><V116/><F116/><W65/><G110/><T102/><D109/><U1/><E28/><V91/><REACH who="2" step="1"/><F99/><REACH who="2" ten="250,163,240,337" step="2"/><W119/><G119/><T37/><D36/><U24/><E71/><V46/><F46/><W123/><G128/><T80/><D47/><U126/><E126/><V68/><F68/><W72/><G124/><T9/><D98/><U92/><E74/><V19/><F19/><W88/><G127/><T104/><D37/><U6/><E75/><V120/><F120/><W122/><G123/><T15/><D85/><U11/><E86/><V12/><F12/><W114/><G122/><T111/><D15/><U32/><E18/><V77/><F77/><W106/><G72/><T55/><D79/><U10/><E87/><V89/><F89/><W125/><G125/><T95/><D111/><U50/><E1/><V59/><F59/><W2/><G2/><T101/><D58/><U96/><E96/><V97/><F97/><W49/><G114/><T22/><D56/><U0/><E0/><V61/><F61/><W30/><G106/><T94/><D104/><U121/><E60/><V117/><F117/><W76/><G35/><T17/><D17/><U115/><E121/><V69/><F69/><W21/><G34/><T107/><D107/><U31/><E115/><V57/><F57/><RYUUKYOKU type="nm" ba="0,1" sc="250,-20,163,-40,240,-20,337,80" hai2="3,5,8,13,16,43,45,48,64,66,67,90,91" /><INIT seed="2,1,1,4,3,21" ten="230,123,220,417" oya="2" hai0="32,95,28,82,66,43,64,124,46,70,2,6,107" hai1="92,91,33,84,115,56,30,130,102,18,23,60,96" hai2="81,11,79,65,113,67,38,101,109,78,17,61,69" hai3="15,13,44,26,89,126,94,117,42,105,87,16,63"/><V99/><F38/><W76/><G117/><T132/><D107/><U112/><E130/><V39/><F39/><W83/><G126/><T5/><D124/><U53/><E33/><V71/><F113/><W104/><G63/><T35/><D132/><U77/><E77/><V72/><F79/><W73/><G105/><T57/><D70/><U51/><E51/><V127/><F127/><W116/><G104/><T12/><D2/><U24/><REACH who="1" step="1"/><E30/><REACH who="1" ten="230,113,220,417" step="2"/><V80/><F78/><W134/><G116/><T74/><D28/><U97/><E97/><V114/><F99/><N who="3" m="57807" /><G134/><T98/><D32/><U110/><E110/><V1/><F109/><W111/><G111/><T131/><D98/><U59/><E59/><V133/><F133/><W135/><G135/><T8/><D35/><U119/><E119/><V41/><F71/><W55/><G73/><T90/><D57/><U34/><E34/><V4/><F72/><W85/><G87/><T29/><D29/><U125/><E125/><V123/><F69/><W3/><G76/><T118/><D74/><U0/><E0/><V100/><F1/><W58/><G3/><T27/><D131/><U9/><E9/><V22/><F11/><W68/><G68/><T40/><D8/><U103/><E103/><V25/><F101/><W50/><G85/><T45/><D118/><U122/><E122/><V47/><F100/><W54/><G58/><T36/><D36/><U62/><E62/><V37/><F61/><W14/><G83/><AGARI ba="1,2" hai="18,23,24,53,56,60,83,84,91,92,96,102,112,115" machi="83" ten="30,3900,0" yaku="1,1,7,1,52,1,53,0" doraHai="21" doraHaiUra="7" who="1" fromWho="3" sc="230,0,113,62,220,0,417,-42" /><INIT seed="3,0,0,2,4,18" ten="230,175,220,375" oya="3" hai0="98,115,36,4,101,119,125,43,90,44,83,1,27" hai1="84,29,92,81,42,64,59,134,118,16,110,102,70" hai2="5,88,10,7,2,91,100,122,121,129,35,53,45" hai3="107,54,128,47,71,6,49,72,103,25,48,32,37"/><W131/><G71/><T95/><D119/><U3/><E3/><V106/><F35/><W108/><G72/><T82/><D125/><U60/><E118/><V51/><F129/><N who="3" m="49739" /><G6/><T73/><D115/><U15/><E110/><V99/><REACH who="2" step="1"/><F7/><REACH who="2" ten="230,175,210,375" step="2"/><W52/><G32/><T55/><D4/><U111/><E111/><V130/><F130/><W86/><G108/><T96/><D1/><U105/><E134/><V11/><F11/><W114/><G114/><T89/><D73/><U79/><E105/><V63/><F63/><W8/><G107/><T62/><D62/><U28/><E70/><V78/><F78/><W38/><G8/><T76/><D76/><U127/><E127/><V124/><F124/><W19/><G103/><T104/><D104/><U123/><E123/><AGARI ba="0,1" hai="2,5,10,45,51,53,88,91,99,100,106,121,122,123" machi="123" ten="40,5200,0" yaku="1,1,13,1,54,1,53,0" doraHai="18" doraHaiUra="68" who="2" fromWho="1" sc="230,0,175,-52,210,62,375,0" /><INIT seed="4,0,0,1,0,54" ten="230,123,272,375" oya="0" hai0="102,53,72,119,84,42,17,32,58,36,34,85,99" hai1="5,77,33,15,105,38,10,64,51,93,50,127,107" hai2="97,78,41,96,125,24,103,8,1,7,111,132,68" hai3="13,14,104,129,20,28,70,120,23,118,74,69,73"/><T131/><D119/><U39/><E33/><V22/><F68/><W63/><G118/><T57/><D72/><U37/><E127/><V101/><F111/><W11/><G120/><T47/><D131/><U83/><E64/><V27/><F125/><W18/><G129/><T90/><D84/><U66/><E66/><V108/><F108/><W134/><G104/><T43/><D43/><U115/><E115/><V113/><F113/><W112/><G112/><T59/><D53/><U62/><E62/><V56/><F132/><W121/><G121/><T30/><D30/><U2/><E93/><V12/><F78/><W91/><G134/><T95/><REACH who="0" step="1"/><D17/><REACH who="0" ten="220,123,272,375" step="2"/><U81/><E5/><V117/><F41/><W55/><G73/><T94/><AGARI ba="0,1" hai="32,34,36,42,47,57,58,59,85,90,94,95,99,102" machi="94" ten="30,18000,2" yaku="1,1,2,1,0,1,52,3,53,0" doraHai="54" doraHaiUra="44" who="0" fromWho="0" sc="220,190,123,-60,272,-60,375,-60" /><INIT seed="4,1,0,0,1,96" ten="410,63,212,315" oya="0" hai0="6,56,2,115,30,17,125,128,62,55,8,131,40" hai1="51,127,14,42,9,134,84,34,80,120,37,110,94" hai2="86,12,39,119,102,72,66,13,65,18,24,41,67" hai3="45,121,54,21,20,118,90,7,77,108,100,88,10"/><T48/><D115/><U114/><E120/><V107/><F72/><W112/><G121/><T36/><D125/><U35/><E110/><V132/><F132/><W74/><G118/><T124/><D124/><U122/><E122/><V38/><F119/><W68/><G68/><T106/><D106/><U87/><E127/><V130/><F41/><W64/><G112/><T71/><D30/><U69/><E69/><V4/><F130/><W113/><G113/><T129/><D17/><U126/><E114/><V82/><F24/><W26/><G64/><N who="0" m="41367" /><D40/><U60/><E37/><AGARI ba="1,0" hai="2,6,8,36,37,48,55,56,128,129,131" m="41367" machi="37" ten="30,1500,0" yaku="19,1" doraHai="96" who="0" fromWho="1" sc="410,18,63,-18,212,0,315,0" /><INIT seed="4,2,0,4,5,7" ten="428,45,212,315" oya="0" hai0="1,120,93,50,51,54,53,73,8,22,135,48,59" hai1="83,45,39,75,100,104,77,101,23,82,127,123,121" hai2="80,118,117,66,27,47,90,61,6,2,30,43,124" hai3="21,99,57,85,109,28,42,81,12,0,41,112,98"/><T69/><D120/><U13/><E127/><V56/><F124/><W16/><G0/><T67/><D73/><U78/><E39/><V10/><F90/><W55/><G112/><T46/><D135/><U32/><E32/><V110/><F80/><W76/><G109/><T89/><D69/><U74/><E45/><V132/><F110/><W9/><G99/><T52/><D22/><U49/><E49/><V64/><F64/><W34/><G34/><T108/><D108/><U84/><E23/><V128/><F132/><W92/><G28/><T116/><D116/><U114/><E13/><V26/><F128/><W95/><G21/><T18/><D1/><U3/><E3/><V19/><F19/><W71/><G71/><T106/><D106/><U15/><E15/><V29/><F30/><W91/><G95/><T62/><D8/><U126/><E126/><V14/><F2/><W63/><AGARI ba="2,0" hai="9,12,16,41,42,55,57,63,76,81,85,91,92,98" machi="63" ten="20,8000,1" yaku="0,1,7,1,8,1,52,1,54,1" doraHai="7" who="3" fromWho="3" sc="428,-42,45,-22,212,-22,315,86" /><INIT seed="5,0,0,4,5,16" ten="386,23,190,401" oya="1" hai0="76,82,97,75,37,55,133,115,67,17,72,79,93" hai1="123,100,4,27,63,65,53,5,24,130,110,8,85" hai2="22,70,108,41,20,118,43,94,66,80,52,54,125" hai3="87,26,98,88,132,90,45,74,15,101,106,71,19"/><U11/><E123/><V49/><F108/><W34/><G71/><T104/><D37/><U64/><E110/><V69/><F118/><W9/><G132/><T126/><D67/><U25/><E130/><V84/><F66/><N who="1" m="25705" /><E100/><V134/><F134/><W109/><G74/><T31/><D31/><U107/><E107/><V73/><F73/><W51/><G109/><T46/><D115/><U48/><E85/><V56/><F70/><W57/><G57/><T60/><D126/><U129/><E63/><N who="2" m="36231" /><F94/><W99/><G98/><T29/><D29/><U12/><E129/><V21/><F125/><W14/><G34/><T112/><D112/><U62/><E62/><V36/><F36/><W32/><G32/><T113/><D113/><U59/><E8/><V68/><F69/><W7/><G26/><N who="1" m="6658" /><U120/><DORA hai="18" /><E120/><V96/><F96/><W114/><G87/><T77/><D104/><U0/><E0/><V135/><F68/><W91/><G114/><T58/><D75/><U42/><E42/><V61/><F61/><W78/><G78/><T6/><D76/><U33/><E33/><V3/><F3/><W44/><REACH who="3" step="1"/><G51/><REACH who="3" ten="386,23,190,391" step="2"/><N who="0" m="29175" /><D77/><U1/><E1/><V30/><F135/><W50/><G50/><T83/><D79/><U40/><E40/><V117/><F117/><W103/><G103/><T39/><D72/><U121/><E121/><V2/><F30/><W95/><G95/><T28/><D93/><U86/><E86/><V131/><F131/><W116/><G116/><T128/><D133/><U119/><E119/><V13/><F43/><W89/><G89/><T105/><D128/><RYUUKYOKU ba="0,1" sc="386,-15,23,15,190,-15,391,15" hai1="4,5,11,12,48,53,59" hai3="7,9,14,15,19,44,45,88,90,91,99,101,106" /><INIT seed="5,1,1,3,1,27" ten="371,38,175,406" oya="1" hai0="15,77,119,62,102,36,98,128,78,3,69,84,29" hai1="37,73,57,68,111,118,5,90,49,54,100,26,4" hai2="19,44,121,124,101,13,2,72,63,11,45,66,59" hai3="86,21,41,25,42,105,35,113,81,97,107,40,79"/><U60/><E118/><V94/><F72/><W53/><G35/><T135/><D119/><U71/><E73/><V18/><F2/><W70/><G70/><T122/><D3/><U76/><E76/><V92/><F121/><W30/><G113/><T117/><D117/><U52/><E111/><V20/><F124/><W120/><G120/><T50/><D122/><U24/><E100/><V22/><F22/><W56/><REACH who="3" step="1"/><G97/><REACH who="3" ten="371,38,175,396" step="2"/><T65/><D69/><U80/><E37/><V131/><F131/><W47/><G47/><T96/><D36/><U16/><E71/><V112/><F112/><W39/><G39/><T116/><D128/><U85/><E68/><V10/><F45/><W9/><G9/><T7/><D98/><U109/><E109/><V106/><F44/><W1/><G1/><T58/><D116/><U99/><E99/><V0/><F11/><W31/><G31/><T91/><D29/><U75/><E75/><V12/><F0/><W51/><AGARI ba="1,2" hai="21,25,30,40,41,42,51,53,56,79,81,86,105,107" machi="51" ten="30,4000,0" yaku="1,1,0,1,52,1,53,0" doraHai="27" doraHaiUra="93" who="3" fromWho="3" sc="371,-11,38,-21,175,-11,396,63" /><INIT seed="6,0,0,3,0,59" ten="360,17,164,459" oya="2" hai0="92,87,84,50,63,122,126,82,15,64,26,12,39" hai1="106,74,97,57,46,27,131,17,109,121,20,113,49" hai2="31,29,7,0,47,85,95,62,93,71,112,73,42" hai3="124,134,34,94,88,118,83,10,67,100,66,135,60"/><V4/><F73/><W18/><G34/><T2/><D2/><U65/><E109/><V110/><F110/><W107/><G107/><T89/><D39/><U117/><E117/><V35/><F112/><W108/><G108/><T3/><D3/><U78/><E113/><V98/><F85/><N who="3" m="50239" /><G118/><T21/><D122/><U80/><E121/><V19/><F93/><W44/><G44/><T48/><D126/><U54/><E131/><V123/><F123/><W77/><G77/><T127/><D127/><U8/><E8/><V16/><F35/><W58/><G67/><T6/><D6/><U53/><E65/><V52/><F7/><W79/><G79/><T37/><D37/><U30/><E106/><V104/><F4/><W43/><G43/><T91/><D48/><U55/><E97/><V105/><F105/><W11/><G18/><T75/><D50/><U86/><E74/><V115/><F104/><W33/><G33/><T41/><D41/><U120/><E120/><V5/><F5/><W28/><G28/><N who="2" m="10825" /><F71/><W38/><G38/><T72/><D75/><U32/><E32/><V125/><F0/><W22/><G22/><T90/><D72/><U23/><REACH who="1" step="1"/><E46/><REACH who="1" ten="360,7,164,459" step="2"/><V119/><F119/><W51/><G124/><T103/><D82/><U61/><E61/><V114/><F125/><W25/><G10/><T40/><D63/><U1/><E1/><V130/><F115/><W111/><G11/><T101/><D64/><U56/><E56/><N who="2" m="35079" /><F114/><W76/><G60/><T128/><D128/><U9/><E9/><V14/><F130/><W36/><G58/><T13/><D21/><RYUUKYOKU ba="0,1" sc="360,-10,7,30,164,-10,459,-10" hai1="17,20,23,27,30,49,53,54,55,57,78,80,86" /><INIT seed="7,1,1,3,4,113" ten="350,37,154,449" oya="3" hai0="28,58,57,17,15,79,22,44,51,87,85,134,5" hai1="123,43,14,126,19,53,70,12,42,9,38,29,119" hai2="82,131,116,49,124,75,88,130,98,24,96,77,67" hai3="111,23,112,40,8,132,16,74,4,3,83,69,107"/><W104/><G69/><T93/><D134/><U84/><E70/><V62/><F49/><W73/><G112/><T1/><D28/><U71/><E123/><V99/><F24/><W31/><G132/><T135/><D135/><U91/><E71/><V55/><F55/><W41/><G111/><T86/><D1/><U133/><E126/><V100/><F62/><W80/><G31/><T59/><D5/><U78/><E133/><V45/><F45/><W25/><G83/><T103/><D79/><U95/><E119/><V64/><F116/><W109/><G109/><T61/><D61/><U60/><E38/><V129/><F124/><W114/><G114/><T118/><D118/><U106/><E106/><V68/><F67/><W35/><G35/><T50/><REACH who="0" step="1"/><D44/><REACH who="0" ten="340,37,154,449" step="2"/><U6/><E78/><V122/><F122/><W92/><G3/><T11/><D11/><U37/><E29/><V125/><F125/><W20/><G4/><T30/><D30/><U32/><E37/><V63/><F100/><W48/><G8/><T13/><D13/><U54/><E32/><V102/><F102/><W120/><G120/><T46/><D46/><U18/><E6/><V90/><AGARI ba="1,2" hai="63,64,68,75,77,82,88,90,96,98,99,129,130,131" machi="90" ten="40,5200,0" yaku="0,1,19,1,54,1" doraHai="113" who="2" fromWho="2" sc="340,-14,37,-14,154,75,449,-27" owari="326,12.6,23,-47.7,229,-17.1,422,52.2" /></mjloggm>