<mjloggm ver="2.3"><GO type="169" lobby="0"/><UN n0="%65%76%31%36%33%38%34" n1="%E5%8F%B3%E8%84%B3%E8%A9%B0%E3%82%81" n2="%62%73%64%5F%33" n3="%E3%82%86%E3%81%86%E3%82%86%E3%81%8D" dan="17,17,17,16" rate="2152.90,2208.53,2105.26,2193.06" sx="M,M,F,M"/><TAIKYOKU oya="0"/><INIT seed="0,0,0,0,5,90" ten="250,250,250,250" oya="0" hai0="30,86,100,108,113,36,11,66,35,134,25,110,31" hai1="124,130,117,20,132,38,56,44,19,17,92,63,112" hai2="32,70,59,1,123,85,129,99,115,93,29,105,82" hai3="54,43,87,107,71,10,21,97,119,121,106,81,27"/><T78/><D113/><U65/><E117/><V64/><F123/><W48/><G119/><T61/><D36/><U6/><E112/><V111/><F70/><W118/><G118/><T80/><D134/><U51/><E132/><V39/><F115/><W103/><G121/><T24/><D11/><U13/><E130/><V4/><F39/><W88/><G71/><T101/><D110/><U73/><E73/><V114/><F114/><W50/><G10/><T120/><D120/><U116/><E124/><V5/><F105/><W57/><G43/><T68/><REACH who="0" step="1"/><D108/><REACH who="0" ten="240,250,250,250" step="2"/><U84/><E38/><V2/><F111/><W102/><G102/><T58/><D58/><U69/><E116/><V128/><F59/><W8/><G8/><T47/><D47/><U37/><E37/><V14/><F129/><W18/><REACH who="3" step="1"/><G107/><REACH who="3" ten="240,250,250,240" step="2"/><T96/><D96/><U16/><E69/><V74/><F99/><W9/><G9/><T98/><D98/><U55/><E6/><V33/><F5/><W15/><G15/><T40/><D40/><U133/><E133/><V42/><F14/><W79/><G79/><T26/><D26/><U83/><E13/><V41/><F41/><W77/><G77/><T12/><D12/><U62/><E56/><V131/><F42/><W104/><G104/><T89/><D89/><U22/><E44/><V34/><F4/><W45/><G45/><T46/><D46/><U126/><E126/><V94/><F131/><W28/><G28/><T72/><D72/><U52/><E19/><V3/><F128/><W7/><G7/><T135/><D135/><U91/><E17/><RYUUKYOKU ba="0,2" sc="240,15,250,-15,250,-15,240,15" hai0="24,25,30,31,35,61,66,68,78,80,86,100,101" hai3="18,21,27,48,50,54,57,81,87,88,97,103,106" /><INIT seed="0,1,2,1,5,132" ten="255,235,235,255" oya="0" hai0="7,38,104,51,45,6,62,112,39,128,26,122,47" hai1="53,35,133,83,43,16,14,18,41,93,102,44,107" hai2="80,4,19,101,37,95,135,121,59,22,87,10,49" hai3="77,75,105,65,61,124,3,55,17,119,12,48,0"/><T34/><D112/><U50/><E35/><V97/><F121/><W13/><G119/><T54/><D122/><U78/><E133/><V8/><F37/><W81/><G105/><T33/><D104/><U1/><E1/><V2/><F135/><W111/><G111/><T31/><D128/><U42/><E107/><V84/><F8/><W100/><G100/><T9/><D62/><U98/><REACH who="1" step="1"/><E14/><REACH who="1" ten="255,225,235,255" step="2"/><V94/><F2/><W20/><G13/><T72/><D34/><U63/><E63/><V116/><F116/><W90/><G0/><T115/><D115/><U79/><E79/><V103/><F4/><W99/><G3/><T15/><D72/><AGARI ba="1,3" hai="16,18,41,42,43,44,50,53,72,78,83,93,98,102" machi="72" ten="40,2600,0" yaku="1,1,54,1,53,0" doraHai="132" doraHaiUra="118" who="1" fromWho="0" sc="255,-29,225,59,235,0,255,0" /><INIT seed="1,0,0,2,5,35" ten="226,284,235,255" oya="1" hai0="23,70,57,27,0,130,41,48,117,26,93,33,120" hai1="16,119,103,99,75,131,28,55,31,87,109,10,80" hai2="5,108,65,77,44,86,112,135,13,78,128,118,102" hai3="6,53,100,104,59,43,114,63,113,50,22,84,127"/><U98/><E119/><V32/><F118/><W39/><G84/><T67/><D117/><U105/><E131/><V74/><F74/><W85/><G85/><T60/><D130/><U49/><E75/><V107/><F108/><W94/><G104/><T90/><D120/><U21/><E98/><V91/><F135/><W71/><G22/><T89/><D33/><U30/><E10/><V97/><F112/><W42/><G6/><T79/><D79/><U124/><E124/><V17/><F32/><W47/><G127/><T14/><D0/><U56/><E109/><V81/><F128/><W45/><G94/><T122/><D122/><U19/><REACH who="1" step="1"/><E21/><REACH who="1" ten="226,274,235,255" step="2"/><V61/><F5/><W125/><G125/><T29/><D23/><U34/><E34/><V133/><F133/><W15/><G100/><T82/><D70/><U1/><E1/><V4/><F4/><W54/><G71/><T134/><D134/><U8/><E8/><V66/><F97/><W73/><G73/><T36/><D14/><U12/><E12/><V129/><F129/><W132/><G132/><T110/><D110/><U101/><E101/><V24/><F102/><W25/><G15/><T2/><D2/><U20/><E20/><V111/><F13/><W76/><G114/><T51/><D26/><U106/><E106/><V18/><F107/><W40/><G113/><T9/><D9/><U7/><E7/><V121/><F24/><W37/><G25/><T52/><D27/><U72/><E72/><V68/><F111/><W116/><G116/><T83/><D29/><U95/><E95/><V69/><F69/><RYUUKYOKU ba="0,1" sc="226,-10,274,30,235,-10,255,-10" hai1="16,19,28,30,31,49,55,56,80,87,99,103,105" /><INIT seed="1,1,1,5,1,74" ten="216,304,225,245" oya="1" hai0="31,113,32,44,41,126,9,11,13,80,50,35,26" hai1="38,4,89,125,98,20,124,92,97,77,100,110,112" hai2="54,15,86,30,66,123,18,130,105,121,104,68,23" hai3="21,46,34,65,108,48,134,69,45,84,73,96,62"/><U36/><E112/><V76/><F130/><W132/><G73/><T93/><D113/><U0/><E0/><V118/><F118/><W70/><G34/><T10/><D126/><N who="1" m="48747" /><E4/><V39/><F39/><W127/><G96/><T47/><D93/><N who="1" m="56495" /><E110/><V83/><F30/><W12/><G127/><T111/><D111/><U128/><E128/><V24/><F68/><W27/><G70/><T63/><D63/><U82/><E20/><V8/><F66/><W52/><G108/><T25/><D25/><U29/><E29/><V49/><F123/><W22/><G12/><T133/><D133/><N who="3" m="51305" /><G27/><T78/><D47/><N who="3" m="17929" /><G84/><AGARI ba="1,1" hai="36,38,77,82,84,92,98,100" m="56495,48747" machi="84" ten="30,2900,0" yaku="18,1,52,1" doraHai="74" who="1" fromWho="3" sc="216,0,304,42,225,0,245,-32" /><INIT seed="1,2,0,3,3,78" ten="216,346,225,213" oya="1" hai0="103,38,79,111,74,32,6,3,52,1,110,63,99" hai1="39,56,70,36,77,102,89,90,5,57,94,8,126" hai2="66,132,28,98,67,42,81,51,25,43,24,107,22" hai3="12,19,49,123,23,31,122,10,73,85,60,115,34"/><U75/><E70/><V76/><F132/><W101/><G115/><T121/><D32/><U30/><E102/><V84/><F107/><W133/><G73/><T40/><D121/><U9/><E30/><V62/><F98/><W135/><G101/><T116/><D116/><U91/><E94/><V93/><F93/><W108/><G60/><T134/><D134/><N who="3" m="51209" /><G49/><T27/><D27/><U2/><E8/><V127/><F127/><W48/><G48/><T69/><D52/><U105/><E105/><V97/><F97/><W54/><G85/><T72/><D63/><U33/><E33/><V17/><F51/><W131/><G54/><T21/><D21/><U112/><E112/><V100/><F100/><W64/><G64/><T55/><D55/><U0/><E0/><V47/><F47/><W14/><G131/><T125/><D125/><U113/><E113/><V50/><F50/><W71/><G71/><T106/><D69/><U88/><E126/><V46/><F46/><W109/><G34/><T82/><D74/><U68/><E68/><V120/><F120/><N who="3" m="46123" /><G31/><T117/><D117/><U80/><N who="1" m="22528" /><DORA hai="53" /><U13/><REACH who="1" step="1"/><E2/><REACH who="1" ten="216,336,225,213" step="2"/><V95/><F95/><W128/><G128/><T86/><D3/><U118/><E118/><V58/><F67/><W26/><G10/><T45/><D1/><U87/><E87/><V92/><F92/><W37/><G37/><AGARI ba="2,1" hai="5,9,13,36,37,39,56,57,75,77,80" m="22528" machi="37" ten="50,12000,1" yaku="1,1,52,3,54,1,53,0" doraHai="78,53" doraHaiUra="18,35" who="1" fromWho="3" sc="216,0,336,136,225,0,213,-126" /><INIT seed="1,3,0,5,0,25" ten="216,472,225,87" oya="1" hai0="117,120,73,30,6,125,4,74,100,68,71,67,78" hai1="60,135,93,31,107,115,113,27,112,114,70,87,80" hai2="83,72,2,45,11,49,101,59,1,88,63,108,102" hai3="18,109,82,98,53,64,57,129,126,56,89,35,44"/><U66/><E107/><V26/><F108/><W95/><G109/><T10/><D117/><U118/><E118/><V75/><F75/><W111/><G111/><T9/><D100/><U37/><E37/><V110/><F110/><W5/><G126/><T21/><D125/><U62/><E135/><V91/><F26/><W14/><G129/><T23/><D67/><U94/><N who="1" m="28672" /><DORA hai="81" /><U116/><E62/><V48/><F48/><W20/><G35/><T124/><D124/><U61/><E61/><V104/><F104/><W134/><G134/><T50/><D50/><U103/><E103/><V38/><F38/><W99/><G64/><T76/><REACH who="0" step="1"/><D120/><REACH who="0" ten="206,472,225,87" step="2"/><U121/><E121/><V29/><F102/><W92/><G82/><T96/><D96/><U47/><E116/><V34/><F49/><W43/><G43/><T52/><D52/><U51/><E51/><V8/><F101/><W79/><G44/><T22/><D22/><U58/><E47/><V12/><F45/><W133/><G133/><T132/><D132/><U0/><E70/><V13/><F63/><W40/><G40/><T55/><D55/><U15/><E66/><V17/><F34/><W77/><G53/><T41/><D41/><U130/><E60/><V33/><F33/><W7/><G57/><T84/><D84/><U65/><E87/><V105/><F59/><W127/><G56/><T131/><D131/><U28/><E58/><V119/><F119/><W69/><G127/><T46/><D46/><U42/><E65/><V36/><F36/><W123/><G123/><T54/><D54/><U128/><E42/><RYUUKYOKU ba="3,1" sc="206,30,472,-10,225,-10,87,-10" hai0="4,6,9,10,21,23,30,68,71,73,74,76,78" /><INIT seed="2,4,1,2,3,106" ten="236,462,215,77" oya="2" hai0="116,5,95,115,30,131,60,74,68,118,36,126,129" hai1="19,70,134,51,82,50,29,42,72,94,22,17,47" hai2="73,33,62,124,83,64,80,135,108,99,11,41,38" hai3="104,69,101,14,98,23,13,58,88,44,20,25,61"/><V113/><F113/><W76/><G69/><T34/><D115/><U65/><E134/><V7/><F33/><W46/><G76/><T52/><D36/><U31/><E70/><V86/><F135/><W2/><G2/><T49/><D5/><U87/><E65/><V93/><F124/><W57/><G14/><T119/><D95/><U85/><E94/><V109/><F41/><W63/><G13/><T48/><D126/><U114/><E114/><V102/><F38/><W43/><G43/><T89/><D89/><U75/><E42/><V21/><F21/><W67/><G23/><T10/><D10/><U9/><E22/><V35/><F35/><W107/><G107/><T100/><D100/><U45/><REACH who="1" step="1"/><E82/><REACH who="1" ten="236,452,215,77" step="2"/><V32/><F32/><W79/><G104/><T110/><D68/><U71/><E71/><V130/><F83/><W55/><G101/><T122/><D34/><U12/><E12/><V127/><F127/><W54/><G67/><T112/><D112/><U125/><E125/><V0/><F64/><W59/><G59/><T120/><D118/><U16/><E16/><V6/><F93/><N who="3" m="56615" /><G79/><T111/><D119/><U40/><E40/><V28/><F80/><W92/><G92/><T123/><D116/><U1/><E1/><V27/><F0/><W8/><G8/><AGARI ba="4,2" hai="8,9,17,19,29,31,45,47,50,51,72,75,85,87" machi="8" ten="25,8000,1" yaku="1,1,22,2,52,2,53,0" doraHai="106" doraHaiUra="56" who="1" fromWho="3" sc="236,0,452,112,215,0,77,-92" owari="236,3.6,564,66.4,215,-18.5,-15,-51.5" /></mjloggm>