<mjloggm ver="2.3"><GO type="169" lobby="0"/><UN n0="%E3%82%A2%E3%83%B3%E3%81%95%E3%82%93" n1="%E6%81%8B%E3%81%AE%E3%81%86%E3%81%9F" n2="%E3%81%95%E3%81%8F%E3%82%88%E3%81%93%E3%81%A1%E3%82%83%E3%82%93" n3="%6F%6B%61%62%65%73%68%69" dan="18,17,16,17" rate="2223.30,2221.70,2071.13,2192.49" sx="M,M,M,M"/><TAIKYOKU oya="0"/><INIT seed="0,0,0,3,2,1" ten="250,250,250,250" oya="0" hai0="116,84,97,41,46,79,101,130,47,29,35,121,66" hai1="15,80,24,134,49,7,103,28,58,30,20,54,56" hai2="10,106,96,87,83,8,128,34,89,25,17,50,59" hai3="100,33,105,86,119,90,21,52,81,82,48,32,104"/><T112/><D112/><U76/><E134/><V72/><F128/><W94/><G119/><T109/><D130/><U42/><E103/><V39/><F39/><W45/><G33/><T38/><D116/><U107/><E107/><V26/><F72/><W73/><G32/><T13/><D121/><U65/><E42/><V36/><F36/><W127/><G127/><T74/><D109/><U5/><E28/><V93/><F106/><W44/><G105/><T40/><D66/><U68/><E68/><V6/><F34/><W67/><G67/><T16/><D74/><U122/><E15/><N who="2" m="5527" /><F10/><W88/><G73/><T64/><D64/><U63/><REACH who="1" step="1"/><E122/><REACH who="1" ten="250,240,250,250" step="2"/><V70/><F70/><W61/><G104/><T11/><D29/><U27/><E27/><V131/><F131/><W126/><G100/><T22/><D40/><U2/><E2/><V120/><F120/><W18/><G126/><T98/><D41/><U9/><E9/><V60/><F26/><N who="3" m="14647" /><G61/><T55/><D11/><U110/><E110/><V108/><F108/><W75/><G75/><AGARI ba="0,1" hai="5,7,20,24,30,49,54,56,58,63,65,75,76,80" machi="75" ten="30,7700,0" yaku="1,1,7,1,52,2,53,0" doraHai="1" doraHaiUra="114" who="1" fromWho="3" sc="250,0,240,87,250,0,250,-77" /><INIT seed="1,0,0,2,1,33" ten="250,327,250,173" oya="1" hai0="59,99,102,112,40,51,63,129,114,58,18,80,108" hai1="107,100,113,15,116,78,47,13,35,87,134,56,110" hai2="42,9,82,32,91,120,45,119,66,17,19,30,84" hai3="127,101,95,61,38,31,111,6,55,68,105,104,85"/><U88/><E113/><V71/><F119/><W96/><G38/><T126/><D108/><U76/><E116/><V14/><F120/><W34/><G111/><T22/><D126/><U7/><E35/><V122/><F122/><W28/><G127/><T12/><D129/><U75/><E75/><V130/><F130/><W109/><G109/><T83/><D114/><U48/><E134/><V41/><F32/><W53/><G105/><T50/><D112/><U65/><E100/><V43/><F30/><W93/><G28/><T67/><D50/><U64/><E107/><V1/><F1/><W97/><G85/><T133/><D133/><U27/><E27/><V77/><F71/><W70/><G93/><T37/><D37/><U2/><E2/><V29/><F29/><W106/><G6/><T52/><REACH who="0" step="1"/><D40/><REACH who="0" ten="240,327,250,173" step="2"/><U36/><E36/><V4/><F42/><W98/><G106/><AGARI ba="0,1" hai="12,18,22,51,52,58,59,63,67,80,83,99,102,106" machi="106" ten="30,8000,1" yaku="1,1,2,1,7,1,54,1,53,1" doraHai="33" doraHaiUra="16" who="0" fromWho="3" sc="240,90,327,0,250,0,173,-80" /><INIT seed="2,0,0,2,5,51" ten="330,327,250,93" oya="2" hai0="104,108,66,63,72,78,41,113,88,82,93,96,84" hai1="55,4,133,16,54,79,25,9,30,12,52,123,62" hai2="87,101,38,65,36,61,27,134,22,13,20,99,58" hai3="0,130,75,74,46,43,83,107,122,131,126,39,90"/><V19/><F134/><W33/><G33/><T17/><D108/><U32/><E133/><V129/><F129/><N who="3" m="49163" /><G0/><T60/><D113/><U5/><E123/><V24/><F87/><N who="3" m="50559" /><G122/><T117/><D117/><U47/><E79/><V102/><F102/><W35/><G35/><T15/><D41/><U68/><REACH who="1" step="1"/><E47/><REACH who="1" ten="330,317,250,93" step="2"/><V26/><REACH who="2" step="1"/><F20/><REACH who="2" ten="330,317,240,93" step="2"/><W76/><G126/><T119/><D119/><U40/><E40/><V124/><F124/><W135/><G135/><T50/><D72/><U67/><AGARI ba="0,2" hai="4,5,9,12,16,25,30,32,52,54,55,62,67,68" machi="67" ten="30,12000,2" yaku="1,1,0,1,52,3,54,2,53,0" doraHai="51" doraHaiUra="118" who="1" fromWho="1" sc="330,-30,317,140,240,-60,93,-30" /><INIT seed="3,0,0,5,2,104" ten="300,457,180,63" oya="3" hai0="94,108,77,23,57,5,37,11,125,100,86,133,26" hai1="30,84,69,61,19,126,29,66,0,90,44,2,12" hai2="25,127,96,114,135,55,35,80,15,40,129,131,22" hai3="109,17,89,43,60,41,64,115,74,106,34,14,98"/><W33/><G74/><T32/><D108/><U112/><E112/><V65/><F114/><W13/><G115/><T101/><D125/><U93/><E126/><V31/><F129/><W56/><G109/><T50/><D32/><U59/><E69/><V28/><F127/><W121/><G121/><T70/><D70/><U83/><E0/><V81/><F131/><W78/><G34/><T10/><D37/><U24/><E2/><V21/><F65/><W75/><G33/><T120/><D133/><U51/><E24/><V72/><F40/><W16/><G75/><T79/><D120/><U45/><E93/><V46/><F72/><W97/><G78/><T123/><D123/><U113/><E44/><V27/><F135/><W103/><G89/><N who="0" m="53559" /><D50/><U82/><E82/><V8/><F96/><W42/><G97/><T62/><D10/><N who="1" m="6551" /><E113/><V68/><F68/><W130/><G130/><T118/><D11/><U1/><E1/><V76/><F76/><N who="0" m="29258" /><D5/><U63/><E63/><V132/><F35/><W9/><REACH who="3" step="1"/><G41/><AGARI ba="0,0" hai="29,30,41,45,51,59,61,66,83,84,90" m="6551" machi="41" ten="30,1000,0" yaku="8,1" doraHai="104" who="1" fromWho="3" sc="300,0,457,10,180,0,63,-10" /><INIT seed="4,0,0,1,2,48" ten="300,467,180,53" oya="0" hai0="102,0,56,109,122,36,12,31,73,106,54,65,23" hai1="94,112,108,97,86,80,104,118,63,88,1,89,121" hai2="46,10,93,33,133,84,55,69,81,18,124,71,20" hai3="123,4,29,117,52,110,16,72,47,131,120,129,103"/><T74/><D122/><N who="3" m="46633" /><G72/><T105/><D0/><U128/><E121/><V50/><F33/><W13/><G117/><T24/><D109/><U35/><E108/><V42/><F124/><W135/><G110/><T96/><D106/><U87/><E118/><V25/><F133/><W115/><G103/><T107/><D107/><U27/><E128/><N who="3" m="49226" /><G4/><T21/><D36/><U78/><E1/><V134/><F134/><W17/><G135/><T126/><D65/><U8/><E8/><V100/><F10/><N who="3" m="6199" /><G115/><T70/><D70/><U127/><E112/><V45/><F100/><W90/><G17/><T38/><D126/><U22/><E127/><V116/><F116/><W44/><G29/><T53/><D38/><U14/><E104/><V59/><F93/><W95/><G44/><T41/><D74/><U92/><E35/><V9/><F46/><W2/><G2/><T85/><D105/><U82/><E14/><V75/><F75/><W113/><G113/><T68/><D73/><U125/><E125/><V119/><F119/><W32/><G32/><T91/><D12/><U30/><E94/><V83/><F9/><W51/><G95/><N who="0" m="58655" /><D21/><U7/><E7/><V79/><F83/><W5/><G5/><T130/><D130/><U132/><E132/><V60/><AGARI ba="0,0" hai="18,20,25,42,45,50,55,59,60,69,71,79,81,84" machi="60" ten="20,2700,0" yaku="0,1,7,1,52,1" doraHai="48" who="2" fromWho="2" sc="300,-13,467,-7,180,27,53,-7" /><INIT seed="5,0,0,3,3,36" ten="287,460,207,46" oya="1" hai0="10,61,13,28,18,85,112,111,125,124,120,104,105" hai1="109,97,11,133,114,135,70,101,130,121,107,15,56" hai2="68,110,53,0,128,49,38,75,50,62,127,81,12" hai3="126,45,71,74,16,113,42,52,21,98,14,65,89"/><U134/><E114/><V92/><F0/><W116/><G74/><T48/><D112/><U132/><E132/><V2/><F2/><W23/><G113/><T69/><D111/><U84/><E70/><V57/><F110/><W44/><G126/><N who="0" m="48747" /><D28/><U5/><E109/><V54/><F127/><W51/><G116/><T27/><D27/><U58/><E130/><V33/><F33/><W73/><G73/><T94/><D120/><U106/><E121/><V88/><F38/><W115/><G115/><T123/><D123/><U20/><E107/><V131/><F12/><W59/><G45/><T7/><D48/><U82/><E20/><V55/><F68/><W64/><G71/><T6/><D85/><U29/><E29/><V78/><F50/><N who="3" m="26903" /><G23/><T79/><D94/><AGARI ba="0,0" hai="14,16,21,51,52,59,64,65,89,94,98" m="26903" machi="94" ten="30,7700,0" yaku="8,1,52,1,54,2" doraHai="36" who="3" fromWho="0" sc="287,-77,460,0,207,0,46,77" /><INIT seed="6,0,0,4,4,97" ten="210,460,207,123" oya="2" hai0="98,41,91,116,50,3,17,48,22,5,72,86,51" hai1="36,24,122,71,117,88,59,46,18,9,6,129,74" hai2="133,107,29,33,47,69,62,95,79,114,11,2,87" hai3="13,104,99,20,121,43,15,35,127,83,44,31,56"/><V54/><F107/><W81/><G121/><T115/><D72/><U67/><E129/><V12/><F2/><W112/><G35/><T49/><D115/><U8/><E117/><V89/><F114/><W77/><G83/><T92/><D116/><U118/><E118/><V80/><F133/><W123/><G112/><T119/><D119/><U85/><E71/><V132/><F132/><W68/><G68/><T64/><D64/><U60/><E74/><V113/><F113/><W65/><G123/><T52/><D3/><U109/><E109/><V128/><F128/><W130/><G130/><T55/><D5/><U110/><E110/><V32/><F29/><W84/><G127/><T63/><D63/><U108/><E108/><V111/><F111/><W37/><G56/><T66/><D66/><U57/><E57/><V82/><F82/><W34/><G34/><T26/><N who="0" m="12288" /><DORA hai="40" /><T21/><D41/><U105/><E105/><V16/><F47/><W93/><G104/><T120/><D120/><U53/><E46/><V70/><F70/><W100/><REACH who="3" step="1"/><G65/><REACH who="3" ten="210,460,207,113" step="2"/><T10/><D55/><N who="1" m="33919" /><E122/><V103/><F69/><W125/><G125/><T42/><D52/><U58/><E67/><V96/><F32/><W0/><G0/><T45/><D45/><U101/><E53/><V4/><F33/><W27/><AGARI ba="0,1" hai="13,15,20,27,31,37,43,44,77,81,84,93,99,100" machi="27" ten="30,8000,1" yaku="1,1,0,1,52,2,53,1" doraHai="97,40" doraHaiUra="134,73" who="3" fromWho="3" sc="210,-20,460,-20,207,-40,113,90" /><INIT seed="7,0,0,4,1,36" ten="190,440,167,203" oya="3" hai0="18,12,58,92,122,70,81,133,89,14,88,63,83" hai1="126,71,53,22,101,38,117,66,99,50,110,47,35" hai2="15,75,32,98,21,84,0,60,8,40,16,20,129" hai3="1,46,93,105,39,62,4,17,76,134,44,114,29"/><W113/><G105/><T26/><D133/><U100/><E35/><V111/><F75/><W82/><G134/><T65/><D70/><U85/><E110/><V54/><F111/><W135/><G135/><T74/><D122/><U23/><E38/><V116/><F116/><W68/><G29/><T112/><D112/><N who="3" m="43113" /><G93/><T25/><D12/><U102/><E117/><V34/><F129/><W78/><G1/><T55/><D65/><U7/><E101/><V124/><F124/><W52/><G4/><T24/><D74/><U125/><E100/><V61/><F98/><W49/><G17/><T131/><D131/><U3/><E7/><V2/><F2/><W59/><G82/><N who="0" m="31243" /><D92/><U77/><E3/><V128/><F0/><W45/><G39/><T79/><D79/><N who="3" m="30249" /><G68/><T96/><D96/><U120/><E120/><V115/><F128/><W95/><G95/><T11/><AGARI ba="0,0" hai="11,14,18,24,25,26,55,58,63,88,89" m="31243" machi="11" ten="30,2000,0" yaku="8,1,54,1" doraHai="36" who="0" fromWho="0" sc="190,20,440,-5,167,-5,203,-10" owari="210,1.0,435,53.5,162,-33.8,193,-20.7" /></mjloggm>