<mjloggm ver="2.3"><GO type="169" lobby="0"/><UN n0="%E7%A7%98%E6%89%93%E7%99%BD%E9%B3%A5%E3%81%AE%E6%B9%96" n1="%E7%8A%B6%E6%85%8B%E9%BA%BB%E9%9B%80" n2="%54%65%72%61%50" n3="%E5%B7%A8%E6%BB%85" dan="17,17,17,16" rate="2136.09,2221.09,2111.22,2185.65" sx="M,M,M,F"/><TAIKYOKU oya="0"/><INIT seed="0,0,0,2,1,86" ten="250,250,250,250" oya="0" hai0="101,0,34,33,87,69,13,36,43,124,55,61,47" hai1="103,117,14,10,60,123,54,32,102,115,29,6,78" hai2="96,98,135,89,67,112,129,113,9,35,49,26,119" hai3="18,5,46,74,90,109,20,131,57,125,44,104,31"/><T128/><D0/><U114/><E117/><V66/><F119/><W110/><G104/><T95/><D128/><U97/><E123/><V52/><F129/><W62/><G74/><T59/><D124/><U63/><E78/><V118/><F118/><W116/><G31/><T28/><D28/><U11/><E102/><V75/><F35/><W42/><G5/><T71/><D13/><U94/><E54/><V111/><F111/><N who="3" m="42507" /><G125/><T121/><D121/><U23/><E32/><V25/><F135/><W12/><G131/><T53/><D71/><U22/><E11/><V2/><F75/><W108/><G116/><T39/><D39/><U88/><E103/><V84/><F9/><W48/><G46/><T56/><D69/><U70/><E23/><V82/><F2/><W76/><G76/><T72/><D72/><U45/><E45/><V107/><F113/><N who="1" m="43017" /><E70/><V15/><F112/><W19/><G19/><T91/><REACH who="0" step="1"/><D101/><REACH who="0" ten="240,250,250,250" step="2"/><U127/><E127/><V68/><F68/><W85/><G108/><T133/><D133/><U65/><E65/><V92/><F66/><W8/><G8/><T51/><AGARI ba="0,1" hai="33,34,36,43,47,51,53,55,56,59,61,87,91,95" machi="51" ten="20,7800,0" yaku="1,1,0,1,7,1,52,1,53,0" doraHai="86" doraHaiUra="1" who="0" fromWho="0" sc="240,88,250,-26,250,-26,250,-26" /><INIT seed="0,1,0,5,4,85" ten="328,224,224,224" oya="0" hai0="58,64,40,115,62,135,102,76,103,105,24,18,22" hai1="2,80,65,43,73,108,38,55,25,117,66,110,128" hai2="26,8,70,9,27,50,21,95,81,51,111,121,96" hai3="52,16,30,31,53,61,114,6,67,68,47,35,1"/><T46/><D115/><U107/><E117/><V72/><F121/><W14/><G114/><T36/><D135/><U0/><E107/><V99/><F70/><W4/><G4/><T116/><D116/><U17/><E128/><V118/><F118/><W112/><G112/><T133/><D133/><U29/><E17/><V19/><F111/><N who="1" m="42537" /><E55/><V78/><F26/><W84/><G6/><T119/><D119/><U124/><E124/><V32/><F32/><W3/><G3/><N who="1" m="1066" /><E43/><V15/><F99/><W71/><G1/><T39/><D105/><U129/><E38/><V13/><F13/><W10/><G71/><T100/><D76/><N who="1" m="44047" /><E129/><V123/><F123/><W74/><G74/><T86/><D39/><U45/><E45/><V11/><REACH who="2" step="1"/><F15/><REACH who="2" ten="328,224,214,224" step="2"/><W134/><G134/><T113/><D113/><U23/><AGARI ba="1,1" hai="23,25,29,65,66" m="44047,1066,42537" machi="23" ten="30,1100,0" yaku="14,1" doraHai="85" who="1" fromWho="1" sc="328,-6,224,24,214,-4,224,-4" /><INIT seed="1,0,0,0,4,94" ten="322,248,210,220" oya="1" hai0="14,78,88,39,112,30,135,104,76,32,128,13,50" hai1="111,98,35,17,43,130,26,129,133,126,57,45,44" hai2="119,60,75,61,132,97,93,16,20,23,106,15,125" hai3="71,18,100,96,90,3,83,1,123,4,8,5,72"/><U42/><E126/><V24/><F119/><W99/><G123/><T22/><D39/><U40/><E133/><V73/><F125/><W116/><G71/><T64/><D112/><U65/><E111/><V81/><F106/><W49/><G116/><T6/><D104/><U131/><E35/><V19/><F132/><W46/><G18/><T66/><D32/><U109/><E109/><V69/><F81/><W21/><G21/><T82/><D128/><U0/><E0/><V47/><F47/><W79/><G90/><T115/><D115/><U7/><E7/><V51/><F51/><W31/><G31/><T67/><D135/><U91/><E26/><V10/><F10/><W84/><G100/><T2/><D2/><U29/><E17/><V121/><F121/><W107/><G107/><T11/><D50/><U55/><E65/><V120/><F120/><W105/><G105/><T25/><REACH who="0" step="1"/><D13/><REACH who="0" ten="312,248,210,220" step="2"/><U118/><E118/><V62/><REACH who="2" step="1"/><F69/><REACH who="2" ten="312,248,200,220" step="2"/><W92/><G1/><T33/><D33/><U124/><E124/><V108/><F108/><W102/><G3/><T89/><D89/><AGARI ba="0,2" hai="15,16,19,20,23,24,60,61,62,73,75,89,93,97" machi="89" ten="40,5200,0" yaku="1,1,52,1,54,1,53,0" doraHai="94" doraHaiUra="113" who="2" fromWho="0" sc="312,-52,248,0,200,72,220,0" /><INIT seed="2,0,0,4,0,105" ten="260,248,272,220" oya="2" hai0="78,72,0,33,124,49,71,19,87,8,82,27,24" hai1="40,36,75,69,7,119,134,28,34,56,21,83,112" hai2="79,95,62,88,50,120,127,17,74,89,57,77,99" hai3="11,5,76,39,25,135,85,59,110,125,115,65,16"/><V123/><F127/><W111/><G39/><T9/><D71/><U80/><E112/><V121/><F50/><W55/><G125/><T64/><D124/><U73/><E119/><V84/><F17/><W128/><G135/><T98/><D64/><U10/><E134/><V23/><F23/><W67/><G128/><T51/><D98/><U104/><E21/><V131/><F131/><W29/><G115/><T107/><D107/><U35/><E56/><V90/><F74/><N who="1" m="28169" /><E83/><V31/><F31/><W53/><G53/><T42/><D0/><N who="1" m="359" /><E80/><V102/><REACH who="2" step="1"/><F84/><REACH who="2" ten="260,248,262,220" step="2"/><W52/><G85/><T58/><D87/><U116/><E28/><V1/><F1/><W45/><G29/><T12/><D51/><U63/><E116/><V130/><F130/><W86/><G86/><T100/><D49/><U60/><E60/><V15/><F15/><W101/><G16/><T48/><D12/><U93/><E63/><V22/><F22/><W96/><G76/><T108/><D78/><U37/><E37/><V41/><F41/><W113/><G113/><T117/><D42/><U14/><E14/><V4/><F4/><W46/><G5/><T106/><D48/><U94/><E40/><V133/><F133/><W97/><G11/><T92/><D9/><U70/><E36/><V43/><F43/><W26/><G26/><T81/><D24/><U2/><E2/><V61/><F61/><W54/><G25/><T66/><D27/><U13/><E13/><V122/><N who="2" m="30720" /><DORA hai="68" /><V20/><F20/><W118/><G118/><T32/><D8/><U18/><E18/><V30/><F30/><RYUUKYOKU ba="0,1" sc="260,-10,248,-10,262,30,220,-10" hai2="57,62,77,79,88,89,90,95,99,102" /><INIT seed="2,1,1,2,3,120" ten="250,238,292,210" oya="2" hai0="122,112,48,79,31,12,45,34,81,55,78,40,113" hai1="17,98,71,84,104,64,47,93,30,65,110,35,105" hai2="133,20,108,1,10,43,53,16,42,5,130,29,82" hai3="92,95,26,9,44,27,54,91,100,73,62,127,67"/><V25/><F130/><W74/><G127/><T39/><D122/><U106/><E71/><V135/><F53/><W96/><G9/><T69/><D69/><U90/><E110/><V11/><F82/><W14/><G14/><T86/><D78/><U66/><E17/><V128/><F128/><W80/><G73/><T85/><D85/><U109/><E109/><V2/><F108/><W126/><G126/><T116/><D116/><U131/><E131/><V124/><F124/><W36/><G80/><T132/><D132/><N who="2" m="50762" /><F43/><W18/><G74/><T121/><D121/><U102/><REACH who="1" step="1"/><E47/><REACH who="1" ten="250,228,292,210" step="2"/><V68/><F68/><W21/><G44/><T8/><D31/><U28/><E28/><V58/><F58/><W103/><G18/><T56/><D34/><U50/><E50/><V115/><F115/><W107/><G36/><T118/><D118/><U38/><E38/><V32/><F42/><W6/><G6/><AGARI ba="1,2" hai="6,8,12,39,40,45,48,55,56,79,81,86,112,113" machi="6" ten="30,1000,0" yaku="7,1" doraHai="120" who="0" fromWho="3" sc="250,33,228,0,292,0,210,-13" /><INIT seed="3,0,0,4,4,66" ten="283,228,292,197" oya="3" hai0="65,20,37,76,19,33,79,67,129,26,58,83,80" hai1="115,54,106,13,112,127,100,22,99,30,131,25,42" hai2="96,16,29,39,134,90,45,8,5,14,70,123,64" hai3="104,101,6,55,7,109,44,48,61,41,18,12,71"/><W2/><G109/><T63/><D129/><U24/><E131/><V117/><F117/><W69/><G2/><T98/><D37/><U23/><E127/><V75/><F134/><W78/><G78/><T52/><D33/><U128/><E128/><V56/><F123/><W89/><G89/><T95/><D76/><U120/><E120/><V11/><F75/><W121/><G121/><T15/><D15/><U103/><E42/><V17/><F29/><W32/><G32/><T88/><D80/><U135/><E135/><V77/><F77/><W46/><G101/><T68/><D68/><U133/><E133/><V113/><F56/><W62/><G104/><T50/><D50/><U108/><E108/><V94/><F113/><W0/><G0/><T4/><D4/><U28/><E103/><V110/><F110/><W105/><G105/><T3/><D3/><U57/><REACH who="1" step="1"/><E13/><REACH who="1" ten="283,218,292,197" step="2"/><V111/><F111/><W59/><G12/><T35/><REACH who="0" step="1"/><D35/><REACH who="0" ten="273,218,292,197" step="2"/><U132/><E132/><V74/><F14/><W92/><G18/><T107/><D107/><U93/><E93/><V40/><F17/><W27/><G92/><T118/><D118/><U97/><E97/><V49/><F16/><W53/><G27/><T1/><D1/><U130/><E130/><V10/><F5/><W47/><G6/><T102/><D102/><U87/><E87/><AGARI ba="0,2" hai="19,20,26,52,58,63,65,67,79,83,87,88,95,98" machi="87" ten="30,16000,3" yaku="1,1,7,1,25,2,8,1,54,2,53,2" doraHai="66" doraHaiUra="60" who="0" fromWho="1" sc="273,180,218,-160,292,0,197,0" /><INIT seed="4,0,0,5,2,87" ten="453,58,292,197" oya="0" hai0="91,90,117,39,18,51,59,134,120,71,60,131,101" hai1="65,99,16,70,127,123,107,44,13,48,20,119,34" hai2="104,83,15,118,38,47,126,95,129,56,80,45,35" hai3="132,125,58,46,69,103,112,61,135,29,89,78,124"/><T92/><D117/><U110/><E119/><V3/><F3/><W82/><G69/><T28/><D120/><U1/><E123/><V105/><F35/><W21/><G103/><T36/><D28/><U7/><E110/><V25/><F25/><W121/><G46/><T2/><D2/><U93/><E127/><N who="3" m="48714" /><G121/><T98/><D131/><U106/><E34/><V30/><F56/><W128/><G112/><T64/><D134/><N who="3" m="51241" /><G29/><T9/><D39/><U50/><E50/><V74/><F38/><W72/><G21/><T26/><D36/><U85/><E85/><V102/><F45/><W42/><G42/><T57/><D71/><U10/><E65/><V116/><F47/><W111/><G111/><T122/><D122/><U33/><E33/><V109/><F102/><W84/><G128/><T81/><D81/><U114/><E114/><V32/><F30/><W133/><N who="3" m="51249" /><W76/><DORA hai="62" /><G72/><T96/><D101/><U97/><E70/><V113/><F32/><W12/><G12/><T24/><D24/><U100/><REACH who="1" step="1"/><E99/><REACH who="1" ten="453,48,292,197" step="2"/><V52/><F126/><W68/><G68/><T75/><D98/><U0/><E0/><V19/><F109/><W17/><G17/><T6/><D96/><U108/><E108/><V27/><F19/><W5/><G5/><T55/><D6/><U130/><E130/><V86/><F129/><W40/><G40/><AGARI ba="0,1" hai="1,7,10,13,16,20,40,44,48,93,97,100,106,107" machi="40" ten="30,7700,0" yaku="1,1,7,1,54,1,53,1" doraHai="87,62" doraHaiUra="54,8" who="1" fromWho="3" sc="453,0,48,87,292,0,197,-77" /><INIT seed="5,0,0,3,1,119" ten="453,135,292,120" oya="1" hai0="86,60,28,48,73,29,88,43,92,97,96,41,26" hai1="83,85,10,45,110,128,87,34,55,123,80,5,102" hai2="61,125,0,124,24,135,72,20,127,56,1,114,23" hai3="129,113,35,21,40,52,36,50,90,14,33,133,47"/><U116/><E116/><V131/><F72/><W134/><G113/><T98/><D73/><U108/><E34/><V105/><F105/><W42/><G129/><T7/><D7/><U25/><E128/><V44/><F131/><W76/><G76/><T104/><D104/><U46/><E102/><V93/><F114/><W32/><G90/><T75/><D75/><U8/><E25/><V78/><F78/><W15/><G40/><T27/><D60/><U99/><E5/><V3/><F44/><W53/><G53/><T115/><D115/><U58/><E55/><V89/><F135/><N who="3" m="51723" /><G21/><T51/><D51/><U130/><E130/><V66/><REACH who="2" step="1"/><F24/><REACH who="2" ten="453,135,282,120" step="2"/><W103/><G103/><T101/><D101/><U112/><E112/><V63/><F63/><W11/><G11/><T106/><D106/><U4/><E10/><V94/><F94/><W120/><G120/><T9/><D27/><U68/><E123/><V18/><F18/><W39/><G39/><T118/><D9/><U82/><E8/><V117/><F117/><W71/><G71/><T12/><D118/><U17/><E17/><V121/><F121/><W132/><N who="3" m="51731" /><W91/><DORA hai="69" /><G91/><T49/><D26/><U19/><E68/><V74/><F74/><W13/><G15/><T31/><D12/><U64/><E19/><V16/><F16/><W107/><G107/><T6/><D6/><U109/><E4/><V100/><F100/><W59/><AGARI ba="0,1" hai="13,14,32,33,35,36,42,47,50,52,59" m="51731" machi="59" ten="50,6400,0" yaku="20,1,52,1,54,1" doraHai="119,69" who="3" fromWho="3" sc="453,-16,135,-32,282,-16,120,74" /><INIT seed="6,0,0,3,5,11" ten="437,103,266,194" oya="2" hai0="66,126,98,82,131,118,81,22,4,54,129,63,132" hai1="69,108,42,80,83,103,135,25,40,110,19,87,35" hai2="93,106,14,77,76,28,88,68,127,43,2,116,65" hai3="5,7,16,128,64,72,59,125,50,133,101,120,15"/><V46/><F2/><W24/><G120/><T96/><D126/><U113/><E69/><V21/><F127/><W79/><G125/><T86/><D132/><U100/><E135/><V90/><F106/><W95/><G133/><T56/><D118/><U92/><E113/><V61/><F116/><W89/><G101/><T109/><D109/><U97/><E100/><V34/><F34/><W44/><G24/><T62/><D4/><U57/><E110/><V134/><F134/><W124/><G128/><N who="0" m="49227" /><D22/><U123/><E123/><V49/><F90/><W18/><G18/><T41/><D41/><U122/><E122/><V8/><F21/><W53/><G124/><T17/><D17/><U30/><E108/><V26/><F26/><W121/><G121/><T1/><D1/><U114/><E114/><V117/><F28/><W99/><G79/><N who="0" m="46399" /><D82/><U73/><E73/><V111/><F117/><W9/><G72/><T84/><D84/><U85/><E85/><V47/><F47/><W51/><G64/><T48/><D63/><U112/><E83/><V75/><F75/><W29/><G29/><T33/><D33/><U78/><E112/><V105/><F105/><W119/><G119/><T10/><D10/><U6/><E6/><N who="2" m="3351" /><F111/><W115/><G115/><T38/><D38/><U20/><REACH who="1" step="1"/><E57/><AGARI ba="0,0" hai="48,54,56,57,62,66,96,98" m="46399,49227" machi="57" ten="30,1000,0" yaku="19,1" doraHai="11" who="0" fromWho="1" sc="437,10,103,-10,266,0,194,0" /><INIT seed="7,0,0,5,0,115" ten="447,93,266,194" oya="3" hai0="108,65,121,101,76,45,118,62,5,28,67,6,7" hai1="109,72,100,81,135,59,106,9,47,51,40,86,126" hai2="53,73,23,133,105,33,36,42,30,35,74,124,110" hai3="117,66,78,29,130,58,38,79,25,112,54,85,64"/><W49/><G38/><T12/><D118/><U88/><E126/><V2/><F2/><W69/><G117/><T55/><D108/><U27/><E135/><V125/><F105/><W46/><G112/><T116/><D121/><U71/><E109/><V84/><F84/><W120/><G120/><T3/><D3/><U15/><E71/><V43/><F53/><W8/><G69/><T61/><D28/><U60/><E72/><V14/><F14/><W22/><G130/><T18/><D101/><U113/><E113/><V48/><F48/><W89/><G8/><T104/><D104/><U132/><E132/><V24/><F110/><W96/><G96/><T134/><D76/><U19/><E106/><V0/><F0/><W44/><G44/><T31/><D31/><U102/><REACH who="1" step="1"/><E27/><REACH who="1" ten="447,83,266,194" step="2"/><V95/><F133/><W77/><REACH who="3" step="1"/><G46/><REACH who="3" ten="447,83,266,184" step="2"/><T87/><D116/><U131/><E131/><V56/><F125/><W99/><G99/><T80/><D134/><U127/><E127/><V11/><F124/><W114/><G114/><T34/><D45/><U39/><E39/><V41/><F36/><W129/><G129/><T57/><D57/><U20/><E20/><V82/><F56/><W119/><G119/><T21/><D21/><U92/><E92/><AGARI ba="0,2" hai="22,25,29,49,54,58,64,66,77,78,79,85,89,92" machi="92" ten="40,3900,0" yaku="1,1,8,1,53,0" doraHai="115" doraHaiUra="97" who="3" fromWho="1" sc="447,0,83,-39,266,0,184,59" /><INIT seed="7,1,0,1,0,55" ten="447,44,266,243" oya="3" hai0="73,105,103,50,6,71,5,23,32,110,26,90,87" hai1="124,19,100,24,98,102,120,134,42,80,121,104,75" hai2="130,18,36,35,48,116,57,40,135,31,91,44,62" hai3="79,27,59,67,0,69,7,114,132,78,76,92,4"/><W119/><G119/><T61/><D110/><U109/><E42/><V128/><F116/><W16/><G69/><T115/><D73/><U63/><E19/><V122/><F135/><W22/><G114/><T118/><D32/><U33/><E24/><N who="2" m="18919" /><F91/><W47/><G132/><T3/><D3/><U82/><E63/><V97/><F97/><W108/><G0/><T60/><D118/><U10/><E10/><V52/><F18/><W25/><G108/><T112/><D50/><U88/><E33/><V17/><F17/><W15/><G47/><T37/><D37/><U11/><E11/><V21/><F21/><W111/><G111/><T58/><D103/><U74/><E109/><V20/><F20/><W38/><G38/><T86/><D105/><U14/><E14/><V43/><F122/><W72/><G72/><T106/><D106/><U65/><E65/><V41/><F36/><W8/><G92/><N who="0" m="54359" /><D87/><U85/><E134/><V30/><F30/><N who="3" m="17719" /><G27/><T49/><D71/><U94/><E124/><V131/><AGARI ba="1,0" hai="40,41,43,44,48,52,57,62,128,130,131" m="18919" machi="131" ten="30,4000,0" yaku="19,1,52,1,54,1" doraHai="55" who="2" fromWho="2" sc="447,-11,44,-11,266,43,243,-21" owari="436,53.6,33,-46.7,309,10.9,222,-17.8" /></mjloggm>