<mjloggm ver="2.3"><GO type="169" lobby="0"/><UN n0="%E5%A4%A9%E7%8B%90" n1="%E8%A3%8F%E7%9F%A5%E3%82%89%E3%81%9A" n2="%63%68%78%63%63" n3="%E5%A4%A7%E4%BB%81%E7%94%B0%E8%96%84" dan="16,17,17,17" rate="2078.20,2199.33,2144.33,2185.17" sx="M,M,M,M"/><TAIKYOKU oya="0"/><INIT seed="0,0,0,2,0,6" ten="250,250,250,250" oya="0" hai0="10,106,81,11,56,0,30,46,19,7,29,23,45" hai1="80,13,48,59,63,127,101,18,135,36,47,52,49" hai2="28,104,96,2,32,60,98,54,40,87,22,21,89" hai3="55,66,3,78,12,102,119,117,17,20,107,130,67"/><T93/><D106/><U90/><E135/><V37/><F32/><W120/><G130/><T4/><D56/><U5/><E127/><V44/><F2/><W121/><G3/><T131/><D131/><U8/><E36/><V82/><F104/><W122/><G78/><T113/><D113/><U103/><E49/><V76/><F28/><N who="0" m="10858" /><D93/><U125/><E125/><V39/><F39/><W84/><G84/><T132/><D81/><U35/><E5/><N who="0" m="2121" /><D0/><U105/><E105/><V58/><F76/><W72/><G72/><T108/><D108/><U57/><E57/><V43/><F43/><W86/><G86/><T69/><D69/><U124/><E35/><V129/><F129/><W126/><G126/><T50/><D132/><U134/><E134/><V123/><F123/><W34/><G34/><T25/><D46/><U1/><E124/><V24/><F24/><W92/><G107/><T116/><D116/><U65/><E1/><V115/><F115/><W114/><G114/><T33/><D33/><U62/><E63/><V88/><F89/><W70/><G70/><T118/><D118/><N who="3" m="45065" /><G92/><T74/><D74/><U9/><E80/><V75/><F75/><W111/><G102/><N who="1" m="38922" /><E90/><V41/><REACH who="2" step="1"/><F40/><AGARI ba="0,0" hai="10,11,19,23,25,40,45,50" m="2121,10858" machi="40" ten="30,5800,0" yaku="8,1,52,2" doraHai="6" who="0" fromWho="2" sc="250,58,250,0,250,-58,250,0" /><INIT seed="0,1,0,4,5,4" ten="308,250,192,250" oya="0" hai0="86,18,130,124,108,112,43,66,118,26,98,33,24" hai1="49,25,59,52,103,16,0,85,77,133,92,106,35" hai2="67,78,32,134,117,58,122,113,2,73,11,110,53" hai3="96,68,82,127,119,46,29,101,57,91,3,89,42"/><T81/><D112/><U97/><E0/><V60/><F110/><W34/><G68/><T76/><D118/><U62/><E133/><V30/><F122/><W123/><G119/><T95/><D33/><U44/><E35/><V132/><F113/><W28/><G127/><T17/><D124/><U65/><E77/><V31/><F117/><W126/><G126/><T23/><D130/><U14/><E25/><V99/><F78/><W55/><G3/><T105/><D108/><U131/><E131/><V36/><F36/><W48/><G123/><T5/><D5/><U88/><E14/><V22/><F73/><W10/><G82/><T8/><D105/><U1/><E1/><V75/><F75/><W9/><G34/><T129/><D43/><U21/><E16/><V72/><F72/><W27/><G27/><N who="0" m="14831" /><D66/><U37/><E21/><V71/><F32/><W39/><G91/><N who="0" m="55679" /><D129/><U100/><E100/><V69/><F69/><W12/><G89/><T74/><D74/><U135/><E135/><N who="2" m="51755" /><F99/><W45/><G45/><T111/><D111/><U104/><REACH who="1" step="1"/><E37/><REACH who="1" ten="308,240,192,250" step="2"/><V56/><F30/><W109/><G109/><T15/><AGARI ba="1,1" hai="8,15,18,24,26,76,81,86" m="55679,14831" machi="15" ten="30,3000,0" yaku="8,1,52,1" doraHai="4" who="0" fromWho="0" sc="308,43,240,-11,192,-11,250,-11" /><INIT seed="0,2,0,5,3,92" ten="351,229,181,239" oya="0" hai0="56,94,76,48,98,25,80,45,50,81,54,101,96" hai1="110,115,119,64,15,34,1,29,89,87,121,129,31" hai2="117,65,128,99,85,93,79,61,24,95,28,100,106" hai3="38,9,59,83,77,72,112,11,62,105,22,133,66"/><T57/><D25/><U41/><E1/><V2/><F128/><W3/><G112/><T70/><D70/><U68/><E119/><V47/><F2/><W104/><G133/><T55/><D96/><U16/><E115/><V127/><F127/><W122/><G122/><T14/><D14/><U90/><E34/><V118/><F47/><W134/><G134/><T86/><D80/><U131/><E110/><V132/><F132/><W49/><G38/><T58/><AGARI ba="2,0" hai="45,48,50,54,55,56,57,58,76,81,86,94,98,101" machi="58" ten="20,7800,0" yaku="0,1,7,1,8,1,52,1" doraHai="92" who="0" fromWho="0" sc="351,84,229,-28,181,-28,239,-28" /><INIT seed="0,3,0,1,0,83" ten="435,201,153,211" oya="0" hai0="57,117,121,90,33,26,39,133,48,44,96,20,54" hai1="65,67,81,63,82,14,27,5,72,120,10,53,40" hai2="78,85,47,3,131,70,104,93,110,76,13,11,21" hai3="122,58,38,87,35,134,124,15,0,127,60,4,42"/><T31/><D117/><U30/><E120/><V98/><F70/><W97/><G35/><T118/><D118/><U132/><E132/><V56/><F104/><W16/><G134/><T102/><D133/><U28/><E40/><V119/><F110/><W22/><G122/><T62/><D121/><U23/><E28/><V68/><F68/><W25/><G0/><T74/><D74/><U94/><E72/><V77/><F3/><W75/><G75/><T45/><D39/><U88/><E53/><V86/><F21/><W128/><G97/><T17/><D90/><U91/><E91/><V135/><F135/><W64/><G128/><T59/><D17/><U126/><E126/><V101/><F131/><W2/><G2/><T106/><REACH who="0" step="1"/><D33/><REACH who="0" ten="425,201,153,211" step="2"/><U108/><E108/><V66/><F119/><W7/><G127/><T46/><D46/><U29/><E30/><V123/><F47/><W52/><G124/><T43/><D43/><U130/><E130/><V36/><F36/><W50/><G42/><T19/><D19/><U41/><E41/><V112/><F123/><W18/><G38/><T34/><D34/><U95/><E29/><V114/><F112/><W6/><G6/><T80/><D80/><U129/><E82/><V100/><F114/><W1/><G4/><T12/><D12/><U24/><E81/><V79/><F101/><W73/><G73/><T8/><D8/><U71/><E10/><V105/><F78/><W113/><G113/><T55/><AGARI ba="3,1" hai="20,26,31,44,45,48,54,55,57,59,62,96,102,106" machi="55" ten="20,7800,0" yaku="1,1,0,1,7,1,53,1" doraHai="83" doraHaiUra="99" who="0" fromWho="0" sc="425,97,201,-29,153,-29,211,-29" /><INIT seed="0,4,0,2,2,122" ten="522,172,124,182" oya="0" hai0="41,98,37,70,59,84,29,134,54,87,118,103,1" hai1="91,49,80,78,36,24,126,45,68,5,99,85,56" hai2="117,102,31,124,3,74,7,28,123,96,33,42,17" hai3="111,88,32,82,131,57,18,21,100,10,38,52,34"/><T128/><D118/><U30/><E68/><V50/><F123/><W9/><G38/><T120/><D120/><U75/><E126/><V15/><F124/><W58/><G100/><T81/><D70/><U89/><E36/><V116/><F74/><W55/><G131/><T132/><D1/><U46/><E5/><V39/><F39/><W4/><G4/><T133/><D128/><U19/><E19/><V114/><F114/><W60/><G111/><T67/><D67/><U23/><E99/><V121/><F121/><W63/><G32/><T14/><D29/><U43/><E75/><V26/><F31/><W107/><G107/><T44/><D14/><U13/><E46/><V106/><F50/><W113/><G34/><T115/><D81/><U119/><E119/><V77/><F77/><W20/><G113/><T40/><D40/><U109/><E13/><V2/><F42/><W27/><G20/><T53/><D53/><U125/><E125/><V129/><F3/><W71/><G71/><T72/><D72/><U73/><E73/><V90/><F90/><W11/><G11/><T61/><REACH who="0" step="1"/><D115/><REACH who="0" ten="512,172,124,182" step="2"/><U69/><E69/><V83/><F83/><W8/><G8/><T66/><D66/><U110/><REACH who="1" step="1"/><E56/><REACH who="1" ten="512,162,124,182" step="2"/><V79/><F129/><W94/><G82/><T127/><D127/><U25/><E25/><V104/><F117/><W108/><G108/><AGARI ba="4,2" hai="23,24,30,43,45,49,78,80,85,89,91,108,109,110" machi="108" ten="40,8000,1" yaku="1,1,14,1,52,3,53,0" doraHai="122" doraHaiUra="93" who="1" fromWho="3" sc="512,0,162,112,124,0,182,-92" /><INIT seed="1,0,0,4,1,10" ten="512,274,124,90" oya="1" hai0="96,122,124,28,68,110,53,37,104,20,18,126,3" hai1="112,33,17,131,19,121,80,23,58,120,38,106,62" hai2="34,9,27,63,66,119,61,13,65,44,84,30,60" hai3="43,130,24,109,125,57,93,127,85,107,2,114,1"/><U56/><E106/><V49/><F119/><W111/><G107/><T103/><D110/><N who="3" m="41993" /><G114/><T128/><D3/><N who="3" m="1033" /><G43/><T129/><D122/><U133/><E38/><V86/><F66/><W81/><G93/><T50/><D37/><U40/><E40/><V94/><F65/><W35/><G57/><N who="0" m="32951" /><D28/><U64/><E58/><V134/><F94/><W11/><G130/><N who="0" m="50283" /><D68/><U70/><E70/><V71/><F134/><W123/><G123/><T4/><D4/><U0/><E133/><V22/><F34/><W79/><G11/><T14/><AGARI ba="0,0" hai="14,18,20,96,103,104,124,126" m="50283,32951" machi="14" ten="30,2000,0" yaku="19,1,52,1" doraHai="10" who="0" fromWho="0" sc="512,20,274,-10,124,-5,90,-5" /><INIT seed="2,0,0,4,0,128" ten="532,264,119,85" oya="2" hai0="32,98,10,125,85,33,18,35,88,127,25,118,129" hai1="100,3,72,29,131,16,71,8,50,82,84,59,95" hai2="57,45,39,107,51,46,34,81,104,114,55,61,0" hai3="112,11,101,67,94,9,117,77,40,80,106,19,27"/><V78/><F114/><W48/><G106/><T65/><D65/><U20/><E71/><V93/><F34/><W111/><G117/><T130/><D98/><U113/><E113/><V2/><F45/><N who="3" m="25639" /><G112/><T102/><D102/><U53/><E131/><N who="0" m="50185" /><D118/><U119/><E72/><V21/><F39/><W37/><G37/><T47/><D47/><U36/><E36/><V54/><F93/><W52/><G67/><T22/><D10/><U120/><E120/><V75/><REACH who="2" step="1"/><F21/><REACH who="2" ten="532,264,109,85" step="2"/><N who="3" m="13759" /><G111/><T115/><D115/><U73/><E95/><AGARI ba="0,1" hai="18,22,25,32,33,35,85,88,95,125,127" m="50185" machi="95" ten="40,2600,0" yaku="19,1,54,1" doraHai="128" who="0" fromWho="1" sc="532,36,264,-26,109,0,85,0" /><INIT seed="3,0,0,2,3,41" ten="568,238,109,85" oya="3" hai0="134,82,116,18,1,72,122,26,132,95,96,2,75" hai1="100,48,15,124,10,36,7,8,99,13,107,85,69" hai2="70,65,111,133,35,98,73,12,67,16,62,120,130" hai3="17,44,47,83,81,51,89,71,115,40,29,112,128"/><W123/><G123/><T54/><D122/><U104/><E36/><V56/><F35/><W43/><G71/><T4/><D116/><U63/><E124/><V102/><F73/><W93/><G128/><T58/><D18/><U45/><E85/><V108/><F120/><W84/><G29/><T118/><D26/><U68/><E63/><N who="2" m="38119" /><F130/><W37/><REACH who="3" step="1"/><G17/><REACH who="3" ten="568,238,109,75" step="2"/><T6/><D118/><U114/><E114/><AGARI ba="0,1" hai="37,40,43,44,47,51,81,83,84,89,93,112,114,115" machi="114" ten="40,18000,2" yaku="1,1,2,1,52,2,53,2" doraHai="41" doraHaiUra="39" who="3" fromWho="1" sc="568,0,238,-180,109,0,75,190" /><INIT seed="3,1,0,4,5,55" ten="568,58,109,265" oya="3" hai0="29,123,75,20,14,69,24,53,57,124,5,22,117" hai1="97,42,70,7,103,107,102,65,93,111,59,85,91" hai2="114,34,62,16,89,9,48,12,10,87,126,41,105" hai3="31,132,133,46,74,86,77,76,128,98,60,95,94"/><W72/><G31/><T66/><D75/><N who="3" m="28713" /><G60/><T101/><D117/><U33/><E111/><V115/><F34/><W26/><G26/><T110/><D110/><U15/><E103/><V104/><F126/><W82/><G46/><T37/><D124/><U54/><E42/><V61/><F105/><W43/><G43/><T127/><D123/><U1/><E33/><V68/><F104/><W2/><G2/><T11/><D101/><U119/><E15/><V122/><F68/><W92/><G128/><T84/><D37/><U78/><E78/><V109/><F122/><W99/><G76/><T81/><D69/><U129/><E129/><V44/><F109/><W71/><G71/><T135/><D127/><U30/><E30/><V4/><F62/><W13/><G13/><T108/><D66/><U120/><E1/><V125/><F61/><W134/><AGARI ba="1,0" hai="77,82,86,92,94,95,98,99,132,133,134" m="28713" machi="134" ten="40,7800,0" yaku="20,1,34,2" doraHai="55" who="3" fromWho="3" sc="568,-27,58,-27,109,-27,265,81" /><INIT seed="3,2,0,2,2,25" ten="541,31,82,346" oya="3" hai0="86,107,94,92,73,43,13,128,59,11,68,119,32" hai1="120,123,115,37,84,61,9,124,70,89,69,55,12" hai2="97,36,20,75,71,50,79,135,64,63,102,98,35" hai3="67,83,127,28,16,126,95,39,117,112,111,77,1"/><W104/><G104/><T66/><D73/><U14/><E115/><V51/><F98/><W8/><G112/><T131/><D107/><U40/><E124/><N who="3" m="47658" /><G39/><T72/><D72/><U38/><E14/><V30/><F36/><W2/><G117/><T17/><D68/><U7/><E70/><V15/><F15/><N who="3" m="7271" /><G67/><T57/><D119/><U109/><E38/><V46/><F20/><W74/><G111/><T114/><D114/><U118/><E118/><V76/><F75/><W58/><G58/><T125/><D125/><U103/><E109/><V106/><F135/><W96/><G28/><T31/><D66/><U41/><E37/><V44/><F44/><W34/><G34/><T0/><D59/><U62/><E69/><V45/><F45/><W113/><G113/><T49/><D31/><U133/><E133/><V47/><F46/><W3/><G3/><T80/><D32/><U4/><E120/><V134/><F134/><W33/><G33/><T23/><D57/><U129/><E123/><V22/><F22/><W100/><AGARI ba="2,0" hai="1,2,74,77,83,95,96,100" m="7271,47658" machi="100" ten="30,3000,0" yaku="18,1,54,1" doraHai="25" who="3" fromWho="3" sc="541,-12,31,-12,82,-12,346,36" /><INIT seed="3,3,0,1,5,84" ten="529,19,70,382" oya="3" hai0="119,45,63,70,64,121,80,123,106,1,65,2,44" hai1="0,50,109,53,79,103,21,71,66,91,104,88,96" hai2="8,132,25,6,7,112,120,33,16,102,41,51,111" hai3="131,116,14,18,67,68,77,127,114,19,83,90,3"/><W5/><G116/><T49/><D119/><U128/><E0/><V57/><F112/><W48/><G114/><T94/><D106/><U43/><E43/><V93/><F111/><W113/><G113/><T130/><D130/><U117/><E117/><V32/><F132/><W124/><G131/><T110/><D110/><U37/><E37/><V28/><F33/><W13/><G5/><T122/><D80/><U59/><E128/><V10/><F120/><W31/><G31/><T23/><D23/><U54/><E109/><V85/><F102/><W115/><G3/><T35/><D35/><U36/><E36/><V27/><F57/><W87/><G115/><T135/><D135/><U46/><E79/><V58/><F58/><W125/><G48/><T56/><D94/><U72/><E72/><V30/><F51/><W76/><G67/><T133/><D133/><U129/><E129/><V105/><F105/><W39/><G68/><T74/><D74/><U78/><E78/><N who="3" m="30314" /><G39/><T134/><D134/><U12/><E71/><V47/><F32/><W99/><G99/><T15/><D2/><U118/><E66/><V40/><F47/><W29/><G29/><T52/><D1/><U62/><REACH who="1" step="1"/><E118/><REACH who="1" ten="529,9,70,382" step="2"/><V55/><F41/><W107/><G107/><T89/><D65/><U24/><E24/><V108/><F40/><W60/><G60/><T38/><D38/><U26/><E26/><V97/><F108/><W20/><G125/><T73/><D73/><U81/><E81/><V86/><F27/><W98/><G98/><T9/><D70/><U34/><E34/><N who="2" m="20751" /><F97/><W100/><G100/><RYUUKYOKU ba="3,1" sc="529,-15,9,15,70,-15,382,15" hai1="12,21,46,50,53,54,59,62,88,91,96,103,104" hai3="13,14,18,19,20,83,87,90,124,127" /><INIT seed="3,4,1,2,4,0" ten="514,24,55,397" oya="3" hai0="62,118,35,26,124,75,40,101,127,8,66,41,126" hai1="131,69,104,120,134,73,28,55,95,109,57,13,111" hai2="3,108,132,107,133,74,10,16,105,80,61,38,17" hai3="44,51,18,72,30,15,106,97,5,19,14,37,71"/><W114/><G72/><T78/><D118/><U58/><E69/><V86/><F74/><W56/><G71/><T48/><D101/><U130/><E73/><V45/><F108/><N who="1" m="41545" /><E104/><N who="2" m="40011" /><F61/><W12/><G114/><T76/><D8/><U128/><E120/><V94/><F94/><W54/><G30/><T115/><D115/><U64/><E134/><N who="2" m="51819" /><F45/><W32/><G32/><T29/><D48/><N who="1" m="30951" /><E28/><V112/><F38/><W42/><G106/><T24/><D24/><U63/><E95/><V96/><F96/><W9/><REACH who="3" step="1"/><G97/><REACH who="3" ten="514,24,55,387" step="2"/><T135/><D135/><U7/><E13/><AGARI ba="4,2" hai="5,9,12,13,14,15,18,19,37,42,44,51,54,56" machi="13" ten="40,7700,0" yaku="1,1,2,1,52,1,53,0" doraHai="0" doraHaiUra="25" who="3" fromWho="1" sc="514,0,24,-89,55,0,387,109" owari="514,61.4,-65,-56.5,55,-34.5,496,29.6" /></mjloggm>