<mjloggm ver="2.3"><GO type="169" lobby="0"/><UN n0="%E5%B0%8F%E5%AE%AE%E7%95%B3%E5%BA%97" n1="%53%68%69%72%6C%65%79" n2="%E6%B2%B3%E7%AB%A5%E3%81%AE%E3%83%AF%E3%82%AB%E3%83%9E%E3%83%84" n3="%74%61%6D%69%74%61%6D%69" dan="16,16,17,16" rate="2095.07,2096.88,2169.85,2074.77" sx="M,M,M,M"/><TAIKYOKU oya="0"/><INIT seed="0,0,0,4,5,114" ten="250,250,250,250" oya="0" hai0="108,104,45,44,7,24,54,90,123,3,10,111,87" hai1="96,35,113,105,41,84,30,5,26,107,2,18,79" hai2="116,73,94,40,135,93,14,128,61,29,125,12,16" hai3="51,55,21,37,101,75,25,124,132,112,91,38,8"/><T58/><D104/><U92/><E113/><V20/><F73/><W60/><G112/><T22/><D123/><U122/><E122/><V31/><F128/><W33/><G75/><T66/><D66/><U15/><E41/><V0/><F0/><W119/><G124/><T13/><D3/><U102/><E79/><V80/><F125/><W127/><G127/><T95/><D111/><U76/><E76/><V59/><F135/><W133/><G33/><T103/><D103/><U32/><E32/><V57/><F40/><W6/><G60/><T126/><D126/><U131/><E84/><V86/><F116/><W74/><G74/><T129/><D129/><U56/><E56/><N who="2" m="21579" /><F12/><N who="3" m="5143" /><G101/><T65/><D65/><U77/><E77/><N who="2" m="46351" /><F61/><W68/><G91/><T53/><D108/><U85/><E85/><V64/><F64/><W39/><G68/><T36/><D36/><U78/><E78/><V4/><F4/><W9/><G119/><T121/><D121/><U34/><E34/><V109/><F109/><W134/><G37/><T11/><D11/><N who="1" m="2487" /><E131/><V110/><F110/><W120/><G9/><T47/><REACH who="0" step="1"/><D58/><REACH who="0" ten="240,250,250,250" step="2"/><U50/><E107/><V49/><F49/><W106/><G106/><T70/><D70/><U71/><E71/><V100/><F100/><W97/><G120/><T27/><D27/><U28/><E50/><V72/><F72/><W52/><G51/><T117/><D117/><U48/><E48/><V99/><F14/><W130/><G130/><T81/><D81/><U19/><E105/><V115/><F115/><W42/><G134/><T88/><D88/><U23/><E15/><RYUUKYOKU ba="0,1" sc="240,15,250,15,250,-15,250,-15" hai0="7,10,13,22,24,44,45,47,53,54,87,90,95" hai1="18,19,23,26,28,30,35,92,96,102" /><INIT seed="0,1,1,0,3,48" ten="255,265,235,235" oya="0" hai0="54,80,74,111,47,99,91,56,68,84,23,55,76" hai1="71,31,61,88,62,128,49,42,131,24,92,129,112" hai2="130,100,29,135,27,12,14,124,20,85,119,82,116" hai3="5,34,2,66,60,11,57,95,121,50,96,40,108"/><T72/><D68/><U9/><E112/><V0/><F100/><W38/><G108/><T10/><D111/><U113/><E113/><V89/><F0/><W46/><G34/><T90/><D72/><U106/><E106/><V77/><F130/><W115/><G115/><T127/><D127/><U32/><E71/><V73/><F135/><W36/><REACH who="3" step="1"/><G121/><REACH who="3" ten="255,265,235,225" step="2"/><T37/><D74/><U1/><E1/><V39/><F124/><W63/><G63/><T51/><D37/><U97/><E9/><V123/><F123/><W8/><G8/><T43/><D10/><U70/><E70/><V133/><F133/><W53/><G53/><N who="0" m="19979" /><D56/><U22/><E32/><V132/><F132/><W16/><G16/><T17/><D99/><U114/><E114/><V122/><F122/><W64/><G64/><T110/><D110/><U3/><E3/><V67/><F67/><W134/><G134/><T33/><D33/><U118/><E118/><V21/><F39/><W78/><G78/><T98/><D98/><U25/><E61/><V28/><F116/><W26/><G26/><AGARI ba="1,2" hai="17,23,26,43,47,51,76,80,84,90,91" m="19979" machi="26" ten="30,11600,0" yaku="8,1,52,3" doraHai="48" who="0" fromWho="3" sc="255,139,265,0,235,0,225,-119" /><INIT seed="0,2,0,1,1,34" ten="394,265,235,106" oya="0" hai0="60,48,126,111,70,76,79,85,2,78,92,37,99" hai1="49,41,7,117,69,118,57,38,101,98,23,59,5" hai2="15,4,47,17,107,11,21,135,36,56,115,18,94" hai3="80,54,106,134,32,64,53,28,44,51,88,124,102"/><T131/><D37/><U97/><E69/><V100/><F115/><W29/><G124/><T113/><D113/><U72/><E72/><V22/><F107/><W19/><G134/><T14/><D126/><U120/><E38/><V63/><F135/><W132/><G132/><T8/><D131/><U65/><E120/><V87/><F36/><W116/><G116/><T66/><D111/><U133/><E133/><V68/><F68/><W13/><G64/><T67/><D67/><U123/><E65/><N who="2" m="39143" /><F47/><W62/><G32/><T35/><D35/><U20/><E49/><V105/><F105/><W82/><G102/><T83/><D48/><U10/><E10/><V86/><F100/><W27/><G27/><T89/><REACH who="0" step="1"/><D2/><REACH who="0" ten="384,265,235,106" step="2"/><U91/><E118/><V31/><F31/><W73/><G28/><T12/><D12/><U77/><E117/><V127/><F127/><W96/><G29/><T122/><D122/><U39/><E39/><V50/><F50/><W112/><G112/><T24/><D24/><U119/><E119/><V52/><F15/><W40/><G13/><T74/><D74/><U26/><E26/><V58/><F18/><AGARI ba="2,1" hai="8,14,18,60,66,70,76,78,79,83,85,89,92,99" machi="18" ten="30,5800,0" yaku="1,1,7,1,53,1" doraHai="34" doraHaiUra="61" who="0" fromWho="2" sc="384,74,265,0,235,-64,106,0" /><INIT seed="0,3,0,4,5,24" ten="458,265,171,106" oya="0" hai0="134,119,79,26,2,62,71,22,95,33,20,63,59" hai1="135,109,23,92,28,15,42,82,36,100,120,6,80" hai2="58,133,86,50,57,53,83,132,104,102,35,96,45" hai3="94,17,113,14,93,8,16,74,106,38,111,21,52"/><T84/><D119/><U43/><E109/><V98/><F35/><W25/><G106/><T103/><D2/><U56/><E135/><N who="2" m="51787" /><F98/><W88/><G38/><T89/><D134/><U99/><E120/><V11/><F11/><W73/><G94/><T32/><D22/><U77/><E36/><V118/><F118/><W115/><G111/><T64/><D79/><AGARI ba="3,0" hai="45,50,53,57,58,79,83,86,96,102,104" m="51787" machi="79" ten="30,1000,0" yaku="20,1" doraHai="24" who="2" fromWho="0" sc="458,-19,265,0,171,19,106,0" /><INIT seed="1,0,0,0,0,126" ten="439,265,190,106" oya="1" hai0="25,116,117,12,24,104,58,69,10,91,23,63,114" hai1="22,75,1,83,68,61,54,119,86,74,26,7,64" hai2="73,81,103,134,128,82,15,127,17,93,57,80,47" hai3="9,135,107,76,20,44,66,85,78,133,55,49,60"/><U40/><E119/><V77/><F127/><W120/><G107/><T2/><D104/><U108/><E108/><V125/><F125/><W38/><G120/><T97/><D69/><U122/><E122/><V16/><F134/><W67/><G38/><T101/><D2/><U56/><E40/><V21/><F128/><W48/><G9/><T71/><D71/><U3/><E7/><V70/><F70/><W36/><G36/><T98/><D114/><U5/><E5/><V115/><F115/><W118/><G118/><T79/><D79/><U112/><E112/><V31/><F31/><W124/><G124/><T35/><D35/><U123/><E1/><V111/><F111/><W33/><G33/><T131/><D131/><U95/><E95/><V45/><F73/><W34/><G34/><T94/><D116/><U52/><E3/><V51/><F77/><W132/><G49/><T87/><D117/><U88/><E123/><V32/><F32/><W43/><G20/><T19/><D101/><U46/><E46/><V6/><F6/><W50/><G60/><T129/><D129/><U42/><E42/><V89/><F17/><W18/><G18/><N who="0" m="8471" /><D24/><U59/><E68/><V65/><F103/><W62/><G62/><T130/><D130/><U8/><E8/><V121/><F121/><W72/><G72/><T84/><D98/><U113/><E113/><V28/><F28/><W14/><G14/><T110/><D110/><U102/><E102/><V41/><F47/><N who="3" m="25727" /><G76/><T96/><D97/><U11/><E11/><V109/><F109/><W30/><G30/><T100/><D100/><RYUUKYOKU ba="0,0" sc="439,15,265,-15,190,-15,106,15" hai0="19,23,25,58,63,84,87,91,94,96" hai3="44,50,55,66,67,78,85,132,133,135" /><INIT seed="2,1,0,1,2,119" ten="454,250,175,121" oya="2" hai0="76,123,134,102,133,31,127,21,130,45,108,17,121" hai1="16,20,92,35,4,62,53,81,57,89,113,8,86" hai2="75,100,41,22,71,23,32,72,42,38,64,78,115" hai3="84,68,59,18,47,107,12,3,118,131,69,1,129"/><V7/><F115/><W99/><G118/><T83/><D108/><U90/><E35/><V70/><F32/><W126/><G47/><T97/><D31/><U52/><E113/><V29/><F29/><W128/><G126/><T26/><D127/><U36/><E36/><V60/><F100/><N who="3" m="62879" /><G59/><T98/><D45/><U85/><E53/><V110/><F38/><W114/><G84/><T14/><D130/><U11/><E4/><V82/><F110/><W0/><G114/><T79/><D98/><U103/><E103/><V124/><F124/><W9/><AGARI ba="1,0" hai="0,1,3,9,12,18,68,69,128,129,131" m="62879" machi="9" ten="40,1500,0" yaku="19,1" doraHai="119" who="3" fromWho="3" sc="454,-5,250,-5,175,-8,121,18" /><INIT seed="3,0,0,5,4,68" ten="449,245,167,139" oya="3" hai0="3,127,28,61,87,17,23,31,44,58,91,10,22" hai1="11,88,21,100,16,116,14,60,29,9,15,71,6" hai2="80,51,73,24,108,12,105,123,34,39,7,90,53" hai3="101,8,130,48,36,135,69,134,126,94,74,27,54"/><W25/><G74/><T95/><D127/><U89/><E116/><V76/><F105/><W96/><G69/><T5/><D44/><U65/><E100/><V33/><F108/><W85/><G126/><T117/><D117/><U81/><E81/><V37/><F123/><W40/><G130/><T45/><D45/><U78/><E78/><V18/><F7/><W72/><G72/><T49/><D49/><U57/><E71/><V32/><F24/><AGARI ba="0,0" hai="6,9,11,14,15,16,21,24,29,57,60,65,88,89" machi="24" ten="40,5200,0" yaku="8,1,54,2" doraHai="68" who="1" fromWho="2" sc="449,0,245,52,167,-52,139,0" /><INIT seed="4,0,0,1,4,87" ten="449,297,115,139" oya="0" hai0="115,105,76,66,25,98,132,37,62,73,16,12,131" hai1="9,107,27,58,119,101,72,74,1,99,42,33,39" hai2="130,60,82,45,24,92,125,43,129,86,34,126,7" hai3="135,56,84,8,77,63,41,50,40,70,54,30,68"/><T0/><D0/><U3/><E58/><V49/><F60/><W116/><G30/><T100/><D37/><U111/><E111/><V52/><F7/><W22/><G22/><T120/><D120/><U96/><E96/><V71/><F71/><N who="3" m="27179" /><G84/><T65/><D132/><U85/><E119/><V109/><F109/><W2/><G77/><T124/><D131/><N who="2" m="50186" /><F92/><W23/><G23/><T19/><D124/><N who="2" m="47722" /><F34/><W112/><G8/><T21/><D115/><U32/><E32/><V97/><F97/><W79/><G79/><T106/><D106/><U69/><E69/><V80/><F24/><W44/><G2/><T94/><D105/><U108/><E108/><V10/><F10/><W57/><G135/><T26/><D62/><U29/><E1/><V47/><F86/><W59/><G116/><T117/><D117/><U133/><E85/><V95/><F95/><W6/><G6/><T104/><D104/><U103/><E133/><V20/><F20/><W64/><G112/><T28/><D26/><U89/><E27/><V51/><AGARI ba="0,0" hai="43,45,47,49,51,52,80,82" m="47722,50186" machi="51" ten="40,5200,0" yaku="19,1,18,1,54,1" doraHai="87" who="2" fromWho="2" sc="449,-26,297,-13,115,52,139,-13" /><INIT seed="5,0,0,0,3,47" ten="423,284,167,126" oya="1" hai0="107,44,108,116,126,50,97,102,5,92,90,74,17" hai1="62,82,109,65,91,26,41,15,105,135,61,76,83" hai2="39,77,49,14,31,48,54,93,43,134,94,104,119" hai3="23,121,101,59,0,11,115,40,30,118,63,87,69"/><U37/><E105/><V22/><F119/><W78/><G118/><T79/><D108/><U3/><E3/><V85/><F104/><W123/><G69/><T117/><D126/><U12/><E135/><V89/><F134/><W100/><G40/><T20/><D5/><U29/><E109/><V120/><F120/><W16/><G30/><T132/><D132/><U60/><E91/><V122/><F122/><W99/><G101/><T57/><D57/><U6/><E65/><V58/><F77/><W7/><G115/><T81/><D17/><U38/><E82/><N who="2" m="49335" /><F39/><W112/><G87/><N who="0" m="52319" /><D20/><U72/><E6/><V110/><F110/><W42/><G42/><AGARI ba="0,0" hai="42,44,50,74,79,81,97,102,107,116,117" m="52319" machi="42" ten="30,2000,0" yaku="24,1,52,1" doraHai="47" who="0" fromWho="3" sc="423,20,284,0,167,0,126,-20" /><INIT seed="6,0,0,0,4,31" ten="443,284,167,106" oya="2" hai0="65,49,126,90,35,88,131,133,93,115,53,50,81" hai1="74,67,7,41,122,114,22,13,135,106,42,79,12" hai2="45,110,86,10,84,92,23,125,101,111,96,64,34" hai3="123,14,98,57,85,39,118,0,4,6,132,1,119"/><V17/><F125/><W43/><G98/><T54/><D126/><U60/><E106/><V25/><F64/><W89/><G57/><T51/><D115/><U129/><E114/><V80/><F10/><W82/><G123/><T100/><D35/><U21/><E129/><V128/><F128/><W134/><G43/><T91/><D131/><U117/><E117/><V112/><F112/><W99/><G99/><N who="0" m="59503" /><D133/><U121/><E135/><N who="3" m="51754" /><G39/><T116/><D116/><N who="3" m="44585" /><G89/><N who="0" m="34411" /><D65/><U38/><E38/><V52/><F52/><W102/><G102/><T46/><D46/><U40/><E40/><V124/><F45/><W83/><G85/><AGARI ba="0,0" hai="49,50,51,53,54,81,85,91" m="34411,59503" machi="85" ten="30,2000,0" yaku="8,1,54,1" doraHai="31" who="0" fromWho="3" sc="443,20,284,0,167,0,106,-20" /><INIT seed="7,0,0,5,3,57" ten="463,284,167,86" oya="3" hai0="112,71,3,113,6,28,123,66,97,116,14,50,99" hai1="104,4,75,111,85,110,135,134,100,42,70,21,118" hai2="119,11,131,33,0,40,95,103,41,44,67,17,29" hai3="2,77,129,88,102,12,83,87,93,128,18,133,89"/><W38/><G2/><T37/><D116/><U109/><E75/><V73/><F119/><W52/><G38/><T65/><D123/><U91/><E118/><V48/><F73/><W94/><G133/><N who="1" m="50698" /><E70/><V125/><F131/><N who="3" m="50251" /><G102/><T53/><D37/><U82/><E4/><V49/><F125/><W10/><G52/><T26/><D3/><U19/><E42/><V107/><F0/><W79/><G94/><T34/><D14/><N who="1" m="9463" /><E100/><V132/><F41/><W55/><G55/><T1/><D1/><U45/><E45/><V58/><F132/><W72/><G72/><T56/><D6/><U127/><E127/><V115/><F103/><W98/><AGARI ba="0,0" hai="10,12,18,77,79,83,87,88,89,93,98" m="50251" machi="98" ten="30,3000,0" yaku="19,1,54,1" doraHai="57" who="3" fromWho="3" sc="463,-10,284,-10,167,-10,86,30" /><INIT seed="7,1,0,0,0,22" ten="453,274,157,116" oya="3" hai0="79,53,8,119,92,51,134,113,34,90,123,29,128" hai1="63,39,9,75,114,0,59,20,87,94,110,116,81" hai2="56,74,3,38,14,33,18,104,129,7,121,46,28" hai3="64,52,107,111,135,10,133,31,37,82,72,40,89"/><W55/><G107/><T132/><D123/><U96/><E110/><V25/><F104/><W43/><G64/><T117/><D79/><U93/><E39/><V127/><F74/><W118/><G118/><T98/><D128/><U5/><E75/><V47/><F38/><W12/><G111/><T99/><D99/><U86/><E114/><V60/><F129/><W78/><G89/><T23/><D34/><U88/><E116/><V15/><F15/><W57/><G31/><T71/><D71/><U91/><E20/><N who="2" m="11351" /><F127/><W83/><G83/><T58/><D8/><U62/><E59/><V19/><F19/><W13/><G13/><T44/><D44/><U106/><E106/><V1/><F1/><W108/><G108/><T42/><D42/><U85/><E85/><V49/><F49/><W95/><G95/><T112/><D119/><U45/><E45/><V115/><F121/><W16/><G55/><T120/><D120/><U67/><E67/><N who="2" m="39303" /><F115/><N who="0" m="44106" /><D117/><U80/><E80/><V109/><F109/><W101/><G101/><AGARI ba="1,0" hai="0,5,9,62,63,81,86,87,88,91,93,94,96,101" machi="101" ten="30,2000,0" yaku="7,1,54,1" doraHai="22" who="1" fromWho="3" sc="453,0,274,23,157,0,116,-23" owari="453,55.3,297,9.7,157,-24.3,93,-40.7" /></mjloggm>