<mjloggm ver="2.3"><GO type="169" lobby="0"/><UN n0="%4F%4D%41%4E%54%41" n1="%E9%81%85%E5%88%BB%E3%81%AE%E3%83%97%E3%83%AA%E3%83%B3%E3%82%B9%E2%99%AA" n2="%E3%82%A8%E3%82%B0%E3%83%81%E3%80%81" n3="%E3%82%82%E3%81%BF%E3%81%95%E3%81%92" dan="17,16,17,16" rate="2195.02,2153.14,2186.64,2149.46" sx="M,F,M,M"/><TAIKYOKU oya="0"/><INIT seed="0,0,0,4,4,79" ten="250,250,250,250" oya="0" hai0="46,29,113,93,121,103,30,129,35,134,101,57,109" hai1="4,127,13,102,43,120,98,67,39,65,23,64,95" hai2="94,70,2,77,78,107,75,116,80,96,99,84,112" hai3="56,17,41,117,66,122,81,40,128,20,7,119,97"/><T135/><D113/><U50/><E120/><V91/><F70/><W83/><G7/><T26/><D121/><U9/><E39/><V45/><F2/><W125/><G122/><T104/><D104/><U5/><E127/><V48/><F112/><W33/><G33/><T58/><D129/><U118/><E118/><V69/><F69/><W49/><G125/><T110/><D46/><N who="1" m="25951" /><E23/><V85/><F48/><W71/><G71/><T15/><D15/><U133/><E133/><N who="0" m="50697" /><D30/><U24/><E24/><V124/><F45/><W61/><G128/><T108/><D93/><U87/><E87/><V111/><F124/><W14/><G97/><N who="2" m="37449" /><F116/><W132/><G132/><T92/><D92/><U53/><E53/><V76/><F111/><W52/><G119/><T72/><D72/><U37/><E37/><V106/><F75/><W47/><G117/><T28/><D28/><U16/><AGARI ba="0,0" hai="4,5,9,13,16,64,65,67,95,98,102" m="25951" machi="16" ten="30,2000,0" yaku="8,1,54,1" doraHai="79" who="1" fromWho="1" sc="250,-10,250,20,250,-5,250,-5" /><INIT seed="1,0,0,5,4,14" ten="240,270,245,245" oya="1" hai0="65,129,33,13,117,103,77,104,82,108,56,123,102" hai1="28,84,68,64,19,48,32,94,115,12,52,86,81" hai2="31,99,87,18,26,116,27,135,36,22,89,71,66" hai3="58,73,51,61,1,11,88,107,30,10,46,67,55"/><U43/><E115/><V114/><F116/><W50/><G1/><T72/><D117/><U70/><E43/><V80/><F135/><W7/><G7/><T37/><D37/><U98/><E28/><V79/><F36/><W45/><G107/><T54/><D33/><U112/><E32/><V100/><F114/><W83/><G30/><T44/><D108/><U131/><E112/><V34/><F71/><W8/><G73/><T105/><D65/><U42/><E42/><V3/><F66/><W127/><G127/><T128/><D44/><U92/><E131/><N who="0" m="50249" /><D123/><U120/><E120/><V95/><REACH who="2" step="1"/><F3/><REACH who="2" ten="240,270,235,245" step="2"/><W6/><G6/><T113/><D113/><U133/><E133/><V74/><F74/><W24/><G67/><T91/><D72/><U0/><E0/><V119/><F119/><W40/><G40/><T15/><D54/><U76/><E64/><V60/><F60/><W97/><G61/><T62/><D62/><U109/><E68/><V5/><F5/><W63/><G63/><T90/><D105/><U124/><E70/><V16/><F16/><W49/><G55/><T85/><D104/><U122/><E122/><V20/><F20/><W9/><G9/><T118/><D118/><U57/><E124/><V96/><F96/><W78/><G97/><T23/><D23/><N who="1" m="11751" /><E109/><V111/><F111/><W41/><G41/><T25/><D85/><N who="1" m="48295" /><E98/><V17/><F17/><W125/><G125/><T110/><D110/><U132/><E132/><V53/><F53/><W75/><G75/><T35/><D35/><U106/><E106/><V38/><F38/><W59/><G8/><RYUUKYOKU ba="0,1" sc="240,-15,270,15,235,15,245,-15" hai1="48,52,57,84,86,92,94" hai2="18,22,26,27,31,34,79,80,87,89,95,99,100" /><INIT seed="1,1,1,5,2,16" ten="225,285,250,230" oya="1" hai0="66,119,52,77,108,133,87,85,38,56,102,113,126" hai1="127,61,114,49,93,13,131,74,122,76,55,50,11" hai2="12,40,112,75,67,81,18,2,23,54,106,6,134" hai3="116,57,115,109,48,65,44,125,28,14,5,94,105"/><U26/><E114/><V99/><F112/><W88/><G115/><T42/><D113/><RYUUKYOKU type="kaze4" ba="1,1" sc="225,0,285,0,250,0,230,0" /><INIT seed="1,2,1,1,0,50" ten="225,285,250,230" oya="1" hai0="115,7,101,0,129,95,73,52,43,39,90,89,69" hai1="78,121,124,44,107,135,133,29,33,123,54,92,74" hai2="64,20,83,57,106,67,111,3,132,26,11,87,134" hai3="62,25,23,63,16,12,112,122,17,55,18,80,9"/><U88/><E107/><V27/><F106/><W109/><G112/><T130/><D115/><U71/><E71/><V61/><F111/><W42/><G122/><N who="1" m="46602" /><E29/><V47/><F67/><W79/><G42/><T60/><D73/><U19/><E33/><V66/><F66/><W48/><G109/><T15/><D0/><U127/><E19/><V49/><F11/><W126/><G126/><N who="1" m="48170" /><E78/><V8/><F3/><W117/><G117/><T100/><D69/><U108/><E74/><V34/><F34/><W97/><G97/><T105/><D105/><U120/><N who="1" m="46610" /><U35/><DORA hai="84" /><E35/><V5/><F5/><W75/><REACH who="3" step="1"/><G18/><REACH who="3" ten="225,285,250,220" step="2"/><T65/><D43/><U6/><E108/><V103/><F134/><W113/><G113/><T38/><D38/><U56/><E6/><V104/><F132/><W86/><G86/><T125/><D39/><U68/><E68/><V30/><F87/><W94/><G94/><T28/><D95/><U41/><E41/><V51/><F104/><W76/><G76/><T110/><D110/><U1/><E1/><V2/><F2/><W82/><G82/><T96/><D125/><U4/><E4/><V13/><F83/><W32/><G32/><T22/><D7/><U99/><E44/><AGARI ba="2,2" hai="9,12,16,17,23,25,44,48,55,62,63,75,79,80" machi="44" ten="30,12000,2" yaku="1,1,7,1,52,1,54,1,53,2" doraHai="50,84" doraHaiUra="58,36" who="3" fromWho="1" sc="225,0,285,-126,250,0,220,146" /><INIT seed="2,0,0,3,2,87" ten="225,159,250,366" oya="2" hai0="43,28,132,27,4,99,119,34,91,100,131,96,125" hai1="61,103,85,25,54,67,7,89,69,3,80,104,11" hai2="53,130,55,24,14,13,47,106,93,40,81,75,0" hai3="108,62,32,109,121,60,82,94,129,17,79,41,23"/><V88/><F106/><W52/><G121/><T112/><D112/><U124/><E124/><V33/><F130/><W117/><G117/><T116/><D131/><U77/><E104/><V37/><F0/><W113/><G113/><T38/><D125/><U39/><E39/><V111/><F111/><N who="3" m="42571" /><G32/><T57/><D4/><U10/><E103/><V63/><F33/><W49/><G129/><T50/><D132/><U92/><E11/><V68/><F24/><N who="3" m="14447" /><G94/><N who="0" m="56415" /><D38/><U76/><E25/><V114/><F114/><W51/><G41/><T18/><D18/><U74/><E77/><V44/><F81/><W45/><G49/><T26/><D26/><U118/><REACH who="1" step="1"/><E54/><REACH who="1" ten="225,149,250,366" step="2"/><V115/><F115/><W48/><G48/><T73/><D50/><U90/><E90/><V86/><F47/><W12/><G12/><T105/><D119/><AGARI ba="0,1" hai="3,7,10,61,67,69,74,76,80,85,89,92,118,119" machi="119" ten="40,2600,0" yaku="1,1,52,1,53,0" doraHai="87" doraHaiUra="128" who="1" fromWho="0" sc="225,-26,149,36,250,0,366,0" /><INIT seed="3,0,0,4,5,93" ten="199,185,250,366" oya="3" hai0="5,6,18,76,120,59,73,42,129,23,128,12,25" hai1="81,65,47,87,106,100,13,62,84,133,1,14,3" hai2="94,8,21,35,115,43,36,66,27,117,85,96,39" hai3="44,121,72,122,33,22,132,99,107,46,26,127,19"/><W31/><G72/><T11/><D42/><U108/><E108/><V20/><F115/><W131/><G131/><N who="0" m="50251" /><D59/><U113/><E113/><V98/><F117/><W71/><G71/><T9/><D76/><U125/><E133/><V49/><F35/><W124/><G132/><T82/><D82/><U123/><E123/><V45/><F66/><W64/><G64/><T54/><D54/><U88/><E125/><N who="3" m="48202" /><G44/><T60/><D60/><U30/><E30/><V89/><F20/><W17/><G46/><T24/><D120/><N who="3" m="46185" /><G33/><T83/><D83/><U10/><E47/><V63/><F63/><W116/><G116/><T114/><D73/><U112/><E112/><V105/><F8/><N who="0" m="3146" /><D114/><U90/><E14/><V41/><F41/><W135/><G135/><T80/><D80/><U37/><E37/><V16/><REACH who="2" step="1"/><F105/><REACH who="2" ten="199,185,240,366" step="2"/><W67/><G67/><T110/><D110/><U2/><E62/><V56/><F56/><W50/><G50/><T52/><D52/><U77/><E65/><V4/><F4/><AGARI ba="0,1" hai="4,5,6,12,18,23,24,25" m="3146,50251" machi="4" ten="30,3900,0" yaku="19,1,34,2" doraHai="93" who="0" fromWho="2" sc="199,49,185,0,240,-39,366,0" /><INIT seed="4,0,0,2,3,125" ten="248,185,201,366" oya="0" hai0="99,77,105,48,69,104,42,11,65,1,122,127,63" hai1="62,52,96,74,6,58,86,51,16,23,116,31,49" hai2="38,75,7,36,2,81,67,35,68,110,94,34,9" hai3="40,112,128,70,54,114,130,66,4,15,37,5,117"/><T33/><D122/><U85/><E116/><V71/><F110/><W57/><G117/><T18/><D127/><U20/><E74/><V12/><F94/><W113/><G15/><T134/><D134/><U93/><E6/><V78/><F12/><W108/><G108/><T123/><D123/><U24/><E86/><V56/><F56/><W79/><G79/><T101/><D77/><U107/><E85/><V10/><F10/><W84/><G84/><T55/><D42/><U47/><E107/><V28/><F67/><W106/><G106/><T87/><D87/><U8/><E8/><V64/><F64/><W59/><G4/><T132/><D132/><U27/><REACH who="1" step="1"/><E47/><REACH who="1" ten="248,175,201,366" step="2"/><V102/><F102/><AGARI ba="0,1" hai="16,20,23,24,27,31,49,51,52,58,62,93,96,102" machi="102" ten="30,12000,2" yaku="1,1,2,1,7,1,8,1,54,2,53,0" doraHai="125" doraHaiUra="111" who="1" fromWho="2" sc="248,0,175,130,201,-120,366,0" /><INIT seed="5,0,0,2,0,114" ten="248,305,81,366" oya="1" hai0="109,47,17,132,89,118,52,51,84,26,37,106,42" hai1="62,1,22,113,33,70,103,5,111,93,135,116,54" hai2="92,53,30,82,39,112,31,128,61,75,104,121,68" hai3="11,56,57,133,9,55,65,119,34,83,81,0,45"/><U73/><E73/><V50/><F121/><W124/><G34/><T127/><D109/><U60/><E33/><V99/><F112/><W77/><G133/><T125/><D106/><U2/><E113/><V74/><F128/><W13/><G124/><N who="0" m="47691" /><D132/><U16/><E135/><V126/><F126/><W23/><G65/><T123/><D123/><U66/><E111/><V71/><F39/><W49/><G119/><T20/><D118/><U108/><E108/><V69/><F104/><W4/><G23/><T88/><D84/><U87/><E116/><V18/><F61/><W40/><G77/><T29/><D29/><U131/><E131/><V78/><F18/><W63/><G56/><AGARI ba="0,0" hai="17,20,26,37,42,47,51,52,56,88,89" m="47691" machi="56" ten="30,3900,0" yaku="18,1,54,2" doraHai="114" who="0" fromWho="3" sc="248,39,305,0,81,0,366,-39" /><INIT seed="6,0,0,1,0,60" ten="287,305,81,327" oya="2" hai0="6,118,89,27,28,87,3,48,10,52,37,2,56" hai1="132,115,109,66,97,24,119,38,131,81,88,74,93" hai2="94,13,77,128,120,62,90,110,18,1,108,44,79" hai3="65,68,99,41,33,39,112,103,32,19,83,31,47"/><V17/><F120/><W4/><G4/><T59/><D37/><U54/><E38/><V57/><F1/><W84/><G31/><T25/><D118/><U85/><E109/><N who="2" m="42091" /><F128/><W61/><G19/><N who="2" m="7177" /><F44/><W125/><G125/><T45/><D2/><U101/><E119/><V67/><F13/><W36/><G112/><T46/><D46/><U53/><E115/><V117/><F117/><W73/><G39/><T8/><D8/><U7/><E131/><V80/><F80/><W29/><G29/><T123/><D123/><U76/><E132/><V64/><F64/><W134/><G134/><T72/><D72/><U91/><E7/><V30/><F30/><W114/><G114/><T75/><D75/><U98/><E66/><V100/><F100/><W5/><G5/><T14/><D3/><U127/><E127/><V15/><F15/><W26/><G26/><N who="0" m="9739" /><D28/><U130/><E130/><V107/><F107/><W63/><G63/><T116/><D116/><U35/><E24/><V9/><F9/><W104/><G73/><T86/><D86/><AGARI ba="0,0" hai="57,62,67,77,79,86,90,94" m="7177,42091" machi="86" ten="30,2900,0" yaku="10,1,52,1" doraHai="60" who="2" fromWho="0" sc="287,-29,305,0,81,29,327,0" /><INIT seed="6,1,0,0,0,36" ten="258,305,110,327" oya="2" hai0="10,35,70,40,129,86,58,132,66,69,6,52,122" hai1="26,38,25,19,42,57,74,106,33,4,0,16,46" hai2="13,64,32,94,1,68,45,92,27,20,5,23,15" hai3="133,21,90,101,89,91,116,73,96,56,79,84,81"/><V97/><F68/><W49/><G116/><T105/><D122/><U61/><E106/><V118/><F118/><W82/><G21/><T72/><D72/><U76/><E33/><V111/><F64/><W77/><G49/><T93/><D105/><U3/><E25/><V71/><F71/><W85/><G56/><T112/><D35/><U95/><E95/><V43/><F111/><W12/><G12/><T60/><D112/><U7/><E7/><V126/><F126/><W63/><G63/><T87/><D129/><U39/><E39/><V29/><F1/><W135/><G73/><T98/><D132/><U102/><E102/><V123/><F123/><W80/><G80/><T88/><D70/><U18/><E26/><V103/><F94/><AGARI ba="1,0" hai="77,79,81,82,84,85,89,90,91,94,96,101,133,135" machi="94" ten="40,8000,1" yaku="9,1,34,3" doraHai="36" who="3" fromWho="2" sc="258,0,305,0,110,-83,327,83" /><INIT seed="7,0,0,4,2,100" ten="258,305,27,410" oya="3" hai0="43,68,60,123,108,36,53,33,111,94,132,2,135" hai1="99,107,63,96,115,3,110,129,89,106,49,75,34" hai2="119,41,35,70,50,61,126,4,27,21,39,65,130" hai3="52,88,59,116,85,77,37,20,40,46,13,78,31"/><W125/><G116/><T124/><D94/><U44/><E34/><V15/><F21/><W38/><G38/><T56/><D2/><U83/><E3/><V134/><F15/><W30/><G125/><T84/><D84/><U90/><E110/><N who="0" m="42025" /><D33/><U118/><E118/><V0/><F50/><W112/><G112/><T62/><D123/><U19/><E115/><V18/><F18/><W121/><G121/><T23/><D23/><U58/><E129/><V103/><F61/><W113/><G113/><T101/><D101/><U25/><E25/><V79/><F4/><W1/><G1/><T104/><D104/><U10/><E75/><V93/><F93/><W5/><G5/><T82/><D82/><U95/><E19/><V42/><F79/><W105/><G105/><T128/><D128/><U48/><E10/><V102/><F27/><W114/><G114/><T117/><D117/><U26/><E26/><V8/><F103/><W80/><G30/><T12/><D12/><U16/><E16/><V73/><F102/><W127/><G127/><T71/><D124/><U11/><E11/><V67/><F8/><W28/><G28/><T66/><D71/><U72/><E72/><V57/><F73/><W76/><G31/><T81/><D81/><U133/><E83/><V87/><F126/><W74/><G74/><T109/><N who="0" m="42033" /><T47/><AGARI ba="0,0" hai="36,43,47,53,56,60,62,66,68,132,135" m="42033" machi="47" ten="50,6400,0" yaku="4,1,34,2" doraHai="100" who="0" fromWho="0" sc="258,64,305,-16,27,-16,410,-32" owari="322,12.2,289,-11.1,11,-48.9,378,47.8" /></mjloggm>