<mjloggm ver="2.3"><GO type="169" lobby="0"/><UN n0="%E5%B5%8C%E5%85%AB" n1="%E4%BA%BA%E5%8F%82%E5%BD%B9%E8%80%85%E3%81%8F%E3%82%93" n2="%62%73%64%5F%33" n3="%70%61%6E%30%39%30%37" dan="16,17,17,17" rate="2105.56,2167.93,2135.00,2199.60" sx="M,M,F,M"/><TAIKYOKU oya="0"/><INIT seed="0,0,0,3,3,129" ten="250,250,250,250" oya="0" hai0="114,23,56,95,108,96,18,16,86,103,131,117,45" hai1="36,77,55,69,78,14,70,48,81,58,105,87,30" hai2="98,119,31,132,11,15,101,2,85,42,123,0,63" hai3="71,27,53,118,37,89,9,110,74,75,40,135,72"/><T134/><D114/><U47/><E105/><V94/><F123/><W79/><G118/><T54/><D117/><U33/><E77/><V38/><F119/><W41/><G71/><T83/><D131/><U127/><E127/><V24/><F38/><W21/><G79/><T10/><D108/><U99/><E99/><V44/><F85/><W13/><G110/><T100/><D45/><U130/><E130/><V109/><F109/><W3/><G3/><T67/><D67/><U29/><E14/><V82/><F82/><W112/><G112/><T26/><D134/><U57/><E33/><V80/><F80/><W34/><G34/><T39/><D39/><U19/><E19/><V1/><F63/><W4/><G37/><T93/><D10/><U25/><E58/><V20/><F132/><W116/><G116/><T59/><D18/><U68/><REACH who="1" step="1"/><E25/><REACH who="1" ten="250,240,250,250" step="2"/><V92/><F98/><W90/><G27/><T7/><D7/><U64/><E64/><V125/><F125/><W35/><G35/><T49/><D56/><U5/><E5/><N who="2" m="3567" /><F101/><N who="0" m="38986" /><D96/><U60/><E60/><V106/><F106/><W104/><G104/><T91/><AGARI ba="0,1" hai="16,23,26,49,54,59,83,86,91,93,95" m="38986" machi="91" ten="30,3000,0" yaku="8,1,54,1" doraHai="129" who="0" fromWho="0" sc="250,40,240,-10,250,-10,250,-10" /><INIT seed="0,1,0,3,5,129" ten="290,230,240,240" oya="0" hai0="35,8,61,73,112,110,22,134,21,40,1,126,116" hai1="85,74,90,104,0,77,117,95,120,63,31,24,27" hai2="33,111,60,26,132,36,9,65,107,115,2,118,125" hai3="89,79,53,52,5,78,10,91,56,71,99,106,38"/><T16/><D73/><U113/><E117/><V13/><RYUUKYOKU type="yao9" ba="1,0" sc="290,0,230,0,240,0,240,0" hai2="2,9,13,26,33,36,60,65,107,111,115,118,125,132" /><INIT seed="0,2,0,3,2,121" ten="290,230,240,240" oya="0" hai0="67,102,103,58,46,83,99,57,130,16,36,125,25" hai1="108,40,71,11,76,74,9,100,17,106,53,20,81" hai2="33,122,123,8,132,116,49,38,68,37,63,59,61" hai3="110,23,32,10,43,39,2,12,35,86,3,41,45"/><T111/><D125/><U72/><E72/><V97/><F33/><W131/><G131/><T91/><D130/><U134/><E134/><V44/><F97/><W66/><G66/><T56/><D67/><U124/><E124/><V21/><F21/><W107/><G23/><N who="0" m="13543" /><D36/><N who="2" m="13930" /><F8/><W1/><G43/><T84/><D46/><U0/><E40/><N who="2" m="24711" /><F116/><W126/><G126/><T112/><D112/><U82/><E0/><V5/><F5/><W129/><G129/><T87/><D111/><U62/><E82/><V92/><F92/><W54/><G54/><T133/><D133/><U96/><E108/><V75/><F75/><W34/><G110/><T27/><D27/><U85/><E74/><V31/><F31/><W105/><REACH who="3" step="1"/><G86/><REACH who="3" ten="290,230,240,230" step="2"/><N who="0" m="50655" /><D99/><U77/><E96/><V70/><F132/><W48/><G48/><T14/><D87/><U90/><E85/><V119/><F119/><W93/><G93/><T69/><D69/><N who="2" m="26730" /><F63/><W98/><G98/><T64/><D84/><U95/><E62/><V117/><F117/><W42/><G42/><T50/><D103/><U135/><E100/><V79/><F79/><W15/><G15/><T30/><D102/><U114/><E77/><V120/><F120/><W88/><G88/><T51/><D14/><U26/><E76/><V127/><F127/><W128/><G128/><T19/><D64/><AGARI ba="2,1" hai="59,61,64,122,123" m="26730,24711,13930" machi="64" ten="30,2000,0" yaku="34,2" doraHai="121" who="2" fromWho="0" sc="290,-26,230,0,240,36,230,0" /><INIT seed="1,0,0,1,1,69" ten="264,230,276,230" oya="1" hai0="91,120,0,35,127,101,50,58,39,26,41,45,135" hai1="71,42,65,7,121,84,72,5,30,119,102,130,54" hai2="33,47,89,14,131,124,8,49,56,21,100,18,6" hai3="94,78,57,128,107,13,51,79,111,60,86,32,22"/><U29/><E119/><V115/><F131/><W17/><G107/><T117/><D117/><U62/><E72/><V87/><F124/><W97/><G128/><T15/><D0/><U40/><E121/><V81/><F33/><W37/><G111/><T112/><D112/><U125/><E125/><V123/><F115/><W126/><G126/><T98/><D127/><U99/><E130/><V28/><F123/><W34/><G51/><T74/><D120/><U46/><E54/><V116/><F116/><W129/><G129/><T104/><D135/><U43/><E84/><V38/><F38/><W59/><G37/><T27/><D74/><U85/><E85/><V73/><F73/><W95/><G95/><T68/><D35/><U80/><E46/><V24/><F100/><W88/><G59/><T109/><D109/><U92/><REACH who="1" step="1"/><E80/><REACH who="1" ten="264,220,276,230" step="2"/><V12/><F47/><W16/><G86/><T75/><D75/><U67/><E67/><V9/><F81/><W64/><G78/><T122/><D45/><U76/><E76/><V77/><F77/><W53/><G79/><T1/><D122/><U132/><E132/><V44/><F44/><W108/><G108/><T93/><D41/><U96/><E96/><V113/><F113/><W61/><G64/><T48/><D98/><U118/><E118/><V55/><F87/><W134/><G134/><T19/><D104/><U63/><E63/><V90/><AGARI ba="0,1" hai="6,8,9,12,14,18,21,24,28,49,55,56,89,90" machi="90" ten="30,2000,0" yaku="0,1,8,1" doraHai="69" who="2" fromWho="2" sc="264,-5,220,-10,276,30,230,-5" /><INIT seed="2,0,0,2,4,53" ten="259,210,306,225" oya="2" hai0="23,2,127,34,18,114,104,3,62,1,58,133,52" hai1="83,91,125,19,48,129,96,0,85,119,43,68,67" hai2="103,63,55,98,134,123,26,120,73,72,115,90,95" hai3="29,79,101,65,36,12,113,25,42,41,47,108,87"/><V93/><F115/><W27/><G108/><T44/><D114/><U57/><E119/><V32/><F134/><W30/><G113/><T88/><D104/><U22/><E125/><V50/><F63/><W126/><G101/><T8/><D34/><U112/><E112/><V11/><F11/><W66/><G12/><T15/><D127/><U24/><E0/><V111/><F111/><W37/><G87/><T64/><D133/><U9/><E129/><V38/><F38/><W76/><G47/><T92/><D44/><N who="1" m="25631" /><E68/><V84/><F32/><W80/><G80/><T106/><D106/><U110/><E110/><V5/><F5/><W86/><G86/><T40/><D40/><U71/><E71/><V94/><F94/><W128/><REACH who="3" step="1"/><G126/><REACH who="3" ten="259,210,306,215" step="2"/><T116/><D116/><U75/><E75/><V14/><F14/><W59/><G59/><T39/><D39/><U131/><E131/><AGARI ba="0,1" hai="25,27,29,30,36,37,41,42,65,66,76,79,128,131" machi="131" ten="25,3200,0" yaku="1,1,22,2,53,0" doraHai="53" doraHaiUra="46" who="3" fromWho="1" sc="259,0,210,-32,306,0,215,42" /><INIT seed="3,0,0,2,4,129" ten="259,178,306,257" oya="3" hai0="127,21,120,133,84,130,113,55,128,103,131,100,102" hai1="12,10,51,119,9,38,56,115,18,27,50,77,79" hai2="29,24,3,135,53,35,57,39,110,82,96,66,63" hai3="42,16,45,28,73,93,78,104,105,65,1,68,107"/><W116/><G116/><T124/><D120/><U34/><E38/><V70/><F3/><W108/><G1/><T22/><D55/><U88/><E115/><V74/><F110/><W26/><G108/><T41/><D41/><U33/><E119/><V52/><F39/><W126/><G126/><N who="0" m="48171" /><D113/><U80/><E9/><V134/><F96/><W37/><G93/><T43/><D43/><U98/><E27/><V32/><F32/><N who="3" m="20503" /><G16/><T0/><D0/><U117/><E117/><V121/><F121/><W58/><G58/><T85/><D133/><N who="2" m="50698" /><F57/><W101/><G78/><AGARI ba="0,0" hai="24,29,35,52,53,63,66,70,74,78,82" m="50698" machi="78" ten="30,8000,1" yaku="20,1,52,3,54,1" doraHai="129" who="2" fromWho="3" sc="259,0,178,0,306,80,257,-80" /><INIT seed="4,0,0,3,2,59" ten="259,178,386,177" oya="0" hai0="87,80,98,39,61,127,94,36,84,14,0,70,64" hai1="6,105,18,112,129,92,43,124,116,2,85,57,24" hai2="91,13,90,48,114,69,65,19,133,31,120,33,108" hai3="50,83,32,55,40,25,119,78,125,123,28,1,100"/><T106/><D0/><U29/><E105/><V74/><F108/><W88/><G119/><T86/><D127/><U10/><E116/><V56/><F120/><W21/><G125/><T42/><D106/><U44/><E129/><V52/><F74/><W7/><G123/><T41/><D80/><U47/><E124/><V9/><F114/><W3/><G40/><T107/><D107/><U15/><E112/><V121/><F121/><W75/><G100/><T93/><D14/><U30/><E57/><V27/><F133/><W26/><G7/><T49/><D49/><U81/><E92/><V4/><F69/><W71/><G71/><T82/><D82/><U110/><E110/><V60/><REACH who="2" step="1"/><F4/><REACH who="2" ten="259,178,376,177" step="2"/><W45/><REACH who="3" step="1"/><G88/><REACH who="3" ten="259,178,376,167" step="2"/><T130/><D130/><U118/><E118/><V89/><F89/><W132/><G132/><T22/><D39/><U63/><E6/><V20/><F20/><W68/><G68/><T62/><D36/><U102/><E102/><V73/><F73/><W16/><AGARI ba="0,2" hai="1,3,16,21,25,26,28,32,45,50,55,75,78,83" machi="16" ten="20,5200,0" yaku="1,1,0,1,7,1,54,1,53,0" doraHai="59" doraHaiUra="109" who="3" fromWho="3" sc="259,-26,178,-13,376,-13,167,72" /><INIT seed="5,0,0,3,5,95" ten="233,165,363,239" oya="1" hai0="32,20,53,134,98,34,65,23,85,42,80,78,96" hai1="92,75,40,30,77,82,17,60,1,81,37,62,19" hai2="52,7,110,109,111,88,123,50,130,83,39,33,35" hai3="71,114,101,58,120,94,14,121,15,124,133,47,84"/><U38/><E1/><V103/><F123/><W89/><G71/><T6/><D134/><U22/><E30/><V118/><F118/><W128/><G114/><T90/><D65/><U12/><E82/><V99/><F130/><W86/><G133/><T16/><D6/><U129/><E129/><V28/><F39/><W10/><G128/><T45/><D53/><U18/><E18/><V117/><F117/><W44/><G124/><T112/><D112/><U55/><E40/><V54/><F7/><W3/><G3/><T27/><D23/><U79/><E79/><V57/><F28/><W72/><G72/><T102/><D78/><U68/><E19/><V87/><REACH who="2" step="1"/><F54/><REACH who="2" ten="233,165,353,239" step="2"/><W106/><G121/><T36/><REACH who="0" step="1"/><D96/><REACH who="0" ten="223,165,353,239" step="2"/><U74/><E55/><V24/><F24/><W93/><G120/><T4/><D4/><U97/><E74/><V46/><F46/><W26/><G47/><T122/><D122/><U76/><E76/><V132/><F132/><W105/><G44/><T59/><D59/><U25/><E25/><V107/><AGARI ba="0,2" hai="33,35,50,52,57,83,87,88,99,103,107,109,110,111" machi="107" ten="30,8000,1" yaku="1,1,0,1,52,1,54,2,53,0" doraHai="95" doraHaiUra="67" who="2" fromWho="2" sc="223,-20,165,-40,353,100,239,-20" /><BYE who="3" /><INIT seed="6,0,0,2,5,8" ten="203,125,453,219" oya="2" hai0="112,68,66,26,21,72,16,81,116,118,110,124,85" hai1="60,5,131,46,50,80,133,18,123,13,119,56,54" hai2="30,127,2,51,58,106,69,49,71,130,121,45,6" hai3="126,125,31,65,11,15,87,75,105,53,83,104,97"/><V19/><F121/><W23/><G23/><UN n3="%70%61%6E%30%39%30%37" /><T55/><D112/><U76/><E131/><V135/><F106/><W4/><G75/><T32/><D110/><U42/><E133/><V59/><F30/><W37/><G37/><T109/><D109/><U64/><E123/><V10/><F130/><W99/><G31/><T98/><D32/><U129/><E129/><V36/><F36/><W88/><G65/><T132/><D132/><U48/><E119/><N who="0" m="45609" /><D124/><N who="3" m="47721" /><G53/><T93/><D72/><U94/><E94/><V108/><F108/><W67/><G67/><T111/><D111/><U84/><E5/><V122/><F6/><W7/><G7/><T82/><D55/><U40/><REACH who="1" step="1"/><E50/><REACH who="1" ten="203,115,453,219" step="2"/><V34/><F51/><W113/><G113/><T29/><D93/><U0/><E0/><V79/><F49/><W128/><G128/><T91/><D82/><U70/><E70/><V27/><F2/><W41/><G41/><T9/><D68/><U24/><E24/><V74/><F27/><W28/><G104/><T35/><D26/><U134/><E134/><V43/><F71/><W117/><G117/><T77/><D81/><U17/><E17/><V12/><F69/><W47/><G105/><T120/><D16/><U92/><E92/><V102/><F19/><W100/><G28/><T89/><D29/><U101/><E101/><V33/><F122/><W95/><G99/><T63/><D98/><U114/><E114/><V20/><F102/><W44/><AGARI ba="0,1" hai="4,11,15,44,47,83,87,88,95,97,100" m="47721" machi="44" ten="30,4000,0" yaku="18,1,52,1,54,1" doraHai="8" who="3" fromWho="3" sc="203,-10,115,-10,453,-20,219,50" /><INIT seed="7,0,0,1,0,96" ten="193,105,433,269" oya="3" hai0="132,39,81,90,88,64,135,7,113,76,92,13,9" hai1="97,63,14,75,109,74,35,15,18,94,36,102,3" hai2="80,115,129,84,23,54,51,31,8,86,91,30,93" hai3="126,119,122,49,68,58,22,56,110,114,16,100,124"/><W121/><G119/><T116/><D116/><U47/><E109/><V57/><F115/><W130/><G114/><T73/><D113/><U103/><E3/><V61/><F129/><W33/><G33/><T85/><D39/><U1/><E1/><V25/><F8/><W82/><G68/><T108/><D64/><U20/><E35/><V67/><F31/><W118/><G118/><T6/><D108/><U78/><E63/><V21/><F21/><W112/><G112/><T28/><D28/><U5/><E78/><N who="2" m="46103" /><F51/><W117/><G117/><T71/><D71/><U127/><E127/><N who="3" m="48682" /><G110/><T0/><D0/><U131/><E131/><V120/><F120/><W98/><G82/><T42/><D42/><U45/><E36/><V83/><F83/><W123/><G49/><T99/><D90/><U24/><E5/><V133/><F133/><N who="0" m="51274" /><D7/><U105/><E15/><V12/><F12/><N who="3" m="9479" /><G130/><T52/><D73/><U55/><E14/><V59/><F59/><W65/><G65/><AGARI ba="0,0" hai="23,25,30,54,57,61,65,67,86,91,93" m="46103" machi="65" ten="30,1000,0" yaku="8,1" doraHai="96" who="2" fromWho="3" sc="193,0,105,0,433,10,269,-10" owari="193,-20.7,105,-39.5,443,54.3,259,5.9" /></mjloggm>