<mjloggm ver="2.3"><GO type="169" lobby="0"/><UN n0="%E3%83%97%E3%83%AC%E3%82%B9%E3%83%97" n1="%6B%75%72%69%73%75" n2="%E8%A1%A8%E7%A4%BA%E4%BE%A1%E6%A0%BC%E3%82%88%E3%82%8A%E5%8D%8A%E9%A1%8D" n3="%E3%83%94%E3%83%B3%E3%82%B5%E3%83%AD%E5%BA%97%E5%93%A1" dan="16,16,16,17" rate="2199.65,2168.64,2057.14,2251.28" sx="M,F,M,M"/><TAIKYOKU oya="0"/><INIT seed="0,0,0,4,1,21" ten="250,250,250,250" oya="0" hai0="50,15,97,0,69,60,29,78,38,106,66,37,41" hai1="90,130,126,96,84,61,52,118,108,65,98,81,85" hai2="88,34,124,16,23,103,2,32,92,107,79,111,72" hai3="45,1,4,11,67,31,44,76,133,113,19,109,24"/><T36/><D0/><U74/><E118/><V3/><F111/><W119/><G113/><T120/><D120/><U70/><E74/><V63/><F124/><W13/><G119/><T75/><D15/><U131/><E108/><V100/><F2/><W54/><G109/><T30/><D78/><U112/><E126/><V40/><F40/><W94/><G133/><T49/><D75/><U127/><E127/><V7/><F103/><W48/><G76/><T117/><D117/><U101/><E112/><V18/><F7/><W59/><G94/><T115/><D115/><U86/><E52/><V25/><F3/><W95/><G95/><T39/><N who="0" m="9216" /><DORA hai="132" /><T125/><D125/><U35/><E35/><V134/><F134/><W77/><G67/><T99/><D106/><U128/><REACH who="1" step="1"/><E98/><REACH who="1" ten="250,240,250,250" step="2"/><N who="2" m="61847" /><F63/><W122/><G122/><T10/><D41/><U91/><E91/><V47/><F47/><W93/><G77/><T14/><D97/><U73/><E73/><V89/><F89/><W22/><REACH who="3" step="1"/><G93/><AGARI ba="0,1" hai="61,65,70,81,84,85,86,90,93,96,101,128,130,131" machi="93" ten="40,5200,0" yaku="1,1,19,1,53,1" doraHai="21,132" doraHaiUra="26,62" who="1" fromWho="3" sc="250,0,240,62,250,0,250,-52" /><INIT seed="1,0,0,4,4,127" ten="250,302,250,198" oya="1" hai0="2,81,75,44,15,59,5,73,121,64,24,61,125" hai1="54,129,26,132,60,126,41,98,30,105,66,114,42" hai2="107,69,19,29,119,109,3,49,108,14,91,37,77" hai3="131,39,9,10,52,57,27,118,53,102,36,78,70"/><U63/><E114/><V103/><F3/><W113/><G70/><T13/><D125/><U106/><E126/><V35/><F37/><W1/><G113/><T12/><D121/><U135/><E54/><V79/><F69/><W72/><G118/><T92/><D24/><U34/><E129/><V21/><F119/><W62/><G102/><T85/><D92/><U74/><E74/><V31/><F49/><W124/><G124/><T23/><D2/><U22/><E22/><V38/><F38/><W89/><G131/><T84/><D23/><U71/><E63/><V122/><F122/><W4/><G10/><T48/><D5/><U130/><E130/><V0/><F0/><W7/><G7/><T32/><D32/><U43/><REACH who="1" step="1"/><E98/><REACH who="1" ten="250,292,250,198" step="2"/><V56/><F35/><W11/><G11/><T134/><D73/><U58/><E58/><V17/><F56/><W97/><G53/><T18/><D75/><U25/><E25/><V80/><F31/><W120/><G27/><T67/><D59/><U95/><E95/><V82/><F29/><W100/><G120/><T99/><D61/><U88/><E88/><V83/><F91/><W65/><G89/><T40/><D99/><U33/><E33/><V116/><F116/><W87/><G72/><T55/><D55/><U133/><AGARI ba="0,1" hai="26,30,34,41,42,43,60,66,71,105,106,132,133,135" machi="133" ten="40,7800,0" yaku="1,1,0,1,20,1,53,0" doraHai="127" doraHaiUra="76" who="1" fromWho="1" sc="250,-26,292,88,250,-26,198,-26" /><INIT seed="1,1,0,4,2,23" ten="224,380,224,172" oya="1" hai0="6,71,9,130,3,44,126,96,129,109,122,135,8" hai1="91,48,132,99,42,46,30,131,74,57,117,95,107" hai2="65,92,78,105,93,116,128,29,86,66,80,10,113" hai3="55,4,56,81,2,58,11,38,49,112,32,21,51"/><U61/><E117/><V40/><F116/><W103/><G112/><T25/><D71/><U54/><E74/><V53/><F113/><W75/><G32/><T88/><D109/><U87/><E131/><N who="0" m="50185" /><D126/><U64/><E132/><V134/><F105/><W70/><G70/><T67/><D135/><U1/><E1/><V59/><F128/><W127/><G127/><T108/><D108/><U16/><E107/><V98/><F40/><W77/><G103/><T14/><D67/><U73/><E73/><V120/><F93/><W115/><G115/><T43/><D122/><U121/><E121/><V37/><F37/><W104/><G104/><T12/><D9/><U100/><E30/><V28/><F120/><W60/><G38/><N who="0" m="21623" /><D25/><U18/><REACH who="1" step="1"/><E64/><REACH who="1" ten="224,370,224,172" step="2"/><N who="2" m="24683" /><F134/><W68/><G68/><T20/><D20/><U31/><E31/><V111/><F10/><W26/><REACH who="3" step="1"/><G58/><REACH who="3" ten="224,370,224,162" step="2"/><T118/><D118/><U90/><E90/><N who="2" m="55575" /><F111/><W41/><G41/><T7/><D88/><U133/><E133/><V34/><F34/><W76/><G76/><T62/><D3/><U27/><E27/><V47/><F47/><W79/><G79/><T52/><D14/><U50/><E50/><AGARI ba="1,2" hai="28,29,50,53,59,78,80,86" m="55575,24683" machi="50" ten="30,1000,0" yaku="8,1" doraHai="23" who="2" fromWho="1" sc="224,0,370,-13,224,33,162,0" /><INIT seed="2,0,0,4,0,62" ten="224,357,257,162" oya="2" hai0="42,89,61,10,100,110,46,84,87,55,3,82,104" hai1="56,112,11,7,127,5,85,2,32,45,115,133,9" hai2="1,39,98,97,34,128,117,134,30,118,47,132,59" hai3="0,107,92,64,33,26,19,21,83,72,121,81,94"/><V69/><F1/><W119/><G119/><N who="2" m="45577" /><F69/><W53/><G107/><T114/><D110/><U31/><E127/><V91/><F34/><W99/><G0/><T60/><D114/><U43/><E133/><N who="2" m="51307" /><F30/><W38/><G121/><T71/><D55/><U65/><E31/><V125/><F125/><W122/><G122/><T111/><D111/><U74/><E32/><V66/><F128/><W78/><G38/><T15/><D3/><U124/><E124/><V8/><F8/><W96/><G33/><T93/><D71/><U106/><E9/><V44/><F39/><W40/><G40/><T101/><D104/><U105/><E7/><V120/><F120/><W63/><G53/><T70/><D70/><U90/><E11/><V129/><F129/><W37/><G83/><T14/><D14/><U76/><E5/><V102/><F91/><W126/><G37/><T80/><D15/><U41/><E90/><V50/><F98/><W4/><G4/><T68/><D10/><U95/><E2/><V88/><F88/><W54/><G54/><T25/><D68/><U13/><E13/><V108/><F108/><W57/><REACH who="3" step="1"/><G126/><REACH who="3" ten="224,357,257,152" step="2"/><T51/><D42/><U27/><E41/><V58/><F50/><W6/><G6/><T49/><D49/><U73/><E43/><V18/><F47/><W116/><G116/><T36/><D36/><U24/><E45/><V35/><F35/><W103/><G103/><T12/><D100/><U109/><E109/><V20/><F44/><W17/><G17/><T29/><D51/><U67/><E115/><V48/><F102/><W113/><G113/><RYUUKYOKU ba="0,1" sc="224,-10,357,-10,257,-10,152,30" hai3="19,21,26,57,63,64,72,78,81,92,94,96,99" /><INIT seed="3,1,1,3,3,0" ten="214,347,247,182" oya="3" hai0="120,30,47,130,122,104,111,83,2,94,14,91,134" hai1="79,92,107,115,10,15,63,27,64,42,132,112,41" hai2="110,85,75,105,116,24,34,33,82,89,124,95,61" hai3="46,70,97,127,103,118,35,25,23,44,5,48,80"/><W4/><G118/><T22/><D2/><U96/><E107/><V45/><F116/><W126/><G70/><T123/><D104/><U65/><E132/><V19/><F105/><N who="3" m="63727" /><G80/><T50/><D111/><U133/><E133/><V117/><F124/><N who="3" m="47659" /><G35/><T125/><D125/><U101/><E79/><V13/><F110/><W66/><G66/><T40/><D130/><U67/><E63/><V135/><F135/><W7/><G48/><T21/><D134/><U52/><E27/><V1/><F61/><W38/><G38/><T43/><D83/><U16/><REACH who="1" step="1"/><E52/><REACH who="1" ten="214,337,247,182" step="2"/><V39/><F117/><W128/><G128/><T73/><D120/><U49/><E49/><V81/><F39/><W20/><G20/><T11/><D22/><U60/><E60/><V12/><F75/><W59/><G59/><T31/><D73/><U93/><E93/><V119/><F95/><W98/><G98/><T68/><D21/><U55/><E55/><V58/><F119/><W51/><G51/><T56/><D56/><U3/><E3/><V108/><F58/><W106/><G106/><T99/><D68/><U6/><E6/><V86/><F108/><W18/><AGARI ba="1,2" hai="4,5,7,18,23,25,44,46" m="47659,63727" machi="18" ten="30,11700,0" yaku="18,1,52,3" doraHai="0" who="3" fromWho="3" sc="214,-40,337,-40,247,-40,182,140" /><INIT seed="3,2,0,4,1,122" ten="174,297,207,322" oya="3" hai0="75,41,120,74,81,19,119,52,108,0,66,94,53" hai1="133,128,134,18,101,59,15,110,77,39,98,116,129" hai2="17,109,132,25,79,71,13,32,69,131,117,100,22" hai3="78,104,56,65,16,54,3,61,103,29,26,96,107"/><W31/><G3/><T6/><D119/><U84/><E39/><V2/><F117/><W111/><G78/><T4/><D120/><U21/><E116/><V123/><F123/><W68/><G107/><T43/><D66/><U115/><E115/><V118/><F118/><W38/><G38/><T67/><D67/><U86/><E59/><V34/><F132/><N who="1" m="50793" /><E77/><V24/><F131/><N who="1" m="50249" /><E110/><V73/><F2/><W85/><G85/><T11/><D94/><AGARI ba="2,0" hai="15,18,21,84,86,94,98,101" m="50249,50793" machi="94" ten="30,2000,0" yaku="20,1,19,1" doraHai="122" who="1" fromWho="0" sc="174,-26,297,26,207,0,322,0" /><INIT seed="4,0,0,5,2,111" ten="148,323,207,322" oya="0" hai0="60,19,56,112,107,62,92,84,18,98,11,63,95" hai1="13,97,58,0,102,90,61,22,39,14,65,81,120" hai2="21,57,99,33,70,40,12,59,1,109,25,125,103" hai3="82,133,50,66,106,80,23,132,55,16,28,72,118"/><T77/><D107/><U47/><E0/><V6/><F109/><W54/><G118/><T101/><D112/><U100/><E120/><V78/><F70/><W76/><G106/><T34/><D34/><U7/><E39/><V53/><F78/><W43/><G66/><T123/><D123/><U83/><E47/><V17/><F40/><W108/><G108/><T122/><D122/><U91/><E91/><V93/><F125/><W48/><G28/><T110/><D110/><U130/><E130/><V114/><F114/><W4/><G4/><T15/><D19/><N who="1" m="10607" /><E90/><V9/><REACH who="2" step="1"/><F53/><REACH who="2" ten="148,323,197,322" step="2"/><W49/><G43/><T115/><D115/><U127/><E127/><V88/><F88/><W119/><G54/><N who="0" m="33815" /><D95/><N who="1" m="58431" /><E102/><V24/><F24/><W31/><G55/><T75/><D75/><U96/><E96/><V67/><F67/><W37/><G72/><T42/><D42/><U135/><E135/><V85/><F85/><W71/><G71/><T29/><D29/><AGARI ba="0,1" hai="1,6,9,12,17,21,25,29,33,57,59,93,99,103" machi="29" ten="40,8000,1" yaku="1,1,24,2,53,1" doraHai="111" doraHaiUra="30" who="2" fromWho="0" sc="148,-80,323,0,197,90,322,0" /><INIT seed="5,0,0,3,0,13" ten="68,323,287,322" oya="1" hai0="1,32,21,84,66,83,71,36,76,135,50,91,39" hai1="105,45,38,131,26,28,0,59,6,18,54,12,96" hai2="72,8,116,24,15,126,73,23,109,118,132,86,46" hai3="112,81,102,65,70,58,40,52,87,90,117,74,27"/><U104/><E131/><V63/><F109/><W56/><G112/><T61/><D135/><U129/><E129/><V48/><F132/><W127/><G127/><T64/><D32/><U95/><E6/><V16/><F126/><W49/><G117/><T114/><D1/><U120/><E0/><V60/><F118/><W122/><G122/><T85/><D114/><U130/><E120/><V115/><F115/><W93/><G70/><T100/><D100/><U79/><E79/><V11/><F11/><W125/><G125/><T124/><D124/><U128/><E128/><V33/><F33/><W31/><G40/><T67/><D67/><U89/><E45/><V34/><F34/><W30/><G27/><T4/><D4/><U134/><E38/><V19/><F86/><W51/><G74/><T22/><D66/><U20/><E134/><V75/><REACH who="2" step="1"/><F116/><REACH who="2" ten="68,323,277,322" step="2"/><W113/><G113/><T43/><D22/><U108/><E108/><V44/><F44/><W42/><G42/><AGARI ba="0,1" hai="8,15,16,19,23,24,42,46,48,60,63,72,73,75" machi="42" ten="40,8000,1" yaku="1,1,52,2,54,1,53,0" doraHai="13" doraHaiUra="119" who="2" fromWho="3" sc="68,0,323,0,277,90,322,-80" /><INIT seed="6,0,0,3,1,25" ten="68,323,367,242" oya="2" hai0="45,19,13,99,43,55,98,81,80,47,70,84,42" hai1="118,10,1,64,96,23,125,104,95,67,37,135,133" hai2="22,18,57,0,35,20,88,54,40,15,63,76,38" hai3="72,113,7,94,120,93,11,106,62,121,131,71,87"/><V114/><F0/><W65/><G72/><T85/><D70/><U56/><E118/><V128/><F35/><W30/><G106/><T68/><D68/><U6/><E37/><V46/><F114/><W90/><G131/><T97/><D55/><U77/><E104/><V108/><F108/><W102/><G113/><T29/><D19/><U69/><E69/><V31/><F76/><W49/><G49/><T8/><D13/><U117/><E117/><V61/><F128/><W123/><G102/><T2/><D2/><U91/><E125/><V32/><F32/><W52/><G52/><T112/><D112/><U59/><E77/><V41/><F41/><W100/><G100/><T27/><D27/><U17/><E59/><V48/><F31/><W103/><G103/><T24/><D24/><U78/><E78/><V126/><F126/><W79/><G79/><T122/><D8/><U4/><E4/><V66/><F22/><W119/><G119/><T115/><D115/><U74/><E74/><V39/><REACH who="2" step="1"/><F88/><REACH who="2" ten="68,323,357,242" step="2"/><W14/><REACH who="3" step="1"/><G30/><REACH who="3" ten="68,323,357,232" step="2"/><T92/><D29/><U16/><E133/><V127/><F127/><W89/><G89/><T44/><D122/><U132/><E132/><V134/><F134/><W36/><G36/><T21/><D21/><U34/><E34/><V86/><F86/><N who="0" m="33386" /><D92/><AGARI ba="0,2" hai="7,11,14,62,65,71,87,90,92,93,94,120,121,123" machi="92" ten="40,1300,0" yaku="1,1,53,0" doraHai="25" doraHaiUra="111" who="3" fromWho="0" sc="68,-13,323,0,357,0,232,33" /><INIT seed="7,0,0,5,1,114" ten="55,323,357,265" oya="3" hai0="26,75,18,7,33,39,121,64,21,81,43,84,58" hai1="57,129,101,125,115,35,96,2,120,17,80,85,106" hai2="135,69,110,134,77,44,6,132,36,23,127,15,45" hai3="61,133,103,111,72,42,105,79,122,82,130,95,3"/><W67/><G122/><T5/><D75/><U107/><E120/><V102/><F127/><W55/><G3/><T50/><D121/><U53/><E35/><V126/><F126/><W0/><G0/><T71/><D33/><U9/><E125/><V94/><F69/><W4/><G4/><T59/><D59/><U56/><E115/><V124/><F110/><W28/><G111/><T97/><D97/><U12/><E129/><V24/><F124/><W68/><G130/><T27/><D71/><U62/><E2/><V8/><F77/><W78/><G133/><T113/><D113/><U40/><E40/><V37/><F94/><W100/><G105/><T109/><D109/><U60/><E107/><V70/><F102/><W66/><G66/><T92/><D92/><U20/><E9/><V86/><F86/><W89/><G79/><T52/><D64/><U13/><E13/><V123/><F70/><W11/><G11/><T128/><D128/><U49/><REACH who="1" step="1"/><E57/><REACH who="1" ten="55,313,357,265" step="2"/><V119/><F123/><W88/><G42/><T91/><D27/><U65/><E65/><V112/><F112/><W83/><G55/><T46/><D58/><U51/><E51/><V48/><F48/><W30/><G103/><T74/><D74/><U29/><E29/><N who="2" m="17567" /><F37/><W63/><G63/><T16/><D39/><U22/><E22/><V32/><F36/><W90/><REACH who="3" step="1"/><G83/><REACH who="3" ten="55,313,357,255" step="2"/><T76/><D43/><U116/><E116/><V108/><F119/><W25/><G25/><N who="0" m="14503" /><D76/><AGARI ba="0,2" hai="12,17,20,49,53,56,60,62,76,80,85,96,101,106" machi="76" ten="30,3900,0" yaku="1,1,7,1,53,1" doraHai="114" doraHaiUra="19" who="1" fromWho="0" sc="55,-39,313,59,357,0,255,0" owari="16,-48.4,372,47.2,357,15.7,255,-14.5" /></mjloggm>