<mjloggm ver="2.3"><GO type="169" lobby="0"/><UN n0="%6F%6B%62%6F%6B%62" n1="%E4%B8%83%E8%8D%89%E9%A6%99%E6%BE%84" n2="%4B%69%74%61%6D%75%72%61" n3="%E3%81%93%E3%81%9A" dan="17,16,18,17" rate="2203.49,2172.78,2286.66,2205.21" sx="M,F,F,M"/><TAIKYOKU oya="0"/><INIT seed="0,0,0,0,2,127" ten="250,250,250,250" oya="0" hai0="125,120,115,54,69,12,15,99,112,106,40,93,33" hai1="97,53,70,118,134,131,113,117,5,108,7,61,101" hai2="107,123,121,86,68,65,109,75,42,36,0,98,16" hai3="128,71,57,47,129,133,4,73,88,59,51,8,6"/><T55/><D120/><U44/><E108/><V60/><F0/><W104/><G73/><T46/><D125/><U2/><E134/><V80/><F109/><W105/><G133/><T50/><D106/><U14/><E2/><V43/><F43/><W41/><G71/><T56/><D33/><U130/><E113/><V63/><F63/><W37/><G88/><T102/><D69/><U76/><E76/><V77/><F86/><W67/><G4/><N who="1" m="1610" /><E14/><V110/><F16/><W126/><G126/><T17/><D15/><U18/><E18/><V38/><F110/><W31/><G31/><T29/><D29/><U19/><E19/><V72/><F72/><W26/><G26/><T124/><D54/><U27/><E27/><V83/><F83/><W22/><G22/><T21/><REACH who="0" step="1"/><D124/><REACH who="0" ten="240,250,250,250" step="2"/><U10/><E70/><V84/><F107/><W91/><G105/><T23/><D23/><U66/><E10/><V132/><F123/><W116/><G104/><T82/><D82/><U114/><E114/><V39/><F121/><W58/><G116/><T96/><D96/><U11/><E11/><V52/><F98/><W78/><G8/><T92/><D92/><N who="1" m="58535" /><E53/><V3/><F132/><W79/><G67/><T34/><D34/><U90/><E117/><V24/><F52/><W45/><G41/><T81/><D81/><U89/><E118/><V35/><F42/><W48/><G58/><T62/><AGARI ba="0,1" hai="12,17,21,40,46,50,55,56,62,93,99,102,112,115" machi="62" ten="20,3900,0" yaku="1,1,0,1,7,1,53,0" doraHai="127" doraHaiUra="32" who="0" fromWho="0" sc="240,49,250,-13,250,-13,250,-13" /><INIT seed="0,1,0,5,1,0" ten="289,237,237,237" oya="0" hai0="101,2,4,85,114,95,28,107,82,113,116,39,6" hai1="46,104,9,66,135,59,73,52,65,8,64,79,134" hai2="76,67,118,11,131,83,18,100,54,33,1,7,55" hai3="14,112,74,50,120,128,91,123,94,19,108,24,34"/><T80/><D39/><U96/><E73/><V63/><F131/><W22/><G112/><T31/><D2/><U81/><E46/><V87/><F118/><W48/><G74/><T125/><D116/><U71/><E71/><V44/><F33/><W41/><G128/><T29/><D107/><U90/><E104/><V99/><F18/><W60/><G108/><T38/><D38/><U36/><E36/><V106/><REACH who="2" step="1"/><F44/><REACH who="2" ten="289,237,227,237" step="2"/><W5/><G34/><T27/><D113/><U13/><E135/><V47/><F47/><W103/><G120/><T56/><D114/><U77/><E134/><V70/><AGARI ba="1,1" hai="1,7,11,54,55,63,67,70,76,83,87,99,100,106" machi="70" ten="20,8000,1" yaku="1,1,0,1,7,1,52,1,53,1" doraHai="0" doraHaiUra="32" who="2" fromWho="2" sc="289,-41,237,-21,227,93,237,-21" /><INIT seed="1,0,0,1,4,61" ten="248,216,320,216" oya="1" hai0="75,99,40,30,62,3,107,33,58,101,13,7,102" hai1="1,82,41,8,128,9,105,122,133,32,93,49,20" hai2="26,123,125,134,129,84,10,18,47,104,14,22,94" hai3="126,50,65,86,43,19,130,15,6,95,88,63,77"/><U111/><E122/><V53/><F123/><W11/><G126/><T5/><D75/><U66/><E105/><V4/><F125/><W44/><G130/><T135/><D3/><U127/><E127/><V17/><F104/><W96/><G77/><T29/><D135/><U120/><E120/><V92/><F129/><W42/><G42/><T112/><D101/><U72/><E128/><V132/><F132/><W100/><G6/><T36/><D33/><U54/><E133/><V108/><F108/><W113/><G113/><T48/><D36/><U98/><E32/><V2/><F84/><W87/><REACH who="3" step="1"/><G100/><REACH who="3" ten="248,216,320,206" step="2"/><T79/><D79/><U131/><E41/><V71/><F134/><W45/><G45/><T56/><D40/><U110/><E131/><V16/><F47/><W83/><G83/><T124/><D7/><U67/><E82/><V78/><F78/><W90/><G90/><T121/><D112/><U80/><E80/><V37/><F4/><W74/><G74/><T103/><D102/><N who="1" m="60751" /><E72/><V12/><F37/><W118/><G118/><T91/><D91/><U38/><E38/><V39/><F39/><W73/><G73/><T24/><D124/><U31/><E111/><V69/><F2/><W116/><G116/><T35/><D103/><U55/><E110/><V46/><F46/><W57/><AGARI ba="0,1" hai="11,15,19,43,44,50,57,63,65,86,87,88,95,96" machi="57" ten="20,12000,2" yaku="1,1,0,1,7,1,8,1,52,1,54,1,53,0" doraHai="61" doraHaiUra="97" who="3" fromWho="3" sc="248,-30,216,-60,320,-30,206,130" /><INIT seed="2,0,0,2,3,75" ten="218,156,290,336" oya="2" hai0="73,13,86,29,44,74,10,93,57,18,130,6,124" hai1="64,49,105,96,19,78,1,31,122,67,79,4,51" hai2="80,53,0,118,97,109,133,112,41,90,48,55,126" hai3="20,85,50,54,81,117,35,113,2,45,131,3,42"/><V89/><F112/><W119/><G35/><T5/><D130/><U30/><E122/><V11/><F118/><W111/><G131/><T72/><D29/><N who="1" m="10763" /><E1/><V69/><F69/><W116/><G113/><T59/><D124/><U33/><E33/><V129/><F129/><W115/><G115/><T104/><D104/><U37/><E37/><V39/><F126/><W99/><G99/><T40/><D6/><U46/><E4/><V114/><F114/><W16/><G42/><T110/><D5/><U22/><E105/><V83/><F39/><W77/><REACH who="3" step="1"/><G111/><REACH who="3" ten="218,156,290,326" step="2"/><T134/><D110/><U103/><E96/><V95/><F109/><W7/><G7/><T62/><D134/><U94/><E103/><V121/><F133/><W128/><G128/><T38/><D62/><U21/><E49/><V127/><F48/><W102/><G102/><T100/><D100/><U66/><E51/><V71/><F127/><W17/><G17/><T76/><REACH who="0" step="1"/><D93/><REACH who="0" ten="208,156,290,326" step="2"/><U91/><E94/><V56/><F95/><W52/><G52/><T8/><D8/><U70/><E19/><V61/><F55/><W58/><G58/><T15/><D15/><AGARI ba="0,2" hai="2,3,15,16,20,45,50,54,77,81,85,116,117,119" machi="15" ten="40,8000,1" yaku="1,1,52,1,54,1,53,1" doraHai="75" doraHaiUra="12" who="3" fromWho="0" sc="208,-80,156,0,290,0,326,100" /><INIT seed="3,0,0,1,2,18" ten="128,156,290,426" oya="3" hai0="22,21,90,78,29,47,38,75,27,120,84,95,46" hai1="24,40,99,67,70,121,131,119,9,73,52,128,85" hai2="17,43,124,100,80,86,94,12,11,117,59,130,97" hai3="55,56,54,23,72,125,113,36,112,30,13,126,102"/><W88/><G72/><T82/><D120/><U19/><E121/><V132/><F132/><W0/><G0/><T4/><D4/><U44/><E73/><V93/><F130/><N who="1" m="49705" /><E119/><V50/><F124/><N who="3" m="47723" /><G36/><T65/><D65/><U5/><E99/><V92/><F117/><W39/><G39/><T109/><D109/><U66/><E85/><V83/><F83/><W74/><G74/><T111/><D111/><U62/><E67/><V129/><F129/><W71/><G71/><T123/><D123/><U69/><E24/><V104/><F104/><W81/><G102/><T79/><D79/><U63/><E19/><V33/><F33/><W68/><G68/><N who="1" m="26218" /><E66/><V49/><F49/><N who="3" m="30799" /><G55/><T98/><D38/><N who="1" m="21527" /><E52/><N who="2" m="32151" /><F43/><W106/><G106/><T108/><D108/><U77/><E77/><AGARI ba="0,0" hai="11,12,17,77,80,86,92,93,94,97,100" m="32151" machi="77" ten="30,2000,0" yaku="8,1,54,1" doraHai="18" who="2" fromWho="1" sc="128,0,156,-20,290,20,426,0" /><INIT seed="4,0,0,2,1,32" ten="128,136,310,426" oya="0" hai0="50,10,135,106,99,17,77,129,132,68,66,74,88" hai1="65,110,101,84,111,87,117,44,130,127,64,61,107" hai2="114,122,41,124,46,79,53,3,47,19,103,37,112" hai3="109,85,81,115,134,45,55,58,11,48,40,76,128"/><T28/><D28/><U116/><E44/><V49/><F103/><W15/><G109/><N who="1" m="41482" /><E61/><V95/><F95/><W57/><G115/><N who="2" m="44073" /><F79/><W2/><G134/><N who="0" m="51243" /><D129/><U56/><E56/><V71/><F19/><W22/><G128/><T16/><D106/><U25/><E25/><V27/><F27/><W31/><G2/><T23/><D66/><N who="1" m="25707" /><E101/><V89/><F89/><W9/><G57/><T24/><D68/><U105/><E130/><V118/><F3/><W91/><G31/><N who="0" m="17823" /><D50/><U1/><E127/><V123/><F71/><W63/><G91/><T14/><D77/><U113/><E1/><V38/><F124/><W30/><G30/><T36/><D36/><N who="2" m="13930" /><F118/><N who="1" m="45673" /><E113/><V83/><F83/><W13/><G13/><T5/><D74/><U6/><E6/><V78/><F78/><W94/><G94/><AGARI ba="0,0" hai="5,10,14,16,17,88,94,99" m="17823,51243" machi="94" ten="30,5800,0" yaku="20,1,54,2" doraHai="32" who="0" fromWho="3" sc="128,58,136,0,310,0,426,-58" /><INIT seed="4,1,0,2,5,34" ten="186,136,310,368" oya="0" hai0="101,59,104,88,57,103,2,1,107,111,112,122,84" hai1="11,82,50,6,97,24,67,102,105,86,22,19,95" hai2="41,9,62,39,43,109,12,37,27,60,18,113,119" hai3="133,14,53,48,21,31,8,70,51,26,81,52,89"/><T129/><D112/><U44/><E67/><V13/><F109/><W117/><G117/><T126/><D111/><U96/><E82/><V125/><F113/><W90/><G133/><T115/><D115/><U75/><E75/><V5/><F119/><W0/><G70/><T100/><D122/><U72/><E72/><V40/><F125/><W35/><G35/><T56/><D126/><U23/><E86/><V87/><F27/><W55/><G0/><T45/><D45/><U61/><E61/><V28/><F28/><W49/><REACH who="3" step="1"/><G81/><REACH who="3" ten="186,136,310,358" step="2"/><T127/><D127/><U77/><E77/><V7/><F39/><W121/><G121/><T106/><D129/><U110/><E110/><V85/><F37/><W15/><G15/><T74/><D74/><U80/><E80/><AGARI ba="1,1" hai="1,2,56,57,59,80,84,88,100,101,103,104,106,107" machi="80" ten="50,12000,1" yaku="29,2,52,2,54,1" doraHai="34" who="0" fromWho="1" sc="186,133,136,-123,310,0,358,0" /><INIT seed="4,2,0,4,1,8" ten="319,13,310,358" oya="0" hai0="114,129,33,1,49,112,74,10,133,80,9,128,127" hai1="64,16,88,68,35,132,48,72,93,86,2,103,109" hai2="26,39,41,51,19,94,82,22,101,6,56,61,90" hai3="52,79,13,97,89,108,34,12,58,65,84,59,73"/><T106/><D106/><U134/><E109/><V113/><F113/><N who="0" m="43626" /><D33/><U20/><E72/><V75/><F39/><W122/><G108/><T92/><D1/><U5/><E35/><V3/><F101/><W98/><G34/><T126/><D92/><U7/><E103/><V83/><F75/><W45/><G73/><T66/><D49/><U46/><E68/><V131/><F131/><N who="0" m="50250" /><D66/><U70/><E64/><N who="2" m="38951" /><F3/><W69/><G79/><N who="0" m="44151" /><D133/><N who="1" m="51307" /><E2/><V111/><F111/><W15/><G122/><T53/><D53/><N who="1" m="29847" /><E70/><V47/><F6/><W28/><G69/><T119/><D119/><U81/><E93/><V115/><F115/><W77/><G65/><T37/><D37/><U105/><E105/><V17/><F83/><N who="3" m="49311" /><G77/><T50/><D50/><U55/><E55/><V24/><F82/><W60/><G45/><T14/><D10/><U23/><E23/><N who="2" m="13423" /><F94/><W130/><G130/><T85/><D85/><U100/><E100/><V18/><F90/><W54/><G28/><AGARI ba="2,0" hai="18,19,22,26,28,41,47,51" m="13423,38951" machi="28" ten="30,1000,0" yaku="8,1" doraHai="8" who="2" fromWho="3" sc="319,0,13,0,310,16,358,-16" /><INIT seed="5,0,0,1,1,99" ten="319,13,326,342" oya="1" hai0="46,9,92,125,4,14,103,80,74,6,112,41,63" hai1="8,62,37,96,22,59,130,104,45,110,43,120,85" hai2="56,102,36,23,38,84,118,122,98,114,32,129,17" hai3="12,72,3,68,61,29,57,117,89,28,116,133,60"/><U52/><E120/><V47/><F122/><W48/><G3/><T70/><D112/><U123/><E123/><V26/><F118/><N who="3" m="45675" /><G72/><T75/><D125/><U13/><E130/><V83/><F129/><W119/><N who="3" m="45683" /><W65/><DORA hai="25" /><G133/><T94/><D6/><U67/><E110/><V134/><F134/><W91/><G48/><T121/><D121/><U111/><E111/><V97/><F114/><W108/><G108/><T42/><D42/><U33/><E33/><V93/><F32/><W53/><G12/><T127/><D127/><U81/><E22/><V64/><F47/><W76/><G76/><T5/><D5/><U40/><E40/><V21/><F21/><W50/><G50/><T115/><D115/><U19/><E104/><V113/><F113/><W73/><G73/><T135/><D135/><U30/><E96/><N who="2" m="59663" /><F38/><W82/><G82/><T15/><D15/><U16/><E30/><AGARI ba="0,0" hai="28,29,30,53,57,60,61,65,68,89,91" m="45683" machi="30" ten="40,8000,1" yaku="12,1,52,3" doraHai="99,25" who="3" fromWho="1" sc="319,0,13,-80,326,0,342,80" owari="319,-8.1,-67,-56.7,326,12.6,422,52.2" /></mjloggm>