<mjloggm ver="2.3"><GO type="225" lobby="0"/><UN n0="%70%68%65%6E%6F%6D%65" n1="%E3%81%8B%E3%82%8F%E3%81%A1%E3%82%83%E3%82%93%35%38" n2="%E3%81%BF%E3%81%BF%E3%81%9A" n3="%E5%8C%97%E6%AC%A7%E3%81%AE%E3%82%82%E3%81%93%E3%81%86" dan="16,16,17,16" rate="2178.26,2151.23,2258.45,2120.97" sx="M,M,M,M"/><TAIKYOKU oya="0"/><INIT seed="0,0,0,5,4,50" ten="250,250,250,250" oya="0" hai0="66,101,21,32,117,31,133,38,76,128,39,56,43" hai1="55,14,130,112,75,54,41,107,119,10,63,78,84" hai2="82,120,131,124,70,48,118,25,116,87,64,90,12" hai3="28,19,73,33,104,17,16,69,103,123,89,4,5"/><T34/><D117/><N who="2" m="45162" /><F120/><W15/><G69/><T47/><D39/><U77/><E119/><V8/><F124/><W102/><G73/><T100/><D76/><U67/><E107/><V113/><F131/><W40/><G40/><T42/><D43/><U83/><E130/><V3/><F113/><W127/><G127/><T88/><D128/><U106/><E106/><V74/><F3/><W98/><G123/><T91/><D21/><U80/><E41/><V92/><F48/><W45/><G45/><T22/><D22/><U6/><REACH who="1" step="1"/><E112/><REACH who="1" ten="250,240,250,250" step="2"/><V29/><F70/><AGARI ba="0,1" hai="6,10,14,54,55,63,67,70,75,77,78,80,83,84" machi="70" ten="30,8000,1" yaku="1,1,2,1,7,1,52,2,53,0" doraHai="50" doraHaiUra="13" who="1" fromWho="2" sc="250,0,240,90,250,-80,250,0" /><INIT seed="1,0,0,5,5,91" ten="250,330,170,250" oya="1" hai0="69,82,74,19,110,124,122,32,93,58,63,51,85" hai1="134,89,127,47,88,78,30,23,92,31,60,66,125" hai2="12,128,29,130,119,45,117,9,120,8,54,50,64" hai3="55,43,15,52,44,0,46,96,67,5,65,77,40"/><U62/><E134/><V103/><F120/><W135/><G0/><T28/><D122/><U87/><E78/><V53/><F64/><N who="3" m="24651" /><G77/><T39/><D39/><U133/><E133/><V10/><F29/><W113/><G135/><T6/><D110/><U83/><E47/><N who="3" m="17962" /><G113/><T27/><D51/><U102/><E102/><V16/><F103/><W123/><G123/><T94/><D74/><U41/><E41/><N who="3" m="15946" /><G96/><T84/><D69/><U21/><E31/><V68/><F68/><W114/><G114/><T59/><D6/><U118/><E118/><V61/><F61/><W18/><G5/><T34/><D32/><U132/><E132/><V22/><REACH who="2" step="1"/><F54/><REACH who="2" ten="250,330,160,250" step="2"/><N who="3" m="20523" /><G15/><T14/><D14/><U75/><E30/><V37/><F37/><W48/><G18/><T3/><D19/><U36/><E36/><V11/><N who="2" m="2048" /><DORA hai="71" /><V107/><F107/><W109/><G109/><T38/><D38/><U4/><E4/><V13/><F13/><W116/><G116/><AGARI ba="0,1" hai="12,16,22,45,50,53,116,117,119,128,130" m="2048" machi="116" ten="60,3900,0" yaku="1,1,54,1,53,0" doraHai="91,71" doraHaiUra="76,72" who="2" fromWho="3" sc="250,0,330,0,160,49,250,-39" /><INIT seed="2,0,0,0,0,93" ten="250,330,209,211" oya="2" hai0="48,26,7,97,103,125,19,84,131,8,13,95,102" hai1="29,30,71,31,21,68,45,49,77,126,104,80,40" hai2="63,3,14,107,12,88,99,34,124,10,60,37,50" hai3="17,51,89,74,132,113,92,87,79,83,94,53,47"/><V35/><F37/><W36/><G132/><T54/><D125/><U72/><E126/><V75/><F124/><W9/><G113/><T129/><D102/><U90/><E104/><V86/><F75/><W67/><G36/><T59/><D84/><U76/><E76/><V57/><F3/><W135/><G135/><T116/><D116/><U43/><E43/><V110/><F110/><W32/><G32/><T85/><D85/><U91/><REACH who="1" step="1"/><E21/><REACH who="1" ten="250,320,209,211" step="2"/><V96/><F107/><W16/><G79/><T44/><D26/><U78/><E78/><V6/><F34/><W22/><G74/><T15/><REACH who="0" step="1"/><D44/><REACH who="0" ten="240,320,209,211" step="2"/><U122/><E122/><V130/><F35/><W66/><G66/><T39/><D39/><U33/><E33/><V98/><F130/><W4/><G67/><T118/><D118/><U105/><E105/><V73/><F73/><W64/><G64/><T111/><D111/><U0/><E0/><V41/><F14/><N who="3" m="7247" /><G4/><T25/><D25/><AGARI ba="0,2" hai="17,22,25,47,51,53,83,87,89,92,94" m="7247" machi="25" ten="30,3900,0" yaku="25,1,8,1,54,1" doraHai="93" who="3" fromWho="0" sc="240,-39,320,0,209,0,211,59" /><INIT seed="3,0,0,2,1,62" ten="201,320,209,270" oya="3" hai0="14,55,76,38,11,16,28,108,25,77,84,90,82" hai1="74,129,126,8,97,100,105,125,78,116,51,94,79" hai2="49,130,93,9,92,53,65,12,134,72,123,121,103" hai3="68,20,96,60,33,119,63,3,66,102,91,47,59"/><W95/><G119/><T115/><D108/><U87/><E116/><V118/><F118/><W69/><G33/><T45/><D115/><U52/><E129/><V6/><F130/><W17/><G3/><T36/><D38/><U58/><E8/><V32/><F134/><W27/><G47/><T41/><D55/><U127/><E74/><V110/><F110/><W67/><G102/><T37/><D37/><U132/><E132/><V19/><F65/><W117/><G117/><T101/><D101/><U99/><E87/><V24/><F72/><W39/><G39/><T50/><D36/><U61/><E61/><V18/><F32/><AGARI ba="0,0" hai="11,14,16,25,28,32,41,45,50,76,77,82,84,90" machi="32" ten="30,2000,0" yaku="7,1,54,1" doraHai="62" who="0" fromWho="2" sc="201,20,320,0,209,-20,270,0" owari="221,-17.9,320,42.0,189,-31.1,270,7.0" /></mjloggm>