<mjloggm ver="2.3"><GO type="169" lobby="0"/><UN n0="%E6%9C%A8%E5%8E%9F%E8%B1%AA%E4%B8%80" n1="%E7%A8%B2%E5%A6%BB%E3%81%A1%E3%82%83%E3%81%A3%E3%81%B4%E3%83%BC" n2="%69%77%61%69%77%61" n3="%E6%82%94%E3%81%84%E3%82%BF%E3%83%B3" dan="16,17,17,17" rate="2165.48,2164.47,2226.67,2199.82" sx="M,M,M,M"/><TAIKYOKU oya="0"/><INIT seed="0,0,0,0,2,1" ten="250,250,250,250" oya="0" hai0="53,54,94,52,107,123,125,92,86,32,29,60,135" hai1="97,34,13,44,30,131,37,80,71,130,56,134,121" hai2="47,79,104,2,127,4,78,58,16,26,66,48,3" hai3="129,76,106,102,17,90,72,61,119,39,51,22,5"/><T114/><D114/><U124/><E71/><V116/><F104/><W95/><G39/><T15/><D123/><U0/><E0/><V132/><F132/><W112/><G119/><T128/><D107/><U84/><E121/><V11/><F127/><W73/><G112/><T96/><D135/><U27/><E124/><V81/><F2/><W63/><G129/><T110/><D125/><U120/><E120/><V108/><F108/><W85/><G51/><T9/><D128/><U105/><E134/><V46/><F116/><W101/><G101/><T67/><D110/><U8/><E56/><V40/><F46/><W111/><G73/><T10/><D10/><U82/><E82/><V117/><F117/><W133/><G111/><T91/><D29/><U98/><E37/><V68/><F68/><W100/><G100/><T23/><D23/><U38/><E105/><V65/><F78/><W21/><G5/><N who="0" m="3503" /><D32/><U59/><E59/><V64/><F58/><W75/><G22/><T77/><D77/><U122/><E122/><V109/><F109/><W6/><G75/><T12/><D12/><U89/><E130/><V118/><F118/><W36/><G36/><T55/><N who="0" m="13312" /><DORA hai="115" /><T28/><D28/><U42/><REACH who="1" step="1"/><E131/><REACH who="1" ten="250,240,250,250" step="2"/><V45/><F45/><W99/><G133/><T93/><D93/><U83/><E83/><V126/><F126/><W7/><G61/><T70/><D92/><U18/><AGARI ba="0,1" hai="8,13,18,27,30,34,38,42,44,80,84,89,97,98" machi="18" ten="20,5200,0" yaku="1,1,0,1,7,1,53,1" doraHai="1,115" doraHaiUra="49,24" who="1" fromWho="1" sc="250,-26,240,62,250,-13,250,-13" /><INIT seed="1,0,0,3,3,12" ten="224,302,237,237" oya="1" hai0="92,62,52,27,83,135,36,96,81,95,131,129,80" hai1="7,60,133,107,0,108,41,113,26,132,22,23,101" hai2="86,118,67,42,75,44,91,115,15,43,119,6,127" hai3="74,114,89,110,24,103,79,10,122,35,116,98,87"/><U100/><E113/><V76/><F115/><W17/><G114/><T117/><D117/><U45/><E108/><V70/><F127/><W73/><G122/><T32/><D36/><U120/><E120/><V46/><F75/><W21/><G110/><T50/><D62/><U25/><E60/><V14/><F76/><W128/><G128/><N who="0" m="49227" /><D135/><N who="1" m="51787" /><E7/><V20/><F70/><W33/><G116/><T72/><D72/><U64/><E0/><V31/><F67/><W97/><G10/><T94/><D27/><N who="1" m="10251" /><E64/><V51/><F31/><W55/><G74/><T93/><D32/><U112/><E112/><V58/><F58/><W121/><G121/><T125/><D125/><U99/><E101/><V134/><F15/><W48/><G79/><T123/><D123/><U30/><E30/><V1/><F1/><W56/><G73/><T39/><D39/><AGARI ba="0,0" hai="22,23,39,41,45,99,100,107" m="10251,51787" machi="39" ten="30,1500,0" yaku="20,1" doraHai="12" who="1" fromWho="0" sc="224,-15,302,15,237,0,237,0" /><INIT seed="1,1,0,2,4,9" ten="209,317,237,237" oya="1" hai0="55,16,132,64,17,18,128,89,118,49,74,86,14" hai1="82,28,7,45,44,15,63,43,106,108,117,76,96" hai2="52,56,84,11,99,122,21,42,61,25,103,1,115" hai3="72,92,0,34,134,59,71,68,32,97,70,46,87"/><U102/><E117/><V30/><F122/><W79/><G72/><T112/><D112/><U135/><E28/><V119/><F115/><W29/><G0/><T66/><D74/><U41/><E135/><V19/><F119/><W116/><G134/><T62/><D118/><U58/><E108/><V77/><F42/><W53/><G46/><T121/><D132/><U60/><E44/><V8/><F1/><W78/><G116/><T100/><D100/><U31/><E31/><V126/><F126/><W83/><G79/><T36/><D36/><U111/><E111/><V94/><REACH who="2" step="1"/><F30/><REACH who="2" ten="209,317,227,237" step="2"/><W54/><G29/><T104/><D121/><U88/><E43/><V22/><F22/><W3/><G3/><T50/><D128/><U93/><E41/><V57/><F57/><W12/><G59/><T65/><D55/><U69/><E45/><V48/><F48/><N who="0" m="18538" /><D62/><U35/><E69/><V107/><F107/><W127/><G54/><T51/><N who="0" m="18546" /><T33/><DORA hai="125" /><D104/><U39/><E39/><V81/><AGARI ba="1,1" hai="8,11,19,21,25,52,56,61,77,81,84,94,99,103" machi="81" ten="30,12000,2" yaku="1,1,0,1,8,1,54,1,53,2" doraHai="9,125" doraHaiUra="67,6" who="2" fromWho="2" sc="209,-31,317,-61,227,133,237,-31" /><INIT seed="2,0,0,3,2,46" ten="178,256,360,206" oya="2" hai0="131,132,24,119,16,19,62,117,122,36,88,78,56" hai1="116,52,121,94,40,95,2,11,112,9,59,130,69" hai2="105,127,102,133,96,89,82,51,5,128,42,92,115" hai3="3,75,38,28,6,100,80,134,35,26,39,33,20"/><V25/><F115/><W110/><G100/><T114/><D122/><U97/><E112/><V83/><F5/><W104/><G104/><T1/><D114/><U44/><E116/><N who="0" m="44617" /><D36/><U106/><E69/><V85/><F127/><W86/><G110/><T57/><D1/><U48/><E130/><V135/><F25/><W10/><G75/><T15/><D78/><U12/><E121/><V118/><F118/><W54/><G134/><N who="2" m="51209" /><F42/><W63/><G39/><T67/><D19/><U49/><E2/><V31/><F31/><W14/><G38/><T55/><D24/><U29/><E29/><V81/><F51/><W61/><G54/><T8/><D132/><U124/><E124/><V7/><F7/><W126/><G126/><T43/><D43/><U50/><E50/><V32/><F32/><W120/><G120/><T129/><D88/><N who="1" m="55495" /><E106/><V37/><F37/><W93/><G93/><T68/><D68/><U98/><E12/><V103/><F128/><W58/><G35/><T47/><D47/><U13/><E13/><V87/><F103/><AGARI ba="0,0" hai="9,11,40,44,48,49,52,59,95,98,103" m="55495" machi="103" ten="30,8000,1" yaku="8,1,52,2,54,2" doraHai="46" who="1" fromWho="2" sc="178,0,256,80,360,-80,206,0" /><INIT seed="3,0,0,5,3,7" ten="178,336,280,206" oya="3" hai0="46,21,50,134,120,85,35,51,125,34,0,11,74" hai1="82,47,84,121,110,102,56,42,117,26,15,127,107" hai2="17,89,86,77,64,104,78,14,112,80,23,6,36" hai3="40,70,59,91,54,90,79,115,123,133,71,29,97"/><W48/><G115/><T122/><D74/><U16/><E121/><V132/><F112/><W18/><G123/><T43/><D125/><U62/><E127/><V57/><F36/><W114/><G114/><T95/><D134/><U39/><E110/><V33/><F33/><W27/><G133/><T106/><D106/><U128/><E128/><V31/><F104/><W76/><G40/><T19/><D35/><U135/><E135/><V9/><F31/><W93/><G18/><T65/><D65/><U99/><E26/><V119/><F119/><W83/><G70/><T58/><D34/><U24/><E24/><N who="2" m="14447" /><F132/><W108/><G71/><T126/><D126/><U81/><E84/><V5/><F5/><W118/><G108/><T67/><D95/><U124/><E117/><V113/><F113/><W20/><REACH who="3" step="1"/><G118/><REACH who="3" ten="178,336,280,196" step="2"/><T2/><D19/><U25/><E124/><V55/><F64/><W60/><G60/><AGARI ba="0,1" hai="6,9,14,55,57,60,77,78,80,86,89" m="14447" machi="60" ten="30,2000,0" yaku="8,1,52,1" doraHai="7" who="2" fromWho="3" sc="178,0,336,0,280,30,196,-20" /><INIT seed="4,0,0,0,3,78" ten="178,336,310,176" oya="0" hai0="76,75,95,52,4,55,87,65,72,74,28,19,46" hai1="113,42,85,102,1,86,9,32,79,63,129,99,22" hai2="14,107,10,44,41,126,131,105,82,64,53,92,116" hai3="77,29,97,60,36,94,122,119,57,2,98,39,66"/><T58/><D4/><U69/><E32/><V130/><F64/><W30/><G119/><T128/><D28/><U35/><E35/><V24/><F116/><W93/><G2/><T110/><D128/><N who="2" m="49194" /><F24/><W70/><G122/><T0/><D0/><U25/><E129/><V61/><F92/><W59/><G77/><T56/><D110/><U125/><E42/><V50/><F126/><W100/><G70/><T45/><D65/><U51/><E125/><V40/><F82/><W54/><G39/><T5/><D5/><U37/><E37/><V109/><F109/><W132/><G36/><T117/><D19/><U18/><E69/><V47/><F61/><W71/><G132/><T20/><D20/><U15/><E63/><V103/><F103/><W96/><G96/><T26/><D26/><U67/><E67/><V111/><F111/><W68/><G68/><T11/><D11/><U134/><E134/><V133/><F133/><W106/><G106/><N who="2" m="40457" /><F44/><W112/><G112/><T89/><D117/><U118/><E118/><V13/><F13/><W6/><G71/><T104/><D104/><U127/><E1/><V27/><F27/><W49/><REACH who="3" step="1"/><G6/><AGARI ba="0,0" hai="6,10,14,40,41,47,50,53" m="40457,49194" machi="6" ten="30,1000,0" yaku="19,1" doraHai="78" who="2" fromWho="3" sc="178,0,336,0,310,10,176,-10" /><INIT seed="5,0,0,0,4,18" ten="178,336,320,166" oya="1" hai0="63,129,6,12,75,113,28,59,119,126,123,48,2" hai1="116,69,66,56,114,10,40,19,96,133,108,91,47" hai2="53,135,81,0,37,21,45,26,57,20,121,50,117" hai3="5,103,79,52,4,62,67,94,49,125,61,84,3"/><U82/><E116/><V95/><F117/><W23/><G125/><T55/><D75/><U120/><E120/><V43/><F121/><W85/><G3/><T76/><D2/><U131/><E69/><V104/><F104/><W65/><G103/><T35/><D119/><U60/><E114/><V41/><F135/><W8/><G94/><T93/><D76/><U74/><E133/><V90/><F41/><W105/><G105/><T106/><D28/><U107/><E131/><V122/><F122/><W118/><G118/><T22/><D35/><U9/><E108/><V42/><F42/><W97/><G97/><T29/><D106/><U134/><E134/><V78/><F26/><W80/><G84/><T33/><D33/><U83/><E83/><V27/><F27/><W38/><G38/><T127/><D113/><U130/><E130/><V89/><F0/><W24/><G62/><T46/><D93/><U132/><E132/><V112/><F112/><W15/><G61/><T13/><D6/><U44/><E44/><V14/><F14/><W109/><G4/><T64/><D123/><U73/><E73/><V25/><F25/><W100/><G100/><T70/><D129/><U30/><E30/><V54/><F54/><W101/><G101/><T31/><D70/><U17/><E107/><V99/><F90/><W58/><G109/><T87/><D87/><AGARI ba="0,0" hai="20,21,37,43,45,50,53,57,78,81,87,89,95,99" machi="87" ten="30,3900,0" yaku="7,1,52,2" doraHai="18" who="2" fromWho="0" sc="178,-39,336,0,320,39,166,0" /><INIT seed="6,0,0,4,4,115" ten="139,336,359,166" oya="2" hai0="128,43,24,54,95,15,77,80,119,102,64,122,53" hai1="73,7,40,105,68,76,96,101,107,98,56,121,135" hai2="35,34,31,2,87,52,124,38,130,23,0,37,106" hai3="113,131,9,82,78,104,48,132,41,21,45,11,44"/><V112/><F106/><W114/><G104/><T27/><D122/><U120/><E68/><V20/><F112/><N who="3" m="43115" /><G131/><T49/><D128/><U55/><E40/><V57/><F124/><W134/><G21/><T90/><D102/><U93/><E7/><V3/><F130/><W36/><G45/><T6/><D64/><U86/><E55/><V51/><F23/><W18/><G36/><T94/><D54/><U62/><E62/><V117/><F117/><W127/><G127/><T108/><D43/><U32/><E56/><V59/><F20/><W46/><G46/><T42/><D95/><U116/><E32/><V69/><F69/><W26/><G26/><T100/><D100/><N who="1" m="62599" /><E135/><N who="3" m="51754" /><G18/><T89/><D42/><U50/><E50/><V65/><F34/><W81/><G81/><T83/><D83/><N who="1" m="45455" /><E116/><V133/><F35/><W17/><G17/><T60/><D119/><U72/><E72/><AGARI ba="0,0" hai="9,11,41,44,48,72,78,82" m="51754,43115" machi="72" ten="30,3900,0" yaku="15,1,11,1,20,1" doraHai="115" who="3" fromWho="1" sc="139,0,336,-39,359,0,166,39" /><INIT seed="7,0,0,0,5,96" ten="139,297,359,205" oya="3" hai0="129,111,123,42,71,113,74,88,101,22,122,114,106" hai1="44,132,60,119,26,47,48,40,100,76,7,70,27" hai2="6,0,58,130,85,73,4,126,23,38,21,3,18" hai3="29,83,124,95,128,10,103,20,67,61,31,24,93"/><W30/><G124/><T33/><D33/><U107/><E132/><V49/><F73/><W35/><G128/><T41/><D71/><U94/><E107/><V116/><F38/><W127/><G127/><T28/><D74/><U97/><E119/><V89/><F116/><W1/><G1/><T25/><D111/><U133/><E133/><V17/><F126/><W9/><G83/><T131/><D42/><U51/><E7/><V92/><F3/><W90/><G93/><T55/><D55/><U99/><E76/><V72/><F72/><W52/><G103/><T5/><D5/><U15/><E15/><N who="2" m="9407" /><F130/><N who="0" m="49674" /><D41/><U12/><E12/><N who="2" m="9671" /><F0/><W134/><G134/><T13/><D13/><U69/><E97/><V11/><F11/><N who="3" m="4107" /><G67/><T80/><D106/><U112/><E112/><N who="0" m="43113" /><D101/><U86/><E69/><V118/><F118/><W32/><G32/><T57/><D57/><U37/><E37/><V34/><F34/><W104/><G104/><T75/><D75/><U84/><E70/><V56/><F56/><N who="3" m="34951" /><G35/><T50/><D50/><U39/><E60/><V43/><F43/><W54/><G54/><AGARI ba="0,0" hai="4,6,49,54,58,85,89,92" m="9671,9407" machi="54" ten="30,2000,0" yaku="25,1,8,1" doraHai="96" who="2" fromWho="3" sc="139,0,297,0,359,20,205,-20" owari="139,-36.1,297,9.7,379,47.9,185,-21.5" /></mjloggm>