<mjloggm ver="2.3"><GO type="169" lobby="0"/><UN n0="%6D%62%72%63%68%61%6E" n1="%E5%A4%A9%E7%8B%90" n2="%E3%81%A1%E3%81%AA%E3%81%A4" n3="%67%6F%73%68%69%6B%6B%75" dan="16,16,17,16" rate="2125.77,2117.22,2155.00,2151.11" sx="M,M,M,F"/><TAIKYOKU oya="0"/><INIT seed="0,0,0,3,1,72" ten="250,250,250,250" oya="0" hai0="65,118,5,9,76,96,130,127,15,97,11,73,81" hai1="69,92,1,98,22,121,108,128,8,74,80,129,34" hai2="31,125,47,29,133,105,32,93,60,58,68,111,106" hai3="44,109,107,16,112,2,43,103,75,71,99,18,86"/><T19/><D118/><U89/><E34/><V70/><F111/><W77/><G112/><T50/><D130/><N who="1" m="50283" /><E121/><V17/><F125/><W120/><G71/><T13/><D127/><U91/><E69/><V28/><F32/><W90/><G2/><T36/><D36/><U25/><E108/><V110/><F110/><W66/><G66/><T38/><D38/><U115/><E115/><V104/><F133/><W33/><G33/><T51/><D65/><U0/><E8/><V101/><F47/><W56/><G56/><T27/><D27/><U6/><E6/><V78/><F17/><W79/><G120/><T62/><D62/><U88/><E74/><V30/><N who="2" m="7168" /><DORA hai="59" /><V116/><F116/><W67/><G67/><T48/><AGARI ba="0,0" hai="5,9,11,13,15,19,48,50,51,73,76,81,96,97" machi="48" ten="30,3000,0" yaku="0,1,52,1" doraHai="72,59" who="0" fromWho="0" sc="250,30,250,-10,250,-10,250,-10" /><INIT seed="0,1,0,1,2,85" ten="280,240,240,240" oya="0" hai0="10,30,51,20,38,36,9,63,78,3,35,74,117" hai1="59,18,8,105,76,109,61,34,96,25,84,77,5" hai2="126,53,81,68,93,65,127,135,90,103,72,29,99" hai3="122,27,39,55,64,134,21,91,28,48,45,112,82"/><T24/><D117/><U118/><E118/><V11/><F135/><W17/><G112/><T49/><D49/><U4/><E109/><V115/><F115/><W100/><G134/><T50/><D50/><U67/><E5/><V121/><F121/><W57/><G122/><T16/><D63/><U71/><E59/><V80/><F53/><W62/><G39/><T123/><D123/><U52/><E52/><V69/><F29/><W73/><G73/><T46/><D78/><U101/><E84/><V23/><F23/><W89/><G82/><T129/><D129/><U26/><E18/><V95/><F11/><W58/><G58/><T13/><D74/><U94/><E94/><V6/><F6/><W131/><G131/><T70/><D70/><U120/><E26/><V110/><F110/><W132/><G132/><T125/><D125/><N who="2" m="47626" /><F65/><W33/><REACH who="3" step="1"/><G100/><REACH who="3" ten="280,240,240,230" step="2"/><T108/><D108/><U7/><E120/><V12/><F80/><W107/><G107/><T88/><D38/><U1/><REACH who="1" step="1"/><E4/><REACH who="1" ten="280,230,240,230" step="2"/><V40/><F69/><W87/><G87/><T44/><D44/><U128/><E128/><V15/><F68/><W116/><G116/><T92/><D3/><U31/><AGARI ba="1,2" hai="1,7,8,25,31,34,61,67,71,76,77,96,101,105" machi="31" ten="30,8000,1" yaku="1,1,0,1,25,2,53,1" doraHai="85" doraHaiUra="66" who="1" fromWho="1" sc="280,-41,230,103,240,-21,230,-21" /><INIT seed="1,0,0,3,3,119" ten="239,333,219,209" oya="1" hai0="79,84,80,104,10,118,65,35,111,101,12,48,114" hai1="91,124,94,83,128,23,9,13,133,32,30,4,59" hai2="14,99,11,24,45,117,127,129,28,89,86,64,113" hai3="7,20,36,16,67,31,92,22,85,115,109,62,33"/><U21/><E124/><V51/><F117/><W5/><G36/><T68/><D111/><U57/><E133/><V44/><F127/><W131/><G115/><T100/><D118/><U58/><E128/><V75/><F75/><W110/><G131/><T120/><D114/><U49/><E83/><V96/><F64/><W39/><G39/><T134/><D35/><U15/><E32/><V98/><F129/><W0/><G22/><N who="1" m="8202" /><E15/><V88/><F113/><W54/><G54/><T125/><D125/><U41/><E30/><V60/><F60/><W66/><G66/><T2/><D2/><U29/><E29/><V37/><F37/><W47/><G47/><T82/><D134/><U116/><E116/><V8/><F89/><N who="3" m="53295" /><G31/><T40/><D104/><U74/><E74/><V132/><F132/><W108/><G33/><T42/><D68/><U1/><E1/><V53/><F45/><W19/><G0/><T76/><D65/><U3/><E3/><V97/><N who="2" m="24576" /><DORA hai="17" /><V18/><F28/><W122/><G122/><T70/><D120/><U56/><E41/><V102/><F102/><W6/><G20/><T72/><D70/><AGARI ba="0,0" hai="5,6,7,16,19,62,67,70,108,109,110" m="53295" machi="70" ten="40,2600,0" yaku="14,1,54,1" doraHai="119,17" who="3" fromWho="0" sc="239,-26,333,0,219,0,209,26" /><INIT seed="2,0,0,3,3,134" ten="213,333,219,235" oya="2" hai0="73,98,27,4,133,62,52,8,55,61,43,56,80" hai1="117,16,17,86,96,36,107,7,75,127,0,81,38" hai2="2,32,114,14,122,94,104,118,119,33,59,40,37" hai3="70,57,23,101,20,45,48,53,25,60,50,77,130"/><V106/><F2/><W19/><G130/><T71/><D133/><U128/><E75/><V10/><F114/><W63/><G70/><T103/><D43/><U5/><E117/><V79/><F122/><W49/><G77/><T15/><D27/><U46/><E128/><V95/><F79/><W3/><G3/><T47/><D47/><U112/><E112/><V21/><F21/><W72/><G72/><T89/><D71/><U28/><E28/><V35/><F40/><W68/><G68/><T132/><D132/><U41/><E38/><V30/><F30/><W13/><G101/><T109/><D109/><U97/><E127/><V69/><F69/><W64/><REACH who="3" step="1"/><G63/><REACH who="3" ten="213,333,219,225" step="2"/><T11/><D73/><U87/><E0/><V58/><F37/><W125/><G125/><T82/><D89/><U129/><E129/><V39/><F39/><W74/><G74/><T126/><D126/><U115/><E36/><V34/><F118/><W91/><G91/><T1/><D62/><U90/><E90/><V100/><F119/><W116/><G116/><T108/><D108/><U26/><E115/><V121/><F121/><W110/><G110/><T78/><D78/><U105/><E105/><V92/><N who="2" m="8192" /><DORA hai="135" /><V9/><F100/><W124/><G124/><T102/><D102/><U85/><E107/><N who="2" m="41003" /><F14/><W84/><G84/><T44/><D103/><U31/><E87/><V111/><F111/><W76/><G76/><T65/><D98/><U131/><E86/><V99/><F99/><W120/><G120/><T6/><D65/><U88/><E97/><V66/><F66/><W42/><G42/><RYUUKYOKU ba="0,1" sc="213,10,333,-30,219,10,225,10" hai0="1,4,6,8,11,15,44,52,55,56,61,80,82" hai2="9,10,58,59,92,94,95" hai3="13,19,20,23,25,45,48,49,50,53,57,60,64" /><INIT seed="2,1,1,4,0,55" ten="223,303,229,235" oya="2" hai0="77,24,14,121,6,19,89,39,91,20,31,82,1" hai1="52,53,64,92,15,70,111,21,44,41,69,87,25" hai2="17,10,98,35,72,46,18,8,90,38,61,84,79" hai3="93,101,113,124,94,75,132,68,123,32,85,22,30"/><V23/><F35/><W133/><G32/><T42/><D121/><U105/><E111/><V81/><F18/><W43/><G68/><T7/><D42/><U67/><E105/><V122/><F122/><W11/><G43/><T115/><D39/><U4/><E69/><V99/><F38/><W33/><G33/><T36/><D36/><U126/><E126/><V117/><F117/><W59/><G75/><T78/><D115/><U88/><E15/><V54/><F72/><W45/><G45/><T51/><D51/><N who="1" m="27023" /><E4/><V112/><F112/><W0/><G0/><T13/><D13/><U135/><E70/><V50/><F61/><W62/><G11/><N who="2" m="4137" /><F79/><N who="0" m="30218" /><D1/><U104/><E104/><V65/><F65/><N who="1" m="25161" /><E135/><N who="3" m="51786" /><G124/><T37/><D37/><U106/><E106/><V28/><F28/><AGARI ba="1,1" hai="21,25,28,52,53,87,88,92" m="25161,27023" machi="28" ten="30,3900,0" yaku="8,1,54,2" doraHai="55" who="1" fromWho="2" sc="223,0,303,52,229,-42,235,0" /><INIT seed="3,0,0,5,1,97" ten="223,355,187,235" oya="3" hai0="31,88,45,32,102,121,64,101,50,28,66,90,48" hai1="14,19,72,113,123,76,39,5,10,81,44,22,37" hai2="93,87,100,67,130,27,107,133,25,47,127,112,3" hai3="9,42,74,98,20,89,55,4,126,36,30,58,13"/><W54/><G126/><T125/><D125/><U68/><E68/><V11/><F127/><W91/><G74/><T79/><D79/><U117/><E123/><V62/><F112/><W18/><G30/><N who="0" m="11307" /><D32/><U99/><E113/><V85/><F107/><W120/><G120/><T46/><D121/><U75/><E117/><V86/><F130/><W34/><G34/><T61/><D50/><U77/><E99/><N who="2" m="59503" /><F3/><W63/><G36/><T103/><D46/><U104/><E104/><V2/><F2/><W57/><G42/><N who="0" m="24631" /><D61/><U60/><E60/><V65/><F133/><W134/><G98/><T105/><D105/><U16/><E44/><V106/><F106/><W23/><G134/><T78/><D78/><U1/><E76/><V128/><F128/><W53/><G23/><T115/><D115/><U7/><E75/><V124/><F124/><W12/><REACH who="3" step="1"/><G58/><REACH who="3" ten="223,355,187,225" step="2"/><T49/><D49/><U59/><E59/><N who="2" m="37087" /><F47/><W92/><G92/><T24/><D24/><U116/><E39/><V132/><F132/><W129/><G129/><T21/><D21/><U94/><E94/><V40/><F40/><W26/><G26/><T70/><D70/><U114/><E37/><V109/><F27/><W52/><AGARI ba="0,1" hai="4,9,12,13,18,20,52,53,54,55,57,63,89,91" machi="52" ten="30,11700,0" yaku="1,1,0,1,8,1,54,1,53,0" doraHai="97" doraHaiUra="122" who="3" fromWho="3" sc="223,-39,355,-39,187,-39,225,127" /><INIT seed="3,1,0,5,0,12" ten="184,316,148,352" oya="3" hai0="94,63,121,66,111,79,99,40,34,39,0,81,122" hai1="97,45,78,95,131,114,5,9,24,107,72,125,83" hai2="135,56,98,65,73,90,117,48,7,30,115,123,32" hai3="27,22,37,75,35,42,43,36,50,109,119,92,102"/><W126/><G35/><T15/><D0/><U91/><E114/><V116/><F115/><W14/><G75/><T105/><D105/><U29/><E125/><V53/><F73/><W124/><G119/><T54/><D34/><U86/><E131/><V8/><F135/><W28/><G109/><T110/><D54/><U113/><E45/><V74/><F74/><W44/><G14/><T132/><D132/><U129/><E129/><V106/><F123/><W61/><G61/><T13/><D40/><U134/><E134/><V23/><F32/><W101/><G92/><T16/><D39/><U108/><E108/><N who="0" m="41513" /><D15/><U1/><E113/><V41/><F41/><W2/><G2/><T128/><D128/><U18/><E29/><V103/><F65/><W118/><G118/><T100/><D81/><U80/><E80/><V133/><F133/><W64/><G64/><T130/><D79/><U57/><E107/><V25/><REACH who="2" step="1"/><F90/><REACH who="2" ten="184,316,138,352" step="2"/><W10/><G43/><T112/><D112/><U69/><E72/><V88/><F88/><W6/><G37/><T68/><D130/><U96/><E91/><V76/><F76/><W120/><G36/><T84/><D84/><U26/><E86/><V46/><F46/><W71/><G120/><T31/><D31/><U89/><E78/><V60/><F60/><W4/><G44/><T21/><AGARI ba="1,1" hai="13,16,21,63,66,68,94,99,100,121,122" m="41513" machi="21" ten="30,4000,0" yaku="14,1,52,1,54,1" doraHai="12" who="0" fromWho="0" sc="184,53,316,-11,138,-11,352,-21" /><INIT seed="4,0,0,1,4,123" ten="237,305,127,331" oya="0" hai0="50,13,124,109,2,81,23,21,18,71,96,12,19" hai1="44,86,47,73,67,9,97,58,46,68,103,132,82" hai2="127,31,48,39,80,93,69,52,24,115,64,11,128" hai3="37,35,22,105,130,91,110,78,99,111,32,88,133"/><T25/><D71/><U126/><E68/><V104/><F39/><W55/><G37/><T85/><D124/><U8/><E73/><V74/><F127/><W26/><G78/><T28/><D2/><U72/><E72/><V131/><F104/><W92/><G105/><T83/><D96/><U6/><E132/><V14/><F93/><W89/><G133/><T45/><D109/><U33/><E33/><V113/><F64/><W1/><G1/><T76/><D83/><U65/><E58/><N who="2" m="33031" /><F69/><W120/><G120/><T15/><REACH who="0" step="1"/><D28/><REACH who="0" ten="227,305,127,331" step="2"/><U42/><E126/><V114/><F80/><W51/><G111/><T59/><D59/><U30/><E30/><V66/><F74/><W40/><G110/><T134/><D134/><U60/><E97/><V100/><F100/><W38/><G99/><T10/><D10/><U117/><E103/><V54/><F66/><W36/><G92/><T17/><D17/><U116/><E65/><V53/><F128/><W29/><G130/><T43/><AGARI ba="0,1" hai="12,13,15,18,19,21,23,25,43,45,50,76,81,85" machi="43" ten="20,7800,0" yaku="1,1,0,1,7,1,8,1,53,0" doraHai="123" doraHaiUra="61" who="0" fromWho="0" sc="227,88,305,-26,127,-26,331,-26" /><INIT seed="4,1,0,2,1,38" ten="315,279,101,305" oya="0" hai0="68,91,100,46,112,11,7,93,33,13,88,48,3" hai1="35,122,110,27,105,54,4,49,89,108,58,67,29" hai2="64,77,45,59,125,8,61,62,32,5,70,65,44" hai3="106,40,101,18,95,102,71,21,123,17,94,111,76"/><T103/><D112/><U79/><E122/><V47/><F32/><W24/><G71/><T16/><D68/><U26/><E105/><V19/><F125/><W36/><G111/><T30/><D91/><U73/><E73/><V133/><F77/><W86/><G106/><T52/><D30/><U14/><E79/><V50/><F19/><W90/><G123/><T121/><D33/><U15/><E67/><V63/><F8/><W60/><G60/><T20/><D121/><U132/><E27/><V56/><F5/><W9/><G95/><T1/><D1/><U31/><E31/><V104/><F104/><W72/><G72/><T92/><D92/><U130/><E132/><V51/><F133/><W0/><G76/><T135/><D135/><U80/><E130/><V10/><F10/><W82/><G94/><T25/><D3/><U87/><E4/><V114/><F114/><W37/><G37/><T85/><AGARI ba="1,0" hai="7,11,13,16,20,25,46,48,52,85,88,93,100,103" machi="85" ten="20,18000,2" yaku="0,1,7,1,8,1,54,3" doraHai="38" who="0" fromWho="0" sc="315,183,279,-61,101,-61,305,-61" /><INIT seed="4,2,0,5,5,15" ten="498,218,40,244" oya="0" hai0="8,111,64,17,123,22,50,98,117,68,83,79,125" hai1="75,113,2,66,61,36,53,29,103,118,124,12,107" hai2="20,46,48,0,30,5,108,16,110,93,81,26,80" hai3="97,71,85,27,109,69,23,49,77,62,72,1,74"/><T38/><D117/><U119/><E2/><V115/><F115/><W92/><G1/><T33/><D33/><U131/><E75/><V88/><F0/><W44/><G109/><T14/><D38/><U86/><E29/><V58/><F5/><W40/><G74/><T54/><D123/><U127/><E86/><V57/><F108/><W42/><G42/><T121/><D121/><U67/><E12/><V19/><F110/><W4/><G72/><T105/><D125/><N who="1" m="48203" /><E103/><V102/><F102/><W82/><G62/><T114/><D114/><U87/><E87/><N who="2" m="52383" /><F58/><W13/><G13/><T21/><D98/><U104/><E36/><V133/><F57/><W76/><G76/><T6/><D105/><N who="1" m="40523" /><E131/><V128/><F133/><W65/><G4/><T39/><D39/><U112/><E53/><N who="2" m="29847" /><F128/><W135/><G135/><T130/><D130/><U55/><E55/><V32/><F32/><W18/><REACH who="3" step="1"/><G65/><REACH who="3" ten="498,218,40,234" step="2"/><N who="1" m="24586" /><E61/><V25/><F25/><W73/><G73/><T100/><D64/><U28/><E113/><V78/><F78/><W134/><G134/><T60/><D79/><U91/><E112/><V95/><F95/><W89/><AGARI ba="2,1" hai="18,23,27,40,44,49,69,71,77,82,85,89,92,97" machi="89" ten="20,5200,0" yaku="1,1,0,1,7,1,52,1,53,0" doraHai="15" doraHaiUra="31" who="3" fromWho="3" sc="498,-28,218,-15,40,-15,234,68" /><INIT seed="5,0,0,2,3,46" ten="470,203,25,302" oya="1" hai0="90,98,106,3,71,0,130,87,66,54,129,97,132" hai1="102,26,108,116,119,34,15,118,88,22,64,67,1" hai2="91,20,134,105,4,93,110,13,43,5,113,38,55" hai3="89,14,35,101,12,63,18,50,135,10,114,25,29"/><U127/><E1/><V117/><F105/><W82/><G114/><T68/><D132/><U107/><E127/><V11/><F117/><W61/><G135/><T52/><D66/><U33/><E108/><V103/><F110/><W109/><G109/><T128/><D90/><U131/><E131/><V122/><F122/><W60/><G101/><T16/><D16/><U51/><E102/><V40/><F134/><W92/><G82/><T73/><D87/><U70/><E107/><V133/><F133/><W94/><G89/><T120/><D106/><U28/><E70/><V126/><F126/><W83/><G83/><T123/><D129/><U2/><E2/><V24/><F113/><W56/><REACH who="3" step="1"/><G14/><REACH who="3" ten="470,203,25,292" step="2"/><T17/><D128/><U85/><E15/><V6/><F103/><W125/><G125/><T86/><D130/><U44/><E34/><V53/><F38/><W37/><G37/><T21/><D3/><U62/><E33/><V104/><F104/><W42/><G42/><T112/><D112/><U124/><E124/><V84/><F43/><W8/><G8/><T99/><D0/><U76/><E76/><V36/><F40/><W49/><G49/><T27/><D123/><U45/><E51/><V78/><F36/><W59/><G59/><T31/><D120/><U9/><E9/><V79/><F78/><W47/><G47/><N who="1" m="17994" /><E62/><V39/><F39/><W30/><G30/><T72/><D31/><U121/><E121/><V7/><REACH who="2" step="1"/><F79/><REACH who="2" ten="470,203,15,292" step="2"/><W69/><G69/><T80/><D71/><U19/><E119/><V23/><F23/><W32/><G32/><T75/><D68/><RYUUKYOKU ba="0,2" sc="470,10,203,-30,15,10,292,10" hai0="17,21,27,52,54,72,73,75,80,86,97,98,99" hai2="4,5,6,7,11,13,20,24,53,55,84,91,93" hai3="10,12,18,25,29,35,50,56,60,61,63,92,94" /><INIT seed="6,1,2,2,4,85" ten="480,173,25,302" oya="2" hai0="115,132,95,59,102,48,70,19,120,15,29,99,126" hai1="21,33,122,111,26,41,55,34,92,42,86,134,12" hai2="114,46,23,80,18,74,69,67,2,96,127,66,89" hai3="31,81,5,6,78,37,128,82,22,9,7,4,112"/><V61/><F2/><W97/><G37/><T119/><D70/><U118/><E111/><V27/><F114/><W107/><G128/><T75/><D75/><U13/><E118/><V24/><F127/><W104/><G104/><T100/><D120/><U79/><E134/><V123/><F123/><W135/><G135/><T56/><D119/><U117/><E117/><V101/><F67/><W63/><G107/><T68/><D68/><U94/><E34/><V35/><F46/><W39/><G39/><T84/><D29/><U106/><E106/><N who="2" m="63783" /><F74/><W30/><G97/><T40/><D115/><U73/><E33/><V60/><F60/><W3/><G63/><T129/><D129/><U98/><E73/><V77/><F77/><W83/><G78/><T103/><D126/><U71/><E79/><V32/><F32/><W25/><G112/><T45/><D84/><U38/><E122/><V36/><F36/><W110/><G31/><T49/><D132/><U44/><E38/><V11/><F11/><W109/><AGARI ba="1,2" hai="3,4,5,6,7,9,22,25,30,81,82,83,109,110" machi="109" ten="40,1500,0" yaku="0,1" doraHai="85" who="3" fromWho="3" sc="480,-5,173,-5,25,-8,302,38" /><INIT seed="7,0,0,3,2,91" ten="475,168,17,340" oya="3" hai0="122,29,120,86,17,38,104,127,9,68,35,129,105" hai1="90,84,15,23,80,82,53,67,56,116,59,106,110" hai2="40,85,12,22,70,52,135,31,78,5,46,97,26" hai3="81,39,77,27,114,112,37,21,76,3,108,34,49"/><W1/><G34/><T10/><D38/><U109/><E106/><V124/><F70/><W30/><G108/><T33/><D68/><U101/><E101/><V95/><F135/><W87/><G77/><T43/><D43/><U50/><E116/><V72/><F124/><W100/><G100/><T48/><D48/><U51/><E109/><V7/><F72/><W74/><G49/><T6/><D86/><U96/><E96/><V117/><F117/><W126/><G126/><T11/><D127/><U8/><E110/><V41/><F41/><W54/><G54/><T36/><D36/><U119/><E119/><V99/><F40/><W18/><G18/><T89/><D89/><U61/><E50/><V131/><F131/><W75/><G39/><T60/><D60/><U134/><E8/><V24/><F24/><W62/><G62/><T71/><D71/><U65/><E65/><V130/><F130/><W93/><G37/><T98/><D129/><U113/><E113/><N who="3" m="43626" /><G75/><T73/><D73/><U128/><E134/><V63/><F46/><W14/><G14/><T20/><D29/><U4/><E128/><V132/><F132/><W42/><G42/><T45/><D45/><U115/><E115/><V125/><F125/><W13/><G13/><N who="0" m="9263" /><D6/><U47/><E4/><V2/><F2/><W44/><G44/><T64/><D64/><U111/><E111/><V19/><F5/><W123/><G123/><N who="0" m="47147" /><D105/><U133/><E133/><V103/><F7/><W88/><G1/><T66/><D66/><U55/><E47/><V92/><F78/><N who="3" m="44247" /><G3/><T94/><D104/><U16/><E67/><RYUUKYOKU ba="0,0" sc="475,10,168,10,17,-30,340,10" hai0="9,10,11,33,35,94,98" hai1="15,16,23,51,53,55,56,59,61,80,82,84,90" hai3="21,27,30,76,87,88,93" owari="485,58.5,178,-22.2,-13,-51.3,350,15.0" /></mjloggm>