<mjloggm ver="2.3"><GO type="169" lobby="0"/><UN n0="%72%65%6E%6A%69%38%33" n1="%E3%81%A5%E3%81%8B%E5%AD%90" n2="%E3%81%88%E3%81%8C%E3%82%8F%E3%82%8A%E3%81%8A" n3="%79%61%6E%72%6F%75" dan="17,16,16,16" rate="2211.61,2137.80,2095.88,2160.84" sx="M,M,M,M"/><TAIKYOKU oya="0"/><INIT seed="0,0,0,3,3,12" ten="250,250,250,250" oya="0" hai0="16,19,117,44,28,75,20,83,98,67,71,79,22" hai1="126,24,112,0,78,99,26,27,37,68,52,46,57" hai2="55,131,48,15,61,116,43,85,91,93,66,2,86" hai3="51,118,18,96,73,39,5,60,13,103,84,111,119"/><T89/><D117/><U100/><E0/><V56/><F116/><W38/><G73/><T7/><D7/><U25/><E126/><V97/><F2/><W32/><G111/><T47/><D28/><U76/><E68/><V54/><F131/><W123/><G123/><T14/><D71/><U63/><N who="1" m="6144" /><DORA hai="92" /><U120/><E120/><V133/><F133/><W72/><G72/><T132/><D67/><U4/><E4/><V1/><F1/><W21/><G32/><T110/><D110/><U122/><E112/><V82/><F43/><W29/><G29/><T115/><D115/><U34/><E34/><V65/><F15/><W108/><G108/><T6/><D132/><U11/><E11/><V114/><F114/><W36/><G5/><T121/><D121/><U105/><REACH who="1" step="1"/><E122/><REACH who="1" ten="250,240,250,250" step="2"/><V33/><F33/><W62/><G118/><T129/><D129/><U58/><E58/><V128/><F128/><W40/><G119/><T95/><D6/><U64/><E64/><V77/><REACH who="2" step="1"/><F86/><REACH who="2" ten="250,240,240,250" step="2"/><W41/><G84/><T125/><D125/><U9/><E9/><V30/><F30/><W127/><G127/><T104/><D104/><U70/><E70/><V134/><F134/><W109/><G109/><T88/><D14/><U101/><E101/><V45/><AGARI ba="0,2" hai="45,48,54,55,56,61,65,66,77,82,85,91,93,97" machi="45" ten="20,12000,2" yaku="1,1,0,1,7,1,8,1,52,1,53,1" doraHai="12,92" doraHaiUra="69,42" who="2" fromWho="2" sc="250,-60,240,-30,240,140,250,-30" /><INIT seed="1,0,0,4,1,15" ten="190,210,380,220" oya="1" hai0="7,76,108,96,85,68,126,35,101,110,73,53,118" hai1="49,28,41,133,112,132,79,61,0,82,89,111,54" hai2="87,19,43,63,18,77,94,30,99,75,10,22,26" hai3="44,23,84,21,56,5,67,115,121,93,97,11,81"/><U117/><E112/><V114/><F75/><W20/><G121/><T46/><D35/><U39/><E117/><V29/><F114/><W88/><G115/><T91/><D68/><U125/><E0/><V74/><F74/><W107/><G107/><N who="0" m="63911" /><D53/><U116/><E116/><V31/><F43/><W113/><G44/><T66/><D66/><U4/><E4/><V100/><F63/><W47/><G47/><T13/><D13/><U55/><E89/><V95/><F77/><W9/><G113/><T105/><D7/><U62/><E28/><N who="2" m="17495" /><F10/><W124/><G124/><T42/><D46/><N who="1" m="25807" /><E39/><V36/><F36/><W33/><G33/><T2/><D42/><U6/><E6/><V78/><F95/><W135/><G135/><N who="1" m="51786" /><E125/><V119/><F119/><W38/><G38/><T92/><D2/><U24/><E24/><V70/><F70/><W27/><G27/><T25/><D25/><U106/><E62/><V57/><F57/><W103/><G5/><T102/><D118/><U51/><E61/><AGARI ba="0,0" hai="9,11,20,21,23,56,61,67,81,84,88,93,97,103" machi="61" ten="40,2600,0" yaku="8,1,54,1" doraHai="15" who="3" fromWho="1" sc="190,0,210,-26,380,0,220,26" /><INIT seed="2,0,0,0,1,120" ten="190,184,380,246" oya="2" hai0="123,26,127,103,117,76,67,122,98,61,0,78,46" hai1="10,23,6,102,2,8,4,104,38,129,82,41,70" hai2="68,90,106,18,36,63,3,15,85,73,135,134,107" hai3="29,86,28,31,48,94,20,52,88,50,81,39,56"/><V92/><F3/><W5/><G39/><T112/><D112/><U83/><E70/><V77/><F36/><W47/><G5/><T99/><D0/><U132/><E129/><V43/><F43/><W19/><G81/><T64/><D46/><U9/><E132/><N who="2" m="50731" /><F73/><W21/><REACH who="3" step="1"/><G19/><REACH who="3" ten="190,184,380,236" step="2"/><T66/><D123/><U116/><E6/><V113/><F113/><W42/><AGARI ba="0,1" hai="20,21,28,29,31,42,47,48,50,52,56,86,88,94" machi="42" ten="30,12000,2" yaku="1,1,2,1,0,1,8,1,54,2,53,1" doraHai="120" doraHaiUra="53" who="3" fromWho="3" sc="190,-30,184,-30,380,-60,236,130" /><INIT seed="3,0,0,1,5,55" ten="160,154,320,366" oya="3" hai0="12,93,122,132,3,79,103,76,4,19,129,21,14" hai1="26,62,18,35,75,25,108,1,8,44,9,83,116" hai2="58,117,28,115,34,16,124,123,32,43,70,10,57" hai3="91,50,104,65,47,97,39,69,106,112,131,128,95"/><W107/><G39/><T40/><D122/><U82/><E108/><V86/><F115/><W61/><REACH who="3" step="1"/><G112/><REACH who="3" ten="160,154,320,356" step="2"/><T60/><D129/><U84/><E116/><V105/><F117/><W5/><G5/><T59/><D4/><U72/><E1/><V109/><F123/><W54/><AGARI ba="0,1" hai="47,50,54,61,65,69,91,95,97,104,106,107,128,131" machi="54" ten="40,3900,0" yaku="1,1,0,1,53,0" doraHai="55" doraHaiUra="13" who="3" fromWho="3" sc="160,-13,154,-13,320,-13,356,49" /><INIT seed="3,1,0,3,5,111" ten="147,141,307,405" oya="3" hai0="121,83,91,132,93,78,67,42,80,47,0,133,39" hai1="57,110,69,108,13,102,90,16,26,24,119,66,113" hai2="5,48,45,120,114,128,29,34,1,6,99,40,62" hai3="54,43,49,50,20,3,76,105,18,11,81,117,130"/><W101/><G130/><T36/><D121/><U116/><E69/><V97/><F128/><W88/><G117/><N who="1" m="45130" /><E102/><V31/><F120/><W74/><G43/><T38/><D0/><U21/><E90/><V104/><F114/><W25/><G105/><T89/><D67/><U9/><E66/><V8/><F5/><W44/><G101/><T41/><D78/><U98/><E98/><V107/><F107/><W123/><G123/><T32/><D32/><U37/><E37/><V53/><F104/><W28/><G49/><T115/><D115/><U17/><E57/><V15/><F1/><W129/><G129/><T135/><D47/><U35/><E113/><V86/><F86/><W71/><G71/><T79/><D79/><U125/><E125/><V68/><F34/><W55/><G55/><T87/><REACH who="0" step="1"/><D80/><REACH who="0" ten="137,141,307,405" step="2"/><U51/><E51/><V58/><F68/><W75/><G76/><T7/><D7/><U100/><E100/><V131/><F131/><W64/><G64/><T94/><D94/><U103/><E103/><V127/><F127/><W85/><G3/><T4/><D4/><U60/><E60/><V109/><F109/><N who="1" m="42089" /><E35/><V82/><F82/><W73/><G74/><T52/><D52/><U106/><E106/><V134/><F62/><W124/><G124/><T56/><D56/><U95/><E95/><V14/><F58/><W70/><G70/><T118/><D118/><U2/><E2/><V92/><F53/><W33/><G33/><T27/><D27/><AGARI ba="1,1" hai="9,13,16,17,21,24,26,27" m="42089,45130" machi="27" ten="30,8000,1" yaku="12,1,14,1,34,2,54,1" doraHai="111" who="1" fromWho="0" sc="137,-83,141,93,307,0,405,0" /><INIT seed="4,0,0,1,3,32" ten="54,234,307,405" oya="0" hai0="35,34,75,117,18,25,64,63,121,105,39,0,119" hai1="61,125,77,82,84,28,12,127,57,102,73,95,5" hai2="7,74,15,38,86,26,46,123,54,43,79,67,20" hai3="41,13,40,33,31,68,1,89,14,22,27,91,69"/><T111/><D75/><U70/><E70/><V98/><F123/><W108/><G108/><T50/><D121/><U114/><E28/><V118/><F118/><W19/><G1/><T6/><D39/><U120/><E120/><V23/><F67/><W62/><G69/><T8/><D105/><U76/><E114/><V109/><F109/><W92/><G89/><T49/><D111/><U104/><E5/><V131/><F131/><W94/><G92/><T126/><D126/><U51/><E51/><V122/><F122/><W116/><G116/><T45/><D49/><U4/><E4/><V134/><F134/><W83/><G83/><T135/><D135/><U133/><E12/><V130/><F74/><W11/><G62/><T21/><D117/><U106/><E133/><V55/><F98/><W17/><G68/><T78/><D78/><U128/><E128/><V87/><F130/><W100/><G100/><T44/><D44/><U129/><E129/><V24/><F7/><W88/><G91/><T103/><D103/><U29/><E29/><V65/><F65/><W56/><G56/><T37/><D37/><U112/><E112/><V16/><F15/><W2/><G2/><T30/><D30/><U53/><E77/><V36/><F79/><W97/><AGARI ba="0,0" hai="11,13,14,17,19,22,27,31,33,40,41,88,94,97" machi="97" ten="20,2700,0" yaku="0,1,7,1,54,1" doraHai="32" who="3" fromWho="3" sc="54,-13,234,-7,307,-7,405,27" /><INIT seed="5,0,0,4,2,14" ten="41,227,300,432" oya="1" hai0="37,131,88,86,20,116,33,58,1,134,55,52,117" hai1="91,26,122,53,64,40,46,129,71,17,10,44,6" hai2="30,95,38,109,25,18,112,13,89,83,36,87,82" hai3="22,41,132,73,76,24,103,128,115,69,114,74,60"/><U94/><E129/><V99/><F109/><W51/><G132/><T130/><D33/><U107/><E107/><V96/><F112/><N who="3" m="43051" /><G76/><T126/><D1/><U127/><E127/><V125/><F125/><W118/><G118/><N who="0" m="45675" /><D126/><U12/><E122/><V97/><F38/><W66/><G103/><T5/><D5/><U29/><E53/><N who="0" m="20553" /><D37/><U72/><E72/><V78/><F36/><W21/><G21/><T106/><D106/><U90/><E40/><V42/><F42/><W0/><G0/><T123/><D58/><U47/><E6/><V120/><F120/><W105/><G128/><N who="0" m="49195" /><D20/><U70/><E64/><V121/><F121/><W59/><G59/><T92/><D123/><U49/><E49/><V15/><F78/><W3/><G3/><T19/><D19/><U80/><E80/><N who="2" m="30763" /><F18/><N who="3" m="12375" /><G105/><T81/><D81/><U62/><E62/><V135/><F95/><W85/><G85/><T68/><D68/><U35/><REACH who="1" step="1"/><E94/><REACH who="1" ten="41,217,300,432" step="2"/><V45/><F45/><AGARI ba="0,1" hai="41,45,51,60,66,69,73,74" m="12375,43051" machi="45" ten="30,2000,0" yaku="15,1,52,1" doraHai="14" who="3" fromWho="2" sc="41,0,217,0,300,-20,432,30" /><INIT seed="6,0,0,4,5,54" ten="41,217,280,462" oya="2" hai0="27,2,135,96,6,78,103,66,34,79,35,75,82" hai1="77,5,33,133,30,126,26,92,20,62,114,111,112" hai2="25,61,4,73,43,44,58,83,57,49,7,94,107" hai3="106,99,16,39,124,1,97,67,53,93,19,40,72"/><V56/><F107/><W50/><G72/><T70/><D79/><U129/><E111/><V47/><F25/><W125/><G1/><T86/><D86/><U32/><E77/><V64/><F73/><W104/><G39/><T85/><D85/><U84/><E129/><V21/><F83/><W42/><G67/><T80/><D80/><U132/><E126/><N who="3" m="48746" /><G40/><T8/><D135/><N who="1" m="51787" /><E84/><V0/><F0/><W88/><G42/><T71/><D27/><U120/><E92/><V28/><F28/><W31/><G31/><T68/><REACH who="0" step="1"/><D66/><REACH who="0" ten="31,217,280,462" step="2"/><U11/><E120/><V45/><F64/><W65/><G65/><T51/><D51/><U14/><E62/><V123/><F49/><W22/><G97/><T102/><D102/><U18/><E33/><V117/><F61/><W17/><G22/><T105/><AGARI ba="0,1" hai="2,6,8,34,35,68,70,71,75,78,82,96,103,105" machi="105" ten="30,8000,1" yaku="1,1,0,1,33,3,53,0" doraHai="54" doraHaiUra="87" who="0" fromWho="0" sc="31,90,217,-20,280,-40,462,-20" /><INIT seed="7,0,0,3,3,66" ten="121,197,240,442" oya="3" hai0="108,0,128,102,23,55,111,15,4,89,90,84,96" hai1="64,20,103,116,32,123,51,95,110,76,100,83,99" hai2="130,36,106,80,46,78,48,9,10,52,37,18,87" hai3="3,16,81,75,61,105,124,8,2,135,33,101,50"/><W21/><G50/><T26/><D0/><U127/><E123/><V34/><F106/><W129/><G135/><T1/><D1/><U24/><E110/><V58/><F34/><W67/><G16/><T31/><D128/><U73/><E127/><V35/><F35/><W114/><G21/><T22/><D108/><U59/><E116/><V12/><F130/><W131/><G114/><T121/><D121/><U118/><E118/><V6/><F58/><W72/><G61/><T7/><D111/><U56/><E32/><V132/><F132/><W68/><G67/><T77/><D7/><U40/><E100/><V5/><F5/><W28/><G124/><T41/><D41/><U115/><E115/><V69/><F69/><W86/><G68/><T62/><D102/><U79/><E76/><V126/><F126/><W107/><G105/><T63/><D77/><U122/><E122/><V47/><F47/><W60/><G107/><T98/><D90/><U29/><E40/><V133/><F133/><W30/><G2/><AGARI ba="0,0" hai="2,6,9,10,12,18,36,37,46,48,52,78,80,87" machi="2" ten="30,2000,0" yaku="7,1,54,1" doraHai="66" who="2" fromWho="3" sc="121,0,197,0,240,20,442,-20" owari="121,-37.9,197,-20.3,260,6.0,422,52.2" /></mjloggm>