<mjloggm ver="2.3"><GO type="169" lobby="0"/><UN n0="%E7%B4%94%E6%BD%94%E3%83%94%E3%83%A9%E3%83%8B%E3%82%A2" n1="%E5%9C%A7%E5%80%92%E7%9A%84%E3%83%9D%E3%83%B3" n2="%E6%9C%88%E5%A4%9C%E3%81%AB%E9%A2%A8" n3="%E3%81%8B%E3%81%AA%E3%81%8D%E3%83%BC" dan="16,17,16,17" rate="2186.81,2192.70,2086.09,2209.35" sx="M,M,M,F"/><TAIKYOKU oya="0"/><INIT seed="0,0,0,1,5,98" ten="250,250,250,250" oya="0" hai0="0,22,8,50,31,134,20,90,87,33,27,59,28" hai1="12,21,74,84,3,61,38,116,132,18,55,103,35" hai2="130,63,53,29,54,85,80,100,118,42,121,127,75" hai3="47,102,65,68,44,7,135,40,123,122,78,10,76"/><T129/><D134/><U64/><E74/><V32/><F121/><N who="3" m="46091" /><G135/><T36/><D36/><U46/><E132/><V111/><F111/><W1/><G102/><T125/><D129/><U30/><E3/><V105/><F127/><W89/><G89/><T56/><D125/><U92/><E116/><V43/><F75/><W45/><G40/><T16/><D33/><U107/><E107/><V106/><F130/><W23/><G23/><T124/><D124/><U19/><E19/><V13/><F118/><W93/><G93/><T4/><D50/><U14/><E30/><V97/><F106/><W91/><G91/><T73/><D73/><U113/><E35/><V115/><F115/><W96/><G96/><T114/><D114/><U86/><E113/><V72/><F72/><W25/><G25/><T83/><REACH who="0" step="1"/><D28/><REACH who="0" ten="240,250,250,250" step="2"/><U126/><E126/><V94/><F29/><W88/><G88/><T52/><D52/><U112/><E55/><V101/><F54/><W82/><G82/><T79/><D79/><U81/><E112/><V9/><F32/><W119/><G119/><T67/><D67/><U49/><E64/><V17/><F53/><W34/><G34/><T62/><D62/><AGARI ba="0,1" hai="1,7,10,44,45,47,62,65,68,76,78" m="46091" machi="62" ten="30,1000,0" yaku="13,1" doraHai="98" who="3" fromWho="0" sc="240,-10,250,0,250,0,250,20" /><INIT seed="1,0,0,0,3,84" ten="230,250,250,270" oya="1" hai0="17,50,73,59,77,93,109,112,107,111,19,35,52" hai1="58,3,23,81,10,69,55,44,42,29,118,25,72" hai2="34,103,82,62,64,20,16,126,57,26,78,120,47" hai3="133,51,129,130,5,122,76,46,41,96,124,104,11"/><U99/><E118/><V27/><F126/><W80/><G122/><T14/><D107/><U22/><E69/><V85/><F120/><W71/><G71/><T92/><D35/><U63/><E99/><V98/><F47/><W70/><G70/><T4/><D112/><U2/><E23/><V121/><F121/><W108/><G108/><N who="0" m="41547" /><D4/><U106/><E106/><V127/><F127/><W21/><G124/><T40/><D40/><U12/><E81/><V33/><REACH who="2" step="1"/><F26/><REACH who="2" ten="230,250,240,270" step="2"/><W65/><G46/><T117/><D117/><U105/><E72/><V53/><F53/><W115/><G115/><T28/><D28/><U45/><E44/><V131/><F131/><W9/><G129/><T54/><D54/><U88/><E105/><AGARI ba="0,1" hai="16,20,27,33,34,57,62,64,78,82,85,98,103,105" machi="105" ten="30,3900,0" yaku="1,1,7,1,54,1,53,0" doraHai="84" doraHaiUra="128" who="2" fromWho="1" sc="230,0,250,-39,240,49,270,0" /><INIT seed="2,0,0,4,5,112" ten="230,211,289,270" oya="2" hai0="81,13,85,0,84,134,100,122,68,58,55,42,66" hai1="17,94,80,36,16,32,130,2,47,133,43,76,75" hai2="50,53,35,74,113,31,22,83,92,44,18,34,24" hai3="128,88,127,33,14,52,78,9,71,86,7,93,95"/><V1/><F113/><W125/><G71/><T3/><D122/><U126/><E126/><N who="3" m="48138" /><G33/><T73/><D134/><U109/><E133/><V41/><F1/><W89/><G78/><T12/><D42/><U82/><E130/><V123/><F123/><W63/><G128/><T56/><D100/><U37/><E109/><V67/><F67/><W115/><G115/><T51/><D68/><U19/><E32/><V26/><F35/><W11/><G9/><T98/><D98/><U117/><E117/><V54/><REACH who="2" step="1"/><F92/><REACH who="2" ten="230,211,279,270" step="2"/><W39/><G95/><T79/><D0/><U4/><E94/><V107/><F107/><W87/><G93/><T62/><D3/><U91/><E82/><V120/><F120/><W105/><G105/><T129/><D129/><U40/><E91/><V77/><AGARI ba="0,1" hai="18,22,24,26,31,34,41,44,50,53,54,74,77,83" machi="77" ten="30,3000,0" yaku="1,1,0,1,53,0" doraHai="112" doraHaiUra="97" who="2" fromWho="2" sc="230,-10,211,-10,279,40,270,-10" /><INIT seed="2,1,0,3,3,93" ten="220,201,319,260" oya="2" hai0="107,34,41,53,96,42,19,86,3,106,27,67,57" hai1="9,63,115,78,16,116,28,17,22,122,108,120,10" hai2="18,49,59,11,64,123,24,117,80,50,99,21,70" hai3="100,109,12,121,81,52,132,131,35,14,1,60,48"/><V134/><F117/><W105/><G1/><T84/><D3/><U8/><E78/><V4/><F123/><N who="1" m="47145" /><E63/><N who="2" m="38015" /><F70/><W40/><G121/><T13/><D67/><U91/><E116/><V72/><F72/><W54/><G35/><T30/><D42/><U56/><E56/><V130/><F134/><W83/><G132/><T94/><D41/><U15/><E91/><V43/><F130/><W31/><G131/><T36/><D36/><U33/><E115/><V125/><F125/><W101/><G31/><T68/><D68/><U74/><E74/><V69/><F69/><W98/><G109/><T6/><D84/><U23/><E108/><V87/><F43/><W103/><G40/><T133/><D86/><U128/><E128/><V62/><F62/><W32/><G60/><T66/><D66/><U135/><E135/><V124/><F124/><W73/><G32/><T39/><D39/><U102/><E102/><V110/><F110/><W38/><G38/><T61/><D133/><U71/><E71/><V37/><F37/><W46/><G54/><T82/><D82/><U95/><E95/><V29/><F87/><W118/><G118/><T45/><D45/><U119/><E119/><V58/><F80/><W88/><G73/><T55/><D53/><U5/><E33/><V112/><F58/><W97/><G81/><T104/><D104/><U89/><E89/><V47/><F47/><W129/><G129/><T92/><D107/><U127/><E127/><V26/><F112/><W77/><G105/><T44/><D44/><U76/><E76/><V20/><F50/><W79/><G79/><RYUUKYOKU ba="1,0" sc="220,0,201,0,319,0,260,0" /><INIT seed="3,2,0,3,2,107" ten="220,201,319,260" oya="3" hai0="121,20,39,46,109,114,91,133,75,102,120,9,49" hai1="62,8,23,74,59,89,36,103,32,72,38,83,24" hai2="76,52,14,78,80,116,45,26,130,125,131,92,71" hai3="126,70,132,61,21,81,60,87,86,95,65,22,124"/><W30/><G132/><T55/><D133/><U58/><E32/><V82/><F71/><W48/><G48/><T33/><D33/><U16/><E103/><V135/><F116/><W44/><G44/><T97/><D109/><U73/><E59/><V43/><F135/><W85/><G61/><T64/><D114/><U117/><E117/><V7/><F125/><N who="3" m="48235" /><G95/><T96/><D64/><U99/><E8/><N who="2" m="4383" /><F92/><W12/><G12/><T101/><D9/><U3/><E3/><V31/><F80/><W19/><G30/><T69/><D69/><U17/><E17/><V111/><F111/><W93/><G93/><T118/><D118/><U37/><E99/><V108/><F108/><W104/><G104/><T1/><D1/><U98/><E98/><V122/><F122/><W50/><G50/><T63/><D63/><U56/><REACH who="1" step="1"/><E62/><REACH who="1" ten="220,191,319,260" step="2"/><V115/><F31/><W18/><G18/><T119/><D96/><U112/><E112/><V88/><F115/><W34/><G34/><T35/><D97/><U57/><E57/><V27/><F45/><W47/><G47/><T2/><D35/><U106/><E106/><V68/><F68/><W100/><G100/><T67/><D102/><U90/><E90/><V129/><F88/><N who="3" m="51247" /><G19/><T54/><D101/><U6/><E6/><V28/><F28/><W105/><G105/><T128/><D119/><U113/><E113/><V10/><F130/><W25/><G21/><T66/><D20/><U42/><E42/><V94/><F43/><W53/><G22/><T84/><D128/><U15/><E15/><V11/><F131/><W13/><G70/><RYUUKYOKU ba="2,1" sc="220,-10,191,30,319,-10,260,-10" hai1="16,23,24,36,37,38,56,58,72,73,74,83,89" /><INIT seed="4,3,1,4,3,116" ten="210,221,309,250" oya="0" hai0="9,32,2,84,93,114,29,109,95,119,121,86,67" hai1="25,134,101,61,124,20,57,28,94,123,91,6,125" hai2="130,26,43,100,18,82,40,63,27,117,80,126,133" hai3="96,128,53,7,107,69,5,87,56,15,105,83,70"/><T78/><D119/><U10/><E134/><V31/><F117/><W129/><G69/><T22/><D32/><U73/><E73/><V98/><F133/><W74/><G70/><T90/><D114/><U99/><E91/><V52/><F126/><W48/><G74/><T35/><D35/><U112/><E112/><V4/><F4/><N who="3" m="1611" /><G15/><T11/><D2/><U115/><E115/><V23/><F130/><N who="3" m="50283" /><G96/><T111/><D67/><N who="1" m="39343" /><E123/><V65/><F43/><W132/><G132/><T85/><D121/><U118/><E118/><V68/><F52/><W110/><G110/><N who="0" m="41995" /><D78/><AGARI ba="3,1" hai="48,53,56,78,83,87,105,107" m="50283,1611" machi="78" ten="30,1000,0" yaku="19,1" doraHai="116" who="3" fromWho="0" sc="210,-19,221,0,309,0,250,29" /><INIT seed="5,0,0,0,4,90" ten="191,221,309,279" oya="1" hai0="46,75,45,98,107,111,127,88,82,65,38,103,126" hai1="37,40,35,27,81,130,33,72,78,71,54,70,87" hai2="55,135,102,119,34,106,14,42,63,36,77,28,3" hai3="60,105,10,43,118,16,104,51,1,100,124,83,53"/><U26/><E130/><V84/><F3/><W62/><G124/><N who="0" m="47659" /><D38/><U69/><E72/><V76/><F135/><W25/><G118/><T74/><D65/><U2/><E2/><V48/><F63/><W120/><G120/><T132/><D132/><U57/><E40/><V9/><F36/><W11/><G43/><T97/><D111/><U22/><E37/><V41/><F119/><W79/><G60/><T23/><D23/><U66/><E66/><V112/><F112/><W56/><G62/><T32/><D32/><U122/><E122/><V129/><F129/><W67/><G67/><T73/><D82/><U89/><E78/><V99/><F28/><W68/><G68/><T123/><D123/><U94/><E81/><V86/><F34/><W15/><G25/><T61/><D61/><U92/><E92/><AGARI ba="0,0" hai="45,46,73,74,75,88,92,97,98,103,107" m="47659" machi="92" ten="40,5200,0" yaku="18,1,52,1,54,1" doraHai="90" who="0" fromWho="1" sc="191,52,221,-52,309,0,279,0" /><INIT seed="6,0,0,3,2,63" ten="243,169,309,279" oya="2" hai0="105,104,110,28,33,114,30,85,74,48,117,112,88" hai1="49,66,86,129,39,62,109,34,102,87,80,124,121" hai2="24,0,17,76,20,32,70,2,93,31,56,3,10" hai3="29,103,106,119,15,97,59,38,98,128,115,77,54"/><V131/><F70/><W125/><G119/><T90/><D110/><U96/><E39/><V75/><F75/><W83/><G38/><T58/><D74/><U84/><E109/><V50/><F76/><W43/><G43/><T118/><D48/><U126/><E34/><V37/><F37/><W46/><G46/><T68/><D58/><U16/><E49/><V127/><F93/><W45/><G45/><T73/><D73/><U133/><E121/><V107/><F107/><N who="0" m="41034" /><D68/><U1/><E1/><V69/><F69/><W113/><G29/><N who="0" m="11371" /><D33/><U47/><E47/><V14/><F127/><N who="1" m="48681" /><E129/><V22/><F131/><W78/><G128/><T71/><D71/><N who="1" m="42455" /><E133/><V130/><F130/><W13/><G125/><T100/><D100/><U42/><E42/><V52/><AGARI ba="0,0" hai="0,2,3,10,14,17,20,22,24,31,32,50,52,56" machi="52" ten="40,3900,0" yaku="0,1,54,1" doraHai="63" who="2" fromWho="2" sc="243,-13,169,-13,309,39,279,-13" /><INIT seed="6,1,0,0,3,122" ten="230,156,348,266" oya="2" hai0="119,116,110,81,135,11,17,77,96,13,102,112,42" hai1="46,71,55,126,68,10,6,19,113,34,89,8,18" hai2="47,115,53,35,79,127,93,105,40,24,63,104,128" hai3="54,44,107,72,4,0,22,108,61,57,84,43,94"/><V75/><F115/><W90/><G107/><T109/><D112/><U49/><E113/><V7/><F127/><W48/><G72/><T101/><D42/><U86/><E126/><V41/><F128/><W20/><G108/><N who="0" m="41579" /><D96/><U88/><E34/><V132/><F7/><W74/><G74/><N who="0" m="43191" /><D135/><U52/><E55/><V33/><F53/><W1/><G1/><T25/><D25/><U80/><E89/><V66/><F24/><W124/><G124/><T134/><D134/><U21/><E19/><V92/><F75/><W60/><G0/><T62/><D62/><U9/><REACH who="1" step="1"/><E6/><REACH who="1" ten="230,146,348,266" step="2"/><V83/><F132/><W37/><G4/><T2/><D2/><U91/><E91/><V120/><F41/><W82/><G43/><T78/><D78/><U23/><E23/><V69/><F79/><W118/><G20/><T31/><D31/><U129/><E129/><V100/><F40/><W111/><G22/><T28/><D28/><U14/><AGARI ba="1,1" hai="8,9,10,14,18,21,46,49,52,68,71,80,86,88" machi="14" ten="30,7900,0" yaku="1,1,0,1,54,2,53,0" doraHai="122" doraHaiUra="131" who="1" fromWho="1" sc="230,-21,146,92,348,-40,266,-21" /><INIT seed="7,0,0,2,2,124" ten="209,238,308,245" oya="3" hai0="46,1,16,59,47,23,42,33,66,63,51,57,22" hai1="114,73,4,7,8,6,30,112,72,111,133,101,93" hai2="98,49,27,65,115,76,74,78,13,31,26,83,104" hai3="91,37,15,39,80,117,54,56,62,108,25,128,21"/><W29/><G117/><T106/><D106/><U88/><E101/><V121/><F115/><N who="1" m="44073" /><E111/><V0/><F0/><W120/><G120/><T85/><D33/><U17/><E133/><V107/><F78/><W110/><G128/><T87/><D1/><U86/><E30/><V122/><F65/><W131/><G131/><T132/><D132/><U68/><E68/><V127/><F127/><W77/><G91/><T119/><D119/><U61/><E61/><V82/><F82/><W3/><G15/><AGARI ba="0,0" hai="4,6,7,8,15,17,72,73,86,88,93" m="44073" machi="15" ten="30,2000,0" yaku="15,1,54,1" doraHai="124" who="1" fromWho="3" sc="209,0,238,20,308,0,245,-20" owari="209,-29.1,258,5.8,308,40.8,225,-17.5" /></mjloggm>