<mjloggm ver="2.3"><GO type="169" lobby="0"/><UN n0="%62%69%70%73%64" n1="%2D%E8%B1%8A%E5%8F%A3%E3%82%81%E3%81%90%E3%81%BF%2D" n2="%73%69%65%72%61%34%30%31" n3="%E3%82%BC%E3%83%B3%E3%83%84%E3%83%9E%E3%82%B7%E3%83%BC%E3%83%B3" dan="18,17,17,16" rate="2254.21,2196.95,2230.74,2147.37" sx="M,F,F,M"/><TAIKYOKU oya="0"/><INIT seed="0,0,0,0,4,52" ten="250,250,250,250" oya="0" hai0="65,108,51,121,87,110,97,34,116,80,67,61,73" hai1="28,132,31,103,70,124,40,36,96,63,131,19,23" hai2="84,98,1,79,81,17,95,11,2,83,101,122,54" hai3="104,89,25,9,107,133,111,29,90,117,14,7,27"/><T53/><D73/><U130/><E124/><V59/><F122/><W42/><G117/><T77/><D116/><U78/><E78/><V88/><F17/><W30/><G111/><N who="0" m="42539" /><D121/><U99/><E132/><V115/><F11/><W128/><G128/><N who="1" m="49194" /><E40/><V126/><F126/><W93/><G42/><T13/><D34/><U48/><E48/><V135/><F115/><W35/><G133/><T64/><D97/><U102/><E36/><V106/><F135/><W94/><G94/><T100/><D100/><N who="1" m="38443" /><E63/><V3/><REACH who="2" step="1"/><F79/><REACH who="2" ten="250,250,240,250" step="2"/><W16/><G7/><T43/><D13/><N who="1" m="9711" /><E70/><V45/><F45/><W71/><G71/><N who="0" m="42383" /><D43/><U118/><E118/><V129/><F129/><W22/><REACH who="3" step="1"/><G90/><REACH who="3" ten="250,250,240,240" step="2"/><T21/><D77/><U5/><E5/><V4/><F4/><W58/><G58/><T75/><D75/><U86/><E86/><AGARI ba="0,2" hai="9,14,16,22,25,27,29,30,35,86,89,93,104,107" machi="86" ten="30,3900,0" yaku="1,1,7,1,54,1,53,0" doraHai="52" doraHaiUra="134" who="3" fromWho="1" sc="250,0,250,-39,240,0,240,59" /><INIT seed="1,0,0,1,4,120" ten="250,211,240,299" oya="1" hai0="70,65,78,90,66,41,32,54,6,80,61,23,67" hai1="121,58,47,103,123,75,126,130,42,135,77,89,81" hai2="73,34,118,104,1,35,99,63,114,52,17,92,38" hai3="98,88,2,87,68,49,8,13,50,74,91,134,7"/><U116/><E116/><V128/><F118/><W64/><G74/><T102/><D32/><U9/><E126/><V131/><F38/><W24/><G134/><T117/><D117/><U44/><E135/><V76/><F104/><W15/><G24/><T69/><D102/><U133/><E133/><V129/><F1/><W86/><G98/><T48/><D90/><U26/><E130/><V55/><F114/><W39/><G39/><T95/><D95/><U124/><E124/><V105/><F105/><W109/><G109/><T37/><D23/><U82/><E103/><V71/><F17/><W94/><G64/><N who="0" m="41103" /><D80/><U100/><E100/><N who="2" m="60519" /><F71/><W21/><G68/><T122/><D78/><U106/><E106/><V3/><F3/><W51/><REACH who="3" step="1"/><G21/><REACH who="3" ten="250,211,240,289" step="2"/><T84/><D67/><U85/><E26/><V125/><F125/><W60/><G60/><T115/><D66/><U113/><E113/><V11/><F63/><W101/><G101/><T12/><D65/><U28/><E121/><V93/><F34/><W40/><G40/><T96/><D41/><U10/><E123/><V119/><F35/><W62/><G62/><T127/><D37/><U16/><E42/><V79/><F119/><W4/><G4/><T110/><D70/><U107/><E107/><V19/><F73/><W108/><G108/><T18/><D110/><U46/><E28/><V20/><F20/><W30/><G30/><T72/><D127/><U59/><REACH who="1" step="1"/><E16/><REACH who="1" ten="250,201,240,289" step="2"/><V45/><F19/><W33/><G33/><T0/><D122/><U36/><E36/><V27/><F27/><W53/><G53/><T97/><D54/><RYUUKYOKU ba="0,2" sc="250,-15,201,15,240,-15,289,15" hai1="9,10,44,46,47,58,59,75,77,81,82,85,89" hai3="2,7,8,13,15,49,50,51,86,87,88,91,94" /><INIT seed="1,1,2,2,4,87" ten="235,216,225,304" oya="1" hai0="101,65,100,45,125,49,133,0,97,81,48,50,118" hai1="60,116,34,135,28,33,54,18,66,71,64,75,73" hai2="10,5,68,79,76,58,7,6,74,83,37,98,41" hai3="44,53,110,16,17,112,35,38,62,70,131,78,42"/><U47/><E116/><V117/><F68/><W103/><G112/><T19/><D118/><U127/><E127/><V115/><F117/><W132/><G110/><T134/><D0/><U31/><E18/><V106/><F115/><W23/><G35/><T102/><D125/><U43/><E54/><V107/><F79/><W113/><G113/><T94/><D65/><U67/><E60/><V24/><F24/><W126/><G126/><T14/><D81/><U90/><E71/><V89/><F58/><W69/><G131/><T129/><D45/><U120/><E120/><V21/><F21/><W26/><G132/><N who="0" m="50795" /><D129/><U55/><E55/><V22/><F22/><AGARI ba="1,2" hai="14,19,22,48,49,50,94,97,100,101,102" m="50795" machi="22" ten="30,1000,0" yaku="20,1" doraHai="87" who="0" fromWho="2" sc="235,33,216,0,225,-13,304,0" /><INIT seed="2,0,0,4,0,37" ten="268,216,212,304" oya="2" hai0="46,24,101,63,76,110,94,114,80,12,82,54,87" hai1="19,109,95,20,22,48,113,36,9,70,66,33,91" hai2="6,2,51,112,32,25,122,40,50,73,85,41,124" hai3="92,84,11,14,34,123,15,125,58,99,133,115,47"/><V38/><F112/><W4/><G123/><T72/><D114/><U45/><E113/><V43/><F122/><W26/><G115/><T35/><D110/><U71/><E33/><V61/><F38/><W111/><G111/><T13/><D35/><U106/><E106/><V83/><F73/><W120/><G120/><T86/><D72/><U59/><E109/><V90/><F124/><W65/><G125/><T77/><D24/><U18/><E9/><V17/><F2/><W135/><G84/><T93/><D63/><U128/><E128/><V10/><F61/><W0/><G65/><T121/><D121/><U74/><E66/><V103/><F103/><W78/><G58/><T127/><D127/><U57/><E36/><V23/><REACH who="2" step="1"/><F32/><REACH who="2" ten="268,216,202,304" step="2"/><W68/><G34/><T69/><D101/><U116/><E74/><V119/><F119/><W104/><G0/><T132/><D69/><U118/><E118/><V81/><F81/><W7/><G68/><T131/><D82/><U129/><E116/><V53/><F53/><W28/><G135/><T21/><D54/><U75/><E75/><V42/><N who="2" m="10240" /><DORA hai="30" /><V1/><AGARI ba="0,1" hai="1,6,10,17,23,25,50,51,83,85,90" m="10240" machi="1" ten="40,18000,2" yaku="1,1,4,1,0,1,52,4,53,0" doraHai="37,30" doraHaiUra="27,64" who="2" fromWho="2" sc="268,-60,216,-60,202,190,304,-60" /><INIT seed="2,1,0,2,1,9" ten="208,156,392,244" oya="2" hai0="66,24,26,55,111,3,108,62,94,25,135,12,117" hai1="5,42,51,46,78,16,21,54,129,82,127,49,60" hai2="57,20,74,43,50,104,105,47,89,128,100,134,85" hai3="69,116,107,106,64,114,81,32,44,36,75,7,88"/><V113/><F113/><W87/><G32/><T28/><D3/><U109/><E109/><N who="0" m="42057" /><D135/><U133/><E133/><V93/><F134/><W18/><G116/><T63/><D117/><U41/><E127/><V118/><F118/><W79/><G114/><T95/><D28/><U56/><E5/><V73/><F128/><W83/><G7/><T132/><D132/><U67/><E129/><V33/><F33/><W45/><G18/><T71/><D55/><U76/><E82/><V10/><F10/><W110/><G110/><T112/><D112/><U86/><E86/><V90/><F57/><W119/><G119/><T38/><D38/><U120/><E120/><V34/><F34/><W103/><G36/><T0/><D63/><U125/><E125/><V102/><F20/><W92/><G83/><T40/><D40/><U123/><E123/><V72/><F47/><W77/><G77/><T70/><D71/><U48/><E42/><V99/><F50/><W52/><G52/><T13/><D0/><U27/><REACH who="1" step="1"/><E49/><REACH who="1" ten="208,146,392,244" step="2"/><V121/><F43/><W14/><G81/><T98/><D95/><U22/><E22/><V4/><F4/><W58/><G92/><T6/><D6/><U37/><E37/><V8/><F8/><W97/><G107/><N who="2" m="41033" /><F121/><W61/><G106/><T91/><AGARI ba="1,1" hai="12,13,24,25,26,62,66,70,91,94,98" m="42057" machi="91" ten="30,4000,0" yaku="14,1,52,2" doraHai="9" who="0" fromWho="0" sc="208,53,146,-11,392,-21,244,-11" /><INIT seed="3,0,0,4,2,7" ten="261,135,371,233" oya="3" hai0="35,49,18,30,82,126,19,124,37,44,55,109,114" hai1="76,113,77,51,107,63,115,132,54,118,52,133,48" hai2="117,39,11,42,89,64,5,85,28,41,36,128,47" hai3="6,13,33,75,24,97,21,119,1,83,72,45,66"/><W105/><G119/><T92/><D109/><U2/><E2/><V57/><F117/><W129/><G129/><T70/><D70/><U50/><E118/><V91/><F128/><W123/><G123/><T134/><D134/><N who="1" m="51819" /><E107/><V94/><F28/><W122/><G122/><T125/><D114/><N who="1" m="43531" /><E63/><V121/><F121/><W16/><G66/><T14/><D37/><U34/><E34/><V59/><F64/><W116/><G116/><T131/><D131/><U102/><E102/><V56/><F89/><W46/><G105/><T120/><D120/><U27/><E27/><V29/><F29/><N who="3" m="19623" /><G97/><T106/><D106/><U73/><E73/><N who="3" m="28234" /><G83/><T31/><D82/><U95/><E95/><V100/><F100/><W61/><G61/><T62/><D35/><U127/><E127/><V12/><REACH who="2" step="1"/><F42/><REACH who="2" ten="261,135,361,233" step="2"/><W10/><AGARI ba="0,1" hai="1,6,10,13,16,21,45,46" m="28234,19623" machi="10" ten="30,6000,0" yaku="24,1,52,1,54,1" doraHai="7" who="3" fromWho="3" sc="261,-20,135,-20,361,-20,233,70" /><INIT seed="3,1,0,5,0,43" ten="241,115,341,303" oya="3" hai0="128,83,19,92,54,126,135,116,71,101,4,88,102" hai1="133,6,130,67,37,59,66,127,89,119,30,36,23" hai2="84,124,62,53,31,9,107,74,26,112,50,109,95" hai3="29,46,76,115,106,114,49,5,69,22,122,10,68"/><W58/><G122/><T52/><D116/><U2/><E119/><V82/><F112/><W99/><G76/><T118/><D118/><U86/><E127/><V132/><F107/><W35/><G35/><T39/><D71/><U24/><E133/><V61/><F109/><W64/><G58/><T16/><D39/><U12/><E2/><V91/><F124/><W40/><G29/><T98/><D126/><U57/><E37/><V63/><F132/><W47/><G22/><T97/><D135/><U25/><E36/><V48/><F74/><W81/><G81/><T60/><D4/><U1/><E1/><V11/><F48/><W70/><G64/><T111/><D128/><U18/><E130/><V85/><F26/><W134/><G134/><T79/><D60/><U8/><E66/><V42/><F42/><W65/><G65/><T51/><D111/><U73/><E73/><V14/><F14/><W56/><G56/><N who="0" m="32799" /><D54/><U108/><E108/><V33/><F31/><W13/><REACH who="3" step="1"/><G47/><REACH who="3" ten="241,115,341,293" step="2"/><T55/><D79/><U7/><E67/><V41/><F33/><W38/><G38/><T45/><D83/><U100/><E57/><N who="2" m="32951" /><F41/><W0/><G0/><T44/><D55/><U34/><E59/><V77/><AGARI ba="1,1" hai="9,11,61,62,63,77,82,84,85,91,95" m="32951" machi="77" ten="30,1100,0" yaku="8,1" doraHai="43" who="2" fromWho="2" sc="241,-4,115,-4,341,24,293,-6" /><INIT seed="4,0,0,0,5,83" ten="237,111,365,287" oya="0" hai0="131,7,60,24,101,20,69,130,113,26,107,57,108" hai1="46,6,19,63,1,135,70,23,132,85,99,100,127" hai2="40,64,5,34,98,81,105,50,110,12,96,15,84" hai3="121,133,103,95,13,93,134,117,42,38,10,128,124"/><T0/><D69/><U67/><E127/><V115/><F110/><W53/><G117/><T119/><D119/><U54/><E6/><V8/><F34/><W86/><G124/><T11/><D108/><U125/><E1/><V120/><F120/><W111/><G111/><T17/><D113/><U122/><E122/><V73/><F73/><W48/><G128/><N who="0" m="49195" /><D101/><U82/><E125/><V39/><F39/><W49/><G38/><T4/><D107/><U126/><E126/><V2/><F64/><W106/><G121/><T25/><D7/><U112/><E112/><V44/><F115/><W37/><G37/><T123/><D123/><U77/><E54/><AGARI ba="0,0" hai="0,4,11,17,20,24,25,26,54,57,60" m="49195" machi="54" ten="30,1500,0" yaku="19,1" doraHai="83" who="0" fromWho="1" sc="237,15,111,-15,365,0,287,0" /><INIT seed="4,1,0,0,0,54" ten="252,96,365,287" oya="0" hai0="22,94,36,118,29,131,88,124,73,16,121,102,97" hai1="128,19,86,69,72,30,129,111,76,134,35,47,21" hai2="91,44,32,80,13,50,85,24,109,105,45,9,55" hai3="113,15,112,33,90,123,108,120,135,10,3,78,37"/><T106/><D118/><U49/><E111/><V82/><F109/><W62/><G37/><T7/><D121/><N who="3" m="46665" /><G108/><T74/><D36/><U41/><E72/><V8/><F105/><W115/><G78/><T95/><D106/><U87/><E69/><V42/><F32/><W2/><G33/><T48/><D29/><U119/><E119/><V127/><F127/><W51/><G51/><T1/><D124/><U93/><E134/><V70/><F70/><W53/><G90/><T103/><D131/><U89/><E30/><V0/><F0/><W11/><G135/><T64/><D64/><U96/><E35/><V77/><F24/><W116/><G116/><T66/><D66/><U46/><E46/><V20/><F20/><W84/><G84/><T18/><D18/><U34/><E34/><V117/><F117/><W98/><G98/><T38/><D38/><U110/><E110/><V133/><F133/><W27/><G27/><T130/><D130/><U83/><REACH who="1" step="1"/><E96/><REACH who="1" ten="252,86,365,287" step="2"/><V122/><F44/><W67/><G115/><T60/><D74/><U57/><E57/><V58/><F122/><W107/><G113/><T4/><D73/><U23/><E23/><V101/><F45/><W31/><G31/><T61/><D97/><U63/><E63/><V39/><F58/><W12/><G62/><T132/><D132/><U59/><E59/><V14/><F8/><W68/><G11/><T71/><D71/><U126/><E126/><V5/><F9/><W100/><G10/><T56/><D22/><U28/><E28/><V125/><F125/><W6/><G112/><T114/><D114/><RYUUKYOKU ba="1,1" sc="252,-10,86,30,365,-10,287,-10" hai1="19,21,41,47,49,76,83,86,87,89,93,128,129" /><INIT seed="5,2,1,4,2,35" ten="242,116,355,277" oya="1" hai0="30,80,22,74,39,70,122,58,4,15,132,82,62" hai1="2,43,110,106,78,66,31,10,17,28,133,135,116" hai2="92,6,91,29,127,52,104,119,41,45,85,61,71" hai3="25,96,93,8,69,46,56,50,76,24,99,72,90"/><U94/><E106/><V75/><F119/><W9/><G69/><T23/><D39/><U13/><E78/><V20/><F75/><W38/><G38/><T54/><D70/><U19/><E43/><V129/><F104/><W44/><G72/><T98/><D132/><N who="1" m="50763" /><E66/><V21/><F127/><W14/><G76/><T51/><D122/><U37/><E37/><V83/><F129/><W26/><G56/><N who="0" m="32863" /><D74/><U36/><E36/><V33/><F33/><W42/><G46/><T108/><D108/><U7/><E94/><V103/><F6/><N who="3" m="3351" /><G9/><N who="0" m="4519" /><D98/><AGARI ba="2,1" hai="24,25,26,42,44,50,90,93,96,98,99" m="3351" machi="98" ten="30,1000,0" yaku="8,1" doraHai="35" who="3" fromWho="0" sc="242,-16,116,0,355,0,277,26" /><INIT seed="6,0,0,1,3,65" ten="226,116,355,303" oya="2" hai0="29,91,89,86,124,55,17,33,105,96,75,94,115" hai1="109,114,37,64,106,58,21,59,14,41,88,47,103" hai2="83,100,60,74,57,16,44,22,121,119,66,10,97" hai3="15,5,20,117,67,26,23,54,7,11,42,104,130"/><V36/><F119/><W27/><G117/><T2/><D2/><U134/><E109/><V6/><F121/><W1/><G104/><T43/><D75/><U31/><E114/><V113/><F113/><W85/><G130/><T46/><D115/><U40/><E134/><V56/><F36/><W28/><G42/><T30/><D124/><U72/><E72/><V18/><F44/><W25/><G54/><T70/><D33/><U111/><E111/><V38/><F38/><W32/><G67/><T19/><D70/><U77/><E77/><V51/><F51/><W12/><G85/><T50/><D105/><U135/><E41/><V108/><F108/><W128/><G128/><T78/><D78/><U127/><E135/><V73/><F57/><W92/><G92/><N who="0" m="56335" /><D55/><U82/><E127/><V87/><F10/><N who="3" m="4175" /><G23/><T52/><D43/><U49/><E103/><V95/><F18/><AGARI ba="0,0" hai="1,7,11,15,18,20,25,26,27,28,32" m="4175" machi="18" ten="30,12000,2" yaku="24,1,35,5" doraHai="65" who="3" fromWho="2" sc="226,0,116,0,355,-120,303,120" /><AGARI ba="0,0" hai="17,18,19,29,30,46,50,52,86,91,94" m="56335" machi="18" ten="30,2000,0" yaku="8,1,54,1" doraHai="65" who="0" fromWho="2" sc="226,20,116,0,235,-20,423,0" /><INIT seed="7,0,0,3,0,69" ten="246,116,215,423" oya="3" hai0="122,101,66,52,46,26,3,58,14,113,91,110,54" hai1="124,78,44,98,93,53,73,97,102,19,86,61,63" hai2="83,31,127,18,8,70,21,30,105,0,1,36,84" hai3="89,47,72,92,118,15,95,60,82,43,134,116,119"/><W71/><G134/><T115/><D3/><U9/><E124/><V130/><F70/><W41/><G41/><T125/><D122/><U59/><E73/><V57/><F105/><W108/><G15/><T37/><D110/><U40/><E97/><V56/><F36/><W27/><G27/><T13/><D101/><U28/><E28/><V16/><F130/><W126/><G60/><T20/><D66/><U2/><E63/><V25/><F127/><W120/><G71/><T96/><D13/><U55/><E55/><V32/><F0/><W117/><G117/><T87/><D14/><U131/><E131/><V17/><F31/><W42/><G42/><N who="0" m="22863" /><D58/><U129/><E129/><V7/><REACH who="2" step="1"/><F32/><REACH who="2" ten="246,116,205,423" step="2"/><W34/><G34/><T68/><D68/><U6/><E19/><V81/><F81/><W48/><G82/><N who="0" m="49655" /><D125/><U103/><E103/><V80/><F80/><W67/><G126/><T4/><D4/><U75/><E75/><V104/><F104/><W76/><G118/><T35/><D35/><U24/><E24/><V45/><F45/><W88/><G47/><T65/><D115/><U106/><E106/><V79/><AGARI ba="0,1" hai="1,7,8,16,17,18,21,25,30,56,57,79,83,84" machi="79" ten="30,4000,0" yaku="1,1,0,1,54,1,53,0" doraHai="69" doraHaiUra="64" who="2" fromWho="2" sc="246,-10,116,-10,205,50,423,-20" owari="236,-16.4,106,-39.4,255,5.5,403,50.3" /></mjloggm>