<mjloggm ver="2.3"><GO type="169" lobby="0"/><UN n0="%61%6B%61%69%6B%69" n1="%E8%99%9A%E6%B7%B5%E7%8E%84" n2="%E3%81%97%E3%82%87%E3%81%BC%E3%82%93%EF%BD%8E" n3="%E3%81%82%E3%81%95%E3%81%B4%E3%82%93%EF%BC%A0%EF%BD%8D%EF%BD%8A" dan="17,17,17,18" rate="2219.29,2198.90,2246.98,2229.34" sx="M,M,M,M"/><TAIKYOKU oya="0"/><INIT seed="0,0,0,5,3,118" ten="250,250,250,250" oya="0" hai0="82,47,110,108,96,59,97,87,1,128,132,71,3" hai1="104,84,127,4,36,34,43,75,32,125,2,120,107" hai2="92,37,48,135,114,13,130,68,105,26,69,129,72" hai3="61,46,122,28,62,70,25,24,22,123,31,57,14"/><T55/><D71/><U9/><E84/><V11/><F105/><N who="1" m="40521" /><E75/><V66/><F114/><W15/><G46/><T6/><D47/><N who="1" m="24039" /><E120/><N who="3" m="46122" /><G70/><T53/><D128/><U102/><E102/><V85/><F68/><W88/><G88/><N who="0" m="51319" /><D132/><U103/><E103/><V64/><F135/><W38/><G38/><T21/><D21/><U106/><E106/><V45/><F45/><W7/><G7/><T81/><D81/><U119/><E119/><V5/><F37/><W90/><G90/><T86/><D86/><U44/><E44/><V76/><F85/><W131/><G131/><T117/><D117/><U95/><E95/><V40/><F92/><W41/><G41/><T94/><D94/><U101/><E101/><V111/><F5/><W73/><G73/><T93/><D6/><U116/><E116/><V67/><F40/><W27/><G62/><T109/><D96/><U80/><E80/><V33/><F72/><W133/><G133/><T115/><D115/><U134/><E134/><V20/><F129/><W74/><G74/><T113/><D113/><U78/><E78/><V126/><F76/><W23/><G25/><T63/><D55/><AGARI ba="0,0" hai="14,15,22,23,24,27,28,31,55,57,61" m="46122" machi="55" ten="30,7700,0" yaku="13,1,52,3" doraHai="118" who="3" fromWho="0" sc="250,-77,250,0,250,0,250,77" /><INIT seed="1,0,0,5,4,23" ten="173,250,250,327" oya="1" hai0="65,67,45,127,85,3,28,55,87,79,125,17,95" hai1="102,81,104,12,135,120,46,35,75,11,119,99,82" hai2="20,21,105,73,91,69,52,115,5,40,13,93,68" hai3="118,58,122,117,16,27,49,29,94,50,60,59,134"/><U18/><E119/><N who="3" m="45578" /><G122/><T4/><D28/><U0/><E120/><V48/><F105/><W92/><G134/><T30/><D30/><U33/><E135/><V121/><F73/><W70/><G70/><T1/><D17/><U96/><E0/><V25/><F115/><W126/><G126/><N who="0" m="48139" /><D95/><N who="3" m="36393" /><G16/><T53/><D45/><U43/><E99/><V7/><F40/><W77/><G77/><T128/><D79/><U114/><E114/><V84/><F69/><W106/><G106/><T100/><D100/><U78/><REACH who="1" step="1"/><E81/><REACH who="1" ten="173,240,250,327" step="2"/><V2/><F121/><W62/><G62/><T47/><D3/><U108/><E108/><V64/><F2/><W103/><G103/><T57/><D1/><U63/><E63/><V66/><F93/><W90/><G90/><T109/><D109/><U24/><E24/><V76/><F25/><W14/><G14/><T42/><D128/><U89/><E89/><V71/><F91/><W38/><G60/><T130/><D130/><U22/><E22/><V133/><F20/><N who="3" m="15591" /><G38/><AGARI ba="0,1" hai="11,12,18,33,35,38,43,46,75,78,82,96,102,104" machi="38" ten="30,5800,0" yaku="1,1,7,1,53,1" doraHai="23" doraHaiUra="101" who="1" fromWho="3" sc="173,0,240,68,250,0,327,-58" /><INIT seed="1,1,0,1,5,75" ten="173,308,250,269" oya="1" hai0="62,94,26,39,101,3,51,73,134,93,6,88,5" hai1="71,7,80,103,87,47,56,30,85,96,97,128,67" hai2="130,23,118,124,129,89,107,79,13,22,32,112,113" hai3="69,41,38,120,114,81,70,12,2,63,60,77,8"/><U92/><E71/><V74/><F32/><W49/><G120/><T106/><D39/><U52/><E128/><N who="2" m="49259" /><F118/><W35/><G114/><N who="2" m="44137" /><F107/><W25/><G49/><T45/><D134/><U122/><E122/><V66/><F89/><W43/><G12/><T29/><D73/><U91/><E7/><V10/><F66/><W83/><G38/><T102/><D106/><U59/><E30/><V53/><F53/><W36/><G36/><T33/><D5/><U34/><E34/><V46/><F46/><W27/><G35/><T110/><D6/><U61/><E47/><V90/><F90/><W44/><G44/><T40/><D3/><U48/><REACH who="1" step="1"/><E103/><REACH who="1" ten="173,298,250,269" step="2"/><V17/><F124/><W72/><G69/><T16/><D102/><U65/><E65/><V121/><F121/><W20/><G70/><T115/><D115/><U111/><E111/><V127/><F127/><W57/><G2/><T95/><D110/><U37/><E37/><V54/><F54/><W78/><G43/><T84/><D101/><U100/><E100/><V125/><F125/><W68/><G41/><T119/><D119/><U99/><E99/><V76/><F74/><W123/><G123/><T24/><REACH who="0" step="1"/><D62/><REACH who="0" ten="163,298,250,269" step="2"/><U18/><E18/><V126/><F126/><W108/><G108/><T31/><D31/><U42/><E42/><V11/><F11/><W98/><G8/><T116/><D116/><U50/><E50/><V132/><F132/><W9/><G9/><T55/><D55/><U131/><E131/><V109/><F109/><W15/><G72/><T104/><D104/><U135/><E135/><V28/><F28/><RYUUKYOKU ba="1,2" sc="163,10,298,10,250,10,269,-30" hai0="16,24,26,29,33,40,45,51,84,88,93,94,95" hai1="48,52,56,59,61,67,80,85,87,91,92,96,97" hai2="10,13,17,22,23,76,79" /><INIT seed="1,2,2,2,1,48" ten="173,308,260,239" oya="1" hai0="91,0,1,95,77,9,3,32,120,33,56,63,22" hai1="97,106,72,5,125,81,123,31,111,2,24,62,57" hai2="109,38,59,64,53,66,73,117,21,34,122,23,93" hai3="126,67,102,127,96,25,94,82,133,42,99,17,110"/><U85/><E123/><V69/><F117/><W135/><G42/><T49/><D120/><U100/><E125/><N who="3" m="47626" /><G67/><T43/><D77/><U119/><E119/><V76/><F34/><W121/><G121/><T118/><D118/><U8/><E111/><V89/><F38/><W65/><G65/><T129/><D129/><U54/><E72/><V103/><F109/><W131/><G131/><T61/><BYE who="3" /><D9/><U60/><E85/><V128/><F103/><W74/><G74/><T92/><D22/><U87/><E62/><V40/><F21/><W83/><G83/><T19/><D19/><U39/><E39/><V71/><F40/><W78/><G78/><T116/><D116/><U113/><E113/><V36/><F36/><W98/><G98/><T75/><D75/><U80/><REACH who="1" step="1"/><E87/><REACH who="1" ten="173,298,260,239" step="2"/><V46/><F122/><W107/><G107/><T44/><D63/><U12/><E12/><V28/><F73/><W90/><G90/><T29/><D91/><UN n3="%E3%81%82%E3%81%95%E3%81%B4%E3%82%93%EF%BC%A0%EF%BD%8D%EF%BD%8A" /><U108/><E108/><V58/><F89/><W45/><G110/><T104/><D61/><U50/><E50/><V16/><F76/><W134/><G134/><T30/><D49/><U55/><E55/><V124/><F124/><W37/><G135/><T15/><D15/><U18/><E18/><V115/><F53/><W10/><G133/><T112/><D112/><U27/><E27/><V84/><F115/><W13/><G25/><T11/><D3/><U79/><E79/><V26/><F26/><W88/><G37/><T68/><D1/><U4/><E4/><V41/><F84/><W132/><G132/><T6/><D0/><RYUUKYOKU ba="2,3" sc="173,-10,298,30,260,-10,239,-10" hai1="2,5,8,24,31,54,57,60,80,81,97,100,106" /><INIT seed="1,3,3,3,3,90" ten="163,328,250,229" oya="1" hai0="103,23,124,11,67,46,91,129,53,50,86,72,0" hai1="88,134,111,116,36,70,66,101,74,122,5,133,16" hai2="94,71,85,20,92,42,131,106,102,9,34,128,96" hai3="58,117,51,45,104,78,17,10,109,77,35,114,112"/><U63/><E116/><V83/><F34/><W107/><G35/><T55/><D72/><U56/><E122/><V132/><F71/><W18/><G58/><T14/><D124/><U8/><E101/><V22/><F42/><W40/><G117/><T87/><D129/><N who="2" m="49738" /><F9/><W49/><G10/><T4/><D67/><U57/><E74/><V28/><F132/><N who="1" m="50793" /><E36/><V21/><F28/><W33/><G33/><T38/><D38/><U105/><E105/><V3/><F3/><W108/><REACH who="3" step="1"/><G40/><REACH who="3" ten="163,328,250,219" step="2"/><T37/><D11/><U121/><E121/><V19/><F19/><W80/><G80/><T44/><D4/><U115/><E5/><V52/><F52/><W89/><G89/><AGARI ba="3,4" hai="20,21,22,83,85,89,92,94,96,102,106" m="49738" machi="89" ten="30,3900,0" yaku="19,1,52,2" doraHai="90" who="2" fromWho="3" sc="163,0,328,0,250,88,219,-48" /><INIT seed="2,0,0,5,1,79" ten="163,328,338,171" oya="2" hai0="51,6,66,35,122,8,104,43,20,40,82,38,116" hai1="102,131,81,129,50,31,93,67,24,121,1,98,119" hai2="120,56,77,13,68,28,85,21,71,14,69,36,39" hai3="55,101,16,48,106,17,117,124,18,87,75,84,94"/><V118/><F118/><W127/><G117/><T109/><D116/><U3/><E119/><RYUUKYOKU type="kaze4" ba="0,0" sc="163,0,328,0,338,0,171,0" /><INIT seed="2,1,0,5,5,131" ten="163,328,338,171" oya="2" hai0="3,46,77,36,35,18,42,69,32,22,26,21,72" hai1="78,95,122,98,29,104,27,86,56,112,103,123,14" hai2="40,129,52,48,7,24,113,53,19,62,117,55,133" hai3="68,10,128,20,75,17,61,106,87,110,1,92,108"/><V15/><F113/><W132/><G75/><T38/><D69/><U43/><E43/><V80/><F117/><W39/><G106/><T71/><D71/><U5/><E112/><V124/><F129/><W115/><G128/><T127/><D127/><U30/><E56/><V66/><F124/><W33/><G39/><T37/><D3/><U58/><E58/><N who="2" m="37207" /><F133/><W120/><G120/><N who="1" m="46122" /><E27/><V97/><F7/><W96/><G87/><T93/><D93/><U85/><E85/><V81/><F24/><W90/><G33/><T119/><D119/><U100/><E100/><V28/><F28/><W101/><G101/><T99/><D99/><U4/><E4/><V89/><F40/><W51/><G115/><T107/><D107/><U59/><E104/><V134/><F134/><W50/><G132/><T11/><D35/><U34/><E34/><V57/><F80/><W44/><G68/><T73/><D32/><U84/><E29/><V60/><F60/><W126/><G61/><T88/><D38/><U6/><E6/><V114/><F114/><W116/><G116/><T54/><D37/><U91/><E30/><V109/><F109/><W102/><G126/><T0/><D36/><U63/><E5/><V65/><F65/><W82/><G108/><T83/><D42/><U9/><E103/><V74/><F74/><W45/><G110/><T70/><D73/><U79/><E79/><V111/><F111/><W13/><G102/><T47/><D77/><U49/><E78/><V8/><F97/><W41/><G41/><T25/><D72/><U118/><E118/><V121/><F121/><RYUUKYOKU ba="1,0" sc="163,-10,328,-10,338,30,171,-10" hai2="8,15,19,48,52,53,55,57,81,89" /><INIT seed="2,2,0,1,4,2" ten="153,318,368,161" oya="2" hai0="29,98,36,52,13,54,43,24,8,31,16,74,87" hai1="92,21,73,88,127,126,61,132,42,56,129,17,32" hai2="46,37,3,33,28,113,57,108,55,15,112,38,1" hai3="94,70,50,84,12,131,124,11,23,39,0,77,123"/><V41/><F37/><W135/><G39/><T7/><D74/><U48/><E32/><V86/><F1/><W34/><G123/><T44/><D98/><U35/><E35/><V75/><F3/><W58/><G70/><T26/><D87/><U125/><E73/><V118/><F75/><W93/><G34/><T67/><D67/><U47/><E132/><V79/><F118/><W89/><G77/><T27/><REACH who="0" step="1"/><D16/><REACH who="0" ten="143,318,368,161" step="2"/><U80/><E17/><V14/><F86/><W53/><G84/><T10/><D10/><U60/><E127/><V119/><F28/><AGARI ba="2,1" hai="7,8,13,24,26,27,28,29,31,36,43,44,52,54" machi="28" ten="40,5200,0" yaku="1,1,52,1,54,1,53,0" doraHai="2" doraHaiUra="63" who="0" fromWho="2" sc="143,68,318,0,368,-58,161,0" /><INIT seed="3,0,0,2,5,87" ten="211,318,310,161" oya="3" hai0="29,23,22,83,110,39,119,84,33,78,14,7,15" hai1="117,123,53,81,97,10,128,105,0,103,116,106,26" hai2="9,38,76,52,121,120,69,43,55,82,90,37,132" hai3="59,112,125,12,101,135,6,131,70,68,77,58,71"/><W127/><G112/><T126/><D119/><N who="1" m="45643" /><E123/><N who="2" m="47179" /><F69/><W62/><G77/><T92/><D39/><N who="2" m="14858" /><F43/><W107/><G131/><T48/><D110/><U35/><E128/><V73/><F132/><W114/><G114/><T40/><D126/><N who="3" m="48137" /><G135/><T17/><D33/><U54/><E105/><V51/><F51/><W66/><G59/><T36/><D36/><U104/><E104/><V5/><F90/><W67/><G67/><T31/><D92/><U11/><E81/><V44/><F44/><W133/><G133/><T124/><D124/><U19/><E0/><AGARI ba="0,0" hai="0,5,9,52,55,73,76,82" m="14858,47179" machi="0" ten="30,2000,0" yaku="13,1,54,1" doraHai="87" who="2" fromWho="1" sc="211,0,318,-20,310,20,161,0" /><INIT seed="4,0,0,0,3,41" ten="211,298,330,161" oya="0" hai0="49,44,9,131,135,15,97,68,122,94,83,129,111" hai1="18,88,126,132,100,56,98,22,124,17,130,81,90" hai2="60,115,91,59,7,116,104,64,67,71,24,69,65" hai3="133,3,4,1,76,84,6,35,29,117,5,42,28"/><T121/><D68/><N who="2" m="26186" /><F24/><W106/><G106/><T54/><D83/><U0/><E0/><V38/><F91/><W11/><G117/><T95/><D135/><U63/><E130/><N who="0" m="49673" /><D111/><U31/><E31/><V123/><F7/><W74/><G133/><T120/><D97/><U12/><E18/><AGARI ba="0,0" hai="9,15,18,44,49,54,94,95,120,121,122" m="49673" machi="18" ten="40,3900,0" yaku="19,1,52,1" doraHai="41" who="0" fromWho="1" sc="211,39,298,-39,330,0,161,0" /><INIT seed="4,1,0,3,4,105" ten="250,259,330,161" oya="0" hai0="85,115,70,72,27,55,13,110,20,124,116,94,5" hai1="53,62,32,67,14,95,77,98,60,80,43,78,8" hai2="125,103,38,121,134,122,28,107,118,129,81,73,26" hai3="109,69,108,117,1,9,71,40,2,36,50,11,88"/><T96/><D116/><U34/><E43/><V92/><F38/><W101/><G36/><T31/><D70/><U6/><E53/><V83/><F26/><W3/><G101/><T48/><D115/><U84/><E77/><N who="2" m="44207" /><F28/><W106/><G106/><T4/><D124/><U54/><E54/><V65/><F65/><W120/><G117/><T24/><D110/><U16/><E6/><V82/><F118/><W41/><G50/><T97/><D72/><U79/><E79/><V89/><F125/><W86/><G120/><N who="2" m="46185" /><F129/><W49/><G49/><T66/><D66/><U39/><E39/><V35/><F35/><W126/><G126/><T90/><D27/><U113/><E113/><V57/><F57/><W127/><G127/><T0/><D0/><U37/><E37/><V132/><F82/><W17/><G17/><T63/><D63/><U68/><REACH who="1" step="1"/><E62/><REACH who="1" ten="250,249,330,161" step="2"/><V59/><F132/><W114/><G114/><T75/><D5/><U18/><E18/><V58/><F134/><W30/><G41/><T131/><D131/><U52/><E52/><V100/><F83/><N who="3" m="49247" /><G40/><T74/><D4/><U7/><E7/><V10/><F107/><W44/><G109/><T91/><D55/><U119/><E119/><V21/><F92/><W45/><G108/><T25/><D94/><U64/><E64/><V12/><F100/><AGARI ba="1,1" hai="8,14,16,32,34,60,67,68,78,80,84,95,98,100" machi="100" ten="30,3900,0" yaku="1,1,7,1,54,1,53,0" doraHai="105" doraHaiUra="42" who="1" fromWho="2" sc="250,0,249,52,330,-42,161,0" /><INIT seed="5,0,0,3,2,111" ten="250,301,288,161" oya="1" hai0="31,49,135,4,84,103,50,74,64,61,43,7,90" hai1="83,41,123,101,85,104,97,92,121,3,129,35,54" hai2="75,110,68,69,52,28,9,124,23,112,132,33,122" hai3="107,22,34,89,12,60,73,48,45,100,70,96,24"/><U77/><E35/><V93/><F110/><W115/><G73/><T130/><D74/><U47/><E3/><V108/><F108/><W8/><G34/><T102/><D130/><U40/><E129/><V125/><F122/><W58/><G70/><T55/><D31/><U133/><E133/><V114/><F33/><W57/><G89/><T81/><D43/><U87/><E54/><V46/><F75/><W80/><G80/><T51/><D135/><U19/><E41/><V116/><F116/><W117/><G117/><T1/><D55/><U99/><E19/><V44/><F132/><W82/><G82/><T17/><D17/><U16/><E16/><V59/><F93/><W134/><G134/><T42/><D42/><U119/><E85/><V30/><F9/><W105/><G105/><T128/><D128/><U113/><E119/><V91/><F91/><W27/><G22/><T126/><D126/><N who="2" m="48746" /><F68/><W29/><G29/><N who="2" m="11369" /><F69/><W0/><G0/><T37/><D37/><U13/><E123/><V79/><F79/><W11/><G11/><T131/><D131/><U5/><E121/><V86/><F86/><W72/><G72/><T26/><D26/><U66/><E87/><V120/><F23/><W65/><G27/><T36/><D36/><U38/><E77/><V118/><F118/><W32/><G24/><T106/><D106/><U88/><E83/><V21/><F21/><W2/><G32/><T63/><D1/><U76/><E76/><V95/><F120/><W6/><G2/><T20/><D20/><U98/><E104/><V62/><F95/><W25/><G107/><RYUUKYOKU ba="0,0" sc="250,-10,301,-10,288,30,161,-10" hai2="44,46,52,59,62,112,114" /><INIT seed="6,1,0,2,1,81" ten="240,291,318,151" oya="2" hai0="86,21,2,82,114,65,48,83,32,15,50,72,47" hai1="104,42,112,55,111,1,52,43,14,62,56,98,79" hai2="113,105,66,106,33,13,135,99,31,64,68,132,128" hai3="74,75,35,26,93,54,8,38,18,125,57,102,133"/><V25/><F113/><W69/><G69/><T60/><D2/><U129/><E1/><V95/><F13/><W119/><G119/><T28/><D114/><U37/><E111/><V122/><F122/><W96/><G38/><T19/><D72/><U58/><E112/><V120/><F120/><W116/><G116/><T89/><D32/><U126/><E79/><V17/><F17/><W87/><G125/><T22/><D82/><U77/><E77/><V123/><F128/><W88/><G133/><N who="2" m="51273" /><F123/><W127/><G127/><T97/><D97/><U94/><E104/><N who="2" m="40043" /><F68/><W121/><G121/><T80/><D80/><U59/><E129/><V108/><F108/><W109/><G109/><T71/><REACH who="0" step="1"/><D47/><REACH who="0" ten="230,291,318,151" step="2"/><U100/><E126/><V53/><F53/><W110/><G110/><T63/><D63/><U76/><E55/><V92/><F92/><W84/><G75/><T67/><D67/><U3/><E52/><V91/><AGARI ba="1,1" hai="25,31,33,64,66,91,95,99" m="40043,51273" machi="91" ten="30,1500,0" yaku="20,1" doraHai="81" who="2" fromWho="2" sc="230,-6,291,-6,318,28,151,-6" /><INIT seed="6,2,0,3,2,42" ten="224,285,346,145" oya="2" hai0="46,121,123,78,88,11,80,38,26,79,67,13,103" hai1="116,64,4,29,5,134,114,47,52,6,9,68,102" hai2="39,10,111,12,7,23,107,129,109,63,92,93,106" hai3="115,53,17,95,91,69,24,83,126,36,54,3,16"/><V89/><F39/><W19/><G69/><T135/><D103/><U130/><E116/><V49/><F129/><W22/><G3/><T31/><D135/><U59/><E68/><V82/><F63/><W122/><G122/><T113/><D67/><U37/><E114/><V41/><F82/><W117/><G117/><T58/><D58/><U25/><E102/><V96/><F93/><W108/><G108/><T76/><D113/><U44/><E37/><V118/><F118/><W73/><G36/><T56/><D56/><U119/><E130/><V35/><F35/><W105/><G105/><T72/><D46/><N who="1" m="17451" /><E134/><V20/><F106/><W34/><G34/><T112/><D112/><U0/><E0/><V120/><F107/><W33/><G33/><T99/><D38/><U86/><E64/><V28/><F120/><W48/><G126/><T45/><D45/><U55/><E9/><V40/><F40/><W110/><G110/><T90/><D123/><U18/><E29/><V131/><F28/><W75/><G115/><T98/><D121/><U30/><E30/><V87/><F131/><W2/><G2/><T133/><D133/><U77/><E59/><V62/><F109/><W127/><G127/><T104/><D72/><U97/><E97/><V43/><F43/><W1/><G1/><T85/><D104/><U15/><E25/><V66/><F96/><W81/><G75/><T21/><REACH who="0" step="1"/><D90/><REACH who="0" ten="214,285,346,145" step="2"/><U101/><E101/><V50/><F111/><W100/><G73/><T124/><D124/><U132/><E132/><V128/><F128/><W84/><G100/><T14/><D14/><RYUUKYOKU ba="2,1" sc="214,30,285,-10,346,-10,145,-10" hai0="11,13,21,26,31,76,78,79,80,85,88,98,99" /><INIT seed="7,3,1,2,3,70" ten="244,275,336,135" oya="3" hai0="123,86,20,21,56,59,100,108,95,47,80,126,116" hai1="101,135,10,111,7,64,120,76,132,1,103,2,22" hai2="71,60,130,26,119,61,88,96,24,91,106,110,115" hai3="94,38,0,4,75,40,46,107,133,16,127,73,81"/><W98/><G107/><T109/><D116/><U8/><E111/><V3/><F60/><W134/><G127/><T92/><D123/><U29/><E76/><V68/><F24/><W5/><G16/><T17/><D126/><U83/><E83/><V28/><F61/><W129/><G129/><T35/><D35/><U57/><E57/><N who="0" m="22089" /><D47/><U48/><E48/><V62/><F62/><W90/><G5/><T27/><D100/><U36/><E64/><V89/><F3/><W66/><G66/><T12/><D109/><U54/><E54/><V37/><F91/><W41/><G41/><T118/><D118/><U124/><E120/><V30/><F26/><W18/><G18/><N who="0" m="10439" /><D108/><U104/><E104/><V19/><F19/><W99/><G99/><T105/><D105/><U114/><E7/><V55/><F106/><W32/><G32/><T84/><D84/><U79/><E124/><V23/><F23/><W102/><G102/><T117/><D117/><U85/><E22/><V6/><F6/><W52/><G52/><T13/><D27/><U122/><E122/><V113/><F28/><W51/><G51/><T31/><D31/><U50/><E29/><V33/><F130/><W34/><G34/><T11/><D20/><U112/><E50/><V63/><F33/><W74/><REACH who="3" step="1"/><G81/><REACH who="3" ten="244,275,336,125" step="2"/><T53/><D53/><U93/><E101/><V44/><F55/><W121/><G121/><T42/><D42/><U67/><E103/><V125/><F125/><W43/><G43/><T9/><D9/><AGARI ba="3,2" hai="0,4,9,38,40,46,73,74,75,90,94,98,133,134" machi="9" ten="50,4800,0" yaku="1,1,52,1,53,0" doraHai="70" doraHaiUra="45" who="3" fromWho="0" sc="244,-57,275,0,336,0,125,77" /><INIT seed="7,4,0,4,4,3" ten="187,275,336,202" oya="3" hai0="67,48,117,56,88,62,75,47,61,90,112,134,24" hai1="28,77,78,42,64,65,54,130,113,108,20,69,98" hai2="31,94,0,35,119,53,96,1,89,91,81,43,93" hai3="41,12,57,7,25,127,29,6,100,116,110,17,19"/><W26/><G116/><T4/><D117/><U70/><E108/><V8/><F119/><W22/><G110/><T86/><D75/><U115/><E42/><V73/><F43/><W50/><G127/><T76/><D134/><U55/><E20/><V95/><F35/><W49/><G100/><T9/><D112/><U131/><E98/><V82/><F31/><AGARI ba="4,0" hai="28,31,54,55,64,65,69,70,77,78,113,115,130,131" machi="31" ten="25,1600,0" yaku="22,2" doraHai="3" who="1" fromWho="2" sc="187,0,275,28,336,-28,202,0" owari="187,-31.3,303,10.3,308,40.8,202,-19.8" /></mjloggm>