<mjloggm ver="2.3"><GO type="225" lobby="0"/><UN n0="%E3%83%96%E3%83%83%E3%83%91%E3%82%AA%E3%83%96%E3%83%81%E3%82%AD%E3%83%B3" n1="%E3%81%A4%E3%81%A3%E3%81%B1%E3%82%8A%E3%83%9D%E3%83%BC%E3%83%AB" n2="%E6%A0%B9%E5%85%83%E3%81%8B%E3%82%89%E5%90%B9%E3%81%A3%E9%A3%9B%E3%81%B6" n3="%E6%81%A5%E6%99%92%E3%81%97" dan="16,17,16,16" rate="2144.58,2184.22,2136.75,2056.05" sx="M,M,F,M"/><TAIKYOKU oya="0"/><INIT seed="0,0,0,3,4,105" ten="250,250,250,250" oya="0" hai0="63,44,117,119,116,16,87,129,25,80,66,59,131" hai1="122,128,130,38,81,19,102,26,61,106,74,32,98" hai2="8,23,57,40,82,54,132,123,118,92,101,126,6" hai3="88,69,42,2,111,15,104,71,17,10,52,91,93"/><T120/><D120/><U90/><E122/><V124/><F123/><W85/><G104/><T41/><D25/><U22/><E38/><V114/><F114/><W60/><G42/><T53/><D66/><U121/><E121/><V36/><F118/><W65/><G111/><T55/><D55/><U29/><E61/><V58/><F132/><W77/><G77/><T1/><D1/><U110/><E110/><V50/><F82/><W103/><G103/><T83/><D16/><U9/><E9/><V134/><F23/><W108/><G108/><T14/><D14/><U31/><E90/><V86/><F58/><W35/><G35/><T72/><D72/><U11/><E11/><V78/><F134/><W5/><G91/><T4/><D4/><U28/><REACH who="1" step="1"/><E32/><REACH who="1" ten="250,240,250,250" step="2"/><V76/><F36/><W99/><G65/><T95/><D117/><U27/><E27/><V70/><F124/><W34/><G34/><T0/><D119/><U107/><E107/><V13/><F126/><W37/><G37/><T48/><D116/><U109/><E109/><V127/><F127/><W125/><G125/><T33/><D33/><U3/><E3/><V39/><F101/><W7/><G2/><T43/><D0/><U45/><E45/><N who="2" m="23711" /><F70/><W21/><G10/><T79/><D79/><AGARI ba="0,1" hai="19,22,26,28,29,31,74,79,81,98,102,106,128,130" machi="79" ten="40,5200,0" yaku="1,1,52,1,53,1" doraHai="105" doraHaiUra="96" who="1" fromWho="0" sc="250,-52,240,62,250,0,250,0" /><INIT seed="1,0,0,2,5,103" ten="198,302,250,250" oya="1" hai0="43,63,127,114,40,75,116,90,77,0,112,58,98" hai1="31,81,22,13,39,102,97,5,38,32,14,59,104" hai2="48,42,64,130,72,80,126,46,61,35,7,111,33" hai3="89,12,45,117,109,55,84,94,78,15,11,100,93"/><U65/><E32/><V85/><F111/><W107/><G109/><T106/><D116/><U24/><E81/><V68/><F126/><W132/><G132/><T44/><D127/><U121/><E121/><V115/><F130/><W36/><G117/><T1/><D40/><U76/><E76/><V88/><F115/><W27/><G78/><T17/><D77/><U113/><E113/><V131/><F131/><W73/><G73/><T60/><D75/><U28/><E28/><V134/><F72/><W99/><G27/><T135/><D135/><U8/><REACH who="1" step="1"/><E14/><REACH who="1" ten="198,292,250,250" step="2"/><V53/><F134/><W47/><G15/><T25/><D112/><U20/><E20/><V51/><REACH who="2" step="1"/><F7/><REACH who="2" ten="198,292,240,250" step="2"/><W56/><G12/><T129/><D114/><U70/><E70/><V16/><F16/><W128/><G128/><T50/><D17/><U69/><E69/><V101/><F101/><W119/><G100/><T110/><D129/><U95/><E95/><V86/><F86/><W19/><G94/><T62/><D110/><U18/><E18/><V4/><F4/><W120/><G84/><T37/><D1/><U87/><E87/><V79/><F79/><W91/><G93/><T34/><D0/><U54/><E54/><V66/><F66/><W52/><G55/><T82/><D34/><U74/><E74/><V133/><F133/><W2/><G2/><T122/><D122/><U118/><E118/><V21/><F21/><W71/><G119/><T3/><D3/><U29/><E29/><V96/><F96/><W49/><G71/><T6/><D98/><U92/><E92/><V105/><F105/><RYUUKYOKU ba="0,2" sc="198,-15,292,15,240,15,250,-15" hai1="5,8,13,22,24,31,38,39,59,65,97,102,104" hai2="33,35,42,46,48,51,53,61,64,68,80,85,88" /><INIT seed="1,1,2,1,0,103" ten="183,307,255,235" oya="1" hai0="64,101,50,100,111,49,82,1,63,70,24,104,73" hai1="67,90,113,130,128,83,76,30,34,79,35,9,126" hai2="29,102,19,78,27,47,12,53,85,92,40,5,4" hai3="61,107,37,33,127,20,117,16,0,96,11,31,106"/><U99/><E113/><V125/><F125/><W119/><G127/><T14/><D1/><U21/><E126/><V88/><F53/><W17/><G37/><T57/><D111/><U89/><E67/><V3/><F3/><W65/><G96/><T28/><D14/><U10/><E21/><N who="2" m="15599" /><F102/><W42/><G42/><T135/><D135/><U52/><E52/><V41/><F78/><N who="1" m="29737" /><E83/><V134/><F134/><W114/><G114/><T91/><D100/><U84/><E99/><V116/><F116/><N who="3" m="44619" /><G33/><N who="1" m="12298" /><E30/><V44/><F41/><W72/><G31/><T122/><D28/><U121/><E84/><V18/><F18/><N who="3" m="7275" /><G20/><T55/><D101/><U25/><E25/><V45/><F40/><W69/><G72/><T8/><D24/><U59/><E121/><V62/><F62/><W95/><G95/><T124/><D63/><U132/><E10/><AGARI ba="1,2" hai="4,5,10,12,19,44,45,47,85,88,92" m="15599" machi="10" ten="30,2000,0" yaku="8,1,54,1" doraHai="103" who="2" fromWho="1" sc="183,0,307,-23,255,43,235,0" /><INIT seed="2,0,0,5,5,81" ten="183,284,298,235" oya="2" hai0="56,44,62,32,110,87,134,97,55,68,2,35,76" hai1="94,27,95,8,67,88,38,75,120,128,111,132,15" hai2="74,119,30,3,52,49,86,50,71,93,18,104,135" hai3="106,102,37,114,116,105,89,131,133,22,39,65,25"/><V113/><F113/><W73/><G116/><T126/><D2/><U121/><E111/><V91/><F119/><W78/><G114/><T9/><D110/><U33/><E75/><V40/><F104/><W45/><G131/><T7/><D68/><U16/><E128/><V77/><F135/><W70/><G133/><T109/><D134/><U14/><E38/><V6/><F71/><W29/><G73/><T24/><D109/><U101/><E132/><V103/><F103/><W36/><G78/><T127/><D24/><U123/><E67/><V12/><F30/><W99/><G106/><T63/><D63/><U19/><E101/><V90/><F90/><W72/><G72/><T61/><D61/><U13/><E95/><V112/><F112/><W26/><G26/><T96/><D44/><U51/><E51/><V46/><F6/><W115/><G115/><T21/><D21/><N who="1" m="13735" /><E33/><V85/><F74/><W57/><G70/><T48/><D48/><U54/><E54/><V83/><F3/><W117/><G117/><T130/><D130/><U82/><E82/><V10/><F49/><W100/><G100/><T124/><D35/><U34/><E34/><V47/><F47/><W59/><G65/><T64/><D64/><U0/><E0/><V98/><REACH who="2" step="1"/><F52/><REACH who="2" ten="183,284,288,235" step="2"/><W4/><G45/><T79/><D127/><U23/><E8/><V84/><AGARI ba="0,1" hai="10,12,18,40,46,50,77,83,84,85,86,91,93,98" machi="84" ten="20,24000,3" yaku="1,1,2,1,0,1,7,1,8,1,52,3,53,0" doraHai="81" doraHaiUra="17" who="2" fromWho="2" sc="183,-80,284,-80,288,250,235,-80" /><INIT seed="2,1,0,0,5,58" ten="103,204,538,155" oya="2" hai0="51,53,103,119,67,74,0,95,55,82,36,49,8" hai1="24,102,107,94,37,73,7,29,92,42,121,70,48" hai2="83,38,123,25,79,19,69,72,9,75,117,134,127" hai3="5,99,62,50,71,131,78,28,44,31,2,80,85"/><V106/><F117/><W41/><G131/><T132/><D119/><U90/><E70/><V1/><F123/><W122/><G122/><T27/><D36/><U101/><E73/><V65/><F19/><W84/><G99/><T35/><D132/><U52/><E107/><V15/><F15/><W135/><G135/><T63/><D103/><U111/><E111/><V81/><F25/><W11/><BYE who="2" /><REACH who="3" step="1"/><G85/><REACH who="3" ten="103,204,538,145" step="2"/><UN n2="%E6%A0%B9%E5%85%83%E3%81%8B%E3%82%89%E5%90%B9%E3%81%A3%E9%A3%9B%E3%81%B6" /><T13/><D0/><U3/><E3/><V14/><F14/><W54/><BYE who="2" /><G54/><UN n2="%E6%A0%B9%E5%85%83%E3%81%8B%E3%82%89%E5%90%B9%E3%81%A3%E9%A3%9B%E3%81%B6" /><T30/><D55/><U17/><E52/><V96/><F96/><W128/><G128/><T77/><D53/><U22/><E121/><V120/><F134/><W76/><G76/><T113/><D113/><U10/><E102/><V100/><F79/><W87/><G87/><T40/><D40/><U116/><E101/><V112/><F120/><W12/><G12/><T88/><D13/><U133/><E133/><V23/><F112/><W59/><G59/><T60/><D8/><U20/><E42/><V61/><F9/><W26/><G26/><T126/><D126/><U46/><E24/><V118/><F127/><W43/><G43/><T56/><REACH who="0" step="1"/><D60/><REACH who="0" ten="93,204,538,145" step="2"/><U64/><E10/><V93/><F61/><W97/><G97/><AGARI ba="1,2" hai="27,30,35,49,51,56,63,67,74,77,82,88,95,97" machi="97" ten="30,12000,2" yaku="1,1,2,1,7,1,52,1,54,1,53,1" doraHai="58" doraHaiUra="21" who="0" fromWho="3" sc="93,143,204,0,538,0,145,-123" /><INIT seed="3,0,0,2,2,118" ten="236,204,538,22" oya="3" hai0="109,90,126,106,132,122,134,127,8,5,117,51,129" hai1="123,130,119,49,95,36,77,34,83,100,70,0,112" hai2="56,65,32,121,64,110,22,114,16,105,63,48,52" hai3="102,116,76,53,107,38,11,133,88,82,35,27,47"/><W21/><G116/><T135/><D117/><U66/><E112/><V108/><F32/><W99/><G133/><T13/><D106/><U71/><E119/><V97/><F121/><W43/><G35/><T111/><D90/><U45/><E123/><V33/><F33/><W61/><G11/><T26/><D122/><U115/><E115/><V92/><F105/><W46/><G76/><T80/><D80/><U124/><E66/><V125/><F125/><N who="0" m="47626" /><D51/><U15/><E0/><V62/><F114/><W79/><G79/><T75/><D75/><U4/><E36/><V55/><F110/><N who="0" m="41994" /><D26/><U86/><E34/><V20/><F20/><W85/><G47/><T9/><D9/><N who="1" m="4519" /><E130/><AGARI ba="0,0" hai="5,8,13,129,130,132,134,135" m="41994,47626" machi="130" ten="40,12000,2" yaku="30,2,20,1,18,1,14,1,34,2" doraHai="118" who="0" fromWho="1" sc="236,120,204,-120,538,0,22,0" owari="356,15.6,84,-31.6,538,63.8,22,-47.8" /></mjloggm>