<mjloggm ver="2.3"><GO type="169" lobby="0"/><UN n0="%74%65%63%68%74%6F" n1="%E3%81%AF%E3%81%BE%E3%81%A1%E3%83%AA%E3%83%BC%E3%82%B0" n2="%E3%81%B5%E3%81%8B" n3="%E2%80%A0%E7%99%BD%E5%85%8E%E2%80%A0" dan="17,17,17,17" rate="2178.27,2154.72,2227.71,2208.20" sx="M,M,M,M"/><TAIKYOKU oya="0"/><INIT seed="0,0,0,0,1,116" ten="250,250,250,250" oya="0" hai0="7,23,32,107,31,37,41,103,89,67,38,91,35" hai1="95,119,52,65,22,5,8,92,49,48,105,27,14" hai2="115,80,78,26,106,6,11,97,121,113,47,44,88" hai3="60,127,75,87,100,118,72,0,51,102,81,30,63"/><T111/><D7/><U112/><E105/><V53/><F121/><W117/><G30/><T25/><D67/><U126/><E119/><V62/><F26/><W61/><G0/><T74/><D74/><U70/><E126/><V18/><F106/><W124/><G51/><T98/><D111/><U21/><E48/><V33/><F33/><W28/><G28/><T54/><D54/><U73/><E73/><N who="3" m="28234" /><G117/><T132/><D132/><U86/><E112/><V16/><F78/><N who="3" m="46519" /><G118/><T125/><D125/><AGARI ba="0,0" hai="60,61,63,100,102,124,125,127" m="46519,28234" machi="125" ten="40,1300,0" yaku="18,1" doraHai="116" who="3" fromWho="0" sc="250,-13,250,0,250,0,250,13" /><INIT seed="1,0,0,0,1,94" ten="237,250,250,263" oya="1" hai0="17,75,119,98,2,113,41,0,37,85,117,55,27" hai1="83,129,18,15,40,69,13,123,57,77,134,92,48" hai2="97,132,42,20,100,3,62,120,76,38,61,125,46" hai3="135,28,124,70,73,51,118,45,128,126,65,99,35"/><U5/><E123/><V107/><F120/><W10/><G73/><T64/><D75/><U82/><E69/><V59/><F132/><W29/><G135/><T74/><D74/><U54/><E134/><V19/><F125/><W60/><G128/><T115/><D85/><N who="1" m="48335" /><E129/><V25/><F3/><W112/><G112/><T8/><D37/><U30/><E30/><V26/><F76/><W104/><G10/><T114/><D64/><U133/><E133/><V108/><F108/><W96/><G104/><T109/><D109/><U9/><E83/><V78/><F78/><W50/><G50/><T44/><D0/><U122/><E122/><V110/><F110/><W79/><G79/><T36/><D2/><U21/><E92/><V11/><F11/><W58/><G70/><T81/><D81/><U105/><E105/><V66/><REACH who="2" step="1"/><F61/><REACH who="2" ten="237,250,240,263" step="2"/><W84/><G126/><T56/><D115/><U6/><E40/><V86/><F86/><W47/><G84/><T93/><D114/><U23/><E23/><V102/><F102/><W130/><G130/><T14/><D113/><U33/><E33/><V49/><F49/><W16/><G35/><T53/><D8/><U39/><E39/><V116/><F116/><W89/><G118/><T4/><D119/><U34/><E34/><V127/><F127/><W71/><G124/><T87/><D117/><U111/><E111/><V32/><F32/><W103/><G51/><T121/><D36/><U101/><E101/><V43/><F43/><W95/><G103/><T91/><D121/><U24/><E9/><V80/><F80/><W1/><G1/><RYUUKYOKU ba="0,1" sc="237,-15,250,15,240,15,263,-15" hai1="5,6,13,15,18,21,24,48,54,57" hai2="19,20,25,26,38,42,46,59,62,66,97,100,107" /><INIT seed="1,1,1,3,1,55" ten="222,265,255,248" oya="1" hai0="60,50,53,52,113,67,10,51,29,127,111,122,48" hai1="42,65,54,24,22,46,27,87,59,35,63,15,135" hai2="57,34,123,77,5,109,79,119,37,117,20,129,94" hai3="23,40,114,107,99,89,0,13,93,98,91,21,69"/><U31/><E135/><V90/><F34/><W121/><G0/><T39/><D113/><U1/><E1/><V96/><F37/><W2/><G2/><T38/><D29/><U134/><E134/><V124/><F123/><W11/><G114/><T118/><D10/><U104/><E104/><V82/><F109/><W7/><G121/><T120/><D111/><U41/><E15/><V76/><F129/><W64/><G40/><T3/><D3/><U71/><E87/><N who="2" m="50551" /><F5/><W128/><G128/><T49/><D118/><N who="2" m="45066" /><F57/><W101/><REACH who="3" step="1"/><G91/><REACH who="3" ten="222,265,255,238" step="2"/><T106/><D122/><U125/><E125/><V12/><F124/><W131/><G131/><T75/><D120/><U45/><E41/><V18/><F76/><W88/><G88/><T92/><D127/><U102/><E42/><V133/><F77/><W44/><G44/><T132/><D132/><U30/><REACH who="1" step="1"/><E102/><REACH who="1" ten="222,255,255,238" step="2"/><V72/><F133/><W43/><G43/><T81/><D38/><U73/><E73/><V58/><F72/><W110/><G110/><T130/><D39/><U14/><E14/><V74/><F74/><W6/><G6/><T66/><D130/><U97/><E97/><V103/><F103/><W36/><G36/><T8/><D75/><U56/><E56/><V100/><F58/><W17/><G17/><T86/><D86/><U25/><E25/><V9/><F100/><W68/><G68/><T32/><D106/><U95/><E95/><V19/><F94/><W33/><G33/><T112/><D32/><U26/><E26/><N who="2" m="14615" /><F96/><W115/><G115/><T62/><D112/><U105/><E105/><V83/><F79/><RYUUKYOKU ba="1,3" sc="222,-30,255,10,255,10,238,10" hai1="22,24,27,30,31,35,45,46,54,59,63,65,71" hai2="9,12,19,83" hai3="7,11,13,21,23,64,69,89,93,98,99,101,107" /><INIT seed="1,2,3,4,3,2" ten="192,265,265,248" oya="1" hai0="106,135,41,117,75,6,66,54,98,91,110,46,50" hai1="81,92,73,1,97,116,38,99,107,57,31,119,87" hai2="123,93,115,21,72,80,36,17,51,67,95,16,56" hai3="71,112,55,29,129,45,109,23,8,76,37,86,44"/><U84/><E38/><V133/><F123/><W64/><G112/><T7/><D117/><N who="1" m="45131" /><E57/><V88/><F36/><W122/><G122/><T114/><D114/><U131/><E31/><V63/><F115/><W104/><G104/><T77/><D110/><U100/><E1/><V65/><F133/><W70/><G109/><T134/><D66/><U130/><E73/><V33/><F33/><W59/><G45/><T96/><D41/><U35/><E35/><V10/><F67/><W43/><G64/><T132/><D106/><U90/><E87/><N who="2" m="50279" /><F72/><W127/><G71/><T49/><D49/><U68/><E68/><V79/><F79/><AGARI ba="2,3" hai="79,81,84,90,92,97,99,100,107,130,131" m="45131" machi="79" ten="30,2900,0" yaku="34,2" doraHai="2" who="1" fromWho="2" sc="192,0,265,65,265,-35,248,0" /><INIT seed="1,3,0,1,3,63" ten="192,330,230,248" oya="1" hai0="64,77,62,32,119,121,91,53,97,104,10,9,75" hai1="39,40,60,71,132,25,88,12,124,8,33,30,131" hai2="3,93,128,57,113,125,7,27,98,96,35,120,6" hai3="47,44,81,84,36,76,112,72,83,110,52,86,89"/><U94/><E131/><V38/><F38/><W11/><G110/><T17/><D119/><U24/><E132/><V100/><F3/><W129/><G129/><T4/><D53/><U20/><E124/><V46/><F120/><W92/><G112/><T31/><D17/><U95/><E95/><V26/><F46/><W29/><G29/><T0/><D10/><U16/><E39/><V61/><F128/><W23/><G23/><T74/><D77/><U127/><E127/><V87/><F125/><W50/><G11/><T103/><D91/><U106/><E106/><V49/><F49/><W51/><G36/><T73/><D121/><U21/><E40/><V34/><F87/><W68/><G68/><N who="0" m="42007" /><D75/><U42/><E42/><V58/><F113/><W65/><G65/><T130/><D130/><U99/><REACH who="1" step="1"/><E24/><AGARI ba="3,0" hai="0,4,9,24,31,32,73,74,97,103,104" m="42007" machi="24" ten="30,7700,0" yaku="25,1,33,2,52,1" doraHai="63" who="0" fromWho="1" sc="192,86,330,-86,230,0,248,0" /><INIT seed="2,0,0,2,0,120" ten="278,244,230,248" oya="2" hai0="87,73,29,129,94,0,121,16,34,105,63,67,79" hai1="9,100,134,54,91,102,30,61,135,6,58,7,3" hai2="27,84,65,13,24,66,131,59,37,8,12,5,21" hai3="4,53,103,23,130,89,64,123,70,108,14,52,85"/><V60/><F131/><W111/><G123/><T44/><D0/><U49/><E30/><V133/><F133/><N who="1" m="50697" /><E7/><V114/><F114/><W110/><G130/><T1/><D1/><U116/><E116/><V118/><F118/><W11/><G103/><N who="1" m="39466" /><E91/><V107/><F107/><W15/><G64/><T83/><D29/><U57/><E57/><V32/><F37/><W71/><G71/><T115/><D67/><U128/><E128/><V86/><F65/><W127/><G127/><T75/><D105/><U98/><E98/><V93/><F32/><W124/><G124/><T47/><D34/><U90/><E90/><N who="2" m="53463" /><F84/><W51/><G70/><T25/><D87/><U117/><E117/><V104/><F104/><W82/><G51/><AGARI ba="0,0" hai="3,6,9,49,51,54,58,61" m="39466,50697" machi="51" ten="30,1000,0" yaku="20,1" doraHai="120" who="1" fromWho="3" sc="278,0,244,10,230,0,248,-10" /><INIT seed="3,0,0,3,1,120" ten="278,254,230,238" oya="3" hai0="4,123,115,119,9,34,23,70,46,126,93,60,118" hai1="77,101,67,129,59,27,134,128,17,44,7,100,36" hai2="97,26,18,124,13,85,69,98,20,42,117,108,92" hai3="106,104,78,52,90,57,47,30,33,56,29,113,21"/><W15/><G113/><T51/><D34/><U32/><E7/><V102/><F117/><W82/><G33/><T50/><D123/><U58/><E134/><V3/><F3/><W62/><G90/><T94/><D23/><N who="1" m="13807" /><E77/><V74/><F74/><W109/><G109/><T87/><D87/><U8/><E8/><V95/><F124/><W64/><G47/><T80/><D80/><U66/><E59/><V40/><F69/><W86/><G106/><T12/><D126/><U55/><E32/><V49/><F108/><W16/><G104/><T10/><D115/><U35/><E35/><V135/><F135/><W37/><G37/><T88/><D10/><U91/><E91/><V68/><F68/><W122/><G122/><T116/><D88/><U0/><E0/><V25/><F85/><W89/><G78/><T41/><REACH who="0" step="1"/><D51/><AGARI ba="0,0" hai="15,16,21,29,30,51,52,56,57,62,64,82,86,89" machi="51" ten="30,11600,0" yaku="7,1,8,1,54,2" doraHai="120" who="3" fromWho="0" sc="278,-116,254,0,230,0,238,116" /><INIT seed="3,1,0,0,4,77" ten="162,254,230,354" oya="3" hai0="126,44,134,72,32,133,74,0,119,43,22,52,46" hai1="21,87,106,116,34,85,111,108,113,125,88,110,10" hai2="31,63,30,130,6,56,41,38,115,101,42,128,39" hai3="78,5,100,3,91,95,102,66,49,67,25,27,18"/><W80/><G3/><T92/><D32/><U112/><E34/><V47/><F6/><W121/><G5/><T20/><D0/><U8/><E21/><V135/><F101/><W61/><G121/><T99/><D119/><U104/><E116/><V132/><F115/><N who="1" m="44105" /><E125/><V81/><F81/><W86/><G49/><T107/><D126/><U1/><E1/><V28/><F41/><W105/><G67/><T57/><D107/><N who="1" m="41003" /><E88/><V14/><F14/><W4/><G4/><T79/><D20/><U16/><E16/><V58/><F39/><W75/><G18/><T122/><D22/><U90/><E90/><V37/><F37/><W76/><G76/><T53/><D122/><U69/><E69/><V82/><F82/><W114/><G114/><T117/><D117/><U98/><E98/><V103/><F103/><W96/><G102/><T12/><D12/><U109/><N who="1" m="27648" /><DORA hai="62" /><U70/><E70/><AGARI ba="1,0" hai="25,27,61,66,70,75,78,80,86,91,95,96,100,105" machi="70" ten="30,12000,1" yaku="7,1,24,2,52,2" doraHai="77,62" who="3" fromWho="1" sc="162,0,254,-123,230,0,354,123" /><INIT seed="3,2,0,5,0,50" ten="162,131,230,477" oya="3" hai0="129,105,15,37,88,125,26,120,0,75,2,11,12" hai1="123,92,115,130,28,112,110,52,95,70,77,66,31" hai2="107,91,128,102,48,84,98,49,36,67,73,17,1" hai3="96,33,20,45,21,117,85,64,61,121,127,69,59"/><W100/><G117/><T24/><D105/><U109/><E123/><V56/><F36/><W53/><G121/><T9/><D37/><U71/><E77/><V51/><F73/><W6/><G127/><T42/><D75/><U23/><E66/><V43/><F1/><N who="0" m="618" /><D88/><U46/><E23/><V29/><F128/><W80/><G6/><N who="0" m="3127" /><D42/><U126/><E130/><V116/><F116/><W114/><G114/><T63/><D63/><U89/><E126/><V47/><F29/><W57/><G33/><T22/><D120/><U30/><E89/><V34/><F34/><W124/><G45/><T35/><D125/><U78/><E78/><V54/><F17/><W86/><G69/><T108/><D129/><U118/><E118/><V40/><F67/><W74/><G74/><T39/><D39/><U79/><E79/><V94/><REACH who="2" step="1"/><F51/><REACH who="2" ten="162,131,220,477" step="2"/><W83/><G124/><T8/><D108/><N who="1" m="41579" /><E115/><V60/><F60/><W131/><G131/><T65/><D65/><U111/><E112/><V104/><F104/><W41/><G61/><T113/><D113/><U62/><E111/><V58/><F58/><W122/><G64/><T134/><D134/><U14/><E71/><V106/><F106/><W27/><G122/><T99/><D35/><U76/><E70/><V55/><AGARI ba="2,1" hai="40,43,47,48,49,54,55,56,84,91,94,98,102,107" machi="55" ten="20,12000,2" yaku="1,1,0,1,7,1,52,2,53,1" doraHai="50" doraHaiUra="101" who="2" fromWho="2" sc="162,-32,131,-32,220,136,477,-62" /><INIT seed="4,0,0,2,1,12" ten="130,99,356,415" oya="0" hai0="43,31,105,58,3,119,96,82,123,124,68,67,106" hai1="7,56,75,38,66,13,10,121,27,113,51,130,40" hai2="120,79,59,134,2,131,100,103,85,57,107,19,127" hai3="52,0,1,45,32,55,30,65,108,64,28,26,90"/><T61/><D119/><U44/><E121/><V89/><F120/><W50/><G108/><T128/><D128/><U35/><E130/><V41/><F2/><W101/><G101/><T70/><D124/><U33/><E75/><V95/><F131/><W17/><G30/><T25/><D3/><U11/><E27/><V78/><F127/><W92/><G1/><T135/><D135/><U81/><E11/><V14/><F41/><W63/><G0/><T9/><D43/><U118/><E118/><V77/><F134/><W48/><G63/><T74/><D9/><U132/><E132/><V18/><F107/><W23/><G28/><T84/><D74/><U47/><E113/><V5/><F5/><W54/><G32/><T94/><D106/><U34/><E81/><V86/><F86/><W72/><G72/><T21/><D105/><U15/><E15/><V53/><F59/><N who="3" m="33159" /><G54/><T114/><D114/><U20/><E47/><V102/><F14/><W99/><AGARI ba="0,0" hai="17,23,26,45,50,55,64,65,90,92,99" m="33159" machi="99" ten="30,4000,0" yaku="8,1,52,1,54,1" doraHai="12" who="3" fromWho="3" sc="130,-20,99,-10,356,-10,415,40" /><INIT seed="5,0,0,3,3,30" ten="110,89,346,455" oya="1" hai0="52,44,17,134,61,28,100,88,86,125,0,133,20" hai1="85,32,118,84,99,87,60,129,41,50,58,42,110" hai2="59,6,31,109,135,29,10,115,1,15,95,119,108" hai3="56,62,130,106,112,38,94,122,82,18,22,96,104"/><U63/><E118/><V111/><F59/><W12/><G122/><T126/><D0/><U46/><E129/><V33/><F95/><W19/><G38/><T97/><D28/><U68/><E110/><V53/><F53/><W9/><G112/><T103/><D103/><U105/><E42/><V107/><F107/><W78/><G130/><T79/><D79/><U124/><E124/><N who="0" m="47721" /><D97/><U7/><E7/><V55/><F55/><W132/><G132/><N who="0" m="50795" /><D100/><U8/><E8/><V47/><F135/><W127/><G127/><T21/><D17/><U77/><E77/><V34/><F47/><W113/><G113/><T39/><D39/><U92/><E105/><V25/><F115/><W81/><G78/><T128/><D128/><U131/><E131/><V72/><F72/><W51/><G106/><T49/><D61/><U83/><E83/><AGARI ba="0,0" hai="20,21,44,49,52,83,86,88" m="50795,47721" machi="83" ten="30,7700,0" yaku="18,1,20,1,54,2" doraHai="30" who="0" fromWho="1" sc="110,77,89,-77,346,0,455,0" /><INIT seed="6,0,0,3,5,105" ten="187,12,346,455" oya="2" hai0="18,41,68,3,28,8,71,69,23,73,133,120,16" hai1="134,65,32,45,70,88,122,46,126,83,30,60,81" hai2="128,75,12,89,38,42,55,109,101,54,59,44,117" hai3="118,57,37,106,102,34,84,125,86,113,111,112,27"/><V50/><F117/><W21/><G111/><T4/><D120/><U79/><E122/><V85/><F109/><W24/><G118/><T135/><D41/><U115/><E115/><N who="3" m="44106" /><G37/><T17/><D73/><U15/><E134/><N who="0" m="51209" /><D28/><U22/><E126/><V13/><F128/><W98/><G125/><T40/><D40/><U48/><E32/><V110/><F110/><W130/><G130/><T95/><D95/><U67/><E67/><V82/><F101/><W121/><G121/><T58/><D58/><U99/><E48/><V90/><F90/><W91/><G34/><T123/><D123/><U47/><E79/><V0/><F0/><W100/><G100/><T92/><D92/><U97/><E30/><V61/><REACH who="2" step="1"/><F75/><REACH who="2" ten="187,12,336,455" step="2"/><W116/><G116/><T114/><D114/><U74/><E83/><V104/><F104/><W10/><G91/><T108/><D108/><U56/><E70/><V29/><F29/><W64/><G102/><T5/><D5/><U26/><E15/><AGARI ba="0,1" hai="3,4,8,15,16,17,18,23,68,69,71" m="51209" machi="15" ten="40,2600,0" yaku="20,1,54,1" doraHai="105" who="0" fromWho="1" sc="187,36,12,-26,336,0,455,0" owari="223,-17.7,-14,-51.4,336,13.6,455,55.5" /></mjloggm>