<mjloggm ver="2.3"><GO type="169" lobby="0"/><UN n0="%E4%BA%8C%E9%9A%8E%E5%A0%82%E7%9C%9F%E7%B4%85%E3%81%A1%E3%82%83%E3%82%93" n1="%E3%83%94%E3%83%B3%E3%82%B5%E3%83%AD%E5%BA%97%E5%93%A1" n2="%E3%83%AD%E3%83%83%E3%83%86%E9%9B%80%E7%90%83" n3="%E3%82%8F%E3%81%98" dan="16,17,17,16" rate="2134.27,2252.49,2189.21,2131.92" sx="M,M,M,M"/><TAIKYOKU oya="0"/><INIT seed="0,0,0,4,0,91" ten="250,250,250,250" oya="0" hai0="123,122,120,86,21,80,27,67,9,66,103,3,106" hai1="135,100,73,113,0,82,109,23,40,56,101,59,70" hai2="45,58,29,104,71,110,42,72,96,130,33,121,11" hai3="4,12,1,62,17,15,134,36,78,92,50,19,124"/><T131/><D131/><U18/><E70/><V44/><F71/><W53/><G36/><T49/><D106/><U114/><E0/><V26/><F72/><W41/><G41/><T68/><D103/><N who="1" m="39499" /><E40/><V111/><F96/><W35/><G35/><T77/><D68/><U90/><E109/><V127/><F104/><W64/><G1/><T54/><D9/><U108/><E108/><V55/><F127/><W117/><G4/><T89/><D77/><N who="1" m="44335" /><E90/><V129/><F121/><W8/><G78/><T69/><D69/><U93/><E93/><V128/><F11/><W20/><G124/><T76/><D76/><U116/><E116/><V74/><F74/><W87/><G117/><T2/><D2/><U75/><E75/><V97/><F97/><W84/><G92/><T85/><D85/><U25/><E135/><V31/><F31/><W125/><G134/><T95/><D80/><U79/><E79/><V37/><REACH who="2" step="1"/><F44/><REACH who="2" ten="250,250,240,250" step="2"/><W43/><G125/><T28/><REACH who="0" step="1"/><D3/><REACH who="0" ten="240,250,240,250" step="2"/><U32/><E113/><V88/><F88/><W48/><G87/><T115/><D115/><U38/><E114/><V13/><F13/><W112/><G84/><T65/><D65/><U61/><E56/><AGARI ba="0,2" hai="21,27,28,49,54,56,66,67,86,89,95,120,122,123" machi="56" ten="40,7700,0" yaku="1,1,52,1,53,1" doraHai="91" doraHaiUra="81" who="0" fromWho="1" sc="240,97,250,-77,240,0,250,0" /><INIT seed="0,1,0,3,3,65" ten="337,173,240,250" oya="0" hai0="122,101,128,43,79,69,125,103,133,81,62,80,52" hai1="5,55,1,38,57,91,102,85,19,36,70,78,51" hai2="40,32,108,58,77,3,72,59,2,88,107,84,130" hai3="126,96,82,132,129,33,100,22,42,7,56,95,48"/><T10/><D122/><U41/><E78/><V13/><F32/><W83/><G33/><T17/><D128/><U25/><E102/><V93/><F108/><W49/><G129/><T8/><D43/><U111/><E111/><V89/><F130/><W29/><G126/><T75/><D133/><U45/><E5/><V27/><F107/><W115/><G115/><T134/><D134/><U44/><E1/><V23/><F13/><W109/><G7/><T99/><D81/><U61/><E45/><V87/><F40/><W11/><G11/><T21/><D103/><U64/><E19/><V76/><F72/><W34/><G34/><T20/><D20/><U124/><E25/><V114/><F114/><W30/><G30/><T74/><D74/><U86/><E86/><V116/><F116/><W6/><G6/><T24/><D125/><U73/><E73/><V14/><F14/><W31/><G31/><T118/><D118/><U9/><E9/><V66/><F66/><W131/><G132/><T110/><D69/><U117/><E124/><V105/><F105/><W121/><G121/><T98/><D98/><U50/><REACH who="1" step="1"/><E117/><REACH who="1" ten="337,163,240,250" step="2"/><V71/><F27/><N who="3" m="16631" /><G109/><T127/><D110/><U37/><E37/><V47/><F47/><N who="3" m="25719" /><G131/><T15/><D127/><U94/><AGARI ba="1,1" hai="36,38,41,44,50,51,55,57,61,64,70,85,91,94" machi="94" ten="20,5200,0" yaku="1,1,0,1,7,1,52,1,53,0" doraHai="65" doraHaiUra="97" who="1" fromWho="1" sc="337,-27,163,65,240,-14,250,-14" /><INIT seed="1,0,0,5,5,73" ten="310,228,226,236" oya="1" hai0="14,82,55,113,132,31,33,60,100,9,119,120,134" hai1="74,117,23,35,15,106,0,131,89,127,61,64,50" hai2="13,77,25,108,103,88,126,8,44,47,26,94,41" hai3="79,24,17,116,54,125,40,66,70,4,130,36,128"/><U121/><E117/><V51/><F108/><W39/><G4/><T46/><D100/><U49/><E121/><V78/><F126/><W57/><G125/><T7/><D60/><U3/><E35/><V62/><F103/><W85/><G66/><T12/><D55/><U104/><E127/><V67/><F47/><W135/><G70/><T53/><D53/><U115/><E115/><V93/><F93/><W10/><G116/><T19/><D82/><U123/><E123/><V2/><F2/><W45/><G135/><N who="0" m="51755" /><D46/><U48/><E74/><V112/><F112/><W107/><G107/><T99/><D99/><U96/><E131/><V27/><F62/><W5/><G36/><T101/><D101/><U18/><E106/><V16/><F67/><W81/><G17/><T30/><D120/><U133/><E133/><V11/><F11/><W34/><G24/><N who="0" m="18631" /><D31/><U69/><E104/><V56/><F56/><W91/><G34/><T68/><D68/><U29/><E29/><V110/><F110/><W114/><G91/><T122/><D122/><U83/><REACH who="1" step="1"/><E96/><AGARI ba="0,0" hai="8,13,16,25,26,27,41,44,51,77,78,88,94,96" machi="96" ten="40,8000,1" yaku="8,1,52,2,54,2" doraHai="73" who="2" fromWho="1" sc="310,0,228,-80,226,80,236,0" /><INIT seed="2,0,0,2,0,113" ten="310,148,306,236" oya="2" hai0="99,32,4,9,34,71,83,49,116,36,38,44,12" hai1="106,108,73,14,114,43,42,63,126,133,91,68,134" hai2="56,96,123,84,130,101,20,118,17,75,121,131,1" hai3="45,60,129,94,70,10,62,13,88,24,82,27,11"/><V89/><F1/><W81/><G129/><N who="2" m="49161" /><F56/><W67/><G45/><T23/><D71/><U7/><E106/><N who="2" m="63783" /><F20/><W26/><G62/><T6/><D6/><U29/><E73/><V15/><F15/><W53/><G53/><T115/><D38/><U86/><E114/><V5/><F17/><W61/><G61/><T0/><D36/><U57/><E68/><V77/><F5/><W31/><G31/><T39/><D39/><U47/><E108/><V21/><F21/><W109/><G109/><T111/><D23/><U2/><E2/><V98/><F98/><W92/><G10/><T102/><D0/><U30/><E30/><V72/><F118/><W105/><G105/><T59/><D59/><U132/><E29/><V93/><F72/><W55/><G55/><T127/><D116/><U117/><E117/><V76/><F76/><W125/><G13/><T40/><D115/><U19/><E7/><V37/><F37/><W74/><G11/><T104/><D111/><U58/><E58/><V112/><F112/><W100/><G74/><T87/><D32/><U16/><E47/><V135/><F135/><W22/><G70/><T107/><D34/><U25/><E25/><V41/><F41/><N who="1" m="15369" /><E14/><V8/><F8/><W50/><G24/><T103/><D12/><U97/><E97/><V69/><F69/><W52/><G26/><T3/><D104/><U65/><E126/><V128/><N who="2" m="49169" /><V80/><AGARI ba="0,0" hai="75,77,80,84,89,93,121,123" m="63783,49169" machi="80" ten="40,12000,1" yaku="4,1,24,1,19,1,34,2" doraHai="113" who="2" fromWho="2" sc="310,-40,148,-40,306,120,236,-40" /><INIT seed="2,1,0,3,4,17" ten="270,108,426,196" oya="2" hai0="21,14,99,27,20,16,13,58,0,96,41,102,132" hai1="33,65,48,6,18,104,64,124,95,53,122,127,12" hai2="135,25,23,101,121,71,88,100,118,111,36,31,112" hai3="30,56,46,9,126,10,40,26,11,113,51,131,109"/><V7/><F71/><W19/><G109/><T42/><D0/><U106/><E33/><V130/><F36/><W35/><G126/><N who="1" m="48170" /><E6/><V8/><F135/><W3/><G131/><T91/><D132/><U80/><E95/><V45/><F121/><W5/><G113/><T116/><D116/><U85/><E122/><V97/><F112/><W37/><G56/><T43/><D58/><N who="1" m="33063" /><E65/><V81/><F111/><W84/><G51/><T57/><D57/><U87/><E64/><V39/><F130/><W61/><G61/><T73/><D73/><U103/><E103/><V125/><F118/><W15/><REACH who="3" step="1"/><G84/><REACH who="3" ten="270,108,426,186" step="2"/><N who="1" m="32330" /><E80/><V47/><F81/><W44/><G44/><T83/><D83/><U49/><E49/><V29/><F47/><W68/><G68/><T120/><D120/><U123/><E123/><V75/><F45/><W55/><G55/><T66/><D66/><U129/><E129/><V2/><F125/><W105/><G105/><T69/><D69/><U24/><E24/><V92/><F39/><W70/><G70/><T117/><D27/><U93/><E93/><V22/><F75/><W133/><G133/><T59/><D59/><U74/><E74/><V119/><F119/><W76/><G76/><T94/><D117/><U107/><E107/><V67/><F67/><W4/><G4/><T62/><D62/><U89/><E89/><V60/><F60/><W78/><G78/><T38/><D38/><U128/><E128/><V86/><F86/><W90/><G90/><T50/><D50/><U98/><E98/><V54/><F54/><W34/><G34/><T110/><D110/><RYUUKYOKU ba="1,1" sc="270,-30,108,10,426,10,186,10" hai1="12,18,104,106" hai2="2,7,8,22,23,25,29,31,88,92,97,100,101" hai3="3,5,9,10,11,15,19,26,30,35,37,40,46" /><INIT seed="2,2,1,4,4,92" ten="240,118,436,196" oya="2" hai0="107,76,16,3,117,57,66,112,128,96,64,27,19" hai1="28,86,69,24,133,114,97,31,116,124,11,2,42" hai2="15,12,67,98,44,73,131,134,53,105,100,10,48" hai3="55,56,60,58,130,33,32,79,88,8,36,22,20"/><V5/><F131/><W104/><G36/><T18/><D3/><U38/><E114/><V121/><F134/><W39/><G39/><T82/><D112/><U54/><E116/><V17/><F73/><W93/><G104/><T45/><D45/><U118/><E118/><V1/><F121/><W6/><G79/><T68/><D68/><U95/><E69/><V43/><F67/><W37/><G37/><T29/><D128/><U7/><E124/><V47/><REACH who="2" step="1"/><F17/><REACH who="2" ten="240,118,426,196" step="2"/><W25/><G130/><T0/><D66/><U126/><E133/><V94/><F94/><W108/><G108/><T85/><D19/><U46/><E126/><V49/><AGARI ba="2,2" hai="1,5,10,12,15,43,44,47,48,49,53,98,100,105" machi="49" ten="20,7800,0" yaku="1,1,0,1,7,1,52,1,53,0" doraHai="92" doraHaiUra="120" who="2" fromWho="2" sc="240,-28,118,-28,426,104,196,-28" /><INIT seed="2,3,0,3,3,103" ten="212,90,530,168" oya="2" hai0="42,45,129,93,131,46,7,124,9,71,27,0,44" hai1="33,58,55,80,11,54,69,37,5,43,70,90,21" hai2="38,66,20,89,121,87,56,63,88,75,28,2,29" hai3="134,76,79,39,110,92,31,13,128,60,125,82,51"/><V67/><F75/><W61/><G39/><T34/><D71/><U126/><E33/><V30/><F38/><W73/><G31/><N who="0" m="19839" /><D93/><U114/><E114/><V15/><F2/><W116/><G116/><T59/><D59/><U10/><E126/><V35/><F35/><W83/><G125/><T24/><D24/><U64/><E54/><V1/><F1/><W40/><G92/><T18/><D18/><U65/><E70/><V22/><F121/><W120/><G120/><T108/><D108/><U91/><E69/><V115/><F115/><W47/><G110/><T6/><D6/><U17/><E43/><V109/><F109/><W106/><G13/><T84/><D84/><N who="1" m="50439" /><E91/><V12/><F67/><N who="1" m="25673" /><E5/><V14/><REACH who="2" step="1"/><F89/><REACH who="2" ten="212,90,520,168" step="2"/><W26/><G73/><T53/><D124/><U100/><E37/><V48/><F48/><W118/><G51/><N who="0" m="28903" /><D42/><U19/><E100/><V111/><F111/><W74/><G40/><T41/><D41/><U113/><E113/><V32/><F32/><W72/><G74/><T97/><D0/><U102/><E102/><V95/><AGARI ba="3,1" hai="12,14,15,20,22,28,29,30,56,63,66,87,88,95" machi="95" ten="30,11700,0" yaku="1,1,0,1,8,1,54,1,53,0" doraHai="103" doraHaiUra="132" who="2" fromWho="2" sc="212,-42,90,-42,520,136,168,-42" /><INIT seed="2,4,0,0,0,105" ten="170,48,656,126" oya="2" hai0="60,45,64,0,55,74,33,103,59,10,117,63,37" hai1="128,30,76,125,39,85,62,121,100,134,44,70,15" hai2="29,14,12,42,52,2,82,94,53,89,101,8,93" hai3="130,78,20,115,16,118,25,40,84,6,99,7,111"/><V26/><F2/><W120/><G118/><T41/><D103/><U57/><E70/><V56/><F42/><W43/><G120/><T34/><D117/><U28/><E121/><V124/><F124/><W9/><G111/><T66/><D74/><U27/><E125/><V11/><F101/><W32/><G130/><T49/><D10/><U21/><E128/><V38/><F38/><W133/><G32/><T31/><D31/><U35/><E134/><V24/><F82/><N who="3" m="47191" /><G133/><T116/><D0/><U13/><E100/><V129/><F129/><W69/><G69/><N who="0" m="42119" /><D116/><U4/><E4/><N who="3" m="1578" /><G115/><T51/><D33/><U48/><E39/><V90/><F56/><W23/><G9/><T88/><D88/><U109/><E109/><V110/><F110/><W61/><G61/><N who="0" m="36095" /><D34/><U22/><E85/><V131/><F131/><W75/><G75/><T107/><D107/><U83/><E83/><V97/><F29/><N who="3" m="17575" /><G99/><AGARI ba="4,0" hai="8,11,12,14,24,26,52,53,89,90,93,94,97,99" machi="99" ten="25,9600,0" yaku="22,2,8,1,54,1" doraHai="105" who="2" fromWho="3" sc="170,0,48,0,656,108,126,-108" /><INIT seed="2,5,0,4,5,60" ten="170,48,764,18" oya="2" hai0="135,120,132,54,35,71,29,7,110,78,61,42,33" hai1="41,30,109,72,102,32,114,1,3,83,58,92,89" hai2="0,133,44,77,101,115,97,100,2,75,122,28,40" hai3="5,99,39,18,105,130,119,118,63,22,98,20,134"/><V37/><F115/><W50/><G39/><T36/><D78/><U45/><E114/><V38/><F122/><W17/><G5/><T73/><D73/><U47/><E109/><V90/><F133/><W67/><G134/><T53/><D7/><U103/><E47/><V91/><F28/><W123/><G123/><T8/><D8/><U82/><E32/><V10/><F37/><W107/><G50/><T55/><D29/><U4/><E30/><V84/><F101/><W48/><G48/><T13/><D13/><U24/><E24/><V129/><F129/><W21/><G130/><T128/><D33/><U49/><E58/><V69/><F69/><W94/><G21/><T112/><D35/><U11/><E3/><V104/><F10/><W111/><G63/><T12/><D128/><U51/><E51/><V117/><F91/><W93/><REACH who="3" step="1"/><G67/><REACH who="3" ten="170,48,764,8" step="2"/><N who="0" m="41455" /><D120/><U14/><E1/><V46/><F0/><W96/><G96/><T62/><D112/><U15/><E15/><V87/><F2/><W23/><G23/><T86/><D12/><U27/><E27/><V113/><F97/><W88/><G88/><T64/><D135/><U85/><E72/><V125/><F75/><W19/><G19/><T16/><D16/><U79/><E79/><V59/><F77/><W70/><G70/><T6/><D6/><U25/><E25/><V81/><F38/><W121/><G121/><T31/><D132/><U127/><E127/><V57/><F125/><W34/><G34/><T95/><D36/><U124/><E124/><V126/><F126/><W68/><G68/><T131/><D131/><RYUUKYOKU ba="5,1" sc="170,-15,48,15,764,-15,8,15" hai1="4,11,14,41,45,49,82,83,85,89,92,102,103" hai3="17,18,20,22,93,94,98,99,105,107,111,118,119" /><INIT seed="3,6,1,0,3,117" ten="155,63,749,23" oya="3" hai0="130,37,11,27,20,12,133,109,31,0,90,83,56" hai1="51,21,120,1,28,112,14,82,50,108,53,122,23" hai2="128,35,125,111,17,13,103,49,22,19,88,64,94" hai3="39,57,101,52,29,26,40,38,127,126,95,123,121"/><W8/><G8/><T46/><D109/><U116/><E112/><V75/><F35/><W58/><G95/><T9/><D133/><U66/><E1/><V78/><F125/><N who="3" m="47627" /><G101/><T106/><D106/><U96/><E108/><V118/><F128/><W132/><G132/><T54/><D130/><U91/><E66/><V10/><F118/><W135/><G135/><T77/><D90/><U59/><E116/><V63/><F111/><W114/><G114/><T113/><D0/><U99/><E28/><V24/><F103/><W32/><G58/><T107/><D107/><U85/><E51/><V55/><F75/><W41/><G41/><T71/><D11/><U100/><E99/><V44/><F78/><W6/><G6/><T65/><D56/><U80/><E80/><V42/><F42/><W129/><G129/><T72/><D83/><U67/><E67/><V76/><F76/><W62/><G40/><T97/><D77/><U102/><E102/><V4/><F4/><W48/><G48/><T86/><D9/><U60/><E50/><V61/><F64/><W16/><G16/><T104/><D65/><U7/><E7/><V2/><F2/><W84/><G84/><AGARI ba="6,1" hai="10,13,17,19,22,24,44,49,55,61,63,84,88,94" machi="84" ten="30,3900,0" yaku="7,1,8,1,54,1" doraHai="117" who="2" fromWho="3" sc="155,0,63,0,749,67,23,-57" owari="155,-4.5,63,-33.7,816,91.6,-34,-53.4" /></mjloggm>