<mjloggm ver="2.3"><GO type="169" lobby="0"/><UN n0="%6C%6E%61%69" n1="%E3%81%95%E3%82%88%E3%81%AA%E3%82%89%E3%83%9A%E3%81%BA%E3%83%9A" n2="%43%68%61%72%6F%2E" n3="%E3%81%A5%E3%81%8B%E5%AD%90" dan="16,16,17,16" rate="2056.69,2122.46,2189.13,2154.27" sx="M,F,M,M"/><TAIKYOKU oya="0"/><INIT seed="0,0,0,3,0,91" ten="250,250,250,250" oya="0" hai0="80,60,69,20,12,0,55,100,96,41,11,86,66" hai1="45,127,31,9,118,98,30,29,83,128,52,115,121" hai2="34,64,63,6,54,111,40,82,110,1,132,49,27" hai3="102,2,57,119,65,24,85,19,89,17,90,120,113"/><T21/><D0/><U13/><E118/><V74/><F40/><W95/><G113/><T93/><D41/><U133/><E121/><V106/><F106/><W87/><G119/><T101/><D101/><U125/><E133/><V73/><F132/><W38/><G38/><T43/><D55/><U15/><E115/><V129/><F82/><W135/><G135/><T25/><D43/><U72/><E128/><V23/><F34/><W37/><G37/><T59/><D69/><U79/><E98/><V42/><F42/><W35/><G2/><T53/><D53/><U8/><E45/><V92/><F129/><W81/><G120/><T50/><D50/><U71/><E71/><V47/><F92/><N who="3" m="54319" /><G35/><T114/><D25/><U10/><REACH who="1" step="1"/><E52/><REACH who="1" ten="250,240,250,250" step="2"/><V32/><F54/><W28/><G57/><T131/><D131/><U70/><E70/><V78/><F47/><W22/><G65/><T48/><D114/><U36/><E36/><V99/><F64/><W107/><G107/><T103/><D48/><U104/><E104/><V75/><F49/><W4/><G4/><N who="0" m="3175" /><D103/><U112/><E112/><V58/><F58/><W77/><G102/><T67/><D67/><U109/><E109/><V33/><F111/><W39/><G39/><T88/><AGARI ba="0,1" hai="20,21,59,60,66,80,86,88,93,96,100" m="3175" machi="88" ten="30,6000,0" yaku="8,1,52,1,54,1" doraHai="91" who="0" fromWho="0" sc="250,70,240,-20,250,-20,250,-20" /><INIT seed="0,1,0,4,4,67" ten="320,220,230,230" oya="0" hai0="66,22,47,49,104,7,52,95,9,111,108,89,123" hai1="43,50,80,56,16,62,25,40,126,70,112,11,29" hai2="107,78,73,127,74,119,75,18,85,125,48,42,33" hai3="98,116,46,53,38,59,63,41,10,113,91,86,8"/><T4/><D123/><U79/><E126/><N who="2" m="48139" /><F33/><W124/><G124/><T103/><D104/><U120/><E120/><V45/><F119/><W27/><G113/><T92/><D22/><U55/><E112/><V130/><F107/><W84/><G116/><T114/><D114/><U76/><E76/><V72/><F130/><W32/><G84/><T34/><D34/><U88/><E70/><V14/><N who="2" m="18432" /><DORA hai="100" /><V115/><F115/><W81/><REACH who="3" step="1"/><G98/><REACH who="3" ten="320,220,230,220" step="2"/><T15/><D111/><U93/><E80/><V96/><F96/><W26/><G26/><T105/><D108/><U35/><E79/><V19/><F14/><W132/><G132/><T58/><D15/><U20/><E50/><V102/><F102/><W36/><G36/><T2/><D103/><U64/><E11/><V135/><F135/><W37/><G37/><T1/><D9/><U94/><E94/><V69/><F69/><W101/><G101/><T122/><D95/><U24/><REACH who="1" step="1"/><E64/><REACH who="1" ten="320,210,230,220" step="2"/><V97/><F97/><AGARI ba="1,2" hai="16,20,24,25,29,35,40,43,55,56,62,88,93,97" machi="97" ten="30,12000,2" yaku="1,1,2,1,7,1,25,2,54,2,53,0" doraHai="67,100" doraHaiUra="129,71" who="1" fromWho="2" sc="320,0,210,143,230,-123,220,0" /><INIT seed="1,0,0,5,0,85" ten="320,353,107,220" oya="1" hai0="8,102,66,131,77,72,110,56,74,92,54,20,31" hai1="106,86,122,105,58,93,89,128,67,13,42,113,78" hai2="62,55,27,3,22,51,32,37,96,15,18,82,129" hai3="97,25,17,71,80,101,103,2,64,90,12,5,33"/><U10/><E122/><V46/><F129/><W108/><G108/><T44/><D131/><U26/><E128/><V120/><F120/><W49/><G71/><T11/><D110/><U87/><E113/><V115/><F115/><W4/><G64/><T16/><D31/><U21/><E105/><V98/><F3/><W119/><G119/><T95/><D44/><U34/><E34/><V0/><F0/><W116/><G116/><T29/><D29/><U104/><E104/><V23/><F32/><W43/><G2/><T40/><D40/><U84/><E106/><V100/><F37/><W91/><G25/><T107/><D66/><U47/><E67/><V109/><F109/><W52/><G43/><T6/><D107/><U124/><E58/><V24/><F100/><N who="3" m="38475" /><G97/><T1/><D8/><U57/><E57/><V63/><F15/><W126/><G80/><T60/><D102/><U94/><E124/><V70/><F82/><W118/><G126/><T7/><D7/><N who="3" m="2633" /><G33/><T132/><D1/><U59/><E59/><V76/><F70/><W81/><G81/><T99/><D99/><N who="2" m="37930" /><F76/><W88/><G118/><T121/><D77/><U53/><E78/><V14/><F14/><W130/><G130/><T111/><D111/><U68/><E68/><V30/><AGARI ba="0,0" hai="18,22,23,24,27,30,46,51,55,62,63" m="37930" machi="30" ten="30,1100,0" yaku="8,1" doraHai="85" who="2" fromWho="2" sc="320,-3,353,-5,107,11,220,-3" /><INIT seed="2,0,0,3,4,4" ten="317,348,118,217" oya="2" hai0="117,109,93,125,31,119,11,58,17,46,123,75,5" hai1="50,118,110,39,98,104,52,21,100,57,9,106,60" hai2="55,97,77,91,32,20,23,120,8,127,15,92,126" hai3="135,95,12,53,40,84,18,124,26,42,13,116,132"/><V28/><F120/><W1/><G1/><T71/><D123/><U61/><E118/><V94/><F77/><W112/><G116/><T131/><D71/><U38/><E110/><V41/><F41/><W133/><G124/><N who="2" m="47657" /><F55/><W67/><G112/><T79/><D125/><U86/><E106/><V34/><F94/><W90/><G67/><T102/><D109/><U101/><E101/><V76/><F76/><W65/><G65/><T19/><D131/><U107/><E107/><V87/><F87/><W73/><G73/><T30/><D46/><U0/><E21/><N who="2" m="8267" /><F28/><W25/><G53/><T74/><D79/><U10/><E86/><V69/><F69/><W63/><G42/><T99/><D74/><U27/><E27/><N who="3" m="10250" /><G40/><T83/><D75/><U6/><REACH who="1" step="1"/><E10/><REACH who="1" ten="317,338,118,217" step="2"/><V37/><F37/><AGARI ba="0,1" hai="0,6,9,37,38,39,50,52,57,60,61,98,100,104" machi="37" ten="40,8000,1" yaku="1,1,2,1,52,1,54,1,53,1" doraHai="4" doraHaiUra="51" who="1" fromWho="2" sc="317,0,338,90,118,-80,217,0" /><INIT seed="3,0,0,1,0,77" ten="317,428,38,217" oya="3" hai0="119,90,69,35,34,127,122,100,44,116,93,23,57" hai1="28,81,121,82,83,50,38,11,123,24,95,129,47" hai2="29,87,13,74,126,48,56,105,9,110,43,125,108" hai3="99,15,68,76,115,27,67,46,130,53,25,12,135"/><W109/><G115/><T18/><D122/><U65/><E129/><V3/><F105/><W85/><G135/><T16/><D69/><U114/><E114/><V98/><F74/><W61/><G130/><T40/><D127/><N who="2" m="48650" /><F98/><W102/><G109/><N who="2" m="42089" /><F87/><W117/><G117/><T104/><D100/><U79/><E38/><V89/><F89/><W0/><G0/><T59/><D104/><U84/><E65/><V54/><F43/><W103/><G103/><T52/><D57/><U55/><E121/><V124/><N who="2" m="48658" /><V19/><DORA hai="2" /><F3/><W30/><G85/><T7/><D116/><U107/><E107/><V51/><F29/><W101/><G76/><T32/><D40/><U26/><E123/><V58/><F58/><W39/><G39/><T80/><D80/><N who="1" m="30827" /><E28/><V31/><F31/><W10/><G30/><T14/><D119/><U134/><E134/><V131/><F131/><W20/><G68/><T37/><D37/><U21/><E95/><V64/><F64/><W106/><G67/><T66/><D66/><U36/><E36/><V1/><F1/><W33/><G106/><T71/><D71/><U8/><N who="1" m="30835" /><U70/><DORA hai="133" /><E79/><V113/><F113/><W94/><G94/><T88/><D93/><U120/><E84/><V91/><F91/><W41/><G102/><T60/><D88/><U73/><E73/><V22/><F51/><W45/><G101/><T5/><D90/><U111/><E120/><V118/><F118/><W128/><G128/><T17/><D34/><U49/><E111/><V42/><F42/><W63/><G41/><T92/><D35/><RYUUKYOKU ba="0,0" sc="317,-10,428,-10,38,30,217,-10" hai2="9,13,19,22,48,54,56" /><INIT seed="4,1,0,0,0,30" ten="307,418,68,207" oya="0" hai0="29,16,14,83,20,108,69,7,46,18,28,94,77" hai1="27,120,4,6,135,88,76,37,17,49,125,35,129" hai2="102,48,121,114,130,100,98,99,9,71,34,66,3" hai3="133,23,109,47,43,119,117,101,87,81,31,1,105"/><T8/><D69/><U72/><E37/><V123/><F114/><W89/><G109/><T57/><D108/><U33/><E120/><V24/><F48/><W131/><G1/><T53/><D46/><U85/><E125/><V82/><F82/><W2/><G2/><T36/><D36/><U40/><E129/><V118/><F130/><W115/><G131/><T54/><D94/><U80/><E135/><V19/><F118/><W86/><G115/><T112/><D18/><U96/><E6/><N who="2" m="1247" /><F19/><W50/><G133/><T107/><D107/><U0/><E0/><V67/><F67/><W21/><G101/><T13/><D54/><U127/><E127/><V95/><F98/><W79/><G105/><T65/><D65/><U61/><E61/><N who="2" m="40399" /><F95/><W111/><G111/><T58/><D58/><U124/><E4/><V42/><F102/><W25/><REACH who="3" step="1"/><G21/><REACH who="3" ten="307,418,68,197" step="2"/><T128/><D128/><U52/><E124/><V70/><F123/><W60/><G60/><T55/><D112/><U39/><E33/><V91/><F121/><W26/><G26/><T122/><D122/><U51/><E35/><V22/><F22/><W63/><G63/><T103/><D103/><U44/><E27/><V56/><F100/><W92/><AGARI ba="1,1" hai="23,25,31,43,47,50,79,81,86,87,89,92,117,119" machi="92" ten="20,5200,0" yaku="1,1,0,1,7,1,53,1" doraHai="30" doraHaiUra="73" who="3" fromWho="3" sc="307,-27,418,-14,68,-14,197,65" /><INIT seed="5,0,0,3,3,20" ten="280,404,54,262" oya="1" hai0="121,21,65,4,135,77,53,90,12,78,1,120,126" hai1="63,72,66,131,41,42,50,54,28,37,74,102,100" hai2="96,49,83,9,75,81,113,31,46,0,128,3,112" hai3="133,97,130,6,122,108,111,39,15,105,25,36,23"/><U129/><E28/><V103/><F128/><N who="1" m="49225" /><E100/><V16/><F31/><W48/><G130/><T116/><D116/><U43/><E102/><V84/><F75/><W68/><G23/><T89/><D126/><U69/><E74/><V61/><F61/><W38/><G38/><T98/><D135/><U86/><E86/><V64/><F64/><W125/><G48/><T107/><D1/><U10/><E10/><V55/><F81/><W27/><G15/><T70/><D107/><U14/><E14/><N who="2" m="7247" /><F96/><W80/><G97/><T85/><D98/><U101/><E101/><V59/><F59/><W106/><G80/><T5/><D120/><U95/><E95/><V93/><F93/><W94/><G94/><T24/><D121/><U44/><E72/><V123/><F103/><W32/><G122/><T34/><D65/><U117/><E117/><V82/><F82/><W2/><G2/><T58/><D70/><U26/><E26/><V109/><F109/><W118/><G118/><T33/><D33/><U7/><E7/><V47/><F47/><AGARI ba="0,0" hai="37,41,42,43,44,47,50,54,63,66,69" m="49225" machi="47" ten="30,5800,0" yaku="19,1,34,2" doraHai="20" who="1" fromWho="2" sc="280,0,404,58,54,-58,262,0" owari="280,8.0,462,56.2,-4,-50.4,262,-13.8" /></mjloggm>