<mjloggm ver="2.3"><GO type="169" lobby="0"/><UN n0="%6B%73%6B%79%30%36%30%33" n1="%E6%82%94%E3%81%84%E3%82%BF%E3%83%B3" n2="%E4%B8%83%E8%8D%89%E9%A6%99%E6%BE%84" n3="%E3%81%9F%E3%81%BE%E3%82%82%E3%82%84%E3%82%93" dan="16,17,16,16" rate="2131.94,2195.97,2167.40,2109.64" sx="M,M,F,F"/><TAIKYOKU oya="0"/><INIT seed="0,0,0,0,3,111" ten="250,250,250,250" oya="0" hai0="79,41,116,14,134,19,135,4,128,92,39,48,44" hai1="9,78,100,82,75,87,88,97,117,64,123,35,3" hai2="112,114,20,36,8,1,119,108,43,90,99,16,50" hai3="56,54,6,95,15,37,122,96,49,118,57,132,107"/><T7/><D116/><U76/><E117/><V110/><F119/><W67/><G118/><RYUUKYOKU type="kaze4" ba="0,0" sc="250,0,250,0,250,0,250,0" /><INIT seed="0,1,0,0,0,32" ten="250,250,250,250" oya="0" hai0="21,117,118,75,16,122,123,43,19,81,22,48,37" hai1="0,13,100,127,86,132,20,58,107,101,77,53,85" hai2="94,1,121,65,3,112,23,34,116,12,51,80,72" hai3="108,35,110,95,10,64,93,47,102,42,120,90,126"/><T46/><D37/><U129/><E127/><V36/><F121/><W6/><G120/><T115/><D115/><U25/><E129/><V29/><F112/><W41/><G35/><T30/><D30/><U68/><E68/><V17/><F36/><W103/><G126/><T67/><D67/><U8/><E132/><V52/><F65/><W92/><G64/><T50/><D81/><N who="1" m="47279" /><E0/><V73/><F116/><W114/><G90/><T83/><D83/><U96/><E86/><V55/><F94/><W135/><G135/><T87/><D87/><U44/><E44/><V78/><F72/><W38/><G42/><T49/><D49/><N who="1" m="31023" /><E107/><V113/><F113/><W14/><REACH who="3" step="1"/><G114/><REACH who="3" ten="250,250,250,240" step="2"/><T39/><D39/><U56/><E96/><V45/><REACH who="2" step="1"/><F55/><REACH who="2" ten="250,250,240,240" step="2"/><W133/><G133/><T88/><D75/><U2/><E101/><AGARI ba="1,2" hai="6,10,14,38,41,47,92,93,95,101,102,103,108,110" machi="101" ten="40,8000,1" yaku="1,1,53,3" doraHai="32" doraHaiUra="97" who="3" fromWho="1" sc="250,0,250,-83,240,0,240,103" /><INIT seed="1,0,0,1,2,39" ten="250,167,240,343" oya="1" hai0="44,19,49,57,41,71,18,60,103,107,56,30,1" hai1="15,80,99,38,87,27,84,134,3,21,131,24,6" hai2="59,132,65,92,135,86,88,95,100,17,118,74,128" hai3="51,117,112,31,127,10,67,96,48,109,0,113,121"/><U66/><E131/><V126/><F17/><W78/><G121/><T72/><D72/><U55/><E38/><V85/><F65/><W37/><G37/><T47/><D1/><U45/><E3/><V5/><F59/><W108/><G127/><T58/><D30/><U125/><E134/><N who="2" m="51243" /><F5/><W35/><G78/><T122/><D122/><U116/><E116/><V94/><F118/><W129/><G129/><T46/><D103/><U98/><E66/><V82/><F128/><W7/><G96/><N who="1" m="36906" /><E125/><V34/><F126/><W22/><G67/><T76/><D107/><U77/><E87/><N who="2" m="33291" /><F34/><W4/><G35/><T114/><D76/><U133/><E133/><V2/><F2/><W50/><G117/><T62/><D71/><U91/><E77/><N who="2" m="44343" /><F100/><W64/><G64/><T124/><D124/><U70/><E70/><V81/><F81/><W28/><G0/><T90/><D19/><N who="1" m="10495" /><E6/><V79/><F79/><W89/><G7/><T120/><D120/><U11/><E11/><V36/><F36/><W20/><G10/><T9/><D9/><U42/><E42/><V73/><F73/><W32/><G4/><T13/><D41/><U40/><E40/><V105/><F105/><W115/><G32/><T68/><D68/><U52/><E45/><V63/><F63/><W61/><G61/><T69/><D60/><U54/><AGARI ba="0,0" hai="24,27,52,54,55,80,84,91" m="10495,36906" machi="54" ten="30,3000,0" yaku="8,1,54,1" doraHai="39" who="1" fromWho="1" sc="250,-10,167,30,240,-10,343,-10" /><INIT seed="1,1,0,1,2,92" ten="240,197,230,333" oya="1" hai0="38,48,111,10,132,37,103,51,16,15,116,133,57" hai1="71,55,96,62,5,44,79,113,107,47,72,86,68" hai2="43,129,70,59,94,30,25,106,88,56,80,39,126" hai3="89,11,60,87,8,115,127,14,9,78,23,40,28"/><U53/><E113/><V6/><F70/><W4/><G115/><T12/><D116/><U90/><E72/><V52/><F106/><W122/><G127/><T100/><D111/><U77/><E5/><V76/><F126/><W124/><G122/><T13/><D57/><U42/><E107/><V2/><F129/><W109/><G109/><T97/><D10/><U31/><E31/><V112/><F112/><W81/><G40/><T75/><D75/><U67/><E71/><V36/><F2/><W22/><G124/><T101/><D16/><U83/><E47/><V61/><F6/><W108/><G60/><T20/><D20/><N who="3" m="7721" /><G28/><T125/><D97/><U110/><E110/><V99/><F43/><W104/><G104/><T95/><D95/><U49/><REACH who="1" step="1"/><E96/><REACH who="1" ten="240,187,230,333" step="2"/><V33/><F59/><W74/><G74/><AGARI ba="1,1" hai="25,30,33,36,39,52,56,61,74,76,80,88,94,99" machi="74" ten="30,7700,0" yaku="7,1,52,1,54,2" doraHai="92" who="2" fromWho="3" sc="240,0,187,0,230,90,333,-80" /><INIT seed="2,0,0,0,2,1" ten="240,187,320,253" oya="2" hai0="81,63,120,96,36,74,56,100,86,117,2,80,72" hai1="43,49,27,127,46,24,16,22,135,125,119,35,12" hai2="33,78,103,29,42,26,9,25,85,130,21,64,71" hai3="30,87,58,84,61,7,114,32,99,39,79,13,94"/><V28/><F130/><W102/><G39/><T93/><D36/><U0/><E119/><V6/><F42/><W112/><G30/><T65/><D117/><U15/><E0/><V90/><F78/><W98/><G32/><T18/><D120/><U20/><E135/><V11/><F103/><W104/><G13/><T3/><D18/><U51/><E35/><V53/><F71/><W115/><G7/><T47/><D47/><U19/><REACH who="1" step="1"/><E51/><REACH who="1" ten="240,177,320,253" step="2"/><V70/><F33/><W59/><G114/><T126/><D2/><U132/><E132/><V107/><F29/><W50/><G115/><T105/><D3/><U116/><E116/><V75/><F28/><W134/><G134/><T14/><D126/><AGARI ba="0,1" hai="12,15,16,19,20,22,24,27,43,46,49,125,126,127" machi="126" ten="40,8000,1" yaku="1,1,9,1,18,1,54,1,53,0" doraHai="1" doraHaiUra="95" who="1" fromWho="0" sc="240,-80,177,90,320,0,253,0" /><INIT seed="3,0,0,5,5,26" ten="160,267,320,253" oya="3" hai0="104,85,118,1,49,88,35,58,8,93,6,95,12" hai1="19,108,71,97,3,41,91,102,45,55,37,128,120" hai2="7,92,119,11,130,99,122,16,70,129,39,42,59" hai3="22,38,2,127,86,27,57,44,13,25,134,100,40"/><W98/><G127/><T123/><D104/><U28/><E120/><V14/><F119/><W67/><G134/><T113/><D118/><U80/><E71/><V83/><F70/><W90/><G2/><T107/><D107/><U110/><E3/><V23/><F122/><W81/><G13/><T31/><D123/><U32/><E128/><N who="2" m="49259" /><F59/><W60/><REACH who="3" step="1"/><G22/><REACH who="3" ten="160,267,320,243" step="2"/><T24/><D113/><U112/><E112/><V111/><F14/><W77/><G77/><T15/><REACH who="0" step="1"/><D95/><AGARI ba="0,1" hai="25,27,38,40,44,57,60,67,81,86,90,95,98,100" machi="95" ten="30,2900,0" yaku="1,1,7,1,53,0" doraHai="26" doraHaiUra="116" who="3" fromWho="0" sc="160,-29,267,0,320,0,243,39" /><INIT seed="3,1,0,5,4,115" ten="131,267,320,282" oya="3" hai0="55,60,89,135,49,54,56,121,21,28,95,23,38" hai1="114,22,5,134,64,104,25,85,120,35,67,82,11" hai2="17,112,36,0,47,72,34,39,130,4,57,80,8" hai3="128,96,83,20,90,41,105,122,40,101,108,27,126"/><W66/><G122/><T50/><D121/><U75/><E120/><V61/><F112/><W102/><G128/><T69/><D38/><U58/><E35/><V81/><F34/><W73/><G126/><T46/><D135/><U109/><E104/><V123/><F123/><W98/><G108/><T43/><D28/><U53/><E75/><V70/><F70/><W14/><G14/><T133/><D133/><U87/><E109/><V110/><F110/><W97/><G66/><T131/><D131/><U12/><E114/><V78/><F130/><W79/><G90/><T19/><D69/><U44/><E44/><V125/><F125/><W127/><G97/><T29/><D29/><U65/><E82/><N who="2" m="45383" /><F17/><W113/><G113/><T59/><REACH who="0" step="1"/><D19/><REACH who="0" ten="121,267,320,282" step="2"/><N who="1" m="12511" /><E134/><V9/><F39/><W10/><G127/><T7/><D7/><U48/><AGARI ba="1,1" hai="5,11,12,48,53,58,64,65,67,85,87" m="12511" machi="48" ten="30,1100,0" yaku="8,1" doraHai="115" who="1" fromWho="1" sc="121,-4,267,24,320,-4,282,-6" /><INIT seed="4,0,0,2,1,39" ten="117,291,316,276" oya="0" hai0="107,71,50,70,97,65,122,112,73,130,20,104,74" hai1="64,68,111,36,55,41,38,58,17,72,123,87,92" hai2="5,103,25,95,56,127,34,30,32,7,42,84,35" hai3="43,118,51,114,59,101,60,91,135,49,76,96,124"/><T120/><D112/><U83/><E72/><V132/><F132/><W62/><G118/><T81/><D130/><U13/><E123/><V11/><F127/><W37/><G124/><T21/><D50/><U133/><E111/><V23/><F56/><W134/><G76/><T117/><D97/><U53/><E133/><V85/><F103/><W48/><G91/><T115/><D115/><U3/><E3/><V8/><F95/><W131/><G114/><T16/><D81/><U18/><E68/><V80/><F42/><W119/><G119/><T102/><D117/><U90/><E64/><V93/><F93/><W31/><G31/><T79/><D65/><U4/><E4/><V28/><F80/><W10/><G10/><T116/><D116/><U77/><E55/><V105/><F105/><W27/><G131/><T86/><D86/><U24/><E24/><V0/><REACH who="2" step="1"/><F30/><REACH who="2" ten="117,291,306,276" step="2"/><W15/><G101/><T1/><D102/><U40/><E36/><V46/><F46/><W69/><G135/><T33/><D79/><U54/><E38/><V125/><F125/><W75/><G37/><T82/><D82/><U121/><E58/><V106/><F106/><W44/><G59/><T45/><D45/><U99/><E83/><V89/><F89/><W67/><G43/><N who="1" m="16458" /><E77/><V128/><F128/><W94/><G44/><T47/><D47/><U63/><E92/><V110/><F110/><W2/><G94/><T78/><D78/><U29/><E90/><V26/><F26/><W126/><G27/><T113/><D113/><U66/><E29/><V14/><AGARI ba="0,1" hai="0,5,7,8,11,14,23,25,28,32,34,35,84,85" machi="14" ten="30,4000,0" yaku="1,1,0,1,53,1" doraHai="39" doraHaiUra="22" who="2" fromWho="2" sc="117,-20,291,-10,306,50,276,-10" /><INIT seed="5,0,0,3,5,132" ten="97,281,356,266" oya="1" hai0="0,107,84,20,68,56,113,3,60,91,10,24,5" hai1="100,58,48,88,63,97,111,122,59,109,53,129,8" hai2="46,21,44,43,85,32,49,131,115,9,30,108,114" hai3="95,124,12,17,123,40,31,121,96,102,51,28,4"/><U34/><E122/><V26/><F108/><N who="1" m="41545" /><E34/><V23/><F131/><W2/><G2/><T15/><D107/><U78/><E78/><V80/><F9/><W135/><G4/><T36/><D68/><U67/><E129/><V35/><F21/><W83/><G135/><T37/><D113/><N who="2" m="43018" /><F46/><W11/><G123/><T65/><D3/><U22/><E22/><V130/><F130/><W103/><G103/><T55/><D0/><U94/><E8/><V47/><F47/><W125/><G121/><T101/><D101/><AGARI ba="0,0" hai="48,53,58,59,63,67,88,94,97,100,101" m="41545" machi="101" ten="30,2900,0" yaku="10,1,54,1" doraHai="132" who="1" fromWho="0" sc="97,-29,281,29,356,0,266,0" /><INIT seed="5,1,0,0,0,40" ten="68,310,356,266" oya="1" hai0="90,74,110,72,58,109,59,33,23,36,133,122,125" hai1="92,50,131,51,4,78,106,29,85,46,12,98,68" hai2="102,86,11,83,100,132,20,77,65,114,76,55,62" hai3="117,22,52,91,135,30,47,118,56,111,10,70,88"/><U17/><E68/><V14/><F132/><W103/><G135/><T7/><D133/><U15/><E131/><V9/><F114/><W18/><G70/><T31/><D36/><U57/><E29/><V75/><F75/><W43/><G103/><N who="2" m="39465" /><F65/><W61/><G10/><T49/><D33/><U28/><E28/><V27/><F76/><W84/><G30/><T89/><D31/><U115/><E106/><V5/><F27/><N who="3" m="14807" /><G84/><T48/><D7/><U2/><E2/><V71/><F71/><W80/><G80/><T134/><D134/><U127/><E115/><V0/><F0/><W94/><G94/><T93/><D93/><U128/><E128/><V63/><F9/><W3/><G111/><T126/><REACH who="0" step="1"/><D23/><REACH who="0" ten="58,310,356,266" step="2"/><U8/><E4/><V34/><F34/><W38/><G3/><T25/><D25/><U37/><E37/><V79/><F20/><W16/><G16/><T112/><D112/><U66/><E17/><V45/><F5/><W124/><G124/><T6/><D6/><U19/><E127/><V116/><F14/><W119/><AGARI ba="1,1" hai="38,43,47,52,56,61,88,91,117,118,119" m="14807" machi="119" ten="30,7900,0" yaku="12,1,52,1,54,2" doraHai="40" who="3" fromWho="3" sc="58,-21,310,-40,356,-21,266,92" /><INIT seed="6,0,0,0,1,16" ten="37,270,335,358" oya="2" hai0="44,29,63,97,49,71,105,133,87,106,50,114,96" hai1="12,59,110,75,30,53,126,99,7,17,111,37,31" hai2="60,66,13,95,84,21,121,22,52,35,19,131,100" hai3="25,64,115,56,119,11,88,46,18,124,40,118,92"/><V47/><F121/><W61/><G124/><T23/><D114/><U27/><E126/><V101/><F35/><W77/><G115/><T135/><D87/><U5/><E37/><V65/><F131/><W43/><G77/><T26/><D71/><U80/><E31/><V48/><F22/><W69/><G69/><T128/><D63/><U8/><E99/><V67/><F60/><W72/><G72/><T39/><D39/><U120/><E120/><V93/><F84/><W116/><G46/><T45/><D29/><U28/><E28/><V98/><F93/><W1/><G1/><T58/><D58/><U74/><E110/><V42/><F42/><W89/><G89/><AGARI ba="0,0" hai="13,19,21,47,48,52,65,66,67,89,95,98,100,101" machi="89" ten="40,7700,0" yaku="8,1,52,1,54,1" doraHai="16" who="2" fromWho="3" sc="37,0,270,0,335,77,358,-77" /><INIT seed="6,1,0,1,3,48" ten="37,270,412,281" oya="2" hai0="12,67,7,101,125,20,3,46,95,93,11,97,32" hai1="117,26,105,106,107,21,18,23,99,36,135,122,115" hai2="9,13,76,87,31,71,124,56,85,116,104,33,96" hai3="27,28,19,5,120,55,91,108,65,8,98,64,40"/><V83/><F116/><W86/><G120/><T82/><D125/><U128/><E117/><V123/><F123/><W134/><G108/><T80/><D32/><U69/><E122/><V131/><F71/><W113/><G134/><T133/><D133/><U103/><E135/><V89/><F124/><W38/><G113/><T30/><D3/><U132/><E132/><V84/><F131/><W63/><G19/><T70/><D70/><U118/><E118/><V109/><F109/><W44/><G98/><T60/><D95/><U25/><E115/><V24/><F56/><W47/><G47/><T110/><D110/><U16/><E128/><V119/><F119/><W74/><G74/><T61/><D61/><U88/><E36/><V0/><F0/><W43/><G43/><T37/><D37/><U129/><E129/><V41/><F41/><W17/><G17/><T72/><D72/><U34/><E34/><V73/><F104/><W57/><G27/><T1/><D46/><U2/><E2/><V112/><F96/><W121/><G28/><T78/><D78/><U10/><E10/><V54/><F112/><W100/><G100/><T6/><D6/><U59/><E69/><V49/><F73/><W22/><G22/><T51/><D51/><U14/><E14/><V42/><F42/><W62/><G62/><T75/><D75/><U126/><E126/><V15/><F76/><W94/><G121/><T79/><D79/><U111/><E111/><V90/><F83/><W52/><G65/><T92/><D1/><AGARI ba="1,0" hai="1,5,8,38,40,44,52,55,57,63,64,86,91,94" machi="1" ten="30,7700,0" yaku="7,1,52,2,54,1" doraHai="48" who="3" fromWho="0" sc="37,-80,270,0,412,0,281,80" owari="-43,-54.3,270,-13.0,412,51.2,361,16.1" /></mjloggm>