<mjloggm ver="2.3"><GO type="169" lobby="0"/><UN n0="%E5%A4%A9%E6%89%8D%E9%BA%BB%E5%B0%86%E6%99%BA%E4%B9%83" n1="%72%61%69%32%31%31" n2="%E3%81%A1%E3%81%AA%E3%81%A4" n3="%E8%80%81%E6%A5%BD" dan="16,16,17,18" rate="2169.34,2158.37,2151.16,2275.15" sx="M,M,M,M"/><TAIKYOKU oya="0"/><INIT seed="0,0,0,5,5,22" ten="250,250,250,250" oya="0" hai0="105,65,102,11,43,13,56,95,90,123,54,87,40" hai1="103,114,2,21,63,17,48,31,55,93,66,109,60" hai2="6,25,89,131,99,133,67,27,91,97,80,0,1" hai3="81,57,59,132,5,3,69,100,128,50,44,72,38"/><T14/><D123/><U49/><E2/><V9/><F0/><W130/><G100/><T74/><D74/><U115/><E109/><V96/><F67/><W30/><G30/><T39/><D39/><U116/><E116/><V76/><F133/><W129/><G69/><T46/><D65/><U83/><E31/><V118/><F118/><W53/><G132/><T62/><D14/><U4/><E4/><V120/><F120/><W15/><G3/><T126/><D126/><U134/><E134/><V79/><F131/><W117/><G117/><T107/><D102/><U106/><E106/><V36/><F36/><W88/><G38/><T20/><D20/><U111/><E83/><V32/><F32/><W77/><REACH who="3" step="1"/><G88/><REACH who="3" ten="250,250,250,240" step="2"/><T58/><D107/><U41/><E103/><V70/><F70/><W19/><G19/><T51/><D105/><U68/><E17/><V110/><F110/><W52/><G52/><N who="0" m="29815" /><D58/><U125/><E111/><V85/><REACH who="2" step="1"/><F91/><REACH who="2" ten="250,250,240,240" step="2"/><W113/><G113/><T92/><D95/><U98/><E93/><V84/><F84/><W78/><G78/><AGARI ba="0,2" hai="1,6,9,25,27,76,78,79,80,85,89,96,97,99" machi="78" ten="40,5200,0" yaku="1,1,52,2,53,0" doraHai="22" doraHaiUra="28" who="2" fromWho="3" sc="250,0,250,0,240,72,240,-52" /><INIT seed="1,0,0,2,1,43" ten="250,250,312,188" oya="1" hai0="66,83,8,5,99,27,109,42,20,77,133,97,63" hai1="37,9,122,92,124,23,103,14,98,30,69,70,4" hai2="71,125,90,57,40,3,67,75,16,50,7,86,0" hai3="56,110,89,100,65,74,51,112,93,45,25,17,19"/><U36/><E122/><V21/><F75/><W28/><G112/><T117/><D109/><U79/><E124/><V81/><F71/><W85/><G74/><T95/><D133/><U55/><E79/><V35/><F35/><W120/><G110/><T33/><D33/><U46/><E36/><V59/><F125/><W68/><G68/><T78/><D42/><U127/><E127/><V123/><F123/><W119/><G119/><T44/><D44/><U2/><E37/><V111/><F111/><W53/><G120/><T1/><D117/><U31/><E31/><V64/><F7/><W134/><G134/><T72/><D95/><U84/><E84/><V54/><F40/><W32/><G100/><T130/><D77/><U108/><E108/><V15/><REACH who="2" step="1"/><F59/><REACH who="2" ten="250,250,302,188" step="2"/><W48/><G65/><AGARI ba="0,1" hai="0,3,15,16,21,50,54,57,64,65,67,81,86,90" machi="65" ten="40,5200,0" yaku="1,1,2,1,54,1,53,0" doraHai="43" doraHaiUra="115" who="2" fromWho="3" sc="250,0,250,0,302,62,188,-52" /><INIT seed="2,0,0,2,2,52" ten="250,250,364,136" oya="2" hai0="111,60,115,64,125,127,42,63,70,4,72,39,105" hai1="53,109,29,15,118,50,108,86,75,18,34,30,32" hai2="5,47,57,88,59,124,89,28,92,24,112,22,107" hai3="83,120,131,56,14,31,81,100,6,65,122,13,62"/><V43/><F112/><W134/><G131/><T1/><D105/><U91/><E75/><V44/><F107/><W82/><G134/><T121/><D72/><U94/><E118/><V135/><F135/><W129/><G129/><T37/><D4/><U17/><E17/><V10/><F124/><N who="0" m="47690" /><D1/><U102/><E102/><V38/><F47/><W3/><G100/><T61/><D115/><U27/><E30/><V110/><F110/><W116/><G116/><T45/><D111/><U97/><E97/><V96/><F89/><W68/><G31/><T51/><D121/><U101/><E101/><V19/><F28/><W36/><G36/><AGARI ba="0,0" hai="36,37,39,42,45,51,60,61,63,64,70" m="47690" machi="36" ten="30,3900,0" yaku="18,1,34,2" doraHai="52" who="0" fromWho="3" sc="250,39,250,0,364,0,136,-39" /><INIT seed="3,0,0,0,4,24" ten="289,250,364,97" oya="3" hai0="27,95,4,29,63,60,54,42,126,6,111,122,105" hai1="16,71,67,128,58,25,98,33,17,22,26,134,97" hai2="47,104,34,130,18,76,12,37,5,46,131,99,80" hai3="88,89,1,73,10,84,69,135,44,113,112,118,75"/><W38/><G118/><T52/><D105/><U21/><E128/><N who="2" m="49195" /><F5/><W120/><G120/><T48/><D122/><U8/><E134/><V7/><F7/><W0/><G69/><T106/><D106/><U92/><E71/><V77/><F34/><W124/><G135/><T19/><D111/><U30/><E8/><N who="2" m="6407" /><F37/><W96/><G124/><T127/><D19/><U110/><E110/><V129/><F129/><W94/><G10/><T55/><D95/><U81/><E81/><V15/><F15/><W32/><G32/><T56/><D4/><U119/><E119/><V53/><F53/><N who="0" m="19978" /><D6/><U125/><E125/><N who="0" m="47625" /><D42/><U64/><E58/><V83/><F99/><W50/><G38/><T31/><D31/><U40/><E40/><V65/><F65/><W102/><G0/><T2/><D2/><U82/><E82/><N who="2" m="31275" /><F104/><W108/><G1/><T101/><D101/><U91/><E98/><V61/><F61/><W87/><G108/><T85/><D85/><N who="3" m="32841" /><G50/><T79/><D79/><AGARI ba="0,0" hai="46,47,76,77,79" m="31275,6407,49195" machi="79" ten="30,1000,0" yaku="19,1" doraHai="24" who="2" fromWho="0" sc="289,-10,250,0,364,10,97,0" /><INIT seed="4,0,0,2,5,63" ten="279,250,374,97" oya="0" hai0="34,107,131,116,102,48,111,7,31,8,46,6,15" hai1="5,135,16,87,0,50,69,9,1,67,29,132,123" hai2="75,89,17,13,60,45,127,100,23,84,62,43,27" hai3="105,10,85,54,88,35,72,57,106,130,129,39,65"/><T113/><D116/><U25/><E123/><V82/><F75/><W126/><G72/><T51/><D113/><U74/><E74/><V41/><F127/><W76/><G35/><T56/><D131/><U36/><E36/><V93/><F100/><W14/><G76/><T78/><D111/><U71/><E0/><V133/><F133/><N who="1" m="51273" /><E50/><N who="2" m="26927" /><F43/><W98/><G39/><T12/><D78/><U42/><E42/><V33/><F33/><W92/><G126/><T44/><D34/><N who="1" m="20783" /><E87/><N who="2" m="52415" /><F27/><W103/><G106/><T108/><D108/><U40/><E40/><V24/><F24/><W73/><G73/><T38/><D38/><U53/><E53/><V20/><F20/><W32/><G32/><T4/><D31/><U68/><E16/><V80/><F80/><W134/><G134/><T58/><D102/><U83/><E83/><V30/><F30/><W96/><G85/><T94/><D94/><U61/><AGARI ba="0,0" hai="1,5,9,61,67,68,69,71" m="20783,51273" machi="61" ten="30,4000,0" yaku="20,1,23,1,52,1" doraHai="63" who="1" fromWho="1" sc="279,-20,250,40,374,-10,97,-10" /><INIT seed="5,0,0,1,5,112" ten="259,290,364,87" oya="1" hai0="87,37,3,93,53,55,92,26,61,131,48,45,89" hai1="49,54,51,70,19,73,69,111,81,2,94,99,96" hai2="50,74,9,103,123,1,56,17,5,33,29,122,98" hai3="91,133,32,25,44,22,82,119,77,121,0,15,34"/><U85/><E73/><V23/><F74/><W128/><G121/><T63/><D131/><U27/><E2/><V6/><F6/><W83/><G0/><T124/><D124/><U127/><E127/><V134/><F134/><W130/><G133/><T30/><D3/><U7/><E7/><V66/><F33/><W65/><G65/><T43/><D92/><U104/><E104/><V118/><F118/><W76/><G44/><T16/><D16/><U109/><E70/><V10/><F10/><W21/><G91/><T135/><D135/><U95/><E69/><V14/><F29/><W35/><G25/><T28/><D28/><U105/><E105/><V107/><F66/><W90/><G90/><T115/><D115/><U64/><E64/><V114/><F114/><W11/><G11/><T4/><D4/><U67/><E67/><V20/><F20/><W88/><G88/><T101/><D101/><U132/><E132/><V129/><F129/><N who="3" m="49771" /><G15/><T62/><REACH who="0" step="1"/><D37/><REACH who="0" ten="249,290,364,87" step="2"/><U58/><E19/><V46/><F123/><W125/><G125/><T59/><D59/><U113/><E113/><V57/><REACH who="2" step="1"/><F122/><REACH who="2" ten="249,290,354,87" step="2"/><W120/><G120/><T31/><D31/><U60/><E27/><V8/><F8/><W39/><G21/><AGARI ba="0,2" hai="21,26,30,43,45,48,53,55,61,62,63,87,89,93" machi="21" ten="40,2600,0" yaku="1,1,8,1,53,0" doraHai="112" doraHaiUra="100" who="0" fromWho="3" sc="249,46,290,0,354,0,87,-26" /><INIT seed="6,0,0,0,2,109" ten="295,290,354,61" oya="2" hai0="121,62,132,10,0,81,107,102,17,108,104,79,116" hai1="135,117,122,105,63,85,36,103,65,68,19,13,66" hai2="57,110,92,76,67,113,58,123,31,55,47,52,129" hai3="34,38,130,22,51,56,75,70,14,98,77,91,74"/><V83/><F123/><W39/><G34/><T41/><D121/><U99/><E122/><V23/><F110/><W37/><G70/><T33/><D108/><U128/><E117/><V97/><F129/><W64/><G130/><T100/><D33/><U42/><E128/><V126/><F126/><W95/><G77/><T89/><D116/><U94/><E135/><V106/><F106/><W119/><G119/><T2/><D41/><U28/><E66/><V61/><F47/><W93/><G64/><T1/><D132/><U124/><E124/><V101/><F113/><W127/><G127/><T30/><D30/><U88/><E28/><V21/><F31/><W86/><G95/><T115/><D89/><U111/><E111/><V29/><F29/><W4/><G98/><T114/><D62/><U96/><E96/><V11/><F11/><W49/><G4/><T80/><D17/><U84/><E84/><N who="2" m="48231" /><F67/><W112/><G49/><AGARI ba="0,0" hai="21,23,49,52,55,57,58,61,92,97,101" m="48231" machi="49" ten="30,2900,0" yaku="8,1,54,1" doraHai="109" who="2" fromWho="3" sc="295,0,290,0,354,29,61,-29" /><INIT seed="6,1,0,1,3,74" ten="295,290,383,32" oya="2" hai0="102,133,71,47,106,18,93,112,27,8,7,114,59" hai1="13,131,31,24,38,12,52,19,87,6,10,81,100" hai2="41,46,45,64,122,130,54,88,125,103,117,86,0" hai3="11,28,104,118,56,57,29,135,17,62,98,44,90"/><V107/><F117/><W4/><G118/><T75/><D71/><U73/><E131/><V79/><F122/><W63/><G135/><T40/><D106/><U58/><E38/><V77/><F0/><W97/><G17/><T5/><D133/><U85/><E73/><V89/><F130/><W1/><G44/><N who="2" m="17001" /><F107/><W32/><G104/><T30/><D75/><U22/><E100/><V72/><F72/><W39/><G39/><T113/><D59/><U60/><REACH who="1" step="1"/><E81/><REACH who="1" ten="295,280,383,32" step="2"/><N who="2" m="49231" /><F125/><W34/><G63/><T121/><D121/><U123/><E123/><V55/><F103/><W43/><G62/><T82/><D82/><U53/><E53/><N who="2" m="19979" /><F41/><W95/><G43/><T14/><D102/><U78/><E78/><N who="2" m="29707" /><F89/><W129/><G129/><T23/><REACH who="0" step="1"/><D93/><REACH who="0" ten="285,280,383,32" step="2"/><U35/><AGARI ba="1,2" hai="6,10,12,13,19,22,24,31,35,52,58,60,85,87" machi="35" ten="20,5200,0" yaku="1,1,0,1,7,1,54,1,53,0" doraHai="74" doraHaiUra="110" who="1" fromWho="1" sc="285,-14,280,75,383,-27,32,-14" /><INIT seed="7,0,0,4,4,46" ten="271,355,356,18" oya="3" hai0="60,116,81,28,51,57,8,68,59,131,13,119,40" hai1="38,24,7,109,129,127,5,86,45,37,92,94,17" hai2="15,93,123,47,58,54,85,6,56,115,48,43,35" hai3="107,75,71,69,29,72,21,18,31,36,70,120,135"/><W95/><G120/><T41/><D28/><U44/><E109/><V98/><F35/><W87/><G107/><T128/><D81/><U133/><E129/><N who="0" m="49737" /><D13/><U11/><E127/><V99/><F115/><W84/><G36/><T12/><D12/><U16/><E133/><V126/><F126/><W103/><G135/><T3/><D8/><U106/><E106/><V62/><F123/><W80/><G103/><T0/><D0/><U25/><E86/><V64/><F6/><W1/><G1/><T42/><D3/><U89/><E89/><N who="2" m="53423" /><F15/><W122/><G122/><T114/><D114/><U97/><E97/><N who="2" m="36875" /><F58/><W110/><G110/><T49/><D68/><U121/><E121/><V113/><F113/><W53/><G53/><AGARI ba="0,0" hai="43,47,48,53,54,56,62,64" m="36875,53423" machi="53" ten="30,2000,0" yaku="8,1,52,1" doraHai="46" who="2" fromWho="3" sc="271,0,355,0,356,20,18,-20" owari="271,-12.9,355,15.5,376,47.6,-2,-50.2" /></mjloggm>