<mjloggm ver="2.3"><GO type="225" lobby="0"/><UN n0="%E3%81%8B%E3%82%8F%E3%81%A1%E3%82%83%E3%82%93%35%38" n1="%E3%81%BF%E3%81%BF%E3%81%9A" n2="%E3%83%96%E3%83%83%E3%83%91%E3%82%AA%E3%83%96%E3%83%81%E3%82%AD%E3%83%B3" n3="%70%68%65%6E%6F%6D%65" dan="16,17,16,16" rate="2157.36,2252.05,2133.80,2176.26" sx="M,M,M,M"/><TAIKYOKU oya="0"/><INIT seed="0,0,0,2,3,81" ten="250,250,250,250" oya="0" hai0="3,119,86,31,124,56,19,7,54,40,113,13,17" hai1="5,59,132,100,83,102,22,33,135,93,111,53,25" hai2="18,82,30,57,112,23,52,58,98,4,46,38,65" hai3="87,125,96,51,133,24,6,2,99,94,114,117,62"/><T78/><D113/><U68/><E111/><V75/><F112/><W42/><G114/><T101/><D119/><U14/><E68/><V110/><F110/><W41/><G117/><T61/><D124/><U12/><E83/><V109/><F109/><W72/><G72/><T115/><D115/><U108/><E33/><V76/><F4/><W77/><G125/><T43/><D3/><U123/><E123/><V126/><F126/><W89/><G133/><N who="1" m="51274" /><E108/><V16/><F65/><W66/><G24/><T9/><D101/><N who="1" m="39019" /><E93/><V64/><F98/><W92/><G77/><T71/><D71/><U103/><N who="1" m="39027" /><U39/><DORA hai="29" /><E39/><V67/><F82/><W104/><G104/><T84/><D31/><N who="1" m="17847" /><E5/><V90/><F38/><W44/><G94/><T122/><D122/><U45/><E45/><V128/><F46/><W88/><G42/><N who="0" m="15915" /><D78/><U21/><E21/><V134/><F23/><W121/><G89/><T118/><D118/><U120/><E120/><V49/><F90/><W116/><G116/><T63/><D7/><U130/><E130/><V35/><F76/><W106/><G106/><T80/><D80/><U0/><E0/><V37/><F37/><W20/><G20/><T28/><D28/><U91/><E91/><V127/><F30/><W1/><G121/><T129/><D129/><U95/><E95/><V48/><F128/><W131/><G131/><T47/><D47/><U74/><E74/><V73/><F73/><W55/><G41/><T11/><D11/><U97/><E97/><N who="3" m="37450" /><G6/><T32/><D32/><U8/><E8/><V107/><F75/><W15/><G1/><RYUUKYOKU ba="0,0" sc="250,-10,250,30,250,-10,250,-10" hai1="12,14,53,59" /><INIT seed="1,1,0,2,0,100" ten="240,280,240,240" oya="1" hai0="29,49,47,3,118,18,125,34,124,77,76,24,80" hai1="6,83,28,42,66,109,134,50,68,133,96,36,71" hai2="39,105,127,84,58,8,91,79,67,93,32,43,123" hai3="72,25,16,70,40,119,61,44,54,5,45,104,87"/><U99/><E36/><V81/><F123/><W122/><G122/><T15/><D3/><U26/><E6/><V62/><F32/><W53/><G72/><T9/><D118/><U63/><E68/><V7/><F127/><W117/><G5/><T21/><D34/><U78/><E50/><V13/><F39/><W132/><G132/><N who="1" m="50794" /><E42/><V112/><F112/><W130/><G130/><T111/><D111/><U4/><E4/><V108/><F108/><W97/><G87/><T23/><D23/><N who="1" m="15455" /><E109/><V126/><F126/><N who="0" m="48746" /><D80/><U33/><E33/><V90/><F43/><AGARI ba="1,0" hai="9,15,18,21,24,29,43,47,49,76,77" m="48746" machi="43" ten="30,1000,0" yaku="18,1" doraHai="100" who="0" fromWho="2" sc="240,13,280,0,240,-13,240,0" /><INIT seed="2,0,0,1,3,71" ten="253,280,227,240" oya="2" hai0="33,130,88,7,27,113,129,96,19,112,83,131,69" hai1="102,90,53,22,24,72,94,104,62,86,60,125,37" hai2="45,17,13,132,36,98,20,89,73,30,123,47,18" hai3="117,103,31,9,58,38,44,48,114,97,84,0,3"/><V119/><F119/><W6/><G117/><T118/><D69/><U75/><E125/><V50/><F123/><W54/><G114/><T82/><D118/><U32/><E32/><V70/><F73/><W59/><G31/><N who="0" m="19711" /><D7/><U124/><E124/><V15/><F70/><W25/><G25/><T63/><D63/><U106/><E37/><V110/><F132/><W5/><G84/><N who="0" m="50199" /><D19/><N who="2" m="7178" /><F36/><W52/><G38/><T109/><D109/><U101/><E24/><N who="2" m="16647" /><F110/><W127/><G127/><T133/><D133/><U78/><E22/><V43/><F47/><W64/><G64/><T92/><D83/><N who="1" m="47479" /><E53/><V2/><F2/><W77/><G77/><T8/><D8/><U61/><E61/><V35/><F35/><W49/><G5/><T29/><D29/><U74/><E60/><V34/><F34/><W79/><G79/><T41/><D41/><U126/><E62/><V11/><F11/><W111/><G111/><T99/><D99/><N who="1" m="57815" /><E126/><V55/><F43/><W57/><REACH who="3" step="1"/><G0/><REACH who="3" ten="253,280,227,230" step="2"/><T46/><D112/><U26/><E26/><V100/><F15/><W1/><G1/><T40/><D113/><U76/><E76/><V120/><F13/><W14/><G14/><T10/><D130/><U135/><E135/><V4/><F4/><W105/><AGARI ba="0,1" hai="3,6,9,44,48,49,52,54,57,58,59,97,103,105" machi="105" ten="20,5200,0" yaku="1,1,0,1,7,1,54,1,53,0" doraHai="71" doraHaiUra="116" who="3" fromWho="3" sc="253,-13,280,-13,227,-26,230,62" /><INIT seed="3,0,0,3,0,93" ten="240,267,201,292" oya="3" hai0="106,74,79,41,43,17,122,103,38,5,24,34,40" hai1="119,76,30,102,18,54,45,89,33,126,83,113,111" hai2="130,107,67,11,95,129,59,3,26,46,8,37,2" hai3="27,63,133,116,23,19,60,51,28,42,94,101,92"/><W127/><G116/><T98/><D122/><U110/><E113/><V97/><F107/><W36/><G36/><T10/><D79/><U57/><E119/><V0/><F26/><W16/><G127/><T135/><D74/><U20/><E126/><V131/><F67/><W80/><G133/><T9/><D135/><U65/><E65/><V22/><F22/><W44/><G80/><T128/><D128/><U1/><E45/><V29/><F29/><W52/><G63/><T4/><D38/><U117/><E1/><V91/><REACH who="2" step="1"/><F59/><REACH who="2" ten="240,267,191,292" step="2"/><N who="3" m="34919" /><G101/><T114/><D114/><U21/><E102/><V81/><F81/><W77/><G77/><T48/><D34/><U62/><E76/><V109/><F109/><W47/><G44/><T123/><D123/><U55/><E117/><V121/><F121/><W134/><G134/><T58/><D106/><U50/><E111/><V32/><F32/><W66/><G66/><T124/><D124/><U105/><E110/><V61/><F61/><W71/><G71/><T64/><D64/><U69/><E69/><V100/><F100/><W56/><G56/><T96/><D103/><U82/><E105/><V120/><F120/><W86/><G94/><T73/><D58/><N who="1" m="33111" /><E33/><V132/><F132/><W15/><G28/><T125/><D125/><U112/><E112/><V84/><F84/><W35/><G35/><T14/><D73/><U87/><E30/><V85/><F85/><W72/><G72/><T49/><D24/><N who="1" m="14359" /><E82/><V53/><F53/><W88/><G27/><T99/><D10/><U7/><E21/><V39/><F39/><W78/><G78/><RYUUKYOKU ba="0,1" sc="240,0,267,0,191,0,292,0" hai0="4,5,9,14,17,40,41,43,48,49,96,98,99" hai1="7,55,57,62,83,87,89" hai2="0,2,3,8,11,37,46,91,95,97,129,130,131" hai3="15,16,19,23,42,47,51,86,88,92" /><INIT seed="3,1,1,2,1,28" ten="240,267,191,292" oya="3" hai0="19,90,42,121,47,88,99,91,34,124,3,23,74" hai1="44,114,24,103,66,51,33,123,58,82,129,50,25" hai2="75,119,130,72,64,113,32,20,85,68,108,65,35" hai3="37,61,26,93,105,111,102,134,78,12,57,110,39"/><W115/><G115/><T13/><D121/><U18/><E123/><V49/><F113/><W56/><G105/><T94/><D124/><U21/><E114/><V120/><F120/><W62/><G134/><T48/><D74/><U70/><E70/><V76/><F119/><W14/><G78/><T41/><D3/><U95/><E129/><V128/><F20/><W8/><G26/><T59/><D34/><N who="2" m="12842" /><F49/><W22/><G22/><T80/><D42/><U15/><E33/><V73/><F68/><W84/><G84/><T16/><D80/><U38/><E82/><N who="2" m="47303" /><F108/><N who="3" m="41515" /><G93/><T9/><D59/><U122/><E122/><V29/><F29/><W60/><G102/><T5/><D5/><U87/><E38/><N who="3" m="14346" /><G14/><AGARI ba="1,1" hai="9,13,14,16,19,23,41,47,48,88,90,91,94,99" machi="14" ten="30,7700,0" yaku="7,1,8,1,54,2" doraHai="28" who="0" fromWho="3" sc="240,90,267,0,191,0,292,-80" owari="330,43.0,267,6.7,191,-30.9,212,-18.8" /></mjloggm>