<mjloggm ver="2.3"><GO type="225" lobby="0"/><UN n0="%E9%A6%AC%E5%BC%95%E7%81%AB%33" n1="%72%61%6B%33" n2="%E6%A1%9C%E6%B2%A2%E5%A2%A8" n3="%E3%83%96%E3%83%83%E3%83%91%E3%82%AA%E3%83%96%E3%83%81%E3%82%AD%E3%83%B3" dan="16,16,16,16" rate="2121.82,2109.08,2063.05,2139.23" sx="M,M,F,M"/><TAIKYOKU oya="0"/><INIT seed="0,0,0,3,2,59" ten="250,250,250,250" oya="0" hai0="115,109,111,10,77,83,129,100,36,33,84,22,4" hai1="46,87,99,93,61,23,92,89,110,67,97,12,130" hai2="127,43,64,28,106,94,113,114,44,20,49,48,79" hai3="7,81,69,15,74,42,131,65,98,21,95,80,73"/><T52/><D115/><U34/><E34/><V76/><F106/><W116/><G116/><T24/><D129/><U71/><E110/><N who="0" m="41993" /><D36/><U3/><E3/><V8/><F127/><W26/><G131/><T1/><D100/><U14/><E130/><V125/><F125/><W30/><G42/><T40/><D40/><U51/><E23/><V126/><F126/><W134/><G134/><T55/><D33/><U70/><E70/><V122/><F122/><W57/><G69/><T6/><D4/><U41/><REACH who="1" step="1"/><E87/><REACH who="1" ten="250,240,250,250" step="2"/><V68/><F68/><W38/><G74/><T107/><D107/><U17/><E17/><AGARI ba="0,1" hai="1,6,10,17,22,24,52,55,77,83,84" m="41993" machi="17" ten="30,5800,0" yaku="14,1,10,1,54,1" doraHai="59" who="0" fromWho="1" sc="250,68,240,-58,250,0,250,0" /><INIT seed="0,1,0,4,4,52" ten="318,182,250,250" oya="0" hai0="89,74,72,38,31,63,79,122,135,21,66,76,13" hai1="134,4,126,118,35,86,61,2,99,39,47,96,67" hai2="85,16,104,23,0,32,9,43,121,75,26,77,97" hai3="59,113,42,18,105,130,132,62,29,17,133,119,70"/><T83/><D122/><U127/><E118/><V45/><F121/><W53/><G119/><T111/><D38/><U110/><E35/><V28/><F85/><W55/><G113/><T87/><D135/><N who="3" m="51785" /><G130/><T88/><D111/><U131/><E134/><V51/><F77/><W98/><G42/><T91/><D79/><U65/><E110/><V12/><F75/><W54/><G70/><T27/><REACH who="0" step="1"/><D13/><REACH who="0" ten="308,182,250,250" step="2"/><U117/><E39/><V58/><F0/><W109/><G109/><T82/><D82/><U44/><E2/><V15/><F15/><W106/><G29/><T94/><D94/><U78/><E78/><V56/><REACH who="2" step="1"/><F9/><REACH who="2" ten="308,182,240,250" step="2"/><W129/><G129/><T68/><AGARI ba="1,2" hai="21,27,31,63,66,68,72,74,76,83,87,88,89,91" machi="68" ten="30,6000,0" yaku="1,1,0,1,54,1,53,0" doraHai="52" doraHaiUra="50" who="0" fromWho="0" sc="308,83,182,-21,240,-21,250,-21" /><INIT seed="0,2,0,1,1,6" ten="391,161,219,229" oya="0" hai0="127,81,16,121,112,59,117,45,23,11,102,116,131" hai1="110,100,107,58,92,21,25,34,47,31,63,5,62" hai2="2,126,19,42,17,122,39,109,15,96,64,12,95" hai3="7,93,9,40,108,74,13,18,87,10,52,113,0"/><T90/><D112/><U78/><E110/><V85/><F122/><W30/><G113/><T67/><D121/><U68/><E107/><V80/><F2/><W56/><G108/><T98/><D127/><U50/><E78/><V65/><F109/><W49/><G74/><T124/><D124/><U77/><E77/><N who="2" m="46223" /><F126/><W76/><G30/><T35/><D35/><U61/><E68/><V57/><F39/><W54/><G40/><T125/><D125/><U83/><E83/><V104/><F104/><W55/><REACH who="3" step="1"/><G76/><REACH who="3" ten="391,161,219,219" step="2"/><T73/><D73/><U129/><E129/><V24/><F42/><W3/><G3/><T123/><D131/><U60/><E34/><V82/><F82/><W130/><G130/><T22/><D81/><U75/><E75/><V53/><F24/><W89/><AGARI ba="2,1" hai="0,7,9,10,13,18,49,52,54,55,56,87,89,93" machi="89" ten="30,8000,1" yaku="1,1,0,1,52,2,54,1,53,0" doraHai="6" doraHaiUra="72" who="3" fromWho="3" sc="391,-42,161,-22,219,-22,219,96" /><INIT seed="1,0,0,0,2,32" ten="349,139,197,315" oya="1" hai0="92,48,56,44,125,10,31,27,99,39,18,120,124" hai1="133,26,73,107,97,38,98,104,121,90,112,122,103" hai2="55,119,96,84,58,129,79,43,53,69,118,14,123" hai3="34,28,23,30,101,131,15,62,7,132,25,49,75"/><U95/><E38/><V59/><F123/><W57/><G75/><T50/><D120/><U86/><E26/><V40/><F129/><W54/><G131/><T45/><D56/><U115/><E133/><V77/><F84/><W5/><G132/><T29/><D10/><U19/><E19/><V71/><REACH who="2" step="1"/><F14/><REACH who="2" ten="349,139,187,315" step="2"/><W3/><G15/><T16/><D124/><U117/><E117/><V67/><F67/><W13/><G13/><T100/><D125/><U94/><E73/><V109/><F109/><W128/><G128/><T74/><D74/><U63/><E63/><V4/><F4/><W127/><G5/><T105/><D27/><U22/><E22/><V72/><F72/><W66/><G23/><T116/><D116/><U46/><E46/><V114/><F114/><N who="1" m="43561" /><E107/><V88/><F88/><AGARI ba="0,1" hai="86,88,90,94,95,97,98,103,104,121,122" m="43561" machi="88" ten="30,5800,0" yaku="34,2,54,1" doraHai="32" who="1" fromWho="2" sc="349,0,139,68,187,-58,315,0" /><INIT seed="1,1,0,0,3,4" ten="349,207,129,315" oya="1" hai0="65,52,119,32,106,104,25,6,62,14,115,129,77" hai1="24,31,96,121,42,23,61,46,22,107,80,69,27" hai2="112,20,79,91,109,111,16,11,44,118,73,60,59" hai3="131,0,21,85,130,1,3,40,98,19,82,49,28"/><U123/><E80/><N who="2" m="45167" /><F118/><W92/><G28/><T134/><D119/><U83/><E83/><V17/><F112/><W108/><G108/><N who="2" m="41545" /><F44/><W50/><G40/><T132/><D129/><N who="3" m="49161" /><G85/><T78/><D115/><U45/><E45/><V55/><F20/><W68/><G68/><T56/><D65/><U43/><E43/><V126/><F126/><W105/><G105/><T124/><D124/><U41/><E41/><V76/><F76/><W90/><G82/><T54/><D106/><U63/><E107/><V110/><N who="2" m="41553" /><V88/><DORA hai="30" /><F17/><W87/><G87/><T89/><D104/><U38/><E96/><V102/><F102/><W2/><N who="3" m="0" /><DORA hai="72" /><W116/><G116/><T39/><D32/><U75/><E75/><V66/><F66/><W94/><G94/><T100/><D100/><U103/><E103/><V15/><AGARI ba="1,0" hai="11,15,16,55,59,60,88,91" m="41553,45167" machi="15" ten="40,8000,1" yaku="14,1,52,2,54,2" doraHai="4,30,72" who="2" fromWho="2" sc="349,-21,207,-41,129,83,315,-21" /><INIT seed="2,0,0,4,5,120" ten="328,166,212,294" oya="2" hai0="1,110,13,61,121,19,80,102,30,14,10,63,116" hai1="122,65,43,117,56,113,35,96,17,135,75,26,95" hai2="107,92,119,64,5,100,118,28,44,82,88,60,79" hai3="50,66,25,6,8,128,52,91,24,9,81,62,42"/><V94/><F107/><W132/><G128/><T67/><D110/><U15/><E113/><V72/><F5/><W93/><G132/><T109/><D109/><U22/><E117/><V7/><F7/><W85/><G42/><T131/><D121/><U98/><E135/><V20/><F44/><N who="3" m="27719" /><G66/><T105/><D131/><U4/><E122/><V76/><F76/><N who="3" m="46247" /><G62/><T130/><D130/><U77/><E43/><V33/><F33/><W3/><G3/><T29/><D1/><U126/><E126/><V86/><F100/><W48/><G48/><T129/><D129/><U123/><E123/><V112/><F94/><W103/><G103/><T114/><D114/><U11/><E95/><V104/><F104/><W53/><G53/><T74/><D116/><U108/><E108/><V55/><F55/><W97/><G6/><T2/><D2/><U101/><E101/><V32/><F32/><W111/><G111/><T16/><D63/><U115/><E115/><V73/><F73/><W90/><G91/><T59/><D74/><U27/><E77/><V46/><F112/><W71/><G71/><T40/><D40/><U87/><E75/><V83/><F46/><W31/><G31/><T57/><D57/><U41/><E41/><V54/><F54/><W34/><G34/><T45/><D45/><U18/><E35/><V58/><REACH who="2" step="1"/><F92/><REACH who="2" ten="328,166,202,294" step="2"/><W89/><G89/><T70/><D80/><U69/><E4/><V37/><F37/><W84/><G84/><T133/><D133/><U125/><E87/><V99/><F99/><W12/><G97/><T21/><D102/><U49/><E98/><RYUUKYOKU ba="0,1" sc="328,-10,166,-10,202,30,294,-10" hai2="20,28,58,60,64,72,79,82,83,86,88,118,119" /><INIT seed="2,1,1,4,5,1" ten="318,156,232,284" oya="2" hai0="12,72,99,77,96,13,75,14,106,104,79,32,123" hai1="31,19,57,101,0,73,16,48,92,51,7,100,34" hai2="23,118,93,39,80,47,78,124,107,24,33,112,41" hai3="9,131,135,132,122,4,128,50,58,42,89,11,52"/><V55/><F112/><W36/><G122/><T98/><D32/><U126/><E73/><N who="0" m="28233" /><D123/><U95/><E126/><V109/><F118/><W54/><G36/><T2/><D2/><U69/><E69/><V27/><F107/><AGARI ba="1,1" hai="12,13,14,77,79,96,98,99,104,106,107" m="28233" machi="107" ten="40,2600,0" yaku="28,2" doraHai="1" who="0" fromWho="2" sc="318,39,156,0,232,-29,284,0" /><INIT seed="3,0,0,4,2,131" ten="357,156,203,284" oya="3" hai0="63,71,22,18,37,0,72,61,66,5,2,10,38" hai1="132,79,102,134,1,42,65,41,83,109,19,101,94" hai2="76,74,20,15,86,75,126,60,32,93,52,108,84" hai3="59,125,46,34,135,16,105,73,28,129,114,91,7"/><W39/><G114/><T55/><D72/><U111/><E1/><V50/><F32/><W13/><G73/><T104/><D104/><U48/><E65/><V6/><F108/><N who="1" m="41545" /><E19/><V11/><F126/><W90/><G129/><T128/><D128/><U121/><E121/><V23/><F74/><W14/><G105/><T122/><D122/><U33/><E33/><V45/><F75/><W68/><G125/><T96/><D96/><N who="1" m="59543" /><E102/><V97/><F60/><W49/><G16/><T99/><D0/><U44/><E42/><V112/><F112/><W67/><G67/><T110/><D110/><U8/><E8/><V88/><F76/><W54/><G54/><T70/><D70/><U116/><E116/><V25/><F20/><W31/><G68/><T47/><D99/><U115/><E115/><V53/><F53/><W78/><G34/><T12/><D47/><U57/><E57/><V118/><F118/><W113/><G113/><T107/><D107/><U130/><E130/><V3/><F3/><W81/><G59/><T35/><D35/><U27/><E27/><V133/><F25/><W80/><G46/><T85/><D55/><U69/><E69/><V124/><F23/><W119/><G119/><T36/><D63/><U92/><E92/><V77/><F124/><W127/><G127/><T40/><D40/><U100/><E100/><V24/><F24/><W51/><G7/><T103/><D103/><U117/><E117/><V26/><F26/><W106/><G106/><T29/><D29/><U98/><E98/><V123/><F123/><W4/><G31/><T62/><D62/><RYUUKYOKU ba="0,0" sc="357,15,156,15,203,-15,284,-15" hai0="2,5,10,12,18,22,36,37,38,61,66,71,85" hai1="41,44,48,79,83,132,134" owari="372,47.2,171,-32.9,188,-21.2,269,6.9" /></mjloggm>