<mjloggm ver="2.3"><GO type="169" lobby="0"/><UN n0="%E5%A4%A9%E6%89%8D%E9%BA%BB%E5%B0%86%E6%99%BA%E4%B9%83" n1="%E3%81%9F%E3%81%AA%E3%81%8B%E6%95%99%E7%A5%96" n2="%E6%B8%85%E5%A4%9C%E6%82%A0%E6%82%A0" n3="%6A%79%75%6E%6F%68" dan="16,17,16,18" rate="2130.78,2163.19,2051.63,2237.88" sx="M,M,F,M"/><TAIKYOKU oya="0"/><INIT seed="0,0,0,2,1,15" ten="250,250,250,250" oya="0" hai0="55,19,45,129,46,58,118,14,99,29,42,101,1" hai1="88,9,43,54,60,74,85,110,31,109,93,119,62" hai2="86,51,94,132,63,83,127,71,59,27,130,30,78" hai3="113,105,12,69,81,21,57,112,79,16,44,26,70"/><T65/><D118/><U133/><E119/><V64/><F130/><W84/><G105/><T47/><D129/><U67/><E74/><V111/><F111/><N who="1" m="42505" /><E133/><V22/><F127/><W82/><G57/><T4/><D65/><U124/><E124/><V131/><F131/><W7/><G44/><T128/><D128/><U104/><E104/><V5/><F132/><W17/><G7/><T91/><D91/><U95/><E43/><V52/><F5/><W89/><G112/><T66/><D66/><U50/><E31/><V117/><F117/><W41/><G41/><T39/><D29/><U20/><E20/><V90/><REACH who="2" step="1"/><F78/><REACH who="2" ten="250,250,240,250" step="2"/><W18/><G113/><T28/><D4/><U11/><E95/><AGARI ba="0,1" hai="22,27,30,51,52,59,63,64,71,83,86,90,94,95" machi="95" ten="40,5200,0" yaku="1,1,2,1,54,1,53,0" doraHai="15" doraHaiUra="100" who="2" fromWho="1" sc="250,0,250,-52,240,62,250,0" /><INIT seed="1,0,0,5,5,76" ten="250,198,302,250" oya="1" hai0="104,70,62,60,45,125,110,54,15,21,105,22,59" hai1="34,84,80,63,124,0,28,11,95,91,71,129,68" hai2="33,20,108,115,111,74,114,77,81,86,58,103,112" hai3="133,118,127,82,135,40,72,35,2,65,31,39,89"/><U23/><E129/><V25/><F33/><W44/><G127/><T7/><D110/><N who="2" m="42026" /><F58/><W27/><G118/><T14/><D125/><U4/><E124/><V56/><F56/><W47/><G47/><T19/><D45/><U85/><E34/><V69/><F69/><W26/><G26/><T107/><D7/><U78/><REACH who="1" step="1"/><E63/><REACH who="1" ten="250,188,302,250" step="2"/><V113/><F113/><W17/><G133/><T126/><D126/><U123/><E123/><V120/><F120/><W119/><G135/><T134/><D134/><U30/><E30/><N who="2" m="17703" /><F103/><W18/><G35/><T50/><D70/><U121/><E121/><V1/><F1/><W10/><G2/><T6/><D6/><U42/><E42/><V5/><F5/><W83/><G31/><T100/><D100/><U88/><E88/><V109/><F109/><W16/><G89/><T24/><D62/><U37/><E37/><V106/><F106/><W90/><G90/><T8/><D60/><U57/><E57/><V64/><F64/><W12/><G65/><T29/><D104/><U67/><E67/><V132/><F132/><W122/><G122/><T13/><D107/><U36/><E36/><V131/><F131/><W93/><G39/><T48/><D105/><U41/><E41/><V92/><F92/><W116/><G93/><T96/><D29/><U32/><E32/><V43/><F43/><W46/><G40/><T9/><D59/><U52/><E52/><V102/><F102/><W101/><G101/><T75/><D54/><U61/><E61/><V117/><F117/><W66/><G119/><T51/><D51/><U38/><E38/><RYUUKYOKU ba="0,1" sc="250,-15,188,15,302,15,250,-15" hai1="0,4,11,23,28,68,71,78,80,84,85,91,95" hai2="74,77,81,86,112,114,115" /><INIT seed="1,1,1,2,2,8" ten="235,203,317,235" oya="1" hai0="108,115,19,46,14,58,39,49,33,116,20,103,80" hai1="101,100,72,15,119,64,4,118,60,38,106,59,63" hai2="13,76,88,95,90,57,77,86,109,42,132,32,29" hai3="117,52,75,6,66,110,129,93,102,10,84,92,97"/><U94/><E38/><V0/><F0/><W44/><G110/><T85/><D108/><U113/><E113/><V5/><F109/><W120/><G120/><T96/><D115/><U22/><E106/><V62/><F132/><W98/><G75/><T1/><D1/><U74/><E74/><V61/><F42/><W18/><G129/><T112/><D112/><U17/><E72/><V36/><F36/><W69/><G117/><T16/><D33/><U48/><E48/><V25/><F90/><W131/><G131/><T71/><D71/><U26/><E63/><V70/><F70/><W104/><G84/><T78/><D39/><U54/><E54/><V2/><F2/><W105/><G18/><T91/><D58/><U35/><E4/><V55/><F62/><W11/><G11/><T30/><D30/><U50/><E50/><V24/><F32/><W34/><G34/><T45/><D116/><U23/><E101/><V89/><F89/><W67/><G69/><T28/><D28/><N who="1" m="17495" /><E35/><V21/><F25/><W73/><G73/><T87/><D49/><U68/><E68/><V111/><F111/><W133/><G105/><T123/><D19/><U135/><E135/><V126/><F126/><W3/><G104/><T53/><D53/><U7/><E7/><V82/><F95/><W12/><G3/><T128/><D128/><U81/><E81/><V43/><F43/><W31/><G133/><T122/><D122/><U114/><E114/><V47/><F47/><W65/><G31/><T79/><D123/><U134/><E134/><V127/><F127/><W83/><G44/><RYUUKYOKU ba="1,1" sc="235,-15,203,15,317,15,235,-15" hai1="15,17,23,59,60,64,94,100,118,119" hai2="5,13,21,24,29,55,57,61,76,77,82,86,88" /><INIT seed="1,2,1,3,0,35" ten="220,218,332,220" oya="1" hai0="119,127,44,102,23,27,15,66,53,48,86,0,123" hai1="97,99,96,106,132,59,30,113,80,60,46,58,89" hai2="95,133,107,83,130,94,13,109,126,9,56,57,78" hai3="103,34,118,1,87,76,92,124,122,24,115,93,116"/><U33/><E113/><V26/><F107/><W39/><G39/><T7/><D0/><U36/><E132/><V49/><F133/><W42/><G42/><T91/><D119/><U98/><E36/><V63/><F109/><W19/><G19/><T67/><D127/><U117/><E117/><V20/><F130/><W3/><G34/><T110/><D110/><U62/><E46/><V29/><F49/><W31/><G31/><T134/><D123/><U82/><E106/><V17/><F57/><N who="1" m="21513" /><E30/><V71/><F71/><W11/><G24/><T12/><D102/><U77/><E33/><V111/><F126/><W112/><G103/><T38/><D38/><U135/><E135/><V125/><F125/><W84/><G124/><T40/><D40/><U90/><E77/><V128/><F128/><W16/><G16/><N who="0" m="12775" /><D134/><U108/><E108/><V18/><F18/><W70/><G76/><T43/><D43/><U22/><E22/><V72/><F111/><W47/><G11/><N who="0" m="4223" /><D15/><U32/><E32/><V104/><F104/><W131/><G131/><T61/><D61/><N who="1" m="23659" /><E99/><V121/><F121/><W75/><G122/><T21/><D21/><U73/><E73/><V54/><AGARI ba="2,1" hai="9,13,17,20,26,29,54,56,63,72,78,83,94,95" machi="54" ten="20,1500,0" yaku="0,1,7,1" doraHai="35" who="2" fromWho="2" sc="220,-6,218,-9,332,31,220,-6" /><INIT seed="2,0,0,3,5,11" ten="214,209,363,214" oya="2" hai0="39,95,16,20,81,12,45,53,36,6,135,65,111" hai1="131,77,18,67,128,121,71,13,26,62,101,28,83" hai2="63,96,104,44,103,55,123,110,105,124,3,59,9" hai3="133,74,70,91,2,43,41,54,52,32,61,117,98"/><V60/><F123/><W106/><G32/><T7/><D111/><U85/><E121/><V50/><F110/><W0/><G74/><T113/><D113/><U125/><E125/><V73/><F124/><W102/><G117/><T15/><D135/><U72/><E101/><V100/><F73/><W82/><G133/><T107/><D107/><U33/><REACH who="1" step="1"/><E72/><REACH who="1" ten="214,199,363,214" step="2"/><V127/><F127/><W129/><G102/><T86/><D65/><U64/><E64/><V57/><F103/><W25/><G0/><T118/><D118/><U10/><AGARI ba="0,1" hai="10,13,18,26,28,33,62,67,71,77,83,85,128,131" machi="10" ten="30,7900,0" yaku="1,1,0,1,52,1,53,1" doraHai="11" doraHaiUra="31" who="1" fromWho="1" sc="214,-20,199,89,363,-39,214,-20" /><INIT seed="3,0,0,3,5,34" ten="194,288,324,194" oya="3" hai0="100,30,68,84,41,57,126,27,116,0,24,18,108" hai1="9,76,127,80,91,4,128,42,131,107,74,96,117" hai2="70,104,53,98,123,67,5,113,28,23,86,40,52" hai3="93,132,88,125,58,44,20,29,6,79,60,7,119"/><W8/><G119/><T111/><D68/><U46/><E117/><V112/><F40/><W106/><G106/><T49/><D116/><U82/><E127/><V89/><F123/><W32/><G32/><T66/><D126/><U69/><E69/><V47/><F67/><W15/><G132/><T33/><D100/><U99/><E82/><V25/><F70/><W90/><G125/><T65/><D84/><U97/><E91/><V1/><F98/><W61/><G79/><T59/><D0/><U120/><E107/><V77/><F77/><W134/><G134/><T36/><D36/><U26/><E26/><V81/><F104/><W35/><G35/><T21/><D41/><U63/><E63/><V122/><F122/><W10/><G44/><T94/><D94/><U71/><E71/><V55/><REACH who="2" step="1"/><F47/><REACH who="2" ten="194,288,314,194" step="2"/><W19/><G58/><T62/><D66/><U110/><E120/><V75/><F75/><W54/><G54/><T16/><D59/><U39/><REACH who="1" step="1"/><E110/><REACH who="1" ten="194,278,314,194" step="2"/><V31/><F31/><W37/><G29/><T87/><D108/><U73/><E73/><V2/><F2/><AGARI ba="0,2" hai="2,4,9,39,42,46,74,76,80,96,97,99,128,131" machi="2" ten="40,12000,2" yaku="1,1,25,2,52,1,53,2" doraHai="34" doraHaiUra="124" who="1" fromWho="2" sc="194,0,278,140,314,-120,194,0" /><INIT seed="4,0,0,2,2,78" ten="194,418,194,194" oya="0" hai0="66,109,11,63,42,32,22,72,90,21,34,120,54" hai1="103,64,6,92,116,110,69,132,98,134,45,84,100" hai2="86,95,25,117,50,28,89,1,122,51,38,75,44" hai3="30,101,0,27,87,60,52,125,133,83,59,111,91"/><T56/><D120/><U106/><E6/><V93/><F122/><W29/><G111/><T115/><D72/><U58/><E69/><V37/><F75/><W57/><G125/><T7/><D109/><U129/><E110/><V24/><F117/><W102/><G133/><N who="1" m="51306" /><E116/><V130/><F130/><W35/><G0/><T131/><D131/><U14/><E129/><V79/><F79/><W13/><G30/><T126/><D126/><U41/><E14/><V9/><F25/><W19/><REACH who="3" step="1"/><G59/><REACH who="3" ten="194,418,194,184" step="2"/><T18/><D56/><U77/><E58/><V16/><F1/><W61/><G61/><T94/><D63/><U3/><E3/><V8/><F50/><W121/><G121/><T10/><D115/><U70/><E70/><V55/><F38/><W74/><G74/><T82/><D34/><U46/><E64/><V81/><F37/><W5/><G5/><T62/><D32/><U49/><E45/><V135/><F135/><W65/><G65/><T20/><D66/><U4/><E4/><V113/><F113/><W80/><G80/><T88/><D62/><U48/><E48/><V33/><F8/><AGARI ba="0,1" hai="8,13,19,27,29,35,52,57,60,83,87,91,101,102" machi="8" ten="30,8000,1" yaku="1,1,7,1,52,1,54,1,53,1" doraHai="78" doraHaiUra="76" who="3" fromWho="2" sc="194,0,418,0,194,-80,184,90" /><INIT seed="5,0,0,5,1,28" ten="194,418,114,274" oya="1" hai0="128,99,131,94,133,132,126,127,77,46,70,97,31" hai1="44,103,102,120,18,60,121,53,83,110,71,6,117" hai2="29,15,39,2,51,42,86,57,38,43,79,45,61" hai3="105,56,78,3,134,85,66,1,65,47,112,14,20"/><U5/><E117/><V13/><F2/><W35/><G105/><T67/><D31/><U95/><E110/><V72/><F72/><W8/><G20/><T41/><D77/><U93/><E83/><V33/><F39/><W63/><G112/><T64/><D94/><U69/><E44/><V54/><F38/><W4/><G134/><N who="0" m="51819" /><D99/><U62/><E53/><V74/><F74/><W32/><G66/><N who="0" m="25131" /><D97/><U24/><E24/><V135/><F135/><W50/><G1/><T23/><D23/><U108/><E108/><V16/><F43/><N who="3" m="24959" /><G3/><T48/><D70/><U100/><E100/><V19/><F79/><W116/><G116/><T27/><D27/><U73/><E73/><V107/><F107/><W101/><G101/><T36/><D36/><U98/><E98/><V55/><F42/><W22/><G22/><T58/><D58/><U119/><E119/><V34/><F86/><W104/><G104/><T59/><D59/><U52/><E18/><V90/><F90/><W68/><G68/><T122/><D122/><U124/><E120/><V92/><F92/><W125/><G78/><T75/><D75/><U109/><E121/><V129/><F29/><W80/><G80/><T96/><D96/><U26/><E109/><V76/><F76/><W130/><G56/><T40/><D40/><U114/><E102/><V88/><F88/><W111/><G111/><T118/><D118/><U123/><E103/><V11/><REACH who="2" step="1"/><F129/><AGARI ba="0,0" hai="41,46,48,126,127,128,129,131" m="25131,51819" machi="129" ten="40,12000,2" yaku="30,2,19,1,20,1,34,2" doraHai="28" who="0" fromWho="2" sc="194,120,418,0,114,-120,274,0" owari="314,11.4,418,51.8,-6,-50.6,274,-12.6" /></mjloggm>