<mjloggm ver="2.3"><GO type="169" lobby="0"/><UN n0="%E3%81%AF%E3%81%BE%E3%81%A1%E3%83%AA%E3%83%BC%E3%82%B0" n1="%E4%BA%8C%E6%8A%9E%E4%BA%BA" n2="%E3%83%A8%E3%82%B7%E3%83%86%E3%83%AB%37%30%38" n3="%E6%95%97%E5%8C%97%E8%80%85%E3%81%AD%E3%82%8B" dan="17,16,16,17" rate="2164.67,2058.47,2101.89,2180.51" sx="M,F,M,F"/><TAIKYOKU oya="0"/><INIT seed="0,0,0,4,5,122" ten="250,250,250,250" oya="0" hai0="20,1,88,24,40,67,110,33,61,52,108,44,114" hai1="89,111,32,18,16,57,11,105,72,55,42,79,7" hai2="101,103,87,106,83,96,135,4,49,19,125,6,123" hai3="59,51,48,118,53,82,92,8,80,13,15,126,47"/><T22/><D114/><U119/><E119/><V9/><F123/><W60/><G118/><T17/><D1/><U98/><E32/><V97/><F125/><W37/><G126/><T12/><D33/><U107/><E42/><V113/><F135/><W84/><G37/><T116/><D116/><U128/><E128/><V39/><F39/><W66/><G15/><T117/><D117/><U76/><E105/><V104/><F113/><W38/><G38/><T50/><D40/><U86/><E72/><V43/><F19/><W77/><G82/><T41/><D41/><U115/><E107/><V120/><F120/><W81/><G80/><T127/><D127/><U109/><E98/><V85/><F9/><W54/><G92/><T29/><REACH who="0" step="1"/><D88/><REACH who="0" ten="240,250,250,250" step="2"/><U46/><E115/><V63/><F43/><W73/><G73/><T21/><D21/><U90/><E90/><V121/><F83/><W5/><REACH who="3" step="1"/><G66/><REACH who="3" ten="240,250,250,240" step="2"/><T58/><AGARI ba="0,2" hai="12,17,20,22,24,29,44,50,52,58,61,67,108,110" machi="58" ten="30,12000,1" yaku="1,1,0,1,52,2,54,1,53,0" doraHai="122" doraHaiUra="131" who="0" fromWho="0" sc="240,140,250,-40,250,-40,240,-40" /><INIT seed="0,1,0,3,1,68" ten="380,210,210,200" oya="0" hai0="72,7,56,106,92,93,131,11,97,112,67,24,27" hai1="76,29,35,38,30,130,15,90,40,69,57,36,28" hai2="54,59,85,31,86,63,114,107,43,81,3,37,58" hai3="50,2,19,39,45,6,125,23,18,96,16,120,132"/><T79/><D112/><U84/><E69/><V64/><F3/><W66/><G125/><T4/><D106/><U88/><E35/><V32/><F107/><W70/><G132/><T115/><D115/><U122/><E122/><V83/><F114/><W71/><G120/><T1/><D131/><U55/><E40/><V134/><F134/><W94/><G6/><T87/><D7/><U80/><E130/><V101/><F101/><W14/><G2/><T52/><D67/><U60/><REACH who="1" step="1"/><E15/><REACH who="1" ten="380,200,210,200" step="2"/><V17/><F32/><W95/><G71/><T118/><D118/><U108/><E108/><V44/><F31/><W91/><G14/><T65/><D65/><U12/><E12/><V128/><F128/><W61/><G39/><AGARI ba="1,1" hai="28,29,30,36,38,39,55,57,60,76,80,84,88,90" machi="39" ten="40,8000,1" yaku="1,1,52,3,54,1,53,0" doraHai="68" doraHaiUra="62" who="1" fromWho="3" sc="380,0,200,93,210,0,200,-83" /><INIT seed="1,0,0,3,5,9" ten="380,293,210,117" oya="1" hai0="34,93,41,27,56,101,77,110,94,57,6,89,129" hai1="67,65,117,53,96,131,90,1,48,91,54,130,102" hai2="114,26,51,8,88,133,128,98,75,42,38,46,0" hai3="123,85,125,7,113,82,14,132,10,124,62,36,111"/><U30/><E117/><V2/><F133/><W17/><G123/><T100/><D110/><U122/><E1/><V70/><F70/><W29/><G113/><T76/><D129/><N who="1" m="49163" /><E30/><V49/><F128/><W12/><G111/><T16/><D6/><U40/><E40/><V20/><F75/><W116/><G36/><T5/><D5/><U118/><E54/><V52/><F8/><W109/><G109/><T24/><D41/><U64/><E118/><V68/><F68/><W92/><G116/><T83/><D34/><U25/><E25/><V60/><F38/><W35/><G132/><T13/><D83/><U97/><E97/><V79/><F79/><N who="0" m="30282" /><D57/><N who="1" m="32935" /><E122/><V135/><F135/><W106/><G106/><AGARI ba="0,0" hai="64,65,67,90,91,96,102,106" m="32935,49163" machi="106" ten="30,1500,0" yaku="19,1" doraHai="9" who="1" fromWho="3" sc="380,0,293,15,210,0,117,-15" /><INIT seed="1,1,0,5,2,127" ten="380,308,210,102" oya="1" hai0="126,62,20,97,89,30,115,64,82,27,46,12,110" hai1="8,60,86,76,57,58,96,16,132,48,66,122,91" hai2="93,98,13,116,121,72,134,68,41,128,104,3,56" hai3="77,83,31,55,113,92,21,75,81,124,133,19,23"/><U99/><E132/><V131/><F68/><W43/><G113/><T119/><D115/><U0/><E76/><V9/><F72/><W29/><G124/><T50/><D126/><U135/><E122/><V88/><F121/><W100/><G133/><T53/><D110/><U87/><E87/><V112/><F134/><W109/><G109/><T33/><D119/><U129/><E135/><V32/><F32/><W38/><G83/><T67/><D33/><U49/><E0/><V52/><F3/><W90/><G100/><T61/><D12/><N who="1" m="7175" /><E129/><N who="2" m="49739" /><F104/><W18/><G38/><T120/><D120/><U108/><E108/><V14/><F112/><W1/><G55/><T111/><D111/><U22/><E22/><V26/><F41/><W59/><G43/><T102/><D20/><U10/><E10/><V85/><F26/><W6/><G59/><T118/><D27/><U11/><E11/><V45/><F45/><W95/><G1/><T40/><D46/><U79/><E58/><V5/><F116/><W101/><G6/><T69/><D69/><U25/><E25/><V125/><F125/><W123/><G123/><T103/><D118/><U63/><E57/><V84/><F13/><W74/><G74/><T15/><D15/><U114/><E114/><V35/><F35/><W78/><G75/><T73/><D73/><U106/><E106/><V36/><F36/><W117/><G117/><T37/><D37/><U65/><E65/><V94/><F94/><W47/><G47/><T34/><D67/><U4/><E66/><V2/><F2/><W7/><G92/><T24/><D64/><RYUUKYOKU ba="1,0" sc="380,-10,308,-10,210,30,102,-10" hai2="5,9,14,52,56,84,85,88,93,98" /><INIT seed="2,2,0,4,3,78" ten="370,298,240,92" oya="2" hai0="90,79,51,44,57,118,53,0,67,31,45,130,102" hai1="117,97,14,24,127,50,107,30,19,21,95,58,37" hai2="123,82,69,135,93,9,41,132,96,110,10,116,125" hai3="16,39,42,81,26,134,73,28,68,11,6,56,66"/><V49/><F123/><W23/><G134/><N who="2" m="51241" /><F116/><W75/><G68/><T46/><D0/><U55/><E127/><V115/><F115/><W13/><G39/><T108/><D108/><U89/><E37/><V120/><F120/><W122/><G42/><T103/><D130/><U100/><E117/><V114/><F69/><W87/><G122/><T72/><D118/><U27/><REACH who="1" step="1"/><E30/><REACH who="1" ten="370,288,240,92" step="2"/><V29/><F29/><W5/><G75/><T33/><D31/><U85/><AGARI ba="2,1" hai="14,19,21,24,27,50,55,58,85,89,95,97,100,107" machi="85" ten="20,12000,2" yaku="1,1,2,1,0,1,7,1,25,2,53,0" doraHai="78" doraHaiUra="129" who="1" fromWho="1" sc="370,-32,288,136,240,-62,92,-32" /><INIT seed="3,0,0,1,5,127" ten="338,424,178,60" oya="3" hai0="63,70,91,123,114,34,2,22,117,74,86,124,66" hai1="101,80,64,132,76,28,40,84,51,57,35,100,135" hai2="59,43,72,52,98,78,56,110,7,24,5,68,36" hai3="67,27,121,131,14,77,106,25,118,54,3,75,134"/><W79/><G118/><T11/><D117/><U115/><E115/><V15/><F110/><W130/><G106/><T45/><D123/><U8/><E35/><V109/><F109/><W1/><G121/><T81/><D34/><U107/><E28/><V58/><F68/><W89/><G134/><N who="1" m="51242" /><E107/><V116/><F116/><W69/><G89/><T60/><D124/><U61/><E8/><V73/><F98/><W26/><G14/><T17/><D74/><U13/><E13/><V111/><F15/><W37/><G37/><T62/><D114/><U71/><E40/><V82/><F72/><W133/><G133/><T50/><D11/><U10/><E10/><V44/><F24/><W31/><G31/><T93/><D2/><N who="3" m="521" /><G54/><AGARI ba="0,0" hai="51,54,57,61,64,71,76,80,84,100,101" m="51242" machi="54" ten="30,1000,0" yaku="20,1" doraHai="127" who="1" fromWho="3" sc="338,0,424,10,178,0,60,-10" /><INIT seed="4,0,0,5,3,86" ten="338,434,178,50" oya="0" hai0="123,1,14,57,33,113,119,78,70,56,7,55,31" hai1="43,124,4,92,51,44,112,134,32,102,107,101,89" hai2="132,38,46,114,21,8,68,48,2,130,129,75,23" hai3="25,115,11,82,30,77,80,26,88,74,60,10,67"/><T106/><D119/><U35/><E112/><V52/><F114/><W29/><G115/><T117/><D113/><U91/><E4/><V95/><F75/><W24/><G29/><T45/><D117/><U50/><E124/><V125/><F125/><W110/><G110/><T34/><D70/><U39/><E134/><V5/><F68/><W94/><G82/><T36/><D1/><U13/><E13/><V126/><F126/><W19/><G19/><T66/><D106/><U42/><E39/><V59/><F132/><W116/><G30/><T87/><D66/><U17/><E17/><V16/><F95/><W108/><G108/><T53/><D31/><U85/><E107/><V61/><F38/><W128/><G128/><N who="2" m="49257" /><F16/><W54/><G54/><AGARI ba="0,0" hai="2,5,8,21,23,46,48,52,54,59,61" m="49257" machi="54" ten="30,2000,0" yaku="19,1,54,1" doraHai="86" who="2" fromWho="3" sc="338,0,434,0,178,20,50,-20" /><INIT seed="5,0,0,0,5,53" ten="338,434,198,30" oya="1" hai0="29,61,89,116,2,124,56,107,108,17,70,16,28" hai1="57,84,131,40,22,12,121,102,135,101,55,25,39" hai2="66,78,19,87,111,30,83,14,59,4,103,113,76" hai3="92,128,106,80,99,34,5,63,109,33,97,36,118"/><U134/><E121/><V32/><F111/><W31/><G109/><T77/><D108/><U44/><E131/><V72/><F103/><W46/><G118/><T132/><D116/><U50/><E12/><V125/><F4/><W88/><G128/><T68/><D107/><U0/><E0/><V95/><F125/><W3/><G80/><T48/><D2/><U127/><E84/><V82/><F95/><W37/><G31/><T47/><D77/><U126/><E101/><V64/><F30/><W10/><G99/><T65/><D124/><N who="1" m="47659" /><E102/><V119/><F32/><W100/><G63/><T26/><D132/><N who="1" m="50731" /><E22/><V133/><F119/><W42/><REACH who="3" step="1"/><G36/><REACH who="3" ten="338,434,198,20" step="2"/><T129/><D129/><U81/><E81/><V11/><F133/><W85/><AGARI ba="0,1" hai="3,5,10,33,34,37,42,46,85,88,92,97,100,106" machi="85" ten="20,8000,1" yaku="1,1,2,1,0,1,7,1,54,1,53,0" doraHai="53" doraHaiUra="52" who="3" fromWho="3" sc="338,-20,434,-40,198,-20,20,90" /><INIT seed="6,0,0,4,1,84" ten="318,394,178,110" oya="2" hai0="60,86,97,61,87,42,124,3,77,18,14,98,29" hai1="10,9,7,122,111,41,126,118,23,17,68,56,104" hai2="16,22,116,48,71,85,54,82,132,96,59,75,79" hai3="67,125,78,66,130,107,58,129,128,131,12,101,103"/><V37/><F116/><W88/><N who="3" m="32768" /><DORA hai="89" /><W30/><G107/><T81/><D3/><U120/><E68/><V127/><F127/><W52/><G125/><T113/><D124/><U95/><E104/><V53/><F132/><W26/><G78/><T69/><D113/><U57/><E111/><V114/><F114/><W65/><G12/><T33/><D42/><U134/><E134/><V21/><F37/><W49/><REACH who="3" step="1"/><G88/><REACH who="3" ten="318,394,178,100" step="2"/><T109/><D77/><U106/><E126/><V2/><F75/><W32/><AGARI ba="0,1" hai="26,30,32,49,52,58,65,66,67,101,103" m="32768" machi="32" ten="60,16000,3" yaku="1,1,2,1,0,1,19,1,54,1,53,3" doraHai="84,89" doraHaiUra="28,99" who="3" fromWho="3" sc="318,-40,394,-40,178,-80,100,170" /><INIT seed="7,0,0,4,5,114" ten="278,354,98,270" oya="3" hai0="40,103,87,37,12,56,88,131,71,30,102,79,119" hai1="109,48,47,39,118,42,54,133,76,28,21,122,53" hai2="124,72,51,45,125,41,95,130,14,135,120,97,0" hai3="29,25,22,32,38,83,66,65,2,112,126,35,15"/><W70/><G38/><T34/><D71/><U60/><E109/><V4/><F72/><W121/><G121/><T128/><D79/><U134/><E118/><V44/><F0/><W90/><G112/><T100/><D56/><U20/><E76/><V6/><F120/><W55/><G126/><T36/><D40/><U98/><E98/><V81/><F81/><W19/><G32/><T78/><D78/><U10/><E10/><V64/><F64/><W8/><G70/><T94/><D119/><U132/><E28/><V111/><F14/><W46/><G46/><T99/><D12/><U82/><E82/><V13/><F13/><W31/><G31/><T11/><D11/><U92/><E92/><V52/><F111/><W67/><G55/><N who="1" m="21002" /><E122/><V86/><F86/><W116/><G116/><T49/><D49/><U17/><E60/><V110/><F110/><W101/><G101/><T105/><D30/><U26/><E20/><V18/><F18/><W62/><G62/><T108/><D34/><U75/><E75/><V24/><F24/><W68/><G68/><T9/><D9/><U59/><E59/><V107/><F107/><W3/><REACH who="3" step="1"/><G35/><REACH who="3" ten="278,354,98,260" step="2"/><T104/><D108/><U57/><E57/><V91/><F135/><W85/><AGARI ba="0,1" hai="2,3,8,15,19,22,25,29,65,66,67,83,85,90" machi="85" ten="30,6000,0" yaku="1,1,2,1,0,1,53,0" doraHai="114" doraHaiUra="113" who="3" fromWho="3" sc="278,-20,354,-20,98,-20,260,70" /><INIT seed="7,1,0,1,4,102" ten="258,334,78,330" oya="3" hai0="19,15,53,50,84,87,95,111,85,133,79,18,46" hai1="88,45,11,29,40,38,58,21,23,105,25,39,17" hai2="69,108,103,117,30,56,116,8,61,123,66,126,26" hai3="43,96,31,16,52,110,42,62,75,113,4,7,73"/><W80/><G75/><T135/><D111/><U20/><E105/><V81/><F108/><W41/><G110/><T36/><D36/><U118/><E39/><V68/><F123/><W114/><G31/><T14/><D79/><U93/><E58/><V72/><F126/><W83/><G96/><T104/><D95/><U100/><E100/><V131/><F131/><W125/><G125/><T112/><D112/><N who="3" m="43113" /><G16/><N who="0" m="6187" /><D15/><N who="1" m="7423" /><E38/><V129/><F129/><W48/><G62/><T0/><D14/><U32/><E32/><V124/><F8/><W65/><G65/><T109/><D0/><U130/><E118/><V67/><F124/><W57/><G73/><T71/><D71/><U44/><E130/><V13/><F13/><W90/><G90/><T24/><D24/><U76/><E76/><V98/><F56/><W3/><G3/><T2/><D2/><U12/><E12/><V60/><F81/><AGARI ba="1,0" hai="4,7,41,42,43,48,52,57,80,81,83" m="43113" machi="81" ten="30,2900,0" yaku="15,1,54,1" doraHai="102" who="3" fromWho="2" sc="258,0,334,0,78,-32,330,32" owari="258,-14.2,334,13.4,46,-45.4,362,46.2" /></mjloggm>