<mjloggm ver="2.3"><GO type="169" lobby="0"/><UN n0="%E3%83%A4%E3%83%9E%E3%83%80%E3%81%95%E3%82%93" n1="%E9%83%BD%E5%B8%82%E4%BC%9D%E8%AA%AC" n2="%6E%69%63%6F%6E%74%6F" n3="%E3%81%8A%E9%AB%98" dan="17,16,16,18" rate="2108.24,2048.44,2136.61,2251.78" sx="M,M,M,M"/><TAIKYOKU oya="0"/><INIT seed="0,0,0,0,2,134" ten="250,250,250,250" oya="0" hai0="114,122,20,8,88,109,135,90,4,7,63,53,126" hai1="105,130,6,121,15,76,78,100,42,124,21,24,16" hai2="27,30,104,56,106,33,111,59,119,95,82,0,113" hai3="36,133,5,108,99,2,129,70,112,64,54,40,91"/><T132/><D114/><U97/><E121/><V18/><F113/><W93/><G108/><T115/><D115/><U86/><E130/><V120/><F120/><W66/><G129/><T62/><D122/><U34/><E124/><V67/><F111/><W35/><G35/><T1/><D109/><U77/><E34/><V58/><F0/><W118/><G118/><T43/><D43/><U102/><E102/><V131/><F131/><W14/><G2/><T29/><D4/><U44/><E86/><V92/><F119/><W31/><G31/><T37/><D37/><U87/><E87/><V127/><F67/><W125/><G54/><T50/><D20/><U103/><E103/><V57/><N who="2" m="14336" /><DORA hai="74" /><V107/><F127/><W110/><G70/><T26/><D50/><U73/><E6/><V116/><F116/><W3/><G3/><T17/><D17/><U85/><E85/><V48/><F82/><W47/><G133/><N who="0" m="51275" /><D53/><U89/><E89/><N who="0" m="34409" /><D126/><U75/><REACH who="1" step="1"/><E15/><REACH who="1" ten="250,240,250,250" step="2"/><V13/><REACH who="2" step="1"/><F48/><AGARI ba="0,1" hai="16,21,24,42,44,48,73,75,76,77,78,97,100,105" machi="48" ten="40,12000,2" yaku="1,1,2,1,52,3,54,1,53,1" doraHai="134,74" doraHaiUra="11,19" who="1" fromWho="2" sc="250,0,240,130,250,-120,250,0" /><INIT seed="1,0,0,3,2,88" ten="250,370,130,250" oya="1" hai0="122,86,78,101,63,8,50,62,119,81,61,33,112" hai1="12,111,117,98,56,68,85,53,46,64,120,82,110" hai2="45,83,69,97,103,133,102,130,104,135,114,19,121" hai3="79,20,65,77,87,59,57,23,40,3,109,49,5"/><U128/><E120/><V107/><F69/><W118/><G109/><N who="1" m="41482" /><E117/><V75/><F45/><W134/><G134/><N who="2" m="51209" /><F19/><W106/><G106/><N who="2" m="40489" /><F121/><W115/><G118/><T30/><D119/><U60/><E12/><V70/><F70/><W76/><G3/><T105/><D122/><U2/><E2/><V15/><F15/><W129/><G5/><T55/><D112/><U34/><E34/><V18/><F18/><W126/><G57/><T21/><D8/><U31/><E31/><V123/><F123/><W94/><G59/><T42/><D42/><U52/><E46/><V32/><F32/><W11/><G20/><T72/><D33/><U124/><E68/><V48/><F48/><W35/><G49/><T38/><D38/><U116/><E116/><V25/><F25/><W125/><G23/><T0/><D0/><U24/><E24/><V14/><F14/><W39/><G11/><T132/><D132/><U17/><E17/><V89/><F114/><W96/><G115/><T26/><D105/><U9/><E9/><V4/><F4/><W54/><G35/><T113/><D113/><U71/><E71/><V84/><F75/><W93/><G39/><T16/><D30/><U74/><E64/><V27/><F27/><W44/><G65/><T28/><D28/><U66/><E66/><V127/><F130/><W90/><G129/><T41/><D41/><U13/><E128/><V47/><F47/><W80/><G40/><T51/><D55/><U92/><E53/><V91/><F127/><N who="3" m="48651" /><G54/><T73/><D101/><U67/><E124/><V95/><AGARI ba="0,0" hai="83,84,89,91,95,97,102,103" m="40489,51209" machi="95" ten="40,8000,1" yaku="20,1,34,2,52,1" doraHai="88" who="2" fromWho="2" sc="250,-20,370,-40,130,80,250,-20" /><INIT seed="2,0,0,3,5,123" ten="230,330,210,230" oya="2" hai0="42,126,93,1,129,16,51,120,79,43,38,127,63" hai1="71,30,40,12,45,20,114,35,70,107,94,39,92" hai2="6,122,49,36,111,27,53,130,113,10,28,14,31" hai3="87,56,82,84,60,132,13,8,100,77,91,25,69"/><V4/><F113/><W108/><G132/><T65/><D120/><U88/><E107/><V80/><F122/><W75/><G69/><T83/><D1/><U22/><E35/><V81/><F130/><W86/><G100/><T44/><D93/><U52/><E94/><V46/><F111/><W97/><G25/><T74/><D129/><U95/><E95/><V118/><F118/><W15/><G97/><T59/><D42/><U0/><E22/><V96/><F36/><W133/><G13/><T112/><D112/><U98/><E0/><V99/><F31/><W48/><G48/><T78/><D78/><U34/><E34/><V135/><F135/><W62/><G62/><T90/><D90/><U115/><E71/><V24/><F24/><W55/><G133/><T73/><D73/><U116/><E70/><V3/><F3/><W109/><REACH who="3" step="1"/><G91/><REACH who="3" ten="230,330,210,220" step="2"/><T61/><D61/><U11/><E115/><V9/><F99/><W72/><G72/><T125/><REACH who="0" step="1"/><D16/><AGARI ba="0,1" hai="8,15,16,55,56,60,75,77,82,84,86,87,108,109" machi="16" ten="40,8000,1" yaku="1,1,52,2,54,1,53,0" doraHai="123" doraHaiUra="19" who="3" fromWho="0" sc="230,-80,330,0,210,0,220,90" /><INIT seed="3,0,0,0,3,11" ten="150,330,210,310" oya="3" hai0="109,5,18,17,105,92,47,115,91,72,65,3,60" hai1="99,95,125,62,61,31,94,128,130,12,74,76,19" hai2="52,35,26,7,44,121,135,37,43,40,110,73,66" hai3="69,54,86,80,1,29,8,127,100,20,132,119,98"/><W24/><G127/><T101/><D3/><U2/><E2/><V104/><F104/><W6/><G132/><T117/><D117/><U82/><E31/><V116/><F73/><W93/><G119/><T48/><D72/><U28/><E28/><V38/><F116/><W111/><G111/><T88/><D109/><U106/><E106/><V30/><F110/><W134/><G134/><T113/><D5/><U75/><E75/><V97/><F135/><W78/><G54/><T133/><D105/><U21/><E125/><V58/><F121/><W56/><G56/><T49/><D101/><U46/><E95/><V124/><F124/><W59/><G59/><T112/><D133/><U84/><E46/><V85/><F97/><W50/><G50/><T10/><D48/><U67/><E74/><V34/><F7/><W36/><G69/><T71/><D10/><U122/><E122/><V25/><F66/><W79/><REACH who="3" step="1"/><G36/><REACH who="3" ten="150,330,210,300" step="2"/><T90/><REACH who="0" step="1"/><D92/><REACH who="0" ten="140,330,210,300" step="2"/><U32/><E62/><V23/><F38/><W0/><G0/><T13/><D13/><U126/><E126/><V114/><F37/><W4/><G4/><T63/><D63/><U103/><REACH who="1" step="1"/><E32/><REACH who="1" ten="140,320,210,300" step="2"/><V39/><F35/><W77/><AGARI ba="0,3" hai="1,6,8,20,24,29,77,78,79,80,86,93,98,100" machi="77" ten="20,3900,0" yaku="1,1,0,1,7,1,53,0" doraHai="11" doraHaiUra="45" who="3" fromWho="3" sc="140,-13,320,-13,210,-13,300,69" /><INIT seed="3,1,0,3,3,0" ten="127,307,197,369" oya="3" hai0="100,5,102,93,9,51,61,10,97,96,86,65,43" hai1="62,125,115,73,106,54,4,105,77,37,131,98,27" hai2="134,116,99,28,49,13,33,71,70,56,58,17,22" hai3="72,11,127,36,31,104,85,90,29,89,57,7,101"/><W67/><G72/><T42/><D86/><U35/><E54/><V92/><F134/><W88/><G36/><T110/><D110/><U63/><E63/><V87/><F116/><W53/><G127/><T82/><D82/><U19/><E19/><V69/><F87/><W80/><G67/><T15/><D10/><U108/><E62/><V12/><F49/><W118/><G118/><T132/><D51/><U41/><E108/><V1/><F1/><W109/><G109/><T26/><D26/><U64/><E64/><V129/><F129/><W3/><G101/><T25/><D25/><U133/><E131/><V94/><F28/><W40/><G104/><T123/><D123/><U52/><E98/><V66/><F33/><W107/><G107/><T121/><D121/><U38/><E52/><V95/><F66/><W68/><G68/><T126/><D132/><U30/><E133/><V45/><F45/><W135/><G40/><T34/><D34/><U83/><E115/><V103/><REACH who="2" step="1"/><F13/><REACH who="2" ten="127,307,187,369" step="2"/><W32/><G135/><T60/><D126/><U91/><E125/><V14/><F14/><W119/><G119/><T18/><D61/><U74/><E74/><V50/><F50/><W46/><G46/><T130/><D130/><U59/><E73/><V120/><F120/><W39/><G32/><T20/><D60/><U81/><E35/><V112/><F112/><W2/><G2/><N who="0" m="183" /><D65/><U124/><E124/><V113/><F113/><W84/><G84/><T44/><D44/><U75/><E30/><N who="3" m="11274" /><G39/><T122/><D122/><U48/><E75/><V76/><F76/><W6/><G3/><RYUUKYOKU ba="1,1" sc="127,15,307,-15,187,15,369,-15" hai0="15,18,20,42,43,93,96,97,100,102" hai2="12,17,22,56,58,69,70,71,92,94,95,99,103" /><INIT seed="4,2,1,5,2,38" ten="142,292,202,354" oya="0" hai0="1,78,42,71,55,87,115,104,97,9,85,49,93" hai1="114,103,69,96,60,19,101,116,5,100,58,52,14" hai2="23,57,102,117,67,34,98,28,37,54,41,111,72" hai3="76,128,82,109,50,29,123,108,40,118,88,62,56"/><T44/><D104/><U26/><E116/><V129/><F111/><W134/><G118/><T45/><D71/><U10/><E69/><V35/><F117/><W39/><G39/><T135/><D115/><U75/><E75/><V70/><F72/><W127/><G29/><T53/><D135/><U11/><E114/><V79/><F79/><W99/><G76/><T7/><D78/><U22/><REACH who="1" step="1"/><E11/><REACH who="1" ten="142,282,202,354" step="2"/><V43/><F129/><W17/><G128/><T121/><D121/><U122/><E122/><V133/><F133/><W92/><G123/><T130/><D130/><U89/><E89/><V126/><F126/><W63/><G88/><T6/><D6/><U77/><E77/><V95/><F23/><W4/><G127/><T84/><REACH who="0" step="1"/><D45/><REACH who="0" ten="132,282,202,354" step="2"/><U106/><AGARI ba="2,3" hai="5,10,14,19,22,26,52,58,60,96,100,101,103,106" machi="106" ten="20,8000,1" yaku="1,1,0,1,7,1,54,1,53,1" doraHai="38" doraHaiUra="51" who="1" fromWho="1" sc="132,-42,282,116,202,-22,354,-22" /><INIT seed="5,0,0,4,1,14" ten="90,398,180,332" oya="1" hai0="67,88,7,119,118,92,97,28,87,84,54,98,85" hai1="103,90,122,77,66,12,121,26,72,126,128,111,25" hai2="19,112,6,8,101,129,18,34,16,74,131,24,96" hai3="1,115,109,86,69,39,50,32,42,130,4,31,15"/><U2/><E2/><N who="2" m="87" /><F74/><W89/><G1/><T22/><D7/><U114/><E66/><V17/><F112/><W20/><G39/><T30/><D67/><U124/><E103/><V75/><F75/><W49/><G32/><T73/><D73/><U3/><E90/><V105/><F34/><W106/><G106/><T113/><D113/><U94/><E94/><V21/><N who="2" m="4096" /><DORA hai="58" /><V93/><F93/><W79/><G49/><T95/><D54/><U117/><E3/><V53/><F53/><W48/><G50/><T80/><D80/><U27/><E77/><V43/><F21/><W116/><G20/><T104/><D104/><U29/><E72/><V123/><F24/><W83/><G89/><T35/><D22/><U135/><E114/><V99/><F123/><W132/><G79/><T9/><D9/><U37/><E27/><V63/><F63/><W36/><G83/><T110/><D110/><U64/><E111/><V78/><F78/><W0/><G0/><T81/><D81/><U71/><E122/><V68/><F68/><W61/><G61/><T45/><D45/><U47/><E47/><V60/><F60/><W40/><G69/><T107/><D107/><U59/><E71/><V57/><F57/><W125/><G109/><T91/><REACH who="0" step="1"/><D35/><REACH who="0" ten="80,398,180,332" step="2"/><U65/><E121/><V76/><F76/><W134/><G115/><T23/><D23/><U5/><E65/><V52/><F52/><W133/><G4/><T11/><D11/><U10/><E10/><V41/><F99/><W102/><G133/><T13/><D13/><U108/><E135/><V120/><F120/><RYUUKYOKU ba="0,1" sc="80,15,398,-15,180,15,332,-15" hai0="28,30,84,85,87,88,91,92,95,97,98,118,119" hai2="41,43,96,101,105,129,131" /><INIT seed="6,1,1,5,3,41" ten="95,383,195,317" oya="2" hai0="26,107,126,31,95,132,10,52,69,49,72,42,80" hai1="93,67,88,1,65,3,127,27,8,121,117,102,133" hai2="47,15,45,135,129,104,64,113,9,119,130,38,86" hai3="109,40,111,75,37,28,17,115,21,103,34,14,79"/><V84/><F119/><W68/><G68/><T58/><D107/><U30/><E117/><V122/><F122/><W56/><G103/><T101/><D69/><U43/><E102/><V116/><F116/><W53/><G115/><T85/><D126/><U83/><E127/><V81/><F113/><W16/><G34/><T87/><D132/><U124/><E83/><V77/><F104/><W48/><G28/><T112/><D112/><U11/><E124/><V96/><F135/><W123/><G123/><T90/><D72/><U19/><E43/><V57/><F96/><W32/><G32/><T61/><D10/><U89/><E93/><V98/><F98/><W120/><G120/><T0/><D0/><U94/><E94/><V63/><F86/><W66/><G66/><T12/><D12/><U54/><E30/><V44/><REACH who="2" step="1"/><F38/><REACH who="2" ten="95,383,185,317" step="2"/><W25/><G37/><T99/><D87/><U24/><E133/><V62/><F62/><W70/><G75/><T76/><D101/><U6/><E121/><V91/><F91/><W50/><G79/><T128/><D128/><U105/><E105/><V7/><AGARI ba="1,2" hai="7,9,15,44,45,47,57,63,64,77,81,84,129,130" machi="7" ten="30,12000,1" yaku="1,1,0,1,52,3,53,0" doraHai="41" doraHaiUra="18" who="2" fromWho="2" sc="95,-41,383,-41,185,143,317,-41" /><INIT seed="6,2,0,1,5,24" ten="54,342,328,276" oya="2" hai0="34,0,129,106,76,12,97,51,52,38,116,72,84" hai1="86,122,75,104,11,40,20,102,37,54,35,4,108" hai2="109,117,2,100,29,124,93,21,78,105,115,18,14" hai3="64,65,87,81,15,130,61,66,88,119,23,90,79"/><V70/><F117/><W131/><G119/><T114/><D84/><U133/><E108/><V56/><F70/><W80/><G61/><T32/><D12/><U82/><E35/><V111/><F105/><W43/><G43/><T132/><D97/><U31/><E104/><V74/><F115/><W44/><G44/><T91/><D91/><U46/><E102/><V95/><F95/><W103/><G103/><T28/><D28/><U22/><E54/><V19/><F2/><W67/><N who="3" m="16384" /><DORA hai="71" /><W3/><G3/><T125/><D51/><U83/><E83/><N who="2" m="45527" /><F56/><W85/><REACH who="3" step="1"/><G79/><REACH who="3" ten="54,342,328,266" step="2"/><T96/><D76/><U128/><E40/><V126/><F100/><W134/><G134/><T10/><D52/><U27/><E133/><V8/><F93/><W36/><G36/><T42/><D42/><U1/><E37/><V135/><F135/><W17/><AGARI ba="2,1" hai="15,17,23,80,81,85,87,88,90,130,131" m="16384" machi="17" ten="50,8000,1" yaku="1,1,0,1,9,1,54,1,53,1" doraHai="24,71" doraHaiUra="92,16" who="3" fromWho="3" sc="54,-22,342,-22,328,-42,266,96" /><INIT seed="7,0,0,4,5,14" ten="32,320,286,362" oya="3" hai0="53,18,71,2,43,4,87,40,107,76,105,102,13" hai1="59,32,80,98,122,52,118,88,103,112,72,24,54" hai2="56,28,91,58,111,84,1,20,68,109,130,61,50" hai3="86,121,97,12,125,22,27,83,119,15,36,89,30"/><W0/><G119/><T116/><D116/><U62/><E122/><V66/><F1/><W81/><G121/><T79/><D71/><U26/><E118/><V55/><F130/><W10/><G36/><T63/><D2/><U128/><E72/><V70/><F70/><W101/><G125/><T132/><D13/><U77/><E32/><V19/><F28/><W114/><G114/><T37/><D37/><U90/><E128/><V3/><F3/><W25/><G81/><T69/><D69/><U33/><E33/><V75/><F75/><W129/><G129/><T23/><D23/><U117/><E77/><V49/><F49/><W39/><G27/><N who="1" m="10282" /><E112/><V99/><F99/><W85/><G85/><T120/><D120/><U31/><E31/><V96/><F96/><W93/><REACH who="3" step="1"/><G39/><REACH who="3" ten="32,320,286,352" step="2"/><T104/><D87/><N who="1" m="50535" /><E117/><V73/><F73/><W126/><G126/><T100/><D107/><U11/><E103/><V67/><F68/><W95/><G95/><T35/><D35/><U41/><E41/><V60/><F60/><W124/><G124/><T94/><D63/><N who="1" m="36327" /><E98/><V29/><F67/><W16/><G16/><T8/><D94/><U42/><E42/><V47/><F29/><W108/><G108/><T44/><D4/><AGARI ba="0,1" hai="0,4,10,12,15,22,25,30,83,86,89,93,97,101" machi="4" ten="40,2000,0" yaku="1,1,53,0" doraHai="14" doraHaiUra="45" who="3" fromWho="0" sc="32,-20,320,0,286,0,352,30" owari="12,-48.8,320,12.0,286,-11.4,382,48.2" /></mjloggm>