<mjloggm ver="2.3"><GO type="169" lobby="0"/><UN n0="%E3%81%9B%E3%82%93%E3%81%A8%E3%81%BD%E3%83%BC%E3%82%8B" n1="%E8%B5%A4%E6%AF%9B%E3%81%AE%E3%82%AD%E3%83%A7%E3%83%B3" n2="%E3%83%A9%E3%83%B3%E3%82%B9%E3%83%AD%E3%83%83%E3%83%88" n3="%E3%81%84%E3%81%BE%E3%81%99%E3%81%91" dan="18,18,17,17" rate="2224.90,2304.64,2093.65,2155.38" sx="F,M,M,M"/><TAIKYOKU oya="0"/><INIT seed="0,0,0,1,0,0" ten="250,250,250,250" oya="0" hai0="37,9,116,29,135,64,79,21,127,22,109,6,134" hai1="118,18,54,74,34,72,59,27,102,24,60,90,89" hai2="50,80,45,58,46,3,44,47,23,30,39,117,125" hai3="41,119,71,36,91,82,49,62,61,53,25,65,131"/><T70/><D37/><U69/><E118/><V33/><F3/><W86/><G119/><T128/><D79/><U104/><E69/><V99/><F117/><W106/><G131/><T55/><D55/><U35/><E102/><V42/><F125/><W120/><G106/><T114/><D64/><U4/><E104/><V73/><F33/><W11/><G61/><T124/><D70/><U92/><E4/><V12/><F58/><W16/><G41/><T32/><D116/><U7/><E7/><V132/><F132/><N who="0" m="50730" /><D114/><U15/><E35/><V81/><F99/><W100/><G36/><T19/><D128/><U68/><E68/><V8/><F39/><W66/><G66/><T28/><D22/><U76/><E76/><V108/><F73/><W112/><G120/><T84/><D84/><U10/><E34/><V111/><F23/><W67/><G67/><T78/><D78/><U63/><E63/><V48/><F48/><W115/><G100/><T103/><D103/><U31/><E89/><V107/><F107/><W1/><G25/><N who="0" m="14527" /><D109/><N who="2" m="42058" /><F30/><N who="0" m="11882" /><D32/><U20/><REACH who="1" step="1"/><E24/><REACH who="1" ten="250,240,250,250" step="2"/><V105/><F105/><W113/><G113/><T129/><D129/><U43/><E43/><V133/><F133/><W57/><G115/><T75/><D75/><U51/><E51/><V2/><F50/><W40/><G40/><T130/><D130/><U110/><E110/><V123/><F42/><W101/><G101/><T126/><D127/><U122/><E122/><V87/><F123/><W93/><G112/><T97/><D97/><AGARI ba="0,1" hai="10,15,18,20,27,31,54,59,60,72,74,90,92,97" machi="97" ten="30,3900,0" yaku="1,1,7,1,53,1" doraHai="0" doraHaiUra="26" who="1" fromWho="0" sc="250,-39,240,49,250,0,250,0" /><INIT seed="1,0,0,4,2,86" ten="211,289,250,250" oya="1" hai0="78,18,95,28,83,66,109,110,128,106,132,37,42" hai1="88,97,70,20,96,119,117,101,93,63,84,3,21" hai2="61,135,113,52,59,43,22,51,76,16,5,48,49" hai3="12,77,89,45,40,122,44,33,115,90,15,55,6"/><U41/><E3/><V38/><F135/><W57/><G122/><T69/><D106/><U91/><E41/><V72/><F113/><W100/><G33/><T123/><D28/><U7/><E7/><V74/><F5/><W107/><G77/><T71/><D128/><U30/><E97/><V87/><F38/><W23/><G107/><T68/><D66/><U31/><E31/><V9/><F9/><W130/><G100/><T36/><D123/><U82/><E101/><V58/><F58/><W26/><G115/><T14/><D95/><U125/><E125/><V39/><F39/><W80/><G80/><T2/><D2/><U99/><E99/><V129/><F43/><W104/><G104/><T1/><D1/><U111/><E111/><N who="0" m="42505" /><D132/><U0/><E0/><V134/><F129/><W65/><G65/><T92/><D92/><U75/><E75/><V34/><F34/><W32/><G32/><T105/><D105/><U54/><E30/><V73/><F134/><W94/><G94/><T29/><D29/><U98/><E98/><V64/><F64/><W35/><G130/><T81/><D42/><U62/><E70/><V126/><F126/><W17/><G35/><T50/><D69/><U79/><E79/><V8/><F8/><N who="3" m="4119" /><G26/><T11/><D78/><U118/><REACH who="1" step="1"/><E54/><REACH who="1" ten="211,279,250,250" step="2"/><V53/><F53/><W47/><G40/><T4/><D68/><U131/><E131/><V85/><REACH who="2" step="1"/><F76/><REACH who="2" ten="211,279,240,250" step="2"/><W19/><G19/><T127/><D71/><U120/><E120/><V27/><AGARI ba="0,2" hai="16,22,27,48,49,51,52,59,61,72,73,74,85,87" machi="27" ten="40,8000,1" yaku="1,1,2,1,0,1,54,2,53,0" doraHai="86" doraHaiUra="103" who="2" fromWho="2" sc="211,-20,279,-40,240,100,250,-20" /><INIT seed="2,0,0,2,2,90" ten="191,239,340,230" oya="2" hai0="48,135,71,114,77,123,43,60,93,0,39,28,102" hai1="101,91,85,42,84,23,133,41,80,13,108,31,109" hai2="25,79,62,110,46,33,126,97,45,40,14,115,98" hai3="68,128,63,30,88,95,54,49,120,86,57,81,111"/><V56/><F115/><W130/><G120/><T118/><D0/><U87/><E133/><V61/><F126/><W121/><G121/><T35/><D39/><U94/><E101/><V10/><F79/><W103/><G30/><T105/><D105/><U96/><E80/><V99/><F110/><N who="1" m="42601" /><E13/><V38/><F46/><W67/><REACH who="3" step="1"/><G111/><REACH who="3" ten="191,239,340,220" step="2"/><T55/><D28/><U15/><E15/><V51/><F14/><W44/><G44/><T100/><D123/><U19/><E19/><V7/><F45/><W65/><G65/><T47/><D47/><U134/><E134/><V20/><F38/><W131/><G131/><T132/><D135/><U89/><E91/><V74/><F40/><W17/><G17/><T66/><D43/><U64/><E64/><V127/><F127/><W53/><G53/><T70/><D66/><U122/><E122/><V4/><F4/><W78/><G78/><T104/><D77/><U117/><E117/><V9/><F7/><W125/><G125/><T116/><D132/><U18/><E18/><V92/><F25/><AGARI ba="0,1" hai="23,25,31,41,42,84,85,87,89,94,96" m="42601" machi="25" ten="30,2000,0" yaku="14,1,52,1" doraHai="90" who="1" fromWho="2" sc="191,0,239,30,340,-20,220,0" /><INIT seed="3,0,0,2,5,98" ten="191,269,320,220" oya="3" hai0="68,124,88,110,126,66,43,128,61,7,73,80,117" hai1="127,93,3,131,59,70,135,94,27,77,39,17,133" hai2="35,104,118,121,55,58,38,97,92,6,5,74,42" hai3="20,101,89,83,115,87,122,96,60,1,109,15,95"/><W8/><G115/><T54/><D117/><U78/><E70/><V45/><F118/><W31/><G122/><T82/><D110/><U76/><E3/><V30/><F121/><W9/><G1/><T50/><D128/><U134/><E39/><V23/><F35/><W129/><G129/><T24/><D43/><U51/><E131/><V119/><F104/><W25/><G109/><T69/><D69/><U86/><E127/><V49/><F74/><W13/><G15/><T36/><D36/><U79/><N who="1" m="19456" /><DORA hai="26" /><U41/><E86/><V10/><F10/><W75/><G75/><T37/><D37/><U22/><REACH who="1" step="1"/><E59/><REACH who="1" ten="191,259,320,220" step="2"/><V14/><F119/><W84/><G84/><T130/><D68/><U103/><E103/><V105/><F38/><W102/><G60/><T0/><D61/><U53/><E53/><V40/><F58/><W90/><REACH who="3" step="1"/><G8/><REACH who="3" ten="191,259,320,210" step="2"/><T64/><D0/><U72/><E72/><V57/><F14/><W100/><G100/><T46/><D73/><U107/><E107/><V108/><F105/><W28/><G28/><T16/><D130/><U106/><E106/><V85/><F30/><W81/><G81/><T18/><D80/><U132/><N who="1" m="33792" /><DORA hai="47" /><U65/><E65/><V123/><F85/><W91/><G91/><T21/><D82/><U63/><E63/><V67/><F67/><N who="0" m="25642" /><D88/><U19/><E19/><AGARI ba="0,2" hai="9,13,19,20,25,31,83,87,89,90,95,96,101,102" machi="19" ten="30,24000,3" yaku="1,1,7,1,8,1,52,3,53,2" doraHai="98,26,47" doraHaiUra="33,4,12" who="3" fromWho="1" sc="191,0,259,-240,320,0,210,260" /><INIT seed="3,1,0,4,3,1" ten="191,19,320,470" oya="3" hai0="20,73,93,9,125,22,62,86,6,88,64,65,83" hai1="80,71,27,115,61,16,89,66,49,121,51,76,129" hai2="3,25,0,77,32,23,114,102,107,13,47,38,34" hai3="95,35,58,120,59,41,135,33,131,133,119,54,50"/><W124/><G119/><T128/><D128/><U29/><E121/><V108/><F114/><W75/><G75/><T55/><D125/><U21/><E115/><V69/><F69/><W28/><G120/><T18/><D55/><U30/><E129/><V45/><F77/><W56/><G41/><T79/><D18/><U92/><E30/><V53/><F38/><W14/><G124/><T70/><REACH who="0" step="1"/><D65/><REACH who="0" ten="181,19,320,470" step="2"/><U84/><REACH who="1" step="1"/><E29/><REACH who="1" ten="181,9,320,470" step="2"/><V68/><F108/><W17/><G28/><T98/><D98/><AGARI ba="1,2" hai="16,21,27,49,51,61,66,71,76,80,84,89,92,98" machi="98" ten="30,8000,1" yaku="1,1,2,1,7,1,54,1,53,1" doraHai="1" doraHaiUra="78" who="1" fromWho="0" sc="181,-83,9,103,320,0,470,0" /><INIT seed="4,0,0,2,3,3" ten="98,112,320,470" oya="0" hai0="100,112,63,91,56,116,108,52,48,47,132,81,87" hai1="105,6,126,104,111,60,129,97,103,4,57,75,27" hai2="66,15,14,110,82,84,5,80,121,72,17,33,89" hai3="88,64,59,98,90,114,22,35,7,76,49,32,43"/><T40/><D112/><U13/><E75/><V46/><F110/><W20/><G64/><T51/><D132/><U8/><E111/><V102/><F121/><W86/><G59/><T31/><D116/><U1/><E126/><V93/><F33/><W65/><G65/><T127/><D127/><U113/><E129/><V124/><F124/><W26/><G49/><T109/><D31/><U115/><E104/><V117/><F117/><W120/><G43/><T78/><D100/><U0/><E27/><V19/><F66/><W37/><G98/><T95/><REACH who="0" step="1"/><D63/><REACH who="0" ten="88,112,320,470" step="2"/><U11/><REACH who="1" step="1"/><E13/><REACH who="1" ten="88,102,320,470" step="2"/><V83/><F15/><W23/><G114/><T77/><D77/><U74/><E74/><AGARI ba="0,2" hai="40,47,48,51,52,56,74,78,81,87,91,95,108,109" machi="74" ten="40,7700,0" yaku="1,1,54,1,53,1" doraHai="3" doraHaiUra="36" who="0" fromWho="1" sc="88,97,102,-77,320,0,470,0" /><INIT seed="4,1,0,5,0,133" ten="185,25,320,470" oya="0" hai0="120,12,34,61,131,94,129,30,25,6,36,27,80" hai1="103,73,125,17,105,74,41,57,22,65,83,13,24" hai2="56,71,128,49,108,109,26,79,4,1,99,28,127" hai3="58,45,63,47,90,86,113,40,114,117,102,118,0"/><T70/><D36/><U95/><E105/><V88/><F71/><W84/><G102/><T82/><D120/><U15/><E41/><V7/><F79/><W31/><G31/><T23/><D94/><U111/><E111/><V62/><F128/><N who="0" m="49226" /><D12/><U68/><E68/><V59/><F1/><W18/><G0/><T92/><D6/><U32/><E83/><V98/><F108/><W54/><G18/><N who="0" m="12535" /><D92/><U135/><E135/><V51/><F109/><W37/><G86/><T100/><D100/><U119/><E119/><V112/><F26/><W78/><G118/><T132/><D132/><U50/><E74/><V67/><F112/><W81/><G117/><T96/><D96/><U9/><E73/><V104/><F104/><W10/><G10/><T33/><D33/><U89/><E103/><V46/><F98/><W55/><G90/><T130/><N who="0" m="49234" /><T121/><DORA hai="77" /><D121/><U48/><E32/><V35/><F88/><W5/><G5/><T85/><D85/><N who="1" m="52655" /><E15/><V21/><F99/><W2/><G2/><T14/><D14/><U106/><E106/><V42/><F35/><W52/><G114/><T124/><D124/><U75/><E75/><V19/><F127/><W66/><G113/><T123/><D123/><U115/><E115/><V11/><F11/><W91/><G91/><T16/><D16/><N who="1" m="8239" /><E125/><V87/><F87/><W126/><G126/><T20/><D34/><U53/><E65/><AGARI ba="1,0" hai="20,27,30,61,65,70,80,82" m="12535,49234" machi="65" ten="40,7700,0" yaku="19,1,52,2" doraHai="133,77" who="0" fromWho="1" sc="185,80,25,-80,320,0,470,0" owari="265,-13.5,-55,-55.5,320,12.0,470,57.0" /></mjloggm>