<mjloggm ver="2.3"><GO type="169" lobby="0"/><UN n0="%6A%79%75%6E%6F%68" n1="%6C%6E%61%69" n2="%E3%81%A6%E3%82%93%E3%81%8F%E3%81%86" n3="%E3%81%8B%E3%81%97%E3%81%8B%E3%81%8A" dan="18,16,16,16" rate="2235.42,2044.85,2184.90,2137.81" sx="M,M,M,M"/><TAIKYOKU oya="0"/><INIT seed="0,0,0,2,1,55" ten="250,250,250,250" oya="0" hai0="121,31,29,79,72,68,124,99,89,74,6,25,3" hai1="135,102,30,7,4,100,8,90,132,94,48,18,119" hai2="115,43,110,133,88,83,69,70,63,62,16,129,107" hai3="77,65,28,120,71,128,51,91,47,130,82,37,54"/><T57/><D68/><U38/><E119/><V64/><F115/><W98/><G120/><T103/><D121/><U92/><E38/><V76/><F107/><W104/><G28/><T116/><D116/><U123/><E123/><V49/><F110/><W50/><G37/><T33/><D31/><U39/><E39/><V14/><F133/><W35/><G35/><T15/><D3/><U5/><E30/><V85/><F129/><N who="3" m="49771" /><G65/><T13/><D89/><U112/><E112/><V34/><F34/><W113/><G71/><T21/><D124/><U36/><E36/><V59/><F62/><W12/><G12/><T80/><D72/><U106/><E106/><V19/><F19/><W109/><G113/><T24/><D6/><U41/><E18/><V105/><F105/><W75/><G51/><T10/><D10/><U61/><E61/><V87/><F43/><W126/><G109/><T131/><D131/><U81/><E8/><V58/><F49/><W67/><G67/><T22/><D33/><U95/><E48/><V60/><F60/><W73/><G126/><T0/><D0/><U86/><E41/><V125/><F69/><W45/><G75/><T9/><D9/><U53/><E53/><V122/><F122/><W26/><G26/><T78/><D78/><U96/><E102/><V2/><F2/><W66/><G66/><T56/><D24/><U23/><E23/><N who="2" m="11671" /><F125/><W17/><G17/><N who="0" m="10431" /><D13/><U108/><E108/><V46/><F46/><N who="3" m="27991" /><G104/><N who="0" m="63615" /><D74/><U127/><E127/><V27/><F27/><W52/><G45/><T1/><D1/><U97/><E100/><V32/><F32/><RYUUKYOKU ba="0,0" sc="250,10,250,10,250,10,250,-30" hai0="22,25,29,56,57,79,80" hai1="4,5,7,81,86,90,92,94,95,96,97,132,135" hai2="58,59,63,64,70,76,83,85,87,88" /><INIT seed="0,1,0,5,3,60" ten="260,260,260,220" oya="0" hai0="9,62,2,34,3,113,105,121,54,119,13,23,1" hai1="63,15,120,65,25,97,101,16,33,80,47,69,57" hai2="30,127,58,90,14,10,125,31,26,70,46,56,6" hai3="95,98,32,106,5,22,93,128,17,18,102,94,77"/><T131/><D105/><U61/><E120/><V37/><F70/><W24/><G32/><T84/><D121/><U124/><E124/><N who="2" m="47691" /><F90/><W48/><G128/><T67/><D34/><U134/><E134/><V79/><F79/><W110/><G110/><T72/><D113/><U21/><E47/><V43/><F30/><W66/><G5/><T7/><D72/><U19/><E80/><V40/><F43/><W4/><G4/><T122/><D122/><U51/><E51/><V91/><F91/><W86/><G48/><T114/><D114/><U42/><E42/><V38/><F38/><W117/><G117/><T82/><D131/><U81/><E81/><V76/><F76/><W135/><G135/><T75/><D75/><U111/><E111/><V8/><F8/><W50/><G77/><T39/><D39/><U55/><E33/><AGARI ba="1,0" hai="6,10,14,26,31,33,37,40,46,56,58" m="47691" machi="33" ten="30,1000,0" yaku="18,1" doraHai="60" who="2" fromWho="1" sc="260,0,260,-13,260,13,220,0" /><INIT seed="1,0,0,5,2,11" ten="260,247,273,220" oya="1" hai0="94,100,70,1,35,40,66,69,85,47,30,101,93" hai1="24,0,29,99,34,82,20,5,79,128,52,23,59" hai2="72,22,61,19,43,36,116,49,51,37,118,26,105" hai3="56,62,6,114,125,78,80,73,68,77,123,130,132"/><U28/><E128/><V57/><F105/><W31/><G123/><T133/><D1/><U39/><E39/><V9/><F72/><W113/><G68/><T7/><D7/><U42/><E42/><V21/><F36/><W135/><G6/><T12/><D30/><U106/><E0/><V110/><F37/><W84/><G31/><T120/><D35/><U102/><E5/><V134/><F134/><N who="3" m="51243" /><G56/><T83/><D120/><U60/><REACH who="1" step="1"/><E29/><REACH who="1" ten="260,237,273,220" step="2"/><V38/><F43/><W63/><G130/><T111/><D40/><U107/><E107/><V119/><F38/><W10/><G114/><T109/><D133/><U45/><E45/><V108/><F116/><W16/><G113/><T3/><D47/><U92/><E92/><V121/><F119/><W88/><G125/><T27/><D3/><U115/><E115/><V44/><F44/><W87/><G73/><AGARI ba="0,1" hai="20,23,24,28,34,52,59,60,73,79,82,99,102,106" machi="73" ten="30,5800,0" yaku="1,1,7,1,54,1,53,0" doraHai="11" doraHaiUra="14" who="1" fromWho="3" sc="260,0,237,68,273,0,220,-58" /><INIT seed="1,1,0,0,3,54" ten="260,305,273,162" oya="1" hai0="23,16,118,24,129,59,73,47,3,33,63,117,26" hai1="72,84,78,133,112,32,103,69,100,85,41,77,7" hai2="97,95,40,13,48,125,130,4,113,114,62,128,122" hai3="94,131,70,35,126,98,5,96,25,8,82,17,132"/><U19/><E32/><V68/><F122/><W107/><G70/><T60/><D3/><U135/><E69/><V120/><F120/><W10/><G131/><N who="2" m="50217" /><F13/><W111/><G111/><T90/><D129/><U18/><E41/><V51/><F4/><W15/><G132/><T38/><D73/><U86/><E7/><V42/><F95/><W49/><G126/><T37/><D63/><U83/><E112/><N who="2" m="43115" /><F97/><W12/><G82/><T110/><D110/><U58/><E85/><V1/><F1/><W44/><G107/><T30/><D90/><U115/><E115/><V46/><F125/><W67/><G67/><T45/><D37/><U52/><E83/><V31/><F31/><W80/><G80/><T87/><D87/><U108/><E72/><V29/><F29/><W0/><G0/><T28/><D28/><U53/><E108/><V127/><F127/><W116/><G35/><T61/><D61/><U36/><E36/><N who="2" m="21767" /><F42/><W20/><G94/><T66/><REACH who="0" step="1"/><D38/><REACH who="0" ten="250,305,273,162" step="2"/><U79/><E79/><V74/><F74/><W102/><G102/><T27/><D27/><U39/><E39/><V124/><F124/><W64/><G25/><T43/><D43/><U6/><E6/><V22/><F22/><W91/><G20/><T81/><D81/><U57/><AGARI ba="1,1" hai="18,19,52,53,57,58,77,78,84,86,100,103,133,135" machi="57" ten="25,18000,2" yaku="0,1,22,2,52,2,54,1" doraHai="54" who="1" fromWho="1" sc="250,-61,305,193,273,-61,162,-61" /><INIT seed="1,2,0,0,3,27" ten="189,498,212,101" oya="1" hai0="132,33,75,88,94,18,90,69,129,31,56,53,5" hai1="119,116,109,67,134,9,62,130,23,120,104,93,110" hai2="82,19,103,105,54,20,118,35,79,83,44,32,42" hai3="64,96,14,108,87,124,12,126,98,48,6,107,85"/><U46/><E104/><V29/><F118/><W80/><G107/><T7/><D69/><U58/><E120/><V70/><F70/><W111/><G48/><T15/><D75/><U11/><E130/><V99/><F54/><W10/><G10/><N who="1" m="3594" /><E134/><V135/><F135/><W43/><G80/><T101/><D101/><U47/><E93/><V78/><F82/><W21/><G21/><T95/><D129/><U52/><E23/><V68/><F68/><W66/><REACH who="3" step="1"/><G6/><REACH who="3" ten="189,498,212,91" step="2"/><T57/><D5/><U92/><E116/><V8/><F8/><W39/><G39/><T30/><D7/><U16/><E119/><V36/><F35/><W65/><G65/><T51/><D33/><U26/><E67/><V59/><F83/><W91/><G91/><N who="0" m="34859" /><D132/><U1/><E46/><V131/><F131/><W74/><G74/><T24/><D24/><U4/><E47/><V0/><F44/><W106/><G106/><T122/><D122/><U72/><E72/><V55/><F32/><W133/><G133/><T73/><D73/><U117/><E117/><V81/><F36/><W3/><G3/><T97/><D95/><U40/><E92/><V38/><F0/><W13/><G13/><T71/><D94/><U102/><E26/><V77/><F38/><W86/><G86/><T34/><D34/><U60/><E1/><V28/><F105/><W76/><G76/><T84/><D84/><U49/><E4/><V121/><F121/><W37/><G37/><T112/><D15/><U114/><E49/><V113/><F78/><W22/><G22/><T50/><D50/><U115/><E102/><RYUUKYOKU ba="2,1" sc="189,-10,498,-10,212,-10,91,30" hai3="12,14,43,64,66,85,87,96,98,108,111,124,126" /><INIT seed="2,3,1,1,4,84" ten="179,488,202,121" oya="2" hai0="103,111,128,47,40,10,63,50,73,62,54,100,9" hai1="101,65,28,48,61,55,13,76,32,26,39,77,15" hai2="108,74,0,90,122,119,116,95,29,51,127,98,99" hai3="81,44,94,131,21,45,115,104,130,96,92,20,11"/><V102/><F122/><W118/><G118/><T117/><D73/><U43/><E101/><N who="0" m="38985" /><D117/><U22/><E43/><V36/><F36/><W71/><G71/><T7/><D111/><U49/><E39/><V64/><F0/><W106/><G11/><N who="0" m="4107" /><D128/><U112/><E112/><V1/><F1/><W120/><G81/><T23/><D7/><U87/><E48/><V109/><F74/><W66/><G66/><T105/><D105/><U12/><E32/><V113/><F64/><W33/><G33/><T125/><D125/><U124/><E124/><V121/><F121/><W6/><G6/><T107/><D107/><U5/><E5/><V86/><F127/><W18/><G120/><T19/><D40/><U16/><E28/><V58/><F29/><W53/><G53/><T123/><D123/><U57/><E87/><V78/><F113/><W35/><G35/><T80/><D80/><U88/><E88/><V8/><F8/><W30/><G30/><T97/><D97/><U41/><E41/><V82/><F119/><W133/><G96/><T42/><D42/><U37/><REACH who="1" step="1"/><E37/><REACH who="1" ten="179,478,202,121" step="2"/><V56/><F116/><W67/><G115/><T135/><D135/><U93/><E93/><N who="2" m="58703" /><F51/><W70/><G133/><T89/><D89/><U17/><E17/><V68/><F108/><W110/><G110/><T2/><D2/><U27/><E27/><AGARI ba="3,2" hai="19,23,27,47,50,54,62,63" m="4107,38985" machi="27" ten="30,1000,0" yaku="8,1" doraHai="84" who="0" fromWho="1" sc="179,39,478,-19,202,0,121,0" /><INIT seed="3,0,0,5,2,56" ten="218,459,202,121" oya="3" hai0="63,15,36,70,111,113,53,77,32,27,1,55,21" hai1="42,112,48,119,47,28,8,76,124,24,115,67,26" hai2="88,73,134,11,60,106,74,81,16,85,14,121,96" hai3="5,135,128,64,2,65,30,130,9,122,61,22,19"/><W35/><G122/><T91/><D1/><U117/><E124/><V98/><F121/><W71/><G135/><T52/><D36/><U7/><E76/><V92/><F134/><W68/><G30/><T49/><D111/><U78/><E78/><V40/><F40/><W12/><G35/><T20/><D113/><U101/><E101/><V0/><F0/><W83/><G83/><T4/><D77/><U102/><E102/><V72/><F106/><W34/><G34/><T127/><D127/><U69/><E67/><V58/><REACH who="2" step="1"/><F81/><REACH who="2" ten="218,459,192,121" step="2"/><W125/><REACH who="3" step="1"/><G125/><REACH who="3" ten="218,459,192,111" step="2"/><T110/><D110/><U133/><E133/><V118/><F118/><W18/><G18/><T80/><D80/><U90/><E117/><V10/><F10/><W3/><G3/><T120/><D120/><U129/><E119/><V41/><F41/><W89/><G89/><T97/><D91/><U131/><E90/><V17/><F17/><W108/><G108/><T103/><D103/><U43/><E43/><V95/><F95/><W84/><G84/><T86/><D86/><U50/><E42/><V39/><F39/><W107/><G107/><T93/><D93/><U38/><E38/><V79/><F79/><W37/><G37/><T82/><D82/><U105/><E105/><V123/><F123/><W94/><G94/><T13/><D97/><U104/><E104/><V109/><F109/><W100/><G100/><T62/><D4/><U25/><E7/><V132/><F132/><W33/><G33/><T44/><D32/><U46/><E8/><V114/><F114/><W66/><G66/><AGARI ba="0,2" hai="11,14,16,58,60,66,72,73,74,85,88,92,96,98" machi="66" ten="40,8000,1" yaku="1,1,52,1,54,2,53,0" doraHai="56" doraHaiUra="126" who="2" fromWho="3" sc="218,0,459,0,192,100,111,-80" /><INIT seed="4,0,0,3,0,44" ten="218,459,292,31" oya="0" hai0="26,48,65,135,92,79,0,70,77,23,58,126,83" hai1="91,99,12,18,9,63,30,42,16,100,85,24,6" hai2="1,7,15,45,78,116,54,40,121,114,5,130,113" hai3="84,35,106,75,86,117,93,74,76,31,119,34,61"/><T96/><D0/><U59/><E42/><V51/><F121/><W17/><G17/><T4/><D4/><U110/><E110/><V37/><F1/><W66/><G93/><T27/><D126/><U122/><E122/><V28/><F28/><W90/><G31/><T73/><D135/><U104/><E91/><V131/><F78/><W60/><G90/><T32/><D79/><U69/><E85/><V3/><F3/><W67/><REACH who="3" step="1"/><G76/><REACH who="3" ten="218,459,292,21" step="2"/><T97/><D77/><U11/><E11/><N who="2" m="4591" /><F7/><W80/><G80/><T111/><D83/><U72/><E72/><V68/><F116/><W47/><G47/><T39/><D92/><U101/><E101/><V64/><F113/><W14/><G14/><T53/><D73/><U87/><E87/><V95/><F95/><W13/><G13/><T89/><D89/><U82/><E82/><V62/><F114/><W36/><G36/><T50/><D39/><U112/><E112/><V120/><F120/><W128/><G128/><N who="2" m="49193" /><F37/><W56/><G56/><T49/><D58/><U129/><E129/><V43/><AGARI ba="0,1" hai="40,43,45,51,54,62,64,68" m="49193,4591" machi="43" ten="30,2000,0" yaku="19,1,52,1" doraHai="44" who="2" fromWho="2" sc="218,-10,459,-5,292,30,21,-5" /><INIT seed="5,0,0,3,2,88" ten="208,454,322,16" oya="1" hai0="83,86,101,103,41,110,33,123,121,28,78,30,65" hai1="98,74,56,21,111,60,131,45,128,64,12,113,115" hai2="15,127,95,81,100,24,42,135,67,13,0,116,105" hai3="11,129,94,114,25,93,3,26,10,91,36,73,17"/><U70/><E74/><V85/><F116/><W134/><G73/><T39/><D110/><U82/><E82/><V50/><F0/><W96/><G36/><T125/><D125/><U90/><E111/><V109/><F109/><W106/><G106/><T79/><D65/><U55/><E12/><V6/><F105/><W49/><G114/><N who="1" m="43530" /><E21/><V1/><F67/><W124/><G129/><N who="1" m="49738" /><E90/><V5/><F1/><W43/><G124/><T57/><D83/><U35/><E98/><V18/><F24/><N who="3" m="9323" /><G134/><T112/><D112/><U4/><E4/><V20/><F135/><W99/><G3/><T2/><D2/><U76/><E76/><V62/><F127/><W132/><G132/><T97/><D97/><U54/><E35/><V51/><F5/><W72/><G17/><T47/><D33/><U84/><E84/><V68/><F85/><W29/><G29/><T19/><D86/><U32/><E32/><V31/><F18/><W53/><G43/><T16/><D41/><U87/><E87/><V44/><F42/><W69/><G69/><T119/><D28/><U61/><E54/><V108/><F31/><W48/><G72/><T38/><D30/><U122/><E122/><V80/><F108/><W92/><G92/><T66/><D121/><U71/><E71/><V126/><F68/><W118/><G118/><T117/><D123/><U120/><E120/><V34/><F126/><W77/><G77/><T107/><D78/><U102/><E102/><V8/><F34/><W59/><G49/><T37/><D37/><U58/><E70/><V23/><F6/><W133/><G133/><RYUUKYOKU ba="0,0" sc="208,-15,454,15,322,-15,16,15" hai1="45,55,56,58,60,61,64" hai3="10,11,48,53,59,91,93,94,96,99" /><INIT seed="5,1,0,2,0,98" ten="193,469,307,31" oya="1" hai0="23,50,117,13,92,5,116,73,27,105,104,45,46" hai1="66,88,22,131,25,6,8,2,64,84,71,114,33" hai2="134,21,62,121,48,54,97,63,30,7,112,82,37" hai3="60,47,91,126,123,26,57,11,75,113,106,81,95"/><U69/><E33/><V108/><F37/><W0/><G123/><T77/><D73/><U130/><E114/><V49/><F108/><W128/><G113/><T19/><D77/><U111/><E111/><V52/><F112/><W36/><G106/><T135/><D135/><U70/><E64/><V96/><F7/><W18/><G128/><N who="1" m="49194" /><E66/><V124/><F124/><W34/><G126/><T35/><D46/><U9/><E9/><V99/><F82/><W38/><G81/><T61/><D61/><U4/><E4/><V3/><F3/><W24/><G75/><T119/><D92/><N who="1" m="54279" /><E71/><V10/><F10/><W86/><G0/><T133/><D133/><U53/><E53/><V90/><F134/><W58/><G34/><T79/><D5/><U76/><E76/><V41/><F41/><W31/><G11/><T87/><D79/><U115/><E115/><V12/><F54/><W122/><G122/><T127/><D127/><U110/><E110/><V118/><F49/><W40/><G36/><T74/><D50/><U102/><E102/><V14/><F121/><W125/><G125/><T65/><D65/><U109/><E109/><V72/><F62/><W80/><G60/><T44/><D74/><U29/><AGARI ba="1,0" hai="2,6,8,22,25,29,69,70" m="54279,49194" machi="29" ten="30,3000,0" yaku="19,1,54,1" doraHai="98" who="1" fromWho="1" sc="193,-11,469,33,307,-11,31,-11" /><INIT seed="5,2,0,1,3,62" ten="182,502,296,20" oya="1" hai0="104,15,98,131,52,40,116,37,65,42,70,115,130" hai1="77,31,28,69,17,127,47,88,14,113,44,7,100" hai2="132,106,36,102,22,99,133,92,50,93,29,38,4" hai3="43,32,125,80,57,21,59,3,124,119,79,72,103"/><U53/><E113/><V18/><F29/><W26/><G32/><T30/><D116/><U58/><E69/><V35/><F35/><W46/><G3/><T85/><D115/><U64/><E127/><N who="3" m="48714" /><G103/><N who="0" m="62583" /><D85/><U111/><E111/><V101/><F4/><W128/><G128/><T60/><D15/><U108/><E108/><V45/><F101/><W110/><G119/><T55/><D30/><U71/><E77/><V75/><F75/><W68/><G68/><T11/><D11/><U56/><E71/><V49/><F49/><N who="3" m="26847" /><G110/><T84/><D84/><U48/><E100/><V122/><F122/><W86/><G86/><T6/><D6/><U81/><E7/><V24/><F36/><W63/><G63/><T66/><D42/><U61/><E31/><AGARI ba="2,0" hai="21,26,31,57,59,72,79,80" m="26847,48714" machi="31" ten="30,1000,0" yaku="18,1" doraHai="62" who="3" fromWho="1" sc="182,0,502,-16,296,0,20,16" /><INIT seed="6,0,0,1,0,97" ten="182,486,296,36" oya="2" hai0="130,92,81,16,120,74,54,31,108,14,67,87,1" hai1="3,62,56,46,18,132,124,22,8,125,79,112,15" hai2="83,39,41,61,82,30,29,113,94,91,103,60,84" hai3="9,44,99,71,23,101,6,4,20,12,131,69,65"/><V47/><F113/><W109/><G109/><T118/><D1/><U33/><E112/><V68/><F68/><W95/><G131/><T37/><D37/><U119/><E119/><V116/><F116/><W55/><G4/><T96/><D74/><U52/><E33/><V135/><F135/><W13/><G65/><T117/><D108/><U133/><E79/><V43/><F43/><W10/><G69/><T53/><D120/><U127/><E46/><V72/><F83/><W114/><G71/><T129/><D31/><U134/><E3/><V70/><F70/><W75/><G75/><T89/><D67/><U122/><E122/><V85/><F85/><W107/><G107/><T64/><D64/><U49/><E8/><V26/><F26/><W40/><G55/><T90/><D117/><U57/><E57/><V0/><F0/><W104/><G104/><T93/><D118/><U11/><E11/><V86/><F86/><W123/><G123/><T24/><D24/><U58/><E58/><V76/><F29/><W105/><G105/><T2/><D2/><U100/><E100/><V51/><F30/><W98/><G98/><N who="0" m="57623" /><D129/><U42/><E42/><V78/><F39/><W36/><REACH who="3" step="1"/><G114/><REACH who="3" ten="182,486,296,26" step="2"/><T45/><D130/><U48/><AGARI ba="0,1" hai="15,18,22,48,49,52,56,62,124,125,127,132,133,134" machi="48" ten="40,8000,1" yaku="0,1,18,1,20,1,54,1" doraHai="97" who="1" fromWho="1" sc="182,-20,486,90,296,-40,26,-20" /><INIT seed="7,0,0,4,5,68" ten="162,576,256,6" oya="3" hai0="4,126,10,30,89,29,95,111,93,119,75,110,47" hai1="103,0,86,71,77,92,50,102,67,88,52,15,132" hai2="3,78,44,34,58,19,7,90,2,57,85,101,113" hai3="106,9,53,124,28,18,23,61,36,127,91,73,94"/><W5/><G106/><T51/><D126/><N who="3" m="48169" /><G73/><T48/><D75/><U14/><E0/><V115/><F34/><W129/><G129/><T70/><D70/><U87/><E132/><V24/><F101/><N who="1" m="38409" /><E67/><V123/><F78/><W112/><G112/><N who="2" m="43081" /><F44/><W96/><G28/><T79/><D79/><U109/><E109/><V26/><F123/><W54/><G61/><T49/><D119/><U81/><E71/><V130/><F130/><W131/><G131/><T121/><D47/><AGARI ba="0,0" hai="14,15,47,50,52,77,81,86,87,88,92" m="38409" machi="47" ten="30,3900,0" yaku="8,1,54,2" doraHai="68" who="1" fromWho="0" sc="162,-39,576,39,256,0,6,0" owari="123,-27.7,615,71.5,256,5.6,6,-49.4" /></mjloggm>