<mjloggm ver="2.3"><GO type="169" lobby="0"/><UN n0="%E3%81%82%E3%81%84%E3%81%BF%E3%81%A6%E3%81%AE" n1="%E5%A7%AB%E7%95%99" n2="%58%E7%8C%AB" n3="%E8%87%AA%E6%91%B8%E3%81%AE%E3%81%BF" dan="16,16,16,16" rate="2065.16,2160.31,2068.24,2097.68" sx="M,M,M,M"/><TAIKYOKU oya="0"/><INIT seed="0,0,0,3,5,73" ten="250,250,250,250" oya="0" hai0="69,50,55,115,130,118,132,33,6,100,78,97,21" hai1="126,134,75,49,80,3,117,104,28,35,108,106,51" hai2="38,109,13,63,36,39,2,86,44,57,95,5,4" hai3="105,76,54,43,11,87,107,10,19,42,17,89,53"/><T122/><D33/><U52/><E117/><V9/><F109/><W56/><G89/><T16/><D115/><U58/><E3/><V85/><F44/><W110/><G87/><T101/><D122/><U1/><E1/><V40/><F40/><W90/><G90/><T74/><D118/><U15/><E108/><V79/><F95/><W20/><G20/><T81/><D69/><U32/><E126/><V67/><F79/><W125/><G110/><T34/><D34/><U37/><E37/><V128/><F128/><W62/><G62/><T92/><D6/><U83/><E134/><V41/><F41/><W103/><G56/><T96/><D132/><U18/><E51/><V23/><F23/><W60/><G60/><T22/><D130/><U99/><E80/><V59/><F59/><W47/><G47/><T129/><D129/><U31/><E32/><V119/><F119/><W7/><G7/><T46/><REACH who="0" step="1"/><D16/><REACH who="0" ten="240,250,250,250" step="2"/><U29/><E35/><V82/><F5/><W68/><G68/><T77/><D77/><U120/><E120/><V84/><F2/><W131/><G131/><T133/><D133/><U61/><E18/><V112/><F112/><W48/><G76/><T91/><D91/><U71/><E71/><V88/><AGARI ba="0,1" hai="4,9,13,36,38,39,57,63,67,82,84,85,86,88" machi="88" ten="30,2000,0" yaku="0,1,54,1" doraHai="73" who="2" fromWho="2" sc="240,-10,250,-5,250,30,250,-5" /><INIT seed="1,0,0,5,3,31" ten="230,245,280,245" oya="1" hai0="71,133,60,79,18,99,118,123,111,72,120,33,44" hai1="29,12,75,134,4,130,80,41,88,86,40,27,63" hai2="119,69,59,94,24,114,104,0,10,16,93,125,23" hai3="26,17,67,116,64,39,96,122,70,51,61,101,25"/><U73/><E130/><V109/><F119/><W50/><G122/><T129/><D18/><U45/><E134/><V15/><F69/><W20/><G39/><T47/><D47/><U13/><E41/><V38/><F104/><W19/><G67/><T78/><D78/><U89/><E63/><V84/><F38/><W126/><G126/><T103/><D44/><U36/><E89/><V76/><F125/><W106/><G116/><T34/><D118/><U124/><E124/><V43/><F43/><W57/><G57/><T66/><D111/><U110/><E110/><V53/><F114/><W30/><REACH who="3" step="1"/><G17/><REACH who="3" ten="230,245,280,235" step="2"/><T117/><D117/><U62/><E62/><V83/><F109/><W46/><G46/><T49/><D133/><U48/><E36/><V68/><F68/><W74/><G74/><T65/><D66/><U105/><E75/><V107/><F59/><W22/><AGARI ba="0,1" hai="19,20,22,25,26,30,50,51,61,64,70,96,101,106" machi="22" ten="20,2700,0" yaku="1,1,0,1,7,1,53,0" doraHai="31" doraHaiUra="28" who="3" fromWho="3" sc="230,-7,245,-13,280,-7,235,37" /><INIT seed="2,0,0,0,0,115" ten="223,232,273,272" oya="2" hai0="39,61,91,8,59,116,81,60,69,41,11,14,106" hai1="118,74,10,126,93,66,36,65,40,104,29,96,132" hai2="5,123,103,108,19,73,47,68,128,51,43,80,0" hai3="92,94,23,105,119,99,127,1,31,117,21,97,77"/><V131/><F123/><W62/><G1/><T109/><D106/><U79/><E118/><V100/><F68/><W46/><G77/><T124/><D109/><U113/><E113/><V2/><F19/><W24/><G127/><T53/><D124/><U101/><E126/><V18/><F18/><W32/><G105/><T67/><D39/><U83/><E132/><V7/><F108/><W121/><G121/><T70/><D41/><U89/><E29/><V49/><F80/><W17/><G46/><T20/><D69/><U63/><E10/><V35/><F35/><W64/><G94/><T12/><D20/><U42/><E36/><V33/><F33/><W34/><G34/><T122/><D122/><U38/><E38/><V78/><F78/><W85/><G85/><T22/><D22/><U6/><E6/><V13/><F13/><W72/><G72/><T71/><D71/><U95/><E95/><V135/><F135/><W54/><G54/><T125/><D125/><U48/><E48/><V26/><F26/><N who="3" m="14639" /><G99/><T112/><D112/><U87/><REACH who="1" step="1"/><E66/><REACH who="1" ten="223,222,273,272" step="2"/><V82/><F82/><W28/><G28/><T90/><D116/><U52/><E52/><V133/><F133/><W56/><G32/><T25/><D81/><U98/><E98/><V84/><F43/><W27/><G27/><T3/><D25/><U9/><E9/><N who="0" m="3657" /><D3/><U102/><E102/><AGARI ba="0,1" hai="23,24,31,56,62,64,92,97,102,117,119" m="14639" machi="102" ten="30,3900,0" yaku="25,1,52,2" doraHai="115" who="3" fromWho="1" sc="223,0,222,-39,273,0,272,49" /><INIT seed="3,0,0,4,1,5" ten="223,183,273,321" oya="3" hai0="16,32,92,15,56,119,124,107,79,121,24,19,72" hai1="36,135,95,7,84,115,33,29,62,65,71,1,51" hai2="58,90,13,27,26,28,80,52,6,118,125,4,74" hai3="39,91,88,50,76,34,81,112,69,73,45,103,38"/><W114/><G34/><T83/><D119/><U42/><E115/><V109/><F118/><W48/><G69/><T70/><D121/><U105/><E105/><V108/><F125/><W2/><G2/><T122/><D107/><U12/><E135/><V106/><F106/><W46/><G103/><T67/><D124/><U85/><E1/><V127/><F127/><W93/><G93/><T3/><D3/><U130/><E130/><V116/><F116/><W98/><G98/><T94/><D70/><U61/><E61/><V111/><F74/><W54/><G114/><T75/><D75/><U104/><E104/><V128/><F128/><W100/><G100/><T10/><D122/><U77/><E77/><V86/><F13/><W126/><G126/><T21/><REACH who="0" step="1"/><D32/><REACH who="0" ten="213,183,273,321" step="2"/><U11/><E33/><N who="2" m="20631" /><F27/><W60/><G112/><T30/><D30/><U57/><E29/><V9/><F9/><W129/><G129/><T117/><D117/><U25/><E25/><V14/><F14/><W43/><REACH who="3" step="1"/><G60/><AGARI ba="0,1" hai="10,15,16,19,21,24,56,60,67,72,79,83,92,94" machi="60" ten="40,5200,0" yaku="1,1,52,1,54,1,53,0" doraHai="5" doraHaiUra="64" who="0" fromWho="3" sc="213,62,183,0,273,0,321,-52" /><AGARI ba="0,0" hai="4,6,52,58,60,80,86,90,108,109,111" m="20631" machi="60" ten="30,2000,0" yaku="14,1,54,1" doraHai="5" who="2" fromWho="3" sc="275,0,183,0,273,20,269,-20" /><INIT seed="4,0,0,2,1,43" ten="275,183,293,249" oya="0" hai0="83,95,21,10,37,130,73,1,42,52,88,57,46" hai1="23,0,25,33,7,97,117,15,56,66,49,14,105" hai2="91,29,69,93,64,111,61,45,128,87,28,90,75" hai3="30,32,50,122,134,53,81,107,109,47,70,116,38"/><T27/><D130/><U131/><E117/><V71/><F111/><W126/><G81/><T16/><D1/><U5/><E33/><V31/><F128/><W124/><G30/><T4/><D83/><U123/><E123/><V119/><F119/><W62/><G62/><T68/><D68/><U18/><E131/><V17/><F75/><W110/><G32/><T82/><D82/><U65/><E105/><V51/><F91/><W115/><G107/><T129/><D73/><U102/><E0/><V118/><F118/><W22/><G116/><T63/><D129/><U108/><E108/><N who="3" m="41578" /><G22/><T13/><D4/><N who="1" m="1611" /><E97/><V78/><F78/><W104/><G104/><T86/><REACH who="0" step="1"/><D27/><REACH who="0" ten="265,183,293,249" step="2"/><U127/><E25/><V6/><F6/><W101/><G70/><T44/><D44/><U85/><E15/><V9/><F71/><W74/><G74/><T26/><D26/><U103/><E14/><V20/><F9/><AGARI ba="0,1" hai="9,10,13,16,21,37,42,46,52,57,63,86,88,95" machi="9" ten="40,18000,2" yaku="1,1,52,1,54,3,53,1" doraHai="43" doraHaiUra="40" who="0" fromWho="2" sc="265,190,183,0,293,-180,249,0" /><INIT seed="4,1,0,3,0,91" ten="455,183,113,249" oya="0" hai0="117,0,38,66,16,68,58,79,10,46,62,129,133" hai1="116,96,37,24,125,74,17,42,36,80,41,7,26" hai2="1,102,2,67,21,60,83,40,12,39,30,56,103" hai3="44,70,47,34,35,14,25,72,9,53,75,127,105"/><T111/><D117/><U128/><E116/><V13/><F83/><W50/><G105/><T92/><D129/><U77/><E7/><V57/><F40/><W109/><G109/><T63/><D133/><U122/><E122/><V27/><F39/><W84/><G70/><T76/><D111/><U6/><E128/><V95/><F103/><W124/><G84/><T114/><D114/><U33/><E125/><N who="3" m="48202" /><G47/><T48/><D38/><U87/><E6/><V85/><F85/><W51/><G51/><T120/><D0/><U135/><E135/><V131/><F131/><W32/><G25/><T4/><D4/><AGARI ba="1,0" hai="4,9,14,32,34,35,44,50,53,72,75" m="48202" machi="4" ten="40,1300,0" yaku="18,1" doraHai="91" who="3" fromWho="0" sc="455,-16,183,0,113,0,249,16" /><INIT seed="5,0,0,1,2,58" ten="439,183,113,265" oya="1" hai0="69,75,112,18,51,15,87,13,53,83,4,91,132" hai1="106,26,20,28,111,82,57,36,93,8,1,44,43" hai2="2,119,31,90,46,77,81,62,40,110,95,89,127" hai3="14,63,103,67,32,29,124,126,34,47,94,85,35"/><U52/><E106/><V54/><F110/><W133/><G133/><T135/><D112/><U108/><E93/><V71/><F119/><W24/><G47/><T121/><D69/><U98/><E98/><V3/><F127/><N who="3" m="48683" /><G14/><T97/><D75/><U84/><E8/><V99/><F31/><W16/><G16/><T23/><D97/><U79/><REACH who="1" step="1"/><E1/><REACH who="1" ten="439,173,113,265" step="2"/><V105/><F105/><W27/><G103/><T33/><D132/><U101/><E101/><V64/><F54/><W76/><G94/><T122/><D135/><U134/><E134/><V116/><F116/><W48/><G85/><T113/><D87/><U41/><E41/><V88/><F2/><W10/><G10/><T115/><D115/><U38/><E38/><V17/><F3/><W60/><G76/><T128/><D113/><U86/><E86/><V49/><REACH who="2" step="1"/><F17/><REACH who="2" ten="439,173,103,265" step="2"/><W130/><G29/><T12/><D18/><U55/><E55/><V9/><F9/><W5/><G5/><T118/><D53/><U6/><E6/><V96/><F96/><W80/><G67/><T42/><D4/><U73/><E73/><AGARI ba="0,2" hai="40,46,49,62,64,71,73,77,81,88,89,90,95,99" machi="73" ten="30,7700,0" yaku="1,1,7,1,52,1,54,1,53,0" doraHai="58" doraHaiUra="0" who="2" fromWho="1" sc="439,0,173,-77,103,97,265,0" /><INIT seed="6,0,0,5,4,68" ten="439,96,200,265" oya="2" hai0="129,5,85,135,36,114,2,72,74,118,38,48,104" hai1="80,113,43,124,83,82,88,71,65,37,4,61,32" hai2="22,97,23,81,92,76,55,64,9,110,56,52,77" hai3="107,59,66,125,19,6,34,14,89,13,16,58,123"/><V105/><F105/><W111/><G111/><T35/><D48/><U21/><E113/><V26/><F110/><W106/><G34/><T99/><D85/><U3/><E32/><V122/><F122/><W84/><G6/><T101/><D114/><U7/><E124/><V17/><F9/><W117/><G117/><T127/><D127/><U103/><E103/><V133/><F133/><W51/><G125/><T57/><D57/><U46/><E21/><V54/><F23/><W78/><G78/><T126/><D126/><U18/><E18/><V115/><F115/><W24/><G24/><T60/><D60/><U11/><REACH who="1" step="1"/><E7/><REACH who="1" ten="439,86,200,265" step="2"/><V10/><F10/><W31/><G19/><T44/><D35/><U132/><E132/><V8/><F8/><W94/><G31/><T30/><D30/><U69/><E69/><V75/><F75/><W100/><G16/><T28/><D28/><U50/><E50/><V39/><F17/><W119/><G119/><T130/><D135/><U116/><E116/><V53/><F22/><W128/><G100/><T29/><D29/><U41/><E41/><V0/><F26/><W73/><G73/><T47/><D118/><U62/><E62/><V121/><F56/><W40/><G59/><T109/><D74/><U91/><AGARI ba="0,1" hai="3,4,11,37,43,46,61,65,71,80,82,83,88,91" machi="91" ten="30,12000,2" yaku="1,1,0,1,52,1,54,1,53,3" doraHai="68" doraHaiUra="79" who="1" fromWho="1" sc="439,-30,86,130,200,-60,265,-30" /><INIT seed="7,0,0,1,1,32" ten="409,216,140,235" oya="3" hai0="118,112,20,38,42,33,98,19,71,133,56,54,108" hai1="22,13,115,79,70,6,12,120,9,29,68,107,65" hai2="83,46,74,121,126,31,58,88,45,49,129,73,7" hai3="127,17,37,8,11,21,14,109,50,92,100,2,41"/><W101/><G37/><T125/><D108/><U105/><E120/><V72/><F121/><W18/><G127/><T75/><D33/><U90/><E79/><V104/><F104/><W60/><G109/><T85/><D75/><U4/><E115/><V23/><F126/><W39/><G39/><T122/><D71/><U62/><E70/><V26/><F129/><W86/><G60/><T44/><D118/><U128/><E128/><V15/><F58/><W94/><G11/><T119/><D133/><U123/><E123/><V76/><F46/><N who="3" m="25935" /><G2/><T89/><D112/><U35/><E35/><V1/><F15/><N who="3" m="7399" /><G94/><T132/><D132/><U69/><E68/><V81/><F49/><W102/><G92/><T110/><D125/><U130/><E130/><V34/><F45/><W95/><G95/><T97/><D119/><U53/><E4/><V124/><F34/><W106/><G106/><T131/><D110/><U5/><E5/><V77/><F124/><W48/><G48/><T91/><D122/><U27/><E13/><V103/><F103/><W16/><G18/><T113/><D113/><U96/><E107/><V67/><F67/><W55/><G55/><T0/><D0/><U51/><E53/><V47/><F47/><W25/><G86/><T116/><D116/><U28/><E51/><V10/><F72/><W80/><G80/><T30/><D38/><U63/><E63/><V52/><F52/><W57/><G57/><T40/><D131/><U114/><E114/><V135/><F135/><W66/><G66/><T64/><D64/><U3/><E105/><V87/><F73/><RYUUKYOKU ba="0,0" sc="409,-15,216,-15,140,15,235,15" hai2="1,7,10,23,26,31,74,76,77,81,83,87,88" hai3="14,16,21,25,100,101,102" /><INIT seed="7,1,0,3,0,96" ten="394,201,155,250" oya="3" hai0="83,66,43,95,36,38,22,87,108,18,29,59,114" hai1="52,11,55,93,5,14,7,86,94,130,32,122,68" hai2="47,67,33,77,1,125,15,79,35,24,56,69,132" hai3="116,27,40,60,135,41,75,115,102,23,45,58,74"/><W92/><G116/><T12/><D108/><U105/><E105/><V17/><F1/><W85/><G135/><T70/><D70/><U3/><E68/><V44/><F69/><W98/><G115/><T103/><D43/><U106/><E106/><V97/><F132/><W63/><G85/><T25/><D114/><U13/><E32/><V4/><F125/><W111/><G111/><T71/><D71/><U72/><E72/><V57/><F4/><W21/><G21/><T117/><D117/><U49/><E122/><V39/><F39/><W64/><G63/><N who="0" m="38271" /><D18/><U121/><E121/><V126/><F126/><W118/><G118/><T10/><D12/><U88/><E130/><V84/><F24/><W99/><G99/><N who="0" m="59903" /><D10/><N who="1" m="4303" /><E3/><V16/><F15/><W91/><G91/><AGARI ba="1,0" hai="22,25,29,36,38,83,87,91" m="59903,38271" machi="91" ten="30,2000,0" yaku="25,1,52,1" doraHai="96" who="0" fromWho="3" sc="394,23,201,0,155,0,250,-23" owari="417,51.7,201,-19.9,155,-34.5,227,2.7" /></mjloggm>