<mjloggm ver="2.3"><GO type="169" lobby="0"/><UN n0="%E2%97%8E%E3%82%88%E3%81%97%E2%97%8E" n1="%E7%B4%94%E5%85%A8%E5%B8%AF%E4%B8%89%E8%89%B2" n2="%E6%B7%B3%E5%AD%90%E3%81%A7%E3%81%99" n3="%E5%B2%A9%E4%B8%8A%E9%80%9A%E3%82%8A" dan="17,16,17,16" rate="2196.31,2097.85,2175.77,2121.90" sx="M,M,M,M"/><TAIKYOKU oya="0"/><INIT seed="0,0,0,3,4,4" ten="250,250,250,250" oya="0" hai0="60,76,98,115,135,5,133,44,94,57,66,36,79" hai1="124,32,40,92,83,29,131,33,9,31,90,65,118" hai2="22,52,12,41,78,56,27,3,15,43,91,74,84" hai3="89,110,96,2,73,39,109,37,128,28,71,23,104"/><T61/><D115/><U0/><E118/><V121/><F3/><W35/><G23/><T95/><D95/><U63/><E124/><V114/><F114/><W25/><G89/><T6/><D60/><U99/><E131/><V64/><F64/><W45/><G128/><T132/><D36/><U53/><E40/><V82/><F121/><W75/><G2/><T7/><REACH who="0" step="1"/><D44/><REACH who="0" ten="240,250,250,250" step="2"/><U55/><E63/><V14/><F74/><W125/><G39/><T48/><D48/><U80/><E92/><V17/><REACH who="2" step="1"/><F78/><REACH who="2" ten="240,250,240,250" step="2"/><W16/><G75/><T127/><D127/><U8/><E0/><V11/><F11/><W49/><G73/><T72/><D72/><U100/><E8/><V77/><F77/><W126/><G125/><T93/><D93/><U88/><E9/><V106/><F106/><W129/><G126/><T30/><D30/><U51/><E29/><V69/><F69/><W24/><G71/><T1/><D1/><U86/><E31/><V102/><F102/><AGARI ba="0,2" hai="5,6,7,57,61,66,76,79,94,98,102,132,133,135" machi="102" ten="50,4800,0" yaku="1,1,20,1,53,0" doraHai="4" doraHaiUra="10" who="0" fromWho="2" sc="240,68,250,0,240,-48,250,0" /><INIT seed="0,1,0,2,0,126" ten="308,250,192,250" oya="0" hai0="116,85,63,25,102,103,13,131,127,7,38,2,19" hai1="27,48,43,66,67,11,73,124,76,3,92,74,72" hai2="84,78,71,106,114,87,107,80,47,17,21,37,26" hai3="52,69,30,105,96,5,99,50,15,42,70,97,132"/><T122/><D116/><U104/><E104/><V28/><F71/><W81/><G132/><T23/><D122/><U24/><E124/><V65/><F114/><W32/><G105/><T119/><D38/><U20/><E76/><V54/><F65/><W88/><G32/><T129/><D119/><U123/><E123/><V41/><F54/><W6/><G30/><T110/><D127/><U79/><E79/><V57/><F57/><W64/><G70/><T22/><D7/><U89/><E27/><V40/><F40/><W44/><G42/><T100/><D2/><U94/><E94/><V46/><F46/><W101/><G101/><T118/><D118/><U33/><E33/><V109/><F109/><W0/><G0/><T93/><D110/><U35/><E35/><V113/><F113/><W130/><G130/><N who="0" m="49675" /><D63/><U112/><E112/><V68/><F68/><W12/><G64/><T82/><D93/><U128/><E128/><V91/><REACH who="2" step="1"/><F28/><REACH who="2" ten="308,250,182,250" step="2"/><W55/><G69/><T18/><D103/><U125/><E125/><V135/><F135/><W14/><G55/><T120/><D120/><U16/><E43/><V75/><F75/><W45/><G44/><T134/><D134/><U59/><E72/><V111/><F111/><W95/><G81/><AGARI ba="1,1" hai="17,21,26,37,41,47,78,80,81,84,87,91,106,107" machi="81" ten="30,2000,0" yaku="1,1,7,1,53,0" doraHai="126" doraHaiUra="61" who="2" fromWho="3" sc="308,0,250,0,182,33,250,-23" /><INIT seed="1,0,0,0,3,102" ten="308,250,215,227" oya="1" hai0="24,60,13,115,89,41,42,28,98,67,86,33,53" hai1="91,109,10,8,62,19,119,40,81,72,12,61,22" hai2="113,134,59,106,125,20,29,84,129,3,108,133,114" hai3="75,64,92,122,95,123,31,135,43,14,87,15,54"/><U34/><E119/><V26/><F3/><W69/><G75/><T32/><D115/><N who="2" m="44042" /><F108/><W103/><G43/><T126/><D32/><U120/><E120/><V56/><F125/><W0/><G0/><T17/><D98/><U1/><E34/><V11/><F129/><W35/><G54/><T57/><D67/><U88/><E109/><V131/><F131/><W25/><G87/><T101/><D101/><U128/><E128/><V79/><F11/><W83/><G83/><T100/><D100/><U27/><E40/><V80/><F106/><W38/><G38/><T112/><D126/><U9/><E1/><V5/><F5/><W36/><G36/><T99/><D99/><U66/><E12/><V39/><F39/><W4/><G103/><T30/><D30/><U63/><REACH who="1" step="1"/><E66/><REACH who="1" ten="308,240,215,227" step="2"/><V44/><F133/><W107/><G135/><T132/><D132/><U23/><E23/><V73/><F134/><W49/><G64/><T104/><D112/><U71/><E71/><V96/><F20/><W18/><G69/><T21/><D104/><U116/><E116/><V111/><F111/><W105/><G35/><T58/><D41/><U93/><E93/><V55/><F26/><W117/><G25/><T45/><D42/><U6/><E6/><V127/><F127/><W68/><G117/><T130/><D130/><U85/><E85/><V74/><F84/><W90/><G4/><T51/><D86/><U2/><E2/><V65/><F65/><W37/><G68/><T76/><D33/><U50/><E50/><V7/><F7/><W118/><G107/><T78/><D51/><RYUUKYOKU ba="0,1" sc="308,-10,240,30,215,-10,227,-10" hai1="8,9,10,19,22,27,61,62,63,72,81,88,91" /><INIT seed="1,1,1,1,0,127" ten="298,270,205,217" oya="1" hai0="101,65,73,1,18,132,104,9,106,28,75,16,87" hai1="20,114,59,60,31,39,0,86,81,33,121,133,84" hai2="111,52,32,2,11,126,85,54,35,115,43,68,15" hai3="48,55,122,3,45,67,53,83,76,113,103,62,63"/><U119/><E114/><V66/><F111/><W30/><G3/><T91/><D132/><U71/><E119/><V109/><F2/><W12/><G122/><T79/><D28/><U8/><E121/><V14/><F43/><W107/><G113/><T40/><D65/><U90/><E39/><V128/><F109/><W29/><G103/><T5/><D40/><U24/><E71/><V26/><F85/><W94/><G107/><T10/><D79/><U50/><E133/><V88/><F26/><W37/><G94/><T74/><D101/><U69/><E69/><V96/><F66/><W120/><G120/><T92/><REACH who="0" step="1"/><D10/><REACH who="0" ten="288,270,205,217" step="2"/><U58/><E33/><V100/><F11/><W93/><G30/><T117/><D117/><U36/><E36/><V17/><F100/><W77/><G29/><T13/><D13/><U108/><E108/><V46/><F14/><W64/><G76/><T82/><D82/><U42/><E8/><V95/><F15/><W102/><G12/><T25/><D25/><U72/><E0/><V6/><F115/><W125/><G37/><T51/><D51/><U129/><E50/><V110/><F110/><W112/><G112/><T78/><D78/><U80/><E42/><V7/><F7/><W4/><G4/><T135/><D135/><U34/><E34/><V61/><F32/><W134/><G134/><T131/><D131/><U124/><E129/><V47/><F35/><W41/><G67/><T57/><D57/><N who="1" m="21515" /><E60/><V99/><F6/><W70/><G63/><T98/><D98/><U19/><E81/><V23/><F61/><W38/><G62/><RYUUKYOKU ba="1,2" sc="288,30,270,-10,205,-10,217,-10" hai0="1,5,9,16,18,73,74,75,87,91,92,104,106" /><INIT seed="2,2,2,5,1,67" ten="318,260,195,207" oya="2" hai0="6,75,15,54,124,95,118,97,64,68,88,13,39" hai1="117,60,85,41,34,57,121,66,56,42,93,102,31" hai2="45,104,53,94,2,127,51,47,133,38,8,3,69" hai3="7,43,72,129,70,135,89,14,55,17,96,90,108"/><V5/><F104/><W35/><G72/><T52/><D75/><U16/><E117/><V84/><F127/><W125/><G35/><T19/><D39/><U79/><E121/><V132/><F2/><W91/><G125/><T28/><D124/><U33/><E31/><V25/><F25/><W49/><G108/><T18/><D118/><U106/><E106/><V27/><F27/><W130/><G135/><N who="2" m="51785" /><F69/><W107/><G43/><T76/><D76/><U11/><E34/><V86/><F94/><W62/><G7/><T83/><D83/><N who="1" m="47359" /><E33/><V48/><F38/><W32/><G32/><T77/><D77/><U98/><E57/><V59/><F59/><W9/><G107/><T26/><D6/><U61/><E60/><V101/><F101/><W37/><G37/><T71/><D64/><U1/><E1/><V103/><F103/><W22/><G96/><T82/><D82/><U116/><E116/><V65/><F65/><W126/><G126/><T36/><D36/><U81/><E81/><V115/><F115/><W46/><G62/><T0/><D0/><U21/><E11/><V78/><F78/><W113/><G113/><T40/><D28/><U24/><AGARI ba="2,2" hai="16,21,24,41,42,56,61,66,93,98,102" m="47359" machi="24" ten="30,2000,0" yaku="8,1,54,1" doraHai="67" who="1" fromWho="1" sc="318,-7,260,46,195,-12,207,-7" /><INIT seed="3,0,0,2,4,35" ten="311,306,183,200" oya="3" hai0="64,80,62,8,36,67,6,88,0,9,58,95,102" hai1="59,131,78,70,76,115,84,63,57,87,47,27,73" hai2="134,33,55,94,89,21,86,90,96,16,28,22,126" hai3="61,17,24,83,7,117,71,108,49,18,41,43,56"/><W82/><G117/><T53/><D36/><U4/><E115/><V31/><F33/><W32/><G108/><T130/><D130/><U38/><E131/><V74/><F74/><W75/><G71/><T122/><D122/><U46/><E73/><V91/><F134/><W42/><G49/><T85/><D102/><U51/><E70/><V54/><F126/><W107/><G107/><T48/><D9/><U72/><E72/><V119/><F119/><W118/><G118/><T30/><D30/><N who="2" m="11306" /><F22/><W123/><G123/><T25/><D25/><U121/><E27/><N who="2" m="14759" /><F89/><W37/><G37/><T127/><D127/><U135/><E135/><V34/><F34/><W116/><G116/><T10/><D10/><U97/><E4/><V66/><F66/><W132/><G132/><T114/><D114/><U79/><E121/><V26/><F26/><W100/><G100/><T12/><D12/><U44/><E38/><V124/><F124/><W128/><G128/><T45/><REACH who="0" step="1"/><D80/><AGARI ba="0,0" hai="54,55,80,86,90,91,94,96" m="14759,11306" machi="80" ten="30,2000,0" yaku="8,1,54,1" doraHai="35" who="2" fromWho="0" sc="311,-20,306,0,183,20,200,0" /><INIT seed="4,0,0,0,0,17" ten="291,306,203,200" oya="0" hai0="130,112,60,15,5,41,58,126,120,95,1,66,37" hai1="82,123,81,4,89,103,33,46,106,118,56,3,48" hai2="83,63,68,9,67,12,35,64,0,42,51,108,44" hai3="24,115,107,69,129,59,131,6,62,134,65,98,39"/><T128/><D120/><U2/><E118/><V8/><F108/><W124/><G6/><T30/><D1/><U78/><E33/><V50/><F35/><W13/><G13/><T122/><D122/><U135/><E135/><V117/><F117/><W45/><G115/><T80/><D112/><U57/><E123/><V110/><F110/><W86/><G86/><T77/><D95/><U90/><E103/><V34/><F34/><W74/><G74/><T104/><D104/><U36/><E36/><V87/><F64/><W28/><G59/><T25/><D126/><U94/><E94/><V61/><F61/><W54/><G134/><T101/><D101/><U20/><E48/><V52/><F0/><W21/><G124/><T109/><D109/><U19/><E46/><V84/><F84/><W113/><G113/><T76/><D41/><U7/><E19/><V79/><REACH who="2" step="1"/><F12/><REACH who="2" ten="291,306,193,200" step="2"/><W96/><G96/><T11/><D37/><U93/><E3/><V114/><F114/><W111/><G111/><T72/><REACH who="0" step="1"/><D76/><REACH who="0" ten="281,306,193,200" step="2"/><U100/><E78/><V23/><F23/><AGARI ba="0,2" hai="5,11,15,23,25,30,58,60,66,72,77,80,128,130" machi="23" ten="40,7700,0" yaku="1,1,2,1,52,1,53,0" doraHai="17" doraHaiUra="32" who="0" fromWho="2" sc="281,97,306,0,193,-77,200,0" /><INIT seed="4,1,0,0,0,71" ten="378,306,116,200" oya="0" hai0="9,129,39,112,20,45,50,130,88,41,117,121,114" hai1="62,74,101,98,96,6,134,34,48,56,37,99,58" hai2="10,27,69,16,29,80,94,40,120,33,47,14,111" hai3="73,30,32,87,84,118,15,51,123,125,46,19,13"/><T97/><D121/><U49/><E74/><V126/><F111/><W127/><G73/><T8/><D20/><U75/><E75/><V18/><F126/><W12/><G118/><T92/><D50/><U7/><E34/><V2/><F69/><W23/><G123/><T57/><D57/><U110/><E110/><V122/><F2/><W103/><G103/><T17/><D117/><U61/><E101/><V105/><F105/><W76/><G32/><T43/><D43/><U77/><E77/><V60/><F60/><W109/><G30/><T54/><D54/><U0/><E98/><V106/><F106/><W83/><G109/><T91/><D91/><U100/><E100/><V53/><F53/><W128/><G87/><T72/><D72/><U55/><E55/><V89/><F80/><W52/><REACH who="3" step="1"/><G128/><REACH who="3" ten="378,306,116,190" step="2"/><N who="0" m="49259" /><D17/><U1/><REACH who="1" step="1"/><E134/><REACH who="1" ten="378,296,116,190" step="2"/><V115/><F122/><W124/><AGARI ba="1,2" hai="12,13,15,19,23,46,51,52,76,83,84,124,125,127" machi="124" ten="30,7900,0" yaku="1,1,0,1,18,1,54,1,53,0" doraHai="71" doraHaiUra="65" who="3" fromWho="3" sc="378,-40,296,-21,116,-21,190,102" /><INIT seed="5,0,0,5,3,111" ten="338,275,95,292" oya="1" hai0="63,97,58,130,93,64,61,37,79,86,96,22,121" hai1="57,107,59,82,21,41,27,110,50,77,95,84,118" hai2="29,35,45,131,13,113,108,129,91,36,112,0,31" hai3="12,24,133,26,78,53,106,128,38,20,6,70,69"/><U101/><E118/><V89/><F108/><W5/><G106/><T100/><D130/><N who="2" m="49674" /><F0/><W8/><G38/><T75/><D37/><U23/><E110/><V115/><F13/><W85/><G128/><T122/><D75/><U3/><E3/><V51/><F36/><W125/><G53/><N who="0" m="33999" /><D22/><U39/><E39/><V49/><F49/><W11/><G85/><T132/><D132/><U74/><E41/><N who="2" m="25007" /><F35/><W15/><G78/><T92/><D86/><U17/><E50/><V135/><F135/><W46/><G133/><T30/><D30/><AGARI ba="0,0" hai="29,30,31,89,91,112,113,115" m="25007,49674" machi="30" ten="40,12000,2" yaku="15,1,11,1,19,1,52,3" doraHai="111" who="2" fromWho="0" sc="338,-120,275,0,95,120,292,0" /><INIT seed="6,0,0,2,4,109" ten="218,275,215,292" oya="2" hai0="0,112,58,4,90,86,35,128,19,129,111,133,93" hai1="119,29,57,70,46,92,3,68,22,26,64,16,9" hai2="40,98,99,21,14,84,78,130,54,53,69,43,121" hai3="82,122,87,97,107,73,36,123,15,8,89,100,51"/><V31/><F121/><W75/><G36/><T94/><D111/><U110/><E110/><V105/><F69/><W47/><G75/><T117/><D35/><U102/><E119/><V52/><F130/><N who="0" m="50282" /><D117/><U79/><E79/><V49/><F105/><W7/><G73/><T132/><D19/><U77/><E77/><V28/><F14/><W131/><G131/><T42/><D42/><AGARI ba="0,0" hai="7,8,15,42,47,51,82,87,89,97,100,107,122,123" machi="42" ten="30,1000,0" yaku="7,1" doraHai="109" who="3" fromWho="0" sc="218,-10,275,0,215,0,292,10" /><INIT seed="7,0,0,0,2,21" ten="208,275,215,302" oya="3" hai0="113,114,126,95,79,124,80,81,52,37,76,98,99" hai1="30,18,87,101,54,89,49,0,110,108,127,105,121" hai2="109,13,90,100,46,38,84,135,50,8,33,77,36" hai3="44,134,24,17,104,68,116,5,48,4,55,91,60"/><W53/><G104/><T35/><D35/><U115/><E0/><V6/><F109/><W62/><G116/><T41/><D37/><U125/><E30/><V28/><F135/><W96/><G134/><T14/><D41/><U67/><E67/><V97/><F77/><N who="0" m="29770" /><D14/><U27/><E54/><V25/><F84/><W7/><G68/><T72/><D52/><U133/><E49/><V58/><F90/><W3/><G3/><T111/><D111/><N who="1" m="42539" /><E18/><V82/><F82/><N who="0" m="31850" /><D72/><U57/><E57/><V22/><F58/><W73/><G73/><T131/><D131/><U119/><E121/><V42/><F33/><W129/><G129/><T19/><D19/><U132/><E132/><V12/><F12/><W9/><G9/><T16/><D16/><U51/><E51/><V122/><F122/><W43/><G55/><T47/><D47/><U69/><E69/><V107/><AGARI ba="0,0" hai="6,8,13,22,25,28,36,38,42,46,50,97,100,107" machi="107" ten="20,2700,0" yaku="0,1,7,1,52,1" doraHai="21" who="2" fromWho="2" sc="208,-7,275,-7,215,27,302,-13" /><INIT seed="8,0,0,5,1,8" ten="201,268,242,289" oya="0" hai0="111,99,130,40,12,94,108,65,129,51,56,15,10" hai1="41,46,127,43,44,124,11,54,58,77,102,97,88" hai2="114,92,27,14,116,23,73,57,82,101,48,126,6" hai3="135,3,16,71,30,123,115,32,79,113,47,84,63"/><T81/><D81/><U50/><E77/><V86/><F73/><W89/><G3/><T70/><D70/><U120/><E11/><N who="2" m="4471" /><F116/><W36/><G30/><T78/><D78/><U105/><E120/><V80/><F126/><N who="1" m="48169" /><E88/><N who="2" m="51271" /><F114/><W45/><G32/><T42/><D10/><U87/><E87/><V133/><F133/><W107/><G107/><T112/><D112/><U128/><E128/><N who="0" m="49257" /><D65/><U83/><E83/><V134/><F134/><W90/><G79/><T34/><D34/><U62/><E46/><V52/><F82/><W38/><G135/><T122/><D122/><U75/><E75/><V85/><F85/><W110/><G84/><T31/><D31/><U19/><E19/><N who="2" m="12799" /><F101/><W39/><G123/><T4/><D4/><U53/><AGARI ba="0,0" hai="41,43,44,50,53,54,58,62,97,102,105" m="48169" machi="53" ten="30,1100,0" yaku="18,1" doraHai="8" who="1" fromWho="1" sc="201,-5,268,11,242,-3,289,-3" /><INIT seed="9,0,0,4,2,57" ten="196,279,239,286" oya="1" hai0="74,55,91,18,78,118,99,79,31,52,109,90,44" hai1="111,120,34,70,50,76,117,112,62,48,5,0,130" hai2="54,1,113,81,16,83,42,22,4,95,64,46,51" hai3="35,110,29,39,119,108,73,125,58,65,6,107,3"/><U123/><E34/><V68/><F113/><W36/><G58/><T23/><D109/><U20/><E76/><N who="0" m="29225" /><D74/><U84/><E84/><V9/><F42/><W2/><G65/><T124/><D124/><U30/><E112/><V66/><F95/><W89/><G89/><N who="0" m="33803" /><D118/><U56/><E70/><V15/><REACH who="2" step="1"/><F68/><REACH who="2" ten="196,279,229,286" step="2"/><W104/><G107/><T32/><D32/><U80/><E120/><V97/><F97/><W103/><G104/><T126/><D126/><U8/><E123/><V14/><F14/><W38/><G35/><T93/><D44/><U105/><E105/><V63/><F63/><W115/><G125/><T85/><D85/><U61/><E61/><V101/><F101/><W92/><G103/><N who="0" m="60911" /><D31/><U25/><E117/><V41/><F41/><W43/><G119/><T24/><AGARI ba="0,1" hai="18,23,24,52,55" m="60911,33803,29225" machi="24" ten="30,2000,0" yaku="8,1,54,1" doraHai="57" who="0" fromWho="0" sc="196,30,279,-10,229,-5,286,-5" /><INIT seed="10,0,0,1,0,111" ten="226,269,224,281" oya="2" hai0="69,95,63,98,45,25,10,135,26,82,28,18,47" hai1="73,8,86,70,108,56,83,60,113,13,7,51,92" hai2="117,41,101,44,85,38,35,106,43,129,24,54,71" hai3="33,79,46,90,120,66,17,65,21,9,5,103,49"/><V36/><F129/><W93/><G120/><T131/><D131/><U121/><E113/><V102/><F117/><W32/><G33/><T100/><D69/><U77/><E108/><V31/><F71/><W27/><G32/><T52/><D135/><U105/><E105/><V109/><F109/><W127/><G103/><T81/><D28/><U87/><E70/><V12/><F106/><W110/><G79/><T19/><D45/><U4/><E121/><V30/><F30/><W94/><G94/><T50/><D63/><U55/><E4/><V68/><F68/><W125/><G127/><T59/><D47/><U107/><E107/><V3/><F3/><W130/><G130/><T16/><D10/><U75/><E75/><V2/><F2/><W88/><G90/><T20/><D20/><U61/><E73/><V37/><F12/><N who="3" m="5167" /><G125/><T72/><D72/><U39/><E39/><V80/><F54/><N who="3" m="30007" /><G110/><T97/><D98/><AGARI ba="0,0" hai="17,21,27,65,66,88,93,98" m="30007,5167" machi="98" ten="30,2000,0" yaku="8,1,54,1" doraHai="111" who="3" fromWho="0" sc="226,-20,269,0,224,0,281,20" owari="206,-29.4,269,6.9,224,-17.6,301,40.1" /></mjloggm>