<mjloggm ver="2.3"><GO type="169" lobby="0"/><UN n0="%E3%81%AE%E3%81%AF%E3%81%A3%E3%81%A1" n1="%58%4B%58%54%4C%50" n2="%E3%81%93%E3%81%A3%E3%81%A8%E3%81%AB%E3%81%86%E3%82%80" n3="%6D%6F%75%77" dan="16,16,17,16" rate="2207.29,2066.09,2172.51,2090.67" sx="M,M,M,M"/><TAIKYOKU oya="0"/><INIT seed="0,0,0,4,3,33" ten="250,250,250,250" oya="0" hai0="65,58,120,110,48,94,14,81,117,26,30,98,53" hai1="115,12,129,131,29,2,88,69,74,92,76,51,34" hai2="39,4,21,103,24,67,8,68,78,43,25,17,100" hai3="50,122,127,7,86,133,5,77,38,99,63,70,32"/><T45/><D117/><U64/><E115/><V105/><F105/><W90/><G32/><T111/><D120/><U82/><E69/><V119/><F119/><W13/><G38/><T89/><D14/><U60/><E51/><V42/><F25/><W128/><G77/><T91/><D81/><U80/><E80/><V84/><F67/><W49/><G99/><T52/><D65/><U57/><E12/><V72/><F68/><W87/><G13/><T46/><D91/><U134/><E134/><V10/><F10/><W35/><G70/><T28/><D28/><U41/><E41/><V47/><F84/><W44/><G63/><T23/><REACH who="0" step="1"/><D53/><REACH who="0" ten="240,250,250,250" step="2"/><U130/><E2/><N who="2" m="23" /><F43/><W15/><G15/><T9/><D9/><U22/><E34/><V123/><F123/><W109/><G35/><T55/><D55/><U20/><REACH who="1" step="1"/><E29/><REACH who="1" ten="240,240,250,250" step="2"/><V121/><F121/><W36/><G122/><T126/><D126/><U116/><E116/><V59/><F42/><W73/><G127/><T113/><D113/><U104/><E104/><V71/><F71/><W3/><G5/><T1/><D1/><U18/><E18/><V66/><F17/><W61/><G7/><T75/><D75/><U19/><E19/><V135/><F72/><W11/><G73/><T97/><D97/><AGARI ba="0,2" hai="20,22,57,60,64,74,76,82,88,92,97,129,130,131" machi="97" ten="40,5200,0" yaku="1,1,19,1,54,1,53,0" doraHai="33" doraHaiUra="6" who="1" fromWho="0" sc="240,-52,240,72,250,0,250,0" /><INIT seed="1,0,0,5,1,59" ten="188,312,250,250" oya="1" hai0="86,121,15,87,60,101,18,30,73,61,17,65,113" hai1="117,94,71,32,83,31,102,12,10,4,25,33,107" hai2="62,68,48,127,97,105,21,92,20,19,124,80,112" hai3="130,42,56,8,9,14,120,67,34,58,36,40,88"/><U118/><E94/><V27/><F105/><W96/><G34/><T89/><D113/><U24/><E83/><V82/><F112/><W128/><G120/><T70/><D73/><U29/><REACH who="1" step="1"/><E71/><REACH who="1" ten="188,302,250,250" step="2"/><V90/><F80/><W131/><G36/><T64/><D121/><U134/><E134/><V123/><F82/><W11/><G14/><T45/><D101/><U104/><E104/><V38/><F38/><W81/><G81/><T54/><D89/><U52/><E52/><V119/><F123/><W75/><G75/><T95/><D95/><U69/><E69/><V116/><F68/><W122/><G122/><T51/><D70/><U1/><E1/><V99/><F90/><W91/><G91/><T44/><D54/><U53/><E53/><V0/><F92/><N who="3" m="56327" /><G58/><T78/><D15/><U16/><E16/><V74/><F19/><W6/><G6/><T114/><D114/><U23/><E23/><V126/><F74/><W129/><G129/><T111/><D78/><U28/><E28/><V5/><F5/><W46/><G46/><T93/><D93/><U41/><E41/><V35/><F0/><W47/><G47/><T50/><REACH who="0" step="1"/><D30/><REACH who="0" ten="178,302,250,250" step="2"/><U76/><E76/><V84/><F126/><W72/><G72/><T106/><D106/><U3/><E3/><V79/><F127/><W132/><G132/><T49/><D49/><U110/><E110/><AGARI ba="0,2" hai="17,18,44,45,50,51,60,61,64,65,86,87,110,111" machi="110" ten="25,8000,1" yaku="1,1,22,2,52,2,53,0" doraHai="59" doraHaiUra="125" who="0" fromWho="1" sc="178,100,302,-80,250,0,250,0" /><INIT seed="2,0,0,1,0,54" ten="278,222,250,250" oya="2" hai0="116,19,25,130,110,92,58,82,86,57,29,70,90" hai1="14,35,71,59,13,42,109,81,89,115,79,114,18" hai2="83,36,23,34,117,94,62,97,17,96,52,0,51" hai3="100,1,84,105,129,31,127,3,108,76,95,65,107"/><V98/><F117/><W118/><G118/><T28/><D70/><U134/><E71/><V15/><F36/><W27/><G108/><T37/><D37/><U123/><E35/><V39/><F39/><W132/><G129/><T121/><D121/><U6/><E109/><V77/><F34/><W9/><G132/><T104/><D104/><U43/><E134/><V30/><F0/><W33/><G127/><T11/><D130/><U78/><E123/><V5/><F5/><W125/><G125/><T8/><D110/><U112/><E6/><V119/><F119/><W66/><G9/><N who="0" m="3659" /><D116/><U74/><E79/><V135/><F135/><W32/><G76/><N who="0" m="46407" /><D19/><U44/><E89/><V131/><F131/><W67/><G33/><T49/><D49/><U124/><E124/><V101/><F62/><W10/><G10/><T56/><D25/><U45/><E18/><V53/><F30/><W106/><REACH who="3" step="1"/><G84/><AGARI ba="0,0" hai="28,29,56,57,58,84,90,92" m="46407,3659" machi="84" ten="30,7700,0" yaku="8,1,52,3" doraHai="54" who="0" fromWho="3" sc="278,77,222,0,250,0,250,-77" /><INIT seed="3,0,0,3,4,119" ten="355,222,250,173" oya="3" hai0="21,65,25,118,3,51,103,16,127,7,56,125,52" hai1="43,97,112,17,106,93,128,48,108,77,124,88,57" hai2="45,23,81,14,70,129,31,96,49,20,63,131,71" hai3="116,5,89,33,38,100,87,69,101,11,102,72,121"/><W54/><G38/><T95/><D118/><U29/><E112/><V53/><F96/><W4/><G69/><T99/><REACH who="0" step="1"/><D65/><REACH who="0" ten="345,222,250,173" step="2"/><U55/><E108/><V132/><F131/><W34/><G116/><T30/><D30/><U91/><E29/><V61/><F31/><W24/><G34/><T75/><D75/><U35/><E128/><V74/><F129/><W62/><G72/><T50/><D50/><U41/><E35/><V79/><F74/><W84/><G33/><T47/><D47/><U113/><E113/><V105/><F45/><W115/><G115/><T83/><D83/><U26/><E124/><V114/><F49/><W8/><G62/><T15/><D15/><U60/><E60/><V64/><F14/><W68/><G24/><T27/><D27/><U12/><E26/><V40/><F64/><W10/><G68/><T19/><D19/><U110/><E110/><V126/><F114/><W22/><G4/><T13/><D13/><U134/><E12/><V86/><F126/><W90/><G5/><T117/><D117/><U135/><E17/><V59/><F81/><N who="3" m="49295" /><G22/><T92/><D92/><U42/><E93/><V28/><F20/><W80/><G121/><T0/><D0/><U130/><E130/><V78/><F23/><W104/><G104/><T32/><D32/><U67/><E67/><V122/><F105/><W111/><G111/><T9/><AGARI ba="0,1" hai="3,7,9,16,21,25,51,52,56,95,99,103,125,127" machi="9" ten="30,7900,0" yaku="1,1,0,1,54,2,53,0" doraHai="119" doraHaiUra="58" who="0" fromWho="0" sc="345,89,222,-20,250,-20,173,-39" /><INIT seed="4,0,0,5,2,111" ten="434,202,230,134" oya="0" hai0="39,128,22,46,13,105,47,14,86,53,131,98,40" hai1="7,123,124,50,12,27,78,29,31,69,118,90,58" hai2="95,37,43,91,133,110,20,2,8,116,5,17,82" hai3="99,6,74,129,100,97,64,83,94,106,101,117,93"/><T66/><D66/><U114/><E69/><V1/><F110/><W134/><G6/><T92/><D105/><U72/><E118/><V56/><F133/><W0/><G0/><T108/><D108/><U135/><E123/><V70/><F70/><W103/><G64/><T32/><D32/><U113/><E135/><V88/><F116/><W75/><G117/><T45/><D86/><U54/><E124/><V67/><F1/><W112/><G134/><T73/><D73/><U71/><E71/><V25/><F82/><W77/><G129/><N who="0" m="49739" /><D22/><U4/><E29/><V51/><F37/><W60/><G60/><T115/><D115/><N who="1" m="44043" /><E12/><N who="0" m="4713" /><D53/><U96/><E78/><V57/><F67/><W42/><G42/><T119/><D119/><U127/><E72/><V125/><F125/><W109/><G109/><T59/><D59/><U19/><E127/><V11/><F11/><W84/><G112/><T26/><D26/><U52/><E54/><V61/><F61/><W80/><G80/><T102/><AGARI ba="0,0" hai="39,40,45,46,47,92,98,102" m="4713,49739" machi="102" ten="30,1500,0" yaku="19,1" doraHai="111" who="0" fromWho="0" sc="434,15,202,-5,230,-5,134,-5" /><INIT seed="4,1,0,0,5,58" ten="449,197,225,129" oya="0" hai0="2,37,17,53,102,61,23,64,39,25,63,78,56" hai1="43,83,70,129,84,42,57,122,33,32,20,104,91" hai2="67,13,101,11,4,119,96,47,75,48,68,133,35" hai3="125,112,99,134,36,120,131,49,93,9,77,82,128"/><T8/><D78/><U69/><E122/><V121/><F121/><W28/><G36/><T111/><D111/><U114/><E104/><V27/><F75/><W124/><G28/><T46/><D46/><U7/><E129/><N who="3" m="49738" /><G9/><T60/><D102/><U29/><E7/><V18/><F133/><W15/><G15/><T12/><D2/><U76/><E114/><V41/><F119/><W14/><G14/><T51/><REACH who="0" step="1"/><D64/><REACH who="0" ten="439,197,225,129" step="2"/><U59/><E76/><V90/><F67/><W74/><G120/><T55/><D55/><U118/><E118/><V117/><F117/><W34/><G134/><T3/><D3/><U95/><E91/><V85/><F47/><W30/><G112/><T94/><D94/><U87/><E95/><V50/><F90/><W79/><G79/><T6/><AGARI ba="1,1" hai="6,8,12,17,23,25,37,39,51,53,56,60,61,63" machi="6" ten="30,12000,1" yaku="1,1,0,1,52,3,53,0" doraHai="58" doraHaiUra="65" who="0" fromWho="0" sc="439,133,197,-41,225,-41,129,-41" /><INIT seed="4,2,0,1,1,16" ten="572,156,184,88" oya="0" hai0="53,64,62,84,112,20,46,17,56,127,30,43,9" hai1="118,88,71,130,27,75,108,13,99,101,123,91,67" hai2="122,61,79,24,70,57,77,55,105,125,100,21,28" hai3="5,63,117,96,106,93,42,131,32,18,22,120,85"/><T98/><D112/><U92/><E108/><V104/><F122/><W135/><G32/><T31/><D127/><U78/><E118/><V116/><F125/><W80/><G117/><T121/><D121/><U41/><E123/><V134/><F116/><W128/><G120/><T45/><D9/><U7/><E130/><V97/><F134/><W52/><G106/><T111/><D111/><U73/><E71/><V33/><F105/><W103/><G42/><T47/><D98/><U133/><E133/><V102/><F102/><W87/><G5/><T82/><D64/><U38/><E67/><V23/><REACH who="2" step="1"/><F70/><REACH who="2" ten="572,156,174,88" step="2"/><W8/><G135/><T40/><D43/><U107/><E107/><V90/><F90/><W68/><G68/><T126/><D40/><U0/><E91/><V76/><AGARI ba="2,1" hai="21,23,24,28,33,55,57,61,76,77,79,97,100,104" machi="76" ten="30,7900,0" yaku="1,1,0,1,52,2,53,0" doraHai="16" doraHaiUra="65" who="2" fromWho="2" sc="572,-41,156,-22,174,95,88,-22" /><INIT seed="5,0,0,4,3,16" ten="531,134,269,66" oya="1" hai0="126,124,2,69,36,19,98,120,56,51,25,9,58" hai1="8,119,67,33,21,116,27,43,114,82,112,54,71" hai2="118,30,3,41,113,18,60,128,20,35,11,108,103" hai3="79,96,53,121,93,1,29,52,88,50,123,62,94"/><U89/><E33/><V107/><F108/><W7/><G79/><T59/><D36/><U0/><E43/><V12/><F118/><W106/><G106/><T90/><D69/><U26/><E26/><N who="2" m="18903" /><F41/><W70/><G1/><T65/><D120/><U130/><E130/><V132/><F128/><W48/><G7/><T61/><D2/><U17/><E54/><V34/><F60/><W87/><G29/><T99/><D51/><U49/><E49/><V66/><F66/><W97/><G62/><T40/><D40/><U92/><E82/><V86/><F86/><W39/><G87/><T47/><D47/><U122/><E122/><V24/><F132/><W42/><G42/><T111/><D111/><U57/><E57/><V134/><F134/><W95/><G95/><N who="0" m="56695" /><D9/><U100/><E67/><V6/><F113/><N who="1" m="43625" /><E71/><V28/><F103/><W5/><G5/><T102/><D65/><U4/><E100/><V45/><F107/><W74/><G74/><T127/><D61/><U37/><E37/><V14/><F45/><W129/><G129/><T31/><D59/><U46/><E46/><V10/><F10/><W72/><G72/><T105/><D31/><U85/><AGARI ba="0,0" hai="0,4,8,17,21,27,85,89,92,116,119" m="43625" machi="85" ten="30,3000,0" yaku="15,1,52,1" doraHai="16" who="1" fromWho="1" sc="531,-10,134,30,269,-10,66,-10" /><INIT seed="5,1,0,5,0,62" ten="521,164,259,56" oya="1" hai0="39,61,102,58,12,59,64,63,9,35,34,88,47" hai1="21,36,107,87,98,75,22,119,10,65,93,128,5" hai2="31,18,113,73,77,16,116,60,46,91,95,134,29" hai3="74,85,83,52,57,122,43,48,7,67,3,15,129"/><U135/><E119/><V28/><F116/><W115/><G122/><T70/><D102/><U56/><E36/><V112/><F134/><W127/><G115/><N who="2" m="44105" /><F46/><W90/><G129/><T99/><D70/><U26/><E75/><V92/><F60/><W130/><G127/><T41/><D99/><U11/><E22/><V89/><F77/><W108/><G108/><T101/><D101/><U81/><E107/><V120/><F73/><W69/><G3/><T103/><D103/><U53/><E5/><V44/><F44/><W50/><G74/><T80/><D88/><N who="2" m="33866" /><F120/><W27/><G130/><T82/><D35/><U121/><E128/><V114/><F114/><W105/><G105/><T13/><D34/><U54/><E135/><V17/><AGARI ba="1,0" hai="16,17,18,28,29,31,92,95" m="33866,44105" machi="17" ten="40,12000,2" yaku="28,2,15,1,11,1,54,2" doraHai="62" who="2" fromWho="2" sc="521,-31,164,-61,259,123,56,-31" /><INIT seed="6,0,0,3,3,50" ten="490,103,382,25" oya="2" hai0="44,116,52,121,124,122,5,101,133,46,96,64,13" hai1="108,75,118,72,102,100,94,69,11,91,27,92,23" hai2="87,80,10,51,48,17,36,15,132,16,78,41,6" hai3="7,90,60,120,58,35,67,126,135,4,45,83,114"/><V28/><F132/><W14/><G120/><T73/><D73/><U119/><E69/><V34/><F36/><W20/><G126/><T123/><D124/><U54/><E11/><V125/><F125/><W32/><G135/><T55/><D133/><U79/><E108/><V85/><F51/><W62/><G35/><T57/><D116/><U127/><E127/><V63/><F63/><W33/><G33/><T30/><D30/><U111/><E111/><V104/><F104/><W93/><G32/><T9/><D64/><U68/><E68/><V107/><F107/><W26/><G114/><T77/><D77/><U3/><E3/><V31/><F87/><W18/><G83/><T129/><D129/><U47/><E94/><V37/><F37/><W61/><G45/><T19/><D5/><U131/><E131/><V134/><F134/><W40/><G40/><T25/><D25/><U99/><E75/><V97/><F97/><W103/><G103/><T1/><D1/><U59/><E47/><N who="2" m="25711" /><F34/><W38/><G38/><T71/><D71/><U109/><E109/><V76/><F76/><W65/><G26/><T81/><D81/><N who="1" m="45287" /><E118/><V66/><F66/><W84/><REACH who="3" step="1"/><G62/><REACH who="3" ten="490,103,382,15" step="2"/><T112/><D112/><U110/><E119/><V130/><F130/><W70/><AGARI ba="0,1" hai="4,7,14,18,20,58,60,61,65,67,70,84,90,93" machi="70" ten="20,12000,2" yaku="1,1,2,1,0,1,7,1,53,2" doraHai="50" doraHaiUra="0" who="3" fromWho="3" sc="490,-30,103,-30,382,-60,15,130" /><INIT seed="7,0,0,5,0,126" ten="460,73,322,145" oya="3" hai0="122,48,75,35,56,15,19,46,13,51,100,67,18" hai1="109,10,98,125,9,132,27,69,112,50,1,120,111" hai2="22,28,11,102,44,5,74,129,133,55,130,123,99" hai3="53,6,42,82,41,76,88,128,2,131,14,31,95"/><W92/><G2/><T63/><D122/><U37/><E69/><V33/><F74/><W32/><G95/><T36/><D35/><U40/><E37/><V104/><F133/><W54/><G54/><T71/><D75/><U121/><E98/><V21/><F123/><N who="1" m="47177" /><E50/><N who="2" m="29127" /><F28/><W59/><G32/><T8/><D100/><U94/><E94/><V118/><F33/><W110/><G31/><T65/><D65/><U103/><E40/><V45/><F45/><W107/><G107/><T68/><D51/><U108/><E103/><V43/><F43/><W34/><G34/><T61/><D61/><U117/><E125/><V58/><F58/><W12/><G42/><T25/><D25/><U20/><E132/><V49/><F49/><W73/><G41/><T124/><D36/><U17/><E1/><N who="2" m="431" /><F118/><W39/><G39/><T7/><D124/><U93/><E93/><V81/><F81/><W90/><G90/><T4/><D68/><U127/><E127/><V47/><F47/><W115/><G76/><T52/><D71/><U72/><E72/><V77/><F77/><W30/><G92/><T87/><D87/><U105/><E105/><V66/><F66/><W86/><G88/><T24/><D24/><U135/><E135/><V106/><F106/><W26/><G86/><T64/><D64/><U57/><E57/><V70/><F70/><W78/><G82/><T3/><D3/><U85/><E85/><V60/><F60/><W62/><G62/><T134/><D134/><U16/><E117/><V97/><F97/><W84/><G73/><T79/><D79/><U96/><E96/><RYUUKYOKU ba="0,0" sc="460,15,73,-15,322,15,145,-15" hai0="4,7,8,13,15,18,19,46,48,52,56,63,67" hai2="21,22,99,102,104,129,130" owari="475,57.5,58,-44.2,337,13.7,130,-27.0" /></mjloggm>