<mjloggm ver="2.3"><GO type="169" lobby="0"/><UN n0="%68%61%79%61%74%6F%E2%98%86" n1="%E4%B8%89%E5%B3%B6%E5%85%AB%E9%9B%B2" n2="%E9%BB%92%E6%B2%A2%E7%BE%A9%E6%98%8E" n3="%E7%B4%94%E6%BD%94%E3%83%94%E3%83%A9%E3%83%8B%E3%82%A2" dan="16,17,17,16" rate="2054.86,2238.87,2203.14,2187.80" sx="M,M,M,M"/><TAIKYOKU oya="0"/><INIT seed="0,0,0,3,4,58" ten="250,250,250,250" oya="0" hai0="100,48,129,50,128,39,126,4,131,17,27,42,125" hai1="96,124,115,1,101,28,133,72,59,25,65,97,121" hai2="120,32,8,34,105,29,80,98,64,107,7,11,57" hai3="81,52,66,55,0,46,54,10,104,5,99,108,91"/><T73/><D73/><U109/><E121/><V106/><F120/><W117/><G117/><T62/><D100/><U14/><E1/><V60/><F29/><W103/><G108/><T135/><D4/><U123/><E123/><V24/><F24/><W15/><G66/><T21/><D39/><U26/><E72/><V35/><F80/><W88/><G46/><N who="0" m="25687" /><D50/><U102/><E109/><V51/><F51/><W47/><G47/><T114/><D114/><U63/><E133/><V75/><F75/><W74/><REACH who="3" step="1"/><G0/><REACH who="3" ten="250,250,250,240" step="2"/><T20/><D135/><U93/><E115/><V9/><REACH who="2" step="1"/><F98/><REACH who="2" ten="250,250,240,240" step="2"/><W79/><AGARI ba="0,2" hai="5,10,15,52,54,55,74,79,81,88,91,99,103,104" machi="79" ten="30,8000,1" yaku="1,1,2,1,0,1,54,2,53,0" doraHai="58" doraHaiUra="90" who="3" fromWho="3" sc="250,-40,250,-20,240,-20,240,100" /><INIT seed="1,0,0,1,5,121" ten="210,230,220,340" oya="1" hai0="29,0,108,115,81,95,98,32,46,109,129,51,30" hai1="3,122,92,37,69,101,80,13,21,18,61,62,14" hai2="91,87,11,119,19,124,64,105,130,110,100,55,76" hai3="65,54,22,9,83,88,59,84,36,82,31,52,71"/><U41/><E122/><V116/><F64/><W113/><G113/><T75/><D0/><U74/><E3/><V1/><F76/><W131/><G131/><T97/><D115/><U12/><E37/><V58/><F130/><W23/><G36/><T56/><D129/><U68/><E41/><V66/><F66/><W72/><G71/><T49/><D56/><U128/><E128/><V135/><F124/><W38/><G38/><T85/><D75/><U43/><E43/><V40/><F40/><W4/><G82/><T120/><D120/><U44/><E44/><V132/><F100/><W104/><G104/><T70/><D70/><U33/><E33/><V7/><F19/><W103/><G103/><T63/><D63/><U94/><E69/><V73/><F73/><W117/><G117/><T67/><D67/><U134/><E134/><N who="2" m="51243" /><F105/><W93/><G31/><T125/><D125/><U2/><E101/><V78/><F78/><W42/><G42/><T17/><D17/><U77/><E2/><V123/><F123/><W5/><G65/><T20/><D32/><U89/><E68/><V15/><F1/><W27/><G54/><T99/><D29/><U45/><E45/><V48/><F110/><N who="0" m="42602" /><D46/><U102/><E62/><V39/><F39/><W79/><G5/><T8/><D8/><U86/><E61/><V127/><F127/><W96/><G4/><T90/><D81/><AGARI ba="0,0" hai="7,11,15,48,55,58,81,87,91,116,119" m="51243" machi="81" ten="30,1000,0" yaku="20,1" doraHai="121" who="2" fromWho="0" sc="210,-10,230,0,220,10,340,0" /><INIT seed="2,0,0,1,2,48" ten="200,230,230,340" oya="2" hai0="81,11,111,32,99,43,70,63,10,109,56,133,50" hai1="22,93,129,77,5,16,75,55,76,17,67,8,116" hai2="21,59,90,30,14,104,103,40,57,125,28,96,52" hai3="45,64,33,113,91,9,117,122,83,79,31,1,39"/><V51/><F125/><W135/><G91/><T86/><D32/><U106/><E106/><V2/><F2/><W15/><G117/><T38/><D133/><U100/><E116/><V61/><F90/><W105/><G64/><T60/><D38/><U66/><E129/><V130/><F130/><W82/><G82/><T41/><D99/><U97/><E75/><V34/><F34/><W19/><G105/><T27/><D27/><U6/><E67/><V74/><F74/><W78/><G78/><N who="1" m="30314" /><E66/><V118/><F118/><W35/><G31/><T23/><D23/><U0/><E0/><V24/><F14/><W49/><G39/><T80/><D50/><U123/><E123/><V95/><F104/><W72/><G122/><T92/><D56/><U26/><E55/><N who="2" m="31999" /><F40/><W89/><G135/><T62/><D62/><U114/><E114/><V102/><F102/><W54/><G113/><T121/><D121/><U25/><E25/><V101/><F101/><W85/><G1/><T20/><D43/><U37/><E37/><V71/><F71/><W68/><G68/><T119/><D41/><U127/><E127/><V44/><F44/><W124/><G124/><T112/><D70/><U46/><E46/><V7/><F7/><W94/><AGARI ba="0,0" hai="9,15,19,33,35,45,49,54,72,79,83,85,89,94" machi="94" ten="20,2700,0" yaku="0,1,7,1,52,1" doraHai="48" who="3" fromWho="3" sc="200,-7,230,-7,230,-13,340,27" /><INIT seed="3,0,0,1,4,120" ten="193,223,217,367" oya="3" hai0="31,13,129,133,39,37,57,97,80,131,99,102,113" hai1="112,71,34,9,56,17,6,30,29,41,0,81,79" hai2="8,18,24,46,36,124,15,51,61,91,88,84,92" hai3="106,75,7,48,78,3,100,60,27,69,105,74,12"/><W85/><G3/><T87/><D113/><U82/><E112/><V38/><F124/><W114/><G114/><T45/><D31/><U26/><E71/><V43/><F61/><W4/><G48/><T20/><D133/><U59/><E30/><V63/><F63/><W122/><G122/><T126/><D126/><U134/><E134/><V86/><REACH who="2" step="1"/><F24/><REACH who="2" ten="193,223,207,367" step="2"/><W11/><G27/><T111/><D129/><U132/><E132/><V96/><F96/><W104/><G100/><T62/><D97/><U33/><E33/><V127/><F127/><W121/><G121/><T10/><D99/><U123/><E123/><V54/><F54/><W19/><G60/><T125/><D102/><U93/><E26/><V42/><F42/><W118/><G118/><T44/><D131/><U32/><E41/><V16/><F16/><W107/><G107/><T135/><D135/><U108/><E17/><V49/><F49/><W70/><G19/><T76/><D125/><U83/><E34/><V22/><F22/><W14/><G104/><T66/><D20/><U110/><E32/><V40/><F40/><W65/><G65/><T1/><D62/><U77/><E29/><V90/><F90/><W68/><G68/><T128/><D66/><U47/><E6/><V101/><F101/><W2/><G11/><T25/><D10/><U50/><E9/><V64/><F64/><W94/><G69/><T116/><D25/><U67/><E67/><V28/><F28/><W53/><G70/><T95/><D128/><U130/><E130/><V115/><F115/><W89/><G105/><T119/><D119/><RYUUKYOKU ba="0,1" sc="193,-10,223,-10,207,30,367,-10" hai2="8,15,18,36,38,43,46,51,84,86,88,91,92" /><INIT seed="4,1,1,0,2,106" ten="183,213,237,357" oya="0" hai0="58,119,49,27,3,30,99,22,29,107,110,17,95" hai1="105,93,122,68,84,104,88,132,48,109,54,128,42" hai2="71,134,32,82,74,53,19,75,15,41,26,10,67" hai3="55,62,33,1,57,98,16,37,112,66,72,111,25"/><T69/><D119/><U83/><E109/><V63/><F134/><W96/><G111/><T8/><D69/><U28/><E122/><V7/><F41/><W94/><G37/><T135/><D107/><U47/><E68/><V85/><F53/><W23/><G1/><T12/><D110/><U6/><E132/><V5/><F32/><W34/><G72/><T127/><D127/><U118/><E118/><V39/><F39/><W13/><G112/><T2/><D135/><U46/><E128/><V40/><F40/><W9/><G96/><T125/><D125/><U87/><E28/><V76/><REACH who="2" step="1"/><F26/><REACH who="2" ten="183,213,227,357" step="2"/><W90/><REACH who="3" step="1"/><G66/><REACH who="3" ten="183,213,227,347" step="2"/><T24/><D2/><U120/><E120/><V123/><F123/><W65/><G65/><T101/><D3/><U117/><E117/><V131/><F131/><W103/><G103/><T70/><D101/><U52/><E54/><V36/><F36/><W113/><G113/><T44/><D29/><AGARI ba="1,3" hai="9,13,16,23,25,29,33,34,55,57,62,90,94,98" machi="29" ten="30,3900,0" yaku="1,1,7,1,54,1,53,0" doraHai="106" doraHaiUra="100" who="3" fromWho="0" sc="183,-42,213,0,227,0,347,72" /><INIT seed="5,0,0,0,4,62" ten="141,213,227,419" oya="1" hai0="6,81,37,69,1,34,18,101,45,105,87,128,71" hai1="70,4,130,30,103,11,27,10,79,39,104,38,122" hai2="99,58,66,5,54,50,55,92,28,95,90,33,120" hai3="123,111,26,41,40,76,51,9,42,16,121,29,20"/><U89/><E122/><V2/><F120/><W15/><G111/><T0/><D34/><U23/><E130/><V94/><F2/><W17/><G76/><T14/><D128/><U3/><E79/><V13/><F33/><W24/><REACH who="3" step="1"/><G51/><REACH who="3" ten="141,213,227,409" step="2"/><T73/><D37/><U118/><E39/><V131/><F131/><W110/><G110/><T84/><D73/><U93/><E38/><V25/><F50/><W135/><G135/><T36/><D36/><U46/><E118/><V86/><F90/><W108/><G108/><T134/><D134/><U43/><E89/><V114/><F114/><W91/><G91/><T102/><D102/><U107/><E103/><V60/><F86/><W82/><G82/><T57/><D81/><U117/><E117/><V59/><F99/><W115/><G115/><T125/><D101/><U68/><E107/><V119/><F119/><W65/><G65/><T12/><D105/><U21/><E104/><V96/><F96/><W49/><G49/><T80/><D80/><U129/><E129/><V8/><F66/><W31/><G31/><T35/><D87/><U72/><E72/><V83/><F83/><W85/><G85/><T74/><D84/><U127/><E93/><V116/><F116/><W53/><G53/><T7/><D74/><U77/><E77/><V19/><F95/><W47/><G47/><T124/><D45/><U63/><E46/><V64/><F94/><W98/><G98/><T44/><D44/><U106/><E106/><V78/><F92/><W67/><G67/><T113/><D113/><U48/><E48/><V100/><F78/><RYUUKYOKU ba="0,1" sc="141,-10,213,-10,227,-10,409,30" hai3="9,15,16,17,20,24,26,29,40,41,42,121,123" /><INIT seed="6,1,1,4,1,75" ten="131,203,217,439" oya="2" hai0="4,77,42,47,12,39,115,97,25,37,27,74,83" hai1="93,52,125,121,63,107,113,119,14,127,21,106,84" hai2="41,86,2,24,54,28,81,85,130,31,96,124,22" hai3="94,89,68,99,58,6,46,1,132,87,91,78,82"/><V66/><F2/><W67/><G68/><T48/><D115/><U135/><E119/><V10/><F130/><W108/><G108/><T79/><D97/><U114/><E135/><V104/><F124/><N who="1" m="47689" /><E121/><V118/><F118/><W57/><G132/><T128/><D128/><U116/><E116/><V102/><F66/><W11/><G67/><T117/><D117/><U26/><E14/><V60/><F41/><W131/><G131/><T98/><D98/><U59/><E93/><V95/><F10/><W69/><G69/><T3/><D3/><U120/><E84/><V61/><F31/><W8/><G8/><T134/><D134/><U65/><E65/><V105/><F86/><W88/><REACH who="3" step="1"/><G46/><REACH who="3" ten="131,203,217,429" step="2"/><T34/><D47/><U36/><E120/><V9/><F9/><W7/><G7/><T70/><D4/><U110/><E110/><V126/><F126/><W43/><G43/><T53/><D42/><U5/><E5/><V72/><F54/><W103/><AGARI ba="1,2" hai="1,6,11,57,58,78,82,87,88,89,91,94,99,103" machi="103" ten="30,8000,1" yaku="1,1,0,1,52,1,54,1,53,1" doraHai="75" doraHaiUra="35" who="3" fromWho="3" sc="131,-21,203,-21,217,-41,429,103" /><INIT seed="7,0,0,5,0,101" ten="110,182,176,532" oya="3" hai0="37,89,84,52,116,97,134,43,88,40,8,130,64" hai1="119,77,117,123,9,57,122,11,72,36,121,99,69" hai2="111,109,104,30,58,128,105,126,98,48,17,25,114" hai3="108,129,127,14,110,92,39,76,59,27,31,131,32"/><W96/><G39/><T75/><D116/><N who="1" m="44619" /><E69/><V85/><F114/><W73/><G127/><T95/><D75/><U53/><E36/><V51/><F126/><W54/><G14/><T34/><D130/><N who="3" m="49673" /><G76/><T18/><D134/><U74/><E99/><V82/><F17/><W102/><G73/><N who="1" m="28266" /><E77/><V120/><F128/><W50/><AGARI ba="0,0" hai="27,31,32,50,54,59,92,96,102,108,110" m="49673" machi="50" ten="30,1500,0" yaku="19,1" doraHai="101" who="3" fromWho="3" sc="110,-5,182,-5,176,-5,532,15" owari="105,-39.5,177,-2.3,171,-22.9,547,64.7" /></mjloggm>