<mjloggm ver="2.3"><GO type="169" lobby="0"/><UN n0="%E3%83%8F%E3%83%B3%E3%83%81%E3%83%A7%E3%82%A6%E5%A4%A7%E6%A7%BB" n1="%E3%81%88%E3%81%8C%E3%82%8F%E3%82%8A%E3%81%8A" n2="%61%6D%61%69%6B%61" n3="%E5%A4%A7%E7%A9%BA%E3%82%B9%E3%83%90%E3%83%AB%E2%98%86" dan="16,16,16,16" rate="2098.00,2119.65,2153.91,2110.44" sx="M,M,M,F"/><TAIKYOKU oya="0"/><INIT seed="0,0,0,4,4,88" ten="250,250,250,250" oya="0" hai0="114,6,99,117,55,135,98,121,56,92,113,8,60" hai1="71,124,23,15,57,2,44,33,65,68,97,47,86" hai2="31,132,51,46,123,103,78,79,90,119,32,0,110" hai3="9,108,49,63,77,122,74,85,107,127,24,40,80"/><T128/><D117/><U62/><E33/><V4/><F123/><W26/><G107/><T38/><D38/><U112/><E2/><V20/><F32/><W42/><G108/><T22/><D121/><U54/><E124/><V18/><F31/><W120/><G127/><T129/><D135/><U115/><E86/><V94/><F110/><W37/><G37/><T41/><D22/><U3/><E3/><V75/><F103/><W102/><G102/><T35/><D41/><U87/><E87/><V89/><F132/><W53/><G63/><T82/><D82/><U58/><E97/><V34/><F34/><W64/><G64/><T93/><D35/><U21/><E15/><V133/><F119/><W105/><G105/><T43/><D43/><U1/><E1/><V16/><F18/><W29/><G74/><T91/><D8/><U13/><E13/><V126/><F89/><W12/><G122/><T70/><D70/><N who="1" m="26667" /><E21/><V7/><F75/><W48/><G48/><T25/><D6/><N who="2" m="2090" /><F0/><W11/><G120/><T30/><D30/><U106/><E23/><V130/><F133/><W81/><G81/><T19/><D19/><U17/><E17/><V67/><F126/><W125/><G125/><T84/><D25/><N who="3" m="9833" /><G29/><T76/><D76/><U61/><E106/><V59/><F78/><W28/><G28/><T27/><D27/><U36/><E36/><V14/><F79/><W96/><G11/><T39/><D39/><U72/><E72/><V131/><F20/><W69/><G9/><T111/><D84/><U45/><AGARI ba="0,0" hai="44,45,47,54,57,58,61,62,65,112,115" m="26667" machi="45" ten="40,2700,0" yaku="34,2" doraHai="88" who="1" fromWho="1" sc="250,-13,250,27,250,-7,250,-7" /><INIT seed="1,0,0,4,4,55" ten="237,277,243,243" oya="1" hai0="119,40,12,5,38,123,32,37,53,80,90,11,76" hai1="71,31,75,115,110,43,59,105,0,120,4,52,13" hai2="87,84,44,88,1,95,74,67,15,117,27,109,19" hai3="18,116,83,103,98,60,25,33,130,77,79,14,125"/><U64/><E115/><V96/><F117/><W128/><G125/><T127/><D119/><U47/><E120/><V54/><F74/><W62/><G116/><T111/><D127/><U3/><E105/><V97/><F109/><W72/><G79/><T48/><D32/><U69/><E75/><V99/><F1/><W36/><G36/><T124/><D124/><U68/><E31/><V85/><F67/><W93/><G25/><T131/><D123/><U22/><E64/><V17/><F27/><W57/><G33/><T49/><D111/><U45/><E45/><V107/><F107/><W65/><REACH who="3" step="1"/><G62/><REACH who="3" ten="237,277,243,233" step="2"/><T35/><D35/><U50/><E110/><V104/><F104/><W24/><G24/><T78/><D131/><U73/><E73/><V51/><REACH who="2" step="1"/><F19/><REACH who="2" ten="237,277,233,233" step="2"/><W129/><G129/><T106/><D106/><U135/><E0/><V42/><F42/><W92/><G92/><T122/><D122/><U6/><E3/><V16/><F16/><W86/><G86/><N who="0" m="50503" /><D38/><U20/><E13/><V82/><F82/><W112/><G112/><T113/><D37/><U94/><E94/><V114/><F114/><W91/><G91/><T121/><D113/><U29/><E29/><V132/><F132/><W126/><G126/><T10/><D121/><U89/><E135/><V41/><F41/><W39/><G39/><T58/><D78/><U30/><E89/><V66/><F66/><W81/><G81/><T134/><D134/><U61/><REACH who="1" step="1"/><E30/><REACH who="1" ten="237,267,233,233" step="2"/><V34/><F34/><W26/><G26/><T118/><D118/><U46/><E46/><V63/><F63/><W28/><G28/><RYUUKYOKU ba="0,3" sc="237,-30,267,10,233,10,233,10" hai1="4,6,20,22,43,47,50,52,59,61,68,69,71" hai2="15,17,44,51,54,84,85,87,88,95,96,97,99" hai3="14,18,57,60,65,72,77,83,93,98,103,128,130" /><INIT seed="1,1,3,0,3,3" ten="207,277,243,243" oya="1" hai0="79,114,68,55,11,89,54,33,20,50,57,61,133" hai1="82,99,113,100,96,97,111,107,52,110,71,116,5" hai2="47,62,2,64,95,60,36,28,13,128,49,69,58" hai3="53,130,106,65,46,102,98,73,117,17,75,51,105"/><U27/><E113/><V88/><F128/><W16/><G106/><T120/><D114/><U127/><E116/><V101/><F2/><W78/><G130/><T93/><D33/><U72/><E71/><V103/><F36/><W1/><G1/><T45/><D68/><U37/><E37/><V92/><F28/><W94/><G117/><T42/><D133/><U26/><E127/><V31/><F31/><W41/><G65/><T63/><D79/><N who="1" m="44391" /><E100/><V118/><F92/><W83/><G75/><T126/><D126/><U77/><E77/><V123/><F13/><W24/><G24/><T7/><D120/><U44/><E5/><V48/><F123/><W90/><G53/><T12/><D20/><U15/><E15/><V104/><F104/><W74/><G74/><T109/><D109/><N who="1" m="41483" /><E107/><V29/><F118/><W19/><G19/><T35/><D35/><U108/><N who="1" m="41491" /><U76/><DORA hai="43" /><E76/><V122/><F29/><W112/><G112/><T134/><D134/><U91/><E91/><V21/><F122/><W80/><G80/><T0/><D0/><U85/><E85/><AGARI ba="1,3" hai="16,17,41,46,51,73,78,83,85,90,94,98,102,105" machi="85" ten="30,8000,1" yaku="7,1,24,2,52,1,54,1" doraHai="3,43" who="3" fromWho="1" sc="207,0,277,-83,243,0,243,113" /><INIT seed="2,0,0,5,3,25" ten="207,194,243,356" oya="2" hai0="26,0,50,12,55,23,62,7,63,58,105,67,95" hai1="84,3,83,14,126,127,76,89,132,38,65,109,75" hai2="59,81,99,49,29,43,22,48,54,57,2,118,102" hai3="1,129,46,85,103,88,36,10,112,31,6,124,86"/><V131/><F131/><W113/><G129/><T11/><D105/><U110/><E3/><V72/><F118/><W15/><G124/><N who="1" m="47658" /><E38/><V56/><F2/><W100/><G86/><T107/><D107/><U45/><E45/><V51/><F72/><W91/><G91/><T97/><D0/><U121/><E65/><V32/><F32/><W9/><G31/><T64/><D50/><U87/><E14/><V5/><F5/><W66/><G66/><T122/><D63/><U119/><E119/><V16/><F81/><W135/><G135/><T13/><D13/><U39/><E39/><V94/><F43/><W70/><G70/><T20/><D20/><U98/><E132/><V128/><F128/><W93/><G46/><T68/><D68/><U47/><E47/><V33/><F33/><W52/><G52/><T80/><D80/><N who="1" m="49287" /><E121/><V53/><REACH who="2" step="1"/><F29/><REACH who="2" ten="207,194,233,356" step="2"/><W111/><G6/><T96/><D122/><U28/><E28/><V41/><F41/><W123/><G1/><T74/><D74/><U134/><E134/><V8/><F8/><W34/><G10/><T116/><D116/><U130/><E130/><V108/><F108/><N who="1" m="41577" /><E75/><V71/><F71/><W42/><G111/><T79/><D7/><U117/><E117/><V92/><F92/><W27/><G123/><T106/><D95/><U37/><E37/><V19/><F19/><W114/><G42/><T120/><D120/><U73/><E73/><V17/><F17/><N who="3" m="8431" /><G36/><T90/><D11/><U24/><E24/><AGARI ba="0,1" hai="16,22,24,48,49,51,53,54,56,57,59,94,99,102" machi="24" ten="40,7700,0" yaku="1,1,8,1,54,1,53,0" doraHai="25" doraHaiUra="125" who="2" fromWho="1" sc="207,0,194,-77,233,87,356,0" /><INIT seed="2,1,0,3,5,76" ten="207,117,320,356" oya="2" hai0="49,84,113,75,53,94,41,73,42,62,23,0,9" hai1="31,52,78,101,44,85,89,24,7,17,129,38,29" hai2="106,35,74,71,124,116,25,80,127,93,37,120,92" hai3="77,21,5,19,36,45,125,96,26,119,51,111,39"/><V27/><F116/><W107/><G119/><T95/><D113/><U131/><E7/><V66/><F120/><W86/><G111/><T69/><D75/><U122/><E122/><V15/><F106/><W100/><G125/><N who="2" m="48201" /><F37/><W110/><G110/><T43/><D73/><U8/><E101/><V3/><F3/><W18/><G5/><T105/><D105/><U13/><E78/><N who="2" m="44119" /><F15/><W65/><G65/><T32/><D32/><U20/><E31/><N who="2" m="19951" /><F27/><W67/><G19/><T14/><D0/><U126/><E126/><V6/><F6/><W60/><G39/><T87/><D23/><U104/><E104/><V4/><F4/><W40/><G36/><T99/><D14/><U98/><E38/><V46/><F46/><W133/><G107/><T68/><D9/><U102/><E102/><V114/><F114/><W50/><G45/><T128/><D42/><U55/><E98/><V82/><F82/><W130/><G40/><T48/><D41/><U30/><E30/><V97/><F97/><W58/><G26/><T34/><D43/><U61/><E44/><V70/><F66/><W135/><G96/><T33/><D99/><U132/><E55/><V103/><F103/><W115/><G100/><T88/><D53/><U109/><E109/><V91/><F91/><W134/><G115/><T2/><D2/><U54/><E54/><V22/><F22/><W90/><G67/><T118/><D118/><U10/><E10/><V117/><F117/><W79/><G21/><T28/><D88/><U12/><E12/><V47/><F47/><W57/><G90/><T64/><D64/><RYUUKYOKU ba="1,0" sc="207,-10,117,-10,320,30,356,-10" hai2="70,71,92,93" /><INIT seed="2,2,0,0,1,9" ten="197,107,350,346" oya="2" hai0="25,76,95,60,94,134,87,68,46,14,121,61,53" hai1="12,102,0,39,125,29,124,40,80,2,62,37,86" hai2="104,70,48,33,65,112,5,82,23,128,100,130,105" hai3="64,122,74,117,13,52,69,83,55,92,30,90,127"/><V89/><F112/><W66/><G117/><T71/><D121/><U97/><E29/><V77/><F33/><W106/><G106/><T49/><D25/><U88/><E62/><N who="2" m="40247" /><F100/><W18/><G30/><T36/><D76/><U81/><E81/><V16/><F5/><W115/><G122/><T24/><D24/><U35/><E35/><V126/><F48/><W118/><G118/><T34/><D34/><U85/><E85/><N who="2" m="50359" /><F77/><W132/><G127/><N who="1" m="48714" /><E40/><V38/><F38/><N who="1" m="14345" /><E12/><N who="2" m="9607" /><F126/><W131/><G115/><T50/><D36/><U123/><E123/><V57/><F57/><W27/><G83/><T72/><D72/><U15/><E15/><V26/><F26/><W59/><G27/><T43/><D50/><U103/><E103/><V10/><F10/><W45/><G74/><T108/><D49/><U11/><E11/><V107/><F107/><AGARI ba="2,0" hai="0,2,80,86,88,97,102,107" m="14345,48714" machi="107" ten="30,2000,0" yaku="18,1,54,1" doraHai="9" who="1" fromWho="2" sc="197,0,107,26,350,-26,346,0" /><INIT seed="3,0,0,1,1,1" ten="197,133,324,346" oya="3" hai0="3,19,60,25,41,135,36,10,18,4,13,38,51" hai1="106,66,110,68,81,117,58,48,5,28,71,53,34" hai2="21,30,75,116,37,14,56,124,35,115,100,122,45" hai3="131,96,79,103,107,62,98,132,42,112,88,121,29"/><W78/><G121/><T0/><D60/><U40/><E106/><V108/><F75/><W83/><G112/><T46/><D135/><U114/><E114/><V80/><F115/><W54/><G132/><T85/><D3/><U7/><E110/><V6/><F116/><W64/><G131/><T20/><REACH who="0" step="1"/><D85/><REACH who="0" ten="187,133,324,346" step="2"/><U69/><E117/><V102/><F122/><W57/><G62/><T125/><D125/><U22/><E66/><V15/><F124/><W127/><G64/><T104/><D104/><U76/><E34/><V63/><F63/><W8/><G107/><T129/><D129/><U16/><E28/><V134/><F30/><W118/><G29/><T130/><D130/><U94/><E94/><V59/><F134/><W87/><G87/><T95/><D95/><U119/><E119/><V84/><F84/><W93/><G93/><T44/><D44/><U43/><E81/><V33/><F45/><W86/><G86/><T9/><AGARI ba="0,1" hai="0,4,9,10,13,18,19,20,25,36,38,41,46,51" machi="9" ten="20,5200,0" yaku="1,1,0,1,7,1,52,1,53,0" doraHai="1" doraHaiUra="61" who="0" fromWho="0" sc="187,62,133,-13,324,-13,346,-26" /><INIT seed="4,0,0,5,3,7" ten="249,120,311,320" oya="0" hai0="4,117,28,122,29,75,45,124,79,35,77,92,84" hai1="115,80,31,119,121,128,110,33,37,60,85,21,65" hai2="93,15,109,89,91,63,23,48,14,97,27,78,101" hai3="94,2,82,104,87,56,40,88,6,108,25,42,83"/><T17/><D117/><U30/><E119/><V0/><F109/><W47/><G104/><T58/><D122/><U99/><E121/><V22/><F0/><W39/><G108/><T19/><D35/><U126/><E110/><V86/><F78/><W12/><G2/><T111/><D4/><U34/><E37/><V71/><F71/><W95/><G42/><T66/><D75/><U51/><E128/><V26/><F63/><W98/><G25/><T118/><D118/><U127/><E99/><V100/><F48/><W103/><G56/><T24/><D124/><N who="1" m="47659" /><E51/><V70/><F70/><W61/><G61/><N who="0" m="38199" /><D111/><U55/><E55/><V76/><F76/><N who="0" m="29258" /><D45/><U131/><E131/><V43/><F43/><W57/><G57/><T135/><D135/><U36/><E36/><V16/><F91/><W8/><AGARI ba="0,0" hai="6,8,12,39,40,47,82,83,87,88,94,95,98,103" machi="8" ten="30,4000,0" yaku="0,1,52,1,54,1" doraHai="7" who="3" fromWho="3" sc="249,-20,120,-10,311,-10,320,40" /><INIT seed="5,0,0,1,1,21" ten="229,110,301,360" oya="1" hai0="132,109,106,73,48,108,1,2,49,24,120,80,110" hai1="127,3,100,75,78,113,133,29,30,36,83,124,121" hai2="17,27,44,61,94,57,102,41,134,11,0,51,31" hai3="69,33,4,85,97,88,7,82,123,35,10,66,68"/><U105/><E121/><V76/><F134/><W130/><G123/><T64/><D120/><U90/><E133/><V32/><F76/><W59/><G130/><T67/><D132/><U115/><E36/><V39/><F39/><W101/><G7/><T92/><D92/><U70/><E70/><V111/><F111/><W26/><G59/><T46/><D106/><U62/><E62/><V117/><F117/><W53/><G53/><T13/><D13/><U19/><E19/><V6/><F17/><W14/><G66/><T119/><D119/><U129/><E3/><V34/><F94/><W20/><G35/><T12/><D12/><U118/><E118/><V93/><F93/><W45/><G45/><T56/><D56/><U104/><E129/><V99/><F99/><W103/><G33/><T18/><D46/><U98/><E104/><V63/><F102/><W74/><G74/><T9/><D9/><U8/><E8/><V96/><F96/><W23/><G23/><T128/><D128/><U87/><E29/><V52/><F61/><W38/><G38/><T15/><D1/><U77/><E30/><V25/><F25/><W55/><G55/><T43/><D2/><U54/><E54/><V126/><F126/><N who="1" m="48169" /><E77/><V81/><F81/><AGARI ba="0,0" hai="75,78,81,83,87,90,98,100,105,113,115" m="48169" machi="81" ten="30,5800,0" yaku="18,1,34,2" doraHai="21" who="1" fromWho="2" sc="229,0,110,58,301,-58,360,0" /><INIT seed="5,1,0,0,1,134" ten="229,168,243,360" oya="1" hai0="46,43,125,36,132,93,74,37,128,12,66,15,18" hai1="16,107,123,95,118,76,22,94,68,19,115,29,48" hai2="117,112,131,73,47,69,120,86,78,6,124,49,103" hai3="82,102,55,77,33,27,26,100,13,0,28,58,101"/><U89/><E118/><V67/><F117/><W80/><G0/><T23/><D74/><U50/><E123/><V96/><F120/><W42/><G42/><T105/><D105/><U108/><E107/><V38/><F73/><W92/><G27/><T97/><D132/><U135/><E68/><V88/><F131/><W70/><G70/><T127/><D128/><U57/><E135/><V72/><F38/><W59/><G13/><T40/><D66/><U83/><E115/><V133/><F133/><W104/><G104/><T3/><D3/><U39/><E39/><V11/><F112/><W4/><G4/><T84/><D84/><N who="1" m="48231" /><E108/><V79/><F72/><W31/><G31/><T32/><D32/><U21/><E95/><V35/><F67/><W122/><G122/><T99/><D15/><N who="1" m="9375" /><E57/><V30/><F69/><W44/><G92/><T90/><D99/><N who="1" m="57807" /><E29/><V62/><F30/><W111/><G111/><T1/><D1/><U121/><E121/><V126/><F35/><W85/><G82/><T8/><D23/><U52/><E52/><V81/><F96/><W9/><G9/><T5/><D5/><U110/><E110/><V113/><F113/><W91/><G77/><T75/><D75/><U25/><AGARI ba="1,0" hai="19,22,25,48,50" m="57807,9375,48231" machi="25" ten="30,3000,0" yaku="8,1,54,1" doraHai="134" who="1" fromWho="1" sc="229,-11,168,33,243,-11,360,-11" /><INIT seed="5,2,0,5,1,111" ten="218,201,232,349" oya="1" hai0="54,60,42,74,6,39,58,92,104,105,94,107,29" hai1="110,72,18,31,51,38,103,101,91,12,30,102,126" hai2="56,63,7,5,90,97,77,84,65,82,52,47,122" hai3="34,83,123,85,115,69,67,88,3,112,19,1,96"/><U50/><E38/><V68/><F122/><W21/><G123/><T75/><D29/><N who="1" m="10763" /><E72/><V32/><F32/><W80/><G34/><T64/><D6/><U53/><E110/><V135/><F135/><W62/><G83/><T73/><D39/><U14/><E126/><V46/><F46/><W37/><G96/><T129/><D42/><U119/><E119/><V81/><F47/><W48/><G48/><N who="1" m="18474" /><E53/><V61/><REACH who="2" step="1"/><F97/><REACH who="2" ten="218,201,222,349" step="2"/><W11/><G37/><T93/><D129/><U106/><E106/><V109/><F109/><W66/><G1/><T131/><REACH who="0" step="1"/><D131/><REACH who="0" ten="208,201,222,349" step="2"/><U79/><E79/><V117/><F117/><W114/><G3/><T0/><D0/><U87/><E18/><V124/><F124/><W24/><G19/><T35/><D35/><U22/><E22/><V10/><F10/><W45/><G11/><T100/><D100/><U71/><E71/><V55/><F55/><AGARI ba="2,2" hai="54,55,58,60,64,73,74,75,92,93,94,104,105,107" machi="55" ten="60,8000,1" yaku="1,1,29,2,53,2" doraHai="111" doraHaiUra="49" who="0" fromWho="2" sc="208,106,201,0,222,-86,349,0" /><INIT seed="6,0,0,0,5,31" ten="314,201,136,349" oya="2" hai0="93,98,108,72,49,66,43,9,28,76,17,113,8" hai1="115,83,52,119,68,53,97,54,59,80,38,26,34" hai2="129,33,132,55,100,118,86,78,14,77,36,60,71" hai3="134,35,32,99,7,51,110,87,103,4,88,107,39"/><V25/><F118/><W126/><G39/><T57/><D108/><U58/><E119/><V95/><F36/><W121/><G110/><T90/><D28/><U0/><E68/><V105/><F129/><W40/><G121/><T82/><D113/><U37/><E0/><V104/><F132/><W79/><G79/><T135/><D135/><U127/><E115/><V124/><F124/><W63/><G134/><T114/><D114/><U123/><E123/><V21/><F14/><W116/><G116/><T3/><D3/><U74/><E127/><V19/><F33/><W47/><G126/><T75/><D75/><U56/><E97/><V128/><F128/><W125/><G125/><T27/><D43/><U131/><E131/><V120/><F120/><W111/><G111/><T13/><D27/><U96/><E96/><V61/><F61/><W11/><G63/><T46/><D57/><U62/><E74/><V12/><F25/><W6/><REACH who="3" step="1"/><G11/><REACH who="3" ten="314,201,136,339" step="2"/><T70/><D9/><U1/><E62/><V22/><F60/><W85/><G85/><T30/><D70/><U18/><E37/><V64/><F86/><W67/><G67/><T29/><D66/><U81/><E38/><V92/><F64/><W102/><G102/><T133/><D133/><U45/><E45/><V112/><F71/><W101/><G101/><T20/><D8/><U91/><E91/><V5/><F100/><W10/><G10/><T50/><D46/><U117/><E117/><V16/><F112/><W15/><G15/><T42/><D90/><U109/><E109/><V2/><F12/><W44/><G44/><RYUUKYOKU ba="0,1" sc="314,-10,201,-10,136,-10,339,30" hai3="4,6,7,32,35,40,47,51,87,88,99,103,107" /><INIT seed="7,1,1,4,3,111" ten="304,191,126,369" oya="3" hai0="112,7,119,98,57,34,58,76,18,102,87,3,52" hai1="66,99,126,14,107,100,22,5,53,64,120,85,23" hai2="21,129,41,78,89,103,109,25,12,13,54,51,2" hai3="108,95,29,10,73,92,26,38,37,91,39,60,47"/><W55/><G73/><T15/><D119/><U132/><E120/><V46/><F129/><W71/><G108/><T116/><D34/><U125/><E132/><V113/><F2/><W114/><G114/><T90/><D116/><U8/><E53/><V128/><F128/><W122/><G122/><T93/><D58/><U121/><E85/><V16/><F109/><W27/><G10/><T115/><D76/><U81/><E81/><V62/><F113/><N who="0" m="43594" /><D7/><U28/><E121/><V32/><F78/><W6/><G6/><T67/><D67/><N who="1" m="25643" /><E28/><V101/><F32/><W59/><G71/><T104/><D3/><U56/><E56/><V75/><F75/><W24/><G29/><T74/><D74/><U127/><AGARI ba="1,1" hai="5,8,14,22,23,99,100,107,125,126,127" m="25643" machi="127" ten="40,1500,0" yaku="18,1" doraHai="111" who="1" fromWho="1" sc="304,-5,191,28,126,-5,369,-8" owari="299,9.9,219,-18.1,121,-37.9,361,46.1" /></mjloggm>