<mjloggm ver="2.3"><GO type="169" lobby="0"/><UN n0="%E3%81%95%E3%81%8F%E3%82%88%E3%81%93%E3%81%A1%E3%82%83%E3%82%93" n1="%63%61%72%6C%6F%73%6E" n2="%E5%A4%A7%E5%9E%8B%E7%8A%AC" n3="%E4%BF%9D%E8%82%B2%E5%A3%AB" dan="16,17,16,16" rate="2056.33,2189.49,2110.81,2182.68" sx="M,M,M,M"/><TAIKYOKU oya="0"/><INIT seed="0,0,0,1,0,52" ten="250,250,250,250" oya="0" hai0="42,51,53,45,116,31,26,79,63,101,107,68,48" hai1="1,83,35,16,97,20,92,14,133,21,72,111,22" hai2="19,47,18,30,36,87,128,32,65,80,15,121,56" hai3="109,61,46,4,55,82,90,104,81,5,64,38,135"/><T74/><D116/><U123/><E123/><V59/><F121/><W113/><G113/><T130/><D130/><U39/><E35/><V73/><F73/><W40/><G109/><T54/><D74/><U62/><E1/><V6/><F128/><W108/><G108/><T102/><D79/><U44/><E111/><V43/><F6/><W49/><G104/><T103/><D107/><U112/><E133/><V117/><F117/><W125/><G125/><T91/><D91/><U27/><E112/><V9/><F65/><W0/><G135/><T131/><D131/><U77/><E62/><V85/><F19/><W66/><G66/><T94/><D94/><U110/><E110/><V96/><F96/><W126/><G126/><T98/><D98/><U58/><E58/><V33/><F87/><W29/><G29/><T84/><D84/><U119/><E119/><V105/><F105/><W50/><G50/><T89/><D89/><U23/><E39/><V57/><REACH who="2" step="1"/><F30/><REACH who="2" ten="250,250,240,250" step="2"/><W99/><G0/><T122/><D122/><U76/><E76/><AGARI ba="0,1" hai="9,15,18,32,33,36,43,47,56,57,59,76,80,85" machi="76" ten="40,8000,1" yaku="1,1,2,1,52,3,53,0" doraHai="52" doraHaiUra="86" who="2" fromWho="1" sc="250,0,250,-80,240,90,250,0" /><INIT seed="1,0,0,5,0,55" ten="250,170,330,250" oya="1" hai0="53,121,61,54,31,102,127,126,130,29,39,44,78" hai1="5,133,72,92,34,26,58,7,70,8,49,40,87" hai2="118,113,66,90,16,112,12,3,50,82,4,106,97" hai3="125,24,28,23,22,88,119,134,36,86,20,37,91"/><U11/><E70/><V47/><F118/><W48/><G119/><T0/><D0/><U108/><E72/><V135/><F135/><W64/><G134/><T38/><D130/><U10/><E133/><V96/><F66/><W43/><G125/><N who="0" m="47627" /><D121/><U19/><E108/><V68/><F68/><W56/><G91/><T18/><D78/><U132/><E132/><V76/><F4/><W120/><G120/><T81/><D81/><U42/><E34/><V129/><F3/><W101/><G101/><T69/><D102/><U71/><E71/><V103/><F129/><W131/><G131/><T15/><D69/><U52/><E19/><V77/><F96/><W107/><G107/><T45/><D54/><U117/><E26/><V74/><F90/><W100/><G100/><T67/><D67/><U122/><E122/><V60/><F60/><N who="3" m="37895" /><G36/><N who="0" m="13867" /><D61/><U93/><E117/><V99/><F77/><W109/><G37/><T65/><D65/><U98/><E40/><V46/><F99/><W41/><G109/><T63/><D63/><U123/><E42/><N who="3" m="15882" /><G48/><N who="0" m="28807" /><D45/><U114/><E123/><V104/><F104/><W89/><G89/><T105/><D105/><U62/><E62/><V25/><F50/><W6/><G6/><T14/><D14/><U110/><E110/><V85/><F12/><W1/><G1/><T75/><D75/><U94/><E5/><V21/><REACH who="2" step="1"/><F74/><REACH who="2" ten="250,170,320,250" step="2"/><W57/><G88/><T27/><D15/><U33/><E7/><V59/><F59/><W30/><G57/><T32/><D32/><U35/><E35/><V115/><AGARI ba="0,1" hai="16,21,25,46,47,76,82,85,97,103,106,112,113,115" machi="115" ten="30,7900,0" yaku="1,1,0,1,11,1,54,1,53,0" doraHai="55" doraHaiUra="2" who="2" fromWho="2" sc="250,-20,170,-39,320,89,250,-20" /><INIT seed="2,0,0,2,3,39" ten="230,131,409,230" oya="2" hai0="33,94,92,1,54,84,55,85,19,88,12,20,95" hai1="128,70,116,104,107,8,62,4,13,105,9,112,52" hai2="24,31,32,67,34,21,115,132,66,17,86,125,64" hai3="127,113,30,114,91,40,121,7,108,130,133,38,135"/><V122/><F115/><W58/><G7/><T106/><D106/><U124/><E112/><N who="3" m="43114" /><G30/><T98/><D33/><U60/><E116/><V47/><F122/><W29/><G29/><T87/><D1/><U45/><E128/><V103/><F125/><W15/><G15/><T37/><D37/><U16/><E124/><V2/><F2/><W49/><G91/><T25/><D12/><U80/><E70/><V110/><F132/><N who="3" m="50763" /><G127/><T43/><D43/><U5/><E80/><V97/><F110/><W26/><G26/><T119/><D119/><U117/><E117/><V96/><F34/><W99/><G99/><T22/><D22/><U3/><REACH who="1" step="1"/><E5/><REACH who="1" ten="230,121,409,230" step="2"/><V11/><F103/><W74/><G130/><T53/><AGARI ba="0,1" hai="19,20,25,53,54,55,84,85,87,88,92,94,95,98" machi="53" ten="30,4000,0" yaku="0,1,8,1,54,1" doraHai="39" who="0" fromWho="0" sc="230,50,121,-10,409,-20,230,-10" /><INIT seed="3,0,0,3,4,93" ten="280,111,389,220" oya="3" hai0="134,32,19,100,107,96,101,126,60,22,34,4,11" hai1="23,30,135,51,12,86,56,5,44,106,81,24,42" hai2="89,27,49,131,85,45,15,63,88,113,38,18,50" hai3="118,55,6,111,67,9,41,25,8,116,79,109,90"/><W121/><G79/><T2/><D134/><U68/><E68/><V10/><F113/><W37/><G67/><T59/><D101/><U66/><E135/><V7/><F131/><W124/><G55/><T97/><D97/><U74/><E74/><V14/><F27/><W54/><G121/><T3/><D3/><U36/><E106/><V43/><F63/><W47/><G124/><T76/><D76/><U95/><E95/><V102/><F102/><W117/><G54/><T115/><D115/><U112/><E112/><V1/><F1/><W123/><G123/><T127/><D127/><U62/><E12/><V39/><F39/><W33/><G90/><T94/><D107/><U69/><E5/><V52/><F85/><W13/><REACH who="3" step="1"/><G8/><REACH who="3" ten="280,111,389,210" step="2"/><T26/><D126/><U21/><E69/><V99/><F89/><W20/><G20/><T91/><D91/><N who="1" m="51663" /><E36/><V75/><F38/><W16/><G16/><T104/><D104/><U110/><E110/><V31/><F18/><W35/><G35/><T108/><D108/><U132/><E132/><V73/><F88/><W78/><G78/><T0/><D32/><U80/><E23/><V87/><F10/><W92/><G92/><T46/><D34/><U103/><E103/><V40/><F75/><W53/><G53/><T71/><D100/><U98/><E80/><V17/><F73/><W122/><G122/><T119/><D94/><U65/><E65/><V77/><F77/><W120/><G120/><T105/><D22/><U28/><E28/><AGARI ba="0,1" hai="6,9,13,25,28,33,37,41,47,109,111,116,117,118" machi="28" ten="50,2400,0" yaku="1,1,53,0" doraHai="93" doraHaiUra="61" who="3" fromWho="1" sc="280,0,111,-24,389,0,210,34" /><INIT seed="3,1,0,5,4,52" ten="280,87,389,244" oya="3" hai0="13,90,39,42,61,9,62,7,86,10,15,12,80" hai1="123,31,67,78,99,35,112,130,28,74,126,54,75" hai2="113,43,49,56,104,132,58,53,33,128,120,21,108" hai3="19,41,37,8,82,124,121,69,100,38,87,29,11"/><W45/><G121/><T24/><D39/><U72/><E123/><V17/><F120/><W93/><G124/><T20/><D42/><U59/><E112/><V26/><F113/><W68/><G37/><T47/><D47/><U64/><E126/><V51/><F108/><W60/><G29/><T101/><D101/><U129/><E78/><V122/><F122/><W106/><G106/><T55/><D55/><U70/><E99/><V48/><F128/><N who="1" m="49257" /><E70/><V23/><F104/><W105/><G105/><T44/><D44/><U116/><E116/><V3/><F3/><W88/><G69/><T131/><D131/><U25/><E31/><N who="2" m="17871" /><F33/><W34/><G34/><T66/><D66/><U85/><E85/><V16/><F132/><W0/><G0/><T2/><REACH who="0" step="1"/><D10/><REACH who="0" ten="270,87,389,244" step="2"/><U81/><E81/><V133/><F43/><W40/><G40/><T4/><D4/><U18/><E18/><AGARI ba="1,1" hai="2,7,9,12,13,15,18,20,24,61,62,80,86,90" machi="18" ten="40,2600,0" yaku="1,1,53,1" doraHai="52" doraHaiUra="84" who="0" fromWho="1" sc="270,39,87,-29,389,0,244,0" /><INIT seed="4,0,0,3,5,48" ten="309,58,389,244" oya="0" hai0="124,105,44,122,49,17,23,42,4,78,13,93,112" hai1="24,87,27,63,21,92,33,29,59,14,36,123,64" hai2="121,129,10,47,125,52,104,68,100,131,88,9,16" hai3="34,114,1,0,60,7,38,26,8,135,30,90,51"/><T110/><D105/><U130/><E123/><V37/><F121/><W19/><G38/><T62/><D122/><U54/><E36/><V82/><F68/><W134/><G114/><T70/><D112/><U40/><E130/><N who="2" m="49675" /><F37/><W73/><G73/><T76/><D124/><U117/><E40/><V119/><F125/><W35/><G60/><T56/><D70/><U57/><E117/><V126/><F126/><W107/><G107/><T3/><D110/><U66/><E14/><N who="2" m="7247" /><F10/><W80/><G0/><T85/><D4/><U50/><E87/><N who="2" m="50295" /><F119/><W113/><G8/><T115/><D3/><U58/><E92/><V118/><F118/><W55/><G1/><T71/><D71/><U25/><E33/><V91/><F91/><W11/><G90/><N who="0" m="53455" /><D115/><U102/><E102/><V22/><F22/><W12/><G35/><T111/><D111/><U132/><E132/><V46/><F52/><AGARI ba="0,0" hai="13,17,23,42,44,49,52,56,62,76,78" m="53455" machi="52" ten="30,5800,0" yaku="8,1,52,1,54,1" doraHai="48" who="0" fromWho="2" sc="309,58,58,0,389,-58,244,0" /><INIT seed="4,1,0,3,4,58" ten="367,58,331,244" oya="0" hai0="81,57,130,41,35,75,74,50,88,76,117,126,63" hai1="123,122,34,132,60,79,19,45,99,72,118,22,44" hai2="30,134,113,102,128,0,116,82,89,51,56,17,21" hai3="93,4,32,90,61,131,52,83,65,12,5,129,101"/><T91/><D117/><U18/><E118/><V39/><F116/><W7/><G32/><T6/><D35/><U33/><E132/><V14/><F39/><W27/><G101/><T15/><D75/><U96/><E22/><V23/><F0/><W13/><G83/><T112/><D112/><U43/><E72/><V10/><F134/><W119/><G27/><T105/><D105/><U85/><E85/><N who="2" m="50359" /><F128/><N who="3" m="49227" /><G52/><T31/><D31/><U78/><REACH who="1" step="1"/><E43/><REACH who="1" ten="367,48,331,244" step="2"/><V111/><F23/><W16/><G119/><T29/><D41/><U8/><E8/><V135/><F10/><N who="3" m="6167" /><G13/><T67/><D15/><U66/><E66/><V28/><F21/><W84/><G4/><T125/><D6/><U98/><E98/><V46/><F14/><W103/><G103/><T127/><D130/><U109/><E109/><V68/><F102/><W73/><G73/><T104/><D104/><U69/><E69/><AGARI ba="1,1" hai="5,7,61,65,69,84,90,93" m="6167,49227" machi="69" ten="30,3900,0" yaku="19,1,52,1,54,1" doraHai="58" who="3" fromWho="1" sc="367,0,48,-42,331,0,244,52" /><INIT seed="5,0,0,1,4,15" ten="367,6,331,296" oya="1" hai0="74,105,29,116,79,41,81,131,98,123,84,47,52" hai1="106,35,90,65,2,134,101,127,108,5,17,93,46" hai2="25,129,60,128,23,88,76,19,96,83,37,31,133" hai3="68,80,44,94,109,26,71,58,100,97,63,115,92"/><U32/><E127/><V21/><F37/><W122/><G109/><T45/><D116/><U7/><E108/><V104/><F60/><W62/><G122/><T103/><D123/><U73/><E73/><V110/><F110/><W59/><G115/><T78/><D131/><N who="2" m="50250" /><F133/><W121/><G121/><T54/><D29/><U28/><E134/><V12/><F104/><W50/><G80/><T82/><D47/><U20/><E101/><V24/><F76/><W13/><G26/><T42/><D42/><U99/><E106/><V95/><F83/><W130/><G130/><T75/><D84/><U53/><E65/><V57/><F57/><W107/><G107/><T16/><D16/><U0/><E0/><V39/><F39/><AGARI ba="0,0" hai="39,41,45,52,54,74,75,78,79,81,82,98,103,105" machi="39" ten="30,3900,0" yaku="7,1,9,1,54,1" doraHai="15" who="0" fromWho="2" sc="367,39,6,0,331,-39,296,0" /><INIT seed="6,0,0,5,3,106" ten="406,6,292,296" oya="2" hai0="125,83,62,58,75,97,117,96,109,25,104,102,108" hai1="19,34,85,118,48,68,15,3,39,27,67,74,100" hai2="126,91,110,11,22,112,71,130,43,98,1,105,101" hai3="28,89,37,127,76,121,47,7,80,14,30,10,45"/><V12/><F112/><W133/><G121/><T65/><D125/><U5/><E48/><V128/><F126/><W2/><G127/><T55/><D117/><U29/><E85/><V26/><F110/><W18/><G133/><T107/><D25/><U63/><E39/><V113/><F113/><W73/><G89/><T70/><D75/><U122/><E118/><V9/><F71/><W84/><G84/><T59/><D83/><U53/><E53/><V24/><F43/><N who="3" m="22767" /><G47/><T78/><D78/><U131/><E122/><V132/><F132/><W49/><G49/><T135/><D135/><U87/><E87/><V82/><F1/><W44/><G44/><T0/><D0/><U111/><E111/><V60/><F60/><W41/><G41/><T57/><D55/><U13/><E100/><AGARI ba="0,0" hai="57,58,59,62,65,70,96,97,100,102,104,107,108,109" machi="100" ten="40,1300,0" yaku="9,1" doraHai="106" who="0" fromWho="1" sc="406,13,6,-13,292,0,296,0" owari="419,51.9,-7,-50.7,292,-10.8,296,9.6" /></mjloggm>