<mjloggm ver="2.3"><GO type="169" lobby="0"/><UN n0="%41%2E%53%74%61%72%73" n1="%E2%97%8E%E3%82%88%E3%81%97%E2%97%8E" n2="%E8%B6%85%E7%B5%B6%E5%82%99%E9%95%B7%E7%82%AD" n3="%58%E7%8C%AB" dan="16,17,17,16" rate="2048.81,2191.95,2077.63,2088.12" sx="M,M,M,M"/><TAIKYOKU oya="0"/><INIT seed="0,0,0,2,5,82" ten="250,250,250,250" oya="0" hai0="6,112,95,107,58,10,16,28,109,18,125,87,85" hai1="56,119,54,86,106,69,111,41,84,46,12,20,38" hai2="25,103,74,118,104,65,91,59,105,127,13,101,2" hai3="83,34,117,131,96,33,0,44,60,72,53,47,21"/><T123/><D123/><U48/><E119/><V15/><F2/><W29/><G117/><T129/><D107/><U80/><E111/><V89/><F118/><W75/><G0/><T88/><D112/><U120/><E120/><V37/><F37/><W26/><G131/><T97/><D129/><U114/><E114/><V61/><F74/><W4/><G4/><T36/><D36/><U9/><E106/><V45/><F105/><W71/><G21/><T79/><D109/><U31/><E69/><V64/><F127/><W68/><G96/><T27/><D125/><U30/><E20/><V17/><F65/><W92/><G92/><T78/><D58/><U116/><E116/><V73/><F73/><W108/><G108/><T57/><D57/><U50/><E38/><V1/><F1/><W121/><G60/><T94/><D79/><U3/><E3/><V49/><F15/><W19/><G26/><T42/><D42/><U43/><E43/><N who="2" m="24767" /><F25/><W32/><G32/><T11/><D78/><N who="1" m="46103" /><E86/><N who="0" m="32777" /><D95/><U98/><E98/><V135/><F104/><W110/><G110/><T35/><D35/><U76/><E76/><V7/><F64/><W5/><G33/><T24/><D28/><U67/><E67/><V63/><F63/><W90/><G29/><T130/><D130/><U115/><E115/><V124/><F61/><W99/><G34/><T77/><D77/><U126/><E126/><V102/><F124/><W70/><G121/><T39/><D39/><U66/><E66/><V128/><F128/><W22/><G72/><T132/><D132/><U40/><E40/><V81/><F135/><RYUUKYOKU ba="0,0" sc="250,-10,250,30,250,-10,250,-10" hai1="9,12,30,31,41,46,48,50,54,56" /><INIT seed="1,1,0,4,2,49" ten="240,280,240,240" oya="1" hai0="66,98,90,79,34,32,46,12,67,4,40,123,62" hai1="35,87,97,27,114,101,30,20,0,96,63,109,120" hai2="47,93,82,72,84,100,29,126,103,53,118,65,111" hai3="76,23,13,104,1,124,130,6,91,31,26,134,57"/><U9/><E120/><V19/><F118/><W88/><G104/><T8/><D123/><U108/><E114/><V64/><F72/><W48/><G130/><T69/><D67/><U73/><E73/><V94/><F29/><W122/><G122/><T95/><REACH who="0" step="1"/><D79/><REACH who="0" ten="230,280,240,240" step="2"/><U125/><E125/><V85/><F65/><W121/><G124/><T105/><D105/><U61/><E35/><V71/><F64/><W28/><G121/><T3/><D3/><U54/><E0/><V11/><F126/><W24/><G1/><T119/><D119/><U81/><E9/><V55/><F11/><N who="3" m="4343" /><G76/><T17/><D17/><U92/><E97/><V60/><F19/><W21/><G134/><T18/><D18/><U107/><E107/><V41/><F85/><W127/><G127/><T75/><D75/><U115/><E115/><V117/><F117/><W37/><G37/><AGARI ba="1,1" hai="4,8,12,32,34,37,40,46,62,66,69,90,95,98" machi="37" ten="30,2000,0" yaku="1,1,7,1,53,0" doraHai="49" doraHaiUra="16" who="0" fromWho="3" sc="230,33,280,0,240,0,240,-23" /><INIT seed="2,0,0,2,2,1" ten="263,280,240,217" oya="2" hai0="134,24,109,34,112,71,45,61,70,120,9,33,51" hai1="127,41,60,35,10,86,94,7,126,81,16,83,100" hai2="102,49,15,0,128,82,101,88,107,95,67,115,106" hai3="63,87,32,6,69,104,129,96,40,12,26,79,116"/><V114/><F0/><W50/><G116/><T133/><D120/><U113/><E35/><V30/><F30/><W64/><G129/><T119/><D119/><U132/><E113/><V84/><F67/><W43/><G79/><T8/><D112/><N who="2" m="43050" /><F15/><W65/><G87/><T111/><D51/><U85/><E41/><V28/><F28/><W124/><G50/><T3/><D45/><U105/><E60/><V98/><F49/><W73/><G73/><T78/><D78/><U57/><E57/><V89/><F128/><W117/><G65/><T22/><D3/><U31/><E31/><V135/><F135/><N who="0" m="51722" /><D22/><U21/><E132/><V56/><F56/><W54/><G117/><T47/><D47/><U53/><E53/><V76/><F89/><W92/><G54/><T90/><D90/><U59/><E59/><V46/><F46/><W75/><G43/><T36/><D36/><U2/><E126/><V110/><F110/><N who="0" m="41994" /><D24/><U118/><E127/><V99/><F102/><N who="3" m="62535" /><G124/><T42/><D42/><U103/><E118/><V25/><F25/><W19/><G40/><T37/><D37/><U68/><E68/><N who="0" m="26153" /><D61/><U44/><E44/><V97/><F97/><W125/><G125/><T52/><D52/><U121/><E2/><V48/><F48/><W80/><G26/><T108/><D108/><U91/><E21/><V66/><F66/><W93/><G32/><AGARI ba="0,0" hai="8,9,32,33,34" m="26153,41994,51722" machi="32" ten="40,8000,1" yaku="28,2,20,1,14,1" doraHai="1" who="0" fromWho="3" sc="263,80,280,0,240,0,217,-80" /><INIT seed="3,0,0,4,5,18" ten="343,280,240,137" oya="3" hai0="100,78,94,41,57,11,88,120,65,48,118,129,128" hai1="61,126,40,73,132,42,90,97,8,101,123,66,3" hai2="7,38,125,83,99,64,110,98,72,54,16,55,30" hai3="23,133,17,58,111,102,85,67,32,31,79,37,33"/><W56/><G37/><T36/><D118/><U76/><E123/><V122/><F38/><W116/><G116/><T5/><D120/><U91/><E126/><V124/><F122/><W52/><G133/><T29/><D100/><U95/><E132/><V109/><F64/><W15/><G102/><T69/><D78/><U96/><E91/><V127/><F30/><W112/><G112/><T62/><D29/><U130/><E130/><N who="0" m="50281" /><D36/><U39/><E39/><V9/><F83/><W117/><G117/><T74/><D74/><U87/><E76/><V108/><F72/><W24/><G58/><T47/><D11/><U121/><E73/><V45/><F45/><W63/><G111/><T115/><D5/><U107/><E121/><V114/><F114/><W14/><G14/><T60/><D115/><U51/><E51/><V34/><F34/><W53/><REACH who="3" step="1"/><G33/><REACH who="3" ten="343,280,240,127" step="2"/><T75/><D57/><U105/><E3/><V22/><F7/><W13/><G13/><T59/><D59/><U103/><E8/><V135/><F9/><W84/><G84/><N who="0" m="52487" /><D75/><U82/><E105/><V46/><F135/><W21/><G21/><T92/><D62/><U71/><AGARI ba="0,1" hai="40,42,61,66,71,82,87,90,95,96,97,101,103,107" machi="71" ten="20,1500,0" yaku="0,1,7,1" doraHai="18" who="1" fromWho="1" sc="343,-4,280,25,240,-4,127,-7" /><INIT seed="4,0,0,4,4,30" ten="339,305,236,120" oya="0" hai0="35,125,98,104,70,117,22,106,61,120,45,92,36" hai1="47,90,4,18,86,108,115,100,26,40,79,109,95" hai2="32,128,49,77,33,121,101,96,93,60,20,10,127" hai3="53,48,64,71,28,94,5,44,58,130,89,1,24"/><T0/><D117/><U62/><E115/><V7/><F121/><W73/><G130/><T67/><D120/><U81/><E4/><V88/><F128/><W16/><G73/><T25/><D125/><U63/><E100/><V82/><F127/><W112/><G112/><T131/><D131/><U75/><E18/><V113/><F113/><W133/><G133/><T80/><D0/><U31/><E108/><V105/><F20/><W52/><G71/><T29/><D80/><U116/><E116/><V15/><F60/><W102/><G102/><T27/><D45/><U19/><E19/><V11/><F11/><W13/><G1/><T6/><D6/><U135/><E135/><V38/><F38/><W41/><G5/><T37/><D106/><U34/><REACH who="1" step="1"/><E109/><REACH who="1" ten="339,295,236,120" step="2"/><V21/><F101/><W111/><G111/><T85/><D104/><U126/><E126/><V56/><F105/><W54/><G13/><T55/><D27/><U87/><E87/><V118/><F118/><W23/><G28/><T107/><D85/><U132/><E132/><V14/><F15/><W123/><G123/><T65/><D107/><U97/><E97/><V50/><F7/><W46/><G46/><T76/><D98/><U129/><E129/><V103/><F96/><N who="3" m="57423" /><G64/><T134/><D67/><U3/><E3/><V57/><F103/><W39/><G39/><AGARI ba="0,1" hai="26,31,34,39,40,47,62,63,75,79,81,86,90,95" machi="39" ten="30,3900,0" yaku="1,1,7,1,52,1,53,0" doraHai="30" doraHaiUra="119" who="1" fromWho="3" sc="339,0,295,49,236,0,120,-39" /><INIT seed="5,0,0,3,2,106" ten="339,344,236,81" oya="1" hai0="111,133,73,27,48,125,16,28,126,131,60,17,114" hai1="88,69,83,37,25,134,55,20,107,44,47,43,92" hai2="9,59,122,38,86,113,57,36,14,79,123,100,42" hai3="105,18,99,67,23,119,121,15,74,104,112,1,91"/><U95/><E134/><V30/><F100/><W35/><G119/><T32/><D111/><U61/><E107/><V108/><F108/><W129/><G121/><T7/><D133/><U89/><E47/><V68/><F68/><W46/><G1/><T54/><D60/><U58/><E69/><V66/><F30/><W24/><G67/><T78/><D7/><U2/><E2/><V26/><F26/><W90/><G112/><T12/><D114/><U127/><E127/><N who="0" m="48649" /><D131/><U3/><E3/><V135/><F135/><W49/><G129/><T31/><D31/><U40/><E40/><V41/><F113/><W6/><G35/><T70/><D70/><U21/><E83/><V63/><F122/><W94/><G91/><T33/><D33/><U124/><E124/><V19/><F123/><W81/><G6/><T96/><D96/><U80/><E80/><N who="2" m="47391" /><F38/><W64/><G64/><T128/><D128/><U5/><E5/><V101/><F101/><W22/><G81/><N who="0" m="45263" /><D12/><U10/><E10/><V76/><F76/><W130/><G130/><T50/><D50/><U102/><E102/><V62/><F36/><W71/><G71/><T75/><D75/><U53/><E53/><AGARI ba="0,0" hai="9,14,19,41,42,53,57,59,62,63,66" m="47391" machi="53" ten="30,1000,0" yaku="8,1" doraHai="106" who="2" fromWho="1" sc="339,0,344,-10,236,10,81,0" /><INIT seed="6,0,0,1,2,94" ten="339,334,246,81" oya="2" hai0="28,108,101,56,43,13,88,117,111,110,55,80,123" hai1="14,22,12,47,72,19,79,106,77,0,29,107,69" hai2="130,67,4,122,3,16,68,32,41,42,59,128,74" hai3="126,62,93,75,115,53,54,134,31,23,112,99,84"/><V131/><F68/><W15/><G75/><T60/><D123/><U100/><E0/><V9/><F32/><W57/><G84/><T85/><D117/><U17/><E69/><V70/><F70/><W82/><G82/><T91/><D43/><U7/><E29/><V135/><F74/><W61/><G126/><T73/><D28/><U24/><E7/><V116/><F116/><W76/><G76/><T121/><D121/><U102/><E72/><V98/><F122/><W51/><G134/><T34/><D34/><U124/><E47/><V5/><F4/><W120/><G120/><T39/><D39/><U33/><E33/><V45/><F45/><W37/><G37/><T44/><D44/><U87/><E87/><V90/><F135/><W36/><G36/><T2/><D2/><U46/><E46/><V6/><F6/><W66/><G62/><T83/><D101/><U58/><E24/><V18/><F42/><W26/><G15/><T8/><D73/><U64/><E22/><V109/><F41/><W119/><G119/><T21/><D21/><U20/><E20/><V129/><F109/><W96/><G96/><T40/><D40/><U132/><E132/><V104/><F131/><W52/><G51/><T97/><D97/><U63/><E63/><N who="2" m="38399" /><F90/><W81/><G81/><T38/><D38/><U35/><E35/><V92/><F92/><W30/><G30/><T1/><D1/><U133/><E133/><V27/><F27/><W89/><AGARI ba="0,0" hai="23,26,31,52,53,54,57,61,66,89,93,99,112,115" machi="89" ten="30,4000,0" yaku="0,1,52,1,54,1" doraHai="94" who="3" fromWho="3" sc="339,-10,334,-10,246,-20,81,40" /><INIT seed="7,0,0,2,1,105" ten="329,324,226,121" oya="3" hai0="47,20,4,32,120,109,97,66,33,85,119,2,123" hai1="72,100,17,95,124,18,59,103,68,43,37,112,21" hai2="131,127,115,108,117,16,31,77,27,29,36,28,39" hai3="42,56,92,24,12,61,118,69,111,122,73,9,114"/><W35/><G122/><T1/><D109/><U96/><E68/><V38/><F108/><W67/><G118/><T128/><D119/><U10/><E72/><V134/><F117/><W93/><G111/><T71/><D85/><U46/><E112/><V81/><F115/><W80/><G114/><T0/><D20/><U132/><E124/><V83/><F127/><W64/><G42/><T135/><D47/><U52/><E132/><V89/><F134/><W19/><G69/><T44/><D44/><U14/><E100/><V25/><F131/><W130/><G130/><T133/><D128/><U82/><E82/><V22/><F89/><W34/><G67/><T106/><D4/><U99/><E96/><V110/><F81/><W49/><G49/><T76/><D76/><U58/><E52/><V11/><F11/><W54/><G64/><T129/><D129/><U79/><E79/><V7/><F7/><W55/><G55/><T57/><D57/><U65/><E65/><V102/><F102/><W40/><G40/><T63/><D135/><U98/><E98/><V84/><REACH who="2" step="1"/><F110/><REACH who="2" ten="329,324,216,121" step="2"/><W13/><G13/><AGARI ba="0,1" hai="10,13,14,17,18,21,37,43,46,58,59,95,99,103" machi="13" ten="30,1000,0" yaku="7,1" doraHai="105" who="1" fromWho="3" sc="329,0,324,20,216,0,121,-10" /><AGARI ba="0,0" hai="13,16,22,25,27,28,29,31,36,38,39,77,83,84" machi="13" ten="50,8000,1" yaku="1,1,2,1,54,1,53,1" doraHai="105" doraHaiUra="15" who="2" fromWho="3" sc="329,0,344,0,216,80,111,-80" owari="329,12.9,344,44.4,296,-10.4,31,-46.9" /></mjloggm>