<mjloggm ver="2.3"><GO type="169" lobby="0"/><UN n0="%E3%83%A9%E3%83%B3%E3%82%B0%E3%83%A9" n1="%31%35%2E%31%35%63%6D" n2="%E3%80%8E%E3%83%A8%E3%82%B9%E3%82%AC%E3%83%8E%E3%82%BD%E3%83%A9%E3%80%8F" n3="%E3%82%A8%E3%82%B0%E3%83%81%E3%80%81" dan="16,16,17,17" rate="2080.43,2141.68,2176.48,2184.02" sx="M,M,M,M"/><TAIKYOKU oya="0"/><INIT seed="0,0,0,2,1,60" ten="250,250,250,250" oya="0" hai0="70,23,46,66,122,87,4,33,93,127,53,49,26" hai1="74,37,19,5,113,116,69,110,24,132,15,21,104" hai2="75,111,30,56,125,121,73,68,58,59,130,65,10" hai3="63,100,112,13,45,80,50,96,92,42,102,14,99"/><T76/><D122/><U91/><E74/><V41/><F121/><W135/><G135/><T9/><D127/><U40/><E104/><V12/><F125/><W134/><G134/><T77/><D33/><U88/><E132/><V35/><F130/><W86/><G112/><T81/><D93/><U0/><E69/><V8/><F41/><W107/><REACH who="3" step="1"/><G63/><REACH who="3" ten="250,250,250,240" step="2"/><T44/><D70/><U25/><E113/><V108/><F68/><W90/><AGARI ba="0,1" hai="13,14,42,45,50,80,86,90,92,96,99,100,102,107" machi="90" ten="20,12000,2" yaku="1,1,2,1,0,1,7,1,53,2" doraHai="60" doraHaiUra="97" who="3" fromWho="3" sc="250,-60,250,-30,250,-30,240,130" /><INIT seed="1,0,0,1,0,29" ten="190,220,220,370" oya="1" hai0="81,54,64,75,125,79,2,86,132,100,53,33,123" hai1="39,127,57,4,130,27,47,91,76,51,103,124,135" hai2="80,5,41,73,3,44,119,112,109,62,11,13,106" hai3="107,30,36,114,131,22,117,31,82,46,38,25,101"/><U118/><E118/><V72/><F119/><W1/><G117/><T105/><D2/><U19/><E103/><V128/><F109/><W115/><G1/><T48/><D132/><U26/><E76/><V129/><F112/><W108/><G108/><T32/><D125/><N who="1" m="48203" /><E39/><N who="2" m="21567" /><F106/><W56/><G131/><N who="2" m="50249" /><F62/><W69/><G56/><T28/><D28/><U122/><E130/><V110/><F110/><W65/><G31/><T58/><D64/><U9/><E57/><V93/><F93/><W10/><G82/><T34/><D123/><U45/><E122/><V104/><F104/><W88/><G46/><N who="1" m="17418" /><E51/><V120/><F120/><W68/><G38/><T67/><D67/><U20/><E91/><V84/><F3/><W66/><G88/><AGARI ba="0,0" hai="5,11,13,72,73,80,84,88" m="50249,21567" machi="88" ten="30,2000,0" yaku="19,1,54,1" doraHai="29" who="2" fromWho="3" sc="190,0,220,0,220,20,370,-20" /><INIT seed="2,0,0,0,4,48" ten="190,220,240,350" oya="2" hai0="90,110,50,87,24,10,79,70,129,92,56,13,19" hai1="127,8,1,22,86,35,73,84,71,91,41,51,65" hai2="36,28,85,95,53,66,88,52,99,107,130,6,111" hai3="128,64,98,11,17,30,62,59,80,114,31,104,96"/><V39/><F130/><W25/><G128/><T123/><D129/><U61/><E73/><V93/><F107/><W117/><G117/><T124/><D110/><U118/><E118/><V60/><F111/><W46/><G114/><T78/><D124/><U97/><E35/><V27/><F6/><W63/><G104/><T131/><D131/><U101/><E127/><V112/><F112/><W47/><G80/><T34/><D70/><U38/><E38/><V132/><F36/><W40/><G63/><T15/><D123/><U42/><E1/><V68/><F39/><W3/><G3/><T82/><D34/><U72/><E72/><V12/><F12/><W43/><G47/><T116/><D24/><U18/><E8/><V105/><F132/><W23/><G46/><T76/><D116/><U106/><E51/><V83/><F105/><W58/><G58/><T5/><D82/><U100/><E100/><V113/><F95/><W55/><G64/><T2/><REACH who="0" step="1"/><D19/><REACH who="0" ten="180,220,240,350" step="2"/><U120/><E120/><V37/><F113/><W44/><G31/><T89/><D89/><U54/><E91/><V115/><F115/><W21/><G30/><T45/><D45/><U69/><E69/><V126/><F126/><W14/><G44/><T133/><D133/><U75/><E71/><V81/><F37/><W49/><G25/><T134/><D134/><U121/><E18/><V94/><F81/><W26/><G26/><T0/><D0/><U122/><E122/><V32/><F83/><W67/><G43/><T20/><D20/><N who="3" m="7753" /><G40/><T102/><D102/><AGARI ba="0,1" hai="27,28,32,52,53,60,66,68,85,88,93,94,99,102" machi="102" ten="30,12000,1" yaku="7,1,52,2,54,2" doraHai="48" who="2" fromWho="0" sc="180,-120,220,0,240,130,350,0" /><INIT seed="2,1,0,0,1,72" ten="60,220,370,350" oya="2" hai0="120,127,89,32,54,7,94,19,105,93,88,34,117" hai1="66,28,10,39,125,97,103,75,60,82,104,77,79" hai2="5,29,53,3,112,48,113,11,74,128,12,52,87" hai3="102,92,98,6,15,13,57,71,65,38,56,64,0"/><V83/><F74/><W1/><G38/><T121/><D7/><U33/><E125/><V68/><F68/><W81/><G81/><T123/><D105/><U16/><E39/><V8/><F29/><W111/><G111/><T90/><D127/><U78/><E16/><V44/><F53/><W23/><G23/><T9/><D54/><U135/><E10/><V76/><REACH who="2" step="1"/><F128/><REACH who="2" ten="60,220,360,350" step="2"/><W99/><G71/><T73/><D73/><U106/><E135/><V95/><F95/><W119/><G92/><T108/><D108/><U118/><E106/><V35/><F35/><W129/><G129/><T109/><D109/><U115/><E118/><V134/><F134/><W43/><G43/><T4/><D117/><U70/><E115/><V46/><F46/><W124/><G119/><T27/><D34/><U91/><E28/><V50/><F50/><W42/><G42/><T51/><D51/><U41/><E41/><V30/><F30/><W69/><G69/><T40/><D40/><U31/><E31/><V132/><F132/><W80/><G124/><T20/><REACH who="0" step="1"/><D32/><REACH who="0" ten="50,220,360,350" step="2"/><U131/><E33/><V17/><AGARI ba="1,2" hai="3,5,8,11,12,17,44,48,52,76,83,87,112,113" machi="17" ten="20,12000,1" yaku="1,1,0,1,7,1,52,1,54,1,53,0" doraHai="72" doraHaiUra="37" who="2" fromWho="2" sc="50,-41,220,-41,360,143,350,-41" /><INIT seed="2,2,0,4,2,71" ten="9,179,503,309" oya="2" hai0="0,104,100,97,125,31,96,35,2,10,63,108,134" hai1="13,70,69,76,90,94,4,101,73,72,6,67,75" hai2="79,16,25,107,53,20,18,48,61,28,55,14,54" hai3="22,127,51,15,99,105,83,74,47,33,131,88,112"/><V3/><F3/><W119/><G33/><T120/><D120/><U109/><E101/><V124/><F107/><W24/><G119/><T58/><D108/><U65/><E76/><V5/><F124/><W123/><G123/><T17/><D125/><U122/><E122/><V60/><F79/><W81/><G127/><T121/><D121/><U19/><E19/><N who="2" m="7211" /><F48/><W44/><G131/><T64/><D134/><U89/><E94/><V113/><F113/><W43/><G74/><T57/><D96/><U110/><E13/><V66/><F66/><W50/><G15/><T135/><D135/><U128/><REACH who="1" step="1"/><E75/><REACH who="1" ten="9,169,503,309" step="2"/><V85/><F14/><W34/><G112/><T116/><D116/><U91/><E91/><V30/><F30/><N who="3" m="17687" /><G105/><T36/><D17/><U23/><E23/><V130/><F20/><W117/><G34/><T93/><D10/><U39/><E39/><V45/><F28/><W103/><G103/><T42/><D36/><U114/><E114/><V92/><F92/><N who="3" m="56711" /><G117/><T59/><D93/><U86/><E86/><V41/><F85/><W1/><G1/><T82/><D82/><U12/><E12/><V78/><F78/><W21/><G21/><T9/><D9/><U7/><E7/><V37/><F5/><W38/><G38/><T27/><D42/><U29/><E29/><V102/><F102/><W126/><G126/><T95/><D95/><U111/><E111/><V118/><F118/><W62/><G62/><T132/><D132/><U8/><E8/><V84/><F61/><W52/><AGARI ba="2,1" hai="43,44,47,50,51,52,81,83" m="56711,17687" machi="52" ten="30,4000,0" yaku="8,1,54,2" doraHai="71" who="3" fromWho="3" sc="9,-12,169,-12,503,-22,309,56" owari="-3,-50.3,157,-24.3,481,58.1,365,16.5" /></mjloggm>