<mjloggm ver="2.3"><GO type="169" lobby="0"/><UN n0="%E5%A4%A9%E6%89%8D%E9%BA%BB%E5%B0%86%E6%99%BA%E4%B9%83" n1="%E3%82%89%E3%81%84%E3%81%B5%E3%81%8C%E3%83%BC%E3%81%A9%E3%81%99%E3%81%8D" n2="%E3%81%82%E3%81%95%E3%81%B4%E3%82%93%EF%BC%A0%EF%BD%8D%EF%BD%8A" n3="%41%4C%50%45%52%49%4E" dan="16,17,18,17" rate="2140.30,2097.03,2303.50,2188.70" sx="M,M,M,M"/><TAIKYOKU oya="0"/><INIT seed="0,0,0,1,2,135" ten="250,250,250,250" oya="0" hai0="95,61,15,3,23,133,127,123,91,87,113,102,84" hai1="34,37,46,19,9,120,33,103,100,35,20,125,83" hai2="24,111,49,38,66,107,51,119,12,75,92,5,32" hai3="73,99,132,2,13,116,72,39,65,57,21,128,105"/><T71/><D3/><U114/><E120/><V93/><F107/><W88/><G116/><T67/><D113/><U50/><E37/><V44/><F75/><W97/><G2/><T54/><D123/><U45/><E114/><V101/><F66/><W82/><G39/><T27/><D133/><U7/><E83/><V56/><F38/><W6/><G128/><T80/><D15/><U11/><E46/><V58/><F111/><W124/><G132/><T4/><D4/><U42/><E125/><V63/><F51/><W8/><G124/><T78/><D127/><U41/><E41/><V126/><F119/><W30/><G105/><T16/><D54/><U60/><E60/><V110/><F110/><W118/><G118/><T76/><REACH who="0" step="1"/><D102/><REACH who="0" ten="240,250,250,250" step="2"/><U1/><REACH who="1" step="1"/><E9/><REACH who="1" ten="240,240,250,250" step="2"/><V0/><F126/><W81/><G8/><T109/><D109/><U98/><E98/><V36/><F0/><W96/><G99/><T115/><D115/><U48/><E48/><V74/><F36/><W94/><G96/><T62/><D62/><U22/><E22/><V130/><F63/><W17/><G21/><T70/><D70/><U86/><E86/><V108/><F108/><W85/><G85/><T112/><D112/><U121/><E121/><V68/><F68/><W77/><G97/><T79/><AGARI ba="0,2" hai="16,23,27,61,67,71,76,78,79,80,84,87,91,95" machi="79" ten="20,12000,1" yaku="1,1,0,1,7,1,54,1,53,1" doraHai="135" doraHaiUra="64" who="0" fromWho="0" sc="240,140,240,-40,250,-40,250,-40" /><INIT seed="0,1,0,0,4,109" ten="380,200,210,210" oya="0" hai0="112,81,116,11,85,72,64,125,25,110,115,52,31" hai1="54,132,33,58,67,36,135,74,102,49,96,117,101" hai2="9,97,94,131,86,130,127,83,2,3,87,10,79" hai3="88,89,66,16,35,105,20,37,95,19,113,13,41"/><T99/><D116/><U48/><E74/><V15/><F127/><W82/><G113/><T118/><D118/><U129/><E117/><V134/><F134/><N who="1" m="51241" /><E36/><V51/><F86/><W46/><G105/><T22/><D72/><U32/><E129/><N who="2" m="49163" /><F51/><N who="1" m="19529" /><E67/><V98/><F10/><W100/><G35/><N who="1" m="13386" /><E96/><N who="2" m="36971" /><F94/><W14/><G66/><T126/><D64/><U76/><E76/><V107/><F107/><W70/><G70/><T77/><D110/><U65/><E65/><V8/><F8/><W7/><G100/><T123/><D123/><U30/><E30/><V39/><F39/><W63/><G89/><T111/><D111/><U26/><E26/><V57/><F57/><W124/><G88/><T59/><D11/><U73/><E73/><V27/><F27/><W104/><G104/><T23/><D99/><U6/><E6/><AGARI ba="1,0" hai="2,3,6,9,15,79,83,87" m="36971,49163" machi="6" ten="30,1000,0" yaku="19,1" doraHai="109" who="2" fromWho="1" sc="380,0,200,-13,210,13,210,0" /><INIT seed="1,0,0,5,1,44" ten="380,187,223,210" oya="1" hai0="5,96,99,27,92,55,54,34,57,39,111,58,126" hai1="80,100,4,115,79,26,46,47,12,87,64,91,61" hai2="53,73,119,94,24,107,7,28,43,52,37,128,50" hai3="102,33,62,71,97,122,16,17,86,14,66,129,68"/><U70/><E115/><V72/><F119/><W81/><G122/><T1/><D39/><U116/><E116/><V109/><F107/><W95/><G129/><T89/><D111/><U131/><E131/><V82/><F128/><W49/><G33/><T124/><D5/><U63/><E100/><V84/><F109/><W133/><G133/><T2/><D27/><U41/><E26/><V88/><F37/><W59/><G49/><T20/><D20/><U69/><E41/><V30/><F7/><W125/><G125/><N who="0" m="48235" /><D34/><U0/><E0/><V6/><F6/><W51/><G51/><N who="0" m="30943" /><D99/><U31/><E31/><N who="2" m="11819" /><F73/><W45/><G45/><T65/><D65/><U75/><E12/><V60/><F72/><W9/><REACH who="3" step="1"/><G17/><REACH who="3" ten="380,187,223,200" step="2"/><T74/><D74/><U134/><E134/><V108/><F108/><W8/><G8/><T123/><D123/><U83/><REACH who="1" step="1"/><E4/><REACH who="1" ten="380,177,223,200" step="2"/><V77/><F43/><W132/><G132/><T93/><D1/><U56/><E56/><V103/><F24/><W22/><G22/><T19/><D2/><U67/><AGARI ba="0,2" hai="46,47,61,63,64,67,69,70,75,79,80,83,87,91" machi="67" ten="30,6000,0" yaku="1,1,0,1,9,1,53,0" doraHai="44" doraHaiUra="127" who="1" fromWho="1" sc="380,-20,177,80,223,-20,200,-20" /><INIT seed="1,1,0,5,4,104" ten="360,257,203,180" oya="1" hai0="115,15,96,91,121,77,0,92,132,111,11,55,133" hai1="13,98,100,42,89,114,58,61,29,46,126,119,25" hai2="105,49,22,102,10,124,78,56,17,69,65,81,44" hai3="28,30,62,117,75,50,63,8,112,38,7,16,59"/><U106/><E126/><V47/><F124/><W110/><G112/><T88/><D115/><U127/><E127/><V128/><F128/><W107/><G38/><T40/><D111/><U14/><E114/><V122/><F122/><W86/><G75/><T68/><D68/><U27/><E89/><V5/><F69/><W19/><G107/><T1/><D40/><U35/><E25/><V99/><F65/><W43/><G110/><T83/><D55/><U37/><REACH who="1" step="1"/><E119/><REACH who="1" ten="360,247,203,180" step="2"/><V23/><F102/><W93/><G117/><T101/><D91/><U48/><E48/><V113/><F49/><W31/><G50/><T129/><D129/><U33/><E33/><V85/><F113/><W20/><G63/><T90/><D90/><U9/><E9/><V53/><F10/><W4/><G8/><T3/><D101/><U41/><E41/><V12/><F22/><W66/><G43/><T64/><D121/><U76/><E76/><V109/><F109/><W54/><G20/><T80/><D77/><U70/><E70/><V60/><F23/><W6/><G66/><AGARI ba="1,1" hai="13,14,27,29,35,37,42,46,58,61,66,98,100,106" machi="66" ten="30,2900,0" yaku="1,1,7,1,53,0" doraHai="104" doraHaiUra="134" who="1" fromWho="3" sc="360,0,247,42,203,0,180,-32" /><INIT seed="1,2,0,2,1,80" ten="360,289,203,148" oya="1" hai0="106,46,74,67,98,61,43,63,13,48,8,81,58" hai1="87,26,53,135,76,18,78,111,131,10,56,75,17" hai2="97,129,11,9,85,24,29,40,27,66,101,118,72" hai3="32,79,36,125,64,35,108,94,12,115,124,86,77"/><U119/><E119/><V49/><F72/><W116/><G36/><T37/><D106/><U54/><E75/><V23/><F118/><W47/><G108/><T132/><D132/><U105/><E105/><V103/><F129/><W22/><G116/><T62/><D37/><U109/><E135/><V70/><F70/><W25/><G115/><T92/><D81/><U71/><E71/><V134/><F134/><W114/><G114/><T33/><D33/><U2/><E131/><V123/><F123/><W96/><G64/><T0/><D0/><U30/><E2/><V1/><F66/><W99/><G12/><T90/><REACH who="0" step="1"/><D74/><REACH who="0" ten="350,289,203,148" step="2"/><U69/><E111/><V41/><F1/><W133/><G35/><T102/><D102/><U55/><E109/><V19/><F101/><W88/><G32/><T84/><D84/><U14/><E87/><V113/><F85/><W39/><G133/><T122/><D122/><U31/><E76/><V91/><F103/><W128/><G79/><T95/><D95/><U3/><E78/><V4/><F113/><W104/><G77/><T89/><D89/><U52/><E3/><V107/><F107/><W15/><G104/><T57/><D57/><U5/><E69/><V42/><F91/><W16/><G128/><T117/><D117/><U130/><E130/><V59/><F59/><W51/><G39/><T73/><D73/><U7/><E56/><V20/><F97/><W127/><REACH who="3" step="1"/><G15/><REACH who="3" ten="350,289,203,138" step="2"/><T34/><D34/><U38/><E38/><V50/><F4/><AGARI ba="2,2" hai="4,8,13,43,46,48,58,61,62,63,67,90,92,98" machi="4" ten="30,3900,0" yaku="1,1,7,1,8,1,53,0" doraHai="80" doraHaiUra="112" who="0" fromWho="2" sc="350,65,289,0,203,-45,138,0" /><INIT seed="2,0,0,4,4,17" ten="415,289,158,138" oya="2" hai0="43,104,80,35,112,129,5,88,97,31,9,87,132" hai1="44,64,15,55,78,105,127,23,46,130,57,117,19" hai2="89,95,63,114,61,121,111,7,71,62,81,131,59" hai3="27,25,45,110,48,75,16,66,91,18,133,134,79"/><V37/><F114/><W68/><G110/><T120/><D120/><U118/><E105/><V4/><F121/><W124/><G124/><T36/><D112/><U115/><E115/><V58/><F71/><W12/><G75/><T11/><D43/><U49/><E127/><V116/><F116/><W126/><G126/><T2/><D36/><U94/><E130/><V103/><F37/><W98/><G79/><T92/><D104/><U67/><E78/><V28/><F131/><W108/><G108/><T102/><D129/><U86/><E118/><V128/><F128/><W84/><G98/><T106/><D132/><N who="3" m="50793" /><G66/><N who="1" m="25130" /><E117/><V82/><F103/><W0/><G68/><T53/><D11/><U39/><E39/><V107/><F107/><W123/><G0/><T76/><D53/><U33/><E33/><V54/><F28/><W14/><G123/><T69/><D69/><U56/><E56/><N who="2" m="21547" /><F54/><N who="3" m="29967" /><G14/><T100/><D106/><U3/><E3/><V109/><F109/><W8/><G18/><T24/><AGARI ba="0,0" hai="2,5,9,24,31,35,76,80,87,88,92,97,100,102" machi="24" ten="30,2000,0" yaku="0,1,54,1" doraHai="17" who="0" fromWho="0" sc="415,20,289,-5,158,-10,138,-5" /><INIT seed="3,0,0,1,4,92" ten="435,284,148,133" oya="3" hai0="36,60,84,88,97,69,118,113,25,43,111,34,16" hai1="9,61,83,10,125,93,71,59,86,46,122,49,53" hai2="6,48,67,132,77,38,76,120,109,95,135,11,81" hai3="107,105,7,115,5,70,124,24,47,78,102,21,14"/><W126/><G70/><T35/><D118/><U54/><E122/><V65/><F38/><W79/><G115/><T99/><D111/><U85/><E71/><V112/><F112/><W37/><G37/><T96/><D113/><U130/><E130/><V121/><F48/><W91/><G47/><T17/><D36/><U30/><E125/><N who="3" m="48234" /><G91/><T103/><D43/><U64/><E30/><V100/><F109/><W42/><G42/><T2/><D2/><U50/><E93/><V89/><F100/><W117/><G117/><T73/><D73/><U87/><E83/><V133/><F67/><W55/><G55/><T75/><D75/><U74/><E74/><N who="2" m="43159" /><F65/><W12/><G21/><T4/><D103/><U56/><AGARI ba="0,0" hai="9,10,46,49,50,53,54,56,59,61,64,85,86,87" machi="56" ten="30,2000,0" yaku="0,1,8,1" doraHai="92" who="1" fromWho="1" sc="435,-5,284,20,148,-5,133,-10" /><INIT seed="4,0,0,5,5,88" ten="430,304,143,123" oya="0" hai0="53,35,81,126,52,71,5,10,67,117,119,31,13" hai1="78,61,4,54,45,38,72,11,30,28,135,51,15" hai2="22,108,100,85,36,57,63,132,120,20,98,18,84" hai3="106,1,26,59,64,110,77,7,122,97,83,82,93"/><T62/><D126/><U89/><E135/><V112/><F120/><W99/><G110/><T123/><D123/><U24/><E38/><V27/><F36/><W75/><G122/><T46/><D35/><U124/><E124/><V90/><F108/><W49/><G106/><T70/><D31/><U103/><E103/><V134/><F112/><W130/><G130/><T60/><D81/><U50/><E61/><V16/><F132/><W9/><G83/><T25/><D25/><U109/><E109/><V115/><F115/><W131/><G131/><T118/><D46/><U129/><E129/><V48/><F48/><W91/><G26/><T68/><D68/><U133/><E133/><V113/><F113/><W29/><G29/><T12/><D12/><U41/><E24/><N who="2" m="14343" /><F100/><W114/><G114/><T34/><D34/><U21/><E21/><V40/><F40/><W8/><G8/><T43/><D43/><U44/><E72/><V87/><F134/><W19/><G19/><T17/><D17/><U37/><E37/><V96/><F90/><W79/><G79/><T121/><D121/><U66/><E78/><V0/><F0/><W58/><G64/><AGARI ba="0,0" hai="5,10,13,52,53,60,62,64,67,70,71,117,118,119" machi="64" ten="40,3900,0" yaku="9,1,54,1" doraHai="88" who="0" fromWho="3" sc="430,39,304,0,143,0,123,-39" /><AGARI ba="0,0" hai="18,22,27,57,63,64,84,85,87,96,98" m="14343" machi="64" ten="30,2000,0" yaku="8,1,54,1" doraHai="88" who="2" fromWho="3" sc="469,0,304,0,143,20,84,-20" /><INIT seed="4,1,0,4,3,72" ten="469,304,163,64" oya="0" hai0="131,37,111,62,82,129,96,107,101,41,133,127,31" hai1="70,78,6,17,97,71,35,77,32,116,39,2,7" hai2="103,13,10,25,28,65,19,60,104,54,84,16,64" hai3="79,100,61,68,95,109,106,81,3,110,130,67,36"/><T58/><D31/><U0/><E39/><V102/><F19/><W11/><G130/><T53/><D133/><U30/><E17/><V128/><F128/><N who="0" m="49226" /><D127/><U33/><E97/><V99/><F103/><W51/><G95/><T86/><D111/><U14/><E14/><V20/><F54/><W4/><G51/><T80/><D86/><U122/><E122/><V93/><F104/><W52/><G52/><T8/><D8/><U1/><E116/><V44/><F44/><AGARI ba="1,0" hai="37,41,44,53,58,62,80,82,96,101,107" m="49226" machi="44" ten="30,1500,0" yaku="19,1" doraHai="72" who="0" fromWho="2" sc="469,18,304,0,163,-18,64,0" /><INIT seed="4,2,0,2,5,94" ten="487,304,145,64" oya="0" hai0="36,53,51,100,54,63,115,96,98,10,109,35,107" hai1="18,80,103,81,44,32,121,104,76,89,114,84,8" hai2="13,27,74,40,25,95,55,71,123,60,111,23,134" hai3="83,91,26,46,72,128,79,113,21,6,42,19,116"/><T117/><D117/><U38/><E32/><V92/><F123/><W88/><G116/><T108/><D36/><U119/><E119/><V85/><F74/><W17/><G128/><T4/><D35/><U110/><E121/><V59/><F111/><N who="0" m="42570" /><D115/><U133/><E110/><V65/><F134/><W124/><G124/><T102/><D63/><U2/><E133/><V57/><F71/><W68/><G113/><T78/><D78/><U22/><E114/><V28/><F40/><W20/><G68/><T30/><D30/><U126/><E126/><V125/><F125/><W86/><G6/><T105/><D51/><U66/><E66/><V29/><F13/><AGARI ba="2,0" hai="4,10,13,53,54,96,98,100,102,105,107" m="42570" machi="13" ten="30,5800,0" yaku="10,1,52,2" doraHai="94" who="0" fromWho="2" sc="487,64,304,0,145,-64,64,0" /><INIT seed="4,3,0,0,2,86" ten="551,304,81,64" oya="0" hai0="21,36,106,118,114,66,108,23,24,52,113,132,11" hai1="72,69,130,77,38,51,82,29,39,93,107,6,61" hai2="105,98,81,100,42,59,84,45,8,22,16,2,70" hai3="10,27,3,41,71,30,80,37,28,131,5,4,47"/><T67/><D118/><U46/><E107/><V64/><F70/><W87/><G131/><T103/><D36/><U48/><E130/><V0/><F64/><N who="0" m="24618" /><D132/><U122/><E61/><V20/><F59/><W78/><G71/><T74/><D74/><U34/><E69/><V102/><F102/><W1/><REACH who="3" step="1"/><G27/><REACH who="3" ten="551,304,81,54" step="2"/><T57/><D108/><U62/><E122/><V15/><F0/><W109/><G109/><T134/><D134/><U13/><E38/><V53/><F2/><W25/><G25/><T115/><D24/><U73/><E39/><V76/><REACH who="2" step="1"/><F53/><REACH who="2" ten="551,304,71,54" step="2"/><W92/><G92/><T119/><D52/><U50/><E93/><V75/><F75/><W32/><G32/><T104/><D106/><U123/><E73/><V101/><F101/><W55/><G55/><T117/><D104/><U14/><E34/><V95/><F95/><W133/><G133/><T125/><D103/><U90/><E72/><V40/><F40/><W43/><G43/><T68/><D68/><U35/><E35/><V96/><F96/><W97/><G97/><T7/><D115/><U33/><E33/><V63/><F63/><W128/><G128/><T111/><D114/><U121/><E62/><V79/><F79/><W99/><G99/><T56/><D113/><U91/><E77/><V129/><F129/><W116/><G116/><T58/><D111/><U31/><E123/><V9/><F9/><AGARI ba="3,2" hai="1,3,4,5,9,10,28,30,37,41,47,78,80,87" machi="9" ten="40,2600,0" yaku="1,1,9,1,53,0" doraHai="86" doraHaiUra="44" who="3" fromWho="2" sc="551,0,304,0,71,-35,54,55" /><INIT seed="5,0,0,2,5,17" ten="551,304,36,109" oya="1" hai0="95,0,76,46,94,85,120,26,122,116,107,49,75" hai1="80,11,79,1,54,40,53,41,103,99,90,57,111" hai2="105,130,96,67,39,114,4,135,98,93,43,55,31" hai3="7,91,9,33,125,51,35,56,15,113,19,66,50"/><U83/><E111/><V112/><F4/><W3/><G113/><N who="2" m="43625" /><F67/><W27/><G125/><T134/><D0/><U21/><E1/><V128/><F135/><W6/><G6/><T59/><D107/><U74/><E11/><V14/><F14/><W68/><G68/><T127/><D75/><U10/><E10/><V2/><F2/><W25/><G91/><T87/><D116/><U47/><E47/><N who="2" m="24063" /><F55/><W88/><G66/><T45/><D76/><U69/><E54/><V42/><F42/><W81/><G56/><T24/><D59/><U108/><E108/><V84/><F105/><W101/><G101/><T38/><D38/><U106/><E69/><V78/><F31/><W63/><G63/><T126/><D49/><U70/><E70/><V97/><F78/><W28/><G27/><T18/><D18/><U5/><E5/><V48/><F48/><W86/><REACH who="3" step="1"/><G35/><REACH who="3" ten="551,304,36,99" step="2"/><T13/><D13/><U123/><E57/><V23/><F23/><AGARI ba="0,1" hai="3,7,9,15,19,23,25,28,33,50,51,81,86,88" machi="23" ten="30,16000,3" yaku="1,1,2,1,7,1,24,2,52,1,54,1,53,1" doraHai="17" doraHaiUra="12" who="3" fromWho="2" sc="551,0,304,0,36,-160,99,170" owari="551,65.1,304,10.4,-124,-62.4,269,-13.1" /></mjloggm>