<mjloggm ver="2.3"><GO type="169" lobby="0"/><UN n0="%E3%82%82%E3%81%BF%E3%81%95%E3%81%92" n1="%E3%81%97%E3%82%87%E3%81%BC%E3%82%93%EF%BD%8E" n2="%E3%81%BE%E3%82%86%E3%81%92" n3="%E9%BA%BB%E9%9B%80%49%51%31%32%30" dan="17,17,16,16" rate="2164.50,2243.60,2118.29,2092.33" sx="M,M,M,M"/><TAIKYOKU oya="0"/><INIT seed="0,0,0,0,5,43" ten="250,250,250,250" oya="0" hai0="118,97,128,31,133,88,33,3,120,53,87,14,131" hai1="106,16,28,85,96,70,134,48,89,94,22,55,56" hai2="125,40,82,126,108,11,34,116,83,101,30,64,91" hai3="79,117,112,73,107,23,103,62,9,76,127,50,113"/><T71/><D118/><U7/><E134/><V19/><F64/><W75/><G50/><T100/><D120/><U115/><E115/><V32/><F116/><W111/><G23/><T123/><D123/><U35/><E70/><V2/><F101/><W46/><G117/><T114/><D114/><U21/><E7/><V124/><F108/><W45/><G103/><T80/><D3/><U27/><E106/><V69/><F69/><W1/><G107/><T99/><D133/><U26/><REACH who="1" step="1"/><E35/><REACH who="1" ten="250,240,250,250" step="2"/><V92/><F34/><W57/><G113/><T42/><D33/><U66/><E66/><V0/><F32/><W52/><G112/><T49/><D71/><U41/><E41/><V60/><F40/><W13/><G111/><T38/><D42/><U132/><E132/><V129/><F129/><W39/><G39/><T63/><D38/><U15/><E15/><N who="2" m="7679" /><F2/><W102/><G1/><T130/><D14/><U109/><E109/><V6/><F0/><W51/><G13/><T90/><D131/><U119/><E119/><V18/><F6/><W74/><G74/><T98/><D130/><U95/><E95/><V58/><F30/><W104/><G75/><T20/><D128/><U105/><E105/><V10/><F10/><W86/><G73/><T65/><D65/><U93/><E93/><V84/><F18/><W47/><G9/><T29/><D29/><U44/><E44/><V78/><F126/><W4/><G127/><T121/><D31/><U68/><E68/><V12/><F12/><W77/><G4/><T110/><D110/><U72/><E72/><N who="2" m="43335" /><F92/><W81/><G104/><RYUUKYOKU ba="0,1" sc="250,-15,240,15,250,15,250,-15" hai1="16,21,22,26,27,28,48,55,56,85,89,94,96" hai2="58,60,83,84,91,124,125" /><INIT seed="1,1,1,5,1,133" ten="235,255,265,235" oya="1" hai0="69,79,104,88,125,35,58,115,53,57,0,5,89" hai1="128,40,80,100,101,19,81,95,49,34,129,39,96" hai2="99,75,102,16,111,7,27,46,56,72,119,108,20" hai3="118,123,18,97,85,70,13,41,1,10,91,9,64"/><U32/><E39/><V92/><F119/><W107/><G123/><T24/><D115/><U87/><E101/><V131/><F7/><W63/><G118/><T4/><D69/><U68/><E68/><V66/><F131/><N who="1" m="50249" /><E19/><V17/><F46/><W12/><G1/><T105/><D79/><N who="1" m="46495" /><E81/><V50/><F17/><W78/><G78/><T47/><D47/><AGARI ba="1,1" hai="32,34,40,47,49,95,96,100" m="46495,50249" machi="47" ten="30,1500,0" yaku="19,1" doraHai="133" who="1" fromWho="0" sc="235,-18,255,28,265,0,235,0" /><INIT seed="1,2,0,2,4,15" ten="217,283,265,235" oya="1" hai0="130,50,10,86,33,94,11,82,31,53,107,132,14" hai1="93,115,125,35,116,106,85,95,9,131,28,123,126" hai2="38,78,16,57,19,61,99,63,65,129,68,80,101" hai3="60,13,111,59,62,102,54,58,71,51,47,3,105"/><U87/><E35/><V118/><F38/><W122/><G3/><T34/><D107/><U110/><E28/><V90/><F90/><W44/><G122/><T75/><D132/><U69/><E9/><V104/><F129/><W119/><G105/><T6/><D130/><U55/><E55/><V133/><F133/><W25/><G102/><T23/><D75/><U21/><E21/><V36/><F36/><W4/><G71/><T42/><D42/><U49/><E49/><V73/><F118/><W30/><G119/><T112/><D112/><U52/><E52/><AGARI ba="2,0" hai="16,19,52,57,61,63,65,68,73,78,80,99,101,104" machi="52" ten="30,8000,1" yaku="7,1,52,2,54,2" doraHai="15" who="2" fromWho="1" sc="217,0,283,-86,265,86,235,0" /><INIT seed="2,0,0,4,3,3" ten="217,197,351,235" oya="2" hai0="96,91,34,33,13,94,8,41,105,42,37,112,40" hai1="30,47,16,6,106,83,12,9,102,103,107,25,5" hai2="92,113,50,77,26,95,118,4,61,14,126,11,48" hai3="62,98,18,85,79,54,88,45,120,21,129,72,46"/><V97/><F118/><W132/><G129/><T35/><D105/><U125/><E125/><V86/><F126/><W28/><G132/><T89/><D112/><U67/><E106/><V108/><F113/><W68/><G120/><T110/><D110/><U100/><E107/><V99/><F108/><W114/><G28/><T56/><D56/><U133/><E133/><V17/><F61/><W93/><G72/><T59/><D59/><U123/><E123/><V36/><F36/><W128/><G128/><T52/><D52/><U109/><E109/><V29/><F17/><W134/><G134/><T111/><D111/><U38/><E67/><V31/><F31/><W75/><G75/><T0/><D0/><U1/><E83/><V104/><F104/><W73/><G73/><T70/><D70/><U22/><REACH who="1" step="1"/><E1/><REACH who="1" ten="217,187,351,235" step="2"/><V84/><F95/><W2/><G2/><T78/><D37/><U65/><E65/><V24/><F92/><W63/><G114/><T23/><D94/><U43/><AGARI ba="0,1" hai="5,6,9,12,16,22,25,30,38,43,47,100,102,103" machi="43" ten="30,8000,1" yaku="1,1,0,1,52,2,54,1,53,0" doraHai="3" doraHaiUra="81" who="1" fromWho="1" sc="217,-20,187,90,351,-40,235,-20" /><INIT seed="3,0,0,5,3,117" ten="197,277,311,215" oya="3" hai0="33,53,52,100,80,50,20,36,3,69,105,88,93" hai1="38,132,126,87,92,73,104,16,79,43,127,75,113" hai2="8,22,25,66,72,70,18,1,32,35,7,13,121" hai3="28,122,62,102,40,76,4,51,5,30,6,82,61"/><W31/><G122/><T114/><D33/><N who="2" m="12874" /><F72/><N who="1" m="27721" /><E43/><V115/><F70/><W55/><G102/><T2/><D36/><U125/><E38/><V42/><F66/><W71/><G71/><T12/><D114/><U106/><E113/><V49/><F49/><W110/><G40/><T46/><D69/><U86/><E132/><V9/><F42/><W39/><G39/><T91/><D105/><N who="1" m="40555" /><E79/><V68/><F68/><W123/><G123/><T124/><D124/><U24/><E92/><V56/><F56/><W131/><G131/><T85/><D100/><U135/><E135/><V84/><F84/><N who="1" m="32297" /><E24/><V11/><F115/><W21/><G76/><T99/><D53/><U90/><E90/><V98/><F98/><W128/><G128/><T94/><D94/><U14/><E14/><V134/><F134/><W118/><G82/><T111/><D12/><U108/><E16/><N who="2" m="12487" /><F121/><W96/><G96/><T19/><D19/><U97/><E97/><V74/><F74/><W37/><G37/><T95/><D95/><U67/><E67/><V29/><F29/><W47/><G31/><T60/><D93/><U120/><E120/><V109/><F109/><AGARI ba="0,0" hai="108,109,125,126,127" m="32297,40555,27721" machi="109" ten="50,8000,1" yaku="28,2,18,1,34,2" doraHai="117" who="1" fromWho="2" sc="197,0,277,80,311,-80,215,0" /><INIT seed="4,0,0,5,4,90" ten="197,357,231,215" oya="0" hai0="82,85,3,70,64,35,129,78,115,45,9,79,93" hai1="30,0,61,28,21,128,118,58,119,62,65,122,107" hai2="69,72,24,116,23,7,106,11,4,131,63,51,42" hai3="55,109,16,57,19,50,38,134,94,130,96,56,18"/><T31/><D115/><U8/><E122/><V59/><F106/><W89/><G130/><T15/><D3/><U121/><E121/><V132/><F72/><W44/><G134/><T41/><D129/><U91/><E107/><V66/><F131/><W73/><G109/><T133/><D133/><U108/><E108/><V40/><F132/><W103/><G73/><T87/><D35/><U29/><E128/><V26/><F116/><W2/><G2/><T10/><D31/><U83/><E21/><V32/><F32/><W48/><G38/><T53/><D53/><U84/><REACH who="1" step="1"/><E62/><REACH who="1" ten="197,347,231,215" step="2"/><V46/><F23/><W5/><G5/><AGARI ba="0,1" hai="0,5,8,28,29,30,58,61,65,83,84,91,118,119" machi="5" ten="40,5200,0" yaku="1,1,2,1,53,1" doraHai="90" doraHaiUra="6" who="1" fromWho="3" sc="197,0,347,62,231,0,215,-52" /><INIT seed="5,0,0,1,5,87" ten="197,409,231,163" oya="1" hai0="93,133,69,38,113,29,117,107,78,108,36,77,100" hai1="8,41,16,122,73,0,25,90,118,60,115,80,130" hai2="51,66,33,12,56,68,126,59,119,128,112,84,97" hai3="79,39,18,103,46,70,121,48,17,64,26,13,52"/><U15/><E118/><V105/><F119/><W85/><G121/><T127/><D69/><U92/><E122/><V125/><F33/><W10/><G39/><T95/><D29/><U6/><E115/><V63/><F112/><W61/><G103/><T55/><D55/><U9/><E130/><V88/><F128/><W131/><G131/><T89/><D36/><U99/><E41/><V91/><F12/><W50/><G50/><T71/><D71/><U114/><E114/><V4/><F4/><W76/><G17/><T82/><D38/><U32/><E60/><V123/><F123/><W72/><G72/><T67/><D67/><U47/><E47/><V42/><F59/><W109/><G109/><T75/><D113/><U44/><E44/><V65/><F65/><W98/><G98/><N who="0" m="61847" /><D117/><U58/><E58/><V81/><F42/><W74/><G74/><T102/><D108/><U129/><E129/><V37/><F37/><W22/><REACH who="3" step="1"/><G85/><REACH who="3" ten="197,409,231,153" step="2"/><N who="0" m="50359" /><D75/><U83/><REACH who="1" step="1"/><E73/><REACH who="1" ten="197,399,231,153" step="2"/><V49/><F68/><W40/><G40/><T11/><D102/><U110/><E110/><V20/><F51/><W28/><AGARI ba="0,2" hai="10,13,18,22,26,28,46,48,52,61,64,70,76,79" machi="28" ten="20,5200,0" yaku="1,1,0,1,7,1,54,1,53,0" doraHai="87" doraHaiUra="104" who="3" fromWho="3" sc="197,-13,399,-26,231,-13,153,72" /><INIT seed="6,0,0,2,3,58" ten="184,373,218,225" oya="2" hai0="127,12,76,60,69,117,112,106,68,73,16,67,63" hai1="111,10,70,33,20,102,51,105,134,13,25,53,123" hai2="108,93,114,34,52,64,74,88,130,131,49,28,62" hai3="29,30,61,95,39,101,89,44,27,40,82,94,100"/><V17/><F74/><W126/><G126/><T11/><D106/><U32/><E111/><V103/><F108/><W4/><G4/><T75/><D127/><U92/><E105/><V91/><F114/><W46/><G82/><T104/><D104/><U57/><E70/><V77/><F77/><W42/><G61/><T37/><D37/><U78/><E78/><V1/><F1/><W98/><G27/><T9/><D112/><U86/><E134/><V0/><F0/><W116/><G116/><T43/><D43/><U80/><E123/><V107/><F107/><W135/><G135/><T36/><D36/><U38/><E38/><V87/><F103/><W8/><G8/><T23/><D117/><U84/><E84/><V66/><F17/><W90/><G39/><T50/><D50/><U31/><E92/><V72/><F72/><W5/><G5/><T45/><D45/><U2/><E102/><V119/><F119/><W118/><G118/><T6/><D76/><U124/><E2/><V14/><F14/><W79/><G79/><T128/><D128/><N who="2" m="49194" /><F91/><W22/><G22/><T59/><D9/><U35/><E124/><V81/><F81/><W65/><G65/><T132/><D132/><U109/><E109/><V125/><F125/><W54/><G54/><T120/><D120/><U21/><E80/><V113/><F113/><W121/><G121/><T26/><D69/><U83/><E83/><V99/><F99/><AGARI ba="0,0" hai="29,30,40,42,44,46,89,90,94,95,98,99,100,101" machi="99" ten="25,3200,0" yaku="22,2,8,1" doraHai="58" who="3" fromWho="2" sc="184,0,373,0,218,-32,225,32" /><INIT seed="7,0,0,1,2,5" ten="184,373,186,257" oya="3" hai0="1,116,0,4,108,64,105,111,40,74,130,125,28" hai1="30,2,122,106,96,91,12,65,20,66,6,25,61" hai2="62,85,82,55,31,16,86,90,15,22,124,100,48" hai3="84,132,81,19,44,18,117,113,59,42,7,97,21"/><W77/><G113/><T114/><D116/><U37/><E37/><V120/><F124/><W13/><G132/><T134/><D105/><U54/><E2/><V104/><F120/><W3/><G117/><T33/><D74/><U119/><E119/><V109/><F109/><W51/><G3/><T53/><D114/><U68/><E106/><V14/><F31/><W121/><G121/><T95/><D134/><U123/><E66/><V115/><F115/><W75/><G7/><T46/><D125/><U39/><E39/><V118/><F118/><W43/><G97/><T73/><D73/><U76/><E76/><V52/><F100/><W26/><G59/><T107/><D107/><U71/><E54/><V57/><F104/><W87/><G43/><T78/><D33/><U35/><E71/><V10/><F86/><W93/><G93/><T101/><D0/><U34/><E34/><V92/><F82/><W83/><G81/><T58/><D1/><U70/><E70/><V126/><F126/><W56/><G56/><T63/><D111/><U32/><E32/><V38/><F38/><W29/><G18/><T36/><D108/><U45/><E45/><N who="2" m="27663" /><F15/><W17/><G29/><T102/><D36/><U72/><E35/><V23/><AGARI ba="0,0" hai="10,14,16,22,23,55,57,62,85,90,92" m="27663" machi="23" ten="30,7900,0" yaku="8,1,52,1,54,2" doraHai="5" who="2" fromWho="2" sc="184,-20,373,-20,186,79,257,-39" owari="164,-33.6,353,45.3,265,6.5,218,-18.2" /></mjloggm>