<mjloggm ver="2.3"><GO type="169" lobby="0"/><UN n0="%E3%82%A4%E3%82%AB%E3%81%AB%E3%82%82%E6%9D%B1%E5%8C%97" n1="%E9%A2%A8%E3%81%A7%E9%B3%B4%E3%81%8F" n2="%E7%BC%B6%E3%82%B3%E3%83%92" n3="%4D%72%52%41%4D%4F" dan="16,16,16,16" rate="2151.78,2158.85,2048.51,2134.19" sx="M,M,M,M"/><TAIKYOKU oya="0"/><INIT seed="0,0,0,4,1,91" ten="250,250,250,250" oya="0" hai0="62,77,39,70,82,92,43,23,96,74,47,0,30" hai1="119,84,20,46,34,59,5,60,127,33,98,99,19" hai2="108,124,103,17,32,78,48,21,88,13,105,86,120" hai3="41,132,1,57,64,85,129,11,116,93,68,53,26"/><T121/><D121/><U80/><E119/><V42/><F120/><W3/><G116/><T126/><D126/><U71/><E71/><V50/><F32/><W133/><G129/><T44/><D0/><U69/><E69/><V110/><F124/><W135/><G41/><T16/><D44/><U104/><E127/><V83/><F105/><W49/><G26/><T12/><D30/><U72/><E72/><V79/><F103/><W113/><G113/><T73/><D70/><U29/><E5/><V15/><F15/><W40/><G40/><T6/><D62/><U10/><E10/><V115/><F115/><W65/><G68/><T81/><D6/><U37/><E29/><V87/><F78/><W131/><G131/><T89/><REACH who="0" step="1"/><D82/><REACH who="0" ten="240,250,250,250" step="2"/><U8/><E46/><V118/><F118/><W117/><G117/><T56/><D56/><U94/><E59/><V123/><F123/><W2/><REACH who="3" step="1"/><G11/><REACH who="3" ten="240,250,250,240" step="2"/><T75/><AGARI ba="0,2" hai="12,16,23,39,43,47,73,74,75,77,81,89,92,96" machi="75" ten="20,12000,1" yaku="1,1,0,1,7,1,52,1,54,1,53,0" doraHai="91" doraHaiUra="55" who="0" fromWho="0" sc="240,140,250,-40,250,-40,240,-40" /><INIT seed="0,1,0,5,0,98" ten="380,210,210,200" oya="0" hai0="45,20,116,67,66,110,115,1,78,40,12,131,0" hai1="64,25,18,50,96,114,6,21,80,63,60,57,87" hai2="17,41,83,76,93,94,71,126,65,16,102,81,89" hai3="97,28,29,92,52,107,105,62,35,117,90,103,36"/><T26/><D115/><U54/><E114/><V120/><F120/><W104/><G36/><T100/><D116/><U19/><E6/><V46/><F126/><W129/><G117/><T56/><D131/><U75/><E75/><V70/><F81/><W13/><G129/><T55/><D78/><U111/><E111/><V51/><F65/><W42/><G42/><T23/><D110/><U101/><E19/><V24/><F24/><W9/><G35/><T99/><D12/><U72/><E72/><V73/><F71/><W10/><G90/><T119/><D0/><U61/><E87/><V39/><F70/><W68/><G9/><T5/><D5/><U53/><E80/><V82/><F82/><W130/><G130/><T106/><D1/><U7/><E7/><V32/><F32/><W74/><G74/><T31/><D23/><U11/><E11/><V84/><REACH who="2" step="1"/><F39/><REACH who="2" ten="380,210,200,200" step="2"/><W59/><REACH who="3" step="1"/><G68/><REACH who="3" ten="380,210,200,190" step="2"/><T27/><D119/><U44/><REACH who="1" step="1"/><E64/><REACH who="1" ten="380,200,200,190" step="2"/><V3/><F3/><W122/><G122/><T124/><D67/><U112/><E112/><V22/><F22/><W113/><G113/><T127/><D66/><U48/><E48/><V109/><F109/><W15/><G15/><T30/><D20/><U43/><E43/><V121/><F121/><W91/><G91/><T33/><D40/><U47/><E47/><V95/><F95/><AGARI ba="1,3" hai="18,21,25,44,50,53,54,57,60,61,63,95,96,101" machi="95" ten="30,7700,0" yaku="1,1,7,1,8,1,52,1,53,0" doraHai="98" doraHaiUra="38" who="1" fromWho="2" sc="380,0,200,110,200,-80,190,0" /><INIT seed="1,0,0,1,1,25" ten="380,310,120,190" oya="1" hai0="66,32,40,88,96,35,71,100,62,67,118,20,16" hai1="6,135,12,9,63,47,85,2,129,83,109,23,15" hai2="3,113,61,1,79,33,128,91,70,4,76,95,31" hai3="92,60,134,29,55,74,21,112,99,53,41,107,48"/><U80/><E135/><V90/><F128/><W131/><G112/><T110/><D110/><U78/><E129/><V117/><F117/><W116/><G131/><T102/><D118/><U98/><E109/><V73/><F113/><W133/><G74/><T58/><D40/><U37/><E98/><V97/><F70/><W51/><G107/><T119/><D119/><U42/><E63/><V104/><F104/><W24/><G116/><T38/><D38/><U7/><E7/><V50/><F61/><W77/><G77/><T89/><D67/><U114/><E114/><V5/><F73/><W57/><G41/><T84/><D71/><U54/><E54/><V130/><F130/><W8/><G8/><T121/><D121/><U27/><REACH who="1" step="1"/><E80/><REACH who="1" ten="380,300,120,190" step="2"/><V19/><F5/><W94/><G60/><T49/><D96/><U126/><E126/><V68/><F4/><W43/><G43/><T34/><D62/><U122/><E122/><V30/><F97/><W64/><G64/><T120/><D66/><U17/><AGARI ba="0,1" hai="2,6,9,12,15,17,23,27,37,42,47,78,83,85" machi="17" ten="20,3900,0" yaku="1,1,0,1,7,1,53,0" doraHai="25" doraHaiUra="87" who="1" fromWho="1" sc="380,-13,300,49,120,-13,190,-13" /><INIT seed="1,1,0,4,5,122" ten="367,349,107,177" oya="1" hai0="94,20,75,65,48,28,123,68,0,86,30,117,58" hai1="126,63,14,116,84,5,95,111,38,70,67,103,45" hai2="35,71,50,80,56,74,22,110,43,76,125,25,124" hai3="17,15,60,100,83,127,107,120,101,3,49,31,24"/><U78/><E116/><V72/><F71/><W82/><G3/><T121/><D117/><U132/><E132/><V87/><F35/><W61/><G120/><N who="0" m="46155" /><D75/><U27/><E126/><N who="2" m="48747" /><F110/><W133/><G133/><T115/><D0/><U39/><E111/><V88/><F76/><W16/><G49/><T102/><D115/><U89/><E78/><V40/><F56/><W81/><G127/><T77/><D68/><U66/><E66/><V90/><F90/><W6/><G6/><T12/><D102/><U51/><E27/><V42/><F50/><W97/><G101/><T85/><D85/><U54/><REACH who="1" step="1"/><E103/><REACH who="1" ten="367,339,107,177" step="2"/><V32/><F32/><W57/><G24/><T69/><D65/><U64/><E64/><V79/><F79/><W93/><G100/><T98/><D77/><U33/><E33/><V13/><F13/><W18/><G15/><T4/><D12/><U11/><AGARI ba="1,1" hai="5,11,14,38,39,45,51,54,63,67,70,84,89,95" machi="11" ten="30,3000,0" yaku="1,1,0,1,53,0" doraHai="122" doraHaiUra="135" who="1" fromWho="1" sc="367,-11,339,43,107,-11,177,-11" /><INIT seed="1,2,0,1,5,72" ten="356,382,96,166" oya="1" hai0="8,31,94,46,81,70,118,29,85,60,89,119,63" hai1="82,95,73,10,131,69,42,115,32,129,112,3,132" hai2="12,92,107,77,66,5,35,100,0,55,102,36,93" hai3="49,74,41,113,91,130,25,67,22,19,11,64,57"/><U16/><E69/><V128/><F35/><W87/><G130/><N who="1" m="49674" /><E32/><V80/><F36/><W2/><G113/><T123/><D123/><U97/><E42/><V109/><F66/><W30/><G74/><T40/><D119/><U59/><E59/><V14/><F0/><W117/><G117/><T26/><D118/><U83/><E132/><V126/><F107/><W20/><G11/><T9/><D31/><U58/><E58/><V23/><F128/><W76/><G2/><T51/><D70/><U38/><E38/><V6/><F23/><W47/><G57/><T90/><D63/><U99/><E99/><V24/><F24/><W133/><G133/><T7/><D60/><U44/><E44/><V111/><F80/><N who="1" m="30761" /><E73/><V56/><F56/><W98/><G67/><T43/><D43/><U61/><E61/><V121/><F121/><W104/><G64/><T135/><D7/><N who="1" m="1407" /><E16/><V105/><F6/><W124/><G98/><T110/><D135/><U125/><E125/><V15/><F5/><W122/><G124/><T65/><D65/><U88/><AGARI ba="2,0" hai="88,95,97,112,115" m="1407,30761,49674" machi="88" ten="30,3000,0" yaku="19,1,54,1" doraHai="72" who="1" fromWho="1" sc="356,-12,382,36,96,-12,166,-12" /><INIT seed="1,3,0,5,2,6" ten="344,418,84,154" oya="1" hai0="45,111,100,132,128,26,134,119,25,115,63,62,82" hai1="41,133,70,69,80,64,22,65,76,13,77,40,23" hai2="84,9,52,37,81,104,92,86,114,10,39,71,129" hai3="98,118,124,103,4,18,73,72,38,67,36,125,56"/><U47/><E47/><V1/><F104/><W19/><G4/><T3/><D3/><U79/><E13/><V107/><F107/><W21/><G118/><T0/><D0/><U7/><E80/><V28/><F71/><N who="1" m="27145" /><E7/><V120/><F120/><W94/><G67/><N who="1" m="25674" /><E133/><V75/><F75/><N who="3" m="28747" /><G56/><T44/><D82/><U135/><E135/><V31/><F1/><W59/><G59/><T61/><D100/><U90/><E90/><V91/><F114/><W130/><G18/><T96/><D115/><U46/><E46/><V14/><F39/><W49/><G49/><T33/><D45/><U30/><E30/><V60/><F37/><W12/><G130/><T17/><D44/><U102/><E102/><V88/><F129/><W15/><G15/><T117/><D128/><U5/><E5/><N who="2" m="3375" /><F10/><W110/><G110/><T122/><D111/><U35/><E35/><V83/><F83/><W8/><G8/><T27/><D33/><U24/><E24/><V87/><F87/><W85/><G85/><T20/><D132/><U51/><E51/><V113/><F113/><W66/><G66/><T106/><D134/><U16/><E16/><V29/><F29/><W116/><G116/><T105/><D119/><U109/><E109/><V97/><F86/><W121/><G121/><T53/><D122/><U99/><E99/><V101/><F101/><W123/><G123/><T42/><D96/><U11/><E11/><V54/><F54/><W34/><G34/><T32/><D32/><U108/><E108/><V74/><F74/><W89/><G103/><T95/><D117/><U127/><E127/><AGARI ba="3,0" hai="12,19,21,36,38,89,94,98,124,125,127" m="28747" machi="127" ten="30,2000,0" yaku="6,1,18,1" doraHai="6" who="3" fromWho="1" sc="344,0,418,-29,84,0,154,29" /><INIT seed="2,0,0,4,2,133" ten="344,389,84,183" oya="2" hai0="95,70,97,123,80,46,55,64,13,69,47,99,105" hai1="71,93,67,35,59,3,45,23,118,112,113,20,25" hai2="84,32,110,130,129,78,86,101,15,94,63,134,65" hai3="9,102,77,29,66,108,41,34,49,38,14,111,132"/><V28/><F134/><W26/><G132/><T16/><D123/><U114/><E3/><V68/><F32/><W57/><G102/><T33/><D33/><U10/><E71/><V43/><F28/><W51/><G38/><T53/><D105/><U36/><E118/><V121/><F121/><W74/><G74/><T126/><D80/><U62/><E10/><V5/><F43/><W73/><G73/><T37/><D95/><U76/><E76/><V6/><F110/><N who="3" m="42027" /><G77/><T96/><D64/><U50/><E36/><V125/><F78/><W60/><G41/><T92/><D92/><U24/><E93/><V61/><F101/><W109/><N who="3" m="42035" /><W88/><DORA hai="12" /><G88/><T22/><D37/><U89/><E89/><V103/><F103/><W21/><G34/><T85/><D85/><U1/><E1/><V90/><F94/><W120/><G120/><T19/><D97/><U81/><E81/><V39/><F39/><W0/><G0/><T42/><D42/><U87/><E87/><V75/><F75/><W119/><G119/><T135/><D135/><U58/><E35/><V104/><F90/><W122/><G122/><T2/><D2/><U44/><E112/><V107/><F68/><W18/><AGARI ba="0,0" hai="9,14,18,21,26,29,49,51,57,60,66" m="42035" machi="18" ten="40,2700,0" yaku="14,1,52,1" doraHai="133,12" who="3" fromWho="3" sc="344,-7,389,-7,84,-13,183,27" /><INIT seed="3,0,0,4,5,41" ten="337,382,71,210" oya="3" hai0="44,109,22,2,116,35,10,25,21,31,54,129,38" hai1="71,43,18,96,45,111,78,97,94,88,134,125,72" hai2="51,80,120,122,108,84,55,9,50,63,101,34,42" hai3="77,26,23,118,115,102,66,17,107,56,76,3,1"/><W37/><G115/><T58/><D116/><U133/><E71/><V52/><F34/><W95/><G118/><T135/><D109/><U93/><E111/><V81/><F108/><W79/><G107/><T130/><D135/><N who="1" m="51723" /><E125/><V28/><F28/><W11/><G37/><T69/><D69/><U60/><E60/><V113/><F113/><W61/><REACH who="3" step="1"/><G11/><REACH who="3" ten="337,382,71,200" step="2"/><T36/><D36/><N who="1" m="21735" /><E18/><V83/><F120/><W89/><G89/><T40/><D10/><U121/><E121/><V104/><F122/><W82/><G82/><T112/><D112/><U126/><E126/><V86/><F9/><W65/><G65/><T123/><D123/><U14/><E14/><V8/><F8/><W27/><G27/><T59/><D2/><U92/><E88/><V16/><F104/><W29/><G29/><T114/><D114/><U103/><E103/><V87/><F101/><W91/><G91/><T85/><D25/><U32/><E32/><V127/><F127/><W100/><G100/><T49/><D31/><U67/><E67/><V7/><F83/><AGARI ba="0,1" hai="72,78,83,92,93,94,96,97" m="21735,51723" machi="83" ten="30,2000,0" yaku="20,1,52,1" doraHai="41" who="1" fromWho="2" sc="337,0,382,30,71,-20,200,0" /><INIT seed="4,0,0,1,5,48" ten="337,412,51,200" oya="0" hai0="86,77,36,129,98,10,70,66,84,22,115,122,65" hai1="80,97,103,101,73,15,8,112,105,61,32,67,127" hai2="42,56,113,82,1,117,87,52,54,126,12,34,74" hai3="121,96,95,4,69,28,31,99,14,76,106,62,123"/><T132/><D122/><N who="3" m="46601" /><G76/><T59/><D36/><U19/><E127/><V71/><F1/><W109/><G109/><T7/><D115/><U39/><E39/><V44/><F71/><W108/><G108/><T125/><D125/><U46/><E112/><V6/><F74/><W45/><G45/><T24/><D129/><U120/><E103/><V20/><F113/><W88/><G99/><T18/><D132/><U27/><E120/><V130/><F126/><W128/><G106/><T35/><D35/><U25/><E46/><V102/><F130/><W29/><G128/><T124/><D124/><U5/><E32/><V3/><F34/><W51/><G51/><T94/><D70/><U21/><E80/><V50/><F117/><W110/><G110/><T57/><D57/><U83/><E83/><V0/><F102/><W133/><G133/><T81/><D59/><U58/><REACH who="1" step="1"/><E73/><REACH who="1" ten="337,402,51,200" step="2"/><V107/><F107/><W104/><G104/><T68/><D68/><U91/><E91/><V131/><F131/><W40/><G69/><T23/><D86/><U17/><E17/><V72/><F72/><W60/><G40/><T2/><REACH who="0" step="1"/><D23/><REACH who="0" ten="327,402,51,200" step="2"/><U47/><E47/><V37/><F20/><W134/><G134/><T116/><D116/><U90/><E90/><AGARI ba="0,2" hai="2,7,10,18,22,24,65,66,77,81,84,90,94,98" machi="90" ten="30,5800,0" yaku="1,1,7,1,53,1" doraHai="48" doraHaiUra="75" who="0" fromWho="1" sc="327,78,402,-58,51,0,200,0" /><INIT seed="4,1,0,5,2,127" ten="405,344,51,200" oya="0" hai0="0,80,22,49,69,30,91,68,34,130,37,103,57" hai1="109,23,89,27,88,20,125,100,9,74,92,58,131" hai2="18,62,110,13,50,51,114,108,86,43,132,53,75" hai3="54,59,73,60,67,119,104,126,122,10,32,24,7"/><T90/><D37/><U12/><E74/><V31/><F75/><W98/><G119/><T2/><D34/><U71/><E71/><V84/><F114/><W16/><G73/><T101/><D57/><U102/><E109/><V94/><F132/><W64/><G126/><T78/><D49/><U87/><E125/><V41/><F31/><W129/><G122/><T106/><D30/><U83/><E58/><V70/><F70/><W5/><G32/><T35/><D35/><U99/><E131/><V21/><F108/><W19/><G5/><T6/><D22/><U113/><E113/><V38/><F62/><W1/><G129/><T107/><D6/><N who="1" m="3127" /><E20/><V36/><F36/><W82/><G82/><T40/><D40/><U111/><E111/><V56/><F110/><W79/><G79/><T3/><D3/><U11/><E11/><V17/><F38/><W28/><G28/><AGARI ba="1,0" hai="23,27,28,83,87,88,89,92,99,100,102" m="3127" machi="28" ten="30,2000,0" yaku="8,1,54,1" doraHai="127" who="1" fromWho="3" sc="405,0,344,23,51,0,200,-23" /><INIT seed="5,0,0,0,3,59" ten="405,367,51,177" oya="1" hai0="116,71,115,125,91,29,38,100,86,45,17,50,44" hai1="129,76,89,60,24,16,36,26,133,95,114,61,134" hai2="56,19,3,124,58,111,109,127,113,121,87,51,47" hai3="118,9,67,62,90,123,33,52,120,13,70,105,106"/><U12/><E36/><V34/><F34/><W7/><G33/><T101/><D116/><U2/><E2/><V41/><F3/><W97/><G118/><T4/><D71/><U79/><E114/><V73/><F73/><W75/><G75/><T28/><D4/><U53/><E53/><V80/><F121/><W20/><G20/><T65/><D65/><U119/><E119/><V8/><F113/><W72/><G72/><T32/><D115/><U54/><E54/><V107/><F107/><W112/><G112/><T122/><D125/><N who="2" m="48202" /><F8/><W57/><G105/><T46/><D38/><U66/><E129/><V82/><F19/><W55/><G55/><T22/><D32/><U132/><E26/><V110/><F82/><W99/><G99/><T39/><D39/><U21/><E24/><V83/><F83/><W78/><G78/><AGARI ba="0,0" hai="41,47,51,56,58,78,80,87,109,110,111" m="48202" machi="78" ten="40,1300,0" yaku="18,1" doraHai="59" who="2" fromWho="3" sc="405,0,367,0,51,13,177,-13" /><INIT seed="6,0,0,1,1,10" ten="405,367,64,164" oya="2" hai0="96,125,102,95,87,117,63,120,113,73,58,21,15" hai1="19,7,62,133,28,25,77,37,57,90,88,47,24" hai2="6,40,93,134,44,71,46,14,36,82,42,122,49" hai3="89,54,110,38,26,94,98,109,64,3,72,29,30"/><V41/><F122/><W103/><G3/><T50/><D120/><U27/><E133/><V52/><F71/><W80/><G38/><T127/><D73/><U86/><E7/><V79/><F134/><W70/><G30/><T118/><D113/><U68/><E68/><V56/><F93/><W34/><G54/><N who="0" m="34263" /><D50/><U2/><E2/><V81/><F36/><W61/><G72/><T116/><D87/><U115/><E115/><V105/><F105/><W108/><REACH who="3" step="1"/><G80/><REACH who="3" ten="405,367,64,154" step="2"/><N who="2" m="30825" /><F79/><W18/><G18/><AGARI ba="0,1" hai="15,18,21,95,96,102,116,117,118,125,127" m="34263" machi="18" ten="40,2600,0" yaku="12,1,52,1" doraHai="10" who="0" fromWho="3" sc="405,36,367,0,64,0,154,-26" /><INIT seed="7,0,0,1,1,41" ten="441,367,64,128" oya="3" hai0="20,84,32,99,25,105,98,21,76,48,71,119,72" hai1="97,47,27,89,44,79,49,107,93,52,38,80,70" hai2="43,102,29,66,26,58,54,16,95,1,28,61,74" hai3="88,35,133,69,100,57,131,126,5,82,24,68,125"/><W108/><G131/><T42/><D119/><U90/><E70/><V85/><F74/><W39/><G39/><T63/><D72/><U117/><E107/><V128/><F128/><W106/><G133/><T109/><D109/><U120/><E120/><V31/><F1/><W111/><G5/><T92/><D48/><U101/><E117/><V64/><F43/><W51/><G100/><T13/><D42/><U4/><E38/><V30/><N who="2" m="7168" /><DORA hai="36" /><V94/><F94/><W3/><G3/><T118/><D13/><U12/><E27/><V77/><F77/><W18/><G35/><T81/><D32/><U59/><E79/><V9/><F9/><W19/><G106/><T17/><D21/><U50/><E80/><V34/><F34/><W112/><G112/><T23/><D20/><U83/><E83/><V15/><F26/><W55/><G68/><T8/><D8/><N who="1" m="4103" /><E59/><V123/><F123/><W22/><G18/><T129/><D129/><U73/><E73/><V6/><F6/><W75/><G69/><T62/><D71/><U2/><E2/><V67/><F102/><W53/><G53/><AGARI ba="0,0" hai="44,47,49,50,52,53,89,90,93,97,101" m="4103" machi="53" ten="30,7700,0" yaku="8,1,52,2,54,1" doraHai="41,36" who="1" fromWho="3" sc="441,0,367,77,64,0,128,-77" owari="441,24.1,444,54.4,64,-33.6,51,-44.9" /></mjloggm>