<mjloggm ver="2.3"><GO type="169" lobby="0"/><UN n0="%E7%9A%AE%E3%80%85" n1="%41%6C%6C%2D%4C%75%63%6B" n2="%68%61%73%68%69%30%30%31" n3="%E6%95%97%E5%8C%97%E8%80%85%E3%81%AD%E3%82%8B" dan="16,16,16,17" rate="2165.07,2138.93,2081.61,2182.81" sx="M,M,M,F"/><TAIKYOKU oya="0"/><INIT seed="0,0,0,2,5,46" ten="250,250,250,250" oya="0" hai0="15,1,53,31,121,13,10,88,98,43,132,39,110" hai1="71,134,4,126,8,55,124,65,87,116,32,79,33" hai2="84,90,74,7,30,9,131,125,34,135,103,49,105" hai3="104,96,2,3,62,61,101,112,63,133,92,18,114"/><T107/><D121/><U42/><E116/><V72/><F30/><W17/><G133/><T91/><D1/><U89/><E134/><V57/><F34/><W66/><G66/><T119/><D119/><U68/><E42/><V38/><F38/><W102/><G104/><T109/><D132/><U100/><E79/><V117/><F117/><W86/><G86/><T47/><D31/><U40/><E100/><V58/><F125/><N who="1" m="48233" /><E40/><V54/><F131/><W108/><G108/><N who="0" m="41579" /><D53/><U123/><E55/><V85/><F85/><W52/><G52/><T51/><D39/><U29/><E29/><V127/><F135/><W56/><G56/><T93/><D107/><U41/><E41/><V83/><F127/><W81/><G81/><T118/><D118/><U28/><E28/><V106/><F58/><W82/><G82/><T113/><D113/><U44/><E44/><V12/><REACH who="2" step="1"/><F105/><REACH who="2" ten="250,250,240,250" step="2"/><W37/><G37/><T64/><D64/><U35/><E65/><V26/><F26/><W129/><G129/><T130/><D130/><U25/><E25/><V14/><F14/><N who="0" m="5130" /><D10/><U0/><E123/><V69/><F69/><W45/><G112/><T20/><D20/><U5/><E5/><V23/><F23/><W94/><G114/><T120/><D120/><U36/><E36/><V95/><F95/><AGARI ba="0,1" hai="0,4,8,32,33,35,68,71,87,89,95" m="48233" machi="95" ten="40,1300,0" yaku="18,1" doraHai="46" who="1" fromWho="2" sc="250,0,250,23,240,-13,250,0" /><INIT seed="1,0,0,3,5,77" ten="250,273,227,250" oya="1" hai0="81,48,32,89,101,5,14,15,94,115,105,19,87" hai1="46,112,60,116,34,102,72,63,130,91,126,133,41" hai2="120,73,86,134,51,25,20,35,49,2,131,43,36" hai3="121,64,9,71,79,66,18,111,114,44,12,42,75"/><U129/><E116/><V27/><F73/><W57/><G121/><T88/><D115/><U99/><E72/><V65/><F2/><W113/><G111/><T53/><D32/><U4/><E34/><V29/><F131/><N who="1" m="50185" /><E112/><V26/><F134/><W70/><G70/><T54/><D105/><N who="1" m="63711" /><E4/><V92/><F120/><W90/><G71/><T7/><D101/><U85/><E126/><V30/><F65/><W17/><G90/><T106/><D106/><U97/><E97/><V95/><F36/><W10/><G57/><N who="0" m="32935" /><D54/><U100/><E100/><V117/><F117/><W135/><G135/><T82/><D82/><N who="1" m="49591" /><E133/><V123/><F123/><W132/><G132/><T1/><D1/><U127/><E127/><V93/><F43/><W22/><G114/><T78/><D78/><U104/><E104/><V40/><F40/><W52/><G113/><T68/><D68/><U118/><E118/><V16/><F86/><W58/><G79/><T80/><D80/><U37/><AGARI ba="0,0" hai="37,41,46,60,63" m="49591,63711,50185" machi="37" ten="30,3000,0" yaku="19,1,52,1" doraHai="77" who="1" fromWho="1" sc="250,-10,273,30,227,-10,250,-10" /><INIT seed="1,1,0,0,4,113" ten="240,303,217,240" oya="1" hai0="131,86,22,87,25,35,70,15,72,101,14,82,97" hai1="67,36,65,26,114,119,8,105,94,24,108,50,111" hai2="19,59,104,71,30,112,39,74,23,68,41,16,10" hai3="29,122,38,7,125,9,48,5,32,31,129,44,96"/><U130/><E36/><V57/><F104/><W135/><G122/><T11/><D70/><U81/><E105/><V75/><F39/><W118/><G38/><T60/><D131/><U79/><E114/><V58/><F41/><W63/><G129/><T34/><D72/><U3/><E130/><V17/><F112/><W99/><G125/><T49/><D49/><U110/><E94/><V133/><F10/><W102/><G135/><T107/><D60/><U88/><E50/><V27/><REACH who="2" step="1"/><F133/><REACH who="2" ten="240,303,207,240" step="2"/><W66/><G9/><T4/><D14/><U115/><E115/><V98/><F98/><W121/><G99/><T134/><D134/><U43/><E43/><V76/><F76/><W52/><G121/><T80/><D86/><N who="1" m="50255" /><E79/><V124/><F124/><W1/><G96/><T37/><D37/><U12/><E3/><V51/><F51/><W123/><G1/><T13/><D13/><U62/><E119/><V90/><F90/><W54/><G118/><T120/><D120/><U106/><E106/><V61/><F61/><W56/><G123/><T93/><D107/><U89/><E89/><V0/><F0/><W100/><G100/><T21/><D87/><U46/><E46/><V109/><F109/><W116/><G116/><T84/><D84/><U127/><E127/><V128/><F128/><W77/><G102/><T91/><D101/><U2/><E2/><V73/><AGARI ba="1,1" hai="16,17,19,23,27,30,57,58,59,68,71,73,74,75" machi="73" ten="40,12000,2" yaku="1,1,0,1,29,2,54,1,53,1" doraHai="113" doraHaiUra="20" who="2" fromWho="2" sc="240,-31,303,-61,207,133,240,-31" /><INIT seed="2,0,0,4,2,69" ten="209,242,340,209" oya="2" hai0="106,4,15,62,90,118,19,20,120,2,23,48,129" hai1="96,35,79,49,0,40,117,3,30,56,7,1,28" hai2="72,102,70,95,124,38,76,37,94,9,63,131,41" hai3="45,71,73,113,54,128,108,130,135,92,132,80,65"/><V29/><F29/><W133/><G73/><T13/><D120/><U78/><E117/><V22/><F41/><W127/><G80/><T5/><D106/><U115/><E115/><V14/><F22/><W93/><G113/><T52/><D118/><U11/><E96/><V109/><F72/><W51/><G108/><T84/><D129/><N who="3" m="49769" /><G92/><N who="0" m="54343" /><D62/><U64/><E35/><V104/><F76/><W47/><G93/><T34/><D2/><U105/><E105/><V101/><F131/><W111/><G111/><T134/><D134/><U53/><E64/><V107/><F109/><W100/><G100/><T43/><D43/><U125/><E40/><V97/><F94/><W66/><G45/><T116/><D34/><U87/><E125/><V123/><F124/><W44/><G47/><N who="0" m="27679" /><D116/><U67/><E0/><V50/><F50/><W12/><G127/><T68/><D68/><U98/><E1/><V10/><F123/><W59/><G71/><T26/><D13/><U119/><E119/><V27/><F27/><W82/><G82/><T103/><D103/><U99/><E67/><N who="3" m="25610" /><G12/><T57/><D57/><U17/><E56/><V85/><F63/><N who="3" m="36343" /><G44/><T32/><D32/><U8/><E3/><V46/><F46/><W81/><G81/><T33/><D33/><U39/><E79/><V25/><F70/><W86/><G86/><T58/><D58/><U24/><E87/><V42/><F42/><W6/><G51/><T91/><D91/><U31/><E49/><V121/><F121/><W110/><G110/><T114/><D114/><U83/><E78/><V77/><F77/><W74/><G74/><RYUUKYOKU ba="0,0" sc="209,15,242,-15,340,-15,209,15" hai0="4,5,15,19,20,23,26" hai3="6,132,133,135" /><INIT seed="3,1,0,3,0,118" ten="224,227,325,224" oya="3" hai0="102,62,91,103,96,123,7,90,37,72,79,65,92" hai1="128,87,19,27,18,114,98,3,109,58,32,104,0" hai2="122,68,134,75,11,9,116,6,40,67,33,97,111" hai3="48,30,131,26,56,85,133,52,24,119,94,86,29"/><W121/><G119/><T95/><D37/><U49/><E109/><V46/><F111/><W89/><G131/><T44/><D44/><U82/><E128/><V34/><F11/><W59/><G133/><T60/><D7/><U31/><E114/><V135/><F97/><W4/><G4/><T14/><D14/><U1/><E104/><V28/><F75/><W99/><G121/><T22/><D22/><U81/><E98/><V132/><F28/><W78/><G59/><T2/><D2/><U129/><E129/><V76/><F76/><W70/><G70/><T54/><D54/><U64/><E81/><V108/><F108/><W106/><G106/><T120/><D65/><U73/><E73/><V110/><F110/><W93/><G78/><T107/><D62/><U13/><E13/><V127/><F127/><W83/><G26/><T25/><D25/><U23/><E23/><V101/><F101/><N who="0" m="38410" /><D60/><U77/><E64/><V17/><F17/><W74/><G74/><T50/><D50/><U57/><E57/><V117/><F117/><W10/><G10/><T63/><D63/><U112/><E112/><V80/><F116/><W35/><G29/><T41/><D41/><U113/><E113/><V51/><F122/><N who="0" m="46634" /><D107/><U20/><E20/><V126/><F67/><W45/><G45/><T39/><D39/><U47/><E58/><V130/><F130/><W8/><G8/><T84/><D72/><U12/><E12/><V16/><F6/><W66/><G66/><T71/><D71/><U69/><E69/><V61/><F68/><W125/><G35/><T36/><D36/><RYUUKYOKU ba="1,0" sc="224,15,227,15,325,-15,224,-15" hai0="79,84,90,91,92,95,96" hai1="0,1,3,18,19,27,31,32,47,49,77,82,87" /><INIT seed="4,2,0,5,4,67" ten="239,242,310,209" oya="0" hai0="4,72,15,120,121,32,60,25,74,117,108,87,68" hai1="9,49,8,62,2,30,107,130,54,41,126,73,33" hai2="21,110,91,84,119,111,37,104,0,31,43,94,5" hai3="34,47,10,80,95,98,124,113,44,17,127,7,71"/><T105/><D117/><U89/><E107/><V24/><F104/><W20/><G71/><T11/><D87/><U51/><E73/><V70/><F5/><W76/><G34/><T6/><D108/><U18/><E126/><N who="3" m="48170" /><G113/><T101/><D4/><U3/><E130/><V118/><F0/><N who="3" m="359" /><G20/><T55/><D55/><U64/><E41/><V109/><F37/><W92/><G17/><T35/><D121/><U114/><E114/><V36/><F36/><W58/><G58/><T133/><D133/><U96/><E30/><V79/><F43/><W83/><G92/><T78/><D120/><U69/><E33/><V77/><REACH who="2" step="1"/><F70/><REACH who="2" ten="239,242,300,209" step="2"/><W100/><G83/><T116/><D116/><AGARI ba="2,1" hai="21,24,31,77,79,84,91,94,109,110,111,116,118,119" machi="116" ten="50,8000,1" yaku="1,1,2,1,12,1,53,1" doraHai="67" doraHaiUra="26" who="2" fromWho="0" sc="239,-86,242,0,300,96,209,0" /><INIT seed="5,0,0,0,1,53" ten="153,242,396,209" oya="1" hai0="115,133,0,45,10,43,80,67,123,19,71,32,46" hai1="58,31,28,35,78,70,3,1,8,107,74,85,101" hai2="87,23,84,27,86,110,56,47,125,59,130,65,118" hai3="33,128,30,9,49,100,124,77,18,68,117,113,34"/><U60/><E74/><V116/><F110/><W41/><G68/><T69/><D115/><U42/><E70/><V102/><F65/><W93/><G113/><T17/><D133/><U122/><E122/><V50/><F125/><W129/><G124/><T106/><D123/><U98/><E42/><V7/><F7/><W75/><G77/><T95/><D106/><U2/><E8/><V92/><F130/><W29/><G75/><T52/><D32/><U4/><E4/><V89/><F102/><W119/><G93/><T24/><D0/><U6/><E6/><V54/><F118/><N who="3" m="45067" /><G49/><N who="0" m="26815" /><D71/><U57/><E35/><N who="3" m="13322" /><G100/><T88/><D69/><U76/><E60/><V51/><F116/><W135/><G41/><T105/><D105/><U120/><E120/><V132/><F132/><W99/><G99/><N who="0" m="57831" /><D67/><U26/><E78/><V104/><F104/><W62/><G62/><T40/><D80/><U44/><E44/><V13/><F13/><N who="3" m="7471" /><G135/><T22/><D40/><U90/><E76/><V127/><F127/><W112/><G112/><T96/><D96/><U5/><E5/><V83/><F50/><W109/><G109/><T20/><D10/><U37/><E37/><V48/><F48/><W15/><G15/><N who="0" m="9279" /><D46/><U16/><E85/><N who="2" m="32875" /><F83/><W55/><G55/><AGARI ba="0,0" hai="19,22,24,52,55" m="9279,57831,26815" machi="55" ten="30,3900,0" yaku="8,1,54,2" doraHai="53" who="0" fromWho="3" sc="153,39,242,0,396,0,209,-39" /><INIT seed="6,0,0,0,2,53" ten="192,242,396,170" oya="2" hai0="85,7,57,25,69,4,86,132,117,114,55,106,22" hai1="100,41,97,131,108,112,16,109,15,30,126,60,49" hai2="39,87,130,36,101,70,9,72,14,81,61,59,0" hai3="62,92,115,65,98,40,23,73,123,91,34,104,78"/><V80/><F0/><W88/><G123/><T63/><D106/><U33/><E112/><V13/><F70/><W35/><G115/><T75/><D114/><U95/><E126/><V134/><F134/><W113/><G113/><T24/><D132/><U3/><E3/><V128/><F101/><W32/><G104/><T17/><D75/><U10/><E131/><N who="2" m="50219" /><F72/><W121/><G121/><T93/><D117/><U68/><E33/><V6/><F14/><W94/><G40/><T47/><D69/><U20/><E41/><V111/><F111/><W58/><G23/><N who="0" m="13423" /><D47/><U107/><E107/><V99/><F99/><W28/><G78/><T48/><D63/><U118/><E118/><V127/><F81/><W110/><G110/><T89/><D86/><U52/><E60/><V122/><F127/><W31/><REACH who="3" step="1"/><G73/><REACH who="3" ten="192,242,396,160" step="2"/><T44/><D44/><U46/><REACH who="1" step="1"/><E68/><REACH who="1" ten="192,232,396,160" step="2"/><V103/><F122/><W120/><G120/><T67/><D67/><U116/><E116/><V38/><F38/><W79/><G79/><T50/><D50/><U82/><E82/><V64/><F39/><W51/><G51/><T42/><D42/><U83/><E83/><V135/><F36/><W102/><G102/><T2/><D2/><U8/><E8/><V1/><F103/><W105/><G105/><T133/><D133/><U18/><E18/><AGARI ba="0,2" hai="4,7,18,22,25,48,55,57,85,89,93" m="13423" machi="18" ten="30,2000,0" yaku="8,1,52,1" doraHai="53" who="0" fromWho="1" sc="192,40,232,-20,396,0,160,0" /><INIT seed="7,0,0,5,0,41" ten="232,212,396,160" oya="3" hai0="127,60,71,113,4,65,23,66,57,26,61,13,51" hai1="124,14,79,101,119,1,76,18,116,73,63,47,106" hai2="121,114,9,104,29,0,129,133,2,16,64,67,55" hai3="30,34,43,21,62,77,20,3,89,81,48,123,6"/><W19/><G123/><T96/><D127/><U100/><E1/><V90/><F104/><W31/><G34/><T84/><D113/><U70/><E124/><V118/><F114/><W33/><G33/><T37/><D37/><U132/><E132/><V22/><F133/><W110/><G110/><T120/><D120/><U98/><E100/><V38/><F38/><W91/><G3/><T86/><D96/><U52/><E70/><V49/><F129/><W109/><G6/><T75/><D75/><U40/><E73/><V35/><F118/><N who="1" m="45097" /><E63/><V5/><F2/><W25/><G109/><T7/><D51/><N who="1" m="28799" /><E40/><V58/><F121/><W130/><G62/><T17/><D4/><U82/><E82/><V107/><F107/><W115/><G115/><T68/><D57/><U97/><E97/><V36/><F36/><W134/><G130/><T87/><D7/><U94/><E106/><V11/><F11/><AGARI ba="0,0" hai="11,14,18,76,79,94,98,101" m="28799,45097" machi="11" ten="30,3900,0" yaku="12,1,52,1,54,1" doraHai="41" who="1" fromWho="2" sc="232,0,212,39,396,-39,160,0" owari="232,-16.8,251,5.1,357,45.7,160,-34.0" /></mjloggm>