<mjloggm ver="2.3"><GO type="169" lobby="0"/><UN n0="%E5%B9%B3%E5%92%8C%6E%6F%6D%69" n1="%79%61%6E%72%6F%75" n2="%E3%81%B1%E3%82%93%E3%81%AA%E3%81%93%E3%81%BE%E3%81%A3%E3%81%9F" n3="%63%68%78%63%63" dan="16,16,17,17" rate="2072.77,2147.36,2213.41,2140.56" sx="M,M,M,M"/><TAIKYOKU oya="0"/><INIT seed="0,0,0,3,0,65" ten="250,250,250,250" oya="0" hai0="37,89,52,70,67,129,38,104,20,26,132,111,109" hai1="14,134,48,79,116,25,8,27,90,69,49,98,105" hai2="56,115,43,122,1,124,36,106,53,84,118,46,66" hai3="103,125,73,83,7,32,128,58,31,16,77,93,71"/><T45/><D104/><U114/><E116/><V91/><F106/><W68/><G7/><T6/><D6/><U87/><E134/><V44/><F1/><W29/><G128/><T54/><D129/><U22/><E79/><V108/><F122/><W107/><G125/><T34/><D34/><U102/><E114/><V4/><F115/><W60/><G107/><T113/><D132/><U100/><E102/><V10/><F118/><W51/><G51/><N who="0" m="28783" /><D89/><U55/><E69/><V2/><F124/><W19/><G32/><T131/><D54/><U101/><E101/><V76/><F46/><W82/><G82/><T23/><D131/><U41/><E41/><V0/><F0/><W127/><G127/><T99/><D99/><U121/><E121/><V59/><F76/><W42/><G42/><T80/><D80/><U12/><E49/><V85/><F66/><W33/><G33/><T24/><D113/><U130/><E130/><V120/><F120/><W133/><G133/><T30/><D67/><U81/><E8/><V21/><F91/><W96/><G31/><N who="0" m="17799" /><D70/><U75/><E75/><V94/><F43/><W13/><G29/><T62/><D62/><U63/><E63/><V97/><F4/><W119/><G119/><T123/><D123/><U74/><E74/><V5/><F5/><W78/><G78/><T92/><D92/><U15/><REACH who="1" step="1"/><E22/><REACH who="1" ten="250,240,250,250" step="2"/><V47/><F21/><N who="3" m="11407" /><G71/><T95/><D95/><U17/><E17/><V61/><F94/><W40/><G68/><T112/><D112/><U72/><E72/><V39/><F2/><W18/><G40/><T35/><D35/><RYUUKYOKU ba="0,1" sc="250,10,240,10,250,-30,250,10" hai0="23,26,30,37,38,109,111" hai1="12,14,15,25,27,48,55,81,87,90,98,100,105" hai3="18,19,58,60,73,77,83,93,96,103" /><INIT seed="0,1,1,0,2,28" ten="260,250,220,260" oya="0" hai0="6,9,7,134,48,93,81,25,80,88,38,123,84" hai1="13,59,4,31,3,91,68,40,17,118,115,72,63" hai2="56,79,15,58,49,127,133,53,103,77,42,131,54" hai3="130,129,112,82,11,109,29,74,114,126,33,83,30"/><T37/><D123/><U128/><E128/><V100/><F127/><W107/><G107/><T119/><D119/><U39/><E72/><V0/><F131/><N who="3" m="50187" /><G11/><T125/><D125/><U44/><E115/><N who="3" m="44074" /><G126/><T26/><D134/><U111/><E111/><V1/><F42/><W108/><G74/><T55/><D38/><U20/><E68/><V120/><F15/><W18/><G18/><T60/><D60/><U21/><E118/><V71/><F71/><W64/><G64/><T66/><D66/><U78/><E78/><V94/><F94/><W135/><G135/><T97/><D37/><U132/><E91/><V92/><F92/><W2/><G2/><T35/><D81/><N who="3" m="30729" /><G33/><T65/><D65/><U85/><E3/><V102/><F133/><W96/><G96/><T5/><D35/><U70/><E20/><V99/><F99/><W116/><G116/><T62/><D62/><U61/><E61/><V14/><F14/><W12/><G12/><T75/><D9/><U122/><E70/><V87/><F87/><W117/><G117/><T121/><D75/><U104/><E85/><V113/><F113/><W110/><AGARI ba="1,1" hai="29,30,108,109,110" m="30729,44074,50187" machi="110" ten="40,8000,1" yaku="28,2,14,1,19,1" doraHai="28" who="3" fromWho="3" sc="260,-41,250,-21,220,-21,260,93" /><INIT seed="1,0,0,0,5,79" ten="219,229,199,353" oya="1" hai0="124,24,17,74,119,72,109,45,90,29,40,8,73" hai1="77,123,70,27,113,43,107,125,105,32,108,71,34" hai2="94,54,42,64,93,89,131,57,96,6,23,48,83" hai3="134,103,22,126,59,92,18,95,55,44,52,28,1"/><U2/><E123/><V11/><F131/><W88/><G1/><T104/><D119/><U132/><E27/><V56/><F23/><W61/><G126/><T122/><D109/><U25/><E25/><V117/><F117/><W66/><G134/><T114/><D104/><N who="1" m="40011" /><E132/><V85/><F42/><W91/><G28/><T62/><D114/><U127/><E113/><V101/><F64/><W81/><G103/><T120/><D124/><N who="1" m="47691" /><E43/><V31/><F31/><W100/><G100/><T3/><D62/><U78/><E108/><V76/><F57/><W106/><G106/><T46/><D90/><U135/><E2/><V97/><F6/><W121/><G121/><N who="0" m="46699" /><D40/><U12/><E12/><V7/><F7/><W47/><G92/><T115/><D115/><U69/><E135/><V19/><F19/><W111/><G111/><T128/><D128/><U65/><E65/><V87/><REACH who="2" step="1"/><F11/><REACH who="2" ten="219,229,189,353" step="2"/><W10/><G10/><T98/><D17/><U9/><E9/><V110/><F110/><W37/><G66/><T21/><D8/><U13/><E13/><V60/><F60/><W53/><G37/><T84/><D3/><U102/><E102/><V63/><F63/><W50/><G18/><T14/><D14/><U5/><E5/><V26/><F26/><W67/><G22/><T4/><D4/><U75/><E75/><AGARI ba="0,1" hai="48,54,56,75,76,83,85,87,89,93,94,96,97,101" machi="75" ten="30,3900,0" yaku="1,1,7,1,52,1,53,0" doraHai="79" doraHaiUra="30" who="2" fromWho="1" sc="219,0,229,-39,189,49,353,0" /><INIT seed="2,0,0,0,5,117" ten="219,190,238,353" oya="2" hai0="120,34,47,29,20,10,110,15,83,44,119,49,50" hai1="0,90,78,52,122,107,103,94,93,38,88,124,62" hai2="91,128,5,86,46,14,42,35,87,43,58,60,56" hai3="112,9,61,23,75,73,33,118,67,27,69,48,31"/><V3/><F128/><W130/><G118/><T22/><D119/><U95/><E38/><V4/><F35/><W72/><G130/><T126/><D110/><U134/><E0/><V37/><F3/><W66/><G112/><T85/><D126/><U8/><E124/><V12/><F43/><W96/><G67/><T19/><D120/><U106/><E8/><V68/><F68/><W133/><G48/><T121/><D121/><U77/><E122/><V36/><F42/><W79/><G9/><T89/><D34/><U7/><E7/><V45/><REACH who="2" step="1"/><F91/><REACH who="2" ten="219,190,228,353" step="2"/><N who="1" m="34857" /><E134/><V105/><F105/><N who="1" m="39945" /><E52/><V17/><F17/><W109/><G133/><T57/><D29/><U97/><E62/><AGARI ba="0,1" hai="4,5,12,14,36,37,45,46,56,58,60,62,86,87" machi="62" ten="25,4800,0" yaku="1,1,22,2,53,0" doraHai="117" doraHaiUra="76" who="2" fromWho="1" sc="219,0,190,-48,228,58,353,0" /><INIT seed="2,1,0,5,5,119" ten="219,142,286,353" oya="2" hai0="79,90,37,105,100,66,93,21,74,4,99,18,132" hai1="108,58,16,92,13,103,70,85,45,110,61,89,67" hai2="91,51,109,71,130,112,95,131,52,46,14,135,120" hai3="12,59,32,128,33,106,8,35,115,1,88,57,78"/><V50/><F112/><W133/><G106/><T96/><D132/><U9/><E45/><V80/><F71/><W94/><G115/><T83/><D37/><U126/><E126/><V5/><F135/><W22/><G1/><T68/><D4/><U102/><REACH who="1" step="1"/><E70/><REACH who="1" ten="219,132,286,353" step="2"/><V40/><F131/><W63/><G128/><T87/><D68/><U27/><E27/><V113/><F130/><W47/><G47/><T25/><REACH who="0" step="1"/><D66/><REACH who="0" ten="209,132,286,353" step="2"/><U101/><AGARI ba="1,2" hai="9,13,16,58,61,67,85,89,92,101,102,103,108,110" machi="101" ten="30,7900,0" yaku="1,1,0,1,54,1,53,1" doraHai="119" doraHaiUra="6" who="1" fromWho="1" sc="209,-21,132,102,286,-40,353,-21" /><INIT seed="3,0,0,5,1,100" ten="188,234,246,332" oya="3" hai0="40,89,37,48,69,128,70,105,65,26,35,115,119" hai1="98,93,53,32,73,30,95,103,60,118,83,130,82" hai2="22,7,59,120,12,24,46,0,87,78,112,57,84" hai3="124,41,25,13,5,122,6,55,94,61,92,43,21"/><W117/><G117/><T33/><D119/><U79/><E130/><V109/><F112/><W10/><G6/><T96/><D128/><U8/><E118/><V64/><F0/><W44/><G122/><T56/><D115/><U129/><E129/><V1/><F1/><W97/><G124/><T39/><D39/><U28/><E32/><V76/><F120/><W27/><G27/><T47/><D26/><U123/><E123/><V2/><F2/><W11/><G11/><T16/><D16/><U23/><E8/><N who="2" m="4127" /><F109/><W132/><G132/><T9/><D9/><U15/><E82/><V51/><F87/><W42/><G97/><T113/><D113/><U106/><E30/><N who="2" m="17687" /><F84/><W125/><G125/><T81/><D81/><U121/><E121/><V14/><F14/><W54/><G61/><N who="0" m="40111" /><D70/><U91/><E28/><V75/><F75/><W49/><REACH who="3" step="1"/><G55/><REACH who="3" ten="188,234,246,322" step="2"/><N who="0" m="31847" /><D33/><U19/><E60/><V66/><F66/><W29/><AGARI ba="0,1" hai="5,10,13,21,25,29,41,42,43,44,49,54,92,94" machi="29" ten="30,6000,0" yaku="1,1,0,1,8,1,53,0" doraHai="100" doraHaiUra="63" who="3" fromWho="3" sc="188,-20,234,-20,246,-20,322,70" /><INIT seed="3,1,0,0,5,129" ten="168,214,226,392" oya="3" hai0="11,33,34,20,86,92,118,123,17,70,133,0,68" hai1="60,117,10,112,113,39,36,90,18,71,62,80,49" hai2="21,109,99,126,23,67,88,84,122,25,98,40,82" hai3="121,7,32,3,79,35,58,5,73,77,131,115,104"/><W61/><G104/><T2/><D2/><U19/><BYE who="0" /><E117/><V64/><F109/><W127/><G115/><T95/><D95/><U125/><E125/><V105/><F126/><W14/><G131/><T91/><D91/><U135/><E49/><UN n0="%E5%B9%B3%E5%92%8C%6E%6F%6D%69" /><V37/><F122/><W52/><G3/><T59/><D118/><U110/><E90/><V74/><F74/><W76/><G73/><T24/><D123/><U31/><E10/><V42/><F23/><W44/><G121/><T124/><D124/><U50/><E50/><V100/><F99/><W38/><G127/><T101/><D86/><U43/><E71/><V26/><F26/><W96/><G96/><T13/><D92/><U28/><E43/><V29/><REACH who="2" step="1"/><F42/><REACH who="2" ten="168,214,216,392" step="2"/><W27/><G27/><T65/><D34/><U85/><E85/><V45/><AGARI ba="1,1" hai="21,25,29,37,40,45,64,67,82,84,88,98,100,105" machi="45" ten="30,7900,0" yaku="1,1,2,1,0,1,54,1,53,0" doraHai="129" doraHaiUra="75" who="2" fromWho="2" sc="168,-21,214,-21,216,92,392,-40" /><INIT seed="4,0,0,3,5,17" ten="147,193,308,352" oya="0" hai0="77,33,68,20,50,76,121,80,86,120,39,52,66" hai1="115,35,16,15,5,129,63,130,30,101,90,58,128" hai2="69,24,9,47,60,28,57,31,93,59,51,11,79" hai3="46,73,117,78,48,94,21,108,123,37,44,107,133"/><T10/><D33/><U125/><E125/><V95/><F69/><W64/><G94/><T34/><D34/><U54/><E101/><V81/><F11/><W56/><G78/><T105/><D39/><U96/><E5/><V111/><F9/><W55/><G73/><T1/><D105/><U49/><E115/><V82/><F111/><W91/><G91/><T38/><D38/><U89/><E96/><V27/><F51/><W0/><G107/><T22/><D77/><U72/><E72/><V23/><F79/><W43/><G0/><T104/><D104/><U7/><E7/><V4/><F4/><W119/><G21/><T118/><D118/><U126/><E126/><V53/><F47/><W13/><G13/><T84/><D10/><N who="1" m="6263" /><E63/><V132/><F132/><W113/><G123/><T97/><D1/><U131/><N who="1" m="32768" /><DORA hai="102" /><U8/><E8/><V36/><F60/><N who="3" m="37895" /><G113/><T74/><D97/><U135/><E135/><V41/><F36/><W45/><G133/><T32/><D32/><U92/><E92/><V99/><F99/><W65/><G108/><T124/><D124/><U88/><E89/><V18/><F95/><W112/><G112/><T26/><D121/><U61/><E61/><V3/><F93/><W109/><G109/><T127/><D120/><U62/><E62/><V29/><F3/><W116/><G65/><T2/><D2/><U134/><E134/><V110/><F110/><W103/><G103/><T6/><D6/><U83/><E83/><V85/><F82/><W42/><G119/><T106/><D127/><U14/><E14/><V25/><F81/><RYUUKYOKU ba="0,0" sc="147,-15,193,15,308,-15,352,15" hai1="30,35,49,54,58,88,90" hai3="37,42,43,44,45,46,48,55,116,117" /><INIT seed="5,1,0,4,2,62" ten="132,208,293,367" oya="1" hai0="124,93,88,67,119,92,112,85,60,75,104,113,18" hai1="94,95,74,100,66,29,37,111,2,25,63,31,61" hai2="102,76,9,65,26,126,109,17,57,79,70,48,97" hai3="27,99,14,117,98,91,51,56,82,103,115,19,49"/><U101/><E37/><V64/><F109/><W39/><G39/><T58/><D119/><U134/><E2/><V11/><F70/><W105/><G115/><N who="0" m="44107" /><D104/><U36/><E36/><V50/><F126/><W59/><G27/><T6/><D75/><U45/><E111/><V13/><F26/><W90/><G117/><T20/><D6/><U128/><E74/><V23/><F11/><W110/><G110/><T80/><D124/><U43/><E128/><V41/><F9/><W73/><G73/><T68/><D68/><U120/><E120/><V38/><F38/><W107/><G82/><T7/><D7/><U55/><E43/><V129/><F129/><W21/><G21/><T127/><D127/><U53/><E25/><AGARI ba="1,0" hai="18,20,25,58,60,67,80,85,88,92,93" m="44107" machi="25" ten="30,3900,0" yaku="15,1,52,1,54,1" doraHai="62" who="0" fromWho="1" sc="132,42,208,-42,293,0,367,0" /><INIT seed="6,0,0,3,2,13" ten="174,166,293,367" oya="2" hai0="90,64,55,78,121,88,92,65,115,98,119,96,117" hai1="56,100,99,124,95,30,51,53,82,89,4,105,24" hai2="45,1,39,33,93,91,76,36,120,18,32,126,42" hai3="35,17,27,94,84,109,71,63,67,102,9,26,110"/><V116/><F116/><N who="0" m="44618" /><D121/><U87/><E124/><V37/><F120/><W15/><G35/><T107/><D115/><U58/><E4/><V60/><F126/><W68/><G68/><T43/><D43/><U47/><REACH who="1" step="1"/><E105/><REACH who="1" ten="174,156,293,367" step="2"/><V22/><F1/><W16/><G109/><T19/><D107/><U28/><E28/><V52/><F76/><W74/><G110/><T6/><D6/><U48/><E48/><V66/><F33/><AGARI ba="0,1" hai="24,30,33,47,51,53,56,58,82,87,89,95,99,100" machi="33" ten="30,2000,0" yaku="1,1,7,1,53,0" doraHai="13" doraHaiUra="123" who="1" fromWho="2" sc="174,0,156,30,293,-20,367,0" /><INIT seed="7,0,0,5,0,130" ten="174,186,273,367" oya="3" hai0="21,25,90,62,125,8,81,27,120,3,108,40,33" hai1="17,98,58,87,23,50,76,111,16,5,113,18,79" hai2="107,80,57,38,53,2,131,42,35,45,70,41,49" hai3="85,101,132,44,96,48,32,84,56,89,39,19,22"/><W133/><G39/><T122/><D108/><U83/><E113/><V91/><F107/><N who="3" m="63911" /><G56/><T112/><D40/><U63/><E111/><V29/><F2/><W116/><G89/><T95/><D112/><U26/><E5/><V134/><F29/><W115/><G32/><T74/><D125/><U6/><E6/><V110/><F35/><W88/><G88/><T68/><D33/><U78/><E50/><V103/><F103/><W114/><G116/><T121/><D74/><U60/><E60/><V73/><F73/><W51/><G85/><T135/><D81/><U20/><E98/><V47/><F80/><W13/><G84/><T52/><D135/><N who="3" m="51785" /><G51/><T124/><D124/><U104/><E104/><V11/><F91/><W34/><G34/><T0/><D8/><U59/><E59/><V127/><F110/><W100/><G100/><T14/><D68/><U128/><E128/><V92/><F70/><W37/><G37/><T30/><D27/><U12/><E87/><V4/><F131/><W126/><G126/><T102/><D102/><U7/><E83/><V43/><F127/><W61/><G61/><T24/><D24/><U93/><E93/><V123/><F92/><W1/><G1/><T117/><D14/><U31/><E58/><V28/><F57/><W15/><G15/><T46/><D62/><U69/><E69/><V55/><F38/><W9/><G9/><T109/><D117/><U10/><E63/><V65/><F11/><W99/><G115/><T54/><D109/><U75/><E75/><V118/><F134/><W71/><G114/><T106/><D106/><RYUUKYOKU ba="0,0" sc="174,-10,186,30,273,-10,367,-10" hai1="7,10,12,16,17,18,20,23,26,31,76,78,79" owari="164,-33.6,216,-18.4,263,6.3,357,45.7" /></mjloggm>