<mjloggm ver="2.3"><GO type="169" lobby="0"/><UN n0="%70%6F%72%66%65%76%72%65" n1="%E3%82%A2%E3%83%A9%E3%82%B5%E3%83%BC%E3%81%A0%E3%82%88%21%21" n2="%E3%81%A6%E3%82%93%E3%81%8F%E3%81%86" n3="%E3%80%8C%E3%82%AD%E3%82%BF%E3%80%8D" dan="16,18,16,16" rate="2140.67,2231.06,2174.90,2050.30" sx="M,F,M,M"/><TAIKYOKU oya="0"/><INIT seed="0,0,0,2,4,130" ten="250,250,250,250" oya="0" hai0="104,72,135,83,2,37,105,53,67,11,8,69,79" hai1="7,134,75,118,57,114,5,43,106,85,126,50,18" hai2="61,45,112,125,36,46,22,131,100,80,17,64,38" hai3="52,63,101,20,90,77,40,59,54,78,86,0,42"/><T1/><D53/><U127/><E75/><V3/><F3/><W60/><G0/><T21/><D21/><U16/><E106/><N who="0" m="41065" /><D11/><U97/><E97/><V6/><F6/><W124/><G101/><T26/><D26/><U33/><E33/><V49/><F100/><W23/><G124/><N who="1" m="47658" /><E114/><V58/><F131/><W66/><G66/><T111/><D37/><U108/><E118/><V28/><F28/><W71/><G71/><T55/><D55/><N who="1" m="31991" /><E85/><V93/><F36/><W14/><G14/><T98/><D98/><U34/><E43/><V133/><F38/><W25/><G42/><T35/><D35/><U19/><E34/><V62/><F112/><W39/><G40/><T121/><D121/><U132/><E108/><V92/><F125/><W12/><G39/><T65/><D111/><U13/><E7/><V120/><F120/><W123/><G123/><T110/><D110/><U51/><E51/><V129/><F49/><W117/><G117/><T29/><D29/><U107/><E107/><V119/><F119/><W128/><G128/><T47/><D47/><U87/><E87/><V99/><F45/><W74/><G74/><T48/><D48/><U113/><E113/><V96/><F46/><W30/><G60/><N who="0" m="40103" /><D67/><U84/><E84/><V56/><F64/><W81/><G54/><T31/><D31/><U88/><E88/><V91/><F91/><W94/><G94/><T4/><D2/><U102/><E102/><V41/><F93/><W27/><REACH who="3" step="1"/><G12/><REACH who="3" ten="250,250,250,240" step="2"/><T44/><D44/><U89/><E89/><N who="2" m="55311" /><F129/><W24/><G24/><T32/><D32/><U70/><E70/><RYUUKYOKU ba="0,1" sc="250,10,250,10,250,-30,240,10" hai0="1,4,8,72,79,83,135" hai1="5,13,16,18,19,132,134" hai3="20,23,25,27,30,52,59,63,77,78,81,86,90" /><INIT seed="0,1,1,0,1,109" ten="260,260,220,250" oya="0" hai0="77,47,130,129,29,18,41,92,0,32,64,8,75" hai1="24,87,21,51,9,33,49,90,114,26,123,22,11" hai2="73,46,28,36,12,5,62,69,100,119,135,102,112" hai3="125,122,131,88,117,1,115,96,71,83,58,85,84"/><T101/><D64/><U72/><E33/><V63/><F73/><W2/><G71/><T7/><D92/><U120/><E87/><V48/><F36/><W70/><G70/><T126/><D101/><U66/><E72/><V103/><F69/><W52/><G117/><T74/><D126/><U118/><E90/><V95/><F135/><W60/><G125/><T67/><D67/><U25/><E66/><V15/><F28/><W93/><G131/><N who="0" m="50187" /><D77/><U17/><E118/><V82/><F82/><W124/><G124/><T50/><D18/><U79/><E79/><V30/><F95/><W35/><G122/><T23/><D23/><U68/><E68/><V113/><F119/><W38/><G38/><T59/><D59/><U106/><E26/><AGARI ba="1,1" hai="0,7,8,26,29,32,41,47,50,74,75" m="50187" machi="26" ten="30,1500,0" yaku="19,1" doraHai="109" who="0" fromWho="1" sc="260,28,260,-18,220,0,250,0" /><INIT seed="0,2,0,0,2,63" ten="288,242,220,250" oya="0" hai0="68,67,53,4,86,85,61,89,96,22,36,103,54" hai1="72,104,105,129,23,120,75,13,44,65,20,31,100" hai2="95,116,92,52,69,58,108,83,112,133,82,101,122" hai3="50,18,0,109,15,93,5,33,41,70,115,130,78"/><T6/><D36/><U59/><E120/><V47/><F122/><W88/><G115/><T84/><D89/><U132/><E129/><V26/><F112/><W56/><G70/><T111/><D111/><U113/><E132/><V27/><F69/><W102/><G33/><T37/><D37/><U73/><E113/><V90/><F133/><W24/><G130/><T1/><D22/><U76/><E76/><V126/><F126/><W8/><G78/><T87/><N who="0" m="21504" /><DORA hai="114" /><T57/><D1/><U34/><E44/><V21/><F47/><W43/><G24/><T118/><D118/><U46/><E46/><V51/><F27/><W10/><G102/><T98/><D98/><U2/><E2/><V71/><F71/><W55/><REACH who="3" step="1"/><G109/><REACH who="3" ten="288,242,220,240" step="2"/><T30/><D68/><U80/><E100/><V123/><F101/><W40/><G40/><T19/><D103/><U106/><E34/><V124/><F108/><W17/><G17/><T48/><D19/><U16/><E31/><V3/><F123/><W11/><G11/><T45/><D30/><U99/><E80/><V77/><F77/><W66/><G66/><T128/><D128/><U107/><E106/><V14/><F82/><W39/><G39/><T25/><D25/><U91/><E23/><V125/><F21/><W35/><G35/><T110/><D110/><U135/><E135/><V29/><F83/><W97/><AGARI ba="2,1" hai="0,5,8,10,15,18,41,43,50,55,56,88,93,97" machi="97" ten="20,8000,1" yaku="1,1,0,1,7,1,54,1,53,1" doraHai="63,114" doraHaiUra="49,74" who="3" fromWho="3" sc="288,-42,242,-22,220,-22,240,96" /><INIT seed="1,0,0,2,3,22" ten="246,220,198,336" oya="1" hai0="103,101,32,135,109,39,51,105,93,26,90,112,12" hai1="100,83,115,17,80,40,125,74,4,30,126,107,7" hai2="52,44,133,27,120,15,20,63,128,132,102,118,43" hai3="24,45,72,42,33,134,41,98,73,31,37,81,119"/><U70/><E115/><V110/><F118/><W111/><G111/><T106/><D112/><U88/><E70/><V23/><F120/><W95/><G134/><N who="2" m="51817" /><F110/><W113/><G113/><T29/><D39/><U108/><E40/><V25/><F128/><W10/><G119/><T67/><D109/><U99/><E108/><V130/><F102/><W127/><G127/><N who="1" m="48650" /><E30/><V46/><F130/><W86/><G10/><T69/><D51/><U38/><E38/><N who="2" m="21623" /><F46/><W1/><G1/><T92/><D103/><U28/><E28/><V61/><F63/><W14/><G14/><T71/><D101/><U62/><E62/><V82/><F82/><W9/><G9/><T35/><D12/><U59/><E59/><N who="2" m="35047" /><F23/><W54/><G42/><T60/><D135/><U123/><E123/><V97/><F97/><W124/><G124/><T114/><D60/><U78/><E17/><AGARI ba="0,0" hai="15,17,20,25,27" m="35047,21623,51817" machi="17" ten="30,7700,0" yaku="20,1,52,2,54,1" doraHai="22" who="2" fromWho="1" sc="246,0,220,-77,198,77,336,0" /><INIT seed="2,0,0,5,1,120" ten="246,143,275,336" oya="2" hai0="21,22,134,123,11,3,39,89,25,113,119,93,102" hai1="54,68,15,60,111,122,69,129,7,132,9,76,44" hai2="78,108,106,128,88,100,43,95,103,63,51,87,121" hai3="74,86,118,61,37,47,66,17,29,33,31,46,36"/><V45/><F121/><W126/><G126/><T104/><D123/><U42/><E132/><V18/><F128/><W83/><G74/><T81/><D134/><U4/><E129/><V72/><F106/><W70/><G118/><T26/><D39/><U77/><E122/><V19/><F72/><W110/><G33/><T27/><D81/><U82/><E7/><V107/><F107/><W62/><G17/><T13/><D3/><U12/><E12/><V1/><F1/><W131/><G131/><T71/><D71/><U64/><E54/><V85/><F63/><W35/><G35/><T116/><D113/><U24/><E24/><V32/><F32/><W130/><G130/><T38/><D38/><U115/><E115/><V105/><F105/><W117/><G117/><N who="0" m="45131" /><D102/><N who="2" m="38954" /><F108/><W133/><G133/><T53/><D53/><U30/><E30/><V101/><F101/><W55/><G110/><T75/><D104/><U8/><E111/><V34/><F34/><W73/><G73/><T50/><D75/><U84/><E69/><V56/><F56/><W127/><G127/><T114/><D114/><U90/><REACH who="1" step="1"/><E9/><REACH who="1" ten="246,133,275,336" step="2"/><V10/><F10/><W59/><G70/><T57/><D11/><U23/><E23/><V80/><AGARI ba="0,1" hai="18,19,43,45,51,78,80,85,87,88,95" m="38954" machi="80" ten="30,3000,0" yaku="8,1,54,1" doraHai="120" who="2" fromWho="2" sc="246,-10,133,-10,275,40,336,-10" /><INIT seed="2,1,0,2,4,105" ten="236,123,315,326" oya="2" hai0="77,76,55,92,71,85,117,108,5,127,106,135,17" hai1="45,62,111,48,36,129,72,86,134,30,124,56,110" hai2="68,115,28,94,63,43,19,102,31,91,35,130,75" hai3="58,89,114,74,25,50,64,33,69,18,109,66,52"/><V32/><F43/><W53/><G109/><N who="1" m="41482" /><E30/><V97/><F115/><W95/><G114/><T46/><D17/><U121/><E86/><V96/><F130/><W11/><G74/><T81/><D5/><U93/><E93/><V73/><F19/><W23/><G33/><T132/><D117/><U16/><E129/><V22/><F63/><W119/><G69/><T7/><D106/><U34/><E34/><V47/><F47/><W113/><G113/><T116/><D7/><U80/><E36/><V118/><F68/><W126/><G126/><T27/><D127/><U0/><E0/><V83/><F83/><W131/><G131/><T90/><D116/><U40/><E124/><V120/><F118/><W4/><G53/><T70/><D77/><N who="1" m="44071" /><E134/><V49/><F49/><W41/><G119/><T59/><D108/><U15/><E121/><V61/><F120/><W29/><G29/><T26/><D132/><U3/><E3/><V98/><F31/><W57/><G57/><T88/><D135/><U2/><E2/><V99/><F28/><W1/><REACH who="3" step="1"/><G41/><REACH who="3" ten="236,123,315,316" step="2"/><T10/><D71/><U37/><E56/><V13/><F35/><W101/><G101/><T133/><D70/><U122/><E122/><V60/><F102/><W125/><G125/><T79/><D133/><U65/><E65/><V84/><F32/><W24/><G24/><N who="0" m="9259" /><D59/><U9/><E62/><V51/><F60/><W44/><G44/><T123/><D123/><U6/><E48/><V12/><F51/><W103/><G103/><T14/><D46/><U67/><E67/><V54/><N who="2" m="24576" /><DORA hai="39" /><V107/><F61/><RYUUKYOKU ba="1,1" sc="236,-15,123,15,315,-15,316,15" hai1="6,9,15,16,37,40,45" hai3="1,4,11,18,23,25,50,52,58,64,66,89,95" /><INIT seed="3,2,1,3,0,97" ten="221,138,300,331" oya="3" hai0="109,100,3,126,122,103,84,10,18,5,115,69,96" hai1="98,12,43,89,7,71,59,46,49,11,16,48,81" hai2="51,50,75,61,60,14,13,130,2,92,112,85,91" hai3="45,36,72,70,127,88,9,56,128,41,82,93,116"/><W37/><G116/><T24/><D122/><U111/><E71/><V135/><F112/><W105/><G70/><T42/><D69/><U117/><E111/><V32/><F32/><W121/><G121/><T78/><D109/><U29/><E117/><V34/><F34/><W120/><G120/><T106/><D126/><U131/><E131/><V30/><F30/><W55/><G127/><T22/><D42/><U62/><E29/><V94/><F75/><W124/><G124/><T47/><D47/><U83/><E49/><V17/><F2/><W27/><G105/><T80/><REACH who="0" step="1"/><D100/><REACH who="0" ten="211,138,300,331" step="2"/><U40/><E40/><V99/><F130/><W76/><G128/><T107/><D107/><U52/><E7/><V6/><F6/><W1/><G45/><T54/><D54/><U104/><E104/><V95/><F135/><W129/><G41/><T108/><D108/><U20/><E11/><V74/><F99/><W63/><G129/><T102/><D102/><U33/><E33/><V118/><F118/><W68/><G68/><T65/><D65/><U123/><E123/><V113/><F113/><AGARI ba="2,2" hai="3,5,10,18,22,24,78,80,84,96,103,106,113,115" machi="113" ten="40,5200,0" yaku="1,1,52,1,53,1" doraHai="97" doraHaiUra="23" who="0" fromWho="2" sc="211,78,138,0,300,-58,331,0" /><INIT seed="4,0,0,0,3,119" ten="289,138,242,331" oya="0" hai0="111,104,76,74,89,48,75,115,65,32,106,30,64" hai1="93,117,28,47,67,86,45,99,70,73,77,81,40" hai2="120,5,128,87,121,94,91,27,53,4,57,80,66" hai3="62,2,109,41,55,39,54,122,51,63,125,22,126"/><T92/><D115/><U61/><E117/><V123/><F128/><W50/><G2/><T72/><D32/><U10/><E28/><V110/><F110/><W101/><G101/><T105/><D30/><U49/><E47/><V23/><F66/><W3/><G3/><T69/><D111/><U0/><E73/><V17/><REACH who="2" step="1"/><F80/><REACH who="2" ten="289,138,232,331" step="2"/><W56/><G109/><T130/><D130/><U124/><E124/><V7/><F7/><W52/><G126/><T108/><D108/><U18/><E0/><V37/><F37/><W129/><G39/><T112/><D112/><U96/><REACH who="1" step="1"/><E93/><REACH who="1" ten="289,128,232,331" step="2"/><V118/><F118/><W102/><G125/><T11/><D92/><U35/><E35/><V90/><F90/><W33/><G129/><T134/><D89/><U21/><E21/><V100/><F100/><W24/><G22/><T9/><D105/><U116/><E116/><V44/><F44/><W133/><G102/><T25/><D104/><U29/><E29/><V13/><F13/><AGARI ba="0,2" hai="10,13,18,40,45,49,61,67,70,77,81,86,96,99" machi="13" ten="40,1300,0" yaku="1,1,53,0" doraHai="119" doraHaiUra="114" who="1" fromWho="2" sc="289,0,128,33,232,-13,331,0" /><INIT seed="5,0,0,1,4,48" ten="289,161,219,331" oya="1" hai0="44,58,65,51,50,132,124,86,115,116,125,80,77" hai1="42,26,74,100,76,14,103,60,1,104,66,96,89" hai2="114,113,121,119,102,41,130,88,64,22,32,71,4" hai3="36,16,20,109,3,127,21,83,47,17,10,108,91"/><U90/><E1/><V110/><F32/><W122/><G122/><T0/><D116/><U46/><E103/><V55/><F119/><W7/><G127/><N who="0" m="48715" /><D0/><U82/><E14/><V67/><F121/><W59/><G59/><T73/><D132/><U49/><REACH who="1" step="1"/><E26/><REACH who="1" ten="289,151,219,331" step="2"/><V68/><F102/><W105/><G3/><T63/><D115/><U13/><E13/><V72/><F113/><W18/><G108/><T111/><D111/><U37/><E37/><V106/><F114/><W128/><G36/><T81/><D44/><U129/><E129/><V56/><F130/><W131/><G47/><T98/><D98/><U123/><E123/><V99/><F99/><W120/><G120/><T70/><D70/><AGARI ba="0,1" hai="42,46,49,60,66,70,74,76,82,89,90,96,100,104" machi="70" ten="30,5800,0" yaku="1,1,7,1,53,1" doraHai="48" doraHaiUra="40" who="1" fromWho="0" sc="289,-58,151,68,219,0,331,0" /><INIT seed="5,1,0,5,3,49" ten="231,219,219,331" oya="1" hai0="23,65,92,83,54,52,7,5,4,116,79,93,16" hai1="117,32,108,45,35,81,28,78,60,11,58,133,135" hai2="123,39,0,2,56,37,111,76,115,85,10,69,104" hai3="103,75,9,91,48,96,88,126,14,110,70,47,33"/><U128/><E117/><V77/><F69/><W68/><G110/><T30/><D30/><U131/><E45/><V24/><F104/><W125/><G33/><T105/><D105/><U84/><E11/><V95/><F111/><W15/><G75/><T29/><D29/><U19/><E19/><V122/><F56/><W97/><G9/><T73/><D65/><U119/><E108/><V51/><F10/><W63/><G48/><T101/><D116/><U43/><E43/><V66/><F51/><W26/><G47/><T6/><N who="0" m="1024" /><DORA hai="102" /><T80/><D83/><U94/><E94/><V98/><F95/><W59/><G59/><T46/><D46/><U42/><E42/><V25/><F85/><W41/><G41/><T130/><D130/><N who="1" m="49707" /><E119/><V134/><F66/><W50/><G103/><T31/><D31/><U1/><E1/><V90/><F37/><W67/><G67/><T74/><D74/><U40/><E40/><V44/><F39/><W8/><G8/><T72/><D72/><U129/><N who="1" m="49715" /><U12/><DORA hai="89" /><E12/><V107/><F44/><W17/><G17/><T132/><D93/><U106/><E106/><V3/><F107/><W112/><G26/><T27/><REACH who="0" step="1"/><D132/><REACH who="0" ten="221,219,219,331" step="2"/><N who="1" m="50763" /><E28/><V118/><F134/><W20/><G70/><T62/><D62/><U124/><E124/><V21/><F118/><W127/><G63/><T121/><D121/><U38/><E38/><V82/><F123/><W53/><G68/><T36/><D36/><U86/><E86/><V100/><F122/><W57/><G127/><T87/><D87/><U61/><E60/><V99/><F0/><RYUUKYOKU ba="1,1" sc="221,15,219,15,219,-15,331,-15" hai0="16,23,27,52,54,73,79,80,92,101" hai1="32,35,58,61,78,81,84" /><INIT seed="5,2,1,5,3,18" ten="236,234,204,316" oya="1" hai0="14,88,71,108,74,107,30,105,32,37,93,68,0" hai1="126,21,114,64,109,81,5,125,101,44,19,13,33" hai2="16,76,92,77,62,8,90,52,34,119,46,53,24" hai3="17,12,72,42,115,83,127,60,132,63,50,4,117"/><U39/><E114/><V130/><F119/><W79/><G115/><T36/><D14/><U133/><E33/><V116/><F116/><W51/><G117/><T7/><D88/><U66/><E133/><V56/><F130/><W1/><G127/><N who="1" m="48650" /><E109/><V129/><F129/><W31/><G31/><T6/><D93/><U11/><E101/><V58/><F46/><W25/><G25/><T98/><D98/><U99/><E99/><N who="2" m="57751" /><F34/><W20/><G132/><T87/><D87/><U112/><E112/><V41/><F41/><W94/><G42/><T57/><D108/><U47/><E81/><V27/><F27/><W123/><G123/><T48/><D30/><U38/><E47/><V43/><F43/><W26/><G1/><T97/><D0/><N who="1" m="423" /><E44/><V89/><F89/><W111/><G111/><T67/><D105/><U122/><E122/><V100/><F100/><W106/><G106/><T128/><D107/><U55/><E55/><V28/><F28/><W104/><G104/><T84/><D128/><U59/><E59/><V65/><F65/><AGARI ba="2,1" hai="13,19,21,38,39,64,65,66" m="423,48650" machi="65" ten="30,2900,0" yaku="18,1,52,1" doraHai="18" who="1" fromWho="2" sc="236,0,234,45,204,-35,316,0" /><INIT seed="5,3,0,1,4,126" ten="236,279,169,316" oya="1" hai0="52,30,110,104,94,132,131,65,112,80,24,1,127" hai1="54,109,43,97,75,95,122,114,64,40,3,51,4" hai2="135,134,36,68,62,116,33,105,115,119,20,26,42" hai3="76,79,23,87,14,83,121,46,82,72,8,102,99"/><U107/><E122/><V25/><F105/><W96/><G121/><T108/><D104/><U130/><E107/><V9/><F62/><W28/><G46/><T101/><D65/><U6/><E75/><V120/><F42/><W78/><G78/><T15/><D1/><U37/><E37/><V19/><F68/><W117/><G117/><N who="2" m="45129" /><F36/><W57/><G102/><T31/><D80/><U103/><E64/><V66/><F66/><W81/><G81/><T12/><D24/><U91/><E103/><V16/><F120/><W84/><G72/><T88/><D101/><U90/><E90/><V27/><F115/><W50/><G50/><T45/><D45/><U133/><E43/><V123/><F123/><W53/><G57/><T56/><D56/><U93/><E40/><V58/><F58/><W2/><G2/><T85/><D112/><U73/><E3/><V39/><F39/><W44/><G44/><T13/><D127/><U7/><E114/><V59/><F59/><W41/><G53/><T10/><D52/><U67/><E67/><V32/><F27/><N who="3" m="16511" /><G41/><T71/><D71/><U11/><E54/><V0/><F25/><W5/><AGARI ba="3,0" hai="5,8,14,76,79,82,83,84,87,96,99" m="16511" machi="5" ten="30,1100,0" yaku="8,1" doraHai="126" who="3" fromWho="3" sc="236,-6,279,-8,169,-6,316,20" /><INIT seed="6,0,0,5,5,29" ten="230,271,163,336" oya="2" hai0="9,34,82,15,37,67,130,71,20,16,105,87,25" hai1="55,123,47,46,33,109,17,53,19,93,40,13,48" hai2="96,8,101,4,104,103,24,112,31,116,88,108,42" hai3="92,83,58,50,95,89,133,32,57,134,65,27,121"/><V84/><F112/><W79/><G121/><T86/><D37/><U35/><E109/><V49/><F116/><W124/><G124/><T75/><D105/><U78/><E123/><V69/><F108/><W6/><G6/><T14/><D130/><U62/><E78/><V5/><F69/><W45/><G65/><T63/><D75/><U73/><E73/><V99/><F42/><W74/><G95/><T97/><D97/><U44/><E93/><V36/><F49/><W132/><G27/><T39/><D39/><U76/><E76/><V120/><F36/><W1/><G1/><T41/><D41/><U28/><E28/><V22/><F8/><W51/><G32/><T111/><D111/><U118/><E118/><V30/><F30/><W66/><G66/><T90/><D86/><U70/><E17/><V135/><F135/><W127/><G127/><T122/><D122/><U43/><E43/><V77/><F77/><W107/><G107/><T61/><D63/><U81/><E81/><V59/><F59/><N who="3" m="22539" /><G45/><T68/><D68/><U102/><E102/><N who="2" m="38923" /><F120/><W110/><G110/><T18/><REACH who="0" step="1"/><D15/><REACH who="0" ten="220,271,163,336" step="2"/><U129/><E70/><V106/><F106/><W114/><G114/><T7/><D7/><N who="2" m="2634" /><F104/><W98/><AGARI ba="0,1" hai="50,51,74,79,83,89,92,98,132,133,134" m="22539" machi="98" ten="40,1500,0" yaku="20,1" doraHai="29" who="3" fromWho="3" sc="220,-4,271,-4,163,-7,336,25" /><INIT seed="7,0,0,2,5,77" ten="216,267,156,361" oya="3" hai0="47,51,111,44,4,36,15,41,116,64,120,118,113" hai1="38,93,115,10,1,132,94,85,59,5,35,67,105" hai2="8,16,128,91,89,66,33,107,65,26,88,122,46" hai3="114,32,14,2,68,19,73,48,96,13,25,126,87"/><W12/><G73/><T95/><D111/><U90/><E105/><V3/><F107/><W121/><G68/><T119/><D120/><U53/><E35/><V42/><F122/><W133/><G96/><T29/><D29/><U131/><E38/><V7/><F128/><W80/><G2/><T92/><D64/><U62/><E132/><V39/><REACH who="2" step="1"/><F33/><REACH who="2" ten="216,267,146,361" step="2"/><W82/><G32/><T100/><D118/><U18/><E131/><V79/><F79/><W69/><G121/><T30/><D116/><U109/><E109/><V98/><F98/><W112/><G133/><T9/><D119/><U43/><E115/><V99/><F99/><W49/><G114/><T56/><D113/><U45/><E1/><V75/><F75/><W83/><G112/><T134/><D134/><U106/><E106/><V17/><F17/><W21/><G19/><T61/><D30/><U37/><E18/><V135/><F135/><W125/><G87/><T123/><D123/><U57/><E85/><V40/><F40/><W52/><G126/><T60/><D41/><U24/><E43/><V6/><F6/><W34/><G34/><T124/><D4/><U129/><E5/><V81/><F81/><W110/><G83/><T71/><D124/><U97/><E129/><V108/><F108/><W63/><G82/><T101/><D100/><U117/><E97/><V54/><F54/><W28/><G125/><T78/><D101/><U50/><E117/><V104/><F104/><W0/><G110/><T31/><D78/><U84/><E84/><V27/><F27/><W70/><G25/><T127/><D127/><RYUUKYOKU ba="0,1" sc="216,-10,267,-10,146,30,361,-10" hai2="3,7,8,16,26,39,42,46,65,66,88,89,91" owari="206,-19.4,257,5.7,176,-32.4,361,46.1" /></mjloggm>