<mjloggm ver="2.3"><GO type="169" lobby="0"/><UN n0="%E5%A4%A9%E6%89%8D%E9%BA%BB%E5%B0%86%E6%99%BA%E4%B9%83" n1="%E3%81%8B%E3%82%81%E3%81%98%E3%82%8D%E3%81%86" n2="%31%35%2E%31%35%63%6D" n3="%E3%83%97%E3%83%AC%E3%82%B9%E3%83%97" dan="16,17,16,16" rate="2152.68,2214.18,2153.76,2176.33" sx="M,M,M,M"/><TAIKYOKU oya="0"/><INIT seed="0,0,0,2,4,53" ten="250,250,250,250" oya="0" hai0="9,118,114,11,13,77,23,122,128,4,113,29,1" hai1="135,55,125,21,93,76,24,104,105,15,25,101,90" hai2="80,40,85,82,12,16,54,116,115,67,59,28,44" hai3="58,56,19,127,126,107,50,111,37,81,45,124,98"/><T108/><D77/><U33/><E125/><V83/><F115/><N who="0" m="44042" /><D118/><U95/><E135/><V92/><F116/><W0/><G0/><T96/><D96/><U69/><E69/><V31/><F67/><W72/><G111/><T99/><D99/><U6/><E76/><V8/><F92/><W79/><G37/><T39/><D39/><U22/><E33/><V62/><REACH who="2" step="1"/><F85/><REACH who="2" ten="250,250,240,250" step="2"/><W63/><G63/><T71/><D71/><U46/><E93/><V60/><F60/><W70/><G70/><T32/><D108/><U34/><E95/><V48/><AGARI ba="0,1" hai="8,12,16,28,31,40,44,48,54,59,62,80,82,83" machi="48" ten="30,8000,1" yaku="1,1,0,1,8,1,52,1,54,1,53,0" doraHai="53" doraHaiUra="75" who="2" fromWho="2" sc="250,-40,250,-20,240,90,250,-20" /><INIT seed="1,0,0,4,1,56" ten="210,230,330,230" oya="1" hai0="25,55,84,82,86,108,111,62,8,116,89,28,121" hai1="73,119,128,77,59,74,101,85,125,31,50,22,70" hai2="45,65,106,12,110,52,61,15,133,4,36,134,63" hai3="127,100,132,53,92,113,19,122,17,40,34,98,10"/><U13/><E119/><V91/><F106/><W42/><G113/><T118/><D121/><U94/><E70/><V107/><F107/><W29/><G122/><T129/><D129/><U54/><E128/><V72/><F72/><W30/><G127/><T7/><D86/><U6/><E125/><V38/><F110/><N who="0" m="42026" /><D55/><U102/><E74/><V39/><F91/><W130/><G130/><T46/><D46/><U68/><E68/><V81/><F81/><W64/><G132/><N who="2" m="50793" /><F4/><W88/><G64/><T18/><D18/><N who="1" m="10575" /><E6/><V60/><F65/><W114/><G114/><T24/><D62/><U104/><E104/><V11/><F11/><W67/><G67/><T135/><D135/><U0/><E0/><V14/><F52/><W97/><G53/><T109/><D109/><U112/><E112/><V115/><F115/><W48/><G34/><N who="0" m="20743" /><D25/><U105/><E31/><V58/><F58/><W5/><G48/><T32/><D32/><U16/><E105/><V79/><F79/><W47/><G47/><AGARI ba="0,0" hai="12,14,15,36,38,39,45,47,60,61,63" m="50793" machi="47" ten="50,16000,3" yaku="29,2,28,2,20,1,52,3" doraHai="56" who="2" fromWho="3" sc="210,0,230,0,330,160,230,-160" /><INIT seed="2,0,0,1,5,56" ten="210,230,490,70" oya="2" hai0="12,75,20,112,66,102,99,92,85,79,10,15,69" hai1="95,42,35,38,53,30,111,114,126,103,130,90,71" hai2="127,117,2,44,26,47,104,73,106,120,86,134,5" hai3="52,93,14,110,29,59,21,109,28,132,63,68,51"/><V87/><F117/><W115/><G115/><T43/><D112/><U25/><E114/><V124/><F120/><W76/><G132/><T107/><D43/><U4/><E111/><N who="3" m="42506" /><G76/><T39/><D39/><U74/><E74/><V100/><F73/><W41/><G93/><T129/><D129/><U101/><E130/><V94/><F134/><W17/><G41/><T36/><D36/><U88/><E71/><V37/><F26/><W121/><G121/><T3/><D20/><U19/><E126/><V81/><F37/><W65/><AGARI ba="0,0" hai="14,17,21,28,29,51,52,59,63,65,68" m="42506" machi="65" ten="30,4000,0" yaku="14,1,52,1,54,1" doraHai="56" who="3" fromWho="3" sc="210,-10,230,-10,490,-20,70,40" /><INIT seed="3,0,0,1,0,46" ten="200,220,470,110" oya="3" hai0="125,22,98,66,88,81,84,6,59,128,29,78,21" hai1="45,27,93,15,97,54,35,32,124,39,113,117,69" hai2="37,74,110,130,85,12,95,11,72,49,28,51,63" hai3="79,44,102,104,47,48,134,111,2,42,25,62,55"/><W94/><G134/><T17/><D128/><U77/><E113/><V68/><F37/><W56/><G2/><T116/><D116/><U23/><E69/><V50/><F110/><W67/><G104/><T13/><D125/><U86/><E124/><V103/><F130/><W19/><G111/><T107/><D6/><U114/><E114/><V131/><F131/><W5/><G5/><T120/><D120/><U26/><E117/><V100/><F28/><W105/><G79/><T109/><D109/><U80/><E15/><V18/><F68/><W132/><G132/><T52/><D66/><U61/><E39/><V122/><F122/><W53/><G105/><T1/><D1/><U9/><E9/><V83/><F63/><W82/><G82/><T75/><D107/><U33/><E23/><V34/><F34/><W58/><G58/><T14/><D98/><U127/><E127/><V126/><F126/><W129/><G129/><T71/><D71/><U60/><E60/><V123/><F123/><W16/><G25/><T3/><D3/><U91/><REACH who="1" step="1"/><E61/><REACH who="1" ten="200,210,470,110" step="2"/><V65/><F65/><W0/><G0/><T8/><D14/><U24/><E24/><V118/><F118/><W10/><G10/><T43/><D29/><U92/><E92/><V31/><F31/><W115/><G115/><T30/><D30/><U73/><E73/><V135/><F95/><W99/><G67/><T101/><D8/><U89/><E89/><N who="2" m="51391" /><F135/><W7/><G7/><T38/><D75/><U4/><E4/><V57/><F74/><W87/><G87/><T108/><D108/><U133/><E133/><RYUUKYOKU ba="0,1" sc="200,-15,210,15,470,-15,110,15" hai1="26,27,32,33,35,45,54,77,80,86,91,93,97" hai3="16,19,42,44,47,48,53,55,56,62,94,99,102" /><INIT seed="3,1,1,2,3,0" ten="185,225,455,125" oya="3" hai0="61,56,13,127,135,40,12,97,72,71,20,27,100" hai1="41,15,39,30,43,37,84,22,115,87,62,34,74" hai2="95,86,28,63,121,29,103,64,58,109,3,78,18" hai3="128,88,33,94,52,117,105,122,98,5,2,66,77"/><W67/><G117/><T102/><D135/><U107/><E74/><V45/><F3/><W110/><G122/><T85/><D72/><U130/><E115/><V96/><F109/><W60/><G33/><T99/><D71/><U131/><E107/><V32/><F32/><W24/><G110/><T111/><D40/><N who="1" m="15435" /><E62/><V132/><F132/><W65/><G128/><N who="1" m="49194" /><E34/><V6/><F45/><W14/><G2/><T124/><D85/><N who="1" m="32843" /><E15/><V118/><F86/><W83/><G105/><T79/><D79/><U81/><E81/><V25/><F78/><W7/><G24/><AGARI ba="1,1" hai="22,24,30,37,39" m="32843,49194,15435" machi="24" ten="30,1000,0" yaku="19,1" doraHai="0" who="1" fromWho="3" sc="185,0,225,23,455,0,125,-13" /><INIT seed="4,0,0,5,0,78" ten="185,248,455,112" oya="0" hai0="128,42,133,26,112,111,54,29,24,52,117,40,31" hai1="81,122,47,108,32,87,123,62,45,34,85,95,88" hai2="98,43,132,18,63,17,58,100,7,35,83,38,104" hai3="97,116,21,93,129,77,48,59,44,53,5,36,20"/><T1/><D117/><U79/><E108/><V130/><F35/><W75/><G116/><T76/><D111/><U84/><E34/><V114/><F114/><W11/><G129/><T4/><D128/><U56/><E32/><V126/><F130/><W57/><G36/><T106/><D106/><U49/><E47/><V120/><F120/><W69/><G69/><T101/><D101/><U19/><E19/><V14/><F126/><W30/><G77/><T89/><D76/><U82/><E122/><V65/><F132/><W25/><G21/><T134/><D4/><U37/><E37/><V61/><F83/><N who="1" m="31753" /><E79/><V135/><F135/><W107/><G107/><T70/><D70/><U110/><E123/><V125/><F125/><W16/><G30/><T15/><D15/><U72/><E72/><V12/><F7/><W105/><G105/><T102/><D102/><U64/><E110/><V96/><F18/><W71/><G71/><T119/><D119/><U41/><AGARI ba="0,0" hai="41,45,49,56,62,64,84,85,87,88,95" m="31753" machi="41" ten="30,8000,1" yaku="8,1,52,3,54,1" doraHai="78" who="1" fromWho="1" sc="185,-40,248,80,455,-20,112,-20" /><INIT seed="5,0,0,5,5,79" ten="145,328,435,92" oya="1" hai0="50,51,16,113,29,103,129,25,94,8,109,48,76" hai1="31,0,74,18,115,5,86,70,37,125,99,59,56" hai2="106,88,12,54,122,111,127,41,39,30,101,20,92" hai3="112,105,6,133,72,126,58,91,24,121,73,97,81"/><U102/><E18/><V27/><F111/><W1/><G24/><T69/><D109/><U40/><E86/><V107/><F122/><W47/><G47/><T33/><D69/><U61/><E125/><V60/><F127/><W35/><G35/><T42/><D113/><U22/><E115/><V95/><F101/><W130/><G126/><T43/><D76/><U53/><E74/><V10/><F95/><W11/><G112/><T119/><D119/><U124/><E124/><V83/><F83/><W49/><G121/><T9/><D129/><U96/><E70/><V114/><F114/><W116/><G133/><T19/><D94/><U128/><E128/><V21/><F21/><W82/><G116/><T89/><D89/><U23/><E31/><V120/><F120/><W64/><G130/><T45/><D103/><U104/><E96/><V132/><F132/><W26/><G26/><T38/><D43/><U63/><E40/><V93/><F93/><W78/><G91/><T84/><D84/><U123/><E37/><V28/><F28/><W32/><G32/><T65/><D65/><U135/><E135/><V2/><F2/><W36/><G36/><T77/><D77/><U52/><REACH who="1" step="1"/><E123/><REACH who="1" ten="145,318,435,92" step="2"/><V87/><F41/><W90/><G72/><T4/><REACH who="0" step="1"/><D9/><AGARI ba="0,1" hai="0,5,9,22,23,52,53,56,59,61,63,99,102,104" machi="9" ten="40,12000,1" yaku="1,1,2,1,9,1,54,1,53,1" doraHai="79" doraHaiUra="98" who="1" fromWho="0" sc="145,-120,318,130,435,0,92,0" /><INIT seed="5,1,0,0,3,46" ten="25,448,435,92" oya="1" hai0="78,23,58,96,57,17,125,63,82,27,56,0,51" hai1="34,3,26,88,54,40,135,73,24,81,12,120,98" hai2="4,115,70,41,131,65,119,80,102,130,18,76,91" hai3="111,109,134,79,30,132,71,16,62,103,33,9,106"/><U99/><E120/><V53/><F119/><W92/><G79/><T49/><D125/><U29/><E3/><V117/><F117/><W39/><G39/><T44/><D0/><U36/><E135/><N who="3" m="51754" /><G106/><T104/><D63/><U77/><E12/><V61/><F4/><W47/><G47/><T15/><D44/><U5/><E5/><V66/><F41/><W83/><G83/><T45/><D45/><U13/><E40/><V7/><F7/><W20/><G9/><T100/><REACH who="0" step="1"/><D27/><REACH who="0" ten="15,448,435,92" step="2"/><U28/><E36/><V10/><F61/><W89/><G62/><T114/><D114/><U87/><E54/><V110/><F53/><W107/><G71/><T31/><D31/><U121/><E121/><V35/><F115/><W52/><G52/><T97/><D97/><U95/><E13/><V124/><F70/><W37/><G37/><T11/><D11/><U101/><E101/><V55/><F102/><W48/><G103/><T1/><D1/><U69/><E69/><V85/><F10/><W2/><G2/><T75/><AGARI ba="1,1" hai="15,17,23,49,51,56,57,58,75,78,82,96,100,104" machi="75" ten="30,7900,0" yaku="1,1,0,1,52,2,53,0" doraHai="46" doraHaiUra="43" who="0" fromWho="0" sc="15,92,448,-40,435,-21,92,-21" /><INIT seed="6,0,0,1,1,78" ten="107,408,414,71" oya="2" hai0="80,111,110,87,77,55,50,64,74,38,0,70,23" hai1="135,9,63,93,86,83,69,45,1,89,120,48,17" hai2="117,24,15,105,30,28,44,53,107,122,29,56,95" hai3="13,59,12,66,46,123,79,43,108,5,104,109,39"/><V121/><F117/><W19/><G123/><T94/><D0/><U60/><E120/><V20/><F122/><W2/><G104/><T14/><D38/><U129/><E135/><V130/><F121/><W22/><G2/><T35/><D35/><U73/><E129/><V118/><F118/><W103/><G103/><T96/><D74/><U61/><E69/><V8/><F130/><W37/><G37/><T21/><D70/><U32/><E32/><V132/><F132/><W127/><G127/><T47/><D64/><U68/><E68/><V36/><F107/><W101/><G101/><T6/><D111/><U34/><E34/><V54/><F105/><W119/><G119/><T116/><D110/><U133/><E133/><V82/><F95/><W67/><G67/><T113/><D113/><U27/><E1/><V10/><F44/><W88/><G79/><T25/><D25/><U26/><E73/><V7/><F10/><W131/><G131/><T92/><D92/><U97/><E17/><N who="2" m="12303" /><F36/><W18/><G5/><T71/><D71/><U65/><E9/><V52/><F56/><W99/><G59/><T84/><D116/><U81/><E65/><V124/><F124/><W85/><G66/><T134/><D134/><U11/><E11/><V3/><F3/><W62/><G62/><T16/><D6/><U115/><E115/><V76/><F76/><W90/><G90/><N who="0" m="55383" /><D23/><U98/><E98/><V49/><F49/><W112/><G99/><T114/><D114/><U72/><E72/><V58/><F58/><W125/><G112/><T42/><D87/><U91/><E83/><AGARI ba="0,0" hai="7,8,15,28,29,30,52,53,54,82,83" m="12303" machi="83" ten="30,12000,1" yaku="6,1,8,1,52,2,54,1" doraHai="78" who="2" fromWho="1" sc="107,0,408,-120,414,120,71,0" /><INIT seed="6,1,0,1,0,47" ten="107,288,534,71" oya="2" hai0="53,98,84,56,122,115,57,69,29,40,105,38,22" hai1="67,11,126,110,96,0,77,74,32,100,60,13,46" hai2="33,78,65,97,94,70,14,121,23,103,63,42,79" hai3="21,85,44,73,26,39,131,124,59,48,116,28,54"/><V113/><F121/><W106/><G73/><T30/><D69/><U2/><E110/><V95/><F33/><W80/><G116/><T68/><D68/><U91/><E32/><V8/><F113/><W4/><G124/><T130/><D122/><U45/><E126/><V81/><F42/><W112/><G131/><T16/><D115/><U27/><E27/><V10/><F79/><W51/><G39/><T114/><D114/><U108/><E108/><V104/><F23/><W75/><G112/><T83/><D130/><U18/><E91/><V58/><F70/><W24/><G106/><T117/><D117/><U119/><E119/><V120/><F10/><W66/><G75/><T36/><D36/><U71/><E77/><V92/><F104/><W17/><G4/><T102/><D40/><U82/><E82/><V35/><F35/><W55/><G66/><T109/><D57/><U62/><E62/><V88/><F103/><W123/><G123/><T3/><D3/><U86/><E86/><N who="2" m="48439" /><F120/><W49/><G28/><T127/><D38/><U99/><E74/><V125/><F125/><W20/><G20/><T41/><D41/><U76/><E76/><V37/><F37/><W50/><G26/><N who="0" m="14663" /><D109/><U64/><E2/><V31/><F31/><W43/><G43/><T90/><D127/><U9/><E0/><V61/><F61/><W1/><G1/><T101/><D101/><U129/><E129/><V12/><F12/><W111/><G111/><T134/><D29/><U89/><E100/><V107/><F107/><W93/><G93/><T133/><D30/><U6/><E71/><RYUUKYOKU ba="1,0" sc="107,10,288,-30,534,10,71,10" hai0="53,56,83,84,90,98,102,105,133,134" hai2="8,14,58,63,65,88,92,94,95,97" hai3="17,21,24,44,48,49,50,51,54,55,59,80,85" /><INIT seed="6,2,0,2,5,50" ten="117,258,544,81" oya="2" hai0="102,117,93,89,51,82,94,131,34,17,112,61,70" hai1="42,60,33,49,87,19,29,78,125,10,107,130,59" hai2="76,37,113,55,7,88,65,111,11,106,101,122,129" hai3="77,24,121,109,15,90,104,133,39,31,69,74,46"/><V64/><F122/><W71/><G121/><T66/><D34/><U91/><E107/><V30/><F37/><W85/><G109/><T86/><D112/><U126/><E78/><V54/><F76/><W16/><G104/><T23/><D131/><U21/><E130/><V108/><F129/><W110/><G110/><N who="2" m="42025" /><F113/><W67/><G133/><T98/><D117/><U84/><E10/><V79/><F79/><W27/><G67/><N who="2" m="25673" /><F30/><W5/><G5/><T14/><REACH who="0" step="1"/><D51/><REACH who="0" ten="107,258,544,81" step="2"/><U57/><E49/><V73/><F73/><W105/><G74/><T134/><D134/><U63/><E125/><V80/><F106/><AGARI ba="2,1" hai="14,17,23,61,66,70,82,86,89,93,94,98,102,106" machi="106" ten="30,3900,0" yaku="1,1,7,1,53,1" doraHai="50" doraHaiUra="18" who="0" fromWho="2" sc="107,55,258,0,544,-45,81,0" /><INIT seed="7,0,0,1,1,117" ten="162,258,499,81" oya="3" hai0="68,66,44,53,76,121,50,128,107,113,87,49,130" hai1="106,31,62,34,74,24,98,69,122,103,105,45,118" hai2="40,55,111,112,3,129,23,6,8,86,89,59,39" hai3="96,52,78,80,83,10,64,97,4,58,125,79,123"/><W81/><G125/><T18/><D107/><U41/><E118/><V71/><F111/><W56/><G123/><T1/><D1/><U42/><E106/><V100/><F71/><W48/><G64/><T54/><D18/><U63/><E122/><V35/><F35/><W9/><G58/><T57/><D121/><U20/><E74/><V124/><F100/><W15/><REACH who="3" step="1"/><G10/><REACH who="3" ten="162,258,499,71" step="2"/><T116/><D116/><U28/><E69/><V0/><F124/><W131/><G131/><N who="0" m="50219" /><D66/><U88/><E45/><V134/><F129/><W26/><G26/><T14/><D68/><U65/><E65/><V47/><F8/><W21/><G21/><T33/><D33/><U115/><E34/><V77/><F23/><W114/><G114/><T51/><D113/><U19/><E115/><V16/><F112/><W95/><G95/><T11/><D57/><U119/><E119/><V73/><F59/><W132/><G132/><T22/><D22/><U25/><E25/><V60/><F47/><W120/><G120/><T135/><D135/><U61/><E31/><V37/><F134/><W5/><G5/><N who="0" m="3439" /><D44/><U82/><E28/><V94/><F6/><W85/><G85/><T38/><D38/><U108/><E24/><V110/><F39/><W133/><G133/><T84/><D84/><N who="1" m="50199" /><E20/><V67/><F94/><W36/><G36/><T30/><D30/><U104/><E104/><V109/><F86/><W127/><G127/><T70/><D70/><U43/><E19/><V72/><F16/><W93/><G93/><T27/><D27/><U92/><E92/><V29/><F37/><W32/><G32/><RYUUKYOKU ba="0,1" sc="162,10,258,10,499,-30,71,10" hai0="49,50,51,53,54,76,87" hai1="41,42,43,61,62,63,98,103,105,108" hai3="4,9,15,48,52,56,78,79,80,81,83,96,97" /><INIT seed="7,1,1,1,2,111" ten="172,268,469,81" oya="3" hai0="21,85,25,118,23,50,2,82,73,70,0,105,36" hai1="123,94,79,114,34,62,72,27,67,60,6,16,87" hai2="59,32,120,106,38,97,90,115,83,52,65,11,77" hai3="40,15,131,129,19,54,135,13,107,46,47,63,132"/><W42/><G107/><T43/><D70/><U86/><E114/><V20/><F115/><W4/><G4/><T17/><D105/><U61/><E123/><V28/><F32/><W98/><G98/><T126/><D118/><U117/><E117/><V95/><F38/><N who="3" m="21783" /><G19/><T53/><D73/><U37/><E37/><V99/><F120/><W66/><G15/><T35/><D35/><U88/><E6/><V64/><F11/><W31/><G13/><T33/><D33/><U113/><E113/><V75/><F106/><W76/><G76/><T102/><D102/><U104/><E104/><V68/><F99/><W78/><G78/><T48/><D36/><U119/><E119/><V29/><F29/><W74/><G31/><T39/><D39/><U89/><E79/><V80/><F80/><W91/><G91/><T12/><D2/><U101/><E72/><V110/><F28/><W71/><G74/><T56/><D0/><U8/><E101/><V10/><F20/><W44/><G42/><T30/><D43/><U103/><E103/><V57/><F10/><W1/><G1/><T18/><D30/><U45/><E34/><V69/><F75/><W122/><G122/><T125/><D82/><N who="1" m="49239" /><E8/><V93/><F83/><W7/><G7/><T81/><D81/><U92/><E92/><V9/><F97/><W3/><G3/><T96/><D96/><U41/><E16/><V51/><F90/><W14/><G14/><T112/><D85/><U108/><E94/><V5/><F5/><W109/><G109/><T58/><D112/><U124/><E108/><V121/><F77/><RYUUKYOKU ba="1,1" sc="172,30,268,-10,469,-10,81,-10" hai0="12,17,18,21,23,25,48,50,53,56,58,125,126" owari="202,-19.8,258,5.8,469,56.9,71,-42.9" /></mjloggm>