<mjloggm ver="2.3"><GO type="169" lobby="0"/><UN n0="%E3%83%94%E3%82%AC%E3%82%B7" n1="%E7%B1%B3%E3%81%BC%E3%81%86%E3%82%84%E3%81%8F%E3%82%93" n2="%E6%84%9B%E3%81%AF%E6%AD%A3%E7%BE%A9" n3="%E3%81%BD%E3%81%A3%E3%81%91%E3%81%95%E3%82%93" dan="17,16,16,17" rate="2179.10,2172.61,2060.46,2171.51" sx="M,M,F,M"/><TAIKYOKU oya="0"/><INIT seed="0,0,0,1,0,48" ten="250,250,250,250" oya="0" hai0="14,32,26,39,122,3,8,75,128,110,126,45,120" hai1="104,51,27,33,84,83,25,56,21,35,133,29,72" hai2="116,43,82,22,59,119,62,40,79,130,42,114,112" hai3="34,76,118,98,97,105,30,81,64,41,1,50,109"/><T95/><D75/><U28/><E133/><V73/><F22/><W49/><G118/><T57/><D39/><U77/><E104/><V19/><F19/><W44/><G1/><T11/><D45/><U80/><E21/><V108/><F108/><W71/><G109/><T2/><D110/><U87/><REACH who="1" step="1"/><E80/><REACH who="1" ten="250,240,250,250" step="2"/><V90/><F130/><W125/><G81/><T17/><D128/><U58/><E58/><V7/><F114/><W123/><G105/><T131/><D131/><U68/><E68/><V20/><F112/><W94/><G71/><T15/><D57/><U23/><E23/><V63/><F20/><W37/><G44/><T60/><D126/><U86/><E86/><V18/><F59/><W67/><G125/><T9/><D95/><U127/><E127/><V55/><F119/><W69/><G69/><T106/><D106/><U134/><E134/><V117/><F117/><W96/><G94/><T121/><D121/><U135/><BYE who="0" /><E135/><V47/><F116/><W129/><G123/><T38/><D38/><U65/><E65/><UN n0="%E3%83%94%E3%82%AC%E3%82%B7" /><V89/><F47/><W46/><G67/><T92/><D122/><U31/><E31/><V53/><F82/><W66/><G64/><T111/><D111/><U74/><E74/><V85/><F85/><W91/><G66/><T13/><D120/><U70/><E70/><V54/><F73/><W132/><G132/><T12/><D92/><U10/><E10/><N who="0" m="4201" /><D60/><N who="2" m="23082" /><F7/><W16/><G129/><T101/><D32/><U103/><E103/><V5/><F5/><W78/><G34/><T93/><D101/><U113/><E113/><V4/><F4/><RYUUKYOKU ba="0,1" sc="250,-10,240,30,250,-10,250,-10" hai1="25,27,28,29,33,35,51,56,72,77,83,84,87" /><INIT seed="1,1,1,3,3,37" ten="240,270,240,240" oya="1" hai0="120,82,76,3,2,126,16,86,111,91,135,98,62" hai1="124,8,71,47,110,92,72,115,94,114,83,80,93" hai2="31,100,32,85,61,9,20,131,121,88,68,57,42" hai3="23,130,90,21,46,73,44,55,119,43,108,63,64"/><U66/><E124/><V81/><F121/><W97/><G73/><T134/><D120/><U56/><E71/><V24/><F131/><W49/><G119/><T25/><D25/><U28/><BYE who="0" /><E28/><UN n0="%E3%83%94%E3%82%AC%E3%82%B7" /><V117/><F117/><W6/><G130/><T19/><D126/><U1/><E110/><V22/><F68/><W34/><G34/><T59/><D111/><U65/><E1/><N who="0" m="9" /><D98/><U122/><E122/><V52/><F100/><W113/><G113/><T41/><D91/><U50/><E8/><V103/><F103/><W109/><G6/><T29/><D41/><U118/><E118/><V123/><F123/><W75/><G75/><T48/><D48/><U38/><E38/><V101/><F101/><W125/><G125/><T96/><D96/><U74/><E56/><V89/><F9/><W116/><G116/><T129/><D29/><U84/><E74/><V60/><F60/><W4/><G4/><T53/><D129/><U40/><E72/><V17/><F42/><W69/><G108/><T13/><D13/><U12/><E12/><V99/><REACH who="2" step="1"/><F17/><REACH who="2" ten="240,270,230,240" step="2"/><W35/><G109/><T87/><D19/><U14/><E115/><V106/><F106/><W95/><REACH who="3" step="1"/><G35/><REACH who="3" ten="240,270,230,230" step="2"/><T51/><D135/><U104/><E114/><V105/><F105/><W112/><G112/><T54/><D134/><U30/><E104/><V10/><F10/><W102/><G102/><T5/><D5/><U0/><E0/><V78/><F78/><W11/><G11/><T128/><D76/><U132/><E132/><V18/><F18/><W33/><G33/><T39/><D128/><U36/><E30/><RYUUKYOKU ba="1,3" sc="240,-15,270,-15,230,15,230,15" hai2="20,22,24,31,32,52,57,61,81,85,88,89,99" hai3="21,23,43,44,46,49,55,63,64,69,90,95,97" /><INIT seed="2,2,3,4,0,47" ten="225,255,245,245" oya="2" hai0="54,40,26,112,78,109,86,65,32,39,9,79,103" hai1="123,67,128,76,134,11,20,122,91,114,94,28,53" hai2="21,42,37,116,127,98,3,84,83,1,62,68,25" hai3="115,5,19,97,0,95,56,44,81,6,121,99,4"/><V105/><F116/><W100/><G121/><N who="1" m="46090" /><E114/><V10/><F127/><W52/><G115/><T45/><D112/><U111/><E111/><V36/><F105/><W125/><G125/><T117/><D109/><U72/><E134/><V90/><F98/><W7/><G44/><T55/><D117/><U70/><E128/><V93/><F42/><W35/><G35/><T27/><D65/><U23/><E28/><V113/><F113/><W110/><G110/><T96/><D9/><U50/><E11/><V89/><F68/><W82/><G0/><T74/><D74/><U59/><E76/><V131/><F131/><W88/><N who="3" m="1024" /><DORA hai="71" /><W30/><G19/><T24/><D32/><U31/><E72/><V43/><F62/><W87/><G30/><T106/><REACH who="0" step="1"/><D78/><REACH who="0" ten="215,255,245,245" step="2"/><U119/><E119/><V63/><F43/><W124/><G124/><T14/><D14/><U12/><E12/><V66/><F3/><W73/><G73/><T46/><D46/><U132/><E132/><V130/><F130/><W133/><G133/><T80/><AGARI ba="2,4" hai="24,26,27,39,40,45,54,55,79,80,86,96,103,106" machi="80" ten="30,8000,1" yaku="1,1,0,1,52,1,53,2" doraHai="47,71" doraHaiUra="16,51" who="0" fromWho="0" sc="215,126,255,-22,245,-42,245,-22" /><INIT seed="3,0,0,5,1,77" ten="341,233,203,223" oya="3" hai0="22,27,85,37,31,98,127,16,111,133,128,125,59" hai1="64,75,69,52,91,5,129,53,102,70,41,80,58" hai2="13,57,42,35,28,14,65,8,134,107,15,11,135" hai3="115,99,123,130,4,6,38,56,94,47,55,131,119"/><W124/><G115/><T9/><D37/><U61/><E102/><V45/><F107/><W29/><G119/><T122/><D122/><U32/><E32/><V100/><F100/><W76/><G29/><T50/><D98/><U12/><E41/><V30/><F57/><W81/><G123/><T106/><D106/><U68/><E129/><N who="3" m="49162" /><G124/><N who="0" m="47691" /><D111/><U90/><E90/><V63/><F63/><N who="3" m="36255" /><G38/><T66/><D128/><U101/><E101/><V26/><F65/><W46/><G99/><T96/><D96/><U83/><E91/><V118/><F118/><W34/><G94/><T79/><D66/><U20/><E75/><V36/><REACH who="2" step="1"/><F30/><REACH who="2" ten="341,233,193,223" step="2"/><W1/><G34/><T73/><D31/><U0/><E58/><V126/><F126/><W3/><G47/><T117/><D59/><U113/><E61/><V48/><F48/><W40/><G46/><T67/><D50/><U93/><E64/><V87/><F87/><N who="3" m="48551" /><G40/><T44/><D44/><U104/><E104/><V60/><F60/><W97/><G97/><T120/><D117/><U103/><E103/><V110/><F110/><W116/><G116/><T108/><D108/><U112/><E112/><V86/><F86/><W84/><G84/><T132/><D85/><U54/><E113/><V19/><F19/><W2/><AGARI ba="0,1" hai="1,2,3,4,6" m="48551,36255,49162" machi="2" ten="40,3900,0" yaku="19,1,52,1" doraHai="77" who="3" fromWho="3" sc="341,-13,233,-13,193,-13,223,49" /><INIT seed="3,1,0,1,3,74" ten="328,220,180,272" oya="3" hai0="76,117,111,97,36,95,18,92,107,9,37,87,17" hai1="89,1,118,15,5,102,54,127,4,78,70,88,3" hai2="47,46,63,68,11,64,116,112,49,122,32,61,8" hai3="29,25,7,90,125,66,96,99,31,14,103,75,12"/><W16/><G125/><T131/><D117/><U129/><E127/><V62/><F112/><W85/><G75/><T109/><D131/><U35/><E35/><V58/><F116/><W128/><G128/><T55/><D107/><U57/><E118/><V83/><F122/><W93/><G66/><T53/><D9/><U108/><E129/><V13/><F32/><W133/><G133/><T120/><D87/><U33/><E33/><V124/><F124/><W6/><G14/><T34/><D34/><U42/><E42/><V98/><F98/><W84/><G84/><T21/><D21/><U123/><E102/><V56/><F83/><W73/><G73/><T59/><D59/><N who="2" m="22570" /><F11/><N who="3" m="6175" /><G99/><T2/><D97/><U26/><E3/><V106/><F106/><W71/><G71/><T104/><D104/><U79/><E70/><N who="2" m="42255" /><F13/><W135/><G135/><T22/><D22/><U119/><E15/><V38/><F8/><W0/><G0/><T60/><D60/><N who="2" m="23082" /><F68/><W86/><G86/><T67/><D67/><U10/><E1/><V41/><F47/><W130/><G130/><T110/><D2/><U23/><E23/><V81/><F81/><N who="3" m="49455" /><G25/><T39/><D120/><U51/><E123/><V52/><F38/><W30/><AGARI ba="1,0" hai="6,7,29,30,31,93,96,103" m="49455,6175" machi="30" ten="30,3000,0" yaku="8,1,54,1" doraHai="74" who="3" fromWho="3" sc="328,-11,220,-11,180,-11,272,33" /><INIT seed="3,2,0,0,1,90" ten="317,209,169,305" oya="3" hai0="60,83,75,113,17,26,116,29,32,19,66,77,8" hai1="6,107,49,125,96,129,33,65,31,126,92,16,18" hai2="57,76,51,4,79,70,74,91,73,58,38,27,72" hai3="132,134,22,52,39,78,95,5,104,35,97,128,47"/><W127/><G35/><T94/><D116/><U53/><E107/><V84/><F38/><W36/><G104/><T135/><D135/><N who="3" m="51753" /><G78/><T14/><D113/><U106/><E106/><V25/><F70/><W42/><G5/><T30/><D30/><U44/><E129/><V21/><F4/><W61/><G22/><T82/><D82/><U0/><E65/><V46/><F58/><N who="3" m="35015" /><G127/><N who="1" m="48650" /><E31/><V71/><F57/><W111/><G111/><T48/><D48/><U114/><E33/><V9/><F9/><W62/><G62/><T10/><D10/><N who="1" m="2375" /><E114/><V110/><F110/><W7/><G7/><T98/><D8/><U34/><E34/><V100/><F100/><AGARI ba="2,0" hai="16,18,44,49,53,92,96,100" m="2375,48650" machi="100" ten="30,3900,0" yaku="18,1,52,1,54,1" doraHai="90" who="1" fromWho="2" sc="317,0,209,45,169,-45,305,0" /><INIT seed="4,0,0,4,4,114" ten="317,254,124,305" oya="0" hai0="113,24,115,132,71,91,116,38,21,109,63,10,101" hai1="22,40,65,60,125,59,69,73,49,97,110,77,94" hai2="18,130,58,1,106,56,66,102,86,62,15,99,112" hai3="13,128,107,95,26,45,93,83,46,88,111,41,0"/><T19/><D38/><U43/><E110/><V23/><F112/><N who="0" m="43082" /><D109/><U75/><E125/><V118/><F118/><W103/><G0/><T51/><D101/><U27/><E77/><V25/><F130/><W98/><G128/><T89/><D132/><U30/><E69/><V37/><F37/><W70/><G70/><T124/><D124/><U133/><E133/><V81/><F1/><W67/><G67/><N who="0" m="41471" /><D116/><U129/><E129/><V29/><F58/><W28/><G111/><T64/><D64/><U7/><E7/><V122/><F122/><W6/><G83/><T11/><D51/><U121/><E121/><V31/><REACH who="2" step="1"/><F15/><REACH who="2" ten="317,254,114,305" step="2"/><W12/><G12/><N who="0" m="7575" /><D11/><U36/><E36/><V35/><F35/><W5/><G13/><T127/><D127/><U123/><E123/><V50/><F50/><W79/><G45/><T53/><D53/><U39/><E39/><V96/><F96/><W85/><G46/><T9/><D9/><U117/><E117/><V135/><F135/><W68/><G68/><T87/><D87/><U33/><E33/><V3/><F3/><W57/><G85/><T134/><D134/><U17/><E49/><V32/><F32/><W100/><G98/><T16/><AGARI ba="0,1" hai="16,21,24,89,91" m="7575,41471,43082" machi="16" ten="30,3000,0" yaku="15,1,54,1" doraHai="114" who="0" fromWho="0" sc="317,40,254,-10,114,-10,305,-10" /><INIT seed="4,1,0,0,3,132" ten="357,244,104,295" oya="0" hai0="76,18,84,44,104,39,37,128,12,86,108,22,134" hai1="10,9,135,54,83,25,89,29,14,94,0,2,38" hai2="130,19,127,79,75,74,115,13,65,109,92,17,90" hai3="60,62,59,6,101,113,3,118,131,36,91,82,53"/><T88/><D134/><U52/><E38/><V1/><F1/><W57/><G36/><T31/><D104/><U126/><E135/><V103/><F109/><W77/><G113/><T23/><D108/><U93/><E83/><V78/><F115/><W96/><G131/><T33/><D33/><U43/><E43/><V122/><F122/><W15/><G3/><T48/><D128/><U85/><E126/><V32/><F32/><W81/><G91/><T99/><D39/><U34/><E2/><V30/><F30/><W24/><G24/><N who="0" m="16791" /><D37/><U70/><E70/><V123/><F123/><W42/><G42/><N who="0" m="24599" /><D76/><U64/><E64/><V47/><F47/><W67/><G77/><T41/><D41/><U125/><E125/><V11/><F130/><W16/><G6/><T4/><D4/><U120/><E120/><V110/><F110/><W66/><G53/><T106/><D106/><U20/><E94/><AGARI ba="1,0" hai="12,18,23,84,86,88,94,99" m="24599,16791" machi="94" ten="30,2900,0" yaku="8,1,54,1" doraHai="132" who="0" fromWho="1" sc="357,32,244,-32,104,0,295,0" /><INIT seed="4,2,0,5,5,122" ten="389,212,104,295" oya="0" hai0="115,96,105,126,91,13,28,35,68,33,7,55,121" hai1="50,94,99,10,66,24,129,86,14,93,32,111,29" hai2="17,8,118,53,56,63,40,30,133,57,103,18,34" hai3="1,130,9,135,123,81,108,23,119,107,27,124,65"/><T85/><D121/><U22/><E129/><V64/><F118/><W39/><RYUUKYOKU type="yao9" ba="2,0" sc="389,0,212,0,104,0,295,0" hai3="1,9,23,27,39,65,81,107,108,119,123,124,130,135" /><INIT seed="4,3,0,2,0,84" ten="389,212,104,295" oya="0" hai0="97,4,76,45,59,109,9,132,85,119,47,116,63" hai1="120,104,62,2,127,50,11,51,129,18,61,8,7" hai2="21,49,100,74,56,126,87,128,52,106,133,75,26" hai3="79,115,13,123,122,118,37,31,95,131,14,113,101"/><T70/><D70/><U22/><E120/><N who="3" m="46122" /><G37/><T112/><D112/><N who="3" m="43081" /><G31/><T68/><D68/><U88/><E104/><V103/><F126/><W124/><G124/><T121/><D132/><U24/><E127/><V108/><F108/><W15/><G79/><T12/><D121/><U53/><E129/><V3/><F3/><W66/><G66/><T67/><D109/><U41/><E11/><V43/><F128/><W19/><G131/><T6/><D6/><U99/><E41/><V69/><F133/><W77/><G77/><T5/><D5/><U93/><REACH who="1" step="1"/><E50/><REACH who="1" ten="389,202,104,295" step="2"/><V36/><F106/><W117/><G19/><T42/><D42/><U72/><E72/><V20/><F43/><W110/><G110/><T135/><D135/><U35/><E35/><V65/><F36/><W82/><G82/><N who="0" m="47303" /><D119/><N who="3" m="45577" /><G95/><T86/><D116/><U102/><E102/><AGARI ba="3,1" hai="13,14,15,101,102" m="45577,43081,46122" machi="102" ten="40,8000,1" yaku="28,2,13,1,15,1" doraHai="84" who="3" fromWho="1" sc="389,0,202,-89,104,0,295,99" /><INIT seed="5,0,0,2,5,33" ten="389,113,104,394" oya="1" hai0="38,7,71,12,61,40,32,86,69,99,131,97,83" hai1="128,15,28,6,104,63,1,123,2,114,79,29,5" hai2="53,87,116,89,67,127,73,77,54,8,31,103,37" hai3="19,45,51,82,22,129,110,94,113,49,88,30,106"/><U76/><E104/><V93/><F116/><W4/><G106/><T135/><D32/><U112/><E123/><V122/><F122/><W24/><G110/><T62/><D38/><U98/><E63/><V78/><F37/><W91/><G113/><N who="1" m="43626" /><E98/><V105/><F127/><W96/><G129/><T120/><D40/><U27/><E128/><V3/><F31/><N who="1" m="11849" /><E27/><V118/><F118/><W124/><G124/><T117/><D62/><U42/><E15/><V56/><F67/><W47/><G4/><N who="1" m="1642" /><E42/><V75/><F54/><W121/><G121/><T81/><D12/><U60/><E60/><V74/><F103/><W43/><G82/><T102/><D61/><U133/><E133/><V10/><F105/><W126/><G126/><T119/><D83/><U100/><E100/><V50/><F78/><AGARI ba="0,0" hai="1,2,76,78,79" m="1642,11849,43626" machi="78" ten="30,12000,1" yaku="28,2,15,1,52,2" doraHai="33" who="1" fromWho="2" sc="389,0,113,120,104,-120,394,0" owari="389,18.9,233,-16.7,-16,-51.6,394,49.4" /></mjloggm>