<mjloggm ver="2.3"><GO type="169" lobby="0"/><UN n0="%E3%81%A1%E3%82%83%E3%82%93%E3%81%AE%E3%81%B6" n1="%E3%81%AF%E3%81%AA%E3%81%B3%E3%81%AA%E3%81%B3" n2="%70%6F%6E%2D%65%6E" n3="%E4%B8%89%E5%8D%81%E7%94%BB%E7%94%9F" dan="17,17,16,16" rate="2126.41,2147.41,2131.04,2124.09" sx="M,M,F,M"/><TAIKYOKU oya="0"/><INIT seed="0,0,0,2,2,21" ten="250,250,250,250" oya="0" hai0="50,15,92,88,9,33,30,34,128,94,114,23,67" hai1="64,2,121,39,97,42,51,117,102,123,74,118,111" hai2="80,96,54,22,103,58,75,46,66,83,14,26,82" hai3="93,86,79,55,120,61,56,95,135,124,134,5,131"/><T17/><D17/><U6/><BYE who="0" /><E74/><UN n0="%E3%81%A1%E3%82%83%E3%82%93%E3%81%AE%E3%81%B6" /><V77/><F14/><W4/><BYE who="0" /><G120/><UN n0="%E3%81%A1%E3%82%83%E3%82%93%E3%81%AE%E3%81%B6" /><T40/><D40/><U71/><BYE who="0" /><E51/><UN n0="%E3%81%A1%E3%82%83%E3%82%93%E3%81%AE%E3%81%B6" /><V13/><F13/><W48/><G124/><T29/><D114/><U106/><E6/><V101/><F46/><W28/><G131/><T110/><D128/><U35/><E2/><V109/><F66/><W47/><G5/><T7/><D67/><U107/><E107/><V119/><F109/><W53/><G4/><T126/><D126/><U11/><E11/><V69/><F69/><W122/><G122/><N who="1" m="46602" /><E111/><V113/><F103/><W44/><G44/><T73/><D73/><U108/><E108/><V45/><F45/><W89/><G79/><T81/><D110/><U38/><E42/><V60/><F113/><W91/><REACH who="3" step="1"/><G28/><REACH who="3" ten="250,250,250,240" step="2"/><T57/><D30/><U133/><E117/><V3/><F119/><W36/><G36/><T16/><D29/><U41/><E39/><V19/><REACH who="2" step="1"/><F3/><REACH who="2" ten="250,250,240,240" step="2"/><W32/><G32/><T52/><D34/><U1/><E35/><V27/><F27/><W125/><G125/><T63/><D33/><U72/><E1/><V31/><F31/><W76/><G76/><T112/><D112/><U37/><E118/><V115/><F115/><W10/><G10/><T8/><D9/><U105/><E37/><V24/><F24/><W84/><AGARI ba="0,2" hai="47,48,53,55,56,61,84,86,89,91,93,95,134,135" machi="84" ten="30,8000,1" yaku="1,1,0,1,9,1,53,2" doraHai="21" doraHaiUra="129" who="3" fromWho="3" sc="250,-40,250,-20,240,-20,240,100" /><INIT seed="1,0,0,4,0,42" ten="210,230,220,340" oya="1" hai0="77,84,97,122,133,115,39,120,17,71,59,124,33" hai1="90,111,73,28,74,56,11,35,106,26,92,58,80" hai2="44,61,94,72,36,8,66,129,48,22,41,132,114" hai3="88,0,130,76,107,45,75,57,38,19,89,67,1"/><U43/><E106/><V34/><F34/><W103/><G130/><T4/><D33/><U104/><E104/><V81/><F132/><W51/><G38/><T119/><D71/><U126/><E126/><V2/><F129/><W14/><G75/><T113/><D39/><U47/><E111/><V65/><F114/><W12/><G76/><T112/><D4/><U93/><E93/><V23/><F94/><W30/><G30/><T15/><D59/><U46/><E11/><V123/><F123/><N who="0" m="47146" /><D124/><U117/><E117/><V127/><F48/><W31/><G31/><T78/><D119/><U69/><E69/><V10/><F10/><W125/><G125/><T100/><D84/><U102/><E102/><V118/><F118/><W91/><G57/><T128/><D128/><U109/><E74/><V95/><F95/><W64/><G1/><T108/><D108/><U70/><E70/><N who="2" m="42287" /><F66/><W79/><G0/><T52/><D133/><U53/><E109/><V98/><F98/><W87/><G107/><N who="0" m="63887" /><D52/><U3/><E3/><V68/><F127/><W135/><G103/><T131/><D131/><U25/><E56/><V6/><F68/><W60/><G135/><T116/><D116/><U134/><E134/><V63/><F63/><W121/><G60/><T9/><AGARI ba="0,0" hai="9,15,17,77,78,112,113,115" m="63887,47146" machi="9" ten="40,1500,0" yaku="13,1" doraHai="42" who="0" fromWho="0" sc="210,15,230,-7,220,-4,340,-4" /><INIT seed="2,0,0,0,1,53" ten="225,223,216,336" oya="2" hai0="9,16,132,56,70,106,95,26,33,123,94,67,42" hai1="83,107,45,82,5,1,60,3,79,28,93,2,55" hai2="101,23,19,78,35,21,114,77,99,119,15,14,85" hai3="66,10,108,8,88,52,41,118,49,109,100,91,50"/><V128/><F35/><W34/><G34/><T89/><D123/><U38/><E107/><V20/><F114/><W65/><G118/><T116/><D106/><U6/><E28/><V103/><F119/><W71/><G100/><T117/><D70/><U135/><E135/><V92/><F128/><W4/><G41/><T32/><D132/><U40/><E93/><V54/><F103/><W80/><G71/><T58/><D42/><U11/><E5/><V126/><F126/><W105/><G105/><T98/><D67/><N who="3" m="25609" /><G50/><T0/><D0/><U90/><E90/><N who="3" m="34346" /><G80/><T61/><D89/><U63/><E82/><V133/><F133/><W12/><G12/><T17/><D61/><U47/><E60/><V29/><F85/><W111/><G4/><T134/><D134/><U131/><E131/><V121/><F121/><W27/><G27/><T22/><D26/><U125/><E125/><V43/><F43/><W113/><G113/><T30/><D98/><U18/><E63/><V36/><F15/><W46/><AGARI ba="0,0" hai="8,10,46,49,52,108,109,111" m="34346,25609" machi="46" ten="40,5200,0" yaku="14,1,54,2" doraHai="53" who="3" fromWho="3" sc="225,-13,223,-13,216,-26,336,52" /><INIT seed="3,0,0,3,1,101" ten="212,210,190,388" oya="3" hai0="97,134,16,90,88,95,106,41,119,49,35,71,45" hai1="65,128,103,78,102,26,109,63,116,79,22,40,24" hai2="14,126,6,0,1,82,58,34,100,19,64,62,104" hai3="85,117,77,5,2,81,47,15,75,99,93,10,125"/><W112/><G112/><T68/><D119/><U53/><E116/><V107/><F126/><W46/><G117/><T31/><D134/><U48/><E109/><V54/><F34/><W7/><G125/><T43/><D41/><U67/><E128/><V69/><F100/><W27/><G27/><T13/><D106/><U105/><E40/><V131/><F131/><W91/><G5/><T70/><D31/><U124/><E124/><V17/><F17/><W52/><G2/><T60/><D35/><U9/><E9/><V59/><F59/><W84/><G75/><T96/><D60/><U133/><E133/><V121/><F82/><W4/><G4/><T29/><D29/><U32/><E32/><V51/><F121/><W23/><G23/><T132/><D132/><U123/><E63/><V118/><F118/><W115/><G115/><T114/><D114/><U135/><E135/><V33/><F33/><W28/><G28/><T44/><D44/><N who="3" m="16937" /><G85/><T39/><D39/><U61/><E22/><V87/><F87/><W55/><AGARI ba="0,0" hai="7,10,15,52,55,77,81,84,91,93,99" m="16937" machi="55" ten="30,3000,0" yaku="8,1,54,1" doraHai="101" who="3" fromWho="3" sc="212,-10,210,-10,190,-10,388,30" /><INIT seed="3,1,0,2,4,71" ten="202,200,180,418" oya="3" hai0="57,112,16,75,50,122,109,127,79,1,124,80,72" hai1="131,106,10,35,37,126,134,40,78,52,4,36,8" hai2="49,39,111,13,64,94,32,45,90,129,48,125,77" hai3="84,117,101,118,62,18,113,110,6,88,104,41,21"/><W0/><G113/><T65/><D122/><U47/><E52/><V5/><F32/><W29/><G29/><T60/><D112/><U15/><E15/><V26/><F26/><W69/><G101/><T120/><D120/><U30/><E10/><V19/><F5/><W74/><G74/><T3/><D109/><U103/><E134/><V96/><F111/><W56/><G104/><T55/><D75/><U51/><E131/><V97/><F77/><W34/><G69/><T31/><D31/><U130/><E126/><N who="0" m="48169" /><D16/><U66/><E66/><V17/><F64/><W85/><G34/><T27/><D27/><N who="1" m="18911" /><E51/><V92/><F19/><W2/><G110/><T54/><D54/><U61/><E61/><V20/><F129/><W115/><G115/><T105/><D105/><U70/><E130/><V116/><F116/><W102/><G117/><T42/><D42/><U83/><E70/><AGARI ba="1,0" hai="1,3,50,55,57,60,65,70,72,79,80" m="48169" machi="70" ten="30,1000,0" yaku="18,1" doraHai="71" who="0" fromWho="1" sc="202,13,200,-13,180,0,418,0" /><INIT seed="4,0,0,5,1,113" ten="215,187,180,418" oya="0" hai0="107,51,124,0,2,75,70,10,76,24,12,134,22" hai1="78,62,127,89,53,40,55,96,100,7,110,129,108" hai2="48,38,116,90,1,3,87,52,28,95,99,58,85" hai3="109,79,49,43,72,8,33,131,123,81,60,91,71"/><T54/><D70/><U27/><E129/><V11/><F38/><W119/><G109/><T83/><D107/><U101/><E127/><V61/><F28/><W68/><G33/><T21/><D134/><U97/><E7/><V39/><F39/><W57/><G119/><T13/><D13/><U104/><E78/><V17/><F116/><W112/><G112/><T67/><D67/><U86/><E40/><V25/><F87/><W102/><G102/><T121/><D121/><U23/><E62/><V133/><F133/><W105/><G105/><T44/><D124/><U26/><E104/><V125/><F125/><W56/><G131/><T50/><D51/><U37/><E37/><V16/><F25/><W73/><G73/><T69/><D69/><U64/><E86/><V18/><F11/><W88/><G123/><T126/><D22/><U4/><E4/><V103/><REACH who="2" step="1"/><F61/><REACH who="2" ten="215,187,170,418" step="2"/><W130/><G60/><T59/><D126/><U32/><E32/><V34/><F34/><W65/><G72/><T20/><D21/><U135/><E23/><V114/><F114/><W66/><G8/><T74/><D75/><U111/><E111/><V94/><AGARI ba="0,1" hai="1,3,16,17,18,48,52,58,85,90,94,95,99,103" machi="94" ten="30,7900,0" yaku="1,1,0,1,54,2,53,0" doraHai="113" doraHaiUra="5" who="2" fromWho="2" sc="215,-39,187,-20,170,89,418,-20" /><INIT seed="5,0,0,0,4,87" ten="176,167,259,398" oya="1" hai0="128,35,11,41,25,78,6,92,117,103,43,95,0" hai1="3,9,44,96,108,69,83,66,90,84,26,18,86" hai2="113,81,114,88,104,58,65,112,102,7,68,74,36" hai3="99,49,37,120,133,73,15,5,105,19,118,80,30"/><U109/><E69/><V125/><F125/><W89/><G37/><T85/><D117/><U91/><E66/><V40/><F68/><W55/><G120/><T62/><D128/><U131/><E131/><V56/><F65/><W47/><G133/><T20/><D35/><U4/><E96/><N who="2" m="61511" /><F7/><W98/><G30/><T14/><D0/><U93/><REACH who="1" step="1"/><E44/><REACH who="1" ten="176,157,259,398" step="2"/><N who="2" m="23559" /><F74/><W72/><G73/><T52/><D103/><U132/><E132/><V51/><F51/><W94/><G99/><T82/><D41/><U31/><E31/><V111/><F111/><W1/><G47/><T77/><D43/><U34/><E34/><V134/><F134/><W135/><G98/><T28/><REACH who="0" step="1"/><D77/><REACH who="0" ten="166,157,259,398" step="2"/><U116/><E116/><V39/><F39/><W123/><G118/><T50/><D50/><U57/><E57/><AGARI ba="0,2" hai="6,11,14,20,25,28,52,57,62,78,82,85,92,95" machi="57" ten="40,5200,0" yaku="1,1,8,1,54,1,53,0" doraHai="87" doraHaiUra="119" who="0" fromWho="1" sc="166,72,157,-52,259,0,398,0" /><INIT seed="6,0,0,1,5,65" ten="238,105,259,398" oya="2" hai0="105,114,18,69,130,77,132,57,8,120,85,63,129" hai1="59,131,123,53,21,20,12,87,58,67,68,48,47" hai2="93,110,22,10,36,62,70,96,50,117,35,102,19" hai3="81,25,29,83,55,97,89,119,41,90,24,134,40"/><V4/><F36/><W34/><G119/><T118/><D120/><U13/><E123/><V101/><F35/><W124/><G134/><T116/><D105/><U6/><E131/><N who="0" m="50185" /><D114/><U75/><E75/><V31/><F31/><W15/><G124/><T128/><D128/><U66/><E48/><V5/><F117/><W43/><G25/><T33/><D33/><U44/><E87/><V108/><F102/><W74/><G74/><T54/><D69/><U72/><E72/><V49/><F62/><W0/><G55/><T100/><D100/><U16/><E53/><V71/><F50/><W7/><G83/><N who="0" m="47343" /><D132/><U61/><E61/><V28/><F49/><W127/><G15/><AGARI ba="0,0" hai="8,15,18,54,57,63,116,118" m="47343,50185" machi="15" ten="30,1000,0" yaku="19,1" doraHai="65" who="0" fromWho="3" sc="238,10,105,0,259,0,398,-10" /><INIT seed="7,0,0,1,1,123" ten="248,105,259,388" oya="3" hai0="79,69,10,17,74,53,71,66,89,120,108,77,1" hai1="5,70,121,107,15,105,35,90,83,62,23,29,7" hai2="80,126,111,36,115,134,78,18,68,12,67,30,101" hai3="73,104,16,8,86,26,28,135,32,117,93,60,84"/><W14/><G73/><T2/><D120/><U34/><E121/><V87/><F111/><W51/><G104/><T119/><D108/><U133/><E23/><V82/><F36/><W20/><G117/><T118/><D53/><U39/><E39/><V100/><F30/><W48/><G135/><T47/><D89/><U54/><E29/><V4/><F4/><W55/><G32/><T38/><D38/><U44/><E133/><V65/><F134/><W27/><G27/><T49/><D17/><U85/><E85/><N who="3" m="32874" /><G93/><T31/><D31/><U33/><E15/><V129/><F115/><W64/><G64/><T81/><D66/><U19/><E34/><V95/><F126/><W94/><G94/><T132/><D132/><U37/><E37/><V106/><F129/><W103/><G103/><N who="2" m="39497" /><F95/><W91/><G91/><T92/><D92/><U124/><E90/><N who="2" m="51559" /><F106/><W112/><G112/><T25/><D25/><U96/><E124/><V99/><F99/><W11/><G11/><T0/><D10/><U59/><E96/><V98/><F68/><N who="0" m="26186" /><D79/><U52/><E70/><V102/><F102/><W116/><G116/><T58/><D118/><U24/><E24/><V128/><F128/><W3/><G3/><T13/><D13/><U21/><E21/><N who="2" m="11463" /><F98/><W113/><G113/><T45/><D119/><U109/><E83/><V63/><F63/><W88/><G88/><T46/><D1/><U122/><E62/><V131/><F131/><W56/><AGARI ba="0,0" hai="8,14,16,20,26,28,48,51,55,56,60" m="32874" machi="56" ten="30,3000,0" yaku="8,1,54,1" doraHai="123" who="3" fromWho="3" sc="248,-10,105,-10,259,-10,388,30" owari="238,-16.2,95,-40.5,249,4.9,418,51.8" /></mjloggm>