<mjloggm ver="2.3"><GO type="169" lobby="0"/><UN n0="%E8%8F%85%E7%94%B0%E5%B0%86%E6%9A%89%28%E5%81%BD%E7%89%A9%29" n1="%E3%81%86%E3%81%9A%E3%82%89%E5%8D%B5%E3%83%95%E3%83%A9%E3%82%A4" n2="%E3%81%8F%E3%82%8B%E3%82%8B" n3="%E3%81%9E%E3%81%88%E3%82%82%E3%82%93%E3%81%A7%E3%81%83" dan="16,16,18,16" rate="2194.30,2035.02,2271.47,2135.25" sx="M,M,F,M"/><TAIKYOKU oya="0"/><INIT seed="0,0,0,5,2,34" ten="250,250,250,250" oya="0" hai0="44,71,31,53,1,45,72,11,111,75,26,93,107" hai1="62,43,10,100,133,46,73,60,101,91,55,119,76" hai2="85,13,27,116,118,29,120,50,35,7,58,5,114" hai3="39,0,49,28,121,8,117,20,105,61,36,65,56"/><T126/><D107/><U112/><E119/><N who="2" m="45611" /><F114/><W113/><G113/><T54/><D71/><U21/><E112/><V32/><F85/><W110/><G117/><T12/><D126/><U104/><E133/><V80/><F80/><W30/><G105/><T123/><D123/><U90/><E73/><V92/><F92/><W82/><G110/><T106/><D106/><U122/><E122/><V63/><F50/><W102/><G102/><T18/><D111/><U125/><E125/><V78/><F78/><W81/><G36/><T42/><D1/><U2/><E76/><V48/><F48/><W98/><G98/><T33/><D93/><U115/><E115/><V129/><F129/><W22/><G39/><T59/><D54/><U41/><E55/><N who="2" m="34271" /><F120/><W89/><G89/><T38/><REACH who="0" step="1"/><D44/><REACH who="0" ten="240,250,250,250" step="2"/><U17/><E46/><V69/><F69/><W67/><G121/><T74/><D74/><U66/><E104/><V131/><F131/><W97/><G81/><T3/><D3/><U86/><E2/><V88/><F32/><W25/><G82/><T19/><D19/><U47/><E17/><V108/><F108/><W37/><G0/><T57/><D57/><U6/><E47/><V15/><F5/><W130/><G130/><T9/><D9/><U96/><E6/><V70/><F70/><W109/><G8/><T40/><D40/><U64/><E43/><V103/><F7/><W16/><G109/><T127/><D127/><U14/><E41/><V51/><F35/><W68/><G68/><T4/><D4/><U95/><E95/><V24/><F29/><W132/><G28/><RYUUKYOKU ba="0,1" sc="240,30,250,-10,250,-10,250,-10" hai0="11,12,18,26,31,33,38,42,45,53,59,72,75" /><INIT seed="0,1,1,0,0,123" ten="270,240,240,240" oya="0" hai0="2,101,109,55,53,92,25,22,16,124,63,117,29" hai1="35,36,127,51,66,39,102,9,76,118,74,1,68" hai2="4,97,115,61,130,99,73,11,0,64,5,15,49" hai3="21,89,54,10,132,83,8,90,82,98,23,70,93"/><T52/><D117/><U95/><E118/><V116/><F115/><W129/><G70/><T112/><D112/><U85/><E35/><V114/><F114/><W44/><G129/><T60/><D124/><U19/><E127/><V56/><F73/><W77/><G132/><T57/><D2/><U17/><E51/><V128/><F116/><W12/><G44/><T105/><D105/><U42/><E36/><V28/><F28/><W87/><G54/><T41/><D41/><U84/><E84/><V134/><F134/><W65/><G65/><T34/><D109/><U32/><E32/><V108/><F108/><W48/><G48/><T78/><D78/><U104/><E104/><V20/><F49/><W121/><G121/><T37/><D37/><U88/><E102/><V50/><F50/><W91/><G10/><T62/><D101/><U13/><E66/><V96/><F4/><W100/><REACH who="3" step="1"/><G82/><REACH who="3" ten="270,240,240,230" step="2"/><T135/><D135/><U80/><E68/><V103/><F130/><W58/><G58/><T131/><D131/><U81/><E81/><V126/><F128/><W33/><G33/><T7/><D57/><U67/><E67/><V72/><F126/><W14/><G14/><T106/><D106/><U24/><E1/><V120/><F120/><W43/><G43/><T3/><D92/><U111/><E111/><V75/><F0/><W26/><G26/><N who="0" m="18743" /><D55/><U113/><E113/><V107/><F11/><W27/><G27/><T125/><D125/><U40/><E39/><V38/><F38/><W47/><G47/><T71/><D71/><U6/><E24/><V69/><F69/><RYUUKYOKU ba="1,2" sc="270,10,240,10,240,-30,230,10" hai0="3,7,16,22,25,52,53,60,62,63" hai1="6,9,13,17,19,40,42,74,76,80,85,88,95" hai3="8,12,21,23,77,83,87,89,90,91,93,98,100" /><INIT seed="0,2,2,3,0,28" ten="280,250,210,240" oya="0" hai0="44,82,38,19,131,13,100,91,9,63,48,4,12" hai1="79,135,118,93,88,123,84,87,126,14,61,15,45" hai2="20,92,22,2,8,58,33,47,34,53,18,98,70" hai3="122,67,42,99,1,110,57,129,86,124,103,66,116"/><T112/><D112/><U62/><E118/><V105/><F70/><W6/><G1/><T7/><D131/><U134/><E123/><V75/><F75/><W77/><G6/><T76/><D38/><U102/><E126/><V121/><F105/><W95/><G42/><T83/><D100/><U114/><E102/><V21/><F121/><W68/><G68/><T46/><D46/><U78/><E114/><V17/><F47/><W41/><G41/><T113/><D113/><U128/><E45/><V109/><F109/><W0/><G0/><T125/><D125/><U130/><REACH who="1" step="1"/><E93/><REACH who="1" ten="280,240,210,240" step="2"/><V23/><F2/><W81/><G116/><T90/><D63/><U120/><E120/><V106/><F106/><W51/><G124/><T133/><D133/><U119/><E119/><V40/><F40/><W50/><G122/><T55/><D82/><U37/><E37/><V74/><F74/><W24/><G110/><T29/><D29/><U127/><E127/><V49/><F8/><W117/><G117/><T36/><D36/><U60/><E60/><V35/><N who="2" m="5120" /><DORA hai="10" /><V31/><REACH who="2" step="1"/><F31/><REACH who="2" ten="280,240,200,240" step="2"/><W39/><G129/><T104/><D104/><U97/><E97/><V64/><F64/><W69/><G66/><T52/><D44/><U94/><E94/><V25/><F25/><W73/><G73/><T65/><D65/><U107/><E107/><V54/><F54/><W96/><G67/><T72/><D55/><U32/><E32/><V71/><F71/><W115/><G69/><T132/><D52/><U5/><E5/><V27/><F27/><W30/><G115/><T101/><D72/><RYUUKYOKU ba="2,4" sc="280,-15,240,15,200,15,240,-15" hai1="14,15,61,62,78,79,84,87,88,128,130,134,135" hai2="17,18,33,34,35,49,53,58,92,98" /><INIT seed="1,3,4,2,1,48" ten="265,255,215,225" oya="1" hai0="14,76,66,45,129,17,26,31,118,68,34,77,93" hai1="97,103,15,115,125,11,35,94,131,105,19,37,135" hai2="2,28,52,81,13,21,62,12,86,121,104,4,83" hai3="112,134,123,38,57,74,126,108,113,133,87,41,42"/><U128/><E115/><N who="3" m="44106" /><G74/><T130/><D118/><U65/><E135/><N who="3" m="51722" /><G123/><T98/><D45/><U91/><E125/><V114/><F121/><W36/><G87/><T47/><D47/><U124/><E124/><V58/><F104/><W71/><G126/><T9/><D66/><U100/><E37/><N who="3" m="14442" /><G71/><T39/><D68/><U33/><E65/><V90/><F114/><W122/><G122/><T92/><D39/><U51/><E51/><V1/><F1/><W56/><G108/><T127/><D127/><U44/><E44/><V102/><F102/><N who="1" m="38953" /><E105/><V64/><F64/><W18/><G18/><T23/><D34/><U120/><E120/><V30/><F2/><W20/><G20/><T32/><D32/><U0/><E0/><V59/><F81/><W84/><G84/><T43/><D93/><U60/><E35/><V24/><F30/><W80/><G80/><T67/><D67/><U50/><E33/><V95/><F83/><W29/><G29/><T5/><D31/><U116/><E19/><V25/><F28/><W101/><G101/><T70/><D70/><U55/><E94/><V89/><F95/><W111/><G111/><T49/><D92/><U53/><E97/><V119/><F86/><W110/><G110/><T99/><D98/><U82/><E82/><V40/><F21/><W7/><G7/><T109/><D99/><U96/><E96/><V16/><F4/><W46/><G46/><N who="0" m="25823" /><D109/><U106/><E106/><V69/><F16/><W27/><G27/><T88/><D88/><U61/><E91/><V10/><F90/><W107/><G107/><T85/><D85/><RYUUKYOKU ba="3,4" sc="265,15,255,-15,215,-15,225,15" hai0="5,9,14,17,23,26,76,77,129,130" hai3="41,42,56,57" /><INIT seed="2,4,4,3,2,77" ten="280,240,200,240" oya="2" hai0="43,56,105,44,14,92,35,17,36,120,89,125,62" hai1="55,114,5,18,115,86,96,93,23,102,134,6,49" hai2="65,58,3,29,121,57,63,69,112,118,113,2,12" hai3="25,81,7,104,0,98,20,109,127,66,41,94,119"/><V87/><F121/><W133/><G119/><T88/><D120/><U38/><E38/><V24/><F118/><W34/><G104/><T126/><D35/><U135/><E86/><V124/><F124/><N who="0" m="47722" /><D105/><U71/><E71/><V30/><F12/><W116/><G34/><T97/><D92/><U130/><E130/><V4/><F87/><W85/><G41/><T28/><D28/><U46/><E5/><V11/><F3/><W131/><G66/><N who="0" m="39239" /><D97/><U111/><E6/><V128/><F128/><W48/><G131/><T59/><D59/><U32/><E111/><V33/><F58/><W10/><G109/><T19/><D19/><U22/><E32/><V50/><REACH who="2" step="1"/><F29/><REACH who="2" ten="280,240,190,240" step="2"/><W37/><G127/><T1/><D1/><U60/><E115/><V95/><F95/><W39/><G116/><T76/><D76/><U13/><E114/><V110/><F110/><W15/><G0/><T75/><D75/><U68/><E68/><V132/><F132/><N who="1" m="50729" /><E60/><V84/><F84/><W78/><G133/><T79/><D79/><U45/><E45/><V106/><F106/><W73/><G73/><T83/><D83/><U40/><E13/><V123/><F123/><W117/><G117/><T53/><D53/><AGARI ba="4,5" hai="2,4,11,24,30,33,50,53,57,63,65,69,112,113" machi="53" ten="40,2000,0" yaku="1,1,53,0" doraHai="77" doraHaiUra="91" who="2" fromWho="0" sc="280,-32,240,0,190,82,240,0" /><INIT seed="2,5,0,2,4,45" ten="248,240,272,240" oya="2" hai0="88,86,18,122,66,10,2,90,71,133,129,38,25" hai1="8,110,43,135,78,93,105,4,82,113,102,21,29" hai2="89,67,33,35,55,20,117,23,24,48,59,87,28" hai3="75,80,26,118,98,123,13,32,41,103,57,127,27"/><V119/><F23/><W50/><G118/><T85/><D122/><U92/><E113/><V72/><F72/><W108/><G123/><T79/><D38/><U16/><E29/><V49/><F67/><W100/><G108/><T42/><D42/><U51/><E110/><V39/><F39/><W31/><G127/><T40/><D40/><U95/><E135/><V30/><F30/><W97/><G27/><T53/><D133/><U120/><E120/><V114/><F114/><W116/><G116/><T106/><D106/><U83/><E105/><V7/><F7/><W128/><G13/><T124/><D124/><U58/><E102/><V15/><F35/><W101/><G128/><T73/><D73/><U12/><E78/><V76/><F76/><W64/><G80/><T125/><D66/><U54/><REACH who="1" step="1"/><E43/><REACH who="1" ten="248,230,272,240" step="2"/><V17/><REACH who="2" step="1"/><F49/><REACH who="2" ten="248,230,262,240" step="2"/><W5/><G31/><T52/><D79/><U46/><E46/><V44/><F44/><W84/><G50/><T109/><D125/><U91/><E91/><V37/><F37/><W36/><G36/><T81/><D88/><U115/><E115/><V22/><F22/><W0/><G32/><T96/><D90/><U61/><E61/><V70/><F70/><W130/><G103/><T34/><D71/><U134/><E134/><V112/><F112/><W19/><G101/><T3/><D34/><U62/><E62/><V56/><F56/><W11/><G57/><T132/><D132/><U99/><E99/><V1/><F1/><AGARI ba="5,2" hai="1,4,8,12,16,21,51,54,58,82,83,92,93,95" machi="1" ten="40,5200,0" yaku="1,1,52,1,54,1,53,0" doraHai="45" doraHaiUra="126" who="1" fromWho="2" sc="248,0,230,87,262,-67,240,0" /><INIT seed="3,0,0,3,5,33" ten="248,317,195,240" oya="3" hai0="13,79,134,117,88,38,83,59,27,21,46,48,34" hai1="75,84,40,127,131,25,96,98,57,108,93,113,107" hai2="64,58,103,29,47,118,100,81,49,54,72,126,3" hai3="90,106,26,8,62,121,122,35,95,14,60,15,67"/><W61/><G106/><T85/><D117/><U52/><E113/><V120/><F118/><W111/><G67/><T20/><D134/><U71/><E71/><V91/><F120/><W104/><G104/><T99/><D38/><U37/><E75/><V30/><F126/><W73/><G73/><T0/><D0/><U43/><E108/><V22/><F3/><W82/><G82/><T41/><D59/><U132/><E132/><V80/><F72/><W18/><G111/><T87/><D99/><U130/><E127/><V17/><F81/><W36/><G36/><T110/><D110/><U77/><E25/><V2/><F2/><W31/><REACH who="3" step="1"/><G14/><REACH who="3" ten="248,317,195,230" step="2"/><T12/><D34/><U92/><E107/><V89/><F80/><W42/><G42/><T109/><D109/><U55/><E37/><V50/><F64/><W78/><G78/><T125/><D125/><U63/><E77/><V74/><F74/><W123/><G123/><T24/><D13/><U112/><E40/><V102/><F89/><W133/><G133/><T70/><D70/><U129/><E43/><N who="2" m="24831" /><F91/><W32/><G32/><T7/><D79/><U16/><E131/><V66/><F66/><W116/><G116/><T9/><REACH who="0" step="1"/><D85/><AGARI ba="0,1" hai="8,15,18,26,31,35,60,61,62,85,90,95,121,122" machi="85" ten="40,2000,0" yaku="1,1,53,0" doraHai="33" doraHaiUra="101" who="3" fromWho="0" sc="248,-20,317,0,195,0,230,30" /><INIT seed="3,1,0,2,0,88" ten="228,317,195,260" oya="3" hai0="123,25,101,45,18,30,62,127,16,133,95,67,132" hai1="129,19,113,20,0,55,44,82,135,128,66,89,84" hai2="111,61,74,37,7,109,40,77,42,91,79,106,23" hai3="43,78,33,59,96,64,92,2,8,86,46,9,105"/><W4/><G33/><T13/><D123/><U26/><E113/><V3/><F106/><W47/><G105/><T134/><D127/><U32/><E135/><V54/><F23/><W24/><G24/><T71/><D45/><U87/><E0/><V60/><F91/><W108/><G108/><N who="2" m="41545" /><F37/><W112/><G112/><T70/><D70/><U22/><E66/><V98/><F98/><W110/><G110/><T131/><D131/><N who="1" m="50251" /><E87/><V57/><F61/><W120/><G120/><T10/><D18/><U36/><E36/><V11/><F74/><W31/><G31/><T39/><D39/><U94/><E82/><V65/><F65/><W81/><G9/><T73/><D73/><U125/><E125/><V38/><F38/><W103/><REACH who="3" step="1"/><G43/><AGARI ba="1,0" hai="3,7,11,40,42,43,54,57,60,77,79" m="41545" machi="43" ten="30,1000,0" yaku="14,1" doraHai="88" who="2" fromWho="3" sc="228,0,317,0,195,13,260,-13" /><INIT seed="4,0,0,0,4,75" ten="228,317,208,247" oya="0" hai0="99,1,33,30,46,64,86,15,44,12,26,59,24" hai1="120,116,60,11,96,23,89,84,0,104,7,105,58" hai2="56,52,63,53,92,5,16,83,94,130,49,68,110" hai3="111,122,101,25,93,85,90,98,70,114,123,127,128"/><T39/><D1/><U4/><E116/><V97/><F110/><W34/><G70/><T18/><D99/><U87/><E120/><N who="3" m="46122" /><G25/><T6/><D39/><U72/><E72/><V13/><F130/><W121/><G34/><T115/><D115/><U91/><E7/><V126/><F126/><W88/><G121/><T106/><D106/><U113/><E113/><V55/><F5/><W10/><G10/><T67/><D86/><U74/><E74/><V45/><F83/><N who="3" m="49215" /><G114/><T112/><D112/><U109/><E109/><V20/><F68/><W40/><G40/><T124/><D124/><U132/><E23/><V107/><F107/><N who="3" m="63927" /><G111/><T133/><D6/><U43/><E43/><N who="2" m="24767" /><F94/><W36/><G36/><T73/><D73/><U79/><E4/><V81/><F81/><W95/><G127/><T50/><D33/><U62/><E0/><V17/><F17/><W29/><G29/><T82/><D82/><U28/><E28/><V51/><F51/><W125/><G125/><T14/><D30/><U2/><E2/><V3/><F3/><W57/><G57/><T71/><D18/><U131/><E58/><V65/><F65/><N who="0" m="25162" /><D71/><U129/><E129/><V77/><F56/><W119/><G119/><T37/><D37/><U41/><E131/><V100/><F63/><W38/><G38/><T47/><D59/><U21/><E62/><V32/><F32/><W117/><G117/><T118/><D50/><U48/><E60/><V103/><F103/><W54/><G128/><T108/><D118/><U9/><E48/><V22/><F22/><W102/><G102/><T61/><D108/><RYUUKYOKU ba="0,0" sc="228,-10,317,-10,208,30,247,-10" hai2="13,16,20,52,53,55,77,92,97,100" /><INIT seed="5,1,0,3,1,63" ten="218,307,238,237" oya="1" hai0="54,130,126,98,13,81,113,17,121,59,9,42,118" hai1="104,56,74,111,102,120,93,106,97,53,82,50,124" hai2="76,18,125,99,32,24,1,39,5,51,110,127,88" hai3="8,67,43,55,49,27,64,60,101,73,20,0,131"/><U128/><E120/><V10/><F39/><W123/><G73/><T107/><D118/><U44/><E128/><V3/><F76/><W37/><G123/><T75/><D121/><U19/><E124/><N who="2" m="47691" /><F110/><W129/><G101/><T28/><D126/><U14/><E111/><V133/><F133/><W35/><G35/><T112/><D130/><N who="3" m="49673" /><G37/><T61/><D42/><U30/><E30/><N who="2" m="19527" /><F51/><W135/><G43/><T33/><D28/><U105/><E74/><V62/><F62/><W87/><G60/><T21/><D33/><U86/><E44/><V114/><F114/><W41/><G41/><T47/><D47/><U90/><REACH who="1" step="1"/><E106/><REACH who="1" ten="218,297,238,237" step="2"/><V29/><F29/><N who="3" m="17639" /><G135/><T100/><D75/><U77/><E77/><V68/><F1/><W7/><G87/><T40/><D40/><U25/><E25/><V11/><F3/><W70/><G70/><T116/><D116/><U108/><E108/><V85/><F68/><W122/><G122/><T6/><REACH who="0" step="1"/><D81/><REACH who="0" ten="208,297,238,237" step="2"/><U23/><AGARI ba="1,2" hai="14,19,23,50,53,56,82,86,90,93,97,102,104,105" machi="23" ten="20,3900,0" yaku="1,1,0,1,7,1,53,0" doraHai="63" doraHaiUra="22" who="1" fromWho="1" sc="208,-14,297,62,238,-14,237,-14" /><INIT seed="5,2,0,1,4,111" ten="194,359,224,223" oya="1" hai0="56,103,3,5,51,95,22,49,31,127,100,16,30" hai1="36,77,46,82,47,18,85,88,112,50,90,110,123" hai2="131,122,71,106,79,75,15,13,96,69,53,29,28" hai3="114,128,84,4,19,125,76,38,63,14,61,83,62"/><U48/><E123/><V89/><F53/><W129/><G38/><T99/><D127/><U33/><E33/><V1/><F122/><W17/><G125/><T92/><D3/><U73/><E112/><V78/><F1/><W60/><N who="3" m="15360" /><DORA hai="59" /><W119/><G119/><T87/><D5/><U108/><E36/><V32/><F32/><W86/><G114/><T134/><D134/><U130/><E130/><N who="3" m="50282" /><G86/><T26/><D56/><U20/><E73/><V118/><F75/><W68/><G68/><T11/><D87/><U93/><E110/><V41/><F118/><W21/><G21/><T34/><D11/><AGARI ba="2,0" hai="4,11,14,17,19,76,83,84" m="50282,15360" machi="11" ten="50,8000,1" yaku="19,1,52,4" doraHai="111,59" who="3" fromWho="0" sc="194,-86,359,0,224,0,223,86" /><INIT seed="6,0,0,1,1,99" ten="108,359,224,309" oya="2" hai0="23,6,95,124,54,74,10,9,86,44,64,76,20" hai1="22,134,18,1,73,125,13,113,129,114,77,32,19" hai2="122,102,126,90,4,127,2,100,72,80,24,5,130" hai3="7,81,93,118,29,110,116,78,94,65,133,26,3"/><V123/><F24/><W39/><G39/><T85/><D124/><N who="2" m="47658" /><F130/><W62/><G110/><T82/><D64/><U36/><E125/><V0/><F90/><W52/><G133/><T98/><D74/><U101/><E134/><V103/><F80/><W11/><G52/><T92/><D85/><U84/><E73/><V60/><F60/><W79/><G79/><T28/><D92/><U12/><E129/><V41/><F41/><W135/><G135/><T47/><D10/><U109/><E36/><V63/><F63/><W50/><G50/><T53/><D54/><U16/><E1/><N who="2" m="619" /><F72/><W45/><G81/><T71/><D71/><U107/><E12/><V42/><F42/><W97/><G78/><T117/><D117/><U104/><E13/><V66/><F66/><W131/><G131/><T83/><D83/><U70/><E77/><V21/><F21/><W56/><G116/><T120/><D120/><AGARI ba="0,0" hai="4,5,100,102,103,120,122,123" m="619,47658" machi="120" ten="40,18000,2" yaku="28,2,18,1,52,3" doraHai="99" who="2" fromWho="0" sc="108,-180,359,0,224,180,309,0" owari="-72,-57.2,359,15.9,404,50.4,309,-9.1" /></mjloggm>