<mjloggm ver="2.3"><GO type="169" lobby="0"/><UN n0="%E3%82%80%E3%83%BC%E3%82%93%E3%81%82%E3%81%84%E3%81%9A" n1="%62%61%6B%75%72%61%30%38" n2="%E9%A6%AC%E3%81%AE%E8%80%B3%E3%81%AB%E5%BF%B5%E4%BB%8F" n3="%E8%BF%B7%E3%82%8F%E3%81%9A%E6%8A%BC%E3%81%9B%E3%82%88" dan="16,17,17,17" rate="2132.92,2187.82,2176.42,2235.96" sx="M,M,M,M"/><TAIKYOKU oya="0"/><INIT seed="0,0,0,5,4,121" ten="250,250,250,250" oya="0" hai0="108,87,2,63,34,35,41,55,21,72,40,127,78" hai1="33,59,3,100,130,86,54,10,73,23,116,132,98" hai2="15,125,27,44,74,96,90,49,123,32,105,119,93" hai3="95,118,109,83,53,39,12,19,135,45,110,43,62"/><T99/><D2/><U133/><E73/><V38/><F123/><W75/><G118/><T17/><D72/><U107/><E33/><V84/><F38/><W52/><G135/><T128/><D34/><U48/><E116/><V112/><F119/><W102/><G102/><T81/><D35/><U82/><E130/><V122/><F122/><W56/><G95/><T126/><D128/><U46/><E23/><V60/><F125/><N who="0" m="47626" /><D99/><U70/><E70/><V69/><F15/><W80/><G53/><T7/><D7/><U4/><REACH who="1" step="1"/><E46/><REACH who="1" ten="250,240,250,250" step="2"/><V50/><F74/><W77/><REACH who="3" step="1"/><G83/><REACH who="3" ten="250,240,250,240" step="2"/><T18/><D81/><U114/><E114/><V1/><F112/><W92/><G92/><T31/><D40/><U8/><E8/><AGARI ba="0,2" hai="8,12,19,39,43,45,52,56,62,75,77,80,109,110" machi="8" ten="40,8000,1" yaku="1,1,52,2,54,1,53,0" doraHai="121" doraHaiUra="111" who="3" fromWho="1" sc="250,0,240,-80,250,0,240,100" /><INIT seed="1,0,0,0,3,39" ten="250,160,250,340" oya="1" hai0="108,37,1,94,51,5,60,102,132,25,35,50,73" hai1="122,79,123,62,45,49,130,98,59,111,3,65,44" hai2="119,128,126,43,12,48,11,85,107,17,78,84,116" hai3="9,105,61,71,83,56,57,18,124,131,109,64,72"/><U31/><E3/><V58/><F107/><W30/><G105/><T110/><D37/><U114/><E79/><V69/><F69/><W87/><G72/><T36/><D36/><U104/><E31/><V54/><F128/><W41/><G131/><T117/><D73/><U26/><E130/><V38/><F126/><W93/><G124/><T28/><D117/><U91/><E26/><V68/><F68/><W7/><G30/><T82/><D132/><U2/><E2/><V127/><F127/><W27/><G93/><T0/><D82/><U70/><E91/><V115/><F115/><W6/><G6/><T47/><D60/><N who="1" m="40231" /><E98/><V113/><F113/><W63/><G18/><T23/><D35/><U33/><E104/><V74/><F74/><W92/><G92/><T121/><D121/><N who="1" m="46091" /><E33/><V19/><F19/><W21/><G21/><T53/><D5/><U101/><E101/><V46/><REACH who="2" step="1"/><F78/><REACH who="2" ten="250,160,240,340" step="2"/><W29/><G29/><T81/><D28/><U55/><E114/><V32/><F32/><W67/><G71/><T42/><D0/><U112/><E112/><V22/><F22/><W90/><G7/><T88/><D1/><U52/><E111/><V135/><F135/><W133/><G109/><T76/><D108/><U120/><E120/><V75/><F75/><W80/><G133/><T103/><D110/><U77/><E77/><V66/><F66/><W8/><G67/><T13/><D76/><U99/><E99/><V15/><F15/><W4/><G64/><T14/><D14/><U10/><E10/><V96/><F96/><W20/><G9/><T16/><D13/><RYUUKYOKU ba="0,1" sc="250,-15,160,15,240,15,340,-15" hai1="44,45,49,52,55,59,62" hai2="11,12,17,38,43,46,48,54,58,84,85,116,119" /><INIT seed="1,1,1,1,1,24" ten="235,175,255,325" oya="1" hai0="35,134,123,14,36,124,41,56,78,111,25,70,1" hai1="32,113,30,4,79,19,110,100,81,106,129,132,63" hai2="21,57,46,76,125,127,9,13,28,108,51,27,49" hai3="116,82,0,17,39,119,105,42,26,10,86,104,87"/><U22/><E113/><V118/><F118/><N who="3" m="45099" /><G39/><T44/><D70/><U23/><E129/><V53/><F108/><W6/><G42/><T120/><D1/><U128/><E128/><V99/><F76/><N who="3" m="46407" /><G87/><T84/><D111/><U75/><E110/><V50/><F99/><W91/><G91/><T117/><D117/><U98/><E132/><V77/><F77/><W73/><G73/><T38/><D38/><U8/><E19/><V47/><F47/><W101/><G101/><T55/><D134/><U3/><REACH who="1" step="1"/><E63/><REACH who="1" ten="235,165,255,325" step="2"/><V88/><F127/><W74/><G74/><T43/><D124/><U68/><E68/><V5/><F125/><W95/><G95/><T37/><D123/><U133/><E133/><V61/><REACH who="2" step="1"/><F88/><REACH who="2" ten="235,165,245,325" step="2"/><W96/><G96/><T64/><D120/><U54/><E54/><V103/><F103/><W16/><G105/><T29/><D55/><U126/><E126/><V15/><F15/><W109/><G104/><T102/><D14/><U12/><E12/><V135/><F135/><W72/><G109/><T34/><D102/><U130/><E130/><V66/><AGARI ba="1,3" hai="5,9,13,21,27,28,46,49,50,51,53,57,61,66" machi="66" ten="20,12000,2" yaku="1,1,0,1,7,1,8,1,52,1,53,1" doraHai="24" doraHaiUra="58" who="2" fromWho="2" sc="235,-31,165,-61,245,153,325,-31" /><INIT seed="2,0,0,4,4,110" ten="204,104,398,294" oya="2" hai0="28,29,74,42,123,52,35,22,32,90,109,121,68" hai1="5,124,94,116,36,11,3,129,1,31,98,76,57" hai2="118,107,77,105,53,80,113,58,27,56,111,44,128" hai3="92,86,54,95,99,102,66,48,18,127,60,26,64"/><V43/><F118/><W51/><G127/><T83/><D68/><U34/><E116/><V39/><F128/><W49/><G54/><T30/><D42/><U65/><E124/><V131/><F131/><W7/><G7/><T59/><D22/><U10/><E36/><V104/><F111/><W63/><G26/><T120/><D109/><U119/><E119/><V73/><F113/><W0/><G0/><T91/><D74/><U115/><E115/><V17/><F17/><W4/><G4/><T20/><D20/><U93/><E76/><V13/><F13/><W103/><G18/><T12/><D12/><U106/><E106/><V62/><REACH who="2" step="1"/><F56/><REACH who="2" ten="204,104,388,294" step="2"/><W41/><G41/><T132/><D59/><U108/><E57/><V81/><F81/><W96/><G66/><T6/><D83/><U114/><E65/><V135/><F135/><W2/><G64/><T40/><D132/><U88/><E108/><V125/><F125/><W33/><G2/><T70/><D70/><U71/><E71/><V19/><F19/><W8/><G8/><T25/><D123/><U55/><E114/><V50/><F50/><W126/><G126/><T46/><D121/><U9/><E129/><V97/><F97/><W45/><G45/><T85/><D46/><U122/><E122/><V87/><F87/><W23/><G86/><T37/><D37/><U84/><E3/><V82/><F82/><W78/><G51/><T69/><D69/><U15/><E1/><V38/><F38/><W117/><G48/><T61/><D120/><U75/><E10/><V72/><F72/><W21/><G49/><RYUUKYOKU ba="0,1" sc="204,-10,104,-10,388,30,294,-10" hai2="27,39,43,44,53,58,62,73,77,80,104,105,107" /><INIT seed="2,1,1,5,2,63" ten="194,94,418,284" oya="2" hai0="124,78,61,110,70,58,123,55,129,101,0,9,91" hai1="133,52,84,132,29,11,13,134,47,118,80,109,97" hai2="34,30,38,35,48,66,14,20,86,60,122,73,26" hai3="25,16,37,6,7,95,57,89,96,3,5,12,87"/><V111/><F73/><W45/><G3/><T72/><D110/><U98/><E109/><V102/><F38/><W1/><G1/><T2/><D123/><U99/><E29/><V76/><F111/><W67/><G37/><T93/><D129/><U127/><E118/><V74/><F74/><W65/><G45/><T33/><D33/><U135/><N who="1" m="33792" /><DORA hai="10" /><U43/><E127/><V94/><F76/><W77/><G57/><T113/><D101/><U54/><E43/><V17/><F48/><W40/><G25/><T15/><D70/><U130/><E47/><V8/><F122/><W44/><G44/><T42/><D113/><U49/><E49/><V18/><F18/><W112/><G40/><T115/><D115/><U68/><E68/><V85/><F85/><W83/><G112/><T28/><D28/><U119/><E119/><V79/><F79/><W81/><G83/><T32/><D32/><U90/><REACH who="1" step="1"/><E130/><REACH who="1" ten="194,84,418,284" step="2"/><V106/><F30/><W27/><G27/><T56/><D42/><U100/><E100/><V92/><F102/><W103/><REACH who="3" step="1"/><G103/><REACH who="3" ten="194,84,418,274" step="2"/><T36/><D36/><U69/><E69/><V62/><F35/><W104/><G104/><T39/><D39/><U64/><E64/><V41/><F41/><W125/><G125/><T128/><D124/><U53/><E53/><V51/><F34/><W131/><G131/><T24/><D128/><U121/><E121/><V120/><F106/><W4/><N who="3" m="1024" /><DORA hai="107" /><W50/><G50/><T75/><D24/><U126/><E126/><V116/><F26/><W23/><AGARI ba="1,3" hai="12,16,23,65,67,77,81,87,89,95,96" m="1024" machi="23" ten="40,12000,2" yaku="1,1,0,1,8,1,52,3,54,1,53,0" doraHai="63,10,107" doraHaiUra="21,71,114" who="3" fromWho="3" sc="194,-31,84,-31,418,-61,274,153" /><INIT seed="3,0,0,2,1,46" ten="163,53,357,427" oya="3" hai0="0,125,5,79,133,109,93,54,1,112,64,50,35" hai1="135,60,71,26,19,86,17,91,122,41,24,11,30" hai2="47,70,69,102,16,32,89,61,2,43,39,92,7" hai3="80,94,21,100,23,20,99,48,115,88,27,59,53"/><W104/><G115/><T128/><D35/><U131/><E122/><V95/><F32/><W28/><REACH who="3" step="1"/><G80/><REACH who="3" ten="163,53,357,417" step="2"/><T36/><D112/><U18/><E131/><V103/><F95/><W49/><G49/><T108/><D50/><U4/><E135/><V106/><F92/><W129/><G129/><T83/><D93/><U105/><E105/><V130/><F106/><W62/><G62/><T25/><D128/><U134/><E134/><V51/><F61/><W44/><G44/><T101/><D133/><U120/><E120/><V76/><F47/><W12/><G12/><T97/><D83/><U37/><E37/><V114/><F51/><W13/><G13/><T84/><D36/><U98/><E60/><V74/><F39/><W3/><G3/><T45/><D45/><U124/><E124/><V67/><F2/><W10/><G10/><T107/><D107/><U75/><E11/><V29/><F114/><W81/><G81/><T87/><D1/><U90/><E41/><V78/><F43/><W116/><G116/><T57/><D0/><U8/><E8/><V14/><F14/><W110/><G110/><T73/><D125/><U56/><E26/><V55/><F130/><W42/><G42/><T63/><D25/><U96/><E24/><V68/><F78/><W132/><G132/><T66/><D109/><U9/><E9/><V6/><F76/><W34/><G34/><T31/><D108/><U121/><E121/><V111/><F111/><W85/><AGARI ba="0,1" hai="20,21,23,27,28,48,53,59,85,88,94,99,100,104" machi="85" ten="20,12000,1" yaku="1,1,0,1,7,1,52,1,54,1,53,0" doraHai="46" doraHaiUra="40" who="3" fromWho="3" sc="163,-40,53,-40,357,-40,417,130" /><INIT seed="3,1,0,2,1,20" ten="123,13,317,547" oya="3" hai0="1,49,123,69,109,33,130,28,2,13,119,83,58" hai1="55,103,114,59,97,93,10,102,12,132,75,3,111" hai2="133,118,106,70,88,45,104,85,96,38,78,21,42" hai3="105,67,87,121,117,52,112,39,72,35,7,125,19"/><W37/><G72/><T64/><D69/><U128/><E114/><V110/><F110/><W60/><G105/><T0/><D119/><U30/><E111/><V16/><F118/><W27/><G112/><T81/><D109/><U76/><E128/><V53/><F70/><W54/><G117/><T5/><D123/><U15/><E132/><V124/><F78/><W6/><G125/><T14/><D130/><U9/><E102/><V26/><F133/><W135/><G121/><T61/><D49/><U57/><E30/><V22/><F124/><W4/><G135/><T68/><D68/><U120/><E120/><V90/><F90/><W43/><G87/><T101/><D101/><U71/><E71/><V25/><F53/><W79/><G79/><T99/><D99/><U17/><E3/><V63/><F63/><W122/><G122/><T51/><D51/><U66/><E66/><V46/><F46/><W134/><G134/><T92/><D92/><U115/><E55/><N who="3" m="21034" /><G43/><T91/><D5/><U129/><E129/><V8/><F8/><W113/><G113/><T82/><D91/><U50/><E50/><V23/><F23/><N who="3" m="13823" /><G35/><T32/><D32/><U80/><REACH who="1" step="1"/><E115/><REACH who="1" ten="123,3,317,547" step="2"/><V74/><F74/><W77/><G37/><T98/><D0/><U127/><E127/><V47/><F47/><W116/><G39/><T84/><D1/><U24/><E24/><V108/><F108/><W44/><G44/><T48/><D2/><U126/><E126/><V107/><F107/><W34/><G116/><T56/><D48/><U40/><E40/><V131/><F38/><W11/><G67/><RYUUKYOKU ba="1,1" sc="123,-10,3,30,317,-10,547,-10" hai1="9,10,12,15,17,57,59,75,76,80,93,97,103" /><INIT seed="4,2,1,4,5,28" ten="113,33,307,537" oya="0" hai0="82,64,42,68,86,126,3,79,125,34,14,103,101" hai1="23,96,98,66,21,133,95,35,102,91,63,22,130" hai2="48,97,39,111,104,17,107,7,129,112,87,52,25" hai3="40,24,65,49,11,62,5,58,13,61,122,36,8"/><T70/><D3/><U53/><E130/><V105/><F111/><W1/><G122/><T57/><D42/><U18/><E133/><V121/><F121/><W83/><G36/><T12/><D57/><U92/><E35/><V4/><F39/><W76/><G24/><T89/><D79/><U51/><E66/><V118/><F112/><W16/><G61/><T74/><D74/><U128/><E128/><V135/><F129/><W55/><G40/><T26/><D12/><U134/><E63/><V123/><F123/><W84/><REACH who="3" step="1"/><G49/><REACH who="3" ten="113,33,307,527" step="2"/><T67/><D26/><U113/><E113/><V0/><F25/><W60/><G60/><T19/><D70/><U131/><E131/><V116/><F48/><W43/><G43/><T110/><D68/><U100/><E134/><V30/><F135/><W78/><G78/><T44/><D110/><U50/><E50/><V72/><F118/><W9/><G9/><T38/><D38/><U114/><E114/><V6/><F116/><W127/><G127/><T59/><D126/><U93/><E51/><V119/><F119/><W41/><G41/><T81/><D125/><U75/><E53/><AGARI ba="2,2" hai="1,5,8,11,13,16,53,55,58,62,65,76,83,84" machi="53" ten="40,2600,0" yaku="1,1,54,1,53,0" doraHai="28" doraHaiUra="20" who="3" fromWho="1" sc="113,0,33,-32,307,0,527,52" /><INIT seed="5,0,0,3,4,38" ten="113,1,307,579" oya="1" hai0="5,101,51,76,40,77,91,24,74,116,103,27,6" hai1="133,25,67,3,65,46,108,13,58,10,110,17,75" hai2="109,95,21,97,8,81,78,53,11,31,83,50,92" hai3="111,44,28,114,100,98,89,64,88,68,134,130,59"/><U124/><E75/><V117/><F117/><W128/><G68/><T19/><D116/><U32/><E124/><V35/><F35/><W56/><G111/><N who="1" m="42538" /><E133/><V23/><F109/><W29/><G134/><T132/><D132/><U115/><E115/><V104/><F104/><W99/><G44/><N who="0" m="25991" /><D74/><U60/><E3/><V42/><F42/><W85/><G114/><T135/><D135/><U73/><E73/><V113/><F113/><W54/><G64/><T37/><D37/><U126/><E126/><V96/><F53/><W127/><G127/><T0/><D0/><U15/><E15/><V69/><F50/><W33/><G33/><T34/><D34/><U4/><E46/><V70/><F31/><W26/><G26/><T102/><D27/><U47/><E47/><V129/><F129/><W36/><G36/><T22/><D91/><N who="3" m="34889" /><G85/><T121/><D121/><U39/><E39/><V131/><F131/><N who="3" m="50219" /><G99/><T7/><AGARI ba="0,0" hai="5,6,7,19,22,24,76,77,101,102,103" m="25991" machi="7" ten="30,2000,0" yaku="8,1,52,1" doraHai="38" who="0" fromWho="0" sc="113,20,1,-10,307,-5,579,-5" owari="133,-26.7,-9,-50.9,302,10.2,574,67.4" /></mjloggm>