<mjloggm ver="2.3"><GO type="169" lobby="0"/><UN n0="%E6%84%9A%E5%85%84%E3%81%8C%E6%84%9A%E5%BD%A2" n1="%E6%9C%88%E5%A4%9C%E3%81%AB%E9%A2%A8" n2="%61%73%61%64%61%31%32" n3="%E3%81%97%E3%82%87%E3%81%BC%E3%82%93%EF%BD%8E" dan="18,16,17,17" rate="2192.74,2061.58,2199.76,2251.04" sx="M,M,M,M"/><TAIKYOKU oya="0"/><INIT seed="0,0,0,1,3,134" ten="250,250,250,250" oya="0" hai0="64,65,82,102,63,41,132,72,47,111,61,92,81" hai1="70,23,119,15,118,58,62,69,57,10,71,8,4" hai2="94,34,40,77,79,37,25,35,105,67,80,131,6" hai3="123,14,21,38,56,48,45,17,83,85,31,115,22"/><T59/><D132/><U39/><E39/><V103/><F131/><W97/><G115/><T50/><D111/><U42/><E42/><V43/><F94/><W16/><G38/><T120/><D120/><U68/><N who="1" m="17408" /><DORA hai="89" /><U116/><E23/><V135/><F67/><W0/><G0/><T9/><D9/><U125/><E125/><V106/><F135/><W133/><G56/><N who="0" m="36903" /><D72/><U130/><E130/><V26/><F103/><W76/><G97/><AGARI ba="0,0" hai="41,47,50,59,63,65,81,82,92,97,102" m="36903" machi="97" ten="30,2900,0" yaku="8,1,52,1" doraHai="134,89" who="0" fromWho="3" sc="250,29,250,0,250,0,250,-29" /><INIT seed="0,1,0,5,5,69" ten="279,250,250,221" oya="0" hai0="30,84,126,55,53,22,54,37,40,97,38,103,16" hai1="59,20,9,121,19,67,91,27,15,13,100,135,95" hai2="17,8,21,108,120,41,94,116,105,115,102,23,4" hai3="10,50,34,88,56,6,45,29,122,26,57,129,1"/><T109/><D40/><U130/><E135/><V114/><F105/><W92/><G129/><T75/><D75/><U81/><E130/><V28/><F102/><W106/><G106/><T18/><D126/><U132/><E132/><V43/><F108/><W77/><G77/><T83/><D30/><U47/><E121/><V101/><F120/><W3/><G3/><T117/><D117/><U62/><E81/><V104/><F104/><W63/><G63/><T33/><D33/><U131/><E131/><V119/><F94/><W66/><G66/><T74/><D74/><U68/><E68/><V73/><F101/><W44/><G44/><T123/><D123/><U39/><E100/><V134/><F73/><W110/><G110/><T42/><D42/><N who="2" m="15882" /><F28/><W2/><G2/><T98/><D109/><U128/><E128/><V111/><F111/><W11/><G11/><T61/><D61/><U14/><E39/><V118/><F134/><W25/><G25/><T76/><D18/><U7/><REACH who="1" step="1"/><E47/><REACH who="1" ten="279,240,250,221" step="2"/><V36/><F36/><W64/><G122/><T80/><D80/><U133/><E133/><V125/><F116/><W89/><G45/><T96/><REACH who="0" step="1"/><D103/><REACH who="0" ten="269,240,250,221" step="2"/><U24/><E24/><AGARI ba="1,2" hai="16,22,24,37,38,53,54,55,76,83,84,96,97,98" machi="24" ten="40,12000,1" yaku="1,1,2,1,52,2,54,1,53,0" doraHai="69" doraHaiUra="35" who="0" fromWho="1" sc="269,143,240,-123,250,0,221,0" /><INIT seed="0,2,0,4,0,3" ten="412,117,250,221" oya="0" hai0="34,109,76,31,14,35,108,41,30,18,78,114,134" hai1="119,45,58,33,99,36,40,82,89,11,122,129,80" hai2="126,96,59,16,110,9,54,55,84,65,124,79,120" hai3="47,105,90,75,115,51,28,23,29,92,24,112,1"/><T73/><D41/><U6/><E119/><V61/><F120/><W111/><G105/><T131/><D73/><U46/><E122/><V56/><F96/><W101/><G101/><T60/><D60/><U63/><E129/><V26/><F110/><N who="0" m="42602" /><D114/><U19/><E33/><N who="0" m="12297" /><D131/><U69/><E46/><V94/><F59/><W125/><G75/><T100/><D100/><U86/><E69/><V17/><F79/><N who="0" m="30250" /><D134/><U98/><E80/><V130/><F130/><W38/><G111/><T64/><D64/><U128/><E128/><V107/><F65/><W15/><G112/><T53/><D53/><U48/><E36/><V83/><F55/><W97/><G38/><T117/><D117/><U66/><REACH who="1" step="1"/><E19/><REACH who="1" ten="412,107,250,221" step="2"/><V91/><F16/><W113/><G113/><T95/><D95/><U42/><E42/><V27/><F17/><W104/><G115/><T72/><D72/><U85/><E85/><V87/><F84/><W13/><G92/><T132/><D132/><U106/><E106/><V118/><F87/><W44/><G104/><T103/><D103/><U22/><E22/><AGARI ba="2,1" hai="14,18,22,30,31" m="30250,12297,42602" machi="22" ten="30,2900,0" yaku="14,1,10,1" doraHai="3" who="0" fromWho="1" sc="412,45,107,-35,250,0,221,0" /><INIT seed="0,3,0,5,0,58" ten="457,72,250,221" oya="0" hai0="71,55,116,68,94,96,117,81,120,39,113,38,72" hai1="67,30,100,85,95,20,66,40,132,51,60,82,103" hai2="102,99,12,87,6,56,37,127,28,41,97,133,64" hai3="130,89,43,128,114,105,69,42,123,10,77,32,65"/><T52/><D72/><U107/><E107/><V108/><F133/><W18/><G114/><T15/><D81/><U92/><E132/><V79/><F108/><W88/><G32/><T27/><D27/><N who="1" m="16743" /><E67/><V93/><F127/><W21/><G105/><T91/><D120/><U46/><E66/><V112/><F28/><W50/><G77/><T73/><D73/><U49/><E51/><V74/><F74/><W111/><G111/><T59/><D55/><U26/><E26/><V109/><F37/><W44/><G42/><T17/><D113/><U104/><E104/><V119/><F41/><W124/><G10/><T80/><D38/><U11/><E11/><N who="2" m="4215" /><F119/><W4/><G4/><T75/><D39/><U35/><E35/><V0/><F0/><W122/><G124/><T48/><D71/><U2/><E2/><V31/><F31/><W47/><G47/><T61/><D68/><U110/><E60/><N who="2" m="37895" /><F109/><W23/><G65/><T57/><D57/><U24/><E24/><V131/><F131/><N who="3" m="50219" /><G69/><T76/><REACH who="0" step="1"/><D48/><REACH who="0" ten="447,72,250,221" step="2"/><U70/><E70/><V13/><F112/><W78/><G123/><T129/><D129/><U45/><E110/><V83/><F13/><N who="3" m="9423" /><G122/><T98/><D98/><AGARI ba="3,1" hai="79,83,87,93,97,98,99,102" m="37895,4215" machi="98" ten="30,2000,0" yaku="8,1,52,1" doraHai="58" who="2" fromWho="0" sc="447,-29,72,0,250,39,221,0" /><INIT seed="1,0,0,3,3,123" ten="418,72,289,221" oya="1" hai0="73,83,11,115,62,12,70,37,49,134,71,21,48" hai1="16,13,101,42,46,44,19,96,66,4,10,125,105" hai2="81,50,112,127,9,93,119,28,132,94,64,72,2" hai3="3,108,95,124,17,109,14,75,32,26,27,69,38"/><U91/><E125/><V85/><F119/><W129/><G38/><T30/><D37/><U7/><E66/><V98/><F72/><W51/><G69/><T59/><D115/><U110/><E44/><V114/><F132/><W130/><G75/><T102/><D102/><U79/><E79/><V113/><F28/><N who="3" m="19479" /><G95/><T88/><D71/><U111/><E91/><V87/><F64/><W122/><G122/><T78/><D70/><U99/><E96/><V20/><F20/><N who="3" m="11319" /><G124/><T106/><D106/><U135/><E4/><N who="2" m="1175" /><F127/><W68/><G68/><T84/><D134/><U100/><E100/><N who="2" m="60495" /><F94/><W55/><G27/><N who="0" m="16751" /><D73/><U82/><E82/><V35/><F35/><W6/><G51/><T8/><D8/><U23/><E135/><V116/><F116/><W5/><G55/><N who="0" m="34175" /><D78/><U24/><REACH who="1" step="1"/><E7/><AGARI ba="0,0" hai="7,11,12,48,49,83,84,88" m="34175,16751" machi="7" ten="30,2000,0" yaku="8,1,54,1" doraHai="123" who="0" fromWho="1" sc="418,20,72,-20,289,0,221,0" /><INIT seed="2,0,0,0,1,10" ten="438,52,289,221" oya="2" hai0="117,50,85,80,21,47,79,66,106,26,52,32,113" hai1="74,115,13,25,131,118,46,134,12,15,86,67,128" hai2="44,123,114,87,69,135,95,77,22,73,78,0,51" hai3="56,23,101,92,61,104,34,102,75,2,49,94,98"/><V31/><F123/><W112/><G34/><T42/><D113/><U30/><E74/><V65/><F114/><W96/><G112/><T4/><D106/><U71/><E115/><V76/><F0/><W124/><G124/><T33/><D66/><U58/><E118/><V19/><F135/><W37/><G37/><T11/><D117/><U89/><E71/><V40/><F73/><W35/><G35/><T6/><D6/><U16/><E46/><V59/><F69/><W17/><G2/><T107/><D107/><U90/><E134/><V64/><F31/><W108/><G108/><T99/><D99/><U18/><E58/><V8/><F8/><W130/><G130/><N who="1" m="49706" /><E67/><N who="2" m="25675" /><F59/><W122/><G122/><T54/><D32/><N who="1" m="20559" /><E90/><N who="2" m="53727" /><F76/><W110/><G75/><T9/><D33/><U105/><E105/><V84/><F84/><W111/><G104/><T20/><D20/><U133/><E133/><V60/><F60/><W38/><G61/><T103/><D9/><U132/><E132/><V5/><F5/><W29/><G29/><T109/><D109/><U129/><N who="1" m="49714" /><U43/><DORA hai="45" /><E43/><V88/><F88/><W28/><G28/><N who="0" m="17487" /><D103/><U119/><E119/><V55/><F40/><W127/><G111/><T70/><D70/><U48/><E48/><V24/><AGARI ba="0,0" hai="19,22,24,44,51,55,77,78" m="53727,25675" machi="24" ten="30,3000,0" yaku="8,1,52,1" doraHai="10,45" who="2" fromWho="2" sc="438,-10,52,-10,289,30,221,-10" /><INIT seed="2,1,0,3,1,45" ten="428,42,319,211" oya="2" hai0="33,81,4,100,75,3,74,110,70,84,42,106,72" hai1="88,18,119,13,105,62,99,0,92,113,21,115,30" hai2="107,127,19,82,39,24,15,16,38,109,103,118,59" hai3="98,111,29,93,53,40,20,26,63,17,2,91,1"/><V97/><F118/><W85/><G111/><T47/><D70/><U108/><E119/><V102/><F127/><W73/><G73/><T96/><D110/><U89/><E108/><V27/><F109/><W57/><G40/><T64/><D64/><U46/><E0/><V124/><F124/><W54/><G29/><T122/><D122/><U31/><E105/><V121/><F121/><W60/><G85/><T80/><D33/><U8/><E62/><V66/><F82/><W79/><G79/><T78/><D80/><U112/><E89/><V32/><F32/><W87/><G87/><T22/><D22/><U5/><REACH who="1" step="1"/><E46/><REACH who="1" ten="428,32,319,211" step="2"/><V126/><F126/><W69/><G69/><T37/><D106/><U14/><AGARI ba="1,1" hai="5,8,13,14,18,21,30,31,88,92,99,112,113,115" machi="14" ten="30,7900,0" yaku="1,1,2,1,0,1,54,1,53,0" doraHai="45" doraHaiUra="49" who="1" fromWho="1" sc="428,-21,32,92,319,-40,211,-21" /><INIT seed="3,0,0,2,5,82" ten="407,124,279,190" oya="3" hai0="89,23,67,31,88,44,29,99,22,94,55,133,90" hai1="105,9,28,121,108,6,36,95,33,3,68,54,126" hai2="76,24,59,60,20,71,131,86,18,70,27,56,92" hai3="48,81,41,42,5,73,26,49,96,79,74,115,32"/><W83/><G115/><T107/><D107/><U123/><E105/><V113/><F113/><W50/><G5/><T7/><D7/><U1/><E54/><V125/><F131/><W51/><N who="3" m="12288" /><DORA hai="127" /><W135/><G135/><T106/><D106/><U8/><E68/><V63/><F125/><W100/><G32/><T69/><D55/><U38/><E95/><V80/><F92/><W78/><REACH who="3" step="1"/><G26/><REACH who="3" ten="407,124,279,180" step="2"/><T111/><D133/><U116/><E6/><V57/><F60/><W98/><G98/><T75/><D99/><U10/><E126/><V65/><F27/><W58/><G58/><T85/><D69/><U39/><E116/><V12/><F70/><W119/><G119/><T128/><D44/><U4/><E4/><V104/><F104/><AGARI ba="0,1" hai="41,42,73,74,78,79,81,83,96,100,104" m="12288" machi="104" ten="50,4800,0" yaku="1,1,9,1,53,0" doraHai="82,127" doraHaiUra="64,25" who="3" fromWho="2" sc="407,0,124,0,279,-48,180,58" /><INIT seed="3,1,0,1,1,108" ten="407,124,231,238" oya="3" hai0="94,19,50,117,35,47,82,74,58,22,39,16,54" hai1="37,53,113,71,30,49,3,80,0,128,133,129,87" hai2="52,91,92,63,95,12,36,101,83,23,41,34,28" hai3="110,8,68,114,88,105,99,85,15,89,60,115,119"/><W98/><G119/><T118/><D35/><U79/><E37/><V116/><F34/><W125/><G110/><T24/><D74/><U33/><E71/><V93/><F116/><W40/><G40/><T25/><D82/><U42/><E42/><V131/><F131/><N who="1" m="50249" /><E133/><V11/><F41/><W20/><G20/><T26/><D39/><U109/><E109/><V84/><F36/><W61/><G125/><T55/><D94/><U66/><E66/><V38/><F38/><W31/><G31/><T14/><REACH who="0" step="1"/><D19/><REACH who="0" ten="397,124,231,238" step="2"/><U2/><E33/><V7/><F101/><W5/><G105/><T112/><D112/><U102/><E102/><V111/><F111/><W120/><G120/><T21/><D21/><U6/><E30/><V44/><F23/><W126/><G126/><T10/><D10/><N who="1" m="2375" /><E113/><V64/><F28/><W103/><G103/><T73/><D73/><U18/><E18/><V27/><F83/><W70/><G8/><T81/><D81/><U75/><E75/><V96/><F96/><W4/><G85/><T59/><D59/><AGARI ba="1,1" hai="2,3,49,53,59,79,80,87" m="2375,50249" machi="59" ten="30,1000,0" yaku="19,1" doraHai="108" who="1" fromWho="0" sc="397,-13,124,23,231,0,238,0" /><INIT seed="4,0,0,5,5,39" ten="384,147,231,238" oya="0" hai0="79,65,113,38,33,93,117,61,22,9,112,26,101" hai1="50,48,11,21,8,102,120,75,37,72,123,15,110" hai2="122,35,94,53,77,68,24,80,97,130,88,14,0" hai3="73,18,83,4,125,82,135,66,59,32,58,114,55"/><T91/><D117/><U103/><E37/><V56/><F68/><W20/><G32/><T10/><D79/><U3/><E21/><V63/><F0/><W42/><G114/><N who="0" m="44139" /><D33/><U2/><REACH who="1" step="1"/><E15/><REACH who="1" ten="384,137,231,238" step="2"/><V34/><F14/><W52/><G20/><T41/><D22/><U87/><E87/><V92/><F34/><W95/><G73/><T44/><D26/><U111/><AGARI ba="0,1" hai="2,3,8,11,48,50,72,75,102,103,110,111,120,123" machi="111" ten="25,6400,0" yaku="1,1,0,1,22,2,53,0" doraHai="39" doraHaiUra="78" who="1" fromWho="1" sc="384,-32,137,74,231,-16,238,-16" /><INIT seed="5,0,0,3,2,78" ten="352,211,215,222" oya="1" hai0="45,93,82,26,38,69,65,103,0,28,101,61,27" hai1="118,15,115,12,128,107,79,80,21,75,13,3,49" hai2="40,87,8,46,85,10,16,17,100,66,52,105,133" hai3="90,97,18,117,70,11,124,73,104,89,53,31,62"/><U68/><E118/><V129/><F105/><W42/><G73/><T7/><D7/><U56/><E68/><V121/><F121/><W5/><G31/><T91/><D0/><U60/><E115/><V43/><F66/><W2/><G117/><T111/><D111/><U51/><E128/><V22/><F129/><W54/><G124/><T71/><D26/><U4/><E107/><V108/><F108/><W84/><G42/><N who="2" m="15913" /><F100/><W55/><G18/><N who="2" m="7273" /><F22/><W135/><G135/><T98/><D69/><U47/><E47/><V20/><F20/><W109/><G109/><T125/><D45/><U41/><E41/><V9/><F133/><W112/><G112/><T134/><D38/><U25/><E4/><V81/><F81/><W77/><G70/><T120/><D120/><U83/><E3/><V127/><F127/><W67/><G67/><T122/><D122/><U110/><E110/><V86/><F46/><W126/><G126/><T37/><D37/><U116/><E116/><V59/><F8/><W29/><G29/><T132/><D125/><U88/><E21/><V30/><F30/><W102/><REACH who="3" step="1"/><G62/><AGARI ba="0,0" hai="9,10,52,59,62,85,86,87" m="7273,15913" machi="62" ten="30,3900,0" yaku="8,1,54,2" doraHai="78" who="2" fromWho="3" sc="352,0,211,0,215,39,222,-39" /><INIT seed="6,0,0,5,5,91" ten="352,211,254,183" oya="2" hai0="12,30,58,81,102,18,110,48,113,94,36,107,133" hai1="4,120,6,84,130,49,72,35,135,44,97,119,99" hai2="101,132,74,93,3,22,104,63,9,68,129,116,15" hai3="90,45,115,73,71,7,33,96,82,106,26,54,65"/><V78/><F116/><W88/><G115/><T23/><D110/><U122/><E72/><V34/><F104/><W76/><G7/><T128/><D36/><U32/><E119/><V19/><F129/><W100/><G54/><T25/><D113/><U95/><E130/><V125/><F34/><N who="1" m="12841" /><E84/><V124/><F132/><W56/><G56/><T0/><D0/><U53/><E99/><N who="2" m="59631" /><F3/><W98/><G45/><T61/><D133/><U39/><E39/><V66/><F78/><W5/><G5/><T50/><D81/><U80/><E80/><V59/><F74/><W108/><G108/><T27/><D27/><U85/><E85/><V70/><F9/><W20/><G96/><N who="0" m="59671" /><D107/><U62/><E62/><V14/><F15/><W57/><G71/><T46/><D46/><U121/><E135/><V24/><F14/><W47/><G47/><T1/><D1/><U2/><E2/><V126/><AGARI ba="0,0" hai="19,22,24,59,63,66,68,70,124,125,126" m="59631" machi="126" ten="30,3000,0" yaku="18,1,52,1" doraHai="91" who="2" fromWho="2" sc="352,-10,211,-10,254,30,183,-10" /><INIT seed="6,1,0,1,2,133" ten="342,201,284,173" oya="2" hai0="123,101,53,81,36,79,119,60,43,84,108,41,49" hai1="37,45,61,50,19,55,125,39,75,13,99,31,11" hai2="3,70,20,89,128,6,68,47,135,1,58,44,117" hai3="7,62,25,24,122,10,94,59,107,42,85,65,64"/><V90/><F117/><W66/><G107/><T82/><D108/><U74/><E31/><V23/><F6/><W77/><G122/><T118/><D123/><U38/><E125/><V9/><F9/><W127/><G127/><T32/><D32/><U16/><E99/><V8/><F8/><W4/><G42/><T121/><D121/><U34/><E34/><V5/><F5/><W17/><G7/><T48/><D101/><U104/><E104/><V111/><F58/><W33/><G33/><T132/><D132/><U91/><E91/><V103/><F103/><W72/><G72/><T67/><D82/><U57/><REACH who="1" step="1"/><E19/><REACH who="1" ten="342,191,284,173" step="2"/><V69/><F135/><W63/><G17/><T22/><D119/><U0/><E0/><V98/><F98/><W40/><G40/><AGARI ba="1,1" hai="11,13,16,37,38,39,40,45,50,55,57,61,74,75" machi="40" ten="40,2600,0" yaku="1,1,54,1,53,0" doraHai="133" doraHaiUra="109" who="1" fromWho="3" sc="342,0,191,39,284,0,173,-29" /><INIT seed="7,0,0,0,3,44" ten="342,230,284,144" oya="3" hai0="135,115,73,37,89,133,42,8,46,57,12,129,78" hai1="55,77,9,122,30,6,13,14,31,94,5,96,82" hai2="26,61,66,53,86,71,40,76,72,64,110,74,75" hai3="111,36,101,28,81,54,16,23,131,93,48,51,60"/><W83/><G36/><T116/><D129/><U106/><E106/><V109/><F40/><W108/><G28/><T29/><D29/><U128/><E128/><V127/><F127/><W43/><G131/><T63/><D89/><U56/><E122/><V22/><F64/><W130/><G130/><T7/><D115/><U90/><E14/><V105/><F105/><W92/><G43/><T25/><D25/><U67/><E5/><V103/><F103/><W99/><G92/><T113/><D116/><U2/><E2/><V11/><F11/><W102/><G102/><T126/><D126/><U95/><E95/><V100/><F100/><W68/><G68/><T112/><D78/><U59/><E56/><V62/><F86/><W134/><G134/><N who="0" m="51211" /><D73/><U80/><E67/><AGARI ba="0,0" hai="7,8,12,37,42,46,57,63,67,112,113" m="51211" machi="67" ten="30,1000,0" yaku="20,1" doraHai="44" who="0" fromWho="1" sc="342,10,230,-10,284,0,144,0" owari="352,45.2,220,-18.0,284,8.4,144,-35.6" /></mjloggm>