<mjloggm ver="2.3"><GO type="169" lobby="0"/><UN n0="%E3%81%A8%E3%81%B3%E3%81%BE%E3%81%93" n1="%4D%41%43%4F%54%4F" n2="%E6%8C%91%E6%88%A6%E8%80%85%EF%BC%81" n3="%E7%A9%BA%E9%96%91%E9%81%8A%E7%9C%9F" dan="16,16,17,16" rate="2170.57,2057.73,2183.33,2120.55" sx="M,F,M,F"/><TAIKYOKU oya="0"/><INIT seed="0,0,0,0,4,55" ten="250,250,250,250" oya="0" hai0="13,52,84,51,113,39,69,109,107,82,77,23,65" hai1="6,105,43,63,11,16,96,18,73,26,31,103,117" hai2="133,33,110,71,29,83,66,12,128,78,91,2,130" hai3="57,97,68,126,121,42,49,36,100,38,37,10,44"/><T70/><D113/><U79/><E117/><V134/><F2/><W104/><G126/><T62/><D39/><U8/><E43/><V60/><F110/><W1/><G68/><T99/><D109/><U102/><E102/><V92/><F12/><W115/><G115/><T30/><D107/><U48/><E8/><V46/><F46/><W119/><G119/><T53/><D99/><U75/><E48/><V116/><F116/><W106/><G121/><T89/><D69/><U131/><E131/><N who="2" m="50219" /><F29/><W122/><G122/><T67/><D67/><U101/><E101/><V5/><F5/><W47/><G106/><T25/><D13/><U95/><E105/><V24/><F24/><W85/><G85/><T7/><D7/><U72/><E79/><V86/><F33/><W98/><G98/><AGARI ba="0,0" hai="60,66,71,78,83,86,91,92,98,133,134" m="50219" machi="98" ten="30,1000,0" yaku="19,1" doraHai="55" who="2" fromWho="3" sc="250,0,250,0,250,10,250,-10" /><INIT seed="1,0,0,2,3,65" ten="250,250,260,240" oya="1" hai0="40,112,71,113,57,53,111,135,16,80,131,8,51" hai1="121,73,91,24,77,38,27,105,32,36,99,120,41" hai2="0,62,103,11,117,90,19,118,133,35,101,44,3" hai3="42,128,54,130,66,37,134,28,29,26,43,122,58"/><U23/><E32/><V81/><F35/><W2/><G122/><T1/><D111/><U75/><E91/><V88/><F62/><W67/><G2/><T114/><D131/><N who="3" m="50217" /><G134/><T30/><D135/><U46/><E38/><V21/><F133/><W96/><G96/><T83/><D30/><N who="3" m="11881" /><G26/><T129/><D129/><U17/><E27/><V110/><F110/><W4/><G4/><T7/><D40/><N who="3" m="15401" /><G37/><T63/><REACH who="0" step="1"/><D16/><REACH who="0" ten="240,250,260,240" step="2"/><U56/><E120/><V97/><F19/><W10/><G10/><T106/><D106/><U34/><E121/><V69/><F11/><W31/><G31/><T47/><D47/><U5/><E34/><V76/><F44/><W127/><G127/><T72/><D72/><U64/><E75/><V84/><F0/><W70/><G70/><T82/><D82/><U13/><E73/><V89/><F3/><W50/><AGARI ba="0,1" hai="50,54,58,66,67" m="15401,11881,50217" machi="50" ten="30,1100,0" yaku="19,1" doraHai="65" who="3" fromWho="3" sc="240,-3,250,-5,260,-3,240,21" /><INIT seed="2,0,0,4,0,55" ten="237,245,257,261" oya="2" hai0="13,63,99,76,114,106,62,82,32,49,54,102,65" hai1="127,105,5,11,104,70,39,83,16,3,61,109,97" hai2="57,117,47,40,10,35,110,58,38,133,125,103,69" hai3="88,29,26,93,79,12,90,31,112,77,1,17,81"/><V18/><F35/><W6/><G112/><T126/><D114/><U128/><E39/><V2/><F69/><W42/><G42/><T0/><D0/><U107/><E109/><V43/><F117/><W44/><G1/><T111/><D111/><U68/><E128/><V129/><F110/><W118/><G118/><T30/><D126/><U89/><E127/><V41/><F125/><W25/><G6/><T60/><D13/><U59/><E16/><V108/><F108/><W24/><G44/><T120/><D120/><U53/><REACH who="1" step="1"/><E83/><REACH who="1" ten="237,235,257,261" step="2"/><V113/><F113/><W4/><G4/><T135/><D135/><U14/><E14/><N who="2" m="7511" /><F38/><W130/><G130/><T92/><D30/><U37/><E37/><V95/><F2/><W131/><G131/><T22/><D22/><U48/><E48/><N who="2" m="26727" /><F129/><W8/><G31/><T86/><D32/><U71/><E71/><V72/><F133/><W36/><G36/><T121/><D121/><U84/><E84/><V124/><F72/><W28/><G28/><T19/><D19/><U46/><E46/><V101/><F124/><W123/><G123/><T27/><D27/><U85/><E85/><V15/><F15/><W115/><G115/><T134/><D134/><U91/><E91/><V78/><F78/><W51/><G29/><T21/><D21/><U122/><E122/><V34/><F34/><W74/><G79/><T45/><REACH who="0" step="1"/><D106/><REACH who="0" ten="227,235,257,261" step="2"/><U9/><E9/><V119/><F119/><W56/><G26/><T98/><D98/><U94/><AGARI ba="0,2" hai="3,5,11,53,59,61,68,70,89,94,97,104,105,107" machi="94" ten="40,8000,1" yaku="1,1,0,1,52,1,53,1" doraHai="55" doraHaiUra="52" who="1" fromWho="1" sc="227,-20,235,100,257,-40,261,-20" /><INIT seed="3,0,0,5,4,118" ten="207,335,217,241" oya="3" hai0="11,57,51,33,60,29,108,26,12,31,103,89,66" hai1="43,115,92,18,16,35,6,13,0,48,85,23,131" hai2="116,20,113,37,34,38,41,55,112,39,90,19,105" hai3="83,21,15,77,132,120,75,17,104,7,14,49,126"/><W129/><G129/><T68/><D108/><U94/><E115/><V54/><F34/><W79/><G132/><T76/><D31/><U95/><E35/><V30/><F30/><W24/><G126/><T110/><D110/><U96/><E131/><V56/><F105/><W44/><G104/><T46/><D103/><U64/><E64/><V125/><F116/><W69/><G69/><T106/><D106/><U32/><E32/><V72/><F72/><W102/><G102/><T130/><D130/><U4/><E0/><V45/><F125/><W61/><G79/><T135/><D76/><U9/><E85/><V91/><F55/><W3/><G61/><T73/><D73/><U28/><E96/><V1/><F1/><W47/><G47/><T65/><D89/><U99/><E99/><V100/><F100/><W122/><G3/><T109/><D135/><U53/><E43/><V114/><F91/><W2/><G2/><T86/><D86/><U87/><E87/><V121/><F90/><W63/><G63/><T84/><D84/><U50/><E28/><V80/><F80/><W58/><G58/><T62/><D109/><U107/><E107/><V134/><F134/><W123/><REACH who="3" step="1"/><G7/><REACH who="3" ten="207,335,217,231" step="2"/><N who="0" m="3199" /><D46/><U119/><E119/><V98/><F114/><W127/><G127/><T71/><D71/><U8/><E4/><V59/><F113/><W52/><AGARI ba="0,1" hai="14,15,17,21,24,44,49,52,75,77,83,120,122,123" machi="52" ten="30,18000,2" yaku="1,1,0,1,52,3,54,1,53,1" doraHai="118" doraHaiUra="78" who="3" fromWho="3" sc="207,-60,335,-60,217,-60,231,190" /><INIT seed="3,1,0,1,2,0" ten="147,275,157,421" oya="3" hai0="57,113,72,36,91,107,69,55,32,100,56,120,122" hai1="68,76,117,47,80,62,43,71,18,63,12,93,111" hai2="1,133,61,35,6,74,126,27,105,54,64,123,11" hai3="40,116,58,81,114,37,9,53,33,99,30,5,73"/><W106/><G116/><T82/><D69/><U84/><E111/><V20/><F74/><W38/><G114/><T39/><D32/><U88/><E117/><V89/><F123/><W23/><G33/><T34/><D34/><U41/><E68/><V110/><F110/><W25/><G40/><T90/><D113/><U118/><E71/><V135/><F105/><W97/><G73/><T86/><D72/><U83/><E83/><V51/><F35/><W49/><G81/><T96/><D91/><U44/><E43/><V22/><F89/><W102/><REACH who="3" step="1"/><G97/><REACH who="3" ten="147,275,157,411" step="2"/><T21/><D122/><U121/><E121/><V104/><F133/><W108/><G108/><T109/><D109/><U65/><E118/><V103/><F135/><W92/><G92/><T59/><D120/><U125/><E41/><V70/><F126/><W24/><G24/><T128/><D36/><U75/><E125/><V52/><F27/><W127/><G127/><T17/><D39/><U79/><E75/><V28/><F104/><W119/><G119/><T15/><REACH who="0" step="1"/><D128/><REACH who="0" ten="137,275,157,411" step="2"/><U31/><E76/><V132/><F132/><W45/><G45/><T50/><AGARI ba="1,2" hai="15,17,21,50,55,56,57,59,82,86,90,96,100,107" machi="50" ten="20,5200,0" yaku="1,1,2,1,0,1,7,1,53,0" doraHai="0" doraHaiUra="124" who="0" fromWho="0" sc="137,75,275,-14,157,-14,411,-27" /><INIT seed="4,0,0,5,5,93" ten="212,261,143,384" oya="0" hai0="80,13,28,9,94,134,116,66,27,63,44,23,15" hai1="43,105,50,115,42,72,3,7,121,87,127,92,99" hai2="11,135,4,16,110,81,70,53,54,111,52,26,6" hai3="74,25,32,61,22,112,98,18,97,30,2,35,38"/><T117/><D134/><U83/><E121/><V56/><F70/><W85/><G74/><T57/><D80/><U62/><E127/><V106/><F106/><W125/><G38/><T104/><D104/><U49/><E72/><V40/><F40/><W95/><G125/><T68/><D68/><U100/><E3/><V21/><F135/><W120/><G112/><T5/><D44/><U101/><E7/><V69/><F69/><W55/><G120/><T88/><REACH who="0" step="1"/><D15/><REACH who="0" ten="202,261,143,384" step="2"/><U19/><E105/><V123/><F123/><W51/><G2/><T65/><D65/><U102/><E115/><V91/><F111/><W67/><G67/><T77/><D77/><U39/><E39/><V129/><F110/><W29/><G35/><T0/><D0/><U119/><E119/><V96/><F129/><W64/><G32/><T103/><D103/><U118/><E101/><V31/><F56/><N who="3" m="36903" /><G95/><T33/><D33/><U8/><E118/><V41/><F41/><W59/><G85/><AGARI ba="0,1" hai="5,9,13,23,27,28,57,63,66,85,88,94,116,117" machi="85" ten="30,5800,0" yaku="1,1,7,1,54,1,53,0" doraHai="93" doraHaiUra="48" who="0" fromWho="3" sc="202,68,261,0,143,0,384,-58" /><INIT seed="4,1,0,4,0,114" ten="270,261,143,326" oya="0" hai0="18,82,29,116,72,97,1,127,37,78,88,50,81" hai1="43,128,62,46,56,70,38,55,42,79,19,80,30" hai2="12,95,85,131,0,92,23,89,113,94,130,59,8" hai3="47,98,53,105,75,134,106,48,115,90,61,133,33"/><T25/><D37/><U73/><E128/><N who="2" m="49195" /><F113/><W121/><G115/><T123/><D116/><U135/><E135/><N who="3" m="51722" /><G121/><T15/><D127/><U108/><E108/><V68/><F68/><W35/><G75/><T71/><D71/><U39/><E30/><V107/><F107/><N who="3" m="40971" /><G61/><T110/><D1/><U87/><E70/><V77/><F0/><W117/><G117/><T45/><D110/><U32/><E32/><V103/><F103/><W64/><G64/><T58/><D58/><U76/><E73/><V112/><F112/><W7/><G7/><T109/><D109/><U2/><E2/><V26/><F59/><W36/><G36/><T83/><D123/><U28/><E28/><N who="2" m="17503" /><F77/><W65/><G65/><T6/><D6/><AGARI ba="1,0" hai="6,8,12,85,89,92,94,95" m="17503,49195" machi="6" ten="30,1000,0" yaku="19,1" doraHai="114" who="2" fromWho="0" sc="270,-13,261,0,143,13,326,0" /><INIT seed="5,0,0,4,1,91" ten="257,261,156,326" oya="1" hai0="49,70,58,15,44,20,12,102,74,76,115,38,79" hai1="5,27,47,83,13,135,99,73,16,65,59,122,117" hai2="40,87,69,119,7,111,124,86,132,107,26,19,51" hai3="81,133,128,116,11,45,8,35,94,134,109,14,66"/><U39/><E117/><V108/><F107/><W41/><G109/><T95/><D70/><U113/><E122/><V42/><F69/><W9/><G116/><T98/><D115/><U71/><E113/><V63/><F119/><W43/><G128/><T112/><D112/><U110/><E135/><V50/><BYE who="3" /><F132/><W93/><G93/><T68/><D68/><U80/><E71/><V106/><F106/><W97/><G97/><T33/><D33/><U96/><E5/><V34/><F7/><W64/><G64/><T60/><D38/><U78/><E27/><V61/><F26/><W1/><G1/><T82/><D20/><U54/><E80/><V52/><F19/><W3/><G3/><T56/><D79/><U24/><E24/><V127/><REACH who="2" step="1"/><F52/><REACH who="2" ten="257,261,146,326" step="2"/><W30/><G30/><T21/><D56/><U131/><E54/><V67/><F67/><W120/><G120/><T114/><D114/><U62/><E110/><V2/><F2/><W72/><G72/><T10/><D58/><U6/><E6/><V84/><F84/><W28/><G28/><T121/><D74/><U46/><E46/><V100/><F100/><W0/><G0/><T32/><D102/><U48/><E131/><V88/><F88/><W129/><G129/><T77/><D121/><U36/><E99/><V92/><F92/><W17/><G17/><T123/><D95/><U126/><E96/><V105/><F105/><W118/><G118/><T18/><D98/><U89/><E89/><V29/><F29/><W55/><G55/><N who="0" m="30119" /><D123/><U23/><E126/><V53/><F53/><W130/><G130/><RYUUKYOKU ba="0,1" sc="257,-15,261,15,146,15,326,-15" hai1="13,16,23,36,39,47,48,59,62,65,73,78,83" hai2="34,40,42,50,51,61,63,86,87,108,111,124,127" /><INIT seed="5,1,1,2,4,48" ten="242,276,161,311" oya="1" hai0="81,106,61,53,71,4,78,121,26,65,17,23,69" hai1="24,7,43,125,95,107,12,52,114,3,101,50,19" hai2="41,28,96,5,76,86,75,119,11,83,16,74,118" hai3="64,112,49,87,105,94,77,36,84,88,20,25,27"/><U14/><E107/><V111/><F111/><W110/><G110/><T45/><D121/><U59/><E114/><V79/><F28/><W98/><G98/><T67/><D106/><U60/><E125/><V66/><F66/><W91/><G91/><T127/><D127/><U6/><E3/><V10/><F41/><W57/><G57/><T134/><D4/><N who="1" m="1579" /><E24/><V62/><F62/><W58/><G58/><T124/><D134/><U55/><E43/><V34/><F34/><W46/><G46/><T56/><D124/><U73/><E73/><V80/><F96/><W15/><G15/><T126/><D126/><U38/><E38/><V47/><F47/><W120/><G120/><T72/><D45/><N who="1" m="27727" /><E19/><V135/><F86/><W90/><G90/><T122/><D122/><U82/><E82/><V32/><F32/><W0/><G0/><T18/><D18/><U68/><E68/><V85/><F85/><W108/><G108/><T31/><D17/><U54/><E54/><V89/><F89/><W103/><G103/><T1/><D1/><U22/><E22/><V117/><F135/><W8/><G8/><T102/><D102/><U30/><E30/><V100/><F100/><W40/><G40/><T109/><D109/><U133/><E133/><V128/><F128/><W63/><G63/><T92/><D69/><U123/><E123/><V21/><F5/><W70/><G70/><T9/><D9/><U51/><E60/><V116/><N who="2" m="29696" /><DORA hai="132" /><V93/><F93/><W33/><G33/><T130/><D130/><U2/><E2/><V115/><F115/><W29/><G29/><RYUUKYOKU ba="1,1" sc="242,-15,276,15,161,15,311,-15" hai1="12,14,51,55,59,95,101" hai2="10,11,16,21,74,75,76,79,80,83" /><INIT seed="5,2,1,4,2,44" ten="227,291,176,296" oya="1" hai0="68,3,66,71,121,101,47,90,112,84,24,59,117" hai1="60,11,104,23,1,22,102,39,74,132,133,25,98" hai2="110,111,7,119,18,73,65,124,49,105,130,129,54" hai3="76,10,81,97,61,62,38,34,75,2,58,94,99"/><U88/><E39/><V89/><F73/><W12/><G12/><T21/><D3/><U20/><E74/><V131/><F105/><W122/><G122/><T31/><D117/><U85/><E60/><V79/><F79/><W14/><G14/><T42/><D112/><U86/><E86/><V126/><F7/><W57/><G57/><T6/><D6/><U91/><E1/><V120/><F120/><W72/><G72/><T118/><BYE who="2" /><D101/><UN n2="%E6%8C%91%E6%88%A6%E8%80%85%EF%BC%81" /><U15/><E25/><V33/><F33/><W106/><G106/><T103/><D103/><U128/><E128/><V95/><F18/><W45/><G45/><T77/><D77/><U100/><E100/><V64/><F119/><W108/><G108/><N who="2" m="41513" /><F95/><W26/><G26/><T50/><D118/><U67/><E67/><N who="2" m="25675" /><F89/><W53/><G53/><T40/><D40/><U43/><E43/><V52/><F54/><W28/><G28/><T37/><D121/><U107/><E107/><V55/><F55/><W125/><G125/><T83/><D66/><U113/><E113/><V35/><F35/><W96/><G96/><T5/><D5/><U82/><REACH who="1" step="1"/><E91/><REACH who="1" ten="227,281,176,296" step="2"/><V109/><N who="2" m="41521" /><V51/><DORA hai="16" /><F51/><W46/><G46/><AGARI ba="2,2" hai="46,49,52,124,126,129,130,131" m="25675,41521" machi="46" ten="50,8000,1" yaku="19,1,34,2,52,1,54,1" doraHai="44,16" who="2" fromWho="3" sc="227,0,281,0,176,106,296,-86" /><INIT seed="6,0,0,0,1,34" ten="227,281,282,210" oya="2" hai0="76,106,63,15,7,36,30,0,11,73,68,88,123" hai1="45,65,14,84,23,57,131,80,37,95,55,21,38" hai2="110,104,115,109,10,82,42,46,6,135,100,117,122" hai3="47,18,16,105,127,77,128,118,58,9,27,107,126"/><V125/><F117/><W92/><G92/><T39/><D106/><U101/><E131/><V119/><F119/><W54/><G54/><T93/><D30/><U19/><E65/><V51/><F122/><W97/><G97/><T98/><D123/><U133/><E133/><V20/><F135/><W60/><G60/><T61/><D15/><U44/><E38/><V87/><F115/><W130/><G130/><T25/><D25/><U108/><E108/><V71/><F71/><W48/><G48/><T94/><D94/><U8/><E101/><V41/><F125/><W12/><G12/><T40/><D40/><U52/><E95/><V69/><F69/><W17/><G17/><T5/><D5/><U59/><E59/><V29/><F41/><W74/><G74/><T56/><D63/><U89/><E55/><V132/><F132/><W83/><G83/><T64/><REACH who="0" step="1"/><D68/><REACH who="0" ten="217,281,282,210" step="2"/><U32/><E32/><V124/><F104/><W72/><G72/><T53/><D53/><U2/><E2/><V31/><F31/><W66/><G66/><T43/><D43/><U85/><E37/><V33/><F29/><W113/><G113/><T26/><D26/><U70/><E70/><V1/><F42/><W35/><G35/><T49/><D49/><U22/><E52/><V120/><F33/><W67/><G67/><T99/><D99/><U62/><E62/><V121/><F120/><W134/><G134/><T91/><D91/><N who="1" m="51591" /><E57/><V116/><F121/><W3/><G3/><T111/><D111/><U90/><E89/><N who="2" m="51447" /><F110/><W102/><G102/><T112/><D112/><U79/><E90/><RYUUKYOKU ba="0,1" sc="217,15,281,15,282,-15,210,-15" hai0="0,7,11,36,39,56,61,64,73,76,88,93,98" hai1="8,14,19,21,22,23,44,45,79,85" /><INIT seed="7,1,1,4,2,98" ten="232,296,267,195" oya="3" hai0="9,0,77,55,64,109,129,116,82,94,111,106,87" hai1="71,127,63,40,51,128,8,19,44,121,23,113,79" hai2="26,68,12,78,30,125,28,74,97,84,37,120,95" hai3="92,96,47,52,5,39,49,25,4,22,90,27,133"/><W59/><G59/><T3/><D106/><U117/><E121/><V104/><F68/><W20/><G20/><T112/><D116/><U15/><E113/><V70/><F70/><W13/><G13/><T81/><D64/><U32/><E32/><V61/><F37/><W46/><G46/><T105/><D105/><U54/><E128/><V41/><F41/><W62/><G62/><T75/><D129/><U102/><E127/><V2/><F2/><W31/><G31/><T89/><D112/><U53/><E71/><V76/><F104/><W80/><G80/><T103/><D55/><U1/><E1/><V33/><F30/><W132/><G132/><T56/><D56/><N who="1" m="35223" /><E79/><V36/><F36/><W24/><G24/><T126/><D126/><U17/><E102/><V107/><F125/><W60/><G60/><T16/><D3/><U50/><E117/><V38/><F38/><W57/><G57/><T10/><D0/><U58/><E23/><V131/><F74/><W118/><G118/><T114/><D114/><U119/><E119/><V99/><F61/><W34/><G34/><T21/><D111/><U110/><E110/><V123/><F131/><W135/><G135/><T7/><D109/><U130/><E130/><V73/><F73/><W115/><G115/><T65/><D75/><U6/><AGARI ba="1,1" hai="6,8,15,17,19,40,44,50,51,53,58" m="35223" machi="6" ten="30,1100,0" yaku="8,1" doraHai="98" who="1" fromWho="1" sc="232,-4,296,24,267,-4,195,-6" owari="228,-17.2,320,42.0,263,6.3,189,-31.1" /></mjloggm>