<mjloggm ver="2.3"><GO type="169" lobby="0"/><UN n0="%6C%6E%61%69" n1="%E3%82%A6%E3%82%A9%E3%83%AB%E3%83%AD%E3%83%83%E3%83%88" n2="%48%41%43%4F" n3="%E3%81%9D%E3%81%B5%E3%81%81%E3%82%82%E3%82%93" dan="16,18,16,18" rate="2049.72,2221.65,2068.37,2211.31" sx="M,M,M,M"/><TAIKYOKU oya="0"/><INIT seed="0,0,0,4,1,11" ten="250,250,250,250" oya="0" hai0="90,127,65,0,15,46,110,30,34,92,121,25,38" hai1="124,33,113,54,18,116,114,32,58,53,100,23,61" hai2="47,63,117,56,67,4,134,88,21,17,51,106,102" hai3="128,91,6,97,108,27,24,98,44,111,94,59,36"/><T104/><D121/><U80/><E116/><V125/><F125/><W66/><G128/><T87/><D0/><U89/><E124/><V72/><F134/><W43/><G6/><T112/><D127/><U9/><E9/><V39/><F72/><W49/><G98/><T13/><D112/><N who="1" m="43115" /><E100/><V22/><F22/><W19/><G19/><T129/><D104/><U120/><E120/><V8/><F39/><W57/><G57/><T10/><D129/><U20/><E54/><V101/><F106/><W2/><G2/><T69/><D10/><U29/><E29/><V70/><F70/><W73/><G73/><T40/><REACH who="0" step="1"/><D110/><REACH who="0" ten="240,250,250,250" step="2"/><U85/><E23/><V3/><F117/><W71/><G108/><T93/><D93/><U62/><E62/><AGARI ba="0,1" hai="13,15,25,30,34,38,40,46,62,65,69,87,90,92" machi="62" ten="40,12000,1" yaku="1,1,52,2,53,1" doraHai="11" doraHaiUra="60" who="0" fromWho="1" sc="240,130,250,-120,250,0,250,0" /><INIT seed="0,1,0,0,5,127" ten="370,130,250,250" oya="0" hai0="102,121,5,31,70,37,20,132,83,74,6,25,49" hai1="75,79,22,18,33,43,103,99,106,40,72,116,126" hai2="36,2,98,134,11,91,111,110,29,130,8,30,96" hai3="3,108,48,77,60,84,63,47,39,94,17,97,81"/><T55/><D121/><U109/><E116/><V87/><F36/><W112/><G112/><T52/><D37/><U73/><E79/><V125/><F125/><W62/><G3/><T133/><D70/><U68/><E68/><V64/><F64/><W45/><G108/><T32/><D102/><U66/><E66/><V56/><F56/><W57/><G39/><T14/><D55/><U28/><E126/><V76/><F76/><W93/><G93/><T122/><D122/><U13/><REACH who="1" step="1"/><E109/><REACH who="1" ten="370,120,250,250" step="2"/><V16/><F111/><W42/><G45/><N who="0" m="27695" /><D74/><U118/><E118/><V41/><F110/><W95/><G47/><T9/><D32/><U88/><E88/><V61/><F91/><W46/><G57/><T15/><D133/><U7/><E7/><V51/><F134/><W12/><REACH who="3" step="1"/><G97/><REACH who="3" ten="370,120,250,240" step="2"/><T119/><D119/><U34/><E34/><V85/><F96/><W86/><G86/><T59/><D132/><U54/><E54/><V107/><F85/><W24/><G24/><AGARI ba="1,2" hai="13,18,22,24,28,33,40,43,72,73,75,99,103,106" machi="24" ten="40,1300,0" yaku="1,1,53,0" doraHai="127" doraHaiUra="69" who="1" fromWho="3" sc="370,0,120,36,250,0,240,-16" /><INIT seed="1,0,0,5,0,66" ten="370,156,250,224" oya="1" hai0="70,34,7,32,53,37,71,96,64,84,87,61,36" hai1="108,58,129,123,106,8,97,114,91,49,3,30,110" hai2="13,52,45,17,20,102,40,16,21,107,131,120,67" hai3="69,83,90,125,105,73,79,15,23,124,42,113,28"/><U43/><E123/><V128/><F67/><W122/><G113/><T81/><D7/><U74/><E114/><V86/><F120/><W99/><G122/><T41/><D96/><U68/><E129/><V111/><F111/><N who="1" m="42537" /><E74/><V82/><F102/><N who="3" m="62687" /><G42/><T127/><D127/><N who="3" m="48713" /><G90/><T80/><D64/><U98/><E106/><V27/><F107/><W38/><G38/><T10/><D41/><U11/><E30/><V46/><F40/><W9/><G23/><T33/><D33/><U26/><E26/><V78/><REACH who="2" step="1"/><F52/><REACH who="2" ten="370,156,240,224" step="2"/><W112/><G112/><T118/><D53/><N who="1" m="32047" /><E43/><V54/><F54/><W59/><G59/><T115/><D115/><U47/><E47/><AGARI ba="0,1" hai="13,16,17,20,21,27,45,46,47,78,82,86,128,131" machi="47" ten="40,2600,0" yaku="1,1,54,1,53,0" doraHai="66" doraHaiUra="88" who="2" fromWho="1" sc="370,0,156,-26,240,36,224,0" /><INIT seed="2,0,0,2,0,11" ten="370,130,276,224" oya="2" hai0="72,76,19,21,41,131,124,86,90,54,68,94,7" hai1="0,118,84,88,52,51,123,87,36,120,106,26,78" hai2="49,111,74,125,73,95,102,82,4,119,81,85,22" hai3="9,105,134,33,98,44,126,117,50,66,69,15,17"/><V67/><F119/><W79/><G117/><T8/><D68/><U101/><E118/><V56/><F125/><W53/><G126/><T48/><D124/><U129/><E36/><V77/><F4/><W63/><G134/><T109/><D109/><U113/><E113/><V16/><F111/><W47/><G33/><T108/><D131/><U91/><E129/><V114/><F114/><W23/><G79/><T71/><D71/><U46/><E0/><V57/><F67/><W97/><G105/><T107/><D107/><U121/><E26/><V34/><F34/><W65/><G65/><T103/><D41/><U59/><E78/><V28/><F28/><W60/><G60/><T128/><D128/><U93/><E106/><V112/><F112/><W64/><G64/><T35/><D35/><U61/><E101/><V38/><F38/><W12/><REACH who="3" step="1"/><G44/><REACH who="3" ten="370,130,276,214" step="2"/><T135/><D135/><U122/><N who="1" m="30720" /><DORA hai="3" /><U62/><REACH who="1" step="1"/><E46/><REACH who="1" ten="370,120,276,214" step="2"/><V132/><F132/><W13/><G13/><T29/><D76/><U25/><E25/><V5/><F77/><W27/><G27/><T75/><D108/><U24/><E24/><N who="2" m="14407" /><F74/><W6/><AGARI ba="0,2" hai="6,9,12,15,17,23,47,50,53,63,66,69,97,98" machi="6" ten="20,12000,2" yaku="1,1,0,1,7,1,52,3,53,0" doraHai="11,3" doraHaiUra="30,83" who="3" fromWho="3" sc="370,-30,120,-30,276,-60,214,140" /><INIT seed="3,0,0,0,1,26" ten="340,90,216,354" oya="3" hai0="4,73,94,106,45,122,6,50,21,128,62,13,63" hai1="9,68,18,54,119,74,110,87,31,61,131,130,91" hai2="102,60,10,85,83,52,113,117,36,93,29,58,104" hai3="40,92,1,89,11,51,134,88,115,105,111,90,59"/><W35/><G115/><T16/><D122/><U32/><E74/><V124/><F117/><W17/><G105/><T12/><D106/><U67/><E119/><V14/><F124/><W114/><G114/><T43/><D73/><U66/><E110/><V23/><F36/><W8/><G134/><T56/><D128/><N who="1" m="49195" /><E67/><V69/><F69/><W99/><G35/><T0/><D0/><U44/><E9/><V2/><F104/><W48/><G111/><T75/><D75/><U47/><E18/><V118/><F2/><W86/><G1/><T95/><D62/><U121/><E54/><V71/><F71/><W25/><G40/><T34/><D34/><U133/><E121/><V64/><F64/><W38/><G38/><T97/><D12/><U116/><E133/><V120/><F23/><N who="3" m="13551" /><G48/><T103/><REACH who="0" step="1"/><D95/><REACH who="0" ten="330,90,216,354" step="2"/><N who="1" m="54783" /><E116/><V33/><F33/><W70/><G70/><T49/><D49/><U109/><E109/><V5/><F118/><W42/><G86/><T125/><D125/><U19/><E19/><V30/><F120/><W100/><G59/><T82/><D82/><U81/><E81/><V101/><F113/><W108/><G108/><T53/><AGARI ba="0,1" hai="4,6,13,16,21,43,45,50,53,56,63,94,97,103" machi="53" ten="20,8000,1" yaku="1,1,0,1,7,1,8,1,54,1,53,0" doraHai="26" doraHaiUra="112" who="0" fromWho="0" sc="330,90,90,-20,216,-20,354,-40" /><INIT seed="4,0,0,5,4,1" ten="420,70,196,314" oya="0" hai0="130,111,17,94,53,37,19,21,59,110,105,22,69" hai1="60,44,128,34,84,76,121,27,95,13,78,33,73" hai2="115,14,131,41,49,55,20,6,61,71,45,102,46" hai3="127,39,126,82,51,40,4,42,91,117,56,30,83"/><T134/><D105/><U58/><E121/><V135/><F115/><W89/><G30/><T123/><D69/><U80/><E128/><V75/><F135/><W70/><G70/><T97/><D123/><U74/><E44/><V122/><F75/><W52/><G117/><T106/><D106/><U98/><E13/><V87/><F71/><W9/><G39/><T119/><D37/><U86/><E27/><V28/><F102/><W101/><G101/><T43/><D43/><U68/><E68/><V116/><F131/><W8/><G51/><T29/><D29/><U77/><E77/><V2/><F2/><W104/><G104/><T109/><D134/><U103/><E86/><V81/><F28/><W7/><G56/><T133/><D133/><U85/><E84/><V5/><F116/><W24/><G24/><T48/><D119/><U90/><E78/><N who="2" m="46519" /><F122/><W35/><REACH who="3" step="1"/><G52/><REACH who="3" ten="420,70,196,304" step="2"/><T54/><D54/><U3/><E74/><V65/><F46/><W108/><G108/><T72/><D72/><U100/><E103/><V118/><F118/><W120/><G120/><T66/><D130/><U96/><E73/><V92/><F55/><W12/><G12/><T93/><D110/><U31/><E31/><V132/><F132/><W10/><G10/><T113/><D111/><U36/><E36/><V0/><F0/><W38/><G38/><T88/><D109/><U57/><E3/><V64/><F61/><W114/><G114/><T99/><D113/><U67/><E58/><V26/><F14/><W18/><G18/><N who="0" m="6667" /><D66/><N who="2" m="25706" /><F92/><AGARI ba="0,1" hai="33,34,57,60,67,76,80,85,90,92,95,96,98,100" machi="92" ten="30,1000,0" yaku="7,1" doraHai="1" who="1" fromWho="2" sc="420,0,70,20,196,-10,304,0" /><INIT seed="5,0,0,4,1,110" ten="420,90,186,304" oya="1" hai0="5,46,78,47,77,1,36,96,101,53,6,49,10" hai1="90,37,124,19,84,55,3,18,42,134,60,62,114" hai2="12,88,112,34,71,39,57,111,79,68,119,109,43" hai3="66,107,8,116,130,31,16,24,103,30,13,91,99"/><U2/><E134/><V115/><F34/><W33/><G130/><T7/><D1/><U26/><E124/><V22/><F79/><W61/><G31/><T97/><D10/><U94/><E2/><V133/><F22/><W69/><REACH who="3" step="1"/><G91/><REACH who="3" ten="420,90,186,294" step="2"/><T54/><D78/><U92/><E114/><N who="2" m="43563" /><F88/><W11/><G11/><T40/><D77/><U132/><E132/><V59/><F133/><W67/><G67/><T65/><D65/><U51/><E90/><V117/><F12/><W4/><G4/><T41/><REACH who="0" step="1"/><D97/><REACH who="0" ten="410,90,186,294" step="2"/><U23/><E3/><V75/><F75/><W95/><G95/><AGARI ba="0,2" hai="5,6,7,36,40,41,46,47,49,53,54,95,96,101" machi="95" ten="40,2600,0" yaku="1,1,2,1,53,0" doraHai="110" doraHaiUra="63" who="0" fromWho="3" sc="410,46,90,0,186,0,294,-26" /><INIT seed="6,0,0,0,3,9" ten="456,90,186,268" oya="2" hai0="15,44,121,133,45,92,102,134,31,46,118,10,55" hai1="93,48,114,68,76,20,42,64,74,96,24,70,120" hai2="32,123,40,71,30,100,29,116,54,4,28,79,19" hai3="131,5,33,122,78,67,39,27,125,26,90,75,34"/><V43/><F116/><W63/><G122/><T3/><D121/><U49/><E120/><V1/><F123/><W72/><G131/><T7/><D118/><U117/><E117/><V98/><F71/><W21/><G39/><T8/><D31/><U129/><E129/><V12/><F79/><W85/><G125/><T81/><D81/><U77/><E114/><V73/><F73/><W112/><G112/><T124/><D124/><U109/><E109/><V94/><F32/><W59/><G5/><T95/><D55/><U106/><E106/><V61/><F4/><W58/><G78/><T65/><D65/><U89/><E70/><V36/><F36/><W84/><G21/><T69/><D69/><U97/><E96/><V104/><F1/><W86/><G90/><T11/><D11/><U88/><E89/><V13/><F19/><W41/><G41/><N who="2" m="15945" /><F104/><W2/><G2/><T91/><D91/><U35/><E35/><V52/><F54/><W135/><G67/><T38/><D38/><U17/><E74/><V25/><F25/><W119/><G119/><T101/><D92/><U18/><E18/><V82/><F82/><W57/><G63/><T111/><D111/><U62/><REACH who="1" step="1"/><E49/><REACH who="1" ten="456,80,186,268" step="2"/><V132/><F132/><N who="0" m="50794" /><D95/><U16/><E16/><AGARI ba="0,1" hai="3,7,8,10,15,16,44,45,46,101,102" m="50794" machi="16" ten="30,3900,0" yaku="20,1,52,1,54,1" doraHai="9" who="0" fromWho="1" sc="456,49,80,-39,186,0,268,0" /><INIT seed="7,0,0,5,1,66" ten="505,41,186,268" oya="3" hai0="69,61,19,116,14,34,117,129,79,21,52,134,48" hai1="93,67,97,76,88,120,64,89,31,71,42,60,27" hai2="49,105,12,62,7,18,130,95,74,58,54,83,125" hai3="132,9,43,0,106,131,108,35,70,91,121,100,3"/><W112/><RYUUKYOKU type="yao9" ba="0,0" sc="505,0,41,0,186,0,268,0" hai3="0,3,9,35,43,70,91,100,106,108,112,121,131,132" /><INIT seed="7,1,0,2,3,121" ten="505,41,186,268" oya="3" hai0="105,101,20,2,68,30,24,5,57,38,3,71,13" hai1="98,104,21,11,4,34,46,131,107,28,53,55,37" hai2="132,109,84,8,25,65,85,51,64,49,120,26,81" hai3="126,59,63,95,6,56,31,29,40,79,97,17,134"/><W117/><G117/><T39/><D105/><U1/><E55/><V44/><F109/><W129/><G129/><T114/><D101/><U89/><E53/><N who="2" m="29863" /><F132/><W110/><G134/><T130/><D130/><U15/><E131/><V47/><F120/><W33/><G6/><T0/><D114/><U45/><E45/><V94/><F94/><W12/><G126/><T119/><D119/><U111/><E89/><N who="2" m="51343" /><F8/><W103/><G33/><T102/><D13/><U99/><E99/><V16/><F85/><W128/><G128/><T86/><D5/><U93/><E93/><V78/><F78/><W113/><G113/><T54/><D102/><U135/><E135/><V116/><F116/><W125/><G125/><T36/><D86/><U133/><E133/><V27/><F16/><W60/><G79/><T108/><D108/><U90/><E90/><V122/><F122/><W124/><G124/><T32/><D32/><U23/><E111/><V115/><F115/><W74/><G74/><T106/><D106/><U83/><E83/><V73/><F73/><W77/><G77/><T87/><D87/><U123/><E123/><V67/><F25/><W112/><G112/><T58/><D58/><U61/><E107/><V91/><F91/><W70/><G110/><T7/><D7/><U62/><E34/><V88/><F88/><W52/><G70/><T76/><D76/><U69/><E69/><V18/><F18/><W9/><G40/><AGARI ba="1,0" hai="26,27,40,47,51,64,65,67" m="51343,29863" machi="40" ten="30,1000,0" yaku="8,1" doraHai="121" who="2" fromWho="3" sc="505,0,41,0,186,13,268,-13" owari="505,60.5,41,-45.9,199,-20.1,255,5.5" /></mjloggm>