<mjloggm ver="2.3"><GO type="169" lobby="0"/><UN n0="%E7%8A%B6%E6%85%8B%E9%BA%BB%E9%9B%80" n1="%45%72%77%69%6E%52%64" n2="%6B%61%74%65%72%69%6E%61" n3="%E5%A7%AB%E7%95%99" dan="18,16,16,16" rate="2249.96,2154.09,2114.94,2105.12" sx="M,M,M,M"/><TAIKYOKU oya="0"/><INIT seed="0,0,0,4,0,6" ten="250,250,250,250" oya="0" hai0="125,28,43,122,38,120,51,46,59,24,66,98,128" hai1="50,29,2,58,16,47,83,35,30,93,119,10,34" hai2="121,68,132,40,106,80,44,8,81,74,117,94,26" hai3="31,100,111,91,64,57,36,12,32,65,45,41,90"/><T114/><D114/><U96/><E119/><V110/><F121/><W99/><G111/><T105/><D128/><U126/><E126/><V15/><F106/><W67/><G57/><T1/><D125/><U19/><E83/><V127/><F127/><W118/><G118/><T82/><D1/><U69/><E69/><V113/><F113/><W107/><G31/><T124/><D124/><U18/><E58/><V109/><F68/><W25/><G25/><T3/><D3/><U75/><E75/><V21/><F117/><W23/><G32/><T48/><D82/><U84/><E84/><V86/><F94/><W130/><G130/><T72/><D72/><U95/><E34/><V20/><F132/><W55/><G55/><T11/><D11/><U133/><E35/><V101/><F101/><W56/><G56/><T42/><D105/><U131/><E133/><V54/><F54/><W39/><G39/><T134/><D98/><U7/><E93/><V123/><F80/><W89/><G23/><N who="0" m="15391" /><D134/><U4/><E4/><N who="2" m="3463" /><F74/><W79/><G79/><T71/><D71/><U112/><E112/><V27/><F123/><N who="0" m="47146" /><D43/><U62/><E62/><V13/><F13/><W49/><G12/><T76/><D76/><U17/><N who="1" m="4096" /><DORA hai="135" /><U77/><E77/><N who="2" m="46383" /><F27/><W63/><REACH who="3" step="1"/><G36/><REACH who="3" ten="250,250,250,240" step="2"/><T87/><D38/><U108/><E131/><V70/><F70/><W37/><G37/><T78/><D66/><U97/><E108/><N who="2" m="41579" /><F26/><W92/><G92/><T14/><D14/><U0/><E2/><V61/><F61/><W73/><G73/><T60/><D60/><U116/><E116/><V104/><F104/><RYUUKYOKU ba="0,1" sc="250,-15,250,-15,250,15,240,15" hai2="20,21,40,44" hai3="41,45,49,63,64,65,67,89,90,91,99,100,107" /><INIT seed="1,1,1,0,1,135" ten="235,235,265,255" oya="1" hai0="58,100,55,6,99,17,98,126,41,75,14,95,82" hai1="50,56,80,0,69,94,43,114,118,27,44,59,1" hai2="113,117,122,33,107,20,30,84,7,45,121,132,65" hai3="79,64,85,131,26,46,125,31,123,101,74,9,73"/><U11/><E114/><V119/><F107/><W108/><G123/><T36/><D6/><U15/><E118/><V77/><F65/><W42/><G108/><T49/><D36/><U25/><E69/><V120/><F132/><W83/><G131/><T106/><D41/><U70/><E70/><V34/><F45/><W109/><G109/><T104/><D126/><U61/><E0/><V93/><F93/><W21/><G64/><T37/><D37/><U62/><E1/><V32/><F84/><W67/><G67/><T110/><D110/><U115/><E115/><V103/><F103/><W18/><G101/><T112/><D112/><U39/><E39/><V68/><F77/><W47/><G47/><T92/><D82/><U91/><E80/><V12/><F68/><W5/><G31/><T8/><REACH who="0" step="1"/><D75/><REACH who="0" ten="225,235,265,255" step="2"/><U129/><E129/><V88/><F113/><W3/><REACH who="3" step="1"/><G125/><REACH who="3" ten="225,235,265,245" step="2"/><T24/><D24/><U28/><E25/><V71/><F120/><W105/><G105/><T134/><D134/><U48/><E27/><V54/><F121/><W87/><G87/><T22/><D22/><U97/><E28/><V60/><F20/><W124/><G124/><T16/><D16/><N who="1" m="8319" /><E56/><N who="2" m="34839" /><F122/><W38/><AGARI ba="1,3" hai="3,5,9,18,21,26,38,42,46,73,74,79,83,85" machi="38" ten="20,5200,0" yaku="1,1,0,1,7,1,53,1" doraHai="135" doraHaiUra="2" who="3" fromWho="3" sc="225,-14,235,-27,265,-14,245,85" /><INIT seed="2,0,0,4,5,40" ten="211,208,251,330" oya="2" hai0="50,129,133,64,126,25,70,36,79,41,65,123,76" hai1="107,55,75,93,59,95,37,39,22,91,127,90,122" hai2="61,131,9,69,16,98,84,28,24,45,106,47,78" hai3="18,73,44,124,111,134,115,85,20,74,33,21,57"/><V12/><F131/><W71/><G71/><T100/><D123/><U19/><E107/><V87/><F87/><W29/><G111/><T52/><D129/><U89/><E122/><V114/><F114/><W83/><G115/><T15/><D126/><U26/><E127/><V17/><F17/><W96/><G124/><T97/><D133/><U68/><E68/><V112/><F112/><W67/><G134/><T103/><D103/><U27/><E75/><V118/><F118/><W7/><G7/><T10/><D25/><U132/><E132/><V130/><F130/><W31/><G33/><T125/><D125/><U81/><E81/><V5/><F5/><W49/><G96/><T3/><D3/><U51/><E93/><V102/><F84/><W99/><G99/><T62/><D65/><U58/><E26/><V6/><F6/><W1/><G1/><T77/><D41/><U113/><E113/><V0/><F0/><W105/><G105/><T54/><D36/><U110/><E110/><V23/><REACH who="2" step="1"/><F78/><REACH who="2" ten="211,208,241,330" step="2"/><N who="3" m="46327" /><G18/><T72/><D72/><U117/><E117/><V82/><F82/><W32/><G73/><T42/><D79/><U14/><E19/><V63/><F63/><N who="3" m="38383" /><G74/><T119/><D119/><U116/><E116/><V80/><F80/><W135/><G135/><T11/><D77/><U13/><E13/><V34/><F34/><W104/><G32/><T101/><D76/><U128/><E14/><V88/><F88/><W120/><G120/><T8/><D15/><U43/><E90/><V4/><F4/><W108/><G108/><T48/><D62/><U30/><E128/><RYUUKYOKU ba="0,1" sc="211,-10,208,-10,241,30,330,-10" hai2="9,12,16,23,24,28,45,47,61,69,98,102,106" /><INIT seed="2,1,1,5,0,110" ten="201,198,271,320" oya="2" hai0="107,62,33,48,111,77,30,2,26,89,32,116,12" hai1="74,3,37,71,64,118,120,60,83,50,5,119,84" hai2="22,53,21,14,23,129,127,52,102,65,104,18,103" hai3="44,57,73,99,41,81,27,87,131,16,78,66,128"/><V10/><F129/><N who="3" m="49739" /><G99/><T95/><D111/><U47/><E120/><V0/><F127/><W11/><G57/><T4/><D107/><U126/><E126/><V45/><F65/><W55/><G55/><T7/><D116/><U94/><E94/><V63/><F104/><W106/><G106/><T109/><D109/><U69/><E69/><V70/><F70/><W135/><G66/><T125/><D125/><U98/><E98/><V113/><F113/><W133/><G73/><T67/><D32/><U112/><E112/><V20/><N who="2" m="5120" /><DORA hai="134" /><V24/><F24/><W124/><G27/><T61/><D2/><U19/><E19/><V76/><F76/><W29/><G29/><T114/><D114/><U122/><E122/><V13/><F13/><N who="3" m="7231" /><G124/><T101/><D101/><U68/><E68/><V88/><F88/><W75/><G75/><T40/><D77/><N who="1" m="44471" /><E84/><V115/><F115/><W80/><G81/><T49/><D61/><U91/><E50/><AGARI ba="1,1" hai="41,44,50,78,80,87,133,135" m="7231,49739" machi="50" ten="30,2000,0" yaku="19,1,54,1" doraHai="110,134" who="3" fromWho="1" sc="201,0,198,-23,271,0,320,33" /><INIT seed="3,0,0,3,3,2" ten="201,175,271,353" oya="3" hai0="118,134,105,22,85,21,90,4,39,131,77,67,52" hai1="23,10,108,38,101,89,57,66,84,76,0,37,41" hai2="125,113,17,16,13,107,26,79,55,28,116,112,74" hai3="49,59,70,73,33,47,92,56,124,15,72,123,128"/><W114/><G114/><N who="2" m="44137" /><F55/><W60/><G123/><T132/><D118/><U20/><E108/><V133/><F79/><W11/><G33/><T135/><D39/><U25/><E76/><V45/><F45/><W68/><G124/><T6/><D105/><U46/><E101/><V32/><F107/><W100/><G128/><T42/><D42/><U78/><E78/><V87/><F87/><W129/><G129/><T96/><D131/><U3/><E37/><V24/><F74/><W120/><G120/><T91/><D67/><U122/><E122/><V71/><F71/><W69/><G92/><N who="0" m="56351" /><D77/><U119/><E119/><V97/><F97/><W88/><G100/><T102/><D102/><U9/><E0/><V14/><F116/><W127/><G88/><T63/><D22/><U93/><E3/><V80/><F80/><W115/><G127/><T111/><D21/><U103/><E103/><V36/><F36/><W99/><G99/><T110/><D110/><U51/><E20/><N who="2" m="13319" /><F125/><W86/><G86/><T31/><D31/><U109/><E109/><V30/><F30/><W94/><G115/><T43/><D43/><U117/><E117/><V35/><F35/><W65/><G72/><T12/><D111/><U75/><E75/><V83/><F83/><W8/><G73/><T18/><D85/><U29/><REACH who="1" step="1"/><E38/><REACH who="1" ten="201,165,271,353" step="2"/><V53/><F32/><W62/><G69/><T121/><D121/><U64/><E64/><V27/><F28/><W82/><G65/><T98/><D90/><U34/><E34/><V44/><F133/><W54/><G68/><T126/><D126/><U95/><E95/><RYUUKYOKU ba="0,1" sc="201,-10,165,30,271,-10,353,-10" hai1="9,10,23,25,29,41,46,51,57,66,84,89,93" /><INIT seed="4,1,1,2,1,68" ten="191,195,261,343" oya="0" hai0="84,124,40,133,126,98,83,44,111,54,12,119,4" hai1="59,36,48,18,76,109,105,121,34,97,79,16,86" hai2="53,104,103,17,134,30,41,72,26,37,122,99,110" hai3="115,107,128,32,116,42,92,10,57,50,49,123,100"/><T46/><D119/><U117/><E109/><V39/><F110/><W102/><G116/><T91/><D111/><U130/><E117/><V70/><F122/><W19/><G107/><T38/><D133/><U2/><E2/><V11/><F134/><W65/><G32/><T95/><D4/><U135/><E34/><V3/><F53/><W25/><G123/><T5/><D5/><U96/><E135/><V64/><F41/><W33/><G33/><T1/><D12/><U52/><E121/><V131/><F131/><W6/><G128/><T45/><D1/><U13/><E130/><V81/><F17/><W113/><G19/><T63/><D63/><U29/><E29/><V14/><F14/><W114/><G25/><T73/><D73/><U21/><E36/><V27/><F27/><W66/><G50/><T0/><D0/><U28/><E28/><V75/><F11/><W106/><G106/><T94/><D94/><U22/><E105/><V118/><F3/><N who="3" m="351" /><G92/><T24/><D24/><N who="1" m="14375" /><E86/><V20/><F118/><W67/><G42/><T120/><D120/><U101/><E101/><V108/><F108/><W88/><G88/><N who="0" m="51231" /><D54/><AGARI ba="1,1" hai="49,54,57,65,66,67,100,102,113,114,115" m="351" machi="54" ten="40,1300,0" yaku="15,1" doraHai="68" who="3" fromWho="0" sc="191,-16,195,0,261,0,343,26" /><INIT seed="5,0,0,0,3,13" ten="175,195,261,369" oya="1" hai0="110,61,20,53,19,97,91,56,122,51,35,128,108" hai1="119,11,78,45,98,86,9,46,80,62,135,54,113" hai2="79,65,132,90,72,28,100,60,125,25,41,39,27" hai3="117,58,55,95,23,15,88,37,7,36,89,71,85"/><U67/><E119/><V83/><F125/><W6/><G71/><T44/><D35/><U126/><E126/><V32/><F132/><W115/><G115/><T106/><D128/><U26/><E113/><V120/><F120/><W59/><G117/><T43/><D122/><U64/><E135/><V17/><F90/><W14/><G37/><T116/><D116/><U82/><E98/><V75/><F100/><W133/><G133/><T3/><D3/><U76/><E26/><V5/><F5/><N who="3" m="1547" /><G36/><T4/><D4/><U40/><E54/><V47/><F25/><W109/><G109/><T127/><D127/><U121/><E121/><V29/><F29/><W92/><G23/><T130/><D130/><U52/><E52/><V63/><F63/><N who="3" m="36319" /><G59/><T99/><D106/><U124/><E124/><V107/><F107/><W103/><G103/><T2/><D2/><U33/><E33/><V94/><F75/><W24/><G24/><N who="0" m="14367" /><D99/><AGARI ba="0,0" hai="14,15,85,88,89,92,95,99" m="36319,1547" machi="99" ten="30,2000,0" yaku="8,1,54,1" doraHai="13" who="3" fromWho="0" sc="175,-20,195,0,261,0,369,20" /><INIT seed="6,0,0,0,3,120" ten="155,195,261,389" oya="2" hai0="109,77,26,12,85,78,5,79,129,134,99,41,3" hai1="94,33,62,87,114,1,45,69,7,24,95,98,123" hai2="37,28,39,82,91,23,8,48,43,29,59,133,100" hai3="97,55,130,10,60,106,56,90,40,75,14,36,47"/><V49/><F133/><W107/><G75/><T105/><D109/><U84/><E123/><V74/><F100/><W89/><G130/><T66/><D3/><U112/><E45/><V117/><F117/><W51/><G36/><T17/><D129/><U110/><E110/><V0/><F39/><W18/><G90/><T113/><D113/><N who="1" m="43627" /><E7/><N who="2" m="1127" /><F91/><W116/><G116/><T108/><D108/><U119/><E1/><V101/><F101/><W27/><G27/><T72/><D134/><U67/><E94/><V9/><F9/><W68/><G68/><T83/><D66/><U111/><E111/><V54/><F48/><W31/><G31/><T125/><D125/><U64/><E64/><V34/><F23/><W121/><G121/><T124/><D124/><U96/><E119/><V20/><F20/><W16/><G89/><T50/><D72/><U11/><E11/><V115/><F34/><W38/><G38/><T22/><D99/><N who="1" m="37931" /><E95/><V32/><F32/><W131/><G97/><T70/><D70/><U76/><E76/><N who="2" m="44311" /><F115/><W19/><G47/><AGARI ba="0,0" hai="28,29,37,43,47,49,54,59" m="44311,1127" machi="47" ten="30,1500,0" yaku="25,1" doraHai="120" who="2" fromWho="3" sc="155,0,195,0,261,15,389,-15" /><INIT seed="6,1,0,2,3,58" ten="155,195,276,374" oya="2" hai0="100,89,32,67,56,28,82,24,80,74,11,48,84" hai1="9,0,52,109,68,53,50,96,47,31,106,41,79" hai2="90,30,18,108,101,13,51,77,91,23,125,45,114" hai3="60,10,104,124,16,120,76,55,4,115,25,81,98"/><V70/><F114/><W116/><G120/><T134/><D134/><U39/><E109/><V59/><F125/><W42/><G116/><T85/><D74/><U61/><E79/><V37/><F70/><W103/><G124/><T105/><D105/><U35/><E0/><V102/><F37/><W83/><G115/><T3/><D100/><N who="2" m="38506" /><F108/><W130/><G130/><T133/><D133/><U111/><E111/><V121/><F121/><W123/><G123/><T12/><D3/><U78/><E78/><V43/><F77/><W88/><G42/><T33/><D33/><U27/><E9/><N who="2" m="6447" /><F59/><W69/><G88/><N who="2" m="33833" /><F23/><W71/><G71/><T7/><D85/><U75/><E39/><V131/><F131/><W57/><G69/><T122/><D122/><U19/><E75/><V54/><F30/><W94/><G76/><T63/><REACH who="0" step="1"/><D48/><REACH who="0" ten="145,195,276,374" step="2"/><U15/><E106/><V65/><F65/><W64/><G64/><T119/><D119/><U38/><E96/><V62/><F62/><W126/><G104/><T135/><D135/><U107/><E107/><V6/><F6/><W36/><G126/><T117/><D117/><U21/><E38/><V110/><F110/><W2/><G36/><T95/><AGARI ba="1,1" hai="7,11,12,24,28,32,56,63,67,80,82,84,89,95" machi="95" ten="20,8000,1" yaku="1,1,0,1,7,1,52,1,53,1" doraHai="58" doraHaiUra="8" who="0" fromWho="0" sc="145,93,195,-21,276,-41,374,-21" /><INIT seed="7,0,0,3,1,106" ten="238,174,235,353" oya="3" hai0="56,64,52,119,7,81,104,118,34,46,36,102,9" hai1="10,86,47,84,54,28,94,65,109,75,19,49,26" hai2="69,51,5,67,123,13,130,76,78,37,71,114,25" hai3="59,99,107,120,88,4,127,48,61,18,100,111,40"/><W129/><G120/><T125/><D34/><U22/><E109/><V80/><F37/><W116/><G116/><T55/><D64/><U50/><E65/><V73/><F78/><W12/><G111/><T92/><D104/><U82/><E75/><V17/><F123/><W101/><G127/><T77/><D125/><U35/><E94/><V72/><F72/><W45/><G129/><T95/><D102/><U112/><E112/><V93/><F114/><W108/><G4/><T24/><D24/><U27/><E10/><V97/><F5/><W132/><G132/><T110/><D110/><U60/><E60/><V117/><F117/><W105/><G108/><T38/><D95/><U20/><E35/><V53/><F25/><W103/><G88/><T31/><D31/><U23/><E23/><V14/><F130/><W63/><G63/><T66/><D92/><U15/><E15/><V58/><F14/><W57/><G57/><T85/><D66/><U32/><E32/><V79/><F79/><W70/><G70/><T8/><D8/><U39/><E39/><V135/><F135/><W16/><G107/><T128/><D38/><U33/><E33/><V90/><F67/><W124/><G105/><T126/><D126/><U6/><E6/><V121/><F121/><W3/><G12/><N who="0" m="5183" /><D128/><U134/><E134/><V96/><F97/><W62/><G99/><T21/><D119/><U87/><REACH who="1" step="1"/><E49/><REACH who="1" ten="238,164,235,353" step="2"/><V1/><F1/><W11/><G48/><N who="0" m="28695" /><D36/><U98/><E98/><V122/><F122/><W131/><G3/><T29/><D118/><U43/><E43/><V68/><F68/><RYUUKYOKU ba="0,1" sc="238,-15,164,15,235,15,353,-15" hai1="19,20,22,26,27,28,47,50,54,82,84,86,87" hai2="13,17,51,53,58,69,71,73,76,80,90,93,96" owari="223,-17.7,179,-32.1,250,5.0,348,44.8" /></mjloggm>