<mjloggm ver="2.3"><GO type="169" lobby="0"/><UN n0="%E3%81%97%E3%82%82%E3%82%93%E3%81%AC" n1="%E3%81%9D%E3%82%93%E3%81%97%E6%A7%98" n2="%70%6F%72%66%65%76%72%65" n3="%E7%89%A7%E5%A0%B4%E3%81%AE%E5%B0%8F%E5%A5%B3" dan="16,17,16,17" rate="2162.44,2228.83,2135.43,2187.64" sx="M,M,M,F"/><TAIKYOKU oya="0"/><INIT seed="0,0,0,0,2,132" ten="250,250,250,250" oya="0" hai0="117,29,85,99,36,94,14,37,50,60,116,35,88" hai1="105,68,15,41,111,20,40,12,84,25,62,18,79" hai2="67,91,19,1,129,28,133,127,65,96,43,102,83" hai3="5,17,78,92,10,44,57,70,46,130,97,52,123"/><T131/><D131/><U103/><E111/><V128/><F1/><W2/><G123/><T69/><D14/><U109/><E109/><V115/><F28/><W30/><G130/><T122/><D122/><U7/><E105/><V4/><F4/><W38/><G70/><T21/><D35/><U113/><E103/><V108/><F43/><W80/><G17/><T51/><D37/><U110/><E113/><V54/><F115/><W135/><G30/><T16/><D29/><U114/><E114/><V6/><F6/><W107/><G107/><T56/><D36/><U49/><E41/><V106/><F108/><W104/><G104/><T3/><D3/><U34/><E34/><V9/><F133/><W126/><G126/><T76/><D69/><U90/><E79/><V53/><F127/><W73/><G38/><T23/><D23/><U66/><E7/><V118/><F118/><W74/><G73/><T32/><D32/><U82/><REACH who="1" step="1"/><E110/><REACH who="1" ten="250,240,250,250" step="2"/><V87/><F129/><W98/><G135/><T45/><D116/><U63/><E63/><V125/><F128/><W59/><G5/><T100/><D76/><U42/><E42/><V13/><F125/><W121/><G78/><T26/><D117/><U134/><E134/><V0/><F0/><W81/><G2/><T120/><D120/><U112/><E112/><V55/><AGARI ba="0,1" hai="9,13,19,53,54,55,65,67,83,87,91,96,102,106" machi="55" ten="30,1100,0" yaku="0,1" doraHai="132" who="2" fromWho="2" sc="250,-5,240,-3,250,21,250,-3" /><INIT seed="1,0,0,1,3,135" ten="245,237,271,247" oya="1" hai0="2,10,1,31,79,97,99,75,84,109,48,73,76" hai1="105,89,7,46,114,6,54,116,20,91,9,51,78" hai2="110,68,118,61,62,29,58,19,26,30,80,49,21" hai3="129,87,33,50,60,4,16,90,95,134,70,112,121"/><U44/><E114/><V52/><F110/><W59/><G121/><T64/><D64/><U122/><E116/><V104/><F104/><W100/><G112/><T106/><D109/><U43/><E122/><V101/><F101/><W107/><G4/><T15/><D31/><N who="2" m="11786" /><F68/><W5/><G33/><T111/><D111/><U83/><E105/><V119/><F119/><W93/><G5/><T108/><D108/><U71/><E7/><V115/><F115/><W81/><G134/><T14/><D106/><U125/><E20/><V36/><F36/><W124/><G70/><T132/><D132/><U128/><E128/><V57/><F118/><W96/><G50/><T55/><D48/><U77/><E77/><V123/><F123/><W17/><G129/><T18/><D84/><U130/><E125/><V67/><F80/><W133/><G124/><T94/><D94/><U86/><E71/><V53/><F49/><W47/><G47/><T113/><D113/><U28/><E28/><V25/><F67/><W0/><G0/><T117/><D117/><U35/><E35/><V63/><F61/><W37/><G37/><T27/><D73/><U82/><E82/><V39/><F39/><W65/><G133/><T131/><D75/><U103/><E103/><V40/><F40/><W98/><G107/><T72/><D72/><U38/><REACH who="1" step="1"/><E130/><REACH who="1" ten="245,227,271,247" step="2"/><V3/><F3/><AGARI ba="0,1" hai="3,6,9,38,43,44,46,51,54,78,83,86,89,91" machi="3" ten="30,5800,0" yaku="1,1,2,1,7,1,53,0" doraHai="135" doraHaiUra="126" who="1" fromWho="2" sc="245,0,227,68,271,-58,247,0" /><INIT seed="1,1,0,0,5,134" ten="245,295,213,247" oya="1" hai0="39,4,127,94,25,28,76,69,27,97,99,91,46" hai1="13,89,3,104,74,62,75,93,57,135,128,54,24" hai2="49,117,112,20,87,40,22,123,70,9,130,10,118" hai3="44,72,107,45,80,85,115,126,98,120,51,41,68"/><U56/><E135/><V82/><F70/><W50/><G120/><T53/><D69/><U121/><E121/><V17/><F123/><W108/><G115/><T7/><D76/><U34/><E3/><V1/><F112/><W109/><G68/><T131/><D131/><U36/><E128/><V114/><F114/><W106/><G72/><T12/><D27/><U0/><E0/><V73/><F73/><W102/><G107/><T103/><D12/><U14/><E104/><V88/><F130/><W71/><G71/><T92/><D127/><U31/><E36/><V77/><F22/><W113/><G113/><T11/><D11/><U105/><E105/><V32/><F32/><W48/><G126/><T86/><D86/><U16/><E14/><V90/><F1/><W63/><G63/><T66/><D66/><U132/><E57/><V100/><F100/><W101/><G101/><T58/><D46/><U96/><REACH who="1" step="1"/><E132/><REACH who="1" ten="245,285,213,247" step="2"/><V5/><F118/><W55/><REACH who="3" step="1"/><G50/><REACH who="3" ten="245,285,213,237" step="2"/><N who="0" m="31031" /><D39/><U59/><E59/><V37/><F37/><W133/><G133/><T65/><D65/><U129/><E129/><V19/><F117/><W110/><G110/><T29/><D103/><U119/><E119/><V81/><F49/><W42/><G42/><T67/><D67/><U15/><E15/><N who="2" m="5551" /><F40/><W125/><G125/><T52/><D52/><U6/><E6/><V21/><F10/><AGARI ba="1,2" hai="10,13,16,24,31,34,54,56,62,74,75,89,93,96" machi="10" ten="30,11600,0" yaku="1,1,7,1,54,1,53,1" doraHai="134" doraHaiUra="23" who="1" fromWho="2" sc="245,0,285,139,213,-119,237,0" /><INIT seed="1,2,0,1,1,77" ten="245,424,94,237" oya="1" hai0="12,72,59,16,53,73,22,83,84,120,19,81,101" hai1="95,46,15,127,32,93,11,36,115,92,34,38,107" hai2="1,49,56,29,82,86,128,14,132,8,100,45,4" hai3="130,117,114,88,62,106,80,133,96,47,50,24,104"/><U26/><E115/><V20/><F132/><W134/><G114/><T112/><D112/><U6/><E107/><V124/><F124/><W87/><G130/><T85/><D120/><U48/><E127/><V126/><F126/><W17/><G62/><T116/><D116/><U61/><E61/><V122/><F122/><W44/><G117/><T40/><D40/><U51/><E26/><V28/><F128/><W0/><G0/><T71/><D71/><U76/><E76/><V37/><F37/><W68/><G68/><T60/><D101/><U52/><REACH who="1" step="1"/><E51/><REACH who="1" ten="245,414,94,237" step="2"/><V23/><F1/><W131/><G131/><T105/><D105/><U5/><E5/><V57/><F29/><W42/><G104/><T58/><D60/><U69/><E69/><V9/><F28/><W63/><G63/><T79/><D79/><U102/><E102/><V54/><F100/><W123/><G123/><T25/><D25/><U74/><E74/><V99/><F9/><W21/><G106/><T10/><D10/><U78/><E78/><N who="2" m="46423" /><F99/><W67/><G96/><T65/><D72/><U41/><E41/><V13/><F14/><W119/><G119/><T113/><D73/><U33/><AGARI ba="2,1" hai="6,11,15,32,33,34,36,38,46,48,52,92,93,95" machi="33" ten="40,7800,0" yaku="1,1,0,1,54,1,53,0" doraHai="77" doraHaiUra="94" who="1" fromWho="1" sc="245,-28,414,94,94,-28,237,-28" /><INIT seed="1,3,0,1,3,8" ten="217,508,66,209" oya="1" hai0="132,88,46,124,59,21,1,129,85,47,35,119,76" hai1="105,114,79,73,30,14,13,39,102,57,53,104,50" hai2="133,97,42,110,61,98,80,54,116,26,83,134,36" hai3="135,86,24,44,72,23,115,78,107,93,60,27,113"/><U67/><E114/><V77/><F116/><W121/><G107/><T0/><D35/><U48/><E39/><V5/><F36/><W16/><G121/><T127/><D119/><U17/><E30/><V63/><F42/><W69/><G135/><T37/><D132/><U118/><E118/><V38/><F38/><W51/><G72/><T111/><D111/><U25/><E73/><V22/><F5/><W100/><G100/><T34/><D34/><U32/><E79/><V9/><F9/><W82/><G93/><T74/><D129/><U56/><E32/><V94/><F110/><W43/><REACH who="3" step="1"/><G24/><REACH who="3" ten="217,508,66,199" step="2"/><T75/><D75/><U2/><E102/><V3/><F134/><W64/><AGARI ba="3,1" hai="16,23,27,43,44,51,60,64,69,78,82,86,113,115" machi="64" ten="30,7900,0" yaku="1,1,2,1,0,1,54,1,53,0" doraHai="8" doraHaiUra="91" who="3" fromWho="3" sc="217,-23,508,-42,66,-23,199,98" /><INIT seed="2,0,0,0,3,85" ten="194,466,43,297" oya="2" hai0="22,41,120,121,38,127,114,119,70,40,104,111,50" hai1="97,4,33,9,53,98,64,135,122,37,74,81,8" hai2="21,49,110,30,87,65,16,69,77,80,11,128,95" hai3="67,130,13,19,99,31,123,52,115,126,34,46,25"/><V63/><F128/><W96/><G123/><N who="0" m="47179" /><D104/><U51/><E135/><V0/><F110/><W48/><G130/><T102/><D102/><U71/><E33/><V27/><F49/><W3/><G3/><T20/><D20/><U7/><E37/><V18/><REACH who="2" step="1"/><F95/><REACH who="2" ten="194,466,33,297" step="2"/><W112/><G112/><T118/><D50/><U44/><E51/><V59/><F59/><W10/><G115/><T61/><D114/><U88/><E122/><V1/><F1/><W32/><G126/><T78/><D111/><U132/><E44/><V134/><F134/><W84/><G48/><T47/><D47/><U68/><E132/><V106/><F106/><W5/><G46/><T60/><D127/><U105/><E105/><V101/><F101/><W66/><G32/><T42/><D38/><U45/><E45/><V36/><F36/><W129/><G129/><T39/><D39/><U133/><E133/><V103/><F103/><W17/><G34/><T91/><D118/><U125/><E125/><V109/><F109/><W94/><G94/><T86/><D119/><U12/><E71/><V29/><F29/><W124/><G124/><T2/><D70/><U28/><E28/><V92/><F92/><W117/><G31/><T113/><D2/><U107/><E107/><V26/><F26/><W100/><G25/><T73/><D113/><U89/><E68/><V35/><F35/><W55/><G100/><T83/><D60/><U23/><E12/><V43/><F43/><W58/><G58/><T14/><D61/><U76/><E81/><V93/><F93/><W15/><G117/><T72/><D41/><RYUUKYOKU ba="0,1" sc="194,-10,466,-10,33,30,297,-10" hai2="0,11,16,18,21,27,30,63,65,69,77,80,87" /><INIT seed="2,1,1,0,2,24" ten="184,456,63,287" oya="2" hai0="38,105,43,93,77,86,113,31,116,51,59,97,78" hai1="124,127,8,111,56,37,7,55,76,48,3,19,9" hai2="101,64,67,95,130,94,90,39,70,6,72,42,14" hai3="73,34,106,11,132,17,35,96,79,121,68,120,110"/><V40/><F72/><W20/><G68/><T5/><D113/><U74/><E111/><V4/><F130/><W98/><G110/><T119/><D5/><U41/><E19/><V100/><F70/><W61/><G79/><T53/><D105/><U57/><E57/><V85/><F39/><W131/><G73/><T22/><D38/><U75/><E9/><V2/><F2/><W71/><G131/><T13/><D43/><N who="2" m="16426" /><F14/><W18/><G132/><T25/><D13/><U0/><E0/><V50/><F50/><W128/><G128/><T62/><D51/><U118/><E118/><N who="0" m="45097" /><D86/><U112/><E112/><V102/><F95/><W58/><G106/><T45/><D45/><N who="1" m="23727" /><E75/><V82/><F94/><W23/><G11/><T12/><D12/><U83/><AGARI ba="1,1" hai="3,7,8,48,55,56,74,76,83,124,127" m="23727" machi="83" ten="30,1100,0" yaku="25,1" doraHai="24" who="1" fromWho="1" sc="184,-4,456,24,63,-6,287,-4" /><INIT seed="3,0,0,4,3,119" ten="180,480,57,283" oya="3" hai0="6,44,133,88,12,130,122,86,50,62,99,80,101" hai1="33,29,60,11,114,30,56,67,89,17,125,110,91" hai2="78,131,57,1,37,2,15,85,76,4,66,54,135" hai3="105,41,117,58,3,79,123,32,124,38,63,118,120"/><W9/><G105/><T53/><D130/><U43/><E110/><V108/><F108/><W28/><G79/><T51/><D133/><U73/><E73/><V75/><F37/><W25/><G58/><T106/><D122/><N who="3" m="46633" /><G63/><T87/><D87/><U109/><E114/><V96/><F75/><W69/><G69/><T31/><D31/><U19/><E43/><V48/><F135/><W77/><G77/><T55/><D62/><U14/><E89/><V16/><F131/><W129/><G129/><T35/><D35/><U22/><E33/><V82/><F78/><W134/><G134/><T94/><D12/><N who="1" m="7327" /><E109/><V83/><F83/><W111/><G111/><T46/><REACH who="0" step="1"/><D6/><REACH who="0" ten="170,480,57,283" step="2"/><U10/><E30/><V27/><F4/><N who="3" m="1183" /><G124/><T107/><AGARI ba="0,1" hai="44,46,50,51,53,55,80,86,88,94,99,101,106,107" machi="107" ten="30,8000,1" yaku="1,1,0,1,9,1,54,1,53,1" doraHai="119" doraHaiUra="98" who="0" fromWho="0" sc="170,90,480,-20,57,-20,283,-40" /><INIT seed="4,0,0,0,0,117" ten="260,460,37,243" oya="0" hai0="104,1,0,2,86,30,109,72,80,66,31,119,103" hai1="99,94,41,106,48,33,115,113,101,127,68,13,75" hai2="122,107,9,39,97,57,88,27,91,79,10,4,134" hai3="52,83,124,121,55,21,108,92,38,51,12,45,130"/><T25/><D119/><U112/><E127/><V77/><F39/><W50/><G108/><T14/><D109/><U81/><E68/><V87/><F27/><W135/><G38/><T35/><D72/><U8/><E33/><V93/><F57/><W24/><G124/><T37/><D37/><U82/><E75/><V18/><F18/><W49/><G135/><T62/><D30/><U73/><E73/><V126/><F126/><W61/><G130/><T98/><D14/><U123/><E123/><V47/><F47/><W70/><G121/><T102/><D102/><U17/><E106/><V26/><F26/><W43/><G92/><T34/><D34/><U118/><E118/><V84/><F4/><W42/><G12/><T40/><D40/><U132/><E132/><V95/><F134/><W3/><G3/><T19/><D19/><U100/><E100/><V23/><F23/><W128/><G50/><T110/><D110/><U74/><E74/><V90/><F10/><W67/><G83/><T56/><REACH who="0" step="1"/><D0/><REACH who="0" ten="250,460,37,243" step="2"/><U15/><E13/><V69/><F122/><W131/><G131/><T28/><D28/><U36/><E36/><V6/><F6/><W114/><G128/><T20/><D20/><U16/><E17/><V120/><F120/><W22/><G22/><T7/><D7/><U111/><E111/><V59/><F9/><W60/><G21/><T105/><D105/><U54/><E41/><V44/><F107/><W96/><G42/><T63/><D63/><U32/><E32/><V53/><F87/><W89/><G61/><T133/><D133/><U5/><E5/><RYUUKYOKU ba="0,1" sc="250,15,460,15,37,-15,243,-15" hai0="1,2,25,31,35,56,62,66,80,86,98,103,104" hai1="8,15,16,48,54,81,82,94,99,101,112,113,115" /><INIT seed="4,1,1,2,0,133" ten="265,475,22,228" oya="0" hai0="126,39,26,110,96,127,79,36,52,78,114,31,102" hai1="30,4,99,61,131,73,19,1,85,119,29,27,88" hai2="107,60,62,14,130,103,101,66,123,80,53,135,115" hai3="23,7,18,43,111,77,108,37,6,2,55,48,112"/><T118/><D118/><U87/><E73/><V32/><F123/><W67/><G77/><N who="0" m="29195" /><D52/><U109/><E4/><V68/><F135/><W22/><G67/><T8/><D8/><U34/><E1/><V11/><F115/><W63/><G37/><T10/><D10/><U28/><E87/><V98/><F130/><W90/><G112/><T86/><D86/><U45/><E131/><V117/><F80/><W94/><G43/><T100/><D114/><U97/><E97/><V15/><F103/><N who="0" m="39466" /><D96/><U129/><E99/><V91/><F91/><W54/><G63/><T83/><D83/><U121/><E88/><V9/><F117/><W92/><G90/><T56/><D56/><U81/><E85/><V116/><F116/><W113/><G113/><T40/><D40/><U75/><E81/><V74/><F74/><W50/><REACH who="3" step="1"/><G18/><REACH who="3" ten="265,475,22,218" step="2"/><T42/><D42/><U89/><E19/><V93/><F62/><W105/><G105/><T16/><D16/><U13/><E61/><V120/><F107/><W125/><G125/><N who="0" m="47627" /><D110/><U17/><E109/><V71/><F98/><W76/><G76/><T49/><D49/><U5/><E17/><V106/><F106/><W12/><G12/><T57/><D57/><U84/><E13/><V0/><F15/><W20/><G20/><AGARI ba="1,2" hai="20,26,31,36,39" m="47627,39466,29195" machi="20" ten="30,11600,0" yaku="18,1,52,3" doraHai="133" who="0" fromWho="3" sc="265,139,475,0,22,0,218,-119" /><INIT seed="4,2,0,2,2,94" ten="404,475,22,99" oya="0" hai0="66,69,109,59,91,46,41,24,13,55,89,52,112" hai1="7,53,0,127,93,6,121,5,95,75,28,105,72" hai2="32,54,58,97,73,114,85,35,50,125,78,84,14" hai3="44,31,117,60,92,19,42,18,113,43,51,21,100"/><T126/><D112/><U63/><E121/><V99/><F114/><W29/><G117/><T134/><D134/><U133/><E105/><V68/><F68/><W106/><G106/><T11/><D126/><U8/><E133/><V88/><F125/><W2/><G2/><T40/><D109/><U38/><E38/><V74/><F73/><W135/><G113/><T124/><D124/><U17/><E127/><V1/><F1/><W30/><G135/><T123/><D123/><U47/><E28/><V129/><F129/><W130/><G130/><T10/><D24/><U101/><E93/><N who="2" m="54407" /><F74/><W110/><G110/><T48/><D55/><U3/><E17/><V71/><F71/><W76/><G76/><T96/><D41/><U128/><E128/><V22/><F32/><W104/><G104/><T103/><D66/><U37/><E37/><V12/><F35/><W25/><G18/><T70/><D70/><U39/><E39/><V122/><F122/><W36/><G60/><T27/><D27/><U116/><E116/><V120/><F120/><W62/><G62/><N who="0" m="36199" /><D69/><U56/><E47/><V115/><F115/><W45/><G29/><T79/><D79/><U119/><E119/><V107/><F107/><W33/><G33/><T132/><D132/><U77/><E77/><V16/><F14/><W57/><G57/><T80/><D13/><U102/><E3/><V15/><F12/><W81/><G81/><AGARI ba="2,0" hai="15,16,22,50,54,58,78,81,85,97,99" m="54407" machi="81" ten="30,12000,2" yaku="25,1,8,1,52,2,54,2" doraHai="94" who="2" fromWho="3" sc="404,0,475,0,22,126,99,-126" owari="404,20.4,475,57.5,148,-25.2,-27,-52.7" /></mjloggm>