<mjloggm ver="2.3"><GO type="169" lobby="0"/><UN n0="%79%61%73%73%61%6E" n1="%E8%BF%B7%E3%82%8F%E3%81%9A%E6%8A%BC%E3%81%9B%E3%82%88" n2="%E3%83%9B%E3%83%B3%E3%82%A4%E3%83%84%E8%B5%A4%EF%BC%93" n3="%65%76%31%36%33%38%34" dan="16,17,16,17" rate="2186.36,2238.29,2103.85,2154.98" sx="M,M,M,M"/><TAIKYOKU oya="0"/><INIT seed="0,0,0,3,4,65" ten="250,250,250,250" oya="0" hai0="95,130,39,17,0,74,61,77,55,41,19,111,2" hai1="51,58,101,78,91,135,129,133,15,48,80,97,118" hai2="70,132,44,20,98,14,108,43,114,93,33,110,90" hai3="120,42,83,13,46,131,82,5,37,8,84,7,102"/><T16/><D130/><U38/><E38/><V59/><F114/><W50/><G131/><T76/><D39/><U128/><E118/><V92/><F33/><W86/><G120/><T66/><D41/><U105/><E128/><V62/><F132/><N who="1" m="50761" /><E129/><V87/><F20/><W49/><G102/><T60/><D111/><N who="2" m="42538" /><F14/><W134/><G134/><T112/><D112/><U100/><E101/><N who="2" m="60615" /><F44/><W25/><G25/><T36/><D36/><U52/><E15/><V72/><F43/><W99/><G99/><T24/><D95/><U106/><E91/><V71/><F72/><W75/><G75/><T63/><D74/><N who="1" m="43095" /><E48/><V125/><F125/><W123/><G123/><T69/><D24/><U35/><E35/><V18/><F18/><W117/><G117/><T30/><D30/><U54/><E54/><AGARI ba="0,0" hai="54,59,62,70,71,87,90,93" m="60615,42538" machi="54" ten="30,3900,0" yaku="14,1,52,2" doraHai="65" who="2" fromWho="1" sc="250,0,250,-39,250,39,250,0" /><INIT seed="1,0,0,0,5,12" ten="250,211,289,250" oya="1" hai0="107,48,120,46,23,70,75,3,121,36,105,119,49" hai1="28,4,35,55,125,7,68,21,114,102,132,44,133" hai2="112,40,30,89,65,93,113,76,81,1,34,104,18" hai3="37,124,62,126,42,117,11,50,98,58,38,31,99"/><U109/><E68/><V10/><F104/><W84/><G31/><T111/><D3/><U25/><E102/><V54/><F40/><W86/><G50/><T63/><D75/><U53/><E114/><V82/><F65/><W41/><G11/><T127/><D23/><U67/><E67/><V135/><F135/><N who="1" m="51785" /><E125/><V91/><F34/><W59/><REACH who="3" step="1"/><G62/><REACH who="3" ten="250,211,289,240" step="2"/><T128/><D63/><U96/><E35/><V26/><F30/><W90/><G90/><T110/><D49/><N who="1" m="28839" /><E109/><V130/><F91/><W64/><G64/><T85/><D48/><U87/><E55/><V13/><F54/><W71/><G71/><T103/><D70/><U14/><E28/><V45/><F113/><W100/><G100/><T78/><D103/><U88/><E4/><V74/><F112/><W129/><G129/><T115/><D115/><U61/><E61/><V95/><F130/><W73/><G73/><T97/><D128/><U22/><E7/><V0/><F74/><W8/><G8/><T92/><D111/><U83/><E22/><V60/><F10/><W118/><AGARI ba="0,1" hai="37,38,41,42,58,59,84,86,98,99,117,118,124,126" machi="118" ten="25,6400,0" yaku="1,1,0,1,22,2,53,0" doraHai="12" doraHaiUra="77" who="3" fromWho="3" sc="250,-16,211,-32,289,-16,240,74" /><INIT seed="2,0,0,2,1,47" ten="234,179,273,314" oya="2" hai0="30,2,116,0,71,51,119,113,46,16,62,86,63" hai1="22,56,10,134,73,1,3,14,42,103,50,36,90" hai2="131,104,68,92,21,29,39,114,135,126,33,55,80" hai3="45,53,31,77,61,105,108,129,111,40,106,69,52"/><V12/><F68/><W23/><G77/><T124/><D30/><U66/><E134/><V72/><F39/><W82/><G82/><T17/><D113/><U4/><E73/><V32/><F104/><W64/><G106/><T117/><D86/><U123/><E123/><V25/><F114/><W79/><G79/><T67/><D62/><U59/><E103/><V70/><F70/><W87/><G87/><T19/><D124/><U128/><E128/><V112/><F112/><W83/><G83/><T11/><D11/><U26/><E36/><V118/><F135/><W88/><G88/><T48/><D46/><U89/><E1/><AGARI ba="0,0" hai="0,1,2,16,17,19,48,51,63,67,71,116,117,119" machi="1" ten="50,8000,1" yaku="12,1,52,2,54,1" doraHai="47" who="0" fromWho="1" sc="234,80,179,-80,273,0,314,0" /><INIT seed="3,0,0,2,5,109" ten="314,99,273,314" oya="3" hai0="84,52,101,71,63,117,98,79,111,4,80,118,47" hai1="107,54,34,106,17,92,40,26,53,8,104,18,45" hai2="56,62,83,38,44,96,72,6,19,55,42,23,67" hai3="122,82,133,90,134,123,119,86,66,15,108,97,120"/><W113/><G66/><T0/><D111/><U58/><E92/><V36/><F96/><W60/><G60/><T32/><D32/><U127/><E127/><V135/><F135/><N who="3" m="51723" /><G108/><T39/><D4/><U43/><E8/><V21/><F36/><W31/><G31/><T95/><D0/><U22/><E34/><V46/><F46/><W37/><G15/><T121/><D121/><U1/><E1/><V12/><F6/><W48/><G48/><T94/><D94/><U105/><N who="1" m="26624" /><DORA hai="74" /><U132/><E132/><V103/><F103/><W77/><G37/><T61/><D61/><U114/><E114/><V5/><F5/><W41/><G41/><T33/><D33/><U115/><E115/><V112/><F112/><W27/><G27/><T87/><D87/><U129/><E129/><V16/><F67/><W128/><G113/><T68/><D39/><U3/><E3/><V110/><F110/><W99/><G128/><T88/><D101/><U100/><E100/><V73/><REACH who="2" step="1"/><F83/><REACH who="2" ten="314,99,263,314" step="2"/><N who="3" m="49503" /><G119/><T11/><D47/><U125/><E45/><V30/><F30/><W2/><G2/><T9/><D118/><U20/><E125/><V69/><F69/><W126/><G126/><T49/><D117/><U78/><E58/><V75/><F75/><AGARI ba="0,1" hai="75,77,82,97,99,120,122,123" m="49503,51723" machi="75" ten="40,12000,1" yaku="20,1,34,2,52,1" doraHai="109,74" who="3" fromWho="2" sc="314,0,99,0,263,-120,314,130" /><INIT seed="3,1,0,1,1,123" ten="314,99,143,444" oya="3" hai0="52,41,76,38,78,86,116,44,81,135,57,87,117" hai1="97,101,6,124,72,105,51,54,131,18,119,63,84" hai2="82,127,107,74,50,59,30,55,0,60,11,89,35" hai3="75,108,22,13,23,118,133,58,90,126,34,49,65"/><W134/><G75/><T95/><D135/><U40/><E119/><V61/><F107/><W3/><G3/><T77/><D95/><U85/><E72/><V56/><F127/><W47/><G34/><T92/><D92/><U10/><E124/><V39/><F39/><W93/><G126/><T20/><D20/><U33/><E131/><V110/><F35/><W83/><G83/><T96/><D96/><U48/><E33/><V27/><F0/><W1/><G1/><T53/><D53/><U112/><E18/><V69/><F69/><W103/><G103/><T79/><REACH who="0" step="1"/><D86/><REACH who="0" ten="304,99,143,444" step="2"/><U24/><E54/><V2/><F55/><W62/><G134/><T128/><D128/><U121/><E97/><V113/><F74/><W12/><G133/><T32/><D32/><U31/><E85/><V17/><F11/><W9/><G23/><T66/><D66/><U80/><E10/><V104/><F104/><W25/><G9/><T91/><D91/><U46/><E105/><V100/><F89/><W70/><G90/><T68/><D68/><U8/><E8/><V130/><F130/><W106/><G93/><T132/><D132/><U111/><E84/><V71/><F71/><W15/><G70/><T5/><D5/><U43/><E6/><V99/><F99/><W29/><G106/><T129/><D129/><U94/><E94/><V36/><F100/><W120/><G65/><T26/><D26/><U67/><E24/><V102/><F27/><W42/><G22/><T4/><D4/><U21/><E21/><V125/><F102/><W98/><G25/><T73/><D73/><RYUUKYOKU ba="1,1" sc="304,30,99,-10,143,-10,444,-10" hai0="38,41,44,52,57,76,77,78,79,81,87,116,117" /><INIT seed="4,2,1,1,5,21" ten="334,89,133,434" oya="0" hai0="58,11,99,4,113,77,132,43,28,63,110,100,2" hai1="52,87,127,26,12,47,60,119,29,128,93,103,69" hai2="27,129,49,31,125,66,22,56,10,41,90,59,131" hai3="112,118,55,83,107,23,75,39,57,45,114,81,98"/><T19/><D113/><U117/><E128/><N who="2" m="49227" /><F125/><W123/><G118/><T116/><D116/><U54/><E127/><V68/><F68/><W89/><G123/><T46/><D132/><U135/><E135/><V30/><F66/><W78/><G45/><T126/><D77/><U115/><E115/><N who="3" m="44074" /><G39/><T133/><D110/><U95/><E69/><V16/><F90/><W102/><G23/><T33/><D19/><U48/><E12/><N who="2" m="7191" /><F31/><W9/><G9/><T122/><D122/><U86/><E117/><V50/><F41/><W79/><G89/><T109/><D109/><U40/><E119/><V73/><F73/><N who="3" m="43215" /><G57/><AGARI ba="2,1" hai="22,27,30,49,50,56,57,59" m="7191,49227" machi="57" ten="30,3900,0" yaku="19,1,52,1,54,1" doraHai="21" who="2" fromWho="3" sc="334,0,89,0,133,55,434,-45" /><INIT seed="5,0,0,3,5,90" ten="334,89,188,389" oya="1" hai0="28,105,118,72,58,9,19,73,101,38,14,108,0" hai1="67,61,54,110,62,128,75,80,25,18,129,77,60" hai2="26,78,109,79,3,20,2,50,95,41,29,7,10" hai3="89,103,34,70,86,99,21,63,8,113,93,96,121"/><U115/><E115/><V1/><F109/><W131/><G34/><T24/><D118/><U107/><E107/><V114/><F114/><W66/><G113/><T69/><D69/><U92/><E110/><V48/><F1/><W6/><G121/><T49/><D38/><U94/><E67/><V127/><F2/><W135/><G135/><T104/><D0/><U17/><E54/><V35/><F127/><W81/><G131/><N who="1" m="50250" /><E17/><V13/><F41/><W15/><G21/><AGARI ba="0,0" hai="18,21,25,60,61,62,75,77,80,92,94" m="50250" machi="21" ten="30,5800,0" yaku="19,1,52,2" doraHai="90" who="1" fromWho="3" sc="334,0,89,58,188,0,389,-58" /><INIT seed="5,1,0,2,2,30" ten="334,147,188,331" oya="1" hai0="57,54,122,129,124,79,115,46,102,39,14,22,130" hai1="72,87,76,134,68,109,92,2,75,127,101,113,1" hai2="126,26,98,59,105,63,61,77,123,23,89,131,135" hai3="25,111,73,10,93,125,62,104,67,78,48,120,13"/><U12/><E68/><V83/><F123/><W103/><G111/><T116/><D102/><U69/><E69/><V97/><F135/><W27/><G104/><T29/><D79/><U11/><E134/><V51/><F131/><N who="0" m="50186" /><D14/><U55/><E109/><V5/><F126/><W41/><G125/><T49/><D22/><U96/><E127/><V74/><F5/><W31/><G120/><T3/><D3/><U17/><E113/><V108/><F108/><W88/><G103/><T44/><D29/><U9/><E55/><V7/><F7/><W90/><G90/><T66/><D124/><U99/><E96/><V43/><F105/><W20/><G27/><T40/><D122/><U50/><E50/><V4/><F4/><W60/><G78/><T119/><D115/><U94/><E11/><V0/><F0/><W71/><G73/><T34/><D34/><U118/><E118/><V18/><F63/><AGARI ba="1,0" hai="39,40,44,46,49,54,57,63,66,116,119" m="50186" machi="63" ten="30,3900,0" yaku="19,1,34,2" doraHai="30" who="0" fromWho="2" sc="334,42,147,0,188,-42,331,0" /><INIT seed="6,0,0,3,2,128" ten="376,147,146,331" oya="2" hai0="120,132,63,76,133,6,66,51,43,79,90,49,131" hai1="0,75,101,107,45,54,29,4,125,57,106,12,82" hai2="114,98,21,17,44,121,32,112,83,27,2,78,46" hai3="77,40,88,30,59,7,36,100,37,71,3,26,35"/><V39/><F121/><W56/><G71/><T93/><D6/><U97/><E29/><V18/><F2/><W124/><G100/><T113/><D120/><U38/><E12/><V72/><F32/><W109/><G109/><T15/><D15/><U104/><E54/><V33/><F33/><W5/><G124/><T41/><D131/><U9/><E57/><V126/><F39/><W102/><G102/><T23/><D23/><U129/><E125/><V74/><F126/><W65/><G77/><N who="0" m="29771" /><D49/><U99/><E129/><V81/><F98/><W87/><G56/><N who="0" m="37223" /><D51/><U134/><E99/><V130/><F130/><W61/><G40/><T108/><D113/><N who="2" m="43626" /><F78/><W60/><G60/><T14/><D14/><U115/><E115/><V50/><F44/><W103/><G103/><T111/><D41/><N who="1" m="22711" /><E82/><N who="2" m="31243" /><F17/><W28/><G28/><T62/><D43/><AGARI ba="0,0" hai="18,21,27,43,46,50,72,74" m="31243,43626" machi="43" ten="30,1500,0" yaku="15,1" doraHai="128" who="2" fromWho="0" sc="376,-15,147,0,146,15,331,0" /><INIT seed="6,1,0,2,1,84" ten="361,147,161,331" oya="2" hai0="52,67,66,42,69,25,132,122,21,34,134,72,108" hai1="99,97,56,54,100,91,71,23,129,86,41,94,8" hai2="88,15,37,74,118,65,55,110,85,28,36,90,48" hai3="64,7,117,50,63,107,115,124,4,19,30,111,76"/><V75/><F118/><W98/><G117/><T92/><D108/><U43/><E71/><V130/><F110/><W80/><G111/><T39/><D34/><U89/><E129/><V112/><F65/><W103/><G124/><T3/><D72/><U104/><E8/><V16/><F28/><W53/><G115/><T114/><D3/><U125/><E23/><N who="2" m="11679" /><F130/><W58/><G19/><T116/><D69/><U35/><E35/><V128/><F128/><W47/><REACH who="3" step="1"/><G30/><REACH who="3" ten="361,147,161,321" step="2"/><T29/><D116/><U1/><E125/><V24/><F112/><W68/><G68/><T45/><D114/><U113/><E113/><V95/><F24/><W83/><G83/><T9/><D29/><U32/><E1/><V20/><F20/><W60/><G60/><T105/><D21/><U102/><E32/><V22/><F22/><W26/><G26/><T62/><D25/><U51/><E102/><V121/><F121/><W123/><G123/><T73/><D122/><U49/><E51/><V13/><F13/><W135/><G135/><T61/><D134/><U11/><E11/><V131/><F131/><W87/><AGARI ba="1,1" hai="4,7,47,50,53,58,63,64,76,80,87,98,103,107" machi="87" ten="20,2700,0" yaku="1,1,0,1,7,1,53,0" doraHai="84" doraHaiUra="31" who="3" fromWho="3" sc="361,-8,147,-8,161,-14,321,40" /><INIT seed="7,0,0,4,3,24" ten="353,139,147,361" oya="3" hai0="79,115,3,6,90,30,132,130,9,13,7,99,45" hai1="96,84,134,82,42,53,41,111,86,18,5,85,59" hai2="26,52,47,4,87,12,78,23,74,15,127,103,21" hai3="75,61,55,94,105,60,19,88,106,91,32,70,20"/><W46/><G32/><T44/><D79/><U58/><E111/><V73/><F127/><W22/><G75/><T77/><D77/><U114/><E134/><V100/><F74/><W54/><G70/><T113/><D132/><U57/><E114/><N who="0" m="43529" /><D130/><U66/><E5/><V25/><F73/><W71/><G71/><T37/><D37/><U62/><E96/><V49/><F78/><W89/><G106/><T83/><D30/><U48/><E18/><N who="2" m="12471" /><F87/><N who="1" m="33353" /><E57/><V95/><F4/><W117/><G105/><T126/><D126/><U125/><E125/><V123/><F123/><W35/><G35/><T39/><D39/><U17/><E17/><N who="2" m="12655" /><F95/><W28/><G117/><T14/><D83/><U108/><E108/><V124/><F124/><W110/><G110/><T133/><D133/><U69/><E69/><V56/><F56/><W118/><G118/><T76/><D76/><AGARI ba="0,0" hai="41,42,48,53,58,59,62,66,76,82,86" m="33353" machi="76" ten="30,1000,0" yaku="8,1" doraHai="24" who="1" fromWho="0" sc="353,-10,139,10,147,0,361,0" owari="343,14.3,149,-25.1,147,-35.3,361,46.1" /></mjloggm>