<mjloggm ver="2.3"><GO type="169" lobby="0"/><UN n0="%E3%81%82%E3%81%95%E3%81%B4%E3%82%93%EF%BC%A0%EF%BD%8D%EF%BD%8A" n1="%E3%81%BD%E3%82%93%E5%8A%A9" n2="%E8%B5%A4%E3%81%84%E9%83%A8%E5%B1%8B" n3="%53%6F%6C%69%64" dan="18,16,17,17" rate="2306.23,2072.58,2130.93,2168.83" sx="M,M,M,M"/><TAIKYOKU oya="0"/><INIT seed="0,0,0,2,2,18" ten="250,250,250,250" oya="0" hai0="66,72,60,104,79,86,26,134,38,120,63,93,106" hai1="3,8,131,100,107,69,91,17,111,129,109,76,50" hai2="15,103,95,51,22,97,54,27,52,58,115,85,57" hai3="92,42,10,73,6,34,70,14,87,62,84,19,0"/><T121/><D38/><U35/><E69/><V43/><F115/><W11/><G73/><T65/><D72/><U90/><E35/><V123/><F123/><W53/><G34/><T94/><D86/><U9/><E76/><V37/><F37/><W71/><G42/><T117/><D26/><U108/><E108/><V28/><BYE who="1" /><F43/><W31/><G31/><T49/><D49/><U48/><E48/><V46/><F85/><W133/><G133/><T126/><D79/><U125/><E125/><V16/><REACH who="2" step="1"/><F54/><REACH who="2" ten="250,250,240,250" step="2"/><W89/><G87/><T5/><D126/><UN n1="%E3%81%BD%E3%82%93%E5%8A%A9" /><U12/><E111/><V124/><F124/><W2/><G53/><T80/><D134/><U24/><E109/><V61/><F61/><W4/><REACH who="3" step="1"/><G62/><REACH who="3" ten="250,250,240,240" step="2"/><T7/><REACH who="0" step="1"/><D117/><REACH who="0" ten="240,250,240,240" step="2"/><U75/><E75/><V74/><F74/><W47/><G47/><T1/><D1/><U30/><E3/><V41/><F41/><W96/><G96/><T88/><D88/><U116/><E90/><V110/><F110/><W135/><G135/><T98/><D98/><U13/><E91/><V68/><F68/><W44/><G44/><T112/><D112/><U99/><E116/><V82/><F82/><AGARI ba="0,3" hai="5,7,60,63,65,66,80,82,93,94,104,106,120,121" machi="82" ten="25,12000,1" yaku="1,1,22,2,53,2" doraHai="18" doraHaiUra="59" who="0" fromWho="2" sc="240,150,250,0,240,-120,240,0" /><INIT seed="0,1,0,4,1,57" ten="390,250,120,240" oya="0" hai0="19,12,93,49,103,1,9,112,74,81,61,35,77" hai1="78,102,51,71,113,25,54,120,129,11,94,45,100" hai2="66,17,105,133,123,95,26,33,28,34,14,98,76" hai3="47,83,40,55,67,115,20,68,70,121,16,46,96"/><T60/><D112/><U41/><E120/><V10/><F123/><W126/><G121/><T127/><D35/><U72/><E113/><V24/><F105/><W110/><G115/><T116/><D116/><U82/><E129/><V89/><F133/><W91/><G110/><T15/><D1/><U101/><E71/><V0/><F76/><W37/><G126/><T134/><D127/><U87/><E25/><V23/><F66/><W69/><G55/><T88/><D103/><U99/><E72/><V38/><F38/><W32/><G32/><T5/><D49/><U128/><E128/><V64/><F64/><W3/><G3/><T80/><D80/><U73/><E73/><V97/><F97/><W125/><G47/><T119/><D119/><U58/><REACH who="1" step="1"/><E11/><REACH who="1" ten="390,240,120,240" step="2"/><V84/><F26/><W124/><G124/><T56/><D134/><U118/><E118/><V21/><F84/><W22/><G125/><T36/><D36/><AGARI ba="1,1" hai="36,41,45,51,54,58,78,82,87,94,99,100,101,102" machi="36" ten="30,3900,0" yaku="1,1,7,1,53,1" doraHai="57" doraHaiUra="44" who="1" fromWho="0" sc="390,-42,240,52,120,0,240,0" /><INIT seed="1,0,0,2,5,24" ten="348,292,120,240" oya="1" hai0="97,101,108,47,27,7,121,110,84,37,115,23,55" hai1="53,91,107,46,9,58,48,44,75,0,118,103,6" hai2="88,16,112,51,41,11,40,35,74,43,52,1,42" hai3="79,116,83,19,63,31,95,133,61,69,38,2,78"/><U36/><E118/><V71/><F112/><W120/><G120/><T45/><D115/><U22/><E75/><V99/><F71/><W67/><G38/><T64/><D121/><U72/><E72/><V15/><F74/><W33/><G2/><T76/><D64/><U106/><E103/><V81/><F35/><W113/><G113/><T62/><D7/><U124/><E124/><V129/><F1/><W18/><G133/><T111/><D37/><U132/><E132/><V94/><F129/><W20/><G116/><T122/><D122/><U26/><E91/><V85/><F43/><W87/><G33/><T89/><D76/><U14/><E14/><V29/><F29/><W17/><G63/><T25/><D62/><U57/><E57/><V60/><F60/><W77/><REACH who="3" step="1"/><G95/><REACH who="3" ten="348,292,120,230" step="2"/><T96/><D110/><U34/><E34/><V54/><REACH who="2" step="1"/><F51/><REACH who="2" ten="348,292,110,230" step="2"/><W30/><G30/><T21/><D108/><U125/><E36/><V92/><F92/><W100/><G100/><AGARI ba="0,2" hai="11,15,16,40,41,42,52,54,81,85,88,94,99,100" machi="100" ten="40,12000,2" yaku="1,1,8,1,54,3,53,1" doraHai="24" doraHaiUra="8" who="2" fromWho="3" sc="348,0,292,0,110,140,230,-120" /><INIT seed="2,0,0,1,5,78" ten="348,292,250,110" oya="2" hai0="96,91,109,135,129,58,107,119,0,11,56,89,97" hai1="72,128,82,29,121,18,84,5,100,76,35,21,26" hai2="90,62,115,122,36,1,52,75,70,24,99,106,37" hai3="125,22,28,40,110,113,41,108,66,44,2,64,43"/><V60/><F115/><W25/><G2/><T8/><D0/><U10/><E128/><V98/><F75/><W9/><G113/><T45/><D109/><N who="3" m="42089" /><G125/><T112/><D112/><U59/><E100/><V134/><F1/><W67/><G9/><T104/><D45/><AGARI ba="0,0" hai="22,25,28,40,41,43,44,45,64,66,67" m="42089" machi="45" ten="40,1300,0" yaku="14,1" doraHai="78" who="3" fromWho="0" sc="348,-13,292,0,250,0,110,13" /><INIT seed="3,0,0,5,0,71" ten="335,292,250,123" oya="3" hai0="48,56,44,31,82,88,24,83,92,30,2,41,130" hai1="114,128,135,133,115,17,57,27,87,20,134,13,75" hai2="81,23,89,80,4,59,12,9,64,19,45,72,16" hai3="78,36,94,96,90,33,40,1,86,51,43,103,60"/><W39/><G1/><T34/><D2/><U37/><E87/><V111/><F111/><W14/><G33/><T120/><D120/><U91/><E91/><V97/><F72/><W61/><G78/><T66/><D130/><U28/><E75/><V117/><F117/><W55/><G14/><T35/><D66/><U101/><E101/><V106/><F45/><W73/><G73/><T22/><D56/><U122/><E57/><V58/><F19/><W112/><G112/><T126/><D126/><U5/><E37/><V69/><F69/><W104/><G43/><T93/><D93/><U11/><E122/><V95/><F106/><W0/><G0/><T119/><D119/><U32/><E128/><V125/><F125/><W109/><G40/><T100/><D100/><U76/><E76/><V52/><F59/><W121/><G109/><T84/><REACH who="0" step="1"/><D30/><REACH who="0" ten="325,292,250,123" step="2"/><U105/><E105/><V54/><F64/><W98/><G121/><T99/><D99/><U110/><E110/><V79/><F79/><W26/><G96/><T70/><D70/><U74/><E74/><V38/><F58/><W68/><G68/><T67/><D67/><U118/><E118/><V129/><F129/><W124/><G124/><T47/><D47/><U116/><E116/><V3/><F80/><AGARI ba="0,1" hai="22,24,31,34,35,41,44,48,80,82,83,84,88,92" machi="80" ten="40,2600,0" yaku="1,1,54,1,53,0" doraHai="71" doraHaiUra="123" who="0" fromWho="2" sc="325,36,292,0,250,-26,123,0" /><INIT seed="4,0,0,2,3,135" ten="361,292,224,123" oya="0" hai0="100,40,131,18,0,47,64,72,127,42,86,68,87" hai1="41,19,30,115,114,116,67,134,126,113,10,61,38" hai2="29,13,128,4,46,103,97,44,107,2,57,83,35" hai3="49,109,21,54,60,20,39,132,80,55,3,75,70"/><T26/><D72/><U69/><E116/><V15/><F128/><W125/><G3/><T82/><D0/><U36/><E134/><V73/><F57/><W111/><G132/><T56/><D68/><U34/><E34/><V14/><F35/><W74/><G39/><T9/><D131/><U108/><E30/><V88/><F29/><W123/><G123/><T71/><D71/><U52/><E108/><V84/><REACH who="2" step="1"/><F73/><REACH who="2" ten="361,292,214,123" step="2"/><W112/><G75/><T121/><D56/><U102/><E69/><V98/><F98/><W101/><G74/><T5/><D121/><U91/><E113/><V11/><AGARI ba="0,1" hai="2,4,11,13,14,15,44,46,83,84,88,97,103,107" machi="11" ten="30,4000,0" yaku="1,1,0,1,54,1,53,0" doraHai="135" doraHaiUra="119" who="2" fromWho="2" sc="361,-20,292,-10,214,50,123,-10" /><INIT seed="5,0,0,1,5,15" ten="341,282,264,113" oya="1" hai0="97,105,91,128,96,118,71,77,35,110,4,2,34" hai1="70,25,64,20,45,127,90,6,115,38,102,121,74" hai2="7,108,22,52,14,126,33,124,132,56,28,9,78" hai3="82,36,10,11,101,48,111,62,40,133,29,85,39"/><U109/><E121/><V125/><F108/><W49/><G111/><T93/><D110/><U129/><E109/><V32/><F132/><W122/><G122/><T88/><D118/><U0/><E115/><V16/><F78/><W19/><G133/><T98/><D71/><U53/><E102/><V5/><F28/><W103/><G29/><T130/><D77/><U13/><E90/><N who="0" m="34345" /><D93/><U61/><E13/><V123/><F123/><W37/><G62/><T21/><D21/><U73/><E127/><V80/><F80/><W116/><G116/><T112/><D105/><U26/><E129/><N who="0" m="49769" /><D112/><U69/><E69/><V120/><F120/><W42/><G39/><T95/><D95/><U100/><E100/><V60/><REACH who="2" step="1"/><F5/><REACH who="2" ten="341,282,254,113" step="2"/><W55/><G82/><T66/><D66/><U58/><E6/><V117/><F117/><W134/><G134/><T86/><D86/><U106/><E64/><V43/><F43/><W24/><G85/><T75/><D75/><U119/><E119/><V51/><F51/><W107/><G55/><T50/><D50/><U72/><E73/><V46/><F46/><W63/><G63/><T131/><D131/><U30/><E45/><V79/><F79/><W114/><G114/><T12/><D4/><U47/><E72/><V44/><F44/><W57/><G107/><T54/><D54/><U23/><E106/><V65/><F65/><W113/><G113/><T1/><D35/><U104/><E104/><V41/><F41/><W68/><G40/><T135/><D34/><U18/><E74/><V3/><AGARI ba="0,1" hai="3,7,9,14,16,22,32,33,52,56,60,124,125,126" machi="3" ten="30,12000,2" yaku="1,1,0,1,18,1,52,1,54,2,53,0" doraHai="15" doraHaiUra="99" who="2" fromWho="2" sc="341,-30,282,-60,254,130,113,-30" /><INIT seed="6,0,0,5,3,0" ten="311,222,384,83" oya="2" hai0="44,74,5,3,93,90,2,127,85,92,19,54,135" hai1="111,118,89,71,113,128,48,109,97,38,106,105,117" hai2="69,21,101,130,26,133,28,68,8,9,121,132,13" hai3="77,14,30,34,31,64,98,23,65,42,91,134,27"/><V107/><F121/><W112/><G134/><N who="2" m="51817" /><F130/><W50/><G77/><T17/><D135/><U47/><E38/><V72/><F72/><W45/><G112/><T83/><D127/><U103/><E71/><N who="2" m="27211" /><F13/><W58/><G58/><T62/><D2/><U51/><E128/><V39/><F39/><W46/><G34/><T122/><D122/><U95/><E113/><V119/><F119/><W86/><G98/><AGARI ba="0,0" hai="8,9,21,26,28,98,101,107" m="27211,51817" machi="98" ten="30,1500,0" yaku="20,1" doraHai="0" who="2" fromWho="3" sc="311,0,222,0,384,15,83,-15" /><INIT seed="6,1,0,3,5,71" ten="311,222,399,68" oya="2" hai0="124,107,12,133,14,93,63,102,13,50,77,72,36" hai1="55,76,37,28,32,83,59,103,19,17,48,67,112" hai2="90,62,115,0,38,3,106,8,60,135,113,23,122" hai3="27,117,80,39,26,25,41,61,99,66,33,81,56"/><V123/><F106/><W92/><G117/><T5/><D107/><U74/><E112/><N who="2" m="43083" /><F90/><W100/><REACH who="3" step="1"/><G33/><REACH who="3" ten="311,222,399,58" step="2"/><T120/><D120/><U94/><E32/><V75/><F122/><W31/><G31/><T130/><D130/><U91/><E28/><V64/><F123/><W132/><G132/><T16/><D133/><U4/><E103/><V68/><F135/><W29/><G29/><T9/><D102/><U11/><E67/><V89/><F64/><W109/><G109/><T42/><D124/><U69/><E69/><V119/><F119/><W57/><G57/><T21/><D21/><U125/><E125/><V15/><F68/><W87/><G87/><T18/><D72/><U24/><E59/><V126/><F75/><W95/><G95/><T128/><D93/><U73/><E73/><V46/><F126/><W98/><G98/><T47/><D128/><U116/><E116/><V35/><F35/><W43/><G43/><T129/><D129/><U131/><E131/><V86/><F86/><W49/><G49/><T53/><D50/><U30/><E48/><V82/><F82/><W20/><G20/><T96/><D96/><U34/><E94/><V108/><F23/><W121/><G121/><T78/><D42/><U40/><E40/><V105/><F108/><W51/><G51/><T10/><D53/><U70/><E55/><V114/><F105/><W7/><G7/><T118/><D118/><U6/><E6/><V79/><F114/><W88/><G88/><T44/><D5/><U65/><E91/><V2/><F89/><W84/><G84/><T101/><D101/><RYUUKYOKU ba="1,1" sc="311,-10,222,-10,399,-10,58,30" hai3="25,26,27,39,41,56,61,66,80,81,92,99,100" /><INIT seed="7,2,1,3,2,107" ten="301,212,389,88" oya="3" hai0="93,1,130,112,134,28,69,78,101,62,54,42,9" hai1="16,0,14,118,115,51,23,63,21,75,74,4,6" hai2="90,82,19,86,123,58,55,22,126,87,3,36,88" hai3="81,2,25,80,131,117,26,124,85,132,106,10,59"/><W84/><G117/><T119/><D119/><U29/><E118/><V30/><F36/><W129/><G106/><T17/><D28/><U50/><E115/><V7/><F126/><W52/><G124/><T67/><D130/><N who="3" m="49673" /><G132/><T109/><D109/><U41/><E63/><V37/><F123/><W44/><G44/><T66/><D134/><U114/><E114/><V43/><F37/><W94/><G94/><T135/><D135/><U100/><E100/><V60/><F43/><W32/><G2/><T11/><D1/><U24/><E50/><V65/><F30/><N who="3" m="19535" /><G10/><T95/><D42/><U34/><E23/><V76/><F3/><W38/><G26/><T73/><D9/><N who="1" m="2183" /><E6/><V128/><F128/><W39/><G84/><T12/><D112/><U33/><E33/><V56/><F86/><W83/><G85/><T5/><D5/><U104/><E104/><V98/><F7/><W79/><G79/><T92/><D101/><U91/><E91/><V99/><F90/><W122/><G122/><T48/><D78/><U27/><E27/><N who="2" m="14815" /><F76/><W53/><G53/><T8/><D8/><U68/><E68/><V116/><F116/><W96/><G96/><T70/><D70/><U15/><E15/><V127/><F127/><W103/><G103/><T35/><D35/><U125/><E125/><V46/><F46/><AGARI ba="2,1" hai="14,16,21,24,29,34,41,46,51,74,75" m="2183" machi="46" ten="30,7700,0" yaku="24,1,52,2,54,1" doraHai="107" who="1" fromWho="2" sc="301,0,212,93,389,-83,88,0" owari="301,-9.9,305,10.5,306,40.6,88,-41.2" /></mjloggm>