<mjloggm ver="2.3"><GO type="169" lobby="0"/><UN n0="%E8%B5%A4%E3%81%84%E9%83%A8%E5%B1%8B" n1="%E5%BA%84%E5%8F%B8%E5%81%A5%E5%A4%AA%E6%9C%97" n2="%E3%81%AF%E3%81%9F%E3%82%86%E3%81%86" n3="%E6%AF%94%E5%98%89%E6%84%9B%E6%9C%AA" dan="17,16,16,19" rate="2134.70,2055.59,2150.77,2261.94" sx="M,M,M,F"/><TAIKYOKU oya="0"/><INIT seed="0,0,0,0,5,112" ten="250,250,250,250" oya="0" hai0="19,127,22,73,44,111,93,46,67,69,130,29,99" hai1="120,58,87,61,37,47,113,96,13,20,60,121,34" hai2="89,107,35,133,88,123,70,68,119,131,115,3,82" hai3="135,117,52,53,2,25,72,64,18,85,57,6,114"/><T124/><D73/><U108/><E34/><V16/><RYUUKYOKU type="yao9" ba="0,0" sc="250,0,250,0,250,0,250,0" hai2="3,16,35,68,70,82,88,89,107,115,119,123,131,133" /><INIT seed="0,1,0,4,1,41" ten="250,250,250,250" oya="0" hai0="28,54,108,129,45,24,80,65,38,75,96,61,2" hai1="63,101,42,5,109,7,50,33,132,57,64,107,58" hai2="92,55,46,44,124,111,105,9,27,16,59,134,104" hai3="73,66,34,49,21,76,135,40,122,67,30,116,97"/><T82/><D2/><U8/><E33/><V47/><F134/><W130/><G116/><T6/><D6/><U53/><E109/><V3/><F111/><W81/><G34/><T103/><D108/><U4/><E132/><V95/><F124/><W71/><G135/><T11/><D11/><U121/><E121/><V98/><F3/><W56/><G71/><T37/><D129/><U115/><E115/><V31/><F95/><W77/><G130/><T51/><D37/><U22/><E22/><N who="2" m="13767" /><F105/><W60/><G122/><T10/><D10/><U100/><E107/><V18/><F104/><W91/><G76/><T26/><D38/><U119/><E119/><V88/><F31/><W20/><G30/><T19/><D19/><U43/><E8/><V48/><F59/><W74/><G74/><T126/><D75/><U13/><E13/><AGARI ba="1,0" hai="9,13,18,44,46,47,48,55,88,92,98" m="13767" machi="13" ten="30,12000,2" yaku="8,1,52,3,54,2" doraHai="41" who="2" fromWho="1" sc="250,0,250,-123,250,123,250,0" /><INIT seed="1,0,0,5,4,81" ten="250,127,373,250" oya="1" hai0="79,16,134,1,94,113,52,46,67,93,20,14,107" hai1="33,95,106,19,96,116,3,104,2,64,47,13,32" hai2="63,98,101,22,12,30,80,119,56,59,112,9,42" hai3="97,103,92,91,117,131,89,87,125,7,76,27,82"/><U24/><E116/><V120/><F119/><W129/><G7/><T4/><D113/><U61/><E47/><V57/><F120/><W83/><G117/><T55/><D107/><U34/><E24/><V74/><F42/><W48/><G48/><T6/><D134/><U15/><E106/><V115/><F80/><W18/><G18/><T100/><D79/><U105/><E105/><V114/><F74/><N who="3" m="43287" /><G27/><T75/><D75/><U111/><E104/><N who="2" m="63543" /><F22/><W123/><G123/><T28/><D67/><U58/><E111/><V99/><F99/><N who="3" m="59879" /><G125/><T37/><D28/><U35/><N who="1" m="8192" /><DORA hai="43" /><U54/><E64/><N who="2" m="39015" /><F30/><W88/><G97/><T0/><D0/><U108/><E108/><V71/><F71/><W51/><G51/><T133/><D1/><U25/><E25/><V53/><F53/><W110/><G110/><T84/><D37/><U127/><E127/><V62/><F62/><W132/><G132/><T5/><D133/><U39/><E15/><V77/><F77/><AGARI ba="0,0" hai="77,83,87,88,89,91,129,131" m="59879,43287" machi="77" ten="30,7700,0" yaku="34,2,52,1,54,1" doraHai="81,43" who="3" fromWho="2" sc="250,0,127,0,373,-77,250,77" /><INIT seed="2,0,0,0,1,19" ten="250,127,296,327" oya="2" hai0="57,60,129,38,64,42,33,134,121,21,34,85,104" hai1="26,81,55,27,76,124,13,131,110,73,16,41,2" hai2="46,37,23,118,0,44,70,80,11,86,93,5,20" hai3="96,112,8,6,74,72,132,106,116,102,56,79,88"/><V30/><F118/><W29/><G116/><T3/><D121/><U52/><E2/><V43/><F70/><W120/><G120/><T58/><D104/><U87/><E110/><V78/><F30/><W18/><G132/><T67/><D3/><U133/><E133/><V114/><F114/><W94/><G112/><T89/><D134/><U82/><E131/><V91/><REACH who="2" step="1"/><F44/><REACH who="2" ten="250,127,286,327" step="2"/><W4/><G29/><T127/><D129/><U62/><E124/><V59/><F59/><W9/><G56/><T15/><D127/><U50/><E62/><V63/><F63/><W36/><G72/><AGARI ba="0,1" hai="0,5,11,20,23,37,43,46,72,78,80,86,91,93" machi="72" ten="30,18000,2" yaku="1,1,7,1,25,2,52,2,53,1" doraHai="19" doraHaiUra="83" who="2" fromWho="3" sc="250,0,127,0,286,190,327,-180" /><INIT seed="2,1,0,3,1,30" ten="250,127,476,147" oya="2" hai0="106,83,101,91,0,71,98,66,56,64,36,52,104" hai1="15,29,113,44,75,31,78,102,79,63,24,20,22" hai2="131,88,37,96,54,85,119,108,99,7,41,116,126" hai3="42,95,128,48,90,26,111,28,107,5,58,93,103"/><V21/><F131/><W60/><G128/><T35/><D0/><U120/><E113/><V57/><F126/><W130/><G111/><T122/><D122/><U89/><E75/><V105/><F108/><W77/><G130/><T33/><D36/><U127/><E127/><V10/><F21/><W121/><G121/><T114/><D114/><U39/><E102/><V59/><F59/><W76/><G107/><T86/><D104/><U27/><E120/><V4/><F4/><W50/><G5/><T70/><D66/><U72/><E72/><V3/><F41/><W68/><G68/><T2/><D2/><U129/><E15/><V109/><F37/><W135/><G135/><T51/><REACH who="0" step="1"/><D64/><REACH who="0" ten="240,127,476,147" step="2"/><U94/><E129/><V80/><F109/><W100/><G100/><T55/><D55/><U65/><E39/><V40/><F40/><W133/><G103/><T46/><D46/><U115/><E44/><V17/><F105/><W82/><G42/><T69/><AGARI ba="1,1" hai="33,35,51,52,56,69,70,71,83,86,91,98,101,106" machi="69" ten="30,8000,1" yaku="1,1,0,1,52,2,54,1,53,0" doraHai="30" doraHaiUra="43" who="0" fromWho="0" sc="240,93,127,-21,476,-41,147,-21" /><INIT seed="3,0,0,1,0,37" ten="333,106,435,126" oya="3" hai0="7,56,129,89,62,49,115,72,53,39,112,60,12" hai1="51,92,104,41,84,132,61,21,109,114,8,81,66" hai2="79,50,16,74,28,127,75,110,133,98,108,18,1" hai3="94,25,97,88,10,46,59,102,35,45,70,101,128"/><W125/><G70/><T20/><D72/><U6/><E104/><V71/><F71/><W126/><G128/><T44/><D129/><U106/><E106/><V0/><F28/><N who="3" m="19855" /><G59/><T57/><D89/><U24/><E92/><V68/><F68/><W52/><G10/><T119/><D20/><U120/><E114/><N who="0" m="43561" /><D12/><U4/><E120/><V58/><F79/><W9/><G9/><T31/><D31/><U83/><E83/><V96/><F58/><W3/><G3/><T93/><D93/><U105/><E105/><V91/><F50/><N who="3" m="28751" /><G46/><N who="0" m="27831" /><D7/><U111/><E6/><V32/><F91/><W42/><G42/><N who="0" m="22623" /><D119/><U26/><E26/><V65/><F0/><W90/><G102/><T55/><D57/><U54/><E21/><V48/><F1/><W118/><G118/><T121/><D121/><U124/><E24/><V87/><F32/><W73/><G73/><T36/><D36/><U40/><E8/><V29/><F74/><W33/><G33/><T123/><D123/><U14/><E14/><V95/><F75/><W5/><G5/><T116/><D116/><U122/><E4/><V78/><F95/><W17/><G17/><T27/><D27/><U113/><E122/><V64/><F29/><W99/><G99/><T2/><D2/><U76/><E113/><V13/><F18/><W135/><G90/><T22/><D22/><U85/><E85/><V69/><F16/><W19/><G19/><T117/><D117/><U23/><E23/><V43/><F87/><W131/><G131/><T80/><D80/><U47/><E84/><V63/><F98/><W38/><G97/><RYUUKYOKU ba="0,0" sc="333,30,106,-10,435,-10,126,-10" hai0="55,56,60,62" /><INIT seed="4,1,0,0,4,28" ten="363,96,425,116" oya="0" hai0="75,2,15,113,108,31,99,29,30,92,71,25,112" hai1="70,23,42,74,111,66,10,123,82,62,43,59,1" hai2="27,122,18,13,93,110,0,14,96,101,105,68,128" hai3="11,91,60,124,88,5,116,72,19,52,36,67,57"/><T80/><D71/><U89/><E111/><V131/><F110/><W86/><G116/><T26/><D108/><U9/><E123/><V114/><F122/><W117/><G117/><T45/><D2/><U120/><E120/><V133/><F0/><W38/><G72/><T22/><D45/><U41/><E1/><V32/><F133/><W130/><G130/><N who="2" m="49705" /><F68/><W6/><G124/><T97/><D15/><N who="2" m="5642" /><F114/><N who="0" m="44138" /><D92/><U16/><E70/><V35/><F105/><W90/><G38/><T33/><D31/><U85/><REACH who="1" step="1"/><E74/><REACH who="1" ten="363,86,425,116" step="2"/><V24/><F18/><W129/><G129/><T121/><D121/><U12/><AGARI ba="1,1" hai="9,10,12,16,23,41,42,43,59,62,66,82,85,89" machi="12" ten="30,12000,2" yaku="1,1,2,1,0,1,8,1,54,1,53,1" doraHai="28" doraHaiUra="17" who="1" fromWho="1" sc="363,-61,86,133,425,-31,116,-31" /><INIT seed="5,0,0,5,1,31" ten="302,219,394,85" oya="1" hai0="103,118,29,122,72,104,59,43,82,92,7,12,126" hai1="36,89,75,30,115,86,98,11,132,10,99,46,67" hai2="3,134,85,101,68,55,18,35,113,133,52,51,110" hai3="69,19,111,109,128,45,131,53,38,15,100,114,23"/><U26/><E115/><V57/><F110/><W130/><G69/><T120/><D118/><U22/><E75/><V44/><F68/><W70/><G70/><T102/><D104/><U54/><E132/><N who="2" m="50795" /><F3/><W17/><G100/><T20/><D43/><U88/><E67/><V60/><F101/><W9/><G38/><T13/><D126/><U1/><E1/><V93/><F113/><W78/><G78/><T37/><D37/><U119/><E119/><V25/><F18/><W27/><G45/><T127/><D127/><U77/><E77/><V39/><F39/><W33/><G53/><T105/><D105/><U117/><E117/><V108/><F108/><N who="3" m="41547" /><G114/><T71/><D71/><U65/><E65/><V28/><F85/><W64/><G64/><T2/><D2/><U95/><E99/><V74/><F93/><W107/><G107/><T48/><D92/><N who="1" m="54295" /><E36/><V42/><F74/><W121/><G121/><T14/><D120/><U125/><E125/><V4/><F4/><W135/><G135/><T80/><D122/><U0/><E0/><V34/><F42/><W81/><G81/><T112/><D112/><U62/><E62/><V123/><F123/><W50/><G50/><AGARI ba="0,0" hai="10,11,22,26,30,46,50,54,89,95,98" m="54295" machi="50" ten="30,2900,0" yaku="8,1,54,1" doraHai="31" who="1" fromWho="3" sc="302,0,219,29,394,0,85,-29" /><INIT seed="5,1,0,2,2,133" ten="302,248,394,56" oya="1" hai0="82,134,39,113,44,30,21,53,117,45,10,52,66" hai1="16,13,14,132,94,111,71,60,12,79,65,4,3" hai2="70,131,105,109,83,123,114,130,107,122,135,28,38" hai3="116,90,6,121,1,23,36,58,100,118,95,97,47"/><U115/><E132/><V74/><RYUUKYOKU type="yao9" ba="1,0" sc="302,0,248,0,394,0,56,0" hai2="28,38,70,74,83,105,107,109,114,122,123,130,131,135" /><INIT seed="5,2,0,0,0,22" ten="302,248,394,56" oya="1" hai0="13,46,116,99,49,55,108,69,122,87,114,38,24" hai1="45,121,80,126,77,112,73,79,97,89,119,34,60" hai2="5,101,18,40,85,83,94,54,98,15,118,82,2" hai3="124,6,104,105,113,30,32,95,23,35,92,3,42"/><U57/><E119/><V123/><F118/><W96/><G42/><T125/><D116/><U50/><E121/><V128/><F123/><W117/><G117/><T1/><D122/><U48/><E112/><V84/><F128/><W52/><G113/><T33/><D1/><U72/><E126/><V66/><F2/><W130/><G130/><T120/><D120/><U132/><E132/><V44/><F5/><W88/><G124/><T107/><D114/><U91/><E34/><V135/><F66/><W28/><G3/><T21/><D108/><U115/><E115/><V110/><F54/><W14/><G6/><T86/><D38/><U78/><E50/><V12/><F135/><W65/><G65/><T64/><D13/><U68/><E68/><V11/><F12/><W90/><G14/><T63/><D125/><U81/><E78/><V71/><F71/><W61/><G23/><T31/><REACH who="0" step="1"/><D21/><REACH who="0" ten="292,248,394,56" step="2"/><U53/><REACH who="1" step="1"/><E97/><REACH who="1" ten="292,238,394,56" step="2"/><V37/><F110/><W62/><REACH who="3" step="1"/><G96/><REACH who="3" ten="292,238,394,46" step="2"/><T10/><D10/><U70/><E70/><V100/><F98/><W8/><G8/><T7/><D7/><U103/><E103/><AGARI ba="2,3" hai="24,31,33,46,49,55,63,64,69,86,87,99,103,107" machi="103" ten="40,8000,1" yaku="1,1,25,2,52,1,53,0" doraHai="22" doraHaiUra="17" who="0" fromWho="1" sc="292,116,238,-86,394,0,46,0" /><INIT seed="6,0,0,4,2,127" ten="408,152,394,46" oya="2" hai0="1,81,96,26,65,114,35,3,48,89,62,8,49" hai1="59,94,77,40,97,54,60,79,69,93,110,67,38" hai2="11,119,86,75,41,117,111,101,91,112,37,14,115" hai3="19,36,46,134,30,118,68,128,27,123,74,90,71"/><V85/><F75/><W125/><G118/><T105/><D114/><N who="2" m="43562" /><F111/><W22/><G123/><T64/><D81/><U45/><E110/><V120/><F120/><W121/><G121/><T15/><D65/><U95/><REACH who="1" step="1"/><E97/><REACH who="1" ten="408,142,394,46" step="2"/><V2/><F119/><W51/><G125/><T61/><D96/><U39/><E39/><V84/><F117/><W0/><G36/><T29/><D1/><U103/><E103/><V5/><F101/><W100/><G0/><T98/><D3/><U113/><E113/><V21/><F37/><W57/><G100/><T16/><D98/><U87/><E87/><V10/><F85/><W88/><G74/><T108/><D108/><U72/><E72/><V70/><F86/><W99/><G99/><T9/><D105/><U66/><E66/><V76/><F76/><W107/><G107/><T18/><D89/><U109/><E109/><V92/><F84/><W25/><G90/><T78/><D78/><U33/><E33/><V31/><F91/><W129/><G88/><T20/><D35/><U52/><E52/><V135/><F92/><W43/><G134/><T104/><D104/><U106/><E106/><V73/><F73/><W34/><REACH who="3" step="1"/><G57/><REACH who="3" ten="408,142,394,36" step="2"/><T130/><D64/><U58/><E58/><V50/><F135/><W23/><G23/><T126/><D126/><U4/><E4/><V82/><F2/><W47/><G47/><T83/><D20/><U133/><E133/><V56/><F5/><W6/><G6/><T55/><D83/><U102/><E102/><V24/><F82/><W12/><G12/><T42/><D15/><U116/><E116/><RYUUKYOKU ba="0,2" sc="408,-15,142,15,394,-15,36,15" hai1="38,40,45,54,59,60,67,69,77,79,93,94,95" hai3="19,22,25,27,30,34,43,46,51,68,71,128,129" /><INIT seed="7,1,2,3,2,70" ten="393,157,379,51" oya="3" hai0="131,11,91,121,6,133,111,3,92,73,75,74,27" hai1="8,88,109,43,19,7,37,34,30,52,72,40,18" hai2="9,124,81,23,2,126,90,101,35,46,94,17,32" hai3="134,80,108,28,99,50,123,117,24,86,67,71,98"/><W20/><G117/><T29/><D111/><U87/><E72/><V113/><F113/><W16/><G123/><T95/><D121/><U110/><E110/><V77/><F101/><W54/><G108/><T93/><D131/><U100/><E37/><V63/><F63/><W69/><G134/><T115/><D133/><U122/><E122/><V10/><F46/><W49/><G71/><T58/><D115/><U31/><E100/><V26/><F35/><W42/><G69/><T97/><REACH who="0" step="1"/><D58/><REACH who="0" ten="383,157,379,51" step="2"/><U5/><E109/><V15/><F32/><AGARI ba="1,3" hai="3,6,11,27,29,32,73,74,75,91,92,93,95,97" machi="32" ten="40,5200,0" yaku="1,1,2,1,53,1" doraHai="70" doraHaiUra="4" who="0" fromWho="2" sc="383,85,157,0,379,-55,51,0" owari="468,56.8,157,-24.3,324,12.4,51,-44.9" /></mjloggm>