<mjloggm ver="2.3"><GO type="169" lobby="0"/><UN n0="%E3%81%AF%E3%81%BE%E3%81%A1%E3%83%AA%E3%83%BC%E3%82%B0" n1="%E5%8D%97%E5%B8%9D%E5%8D%97%E6%B5%A6" n2="%58%E7%8C%AB" n3="%E3%83%A4%E3%83%8A%E3%83%AA%E3%83%B3%E3%82%B9%E3%82%AD%E3%83%BC" dan="17,17,16,17" rate="2157.18,2222.27,2089.25,2171.73" sx="M,M,M,M"/><TAIKYOKU oya="0"/><INIT seed="0,0,0,5,2,32" ten="250,250,250,250" oya="0" hai0="132,22,41,76,46,89,57,38,113,60,133,91,106" hai1="68,110,25,16,71,95,53,97,58,45,73,84,63" hai2="81,1,2,50,36,40,59,79,62,20,66,127,67" hai3="42,74,87,72,88,107,92,15,125,13,44,80,131"/><T122/><D113/><U77/><E110/><V7/><F127/><W6/><G125/><T9/><D122/><U108/><E73/><V94/><F20/><W47/><G131/><T86/><D106/><U70/><E108/><V85/><F67/><W102/><G44/><T105/><D105/><U26/><E45/><V126/><F126/><W118/><G118/><T119/><D119/><U4/><E4/><V52/><F94/><W54/><G54/><T93/><D22/><U12/><E84/><V51/><F51/><W78/><G6/><T123/><D123/><U124/><E77/><V37/><F37/><W98/><REACH who="3" step="1"/><G74/><REACH who="3" ten="250,250,250,240" step="2"/><T112/><D112/><U29/><E124/><V49/><F49/><AGARI ba="0,1" hai="13,15,42,47,49,72,78,80,87,88,92,98,102,107" machi="49" ten="30,12000,2" yaku="1,1,2,1,7,1,24,2,54,1,53,0" doraHai="32" doraHaiUra="30" who="3" fromWho="2" sc="250,0,250,0,250,-120,240,130" /><INIT seed="1,0,0,1,1,129" ten="250,250,130,370" oya="1" hai0="112,88,107,58,116,97,44,110,41,34,103,24,11" hai1="101,5,59,124,3,99,50,69,68,47,39,131,37" hai2="12,20,49,94,21,57,19,127,40,18,78,117,132" hai3="48,83,125,119,72,10,52,134,22,86,98,92,95"/><U65/><E5/><V32/><F117/><W13/><G119/><T76/><D116/><U74/><E74/><V28/><F127/><W60/><G125/><T82/><D112/><U61/><E3/><V102/><F32/><W96/><G72/><T79/><D110/><U128/><E99/><V56/><F78/><W16/><G134/><T30/><D58/><U36/><E101/><V4/><F4/><W121/><G60/><T45/><D11/><U111/><E124/><V23/><F28/><W115/><G121/><T51/><D82/><U33/><E33/><V2/><F2/><W71/><G71/><T100/><D100/><U109/><E69/><V89/><F102/><W7/><G115/><T85/><REACH who="0" step="1"/><D44/><REACH who="0" ten="240,250,130,370" step="2"/><U93/><E68/><V31/><F31/><W75/><G75/><T8/><D8/><U122/><E122/><V108/><F108/><N who="1" m="41545" /><E93/><V43/><F132/><W25/><G92/><T84/><D84/><U80/><E80/><V26/><F57/><N who="3" m="32903" /><G95/><T38/><D38/><U87/><E87/><N who="2" m="52543" /><F23/><W120/><G120/><T113/><D113/><U9/><E9/><V70/><F70/><W64/><G64/><T67/><D67/><U126/><E126/><V66/><F66/><W46/><G46/><T135/><D135/><U42/><AGARI ba="0,1" hai="36,37,39,42,47,50,59,61,65,128,131" m="41545" machi="42" ten="40,12000,1" yaku="14,1,10,1,34,2" doraHai="129" who="1" fromWho="1" sc="240,-40,250,130,130,-40,370,-40" /><INIT seed="1,1,0,5,4,50" ten="200,380,90,330" oya="1" hai0="11,46,110,112,47,63,122,126,85,54,123,135,89" hai1="131,101,81,24,98,61,20,10,14,70,134,7,79" hai2="1,111,127,132,102,23,91,21,34,118,108,37,52" hai3="51,53,16,35,92,69,97,22,95,106,86,32,90"/><U71/><E131/><V29/><F118/><W68/><G106/><T48/><D112/><U49/><E134/><V75/><F37/><W94/><G69/><T96/><D135/><U76/><E61/><V114/><F132/><W109/><G68/><T116/><D116/><U60/><E60/><V100/><F1/><W117/><G117/><T67/><D110/><N who="2" m="42026" /><F75/><W104/><G104/><T65/><D126/><U44/><E71/><V39/><F39/><W59/><G109/><T58/><D96/><U119/><E70/><V99/><F127/><W77/><G77/><T40/><D11/><U17/><E119/><V38/><F38/><W73/><G73/><T41/><D89/><U13/><E81/><V5/><F5/><W28/><G28/><T125/><D85/><U130/><E130/><V27/><F114/><W93/><REACH who="3" step="1"/><G97/><REACH who="3" ten="200,380,90,320" step="2"/><T2/><D125/><U56/><E98/><V129/><F129/><W36/><G36/><N who="0" m="21767" /><D2/><U57/><E101/><N who="2" m="39019" /><F99/><W80/><G80/><T66/><AGARI ba="1,1" hai="41,47,48,54,58,63,65,66,67,122,123" m="21767" machi="66" ten="30,4000,0" yaku="34,2,52,1" doraHai="50" who="0" fromWho="0" sc="200,53,380,-21,90,-11,320,-11" /><INIT seed="2,0,0,2,0,19" ten="253,359,79,309" oya="2" hai0="99,85,29,61,114,128,8,129,126,90,107,18,71" hai1="57,65,1,50,10,109,2,82,0,47,84,25,124" hai2="76,3,36,37,16,6,100,70,14,77,32,113,123" hai3="118,106,23,35,130,132,69,91,93,108,79,68,15"/><V42/><F123/><W11/><G118/><T94/><D114/><U30/><E124/><V134/><F113/><W110/><G35/><T33/><D126/><U89/><E109/><N who="3" m="42090" /><G130/><N who="0" m="50283" /><D33/><U135/><E135/><V63/><F100/><W64/><G132/><T102/><D29/><U38/><E38/><V122/><F134/><W62/><G106/><T58/><D71/><U5/><E57/><V40/><F122/><W17/><G79/><T117/><D117/><U13/><E65/><V27/><F37/><W9/><G69/><T92/><D8/><U75/><E75/><V88/><F36/><W53/><G53/><N who="0" m="33999" /><D18/><U131/><E131/><V121/><F121/><W111/><N who="3" m="42098" /><W98/><AGARI ba="0,0" hai="9,11,15,17,23,62,64,68,91,93,98" m="42098" machi="98" ten="40,5200,0" yaku="4,1,14,1,52,1" doraHai="19" who="3" fromWho="3" sc="253,-13,359,-13,79,-26,309,52" /><INIT seed="3,0,0,5,2,130" ten="240,346,53,361" oya="3" hai0="75,109,59,95,37,100,110,58,7,93,68,70,106" hai1="50,48,45,55,60,65,69,79,47,97,38,4,116" hai2="35,15,19,108,83,54,125,3,22,98,20,84,57" hai3="14,31,77,21,118,89,134,124,10,27,11,56,29"/><W53/><G118/><T117/><D117/><U43/><E4/><V63/><F108/><N who="0" m="41578" /><D75/><U129/><E97/><V5/><F125/><W71/><G124/><T122/><D122/><U72/><E79/><V8/><F35/><W17/><G71/><N who="0" m="27179" /><D37/><U126/><E72/><V67/><F98/><W90/><G77/><T2/><D106/><U66/><E126/><V73/><F73/><W16/><G134/><T12/><D2/><U94/><E94/><N who="0" m="35849" /><D100/><U81/><E116/><V64/><REACH who="2" step="1"/><F22/><REACH who="2" ten="240,346,43,361" step="2"/><W91/><REACH who="3" step="1"/><G10/><AGARI ba="0,1" hai="7,10,12,58,59" m="35849,27179,41578" machi="10" ten="40,1300,0" yaku="14,1" doraHai="130" who="0" fromWho="3" sc="240,23,346,0,43,0,361,-13" /><INIT seed="4,0,0,5,5,69" ten="263,346,43,348" oya="0" hai0="86,31,44,114,50,56,6,8,84,77,35,124,14" hai1="94,0,121,125,15,111,2,70,81,23,34,131,109" hai2="135,129,132,46,64,39,55,20,30,85,60,103,11" hai3="66,38,96,122,79,33,101,21,3,88,128,126,42"/><T68/><D68/><U75/><E70/><N who="2" m="42247" /><F103/><W57/><G33/><T28/><D114/><U110/><E121/><V17/><F85/><W99/><G3/><T87/><D124/><U1/><E94/><V5/><F30/><N who="0" m="11306" /><D35/><U119/><E81/><V13/><F55/><W83/><G126/><T58/><D77/><U26/><E75/><V112/><F46/><W108/><G122/><T73/><D73/><U22/><E119/><V51/><F51/><W118/><G128/><T106/><D106/><U65/><E65/><V92/><F92/><W97/><G118/><T123/><D123/><U41/><E41/><AGARI ba="0,0" hai="6,8,14,41,44,50,56,58,84,86,87" m="11306" machi="41" ten="30,1500,0" yaku="8,1" doraHai="69" who="0" fromWho="1" sc="263,15,346,-15,43,0,348,0" /><INIT seed="4,1,0,1,3,37" ten="278,331,43,348" oya="0" hai0="64,127,21,54,69,74,31,25,81,65,78,67,114" hai1="124,76,63,33,86,80,126,106,23,62,105,134,129" hai2="95,52,82,70,73,131,100,11,102,66,50,108,59" hai3="9,94,34,107,36,5,39,96,35,97,60,103,119"/><T89/><D114/><U117/><E117/><V10/><F108/><W14/><G119/><T16/><D127/><N who="1" m="48683" /><E33/><V42/><F131/><W19/><G35/><T88/><D69/><U4/><E4/><V133/><F133/><W48/><G34/><T91/><REACH who="0" step="1"/><D54/><REACH who="0" ten="268,331,43,348" step="2"/><U71/><E71/><V83/><F70/><W122/><G122/><T0/><D0/><U79/><E129/><V93/><F66/><W24/><G60/><T111/><D111/><U77/><E134/><V132/><F132/><W84/><G48/><T128/><D128/><U61/><E23/><V46/><F73/><W47/><G39/><T43/><D43/><U115/><E115/><V56/><F56/><W45/><G36/><T57/><D57/><U27/><E27/><V130/><F130/><W125/><G125/><T68/><D68/><U72/><E72/><V18/><F10/><W92/><G24/><T101/><D101/><U120/><E120/><V99/><F102/><W87/><G45/><T2/><D2/><U17/><E17/><AGARI ba="1,1" hai="16,17,21,25,31,64,65,67,74,78,81,88,89,91" machi="17" ten="40,12000,1" yaku="1,1,54,2,53,1" doraHai="37" doraHaiUra="20" who="0" fromWho="1" sc="268,133,331,-123,43,0,348,0" /><INIT seed="4,2,0,4,2,107" ten="401,208,43,348" oya="0" hai0="78,113,32,48,100,135,17,63,114,44,69,109,27" hai1="64,134,74,52,98,118,120,65,5,22,117,2,35" hai2="129,8,19,70,10,56,105,80,95,75,13,46,34" hai3="43,102,121,51,21,29,73,115,131,16,18,96,55"/><T79/><D135/><U31/><E120/><V24/><F105/><W39/><G121/><T116/><D116/><U37/><E134/><V49/><F70/><W130/><G115/><N who="0" m="44043" /><D109/><U103/><E37/><V82/><F129/><N who="3" m="49163" /><G39/><T7/><D7/><U66/><E2/><V71/><F71/><W81/><G43/><N who="0" m="24607" /><D100/><U122/><E5/><V60/><F95/><N who="3" m="58655" /><G29/><N who="0" m="19519" /><D17/><N who="3" m="6761" /><G21/><T54/><D54/><U126/><E22/><V58/><F34/><W50/><G55/><T3/><D3/><U84/><E31/><V106/><F24/><W77/><AGARI ba="2,0" hai="50,51,73,77,81" m="6761,58655,49163" machi="77" ten="30,4000,0" yaku="19,1,52,1,54,1" doraHai="107" who="3" fromWho="3" sc="401,-22,208,-12,43,-12,348,46" /><INIT seed="5,0,0,0,5,128" ten="379,196,31,394" oya="1" hai0="37,71,25,84,44,68,87,59,132,89,35,4,67" hai1="52,47,39,133,21,43,3,77,15,95,16,23,96" hai2="28,118,90,85,122,104,40,102,42,127,10,60,111" hai3="115,109,82,29,70,49,8,0,1,55,88,93,99"/><U121/><E121/><V46/><F122/><W12/><G109/><T48/><D4/><U38/><E3/><V54/><F118/><W65/><G115/><T135/><D37/><U98/><E38/><V64/><F111/><W56/><G29/><N who="0" m="19887" /><D59/><U106/><E77/><V74/><F127/><W27/><G27/><T34/><D34/><U6/><E6/><V5/><F74/><W80/><G0/><T76/><D76/><U108/><E108/><V94/><F28/><W92/><G1/><T14/><D14/><U124/><E124/><V116/><F116/><W103/><G65/><T134/><D67/><U63/><E106/><V30/><F30/><W9/><G70/><N who="0" m="26667" /><D89/><U53/><E63/><V61/><F64/><W20/><G20/><T51/><D51/><U131/><E131/><V73/><F73/><W125/><G125/><T119/><D119/><U97/><E95/><V91/><F10/><N who="3" m="4203" /><G12/><T129/><D129/><U100/><E100/><V112/><F102/><W11/><N who="3" m="4211" /><W86/><AGARI ba="0,0" hai="49,55,56,80,82,86,88,92,93,99,103" m="4211" machi="86" ten="30,4000,0" yaku="4,1,8,1,54,1" doraHai="128" who="3" fromWho="3" sc="379,-10,196,-20,31,-10,394,40" /><INIT seed="6,0,0,4,2,89" ten="369,176,21,434" oya="2" hai0="107,72,123,118,51,106,114,32,98,132,87,99,88" hai1="22,108,41,47,120,70,69,109,64,37,92,8,10" hai2="7,44,13,104,24,75,9,62,94,50,125,129,6" hai3="4,95,58,36,20,19,73,42,40,63,3,115,85"/><V38/><F104/><N who="0" m="39978" /><D51/><U17/><E120/><V91/><F75/><W103/><G73/><T57/><D57/><U100/><E8/><V21/><F129/><W81/><G3/><T121/><D32/><U14/><E64/><V97/><F125/><W48/><G4/><T127/><D127/><U77/><E77/><V84/><F38/><W76/><G36/><T34/><D34/><U82/><E82/><V80/><F62/><W23/><G115/><T74/><D114/><U124/><E124/><V5/><F24/><W26/><G48/><T67/><D67/><U59/><E59/><V122/><F21/><W119/><G119/><T133/><D74/><U2/><E108/><V112/><F112/><W68/><G68/><T1/><D1/><U90/><E100/><V78/><REACH who="2" step="1"/><F122/><REACH who="2" ten="369,176,11,434" step="2"/><N who="0" m="46602" /><D72/><U55/><E109/><V0/><F0/><W29/><G23/><T35/><D35/><U43/><E37/><V86/><F86/><W52/><G29/><T15/><D15/><U83/><E2/><V54/><AGARI ba="0,1" hai="5,6,7,9,13,44,50,54,78,80,84,91,94,97" machi="54" ten="20,12000,1" yaku="1,1,0,1,7,1,8,1,52,1,53,0" doraHai="89" doraHaiUra="96" who="2" fromWho="2" sc="369,-40,176,-40,11,130,434,-40" /><INIT seed="6,1,0,2,3,71" ten="329,136,141,394" oya="2" hai0="122,4,129,117,127,80,104,77,22,0,106,67,76" hai1="56,30,73,134,86,132,125,101,118,96,19,121,135" hai2="5,133,83,110,63,2,54,20,27,45,123,103,109" hai3="92,59,47,51,23,119,81,10,43,112,34,49,128"/><V33/><F123/><W72/><G34/><T38/><D122/><U41/><E121/><V28/><F133/><W14/><G119/><T91/><D117/><U113/><E118/><V39/><F103/><W85/><G128/><T13/><D129/><U99/><E113/><V111/><F83/><W55/><G112/><T61/><D0/><U79/><E125/><V16/><F2/><W31/><G72/><T115/><D115/><U94/><E30/><V57/><F5/><W69/><G69/><T18/><D127/><U50/><E19/><V131/><F131/><W89/><G31/><T36/><D4/><U105/><E41/><N who="2" m="22719" /><F28/><W97/><G23/><T58/><D91/><N who="1" m="55391" /><E56/><V32/><AGARI ba="1,0" hai="16,20,27,32,33,54,57,63,109,110,111" m="22719" machi="32" ten="40,7800,0" yaku="10,1,52,1,54,1" doraHai="71" who="2" fromWho="2" sc="329,-27,136,-27,141,81,394,-27" /><INIT seed="6,2,0,1,1,13" ten="302,109,222,367" oya="2" hai0="5,55,86,3,38,34,81,134,4,36,95,130,93" hai1="40,135,48,107,125,28,133,18,97,30,7,94,14" hai2="69,22,33,82,11,9,8,52,54,50,99,104,114" hai3="88,120,62,10,26,45,87,131,44,98,112,101,116"/><V2/><F69/><W106/><G116/><T53/><D34/><U90/><E125/><V79/><F33/><W83/><G120/><T85/><D81/><U17/><E107/><V64/><F64/><W89/><G131/><T51/><D51/><U0/><E0/><V66/><F66/><W61/><G112/><T110/><D3/><U118/><E118/><V132/><F114/><W72/><G72/><T6/><D130/><U102/><E102/><V32/><F32/><W37/><G26/><T46/><D46/><N who="1" m="25671" /><E7/><V39/><F39/><W75/><G75/><T12/><D12/><U123/><E14/><V23/><F132/><N who="1" m="50761" /><E123/><V128/><F128/><W111/><G111/><T1/><D1/><U56/><E56/><V67/><F2/><W127/><G127/><T49/><D5/><U92/><E92/><V77/><F104/><W78/><G10/><T117/><D134/><U108/><E108/><V24/><F24/><W84/><G37/><T119/><D49/><U124/><E124/><V29/><F50/><W31/><G101/><T103/><D110/><U71/><E71/><V68/><F68/><W20/><G106/><T43/><D103/><U27/><E27/><V63/><F8/><W96/><G44/><T73/><D43/><U76/><E76/><V126/><F126/><W25/><G78/><T58/><D58/><U60/><E60/><N who="3" m="23146" /><G45/><T19/><D119/><U122/><E122/><V74/><F74/><W59/><G59/><T113/><D117/><U109/><E109/><V42/><F79/><W129/><G129/><T35/><D113/><U80/><E80/><AGARI ba="2,0" hai="20,25,31,80,83,84,87,88,89,96,98" m="23146" machi="80" ten="30,3900,0" yaku="6,1,8,1,54,1" doraHai="13" who="3" fromWho="1" sc="302,0,109,-45,222,0,367,45" /><INIT seed="7,0,0,0,1,124" ten="302,64,222,412" oya="3" hai0="94,119,93,30,79,111,40,134,16,110,118,54,52" hai1="99,7,129,106,34,53,58,13,23,112,78,26,72" hai2="2,101,29,114,36,38,65,91,28,19,49,66,88" hai3="85,63,39,67,25,83,5,96,75,4,21,43,51"/><W17/><G39/><T97/><D30/><U62/><E106/><V87/><F49/><W116/><G75/><T84/><D40/><U1/><E72/><V14/><F87/><W121/><G116/><T117/><D134/><U73/><E1/><V130/><F14/><W82/><G121/><T70/><D70/><U47/><E34/><V12/><F12/><W131/><G131/><T41/><D41/><U104/><E73/><V27/><F27/><W59/><G96/><T74/><D74/><U126/><E104/><V90/><F130/><W68/><G68/><T132/><D132/><U95/><E112/><V61/><F61/><W113/><G113/><T22/><D111/><U42/><E78/><V50/><F50/><W11/><G11/><T57/><D110/><U76/><E76/><V107/><F107/><W31/><G17/><T109/><D109/><U15/><E126/><V20/><F20/><W45/><G82/><T48/><D54/><U10/><E129/><V56/><F56/><W89/><AGARI ba="0,0" hai="4,5,21,25,31,43,45,51,59,63,67,83,85,89" machi="89" ten="20,3900,0" yaku="0,1,7,1,8,1" doraHai="124" who="3" fromWho="3" sc="302,-13,64,-13,222,-13,412,39" owari="289,8.9,51,-44.9,209,-19.1,451,55.1" /></mjloggm>