<mjloggm ver="2.3"><GO type="169" lobby="0"/><UN n0="%6C%6E%61%69" n1="%E5%A4%A7%E7%A9%BA%E3%82%B9%E3%83%90%E3%83%AB%E2%98%86" n2="%42%42%E3%81%A7%E3%81%99%E3%80%82" n3="%E4%B8%89%E6%B2%B3%E5%B1%8B%E3%81%AE%E3%82%B5%E3%83%96" dan="16,16,17,16" rate="2044.64,2116.50,2176.00,2135.15" sx="M,F,M,M"/><TAIKYOKU oya="0"/><INIT seed="0,0,0,4,4,60" ten="250,250,250,250" oya="0" hai0="111,94,63,49,66,44,17,124,50,74,33,57,135" hai1="115,13,83,47,35,24,18,22,69,73,97,103,53" hai2="81,126,56,107,109,37,121,105,55,76,77,42,112" hai3="92,48,5,106,25,11,120,1,8,59,90,10,108"/><T93/><D74/><U127/><E127/><V75/><F112/><W91/><G106/><T72/><D72/><U39/><E115/><V87/><F121/><W6/><G120/><T78/><D33/><U134/><E134/><V15/><F109/><W123/><G123/><T70/><D135/><U2/><E2/><V12/><F126/><W116/><G116/><T96/><D124/><U125/><E125/><V58/><F75/><W95/><G108/><T79/><D111/><U20/><E69/><V9/><F77/><W114/><G114/><T113/><D113/><U26/><E35/><V34/><F34/><W118/><G118/><T23/><D70/><U101/><E13/><V110/><F110/><W80/><G80/><T32/><D32/><U64/><E83/><V99/><F15/><W122/><G122/><T119/><D50/><U38/><E73/><V4/><F58/><W16/><G1/><T85/><D85/><U19/><E97/><V89/><F42/><W84/><G59/><T52/><D119/><U71/><E71/><V54/><F37/><W3/><G48/><T29/><D29/><U132/><E132/><V82/><F54/><W30/><G30/><T62/><D62/><U117/><E117/><V21/><F21/><N who="3" m="13479" /><G3/><T14/><D93/><U27/><E53/><V86/><F99/><AGARI ba="0,0" hai="5,6,8,10,11,84,90,91,92,95,99" m="13479" machi="99" ten="30,2000,0" yaku="8,1,54,1" doraHai="60" who="3" fromWho="2" sc="250,0,250,0,250,-20,250,20" /><INIT seed="1,0,0,4,5,126" ten="250,250,230,270" oya="1" hai0="115,49,55,71,75,91,45,69,28,41,8,29,19" hai1="85,98,0,99,86,130,89,78,32,133,52,50,16" hai2="110,101,65,17,84,10,42,129,117,123,131,57,124" hai3="2,109,7,31,43,100,108,60,59,66,21,135,118"/><U36/><E0/><V125/><F117/><W6/><G118/><T77/><D115/><U26/><E36/><V104/><F123/><W106/><G43/><T14/><D75/><U33/><E133/><V56/><F110/><N who="3" m="42603" /><G135/><T68/><D77/><U54/><E78/><V122/><F122/><W62/><G2/><T20/><D20/><N who="1" m="13575" /><E33/><V134/><F134/><W128/><G128/><N who="2" m="49225" /><F42/><W97/><G62/><T102/><D102/><U114/><E32/><V90/><F101/><W18/><G31/><T24/><D24/><AGARI ba="0,0" hai="6,7,18,21,24,59,60,66,97,100,106" m="42603" machi="24" ten="30,1000,0" yaku="14,1" doraHai="126" who="3" fromWho="0" sc="250,-10,250,0,230,0,270,10" /><INIT seed="2,0,0,1,3,58" ten="240,250,230,280" oya="2" hai0="41,40,78,119,124,57,19,64,42,74,18,120,91" hai1="112,48,47,67,116,25,98,46,38,50,75,51,2" hai2="35,1,36,73,3,22,10,117,114,113,87,89,100" hai3="135,95,14,122,126,21,90,118,85,17,134,59,69"/><V84/><F73/><W125/><G69/><T127/><D120/><U56/><E2/><V106/><F35/><W13/><G122/><T123/><D123/><U101/><E75/><V24/><F36/><W76/><G118/><T23/><D119/><U103/><E116/><V97/><F117/><W93/><G76/><T94/><D78/><U33/><E112/><V115/><F10/><W60/><G93/><T39/><D39/><U86/><E86/><V81/><REACH who="2" step="1"/><F87/><REACH who="2" ten="240,250,220,280" step="2"/><W52/><REACH who="3" step="1"/><G13/><REACH who="3" ten="240,250,220,270" step="2"/><T6/><D74/><U43/><E38/><V71/><F71/><W70/><G70/><T49/><D124/><AGARI ba="0,2" hai="14,17,21,52,59,60,85,90,95,124,125,126,134,135" machi="124" ten="40,8000,1" yaku="1,1,18,1,52,1,54,1,53,1" doraHai="58" doraHaiUra="9" who="3" fromWho="0" sc="240,-80,250,0,220,0,270,100" /><INIT seed="3,0,0,2,2,40" ten="160,250,220,370" oya="3" hai0="102,101,81,112,78,29,124,71,103,21,87,74,77" hai1="42,125,131,65,126,49,27,91,18,98,57,22,9" hai2="122,100,8,37,92,113,59,10,72,97,23,20,66" hai3="64,70,108,43,62,114,51,134,117,25,105,118,80"/><W111/><G105/><T69/><D124/><U39/><E39/><V60/><F113/><W16/><G80/><T120/><D120/><U14/><E131/><V12/><F72/><W45/><G114/><T128/><D128/><U53/><E42/><V13/><F37/><W89/><G89/><T68/><D112/><U48/><E65/><V79/><F79/><W129/><G129/><T38/><D38/><U63/><E126/><V90/><F122/><W106/><G106/><T4/><D4/><U33/><E33/><V34/><F34/><W107/><G107/><T7/><D7/><U0/><E0/><V110/><F110/><N who="3" m="42027" /><G134/><T19/><D29/><U82/><E125/><V15/><F90/><W95/><G95/><T119/><D119/><U93/><REACH who="1" step="1"/><E82/><REACH who="1" ten="160,240,220,370" step="2"/><V115/><F115/><W61/><G61/><T67/><D81/><U85/><E85/><V11/><AGARI ba="0,1" hai="8,10,11,12,13,15,20,23,59,60,66,92,97,100" machi="11" ten="30,2000,0" yaku="0,1,8,1" doraHai="40" who="2" fromWho="2" sc="160,-5,240,-5,220,30,370,-10" /><INIT seed="4,0,0,4,1,123" ten="155,235,250,360" oya="0" hai0="73,96,45,10,55,86,87,58,131,56,95,107,132" hai1="92,130,102,50,22,125,27,116,79,121,61,100,99" hai2="9,106,3,72,2,13,111,105,126,101,19,98,37" hai3="46,33,25,15,135,81,53,119,94,122,69,38,84"/><T7/><D73/><U40/><E121/><V127/><F72/><W5/><G122/><T89/><D131/><U91/><E116/><V47/><F106/><W4/><G119/><T43/><D132/><U104/><E125/><N who="2" m="47627" /><F111/><W120/><G120/><T26/><D26/><U110/><E110/><V59/><F59/><W23/><G69/><T17/><D17/><U52/><E79/><V113/><F113/><W82/><G135/><T128/><D128/><U64/><E104/><V88/><F88/><N who="3" m="53511" /><G38/><T16/><D16/><N who="1" m="12743" /><E130/><V129/><F129/><W62/><G33/><T48/><D107/><U34/><E34/><V117/><F117/><W18/><G25/><T71/><D71/><U35/><E35/><V114/><F114/><W41/><G41/><AGARI ba="0,0" hai="2,3,9,13,19,37,41,47,98,101,105" m="47627" machi="41" ten="30,1000,0" yaku="18,1" doraHai="123" who="2" fromWho="3" sc="155,0,235,0,250,10,360,-10" /><INIT seed="5,0,0,3,1,9" ten="155,235,260,350" oya="1" hai0="40,79,33,110,133,42,81,97,32,96,82,135,118" hai1="77,94,24,117,87,106,73,36,71,92,45,114,69" hai2="132,15,28,7,128,101,63,90,102,18,112,116,122" hai3="13,35,72,54,80,5,123,52,74,65,53,98,70"/><U129/><E106/><V58/><F116/><W21/><G35/><T6/><D6/><U14/><E117/><V64/><F122/><W86/><G123/><T46/><D118/><U11/><E24/><V31/><F128/><W59/><G70/><T3/><D46/><U50/><E36/><V56/><F132/><W12/><G72/><T44/><D44/><U10/><E10/><N who="2" m="4575" /><F112/><W16/><G74/><T2/><REACH who="0" step="1"/><D79/><REACH who="0" ten="145,235,260,350" step="2"/><U22/><E45/><V17/><F90/><N who="3" m="51527" /><G5/><T8/><D8/><U75/><E11/><V55/><F102/><W113/><G113/><T29/><D29/><N who="2" m="11338" /><F101/><W83/><G83/><T60/><D60/><AGARI ba="0,1" hai="17,18,55,56,58,60,63,64" m="11338,4575" machi="60" ten="30,2000,0" yaku="8,1,52,1" doraHai="9" who="2" fromWho="0" sc="145,-20,235,0,260,30,350,0" /><INIT seed="6,0,0,0,3,52" ten="125,235,290,350" oya="2" hai0="3,0,68,101,58,118,40,122,30,46,66,104,8" hai1="133,49,2,82,33,44,89,129,97,93,5,29,103" hai2="57,119,1,84,65,19,98,17,76,121,60,41,53" hai3="7,135,21,106,107,45,35,75,55,128,86,64,123"/><V56/><F119/><W117/><G117/><T43/><D122/><U74/><E133/><V67/><F121/><W115/><G123/><T87/><D68/><U90/><E129/><V120/><F120/><W124/><G35/><T47/><D118/><U134/><E134/><V12/><F1/><W22/><G75/><T83/><D30/><U125/><E125/><V4/><F41/><W26/><G135/><T9/><D104/><U112/><E112/><V100/><F4/><W92/><G128/><T37/><D101/><U127/><E127/><V51/><F67/><W91/><G124/><T73/><D73/><U34/><E29/><V23/><F19/><W42/><G115/><T114/><D114/><U94/><E5/><V113/><F113/><W105/><G64/><T27/><D27/><U24/><E24/><V99/><F100/><W95/><G7/><T78/><D0/><U108/><E2/><V50/><F50/><W130/><G55/><T16/><D3/><U28/><E28/><V25/><F25/><W116/><G130/><T36/><REACH who="0" step="1"/><D16/><REACH who="0" ten="115,235,290,350" step="2"/><U39/><E74/><V32/><F32/><W102/><G116/><T72/><D72/><U70/><E103/><V63/><F17/><N who="3" m="12591" /><G22/><T31/><D31/><U69/><E34/><V61/><F23/><W62/><G102/><T14/><D14/><U15/><E15/><V111/><F12/><W85/><G107/><T79/><D79/><U10/><E33/><V20/><F20/><W77/><G106/><T81/><D81/><U6/><E70/><V11/><F76/><W88/><G77/><T109/><D109/><RYUUKYOKU ba="0,1" sc="115,30,235,-10,290,-10,350,-10" hai0="8,9,36,37,40,43,46,47,58,66,78,83,87" /><INIT seed="7,1,1,0,5,104" ten="145,225,280,340" oya="3" hai0="4,107,29,70,48,16,124,95,38,49,75,125,102" hai1="58,101,63,41,7,15,128,37,76,33,84,69,39" hai2="6,86,44,56,67,120,34,106,112,89,77,122,114" hai3="87,18,1,28,109,117,96,99,61,55,62,27,59"/><W23/><G117/><T51/><D38/><U5/><E33/><V88/><F34/><W72/><G72/><T0/><D70/><U90/><E69/><V132/><F106/><W116/><G116/><T46/><D107/><U36/><E76/><V24/><F6/><W22/><G1/><T54/><D29/><U32/><E32/><V108/><F108/><W64/><G109/><T45/><D4/><U52/><E101/><V94/><F132/><W19/><G87/><T68/><D0/><U79/><E79/><V65/><F77/><W73/><G73/><T127/><D68/><U97/><E97/><N who="3" m="37450" /><G23/><T83/><D102/><U131/><E41/><V43/><F24/><W20/><G20/><T47/><D95/><N who="1" m="54727" /><E15/><V115/><F89/><W57/><AGARI ba="1,1" hai="18,19,22,27,28,55,57,59,61,62,64" m="37450" machi="57" ten="30,1500,0" yaku="8,1" doraHai="104" who="3" fromWho="3" sc="145,-6,225,-6,280,-6,340,28" owari="139,-36.1,219,-18.1,274,7.4,368,46.8" /></mjloggm>