<mjloggm ver="2.3"><GO type="169" lobby="0"/><UN n0="%E5%A7%AB%E7%95%99" n1="%E7%BD%AA%E5%88%91%E6%B3%95%E5%AE%9A%E4%B8%BB%E7%BE%A9" n2="%55%4D%41%E7%A2%BA%E8%AA%8D%E6%B8%88" n3="%E3%81%A8%E3%82%8D%E3%82%8D%E3%81%9D%E3%81%B0" dan="16,17,16,17" rate="2143.26,2232.08,2126.18,2234.62" sx="M,M,M,M"/><TAIKYOKU oya="0"/><INIT seed="0,0,0,2,0,34" ten="250,250,250,250" oya="0" hai0="0,11,12,77,56,120,84,41,57,52,70,124,48" hai1="30,8,115,22,54,10,18,76,40,135,1,21,117" hai2="59,58,31,33,132,100,90,130,110,102,82,71,5" hai3="133,26,81,119,103,108,128,47,98,64,79,122,66"/><T92/><D120/><U87/><E117/><V63/><F110/><W88/><G119/><T91/><D70/><U75/><E75/><V68/><F130/><W134/><G47/><T105/><D105/><U49/><E135/><V127/><F132/><N who="3" m="50795" /><G26/><T6/><D124/><U9/><E115/><V19/><F127/><W96/><G64/><T16/><D77/><U67/><E67/><V113/><F31/><W126/><G66/><T28/><D28/><U109/><E109/><V93/><F33/><W53/><G53/><T55/><D41/><U80/><E40/><V118/><F5/><W32/><G32/><T69/><D69/><U2/><E30/><V20/><F113/><W89/><G108/><T97/><D97/><U46/><REACH who="1" step="1"/><E22/><REACH who="1" ten="250,240,250,250" step="2"/><V65/><F118/><W25/><G126/><T114/><D114/><U86/><E86/><V125/><F125/><W3/><G122/><T29/><D29/><U13/><AGARI ba="0,1" hai="1,2,8,9,10,13,18,21,46,49,54,76,80,87" machi="13" ten="30,7900,0" yaku="1,1,0,1,52,2,53,0" doraHai="34" doraHaiUra="36" who="1" fromWho="1" sc="250,-39,240,89,250,-20,250,-20" /><INIT seed="1,0,0,5,1,37" ten="211,329,230,230" oya="1" hai0="16,14,86,84,111,51,0,63,73,31,123,24,12" hai1="56,36,10,3,60,124,46,57,93,28,129,126,71" hai2="43,117,27,120,55,112,106,78,118,132,54,97,103" hai3="79,113,6,88,1,128,131,125,18,99,134,53,7"/><U92/><E28/><V80/><F120/><W32/><G79/><T69/><D73/><U41/><E71/><V72/><F132/><W104/><G113/><T122/><D0/><U17/><E57/><V66/><F112/><W34/><G104/><T20/><D111/><U44/><E44/><V47/><F66/><W2/><G53/><T59/><D51/><U22/><E10/><V110/><F110/><W77/><G77/><T100/><D100/><U114/><E3/><V15/><F15/><W35/><G134/><T90/><D14/><U25/><E114/><V116/><REACH who="2" step="1"/><F27/><REACH who="2" ten="211,329,220,230" step="2"/><W67/><G1/><T85/><D69/><U48/><E129/><V107/><F107/><W49/><G67/><T130/><D130/><U96/><E36/><AGARI ba="0,1" hai="36,43,47,54,55,72,78,80,97,103,106,116,117,118" machi="36" ten="40,2600,0" yaku="1,1,52,1,53,0" doraHai="37" doraHaiUra="121" who="2" fromWho="1" sc="211,0,329,-26,220,36,230,0" /><INIT seed="2,0,0,2,3,118" ten="211,303,256,230" oya="2" hai0="10,3,130,102,62,12,59,15,88,121,95,20,113" hai1="93,135,100,86,70,34,33,9,22,50,68,123,71" hai2="83,21,79,60,106,87,131,16,36,94,51,24,54" hai3="8,101,1,26,91,122,49,66,27,39,35,109,65"/><V7/><F36/><W61/><G39/><T5/><D113/><U103/><E135/><V13/><F106/><W84/><G109/><T63/><D102/><U125/><E125/><V57/><F131/><W52/><G101/><T18/><D130/><U128/><E128/><V37/><F37/><W11/><G122/><T104/><D104/><U67/><E67/><V97/><F7/><W132/><G132/><T76/><D76/><U92/><E9/><V126/><F126/><W80/><G66/><T25/><D121/><U77/><E50/><V75/><F75/><W127/><G127/><T41/><D41/><U23/><E71/><V105/><F105/><W134/><G134/><T6/><D6/><U38/><E38/><V29/><F51/><W55/><G55/><T99/><REACH who="0" step="1"/><D63/><REACH who="0" ten="201,303,256,230" step="2"/><U19/><E77/><V43/><F43/><W124/><G61/><T82/><D82/><U30/><E103/><N who="2" m="60855" /><F29/><W90/><G124/><T89/><D89/><U96/><E100/><V114/><F114/><W115/><G91/><T107/><D107/><U44/><E93/><V74/><F74/><W85/><G90/><T14/><D14/><AGARI ba="0,1" hai="13,14,16,21,24,54,57,60,79,83,87" m="60855" machi="14" ten="30,2900,0" yaku="8,1,54,1" doraHai="118" who="2" fromWho="0" sc="201,-29,303,0,256,39,230,0" /><INIT seed="2,1,0,4,1,133" ten="172,303,295,230" oya="2" hai0="29,95,124,36,121,38,12,33,110,123,26,0,103" hai1="14,49,81,84,54,73,25,126,72,130,43,16,5" hai2="80,57,67,99,46,53,2,68,28,37,107,48,40" hai3="111,94,112,35,60,51,127,58,15,17,134,13,3"/><V115/><F115/><W120/><G3/><T21/><D0/><U30/><E130/><V11/><F28/><W96/><G35/><T122/><D110/><U88/><E5/><V82/><F2/><W128/><G120/><T104/><D104/><U34/><E43/><V108/><F108/><W102/><G111/><T27/><D12/><U71/><E71/><V24/><F24/><W78/><G134/><T113/><D113/><U100/><E100/><N who="2" m="62879" /><F11/><W119/><G119/><T10/><D10/><U42/><E42/><V39/><F39/><W4/><G112/><T41/><D41/><U32/><E32/><V50/><F50/><W20/><G128/><T118/><D118/><U101/><E101/><V8/><F8/><W76/><G51/><T65/><D65/><U129/><E129/><V66/><F66/><W132/><G132/><T1/><D1/><U23/><REACH who="1" step="1"/><E126/><REACH who="1" ten="172,293,295,230" step="2"/><V70/><F70/><W9/><REACH who="3" step="1"/><G127/><REACH who="3" ten="172,293,295,220" step="2"/><T7/><D124/><U87/><E87/><V83/><F37/><W61/><G61/><T47/><D36/><U135/><E135/><V91/><F40/><W92/><G92/><T69/><D38/><U75/><E75/><V97/><F83/><W31/><G31/><T22/><D95/><U117/><E117/><V18/><F82/><W55/><AGARI ba="1,2" hai="4,9,13,15,17,20,55,58,60,76,78,94,96,102" machi="55" ten="20,5200,0" yaku="1,1,0,1,7,1,8,1,53,0" doraHai="133" doraHaiUra="64" who="3" fromWho="3" sc="172,-14,293,-14,295,-27,220,75" /><INIT seed="3,0,0,1,2,94" ten="158,279,268,295" oya="3" hai0="93,51,29,117,116,52,91,1,118,31,67,3,2" hai1="57,130,128,71,103,18,24,48,84,119,10,28,108" hai2="77,87,19,88,12,131,75,43,20,120,79,98,124" hai3="35,89,54,38,132,69,47,58,36,83,97,39,22"/><W65/><G35/><T26/><D67/><U102/><E71/><V127/><F131/><N who="1" m="50217" /><E108/><V37/><F120/><W40/><G132/><T59/><REACH who="0" step="1"/><D26/><REACH who="0" ten="148,279,268,295" step="2"/><U11/><E24/><V85/><F124/><W126/><G126/><T81/><D81/><U110/><E110/><V68/><F127/><W23/><G83/><T104/><D104/><U101/><E119/><V46/><F75/><W6/><G65/><T30/><D30/><U95/><E28/><V25/><F25/><W49/><G69/><T90/><D90/><N who="1" m="53703" /><E18/><V66/><F68/><W129/><G129/><T100/><D100/><U32/><E32/><V16/><F66/><W62/><G6/><T133/><D133/><U44/><E57/><V33/><F33/><W17/><G17/><T7/><D7/><U80/><E80/><V4/><F4/><W8/><G89/><T96/><AGARI ba="0,1" hai="1,2,3,29,31,51,52,59,91,93,96,116,117,118" machi="96" ten="40,8000,1" yaku="1,1,0,1,52,1,54,1,53,0" doraHai="94" doraHaiUra="0" who="0" fromWho="0" sc="148,90,279,-20,268,-20,295,-40" /><INIT seed="4,0,0,5,4,116" ten="238,259,248,255" oya="0" hai0="123,113,45,96,87,112,42,66,68,102,121,34,52" hai1="30,64,59,24,58,23,84,32,48,12,60,131,74" hai2="88,91,13,114,78,61,134,63,49,85,11,93,129" hai3="20,76,2,77,3,26,115,56,39,17,99,117,8"/><T6/><D34/><U97/><E74/><V69/><F114/><N who="0" m="44138" /><D6/><U15/><E131/><V65/><F129/><W82/><G115/><T108/><D108/><U38/><E38/><V1/><F134/><W90/><G117/><T128/><D128/><U10/><E32/><V83/><F1/><W92/><G39/><T37/><D87/><U94/><E84/><V73/><F91/><W106/><G106/><N who="0" m="63815" /><D52/><N who="1" m="32007" /><E10/><V35/><F35/><W122/><G2/><T43/><D43/><U19/><E19/><V72/><F61/><AGARI ba="0,0" hai="37,42,45,61,66,68,121,123" m="63815,44138" machi="61" ten="30,11600,0" yaku="15,1,23,1,52,2" doraHai="116" who="0" fromWho="2" sc="238,116,259,0,248,-116,255,0" /><INIT seed="4,1,0,3,5,42" ten="354,259,132,255" oya="0" hai0="104,5,56,15,6,112,119,103,100,78,122,43,64" hai1="49,51,83,28,14,81,79,12,115,54,105,25,75" hai2="94,34,30,46,65,39,9,133,86,35,13,37,70" hai3="88,72,24,89,59,96,87,91,32,74,82,120,60"/><T63/><D119/><U102/><E115/><V0/><F133/><W129/><G129/><T121/><D112/><U33/><E51/><V98/><F0/><W123/><G32/><T109/><D109/><U7/><E7/><V36/><F86/><W77/><G24/><T29/><D29/><U50/><E49/><V106/><F106/><W114/><G114/><T2/><D2/><U40/><E40/><V68/><F68/><W10/><G10/><T47/><D78/><U128/><E128/><V117/><F117/><W16/><G16/><T126/><D126/><U52/><E54/><V127/><F127/><W73/><REACH who="3" step="1"/><G96/><REACH who="3" ten="354,259,132,245" step="2"/><T131/><D131/><U132/><E132/><V62/><F34/><W66/><AGARI ba="1,1" hai="59,60,66,72,73,74,77,82,87,88,89,91,120,123" machi="66" ten="40,8000,1" yaku="1,1,2,1,0,1,54,1,53,1" doraHai="42" doraHaiUra="53" who="3" fromWho="3" sc="354,-41,259,-21,132,-21,245,93" /><INIT seed="5,0,0,4,2,32" ten="313,238,111,338" oya="1" hai0="122,118,55,64,75,17,115,62,7,23,121,128,124" hai1="12,16,9,14,135,61,56,79,26,66,41,10,90" hai2="1,130,101,38,77,30,82,85,103,69,89,0,6" hai3="44,110,97,93,91,21,114,51,36,37,109,105,20"/><U106/><E106/><V33/><F130/><W58/><G114/><T81/><D118/><U104/><E104/><V59/><F69/><W86/><G37/><T19/><D128/><U27/><E135/><V2/><F38/><W18/><G36/><T125/><D55/><U108/><E79/><V126/><F126/><N who="0" m="48746" /><D115/><U43/><E108/><V132/><F132/><W123/><G123/><T107/><D107/><U73/><E73/><V25/><F6/><W52/><G21/><T111/><D111/><U28/><E90/><V78/><REACH who="2" step="1"/><F59/><REACH who="2" ten="313,238,101,338" step="2"/><W65/><G110/><T96/><D7/><U31/><E31/><V39/><F39/><W47/><G109/><T131/><D131/><U53/><E28/><V84/><F84/><W112/><G112/><T88/><D75/><U116/><E116/><V22/><F22/><W11/><G20/><T3/><D23/><U102/><E56/><V45/><F45/><W24/><G47/><T13/><D122/><U119/><E119/><V95/><F95/><W70/><G70/><T87/><D121/><U63/><E9/><V117/><F117/><W54/><G105/><T40/><D87/><U46/><E10/><V92/><F92/><W67/><G86/><T129/><D129/><U4/><E4/><V134/><F134/><W8/><G8/><T94/><D94/><U60/><E46/><V68/><F68/><W98/><G98/><T48/><D96/><U50/><E16/><V57/><F57/><W72/><G72/><T76/><D17/><U42/><E102/><AGARI ba="0,1" hai="0,1,2,25,30,33,77,78,82,85,89,101,102,103" machi="102" ten="40,8000,1" yaku="1,1,52,3,53,0" doraHai="32" doraHaiUra="71" who="2" fromWho="1" sc="313,0,238,-80,101,90,338,0" /><INIT seed="6,0,0,1,0,62" ten="313,158,191,338" oya="2" hai0="59,115,63,8,73,110,74,111,50,44,93,130,87" hai1="47,101,125,36,17,78,28,98,126,43,118,18,109" hai2="10,35,54,132,13,26,76,51,31,117,94,128,19" hai3="15,55,22,32,56,97,11,88,14,121,66,71,113"/><V30/><F117/><W41/><G32/><T106/><D106/><U72/><E118/><V37/><F37/><W46/><G121/><T79/><D115/><U61/><E109/><V99/><F128/><W1/><G1/><T91/><D130/><U105/><E28/><V58/><F132/><W127/><G127/><T112/><D112/><U5/><E5/><V122/><F122/><W4/><G71/><T65/><D8/><U100/><E100/><V53/><F76/><W23/><G15/><T129/><D129/><U0/><E0/><V131/><F131/><W6/><G6/><T21/><D21/><U29/><E29/><V124/><F124/><N who="1" m="47721" /><E61/><V2/><F2/><W3/><G3/><T40/><REACH who="0" step="1"/><D79/><REACH who="0" ten="303,158,191,338" step="2"/><U133/><E133/><V135/><F135/><W95/><G113/><T119/><D119/><U52/><E78/><V38/><F35/><W34/><G34/><T114/><D114/><U69/><E69/><V64/><F10/><W107/><G107/><T42/><D42/><U33/><E33/><V123/><F123/><W116/><G116/><T92/><D92/><U89/><E89/><V103/><F103/><W86/><G23/><T102/><D102/><U80/><E80/><V104/><F94/><W70/><G22/><T24/><D24/><U39/><E39/><V68/><F38/><W81/><G70/><T45/><D45/><N who="1" m="23783" /><E72/><AGARI ba="0,1" hai="40,44,50,59,63,65,72,73,74,87,91,93,110,111" machi="72" ten="40,2600,0" yaku="1,1,52,1,53,0" doraHai="62" doraHaiUra="134" who="0" fromWho="1" sc="303,36,158,-26,191,0,338,0" /><INIT seed="7,0,0,1,5,39" ten="339,132,191,338" oya="3" hai0="0,71,107,87,62,8,26,22,121,53,36,32,72" hai1="13,123,102,104,129,60,120,16,15,89,68,78,66" hai2="134,35,84,40,58,48,101,116,79,41,83,94,11" hai3="81,98,34,126,103,52,44,23,43,112,88,115,82"/><W47/><G34/><T37/><D53/><U45/><E129/><V21/><F35/><W76/><G126/><T111/><D87/><U90/><E78/><V132/><F116/><W55/><G88/><T6/><D22/><U135/><E135/><N who="2" m="51755" /><F21/><W2/><G2/><T119/><D111/><U117/><E117/><V63/><F11/><W131/><G23/><T122/><D72/><U80/><E13/><V99/><F48/><N who="3" m="26655" /><G131/><T77/><D77/><U29/><E29/><V10/><F10/><W128/><G128/><T3/><D107/><U73/><E73/><V130/><F130/><W14/><G14/><T91/><D91/><U67/><E67/><AGARI ba="0,0" hai="40,41,58,63,67,79,83,84,94,99,101" m="51755" machi="67" ten="30,3900,0" yaku="20,1,52,2" doraHai="39" who="2" fromWho="1" sc="339,0,132,-39,191,39,338,0" owari="339,43.9,93,-40.7,230,-17.0,338,13.8" /></mjloggm>