<mjloggm ver="2.3"><GO type="169" lobby="0"/><UN n0="%6D%6F%75%77" n1="%E5%BA%84%E5%8F%B8%E5%81%A5%E5%A4%AA%E6%9C%97" n2="%E8%80%81%E6%A5%BD" n3="%5B%5B%79%75%79%75%5D%5D" dan="16,16,17,16" rate="2119.07,2040.53,2206.76,2103.77" sx="M,M,M,M"/><TAIKYOKU oya="0"/><INIT seed="0,0,0,3,0,101" ten="250,250,250,250" oya="0" hai0="17,83,106,61,32,85,62,122,98,46,0,111,102" hai1="33,23,58,97,108,29,121,9,125,67,104,12,86" hai2="73,21,115,120,119,95,84,69,79,135,112,38,130" hai3="43,59,53,15,132,64,65,28,34,10,24,66,2"/><T114/><D114/><U55/><E121/><V30/><F30/><W11/><G132/><T5/><D122/><U3/><E108/><V74/><F21/><W118/><G118/><T117/><D117/><U81/><E125/><V20/><F20/><W45/><G2/><T129/><D32/><U18/><E67/><V1/><F95/><W107/><G107/><T47/><D129/><U50/><E97/><V54/><F84/><W52/><G11/><T6/><D111/><U110/><E110/><V56/><F79/><W80/><G80/><T89/><D47/><U90/><E3/><V42/><F56/><W78/><G78/><T41/><D17/><U25/><REACH who="1" step="1"/><E33/><REACH who="1" ten="250,240,250,250" step="2"/><V134/><F120/><W27/><G34/><T133/><D133/><U36/><E36/><V71/><F1/><W124/><G124/><T16/><D0/><U48/><E48/><V35/><F38/><W8/><G28/><T91/><D62/><U60/><E60/><V131/><F35/><W51/><G10/><T82/><D61/><U105/><AGARI ba="0,1" hai="9,12,18,23,25,29,50,55,58,81,86,90,104,105" machi="105" ten="30,8000,1" yaku="1,1,0,1,52,2,53,1" doraHai="101" doraHaiUra="76" who="1" fromWho="1" sc="250,-40,240,90,250,-20,250,-20" /><INIT seed="1,0,0,5,0,96" ten="210,330,230,230" oya="1" hai0="54,104,50,94,119,19,13,36,125,80,100,101,10" hai1="60,92,48,27,64,103,41,34,114,134,82,91,25" hai2="11,126,24,62,124,74,115,59,88,40,95,52,97" hai3="79,31,105,81,70,2,6,108,44,123,135,20,107"/><U66/><E114/><V7/><F74/><W37/><G123/><T76/><D119/><U118/><E118/><V132/><F132/><W63/><G108/><T128/><D36/><U127/><E127/><N who="2" m="48683" /><F40/><W47/><G47/><T113/><D104/><U15/><E134/><V0/><F24/><N who="1" m="9289" /><E34/><V65/><F115/><W89/><G89/><T57/><D125/><U111/><E111/><V39/><F39/><W68/><G20/><T17/><D113/><U18/><E60/><V130/><F130/><W129/><G31/><T1/><D1/><U38/><E82/><V73/><F73/><N who="3" m="43247" /><G135/><T51/><D94/><U93/><E38/><V116/><F116/><W69/><G63/><T5/><D51/><U16/><E93/><V22/><F22/><W83/><G83/><T53/><D53/><AGARI ba="0,0" hai="0,7,11,52,53,59,62,65,88,95,97" m="48683" machi="53" ten="30,3900,0" yaku="18,1,54,2" doraHai="96" who="2" fromWho="0" sc="210,-39,330,0,230,39,230,0" /><INIT seed="2,0,0,4,0,113" ten="171,330,269,230" oya="2" hai0="110,74,63,3,109,132,31,22,57,8,60,133,26" hai1="95,124,1,126,35,44,69,88,82,2,70,19,40" hai2="107,76,99,116,34,131,16,79,89,36,53,12,56" hai3="105,130,77,87,17,66,25,120,5,9,21,41,73"/><V100/><F36/><W125/><G120/><T102/><D74/><U59/><E35/><V64/><F34/><W123/><G123/><T42/><D42/><U104/><E104/><V33/><F33/><W127/><G130/><T68/><D68/><N who="1" m="26219" /><E19/><V98/><F64/><W78/><G105/><T134/><D102/><U55/><E82/><V96/><F131/><W15/><G66/><T112/><D57/><U7/><E7/><V49/><F116/><W111/><G73/><T108/><REACH who="0" step="1"/><D112/><REACH who="0" ten="161,330,269,230" step="2"/><U128/><E128/><V103/><F103/><W20/><G41/><T65/><D65/><U94/><E59/><V32/><F32/><W97/><G111/><T43/><D43/><U122/><E55/><V30/><F100/><W48/><G125/><T54/><D54/><U86/><E122/><V67/><F67/><W23/><G127/><N who="1" m="48682" /><E95/><V114/><F114/><W83/><G48/><AGARI ba="0,1" hai="1,2,40,44,48,86,88,94" m="48682,26219" machi="48" ten="30,2000,0" yaku="18,1,54,1" doraHai="113" who="1" fromWho="3" sc="161,0,330,30,269,0,230,-20" /><INIT seed="3,0,0,2,0,94" ten="161,360,269,210" oya="3" hai0="25,135,123,48,89,111,124,85,43,31,115,132,102" hai1="59,128,0,119,30,79,77,116,121,95,20,15,127" hai2="130,134,41,51,35,44,63,76,54,107,29,112,28" hai3="22,88,92,46,40,78,13,113,126,110,86,8,38"/><W104/><G113/><T26/><D43/><U19/><E121/><V12/><F107/><W87/><G104/><T24/><D48/><U68/><E68/><V65/><F35/><W50/><G126/><T80/><D123/><U14/><E0/><V133/><F130/><W9/><G110/><T131/><D124/><U21/><E30/><V70/><F76/><W108/><G108/><T57/><D111/><U3/><E3/><V27/><F112/><W2/><G38/><T1/><D1/><U129/><E95/><V98/><F98/><N who="3" m="57607" /><G2/><T32/><D115/><U109/><E109/><V100/><F100/><W114/><G114/><T11/><D11/><N who="3" m="4169" /><G78/><T117/><D117/><U125/><E19/><AGARI ba="0,0" hai="13,19,22,40,46,50,86,87" m="4169,57607" machi="19" ten="30,5800,0" yaku="8,1,52,1,54,1" doraHai="94" who="3" fromWho="1" sc="161,0,360,-58,269,0,210,58" /><INIT seed="3,1,0,2,4,57" ten="161,302,269,268" oya="3" hai0="25,18,102,27,75,123,61,105,133,20,59,63,135" hai1="98,101,130,6,33,70,94,111,26,23,46,0,13" hai2="134,87,86,106,48,97,10,11,127,96,112,108,12" hai3="78,53,84,85,117,107,121,67,71,31,131,50,34"/><W73/><G117/><T17/><D75/><U113/><E113/><V116/><F112/><W76/><G121/><T91/><D123/><U62/><E111/><V8/><F116/><W119/><G119/><T66/><D102/><U32/><E130/><V45/><F108/><W9/><G131/><T65/><D105/><U29/><E0/><V103/><F127/><W28/><G107/><T69/><D91/><U38/><E38/><V104/><F134/><W5/><G73/><T15/><REACH who="0" step="1"/><D17/><REACH who="0" ten="151,302,269,268" step="2"/><U95/><E46/><V126/><F126/><W114/><G114/><T42/><D42/><U77/><E77/><V81/><F103/><W19/><G19/><T132/><AGARI ba="1,1" hai="15,18,20,25,27,59,61,63,65,66,69,132,133,135" machi="132" ten="30,8000,1" yaku="1,1,0,1,20,1,52,2,53,0" doraHai="57" doraHaiUra="44" who="0" fromWho="0" sc="151,93,302,-21,269,-21,268,-41" /><INIT seed="4,0,0,4,5,23" ten="244,281,248,227" oya="0" hai0="69,71,33,4,90,1,108,17,25,61,112,68,131" hai1="103,30,28,110,93,129,31,88,66,84,0,19,12" hai2="7,120,27,15,11,50,113,94,91,135,72,123,81" hai3="117,95,42,83,115,40,101,105,65,45,55,111,39"/><T102/><D112/><U78/><E110/><V67/><F113/><W58/><G115/><T3/><D108/><U21/><E129/><V57/><F135/><W79/><G111/><T34/><D131/><U119/><E119/><V32/><F81/><W107/><G117/><T134/><D134/><U59/><E0/><V60/><F72/><W74/><G40/><T20/><D61/><N who="1" m="38207" /><E103/><V106/><F106/><W85/><G65/><T35/><D4/><U62/><E62/><V49/><F120/><W127/><G127/><T98/><REACH who="0" step="1"/><D90/><REACH who="0" ten="234,281,248,227" step="2"/><U92/><E78/><V118/><F118/><W29/><G101/><T99/><D99/><U8/><E93/><AGARI ba="0,1" hai="1,3,17,20,25,33,34,35,68,69,71,93,98,102" machi="93" ten="50,4800,0" yaku="1,1,52,1,53,0" doraHai="23" doraHaiUra="77" who="0" fromWho="1" sc="234,58,281,-48,248,0,227,0" /><INIT seed="4,1,0,2,2,69" ten="292,233,248,227" oya="0" hai0="28,127,81,45,47,74,106,101,52,75,26,43,8" hai1="77,66,68,6,18,83,134,122,12,80,42,76,91" hai2="39,71,87,54,53,41,14,123,105,104,48,124,92" hai3="102,132,128,121,19,98,64,89,135,32,22,99,129"/><T23/><D127/><U31/><E122/><V29/><F29/><W7/><G32/><T78/><D106/><U108/><E108/><V1/><F1/><W111/><G111/><T16/><D101/><U0/><E91/><V35/><F35/><W15/><G121/><T10/><D75/><U112/><E31/><V97/><F54/><W110/><G110/><T94/><D94/><U73/><E6/><V117/><F117/><W34/><G34/><T88/><D88/><U25/><E25/><V115/><F115/><W55/><G64/><T46/><D43/><U93/><E0/><V86/><F14/><W37/><G37/><T85/><D74/><U67/><E68/><V61/><F87/><W90/><G7/><T11/><REACH who="0" step="1"/><D52/><REACH who="0" ten="282,233,248,227" step="2"/><U107/><E107/><V133/><F104/><W17/><G55/><T56/><D56/><U9/><E93/><V24/><F105/><W118/><G102/><T65/><D65/><U62/><E112/><V36/><F41/><W49/><G49/><T130/><D130/><U51/><E62/><V84/><F124/><W103/><G103/><T59/><D59/><U120/><E120/><V70/><F123/><W33/><G33/><T57/><D57/><U13/><E51/><V5/><F70/><W114/><G114/><T38/><D38/><U21/><E42/><V116/><F71/><W60/><G60/><T20/><D20/><U79/><E73/><V131/><F61/><W126/><G126/><T63/><D63/><U2/><E67/><V4/><F48/><W40/><G22/><T109/><D109/><U58/><E21/><RYUUKYOKU ba="1,1" sc="282,30,233,-10,248,-10,227,-10" hai0="8,10,11,16,23,26,28,45,46,47,78,81,85" /><INIT seed="4,2,1,0,3,55" ten="312,223,238,217" oya="0" hai0="127,117,9,63,76,73,85,59,54,60,108,79,7" hai1="118,64,4,6,120,116,92,8,102,61,30,71,74" hai2="124,94,38,43,96,1,84,115,129,10,89,77,49" hai3="86,29,83,121,41,131,119,22,21,33,25,13,14"/><T52/><D117/><U56/><E120/><V46/><F115/><W133/><G119/><T69/><D73/><U135/><E74/><V128/><F124/><W0/><G0/><T109/><D127/><U72/><E72/><V27/><F27/><W106/><G106/><T95/><D95/><U5/><E135/><V32/><F32/><W123/><G133/><T48/><D63/><U100/><E8/><V11/><F38/><W66/><G41/><T90/><D90/><U19/><E19/><V88/><F77/><W28/><G66/><T132/><D132/><U57/><E30/><V68/><F68/><W39/><G39/><T53/><D69/><U97/><E71/><V34/><F34/><W122/><G86/><T26/><D26/><U81/><E81/><V3/><F3/><W67/><G67/><N who="0" m="39327" /><D48/><U70/><E70/><V37/><F37/><W126/><G83/><T91/><D109/><U130/><E130/><N who="2" m="50283" /><F1/><W99/><G99/><T107/><D107/><U103/><REACH who="1" step="1"/><E57/><REACH who="1" ten="312,213,238,217" step="2"/><V78/><F78/><W75/><G75/><T36/><D79/><U111/><E111/><V101/><F89/><AGARI ba="2,2" hai="4,5,6,56,61,64,89,92,97,100,102,103,116,118" machi="89" ten="40,5200,0" yaku="1,1,52,1,53,1" doraHai="55" doraHaiUra="62" who="1" fromWho="2" sc="312,0,213,78,238,-58,217,0" /><INIT seed="5,0,0,0,1,113" ten="312,291,180,217" oya="1" hai0="71,135,54,44,19,16,47,117,3,88,20,53,63" hai1="94,83,82,74,103,10,107,98,120,102,79,36,28" hai2="131,7,89,77,95,15,105,22,8,126,84,60,133" hai3="73,128,61,78,37,39,13,122,125,66,18,30,70"/><U56/><E36/><V118/><F105/><W115/><G122/><T86/><D117/><U12/><E120/><V17/><F126/><W91/><G115/><T132/><D3/><U123/><E123/><V124/><F124/><W100/><G125/><T11/><D11/><U67/><E28/><V14/><F131/><W31/><G128/><T116/><D116/><U55/><E67/><V2/><F133/><N who="0" m="51274" /><D19/><U33/><E33/><V93/><F118/><W96/><G91/><T59/><D54/><U51/><E83/><V90/><F77/><W119/><G119/><T101/><D101/><U65/><E65/><V49/><F60/><W48/><G39/><T81/><D71/><U38/><E38/><V72/><F72/><W127/><G37/><T104/><D104/><U25/><E25/><AGARI ba="0,0" hai="16,20,25,44,47,53,59,63,81,86,88" m="51274" machi="25" ten="30,3900,0" yaku="20,1,54,2" doraHai="113" who="0" fromWho="1" sc="312,39,291,-39,180,0,217,0" /><INIT seed="6,0,0,4,4,52" ten="351,252,180,217" oya="2" hai0="38,78,120,119,5,43,53,13,83,16,60,116,104" hai1="61,10,112,73,48,91,36,121,45,110,11,111,21" hai2="74,90,17,126,123,92,87,107,100,9,57,47,24" hai3="84,20,41,14,50,2,113,25,66,26,32,68,31"/><V35/><F123/><W49/><G2/><T79/><D104/><U15/><E36/><V59/><F74/><W34/><G113/><T82/><D5/><U19/><E11/><V76/><F76/><W23/><G41/><T101/><D101/><U30/><E73/><V28/><F126/><W93/><G68/><T125/><D83/><U130/><E130/><V99/><REACH who="2" step="1"/><F47/><REACH who="2" ten="351,252,170,217" step="2"/><W0/><G0/><T67/><D79/><U18/><E121/><V27/><F27/><W69/><G34/><T22/><D125/><U40/><E112/><V131/><F131/><W103/><G25/><T55/><D120/><U102/><E111/><V127/><F127/><W71/><G32/><T37/><D78/><U128/><E110/><V98/><F98/><W115/><G115/><T118/><D118/><U134/><E128/><V63/><F63/><W65/><G71/><T94/><D60/><U96/><E61/><V46/><F46/><W89/><G69/><T117/><D117/><U114/><E114/><V88/><F88/><W70/><G70/><T44/><D119/><U62/><E62/><V85/><F85/><W58/><G103/><T3/><D44/><U81/><E102/><V33/><F33/><W105/><G105/><T64/><D116/><U106/><E106/><V133/><F133/><W129/><G129/><T108/><D108/><U42/><E134/><V122/><F122/><W75/><G75/><T51/><D67/><N who="3" m="25609" /><G58/><T124/><D64/><U72/><E42/><V6/><F6/><W80/><G80/><T97/><D82/><U95/><E81/><V109/><F109/><RYUUKYOKU ba="0,1" sc="351,-15,252,-15,170,15,217,15" hai2="9,17,24,28,35,57,59,87,90,92,99,100,107" hai3="14,20,23,26,31,49,50,84,89,93" /><INIT seed="6,1,1,4,0,118" ten="336,237,185,232" oya="2" hai0="87,8,41,4,127,2,21,97,29,98,9,95,100" hai1="17,74,46,132,125,35,120,42,88,25,6,108,56" hai2="19,62,75,72,130,78,83,92,7,122,89,47,105" hai3="38,10,0,91,85,18,66,14,37,34,60,117,5"/><V81/><F105/><W1/><G117/><T129/><D41/><U76/><E108/><V20/><F130/><W107/><G107/><T28/><D21/><U69/><E69/><V121/><F7/><W59/><G34/><T13/><D127/><U77/><E74/><V11/><F11/><W52/><G66/><T16/><D129/><U131/><E6/><V49/><F62/><W94/><G0/><T116/><D116/><U51/><E132/><V57/><F57/><W101/><REACH who="3" step="1"/><G101/><REACH who="3" ten="336,237,185,222" step="2"/><T54/><D100/><U128/><E131/><V50/><F75/><W124/><G124/><T112/><D2/><U65/><E125/><V30/><F30/><W23/><AGARI ba="1,2" hai="1,5,10,14,18,23,37,38,52,59,60,85,91,94" machi="23" ten="20,8000,1" yaku="1,1,0,1,7,1,54,1,53,1" doraHai="118" doraHaiUra="53" who="3" fromWho="3" sc="336,-21,237,-21,185,-41,222,103" /><INIT seed="7,0,0,3,2,28" ten="315,216,144,325" oya="3" hai0="68,133,69,94,60,67,26,89,87,34,126,108,23" hai1="44,51,32,48,20,42,102,9,43,62,76,105,38" hai2="128,109,61,40,125,100,30,41,19,117,71,77,36" hai3="91,39,45,59,3,5,113,119,15,53,50,24,33"/><W4/><G119/><T22/><D108/><U115/><E115/><V57/><F109/><W135/><G3/><T10/><D133/><U16/><E76/><V18/><F117/><W58/><G135/><T79/><D126/><U13/><E105/><V6/><F125/><W81/><G113/><T97/><D69/><U78/><E102/><V106/><F128/><W1/><G1/><T129/><D129/><U130/><E78/><V85/><F6/><W49/><G39/><T64/><D64/><U86/><E86/><V96/><F77/><W29/><G15/><T37/><D37/><U121/><E121/><V12/><F85/><W35/><G35/><T134/><D10/><U7/><E62/><V65/><F12/><W8/><G8/><T75/><D75/><U107/><E107/><V88/><F57/><W99/><G59/><T82/><D134/><U111/><E130/><V25/><F88/><W74/><G74/><T122/><D122/><U104/><E104/><V98/><F98/><W72/><G72/><T127/><D127/><U110/><E38/><V73/><F73/><W83/><G83/><T131/><D131/><U101/><E101/><V21/><F21/><W93/><G81/><T0/><D0/><U70/><E20/><V123/><F123/><W90/><G90/><T118/><D118/><U84/><E13/><V54/><F54/><AGARI ba="0,0" hai="4,5,24,29,33,45,49,50,53,54,58,91,93,99" machi="54" ten="30,2900,0" yaku="7,1,52,1" doraHai="28" who="3" fromWho="2" sc="315,0,216,0,144,-29,325,29" owari="315,11.5,216,-18.4,115,-38.5,354,45.4" /></mjloggm>