<mjloggm ver="2.3"><GO type="169" lobby="0"/><UN n0="%6D%79%6D%65%6C%6F%58%58" n1="%54%61%6B%61%79%61%40" n2="%6D%65%6C%65%78" n3="%E3%83%81%E3%83%83%E3%82%BF%E3%82%BD%E3%83%BC" dan="17,16,16,16" rate="2206.99,2084.36,2090.62,2143.32" sx="M,M,M,F"/><TAIKYOKU oya="0"/><INIT seed="0,0,0,2,0,41" ten="250,250,250,250" oya="0" hai0="80,134,11,81,8,99,62,3,42,129,77,93,122" hai1="38,46,82,18,37,98,20,103,23,0,67,84,130" hai2="100,26,73,70,25,48,52,88,108,111,109,66,71" hai3="34,94,118,104,120,64,106,47,1,27,119,19,87"/><T125/><D122/><U69/><E0/><V60/><F100/><W35/><G1/><T126/><D129/><U133/><E130/><V83/><F70/><W14/><G120/><T13/><D134/><U110/><E110/><V131/><F131/><W51/><G64/><T44/><D62/><U116/><E116/><V101/><F101/><W40/><G118/><T114/><D114/><U115/><E133/><V90/><F73/><W21/><G119/><T75/><D81/><U17/><E115/><V121/><F121/><W33/><REACH who="3" step="1"/><G27/><REACH who="3" ten="250,250,250,240" step="2"/><N who="2" m="10249" /><F83/><W54/><G54/><T107/><D3/><U65/><E65/><V53/><F53/><W30/><G30/><T96/><D125/><U57/><E69/><V102/><F102/><W79/><G79/><T10/><D126/><U74/><E67/><V39/><F39/><W78/><G78/><T76/><D76/><U68/><E68/><V31/><F31/><W22/><G22/><T24/><D77/><U105/><E74/><V123/><F123/><W28/><G28/><T49/><D75/><U97/><E103/><V58/><AGARI ba="0,1" hai="48,52,58,60,66,71,88,90,108,109,111" m="10249" machi="58" ten="40,5200,0" yaku="14,1,54,2" doraHai="41" who="2" fromWho="2" sc="250,-26,250,-13,250,62,240,-13" /><INIT seed="1,0,0,5,3,108" ten="224,237,312,227" oya="1" hai0="93,44,5,129,49,45,84,74,81,43,135,32,17" hai1="50,83,7,28,134,113,96,60,68,26,37,116,15" hai2="63,27,9,99,12,24,21,115,118,76,127,38,126" hai3="102,97,88,0,125,31,75,128,51,69,23,110,105"/><U3/><E116/><V18/><F38/><W16/><G110/><T57/><D129/><U20/><E37/><V130/><F76/><W62/><G128/><T46/><D135/><U29/><E134/><V122/><F130/><W67/><G125/><N who="2" m="47625" /><F118/><W64/><G0/><T120/><D32/><U33/><E28/><V25/><F63/><W11/><G75/><T79/><D120/><U95/><E50/><V86/><F99/><W87/><G64/><T56/><D5/><U114/><E83/><V117/><F86/><W104/><G104/><T92/><D74/><U80/><E80/><V41/><F41/><W107/><G107/><T19/><D43/><U78/><E78/><V123/><F117/><W59/><G11/><T82/><D82/><U133/><E133/><V101/><F101/><W54/><G31/><T111/><D111/><U13/><E60/><V40/><F40/><W42/><G42/><T103/><D103/><U66/><E68/><V85/><F85/><W47/><G69/><T89/><D79/><U2/><E66/><V106/><F106/><W22/><REACH who="3" step="1"/><G16/><REACH who="3" ten="224,237,312,217" step="2"/><N who="0" m="6219" /><D49/><U6/><E2/><V70/><F70/><W131/><G131/><T14/><D14/><U4/><E3/><V61/><F9/><W53/><G53/><T8/><D8/><U90/><REACH who="1" step="1"/><E33/><REACH who="1" ten="224,227,312,217" step="2"/><V132/><F132/><W91/><G91/><N who="0" m="53351" /><D81/><AGARI ba="0,2" hai="22,23,47,51,54,59,62,67,81,87,88,97,102,105" machi="81" ten="30,3900,0" yaku="1,1,7,1,54,1,53,0" doraHai="108" doraHaiUra="112" who="3" fromWho="0" sc="224,-39,227,0,312,0,217,59" /><INIT seed="2,0,0,2,5,16" ten="185,227,312,276" oya="2" hai0="113,93,80,50,88,21,18,30,22,64,120,2,101" hai1="15,84,36,8,82,115,11,62,33,132,34,52,19" hai2="104,99,128,20,23,42,83,70,37,111,109,35,55" hai3="85,28,96,79,87,0,71,51,48,112,133,63,102"/><V10/><F35/><W116/><G133/><T108/><D120/><U103/><E132/><V89/><F70/><W118/><G112/><T75/><D113/><U49/><E36/><V5/><F128/><W129/><G0/><T94/><D2/><U59/><E115/><V3/><F37/><W40/><G129/><T43/><D108/><N who="2" m="41546" /><F42/><W32/><G116/><T77/><D64/><U41/><E103/><N who="2" m="62591" /><F55/><W46/><G51/><T122/><D122/><U61/><E34/><V17/><F17/><W107/><G118/><T72/><D72/><U126/><E33/><V47/><F47/><W105/><G105/><T90/><D101/><U76/><E126/><V121/><F121/><W134/><G79/><T123/><D123/><U26/><E26/><V100/><F100/><W114/><G114/><T78/><D78/><U1/><E41/><V124/><F124/><W54/><G40/><T44/><D30/><U117/><E117/><V73/><F89/><W7/><G134/><T38/><D38/><U45/><E59/><V65/><F65/><N who="3" m="41407" /><G7/><T58/><D58/><U13/><E1/><V130/><F130/><W39/><G39/><T110/><D110/><U6/><AGARI ba="0,0" hai="6,8,11,13,15,19,45,49,52,61,62,76,82,84" machi="6" ten="20,5200,0" yaku="0,1,7,1,8,1,54,1" doraHai="16" who="1" fromWho="1" sc="185,-13,227,52,312,-26,276,-13" /><INIT seed="3,0,0,2,4,64" ten="172,279,286,263" oya="3" hai0="32,101,40,104,57,99,27,95,120,75,91,42,65" hai1="30,128,111,105,38,135,67,106,114,5,82,17,109" hai2="87,132,62,33,26,74,126,9,56,24,107,124,110" hai3="31,130,8,55,68,53,80,21,108,116,133,36,13"/><W70/><G116/><T131/><D120/><U119/><E30/><V125/><F74/><W88/><G36/><T134/><D134/><U85/><E17/><V35/><F132/><W94/><G133/><T15/><D15/><U48/><E5/><V1/><F107/><W113/><G113/><T92/><D131/><U49/><E67/><V14/><F1/><W44/><G130/><T6/><D6/><U63/><E63/><V90/><F110/><W54/><G80/><T89/><D75/><U93/><E93/><V84/><F24/><W47/><G108/><T73/><D73/><U20/><E20/><V58/><F26/><W16/><G31/><T86/><D32/><U19/><E19/><V10/><F58/><W100/><G100/><T60/><REACH who="0" step="1"/><D27/><REACH who="0" ten="162,279,286,263" step="2"/><U39/><E135/><V129/><F129/><W69/><REACH who="3" step="1"/><G21/><REACH who="3" ten="162,279,286,253" step="2"/><T122/><D122/><U11/><E128/><V22/><F22/><W66/><G66/><T115/><D115/><U45/><E114/><V71/><F33/><W127/><G127/><T52/><D52/><U117/><E111/><V43/><F35/><W96/><AGARI ba="0,2" hai="8,13,16,44,47,53,54,55,68,69,70,88,94,96" machi="96" ten="40,18000,2" yaku="1,1,0,1,52,3,54,2,53,0" doraHai="64" doraHaiUra="112" who="3" fromWho="3" sc="162,-60,279,-60,286,-60,253,200" /><INIT seed="3,1,0,4,3,30" ten="102,219,226,453" oya="3" hai0="16,10,37,29,102,78,125,89,5,27,41,117,40" hai1="7,85,134,92,84,77,23,60,109,68,9,58,73" hai2="113,1,67,28,38,75,71,131,110,36,135,72,45" hai3="112,124,70,111,46,12,39,133,0,120,103,22,69"/><W108/><G0/><T104/><D117/><U98/><E109/><N who="3" m="42058" /><G103/><T44/><D125/><U93/><E68/><N who="3" m="26218" /><G22/><T43/><D89/><U56/><E56/><V115/><F1/><W14/><G12/><T18/><D78/><U65/><E134/><V25/><F110/><W53/><G14/><T4/><D41/><U42/><E42/><V122/><F135/><W48/><G133/><T127/><D43/><U100/><E93/><V24/><F71/><W105/><G105/><T114/><D127/><U128/><E128/><V34/><F122/><W119/><G124/><T97/><D114/><U33/><E33/><V132/><F132/><W17/><G17/><T64/><D64/><U126/><E126/><V79/><F67/><W80/><G80/><T61/><D61/><U87/><E23/><V116/><F34/><W76/><G76/><T51/><D5/><U31/><E31/><V20/><F79/><W95/><G95/><T107/><D107/><U94/><E73/><V106/><F106/><W74/><G74/><T130/><D130/><U57/><E94/><V15/><F131/><W62/><G120/><T50/><D18/><U129/><E129/><V118/><F20/><W35/><G112/><T81/><D16/><U101/><E77/><V123/><F123/><W63/><G35/><N who="0" m="20927" /><D81/><U91/><E57/><V83/><F83/><W21/><G119/><T32/><D32/><U90/><E91/><V55/><F116/><W6/><G6/><T47/><D4/><U52/><E65/><V19/><F118/><W99/><G99/><T59/><D97/><U66/><E66/><RYUUKYOKU ba="1,0" sc="102,-10,219,30,226,-10,453,-10" hai1="7,9,52,58,60,84,85,87,90,92,98,100,101" /><INIT seed="4,2,0,4,2,29" ten="92,249,216,443" oya="0" hai0="125,69,132,20,64,45,44,99,26,54,127,76,105" hai1="9,96,80,112,81,89,94,15,38,72,102,118,87" hai2="124,47,100,90,52,24,122,66,6,106,55,88,68" hai3="2,41,23,37,78,42,104,82,103,131,119,51,30"/><T121/><D121/><U63/><E38/><V109/><F122/><W14/><G131/><T8/><D132/><U28/><E118/><V71/><F109/><W93/><G119/><T79/><D69/><U108/><E108/><V128/><F128/><W5/><G2/><T22/><D64/><U107/><E112/><V18/><F124/><N who="0" m="47690" /><D8/><U34/><E63/><V114/><F114/><W17/><G37/><T31/><D20/><U117/><E117/><V13/><F6/><W70/><G70/><T61/><D61/><U10/><E10/><V16/><F24/><W91/><G5/><T40/><D54/><U7/><REACH who="1" step="1"/><E72/><REACH who="1" ten="92,239,216,443" step="2"/><V97/><F71/><W86/><G51/><N who="0" m="27015" /><D45/><U39/><E39/><V43/><F68/><W113/><G113/><T126/><N who="0" m="47698" /><T11/><DORA hai="74" /><D11/><U92/><E92/><V32/><F106/><W36/><G36/><T27/><D27/><AGARI ba="2,1" hai="7,9,15,27,28,34,80,81,87,89,94,96,102,107" machi="27" ten="40,5200,0" yaku="1,1,52,1,53,1" doraHai="29,74" doraHaiUra="83,53" who="1" fromWho="0" sc="92,-58,239,68,216,0,443,0" /><INIT seed="5,0,0,2,3,26" ten="34,307,216,443" oya="1" hai0="79,62,54,89,90,122,127,16,94,107,5,17,109" hai1="84,112,37,110,31,30,128,92,49,6,70,96,39" hai2="125,14,24,74,130,48,65,105,52,99,67,61,9" hai3="71,34,82,0,102,63,78,83,35,81,7,44,46"/><U20/><E70/><V69/><F74/><W100/><G78/><T113/><D109/><U60/><E110/><V118/><F118/><W120/><G120/><T32/><D107/><U38/><E112/><V10/><F125/><W101/><G7/><T121/><D127/><U131/><E6/><V97/><F130/><N who="1" m="49705" /><E60/><V28/><F65/><W88/><G0/><T93/><D5/><U3/><E3/><V116/><F116/><W104/><G104/><T114/><D79/><U27/><E49/><V98/><F105/><W77/><G77/><T133/><D62/><U18/><E84/><V106/><F14/><W13/><G13/><T76/><D76/><U119/><E119/><V36/><F36/><W47/><G88/><AGARI ba="0,0" hai="18,20,27,30,31,37,38,39,88,92,96" m="49705" machi="88" ten="40,12000,1" yaku="19,1,52,2,54,1" doraHai="26" who="1" fromWho="3" sc="34,0,307,120,216,0,443,-120" /><INIT seed="5,1,0,4,1,119" ten="34,427,216,323" oya="1" hai0="22,91,58,36,80,85,56,81,21,71,59,104,132" hai1="122,111,113,62,117,4,82,68,124,70,63,23,35" hai2="40,16,114,57,18,17,125,84,69,100,121,50,75" hai3="42,110,15,95,43,101,99,54,51,38,52,19,11"/><U93/><E117/><V83/><F75/><W128/><G110/><T13/><D71/><U26/><E111/><V10/><F69/><W79/><G128/><T116/><D116/><U3/><E35/><V74/><F74/><W2/><G38/><T8/><D36/><U7/><E113/><V133/><F133/><W53/><G2/><T129/><D129/><U77/><E124/><V67/><F125/><W96/><G79/><T37/><D37/><U73/><E122/><V127/><F127/><W87/><G87/><T106/><D132/><U112/><E112/><V33/><F33/><W108/><G108/><T48/><D106/><U118/><E118/><V130/><F130/><W46/><G42/><T34/><D104/><U20/><E20/><V61/><F121/><W5/><REACH who="3" step="1"/><G99/><REACH who="3" ten="34,427,216,313" step="2"/><T105/><D105/><U32/><E3/><V64/><F114/><W88/><G88/><T109/><D109/><U29/><E77/><V60/><F40/><W30/><G30/><T55/><D81/><U41/><E82/><V126/><F126/><W102/><G102/><T66/><D34/><U86/><E41/><V92/><F100/><W103/><G103/><T65/><D22/><U27/><E32/><V123/><F84/><W6/><AGARI ba="1,1" hai="5,6,11,15,19,43,46,51,52,53,54,95,96,101" machi="6" ten="30,7900,0" yaku="1,1,0,1,8,1,54,1,53,0" doraHai="119" doraHaiUra="134" who="3" fromWho="3" sc="34,-21,427,-40,216,-21,313,92" /><INIT seed="6,0,0,1,5,134" ten="13,387,195,405" oya="2" hai0="85,113,53,23,16,88,119,50,70,37,79,66,135" hai1="100,97,10,56,101,28,67,91,19,52,73,71,107" hai2="6,128,120,99,42,93,118,68,108,31,72,15,87" hai3="27,2,62,5,74,30,45,95,75,125,94,104,33"/><V81/><F118/><W102/><G45/><T92/><D135/><U17/><E73/><V9/><F120/><W121/><G121/><T24/><D119/><U7/><E101/><V133/><F133/><W0/><G0/><T83/><D113/><U14/><E28/><V124/><F72/><W22/><G22/><T110/><D110/><U13/><E71/><V63/><F108/><W84/><G62/><T122/><D122/><U115/><E67/><V40/><F128/><W39/><G39/><T57/><D37/><U34/><E34/><V36/><F31/><W127/><G5/><T11/><D70/><U116/><E115/><V76/><F124/><N who="3" m="47691" /><G2/><T98/><D66/><U89/><E7/><V8/><F68/><W114/><G114/><T59/><REACH who="0" step="1"/><D11/><REACH who="0" ten="3,387,195,405" step="2"/><U46/><E116/><V129/><F36/><W69/><G69/><T4/><D4/><U49/><E46/><AGARI ba="0,1" hai="16,23,24,46,50,53,57,59,79,83,85,88,92,98" machi="46" ten="30,12000,2" yaku="1,1,7,1,8,1,54,2,53,1" doraHai="134" doraHaiUra="12" who="0" fromWho="1" sc="3,130,387,-120,195,0,405,0" /><INIT seed="7,0,0,1,1,78" ten="133,267,195,405" oya="3" hai0="22,124,108,110,48,106,59,69,99,114,17,89,126" hai1="95,23,63,25,8,119,113,97,68,12,3,50,122" hai2="6,37,109,51,1,88,93,117,7,98,92,35,61" hai3="105,13,42,91,24,40,73,0,43,39,30,58,9"/><W90/><G105/><T2/><D69/><U130/><E122/><V77/><F109/><W111/><G111/><T79/><D2/><U84/><E3/><V94/><F117/><W53/><G0/><T71/><D71/><U45/><E130/><V28/><F37/><W19/><G73/><T29/><D29/><U135/><E135/><V46/><F77/><W57/><G39/><T127/><D114/><U32/><E32/><V80/><F61/><W10/><G10/><T75/><D59/><U36/><E36/><V133/><F133/><W104/><G104/><T5/><D5/><U86/><E113/><V26/><F1/><W70/><G70/><T27/><D48/><U125/><E125/><V54/><F6/><W31/><G58/><T112/><D112/><U21/><E63/><V132/><F132/><W123/><G123/><T49/><D49/><U120/><E120/><V16/><F7/><W55/><G55/><T65/><D65/><U60/><E60/><V38/><F38/><W134/><G134/><T64/><D64/><U85/><E68/><V41/><F41/><W121/><G121/><T131/><D131/><U33/><E33/><V44/><F44/><W67/><G67/><T14/><D27/><U34/><E34/><V83/><F16/><W20/><G31/><T66/><D66/><U4/><E25/><V87/><F93/><W116/><G116/><T56/><D56/><U103/><E119/><V76/><F76/><W18/><G30/><T101/><D89/><AGARI ba="0,0" hai="26,28,35,46,51,54,80,83,87,88,89,92,94,98" machi="89" ten="30,7700,0" yaku="7,1,52,2,54,1" doraHai="78" who="2" fromWho="0" sc="133,-77,267,0,195,77,405,0" owari="56,-44.4,267,-13.3,272,7.2,405,50.5" /></mjloggm>