<mjloggm ver="2.3"><GO type="169" lobby="0"/><UN n0="%E3%80%8E%E3%83%A8%E3%82%B9%E3%82%AC%E3%83%8E%E3%82%BD%E3%83%A9%E3%80%8F" n1="%E6%9C%88%E5%A4%9C%E3%81%AB%E9%A2%A8" n2="%53%6F%6C%69%64" n3="%E3%82%86%E3%81%86%E3%82%8C%E3%81%84%E3%81%84%E3%81%8B" dan="17,16,17,18" rate="2160.92,2067.13,2166.71,2251.75" sx="M,M,M,M"/><TAIKYOKU oya="0"/><INIT seed="0,0,0,3,2,64" ten="250,250,250,250" oya="0" hai0="54,134,106,25,111,13,37,121,102,8,103,104,58" hai1="44,108,107,28,123,122,52,114,39,32,57,56,12" hai2="48,43,51,88,80,40,55,118,101,45,38,61,92" hai3="49,133,16,128,1,93,86,71,127,90,3,96,125"/><T22/><D121/><U126/><E107/><V5/><F118/><W77/><G133/><T135/><D37/><U105/><E105/><V15/><F101/><W69/><G128/><T100/><D111/><U99/><E108/><V130/><F130/><W129/><G129/><T132/><D13/><U91/><E126/><N who="3" m="48138" /><G49/><T21/><D8/><U81/><E114/><V6/><F80/><N who="3" m="47375" /><G16/><N who="0" m="12455" /><D22/><U115/><E115/><V66/><F38/><W2/><AGARI ba="0,0" hai="1,2,3,69,71,90,93,96" m="47375,48138" machi="2" ten="40,5200,0" yaku="18,1,52,2" doraHai="64" who="3" fromWho="3" sc="250,-26,250,-13,250,-13,250,52" /><INIT seed="1,0,0,0,3,8" ten="224,237,237,302" oya="1" hai0="73,127,70,56,5,62,77,82,61,18,1,44,35" hai1="80,41,31,48,88,33,9,131,69,27,36,116,46" hai2="74,119,15,32,39,47,98,95,19,34,40,125,38" hai3="63,76,25,37,85,133,7,123,94,0,79,10,103"/><U3/><E131/><V86/><F74/><W59/><G123/><T22/><D35/><U51/><E69/><V106/><F119/><W60/><G37/><T126/><D70/><U108/><E116/><V16/><F125/><N who="0" m="47626" /><D44/><U91/><E108/><V96/><F39/><W97/><G133/><T71/><D71/><U120/><E120/><V43/><F43/><W132/><G132/><T129/><D129/><U20/><E33/><V75/><F75/><W84/><G60/><T130/><D130/><U24/><E24/><V128/><F128/><W115/><G115/><T58/><D5/><U2/><E3/><V78/><F106/><W89/><G25/><N who="0" m="14551" /><D1/><U57/><E57/><AGARI ba="0,0" hai="56,57,58,61,62,73,77,82" m="14551,47626" machi="57" ten="30,1000,0" yaku="18,1" doraHai="8" who="0" fromWho="1" sc="224,10,237,-10,237,0,302,0" /><INIT seed="2,0,0,1,2,50" ten="234,227,237,302" oya="2" hai0="135,62,81,21,83,113,6,126,18,116,120,107,129" hai1="86,109,118,132,131,82,122,76,32,11,95,35,13" hai2="57,108,4,59,5,34,88,65,93,27,102,23,49" hai3="38,12,70,69,36,74,58,130,91,47,46,39,61"/><V128/><F34/><W25/><G91/><T63/><D113/><U79/><E118/><V117/><F117/><W133/><G12/><T16/><D120/><U92/><E122/><V26/><F128/><W106/><G25/><N who="2" m="9225" /><F102/><W48/><G74/><T124/><D116/><U37/><E131/><V87/><F108/><W60/><G106/><T125/><D129/><U24/><E37/><V75/><F75/><W72/><G72/><T10/><D107/><U134/><E109/><V8/><F23/><W100/><G100/><T96/><D96/><U30/><E79/><V44/><F65/><W85/><G85/><T14/><D135/><N who="1" m="51755" /><E35/><V101/><F101/><W98/><G98/><T78/><D18/><AGARI ba="0,0" hai="11,13,18,24,30,32,76,82,86,92,95" m="51755" machi="18" ten="30,1000,0" yaku="20,1" doraHai="50" who="1" fromWho="0" sc="234,-10,227,10,237,0,302,0" /><INIT seed="3,0,0,1,5,113" ten="224,237,237,302" oya="3" hai0="86,71,51,26,124,60,22,42,59,98,54,68,132" hai1="24,52,50,131,80,45,107,104,33,88,75,108,61" hai2="66,127,14,95,69,93,65,105,119,55,103,32,110" hai3="43,91,102,81,130,115,27,123,73,114,109,77,111"/><W48/><G43/><T70/><D132/><U53/><E108/><N who="3" m="41546" /><G48/><T125/><D86/><U31/><E131/><V122/><F110/><W94/><G27/><T118/><D98/><U34/><E34/><V8/><F32/><W18/><G18/><T10/><D10/><U49/><E61/><V126/><F122/><W28/><G28/><T4/><D4/><U9/><E9/><V112/><F112/><N who="3" m="43051" /><G130/><T41/><D118/><U74/><E74/><V21/><F119/><W37/><G37/><T117/><D117/><U97/><E75/><V101/><F21/><W79/><G123/><T39/><D39/><U128/><E128/><V89/><F55/><W85/><G79/><T16/><REACH who="0" step="1"/><D60/><REACH who="0" ten="214,237,237,302" step="2"/><U7/><E7/><V121/><F8/><W12/><G12/><T56/><D56/><U72/><E50/><V40/><F14/><W57/><G57/><T35/><D35/><U2/><E49/><V63/><F121/><W87/><G102/><T6/><D6/><U0/><E33/><V5/><F5/><W47/><G47/><T78/><D78/><U135/><E45/><V46/><F103/><W1/><G1/><T133/><D133/><U76/><E135/><V82/><F46/><W64/><G73/><T120/><D120/><U13/><E0/><V20/><F101/><W58/><G58/><T44/><D44/><U29/><E2/><V84/><F63/><W36/><G36/><T90/><D90/><U23/><E88/><V116/><F116/><W67/><AGARI ba="0,1" hai="64,67,77,81,85,87,91,94" m="43051,41546" machi="67" ten="40,3900,0" yaku="14,1,10,1" doraHai="113" who="3" fromWho="3" sc="214,-13,237,-13,237,-13,302,49" /><INIT seed="3,1,0,2,1,126" ten="201,224,224,351" oya="3" hai0="50,135,115,127,42,95,47,31,8,130,84,86,1" hai1="83,74,19,120,106,70,105,39,57,78,55,58,98" hai2="35,97,114,72,10,109,63,46,128,85,87,68,36" hai3="43,107,32,90,123,66,25,28,48,93,88,122,37"/><W61/><G37/><T134/><D127/><U94/><E120/><V67/><F114/><W24/><G107/><T103/><D115/><U33/><E70/><V100/><F72/><W56/><G90/><T62/><D31/><U6/><E39/><V12/><F35/><W110/><G25/><T52/><D62/><U89/><E33/><V117/><F117/><W92/><G92/><T133/><D42/><U20/><E6/><V22/><F109/><W80/><G80/><T71/><D71/><U119/><E58/><V79/><F22/><W0/><G0/><T102/><D130/><U41/><E41/><V64/><F64/><W26/><G26/><T60/><D60/><U44/><E44/><V27/><F27/><W3/><G3/><T49/><D49/><U40/><E40/><V21/><F21/><W121/><G110/><T51/><D51/><U125/><E119/><V18/><F36/><W9/><G9/><T23/><D23/><U131/><E131/><V5/><F46/><W59/><G59/><T15/><D1/><U34/><E34/><V82/><F128/><W108/><G108/><T11/><D11/><U75/><E75/><N who="2" m="43391" /><F5/><W65/><G65/><T132/><N who="0" m="33792" /><DORA hai="54" /><T73/><D73/><U14/><REACH who="1" step="1"/><E125/><REACH who="1" ten="201,214,224,351" step="2"/><V53/><F68/><W124/><G124/><T112/><D112/><U4/><E4/><V91/><F100/><W77/><G123/><T69/><D69/><U116/><E116/><V118/><F118/><W30/><G122/><T99/><D103/><U101/><E101/><V76/><F10/><W2/><G121/><T17/><AGARI ba="1,1" hai="8,15,17,47,50,52,84,86,95,99,102" m="33792" machi="17" ten="60,8000,1" yaku="5,1,0,1,20,1,54,1" doraHai="126,54" who="0" fromWho="0" sc="201,93,214,-21,224,-21,351,-41" /><INIT seed="4,0,0,1,1,105" ten="294,193,203,310" oya="0" hai0="80,8,61,98,112,92,63,113,57,18,72,12,102" hai1="94,99,103,125,15,51,104,69,11,71,131,64,22" hai2="97,81,86,4,109,75,10,41,47,83,28,115,45" hai3="67,123,49,5,65,66,43,79,74,121,84,101,32"/><T16/><D18/><U91/><E125/><V93/><F109/><W1/><G101/><T53/><REACH who="0" step="1"/><D61/><REACH who="0" ten="284,193,203,310" step="2"/><U27/><E131/><V46/><F115/><W2/><G121/><T120/><D120/><U60/><E60/><V106/><F28/><W38/><G123/><T89/><D89/><U133/><E91/><V127/><F127/><W24/><G67/><T117/><D117/><U36/><E64/><V114/><F114/><W3/><G66/><T70/><D70/><U25/><E71/><V42/><F106/><W6/><G65/><T68/><D68/><U135/><E69/><V39/><F4/><W44/><G6/><T19/><D19/><U62/><E62/><V119/><F119/><W77/><G5/><T96/><D96/><U34/><E99/><V78/><F10/><W58/><G79/><AGARI ba="0,1" hai="8,12,16,53,57,63,72,79,80,92,98,102,112,113" machi="79" ten="40,7700,0" yaku="1,1,52,1,54,1,53,0" doraHai="105" doraHaiUra="82" who="0" fromWho="3" sc="284,87,193,0,203,0,310,-77" /><INIT seed="4,1,0,1,4,3" ten="371,193,203,233" oya="0" hai0="88,72,91,50,92,121,45,33,77,46,79,6,60" hai1="63,87,32,119,74,18,70,102,97,84,85,98,43" hai2="57,111,23,10,20,37,134,39,24,56,93,4,38" hai3="40,36,2,31,58,51,105,47,113,94,8,86,19"/><T28/><D121/><U68/><E119/><V26/><F111/><W115/><G105/><T123/><D123/><U67/><E74/><V103/><F134/><W1/><G31/><T108/><D108/><U101/><E43/><V22/><F103/><W0/><G94/><T66/><D72/><U21/><E32/><V29/><F93/><W90/><G58/><N who="0" m="37143" /><D28/><U116/><E116/><V89/><F89/><N who="0" m="34378" /><D33/><U126/><E126/><V132/><F132/><W99/><G99/><T16/><D92/><U117/><E117/><V118/><F118/><W120/><G120/><T78/><D6/><U81/><E81/><V61/><F61/><W131/><G36/><T128/><D128/><U53/><E70/><V35/><REACH who="2" step="1"/><F26/><REACH who="2" ten="371,193,193,233" step="2"/><W52/><G131/><T80/><D80/><U27/><E102/><V9/><F9/><W124/><G90/><T112/><D112/><U15/><E101/><V96/><F96/><W59/><G115/><T48/><D77/><U17/><E98/><V69/><F69/><W109/><G113/><T62/><D79/><U100/><E97/><V34/><F34/><W11/><G109/><T114/><D62/><U83/><E100/><V5/><F5/><W64/><G11/><T30/><D78/><U122/><E122/><V65/><F65/><W76/><G64/><T127/><D114/><U104/><E104/><V13/><AGARI ba="1,1" hai="4,10,13,20,22,23,24,29,35,37,38,39,56,57" machi="13" ten="40,5200,0" yaku="1,1,0,1,52,1,53,0" doraHai="3" doraHaiUra="106" who="2" fromWho="2" sc="371,-27,193,-14,193,65,233,-14" /><INIT seed="5,0,0,0,2,20" ten="344,179,258,219" oya="1" hai0="14,97,106,83,134,103,12,60,70,53,133,108,66" hai1="76,94,135,63,101,105,120,115,78,32,127,85,0" hai2="15,118,130,45,104,7,6,77,38,74,79,3,84" hai3="89,107,61,39,98,44,9,37,43,72,80,128,22"/><U81/><E0/><V42/><F118/><W132/><G128/><T25/><D108/><U1/><E1/><V51/><F104/><W19/><G132/><N who="0" m="50795" /><D53/><U46/><E135/><V93/><F130/><W75/><G39/><T129/><D129/><U49/><E120/><V48/><F3/><W110/><G110/><T123/><D123/><U111/><E111/><V56/><F38/><W88/><G9/><T24/><D83/><U68/><E115/><V10/><F7/><W34/><G34/><T73/><D73/><U64/><E127/><V5/><F5/><W21/><G21/><T119/><D119/><U99/><E32/><V59/><F74/><W8/><G8/><T36/><D36/><U57/><E68/><V95/><F79/><W96/><G61/><T47/><D47/><U102/><E76/><V109/><F109/><W23/><G23/><T69/><D69/><U27/><E105/><V30/><F30/><W87/><G98/><T54/><D54/><N who="1" m="30007" /><E102/><V92/><F51/><W116/><G116/><T55/><D55/><U40/><E40/><V2/><F2/><W121/><G121/><T17/><D12/><U28/><E28/><V113/><F113/><W41/><G41/><T58/><D70/><U91/><E78/><V62/><F62/><W16/><G89/><T13/><D14/><U11/><E11/><AGARI ba="0,0" hai="11,13,17,24,25,58,60,66,97,103,106" m="50795" machi="11" ten="30,3900,0" yaku="20,1,52,2" doraHai="20" who="0" fromWho="1" sc="344,39,179,-39,258,0,219,0" /><INIT seed="6,0,0,5,0,130" ten="383,140,258,219" oya="2" hai0="34,3,18,41,120,108,82,98,11,86,24,129,61" hai1="131,93,135,117,57,62,75,1,28,83,134,64,32" hai2="70,27,58,128,100,68,77,36,51,102,72,104,91" hai3="114,38,53,79,88,43,80,101,112,46,29,19,40"/><V15/><F36/><W50/><G101/><T89/><D108/><U16/><E117/><V12/><F128/><W7/><G29/><T0/><D120/><U92/><E131/><V56/><F27/><W105/><G105/><T44/><D129/><U107/><E107/><V35/><F35/><W14/><G7/><T127/><D127/><U26/><E1/><V52/><F91/><W33/><G33/><T23/><D34/><U81/><E16/><V97/><F102/><W109/><G109/><T60/><D98/><U49/><E49/><V31/><F31/><W20/><G79/><T5/><D0/><U78/><REACH who="1" step="1"/><E81/><REACH who="1" ten="383,130,258,219" step="2"/><V42/><F51/><AGARI ba="0,1" hai="3,5,11,18,23,24,41,44,51,60,61,82,86,89" machi="51" ten="30,1000,0" yaku="7,1" doraHai="130" who="0" fromWho="2" sc="383,20,130,0,258,-10,219,0" /><INIT seed="7,0,0,3,4,74" ten="403,130,248,219" oya="3" hai0="99,98,65,115,63,17,133,2,110,59,76,0,8" hai1="83,82,24,67,120,58,21,47,32,93,80,56,68" hai2="86,11,96,55,126,6,35,30,69,57,44,43,66" hai3="112,97,64,3,12,79,124,10,111,101,73,18,134"/><W123/><G123/><T125/><D110/><U72/><E120/><V130/><F126/><W95/><G112/><T52/><D125/><U22/><E32/><V116/><F116/><W9/><G124/><T121/><D121/><U14/><E68/><V19/><F19/><W109/><G134/><T5/><D133/><U50/><E93/><V20/><F35/><W84/><G73/><T128/><D128/><U90/><E72/><V31/><F20/><W36/><G36/><T37/><D37/><U38/><E38/><N who="2" m="21623" /><F96/><W60/><G3/><T39/><D39/><U118/><E118/><V62/><F86/><W113/><G10/><T13/><D115/><U45/><E90/><V70/><F70/><W42/><G42/><T100/><D99/><U107/><E107/><V81/><F81/><W71/><G113/><T89/><D89/><U103/><E103/><V77/><F77/><W53/><G53/><T33/><D76/><U29/><E67/><V106/><F106/><W4/><G18/><T27/><D65/><U48/><E14/><N who="2" m="5495" /><F130/><W75/><G75/><T129/><D129/><U105/><E105/><V26/><F26/><W104/><G104/><T25/><D0/><U91/><E91/><V131/><F131/><W122/><G122/><T61/><D2/><U108/><E108/><V41/><F41/><W28/><G28/><T51/><D17/><U114/><E114/><V88/><F88/><W78/><G78/><T85/><D85/><U92/><E92/><V119/><F119/><W94/><G94/><N who="0" m="58455" /><D33/><U87/><E29/><V23/><F23/><W132/><G132/><RYUUKYOKU ba="0,0" sc="403,10,130,-30,248,10,219,10" hai0="5,8,13,25,27,51,52,59,61,63" hai2="30,31,55,57,62,66,69" hai3="4,9,12,60,64,71,79,84,95,97,101,109,111" /><INIT seed="7,1,0,2,2,132" ten="413,100,258,229" oya="3" hai0="121,36,57,45,37,47,67,9,74,5,90,28,39" hai1="93,84,61,51,118,105,53,115,29,41,131,15,130" hai2="3,127,125,86,19,21,135,55,101,124,32,123,27" hai3="77,72,38,120,75,33,4,46,62,17,0,52,79"/><W85/><G120/><T11/><D74/><U94/><E105/><V30/><F3/><W82/><G17/><T34/><D121/><U66/><E115/><V60/><F123/><W20/><G20/><T65/><D90/><U48/><E118/><V54/><F135/><W97/><G97/><T73/><D73/><U43/><E29/><V89/><F60/><W56/><G33/><T81/><D81/><U133/><E133/><V31/><F101/><W78/><G75/><T113/><D113/><U91/><E61/><V10/><F10/><N who="3" m="2311" /><G85/><T128/><D9/><U42/><E66/><V103/><F103/><W100/><G100/><T8/><D11/><U116/><E116/><V2/><F2/><W18/><G18/><T6/><D36/><U25/><E25/><N who="2" m="16687" /><F19/><W96/><G96/><T49/><D8/><U64/><E64/><V129/><F129/><W58/><G58/><T23/><D57/><U70/><E70/><V112/><F112/><W1/><G1/><T7/><D128/><U107/><E107/><V134/><F134/><W63/><G63/><T98/><D98/><U44/><E15/><V80/><AGARI ba="1,0" hai="27,31,32,54,55,80,86,89,124,125,127" m="16687" machi="80" ten="30,7900,0" yaku="18,1,52,3" doraHai="132" who="2" fromWho="2" sc="413,-21,100,-21,258,82,229,-40" owari="392,49.2,79,-42.1,340,14.0,189,-21.1" /></mjloggm>