<mjloggm ver="2.3"><GO type="169" lobby="0"/><UN n0="%E3%81%A8%E3%82%8D%E3%82%8D%E3%81%9D%E3%81%B0" n1="%46%E5%92%B8%E9%AD%9A%E5%92%B8%E9%AD%9A%E5%92%B8" n2="%E3%81%9D%E3%81%86%E3%81%9F%E3%81%A3%E3%81%9F" n3="%E3%81%AF%E3%81%84%E3%82%8C%E3%81%AB%E3%82%83%E3%82%93" dan="17,16,16,16" rate="2228.38,2076.03,2195.80,2065.69" sx="M,M,M,M"/><TAIKYOKU oya="0"/><INIT seed="0,0,0,5,1,79" ten="250,250,250,250" oya="0" hai0="77,83,93,32,82,64,101,8,122,81,73,10,39" hai1="33,4,120,62,133,57,15,38,121,124,105,44,16" hai2="65,75,131,88,67,59,19,126,25,48,63,109,125" hai3="110,128,21,2,72,66,118,96,14,116,7,26,85"/><T76/><D122/><U23/><E105/><V129/><F75/><W90/><G72/><T47/><D32/><U95/><E33/><V22/><F109/><W50/><G110/><T103/><D39/><U1/><E133/><V134/><F65/><W104/><G2/><T102/><D64/><U27/><E124/><N who="2" m="47723" /><F48/><W117/><G128/><N who="2" m="49225" /><F88/><W40/><G66/><T52/><D93/><U100/><E1/><V36/><F36/><W41/><G50/><N who="0" m="28767" /><D73/><U18/><E4/><V70/><F70/><W115/><G115/><T111/><D111/><U60/><E60/><V106/><F106/><W28/><G104/><T37/><D37/><U6/><E6/><V132/><AGARI ba="0,0" hai="19,22,25,59,63,67,132,134" m="49225,47723" machi="132" ten="40,8000,1" yaku="30,2,18,1,19,1" doraHai="79" who="2" fromWho="2" sc="250,-40,250,-20,250,80,250,-20" /><INIT seed="1,0,0,2,1,125" ten="210,230,330,230" oya="1" hai0="60,14,34,70,130,26,6,64,8,38,79,22,1" hai1="100,104,15,105,107,27,12,5,98,108,124,74,132" hai2="72,134,45,51,135,110,57,103,44,120,89,46,76" hai3="75,2,83,48,28,101,43,31,78,0,24,47,73"/><U29/><E124/><V37/><F103/><W127/><G127/><T123/><D123/><U119/><E119/><V69/><F120/><W115/><G115/><T39/><D79/><U17/><E132/><N who="2" m="50731" /><F69/><W114/><G114/><T118/><D118/><U77/><E108/><V128/><F89/><W3/><G101/><T99/><D99/><U121/><E121/><V58/><F76/><W92/><G92/><T82/><D82/><U96/><E5/><V16/><F16/><W55/><G75/><T85/><D85/><U97/><E100/><V106/><F106/><W49/><REACH who="3" step="1"/><G24/><REACH who="3" ten="210,230,330,220" step="2"/><T66/><D26/><U42/><E107/><V25/><F25/><W30/><G30/><T84/><D84/><U80/><E29/><V117/><F72/><W112/><G112/><T18/><D34/><U94/><E94/><V10/><F117/><W129/><G129/><T133/><D133/><U54/><E104/><V20/><F128/><W68/><G68/><T122/><D122/><U23/><E105/><V65/><F110/><W33/><G33/><T93/><D130/><U91/><E27/><V50/><F37/><W63/><G63/><T109/><D109/><U56/><E74/><V32/><F32/><W13/><G13/><T71/><D93/><U59/><E12/><V131/><F131/><W86/><G86/><T111/><D111/><U62/><E15/><V36/><F36/><W61/><G61/><AGARI ba="0,1" hai="1,6,8,14,18,22,38,39,60,61,64,66,70,71" machi="61" ten="40,1300,0" yaku="9,1" doraHai="125" who="0" fromWho="3" sc="210,23,230,0,330,0,220,-13" /><INIT seed="2,0,0,1,4,9" ten="233,230,330,207" oya="2" hai0="65,53,110,7,22,90,18,62,51,77,85,102,126" hai1="96,68,92,37,64,48,8,45,93,72,0,49,57" hai2="16,78,80,47,134,54,135,84,17,19,28,83,82" hai3="23,107,21,97,26,46,89,87,56,5,67,131,98"/><V114/><F114/><W10/><G131/><T35/><D35/><U118/><E118/><V127/><F28/><W91/><G46/><T32/><D32/><U125/><E125/><V30/><F30/><W59/><G91/><T13/><D126/><U20/><E72/><V121/><F121/><W88/><G89/><T36/><D36/><U105/><E105/><V31/><F31/><W58/><G67/><T44/><D110/><U74/><E74/><V50/><REACH who="2" step="1"/><F127/><REACH who="2" ten="233,230,320,207" step="2"/><W94/><G107/><T130/><D130/><U27/><E37/><V115/><F115/><W71/><G71/><T25/><D102/><U41/><E68/><V119/><F119/><W24/><G98/><T109/><D109/><U113/><E96/><V6/><F6/><W100/><G26/><T29/><D7/><U111/><E27/><V103/><F103/><W106/><REACH who="3" step="1"/><G24/><REACH who="3" ten="233,230,320,197" step="2"/><T60/><D25/><U73/><E111/><V120/><F120/><W117/><G117/><T66/><D29/><U34/><E113/><V39/><F39/><W79/><G79/><T12/><D77/><U128/><E128/><V99/><F99/><W14/><AGARI ba="0,2" hai="5,10,14,21,23,56,58,59,87,88,94,97,100,106" machi="14" ten="30,7900,0" yaku="1,1,0,1,52,1,54,1,53,0" doraHai="9" doraHaiUra="33" who="3" fromWho="3" sc="233,-20,230,-20,320,-39,197,99" /><INIT seed="3,0,0,1,5,58" ten="213,210,281,296" oya="3" hai0="79,119,26,7,61,94,89,118,38,113,77,69,101" hai1="49,29,99,14,44,106,133,90,67,84,93,82,131" hai2="34,20,36,1,81,32,86,100,57,123,71,9,102" hai3="105,122,120,59,23,30,74,116,55,83,130,115,87"/><W72/><G115/><T5/><D38/><U110/><E110/><V48/><F71/><W31/><G116/><T41/><D41/><U10/><E131/><V47/><F36/><W70/><G70/><T53/><D101/><U4/><E133/><V76/><F123/><W17/><G105/><T52/><D26/><U16/><E29/><V117/><F57/><W126/><G130/><T25/><D113/><U37/><E37/><V68/><F68/><W27/><G126/><T65/><D25/><U12/><E67/><V127/><F117/><W73/><G122/><T78/><D119/><U135/><E106/><V134/><F20/><W97/><G97/><T75/><D75/><U80/><E135/><V45/><F45/><W64/><G64/><T56/><D118/><U98/><E82/><V107/><F107/><W125/><G125/><T42/><D42/><U46/><E49/><V103/><F127/><W13/><G120/><T33/><D33/><U129/><E99/><V22/><F134/><W88/><REACH who="3" step="1"/><G27/><REACH who="3" ten="213,210,281,286" step="2"/><T85/><REACH who="0" step="1"/><D53/><REACH who="0" ten="203,210,281,286" step="2"/><U62/><E129/><V50/><F103/><W108/><G108/><T6/><D6/><U0/><E4/><V66/><F102/><W92/><G92/><T132/><D132/><U111/><E93/><V35/><F100/><W18/><G18/><T124/><D124/><U109/><E16/><V128/><F128/><W15/><G15/><T104/><D104/><U63/><E14/><V3/><F3/><W54/><G54/><T60/><AGARI ba="0,2" hai="5,7,52,56,60,61,65,69,77,78,79,85,89,94" machi="60" ten="30,12000,2" yaku="1,1,0,1,52,2,54,1,53,1" doraHai="58" doraHaiUra="91" who="0" fromWho="0" sc="203,140,210,-30,281,-30,286,-60" /><INIT seed="4,0,0,5,4,21" ten="343,180,251,226" oya="0" hai0="70,86,129,83,105,14,126,23,29,79,91,45,64" hai1="40,36,94,76,44,67,42,116,60,2,125,47,34" hai2="107,28,124,32,77,27,118,51,24,104,46,102,111" hai3="0,87,75,66,3,30,16,115,89,92,58,39,113"/><T53/><D105/><U61/><E34/><V114/><F111/><W123/><G39/><T135/><D126/><U84/><E2/><V19/><F114/><N who="3" m="43531" /><G75/><T43/><D129/><U8/><E116/><V55/><F124/><W63/><G123/><T35/><D35/><U54/><E8/><V33/><F118/><W57/><G30/><T31/><D135/><U85/><E125/><V4/><F4/><W127/><G127/><T20/><D70/><U80/><E54/><V10/><F102/><W26/><G58/><T68/><D68/><U18/><E18/><V96/><F96/><W122/><G122/><T38/><D64/><U95/><E85/><V131/><F77/><W98/><G87/><T93/><D53/><U73/><E73/><V49/><F131/><W103/><G103/><T109/><D109/><U128/><E128/><V132/><F132/><W78/><G78/><T133/><D133/><U11/><E11/><V81/><F81/><W97/><G97/><T74/><D23/><AGARI ba="0,0" hai="0,3,16,23,26,57,63,66,89,92,98" m="43531" machi="23" ten="30,3900,0" yaku="15,1,52,1,54,1" doraHai="21" who="3" fromWho="0" sc="343,-39,180,0,251,0,226,39" /><INIT seed="5,0,0,1,3,131" ten="304,180,251,265" oya="1" hai0="78,79,111,45,68,14,69,58,66,133,100,47,118" hai1="7,88,57,12,71,1,120,50,39,35,29,56,117" hai2="28,83,9,34,76,6,43,19,60,125,23,109,106" hai3="37,59,25,24,77,92,74,121,123,126,16,38,53"/><U80/><E117/><V63/><F109/><W91/><G126/><T8/><D111/><U22/><E120/><V3/><F106/><W62/><G25/><T124/><D118/><U97/><E39/><N who="3" m="14858" /><G77/><T107/><D124/><U113/><E71/><V46/><F125/><W127/><G74/><T130/><D69/><U99/><E113/><V0/><F0/><W10/><G10/><T119/><D68/><U41/><E35/><V32/><F46/><W33/><G33/><T102/><D107/><U129/><E1/><V128/><F43/><W64/><G64/><T85/><D66/><U11/><E129/><V21/><F21/><N who="3" m="13351" /><G127/><T115/><D47/><N who="1" m="25967" /><E22/><V5/><F5/><W122/><G122/><T18/><D45/><U48/><E29/><V93/><F93/><W31/><G31/><T67/><D130/><U51/><E99/><AGARI ba="0,0" hai="53,59,62,91,92,99,121,123" m="13351,14858" machi="99" ten="30,2000,0" yaku="25,1,54,1" doraHai="131" who="3" fromWho="1" sc="304,0,180,-20,251,0,265,20" /><INIT seed="6,0,0,3,2,22" ten="304,160,251,285" oya="2" hai0="80,23,131,16,52,17,8,60,5,57,65,113,130" hai1="37,27,35,84,98,2,75,126,28,134,55,70,3" hai2="58,86,90,87,104,106,100,118,119,77,133,19,0" hai3="111,89,112,61,20,135,48,43,4,82,67,121,76"/><V12/><F0/><W73/><G111/><T101/><D113/><U56/><E70/><V33/><F33/><W11/><G121/><T93/><D80/><U9/><E75/><V83/><F58/><W24/><G135/><T128/><D101/><U7/><E37/><V109/><F19/><W115/><G89/><T102/><D102/><U120/><E126/><V114/><F12/><W110/><G110/><T81/><D93/><U94/><E134/><V29/><F29/><W41/><G48/><N who="0" m="30855" /><D81/><U68/><E68/><V91/><F109/><W6/><G43/><T129/><D129/><U125/><E125/><V62/><F62/><W31/><G41/><T30/><D30/><U49/><E120/><V13/><F114/><N who="3" m="43563" /><G11/><T32/><D32/><U105/><E105/><V92/><F133/><W14/><G14/><N who="0" m="5391" /><D23/><U122/><E122/><V44/><F100/><W51/><G51/><T117/><D117/><N who="2" m="44554" /><F44/><W79/><G79/><T59/><AGARI ba="0,0" hai="16,17,59,60,65,128,130,131" m="5391,30855" machi="59" ten="30,4000,0" yaku="19,1,54,2" doraHai="22" who="0" fromWho="0" sc="304,40,160,-10,251,-20,285,-10" /><INIT seed="7,0,0,1,5,55" ten="344,150,231,275" oya="3" hai0="94,6,106,122,68,80,117,14,71,2,66,44,39" hai1="133,72,15,126,90,7,123,56,78,40,23,67,91" hai2="116,47,112,49,58,103,11,42,36,59,69,34,81" hai3="28,54,51,120,50,29,35,21,100,132,130,134,16"/><W32/><G120/><T65/><D106/><U27/><E123/><V22/><F34/><W104/><G104/><T114/><D2/><U129/><E129/><V45/><F116/><W43/><G100/><T52/><D122/><U12/><E133/><N who="3" m="51306" /><G43/><T79/><D117/><U48/><E126/><V115/><F69/><W88/><G51/><T99/><D71/><U64/><E72/><V86/><F22/><W119/><G130/><T107/><D107/><U25/><E78/><V20/><F20/><W33/><G88/><N who="0" m="55751" /><D68/><U135/><E135/><V75/><F103/><W0/><G0/><T38/><D38/><U61/><E67/><V5/><F75/><W53/><G53/><T87/><D39/><U131/><E131/><V19/><F36/><W26/><G119/><T8/><D114/><N who="2" m="43562" /><F47/><AGARI ba="0,0" hai="16,21,26,28,29,32,33,35,47,50,54" m="51306" machi="47" ten="40,3900,0" yaku="20,1,54,1" doraHai="55" who="3" fromWho="2" sc="344,0,150,0,231,-39,275,39" /><INIT seed="7,1,0,1,2,102" ten="344,150,192,314" oya="3" hai0="63,19,108,13,31,5,118,127,121,22,27,36,133" hai1="106,53,110,113,101,95,83,14,15,42,81,71,70" hai2="54,39,29,8,38,134,37,44,16,79,50,117,89" hai3="93,88,47,57,28,109,7,3,25,74,97,111,120"/><W61/><G120/><T26/><D36/><U115/><E110/><V43/><F117/><W58/><G74/><T46/><D108/><N who="3" m="41545" /><G47/><T11/><D118/><U94/><E101/><V60/><F134/><W20/><G61/><T123/><D46/><U35/><E42/><V32/><F79/><W76/><G76/><T52/><D133/><U10/><E53/><V130/><F29/><W65/><G65/><T100/><D100/><U62/><E62/><V92/><F32/><W119/><G119/><T124/><D52/><U67/><E67/><V68/><F130/><W66/><G66/><T87/><D87/><U73/><E35/><V45/><F68/><W107/><G107/><T86/><D86/><U131/><E10/><AGARI ba="1,0" hai="3,7,10,20,25,28,57,58,88,93,97" m="41545" machi="10" ten="30,2900,0" yaku="10,1,54,1" doraHai="102" who="3" fromWho="1" sc="344,0,150,-32,192,0,314,32" owari="344,14.4,118,-38.2,192,-20.8,346,44.6" /></mjloggm>