<mjloggm ver="2.3"><GO type="169" lobby="0"/><UN n0="%E3%81%86%E3%81%9A%E3%82%89%E5%8D%B5%E3%83%95%E3%83%A9%E3%82%A4" n1="%E3%81%88%E3%81%84%E3%81%8D%E3%81%A1%40%35%6D%66" n2="%E3%81%88%E3%81%8C%E3%82%8F%E3%82%8A%E3%81%8A" n3="%E3%83%8F%E3%82%BA%E3%83%AC" dan="16,17,16,17" rate="2042.31,2209.73,2148.30,2185.34" sx="M,M,M,M"/><TAIKYOKU oya="0"/><INIT seed="0,0,0,4,0,43" ten="250,250,250,250" oya="0" hai0="41,23,46,18,56,52,98,5,126,32,25,111,30" hai1="73,109,127,36,61,54,66,102,104,91,0,131,119" hai2="77,117,51,123,45,88,72,59,6,38,26,53,79" hai3="110,116,113,19,7,17,130,28,58,87,89,95,16"/><T132/><D132/><U101/><E119/><V57/><F123/><W33/><G113/><T114/><D114/><U24/><E0/><V31/><F117/><W21/><G116/><T103/><D126/><U122/><E122/><V67/><F6/><W4/><G33/><T2/><D111/><U3/><E3/><V60/><F72/><W97/><G110/><T78/><D78/><U83/><E36/><V74/><F74/><W20/><G130/><T100/><D98/><U128/><E109/><V10/><F10/><W8/><G28/><T94/><D94/><U29/><E54/><V105/><F105/><W75/><G75/><T129/><D129/><N who="1" m="49739" /><E104/><V112/><F112/><W71/><G71/><T15/><D2/><U37/><E37/><V125/><F125/><W107/><G107/><T84/><D5/><U86/><E73/><V81/><F38/><W40/><G40/><T12/><D12/><U48/><E48/><V39/><F39/><W90/><G58/><T120/><D120/><U68/><E127/><V133/><F59/><W44/><G44/><T27/><D15/><U22/><AGARI ba="0,0" hai="22,24,29,61,66,68,83,86,91,101,102" m="49739" machi="22" ten="30,1100,0" yaku="19,1" doraHai="43" who="1" fromWho="1" sc="250,-5,250,11,250,-3,250,-3" /><INIT seed="1,0,0,1,0,96" ten="245,261,247,247" oya="1" hai0="99,35,102,65,21,112,78,125,107,131,57,20,37" hai1="83,8,92,71,61,68,32,67,12,28,132,38,25" hai2="128,127,135,103,97,22,88,100,111,115,26,74,69" hai3="23,123,62,13,113,63,15,120,105,81,5,4,42"/><U45/><E132/><V24/><F69/><W34/><G34/><T130/><D112/><U110/><E110/><V59/><F111/><W76/><G105/><T85/><D35/><U19/><E83/><V94/><F135/><W36/><G113/><T66/><D37/><U117/><E117/><V9/><F115/><W6/><G36/><T121/><D125/><U109/><E109/><V91/><F74/><W104/><G104/><T47/><D47/><U86/><E68/><V1/><F127/><W44/><G44/><T79/><D121/><U126/><E126/><V16/><F128/><N who="0" m="49194" /><D57/><U2/><E2/><V75/><F75/><W84/><G42/><T31/><D31/><U7/><E45/><V106/><F26/><W46/><G46/><T93/><D79/><U49/><E49/><V122/><F122/><W118/><G118/><T40/><D40/><U48/><E48/><V116/><F116/><W89/><G120/><T95/><D107/><U64/><E64/><N who="0" m="24681" /><D95/><U52/><E52/><V53/><F106/><W108/><G108/><T33/><D33/><U54/><E54/><V50/><REACH who="2" step="1"/><F91/><REACH who="2" ten="245,261,237,247" step="2"/><W129/><G129/><T11/><D11/><U77/><E38/><V43/><F43/><W39/><G39/><T0/><D0/><U58/><E71/><V73/><F73/><W51/><G123/><T30/><D30/><U87/><E77/><V124/><F124/><W29/><G76/><T101/><D78/><U72/><E72/><V98/><F98/><W114/><G114/><T70/><D70/><U80/><E28/><V18/><F18/><W82/><G29/><RYUUKYOKU ba="0,1" sc="245,-10,261,-10,237,30,247,-10" hai2="1,9,16,22,24,50,53,59,88,94,97,100,103" /><INIT seed="2,1,1,0,2,33" ten="235,251,267,237" oya="2" hai0="35,22,121,26,81,13,75,123,52,116,60,105,4" hai1="94,1,32,122,95,79,108,55,102,84,50,83,67" hai2="16,103,72,111,86,63,57,49,115,85,132,27,76" hai3="19,14,135,23,9,29,133,110,45,100,107,47,15"/><V53/><F115/><W74/><G74/><T28/><D105/><U30/><E108/><V70/><F111/><W40/><G110/><T104/><D104/><U0/><E122/><V134/><F103/><W7/><G29/><T88/><D116/><U11/><E67/><N who="2" m="41343" /><F72/><W114/><G114/><T117/><D117/><U2/><E11/><V36/><F36/><W80/><G80/><T12/><D12/><U68/><E68/><V42/><F42/><W90/><G90/><T8/><D35/><U128/><E128/><V125/><F76/><W6/><G6/><T77/><REACH who="0" step="1"/><D88/><REACH who="0" ten="225,251,267,237" step="2"/><U106/><E106/><V127/><F127/><W109/><G109/><T58/><AGARI ba="1,2" hai="4,8,13,22,26,28,52,58,60,75,77,81,121,123" machi="58" ten="30,7900,0" yaku="1,1,2,1,0,1,54,1,53,0" doraHai="33" doraHaiUra="101" who="0" fromWho="0" sc="225,102,251,-21,267,-40,237,-21" /><INIT seed="3,0,0,2,1,117" ten="327,230,227,216" oya="3" hai0="91,94,119,97,57,110,34,102,41,14,25,109,129" hai1="56,132,95,69,118,60,84,28,45,43,86,42,23" hai2="18,77,104,106,74,126,36,87,100,66,17,76,93" hai3="114,5,7,22,8,75,121,96,79,13,51,1,26"/><W82/><G114/><T115/><D119/><U53/><E118/><V105/><F36/><W127/><G127/><T125/><D125/><U65/><E132/><V0/><F126/><W50/><G121/><T101/><D115/><U116/><E116/><V130/><F0/><W85/><G75/><T37/><D129/><U24/><E95/><V98/><F130/><W122/><G122/><T15/><D57/><U123/><E123/><V12/><F66/><W33/><G7/><T11/><D34/><U55/><E43/><V39/><F39/><W124/><G124/><T20/><D41/><U6/><E6/><V54/><F54/><W80/><G80/><T62/><D62/><U88/><E88/><V9/><F18/><W63/><G63/><T32/><D32/><U89/><E89/><N who="2" m="53439" /><F77/><W83/><G83/><AGARI ba="0,0" hai="9,12,17,74,76,83,98,100,104,105,106" m="53439" machi="83" ten="30,1000,0" yaku="24,1" doraHai="117" who="2" fromWho="3" sc="327,0,230,0,227,10,216,-10" /><INIT seed="4,0,0,0,3,48" ten="327,230,237,206" oya="0" hai0="81,9,119,49,45,118,66,46,73,135,10,102,7" hai1="117,108,115,64,124,54,94,99,132,95,74,56,122" hai2="126,55,24,106,130,100,109,67,40,58,47,71,34" hai3="76,86,27,69,4,90,114,3,36,44,52,22,104"/><T85/><D73/><U87/><E117/><V128/><F109/><W12/><G104/><T18/><D135/><U32/><E122/><V42/><F100/><W127/><G69/><T70/><D102/><U59/><E74/><V129/><F106/><W84/><G3/><T25/><D45/><U37/><E108/><V15/><F15/><W13/><G114/><T16/><D18/><U65/><E32/><V79/><F79/><W111/><G111/><T30/><D66/><U35/><E35/><V11/><F11/><W88/><G36/><T75/><D70/><U103/><E37/><V50/><F24/><W21/><G127/><T82/><D82/><U53/><E132/><V39/><F34/><W98/><G98/><T61/><D61/><N who="1" m="35983" /><E115/><V5/><F5/><W121/><G76/><T93/><D75/><U60/><E124/><V2/><F2/><W89/><G121/><T63/><D63/><U19/><E19/><V134/><F134/><W17/><G13/><T51/><D16/><U125/><E125/><V0/><F0/><W116/><G116/><T33/><D119/><U43/><E43/><N who="2" m="23039" /><F126/><W131/><G131/><T80/><D7/><U110/><E110/><V105/><F105/><W83/><G83/><T91/><D118/><U41/><E41/><V133/><F133/><W113/><G113/><T97/><D81/><U8/><E8/><V112/><F112/><W92/><G92/><T20/><D33/><U6/><E6/><V96/><F96/><W78/><G78/><N who="0" m="46231" /><D9/><U23/><E23/><V26/><F26/><W28/><G4/><T72/><D10/><RYUUKYOKU ba="0,0" sc="327,-30,230,10,237,10,206,10" hai1="54,59,60,64,65,87,94,95,99,103" hai2="40,42,50,55,58,67,71,128,129,130" hai3="12,17,21,22,27,28,44,52,84,86,88,89,90" /><INIT seed="5,1,0,1,0,82" ten="297,240,247,216" oya="1" hai0="24,89,32,20,113,36,92,121,101,124,95,73,122" hai1="80,9,49,93,60,71,67,30,61,125,44,112,118" hai2="52,26,0,91,64,98,42,119,104,135,74,28,51" hai3="79,18,132,108,50,88,19,117,131,72,123,38,133"/><U109/><E118/><V35/><F119/><W96/><G117/><T7/><D36/><U56/><E112/><V65/><F0/><W94/><G38/><T34/><D113/><U75/><E125/><V33/><F33/><W22/><G108/><T62/><D73/><U70/><E109/><V85/><F74/><W81/><G123/><T76/><D76/><U83/><E30/><V40/><F135/><N who="3" m="51787" /><G131/><T84/><D124/><U47/><E75/><V1/><F1/><W115/><G115/><T41/><D7/><U110/><E110/><V45/><F104/><W130/><G130/><T57/><D41/><U106/><E106/><V107/><F107/><W48/><G18/><T31/><D95/><U43/><E9/><V11/><F11/><W120/><G120/><N who="0" m="46187" /><D101/><U116/><E116/><V87/><F98/><W5/><G5/><T6/><D6/><U111/><E111/><V12/><F12/><AGARI ba="1,0" hai="12,19,22,48,50,72,79,81,88,94,96" m="51787" machi="12" ten="30,2000,0" yaku="20,1,54,1" doraHai="82" who="3" fromWho="2" sc="297,0,240,0,247,-23,216,23" /><INIT seed="6,0,0,1,4,42" ten="297,240,224,239" oya="2" hai0="38,109,21,73,23,65,66,5,108,86,57,84,92" hai1="133,58,121,22,95,94,135,117,8,99,43,44,89" hai2="34,67,59,47,75,17,105,50,10,76,80,128,46" hai3="31,32,114,28,132,1,64,81,13,123,0,107,6"/><V97/><F34/><W129/><G107/><T7/><D57/><U96/><E117/><V9/><F128/><W118/><G118/><T25/><D92/><U78/><E121/><V56/><F47/><W54/><G64/><T20/><D21/><U18/><E78/><V71/><F71/><W51/><G123/><T45/><D38/><U106/><E8/><V35/><F35/><W60/><G60/><T3/><D25/><U113/><E106/><V19/><F105/><W11/><G129/><T36/><D36/><U112/><E58/><V115/><F97/><W68/><G68/><T131/><D131/><U63/><E63/><V12/><F115/><N who="1" m="44105" /><E18/><V27/><F67/><W74/><G114/><T41/><D3/><U79/><E79/><V102/><F102/><W88/><G132/><N who="1" m="50762" /><E22/><V62/><F62/><W70/><G70/><T37/><D23/><U39/><E95/><V101/><F101/><W87/><G74/><T48/><D20/><U55/><E55/><V126/><F27/><W14/><G1/><T98/><D73/><U69/><E69/><V24/><F24/><W91/><G32/><T110/><D66/><U100/><E99/><V2/><F2/><W52/><G54/><T29/><D98/><U130/><E130/><V40/><REACH who="2" step="1"/><F126/><REACH who="2" ten="297,240,214,239" step="2"/><W77/><G0/><T134/><D65/><U72/><E72/><V16/><F16/><W119/><G119/><T111/><D134/><U53/><E100/><V104/><F104/><W30/><G14/><AGARI ba="0,1" hai="9,10,12,14,17,19,40,46,50,56,59,75,76,80" machi="14" ten="40,12000,1" yaku="1,1,9,1,52,1,53,2" doraHai="42" doraHaiUra="15" who="2" fromWho="3" sc="297,0,240,0,214,130,239,-120" /><INIT seed="6,1,0,4,4,14" ten="297,240,344,119" oya="2" hai0="2,24,42,35,71,8,55,67,31,78,74,98,10" hai1="133,65,36,105,102,131,52,50,20,15,91,21,12" hai2="23,114,81,63,119,49,73,72,60,22,94,13,27" hai3="130,89,3,37,82,70,25,112,38,1,53,117,125"/><V121/><F119/><W62/><G117/><T85/><D74/><U126/><E36/><V124/><F121/><W93/><G125/><T40/><D10/><U76/><E126/><V43/><F124/><W77/><G130/><T33/><D33/><U30/><E131/><V135/><F114/><W87/><G112/><T41/><D55/><U113/><E113/><V109/><F135/><W11/><G25/><T39/><D2/><U19/><E76/><V66/><F109/><W57/><G70/><T28/><D28/><U6/><E65/><V96/><F13/><W106/><G106/><T104/><D8/><U97/><E133/><V115/><F22/><W18/><G3/><T123/><D123/><U9/><E91/><V29/><F60/><W5/><REACH who="3" step="1"/><G18/><REACH who="3" ten="297,240,344,109" step="2"/><T48/><D71/><U116/><E116/><V127/><F127/><W95/><G95/><T17/><D17/><U129/><E129/><V58/><F115/><W108/><G108/><T47/><D104/><U120/><E120/><V32/><F27/><W4/><G4/><T132/><D24/><U79/><E30/><V80/><F29/><W122/><G122/><T100/><D31/><U99/><E6/><V111/><F111/><W56/><G56/><T107/><D132/><U44/><E15/><V0/><F58/><W16/><G16/><T61/><D107/><U54/><E105/><V51/><F0/><W83/><G83/><T68/><D68/><U46/><E12/><V64/><F81/><W69/><G69/><T101/><D35/><U86/><E19/><V128/><F32/><W34/><G34/><RYUUKYOKU ba="1,1" sc="297,-10,240,-10,344,-10,109,30" hai3="1,5,11,37,38,53,57,62,77,82,87,89,93" /><INIT seed="7,2,1,1,0,114" ten="287,230,334,139" oya="3" hai0="126,50,53,31,76,77,129,105,98,104,67,116,115" hai1="63,131,111,78,25,135,132,103,39,70,32,40,79" hai2="38,121,91,83,5,69,85,68,87,29,57,34,13" hai3="4,120,61,54,22,95,72,42,113,93,15,110,84"/><W108/><G113/><T24/><D115/><U27/><E111/><N who="3" m="42538" /><G120/><T19/><D67/><N who="1" m="41343" /><E131/><V33/><F38/><W112/><G112/><T59/><D129/><U88/><E103/><V44/><F121/><W0/><G72/><T23/><D116/><U74/><E88/><V123/><F123/><W56/><G42/><T1/><D1/><U133/><E32/><V55/><F44/><W73/><G73/><T18/><D126/><U30/><E74/><V28/><F5/><W7/><G84/><T58/><D105/><U96/><E96/><V9/><F87/><W82/><G82/><T6/><D6/><N who="3" m="2089" /><G0/><T2/><D2/><U119/><E119/><V81/><F85/><W41/><G41/><T102/><REACH who="0" step="1"/><D59/><REACH who="0" ten="277,230,334,139" step="2"/><U99/><E99/><V52/><F57/><W130/><G130/><T92/><D92/><U66/><E66/><V65/><F65/><W97/><G97/><T134/><D134/><U45/><E30/><V125/><F28/><W16/><AGARI ba="2,2" hai="15,16,22,54,56,61,93,95" m="2089,42538" machi="16" ten="30,3000,0" yaku="10,1,54,1" doraHai="114" who="3" fromWho="3" sc="277,-12,230,-12,334,-12,139,56" /><INIT seed="7,3,0,4,3,101" ten="265,218,322,195" oya="3" hai0="80,20,23,0,100,104,67,105,59,38,69,57,63" hai1="96,81,9,135,12,15,92,37,126,110,76,48,7" hai2="62,53,98,78,120,103,61,83,19,93,22,3,99" hai3="10,88,113,51,97,13,42,6,27,116,26,117,106"/><W16/><G113/><T30/><D0/><U34/><E110/><V35/><F35/><W40/><G116/><T17/><D38/><U109/><E109/><V128/><F3/><W130/><G130/><T49/><D80/><U33/><E37/><V18/><F128/><W89/><G117/><T73/><D73/><U66/><E126/><V70/><F70/><W107/><G27/><T44/><D69/><U31/><E135/><V2/><F2/><W60/><G60/><N who="2" m="23145" /><F120/><W108/><G108/><T29/><D59/><U47/><E15/><N who="2" m="9567" /><F19/><W77/><G77/><T54/><D23/><U114/><E31/><V24/><F24/><W25/><G25/><T90/><D90/><U111/><E66/><V87/><F53/><W115/><G115/><T68/><D68/><U41/><E114/><V122/><F122/><W79/><G79/><T118/><D118/><U65/><E65/><V102/><F99/><W94/><G89/><AGARI ba="3,0" hai="78,83,87,89,93,98,102,103" m="9567,23145" machi="89" ten="30,1000,0" yaku="8,1" doraHai="101" who="2" fromWho="3" sc="265,0,218,0,322,19,195,-19" owari="265,6.5,218,-18.2,341,44.1,176,-32.4" /></mjloggm>