<mjloggm ver="2.3"><GO type="169" lobby="0"/><UN n0="%E3%81%8D%E3%81%84%E3%81%AA" n1="%41%4C%50%45%52%49%4E" n2="%E2%91%A3%E3%82%BB%E3%83%B3%E3%83%81" n3="%E3%81%B1%E3%82%93%E3%81%AA%E3%81%93%E3%81%BE%E3%81%A3%E3%81%9F" dan="17,16,18,17" rate="2190.23,2190.96,2243.20,2213.45" sx="F,M,M,M"/><TAIKYOKU oya="0"/><INIT seed="0,0,0,1,5,88" ten="250,250,250,250" oya="0" hai0="56,49,80,69,5,114,127,135,0,11,102,22,66" hai1="70,100,103,104,72,67,97,59,126,25,32,119,3" hai2="12,79,81,85,58,125,29,13,55,98,115,110,118" hai3="133,41,52,109,86,38,57,4,28,77,112,92,134"/><T26/><D114/><U122/><E119/><V48/><F115/><W60/><G112/><T10/><D127/><U8/><E122/><V31/><F125/><W120/><G120/><T87/><D135/><N who="3" m="51721" /><G109/><T6/><D69/><U132/><E126/><V131/><F110/><W54/><G4/><T21/><D102/><U90/><E132/><V74/><F131/><W62/><G28/><T129/><D129/><U78/><E59/><V71/><F71/><W94/><G54/><T15/><D26/><U36/><E90/><V130/><F118/><W75/><G75/><T117/><D117/><U24/><E100/><V65/><F65/><W82/><G60/><T30/><D30/><N who="1" m="19527" /><E25/><V91/><F130/><W9/><G9/><T128/><D128/><U51/><E51/><V121/><F121/><W45/><AGARI ba="0,0" hai="38,41,45,52,57,62,77,82,86,92,94" m="51721" machi="45" ten="30,7900,0" yaku="20,1,52,2,54,1" doraHai="88" who="3" fromWho="3" sc="250,-39,250,-20,250,-20,250,79" /><INIT seed="1,0,0,0,0,16" ten="211,230,230,329" oya="1" hai0="77,68,133,53,57,27,23,84,45,44,24,14,9" hai1="103,47,1,26,4,74,71,95,123,48,86,78,50" hai2="85,12,98,83,135,88,73,119,117,75,34,17,15" hai3="20,87,109,110,104,93,0,46,33,129,111,126,114"/><U124/><E123/><V67/><F34/><W76/><G33/><T112/><D68/><U51/><E71/><V69/><F135/><W101/><G0/><T105/><D105/><U10/><E124/><V134/><F134/><W6/><G6/><T54/><D112/><U36/><E26/><V8/><F98/><N who="3" m="61495" /><G46/><T52/><D133/><U115/><E115/><V62/><REACH who="2" step="1"/><F15/><REACH who="2" ten="211,230,220,329" step="2"/><W113/><G114/><T64/><D14/><U91/><E103/><V58/><F58/><W37/><G113/><T63/><D24/><U96/><E96/><V60/><F60/><W59/><G59/><T41/><D57/><U49/><N who="1" m="12288" /><DORA hai="3" /><U120/><E120/><V92/><F92/><W80/><G93/><T39/><D63/><U128/><E128/><V90/><F90/><W22/><G129/><T55/><D45/><U118/><E118/><AGARI ba="0,1" hai="8,12,17,62,67,69,73,75,83,85,88,117,118,119" machi="118" ten="40,5200,0" yaku="1,1,54,1,53,1" doraHai="16,3" doraHaiUra="108,82" who="2" fromWho="1" sc="211,0,230,-52,220,62,329,0" /><INIT seed="2,0,0,3,0,86" ten="211,178,282,329" oya="2" hai0="113,4,13,106,65,102,79,56,7,28,131,83,66" hai1="117,129,64,32,50,104,39,24,58,78,90,71,9" hai2="99,81,114,61,89,97,75,96,73,52,68,38,34" hai3="98,17,42,88,27,93,127,108,2,91,31,100,87"/><V46/><F34/><W82/><G2/><T124/><D113/><U41/><E117/><V116/><F114/><W14/><G108/><T49/><D124/><U57/><E104/><V20/><F116/><W47/><G127/><T44/><D131/><U125/><E125/><V0/><F0/><W53/><G53/><T16/><D28/><U103/><E129/><V35/><F35/><W23/><G47/><T19/><D102/><U59/><E103/><V21/><F75/><W12/><G42/><T92/><D92/><U118/><E118/><V119/><F119/><W40/><G40/><T80/><D106/><U115/><E115/><V36/><F73/><W5/><G5/><N who="0" m="2123" /><D79/><U84/><E78/><V11/><F11/><W43/><G43/><N who="0" m="24735" /><D19/><U105/><E105/><V134/><F68/><W110/><G110/><T45/><D45/><U112/><E112/><V85/><F134/><W74/><G74/><T107/><D107/><U6/><E39/><V26/><F20/><W62/><G62/><N who="0" m="38087" /><D66/><U101/><E101/><V121/><F121/><W18/><G100/><T30/><D30/><U135/><E135/><V123/><F123/><W1/><G1/><T15/><D15/><AGARI ba="0,0" hai="12,14,15,17,18,23,27,31,82,87,88,91,93,98" machi="15" ten="40,8000,1" yaku="8,1,52,2,54,1" doraHai="86" who="3" fromWho="0" sc="211,-80,178,0,282,0,329,80" /><INIT seed="3,0,0,1,4,46" ten="131,178,282,409" oya="3" hai0="112,126,105,116,62,57,49,92,113,111,43,119,120" hai1="68,10,91,85,122,42,87,73,7,98,63,82,99" hai2="115,106,2,22,34,45,61,31,90,130,71,36,83" hai3="76,114,14,59,51,55,15,20,93,77,127,89,28"/><W95/><G114/><N who="0" m="44139" /><D105/><U53/><E122/><V1/><F115/><W23/><G127/><T118/><D92/><U129/><E129/><V24/><F130/><W50/><G59/><T3/><D3/><U25/><E73/><V32/><F90/><W64/><G64/><T5/><D5/><U128/><E128/><V39/><F83/><W29/><G55/><T40/><D126/><U79/><E42/><N who="0" m="15913" /><D120/><U108/><E108/><V37/><F1/><W96/><G89/><T69/><D69/><U33/><E25/><V54/><F106/><W16/><G16/><T9/><D9/><U58/><E33/><V124/><F2/><W60/><G60/><T74/><D74/><U121/><E68/><V80/><F80/><W75/><G75/><T21/><D21/><U27/><E121/><V35/><F124/><W26/><G26/><T81/><D81/><U133/><E27/><V100/><F100/><W17/><G17/><T44/><D111/><U0/><REACH who="1" step="1"/><E133/><REACH who="1" ten="131,168,282,409" step="2"/><V117/><F71/><W70/><G70/><T97/><D119/><U125/><E125/><V13/><F117/><W103/><G103/><T94/><D118/><U65/><E65/><V101/><F101/><W107/><G107/><T4/><D116/><U109/><E109/><V88/><F35/><W48/><G29/><T47/><D4/><U104/><E104/><V66/><F34/><W131/><G28/><T6/><D6/><U18/><E18/><V11/><F32/><W72/><G72/><T67/><D49/><U41/><E41/><V132/><F31/><W8/><G131/><T123/><D123/><RYUUKYOKU ba="0,1" sc="131,15,168,15,282,-15,409,-15" hai0="44,47,57,62,67,94,97" hai1="0,7,10,53,58,63,79,82,85,87,91,98,99" /><INIT seed="4,1,1,0,1,89" ten="146,183,267,394" oya="0" hai0="44,63,131,24,95,115,56,48,74,17,20,51,60" hai1="108,64,58,52,75,79,76,4,113,25,116,29,99" hai2="94,82,110,118,73,68,0,96,50,85,105,10,66" hai3="124,106,122,42,114,126,107,132,112,54,87,128,109"/><T100/><D74/><U98/><E116/><V125/><F110/><W111/><G42/><T78/><D78/><U93/><E108/><N who="3" m="41546" /><G54/><N who="0" m="31815" /><D115/><N who="3" m="44073" /><G128/><T103/><D131/><U35/><E113/><V5/><F125/><N who="3" m="48235" /><G132/><T117/><D117/><U86/><E75/><V8/><F73/><W33/><G33/><T47/><D47/><U32/><E32/><V49/><F118/><W104/><G87/><T130/><D130/><U80/><E64/><V23/><F66/><W77/><G77/><T31/><D31/><U45/><E79/><V127/><F127/><W43/><G43/><N who="0" m="24991" /><D103/><U16/><E45/><V62/><F49/><W9/><G9/><T57/><D57/><U65/><E65/><V88/><F10/><W133/><G133/><T30/><D30/><U14/><E35/><V34/><F50/><W26/><G26/><T120/><D120/><AGARI ba="1,1" hai="104,106,107,120,122" m="48235,44073,41546" machi="120" ten="50,16000,3" yaku="28,2,15,1,18,1,31,2,34,2" doraHai="89" who="3" fromWho="0" sc="146,-163,183,0,267,0,394,173" owari="-17,-51.7,183,-21.7,267,6.7,567,66.7" /></mjloggm>