<mjloggm ver="2.3"><GO type="169" lobby="0"/><UN n0="%68%61%79%61%74%6F%E2%98%86" n1="%E3%81%BD%E3%81%A3%E3%81%91%E3%81%95%E3%82%93" n2="%6B%6F%72%69%6E%6F%62%61" n3="%E3%81%86%E3%81%9A%E3%82%89%E5%8D%B5%E3%83%95%E3%83%A9%E3%82%A4" dan="16,17,16,16" rate="2048.20,2168.00,2161.58,2042.92" sx="M,M,M,M"/><TAIKYOKU oya="0"/><INIT seed="0,0,0,2,3,63" ten="250,250,250,250" oya="0" hai0="72,91,54,116,22,8,65,45,69,39,42,28,101" hai1="122,23,11,96,31,79,27,6,134,34,108,93,107" hai2="124,35,119,109,18,19,104,48,105,75,67,89,13" hai3="92,41,76,0,52,62,131,24,84,29,36,33,88"/><T102/><D116/><U112/><E122/><V60/><F109/><W106/><G106/><T73/><D8/><U7/><E107/><V2/><F2/><W44/><G131/><T10/><D10/><U114/><E79/><V26/><F124/><W97/><G0/><T37/><D37/><U118/><E118/><V94/><F75/><W90/><G76/><T70/><D70/><U17/><E108/><V87/><F48/><W68/><G68/><T46/><D91/><U5/><E93/><V82/><F119/><W80/><REACH who="3" step="1"/><G62/><REACH who="3" ten="250,250,250,240" step="2"/><T55/><D69/><U21/><E134/><V110/><F110/><W4/><G4/><T130/><D130/><U43/><E6/><V66/><F60/><W121/><G121/><T12/><D72/><U113/><E5/><V115/><F104/><W74/><G74/><T56/><D73/><U64/><E7/><V61/><F61/><W132/><G132/><T50/><D55/><AGARI ba="0,1" hai="24,29,33,36,41,44,52,55,80,84,88,90,92,97" machi="55" ten="40,8000,1" yaku="1,1,54,2,53,1" doraHai="63" doraHaiUra="25" who="3" fromWho="0" sc="250,-80,250,0,250,0,240,90" /><INIT seed="1,0,0,1,0,38" ten="170,250,250,330" oya="1" hai0="135,47,132,27,49,12,18,112,111,30,131,91,41" hai1="6,113,116,85,79,59,31,24,102,134,130,39,37" hai2="100,32,62,127,93,115,11,70,90,108,53,5,71" hai3="110,94,9,57,16,50,74,92,120,73,89,25,3"/><U29/><E116/><V103/><F108/><W0/><G120/><T77/><D111/><U28/><E113/><V119/><F119/><W64/><G110/><T63/><D112/><U86/><E24/><V46/><F32/><W101/><G101/><T15/><D131/><U87/><E130/><V66/><F71/><W124/><G124/><T75/><D91/><U13/><E102/><V133/><F127/><W123/><G94/><T2/><D2/><U23/><E79/><V35/><F35/><W99/><G123/><T72/><D63/><U60/><E134/><N who="0" m="51241" /><D77/><U19/><REACH who="1" step="1"/><E6/><REACH who="1" ten="170,240,250,330" step="2"/><V83/><F115/><W26/><G26/><T22/><D15/><U98/><E98/><V117/><F117/><W8/><G25/><T42/><D75/><U34/><E34/><V114/><F114/><W84/><G74/><T21/><D72/><U48/><E48/><V14/><F133/><W96/><G73/><T44/><D44/><U125/><E125/><V40/><F100/><W54/><G99/><T52/><AGARI ba="0,1" hai="12,18,21,22,27,30,41,42,47,49,52" m="51241" machi="52" ten="30,7900,0" yaku="20,1,52,2,54,1" doraHai="38" who="0" fromWho="0" sc="170,89,240,-39,250,-20,330,-20" /><INIT seed="2,0,0,5,4,76" ten="259,201,230,310" oya="2" hai0="10,27,9,126,44,49,72,38,25,89,24,103,54" hai1="50,3,16,17,7,114,56,63,104,93,64,34,20" hai2="18,14,69,82,95,39,31,101,125,11,118,123,13" hai3="73,46,33,111,36,74,135,80,81,30,110,129,119"/><V61/><F118/><W98/><G119/><T71/><D126/><U62/><E104/><V67/><F123/><W68/><G68/><T59/><D72/><U57/><E34/><V90/><F125/><W94/><G129/><T47/><D71/><U5/><E114/><V117/><F117/><W106/><G106/><T108/><D108/><N who="3" m="41513" /><G135/><T1/><D1/><U86/><E50/><V19/><F39/><W75/><G30/><T105/><D103/><U65/><E3/><V4/><F31/><W100/><G33/><T88/><D105/><U70/><E70/><V12/><F101/><W78/><G78/><T107/><D107/><U22/><E86/><V92/><F92/><AGARI ba="0,0" hai="5,7,16,17,20,22,56,57,62,63,64,65,92,93" machi="92" ten="25,6400,0" yaku="22,2,8,1,54,1" doraHai="76" who="1" fromWho="2" sc="259,0,201,64,230,-64,310,0" /><INIT seed="3,0,0,1,4,0" ten="259,265,166,310" oya="3" hai0="116,100,20,5,75,51,119,10,92,61,34,1,60" hai1="18,111,81,118,98,87,94,13,112,11,79,29,78" hai2="7,101,30,88,41,56,109,128,69,113,108,127,59" hai3="76,93,43,95,23,67,126,4,117,105,64,21,65"/><W131/><G105/><T50/><D34/><U45/><E112/><V42/><F113/><W106/><G106/><T115/><D115/><U104/><E104/><V89/><F101/><W44/><G117/><T38/><D38/><U54/><E111/><N who="2" m="42571" /><F69/><W120/><G120/><T14/><D75/><U31/><E118/><V72/><F72/><W114/><G114/><T19/><D116/><U63/><E79/><V96/><F30/><W55/><G76/><T102/><D102/><U16/><E18/><V24/><F24/><W91/><G55/><T32/><D119/><U26/><E26/><V57/><F127/><W52/><G126/><T82/><D82/><U48/><REACH who="1" step="1"/><E63/><REACH who="1" ten="259,255,166,310" step="2"/><V77/><F77/><W130/><G130/><T40/><D60/><U25/><E25/><V123/><F128/><W83/><G131/><T74/><D61/><U133/><E133/><V124/><F124/><W36/><G67/><T125/><D125/><U80/><E80/><V99/><F123/><W122/><G122/><T46/><D74/><U47/><E47/><V9/><F96/><W84/><G65/><T86/><D46/><U134/><E134/><V121/><F121/><W17/><G64/><T107/><D107/><U70/><E70/><V27/><F27/><W39/><G44/><T37/><D32/><U49/><E49/><V53/><F99/><W28/><G83/><T2/><D50/><U73/><E73/><V6/><F53/><W129/><G52/><T132/><D132/><U3/><E3/><N who="2" m="223" /><F7/><W62/><G4/><T110/><D5/><U66/><E66/><V68/><F68/><RYUUKYOKU ba="0,1" sc="259,-15,255,15,166,15,310,-15" hai1="11,13,16,29,31,45,48,54,78,81,87,94,98" hai2="41,42,56,57,59,88,89" /><INIT seed="4,1,1,3,2,82" ten="244,270,181,295" oya="0" hai0="16,51,60,69,86,20,61,89,64,72,75,134,105" hai1="74,14,27,131,11,93,104,9,73,109,100,90,132" hai2="108,13,78,80,111,127,38,76,124,87,97,113,118" hai3="120,24,2,42,106,45,70,68,99,98,128,112,62"/><T66/><D105/><U102/><E109/><N who="2" m="42059" /><F13/><W50/><G2/><T17/><D51/><U35/><E132/><V94/><F38/><W31/><G112/><T0/><D0/><U18/><E131/><V30/><F30/><W52/><G128/><T91/><D134/><U47/><E11/><V117/><F78/><W67/><G120/><T40/><D40/><U6/><E47/><V28/><F28/><W79/><G70/><T22/><D86/><U125/><E125/><N who="2" m="48203" /><F113/><W63/><G79/><T1/><D1/><U46/><E46/><V55/><F55/><W57/><REACH who="3" step="1"/><G106/><REACH who="3" ten="244,270,181,285" step="2"/><T58/><D58/><U84/><E104/><V103/><AGARI ba="1,2" hai="76,80,87,94,97,103,117,118" m="48203,42059" machi="103" ten="40,8000,1" yaku="18,1,34,2,52,1" doraHai="82" who="2" fromWho="2" sc="244,-41,270,-21,181,103,285,-21" /><INIT seed="5,0,0,3,5,10" ten="203,249,284,264" oya="1" hai0="87,86,25,47,29,79,70,57,16,15,22,83,75" hai1="89,124,36,104,14,80,68,123,24,92,100,127,9" hai2="30,35,43,108,5,69,81,107,56,13,116,62,1" hai3="134,117,105,64,112,94,95,88,7,118,82,54,8"/><U12/><E123/><V18/><F108/><W97/><G64/><T6/><D70/><U76/><E68/><V38/><F116/><N who="3" m="44651" /><G112/><T51/><D57/><U109/><E36/><V21/><F107/><W39/><G39/><T67/><D6/><U34/><E109/><V17/><F69/><W37/><G37/><T53/><REACH who="0" step="1"/><D67/><REACH who="0" ten="193,249,284,264" step="2"/><U101/><E104/><V27/><F5/><W72/><G105/><T32/><AGARI ba="0,1" hai="15,16,22,25,29,32,47,51,53,75,79,83,86,87" machi="32" ten="20,12000,2" yaku="1,1,2,1,0,1,7,1,52,1,54,1,53,0" doraHai="10" doraHaiUra="135" who="0" fromWho="0" sc="193,130,249,-60,284,-30,264,-30" /><INIT seed="6,0,0,1,5,122" ten="323,189,254,234" oya="2" hai0="20,41,114,97,59,129,25,10,21,17,35,36,79" hai1="126,100,127,63,27,1,12,82,75,106,109,44,29" hai2="60,28,64,77,9,26,117,118,125,24,19,98,102" hai3="96,83,38,123,53,52,66,104,5,30,3,71,87"/><V105/><F125/><W55/><G123/><T101/><D35/><U61/><E1/><V58/><F77/><W135/><G38/><T11/><D79/><U107/><E12/><V54/><F54/><W42/><G42/><T133/><D114/><U81/><E44/><V16/><F19/><W32/><G135/><T22/><D22/><U13/><E13/><V39/><F39/><W37/><G37/><T95/><D129/><U47/><E47/><V111/><F111/><W65/><G5/><T131/><D131/><U90/><E90/><V50/><F50/><W124/><G124/><T49/><D36/><U121/><E121/><V6/><F26/><N who="3" m="18519" /><G66/><T119/><D119/><U108/><E27/><V74/><F74/><W128/><G3/><T7/><D7/><U92/><E92/><V112/><F112/><W130/><G130/><T91/><D21/><U31/><REACH who="1" step="1"/><E75/><REACH who="1" ten="323,179,254,234" step="2"/><V84/><F24/><W67/><G128/><T89/><D91/><U113/><E113/><V93/><F93/><W73/><G73/><T51/><D89/><U99/><E99/><V85/><F98/><W103/><G96/><T110/><D95/><U115/><E115/><V48/><F6/><W8/><G104/><T120/><D25/><U116/><E116/><V2/><F105/><W88/><G88/><T69/><D97/><U86/><E86/><V0/><F117/><W34/><G87/><T15/><D15/><U23/><E23/><V46/><F118/><W33/><G33/><T62/><D20/><U57/><E57/><V78/><F2/><W68/><G34/><T72/><D72/><RYUUKYOKU ba="0,1" sc="323,-10,179,30,254,-10,234,-10" hai1="29,31,61,63,81,82,100,106,107,108,109,126,127" /><INIT seed="7,1,1,4,3,39" ten="313,209,244,224" oya="3" hai0="51,104,103,119,15,125,134,1,32,65,94,52,2" hai1="97,9,16,79,113,0,91,106,56,57,31,62,75" hai2="74,53,127,54,40,85,34,71,46,112,35,50,115" hai3="130,6,110,81,47,70,8,118,117,86,5,27,83"/><W101/><G70/><T123/><D32/><U20/><E113/><N who="2" m="43595" /><F74/><W22/><G101/><T66/><D104/><U23/><E75/><V43/><F127/><W17/><G130/><T12/><D123/><U114/><E114/><V68/><F85/><W48/><G110/><T95/><D51/><U109/><E109/><V133/><F133/><W76/><G83/><T3/><D52/><N who="2" m="20074" /><F43/><N who="3" m="24703" /><G5/><T25/><D2/><U77/><E0/><V67/><F67/><W55/><G55/><T73/><D73/><U120/><E120/><V41/><F41/><W102/><G102/><T36/><D103/><U96/><E106/><V107/><F107/><W126/><G126/><T99/><D125/><U44/><E44/><V116/><F116/><W69/><G69/><AGARI ba="1,1" hai="34,35,40,46,50,68,69,71" m="20074,43595" machi="69" ten="30,3900,0" yaku="15,1,52,1,54,1" doraHai="39" who="2" fromWho="3" sc="313,0,209,0,244,52,224,-42" owari="313,41.3,209,-19.1,296,9.6,182,-31.8" /></mjloggm>