<mjloggm ver="2.3"><GO type="225" lobby="0"/><UN n0="%E3%81%8B%E3%82%8F%E3%81%A1%E3%82%83%E3%82%93%35%38" n1="%E3%83%A9%E3%82%B9%E7%8E%87%EF%BC%93%E5%89%B2" n2="%33%74%72%65%65" n3="%E4%BF%BA%E3%81%A8%E5%A6%96%E5%A4%A2" dan="16,17,17,16" rate="2129.26,2205.96,2148.97,2107.51" sx="M,F,F,F"/><TAIKYOKU oya="0"/><INIT seed="0,0,0,4,4,17" ten="250,250,250,250" oya="0" hai0="81,15,125,133,130,94,111,121,38,57,2,59,35" hai1="99,102,123,65,128,60,100,27,56,113,104,25,39" hai2="68,66,20,80,97,10,0,8,90,75,43,112,96" hai3="52,41,85,126,13,70,101,88,110,63,87,84,3"/><T115/><RYUUKYOKU type="yao9" ba="0,0" sc="250,0,250,0,250,0,250,0" hai0="2,15,35,38,57,59,81,94,111,115,121,125,130,133" /><INIT seed="0,1,0,1,4,116" ten="250,250,250,250" oya="0" hai0="65,28,21,11,130,48,94,133,103,58,109,117,54" hai1="75,19,108,17,112,43,110,37,70,78,32,69,27" hai2="96,20,81,79,36,62,39,132,10,122,66,2,67" hai3="57,90,24,128,9,74,3,111,95,119,22,97,38"/><T100/><D117/><U40/><E112/><V41/><F132/><W14/><G119/><T73/><D73/><U113/><E113/><V64/><F122/><W13/><G38/><T92/><D133/><U102/><E102/><V1/><F96/><W89/><G74/><T60/><D130/><U88/><E78/><V98/><F98/><W124/><G128/><T15/><D109/><N who="1" m="42091" /><E75/><V12/><F20/><W26/><G111/><T52/><D54/><U34/><E27/><V35/><F35/><N who="1" m="13353" /><E88/><V85/><F62/><W121/><G89/><T59/><D100/><U53/><E53/><V30/><F30/><W118/><G24/><N who="0" m="16399" /><D103/><U123/><E37/><V77/><F77/><W49/><G90/><T114/><D114/><U82/><E82/><V47/><REACH who="2" step="1"/><F39/><REACH who="2" ten="250,250,240,250" step="2"/><W25/><G118/><T105/><D105/><U63/><E123/><V135/><F135/><W84/><G121/><T129/><D129/><U45/><E63/><V55/><F55/><W125/><G97/><T46/><D59/><U23/><E23/><V115/><F115/><W7/><G57/><T86/><D86/><U120/><E120/><V42/><F42/><N who="1" m="15913" /><E45/><V126/><F126/><W50/><G125/><T5/><AGARI ba="1,1" hai="5,11,15,46,48,52,58,60,65,92,94" m="16399" machi="5" ten="30,3000,0" yaku="8,1,54,1" doraHai="116" who="0" fromWho="0" sc="250,43,250,-11,240,-11,250,-11" /><INIT seed="0,2,0,0,4,93" ten="293,239,229,239" oya="0" hai0="20,49,52,45,107,91,128,56,94,59,109,6,71" hai1="12,101,32,55,3,78,81,0,67,97,116,29,73" hai2="42,37,13,47,21,92,50,30,118,82,43,124,87" hai3="95,19,99,18,125,119,62,9,126,105,25,114,74"/><T33/><D33/><U84/><E116/><V112/><F112/><W120/><G119/><T36/><D128/><U115/><E115/><V100/><F118/><W132/><G114/><T57/><D109/><U40/><E40/><V77/><F124/><N who="3" m="47723" /><G105/><T66/><D107/><U23/><E32/><V8/><F37/><W72/><G132/><T1/><D1/><U134/><E134/><V39/><F39/><W83/><G120/><T106/><D106/><U35/><E35/><V27/><F42/><W16/><G83/><T58/><D6/><U135/><E73/><N who="3" m="28266" /><G62/><N who="0" m="38215" /><D36/><U44/><E135/><V53/><F53/><W34/><G34/><T11/><D71/><U111/><E67/><V46/><F46/><W133/><G133/><T48/><D11/><U41/><E55/><V98/><F8/><W129/><G129/><T70/><D20/><U5/><E111/><V102/><REACH who="2" step="1"/><F13/><REACH who="2" ten="293,239,219,239" step="2"/><N who="3" m="7215" /><G25/><T79/><D45/><U17/><E44/><V117/><F117/><W123/><G123/><T75/><D52/><U103/><E41/><V69/><F69/><W38/><G38/><T4/><D70/><U80/><E12/><V85/><F85/><W14/><G14/><T54/><D54/><U88/><E84/><V31/><F31/><W65/><G65/><T90/><D75/><U89/><E29/><V121/><F121/><W113/><G113/><T131/><D131/><U22/><E3/><V86/><F86/><W122/><G122/><T61/><D58/><U63/><E0/><V7/><F7/><W28/><G28/><T64/><D59/><U108/><E5/><V104/><F104/><RYUUKYOKU ba="2,1" sc="293,-15,239,-15,219,15,239,15" hai2="21,27,30,43,47,50,77,82,87,92,98,100,102" hai3="18,19,95,99" /><INIT seed="1,3,1,2,0,56" ten="278,224,234,254" oya="1" hai0="0,54,122,116,125,109,100,95,66,36,41,20,78" hai1="58,85,124,76,64,42,14,107,4,55,3,127,48" hai2="68,69,112,8,52,37,134,22,9,123,99,65,44" hai3="10,27,74,129,110,96,35,102,133,132,97,83,105"/><U47/><E107/><V71/><F123/><W15/><G110/><T38/><D0/><U17/><E3/><V33/><F33/><W50/><G129/><T49/><D116/><U117/><E117/><V103/><F134/><N who="3" m="51819" /><G96/><T70/><D78/><U31/><E31/><V82/><F112/><W130/><G130/><T101/><D38/><U5/><E64/><V11/><F82/><W72/><G83/><T32/><D32/><U34/><E85/><V43/><F22/><W59/><G27/><T90/><D20/><U80/><E80/><V16/><F52/><N who="3" m="32151" /><G35/><T12/><D109/><U77/><E34/><V57/><F57/><W98/><G98/><T81/><D81/><U45/><E77/><V93/><REACH who="2" step="1"/><F65/><REACH who="2" ten="278,224,224,254" step="2"/><W2/><G2/><T75/><D66/><U6/><E76/><V106/><F106/><W87/><G87/><T13/><D122/><U61/><REACH who="1" step="1"/><E47/><REACH who="1" ten="278,214,224,254" step="2"/><V40/><F40/><W67/><G67/><T7/><D41/><U88/><E88/><V79/><F79/><W91/><G91/><T111/><D90/><U51/><E51/><V128/><F128/><W113/><G113/><T23/><D49/><U24/><E24/><V63/><F63/><W19/><AGARI ba="3,3" hai="10,15,19,72,74,97,102,105" m="32151,51819" machi="19" ten="30,2000,0" yaku="20,1,54,1" doraHai="56" who="3" fromWho="3" sc="278,-8,214,-13,224,-8,254,59" /><INIT seed="2,0,0,1,1,127" ten="270,201,216,313" oya="2" hai0="77,59,42,16,40,67,113,48,29,95,21,32,57" hai1="102,71,118,18,24,101,6,74,38,63,5,51,64" hai2="87,105,69,117,41,107,119,125,10,7,134,90,28" hai3="83,79,45,13,76,20,81,62,99,98,85,120,2"/><V100/><F69/><W33/><G120/><T70/><D113/><U50/><E118/><N who="2" m="45067" /><F28/><W121/><G121/><T15/><D77/><U114/><E114/><V30/><F30/><W68/><G2/><T94/><D70/><U78/><E38/><V44/><F90/><W104/><G33/><T72/><D72/><U96/><E78/><V3/><F87/><W110/><G104/><N who="2" m="40009" /><F100/><W61/><G68/><T22/><D32/><U123/><E74/><V80/><F80/><W131/><G85/><T47/><D42/><U91/><E91/><V60/><F60/><W116/><G116/><T135/><D59/><U14/><E102/><V31/><F31/><W111/><G20/><T129/><D57/><U88/><E88/><V108/><F125/><W49/><G49/><T27/><D95/><U8/><E123/><V106/><N who="2" m="40017" /><V73/><DORA hai="133" /><F73/><W9/><G81/><T122/><D94/><U25/><E101/><V124/><F124/><W112/><G83/><T36/><D122/><U0/><E96/><V39/><F134/><W11/><G112/><T43/><D135/><U103/><E103/><V92/><F92/><W26/><G61/><T82/><D82/><U1/><E51/><V66/><F66/><W37/><G62/><T35/><D67/><U56/><E50/><V19/><F19/><W12/><G98/><T53/><D35/><U130/><E71/><V132/><F132/><W93/><G99/><T55/><D36/><U86/><E86/><V84/><F84/><W34/><G37/><T89/><D89/><U97/><E64/><V23/><F23/><RYUUKYOKU ba="0,0" sc="270,-10,201,-10,216,30,313,-10" hai2="3,7,10,39,41,44,108" /><INIT seed="2,1,0,5,0,86" ten="260,191,246,303" oya="2" hai0="25,83,108,38,64,107,51,1,87,45,112,52,39" hai1="55,23,26,129,105,128,92,104,6,97,43,70,131" hai2="132,126,72,117,36,111,32,96,71,14,63,3,114" hai3="35,53,34,17,46,82,125,69,58,65,18,57,116"/><V79/><RYUUKYOKU type="yao9" ba="1,0" sc="260,0,191,0,246,0,303,0" hai2="3,14,32,36,63,71,72,79,96,111,114,117,126,132" /><INIT seed="2,2,0,5,1,40" ten="260,191,246,303" oya="2" hai0="108,134,92,112,129,113,73,3,20,19,22,84,82" hai1="24,74,130,121,47,68,0,83,29,100,72,93,6" hai2="115,18,88,133,5,102,95,116,78,80,44,35,127" hai3="2,10,96,65,71,131,64,34,15,97,12,31,50"/><V17/><F116/><W39/><G39/><T8/><D73/><U14/><E130/><V123/><F123/><W87/><G2/><T23/><D92/><U67/><E0/><V117/><F117/><W90/><G131/><T49/><D129/><U101/><E121/><V120/><F120/><W104/><G104/><T60/><D108/><U55/><E67/><N who="3" m="25674" /><G31/><T132/><D60/><U98/><E68/><V42/><F115/><W110/><G34/><T119/><D119/><U118/><E101/><V51/><F127/><W63/><G63/><T128/><D128/><U94/><E94/><V109/><F133/><N who="0" m="51306" /><D49/><U45/><E55/><V28/><F102/><W99/><G71/><T77/><D19/><U103/><E103/><V43/><F5/><AGARI ba="2,0" hai="3,5,8,20,22,23,77,82,84,112,113" m="51306" machi="5" ten="30,1000,0" yaku="20,1" doraHai="40" who="0" fromWho="2" sc="260,16,191,0,246,-16,303,0" /><INIT seed="3,0,0,1,1,20" ten="276,191,230,303" oya="3" hai0="9,31,24,134,117,3,28,73,103,15,26,54,87" hai1="33,86,5,61,112,101,74,105,127,131,119,93,98" hai2="10,107,80,108,77,69,121,11,100,95,85,1,56" hai3="6,65,126,52,99,50,42,94,118,48,90,21,64"/><W46/><G118/><T110/><D73/><U7/><E112/><V81/><F69/><W109/><G126/><T12/><D117/><U124/><E119/><V17/><F108/><W66/><G109/><T135/><D110/><U38/><E38/><V45/><F121/><W37/><G37/><T58/><D103/><U82/><E131/><V40/><F107/><W34/><G34/><N who="0" m="20743" /><D87/><U78/><E61/><V22/><F1/><W83/><G6/><N who="0" m="1247" /><D58/><U8/><E33/><V43/><F56/><N who="3" m="32775" /><G21/><N who="0" m="15823" /><D54/><U72/><E7/><V133/><F81/><AGARI ba="0,0" hai="42,46,50,64,65,66,81,83,90,94,99" m="32775" machi="81" ten="30,2900,0" yaku="8,1,54,1" doraHai="20" who="3" fromWho="2" sc="276,0,191,0,230,-29,303,29" owari="276,7.6,191,-30.9,201,-19.9,332,43.2" /></mjloggm>