<mjloggm ver="2.3"><GO type="169" lobby="0"/><UN n0="%4C%61%72%72%6B" n1="%E3%83%94%E3%83%B3%E3%82%B5%E3%83%AD%E5%BA%97%E5%93%A1" n2="%E3%81%84%E3%81%A1%E3%82%8D%E3%83%BC%32%36%32%E6%AD%B3" n3="%E3%80%90%E3%83%A1%E3%82%BF%E3%83%A9%E3%83%BC%E3%80%91" dan="16,17,16,17" rate="2155.60,2241.53,2153.89,2130.01" sx="M,M,M,M"/><TAIKYOKU oya="0"/><INIT seed="0,0,0,2,1,90" ten="250,250,250,250" oya="0" hai0="6,2,111,83,21,43,97,100,33,95,76,96,62" hai1="115,64,20,135,123,42,105,16,18,26,35,38,3" hai2="106,51,122,84,47,0,80,112,101,39,92,14,36" hai3="103,67,98,74,32,117,50,45,126,25,23,9,34"/><T41/><D33/><U15/><E105/><V22/><F0/><W49/><G126/><T113/><D113/><U5/><E64/><V44/><F122/><W134/><G134/><T119/><D119/><U57/><E57/><V61/><F112/><W89/><G74/><T31/><D111/><U28/><E115/><V133/><F106/><W91/><G67/><T4/><D2/><U79/><E79/><V109/><F133/><W110/><G110/><T8/><D62/><U24/><E135/><V125/><F125/><W54/><G9/><T58/><D58/><U107/><E107/><V72/><F72/><W65/><G65/><T114/><D97/><U82/><E82/><V87/><F61/><W81/><G117/><T127/><D127/><U37/><E42/><V46/><F109/><W52/><G81/><T73/><D114/><U40/><E40/><V116/><F116/><W71/><G71/><T121/><D4/><U11/><REACH who="1" step="1"/><E123/><REACH who="1" ten="250,240,250,250" step="2"/><V104/><F104/><W102/><G45/><T66/><D66/><U88/><E88/><N who="2" m="53255" /><F101/><W60/><G60/><T68/><D68/><U85/><E85/><V30/><F87/><W70/><G70/><T55/><D121/><U77/><E77/><V1/><F80/><W27/><G98/><T129/><D41/><U86/><E86/><V7/><F44/><W17/><G103/><T75/><D43/><U120/><E120/><V93/><F46/><W10/><G102/><T78/><D73/><U94/><E94/><V29/><F93/><W48/><G91/><T124/><D75/><U59/><E59/><V130/><F47/><RYUUKYOKU ba="0,1" sc="250,-10,240,30,250,-10,250,-10" hai1="3,5,11,15,16,18,20,24,26,28,35,37,38" /><INIT seed="1,1,1,5,5,116" ten="240,270,240,240" oya="1" hai0="64,83,78,8,6,110,61,131,21,81,108,125,119" hai1="106,18,57,69,107,113,42,49,103,126,31,65,128" hai2="132,115,85,28,52,30,4,55,17,98,133,62,111" hai3="118,89,130,87,90,33,99,56,75,102,67,16,27"/><U97/><E113/><V46/><F115/><W39/><G130/><T109/><D119/><U86/><E128/><V22/><F4/><W5/><G75/><T95/><D131/><U129/><E129/><V134/><F111/><W3/><G39/><T76/><D125/><U80/><E126/><V120/><F120/><W34/><G118/><T15/><D95/><U43/><E107/><V40/><F85/><W58/><G5/><T105/><D105/><U23/><E31/><N who="2" m="11819" /><F62/><W88/><G3/><T32/><D21/><U47/><E69/><V117/><F98/><W13/><G87/><T0/><D32/><U53/><E65/><V38/><F117/><W93/><G67/><T71/><D15/><AGARI ba="1,1" hai="15,17,22,38,40,46,52,55,132,133,134" m="11819" machi="15" ten="30,2000,0" yaku="20,1,54,1" doraHai="116" who="2" fromWho="0" sc="240,-23,270,0,240,33,240,0" /><INIT seed="2,0,0,1,0,59" ten="217,270,273,240" oya="2" hai0="51,63,29,125,126,128,123,127,90,73,21,19,70" hai1="13,79,110,49,129,83,41,47,53,75,18,81,122" hai2="134,87,120,37,88,103,32,118,112,26,113,102,15" hai3="30,27,10,132,119,67,42,60,1,9,116,93,11"/><V36/><F118/><W91/><G132/><T131/><D73/><U44/><E110/><V6/><F120/><W117/><G42/><T98/><D123/><U84/><E129/><N who="0" m="49737" /><D29/><U31/><E122/><V124/><F134/><W86/><G1/><T68/><D51/><U74/><E31/><V5/><F124/><W48/><G48/><T0/><D0/><U35/><E35/><V40/><F26/><W97/><G97/><T77/><D77/><U109/><E109/><V24/><F24/><W7/><G7/><T94/><D63/><U65/><E65/><V62/><F32/><W121/><G121/><T4/><D4/><U115/><E115/><V61/><F15/><AGARI ba="0,0" hai="15,19,21,68,70,90,94,98,125,126,127" m="49737" machi="15" ten="40,2600,0" yaku="18,1,19,1" doraHai="59" who="0" fromWho="2" sc="217,26,270,0,273,-26,240,0" /><INIT seed="3,0,0,3,3,15" ten="243,270,247,240" oya="3" hai0="111,45,36,4,69,37,61,42,64,77,119,3,107" hai1="73,98,122,13,24,87,110,43,117,38,109,123,128" hai2="104,120,133,49,72,22,16,11,82,99,30,32,84" hai3="47,106,74,70,102,121,44,75,88,108,67,93,91"/><W80/><G121/><T20/><D20/><U114/><E43/><V68/><F68/><W85/><G70/><T51/><D107/><U118/><E38/><V56/><F72/><N who="3" m="27691" /><G67/><T101/><D101/><U29/><E73/><V18/><F120/><N who="1" m="46121" /><E87/><V26/><F133/><W100/><G47/><T130/><D77/><U21/><E98/><V116/><F116/><N who="1" m="44649" /><E128/><V14/><F99/><N who="3" m="57791" /><G44/><T39/><D119/><U103/><E103/><N who="3" m="39466" /><G108/><N who="1" m="41578" /><E13/><V50/><F56/><W81/><G81/><T33/><D111/><U97/><E97/><V10/><F104/><AGARI ba="0,0" hai="80,85,88,104,106" m="39466,57791,27691" machi="104" ten="30,18000,2" yaku="35,5,54,1" doraHai="15" who="3" fromWho="2" sc="243,0,270,0,247,-180,240,180" /><INIT seed="3,1,0,0,0,43" ten="243,270,67,420" oya="3" hai0="53,70,94,100,38,51,103,68,23,78,3,34,54" hai1="69,121,41,29,44,96,72,104,122,63,124,135,18" hai2="112,92,107,99,85,15,128,56,4,91,20,133,61" hai3="105,109,95,111,102,35,60,26,31,101,65,22,87"/><W117/><G117/><T88/><D34/><U25/><E18/><V11/><F112/><W82/><G105/><T71/><D38/><N who="1" m="21559" /><E72/><V89/><F133/><W119/><G119/><T125/><D3/><U42/><E42/><V93/><F128/><W57/><G35/><T75/><D125/><U62/><E62/><V108/><F108/><N who="3" m="41547" /><G95/><T134/><D134/><U49/><E49/><V130/><F130/><W131/><G131/><T97/><D54/><U114/><E114/><V47/><F107/><W46/><G46/><T9/><D9/><U73/><E73/><V30/><F47/><W106/><G106/><T86/><D75/><U10/><E10/><V77/><F77/><AGARI ba="1,0" hai="22,26,31,57,60,65,77,82,87,101,102" m="41547" machi="77" ten="30,2900,0" yaku="14,1,10,1" doraHai="43" who="3" fromWho="2" sc="243,0,270,0,67,-32,420,32" /><INIT seed="3,2,0,0,5,25" ten="243,270,35,452" oya="3" hai0="60,27,135,62,129,83,100,32,132,123,45,102,58" hai1="126,57,117,67,73,104,42,88,52,34,74,122,90" hai2="54,17,30,108,43,5,121,116,133,14,18,106,61" hai3="125,39,59,51,69,119,130,118,1,28,49,81,114"/><W16/><G114/><T91/><D123/><U70/><E122/><V11/><F121/><W3/><G39/><T124/><D45/><U95/><E104/><V2/><F116/><W98/><G69/><T80/><D124/><U55/><E34/><V107/><F108/><W37/><G37/><T72/><D72/><U46/><E126/><V13/><F133/><W105/><G125/><T23/><D32/><U35/><E35/><V68/><F43/><W134/><G134/><T0/><D0/><U99/><E117/><V21/><F30/><W6/><G130/><T103/><D129/><U78/><E70/><V38/><F38/><W84/><G28/><T44/><D44/><U10/><E10/><V29/><F29/><W112/><G112/><T109/><D109/><U127/><E90/><V128/><F128/><W19/><G59/><T92/><D62/><N who="1" m="38351" /><E74/><V63/><F63/><W7/><G84/><N who="0" m="52327" /><D135/><U71/><E73/><V113/><F113/><W65/><G65/><N who="0" m="39063" /><D132/><U79/><E71/><V9/><REACH who="2" step="1"/><F54/><REACH who="2" ten="243,270,25,452" step="2"/><N who="1" m="20521" /><E127/><V64/><AGARI ba="2,1" hai="2,5,9,11,13,14,17,18,21,61,64,68,106,107" machi="64" ten="30,2000,0" yaku="1,1,0,1,53,0" doraHai="25" doraHaiUra="111" who="2" fromWho="2" sc="243,-7,270,-7,25,36,452,-12" /><INIT seed="4,0,0,1,4,123" ten="236,263,61,440" oya="0" hai0="21,83,25,110,2,11,101,67,77,15,38,47,112" hai1="116,27,12,84,70,80,42,117,5,132,23,40,44" hai2="91,72,51,19,129,130,1,92,86,120,4,65,34" hai3="37,90,64,87,13,30,43,135,103,107,58,10,45"/><T35/><D67/><U17/><E70/><V7/><F120/><W108/><G135/><T28/><D101/><U126/><E132/><V32/><F72/><W61/><G30/><T93/><D93/><U127/><E5/><N who="2" m="2123" /><F65/><W125/><G125/><N who="1" m="47626" /><E12/><V68/><F68/><W82/><G103/><T113/><D2/><U16/><E17/><V50/><F19/><W105/><G108/><T114/><D110/><U75/><E75/><V74/><F74/><W81/><G81/><T57/><D57/><U131/><E131/><N who="2" m="50187" /><F1/><W33/><G33/><AGARI ba="0,0" hai="32,33,34,50,51,86,91,92" m="50187,2123" machi="33" ten="30,1000,0" yaku="19,1" doraHai="123" who="2" fromWho="3" sc="236,0,263,0,61,10,440,-10" /><INIT seed="5,0,0,4,0,23" ten="236,263,71,430" oya="1" hai0="31,89,79,77,42,32,47,64,34,103,56,118,28" hai1="98,109,35,74,19,52,57,94,59,67,22,120,110" hai2="40,6,61,115,36,3,7,93,2,96,27,39,68" hai3="29,0,117,99,85,60,14,73,13,17,18,95,55"/><U48/><E120/><V124/><F124/><W134/><G73/><T50/><D103/><U38/><E35/><V121/><F121/><W122/><G0/><T91/><D118/><U135/><E38/><V108/><F108/><N who="1" m="41577" /><E74/><V84/><F84/><W113/><G113/><T69/><D69/><U87/><E87/><V58/><F68/><W54/><G134/><T86/><D91/><N who="1" m="55647" /><E135/><V5/><F115/><W129/><G129/><T41/><D32/><U43/><E43/><V92/><F40/><W49/><G117/><T80/><D41/><U100/><E100/><V10/><F92/><W21/><G85/><T37/><D37/><U65/><E59/><V112/><F112/><W8/><G122/><T72/><D72/><U101/><E101/><V62/><F36/><W71/><G71/><T12/><D34/><U97/><E97/><V45/><F39/><W25/><G60/><N who="0" m="37895" /><D79/><U70/><E70/><V78/><F78/><W24/><G49/><T111/><D77/><U104/><E104/><V46/><F62/><W90/><G14/><AGARI ba="0,0" hai="14,19,22,48,52,57,65,67" m="55647,41577" machi="14" ten="30,2900,0" yaku="10,1,54,1" doraHai="23" who="1" fromWho="3" sc="236,0,263,29,71,0,430,-29" /><INIT seed="5,1,0,1,4,1" ten="236,292,71,401" oya="1" hai0="55,34,97,35,48,126,7,102,53,86,119,81,77" hai1="41,90,109,17,46,88,75,18,121,57,5,67,118" hai2="39,68,80,9,16,33,14,71,24,12,72,11,25" hai3="62,116,74,83,99,87,42,56,100,132,30,85,94"/><U124/><E118/><V22/><F39/><W3/><G132/><T45/><D119/><U110/><E121/><V15/><F72/><W135/><G135/><T58/><D126/><U69/><E75/><V103/><F103/><W76/><G3/><T111/><D111/><N who="1" m="42507" /><E69/><V0/><F80/><W26/><G116/><T134/><D134/><U129/><E124/><V89/><F89/><N who="1" m="34409" /><E129/><V54/><F54/><W40/><G87/><T37/><D37/><N who="1" m="21807" /><E5/><N who="2" m="1191" /><F71/><W73/><G73/><T61/><REACH who="0" step="1"/><D7/><REACH who="0" ten="226,292,71,401" step="2"/><U120/><E120/><V122/><F122/><W8/><G74/><T101/><D101/><U2/><E2/><V28/><F68/><W95/><G100/><T91/><D91/><U20/><E20/><V92/><F92/><AGARI ba="1,1" hai="34,35,45,48,53,55,58,61,77,81,86,92,97,102" machi="92" ten="30,2000,0" yaku="1,1,7,1,53,0" doraHai="1" doraHaiUra="64" who="0" fromWho="2" sc="226,33,292,0,71,-23,401,0" /><INIT seed="6,0,0,2,0,31" ten="259,292,48,401" oya="2" hai0="61,83,132,25,58,110,93,75,135,95,13,112,107" hai1="16,78,134,82,74,26,56,131,100,98,17,12,94" hai2="44,60,96,119,9,129,34,36,84,87,22,117,20" hai3="105,99,8,15,91,103,133,19,43,88,73,101,38"/><V106/><F129/><W49/><G73/><T114/><D13/><U81/><E131/><V55/><F9/><W90/><G38/><T51/><D51/><U86/><E134/><N who="0" m="51241" /><D25/><U3/><E3/><V72/><F72/><W54/><G133/><T52/><D107/><U62/><E26/><V6/><F6/><W89/><G43/><T125/><D110/><U41/><E41/><V29/><F36/><W77/><G77/><N who="0" m="44479" /><D125/><U70/><E70/><V104/><F96/><W113/><G113/><AGARI ba="0,0" hai="52,58,61,93,95,112,113,114" m="44479,51241" machi="113" ten="30,3900,0" yaku="15,1,20,1,54,1" doraHai="31" who="0" fromWho="3" sc="259,39,292,0,48,0,401,-39" /><INIT seed="7,0,0,0,1,39" ten="298,292,48,362" oya="3" hai0="60,82,122,35,41,77,80,5,17,55,134,74,62" hai1="128,88,100,78,12,27,51,64,89,18,97,24,59" hai2="15,116,127,69,119,79,71,113,29,129,57,25,8" hai3="7,14,23,76,38,108,120,72,90,22,102,31,53"/><W33/><G120/><T40/><D122/><U26/><E128/><V115/><F79/><W19/><G102/><T36/><D35/><U45/><E78/><V121/><F15/><W1/><G38/><T0/><D134/><U84/><E59/><V107/><F25/><N who="3" m="18671" /><G23/><T103/><D103/><U118/><E64/><V135/><F29/><W124/><G124/><T123/><D123/><U3/><E3/><V46/><F8/><N who="3" m="2159" /><G90/><T105/><D105/><U10/><E118/><V133/><F107/><W61/><G53/><T48/><D36/><U21/><E21/><V132/><F121/><W28/><G28/><T2/><D2/><U92/><REACH who="1" step="1"/><E84/><REACH who="1" ten="298,282,48,362" step="2"/><V104/><F104/><W66/><G76/><T6/><D0/><U70/><E70/><N who="2" m="26635" /><F57/><N who="3" m="37167" /><G72/><T67/><D74/><U83/><E83/><N who="0" m="31785" /><D77/><U101/><E101/><V94/><F94/><W68/><G68/><T114/><D67/><U87/><E87/><V125/><F46/><W30/><G30/><T75/><D75/><U9/><E9/><V34/><F34/><W52/><G22/><T11/><D17/><U16/><E16/><V56/><F56/><W42/><G19/><T73/><D73/><U111/><E111/><V81/><F81/><W20/><G20/><T96/><D96/><U58/><E58/><V47/><F47/><W131/><G108/><T98/><D98/><U110/><E110/><V54/><F54/><AGARI ba="0,1" hai="10,12,18,24,26,27,45,51,54,88,89,92,97,100" machi="54" ten="40,8000,1" yaku="1,1,8,1,54,1,53,1" doraHai="39" doraHaiUra="95" who="1" fromWho="2" sc="298,0,282,90,48,-80,362,0" owari="298,-10.2,372,47.2,-32,-53.2,362,16.2" /></mjloggm>