<mjloggm ver="2.3"><GO type="169" lobby="0"/><UN n0="%E3%81%82%E3%81%8B%E3%82%8A%E3%82%8D%E3%82%93" n1="%E5%85%BC%E6%98%8E%E5%81%8F%E6%9A%97" n2="%E9%BE%8D%31%30" n3="%E7%8A%B6%E6%85%8B%E9%BA%BB%E9%9B%80" dan="16,16,16,18" rate="2162.61,2199.86,2083.74,2246.51" sx="F,M,M,M"/><TAIKYOKU oya="0"/><INIT seed="0,0,0,0,2,10" ten="250,250,250,250" oya="0" hai0="86,126,101,78,22,107,20,89,122,135,108,54,109" hai1="6,132,14,114,49,77,51,106,90,120,34,100,67" hai2="110,111,31,72,42,129,9,121,5,47,30,52,8" hai3="60,99,94,133,18,50,1,85,41,61,83,97,124"/><T127/><D122/><U92/><E120/><V103/><F121/><W21/><G124/><N who="0" m="47659" /><D78/><U84/><E34/><V27/><F72/><W29/><G133/><T45/><D135/><U113/><E132/><V75/><F75/><W19/><G1/><T55/><D101/><U24/><E24/><V48/><F103/><W11/><G29/><N who="2" m="10761" /><F27/><W76/><G11/><N who="2" m="4169" /><F5/><W26/><G18/><T123/><D123/><U3/><E3/><V65/><F65/><W125/><G97/><T96/><D96/><N who="1" m="61703" /><E6/><V115/><F129/><W36/><G36/><T79/><D79/><U82/><E67/><V81/><F81/><W93/><G125/><T56/><D107/><U62/><E62/><N who="3" m="24170" /><G99/><T64/><D64/><U117/><E117/><V17/><F17/><W53/><G41/><T23/><D45/><AGARI ba="0,0" hai="19,21,26,45,50,53,76,83,85,93,94" m="24170" machi="45" ten="30,1000,0" yaku="8,1" doraHai="10" who="3" fromWho="0" sc="250,-10,250,0,250,0,250,10" /><INIT seed="1,0,0,3,5,0" ten="240,250,250,260" oya="1" hai0="73,54,110,13,64,17,49,82,50,6,83,36,115" hai1="22,120,42,19,104,105,30,114,43,66,47,101,11" hai2="29,16,112,135,118,84,113,18,32,10,52,41,67" hai3="65,37,8,20,14,93,34,121,108,77,4,24,79"/><U126/><E114/><N who="2" m="44139" /><F118/><W46/><G108/><T131/><D115/><U63/><E120/><V98/><F135/><W124/><G124/><T31/><D36/><U57/><E126/><V1/><F41/><W127/><G127/><T134/><D110/><U132/><E132/><V35/><F67/><W55/><G121/><T2/><D134/><U23/><E43/><V39/><F39/><W9/><G34/><N who="2" m="12841" /><F29/><W70/><G70/><T80/><D131/><U106/><E101/><V75/><F75/><W122/><G65/><T5/><D2/><U74/><E74/><V90/><F98/><W100/><G122/><T68/><D73/><U116/><E116/><V76/><F76/><W62/><G9/><N who="0" m="6319" /><D68/><U25/><E11/><V33/><N who="2" m="12849" /><V58/><DORA hai="102" /><F10/><W87/><G37/><T95/><D64/><U86/><E86/><V45/><F45/><W81/><G77/><T133/><D133/><U59/><E59/><V129/><F1/><W85/><G100/><T123/><D123/><U44/><REACH who="1" step="1"/><E42/><REACH who="1" ten="240,240,250,260" step="2"/><V72/><F129/><W103/><G103/><T88/><D31/><U107/><N who="1" m="26624" /><DORA hai="38" /><U117/><E117/><V119/><F72/><W28/><G87/><N who="0" m="52639" /><D54/><U71/><E71/><V40/><F40/><W130/><G130/><T7/><AGARI ba="0,1" hai="5,6,7,49,50,80,82,83" m="52639,6319" machi="7" ten="30,8000,1" yaku="8,1,52,3,54,1" doraHai="0,102,38" who="0" fromWho="0" sc="240,90,240,-40,250,-20,260,-20" /><INIT seed="2,0,0,2,1,135" ten="330,200,230,240" oya="2" hai0="106,41,7,64,86,116,48,50,100,31,25,51,1" hai1="74,128,12,113,72,104,98,111,77,17,37,118,71" hai2="34,18,15,133,70,130,8,114,115,56,117,121,3" hai3="13,23,87,125,110,84,88,14,57,120,36,108,66"/><V83/><F70/><W90/><G120/><T131/><D131/><U54/><E37/><V76/><F121/><W43/><G36/><T55/><D116/><U61/><E113/><V47/><F117/><W22/><G57/><T11/><D64/><U75/><E118/><V95/><F130/><W85/><G66/><T62/><D62/><U6/><E111/><N who="3" m="42538" /><G43/><T81/><D41/><U134/><E134/><V96/><F133/><W38/><G38/><T78/><D100/><U45/><E6/><V20/><F34/><W30/><G30/><T35/><REACH who="0" step="1"/><D106/><REACH who="0" ten="320,200,230,240" step="2"/><U58/><E104/><V4/><F47/><AGARI ba="0,1" hai="1,7,11,25,31,35,47,48,50,51,55,78,81,86" machi="47" ten="30,3900,0" yaku="1,1,2,1,7,1,53,0" doraHai="135" doraHaiUra="105" who="0" fromWho="2" sc="320,49,200,0,230,-39,240,0" /><INIT seed="3,0,0,3,3,28" ten="369,200,191,240" oya="3" hai0="87,6,84,5,11,55,32,33,90,130,76,121,52" hai1="120,86,58,123,129,133,3,67,110,68,91,83,2" hai2="56,131,54,119,69,125,95,12,109,74,8,101,70" hai3="73,4,61,102,80,116,135,53,13,117,35,75,79"/><W30/><G135/><T126/><D121/><U38/><E38/><V132/><F119/><W107/><G75/><T15/><D76/><U93/><E133/><V98/><F74/><W48/><G61/><T108/><D108/><U27/><E110/><V24/><F109/><W0/><G13/><T9/><D130/><U111/><E111/><V41/><F131/><W82/><G82/><T22/><D22/><U71/><E129/><V62/><F132/><W29/><G29/><T16/><D126/><U19/><E58/><V63/><F125/><W118/><G48/><T100/><D100/><U81/><E19/><V64/><F24/><N who="3" m="18887" /><G53/><T114/><D114/><U92/><E86/><V113/><F41/><W26/><G26/><T42/><D42/><U7/><E27/><V57/><REACH who="2" step="1"/><F113/><REACH who="2" ten="369,200,181,240" step="2"/><W105/><G102/><T103/><D103/><U10/><E123/><V97/><F97/><W66/><G66/><T89/><D15/><U94/><E67/><V31/><F31/><W50/><G50/><T60/><D60/><U43/><E120/><V46/><F46/><W104/><G117/><T17/><AGARI ba="0,1" hai="5,6,9,11,16,17,32,33,52,55,84,87,89,90" machi="17" ten="25,12000,2" yaku="0,1,22,2,52,2,54,2" doraHai="28" who="0" fromWho="0" sc="369,130,200,-30,181,-30,240,-60" /><INIT seed="4,0,0,5,0,115" ten="499,170,151,180" oya="0" hai0="105,94,130,42,132,15,77,106,74,116,66,122,91" hai1="50,72,16,64,102,123,37,54,89,79,52,22,70" hai2="14,53,33,97,0,113,44,60,75,27,109,110,26" hai3="93,76,83,7,87,10,114,108,71,133,90,43,82"/><T40/><D122/><U68/><E37/><V134/><F113/><W81/><G114/><T59/><D130/><U65/><E123/><V11/><F75/><W41/><G108/><T112/><D112/><U63/><E102/><V12/><F0/><W62/><G133/><T19/><D132/><U103/><E103/><V28/><F134/><W128/><G128/><T135/><D135/><U120/><E120/><V107/><F14/><W86/><G71/><T73/><D116/><U45/><E89/><V3/><F27/><W20/><G62/><T55/><D66/><U96/><E96/><V48/><F3/><W69/><G69/><T121/><D121/><U30/><E30/><V24/><F24/><W5/><G20/><T35/><D35/><U111/><E111/><V51/><F60/><W58/><G58/><T38/><D38/><U31/><E31/><V8/><F11/><W127/><G127/><T2/><D2/><U95/><E95/><V104/><F48/><W67/><G67/><T80/><D74/><U84/><E72/><V117/><F117/><W39/><G39/><T119/><D119/><U98/><E98/><V124/><F124/><W118/><G118/><T25/><D25/><N who="1" m="14535" /><E70/><V129/><F129/><W92/><G81/><T57/><D105/><N who="2" m="40522" /><F97/><W125/><G125/><T9/><D106/><U99/><E99/><V34/><F33/><W131/><G131/><T17/><D73/><U32/><E32/><V56/><F56/><W4/><G10/><T13/><D9/><U85/><E65/><V49/><F49/><W36/><G36/><T101/><D101/><RYUUKYOKU ba="0,0" sc="499,-15,170,-15,151,15,180,15" hai2="8,12,26,28,34,44,51,53,109,110" hai3="4,5,7,41,43,76,82,83,86,87,90,92,93" /><INIT seed="5,1,0,3,4,131" ten="484,155,166,195" oya="1" hai0="43,53,66,107,48,133,39,52,77,104,108,95,87" hai1="10,49,124,79,68,80,90,106,88,29,67,50,37" hai2="101,21,8,116,16,126,128,57,110,121,55,89,129" hai3="1,20,38,113,22,86,30,6,69,64,120,19,3"/><U73/><E37/><V9/><F121/><W33/><G38/><T44/><D108/><U75/><E106/><V91/><F116/><W78/><G64/><T56/><D133/><U14/><E75/><V5/><F101/><W24/><G69/><T40/><D40/><U35/><E124/><V103/><F103/><W2/><G86/><T54/><D54/><U62/><E29/><V117/><F126/><W60/><G60/><T36/><D36/><U105/><E35/><V47/><F47/><W98/><G98/><T84/><D84/><U0/><E0/><N who="2" m="39" /><F9/><N who="3" m="2255" /><G78/><T46/><D66/><U32/><E32/><V123/><F110/><W63/><G63/><T102/><D102/><U42/><E105/><V71/><F117/><W7/><G120/><T27/><D27/><U100/><E100/><V132/><F71/><W76/><G76/><T31/><D31/><U59/><E42/><V135/><F123/><W61/><G61/><T81/><D95/><U94/><E68/><V109/><F109/><W45/><G45/><T119/><D119/><U17/><REACH who="1" step="1"/><E90/><REACH who="1" ten="484,145,166,195" step="2"/><N who="2" m="34315" /><F55/><W28/><G33/><T51/><AGARI ba="1,1" hai="39,43,44,46,48,51,52,53,56,77,81,87,104,107" machi="51" ten="20,2700,0" yaku="0,1,7,1,54,1" doraHai="131" who="0" fromWho="0" sc="484,40,145,-14,166,-8,195,-8" /><INIT seed="6,0,0,0,5,114" ten="524,131,158,187" oya="2" hai0="55,129,8,104,81,12,0,93,62,24,130,23,126" hai1="102,82,117,10,53,65,106,97,56,107,20,120,49" hai2="105,28,112,47,11,100,79,71,96,77,70,5,101" hai3="35,25,21,16,37,119,76,98,1,14,48,84,57"/><V32/><F112/><W50/><G37/><T68/><D104/><U110/><E110/><V52/><F101/><W38/><G38/><T121/><D0/><U133/><E133/><V18/><F18/><N who="3" m="12471" /><G119/><T124/><D121/><U59/><E120/><V61/><F71/><W6/><G35/><T27/><D93/><U134/><E134/><V86/><F86/><W128/><G1/><T42/><D42/><U67/><E107/><V51/><F28/><W29/><G29/><T9/><D9/><U89/><E117/><V78/><F32/><W39/><G39/><T83/><D24/><U85/><E20/><V109/><F109/><W113/><G6/><N who="0" m="3095" /><D55/><U75/><E10/><V123/><F123/><W44/><G113/><T41/><D41/><U3/><E3/><V33/><F33/><W80/><G128/><N who="0" m="49259" /><D62/><U131/><E131/><V22/><F61/><W122/><G122/><T91/><D91/><U103/><E102/><V127/><F70/><W30/><G30/><T34/><D34/><U26/><E26/><V31/><F31/><W88/><G44/><T17/><D68/><U40/><E40/><V46/><F22/><N who="3" m="11543" /><G57/><T108/><D108/><U19/><E19/><V58/><REACH who="2" step="1"/><F127/><AGARI ba="0,0" hai="17,23,27,81,83,124,126,127" m="49259,3095" machi="127" ten="30,2000,0" yaku="18,1,19,1" doraHai="114" who="0" fromWho="2" sc="524,20,131,0,158,-20,187,0" /><INIT seed="7,0,0,5,2,80" ten="544,131,138,187" oya="3" hai0="17,105,55,96,1,48,133,114,85,91,67,40,53" hai1="33,79,100,30,65,107,78,103,43,32,60,98,15" hai2="116,120,58,71,93,6,44,82,132,28,42,20,23" hai3="92,86,123,50,84,76,54,134,10,130,5,75,22"/><W27/><G123/><T2/><D133/><U72/><E103/><V118/><F120/><W8/><G75/><T109/><D109/><U135/><E135/><V83/><F132/><W69/><G69/><T124/><D124/><U16/><E43/><V115/><F71/><W74/><G74/><T64/><D17/><U89/><E89/><V128/><F58/><W77/><G130/><T125/><D114/><U70/><E72/><V3/><F115/><W4/><G92/><T46/><D55/><U52/><E52/><V14/><F93/><W102/><G102/><T37/><D1/><U104/><E104/><V90/><F3/><W131/><G131/><T68/><D2/><U34/><REACH who="1" step="1"/><E30/><REACH who="1" ten="544,121,138,187" step="2"/><V127/><F128/><W122/><G54/><T24/><D24/><U88/><E88/><V45/><F127/><W73/><G73/><T38/><D68/><U0/><E0/><V29/><F42/><W101/><G101/><T51/><D96/><U12/><E12/><V97/><F90/><W25/><G134/><T26/><D67/><U108/><E108/><V39/><F14/><W112/><G112/><T94/><D64/><U35/><N who="1" m="8192" /><DORA hai="117" /><U13/><E13/><V119/><F97/><W126/><G126/><T66/><D105/><U113/><E113/><V57/><F116/><W95/><G122/><T49/><D53/><U99/><E99/><V21/><F118/><W110/><G110/><T111/><D111/><U129/><E129/><V31/><F119/><W11/><G76/><T7/><D125/><U56/><E56/><V62/><F57/><W47/><G77/><RYUUKYOKU ba="0,1" sc="544,-10,121,30,138,-10,187,-10" hai1="15,16,60,65,70,78,79,98,100,107" owari="544,64.4,151,-24.9,128,-37.2,177,-2.3" /></mjloggm>