<mjloggm ver="2.3"><GO type="169" lobby="0"/><UN n0="%E5%B0%8F%E4%B8%89%E5%85%83%E5%8D%97%E5%8D%98%E9%A8%8E" n1="%E3%81%93%E3%81%AB" n2="%E7%88%86%E7%89%8C%E3%82%A6%E3%82%B7%E3%82%B8%E3%83%9E%E3%81%8F%E3%82%93" n3="%E3%83%8F%E3%82%BA%E3%83%AC" dan="16,16,16,17" rate="2114.37,2152.21,2131.51,2164.05" sx="M,M,M,M"/><TAIKYOKU oya="0"/><INIT seed="0,0,0,2,2,134" ten="250,250,250,250" oya="0" hai0="47,21,92,42,28,41,45,80,70,37,113,109,19" hai1="107,120,76,58,33,112,3,17,8,115,108,82,98" hai2="4,62,12,14,31,99,7,105,111,32,79,72,52" hai3="91,69,1,85,106,57,114,38,110,27,44,130,127"/><T36/><D113/><U135/><E120/><V39/><F39/><W75/><RYUUKYOKU type="yao9" ba="0,0" sc="250,0,250,0,250,0,250,0" hai3="1,27,38,44,57,69,75,85,91,106,110,114,127,130" /><INIT seed="0,1,0,0,4,97" ten="250,250,250,250" oya="0" hai0="76,77,18,103,41,60,48,27,119,79,121,20,6" hai1="130,102,86,29,116,110,51,94,83,106,84,46,31" hai2="81,129,36,15,44,91,49,1,62,67,108,39,113" hai3="28,19,59,26,135,93,38,68,9,82,37,132,80"/><T43/><D119/><U50/><E116/><V7/><F113/><W42/><G68/><T3/><D121/><U10/><E110/><V22/><F108/><W111/><G111/><T109/><D109/><U96/><E130/><V11/><F129/><W17/><G93/><T34/><D48/><U40/><E106/><V128/><F128/><W73/><G59/><T125/><D125/><U74/><E74/><V95/><F81/><N who="3" m="31339" /><G73/><T124/><D124/><U61/><E86/><V87/><F22/><W118/><G118/><T134/><D134/><N who="3" m="51241" /><G42/><T104/><D34/><U65/><E51/><V98/><F87/><W100/><G100/><T58/><D6/><U5/><E61/><V8/><F8/><W64/><G64/><T117/><D3/><U25/><E25/><V114/><F114/><W120/><G120/><T90/><D90/><U63/><E63/><V105/><F1/><W66/><G66/><T92/><D104/><U35/><E35/><V2/><F2/><W115/><G115/><T30/><D18/><N who="3" m="6665" /><G9/><T12/><D117/><U131/><E65/><V4/><F105/><W55/><G55/><T52/><D12/><N who="1" m="5199" /><E131/><V107/><F107/><W85/><G85/><T47/><D47/><U0/><E0/><V127/><F127/><W133/><N who="3" m="51249" /><W112/><DORA hai="21" /><G112/><T16/><D30/><U89/><AGARI ba="1,0" hai="29,31,40,46,50,83,84,89,94,96,102" m="5199" machi="89" ten="30,2000,0" yaku="8,1,52,1" doraHai="97,21" who="1" fromWho="1" sc="250,-11,250,23,250,-6,250,-6" /><INIT seed="1,0,0,5,0,46" ten="239,273,244,244" oya="1" hai0="129,7,79,97,115,31,54,12,32,17,47,34,51" hai1="9,134,77,120,118,82,98,18,39,89,27,125,86" hai2="6,20,87,25,33,23,11,63,126,16,114,111,122" hai3="84,0,74,55,124,3,96,13,69,29,19,37,100"/><U80/><E118/><V44/><F122/><W113/><G74/><T49/><D129/><U123/><E39/><V90/><F111/><W1/><G113/><T88/><D115/><U130/><E130/><V107/><F114/><W26/><G124/><T121/><D121/><U75/><E125/><V61/><F126/><W62/><G37/><T30/><D7/><U83/><E134/><V56/><F107/><W67/><G55/><N who="0" m="30143" /><D79/><U53/><E83/><V127/><F127/><W106/><G84/><T119/><D34/><U132/><E132/><V4/><F33/><W104/><G104/><T52/><D32/><U81/><E81/><V128/><F128/><W48/><G48/><T109/><D109/><U110/><E110/><V73/><F73/><W50/><G50/><T22/><D54/><U133/><E133/><V66/><F44/><W70/><G70/><T71/><D71/><U21/><E53/><V35/><F35/><N who="3" m="20919" /><G1/><T2/><D2/><U40/><E40/><V102/><F63/><W65/><G65/><T24/><D24/><U99/><E120/><V57/><F57/><W95/><G95/><N who="0" m="56551" /><D119/><U36/><E36/><V131/><F131/><W92/><G92/><T135/><D135/><U45/><E45/><AGARI ba="0,0" hai="12,17,22,30,31,45,51,52" m="56551,30143" machi="45" ten="30,8000,1" yaku="8,1,52,2,54,2" doraHai="46" who="0" fromWho="1" sc="239,80,273,-80,244,0,244,0" /><INIT seed="2,0,0,2,0,53" ten="319,193,244,244" oya="2" hai0="1,41,21,35,101,114,100,66,127,76,13,95,45" hai1="92,2,103,113,131,14,61,4,121,126,28,54,112" hai2="10,22,130,91,89,46,52,29,60,132,74,128,64" hai3="48,39,30,122,110,7,43,115,116,3,51,125,133"/><V82/><F10/><W78/><G78/><T85/><D114/><U63/><E2/><V120/><F120/><W38/><G30/><T97/><D35/><U0/><E0/><V98/><F132/><W33/><G33/><T32/><D32/><U56/><E121/><V71/><F29/><W106/><G106/><T19/><D1/><U23/><E126/><V83/><F22/><W67/><G7/><T27/><D127/><U84/><E131/><N who="2" m="50219" /><F74/><W44/><G3/><T58/><D101/><U18/><E28/><V65/><F65/><W8/><G8/><T119/><D119/><U59/><E4/><V123/><F123/><W75/><G75/><T57/><D66/><U93/><E93/><N who="2" m="56623" /><F91/><W24/><G122/><T104/><D27/><U26/><E26/><V99/><F99/><W25/><G116/><T9/><D9/><U11/><E11/><V81/><F81/><W111/><G67/><T49/><D104/><U107/><E107/><V88/><F88/><W94/><G94/><T109/><D109/><N who="3" m="41481" /><G125/><T80/><AGARI ba="0,0" hai="13,19,21,41,45,49,57,58,76,80,85,95,97,100" machi="80" ten="30,7900,0" yaku="0,1,8,1,52,2" doraHai="53" who="0" fromWho="0" sc="319,79,193,-20,244,-39,244,-20" /><INIT seed="3,0,0,3,1,31" ten="398,173,205,224" oya="3" hai0="50,120,85,92,1,2,98,94,90,48,44,20,40" hai1="8,28,87,22,39,60,134,21,64,38,23,46,76" hai2="102,36,16,13,74,128,109,83,41,88,101,17,73" hai3="52,58,6,107,127,3,33,57,99,118,70,100,65"/><W19/><G118/><T26/><D50/><U126/><E134/><V121/><F109/><W69/><G127/><T104/><D104/><U10/><E126/><V71/><F71/><W133/><G133/><T47/><D47/><U111/><E111/><V51/><F36/><W14/><G33/><T59/><D120/><U79/><E28/><V29/><F29/><W108/><G108/><T12/><D12/><U62/><E46/><V116/><F116/><W81/><G81/><T124/><D124/><U78/><E87/><V96/><F128/><W135/><G135/><T49/><D49/><U61/><REACH who="1" step="1"/><E64/><REACH who="1" ten="398,163,205,224" step="2"/><V112/><F121/><W27/><G65/><T43/><D44/><U84/><E84/><V125/><F125/><W32/><G58/><T66/><D85/><U4/><E4/><V106/><F74/><W37/><G6/><T35/><D59/><U132/><E132/><V131/><F73/><W80/><G70/><T55/><D66/><U97/><E97/><V42/><F96/><W15/><G69/><T91/><D98/><U122/><E122/><V7/><F7/><W45/><G45/><T95/><D43/><U86/><E86/><V113/><F42/><W30/><G99/><T123/><D40/><U5/><E5/><V130/><F41/><W77/><G30/><T117/><D123/><U63/><N who="1" m="15360" /><DORA hai="68" /><U115/><E115/><V93/><F113/><W34/><G57/><T105/><D117/><U11/><AGARI ba="0,1" hai="8,10,11,21,22,23,38,39,76,78,79" m="15360" machi="11" ten="50,32000,5" yakuman="40" doraHai="31,68" doraHaiUra="25,129" who="1" fromWho="1" sc="398,-80,163,330,205,-80,224,-160" /><INIT seed="4,0,0,3,5,37" ten="318,493,125,64" oya="0" hai0="39,13,135,124,120,107,70,118,66,102,104,47,71" hai1="41,115,87,40,49,15,91,56,54,5,103,25,42" hai2="14,92,62,126,4,111,114,24,119,83,94,131,93" hai3="100,45,8,74,61,44,85,76,59,19,16,68,30"/><T117/><D120/><U26/><E115/><V84/><F111/><W60/><G74/><T80/><D13/><U12/><E103/><V33/><F114/><W58/><G68/><T95/><D95/><N who="1" m="54783" /><E15/><V82/><F126/><W51/><G100/><T130/><D124/><U20/><E5/><V125/><F125/><W27/><G76/><T121/><D121/><U28/><E28/><V2/><F2/><W29/><G85/><T1/><D1/><U63/><E63/><V7/><F131/><W99/><G99/><T108/><D108/><U52/><E54/><V50/><F119/><W43/><G8/><T64/><D102/><U77/><E77/><V75/><F75/><W34/><G44/><T122/><D47/><U112/><E112/><V0/><F0/><W67/><REACH who="3" step="1"/><G30/><REACH who="3" ten="318,493,125,54" step="2"/><T18/><D71/><U113/><E113/><V11/><F84/><W32/><G32/><T129/><D70/><U110/><E110/><V22/><F33/><W36/><G36/><T90/><D130/><U109/><E109/><V81/><F11/><W72/><G72/><T10/><D39/><U133/><E133/><V23/><F23/><W65/><AGARI ba="0,1" hai="16,19,27,29,34,43,45,51,58,59,60,61,65,67" machi="65" ten="20,12000,2" yaku="1,1,0,1,7,1,9,1,52,1,54,1,53,0" doraHai="37" doraHaiUra="86" who="3" fromWho="3" sc="318,-60,493,-30,125,-30,54,130" /><INIT seed="5,0,0,2,2,50" ten="258,463,95,184" oya="1" hai0="47,26,46,16,14,38,113,52,60,102,22,31,135" hai1="58,34,43,107,24,90,88,116,98,76,103,80,123" hai2="77,91,71,44,9,99,49,20,56,119,89,93,7" hai3="97,96,126,25,118,55,101,37,62,114,83,10,84"/><U133/><E116/><V27/><F71/><W109/><G109/><T61/><D113/><U13/><E123/><V15/><F119/><W66/><G118/><T112/><D112/><U54/><E43/><V72/><F72/><W63/><G37/><T3/><D135/><U6/><E133/><V125/><F125/><W120/><G120/><T11/><D102/><U130/><E130/><V8/><F77/><W48/><G126/><T124/><D124/><U75/><E6/><V129/><F129/><W23/><G10/><T82/><D82/><U57/><E57/><V121/><F121/><W74/><G74/><T5/><D38/><U4/><E4/><V104/><F104/><W2/><G2/><T111/><D111/><U95/><E13/><V132/><F9/><W106/><G97/><T35/><D61/><U51/><E107/><V87/><F56/><AGARI ba="0,0" hai="3,5,11,14,16,22,26,31,35,46,47,52,56,60" machi="56" ten="40,8000,1" yaku="24,2,52,1,54,2" doraHai="50" who="0" fromWho="2" sc="258,80,463,0,95,-80,184,0" /><INIT seed="6,0,0,3,2,115" ten="338,463,15,184" oya="2" hai0="29,76,48,86,2,35,78,50,105,95,17,44,58" hai1="73,123,5,12,67,41,8,83,84,87,120,57,13" hai2="119,52,68,124,109,114,1,74,130,53,32,81,37" hai3="40,70,126,65,93,20,61,56,91,19,103,98,110"/><V47/><F52/><W125/><G110/><T60/><D105/><U121/><E41/><V101/><F53/><W39/><G70/><T116/><D116/><U6/><E73/><V33/><F47/><W104/><G39/><T132/><D132/><U54/><E67/><V43/><F43/><W55/><G40/><T26/><D2/><U59/><E83/><V71/><F101/><W90/><G65/><T80/><D44/><U82/><E82/><V92/><F92/><W113/><G113/><T129/><D129/><U72/><E72/><V25/><F81/><W4/><G4/><T14/><D95/><U69/><E69/><V22/><F22/><W28/><G28/><T31/><D31/><U34/><E34/><V99/><F25/><W106/><G91/><T96/><D96/><U38/><E38/><V10/><F99/><W122/><G122/><T134/><D134/><U24/><E24/><V128/><F10/><W66/><G66/><T21/><D78/><U45/><E45/><V42/><F42/><W3/><G3/><T100/><D100/><U94/><E94/><V135/><F130/><W18/><G18/><T23/><D35/><U97/><E97/><V85/><F33/><W62/><G62/><T9/><D9/><N who="1" m="4143" /><E59/><V11/><F11/><W46/><G46/><T7/><D7/><U108/><E108/><V75/><F75/><W127/><G103/><T107/><D107/><U117/><E117/><V79/><F79/><W112/><G112/><T27/><D27/><AGARI ba="0,0" hai="19,20,27,55,56,61,90,93,98,104,106,125,126,127" machi="27" ten="40,5200,0" yaku="25,2,18,1" doraHai="115" who="3" fromWho="0" sc="338,-52,463,0,15,0,184,52" /><INIT seed="7,0,0,1,3,45" ten="286,463,15,236" oya="3" hai0="106,68,79,49,11,95,44,41,56,97,94,112,134" hai1="100,2,75,6,3,43,85,78,96,38,122,23,88" hai2="105,129,67,7,42,24,51,0,84,35,70,110,65" hai3="8,87,81,55,86,92,128,58,1,57,29,80,74"/><W72/><G128/><T133/><D68/><U33/><E33/><V118/><F84/><W28/><G92/><T62/><D79/><U63/><E63/><V126/><F24/><W48/><G1/><T109/><D109/><U4/><E23/><V14/><F14/><W89/><G8/><T108/><D108/><U52/><E78/><V18/><F18/><W77/><G74/><T115/><D106/><U26/><E43/><V13/><F13/><W103/><G103/><N who="0" m="60855" /><D95/><U9/><E38/><V32/><F42/><W124/><G124/><T91/><D91/><U93/><E122/><V116/><F110/><W59/><G72/><T53/><D11/><U66/><E66/><V83/><F83/><W10/><G10/><T123/><D123/><U131/><E26/><V69/><F0/><W21/><REACH who="3" step="1"/><G21/><REACH who="3" ten="286,463,15,226" step="2"/><T64/><D64/><U135/><E131/><V37/><F37/><W50/><G50/><T119/><D119/><U99/><E9/><V34/><F34/><W5/><G5/><T40/><D40/><U117/><E75/><V47/><F7/><W15/><G15/><T12/><D12/><U82/><E117/><V19/><F129/><W17/><G17/><T22/><D22/><U113/><E3/><V98/><F19/><W27/><G27/><T30/><D30/><AGARI ba="0,1" hai="28,29,30,48,55,57,58,59,77,80,81,86,87,89" machi="30" ten="40,7700,0" yaku="1,1,8,1,52,1,53,0" doraHai="45" doraHaiUra="127" who="3" fromWho="0" sc="286,-77,463,0,15,0,226,87" /><INIT seed="7,1,0,4,4,98" ten="209,463,15,313" oya="3" hai0="61,55,131,120,88,86,73,71,125,97,96,93,23" hai1="102,54,78,14,21,115,26,18,12,2,38,6,105" hai2="43,35,3,94,39,53,121,70,113,44,110,66,65" hai3="32,0,45,67,118,133,52,81,20,37,90,59,25"/><W22/><G118/><T74/><D120/><U80/><E38/><V15/><F15/><W60/><G0/><T24/><D131/><U9/><E115/><V123/><F35/><W95/><G133/><T85/><D125/><U64/><E64/><V56/><F3/><W84/><G32/><T69/><D69/><U34/><E34/><V100/><F94/><W99/><G37/><T36/><D36/><U83/><E83/><V104/><F104/><W19/><G20/><T72/><D97/><U33/><E33/><V31/><F31/><W16/><G19/><T91/><D91/><U30/><E102/><V126/><F100/><N who="3" m="60543" /><G45/><T48/><D71/><U112/><E105/><V122/><F126/><W1/><G1/><T11/><D11/><U76/><E112/><V108/><F113/><W109/><G109/><T129/><D129/><U127/><E127/><V47/><F47/><W106/><G106/><T68/><D68/><U79/><E2/><V58/><F58/><W41/><G41/><T114/><D114/><U77/><E30/><V51/><REACH who="2" step="1"/><F66/><REACH who="2" ten="209,463,5,313" step="2"/><W7/><G7/><T107/><D107/><U111/><E111/><V28/><F28/><W8/><G8/><T132/><D93/><U27/><E54/><AGARI ba="1,1" hai="16,22,25,52,54,59,60,67,81,84,90" m="60543" machi="54" ten="30,11600,0" yaku="8,1,52,1,54,2" doraHai="98" who="3" fromWho="1" sc="209,0,463,-119,5,0,313,129" owari="209,-19.1,344,14.4,5,-49.5,442,54.2" /></mjloggm>