<mjloggm ver="2.3"><GO type="225" lobby="0"/><UN n0="%E3%82%BC%E3%83%AB%E3%83%80%E3%81%AE%E4%BC%9D%E8%AA%AC" n1="%E3%81%BF%E3%81%BF%E3%81%9A" n2="%E4%BF%BA%E3%81%A8%E5%A6%96%E5%A4%A2" n3="%E6%B4%BE%E9%81%A3%E3%81%AE%E3%82%B8%E3%83%A3%E3%83%83%E3%82%AF" dan="17,17,16,17" rate="2153.88,2222.49,2134.98,2169.10" sx="M,M,F,M"/><TAIKYOKU oya="0"/><INIT seed="0,0,0,3,2,125" ten="250,250,250,250" oya="0" hai0="40,128,116,24,51,57,120,35,2,119,14,77,93" hai1="70,81,111,66,95,6,25,115,130,102,19,103,107" hai2="132,18,97,53,50,71,94,3,46,16,58,13,65" hai3="31,83,28,88,1,64,9,21,73,72,114,82,112"/><T90/><D120/><U56/><E107/><V67/><F3/><W47/><G47/><T75/><D2/><U43/><E70/><V15/><F71/><W74/><G64/><T10/><D75/><U100/><E111/><V89/><F132/><W135/><G135/><T20/><D35/><U78/><E6/><V54/><F13/><W76/><G76/><T109/><D77/><U96/><E43/><V4/><F4/><W131/><G1/><T124/><D124/><U32/><E115/><V42/><F53/><W37/><G37/><T87/><D109/><U39/><E39/><V12/><F12/><W98/><G9/><T23/><D128/><U117/><E130/><V92/><F92/><W41/><G41/><T108/><D108/><U113/><E113/><V26/><F26/><W118/><G131/><T134/><D134/><U105/><E105/><V104/><F104/><W34/><G34/><T45/><D57/><U36/><E36/><V59/><F59/><W44/><G44/><T79/><D79/><U48/><E117/><V86/><F97/><W17/><G118/><T122/><D122/><U8/><E8/><V11/><REACH who="2" step="1"/><F18/><REACH who="2" ten="250,250,240,250" step="2"/><W101/><G112/><T84/><D116/><U99/><E99/><V0/><F0/><W29/><G114/><T80/><D119/><U52/><E66/><V126/><F126/><W129/><G129/><T38/><D24/><U106/><E106/><V133/><F133/><W22/><G17/><N who="0" m="8407" /><D38/><AGARI ba="0,1" hai="11,15,16,38,42,46,50,54,58,65,67,86,89,94" machi="38" ten="30,3900,0" yaku="1,1,7,1,54,1,53,0" doraHai="125" doraHaiUra="127" who="2" fromWho="0" sc="250,-39,250,0,240,49,250,0" /><INIT seed="1,0,0,5,3,5" ten="211,250,289,250" oya="1" hai0="126,10,86,61,95,69,83,13,122,15,87,118,125" hai1="65,44,74,120,58,45,70,124,127,38,98,79,24" hai2="117,26,90,37,111,49,105,66,55,17,75,21,81" hai3="100,9,22,43,104,114,36,16,50,128,106,112,12"/><U78/><E120/><V97/><F117/><W46/><G128/><T8/><D118/><U129/><E74/><V3/><F37/><W35/><G35/><T33/><D33/><U134/><E129/><V73/><F3/><W133/><G133/><T99/><D122/><U42/><E134/><V14/><F111/><W72/><G72/><T84/><D83/><U41/><E98/><V1/><F1/><W121/><G121/><T130/><D130/><U18/><E18/><V27/><F66/><W48/><G36/><T6/><D61/><N who="1" m="40239" /><E24/><V132/><F132/><W11/><G50/><T59/><D59/><U82/><E82/><V62/><F62/><W53/><G43/><T110/><D110/><U135/><E135/><V115/><F115/><W30/><G30/><T119/><D69/><U40/><E58/><V103/><F73/><W108/><G108/><T29/><D29/><U28/><E28/><V77/><F90/><W67/><G67/><T94/><D119/><U107/><E107/><V7/><F7/><W51/><G104/><T39/><D39/><N who="1" m="21535" /><E41/><V47/><AGARI ba="0,0" hai="14,17,21,26,27,47,49,55,75,77,81,97,103,105" machi="47" ten="20,1500,0" yaku="0,1,7,1" doraHai="5" who="2" fromWho="2" sc="211,-4,250,-7,289,15,250,-4" /><INIT seed="2,0,0,1,5,126" ten="207,243,304,246" oya="2" hai0="2,57,85,15,8,95,27,123,65,73,64,28,88" hai1="93,41,129,55,117,71,29,37,135,33,72,43,46" hai2="7,50,128,121,124,91,14,77,87,45,67,70,108" hai3="26,13,40,105,103,56,4,114,39,3,49,83,104"/><V32/><F121/><W31/><G3/><T110/><D123/><U21/><E117/><V116/><F116/><W25/><G39/><T115/><D110/><U92/><E72/><V59/><F124/><W69/><G69/><T80/><D2/><U118/><E118/><V12/><F32/><W38/><G38/><T101/><D115/><U132/><E71/><V86/><F70/><W90/><G114/><T20/><D57/><U74/><E74/><V54/><F108/><W66/><G103/><T119/><D119/><U30/><E33/><V97/><F128/><W18/><G4/><N who="0" m="3463" /><D73/><U96/><E129/><V111/><F111/><W19/><G26/><T100/><D100/><U42/><E21/><V113/><F113/><W36/><G36/><T82/><D82/><U102/><E93/><N who="2" m="56511" /><F77/><W107/><G13/><N who="2" m="5225" /><F7/><W62/><G83/><T61/><D61/><AGARI ba="0,0" hai="45,50,54,59,61,67,86,87" m="5225,56511" machi="61" ten="30,1500,0" yaku="8,1" doraHai="126" who="2" fromWho="0" sc="207,-15,243,0,304,15,246,0" /><INIT seed="2,1,0,2,3,69" ten="192,243,319,246" oya="2" hai0="5,120,103,22,72,96,86,18,98,123,38,28,70" hai1="59,84,106,46,49,126,0,110,60,121,135,115,54" hai2="14,57,119,99,112,9,2,23,97,65,8,89,32" hai3="26,104,79,82,66,91,27,13,90,108,12,43,1"/><V39/><F112/><W10/><G104/><T74/><D70/><U15/><E0/><V109/><F119/><W20/><G108/><T100/><D86/><U25/><E106/><V56/><F32/><W111/><G111/><T81/><D28/><U51/><E115/><V41/><F65/><W102/><G102/><T116/><D5/><U52/><E110/><V128/><F109/><W93/><G66/><T4/><D4/><U29/><E126/><V40/><F23/><W53/><G43/><T122/><D116/><U7/><E135/><V55/><F14/><W30/><G1/><T124/><D124/><U58/><E121/><V36/><F2/><W133/><G53/><T125/><D125/><U101/><E101/><V105/><F105/><W17/><G133/><T132/><D132/><U76/><E7/><V68/><F68/><W63/><G63/><T71/><D71/><U83/><E15/><V67/><F67/><W62/><G62/><T24/><D38/><U37/><E37/><V61/><F61/><W48/><G48/><T6/><D6/><U73/><E73/><N who="0" m="28265" /><D81/><U64/><E29/><V21/><F55/><W45/><G10/><T118/><D118/><U95/><E95/><V134/><F134/><W47/><G93/><N who="0" m="58383" /><D98/><U16/><E25/><N who="3" m="9226" /><G30/><T19/><D103/><U94/><E94/><V50/><F21/><W31/><G31/><T127/><D127/><U107/><E107/><V33/><F33/><W131/><G13/><T129/><D129/><U92/><E92/><V117/><F117/><W3/><G131/><T44/><D44/><N who="3" m="16969" /><G3/><T80/><D80/><RYUUKYOKU ba="1,0" sc="192,10,243,10,319,-30,246,10" hai0="18,19,22,24,120,122,123" hai1="16,46,49,51,52,54,58,59,60,64,76,83,84" hai3="12,17,20,79,82,90,91" /><INIT seed="3,2,0,5,1,95" ten="202,253,289,256" oya="3" hai0="103,31,122,90,55,13,17,72,83,130,44,30,15" hai1="123,104,84,119,93,18,56,47,36,89,20,24,59" hai2="48,108,51,111,42,98,19,74,0,5,66,105,88" hai3="75,67,60,63,35,71,58,124,54,132,2,32,116"/><W131/><G75/><T79/><D122/><U113/><E123/><V91/><F74/><W65/><G116/><T100/><D130/><U106/><E113/><V127/><F127/><W128/><G2/><T96/><D90/><N who="2" m="34346" /><F66/><W107/><G107/><T14/><D17/><U12/><E119/><V126/><F126/><W50/><G124/><T7/><D7/><U121/><E121/><V41/><F19/><W68/><REACH who="3" step="1"/><G132/><REACH who="3" ten="202,253,289,246" step="2"/><T27/><D27/><U80/><E106/><V25/><F25/><W101/><G101/><T118/><D118/><U62/><E104/><V9/><F105/><W115/><G115/><T43/><D100/><U102/><E102/><V134/><F134/><W87/><G87/><T86/><D72/><U8/><E93/><V49/><F98/><W22/><G22/><T28/><D55/><U78/><E20/><V85/><F85/><W16/><G16/><T11/><D11/><U117/><E24/><V135/><F135/><W114/><G114/><T70/><D70/><U4/><E117/><V133/><F133/><W53/><G53/><T82/><D82/><U46/><E18/><V26/><F26/><W6/><G6/><T61/><D103/><U125/><E125/><V21/><F21/><W29/><G29/><T94/><D94/><U109/><E4/><V92/><F92/><W77/><G77/><T97/><REACH who="0" step="1"/><D61/><REACH who="0" ten="192,253,289,246" step="2"/><U34/><E62/><V73/><F73/><W64/><G64/><T69/><D69/><U38/><E8/><V57/><F9/><W110/><G110/><N who="2" m="42025" /><F5/><W23/><G23/><T40/><D40/><N who="2" m="15466" /><F0/><W52/><G52/><AGARI ba="2,2" hai="48,49,51,52,57" m="15466,42025,34346" machi="52" ten="30,7700,0" yaku="6,1,14,1,54,2" doraHai="95" who="2" fromWho="3" sc="192,0,253,0,289,103,246,-83" owari="192,-20.8,253,5.3,392,49.2,163,-33.7" /></mjloggm>