<mjloggm ver="2.3"><GO type="169" lobby="0"/><UN n0="%64%69%76%61" n1="%E3%83%95%E3%83%AB%E3%82%BC%E3%83%B3%E3%83%84%E3%81%8F%E3%82%93" n2="%E3%81%AE%E3%81%AF%E3%81%A3%E3%81%A1" n3="%E3%81%99%E3%81%84%E3%81%BF%E3%82%87%E3%82%93%44%5A" dan="16,16,16,16" rate="2032.82,2178.25,2202.14,2113.59" sx="M,F,M,M"/><TAIKYOKU oya="0"/><INIT seed="0,0,0,1,2,124" ten="250,250,250,250" oya="0" hai0="122,104,48,5,30,127,73,8,18,123,133,89,120" hai1="95,28,42,43,87,121,101,16,45,131,69,97,1" hai2="117,59,90,107,68,19,12,80,113,110,93,126,60" hai3="132,7,85,92,33,29,52,109,46,130,23,47,55"/><T63/><D127/><U35/><E121/><V39/><F113/><W57/><G33/><T108/><D133/><U20/><E69/><V0/><F110/><W4/><G109/><T98/><D108/><U53/><E1/><V81/><F107/><W27/><G132/><T83/><D30/><U88/><E131/><V72/><F39/><W112/><G112/><T49/><D18/><U36/><E35/><V100/><F100/><W25/><G25/><T105/><D105/><U119/><E28/><V31/><F72/><W34/><G34/><T99/><D104/><U129/><E129/><V114/><F117/><W13/><G130/><T44/><D63/><U9/><E9/><V118/><F118/><W79/><G55/><T10/><D10/><U62/><E36/><V14/><F14/><W71/><G71/><T116/><D116/><U37/><E37/><V26/><F0/><W135/><G135/><T106/><D106/><U84/><E84/><V111/><F68/><W103/><G79/><T64/><D64/><U17/><E17/><V74/><F74/><W51/><G13/><N who="0" m="5263" /><D48/><N who="1" m="28815" /><E62/><V86/><F126/><W77/><G77/><T65/><D65/><U58/><E119/><V94/><F114/><W66/><G66/><T61/><D61/><U125/><E125/><V15/><F60/><W91/><G4/><T96/><D73/><U3/><E3/><V70/><F70/><W38/><G7/><T82/><D89/><U78/><E78/><V41/><F90/><W75/><G38/><T115/><D115/><U40/><E88/><V134/><F111/><W32/><G91/><RYUUKYOKU ba="0,0" sc="250,30,250,-10,250,-10,250,-10" hai0="44,49,82,83,96,98,99,120,122,123" /><INIT seed="0,1,0,5,5,40" ten="280,240,240,240" oya="0" hai0="82,21,7,51,54,129,18,10,80,78,117,64,13" hai1="79,132,97,61,98,28,38,6,16,39,95,12,8" hai2="55,2,133,126,15,33,93,1,100,131,5,118,48" hai3="36,14,107,3,121,72,70,114,73,112,17,105,103"/><T46/><D117/><U104/><E132/><V63/><F131/><W85/><G14/><T106/><D106/><U124/><E124/><V42/><F33/><W52/><G17/><T20/><D129/><U84/><E28/><V23/><F133/><W50/><G36/><T90/><D64/><U75/><E61/><V77/><F77/><W35/><G3/><T47/><D90/><N who="1" m="53703" /><E97/><V43/><F63/><W86/><G70/><T101/><D101/><N who="1" m="62519" /><E6/><V91/><F100/><W29/><G103/><T19/><D78/><U25/><E25/><V108/><F118/><W56/><G105/><T125/><D125/><U65/><E65/><V83/><F83/><AGARI ba="1,0" hai="8,12,16,38,39,75,79,83" m="62519,53703" machi="83" ten="30,2000,0" yaku="24,1,54,1" doraHai="40" who="1" fromWho="2" sc="280,0,240,23,240,-23,240,0" /><INIT seed="1,0,0,5,3,76" ten="280,263,217,240" oya="1" hai0="48,101,110,122,47,68,25,17,56,37,83,8,33" hai1="112,105,118,28,80,91,84,93,99,38,18,41,123" hai2="66,13,29,1,10,27,49,14,116,57,15,94,65" hai3="51,75,134,97,88,130,31,67,6,131,90,100,12"/><U4/><E112/><V32/><F116/><W74/><G31/><T103/><D110/><U35/><E118/><V125/><F125/><W71/><G67/><T70/><D122/><U119/><E119/><V46/><F94/><W81/><G71/><T72/><D70/><U120/><E4/><V98/><F98/><W64/><G64/><T55/><D68/><U89/><E105/><V40/><F1/><W21/><G51/><T126/><D126/><U73/><E73/><N who="3" m="27658" /><G134/><T69/><D69/><U135/><E135/><V104/><F104/><N who="3" m="63503" /><G21/><T63/><D37/><U87/><E93/><V36/><F66/><W22/><G22/><T85/><D72/><U11/><E99/><V107/><F107/><W44/><G44/><T43/><D33/><U30/><E41/><V77/><F77/><W54/><G54/><T0/><D0/><U53/><E53/><V115/><F115/><W86/><G12/><N who="0" m="7303" /><D25/><U113/><E113/><V39/><F39/><W109/><G6/><T52/><D43/><U61/><E38/><V16/><REACH who="2" step="1"/><F36/><REACH who="2" ten="280,263,207,240" step="2"/><W95/><G109/><T20/><D20/><U62/><E120/><V102/><F102/><W19/><G19/><T108/><D108/><U106/><E123/><V121/><F121/><W82/><G90/><AGARI ba="0,1" hai="47,48,52,55,56,63,83,85,90,101,103" m="7303" machi="90" ten="30,7700,0" yaku="25,1,8,1,52,1,54,1" doraHai="76" who="0" fromWho="3" sc="280,87,263,0,207,0,240,-77" /><INIT seed="2,0,0,1,4,41" ten="367,263,207,163" oya="2" hai0="77,40,134,47,51,80,13,118,70,128,120,119,71" hai1="31,127,50,121,135,8,133,3,67,84,132,59,16" hai2="5,34,96,113,126,0,98,81,78,18,89,115,107" hai3="124,49,125,87,100,19,61,33,97,27,104,123,63"/><V14/><F34/><W6/><G123/><T69/><D120/><U60/><E121/><V103/><F126/><N who="3" m="48747" /><G6/><T43/><D134/><U91/><E127/><V74/><F5/><W22/><G87/><T42/><D128/><U35/><E50/><V90/><F0/><W102/><G102/><T37/><D13/><N who="1" m="7207" /><E3/><V129/><F129/><W62/><G49/><T92/><D92/><N who="1" m="54375" /><E31/><V79/><F18/><W57/><G33/><AGARI ba="0,0" hai="33,35,59,60,67,132,133,135" m="54375,7207" machi="33" ten="30,2000,0" yaku="20,1,54,1" doraHai="41" who="1" fromWho="3" sc="367,0,263,20,207,0,163,-20" /><INIT seed="3,0,0,1,3,3" ten="367,283,207,143" oya="3" hai0="53,133,11,71,2,99,5,26,98,45,85,29,81" hai1="84,119,61,115,23,122,100,15,34,88,0,41,1" hai2="30,8,39,24,87,12,22,32,16,89,94,121,93" hai3="4,55,67,68,43,128,129,75,103,74,17,127,110"/><W35/><G35/><T31/><D133/><U112/><E122/><V131/><F131/><N who="3" m="50251" /><G127/><T120/><D120/><U66/><E34/><V126/><F126/><W40/><G17/><T80/><D71/><U47/><E119/><V86/><F121/><W14/><G103/><T59/><D81/><U9/><E100/><V37/><REACH who="2" step="1"/><F32/><REACH who="2" ten="367,283,197,143" step="2"/><W50/><G110/><T117/><D117/><U27/><E115/><V60/><F60/><N who="3" m="40039" /><G75/><T6/><D31/><U20/><E112/><V96/><F96/><W62/><G74/><T135/><D99/><U106/><E61/><V123/><F123/><W51/><G62/><T58/><D98/><U92/><E0/><V72/><F72/><W107/><G107/><T19/><D2/><U28/><E1/><V25/><F25/><W116/><G116/><T21/><D26/><U13/><E27/><V130/><F130/><W125/><G125/><T46/><D85/><U10/><E84/><V90/><AGARI ba="0,1" hai="8,12,16,22,24,30,37,39,86,87,89,90,93,94" machi="90" ten="30,7900,0" yaku="1,1,0,1,9,1,54,1,53,0" doraHai="3" doraHaiUra="44" who="2" fromWho="2" sc="367,-20,283,-20,197,89,143,-39" /><INIT seed="4,0,0,4,5,135" ten="347,263,286,104" oya="0" hai0="8,103,6,20,123,41,53,63,121,46,52,112,115" hai1="84,58,98,93,4,69,45,60,96,14,18,129,31" hai2="48,81,97,104,23,37,50,49,33,64,102,120,30" hai3="13,106,5,126,79,2,91,51,90,59,42,61,88"/><T22/><D103/><U36/><E69/><V55/><F120/><W21/><G106/><T27/><D20/><U77/><E129/><V111/><F111/><W72/><G2/><T19/><D123/><U76/><E4/><V25/><F37/><W101/><G101/><T116/><D116/><U133/><E133/><V128/><F128/><W113/><G113/><N who="0" m="43595" /><D63/><U67/><E31/><V62/><F81/><W124/><G79/><N who="1" m="30282" /><E36/><V99/><F99/><W127/><G72/><T86/><D86/><U39/><E39/><V80/><F80/><W32/><G32/><T108/><D108/><U43/><E43/><V34/><F34/><W92/><G51/><N who="0" m="27087" /><D121/><U132/><E45/><V11/><F11/><N who="3" m="4335" /><G21/><T29/><D29/><U87/><E98/><V7/><F7/><W107/><G107/><T57/><D57/><U24/><E24/><V118/><F23/><W110/><G110/><T0/><AGARI ba="0,0" hai="0,6,8,19,22,27,52,53" m="27087,43595" machi="0" ten="30,3000,0" yaku="15,1,54,1" doraHai="135" who="0" fromWho="0" sc="347,30,263,-10,286,-10,104,-10" /><INIT seed="4,1,0,5,0,19" ten="377,253,276,94" oya="0" hai0="3,12,5,28,81,92,129,6,59,105,29,77,61" hai1="36,60,102,107,31,71,53,50,131,112,4,42,108" hai2="114,44,21,51,113,40,93,49,52,27,125,134,122" hai3="25,23,94,109,13,0,56,65,82,8,1,55,47"/><T135/><D105/><U48/><E108/><V116/><F122/><W72/><G109/><T41/><D3/><U96/><E131/><V132/><F93/><W124/><G124/><T18/><D129/><U84/><E112/><N who="2" m="43115" /><F125/><W17/><G65/><T73/><D135/><N who="2" m="51754" /><F116/><W20/><G47/><T58/><D41/><U67/><E4/><V80/><F80/><W127/><G127/><T39/><D39/><U90/><E53/><V85/><F85/><W86/><G72/><T111/><D92/><U33/><E36/><N who="2" m="21511" /><F52/><W91/><G82/><T103/><D111/><U99/><E99/><V34/><F34/><W106/><G106/><T35/><D35/><U133/><E42/><V15/><F15/><W119/><G119/><T101/><D5/><U37/><E133/><V7/><F7/><W78/><G78/><T26/><D6/><U69/><E84/><V63/><F63/><W79/><G79/><T66/><D12/><U121/><E121/><V75/><F75/><W24/><G8/><T76/><D77/><U126/><E60/><V16/><AGARI ba="1,0" hai="16,21,27,49,51" m="21511,51754,43115" machi="16" ten="30,7900,0" yaku="15,1,20,1,52,1,54,1" doraHai="19" who="2" fromWho="2" sc="377,-40,253,-21,276,82,94,-21" /><INIT seed="5,0,0,1,5,128" ten="337,232,358,73" oya="1" hai0="22,99,20,101,67,104,96,105,16,61,9,114,85" hai1="126,100,3,110,113,92,93,19,107,34,132,81,87" hai2="76,36,40,135,71,51,94,134,23,7,39,98,0" hai3="14,97,57,90,37,55,83,44,68,64,130,59,106"/><U25/><E3/><V46/><F71/><W21/><G130/><T65/><D114/><U74/><E34/><V56/><F76/><W11/><G106/><T72/><D72/><U95/><E19/><V122/><F122/><W38/><G68/><T133/><D133/><N who="2" m="50698" /><F23/><W121/><G121/><T124/><D124/><U73/><E132/><V112/><F112/><W84/><G97/><T41/><D41/><U54/><E113/><V88/><F56/><W48/><G21/><T125/><D125/><U43/><E110/><V15/><F15/><W45/><G45/><T50/><D9/><AGARI ba="0,0" hai="0,7,9,36,39,40,46,51,88,94,98" m="50698" machi="9" ten="30,8000,1" yaku="20,1,52,3,54,1" doraHai="128" who="2" fromWho="0" sc="337,-80,232,0,358,80,73,0" /><INIT seed="6,0,0,2,1,74" ten="257,232,438,73" oya="2" hai0="129,79,117,95,39,7,42,6,65,121,48,81,3" hai1="13,112,60,9,32,45,14,82,75,71,100,109,11" hai2="111,12,0,62,91,66,28,113,36,70,86,56,20" hai3="53,97,52,1,116,78,2,133,47,51,46,26,85"/><V58/><F113/><W55/><G116/><T99/><D121/><U24/><E109/><V108/><F0/><W23/><G133/><T106/><D117/><U84/><E112/><V30/><F36/><W126/><G126/><T119/><D119/><U4/><E100/><V83/><F12/><W107/><G107/><T134/><D134/><U80/><E75/><V41/><F41/><W105/><G105/><T128/><D106/><U17/><E45/><V127/><F127/><W63/><G97/><T15/><D3/><U88/><E82/><V122/><F122/><W22/><G55/><T34/><D65/><U37/><E37/><V110/><F20/><W64/><G64/><T115/><D34/><U87/><E87/><V10/><F10/><W93/><G63/><T50/><D15/><U69/><REACH who="1" step="1"/><E60/><REACH who="1" ten="257,222,438,73" step="2"/><V33/><F108/><W104/><G85/><T120/><D115/><U5/><E5/><V8/><F110/><W61/><G61/><T54/><D6/><U132/><E132/><V35/><F111/><W130/><G47/><N who="0" m="25719" /><D7/><U102/><E102/><V94/><F62/><W118/><G118/><T19/><D120/><U43/><E43/><V114/><F66/><W72/><G46/><N who="0" m="27991" /><D39/><U29/><AGARI ba="0,1" hai="4,9,11,13,14,17,24,29,32,69,71,80,84,88" machi="29" ten="30,4000,0" yaku="1,1,0,1,54,1,53,0" doraHai="74" doraHaiUra="40" who="1" fromWho="1" sc="257,-10,222,50,438,-20,73,-10" /><INIT seed="7,0,0,1,2,40" ten="247,272,418,63" oya="3" hai0="109,21,101,103,38,31,39,78,49,102,124,43,55" hai1="13,1,95,67,100,76,104,35,10,105,108,65,12" hai2="57,56,77,85,15,73,111,117,86,7,19,48,125" hai3="66,24,27,14,128,0,69,45,16,41,26,116,29"/><W68/><G116/><T110/><D78/><U96/><E108/><V2/><F111/><W20/><G128/><T88/><D124/><U5/><E35/><V11/><F117/><W115/><G115/><T28/><D43/><U70/><E76/><V3/><F125/><W135/><G135/><T34/><D34/><U132/><E132/><V107/><F107/><W33/><G0/><T46/><D31/><U30/><E30/><V8/><F2/><W106/><G106/><T50/><D50/><U93/><E105/><V6/><F6/><W133/><G133/><T72/><D72/><U87/><E104/><V37/><F37/><W89/><G89/><T99/><D110/><U18/><E70/><V118/><F73/><W52/><G69/><T127/><D127/><U22/><E1/><V36/><F36/><W54/><G33/><T90/><D109/><U63/><E63/><V122/><F122/><W126/><G126/><T4/><D4/><U134/><E134/><V44/><F118/><W32/><G32/><T42/><D39/><U79/><E79/><V62/><F77/><W25/><N who="3" m="6144" /><DORA hai="60" /><W74/><G74/><T114/><D114/><U82/><E82/><V97/><F97/><W23/><G23/><T53/><D99/><N who="1" m="59519" /><E87/><V83/><F62/><N who="3" m="40023" /><G29/><T80/><D80/><U9/><E22/><V131/><F131/><W91/><G91/><AGARI ba="0,0" hai="5,9,10,12,13,18,65,67,91,93,96" m="59519" machi="91" ten="30,3900,0" yaku="8,1,52,2" doraHai="40,60" who="1" fromWho="3" sc="247,0,272,39,418,0,63,-39" owari="247,-15.3,311,11.1,418,51.8,24,-47.6" /></mjloggm>