<mjloggm ver="2.3"><GO type="225" lobby="0"/><UN n0="%E5%B0%8F%E9%B3%A5%E9%81%8A%E7%B7%B4%E7%84%A1%32%31%E6%AD%B3" n1="%E5%91%A8%E6%9D%B1" n2="%E3%81%AF%E3%82%88%E3%81%8A%E3%81%98%E3%81%95%E3%82%93" n3="%E3%81%BF%E3%81%BF%E3%81%9A" dan="16,16,16,17" rate="2157.45,2158.60,2199.63,2244.19" sx="F,M,M,M"/><TAIKYOKU oya="0"/><INIT seed="0,0,0,3,5,95" ten="250,250,250,250" oya="0" hai0="109,92,41,118,18,89,5,32,121,51,15,131,39" hai1="0,124,106,12,128,20,24,84,38,115,50,22,7" hai2="113,94,45,65,1,88,31,35,103,69,117,49,52" hai3="99,67,110,47,29,3,42,122,73,90,87,107,133"/><T123/><D118/><U98/><E38/><V120/><F120/><W68/><G3/><T93/><D32/><U25/><E128/><V13/><F1/><W57/><G73/><T64/><D39/><U14/><E84/><V78/><F113/><W126/><G122/><T37/><D37/><U9/><E50/><V19/><F117/><W23/><G68/><T104/><D104/><U27/><E115/><V114/><F114/><W108/><G133/><T71/><D5/><U116/><E116/><V96/><F78/><W127/><G57/><T30/><D30/><U28/><E124/><N who="3" m="47658" /><G67/><T77/><D77/><U34/><E106/><V76/><F76/><W135/><G135/><T8/><D93/><U74/><E74/><V75/><F75/><W48/><G23/><N who="1" m="8746" /><E98/><V26/><F65/><W63/><G63/><T72/><D131/><U100/><E100/><V59/><F69/><W70/><G70/><T129/><D129/><U101/><E101/><V85/><F59/><W83/><G29/><T125/><D72/><U2/><E2/><V44/><F45/><W46/><G46/><T134/><D125/><U102/><E102/><AGARI ba="0,0" hai="42,47,48,83,87,90,99,102,107,108,110" m="47658" machi="102" ten="30,2000,0" yaku="18,1,52,1" doraHai="95" who="3" fromWho="1" sc="250,0,250,-20,250,0,250,20" /><INIT seed="1,0,0,2,2,54" ten="250,230,250,270" oya="1" hai0="66,96,62,22,99,64,101,47,106,82,36,103,105" hai1="30,5,65,24,21,84,57,86,20,122,125,12,89" hai2="68,4,132,119,109,83,0,116,133,100,128,50,8" hai3="81,124,102,72,115,108,49,130,43,74,14,17,95"/><U53/><E125/><V63/><F100/><W126/><G115/><T71/><D66/><U120/><E65/><N who="2" m="41023" /><F109/><W27/><G108/><T51/><D22/><U88/><E120/><V78/><F50/><W3/><G3/><T45/><D36/><U59/><E122/><V107/><F107/><W41/><G27/><T91/><D51/><U98/><E98/><V134/><F128/><W40/><G49/><T90/><D82/><N who="1" m="49175" /><E53/><V48/><F48/><W60/><G130/><T92/><REACH who="0" step="1"/><D90/><REACH who="0" ten="240,230,250,270" step="2"/><U11/><E21/><V77/><F78/><W42/><G81/><AGARI ba="0,1" hai="5,11,12,20,24,30,57,59,81,86,89" m="49175" machi="81" ten="30,11600,0" yaku="8,1,52,2,54,1" doraHai="54" who="1" fromWho="3" sc="240,0,230,126,250,0,270,-116" /><INIT seed="1,1,0,2,0,39" ten="240,356,250,154" oya="1" hai0="131,0,38,18,127,80,84,110,47,19,94,57,17" hai1="22,83,7,46,30,81,41,37,116,106,96,10,102" hai2="98,59,122,35,95,5,76,13,126,89,36,79,87" hai3="74,69,129,62,55,115,109,70,112,66,135,93,60"/><U101/><E116/><V133/><F122/><W40/><G74/><T8/><D110/><U75/><E102/><V6/><F36/><W120/><G109/><T132/><D132/><U11/><E11/><V1/><F35/><W42/><G93/><T48/><D131/><U88/><E75/><V72/><F1/><W3/><G3/><T24/><D94/><U82/><E22/><V91/><F72/><W15/><G15/><T73/><D127/><U67/><E67/><V16/><F133/><W68/><G135/><T27/><D57/><U77/><E30/><V63/><F126/><W20/><G20/><T32/><D32/><U107/><E107/><V49/><F49/><W53/><G129/><T43/><D48/><U65/><E65/><N who="2" m="39167" /><F91/><W23/><G23/><T99/><D99/><U58/><E58/><V114/><F114/><N who="3" m="43563" /><G120/><T4/><D84/><U56/><E56/><V121/><F121/><W9/><G9/><T130/><D130/><U97/><E97/><V31/><F31/><W28/><G28/><T108/><D108/><U44/><E77/><AGARI ba="1,0" hai="0,4,8,17,18,19,24,27,38,43,47,73,77,80" machi="77" ten="40,5200,0" yaku="25,2,52,1" doraHai="39" who="0" fromWho="1" sc="240,55,356,-55,250,0,154,0" /><INIT seed="2,0,0,3,2,28" ten="295,301,250,154" oya="2" hai0="130,38,74,1,64,94,81,2,7,112,65,132,45" hai1="35,126,48,100,29,42,73,27,96,51,20,62,52" hai2="10,91,87,90,17,127,121,14,110,122,125,109,26" hai3="88,32,13,114,19,72,134,6,104,97,84,23,56"/><V25/><F91/><W103/><G134/><T59/><D112/><U79/><E126/><N who="2" m="48139" /><F90/><W120/><G120/><N who="2" m="46185" /><F87/><W123/><G123/><T37/><D132/><U44/><E62/><V108/><AGARI ba="0,0" hai="10,14,17,25,26,108,109,110" m="46185,48139" machi="108" ten="40,12000,1" yaku="14,1,10,1,18,1,34,2" doraHai="28" who="2" fromWho="2" sc="295,-40,301,-40,250,120,154,-40" /><INIT seed="2,1,0,5,5,18" ten="255,261,370,114" oya="2" hai0="79,53,30,68,134,99,8,48,119,128,27,58,112" hai1="56,20,82,39,13,75,83,121,100,96,43,16,102" hai2="65,38,60,81,93,14,44,133,23,6,31,87,51" hai3="42,40,89,67,69,118,105,24,94,108,126,32,77"/><V0/><F133/><W29/><G105/><T97/><D68/><U2/><E2/><V9/><F38/><W114/><G118/><T109/><D112/><U115/><E115/><V78/><F93/><W88/><G114/><T84/><D109/><U132/><E132/><V130/><F130/><W50/><G108/><T80/><D128/><U111/><E111/><V28/><F0/><W101/><G77/><T131/><D131/><U110/><E110/><V63/><F23/><W86/><G126/><T4/><D134/><U17/><E121/><V47/><F47/><W113/><G113/><T125/><D125/><U15/><E75/><V26/><F26/><W103/><G89/><T3/><REACH who="0" step="1"/><D119/><REACH who="0" ten="245,261,370,114" step="2"/><U124/><E124/><V122/><F122/><W92/><G92/><T35/><AGARI ba="1,1" hai="3,4,8,27,30,35,48,53,58,79,80,84,97,99" machi="35" ten="20,5200,0" yaku="1,1,2,1,0,1,7,1,53,0" doraHai="18" doraHaiUra="61" who="0" fromWho="0" sc="245,65,261,-14,370,-27,114,-14" /><INIT seed="3,0,0,0,4,125" ten="310,247,343,100" oya="3" hai0="96,63,48,26,16,81,49,91,82,32,110,22,37" hai1="73,18,89,109,13,85,95,4,60,59,80,72,127" hai2="34,30,87,24,14,90,130,53,115,101,106,21,128" hai3="84,93,35,88,64,107,3,15,65,58,46,78,45"/><W134/><G3/><T83/><D37/><U33/><E127/><V114/><F53/><W99/><G35/><T104/><D110/><U74/><E33/><V9/><F21/><W126/><G126/><T41/><D32/><U42/><E109/><V119/><F119/><W111/><G134/><T43/><D104/><U113/><E113/><V55/><F55/><W122/><G122/><T124/><D124/><U69/><E69/><V120/><F120/><W39/><G111/><T51/><D63/><U2/><E42/><V132/><F132/><W123/><G123/><T135/><D135/><U7/><E2/><V92/><F101/><W131/><G131/><N who="2" m="50217" /><F106/><W38/><G107/><T108/><D108/><U103/><E103/><V105/><F105/><W10/><G38/><T1/><D1/><U97/><E97/><V20/><F20/><W5/><G39/><T94/><AGARI ba="0,0" hai="16,22,26,41,43,48,49,51,81,82,83,91,94,96" machi="94" ten="40,5200,0" yaku="0,1,8,1,54,1" doraHai="125" who="0" fromWho="0" sc="310,52,247,-13,343,-13,100,-26" owari="362,46.2,234,-16.6,330,13.0,74,-42.6" /></mjloggm>