<mjloggm ver="2.3"><GO type="169" lobby="0"/><UN n0="%E6%8C%91%E6%88%A6%E8%80%85%EF%BC%81" n1="%E3%82%BF%E3%82%A4%E4%BA%BA%EF%BC%A0%E3%83%90%E3%83%B3%E3%82%B3%E3%82%AF" n2="%E3%83%A2%E3%83%AD%E3%83%98%E3%82%A4%E3%83%A4" n3="%E3%83%88%E3%83%B3%E3%83%8D%E3%83%AB%E5%A4%A9%E5%9B%BD" dan="17,16,16,17" rate="2184.29,2160.26,2095.27,2140.46" sx="M,M,M,M"/><TAIKYOKU oya="0"/><INIT seed="0,0,0,2,2,83" ten="250,250,250,250" oya="0" hai0="81,26,37,92,22,89,5,133,6,118,28,25,8" hai1="65,78,103,18,48,79,91,41,130,113,47,62,36" hai2="102,76,30,129,132,88,104,24,38,52,97,9,14" hai3="7,32,134,82,42,70,63,58,49,110,87,131,117"/><T106/><D106/><U105/><E130/><V126/><F38/><W84/><G117/><T100/><D118/><U1/><E1/><V73/><F129/><W77/><G131/><T46/><D133/><U19/><E113/><V57/><F132/><W33/><G134/><T50/><D37/><U39/><E103/><V67/><F67/><W59/><G110/><T4/><D100/><U66/><E105/><V90/><F76/><W135/><G135/><T74/><D74/><U111/><E111/><V27/><F73/><W29/><G7/><T120/><D81/><U13/><E19/><V127/><F27/><W54/><G70/><T61/><D61/><U44/><E66/><V116/><F116/><W21/><G42/><T123/><D26/><U128/><E128/><V56/><F56/><W23/><G84/><T0/><D123/><U16/><E18/><V68/><F68/><W99/><BYE who="2" /><G99/><T71/><D71/><U85/><E62/><V114/><F114/><W51/><G51/><T107/><D107/><U95/><E65/><V96/><F96/><W60/><G49/><T94/><D94/><U112/><E112/><V55/><F55/><W119/><G119/><T75/><D75/><U35/><E35/><V64/><F64/><W101/><G101/><T72/><D72/><U125/><E125/><V108/><F108/><W80/><G80/><T53/><REACH who="0" step="1"/><D120/><REACH who="0" ten="240,250,250,250" step="2"/><UN n2="%E3%83%A2%E3%83%AD%E3%83%98%E3%82%A4%E3%83%A4" /><U45/><E39/><V93/><F104/><W17/><G60/><T2/><D2/><U69/><E69/><V109/><F109/><W20/><G63/><T86/><AGARI ba="0,1" hai="0,4,5,6,8,22,25,28,46,50,53,86,89,92" machi="86" ten="20,12000,1" yaku="1,1,0,1,7,1,52,1,53,1" doraHai="83" doraHaiUra="34" who="0" fromWho="0" sc="240,130,250,-40,250,-40,250,-40" /><INIT seed="0,1,0,1,1,71" ten="370,210,210,210" oya="0" hai0="66,106,70,68,52,73,124,77,85,30,69,13,88" hai1="67,103,35,81,107,4,96,61,110,122,46,128,75" hai2="94,8,104,83,98,74,113,112,50,2,119,17,72" hai3="7,16,76,63,44,100,116,108,33,97,59,102,65"/><T36/><D106/><U101/><E122/><V82/><F50/><W18/><G116/><T38/><D66/><U32/><E103/><V53/><F53/><W121/><G33/><T64/><D64/><U130/><E110/><V9/><F17/><W84/><G108/><T21/><D124/><U26/><E4/><V5/><F104/><W23/><G121/><T95/><D77/><N who="1" m="44223" /><E46/><V0/><F94/><W129/><G129/><N who="1" m="49770" /><E26/><V89/><F89/><W45/><BYE who="2" /><G7/><UN n2="%E3%83%A2%E3%83%AD%E3%83%98%E3%82%A4%E3%83%A4" /><T123/><D73/><U3/><E3/><V57/><F57/><AGARI ba="1,0" hai="32,35,57,61,67,96,101,107" m="49770,44223" machi="57" ten="30,1000,0" yaku="19,1" doraHai="71" who="1" fromWho="2" sc="370,0,210,13,210,-13,210,0" /><INIT seed="1,0,0,0,2,99" ten="370,223,197,210" oya="1" hai0="97,60,9,36,90,118,111,56,125,57,33,131,47" hai1="34,38,53,104,7,45,17,103,75,116,93,37,98" hai2="132,39,70,35,88,87,66,4,44,109,41,106,65" hai3="28,48,32,2,123,14,58,25,63,46,113,42,72"/><U102/><E116/><V80/><F35/><W15/><G113/><T31/><D118/><U12/><E75/><V95/><F106/><W94/><G123/><T55/><D111/><U79/><E79/><V108/><F132/><W64/><G2/><T24/><D125/><U130/><E130/><V22/><F4/><W16/><G72/><T107/><D131/><U3/><E34/><V105/><F105/><W62/><G94/><T124/><D124/><U8/><E104/><V89/><F22/><W129/><G129/><T85/><D9/><U29/><E29/><V134/><F134/><W6/><G6/><T69/><D69/><U43/><E38/><V13/><F13/><W115/><G115/><T92/><D57/><U120/><E120/><V54/><F54/><W52/><REACH who="3" step="1"/><G16/><REACH who="3" ten="370,223,197,200" step="2"/><T112/><D112/><U100/><E53/><V19/><F19/><W122/><G122/><T20/><D107/><U68/><E68/><AGARI ba="0,1" hai="14,15,25,28,32,42,46,48,52,58,62,63,64,68" machi="68" ten="30,3900,0" yaku="1,1,7,1,54,1,53,0" doraHai="99" doraHaiUra="1" who="3" fromWho="1" sc="370,0,223,-39,197,0,200,49" /><INIT seed="2,0,0,1,1,38" ten="370,184,197,249" oya="2" hai0="7,123,90,131,34,77,25,124,58,112,117,98,127" hai1="106,54,27,86,4,32,19,119,46,78,125,23,100" hai2="5,135,31,26,14,109,35,39,80,48,10,79,87" hai3="53,66,50,83,96,57,63,104,92,130,12,107,60"/><V17/><F39/><W36/><G130/><T88/><D123/><U70/><E119/><V134/><F109/><W22/><G36/><T33/><D112/><U16/><E70/><V44/><REACH who="2" step="1"/><F17/><REACH who="2" ten="370,184,187,249" step="2"/><N who="3" m="10535" /><G104/><T9/><D117/><U111/><E16/><V2/><F2/><W41/><G107/><T91/><D131/><U6/><E19/><V82/><F82/><W37/><G37/><T52/><D124/><U0/><E106/><V118/><F118/><W29/><G83/><T74/><D127/><U75/><E0/><V122/><F122/><W113/><G113/><T13/><D74/><U1/><E75/><V101/><F101/><W129/><G129/><T62/><D77/><U128/><E100/><V65/><F65/><W11/><G66/><T132/><D132/><U102/><E102/><V105/><F105/><W28/><G28/><T24/><REACH who="0" step="1"/><D98/><REACH who="0" ten="360,184,187,249" step="2"/><U76/><E125/><V61/><F61/><W85/><G96/><T116/><D116/><U120/><E128/><V67/><F67/><W95/><G63/><T73/><D73/><U133/><E78/><V47/><F47/><W59/><G60/><T97/><D97/><U30/><E76/><V51/><F51/><W49/><G49/><T108/><D108/><U40/><E111/><V42/><AGARI ba="0,2" hai="5,10,14,26,31,35,42,44,48,79,80,87,134,135" machi="42" ten="30,12000,1" yaku="1,1,0,1,25,2,52,1,53,0" doraHai="38" doraHaiUra="56" who="2" fromWho="2" sc="360,-40,184,-40,187,140,249,-40" /><INIT seed="2,1,0,5,4,40" ten="320,144,327,209" oya="2" hai0="135,124,57,105,55,25,12,117,54,28,45,115,31" hai1="107,121,21,58,6,49,65,73,81,80,123,18,36" hai2="92,116,68,48,93,39,102,83,108,103,44,17,126" hai3="52,15,51,111,5,86,79,61,1,60,16,47,41"/><V2/><F68/><W71/><G111/><T42/><D105/><U53/><E53/><BYE who="1" /><UN n1="%E3%82%BF%E3%82%A4%E4%BA%BA%EF%BC%A0%E3%83%90%E3%83%B3%E3%82%B3%E3%82%AF" /><V14/><F2/><W64/><G1/><T94/><D115/><U125/><E107/><V75/><F39/><W11/><G61/><T127/><D135/><U3/><E36/><V98/><F116/><W63/><G63/><T96/><D12/><U78/><E125/><N who="0" m="48201" /><D117/><U7/><E81/><V131/><F126/><W9/><G41/><T134/><D134/><U118/><E118/><V26/><F26/><W27/><G27/><T109/><D109/><U8/><E7/><V35/><F35/><W4/><REACH who="3" step="1"/><G11/><REACH who="3" ten="320,144,327,199" step="2"/><T82/><D25/><U29/><E8/><V88/><F108/><W37/><G37/><T59/><D28/><U24/><E29/><V128/><F128/><W0/><G0/><T133/><D31/><U50/><E3/><V84/><F131/><W100/><G100/><T76/><D133/><U99/><E24/><V87/><F103/><W56/><G56/><T20/><D57/><U72/><E58/><V114/><F114/><W13/><G13/><T33/><D59/><U66/><E123/><V19/><F14/><W122/><G122/><T69/><D69/><U67/><E121/><V34/><F34/><W104/><G104/><T132/><D33/><U62/><E62/><V129/><F129/><W113/><G113/><T32/><D32/><U22/><E67/><V89/><F75/><W97/><G97/><T112/><D112/><U119/><E73/><V77/><F102/><W101/><G101/><T106/><D132/><U46/><E72/><V74/><F74/><RYUUKYOKU ba="1,1" sc="320,-15,144,-15,327,15,199,15" hai2="17,19,44,48,77,83,84,87,88,89,92,93,98" hai3="4,5,9,15,16,47,51,52,60,64,71,79,86" /><INIT seed="2,2,1,4,4,42" ten="305,129,342,214" oya="2" hai0="132,20,106,24,7,130,62,52,55,26,34,95,71" hai1="123,11,110,72,131,15,12,45,14,99,21,86,115" hai2="63,6,82,81,18,108,84,74,36,16,19,93,69" hai3="49,134,13,120,22,33,105,57,39,75,92,127,112"/><V2/><F36/><W56/><G105/><T50/><D106/><U46/><E115/><V113/><F113/><W125/><G75/><T60/><D7/><U17/><E72/><V43/><F43/><W96/><G33/><T100/><D71/><U104/><E110/><V102/><F74/><W1/><G1/><T91/><D34/><U59/><E131/><V3/><F108/><W117/><G112/><T122/><D122/><U30/><E123/><V98/><F6/><W76/><G76/><T40/><D100/><U23/><E104/><V80/><REACH who="2" step="1"/><F84/><REACH who="2" ten="305,129,332,214" step="2"/><W10/><G39/><T78/><D130/><U53/><E86/><V54/><F54/><W73/><G73/><T85/><D40/><U111/><E111/><V87/><F87/><W114/><G114/><T77/><D55/><U135/><E135/><V88/><F88/><W66/><G134/><T44/><D132/><U27/><E99/><V67/><AGARI ba="2,2" hai="2,3,16,18,19,63,67,69,80,81,82,93,98,102" machi="67" ten="40,18000,2" yaku="1,1,0,1,54,1,53,3" doraHai="42" doraHaiUra="79" who="2" fromWho="2" sc="305,-62,129,-62,332,206,214,-62" /><INIT seed="2,3,0,5,5,97" ten="243,67,538,152" oya="2" hai0="87,125,134,78,135,3,41,62,118,58,45,81,36" hai1="66,133,131,50,132,17,37,39,31,0,14,126,30" hai2="119,88,48,21,56,57,27,60,91,15,29,13,104" hai3="34,20,44,22,16,114,127,70,65,6,77,84,23"/><V79/><F104/><W108/><G34/><T120/><D120/><U96/><E0/><V100/><F100/><W76/><G70/><T94/><D3/><U124/><E66/><V40/><F79/><W75/><G65/><T92/><D125/><N who="1" m="48235" /><E50/><V101/><F101/><W95/><G127/><T63/><D118/><U49/><E49/><V9/><F119/><W51/><G108/><T69/><D69/><U64/><E64/><N who="2" m="38919" /><F15/><W11/><G75/><T54/><REACH who="0" step="1"/><D63/><REACH who="0" ten="233,67,538,152" step="2"/><U10/><E39/><V72/><F72/><W103/><G114/><T99/><D99/><U106/><E37/><V55/><F40/><W46/><G84/><T1/><D1/><U35/><E35/><V42/><F42/><W18/><G51/><T8/><D8/><U123/><E123/><V2/><F2/><W47/><G11/><T67/><D67/><U89/><E131/><V4/><AGARI ba="3,1" hai="4,9,13,21,27,29,48,55,57,88,91" m="38919" machi="4" ten="30,3000,0" yaku="8,1,54,1" doraHai="97" who="2" fromWho="2" sc="233,-13,67,-13,538,49,152,-13" /><INIT seed="2,4,0,4,5,107" ten="220,54,587,139" oya="2" hai0="76,47,101,7,111,60,59,113,96,67,91,3,119" hai1="18,38,63,115,126,72,30,74,65,56,78,135,80" hai2="17,58,108,61,28,130,104,34,116,121,45,8,62" hai3="66,69,14,2,131,49,93,88,40,110,32,6,42"/><V84/><F104/><W133/><G32/><T33/><D33/><U124/><E115/><V122/><F116/><W132/><G2/><T85/><D113/><U103/><E38/><V98/><F98/><W86/><G110/><T94/><D111/><U125/><E135/><N who="3" m="51786" /><G49/><T120/><D120/><U4/><E30/><V82/><F108/><W128/><G66/><T127/><D127/><U1/><E103/><V100/><F100/><W53/><G53/><T5/><D3/><U31/><E31/><V55/><F130/><N who="3" m="49707" /><G69/><T89/><D119/><U106/><E106/><V9/><F62/><W13/><G6/><N who="0" m="2059" /><D47/><U15/><E4/><V70/><F70/><W52/><G52/><T54/><D54/><U71/><E71/><V109/><F109/><W114/><G114/><T29/><D29/><U44/><E44/><V37/><F28/><W25/><G25/><T99/><D59/><U79/><E1/><V87/><F37/><W57/><G57/><T90/><D60/><U12/><E18/><V41/><F34/><W11/><G11/><T26/><D26/><U134/><E134/><V24/><F9/><W117/><G117/><T43/><D43/><AGARI ba="4,0" hai="13,14,40,42,43,86,88,93" m="49707,51786" machi="43" ten="30,3900,0" yaku="20,1,19,1,54,1" doraHai="107" who="3" fromWho="0" sc="220,-51,54,0,587,0,139,51" /><INIT seed="3,0,0,1,4,113" ten="169,54,587,190" oya="3" hai0="108,13,48,56,35,58,9,135,60,57,103,47,81" hai1="115,114,133,28,3,43,30,18,118,78,17,125,64" hai2="7,52,121,76,16,63,49,0,42,95,110,82,6" hai3="93,38,111,2,119,112,84,90,87,25,62,86,100"/><W39/><G2/><T12/><D35/><U85/><E64/><V32/><F32/><W22/><G112/><N who="1" m="43050" /><E43/><V21/><F110/><W80/><G111/><T19/><D108/><U55/><E55/><V99/><F42/><W134/><G134/><T91/><D103/><U83/><E133/><V29/><F29/><N who="1" m="11369" /><E85/><N who="2" m="48327" /><F63/><W77/><G119/><T98/><D135/><U109/><E83/><V75/><F75/><W69/><G100/><T102/><D13/><U97/><E97/><V123/><F0/><W10/><G10/><T54/><D102/><U94/><E94/><V45/><F123/><W27/><G27/><T96/><D60/><U44/><E44/><V107/><F107/><W5/><G5/><T61/><D61/><U72/><E78/><V117/><F117/><W71/><G86/><AGARI ba="0,0" hai="9,12,19,47,48,54,56,57,58,81,86,91,96,98" machi="86" ten="40,5200,0" yaku="25,2,8,1" doraHai="113" who="0" fromWho="3" sc="169,52,54,0,587,0,190,-52" /><INIT seed="4,0,0,3,5,1" ten="221,54,587,138" oya="0" hai0="114,131,17,90,117,61,9,128,40,34,120,106,75" hai1="50,60,83,88,33,116,104,132,91,130,108,13,74" hai2="72,105,122,69,3,8,79,84,70,96,77,55,48" hai3="135,127,82,25,115,109,80,56,36,49,18,95,124"/><T44/><D117/><U29/><E116/><V21/><F72/><W121/><G109/><T7/><D120/><U20/><E108/><V30/><F122/><W99/><G121/><T10/><D106/><U0/><E0/><V111/><F111/><W97/><G36/><T31/><D75/><U28/><E104/><V129/><F129/><W37/><G37/><T53/><D114/><U133/><E130/><N who="0" m="49705" /><D90/><U81/><E60/><V86/><F21/><N who="3" m="13495" /><G135/><N who="1" m="51786" /><E50/><V73/><F30/><N who="1" m="11881" /><E33/><V118/><F73/><W12/><G12/><N who="0" m="7311" /><D31/><U67/><E67/><V42/><F42/><W134/><G115/><T4/><D34/><U47/><E47/><V89/><F3/><W78/><G134/><T24/><D24/><U57/><E57/><V16/><F70/><W125/><G78/><T39/><D10/><U11/><E20/><V76/><F69/><W58/><G99/><T22/><D22/><U52/><E52/><V112/><F8/><W98/><G97/><T64/><D53/><U5/><E81/><N who="3" m="31338" /><G49/><T45/><D45/><U123/><E123/><V92/><F48/><W71/><G71/><AGARI ba="0,0" hai="4,7,39,40,44,61,64,71" m="7311,49705" machi="71" ten="30,5800,0" yaku="19,1,52,2" doraHai="1" who="0" fromWho="3" sc="221,58,54,0,587,0,138,-58" /><INIT seed="4,1,0,5,2,49" ten="279,54,587,80" oya="0" hai0="86,84,78,116,102,88,103,26,28,107,122,43,131" hai1="42,51,48,1,12,123,112,40,14,33,29,105,56" hai2="98,22,113,128,11,77,68,31,15,54,126,93,34" hai3="121,5,66,133,46,100,32,125,74,73,18,38,120"/><T17/><D116/><U72/><E72/><V59/><F68/><W70/><G32/><T63/><D122/><U108/><E108/><V50/><F34/><W8/><G18/><T92/><D131/><U135/><E123/><N who="3" m="47178" /><G100/><T111/><D111/><U6/><E105/><V55/><F128/><W9/><G9/><T76/><D43/><U19/><E135/><V20/><F77/><N who="0" m="29802" /><D107/><U0/><E112/><V39/><F39/><W10/><G10/><T99/><D28/><U82/><E82/><V23/><F113/><W65/><G125/><T134/><D134/><U129/><E129/><V44/><F126/><W75/><G70/><T130/><D130/><U87/><E87/><N who="0" m="33321" /><D63/><U52/><E33/><V85/><F85/><W3/><G133/><T61/><D61/><N who="1" m="35975" /><E29/><V21/><F31/><W80/><G80/><T117/><D117/><U13/><E1/><V67/><F67/><W60/><G60/><T101/><D101/><U118/><E118/><V95/><F98/><W71/><G71/><T115/><D115/><U27/><E0/><V2/><N who="2" m="5120" /><DORA hai="7" /><V124/><F2/><W57/><G73/><T4/><D4/><U53/><E6/><N who="2" m="3575" /><F124/><W79/><G74/><T132/><D132/><U119/><E119/><V89/><F89/><W106/><G106/><T81/><D26/><U97/><E27/><V45/><F95/><W41/><G79/><T110/><D110/><U35/><E35/><V94/><F94/><W62/><G75/><T36/><D103/><U114/><E114/><V91/><F93/><W64/><AGARI ba="1,0" hai="3,5,8,38,41,46,57,62,64,65,66" m="47178" machi="64" ten="30,2000,0" yaku="13,1,52,1" doraHai="49,7" who="3" fromWho="3" sc="279,-11,54,-6,587,-6,80,23" /><INIT seed="5,0,0,4,2,9" ten="268,48,581,103" oya="1" hai0="5,44,119,111,46,120,112,131,62,25,84,59,94" hai1="14,17,102,115,121,34,8,126,117,13,122,10,86" hai2="134,45,57,106,81,56,99,58,31,42,71,63,16" hai3="107,32,27,24,87,116,91,70,18,92,21,108,76"/><U93/><E117/><V38/><F31/><W52/><G108/><T41/><D111/><U23/><E115/><V80/><F134/><W88/><G107/><T36/><D119/><U4/><E34/><V2/><F2/><W100/><G70/><T133/><D131/><U78/><E126/><V79/><F71/><W123/><G123/><T60/><D120/><U68/><E68/><V127/><F127/><W103/><G76/><T95/><D5/><U73/><E73/><V15/><F99/><W114/><G114/><T96/><D133/><U54/><E122/><V110/><F106/><W97/><G116/><T12/><D25/><U132/><E132/><V77/><F110/><W98/><G98/><T50/><D84/><U26/><E121/><V55/><F79/><W113/><G113/><T125/><D125/><U0/><E102/><V90/><F90/><W20/><G52/><T124/><D124/><U49/><E10/><V51/><F38/><W19/><G32/><T66/><D112/><U35/><E35/><V130/><F81/><AGARI ba="0,0" hai="18,19,20,21,24,27,81,87,88,91,92,97,100,103" machi="81" ten="30,7700,0" yaku="7,1,9,1,8,1,54,1" doraHai="9" who="3" fromWho="2" sc="268,0,48,0,581,-77,103,77" /><INIT seed="6,0,0,3,0,54" ten="268,48,504,180" oya="2" hai0="64,110,111,75,98,128,62,89,82,125,61,129,91" hai1="48,88,86,121,31,100,36,99,10,13,27,22,83" hai2="47,40,85,43,11,132,108,7,126,59,97,72,39" hai3="115,30,130,67,45,123,18,2,5,69,119,8,16"/><V52/><F72/><W46/><G119/><T41/><D41/><U112/><E36/><V25/><F43/><W20/><G130/><T90/><D125/><U71/><E71/><V117/><F117/><W102/><G123/><T109/><D64/><U87/><E121/><V84/><F126/><W60/><G115/><T35/><D35/><U9/><E112/><V33/><F132/><W23/><G102/><T68/><D68/><U58/><E87/><V1/><F108/><W50/><G30/><T135/><D135/><U114/><E114/><V105/><F105/><W124/><G124/><T76/><D61/><U93/><E48/><V17/><F97/><W37/><G37/><T4/><D62/><U49/><E49/><V95/><F95/><W63/><G63/><T3/><D4/><U79/><E13/><V116/><F116/><W101/><G101/><T103/><D3/><U73/><REACH who="1" step="1"/><E58/><REACH who="1" ten="268,38,504,180" step="2"/><V134/><F134/><W131/><G50/><T66/><D66/><U120/><E120/><V55/><F59/><W21/><G69/><T77/><D77/><U133/><E133/><V107/><F85/><W127/><G67/><T34/><D34/><U57/><E57/><V56/><F56/><W6/><G127/><T78/><D78/><U106/><AGARI ba="0,1" hai="9,10,22,27,31,73,79,83,86,88,93,99,100,106" machi="106" ten="20,12000,2" yaku="1,1,0,1,7,1,24,2,54,1,53,0" doraHai="54" doraHaiUra="15" who="1" fromWho="1" sc="268,-30,38,130,504,-60,180,-30" /><INIT seed="7,0,0,0,2,127" ten="238,168,444,150" oya="3" hai0="130,77,7,71,67,96,17,72,111,0,116,115,112" hai1="40,103,122,28,78,110,27,129,80,86,21,95,18" hai2="4,57,1,120,48,97,99,100,93,47,39,13,50" hai3="37,46,5,20,134,108,15,10,125,106,43,3,58"/><W44/><G125/><T117/><D96/><N who="1" m="59807" /><E122/><V61/><F1/><W2/><G134/><T91/><D91/><U31/><E129/><V69/><F69/><W35/><G35/><T14/><D17/><N who="1" m="12719" /><E110/><V29/><F39/><W38/><G108/><T105/><D14/><U59/><E40/><V92/><F29/><N who="1" m="11337" /><E18/><V45/><F120/><W107/><G58/><AGARI ba="0,0" hai="58,59,78,80,86" m="11337,12719,59807" machi="58" ten="30,1000,0" yaku="8,1" doraHai="127" who="1" fromWho="3" sc="238,0,168,10,444,0,150,-10" owari="238,3.8,178,-22.2,444,54.4,140,-36.0" /></mjloggm>