<mjloggm ver="2.3"><GO type="169" lobby="0"/><UN n0="%E3%81%BD%E3%81%A3%E3%81%91%E3%81%95%E3%82%93" n1="%E9%A6%AC%E3%81%AE%E8%80%B3%E3%81%AB%E5%BF%B5%E4%BB%8F" n2="%E9%9B%AA%E3%81%AE%E8%8F%AF" n3="%44%61%6C%69" dan="16,17,16,17" rate="2186.75,2166.45,2114.25,2192.15" sx="M,M,F,M"/><TAIKYOKU oya="0"/><INIT seed="0,0,0,2,1,33" ten="250,250,250,250" oya="0" hai0="44,1,69,112,36,113,92,16,95,21,14,109,10" hai1="6,42,45,88,19,34,98,97,37,24,78,124,67" hai2="51,26,122,63,108,5,125,41,105,23,60,114,135" hai3="7,2,86,62,31,9,55,85,75,52,102,116,38"/><T3/><D69/><U87/><E124/><V134/><F105/><W101/><G38/><T30/><D109/><U133/><E133/><N who="2" m="50699" /><F122/><W110/><G75/><T20/><D36/><U89/><E78/><V123/><F123/><W28/><G116/><T13/><D44/><U80/><E67/><V130/><F125/><W81/><G110/><T93/><D30/><U128/><E128/><V118/><F114/><W127/><G127/><T65/><D65/><U58/><E58/><V27/><F108/><W22/><G85/><T68/><D68/><U79/><E6/><V56/><F5/><W15/><G31/><T90/><D90/><U57/><E57/><V53/><F118/><W18/><G28/><T40/><D40/><U91/><REACH who="1" step="1"/><E34/><REACH who="1" ten="250,240,250,250" step="2"/><V50/><F130/><W59/><REACH who="3" step="1"/><G55/><REACH who="3" ten="250,240,250,240" step="2"/><T76/><D112/><U4/><E4/><V120/><F120/><W100/><G100/><T47/><D113/><U25/><E25/><V74/><F27/><W131/><G131/><T77/><D16/><U64/><E64/><V61/><F26/><W121/><G121/><T17/><D17/><U32/><E32/><V129/><F129/><W70/><G70/><T54/><D54/><U107/><E107/><V117/><F117/><W82/><G82/><T99/><D93/><U12/><E12/><V0/><F53/><W96/><G96/><T84/><D99/><U35/><E35/><V132/><F132/><W104/><G104/><T11/><D84/><U72/><E72/><V46/><F74/><W94/><G94/><T8/><D92/><U73/><E73/><V66/><F66/><RYUUKYOKU ba="0,2" sc="250,-15,240,15,250,-15,240,15" hai1="19,24,37,42,45,79,80,87,88,89,91,97,98" hai3="2,7,9,15,18,22,52,59,62,81,86,101,102" /><INIT seed="1,1,2,5,5,129" ten="235,255,235,255" oya="1" hai0="47,92,7,2,100,19,80,86,97,112,21,133,8" hai1="9,56,81,95,4,24,108,46,84,103,116,130,41" hai2="52,131,93,122,127,91,40,87,88,57,121,6,114" hai3="89,70,94,16,98,38,23,79,134,59,85,125,55"/><U27/><E116/><V99/><F131/><W117/><G70/><T20/><D112/><U90/><E130/><V115/><F40/><W63/><G117/><T42/><D133/><U105/><E108/><V109/><F6/><W28/><G134/><T124/><D124/><U118/><E105/><V71/><F71/><W60/><G38/><T25/><D19/><U36/><E118/><V5/><F5/><W101/><G125/><T32/><D32/><U110/><E110/><V58/><F127/><W48/><G79/><T18/><D18/><U64/><E64/><V73/><F73/><W135/><G28/><T50/><REACH who="0" step="1"/><D25/><REACH who="0" ten="225,255,235,255" step="2"/><U72/><E27/><V74/><F109/><W15/><REACH who="3" step="1"/><G135/><REACH who="3" ten="225,255,235,245" step="2"/><T126/><D126/><U17/><E17/><V113/><F121/><W61/><G61/><T44/><D44/><U67/><E46/><V104/><F122/><W68/><G68/><T107/><D107/><AGARI ba="1,4" hai="15,16,23,48,55,59,60,63,85,89,94,98,101,107" machi="107" ten="30,8000,1" yaku="1,1,7,1,25,2,54,1,53,0" doraHai="129" doraHaiUra="43" who="3" fromWho="0" sc="225,-83,255,0,235,0,245,123" /><INIT seed="2,0,0,4,0,13" ten="142,255,235,368" oya="2" hai0="97,117,52,64,4,80,94,98,23,31,56,17,108" hai1="68,57,58,70,69,133,24,135,46,28,92,15,90" hai2="85,126,6,109,1,95,104,32,34,84,7,10,82" hai3="67,27,76,41,75,106,21,113,73,22,66,114,39"/><V53/><F104/><W71/><G106/><T37/><D37/><U86/><E46/><V134/><F134/><N who="1" m="51209" /><E15/><V130/><F126/><W105/><G105/><T72/><D108/><U100/><E100/><V119/><F119/><W25/><G39/><T42/><D117/><U19/><E19/><V43/><F109/><W87/><G87/><T54/><D42/><U20/><AGARI ba="0,0" hai="20,24,28,57,58,68,69,70,86,90,92" m="51209" machi="20" ten="40,1500,0" yaku="20,1" doraHai="13" who="1" fromWho="1" sc="142,-4,255,15,235,-7,368,-4" /><INIT seed="3,0,0,2,3,50" ten="138,270,228,364" oya="3" hai0="24,132,42,97,27,129,9,70,40,125,12,90,1" hai1="128,35,23,94,46,78,91,102,68,98,19,81,29" hai2="126,82,4,130,56,74,92,115,28,73,100,118,133" hai3="83,116,34,43,65,54,101,17,52,106,67,85,103"/><W72/><G72/><T105/><D1/><U66/><E128/><V87/><F4/><W14/><G34/><T131/><D70/><U53/><E35/><V114/><F28/><W79/><G43/><T99/><D125/><U120/><E120/><V95/><F56/><W117/><G116/><T104/><D90/><U13/><E29/><V75/><F130/><W22/><G117/><T61/><D12/><U111/><E111/><V44/><F44/><W109/><G109/><T20/><D20/><U31/><E31/><V86/><F118/><W8/><G106/><T48/><D48/><N who="1" m="28823" /><E68/><V3/><F3/><W5/><G65/><T80/><D80/><U36/><E66/><V84/><F126/><W18/><G67/><T112/><D61/><U7/><E36/><V64/><F64/><W26/><G5/><T57/><D57/><U69/><E69/><V39/><F39/><W121/><G121/><T16/><D112/><N who="2" m="43050" /><F133/><W107/><G107/><T76/><D76/><U60/><E7/><V62/><F62/><W11/><G26/><T47/><D47/><U58/><E78/><N who="2" m="46167" /><F100/><W45/><G45/><T110/><D132/><U134/><E134/><V38/><F38/><W55/><G22/><T127/><D127/><U6/><E6/><V59/><F59/><W93/><G103/><T30/><D110/><U10/><E58/><V88/><F95/><W108/><G108/><T71/><D30/><U123/><E102/><V33/><F33/><W25/><G101/><T119/><D71/><U135/><E135/><V15/><F15/><N who="3" m="7399" /><G25/><T0/><D0/><U124/><E124/><RYUUKYOKU ba="0,0" sc="138,-15,270,-15,228,15,364,15" hai2="73,74,75,86,87,88,92" hai3="11,14,18,52,54,55,79,83,85,93" /><INIT seed="3,1,0,2,0,41" ten="123,255,243,379" oya="3" hai0="77,61,17,121,52,9,86,128,27,14,89,12,43" hai1="125,96,16,40,71,123,108,119,39,31,34,67,68" hai2="88,73,57,84,8,74,98,54,32,21,130,28,62" hai3="134,35,97,133,50,83,107,92,117,59,45,126,69"/><W129/><G69/><T93/><D121/><U101/><E123/><V118/><F118/><W37/><G37/><T15/><D128/><U66/><E108/><V64/><F130/><W72/><G117/><T47/><D77/><U100/><E119/><V33/><F74/><W55/><G107/><T29/><D43/><U49/><E100/><V82/><F73/><W7/><G35/><T11/><D11/><U36/><E67/><V111/><F111/><W70/><G70/><T124/><D124/><U42/><E42/><V58/><F8/><W53/><G129/><T110/><D110/><U19/><E71/><V6/><F6/><W23/><G126/><T113/><D113/><U99/><E99/><V78/><F21/><W80/><G7/><T115/><D115/><U25/><E49/><V81/><F28/><W22/><G72/><T24/><D24/><U2/><E2/><V112/><F112/><W85/><G133/><T20/><D61/><N who="1" m="40015" /><E125/><V65/><F98/><W103/><G134/><T48/><AGARI ba="1,0" hai="9,12,14,15,17,20,27,29,47,48,52,86,89,93" machi="48" ten="30,7900,0" yaku="0,1,8,1,52,1,54,1" doraHai="41" who="0" fromWho="0" sc="123,82,255,-21,243,-21,379,-40" /><INIT seed="4,0,0,1,2,105" ten="205,234,222,339" oya="0" hai0="15,75,100,42,26,72,92,81,3,21,85,22,123" hai1="93,56,68,14,84,49,111,44,115,70,83,108,79" hai2="104,36,16,24,41,45,67,23,133,126,60,59,107" hai3="50,31,77,9,73,124,62,114,37,132,89,112,7"/><T91/><D3/><U127/><E127/><V130/><F126/><W65/><G37/><T0/><D0/><U17/><E115/><N who="3" m="44074" /><G31/><T117/><D117/><U63/><E70/><V19/><F130/><W96/><G124/><T113/><D123/><U34/><E34/><V82/><F133/><W10/><G132/><T98/><D113/><U40/><E68/><V116/><F116/><W101/><G89/><T4/><D42/><U102/><E102/><V131/><F131/><W106/><G50/><T47/><D47/><U30/><E30/><V54/><F19/><W128/><G128/><T86/><D22/><U90/><E56/><V110/><F110/><W121/><G121/><T55/><D55/><U74/><REACH who="1" step="1"/><E63/><REACH who="1" ten="205,224,222,339" step="2"/><V12/><F24/><W129/><G62/><T61/><D61/><U95/><E95/><V125/><F125/><W52/><G101/><T20/><D92/><U32/><E32/><V13/><F13/><W80/><G129/><T122/><D15/><U38/><E38/><V27/><F27/><W33/><G106/><T1/><D26/><U25/><E25/><V8/><F67/><W6/><G65/><T69/><D1/><U18/><E18/><V76/><REACH who="2" step="1"/><F23/><AGARI ba="0,1" hai="14,17,23,40,44,49,74,79,83,84,90,93,108,111" machi="23" ten="30,3900,0" yaku="1,1,7,1,52,1,53,0" doraHai="105" doraHaiUra="109" who="1" fromWho="2" sc="205,0,224,49,222,-39,339,0" /><INIT seed="5,0,0,4,5,70" ten="205,273,183,339" oya="1" hai0="101,47,58,38,122,61,114,135,29,4,116,57,31" hai1="9,126,88,132,84,45,113,32,91,97,95,117,15" hai2="6,40,66,30,133,54,73,28,48,25,19,129,72" hai3="24,105,34,94,41,76,100,42,120,128,80,27,39"/><U49/><E117/><V89/><F129/><W103/><G120/><T87/><D116/><U102/><E132/><V79/><F133/><W74/><G94/><T125/><D135/><U109/><E126/><V11/><F40/><W5/><G5/><T82/><D125/><U93/><E113/><V10/><F66/><W53/><G53/><T43/><D114/><U8/><E32/><V131/><F131/><W64/><G42/><T111/><D111/><U130/><E130/><V78/><F89/><W23/><G64/><T26/><D122/><U96/><E109/><V121/><F121/><W134/><G100/><T20/><D4/><U3/><E3/><V69/><F69/><W71/><G23/><T108/><D108/><U33/><E33/><V92/><F92/><W18/><G18/><T13/><D13/><U50/><E45/><V123/><F123/><W63/><G27/><T118/><D118/><U17/><REACH who="1" step="1"/><E8/><REACH who="1" ten="205,263,183,339" step="2"/><V2/><F11/><W35/><G34/><T104/><D47/><U46/><E46/><V12/><F72/><W67/><G128/><T62/><D58/><U112/><E112/><V60/><F73/><W77/><G134/><T36/><D57/><U106/><AGARI ba="0,1" hai="9,15,17,49,50,84,88,91,93,95,96,97,102,106" machi="106" ten="20,7800,0" yaku="1,1,0,1,7,1,54,1,53,0" doraHai="70" doraHaiUra="107" who="1" fromWho="1" sc="205,-26,263,88,183,-26,339,-26" /><INIT seed="5,1,0,5,5,59" ten="179,351,157,313" oya="1" hai0="57,91,79,80,44,71,76,114,125,33,28,48,4" hai1="89,118,74,2,34,64,29,126,100,123,47,134,132" hai2="93,103,38,135,99,1,112,36,35,45,41,46,128" hai3="7,63,22,32,0,133,43,51,55,31,65,92,130"/><U11/><E118/><V25/><F128/><W110/><G110/><T101/><D71/><U27/><E123/><V129/><F129/><W58/><G32/><T73/><D79/><U61/><E89/><V49/><F135/><W40/><G0/><T67/><D101/><U81/><E47/><V72/><F72/><W94/><G130/><T9/><D114/><U26/><E26/><V16/><F112/><W120/><G133/><T121/><D125/><U108/><E100/><V54/><F1/><W66/><G7/><T88/><D121/><U84/><E84/><V86/><F86/><W30/><G66/><T90/><D28/><N who="3" m="10793" /><G22/><T117/><D33/><U6/><E126/><V115/><F115/><W17/><G17/><T15/><D117/><U75/><E108/><V97/><F97/><W39/><G39/><T83/><D83/><U70/><E74/><V122/><F122/><W95/><G120/><T37/><D37/><U69/><E69/><V98/><F38/><W116/><G116/><T113/><D113/><U8/><E8/><V96/><REACH who="2" step="1"/><F35/><REACH who="2" ten="179,351,147,313" step="2"/><W77/><G77/><AGARI ba="1,1" hai="2,6,11,27,29,34,61,64,70,75,77,81,132,134" machi="77" ten="40,7700,0" yaku="23,2,52,1" doraHai="59" who="1" fromWho="3" sc="179,0,351,90,147,0,313,-80" /><INIT seed="5,2,0,1,1,43" ten="179,441,147,233" oya="1" hai0="91,61,73,59,107,26,131,17,112,47,65,40,52" hai1="3,125,54,86,55,18,63,105,124,46,23,109,92" hai2="15,8,19,38,103,25,62,57,29,81,99,82,30" hai3="32,14,122,44,123,37,118,33,130,31,76,28,2"/><U6/><E105/><V132/><F38/><W114/><G76/><T74/><D107/><U72/><E72/><V34/><F30/><N who="3" m="11307" /><G37/><T4/><D4/><U88/><E6/><V120/><F120/><N who="3" m="46123" /><G44/><T5/><D5/><U70/><E3/><V49/><F49/><W127/><G2/><T22/><D112/><U69/><E109/><V104/><REACH who="2" step="1"/><F132/><REACH who="2" ten="179,441,137,233" step="2"/><W129/><G114/><T35/><D35/><U7/><E125/><V48/><F48/><W56/><G127/><T71/><D131/><U13/><E124/><V79/><F79/><W95/><G129/><T133/><D133/><U66/><E7/><V12/><F12/><W11/><G14/><T41/><D41/><U119/><E119/><V1/><F1/><W58/><G32/><T42/><D42/><U78/><E78/><V10/><F10/><W96/><G33/><T9/><D9/><U102/><E13/><V68/><F68/><W39/><G11/><T77/><D77/><U106/><E70/><V60/><F60/><W113/><G113/><T51/><D91/><U90/><E90/><V87/><F87/><W20/><G39/><AGARI ba="2,1" hai="17,22,26,39,40,47,51,52,59,61,65,71,73,74" machi="39" ten="30,8000,1" yaku="7,1,24,2,52,1,54,1" doraHai="43" who="0" fromWho="3" sc="179,96,441,0,137,0,233,-86" /><INIT seed="6,0,0,0,1,64" ten="275,441,137,147" oya="2" hai0="45,94,77,83,78,87,22,80,82,74,40,25,116" hai1="84,109,29,27,110,75,113,31,37,60,121,38,33" hai2="17,68,115,111,13,128,35,92,61,32,24,69,132" hai3="7,133,73,43,97,96,104,51,108,53,90,79,3"/><V112/><F128/><W1/><G108/><T14/><D116/><U2/><E2/><V91/><F111/><W28/><G133/><T106/><D106/><U127/><E75/><V88/><F132/><W62/><G28/><T122/><D122/><U63/><E84/><V23/><F61/><W125/><G79/><T44/><D82/><U56/><E121/><V4/><F4/><W49/><G73/><T26/><D94/><U10/><E10/><V67/><F67/><W9/><G125/><T71/><D71/><U16/><E127/><V101/><F101/><W48/><G43/><T41/><D14/><U126/><E126/><V107/><F107/><W129/><G129/><T52/><D52/><U131/><E131/><V130/><F130/><W6/><G104/><T102/><D102/><U72/><E72/><V36/><F36/><W66/><G53/><T93/><D93/><U100/><E100/><V65/><F65/><W18/><G18/><T123/><D123/><U8/><E16/><V11/><F91/><W0/><G90/><T5/><D5/><U117/><E117/><V85/><F32/><W103/><G103/><T95/><D95/><U50/><E33/><V81/><F81/><W54/><G54/><T70/><D70/><N who="2" m="27242" /><F35/><W30/><G30/><N who="0" m="17719" /><D26/><U114/><E110/><V99/><F99/><N who="3" m="37963" /><G7/><T34/><D34/><U59/><E109/><V21/><F24/><W57/><G6/><T15/><D15/><U46/><E27/><V105/><F105/><W98/><N who="3" m="37971" /><W47/><DORA hai="124" /><G9/><T89/><D77/><U135/><E135/><V12/><F12/><RYUUKYOKU ba="0,0" sc="275,10,441,-30,137,10,147,10" hai0="40,41,44,45,74,78,80,83,87,89" hai2="11,13,17,21,23,85,88,92,112,115" hai3="0,1,3,47,48,49,51,57,62,66" /><INIT seed="6,1,0,4,5,128" ten="285,411,147,157" oya="2" hai0="0,18,65,115,47,121,107,134,70,4,6,29,12" hai1="49,40,80,127,30,94,109,132,114,42,8,21,122" hai2="32,72,87,85,73,38,69,82,60,91,116,129,9" hai3="26,89,46,135,93,77,67,90,84,22,37,1,130"/><V96/><F38/><W28/><G1/><T52/><D121/><U27/><E109/><V133/><F116/><W74/><G67/><T66/><D107/><U16/><E114/><V106/><F129/><W53/><G130/><T95/><D0/><U36/><E36/><V11/><F32/><W125/><G125/><T92/><D29/><U78/><E127/><V62/><F106/><W99/><G74/><T3/><D3/><U15/><E122/><V118/><F118/><W34/><G77/><T58/><D47/><U126/><E126/><V61/><F96/><W31/><G135/><T108/><D108/><U83/><E132/><V88/><F133/><W41/><G53/><T64/><D70/><U10/><E94/><N who="0" m="35881" /><D115/><U25/><E83/><V101/><F101/><W68/><G68/><T86/><D86/><N who="2" m="32778" /><F69/><W81/><G34/><T20/><D134/><U76/><E8/><N who="2" m="3147" /><F82/><W2/><G2/><T119/><D119/><U55/><E80/><V45/><F45/><W120/><G120/><T56/><D56/><U24/><E78/><V111/><F111/><W14/><G14/><T23/><D23/><U50/><E76/><V5/><F5/><W110/><G110/><T19/><D19/><AGARI ba="1,0" hai="19,22,26,28,31,37,41,46,81,84,89,90,93,99" machi="19" ten="30,1000,0" yaku="7,1" doraHai="128" who="3" fromWho="0" sc="285,-13,411,0,147,0,157,13" /><INIT seed="7,0,0,3,1,34" ten="272,411,147,170" oya="3" hai0="2,69,58,126,78,14,129,0,122,107,98,7,22" hai1="15,71,79,66,35,12,84,124,92,87,118,52,47" hai2="65,128,24,75,96,44,59,1,112,127,11,83,121" hai3="133,105,132,113,29,94,18,46,42,68,114,110,33"/><W85/><G105/><T21/><D69/><U73/><E66/><V57/><F112/><N who="3" m="43115" /><G68/><T10/><D122/><U20/><E35/><V6/><F121/><W9/><G85/><T67/><D78/><U90/><E73/><V111/><F128/><W131/><G94/><T53/><D67/><U115/><E71/><V89/><F111/><W119/><G119/><T61/><D129/><U130/><E130/><V36/><F127/><W38/><G131/><T56/><D126/><U77/><E124/><V76/><F65/><W109/><G18/><T72/><D72/><U37/><E115/><V3/><F3/><W81/><G81/><T106/><D107/><U41/><E118/><V49/><F24/><N who="3" m="18599" /><G9/><T27/><D22/><U55/><E84/><V63/><F63/><W39/><G39/><T50/><D106/><U51/><E79/><V45/><F45/><W125/><G125/><T116/><D98/><U48/><E77/><V17/><F17/><W5/><G5/><T93/><D93/><U95/><E95/><N who="2" m="56431" /><F49/><W80/><G80/><T117/><D117/><U102/><E20/><V134/><F134/><AGARI ba="0,0" hai="38,42,46,109,110,132,133,134" m="18599,43115" machi="134" ten="30,5800,0" yaku="20,1,15,1,23,1" doraHai="34" who="3" fromWho="2" sc="272,0,411,0,147,-58,170,58" /><INIT seed="7,1,0,2,2,55" ten="272,411,89,228" oya="3" hai0="54,117,59,21,37,69,17,68,107,127,31,58,24" hai1="80,33,81,0,18,26,22,120,95,34,103,10,23" hai2="63,102,135,57,70,66,39,133,61,115,43,13,67" hai3="86,50,65,28,116,15,11,74,128,110,7,64,104"/><W108/><G104/><T25/><D37/><U53/><E120/><V42/><F102/><W91/><G74/><T111/><D111/><N who="3" m="42537" /><G116/><T14/><D117/><U88/><E103/><V27/><F27/><W124/><G28/><T122/><D122/><U78/><E80/><V96/><F96/><W97/><G97/><T130/><D107/><U35/><E0/><V4/><F4/><W83/><G128/><T89/><D130/><U32/><E10/><V90/><F90/><W56/><G124/><T76/><D76/><U45/><E45/><N who="2" m="23775" /><F13/><W100/><G100/><T16/><D127/><U121/><E53/><AGARI ba="1,0" hai="7,11,15,50,53,56,64,65,83,86,91" m="42537" machi="53" ten="30,2900,0" yaku="10,1,52,1" doraHai="55" who="3" fromWho="1" sc="272,0,411,-32,89,0,228,32" /><INIT seed="7,2,0,4,5,130" ten="272,379,89,260" oya="3" hai0="110,50,107,100,7,131,30,82,12,49,65,25,57" hai1="94,118,121,101,81,19,79,85,103,68,87,53,14" hai2="33,127,27,113,52,38,83,17,42,11,84,31,43" hai3="4,135,20,64,2,32,61,75,74,96,122,115,104"/><W36/><G122/><T99/><D110/><U125/><E68/><V80/><F113/><W134/><G32/><T58/><D131/><U88/><E121/><V56/><F127/><W8/><G36/><T22/><D82/><U21/><E125/><V54/><F38/><W13/><G115/><T62/><REACH who="0" step="1"/><D58/><REACH who="0" ten="262,379,89,260" step="2"/><U133/><E118/><V69/><F69/><N who="3" m="42127" /><G20/><T92/><D92/><U123/><E123/><V10/><F83/><W29/><G29/><T77/><D77/><U98/><E133/><N who="3" m="50698" /><G13/><T28/><D28/><U16/><E53/><V46/><F54/><W63/><G63/><T48/><D48/><U18/><E103/><AGARI ba="2,1" hai="2,4,8,74,75,96,103,104" m="50698,42127" machi="103" ten="30,12000,1" yaku="20,1,23,1,52,3" doraHai="130" who="3" fromWho="1" sc="262,0,379,-126,89,0,260,136" owari="262,6.2,253,-14.7,89,-41.1,396,49.6" /></mjloggm>