<mjloggm ver="2.3"><GO type="169" lobby="0"/><UN n0="%E3%82%B8%E3%83%9F%E3%83%BC" n1="%E7%88%86%E7%89%8C%E3%82%A6%E3%82%B7%E3%82%B8%E3%83%9E%E3%81%8F%E3%82%93" n2="%E9%A2%A8%E7%B8%AB" n3="%41%6D%69%63%68%61%6E" dan="16,16,16,16" rate="2074.92,2127.42,2138.74,2086.06" sx="M,M,M,F"/><TAIKYOKU oya="0"/><INIT seed="0,0,0,3,4,66" ten="250,250,250,250" oya="0" hai0="98,47,62,81,84,11,96,70,83,74,124,114,42" hai1="123,18,1,93,77,24,44,12,102,119,78,106,26" hai2="56,117,28,111,17,13,80,88,87,97,9,55,2" hai3="131,6,115,41,75,32,51,120,59,15,132,58,45"/><T92/><D114/><U23/><E119/><V21/><F111/><W63/><G115/><T85/><D124/><U35/><E123/><V36/><F36/><W128/><G75/><T54/><D74/><U57/><E1/><V37/><F37/><W19/><G32/><T3/><D96/><U95/><E106/><V61/><F117/><W7/><G120/><T130/><D130/><N who="3" m="49705" /><G132/><T104/><D104/><U91/><E35/><V134/><F134/><W108/><G108/><T60/><D3/><U46/><E57/><N who="3" m="21514" /><G63/><T64/><D11/><AGARI ba="0,0" hai="6,7,11,15,19,41,45,51" m="21514,49705" machi="11" ten="30,1000,0" yaku="19,1" doraHai="66" who="3" fromWho="0" sc="250,-10,250,0,250,0,250,10" /><INIT seed="1,0,0,0,0,39" ten="240,250,250,260" oya="1" hai0="62,96,48,31,60,25,11,121,88,9,77,4,65" hai1="40,99,71,118,56,51,78,74,113,15,79,86,18" hai2="50,89,7,17,0,47,5,91,52,26,111,72,63" hai3="34,58,115,103,112,69,80,61,64,84,120,82,45"/><U6/><E71/><V16/><F72/><W102/><G120/><T95/><D121/><U22/><E118/><V105/><F105/><W57/><G34/><T107/><D107/><U49/><E113/><V101/><F101/><W55/><G45/><T90/><D77/><U123/><E123/><V3/><F111/><W119/><G119/><T73/><D73/><U13/><E74/><V68/><F0/><W98/><G69/><T8/><D90/><N who="2" m="34314" /><F68/><W125/><G125/><T108/><D108/><U53/><E99/><V93/><F93/><W124/><G124/><T32/><D62/><U122/><E122/><V116/><F3/><W42/><G42/><T21/><D32/><U106/><E106/><V109/><F109/><W75/><G75/><T27/><D48/><U36/><E36/><V23/><F116/><W28/><G28/><T37/><D37/><U1/><E1/><V133/><F133/><W66/><G98/><T67/><D4/><N who="2" m="1610" /><F63/><W29/><G29/><AGARI ba="0,0" hai="16,17,23,26,29,47,50,52" m="1610,34314" machi="29" ten="30,3900,0" yaku="8,1,54,2" doraHai="39" who="2" fromWho="3" sc="240,0,250,0,250,39,260,-39" /><INIT seed="2,0,0,1,4,57" ten="240,250,289,221" oya="2" hai0="131,93,134,97,23,77,12,72,22,39,15,74,118" hai1="10,78,41,99,124,44,67,87,43,102,17,100,88" hai2="50,45,11,90,120,91,108,46,35,95,49,111,25" hai3="113,133,61,16,14,116,13,128,47,3,54,26,32"/><V1/><F120/><W65/><G116/><T132/><D39/><U130/><E124/><V106/><F106/><W51/><G3/><T127/><D127/><U40/><E130/><V63/><F63/><W103/><G128/><T101/><D131/><U86/><E78/><V89/><F95/><W56/><G133/><N who="0" m="51307" /><D118/><U92/><E44/><N who="2" m="17003" /><F35/><W68/><G113/><T123/><D123/><U20/><E10/><V21/><F1/><W125/><G125/><T135/><N who="0" m="51315" /><T82/><DORA hai="19" /><D74/><U96/><E67/><V53/><F11/><W66/><G103/><N who="1" m="39466" /><E99/><V33/><F53/><W55/><G32/><T4/><D4/><U8/><E8/><V71/><F71/><W59/><G68/><T18/><D12/><AGARI ba="0,0" hai="12,17,20,40,41,43,86,87,88,92,96" m="39466" machi="12" ten="30,3900,0" yaku="8,1,52,1,54,1" doraHai="57,19" who="1" fromWho="0" sc="240,-39,250,39,289,0,221,0" /><INIT seed="3,0,0,5,5,23" ten="201,289,289,221" oya="3" hai0="105,96,72,113,46,117,59,114,90,25,54,101,29" hai1="22,48,19,64,9,74,103,50,42,95,68,88,86" hai2="12,34,100,99,14,126,129,11,133,28,40,57,92" hai3="79,18,112,61,44,109,7,0,124,32,131,123,55"/><W5/><G123/><T76/><D117/><U135/><E74/><V67/><F129/><W127/><G112/><N who="0" m="43115" /><D46/><U49/><E135/><V20/><F126/><N who="3" m="48171" /><G32/><T108/><D108/><U77/><E77/><V15/><F34/><W118/><G118/><T89/><D76/><U69/><E42/><V45/><F133/><W91/><G131/><T2/><D2/><U130/><E130/><V82/><F82/><W93/><G79/><T121/><D72/><U38/><E38/><V115/><F115/><W94/><G109/><T43/><D43/><U30/><E64/><V52/><F67/><W41/><G0/><T84/><D84/><U85/><E85/><V128/><F128/><W27/><G41/><T16/><D121/><U98/><E30/><V81/><F45/><W3/><G3/><T116/><D29/><U13/><REACH who="1" step="1"/><E9/><REACH who="1" ten="201,279,289,221" step="2"/><V70/><F11/><W58/><G44/><T60/><D116/><U35/><E35/><V39/><F39/><W73/><G73/><T119/><D119/><U87/><E87/><V132/><F40/><W120/><G120/><T26/><D16/><U111/><E111/><V66/><F132/><W102/><G18/><T37/><D37/><U17/><E17/><V110/><F110/><W104/><G7/><T1/><D1/><U53/><E53/><V97/><F52/><W106/><G5/><T4/><D4/><U21/><E21/><V36/><F20/><W6/><G6/><T8/><D8/><U125/><E125/><V78/><F36/><W63/><G55/><T134/><D134/><U122/><E122/><V33/><F78/><RYUUKYOKU ba="0,1" sc="201,15,279,15,289,-15,221,-15" hai0="25,26,54,59,60,89,90,96,101,105" hai1="13,19,22,48,49,50,68,69,86,88,95,98,103" /><INIT seed="4,1,1,4,1,92" ten="216,294,274,206" oya="0" hai0="122,55,45,127,36,82,118,21,124,95,120,99,23" hai1="15,25,98,94,126,39,76,88,13,17,86,73,41" hai2="79,26,52,24,133,20,53,130,7,62,54,3,87" hai3="131,93,101,42,108,6,61,60,132,77,135,100,49"/><T27/><D118/><U67/><E73/><V33/><F133/><N who="3" m="51275" /><G108/><T111/><D82/><N who="1" m="47431" /><E39/><V2/><F130/><W30/><G131/><T34/><D34/><U70/><E70/><V9/><F3/><W119/><G119/><T5/><D5/><U16/><E126/><N who="0" m="48169" /><D111/><U129/><E129/><V50/><F33/><W8/><G30/><N who="0" m="17775" /><D23/><N who="1" m="13543" /><E67/><V32/><F32/><W80/><G6/><T40/><D55/><U58/><E58/><V85/><F79/><W114/><G8/><T68/><D68/><U22/><E41/><V97/><F50/><W134/><G134/><T47/><D47/><U117/><E117/><V91/><F62/><W78/><G61/><T72/><D72/><U57/><E57/><V115/><F115/><W4/><G60/><T51/><D36/><U74/><E74/><V66/><F66/><W46/><G4/><T104/><D104/><U0/><E0/><V69/><F69/><W107/><G114/><T96/><D95/><U121/><E121/><AGARI ba="1,1" hai="40,45,51,96,99,120,121,122" m="17775,48169" machi="121" ten="30,5800,0" yaku="18,1,52,2" doraHai="92" who="0" fromWho="1" sc="216,71,294,-61,274,0,206,0" /><INIT seed="4,2,0,3,3,60" ten="287,233,274,206" oya="0" hai0="88,131,39,120,54,13,46,114,37,119,12,41,64" hai1="45,57,115,9,63,118,96,32,99,121,107,6,43" hai2="62,2,17,26,21,122,30,111,124,52,135,23,31" hai3="71,134,48,117,97,22,133,0,27,29,93,11,18"/><T132/><D119/><U83/><E118/><V94/><F122/><W33/><G117/><T38/><D120/><U56/><E32/><V67/><F2/><W44/><G71/><T59/><D131/><U116/><E116/><V42/><F42/><W58/><G58/><T68/><D132/><N who="3" m="50793" /><G0/><T77/><D77/><U24/><E121/><V127/><F135/><W108/><G108/><T3/><D3/><U47/><E115/><V87/><F111/><W51/><G11/><T103/><D103/><U66/><E107/><V109/><F109/><W125/><G44/><T101/><D101/><U69/><E24/><V34/><F52/><W5/><G5/><T50/><D114/><U73/><E47/><V10/><F23/><W79/><G79/><T4/><D4/><U82/><E57/><N who="2" m="37327" /><F34/><W130/><G130/><T75/><D75/><U85/><E69/><V61/><F61/><W86/><G86/><T28/><D28/><U98/><E73/><V105/><F105/><W92/><G125/><N who="2" m="48201" /><F10/><W53/><G53/><T89/><D13/><U55/><E55/><V126/><N who="2" m="48209" /><V84/><DORA hai="110" /><F84/><W81/><G81/><T74/><D12/><U7/><E9/><V72/><F72/><W36/><G36/><N who="0" m="21799" /><D74/><U90/><REACH who="1" step="1"/><E83/><REACH who="1" ten="287,223,274,206" step="2"/><V35/><F35/><W49/><G97/><T100/><D37/><AGARI ba="2,1" hai="6,7,37,43,45,56,63,66,82,85,90,96,98,99" machi="37" ten="40,5200,0" yaku="1,1,2,1,52,1,53,0" doraHai="60,110" doraHaiUra="129,15" who="1" fromWho="0" sc="287,-58,223,68,274,0,206,0" /><INIT seed="5,0,0,5,5,43" ten="229,291,274,206" oya="1" hai0="77,22,78,52,113,107,63,29,58,1,112,33,5" hai1="103,117,19,70,119,51,98,12,73,81,65,91,110" hai2="9,40,69,53,27,36,99,88,38,92,32,109,55" hai3="95,135,80,75,108,66,111,67,16,82,124,116,131"/><U8/><E70/><V133/><F109/><W7/><G7/><T97/><D33/><U11/><E110/><V23/><F32/><W123/><G124/><T6/><D107/><U25/><E65/><V120/><F120/><W37/><G37/><T4/><D97/><U115/><E115/><N who="0" m="44105" /><D1/><U10/><E25/><AGARI ba="0,0" hai="4,5,6,22,25,29,52,58,63,77,78" m="44105" machi="25" ten="30,2000,0" yaku="15,1,54,1" doraHai="43" who="0" fromWho="1" sc="229,20,291,-20,274,0,206,0" /><INIT seed="6,0,0,0,1,126" ten="249,271,274,206" oya="2" hai0="117,73,70,106,108,7,105,76,107,36,77,72,25" hai1="133,43,120,124,38,34,109,45,52,122,49,95,2" hai2="81,33,10,67,4,6,30,41,22,40,82,17,29" hai3="129,57,74,110,28,85,66,3,123,16,11,9,69"/><V118/><F67/><W65/><G123/><N who="1" m="47146" /><E2/><V132/><F132/><W61/><G74/><N who="0" m="28779" /><D25/><U8/><E34/><V53/><F118/><W100/><G110/><T119/><D7/><N who="2" m="2602" /><F53/><W83/><G28/><N who="2" m="10857" /><F10/><N who="3" m="3595" /><G3/><T26/><D26/><U13/><E124/><V88/><F33/><W48/><G69/><T47/><D70/><U113/><E133/><V71/><F71/><W64/><G100/><T68/><D68/><U46/><E109/><V75/><F75/><W125/><G125/><T99/><D108/><U24/><E24/><N who="2" m="14415" /><F88/><N who="3" m="51263" /><G48/><T35/><D36/><U98/><E8/><V1/><F1/><W19/><G129/><T0/><D0/><U18/><E18/><AGARI ba="0,0" hai="16,18,19,57,61,64,65,66" m="51263,3595" machi="18" ten="30,3900,0" yaku="8,1,54,2" doraHai="126" who="3" fromWho="1" sc="249,0,271,-39,274,0,206,39" /><INIT seed="7,0,0,1,1,29" ten="249,232,274,245" oya="3" hai0="74,20,18,14,49,115,73,95,33,58,133,78,71" hai1="41,19,107,82,84,134,27,98,102,28,32,67,2" hai2="1,130,24,96,9,53,40,114,127,52,75,25,116" hai3="81,26,66,64,61,45,23,100,22,109,48,43,119"/><W7/><G119/><T111/><D71/><U16/><E2/><V97/><F75/><W103/><G109/><T50/><D111/><U42/><E134/><V85/><F116/><W135/><G135/><T83/><D133/><U46/><E67/><N who="3" m="25642" /><G61/><T17/><D33/><U6/><E6/><V38/><F38/><W5/><G81/><T121/><D121/><U86/><E86/><V80/><F40/><W124/><G124/><T120/><D120/><U128/><E128/><V62/><F114/><W92/><G23/><T31/><D31/><U54/><E54/><N who="2" m="21099" /><F1/><W21/><G21/><T101/><D74/><U59/><E59/><V117/><F117/><W105/><G105/><T30/><D58/><U44/><E44/><V69/><F69/><W76/><G76/><T15/><D30/><U129/><E129/><V57/><F9/><W106/><G106/><T88/><D115/><U104/><E104/><V77/><F127/><W37/><G37/><T35/><D35/><U65/><E65/><N who="2" m="39119" /><F130/><W47/><G47/><T79/><D79/><U12/><E46/><V131/><F131/><W60/><G60/><T126/><D126/><U39/><E39/><V132/><F132/><W72/><G72/><T110/><D110/><U4/><E4/><N who="3" m="1610" /><G92/><T3/><D3/><U113/><E113/><V123/><F123/><W68/><G68/><T122/><D122/><U89/><REACH who="1" step="1"/><E19/><AGARI ba="0,0" hai="19,22,26,43,45,48,100,103" m="1610,25642" machi="19" ten="30,1500,0" yaku="8,1" doraHai="29" who="3" fromWho="1" sc="249,0,232,-15,274,0,245,15" /><INIT seed="7,1,0,2,0,123" ten="249,217,274,260" oya="3" hai0="60,26,24,121,105,2,81,29,39,53,66,107,30" hai1="78,91,38,72,95,3,99,0,50,104,125,120,128" hai2="117,31,124,92,45,12,56,48,35,9,67,15,118" hai3="16,71,116,100,57,59,84,46,44,33,1,49,106"/><W76/><G71/><T108/><D121/><U8/><E120/><V20/><F124/><W70/><G70/><T130/><D130/><U51/><E38/><V133/><F133/><W88/><G33/><T97/><D53/><U55/><E125/><V131/><F131/><W34/><G34/><T132/><D132/><U18/><E128/><V13/><F35/><W86/><G1/><T52/><D2/><U6/><E3/><V14/><F92/><N who="3" m="54295" /><G106/><T32/><D39/><U98/><E18/><V110/><F110/><W83/><G100/><T93/><D81/><U61/><E72/><V134/><F134/><W79/><G116/><T37/><D37/><U90/><E78/><V75/><F75/><W27/><G79/><T40/><D66/><U4/><E4/><V69/><F69/><W119/><G119/><T42/><D105/><U22/><E22/><V102/><F102/><W82/><G82/><T112/><D107/><U63/><E51/><V115/><F115/><W7/><G7/><T113/><D108/><U23/><E23/><V85/><F20/><N who="3" m="13703" /><G46/><T65/><D26/><U109/><E109/><V17/><F45/><W74/><G74/><T87/><D29/><U19/><E19/><V11/><F31/><W80/><G80/><T101/><D113/><U77/><E77/><V111/><F17/><W96/><G96/><T47/><D112/><U114/><E114/><V89/><F111/><W62/><G62/><T36/><D36/><U54/><E104/><V28/><F118/><W58/><G44/><T64/><D47/><N who="1" m="27999" /><E55/><AGARI ba="1,0" hai="49,55,57,58,59,76,83,84" m="13703,54295" machi="55" ten="30,5800,0" yaku="8,1,54,2" doraHai="123" who="3" fromWho="1" sc="249,0,217,-61,274,0,260,61" owari="249,-15.1,156,-34.4,274,7.4,321,42.1" /></mjloggm>