<mjloggm ver="2.3"><GO type="169" lobby="0"/><UN n0="%E9%AD%9A%E8%B0%B7%E4%BE%91%E7%BE%8E" n1="%E5%A4%A7%E4%BB%81%E7%94%B0%E8%96%84" n2="%E3%81%A8%E3%82%93%E3%81%A8%E3%82%8D%E3%81%98" n3="%79%6D%6C%73%67%61%6D%65" dan="17,17,17,16" rate="2162.30,2184.02,2234.59,2146.58" sx="M,M,F,F"/><TAIKYOKU oya="0"/><INIT seed="0,0,0,1,3,91" ten="250,250,250,250" oya="0" hai0="61,85,108,3,103,55,73,68,99,29,10,131,27" hai1="77,72,79,69,109,84,50,59,124,7,15,112,132" hai2="128,30,22,113,110,88,34,92,32,95,36,106,43" hai3="74,76,48,122,31,114,82,90,54,120,44,71,107"/><T25/><D73/><U125/><E69/><V111/><F113/><W127/><G114/><T86/><D131/><U100/><E72/><V75/><F75/><W67/><G107/><T19/><D108/><N who="2" m="41514" /><F106/><W118/><G118/><T115/><D115/><U23/><E112/><V14/><F128/><W94/><G127/><T37/><D37/><U62/><E132/><V126/><F126/><W70/><G31/><T80/><D3/><U104/><E50/><V11/><F22/><W47/><G47/><T89/><D85/><U78/><E109/><V60/><F60/><W65/><G71/><T40/><D40/><U20/><E84/><N who="2" m="52231" /><F30/><W24/><G24/><T119/><D119/><U102/><E104/><V13/><F95/><W28/><G28/><T46/><D29/><U45/><E20/><V21/><F21/><W26/><G26/><T12/><D68/><U17/><E125/><V81/><F81/><W5/><G5/><T39/><D39/><U9/><E124/><V38/><F14/><W6/><G6/><T98/><D61/><U105/><E105/><V53/><F53/><W18/><G18/><T83/><D83/><U117/><E117/><V57/><F57/><W8/><G8/><T58/><D58/><U134/><E134/><V133/><F133/><W135/><G135/><T33/><D33/><N who="2" m="12906" /><F43/><W49/><G70/><T121/><D55/><N who="1" m="34175" /><E45/><V1/><F1/><W66/><REACH who="3" step="1"/><G49/><REACH who="3" ten="250,250,250,240" step="2"/><T129/><D46/><U130/><E130/><V93/><F93/><W96/><AGARI ba="0,1" hai="44,48,54,65,66,67,74,76,82,90,94,96,120,122" machi="96" ten="30,7900,0" yaku="1,1,2,1,0,1,52,1,53,0" doraHai="91" doraHaiUra="4" who="3" fromWho="3" sc="250,-39,250,-20,250,-20,240,89" /><INIT seed="1,0,0,0,2,65" ten="211,230,230,329" oya="1" hai0="7,110,100,107,122,76,57,119,8,42,120,62,64" hai1="135,63,10,25,41,77,39,90,53,50,86,59,130" hai2="47,82,58,123,60,12,117,79,101,32,91,1,17" hai3="69,81,38,33,111,132,93,96,75,94,24,37,126"/><U71/><E130/><V52/><F117/><W104/><G111/><T11/><D119/><U134/><E77/><V88/><F123/><N who="0" m="47146" /><D110/><U133/><E10/><N who="0" m="3625" /><D42/><U4/><E4/><V49/><F32/><W40/><G132/><T108/><D108/><U9/><E9/><N who="2" m="6287" /><F1/><W27/><G126/><T102/><D107/><U28/><E39/><V125/><F125/><W51/><G104/><T97/><D97/><U44/><E71/><V26/><F26/><W116/><G116/><T15/><D15/><U34/><REACH who="1" step="1"/><E134/><REACH who="1" ten="211,220,230,329" step="2"/><V23/><F101/><N who="0" m="39018" /><D76/><U6/><E6/><AGARI ba="0,1" hai="6,7,57,62,64" m="39018,3625,47146" machi="6" ten="30,1000,0" yaku="13,1" doraHai="65" who="0" fromWho="1" sc="211,20,220,-10,230,0,329,0" /><INIT seed="2,0,0,2,2,50" ten="231,210,230,329" oya="2" hai0="112,134,95,103,119,59,68,125,10,5,114,36,107" hai1="65,0,25,32,126,83,96,24,104,27,102,54,9" hai2="98,77,21,100,29,57,1,38,92,58,56,88,39" hai3="8,34,80,81,46,66,129,2,64,70,72,75,90"/><V79/><F1/><W127/><G34/><T33/><D59/><U11/><E126/><V106/><F29/><W6/><G127/><T45/><D95/><U52/><E32/><V87/><REACH who="2" step="1"/><F21/><REACH who="2" ten="231,210,220,329" step="2"/><W89/><G2/><T30/><D30/><U12/><E0/><V69/><F69/><W93/><G70/><T44/><D68/><U3/><E65/><V116/><F116/><W85/><G66/><T118/><D33/><U115/><E115/><V18/><F18/><W108/><G64/><T117/><D125/><U122/><E122/><V135/><F135/><W53/><G6/><T47/><D134/><U62/><E3/><V14/><F14/><W4/><G4/><T22/><D22/><U40/><E9/><V26/><F26/><W49/><G8/><T131/><D10/><U113/><E113/><N who="0" m="43625" /><D5/><U73/><E11/><V82/><F82/><W105/><G80/><T19/><D19/><U41/><E12/><V43/><F43/><W124/><G124/><T31/><D31/><U84/><E73/><V61/><F61/><W13/><G13/><T133/><D133/><U101/><E62/><V121/><F121/><W20/><G20/><T67/><D67/><U28/><E28/><V86/><F86/><W76/><G72/><T74/><D74/><U97/><E41/><V94/><F94/><W91/><G93/><T51/><D119/><U60/><E40/><V16/><F16/><W48/><G75/><T71/><D118/><U37/><E60/><V120/><F120/><W130/><G85/><T23/><D117/><U55/><E25/><V15/><F15/><RYUUKYOKU ba="0,1" sc="231,-10,210,-10,220,30,329,-10" hai2="38,39,56,57,58,77,79,87,88,92,98,100,106" /><INIT seed="2,1,1,3,2,76" ten="221,200,250,319" oya="2" hai0="71,16,37,87,27,80,81,99,131,60,42,9,43" hai1="83,34,51,126,70,28,119,89,40,103,38,47,69" hai2="82,117,121,72,33,120,49,53,96,15,25,3,125" hai3="58,93,122,36,26,12,94,123,77,95,17,30,10"/><V90/><F117/><W11/><G36/><T133/><D133/><U8/><E119/><V52/><F3/><W88/><G77/><T32/><D131/><U104/><E126/><V78/><F125/><W74/><G74/><T56/><D71/><U1/><E51/><V106/><F15/><W114/><G114/><T111/><D111/><U5/><E89/><V19/><F53/><W100/><G100/><T4/><D99/><N who="1" m="61567" /><E83/><N who="0" m="31817" /><D32/><U110/><E110/><V64/><F64/><W129/><G129/><T128/><D37/><U86/><E86/><V112/><F112/><W66/><G10/><T45/><D87/><U39/><E39/><V59/><F106/><W54/><G66/><N who="0" m="39175" /><D128/><U50/><E50/><V116/><F116/><W57/><G57/><T46/><D4/><U62/><E62/><V7/><F7/><W55/><G55/><T22/><D9/><U130/><E130/><V109/><F109/><W31/><G123/><T107/><D107/><U113/><E113/><V91/><F33/><W13/><G122/><T98/><D98/><U68/><E68/><V108/><F108/><W6/><G6/><T29/><D16/><U41/><E41/><AGARI ba="1,1" hai="22,27,29,41,42,43,45,46" m="39175,31817" machi="41" ten="30,7700,0" yaku="8,1,52,3" doraHai="76" who="0" fromWho="1" sc="221,90,200,-80,250,0,319,0" /><INIT seed="3,0,0,3,2,34" ten="311,120,250,319" oya="3" hai0="55,31,120,88,37,95,84,61,40,48,131,114,81" hai1="126,128,54,116,20,66,8,58,112,30,5,15,125" hai2="53,101,41,117,9,110,82,18,92,43,97,133,24" hai3="78,25,38,100,56,103,28,22,32,102,0,45,2"/><W35/><G78/><T89/><D120/><U39/><E39/><V77/><F117/><W46/><G56/><T115/><D131/><U3/><E66/><V76/><F110/><W67/><G67/><T134/><D134/><U122/><E122/><V11/><F133/><W57/><G57/><T42/><D61/><U36/><E36/><V86/><F76/><W118/><G118/><T59/><D31/><U27/><E116/><V80/><F80/><W49/><G38/><T17/><D17/><U26/><E112/><N who="0" m="43049" /><D37/><U62/><E128/><V60/><F60/><W73/><G73/><T70/><D70/><U105/><E105/><V129/><F53/><W127/><G127/><T52/><D55/><U121/><E121/><V10/><REACH who="2" step="1"/><F129/><REACH who="2" ten="311,120,240,319" step="2"/><W44/><REACH who="3" step="1"/><G49/><REACH who="3" ten="311,120,240,309" step="2"/><T90/><D90/><U7/><E126/><V113/><F113/><W13/><G13/><T79/><D89/><U21/><E125/><V130/><F130/><W85/><G85/><AGARI ba="0,2" hai="40,42,48,52,59,79,81,84,85,88,95" m="43049" machi="85" ten="30,3900,0" yaku="11,1,54,2" doraHai="34" who="0" fromWho="3" sc="311,59,120,0,240,0,309,-39" /><INIT seed="4,0,0,1,5,36" ten="370,120,240,270" oya="0" hai0="27,123,31,132,61,45,60,29,40,114,72,6,47" hai1="134,10,99,113,82,2,124,125,37,34,131,17,83" hai2="104,41,26,11,59,43,77,13,56,19,63,57,126" hai3="33,98,87,24,95,81,4,100,12,3,92,103,101"/><T121/><D72/><U51/><E37/><V133/><F126/><W52/><G3/><T80/><D6/><U39/><E39/><V16/><F133/><W65/><G65/><T106/><D106/><U32/><E99/><V112/><F112/><W122/><G122/><T93/><D93/><U64/><E64/><V97/><F77/><W75/><G75/><T74/><D74/><U35/><E134/><V9/><F63/><W116/><G116/><T23/><D132/><U62/><E62/><V49/><F49/><W110/><G110/><T119/><D23/><U42/><E131/><V28/><F104/><W79/><G95/><T73/><D73/><U70/><E70/><V109/><F97/><W96/><G96/><T14/><D14/><N who="1" m="7383" /><E2/><V108/><F19/><W120/><G120/><T71/><D119/><U107/><E107/><V102/><F9/><W67/><G67/><T7/><D7/><U55/><E55/><V58/><N who="2" m="14336" /><DORA hai="84" /><V68/><F68/><W89/><G52/><T111/><D71/><U38/><E38/><V20/><REACH who="2" step="1"/><F102/><REACH who="2" ten="370,120,230,270" step="2"/><W18/><G100/><T86/><D61/><U0/><E113/><V130/><F130/><W25/><G4/><T54/><D114/><U8/><E8/><V118/><F118/><W94/><G103/><T5/><D60/><U66/><E66/><V46/><F46/><W129/><G129/><T76/><D47/><N who="1" m="26103" /><E0/><V85/><F85/><N who="3" m="52271" /><G33/><T115/><D115/><U117/><E117/><V21/><F21/><AGARI ba="0,1" hai="12,18,21,24,25,79,81,87,94,98,101" m="52271" machi="21" ten="30,2000,0" yaku="8,1,52,1" doraHai="36,84" who="3" fromWho="2" sc="370,0,120,0,230,-20,270,30" /><INIT seed="5,0,0,0,0,117" ten="370,120,210,300" oya="1" hai0="59,109,51,62,131,43,39,79,40,112,30,11,104" hai1="83,93,41,45,15,106,78,98,86,52,84,49,123" hai2="16,89,20,27,7,96,31,3,19,48,17,101,134" hai3="80,124,133,99,50,36,120,130,42,100,122,87,97"/><U121/><E106/><V22/><F134/><W9/><G36/><T94/><D109/><U73/><E73/><V46/><F3/><W68/><G133/><T47/><D104/><U103/><E84/><V107/><F89/><W4/><G68/><T5/><D112/><U0/><E0/><V56/><F56/><W34/><G34/><T37/><D131/><U70/><E70/><V75/><F7/><W44/><G130/><T135/><D40/><U2/><E2/><V115/><F75/><W71/><G71/><T116/><D116/><U21/><REACH who="1" step="1"/><E41/><REACH who="1" ten="370,110,210,300" step="2"/><V114/><REACH who="2" step="1"/><F22/><REACH who="2" ten="370,110,200,300" step="2"/><W125/><G125/><T119/><D135/><U92/><E92/><V102/><F102/><W58/><G124/><T18/><D94/><U111/><E111/><V127/><F127/><W85/><G100/><T126/><D126/><U24/><E24/><V10/><F10/><W54/><G9/><T61/><D11/><U13/><E13/><V91/><F91/><W25/><G25/><T67/><D119/><U65/><E65/><V8/><F8/><W72/><G72/><T66/><D66/><U82/><E82/><V74/><F74/><W35/><G80/><T76/><D67/><U113/><E113/><V12/><F12/><W105/><G122/><T77/><D5/><U129/><E129/><V128/><F128/><W118/><G120/><T33/><D76/><U95/><E95/><V6/><F6/><W132/><G4/><T63/><D77/><U57/><E57/><V88/><F88/><W28/><G132/><T53/><D79/><U90/><E90/><V69/><F69/><RYUUKYOKU ba="0,2" sc="370,-15,110,15,200,15,300,-15" hai1="15,21,45,49,52,78,83,86,93,98,103,121,123" hai2="16,17,19,20,27,31,46,48,96,101,107,114,115" /><INIT seed="5,1,2,1,2,129" ten="355,125,215,285" oya="1" hai0="80,84,6,47,37,67,117,111,35,36,97,28,104" hai1="93,90,115,23,2,41,109,123,10,32,12,68,96" hai2="3,119,39,75,95,85,42,132,43,118,15,135,38" hai3="58,116,70,24,133,9,31,11,50,127,78,34,20"/><U44/><E32/><V69/><F75/><W40/><G70/><T59/><D111/><U1/><E123/><V26/><F3/><W60/><G127/><T19/><D117/><N who="2" m="44554" /><F15/><W99/><G78/><T62/><D6/><U53/><E109/><V88/><F69/><W29/><G116/><T114/><D114/><U51/><E115/><V79/><F79/><W113/><G113/><T16/><D28/><U92/><E68/><V98/><F26/><W124/><G124/><T94/><D104/><U100/><E23/><V126/><F98/><W30/><G34/><T64/><D64/><U76/><E76/><V110/><F110/><W25/><G25/><T108/><D35/><U101/><E41/><N who="2" m="15371" /><F126/><W49/><G99/><T72/><D72/><U125/><E125/><V121/><F121/><W81/><G40/><T112/><D112/><U77/><E77/><V102/><F102/><W48/><G81/><T56/><D80/><U8/><E101/><V63/><F63/><W17/><REACH who="3" step="1"/><G133/><AGARI ba="1,2" hai="38,39,85,88,95,132,133,135" m="15371,44554" machi="133" ten="30,8000,1" yaku="20,1,52,3,54,1" doraHai="129" who="2" fromWho="3" sc="355,0,125,0,215,103,285,-83" /><INIT seed="6,0,0,1,0,72" ten="355,125,318,202" oya="2" hai0="91,1,14,84,80,37,62,26,95,122,6,16,53" hai1="63,113,125,117,67,101,133,2,45,87,82,96,106" hai2="119,48,60,18,24,78,51,23,17,118,7,115,69" hai3="65,123,36,81,105,108,40,121,110,54,94,58,22"/><V52/><F115/><W75/><G105/><T128/><D37/><U31/><E113/><V11/><F18/><W89/><G65/><T34/><D122/><U77/><E125/><V46/><F78/><W5/><G5/><T76/><D128/><U132/><E2/><V99/><F99/><W98/><G40/><T70/><D1/><U134/><E45/><V8/><F8/><W44/><G44/><T57/><D70/><U68/><REACH who="1" step="1"/><E31/><REACH who="1" ten="355,115,318,202" step="2"/><V127/><F127/><W92/><G121/><T4/><D34/><U30/><E30/><V27/><F119/><AGARI ba="0,1" hai="63,67,68,77,82,87,96,101,106,117,119,132,133,134" machi="119" ten="40,5200,0" yaku="1,1,20,1,52,1,53,0" doraHai="72" doraHaiUra="88" who="1" fromWho="2" sc="355,0,115,62,318,-52,202,0" /><INIT seed="7,0,0,5,5,56" ten="355,177,266,202" oya="3" hai0="122,79,66,2,50,61,22,96,70,133,125,9,57" hai1="90,40,33,39,110,84,43,10,37,103,29,0,8" hai2="21,82,36,87,19,51,89,92,11,17,72,28,16" hai3="3,15,105,108,132,129,93,109,45,53,116,127,121"/><W94/><G121/><T102/><D122/><U77/><E110/><N who="3" m="42602" /><G116/><T41/><D79/><U59/><E77/><N who="2" m="46543" /><F36/><W98/><G3/><T23/><D125/><U131/><E103/><V71/><F71/><W6/><G127/><T20/><D133/><U128/><E29/><V124/><F72/><W80/><G132/><T99/><D102/><U31/><E31/><V25/><F51/><N who="3" m="28911" /><G129/><N who="1" m="49738" /><E33/><V111/><F124/><W104/><G80/><T24/><D24/><U78/><E78/><V46/><F46/><W88/><G94/><T7/><REACH who="0" step="1"/><D41/><REACH who="0" ten="345,177,266,202" step="2"/><N who="1" m="15947" /><E0/><V4/><F111/><W106/><G15/><T75/><D75/><U81/><E59/><V117/><F25/><W64/><G6/><T67/><D67/><AGARI ba="0,1" hai="64,67,88,93,98,104,105,106" m="28911,42602" machi="67" ten="40,3900,0" yaku="10,1,54,1" doraHai="56" who="3" fromWho="0" sc="345,-39,177,0,266,0,202,49" /><INIT seed="7,1,0,2,0,101" ten="306,177,266,251" oya="3" hai0="133,38,52,59,8,91,34,61,45,106,12,17,105" hai1="3,68,112,9,1,70,7,104,102,132,24,53,110" hai2="30,66,6,4,49,48,84,19,5,62,97,23,21" hai3="119,47,10,121,125,44,130,14,93,100,33,103,37"/><W72/><G121/><T117/><D117/><U25/><E110/><V31/><F84/><W26/><G119/><T87/><D34/><U80/><E132/><V118/><F118/><W86/><G72/><T65/><D133/><U85/><E112/><V20/><F19/><W55/><G130/><T51/><D38/><U82/><E1/><V64/><F97/><W96/><G125/><T58/><D58/><U83/><E85/><V134/><F134/><W50/><G33/><T15/><D15/><U42/><E42/><V27/><F27/><W46/><G26/><T73/><D73/><U89/><E89/><V39/><F39/><W36/><G36/><T98/><D98/><U28/><E25/><V116/><F116/><W90/><G37/><T67/><D67/><N who="2" m="25642" /><F62/><W111/><G111/><T16/><D17/><U29/><E53/><V40/><F40/><W127/><G127/><T95/><AGARI ba="1,0" hai="8,12,16,45,51,52,59,61,65,87,91,95,105,106" machi="95" ten="20,12000,2" yaku="0,1,7,1,52,2,54,2" doraHai="101" who="0" fromWho="0" sc="306,123,177,-31,266,-31,251,-61" owari="429,52.9,146,-35.4,235,3.5,190,-21.0" /></mjloggm>