<mjloggm ver="2.3"><GO type="169" lobby="0"/><UN n0="%E6%99%82%E8%A8%88%E5%9D%82%E9%9B%B6" n1="%E3%82%B0%E3%83%AA%E3%83%B3" n2="%E5%B2%A9%E4%B8%8A%E9%80%9A%E3%82%8A" n3="%E6%9C%88%E5%A4%9C%E3%81%AB%E9%A2%A8" dan="16,16,16,16" rate="2151.15,2176.07,2113.37,2064.80" sx="M,M,M,M"/><TAIKYOKU oya="0"/><INIT seed="0,0,0,2,0,38" ten="250,250,250,250" oya="0" hai0="25,70,6,88,22,30,40,133,92,100,90,89,71" hai1="33,28,53,84,134,14,73,7,131,27,130,45,11" hai2="118,99,72,120,111,69,41,94,105,117,87,13,76" hai3="50,106,47,77,44,129,128,104,93,48,122,52,9"/><T67/><D133/><U35/><E73/><V3/><F69/><W66/><G122/><T83/><D83/><U75/><E75/><V125/><F3/><W80/><G66/><T135/><D135/><U91/><E134/><V116/><F13/><W51/><G93/><T58/><D6/><U42/><E53/><V127/><F41/><N who="3" m="24591" /><G9/><T39/><D58/><U15/><E14/><V0/><F0/><W46/><G80/><T2/><D2/><U95/><REACH who="1" step="1"/><E33/><REACH who="1" ten="250,240,250,250" step="2"/><V68/><F120/><W16/><G129/><T82/><D67/><U107/><E107/><V123/><F123/><W12/><G106/><T8/><D8/><U1/><E1/><V21/><F72/><W81/><G104/><T115/><D115/><U110/><E110/><V26/><F105/><W31/><G128/><T24/><D24/><U101/><E101/><N who="2" m="60663" /><F111/><W61/><G61/><T23/><D23/><U121/><E121/><V109/><F109/><W49/><G46/><T64/><D64/><U4/><E4/><V78/><F21/><N who="3" m="11399" /><G31/><T126/><D30/><U65/><E65/><V74/><F74/><W62/><G62/><T132/><D132/><U29/><E29/><V97/><F26/><W18/><G18/><T63/><D63/><U98/><E98/><V34/><F34/><W32/><G32/><T113/><D113/><U112/><E112/><V19/><F19/><W108/><G108/><T20/><D25/><U55/><E55/><V36/><F97/><W37/><G37/><AGARI ba="0,1" hai="7,11,15,27,28,35,37,42,45,84,91,95,130,131" machi="37" ten="40,2600,0" yaku="1,1,52,1,53,0" doraHai="38" doraHaiUra="60" who="1" fromWho="3" sc="250,0,240,36,250,0,250,-26" /><INIT seed="1,0,0,5,5,109" ten="250,276,250,224" oya="1" hai0="74,65,44,10,110,17,7,50,134,132,26,94,46" hai1="87,28,39,129,19,128,61,36,60,108,41,113,116" hai2="45,83,31,126,106,15,51,59,20,121,119,57,123" hai3="120,8,64,89,52,117,9,30,0,102,112,91,85"/><U81/><E116/><V5/><F106/><W56/><G120/><T25/><D74/><U24/><E19/><V13/><F119/><W124/><G117/><T63/><D110/><U69/><E108/><V93/><F126/><W100/><G124/><T82/><D82/><U66/><E113/><V47/><F83/><W97/><G112/><T71/><D94/><U40/><E61/><V98/><F5/><W3/><G64/><T105/><D105/><U73/><E73/><V58/><F121/><W2/><G30/><T101/><D101/><U23/><E41/><V130/><F130/><N who="1" m="50281" /><E40/><N who="2" m="24999" /><F47/><N who="0" m="17962" /><D17/><U55/><E55/><V27/><F123/><W38/><G38/><T12/><D50/><U16/><E28/><V104/><F104/><W53/><G0/><T1/><D1/><U86/><E86/><V49/><F49/><W96/><G85/><T90/><D90/><AGARI ba="0,0" hai="16,23,24,36,39,60,66,69,81,87,90" m="50281" machi="90" ten="30,2900,0" yaku="19,1,54,1" doraHai="109" who="1" fromWho="0" sc="250,-29,276,29,250,0,224,0" /><AGARI ba="0,0" hai="13,15,20,27,31,57,58,59,90,93,98" m="24999" machi="90" ten="30,1000,0" yaku="8,1" doraHai="109" who="2" fromWho="0" sc="221,-10,305,0,250,10,224,0" /><INIT seed="1,1,0,0,0,73" ten="211,305,260,224" oya="1" hai0="3,66,124,35,126,127,54,51,52,135,106,112,44" hai1="60,115,93,94,101,97,49,4,91,5,43,40,31" hai2="61,16,28,81,12,71,69,74,57,14,6,92,24" hai3="105,70,55,59,33,32,99,53,83,98,30,130,78"/><U37/><E115/><V134/><F134/><W88/><G70/><T75/><D35/><U36/><E31/><V87/><F74/><W39/><G39/><T104/><D3/><U77/><E37/><V0/><F14/><W38/><G38/><T7/><D7/><U50/><E36/><V132/><F92/><W76/><G105/><T111/><D75/><U109/><E109/><V45/><F45/><W96/><G130/><T15/><D15/><U18/><E60/><V133/><F132/><W13/><G33/><T125/><N who="0" m="31744" /><DORA hai="9" /><T108/><D135/><U85/><E77/><N who="3" m="29802" /><G32/><T47/><D112/><U58/><E18/><V41/><F41/><N who="1" m="15945" /><E50/><V121/><F121/><W113/><G113/><T25/><D25/><U107/><E107/><N who="0" m="41001" /><D66/><U10/><E10/><N who="2" m="4183" /><F0/><W122/><G122/><T123/><D123/><U26/><E26/><V131/><F71/><W68/><G68/><T22/><D22/><U120/><E120/><V128/><F69/><W89/><G30/><T102/><D102/><U62/><E49/><AGARI ba="1,0" hai="44,47,49,51,52,54,108,111" m="41001,31744" machi="49" ten="60,3900,0" yaku="18,1,54,1" doraHai="73,9" who="0" fromWho="1" sc="211,42,305,-42,260,0,224,0" /><INIT seed="2,0,0,1,5,77" ten="253,263,260,224" oya="2" hai0="6,56,134,82,116,39,60,115,32,103,48,18,91" hai1="58,100,129,110,63,61,17,93,104,119,31,33,71" hai2="67,41,98,26,126,10,35,124,96,19,107,131,16" hai3="118,111,64,80,84,76,50,72,3,105,75,34,108"/><V28/><F41/><W125/><G34/><T7/><D39/><U117/><E110/><N who="3" m="42026" /><G3/><T8/><D32/><U101/><E129/><V127/><F131/><W27/><G118/><T74/><D115/><U38/><E38/><V90/><F10/><W97/><G64/><T85/><D134/><U40/><E40/><V130/><F130/><W15/><G27/><T69/><D116/><U37/><E37/><V4/><F4/><W13/><G50/><T20/><D103/><U62/><E71/><V29/><F29/><W65/><G65/><T95/><D69/><U43/><E43/><V59/><F90/><W21/><G125/><T87/><D74/><N who="3" m="28201" /><G21/><T54/><D60/><U83/><E62/><N who="2" m="38367" /><F107/><W99/><G105/><T88/><D8/><U52/><E104/><V128/><F128/><W132/><G132/><T68/><D68/><U9/><E61/><V114/><F114/><W123/><G123/><T1/><D1/><U112/><E112/><V106/><F106/><W66/><G66/><T73/><D73/><U2/><E2/><V25/><F19/><W53/><G53/><T47/><D47/><U36/><E17/><V12/><F12/><AGARI ba="0,0" hai="12,13,15,76,80,84,97,99" m="28201,42026" machi="12" ten="30,2000,0" yaku="14,1,52,1" doraHai="77" who="3" fromWho="2" sc="253,0,263,0,260,-20,224,20" /><AGARI ba="0,0" hai="6,7,12,18,20,48,54,56,82,85,87,88,91,95" machi="12" ten="30,12000,2" yaku="7,1,25,2,8,1,52,1,54,1" doraHai="77" who="0" fromWho="2" sc="253,120,263,0,240,-120,244,0" /><INIT seed="3,0,0,4,3,129" ten="373,263,120,244" oya="3" hai0="97,58,87,16,52,56,89,65,91,111,38,53,101" hai1="47,126,8,15,22,55,85,57,115,94,98,35,134" hai2="114,2,124,41,113,6,73,31,37,70,9,46,5" hai3="4,78,133,32,7,117,120,72,121,60,1,95,76"/><W39/><G117/><T116/><D38/><U66/><E115/><V110/><F110/><W80/><G32/><T118/><D65/><U59/><E35/><V43/><F124/><W13/><G39/><T96/><D111/><U112/><E112/><V75/><F41/><W74/><G13/><T71/><D71/><U28/><E126/><V12/><F6/><W23/><G23/><T100/><D87/><U83/><E134/><V77/><F73/><W48/><G48/><T25/><D25/><U24/><E66/><V81/><F12/><W40/><G40/><T54/><D54/><U29/><E28/><V49/><F49/><W26/><G26/><T107/><D107/><U20/><E22/><V93/><F93/><W119/><G95/><T105/><D105/><U79/><E47/><V44/><F44/><W106/><G106/><T123/><D123/><U27/><E27/><V128/><F128/><W90/><G90/><T68/><D68/><U135/><E135/><V67/><REACH who="2" step="1"/><F31/><REACH who="2" ten="373,263,110,244" step="2"/><W102/><G4/><T21/><D116/><U34/><E34/><V51/><F51/><W45/><G7/><T88/><D118/><U108/><E108/><V82/><F82/><W86/><G80/><T69/><D96/><U0/><E0/><V131/><F131/><W122/><G1/><T10/><D97/><U17/><REACH who="1" step="1"/><E55/><REACH who="1" ten="373,253,110,244" step="2"/><V92/><F92/><W18/><G120/><T50/><D53/><U36/><E36/><V132/><F132/><W99/><G133/><T109/><D52/><U14/><E14/><V11/><F11/><W125/><G121/><T103/><D109/><RYUUKYOKU ba="0,2" sc="373,-15,253,15,110,15,244,-15" hai1="8,15,17,20,24,29,57,59,79,83,85,94,98" hai2="2,5,9,37,43,46,67,70,75,77,81,113,114" /><INIT seed="4,1,2,4,3,102" ten="358,268,125,229" oya="0" hai0="53,130,3,23,107,9,86,134,52,42,108,121,117" hai1="113,116,5,25,120,1,28,10,22,105,133,67,7" hai2="17,51,14,48,106,13,80,92,60,70,19,43,8" hai3="61,40,98,78,69,99,62,112,71,135,68,89,16"/><T15/><D117/><U12/><E67/><V6/><F6/><W109/><G109/><T20/><D121/><U81/><E116/><V119/><F119/><W103/><G112/><T4/><D130/><U104/><E120/><V41/><F92/><W66/><G78/><T115/><D134/><U122/><E122/><V30/><F30/><W38/><G135/><T49/><D115/><U24/><E113/><V35/><F35/><W90/><G40/><T94/><D107/><U132/><E133/><V74/><F74/><W84/><G38/><T129/><D129/><U101/><E132/><V97/><F80/><W59/><G103/><T27/><D3/><U76/><E101/><V73/><F73/><W33/><G33/><T111/><D23/><U26/><E26/><V34/><F34/><W72/><G72/><T95/><D108/><U114/><E114/><V127/><F60/><W93/><G90/><N who="0" m="53591" /><D95/><U57/><E57/><V32/><F32/><W50/><G50/><T131/><D131/><U36/><E36/><V54/><F70/><W100/><G99/><T11/><D11/><U18/><E25/><V63/><F63/><W0/><G0/><T88/><D88/><U2/><E1/><V85/><F85/><W21/><G62/><T126/><D111/><U123/><E123/><V65/><F97/><W44/><G44/><N who="0" m="25751" /><D126/><U46/><E46/><V110/><F127/><W47/><G47/><T83/><D83/><U45/><E45/><V64/><F110/><W124/><G124/><T87/><D87/><N who="1" m="48551" /><E2/><V91/><F8/><W125/><G125/><T96/><D96/><RYUUKYOKU ba="1,2" sc="358,15,268,15,125,-15,229,-15" hai0="4,9,15,20,27,52,53" hai1="5,7,10,12,18,22,24,28,104,105" /><INIT seed="4,2,2,5,0,73" ten="373,283,110,214" oya="0" hai0="88,102,33,83,129,85,25,114,10,9,59,68,99" hai1="101,105,126,113,32,41,77,82,98,118,37,90,51" hai2="22,94,58,0,15,127,120,128,96,80,28,19,6" hai3="61,124,103,14,3,91,39,48,63,92,66,57,56"/><T109/><D68/><U53/><E118/><V62/><F120/><W112/><G3/><T26/><D114/><U34/><E113/><V131/><F127/><W52/><G112/><T130/><D59/><U107/><E105/><V20/><F0/><W31/><G39/><T23/><D33/><U24/><E41/><V104/><F6/><W60/><G124/><T86/><D26/><U134/><E37/><V55/><F104/><W46/><G103/><T84/><D9/><U81/><E134/><V38/><F38/><W89/><G31/><T69/><D10/><U54/><E54/><V117/><F117/><W67/><G14/><T106/><D69/><U2/><E2/><V76/><F22/><W43/><G92/><T45/><D45/><U35/><E90/><V125/><F28/><W65/><G65/><T71/><D71/><AGARI ba="2,2" hai="43,46,48,52,56,57,60,61,63,66,67,71,89,91" machi="71" ten="30,2000,0" yaku="7,1,54,1" doraHai="73" who="3" fromWho="0" sc="373,-26,283,0,110,0,214,46" /><INIT seed="5,0,0,1,0,10" ten="347,283,110,260" oya="1" hai0="58,12,4,44,107,72,2,100,11,101,28,90,55" hai1="62,77,128,3,96,45,93,21,53,79,99,42,22" hai2="63,68,25,121,124,14,61,83,76,20,109,95,9" hai3="97,26,98,114,87,65,74,84,69,32,0,117,129"/><U108/><E128/><V54/><F109/><W71/><G129/><T17/><D107/><U66/><E3/><V75/><F124/><W43/><G114/><T103/><D72/><U56/><E108/><V30/><F121/><W49/><G74/><T5/><D2/><U82/><E66/><V33/><F68/><W102/><G0/><T70/><D70/><U112/><E112/><V16/><F95/><W27/><G117/><T59/><D28/><U24/><E22/><V52/><F63/><W115/><G115/><T1/><D90/><U127/><E127/><V111/><F111/><W7/><G7/><N who="0" m="2635" /><D1/><U92/><E93/><V118/><F118/><W133/><G133/><T86/><D86/><U85/><E79/><V47/><F61/><W8/><G8/><T13/><D13/><U37/><REACH who="1" step="1"/><E92/><REACH who="1" ten="347,273,110,260" step="2"/><V67/><F67/><W78/><G78/><T51/><AGARI ba="0,1" hai="11,12,17,44,51,55,58,59,100,101,103" m="2635" machi="51" ten="30,2000,0" yaku="8,1,52,1" doraHai="10" who="0" fromWho="0" sc="347,30,273,-10,110,-5,260,-5" /><INIT seed="6,0,0,1,1,77" ten="377,263,105,255" oya="2" hai0="34,21,118,116,106,97,78,31,30,109,33,66,15" hai1="96,52,111,56,80,135,60,107,82,123,62,89,57" hai2="5,55,20,132,45,98,49,48,124,83,113,120,9" hai3="86,115,43,101,108,70,92,69,12,65,68,91,93"/><V32/><F32/><N who="0" m="12394" /><D66/><U28/><E111/><V90/><F120/><W14/><G108/><T122/><D78/><U87/><E123/><V126/><F113/><W67/><G43/><T24/><D97/><U95/><E135/><V47/><F132/><W102/><G115/><T7/><D106/><U3/><E3/><V13/><F20/><W71/><G71/><T129/><D109/><U50/><E28/><V17/><F5/><W51/><G51/><T76/><D76/><U88/><E107/><V10/><F10/><W11/><G12/><T2/><D122/><U29/><E29/><V59/><F98/><W8/><G11/><N who="0" m="2551" /><D129/><U44/><E82/><V36/><F36/><W133/><G93/><T25/><D15/><U72/><E72/><V54/><F59/><AGARI ba="0,0" hai="44,50,52,56,57,59,60,62,80,87,88,89,95,96" machi="59" ten="40,8000,1" yaku="8,1,52,1,54,2" doraHai="77" who="1" fromWho="2" sc="377,0,263,80,105,-80,255,0" /><INIT seed="7,0,0,1,3,79" ten="377,343,25,255" oya="3" hai0="122,112,134,74,110,124,31,93,94,92,106,50,38" hai1="40,25,90,91,109,96,133,43,47,130,80,75,88" hai2="129,42,135,41,53,37,3,63,67,61,107,81,87" hai3="54,15,69,26,102,28,101,27,14,119,17,36,71"/><W65/><G36/><T125/><D38/><U66/><E109/><V132/><F107/><W45/><G119/><T39/><D39/><U62/><E130/><V18/><F37/><W83/><G45/><T11/><D110/><U85/><E133/><V5/><F129/><W57/><G65/><T64/><D122/><U44/><E75/><V59/><F18/><W58/><G17/><T70/><D134/><U20/><E96/><V35/><F5/><W55/><G28/><T22/><D74/><U127/><E127/><N who="0" m="48713" /><D106/><U12/><E12/><V1/><F35/><W123/><G123/><T108/><D108/><U98/><E98/><V95/><F95/><W126/><G126/><T21/><D112/><U118/><E118/><V30/><F30/><W68/><G71/><T99/><D99/><U111/><E111/><V60/><F60/><W121/><G121/><T24/><D50/><N who="1" m="26887" /><E62/><V52/><F87/><W104/><G104/><T100/><D100/><U78/><E66/><V19/><F19/><W23/><G23/><N who="0" m="15775" /><D11/><U6/><E6/><V2/><F2/><W29/><G29/><T0/><D0/><U9/><E9/><V105/><F105/><W128/><G128/><T34/><D34/><U46/><E43/><V56/><REACH who="2" step="1"/><F67/><REACH who="2" ten="377,343,15,255" step="2"/><W51/><G51/><T73/><D73/><U77/><E25/><V116/><F116/><W76/><G76/><N who="1" m="29290" /><E20/><V33/><F33/><W103/><G103/><T72/><D72/><U120/><E120/><V115/><F115/><W89/><G89/><AGARI ba="0,1" hai="46,47,80,85,88,89,90,91" m="29290,26887" machi="89" ten="30,3900,0" yaku="8,1,52,1,54,1" doraHai="79" who="1" fromWho="3" sc="377,0,343,49,15,0,255,-39" owari="377,17.7,392,49.2,15,-48.5,216,-18.4" /></mjloggm>