<mjloggm ver="2.3"><GO type="169" lobby="0"/><UN n0="%6B%61%74%65%72%69%6E%61" n1="%45%7A%61%6B%69" n2="%E5%A4%A9%E6%89%8D%E9%BA%BB%E5%B0%86%E6%99%BA%E4%B9%83" n3="%35%30%38%30%74%61%6B%61" dan="16,16,16,16" rate="2108.91,2112.18,2132.86,2103.97" sx="M,M,M,M"/><TAIKYOKU oya="0"/><INIT seed="0,0,0,4,3,25" ten="250,250,250,250" oya="0" hai0="84,111,96,9,8,54,50,77,78,60,33,68,100" hai1="86,87,80,23,18,56,14,115,57,79,72,97,134" hai2="118,61,83,7,117,28,67,95,38,82,69,48,75" hai3="119,39,88,120,63,12,43,46,101,52,124,21,126"/><T91/><D33/><U113/><E134/><V17/><F38/><W130/><G119/><N who="2" m="45577" /><F75/><W104/><G130/><T108/><D60/><U131/><E131/><V42/><F17/><W128/><G128/><T70/><D9/><U102/><E113/><V93/><F7/><W10/><G120/><T19/><D19/><U3/><E3/><V1/><F1/><W35/><G35/><T4/><D91/><U99/><E99/><V32/><F48/><W51/><G63/><T122/><D122/><U2/><E2/><V30/><F42/><W81/><G21/><T109/><D96/><U89/><E115/><V11/><F11/><W107/><G101/><T92/><D92/><N who="2" m="35402" /><F32/><W71/><G71/><N who="0" m="27179" /><D84/><U123/><E123/><V121/><F121/><W40/><G40/><T27/><D27/><U116/><E116/><V125/><F125/><N who="3" m="48235" /><G39/><T37/><D37/><U53/><E89/><V133/><F133/><W76/><G43/><T59/><D100/><U135/><E135/><V20/><F20/><W5/><G76/><T36/><D36/><U44/><E44/><V103/><F103/><W45/><G45/><T90/><D90/><U6/><E6/><V15/><F15/><AGARI ba="0,0" hai="4,8,15,50,54,59,77,78,108,109,111" m="27179" machi="15" ten="40,3900,0" yaku="14,1,10,1" doraHai="25" who="0" fromWho="2" sc="250,39,250,0,250,-39,250,0" /><INIT seed="0,1,0,2,4,26" ten="289,250,211,250" oya="0" hai0="66,111,133,125,128,52,37,81,31,115,92,106,96" hai1="16,7,121,42,104,91,2,102,90,110,57,86,131" hai2="95,87,8,135,108,122,70,54,61,127,107,117,100" hai3="119,99,112,5,24,88,73,124,29,76,44,74,103"/><T9/><D115/><U118/><E121/><V130/><F122/><W116/><G112/><T25/><D37/><U39/><E118/><V47/><F117/><W77/><G124/><T129/><D125/><U32/><E110/><V45/><F127/><W22/><G116/><T80/><D106/><U82/><E131/><N who="0" m="50249" /><D66/><U49/><E39/><V48/><F108/><W68/><G119/><T79/><D111/><U19/><E32/><V6/><F107/><W21/><G68/><T71/><D71/><U30/><E91/><V63/><F135/><W23/><G5/><T120/><D120/><U109/><E109/><V18/><F70/><W56/><G44/><T50/><D9/><U72/><E72/><V83/><F47/><W134/><G134/><T14/><D14/><U93/><E104/><V12/><F130/><W113/><G113/><T62/><D62/><U97/><E30/><V20/><F100/><W69/><G69/><T94/><D133/><U36/><E36/><V3/><F95/><N who="0" m="36394" /><D96/><U27/><E27/><V55/><REACH who="2" step="1"/><F54/><REACH who="2" ten="289,250,201,250" step="2"/><W75/><G103/><T64/><D64/><U85/><E102/><V126/><F126/><W35/><G56/><N who="0" m="32791" /><D79/><AGARI ba="1,1" hai="3,6,8,12,18,20,45,48,55,61,63,79,83,87" machi="79" ten="30,3900,0" yaku="1,1,7,1,53,1" doraHai="26" doraHaiUra="15" who="2" fromWho="0" sc="289,-42,250,0,201,52,250,0" /><INIT seed="1,0,0,3,5,71" ten="247,250,253,250" oya="1" hai0="47,37,63,78,107,117,131,48,13,115,40,130,89" hai1="80,60,32,95,102,121,16,101,108,14,26,52,81" hai2="134,99,90,5,41,96,34,112,12,59,77,93,119" hai3="85,88,24,6,17,128,56,70,133,97,69,103,38"/><U25/><E121/><V120/><F119/><W126/><G126/><T3/><D3/><U111/><E32/><V30/><F120/><W29/><G128/><N who="0" m="49195" /><D115/><U44/><E26/><V1/><F1/><W122/><G122/><T68/><D107/><U116/><E25/><V105/><F112/><W109/><G109/><N who="1" m="42058" /><E116/><V51/><F77/><W104/><G133/><T58/><D78/><U86/><E95/><V72/><F72/><W7/><G38/><T73/><D73/><U124/><E124/><V49/><F134/><W64/><G17/><T46/><D89/><N who="1" m="51399" /><E81/><V4/><F34/><W75/><G75/><T87/><D87/><U129/><E129/><V2/><F30/><W45/><G24/><T31/><D31/><U91/><E91/><V27/><F27/><W79/><G79/><T22/><D22/><N who="1" m="11543" /><E60/><V43/><F105/><W62/><G29/><T53/><D117/><U123/><E123/><V33/><F33/><W19/><G88/><T35/><D35/><U21/><E21/><V114/><F114/><W67/><G104/><T100/><D100/><U0/><E0/><V42/><F2/><W132/><G103/><T61/><D13/><U98/><E98/><V20/><F99/><W55/><G97/><T57/><D63/><U8/><E8/><N who="2" m="4103" /><F20/><W83/><G83/><T66/><AGARI ba="0,0" hai="37,40,46,47,48,53,57,58,61,66,68" m="49195" machi="66" ten="30,7900,0" yaku="19,1,34,2,52,1" doraHai="71" who="0" fromWho="0" sc="247,79,250,-39,253,-20,250,-20" /><INIT seed="2,0,0,3,0,99" ten="326,211,233,230" oya="2" hai0="121,28,84,129,82,69,32,63,78,2,40,67,76" hai1="110,72,5,87,37,74,80,29,39,62,65,85,73" hai2="59,133,135,114,0,55,27,93,53,127,90,120,115" hai3="131,68,112,125,70,45,52,48,56,50,4,36,91"/><V24/><F0/><W44/><G4/><T107/><D121/><U123/><E110/><V9/><F120/><W132/><G91/><T97/><D2/><U43/><E123/><V11/><F127/><W3/><G3/><T60/><D129/><U34/><E43/><V104/><F104/><W23/><G23/><T54/><D40/><U122/><E122/><V12/><F12/><W47/><G125/><T15/><D15/><U64/><E5/><V22/><F59/><W42/><G131/><T1/><D1/><U51/><E51/><V111/><F22/><W25/><G25/><N who="0" m="18447" /><D60/><U10/><E10/><V130/><F130/><W117/><G117/><T13/><D54/><U30/><E34/><V57/><F57/><W119/><G119/><T134/><D13/><U92/><E92/><V26/><F111/><W38/><G132/><N who="2" m="50761" /><F9/><W96/><G96/><T95/><D95/><U86/><E80/><V108/><F11/><W128/><G128/><T35/><D35/><U75/><N who="1" m="18432" /><DORA hai="102" /><U21/><E21/><V18/><F18/><W94/><G94/><T81/><D81/><U66/><REACH who="1" step="1"/><E62/><REACH who="1" ten="326,201,233,230" step="2"/><V89/><F108/><W17/><G112/><T20/><D20/><U124/><E124/><V16/><F93/><W77/><G42/><T105/><D134/><U14/><E14/><V71/><F115/><W101/><G50/><T116/><D116/><U83/><E83/><V79/><F114/><W6/><G6/><T103/><D107/><U7/><E7/><V100/><F79/><AGARI ba="0,1" hai="63,67,69,76,78,79,82,84,97,103,105" m="18447" machi="79" ten="30,3900,0" yaku="25,1,52,2" doraHai="99,102" who="0" fromWho="2" sc="326,49,201,0,233,-39,230,0" /><INIT seed="3,0,0,5,0,92" ten="375,201,194,230" oya="3" hai0="60,51,25,116,128,115,107,40,48,3,81,126,94" hai1="11,44,102,24,39,58,105,134,130,74,132,133,97" hai2="27,2,82,53,49,30,55,106,91,89,100,62,71" hai3="10,65,112,69,79,109,68,54,122,16,64,0,121"/><W20/><G112/><T117/><D107/><U110/><E110/><V95/><F2/><W131/><G131/><T124/><D3/><U34/><E130/><V66/><F82/><W32/><G32/><T47/><D128/><U127/><E127/><N who="0" m="48681" /><D81/><U75/><E58/><V113/><F113/><W22/><G109/><T19/><D115/><U96/><E11/><V111/><F111/><W13/><G79/><T103/><D60/><U98/><E75/><V73/><F73/><W42/><G42/><T23/><D51/><U80/><E80/><V67/><F67/><W8/><G54/><T26/><D26/><U45/><E74/><V4/><F4/><W7/><G22/><T77/><D77/><U85/><E85/><V33/><F95/><W28/><G28/><T63/><D63/><U37/><E45/><V59/><F55/><W41/><G41/><T87/><D103/><U50/><E24/><V76/><F76/><W15/><G65/><T120/><D120/><U46/><E34/><V72/><F72/><W17/><REACH who="3" step="1"/><G64/><REACH who="3" ten="375,201,194,220" step="2"/><T108/><D108/><U78/><E78/><V101/><F66/><W84/><G84/><T43/><D43/><N who="1" m="22639" /><E39/><V36/><F36/><W5/><G5/><T57/><D40/><AGARI ba="0,1" hai="40,46,50,96,97,98,102,105,132,133,134" m="22639" machi="40" ten="30,7700,0" yaku="20,1,52,3" doraHai="92" who="1" fromWho="0" sc="375,-77,201,87,194,0,220,0" /><INIT seed="4,0,0,5,2,95" ten="298,288,194,220" oya="0" hai0="117,80,121,36,34,75,31,105,68,10,26,83,124" hai1="110,27,94,66,135,74,21,47,67,103,116,41,23" hai2="12,49,77,4,60,102,118,76,113,100,115,89,9" hai3="48,98,87,53,37,3,129,133,56,127,72,81,2"/><T65/><D117/><U54/><E116/><V11/><F118/><W18/><G37/><T90/><D121/><U46/><E110/><V38/><F38/><W32/><G127/><T97/><D124/><U25/><E135/><V132/><F132/><W106/><G133/><T86/><D36/><U78/><E74/><V126/><F126/><W104/><G129/><T79/><D10/><U99/><E78/><V131/><F131/><W73/><G32/><T51/><D51/><N who="1" m="29047" /><E47/><V29/><F29/><W69/><G69/><T84/><D75/><U114/><E41/><V39/><F39/><W16/><G73/><T20/><D34/><U88/><E103/><V61/><F49/><W59/><G72/><T30/><D65/><N who="1" m="24587" /><E114/><V107/><F89/><W134/><G134/><T19/><D68/><U55/><E55/><V0/><F0/><W7/><G3/><T42/><D42/><U24/><AGARI ba="0,0" hai="21,23,24,25,27,88,94,99" m="24587,29047" machi="24" ten="30,4000,0" yaku="8,1,52,1,54,1" doraHai="95" who="1" fromWho="1" sc="298,-20,288,40,194,-10,220,-10" /><INIT seed="5,0,0,5,0,1" ten="278,328,184,210" oya="1" hai0="93,9,40,84,80,46,117,66,115,100,24,60,43" hai1="87,11,12,35,126,28,22,65,122,89,36,42,44" hai2="62,71,123,108,67,69,73,127,7,55,128,83,27" hai3="99,133,74,33,23,21,8,64,103,111,114,121,49"/><U106/><E122/><V52/><F123/><W3/><G121/><T134/><D117/><U76/><E106/><V72/><F108/><W112/><G111/><T125/><D115/><U78/><E126/><V97/><F127/><W101/><G74/><T4/><D125/><U88/><E35/><V5/><F128/><W54/><G33/><T113/><D113/><N who="3" m="43625" /><G133/><T14/><D134/><U10/><E65/><V119/><F119/><W109/><G109/><T110/><D110/><U0/><E0/><V107/><F27/><W102/><G99/><N who="0" m="59503" /><D24/><U50/><E36/><V30/><F30/><W32/><G32/><T56/><D46/><U130/><E130/><V18/><F18/><W17/><G64/><T61/><D60/><U96/><E96/><V75/><F83/><W68/><G68/><T34/><D34/><U105/><E105/><V53/><REACH who="2" step="1"/><F69/><REACH who="2" ten="278,328,174,210" step="2"/><W91/><G17/><T116/><D116/><U45/><E28/><V98/><F98/><W82/><G82/><T129/><D129/><U51/><E22/><V37/><F37/><W29/><G29/><T104/><D104/><U77/><E11/><V26/><F26/><W58/><G91/><AGARI ba="0,1" hai="4,9,14,40,43,56,61,66,80,84,91" m="59503" machi="91" ten="30,2000,0" yaku="8,1,52,1" doraHai="1" who="0" fromWho="3" sc="278,30,328,0,174,0,210,-20" /><INIT seed="6,0,0,4,0,85" ten="308,328,174,190" oya="2" hai0="41,60,20,99,42,26,69,30,94,125,91,110,93" hai1="109,8,124,0,79,89,5,113,61,51,48,68,100" hai2="46,35,135,36,80,13,50,59,3,45,55,107,10" hai3="73,9,24,62,18,43,116,83,54,78,25,58,29"/><V77/><F107/><W121/><G121/><T56/><D110/><U117/><E109/><V11/><F35/><W17/><G116/><T90/><D69/><U40/><E117/><V128/><F128/><W49/><G9/><T52/><D125/><U74/><E124/><V65/><F135/><W88/><G43/><T38/><D38/><U105/><E113/><V123/><F123/><W131/><G131/><T15/><D15/><U39/><E89/><V130/><F130/><W72/><G72/><T81/><D81/><N who="1" m="45303" /><E100/><V84/><F3/><W111/><G111/><T31/><D31/><U6/><E6/><V27/><F27/><W126/><G126/><T132/><D132/><U33/><E33/><V14/><F36/><W112/><G112/><T16/><D30/><U96/><E96/><AGARI ba="0,0" hai="16,20,26,41,42,52,56,60,90,91,93,94,96,99" machi="96" ten="30,16000,3" yaku="7,1,9,1,25,2,8,1,52,2,54,2" doraHai="85" who="0" fromWho="1" sc="308,160,328,-160,174,0,190,0" /><INIT seed="7,0,0,1,3,105" ten="468,168,174,190" oya="3" hai0="120,109,60,67,115,64,127,108,49,117,87,106,123" hai1="132,3,91,10,113,76,131,61,34,11,16,46,12" hai2="21,103,95,41,96,32,125,47,50,93,35,107,24" hai3="116,110,13,22,88,104,4,135,70,1,26,30,99"/><W63/><G116/><T54/><D106/><U8/><E113/><V59/><F125/><W17/><G135/><T9/><D9/><U51/><E132/><V122/><F122/><N who="0" m="46634" /><D87/><U128/><E76/><V89/><F59/><W36/><G88/><T111/><D117/><U40/><E34/><V130/><F130/><N who="1" m="49705" /><E91/><V62/><F62/><W15/><G70/><T19/><D19/><U81/><E81/><V39/><F39/><W18/><G26/><T129/><D129/><U6/><E61/><V0/><F0/><W66/><G66/><T80/><D80/><U83/><E83/><V42/><F42/><W73/><G18/><T45/><D127/><U25/><E3/><V133/><F133/><W82/><G17/><T44/><D115/><U75/><E75/><V100/><F100/><W121/><G73/><T48/><D60/><U85/><E85/><V118/><F118/><W92/><G36/><T37/><D37/><U84/><E84/><V112/><F112/><W68/><G68/><T7/><D7/><U77/><E77/><V94/><REACH who="2" step="1"/><F89/><REACH who="2" ten="468,168,164,190" step="2"/><W86/><G63/><T119/><D119/><U69/><E69/><V114/><F114/><W126/><G126/><T98/><D98/><U33/><E33/><V65/><F65/><W43/><G99/><T124/><D124/><U79/><E79/><V71/><F71/><W97/><G43/><AGARI ba="0,1" hai="43,44,45,48,49,54,64,67,108,109,111" m="46634" machi="43" ten="40,2600,0" yaku="34,2" doraHai="105" who="0" fromWho="3" sc="468,36,168,0,164,0,190,-26" owari="504,60.4,168,-3.2,164,-23.6,164,-33.6" /></mjloggm>