<mjloggm ver="2.3"><GO type="169" lobby="0"/><UN n0="%32%38%39%30%30" n1="%E3%81%B5%E3%81%8B" n2="%E4%B8%8B%E7%B4%9A%E5%9B%BD%E6%B0%91" n3="%71%75%65%79%69%6D%65%6E" dan="16,17,16,16" rate="2047.68,2234.68,2123.24,2119.37" sx="M,M,M,M"/><TAIKYOKU oya="0"/><INIT seed="0,0,0,3,3,29" ten="250,250,250,250" oya="0" hai0="129,32,117,72,134,80,46,18,49,87,0,22,123" hai1="21,10,118,33,42,107,66,96,74,44,37,39,23" hai2="101,98,38,73,54,82,58,9,78,115,11,131,111" hai3="20,57,28,50,112,75,67,127,108,89,125,30,60"/><T4/><D123/><U94/><E118/><V56/><F115/><W86/><G75/><T126/><D117/><U68/><E74/><V41/><F111/><W34/><G34/><T83/><D134/><U48/><E10/><V59/><F131/><W116/><G116/><T110/><D129/><U109/><E109/><V5/><F41/><W1/><G1/><T55/><D110/><U47/><E107/><V106/><F38/><W99/><G99/><T97/><D126/><N who="3" m="48137" /><G112/><T27/><D4/><U81/><E81/><V14/><REACH who="2" step="1"/><F11/><REACH who="2" ten="250,250,240,250" step="2"/><W119/><G119/><T53/><D72/><U100/><E39/><V52/><AGARI ba="0,1" hai="5,9,14,52,54,56,58,59,73,78,82,98,101,106" machi="52" ten="30,7900,0" yaku="1,1,2,1,0,1,54,1,53,0" doraHai="29" doraHaiUra="130" who="2" fromWho="2" sc="250,-39,250,-20,240,89,250,-20" /><INIT seed="1,0,0,1,0,118" ten="211,230,329,230" oya="1" hai0="90,94,132,19,0,129,1,98,112,32,33,12,61" hai1="69,47,77,45,48,60,130,36,65,89,74,53,27" hai2="67,25,107,16,15,104,71,42,43,29,116,14,3" hai3="101,44,125,84,58,128,93,100,41,99,115,31,2"/><U85/><E130/><V110/><F3/><W119/><G2/><T120/><D112/><U102/><E102/><V79/><F116/><W88/><G119/><T111/><D129/><U75/><E77/><V86/><F14/><W50/><G128/><T66/><D111/><U117/><E117/><V122/><F67/><W40/><G125/><T114/><D114/><U51/><E27/><V4/><F71/><W52/><G115/><T113/><D113/><U124/><E36/><V6/><F107/><W97/><G31/><T23/><D132/><U18/><E18/><V20/><F104/><W59/><G41/><N who="2" m="15369" /><F122/><W78/><G78/><T95/><D0/><U21/><E21/><N who="2" m="11423" /><F110/><W63/><G59/><T68/><D1/><U131/><E124/><V8/><F8/><W105/><G105/><T96/><REACH who="0" step="1"/><D120/><REACH who="0" ten="201,230,329,230" step="2"/><U49/><E131/><V83/><AGARI ba="0,1" hai="4,6,20,25,29,79,83,86" m="11423,15369" machi="83" ten="30,2000,0" yaku="8,1,54,1" doraHai="118" who="2" fromWho="2" sc="201,-5,230,-10,329,30,230,-5" /><INIT seed="2,0,0,4,2,98" ten="196,220,359,225" oya="2" hai0="41,34,48,54,40,69,103,17,20,114,133,45,8" hai1="38,118,123,73,15,64,83,60,86,68,119,37,82" hai2="2,99,3,117,94,32,72,130,61,50,74,30,58" hai3="120,101,107,26,76,46,21,90,4,25,44,78,85"/><V110/><F117/><W18/><G120/><T113/><D34/><U66/><E123/><V24/><F130/><W104/><G104/><T115/><D103/><U27/><E15/><V11/><F110/><W62/><G4/><T65/><D8/><U6/><E6/><V35/><F35/><W10/><G10/><T132/><D17/><U1/><E1/><V9/><F50/><W80/><G107/><T127/><D127/><U0/><E0/><V59/><F59/><W105/><G105/><T56/><D20/><U88/><E66/><V36/><F36/><W23/><G62/><N who="0" m="40119" /><D40/><U19/><E118/><V47/><F3/><W31/><G101/><T49/><AGARI ba="0,0" hai="41,45,48,49,54,56,113,114,115,132,133" m="40119" machi="49" ten="40,2700,0" yaku="34,2" doraHai="98" who="0" fromWho="0" sc="196,27,220,-7,359,-13,225,-7" /><INIT seed="3,0,0,1,1,45" ten="223,213,346,218" oya="3" hai0="22,78,2,74,52,70,119,103,17,72,8,10,131" hai1="129,107,68,115,121,130,23,100,13,7,35,27,48" hai2="39,43,127,108,55,105,50,106,64,34,110,109,36" hai3="16,134,24,31,86,126,62,92,81,19,4,89,14"/><W95/><G126/><T1/><D70/><U9/><E68/><V93/><F34/><W102/><G134/><T41/><D41/><U58/><E121/><V6/><F127/><W20/><G4/><T75/><D119/><U11/><E115/><V125/><F125/><W38/><G38/><N who="2" m="14377" /><F43/><W54/><G102/><T26/><D78/><U133/><E133/><V94/><F64/><W128/><G128/><N who="1" m="49258" /><E35/><V25/><F25/><W83/><G95/><N who="2" m="36361" /><F6/><W5/><G5/><T29/><D103/><U73/><E73/><V122/><F122/><W91/><G91/><T116/><D116/><U47/><E58/><AGARI ba="0,0" hai="50,55,58,105,106,108,109,110" m="36361,14377" machi="58" ten="40,2600,0" yaku="14,1,52,1" doraHai="45" who="2" fromWho="1" sc="223,0,213,-26,346,26,218,0" /><INIT seed="4,0,0,5,0,52" ten="223,187,372,218" oya="0" hai0="18,121,2,19,70,45,103,56,133,74,28,119,106" hai1="46,96,12,116,57,129,0,60,112,54,58,10,50" hai2="72,4,48,59,120,100,127,41,107,122,128,8,24" hai3="32,78,130,51,37,126,134,88,123,105,109,113,66"/><T17/><D121/><U69/><E116/><V43/><F72/><W44/><RYUUKYOKU type="yao9" ba="0,0" sc="223,0,187,0,372,0,218,0" hai3="32,37,44,51,66,78,88,105,109,113,123,126,130,134" /><INIT seed="4,1,0,0,2,21" ten="223,187,372,218" oya="0" hai0="93,114,131,117,72,36,108,99,43,65,58,86,56" hai1="112,78,20,25,70,7,101,105,6,42,85,54,73" hai2="63,124,88,87,116,79,118,127,76,52,40,41,17" hai3="82,109,47,49,24,12,94,75,39,18,35,60,89"/><T51/><D72/><U1/><E70/><V50/><F63/><W129/><G109/><T92/><D117/><N who="2" m="45162" /><F17/><W31/><G129/><T110/><D131/><U115/><E73/><V106/><F106/><W67/><G39/><T111/><D114/><N who="1" m="43563" /><E42/><N who="2" m="16491" /><F76/><W8/><G82/><T77/><D36/><U128/><E1/><V133/><F79/><W95/><G75/><T68/><D68/><U28/><E54/><V97/><F97/><W23/><G89/><N who="0" m="53303" /><D77/><U10/><E10/><V30/><F30/><W55/><REACH who="3" step="1"/><G35/><REACH who="3" ten="223,187,372,208" step="2"/><T126/><D108/><U134/><E128/><V120/><F133/><W57/><AGARI ba="1,1" hai="8,12,18,23,24,31,47,49,55,57,60,67,94,95" machi="57" ten="20,12000,2" yaku="1,1,2,1,0,1,7,1,8,1,52,1,53,1" doraHai="21" doraHaiUra="16" who="3" fromWho="3" sc="223,-61,187,-31,372,-31,208,133" /><INIT seed="5,0,0,1,4,44" ten="162,156,341,341" oya="1" hai0="56,83,5,22,47,62,57,108,82,122,2,91,39" hai1="7,38,19,130,1,6,9,85,88,13,18,69,99" hai2="104,133,120,72,16,119,114,10,46,87,52,59,42" hai3="135,12,36,121,107,93,32,71,92,115,126,66,53"/><U112/><E69/><V124/><F72/><W33/><G12/><T31/><D108/><U65/><E65/><V40/><F104/><W128/><G53/><T116/><D116/><U67/><E67/><V21/><F120/><W60/><G66/><T113/><D122/><U17/><E112/><V123/><F119/><W80/><G60/><T109/><D109/><U103/><E130/><V96/><F133/><W3/><G80/><T102/><D102/><U37/><E7/><V11/><F124/><W30/><G30/><T8/><D62/><U28/><E28/><V73/><F73/><W43/><G93/><T84/><D82/><U74/><E74/><V125/><F125/><W68/><G92/><T86/><D86/><U34/><E34/><V23/><F96/><W81/><G81/><T70/><D70/><U79/><E79/><V131/><F131/><W101/><G43/><T75/><D75/><U129/><E129/><V25/><F114/><W117/><G33/><T63/><D63/><U64/><E64/><V26/><F87/><W98/><G71/><T29/><D113/><U48/><E48/><N who="2" m="26695" /><F42/><W94/><G115/><T89/><D89/><U54/><E54/><V78/><F78/><W61/><G68/><T0/><D0/><U50/><E50/><N who="2" m="31127" /><F123/><W20/><G121/><T24/><D29/><AGARI ba="0,0" hai="10,11,16,21,23,25,26,29" m="31127,26695" machi="29" ten="30,8000,1" yaku="8,1,52,2,54,2" doraHai="44" who="2" fromWho="0" sc="162,-80,156,0,341,80,341,0" /><INIT seed="6,0,0,4,3,61" ten="82,156,421,341" oya="2" hai0="55,13,41,89,74,2,47,85,88,10,122,21,115" hai1="124,58,82,110,118,62,49,33,29,90,71,57,14" hai2="53,123,78,52,69,131,132,19,96,76,5,44,84" hai3="105,66,121,59,126,112,18,86,134,79,130,37,95"/><V39/><F123/><W92/><G121/><T70/><D122/><U67/><E110/><V1/><F69/><W28/><G105/><T102/><D74/><U87/><E118/><V125/><F5/><W6/><G37/><T3/><D115/><U93/><E124/><V23/><F1/><W0/><G0/><T97/><D70/><U15/><E71/><V24/><F132/><W91/><G6/><T72/><D72/><U120/><E120/><V43/><F131/><W133/><G28/><T111/><D111/><U68/><E68/><V42/><F42/><W63/><G126/><T17/><D17/><U45/><E57/><V25/><F25/><W65/><G79/><T119/><D119/><U20/><E33/><V135/><F135/><N who="3" m="51723" /><G112/><T35/><D35/><U129/><E129/><V100/><F78/><W77/><G77/><T27/><D2/><U81/><E29/><V98/><F125/><W109/><G130/><T101/><D3/><U7/><E7/><V54/><F100/><W106/><G106/><T51/><D41/><N who="1" m="24751" /><E20/><V30/><F30/><W60/><G18/><N who="0" m="8503" /><D97/><U116/><E116/><V46/><F98/><W104/><G104/><T83/><D89/><U107/><E107/><V73/><F96/><W103/><G109/><T34/><D34/><U117/><E117/><V113/><F73/><W75/><G75/><T8/><D8/><U50/><E90/><V36/><F113/><W38/><G103/><T114/><D114/><U32/><E32/><V12/><F39/><W64/><G38/><T56/><D56/><U48/><E58/><V26/><F76/><RYUUKYOKU ba="0,0" sc="82,30,156,-10,421,-10,341,-10" hai0="21,27,47,51,55,83,85,88,101,102" /><INIT seed="7,1,0,2,5,61" ten="112,146,411,331" oya="3" hai0="54,24,57,120,113,111,45,86,44,56,37,91,28" hai1="21,34,0,102,81,1,106,53,109,80,92,131,60" hai2="69,135,4,38,88,132,58,73,5,51,39,116,105" hai3="117,32,100,78,123,17,27,84,8,50,6,101,18"/><W30/><G123/><T99/><D120/><U23/><E109/><V55/><F69/><W25/><G117/><T35/><D111/><U47/><E34/><V16/><F73/><W36/><G36/><T48/><D113/><U42/><E106/><V49/><F105/><W22/><G18/><T87/><D37/><U115/><E115/><V121/><F116/><W97/><G97/><T82/><D99/><N who="1" m="59751" /><E1/><V125/><F125/><W93/><G50/><T10/><D44/><U67/><E0/><V26/><F121/><W12/><REACH who="3" step="1"/><G78/><REACH who="3" ten="112,146,411,321" step="2"/><T96/><D96/><U63/><E131/><V114/><F51/><W134/><G134/><N who="2" m="51241" /><F114/><W40/><G40/><T90/><REACH who="0" step="1"/><D10/><REACH who="0" ten="102,146,411,321" step="2"/><U124/><E124/><V62/><F39/><W7/><G7/><T71/><D71/><U76/><E42/><V110/><F38/><W77/><G77/><T70/><D70/><U104/><E76/><V65/><F49/><W19/><G19/><T130/><D130/><U68/><E68/><V129/><F129/><W89/><AGARI ba="1,2" hai="6,8,12,17,22,25,27,30,32,84,89,93,100,101" machi="89" ten="30,3000,0" yaku="1,1,0,1,53,0" doraHai="61" doraHaiUra="119" who="3" fromWho="3" sc="102,-11,146,-11,411,-11,321,53" /><INIT seed="7,2,0,1,1,58" ten="91,135,400,374" oya="3" hai0="62,117,76,51,11,40,4,125,98,80,118,100,123" hai1="49,97,24,2,28,111,126,47,55,83,91,130,15" hai2="67,107,50,52,25,42,110,7,73,132,66,127,12" hai3="89,71,9,36,112,57,39,6,131,22,29,68,96"/><W26/><G112/><T72/><D123/><U75/><E111/><V87/><F73/><W109/><G109/><T102/><D125/><U133/><E2/><V56/><F107/><W21/><G131/><T48/><D102/><U113/><E113/><V38/><F110/><W120/><G120/><T106/><D48/><U0/><E0/><V19/><F132/><W53/><G39/><T43/><D43/><U45/><E126/><V34/><F42/><W61/><G36/><T121/><D121/><U20/><E130/><V46/><F38/><W93/><G22/><T84/><D72/><U8/><E133/><V41/><F127/><W64/><G64/><T70/><D51/><U13/><E75/><V10/><F87/><W65/><G65/><N who="2" m="24585" /><F34/><W108/><REACH who="3" step="1"/><G108/><REACH who="3" ten="91,135,400,364" step="2"/><T69/><D40/><U128/><E128/><V114/><F114/><W92/><G92/><T14/><REACH who="0" step="1"/><D62/><REACH who="0" ten="81,135,400,364" step="2"/><U122/><E122/><V60/><F60/><W31/><G31/><T103/><D103/><U85/><E28/><V63/><F63/><W5/><G5/><T135/><D135/><U129/><E129/><V44/><F41/><W74/><G74/><T90/><D90/><U77/><E91/><V86/><F86/><W95/><G95/><T99/><D99/><U101/><E97/><V54/><F54/><W32/><G32/><T17/><D17/><U81/><E55/><V59/><F44/><W94/><G94/><T88/><D88/><U115/><E47/><V27/><F7/><W105/><G105/><T78/><D78/><U23/><E45/><V119/><F119/><W124/><G124/><RYUUKYOKU ba="2,2" sc="81,10,135,-30,400,10,364,10" hai0="4,11,14,69,70,76,80,84,98,100,106,117,118" hai2="10,12,19,25,27,46,50,52,56,59" hai3="6,9,21,26,29,53,57,61,68,71,89,93,96" /><INIT seed="7,3,2,0,3,114" ten="91,105,410,374" oya="3" hai0="2,70,120,43,14,45,32,10,37,7,116,31,3" hai1="59,91,28,127,109,78,42,39,4,50,131,99,82" hai2="130,126,111,110,36,88,83,60,90,79,102,108,105" hai3="95,107,55,75,100,58,6,26,11,51,84,69,5"/><W71/><G75/><T68/><D116/><U101/><E109/><V35/><F35/><W38/><G38/><T57/><D57/><U113/><E113/><V40/><F60/><W54/><G107/><T92/><D92/><N who="1" m="58599" /><E39/><V112/><F40/><W66/><G66/><T86/><D86/><N who="1" m="48471" /><E131/><V53/><F130/><W103/><G71/><T62/><D120/><U73/><E73/><V25/><F36/><W48/><G69/><T125/><D70/><U106/><E106/><V118/><F112/><W23/><G11/><T94/><D94/><U74/><E74/><V49/><F105/><W87/><G5/><T0/><D125/><U19/><E127/><V13/><F126/><W41/><G41/><T85/><D85/><N who="3" m="32841" /><G95/><T77/><D77/><U122/><E122/><V63/><F79/><W134/><G6/><T67/><D14/><U124/><E4/><V72/><F72/><W34/><G34/><T64/><D64/><U47/><E124/><V46/><F83/><W30/><G134/><T52/><D52/><N who="1" m="32151" /><E91/><V22/><F110/><W123/><G123/><T81/><D81/><U104/><E104/><V17/><F111/><W65/><G65/><T121/><D121/><U97/><E97/><V29/><F108/><W98/><G98/><T129/><D129/><U135/><E135/><V16/><F22/><W80/><G80/><T56/><D56/><AGARI ba="3,2" hai="23,26,30,48,51,54,55,56,58,100,103" m="32841" machi="56" ten="30,1500,0" yaku="8,1" doraHai="114" who="3" fromWho="0" sc="91,-24,105,0,410,0,374,44" owari="67,-43.3,105,-29.5,410,21.0,418,51.8" /></mjloggm>