<mjloggm ver="2.3"><GO type="169" lobby="0"/><UN n0="%E3%81%9B%E3%81%A9%E3%81%AA%E3%82%8A%E3%81%82%E3%82%93" n1="%64%65%62" n2="%E3%81%97%E3%82%82%E3%82%93%E3%81%AC" n3="%E3%81%A8%E3%82%8D%E3%82%8D%E3%81%9D%E3%81%B0" dan="17,16,17,17" rate="2197.71,2059.33,2164.45,2260.71" sx="F,M,M,M"/><TAIKYOKU oya="0"/><INIT seed="0,0,0,4,1,120" ten="250,250,250,250" oya="0" hai0="19,79,2,64,24,45,21,6,81,103,18,122,114" hai1="35,130,60,116,32,115,11,8,26,48,118,7,93" hai2="69,100,88,98,31,50,127,4,22,56,17,40,106" hai3="108,46,36,70,43,30,41,34,133,15,112,72,38"/><T80/><D114/><U124/><E115/><V71/><F127/><W89/><G15/><T101/><D122/><U44/><E124/><V9/><F31/><W73/><G89/><T68/><D68/><U12/><E130/><V105/><F105/><W109/><G112/><T94/><D64/><U29/><E35/><V95/><F40/><W91/><G91/><T107/><D107/><U23/><E60/><V85/><F50/><W49/><G70/><T61/><D61/><U113/><E113/><V65/><F56/><W54/><G133/><T1/><D94/><U128/><E128/><V104/><F104/><W53/><G30/><T134/><D134/><U92/><E32/><V20/><F65/><W111/><G34/><T3/><D6/><U99/><E11/><V132/><F20/><W135/><G135/><T102/><D45/><U121/><E93/><V86/><F86/><W14/><G14/><T67/><D67/><U51/><E51/><V78/><F78/><W33/><G33/><T62/><D62/><U76/><E76/><V58/><F58/><N who="3" m="33071" /><G54/><T55/><D55/><U42/><E121/><V119/><F119/><W123/><G123/><T10/><D79/><U25/><E25/><V66/><F66/><W84/><G84/><T13/><AGARI ba="0,0" hai="1,2,3,10,13,18,19,21,24,80,81,101,102,103" machi="13" ten="40,2100,0" yaku="0,1" doraHai="120" who="0" fromWho="0" sc="250,21,250,-7,250,-7,250,-7" /><INIT seed="0,1,0,3,0,104" ten="271,243,243,243" oya="0" hai0="84,92,94,50,35,1,135,111,117,42,27,64,5" hai1="126,41,48,25,124,56,10,105,12,9,115,18,36" hai2="76,57,132,30,125,14,82,122,72,4,49,116,21" hai3="114,88,45,69,2,110,71,26,55,44,107,15,96"/><T103/><D117/><U8/><E105/><V67/><F122/><W109/><G2/><T86/><D64/><U83/><E36/><V102/><F116/><W119/><G114/><T118/><D118/><U22/><E115/><V16/><F125/><N who="1" m="48233" /><E83/><V24/><F132/><W91/><G119/><T73/><D135/><U80/><E80/><V113/><F113/><W31/><G15/><T6/><D1/><U133/><E133/><V19/><F102/><W130/><G130/><T87/><D111/><U61/><E48/><V100/><F100/><W81/><G107/><T85/><N who="0" m="21504" /><DORA hai="37" /><T34/><D73/><U62/><E41/><V129/><F129/><W38/><G81/><T11/><D11/><N who="1" m="4171" /><E56/><V33/><F4/><AGARI ba="1,0" hai="4,10,12,18,22,25,61,62" m="4171,48233" machi="4" ten="30,1000,0" yaku="18,1" doraHai="104,37" who="1" fromWho="2" sc="271,0,243,13,243,-13,243,0" /><INIT seed="1,0,0,4,5,58" ten="271,256,230,243" oya="1" hai0="99,110,40,28,114,102,37,77,131,101,75,67,80" hai1="29,56,127,79,76,90,16,84,116,105,14,30,128" hai2="134,9,64,17,32,41,121,125,48,8,68,65,4" hai3="57,27,66,55,109,23,133,98,42,106,95,118,89"/><U88/><E116/><V94/><F121/><W62/><G109/><T120/><D114/><U7/><E127/><V104/><F104/><W11/><G133/><T83/><D67/><U31/><E128/><V82/><F134/><W117/><G42/><T24/><D110/><U70/><E70/><V47/><F32/><W18/><G106/><T34/><D131/><U39/><E39/><V73/><F125/><W74/><G74/><T85/><D120/><U96/><E7/><V113/><F113/><W36/><G36/><T35/><D35/><U100/><E56/><V107/><F107/><W78/><G78/><T86/><D75/><U91/><REACH who="1" step="1"/><E84/><REACH who="1" ten="271,246,230,243" step="2"/><V126/><F68/><W53/><REACH who="3" step="1"/><G11/><AGARI ba="0,1" hai="11,14,16,29,30,31,76,79,88,90,91,96,100,105" machi="11" ten="40,12000,1" yaku="1,1,2,1,54,2,53,0" doraHai="58" doraHaiUra="81" who="1" fromWho="3" sc="271,0,246,130,230,0,243,-120" /><INIT seed="1,1,0,1,5,61" ten="271,376,230,123" oya="1" hai0="35,92,111,45,119,66,54,123,65,93,5,22,42" hai1="55,29,102,87,47,109,57,97,122,6,18,82,69" hai2="72,31,10,2,99,132,71,28,100,24,126,96,13" hai3="110,79,124,34,77,127,76,84,95,89,27,1,75"/><U32/><E122/><V86/><F72/><W16/><G1/><T8/><D35/><U83/><E69/><V64/><F126/><N who="3" m="48171" /><G34/><T38/><D119/><U134/><E134/><V20/><F132/><W78/><G27/><T39/><D39/><U115/><E115/><V125/><F125/><W49/><G49/><T117/><D117/><U105/><E109/><V114/><F114/><W51/><G51/><T56/><D111/><U12/><E6/><V118/><F118/><W63/><G63/><T112/><D112/><U59/><E47/><V88/><F2/><W58/><G58/><T36/><D36/><U52/><E29/><V80/><F28/><W48/><G48/><T98/><D123/><U121/><E32/><V53/><F53/><W81/><G16/><T41/><D41/><U130/><E130/><V120/><F120/><W74/><G110/><T108/><D108/><U15/><E121/><V107/><F96/><AGARI ba="1,0" hai="74,75,76,77,78,79,81,84,89,95,96" m="48171" machi="96" ten="30,3900,0" yaku="18,1,34,2" doraHai="61" who="3" fromWho="2" sc="271,0,376,0,230,-42,123,42" /><INIT seed="2,0,0,0,5,112" ten="271,376,188,165" oya="2" hai0="46,53,52,111,23,125,86,99,35,7,51,115,109" hai1="81,65,43,30,95,70,129,107,98,92,117,68,63" hai2="78,135,22,26,45,93,91,33,133,120,72,69,122" hai3="87,13,1,82,104,42,89,121,8,29,101,102,66"/><V64/><F33/><W11/><G121/><T57/><D35/><U5/><E129/><V116/><F64/><W32/><G1/><T126/><D7/><U36/><E30/><V25/><F69/><W131/><G131/><T49/><D86/><U100/><E70/><V17/><F45/><W124/><G8/><T59/><D23/><U55/><E117/><V10/><F26/><W79/><G124/><N who="0" m="47723" /><D99/><U9/><E55/><V34/><F34/><W106/><G106/><T2/><D2/><U21/><E21/><V103/><F103/><W58/><G104/><T38/><D115/><U83/><E43/><AGARI ba="0,0" hai="38,43,46,49,51,52,53,57,59,109,111" m="47723" machi="43" ten="30,7700,0" yaku="18,1,34,2,54,1" doraHai="112" who="0" fromWho="1" sc="271,77,376,-77,188,0,165,0" /><INIT seed="3,0,0,2,4,26" ten="348,299,188,165" oya="3" hai0="119,65,101,116,75,118,125,124,132,24,29,123,131" hai1="104,62,55,42,112,105,45,63,50,6,71,70,106" hai2="22,73,32,82,134,47,135,99,110,0,93,111,27" hai3="23,60,28,100,68,35,117,41,67,80,10,87,13"/><W74/><G117/><T81/><D101/><U31/><E112/><V49/><F0/><W113/><G113/><T130/><D65/><U61/><E6/><V91/><F32/><W19/><G74/><T85/><D75/><U103/><E103/><V33/><F33/><W127/><G127/><N who="0" m="48715" /><D123/><U30/><REACH who="1" step="1"/><E42/><REACH who="1" ten="348,289,188,165" step="2"/><V94/><F110/><W109/><G100/><T92/><D116/><U38/><E38/><V79/><F111/><W86/><G109/><T16/><D118/><U128/><E128/><V7/><F7/><W59/><G41/><T15/><D119/><U98/><E98/><V20/><F134/><W58/><G87/><T40/><D40/><U76/><E76/><V44/><F135/><W11/><G68/><AGARI ba="0,1" hai="30,31,45,50,55,61,62,63,68,70,71,104,105,106" machi="68" ten="50,8000,1" yaku="1,1,52,2,53,2" doraHai="26" doraHaiUra="25" who="1" fromWho="3" sc="348,0,289,90,188,0,165,-80" /><INIT seed="4,0,0,2,4,96" ten="348,379,188,85" oya="0" hai0="66,120,94,121,112,3,73,85,10,88,111,101,110" hai1="71,77,18,98,117,36,58,128,86,54,84,0,51" hai2="31,60,9,37,90,21,22,49,124,97,55,34,17" hai3="118,103,12,67,14,57,47,82,64,109,28,72,43"/><T106/><D66/><U87/><E117/><V7/><F37/><W44/><G109/><N who="0" m="41483" /><D73/><U41/><E71/><V63/><F124/><W11/><G118/><T76/><D76/><U46/><E128/><V2/><F21/><W32/><G47/><T26/><D26/><U29/><E0/><V38/><F38/><W6/><G32/><T114/><D10/><U59/><E29/><V95/><F31/><W131/><G28/><T115/><D3/><U135/><E135/><V91/><F91/><W50/><G131/><T40/><D40/><U75/><E75/><V20/><F20/><W33/><G33/><T126/><D126/><U104/><E77/><V70/><F70/><W30/><G30/><T92/><D106/><U13/><E104/><V23/><F23/><W35/><G35/><T52/><D52/><U81/><E81/><V102/><F90/><W132/><G132/><T42/><D42/><U27/><E27/><V65/><F65/><W130/><G130/><T39/><D39/><U119/><E119/><V89/><F89/><W74/><G74/><T68/><D68/><U113/><E113/><V79/><F79/><W24/><G24/><T134/><D134/><U80/><E80/><V108/><F34/><W16/><G72/><T129/><D129/><U61/><E59/><N who="2" m="33263" /><F108/><W107/><G82/><T4/><D4/><U123/><E36/><V99/><F99/><AGARI ba="0,0" hai="85,88,92,94,99,101,112,114,115,120,121" m="41483" machi="99" ten="40,18000,2" yaku="15,1,10,1,34,2,52,1,54,1" doraHai="96" who="0" fromWho="2" sc="348,180,379,0,188,-180,85,0" /><INIT seed="4,1,0,1,4,110" ten="528,379,8,85" oya="0" hai0="86,46,6,129,96,111,65,109,45,44,89,26,100" hai1="106,5,27,16,61,62,108,130,67,91,48,64,29" hai2="75,60,4,93,97,9,79,38,74,33,128,131,37" hai3="35,123,66,40,121,126,57,1,3,125,7,88,122"/><T25/><D129/><N who="2" m="49738" /><F33/><W85/><G35/><T127/><D127/><N who="3" m="48649" /><G40/><T70/><D6/><U98/><E130/><V87/><F60/><N who="3" m="38159" /><G7/><T76/><D76/><U0/><E108/><N who="0" m="41545" /><D65/><U39/><E39/><N who="2" m="14859" /><F87/><W11/><G11/><T41/><D70/><U21/><E48/><V50/><F50/><W34/><G34/><T84/><D41/><U68/><E5/><V15/><F79/><W135/><G135/><T92/><D84/><U71/><E0/><V90/><AGARI ba="1,0" hai="4,9,15,74,75,90,93,97" m="14859,49738" machi="90" ten="30,1100,0" yaku="19,1" doraHai="110" who="2" fromWho="2" sc="528,-6,379,-4,8,14,85,-4" /><INIT seed="5,0,0,0,0,12" ten="522,375,22,81" oya="1" hai0="102,91,82,57,77,39,100,90,28,68,134,76,14" hai1="72,113,71,133,80,45,29,87,21,15,111,37,0" hai2="9,50,89,92,24,122,127,93,63,31,124,40,44" hai3="85,126,129,33,110,135,97,95,23,66,62,48,86"/><U2/><E113/><V10/><F122/><W19/><G33/><T70/><D39/><U55/><E133/><V56/><F124/><W69/><G110/><T60/><D134/><U30/><E72/><V120/><F127/><W27/><G126/><T103/><D28/><U109/><E71/><V18/><F120/><W35/><G135/><T61/><D14/><U65/><E65/><V104/><F104/><W52/><G35/><T22/><D22/><U51/><E37/><V74/><F74/><W67/><G67/><T81/><D103/><U64/><E64/><V42/><F42/><W114/><G129/><T94/><D94/><U73/><E73/><V13/><F9/><W34/><G34/><T11/><D11/><U131/><E131/><V117/><F117/><W83/><G83/><T123/><D123/><U17/><E29/><V108/><F108/><N who="1" m="41545" /><E30/><V58/><F63/><W107/><G114/><T5/><D5/><U7/><E7/><V84/><REACH who="2" step="1"/><F93/><REACH who="2" ten="522,375,12,81" step="2"/><W132/><G107/><T128/><D128/><U105/><E105/><V88/><F88/><AGARI ba="0,1" hai="0,2,15,17,21,45,51,55,80,87,88" m="41545" machi="88" ten="30,5800,0" yaku="10,1,52,1,54,1" doraHai="12" who="1" fromWho="2" sc="522,0,375,68,12,-58,81,0" owari="522,62.2,443,24.3,-46,-54.6,81,-31.9" /></mjloggm>