<mjloggm ver="2.3"><GO type="169" lobby="0"/><UN n0="%E5%A7%9C" n1="%6F%6C%69%76%65%72" n2="%E7%8F%BE%E5%A0%B4%E3%81%AD%E3%81%93" n3="%E3%81%B8%E3%81%9D%E3%81%AA%E3%82%81%E3%81%9F%E3%81%84" dan="16,16,16,16" rate="2149.55,2041.91,2065.08,2151.96" sx="M,M,M,M"/><TAIKYOKU oya="0"/><INIT seed="0,0,0,3,1,103" ten="250,250,250,250" oya="0" hai0="92,53,42,98,95,58,93,49,69,121,52,0,133" hai1="94,63,3,108,125,90,26,102,44,64,117,99,46" hai2="128,104,13,75,41,132,110,4,113,62,82,28,97" hai3="38,91,83,50,55,79,68,124,127,129,84,15,76"/><T11/><D121/><U25/><E117/><V43/><F113/><W8/><G68/><T96/><D133/><U131/><E3/><V86/><F75/><W118/><G38/><T9/><D69/><U109/><E131/><V14/><F28/><W54/><G129/><T77/><D42/><U56/><E125/><N who="3" m="48202" /><G118/><T35/><D35/><U116/><E116/><V37/><F37/><W100/><G100/><T114/><D114/><U120/><E120/><V130/><F62/><W101/><G101/><T23/><D0/><U20/><E25/><V27/><F27/><W1/><G1/><T78/><D23/><U88/><E108/><V123/><F97/><N who="0" m="37482" /><D53/><N who="3" m="19977" /><G50/><T22/><D22/><U73/><E73/><V19/><F123/><W39/><G39/><T66/><D66/><U112/><E109/><V111/><F132/><W122/><G122/><T29/><D29/><N who="1" m="17607" /><E112/><V21/><F21/><W48/><G48/><T34/><D34/><U119/><E119/><V81/><F110/><W80/><G83/><T5/><D5/><AGARI ba="0,0" hai="5,8,15,76,79,80,84,91" m="19977,48202" machi="5" ten="30,1000,0" yaku="18,1" doraHai="103" who="3" fromWho="0" sc="250,-10,250,0,250,0,250,10" /><INIT seed="1,0,0,1,5,22" ten="240,250,250,260" oya="1" hai0="70,23,10,36,127,24,75,25,96,38,102,66,63" hai1="58,42,33,90,51,82,81,78,65,62,134,68,5" hai2="118,34,108,105,18,44,0,97,135,131,32,128,88" hai3="107,67,110,40,49,77,53,16,30,8,106,45,76"/><U72/><E134/><V2/><F118/><W52/><G30/><T83/><D127/><U101/><E33/><N who="2" m="12907" /><F105/><W114/><G67/><T13/><D75/><U29/><E101/><V50/><F135/><W3/><G3/><T9/><D83/><U73/><E29/><V122/><F18/><W91/><G114/><T20/><D9/><U125/><E125/><V95/><F122/><W60/><G110/><T27/><D38/><U17/><E5/><V47/><F47/><W119/><G119/><T130/><D36/><U61/><E17/><V69/><F69/><W92/><G106/><T55/><D55/><U123/><E123/><V111/><F2/><W132/><G107/><T124/><D130/><N who="2" m="49706" /><F0/><W48/><G132/><T46/><D46/><U94/><E68/><V11/><F11/><W64/><G16/><T57/><D70/><U117/><E117/><V113/><F113/><W109/><G8/><T26/><N who="0" m="6144" /><DORA hai="28" /><T126/><D126/><U100/><E72/><V80/><F80/><W133/><G109/><T39/><D39/><U59/><E82/><V14/><F14/><W129/><G133/><T54/><D124/><U7/><E81/><V71/><F71/><W93/><G129/><T121/><D121/><U115/><E115/><V79/><F79/><W56/><G77/><T41/><D41/><AGARI ba="0,0" hai="41,44,50,88,95,97,108,111" m="49706,12907" machi="41" ten="30,8000,1" yaku="19,1,52,3,54,1" doraHai="22,28" who="2" fromWho="0" sc="240,-80,250,0,250,80,260,0" /><INIT seed="2,0,0,2,4,56" ten="160,250,330,260" oya="2" hai0="90,82,69,50,91,40,26,16,97,78,58,0,44" hai1="105,74,19,123,88,20,79,22,47,96,41,89,8" hai2="14,54,15,85,94,106,121,122,65,51,23,129,2" hai3="115,130,108,133,12,111,27,109,119,72,59,120,10"/><V95/><F106/><W100/><G100/><T135/><D69/><U31/><E123/><V68/><F2/><W42/><G42/><T125/><D125/><U102/><E8/><V101/><F129/><W71/><G59/><T76/><D135/><U124/><E124/><V61/><F95/><W99/><G99/><T87/><D0/><U49/><E31/><V63/><F63/><W11/><G72/><T21/><REACH who="0" step="1"/><D58/><REACH who="0" ten="150,250,330,260" step="2"/><U30/><E30/><V62/><F122/><W52/><G71/><T128/><D128/><U39/><E39/><V60/><F65/><W70/><G133/><T104/><D104/><U17/><E74/><V38/><F68/><W43/><G70/><T103/><D103/><U45/><E105/><V48/><F121/><W1/><G130/><T5/><D5/><U127/><E102/><V98/><F38/><W46/><G1/><T75/><D75/><U37/><E127/><V73/><F73/><W126/><G126/><T86/><D86/><U92/><E89/><V55/><F85/><W112/><G120/><T93/><AGARI ba="0,1" hai="16,21,26,40,44,50,76,78,82,87,90,91,93,97" machi="93" ten="30,7900,0" yaku="1,1,0,1,8,1,54,1,53,0" doraHai="56" doraHaiUra="131" who="0" fromWho="0" sc="150,89,250,-20,330,-39,260,-20" /><INIT seed="3,0,0,3,5,56" ten="239,230,291,240" oya="3" hai0="107,133,90,129,125,25,76,126,92,104,89,101,122" hai1="60,38,48,117,83,102,8,119,112,116,33,63,19" hai2="74,11,73,23,95,27,120,22,68,131,34,98,69" hai3="71,80,108,54,0,97,134,3,82,10,37,115,70"/><W36/><G115/><T52/><D122/><U46/><E112/><V9/><F27/><W78/><G97/><N who="0" m="59559" /><D25/><U49/><E33/><V81/><F98/><W51/><G10/><T20/><D20/><U62/><E102/><V43/><F81/><N who="3" m="31339" /><G78/><T1/><D52/><U88/><E38/><N who="3" m="14954" /><G54/><T127/><D1/><N who="3" m="585" /><G51/><T87/><D76/><U39/><E39/><V79/><F79/><W121/><G121/><T21/><D21/><U18/><E8/><V111/><F34/><W4/><G4/><T128/><D87/><N who="1" m="50303" /><E49/><V57/><F120/><W12/><G12/><T124/><D124/><U132/><E132/><V106/><F11/><W72/><G134/><T110/><D133/><U26/><E26/><V28/><F9/><W53/><G53/><AGARI ba="0,0" hai="18,19,46,48,53,60,62,63,116,117,119" m="50303" machi="53" ten="40,8000,1" yaku="12,1,52,3,54,1" doraHai="56" who="1" fromWho="3" sc="239,0,230,80,291,0,240,-80" /><INIT seed="4,0,0,2,5,106" ten="239,310,291,160" oya="0" hai0="36,134,128,46,104,95,132,117,111,126,34,33,21" hai1="127,58,98,9,51,86,105,85,131,60,48,30,38" hai2="24,35,0,4,3,61,56,129,82,130,81,115,20" hai3="7,74,89,119,25,45,13,68,94,12,92,116,99"/><T52/><D117/><U107/><E38/><V57/><F35/><W75/><G68/><T26/><D104/><U125/><E131/><N who="2" m="50187" /><F115/><W78/><G25/><T32/><D128/><U16/><E30/><N who="2" m="17671" /><F57/><W135/><G135/><N who="0" m="51755" /><D126/><N who="1" m="48139" /><E107/><V83/><F4/><W50/><G78/><T67/><D67/><AGARI ba="0,0" hai="0,3,56,61,67,81,82,83" m="17671,50187" machi="67" ten="30,1000,0" yaku="19,1" doraHai="106" who="2" fromWho="0" sc="239,-10,310,0,291,10,160,0" /><INIT seed="5,0,0,0,5,92" ten="229,310,301,160" oya="1" hai0="54,21,20,91,120,133,123,78,118,134,31,77,57" hai1="45,33,22,9,19,27,23,74,110,58,30,89,121" hai2="124,49,48,127,29,35,90,98,101,61,53,14,66" hai3="47,63,12,88,87,97,106,68,115,81,40,119,10"/><U64/><E121/><N who="0" m="46665" /><D91/><U59/><E74/><V18/><F90/><W39/><G119/><T15/><D118/><U93/><E110/><V104/><F29/><W73/><G115/><T67/><D67/><U13/><E45/><V107/><F107/><W65/><G73/><T83/><D15/><U111/><E111/><V36/><F35/><W46/><G46/><T42/><D42/><U129/><E129/><V122/><F36/><W32/><G32/><T75/><D78/><U43/><E43/><V96/><F96/><W3/><G3/><T51/><D31/><U60/><REACH who="1" step="1"/><E58/><REACH who="1" ten="229,300,301,160" step="2"/><N who="2" m="37175" /><F122/><W56/><G56/><T76/><D76/><U108/><E108/><V62/><F127/><W82/><G106/><T11/><D134/><U17/><E17/><V109/><F124/><W103/><G47/><T132/><D132/><U125/><E125/><V102/><F109/><W79/><G40/><T128/><D128/><U38/><E38/><V28/><F28/><W86/><G39/><T2/><D133/><U55/><E55/><V16/><F53/><W1/><G1/><T130/><D130/><U69/><E69/><V94/><F18/><W7/><REACH who="3" step="1"/><G103/><REACH who="3" ten="229,300,301,150" step="2"/><T6/><AGARI ba="0,2" hai="2,6,11,20,21,51,54,57,75,77,83" m="46665" machi="6" ten="30,1100,0" yaku="13,1" doraHai="92" who="0" fromWho="0" sc="229,31,300,-5,301,-3,150,-3" /><INIT seed="6,0,0,1,5,110" ten="260,295,298,147" oya="2" hai0="34,103,12,87,114,109,48,131,81,8,132,28,126" hai1="86,15,105,90,68,46,31,75,4,40,135,52,83" hai2="29,130,133,69,72,74,6,47,32,33,1,108,0" hai3="43,95,101,20,102,84,119,18,58,82,106,42,38"/><V55/><F55/><W10/><G119/><T94/><D109/><U79/><E135/><V91/><F108/><W54/><G38/><T116/><D132/><U25/><E105/><V76/><F133/><W123/><G123/><T5/><D131/><U27/><E68/><V60/><F91/><W115/><G115/><T14/><D126/><U22/><E27/><N who="2" m="18495" /><F33/><W9/><G106/><T3/><D28/><U2/><E2/><N who="2" m="1131" /><F6/><W92/><G82/><T19/><D34/><U118/><E118/><V44/><F44/><W56/><G84/><T11/><D116/><U16/><E4/><V64/><F76/><W63/><G63/><T96/><D3/><U77/><E75/><N who="2" m="28715" /><F47/><W41/><G54/><T61/><D48/><N who="1" m="26695" /><E52/><V89/><F89/><W85/><G85/><T98/><D87/><U50/><E50/><V100/><F100/><W70/><G20/><AGARI ba="0,0" hai="15,16,20,22,25,31,77,79,83,86,90" m="26695" machi="20" ten="30,2000,0" yaku="8,1,54,1" doraHai="110" who="1" fromWho="3" sc="260,0,295,20,298,0,147,-20" /><INIT seed="7,0,0,0,1,73" ten="260,315,298,127" oya="3" hai0="128,115,68,75,65,120,92,112,63,52,66,85,1" hai1="89,59,13,43,40,134,125,82,93,121,54,126,99" hai2="45,20,133,42,111,102,70,5,33,61,94,81,17" hai3="10,107,130,132,100,25,74,11,105,28,9,35,22"/><W76/><G132/><T87/><D75/><U90/><E121/><V96/><F111/><W77/><G130/><T2/><D120/><U7/><E134/><V80/><F33/><W116/><G116/><T109/><D109/><U79/><E89/><V88/><F5/><W15/><G74/><T18/><D18/><U46/><E13/><V60/><F70/><W131/><G131/><T36/><D36/><U47/><E47/><V3/><F3/><N who="0" m="1034" /><D92/><U122/><E7/><V16/><F17/><W14/><G14/><T26/><D26/><U27/><E27/><N who="2" m="14727" /><F133/><W127/><G127/><N who="1" m="48650" /><E46/><V21/><F21/><W117/><G117/><T48/><D66/><U31/><E31/><V118/><F118/><W135/><G135/><T39/><D39/><U123/><E123/><V55/><F42/><W37/><G37/><T91/><D91/><U98/><E122/><V84/><F81/><W58/><G58/><N who="0" m="33031" /><D128/><U101/><E40/><V103/><F103/><W50/><G50/><AGARI ba="0,0" hai="45,50,55,60,61,80,84,88,94,96,102" m="14727" machi="50" ten="30,3900,0" yaku="8,1,54,2" doraHai="73" who="2" fromWho="3" sc="260,0,315,0,298,39,127,-39" owari="260,-14.0,315,11.5,337,43.7,88,-41.2" /></mjloggm>