<mjloggm ver="2.3"><GO type="169" lobby="0"/><UN n0="%E6%95%97%E5%8C%97%E8%80%85%E3%81%AD%E3%82%8B" n1="%E3%81%B5%E3%81%8B" n2="%50%65%74%65%72%50%61%6E" n3="%75%79%61%6D%61" dan="17,17,17,17" rate="2199.73,2223.97,2214.91,2115.96" sx="F,M,M,M"/><TAIKYOKU oya="0"/><INIT seed="0,0,0,3,0,88" ten="250,250,250,250" oya="0" hai0="129,75,41,53,17,125,81,105,63,9,69,66,76" hai1="6,95,117,28,42,61,108,92,99,119,24,112,70" hai2="127,22,54,103,80,84,110,56,19,4,100,57,133" hai3="3,111,131,120,34,31,7,59,37,10,40,101,82"/><T16/><D105/><U39/><E108/><V20/><F110/><W21/><G34/><T27/><D129/><U8/><E112/><V38/><F38/><W132/><G111/><T77/><D125/><U86/><E86/><V23/><F133/><W43/><G132/><T35/><D77/><U87/><E87/><V118/><F118/><W64/><G131/><T60/><D41/><U72/><E72/><V113/><F127/><W13/><G82/><T52/><D9/><U14/><E70/><V26/><F113/><W109/><G109/><T67/><D35/><U135/><E135/><V85/><F85/><W96/><G37/><T104/><D104/><U98/><E61/><V74/><F4/><W30/><G3/><T2/><D2/><U12/><E39/><V79/><F57/><W73/><G73/><T55/><REACH who="0" step="1"/><D27/><REACH who="0" ten="240,250,250,250" step="2"/><U71/><E42/><V36/><F36/><W128/><G128/><T115/><D115/><U33/><E8/><V25/><F74/><W122/><G40/><T106/><D106/><U123/><E24/><N who="2" m="9323" /><F19/><W46/><G21/><T107/><D107/><U134/><E134/><V29/><F29/><W32/><G31/><T91/><D91/><U90/><E90/><V0/><F0/><W114/><G30/><T94/><D94/><U93/><E28/><V48/><AGARI ba="0,1" hai="20,22,23,48,54,56,79,80,84,100,103" m="9323" machi="48" ten="30,1100,0" yaku="8,1" doraHai="88" who="2" fromWho="2" sc="240,-5,250,-3,250,21,250,-3" /><INIT seed="1,0,0,1,3,96" ten="235,247,271,247" oya="1" hai0="48,122,127,91,40,32,120,111,30,12,2,64,39" hai1="14,61,47,65,99,69,112,67,57,101,84,125,110" hai2="123,133,128,11,113,24,53,81,27,117,45,44,51" hai3="121,3,131,33,10,1,68,15,63,108,56,100,75"/><U104/><E112/><V7/><F117/><W118/><G121/><T4/><D2/><U135/><E135/><V82/><F123/><W16/><G75/><T66/><D39/><U54/><E125/><V21/><F133/><W29/><G108/><T43/><D127/><U46/><E110/><V80/><F128/><W31/><G131/><T73/><D73/><U8/><E84/><V49/><F113/><W22/><G68/><T79/><D79/><U74/><E74/><V26/><F21/><W105/><G118/><T94/><D111/><U114/><E114/><V6/><REACH who="2" step="1"/><F11/><REACH who="2" ten="235,247,261,247" step="2"/><W106/><G33/><T55/><D120/><U71/><E71/><V116/><F116/><W19/><G106/><T93/><D32/><U72/><E72/><V77/><F77/><W35/><G35/><T17/><D122/><U89/><E89/><V76/><F76/><W0/><G105/><T132/><D91/><U37/><E37/><V97/><F97/><W34/><G34/><T95/><D132/><U23/><E23/><V13/><F13/><W134/><G134/><T88/><D88/><U115/><E115/><V130/><F130/><W124/><G124/><T119/><D119/><U109/><E109/><V92/><F92/><W86/><G86/><T52/><D94/><U98/><E98/><V62/><F62/><W28/><G0/><T38/><D93/><U87/><E87/><V5/><F5/><W60/><G60/><T90/><D4/><N who="1" m="3335" /><E69/><V85/><F85/><W126/><G126/><T107/><D107/><U25/><E25/><V102/><F102/><W59/><G100/><RYUUKYOKU ba="0,1" sc="235,-15,247,15,261,15,247,-15" hai1="46,47,54,57,61,65,67,99,101,104" hai2="6,7,24,26,27,44,45,49,51,53,80,81,82" /><INIT seed="1,1,1,0,1,124" ten="220,262,276,232" oya="1" hai0="113,63,60,123,8,20,105,74,54,11,72,12,126" hai1="118,43,52,83,109,38,94,35,116,114,112,125,102" hai2="14,135,115,98,24,62,56,131,40,75,97,99,47" hai3="107,18,13,86,129,66,71,85,58,44,25,134,59"/><U69/><E35/><V41/><F75/><W46/><G107/><T67/><D113/><N who="1" m="43627" /><E94/><V50/><F115/><W79/><G134/><T70/><D105/><U49/><E83/><V57/><F135/><W110/><G110/><T87/><D126/><U37/><E102/><V88/><F131/><W22/><G71/><T31/><D123/><U103/><E103/><V45/><F24/><W90/><G79/><T48/><D63/><U127/><E69/><V130/><F130/><W93/><G85/><T108/><D108/><U68/><E68/><V89/><F14/><W5/><G129/><T84/><D8/><U81/><E81/><V101/><F101/><W34/><G34/><T32/><D32/><U73/><E73/><V61/><F98/><W106/><G106/><T133/><D133/><U55/><E109/><V119/><REACH who="2" step="1"/><F50/><REACH who="2" ten="220,262,266,232" step="2"/><W96/><G96/><T21/><D74/><U120/><E125/><V122/><F122/><W64/><G25/><T53/><D72/><U1/><E127/><V29/><F29/><W92/><G13/><T0/><D31/><U51/><E120/><V78/><F78/><W15/><G15/><T27/><D48/><N who="1" m="18507" /><E1/><V132/><F132/><W77/><G77/><T65/><D0/><U111/><E111/><V3/><F3/><W30/><G30/><N who="0" m="17767" /><D87/><U28/><E28/><V6/><F6/><W91/><G5/><T9/><D84/><U17/><E17/><V121/><F121/><W26/><G86/><T23/><D12/><U100/><E100/><V128/><F128/><W36/><G18/><T7/><D7/><U16/><E16/><RYUUKYOKU ba="1,2" sc="220,-10,262,-10,266,30,232,-10" hai2="40,41,45,47,56,57,61,62,88,89,97,99,119" /><INIT seed="2,2,2,2,0,27" ten="210,252,296,222" oya="2" hai0="0,104,54,6,133,51,55,124,41,97,94,119,15" hai1="93,45,113,107,9,64,36,7,17,78,87,14,116" hai2="91,84,43,20,68,50,115,37,67,75,134,121,76" hai3="109,125,2,85,13,71,65,99,4,106,25,108,88"/><V122/><F115/><W18/><G125/><T114/><D114/><U111/><E113/><V101/><F37/><W98/><G25/><T117/><D104/><U70/><E107/><V8/><F134/><W126/><G126/><T48/><D0/><U135/><E116/><N who="0" m="44617" /><D124/><U24/><E70/><V47/><F101/><N who="3" m="62775" /><G99/><T69/><D69/><U52/><E64/><V22/><F76/><W1/><G4/><T123/><D123/><U44/><E135/><V3/><F75/><W30/><G30/><T32/><D32/><U62/><E111/><N who="3" m="42570" /><G65/><T34/><D34/><U129/><E129/><V73/><F73/><W110/><G71/><T66/><D66/><U42/><E24/><V72/><F72/><W83/><N who="3" m="42578" /><W26/><DORA hai="96" /><G26/><T59/><D133/><U33/><E33/><V103/><F103/><W79/><G79/><T12/><D6/><U95/><E7/><V58/><F68/><W23/><AGARI ba="2,2" hai="1,2,13,18,23,83,85,88" m="42578,62775" machi="23" ten="40,5200,0" yaku="14,1,52,1,54,1" doraHai="27,96" who="3" fromWho="3" sc="210,-15,252,-15,296,-28,222,78" /><INIT seed="3,0,0,0,5,108" ten="195,237,268,300" oya="3" hai0="111,110,30,129,73,68,126,27,94,7,112,105,92" hai1="60,95,25,31,102,80,74,57,21,88,40,115,62" hai2="63,123,121,98,120,24,97,89,133,18,53,3,54" hai3="118,86,1,66,6,23,69,22,64,51,5,90,79"/><W125/><G118/><T128/><D68/><U32/><E40/><V47/><F3/><W100/><G79/><T119/><D7/><U109/><E109/><N who="0" m="41481" /><D105/><U114/><E32/><V13/><F24/><W59/><G100/><T33/><D119/><U29/><E29/><V55/><F133/><W52/><G125/><T84/><D73/><U76/><E102/><V131/><F131/><N who="0" m="50250" /><D126/><U72/><E72/><V134/><F134/><W113/><G69/><T42/><D42/><U77/><E77/><V14/><F47/><W87/><G113/><T10/><D10/><U37/><E37/><V20/><F63/><W70/><G70/><T44/><D44/><U36/><E36/><V135/><F135/><W107/><G107/><T43/><D43/><U38/><E38/><V91/><F13/><W83/><G86/><T127/><D127/><U12/><E12/><V99/><AGARI ba="0,0" hai="14,18,20,53,54,55,89,91,97,98,99,120,121,123" machi="99" ten="40,8000,1" yaku="0,1,29,2,13,1" doraHai="108" who="2" fromWho="2" sc="195,-20,237,-20,268,80,300,-40" /><INIT seed="4,0,0,1,5,48" ten="175,217,348,260" oya="0" hai0="116,110,58,20,54,33,1,97,60,79,4,104,70" hai1="16,74,39,61,99,67,117,95,113,25,55,121,62" hai2="83,124,45,47,68,125,92,41,31,76,63,85,130" hai3="114,42,103,93,87,6,126,44,88,84,38,53,132"/><T17/><D116/><U52/><E117/><V101/><F130/><W22/><G114/><T2/><D33/><U18/><E121/><V35/><F35/><W21/><G126/><N who="2" m="48745" /><F31/><W81/><G132/><T49/><D110/><U106/><E74/><V122/><F122/><W57/><G6/><T134/><D134/><U82/><E39/><V133/><F133/><W128/><G128/><T108/><D108/><U115/><E106/><V91/><F101/><W12/><G12/><T94/><D104/><U50/><E82/><V5/><F5/><W29/><G29/><T75/><D4/><U90/><E61/><V8/><F8/><W135/><G135/><T28/><D28/><U26/><E26/><V66/><F41/><W10/><G10/><T30/><D30/><U40/><E40/><V89/><F89/><W15/><G15/><T0/><D79/><U77/><E77/><V24/><F24/><W102/><G102/><T78/><D78/><U13/><E25/><V123/><F123/><W109/><G109/><T120/><D120/><U37/><E37/><V34/><F34/><W19/><G19/><N who="1" m="7210" /><E50/><V100/><F100/><W111/><G111/><T96/><D75/><AGARI ba="0,0" hai="45,47,63,66,68,75,76,83,85,91,92" m="48745" machi="75" ten="30,1000,0" yaku="18,1" doraHai="48" who="2" fromWho="0" sc="175,-10,217,0,348,10,260,0" /><INIT seed="5,0,0,0,5,100" ten="165,217,358,260" oya="1" hai0="18,59,115,74,91,47,43,21,90,117,65,105,98" hai1="112,54,48,109,118,96,79,120,78,103,89,31,123" hai2="131,106,83,76,46,34,22,70,36,0,57,1,23" hai3="24,114,128,80,45,87,25,66,55,68,19,30,11"/><U53/><E118/><V85/><F70/><W3/><G114/><T16/><D117/><U133/><E112/><V15/><F34/><W67/><G128/><T63/><D74/><U127/><E133/><V99/><F131/><W52/><G68/><T7/><D115/><U37/><E37/><V69/><F69/><W2/><G2/><T122/><D7/><U12/><E127/><V135/><F135/><W39/><G55/><T38/><D122/><U108/><E31/><V107/><F57/><W88/><G3/><T29/><D29/><U5/><E12/><V33/><F33/><W35/><G39/><T26/><REACH who="0" step="1"/><D18/><REACH who="0" ten="155,217,358,260" step="2"/><U10/><E5/><V129/><F129/><W13/><REACH who="3" step="1"/><G24/><REACH who="3" ten="155,217,358,250" step="2"/><T84/><D84/><U62/><E120/><V134/><F85/><W64/><G64/><T92/><D92/><U94/><E123/><V6/><F134/><W97/><G97/><T101/><AGARI ba="0,2" hai="16,21,26,38,43,47,59,63,65,90,91,98,101,105" machi="101" ten="30,8000,1" yaku="1,1,0,1,52,1,54,1,53,1" doraHai="100" doraHaiUra="95" who="0" fromWho="0" sc="155,100,217,-40,358,-20,250,-20" /><INIT seed="6,0,0,4,3,15" ten="255,177,338,230" oya="2" hai0="47,120,90,122,100,58,135,3,96,83,25,10,1" hai1="130,12,79,18,64,127,31,117,91,125,74,98,45" hai2="49,33,77,93,80,60,50,75,30,113,81,62,69" hai3="89,103,61,111,14,128,9,28,54,108,107,43,26"/><V51/><F113/><W88/><G43/><T57/><D135/><U76/><E117/><V85/><F93/><W44/><G128/><T112/><D112/><U63/><E130/><V7/><F69/><W5/><G103/><T121/><D47/><U94/><E31/><V27/><REACH who="2" step="1"/><F7/><REACH who="2" ten="255,177,328,230" step="2"/><W19/><G5/><T133/><D120/><U73/><E125/><V124/><F124/><W20/><G107/><T86/><D121/><U4/><E4/><V29/><F29/><W129/><G129/><T59/><D122/><U53/><E127/><V55/><F55/><W22/><G54/><T41/><D41/><U105/><E105/><V65/><F65/><W116/><G28/><T118/><D118/><U39/><E53/><V97/><F97/><W23/><G116/><T35/><D133/><U99/><E99/><V36/><F36/><W46/><G111/><T13/><D96/><U84/><E39/><V119/><F119/><W123/><G108/><T8/><D100/><U21/><E98/><V104/><F104/><W92/><G92/><T34/><D34/><U11/><E64/><V101/><F101/><W102/><G102/><T126/><D35/><U72/><E94/><V37/><F37/><W48/><G123/><T0/><D126/><U42/><E42/><V40/><F40/><W68/><G68/><T17/><D0/><U87/><E18/><V106/><F106/><W56/><G19/><T52/><D1/><U114/><E114/><V115/><F115/><W32/><G32/><T109/><D3/><U6/><E6/><V82/><F82/><W38/><G38/><RYUUKYOKU ba="0,1" sc="255,-10,177,-10,328,30,230,-10" hai2="27,30,33,49,50,51,60,62,75,77,80,81,85" /><INIT seed="6,1,1,0,0,59" ten="245,167,358,220" oya="2" hai0="97,24,117,77,40,39,29,118,124,63,104,48,11" hai1="126,60,52,99,81,123,68,132,61,36,64,76,88" hai2="50,128,82,45,106,115,91,73,23,32,38,130,30" hai3="113,78,13,121,22,71,37,53,114,105,109,20,57"/><V55/><F106/><W90/><G109/><T70/><D124/><U92/><E126/><V62/><F115/><N who="3" m="44043" /><G71/><T86/><D39/><U7/><E132/><V16/><F38/><W5/><G37/><T42/><D11/><U4/><E36/><V101/><F101/><W2/><G2/><T122/><D122/><U0/><E123/><V66/><F30/><W18/><G105/><T28/><D48/><U110/><E110/><V87/><F32/><W96/><G78/><T51/><D51/><U56/><E0/><V47/><F73/><AGARI ba="1,1" hai="4,7,52,56,60,61,64,68,73,76,81,88,92,99" machi="73" ten="30,8000,1" yaku="7,1,52,2,54,2" doraHai="59" who="1" fromWho="2" sc="245,0,167,93,358,-83,220,0" /><INIT seed="7,0,0,2,4,12" ten="245,260,275,220" oya="3" hai0="131,109,29,47,102,0,52,84,117,87,48,67,6" hai1="22,112,54,13,59,8,107,66,18,79,89,128,104" hai2="134,60,72,110,51,97,106,27,41,14,75,11,118" hai3="92,71,65,132,74,50,16,64,111,124,73,100,120"/><W5/><G120/><T28/><D117/><U129/><E112/><V46/><F118/><W133/><G5/><T123/><D109/><U62/><E79/><V130/><F110/><W122/><G111/><T15/><D131/><N who="1" m="50251" /><E89/><V10/><F130/><W88/><G122/><T26/><D0/><U40/><E40/><V1/><F134/><N who="3" m="51819" /><G124/><T101/><D123/><U33/><E33/><V96/><F27/><W113/><G113/><T91/><D67/><N who="3" m="25673" /><G71/><T95/><D87/><U70/><E8/><V58/><F10/><W35/><G35/><T127/><D127/><U126/><E126/><V135/><F1/><W7/><G7/><T43/><D43/><U3/><E3/><V45/><F135/><W42/><G100/><N who="0" m="38507" /><D26/><U37/><E37/><V21/><F75/><W30/><G30/><T57/><D6/><U80/><E80/><V82/><F82/><W93/><G16/><T81/><D15/><U63/><AGARI ba="0,0" hai="13,18,22,54,59,62,63,66,70,104,107" m="50251" machi="63" ten="30,2000,0" yaku="19,1,52,1" doraHai="12" who="1" fromWho="1" sc="245,-5,260,20,275,-5,220,-10" /><INIT seed="8,0,0,1,1,132" ten="240,280,270,210" oya="0" hai0="91,79,37,87,102,131,41,60,45,84,80,82,99" hai1="101,92,76,118,1,40,62,38,46,52,89,96,18" hai2="98,81,61,108,27,133,42,14,22,69,73,86,13" hai3="114,71,7,56,9,70,117,26,127,39,15,104,58"/><T44/><D131/><U5/><E118/><V113/><F108/><W36/><G114/><T77/><D60/><U43/><E43/><V129/><F113/><W30/><G104/><T72/><D45/><U112/><E112/><V33/><F33/><W10/><G117/><T128/><D128/><U21/><E76/><V23/><F129/><W116/><G116/><T100/><D72/><U47/><E5/><V119/><F119/><W85/><G85/><T115/><REACH who="0" step="1"/><D115/><REACH who="0" ten="230,280,270,210" step="2"/><U106/><E47/><V48/><F61/><W122/><G122/><T103/><D103/><U53/><E62/><V65/><F73/><W105/><G105/><T75/><D75/><U34/><E101/><V93/><F69/><W11/><G11/><T20/><D20/><U31/><E106/><V88/><F23/><W59/><G127/><T94/><AGARI ba="0,1" hai="37,41,44,77,79,80,82,84,87,91,94,99,100,102" machi="94" ten="30,6000,0" yaku="1,1,0,1,9,1,53,0" doraHai="132" doraHaiUra="121" who="0" fromWho="0" sc="230,70,280,-20,270,-20,210,-20" owari="300,40.0,260,6.0,250,-15.0,190,-31.0" /></mjloggm>