<mjloggm ver="2.3"><GO type="169" lobby="0"/><UN n0="%E4%B8%89%E5%8D%81%E7%94%BB%E7%94%9F" n1="%E3%81%BD%E3%81%A1%E3%81%9F%E3%81%93%E3%82%84" n2="%E3%81%97%E3%82%83%E3%82%93%E3%81%8A%E3%81%98" n3="%E5%A4%A9%E6%89%8D%E9%BA%BB%E5%B0%86%E6%99%BA%E4%B9%83" dan="16,16,17,16" rate="2147.61,2133.85,2164.94,2171.78" sx="M,M,F,M"/><TAIKYOKU oya="0"/><INIT seed="0,0,0,0,3,34" ten="250,250,250,250" oya="0" hai0="121,83,85,95,99,68,84,38,73,81,92,12,123" hai1="101,28,60,14,0,61,122,132,40,120,48,23,45" hai2="93,41,16,9,128,52,133,89,39,3,111,69,125" hai3="51,72,44,20,58,116,63,1,106,35,103,65,13"/><T87/><D38/><U30/><E132/><V43/><F69/><W100/><G1/><T134/><D68/><U8/><E0/><V54/><F133/><W17/><G35/><T18/><D134/><U62/><E101/><V107/><F107/><W80/><G116/><T10/><D92/><U97/><E97/><V55/><F111/><W56/><G106/><T4/><D73/><U21/><E120/><V2/><F125/><W105/><G105/><T112/><D112/><U27/><E122/><V49/><F39/><W29/><G29/><N who="1" m="11370" /><E27/><V25/><F128/><W19/><G58/><T114/><D114/><U64/><E64/><V59/><F43/><W130/><G130/><T5/><D5/><AGARI ba="0,0" hai="5,8,14,21,23,40,45,48,60,61,62" m="11370" machi="5" ten="30,1000,0" yaku="8,1" doraHai="34" who="1" fromWho="0" sc="250,-10,250,10,250,0,250,0" /><INIT seed="1,0,0,0,0,8" ten="240,260,250,250" oya="1" hai0="78,114,61,102,109,100,63,83,92,95,106,93,121" hai1="128,132,35,53,134,51,72,14,98,70,2,66,84" hai2="46,31,58,44,64,7,110,56,111,91,37,101,131" hai3="126,23,57,34,73,115,41,75,10,80,107,39,112"/><U74/><E2/><V96/><F31/><W30/><G23/><T1/><D1/><U71/><E35/><V9/><F91/><W60/><G107/><T108/><D114/><U42/><E42/><V11/><F11/><W22/><G22/><T90/><D63/><U119/><E119/><V118/><F118/><W13/><G126/><T65/><D61/><U133/><E128/><V87/><F87/><W122/><G122/><T36/><D36/><U5/><E84/><V25/><F25/><W59/><G59/><T62/><D62/><N who="1" m="40279" /><E98/><V67/><F131/><W124/><G124/><T123/><D65/><N who="2" m="25162" /><F56/><W125/><G125/><T38/><D38/><U0/><E0/><V86/><F86/><W69/><G69/><T21/><D21/><U97/><E71/><V20/><F20/><W16/><G39/><T82/><D90/><U52/><E97/><V103/><F58/><W120/><G34/><T89/><D89/><U88/><E88/><V117/><F117/><W99/><G99/><N who="0" m="61727" /><D102/><N who="2" m="38922" /><F96/><W43/><G115/><T15/><D15/><U85/><E85/><V32/><F32/><W76/><G112/><T81/><D78/><U55/><E51/><V45/><F37/><W12/><G76/><T113/><D113/><U104/><E104/><V26/><F26/><W127/><G127/><T47/><D47/><N who="2" m="12034" /><V17/><DORA hai="105" /><F17/><W3/><G3/><T129/><D129/><U94/><E94/><V77/><F77/><W6/><G16/><T4/><D4/><U18/><E5/><V79/><F79/><W68/><G6/><T29/><D29/><U24/><E24/><RYUUKYOKU ba="0,0" sc="240,10,260,10,250,10,250,-30" hai0="81,82,83,92,93,95,108,109,121,123" hai1="14,18,52,53,55,72,74,132,133,134" hai2="7,9,110,111" /><INIT seed="1,1,0,1,0,87" ten="250,270,260,220" oya="1" hai0="31,112,65,79,33,13,92,10,107,44,114,18,111" hai1="94,22,48,74,102,100,53,103,39,133,108,128,117" hai2="85,135,9,7,134,63,126,60,6,113,91,129,67" hai3="50,130,118,131,101,132,61,25,26,83,88,70,89"/><U57/><E117/><V120/><F120/><W29/><G118/><T86/><D107/><U11/><E128/><N who="3" m="49194" /><G132/><N who="2" m="50729" /><F129/><W96/><G83/><T14/><D111/><U93/><E133/><V58/><F126/><W125/><G125/><T68/><D68/><U27/><E74/><V81/><F113/><W36/><G36/><T104/><D65/><U123/><E39/><V95/><F63/><W115/><G115/><T34/><D104/><U16/><E123/><V17/><F17/><W127/><G127/><T71/><D71/><U121/><E121/><V0/><F6/><W106/><G26/><T124/><D124/><U20/><E108/><V116/><F116/><W109/><G50/><T24/><D34/><U119/><E119/><V41/><F41/><W35/><G109/><T21/><D44/><U84/><E11/><V45/><F45/><W49/><G49/><T105/><D105/><U19/><REACH who="1" step="1"/><E84/><REACH who="1" ten="250,260,260,220" step="2"/><V12/><F81/><W54/><G70/><T3/><D114/><U122/><E122/><V23/><F23/><W40/><G40/><T52/><D21/><U66/><E66/><V69/><F69/><W43/><G43/><T8/><D112/><U82/><E82/><V2/><AGARI ba="1,1" hai="0,2,7,9,12,58,60,67,85,91,95" m="50729" machi="2" ten="30,2000,0" yaku="20,1,52,1" doraHai="87" who="2" fromWho="2" sc="250,-6,260,-11,260,33,220,-6" /><INIT seed="2,0,0,3,4,6" ten="244,249,293,214" oya="2" hai0="5,51,21,62,74,63,47,54,33,132,1,3,2" hai1="109,89,16,36,28,85,18,87,97,104,80,65,112" hai2="94,15,135,14,115,93,134,64,69,125,91,82,79" hai3="108,70,110,53,67,117,56,75,29,95,88,126,8"/><V23/><F115/><W40/><G117/><T27/><D74/><U9/><E112/><V49/><F125/><W124/><G75/><T0/><D33/><U116/><E116/><V133/><F69/><W114/><G114/><T131/><D131/><U120/><E36/><V17/><F64/><W90/><G29/><T121/><D121/><U127/><E120/><V42/><F91/><N who="3" m="34859" /><G40/><T103/><D103/><U83/><E127/><N who="3" m="48682" /><G95/><T38/><D38/><U130/><E28/><V113/><F113/><W59/><G70/><T31/><REACH who="0" step="1"/><D132/><REACH who="0" ten="234,249,293,214" step="2"/><U77/><E130/><V20/><F133/><W106/><G106/><T111/><D111/><U58/><E109/><V78/><F135/><W50/><G110/><T57/><D57/><U76/><E104/><V73/><F134/><W45/><G108/><T10/><AGARI ba="0,1" hai="0,1,2,3,5,10,21,27,31,47,51,54,62,63" machi="10" ten="40,5200,0" yaku="1,1,0,1,52,1,53,0" doraHai="6" doraHaiUra="129" who="0" fromWho="0" sc="234,62,249,-13,293,-26,214,-13" /><INIT seed="3,0,0,4,0,15" ten="296,236,267,201" oya="3" hai0="5,40,14,84,33,82,50,79,4,107,115,48,81" hai1="135,34,106,88,100,101,126,56,69,54,17,57,39" hai2="78,90,93,36,60,65,2,109,23,80,42,28,25" hai3="131,7,71,62,77,99,105,118,68,46,8,27,24"/><W124/><G118/><T49/><D33/><U12/><E69/><V74/><F109/><W134/><G131/><T112/><D107/><U117/><E117/><V133/><F133/><W108/><G134/><T127/><D127/><U92/><E126/><V43/><F2/><W103/><G124/><T9/><D5/><U132/><E34/><V32/><F36/><W129/><G129/><T47/><REACH who="0" step="1"/><D81/><REACH who="0" ten="286,236,267,201" step="2"/><U72/><E106/><V120/><F32/><W123/><G7/><T130/><D130/><U22/><E132/><V44/><F120/><W73/><G105/><T87/><D87/><N who="1" m="52255" /><E135/><V94/><F94/><W35/><G35/><T67/><D67/><U111/><E72/><V119/><F119/><W20/><G73/><T55/><D55/><U89/><E111/><V19/><F42/><W61/><G123/><T75/><D75/><U110/><E110/><V6/><F6/><W38/><G108/><T86/><D86/><U66/><E66/><V37/><F93/><W83/><G83/><T96/><D96/><U59/><E54/><V51/><F74/><W97/><G99/><T64/><D64/><U53/><E53/><V1/><F80/><W21/><G97/><T3/><D3/><U52/><E52/><V30/><F1/><W0/><G0/><T10/><D10/><U91/><E39/><AGARI ba="0,1" hai="4,9,14,39,40,47,48,49,50,79,82,84,112,115" machi="39" ten="40,1300,0" yaku="1,1,53,0" doraHai="15" doraHaiUra="104" who="0" fromWho="1" sc="286,23,236,-13,267,0,201,0" /><INIT seed="4,0,0,0,4,91" ten="309,223,267,201" oya="0" hai0="119,77,111,131,82,84,24,8,102,87,114,90,103" hai1="33,30,35,71,51,11,113,50,38,78,70,12,9" hai2="0,63,4,86,93,6,46,57,44,37,99,132,39" hai3="92,21,134,97,29,101,20,7,98,120,36,27,41"/><T65/><D119/><U45/><E38/><V42/><F132/><W55/><G134/><T96/><D114/><U118/><E118/><V58/><F86/><W79/><G120/><T64/><D131/><U94/><E113/><V127/><F127/><W10/><G79/><T18/><D111/><U61/><E78/><V53/><F0/><W108/><G108/><T32/><D32/><U76/><E76/><V106/><F106/><W125/><G125/><T135/><D135/><U28/><E12/><V133/><F133/><W80/><G80/><T89/><D77/><U115/><E61/><V66/><F44/><W19/><G55/><T3/><D3/><U54/><E54/><V68/><F37/><W122/><G122/><T52/><D52/><U72/><E45/><V16/><F16/><W116/><G116/><T23/><D8/><U59/><E59/><V81/><F81/><W126/><G126/><T34/><D34/><U130/><E115/><V123/><F58/><W1/><G98/><T22/><D22/><U62/><E62/><V88/><REACH who="2" step="1"/><F123/><REACH who="2" ten="309,223,257,201" step="2"/><W74/><G36/><T73/><D73/><U75/><E130/><V104/><F104/><W2/><G2/><T83/><D96/><U40/><E40/><V56/><F56/><W25/><REACH who="3" step="1"/><G41/><REACH who="3" ten="309,223,257,191" step="2"/><T105/><D105/><U107/><E107/><V14/><F14/><W67/><G67/><AGARI ba="0,2" hai="18,23,24,64,65,67,82,83,84,87,89,90,102,103" machi="67" ten="40,3900,0" yaku="9,1,8,1" doraHai="91" who="0" fromWho="3" sc="309,59,223,0,257,0,191,-39" /><INIT seed="4,1,0,3,3,0" ten="368,223,257,152" oya="0" hai0="22,43,72,66,75,69,44,59,129,96,87,41,62" hai1="111,3,128,134,17,91,9,13,114,12,86,53,101" hai2="47,1,52,46,105,125,34,103,123,131,2,16,33" hai3="11,45,68,57,56,76,100,21,85,35,120,39,116"/><T83/><D129/><U89/><E111/><V55/><F123/><W92/><G35/><T70/><D43/><U37/><E3/><V10/><F103/><W65/><G116/><T27/><D96/><U79/><E37/><V38/><F105/><W63/><G120/><T36/><D70/><U61/><E134/><V93/><F93/><W5/><G21/><T124/><D69/><U42/><E42/><V82/><F82/><W102/><G39/><T19/><REACH who="0" step="1"/><D124/><REACH who="0" ten="358,223,257,152" step="2"/><U94/><E128/><V135/><F125/><W67/><G68/><T117/><D117/><U113/><E113/><V24/><F131/><W110/><G110/><T48/><D48/><U51/><E51/><V118/><F38/><W99/><G99/><T7/><D7/><N who="1" m="3135" /><E114/><V132/><F118/><W25/><G5/><T40/><D40/><U78/><E101/><V54/><F135/><W126/><G126/><T109/><D109/><U60/><E60/><V95/><F132/><W49/><G102/><T31/><D31/><U32/><E61/><V112/><F112/><W115/><G100/><T20/><D20/><N who="1" m="11311" /><E32/><V121/><F121/><W74/><G63/><T23/><D23/><U106/><E106/><V30/><F33/><W90/><G115/><T80/><D80/><N who="1" m="49351" /><E53/><V18/><F30/><W26/><G49/><T122/><D122/><U4/><E4/><V28/><F28/><W108/><G108/><T73/><D73/><U104/><E104/><V88/><F34/><W71/><G74/><T98/><D98/><AGARI ba="1,1" hai="78,79,91,94,98" m="49351,11311,3135" machi="98" ten="30,2000,0" yaku="8,1,52,1" doraHai="0" who="1" fromWho="0" sc="358,-23,223,33,257,0,152,0" /><INIT seed="5,0,0,0,3,111" ten="335,256,257,152" oya="1" hai0="39,54,48,91,105,96,27,81,112,125,19,68,24" hai1="58,41,98,74,8,129,47,77,88,21,124,17,36" hai2="70,29,37,114,52,102,6,90,1,63,89,46,61" hai3="4,72,75,97,57,13,56,69,0,59,28,5,10"/><U106/><E129/><V113/><F102/><W11/><G69/><T108/><D108/><U131/><E131/><V62/><F70/><W18/><G28/><T9/><D39/><U3/><E124/><V60/><F29/><W115/><G115/><N who="2" m="44041" /><F6/><W86/><G86/><N who="0" m="50639" /><D68/><U121/><E121/><V20/><F1/><W25/><G25/><T85/><D125/><U110/><E110/><V120/><F120/><W16/><REACH who="3" step="1"/><G97/><REACH who="3" ten="335,256,257,142" step="2"/><T14/><D85/><U122/><E98/><V130/><F130/><W76/><G76/><T118/><D112/><U66/><E77/><V132/><F132/><W34/><G34/><T134/><D134/><U94/><E122/><V31/><F31/><W95/><G95/><T119/><D27/><U7/><E94/><V135/><F135/><W126/><G126/><T35/><D24/><U103/><E74/><AGARI ba="0,1" hai="0,4,5,10,11,13,16,18,56,57,59,72,74,75" machi="74" ten="40,5200,0" yaku="1,1,54,1,53,1" doraHai="111" doraHaiUra="33" who="3" fromWho="1" sc="335,0,256,-52,257,0,142,62" /><INIT seed="6,0,0,0,0,97" ten="335,204,257,204" oya="2" hai0="129,43,83,135,20,108,111,46,101,117,25,52,41" hai1="131,54,24,11,7,110,19,65,42,8,93,31,6" hai2="27,80,82,128,98,127,126,122,71,13,40,62,95" hai3="35,87,48,68,57,133,17,5,58,99,77,123,16"/><V84/><F122/><W29/><G68/><T36/><D135/><U72/><E72/><V76/><F128/><W12/><G123/><T3/><D3/><U89/><E110/><V113/><F113/><W94/><G133/><T86/><D117/><U73/><E73/><V96/><F40/><W78/><G29/><T33/><D33/><U66/><E42/><V120/><F120/><W81/><G35/><T119/><D119/><U0/><E19/><N who="3" m="7242" /><G78/><T21/><D21/><U112/><E54/><V18/><F27/><W49/><G49/><T37/><D129/><U121/><E112/><V26/><F26/><W118/><G118/><T47/><D52/><U104/><E104/><V103/><F82/><W44/><G5/><T114/><D101/><U132/><E131/><V59/><F96/><W14/><G14/><T85/><D114/><U32/><E132/><V34/><F71/><W130/><G12/><T53/><D53/><U106/><E106/><V1/><F1/><W109/><G109/><T102/><D25/><U4/><E121/><V69/><F69/><W10/><G10/><T124/><D20/><U107/><E107/><V30/><F30/><W90/><G130/><T79/><D83/><U2/><REACH who="1" step="1"/><E6/><REACH who="1" ten="335,194,257,204" step="2"/><V28/><F28/><W23/><G23/><T50/><D108/><U63/><E63/><V70/><F34/><W22/><G22/><T38/><D111/><U115/><E115/><V92/><F18/><W74/><G74/><T75/><D75/><U91/><E91/><V134/><F134/><W105/><G105/><T116/><D116/><U56/><E56/><RYUUKYOKU ba="0,1" sc="335,-15,194,15,257,-15,204,15" hai1="0,2,4,7,8,11,24,31,32,65,66,89,93" hai3="44,48,57,58,77,81,87,90,94,99" /><INIT seed="7,1,1,0,4,62" ten="320,209,242,219" oya="3" hai0="10,113,119,25,36,8,106,65,80,93,28,4,60" hai1="32,7,55,73,96,17,84,24,11,77,95,75,37" hai2="54,68,131,23,117,81,69,111,129,30,70,125,86" hai3="63,49,2,61,122,110,6,101,3,127,44,121,1"/><W40/><G6/><T21/><D106/><U14/><E37/><V22/><F111/><W82/><G110/><T135/><D36/><U126/><E126/><V5/><F117/><W115/><G127/><T100/><D135/><U20/><E32/><V98/><F125/><W52/><G115/><T79/><D119/><U45/><E84/><V105/><F5/><W92/><G82/><T16/><D16/><U114/><E77/><V102/><F54/><W58/><REACH who="3" step="1"/><G61/><REACH who="3" ten="320,209,242,209" step="2"/><T67/><D60/><U104/><E114/><V116/><F116/><W76/><G76/><T53/><D4/><U94/><E104/><V39/><F129/><W0/><N who="3" m="0" /><DORA hai="120" /><W118/><G118/><T31/><D80/><U103/><REACH who="1" step="1"/><E94/><REACH who="1" ten="320,199,242,209" step="2"/><V72/><F81/><W99/><AGARI ba="1,3" hai="40,44,49,52,58,63,92,99,101,121,122" m="0" machi="99" ten="60,12000,1" yaku="1,1,0,1,54,1,53,2" doraHai="62,120" doraHaiUra="90,43" who="3" fromWho="3" sc="320,-41,199,-41,242,-41,209,153" owari="279,7.9,158,-34.2,201,-19.9,362,46.2" /></mjloggm>