<mjloggm ver="2.3"><GO type="169" lobby="0"/><UN n0="%E3%81%9F%E3%81%8C%E3%82%84%E3%81%99" n1="%E6%A4%9B%E5%8D%97" n2="%6B%65%79%33" n3="%E3%81%93%E3%81%AB" dan="16,18,16,16" rate="2176.30,2204.84,2071.02,2160.05" sx="M,F,M,M"/><TAIKYOKU oya="0"/><INIT seed="0,0,0,4,0,13" ten="250,250,250,250" oya="0" hai0="122,3,85,123,56,33,15,84,104,73,116,81,112" hai1="78,105,31,9,67,70,1,133,117,108,66,88,19" hai2="115,111,80,134,47,65,4,43,17,119,55,35,5" hai3="132,113,107,130,60,49,131,126,114,64,8,109,97"/><T124/><D56/><U89/><E108/><V2/><F111/><W98/><G109/><T29/><D73/><U23/><E133/><V52/><F115/><N who="3" m="44043" /><G49/><T12/><D112/><U100/><E117/><V135/><F35/><W118/><G118/><T44/><D3/><U30/><E78/><V16/><F65/><W92/><G8/><T71/><D71/><U74/><E74/><V91/><F119/><W27/><G27/><T87/><D116/><U26/><E100/><V46/><F80/><W20/><G20/><T69/><D69/><U95/><E89/><V37/><F91/><N who="3" m="55455" /><G60/><T94/><D33/><U6/><E105/><V127/><F127/><W61/><G61/><T77/><D104/><U121/><E121/><V51/><F55/><W101/><G64/><T93/><D124/><U42/><E42/><V110/><F110/><W103/><G126/><T86/><D29/><U102/><E102/><V11/><F4/><W63/><G63/><T82/><D44/><U10/><E70/><V57/><F46/><W21/><G21/><T106/><D106/><U45/><E45/><V54/><F54/><W39/><G39/><T83/><N who="0" m="21504" /><DORA hai="22" /><T41/><D41/><U18/><E31/><V24/><REACH who="2" step="1"/><F24/><REACH who="2" ten="250,250,240,250" step="2"/><W25/><G25/><T36/><D77/><U14/><E67/><V38/><F38/><W40/><G103/><T50/><D36/><U96/><E66/><V75/><F75/><W32/><G32/><T79/><D79/><U120/><E120/><N who="0" m="46121" /><D50/><U72/><E72/><V59/><F59/><W99/><G40/><T125/><D125/><U90/><E30/><RYUUKYOKU ba="0,1" sc="250,10,250,10,240,10,250,-30" hai0="12,15,81,82,83,93,94" hai1="1,6,9,10,14,18,19,23,26,88,90,95,96" hai2="2,5,11,16,17,37,43,47,51,52,57,134,135" /><INIT seed="0,1,1,3,5,89" ten="260,260,250,220" oya="0" hai0="64,101,57,117,118,29,82,78,84,97,51,41,96" hai1="107,128,100,94,21,72,102,45,98,48,65,123,5" hai2="60,135,44,24,132,127,19,131,27,87,35,14,38" hai3="133,9,50,80,25,119,130,59,110,114,15,58,37"/><T88/><D29/><U13/><E128/><V40/><F131/><W121/><G114/><T126/><D126/><U46/><E123/><V99/><F127/><W43/><G119/><T17/><D118/><U34/><E34/><V63/><F87/><W1/><G121/><T26/><D117/><U122/><E72/><V90/><F90/><W61/><G37/><T33/><D33/><U104/><E65/><V134/><F99/><W105/><G105/><T10/><D97/><U112/><E112/><V32/><F32/><W53/><G1/><T73/><D41/><U108/><E108/><V36/><F36/><W12/><G133/><T76/><D73/><U49/><E102/><V11/><REACH who="2" step="1"/><F27/><REACH who="2" ten="260,260,240,220" step="2"/><W93/><G130/><T92/><D26/><U79/><E122/><V116/><F116/><W39/><G39/><T113/><D113/><U129/><E129/><V4/><F4/><W7/><G25/><T95/><D82/><U120/><E120/><V0/><F0/><W6/><G80/><T54/><D64/><U77/><E5/><V103/><F103/><W85/><G85/><T47/><D47/><U83/><E83/><V2/><F2/><W42/><G110/><T125/><D125/><U115/><E115/><V52/><F52/><N who="3" m="32023" /><G7/><T109/><D109/><U67/><E67/><V70/><F70/><W75/><G75/><T31/><D31/><AGARI ba="1,2" hai="11,14,19,24,31,35,38,40,44,60,63,132,134,135" machi="31" ten="40,2600,0" yaku="1,1,20,1,53,0" doraHai="89" doraHaiUra="106" who="2" fromWho="0" sc="260,-29,260,0,240,49,220,0" /><INIT seed="1,0,0,5,3,54" ten="231,260,289,220" oya="1" hai0="82,23,78,15,33,11,61,47,102,28,24,2,26" hai1="91,103,29,96,16,87,93,122,8,123,50,129,31" hai2="37,86,7,55,128,106,94,39,18,30,21,4,48" hai3="76,67,57,117,121,111,98,62,107,5,119,14,51"/><U120/><E129/><V81/><F106/><W113/><G121/><T44/><D102/><U34/><E34/><V60/><F128/><W132/><G113/><T43/><D2/><U80/><REACH who="1" step="1"/><E50/><REACH who="1" ten="231,250,289,220" step="2"/><V73/><F48/><W65/><G51/><T63/><D47/><U1/><E1/><V99/><F37/><W10/><G117/><T108/><D108/><U56/><E56/><V115/><F39/><W41/><G119/><T22/><D33/><U53/><E53/><V97/><F115/><W69/><G111/><T0/><D0/><U72/><E72/><V130/><F55/><W104/><G67/><T25/><D44/><U84/><E84/><V135/><F73/><W71/><G71/><T90/><D43/><U36/><E36/><V124/><F130/><W134/><G69/><T59/><D59/><U110/><E110/><V19/><F86/><W125/><G41/><T131/><D131/><U101/><E101/><V20/><F124/><W126/><G125/><T74/><D74/><U49/><E49/><V27/><F135/><W35/><G35/><T40/><D40/><U32/><E32/><V68/><F68/><W92/><G126/><T114/><D114/><U45/><E45/><V95/><F60/><W17/><G132/><T13/><D63/><U116/><E116/><V46/><F46/><W38/><G134/><T12/><D61/><U9/><E9/><V83/><F21/><N who="3" m="11447" /><G38/><T118/><D118/><U64/><E64/><V88/><F20/><W52/><G65/><T79/><D11/><U105/><E105/><V58/><F58/><W133/><G133/><RYUUKYOKU ba="0,1" sc="231,-10,250,30,289,-10,220,-10" hai1="8,16,29,31,80,87,91,93,96,103,120,122,123" /><INIT seed="1,1,1,2,5,106" ten="221,280,279,210" oya="1" hai0="125,132,97,48,110,52,23,133,63,55,2,78,18" hai1="119,26,122,38,28,53,20,87,116,29,126,16,57" hai2="34,68,25,103,46,6,96,40,113,94,131,37,22" hai3="88,30,7,15,85,104,86,4,134,17,31,19,54"/><U21/><E122/><V66/><F131/><W84/><G104/><T109/><D2/><U75/><E38/><V89/><F113/><W128/><G128/><T76/><D97/><U82/><E126/><V105/><F6/><N who="3" m="2091" /><G134/><N who="0" m="51819" /><D63/><U50/><E75/><V45/><F45/><W44/><G19/><T99/><D99/><U111/><E111/><N who="0" m="42505" /><D125/><U129/><E129/><V121/><F121/><W90/><G31/><T81/><D48/><U114/><E114/><V127/><F127/><W47/><G30/><T0/><D0/><U10/><E10/><V112/><F96/><W58/><G47/><T93/><D93/><U32/><E29/><V79/><F94/><W8/><G44/><T1/><D1/><U107/><E32/><V11/><F34/><W49/><AGARI ba="1,1" hai="8,15,17,49,54,58,84,85,86,88,90" m="2091" machi="49" ten="30,2000,0" yaku="8,1,54,1" doraHai="106" who="3" fromWho="3" sc="221,-6,280,-11,279,-6,210,33" /><INIT seed="2,0,0,2,0,47" ten="215,269,273,243" oya="2" hai0="87,28,70,21,46,15,44,53,109,88,37,59,56" hai1="13,80,58,65,51,41,57,76,73,77,72,92,62" hai2="33,1,118,112,18,101,54,132,105,39,14,126,11" hai3="130,111,90,17,96,30,50,98,113,63,100,123,49"/><V135/><F39/><W81/><G123/><T26/><D70/><U2/><E2/><V0/><F101/><W102/><G111/><T22/><D109/><U107/><E107/><V78/><F78/><W97/><G130/><T74/><D74/><U20/><E92/><V89/><F89/><W3/><G3/><N who="2" m="1097" /><F54/><W32/><G32/><T116/><D116/><U34/><E34/><V103/><F103/><N who="3" m="39467" /><G30/><T120/><D120/><U4/><E77/><V134/><F105/><W127/><G127/><T55/><D37/><U95/><E95/><V68/><F68/><W45/><G113/><T6/><D6/><U110/><E110/><V16/><F112/><W8/><G63/><N who="0" m="36239" /><D21/><U19/><E73/><V106/><F106/><W86/><G45/><T84/><D15/><AGARI ba="0,0" hai="8,15,17,49,50,81,86,90,96,97,98" m="39467" machi="15" ten="30,3900,0" yaku="8,1,52,2" doraHai="47" who="3" fromWho="0" sc="215,-39,269,0,273,0,243,39" /><INIT seed="3,0,0,3,1,44" ten="176,269,273,282" oya="3" hai0="71,127,120,122,80,28,35,79,94,9,40,24,119" hai1="86,87,51,109,67,53,48,38,90,12,110,0,113" hai2="17,76,126,130,104,124,133,85,60,15,55,129,106" hai3="26,116,68,1,23,19,37,34,84,89,7,6,59"/><W33/><G68/><T61/><D94/><U47/><E0/><V100/><F60/><W123/><G116/><T73/><D119/><U65/><E38/><V78/><F55/><W5/><G123/><T98/><D127/><N who="2" m="48682" /><F17/><W99/><G37/><T125/><D125/><U42/><E113/><V69/><F15/><W132/><G132/><T30/><D40/><U58/><E87/><V74/><F69/><W64/><G1/><T29/><D29/><U83/><REACH who="1" step="1"/><E12/><REACH who="1" ten="176,259,273,282" step="2"/><V135/><F85/><W56/><G84/><T91/><D122/><U45/><E45/><V43/><F74/><W13/><G13/><T101/><D120/><U75/><E75/><V111/><F111/><AGARI ba="0,1" hai="42,47,48,51,53,58,65,67,83,86,90,109,110,111" machi="111" ten="40,8000,1" yaku="1,1,14,1,52,2,53,0" doraHai="44" doraHaiUra="95" who="1" fromWho="2" sc="176,0,259,90,273,-80,282,0" /><INIT seed="4,0,0,3,0,93" ten="176,349,193,282" oya="0" hai0="82,61,9,1,10,126,33,102,97,56,134,46,52" hai1="7,3,85,98,66,49,41,44,59,39,12,74,38" hai2="62,2,28,51,109,92,80,14,55,111,108,86,16" hai3="37,81,8,121,13,54,35,29,119,77,53,69,94"/><T42/><D33/><U127/><E74/><V78/><F2/><W131/><G119/><T83/><D126/><U99/><E3/><V72/><F28/><W130/><G69/><T70/><D70/><U24/><E127/><V23/><F62/><W129/><G37/><T27/><D27/><U88/><E39/><V32/><F32/><W4/><G121/><T31/><D31/><U11/><E24/><V124/><F124/><W133/><G133/><T91/><D134/><U113/><E113/><V63/><F63/><W20/><G35/><T100/><D100/><U120/><E120/><V34/><F34/><W68/><G68/><T50/><D1/><U0/><E0/><V65/><F65/><W58/><G94/><N who="0" m="56543" /><D102/><U19/><E7/><V6/><F6/><W128/><N who="3" m="32768" /><DORA hai="107" /><W30/><G20/><T104/><D104/><U45/><E59/><V76/><F76/><W43/><G43/><T21/><D21/><U112/><E112/><V22/><F22/><W110/><G54/><T87/><D83/><U89/><E66/><V73/><REACH who="2" step="1"/><F92/><REACH who="2" ten="176,349,183,282" step="2"/><W5/><G5/><T79/><AGARI ba="0,1" hai="9,10,42,46,50,52,56,61,79,82,87" m="56543" machi="79" ten="30,6000,0" yaku="8,1,52,1,54,1" doraHai="93,107" who="0" fromWho="0" sc="176,70,349,-20,183,-20,282,-20" /><INIT seed="4,1,0,0,3,92" ten="246,329,163,262" oya="0" hai0="120,107,91,4,36,89,22,104,99,74,126,88,51" hai1="59,33,131,72,106,98,82,132,117,49,56,18,3" hai2="68,67,105,57,123,118,29,128,50,112,10,134,65" hai3="93,127,52,45,116,75,84,14,32,81,96,9,119"/><T87/><D36/><U62/><E132/><V38/><F29/><W94/><G127/><T85/><D120/><U60/><E33/><V13/><F123/><W133/><G32/><T21/><D74/><U95/><E106/><V108/><F108/><W113/><G75/><T86/><D126/><U73/><E3/><V71/><F134/><W101/><G94/><T43/><D4/><U23/><E131/><V37/><F105/><W78/><G113/><T19/><D21/><U34/><E34/><V64/><F13/><W53/><G133/><T1/><D1/><U31/><E31/><V27/><F27/><W16/><REACH who="3" step="1"/><G45/><REACH who="3" ten="246,329,163,252" step="2"/><N who="0" m="26047" /><D107/><U77/><E73/><V48/><F112/><W130/><G130/><T8/><D104/><U122/><E122/><V7/><F128/><W90/><G90/><T35/><D35/><U76/><E72/><V109/><F109/><W83/><G83/><T25/><D8/><U30/><E82/><V63/><F10/><W5/><G5/><T129/><D129/><U66/><E95/><AGARI ba="1,1" hai="19,22,25,85,86,87,88,89,91,95,99" m="26047" machi="95" ten="30,5800,0" yaku="8,1,52,1,54,1" doraHai="92" who="0" fromWho="1" sc="246,71,329,-61,163,0,252,0" /><INIT seed="4,2,0,5,2,12" ten="317,268,163,252" oya="0" hai0="72,100,70,32,84,128,77,87,97,131,123,35,76" hai1="94,71,102,95,31,106,21,65,125,53,60,113,58" hai2="124,17,79,64,82,99,5,2,78,1,129,118,85" hai3="130,26,69,24,120,81,89,132,7,10,15,59,3"/><T134/><D70/><U52/><E113/><V74/><F124/><W28/><G69/><T45/><D45/><U18/><E125/><V33/><F129/><N who="0" m="49738" /><D123/><U27/><E53/><V115/><F33/><N who="0" m="12874" /><D72/><U42/><E42/><V127/><F115/><W37/><G37/><T41/><D41/><U103/><E31/><V133/><F127/><W105/><G105/><T62/><D62/><U16/><E18/><V34/><F34/><W61/><G120/><T39/><D39/><U93/><REACH who="1" step="1"/><E106/><REACH who="1" ten="317,258,163,252" step="2"/><V92/><F17/><W14/><G28/><T96/><D134/><U49/><AGARI ba="2,1" hai="16,21,27,49,52,58,60,65,71,93,94,95,102,103" machi="49" ten="30,12000,2" yaku="1,1,2,1,0,1,52,1,54,2,53,0" doraHai="12" doraHaiUra="119" who="1" fromWho="1" sc="317,-62,258,136,163,-32,252,-32" /><INIT seed="5,0,0,4,4,10" ten="255,394,131,220" oya="1" hai0="107,37,132,91,55,99,15,39,128,87,104,130,110" hai1="38,123,29,115,66,78,11,116,106,90,12,32,4" hai2="23,25,86,53,102,69,14,133,88,49,27,1,72" hai3="58,13,76,22,134,35,111,64,103,131,109,80,8"/><U41/><E115/><V50/><F72/><W73/><G35/><T30/><D30/><U20/><E116/><V62/><F1/><W34/><G131/><N who="0" m="50219" /><D110/><U26/><E106/><N who="0" m="40489" /><D99/><U24/><E78/><V7/><F102/><W33/><G134/><T100/><D100/><U129/><E129/><V121/><F133/><W40/><G40/><T54/><D132/><U16/><E66/><V70/><F121/><W112/><G112/><T47/><D15/><U122/><REACH who="1" step="1"/><E90/><REACH who="1" ten="255,384,131,220" step="2"/><V94/><F70/><W83/><G76/><T71/><D91/><U96/><E96/><V52/><F69/><W117/><G64/><T36/><D71/><U63/><E63/><V108/><F62/><W135/><G117/><T19/><D87/><U93/><E93/><V95/><F94/><W68/><G135/><T92/><D92/><U79/><E79/><V120/><F108/><W60/><G68/><T97/><D97/><U74/><E74/><V56/><F120/><W101/><G73/><T114/><D114/><U81/><E81/><V43/><F43/><W44/><G83/><T28/><D55/><U67/><E67/><V126/><F126/><W18/><G80/><T6/><D54/><U5/><E5/><V125/><F125/><W119/><G119/><T0/><D6/><U75/><E75/><V127/><F127/><W124/><G124/><T59/><D39/><U98/><E98/><V84/><F86/><W48/><G109/><T3/><D36/><U65/><E65/><V2/><F53/><N who="3" m="33871" /><G111/><T31/><D37/><U118/><E118/><V42/><F42/><N who="3" m="24599" /><G103/><T85/><D85/><RYUUKYOKU ba="0,1" sc="255,-10,384,30,131,-10,220,-10" hai1="4,11,12,16,20,24,26,29,32,38,41,122,123" /><INIT seed="5,1,1,2,5,91" ten="245,414,121,210" oya="1" hai0="108,79,37,30,76,89,7,32,119,67,9,41,69" hai1="131,100,86,31,15,99,33,97,29,1,18,63,121" hai2="87,82,12,0,125,98,55,85,23,2,3,44,83" hai3="24,68,36,54,110,57,130,92,56,52,116,59,107"/><U16/><E1/><V70/><F125/><W64/><G110/><T74/><D30/><U112/><E131/><V95/><F70/><W129/><G107/><T124/><D32/><U114/><E121/><V84/><F44/><W35/><G35/><T50/><D37/><U60/><E33/><V20/><F55/><N who="3" m="21035" /><G24/><T28/><D28/><U101/><E86/><V72/><F72/><W13/><G13/><AGARI ba="1,1" hai="13,15,16,18,29,31,60,63,97,99,100,101,112,114" machi="13" ten="25,4800,0" yaku="22,2,54,1" doraHai="91" who="1" fromWho="3" sc="245,0,414,61,121,0,210,-51" /><INIT seed="5,2,0,4,0,11" ten="245,475,121,159" oya="1" hai0="62,68,0,119,31,125,97,124,64,32,54,120,59" hai1="44,110,88,108,71,131,99,13,39,49,47,2,101" hai2="60,36,65,86,115,6,113,38,94,34,51,114,57" hai3="117,50,128,52,5,46,58,118,42,85,69,66,111"/><U30/><E2/><V100/><F34/><W24/><G5/><T3/><D97/><U77/><E71/><V20/><F6/><W40/><G24/><N who="0" m="18535" /><D119/><N who="3" m="45577" /><G85/><T72/><D72/><U8/><E77/><V105/><F20/><W76/><G76/><T4/><D4/><U89/><E30/><V91/><REACH who="2" step="1"/><F51/><REACH who="2" ten="245,475,111,159" step="2"/><N who="3" m="31007" /><G111/><T61/><D120/><U23/><E110/><V81/><F81/><W123/><G123/><T79/><D79/><U12/><E108/><V98/><AGARI ba="2,1" hai="36,38,57,60,65,86,91,94,98,100,105,113,114,115" machi="98" ten="40,8000,1" yaku="1,1,0,1,15,1,11,1,53,1" doraHai="11" doraHaiUra="102" who="2" fromWho="2" sc="245,-22,475,-42,111,96,159,-22" /><INIT seed="6,0,0,3,2,108" ten="223,433,207,137" oya="2" hai0="66,23,21,127,5,83,129,35,98,32,113,73,119" hai1="54,135,78,118,40,58,10,115,120,77,102,44,16" hai2="126,15,114,52,121,1,64,12,105,106,49,92,95" hai3="18,27,74,47,87,65,112,28,124,81,76,19,26"/><V131/><F1/><W3/><G124/><T25/><D66/><U69/><E115/><V38/><F114/><W43/><G3/><T99/><D113/><U70/><E135/><V46/><F121/><W29/><G112/><T48/><D127/><U51/><E118/><V62/><F126/><W72/><G65/><T128/><D5/><U0/><E120/><V61/><F61/><W7/><G7/><T8/><D8/><U132/><E132/><V75/><F75/><W125/><G125/><T39/><D39/><U130/><E130/><N who="0" m="50281" /><D21/><U9/><E9/><V50/><F50/><W93/><G74/><T59/><D59/><U41/><E41/><V84/><F38/><W90/><G27/><T133/><D48/><U107/><E70/><V80/><F106/><W42/><G29/><N who="0" m="17599" /><D133/><U68/><E68/><V60/><F105/><W17/><REACH who="3" step="1"/><G47/><REACH who="3" ten="223,433,207,127" step="2"/><T37/><D73/><U109/><E0/><V30/><F131/><W117/><G117/><T110/><D119/><U88/><E44/><V100/><F30/><W97/><G97/><T31/><D99/><U63/><E109/><V122/><F64/><W89/><G89/><T123/><D98/><U96/><E107/><V116/><F116/><W104/><G104/><T11/><D110/><U14/><E102/><V85/><F100/><W103/><G103/><T79/><D123/><U33/><E88/><V36/><F122/><W134/><G134/><T67/><D67/><U82/><E69/><V13/><F46/><W57/><G57/><T94/><D31/><U101/><E101/><V22/><F84/><W86/><G86/><RYUUKYOKU ba="0,1" sc="223,-10,433,-10,207,-10,127,30" hai3="17,18,19,26,28,42,43,72,76,81,87,90,93" /><INIT seed="7,1,1,4,0,33" ten="213,423,197,157" oya="3" hai0="61,31,46,77,135,78,95,9,88,100,134,60,6" hai1="32,45,114,22,72,68,19,102,39,85,24,40,65" hai2="108,53,122,82,84,98,76,26,128,131,38,80,119" hai3="44,1,118,129,107,21,63,109,55,47,69,14,16"/><W133/><G118/><T121/><D100/><U103/><E72/><V120/><F108/><W8/><G109/><T91/><D121/><N who="2" m="46698" /><F119/><W42/><G129/><T101/><D101/><U37/><E37/><V79/><F38/><W89/><G133/><N who="0" m="50699" /><D31/><U20/><E32/><V104/><F53/><W99/><G107/><T90/><D95/><U23/><E85/><N who="2" m="48263" /><F26/><N who="3" m="14631" /><G1/><N who="0" m="207" /><D46/><N who="3" m="17449" /><G42/><T86/><D86/><U93/><E23/><V10/><F10/><W130/><G69/><T66/><D61/><U110/><E22/><V49/><F49/><W125/><G125/><T112/><D112/><U7/><E114/><V51/><F51/><W94/><G130/><T71/><AGARI ba="1,1" hai="60,66,71,77,78,88,90,91" m="207,50699" machi="71" ten="30,4000,0" yaku="20,1,52,1,54,1" doraHai="33" who="0" fromWho="0" sc="213,53,423,-11,197,-11,157,-21" owari="266,6.6,412,51.2,186,-21.4,136,-36.4" /></mjloggm>