<mjloggm ver="2.3"><GO type="169" lobby="0"/><UN n0="%E3%82%86%E3%81%86%E3%82%86%E3%81%8D" n1="%E4%BA%BA%E5%93%81%E3%81%AA%E3%81%97" n2="%E2%91%A3%E3%82%BB%E3%83%B3%E3%83%81" n3="%E8%8A%B1%E8%90%BD%E4%BD%95%E4%BA%BA%E7%9F%A5" dan="16,17,18,16" rate="2199.03,2208.39,2286.39,2122.42" sx="M,M,M,M"/><TAIKYOKU oya="0"/><INIT seed="0,0,0,3,0,124" ten="250,250,250,250" oya="0" hai0="21,117,94,31,28,95,99,50,35,22,130,90,83" hai1="132,82,13,134,53,100,93,121,135,44,75,77,127" hai2="105,87,42,40,11,30,38,47,89,48,43,39,33" hai3="119,17,133,113,129,55,3,68,41,64,123,110,101"/><T16/><D117/><U57/><E127/><V84/><F105/><W9/><G113/><T63/><D130/><U72/><E121/><V69/><F69/><W8/><G119/><T65/><D50/><U62/><E13/><V131/><F87/><W29/><G110/><T102/><D83/><U88/><E100/><V80/><F30/><W97/><G133/><T61/><D22/><U2/><E2/><V32/><F11/><W85/><G41/><T91/><D102/><U54/><E44/><V1/><F1/><W23/><G29/><T81/><D81/><U103/><E103/><V7/><F7/><W79/><G55/><T120/><D120/><U46/><E46/><V12/><F12/><W52/><G85/><T96/><D35/><U111/><E111/><V118/><F131/><W34/><G34/><T45/><D45/><U27/><E27/><V24/><F24/><W6/><G79/><T14/><REACH who="0" step="1"/><D63/><REACH who="0" ten="240,250,250,250" step="2"/><U59/><E75/><V19/><F118/><W37/><G129/><T36/><D36/><N who="2" m="13866" /><F33/><W5/><G37/><T60/><D60/><U74/><E74/><V125/><F32/><W78/><G123/><T115/><D115/><U76/><E76/><V98/><F125/><W49/><G78/><T86/><D86/><U108/><E108/><V51/><F98/><W122/><G122/><T66/><D66/><U104/><E62/><V67/><F67/><W107/><G64/><T4/><D4/><N who="3" m="1641" /><G3/><T25/><D25/><U70/><E72/><V128/><F128/><W73/><G73/><T15/><D15/><U10/><E77/><V71/><F43/><RYUUKYOKU ba="0,1" sc="240,30,250,-10,250,-10,250,-10" hai0="14,16,21,28,31,61,65,90,91,94,95,96,99" /><INIT seed="0,1,1,1,0,114" ten="270,240,240,240" oya="0" hai0="27,81,13,18,111,110,112,56,65,103,83,51,36" hai1="15,44,4,101,107,116,113,19,105,57,8,97,125" hai2="2,54,33,79,85,133,11,88,76,5,61,21,29" hai3="70,89,78,58,123,17,130,46,39,25,40,128,52"/><T109/><D112/><U100/><E113/><V10/><F33/><W129/><G78/><T104/><D36/><U22/><E125/><V91/><F133/><W127/><G127/><T14/><D103/><U99/><E57/><V38/><F38/><W0/><G0/><T122/><D104/><U41/><E116/><V118/><F91/><W120/><G89/><T23/><D122/><N who="3" m="46633" /><G25/><T135/><D135/><U16/><REACH who="1" step="1"/><E22/><REACH who="1" ten="270,230,240,240" step="2"/><V20/><F20/><W115/><G115/><T63/><REACH who="0" step="1"/><D51/><AGARI ba="1,2" hai="4,8,15,16,19,41,44,51,97,99,100,101,105,107" machi="51" ten="30,12000,2" yaku="1,1,2,1,7,1,9,1,54,1,53,1" doraHai="114" doraHaiUra="45" who="1" fromWho="0" sc="270,-123,230,143,240,0,240,0" /><INIT seed="1,0,0,0,3,44" ten="147,373,240,240" oya="1" hai0="76,95,15,108,81,27,74,82,118,19,47,129,38" hai1="28,87,96,31,122,50,70,93,52,20,16,127,90" hai2="133,57,55,5,84,45,119,73,116,43,88,135,9" hai3="7,109,62,126,54,68,131,64,110,132,51,34,123"/><U63/><E127/><V17/><F17/><W67/><G34/><T8/><D118/><U94/><E63/><V10/><F73/><W128/><G7/><T65/><D129/><N who="3" m="49737" /><G123/><T78/><D108/><N who="3" m="41577" /><G67/><T36/><D65/><U71/><E71/><V32/><F32/><W115/><G126/><T14/><D27/><N who="1" m="14727" /><E70/><V2/><F10/><W101/><G101/><T83/><D95/><U86/><E122/><V112/><F112/><W29/><G29/><N who="1" m="11338" /><E94/><V0/><F0/><W134/><G115/><T18/><D83/><U103/><E103/><V13/><F2/><W4/><G4/><T80/><D80/><U72/><E72/><V113/><F113/><W99/><G99/><T85/><REACH who="0" step="1"/><D47/><AGARI ba="0,0" hai="47,50,52,86,87,90,93,96" m="11338,14727" machi="47" ten="30,11600,0" yaku="8,1,52,1,54,2" doraHai="44" who="1" fromWho="0" sc="147,-116,373,116,240,0,240,0" /><AGARI ba="0,0" hai="47,51,54,62,64,68,132,134" m="41577,49737" machi="47" ten="30,8000,1" yaku="19,1,14,1,34,2,52,1" doraHai="44" who="3" fromWho="0" sc="31,-80,489,0,240,0,240,80" owari="-49,-54.9,489,58.9,240,-16.0,320,12.0" /></mjloggm>