<mjloggm ver="2.3"><GO type="169" lobby="0"/><UN n0="%E3%82%A8%E3%82%B0%E3%83%81%E3%80%81" n1="%6B%61%74%65%72%69%6E%61" n2="%E6%95%97%E5%8C%97%E8%80%85%E3%81%AD%E3%82%8B" n3="%E5%A4%A7%E7%A9%BA%E3%82%B9%E3%83%90%E3%83%AB%E2%98%86" dan="17,17,17,16" rate="2180.29,2248.05,2147.28,2115.10" sx="M,M,F,F"/><TAIKYOKU oya="0"/><INIT seed="0,0,0,0,3,1" ten="250,250,250,250" oya="0" hai0="53,16,34,80,111,54,82,98,36,135,28,33,47" hai1="115,129,77,64,27,116,89,0,20,68,19,114,18" hai2="97,83,21,23,67,44,106,38,65,76,51,93,29" hai3="85,71,125,11,94,42,10,117,12,127,49,100,22"/><T60/><D135/><U56/><E116/><V39/><F106/><W105/><G71/><T113/><D113/><U61/><E77/><V17/><F29/><W134/><G105/><T104/><D111/><U46/><E0/><V55/><F38/><W90/><G100/><T128/><D128/><U86/><E129/><V118/><F39/><W41/><G117/><T130/><D130/><U48/><E68/><V52/><F55/><W4/><G134/><T103/><D82/><U91/><E19/><V110/><F23/><W133/><G133/><T132/><D132/><U92/><REACH who="1" step="1"/><E91/><REACH who="1" ten="250,240,250,250" step="2"/><V6/><F118/><W73/><G90/><T66/><D16/><U122/><E122/><V120/><F120/><W131/><G131/><T99/><D28/><U7/><E7/><V88/><F6/><W58/><G4/><T37/><D103/><U35/><E35/><V70/><F70/><W15/><G127/><T108/><D108/><U2/><E2/><V95/><F110/><W74/><G125/><T84/><D33/><U119/><E119/><V50/><F95/><W3/><G94/><T107/><D34/><U109/><E109/><V78/><F78/><W123/><G3/><T14/><D80/><U75/><E75/><V121/><F121/><W81/><G74/><T87/><D47/><U72/><E72/><V124/><F124/><W24/><G73/><T9/><D107/><U62/><E62/><V69/><F69/><W112/><G81/><T25/><D104/><U126/><E126/><V31/><F83/><W63/><G123/><T45/><D60/><U5/><E5/><RYUUKYOKU ba="0,1" sc="250,-10,240,30,250,-10,250,-10" hai1="18,20,27,46,48,56,61,64,86,89,92,114,115" /><INIT seed="1,1,1,2,0,25" ten="240,270,240,240" oya="1" hai0="42,0,88,3,120,34,21,22,86,100,68,87,72" hai1="133,26,6,98,69,45,73,118,8,109,80,52,55" hai2="63,13,96,10,93,36,1,28,57,81,125,65,89" hai3="62,12,103,99,32,47,11,74,119,49,20,9,129"/><U61/><E118/><V105/><F36/><W31/><G74/><T23/><D72/><U92/><E133/><V75/><F125/><W78/><G78/><T113/><D113/><U95/><E109/><V94/><F1/><W123/><G123/><T91/><D68/><U30/><E73/><V126/><F126/><W56/><G32/><T85/><D120/><U5/><E80/><V134/><F134/><W84/><G84/><T115/><D115/><U27/><E27/><V124/><F124/><W102/><G129/><T106/><D34/><U70/><E92/><V127/><F127/><W50/><G50/><T117/><D117/><U97/><E97/><V104/><F94/><W7/><G11/><T2/><D42/><U112/><E112/><V116/><F116/><W82/><G82/><T110/><D110/><U29/><E26/><V108/><F108/><W48/><G48/><T71/><D71/><U79/><E79/><V51/><F51/><W53/><G119/><T46/><D46/><U67/><E70/><V90/><F75/><W66/><G99/><AGARI ba="1,1" hai="0,2,3,21,22,23,85,86,87,88,91,99,100,106" machi="99" ten="50,6400,0" yaku="29,2,54,1" doraHai="25" who="0" fromWho="3" sc="240,77,270,0,240,0,240,-67" /><INIT seed="2,0,0,4,4,121" ten="317,270,240,173" oya="2" hai0="74,107,105,114,85,33,132,94,0,78,79,23,61" hai1="24,59,122,46,93,6,40,112,20,126,109,30,123" hai2="77,84,52,53,97,98,69,10,44,39,11,2,17" hai3="31,67,128,103,3,29,119,133,45,90,41,56,104"/><V4/><F69/><W68/><G3/><T99/><D33/><U42/><E112/><V88/><F77/><W8/><G68/><T106/><D0/><U51/><E126/><V134/><F134/><W117/><G8/><T125/><D23/><U108/><E6/><V131/><F131/><W75/><G75/><T89/><D61/><U47/><E93/><V76/><F76/><N who="0" m="29226" /><D114/><U92/><E92/><V80/><F39/><W116/><G133/><T91/><D132/><U82/><E82/><V26/><F44/><W13/><G13/><T25/><D25/><U14/><E59/><V9/><F2/><W86/><G128/><T96/><D125/><U120/><REACH who="1" step="1"/><E14/><REACH who="1" ten="317,260,240,173" step="2"/><V54/><F4/><W57/><G57/><T118/><D118/><U18/><E18/><V111/><F111/><W70/><G70/><T19/><D19/><U73/><E73/><V65/><F65/><W64/><G56/><T7/><D7/><U95/><E95/><V71/><F71/><W127/><G127/><T38/><D74/><U21/><E21/><AGARI ba="0,1" hai="9,10,11,17,21,26,52,53,54,80,84,88,97,98" machi="21" ten="40,7700,0" yaku="8,1,54,2" doraHai="121" who="2" fromWho="1" sc="317,0,260,-77,240,87,173,0" /><INIT seed="2,1,0,4,5,16" ten="317,183,327,173" oya="2" hai0="94,76,51,38,118,18,95,71,55,27,20,56,50" hai1="33,19,128,82,28,67,10,117,41,25,112,35,52" hai2="13,123,11,119,4,116,91,59,23,125,81,102,65" hai3="15,45,66,0,64,49,32,46,98,9,109,84,70"/><V108/><F123/><W1/><G32/><T127/><D38/><U103/><E112/><V54/><F125/><W72/><G72/><T110/><D71/><U97/><E117/><V131/><F131/><W3/><G109/><T34/><D110/><U48/><E128/><V78/><F108/><W113/><G113/><T61/><D127/><U36/><E67/><V43/><F65/><W126/><G126/><T22/><D118/><U88/><E36/><V74/><F102/><W29/><G29/><N who="0" m="17639" /><D76/><U79/><E41/><V14/><F91/><W57/><G70/><T134/><D34/><U122/><E122/><V26/><F14/><W99/><G84/><T83/><D83/><U80/><E35/><V111/><F43/><W24/><G24/><N who="0" m="14423" /><D134/><U75/><E103/><V69/><F69/><W6/><G57/><T44/><D51/><U30/><E30/><V87/><F74/><W2/><G46/><T104/><D104/><U107/><E107/><V120/><F120/><W63/><G0/><T86/><D86/><U47/><E82/><V130/><F130/><W12/><G12/><T5/><D5/><U90/><REACH who="1" step="1"/><E97/><REACH who="1" ten="317,173,327,173" step="2"/><V7/><F111/><W96/><REACH who="3" step="1"/><G63/><REACH who="3" ten="317,173,327,163" step="2"/><T37/><D37/><U8/><E8/><V114/><F114/><W21/><G21/><T101/><D101/><U135/><E135/><V92/><F119/><W89/><G89/><T42/><AGARI ba="1,2" hai="42,44,50,55,56,61,94,95" m="14423,17639" machi="42" ten="30,4000,0" yaku="8,1,52,2" doraHai="16" who="0" fromWho="0" sc="317,63,173,-11,327,-21,163,-11" /><INIT seed="3,0,0,5,2,38" ten="380,162,306,152" oya="3" hai0="94,56,18,30,115,21,0,22,113,91,9,122,111" hai1="49,110,43,37,20,82,8,7,70,109,132,44,24" hai2="45,85,54,88,128,99,5,28,64,2,17,74,97" hai3="69,14,62,103,127,120,98,25,119,81,71,31,105"/><W130/><G119/><T83/><D122/><U34/><E70/><V39/><F74/><W60/><G120/><T48/><D111/><N who="1" m="42507" /><E34/><V23/><F128/><W57/><G130/><T104/><D104/><U102/><E82/><V95/><F28/><W107/><G107/><T12/><D83/><U89/><E89/><V133/><F133/><W55/><G127/><T90/><D0/><N who="1" m="103" /><E102/><V72/><F72/><W118/><G118/><T124/><D124/><U50/><E132/><V11/><F64/><W3/><G3/><T116/><D116/><U59/><E59/><V129/><F129/><W75/><G62/><T121/><D121/><U6/><E6/><V51/><REACH who="2" step="1"/><F39/><REACH who="2" ten="380,162,296,152" step="2"/><W80/><G75/><T76/><D30/><AGARI ba="0,1" hai="20,24,30,37,43,44,49,50" m="103,42507" machi="30" ten="30,2000,0" yaku="14,1,52,1" doraHai="38" who="1" fromWho="0" sc="380,-20,162,30,296,0,152,0" /><INIT seed="4,0,0,5,3,29" ten="360,192,296,152" oya="0" hai0="12,35,108,9,5,85,124,129,115,14,120,37,118" hai1="49,1,96,131,81,26,76,66,117,134,111,24,121" hai2="40,70,64,61,113,93,34,99,130,58,77,33,25" hai3="3,72,122,89,2,123,73,126,67,63,18,11,101"/><T104/><RYUUKYOKU type="yao9" ba="0,0" sc="360,0,192,0,296,0,152,0" hai0="5,9,12,14,35,37,85,104,108,115,118,120,124,129" /><INIT seed="4,1,0,2,0,50" ten="360,192,296,152" oya="0" hai0="109,52,105,95,58,128,49,6,14,111,54,77,102" hai1="47,4,62,15,59,119,11,75,20,61,29,17,94" hai2="73,86,117,64,55,23,3,40,82,120,110,9,115" hai3="34,126,32,123,81,67,100,108,106,129,122,133,85"/><T127/><D128/><U21/><E119/><V31/><F110/><N who="0" m="41994" /><D127/><U28/><E75/><V33/><F73/><W8/><G108/><T89/><D77/><U104/><E104/><V116/><F120/><N who="3" m="46123" /><G126/><T46/><D105/><U38/><E21/><V79/><F115/><W99/><G129/><T0/><D102/><U101/><E61/><V10/><F33/><W57/><G133/><T72/><D72/><U36/><E36/><V22/><F40/><W114/><G114/><T83/><D83/><U44/><E38/><V70/><F64/><W69/><G69/><T2/><D14/><U45/><E94/><V90/><F70/><W35/><G8/><T19/><D19/><U74/><E101/><V25/><F22/><W131/><G131/><T121/><D6/><U91/><E91/><V18/><F90/><N who="3" m="51503" /><G35/><T37/><D121/><U84/><E84/><V16/><F3/><W68/><G68/><T78/><D78/><U26/><REACH who="1" step="1"/><E74/><REACH who="1" ten="360,182,296,152" step="2"/><V97/><F117/><W71/><G71/><T135/><D37/><U48/><E48/><V118/><F116/><W56/><G34/><T98/><D135/><U80/><E80/><V51/><F118/><W66/><G32/><T107/><D107/><U7/><E7/><V30/><F97/><W63/><G63/><AGARI ba="1,1" hai="0,2,46,49,52,54,58,63,89,95,98" m="41994" machi="63" ten="30,11600,0" yaku="10,1,52,2,54,1" doraHai="50" who="0" fromWho="3" sc="360,129,182,0,296,0,152,-119" /><INIT seed="4,2,0,1,4,119" ten="489,182,296,33" oya="0" hai0="20,121,122,14,57,117,78,111,75,97,72,31,35" hai1="126,133,94,38,19,51,104,110,13,32,26,96,109" hai2="21,5,108,83,129,45,50,88,99,39,67,103,60" hai3="28,84,127,15,33,40,27,29,125,52,44,73,95"/><T115/><D117/><U30/><E38/><V77/><F108/><W81/><G29/><T16/><D111/><U18/><E104/><V22/><F39/><W92/><G15/><T131/><D115/><U41/><E126/><N who="3" m="48138" /><G40/><T46/><D46/><U85/><E133/><V17/><F129/><W105/><G105/><T71/><D71/><U112/><E112/><V65/><F5/><W79/><G73/><T89/><D131/><U43/><E85/><V98/><F88/><W62/><G62/><T9/><D35/><U132/><E18/><V42/><F103/><W1/><G1/><T124/><D124/><U120/><E132/><V123/><F123/><W93/><G93/><T59/><D57/><U12/><E12/><V4/><F4/><W113/><G113/><T82/><D72/><U63/><E63/><V70/><F67/><W100/><G100/><T58/><D59/><U48/><E120/><V23/><REACH who="2" step="1"/><F17/><REACH who="2" ten="489,182,286,33" step="2"/><W135/><G135/><T86/><D97/><U101/><E109/><V0/><F0/><W80/><G80/><T11/><D121/><U55/><E110/><V76/><F76/><W114/><G114/><T128/><D122/><U54/><E19/><V37/><F37/><W7/><G7/><T47/><D128/><U56/><E13/><V68/><F68/><W24/><G24/><T66/><D31/><U61/><E26/><V91/><F91/><W74/><G74/><AGARI ba="2,1" hai="21,22,23,42,45,50,60,65,70,74,77,83,98,99" machi="74" ten="40,1300,0" yaku="1,1,53,0" doraHai="119" doraHaiUra="130" who="2" fromWho="3" sc="489,0,182,0,286,29,33,-19" /><INIT seed="5,0,0,1,3,2" ten="489,182,315,14" oya="1" hai0="105,23,133,40,96,37,39,71,77,11,120,79,14" hai1="22,9,15,0,4,111,62,32,91,36,13,21,106" hai2="19,92,60,83,131,109,59,1,127,31,89,63,88" hai3="82,130,33,110,47,97,112,53,73,101,44,114,24"/><U66/><E106/><V57/><F109/><W128/><G110/><T104/><D71/><U6/><E36/><V61/><F1/><W129/><G24/><T56/><D133/><U85/><E111/><V54/><F131/><W132/><G33/><T43/><D56/><N who="1" m="37191" /><E32/><V45/><F127/><W41/><G132/><T95/><D23/><N who="1" m="8715" /><E0/><V34/><F34/><W74/><G53/><T116/><D95/><N who="1" m="54767" /><E15/><V108/><F108/><W135/><G135/><T35/><D14/><U81/><E81/><V84/><F31/><W16/><G16/><AGARI ba="0,0" hai="4,6,9,13,16" m="54767,8715,37191" machi="16" ten="30,11600,0" yaku="8,1,52,2,54,1" doraHai="2" who="1" fromWho="3" sc="489,0,182,116,315,0,14,-116" owari="489,58.9,298,-10.2,315,11.5,-102,-60.2" /></mjloggm>