<mjloggm ver="2.3"><GO type="169" lobby="0"/><UN n0="%74%61%6D%69%74%61%6D%69" n1="%E5%81%BD%E9%80%A0%E6%8D%8F%E9%80%A0%E5%AE%89%E5%80%8D%E6%99%8B%E4%B8%89" n2="%E3%83%AD%E3%83%83%E3%83%86%E9%9B%80%E7%90%83" n3="%E3%81%8A%E9%AB%98" dan="16,16,17,18" rate="2056.14,2145.41,2199.93,2257.26" sx="M,M,M,M"/><TAIKYOKU oya="0"/><INIT seed="0,0,0,5,4,37" ten="250,250,250,250" oya="0" hai0="76,42,135,9,40,49,62,55,114,92,107,43,94" hai1="59,117,24,84,27,38,50,115,96,28,18,32,131" hai2="101,39,79,130,63,4,68,134,30,57,75,71,35" hai3="70,132,86,113,97,17,72,105,8,126,13,77,80"/><T93/><D114/><U116/><E38/><V46/><F101/><W52/><G113/><T87/><D107/><U45/><E115/><V51/><F4/><W103/><G126/><T48/><D135/><U67/><E131/><V99/><F99/><W1/><G132/><T112/><D112/><U108/><E108/><V122/><F30/><W11/><G70/><N who="2" m="26665" /><F79/><W34/><G34/><T102/><D102/><U90/><E96/><V104/><F75/><W89/><G1/><T10/><D62/><U36/><E36/><V82/><F82/><W61/><G8/><N who="0" m="3179" /><D55/><U127/><E127/><V73/><F73/><W53/><REACH who="3" step="1"/><G61/><REACH who="3" ten="250,250,250,240" step="2"/><T109/><D109/><U110/><E110/><V88/><F63/><W91/><G91/><T12/><D12/><U69/><E69/><V81/><F88/><W0/><G0/><T98/><D98/><U66/><E90/><V64/><F35/><W2/><G2/><T14/><D14/><U118/><E117/><V58/><F134/><W120/><G120/><T41/><N who="0" m="10240" /><DORA hai="25" /><T31/><D31/><U54/><E116/><V119/><F122/><W33/><G33/><T124/><D124/><U125/><E125/><V128/><F119/><W19/><G19/><T6/><D6/><U21/><E118/><V100/><F39/><W133/><G133/><T85/><D76/><U23/><E32/><V106/><F130/><W56/><G56/><T111/><D111/><U123/><E123/><V15/><F58/><W129/><G129/><T78/><D78/><U22/><E59/><V7/><F57/><W16/><G16/><T95/><D48/><RYUUKYOKU ba="0,1" sc="250,-10,250,-10,250,-10,240,30" hai3="11,13,17,52,53,72,77,80,86,89,97,103,105" /><INIT seed="1,1,1,3,3,49" ten="240,240,240,270" oya="1" hai0="115,12,72,59,108,110,38,103,71,113,44,35,129" hai1="20,87,26,131,50,104,121,11,132,114,118,40,64" hai2="96,106,95,21,8,3,68,14,43,98,34,93,70" hai3="74,16,30,32,2,28,90,89,94,102,126,23,45"/><U63/><E114/><V92/><F34/><W46/><G74/><T65/><D35/><U4/><E118/><V88/><F3/><W51/><G2/><T62/><D103/><U109/><E121/><V123/><F123/><W53/><G126/><T27/><D27/><U39/><E39/><V67/><F106/><W105/><G32/><T5/><D72/><U101/><E131/><V83/><F43/><W86/><G105/><T75/><D75/><U17/><E132/><V116/><F116/><W134/><G102/><T117/><D117/><U99/><E109/><N who="0" m="42089" /><D12/><U7/><E87/><V135/><F135/><W42/><G90/><T85/><D5/><U84/><E84/><N who="2" m="50207" /><F70/><W33/><G33/><T10/><D10/><U66/><E11/><V25/><F67/><W120/><G134/><T24/><D24/><U36/><E36/><V128/><F68/><W77/><G77/><T81/><D71/><U47/><REACH who="1" step="1"/><E66/><REACH who="1" ten="240,230,240,270" step="2"/><V122/><F122/><W56/><G120/><T60/><D129/><U111/><E111/><V82/><F128/><W76/><G76/><T9/><D9/><U79/><E79/><V52/><F98/><W19/><G19/><T125/><D85/><U119/><E119/><V22/><F96/><W6/><G6/><T78/><D78/><U127/><E127/><V31/><F8/><W112/><G112/><N who="0" m="43083" /><D125/><U58/><AGARI ba="1,2" hai="4,7,17,20,26,40,47,50,58,63,64,99,101,104" machi="58" ten="20,3900,0" yaku="1,1,0,1,7,1,53,0" doraHai="49" doraHaiUra="133" who="1" fromWho="1" sc="240,-14,230,62,240,-14,270,-14" /><INIT seed="1,2,0,0,3,78" ten="226,292,226,256" oya="1" hai0="19,53,117,31,64,23,36,115,60,21,92,108,2" hai1="86,95,15,48,102,131,79,98,129,96,33,87,75" hai2="71,41,114,16,118,89,62,3,126,84,93,122,82" hai3="8,130,85,42,29,128,28,67,27,0,54,133,68"/><U14/><E33/><V134/><F3/><W83/><G133/><T32/><D108/><U47/><E75/><V40/><F118/><W74/><G42/><T49/><D36/><U13/><E98/><V66/><F122/><W46/><G74/><T43/><D43/><U63/><E63/><V97/><F134/><W105/><G105/><T11/><D117/><U24/><E24/><V51/><F126/><W80/><G85/><T12/><D32/><U106/><E106/><V76/><F114/><W91/><G91/><T57/><D2/><U73/><E73/><V110/><F110/><W116/><G67/><T107/><D107/><U72/><E72/><V69/><F69/><W20/><G28/><T125/><D125/><U113/><E113/><V30/><F30/><W37/><G68/><T59/><D31/><U90/><E79/><V124/><F124/><W45/><G37/><T70/><D115/><U50/><E50/><V7/><F7/><N who="3" m="1127" /><G116/><T111/><D111/><U123/><E123/><V121/><F121/><W4/><G4/><T100/><D70/><U65/><E65/><V6/><F6/><W81/><G54/><T10/><D21/><U39/><E39/><V99/><F51/><W35/><G35/><T44/><D59/><U135/><E135/><V109/><F109/><W101/><G101/><T26/><D26/><U5/><E5/><V9/><REACH who="2" step="1"/><F99/><AGARI ba="2,0" hai="10,11,12,19,23,44,49,53,57,60,64,92,99,100" machi="99" ten="40,1300,0" yaku="8,1" doraHai="78" who="0" fromWho="2" sc="226,19,292,0,226,-19,256,0" /><INIT seed="2,0,0,1,1,61" ten="245,292,207,256" oya="2" hai0="25,4,106,53,15,80,14,83,59,23,63,24,100" hai1="111,125,6,28,130,58,128,38,89,135,103,99,123" hai2="131,60,57,54,16,132,31,66,91,77,84,110,47" hai3="102,115,39,90,87,119,32,116,70,41,88,55,113"/><V122/><F131/><N who="1" m="50217" /><E38/><V95/><F132/><W107/><G32/><T97/><D24/><U50/><E28/><V81/><F122/><W10/><G70/><T105/><D105/><U42/><E6/><V92/><F110/><W121/><G55/><T19/><D4/><U75/><E58/><V35/><F35/><W34/><G34/><T64/><D14/><U71/><E71/><V117/><F31/><W79/><G10/><T3/><D3/><U43/><E75/><V96/><F117/><N who="3" m="45131" /><G41/><T51/><REACH who="0" step="1"/><D25/><REACH who="0" ten="235,292,207,256" step="2"/><U40/><E123/><V1/><F1/><W21/><G121/><T52/><D52/><U18/><E111/><V20/><F95/><W101/><G107/><T7/><D7/><U68/><E135/><V134/><F134/><W2/><G2/><T73/><D73/><U120/><E120/><V56/><F47/><AGARI ba="0,1" hai="15,19,23,47,51,53,59,63,64,80,83,97,100,106" machi="47" ten="30,3900,0" yaku="1,1,7,1,52,1,53,0" doraHai="61" doraHaiUra="22" who="0" fromWho="2" sc="235,49,292,0,207,-39,256,0" /><INIT seed="3,0,0,5,1,135" ten="284,292,168,256" oya="3" hai0="24,23,53,126,60,61,57,8,65,41,76,100,58" hai1="54,6,49,131,50,39,16,70,20,31,81,27,92" hai2="21,129,107,34,38,40,18,12,108,66,94,121,125" hai3="75,123,110,22,62,134,67,0,109,15,52,11,130"/><W10/><G123/><T69/><D76/><U72/><E39/><V116/><F107/><W102/><G75/><T30/><D41/><U128/><E70/><V55/><F116/><W33/><G33/><T73/><D73/><U89/><E6/><V133/><F34/><W98/><G134/><T124/><D8/><U68/><E68/><V44/><F133/><W3/><G22/><T84/><D84/><U9/><E81/><V56/><F108/><N who="3" m="41579" /><G67/><T114/><D114/><U37/><E37/><V29/><F129/><N who="1" m="49737" /><E54/><V99/><F29/><W117/><G117/><T82/><D82/><U71/><E71/><V83/><F83/><W17/><G10/><T14/><D14/><N who="1" m="7247" /><E72/><V93/><F66/><W45/><G130/><T7/><D7/><U120/><E120/><V48/><F121/><W91/><G0/><T119/><D119/><U46/><E46/><V112/><F112/><W5/><G5/><T113/><D113/><U87/><AGARI ba="0,0" hai="20,27,31,49,50,87,89,92" m="7247,49737" machi="87" ten="30,2000,0" yaku="19,1,54,1" doraHai="135" who="1" fromWho="1" sc="284,-5,292,20,168,-5,256,-10" /><INIT seed="4,0,0,2,0,51" ten="279,312,163,246" oya="0" hai0="101,55,14,8,47,95,19,131,125,4,45,118,64" hai1="9,61,79,93,37,29,66,7,133,94,119,121,53" hai2="71,57,18,52,49,58,75,56,39,76,80,100,65" hai3="50,82,34,24,132,40,128,73,92,48,22,107,109"/><T84/><D118/><U117/><E121/><V3/><F3/><W74/><G109/><T12/><D125/><U91/><E37/><V6/><F6/><W20/><G107/><T104/><D104/><U68/><E133/><V77/><F39/><W114/><G34/><T42/><D64/><U127/><E127/><V123/><F123/><W85/><G114/><T2/><D131/><U72/><E29/><V69/><F100/><W83/><G92/><T106/><D106/><U46/><E79/><V54/><F77/><W78/><G132/><T27/><D27/><U21/><E72/><V10/><F65/><W88/><G128/><T62/><D2/><U33/><E33/><V120/><F120/><W36/><G20/><T31/><D31/><U105/><E105/><V63/><REACH who="2" step="1"/><F58/><REACH who="2" ten="279,312,153,246" step="2"/><W81/><G73/><T67/><D67/><U89/><E7/><V13/><AGARI ba="0,1" hai="10,13,18,49,52,54,56,57,63,69,71,75,76,80" machi="13" ten="30,12000,2" yaku="1,1,2,1,0,1,52,2,54,1,53,0" doraHai="51" doraHaiUra="99" who="2" fromWho="2" sc="279,-60,312,-30,153,130,246,-30" /><INIT seed="5,0,0,1,3,103" ten="219,282,283,216" oya="1" hai0="39,89,104,90,117,81,10,114,60,31,14,77,23" hai1="68,96,105,27,26,29,124,49,65,95,12,30,6" hai2="131,16,22,64,18,92,135,66,132,120,48,57,71" hai3="13,79,113,74,93,107,15,80,38,112,58,17,100"/><U94/><E124/><V115/><F120/><W76/><G38/><T63/><D39/><U106/><E49/><V56/><F131/><W21/><G76/><T123/><D123/><U82/><E82/><V35/><F35/><W5/><G93/><N who="1" m="35338" /><E96/><V78/><F115/><N who="3" m="44107" /><G58/><T130/><D114/><U97/><E97/><V98/><F78/><W34/><G34/><T101/><D130/><U51/><E12/><V53/><F71/><W118/><G118/><T83/><D117/><U121/><E51/><V84/><F84/><W67/><G67/><T55/><D55/><U33/><E6/><V88/><F18/><W36/><G36/><T59/><D59/><U25/><E33/><V2/><F2/><W3/><G3/><T32/><D32/><U19/><E19/><V61/><REACH who="2" step="1"/><F66/><REACH who="2" ten="219,282,273,216" step="2"/><W50/><G5/><T102/><D77/><U0/><E0/><V87/><F87/><W116/><G116/><T119/><D119/><U86/><E86/><V1/><F1/><W42/><G17/><T72/><D81/><U111/><E121/><V91/><F91/><W20/><G80/><T109/><D83/><U7/><E7/><V99/><F99/><N who="3" m="61855" /><G79/><T125/><D89/><U129/><E129/><V134/><F134/><W127/><G127/><T24/><D90/><U45/><E65/><V4/><F4/><W44/><G74/><T70/><D72/><U122/><E122/><V54/><F54/><W133/><G133/><T46/><D125/><U108/><E68/><V11/><F11/><W126/><G126/><T8/><D70/><U41/><E30/><V43/><F43/><RYUUKYOKU ba="0,1" sc="219,-15,282,-15,273,15,216,15" hai2="16,22,48,53,56,57,61,64,88,92,98,132,135" hai3="13,15,20,21,42,44,50" /><INIT seed="6,1,1,4,5,76" ten="204,267,288,231" oya="2" hai0="105,50,29,126,3,22,82,134,30,101,75,42,96" hai1="116,107,67,73,63,123,49,47,109,132,7,86,48" hai2="113,121,6,127,46,70,1,53,43,100,55,21,92" hai3="4,13,28,35,16,97,130,131,23,8,77,0,112"/><V119/><F70/><W17/><G77/><T111/><D111/><U110/><E73/><V91/><F119/><W10/><G97/><T133/><D3/><U31/><E107/><V129/><F121/><W64/><G64/><T85/><D75/><U34/><E116/><V15/><F113/><W25/><G112/><T93/><D105/><U120/><E7/><V83/><F129/><W39/><G39/><T54/><D42/><U5/><E5/><V95/><F127/><W99/><G99/><T19/><D126/><U117/><E117/><V52/><F1/><W108/><G108/><N who="1" m="41578" /><E86/><N who="2" m="50655" /><F100/><W41/><G41/><T125/><D125/><U104/><E104/><V89/><F89/><W102/><G102/><T118/><D118/><U58/><E31/><V37/><F37/><W98/><G98/><T62/><D30/><U84/><E84/><V12/><F43/><W45/><G45/><T103/><D29/><U90/><E90/><V2/><F46/><W33/><G33/><T11/><D103/><U57/><E132/><V36/><F36/><W69/><G69/><T115/><D115/><U80/><E80/><V14/><F2/><W78/><G78/><N who="0" m="46295" /><D134/><U60/><E34/><V122/><F122/><N who="1" m="46633" /><E47/><V51/><F6/><W79/><G79/><T26/><D133/><U124/><E124/><V71/><F71/><W24/><AGARI ba="1,1" hai="0,4,8,10,13,16,17,23,24,25,28,35,130,131" machi="24" ten="30,8000,1" yaku="0,1,34,3,54,1" doraHai="76" who="3" fromWho="3" sc="204,-21,267,-21,288,-41,231,93" /><INIT seed="7,0,0,0,3,0" ten="183,246,247,324" oya="3" hai0="68,18,96,39,100,61,123,66,46,26,19,109,75" hai1="6,33,103,107,2,106,45,114,99,49,76,129,10" hai2="134,131,128,122,70,105,111,87,21,110,47,80,50" hai3="63,48,30,98,64,36,85,57,124,86,104,25,53"/><W24/><G124/><T16/><D109/><U94/><E33/><V97/><F70/><W42/><G24/><T130/><D75/><U3/><E3/><V32/><F32/><W44/><G98/><T27/><D123/><U56/><E114/><V9/><F9/><W23/><G104/><T1/><D130/><N who="2" m="49706" /><F21/><W55/><G55/><T67/><D67/><U59/><E129/><V35/><F35/><W60/><G60/><T121/><D121/><U102/><E76/><N who="2" m="46471" /><F134/><W92/><G92/><T7/><D39/><U38/><E38/><V108/><F122/><W43/><G43/><T135/><D46/><AGARI ba="0,0" hai="23,25,30,36,42,44,46,48,53,57,63,64,85,86" machi="46" ten="30,1500,0" yaku="7,1" doraHai="0" who="3" fromWho="0" sc="183,-15,246,0,247,0,324,15" owari="168,-33.2,246,-15.4,247,4.7,339,43.9" /></mjloggm>