<mjloggm ver="2.3"><GO type="169" lobby="0"/><UN n0="%6F%6B%62%6F%6B%62" n1="%E6%84%9A%E5%85%84%E3%81%8C%E6%84%9A%E5%BD%A2" n2="%E7%BD%AA%E5%88%91%E6%B3%95%E5%AE%9A%E4%B8%BB%E7%BE%A9" n3="%E3%82%A4%E3%82%A7%E3%83%83%E3%82%BF%E3%82%A4%E3%82%AC%E3%83%BC" dan="17,18,17,16" rate="2194.33,2207.53,2238.26,2133.57" sx="M,M,M,M"/><TAIKYOKU oya="0"/><INIT seed="0,0,0,3,0,1" ten="250,250,250,250" oya="0" hai0="4,126,52,130,6,90,8,88,7,38,69,76,80" hai1="131,134,123,112,71,129,60,114,66,44,65,61,63" hai2="87,89,14,11,21,54,48,107,15,113,127,94,96" hai3="68,12,46,103,105,59,135,17,99,93,118,30,31"/><T84/><D69/><U3/><E3/><V100/><F127/><W55/><G68/><T73/><D126/><U91/><E91/><V97/><F113/><N who="1" m="43625" /><E123/><V20/><F97/><W51/><G118/><T25/><D38/><U98/><E98/><V50/><F15/><W111/><G135/><T23/><D130/><N who="1" m="49675" /><E134/><V70/><F70/><W132/><G132/><T77/><D8/><U64/><E71/><V74/><F50/><W81/><G111/><T62/><D73/><U37/><E44/><V101/><F101/><W79/><G105/><T18/><D90/><U28/><E28/><V104/><F104/><W78/><G46/><T92/><D80/><U5/><E5/><V85/><F74/><W19/><G19/><T27/><D27/><U133/><E133/><V116/><F87/><W26/><G26/><T58/><AGARI ba="0,0" hai="4,6,7,18,23,25,52,58,62,76,77,84,88,92" machi="58" ten="30,18000,2" yaku="0,1,8,1,52,3,54,2" doraHai="1" who="0" fromWho="0" sc="250,180,250,-60,250,-60,250,-60" /><INIT seed="0,1,0,5,4,88" ten="430,190,190,190" oya="0" hai0="2,82,124,77,98,105,21,42,25,26,134,115,125" hai1="22,81,7,1,29,135,32,66,117,60,53,48,46" hai2="58,15,0,17,95,54,14,121,85,3,61,40,87" hai3="102,64,31,100,116,27,79,8,16,109,89,69,91"/><T108/><D2/><U45/><E135/><V38/><F121/><W9/><G116/><T11/><D11/><U94/><E32/><V36/><F40/><W72/><G109/><T49/><D115/><U67/><E117/><V113/><F113/><W97/><G72/><T118/><D118/><U78/><E7/><V28/><F28/><W99/><G79/><T41/><D134/><U23/><E1/><V30/><F30/><W106/><G9/><T127/><D108/><U56/><E46/><V59/><F61/><W33/><G8/><T80/><D25/><U83/><E83/><N who="0" m="31785" /><D49/><U71/><E29/><V96/><F96/><W18/><G91/><T6/><D6/><U74/><E66/><V10/><F10/><W37/><G89/><T73/><D77/><U104/><E104/><V112/><F112/><W93/><G37/><T126/><D73/><U68/><E68/><V62/><F62/><AGARI ba="1,0" hai="16,18,27,31,33,62,64,69,93,97,99,100,102,106" machi="62" ten="40,8000,1" yaku="25,2,52,1,54,1" doraHai="88" who="3" fromWho="2" sc="430,0,190,0,190,-83,190,83" /><INIT seed="1,0,0,2,4,35" ten="430,190,107,273" oya="1" hai0="109,77,64,101,80,127,134,11,125,92,39,33,48" hai1="17,68,70,91,7,66,110,6,113,123,9,44,3" hai2="26,56,96,49,97,74,108,53,50,43,23,25,76" hai3="75,89,29,27,82,120,90,79,107,32,78,4,59"/><U106/><E113/><V87/><F74/><W57/><G120/><T119/><D109/><U1/><E123/><V15/><F108/><W71/><G71/><T31/><D39/><U40/><E110/><V112/><F112/><W118/><G118/><T22/><D33/><U58/><E17/><V88/><F76/><W81/><G107/><T122/><D122/><U69/><E106/><V54/><F43/><W105/><G105/><T5/><D64/><U72/><E91/><V14/><F14/><W55/><G4/><T104/><D104/><U93/><E93/><V30/><F15/><W99/><G99/><T121/><D121/><U86/><E86/><V83/><REACH who="2" step="1"/><F26/><REACH who="2" ten="430,190,97,273" step="2"/><W34/><G27/><T116/><D116/><U60/><E72/><V36/><F36/><W131/><G75/><T132/><D119/><U0/><REACH who="1" step="1"/><E9/><REACH who="1" ten="430,180,97,273" step="2"/><V2/><F2/><W42/><G131/><T130/><D130/><U98/><E98/><V16/><F16/><W84/><G29/><T100/><D31/><U102/><E102/><V67/><F67/><W51/><G32/><T18/><D100/><U12/><E12/><V114/><F114/><W46/><G34/><T47/><D101/><U95/><E95/><V45/><AGARI ba="0,2" hai="23,25,30,45,49,50,53,54,56,83,87,88,96,97" machi="45" ten="20,12000,2" yaku="1,1,0,1,7,1,8,1,54,1,53,1" doraHai="35" doraHaiUra="41" who="2" fromWho="2" sc="430,-30,180,-60,97,140,273,-30" /><INIT seed="2,0,0,4,0,107" ten="400,120,237,243" oya="2" hai0="34,38,25,69,37,51,29,117,129,80,11,20,62" hai1="127,8,74,130,33,10,31,58,114,135,21,111,120" hai2="88,77,84,101,36,64,53,79,118,100,72,44,55" hai3="49,54,67,26,70,86,121,7,116,95,83,110,81"/><V90/><F118/><W1/><G116/><T48/><D117/><U128/><E114/><V50/><F36/><W35/><G121/><T89/><D129/><U16/><E58/><V75/><F64/><W45/><G110/><T91/><D38/><U98/><E98/><V122/><F84/><W46/><G35/><T109/><D20/><U134/><E74/><V15/><F15/><W2/><G95/><T131/><D131/><N who="1" m="50219" /><E111/><V132/><F50/><W102/><G102/><T105/><D48/><U40/><E40/><V18/><F18/><W85/><G26/><T28/><D11/><U123/><E33/><V108/><F108/><W99/><G99/><T61/><D37/><U126/><E31/><V96/><F96/><W119/><G119/><T17/><D28/><U27/><E8/><V57/><F57/><W124/><G7/><T47/><D69/><U19/><E10/><V93/><F93/><W23/><G23/><T13/><D105/><U125/><E19/><V3/><F3/><W63/><G45/><T22/><D109/><U104/><E104/><V103/><F103/><W71/><G71/><T56/><D80/><U14/><E14/><V32/><F32/><W97/><G97/><T66/><D62/><U4/><E4/><V78/><F44/><W106/><G106/><T87/><D87/><N who="3" m="33289" /><G81/><T133/><D89/><U94/><E94/><V112/><F79/><W0/><G83/><T60/><D91/><U68/><E68/><V115/><F122/><AGARI ba="0,0" hai="16,21,27,120,122,123,125,126,127,134,135" m="50219" machi="122" ten="40,16000,3" yaku="30,2,13,1,18,1,19,1,34,2,54,1" doraHai="107" who="1" fromWho="2" sc="400,0,120,160,237,-160,243,0" /><INIT seed="3,0,0,5,5,53" ten="400,280,77,243" oya="3" hai0="38,70,121,95,115,91,111,69,82,20,31,3,41" hai1="76,80,10,98,109,133,68,134,127,16,39,9,99" hai2="67,63,66,126,37,29,92,101,78,77,123,97,23" hai3="116,119,42,132,79,22,44,64,4,87,6,46,84"/><W61/><G132/><N who="1" m="50794" /><E39/><V7/><F37/><W26/><G116/><T110/><D3/><U74/><E68/><V83/><F126/><W0/><G119/><T33/><D33/><U15/><E127/><V27/><F123/><W124/><G124/><T5/><D5/><N who="3" m="2153" /><G0/><T48/><D38/><U50/><E109/><V13/><F67/><W57/><G79/><T96/><D121/><U21/><E50/><V11/><REACH who="2" step="1"/><F83/><REACH who="2" ten="400,280,67,243" step="2"/><W47/><G42/><T107/><D82/><U104/><E104/><V93/><F93/><W94/><G94/><T35/><D107/><U17/><E9/><V25/><F25/><AGARI ba="0,1" hai="10,15,16,17,21,25,74,76,80,98,99" m="50794" machi="25" ten="30,2000,0" yaku="20,1,54,1" doraHai="53" who="1" fromWho="2" sc="400,0,280,30,67,-20,243,0" /><INIT seed="4,0,0,3,4,13" ten="400,310,47,243" oya="0" hai0="99,73,109,96,71,16,105,43,87,25,12,124,32" hai1="36,78,106,27,81,61,121,21,20,92,74,101,66" hai2="48,76,115,46,22,49,26,90,51,47,45,69,2" hai3="68,128,72,126,85,8,89,24,132,84,42,5,34"/><T58/><D71/><U135/><E135/><V62/><F2/><W38/><G132/><T65/><D73/><U19/><E36/><V125/><F76/><W80/><G68/><T14/><D124/><U93/><E121/><V52/><F125/><W127/><G128/><T67/><D105/><U133/><E133/><V4/><F4/><W91/><G34/><T6/><D43/><U7/><E7/><V31/><F115/><W116/><G24/><T53/><D87/><U18/><E101/><V79/><F79/><W11/><G116/><T23/><D109/><U3/><E3/><V10/><F10/><W123/><G123/><T108/><D108/><U117/><E106/><V1/><F1/><W0/><G11/><N who="0" m="4215" /><D25/><U57/><REACH who="1" step="1"/><E117/><REACH who="1" ten="400,300,47,243" step="2"/><V41/><F90/><W64/><G126/><T134/><D134/><U113/><E113/><V97/><F97/><N who="0" m="37450" /><D32/><U56/><E56/><V104/><F104/><W102/><G127/><T30/><D30/><U82/><E82/><V110/><F110/><W17/><G102/><T9/><D9/><U29/><E29/><V119/><F119/><W122/><G122/><T63/><AGARI ba="0,1" hai="14,16,23,53,58,63,65,67" m="37450,4215" machi="63" ten="30,6000,0" yaku="8,1,52,1,54,1" doraHai="13" who="0" fromWho="0" sc="400,70,300,-20,47,-20,243,-20" /><INIT seed="4,1,0,5,0,83" ten="470,280,27,223" oya="0" hai0="44,130,13,23,34,41,123,18,102,70,122,4,48" hai1="47,99,124,101,135,20,100,21,27,77,89,25,95" hai2="104,17,30,97,22,105,9,118,40,42,32,19,36" hai3="86,131,50,120,51,128,63,39,5,82,49,61,111"/><T57/><D34/><U103/><E124/><V116/><F32/><W119/><G5/><T72/><D72/><U98/><E135/><V37/><F22/><W134/><G119/><T35/><D35/><U24/><E77/><V53/><F53/><W29/><G29/><T132/><D132/><U74/><E74/><V46/><F97/><W58/><G134/><T91/><D70/><U6/><E6/><V127/><F46/><W78/><G39/><T114/><D114/><U85/><E47/><V7/><F7/><W15/><G111/><T92/><D102/><U38/><E38/><V67/><F67/><W69/><G15/><T8/><D57/><U71/><E71/><V87/><F9/><W125/><G125/><T10/><D10/><U73/><E73/><V68/><F68/><W115/><G115/><T133/><D130/><N who="3" m="49705" /><G120/><T16/><D133/><U75/><E75/><V45/><F45/><W33/><G33/><T129/><D129/><U64/><E64/><V121/><F127/><W79/><G69/><T108/><D108/><U11/><E11/><V26/><F30/><W117/><G117/><T52/><D41/><U106/><REACH who="1" step="1"/><E101/><REACH who="1" ten="470,270,27,223" step="2"/><V0/><F0/><W12/><G58/><T31/><D123/><U14/><E14/><V3/><F3/><W55/><G12/><T112/><D122/><U28/><E28/><V65/><F121/><W56/><G78/><T66/><D66/><U76/><E76/><V110/><F65/><W109/><G109/><T94/><D112/><U84/><E84/><V54/><F110/><W81/><G82/><AGARI ba="1,1" hai="20,21,24,25,27,82,85,89,95,98,99,100,103,106" machi="82" ten="40,2600,0" yaku="1,1,52,1,53,0" doraHai="83" doraHaiUra="43" who="1" fromWho="3" sc="470,0,270,39,27,0,223,-29" /><INIT seed="5,0,0,2,5,101" ten="470,309,27,194" oya="1" hai0="16,7,38,17,123,48,74,134,83,58,29,76,32" hai1="23,15,21,53,69,46,49,67,0,22,28,43,39" hai2="14,95,59,125,70,3,102,30,47,86,99,35,13" hai3="1,5,82,61,63,71,78,112,117,12,127,4,20"/><U25/><E0/><V135/><F70/><W36/><G112/><T51/><D134/><U66/><E66/><V93/><F135/><W45/><G117/><T84/><D38/><U110/><E110/><V89/><F3/><W96/><G127/><T88/><D7/><U33/><E15/><V60/><F125/><W126/><G126/><T133/><D133/><U108/><BYE who="0" /><E108/><UN n0="%6F%6B%62%6F%6B%62" /><V98/><F35/><W90/><G71/><T107/><D107/><U44/><E69/><V94/><F47/><W24/><G5/><T115/><D115/><U26/><REACH who="1" step="1"/><E67/><REACH who="1" ten="470,299,27,194" step="2"/><V19/><F30/><AGARI ba="0,1" hai="21,22,23,25,26,28,30,33,39,43,44,46,49,53" machi="30" ten="30,5800,0" yaku="1,1,2,1,7,1,53,0" doraHai="101" doraHaiUra="103" who="1" fromWho="2" sc="470,0,299,68,27,-58,194,0" owari="470,57.0,367,16.7,-31,-53.1,194,-20.6" /></mjloggm>