<mjloggm ver="2.3"><GO type="169" lobby="0"/><UN n0="%E6%81%8B%E3%81%AE%E3%81%86%E3%81%9F" n1="%E3%83%9C%E3%82%A4%E3%83%AD%E5%B0%86%E6%A3%8B%E9%83%A8%E5%93%A1" n2="%E3%80%90%E9%BB%92%E9%9C%A7%E3%80%91" n3="%E3%83%80%E3%83%8B%E3%83%90%E3%83%81%E3%83%A7%E3%83%95" dan="17,17,16,17" rate="2273.01,2168.21,2082.61,2197.58" sx="M,M,M,M"/><TAIKYOKU oya="0"/><INIT seed="0,0,0,3,0,60" ten="250,250,250,250" oya="0" hai0="50,9,24,57,2,30,32,46,78,11,59,97,37" hai1="65,113,31,130,84,100,91,90,66,54,109,13,104" hai2="34,74,92,93,105,106,122,64,51,87,18,23,132" hai3="53,70,27,119,29,134,58,41,123,38,85,107,22"/><T120/><D120/><U40/><E109/><V129/><F122/><W73/><G123/><T94/><D37/><U33/><E130/><V12/><F74/><W61/><G73/><T102/><D78/><U98/><E113/><V108/><F132/><W135/><G119/><T62/><D57/><U89/><E40/><V110/><F34/><W80/><G107/><T0/><D0/><U6/><E84/><V39/><F39/><W71/><G41/><T5/><D2/><U111/><E111/><N who="2" m="42539" /><F129/><W118/><G118/><T55/><REACH who="0" step="1"/><D5/><REACH who="0" ten="240,250,250,250" step="2"/><U72/><E72/><V131/><F131/><W83/><G38/><T126/><D126/><U133/><E133/><N who="3" m="50698" /><G80/><T56/><D56/><U81/><E81/><V25/><F105/><W16/><G29/><T128/><D128/><U43/><E31/><V20/><F106/><W36/><G36/><T116/><D116/><U15/><E104/><V28/><F92/><W17/><G17/><T19/><D19/><U117/><E117/><V8/><F93/><W69/><G71/><T79/><D79/><AGARI ba="0,1" hai="16,22,27,53,58,61,69,70,79,83,85" m="50698" machi="79" ten="30,2000,0" yaku="20,1,54,1" doraHai="60" who="3" fromWho="0" sc="240,-20,250,0,250,0,250,30" /><INIT seed="1,0,0,5,2,104" ten="220,250,250,280" oya="1" hai0="5,122,0,85,93,20,22,134,117,113,24,110,67" hai1="4,129,68,1,111,50,109,124,91,80,98,45,107" hai2="25,61,29,132,77,19,28,105,63,48,23,72,42" hai3="99,49,84,103,102,32,17,66,7,127,14,115,94"/><U44/><E68/><V116/><F116/><W12/><G115/><T87/><D113/><U96/><E124/><V38/><F105/><W97/><G127/><T62/><D117/><U82/><E129/><V13/><F38/><W76/><G32/><T39/><D110/><N who="1" m="41995" /><E107/><V35/><F28/><W75/><G84/><T60/><D134/><U51/><E4/><V92/><F92/><W121/><G66/><T64/><D5/><U133/><E1/><V118/><F132/><W16/><G7/><T70/><D39/><U131/><E131/><V9/><F35/><W86/><G86/><T54/><D0/><U89/><E89/><V58/><F118/><W95/><G121/><T46/><D122/><U126/><E126/><V40/><F48/><N who="1" m="18473" /><E133/><V123/><F123/><W57/><G57/><T43/><D70/><U74/><E91/><V125/><F125/><W18/><G49/><T106/><D106/><U36/><E36/><V11/><F61/><W78/><REACH who="3" step="1"/><G78/><REACH who="3" ten="220,250,250,270" step="2"/><T112/><D112/><U31/><E31/><V114/><F114/><W21/><G21/><T119/><D119/><U37/><E37/><V47/><F29/><W41/><G41/><T69/><D43/><U30/><E30/><V79/><F40/><W27/><G27/><T130/><D24/><U100/><E44/><V34/><F47/><W81/><AGARI ba="0,1" hai="12,14,16,17,18,75,76,81,94,95,97,99,102,103" machi="81" ten="30,8000,1" yaku="1,1,0,1,9,1,52,1,54,1,53,0" doraHai="104" doraHaiUra="71" who="3" fromWho="3" sc="220,-20,250,-40,250,-20,270,90" /><INIT seed="2,0,0,5,4,61" ten="200,210,230,360" oya="2" hai0="74,115,82,92,112,71,63,5,30,34,111,84,64" hai1="18,103,14,46,134,31,20,70,67,114,107,75,41" hai2="37,108,124,22,102,40,72,6,3,101,116,93,4" hai3="58,29,130,123,28,2,122,121,36,79,39,66,38"/><V113/><F116/><W47/><G130/><T54/><D111/><U33/><E114/><V55/><F113/><W80/><G2/><T44/><D74/><U42/><E75/><V97/><F72/><W19/><G47/><T127/><D127/><U88/><E134/><V32/><F32/><W0/><G0/><T17/><D5/><U53/><E53/><V23/><F124/><W7/><G7/><T73/><D73/><U133/><E133/><V129/><F129/><W135/><G135/><T51/><D92/><U10/><E103/><V56/><F101/><W43/><G43/><T52/><D54/><U76/><E76/><V1/><F1/><W21/><G80/><T87/><D87/><U57/><E70/><V11/><F4/><W78/><G66/><T118/><D17/><U81/><E33/><V8/><F11/><W128/><G58/><T125/><D118/><U27/><E107/><V83/><F83/><W26/><REACH who="3" step="1"/><G128/><REACH who="3" ten="200,210,230,350" step="2"/><T119/><D125/><U96/><E81/><V109/><F108/><W65/><G65/><T48/><D119/><U12/><E46/><V120/><F109/><W99/><G99/><T100/><D115/><U16/><E57/><V104/><F56/><W117/><G117/><T98/><D112/><U9/><E67/><V90/><F3/><W35/><G35/><T60/><D44/><U89/><E96/><V95/><F97/><W45/><G45/><T15/><D98/><U86/><E86/><V105/><F40/><AGARI ba="0,1" hai="9,10,12,14,16,18,20,27,31,40,41,42,88,89" machi="40" ten="40,8000,1" yaku="9,1,8,1,54,2" doraHai="61" who="1" fromWho="2" sc="200,0,210,90,230,-80,350,0" /><INIT seed="3,0,0,4,1,73" ten="200,300,150,350" oya="3" hai0="18,127,79,95,99,37,77,51,86,2,19,56,124" hai1="100,82,53,28,96,62,16,132,38,5,89,20,36" hai2="64,84,54,113,35,85,46,45,125,114,1,55,118" hai3="71,30,88,11,111,40,48,103,112,42,121,104,123"/><W50/><G71/><T102/><D37/><U117/><E28/><V81/><F64/><W63/><G112/><T115/><D2/><U7/><E132/><V134/><F1/><W49/><G63/><T122/><D122/><U107/><E117/><V25/><F118/><W131/><G131/><T22/><D115/><U101/><E101/><V15/><F15/><W92/><G30/><T72/><D72/><U97/><E36/><V10/><F10/><W87/><G111/><T66/><D86/><U105/><E105/><V29/><F125/><N who="0" m="48202" /><D18/><U75/><E38/><V4/><F4/><W76/><G76/><N who="0" m="29259" /><D51/><U133/><E75/><V24/><F134/><W83/><G50/><T27/><D56/><U130/><E133/><V13/><F29/><W110/><G49/><T69/><D66/><U6/><E5/><V93/><F84/><W94/><G48/><T17/><D17/><U98/><E6/><V135/><F85/><W26/><G87/><T8/><D8/><U120/><E7/><V70/><F135/><W74/><G11/><T14/><D69/><U43/><E16/><V60/><F70/><W61/><G74/><T59/><D59/><U41/><E120/><V116/><F113/><W90/><G123/><T21/><D21/><U34/><E20/><V80/><F114/><W57/><G57/><T126/><N who="0" m="48210" /><T128/><DORA hai="32" /><D128/><U108/><E130/><V39/><F39/><W12/><G121/><T129/><D129/><U23/><E23/><V106/><F116/><W44/><G61/><T33/><D33/><U67/><E34/><V0/><F35/><RYUUKYOKU ba="0,0" sc="200,30,300,-10,150,-10,350,-10" hai0="14,19,22,27,95,99,102" /><INIT seed="4,1,0,4,4,74" ten="230,290,140,340" oya="0" hai0="50,51,32,135,59,81,89,54,44,42,96,79,109" hai1="58,22,91,61,21,70,48,33,15,73,105,118,60" hai2="5,66,94,125,127,39,9,88,113,65,108,46,25" hai3="0,8,47,7,57,126,110,129,72,116,90,1,115"/><T52/><D135/><U77/><E118/><V133/><F108/><W19/><G110/><T80/><D32/><U124/><E33/><V28/><F113/><W132/><G116/><T86/><D109/><U117/><E117/><V27/><F46/><W95/><G126/><N who="2" m="48137" /><F39/><W71/><G129/><T35/><D35/><U18/><E105/><V55/><F55/><W10/><G71/><T83/><D96/><U134/><E124/><V130/><F130/><W6/><G72/><T111/><D111/><U101/><E101/><V37/><F37/><W12/><G57/><T103/><D103/><U114/><E134/><V4/><F4/><W40/><G115/><T3/><D3/><U17/><E114/><V16/><F28/><W34/><G34/><T41/><REACH who="0" step="1"/><D81/><REACH who="0" ten="220,290,140,340" step="2"/><U104/><E104/><V93/><F133/><W68/><G132/><T49/><D49/><U131/><E48/><V43/><F43/><W30/><G40/><T11/><D11/><U100/><E100/><V87/><F94/><W112/><G95/><T29/><D29/><U102/><E102/><V82/><F93/><W24/><G8/><T128/><D128/><U99/><E131/><V97/><F97/><W45/><G10/><T106/><D106/><U85/><E99/><V84/><F5/><W56/><G7/><T69/><D69/><U78/><E70/><V53/><F9/><W2/><G68/><T67/><D67/><U63/><E21/><N who="2" m="13479" /><F65/><W122/><G6/><T38/><D38/><U98/><E98/><V31/><F66/><W13/><G112/><T62/><D62/><U119/><E61/><RYUUKYOKU ba="1,1" sc="220,30,290,-10,140,-10,340,-10" hai0="41,42,44,50,51,52,54,59,79,80,83,86,89" /><INIT seed="4,2,1,5,1,95" ten="250,280,130,330" oya="0" hai0="114,54,86,67,42,4,129,106,46,125,56,124,112" hai1="96,93,101,9,36,111,133,90,107,52,8,55,85" hai2="91,66,127,48,94,64,110,10,71,17,63,92,104" hai3="43,24,122,103,128,34,41,26,28,118,116,25,22"/><T119/><D106/><U135/><E36/><V82/><F110/><W105/><G128/><T79/><D4/><U76/><E111/><V81/><F104/><W27/><G22/><T97/><D86/><U100/><E100/><V29/><F127/><N who="0" m="48714" /><D79/><U109/><E109/><V83/><F29/><W77/><G77/><T132/><D97/><U38/><E38/><V18/><F64/><W73/><G73/><T1/><D1/><U69/><E69/><V53/><F10/><N who="1" m="4201" /><E76/><V12/><F12/><W62/><G122/><T14/><D14/><U7/><E7/><V50/><F50/><W98/><REACH who="3" step="1"/><G62/><REACH who="3" ten="250,280,130,320" step="2"/><N who="0" m="38343" /><D129/><U30/><E30/><V102/><F63/><W115/><G115/><N who="0" m="44075" /><D132/><AGARI ba="2,2" hai="52,55,85,90,93,96,101,107,132,133,135" m="4201" machi="132" ten="30,3900,0" yaku="20,1,52,1,54,1" doraHai="95" who="1" fromWho="0" sc="250,-45,280,65,130,0,320,0" /><INIT seed="5,0,0,5,0,29" ten="205,345,130,320" oya="1" hai0="5,69,125,87,47,40,104,72,82,45,106,56,9" hai1="89,75,39,16,22,78,46,124,79,103,71,11,60" hai2="94,50,14,37,70,109,67,20,28,12,116,134,68" hai3="18,121,114,8,44,92,102,80,3,34,126,21,117"/><U91/><E103/><V112/><F116/><W130/><G121/><T63/><D125/><U35/><E124/><V76/><F37/><W36/><G126/><T93/><D69/><U58/><E71/><V19/><F109/><W55/><G34/><T111/><D47/><U24/><E35/><V27/><F134/><W97/><G114/><T105/><D93/><U95/><E75/><V52/><F112/><W66/><G130/><T32/><D72/><U48/><E11/><V1/><F1/><W7/><G66/><T62/><D56/><U135/><E39/><V17/><F76/><W128/><G128/><T42/><D32/><U38/><E38/><V2/><F94/><W26/><G80/><T51/><D40/><N who="1" m="24647" /><E89/><V54/><F2/><W53/><REACH who="3" step="1"/><G117/><REACH who="3" ten="205,345,130,310" step="2"/><T98/><D111/><U100/><E135/><V85/><F67/><W43/><AGARI ba="0,1" hai="3,7,8,18,21,26,36,43,44,53,55,92,97,102" machi="43" ten="30,4000,0" yaku="1,1,2,1,0,1,53,0" doraHai="29" doraHaiUra="30" who="3" fromWho="3" sc="205,-10,345,-20,130,-10,310,50" /><INIT seed="6,0,0,0,2,36" ten="195,325,120,360" oya="2" hai0="14,12,127,46,91,10,11,89,20,15,58,42,74" hai1="131,22,66,30,124,95,35,115,100,32,122,1,79" hai2="106,78,45,123,118,128,119,24,126,44,49,5,0" hai3="111,18,41,103,37,116,83,132,121,65,114,31,70"/><V104/><F123/><W43/><G111/><T87/><D74/><U73/><E1/><V4/><F126/><W102/><G116/><T48/><D127/><U133/><E124/><V93/><F128/><W117/><G121/><T86/><D20/><U34/><E122/><V67/><F67/><W27/><G117/><T64/><D64/><U23/><E115/><V40/><F24/><W98/><G132/><T71/><D71/><U134/><E131/><V25/><F25/><W101/><G37/><T125/><D58/><U99/><E30/><V109/><F109/><W33/><G114/><T62/><D62/><U110/><E110/><V69/><F69/><W29/><G29/><T135/><D135/><N who="1" m="51723" /><E66/><V72/><F93/><W105/><G18/><T59/><D59/><U9/><E9/><N who="2" m="2183" /><F5/><W82/><G103/><T50/><D125/><U90/><E100/><V8/><F8/><W76/><G102/><T112/><D112/><U94/><E95/><V108/><F108/><W107/><G105/><T129/><D129/><U80/><AGARI ba="0,0" hai="22,23,32,34,35,73,79,80,90,94,99" m="51723" machi="80" ten="40,1500,0" yaku="20,1" doraHai="36" who="1" fromWho="1" sc="195,-4,325,15,120,-7,360,-4" /><INIT seed="7,0,0,1,0,96" ten="191,340,113,356" oya="3" hai0="55,22,88,131,17,48,97,9,37,50,116,33,0" hai1="35,130,108,3,19,124,41,36,117,38,123,73,56" hai2="90,127,125,77,40,42,80,10,58,60,86,68,83" hai3="126,95,29,49,74,111,63,43,78,135,11,52,4"/><W20/><G126/><T121/><D116/><U14/><RYUUKYOKU type="yao9" ba="0,0" sc="191,0,340,0,113,0,356,0" hai1="3,14,19,35,36,38,41,56,73,108,117,123,124,130" /><INIT seed="7,1,0,1,1,79" ten="191,340,113,356" oya="3" hai0="86,64,101,122,125,48,47,68,60,100,16,93,21" hai1="102,42,129,72,31,94,114,28,107,81,1,67,49" hai2="52,112,74,12,99,123,82,56,30,106,51,78,6" hai3="32,36,45,117,15,9,65,3,116,8,46,61,98"/><W58/><G32/><T89/><D125/><U108/><E108/><V104/><F112/><W83/><G3/><T57/><D122/><U88/><E1/><V85/><F123/><W115/><G115/><T2/><D68/><U27/><E114/><V127/><F127/><W75/><G9/><T62/><D62/><U121/><E121/><V90/><F30/><W39/><G98/><T29/><D29/><U44/><E129/><V10/><REACH who="2" step="1"/><F99/><REACH who="2" ten="191,340,103,356" step="2"/><W134/><G117/><T63/><D2/><U22/><E31/><V24/><F24/><W133/><G116/><T103/><D103/><U120/><E120/><V76/><F76/><W77/><G39/><T34/><D34/><U130/><E130/><V55/><F55/><W97/><G97/><T84/><D101/><U23/><E102/><V20/><F20/><W87/><G36/><T33/><D100/><U126/><E126/><V37/><F37/><W66/><G66/><T4/><D33/><U69/><E22/><V59/><F59/><W113/><G113/><T40/><D57/><U26/><E26/><V14/><F14/><W17/><G75/><T131/><D131/><U105/><E67/><V19/><F19/><W7/><G17/><T110/><D16/><U124/><E124/><V13/><F13/><W91/><G77/><T41/><D21/><U95/><E69/><V132/><F132/><AGARI ba="1,1" hai="7,8,15,45,46,58,61,65,83,87,91,132,133,134" machi="132" ten="40,3900,0" yaku="20,1,52,1" doraHai="79" who="3" fromWho="2" sc="191,0,340,0,103,-42,356,52" owari="191,-20.9,340,14.0,61,-43.9,408,50.8" /></mjloggm>