<mjloggm ver="2.3"><GO type="169" lobby="0"/><UN n0="%69%6E%64%69%61%3D" n1="%48%41%43%4F" n2="%67%78%7A" n3="%E3%81%BB%E3%81%A3%E3%81%A1%E3%82%83%E3%82%93" dan="16,16,17,17" rate="2079.69,2071.95,2163.33,2187.39" sx="M,M,F,F"/><TAIKYOKU oya="0"/><INIT seed="0,0,0,2,1,107" ten="250,250,250,250" oya="0" hai0="65,80,121,114,57,97,96,17,122,36,120,27,92" hai1="29,10,28,37,8,134,116,11,43,93,62,112,132" hai2="95,69,55,78,30,53,76,22,0,100,88,103,86" hai3="33,89,23,47,73,98,71,74,109,9,48,44,101"/><T26/><D114/><U3/><E37/><V34/><F34/><W32/><G71/><T68/><D36/><U42/><E112/><V123/><F123/><W110/><G89/><T40/><D40/><N who="1" m="15403" /><E93/><V117/><F0/><W75/><G23/><T63/><D17/><U41/><E62/><V25/><F69/><W72/><G9/><T77/><D68/><U19/><E19/><V7/><F7/><W35/><N who="3" m="18432" /><DORA hai="18" /><W128/><G128/><T135/><D135/><N who="1" m="51755" /><E41/><V85/><F117/><W124/><G124/><T131/><D131/><U60/><E60/><V84/><F103/><W126/><G126/><T1/><D1/><U113/><E113/><V91/><F100/><W130/><G130/><T81/><D97/><U5/><E116/><V14/><F14/><W67/><G67/><T31/><D77/><N who="2" m="29802" /><F91/><W70/><G70/><T87/><D87/><AGARI ba="0,0" hai="22,25,30,53,55,84,85,86,87,88,95" m="29802" machi="87" ten="30,3900,0" yaku="8,1,52,1,54,1" doraHai="107,18" who="2" fromWho="0" sc="250,-39,250,0,250,39,250,0" /><INIT seed="1,0,0,2,5,112" ten="211,250,289,250" oya="1" hai0="115,92,22,102,65,120,93,63,12,0,30,68,24" hai1="113,35,14,86,21,73,81,80,125,45,52,61,13" hai2="106,118,29,70,90,82,46,19,114,18,83,33,55" hai3="66,121,98,117,26,104,79,134,50,1,89,32,75"/><U124/><E113/><V122/><F114/><W49/><G121/><T95/><D115/><U111/><E35/><V131/><F70/><W109/><G109/><T62/><D0/><U132/><E73/><V107/><F122/><W37/><G37/><T88/><D120/><U6/><E111/><V3/><F3/><W2/><G134/><T57/><D12/><U28/><E132/><V67/><F67/><W119/><G66/><T123/><D123/><U58/><E80/><V91/><F29/><N who="3" m="19511" /><G50/><T38/><D102/><U44/><E14/><V130/><F33/><W43/><G49/><T7/><D7/><U97/><E97/><V9/><F46/><W64/><G64/><T36/><REACH who="0" step="1"/><D88/><REACH who="0" ten="201,250,289,250" step="2"/><N who="1" m="51279" /><E13/><V51/><F90/><W85/><G2/><T59/><D59/><U105/><E6/><V53/><F91/><W17/><G1/><T42/><D42/><U96/><E96/><V129/><F130/><W78/><G43/><T40/><D40/><U101/><E101/><V4/><F129/><W15/><G98/><T127/><D127/><N who="1" m="48715" /><E105/><V10/><F107/><W11/><G104/><T5/><D5/><U60/><E60/><V108/><F106/><W54/><G89/><T41/><D41/><U23/><E23/><V100/><F100/><W87/><G15/><T47/><D47/><U31/><E21/><V72/><F4/><W71/><G71/><T48/><D48/><N who="1" m="28679" /><E45/><V110/><F131/><W8/><G8/><T99/><D99/><U56/><E56/><N who="2" m="32831" /><F9/><W20/><G20/><T34/><D34/><U103/><E103/><V84/><F10/><W135/><G11/><RYUUKYOKU ba="0,1" sc="201,15,250,15,289,-15,250,-15" hai0="22,24,30,36,38,57,62,63,65,68,92,93,95" hai1="28,31,58,61" /><INIT seed="1,1,1,1,2,124" ten="216,265,274,235" oya="1" hai0="91,122,118,58,41,54,113,11,65,24,101,86,130" hai1="33,109,88,104,110,131,78,28,52,133,63,69,44" hai2="112,60,93,42,96,34,61,106,2,67,10,94,49" hai3="45,39,102,135,123,20,116,40,128,97,38,84,19"/><U9/><E104/><V13/><F34/><W18/><G123/><T99/><D113/><U14/><E78/><V129/><F2/><W26/><G135/><T71/><D118/><U47/><E133/><V57/><F112/><W80/><G116/><T15/><D122/><U43/><E33/><V107/><F129/><W7/><G7/><T27/><D41/><U120/><E28/><V134/><F134/><W5/><G5/><T48/><D65/><U103/><E103/><V74/><F74/><W32/><G32/><T83/><D71/><U70/><E131/><V72/><F72/><W1/><G1/><T23/><D23/><U35/><E35/><V81/><F81/><W105/><G128/><T17/><REACH who="0" step="1"/><D130/><REACH who="0" ten="206,265,274,235" step="2"/><U76/><E120/><V64/><F42/><W73/><G38/><T59/><D59/><N who="1" m="35303" /><E69/><V36/><F67/><W82/><G39/><T89/><D89/><U75/><E70/><V127/><F36/><W16/><G40/><T21/><D21/><U100/><E43/><V30/><F64/><W22/><G22/><T95/><AGARI ba="1,2" hai="11,15,17,24,27,48,54,58,83,86,91,95,99,101" machi="95" ten="20,5200,0" yaku="1,1,0,1,7,1,8,1,53,0" doraHai="124" doraHaiUra="132" who="0" fromWho="0" sc="206,75,265,-27,274,-14,235,-14" /><INIT seed="2,0,0,4,2,107" ten="281,238,260,221" oya="2" hai0="106,105,69,2,108,120,86,119,25,65,104,126,31" hai1="111,94,26,7,44,46,56,18,37,71,118,134,38" hai2="102,88,130,13,127,75,73,63,110,8,79,12,68" hai3="45,98,33,109,17,85,115,41,9,123,117,116,74"/><V62/><F102/><W133/><G123/><T84/><D120/><U114/><E114/><V96/><F79/><W135/><G33/><T78/><D108/><U3/><E71/><V67/><F110/><W47/><G109/><T131/><D2/><U29/><E118/><V28/><F130/><W103/><G115/><T57/><D69/><U91/><E18/><V125/><F28/><W128/><G128/><T15/><D131/><U58/><E7/><V124/><F63/><W53/><G85/><T66/><D126/><U42/><E3/><V6/><F12/><N who="3" m="7311" /><G53/><T34/><D119/><U80/><E80/><V55/><F55/><W16/><G16/><T43/><D43/><U64/><E134/><N who="3" m="51210" /><G74/><T40/><D40/><U95/><E111/><V39/><F39/><N who="3" m="21695" /><G47/><T99/><D99/><U77/><E46/><V113/><F113/><W30/><G30/><T92/><D86/><U19/><E38/><V54/><F54/><W93/><AGARI ba="0,0" hai="93,98,103,116,117" m="21695,51210,7311" machi="93" ten="30,1100,0" yaku="20,1" doraHai="107" who="3" fromWho="3" sc="281,-3,238,-3,260,-5,221,11" /><INIT seed="3,0,0,5,0,99" ten="278,235,255,232" oya="3" hai0="100,55,15,46,115,98,31,33,64,22,132,49,18" hai1="4,89,112,121,72,106,88,135,16,43,36,79,71" hai2="91,26,6,126,83,86,51,62,114,109,81,10,13" hai3="87,20,107,124,19,96,130,48,68,8,0,104,56"/><W90/><G124/><T80/><D132/><U66/><E121/><V75/><F114/><W103/><G130/><T32/><D115/><U111/><E112/><V9/><F126/><W59/><G68/><T7/><D31/><U117/><E4/><V77/><F109/><W50/><G104/><T113/><D113/><U76/><E72/><V101/><F26/><W29/><G29/><T125/><D125/><U41/><E106/><V58/><F51/><W131/><G131/><T95/><D64/><U53/><E71/><V61/><F58/><W14/><G59/><T67/><D67/><U5/><E5/><V116/><F116/><W17/><G56/><T3/><REACH who="0" step="1"/><D80/><REACH who="0" ten="268,235,255,232" step="2"/><U37/><E66/><V97/><REACH who="2" step="1"/><F9/><AGARI ba="0,1" hai="3,7,9,15,18,22,32,33,46,49,55,95,98,100" machi="9" ten="40,5200,0" yaku="1,1,2,1,52,1,53,0" doraHai="99" doraHaiUra="102" who="0" fromWho="2" sc="268,62,235,0,255,-52,232,0" /><INIT seed="4,0,0,2,3,126" ten="330,235,203,232" oya="0" hai0="85,58,64,20,83,14,95,66,105,75,23,50,89" hai1="106,59,108,82,71,73,9,21,62,131,43,0,114" hai2="57,49,104,109,110,100,56,98,70,2,120,16,121" hai3="63,111,122,3,37,80,118,51,119,36,69,61,53"/><T42/><D105/><U125/><E108/><V54/><F2/><W1/><G80/><T93/><D75/><U11/><E125/><V28/><F70/><W52/><G51/><T30/><D23/><U6/><E71/><V22/><F28/><W68/><REACH who="3" step="1"/><G122/><REACH who="3" ten="330,235,203,222" step="2"/><T7/><D83/><U27/><E82/><V41/><F41/><W77/><G77/><T72/><D42/><U31/><E43/><V96/><F120/><W81/><G81/><T39/><D50/><U78/><E78/><V79/><F121/><W84/><G84/><T46/><D85/><U26/><E73/><V5/><F79/><W116/><G116/><T10/><D72/><U130/><E114/><V135/><F135/><W88/><G88/><T32/><D89/><U45/><E45/><V25/><F98/><W132/><G132/><T128/><D46/><U67/><E106/><V91/><F91/><W99/><G99/><T44/><D44/><U33/><REACH who="1" step="1"/><E11/><REACH who="1" ten="330,225,203,222" step="2"/><V115/><F115/><W127/><G127/><T34/><D10/><U40/><E40/><V76/><F76/><W112/><G112/><T18/><D95/><U133/><E133/><V12/><F109/><AGARI ba="0,2" hai="1,3,36,37,52,53,61,63,68,69,109,111,118,119" machi="109" ten="25,6400,0" yaku="1,1,22,2,54,1,53,0" doraHai="126" doraHaiUra="86" who="3" fromWho="2" sc="330,0,225,0,203,-64,222,84" /><INIT seed="5,0,0,3,4,55" ten="330,225,139,306" oya="1" hai0="27,122,2,33,22,42,68,58,124,100,77,50,87" hai1="59,85,63,6,111,64,61,37,86,0,81,52,113" hai2="103,56,18,88,35,43,128,95,28,107,135,96,123" hai3="20,105,4,70,71,110,109,92,115,74,82,51,54"/><U38/><E113/><V15/><F123/><W72/><G105/><T29/><D122/><U79/><E111/><V7/><F128/><W133/><G115/><T120/><D120/><U8/><REACH who="1" step="1"/><E86/><REACH who="1" ten="330,215,139,306" step="2"/><V69/><F135/><W49/><G133/><T31/><D87/><U91/><E91/><V99/><F69/><AGARI ba="0,1" hai="0,6,8,37,38,52,59,61,63,64,69,79,81,85" machi="69" ten="30,11600,0" yaku="1,1,7,1,52,1,54,1,53,0" doraHai="55" doraHaiUra="11" who="1" fromWho="2" sc="330,0,215,126,139,-116,306,0" /><INIT seed="5,1,0,3,5,75" ten="330,341,23,306" oya="1" hai0="82,46,71,99,78,23,6,122,101,44,94,1,2" hai1="33,98,16,14,3,9,128,49,123,102,13,97,131" hai2="29,111,92,48,118,39,104,7,15,0,72,18,26" hai3="27,119,115,11,24,120,55,105,64,61,130,134,86"/><U124/><E3/><V106/><F118/><W96/><G120/><T107/><D71/><U129/><E123/><V63/><F111/><W45/><G115/><T30/><D122/><U93/><E33/><V73/><F39/><W54/><G130/><T21/><D1/><U127/><E49/><V43/><F63/><W22/><G134/><T65/><D65/><U88/><REACH who="1" step="1"/><E14/><REACH who="1" ten="330,331,23,306" step="2"/><V108/><F108/><W83/><G119/><T90/><D2/><U103/><E103/><V41/><F0/><W37/><G37/><T8/><D101/><U113/><E113/><V132/><F48/><W112/><G112/><T79/><D46/><U50/><E50/><V85/><F15/><W84/><G45/><T28/><D44/><U116/><E116/><V121/><F121/><W56/><G11/><T4/><D8/><U38/><E38/><V133/><F26/><W95/><G27/><T74/><D23/><U91/><E91/><V67/><F133/><W109/><G109/><T36/><D36/><U34/><E34/><V135/><F132/><W25/><G24/><T58/><D21/><U20/><E20/><V70/><F135/><W19/><G25/><T62/><D90/><U59/><E59/><V40/><F70/><W114/><G22/><T42/><D58/><U52/><E52/><V12/><F12/><W35/><G35/><T110/><D110/><U17/><E17/><V80/><F18/><W126/><G19/><T5/><D5/><U117/><E117/><V76/><F7/><W32/><G114/><T69/><D4/><U60/><E60/><V47/><F29/><RYUUKYOKU ba="1,1" sc="330,-10,331,30,23,-10,306,-10" hai1="9,13,16,88,93,97,98,102,124,127,128,129,131" /><INIT seed="5,2,1,0,1,112" ten="320,361,13,296" oya="1" hai0="118,52,29,133,78,69,55,120,91,54,47,109,129" hai1="108,42,4,51,113,85,104,23,13,102,38,122,1" hai2="92,32,59,25,27,132,21,115,49,66,6,64,125" hai3="58,94,44,36,30,119,87,100,117,63,28,35,68"/><U116/><E116/><N who="3" m="44618" /><G68/><T62/><D118/><U131/><E122/><V48/><F132/><W39/><G44/><T65/><D78/><U61/><E1/><V16/><F115/><W134/><G134/><T41/><D29/><N who="3" m="11369" /><G35/><T95/><D133/><U110/><E38/><V86/><F125/><W124/><G124/><T19/><D120/><U31/><E85/><V84/><F6/><W90/><G100/><T82/><D109/><N who="1" m="42091" /><E131/><V111/><F111/><W53/><AGARI ba="2,1" hai="36,39,53,58,63,87,90,94" m="11369,44618" machi="53" ten="30,7900,0" yaku="12,1,52,3" doraHai="112" who="3" fromWho="3" sc="320,-22,361,-41,13,-22,296,95" owari="298,-10.2,320,12.0,-9,-50.9,391,49.1" /></mjloggm>