<mjloggm ver="2.3"><GO type="225" lobby="0"/><UN n0="%72%61%6B%33" n1="%E3%81%82%E3%81%84%E3%81%82%E3%81%8A%E3%81%84" n2="%E5%91%A8%E6%9D%B1" n3="%E5%82%8D%E8%8B%A5%E7%84%A1%E4%BA%BA%35%31" dan="16,18,16,16" rate="2115.19,2195.51,2172.97,2181.37" sx="M,M,M,M"/><TAIKYOKU oya="0"/><INIT seed="0,0,0,0,1,99" ten="250,250,250,250" oya="0" hai0="101,115,11,94,42,91,71,111,51,50,93,6,4" hai1="12,37,65,30,29,133,33,60,54,23,82,74,48" hai2="127,87,34,55,20,5,102,53,69,27,1,86,36" hai3="0,122,40,18,31,117,125,81,85,92,98,47,80"/><T15/><D115/><U90/><E37/><V134/><F36/><W72/><G117/><T130/><D130/><U108/><E108/><V114/><F69/><W89/><G122/><T79/><D111/><U123/><E33/><V120/><F34/><W63/><G125/><T109/><D109/><U43/><E43/><V13/><F120/><W128/><G128/><T70/><D79/><U46/><E133/><V57/><F1/><W135/><G0/><T21/><D21/><U52/><E123/><V124/><F114/><W9/><G31/><T100/><D91/><U25/><E12/><V62/><F134/><W8/><G72/><T32/><D32/><U26/><E54/><V76/><F53/><W59/><G81/><T28/><D28/><U45/><E26/><V35/><F35/><W14/><G135/><T106/><D106/><U110/><E110/><V119/><F76/><W107/><G107/><T84/><D84/><N who="1" m="50455" /><E74/><V88/><F119/><W131/><G131/><T24/><D24/><U3/><E3/><V97/><F13/><W121/><G121/><T58/><D15/><U22/><E22/><V126/><F5/><W39/><G9/><T103/><D11/><U83/><E83/><V112/><F112/><W118/><G118/><T104/><D104/><U77/><E77/><V78/><F78/><W68/><G68/><N who="0" m="26155" /><D42/><U129/><E30/><N who="2" m="17767" /><F88/><N who="3" m="51239" /><G59/><T49/><D58/><N who="1" m="37015" /><E129/><V44/><F44/><AGARI ba="0,0" hai="23,25,29,44,45,46,48,52" m="37015,50455" machi="44" ten="30,2000,0" yaku="8,1,54,1" doraHai="99" who="1" fromWho="2" sc="250,0,250,20,250,-20,250,0" /><INIT seed="1,0,0,2,3,63" ten="250,270,230,250" oya="1" hai0="15,25,56,111,8,24,58,10,38,71,45,73,1" hai1="133,78,50,85,97,49,76,67,59,127,124,93,115" hai2="26,122,89,123,88,125,66,80,96,40,118,104,7" hai3="60,36,21,28,83,106,109,34,121,62,90,86,79"/><U119/><E115/><V57/><F118/><W9/><G109/><T95/><D111/><U65/><E119/><V105/><F40/><W29/><G121/><N who="2" m="46089" /><F26/><W39/><G34/><T75/><D71/><U22/><E133/><V132/><F57/><W41/><G106/><N who="2" m="41065" /><F7/><W31/><G9/><T46/><D95/><U100/><E22/><V18/><F18/><W54/><G41/><T81/><D81/><N who="1" m="47271" /><E78/><V68/><F66/><N who="1" m="25097" /><E59/><V130/><F68/><W52/><G39/><T110/><D110/><U126/><AGARI ba="0,0" hai="49,50,93,97,100,124,126,127" m="25097,47271" machi="126" ten="40,12000,1" yaku="18,1,52,3" doraHai="63" who="1" fromWho="1" sc="250,-40,270,120,230,-40,250,-40" /><INIT seed="1,1,0,3,5,77" ten="210,390,190,210" oya="1" hai0="12,123,54,82,113,81,84,129,95,59,42,18,131" hai1="86,56,111,38,107,25,6,75,55,10,66,36,120" hai2="105,15,7,114,133,60,3,5,127,9,119,39,30" hai3="93,28,90,34,41,115,24,96,33,124,1,19,43"/><U126/><E120/><V99/><F39/><W128/><G115/><T8/><D113/><U108/><E75/><V21/><F114/><W52/><G128/><N who="0" m="49227" /><D42/><U121/><E107/><V76/><F119/><W134/><G124/><T104/><D104/><U26/><E66/><V69/><F127/><W45/><G134/><T37/><D37/><U67/><E67/><V63/><F69/><W71/><G1/><T130/><D123/><U14/><E121/><V122/><F133/><W80/><G71/><T50/><N who="0" m="49235" /><T106/><DORA hai="16" /><D106/><U91/><E38/><V70/><F70/><W94/><G34/><T64/><D64/><U135/><E36/><V13/><F122/><W48/><G19/><T58/><D58/><U116/><E116/><V29/><F105/><W31/><G31/><T83/><D95/><U53/><E53/><V109/><F30/><W87/><REACH who="3" step="1"/><G93/><REACH who="3" ten="210,390,190,200" step="2"/><T78/><AGARI ba="1,1" hai="8,12,18,50,54,59,78,81,82,83,84" m="49235" machi="78" ten="40,8000,1" yaku="19,1,52,3" doraHai="77,16" who="0" fromWho="0" sc="210,93,390,-41,190,-21,200,-21" /><INIT seed="2,0,0,2,0,59" ten="303,349,169,179" oya="2" hai0="4,7,21,105,39,53,134,13,33,124,55,49,123" hai1="112,100,95,72,29,71,88,114,84,128,121,97,103" hai2="57,83,131,108,12,77,81,34,35,80,27,48,67" hai3="111,82,41,74,102,42,47,44,20,116,43,1,5"/><V11/><F131/><W75/><G111/><T23/><D39/><U58/><E71/><V76/><F108/><W3/><G116/><T94/><D105/><U117/><E117/><V73/><F27/><W38/><G102/><T110/><D49/><U125/><E128/><V106/><F106/><W25/><G5/><T78/><D94/><U17/><E72/><V65/><F65/><W32/><G32/><T87/><D13/><U61/><E103/><V127/><F127/><W36/><G43/><T90/><D87/><U98/><E98/><V10/><F10/><W56/><G56/><T64/><D78/><U31/><E125/><V91/><F91/><W19/><REACH who="3" step="1"/><G82/><REACH who="3" ten="303,349,169,169" step="2"/><T37/><D33/><U113/><E121/><V85/><F83/><W133/><G133/><T50/><D134/><U135/><E135/><V62/><REACH who="2" step="1"/><F48/><REACH who="2" ten="303,349,159,169" step="2"/><W126/><G126/><T92/><D50/><U129/><E129/><V89/><F89/><W28/><G28/><T68/><D90/><U115/><E115/><V51/><F51/><W6/><G6/><AGARI ba="0,2" hai="6,11,12,34,35,57,62,67,73,76,77,80,81,85" machi="6" ten="30,12000,1" yaku="1,1,7,1,52,1,53,2" doraHai="59" doraHaiUra="30" who="2" fromWho="3" sc="303,0,349,0,159,140,169,-120" /><INIT seed="2,1,0,1,0,43" ten="303,349,299,49" oya="2" hai0="21,13,116,105,8,121,11,17,95,129,124,50,20" hai1="131,70,80,6,123,114,53,1,60,83,125,115,28" hai2="22,98,42,134,108,3,109,12,101,69,88,32,7" hai3="112,76,24,82,49,30,31,29,10,35,73,64,45"/><V36/><F32/><W59/><G112/><T119/><D105/><U87/><E28/><V5/><F69/><W54/><REACH who="3" step="1"/><G10/><REACH who="3" ten="303,349,299,39" step="2"/><T71/><D11/><U86/><E115/><V46/><F134/><W44/><G44/><T113/><D8/><U99/><E114/><V128/><F128/><W127/><G127/><T75/><D124/><U126/><E131/><V40/><F3/><W96/><G96/><T34/><D129/><U14/><E99/><V104/><F40/><W93/><G93/><T89/><D95/><U72/><E1/><V26/><F12/><W57/><G57/><T110/><D13/><U94/><E14/><V111/><REACH who="2" step="1"/><F88/><REACH who="2" ten="303,349,289,39" step="2"/><W97/><G97/><T85/><D89/><U132/><E132/><V78/><F78/><W67/><G67/><T118/><D113/><U107/><E126/><V51/><F51/><W91/><G91/><T117/><D50/><U4/><E125/><V79/><F79/><W41/><G41/><T38/><D118/><U130/><E130/><V66/><F66/><W18/><G18/><AGARI ba="1,2" hai="5,7,18,22,26,36,42,46,98,101,104,108,109,111" machi="18" ten="40,12000,1" yaku="1,1,14,1,10,1,52,1,53,1" doraHai="43" doraHaiUra="23" who="2" fromWho="3" sc="303,0,349,0,289,143,39,-123" owari="303,-9.7,349,14.9,432,53.2,-84,-58.4" /></mjloggm>