<mjloggm ver="2.3"><GO type="169" lobby="0"/><UN n0="%4C%61%72%72%6B" n1="%2D%E8%B1%8A%E5%8F%A3%E3%82%81%E3%81%90%E3%81%BF%2D" n2="%E3%80%8E%E3%83%A8%E3%82%B9%E3%82%AC%E3%83%8E%E3%82%BD%E3%83%A9%E3%80%8F" n3="%42%4F%53%23%31%31" dan="16,17,17,16" rate="2160.23,2174.30,2186.22,2099.81" sx="M,F,M,M"/><TAIKYOKU oya="0"/><INIT seed="0,0,0,0,0,22" ten="250,250,250,250" oya="0" hai0="85,34,92,87,99,33,44,122,30,108,3,129,53" hai1="50,113,130,81,69,77,111,35,37,52,133,45,123" hai2="65,127,12,17,8,125,57,61,48,88,83,96,119" hai3="121,1,56,101,89,29,64,9,97,86,124,109,58"/><T132/><D122/><U49/><E123/><V54/><F119/><W116/><G116/><T98/><D3/><U10/><E111/><V72/><F72/><W46/><G109/><T41/><D108/><U106/><E106/><V68/><REACH who="2" step="1"/><F96/><REACH who="2" ten="250,250,240,250" step="2"/><W67/><G97/><T95/><D132/><U21/><E133/><V90/><F90/><W24/><G89/><T27/><D129/><U62/><E130/><V11/><F11/><W63/><G9/><T115/><D115/><U23/><E10/><V114/><F114/><W25/><G121/><T128/><D128/><U5/><E113/><V102/><F102/><W7/><G101/><T15/><D85/><AGARI ba="0,1" hai="8,12,17,48,54,57,61,65,68,83,85,88,125,127" machi="85" ten="40,5200,0" yaku="1,1,54,1,53,1" doraHai="22" doraHaiUra="51" who="2" fromWho="0" sc="250,-52,250,0,240,62,250,0" /><INIT seed="1,0,0,0,2,46" ten="198,250,302,250" oya="1" hai0="12,125,7,131,101,6,16,61,0,116,104,54,117" hai1="53,85,110,135,8,11,58,72,98,47,28,3,41" hai2="92,97,99,114,82,5,4,86,91,55,52,2,15" hai3="129,118,102,84,100,56,43,10,21,73,19,80,39"/><U65/><E72/><V68/><F2/><W23/><G73/><T87/><D0/><U120/><E120/><V66/><F114/><W35/><G35/><T103/><D131/><U93/><E135/><V26/><F68/><W106/><G129/><T71/><D125/><U51/><E110/><V128/><F128/><W107/><G118/><T24/><D117/><U27/><E65/><V9/><F66/><W34/><G34/><T50/><D116/><U36/><E85/><V133/><F133/><W64/><G39/><T33/><D104/><U45/><E3/><V94/><F4/><N who="0" m="1578" /><D71/><U76/><E76/><V59/><F26/><W14/><G43/><T124/><D33/><U109/><E109/><V132/><F132/><W30/><G106/><T13/><D124/><U105/><E105/><V83/><F83/><W89/><G107/><T75/><D75/><U119/><E119/><V29/><F29/><W79/><G79/><T121/><D61/><U18/><E18/><V1/><F1/><W49/><G64/><T62/><D62/><U126/><E45/><V95/><REACH who="2" step="1"/><F55/><REACH who="2" ten="198,250,292,250" step="2"/><N who="3" m="31855" /><G30/><T57/><D121/><U25/><E126/><V67/><F67/><W38/><G38/><T22/><D87/><U130/><E130/><V134/><F134/><W111/><G111/><T96/><D96/><U90/><REACH who="1" step="1"/><E25/><REACH who="1" ten="198,240,292,250" step="2"/><V60/><AGARI ba="0,2" hai="5,9,15,52,59,60,82,86,91,92,94,95,97,99" machi="60" ten="30,8000,1" yaku="1,1,0,1,8,1,54,1,53,1" doraHai="46" doraHaiUra="48" who="2" fromWho="2" sc="198,-20,240,-40,292,100,250,-20" /><INIT seed="2,0,0,3,3,48" ten="178,200,392,230" oya="2" hai0="76,7,129,52,16,127,30,111,101,8,82,64,19" hai1="39,35,130,73,84,77,54,79,0,128,89,81,71" hai2="56,62,46,105,114,60,27,135,9,75,42,59,93" hai3="40,44,53,11,20,45,49,99,96,3,88,123,25"/><V117/><F114/><W24/><G123/><T90/><D64/><U18/><E71/><V124/><F117/><W132/><G132/><T32/><D111/><U22/><E35/><V98/><F105/><W118/><G118/><T13/><D129/><N who="1" m="49771" /><E0/><V14/><F75/><W110/><G110/><T36/><D36/><U103/><E39/><V80/><F124/><W78/><G78/><T100/><D127/><U109/><E103/><N who="0" m="39497" /><D32/><U15/><E109/><V104/><F104/><W41/><G41/><T4/><D30/><U50/><E73/><V92/><F80/><W65/><G65/><T51/><D76/><U26/><E26/><V61/><F27/><W74/><G74/><T63/><D63/><U112/><E112/><V119/><F135/><W72/><G72/><T47/><D4/><U28/><E28/><V83/><F83/><W97/><G11/><T125/><D125/><U126/><E126/><V10/><F10/><W17/><G3/><T6/><D6/><U131/><N who="1" m="49779" /><U107/><DORA hai="68" /><E107/><V1/><F1/><W12/><REACH who="3" step="1"/><G88/><REACH who="3" ten="178,200,392,220" step="2"/><T115/><D115/><U55/><E79/><V94/><F119/><W29/><G29/><T86/><AGARI ba="0,1" hai="7,8,13,16,19,47,51,52,82,86,90" m="39497" machi="86" ten="30,7900,0" yaku="8,1,52,1,54,2" doraHai="48,68" who="0" fromWho="0" sc="178,89,200,-20,392,-39,220,-20" /><INIT seed="3,0,0,2,4,100" ten="267,180,353,200" oya="3" hai0="36,46,23,96,1,111,114,94,113,106,72,123,76" hai1="55,60,25,78,104,84,17,18,35,86,108,117,3" hai2="16,21,70,98,135,101,33,40,45,109,42,74,119" hai3="127,115,12,9,6,77,28,107,75,30,124,38,116"/><W83/><G116/><T92/><D23/><U88/><E3/><V0/><F119/><W85/><G38/><T14/><D14/><U132/><E117/><V10/><F33/><W8/><G115/><N who="0" m="44043" /><D1/><U129/><E108/><V133/><F74/><W130/><G130/><T112/><D46/><U82/><E129/><V110/><F70/><W20/><G75/><T24/><D24/><U67/><E132/><N who="2" m="50763" /><F10/><W54/><G54/><T62/><D62/><U31/><E104/><N who="2" m="63543" /><F0/><W103/><G8/><T126/><D36/><U32/><E55/><V47/><F47/><W56/><G56/><T120/><D112/><U99/><E99/><V5/><F5/><W87/><G20/><T50/><D50/><U71/><REACH who="1" step="1"/><E35/><REACH who="1" ten="267,170,353,200" step="2"/><V27/><F42/><W134/><G134/><T66/><D111/><U63/><E63/><V4/><F4/><W69/><G6/><T7/><D7/><U95/><AGARI ba="0,1" hai="17,18,25,31,32,60,67,71,78,82,84,86,88,95" machi="95" ten="20,5200,0" yaku="1,1,0,1,7,1,54,1,53,0" doraHai="100" doraHaiUra="11" who="1" fromWho="1" sc="267,-13,170,62,353,-13,200,-26" /><INIT seed="4,0,0,0,5,128" ten="254,232,340,174" oya="0" hai0="75,86,105,126,23,85,135,83,127,13,76,97,132" hai1="90,65,59,14,20,42,133,109,110,36,130,63,134" hai2="118,108,82,122,129,98,31,70,100,95,54,96,41" hai3="119,12,120,106,123,91,25,94,131,27,19,15,29"/><T5/><D5/><U124/><E90/><V64/><F108/><W35/><G106/><T60/><D60/><U48/><E20/><V69/><F122/><N who="3" m="46635" /><G94/><T58/><D58/><U111/><E14/><N who="3" m="5162" /><G91/><T38/><D38/><U8/><E8/><V39/><F129/><W16/><G131/><T49/><D49/><U24/><E24/><V44/><F118/><W33/><G119/><T93/><D13/><U43/><E130/><V51/><F64/><W10/><G10/><T3/><D23/><U66/><E124/><N who="0" m="47657" /><D3/><U7/><E7/><V78/><F98/><W26/><G29/><T79/><D105/><U30/><E30/><V102/><F31/><W62/><G62/><T104/><D104/><U57/><E36/><V89/><F69/><W112/><G112/><T50/><D50/><U0/><E0/><V74/><F70/><W61/><G61/><T99/><D99/><U121/><E121/><V115/><F115/><W107/><G107/><T73/><D85/><U84/><E84/><V116/><F116/><W80/><G80/><N who="0" m="47367" /><D73/><U71/><E66/><V77/><F77/><W101/><G101/><AGARI ba="0,0" hai="75,79,83,93,97,101,132,135" m="47367,47657" machi="101" ten="30,12000,1" yaku="18,1,34,2,52,2" doraHai="128" who="0" fromWho="3" sc="254,120,232,0,340,0,174,-120" /><INIT seed="4,1,0,1,2,118" ten="374,232,340,54" oya="0" hai0="105,134,1,55,42,27,21,121,87,108,106,41,31" hai1="97,99,93,15,58,23,25,92,73,47,78,74,75" hai2="39,107,77,8,131,22,117,44,17,91,126,11,4" hai3="124,63,104,95,52,69,34,125,102,119,70,62,127"/><T45/><D1/><U114/><E15/><V61/><F107/><W13/><G119/><T56/><D121/><U132/><E132/><V40/><F117/><W24/><G13/><T33/><D134/><U51/><E58/><V98/><F131/><W32/><G104/><T76/><D108/><U43/><E114/><V30/><F126/><N who="3" m="32259" /><W115/><DORA hai="86" /><G115/><T84/><D41/><U12/><E12/><V123/><F123/><W2/><G2/><T38/><D87/><U64/><E64/><V79/><F30/><N who="3" m="19527" /><G34/><T36/><D36/><U90/><E78/><V14/><F61/><N who="3" m="23051" /><G52/><T129/><D129/><U20/><REACH who="1" step="1"/><E25/><REACH who="1" ten="374,222,340,54" step="2"/><V110/><F14/><W54/><G54/><T26/><D55/><U37/><E37/><V10/><F39/><W122/><G122/><T94/><D56/><U120/><E120/><V49/><F8/><W89/><G102/><AGARI ba="1,1" hai="20,23,43,47,51,73,74,75,90,92,93,97,99,102" machi="102" ten="40,8000,1" yaku="1,1,52,1,53,3" doraHai="118,86" doraHaiUra="46,88" who="1" fromWho="3" sc="374,0,222,93,340,0,54,-83" owari="374,47.4,315,-8.5,340,14.0,-29,-52.9" /></mjloggm>