<mjloggm ver="2.3"><GO type="169" lobby="0"/><UN n0="%70%6F%6E%2D%65%6E" n1="%4E%55%44%41" n2="%E3%83%94%E3%83%B3%E3%82%B5%E3%83%AD%E5%BA%97%E5%93%A1" n3="%E3%81%94%E3%82%8B%E3%81%AF%E3%82%80%33%30" dan="16,17,17,17" rate="2216.08,2167.79,2247.78,2174.92" sx="F,M,M,F"/><TAIKYOKU oya="0"/><INIT seed="0,0,0,5,5,31" ten="250,250,250,250" oya="0" hai0="35,115,16,111,32,87,121,10,119,80,129,107,27" hai1="96,60,94,62,72,88,14,84,56,11,110,59,67" hai2="51,125,55,86,21,71,20,93,123,79,127,116,65" hai3="76,34,104,108,75,3,66,54,44,81,45,63,40"/><T43/><D115/><U29/><E110/><V74/><F123/><W17/><G108/><T39/><D111/><U18/><E72/><V26/><F74/><W1/><G104/><T124/><D119/><U36/><E36/><V114/><F114/><W113/><G113/><T109/><D109/><U100/><E29/><V23/><F116/><W117/><G117/><T0/><D121/><U83/><REACH who="1" step="1"/><E60/><REACH who="1" ten="250,240,250,250" step="2"/><V41/><F127/><W58/><G75/><T4/><D124/><U102/><E102/><V13/><F125/><W19/><G63/><T49/><D39/><U92/><E92/><V91/><F93/><W135/><G135/><T25/><D107/><U38/><E38/><V42/><F26/><W126/><G126/><T46/><D129/><U98/><E98/><V69/><F51/><W132/><G132/><T70/><D70/><AGARI ba="0,1" hai="11,14,18,56,59,62,67,70,83,84,88,94,96,100" machi="70" ten="30,3900,0" yaku="1,1,7,1,54,1,53,0" doraHai="31" doraHaiUra="37" who="1" fromWho="0" sc="250,-39,240,49,250,0,250,0" /><INIT seed="1,0,0,1,1,86" ten="211,289,250,250" oya="1" hai0="112,34,121,106,43,132,29,3,51,19,2,82,11" hai1="28,95,131,125,4,83,111,115,81,114,35,59,96" hai2="98,94,55,85,41,66,1,75,50,54,119,9,135" hai3="123,8,76,67,108,68,18,24,87,99,0,120,103"/><U80/><E4/><V53/><F119/><W74/><G74/><T91/><D112/><N who="1" m="43051" /><E59/><V100/><F75/><W77/><G68/><T70/><D132/><U79/><E28/><V21/><F135/><W48/><G67/><T32/><D121/><U104/><E35/><V60/><F1/><W127/><G0/><T116/><D106/><U5/><E5/><V23/><F9/><W122/><G48/><T36/><D116/><U133/><E133/><V30/><F85/><W14/><G24/><T13/><D70/><U38/><E38/><V62/><F30/><W31/><G31/><T6/><D36/><U78/><E131/><V124/><F124/><W84/><G127/><T101/><D101/><N who="1" m="62503" /><E125/><V63/><REACH who="2" step="1"/><F66/><REACH who="2" ten="211,289,240,250" step="2"/><W134/><G134/><T130/><D130/><U22/><E22/><V93/><F93/><W64/><G64/><T57/><D29/><U33/><E33/><V40/><F40/><W7/><G123/><T26/><D2/><U61/><E111/><V56/><F56/><W89/><G108/><T129/><D129/><U65/><E65/><V88/><F88/><W39/><G122/><T126/><D126/><U73/><E61/><V71/><F71/><W90/><G120/><T109/><D109/><U46/><E46/><AGARI ba="0,1" hai="21,23,41,46,50,53,54,55,60,62,63,94,98,100" machi="46" ten="40,5200,0" yaku="1,1,8,1,53,1" doraHai="86" doraHaiUra="42" who="2" fromWho="1" sc="211,0,289,-52,240,62,250,0" /><INIT seed="2,0,0,3,4,17" ten="211,237,302,250" oya="2" hai0="0,118,133,92,21,78,105,19,103,25,112,15,3" hai1="51,40,82,129,62,28,43,116,34,113,94,107,23" hai2="14,54,9,87,79,119,132,16,33,134,48,90,99" hai3="45,85,59,135,76,26,53,37,8,27,20,110,60"/><V84/><F119/><W65/><G110/><T66/><D112/><U114/><E107/><V24/><F99/><W22/><G135/><N who="2" m="51753" /><F79/><W75/><G75/><T52/><D105/><U56/><E34/><V122/><F122/><W95/><G8/><T29/><D133/><U47/><E116/><V125/><F125/><W89/><G76/><T10/><D118/><U80/><E129/><V128/><F128/><W88/><G37/><T115/><D115/><U57/><E113/><V55/><F48/><N who="3" m="28815" /><G89/><T61/><D78/><U102/><E43/><V117/><F84/><W30/><G30/><T130/><D52/><N who="2" m="20010" /><F117/><W11/><G11/><T100/><D130/><U106/><E114/><V121/><F121/><W32/><G32/><T38/><D38/><U101/><E106/><V93/><F33/><W126/><G126/><T36/><D36/><U108/><E108/><V83/><F24/><AGARI ba="0,0" hai="20,22,24,26,27,59,60,65,85,88,95" m="28815" machi="24" ten="30,7700,0" yaku="8,1,52,2,54,1" doraHai="17" who="3" fromWho="2" sc="211,0,237,0,302,-77,250,77" /><INIT seed="3,0,0,0,0,56" ten="211,237,225,327" oya="3" hai0="50,87,74,66,9,37,61,123,23,4,41,134,102" hai1="118,24,91,64,83,21,88,2,103,101,26,122,40" hai2="112,70,27,76,8,12,1,53,80,93,121,16,89" hai3="82,11,20,36,128,48,25,120,32,7,0,57,44"/><W97/><G120/><T115/><D74/><U114/><E122/><V81/><F112/><W125/><G125/><T119/><D123/><U62/><E114/><V107/><F121/><W30/><G128/><T78/><D37/><U117/><E2/><V110/><F107/><W65/><G36/><T63/><D119/><N who="1" m="45579" /><E40/><V105/><F105/><W106/><G82/><T43/><D134/><U133/><E133/><V85/><F110/><W72/><G72/><T29/><D115/><U10/><E10/><V52/><F70/><W34/><G106/><T31/><D102/><N who="1" m="38923" /><E83/><V111/><F111/><W126/><G97/><T17/><D66/><U132/><E132/><V59/><F1/><W15/><G126/><T130/><D130/><U68/><E26/><V124/><F124/><W99/><G99/><T108/><D108/><U127/><E127/><V135/><F135/><W73/><G73/><T113/><D113/><U71/><E71/><V129/><F129/><W67/><G57/><T75/><D75/><U92/><E92/><V84/><F81/><W39/><G39/><T104/><D87/><U98/><E98/><V131/><F131/><W28/><G28/><AGARI ba="0,0" hai="21,24,28,62,64,68,88,91" m="38923,45579" machi="28" ten="30,3900,0" yaku="12,1,52,1,54,1" doraHai="56" who="1" fromWho="3" sc="211,0,237,39,225,0,327,-39" /><INIT seed="4,0,0,2,3,104" ten="211,276,225,288" oya="0" hai0="38,73,12,114,28,133,19,105,90,32,131,63,5" hai1="27,103,96,54,3,81,100,53,95,60,101,94,118" hai2="93,1,62,40,56,10,2,55,84,30,23,88,120" hai3="61,22,69,42,91,33,97,36,76,37,14,113,128"/><T45/><D114/><U24/><E118/><V111/><F111/><W126/><G33/><T0/><D131/><U34/><E3/><V67/><F120/><W70/><G113/><T64/><D133/><U82/><E34/><V6/><F40/><W127/><G128/><T122/><D122/><U107/><E107/><V124/><F124/><W13/><G76/><T135/><D135/><U46/><E60/><V86/><F2/><W99/><G61/><T58/><D105/><U11/><E11/><V75/><F75/><W65/><G22/><T71/><D90/><U35/><E35/><V110/><F110/><W129/><G91/><T125/><D125/><U21/><E46/><V83/><F30/><W29/><G129/><T17/><D58/><U92/><E96/><V26/><F26/><N who="1" m="9769" /><E21/><V89/><REACH who="2" step="1"/><F23/><REACH who="2" ten="211,276,215,288" step="2"/><W39/><G126/><T102/><D73/><U112/><E112/><V85/><F85/><W18/><G127/><T66/><D32/><U68/><E68/><V15/><F15/><W80/><G70/><T50/><D12/><U9/><E9/><V106/><F106/><W116/><G13/><T48/><D0/><U8/><E8/><V16/><F16/><W108/><G14/><T79/><D28/><U41/><E41/><V4/><F4/><W57/><G29/><T43/><D5/><U72/><E72/><V115/><F115/><W123/><G123/><T134/><D134/><U20/><E20/><V74/><F74/><W51/><G69/><T59/><D43/><U7/><E7/><V130/><F130/><W109/><G42/><T44/><D19/><RYUUKYOKU ba="0,1" sc="211,-15,276,15,215,15,288,-15" hai1="53,54,81,82,92,94,95,100,101,103" hai2="1,6,10,55,56,62,67,83,84,86,88,89,93" /><INIT seed="5,1,1,4,2,99" ten="196,291,230,273" oya="1" hai0="100,95,36,72,68,25,17,82,69,6,37,51,50" hai1="40,126,67,35,80,87,11,48,28,18,12,86,75" hai2="90,19,30,127,118,105,71,2,96,52,135,29,41" hai3="128,131,94,34,106,79,57,91,122,123,47,92,0"/><U130/><E130/><N who="3" m="49706" /><G0/><T102/><D6/><U32/><E126/><V14/><F2/><W83/><G34/><T33/><D95/><U121/><E121/><N who="3" m="46090" /><G57/><T125/><D17/><U115/><E115/><V26/><F118/><W97/><G47/><T124/><D82/><U54/><E40/><V108/><F108/><W8/><G8/><T1/><D72/><U78/><E67/><V10/><F127/><W109/><G109/><T53/><D1/><U120/><E120/><V104/><F71/><W21/><G21/><T63/><D25/><U42/><E42/><V46/><F135/><W107/><G94/><T31/><D53/><U110/><E110/><V62/><F30/><W129/><N who="3" m="49714" /><W23/><DORA hai="39" /><G23/><T112/><D31/><U81/><E28/><V119/><F119/><W45/><G45/><T43/><D43/><U15/><E15/><V113/><F29/><W38/><G38/><T22/><D22/><U55/><E55/><V7/><F26/><W27/><G27/><T64/><D64/><U59/><REACH who="1" step="1"/><E75/><AGARI ba="1,1" hai="75,79,83,91,92,97,106,107" m="46090,49714" machi="75" ten="40,5200,0" yaku="19,1,34,2" doraHai="99,39" who="3" fromWho="1" sc="196,0,291,-55,230,0,273,65" /><INIT seed="6,0,0,4,1,19" ten="196,236,230,338" oya="2" hai0="60,99,63,43,34,128,23,61,4,131,101,46,33" hai1="84,67,62,125,52,12,47,1,7,57,30,72,130" hai2="90,37,48,42,78,44,68,53,89,120,71,106,92" hai3="135,36,108,27,26,0,51,3,126,41,16,117,9"/><V13/><F120/><W65/><G108/><T91/><D91/><U107/><E72/><V111/><F106/><W112/><G117/><T94/><D4/><U73/><E73/><V24/><F111/><W79/><G36/><T85/><D85/><U118/><E118/><V18/><F78/><W113/><G135/><T55/><D55/><U56/><E107/><V75/><F24/><W80/><G65/><T124/><D124/><U58/><E1/><V69/><F75/><N who="3" m="43135" /><G126/><T5/><D5/><U25/><E125/><V59/><REACH who="2" step="1"/><F92/><REACH who="2" ten="196,236,220,338" step="2"/><W2/><G27/><T17/><D131/><U98/><E130/><V40/><F40/><W96/><G26/><T31/><D128/><U15/><E25/><V134/><F134/><W132/><G132/><T114/><D31/><U109/><E109/><V88/><F88/><W49/><G41/><T83/><D83/><U95/><E30/><V74/><F74/><W119/><G119/><T28/><D28/><U82/><E95/><V21/><AGARI ba="0,1" hai="13,18,21,37,42,44,48,53,59,68,69,71,89,90" machi="21" ten="30,6000,0" yaku="1,1,0,1,52,1,53,0" doraHai="19" doraHaiUra="93" who="2" fromWho="2" sc="196,-20,236,-20,220,70,338,-20" /><INIT seed="6,1,0,4,5,47" ten="176,216,290,318" oya="2" hai0="89,74,126,57,102,27,110,36,44,32,28,69,39" hai1="79,25,63,131,4,114,94,120,12,7,20,100,134" hai2="53,52,55,127,111,24,112,101,58,88,0,99,132" hai3="125,41,98,61,11,23,8,113,50,97,1,71,115"/><V5/><F112/><N who="3" m="43083" /><G125/><T121/><D110/><U48/><E114/><V77/><F127/><W26/><G41/><T68/><D126/><U15/><E134/><V62/><F132/><W129/><G50/><T17/><D121/><U56/><E131/><V60/><F111/><W103/><G129/><T14/><D74/><U118/><E79/><V108/><F108/><W30/><G1/><T38/><D102/><U109/><E118/><V37/><F37/><W78/><G78/><T18/><D89/><U33/><E33/><V135/><F135/><W40/><G40/><T3/><D3/><U95/><E109/><V21/><F77/><W67/><G97/><T82/><D82/><U117/><E117/><V42/><F42/><W75/><G75/><T116/><D116/><U51/><E120/><V84/><F5/><N who="1" m="2121" /><E12/><V105/><F62/><W87/><G87/><T73/><D73/><U124/><E15/><V123/><F0/><W86/><G86/><T19/><D44/><U92/><E100/><V54/><F123/><W83/><G83/><T22/><REACH who="0" step="1"/><D57/><REACH who="0" ten="166,216,290,318" step="2"/><U96/><E124/><V85/><REACH who="2" step="1"/><F88/><REACH who="2" ten="166,216,280,318" step="2"/><W43/><G43/><T91/><D91/><U35/><E96/><V6/><F6/><W90/><G90/><T31/><D31/><AGARI ba="1,2" hai="21,24,31,52,53,54,55,58,60,84,85,99,101,105" machi="31" ten="40,3900,0" yaku="1,1,54,1,53,0" doraHai="47" doraHaiUra="104" who="2" fromWho="0" sc="166,-42,216,0,280,62,318,0" /><INIT seed="6,2,0,2,0,134" ten="124,216,342,318" oya="2" hai0="131,128,44,61,57,90,58,50,29,52,98,23,9" hai1="34,47,37,40,53,132,66,124,102,120,56,11,55" hai2="86,85,49,87,81,7,82,105,127,41,107,84,108" hai3="73,1,62,59,117,116,5,109,14,77,125,30,78"/><V65/><F65/><W97/><G1/><T94/><D9/><U0/><E34/><V33/><F33/><W101/><G109/><T16/><D29/><U21/><E132/><V104/><F7/><W43/><G43/><T95/><D95/><U133/><E133/><V75/><F49/><W64/><G30/><T71/><D71/><U31/><E102/><V69/><F41/><W118/><G73/><T135/><D135/><U8/><E120/><V48/><F48/><W92/><REACH who="3" step="1"/><G125/><REACH who="3" ten="124,216,342,308" step="2"/><T28/><D28/><U51/><E0/><V110/><F127/><W89/><G89/><T122/><D122/><U99/><E124/><V18/><F69/><W36/><G36/><T80/><D80/><U114/><E31/><V60/><F18/><W129/><G129/><T2/><D2/><U115/><E37/><V13/><F13/><W111/><G111/><N who="2" m="42537" /><F75/><W32/><G32/><T126/><D126/><U130/><E130/><V22/><F82/><W24/><G24/><T113/><D113/><U25/><E114/><V6/><F81/><W15/><G15/><T103/><D58/><U42/><E115/><V91/><F91/><W123/><G123/><T100/><D131/><U38/><E38/><V119/><F6/><W72/><G72/><T121/><D121/><U68/><E68/><V74/><F74/><W45/><G45/><T10/><D128/><U70/><E70/><V54/><F119/><W27/><G27/><N who="0" m="14823" /><D10/><AGARI ba="2,1" hai="5,10,14,59,62,64,77,78,92,97,101,116,117,118" machi="10" ten="40,1300,0" yaku="1,1,53,0" doraHai="134" doraHaiUra="19" who="3" fromWho="0" sc="124,-19,216,0,342,0,308,29" /><INIT seed="7,0,0,4,4,72" ten="105,216,342,337" oya="3" hai0="92,95,65,93,87,57,70,51,30,31,23,59,44" hai1="122,96,25,134,8,42,120,81,0,17,54,124,85" hai2="19,53,45,27,67,129,123,86,125,13,10,48,106" hai3="12,131,24,37,15,127,4,118,121,43,101,62,99"/><W119/><G121/><T111/><D111/><U68/><E68/><V74/><F74/><W100/><G37/><T90/><D70/><U32/><E42/><V108/><F108/><W38/><G38/><T132/><D132/><U116/><E134/><V109/><F109/><W34/><G43/><T73/><D73/><U128/><E128/><V126/><F106/><W29/><G131/><T112/><D112/><U107/><E124/><N who="2" m="47723" /><F129/><W18/><G127/><T98/><D65/><U20/><E116/><V135/><F135/><W26/><G101/><T69/><D69/><U14/><E54/><V61/><F123/><W6/><G62/><T7/><D7/><N who="3" m="2601" /><G99/><T28/><D23/><U89/><E107/><V94/><F27/><N who="3" m="18751" /><G100/><T39/><D39/><U2/><E96/><V36/><F36/><W1/><G1/><T22/><D98/><U11/><E2/><V16/><F19/><W41/><G41/><T49/><D22/><U46/><E120/><V33/><F33/><W84/><G84/><T35/><D35/><U5/><E122/><V47/><F47/><W58/><G58/><T82/><REACH who="0" step="1"/><D44/><REACH who="0" ten="95,216,342,337" step="2"/><U50/><E32/><V21/><F21/><N who="3" m="13367" /><G26/><T79/><D79/><U102/><E46/><V117/><F117/><AGARI ba="0,1" hai="12,15,117,118,119" m="13367,18751,2601" machi="117" ten="30,2900,0" yaku="34,2" doraHai="72" who="3" fromWho="2" sc="95,0,216,0,342,-29,337,39" owari="95,-40.5,216,-18.4,313,11.3,376,47.6" /></mjloggm>