<mjloggm ver="2.3"><GO type="169" lobby="0"/><UN n0="%E4%BE%8D" n1="%E5%9B%9B%E5%89%AF%E9%9C%B2%E5%8D%98%E9%A8%8E" n2="%E3%83%A9%E3%83%B3%E3%82%B9%E3%83%AD%E3%83%83%E3%83%88" n3="%E3%81%86%E3%81%A3%E3%81%8B%E3%82%8A" dan="17,16,17,16" rate="2227.37,2054.85,2091.01,2142.65" sx="M,F,M,M"/><TAIKYOKU oya="0"/><INIT seed="0,0,0,5,3,20" ten="250,250,250,250" oya="0" hai0="65,99,89,76,70,49,83,108,26,45,72,16,14" hai1="30,115,52,123,96,92,6,131,50,91,97,40,129" hai2="5,29,102,105,88,128,67,119,93,80,118,69,68" hai3="12,110,98,32,13,3,1,87,114,0,64,57,33"/><T19/><D108/><U11/><E123/><V95/><F128/><W117/><G98/><T81/><D70/><U112/><E40/><V21/><F5/><W2/><G87/><T126/><D126/><U31/><E96/><N who="2" m="61639" /><F80/><W47/><G47/><T61/><D14/><N who="3" m="5737" /><G57/><T100/><D89/><U77/><E77/><V63/><F69/><W79/><G64/><T120/><D83/><U78/><E78/><V28/><F95/><W41/><G41/><T73/><D73/><U106/><E106/><V133/><F133/><W37/><G37/><T48/><D120/><U101/><E101/><V56/><F56/><W27/><G79/><T35/><D49/><U90/><E90/><V85/><F21/><W38/><G38/><T130/><D130/><N who="1" m="49675" /><E11/><V104/><F104/><W103/><G103/><T22/><D35/><N who="3" m="13385" /><G110/><T34/><D34/><U132/><E6/><V116/><AGARI ba="0,0" hai="28,29,63,67,68,85,88,93,116,118,119" m="61639" machi="116" ten="30,2000,0" yaku="12,1,54,1" doraHai="20" who="2" fromWho="2" sc="250,-10,250,-5,250,20,250,-5" /><INIT seed="1,0,0,0,5,32" ten="240,245,270,245" oya="1" hai0="121,95,33,7,63,102,69,114,45,79,94,15,4" hai1="82,49,54,41,124,109,67,24,19,89,128,87,100" hai2="1,111,134,108,74,99,64,115,34,72,10,11,8" hai3="35,84,20,60,47,107,57,6,91,59,68,5,14"/><U92/><E128/><V38/><F38/><W112/><G112/><T37/><D114/><U51/><E124/><V56/><F115/><W104/><G35/><T25/><D121/><U17/><E67/><V16/><F34/><W22/><G68/><T76/><D37/><U118/><E118/><V26/><F134/><W129/><G129/><T96/><D45/><N who="1" m="25775" /><E109/><N who="2" m="42059" /><F99/><W3/><G47/><T65/><D95/><U83/><E100/><V113/><F113/><W2/><G14/><T130/><D130/><U77/><E24/><V71/><F71/><W93/><G93/><T61/><D61/><U98/><E83/><V106/><F106/><W39/><G60/><T81/><D15/><U135/><E135/><V23/><F1/><W70/><G39/><T66/><D66/><U80/><E80/><V116/><F116/><W27/><G70/><T36/><D36/><U90/><E90/><V127/><F127/><W55/><G91/><T58/><D69/><U43/><E43/><V103/><F103/><W117/><G117/><T50/><D79/><U21/><E21/><V131/><F131/><W62/><G62/><AGARI ba="0,0" hai="8,10,11,16,23,26,56,62,64,72,74" m="42059" machi="62" ten="30,2000,0" yaku="14,1,54,1" doraHai="32" who="2" fromWho="3" sc="240,0,245,0,270,20,245,-20" /><INIT seed="2,0,0,4,1,22" ten="240,245,290,225" oya="2" hai0="11,71,38,51,1,73,5,118,74,75,113,24,53" hai1="3,60,119,56,102,112,95,21,123,25,130,134,97" hai2="92,127,26,135,104,13,82,49,28,10,34,101,121" hai3="70,62,106,42,79,32,128,58,63,40,89,30,23"/><V100/><F121/><W27/><G128/><T77/><D113/><U37/><E112/><V122/><F122/><W91/><G106/><T59/><D118/><U132/><E123/><V52/><F135/><W114/><G114/><T124/><D124/><U111/><E119/><V44/><F127/><W81/><G70/><T14/><D71/><U33/><E130/><V131/><F131/><W110/><G110/><T19/><D38/><U84/><E111/><V109/><F109/><W108/><G108/><T65/><D65/><U120/><E120/><V126/><F126/><W66/><G32/><T16/><D77/><U88/><E3/><V57/><F104/><W4/><G4/><T55/><D1/><U90/><E37/><V36/><F92/><W61/><G61/><T96/><D96/><U93/><E33/><V133/><F133/><W17/><G63/><T86/><D86/><U103/><E103/><V105/><F105/><W50/><G30/><T29/><REACH who="0" step="1"/><D55/><REACH who="0" ten="230,245,290,225" step="2"/><U115/><E115/><V87/><F36/><W31/><G79/><T83/><D83/><U0/><E0/><V107/><F82/><W94/><G81/><T69/><D69/><U117/><E117/><V80/><F80/><W7/><G66/><T15/><D15/><U43/><E132/><V47/><F87/><W2/><G2/><T12/><D12/><U45/><E134/><V78/><F78/><W98/><G98/><T72/><N who="0" m="18432" /><DORA hai="6" /><T9/><D9/><U99/><E84/><V8/><F8/><W18/><G42/><T76/><D76/><U85/><E85/><V54/><F10/><RYUUKYOKU ba="0,1" sc="230,30,245,-10,290,-10,225,-10" hai0="5,11,14,16,19,24,29,51,53,59" /><INIT seed="3,1,1,3,2,56" ten="260,235,280,215" oya="3" hai0="132,30,72,93,75,28,96,130,60,117,50,131,104" hai1="84,94,16,98,124,31,90,35,33,101,86,113,58" hai2="80,79,37,13,12,95,62,103,97,69,5,15,21" hai3="36,34,73,55,23,2,20,24,14,99,42,114,49"/><W17/><G73/><N who="0" m="28235" /><D117/><U3/><E3/><V71/><F37/><W61/><G114/><T29/><D50/><U22/><E113/><V19/><F5/><W67/><G2/><T65/><D104/><U108/><E108/><V63/><F71/><W59/><G34/><T112/><D112/><U115/><E115/><V32/><F32/><W7/><G36/><T133/><D93/><U9/><E124/><V18/><F69/><W126/><G126/><T121/><D96/><U66/><E9/><V82/><F13/><W47/><G99/><T10/><D10/><U88/><E31/><V39/><F39/><W54/><REACH who="3" step="1"/><G7/><REACH who="3" ten="260,235,280,205" step="2"/><T123/><D121/><U8/><E33/><V89/><F103/><W51/><G51/><T122/><D123/><U128/><E35/><V106/><F106/><W77/><G77/><T6/><D6/><U129/><E129/><N who="0" m="49161" /><D122/><U100/><E128/><V40/><F79/><W118/><G118/><T109/><D109/><U91/><E100/><V68/><F97/><W135/><G135/><T44/><D44/><U85/><E101/><V25/><F89/><W41/><G41/><T38/><D38/><U43/><E43/><V110/><F40/><W87/><G87/><T52/><D52/><U120/><E120/><V53/><F53/><W46/><G46/><T116/><D116/><U76/><E76/><V81/><F110/><W0/><G0/><T64/><D64/><U119/><E119/><V78/><F78/><W74/><G74/><T102/><D102/><U48/><E90/><V11/><F12/><W105/><G105/><T26/><D26/><RYUUKYOKU ba="1,2" sc="260,15,235,-15,280,-15,205,15" hai0="28,29,30,60,65,132,133" hai3="14,17,20,23,24,42,47,49,54,55,59,61,67" /><INIT seed="3,2,2,2,4,36" ten="275,220,265,220" oya="3" hai0="6,68,39,124,37,60,82,16,29,52,43,63,122" hai1="22,49,111,38,35,50,93,80,65,12,88,25,32" hai2="85,66,92,3,54,105,117,132,86,98,100,119,62" hai3="83,109,116,57,17,115,0,77,71,42,21,81,96"/><W5/><G71/><T34/><D6/><U15/><E38/><V61/><F3/><W91/><G115/><T45/><D122/><U106/><E106/><V78/><F132/><W10/><G116/><T67/><D124/><U130/><E111/><V120/><F120/><W26/><G109/><T47/><D29/><U129/><E65/><V134/><F134/><W19/><G57/><N who="0" m="34855" /><D16/><N who="1" m="10503" /><E80/><V126/><F126/><W33/><G33/><N who="1" m="12874" /><E15/><V90/><F54/><W24/><G42/><N who="0" m="22735" /><D34/><U46/><E46/><V9/><F61/><W41/><G41/><N who="0" m="22975" /><D82/><U4/><E25/><V56/><F117/><W2/><G2/><T30/><D30/><U108/><E4/><V79/><F119/><W107/><G26/><T48/><D43/><U118/><E118/><V14/><F86/><W73/><G107/><T84/><D84/><N who="1" m="52359" /><E108/><V55/><F66/><W114/><G83/><T23/><D23/><U89/><E89/><V64/><F64/><W11/><G19/><AGARI ba="2,2" hai="9,14,19,55,56,62,78,79,85,90,92,98,100,105" machi="19" ten="30,1000,0" yaku="7,1" doraHai="36" who="2" fromWho="3" sc="275,0,220,0,265,36,220,-16" /><INIT seed="4,0,0,3,5,3" ten="275,220,301,204" oya="0" hai0="75,16,28,4,43,25,5,27,60,21,121,101,70" hai1="125,107,57,15,102,89,13,110,134,98,56,32,116" hai2="39,133,100,97,52,26,84,30,59,62,33,88,130" hai3="82,124,113,23,11,22,72,81,49,71,90,19,64"/><T12/><D75/><U67/><E110/><V119/><F130/><W42/><G113/><T96/><D121/><U38/><E116/><V44/><F133/><W83/><G72/><T17/><D43/><U65/><E32/><V0/><F0/><W61/><G124/><T132/><D132/><U131/><E38/><V24/><F24/><W74/><G74/><T87/><D87/><U77/><E134/><V47/><F39/><W135/><G135/><T122/><D122/><U76/><E131/><V1/><F1/><W115/><G115/><T108/><D108/><U117/><E117/><V79/><F79/><W85/><G42/><T103/><D70/><U37/><E37/><V36/><F36/><W9/><G49/><T112/><D112/><U18/><E89/><V63/><F63/><W118/><G118/><T129/><D60/><U73/><E125/><V99/><F119/><W51/><G51/><T35/><D103/><U31/><E31/><V111/><F111/><W48/><G48/><T40/><D40/><U2/><E2/><V109/><F109/><W86/><G83/><T58/><D58/><U93/><E107/><V127/><F127/><W34/><G34/><T10/><D129/><U69/><E69/><V106/><REACH who="2" step="1"/><F97/><REACH who="2" ten="275,220,291,204" step="2"/><W78/><REACH who="3" step="1"/><G23/><REACH who="3" ten="275,220,291,194" step="2"/><T120/><REACH who="0" step="1"/><D120/><REACH who="0" ten="265,220,291,194" step="2"/><U80/><E73/><V46/><F46/><W123/><G123/><T50/><D50/><U94/><E57/><V14/><F14/><AGARI ba="0,3" hai="9,11,14,19,22,61,64,71,78,81,82,85,86,90" machi="14" ten="30,2000,0" yaku="1,1,7,1,53,0" doraHai="3" doraHaiUra="20" who="3" fromWho="2" sc="265,0,220,0,291,-20,194,50" /><INIT seed="5,0,0,5,2,2" ten="265,220,271,244" oya="1" hai0="27,86,88,63,58,66,125,76,43,18,15,9,132" hai1="51,1,83,72,8,105,99,122,107,112,135,84,42" hai2="34,110,23,54,79,29,96,46,119,33,24,113,59" hai3="98,103,108,57,17,62,114,129,120,80,61,116,3"/><U95/><E122/><V41/><F110/><W100/><G108/><T78/><D125/><U22/><E42/><V0/><F119/><W117/><G120/><T30/><D43/><U118/><E118/><N who="3" m="45674" /><G114/><T94/><REACH who="0" step="1"/><D132/><REACH who="0" ten="255,220,271,244" step="2"/><U75/><E135/><V12/><F41/><W5/><G129/><T45/><D45/><U36/><E112/><V121/><F46/><W71/><G71/><T74/><D74/><U38/><E75/><V52/><F113/><W90/><G17/><T20/><AGARI ba="0,1" hai="9,15,18,20,27,30,58,63,66,76,78,86,88,94" machi="20" ten="20,8000,1" yaku="1,1,0,1,7,1,8,1,54,1,53,0" doraHai="2" doraHaiUra="49" who="0" fromWho="0" sc="255,90,220,-40,271,-20,244,-20" /><INIT seed="6,0,0,1,4,131" ten="345,180,251,224" oya="2" hai0="93,114,86,51,39,92,97,121,116,71,64,52,11" hai1="6,40,83,108,80,2,16,106,78,17,117,1,122" hai2="26,99,68,46,133,59,29,69,128,95,129,123,14" hai3="127,115,58,65,75,120,23,38,35,44,88,15,67"/><V42/><F123/><W61/><G120/><T18/><D39/><U107/><E122/><V56/><F14/><W70/><G35/><T37/><D37/><U135/><E117/><V77/><F77/><W3/><G3/><T109/><D121/><U0/><E108/><V96/><F96/><W45/><G75/><T10/><D109/><U90/><E6/><V91/><F56/><W79/><G79/><T124/><D124/><U76/><E40/><V50/><F59/><W32/><G32/><T28/><D28/><U118/><E90/><V25/><F25/><W112/><G88/><N who="0" m="53271" /><D71/><U89/><E89/><V132/><F68/><W33/><G33/><T9/><D114/><N who="3" m="43561" /><G127/><T8/><D64/><U49/><E49/><V36/><F36/><W125/><G125/><T5/><D116/><U4/><E4/><V62/><F62/><N who="3" m="40247" /><G38/><T63/><D63/><U57/><E57/><V30/><F69/><W20/><G15/><N who="0" m="7527" /><D5/><U60/><E60/><V85/><F85/><W102/><G102/><N who="0" m="60719" /><D9/><U74/><E118/><V41/><F30/><W100/><G100/><T104/><D104/><U54/><E54/><V126/><F126/><W13/><G13/><T101/><D101/><U22/><E22/><AGARI ba="0,0" hai="20,22,23,44,45,58,61,67" m="40247,43561" machi="22" ten="30,2000,0" yaku="15,1,11,1" doraHai="131" who="3" fromWho="1" sc="345,0,180,-20,251,0,224,20" /><INIT seed="7,0,0,2,0,91" ten="345,160,251,244" oya="3" hai0="105,50,5,82,59,126,129,46,48,43,81,108,19" hai1="38,63,45,12,109,111,87,99,62,121,18,119,33" hai2="2,118,65,56,66,112,127,21,79,24,102,88,101" hai3="51,15,42,95,128,124,132,67,100,14,83,69,61"/><W76/><G132/><T114/><D108/><U41/><E121/><V125/><F2/><W85/><G128/><T28/><D105/><U52/><E33/><V116/><F79/><W0/><G0/><T60/><D129/><U9/><E119/><V104/><F112/><W84/><G124/><N who="2" m="47689" /><F88/><W134/><G134/><T49/><D126/><U106/><E63/><N who="2" m="38119" /><F66/><W34/><G34/><T103/><D5/><U68/><E68/><V11/><F11/><W92/><G85/><T13/><D28/><U64/><E64/><V117/><F104/><W4/><G100/><T94/><D82/><U6/><E106/><V70/><F70/><W78/><G78/><T80/><D81/><U90/><E99/><V110/><F110/><W10/><G15/><T39/><D80/><U37/><E37/><V8/><F8/><W23/><G23/><N who="0" m="11759" /><D39/><U26/><E26/><V97/><F97/><W20/><G20/><T7/><D7/><U135/><E6/><V16/><AGARI ba="0,0" hai="16,21,24,101,102,116,117,118" m="38119,47689" machi="16" ten="40,2700,0" yaku="18,1,54,1" doraHai="91" who="2" fromWho="2" sc="345,-7,160,-7,251,27,244,-13" owari="338,43.8,153,-34.7,278,7.8,231,-16.9" /></mjloggm>