<mjloggm ver="2.3"><GO type="169" lobby="0"/><UN n0="%63%61%72%6C%6F%73%6E" n1="%E3%82%BC%E3%83%B3%E3%83%84%E3%83%9E%E3%82%B7%E3%83%BC%E3%83%B3" n2="%62%6F%79%61%74%65%74%75" n3="%E5%A4%A9%E6%89%8D%E3%82%A4%E3%83%99%E3%83%AA%E3%82%B3%E8%B1%9A" dan="17,16,17,16" rate="2208.15,2135.45,2193.29,2085.68" sx="M,M,M,F"/><TAIKYOKU oya="0"/><INIT seed="0,0,0,5,1,83" ten="250,250,250,250" oya="0" hai0="105,86,113,27,36,87,2,58,51,48,95,76,82" hai1="62,60,123,59,121,28,115,129,64,67,11,3,78" hai2="102,20,117,130,44,70,99,21,104,109,54,127,88" hai3="119,29,47,6,69,77,50,108,12,110,100,37,14"/><T18/><D113/><U15/><E129/><V96/><F130/><W30/><G119/><T97/><D36/><U24/><E115/><V81/><F70/><W43/><G69/><T124/><D2/><U41/><E3/><V111/><F127/><W79/><G100/><T132/><D124/><U26/><E41/><V91/><F117/><W107/><G107/><T35/><D132/><U118/><E78/><N who="3" m="29706" /><G37/><T90/><D58/><U106/><E106/><V80/><F44/><W71/><G71/><T120/><D120/><U52/><E118/><V45/><F45/><W135/><G135/><T103/><REACH who="0" step="1"/><D18/><REACH who="0" ten="240,250,250,250" step="2"/><U7/><E123/><V49/><F109/><N who="3" m="42091" /><G14/><T85/><D85/><U55/><E121/><V125/><F111/><W22/><G22/><T8/><D8/><AGARI ba="0,1" hai="6,8,12,29,30,43,47,50" m="42091,29706" machi="8" ten="30,1000,0" yaku="14,1" doraHai="83" who="3" fromWho="0" sc="240,-10,250,0,250,0,250,20" /><INIT seed="1,0,0,5,0,127" ten="230,250,250,270" oya="1" hai0="52,13,80,128,135,98,6,134,21,130,88,42,133" hai1="20,31,74,89,76,113,41,36,121,29,102,78,66" hai2="103,40,25,46,22,84,11,111,101,125,44,18,120" hai3="70,97,119,59,65,9,81,112,109,19,77,122,32"/><U69/><E113/><V8/><F125/><W56/><G112/><T117/><D117/><U23/><E121/><V104/><F120/><W7/><G109/><T95/><D42/><U115/><E115/><V51/><F111/><W3/><G119/><T93/><D80/><U48/><E36/><V1/><F84/><W57/><G122/><T82/><D82/><U47/><E102/><V49/><F104/><W16/><G32/><T114/><D114/><U26/><E89/><V116/><F116/><W92/><G70/><T108/><D108/><U53/><E41/><V99/><F99/><W90/><REACH who="3" step="1"/><G65/><REACH who="3" ten="230,250,250,260" step="2"/><T50/><D95/><U71/><E66/><V14/><F1/><W64/><G64/><T96/><D96/><U63/><E71/><V132/><F132/><W83/><G83/><T118/><D118/><U10/><E69/><V73/><F73/><AGARI ba="0,1" hai="3,7,9,16,19,56,57,59,73,77,81,90,92,97" machi="73" ten="40,5200,0" yaku="1,1,54,1,53,1" doraHai="127" doraHaiUra="34" who="3" fromWho="2" sc="230,0,250,0,250,-52,260,62" /><INIT seed="2,0,0,1,0,114" ten="230,250,198,322" oya="2" hai0="14,119,84,18,105,48,20,67,73,46,40,79,117" hai1="55,21,69,94,7,65,38,13,121,54,102,126,100" hai2="134,113,2,91,71,87,133,127,96,88,82,104,10" hai3="8,52,0,122,12,129,135,97,42,111,64,11,101"/><V39/><F39/><W59/><G122/><T120/><D120/><U37/><E121/><V89/><F71/><W107/><G111/><T41/><D105/><U78/><E126/><V60/><F127/><W51/><G129/><T36/><D73/><U66/><E78/><V85/><F60/><W44/><G135/><N who="2" m="51721" /><F113/><W43/><G0/><T3/><D3/><U109/><E109/><V86/><F10/><W22/><G22/><T5/><D5/><U33/><E33/><V106/><F2/><W118/><G118/><N who="0" m="45067" /><D67/><U90/><E38/><V123/><F123/><W29/><G29/><T81/><D36/><U77/><E37/><V4/><F4/><W50/><G64/><N who="1" m="24682" /><E77/><N who="2" m="46287" /><F106/><W116/><G116/><T131/><D131/><U98/><E69/><V32/><F32/><W76/><G76/><T26/><D26/><U75/><E75/><V30/><F30/><W35/><G12/><T70/><D70/><U1/><E1/><V128/><F128/><W92/><G107/><T17/><D17/><N who="1" m="10415" /><E7/><V49/><F49/><W27/><G51/><T19/><D19/><U112/><E112/><V58/><F58/><W103/><G59/><T56/><D56/><U132/><E132/><V124/><F124/><W108/><G50/><T34/><D34/><U115/><E115/><V80/><F80/><W130/><G35/><T15/><D15/><U93/><BYE who="0" /><E93/><V74/><F74/><W53/><G92/><T47/><D47/><U24/><E24/><V25/><F25/><UN n0="%63%61%72%6C%6F%73%6E" /><W110/><G27/><T61/><D61/><U45/><E45/><V95/><F104/><N who="3" m="63535" /><G130/><T31/><D31/><RYUUKYOKU ba="0,0" sc="230,10,250,10,198,10,322,-30" hai0="14,18,20,40,41,46,48,79,81,84" hai1="54,55,90,94,98,100,102" hai2="86,87,88,89,91,95,96" /><INIT seed="2,1,0,5,2,1" ten="240,260,208,292" oya="2" hai0="21,69,55,0,109,12,22,88,35,4,126,5,28" hai1="71,93,82,111,58,45,14,119,27,92,108,85,33" hai2="128,57,106,101,13,96,65,99,115,107,59,42,46" hai3="73,56,104,91,34,26,72,17,36,37,25,127,129"/><V47/><F115/><W62/><G127/><T74/><D74/><U79/><E71/><V7/><F128/><W113/><G129/><T123/><D123/><U87/><E119/><V90/><F65/><W95/><G104/><T76/><D76/><U16/><E45/><V2/><F2/><W124/><G124/><T30/><D126/><U131/><E131/><V98/><F98/><W105/><G105/><T49/><D69/><U120/><E120/><V117/><F117/><W10/><G26/><N who="0" m="16471" /><D35/><U38/><E38/><V8/><F46/><W70/><G73/><T68/><D0/><U51/><E27/><V15/><F15/><W24/><G72/><T44/><D68/><U23/><E33/><V48/><REACH who="2" step="1"/><F90/><REACH who="2" ten="240,260,198,292" step="2"/><W125/><G91/><T50/><D109/><N who="1" m="42059" /><E87/><V9/><F9/><W11/><G11/><T77/><D77/><U31/><E31/><V43/><F43/><W118/><G10/><T32/><D30/><U97/><E97/><V67/><F67/><W84/><G113/><T19/><D32/><U40/><E40/><V133/><F133/><W132/><G34/><T6/><D88/><U39/><E39/><V61/><F61/><W18/><G37/><T53/><D50/><U135/><E135/><V3/><F3/><W94/><G36/><T60/><D60/><U102/><E102/><AGARI ba="1,1" hai="7,8,13,42,47,48,57,59,96,99,101,102,106,107" machi="102" ten="40,7700,0" yaku="1,1,9,1,52,1,53,0" doraHai="1" doraHaiUra="66" who="2" fromWho="1" sc="240,0,260,-80,198,90,292,0" /><INIT seed="2,2,0,3,0,97" ten="240,180,288,292" oya="2" hai0="61,83,25,13,73,70,24,78,14,113,9,127,2" hai1="114,128,35,92,42,55,71,105,54,72,107,109,132" hai2="38,85,62,49,66,22,43,108,115,122,74,104,65" hai3="4,99,59,20,87,86,33,60,131,48,106,119,15"/><V18/><F74/><W129/><G119/><T91/><D113/><U75/><E114/><V21/><F122/><W51/><G33/><T95/><D2/><U52/><E109/><V47/><F115/><W7/><G20/><T41/><D127/><U117/><E117/><V50/><F104/><W134/><G134/><T79/><D79/><U111/><E111/><V6/><F108/><W130/><G87/><T81/><D81/><U76/><E132/><V135/><F135/><W110/><G86/><T44/><D61/><U36/><E128/><V0/><F65/><W27/><G27/><T11/><D70/><U112/><E112/><V19/><F85/><W120/><G120/><T10/><D25/><U8/><E35/><V90/><F90/><W123/><G123/><T58/><D58/><U88/><E71/><V133/><F133/><W103/><G110/><T67/><D24/><U64/><E64/><V77/><F77/><W98/><G99/><T126/><D67/><U100/><E8/><V29/><F29/><W80/><G80/><T116/><D126/><U53/><N who="1" m="13312" /><DORA hai="17" /><U23/><E23/><V12/><F6/><N who="3" m="2091" /><G60/><T84/><REACH who="0" step="1"/><D116/><REACH who="0" ten="230,180,288,292" step="2"/><U101/><E76/><V125/><F0/><W63/><G59/><T89/><D89/><U57/><E57/><V26/><F125/><W16/><G63/><T46/><D46/><U3/><E3/><V94/><F62/><W28/><G28/><T118/><D118/><U93/><E88/><V30/><F66/><W96/><G131/><T39/><AGARI ba="2,1" hai="9,10,11,13,14,39,41,44,73,78,83,84,91,95" machi="39" ten="30,7900,0" yaku="1,1,0,1,53,2" doraHai="97,17" doraHaiUra="82,68" who="0" fromWho="0" sc="230,95,180,-22,288,-41,292,-22" /><INIT seed="3,0,0,3,1,85" ten="325,158,247,270" oya="3" hai0="112,119,5,58,29,69,64,110,63,88,99,38,71" hai1="53,93,41,111,129,115,39,12,128,56,4,80,107" hai2="108,0,37,124,123,32,122,81,28,31,77,15,1" hai3="130,95,42,8,116,83,86,6,36,65,90,44,134"/><W91/><G116/><T106/><D119/><U45/><E115/><V62/><F37/><W127/><G127/><T17/><D38/><U70/><E107/><V47/><F124/><W102/><G134/><T57/><D112/><U120/><E120/><V67/><F108/><W3/><G130/><N who="1" m="50282" /><E70/><V132/><F132/><W16/><G102/><T79/><D110/><U98/><E80/><V46/><F15/><W87/><G65/><T97/><D79/><U113/><E113/><V19/><F19/><W22/><G22/><T27/><D5/><U66/><E66/><V78/><F67/><W92/><G83/><T52/><D17/><AGARI ba="0,0" hai="3,6,8,16,17,36,42,44,86,87,90,91,92,95" machi="17" ten="40,12000,1" yaku="9,1,52,2,54,1" doraHai="85" who="3" fromWho="0" sc="325,-120,158,0,247,0,270,120" /><INIT seed="3,1,0,2,4,72" ten="205,158,247,390" oya="3" hai0="59,113,115,42,107,98,80,81,69,30,48,106,77" hai1="8,65,91,118,17,96,47,9,74,34,120,68,18" hai2="100,85,32,105,4,101,15,130,79,121,111,84,13" hai3="51,38,19,29,26,3,62,94,83,40,71,6,134"/><W97/><G134/><T117/><D117/><U133/><E120/><V92/><F32/><W22/><G38/><T63/><D80/><U82/><E133/><V2/><F130/><W0/><G6/><T43/><D30/><U27/><E118/><V60/><F111/><W54/><G40/><T24/><D24/><U1/><E47/><V103/><F105/><W36/><G36/><T37/><D37/><U108/><E108/><V93/><F121/><W61/><G71/><T55/><D69/><U31/><E65/><V124/><F124/><W66/><G66/><T76/><D81/><U122/><E68/><V131/><F131/><W90/><G3/><T58/><D43/><U128/><E122/><V102/><F60/><W5/><G5/><T45/><D59/><U127/><E127/><V67/><F67/><W41/><G0/><T11/><D11/><N who="1" m="4171" /><E1/><V99/><F2/><W132/><G41/><T14/><D14/><U75/><E128/><V135/><F135/><W50/><G132/><T12/><D12/><U114/><E114/><N who="0" m="43529" /><D107/><U119/><E119/><V23/><F4/><W88/><G29/><T110/><D110/><U46/><E46/><V78/><F13/><W112/><G112/><T129/><D129/><U70/><E70/><V53/><F15/><W56/><G62/><T89/><D89/><U33/><E33/><V95/><F23/><W28/><G28/><T123/><D123/><U20/><E34/><V25/><F25/><W126/><G126/><T64/><D64/><U73/><E82/><N who="2" m="47191" /><F53/><W7/><G7/><T16/><D16/><U104/><E104/><RYUUKYOKU ba="1,0" sc="205,0,158,0,247,0,390,0" hai0="42,45,48,55,58,63,76,77,98,106" hai1="17,18,20,27,31,73,74,75,91,96" hai2="79,85,92,93,95,99,100,101,102,103" hai3="19,22,26,50,51,54,56,61,83,88,90,94,97" /><INIT seed="3,2,0,3,1,103" ten="205,158,247,390" oya="3" hai0="132,95,38,65,63,94,84,47,109,25,52,80,60" hai1="57,69,118,53,64,108,5,70,111,28,6,116,101" hai2="48,135,119,117,102,14,43,98,96,79,115,113,30" hai3="1,8,62,18,4,126,82,86,81,50,76,73,72"/><W11/><G126/><T91/><D109/><N who="1" m="42059" /><E28/><V21/><F135/><W78/><G62/><T26/><D132/><U87/><E101/><V123/><F123/><W61/><G61/><T85/><D38/><U9/><E87/><V59/><F79/><W75/><G50/><N who="0" m="28767" /><D94/><U122/><E122/><V99/><F102/><W89/><G89/><N who="0" m="51335" /><D65/><U41/><E41/><V124/><F124/><W74/><G86/><T54/><D63/><N who="1" m="36271" /><E5/><V36/><F43/><W35/><G35/><T128/><D128/><U107/><E107/><V112/><F36/><W130/><G130/><T104/><D104/><U105/><E105/><V2/><F112/><W90/><G90/><T22/><D22/><U15/><E64/><V24/><F113/><W37/><G37/><T16/><D16/><U66/><E66/><V49/><F115/><W97/><G97/><T106/><D106/><U10/><E10/><V0/><F21/><W100/><G100/><T121/><D121/><U67/><E67/><V88/><F96/><W45/><G18/><T93/><D93/><U20/><E20/><V13/><F98/><W114/><G114/><T19/><D19/><U39/><E39/><V51/><F99/><W77/><G11/><T92/><D95/><U46/><E46/><V71/><F59/><AGARI ba="2,0" hai="25,26,54,59,60,85,91,92" m="51335,28767" machi="59" ten="30,2000,0" yaku="8,1,54,1" doraHai="103" who="0" fromWho="2" sc="205,26,158,0,247,-26,390,0" /><INIT seed="4,0,0,1,3,135" ten="231,158,221,390" oya="0" hai0="88,126,72,67,61,8,23,65,84,52,110,34,64" hai1="77,124,120,50,38,99,75,63,3,128,117,10,26" hai2="7,68,42,25,79,28,121,54,103,0,32,49,130" hai3="31,71,115,100,127,55,15,119,70,20,18,91,101"/><T53/><D34/><U134/><E99/><V69/><F121/><W111/><G115/><T102/><D72/><U17/><E77/><V30/><F130/><W4/><G111/><T35/><D35/><U98/><E98/><V73/><F42/><W86/><G119/><T22/><D110/><U94/><E94/><V123/><F28/><W109/><G109/><T62/><D102/><U92/><E92/><V59/><F123/><W45/><G70/><T44/><D8/><U57/><E50/><V90/><F103/><W66/><G66/><T58/><D126/><U5/><E57/><V14/><F0/><W83/><G71/><T37/><D37/><U125/><E63/><V80/><F90/><W114/><G127/><N who="1" m="48714" /><E38/><V113/><F113/><W74/><G114/><T95/><D44/><U24/><E75/><V47/><F59/><AGARI ba="0,0" hai="22,23,52,53,58,59,61,62,64,65,67,84,88,95" machi="59" ten="40,12000,1" yaku="9,1,8,1,54,2" doraHai="135" who="0" fromWho="2" sc="231,120,158,0,221,-120,390,0" /><INIT seed="4,1,0,5,4,114" ten="351,158,101,390" oya="0" hai0="38,21,122,64,96,120,12,128,123,42,125,3,4" hai1="91,69,95,20,33,73,81,75,2,105,97,109,52" hai2="65,110,30,23,68,15,121,92,119,46,115,32,44" hai3="34,113,124,35,80,26,77,60,74,54,101,89,117"/><T55/><D3/><U90/><E33/><V98/><F115/><W57/><G113/><T40/><D4/><U79/><E69/><V130/><F110/><W82/><G124/><T86/><D125/><U19/><E109/><V28/><F121/><W107/><G117/><T88/><D128/><U47/><E2/><V50/><F130/><W106/><G35/><T102/><D64/><U5/><E5/><V118/><F32/><W51/><G101/><T41/><D55/><U24/><E105/><V56/><F68/><W66/><G89/><T100/><D38/><U87/><REACH who="1" step="1"/><E79/><REACH who="1" ten="351,148,101,390" step="2"/><V25/><F30/><W48/><G106/><T17/><REACH who="0" step="1"/><D96/><REACH who="0" ten="341,148,101,390" step="2"/><U59/><E59/><V94/><F98/><W104/><G57/><T135/><D135/><U131/><E131/><V16/><F119/><W103/><G77/><T111/><D111/><U61/><E61/><V93/><F118/><W1/><G60/><T18/><D18/><U29/><E29/><V133/><F133/><W70/><G1/><T76/><D76/><U13/><E13/><V45/><F65/><W53/><G66/><T67/><D67/><U112/><E112/><V132/><F132/><W36/><G70/><T85/><D85/><U49/><AGARI ba="1,2" hai="19,20,24,47,49,52,73,75,81,87,90,91,95,97" machi="49" ten="30,4000,0" yaku="1,1,0,1,54,1,53,0" doraHai="114" doraHaiUra="9" who="1" fromWho="1" sc="341,-21,148,63,101,-11,390,-11" /><INIT seed="5,0,0,4,5,93" ten="320,211,90,379" oya="1" hai0="28,36,63,21,47,43,52,75,61,40,59,83,128" hai1="48,51,25,116,37,135,86,1,22,15,56,82,57" hai2="102,20,34,134,64,127,3,107,72,8,105,133,69" hai3="70,46,122,126,100,24,104,108,2,85,62,89,58"/><U13/><E1/><V121/><F121/><W91/><G108/><T19/><D128/><U99/><E37/><V0/><F34/><W106/><G122/><T98/><D43/><U67/><E116/><V60/><F72/><W35/><G126/><T97/><D28/><U110/><E135/><V119/><F119/><W54/><G106/><T114/><D114/><U88/><E110/><V31/><F127/><W17/><G2/><T14/><REACH who="0" step="1"/><D63/><REACH who="0" ten="310,211,90,379" step="2"/><N who="1" m="38375" /><E57/><V68/><F68/><W11/><G58/><T125/><D125/><U30/><E99/><V50/><F69/><W42/><G70/><T96/><D96/><U71/><E71/><V79/><F134/><W66/><G62/><T38/><D38/><U109/><E109/><V130/><F133/><W81/><G66/><T113/><D113/><U32/><E32/><V87/><F130/><W90/><G35/><T23/><D23/><U118/><E118/><V9/><F3/><W120/><G120/><T77/><AGARI ba="0,1" hai="14,19,21,36,40,47,52,59,61,75,77,83,97,98" machi="77" ten="30,8000,1" yaku="1,1,0,1,52,2,54,1,53,0" doraHai="93" doraHaiUra="115" who="0" fromWho="0" sc="310,90,211,-40,90,-20,379,-20" /><INIT seed="6,0,0,3,1,74" ten="400,171,70,359" oya="2" hai0="127,116,47,17,28,55,3,43,51,30,113,44,11" hai1="135,52,134,68,45,85,61,78,119,26,100,5,9" hai2="53,98,96,65,101,24,1,90,62,122,36,10,111" hai3="7,20,92,13,60,130,0,132,46,117,79,19,81"/><V95/><F122/><W66/><G117/><T32/><D116/><U102/><E119/><V131/><F36/><W70/><G130/><T106/><D106/><U77/><E26/><V67/><F131/><W123/><G123/><T56/><D113/><U34/><E34/><V40/><F111/><W39/><G132/><N who="1" m="50730" /><E68/><V104/><F40/><W41/><G92/><T121/><D121/><U133/><E85/><V86/><F98/><W12/><G0/><T48/><D127/><U94/><E133/><V50/><F24/><W88/><G88/><T128/><D128/><U63/><E63/><V35/><F35/><W112/><G112/><T109/><D32/><U126/><E126/><V80/><F62/><W129/><G129/><T29/><D109/><U57/><E45/><V93/><F93/><W125/><G125/><T8/><D3/><N who="1" m="191" /><E102/><V4/><REACH who="2" step="1"/><F80/><REACH who="2" ten="400,171,60,359" step="2"/><W118/><G118/><T31/><D43/><U82/><E82/><V37/><F37/><W58/><G41/><T42/><D42/><U14/><E14/><V33/><F33/><W97/><G13/><T23/><N who="0" m="7168" /><DORA hai="59" /><T108/><D108/><U64/><E64/><V105/><F105/><W69/><G97/><AGARI ba="0,1" hai="52,57,61,77,78,94,97,100" m="191,50730" machi="97" ten="30,8000,1" yaku="20,1,52,3,54,1" doraHai="74,59" who="1" fromWho="3" sc="400,0,171,90,60,0,359,-80" /><INIT seed="7,0,0,4,2,85" ten="400,261,60,279" oya="3" hai0="43,15,97,48,79,56,108,16,13,36,58,67,83" hai1="76,25,7,80,57,87,121,62,112,66,26,69,42" hai2="82,10,119,28,88,2,77,61,52,98,71,22,78" hai3="122,46,125,86,111,5,33,55,11,60,89,19,118"/><W104/><G122/><T100/><D36/><U3/><E121/><V29/><F119/><W34/><G118/><T49/><D15/><U12/><E3/><V127/><F127/><W63/><G125/><T117/><D117/><U132/><E112/><V95/><F71/><W109/><G104/><T65/><D108/><N who="3" m="41545" /><G19/><T50/><D43/><U45/><E69/><V41/><F41/><W9/><G9/><N who="0" m="6191" /><D83/><U20/><E132/><V14/><F2/><N who="3" m="439" /><G46/><T120/><D79/><U103/><E103/><V74/><F78/><W17/><G17/><T81/><D81/><U23/><E23/><V68/><F68/><W92/><G55/><T54/><D120/><U106/><E106/><V37/><F37/><W102/><G102/><T51/><D56/><U8/><REACH who="1" step="1"/><E20/><REACH who="1" ten="400,251,60,279" step="2"/><V99/><F22/><W110/><N who="3" m="41553" /><W30/><DORA hai="70" /><G30/><T18/><D100/><U129/><E129/><V53/><F98/><W40/><G40/><T96/><D18/><U38/><AGARI ba="0,1" hai="7,8,12,25,26,38,42,45,57,62,66,76,80,87" machi="38" ten="20,5200,0" yaku="1,1,0,1,7,1,52,1,53,0" doraHai="85,70" doraHaiUra="27,134" who="1" fromWho="1" sc="400,-13,251,62,60,-13,279,-26" owari="387,48.7,313,11.3,47,-45.3,253,-14.7" /></mjloggm>