<mjloggm ver="2.3"><GO type="169" lobby="0"/><UN n0="%E4%B9%9D%E7%B4%8B%E9%BE%8D%E5%8F%B2%E9%80%B2" n1="%E4%BA%8C%E9%9A%8E%E5%A0%82%E7%9C%9F%E7%B4%85%E3%81%A1%E3%82%83%E3%82%93" n2="%65%76%31%36%33%38%34" n3="%41%6C%6C%2D%4C%75%63%6B" dan="19,16,17,16" rate="2286.76,2128.06,2155.09,2104.02" sx="M,M,M,M"/><TAIKYOKU oya="0"/><INIT seed="0,0,0,4,2,83" ten="250,250,250,250" oya="0" hai0="120,72,132,16,127,100,43,23,65,14,123,30,109" hai1="70,10,4,95,110,8,55,111,85,89,128,7,133" hai2="76,47,82,53,31,74,96,102,67,103,118,86,125" hai3="122,126,49,46,52,115,2,84,17,98,75,50,116"/><T42/><D72/><U6/><E70/><V81/><F67/><W24/><G75/><T39/><D132/><U130/><E55/><V35/><F125/><W121/><G2/><T9/><D127/><U20/><E20/><V12/><F118/><W11/><G115/><T77/><D77/><U19/><E133/><V5/><F35/><W51/><G116/><T48/><D39/><U90/><E19/><V69/><F31/><W33/><G126/><T104/><D65/><U32/><E32/><V124/><F69/><W80/><G98/><T26/><D109/><N who="1" m="41483" /><E90/><V28/><F28/><N who="3" m="19591" /><G17/><T99/><REACH who="0" step="1"/><D48/><REACH who="0" ten="240,250,250,250" step="2"/><U38/><E38/><V129/><F124/><W1/><G50/><T107/><D107/><U93/><E130/><V88/><F129/><W61/><G49/><T3/><D3/><U58/><E128/><V87/><F74/><W56/><G1/><T15/><D15/><U119/><E119/><V63/><F12/><W135/><G135/><T18/><D18/><U108/><E108/><V134/><F134/><W60/><G46/><T21/><D21/><U66/><E8/><V34/><F34/><W29/><G11/><T27/><D27/><U91/><E10/><V0/><F0/><W114/><G114/><T94/><D94/><U22/><E22/><V36/><F36/><W44/><G44/><T92/><D92/><N who="1" m="54319" /><E91/><N who="2" m="51663" /><F47/><W112/><G112/><T131/><D131/><U59/><E66/><V105/><F5/><N who="1" m="1281" /><U41/><DORA hai="40" /><E95/><N who="2" m="56423" /><F105/><W97/><G29/><T101/><D101/><U117/><E117/><V45/><F45/><W13/><G13/><T79/><D79/><RYUUKYOKU ba="0,1" sc="240,15,250,-15,250,15,250,-15" hai0="9,14,16,23,26,30,42,43,99,100,104,120,123" hai2="53,63,76,82,87,102,103" /><INIT seed="0,1,1,5,2,134" ten="255,235,265,235" oya="0" hai0="44,123,118,26,60,102,74,116,98,80,50,113,75" hai1="135,14,79,38,93,70,111,6,33,27,69,54,127" hai2="129,131,95,36,30,92,8,63,115,47,110,24,15" hai3="119,68,59,28,71,34,18,108,124,20,32,9,109"/><T49/><D113/><U87/><E38/><V83/><F115/><W99/><G119/><T72/><D123/><U121/><E121/><V37/><F63/><W42/><G42/><T82/><D26/><U96/><E54/><V7/><F110/><N who="3" m="42603" /><G99/><T13/><D13/><U4/><E87/><V46/><F83/><W114/><G114/><T48/><D44/><N who="2" m="16938" /><F95/><W107/><G107/><T120/><D120/><U84/><E84/><V19/><F92/><W77/><G77/><T112/><D112/><U56/><E79/><V10/><F30/><W101/><G101/><T88/><D60/><U31/><E93/><V12/><F24/><N who="3" m="16391" /><G59/><T76/><D76/><U89/><E56/><V125/><F37/><W45/><G45/><T105/><REACH who="0" step="1"/><D88/><REACH who="0" ten="245,235,265,235" step="2"/><U62/><E89/><V90/><F90/><W128/><G128/><N who="2" m="49225" /><F36/><W0/><G0/><T16/><D16/><U22/><E111/><V21/><F10/><W64/><G18/><T73/><N who="0" m="18432" /><DORA hai="58" /><T122/><D122/><U2/><E2/><V117/><F117/><AGARI ba="1,2" hai="48,49,50,80,82,98,102,105,116,117,118" m="18432" machi="117" ten="70,3400,0" yaku="1,1,53,0" doraHai="134,58" doraHaiUra="133,85" who="0" fromWho="2" sc="245,57,235,0,265,-37,235,0" /><INIT seed="0,2,0,2,1,11" ten="302,235,228,235" oya="0" hai0="19,127,12,97,81,1,88,98,51,70,125,22,38" hai1="14,122,106,107,33,61,0,84,50,28,15,41,23" hai2="92,67,34,42,99,25,111,80,57,75,87,7,82" hai3="109,116,110,55,36,72,29,10,128,3,40,77,119"/><T96/><D38/><U79/><E0/><V30/><F111/><N who="3" m="42507" /><G55/><T121/><D121/><U78/><E107/><V26/><F75/><W65/><G65/><T68/><D1/><U112/><E106/><V39/><F7/><N who="3" m="1407" /><G29/><T90/><D51/><U85/><E33/><V76/><F82/><N who="3" m="45351" /><G128/><T6/><D6/><U93/><E61/><V100/><F26/><W66/><G66/><T48/><D48/><U35/><E122/><V91/><F39/><W124/><G124/><N who="0" m="47691" /><D81/><U134/><E50/><V54/><F42/><W31/><G31/><T95/><D90/><U102/><E28/><V5/><F5/><W52/><G52/><T63/><D63/><U46/><E41/><V37/><F37/><W56/><G56/><T58/><D58/><U132/><E79/><V105/><F67/><W113/><G113/><T74/><D74/><U71/><E78/><V69/><F69/><AGARI ba="2,0" hai="12,19,22,68,69,70,88,95,96,97,98" m="47691" machi="69" ten="30,5800,0" yaku="18,1,52,1,54,1" doraHai="11" who="0" fromWho="2" sc="302,64,235,0,228,-64,235,0" /><INIT seed="0,3,0,1,2,121" ten="366,235,164,235" oya="0" hai0="115,3,44,14,76,84,56,11,39,2,53,64,57" hai1="35,77,106,111,108,19,47,17,112,129,118,78,131" hai2="93,92,109,21,91,42,63,5,83,66,67,55,130" hai3="38,97,110,96,8,10,22,100,61,7,71,62,116"/><T122/><D122/><U99/><E35/><V81/><F130/><N who="1" m="49673" /><E47/><V79/><F42/><W88/><G116/><T133/><D115/><U101/><E118/><V94/><F5/><W29/><G38/><T45/><D133/><U102/><E112/><V105/><F105/><W9/><G110/><N who="1" m="42026" /><E102/><V85/><F21/><W32/><G71/><T124/><D124/><U82/><E78/><V40/><F40/><W18/><G100/><T52/><D76/><U50/><E50/><V75/><F109/><W51/><G51/><T98/><D44/><U72/><AGARI ba="3,0" hai="17,19,72,77,82,99,101,106" m="42026,49673" machi="72" ten="30,8000,1" yaku="19,1,14,1,52,3" doraHai="121" who="1" fromWho="1" sc="366,-43,235,89,164,-23,235,-23" /><INIT seed="1,0,0,5,1,45" ten="323,324,141,212" oya="1" hai0="90,27,18,26,21,84,70,5,72,17,53,60,96" hai1="14,16,73,80,99,39,4,66,40,59,116,42,37" hai2="48,7,94,31,79,67,24,131,95,127,22,51,119" hai3="1,34,20,121,113,86,102,87,134,23,61,129,125"/><U69/><E116/><V36/><F119/><W106/><G113/><T98/><D72/><U92/><E69/><V57/><F36/><W49/><G1/><T68/><D5/><U54/><E66/><V101/><F131/><W89/><G34/><T117/><D117/><U11/><E39/><V110/><F110/><W0/><G0/><T111/><D111/><U135/><E135/><V65/><F127/><W44/><G129/><T82/><D68/><U122/><E122/><V74/><F74/><W6/><G121/><T100/><D100/><U130/><E37/><V30/><F79/><W43/><G134/><T9/><D70/><U104/><E104/><V91/><F7/><W108/><G125/><T25/><D9/><U55/><E55/><V75/><F75/><W50/><G86/><T93/><D17/><U97/><E97/><N who="2" m="59575" /><F31/><W107/><G6/><T88/><D96/><U12/><E80/><V10/><F10/><W71/><G108/><T77/><D77/><U2/><E130/><V132/><F132/><W114/><G114/><T28/><D28/><U38/><E38/><V15/><F15/><W58/><G71/><T109/><D109/><U62/><E73/><V29/><F29/><W118/><G118/><T105/><D105/><U33/><E33/><V85/><F67/><N who="3" m="39351" /><G106/><T128/><D128/><U123/><E123/><V3/><F3/><W64/><G64/><T76/><D76/><U35/><E35/><V103/><F103/><W56/><G107/><T52/><D60/><AGARI ba="0,0" hai="22,24,30,48,51,57,60,65,85,91,95" m="59575" machi="60" ten="30,7700,0" yaku="25,1,8,1,52,2" doraHai="45" who="2" fromWho="0" sc="323,-77,324,0,141,77,212,0" /><INIT seed="2,0,0,0,3,6" ten="246,324,218,212" oya="2" hai0="66,93,33,82,58,18,39,81,53,56,110,40,77" hai1="32,72,23,95,11,46,119,107,111,47,99,115,126" hai2="100,20,71,76,63,45,29,65,84,54,25,38,92" hai3="133,61,17,134,120,104,24,49,1,52,42,73,89"/><V69/><F69/><W74/><G104/><T98/><D33/><U22/><E72/><V78/><F54/><W43/><G1/><T124/><D110/><U51/><E32/><V36/><F36/><W113/><G113/><T55/><D66/><U12/><E107/><V14/><F14/><W15/><G120/><T30/><D30/><U94/><E119/><V50/><F38/><W97/><G24/><T105/><D105/><U132/><E132/><N who="3" m="50794" /><G61/><T41/><D124/><U122/><E95/><V108/><F108/><W62/><G62/><T135/><D135/><U35/><E35/><V128/><F128/><W10/><G89/><T3/><D3/><U85/><E126/><V90/><REACH who="2" step="1"/><F100/><REACH who="2" ten="246,324,208,212" step="2"/><W116/><G116/><T106/><D39/><U102/><E111/><V7/><F7/><W19/><G19/><T114/><D18/><U8/><E102/><V21/><F21/><W28/><G28/><T60/><D114/><U130/><E23/><V16/><F16/><W83/><G42/><T87/><D40/><U64/><E22/><V67/><F67/><W86/><G43/><T117/><D41/><U34/><E64/><V26/><F26/><W91/><G97/><T75/><D117/><U123/><E99/><V57/><F57/><AGARI ba="0,1" hai="10,15,17,49,52,57,73,74,83,86,91" m="50794" machi="57" ten="30,3900,0" yaku="20,1,52,1,54,1" doraHai="6" who="3" fromWho="2" sc="246,0,324,0,208,-39,212,49" /><INIT seed="3,0,0,4,5,132" ten="246,324,169,261" oya="3" hai0="86,53,8,36,4,95,9,97,50,1,76,54,44" hai1="26,63,110,125,56,82,115,14,34,0,21,83,116" hai2="104,94,20,91,22,31,42,37,40,98,109,62,16" hai3="7,113,71,130,30,19,101,105,41,46,60,128,92"/><W29/><G105/><T25/><D36/><U55/><E115/><V102/><F109/><W126/><G113/><T39/><D39/><U81/><E0/><V107/><F107/><W106/><G106/><T134/><D134/><U119/><E110/><V100/><F100/><W74/><G74/><T133/><D133/><U5/><E34/><V24/><F62/><W121/><G7/><T28/><D9/><U70/><E70/><V96/><REACH who="2" step="1"/><F37/><REACH who="2" ten="246,324,159,261" step="2"/><N who="3" m="21807" /><G60/><T43/><D76/><U87/><E119/><V99/><F99/><W120/><G101/><T103/><REACH who="0" step="1"/><D86/><REACH who="0" ten="236,324,159,261" step="2"/><U17/><E87/><V88/><F88/><W129/><G120/><T127/><D127/><U112/><E125/><V77/><F77/><W90/><G121/><T67/><D67/><U12/><E112/><V85/><F85/><N who="3" m="52303" /><G126/><T73/><D73/><U27/><E116/><V11/><F11/><AGARI ba="0,2" hai="5,11,12,14,17,21,26,27,55,56,63,81,82,83" machi="11" ten="40,1300,0" yaku="8,1" doraHai="132" who="1" fromWho="2" sc="236,0,324,33,159,-13,261,0" /><INIT seed="4,0,0,0,5,123" ten="236,357,146,261" oya="0" hai0="47,11,21,62,72,93,80,134,5,128,30,52,132" hai1="56,61,59,69,15,135,41,17,29,65,68,44,39" hai2="121,124,9,105,70,35,14,71,107,22,63,119,82" hai3="118,87,53,131,126,31,125,24,85,111,102,99,18"/><T92/><D128/><U10/><E29/><V112/><F35/><W48/><G118/><T50/><D62/><U127/><E135/><N who="0" m="51753" /><D72/><U3/><E127/><N who="3" m="48650" /><G111/><T42/><D80/><U94/><E3/><V98/><F22/><N who="3" m="13399" /><G31/><T33/><D33/><U86/><E69/><V129/><F71/><W95/><G131/><T38/><D21/><U74/><E74/><V58/><F70/><W57/><AGARI ba="0,0" hai="48,53,57,85,87,95,99,102" m="13399,48650" machi="57" ten="30,1100,0" yaku="18,1" doraHai="123" who="3" fromWho="3" sc="236,-5,357,-3,146,-3,261,11" /><INIT seed="5,0,0,1,1,86" ten="231,354,143,272" oya="1" hai0="25,74,122,13,108,102,123,96,68,43,89,99,40" hai1="121,28,90,92,114,4,73,128,127,82,93,47,2" hai2="5,125,69,130,115,11,46,97,134,59,88,54,84" hai3="49,30,9,14,70,41,107,101,58,0,113,36,120"/><U75/><E28/><V38/><F69/><W56/><G70/><T34/><D108/><U78/><E4/><V67/><F134/><W20/><G0/><T31/><D74/><N who="1" m="28171" /><E2/><V110/><F110/><W98/><G36/><T62/><D13/><U83/><E47/><V53/><F130/><W23/><G120/><N who="0" m="46123" /><D96/><U131/><E121/><V64/><F125/><W104/><G113/><T126/><D126/><U57/><E57/><V15/><F97/><W29/><G107/><N who="0" m="63967" /><D89/><U8/><E114/><V21/><F21/><W6/><G20/><T119/><D119/><U18/><E18/><V111/><F111/><W22/><G23/><T33/><D33/><U44/><E127/><V61/><F115/><W19/><G30/><T103/><D103/><U133/><E90/><V105/><F105/><W116/><G116/><T42/><D42/><U63/><E131/><V106/><F106/><W1/><G29/><T76/><D76/><U24/><E78/><V95/><F38/><W45/><AGARI ba="0,0" hai="1,6,9,14,19,22,41,45,49,56,58,98,101,104" machi="45" ten="30,1100,0" yaku="0,1" doraHai="86" who="3" fromWho="3" sc="231,-3,354,-5,143,-3,272,11" /><INIT seed="6,0,0,4,1,31" ten="228,349,140,283" oya="2" hai0="1,11,40,2,15,98,20,135,121,27,95,12,110" hai1="51,76,44,119,93,73,77,55,124,87,59,78,9" hai2="65,66,3,57,90,70,74,33,123,96,60,128,48" hai3="85,91,49,30,16,32,54,99,37,46,82,71,113"/><V21/><F123/><W5/><G71/><T100/><D110/><U120/><E119/><V38/><F74/><W63/><G37/><T4/><D121/><U14/><E124/><V133/><F3/><W29/><G5/><T107/><D135/><U112/><E112/><V6/><F6/><W116/><G116/><T67/><D2/><U42/><E73/><V127/><F133/><W10/><G32/><T115/><D115/><U26/><E26/><V39/><F33/><W80/><G113/><T84/><D40/><U109/><E109/><V64/><F21/><W41/><G99/><T103/><D103/><U28/><E28/><V134/><F90/><W79/><G63/><T108/><D108/><U126/><E126/><V25/><F25/><W118/><G41/><T130/><D130/><U111/><E111/><V101/><F134/><W34/><G34/><T24/><D24/><U17/><E120/><V106/><F127/><W132/><G118/><T18/><D67/><N who="2" m="25674" /><F128/><W81/><G132/><T104/><REACH who="0" step="1"/><D84/><REACH who="0" ten="218,349,140,283" step="2"/><U0/><E0/><V62/><F62/><W8/><G85/><T61/><D61/><U72/><E72/><V102/><F102/><W69/><G69/><T50/><D50/><N who="1" m="31223" /><E87/><V36/><F48/><W22/><G49/><T56/><D56/><U129/><E129/><V45/><F57/><W52/><G79/><T125/><D125/><U114/><E114/><V94/><F45/><W117/><G46/><T53/><D53/><U47/><E44/><V86/><F86/><W92/><G54/><T88/><D88/><U7/><E47/><V131/><F131/><RYUUKYOKU ba="0,1" sc="218,15,349,-15,140,15,283,-15" hai0="1,4,11,12,15,18,20,27,95,98,100,104,107" hai2="36,38,39,60,66,70,94,96,101,106" /><INIT seed="6,1,1,4,0,76" ten="233,334,155,268" oya="2" hai0="38,99,79,21,14,106,111,24,94,8,82,12,57" hai1="56,66,40,96,4,128,77,11,100,58,25,54,44" hai2="19,3,80,113,35,17,93,29,103,125,129,102,131" hai3="42,78,34,124,64,31,18,116,49,115,22,73,109"/><V28/><F3/><W92/><G109/><T52/><D111/><U127/><E128/><N who="2" m="49227" /><F113/><W37/><G124/><T7/><D38/><U123/><E123/><V90/><F125/><W48/><G116/><T13/><D106/><U46/><E77/><V105/><F105/><W62/><G37/><T87/><D24/><U118/><E118/><V41/><F41/><W132/><G132/><T91/><D21/><U43/><E66/><V108/><F108/><W9/><G9/><T68/><D68/><U89/><E43/><V30/><F35/><W85/><G73/><T0/><D0/><U23/><E40/><V98/><F103/><W39/><G39/><T122/><D122/><U36/><E100/><V15/><F15/><N who="3" m="9567" /><G34/><T133/><D133/><U97/><E36/><V110/><F110/><W5/><G5/><T71/><D71/><U86/><E4/><V84/><AGARI ba="1,1" hai="17,19,28,29,30,80,84,90,93,98,102" m="49227" machi="84" ten="40,3900,0" yaku="19,1,52,1" doraHai="76" who="2" fromWho="2" sc="233,-14,334,-14,155,52,268,-14" /><INIT seed="6,2,0,0,5,7" ten="219,320,207,254" oya="2" hai0="3,33,36,112,52,49,104,21,135,127,121,0,23" hai1="34,80,40,41,64,91,15,35,14,24,113,4,75" hai2="128,65,45,79,56,95,98,58,116,9,6,131,17" hai3="19,8,97,94,38,132,103,22,2,11,82,122,54"/><V78/><F17/><W85/><G38/><T70/><RYUUKYOKU type="yao9" ba="2,0" sc="219,0,320,0,207,0,254,0" hai0="0,3,21,23,33,36,49,52,70,104,112,121,127,135" /><INIT seed="6,3,0,0,1,2" ten="219,320,207,254" oya="2" hai0="23,69,103,14,104,97,9,46,116,53,119,122,52" hai1="31,15,113,59,93,20,110,82,19,129,86,100,40" hai2="95,30,85,27,123,117,105,28,128,33,115,67,48" hai3="12,132,36,134,112,135,8,108,22,62,88,1,74"/><V45/><F117/><N who="0" m="45130" /><D122/><U80/><E110/><V10/><F123/><W21/><G36/><T32/><D32/><U24/><E113/><V44/><F105/><W90/><G74/><T76/><D69/><U70/><E70/><V71/><F115/><W25/><G108/><T98/><D76/><U57/><E40/><V114/><F114/><W55/><G1/><T54/><D98/><N who="1" m="59471" /><E82/><V109/><F109/><W11/><G11/><T133/><D23/><N who="3" m="8713" /><G25/><T29/><D29/><U26/><E129/><V64/><F30/><W68/><G112/><T81/><D81/><U50/><E50/><V51/><F128/><W35/><G35/><T127/><D127/><U0/><E0/><V107/><F107/><W16/><G68/><T89/><D89/><N who="1" m="51399" /><E31/><V38/><F38/><W83/><G83/><T102/><D102/><U91/><E91/><V49/><F10/><W7/><G90/><T87/><D87/><U79/><E79/><V124/><F124/><W131/><G131/><T130/><D130/><U4/><E26/><V78/><F71/><W75/><G88/><T56/><D46/><N who="2" m="18026" /><F78/><W37/><G75/><T61/><D133/><U6/><E24/><V72/><F72/><W101/><G37/><T126/><D126/><U96/><E96/><V125/><F125/><W47/><G101/><T18/><AGARI ba="3,0" hai="9,14,18,52,53,54,56,61,97,103,104" m="45130" machi="18" ten="30,2000,0" yaku="12,1,54,1" doraHai="2" who="0" fromWho="0" sc="219,29,320,-8,207,-13,254,-8" /><INIT seed="7,0,0,5,5,114" ten="248,312,194,246" oya="3" hai0="71,35,95,49,118,78,97,55,42,17,101,129,56" hai1="57,106,23,117,130,66,107,7,18,73,92,25,112" hai2="102,9,16,84,14,10,111,74,77,119,98,46,70" hai3="86,34,128,88,47,110,80,3,61,27,68,0,124"/><W60/><G128/><T40/><D118/><U122/><E117/><V45/><F111/><W108/><G124/><T100/><D71/><U105/><E73/><V28/><F119/><W132/><G132/><T33/><D33/><U121/><E7/><V15/><F74/><W30/><G47/><T5/><D35/><U123/><E112/><V43/><F70/><W104/><G104/><T32/><D32/><U63/><E92/><V62/><F62/><W81/><G81/><T38/><D38/><U6/><E6/><V37/><F28/><W65/><REACH who="3" step="1"/><G60/><REACH who="3" ten="248,312,194,236" step="2"/><T22/><D129/><U126/><E130/><V36/><F46/><W44/><G44/><T2/><D40/><U64/><E126/><V125/><F125/><W39/><G39/><T4/><D42/><U20/><E107/><V51/><F77/><W69/><G69/><T127/><D78/><U29/><E66/><V54/><F43/><W76/><G76/><T91/><D127/><U24/><AGARI ba="0,1" hai="18,20,23,24,25,29,57,63,64,105,106,121,122,123" machi="24" ten="40,1500,0" yaku="0,1" doraHai="114" who="1" fromWho="1" sc="248,-4,312,25,194,-4,236,-7" owari="244,4.4,337,43.7,190,-31.0,229,-17.1" /></mjloggm>