<mjloggm ver="2.3"><GO type="169" lobby="0"/><UN n0="%E3%81%A8%E3%81%B3%E3%81%BE%E3%81%93" n1="%E3%83%91%E3%83%BC%E3%83%A9%E3%83%A1%E3%83%B3%E3%83%88" n2="%E3%81%9F%E3%81%8C%E3%82%84%E3%81%99" n3="%6E%61%67%61%6E%61%6E%61" dan="16,16,16,16" rate="2172.73,2206.09,2178.28,2164.80" sx="M,M,M,M"/><TAIKYOKU oya="0"/><INIT seed="0,0,0,5,0,62" ten="250,250,250,250" oya="0" hai0="15,47,57,127,68,92,85,97,90,16,117,63,87" hai1="128,27,35,124,82,103,13,119,108,6,66,41,32" hai2="75,105,81,24,130,49,54,30,39,34,122,5,100" hai3="111,29,99,91,118,125,50,110,126,94,43,65,131"/><T11/><D127/><N who="3" m="48649" /><G118/><T80/><D117/><U78/><E119/><V25/><F39/><W71/><G29/><T45/><D68/><U20/><E108/><N who="3" m="41514" /><G131/><T59/><D57/><U129/><E103/><V132/><F49/><W38/><G38/><T104/><D104/><U52/><E124/><V1/><F54/><W48/><G43/><T69/><D69/><U112/><E112/><V64/><F81/><W40/><G40/><T107/><D107/><U72/><E41/><V123/><F24/><W101/><G101/><T19/><D19/><U121/><E52/><V56/><F25/><W113/><G113/><T134/><D134/><U26/><E26/><V10/><F132/><W120/><G120/><T51/><D51/><N who="3" m="19497" /><G71/><T83/><D80/><U98/><E82/><V23/><F30/><W0/><G0/><T2/><D2/><U44/><E121/><V86/><F1/><W42/><G42/><T33/><D33/><U76/><E35/><V60/><F34/><W55/><G55/><T53/><REACH who="0" step="1"/><D85/><REACH who="0" ten="240,250,250,250" step="2"/><U73/><E32/><V133/><F86/><W3/><G3/><T9/><D9/><U79/><E129/><V12/><F130/><W109/><G109/><T7/><D7/><U4/><E6/><V67/><F5/><W58/><G58/><T70/><D70/><U116/><E128/><V93/><F122/><W88/><G91/><AGARI ba="0,1" hai="11,15,16,45,47,53,59,63,83,87,90,91,92,97" machi="91" ten="30,12000,1" yaku="1,1,7,1,8,1,54,1,53,1" doraHai="62" doraHaiUra="77" who="0" fromWho="3" sc="240,130,250,0,250,0,250,-120" /><INIT seed="0,1,0,2,0,124" ten="370,250,250,130" oya="0" hai0="49,120,56,129,41,63,125,33,92,68,118,99,90" hai1="26,113,32,36,43,52,28,116,0,2,72,1,130" hai2="75,18,19,66,122,71,7,86,96,114,39,29,6" hai3="9,53,13,127,134,11,74,17,81,60,84,103,58"/><T47/><D118/><U31/><E116/><V128/><F75/><W112/><G127/><T98/><D125/><U57/><E113/><V78/><F39/><W85/><G112/><T131/><D33/><U65/><E72/><V126/><F126/><W70/><G134/><T101/><D68/><U16/><E65/><V14/><F114/><W123/><G123/><T115/><D120/><U67/><E67/><V59/><F71/><W95/><G74/><T88/><D115/><U8/><E31/><V54/><F66/><W111/><G111/><T35/><D35/><U77/><E77/><V3/><F3/><W97/><G70/><T107/><REACH who="0" step="1"/><D90/><REACH who="0" ten="360,250,250,130" step="2"/><U50/><E130/><V48/><F122/><W12/><REACH who="3" step="1"/><G81/><REACH who="3" ten="360,250,250,120" step="2"/><T5/><D5/><AGARI ba="1,2" hai="5,9,11,12,13,17,53,58,60,84,85,95,97,103" machi="5" ten="30,7700,0" yaku="1,1,2,1,7,1,8,1,53,0" doraHai="124" doraHaiUra="109" who="3" fromWho="0" sc="360,-80,250,0,250,0,120,100" /><INIT seed="1,0,0,0,3,64" ten="280,250,250,220" oya="1" hai0="124,127,83,72,57,85,33,36,106,102,23,100,66" hai1="16,118,13,117,24,56,99,53,65,15,84,116,30" hai2="48,43,97,110,4,38,3,112,37,31,42,71,108" hai3="122,41,22,126,12,111,81,104,107,125,67,91,29"/><U101/><E65/><V46/><F31/><W50/><G122/><T39/><D33/><U25/><E84/><V62/><F4/><W0/><G0/><T79/><D23/><U128/><E128/><V26/><F26/><W131/><G131/><T121/><D121/><U40/><E40/><V68/><F3/><W44/><G67/><T8/><D8/><U55/><E13/><V133/><F97/><W105/><G111/><N who="2" m="42537" /><F133/><W135/><G135/><T34/><D34/><U9/><E55/><N who="2" m="30103" /><F112/><W27/><G12/><T1/><D72/><U6/><E6/><V14/><F14/><W5/><G5/><T90/><D79/><U7/><E7/><V119/><F119/><W77/><REACH who="3" step="1"/><G91/><REACH who="3" ten="280,250,250,210" step="2"/><T74/><D1/><U17/><E17/><V11/><F11/><W93/><G93/><T35/><D90/><U132/><E132/><V134/><F134/><W98/><G98/><T18/><D18/><U82/><E30/><V114/><F114/><W58/><G58/><T96/><D57/><U61/><REACH who="1" step="1"/><E82/><REACH who="1" ten="280,240,250,210" step="2"/><V78/><F71/><W80/><G80/><T73/><D83/><U54/><E54/><V94/><F68/><W52/><G52/><T2/><D66/><U70/><E70/><V86/><F42/><W60/><G60/><T49/><D2/><U20/><E20/><V109/><F62/><W47/><G47/><T88/><D35/><U69/><E69/><V123/><F109/><W130/><G130/><T103/><D74/><AGARI ba="0,2" hai="22,27,29,41,44,50,74,77,81,104,105,107,125,126" machi="74" ten="40,1300,0" yaku="1,1,53,0" doraHai="64" doraHaiUra="51" who="3" fromWho="0" sc="280,-13,240,0,250,0,210,33" /><INIT seed="2,0,0,3,3,63" ten="267,240,250,243" oya="2" hai0="111,114,77,0,47,49,135,44,96,86,13,78,64" hai1="110,82,52,127,87,129,28,57,121,11,130,16,10" hai2="69,90,54,68,1,6,3,70,41,105,65,32,55" hai3="92,116,132,91,62,128,19,119,112,85,134,118,39"/><V122/><F105/><W50/><G39/><T80/><D114/><U88/><E121/><V109/><F122/><W40/><G112/><T89/><D0/><U126/><E28/><V27/><F41/><W131/><G19/><T15/><D111/><U24/><E110/><V95/><F109/><W31/><G31/><T61/><D135/><N who="3" m="51753" /><G62/><T45/><D49/><N who="1" m="30863" /><E24/><V101/><F101/><W72/><G72/><T8/><D96/><U17/><E11/><V29/><F6/><W66/><G66/><T124/><D124/><N who="1" m="47659" /><E10/><V46/><F65/><W133/><N who="3" m="51761" /><W81/><DORA hai="117" /><G50/><T73/><D73/><U103/><E103/><V115/><F115/><W59/><G59/><N who="0" m="36927" /><D15/><U56/><E56/><V113/><F113/><W37/><G40/><T71/><D71/><U74/><E74/><V42/><F1/><W98/><G37/><T7/><AGARI ba="0,0" hai="7,8,13,44,45,47,77,78,80,86,89" m="36927" machi="7" ten="30,2000,0" yaku="8,1,52,1" doraHai="63,117" who="0" fromWho="0" sc="267,20,240,-5,250,-10,243,-5" /><INIT seed="3,0,0,1,2,120" ten="287,235,240,238" oya="3" hai0="34,0,39,50,106,133,125,19,103,46,13,100,53" hai1="31,44,97,48,47,115,28,81,83,78,80,130,117" hai2="94,69,108,129,4,23,95,57,114,56,24,105,90" hai3="118,38,11,32,89,127,82,27,77,88,62,30,113"/><W112/><G118/><T101/><D0/><U65/><E115/><V122/><F69/><W99/><G38/><T55/><D34/><U66/><E117/><V91/><F105/><W25/><G127/><T68/><D68/><U58/><E130/><V36/><F36/><W10/><G27/><T33/><D33/><U67/><E78/><V131/><F4/><W9/><G62/><T17/><D39/><U29/><E97/><V6/><F6/><W124/><G124/><T74/><D74/><U15/><E15/><V76/><F76/><W8/><N who="3" m="2048" /><DORA hai="16" /><W72/><REACH who="3" step="1"/><G99/><REACH who="3" ten="287,235,240,228" step="2"/><T14/><D125/><U73/><E73/><V45/><F24/><W135/><G135/><T43/><D133/><U22/><E22/><V37/><F37/><W1/><G1/><T85/><D14/><U87/><E87/><V109/><F23/><W26/><G26/><T59/><D13/><U18/><E18/><V35/><F35/><W102/><G102/><T51/><D106/><U111/><E111/><V49/><F131/><W110/><G110/><T123/><D85/><U93/><E48/><V52/><F129/><W126/><G126/><T54/><D123/><U71/><E71/><V3/><F122/><W40/><G40/><T61/><D50/><U64/><E64/><AGARI ba="0,1" hai="17,19,43,46,51,53,54,55,59,61,64,100,101,103" machi="64" ten="40,1300,0" yaku="8,1" doraHai="120,16" who="0" fromWho="1" sc="287,23,235,-13,240,0,228,0" /><INIT seed="4,0,0,3,0,54" ten="310,222,240,228" oya="0" hai0="23,106,46,51,34,48,32,123,30,58,9,68,99" hai1="55,107,108,113,82,88,78,110,22,7,77,25,40" hai2="131,101,87,59,93,129,69,83,27,33,65,38,2" hai3="122,44,66,126,105,117,100,111,17,37,116,124,57"/><T39/><D68/><U16/><E107/><V103/><F2/><W75/><G75/><T24/><D123/><U35/><E40/><V53/><F38/><W26/><G105/><T13/><D39/><U52/><E7/><V11/><F11/><W42/><G100/><T45/><D106/><U47/><E113/><V61/><F27/><W43/><G26/><T74/><D74/><U120/><E120/><V91/><F33/><W62/><G17/><T29/><D99/><U121/><E121/><V80/><F103/><W60/><G122/><T76/><D76/><U104/><E104/><V81/><REACH who="2" step="1"/><F101/><REACH who="2" ten="310,222,230,228" step="2"/><W94/><G111/><T92/><D32/><U70/><E35/><V127/><F127/><N who="3" m="48683" /><G94/><T95/><D34/><U98/><E70/><V114/><F114/><W72/><G72/><T20/><D24/><U5/><E5/><V84/><F84/><W41/><G62/><AGARI ba="0,1" hai="53,59,61,62,65,69,80,81,83,87,91,93,129,131" machi="62" ten="40,2600,0" yaku="1,1,52,1,53,0" doraHai="54" doraHaiUra="112" who="2" fromWho="3" sc="310,0,222,0,230,36,228,-26" /><INIT seed="5,0,0,1,0,12" ten="310,222,266,202" oya="1" hai0="33,45,28,53,1,79,5,97,133,89,131,81,4" hai1="13,80,58,110,39,132,106,130,0,41,91,18,3" hai2="8,35,37,34,55,24,113,82,134,127,62,67,22" hai3="6,64,125,123,51,40,107,111,116,36,98,93,117"/><U43/><E106/><V66/><F37/><W108/><G107/><T26/><D131/><U94/><E130/><V129/><F129/><W23/><G6/><T101/><D89/><U27/><E110/><V11/><F55/><W96/><G64/><T46/><D133/><U2/><E132/><V7/><F67/><W85/><G85/><T19/><D19/><U74/><E27/><V50/><F50/><W121/><G36/><T29/><D29/><U16/><E58/><V105/><F11/><W109/><G23/><T9/><D53/><U120/><E120/><N who="3" m="46154" /><G51/><T114/><D114/><U90/><E18/><V60/><F60/><W21/><G40/><T99/><D99/><N who="3" m="37929" /><G21/><T71/><D71/><U42/><E39/><V61/><F61/><W69/><G69/><T95/><D5/><U78/><REACH who="1" step="1"/><E94/><REACH who="1" ten="310,212,266,202" step="2"/><V76/><F105/><W48/><G93/><T70/><D70/><U135/><E135/><V73/><F134/><W112/><G48/><T32/><D32/><U88/><E88/><V49/><F49/><W87/><G125/><T59/><D59/><U102/><E102/><V17/><F127/><W103/><G103/><T118/><D118/><N who="3" m="45673" /><G87/><AGARI ba="0,1" hai="1,4,9,26,28,33,45,46,79,81,87,95,97,101" machi="87" ten="30,1000,0" yaku="7,1" doraHai="12" who="0" fromWho="3" sc="310,20,212,0,266,0,202,-10" /><INIT seed="6,0,0,2,1,120" ten="330,212,266,192" oya="2" hai0="57,124,93,14,0,6,9,24,61,37,30,60,28" hai1="74,84,42,41,73,80,91,99,3,45,77,100,76" hai2="111,112,81,70,5,123,127,68,114,67,39,130,53" hai3="29,132,83,38,89,56,105,46,125,49,108,135,11"/><V117/><F81/><W17/><G105/><T133/><D37/><U40/><E3/><V118/><F5/><W121/><G121/><T107/><D107/><U106/><REACH who="1" step="1"/><E45/><REACH who="1" ten="330,202,266,192" step="2"/><V62/><F123/><W32/><G46/><T78/><D0/><U88/><E88/><V65/><F118/><W21/><G89/><T113/><D78/><AGARI ba="0,1" hai="40,41,42,73,74,76,77,78,80,84,91,99,100,106" machi="78" ten="40,2600,0" yaku="1,1,53,1" doraHai="120" doraHaiUra="92" who="1" fromWho="0" sc="330,-26,202,36,266,0,192,0" /><INIT seed="7,0,0,1,4,10" ten="304,238,266,192" oya="3" hai0="15,80,16,108,13,46,78,89,34,96,132,41,53" hai1="133,24,81,66,55,48,85,62,21,103,52,29,56" hai2="104,49,101,11,23,107,61,57,79,82,33,87,134" hai3="99,74,14,59,0,65,39,45,77,84,1,18,64"/><W70/><G70/><T105/><D108/><U126/><E133/><V90/><F33/><W125/><G74/><T109/><D34/><U19/><E126/><V72/><F134/><W32/><G32/><T25/><D109/><U63/><E103/><V7/><F49/><W6/><G125/><T111/><D132/><U31/><E55/><V51/><F51/><W50/><G99/><T86/><D53/><U20/><E20/><V35/><F23/><W42/><G39/><T76/><D105/><U30/><REACH who="1" step="1"/><E66/><REACH who="1" ten="304,228,266,192" step="2"/><N who="3" m="25706" /><G59/><T118/><D111/><U88/><AGARI ba="0,1" hai="19,21,24,29,30,31,48,52,56,62,63,81,85,88" machi="88" ten="30,8000,1" yaku="1,1,0,1,8,1,54,2,53,0" doraHai="10" doraHaiUra="124" who="1" fromWho="1" sc="304,-20,228,90,266,-20,192,-40" owari="284,8.4,318,41.8,246,-15.4,152,-34.8" /></mjloggm>