<mjloggm ver="2.3"><GO type="225" lobby="0"/><UN n0="%E7%B4%94%E6%BD%94%E3%83%94%E3%83%A9%E3%83%8B%E3%82%A2" n1="%43%55%4B%45%59" n2="%E3%81%82%E3%81%84%E3%81%82%E3%81%8A%E3%81%84" n3="%E3%81%BF%E3%81%BF%E3%81%9A" dan="16,16,18,17" rate="2177.86,2040.22,2226.72,2248.36" sx="M,M,M,M"/><TAIKYOKU oya="0"/><INIT seed="0,0,0,2,4,99" ten="250,250,250,250" oya="0" hai0="92,37,86,101,33,59,103,10,23,17,18,57,91" hai1="60,120,74,94,50,108,116,118,53,41,97,65,106" hai2="107,6,15,11,113,21,31,67,64,27,20,90,58" hai3="61,93,133,38,79,132,25,14,112,40,12,26,88"/><T1/><D33/><U4/><E120/><V119/><F113/><W135/><G112/><T63/><D37/><U56/><E108/><V55/><F119/><W34/><G79/><T96/><D57/><U130/><E130/><V85/><F21/><W13/><G34/><T80/><D1/><U82/><E106/><V109/><F107/><W126/><G61/><T42/><D42/><U44/><E4/><V77/><F77/><W9/><G9/><T124/><D124/><U111/><E82/><V95/><REACH who="2" step="1"/><F109/><REACH who="2" ten="250,250,240,250" step="2"/><W134/><G126/><T102/><D10/><U45/><E111/><V110/><F110/><W68/><G133/><T71/><D71/><U105/><E105/><V47/><F47/><N who="3" m="23959" /><G68/><T62/><D23/><U49/><REACH who="1" step="1"/><E74/><REACH who="1" ten="250,240,240,250" step="2"/><V122/><F122/><W22/><G22/><T69/><D69/><U100/><AGARI ba="0,2" hai="41,44,45,49,50,53,56,60,65,94,97,100,116,118" machi="100" ten="20,8000,1" yaku="1,1,2,1,0,1,7,1,52,1,53,0" doraHai="99" doraHaiUra="121" who="1" fromWho="1" sc="250,-40,240,100,240,-20,250,-20" /><INIT seed="1,0,0,1,5,47" ten="210,340,220,230" oya="1" hai0="11,8,108,123,105,31,26,55,51,44,40,21,29" hai1="130,34,93,50,69,2,7,120,66,62,117,16,125" hai2="85,41,112,13,77,53,1,10,38,25,127,65,99" hai3="75,100,86,6,71,27,110,17,133,64,33,37,36"/><U91/><E120/><V109/><F109/><W58/><G75/><T129/><D108/><U49/><E117/><V9/><F127/><W102/><G71/><T59/><D105/><U28/><E125/><V94/><F112/><W0/><G110/><T134/><D129/><U74/><E74/><V45/><F65/><W3/><G86/><T12/><D134/><U90/><E130/><V101/><F1/><W114/><G114/><T111/><D111/><U126/><E126/><V107/><F25/><W81/><G81/><T30/><D123/><U115/><E115/><V135/><F135/><W88/><G88/><T128/><D128/><U32/><E91/><V103/><F103/><W67/><G17/><T18/><REACH who="0" step="1"/><D11/><REACH who="0" ten="200,340,220,230" step="2"/><U46/><E32/><V42/><F107/><W132/><G33/><T76/><D76/><U80/><E34/><V72/><F9/><W4/><G27/><T116/><D116/><U79/><E79/><V118/><F10/><W54/><G58/><T68/><D68/><U119/><E69/><V131/><F77/><W63/><G132/><T98/><D98/><U22/><E119/><V19/><F99/><W82/><G133/><T97/><D97/><U70/><E70/><V61/><F131/><W95/><G102/><T52/><D52/><U57/><E22/><V78/><F101/><W96/><G54/><T106/><D106/><U60/><E66/><V43/><F78/><W5/><G67/><T24/><D24/><U23/><E23/><V48/><F118/><W121/><G121/><T92/><D92/><U14/><E93/><V113/><F94/><RYUUKYOKU ba="0,1" sc="200,30,340,-10,220,-10,230,-10" hai0="8,12,18,21,26,29,30,31,40,44,51,55,59" /><INIT seed="2,1,1,5,3,129" ten="230,330,210,220" oya="2" hai0="113,34,114,51,24,133,124,0,117,23,112,38,131" hai1="99,96,132,5,123,126,84,74,11,42,75,46,52" hai2="36,115,44,90,3,71,55,59,33,37,39,120,97" hai3="30,13,2,125,43,31,19,121,100,111,57,65,32"/><V40/><F115/><W27/><G121/><T72/><RYUUKYOKU type="yao9" ba="1,1" sc="230,0,330,0,210,0,220,0" hai0="0,23,24,34,38,51,72,112,113,114,117,124,131,133" /><INIT seed="2,2,1,3,0,45" ten="230,330,210,220" oya="2" hai0="38,89,70,17,91,117,27,2,24,44,68,9,94" hai1="110,92,135,102,60,15,46,35,99,20,90,8,19" hai2="101,106,43,111,122,72,6,105,78,59,109,25,52" hai3="79,77,40,64,83,49,14,26,56,42,61,131,13"/><V58/><F122/><W29/><G131/><T96/><D117/><U75/><E135/><V65/><F43/><W54/><G42/><T28/><D38/><U34/><E110/><N who="2" m="41995" /><F6/><W16/><G40/><T39/><D39/><U113/><E113/><V129/><F129/><W100/><G100/><T33/><D44/><U121/><E121/><V50/><F101/><W82/><G82/><T4/><D89/><U31/><E75/><V48/><F25/><W103/><G103/><T5/><D5/><U119/><E119/><V21/><F21/><N who="3" m="15567" /><G83/><T114/><D114/><U32/><E102/><V118/><F118/><W37/><G37/><T115/><D115/><U87/><E35/><V36/><F36/><W104/><G104/><N who="2" m="40041" /><F65/><W130/><G130/><T62/><D62/><U23/><E34/><V53/><F78/><N who="3" m="29707" /><G16/><T125/><D27/><U88/><E32/><V18/><F18/><W134/><G134/><T123/><D123/><U11/><E60/><V57/><F72/><W51/><G64/><T1/><D17/><U41/><E31/><V12/><F12/><AGARI ba="2,1" hai="12,13,14,49,51,54,56,61" m="29707,15567" machi="12" ten="30,3900,0" yaku="8,1,52,2" doraHai="45" who="3" fromWho="2" sc="230,0,330,0,210,-45,220,55" /><INIT seed="3,0,0,3,5,94" ten="230,330,165,275" oya="3" hai0="48,89,118,54,24,57,65,33,0,14,23,110,49" hai1="114,2,79,75,130,53,126,82,106,31,17,39,30" hai2="40,51,25,78,86,3,133,38,112,35,84,125,104" hai3="95,134,83,6,116,69,120,102,115,80,47,109,113"/><W4/><G69/><T67/><D0/><U56/><E114/><V81/><F112/><W68/><G68/><T61/><D118/><U13/><E130/><V18/><F3/><W101/><G116/><T73/><D73/><U77/><E126/><V34/><F125/><W8/><G120/><T71/><D110/><U119/><E2/><V128/><F128/><W88/><G134/><T103/><D103/><N who="3" m="39433" /><G115/><T93/><D33/><U105/><E39/><V19/><F133/><W87/><G113/><T85/><D65/><U92/><E119/><V74/><F104/><W26/><G109/><T43/><D43/><U127/><E127/><V10/><F38/><W124/><G8/><T20/><D48/><U66/><E79/><V91/><F74/><W108/><G108/><T100/><D100/><U27/><E105/><V7/><F35/><W44/><G26/><T63/><D63/><U1/><E106/><V76/><F34/><W96/><G83/><T131/><D131/><U90/><E1/><V58/><F25/><W129/><G124/><T132/><D132/><U111/><E27/><V52/><F40/><W123/><G123/><T72/><D72/><U62/><E111/><V32/><F32/><W12/><G12/><T5/><D24/><U45/><E13/><V135/><F135/><W122/><G129/><T64/><D64/><U37/><E17/><V21/><F21/><W97/><G122/><T121/><D121/><U28/><E66/><V41/><F10/><W55/><G6/><T59/><D71/><U117/><E117/><V42/><F7/><W29/><G4/><RYUUKYOKU ba="0,0" sc="230,30,330,-10,165,-10,275,-10" hai0="5,14,20,23,49,54,57,59,61,67,85,89,93" owari="260,-14.0,320,42.0,155,-34.5,265,6.5" /></mjloggm>