<mjloggm ver="2.3"><GO type="169" lobby="0"/><UN n0="%79%6D%6C%73%67%61%6D%65" n1="%43%55%4B%45%59" n2="%4E%55%44%41" n3="%E8%80%81%E6%A5%BD" dan="16,16,17,18" rate="2144.76,2093.84,2163.79,2260.89" sx="F,M,M,M"/><TAIKYOKU oya="0"/><INIT seed="0,0,0,5,5,22" ten="250,250,250,250" oya="0" hai0="81,87,69,78,101,57,10,62,71,21,133,59,103" hai1="46,82,76,60,34,20,36,105,37,121,109,0,77" hai2="104,47,67,56,23,33,38,19,41,18,42,43,122" hai3="89,124,114,126,39,29,97,88,86,75,58,110,111"/><T51/><D133/><U129/><E34/><V131/><F33/><W94/><G39/><T115/><D115/><U27/><E121/><V52/><F122/><W74/><G29/><T55/><D71/><U63/><E105/><V61/><F104/><W106/><G114/><T132/><D69/><U68/><E109/><N who="3" m="41482" /><G58/><T2/><D132/><U17/><E129/><V9/><F131/><W30/><G30/><T96/><D96/><U127/><E127/><N who="3" m="48682" /><G106/><T24/><D10/><U120/><E120/><V83/><F83/><AGARI ba="0,0" hai="74,75,83,86,88,89,94,97" m="48682,41482" machi="83" ten="30,8000,1" yaku="14,1,18,1,34,2,54,1" doraHai="22" who="3" fromWho="2" sc="250,0,250,0,250,-80,250,80" /><INIT seed="1,0,0,0,5,33" ten="250,250,170,330" oya="1" hai0="9,116,26,109,95,73,66,50,84,0,85,21,10" hai1="2,96,67,92,52,48,127,126,88,31,82,27,98" hai2="80,115,3,68,129,77,113,122,75,94,56,106,101" hai3="81,131,54,124,123,35,132,30,119,20,104,29,22"/><U76/><E67/><V117/><F56/><W17/><G81/><T57/><D116/><U108/><E98/><N who="2" m="61751" /><F68/><W100/><G100/><T24/><D73/><U12/><E12/><V87/><F3/><W55/><G104/><T120/><D109/><U83/><E108/><V38/><F38/><W51/><G51/><T34/><D34/><U13/><E13/><V93/><F117/><W46/><G46/><T79/><D120/><U74/><E2/><V14/><F14/><N who="3" m="9271" /><G119/><T39/><D39/><U71/><E71/><V61/><F61/><W47/><G47/><T64/><D95/><N who="2" m="36362" /><F122/><W111/><G30/><T58/><D50/><U102/><E102/><V103/><F129/><W70/><G22/><T118/><D118/><U105/><E105/><V125/><F125/><N who="1" m="47625" /><E74/><V65/><F65/><W1/><G1/><T114/><D0/><U36/><E76/><N who="2" m="44063" /><F103/><W53/><G124/><T37/><D37/><U11/><E36/><V134/><F134/><W91/><G132/><T86/><D66/><U130/><E130/><V19/><F19/><W78/><G70/><T28/><D64/><U112/><E11/><V97/><F97/><W110/><G131/><T135/><D135/><U128/><E128/><V99/><F99/><W32/><G123/><T60/><D9/><U45/><E112/><V44/><F44/><W42/><G111/><T41/><D114/><N who="2" m="43530" /><F77/><W18/><G110/><T15/><D79/><U23/><AGARI ba="0,0" hai="23,27,31,45,48,52,82,83,88,92,96" m="47625" machi="23" ten="30,6000,0" yaku="18,1,54,2" doraHai="33" who="1" fromWho="1" sc="250,-20,250,60,170,-20,330,-20" /><INIT seed="1,1,0,4,3,65" ten="230,310,150,310" oya="1" hai0="15,125,12,88,124,31,128,86,119,50,56,49,102" hai1="66,57,9,69,41,115,120,121,71,75,109,37,35" hai2="1,94,42,78,103,67,32,133,127,108,54,123,47" hai3="130,126,106,16,23,63,4,117,83,40,81,122,79"/><U100/><E100/><V84/><F123/><N who="1" m="47177" /><E35/><V61/><F32/><W53/><G106/><T74/><D119/><U129/><E9/><V51/><F108/><W5/><G122/><T29/><D74/><U64/><E75/><V62/><F127/><N who="0" m="48714" /><D128/><U8/><E8/><V38/><F133/><W73/><G126/><T48/><D102/><U18/><E18/><V43/><F1/><W112/><G112/><T105/><D105/><U70/><E129/><V14/><F14/><N who="0" m="5162" /><D56/><U93/><E93/><AGARI ba="1,0" hai="29,31,48,49,50,86,88,93" m="5162,48714" machi="93" ten="30,2000,0" yaku="18,1,54,1" doraHai="65" who="0" fromWho="1" sc="230,23,310,-23,150,0,310,0" /><INIT seed="2,0,0,5,5,65" ten="253,287,150,310" oya="2" hai0="54,21,25,57,55,121,74,110,102,64,133,73,9" hai1="109,99,53,51,71,35,95,27,90,42,48,135,66" hai2="83,88,45,24,87,89,117,113,128,40,123,41,58" hai3="44,28,127,114,17,60,86,92,93,0,8,129,81"/><V29/><F113/><W23/><G127/><T46/><D121/><U69/><E135/><V11/><F123/><W18/><G129/><T14/><D110/><U15/><E109/><V12/><F128/><W80/><G28/><T67/><D133/><U20/><E35/><V19/><F117/><W106/><G106/><T50/><D102/><U108/><E108/><V112/><F112/><W97/><G0/><T72/><D21/><U52/><E66/><V61/><F89/><W6/><G6/><T85/><D85/><U130/><E15/><V22/><REACH who="2" step="1"/><F45/><REACH who="2" ten="253,287,140,310" step="2"/><W116/><G44/><T107/><D46/><U75/><E130/><V31/><F31/><W94/><G114/><T34/><D73/><U91/><E75/><V26/><F26/><W111/><G116/><T105/><D25/><U118/><E118/><V13/><F13/><W76/><G111/><T49/><D14/><U37/><E91/><V56/><F56/><W43/><G76/><T47/><D47/><N who="1" m="25719" /><E37/><V82/><F82/><W1/><G80/><T132/><D132/><U124/><E124/><V101/><F101/><W122/><G81/><T62/><D57/><N who="1" m="32927" /><E69/><V125/><F125/><W77/><G77/><T104/><D74/><U96/><E71/><V134/><F134/><W3/><G122/><T33/><D72/><U120/><E120/><V100/><F100/><W70/><G70/><T119/><D119/><U16/><E53/><AGARI ba="0,1" hai="11,12,19,22,24,29,40,41,53,58,61,83,87,88" machi="53" ten="30,11600,0" yaku="1,1,7,1,8,1,54,1,53,0" doraHai="65" doraHaiUra="98" who="2" fromWho="1" sc="253,0,287,-116,140,126,310,0" /><INIT seed="2,1,0,5,3,128" ten="253,171,266,310" oya="2" hai0="112,91,127,71,69,76,38,49,13,60,116,129,21" hai1="105,56,4,126,134,58,64,33,78,107,95,66,101" hai2="46,61,90,48,114,123,88,82,110,52,94,45,118" hai3="97,1,102,100,5,15,59,50,35,132,85,11,43"/><V122/><F114/><W39/><G35/><T16/><D112/><U36/><E36/><V124/><F118/><W53/><G102/><T40/><D129/><U6/><E126/><V28/><F124/><W67/><G67/><T55/><D127/><U84/><E33/><V115/><F115/><W103/><G103/><T44/><D116/><U12/><E12/><V27/><F110/><W75/><G75/><T81/><D91/><U117/><E101/><V47/><F61/><W74/><G74/><T41/><D60/><U24/><E24/><V93/><F82/><W26/><G26/><T104/><D104/><U92/><E84/><N who="2" m="52359" /><F122/><W0/><G85/><T62/><D62/><U57/><E57/><N who="2" m="32903" /><F123/><W51/><G39/><T54/><D54/><U89/><E89/><V22/><F46/><W109/><G109/><T121/><D121/><U98/><E98/><AGARI ba="1,0" hai="22,27,28,45,47,90,94,98" m="32903,52359" machi="98" ten="30,5800,0" yaku="8,1,54,2" doraHai="128" who="2" fromWho="1" sc="253,0,171,-61,266,61,310,0" /><INIT seed="2,2,0,3,4,126" ten="253,110,327,310" oya="2" hai0="52,5,22,73,30,3,35,83,65,69,94,51,57" hai1="87,115,45,99,28,38,21,12,80,82,76,44,103" hai2="133,6,78,55,11,19,14,60,9,93,70,81,13" hai3="62,111,17,67,49,40,23,125,130,98,97,1,31"/><V120/><F120/><W106/><G1/><T134/><D134/><U124/><E124/><V47/><F133/><W63/><G31/><T110/><D110/><U101/><E115/><V127/><F127/><W64/><G106/><T27/><D35/><U39/><E28/><V4/><F70/><W129/><G125/><T112/><D112/><U108/><E108/><V34/><F34/><W135/><G135/><T15/><D3/><U53/><E53/><V72/><F93/><W91/><G111/><T50/><D50/><U100/><E99/><N who="3" m="37898" /><G91/><T77/><D94/><U54/><E54/><V32/><F32/><W68/><G49/><T25/><D25/><U89/><E21/><V18/><REACH who="2" step="1"/><F47/><REACH who="2" ten="253,110,317,310" step="2"/><W113/><G113/><T122/><D122/><U123/><E123/><V132/><F132/><W58/><G68/><T117/><D69/><U86/><E39/><V121/><F121/><W84/><G58/><AGARI ba="2,1" hai="4,6,9,11,13,14,18,19,55,58,60,72,78,81" machi="58" ten="40,7700,0" yaku="1,1,9,1,53,1" doraHai="126" doraHaiUra="105" who="2" fromWho="3" sc="253,0,110,0,317,93,310,-83" /><INIT seed="2,3,0,3,1,118" ten="253,110,410,227" oya="2" hai0="111,104,89,85,102,106,48,63,91,53,116,128,38" hai1="107,51,75,78,123,32,55,1,108,34,33,8,40" hai2="6,119,35,45,14,109,127,72,74,130,121,96,133" hai3="19,4,117,122,26,112,49,59,24,71,41,27,64"/><V7/><F119/><W98/><G117/><T70/><D116/><U9/><E107/><V77/><F35/><W67/><G71/><T101/><D38/><U56/><E108/><V65/><F65/><W42/><G112/><T22/><D111/><U39/><E9/><V18/><F109/><W97/><G4/><T62/><D128/><U54/><E54/><V131/><F127/><W66/><G19/><T115/><D115/><U17/><E17/><V68/><F68/><W82/><G82/><T87/><D22/><U46/><E123/><V81/><F72/><W132/><G132/><T2/><D70/><U134/><E134/><V61/><F61/><W43/><G122/><T44/><D2/><U37/><E37/><V11/><F133/><W20/><G20/><T28/><D28/><U105/><E105/><V36/><F96/><W29/><G29/><T10/><D10/><U73/><REACH who="1" step="1"/><E78/><REACH who="1" ten="253,100,410,227" step="2"/><V60/><F121/><W99/><G59/><T21/><D106/><U83/><E83/><V129/><F60/><W47/><AGARI ba="3,1" hai="24,26,27,41,42,43,47,49,64,66,67,97,98,99" machi="47" ten="40,8000,1" yaku="0,1,29,2,8,1" doraHai="118" who="3" fromWho="3" sc="253,-23,100,-23,410,-43,227,99" /><INIT seed="3,0,0,3,2,46" ten="230,77,367,326" oya="3" hai0="6,120,104,82,88,90,95,73,83,65,76,100,78" hai1="31,55,48,45,128,115,42,10,107,99,7,74,39" hai2="26,125,49,27,102,19,122,1,75,103,108,23,3" hai3="81,97,62,11,93,86,5,9,111,13,18,59,105"/><W47/><G105/><T134/><D65/><U79/><E128/><V72/><F108/><W22/><G111/><T44/><D6/><U41/><E115/><V35/><F125/><W101/><G47/><T4/><D4/><U17/><E31/><N who="2" m="19959" /><F49/><W66/><REACH who="3" step="1"/><G5/><REACH who="3" ten="230,77,367,316" step="2"/><T92/><D44/><U58/><E41/><V113/><F113/><W110/><G110/><T43/><D43/><U131/><E107/><V51/><F122/><W64/><G64/><T106/><D120/><U21/><E131/><V132/><F132/><W37/><G37/><T117/><D117/><U24/><E99/><V52/><F3/><W121/><G121/><T129/><D129/><U135/><E135/><V67/><F67/><W40/><G40/><T15/><D134/><U14/><E74/><V16/><F75/><W130/><G130/><T53/><D73/><U20/><E79/><AGARI ba="0,1" hai="9,11,13,18,22,59,62,66,79,81,86,93,97,101" machi="79" ten="30,11600,0" yaku="1,1,7,1,8,1,53,1" doraHai="46" doraHaiUra="98" who="3" fromWho="1" sc="230,0,77,-116,367,0,316,126" owari="230,-17.0,-39,-53.9,367,16.7,442,54.2" /></mjloggm>