<mjloggm ver="2.3"><GO type="169" lobby="0"/><UN n0="%E3%81%82%E3%81%A3%E3%81%8D%EF%BD%9E%E2%99%AA" n1="%E3%81%99%E3%83%BC%5F%E9%88%B4%E6%9C%A8%E6%B5%A9%E5%B9%B3" n2="%4D%41%54%59%55%49%E2%98%86" n3="%E3%81%A1%E3%81%AA%E3%81%A4" dan="16,16,17,17" rate="2086.75,2098.13,2186.98,2173.61" sx="M,M,M,M"/><TAIKYOKU oya="0"/><INIT seed="0,0,0,5,5,55" ten="250,250,250,250" oya="0" hai0="93,27,61,60,94,119,103,118,39,36,64,29,28" hai1="34,47,38,45,14,95,5,105,21,75,87,67,24" hai2="35,132,100,127,46,10,31,85,53,106,89,16,18" hai3="66,74,59,50,32,56,112,52,2,51,88,101,33"/><T0/><D0/><U126/><E105/><V107/><F132/><W104/><G74/><T4/><D4/><U54/><E75/><V79/><F79/><W9/><G112/><T72/><D72/><U129/><E34/><V115/><F115/><W73/><G73/><T134/><D27/><U81/><E129/><V13/><F127/><W108/><G108/><T125/><D64/><U30/><E67/><V68/><F68/><W62/><G51/><T43/><D43/><U44/><E126/><V7/><F31/><W12/><G2/><T23/><D23/><U8/><E95/><V82/><F35/><W135/><G135/><T49/><D49/><N who="1" m="28967" /><E38/><V98/><F106/><W48/><G48/><T96/><D134/><U69/><E69/><V117/><F117/><W83/><G101/><T70/><D70/><U3/><E3/><V113/><F113/><W91/><G104/><T58/><D125/><U6/><E6/><V78/><F46/><W111/><G111/><T17/><D17/><U42/><E42/><V65/><F65/><W110/><G110/><T20/><D20/><U99/><E99/><V26/><F26/><W102/><G102/><T109/><D103/><U22/><E22/><V92/><REACH who="2" step="1"/><F53/><REACH who="2" ten="250,250,240,250" step="2"/><W84/><REACH who="3" step="1"/><G91/><AGARI ba="0,1" hai="5,8,14,21,24,30,45,47,81,87,91" m="28967" machi="91" ten="30,1000,0" yaku="8,1" doraHai="55" who="1" fromWho="3" sc="250,0,250,20,240,0,250,-10" /><INIT seed="1,0,0,0,5,71" ten="250,270,240,240" oya="1" hai0="24,100,121,55,6,74,84,124,119,5,82,12,64" hai1="87,2,32,41,122,48,60,45,26,117,68,38,33" hai2="40,4,14,81,17,13,58,131,36,102,25,35,47" hai3="65,108,96,37,88,132,129,101,46,11,8,112,43"/><U128/><E117/><V57/><F131/><W75/><G112/><T31/><D119/><U42/><E122/><V59/><F102/><W80/><G129/><T134/><D121/><U51/><E2/><V62/><F4/><W111/><G65/><T69/><D134/><U22/><E128/><V0/><F0/><W93/><G132/><T109/><D109/><N who="3" m="42057" /><G75/><T9/><D124/><U127/><E127/><V114/><F114/><W34/><G34/><T90/><D74/><U50/><E41/><V103/><F103/><W3/><G3/><T29/><D100/><U76/><E68/><V95/><F95/><N who="3" m="58527" /><G80/><T70/><D70/><U66/><E66/><V72/><F62/><W30/><G30/><T110/><D110/><U79/><E60/><V39/><F81/><W123/><G123/><T125/><D125/><U91/><E33/><V21/><F72/><W98/><AGARI ba="0,0" hai="8,11,37,43,46,88,93,98" m="58527,42057" machi="98" ten="30,4000,0" yaku="14,1,52,1,54,1" doraHai="71" who="3" fromWho="3" sc="250,-10,270,-20,240,-10,240,40" /><INIT seed="2,0,0,3,0,34" ten="240,250,230,280" oya="2" hai0="13,132,122,57,68,102,66,90,134,123,71,18,115" hai1="93,50,101,133,38,126,56,52,54,12,21,89,67" hai2="99,47,45,116,24,43,77,106,48,8,51,135,120" hai3="44,100,37,63,87,81,113,125,118,121,112,0,39"/><V5/><F116/><W114/><G118/><T32/><D32/><U42/><E133/><N who="0" m="51305" /><D102/><U27/><E126/><V17/><F135/><W61/><G121/><N who="0" m="46091" /><D90/><U49/><E67/><V85/><F120/><W60/><G125/><T105/><D105/><U108/><E108/><V20/><F106/><W65/><G100/><T94/><D94/><U104/><E104/><V40/><F99/><W117/><G117/><T1/><D13/><U73/><E73/><V127/><F127/><W15/><G0/><T130/><D18/><N who="1" m="12727" /><E38/><N who="3" m="14346" /><G44/><T11/><D11/><U62/><E42/><V110/><F110/><W96/><G15/><T36/><D1/><U22/><E101/><V9/><REACH who="2" step="1"/><F5/><REACH who="2" ten="240,250,220,280" step="2"/><W119/><G119/><T82/><D115/><U14/><E22/><V98/><F98/><W19/><G96/><T75/><D130/><U58/><E62/><V107/><F107/><W79/><G19/><T84/><D75/><U4/><E4/><V70/><F70/><AGARI ba="0,1" hai="60,61,63,65,70,79,81,87,112,113,114" m="14346" machi="70" ten="40,1300,0" yaku="11,1" doraHai="34" who="3" fromWho="2" sc="240,0,250,0,220,-13,280,23" /><INIT seed="3,0,0,5,4,119" ten="240,250,207,303" oya="3" hai0="87,72,25,45,48,62,96,79,132,68,69,38,114" hai1="23,0,85,10,2,74,94,64,35,16,128,90,8" hai2="93,3,29,115,91,131,60,12,107,57,89,86,111" hai3="99,42,97,112,130,135,28,4,81,14,9,76,88"/><W71/><G112/><T24/><D114/><U66/><E35/><V102/><F115/><W104/><G71/><T126/><D126/><U1/><E74/><V127/><F3/><W118/><G118/><T11/><D132/><U51/><E128/><V103/><F111/><W56/><G135/><T13/><D72/><U39/><E39/><V134/><F134/><W110/><G130/><T63/><D38/><U20/><E20/><V37/><F37/><W133/><G133/><T106/><D69/><U40/><E40/><V101/><F131/><W58/><G110/><T125/><D125/><U83/><E51/><V49/><F127/><W47/><G28/><T52/><D96/><U122/><E122/><V77/><F49/><N who="3" m="26871" /><G104/><T44/><D44/><U33/><E33/><V123/><F123/><W26/><G26/><N who="0" m="10347" /><D106/><U108/><E108/><V82/><F29/><W6/><G6/><N who="0" m="3319" /><D68/><U22/><E83/><AGARI ba="0,0" hai="45,48,52,62,63,79,83,87" m="3319,10347" machi="83" ten="30,2000,0" yaku="8,1,54,1" doraHai="119" who="0" fromWho="1" sc="240,20,250,-20,207,0,303,0" /><INIT seed="4,0,0,0,0,47" ten="260,230,207,303" oya="0" hai0="6,43,26,12,50,31,1,104,114,37,121,25,94" hai1="118,113,14,61,33,58,72,92,3,74,20,54,99" hai2="27,59,8,46,103,11,107,90,89,120,57,41,19" hai3="68,106,116,84,81,91,69,21,7,108,44,23,79"/><T17/><D104/><U105/><E118/><V126/><F120/><W85/><G116/><T15/><D114/><U82/><E3/><V4/><F126/><W71/><G106/><T63/><D121/><U119/><E119/><V22/><F107/><W35/><G35/><T123/><D123/><U45/><E33/><V49/><F103/><W28/><G7/><T40/><D37/><U38/><E105/><V131/><F131/><W9/><G9/><N who="0" m="4151" /><D1/><U0/><E0/><V125/><F125/><W102/><G102/><T83/><D63/><U100/><E113/><V95/><F90/><W86/><G108/><T52/><D94/><U42/><REACH who="1" step="1"/><E82/><REACH who="1" ten="260,220,207,303" step="2"/><V76/><F76/><W77/><G79/><T117/><D83/><U73/><E73/><V87/><REACH who="2" step="1"/><F8/><REACH who="2" ten="260,220,197,303" step="2"/><W132/><G77/><T64/><D117/><U75/><E75/><V130/><F130/><W65/><G81/><T96/><D96/><U93/><E93/><V122/><F122/><W10/><G10/><N who="0" m="6391" /><D64/><U101/><E101/><V70/><F70/><W133/><G65/><T129/><D129/><U67/><E67/><V39/><F39/><W56/><G71/><T110/><D110/><U134/><E134/><V51/><F51/><W127/><G69/><T2/><D2/><AGARI ba="0,2" hai="2,4,11,19,22,27,41,46,49,57,59,87,89,95" machi="2" ten="30,3900,0" yaku="1,1,7,1,52,1,53,0" doraHai="47" doraHaiUra="48" who="2" fromWho="0" sc="260,-39,220,0,197,59,303,0" /><INIT seed="5,0,0,1,0,119" ten="221,220,256,303" oya="1" hai0="94,67,62,97,131,120,13,65,134,57,40,111,33" hai1="64,14,105,23,43,2,34,73,99,125,79,25,117" hai2="100,75,108,71,106,19,127,5,92,48,83,80,74" hai3="63,38,124,41,69,93,91,76,85,47,101,58,98"/><U109/><E117/><V21/><F71/><W36/><G124/><T60/><D111/><U87/><E2/><V114/><F108/><W22/><G69/><T20/><D134/><U46/><E109/><V66/><F66/><W4/><G4/><T61/><D131/><U128/><E64/><V42/><F106/><W123/><G76/><T129/><D33/><U59/><E128/><V107/><F107/><W53/><G22/><T51/><D120/><U102/><E125/><V35/><F35/><W86/><G123/><T78/><D78/><U118/><E118/><V39/><F39/><W52/><G36/><T50/><D129/><U16/><E59/><V10/><F74/><W89/><REACH who="3" step="1"/><G53/><REACH who="3" ten="221,220,256,293" step="2"/><T126/><D126/><U56/><E73/><V70/><F21/><W12/><G12/><T31/><D67/><U24/><E34/><V132/><F5/><W122/><G122/><T15/><D15/><U104/><E79/><V7/><F70/><W72/><G72/><T1/><D1/><U8/><E14/><V37/><F75/><W130/><G130/><T110/><D110/><U103/><E25/><V6/><F6/><W115/><G115/><T11/><D20/><U0/><E23/><V17/><F7/><W88/><AGARI ba="0,1" hai="38,41,47,52,58,63,85,86,88,89,91,93,98,101" machi="88" ten="30,7900,0" yaku="1,1,0,1,54,2,53,0" doraHai="119" doraHaiUra="29" who="3" fromWho="3" sc="221,-20,220,-39,256,-20,293,89" /><INIT seed="6,0,0,0,1,67" ten="201,181,236,382" oya="2" hai0="107,87,24,41,9,77,61,132,54,110,71,3,134" hai1="5,89,94,11,49,123,127,8,128,19,68,93,86" hai2="64,135,16,88,34,79,60,55,37,114,119,97,106" hai3="58,35,51,83,131,2,21,113,46,20,22,0,81"/><V95/><F119/><W26/><G35/><T117/><D117/><U59/><E127/><V13/><F114/><W32/><G113/><T122/><D122/><U63/><E128/><V74/><F135/><W102/><G131/><T70/><D110/><U28/><E123/><V39/><F34/><W6/><G102/><T101/><D41/><U100/><E28/><V84/><F55/><W116/><G116/><T10/><D24/><U73/><E73/><V130/><F130/><W53/><G32/><T18/><D101/><U98/><E68/><N who="0" m="26153" /><D107/><U75/><E75/><V69/><F74/><W121/><G26/><T112/><D18/><U104/><E49/><V45/><F45/><W66/><G121/><T72/><D72/><U76/><E76/><V82/><F106/><W17/><G17/><T105/><D105/><U56/><E104/><V96/><F96/><W23/><G23/><AGARI ba="0,0" hai="13,16,23,37,39,60,64,69,79,82,84,88,95,97" machi="23" ten="30,11600,0" yaku="7,1,52,1,54,2" doraHai="67" who="2" fromWho="3" sc="201,0,181,0,236,116,382,-116" /><INIT seed="6,1,0,0,5,1" ten="201,181,352,266" oya="2" hai0="23,35,91,103,54,18,17,24,115,120,56,105,64" hai1="110,53,99,88,114,63,94,44,96,0,55,132,130" hai2="40,30,90,73,12,66,28,16,95,125,129,119,70" hai3="43,19,20,134,108,122,98,135,29,107,32,10,78"/><V104/><F104/><W39/><G122/><T131/><D120/><U113/><E110/><V36/><F119/><W46/><G108/><T83/><D115/><N who="1" m="44043" /><E132/><N who="3" m="50730" /><G32/><T14/><D131/><U72/><E72/><V38/><F73/><W59/><G29/><T26/><D64/><U75/><E75/><V124/><F129/><W50/><G78/><T74/><D103/><U112/><E130/><V15/><F66/><W121/><G121/><T51/><D105/><U31/><N who="1" m="44051" /><U133/><DORA hai="97" /><E0/><V109/><F70/><W61/><G10/><T127/><D127/><U37/><E133/><V57/><F57/><W93/><G107/><T62/><D35/><U3/><E3/><V69/><F69/><W100/><G39/><T2/><D2/><U87/><E31/><V92/><F109/><W22/><G19/><T80/><D18/><U7/><E7/><V117/><F16/><W76/><G76/><T82/><D74/><U65/><E37/><V71/><F71/><W81/><G81/><T9/><D9/><U58/><E44/><V41/><F117/><W52/><AGARI ba="1,0" hai="20,22,43,46,50,52,59,61,93,98,100" m="50730" machi="52" ten="30,4000,0" yaku="20,1,52,1,54,1" doraHai="1,97" who="3" fromWho="3" sc="201,-11,181,-11,352,-21,266,43" /><INIT seed="7,0,0,2,0,119" ten="190,170,331,309" oya="3" hai0="28,37,97,104,94,131,47,128,120,86,51,48,4" hai1="110,124,116,16,132,125,68,20,10,21,134,57,43" hai2="25,105,122,23,89,79,111,73,64,126,63,129,45" hai3="103,72,0,98,84,5,59,6,76,33,13,11,82"/><W75/><G33/><T49/><D120/><U52/><E68/><V53/><F111/><W133/><G133/><N who="1" m="51306" /><E110/><V67/><F129/><N who="0" m="49738" /><D28/><U42/><E116/><V71/><F126/><N who="1" m="48745" /><E10/><V32/><F105/><W80/><G5/><T93/><D4/><U17/><E21/><V7/><F23/><W3/><G59/><T106/><D37/><U135/><E135/><V60/><F7/><W127/><G127/><T85/><D47/><U88/><E88/><V78/><F89/><W31/><G31/><T24/><D24/><N who="1" m="14343" /><E17/><V102/><F25/><W107/><REACH who="3" step="1"/><G72/><REACH who="3" ten="190,170,331,299" step="2"/><T118/><D118/><U83/><E83/><V66/><F73/><W109/><G109/><T58/><D58/><U90/><E90/><AGARI ba="0,1" hai="0,3,6,11,13,75,76,80,82,84,90,98,103,107" machi="90" ten="30,2900,0" yaku="1,1,7,1,53,0" doraHai="119" doraHaiUra="50" who="3" fromWho="1" sc="190,0,170,-29,331,0,299,39" owari="190,-21.0,141,-35.9,331,13.1,338,43.8" /></mjloggm>