<mjloggm ver="2.3"><GO type="169" lobby="0"/><UN n0="%E8%B6%85%E6%94%BB%E6%92%83%E9%BA%BB%E9%9B%80" n1="%E3%83%A4%E3%83%9E%E3%83%80%E3%81%95%E3%82%93" n2="%72%61%79%2A%6B%77%6B%6D" n3="%53%74%65%69%6E%73" dan="16,16,16,17" rate="2177.43,2118.10,2087.11,2214.81" sx="M,M,F,M"/><TAIKYOKU oya="0"/><INIT seed="0,0,0,0,2,45" ten="250,250,250,250" oya="0" hai0="85,116,5,58,53,80,110,103,112,125,25,118,54" hai1="41,19,17,135,64,68,48,47,39,86,96,100,1" hai2="90,117,98,65,130,11,46,22,79,13,43,95,102" hai3="2,113,114,107,42,61,55,121,28,97,38,70,87"/><T119/><D125/><U16/><E1/><V18/><F130/><W73/><G73/><T88/><D112/><U67/><E135/><V26/><F117/><W50/><G2/><T131/><D131/><U7/><E7/><V63/><F79/><W15/><G121/><T92/><D5/><U133/><E133/><V74/><F74/><W14/><G28/><T62/><D110/><U9/><E86/><V75/><F75/><W126/><G126/><T8/><D8/><U108/><E108/><V122/><F122/><W10/><G14/><T91/><D103/><U123/><E123/><V49/><F102/><W82/><G38/><T76/><D25/><U51/><E9/><V84/><F84/><W69/><G42/><T72/><REACH who="0" step="1"/><D91/><REACH who="0" ten="240,250,250,250" step="2"/><U30/><E30/><V99/><F99/><W57/><G97/><T127/><D127/><U105/><REACH who="1" step="1"/><E68/><REACH who="1" ten="240,240,250,250" step="2"/><V132/><F132/><W101/><G70/><T35/><D35/><U59/><E59/><N who="2" m="37119" /><F11/><W109/><G10/><T52/><AGARI ba="0,2" hai="52,53,54,58,62,72,76,80,85,88,92,116,118,119" machi="52" ten="40,12000,1" yaku="1,1,0,1,54,2,53,0" doraHai="45" doraHaiUra="60" who="0" fromWho="0" sc="240,140,240,-40,250,-40,250,-40" /><INIT seed="0,1,0,3,2,35" ten="380,200,210,210" oya="0" hai0="43,51,5,121,129,100,115,38,19,101,110,103,14" hai1="98,118,45,65,108,95,33,42,88,57,119,122,74" hai2="133,7,120,60,78,29,106,55,81,117,84,112,40" hai3="72,109,124,62,54,80,28,82,50,12,49,17,53"/><T64/><D115/><U6/><E122/><V134/><F120/><W37/><G37/><T68/><D121/><U123/><E123/><V13/><F112/><W128/><G109/><T44/><D110/><U0/><E74/><V67/><F106/><W39/><G39/><T47/><D129/><U34/><E108/><V36/><F117/><W114/><G114/><T132/><D132/><N who="2" m="50794" /><F29/><W111/><G111/><T20/><D5/><U1/><E34/><V2/><F2/><W116/><G116/><T107/><D64/><U32/><E32/><V102/><F102/><W46/><G128/><T61/><D61/><U56/><E33/><V52/><F40/><W125/><G62/><T59/><D59/><U86/><E0/><V77/><F77/><W18/><G28/><T79/><D79/><U105/><E56/><N who="2" m="37255" /><F36/><W104/><G104/><T70/><REACH who="0" step="1"/><D107/><REACH who="0" ten="370,200,210,210" step="2"/><U26/><E57/><V127/><F127/><W58/><G58/><T66/><D66/><U83/><E65/><V24/><F24/><W96/><G125/><T9/><D9/><AGARI ba="1,1" hai="7,9,13,52,55,78,81,84" m="37255,50794" machi="9" ten="30,2000,0" yaku="20,1,54,1" doraHai="35" who="2" fromWho="0" sc="370,-23,200,0,210,33,210,0" /><INIT seed="1,0,0,3,4,125" ten="347,200,243,210" oya="1" hai0="44,42,68,132,26,109,46,24,75,127,23,83,107" hai1="39,50,66,15,28,91,105,123,106,33,1,88,89" hai2="17,69,74,20,113,61,14,9,31,22,19,8,111" hai3="6,85,57,49,128,64,54,5,135,77,67,45,38"/><U76/><E39/><V92/><F74/><W63/><G135/><T53/><D107/><U95/><E1/><V100/><F111/><W70/><G67/><T108/><D127/><U3/><E3/><V98/><F113/><W41/><REACH who="3" step="1"/><G128/><REACH who="3" ten="347,200,243,200" step="2"/><T115/><D132/><U71/><E123/><V131/><F131/><W43/><G43/><T72/><D42/><U21/><E66/><V110/><F110/><W30/><G30/><T102/><D109/><U36/><E71/><V116/><F31/><W93/><G93/><T121/><D68/><U10/><E106/><V11/><F116/><W120/><G120/><T104/><D104/><U130/><E105/><V35/><F69/><W87/><G87/><T32/><D108/><U126/><E126/><V16/><F35/><W124/><G124/><T51/><D32/><U119/><E119/><V118/><F118/><W55/><G55/><T129/><D53/><U18/><E130/><V62/><REACH who="2" step="1"/><F19/><REACH who="2" ten="347,200,233,200" step="2"/><W103/><G103/><T90/><D102/><U78/><E33/><V12/><AGARI ba="0,2" hai="8,9,11,12,14,16,17,20,22,61,62,92,98,100" machi="12" ten="30,12000,2" yaku="1,1,2,1,0,1,9,1,8,1,54,1,53,0" doraHai="125" doraHaiUra="60" who="2" fromWho="2" sc="347,-30,200,-60,233,140,200,-30" /><INIT seed="2,0,0,1,3,69" ten="317,140,373,170" oya="2" hai0="86,106,12,5,25,123,57,54,51,99,103,70,91" hai1="112,60,6,15,124,19,85,55,43,65,44,52,97" hai2="16,36,63,131,96,117,101,11,108,0,109,83,89" hai3="125,127,23,18,35,135,28,110,77,113,1,48,95"/><V46/><F117/><W40/><G77/><T2/><D2/><U14/><E112/><V56/><F131/><W17/><G95/><T121/><D70/><U27/><E124/><N who="3" m="47690" /><G48/><T134/><D134/><U98/><E27/><V81/><F0/><W82/><G82/><T115/><D115/><U116/><E116/><V9/><F89/><W10/><G40/><T31/><D12/><U118/><E118/><V32/><F32/><W22/><G113/><T133/><D5/><U29/><E29/><V68/><F68/><W122/><G122/><T33/><REACH who="0" step="1"/><D133/><REACH who="0" ten="307,140,373,170" step="2"/><U72/><E6/><V74/><F109/><W102/><G135/><T34/><D34/><U120/><E14/><V132/><F108/><W126/><G126/><T50/><D50/><U92/><E15/><V93/><F132/><W71/><G71/><T119/><D119/><U75/><E120/><V80/><F74/><W114/><G114/><T107/><D107/><U88/><E75/><V4/><F4/><N who="3" m="1295" /><G110/><T111/><D111/><U58/><E72/><V59/><F63/><W24/><G102/><T20/><D20/><AGARI ba="0,1" hai="17,18,20,22,23,24,28,35" m="1295,47690" machi="20" ten="30,3900,0" yaku="18,1,34,2" doraHai="69" who="3" fromWho="0" sc="307,-39,140,0,373,0,170,49" /><INIT seed="3,0,0,0,2,60" ten="268,140,373,219" oya="3" hai0="78,91,90,35,26,111,16,9,80,113,83,42,51" hai1="119,106,117,114,29,66,122,134,100,22,89,43,44" hai2="135,98,2,107,95,48,128,39,126,7,20,33,61" hai3="74,99,73,53,58,12,125,8,45,25,110,93,133"/><W102/><G133/><T86/><D111/><U14/><E122/><V129/><F39/><W27/><G125/><T118/><D118/><U104/><E114/><V28/><F33/><W82/><G110/><T36/><D36/><U21/><E89/><V123/><F107/><W1/><G1/><T77/><D113/><U105/><E100/><V84/><F135/><W38/><G45/><T115/><D115/><U96/><E96/><V18/><F28/><W34/><G38/><T131/><D131/><U108/><E108/><V92/><F126/><W81/><G73/><T47/><D35/><U31/><E134/><V46/><F123/><W112/><G112/><T97/><D97/><U10/><E43/><V13/><F7/><W11/><G11/><T5/><D26/><N who="3" m="9737" /><G74/><T17/><D90/><U19/><E44/><V63/><F2/><W37/><G37/><T87/><D91/><U127/><E66/><V103/><F84/><W62/><G34/><T132/><D132/><U121/><E121/><V67/><F95/><W50/><G50/><T68/><D68/><U88/><E88/><V59/><REACH who="2" step="1"/><F63/><REACH who="2" ten="268,140,363,219" step="2"/><W6/><AGARI ba="0,1" hai="6,8,12,53,58,62,81,82,93,99,102" m="9737" machi="6" ten="30,1500,0" yaku="8,1" doraHai="60" who="3" fromWho="3" sc="268,-5,140,-5,363,-5,219,25" /><INIT seed="3,1,0,1,5,58" ten="263,135,358,244" oya="3" hai0="92,126,47,4,30,82,117,89,55,85,13,79,24" hai1="2,103,110,129,97,113,53,111,23,123,132,77,20" hai2="37,74,124,1,84,44,78,130,131,9,99,19,56" hai3="75,127,60,21,29,38,69,51,135,83,87,105,22"/><W34/><G38/><T91/><D126/><U39/><E39/><V64/><F124/><W66/><G127/><T54/><D117/><U118/><E2/><V68/><F68/><W107/><G75/><T8/><D47/><U94/><E123/><V81/><F99/><W25/><G135/><T45/><D45/><U70/><E113/><V7/><F19/><W62/><G51/><T90/><REACH who="0" step="1"/><D92/><REACH who="0" ten="253,135,358,244" step="2"/><U16/><E118/><V49/><F44/><W59/><G105/><T41/><D41/><U12/><E132/><V67/><F37/><W112/><G107/><T27/><D27/><U33/><E129/><V5/><F131/><W95/><G95/><T122/><D122/><U32/><E111/><V18/><F130/><W104/><G104/><T72/><D72/><U93/><E110/><V102/><F74/><W10/><G112/><T88/><N who="0" m="22528" /><DORA hai="40" /><T11/><D11/><U3/><E94/><V101/><F9/><W76/><REACH who="3" step="1"/><G10/><REACH who="3" ten="253,135,358,234" step="2"/><T121/><D121/><U17/><E93/><V86/><F81/><W80/><G80/><T73/><D73/><U0/><E97/><V42/><F84/><W119/><G119/><T96/><D96/><U31/><E103/><V108/><F101/><W65/><AGARI ba="1,2" hai="21,22,25,29,34,59,60,62,65,66,69,76,83,87" machi="65" ten="20,18000,2" yaku="1,1,0,1,7,1,52,2,53,1" doraHai="58,40" doraHaiUra="50,28" who="3" fromWho="3" sc="253,-61,135,-61,358,-61,234,203" /><INIT seed="3,2,0,1,3,7" ten="192,74,297,437" oya="3" hai0="110,97,0,133,64,83,122,17,56,38,60,112,51" hai1="14,73,9,126,109,85,11,74,24,22,99,61,58" hai2="75,35,50,18,90,48,30,69,89,98,94,20,105" hai3="77,134,80,120,72,117,63,101,37,67,118,41,104"/><W8/><G120/><T123/><D38/><U103/><E85/><V2/><F69/><W43/><G134/><T4/><D112/><U68/><E109/><V33/><F75/><W111/><G111/><T121/><D133/><U40/><E40/><V128/><F128/><W113/><G113/><T115/><D115/><U106/><E68/><V46/><F2/><W135/><G135/><T52/><D110/><U130/><E126/><V88/><F105/><W124/><G124/><T102/><D83/><U12/><E130/><V125/><F125/><W1/><G43/><T76/><D76/><U55/><E14/><V96/><F30/><W6/><G101/><T28/><D28/><U100/><E100/><V119/><F119/><W70/><G104/><T86/><D86/><U81/><E81/><V91/><F98/><W59/><REACH who="3" step="1"/><G59/><REACH who="3" ten="192,74,297,427" step="2"/><T44/><D122/><U57/><E57/><V114/><F114/><W25/><G25/><T16/><D121/><U92/><E106/><V23/><F23/><W45/><AGARI ba="2,1" hai="1,6,8,37,41,45,63,67,70,72,77,80,117,118" machi="45" ten="30,18000,2" yaku="1,1,0,1,25,2,23,2,52,1,53,0" doraHai="7" doraHaiUra="31" who="3" fromWho="3" sc="192,-62,74,-62,297,-62,427,196" /><INIT seed="3,3,0,3,0,84" ten="130,12,235,623" oya="3" hai0="39,27,67,11,41,63,24,30,134,104,35,121,25" hai1="86,4,57,78,6,83,22,71,91,99,43,0,44" hai2="130,120,31,98,115,19,64,132,129,26,94,55,103" hai3="14,72,29,9,82,101,20,36,66,80,62,65,23"/><W40/><G101/><T68/><D121/><U88/><E71/><V38/><F115/><W107/><G107/><T48/><D134/><U122/><E122/><V133/><F38/><W33/><G33/><T8/><D48/><N who="1" m="26655" /><E0/><V111/><F120/><W73/><G40/><T113/><D113/><U54/><E22/><V34/><F111/><W45/><G45/><T42/><D42/><U70/><E70/><V74/><F74/><W56/><G36/><T52/><D52/><U108/><E108/><V119/><F119/><W81/><G66/><T60/><D60/><N who="1" m="35895" /><E99/><V117/><F117/><W1/><G1/><T93/><D93/><U3/><E3/><V126/><F64/><W105/><G105/><T110/><D110/><U37/><E37/><V116/><F116/><W131/><G23/><T127/><D127/><U16/><E16/><V21/><F55/><W128/><G20/><T59/><D59/><U18/><E18/><V53/><F53/><W100/><G29/><T28/><D27/><U76/><E76/><V118/><F126/><W5/><G100/><T12/><D12/><U89/><AGARI ba="3,0" hai="4,6,78,83,86,88,89,91" m="35895,26655" machi="89" ten="30,8000,1" yaku="8,1,52,3,54,1" doraHai="84" who="1" fromWho="1" sc="130,-23,12,89,235,-23,623,-43" /><INIT seed="4,0,0,3,4,124" ten="107,101,212,580" oya="0" hai0="49,130,40,102,43,63,55,2,47,29,115,79,131" hai1="65,89,109,76,113,116,32,59,35,72,101,104,105" hai2="80,58,126,3,37,31,70,77,69,54,34,1,100" hai3="68,60,22,15,45,110,44,56,25,92,111,9,61"/><T42/><D2/><U13/><E13/><V36/><F126/><W114/><G114/><T10/><D29/><U95/><E116/><V11/><F100/><W103/><G68/><T86/><D102/><U7/><E7/><V88/><F31/><W38/><G61/><T18/><D115/><U128/><E109/><V129/><F34/><W133/><G133/><T134/><D134/><U119/><E119/><V93/><F70/><W73/><G73/><T23/><D10/><U53/><E65/><V4/><F69/><W39/><G39/><T84/><D63/><U81/><E113/><V52/><F1/><W90/><G103/><T91/><D79/><U51/><E128/><N who="0" m="49193" /><D91/><U98/><REACH who="1" step="1"/><E105/><REACH who="1" ten="107,91,212,580" step="2"/><V8/><F129/><W117/><G110/><T132/><D132/><U62/><E62/><V66/><F3/><W67/><G60/><T27/><AGARI ba="0,1" hai="18,23,27,40,42,43,47,49,55,84,86" m="49193" machi="27" ten="30,11700,0" yaku="19,1,52,3" doraHai="124" who="0" fromWho="0" sc="107,127,91,-39,212,-39,580,-39" /><INIT seed="4,1,0,0,5,78" ten="234,52,173,541" oya="0" hai0="89,12,14,80,37,92,2,112,22,49,48,26,62" hai1="39,56,17,40,133,111,19,4,30,61,95,35,7" hai2="13,38,9,43,134,25,6,31,68,76,82,59,28" hai3="70,57,83,53,102,91,116,32,121,74,5,15,104"/><T51/><D37/><U79/><E111/><V117/><F68/><W73/><G116/><T119/><D2/><U21/><E133/><V72/><F134/><W103/><G70/><T24/><D119/><U3/><E17/><V44/><F117/><W55/><G32/><T131/><D131/><U23/><E21/><V130/><F130/><W16/><G5/><T109/><D109/><U86/><E3/><V87/><F59/><W67/><G121/><T64/><D112/><U106/><E106/><V1/><F25/><W129/><G129/><T96/><D26/><U81/><E30/><V47/><F47/><W101/><G104/><T27/><D24/><U127/><E35/><V0/><F0/><W93/><G74/><T34/><D34/><U52/><E127/><V126/><F126/><W113/><G113/><T66/><D66/><U71/><E71/><V135/><F135/><W50/><G73/><T20/><D20/><U75/><E75/><V65/><F65/><W98/><G55/><T36/><D36/><U63/><E95/><V54/><F54/><W69/><G69/><T115/><D115/><U125/><E125/><V29/><F13/><W60/><G67/><T123/><D123/><U84/><E84/><AGARI ba="1,0" hai="1,6,9,28,29,31,38,43,44,72,76,82,84,87" machi="84" ten="40,5200,0" yaku="25,2,52,1" doraHai="78" who="2" fromWho="1" sc="234,0,52,-55,173,55,541,0" owari="234,3.4,-3,-50.3,228,-17.2,541,64.1" /></mjloggm>