<mjloggm ver="2.3"><GO type="169" lobby="0"/><UN n0="%E4%B8%83%E7%94%9F%E5%A4%95" n1="%E4%BB%8A%E6%97%A5%E4%B8%80" n2="%73%6F%6C%64%69%65%72%35" n3="%53%69%6C%76%65%72%44%46" dan="16,17,16,17" rate="2104.10,2218.36,2079.75,2200.54" sx="M,F,M,M"/><TAIKYOKU oya="0"/><INIT seed="0,0,0,1,5,32" ten="250,250,250,250" oya="0" hai0="99,60,97,112,74,31,53,28,50,3,120,131,87" hai1="96,11,103,130,116,63,47,91,13,129,12,88,33" hai2="52,18,48,114,65,84,2,39,132,123,108,93,20" hai3="36,44,134,1,40,110,126,128,46,76,72,77,81"/><T67/><D112/><U55/><E33/><V102/><F123/><W21/><G110/><T34/><D74/><U86/><E116/><V23/><F114/><W14/><G128/><N who="1" m="49258" /><E13/><V66/><F39/><W115/><G115/><T26/><D120/><U0/><E0/><V122/><F122/><W95/><G134/><T111/><D131/><U15/><E15/><V4/><F108/><W27/><G126/><T19/><D31/><U94/><E86/><V38/><F38/><W73/><G14/><T125/><D125/><U127/><E127/><V57/><F132/><W9/><G46/><T82/><D19/><N who="1" m="8607" /><E47/><V92/><F23/><W106/><G106/><T118/><D118/><U89/><E55/><V5/><F84/><W61/><G95/><N who="2" m="36425" /><F102/><W83/><G61/><AGARI ba="0,0" hai="61,63,88,89,91,94,96,103" m="8607,49258" machi="61" ten="30,2000,0" yaku="19,1,54,1" doraHai="32" who="1" fromWho="3" sc="250,0,250,20,250,0,250,-20" /><INIT seed="1,0,0,2,2,35" ten="250,270,250,230" oya="1" hai0="33,63,114,64,39,117,81,101,77,132,121,58,30" hai1="36,80,99,0,74,24,91,84,15,124,56,21,17" hai2="69,29,88,52,82,75,32,78,70,109,67,72,3" hai3="55,130,48,126,13,116,96,106,108,111,45,28,94"/><U115/><E36/><V60/><F109/><W18/><G130/><T47/><D114/><U42/><E42/><V22/><F32/><W112/><G112/><T118/><D132/><U38/><E38/><V86/><F70/><W134/><G134/><T131/><D131/><U59/><E115/><V16/><F29/><W40/><G126/><T73/><D121/><U44/><E44/><V71/><F71/><W128/><G128/><T85/><D101/><U4/><E124/><V87/><F3/><W83/><G106/><T10/><D85/><U51/><E74/><V61/><F61/><W122/><G122/><T53/><D30/><U54/><E99/><V2/><F2/><W5/><G116/><T97/><D33/><U41/><E41/><V19/><F19/><W93/><G28/><T46/><D97/><U104/><E104/><V100/><F52/><W133/><G5/><T129/><D129/><U127/><E127/><V12/><REACH who="2" step="1"/><F100/><REACH who="2" ten="250,270,240,230" step="2"/><W89/><G133/><T43/><D53/><U110/><E110/><V11/><F11/><N who="3" m="6463" /><G55/><T50/><D47/><N who="1" m="28031" /><E0/><V135/><F135/><W20/><G111/><T6/><REACH who="0" step="1"/><D50/><REACH who="0" ten="240,270,240,230" step="2"/><U103/><E103/><V27/><F27/><W79/><G48/><T98/><D98/><U57/><E24/><V25/><F25/><W62/><G96/><T119/><D119/><U90/><E4/><V95/><AGARI ba="0,2" hai="12,16,22,60,67,69,72,75,78,82,86,87,88,95" machi="95" ten="20,8000,1" yaku="1,1,0,1,7,1,54,2,53,0" doraHai="35" doraHaiUra="37" who="2" fromWho="2" sc="240,-20,270,-40,240,100,230,-20" /><INIT seed="2,0,0,3,2,113" ten="220,230,340,210" oya="2" hai0="10,27,7,123,104,62,45,61,106,68,110,100,9" hai1="78,8,83,101,95,15,89,119,102,93,76,38,3" hai2="80,82,77,22,74,96,2,52,19,108,55,92,30" hai3="87,21,131,0,81,69,129,18,124,16,132,84,90"/><V33/><F2/><W115/><G115/><T34/><D123/><U31/><E3/><V94/><F94/><W20/><G69/><T126/><D110/><U47/><E31/><V71/><F71/><W134/><G0/><T59/><D126/><U43/><E78/><V28/><F82/><W5/><G5/><T4/><D45/><U118/><E101/><V73/><F73/><W56/><G56/><T35/><D68/><U6/><E102/><V117/><F117/><W99/><G99/><T63/><D100/><U88/><E93/><V116/><F116/><W54/><G54/><T23/><D59/><U1/><E15/><V51/><F33/><N who="0" m="12298" /><D23/><N who="3" m="8777" /><G87/><T64/><D27/><U85/><E89/><V114/><F114/><W46/><G46/><T127/><D64/><U26/><E26/><V37/><F37/><W130/><G124/><T103/><D103/><U67/><E67/><V111/><F92/><W32/><G32/><T58/><D58/><U13/><E13/><N who="2" m="9583" /><F96/><AGARI ba="0,0" hai="1,6,8,38,43,47,76,83,85,88,95,96,118,119" machi="96" ten="30,7700,0" yaku="7,1,52,2,54,1" doraHai="113" who="1" fromWho="2" sc="220,0,230,77,340,-77,210,0" /><INIT seed="3,0,0,4,5,9" ten="220,307,263,210" oya="3" hai0="88,7,52,96,46,61,20,42,60,26,44,47,123" hai1="14,128,15,25,82,131,98,107,23,125,32,124,129" hai2="83,105,48,39,41,13,38,18,12,71,114,17,77" hai3="133,0,78,102,16,94,54,90,40,92,31,134,2"/><W51/><G31/><T5/><D123/><U108/><E82/><V62/><F105/><W45/><G78/><T87/><D96/><U24/><E107/><V29/><F29/><W67/><G67/><T66/><D42/><U112/><E98/><V74/><F114/><W99/><G40/><T115/><D115/><U75/><E112/><V10/><F71/><W116/><G116/><T69/><D61/><U135/><E75/><V89/><F62/><W49/><G49/><T11/><D52/><U65/><E65/><V56/><F89/><W36/><G36/><T104/><D104/><U55/><E55/><V35/><F35/><W80/><G80/><T30/><REACH who="0" step="1"/><D11/><REACH who="0" ten="210,307,263,210" step="2"/><U95/><E128/><V97/><F97/><W101/><G101/><T6/><D6/><U58/><E129/><V59/><F59/><W113/><G113/><T122/><D122/><U110/><E131/><V76/><F56/><W121/><G121/><T73/><D73/><U86/><E58/><V132/><F132/><W1/><G102/><T106/><D106/><U85/><E135/><V37/><F77/><W19/><G133/><T53/><D53/><U27/><E86/><V68/><F68/><W57/><G134/><T28/><D28/><U3/><E85/><V70/><F70/><W84/><G57/><T100/><D100/><U22/><E124/><V127/><F127/><W117/><G117/><T119/><D119/><U81/><E125/><V103/><F103/><W33/><G33/><T63/><D63/><U111/><E32/><V120/><F41/><W130/><G130/><T64/><D64/><RYUUKYOKU ba="0,1" sc="210,15,307,-15,263,-15,210,15" hai0="5,7,20,26,30,44,46,47,60,66,69,87,88" hai3="0,1,2,16,19,45,51,54,84,90,92,94,99" /><INIT seed="3,1,1,4,3,75" ten="225,292,248,225" oya="3" hai0="14,123,48,80,120,97,34,32,99,105,113,42,5" hai1="29,10,85,130,51,82,27,87,55,6,4,25,101" hai2="63,28,50,58,18,3,64,127,31,91,119,128,121" hai3="133,78,12,77,104,89,15,65,76,8,59,131,126"/><W60/><G104/><T13/><D113/><U11/><E130/><V117/><F128/><W7/><G131/><T90/><D42/><U52/><E101/><V68/><F127/><W35/><G35/><T62/><D48/><U30/><E51/><V46/><F3/><W83/><G126/><T41/><D41/><U1/><E1/><V103/><F121/><W107/><G107/><T20/><D62/><U94/><E94/><V49/><F103/><W2/><REACH who="3" step="1"/><G133/><REACH who="3" ten="225,292,248,215" step="2"/><T74/><D105/><U45/><E45/><V61/><F119/><W71/><G71/><T132/><D132/><U106/><E106/><V67/><F117/><W116/><G116/><T47/><D47/><U26/><E26/><V115/><F115/><W19/><G19/><T88/><D34/><U102/><E102/><V122/><F122/><W57/><G57/><T108/><D32/><U21/><E27/><V72/><F18/><W33/><G33/><T129/><D129/><U81/><E25/><V38/><F68/><W79/><N who="3" m="19456" /><DORA hai="124" /><W69/><G69/><T0/><D120/><U24/><E24/><V22/><F58/><W135/><G135/><T66/><D123/><U110/><E30/><V37/><F31/><W70/><G70/><T73/><D74/><U95/><E29/><V98/><F72/><W36/><G36/><T118/><D73/><U100/><E100/><V56/><F37/><W44/><G44/><T111/><D118/><U96/><E6/><V134/><F38/><W109/><G109/><T53/><D5/><U86/><E110/><V93/><F134/><W40/><G40/><RYUUKYOKU ba="1,2" sc="225,-10,292,-10,248,-10,215,30" hai3="2,7,8,12,15,59,60,65,83,89" /><INIT seed="3,2,2,2,5,135" ten="215,282,238,245" oya="3" hai0="113,71,62,10,110,100,18,91,20,2,13,102,82" hai1="35,69,65,29,3,4,50,83,133,132,25,45,126" hai2="96,85,1,0,24,34,5,86,59,130,41,98,37" hai3="58,67,93,33,30,44,49,123,9,84,90,48,109"/><W6/><G123/><T131/><D110/><U16/><E126/><V127/><F130/><W7/><G109/><T61/><D131/><U43/><E83/><V26/><F41/><N who="3" m="24591" /><G33/><T92/><D113/><U89/><E89/><V74/><F59/><W103/><G30/><T76/><D2/><U12/><E65/><V114/><F5/><W77/><G77/><T38/><D38/><U57/><E57/><V53/><F37/><W54/><G67/><T60/><D71/><U14/><E69/><V31/><F31/><W36/><G36/><T68/><D68/><U51/><E51/><V124/><F53/><W115/><G115/><T17/><D82/><U111/><E111/><V105/><F114/><W101/><G9/><T21/><D76/><U64/><E64/><V11/><F11/><W8/><G8/><T116/><D116/><U129/><E129/><V55/><F55/><W107/><G107/><T27/><REACH who="0" step="1"/><D10/><REACH who="0" ten="205,282,238,245" step="2"/><N who="1" m="4167" /><E3/><V122/><F122/><W63/><G63/><T66/><D66/><U39/><E39/><V121/><F121/><W80/><G103/><T70/><D70/><U72/><E133/><V87/><F105/><W15/><G15/><T104/><D104/><U118/><E132/><V19/><F1/><W75/><G75/><T95/><D95/><U117/><E72/><V52/><F0/><W88/><G101/><T81/><D81/><U73/><E73/><V42/><F74/><W94/><G80/><T46/><D46/><U108/><E108/><V23/><F124/><W112/><G112/><T119/><D119/><N who="1" m="45579" /><E14/><V106/><F127/><W120/><G120/><RYUUKYOKU ba="2,3" sc="205,10,282,10,238,-30,245,10" hai0="13,17,18,20,21,27,60,61,62,91,92,100,102" hai1="16,25,29,35,43,45,50" hai3="6,7,49,54,58,84,88,90,93,94" /><INIT seed="3,3,3,2,3,101" ten="215,292,208,255" oya="3" hai0="55,91,112,56,69,34,73,102,86,47,126,130,43" hai1="98,53,62,105,15,20,42,93,6,40,118,122,75" hai2="117,30,120,22,68,71,37,17,31,114,83,32,70" hai3="51,28,61,23,110,19,134,67,11,95,109,78,4"/><W48/><G28/><T14/><D34/><U35/><E122/><V13/><F114/><W92/><G78/><T29/><D29/><U18/><E35/><V96/><F117/><W113/><G113/><T5/><D112/><U16/><E75/><V129/><F129/><W64/><G134/><T58/><D69/><U119/><E6/><V125/><F125/><W90/><G51/><N who="0" m="27135" /><D73/><U1/><E1/><V88/><F37/><W38/><G48/><N who="0" m="30823" /><D126/><U8/><E105/><V60/><F120/><W107/><G107/><T132/><D130/><U27/><E118/><V57/><F32/><W24/><G38/><T50/><D132/><U116/><E116/><V2/><F2/><N who="3" m="407" /><G61/><T123/><D123/><U63/><E119/><V127/><F127/><W33/><G33/><T121/><D121/><U128/><E128/><V81/><F81/><W99/><G95/><N who="0" m="54775" /><D102/><N who="1" m="60751" /><E63/><V41/><F41/><W45/><G45/><T39/><D39/><U54/><E53/><V108/><F108/><AGARI ba="3,3" hai="19,23,24,64,67,90,92,99,108,109,110" m="407" machi="108" ten="30,2900,0" yaku="14,1,10,1" doraHai="101" who="3" fromWho="2" sc="215,0,292,0,208,-38,255,68" /><INIT seed="3,4,0,1,4,36" ten="215,292,170,323" oya="3" hai0="106,4,61,80,60,20,130,73,76,126,65,95,110" hai1="75,34,74,108,119,86,113,78,41,112,15,69,83" hai2="89,25,92,44,104,115,99,24,131,58,37,97,85" hai3="49,109,28,117,29,70,21,32,46,5,62,13,135"/><W90/><G117/><T11/><D106/><U125/><E69/><V55/><F115/><W82/><G32/><T10/><D110/><U31/><E31/><V101/><F131/><W98/><G135/><T123/><D123/><U93/><E34/><V16/><F99/><W19/><G109/><T30/><D130/><U128/><E108/><V87/><F87/><N who="3" m="50551" /><G70/><T8/><D126/><U51/><E128/><V111/><F111/><W2/><G2/><T102/><D61/><U66/><E66/><V72/><F72/><W40/><G5/><T6/><D102/><U91/><E125/><V134/><F134/><W39/><G39/><T26/><REACH who="0" step="1"/><D95/><REACH who="0" ten="205,292,170,323" step="2"/><U12/><E93/><V22/><F25/><W124/><G124/><T0/><D0/><U103/><E103/><V129/><F129/><W48/><G62/><T43/><D43/><U35/><E41/><V14/><F24/><W64/><G64/><T9/><N who="0" m="2048" /><DORA hai="105" /><T54/><D54/><U1/><E1/><V116/><F116/><W59/><G98/><T47/><D47/><U63/><E119/><V88/><F44/><W120/><G120/><T56/><AGARI ba="4,1" hai="4,6,20,26,30,56,60,65,73,76,80" m="2048" machi="56" ten="40,5200,0" yaku="1,1,0,1,52,1,53,0" doraHai="36,105" doraHaiUra="114,38" who="0" fromWho="0" sc="205,74,292,-17,170,-17,323,-30" /><INIT seed="4,0,0,2,5,72" ten="279,275,153,293" oya="0" hai0="127,62,95,59,94,99,55,132,122,2,74,104,89" hai1="116,93,43,108,60,100,58,63,79,13,0,111,37" hai2="135,131,46,134,124,20,71,118,17,44,77,36,130" hai3="133,88,35,33,30,86,80,125,10,23,112,82,120"/><T128/><D122/><U7/><E116/><V53/><F118/><W98/><G120/><T107/><D127/><U42/><E0/><V61/><F20/><W129/><G125/><T22/><D128/><N who="2" m="49194" /><F17/><W101/><G129/><T75/><D132/><N who="2" m="50730" /><F77/><W123/><G123/><T15/><D2/><U126/><E126/><V90/><F90/><W117/><G133/><T31/><D75/><U64/><E79/><V65/><F124/><W109/><G109/><T67/><D74/><U54/><E13/><V32/><F32/><W38/><G117/><T96/><D55/><U102/><E7/><V73/><F73/><W18/><G30/><T21/><D21/><U12/><E12/><V4/><F4/><W19/><G10/><T50/><D50/><U76/><E102/><V68/><F68/><W105/><G38/><T66/><D66/><U14/><E37/><V8/><F8/><W103/><G18/><T49/><D49/><U52/><E100/><V121/><F121/><W11/><G11/><T1/><D1/><U45/><E108/><V5/><F5/><W69/><G69/><T56/><D15/><U84/><E111/><V47/><F53/><W6/><G6/><T9/><D9/><U113/><E52/><V114/><F114/><W110/><G110/><T48/><D22/><U28/><E54/><V83/><F83/><N who="3" m="49247" /><G103/><N who="0" m="60823" /><D31/><U70/><E28/><V119/><F119/><W41/><G112/><T40/><D89/><U27/><E70/><V29/><F29/><W3/><G3/><T57/><D99/><U51/><E113/><V39/><AGARI ba="0,0" hai="36,39,44,46,47,61,65,71" m="50730,49194" machi="39" ten="40,8000,1" yaku="19,1,20,1,34,2" doraHai="72" who="2" fromWho="2" sc="279,-40,275,-20,153,80,293,-20" /><INIT seed="5,0,0,1,0,27" ten="239,255,233,273" oya="1" hai0="71,13,35,74,48,5,70,107,61,7,78,128,33" hai1="110,31,32,105,83,54,39,94,126,26,73,91,87" hai2="43,55,24,38,60,0,4,109,2,53,46,93,90" hai3="124,108,3,98,8,69,125,42,84,96,58,80,14"/><U131/><E131/><V135/><F109/><W34/><G108/><T111/><D111/><U122/><E110/><V130/><F130/><W129/><G69/><T12/><D128/><U64/><E126/><N who="3" m="48746" /><G129/><T121/><D107/><U56/><E122/><V92/><F135/><W102/><G3/><T72/><D48/><U101/><E39/><V95/><F90/><N who="3" m="51463" /><G34/><T29/><D78/><U127/><E64/><V6/><F24/><W134/><G134/><T115/><D61/><U113/><E113/><V89/><F89/><W1/><G1/><T36/><D36/><U63/><E127/><V81/><F81/><W75/><G75/><T23/><D23/><U15/><E15/><V62/><F93/><W28/><G42/><T10/><D10/><U68/><E68/><V66/><F38/><W106/><G58/><T77/><D77/><U116/><E116/><V76/><F76/><W100/><G28/><T57/><D57/><U103/><E105/><V21/><F43/><W49/><G49/><T99/><D29/><U65/><E65/><V112/><F66/><W123/><G123/><T114/><D121/><U18/><E18/><V30/><F30/><W85/><G85/><T133/><D133/><U16/><E16/><V59/><F59/><W37/><G37/><T120/><D120/><U79/><AGARI ba="0,0" hai="26,31,32,54,56,63,73,79,83,87,91,94,101,103" machi="79" ten="30,3000,0" yaku="0,1,52,1" doraHai="27" who="1" fromWho="1" sc="239,-10,255,30,233,-10,273,-10" /><INIT seed="5,1,0,1,0,130" ten="229,285,223,263" oya="1" hai0="114,13,55,49,81,88,76,69,100,113,91,45,135" hai1="11,110,33,73,95,74,54,92,43,87,27,61,75" hai2="34,82,67,107,16,7,117,48,37,39,57,21,6" hai3="125,86,5,35,93,1,122,79,15,98,36,97,62"/><U89/><E110/><V65/><F34/><W120/><G35/><T70/><D100/><U119/><E119/><V104/><F117/><W8/><G36/><T116/><D116/><U132/><E43/><V112/><F82/><W10/><G125/><T26/><D26/><U31/><E11/><V66/><F112/><N who="0" m="43114" /><D13/><U12/><E12/><V23/><F57/><W109/><G109/><T68/><D135/><U29/><E29/><V64/><F64/><W59/><G86/><AGARI ba="1,0" hai="45,49,55,68,69,70,76,81,86,88,91" m="43114" machi="86" ten="40,2600,0" yaku="15,1,54,1" doraHai="130" who="0" fromWho="3" sc="229,29,285,0,223,0,263,-29" /><INIT seed="6,0,0,4,4,111" ten="258,285,223,234" oya="2" hai0="63,47,16,33,103,76,45,104,20,116,7,15,93" hai1="29,118,117,44,13,2,56,125,94,132,120,46,119" hai2="68,80,61,30,108,82,89,24,81,97,28,135,86" hai3="124,69,106,55,6,62,127,73,50,57,133,91,87"/><V95/><F135/><W65/><G73/><T41/><D116/><U78/><E2/><V122/><F122/><W112/><G106/><T121/><D121/><U10/><E120/><V17/><F108/><W34/><G34/><T19/><D33/><U14/><E78/><V22/><F68/><W66/><G133/><T99/><D76/><U84/><E132/><V109/><F109/><W64/><G6/><T88/><D63/><U52/><E29/><V100/><REACH who="2" step="1"/><F61/><REACH who="2" ten="258,285,213,234" step="2"/><W5/><G5/><T42/><D7/><U59/><E118/><V134/><F134/><W70/><G62/><T25/><D41/><U131/><E119/><V75/><F75/><W107/><G107/><AGARI ba="0,1" hai="17,22,24,28,30,80,81,82,86,89,95,97,100,107" machi="107" ten="40,7700,0" yaku="1,1,53,2" doraHai="111" doraHaiUra="26" who="2" fromWho="3" sc="258,0,285,0,213,87,234,-77" /><INIT seed="6,1,0,5,5,58" ten="258,285,300,157" oya="2" hai0="60,133,51,73,119,88,49,30,111,13,48,83,16" hai1="116,103,42,40,37,75,98,33,91,92,135,71,61" hai2="43,41,132,84,108,96,102,95,15,104,79,47,29" hai3="82,8,9,26,17,107,76,38,3,81,97,36,118"/><V21/><F132/><W27/><G118/><T113/><D111/><U120/><E116/><V127/><F127/><W105/><G97/><T68/><D119/><U53/><E135/><V129/><F129/><W5/><G76/><T125/><D133/><U126/><E126/><V94/><F108/><W124/><G124/><T12/><D125/><U44/><E42/><V106/><F43/><W10/><G17/><T65/><D113/><U35/><E75/><V131/><F131/><W114/><G5/><T55/><D30/><U122/><E91/><V52/><F41/><W39/><G3/><T11/><D13/><U66/><E53/><V63/><F106/><W67/><G67/><T121/><D121/><AGARI ba="1,0" hai="33,35,37,40,44,61,66,71,92,98,103,120,121,122" machi="121" ten="40,2600,0" yaku="13,1,52,1" doraHai="58" who="1" fromWho="0" sc="258,-29,285,29,300,0,157,0" /><INIT seed="7,0,0,1,1,41" ten="229,314,300,157" oya="3" hai0="76,61,86,27,122,33,55,98,13,51,48,19,79" hai1="132,64,8,25,121,104,99,105,24,53,71,34,42" hai2="129,102,135,117,123,49,3,14,56,7,134,108,84" hai3="114,26,90,85,110,89,120,31,23,28,29,1,58"/><W83/><G120/><T50/><D122/><U119/><E121/><V94/><F123/><RYUUKYOKU type="kaze4" ba="0,0" sc="229,0,314,0,300,0,157,0" /><INIT seed="7,1,0,4,4,97" ten="229,314,300,157" oya="3" hai0="101,41,78,12,38,73,109,54,115,22,130,82,21" hai1="18,114,53,134,117,86,104,75,35,103,113,79,80" hai2="92,55,133,46,77,19,112,56,34,70,83,119,107" hai3="125,84,13,89,5,63,4,50,111,126,48,123,61"/><W23/><G123/><T11/><D109/><U2/><E134/><V15/><F107/><W42/><G111/><T44/><D130/><U116/><E35/><V47/><F70/><W108/><G108/><T131/><D131/><U30/><E30/><V90/><F34/><W31/><G125/><T58/><D115/><N who="1" m="44043" /><E2/><V81/><F112/><W100/><G126/><T68/><D68/><U64/><E64/><V28/><F28/><W93/><G100/><T29/><D101/><U49/><E18/><V0/><F0/><W87/><G84/><T51/><D29/><U91/><E103/><V120/><F133/><W17/><G31/><T59/><D59/><N who="1" m="33199" /><E104/><V67/><F67/><W76/><G76/><T128/><D128/><U118/><E91/><V71/><F119/><W24/><G50/><T8/><D8/><U14/><E14/><V62/><F71/><W3/><G3/><T69/><D69/><U135/><E135/><V9/><F120/><W129/><G129/><T66/><D66/><U6/><E6/><AGARI ba="1,0" hai="6,11,12,21,22,38,41,44,51,54,58,73,78,82" machi="6" ten="30,1000,0" yaku="7,1" doraHai="97" who="0" fromWho="1" sc="229,13,314,-13,300,0,157,0" owari="242,-15.8,301,40.1,300,10.0,157,-34.3" /></mjloggm>