<mjloggm ver="2.3"><GO type="169" lobby="0"/><UN n0="%E3%81%94%E3%82%8B%E3%81%AF%E3%82%80%33%30" n1="%E3%81%82%E3%81%95%E3%81%B4%E3%82%93%EF%BC%A0%EF%BD%8D%EF%BD%8A" n2="%E3%81%97%E3%82%89%E3%81%99%EF%BC%A1" n3="%E3%83%95%E3%83%AB%E3%82%BC%E3%83%B3%E3%83%84%E3%81%8F%E3%82%93" dan="17,18,16,16" rate="2206.49,2292.55,2141.25,2188.64" sx="F,M,M,F"/><TAIKYOKU oya="0"/><INIT seed="0,0,0,5,1,102" ten="250,250,250,250" oya="0" hai0="19,22,97,121,115,103,54,29,40,62,76,41,44" hai1="48,43,46,53,50,72,45,130,93,87,83,2,113" hai2="28,70,33,112,66,101,21,12,73,117,59,85,32" hai3="99,69,104,24,105,7,55,114,129,38,49,34,106"/><T127/><D115/><U11/><E113/><V131/><F73/><W20/><G114/><T91/><D121/><U56/><E130/><V78/><F112/><W128/><G69/><T88/><D127/><U81/><E72/><V107/><F131/><N who="3" m="50251" /><G38/><T4/><D29/><U14/><E2/><V63/><F117/><W134/><G134/><T100/><D4/><U79/><E83/><V74/><F74/><W82/><G7/><T110/><D76/><U52/><E93/><V3/><F3/><W13/><G82/><T89/><D110/><U126/><E126/><V90/><F78/><W119/><G119/><T71/><D71/><U133/><E133/><V9/><F21/><W57/><G34/><T75/><D75/><U86/><E86/><V67/><F67/><W16/><G24/><T5/><D5/><U23/><E23/><V122/><F122/><W125/><G125/><T31/><D31/><U98/><E98/><AGARI ba="0,0" hai="13,16,20,49,55,57,98,99,104,105,106" m="50251" machi="98" ten="40,8000,1" yaku="19,1,52,3,54,1" doraHai="102" who="3" fromWho="1" sc="250,0,250,-80,250,0,250,80" /><INIT seed="1,0,0,5,1,68" ten="250,170,250,330" oya="1" hai0="109,39,93,127,60,86,9,120,118,103,123,30,85" hai1="20,32,112,2,12,56,47,69,106,43,25,89,37" hai2="57,110,0,72,92,8,36,117,45,78,96,50,104" hai3="1,24,94,26,34,59,54,52,82,71,126,131,49"/><U79/><E112/><V107/><F117/><W116/><G116/><T97/><D118/><U80/><E69/><V81/><F57/><W124/><G131/><T91/><D109/><U11/><E106/><V119/><F119/><W99/><G34/><T87/><D30/><U113/><E113/><V38/><F110/><W55/><G1/><T35/><D35/><U115/><E115/><V84/><F0/><W15/><G71/><T108/><D108/><U65/><E89/><N who="2" m="53287" /><F8/><W98/><G82/><T102/><D127/><N who="3" m="48681" /><G99/><T74/><D74/><U135/><E135/><V23/><F23/><W63/><G15/><T70/><D9/><U130/><E130/><V90/><F90/><N who="3" m="55639" /><G49/><T3/><D3/><U46/><E32/><V58/><F58/><W5/><G5/><T13/><D13/><U42/><E2/><V7/><F7/><W133/><G133/><T44/><D70/><U105/><E105/><V62/><F62/><W122/><G122/><N who="0" m="46635" /><D60/><U67/><E56/><V48/><F107/><W77/><G77/><T10/><D10/><U27/><E11/><V18/><F18/><W88/><G88/><T53/><D39/><N who="2" m="14890" /><F45/><W6/><G6/><T76/><D76/><U132/><E132/><V95/><F95/><W101/><G101/><AGARI ba="0,0" hai="48,50,72,78,81,96,101,104" m="14890,53287" machi="101" ten="30,7700,0" yaku="24,1,52,3" doraHai="68" who="2" fromWho="3" sc="250,0,170,0,250,77,330,-77" /><INIT seed="2,0,0,1,5,19" ten="250,170,327,253" oya="2" hai0="32,52,120,17,43,106,84,118,135,10,4,103,6" hai1="25,9,116,134,99,130,18,111,75,47,83,122,132" hai2="78,88,24,46,74,98,61,51,62,37,131,15,55" hai3="129,91,30,23,2,21,117,108,11,45,113,123,101"/><V69/><F131/><W56/><G117/><T109/><D32/><U96/><E116/><V86/><F74/><W50/><G123/><T82/><D118/><U5/><E130/><V63/><F37/><W1/><G129/><T95/><D43/><U127/><E122/><V31/><F78/><W20/><G101/><T0/><D106/><U77/><E111/><V53/><F98/><W48/><G108/><T81/><D109/><U85/><E75/><V94/><F15/><W71/><G71/><T73/><D120/><U26/><E127/><V89/><F89/><W112/><G30/><T44/><D135/><N who="1" m="51755" /><E47/><V60/><F60/><W125/><G125/><T72/><D6/><U110/><E110/><V93/><F94/><W80/><G56/><T65/><D65/><U115/><E115/><N who="3" m="44106" /><G11/><T22/><D95/><U33/><E33/><V102/><F102/><W67/><G67/><T57/><D44/><U87/><E87/><V38/><F38/><W14/><G14/><T13/><D103/><U12/><E26/><V49/><F69/><W59/><G59/><T114/><D114/><U54/><E54/><V92/><F92/><W3/><G45/><T8/><D81/><U126/><E126/><V124/><F124/><W121/><G121/><T36/><D36/><U16/><E25/><V40/><REACH who="2" step="1"/><F51/><REACH who="2" ten="250,170,317,253" step="2"/><N who="3" m="19499" /><G91/><T76/><D72/><U39/><E39/><V29/><F29/><W41/><G80/><T104/><D73/><U128/><E128/><V107/><F107/><W27/><G27/><T97/><D104/><U100/><E100/><V68/><F68/><W58/><G1/><RYUUKYOKU ba="0,1" sc="250,-15,170,15,317,15,253,-15" hai1="5,9,12,16,18,77,83,85,96,99" hai2="24,31,40,46,49,53,55,61,62,63,86,88,93" /><INIT seed="2,1,1,0,1,131" ten="235,185,332,238" oya="2" hai0="132,25,97,128,27,38,134,86,13,31,81,115,4" hai1="45,109,52,21,104,70,32,112,101,43,69,18,96" hai2="8,40,75,61,12,6,17,125,26,126,19,83,3" hai3="105,100,9,127,51,89,107,77,56,121,102,42,0"/><V92/><F40/><W24/><G121/><T63/><D115/><U2/><E112/><V120/><F61/><W91/><G77/><T68/><D38/><U33/><E2/><V114/><F92/><W14/><G0/><T22/><D128/><U73/><E73/><V94/><F94/><W84/><G127/><N who="2" m="48649" /><F114/><W135/><G135/><N who="0" m="51755" /><D97/><U46/><E109/><V78/><F120/><W11/><G14/><T5/><D27/><U111/><E111/><V29/><F3/><W60/><G24/><T129/><D13/><U87/><E87/><V82/><F83/><W76/><G84/><T103/><D103/><U106/><E106/><V66/><F66/><W64/><G105/><T118/><D129/><U116/><E96/><V72/><F72/><W67/><G67/><N who="0" m="41087" /><D118/><U99/><E116/><V35/><AGARI ba="1,1" hai="6,8,12,17,19,26,29,35,75,78,82" m="48649" machi="35" ten="30,1500,0" yaku="18,1" doraHai="131" who="2" fromWho="2" sc="235,-6,185,-6,332,28,238,-6" /><INIT seed="2,2,0,5,3,19" ten="229,179,360,232" oya="2" hai0="118,23,3,101,70,117,9,18,71,6,102,111,125" hai1="97,10,78,66,92,96,122,87,109,129,68,62,100" hai2="65,17,37,60,49,22,77,11,74,26,91,31,82" hai3="128,50,99,40,113,55,16,75,93,126,58,8,131"/><V46/><F37/><W48/><G75/><T4/><D111/><U98/><E109/><V39/><F39/><W72/><G72/><T116/><D4/><U28/><E129/><N who="3" m="49738" /><G126/><T27/><REACH who="0" step="1"/><D125/><REACH who="0" ten="219,179,360,232" step="2"/><U41/><E122/><V127/><F127/><W25/><G113/><T30/><D30/><U132/><E28/><V135/><F31/><W21/><G8/><T85/><D85/><U14/><E132/><V57/><F135/><W53/><G40/><T7/><D7/><U52/><E41/><V1/><F1/><W38/><G38/><T61/><D61/><U33/><E87/><V2/><F2/><W69/><G69/><AGARI ba="2,1" hai="3,6,9,18,23,27,69,70,71,101,102,116,117,118" machi="69" ten="50,6400,0" yaku="1,1,12,1,52,1,53,0" doraHai="19" doraHaiUra="90" who="0" fromWho="3" sc="219,80,179,0,360,0,232,-70" /><INIT seed="3,0,0,1,5,30" ten="299,179,360,162" oya="3" hai0="33,129,81,95,19,127,50,36,87,91,28,12,3" hai1="90,27,102,117,121,55,52,112,67,4,116,43,8" hai2="18,37,105,57,115,47,122,58,64,59,56,34,100" hai3="88,98,113,132,69,46,13,26,63,97,103,7,84"/><W119/><G113/><T40/><D3/><U49/><E112/><V96/><F115/><W48/><G119/><N who="1" m="45642" /><E121/><V118/><F118/><W70/><G132/><T23/><D36/><U20/><E102/><V9/><F122/><W35/><G7/><T123/><D123/><U111/><E111/><V93/><F34/><W21/><G13/><T109/><D109/><U73/><E73/><V128/><F128/><W134/><G134/><T22/><D129/><U29/><E67/><V108/><F108/><W79/><G79/><T131/><D131/><U61/><E61/><V42/><F105/><W38/><G38/><T39/><D39/><U76/><E90/><V72/><F72/><W53/><G35/><T71/><D71/><U6/><E76/><V130/><F130/><W41/><G41/><T110/><D110/><U107/><E107/><V2/><F2/><W62/><G70/><T66/><D66/><U60/><E60/><V78/><F78/><W86/><G86/><T31/><D127/><U135/><E135/><V99/><F96/><N who="3" m="36971" /><G103/><T92/><D33/><U89/><E89/><V65/><N who="2" m="14336" /><DORA hai="17" /><V16/><F64/><W14/><G69/><T32/><D32/><U68/><E68/><V83/><F65/><W25/><G62/><T101/><D101/><U114/><E114/><V75/><F75/><W24/><G63/><T106/><D106/><U74/><E74/><V45/><F42/><W15/><G21/><T1/><D91/><U77/><E77/><V11/><F100/><W80/><AGARI ba="0,0" hai="14,15,24,25,26,46,48,53,80,84,88" m="36971" machi="80" ten="30,3000,0" yaku="8,1,54,1" doraHai="30,17" who="3" fromWho="3" sc="299,-10,179,-10,360,-10,162,30" /><INIT seed="3,1,0,0,2,90" ten="289,169,350,192" oya="3" hai0="16,51,131,63,38,97,91,111,19,55,58,100,127" hai1="46,34,116,47,48,106,96,33,56,2,64,125,1" hai2="21,68,53,115,103,30,0,52,20,87,75,49,109" hai3="76,120,50,113,112,118,43,108,45,70,24,81,95"/><W99/><G118/><T37/><D111/><U15/><E116/><V23/><F75/><W117/><G117/><T126/><D131/><U59/><E15/><V84/><F0/><W124/><G108/><T40/><D91/><U26/><E26/><V28/><F68/><W13/><G124/><N who="0" m="47659" /><D51/><U94/><E106/><V79/><F109/><W129/><G129/><T114/><D114/><U88/><E125/><V77/><F103/><W134/><G134/><T123/><D123/><U119/><E119/><V9/><F9/><W32/><G70/><T74/><D74/><U42/><E47/><V133/><F133/><W107/><G107/><N who="0" m="63887" /><D40/><U44/><E44/><V92/><F115/><W31/><G120/><T29/><D29/><U73/><E73/><V36/><F36/><AGARI ba="1,0" hai="16,19,36,37,38,55,58,63" m="63887,47659" machi="36" ten="30,2000,0" yaku="18,1,54,1" doraHai="90" who="0" fromWho="2" sc="289,23,169,0,350,-23,192,0" /><INIT seed="4,0,0,5,2,29" ten="312,169,327,192" oya="0" hai0="1,61,59,109,117,60,101,84,115,72,77,71,93" hai1="66,35,99,70,54,131,130,56,128,114,50,107,17" hai2="135,40,80,4,106,13,53,28,69,18,43,26,96" hai3="38,44,74,133,122,73,76,103,110,21,51,65,33"/><T124/><D117/><U23/><E114/><V39/><F135/><W89/><G110/><T6/><D115/><U7/><E7/><V37/><F4/><W87/><G133/><T75/><D109/><U16/><E70/><V45/><F69/><W10/><G38/><T32/><D32/><U79/><E66/><V5/><F5/><W12/><G65/><T30/><D30/><U125/><E125/><V123/><F123/><W118/><G103/><T31/><D31/><U82/><E35/><V120/><F120/><W104/><G104/><T94/><D61/><U63/><E63/><V102/><F53/><W52/><G33/><T47/><D71/><U88/><E23/><V119/><F80/><W127/><G127/><T90/><D77/><U86/><E107/><V48/><F43/><W58/><G76/><T132/><D47/><U112/><E112/><V95/><F106/><W85/><G21/><T57/><D57/><U55/><E55/><V67/><F67/><W64/><G87/><T11/><D132/><U0/><E0/><V49/><F39/><W42/><G64/><N who="0" m="38943" /><D124/><U92/><AGARI ba="0,0" hai="16,17,50,54,56,79,82,86,88,92,99,128,130,131" machi="92" ten="40,8000,1" yaku="0,1,19,1,54,2" doraHai="29" who="1" fromWho="1" sc="312,-40,169,80,327,-20,192,-20" /><INIT seed="5,0,0,3,1,69" ten="272,249,307,172" oya="1" hai0="105,84,30,115,74,5,41,86,116,57,129,46,94" hai1="60,19,26,97,73,47,88,20,43,51,16,101,108" hai2="134,40,63,126,49,12,87,52,103,2,107,75,91" hai3="117,32,106,37,76,98,62,120,17,23,121,92,118"/><U10/><E73/><V112/><F75/><W90/><G32/><T80/><D105/><U3/><E108/><V50/><F2/><W135/><G135/><T113/><D116/><N who="3" m="44649" /><G76/><T114/><D129/><U15/><E3/><V99/><F126/><W35/><G35/><T44/><D5/><U65/><E101/><V24/><F134/><W104/><G62/><T96/><D30/><U31/><E97/><V0/><F0/><W9/><G9/><T119/><D46/><U125/><E88/><V133/><F133/><W27/><G37/><N who="0" m="21551" /><D57/><N who="1" m="37007" /><E125/><V102/><F102/><W110/><G110/><T22/><D22/><U34/><E34/><V89/><F103/><W59/><G59/><T21/><D21/><U128/><E128/><V56/><F56/><W29/><G29/><AGARI ba="0,0" hai="10,15,16,19,20,26,29,31,43,47,51" m="37007" machi="29" ten="30,2900,0" yaku="8,1,54,1" doraHai="69" who="1" fromWho="3" sc="272,0,249,29,307,0,172,-29" /><INIT seed="5,1,0,4,2,65" ten="272,278,307,143" oya="1" hai0="116,5,93,131,57,55,111,46,20,74,79,48,112" hai1="28,31,42,11,108,129,83,23,88,119,127,56,54" hai2="43,75,100,109,61,110,107,77,95,73,59,102,19" hai3="104,32,67,121,37,29,10,30,122,92,76,82,103"/><U40/><E119/><V26/><F107/><W71/><G37/><T70/><D116/><U91/><E127/><V101/><F43/><N who="1" m="16425" /><E129/><V7/><F7/><W27/><G10/><T24/><D131/><U134/><E134/><V4/><F4/><W14/><G14/><T39/><D5/><U81/><E11/><V44/><F44/><W15/><G15/><T6/><D6/><U47/><E47/><V63/><F77/><W2/><G92/><T17/><D39/><U69/><E69/><V58/><F95/><W9/><G30/><N who="1" m="11306" /><E23/><V85/><F85/><W22/><G22/><T0/><D70/><U18/><E18/><V114/><F101/><W97/><G9/><T60/><D0/><U16/><E16/><V89/><F19/><W1/><G121/><T49/><D46/><U21/><E21/><V12/><F12/><W125/><G125/><T99/><D17/><U87/><E108/><V52/><F26/><W13/><G13/><T96/><D111/><U117/><E117/><V72/><F72/><N who="3" m="43271" /><G122/><T118/><D118/><U98/><E98/><V35/><F109/><W66/><G66/><T62/><D96/><U8/><E8/><V25/><F25/><W105/><G104/><T120/><D120/><U50/><E83/><V68/><F110/><W3/><G3/><T64/><D20/><U133/><E133/><V80/><F80/><W86/><G86/><T132/><D24/><U115/><E91/><V94/><F75/><W51/><G51/><T38/><D38/><U106/><E106/><V45/><F73/><W123/><G123/><T78/><D74/><RYUUKYOKU ba="1,0" sc="272,-15,278,15,307,-15,143,15" hai1="50,54,56,81,87,88,115" hai3="1,2,27,29,32,67,71,97,103,105" /><INIT seed="5,2,0,0,2,41" ten="257,293,292,158" oya="1" hai0="78,134,46,88,65,77,38,30,35,81,128,126,125" hai1="80,14,135,95,6,47,39,101,67,5,49,122,100" hai2="115,112,92,121,34,83,62,108,124,87,127,18,44" hai3="13,133,61,120,116,4,113,110,109,132,99,111,130"/><U71/><E122/><V24/><F108/><W29/><G99/><T103/><D103/><U68/><E39/><V54/><F121/><W26/><G120/><T66/><D128/><U70/><E67/><V82/><F92/><W10/><G61/><T12/><D134/><N who="3" m="51817" /><G130/><T42/><D35/><U96/><E135/><V76/><F83/><W94/><G94/><T85/><D30/><U119/><E119/><V25/><F62/><W60/><G60/><T32/><D32/><U75/><E100/><V27/><F18/><W91/><G91/><T57/><D12/><U17/><E80/><V90/><F90/><W43/><G43/><T106/><D106/><U31/><E31/><V40/><F54/><W11/><G116/><T58/><D66/><U114/><E75/><V63/><F63/><W21/><G11/><T56/><REACH who="0" step="1"/><D65/><REACH who="0" ten="247,293,292,158" step="2"/><U105/><E105/><V50/><REACH who="2" step="1"/><F34/><REACH who="2" ten="247,293,282,158" step="2"/><W8/><G8/><T59/><N who="0" m="14336" /><DORA hai="33" /><T69/><D69/><U72/><E70/><V123/><F123/><W15/><G113/><AGARI ba="2,2" hai="24,25,27,40,44,50,76,82,87,112,113,115,124,127" machi="113" ten="40,8000,1" yaku="1,1,15,1,11,1,52,1,53,1" doraHai="41,33" doraHaiUra="79,97" who="2" fromWho="3" sc="247,0,293,0,282,106,158,-86" /><INIT seed="6,0,0,2,4,86" ten="247,293,388,72" oya="2" hai0="57,4,110,24,115,125,33,16,6,94,107,11,119" hai1="31,12,48,128,118,61,71,120,64,82,66,28,111" hai2="47,2,121,32,74,79,117,132,113,39,26,22,55" hai3="52,49,126,17,89,30,83,105,112,14,40,96,51"/><V41/><F117/><W85/><G126/><T122/><D107/><U42/><E111/><V7/><F113/><W19/><G112/><T95/><D115/><U65/><E118/><V27/><F121/><W1/><G1/><T76/><D119/><U63/><E120/><V124/><F132/><W54/><G30/><T99/><D122/><U77/><E128/><V58/><F32/><W70/><G70/><T23/><D110/><U106/><E106/><V34/><F34/><W8/><G105/><T84/><D125/><U62/><E71/><V78/><F78/><W67/><G67/><T127/><D127/><U38/><E38/><V18/><F124/><W135/><G135/><T101/><D33/><U103/><E103/><V3/><F26/><W69/><G69/><T0/><D6/><U80/><E12/><V90/><F7/><W29/><G29/><N who="1" m="11338" /><E77/><V134/><F79/><W50/><G40/><T56/><REACH who="0" step="1"/><D95/><REACH who="0" ten="237,293,388,72" step="2"/><U87/><E87/><V116/><F116/><W109/><G109/><T15/><D15/><U97/><E97/><V20/><F134/><W88/><G19/><T36/><D36/><U102/><E102/><V59/><F39/><W43/><G43/><T133/><D133/><U91/><E91/><V114/><F114/><W45/><G54/><T108/><D108/><U93/><E93/><AGARI ba="0,1" hai="8,14,17,45,49,50,51,52,83,85,88,89,93,96" machi="93" ten="40,12000,2" yaku="25,2,8,1,52,2,54,2" doraHai="86" who="3" fromWho="1" sc="237,0,293,-120,388,0,72,130" /><INIT seed="7,0,0,4,4,30" ten="237,173,388,202" oya="3" hai0="40,110,124,82,52,131,63,99,135,0,19,32,118" hai1="130,22,92,108,114,28,4,17,96,62,128,98,42" hai2="103,74,45,7,64,72,31,109,47,100,111,112,80" hai3="8,132,29,129,90,61,117,77,16,94,116,87,24"/><W113/><G113/><T119/><D110/><U26/><E108/><V46/><F31/><W104/><G104/><T76/><D0/><U12/><E114/><V67/><F80/><W14/><G132/><T5/><D5/><U85/><E4/><V125/><F47/><W102/><G129/><N who="1" m="49770" /><E42/><V9/><F7/><W97/><G61/><T66/><D32/><N who="1" m="20503" /><E62/><V86/><F86/><W55/><G55/><T35/><D52/><U107/><E107/><V11/><F125/><W2/><G2/><T50/><D40/><U3/><E3/><V91/><F91/><W83/><G77/><T37/><D76/><U39/><E39/><V54/><F54/><W127/><G127/><T53/><D37/><U44/><E44/><V93/><F93/><W84/><G84/><T58/><D124/><U21/><E21/><AGARI ba="0,0" hai="8,14,16,21,24,29,83,87,90,94,97,102,116,117" machi="21" ten="30,2900,0" yaku="7,1,54,1" doraHai="30" who="3" fromWho="1" sc="237,0,173,-29,388,0,202,29" /><INIT seed="7,1,0,2,5,68" ten="237,144,388,231" oya="3" hai0="110,66,4,58,116,73,77,82,85,10,113,94,108" hai1="96,92,128,123,130,32,7,38,31,91,19,21,52" hai2="25,61,11,93,74,16,46,57,111,15,51,2,135" hai3="69,33,87,5,107,79,75,121,104,20,129,40,117"/><W72/><G121/><T76/><D116/><U55/><E123/><V24/><F111/><W48/><G117/><T101/><D113/><U45/><E7/><V134/><F2/><W41/><G69/><T12/><D77/><U47/><E31/><V62/><F74/><W90/><G33/><T64/><D64/><U27/><E32/><V98/><F134/><W81/><G5/><T59/><D59/><U109/><E109/><V122/><F135/><W133/><G133/><T3/><D3/><U97/><E97/><V43/><F122/><W39/><G20/><T23/><D23/><U70/><E70/><V89/><F62/><W71/><G71/><T125/><D125/><U17/><E17/><V37/><F37/><W42/><G48/><T100/><D100/><U35/><E35/><V53/><AGARI ba="1,0" hai="11,15,16,24,25,43,46,51,53,57,61,89,93,98" machi="53" ten="20,5200,0" yaku="0,1,7,1,8,1,54,1" doraHai="68" who="2" fromWho="2" sc="237,-14,144,-14,388,55,231,-27" owari="223,2.3,130,-37.0,443,54.3,204,-19.6" /></mjloggm>