<mjloggm ver="2.3"><GO type="225" lobby="0"/><UN n0="%E5%91%A8%E6%9D%B1" n1="%77%72%77%72%77%72%77%72" n2="%E5%B0%8F%E9%B3%A5%E9%81%8A%E7%B7%B4%E7%84%A1%32%31%E6%AD%B3" n3="%E3%83%96%E3%83%83%E3%83%91%E3%82%AA%E3%83%96%E3%83%81%E3%82%AD%E3%83%B3" dan="16,17,16,16" rate="2169.25,2126.31,2167.43,2131.10" sx="M,M,F,M"/><TAIKYOKU oya="0"/><INIT seed="0,0,0,5,3,65" ten="250,250,250,250" oya="0" hai0="91,3,79,109,31,39,12,132,101,16,90,75,117" hai1="107,55,52,51,125,17,15,64,29,113,80,120,62" hai2="47,131,7,84,49,87,78,123,60,11,114,92,118" hai3="8,50,129,71,27,121,135,25,102,4,111,46,82"/><T73/><D3/><U70/><E120/><V10/><F114/><W59/><G121/><T44/><D117/><U5/><E113/><V41/><F123/><W0/><G71/><T57/><D132/><U128/><E107/><V66/><F131/><W93/><G135/><T88/><D31/><U86/><E128/><V119/><F87/><W13/><G129/><T61/><D101/><U28/><E5/><V127/><F11/><W38/><G111/><T23/><D109/><U115/><E125/><V130/><F127/><W1/><G38/><T76/><D39/><U85/><E85/><V106/><F106/><W40/><G59/><T45/><D75/><U96/><E96/><V32/><F32/><W34/><G34/><T97/><D97/><U133/><E55/><V19/><F19/><W6/><G6/><T98/><D98/><U54/><E54/><V116/><F130/><W110/><G110/><T100/><D100/><U30/><E115/><V53/><F53/><W95/><G102/><T112/><D112/><U81/><E86/><V126/><F126/><W22/><G82/><T48/><D73/><U99/><E99/><V67/><F92/><N who="3" m="35403" /><G27/><T72/><D72/><U42/><E42/><V103/><F103/><W122/><G122/><T124/><D124/><U20/><REACH who="1" step="1"/><E133/><REACH who="1" ten="250,240,250,250" step="2"/><V9/><F7/><W94/><G94/><T37/><D37/><U24/><E24/><V58/><REACH who="2" step="1"/><F67/><REACH who="2" ten="250,240,240,250" step="2"/><W56/><G4/><T77/><D48/><U68/><E68/><V108/><F108/><W2/><G50/><T18/><D18/><U74/><E74/><V14/><F14/><RYUUKYOKU ba="0,2" sc="250,10,240,10,240,10,250,-30" hai0="12,16,23,44,45,57,61,76,77,79,88,90,91" hai1="15,17,20,28,29,30,51,52,62,64,70,80,81" hai2="9,10,41,47,49,58,60,66,78,84,116,118,119" /><INIT seed="0,1,2,1,0,49" ten="260,250,250,220" oya="0" hai0="37,110,100,76,97,33,44,4,53,67,36,130,18" hai1="25,95,70,64,98,29,128,125,134,106,121,17,57" hai2="12,131,10,31,45,14,3,38,71,119,74,82,47" hai3="90,11,112,78,7,43,2,91,126,92,22,127,129"/><T103/><D33/><U109/><E121/><V123/><F123/><W107/><G112/><T104/><D103/><U117/><E117/><V87/><F71/><W83/><G107/><T68/><D4/><U118/><E118/><V27/><F119/><W24/><G129/><T66/><D130/><U30/><E128/><V1/><F74/><W88/><G43/><T59/><D76/><U132/><E70/><V99/><F99/><W26/><G92/><T58/><D58/><U20/><E106/><V79/><F12/><W124/><REACH who="3" step="1"/><G22/><REACH who="3" ten="260,250,250,210" step="2"/><T133/><D104/><U39/><E109/><V80/><F131/><W102/><G102/><T89/><D100/><N who="1" m="60511" /><E39/><V60/><F38/><W56/><G56/><T48/><D110/><U122/><E122/><V111/><F111/><W63/><G63/><T46/><D37/><U23/><E23/><V101/><F60/><W55/><G55/><T6/><D36/><U85/><E125/><V93/><F101/><W40/><G40/><T96/><D68/><U113/><E113/><V9/><F93/><W69/><G69/><T120/><D120/><U81/><E57/><V72/><F47/><W52/><G52/><T62/><D46/><U84/><E64/><V51/><F45/><W75/><AGARI ba="1,3" hai="2,7,11,24,26,75,78,83,88,90,91,124,126,127" machi="75" ten="40,8000,1" yaku="1,1,0,1,18,1,54,1,53,1" doraHai="49" doraHaiUra="34" who="3" fromWho="3" sc="260,-41,250,-21,250,-21,210,113" /><INIT seed="1,0,0,3,3,53" ten="219,229,229,323" oya="1" hai0="13,133,72,21,24,74,83,36,47,69,66,5,43" hai1="132,67,38,127,134,95,28,60,102,11,93,17,125" hai2="56,40,42,51,19,14,61,44,88,48,113,104,107" hai3="18,89,8,39,76,41,15,3,105,10,90,118,110"/><U129/><E38/><V92/><F113/><W49/><G105/><T45/><D133/><N who="1" m="51307" /><E28/><V109/><F109/><W84/><G39/><T120/><D120/><U23/><E11/><N who="3" m="4138" /><G3/><T131/><D131/><U70/><E129/><V59/><F61/><W130/><G118/><T2/><D2/><U87/><E102/><V135/><F135/><W91/><G110/><T119/><D119/><U123/><E123/><V58/><F107/><W78/><G130/><T54/><D5/><U75/><E75/><V116/><F104/><W117/><G117/><T6/><D6/><U85/><E93/><V126/><F126/><N who="1" m="48137" /><E95/><V16/><F116/><W128/><G128/><T114/><D74/><U111/><E111/><V50/><F14/><AGARI ba="0,0" hai="14,17,23,60,67,70,85,87" m="48137,51307" machi="14" ten="30,2900,0" yaku="20,1,18,1" doraHai="53" who="1" fromWho="2" sc="219,0,229,29,229,-29,323,0" /><INIT seed="1,1,0,0,3,114" ten="219,258,200,323" oya="1" hai0="20,88,17,41,1,3,89,106,111,61,60,64,105" hai1="55,11,95,101,130,103,108,18,125,50,82,28,2" hai2="77,6,118,133,94,74,96,31,25,30,99,122,10" hai3="21,129,79,73,34,83,100,126,48,54,68,124,98"/><U37/><E37/><V57/><F122/><W43/><G34/><T16/><D20/><U120/><E120/><V32/><F31/><W58/><G129/><T14/><D14/><U86/><E130/><V13/><F133/><W5/><G68/><T71/><D71/><U49/><E125/><N who="3" m="48234" /><G5/><T72/><D41/><U116/><E116/><V15/><F15/><W53/><G21/><T113/><D72/><U8/><E108/><V56/><F99/><W93/><G58/><T135/><D64/><U102/><E2/><V4/><F4/><W78/><G78/><T110/><REACH who="0" step="1"/><D135/><REACH who="0" ten="209,258,200,323" step="2"/><U127/><E127/><V62/><F74/><W22/><G22/><T75/><D75/><U29/><E28/><V104/><F13/><W52/><G54/><T80/><D80/><U51/><E29/><V128/><F30/><W67/><G67/><T85/><D85/><U109/><E55/><V38/><F32/><W92/><G92/><T70/><D70/><U24/><E95/><V12/><F94/><W121/><G121/><T107/><D107/><U26/><E8/><V81/><F10/><W0/><G0/><T35/><D35/><U69/><E69/><V7/><F104/><W39/><G39/><T46/><D46/><AGARI ba="1,1" hai="43,46,48,52,53,73,79,83,93,98,100" m="48234" machi="46" ten="30,2000,0" yaku="18,1,54,1" doraHai="114" who="3" fromWho="0" sc="209,-23,258,0,200,0,323,33" /><INIT seed="2,0,0,5,2,77" ten="186,258,200,356" oya="2" hai0="36,17,56,14,78,91,18,55,42,11,125,59,72" hai1="21,88,3,80,40,75,24,43,5,53,120,52,15" hai2="9,106,37,26,22,132,121,64,68,129,110,48,135" hai3="44,73,90,62,61,71,20,13,28,116,41,27,25"/><V29/><F121/><W108/><G116/><T60/><D125/><U89/><E3/><V1/><F37/><W98/><G73/><T86/><D36/><U70/><E70/><V34/><F106/><W45/><G108/><T109/><D109/><U66/><E66/><V6/><F110/><W124/><G124/><T107/><D107/><U32/><E32/><V57/><F68/><W10/><G71/><T134/><D134/><N who="2" m="51242" /><F129/><W119/><G27/><T23/><D42/><N who="1" m="15915" /><E75/><V2/><F48/><N who="3" m="26639" /><G45/><T46/><D46/><U111/><E120/><V115/><F115/><W84/><G98/><T112/><D112/><U95/><E111/><V94/><F94/><N who="3" m="54599" /><G119/><T128/><D128/><U0/><E0/><N who="2" m="199" /><F64/><W47/><G47/><T31/><D72/><U100/><E100/><V102/><F102/><W126/><G126/><T38/><D38/><U96/><E15/><V122/><F122/><W74/><G74/><T58/><D31/><N who="1" m="17807" /><E5/><AGARI ba="0,0" hai="5,10,13,20,25,28,61,62" m="54599,26639" machi="5" ten="30,1000,0" yaku="8,1" doraHai="77" who="3" fromWho="1" sc="186,0,258,-10,200,0,356,10" /><INIT seed="3,0,0,4,1,62" ten="186,248,200,366" oya="3" hai0="86,131,61,121,33,134,10,11,111,65,0,31,42" hai1="118,18,59,125,97,120,116,39,106,23,49,124,32" hai2="19,72,36,27,7,99,80,29,110,8,130,75,13" hai3="4,38,70,104,1,66,21,50,126,77,132,88,58"/><W16/><G104/><T108/><D121/><U112/><E120/><V35/><F110/><N who="0" m="42026" /><D134/><U84/><E112/><V95/><F130/><W123/><G126/><N who="1" m="48746" /><E39/><V46/><F80/><W12/><G123/><T43/><D131/><U85/><E32/><V103/><F36/><W82/><G132/><T98/><D98/><U102/><E49/><V69/><F69/><W127/><G127/><T48/><D48/><U47/><E59/><V67/><F46/><W9/><G38/><T81/><D31/><U30/><E30/><V25/><F67/><W14/><G70/><N who="0" m="42287" /><D33/><U133/><E47/><V51/><F51/><W87/><G1/><T34/><D34/><U78/><E133/><V96/><F96/><W92/><G50/><T22/><D22/><U109/><E109/><V15/><F27/><W135/><G135/><T17/><D17/><U44/><E44/><V76/><F76/><W5/><G5/><N who="0" m="1319" /><D11/><AGARI ba="0,0" hai="7,8,11,13,15,19,25,29,35,72,75,95,99,103" machi="11" ten="30,1000,0" yaku="7,1" doraHai="62" who="2" fromWho="0" sc="186,-10,248,0,200,10,366,0" owari="176,-32.4,248,4.8,210,-19.0,366,46.6" /></mjloggm>