<mjloggm ver="2.3"><GO type="169" lobby="0"/><UN n0="%E5%A4%A9%E7%A9%BA%E3%81%AE%E6%8A%80" n1="%E5%A4%A7%E4%BB%81%E7%94%B0%E8%96%84" n2="%6D%6F%75%77" n3="%E6%84%9A%E5%85%84%E3%81%8C%E6%84%9A%E5%BD%A2" dan="16,17,16,18" rate="2139.04,2198.59,2121.04,2221.53" sx="M,M,M,M"/><TAIKYOKU oya="0"/><INIT seed="0,0,0,4,3,133" ten="250,250,250,250" oya="0" hai0="123,32,91,22,8,111,50,89,10,26,107,53,30" hai1="92,56,86,24,46,36,21,43,131,75,16,126,29" hai2="3,27,105,35,117,39,81,127,12,19,87,96,71" hai3="49,74,112,5,99,134,14,103,101,100,17,102,11"/><T113/><D113/><U124/><E75/><V109/><F39/><W114/><G134/><T1/><D107/><U72/><E72/><V98/><F3/><W84/><G74/><T54/><D123/><U41/><E41/><V67/><F109/><W130/><G130/><T2/><D32/><U44/><E44/><V45/><F45/><W42/><G84/><T129/><D129/><U59/><E131/><V76/><F67/><W97/><G42/><T61/><D111/><U95/><E95/><V60/><F60/><W125/><G49/><T57/><D2/><U20/><E92/><V85/><F71/><W94/><G125/><N who="1" m="48234" /><E86/><V116/><F96/><W128/><G128/><T115/><D115/><U121/><E121/><V25/><F98/><W55/><G99/><T52/><D1/><U80/><E80/><V9/><F87/><W122/><G122/><T51/><D51/><U34/><E34/><V0/><F35/><W93/><G93/><T63/><D63/><U118/><E118/><V6/><F105/><W77/><G112/><T40/><D40/><U108/><E108/><V104/><F104/><W7/><G114/><T33/><D33/><U38/><E36/><V73/><F73/><W18/><G103/><T90/><D50/><U68/><E68/><V110/><F110/><W82/><G102/><T88/><N who="0" m="22528" /><DORA hai="62" /><T37/><D37/><U48/><E38/><V69/><F69/><W120/><G120/><T65/><AGARI ba="0,0" hai="8,10,22,26,30,52,53,54,57,61,65" m="22528" machi="65" ten="50,12000,1" yaku="0,1,8,1,52,1,54,2" doraHai="133,62" who="0" fromWho="0" sc="250,120,250,-40,250,-40,250,-40" /><INIT seed="0,1,0,3,5,8" ten="370,210,210,210" oya="0" hai0="30,129,70,49,13,54,23,133,84,112,103,135,27" hai1="97,83,104,108,59,134,98,127,117,56,128,124,95" hai2="25,21,50,45,0,36,19,32,131,81,113,73,24" hai3="5,4,125,9,2,111,94,14,52,75,69,26,44"/><T40/><D112/><U42/><E42/><V63/><F0/><W72/><G69/><T87/><D70/><U29/><E29/><V18/><F36/><W132/><G111/><T17/><D103/><N who="1" m="62575" /><E117/><V91/><F131/><W58/><G132/><N who="0" m="50763" /><D40/><U46/><E46/><V39/><F39/><W28/><G44/><N who="0" m="27943" /><D129/><U107/><E134/><V76/><F91/><W118/><G125/><N who="1" m="48202" /><E107/><V53/><F113/><W116/><G94/><T74/><D74/><U15/><E108/><V89/><F32/><AGARI ba="1,0" hai="13,17,23,27,30,32,84,87" m="27943,50763" machi="32" ten="30,2900,0" yaku="20,1,52,1" doraHai="8" who="0" fromWho="2" sc="370,32,210,0,210,-32,210,0" /><INIT seed="0,2,0,1,4,135" ten="402,210,178,210" oya="0" hai0="97,88,37,45,57,60,21,70,7,53,131,134,111" hai1="38,104,3,64,73,9,5,61,99,126,36,86,13" hai2="132,17,130,43,122,12,127,95,1,41,112,30,100" hai3="8,101,2,133,32,77,19,48,42,62,117,120,24"/><T80/><D134/><U123/><E123/><V109/><F1/><W58/><G133/><T98/><D131/><U85/><E73/><V10/><F112/><W78/><G120/><T56/><D70/><U72/><E72/><V75/><F75/><W84/><G101/><T27/><D7/><U114/><E114/><V4/><F122/><W67/><G117/><T87/><D111/><U20/><E86/><V91/><F30/><W35/><G2/><T81/><D81/><U52/><E85/><V119/><F100/><W128/><G128/><T15/><D15/><U89/><E64/><V96/><F109/><W79/><G8/><T25/><D37/><U49/><E61/><V46/><F119/><W50/><G42/><T31/><D45/><U76/><E76/><V22/><F130/><W39/><G39/><T18/><REACH who="0" step="1"/><D56/><REACH who="0" ten="392,210,178,210" step="2"/><U93/><E38/><V44/><F44/><W129/><G129/><T40/><D40/><U11/><E36/><V59/><F46/><W74/><G58/><T28/><D28/><U106/><E3/><V0/><F132/><W94/><G74/><T124/><D124/><U14/><E126/><V51/><F127/><W66/><G77/><T16/><D16/><U55/><E13/><N who="2" m="9519" /><F0/><W121/><G121/><T107/><D107/><U33/><E106/><V6/><F6/><W69/><G69/><T110/><D110/><U68/><E68/><V92/><F92/><W125/><G94/><T71/><D71/><U23/><E104/><V83/><F83/><W82/><G82/><T103/><D103/><U105/><E105/><V118/><F118/><RYUUKYOKU ba="2,1" sc="392,15,210,-15,178,15,210,-15" hai0="18,21,25,27,31,53,57,60,80,87,88,97,98" hai2="4,10,12,41,43,51,59,91,95,96" /><INIT seed="0,3,1,5,3,24" ten="407,195,193,195" oya="0" hai0="116,74,49,32,8,77,62,5,128,11,135,115,102" hai1="30,84,45,38,57,28,21,54,83,123,60,51,130" hai2="7,76,124,72,75,0,93,37,40,64,31,69,132" hai3="89,70,103,23,27,85,97,15,66,68,43,101,134"/><T106/><D116/><U6/><E123/><V26/><F93/><W108/><G108/><T119/><D115/><U112/><E112/><V55/><F55/><W67/><G134/><T90/><D135/><U110/><E110/><V79/><F79/><W33/><G43/><T63/><D11/><U25/><E130/><V71/><F124/><W13/><G33/><T81/><D128/><U94/><E94/><V120/><F120/><W86/><G70/><T100/><D32/><U56/><E6/><V58/><F58/><W34/><G34/><T99/><D102/><U18/><E38/><V126/><F64/><W20/><G68/><T105/><D106/><U16/><E18/><V88/><F75/><W42/><G42/><T12/><D119/><U131/><E57/><V91/><F71/><W98/><G27/><T1/><D1/><U48/><E48/><V44/><F69/><W111/><G111/><T121/><D121/><U133/><E133/><V127/><F132/><W9/><G9/><T22/><D22/><U59/><E59/><V53/><F53/><W47/><G89/><N who="2" m="34377" /><F7/><W14/><G14/><T61/><D90/><N who="1" m="51487" /><E131/><V17/><F17/><W95/><REACH who="3" step="1"/><G95/><REACH who="3" ten="407,195,193,185" step="2"/><T52/><D63/><U87/><E87/><V78/><F0/><W80/><G80/><T125/><D125/><N who="2" m="47626" /><F72/><W129/><G129/><T41/><D41/><AGARI ba="3,2" hai="16,21,25,28,30,41,45,51,54,56,60" m="51487" machi="41" ten="30,7700,0" yaku="8,1,52,2,54,1" doraHai="24" who="1" fromWho="0" sc="407,-86,195,106,193,0,185,0" /><INIT seed="1,0,0,5,2,19" ten="321,301,193,185" oya="1" hai0="108,56,16,124,87,30,94,53,86,62,10,125,4" hai1="25,83,59,128,52,45,6,38,131,71,68,123,85" hai2="2,12,73,105,74,134,14,54,109,95,88,48,82" hai3="57,100,32,26,107,64,76,43,61,89,75,22,111"/><U63/><E123/><V101/><F2/><W91/><G111/><T79/><D108/><U1/><E1/><V39/><F39/><W35/><G43/><T20/><D30/><U0/><E6/><V46/><F134/><W118/><G118/><T58/><D58/><U135/><E0/><V72/><F82/><W97/><G75/><T98/><D79/><U27/><E135/><V81/><F81/><W77/><G77/><T55/><D53/><U110/><E110/><V40/><F109/><W114/><G76/><T113/><D113/><U7/><E7/><V13/><F101/><W50/><G50/><T51/><D51/><U130/><E45/><V102/><F102/><W99/><G114/><T132/><D132/><U65/><E38/><V44/><F105/><W18/><REACH who="3" step="1"/><G97/><REACH who="3" ten="321,301,193,175" step="2"/><T129/><D124/><U106/><E106/><V8/><F40/><W47/><G47/><T96/><D96/><U127/><E127/><V11/><REACH who="2" step="1"/><F46/><REACH who="2" ten="321,301,183,175" step="2"/><W70/><G70/><T41/><D41/><U121/><E71/><V17/><F17/><W37/><G37/><T112/><D112/><U117/><E117/><V116/><F116/><W21/><G21/><T42/><D42/><U23/><E23/><V3/><F3/><W93/><G93/><T24/><D125/><U84/><E83/><V103/><F103/><W9/><G9/><T69/><D69/><U34/><E34/><AGARI ba="0,2" hai="18,22,26,32,34,35,57,61,64,89,91,99,100,107" machi="34" ten="40,2600,0" yaku="1,1,52,1,53,0" doraHai="19" doraHaiUra="5" who="3" fromWho="1" sc="321,0,301,-26,183,0,175,46" /><INIT seed="2,0,0,2,5,18" ten="321,275,183,221" oya="2" hai0="3,89,83,75,80,30,94,102,49,43,68,109,9" hai1="62,1,14,111,131,13,92,39,79,104,59,105,120" hai2="63,15,2,103,21,73,85,82,74,77,91,53,29" hai3="23,84,134,86,31,33,36,90,95,96,17,19,44"/><V70/><F2/><W58/><G134/><T132/><D68/><U25/><E1/><V119/><F119/><W37/><G37/><T78/><D109/><U38/><E111/><V55/><F103/><W125/><G125/><T121/><D102/><U57/><E25/><V127/><F127/><W112/><G112/><T56/><D132/><U135/><E92/><V5/><F73/><W64/><G36/><T115/><D83/><U97/><E97/><V114/><F114/><W113/><G44/><T116/><D121/><U117/><E62/><V126/><F126/><W47/><G47/><T69/><D69/><U123/><E79/><V110/><F110/><W93/><G33/><T51/><D43/><U122/><E135/><V65/><F5/><W12/><G84/><T76/><D76/><U35/><E35/><V71/><F71/><W128/><G128/><T50/><D116/><U99/><E99/><V54/><F15/><W129/><G113/><T10/><D3/><U88/><E122/><V100/><F100/><N who="3" m="60447" /><G12/><T8/><D115/><U108/><E108/><V24/><REACH who="2" step="1"/><F55/><REACH who="2" ten="321,275,173,221" step="2"/><W124/><G124/><T107/><D75/><U81/><E117/><V16/><F16/><W40/><G17/><T98/><D30/><U34/><E131/><V41/><F41/><W26/><G129/><T60/><D107/><U0/><E0/><V7/><F7/><W46/><G31/><T118/><D118/><U28/><E28/><V4/><F4/><W42/><G42/><T130/><D130/><U27/><E123/><V67/><F67/><W133/><G40/><T32/><D32/><RYUUKYOKU ba="0,1" sc="321,-10,275,-10,173,30,221,-10" hai2="21,24,29,53,54,63,65,70,74,77,82,85,91" /><INIT seed="2,1,1,2,5,120" ten="311,265,203,211" oya="2" hai0="105,119,112,55,134,130,54,48,81,111,128,3,126" hai1="72,92,34,96,116,60,62,0,107,12,23,39,11" hai2="98,61,86,2,24,106,29,31,103,9,66,49,5" hai3="125,45,22,10,6,58,93,4,14,99,84,17,1"/><V118/><F118/><W123/><G125/><T19/><D105/><U56/><E34/><V21/><F49/><W109/><G123/><T117/><D3/><U7/><E107/><V135/><F135/><W91/><G45/><T36/><D81/><U53/><E116/><N who="0" m="44617" /><D19/><U67/><E72/><V26/><F86/><W113/><G113/><T63/><D112/><U25/><E39/><V42/><F42/><W47/><G47/><T82/><D82/><U65/><E62/><V40/><F40/><W83/><G4/><T90/><D90/><N who="1" m="55319" /><E0/><V133/><F133/><W38/><G38/><T101/><D101/><U76/><E76/><V46/><F46/><W124/><G124/><T28/><D28/><AGARI ba="1,1" hai="7,11,12,23,25,28,53,56,60,65,67" m="55319" machi="28" ten="30,1000,0" yaku="8,1" doraHai="120" who="1" fromWho="0" sc="311,-13,265,23,203,0,211,0" /><INIT seed="3,0,0,2,3,58" ten="298,288,203,211" oya="3" hai0="77,81,26,3,89,51,9,50,28,114,44,102,87" hai1="47,29,105,12,13,118,76,66,6,17,63,91,7" hai2="19,30,45,133,82,111,122,35,60,96,4,132,99" hai3="109,65,98,86,104,123,34,68,33,25,20,75,57"/><W11/><G123/><T100/><D114/><U112/><E112/><V69/><F4/><W88/><G75/><T27/><D3/><U42/><E105/><V79/><F111/><W127/><G127/><T83/><D9/><U2/><E29/><V0/><F0/><W5/><G68/><T115/><D51/><U22/><E118/><V103/><F19/><W52/><G65/><T23/><D27/><U48/><E76/><V1/><F45/><W16/><G109/><T73/><REACH who="0" step="1"/><D115/><REACH who="0" ten="288,288,203,211" step="2"/><U15/><E2/><V67/><F1/><W56/><G11/><T129/><D129/><U43/><E43/><AGARI ba="0,1" hai="23,26,28,43,44,50,73,77,81,83,87,89,100,102" machi="43" ten="30,2000,0" yaku="1,1,7,1,53,0" doraHai="58" doraHaiUra="93" who="0" fromWho="1" sc="288,30,288,-20,203,0,211,0" /><INIT seed="4,0,0,4,0,133" ten="318,268,203,211" oya="0" hai0="70,109,120,28,40,79,17,15,91,76,97,92,115" hai1="54,36,8,117,23,6,61,30,77,49,106,96,35" hai2="111,19,124,98,86,116,41,80,99,102,113,68,114" hai3="29,13,127,132,52,27,7,84,9,43,22,135,112"/><T55/><D70/><U123/><E36/><V44/><F68/><W110/><G110/><T11/><D120/><U129/><E35/><V14/><F111/><W24/><G43/><T47/><D109/><U131/><E61/><V51/><F116/><W94/><G112/><N who="2" m="43113" /><F102/><W18/><G84/><T16/><D28/><U1/><E123/><V64/><F64/><W130/><G94/><T26/><D55/><U10/><E77/><N who="2" m="46351" /><F124/><W65/><G65/><T33/><D33/><U31/><E8/><AGARI ba="0,0" hai="8,14,19,41,44,51,98,99" m="46351,43113" machi="8" ten="30,1000,0" yaku="15,1" doraHai="133" who="2" fromWho="1" sc="318,0,268,-10,203,10,211,0" /><INIT seed="5,0,0,4,3,81" ten="318,258,213,211" oya="1" hai0="37,9,121,7,108,131,130,58,111,61,21,64,25" hai1="103,24,132,122,53,92,22,105,124,66,85,91,72" hai2="0,29,97,90,106,78,47,59,33,11,69,89,126" hai3="40,57,68,10,120,63,15,114,49,51,23,13,84"/><U1/><E1/><V99/><F69/><W44/><G120/><T54/><D37/><U46/><E122/><V115/><F33/><W36/><G114/><T75/><D75/><U102/><E124/><V50/><F29/><W35/><G35/><T125/><D125/><U6/><E6/><V16/><F126/><W96/><G96/><T116/><D116/><U2/><E2/><V104/><F78/><W39/><G68/><T27/><D27/><U77/><E132/><V20/><F106/><W117/><G117/><T28/><D64/><U26/><E66/><V107/><F107/><W123/><G123/><T71/><D71/><U134/><E134/><V79/><F79/><W113/><G39/><T74/><D74/><U65/><E65/><V4/><F59/><W5/><G113/><T18/><D28/><U94/><E26/><V45/><F45/><W12/><G84/><T110/><REACH who="0" step="1"/><D121/><REACH who="0" ten="308,258,213,211" step="2"/><U42/><E72/><V73/><F73/><W31/><G31/><T41/><D41/><U95/><E42/><V48/><F115/><W87/><G36/><T19/><D19/><U67/><E67/><V88/><F104/><W34/><G40/><T86/><D86/><U30/><E105/><V52/><REACH who="2" step="1"/><F48/><REACH who="2" ten="308,258,203,211" step="2"/><W14/><G51/><T56/><D56/><U32/><E32/><V109/><F109/><W55/><G57/><T129/><D129/><U3/><E30/><V38/><F38/><W101/><G49/><T60/><D60/><U112/><E112/><V76/><F76/><W17/><N who="3" m="3072" /><DORA hai="119" /><W62/><G63/><T82/><D82/><U43/><E77/><RYUUKYOKU ba="0,2" sc="308,15,258,-15,203,15,211,-15" hai0="7,9,18,21,25,54,58,61,108,110,111,130,131" hai2="0,4,11,16,20,47,50,52,88,89,90,97,99" /><INIT seed="6,1,2,0,3,67" ten="323,243,218,196" oya="2" hai0="0,4,78,69,74,62,131,92,13,130,105,53,23" hai1="15,60,135,119,59,111,101,115,71,45,46,121,99" hai2="40,91,56,68,63,58,8,21,70,97,106,29,83" hai3="17,117,109,134,48,9,102,95,16,86,22,64,35"/><V107/><F40/><W124/><G109/><T79/><D105/><U120/><E111/><V80/><F107/><W76/><G117/><T44/><D0/><U90/><E119/><V25/><F58/><W100/><G35/><T38/><D38/><U65/><E115/><V11/><F83/><W75/><G75/><T2/><D2/><U82/><E135/><V112/><F112/><W18/><G134/><T24/><D92/><U125/><E125/><V6/><F80/><N who="3" m="47367" /><G64/><N who="0" m="41111" /><D53/><U1/><E1/><V123/><F123/><N who="1" m="47177" /><E15/><V14/><F11/><W3/><G3/><T52/><D13/><U31/><E31/><V77/><F77/><W98/><G124/><T26/><D26/><U132/><E132/><V51/><F51/><W27/><G9/><T87/><D4/><U36/><E36/><V129/><F129/><N who="0" m="49162" /><D74/><U54/><E90/><V113/><F113/><W55/><G100/><T85/><D79/><U108/><E82/><V33/><F33/><W5/><G5/><T110/><D78/><U127/><E127/><V104/><F106/><W81/><G81/><T118/><D118/><U94/><E108/><V28/><F104/><W72/><G72/><T122/><D110/><U42/><E42/><V43/><F43/><W30/><G30/><N who="0" m="17695" /><D122/><U20/><E20/><V73/><F29/><W114/><G114/><T10/><D10/><U32/><E32/><V89/><F73/><W49/><G49/><AGARI ba="1,2" hai="44,49,52,85,87" m="17695,49162,41111" machi="49" ten="30,3900,0" yaku="19,1,52,1,54,1" doraHai="67" who="0" fromWho="3" sc="323,62,243,0,218,0,196,-42" /><AGARI ba="1,0" hai="45,46,49,54,59,60,65,71,94,99,101" m="47177" machi="49" ten="30,2000,0" yaku="13,1,52,1" doraHai="67" who="1" fromWho="3" sc="385,0,243,20,218,0,154,-20" /><INIT seed="7,0,0,4,4,62" ten="385,263,218,134" oya="3" hai0="70,66,103,28,124,80,45,7,23,50,9,40,114" hai1="71,85,13,1,15,105,68,59,69,30,27,90,96" hai2="61,111,78,21,60,97,58,48,16,4,49,119,17" hai3="73,107,5,92,101,42,25,26,104,84,47,94,57"/><W98/><G73/><T129/><D129/><U76/><E1/><V102/><F111/><W126/><G126/><T108/><D108/><U11/><E76/><V43/><F119/><W95/><G5/><T77/><D103/><U118/><E118/><V39/><F39/><W8/><G8/><T3/><D124/><U10/><E59/><V88/><F78/><W34/><G107/><T72/><D114/><U0/><E96/><V12/><F4/><W106/><G106/><T20/><D28/><U54/><E54/><N who="2" m="33879" /><F102/><W55/><G84/><T37/><D50/><U117/><E105/><V36/><F43/><W6/><G6/><T110/><D110/><U65/><E0/><V130/><F36/><W24/><G34/><T67/><D70/><U116/><E116/><V86/><F61/><W41/><REACH who="3" step="1"/><G47/><REACH who="3" ten="385,263,218,124" step="2"/><T81/><D23/><U31/><E117/><V134/><F97/><W91/><G91/><T125/><D125/><U74/><E74/><V122/><F130/><W123/><G123/><T46/><D46/><U82/><E10/><N who="2" m="6167" /><F122/><W132/><G132/><T56/><D20/><U135/><E135/><V133/><F134/><W89/><G89/><T52/><D80/><U115/><E11/><V93/><F133/><W79/><G79/><T33/><D33/><U22/><E22/><V109/><F109/><W44/><G44/><T14/><D3/><U64/><E90/><V29/><F17/><W113/><G113/><T35/><D35/><U120/><E85/><V63/><F86/><W131/><G131/><T83/><D83/><U112/><E120/><V87/><F87/><RYUUKYOKU ba="0,1" sc="385,15,263,-15,218,-15,124,15" hai0="7,9,14,37,40,45,52,56,66,67,72,77,81" hai3="24,25,26,41,42,55,57,92,94,95,98,101,104" /><INIT seed="7,1,1,5,3,41" ten="400,248,203,139" oya="3" hai0="122,121,85,119,64,126,55,74,125,130,104,112,132" hai1="107,0,72,42,75,49,129,27,110,127,21,70,69" hai2="124,50,133,16,58,2,65,93,103,3,53,108,128" hai3="24,88,89,18,43,117,38,37,30,96,63,47,111"/><W46/><G117/><T26/><D74/><U84/><E107/><V34/><F108/><W1/><G1/><T11/><D64/><U78/><E110/><V115/><F34/><W82/><G111/><T61/><D85/><U101/><E101/><V8/><F115/><W17/><G63/><T48/><D61/><U13/><E13/><N who="2" m="7207" /><F65/><W86/><G96/><T79/><D11/><U4/><E4/><V52/><F53/><W97/><G97/><T62/><D55/><U80/><E127/><V102/><F93/><W14/><G89/><T134/><D62/><U98/><E98/><V73/><F73/><W23/><G14/><T28/><D48/><U113/><E113/><V20/><F20/><W10/><G10/><T25/><D104/><U99/><E99/><V33/><F33/><W66/><G66/><T40/><D112/><U59/><E75/><V60/><F60/><W7/><G7/><T9/><D119/><U77/><E72/><V109/><F109/><W5/><G5/><T15/><D15/><U116/><E42/><AGARI ba="1,1" hai="17,18,23,24,30,37,38,42,43,46,47,82,86,88" machi="42" ten="40,12000,1" yaku="9,1,52,2,54,1" doraHai="41" who="3" fromWho="1" sc="400,0,248,-123,203,0,139,133" /><INIT seed="7,2,0,3,4,96" ten="400,125,203,272" oya="3" hai0="45,42,116,52,11,48,118,53,68,92,40,99,80" hai1="43,59,38,124,37,112,16,72,31,41,56,85,22" hai2="39,23,5,46,47,20,57,74,14,117,121,135,1" hai3="83,108,115,100,60,128,0,29,132,51,77,9,90"/><W4/><G115/><T113/><D68/><U55/><E72/><V32/><F39/><W50/><G128/><T87/><D113/><U133/><E112/><V95/><F32/><W126/><G126/><T103/><D116/><U21/><E124/><V89/><F1/><W18/><G132/><T131/><D131/><U30/><E85/><V79/><F23/><W49/><G29/><T129/><D118/><U110/><E55/><V63/><F5/><W69/><G18/><T101/><D101/><U54/><E54/><V71/><F71/><W25/><G25/><T75/><D75/><U33/><E110/><V15/><F15/><W109/><G90/><N who="0" m="51559" /><D11/><U125/><E125/><V82/><F135/><W61/><G100/><T67/><D67/><U73/><E73/><V111/><F111/><N who="3" m="42571" /><G69/><T2/><D2/><U127/><E127/><V26/><F14/><W76/><G83/><T91/><D129/><U65/><E65/><V98/><F121/><W27/><G27/><T86/><D42/><U104/><E104/><V81/><F81/><W44/><G44/><T64/><D64/><U123/><E133/><V58/><F58/><W13/><G0/><T34/><D34/><U35/><REACH who="1" step="1"/><E123/><REACH who="1" ten="400,115,203,272" step="2"/><V70/><F74/><W88/><G76/><T10/><D53/><U8/><E8/><V114/><F79/><W105/><G77/><T28/><D10/><U122/><E122/><V17/><F114/><W78/><G78/><T3/><D86/><U106/><E106/><V7/><F117/><W102/><G9/><T12/><D52/><U130/><E130/><V107/><F107/><RYUUKYOKU ba="2,1" sc="400,-10,115,30,203,-10,272,-10" hai1="16,21,22,30,31,33,35,37,38,41,43,56,59" owari="400,50.0,145,-35.5,193,-20.7,262,6.2" /></mjloggm>