<mjloggm ver="2.3"><GO type="169" lobby="0"/><UN n0="%31%32%33%35%37%38%35" n1="%E3%81%BB%E3%83%BC%E3%82%8A%E3%83%BC" n2="%E3%81%A1%E3%82%83%E3%81%B0%E3%82%8A%E3%83%BC%E3%82%84" n3="%E3%83%9E%E3%82%B9%E3%82%BF%E3%83%BC%E3%83%93%E3%83%BC%E3%83%AB" dan="16,17,16,16" rate="2034.39,2254.27,2099.30,2193.01" sx="M,M,M,M"/><TAIKYOKU oya="0"/><INIT seed="0,0,0,4,5,82" ten="250,250,250,250" oya="0" hai0="57,135,120,75,98,126,104,27,102,4,13,65,1" hai1="54,128,64,29,33,125,110,97,121,86,103,113,132" hai2="122,77,8,16,42,45,95,19,89,88,73,116,23" hai3="66,115,118,85,61,79,3,44,92,94,0,100,63"/><T59/><D120/><U30/><E64/><V109/><F122/><W52/><G115/><T131/><D75/><U84/><E121/><V41/><F109/><W124/><G118/><T7/><D126/><U21/><E33/><V129/><F129/><W99/><G124/><T31/><D135/><U43/><E43/><V60/><F116/><W36/><G36/><T10/><D65/><U28/><E125/><V14/><F73/><W17/><G17/><T130/><D4/><U76/><E76/><V134/><F134/><W101/><G63/><T15/><D15/><U6/><E132/><V78/><F60/><W26/><G26/><T40/><D40/><N who="2" m="15466" /><F45/><W72/><G72/><T111/><D1/><U127/><E127/><V114/><F89/><W108/><G108/><T37/><D37/><U81/><E110/><V49/><F49/><W22/><G44/><T69/><D69/><U123/><E123/><V62/><F62/><W46/><G46/><T58/><REACH who="0" step="1"/><D111/><REACH who="0" ten="240,250,250,250" step="2"/><U68/><E68/><V119/><F119/><W48/><G3/><T112/><D112/><U87/><E6/><V107/><F114/><W67/><G0/><T51/><D51/><U106/><E113/><V32/><F107/><W18/><G48/><T133/><D133/><U83/><E128/><V53/><F53/><W71/><G52/><T55/><D55/><U2/><E2/><V105/><F105/><W80/><G67/><T93/><D93/><U5/><E5/><V70/><F70/><W90/><G94/><T35/><AGARI ba="0,1" hai="7,10,13,27,31,35,57,58,59,98,102,104,130,131" machi="35" ten="30,3000,0" yaku="1,1,0,1,53,0" doraHai="82" doraHaiUra="47" who="0" fromWho="0" sc="240,40,250,-10,250,-10,250,-10" /><INIT seed="0,1,0,5,4,134" ten="280,240,240,240" oya="0" hai0="7,5,76,85,105,95,6,80,117,67,14,110,51" hai1="94,34,130,112,26,73,129,18,79,52,77,102,61" hai2="48,103,2,37,122,9,50,118,69,42,72,54,123" hai3="131,96,0,70,33,108,38,78,120,63,135,36,1"/><T25/><D117/><U115/><E102/><V71/><F103/><W92/><G33/><T20/><D105/><U12/><E94/><V74/><F9/><W32/><G32/><T91/><D110/><U64/><E73/><V88/><F2/><W84/><G38/><T82/><D67/><U128/><E26/><V19/><F19/><W56/><G36/><T87/><D51/><U39/><E34/><V90/><F37/><W46/><G70/><T116/><D116/><U57/><E39/><V101/><F101/><W13/><G135/><T104/><D104/><U86/><E64/><V40/><REACH who="2" step="1"/><F54/><REACH who="2" ten="280,240,230,240" step="2"/><W126/><G1/><T62/><D14/><U124/><E18/><V125/><F125/><W97/><G126/><T31/><REACH who="0" step="1"/><D62/><REACH who="0" ten="270,240,230,240" step="2"/><U81/><E12/><V29/><F29/><W41/><G13/><T35/><D35/><U109/><E109/><V3/><F3/><W53/><G0/><T111/><D111/><U45/><E124/><V114/><F114/><W99/><G108/><T11/><D11/><U30/><E30/><V68/><F68/><W100/><G63/><T133/><D133/><U119/><E119/><AGARI ba="1,2" hai="40,42,48,50,69,71,72,74,88,90,118,119,122,123" machi="119" ten="25,6400,0" yaku="1,1,22,2,54,1,53,0" doraHai="134" doraHaiUra="83" who="2" fromWho="1" sc="270,0,240,-67,230,87,240,0" /><INIT seed="1,0,0,5,4,111" ten="270,173,317,240" oya="1" hai0="95,125,49,31,103,12,21,24,37,90,68,11,127" hai1="9,40,4,100,43,107,36,39,17,55,60,80,10" hai2="35,123,105,5,26,92,59,58,94,85,118,41,126" hai3="22,71,120,83,52,63,75,56,72,78,13,51,7"/><U54/><E80/><V38/><F118/><W48/><G120/><T34/><D37/><U8/><E4/><V66/><F105/><W121/><G121/><T102/><D68/><U42/><E17/><V133/><F123/><W2/><G2/><T33/><D49/><U113/><E60/><V135/><F5/><W109/><G109/><T19/><D102/><U110/><E110/><V73/><F73/><W99/><G99/><T112/><D103/><U3/><E100/><V98/><F126/><N who="0" m="48138" /><D112/><U131/><E3/><V130/><F130/><W101/><G101/><T108/><D108/><U82/><E82/><V57/><F66/><W74/><G71/><T50/><D50/><U117/><E117/><V91/><F41/><W124/><G124/><T134/><D134/><U53/><E131/><V28/><F38/><N who="1" m="14377" /><E113/><V30/><F30/><W97/><G97/><AGARI ba="0,0" hai="11,12,19,21,24,31,33,34,90,95,97" m="48138" machi="97" ten="30,1000,0" yaku="18,1" doraHai="111" who="0" fromWho="3" sc="270,10,173,0,317,0,240,-10" /><INIT seed="2,0,0,2,5,60" ten="280,173,317,230" oya="2" hai0="32,45,47,64,61,21,103,91,106,80,48,12,88" hai1="114,10,51,69,23,121,40,11,132,107,50,130,78" hai2="90,73,65,52,1,126,16,133,135,14,30,15,35" hai3="101,55,102,89,117,0,17,2,42,122,62,134,46"/><V43/><F73/><W4/><G117/><T41/><D32/><U109/><E78/><V9/><F43/><W79/><G122/><T20/><D106/><U87/><E87/><V18/><F90/><W38/><G134/><N who="2" m="51209" /><F52/><W111/><G111/><T119/><D103/><U29/><E132/><V54/><F54/><W95/><G4/><T100/><D100/><U85/><E85/><V131/><F65/><W77/><G101/><T6/><D45/><U63/><E40/><V56/><F56/><W7/><G102/><T120/><D120/><U124/><E121/><V112/><F112/><W97/><G79/><T127/><D127/><U86/><E86/><V93/><F93/><W84/><G77/><T66/><D119/><U75/><E124/><V82/><F82/><W58/><G84/><N who="0" m="50183" /><D91/><U67/><E75/><V125/><F1/><W57/><G57/><N who="0" m="36911" /><D66/><U110/><E114/><V36/><F36/><W68/><G68/><T22/><D6/><U72/><E72/><V83/><F83/><W98/><G7/><T33/><D33/><U71/><E71/><V96/><F96/><W24/><G98/><T27/><D12/><U59/><E69/><V3/><F3/><W116/><G116/><T99/><D99/><U31/><E59/><V128/><F126/><W13/><G13/><T104/><D104/><U108/><E107/><V26/><F125/><W76/><G76/><T19/><AGARI ba="0,0" hai="19,20,21,22,27,41,47,48" m="36911,50183" machi="19" ten="30,4000,0" yaku="8,1,52,1,54,1" doraHai="60" who="0" fromWho="0" sc="280,40,173,-10,317,-20,230,-10" /><INIT seed="3,0,0,3,0,102" ten="320,163,297,220" oya="3" hai0="52,11,125,124,20,7,16,53,85,1,56,101,71" hai1="115,0,72,86,128,49,103,51,119,89,15,131,13" hai2="78,94,6,117,73,9,62,38,100,27,21,29,107" hai3="121,76,97,60,66,79,99,30,110,19,111,90,54"/><W32/><G121/><T10/><D71/><U74/><E103/><V59/><F117/><W64/><G19/><T95/><D11/><U126/><E0/><V113/><F38/><W68/><G66/><T109/><D109/><N who="3" m="41481" /><G54/><T57/><D57/><U3/><E3/><V105/><F113/><W112/><G112/><T4/><D4/><U61/><E61/><V63/><F78/><N who="3" m="29739" /><G90/><N who="0" m="53711" /><D101/><U31/><E115/><V40/><F40/><W48/><G48/><N who="0" m="30727" /><D53/><U83/><E119/><V44/><F44/><W23/><G32/><T47/><D47/><U133/><E51/><V114/><F114/><W36/><G36/><T24/><D24/><AGARI ba="0,0" hai="23,24,30,60,64,68,97,99" m="29739,41481" machi="24" ten="30,2900,0" yaku="14,1,10,1" doraHai="102" who="3" fromWho="0" sc="320,-29,163,0,297,0,220,29" /><INIT seed="3,1,0,2,4,45" ten="291,163,297,249" oya="3" hai0="79,67,52,86,97,94,17,100,126,107,101,73,114" hai1="132,110,122,104,7,9,57,59,77,51,19,60,129" hai2="63,96,23,70,123,44,124,118,32,106,11,66,134" hai3="4,18,133,35,71,21,61,131,8,13,39,74,24"/><W31/><G39/><T50/><D67/><U12/><E104/><V42/><F118/><W27/><G74/><T56/><D126/><U88/><E122/><V99/><F124/><W6/><G71/><T121/><D121/><U128/><E110/><V22/><F134/><W41/><G41/><T64/><D64/><U1/><E77/><V0/><F123/><W54/><G133/><T117/><D117/><U62/><E132/><V76/><F76/><W84/><G131/><N who="1" m="50250" /><E88/><V33/><F0/><W29/><G84/><T102/><D17/><U80/><E80/><V108/><F11/><N who="3" m="4327" /><G61/><N who="1" m="23658" /><E51/><V78/><F108/><W115/><G54/><T83/><D114/><U26/><E26/><V2/><F70/><W53/><G53/><T89/><AGARI ba="1,0" hai="50,52,56,73,79,83,86,89,94,97,100,101,102,107" machi="89" ten="30,8000,1" yaku="0,1,24,2,52,1,54,1" doraHai="45" who="0" fromWho="0" sc="291,83,163,-21,297,-21,249,-41" /><INIT seed="4,0,0,3,1,1" ten="374,142,276,208" oya="0" hai0="135,109,4,89,61,64,120,55,66,50,58,69,130" hai1="46,3,10,128,40,41,18,80,68,32,104,28,124" hai2="132,99,100,26,131,95,134,114,94,14,17,22,27" hai3="38,87,108,5,53,85,121,122,42,11,6,73,52"/><T47/><D120/><N who="3" m="46185" /><G73/><T83/><D135/><N who="2" m="51754" /><F114/><W91/><G108/><T97/><D109/><U8/><E68/><V90/><F131/><W57/><G38/><T67/><D4/><N who="3" m="1641" /><G11/><T30/><D30/><U113/><E128/><V9/><F9/><W2/><G42/><T16/><D130/><U71/><E10/><V110/><F110/><W74/><G74/><T65/><D83/><U54/><E41/><V48/><F48/><N who="3" m="30855" /><G2/><T59/><REACH who="0" step="1"/><D16/><REACH who="0" ten="364,142,276,208" step="2"/><U33/><E18/><V112/><F112/><W37/><G37/><T86/><D86/><AGARI ba="0,1" hai="14,17,22,26,27,86,90,94,95,99,100" m="51754" machi="86" ten="30,1000,0" yaku="20,1" doraHai="1" who="2" fromWho="0" sc="364,-10,142,0,276,20,208,0" /><INIT seed="5,0,0,0,4,104" ten="354,142,296,208" oya="1" hai0="27,113,96,45,0,117,123,66,21,44,135,122,103" hai1="63,121,97,19,62,130,39,72,119,16,78,120,5" hai2="71,20,69,95,115,126,134,23,28,3,36,87,109" hai3="24,68,31,70,32,30,132,50,8,133,58,102,89"/><U76/><E39/><V88/><F109/><W100/><G89/><T77/><D117/><U84/><E119/><V56/><F3/><W46/><G58/><T53/><D0/><U93/><E84/><V112/><F36/><W101/><G8/><T55/><D113/><N who="2" m="43594" /><F126/><W82/><G82/><T15/><D15/><U118/><E118/><V73/><F134/><N who="3" m="51819" /><G31/><T74/><D66/><U79/><E5/><V110/><F110/><W90/><G90/><T128/><D128/><U17/><E130/><V98/><F73/><W116/><G116/><T61/><D61/><U129/><E129/><V7/><F7/><W107/><G107/><T52/><D74/><U108/><E108/><V85/><F56/><W33/><G33/><T25/><D77/><U11/><E11/><V9/><F9/><W41/><AGARI ba="0,0" hai="24,30,32,41,46,50,68,70,100,101,102" m="51819" machi="41" ten="30,1100,0" yaku="20,1" doraHai="104" who="3" fromWho="3" sc="354,-3,142,-5,296,-3,208,11" /><INIT seed="6,0,0,5,0,54" ten="351,137,293,219" oya="2" hai0="130,68,9,4,44,59,114,32,29,79,28,93,103" hai1="88,22,2,33,126,46,78,64,41,3,107,7,50" hai2="113,96,62,21,66,106,55,85,71,15,13,57,123" hai3="134,10,23,122,6,8,70,75,24,87,77,58,89"/><V128/><F123/><W43/><G70/><T16/><D68/><U90/><E33/><V101/><F113/><W91/><G75/><T11/><D114/><U12/><E107/><V1/><F128/><W105/><G105/><T99/><D32/><U81/><E126/><V80/><F1/><W35/><G134/><T121/><D121/><U19/><E64/><V97/><F97/><W115/><G43/><T18/><D79/><U120/><E120/><V133/><F21/><W132/><G132/><T125/><D44/><U131/><E131/><V0/><F0/><W82/><G10/><T48/><D125/><U47/><E47/><V117/><F117/><W109/><G35/><T127/><D127/><U116/><E116/><V110/><F110/><W67/><G109/><T83/><D83/><U31/><E31/><N who="0" m="11849" /><D11/><U73/><REACH who="1" step="1"/><E2/><REACH who="1" ten="351,127,293,219" step="2"/><V51/><REACH who="2" step="1"/><F133/><REACH who="2" ten="351,127,283,219" step="2"/><W56/><G122/><T86/><D130/><U27/><E27/><V76/><AGARI ba="0,2" hai="13,15,51,55,57,62,66,71,76,80,85,96,101,106" machi="76" ten="20,12000,1" yaku="1,1,2,1,0,1,7,1,52,1,53,0" doraHai="54" doraHaiUra="124" who="2" fromWho="2" sc="351,-40,127,-40,283,140,219,-40" /><INIT seed="6,1,0,1,2,22" ten="311,87,423,179" oya="2" hai0="94,49,100,71,43,130,50,112,10,60,99,12,127" hai1="96,87,57,69,1,131,75,101,126,132,91,102,85" hai2="32,63,110,106,67,55,56,119,18,133,121,39,33" hai3="38,4,29,113,21,36,23,122,78,125,76,35,74"/><V5/><F119/><W41/><G4/><T90/><D112/><U114/><E69/><V103/><F121/><W7/><G7/><T86/><D127/><U59/><E1/><V81/><F5/><W17/><G17/><T72/><D72/><U25/><E75/><V45/><F81/><W58/><G58/><T46/><D130/><U52/><E114/><V31/><F31/><W8/><G8/><T105/><D71/><U80/><E126/><V42/><F133/><W116/><G41/><T109/><D60/><U13/><E131/><V53/><F18/><W51/><G51/><T6/><REACH who="0" step="1"/><D109/><REACH who="0" ten="301,87,423,179" step="2"/><U129/><E129/><V16/><F110/><W134/><G74/><T11/><D11/><U123/><E132/><V93/><F63/><W135/><G113/><T92/><D92/><U54/><E123/><V20/><F93/><W14/><G122/><T48/><AGARI ba="1,1" hai="6,10,12,43,46,48,49,50,86,90,94,99,100,105" machi="48" ten="20,12000,2" yaku="1,1,0,1,7,1,53,3" doraHai="22" doraHaiUra="44" who="0" fromWho="0" sc="301,133,87,-31,423,-61,179,-31" /><INIT seed="7,0,0,3,0,129" ten="434,56,362,148" oya="3" hai0="22,7,88,15,66,113,18,27,100,91,68,8,72" hai1="52,73,31,95,109,57,12,34,41,51,133,35,13" hai2="39,104,58,53,16,32,85,78,131,56,89,55,102" hai3="98,5,70,105,9,121,19,1,0,86,54,110,76"/><W64/><G121/><T71/><D72/><U97/><E109/><V90/><F131/><W80/><G70/><T126/><D126/><U130/><E130/><V37/><F32/><W49/><G64/><T75/><D75/><U14/><E73/><V67/><F78/><W10/><G110/><T120/><D120/><U42/><E34/><V96/><F67/><W20/><G98/><T83/><D113/><U4/><E35/><V111/><F111/><W127/><G105/><T125/><D125/><U116/><E116/><V132/><F90/><W38/><G38/><T59/><D100/><U108/><E108/><V21/><F58/><W123/><G123/><T40/><D40/><U81/><E31/><V61/><F55/><W2/><G10/><T17/><D17/><U94/><E133/><V44/><F44/><W122/><G122/><T101/><D101/><U135/><E135/><V103/><F103/><W46/><G127/><T28/><D7/><U93/><E97/><V26/><REACH who="2" step="1"/><F132/><REACH who="2" ten="434,56,352,148" step="2"/><W60/><G60/><N who="0" m="38175" /><D91/><U50/><E4/><V112/><F112/><W118/><G118/><T92/><D71/><U69/><E69/><V48/><F48/><W79/><G79/><T63/><D68/><U23/><E81/><AGARI ba="0,1" hai="16,21,26,37,39,53,56,61,81,85,89,96,102,104" machi="81" ten="30,3900,0" yaku="1,1,7,1,54,1,53,0" doraHai="129" doraHaiUra="124" who="2" fromWho="1" sc="434,0,56,-39,352,49,148,0" owari="434,53.4,17,-48.3,401,20.1,148,-25.2" /></mjloggm>