<mjloggm ver="2.3"><GO type="169" lobby="0"/><UN n0="%E6%9C%88%E5%A4%9C%E3%81%AB%E9%A2%A8" n1="%E9%9B%AA%E3%81%AE%E8%8F%AF" n2="%E3%82%BF%E3%83%9E%E3%83%8D%E3%82%AE" n3="%E3%82%BF%E3%82%A4%E4%BA%BA%EF%BC%A0%E3%83%90%E3%83%B3%E3%82%B3%E3%82%AF" dan="16,16,18,16" rate="2080.82,2123.62,2282.30,2119.72" sx="M,F,M,M"/><TAIKYOKU oya="0"/><INIT seed="0,0,0,5,5,26" ten="250,250,250,250" oya="0" hai0="70,6,38,62,119,20,53,100,64,111,50,90,79" hai1="33,120,28,101,124,72,81,103,80,122,102,128,17" hai2="49,109,27,73,16,31,108,14,1,10,75,118,127" hai3="91,67,106,11,131,48,71,39,112,4,126,65,96"/><T114/><D114/><U61/><E128/><V68/><F68/><W13/><G112/><T78/><D119/><U133/><E133/><V55/><F1/><W12/><G39/><T87/><D38/><U105/><E17/><V76/><F118/><W45/><G71/><T34/><D34/><U85/><E28/><V132/><F132/><W7/><G131/><T82/><D100/><U8/><E8/><V135/><F127/><W63/><G106/><T95/><D111/><N who="2" m="42570" /><F76/><W129/><G129/><T32/><D32/><U83/><E33/><N who="2" m="20735" /><F135/><W89/><G126/><T41/><D6/><U74/><E61/><V44/><AGARI ba="0,0" hai="10,14,16,44,49,55,73,75" m="20735,42570" machi="44" ten="30,4000,0" yaku="14,1,52,1,54,1" doraHai="26" who="2" fromWho="2" sc="250,-20,250,-10,250,40,250,-10" /><INIT seed="1,0,0,0,0,19" ten="230,240,290,240" oya="1" hai0="80,15,117,90,81,69,2,102,113,20,55,122,54" hai1="110,40,27,78,112,45,25,129,56,82,70,120,10" hai2="37,128,12,107,89,46,118,100,127,66,92,35,62" hai3="58,130,88,52,87,72,51,71,94,6,68,106,114"/><U67/><E112/><V34/><F118/><W74/><G114/><T53/><D113/><U11/><E120/><V59/><F127/><W23/><G106/><T116/><D2/><U111/><E70/><V4/><F128/><W32/><G32/><T1/><D1/><U17/><E129/><V5/><F100/><W16/><G6/><T86/><D122/><U121/><E121/><V48/><F37/><W91/><G130/><T134/><D134/><U36/><E56/><V65/><F65/><W119/><G119/><T73/><D69/><U29/><E67/><V105/><F105/><W132/><G132/><T38/><D38/><U41/><E41/><V96/><F107/><W97/><G71/><T123/><D102/><U124/><E124/><V109/><F109/><N who="1" m="41481" /><E17/><V28/><F28/><W126/><G68/><T26/><D15/><U3/><E3/><V57/><F57/><W8/><G8/><N who="1" m="3114" /><E29/><V44/><F44/><W108/><G126/><T83/><D123/><U133/><E133/><V39/><F39/><W14/><G108/><T33/><D33/><U84/><AGARI ba="0,0" hai="25,27,36,40,45,78,82,84" m="3114,41481" machi="84" ten="30,3000,0" yaku="14,1,10,1" doraHai="19" who="1" fromWho="1" sc="230,-10,240,30,290,-10,240,-10" /><INIT seed="1,1,0,3,3,25" ten="220,270,280,230" oya="1" hai0="55,118,28,24,78,26,23,66,72,16,135,21,60" hai1="0,45,15,39,57,116,84,119,131,27,87,75,134" hai2="6,67,120,130,124,82,48,125,64,93,73,19,3" hai3="98,59,7,69,110,85,80,20,77,103,4,94,101"/><U35/><E0/><V58/><F120/><W100/><G69/><T79/><D118/><U121/><E75/><V50/><F130/><W99/><G110/><T30/><D135/><U104/><E121/><V12/><F93/><W109/><G109/><T122/><D122/><U123/><E104/><V115/><F115/><W74/><G59/><N who="0" m="37151" /><D72/><U97/><E123/><V47/><F6/><W36/><G36/><T53/><D16/><U18/><E97/><N who="3" m="36874" /><G20/><T54/><AGARI ba="1,0" hai="21,23,24,26,28,30,53,54,55,78,79" m="37151" machi="54" ten="30,4000,0" yaku="8,1,52,2" doraHai="25" who="0" fromWho="0" sc="220,43,270,-21,280,-11,230,-11" /><INIT seed="2,0,0,2,4,45" ten="263,249,269,219" oya="2" hai0="88,53,111,27,121,22,25,108,104,47,123,91,17" hai1="63,135,37,32,18,122,24,77,75,107,74,13,79" hai2="41,28,105,16,126,80,59,58,31,115,95,68,92" hai3="29,12,114,20,72,103,8,35,94,93,101,26,14"/><V85/><F115/><W87/><G72/><T71/><D104/><U7/><E107/><V40/><F68/><W60/><G114/><T99/><D71/><U129/><E37/><V83/><F105/><W4/><G14/><T64/><D64/><U49/><E122/><V82/><F85/><W67/><G35/><T34/><D34/><U89/><E129/><V23/><F126/><W76/><G76/><T133/><D133/><U56/><E135/><V65/><F65/><W69/><REACH who="3" step="1"/><G87/><REACH who="3" ten="263,249,269,209" step="2"/><T38/><D121/><U19/><E75/><V113/><F113/><W43/><G43/><T55/><D123/><U33/><E74/><V10/><F41/><W66/><G66/><T116/><D116/><U109/><E77/><V120/><F40/><W112/><G112/><T54/><D111/><U98/><E79/><V9/><F120/><W6/><G6/><T44/><D108/><U62/><E7/><V61/><F82/><W39/><G39/><T132/><D38/><U78/><E78/><V128/><F80/><W2/><G2/><T84/><D132/><U100/><E109/><V30/><F83/><W124/><G124/><T81/><REACH who="0" step="1"/><D25/><REACH who="0" ten="253,249,269,209" step="2"/><U119/><E32/><V48/><F128/><W21/><G21/><T134/><D134/><U15/><E33/><V131/><F131/><W125/><G125/><T118/><D118/><U117/><E24/><N who="2" m="14439" /><F9/><W57/><G57/><T96/><D96/><U102/><E56/><V70/><F10/><W73/><G73/><T46/><D46/><U42/><E98/><V97/><F97/><W0/><G0/><T51/><D51/><RYUUKYOKU ba="0,2" sc="253,15,249,-15,269,-15,209,15" hai0="17,22,27,44,47,53,54,55,81,84,88,91,99" hai3="4,8,12,20,26,29,60,67,69,93,94,101,103" /><INIT seed="3,1,2,2,0,92" ten="268,234,254,224" oya="3" hai0="83,36,11,52,37,90,8,67,107,63,40,134,103" hai1="80,22,116,13,101,4,73,74,1,54,126,64,56" hai2="35,61,84,91,41,46,66,100,113,115,70,48,114" hai3="93,53,21,124,98,135,77,34,39,99,133,15,117"/><W89/><G117/><T128/><D128/><U49/><E126/><V10/><F35/><W3/><G3/><T51/><D134/><N who="3" m="51209" /><G34/><T120/><D120/><U132/><E132/><V16/><F100/><W109/><G124/><T125/><D125/><U25/><E116/><V6/><F16/><N who="3" m="10399" /><G77/><T62/><D103/><U23/><E1/><V32/><F32/><W95/><G39/><T111/><D111/><U17/><E101/><V112/><N who="2" m="28672" /><DORA hai="106" /><V42/><F42/><W24/><G24/><T57/><D107/><U108/><E108/><V118/><F118/><W44/><G109/><T26/><D26/><U97/><E64/><V58/><F70/><W55/><G44/><T0/><D0/><U127/><E127/><V130/><F130/><W27/><G27/><T96/><D36/><U2/><E2/><V33/><F33/><W123/><G123/><T7/><D37/><U94/><E4/><V29/><F29/><W43/><G43/><T12/><D40/><U105/><E80/><V121/><F121/><W87/><G87/><T14/><D83/><U82/><E82/><V50/><F6/><W45/><G45/><T60/><D7/><U65/><E65/><V78/><F78/><W47/><G47/><T31/><D31/><N who="1" m="17847" /><E105/><V79/><F79/><W122/><G122/><T5/><D67/><U110/><E110/><V88/><F84/><W81/><G81/><T102/><D5/><U75/><E75/><V38/><REACH who="2" step="1"/><F10/><REACH who="2" ten="268,234,244,224" step="2"/><W68/><G68/><T19/><D11/><U72/><E72/><V20/><F20/><W85/><G85/><T59/><D8/><RYUUKYOKU ba="1,3" sc="268,-30,234,10,244,10,224,10" hai1="13,17,23,49,54,56,73,74,94,97" hai2="38,41,46,48,50,58,61,66,88,91" hai3="53,55,89,93,95,98,99" /><INIT seed="3,2,3,0,4,73" ten="238,244,254,234" oya="3" hai0="85,35,127,72,48,86,101,27,75,113,43,51,95" hai1="121,63,12,19,41,14,119,49,80,82,78,65,4" hai2="79,120,129,76,60,90,66,13,56,8,0,20,62" hai3="2,133,118,34,16,124,99,93,123,134,89,44,69"/><W38/><G118/><T112/><D127/><U36/><E36/><V106/><F106/><W110/><G123/><T91/><D35/><U15/><E121/><V11/><F120/><W88/><G124/><T97/><D27/><U87/><E119/><V84/><F129/><W25/><G69/><T102/><D43/><U3/><E3/><V104/><F104/><W24/><G2/><T68/><D68/><U108/><E108/><V55/><F20/><N who="3" m="13319" /><G110/><T61/><D61/><U122/><E122/><V100/><F100/><N who="0" m="38506" /><D48/><U22/><E4/><V23/><F23/><W39/><G44/><T117/><D51/><U32/><E82/><V103/><F103/><W128/><G128/><T125/><D117/><U18/><E32/><V45/><F0/><W115/><G115/><N who="0" m="44107" /><D125/><U94/><E94/><N who="2" m="54599" /><F8/><W42/><G42/><T83/><D86/><U81/><E81/><V64/><F45/><W126/><G126/><T132/><D132/><N who="3" m="50793" /><G89/><AGARI ba="2,3" hai="72,75,83,85,89,91,95,97" m="44107,38506" machi="89" ten="30,3900,0" yaku="11,1,34,2" doraHai="73" who="0" fromWho="3" sc="238,75,244,0,254,0,234,-45" /><INIT seed="4,0,0,4,4,13" ten="313,244,254,189" oya="0" hai0="77,20,76,19,6,82,79,63,12,34,129,11,80" hai1="92,100,120,25,50,0,31,130,58,95,43,83,96" hai2="18,131,54,62,60,98,94,97,117,114,104,102,35" hai3="46,68,87,112,28,107,47,108,123,29,16,101,49"/><T111/><D129/><U78/><E120/><V3/><F3/><W26/><G108/><T1/><D111/><U41/><E0/><V72/><F72/><W99/><G112/><T91/><D34/><U42/><E130/><V14/><F131/><W135/><G68/><T36/><D36/><U106/><E58/><V132/><F35/><W9/><G135/><T105/><D105/><U69/><E69/><V71/><F114/><W90/><G123/><T53/><D63/><U133/><E50/><V30/><F30/><W38/><G38/><T65/><D65/><U52/><E52/><V89/><F132/><W70/><G70/><T128/><D53/><U39/><E39/><V93/><F71/><W51/><G51/><T21/><D128/><U56/><E56/><V24/><F24/><W5/><G47/><T23/><REACH who="0" step="1"/><D91/><REACH who="0" ten="303,244,254,189" step="2"/><U121/><E121/><V88/><F54/><N who="3" m="30007" /><G5/><T116/><D116/><U32/><REACH who="1" step="1"/><E133/><REACH who="1" ten="303,234,254,189" step="2"/><V74/><F117/><W55/><G55/><T67/><D67/><U48/><E48/><V119/><F119/><W64/><G64/><T85/><D85/><AGARI ba="0,2" hai="25,31,32,41,42,43,78,83,85,92,95,96,100,106" machi="85" ten="40,1300,0" yaku="1,1,53,0" doraHai="13" doraHaiUra="86" who="1" fromWho="0" sc="303,-13,234,33,254,0,189,0" /><INIT seed="5,0,0,0,3,107" ten="290,267,254,189" oya="1" hai0="127,93,37,110,75,57,36,102,50,92,27,53,131" hai1="67,16,21,25,59,71,14,98,91,114,128,135,122" hai2="12,40,20,29,78,34,39,83,35,124,95,94,133" hai3="47,19,13,43,11,111,15,81,32,82,73,10,116"/><U106/><E122/><V117/><F117/><W79/><G111/><T112/><D110/><U126/><E128/><V123/><F123/><W86/><G32/><T108/><D108/><U42/><E114/><V70/><F70/><W28/><G28/><T51/><D112/><U90/><E126/><V134/><F124/><W62/><G62/><T23/><D131/><U103/><E135/><N who="2" m="51723" /><F40/><W48/><G116/><T76/><D51/><U115/><E115/><V118/><F39/><W101/><G101/><T5/><D5/><U33/><E42/><V1/><F1/><W0/><G0/><T88/><D93/><N who="2" m="35338" /><F118/><W120/><G120/><T129/><D102/><U55/><E67/><V54/><F54/><W31/><G31/><T105/><D105/><U44/><E44/><V89/><F89/><W6/><REACH who="3" step="1"/><G82/><REACH who="3" ten="290,267,254,179" step="2"/><T72/><D127/><U17/><E33/><V18/><F29/><W3/><G3/><T45/><D129/><U97/><E71/><V69/><F69/><W38/><G38/><T52/><D37/><U22/><E98/><V9/><F20/><W80/><G80/><T100/><D36/><U65/><REACH who="1" step="1"/><E65/><REACH who="1" ten="290,257,254,179" step="2"/><V130/><F130/><W99/><G99/><T68/><D68/><U84/><E84/><AGARI ba="0,2" hai="9,12,18,34,35,78,83,84" m="35338,51723" machi="84" ten="30,1000,0" yaku="20,1" doraHai="107" who="2" fromWho="1" sc="290,0,257,-10,254,30,179,0" /><AGARI ba="0,0" hai="6,10,11,13,15,19,43,47,48,73,79,81,84,86" machi="84" ten="40,2600,0" yaku="1,1,52,1,53,0" doraHai="107" doraHaiUra="87" who="3" fromWho="1" sc="290,0,247,-26,284,0,179,26" /><INIT seed="6,0,0,2,0,4" ten="290,221,284,205" oya="2" hai0="12,107,95,31,75,99,48,0,53,46,18,41,33" hai1="134,108,45,11,102,94,40,55,32,92,43,63,27" hai2="100,20,29,79,128,116,103,3,30,16,87,59,13" hai3="26,7,8,49,58,21,121,15,44,86,117,34,104"/><V98/><F116/><W114/><G117/><T119/><D0/><U127/><E108/><V81/><F3/><W42/><G121/><T112/><D112/><U130/><E127/><V123/><F123/><W89/><G104/><T120/><D107/><U72/><E72/><V61/><F128/><W62/><G34/><T78/><D120/><U36/><E130/><V39/><F39/><W1/><G1/><T113/><D113/><U84/><E134/><V38/><F38/><W23/><G26/><T17/><D31/><N who="2" m="11786" /><F98/><W10/><G10/><T74/><D33/><U83/><E40/><V66/><AGARI ba="0,0" hai="13,16,20,59,61,66,79,81,87,100,103" m="11786" machi="66" ten="30,3000,0" yaku="8,1,54,1" doraHai="4" who="2" fromWho="2" sc="290,-10,221,-10,284,30,205,-10" /><INIT seed="6,1,0,4,5,54" ten="280,211,314,195" oya="2" hai0="8,1,123,9,92,55,91,85,59,66,42,19,94" hai1="128,65,134,88,77,135,43,58,99,120,5,35,22" hai2="104,102,45,70,101,40,73,97,122,2,30,31,131" hai3="32,20,107,68,12,110,29,64,3,67,132,108,114"/><V48/><F122/><W98/><G3/><T47/><D66/><U105/><E35/><V44/><F70/><W34/><G132/><N who="1" m="50730" /><E128/><V51/><F73/><W52/><G114/><T115/><D115/><U133/><E133/><V79/><F79/><W127/><G127/><T78/><D78/><U62/><E77/><V93/><F2/><W16/><G108/><T18/><D94/><N who="1" m="56775" /><E105/><V69/><F69/><W13/><G110/><T74/><D74/><U11/><E43/><V57/><F131/><W118/><G118/><T56/><D1/><N who="1" m="431" /><E22/><V63/><F104/><W60/><G67/><T103/><D103/><U126/><E126/><V71/><F101/><W121/><G121/><AGARI ba="1,0" hai="58,62,65,120,121" m="431,56775,50730" machi="121" ten="30,3900,0" yaku="20,1,52,1,54,1" doraHai="54" who="1" fromWho="3" sc="280,0,211,42,314,0,195,-42" /><INIT seed="7,0,0,5,5,29" ten="280,253,314,153" oya="3" hai0="64,96,104,83,42,25,134,106,40,132,69,15,55" hai1="80,79,59,48,8,75,121,115,74,0,88,36,127" hai2="50,84,47,33,112,122,114,102,120,94,87,133,124" hai3="76,19,54,81,52,105,38,62,110,135,65,31,43"/><W34/><G105/><T53/><D15/><U3/><E121/><N who="2" m="46699" /><F33/><W123/><G123/><T77/><D25/><U5/><E115/><N who="2" m="44075" /><F124/><W107/><G107/><T90/><D64/><U26/><E127/><V10/><F133/><W4/><G110/><T95/><D69/><U86/><E36/><V11/><F102/><W58/><G135/><T93/><D83/><U21/><E0/><V119/><F119/><W109/><G109/><T66/><D66/><U27/><E27/><V108/><F108/><W39/><G4/><T18/><D18/><U82/><E75/><V37/><F37/><W101/><G101/><T103/><D103/><U111/><E111/><V67/><F67/><W63/><G19/><T2/><D77/><U44/><E59/><V100/><F100/><W89/><G89/><T46/><D46/><U72/><E72/><V117/><F94/><W99/><G99/><T17/><D17/><U126/><E126/><V113/><F117/><W68/><G54/><T16/><D16/><U49/><E44/><V129/><F129/><W14/><G14/><T24/><D24/><U116/><E116/><V6/><F113/><W131/><G131/><T35/><D96/><U30/><AGARI ba="0,0" hai="3,5,8,21,26,30,48,49,74,79,80,82,86,88" machi="30" ten="20,2700,0" yaku="0,1,7,1,54,1" doraHai="29" who="1" fromWho="1" sc="280,-7,253,27,314,-7,153,-13" owari="273,-12.7,280,8.0,307,40.7,140,-36.0" /></mjloggm>