<mjloggm ver="2.3"><GO type="169" lobby="0"/><UN n0="%E5%AE%87%E5%AE%99%E7%89%A9%E7%90%86" n1="%E6%B2%B3%E7%AB%A5%E3%81%AE%E3%83%AF%E3%82%AB%E3%83%9E%E3%83%84" n2="%E3%83%8F%E3%82%BA%E3%83%AC" n3="%79%61%6E%72%6F%75" dan="16,17,17,16" rate="2110.64,2202.59,2178.83,2150.58" sx="F,M,M,M"/><TAIKYOKU oya="0"/><INIT seed="0,0,0,2,4,61" ten="250,250,250,250" oya="0" hai0="21,62,55,37,4,26,128,11,110,86,2,101,99" hai1="50,107,114,12,115,78,65,8,83,87,73,135,67" hai2="24,6,0,123,108,80,23,14,22,33,16,118,35" hai3="126,89,28,98,20,38,100,106,68,10,96,48,43"/><T90/><D37/><U19/><E107/><V44/><F44/><W121/><G126/><T41/><D41/><U79/><E135/><V133/><F80/><W117/><G38/><T3/><D128/><U25/><E79/><V109/><F123/><W88/><G117/><T51/><D110/><N who="2" m="42602" /><F133/><W116/><G116/><T130/><D130/><U94/><E50/><V105/><F105/><W66/><G96/><T127/><D127/><U75/><E25/><V53/><F53/><W36/><G36/><T125/><D125/><U30/><E30/><N who="2" m="17687" /><F118/><W57/><G10/><AGARI ba="0,0" hai="0,6,10,14,16,23,33,35" m="17687,42602" machi="10" ten="30,7700,0" yaku="14,1,34,2,54,1" doraHai="61" who="2" fromWho="3" sc="250,0,250,0,250,77,250,-77" /><INIT seed="1,0,0,2,1,29" ten="250,250,327,173" oya="1" hai0="54,72,55,28,27,40,60,120,17,13,122,45,7" hai1="38,68,69,124,6,21,88,35,41,132,14,3,18" hai2="79,67,100,74,50,46,113,26,31,10,82,92,95" hai3="19,1,126,107,127,42,33,110,91,51,87,4,73"/><U89/><E132/><V59/><F113/><W65/><G107/><T134/><D72/><U109/><E124/><V83/><F83/><W75/><G33/><T25/><D134/><U129/><E35/><V57/><F10/><W116/><G110/><T115/><D115/><U20/><E129/><V56/><F100/><W97/><G97/><T8/><D7/><U70/><E109/><V58/><N who="2" m="14336" /><DORA hai="121" /><V84/><F74/><W125/><G65/><T76/><D76/><U80/><E21/><N who="2" m="15823" /><F67/><W66/><G66/><T52/><D60/><U86/><E89/><V9/><F9/><N who="3" m="2191" /><G19/><T118/><D118/><U93/><E80/><V64/><F64/><W123/><G123/><N who="0" m="47147" /><D28/><U128/><E128/><V130/><F130/><W2/><G2/><T37/><AGARI ba="0,0" hai="8,13,17,25,27,37,40,45,52,54,55" m="47147" machi="37" ten="30,2000,0" yaku="13,1,54,1" doraHai="29,121" who="0" fromWho="0" sc="250,20,250,-10,327,-5,173,-5" /><INIT seed="2,0,0,2,1,133" ten="270,240,322,168" oya="2" hai0="118,4,63,69,28,61,86,116,50,48,25,113,117" hai1="43,59,104,97,38,111,14,112,122,55,67,2,37" hai2="85,34,121,127,119,128,101,115,15,11,42,109,17" hai3="39,29,102,94,6,70,82,57,80,19,71,103,9"/><V125/><F115/><W91/><G39/><T49/><D113/><U90/><E2/><V33/><F119/><W123/><G123/><T1/><D86/><U134/><E112/><V77/><F121/><W88/><G29/><T110/><D110/><U135/><E122/><V12/><F128/><W89/><G19/><T32/><D69/><U108/><E14/><V81/><F109/><N who="1" m="42057" /><E67/><V35/><F42/><W46/><G46/><T44/><D44/><N who="1" m="23663" /><E38/><V41/><F41/><W79/><G80/><T75/><D75/><U26/><E26/><V52/><F101/><W27/><G27/><T53/><D53/><U120/><E120/><V7/><REACH who="2" step="1"/><F52/><REACH who="2" ten="270,240,312,168" step="2"/><W65/><G102/><T129/><D129/><U3/><E135/><V60/><F60/><W130/><G103/><T31/><D63/><U73/><E134/><V64/><F64/><W45/><G45/><T8/><D61/><U30/><E55/><V105/><F105/><W0/><G65/><T36/><D118/><U47/><E104/><V93/><F93/><W132/><G132/><T20/><D117/><U22/><E47/><V51/><F51/><W18/><G94/><T98/><D116/><U40/><E40/><V76/><F76/><W124/><G79/><T66/><D66/><U24/><E59/><V131/><F131/><W10/><G130/><T96/><D36/><U21/><E90/><N who="3" m="34922" /><G57/><T114/><D114/><U83/><E83/><V107/><F107/><W68/><G70/><T126/><D50/><U92/><E92/><V99/><F99/><W95/><G82/><T13/><D98/><U78/><E97/><RYUUKYOKU ba="0,1" sc="270,-10,240,-10,312,30,168,-10" hai2="7,11,12,15,17,33,34,35,77,81,85,125,127" /><INIT seed="2,1,1,2,3,107" ten="260,230,342,158" oya="2" hai0="6,7,114,8,88,77,124,100,78,50,30,94,29" hai1="34,97,65,104,22,45,47,44,86,70,113,16,56" hai2="109,43,72,61,64,132,26,83,62,46,119,84,54" hai3="48,68,23,69,9,38,20,18,35,118,31,123,39"/><V117/><F132/><W106/><G123/><T130/><D114/><U95/><E113/><V125/><F125/><W19/><G118/><T115/><D115/><U55/><E34/><V80/><F109/><W17/><G106/><T122/><D122/><U3/><E3/><V73/><F54/><W128/><G128/><T13/><D130/><U134/><E134/><V66/><F26/><W33/><G9/><T71/><D71/><N who="3" m="27209" /><G48/><T1/><D124/><U90/><E70/><V121/><F121/><W127/><G31/><T28/><D100/><U41/><E65/><V116/><F46/><W126/><G127/><T131/><D131/><U79/><E104/><V60/><F43/><W74/><G126/><T0/><D50/><U112/><E112/><V92/><F92/><W58/><G58/><T76/><REACH who="0" step="1"/><D6/><REACH who="0" ten="250,230,342,158" step="2"/><U21/><E41/><V108/><F108/><W101/><G101/><T12/><D12/><U67/><E67/><N who="2" m="25643" /><F84/><AGARI ba="1,2" hai="0,1,7,8,13,28,29,30,76,77,78,84,88,94" machi="84" ten="40,5200,0" yaku="1,1,54,1,53,1" doraHai="107" doraHaiUra="11" who="0" fromWho="2" sc="250,75,230,0,342,-55,158,0" /><INIT seed="3,0,0,2,1,22" ten="325,230,287,158" oya="3" hai0="108,3,76,10,106,21,18,124,92,44,13,5,115" hai1="36,82,58,84,45,4,102,29,116,74,78,0,46" hai2="113,77,121,103,93,23,41,55,68,26,122,61,72" hai3="48,99,42,134,24,87,110,131,129,65,11,19,73"/><W27/><G73/><T59/><D106/><U85/><E116/><V64/><F113/><W47/><G134/><T20/><D115/><U112/><E112/><V89/><F103/><W127/><G127/><T67/><D124/><U7/><E102/><V114/><F114/><W25/><G99/><T1/><D108/><U2/><E58/><V69/><F69/><W81/><G65/><T90/><D76/><U125/><E125/><V33/><F33/><W60/><G60/><T119/><D119/><U118/><E118/><V39/><F55/><W88/><REACH who="3" step="1"/><G110/><REACH who="3" ten="325,230,287,148" step="2"/><T63/><D63/><U107/><E74/><V71/><F72/><W83/><G83/><T52/><D67/><U16/><E82/><V123/><F61/><W86/><G86/><T132/><D132/><U53/><E84/><N who="2" m="52391" /><F64/><W17/><G17/><T34/><D18/><U43/><E16/><N who="2" m="12647" /><F77/><W12/><AGARI ba="0,1" hai="11,12,19,24,25,27,42,47,48,81,87,88,129,131" machi="12" ten="30,18000,2" yaku="1,1,0,1,52,3,54,1,53,0" doraHai="22" doraHaiUra="95" who="3" fromWho="3" sc="325,-60,230,-60,287,-60,148,190" /><INIT seed="3,1,0,5,2,22" ten="265,170,227,338" oya="3" hai0="125,19,27,54,21,105,113,47,106,51,59,122,61" hai1="66,91,72,111,70,81,7,83,98,16,17,127,41" hai2="0,109,34,104,30,26,101,28,31,45,1,82,60" hai3="24,4,112,50,75,67,10,52,36,71,76,37,35"/><W2/><G112/><T29/><D122/><U6/><E111/><V80/><F109/><W49/><G71/><T134/><D113/><U117/><E127/><V90/><F104/><W12/><G67/><T79/><D125/><U108/><E108/><V96/><F28/><W74/><G49/><T44/><D134/><U48/><E117/><V46/><F46/><W107/><G107/><T11/><D79/><U133/><E72/><V57/><F45/><W68/><G68/><T25/><D47/><U8/><E8/><V116/><F116/><W103/><G103/><T85/><D85/><U13/><E13/><V42/><F42/><W121/><G121/><T114/><D11/><U73/><E91/><V58/><F31/><W18/><G35/><T77/><D77/><U43/><E73/><V32/><F32/><W78/><G78/><T84/><D84/><U20/><E20/><V128/><F128/><W69/><G69/><T110/><D114/><U5/><E48/><V62/><F101/><W126/><G126/><T131/><D131/><U87/><E98/><V38/><F38/><W119/><G119/><T55/><REACH who="0" step="1"/><D110/><REACH who="0" ten="255,170,227,338" step="2"/><U56/><E87/><V88/><F96/><W95/><G75/><T123/><D123/><U14/><E133/><V33/><F30/><W102/><G76/><T89/><D89/><U23/><E43/><V39/><F39/><W99/><G74/><T100/><D100/><U118/><E41/><V9/><F9/><W124/><G124/><T92/><D92/><U86/><E118/><V130/><F130/><W15/><G37/><T93/><D93/><RYUUKYOKU ba="1,1" sc="255,15,170,-15,227,15,338,-15" hai0="19,21,25,27,29,44,51,54,55,59,61,105,106" hai2="0,1,26,33,34,57,58,60,62,80,82,88,90" /><INIT seed="4,2,1,1,0,79" ten="270,155,242,323" oya="0" hai0="29,99,95,26,120,80,116,118,11,114,91,5,74" hai1="132,60,47,7,44,119,41,56,20,117,46,49,55" hai2="88,115,124,23,67,15,112,96,102,69,77,12,54" hai3="126,45,83,0,31,93,121,128,129,64,43,32,28"/><T33/><D120/><U4/><E132/><V19/><F124/><W48/><G126/><T13/><REACH who="0" step="1"/><D114/><REACH who="0" ten="260,155,242,323" step="2"/><U21/><E117/><V36/><F115/><W59/><G121/><T110/><D110/><U81/><E119/><V65/><F112/><W68/><G129/><T130/><D130/><U14/><E41/><V18/><F67/><W50/><G64/><T17/><D17/><U105/><E4/><V109/><F65/><W108/><G108/><T73/><D73/><U34/><E7/><V107/><F109/><W101/><G128/><T98/><D98/><U92/><E55/><V52/><F54/><N who="3" m="32199" /><G68/><T10/><D10/><U37/><E37/><V8/><F69/><W106/><G43/><T87/><D87/><U134/><E134/><V100/><F36/><W24/><G31/><T42/><D42/><U78/><E46/><V57/><F96/><W104/><G28/><T30/><D30/><U27/><E47/><V72/><F72/><W135/><G45/><T133/><D133/><U89/><E44/><V38/><F38/><W103/><G135/><T39/><D39/><U62/><E56/><V131/><F131/><W2/><G32/><T84/><D84/><U90/><E34/><V113/><F113/><W25/><G106/><T122/><D122/><U35/><E105/><V94/><F107/><W51/><G104/><T1/><D1/><U6/><E35/><V127/><F127/><W70/><G2/><T86/><D86/><U66/><E66/><V3/><F3/><W76/><G0/><T111/><D111/><U82/><E6/><V85/><F77/><AGARI ba="2,2" hai="5,11,13,26,29,33,74,77,80,91,95,99,116,118" machi="77" ten="40,7700,0" yaku="1,1,6,1,52,1,53,0" doraHai="79" doraHaiUra="40" who="0" fromWho="2" sc="260,103,155,0,242,-83,323,0" /><INIT seed="4,3,0,4,5,92" ten="363,155,159,323" oya="0" hai0="77,10,32,91,61,44,72,80,54,23,20,2,93" hai1="48,117,31,6,11,82,105,119,21,127,108,94,121" hai2="101,12,53,85,52,100,128,99,19,69,110,17,33" hai3="131,60,116,36,47,103,34,120,122,58,49,51,27"/><T16/><D32/><U74/><E105/><V73/><F73/><W130/><G27/><T84/><D2/><U65/><E108/><V124/><F69/><W126/><G103/><T0/><D0/><U9/><E121/><N who="3" m="46698" /><G116/><T78/><D78/><U129/><E129/><N who="3" m="49162" /><G34/><T112/><D112/><U114/><E114/><V88/><F33/><W5/><G5/><T35/><D35/><U106/><E6/><V46/><F128/><W3/><G3/><T68/><D68/><U37/><E117/><V8/><F110/><W75/><G75/><T104/><D104/><U18/><E106/><V89/><F124/><W109/><G109/><T132/><D72/><U86/><E31/><V41/><F19/><W97/><G97/><N who="0" m="57535" /><D132/><U7/><E7/><V81/><F89/><W1/><G1/><T70/><D70/><U13/><E119/><V38/><F101/><W71/><G126/><T45/><D45/><U90/><E127/><V64/><F64/><N who="3" m="38935" /><G71/><T123/><D123/><U26/><E74/><V62/><F62/><W125/><G125/><T66/><D66/><U133/><E65/><V79/><F79/><W57/><G57/><N who="0" m="34999" /><D44/><U22/><E90/><V118/><F118/><W83/><G83/><T50/><D50/><U39/><E48/><V113/><REACH who="2" step="1"/><F113/><REACH who="2" ten="363,155,149,323" step="2"/><W96/><G96/><T87/><D87/><U25/><E86/><V40/><F40/><AGARI ba="3,1" hai="36,40,47,49,51" m="38935,49162,46698" machi="40" ten="30,7700,0" yaku="13,1,19,1,34,2" doraHai="92" who="3" fromWho="2" sc="363,0,155,0,149,-86,323,96" /><INIT seed="5,0,0,3,2,0" ten="363,155,63,419" oya="1" hai0="42,134,27,62,87,65,50,2,80,69,55,104,75" hai1="89,125,95,99,4,78,22,6,96,9,110,77,90" hai2="11,29,70,3,44,72,17,126,71,91,56,79,98" hai3="100,15,52,47,8,112,86,5,19,60,32,36,64"/><U106/><E125/><V132/><F132/><W40/><G32/><T97/><D2/><U21/><E110/><V133/><F133/><W123/><G112/><T94/><D134/><U20/><E9/><V116/><F116/><W59/><G123/><T57/><D75/><U82/><E106/><V7/><F126/><W85/><G100/><T81/><D104/><U58/><E58/><V14/><F29/><W12/><REACH who="3" step="1"/><G64/><REACH who="3" ten="363,155,63,409" step="2"/><T18/><D65/><U26/><E26/><V113/><F113/><W74/><G74/><T127/><D27/><U101/><E101/><V93/><F44/><W83/><G83/><T128/><D81/><U16/><E82/><V129/><F129/><W130/><G130/><T43/><D80/><U108/><E108/><V121/><F121/><W30/><G30/><T119/><D128/><U49/><E21/><AGARI ba="0,1" hai="5,8,12,15,19,21,36,40,47,52,59,60,85,86" machi="21" ten="30,12000,2" yaku="1,1,7,1,52,1,54,1,53,2" doraHai="0" doraHaiUra="10" who="3" fromWho="1" sc="363,0,155,-120,63,0,409,130" /><INIT seed="6,0,0,1,5,45" ten="363,35,63,539" oya="2" hai0="30,41,8,94,123,4,66,5,59,128,115,57,9" hai1="90,116,65,42,124,34,85,81,37,25,92,62,2" hai2="22,122,73,52,97,133,103,80,58,39,68,14,23" hai3="71,0,106,84,88,135,75,100,86,43,53,101,69"/><V6/><F122/><W29/><G75/><T107/><D123/><U134/><E116/><V55/><F68/><W47/><G0/><T108/><D108/><U82/><E2/><V127/><F39/><W16/><G86/><T125/><D107/><U110/><E110/><V56/><F127/><W48/><G29/><T104/><D104/><U131/><E124/><V129/><F129/><W51/><G135/><T18/><D125/><U105/><E105/><V21/><F133/><W15/><G106/><T117/><D117/><U78/><E131/><V46/><F46/><N who="3" m="25695" /><G71/><T113/><D128/><U76/><E42/><V60/><F73/><W24/><G24/><T109/><D109/><U67/><E37/><V31/><F80/><N who="3" m="49159" /><G69/><T119/><D119/><U50/><E50/><N who="2" m="30743" /><F31/><W87/><G87/><T111/><D111/><U26/><E34/><V40/><F40/><W17/><G17/><T36/><D36/><U54/><E134/><V27/><F27/><W99/><G99/><T49/><D30/><U79/><E25/><V77/><F77/><W102/><G102/><T32/><D32/><U63/><E26/><V118/><F118/><W95/><G95/><T114/><D94/><U93/><E93/><N who="2" m="58799" /><F6/><W3/><G3/><T20/><D4/><U98/><E98/><V64/><F14/><W91/><G91/><T132/><D132/><U7/><E7/><V19/><F19/><W70/><G70/><T72/><D72/><U83/><E92/><V1/><F1/><W96/><G96/><T12/><D5/><U13/><E13/><V38/><F38/><W11/><AGARI ba="0,0" hai="11,15,16,47,51,53,100,101" m="49159,25695" machi="11" ten="30,12000,2" yaku="5,1,25,1,8,1,52,2,54,2" doraHai="45" who="3" fromWho="3" sc="363,-30,35,-30,63,-60,539,120" /><INIT seed="7,0,0,4,5,90" ten="333,5,3,659" oya="3" hai0="45,38,51,15,64,109,100,18,48,40,133,125,130" hai1="131,114,106,13,74,7,80,94,99,102,16,103,98" hai2="65,123,4,132,20,37,82,105,101,72,39,112,66" hai3="92,50,58,60,84,107,35,96,63,28,62,78,104"/><W129/><G129/><T5/><D18/><U14/><E131/><V79/><F132/><W111/><G111/><T25/><D15/><U32/><E32/><V56/><F112/><W27/><G78/><T95/><D25/><U76/><E114/><V11/><F123/><W135/><G135/><T10/><D10/><U49/><E7/><V53/><F37/><W33/><G84/><T22/><D22/><U55/><E16/><V75/><F75/><W118/><G118/><T0/><D5/><U46/><AGARI ba="0,0" hai="13,14,46,49,55,74,76,80,94,98,99,102,103,106" machi="46" ten="20,2700,0" yaku="0,1,7,1,52,1" doraHai="90" who="1" fromWho="1" sc="333,-7,5,27,3,-7,659,-13" owari="326,12.6,32,-36.8,-4,-50.4,646,74.6" /></mjloggm>