<mjloggm ver="2.3"><GO type="169" lobby="0"/><UN n0="%E6%B2%B3%E7%AB%A5%E3%81%AE%E3%83%AF%E3%82%AB%E3%83%9E%E3%83%84" n1="%4C%61%72%72%6B" n2="%52%59%4F%40%53%53" n3="%64%69%76%61" dan="17,16,17,16" rate="2201.56,2153.36,2145.76,2065.32" sx="M,M,M,M"/><TAIKYOKU oya="0"/><INIT seed="0,0,0,4,5,119" ten="250,250,250,250" oya="0" hai0="10,123,116,49,78,126,5,36,14,71,122,81,31" hai1="3,47,100,134,28,43,26,2,77,82,25,75,121" hai2="129,91,95,22,39,6,106,125,52,33,41,55,24" hai3="60,21,74,4,51,34,73,46,93,63,54,58,42"/><T118/><D36/><U94/><E134/><V23/><F106/><W72/><G34/><T79/><D71/><U20/><E26/><V132/><F132/><W115/><G115/><T103/><D103/><U7/><E121/><V12/><F125/><W69/><G4/><T65/><D65/><U89/><E100/><V64/><F64/><W37/><G69/><T127/><D31/><U68/><E7/><V92/><F129/><W53/><G53/><T66/><D66/><U99/><REACH who="1" step="1"/><E68/><REACH who="1" ten="250,240,250,250" step="2"/><V96/><F6/><W111/><G111/><T108/><D108/><U48/><AGARI ba="0,1" hai="2,3,20,25,28,43,47,48,75,77,82,89,94,99" machi="48" ten="20,5200,0" yaku="1,1,2,1,0,1,7,1,53,0" doraHai="119" doraHaiUra="133" who="1" fromWho="1" sc="250,-26,240,62,250,-13,250,-13" /><INIT seed="1,0,0,5,3,53" ten="224,302,237,237" oya="1" hai0="22,58,108,109,57,52,69,25,127,20,13,82,76" hai1="59,29,35,8,5,0,99,107,1,9,18,91,112" hai2="122,28,86,106,51,73,41,17,71,132,12,113,135" hai3="64,11,80,23,47,44,50,84,110,116,74,6,87"/><U4/><E112/><V117/><F73/><W2/><G110/><N who="0" m="42603" /><D69/><U128/><E128/><V37/><F117/><W115/><G115/><T121/><D127/><U105/><E18/><V39/><F71/><W79/><G116/><T32/><D121/><U24/><E99/><V94/><F106/><W62/><G23/><N who="0" m="8747" /><D13/><U27/><E27/><V85/><F28/><W33/><G33/><T111/><N who="0" m="42611" /><T130/><DORA hai="16" /><D130/><U14/><E14/><V134/><F122/><W3/><G3/><T95/><D95/><U100/><E100/><V124/><F94/><W46/><REACH who="3" step="1"/><G50/><REACH who="3" ten="224,302,237,227" step="2"/><T126/><D126/><U40/><E40/><V26/><F41/><W118/><G118/><T125/><D125/><U119/><E119/><V65/><F124/><W10/><G10/><T90/><D32/><U114/><E114/><V89/><F113/><W88/><G88/><T104/><D90/><U66/><E91/><V72/><F89/><W49/><G49/><T7/><D25/><U92/><E92/><V70/><F51/><W102/><G102/><T68/><D104/><U61/><AGARI ba="0,1" hai="0,1,4,5,8,9,24,29,35,59,61,66,105,107" machi="61" ten="30,6000,0" yaku="0,1,9,1,52,1" doraHai="53,16" who="1" fromWho="1" sc="224,-20,302,70,237,-20,227,-20" /><INIT seed="1,1,0,4,4,35" ten="204,372,217,207" oya="1" hai0="28,117,107,105,84,36,115,71,112,94,104,59,78" hai1="120,113,110,8,29,2,130,118,1,58,88,70,100" hai2="85,68,15,0,128,93,106,11,23,33,129,43,60" hai3="53,122,27,135,18,38,97,67,121,99,51,32,24"/><U22/><E70/><V3/><F106/><W26/><G38/><T101/><D71/><U56/><E100/><V4/><F33/><W132/><G32/><T114/><D36/><U6/><E118/><V126/><F43/><W13/><G67/><T61/><D28/><U127/><E120/><N who="3" m="46186" /><G51/><T21/><D21/><U111/><E113/><V62/><F23/><W103/><G53/><T46/><D46/><U31/><E127/><V40/><F40/><W108/><G108/><N who="1" m="41514" /><E130/><N who="2" m="50283" /><F126/><W95/><G99/><T96/><D117/><U125/><E125/><V20/><F20/><W47/><G47/><T48/><D48/><U65/><E65/><N who="2" m="40999" /><F62/><W19/><G13/><T87/><REACH who="0" step="1"/><D78/><REACH who="0" ten="194,372,217,207" step="2"/><U7/><E22/><V116/><F116/><W76/><G76/><T57/><D57/><N who="1" m="22123" /><E88/><AGARI ba="1,1" hai="0,3,4,11,15,85,88,93" m="40999,50283" machi="88" ten="30,7700,0" yaku="19,1,52,2,54,1" doraHai="35" who="2" fromWho="1" sc="194,0,372,-80,217,90,207,0" /><INIT seed="2,0,0,5,4,49" ten="194,292,307,207" oya="2" hai0="82,94,81,22,43,35,107,58,67,85,74,38,98" hai1="12,8,115,132,131,33,36,9,48,11,25,124,95" hai2="123,1,109,121,130,2,57,40,45,7,56,100,116" hai3="122,20,32,104,13,83,31,50,89,125,76,52,71"/><V0/><F116/><W87/><G122/><T51/><D35/><U84/><E36/><V108/><F7/><W86/><G104/><T113/><D113/><U80/><E115/><V79/><F79/><W24/><G125/><T135/><D135/><U47/><E132/><V39/><F100/><W61/><G61/><T10/><D74/><U65/><E124/><V102/><F102/><W28/><G71/><T66/><D107/><U4/><E65/><V110/><REACH who="2" step="1"/><F130/><REACH who="2" ten="194,292,297,207" step="2"/><W54/><G32/><T63/><D67/><U68/><E131/><V129/><F129/><W117/><G117/><T119/><D119/><U93/><E33/><V88/><F88/><W53/><G31/><T64/><D64/><U16/><E4/><V69/><F69/><W30/><G30/><T46/><D66/><U111/><E68/><V126/><F126/><W26/><G26/><T91/><D91/><N who="1" m="51591" /><E25/><V59/><AGARI ba="0,1" hai="0,1,2,39,40,45,56,57,59,108,109,110,121,123" machi="59" ten="50,24000,3" yaku="1,1,0,1,29,2,14,1,10,1,53,3" doraHai="49" doraHaiUra="55" who="2" fromWho="2" sc="194,-80,292,-80,297,250,207,-80" /><INIT seed="2,1,0,3,1,29" ten="114,212,547,127" oya="2" hai0="8,22,5,14,134,79,3,39,98,101,48,74,16" hai1="2,23,77,90,106,84,19,56,124,88,108,107,53" hai2="25,61,10,120,24,93,76,92,73,28,110,94,100" hai3="70,115,42,52,47,68,1,135,15,121,127,20,31"/><V125/><F120/><W32/><G121/><T46/><D134/><U109/><E2/><V54/><F125/><W64/><G135/><T114/><D114/><U118/><E77/><V51/><F110/><N who="1" m="42601" /><E118/><V12/><F61/><W67/><G1/><T126/><D126/><U80/><E90/><V86/><F73/><W59/><G127/><T58/><D58/><U129/><E129/><V102/><F86/><W78/><G78/><T132/><D132/><U131/><E131/><V99/><F76/><W49/><G115/><T37/><D74/><U38/><E38/><V36/><F36/><W119/><G119/><T34/><D34/><U45/><E45/><V44/><F102/><W117/><G117/><T113/><D113/><U85/><E85/><V65/><F65/><W91/><G91/><T50/><D79/><U0/><E0/><V62/><F62/><W128/><G128/><T87/><D87/><U57/><E57/><V82/><F82/><W111/><G111/><T71/><D71/><U33/><E33/><V21/><REACH who="2" step="1"/><F24/><REACH who="2" ten="114,212,537,127" step="2"/><W95/><G70/><T30/><D48/><N who="1" m="30759" /><E124/><V60/><F60/><W105/><G68/><T40/><D39/><U27/><AGARI ba="1,1" hai="19,23,27,80,84,88,106,107" m="30759,42601" machi="27" ten="30,2000,0" yaku="14,1,54,1" doraHai="29" who="1" fromWho="1" sc="114,-6,212,33,537,-11,127,-6" /><INIT seed="3,0,0,2,4,69" ten="108,245,526,121" oya="3" hai0="83,35,5,42,50,125,49,40,90,97,28,91,45" hai1="39,3,128,53,102,44,82,75,77,86,19,87,96" hai2="120,4,105,13,25,68,122,59,48,20,64,16,38" hai3="37,127,12,70,84,126,134,135,121,113,76,30,22"/><W88/><G121/><N who="2" m="46697" /><F105/><W55/><G70/><T98/><D125/><N who="3" m="47625" /><G76/><T80/><D35/><U36/><E128/><V85/><F68/><W89/><G113/><T132/><D132/><N who="3" m="50729" /><G37/><T10/><D28/><U133/><E133/><V34/><F85/><W21/><G30/><T131/><D131/><U56/><E3/><V9/><F38/><W8/><G55/><T110/><D110/><U116/><E19/><V32/><F64/><W107/><G107/><T0/><D90/><N who="3" m="34921" /><G84/><T63/><D63/><U129/><E129/><V58/><F58/><W92/><G92/><T94/><REACH who="0" step="1"/><D97/><REACH who="0" ten="98,245,526,121" step="2"/><U111/><E96/><V100/><F100/><W108/><G108/><T23/><D23/><U81/><E102/><V62/><F62/><W112/><G112/><T51/><D51/><U72/><E111/><V67/><F48/><W99/><G99/><T61/><D61/><U33/><E36/><V78/><F78/><W17/><AGARI ba="0,1" hai="8,12,17,21,22" m="34921,50729,47625" machi="17" ten="40,7800,0" yaku="18,1,20,1,54,1" doraHai="69" who="3" fromWho="3" sc="98,-26,245,-26,526,-26,121,88" /><INIT seed="3,1,0,4,0,90" ten="72,219,500,209" oya="3" hai0="5,73,115,70,118,82,3,111,120,72,45,92,30" hai1="76,61,55,63,48,110,93,121,95,29,33,79,57" hai2="51,80,102,49,91,23,103,52,96,106,56,59,6" hai3="8,81,135,17,114,16,100,14,66,99,94,26,12"/><W133/><G114/><T28/><D118/><U123/><E123/><V129/><F129/><W83/><G66/><T116/><D116/><U113/><E113/><V10/><F23/><W43/><G43/><T127/><D120/><U58/><E121/><V21/><F21/><W13/><G26/><T31/><D70/><U62/><E110/><V78/><F91/><W0/><G0/><T74/><D115/><U9/><E33/><V24/><F103/><W126/><G126/><T47/><D82/><N who="3" m="31241" /><G8/><T69/><D69/><U20/><E9/><V86/><F24/><W35/><G35/><T39/><D39/><U108/><E108/><V107/><F107/><W105/><G105/><T11/><D111/><U36/><E36/><V101/><F106/><W40/><G40/><T132/><D132/><AGARI ba="1,0" hai="12,13,14,16,17,94,99,100,132,133,135" m="31241" machi="132" ten="30,5800,0" yaku="20,1,52,1,54,1" doraHai="90" who="3" fromWho="0" sc="72,-61,219,0,500,0,209,61" /><INIT seed="3,2,0,1,4,102" ten="11,219,500,270" oya="3" hai0="96,106,18,53,7,46,110,26,97,12,25,30,68" hai1="130,73,11,61,99,86,48,38,22,98,92,76,41" hai2="27,13,45,111,56,121,21,71,101,72,47,128,131" hai3="133,44,132,91,78,23,113,3,49,24,83,16,63"/><W5/><G113/><T43/><D110/><U116/><E38/><V134/><F71/><W66/><G91/><T17/><D68/><U34/><E34/><V42/><F111/><W112/><G112/><T117/><D117/><U85/><E130/><V115/><F72/><W31/><G5/><T37/><D53/><U55/><E73/><V127/><F13/><W125/><G3/><T84/><D84/><U54/><E116/><V64/><F134/><N who="3" m="51819" /><G125/><T119/><D119/><U107/><E107/><V57/><F101/><W62/><G31/><T70/><D70/><U36/><E36/><V135/><F127/><W39/><G39/><T88/><D106/><U82/><E11/><V51/><F115/><W122/><G122/><T65/><D65/><U15/><E41/><V104/><F121/><W50/><G50/><T120/><D120/><U29/><E61/><V75/><F51/><W80/><G80/><T1/><D18/><U129/><E29/><V95/><F135/><W69/><G69/><T89/><D96/><U105/><E99/><V94/><F131/><W2/><G2/><T40/><D40/><U124/><E98/><V0/><F0/><W19/><G19/><T59/><D59/><U58/><E58/><V74/><F128/><W90/><G90/><N who="0" m="34923" /><D97/><U9/><E129/><V81/><F81/><W10/><G66/><T114/><D114/><U32/><E82/><V28/><F64/><W123/><G123/><T6/><D1/><U60/><E48/><V79/><F28/><W87/><G10/><N who="0" m="6295" /><D30/><U77/><E124/><V109/><F109/><W118/><G118/><RYUUKYOKU ba="2,0" sc="11,15,219,-15,500,-15,270,15" hai0="6,7,25,26,37,43,46" hai3="16,23,24,44,49,62,63,78,83,87" /><INIT seed="3,3,0,1,0,126" ten="26,204,485,285" oya="3" hai0="49,51,47,71,53,122,62,87,2,104,125,116,75" hai1="66,27,68,118,76,93,96,29,63,70,15,60,89" hai2="74,5,13,110,48,20,69,37,73,35,12,24,26" hai3="8,25,45,95,36,42,21,90,77,23,105,81,58"/><W50/><G105/><T99/><D2/><U31/><E76/><V88/><F37/><W9/><G36/><T91/><D125/><U54/><E118/><V18/><F69/><W92/><G58/><T79/><D122/><U14/><E31/><V120/><F120/><W113/><G113/><T44/><D116/><U28/><E28/><V106/><F106/><W33/><G33/><T64/><D75/><U132/><E132/><V0/><F13/><W109/><G109/><T43/><D79/><U102/><E89/><V41/><F26/><W10/><G90/><T101/><D87/><U100/><E100/><V128/><F110/><W59/><G59/><T40/><REACH who="0" step="1"/><D91/><REACH who="0" ten="16,204,485,285" step="2"/><U38/><E102/><V131/><F74/><W112/><G77/><T114/><D114/><U19/><E96/><V98/><F73/><W72/><G72/><T115/><D115/><U17/><E70/><V107/><F0/><W135/><G112/><T103/><D103/><U97/><E68/><V119/><F119/><W57/><G135/><T3/><D3/><U30/><E97/><V117/><F117/><W32/><G81/><T7/><D7/><U80/><E80/><V133/><F133/><W86/><G86/><T134/><D134/><U6/><E6/><V129/><F88/><W94/><G92/><T4/><D4/><U56/><E93/><V111/><F111/><W39/><G95/><T85/><D85/><U123/><E123/><V22/><F5/><W130/><G94/><T1/><D1/><U127/><E127/><V108/><F108/><W121/><G121/><T52/><AGARI ba="3,1" hai="40,43,44,47,49,51,52,53,62,64,71,99,101,104" machi="52" ten="20,12000,2" yaku="1,1,5,1,0,1,7,1,9,1,54,1,53,0" doraHai="126" doraHaiUra="83" who="0" fromWho="0" sc="16,139,204,-33,485,-33,285,-63" /><INIT seed="4,0,0,2,5,15" ten="155,171,452,222" oya="0" hai0="99,60,107,41,86,106,49,17,69,42,46,82,5" hai1="89,61,51,97,115,81,34,38,20,19,102,67,54" hai2="77,84,27,112,4,50,11,126,31,16,118,79,53" hai3="36,122,70,132,18,110,105,28,127,62,121,109,98"/><T117/><D117/><U124/><E34/><V65/><F65/><N who="3" m="41271" /><G18/><T108/><D108/><N who="3" m="41577" /><G36/><T23/><D5/><U95/><E38/><V83/><F112/><W1/><G28/><T120/><D120/><U90/><E124/><V71/><F126/><W43/><G43/><T55/><D69/><U73/><E115/><V103/><F103/><N who="3" m="62711" /><G127/><T58/><D99/><U35/><E35/><V114/><F71/><W125/><G125/><T94/><D94/><U37/><E37/><V96/><F27/><W133/><G1/><T7/><D42/><U101/><E61/><V13/><F11/><W59/><G59/><T92/><D92/><U22/><E67/><V66/><F4/><W44/><G44/><T0/><D7/><U12/><E22/><V74/><F79/><W39/><G39/><T128/><D0/><U8/><E20/><V24/><F74/><W56/><G56/><T25/><REACH who="0" step="1"/><D128/><REACH who="0" ten="145,171,452,222" step="2"/><U52/><E102/><V6/><F96/><W78/><G78/><AGARI ba="0,1" hai="17,23,25,41,46,49,55,58,60,78,82,86,106,107" machi="78" ten="30,11600,0" yaku="1,1,2,1,7,1,52,1,53,0" doraHai="15" doraHaiUra="9" who="0" fromWho="3" sc="145,126,171,0,452,0,222,-116" /><INIT seed="4,1,0,1,1,129" ten="271,171,452,106" oya="0" hai0="86,81,134,39,59,33,133,89,92,65,54,55,101" hai1="87,40,19,66,122,70,0,43,45,42,44,95,9" hai2="99,47,28,102,53,29,90,120,36,71,72,135,22" hai3="106,31,68,78,107,112,132,35,51,123,128,91,14"/><T46/><D33/><U10/><E122/><V32/><F72/><W94/><G128/><T26/><D26/><U124/><E124/><V69/><F32/><W4/><G123/><T34/><D34/><U105/><E105/><V67/><F120/><W103/><G68/><T130/><D130/><U18/><E70/><V24/><F29/><W108/><G108/><T75/><D65/><U61/><E66/><V79/><F79/><W115/><G35/><T76/><D101/><U80/><E61/><V73/><F73/><W25/><G25/><T113/><D113/><N who="3" m="43593" /><G31/><T63/><REACH who="0" step="1"/><D55/><REACH who="0" ten="261,171,452,106" step="2"/><U109/><E40/><AGARI ba="1,1" hai="39,40,46,54,59,63,75,76,81,86,89,92,133,134" machi="40" ten="40,12000,1" yaku="1,1,2,1,52,2,53,0" doraHai="129" doraHaiUra="20" who="0" fromWho="1" sc="261,133,171,-123,452,0,106,0" /><INIT seed="4,2,0,4,2,1" ten="394,48,452,106" oya="0" hai0="97,23,32,15,105,92,7,99,86,54,73,93,122" hai1="68,130,87,113,46,117,79,77,41,127,12,118,119" hai2="20,22,16,96,49,51,53,112,89,64,134,123,70" hai3="126,120,61,57,98,27,44,85,62,10,21,38,129"/><T75/><D32/><U13/><E68/><V11/><F123/><W69/><G120/><T124/><D122/><U40/><E130/><V24/><F134/><W36/><G129/><T25/><D124/><U55/><E127/><V30/><F112/><W47/><G126/><T18/><D105/><U17/><E113/><V5/><F64/><W115/><G10/><N who="0" m="4575" /><D75/><U128/><E128/><V39/><F39/><W6/><G115/><T132/><D73/><U42/><E87/><V72/><F72/><W83/><G98/><N who="0" m="37387" /><D132/><U14/><E17/><V9/><F9/><W28/><G69/><T59/><D86/><U111/><E111/><V56/><F70/><W4/><G36/><T2/><D2/><U31/><E31/><V52/><F22/><W94/><G44/><T82/><D82/><U33/><E33/><V74/><F30/><W26/><G47/><T84/><D84/><U67/><E67/><V90/><F96/><W45/><G45/><T65/><D65/><U95/><E95/><V19/><F19/><W8/><G94/><T3/><D3/><U63/><E46/><N who="2" m="27895" /><F74/><W91/><G38/><T43/><D43/><U102/><E102/><V110/><F110/><W135/><G135/><T29/><D29/><U35/><E35/><V76/><F20/><W37/><G37/><T101/><D101/><U50/><E50/><AGARI ba="2,0" hai="18,23,25,50,54,59,92,93" m="37387,4575" machi="50" ten="30,2900,0" yaku="8,1,52,1" doraHai="1" who="0" fromWho="1" sc="394,35,48,-35,452,0,106,0" /><INIT seed="4,3,0,2,4,24" ten="429,13,452,106" oya="0" hai0="129,89,52,69,100,49,110,23,86,56,31,70,25" hai1="133,84,13,39,125,34,121,22,77,12,95,67,112" hai2="85,98,116,124,101,96,65,42,75,76,36,83,111" hai3="135,15,17,105,7,61,72,123,58,134,107,119,102"/><T43/><D129/><U28/><E121/><V131/><F111/><W60/><G123/><T57/><D110/><U114/><E39/><V40/><F116/><W78/><G119/><T54/><D100/><U118/><E118/><V55/><F131/><W81/><G7/><T32/><D32/><U108/><E108/><V8/><F124/><W91/><G102/><T126/><D43/><N who="2" m="16426" /><F36/><W74/><G91/><T44/><D126/><U62/><E125/><V93/><F75/><W45/><G45/><T11/><D11/><U41/><E41/><V4/><F96/><W27/><G27/><T79/><D79/><U14/><E133/><V33/><F33/><W20/><G74/><T68/><REACH who="0" step="1"/><D54/><REACH who="0" ten="419,13,452,106" step="2"/><U16/><E34/><V26/><F55/><W30/><G134/><T59/><D59/><N who="1" m="37343" /><E28/><V80/><F65/><W18/><G30/><T47/><D47/><U88/><E77/><V3/><F3/><W19/><G135/><T120/><D120/><U5/><E5/><V9/><F4/><W99/><G78/><T103/><D103/><U90/><E90/><V73/><F73/><W66/><G72/><T29/><D29/><U94/><E94/><AGARI ba="3,1" hai="23,25,31,44,49,52,56,57,68,69,70,86,89,94" machi="94" ten="40,12000,1" yaku="1,1,52,1,54,1,53,2" doraHai="24" doraHaiUra="53" who="0" fromWho="1" sc="419,139,13,-129,452,0,106,0" owari="558,65.8,-116,-61.6,452,25.2,106,-29.4" /></mjloggm>