<mjloggm ver="2.3"><GO type="169" lobby="0"/><UN n0="%E3%81%82%E3%81%BE%E3%81%82%E3%82%93" n1="%65%6B%61%72%75%74%65" n2="%E3%81%9F%E3%81%AA%E3%81%8B%E6%95%99%E7%A5%96" n3="%E3%83%99%E3%83%AA%E3%83%B3%E3%83%80" dan="16,16,17,17" rate="2102.64,2108.11,2158.53,2198.50" sx="M,M,M,M"/><TAIKYOKU oya="0"/><INIT seed="0,0,0,1,0,42" ten="250,250,250,250" oya="0" hai0="26,41,129,75,29,101,59,53,104,66,121,12,73" hai1="100,52,72,88,24,71,45,35,14,36,57,69,25" hai2="58,31,5,48,1,114,61,56,117,83,116,84,120" hai3="107,92,80,78,113,40,6,132,90,55,7,47,19"/><T13/><D121/><U110/><E72/><V102/><F120/><W122/><G107/><T33/><D129/><U81/><E110/><V22/><F114/><W134/><G19/><T111/><D111/><U112/><E112/><V62/><F102/><W4/><G55/><T3/><D3/><U105/><E100/><V30/><F5/><W130/><G130/><T23/><D66/><U20/><E105/><V54/><F1/><W108/><G108/><T34/><D41/><U10/><E35/><V85/><F48/><W98/><G113/><T16/><D34/><U128/><E128/><V2/><F2/><W99/><G99/><T97/><REACH who="0" step="1"/><D12/><REACH who="0" ten="240,250,250,250" step="2"/><U119/><E119/><V38/><F116/><W93/><G122/><T82/><D82/><U37/><E69/><V125/><F117/><W74/><REACH who="3" step="1"/><G93/><REACH who="3" ten="240,250,250,240" step="2"/><T135/><D135/><U95/><E95/><V51/><F83/><W32/><G32/><T28/><D28/><U70/><E81/><V77/><F31/><W106/><G106/><T86/><D86/><U65/><E65/><V27/><F84/><W17/><G17/><T87/><D87/><U67/><E67/><V109/><F85/><W124/><G124/><T96/><D96/><U46/><E52/><V44/><F125/><W133/><G133/><T103/><D103/><U11/><E70/><V50/><F109/><W127/><G127/><T39/><D39/><AGARI ba="0,2" hai="4,6,7,39,40,47,74,78,80,90,92,98,132,134" machi="39" ten="40,5200,0" yaku="1,1,52,1,53,1" doraHai="42" doraHaiUra="94" who="3" fromWho="0" sc="240,-52,250,0,250,0,240,72" /><INIT seed="1,0,0,4,2,134" ten="188,250,250,312" oya="1" hai0="73,87,68,133,42,60,110,122,49,69,3,43,47" hai1="25,17,13,0,1,72,131,121,53,64,16,74,33" hai2="81,126,41,58,117,38,93,66,103,19,116,79,52" hai3="34,56,26,115,112,50,61,21,29,55,96,12,107"/><U101/><E121/><V6/><F66/><W46/><G34/><T67/><D73/><U27/><E64/><V23/><F6/><W102/><REACH who="3" step="1"/><G12/><REACH who="3" ten="188,250,250,302" step="2"/><T91/><D3/><U32/><E13/><V2/><F2/><W123/><G123/><T76/><D122/><U98/><E131/><V104/><F116/><W83/><G83/><T78/><D133/><U28/><E1/><V84/><F117/><W119/><G119/><T92/><D69/><U128/><E0/><V120/><F120/><W37/><G37/><T111/><REACH who="0" step="1"/><D43/><AGARI ba="0,1" hai="21,26,29,43,46,50,55,56,61,96,102,107,112,115" machi="43" ten="30,2000,0" yaku="1,1,7,1,53,0" doraHai="134" doraHaiUra="129" who="3" fromWho="0" sc="188,-20,250,0,250,0,302,30" /><INIT seed="2,0,0,3,1,84" ten="168,250,250,332" oya="2" hai0="111,52,135,22,82,129,115,72,61,35,64,104,47" hai1="78,48,46,132,71,58,126,98,73,112,125,56,123" hai2="85,122,110,127,89,75,17,77,12,2,116,16,128" hai3="11,30,117,70,108,6,15,118,68,91,130,34,80"/><V23/><F116/><W102/><G130/><T27/><D115/><U8/><E112/><V53/><F122/><W69/><G108/><T24/><D111/><U49/><E73/><V95/><F110/><W106/><G106/><T54/><D104/><U86/><E123/><V32/><F128/><W45/><G102/><T99/><D129/><U25/><E71/><V131/><F131/><W40/><G30/><T4/><D135/><U39/><E132/><V92/><F2/><W13/><G34/><T0/><D35/><U57/><E98/><V60/><F32/><W33/><G33/><T105/><D27/><U114/><E114/><V88/><F127/><N who="1" m="48649" /><E25/><N who="2" m="14567" /><F75/><W94/><G15/><T1/><D1/><U9/><E39/><V97/><F77/><W18/><G80/><T76/><D4/><U59/><N who="1" m="14336" /><DORA hai="74" /><U50/><E46/><V120/><F120/><W14/><G45/><T43/><D0/><U63/><E63/><V10/><F60/><W101/><G101/><T119/><D119/><U3/><E3/><V133/><F133/><W31/><G31/><T93/><D105/><U44/><E44/><V65/><F53/><W36/><G36/><N who="0" m="21991" /><D61/><U90/><E78/><V113/><F113/><W67/><G67/><AGARI ba="0,0" hai="10,12,17,65,67,85,88,89,92,95,97" m="14567" machi="67" ten="30,12000,1" yaku="8,1,52,2,54,2" doraHai="84,74" who="2" fromWho="3" sc="168,0,250,0,250,120,332,-120" /><INIT seed="2,1,0,4,0,42" ten="168,250,370,212" oya="2" hai0="85,122,53,9,50,114,34,106,71,77,121,12,74" hai1="82,131,32,4,36,113,97,115,68,35,48,41,65" hai2="133,83,92,25,93,21,112,89,95,130,0,70,118" hai3="100,14,105,51,45,26,63,119,69,111,73,132,47"/><V123/><F112/><W43/><G73/><T107/><D114/><U18/><E131/><V87/><F118/><W90/><G119/><T28/><D74/><U124/><E48/><V56/><F123/><W125/><G111/><T134/><D71/><U78/><E18/><V27/><F70/><W20/><G125/><T59/><D134/><U52/><E52/><V110/><F0/><W17/><G132/><T37/><D37/><U64/><E64/><V5/><F133/><W38/><G90/><T127/><D127/><U44/><E124/><V116/><F116/><W40/><G105/><T6/><D34/><U8/><E97/><V102/><F5/><W99/><G69/><T31/><D107/><U109/><E109/><V3/><F3/><W104/><REACH who="3" step="1"/><G63/><REACH who="3" ten="168,250,370,202" step="2"/><T58/><D106/><U61/><E115/><V135/><F110/><W39/><G39/><T29/><D122/><U67/><E113/><V7/><F135/><W54/><G54/><T11/><D121/><U10/><E67/><V1/><F130/><W128/><G128/><T46/><REACH who="0" step="1"/><D9/><REACH who="0" ten="158,250,370,202" step="2"/><U60/><E10/><V103/><F103/><W79/><G79/><T66/><D66/><U22/><E65/><V117/><F102/><W129/><G129/><T72/><D72/><N who="1" m="43335" /><E68/><V84/><F117/><W96/><G96/><T33/><D33/><N who="1" m="12875" /><E22/><V24/><F21/><W19/><G19/><T57/><D57/><U75/><E75/><V30/><F56/><W55/><G55/><T98/><D98/><U120/><E120/><V15/><F89/><W13/><AGARI ba="1,2" hai="13,14,17,20,26,38,40,43,45,47,51,99,100,104" machi="13" ten="30,7900,0" yaku="1,1,0,1,52,2,53,0" doraHai="42" doraHaiUra="81" who="3" fromWho="3" sc="158,-21,250,-21,370,-40,202,102" /><INIT seed="3,0,0,5,5,117" ten="137,229,330,304" oya="3" hai0="126,113,51,83,109,81,41,128,4,47,85,102,49" hai1="57,68,30,31,134,89,76,107,79,58,131,23,61" hai2="13,129,40,66,73,114,100,62,56,55,16,84,93" hai3="7,44,115,1,116,35,27,106,15,12,6,45,122"/><W8/><G115/><T72/><D113/><U5/><E107/><V80/><F114/><W14/><G106/><T60/><D109/><U120/><E120/><V133/><F129/><W103/><G103/><T46/><D128/><U0/><E68/><V29/><F29/><N who="3" m="19903" /><G44/><T38/><D126/><U86/><E131/><V25/><F133/><W65/><G45/><T33/><D33/><U87/><E134/><V34/><F34/><W22/><G65/><T42/><D102/><U70/><E70/><V108/><F108/><W20/><G116/><T90/><D4/><U88/><E5/><V24/><F40/><W75/><G75/><T105/><D105/><U118/><E118/><V64/><F73/><W71/><G71/><T36/><REACH who="0" step="1"/><D60/><REACH who="0" ten="127,229,330,304" step="2"/><U53/><E0/><V121/><F100/><W110/><G110/><T26/><D26/><U3/><E3/><V99/><F25/><W43/><G6/><T112/><D112/><U111/><E111/><V132/><F24/><W78/><G1/><T69/><D69/><U94/><E31/><V17/><F62/><W21/><G7/><T91/><D91/><U125/><E125/><V48/><F17/><W2/><G2/><T10/><D10/><U124/><E124/><V135/><F16/><W74/><G8/><T130/><D130/><U98/><E89/><V32/><F132/><W104/><G104/><T96/><D96/><U37/><E30/><V82/><F32/><W127/><G127/><T95/><D95/><U123/><E94/><V67/><F135/><W54/><G14/><T39/><D39/><U28/><E37/><RYUUKYOKU ba="0,1" sc="127,30,229,-10,330,-10,304,-10" hai0="36,38,41,42,46,47,49,51,72,81,83,85,90" /><INIT seed="4,1,1,5,3,75" ten="157,219,320,294" oya="0" hai0="110,107,135,116,6,113,103,105,43,26,3,72,23" hai1="12,25,99,2,10,70,100,126,109,59,57,34,98" hai2="5,24,33,87,36,11,29,15,32,80,60,134,120" hai3="101,117,4,115,104,82,48,46,77,69,63,118,71"/><T28/><D116/><U40/><E70/><V54/><F120/><W74/><G115/><T58/><D113/><U108/><E2/><V94/><F36/><W64/><G71/><T55/><D135/><U125/><E40/><V51/><F134/><W127/><G127/><N who="1" m="48650" /><E25/><V112/><F112/><W91/><G4/><T19/><D110/><N who="1" m="42603" /><E34/><V31/><F60/><W133/><G133/><T44/><D72/><U65/><E65/><V17/><F94/><W97/><REACH who="3" step="1"/><G91/><REACH who="3" ten="157,219,320,284" step="2"/><T106/><D6/><N who="1" m="3159" /><E99/><V8/><F32/><W68/><G68/><T76/><D3/><U129/><E129/><V14/><F33/><W79/><G79/><T47/><D76/><U73/><E73/><V50/><F24/><W13/><G13/><T52/><D26/><U122/><E122/><V20/><F15/><W102/><G102/><T85/><D103/><U124/><N who="1" m="48658" /><U39/><DORA hai="92" /><E39/><V49/><F14/><W22/><G22/><T121/><D23/><U37/><E37/><V132/><F20/><W61/><G61/><T0/><D121/><U89/><E89/><V38/><F132/><W111/><G111/><T16/><D0/><U56/><E100/><V41/><F38/><W86/><G86/><T18/><D85/><U53/><E98/><V27/><F87/><W123/><G123/><T35/><D35/><U45/><E45/><V67/><F27/><W114/><G114/><T93/><D47/><U119/><E119/><V95/><F5/><W42/><AGARI ba="1,2" hai="42,46,48,63,64,69,74,77,82,97,101,104,117,118" machi="42" ten="20,8000,1" yaku="1,1,0,1,7,1,52,2,53,0" doraHai="75,92" doraHaiUra="84,128" who="3" fromWho="3" sc="157,-41,219,-21,320,-21,284,103" /><INIT seed="5,0,0,0,2,16" ten="116,198,299,387" oya="1" hai0="120,83,135,49,65,78,108,39,77,109,100,92,23" hai1="102,2,107,51,114,89,85,61,112,60,127,28,67" hai2="123,66,116,81,14,31,18,111,52,91,101,115,132" hai3="5,75,95,62,45,29,133,110,79,4,1,25,125"/><U118/><E118/><V57/><F116/><W33/><G110/><T69/><D39/><U94/><E2/><V41/><F123/><W90/><G125/><T46/><D120/><U17/><E127/><V26/><F111/><W43/><G133/><T59/><D135/><U37/><E37/><V104/><F132/><W82/><G62/><T72/><D69/><U6/><E6/><V42/><F66/><W113/><G1/><T11/><D78/><U27/><E17/><V47/><F115/><N who="1" m="44073" /><E51/><V74/><F104/><W80/><G80/><T88/><D100/><U15/><E15/><V122/><F101/><W70/><G70/><T50/><D11/><U68/><E61/><V130/><F130/><W93/><G93/><T71/><D71/><U63/><E60/><N who="2" m="35879" /><F74/><W19/><G19/><T38/><D38/><U54/><E54/><V44/><F122/><W134/><G134/><T87/><D65/><U3/><E3/><V84/><F26/><W24/><G25/><T131/><D131/><U34/><E102/><V53/><F31/><W121/><G121/><T126/><D126/><U86/><E107/><V22/><F53/><W13/><G13/><T58/><D109/><U8/><E8/><V124/><F124/><W32/><G113/><T55/><D108/><U76/><E76/><V56/><F56/><N who="0" m="21546" /><D49/><U106/><E106/><V73/><F73/><W48/><G33/><T105/><D105/><U10/><E10/><V98/><F98/><AGARI ba="0,0" hai="4,5,24,29,32,43,45,48,75,79,82,90,95,98" machi="98" ten="30,1000,0" yaku="7,1" doraHai="16" who="3" fromWho="2" sc="116,0,198,0,299,-10,387,10" /><AGARI ba="0,0" hai="27,28,34,63,67,68,85,86,89,94,98" m="44073" machi="98" ten="30,1500,0" yaku="15,1" doraHai="16" who="1" fromWho="2" sc="116,0,198,15,289,-15,397,0" /><INIT seed="5,1,0,4,0,87" ten="116,213,274,397" oya="1" hai0="121,77,56,128,42,91,99,96,19,40,23,64,7" hai1="20,100,88,108,59,98,126,90,15,73,123,30,51" hai2="0,75,24,6,38,8,60,68,131,89,49,50,109" hai3="82,132,76,116,104,102,94,25,120,29,17,110,111"/><U124/><E123/><V43/><F109/><W48/><G120/><T66/><D121/><U31/><E73/><V28/><F131/><W1/><G1/><T55/><D128/><U93/><E108/><V9/><F75/><W115/><G104/><T97/><D7/><U67/><E124/><V70/><F38/><W122/><G122/><T35/><D35/><U36/><E36/><V101/><F9/><W112/><G132/><T107/><D77/><U58/><E126/><V37/><F37/><W103/><G17/><T14/><D107/><U95/><E100/><N who="3" m="38442" /><G94/><T81/><D66/><U22/><E67/><V44/><F60/><W18/><G18/><T125/><D64/><U27/><E51/><V61/><F61/><W4/><G4/><T71/><D71/><U3/><E3/><V54/><F101/><W130/><G48/><N who="0" m="30823" /><D125/><U84/><E15/><V80/><F80/><W113/><G116/><T86/><AGARI ba="1,0" hai="14,19,23,40,42,81,86,91,96,97,99" m="30823" machi="86" ten="30,2000,0" yaku="8,1,52,1" doraHai="87" who="0" fromWho="0" sc="116,23,213,-11,274,-6,397,-6" /><INIT seed="6,0,0,2,2,122" ten="139,202,268,391" oya="2" hai0="13,69,14,0,131,12,103,129,133,64,93,111,21" hai1="67,66,5,109,72,117,70,35,46,42,79,116,99" hai2="84,53,98,19,49,73,107,37,114,20,86,61,118" hai3="135,22,108,123,110,52,11,1,101,85,6,105,25"/><V68/><F118/><N who="1" m="45673" /><E67/><V76/><F37/><W78/><G123/><T115/><D0/><U57/><E57/><V94/><F114/><W127/><G127/><T77/><D115/><U112/><E112/><V102/><F68/><W56/><G135/><T75/><D133/><U87/><E87/><V23/><F61/><W8/><G8/><T33/><D33/><U38/><E99/><V34/><F34/><W100/><G85/><T130/><D75/><U89/><E89/><V51/><F51/><W48/><G78/><T80/><D103/><U43/><E43/><V92/><F92/><W17/><G105/><T119/><D93/><U50/><E50/><V58/><F19/><W59/><G59/><T55/><D119/><U44/><E44/><V28/><F28/><W132/><G132/><T54/><D21/><U106/><E5/><V113/><F113/><W26/><G26/><T134/><D134/><U120/><E120/><V128/><F86/><W91/><G91/><T32/><D32/><U88/><E88/><N who="2" m="53511" /><F128/><W16/><G17/><T40/><D40/><U83/><E35/><V82/><AGARI ba="0,0" hai="20,23,49,53,58,73,76,82,98,102,107" m="53511" machi="82" ten="30,3000,0" yaku="24,1,54,1" doraHai="122" who="2" fromWho="2" sc="139,-10,202,-10,268,30,391,-10" /><INIT seed="6,1,0,3,4,105" ten="129,192,298,381" oya="2" hai0="134,73,0,4,8,98,80,115,111,75,20,56,130" hai1="12,81,90,22,128,119,40,107,14,78,88,53,17" hai2="104,6,85,133,64,125,129,102,2,19,100,18,28" hai3="116,83,49,126,36,127,87,97,58,21,25,77,94"/><V109/><F28/><W11/><G36/><T124/><D111/><U15/><E119/><V121/><F121/><W70/><G70/><T76/><D115/><U103/><E128/><V35/><F35/><W108/><G108/><T61/><D130/><U122/><E122/><V120/><F120/><W5/><G116/><T47/><D124/><N who="3" m="47657" /><G58/><T131/><D131/><U114/><E114/><V43/><F125/><W68/><G49/><T93/><D134/><U86/><E40/><V24/><F43/><W99/><G94/><T63/><D20/><U72/><E53/><V30/><F64/><W91/><G77/><T69/><D69/><U51/><E51/><V23/><F129/><W84/><G84/><T33/><D33/><U74/><E90/><V62/><F62/><W123/><G68/><T89/><D47/><U92/><E74/><V112/><F112/><W113/><G113/><T16/><D16/><N who="2" m="6186" /><F104/><W44/><G44/><T7/><D7/><U45/><E45/><V55/><F109/><W79/><G79/><T118/><D118/><U54/><E54/><V65/><F65/><W96/><G123/><T106/><D106/><U26/><E26/><V59/><F85/><W46/><G46/><T38/><D38/><U10/><E22/><V52/><F55/><W29/><G99/><AGARI ba="1,0" hai="10,12,14,15,17,72,78,81,86,88,92,99,103,107" machi="99" ten="40,8000,1" yaku="24,2,52,1,54,1" doraHai="105" who="1" fromWho="3" sc="129,0,192,83,298,0,381,-83" /><INIT seed="7,0,0,5,2,13" ten="129,275,298,298" oya="3" hai0="104,108,40,120,78,114,99,101,43,49,47,121,115" hai1="42,53,96,80,87,33,57,32,9,70,118,130,124" hai2="18,48,95,35,36,34,28,82,129,50,135,97,14" hai3="69,63,105,54,10,68,94,23,85,52,131,93,59"/><W125/><G105/><T20/><D78/><U22/><E70/><V98/><F36/><W81/><G131/><T12/><D108/><U74/><E74/><V86/><F129/><W45/><G125/><T84/><D84/><U16/><E130/><V21/><F135/><W8/><G68/><T72/><D72/><U66/><E124/><V58/><F98/><W119/><G119/><T31/><D40/><U1/><E118/><V5/><F5/><W127/><G69/><T38/><D38/><U116/><E116/><V107/><F107/><W67/><G23/><T37/><D49/><U83/><E66/><V2/><F2/><W73/><G73/><T109/><D109/><U26/><E96/><V65/><F28/><W110/><G127/><T100/><D100/><U29/><E42/><V25/><F25/><W133/><G133/><T91/><D91/><U106/><E106/><V0/><F0/><W3/><G3/><T90/><D90/><U112/><E112/><N who="0" m="43049" /><D31/><U24/><E33/><V88/><F34/><W61/><G110/><T75/><D75/><U132/><E87/><V4/><F4/><W27/><G27/><T19/><AGARI ba="0,0" hai="12,19,20,37,43,47,99,101,104,120,121" m="43049" machi="19" ten="30,4000,0" yaku="15,1,11,1,52,1" doraHai="13" who="0" fromWho="0" sc="129,40,275,-10,298,-10,298,-20" /><INIT seed="8,0,0,0,0,44" ten="169,265,288,278" oya="0" hai0="2,46,123,49,73,135,21,83,97,45,58,36,65" hai1="78,39,50,24,127,68,26,4,43,112,94,124,53" hai2="89,3,56,59,117,79,108,8,118,92,20,110,22" hai3="119,7,81,96,25,113,19,74,12,16,10,13,122"/><T9/><D123/><U1/><E68/><V67/><F79/><W54/><G113/><T62/><D135/><U41/><E112/><V103/><F103/><W72/><G119/><N who="2" m="45577" /><F8/><W87/><G122/><T91/><D36/><U5/><E78/><V37/><F3/><W33/><G96/><T28/><D73/><U133/><E94/><V17/><F37/><W99/><G99/><T129/><D129/><U63/><E63/><N who="2" m="38375" /><F59/><W27/><G54/><T131/><D131/><U82/><E82/><V109/><F17/><W61/><G61/><T71/><D2/><U31/><E26/><V134/><F134/><W47/><G47/><T32/><D9/><N who="1" m="2191" /><E5/><V80/><F80/><W6/><G33/><T48/><D32/><N who="1" m="20583" /><E39/><V93/><F93/><W34/><G34/><T84/><D97/><AGARI ba="0,0" hai="20,22,89,92,97,108,109,110" m="38375,45577" machi="97" ten="40,2600,0" yaku="16,1,12,1" doraHai="44" who="2" fromWho="0" sc="169,-26,265,0,288,26,278,0" owari="143,-35.7,265,-13.5,314,41.4,278,7.8" /></mjloggm>