<mjloggm ver="2.3"><GO type="169" lobby="0"/><UN n0="%E8%B5%A4%E3%83%9E%E3%83%AB%E5%A4%A7%E4%BD%90" n1="%E6%B3%A2%E4%B9%83%E7%90%86" n2="%E3%81%A1%E3%82%83%E3%82%8B%E3%82%81%E3%82%89" n3="%E3%82%A2%E3%83%B3%E3%81%95%E3%82%93" dan="16,16,17,18" rate="2092.82,2116.54,2222.02,2212.89" sx="F,M,M,M"/><TAIKYOKU oya="0"/><INIT seed="0,0,0,0,0,125" ten="250,250,250,250" oya="0" hai0="41,100,98,14,6,87,99,112,43,22,122,5,119" hai1="74,134,72,77,35,28,24,11,107,121,23,81,49" hai2="75,32,128,2,103,13,90,12,116,10,106,82,39" hai3="120,47,102,37,73,118,61,50,52,45,129,42,21"/><T17/><D112/><U57/><E121/><V84/><F32/><W108/><G120/><T124/><D122/><U48/><E107/><V104/><F39/><W117/><G73/><T114/><D119/><U53/><E134/><V92/><F2/><W78/><G78/><T111/><D114/><U46/><E74/><V66/><F66/><W130/><G102/><T70/><D70/><U31/><E11/><V62/><F62/><W20/><G108/><T56/><D124/><U93/><E93/><V51/><F116/><N who="3" m="44651" /><G20/><T34/><D34/><U26/><REACH who="1" step="1"/><E46/><REACH who="1" ten="250,240,250,250" step="2"/><V109/><F75/><W38/><G21/><T59/><D22/><U71/><E71/><V132/><F132/><W27/><G27/><T18/><D111/><U69/><E69/><V89/><F109/><W29/><G29/><T33/><D33/><U30/><E30/><V83/><F10/><W19/><G19/><T1/><D18/><U123/><E123/><V44/><F92/><W95/><G95/><T9/><D17/><U16/><E16/><V68/><F106/><W40/><G61/><AGARI ba="0,1" hai="23,24,26,28,31,35,48,49,53,57,61,72,77,81" machi="61" ten="30,2000,0" yaku="1,1,7,1,53,0" doraHai="125" doraHaiUra="97" who="1" fromWho="3" sc="250,0,240,30,250,0,250,-20" /><INIT seed="1,0,0,5,0,113" ten="250,270,250,230" oya="1" hai0="45,135,13,8,60,90,34,128,68,87,91,58,93" hai1="41,2,117,123,3,98,29,48,134,5,83,79,78" hai2="52,118,106,42,37,100,65,77,53,26,84,80,111" hai3="86,35,22,82,126,102,57,97,70,21,96,88,12"/><U61/><E123/><V85/><F111/><W15/><G126/><T56/><D135/><U74/><E134/><V67/><F106/><W95/><G70/><T122/><D128/><U107/><E29/><V59/><F100/><W38/><G35/><T92/><D34/><U127/><E127/><V49/><F118/><W94/><G38/><T33/><D33/><U43/><E117/><V131/><F131/><W99/><G99/><T54/><D122/><U32/><E32/><V108/><F108/><W4/><G57/><T116/><D116/><U0/><E79/><V72/><F26/><W120/><G120/><T130/><D130/><U44/><E61/><V133/><F133/><W55/><G55/><T46/><D58/><U132/><E132/><V17/><F17/><W63/><G63/><T119/><D68/><U124/><E124/><V23/><F23/><N who="3" m="8715" /><G4/><T81/><D81/><U64/><E64/><V40/><F53/><W125/><G125/><T7/><REACH who="0" step="1"/><D119/><REACH who="0" ten="240,270,250,230" step="2"/><U11/><E43/><V89/><F42/><W39/><G39/><T25/><D25/><U14/><E14/><V50/><F37/><W20/><N who="3" m="8723" /><W71/><DORA hai="51" /><G71/><T10/><D10/><U27/><E27/><V76/><F40/><W16/><G16/><T9/><D9/><U62/><E2/><V103/><F59/><W129/><G129/><T18/><D18/><U114/><E0/><V104/><F67/><W6/><G6/><T19/><D19/><U109/><E3/><V47/><F65/><W31/><G31/><T24/><D24/><U115/><E115/><V66/><F66/><RYUUKYOKU ba="0,1" sc="240,15,270,-15,250,-15,230,15" hai0="7,8,13,45,46,54,56,60,87,90,91,92,93" hai3="12,15,82,86,88,94,95,96,97,102" /><INIT seed="2,1,1,3,5,101" ten="255,255,235,245" oya="2" hai0="86,128,75,2,29,12,52,100,13,122,19,126,43" hai1="11,70,36,84,51,131,68,7,33,26,115,44,0" hai2="103,56,85,61,54,25,110,123,73,78,102,97,132" hai3="116,49,63,34,31,133,42,53,120,9,69,22,96"/><V17/><F123/><W23/><G116/><T92/><D75/><U60/><E115/><V41/><F73/><W79/><G120/><T109/><D2/><U8/><E131/><V121/><F121/><W113/><G79/><T91/><D122/><U40/><E11/><V71/><F132/><W3/><G34/><T48/><D128/><U98/><E84/><V119/><F119/><W94/><G31/><T47/><D109/><U18/><E51/><V81/><F110/><W62/><G42/><T104/><D126/><U90/><E60/><V55/><F103/><W64/><G63/><T117/><D29/><N who="1" m="19639" /><E90/><V35/><F41/><W129/><G113/><T83/><D117/><U30/><E18/><V24/><F71/><N who="1" m="27177" /><E98/><V57/><F35/><W14/><G133/><T37/><D92/><U4/><E30/><V5/><F5/><W89/><G3/><T125/><D19/><U134/><E4/><V20/><F25/><W28/><G28/><T77/><D91/><U76/><E76/><V114/><F114/><W106/><G129/><T108/><D108/><U1/><E1/><V95/><REACH who="2" step="1"/><F57/><REACH who="2" ten="255,255,225,245" step="2"/><W111/><G111/><T88/><D43/><U45/><E134/><V72/><F72/><W118/><G118/><T16/><D100/><U67/><E45/><V82/><F82/><W21/><G69/><T112/><D112/><U124/><E124/><V80/><F80/><W15/><G15/><T39/><D13/><U135/><E135/><V127/><F127/><W59/><G14/><T105/><D125/><U107/><E67/><AGARI ba="1,2" hai="17,20,24,54,55,56,61,67,78,81,85,95,97,102" machi="67" ten="30,5800,0" yaku="1,1,7,1,8,1,53,0" doraHai="101" doraHaiUra="130" who="2" fromWho="1" sc="255,0,255,-61,225,81,245,0" /><INIT seed="2,2,0,3,0,90" ten="255,194,306,245" oya="2" hai0="119,17,9,98,100,25,6,105,22,29,89,109,38" hai1="28,95,96,129,99,19,83,110,45,26,71,57,0" hai2="66,32,52,65,61,111,36,97,70,128,122,91,74" hai3="121,135,67,107,117,86,103,108,50,113,72,104,126"/><V56/><F122/><W82/><G50/><T60/><D109/><U15/><E0/><V35/><F111/><W63/><G108/><T44/><D119/><U78/><E71/><V132/><F74/><W34/><G34/><T92/><D60/><U39/><E110/><V112/><F112/><W43/><G43/><T37/><D29/><U13/><E39/><V127/><F127/><W69/><G113/><T5/><D44/><U33/><E99/><V7/><F7/><W4/><G4/><T114/><D6/><U53/><E45/><V79/><F79/><W16/><G72/><T118/><D118/><U120/><E120/><V58/><F36/><W68/><G135/><T62/><D62/><U27/><E27/><V85/><F132/><W55/><G69/><T51/><D51/><U48/><E19/><V40/><F128/><W81/><G16/><T133/><D133/><U106/><E106/><V93/><F40/><W116/><G107/><T54/><D54/><U10/><E10/><V18/><F70/><W42/><G121/><T47/><D47/><U75/><REACH who="1" step="1"/><E129/><REACH who="1" ten="255,184,306,245" step="2"/><V84/><F58/><N who="3" m="35295" /><G68/><T1/><REACH who="0" step="1"/><D114/><REACH who="0" ten="245,184,306,245" step="2"/><U123/><E123/><V11/><F56/><W102/><G116/><T2/><D2/><U115/><E115/><V124/><F124/><W80/><G126/><T30/><D30/><U49/><E49/><V101/><F61/><W3/><G117/><T77/><D77/><U20/><E20/><V59/><F59/><W94/><G3/><T64/><D64/><U31/><E31/><V24/><F66/><W87/><G67/><T46/><D46/><RYUUKYOKU ba="2,2" sc="245,15,184,15,306,-15,245,-15" hai0="1,5,9,17,22,25,37,38,89,92,98,100,105" hai1="13,15,26,28,33,48,53,57,75,78,83,95,96" /><INIT seed="3,3,2,5,0,114" ten="260,199,291,230" oya="3" hai0="110,32,48,57,132,131,133,21,74,12,76,66,41" hai1="7,103,65,130,93,30,47,116,91,58,126,35,19" hai2="135,105,28,87,6,71,53,106,86,90,129,84,33" hai3="38,56,82,96,107,20,43,62,81,128,134,109,9"/><W46/><G128/><T117/><D32/><U16/><E130/><V22/><F129/><W23/><G134/><T125/><D131/><U55/><E7/><V45/><F135/><N who="0" m="51786" /><D110/><U14/><E103/><V51/><F33/><W119/><G109/><T59/><D125/><U75/><E75/><V120/><F71/><W44/><G44/><N who="0" m="25615" /><D117/><U79/><E79/><V104/><F6/><W92/><G107/><T61/><D76/><U69/><E116/><V70/><F70/><W10/><G119/><T17/><D74/><U95/><E126/><V11/><F11/><W18/><G10/><T2/><D2/><U100/><E30/><V80/><F120/><W122/><G9/><T115/><D59/><U24/><E35/><V94/><F28/><W101/><G23/><T4/><D4/><U67/><E69/><V31/><F22/><W121/><G122/><T112/><AGARI ba="3,2" hai="12,17,21,57,61,66,112,115" m="25615,51786" machi="112" ten="30,1100,0" yaku="20,1" doraHai="114" who="0" fromWho="0" sc="260,40,199,-6,291,-6,230,-8" /><INIT seed="4,0,0,4,0,2" ten="300,193,285,222" oya="0" hai0="70,83,98,105,53,122,77,129,32,38,27,58,10" hai1="101,130,47,97,30,93,60,120,24,5,74,45,115" hai2="9,91,31,36,79,106,8,75,117,121,133,14,107" hai3="66,85,29,95,46,116,49,12,69,125,52,1,4"/><T18/><D122/><U20/><E120/><V15/><F121/><W40/><G125/><T57/><D70/><U94/><E74/><V103/><F36/><W55/><G116/><T76/><D38/><U119/><E119/><V80/><F117/><W111/><G111/><T71/><D71/><U28/><E130/><V113/><F113/><W13/><G1/><T109/><D129/><U112/><E30/><V68/><F68/><W128/><G128/><T135/><D135/><U7/><E60/><V6/><F31/><W123/><G123/><T114/><D114/><N who="1" m="43563" /><E93/><V81/><F133/><W59/><G29/><T61/><D32/><U3/><E3/><V118/><F118/><W0/><G0/><T33/><D33/><U78/><E78/><V56/><F56/><W127/><G127/><T108/><D58/><U134/><E134/><V88/><F81/><W37/><G55/><T132/><D132/><U102/><E102/><V44/><F44/><AGARI ba="0,0" hai="5,7,20,24,28,44,45,47,94,97,101" m="43563" machi="44" ten="30,7700,0" yaku="15,1,11,1,52,2" doraHai="2" who="1" fromWho="2" sc="300,0,193,77,285,-77,222,0" /><INIT seed="5,0,0,4,2,108" ten="300,270,208,222" oya="1" hai0="59,102,127,58,68,37,32,115,87,86,100,6,8" hai1="26,113,16,67,133,98,80,99,107,20,52,50,9" hai2="103,114,43,29,101,34,111,57,18,38,112,95,49" hai3="121,106,63,1,39,15,124,21,54,11,30,79,51"/><U128/><E128/><V28/><F38/><W62/><G121/><T65/><D32/><U92/><E133/><V78/><F111/><W85/><G124/><T130/><D37/><U105/><E67/><V5/><F5/><W66/><G106/><T19/><D68/><U27/><E113/><N who="2" m="43627" /><F78/><W4/><G66/><T17/><D65/><U46/><E80/><V131/><F131/><W36/><G36/><T84/><D115/><U3/><E27/><N who="2" m="18719" /><F29/><W35/><G1/><T75/><D6/><U64/><E64/><V74/><F74/><W53/><G30/><T56/><D75/><U42/><E42/><V71/><F71/><W61/><G39/><T134/><D130/><U135/><E135/><V47/><F57/><W88/><G79/><T44/><D59/><U81/><E81/><V110/><F110/><W60/><G35/><T69/><D69/><U25/><E25/><V116/><F116/><W94/><G54/><T122/><D58/><U89/><E3/><V120/><F120/><W76/><N who="3" m="15360" /><DORA hai="23" /><W2/><G76/><T129/><D56/><U55/><E55/><V119/><F119/><W41/><G41/><T12/><D122/><U14/><E99/><N who="2" m="59647" /><F103/><W40/><G40/><T13/><D134/><U118/><E118/><V104/><F18/><AGARI ba="0,0" hai="9,14,16,18,20,26,46,50,52,89,92,98,105,107" machi="18" ten="30,11600,0" yaku="7,1,52,1,54,2" doraHai="108,23" who="1" fromWho="2" sc="300,0,270,116,208,-116,222,0" /><INIT seed="5,1,0,2,3,109" ten="300,386,92,222" oya="1" hai0="99,73,46,92,104,43,58,39,80,122,56,90,31" hai1="51,54,55,133,75,124,17,14,29,91,42,98,6" hai2="105,45,112,117,32,67,21,11,66,102,69,1,64" hai3="28,111,36,50,96,134,2,37,118,61,129,5,126"/><U65/><E75/><V68/><F117/><W7/><G111/><T95/><D122/><U12/><E124/><V93/><F32/><W85/><G126/><T81/><D104/><U121/><E121/><V70/><F105/><W123/><G129/><T48/><D39/><U114/><E29/><V87/><F21/><W89/><G134/><T57/><D73/><U23/><E133/><V4/><F45/><W9/><G5/><T76/><D76/><U97/><E65/><V113/><REACH who="2" step="1"/><F87/><REACH who="2" ten="300,386,82,222" step="2"/><W125/><G85/><N who="0" m="52303" /><D31/><U26/><E23/><V84/><F84/><W60/><G28/><T49/><D49/><U77/><E51/><V10/><F10/><W8/><G50/><T120/><D120/><U47/><E47/><V3/><F3/><W18/><G123/><T53/><D43/><U38/><E38/><V116/><F116/><W100/><G118/><T63/><D63/><U101/><E42/><V127/><F127/><W110/><G125/><T33/><D33/><U71/><E77/><V86/><F86/><W131/><G37/><T15/><D15/><U94/><E14/><V27/><F27/><W107/><G36/><T78/><D78/><U41/><E26/><V82/><F82/><W106/><G110/><T83/><D81/><U34/><E34/><V40/><F40/><W103/><G107/><T22/><D22/><U52/><E41/><V88/><F88/><AGARI ba="1,1" hai="46,48,53,56,57,58,80,83,88,95,99" m="52303" machi="88" ten="30,2000,0" yaku="8,1,54,1" doraHai="109" who="0" fromWho="2" sc="300,33,386,0,82,-23,222,0" /><INIT seed="6,0,0,5,4,88" ten="333,386,59,222" oya="2" hai0="47,87,45,46,26,31,119,97,82,109,55,25,1" hai1="44,32,17,134,128,64,96,90,69,108,3,83,19" hai2="104,27,22,4,91,21,102,112,124,72,54,60,106" hai3="6,63,0,29,89,11,120,73,39,67,20,98,70"/><V103/><F112/><W122/><G73/><T7/><D109/><U53/><E108/><V71/><F72/><W40/><G29/><T125/><D125/><U76/><E32/><V93/><F124/><W107/><G20/><T15/><D1/><U58/><E3/><V100/><F4/><W84/><G84/><T9/><D119/><U48/><E128/><V79/><F79/><W68/><G68/><T113/><D113/><U24/><E69/><V52/><F71/><W129/><G129/><T118/><D118/><U78/><E134/><V114/><F114/><W65/><G65/><T13/><D13/><U95/><E78/><V74/><F74/><W75/><G89/><T2/><D2/><U121/><E121/><V16/><F22/><W105/><G75/><T81/><D81/><U61/><E24/><N who="0" m="9321" /><D31/><U135/><E135/><V59/><REACH who="2" step="1"/><F54/><REACH who="2" ten="333,386,49,222" step="2"/><W111/><G111/><T8/><D55/><U130/><E130/><V51/><F51/><W131/><G131/><T94/><D7/><U18/><E76/><V23/><F23/><W43/><G122/><T36/><D8/><U33/><E33/><V66/><F66/><W133/><G120/><T132/><D132/><U28/><E28/><V37/><F37/><W41/><G133/><T42/><D9/><U99/><E19/><V127/><F127/><W123/><G123/><T115/><D115/><U110/><E110/><V34/><F34/><W38/><G38/><T57/><D36/><U126/><E126/><V92/><F92/><W30/><G30/><T62/><D94/><N who="1" m="56407" /><E83/><V80/><F80/><W101/><G39/><RYUUKYOKU ba="0,1" sc="333,-30,386,10,49,10,222,10" hai1="17,18,44,48,53,58,61,64,95,99" hai2="16,21,27,52,59,60,91,93,100,102,103,104,106" hai3="0,6,11,40,41,43,63,67,70,98,101,105,107" /><INIT seed="6,1,1,4,3,128" ten="303,396,59,232" oya="2" hai0="65,20,32,73,7,66,93,33,104,127,29,0,76" hai1="44,67,42,63,22,19,54,68,106,102,81,125,53" hai2="52,135,24,62,71,112,35,113,17,89,120,79,82" hai3="101,4,126,109,9,96,2,56,57,58,48,50,111"/><V117/><F117/><W116/><G126/><T78/><D104/><U15/><E125/><V133/><F120/><W41/><G116/><T130/><D127/><U83/><E106/><V121/><F121/><W91/><G91/><T87/><D0/><U25/><E102/><V86/><F79/><W11/><G11/><T103/><D7/><U18/><E83/><V77/><F77/><W46/><REACH who="3" step="1"/><G48/><REACH who="3" ten="303,396,59,222" step="2"/><T72/><D103/><U45/><E81/><V75/><F75/><W14/><G14/><T39/><D73/><U70/><E15/><V27/><F89/><W10/><G10/><T3/><D72/><U98/><E25/><V105/><F82/><W36/><G36/><T134/><D39/><U28/><E42/><V92/><F86/><W13/><G13/><T31/><D87/><U30/><E98/><V5/><F5/><W37/><G37/><T97/><D78/><U114/><E63/><V107/><F107/><AGARI ba="1,2" hai="2,4,9,41,46,50,56,57,58,96,101,107,109,111" machi="107" ten="40,2600,0" yaku="1,1,53,1" doraHai="128" doraHaiUra="95" who="3" fromWho="2" sc="303,0,396,0,59,-29,222,49" /><INIT seed="7,0,0,5,3,118" ten="303,396,30,271" oya="3" hai0="69,29,113,112,0,131,109,45,73,106,4,24,72" hai1="33,23,50,114,67,5,84,28,14,7,92,74,11" hai2="61,134,41,31,2,130,129,39,16,117,79,25,70" hai3="63,40,91,60,56,51,89,36,105,53,77,34,124"/><W35/><G105/><T123/><D109/><U68/><E74/><V42/><F117/><W44/><G124/><T71/><D131/><U59/><E114/><N who="0" m="44137" /><D106/><U1/><E68/><N who="0" m="26185" /><D45/><U12/><E1/><V62/><F79/><W10/><G77/><T17/><D17/><N who="1" m="10679" /><E28/><V120/><F2/><W82/><G10/><N who="0" m="2311" /><D123/><U94/><E33/><AGARI ba="0,0" hai="24,29,33,72,73" m="2311,26185,44137" machi="33" ten="30,3900,0" yaku="15,1,11,1,23,1" doraHai="118" who="0" fromWho="1" sc="303,39,396,-39,30,0,271,0" owari="342,14.2,357,45.7,30,-47.0,271,-12.9" /></mjloggm>