<mjloggm ver="2.3"><GO type="169" lobby="0"/><UN n0="%72%75%69%6E%65%76%65%72" n1="%69%77%61%69%77%61" n2="%E3%82%A2%E3%83%A9%E3%82%B5%E3%83%BC%E3%81%A0%E3%82%88%21%21" n3="%52%59%4F%40%53%53" dan="16,17,18,17" rate="2123.49,2232.49,2214.57,2152.33" sx="M,M,F,M"/><TAIKYOKU oya="0"/><INIT seed="0,0,0,3,5,21" ten="250,250,250,250" oya="0" hai0="117,87,112,124,128,130,77,119,79,54,43,72,114" hai1="35,65,121,126,75,122,9,16,40,48,66,17,102" hai2="7,63,3,111,86,59,41,116,14,92,85,62,60" hai3="98,105,22,80,61,37,53,6,120,38,64,127,104"/><T78/><D43/><U93/><E75/><V107/><F107/><W103/><G127/><T8/><D54/><U45/><E126/><V68/><F111/><W129/><G105/><T125/><D8/><U71/><E35/><V30/><F3/><W28/><G129/><N who="0" m="49771" /><D72/><U24/><E71/><V51/><F68/><W135/><G6/><T134/><D87/><U95/><E121/><V25/><F116/><N who="0" m="44618" /><D134/><U18/><E9/><N who="2" m="4415" /><F92/><N who="1" m="35401" /><E102/><V123/><F123/><W133/><G120/><T2/><D2/><U36/><E36/><V47/><F59/><W33/><G37/><T46/><D46/><U10/><E10/><V20/><AGARI ba="0,0" hai="20,25,30,41,47,51,60,62,63,85,86" m="4415" machi="20" ten="30,2000,0" yaku="8,1,52,1" doraHai="21" who="2" fromWho="2" sc="250,-10,250,-5,250,20,250,-5" /><INIT seed="1,0,0,4,3,94" ten="240,245,270,245" oya="1" hai0="71,116,89,50,23,73,93,132,25,28,127,64,31" hai1="65,97,79,107,118,100,66,41,67,17,30,20,114" hai2="5,135,55,19,14,102,2,113,29,26,12,119,123" hai3="52,125,98,57,74,86,115,54,27,110,42,34,18"/><U72/><E114/><V59/><F119/><W13/><G74/><T108/><D116/><U37/><E118/><V63/><F123/><W10/><G115/><T8/><D73/><U58/><E30/><V78/><F135/><W96/><G110/><T130/><D108/><U56/><E41/><V80/><F113/><W91/><G125/><T90/><D127/><U92/><E37/><V95/><F2/><W36/><G42/><T131/><D132/><U133/><E133/><V111/><F5/><W3/><G3/><T120/><D120/><U47/><E47/><V44/><F44/><W0/><G0/><T43/><D8/><U53/><E107/><V126/><F111/><W21/><G34/><T40/><D50/><U69/><E69/><V112/><F112/><W46/><G46/><T15/><D15/><U87/><E72/><V134/><F134/><W70/><G70/><T99/><D31/><U22/><E22/><N who="2" m="13663" /><F29/><N who="3" m="17647" /><G54/><T81/><D71/><U83/><REACH who="1" step="1"/><E53/><REACH who="1" ten="240,235,270,245" step="2"/><V48/><F126/><W51/><G36/><T11/><D64/><U84/><E84/><V6/><F55/><W101/><G101/><T85/><D43/><U76/><E76/><V106/><F78/><W82/><AGARI ba="0,1" hai="10,13,18,51,52,57,82,86,91,96,98" m="17647" machi="82" ten="30,7900,0" yaku="8,1,52,2,54,1" doraHai="94" who="3" fromWho="3" sc="240,-20,235,-39,270,-20,245,89" /><INIT seed="2,0,0,0,1,59" ten="220,196,250,334" oya="2" hai0="109,27,68,46,57,24,48,132,83,49,130,58,122" hai1="95,33,77,0,56,36,81,13,42,116,30,124,14" hai2="7,15,90,82,121,28,35,38,55,69,23,114,120" hai3="50,63,2,101,74,133,87,31,26,113,118,12,4"/><V80/><F114/><W64/><G118/><T39/><D122/><U104/><E104/><V117/><F117/><W21/><G74/><T119/><D119/><U6/><E124/><V20/><F69/><W34/><G133/><T91/><D68/><U41/><E95/><V128/><F38/><W40/><G101/><T84/><D132/><U105/><E105/><V88/><F35/><W72/><G72/><T22/><D109/><U60/><E30/><V123/><F128/><W70/><G87/><T9/><D130/><U79/><E33/><V127/><F127/><W54/><G40/><T37/><D37/><U65/><E79/><V110/><F110/><W71/><G71/><T10/><D39/><U129/><E129/><V3/><F3/><W51/><G54/><N who="0" m="31943" /><D58/><U85/><E116/><V92/><F55/><W19/><G113/><T100/><D100/><U131/><E131/><V125/><F125/><W18/><G18/><N who="0" m="12375" /><D27/><U96/><E0/><V43/><F43/><AGARI ba="0,0" hai="9,10,43,46,49,83,84,91" m="12375,31943" machi="43" ten="30,1000,0" yaku="8,1" doraHai="59" who="0" fromWho="2" sc="220,10,196,0,250,-10,334,0" /><INIT seed="3,0,0,4,3,32" ten="230,196,240,334" oya="3" hai0="121,66,92,60,43,89,0,14,111,10,94,18,55" hai1="75,45,37,70,88,82,71,84,7,61,96,25,87" hai2="97,57,125,1,117,64,130,56,31,68,108,119,129" hai3="99,79,46,13,21,30,52,76,20,28,128,63,83"/><W80/><G128/><N who="2" m="49257" /><F108/><W8/><G99/><T74/><D121/><U33/><E75/><V78/><F78/><W104/><G104/><T85/><D111/><U47/><E96/><V110/><F31/><W4/><G30/><T35/><D35/><U126/><E126/><V6/><F110/><W58/><G46/><T50/><D74/><U107/><E107/><V120/><F120/><W91/><G91/><T5/><D43/><U38/><E61/><N who="2" m="39951" /><F97/><W81/><REACH who="3" step="1"/><G28/><REACH who="3" ten="230,196,240,324" step="2"/><T73/><D89/><U123/><E88/><V131/><F131/><W11/><G11/><T134/><D10/><U127/><E123/><V133/><F125/><W49/><G49/><T93/><D50/><U100/><E127/><V3/><F133/><W113/><G113/><T95/><D134/><U115/><E45/><V16/><F119/><W19/><G19/><T69/><D18/><U122/><E47/><V23/><F117/><W67/><G67/><T112/><D66/><U41/><E115/><V106/><F106/><W2/><G2/><N who="2" m="521" /><F6/><W65/><G65/><T36/><D5/><U40/><E7/><V105/><F105/><W103/><G103/><T124/><D112/><U77/><E100/><V44/><F44/><W34/><G34/><T102/><D124/><U118/><E33/><V54/><F54/><W135/><G135/><T9/><D102/><U86/><E118/><V116/><F116/><W39/><G39/><T29/><D36/><U90/><E38/><V114/><F114/><W24/><G24/><AGARI ba="0,1" hai="16,23,24,56,57" m="521,39951,49257" machi="24" ten="30,8000,1" yaku="19,1,52,3,54,1" doraHai="32" who="2" fromWho="3" sc="230,0,196,0,240,90,324,-80" /><INIT seed="4,0,0,3,4,38" ten="230,196,330,244" oya="0" hai0="126,112,103,13,61,69,11,108,45,84,7,2,20" hai1="26,52,90,78,18,6,127,46,36,91,27,14,8" hai2="62,105,129,30,57,97,111,128,49,47,4,34,74" hai3="89,54,21,31,122,80,95,55,42,5,23,19,92"/><T48/><D112/><U9/><E127/><V110/><F74/><W3/><G122/><T12/><D126/><U40/><E78/><V125/><F125/><W100/><G3/><T51/><D108/><U28/><E52/><N who="3" m="20010" /><G5/><T106/><D20/><U102/><E102/><N who="2" m="62671" /><F4/><W101/><G42/><T56/><D69/><U67/><E67/><N who="2" m="39375" /><F30/><W35/><G35/><T77/><D103/><N who="3" m="39497" /><G31/><T134/><D106/><U98/><E98/><V33/><F33/><W37/><G37/><T96/><D96/><U15/><REACH who="1" step="1"/><E26/><REACH who="1" ten="230,186,330,244" step="2"/><V123/><F111/><W60/><G89/><T85/><D77/><U1/><E1/><V116/><F110/><W88/><G88/><T58/><D2/><U41/><E41/><V59/><F123/><W113/><G113/><T117/><D13/><U104/><E104/><V107/><F107/><W75/><G60/><T53/><D61/><U118/><E118/><V0/><F116/><W87/><G75/><T25/><D117/><U65/><E65/><V119/><F0/><W72/><G72/><T63/><D25/><U81/><E81/><V124/><F119/><W130/><G80/><T76/><D76/><U32/><AGARI ba="0,1" hai="6,8,9,14,15,18,27,28,32,36,40,46,90,91" machi="32" ten="20,12000,2" yaku="1,1,0,1,7,1,52,1,53,2" doraHai="38" doraHaiUra="10" who="1" fromWho="1" sc="230,-60,186,130,330,-30,244,-30" /><INIT seed="5,0,0,2,1,92" ten="170,316,300,214" oya="1" hai0="2,71,46,96,99,9,61,14,47,121,73,105,5" hai1="18,81,41,118,104,109,67,6,98,19,12,122,34" hai2="39,84,82,113,45,57,24,75,101,58,68,66,123" hai3="129,100,52,23,120,48,65,77,124,91,134,3,80"/><U94/><E118/><V88/><F123/><W7/><G120/><T69/><D121/><U36/><E122/><V63/><F75/><W112/><G112/><T16/><D105/><U116/><E116/><V78/><F101/><W26/><G124/><T30/><D73/><U13/><E34/><V22/><F113/><W40/><G40/><T42/><D30/><U31/><E31/><V59/><F39/><W87/><G129/><T76/><D76/><U70/><E6/><V83/><F45/><W74/><G65/><T44/><D42/><U17/><E104/><V60/><F82/><W35/><G35/><T110/><D110/><U95/><E95/><V86/><F86/><W102/><G134/><T119/><D119/><U50/><E36/><V8/><F8/><W43/><G43/><T56/><D71/><U37/><E109/><V64/><REACH who="2" step="1"/><F78/><REACH who="2" ten="170,316,290,214" step="2"/><W20/><G102/><T55/><REACH who="0" step="1"/><D69/><REACH who="0" ten="160,316,290,214" step="2"/><U4/><E70/><V1/><F1/><W127/><G3/><T125/><D125/><U72/><E72/><V106/><F106/><W54/><G127/><T97/><D97/><U90/><E98/><V27/><F27/><W117/><G26/><T85/><D85/><U21/><E37/><V33/><F33/><W108/><G117/><T28/><D28/><AGARI ba="0,2" hai="22,24,28,57,58,59,60,63,64,66,68,83,84,88" machi="28" ten="30,3900,0" yaku="1,1,7,1,54,1,53,0" doraHai="92" doraHaiUra="93" who="2" fromWho="0" sc="160,-39,316,0,290,59,214,0" /><INIT seed="6,0,0,1,0,8" ten="121,316,349,214" oya="2" hai0="92,135,19,113,42,56,105,115,36,80,26,90,122" hai1="97,55,102,104,16,114,41,86,44,106,15,1,111" hai2="119,99,48,132,22,70,11,60,107,124,72,58,120" hai3="109,108,59,28,9,34,43,131,64,128,74,21,65"/><V126/><F119/><W17/><G74/><T71/><D71/><U96/><E111/><V93/><F120/><W33/><G43/><T53/><D122/><U98/><E1/><V77/><F107/><W130/><G59/><T14/><D105/><U62/><E86/><V91/><F70/><W85/><G85/><T75/><D135/><U110/><E110/><N who="3" m="42602" /><G64/><T129/><D129/><U51/><E114/><N who="0" m="43529" /><D26/><U134/><E134/><V30/><F132/><W40/><G65/><T10/><D42/><U13/><E13/><V7/><F77/><W23/><G40/><T54/><D36/><U61/><E41/><V73/><F48/><W87/><G87/><N who="0" m="52319" /><D56/><U0/><E98/><V35/><F73/><W79/><G79/><AGARI ba="0,0" hai="10,14,19,53,54,75,79,80" m="52319,43529" machi="79" ten="30,2000,0" yaku="15,1,52,1" doraHai="8" who="0" fromWho="3" sc="121,20,316,0,349,0,214,-20" /><INIT seed="7,0,0,5,2,47" ten="141,316,349,194" oya="3" hai0="46,130,24,43,23,76,66,31,70,131,72,68,39" hai1="111,15,33,53,71,126,125,37,95,3,55,8,109" hai2="29,115,2,17,112,128,35,102,79,101,96,104,120" hai3="30,16,82,93,36,64,32,19,0,105,44,54,14"/><W99/><G0/><T127/><D127/><N who="1" m="48651" /><E71/><V25/><F120/><W6/><G105/><T114/><D114/><N who="2" m="43562" /><F128/><W119/><G119/><T57/><D57/><U108/><E37/><V45/><F102/><W58/><G30/><T26/><D26/><U122/><E95/><V59/><F2/><W77/><G32/><N who="0" m="20583" /><D66/><U10/><E53/><V74/><F45/><W80/><G64/><T48/><D23/><U116/><E55/><V118/><F17/><W4/><G19/><T11/><D11/><U123/><E116/><V98/><F118/><W50/><G4/><T135/><D135/><U92/><E92/><V117/><F117/><W133/><G6/><T27/><D27/><U78/><E78/><V60/><F79/><W75/><G133/><T110/><D110/><U40/><E40/><V7/><F104/><W1/><G1/><T103/><D103/><U107/><E107/><V61/><F101/><W88/><G82/><T129/><D48/><U81/><E81/><V84/><F35/><W51/><G36/><T42/><D42/><U100/><E100/><V13/><F25/><W5/><G5/><T12/><D12/><U69/><E69/><V94/><F29/><W91/><G91/><T97/><D97/><U21/><E33/><V65/><F98/><W22/><G44/><T73/><D76/><U49/><E3/><V63/><F96/><W34/><G34/><T87/><D87/><U52/><E122/><V132/><F132/><W106/><G106/><T41/><D41/><U86/><E123/><V20/><F65/><W121/><G77/><T113/><D113/><RYUUKYOKU ba="0,0" sc="141,30,316,-10,349,-10,194,-10" hai0="39,43,46,68,70,72,73,129,130,131" owari="171,-32.9,306,10.6,339,43.9,184,-21.6" /></mjloggm>