<mjloggm ver="2.3"><GO type="169" lobby="0"/><UN n0="%41%72%69%61" n1="%54%61%6B%61%79%61%40" n2="%47%68%6F%73%74%55%30" n3="%41%75%73%74%75%72%38" dan="16,16,16,16" rate="2163.91,2088.03,2136.24,2094.54" sx="F,M,M,M"/><TAIKYOKU oya="0"/><INIT seed="0,0,0,3,0,43" ten="250,250,250,250" oya="0" hai0="41,40,44,47,124,130,120,86,15,3,92,77,121" hai1="21,23,49,101,132,113,6,14,87,122,69,119,128" hai2="97,46,11,51,88,105,107,53,68,32,55,112,111" hai3="74,85,50,42,95,79,33,80,114,57,100,123,18"/><T17/><D3/><U38/><E38/><V96/><F112/><W104/><G33/><T56/><D130/><U63/><E122/><V35/><F68/><W10/><G114/><T71/><D71/><U0/><E0/><V39/><F111/><W34/><G34/><T70/><D70/><U16/><E6/><V61/><F39/><W102/><G104/><T4/><D4/><U106/><E119/><V9/><F61/><W99/><G74/><T29/><D124/><U7/><E7/><V48/><REACH who="2" step="1"/><F88/><REACH who="2" ten="250,250,240,250" step="2"/><W12/><G123/><T60/><D121/><U129/><E69/><V73/><F73/><W8/><G102/><T83/><D120/><U110/><E63/><V89/><F89/><W133/><G133/><T84/><D84/><U127/><E110/><V37/><F37/><W131/><G131/><T81/><D81/><U13/><E113/><V90/><F90/><W58/><REACH who="3" step="1"/><G8/><REACH who="3" ten="250,250,240,240" step="2"/><N who="0" m="6375" /><D92/><U2/><E132/><V126/><F126/><W45/><AGARI ba="0,2" hai="10,12,18,42,45,50,57,58,79,80,85,95,99,100" machi="45" ten="30,7900,0" yaku="1,1,0,1,8,1,52,1,53,0" doraHai="43" doraHaiUra="116" who="3" fromWho="3" sc="250,-39,250,-20,240,-20,240,99" /><INIT seed="1,0,0,5,4,8" ten="211,230,220,339" oya="1" hai0="134,84,97,101,47,127,117,56,113,132,54,38,128" hai1="12,40,50,37,86,15,61,79,25,60,11,32,36" hai2="69,58,16,68,28,105,83,76,41,49,35,78,114" hai3="110,89,85,94,42,66,121,45,52,120,133,30,29"/><U95/><E32/><V27/><F105/><W51/><G110/><T126/><D117/><U123/><E123/><V65/><F114/><W81/><G133/><N who="0" m="51307" /><D84/><U130/><E130/><V131/><F131/><W96/><G121/><T104/><D128/><U125/><E125/><N who="0" m="47625" /><D113/><U19/><E37/><V3/><F3/><W116/><G116/><T74/><D74/><U43/><E36/><V24/><F41/><N who="1" m="15945" /><E25/><V115/><F115/><W88/><G120/><T23/><D38/><U64/><E50/><V31/><F78/><W75/><G75/><T6/><D47/><U18/><E64/><V55/><F65/><W70/><G66/><T106/><D6/><U59/><E59/><V1/><F1/><W10/><G70/><T77/><D23/><N who="1" m="11719" /><E95/><V44/><F44/><W73/><G73/><T107/><D77/><U93/><E93/><V53/><F53/><W72/><G72/><T39/><D39/><U71/><E71/><V5/><F5/><W67/><G67/><T135/><N who="0" m="51315" /><T57/><DORA hai="118" /><D57/><U102/><E102/><V119/><F119/><W26/><G42/><T33/><D33/><U99/><E99/><V108/><F68/><W111/><G96/><T14/><D14/><U92/><E92/><V46/><F46/><W4/><G94/><T21/><D107/><U22/><E22/><N who="2" m="13383" /><F69/><W9/><G52/><T100/><D106/><U2/><E2/><V62/><F49/><W98/><G51/><N who="0" m="30815" /><D101/><U80/><AGARI ba="0,0" hai="11,15,19,60,61,79,80,86" m="11719,15945" machi="80" ten="30,6000,0" yaku="8,1,52,2" doraHai="8,118" who="1" fromWho="1" sc="211,-20,230,60,220,-20,339,-20" /><INIT seed="1,1,0,3,1,58" ten="191,290,200,319" oya="1" hai0="128,72,0,76,1,83,73,59,120,28,19,79,25" hai1="12,14,70,96,49,40,74,114,26,4,113,61,32" hai2="65,104,122,23,126,41,91,135,111,36,84,51,112" hai3="15,30,99,52,107,48,86,57,22,11,82,50,108"/><U62/><E74/><V131/><F122/><W93/><G108/><T66/><D128/><U78/><E70/><V24/><F111/><W106/><G106/><T102/><D120/><U47/><E78/><V109/><F109/><W121/><G107/><T101/><D19/><U124/><E124/><V31/><F126/><W3/><G3/><T55/><D66/><U56/><E14/><V39/><F135/><W110/><G121/><T46/><D46/><U97/><E114/><V17/><F112/><W7/><G22/><T60/><D0/><U85/><E85/><V20/><F104/><W38/><G30/><T69/><D69/><U77/><E77/><V100/><F100/><N who="3" m="60527" /><G38/><T18/><D18/><U115/><E115/><V134/><F131/><W9/><G9/><T119/><D1/><U37/><E113/><V103/><F103/><W5/><G5/><T132/><D119/><U95/><E32/><V42/><F39/><W130/><G130/><T118/><D132/><U43/><E26/><V33/><F36/><W13/><G13/><T21/><REACH who="0" step="1"/><D118/><REACH who="0" ten="181,290,200,319" step="2"/><U2/><E2/><V129/><F129/><W88/><G110/><T81/><AGARI ba="1,1" hai="21,25,28,55,59,60,72,73,76,79,81,83,101,102" machi="81" ten="30,12000,2" yaku="1,1,2,1,0,1,9,1,52,1,53,2" doraHai="58" doraHaiUra="98" who="0" fromWho="0" sc="181,133,290,-61,200,-31,319,-31" /><INIT seed="2,0,0,0,5,23" ten="314,229,169,288" oya="2" hai0="87,7,101,26,32,41,99,28,89,122,65,20,73" hai1="72,0,47,45,12,79,1,68,116,21,76,98,129" hai2="48,100,135,71,51,90,107,110,30,3,11,61,22" hai3="77,125,58,128,67,131,104,15,94,126,63,62,130"/><V81/><F135/><W102/><G104/><T96/><D122/><U37/><E116/><V59/><F71/><N who="3" m="42487" /><G77/><T91/><D73/><U52/><E68/><V105/><F110/><W88/><G102/><T134/><D134/><U95/><E129/><V46/><F100/><W92/><G15/><T27/><D65/><U103/><E79/><V111/><F111/><W24/><G24/><T16/><D41/><U31/><E37/><V9/><F105/><W119/><G119/><T115/><D115/><U43/><E43/><N who="2" m="24671" /><F107/><W39/><G39/><T108/><D108/><U80/><E45/><V84/><F51/><W132/><G132/><T106/><D99/><U112/><E112/><V86/><F3/><W118/><G118/><T83/><D7/><U38/><E38/><V121/><F121/><W60/><G94/><T70/><D70/><U85/><E72/><V55/><F86/><N who="3" m="52247" /><G60/><T56/><D56/><U97/><E97/><V42/><F42/><W117/><G117/><T19/><D91/><U29/><E0/><V17/><F30/><AGARI ba="0,0" hai="16,19,20,26,27,28,30,32,83,87,89,96,101,106" machi="30" ten="30,7700,0" yaku="7,1,52,2,54,1" doraHai="23" who="0" fromWho="2" sc="314,77,229,0,169,-77,288,0" /><INIT seed="3,0,0,2,4,78" ten="391,229,92,288" oya="3" hai0="120,121,122,104,113,92,24,7,102,12,50,13,105" hai1="57,111,64,125,82,108,47,23,9,25,77,3,95" hai2="100,130,106,75,97,73,55,66,11,115,33,60,36" hai3="42,127,86,17,37,54,134,133,53,128,72,46,20"/><W39/><G72/><T35/><D50/><U52/><E125/><V126/><F115/><W38/><G86/><T117/><D113/><U81/><E77/><V88/><F126/><W21/><G127/><T32/><D92/><U103/><E47/><V61/><F130/><W76/><G76/><T101/><D24/><U110/><E64/><V27/><F36/><N who="3" m="13931" /><G21/><T59/><D59/><U68/><E68/><N who="2" m="42055" /><F11/><W18/><G18/><T16/><D7/><N who="1" m="1279" /><E103/><N who="0" m="39433" /><D16/><N who="1" m="12519" /><E95/><V5/><F5/><W93/><G93/><T49/><D49/><AGARI ba="0,0" hai="49,52,57,81,82,108,110,111" m="12519,1279" machi="49" ten="30,8000,1" yaku="14,1,52,2,54,2" doraHai="78" who="1" fromWho="0" sc="391,-80,229,80,92,0,288,0" /><INIT seed="4,0,0,5,5,67" ten="311,309,92,288" oya="0" hai0="68,30,133,53,90,55,99,39,2,88,83,45,44" hai1="20,37,60,61,54,111,104,5,65,110,72,23,24" hai2="16,10,52,134,69,129,38,97,91,95,124,117,74" hai3="126,27,77,21,11,102,114,79,35,26,46,17,57"/><T108/><D2/><U122/><E122/><V3/><F38/><W75/><G114/><T15/><D133/><U125/><E72/><V28/><F134/><W6/><G126/><T59/><D108/><U109/><E125/><V14/><F124/><W12/><G102/><T62/><D30/><U127/><E127/><V63/><F129/><W49/><G57/><N who="0" m="35119" /><D68/><U48/><E104/><V50/><F117/><W7/><G7/><T101/><D39/><U32/><E5/><V70/><F74/><W73/><G73/><T105/><D105/><U107/><E107/><V118/><F118/><W51/><G51/><T100/><D15/><U86/><E37/><V19/><F3/><W120/><G120/><T80/><D44/><U113/><E113/><V8/><F28/><W128/><G128/><T40/><D45/><U98/><E32/><V106/><F63/><W123/><G123/><T132/><D40/><U82/><E61/><V131/><F131/><W94/><G75/><T31/><D31/><U34/><E34/><V85/><F10/><W135/><G35/><T1/><D1/><U36/><E36/><V116/><F19/><W22/><G135/><T41/><D41/><U112/><E112/><V33/><F33/><W119/><G119/><T64/><D59/><U78/><E60/><V13/><F13/><W93/><G27/><T81/><D55/><U130/><E130/><V76/><F116/><W96/><G26/><T115/><D115/><U56/><E111/><V66/><F66/><W84/><G12/><T18/><D132/><U25/><E110/><V0/><F0/><RYUUKYOKU ba="0,0" sc="311,0,309,0,92,0,288,0" /><INIT seed="5,1,0,5,1,6" ten="311,309,92,288" oya="1" hai0="117,40,68,64,20,65,75,9,4,103,1,108,62" hai1="130,70,35,23,18,127,51,5,28,31,99,52,123" hai2="66,111,93,44,102,22,118,12,33,120,49,100,16" hai3="53,88,107,94,131,61,7,15,3,54,67,89,25"/><U47/><E123/><V48/><F111/><W46/><G107/><T135/><D108/><U72/><E72/><V112/><F118/><W77/><G3/><T29/><D117/><U55/><E70/><V128/><F120/><W13/><G131/><T2/><D75/><U8/><E130/><V78/><F128/><W92/><G77/><T98/><D65/><U116/><E116/><V106/><F106/><W38/><G25/><T0/><D40/><U34/><E99/><V84/><F33/><W39/><G7/><T96/><D96/><U91/><E91/><V101/><F112/><W125/><G67/><T97/><D97/><U42/><E35/><V122/><F122/><W27/><G27/><T69/><D69/><U124/><E34/><V115/><F115/><W45/><REACH who="3" step="1"/><G61/><REACH who="3" ten="311,309,92,278" step="2"/><T83/><D0/><U63/><E63/><V30/><F66/><W32/><G32/><T50/><D1/><U41/><E31/><V113/><F113/><W24/><G24/><T60/><D29/><U57/><E28/><V37/><F30/><W85/><G85/><T119/><D62/><U121/><E121/><V14/><F14/><W74/><G74/><T132/><D60/><U56/><E5/><V17/><F17/><W95/><G95/><T76/><D64/><U26/><E26/><V86/><F78/><W105/><G105/><N who="0" m="63735" /><D119/><U21/><E18/><V129/><F129/><W134/><G134/><N who="0" m="51243" /><D68/><U59/><E127/><AGARI ba="1,1" hai="13,15,38,39,45,46,53,54,88,89,92,94,125,127" machi="127" ten="25,12000,2" yaku="1,1,22,2,54,1,53,2" doraHai="6" doraHaiUra="43" who="3" fromWho="1" sc="311,0,309,-123,92,0,278,133" /><INIT seed="6,0,0,4,1,88" ten="311,186,92,411" oya="2" hai0="101,123,81,75,49,109,117,103,116,39,38,76,27" hai1="11,5,87,120,22,69,31,80,91,33,95,26,132" hai2="131,77,61,60,106,30,1,32,48,9,46,79,112" hai3="3,28,100,29,63,90,43,16,8,113,71,58,84"/><V55/><F106/><W64/><G113/><T6/><D109/><U114/><E120/><V21/><F112/><W70/><G100/><N who="0" m="38475" /><D6/><U59/><E114/><V36/><F32/><W34/><G43/><T83/><D27/><U2/><E69/><V24/><F36/><W108/><G108/><T14/><D14/><U4/><E4/><V45/><F1/><W115/><G115/><T17/><D17/><U99/><E59/><N who="2" m="33255" /><F9/><W67/><G3/><T57/><D49/><U52/><E132/><V107/><F107/><W130/><G130/><T41/><D57/><U124/><E124/><V104/><F104/><W0/><G0/><T74/><D41/><U82/><E52/><V97/><F97/><W127/><G127/><T72/><D123/><U13/><E99/><V68/><F68/><W105/><G105/><T62/><D62/><N who="2" m="24170" /><F131/><W54/><G71/><T12/><D38/><U86/><E86/><V119/><F119/><W51/><G34/><T66/><D39/><U133/><E133/><V42/><F42/><W40/><G40/><T18/><D74/><U25/><E2/><V102/><F102/><W98/><G70/><T15/><D72/><U23/><E33/><V93/><F93/><W44/><G98/><T110/><D75/><U126/><E126/><V85/><F85/><W56/><G84/><T118/><D117/><U94/><E82/><V92/><F92/><W10/><G64/><T96/><D66/><U122/><E122/><V128/><F128/><W121/><G67/><T89/><D118/><U35/><E35/><V125/><F125/><W134/><G121/><RYUUKYOKU ba="0,0" sc="311,-15,186,15,92,15,411,-15" hai1="5,11,13,22,23,25,26,31,80,87,91,94,95" hai2="21,24,30,45,46,77,79" /><INIT seed="6,1,0,3,4,27" ten="296,201,107,396" oya="2" hai0="37,43,116,31,76,93,4,115,34,84,3,120,52" hai1="11,108,97,74,80,6,131,20,61,23,59,48,127" hai2="112,18,7,67,64,128,83,90,100,46,1,22,39" hai3="98,69,0,72,82,9,36,89,134,109,78,95,30"/><V38/><F112/><W68/><G109/><T106/><D106/><U124/><E108/><V70/><F128/><W56/><G134/><T77/><D115/><U123/><E131/><V29/><F100/><W13/><G36/><T16/><D37/><U35/><E35/><V135/><F135/><W44/><G0/><T51/><D43/><U40/><E123/><V10/><F70/><W62/><G30/><T130/><D120/><U103/><E74/><V99/><F38/><W49/><G49/><T81/><D4/><U104/><E80/><V53/><F29/><W107/><G44/><T14/><D3/><U79/><E79/><V118/><F118/><W12/><G12/><T132/><D132/><U21/><E48/><V42/><F53/><W129/><G107/><T110/><D110/><U65/><REACH who="1" step="1"/><E40/><REACH who="1" ten="296,191,107,396" step="2"/><V26/><REACH who="2" step="1"/><F83/><REACH who="2" ten="296,191,97,396" step="2"/><W91/><G82/><T60/><D130/><U71/><E71/><V24/><F24/><W86/><G69/><T58/><D81/><U57/><E57/><V50/><F50/><W121/><G56/><T25/><D116/><U85/><E85/><V32/><F32/><W55/><G86/><T2/><D51/><U63/><E63/><V114/><F114/><W88/><G62/><T28/><D84/><U47/><E47/><V125/><F125/><W73/><G68/><T45/><D60/><U92/><E92/><AGARI ba="1,2" hai="1,7,10,18,22,26,39,42,46,64,67,90,92,99" machi="92" ten="40,2000,0" yaku="1,1,53,0" doraHai="27" doraHaiUra="113" who="2" fromWho="1" sc="296,0,191,-23,97,43,396,0" /><INIT seed="6,2,0,3,5,2" ten="296,168,140,396" oya="2" hai0="74,105,122,86,55,69,80,96,93,22,12,56,133" hai1="111,54,19,27,61,90,99,130,60,77,134,25,129" hai2="127,84,26,103,23,66,63,52,5,59,135,112,38" hai3="117,62,106,9,92,104,17,7,37,118,82,49,95"/><V4/><F112/><W101/><G37/><T72/><D69/><U48/><E111/><V120/><F120/><W21/><G82/><T119/><D122/><U35/><E134/><V128/><F135/><W73/><G73/><T70/><D70/><U114/><E114/><V33/><F33/><W14/><G49/><T30/><D105/><U107/><E77/><V13/><F38/><W131/><G131/><N who="1" m="50186" /><E25/><V76/><F128/><W53/><G106/><T97/><D97/><U126/><E126/><V40/><F40/><W68/><G104/><T20/><D119/><U102/><E90/><V34/><F127/><W36/><G36/><T16/><D30/><N who="1" m="19935" /><E19/><N who="2" m="12671" /><F34/><W58/><G68/><T15/><D133/><U94/><E107/><V71/><F71/><W32/><G32/><T8/><D15/><U46/><AGARI ba="2,0" hai="46,48,54,60,61,94,99,102" m="19935,50186" machi="46" ten="30,1100,0" yaku="19,1" doraHai="2" who="1" fromWho="1" sc="296,-5,168,17,140,-7,396,-5" /><INIT seed="7,0,0,3,4,44" ten="291,185,133,391" oya="3" hai0="12,37,88,85,46,90,57,112,104,121,34,53,114" hai1="78,47,93,67,76,58,75,20,45,103,131,94,25" hai2="26,101,0,91,124,62,71,73,63,83,80,18,118" hai3="61,64,126,35,97,99,9,2,120,135,82,87,68"/><W96/><G35/><T55/><D34/><U117/><E131/><V60/><F118/><W77/><G120/><T70/><D104/><U134/><E134/><V128/><F0/><W10/><G135/><T133/><D133/><U15/><E117/><V84/><F128/><W74/><G126/><T8/><D70/><U113/><E113/><N who="0" m="43625" /><D121/><U98/><E15/><V69/><F124/><W19/><G2/><T129/><D37/><U89/><E75/><V23/><F101/><W81/><REACH who="3" step="1"/><G19/><REACH who="3" ten="291,185,133,381" step="2"/><N who="0" m="8583" /><D129/><U3/><E3/><V49/><F73/><W66/><G66/><T105/><D105/><U106/><E106/><V1/><F1/><W43/><G43/><T72/><D72/><U130/><E130/><V92/><F69/><W107/><G107/><T14/><D14/><U109/><E67/><V102/><F71/><W51/><G51/><N who="0" m="28919" /><D85/><U40/><E40/><V29/><F18/><W31/><G31/><T110/><D110/><U17/><E109/><V21/><F21/><W33/><G33/><T50/><AGARI ba="0,1" hai="50,55,57,88,90" m="28919,8583,43625" machi="50" ten="30,8000,1" yaku="15,1,11,1,52,2,54,1" doraHai="44" who="0" fromWho="0" sc="291,90,185,-20,133,-20,381,-40" owari="381,48.1,165,-23.5,113,-38.7,341,14.1" /></mjloggm>