<mjloggm ver="2.3"><GO type="169" lobby="0"/><UN n0="%73%61%6E%67%6F%64%64%6F" n1="%E3%81%AE%E3%81%AF%E3%81%A3%E3%81%A1" n2="%E6%BD%94" n3="%E3%81%AD%E3%81%8A%E3%82%80%E3%83%BC%E3%81%BF%E3%82%93" dan="17,16,16,16" rate="2185.12,2173.15,2057.58,2089.46" sx="M,M,F,M"/><TAIKYOKU oya="0"/><INIT seed="0,0,0,3,5,87" ten="250,250,250,250" oya="0" hai0="14,46,132,107,50,110,54,95,84,1,61,73,26" hai1="32,135,108,91,96,25,112,10,104,6,81,127,131" hai2="11,117,103,122,27,33,28,62,9,99,34,39,111" hai3="7,38,105,98,49,129,102,67,94,42,83,82,76"/><T90/><D107/><U8/><E108/><V63/><F122/><W31/><G38/><T128/><D1/><U64/><E131/><V79/><F39/><W15/><G129/><T16/><D128/><U77/><E127/><V47/><F111/><W115/><G115/><T2/><D2/><U3/><E135/><V71/><F34/><W0/><G0/><T65/><D110/><U106/><E8/><V19/><F117/><W40/><G31/><T30/><D73/><U48/><E64/><V52/><F79/><W37/><G37/><T41/><D132/><U118/><E118/><V125/><F125/><W86/><G105/><T36/><D26/><U58/><E112/><V121/><F121/><W13/><G67/><T20/><D30/><U133/><E25/><V44/><F71/><W72/><G7/><T92/><D92/><U24/><E24/><V17/><F9/><W123/><G123/><T89/><D89/><U35/><E106/><V75/><F75/><W93/><G93/><T69/><REACH who="0" step="1"/><D36/><REACH who="0" ten="240,250,250,250" step="2"/><U113/><E104/><V120/><F120/><W78/><G72/><T45/><D45/><U68/><E133/><V134/><F134/><W74/><G74/><T114/><D114/><U109/><E109/><V56/><F44/><W55/><G78/><T119/><D119/><U70/><E77/><V126/><F47/><N who="3" m="28095" /><G83/><T51/><D51/><U23/><E81/><V100/><F126/><W88/><G76/><T53/><AGARI ba="0,1" hai="14,16,20,41,46,50,53,54,61,65,69,84,90,95" machi="53" ten="30,11700,0" yaku="1,1,0,1,52,1,54,1,53,0" doraHai="87" doraHaiUra="101" who="0" fromWho="0" sc="240,127,250,-39,250,-39,250,-39" /><INIT seed="0,1,0,2,3,42" ten="367,211,211,211" oya="0" hai0="78,124,89,75,123,100,43,120,58,107,7,113,37" hai1="133,24,73,12,97,69,5,118,0,63,10,108,62" hai2="57,18,64,40,114,52,27,81,48,90,85,67,110" hai3="119,95,135,31,116,21,11,70,25,28,47,101,19"/><T2/><D58/><U34/><E118/><V4/><F114/><W122/><G70/><T80/><D113/><U61/><E73/><V56/><F110/><W106/><G106/><T131/><D124/><U39/><E133/><V46/><F4/><W102/><G135/><T134/><D131/><U126/><E108/><V93/><F57/><W50/><G122/><T103/><D134/><U17/><E39/><V68/><F68/><W45/><G116/><T104/><D89/><U94/><E126/><V77/><F18/><W128/><G119/><T20/><D20/><U127/><E127/><V105/><F27/><W32/><G32/><T98/><D103/><N who="3" m="39433" /><G50/><T3/><D104/><U33/><E69/><V54/><F105/><W1/><G1/><T65/><D65/><U84/><E84/><V8/><F8/><W130/><G95/><T41/><D41/><U6/><E34/><V36/><REACH who="2" step="1"/><F54/><REACH who="2" ten="367,211,201,211" step="2"/><W49/><G11/><N who="0" m="2551" /><D3/><U96/><E0/><V66/><F66/><W112/><G112/><T16/><D16/><U55/><E17/><V88/><F88/><W29/><G49/><T117/><D117/><U87/><E10/><V99/><AGARI ba="1,1" hai="36,40,46,48,52,56,64,67,77,81,85,90,93,99" machi="99" ten="20,12000,2" yaku="1,1,0,1,7,1,52,1,54,1,53,1" doraHai="42" doraHaiUra="92" who="2" fromWho="2" sc="367,-61,211,-31,201,133,211,-31" /><INIT seed="1,0,0,4,1,21" ten="306,180,334,180" oya="1" hai0="73,18,3,34,74,42,6,97,115,67,135,87,52" hai1="90,100,20,1,92,96,62,127,39,26,106,81,25" hai2="41,111,58,55,78,57,70,77,50,46,80,11,61" hai3="66,125,60,9,82,79,95,116,121,133,69,118,29"/><U0/><E127/><V53/><F111/><W105/><G105/><T98/><D115/><U114/><E114/><V28/><F70/><W91/><G121/><T65/><D34/><U36/><E81/><V8/><F28/><W15/><G133/><T119/><D42/><U10/><E62/><V101/><F101/><W17/><G125/><T123/><D18/><U103/><E103/><V7/><F7/><W45/><G45/><T71/><D87/><U63/><E63/><V117/><F117/><W5/><G29/><T68/><D6/><U19/><E25/><V85/><REACH who="2" step="1"/><F78/><REACH who="2" ten="306,180,324,180" step="2"/><W124/><G124/><T134/><D119/><U59/><E0/><V104/><F104/><W27/><G5/><T110/><D3/><U76/><E76/><V131/><F131/><W12/><G116/><T48/><D110/><U23/><E1/><V86/><F86/><W56/><G69/><T32/><D123/><U128/><E128/><V64/><F64/><W120/><G120/><T132/><D71/><U30/><E100/><V49/><AGARI ba="0,1" hai="8,11,41,46,49,50,53,55,57,58,61,77,80,85" machi="49" ten="20,8000,1" yaku="1,1,0,1,7,1,8,1,53,1" doraHai="21" doraHaiUra="72" who="2" fromWho="2" sc="306,-20,180,-40,324,90,180,-20" /><INIT seed="2,0,0,5,3,39" ten="286,140,414,160" oya="2" hai0="7,88,70,73,116,77,11,107,123,35,36,33,17" hai1="0,74,99,43,134,75,6,90,57,110,50,60,30" hai2="56,15,87,109,69,115,93,80,101,24,112,114,46" hai3="20,13,103,41,23,8,12,58,111,131,5,66,86"/><V28/><F69/><W37/><G111/><T68/><D123/><U22/><E134/><V34/><F109/><W98/><G131/><T91/><D107/><U127/><E127/><V49/><F56/><W4/><G86/><T55/><D116/><U65/><E110/><V25/><F25/><W18/><G66/><T135/><D135/><U29/><E6/><V89/><F15/><W21/><G5/><T27/><D55/><U121/><E0/><V108/><F108/><W38/><G58/><T40/><D17/><U106/><E106/><V14/><F14/><W82/><G82/><N who="0" m="45359" /><D88/><U61/><E61/><V126/><F126/><W102/><G102/><T42/><D42/><U64/><E64/><V2/><F2/><W54/><G54/><T132/><D91/><U3/><E75/><V97/><REACH who="2" step="1"/><F115/><REACH who="2" ten="286,140,404,160" step="2"/><W26/><G26/><T48/><D27/><U96/><E57/><V104/><F104/><W51/><G13/><T71/><D132/><U83/><E3/><V120/><F120/><W19/><G4/><T124/><D124/><U92/><E121/><V32/><F32/><W16/><G12/><N who="0" m="5247" /><D33/><U85/><E29/><V10/><F10/><W67/><G8/><T63/><D35/><U94/><E30/><V128/><F128/><W117/><G67/><T62/><D68/><U95/><E22/><V47/><F47/><N who="3" m="26095" /><G117/><T84/><D70/><U118/><E118/><V130/><F130/><W52/><G21/><T59/><D71/><N who="1" m="42407" /><E74/><V76/><F76/><W44/><G23/><T119/><D119/><U122/><E122/><V100/><F100/><W129/><G129/><RYUUKYOKU ba="0,1" sc="286,-15,140,15,404,15,160,-15" hai1="43,50,83,85,90,92,94,95,96,99" hai2="24,28,34,46,49,80,87,89,93,97,101,112,114" /><INIT seed="2,1,1,2,4,91" ten="271,155,419,145" oya="2" hai0="80,12,51,33,123,39,105,19,4,1,99,29,24" hai1="112,98,104,119,106,66,127,43,109,2,125,89,55" hai2="32,49,48,96,16,62,54,100,130,76,74,14,79" hai3="85,7,47,92,42,116,63,15,34,53,56,69,22"/><V111/><F32/><W52/><G34/><T93/><D39/><U26/><E2/><V40/><F130/><W120/><G120/><T18/><D123/><U35/><E43/><V73/><F111/><W133/><G116/><T58/><D105/><U103/><E106/><V135/><F135/><W65/><G133/><T81/><D1/><U115/><E55/><V31/><F31/><W27/><G7/><T110/><D4/><U11/><E11/><V70/><F73/><W90/><G15/><T50/><D18/><U77/><E66/><V20/><F74/><W8/><G8/><T82/><D58/><U122/><E122/><V30/><F30/><W95/><G69/><T67/><D67/><U72/><E26/><V117/><F117/><W36/><REACH who="3" step="1"/><G92/><REACH who="3" ten="271,155,419,135" step="2"/><T108/><D110/><U132/><E35/><V38/><F70/><W128/><G128/><T114/><D108/><U37/><E132/><V28/><F14/><W94/><G94/><T10/><REACH who="0" step="1"/><D114/><REACH who="0" ten="261,155,419,135" step="2"/><U44/><E109/><V60/><F38/><W83/><G83/><T78/><D78/><U131/><E115/><V46/><F76/><W68/><G68/><T75/><D75/><U59/><E112/><V113/><F79/><W88/><G88/><AGARI ba="1,3" hai="10,12,19,24,29,33,50,51,80,81,82,88,93,99" machi="88" ten="40,5200,0" yaku="1,1,52,1,54,1,53,0" doraHai="91" doraHaiUra="71" who="0" fromWho="3" sc="261,85,155,0,419,0,135,-55" /><INIT seed="3,0,0,3,4,57" ten="346,155,419,80" oya="3" hai0="100,115,11,40,106,15,45,108,121,93,82,75,97" hai1="53,135,22,12,125,0,110,105,118,90,72,88,42" hai2="112,63,76,7,46,119,129,50,83,67,130,47,74" hai3="34,3,18,13,113,101,70,24,16,69,27,25,123"/><W36/><G113/><T80/><D108/><U29/><E0/><V81/><F119/><W8/><G123/><T86/><D121/><U51/><E125/><V19/><F112/><W49/><G36/><T104/><D115/><U127/><E135/><V6/><F19/><W56/><G101/><T17/><D75/><U85/><E72/><V54/><F83/><W44/><G34/><T5/><D17/><U60/><E105/><V71/><REACH who="2" step="1"/><F47/><REACH who="2" ten="346,155,409,80" step="2"/><W23/><G3/><T117/><D82/><U48/><E118/><V102/><F102/><W43/><REACH who="3" step="1"/><G56/><REACH who="3" ten="346,155,409,70" step="2"/><T73/><D117/><U128/><E127/><V2/><F2/><W14/><AGARI ba="0,2" hai="8,13,14,16,18,23,24,25,27,43,44,49,69,70" machi="14" ten="30,11700,0" yaku="1,1,2,1,0,1,54,1,53,0" doraHai="57" doraHaiUra="96" who="3" fromWho="3" sc="346,-39,155,-39,409,-39,70,137" /><INIT seed="3,1,0,0,2,6" ten="307,116,370,207" oya="3" hai0="27,21,120,87,117,97,61,78,125,66,8,79,96" hai1="39,7,18,47,9,74,40,29,57,102,90,2,82" hai2="80,31,24,60,114,54,48,104,75,49,133,38,130" hai3="124,93,116,71,12,115,62,128,100,101,89,106,25"/><W81/><G115/><T127/><D117/><U33/><E102/><V109/><F114/><W134/><G116/><T22/><D120/><U4/><E4/><V13/><F38/><W63/><G128/><T15/><D125/><U113/><E113/><V10/><F104/><W3/><G3/><T94/><D127/><U92/><E18/><V41/><F109/><W107/><G124/><T98/><D94/><U43/><E43/><V86/><F75/><W5/><G81/><T111/><D111/><U23/><E57/><V28/><F133/><W99/><G134/><T122/><D87/><U46/><E46/><N who="2" m="25679" /><F60/><W35/><G35/><T72/><D72/><U14/><E33/><V56/><F24/><W50/><G25/><T16/><D22/><U70/><E70/><V11/><F130/><W105/><G50/><T37/><D37/><U45/><E45/><V0/><F0/><W73/><G73/><T129/><D122/><U69/><E69/><V52/><F54/><W103/><REACH who="3" step="1"/><G71/><REACH who="3" ten="307,116,370,197" step="2"/><T88/><D129/><U76/><E29/><N who="2" m="11339" /><F13/><W59/><G59/><N who="0" m="37183" /><D88/><AGARI ba="1,1" hai="10,11,49,52,56,80,86,88" m="11339,25679" machi="88" ten="30,8000,1" yaku="8,1,52,2,54,2" doraHai="6" who="2" fromWho="0" sc="307,-83,116,0,370,93,197,0" /><INIT seed="4,0,0,5,5,111" ten="224,116,463,197" oya="0" hai0="106,76,16,6,125,41,26,5,50,40,2,86,7" hai1="3,48,25,130,65,23,87,69,62,36,88,75,37" hai2="52,99,1,134,32,21,119,59,71,90,77,74,83" hai3="15,42,135,19,10,4,108,101,104,30,128,54,103"/><T91/><D106/><U17/><E130/><V49/><F32/><W24/><G108/><T39/><D125/><U98/><E75/><V105/><F1/><W57/><G128/><T123/><D39/><U34/><E3/><V43/><F71/><W73/><G73/><T28/><D123/><U95/><E34/><V27/><F134/><W70/><G70/><T46/><D76/><U31/><E31/><V38/><F119/><W45/><G104/><T116/><D116/><U102/><REACH who="1" step="1"/><E48/><REACH who="1" ten="224,106,463,197" step="2"/><V121/><F49/><N who="3" m="26807" /><G135/><T56/><D2/><U118/><E118/><V20/><F38/><W68/><G30/><T72/><D28/><U92/><AGARI ba="0,1" hai="17,23,25,36,37,62,65,69,87,88,92,95,98,102" machi="92" ten="20,8000,1" yaku="1,1,0,1,7,1,54,1,53,1" doraHai="111" doraHaiUra="64" who="1" fromWho="1" sc="224,-40,106,90,463,-20,197,-20" /><INIT seed="5,0,0,1,3,36" ten="184,196,443,177" oya="1" hai0="67,104,80,12,116,99,44,78,37,54,121,85,113" hai1="114,31,93,48,57,134,64,38,47,128,19,115,45" hai2="25,28,135,8,68,132,79,15,103,87,66,118,69" hai3="70,40,120,90,74,108,112,50,92,82,125,16,96"/><U49/><E31/><V21/><F118/><W0/><G120/><T71/><D113/><N who="1" m="43019" /><E19/><V63/><F103/><W42/><G108/><T5/><D116/><U27/><E27/><V35/><F69/><W127/><G112/><T107/><D121/><U3/><E3/><V81/><REACH who="2" step="1"/><F35/><REACH who="2" ten="184,196,433,177" step="2"/><W59/><G70/><T24/><D71/><U2/><E128/><V133/><F133/><W91/><G125/><T94/><D104/><U119/><E119/><V130/><F130/><W95/><G127/><T75/><D107/><U111/><E134/><V131/><F131/><W86/><G0/><T7/><D7/><AGARI ba="0,1" hai="7,8,15,21,25,28,63,66,68,79,81,87,132,135" machi="7" ten="40,1300,0" yaku="1,1,53,0" doraHai="36" doraHaiUra="101" who="2" fromWho="0" sc="184,-13,196,0,433,23,177,0" /><INIT seed="6,0,0,2,2,18" ten="171,196,456,177" oya="2" hai0="48,15,112,114,50,12,14,120,85,88,128,89,84" hai1="111,30,72,19,21,47,0,8,51,99,90,17,41" hai2="105,4,132,103,24,95,60,23,125,66,39,78,126" hai3="70,58,134,115,135,75,127,71,26,29,116,38,1"/><V10/><F39/><W77/><G116/><T46/><D120/><U80/><E111/><V122/><F122/><W110/><G110/><T106/><D106/><U73/><E73/><V98/><F78/><W96/><G1/><T27/><D27/><N who="1" m="16751" /><E72/><V44/><F44/><W34/><G38/><T59/><D59/><U86/><E0/><V83/><F83/><W68/><G127/><N who="2" m="48649" /><F132/><N who="3" m="50731" /><G75/><T33/><D33/><U76/><E8/><V69/><F105/><W43/><G77/><T6/><D6/><U2/><E2/><V54/><F54/><W16/><G43/><T104/><D104/><U101/><E101/><V32/><F32/><W35/><G58/><T20/><D20/><U63/><E63/><V117/><F117/><W28/><G96/><T9/><D9/><U113/><E113/><N who="0" m="43625" /><D128/><U119/><E119/><V130/><F130/><W118/><G118/><T55/><D48/><U107/><E107/><V5/><F10/><W36/><G36/><T100/><D100/><U42/><E42/><V133/><F133/><W52/><G115/><T53/><D53/><U67/><E67/><V94/><F94/><AGARI ba="0,0" hai="17,19,41,47,51,76,80,86,90,94,99" m="16751" machi="94" ten="30,2000,0" yaku="8,1,52,1" doraHai="18" who="1" fromWho="2" sc="171,0,196,20,456,-20,177,0" /><INIT seed="7,0,0,2,5,88" ten="171,216,436,177" oya="3" hai0="59,123,120,9,106,43,109,34,135,133,53,63,24" hai1="75,32,7,105,37,33,115,50,95,108,44,129,13" hai2="15,64,126,40,91,125,71,77,99,117,110,0,19" hai3="116,22,62,39,47,121,94,104,81,128,80,89,102"/><W3/><G3/><T84/><D109/><U17/><E105/><V56/><F110/><W134/><G116/><T16/><D106/><U26/><E75/><V12/><F0/><W92/><G121/><T101/><D101/><U41/><E115/><V96/><F71/><W5/><G104/><T122/><D43/><U114/><E114/><V20/><F117/><W113/><G113/><T87/><D9/><U132/><E129/><V85/><F77/><W72/><G128/><T78/><D78/><U58/><E132/><N who="0" m="50761" /><D16/><U68/><E7/><V42/><F12/><W55/><G72/><T107/><D107/><U21/><E13/><V90/><F90/><W112/><G112/><T2/><D2/><U131/><E17/><V28/><F56/><N who="3" m="35103" /><G134/><T23/><D23/><U18/><E21/><V51/><F125/><W82/><G5/><T52/><D53/><U130/><E108/><V127/><F126/><W119/><G119/><T27/><D27/><U4/><E26/><V49/><F127/><W111/><G111/><T14/><D14/><U60/><E131/><V57/><F51/><W103/><G22/><T38/><D38/><U65/><E130/><V30/><F49/><W93/><G89/><T70/><D70/><U10/><E68/><V98/><F64/><W6/><G6/><T73/><D73/><U61/><E37/><V48/><F48/><W11/><G11/><T124/><D124/><U83/><E4/><V69/><F69/><W66/><G66/><T46/><D46/><U45/><E45/><V29/><F57/><W76/><G76/><T118/><D118/><RYUUKYOKU ba="0,0" sc="171,10,216,-30,436,10,177,10" hai0="24,34,52,59,63,84,87,120,122,123" hai2="15,19,20,28,29,30,40,42,85,91,96,98,99" hai3="39,47,80,81,82,92,93,94,102,103" /><INIT seed="7,1,0,5,1,65" ten="181,186,446,187" oya="3" hai0="63,47,91,121,33,36,69,127,45,117,35,72,29" hai1="58,31,109,120,81,32,23,10,54,118,95,135,86" hai2="134,8,62,17,14,61,129,103,83,60,92,74,119" hai3="12,100,11,80,105,26,85,79,49,42,37,68,28"/><W125/><G37/><T46/><D117/><U4/><E32/><V82/><F119/><W102/><G125/><T52/><D127/><U19/><E109/><V73/><F129/><W21/><G105/><T122/><D72/><U123/><E135/><V78/><F134/><W56/><G68/><T133/><D133/><U39/><E39/><V5/><F103/><W106/><G106/><T25/><D35/><U43/><E43/><V27/><F92/><W6/><G56/><T87/><D36/><U97/><E31/><V107/><F107/><W116/><G116/><T130/><D130/><U40/><E40/><V16/><F27/><W93/><G93/><T44/><N who="0" m="11264" /><DORA hai="104" /><T15/><D15/><U50/><E118/><V89/><F89/><W124/><G124/><T18/><D18/><U88/><E23/><V75/><F75/><W0/><G42/><T51/><D51/><U114/><E19/><V84/><F84/><W3/><G49/><T20/><D33/><U94/><E94/><V90/><F90/><W48/><G48/><T110/><D110/><U126/><E114/><V66/><F66/><W59/><G59/><N who="0" m="35303" /><D69/><U41/><E41/><V22/><F22/><W2/><AGARI ba="1,0" hai="0,2,3,6,11,12,21,26,28,79,80,85,100,102" machi="2" ten="30,1500,0" yaku="0,1" doraHai="65,104" who="3" fromWho="3" sc="181,-6,186,-6,446,-6,187,18" /><INIT seed="7,2,0,0,5,52" ten="175,180,440,205" oya="3" hai0="95,105,5,54,75,132,6,8,68,122,84,120,44" hai1="25,45,9,2,88,11,116,51,38,16,129,123,99" hai2="26,1,12,43,106,86,125,91,41,48,23,0,19" hai3="14,24,135,81,131,3,82,61,102,121,37,7,124"/><W110/><G121/><T92/><D105/><U31/><E123/><V108/><F108/><W78/><G37/><T50/><D75/><U114/><E38/><V35/><F106/><W17/><G131/><T109/><D109/><U111/><E111/><V34/><F125/><W96/><G110/><T22/><D68/><U4/><E114/><V36/><F36/><W119/><G119/><T49/><D132/><U47/><E129/><V30/><F35/><W103/><G24/><T79/><D120/><U65/><E65/><V117/><F117/><W107/><G103/><T69/><D69/><U40/><E47/><V85/><F85/><W55/><G124/><T90/><D122/><U93/><E116/><V72/><F72/><W100/><G100/><T62/><D62/><U101/><E101/><V134/><F134/><W63/><G81/><N who="0" m="47167" /><D22/><N who="1" m="15799" /><E2/><V113/><F113/><W33/><G33/><T83/><D83/><U15/><E9/><V87/><F87/><W18/><G63/><T118/><D118/><U21/><E21/><V67/><F67/><W53/><G3/><T133/><D133/><U56/><E56/><V130/><F130/><W112/><G112/><T46/><D8/><U10/><E10/><V128/><F128/><W28/><G61/><T71/><D71/><U58/><E58/><V97/><F12/><W70/><G70/><T115/><D115/><U94/><E94/><N who="0" m="35881" /><D90/><U77/><E77/><V27/><F0/><W20/><G135/><T57/><D46/><U126/><E126/><V73/><F1/><W39/><G39/><T80/><D80/><U66/><E4/><RYUUKYOKU ba="2,0" sc="175,15,180,15,440,-15,205,-15" hai0="5,6,44,49,50,54,57" hai1="11,15,16,40,45,51,66,88,93,99" owari="190,-21.0,195,-0.5,425,52.5,190,-31.0" /></mjloggm>