<mjloggm ver="2.3"><GO type="169" lobby="0"/><UN n0="%53%68%69%72%6C%65%79" n1="%72%75%69%6E%65%76%65%72" n2="%E3%81%BD%E3%81%A3%E3%81%91%E3%81%95%E3%82%93" n3="%E5%A4%A9%E7%8B%90" dan="16,16,17,16" rate="2083.41,2113.12,2202.61,2105.69" sx="M,M,M,M"/><TAIKYOKU oya="0"/><INIT seed="0,0,0,0,3,89" ten="250,250,250,250" oya="0" hai0="23,116,36,35,97,60,127,69,94,33,93,27,67" hai1="7,90,88,134,73,103,51,6,126,42,22,128,123" hai2="21,98,17,8,12,80,0,4,2,114,55,86,29" hai3="15,40,16,118,14,19,5,79,70,99,25,61,41"/><T38/><D116/><U78/><E123/><V109/><F109/><W117/><G79/><T30/><D127/><U107/><E126/><V112/><F2/><W84/><G5/><T68/><D68/><U9/><E7/><V34/><F55/><W31/><G84/><T63/><D63/><U81/><E134/><V131/><F131/><W106/><G106/><T130/><D130/><U83/><E128/><V3/><F3/><W44/><G99/><T135/><D135/><U62/><E62/><V49/><F49/><W57/><G70/><T10/><D10/><U105/><E22/><V43/><F43/><W110/><G110/><T115/><D115/><U120/><E120/><V53/><F53/><W56/><G31/><T82/><D82/><U92/><E83/><V1/><F98/><W91/><G91/><T104/><D23/><U108/><E108/><V37/><F37/><N who="0" m="14442" /><D35/><U46/><E103/><AGARI ba="0,0" hai="27,30,33,60,67,69,93,94,97,103,104" m="14442" machi="103" ten="30,5800,0" yaku="25,1,52,2" doraHai="89" who="0" fromWho="1" sc="250,58,250,-58,250,0,250,0" /><INIT seed="0,1,0,5,0,92" ten="308,192,250,250" oya="0" hai0="96,16,14,37,90,88,98,67,108,112,113,111,36" hai1="7,116,106,110,23,38,130,117,121,124,85,26,83" hai2="93,115,70,58,51,100,43,53,107,89,64,6,69" hai3="132,2,76,19,91,47,102,62,4,109,32,68,129"/><T54/><D67/><U123/><E38/><V87/><F115/><W97/><G32/><T99/><D113/><U80/><E7/><V74/><F74/><W39/><G109/><N who="0" m="42059" /><D112/><U10/><E110/><V35/><F35/><W11/><G132/><T25/><D25/><U126/><E10/><V101/><F43/><W20/><G76/><T103/><D103/><U9/><E9/><V119/><F119/><N who="1" m="45641" /><E106/><V82/><F107/><W66/><G91/><N who="0" m="34859" /><D54/><U114/><E114/><V46/><F70/><W12/><G102/><T17/><D17/><N who="1" m="12655" /><E130/><V1/><F69/><W135/><G129/><T33/><D33/><U18/><E18/><V63/><F6/><W73/><G66/><T34/><D34/><U104/><E104/><V27/><F27/><W77/><G68/><T24/><D24/><U40/><E40/><V65/><F65/><W21/><G19/><T118/><D118/><U71/><E71/><V0/><F101/><W5/><G5/><T125/><D125/><N who="1" m="48235" /><E85/><V55/><F64/><W30/><G4/><T57/><D57/><U45/><E45/><V95/><F100/><W131/><G47/><T8/><AGARI ba="1,0" hai="8,14,16,36,37,96,98,99" m="34859,42059" machi="8" ten="40,18000,2" yaku="14,1,10,1,52,3,54,2" doraHai="92" who="0" fromWho="0" sc="308,183,192,-61,250,-61,250,-61" /><INIT seed="0,2,0,5,1,57" ten="491,131,189,189" oya="0" hai0="106,23,91,24,127,117,111,7,130,3,53,50,39" hai1="71,77,104,88,8,114,94,60,56,19,82,46,40" hai2="2,6,133,28,92,83,45,64,115,62,21,59,52" hai3="41,126,0,54,103,81,98,129,89,42,22,32,26"/><T124/><D117/><U79/><E104/><V66/><F115/><W99/><G32/><T55/><D39/><U87/><E71/><V43/><F133/><W25/><G0/><T47/><D130/><U29/><E114/><V38/><F2/><W65/><G129/><T121/><D121/><U96/><E29/><V76/><F6/><W49/><G126/><N who="0" m="48171" /><D106/><U105/><E105/><V119/><F119/><W90/><G65/><T17/><D111/><U14/><E46/><V122/><F122/><W116/><G26/><T118/><D118/><U125/><E125/><V18/><F92/><N who="3" m="58855" /><G81/><T31/><D91/><N who="3" m="34825" /><G98/><T72/><D72/><U27/><E27/><V112/><F112/><W108/><G108/><T107/><D107/><U100/><E40/><V95/><F95/><W48/><G116/><T9/><D31/><U80/><E80/><V109/><F28/><N who="3" m="17463" /><G49/><T5/><D5/><U101/><E101/><V58/><F109/><W30/><G30/><T35/><D35/><U67/><AGARI ba="2,0" hai="8,14,19,56,60,67,77,79,82,87,88,94,96,100" machi="67" ten="20,8000,1" yaku="0,1,7,1,8,1,52,1,54,1" doraHai="57" who="1" fromWho="1" sc="491,-42,131,86,189,-22,189,-22" /><INIT seed="1,0,0,5,5,61" ten="449,217,167,167" oya="1" hai0="17,106,50,118,24,125,64,19,105,94,107,28,77" hai1="48,1,58,22,52,30,104,42,47,2,91,13,35" hai2="130,16,103,128,37,49,119,57,117,41,89,56,29" hai3="88,85,109,12,46,112,69,21,115,95,75,93,44"/><U27/><E104/><V87/><F29/><W18/><G75/><T9/><D118/><U132/><E132/><V66/><F103/><W108/><G69/><T76/><D125/><U74/><E74/><V131/><F37/><W5/><G95/><T3/><D50/><U120/><E120/><V0/><F0/><W63/><G63/><T39/><D39/><U114/><E114/><V133/><F133/><W40/><G5/><T135/><D135/><U62/><REACH who="1" step="1"/><E91/><REACH who="1" ten="449,207,167,167" step="2"/><V45/><F119/><W102/><G102/><T116/><D107/><U23/><E23/><V86/><F117/><W34/><G34/><T126/><D106/><U127/><E127/><V38/><F89/><W122/><G122/><T25/><D105/><U111/><E111/><V98/><F128/><W79/><G79/><T71/><D77/><U129/><E129/><V70/><F130/><W43/><G115/><T51/><D76/><U134/><E134/><V90/><F131/><W92/><G112/><T6/><D126/><U54/><E54/><V4/><F90/><N who="3" m="53327" /><G109/><T11/><D116/><U60/><E60/><V83/><F41/><N who="3" m="15947" /><G108/><T121/><D121/><U96/><E96/><AGARI ba="0,1" hai="12,18,21,44,46,88,93,96" m="15947,53327" machi="96" ten="30,2000,0" yaku="8,1,54,1" doraHai="61" who="3" fromWho="1" sc="449,0,207,-20,167,0,167,30" /><INIT seed="2,0,0,2,4,78" ten="449,187,167,197" oya="2" hai0="135,122,87,77,82,131,99,10,91,126,2,95,39" hai1="59,117,58,66,4,85,15,18,104,32,73,93,107" hai2="129,97,62,132,68,53,130,57,106,76,49,88,81" hai3="61,124,5,115,125,26,3,52,46,35,111,6,110"/><V30/><F30/><N who="3" m="19927" /><G115/><T19/><D122/><U101/><E117/><V23/><F23/><W74/><G74/><T29/><D131/><N who="2" m="50186" /><F132/><W8/><G5/><T70/><D126/><N who="3" m="48745" /><G46/><T84/><D39/><U36/><E73/><N who="2" m="43151" /><F106/><W72/><G72/><T96/><D29/><U65/><E107/><V63/><F68/><W114/><G114/><T79/><D70/><U31/><E104/><V34/><F34/><W133/><G133/><T116/><D116/><U69/><E69/><V42/><F42/><W45/><G45/><T128/><D135/><U20/><E32/><V90/><F97/><W71/><G71/><T27/><D128/><U17/><E31/><V0/><F0/><W41/><G41/><T109/><D109/><U123/><E123/><V89/><AGARI ba="0,0" hai="49,53,57,62,63,88,89,90" m="43151,50186" machi="89" ten="30,6000,0" yaku="19,1,52,1,54,1" doraHai="78" who="2" fromWho="2" sc="449,-20,187,-20,167,60,197,-20" /><INIT seed="2,1,0,5,3,56" ten="429,167,227,177" oya="2" hai0="76,71,74,63,132,11,73,123,51,14,129,5,99" hai1="25,27,12,41,125,103,88,135,116,133,62,126,16" hai2="39,130,32,79,91,82,15,92,43,42,45,57,119" hai3="124,31,89,108,28,93,131,80,86,7,78,94,110"/><V34/><F119/><W105/><G105/><T66/><D123/><U21/><E116/><V114/><F114/><W24/><G124/><N who="1" m="47722" /><E103/><V97/><F130/><W112/><G131/><T111/><D129/><U90/><E41/><V23/><F43/><W85/><G112/><T98/><D132/><N who="1" m="50763" /><E62/><V2/><F2/><W19/><G7/><T6/><D6/><U4/><E27/><V64/><F64/><W53/><G53/><T18/><D111/><N who="3" m="42537" /><G94/><T60/><D51/><U0/><E0/><V68/><F68/><W81/><G93/><T46/><D46/><U70/><E70/><V106/><F57/><W120/><G120/><T72/><D76/><U17/><E4/><V37/><F106/><W50/><G50/><T100/><D100/><U48/><E48/><V3/><F3/><W26/><G26/><T47/><D47/><U109/><E109/><V29/><F39/><W104/><G104/><T38/><D38/><U10/><AGARI ba="1,0" hai="10,12,16,17,21,25,88,90" m="50763,47722" machi="10" ten="30,7900,0" yaku="18,1,20,1,54,2" doraHai="56" who="1" fromWho="1" sc="429,-21,167,82,227,-40,177,-21" /><INIT seed="3,0,0,5,5,67" ten="408,249,187,156" oya="3" hai0="74,47,118,111,94,46,112,20,110,42,86,21,14" hai1="10,113,84,97,19,24,106,17,68,58,96,79,49" hai2="60,48,23,134,62,41,87,93,53,45,119,133,77" hai3="54,91,132,22,35,126,37,38,32,55,125,124,51"/><W107/><G107/><T39/><D118/><U6/><E113/><V101/><F119/><W40/><G40/><T65/><D74/><U82/><E106/><V34/><F34/><N who="3" m="12843" /><G132/><T95/><D112/><U57/><E68/><V29/><F77/><W123/><G123/><T102/><D65/><U63/><E49/><V88/><F101/><W26/><G91/><N who="0" m="53623" /><D14/><N who="1" m="5463" /><E57/><V89/><F89/><W31/><G55/><T75/><D75/><U92/><E24/><N who="2" m="16543" /><F41/><W13/><G13/><T36/><D36/><U2/><E2/><V64/><F64/><W81/><G81/><T73/><D73/><U27/><E27/><V15/><F15/><W108/><G108/><N who="0" m="41515" /><D46/><AGARI ba="0,0" hai="22,26,31,37,38,46,51,54,124,125,126" m="12843" machi="46" ten="40,2000,0" yaku="18,1" doraHai="67" who="3" fromWho="0" sc="408,-20,249,0,187,0,156,20" /><INIT seed="3,1,0,4,1,76" ten="388,249,187,176" oya="3" hai0="120,42,46,125,43,110,66,28,17,1,52,111,132" hai1="64,29,102,84,81,37,45,61,85,118,36,105,88" hai2="25,8,115,60,48,104,114,40,19,13,62,24,121" hai3="59,27,127,63,90,54,112,98,91,128,86,97,69"/><W30/><G112/><T107/><D120/><U103/><E118/><V116/><F116/><W11/><G128/><T38/><D132/><U101/><E105/><V65/><F104/><W95/><G127/><T68/><D125/><U22/><E45/><V122/><F40/><W133/><G133/><T50/><D1/><U23/><E85/><V34/><F48/><W32/><G69/><T82/><D28/><U47/><E47/><V21/><F62/><W83/><REACH who="3" step="1"/><G11/><REACH who="3" ten="388,249,187,166" step="2"/><T74/><D68/><U126/><E126/><V75/><F8/><W73/><G73/><T58/><D74/><U57/><REACH who="1" step="1"/><E29/><REACH who="1" ten="388,239,187,166" step="2"/><N who="2" m="19751" /><F114/><W130/><G130/><T89/><D111/><U53/><E53/><V14/><F115/><W124/><G124/><T16/><D52/><U3/><E3/><V7/><F121/><W6/><G6/><T77/><D110/><U78/><E78/><V56/><F7/><W39/><G39/><AGARI ba="1,2" hai="22,23,36,37,39,57,61,64,81,84,88,101,102,103" machi="39" ten="40,12000,2" yaku="1,1,52,1,54,1,53,3" doraHai="76" doraHaiUra="70" who="1" fromWho="3" sc="388,0,239,143,187,0,166,-123" /><INIT seed="4,0,0,5,4,37" ten="388,382,187,43" oya="0" hai0="10,28,38,99,65,124,68,94,5,119,87,132,22" hai1="19,127,110,89,81,20,6,86,108,75,36,131,48" hai2="123,80,58,4,35,16,76,40,69,103,62,98,63" hai3="60,24,116,93,32,45,115,121,17,111,25,13,85"/><T12/><D119/><U0/><E36/><V107/><F123/><W47/><G116/><T49/><D38/><U52/><E131/><V97/><F4/><W73/><G73/><T41/><D132/><U67/><E127/><V27/><F98/><W43/><G111/><T126/><D87/><U74/><E67/><V23/><F69/><W130/><G130/><T92/><D65/><U71/><E71/><V8/><F8/><W56/><G115/><T101/><D68/><U44/><E75/><V39/><F35/><W9/><G121/><T30/><D94/><U3/><E74/><V18/><F18/><W122/><G32/><T104/><D104/><U117/><E117/><V96/><F96/><W129/><G47/><N who="0" m="25839" /><D22/><U55/><E55/><V120/><F120/><W57/><G129/><T95/><D95/><U112/><E112/><V15/><F27/><W91/><G122/><T83/><D83/><U50/><E50/><V84/><REACH who="2" step="1"/><F58/><REACH who="2" ten="388,382,177,43" step="2"/><W90/><G57/><T61/><D126/><U46/><E6/><V14/><F14/><W78/><G24/><T29/><D124/><U102/><E108/><V105/><F105/><W59/><G25/><T64/><D29/><U135/><E110/><V114/><F114/><W26/><G26/><T1/><D12/><U79/><E19/><V51/><F51/><N who="3" m="27071" /><G59/><N who="0" m="36927" /><D28/><U31/><E31/><V72/><F72/><W82/><G56/><T53/><D30/><U33/><E33/><V54/><F54/><W2/><G2/><T77/><D53/><N who="1" m="29831" /><E0/><V106/><F106/><W125/><G125/><T109/><D109/><U11/><E3/><RYUUKYOKU ba="0,1" sc="388,15,382,-15,177,15,43,-15" hai0="1,5,10,77,92,99,101" hai2="15,16,23,39,40,62,63,76,80,84,97,103,107" /><INIT seed="4,1,1,2,2,92" ten="403,367,192,28" oya="0" hai0="60,25,130,71,117,116,114,18,105,87,122,98,120" hai1="124,9,125,31,46,32,73,93,112,39,75,42,77" hai2="126,132,95,11,43,121,51,62,66,48,36,24,89" hai3="86,109,81,22,1,80,29,47,127,128,28,58,104"/><T96/><D71/><U55/><E112/><V40/><F121/><W13/><G109/><T34/><D60/><U49/><E77/><V41/><F36/><W119/><G119/><T111/><D34/><U79/><E79/><V70/><F126/><N who="1" m="48745" /><E9/><V82/><F82/><W50/><G1/><T113/><D25/><N who="1" m="18543" /><E93/><V91/><F91/><W19/><G127/><T20/><D87/><U59/><AGARI ba="1,1" hai="39,42,46,49,55,59,73,75" m="18543,48745" machi="59" ten="30,1100,0" yaku="18,1" doraHai="92" who="1" fromWho="1" sc="403,-6,367,24,192,-4,28,-4" /><INIT seed="5,0,0,0,0,57" ten="397,391,188,24" oya="1" hai0="6,28,66,121,1,20,90,50,100,93,99,129,12" hai1="86,79,40,38,134,21,4,89,22,130,53,73,92" hai2="49,39,88,118,110,67,54,61,109,131,45,52,58" hai3="19,102,69,96,48,128,124,9,18,34,72,62,3"/><U114/><E134/><V82/><F118/><W5/><G72/><T84/><D129/><U7/><E130/><V63/><F131/><W25/><G128/><T133/><D133/><U127/><E114/><V8/><F8/><W113/><G113/><T71/><D121/><U59/><E127/><V107/><F107/><N who="3" m="63943" /><G48/><T132/><D1/><U33/><E33/><V111/><F39/><W135/><G124/><T76/><D76/><U26/><E21/><V30/><F30/><N who="3" m="19791" /><G135/><T116/><D50/><U74/><E74/><V97/><F97/><W35/><G35/><T44/><D44/><U32/><E32/><V108/><F109/><W105/><G105/><T11/><D28/><U68/><E38/><V37/><F37/><W94/><G94/><T24/><D132/><U120/><E120/><V91/><REACH who="2" step="1"/><F82/><REACH who="2" ten="397,391,178,24" step="2"/><W122/><G122/><T51/><D99/><U115/><E115/><V16/><F16/><W13/><G3/><T17/><D17/><U83/><E83/><V95/><F95/><W78/><G78/><T46/><D93/><U36/><E79/><V125/><F125/><W47/><G47/><T80/><D46/><U15/><E36/><V60/><F60/><W87/><G87/><T119/><D84/><U98/><E86/><V0/><F0/><W55/><G55/><T65/><D80/><U103/><E53/><V43/><F43/><W81/><G81/><T2/><D2/><U64/><E40/><V29/><F29/><W23/><G23/><T27/><D20/><U42/><E42/><V101/><F101/><W123/><G123/><T106/><D100/><RYUUKYOKU ba="0,1" sc="397,-15,391,-15,178,15,24,15" hai2="45,49,52,54,58,61,63,67,88,91,108,110,111" hai3="5,9,13,18,19,62,69" /><INIT seed="6,1,1,2,5,26" ten="382,376,193,39" oya="2" hai0="95,103,53,112,22,18,61,25,37,12,117,128,120" hai1="70,51,7,123,132,101,102,89,76,75,30,46,91" hai2="33,3,73,4,115,90,63,122,17,60,2,13,40" hai3="62,79,86,71,0,113,98,19,11,68,9,44,64"/><V135/><F122/><W34/><G0/><T67/><D120/><U129/><E123/><V20/><F73/><W49/><G71/><T83/><D37/><U41/><E70/><V82/><F33/><W47/><G47/><T35/><D117/><U31/><E132/><V106/><F135/><W28/><G113/><T87/><D112/><U74/><E129/><V39/><F106/><W88/><G79/><T36/><D36/><U125/><E125/><V38/><F115/><W114/><G98/><T94/><D53/><U59/><E7/><V134/><F134/><W77/><G77/><T1/><D1/><U124/><E124/><V48/><F38/><W105/><G105/><T72/><D72/><U14/><E14/><N who="2" m="9271" /><F39/><W92/><G19/><T27/><D128/><U78/><E46/><N who="2" m="25671" /><F2/><W99/><G99/><T116/><D116/><U85/><E51/><V55/><F55/><W42/><REACH who="3" step="1"/><G114/><REACH who="3" ten="382,376,193,29" step="2"/><T97/><D97/><U118/><E118/><V57/><F3/><W10/><G10/><T133/><D133/><U58/><E41/><V43/><F43/><W8/><G8/><T104/><D104/><U16/><E16/><V84/><F57/><W96/><G96/><T15/><D18/><U119/><E119/><V56/><F56/><W29/><G29/><T131/><D131/><U6/><E6/><V65/><F65/><W52/><G52/><T126/><D67/><U100/><E100/><V110/><F110/><W111/><G111/><T80/><D103/><U32/><E85/><V107/><F107/><W109/><G109/><T69/><D87/><U45/><E45/><RYUUKYOKU ba="1,2" sc="382,-30,376,10,193,10,29,10" hai1="30,31,32,58,59,74,75,76,78,89,91,101,102" hai2="4,13,60,63,82,84,90" hai3="9,11,28,34,42,44,49,62,64,68,86,88,92" /><INIT seed="6,2,2,2,1,125" ten="352,386,203,39" oya="2" hai0="16,58,61,25,57,0,62,49,72,109,17,112,84" hai1="56,8,43,134,67,5,77,37,85,90,95,21,81" hai2="131,19,103,52,121,33,105,24,132,119,71,23,115" hai3="63,117,7,60,83,78,96,101,104,116,80,76,47"/><V127/><RYUUKYOKU type="yao9" ba="2,2" sc="352,0,386,0,203,0,39,0" hai2="19,23,24,33,52,71,103,105,115,119,121,127,131,132" /><INIT seed="6,3,2,5,1,63" ten="352,386,203,39" oya="2" hai0="45,82,38,129,85,134,99,39,6,113,23,101,27" hai1="110,83,2,71,14,24,15,120,3,100,88,119,59" hai2="51,8,46,116,123,68,30,65,54,13,77,32,58" hai3="80,102,40,50,12,76,127,26,49,93,133,107,55"/><V72/><F116/><W20/><G107/><T135/><D6/><U111/><E119/><V97/><F123/><W4/><G133/><N who="0" m="50699" /><D113/><U112/><E71/><V73/><F68/><W36/><G127/><T74/><D74/><U132/><E132/><V5/><F97/><N who="3" m="59695" /><G36/><T75/><D45/><U70/><E70/><V103/><F103/><W125/><G125/><T10/><D10/><U130/><E100/><V118/><F118/><W56/><G80/><T29/><D75/><U35/><E59/><V18/><F77/><W117/><G76/><N who="0" m="46279" /><D129/><U86/><E112/><V33/><F73/><W66/><G117/><T67/><D67/><U48/><E130/><V34/><F72/><W109/><G66/><T52/><D52/><U42/><E120/><V19/><REACH who="2" step="1"/><F30/><REACH who="2" ten="352,386,193,39" step="2"/><N who="3" m="17735" /><G109/><T47/><D47/><U128/><E128/><V28/><F28/><W44/><G4/><T89/><D89/><U108/><E108/><V62/><AGARI ba="3,3" hai="5,8,13,18,19,32,33,34,46,51,54,58,62,65" machi="62" ten="40,12000,1" yaku="1,1,0,1,52,1,53,1" doraHai="63" doraHaiUra="11" who="2" fromWho="2" sc="352,-43,386,-43,193,159,39,-43" owari="309,-9.1,343,14.3,352,45.2,-4,-50.4" /></mjloggm>