<mjloggm ver="2.3"><GO type="169" lobby="0"/><UN n0="%E9%BA%BB%E9%9B%80%49%51%31%32%30" n1="%E4%BA%9C%E6%9C%88" n2="%E6%99%A8%E6%98%8F%E5%B0%8D%E5%B3%99" n3="%E3%82%89%E3%81%84%E3%81%B5%E3%81%8C%E3%83%BC%E3%81%A9%E3%81%99%E3%81%8D" dan="16,17,17,17" rate="2098.10,2178.68,2204.35,2089.20" sx="M,M,M,M"/><TAIKYOKU oya="0"/><INIT seed="0,0,0,0,2,114" ten="250,250,250,250" oya="0" hai0="57,58,111,64,14,23,74,128,119,47,24,80,131" hai1="59,63,122,69,55,107,0,35,81,68,28,100,45" hai2="17,30,117,37,7,110,3,82,115,16,106,4,73" hai3="36,31,70,39,52,92,65,112,101,27,29,12,71"/><T21/><D47/><U126/><E122/><V116/><F106/><W123/><G112/><T76/><D111/><U33/><E0/><V19/><F37/><W120/><G12/><T84/><D74/><U34/><E126/><V85/><F115/><W96/><G29/><T40/><D40/><U75/><E45/><V105/><F105/><W56/><G65/><T54/><D64/><U91/><E28/><V8/><F73/><W89/><G101/><T22/><D58/><U78/><REACH who="1" step="1"/><E91/><REACH who="1" ten="250,240,250,250" step="2"/><N who="2" m="51639" /><F110/><W62/><G36/><T18/><D24/><U118/><E118/><N who="2" m="45675" /><F30/><W50/><G39/><T130/><REACH who="0" step="1"/><D119/><REACH who="0" ten="240,240,250,250" step="2"/><U11/><E11/><N who="2" m="2463" /><F19/><W32/><G123/><T2/><D2/><AGARI ba="0,2" hai="2,7,8,16,17" m="2463,45675,51639" machi="2" ten="30,8000,1" yaku="12,1,52,3,54,1" doraHai="114" who="2" fromWho="0" sc="240,-80,240,0,250,100,250,0" /><INIT seed="1,0,0,4,2,89" ten="160,240,350,250" oya="1" hai0="40,41,94,21,125,88,20,131,49,104,129,76,67" hai1="91,66,133,12,97,42,34,59,124,78,61,28,14" hai2="83,110,122,121,81,126,107,33,87,63,35,68,3" hai3="52,84,62,4,130,60,31,73,105,119,120,70,25"/><U45/><E124/><V11/><F126/><W56/><G73/><T92/><D104/><U39/><E133/><V5/><F110/><W115/><G120/><N who="2" m="46185" /><F83/><W135/><G115/><T96/><D76/><U74/><E74/><V112/><F87/><W80/><G130/><N who="0" m="49675" /><D67/><U38/><E78/><V103/><F81/><W46/><G135/><T113/><D113/><U95/><REACH who="1" step="1"/><E39/><REACH who="1" ten="160,230,350,250" step="2"/><V99/><F112/><W116/><G119/><T123/><D123/><U93/><E93/><V109/><F109/><W54/><G116/><T32/><D125/><U2/><E2/><V100/><F100/><W77/><G105/><T57/><D94/><U48/><E48/><V134/><F134/><W8/><G77/><T37/><D37/><U36/><E36/><V132/><F132/><W7/><G80/><T26/><D32/><U27/><AGARI ba="0,1" hai="12,14,27,28,34,38,42,45,59,61,66,91,95,97" machi="27" ten="30,11700,0" yaku="1,1,0,1,52,1,53,1" doraHai="89" doraHaiUra="43" who="1" fromWho="1" sc="160,-39,230,127,350,-39,250,-39" /><INIT seed="1,1,0,2,1,0" ten="121,357,311,211" oya="1" hai0="118,38,47,41,92,62,121,33,46,39,68,43,49" hai1="132,119,48,9,130,90,72,87,52,82,93,83,81" hai2="120,80,107,70,35,7,50,30,110,13,108,16,42" hai3="135,125,21,131,22,26,91,6,86,19,59,106,5"/><U45/><E119/><V56/><F70/><W133/><G106/><T28/><D118/><U126/><E130/><V10/><F107/><W20/><G131/><T14/><D92/><U95/><E126/><V102/><F102/><W103/><G103/><T74/><D14/><U37/><E132/><N who="3" m="50762" /><G125/><T128/><D128/><U99/><E37/><V105/><F105/><W65/><G65/><T73/><D49/><U88/><REACH who="1" step="1"/><E9/><REACH who="1" ten="121,347,311,211" step="2"/><V117/><F117/><W57/><G26/><T69/><D121/><U34/><E34/><V63/><F120/><W77/><G22/><T32/><D28/><U104/><E104/><V71/><F30/><W53/><G21/><T23/><D23/><U76/><AGARI ba="1,1" hai="45,48,52,72,76,81,82,83,87,88,90,93,95,99" machi="76" ten="30,11700,0" yaku="1,1,0,1,54,2,53,0" doraHai="0" doraHaiUra="124" who="1" fromWho="1" sc="121,-40,347,130,311,-40,211,-40" /><INIT seed="1,2,0,3,5,31" ten="81,477,271,171" oya="1" hai0="64,124,117,104,33,6,106,24,79,62,103,45,67" hai1="13,34,0,27,23,90,92,53,72,82,20,5,111" hai2="125,101,81,10,12,38,42,135,97,19,114,91,9" hai3="54,83,41,26,129,65,57,102,51,71,96,30,48"/><U98/><E111/><V21/><F114/><W50/><G129/><T109/><D117/><U18/><E0/><V77/><F125/><W85/><G41/><T43/><D124/><U76/><E5/><V28/><F135/><W131/><G131/><T55/><D79/><U3/><E3/><V35/><F91/><W61/><G54/><T25/><D6/><U99/><E53/><V119/><F119/><W115/><G115/><T37/><D109/><U126/><E126/><V100/><F100/><W87/><G87/><T14/><D14/><U107/><E107/><V15/><F38/><W122/><G122/><T75/><D75/><U121/><E98/><V60/><F42/><W84/><G84/><T113/><D113/><U70/><E70/><V36/><F36/><W127/><G127/><T73/><D73/><U8/><E121/><V95/><F60/><W68/><G68/><T132/><D24/><U130/><E130/><V128/><F128/><W110/><G110/><T2/><D2/><U46/><E46/><V39/><F39/><W52/><G85/><T58/><D132/><U17/><E72/><N who="2" m="43175" /><F15/><W11/><G11/><T123/><D123/><U16/><E8/><V1/><F1/><W47/><G83/><T4/><D4/><U134/><E82/><V108/><F108/><W116/><G116/><T32/><D106/><U56/><E134/><V7/><F7/><W80/><G80/><T69/><D67/><U86/><E76/><V74/><F74/><W120/><G120/><T59/><D69/><U49/><E86/><V105/><F105/><N who="3" m="63687" /><G71/><T118/><D118/><RYUUKYOKU ba="2,0" sc="81,-15,477,-15,271,15,171,15" hai2="9,10,12,19,21,28,35,95,97,101" hai3="26,30,47,48,50,51,52,57,61,65" /><INIT seed="2,3,0,1,2,31" ten="66,462,286,186" oya="2" hai0="97,84,61,116,24,1,132,43,27,16,87,110,86" hai1="71,69,82,59,130,52,64,23,81,7,10,95,9" hai2="78,57,37,5,96,100,80,6,34,88,118,22,25" hai3="101,70,39,41,112,109,3,4,48,92,47,56,134"/><V113/><F118/><W72/><G72/><T45/><D1/><U91/><E130/><V122/><F122/><W36/><G70/><T79/><D110/><U124/><E124/><V60/><F37/><W90/><G109/><T120/><D132/><U54/><E71/><V65/><F113/><W38/><G134/><T32/><D120/><U119/><E119/><V35/><F5/><W105/><G112/><T55/><D116/><U128/><E128/><V19/><F6/><W74/><G74/><T20/><D97/><U51/><E69/><V33/><F88/><W129/><G129/><T103/><D103/><U135/><E64/><V98/><REACH who="2" step="1"/><F100/><REACH who="2" ten="66,462,276,186" step="2"/><W102/><G101/><T125/><D79/><U67/><E7/><V49/><F49/><W14/><G39/><T44/><D125/><U21/><E51/><V13/><F13/><W127/><G14/><T73/><D73/><AGARI ba="3,1" hai="19,22,25,33,34,35,57,60,65,73,78,80,96,98" machi="73" ten="40,12000,1" yaku="1,1,52,3,53,0" doraHai="31" doraHaiUra="2" who="2" fromWho="0" sc="66,-129,462,0,276,139,186,0" owari="-63,-56.3,462,56.2,415,21.5,186,-21.4" /></mjloggm>