<mjloggm ver="2.3"><GO type="169" lobby="0"/><UN n0="%E6%97%A5%E9%99%B0%E3%81%95%E3%82%93" n1="%E6%BB%9D%E6%9C%AC%E3%81%B2%E3%81%B5%E3%81%BF%EF%BC%81" n2="%E6%A8%99" n3="%6A%61%63%6B%74" dan="17,16,16,18" rate="2211.86,2183.80,2152.41,2247.37" sx="F,M,M,M"/><TAIKYOKU oya="0"/><INIT seed="0,0,0,0,2,51" ten="250,250,250,250" oya="0" hai0="99,109,39,131,135,87,34,48,128,81,105,120,116" hai1="90,5,35,102,104,78,123,82,75,74,24,84,94" hai2="40,27,61,72,112,113,7,13,69,3,52,93,36" hai3="60,68,29,53,106,77,38,43,47,95,28,17,58"/><T56/><D39/><U31/><E123/><V127/><F72/><W1/><G106/><T64/><D34/><U118/><E118/><V18/><F127/><W85/><G1/><T57/><D116/><U14/><E75/><V101/><F27/><W79/><G68/><T4/><D120/><U23/><E5/><V129/><F129/><N who="0" m="49738" /><D4/><U16/><REACH who="1" step="1"/><E102/><REACH who="1" ten="250,240,250,250" step="2"/><V100/><F101/><W20/><G77/><T121/><D121/><U11/><E11/><V50/><F7/><W54/><G79/><T21/><D135/><U114/><E114/><V80/><F3/><W55/><G29/><T8/><D8/><U67/><E67/><V88/><F112/><W26/><REACH who="3" step="1"/><G28/><REACH who="3" ten="250,240,250,240" step="2"/><T111/><D111/><U10/><E10/><V83/><F113/><W117/><G117/><T119/><D109/><U71/><E71/><V46/><F69/><W122/><G122/><T25/><D119/><U124/><E124/><V63/><F100/><W86/><G86/><T91/><D87/><U76/><E76/><V66/><F66/><W110/><G110/><T0/><D0/><U103/><E103/><V37/><F88/><AGARI ba="0,2" hai="17,20,26,38,43,47,53,54,55,58,60,85,88,95" machi="88" ten="40,8000,1" yaku="1,1,52,3,54,1,53,0" doraHai="51" doraHaiUra="32" who="3" fromWho="2" sc="250,0,240,0,250,-80,240,100" /><INIT seed="1,0,0,4,2,56" ten="250,240,170,340" oya="1" hai0="0,120,107,102,61,81,16,132,25,126,52,133,100" hai1="31,37,27,103,85,114,3,122,124,113,95,10,110" hai2="123,86,105,130,118,112,92,47,5,12,34,13,14" hai3="46,54,49,99,20,89,74,21,26,19,2,115,29"/><U7/><E122/><V96/><F118/><W108/><G115/><T109/><D109/><U71/><E110/><V23/><F123/><W106/><G108/><T76/><D120/><U43/><E124/><V58/><F130/><W82/><G2/><T90/><D126/><U88/><E71/><V77/><F105/><W93/><G106/><T64/><D0/><U39/><E103/><V42/><F112/><W135/><G135/><N who="0" m="51787" /><D90/><U48/><E113/><V104/><F104/><W45/><G74/><N who="0" m="43159" /><D107/><U60/><E114/><V72/><F72/><W65/><G82/><T125/><D125/><U111/><E111/><V129/><F129/><W36/><G36/><T30/><D52/><U128/><E128/><V66/><F34/><W51/><G65/><T94/><D94/><U69/><E48/><V79/><F86/><W15/><REACH who="3" step="1"/><G49/><REACH who="3" ten="250,240,170,330" step="2"/><T1/><D1/><U41/><E37/><V121/><F121/><W4/><G4/><T50/><D50/><U131/><E39/><V78/><F5/><W119/><G119/><T91/><D64/><U127/><E131/><V28/><F66/><W80/><G80/><T84/><D30/><U11/><E127/><V38/><F28/><W53/><G53/><T83/><D61/><U70/><E60/><V87/><F38/><W8/><G8/><T116/><D116/><U63/><E10/><V97/><F42/><N who="1" m="15881" /><E63/><V40/><F40/><W18/><G18/><T75/><D75/><U59/><E59/><AGARI ba="0,1" hai="15,19,20,21,26,29,45,46,51,54,59,89,93,99" machi="59" ten="30,3900,0" yaku="1,1,7,1,8,1,53,0" doraHai="56" doraHaiUra="32" who="3" fromWho="1" sc="250,0,240,-39,170,0,330,49" /><INIT seed="2,0,0,3,4,96" ten="250,201,170,379" oya="2" hai0="57,44,75,101,114,37,83,126,21,12,90,134,7" hai1="30,107,80,105,15,130,13,102,54,55,100,26,61" hai2="111,40,31,92,123,128,27,125,88,132,117,32,89" hai3="66,81,77,84,10,62,59,4,43,71,11,52,41"/><V25/><F123/><W113/><G113/><T47/><D114/><U53/><E130/><V99/><F117/><W72/><G72/><T121/><D121/><U127/><E127/><V131/><F125/><W20/><G20/><T106/><D134/><U73/><E61/><V38/><F132/><W28/><G28/><T65/><D37/><U0/><E0/><V116/><F116/><W69/><G11/><T8/><D126/><U115/><E115/><V45/><F111/><W51/><REACH who="3" step="1"/><G71/><REACH who="3" ten="250,201,170,369" step="2"/><T86/><D75/><U79/><E13/><AGARI ba="0,1" hai="4,10,13,41,43,51,52,59,62,66,69,77,81,84" machi="13" ten="30,8000,1" yaku="1,1,2,1,7,1,54,1,53,1" doraHai="96" doraHaiUra="1" who="3" fromWho="1" sc="250,0,201,-80,170,0,369,90" /><INIT seed="3,0,0,5,4,16" ten="250,121,170,459" oya="3" hai0="72,84,98,29,67,91,117,92,111,4,54,134,13" hai1="71,23,14,40,41,70,20,30,132,48,19,3,33" hai2="133,47,44,78,46,18,89,76,36,81,118,57,69" hai3="74,94,35,125,129,113,60,62,43,121,79,119,85"/><W107/><G35/><T31/><D117/><U97/><E33/><V15/><F69/><W86/><G113/><T25/><D72/><U80/><E132/><V116/><F36/><W37/><G119/><T2/><D111/><U11/><E3/><V102/><F133/><W1/><G1/><T126/><D126/><U34/><E34/><V55/><F102/><W120/><G107/><T10/><D134/><U8/><E80/><V75/><F89/><W122/><G125/><T56/><D67/><U0/><E97/><V6/><F6/><W32/><G32/><T128/><D128/><U115/><E115/><V109/><F78/><W68/><G37/><T104/><D2/><U73/><E73/><V105/><F105/><W82/><G68/><T49/><D104/><U100/><E100/><V5/><F5/><W63/><G129/><T135/><D135/><U99/><E99/><V87/><F75/><W66/><G74/><T45/><D25/><N who="1" m="16703" /><E0/><V112/><F109/><W27/><G122/><T103/><D45/><N who="1" m="25639" /><E70/><V17/><F112/><W114/><G114/><T96/><D96/><U52/><E71/><V88/><F76/><W131/><G131/><T22/><D103/><U108/><E41/><V12/><F116/><W61/><G121/><T90/><REACH who="0" step="1"/><D22/><REACH who="0" ten="240,121,170,459" step="2"/><N who="1" m="11639" /><E108/><V101/><F118/><W7/><G120/><T42/><D42/><U83/><E20/><N who="2" m="11303" /><F101/><W130/><G130/><T65/><D65/><U124/><E124/><V38/><F38/><W53/><G66/><T59/><D59/><U77/><E52/><V58/><F55/><W106/><G53/><T51/><D51/><RYUUKYOKU ba="0,1" sc="240,10,121,10,170,10,459,-30" hai0="4,10,13,29,31,49,54,56,84,90,91,92,98" hai1="8,11,77,83" hai2="15,18,44,46,47,57,58,81,87,88" /><INIT seed="4,1,1,4,2,76" ten="250,131,180,429" oya="0" hai0="121,54,32,129,107,78,115,59,98,126,0,33,106" hai1="96,4,84,105,89,46,92,21,114,135,36,3,63" hai2="9,130,61,6,134,74,29,56,58,47,88,75,5" hai3="86,104,132,95,83,52,31,40,22,101,119,16,24"/><T118/><D118/><U19/><E135/><V62/><F134/><W13/><G104/><T12/><D0/><U18/><E114/><V81/><F29/><W67/><G119/><T113/><D121/><U37/><E18/><V120/><F120/><W34/><G132/><T111/><D129/><U90/><E46/><V127/><F47/><W44/><G67/><T45/><D126/><U28/><E28/><V38/><F38/><W14/><G101/><T27/><D111/><U66/><E3/><V85/><F130/><W122/><G95/><T39/><D78/><U25/><E4/><V97/><F127/><W15/><G122/><T117/><D117/><U94/><REACH who="1" step="1"/><E105/><REACH who="1" ten="250,121,180,429" step="2"/><V116/><F116/><W57/><G44/><T124/><D106/><U128/><E128/><V82/><F5/><W68/><G16/><T103/><D124/><U41/><E41/><V7/><F7/><W123/><G40/><T131/><D131/><U93/><E93/><V20/><F6/><W26/><G31/><T49/><D45/><U2/><E2/><V112/><F112/><W30/><G30/><T87/><D107/><U69/><AGARI ba="1,2" hai="19,21,25,36,37,63,66,69,84,89,90,92,94,96" machi="69" ten="20,2700,0" yaku="1,1,0,1,7,1,53,0" doraHai="76" doraHaiUra="1" who="1" fromWho="1" sc="250,-14,121,50,180,-8,429,-8" /><INIT seed="5,0,0,2,4,57" ten="236,171,172,421" oya="1" hai0="102,8,23,77,30,62,64,3,84,2,82,25,93" hai1="38,135,128,75,115,4,59,83,97,87,127,131,32" hai2="80,42,48,120,114,43,76,78,65,68,15,53,72" hai3="132,6,24,41,103,69,12,109,47,34,100,79,1"/><U31/><E38/><V27/><F120/><W0/><G69/><T55/><D55/><U63/><E115/><V71/><F114/><W19/><G109/><T36/><D36/><U51/><E127/><V5/><F27/><W133/><G79/><T35/><D35/><U67/><E135/><V89/><F78/><W66/><G66/><T45/><D45/><U18/><E75/><V90/><F68/><W37/><G103/><T39/><D8/><U111/><E4/><V106/><F106/><W129/><G100/><T118/><D39/><U16/><E97/><V92/><F89/><W99/><G99/><N who="0" m="59759" /><D118/><U91/><E111/><V96/><F5/><W130/><G6/><T119/><D119/><U122/><E122/><V13/><F42/><W98/><G98/><T17/><D17/><U54/><E32/><V49/><F43/><W20/><G0/><T95/><D95/><U46/><REACH who="1" step="1"/><E31/><REACH who="1" ten="236,161,172,421" step="2"/><V50/><REACH who="2" step="1"/><F53/><REACH who="2" ten="236,161,162,421" step="2"/><W125/><G133/><T70/><D30/><U22/><E22/><V14/><F14/><W105/><G132/><T88/><D3/><U28/><E28/><V86/><F86/><W101/><G1/><T58/><D2/><U126/><E126/><V33/><F33/><W7/><G125/><T117/><D117/><U116/><E116/><V73/><F73/><W29/><G7/><T9/><D23/><U121/><E121/><V108/><F108/><W107/><G105/><T52/><D84/><U56/><E56/><V11/><F11/><W124/><G124/><T81/><D9/><U113/><E113/><V110/><F110/><W134/><G134/><RYUUKYOKU ba="0,2" sc="236,-30,161,10,162,10,421,10" hai1="16,18,46,51,54,59,63,67,83,87,91,128,131" hai2="13,15,48,49,50,65,71,72,76,80,90,92,96" hai3="12,19,20,24,29,34,37,41,47,101,107,129,130" /><INIT seed="5,1,2,0,4,41" ten="206,171,172,431" oya="1" hai0="77,16,111,130,86,22,123,116,48,131,125,129,59" hai1="3,45,15,44,87,33,49,71,122,128,55,88,115" hai2="75,80,133,94,65,112,24,21,9,66,53,110,51" hai3="56,43,118,67,52,61,13,50,12,100,39,117,36"/><U101/><E122/><V121/><F110/><W97/><G13/><T40/><D116/><N who="3" m="44649" /><G12/><T113/><D111/><U134/><E3/><V37/><F121/><W95/><G43/><T99/><D123/><U82/><E115/><V90/><F133/><W106/><G106/><T29/><D113/><U42/><E128/><V120/><F120/><W63/><G63/><T105/><D125/><U7/><E134/><V83/><F112/><W18/><G18/><T107/><D99/><U73/><E73/><V26/><F37/><W27/><G27/><N who="2" m="10281" /><F75/><W34/><G34/><T64/><D29/><U81/><E71/><AGARI ba="1,2" hai="36,39,50,52,56,61,67,71,95,97,100" m="44649" machi="71" ten="30,2000,0" yaku="12,1,54,1" doraHai="41" who="3" fromWho="1" sc="206,0,171,-23,172,0,431,43" /><INIT seed="6,0,0,5,1,108" ten="206,148,172,474" oya="2" hai0="27,68,33,64,126,73,6,18,95,98,59,131,15" hai1="0,92,106,39,23,89,81,22,132,104,16,112,135" hai2="125,14,134,42,118,90,38,20,25,105,83,34,8" hai3="91,72,84,82,111,10,123,43,100,114,66,21,109"/><V9/><F105/><W31/><G123/><T13/><D73/><U124/><E39/><V54/><F118/><W65/><G72/><T78/><D68/><U127/><E0/><V75/><F34/><W70/><G43/><T121/><D121/><U128/><E81/><V63/><F134/><N who="1" m="51241" /><E22/><V87/><F125/><N who="1" m="48201" /><E112/><V60/><F75/><W55/><G114/><T47/><D78/><U2/><E2/><V103/><F103/><W11/><G21/><T48/><D33/><U45/><E45/><V58/><F42/><W37/><G100/><T28/><D47/><U53/><E53/><V3/><F38/><W51/><G55/><T56/><D126/><U30/><E30/><N who="2" m="17703" /><F3/><W110/><G37/><T26/><D28/><U24/><E128/><V40/><F40/><W133/><G31/><T12/><D131/><U50/><E50/><N who="2" m="31063" /><F8/><W97/><G133/><T7/><D48/><U67/><E67/><N who="3" m="25610" /><G111/><T130/><D130/><U122/><E122/><V52/><F52/><W101/><G51/><T4/><D64/><U93/><E93/><V119/><F119/><W19/><G10/><T29/><D29/><U96/><AGARI ba="0,0" hai="16,23,24,89,92,96,104,106" m="48201,51241" machi="96" ten="30,4000,0" yaku="20,1,18,1,54,1" doraHai="108" who="1" fromWho="1" sc="206,-10,148,40,172,-20,474,-10" /><INIT seed="7,0,0,3,3,132" ten="196,188,152,464" oya="3" hai0="121,114,9,35,56,15,53,76,7,55,88,129,61" hai1="79,26,81,24,99,120,118,30,20,113,59,18,42" hai2="94,23,60,57,103,119,62,95,1,67,125,85,48" hai3="117,44,108,54,11,72,126,111,116,134,96,16,40"/><W92/><G72/><T73/><D121/><U6/><E120/><V123/><F119/><W109/><G134/><T122/><D122/><U22/><E118/><V51/><F123/><W135/><G135/><T41/><D35/><U58/><E113/><V66/><F1/><W70/><G70/><T127/><D127/><U101/><E42/><V39/><F39/><N who="3" m="21535" /><G126/><T100/><D41/><U14/><E6/><V74/><F125/><W46/><G46/><T69/><D69/><U107/><E24/><V106/><F74/><AGARI ba="0,0" hai="14,18,20,22,26,30,58,59,74,79,81,99,101,107" machi="74" ten="30,1000,0" yaku="7,1" doraHai="132" who="1" fromWho="2" sc="196,0,188,10,152,-10,464,0" owari="196,-20.4,198,-0.2,142,-35.8,464,56.4" /></mjloggm>