<mjloggm ver="2.3"><GO type="169" lobby="0"/><UN n0="%E6%98%8E%E6%98%9F%E5%B8%82%E6%B0%91" n1="%68%61%72%75%6B%61%73" n2="%E3%81%A9%E3%82%93%E3%81%9F%E3%82%83%E3%82%93" n3="%E4%B8%96%E7%95%8C%E5%B9%B3%E5%92%8C" dan="16,16,16,16" rate="2170.33,2223.29,2162.78,2166.23" sx="M,M,F,M"/><TAIKYOKU oya="0"/><INIT seed="0,0,0,2,4,69" ten="250,250,250,250" oya="0" hai0="77,78,15,133,99,107,23,80,44,85,14,34,91" hai1="129,70,114,41,38,116,2,6,81,4,11,108,53" hai2="120,12,110,35,61,101,63,57,13,47,67,87,7" hai3="1,124,66,74,3,33,83,0,59,19,29,20,92"/><T30/><D133/><U51/><E108/><V68/><F120/><W135/><G92/><T121/><D34/><U115/><E116/><V98/><F35/><W79/><G59/><T9/><D121/><U18/><E70/><V119/><F110/><W40/><G66/><T102/><D44/><U45/><E129/><V48/><F87/><W24/><G124/><T55/><D55/><U64/><E64/><V22/><F22/><W26/><REACH who="3" step="1"/><G40/><REACH who="3" ten="250,250,250,240" step="2"/><T25/><REACH who="0" step="1"/><D15/><REACH who="0" ten="240,250,250,240" step="2"/><U111/><E111/><V123/><F12/><W103/><G103/><T95/><D95/><U27/><E41/><V21/><F13/><W32/><G32/><T118/><D118/><U49/><E53/><V94/><F119/><W58/><G58/><T100/><D100/><U62/><E45/><V54/><F94/><W16/><G16/><AGARI ba="0,2" hai="9,14,16,23,25,30,77,78,80,85,91,99,102,107" machi="16" ten="30,5800,0" yaku="1,1,7,1,54,1,53,0" doraHai="69" doraHaiUra="90" who="0" fromWho="3" sc="240,78,250,0,250,0,240,-58" /><INIT seed="0,1,0,3,0,103" ten="318,250,250,182" oya="0" hai0="98,62,23,93,88,109,15,43,28,128,61,132,75" hai1="9,74,89,69,116,101,12,107,122,4,36,19,55" hai2="0,1,90,6,97,96,84,42,124,125,53,39,60" hai3="102,77,52,67,95,47,134,94,99,64,118,71,49"/><T2/><D128/><U16/><E116/><V63/><F42/><W57/><G134/><T30/><D2/><N who="2" m="1130" /><F6/><W54/><G118/><T8/><D132/><U87/><E74/><V17/><F39/><W82/><G71/><T105/><D109/><U22/><E122/><V37/><F37/><W46/><G95/><T127/><D75/><U120/><E36/><V35/><F35/><W108/><G108/><T72/><D72/><U3/><E69/><V10/><F10/><W130/><G130/><T126/><D43/><U80/><E120/><V13/><F17/><W27/><G27/><T68/><D105/><U56/><E19/><V73/><F13/><W76/><G46/><T65/><D61/><N who="2" m="23626" /><F53/><W25/><G25/><T26/><REACH who="0" step="1"/><D30/><REACH who="0" ten="308,250,250,182" step="2"/><U112/><E112/><V45/><F73/><W115/><G115/><T81/><D81/><U110/><E110/><V70/><F125/><W117/><G117/><T34/><D34/><U58/><REACH who="1" step="1"/><E55/><REACH who="1" ten="308,240,250,182" step="2"/><V20/><F124/><W38/><G54/><T83/><D83/><U66/><E66/><V91/><F70/><W40/><G82/><T131/><D131/><U32/><E32/><V104/><F104/><W51/><G67/><T86/><D86/><U92/><E92/><V129/><F84/><W14/><G64/><T50/><D50/><U121/><E121/><V29/><F129/><W133/><G38/><T113/><D113/><U41/><E41/><V44/><F29/><W114/><G114/><T79/><D79/><U100/><E100/><V123/><F123/><W7/><G133/><T18/><AGARI ba="1,2" hai="8,15,18,23,26,28,62,65,68,88,93,98,126,127" machi="18" ten="30,12000,1" yaku="1,1,0,1,54,1,53,2" doraHai="103" doraHaiUra="135" who="0" fromWho="0" sc="308,143,240,-41,250,-41,182,-41" /><INIT seed="0,2,0,5,2,105" ten="451,199,209,141" oya="0" hai0="9,30,6,39,132,75,59,24,32,53,41,133,95" hai1="126,50,37,80,111,58,121,27,78,40,112,13,117" hai2="98,79,51,92,109,43,125,17,97,42,123,115,23" hai3="73,57,0,7,38,18,127,54,72,48,49,66,45"/><T28/><D75/><U11/><E117/><V12/><F123/><W62/><G127/><T93/><D30/><U122/><E111/><V120/><F120/><W119/><G119/><T47/><D133/><U8/><E8/><V90/><F115/><W69/><G49/><T94/><D132/><U99/><E37/><V104/><F125/><W31/><G31/><T26/><D26/><U3/><E3/><V91/><F109/><W113/><G113/><T83/><D83/><U5/><E126/><V86/><F104/><W129/><G129/><T46/><D46/><U16/><E99/><V52/><F79/><W106/><G106/><T10/><REACH who="0" step="1"/><D6/><REACH who="0" ten="441,199,209,141" step="2"/><U64/><E27/><V116/><F116/><W25/><G25/><T89/><D89/><U114/><E5/><V55/><F98/><W61/><G73/><T130/><D130/><U4/><E4/><V34/><F34/><W29/><G72/><T134/><D134/><U110/><E114/><V77/><F77/><W68/><G29/><T87/><D87/><U21/><E112/><V15/><F15/><W103/><G7/><T33/><D33/><U67/><E80/><N who="2" m="49479" /><F42/><W85/><G85/><T65/><D65/><N who="1" m="25163" /><E78/><V2/><F2/><W100/><G0/><T22/><D22/><U118/><E118/><V76/><F76/><W96/><G66/><T84/><D84/><U71/><E110/><V36/><F91/><W128/><G128/><T131/><D131/><U88/><E88/><N who="2" m="55431" /><F36/><W63/><G38/><T44/><D44/><AGARI ba="2,1" hai="12,17,23,43,44,51,52,55" m="55431,49479" machi="44" ten="30,3900,0" yaku="8,1,54,2" doraHai="105" who="2" fromWho="0" sc="441,-45,199,0,209,55,141,0" /><INIT seed="1,0,0,5,4,109" ten="396,199,264,141" oya="1" hai0="10,20,29,60,116,65,17,127,46,11,44,106,119" hai1="81,120,42,114,28,36,2,5,131,110,64,32,61" hai2="1,9,102,130,125,54,73,91,71,27,38,92,57" hai3="48,34,94,128,33,4,79,8,108,133,101,115,134"/><U49/><E120/><V93/><F73/><W85/><G108/><T75/><D106/><U14/><E36/><V113/><F38/><W50/><G128/><T83/><D127/><U16/><E131/><V53/><F130/><W52/><G48/><T87/><D75/><U0/><E114/><V45/><F71/><W3/><G115/><T74/><D74/><U7/><E81/><V121/><F121/><W95/><G79/><T99/><D29/><U35/><E110/><V63/><F113/><W30/><G94/><T70/><D99/><U98/><E98/><N who="2" m="59719" /><F1/><W111/><G111/><T96/><D96/><U105/><E105/><V123/><F125/><W26/><G34/><T66/><D66/><U88/><E88/><V24/><F9/><W67/><G67/><T97/><D97/><U56/><E0/><V41/><F41/><W112/><G112/><T43/><D119/><U39/><E2/><V13/><F13/><W100/><G100/><T129/><D129/><U69/><E39/><V82/><F82/><W15/><G3/><T126/><D116/><U90/><E90/><V6/><F6/><W72/><G72/><T132/><D132/><U86/><E86/><N who="2" m="52471" /><F123/><W47/><G101/><T117/><D117/><U78/><E78/><V107/><F107/><W62/><G85/><T59/><D70/><U103/><E103/><V25/><F45/><N who="0" m="17514" /><D43/><U31/><E35/><V80/><F80/><W37/><G37/><T22/><D126/><U77/><E32/><V122/><F122/><W76/><G76/><N who="0" m="46567" /><D10/><N who="1" m="6231" /><E69/><V19/><F53/><N who="3" m="29919" /><G95/><T68/><D68/><U51/><E64/><RYUUKYOKU ba="0,0" sc="396,10,199,-30,264,10,141,10" hai0="11,17,20,22,59,60,65" hai2="19,24,25,27,54,57,63" hai3="4,8,15,26,30,33,52,62,133,134" /><INIT seed="2,1,0,2,1,72" ten="406,169,274,151" oya="2" hai0="61,108,11,88,33,59,76,54,90,17,118,37,115" hai1="120,3,32,34,58,21,44,27,13,99,93,122,131" hai2="8,31,50,53,84,78,71,26,42,125,63,116,101" hai3="113,15,47,25,12,129,107,22,135,40,134,14,132"/><V133/><F116/><W127/><G107/><T106/><D115/><U130/><E44/><V16/><F125/><W67/><G113/><T121/><D33/><N who="1" m="12907" /><E58/><N who="2" m="35279" /><F71/><W85/><G67/><T97/><D121/><N who="1" m="46699" /><E3/><V36/><F36/><W70/><G70/><T74/><D37/><U100/><E13/><N who="2" m="7207" /><F133/><W45/><G127/><T119/><D108/><U111/><E111/><V75/><F75/><W38/><G47/><T55/><D11/><U103/><E103/><V87/><F101/><W117/><G117/><N who="0" m="44555" /><D17/><AGARI ba="1,0" hai="17,21,27,93,99,100,130,131" m="46699,12907" machi="17" ten="30,1000,0" yaku="13,1" doraHai="72" who="1" fromWho="0" sc="406,-13,169,13,274,0,151,0" /><INIT seed="3,0,0,5,5,96" ten="393,182,274,151" oya="3" hai0="100,94,1,50,41,110,38,8,37,33,135,103,126" hai1="62,6,52,13,53,74,116,30,60,66,132,131,114" hai2="102,4,51,18,54,45,78,40,85,119,28,92,24" hai3="64,124,68,26,27,118,91,87,17,44,31,97,16"/><W117/><G124/><T19/><D33/><U56/><E114/><V115/><F115/><W101/><G44/><T104/><D104/><U82/><E132/><V108/><F119/><W86/><G64/><T121/><D121/><U9/><E131/><V79/><F108/><W34/><G68/><T22/><D110/><U43/><E116/><V98/><F4/><W134/><G134/><T35/><D35/><U75/><E30/><V73/><F73/><W21/><G17/><T72/><D72/><U112/><E112/><V89/><F40/><W3/><G3/><T80/><D126/><U7/><E43/><V125/><F18/><W5/><G5/><T67/><D67/><U12/><E82/><V36/><F36/><W127/><G87/><T107/><D107/><U105/><E105/><V133/><F133/><W70/><G70/><T49/><D94/><U0/><E0/><V95/><REACH who="2" step="1"/><F125/><REACH who="2" ten="393,182,264,151" step="2"/><W48/><G127/><T47/><D37/><U111/><E111/><V130/><F130/><W59/><G118/><T14/><D135/><U55/><E62/><V11/><F11/><AGARI ba="0,1" hai="6,7,9,11,12,13,52,53,55,56,60,66,74,75" machi="11" ten="40,2600,0" yaku="9,1,54,1" doraHai="96" who="1" fromWho="2" sc="393,0,182,36,264,-26,151,0" /><INIT seed="4,0,0,0,3,24" ten="393,218,238,151" oya="0" hai0="115,30,47,67,8,69,31,131,60,117,12,68,71" hai1="57,58,133,61,81,66,128,96,102,127,100,53,106" hai2="22,4,49,9,10,134,119,18,5,87,38,93,48" hai3="42,101,41,84,7,33,121,52,35,86,73,112,116"/><T110/><D117/><U90/><E127/><V64/><F38/><W70/><G73/><T79/><D115/><U16/><E128/><V63/><F119/><W39/><G116/><T20/><D131/><U98/><E133/><V132/><F87/><W123/><G70/><T114/><D114/><U26/><E81/><V80/><F80/><W23/><G7/><T72/><D110/><U40/><E40/><V36/><F36/><W129/><G129/><T120/><D120/><U74/><E90/><V15/><F93/><W122/><G112/><T34/><D34/><U97/><E74/><V44/><F49/><W37/><G23/><T125/><D125/><U118/><E106/><V17/><F17/><W104/><G101/><T107/><D107/><U54/><E66/><V105/><F105/><W78/><G78/><T124/><D124/><U25/><E118/><V2/><F5/><W62/><G62/><T6/><D47/><U88/><E88/><V51/><F10/><W82/><G82/><T1/><D79/><U94/><E16/><V103/><F103/><N who="1" m="39465" /><E94/><V43/><REACH who="2" step="1"/><F48/><AGARI ba="0,0" hai="25,26,48,53,54,57,58,61,96,97,98" m="39465" machi="48" ten="30,1000,0" yaku="8,1" doraHai="24" who="1" fromWho="2" sc="393,0,218,10,238,-10,151,0" /><INIT seed="5,0,0,5,0,46" ten="393,228,228,151" oya="1" hai0="13,107,30,135,103,54,57,101,82,0,53,104,83" hai1="113,74,39,61,47,4,20,120,132,16,64,3,36" hai2="2,89,60,130,40,6,94,80,67,85,105,59,52" hai3="51,25,14,134,33,41,123,97,92,12,81,75,23"/><U129/><E120/><V71/><F130/><W63/><G123/><T50/><D0/><U79/><E113/><V35/><F105/><W122/><G122/><T29/><D13/><U96/><E132/><V1/><F35/><W17/><G134/><T43/><D43/><U118/><E118/><V116/><F116/><W66/><G75/><T133/><D57/><U117/><E129/><V18/><F6/><W119/><G81/><T95/><D95/><U98/><E79/><V73/><F40/><W56/><G33/><T93/><D93/><U112/><E74/><V26/><F26/><W99/><G99/><T48/><AGARI ba="0,0" hai="29,30,48,50,53,54,82,83,101,103,104,107,133,135" machi="48" ten="25,8000,1" yaku="0,1,22,2,52,2" doraHai="46" who="0" fromWho="0" sc="393,80,228,-40,228,-20,151,-20" /><INIT seed="6,0,0,0,0,106" ten="473,188,208,131" oya="2" hai0="66,87,120,72,17,49,104,76,130,32,1,35,83" hai1="122,4,34,129,12,63,51,40,103,7,2,67,20" hai2="50,3,75,94,56,89,71,102,42,47,97,19,55" hai3="36,128,78,99,79,33,44,85,8,5,124,88,48"/><V53/><F71/><W28/><G36/><T73/><D1/><U57/><E34/><V21/><F3/><W45/><G124/><T125/><D104/><U27/><E2/><V18/><F75/><W68/><G68/><T132/><D120/><U26/><E26/><V77/><F77/><W59/><G59/><T9/><D66/><U15/><E129/><V95/><F21/><W134/><G134/><T123/><D123/><U52/><E103/><V30/><F30/><W22/><G33/><T74/><D125/><U64/><E40/><V46/><F55/><W70/><G70/><T117/><D117/><U135/><E135/><V16/><REACH who="2" step="1"/><F42/><REACH who="2" ten="473,188,198,131" step="2"/><W101/><G128/><T25/><D132/><U105/><E122/><V91/><F91/><W100/><G22/><T133/><D130/><U121/><E121/><V0/><F0/><W116/><G28/><T6/><D133/><U115/><E67/><V90/><F90/><W38/><G116/><T118/><D118/><U43/><E43/><V107/><F107/><W41/><G79/><T11/><D35/><U81/><E105/><V65/><F65/><W14/><G78/><T119/><D32/><U110/><E64/><V58/><F58/><W111/><G111/><T37/><D119/><U54/><E110/><V39/><F39/><W93/><G38/><T62/><D37/><U127/><E127/><V86/><AGARI ba="0,1" hai="16,18,19,46,47,50,53,56,86,89,94,95,97,102" machi="86" ten="30,11700,0" yaku="1,1,0,1,8,1,54,1,53,0" doraHai="106" doraHaiUra="69" who="2" fromWho="2" sc="473,-39,188,-39,198,127,131,-39" /><INIT seed="6,1,0,1,1,102" ten="434,149,325,92" oya="2" hai0="90,3,125,2,12,113,7,34,57,26,75,110,23" hai1="96,76,35,112,70,55,25,73,106,87,30,42,80" hai2="99,13,49,39,61,48,53,5,91,38,74,4,121" hai3="58,103,126,28,95,64,0,10,89,43,22,20,119"/><V120/><F74/><W6/><G119/><T37/><D37/><U100/><E112/><V82/><F61/><W19/><G126/><T29/><D75/><U59/><E70/><V92/><F49/><W8/><G43/><T45/><D45/><U81/><E42/><V18/><F39/><W131/><G131/><T130/><D130/><U88/><E59/><V62/><F38/><W79/><G79/><T77/><D77/><U41/><E55/><V66/><F82/><W111/><G111/><T71/><D57/><U116/><REACH who="1" step="1"/><E41/><REACH who="1" ten="434,139,325,92" step="2"/><V78/><F53/><W72/><G58/><T63/><D71/><U118/><AGARI ba="1,1" hai="25,30,35,73,76,80,81,87,88,96,100,106,116,118" machi="118" ten="30,12000,2" yaku="1,1,2,1,0,1,52,1,54,1,53,1" doraHai="102" doraHaiUra="31" who="1" fromWho="1" sc="434,-31,139,133,325,-61,92,-31" /><INIT seed="7,0,0,5,1,88" ten="403,272,264,61" oya="3" hai0="102,130,95,27,62,49,103,3,2,19,134,118,31" hai1="116,132,45,70,40,15,119,85,100,122,126,101,0" hai2="69,9,117,82,133,83,4,128,57,33,55,114,39" hai3="96,125,14,93,135,20,32,44,47,86,80,30,73"/><W112/><G112/><T124/><D124/><U56/><E122/><V25/><F117/><N who="1" m="45129" /><E0/><V123/><F39/><W84/><G125/><T59/><D19/><U12/><E126/><V110/><F110/><W111/><G111/><T37/><D49/><U26/><E70/><V7/><F69/><W131/><G131/><T6/><D103/><N who="1" m="39499" /><E132/><V91/><F114/><W63/><G135/><T67/><D27/><U121/><E121/><V106/><F106/><W120/><G120/><T52/><D67/><U92/><E56/><V109/><F109/><W87/><G32/><T36/><D62/><U46/><E26/><V41/><F133/><W42/><G63/><T99/><D36/><N who="1" m="21639" /><E46/><V105/><F105/><W129/><G129/><T90/><D37/><U74/><E74/><V66/><F128/><W29/><G47/><T5/><D59/><U89/><AGARI ba="0,0" hai="12,15,85,89,92" m="21639,39499,45129" machi="89" ten="30,2000,0" yaku="12,1,52,1" doraHai="88" who="1" fromWho="1" sc="403,-5,272,20,264,-5,61,-10" owari="398,49.8,292,9.2,259,-14.1,51,-44.9" /></mjloggm>