<mjloggm ver="2.3"><GO type="169" lobby="0"/><UN n0="%4E%55%44%41" n1="%E3%81%BE%E3%81%A1%E3%81%8A" n2="%E3%82%BC%E3%83%B3%E3%83%84%E3%83%9E%E3%82%B7%E3%83%BC%E3%83%B3" n3="%E3%82%84%E3%81%BE%E6%82%A0%59%59%59%59" dan="17,16,16,17" rate="2162.70,2155.60,2146.88,2216.52" sx="M,M,M,M"/><TAIKYOKU oya="0"/><INIT seed="0,0,0,1,1,76" ten="250,250,250,250" oya="0" hai0="98,122,61,55,118,0,46,123,16,43,27,62,5" hai1="14,74,64,114,88,30,50,73,3,86,54,68,91" hai2="102,128,1,60,28,89,21,38,106,31,4,75,19" hai3="131,34,26,94,126,99,11,117,13,63,108,45,125"/><T107/><D118/><U78/><E3/><V113/><F113/><W7/><G117/><T9/><D107/><U35/><E114/><V29/><F128/><W32/><G131/><T79/><D98/><U95/><E78/><V96/><F38/><W49/><G108/><T104/><D104/><U48/><E48/><V100/><F75/><W33/><G63/><T24/><D79/><U103/><E103/><V71/><F102/><W81/><G26/><T120/><D55/><U65/><E14/><V52/><F89/><W110/><G110/><T58/><D16/><U37/><E37/><V97/><F97/><W25/><G25/><T129/><D129/><U80/><E30/><V12/><F71/><W20/><G20/><T2/><D2/><U59/><E35/><V133/><F133/><W23/><G23/><T39/><REACH who="0" step="1"/><D58/><REACH who="0" ten="240,250,250,250" step="2"/><U57/><E59/><N who="2" m="34919" /><F1/><W40/><G99/><T83/><D83/><U112/><E112/><V56/><F56/><W77/><REACH who="3" step="1"/><G94/><REACH who="3" ten="240,250,250,240" step="2"/><T72/><D72/><AGARI ba="0,2" hai="7,11,13,32,33,34,40,45,49,72,77,81,125,126" machi="72" ten="40,8000,1" yaku="1,1,2,1,52,1,53,1" doraHai="76" doraHaiUra="10" who="3" fromWho="0" sc="240,-80,250,0,250,0,240,100" /><INIT seed="1,0,0,4,1,126" ten="160,250,250,340" oya="1" hai0="90,49,43,16,33,112,34,89,118,96,26,66,62" hai1="39,42,105,98,70,109,127,128,37,22,72,29,18" hai2="12,23,129,111,28,30,2,74,113,106,4,25,83" hai3="117,27,91,1,92,15,0,47,124,130,52,76,35"/><U75/><E70/><V134/><F106/><W104/><G104/><T97/><D112/><U69/><E69/><V88/><F113/><W50/><G124/><T9/><D118/><U8/><E127/><V67/><F111/><W36/><G117/><T21/><D33/><U13/><E109/><V79/><F134/><W31/><G76/><T46/><D34/><U82/><E42/><V6/><F2/><W110/><G110/><T57/><REACH who="0" step="1"/><D9/><REACH who="0" ten="150,250,250,340" step="2"/><U85/><E8/><V20/><F20/><W114/><G114/><T80/><D80/><U68/><E82/><V38/><F23/><W101/><G36/><T84/><D84/><U45/><E22/><V116/><F83/><W56/><G35/><T123/><D123/><U5/><E85/><V58/><F38/><W65/><G0/><T119/><D119/><U99/><E39/><V59/><F116/><W78/><G1/><T131/><D131/><U121/><E128/><V103/><F129/><W63/><G130/><T87/><D87/><U133/><E37/><V125/><F125/><W60/><G78/><T77/><D77/><U94/><E121/><V107/><F79/><W135/><G135/><T51/><D51/><U54/><E133/><V40/><F74/><W61/><G50/><T95/><D95/><U14/><E94/><V81/><F81/><W122/><G92/><T44/><D44/><U100/><E45/><V64/><F107/><W93/><G93/><T73/><D73/><U7/><E75/><V41/><F103/><W3/><G101/><T115/><D115/><U132/><E100/><V71/><F88/><AGARI ba="0,1" hai="16,21,26,43,46,49,57,62,66,88,89,90,96,97" machi="88" ten="40,8000,1" yaku="1,1,6,1,8,1,54,2,53,0" doraHai="126" doraHaiUra="108" who="0" fromWho="2" sc="150,90,250,0,250,-80,340,0" /><INIT seed="2,0,0,2,5,126" ten="240,250,170,340" oya="2" hai0="8,76,132,69,134,115,81,10,52,19,36,61,121" hai1="131,135,125,114,5,35,54,14,96,68,62,37,100" hai2="104,59,0,93,117,99,20,120,56,58,123,23,109" hai3="82,38,83,88,31,44,11,22,1,127,17,116,133"/><V67/><F117/><W12/><G116/><T21/><D121/><U129/><E114/><V90/><F109/><W50/><G38/><T74/><D36/><U98/><E35/><V105/><F0/><W16/><G127/><T43/><D115/><U15/><E125/><V101/><F67/><W87/><G133/><N who="0" m="51307" /><D43/><U86/><E37/><V3/><F3/><W79/><G31/><T118/><D118/><U39/><E39/><V89/><F89/><W13/><G1/><T7/><D7/><U66/><E135/><V34/><F34/><W55/><G82/><T49/><D61/><U110/><E110/><V26/><F20/><W78/><AGARI ba="0,0" hai="11,12,13,16,17,22,44,50,55,78,79,83,87,88" machi="78" ten="30,12000,2" yaku="0,1,25,2,8,1,54,2" doraHai="126" who="3" fromWho="3" sc="240,-30,250,-30,170,-60,340,120" /><INIT seed="3,0,0,5,1,117" ten="210,220,110,460" oya="3" hai0="45,124,125,70,11,82,19,83,39,20,56,61,47" hai1="1,21,66,90,41,4,91,53,87,29,16,38,9" hai2="42,131,103,132,2,128,36,34,27,74,17,102,31" hai3="13,69,84,89,135,22,100,59,130,10,101,86,12"/><W121/><G69/><T97/><D11/><U68/><E29/><V95/><F132/><W55/><G121/><T134/><D97/><U23/><E23/><V52/><F2/><W51/><G130/><N who="2" m="49705" /><F74/><W24/><G135/><T54/><D134/><U126/><E126/><N who="0" m="48745" /><D70/><U110/><E110/><V79/><F79/><W120/><G120/><T58/><D58/><U133/><E133/><V123/><F123/><W43/><G43/><N who="0" m="22783" /><D47/><U25/><E41/><V6/><F6/><W78/><G78/><T44/><D44/><U106/><E38/><V81/><F42/><W77/><G77/><T94/><D94/><U37/><E37/><V115/><F36/><W73/><G73/><T7/><D7/><U63/><E106/><V108/><F108/><W104/><G104/><T105/><D105/><U3/><E3/><V40/><F40/><W109/><G109/><T116/><D116/><U71/><E68/><V65/><F65/><W18/><G12/><AGARI ba="0,0" hai="12,19,20,54,56,61,82,83" m="22783,48745" machi="12" ten="30,1000,0" yaku="18,1" doraHai="117" who="0" fromWho="3" sc="210,10,220,0,110,0,460,-10" /><INIT seed="4,0,0,1,1,130" ten="220,220,110,450" oya="0" hai0="3,122,60,0,96,38,14,108,129,33,74,49,10" hai1="48,72,115,120,73,9,43,46,87,67,17,28,32" hai2="35,16,78,19,1,8,106,41,91,82,58,27,124" hai3="95,31,118,121,65,36,131,66,5,39,11,97,132"/><T37/><D122/><U44/><E120/><V57/><F124/><W93/><G121/><T126/><D33/><U63/><E115/><V127/><F127/><W2/><G131/><T21/><D126/><U47/><E28/><V92/><F106/><W68/><G93/><T18/><D129/><U80/><E32/><V13/><F1/><W89/><G118/><T71/><D74/><U123/><E123/><V70/><F70/><W53/><G31/><T113/><D113/><U59/><E73/><V24/><F41/><W34/><G34/><T15/><D108/><U55/><E72/><V56/><F35/><W29/><G29/><T102/><D49/><U45/><E17/><V107/><F107/><W64/><G68/><T103/><D71/><U52/><REACH who="1" step="1"/><E9/><REACH who="1" ten="220,210,110,450" step="2"/><V110/><F19/><W12/><G2/><T7/><D3/><U4/><E4/><V128/><F128/><W40/><G5/><T79/><D0/><U105/><E105/><V61/><F110/><W23/><G11/><T22/><D10/><U88/><AGARI ba="0,1" hai="43,44,45,46,47,48,52,55,59,63,67,80,87,88" machi="88" ten="30,12000,2" yaku="1,1,0,1,8,1,54,2,53,1" doraHai="130" doraHaiUra="81" who="1" fromWho="1" sc="220,-60,210,130,110,-30,450,-30" /><INIT seed="5,0,0,4,2,116" ten="160,340,80,420" oya="1" hai0="126,102,12,60,67,110,64,58,6,54,131,95,81" hai1="122,129,106,0,30,112,28,69,70,49,120,10,40" hai2="37,115,8,86,130,24,99,5,47,123,51,11,52" hai3="108,62,38,41,68,89,44,20,50,82,29,91,43"/><U36/><E49/><V4/><F130/><W83/><G108/><T33/><D33/><U117/><E117/><V65/><F115/><W111/><G111/><T13/><D110/><U76/><E30/><V90/><F123/><N who="1" m="47145" /><E112/><V32/><F65/><N who="0" m="25162" /><D131/><U75/><E28/><V1/><F37/><W27/><G68/><T71/><D71/><U128/><E106/><V107/><F24/><W31/><G62/><T88/><D6/><N who="1" m="1351" /><E129/><V46/><F32/><W39/><G50/><T104/><D104/><U53/><E53/><V42/><F99/><W74/><G74/><T92/><D54/><U18/><E18/><V77/><F107/><W103/><G103/><T56/><D102/><U9/><E9/><V119/><F119/><W78/><G31/><T45/><D60/><U98/><E98/><V114/><F114/><W124/><G38/><T22/><D45/><N who="1" m="23687" /><E128/><V96/><F96/><W133/><G39/><T105/><D105/><U127/><E127/><V25/><F47/><W87/><G44/><T35/><D126/><U85/><E85/><V113/><F113/><W59/><G124/><T17/><D35/><U66/><E66/><V80/><F25/><W7/><G27/><T26/><D26/><U118/><E118/><V14/><REACH who="2" step="1"/><F42/><REACH who="2" ten="160,340,70,420" step="2"/><W73/><G41/><T100/><D100/><U63/><E63/><V84/><F84/><W15/><G43/><T57/><D13/><U134/><E134/><V132/><F132/><W93/><G133/><T94/><D81/><AGARI ba="0,1" hai="69,70,75,76,81" m="23687,1351,47145" machi="81" ten="30,12000,1" yaku="25,1,23,1,52,3" doraHai="116" who="1" fromWho="0" sc="160,-120,340,130,70,0,420,0" /><INIT seed="5,1,0,5,3,112" ten="40,470,70,420" oya="1" hai0="37,30,33,92,50,111,48,100,118,70,127,128,67" hai1="89,133,101,7,88,34,11,75,69,9,10,56,91" hai2="85,1,116,62,13,16,58,82,95,57,12,23,110" hai3="40,109,114,78,53,65,83,74,8,45,99,123,98"/><U72/><E69/><V115/><F110/><W6/><G109/><T15/><D111/><U47/><E34/><V46/><F115/><W19/><G114/><T59/><D37/><U17/><E7/><V44/><F1/><W135/><G123/><T21/><D118/><U103/><E17/><N who="2" m="10663" /><F95/><W130/><G130/><T32/><D128/><U3/><E3/><V35/><F35/><W63/><G135/><T80/><D127/><U102/><E133/><V0/><F0/><W38/><G53/><T120/><D120/><U49/><E56/><N who="2" m="21611" /><F62/><W113/><G113/><T52/><D50/><U93/><E93/><V97/><F97/><W122/><G122/><T121/><D121/><U60/><E60/><V4/><F4/><W134/><G134/><T24/><D70/><U117/><E117/><V28/><F28/><W54/><G54/><AGARI ba="1,0" hai="9,10,11,47,49,54,72,75,88,89,91,101,102,103" machi="54" ten="50,9600,0" yaku="29,2,54,1" doraHai="112" who="1" fromWho="3" sc="40,0,470,99,70,0,420,-99" /><INIT seed="5,2,0,3,1,94" ten="40,569,70,321" oya="1" hai0="5,60,113,4,105,117,101,125,53,85,17,1,41" hai1="12,34,98,48,47,123,16,22,80,68,93,112,46" hai2="72,79,30,126,58,59,102,25,115,73,7,86,82" hai3="3,64,88,14,108,114,124,121,103,20,132,26,13"/><U83/><E123/><V28/><F126/><W100/><G121/><T55/><D117/><U11/><E34/><V65/><F115/><W109/><G3/><T74/><D113/><U23/><E68/><V89/><F7/><W128/><G114/><T54/><D74/><U90/><E112/><V107/><F65/><W131/><G64/><T37/><D125/><U69/><E69/><V31/><F25/><W63/><G63/><T18/><D60/><U70/><E70/><V104/><F73/><W49/><G49/><T92/><D105/><U36/><E36/><V111/><F111/><W43/><G43/><T76/><D37/><U33/><E33/><V130/><F130/><N who="3" m="49707" /><G124/><T24/><D41/><N who="1" m="24655" /><E47/><V2/><F2/><W129/><N who="3" m="49715" /><W40/><DORA hai="116" /><G40/><T61/><D61/><U42/><E42/><V81/><F107/><W51/><G132/><T119/><D119/><U21/><AGARI ba="2,0" hai="11,12,16,21,22,23,80,83,90,93,98" m="24655" machi="21" ten="30,6000,0" yaku="8,1,52,1,54,1" doraHai="94,116" who="1" fromWho="1" sc="40,-22,569,66,70,-22,321,-22" /><INIT seed="5,3,0,4,2,55" ten="18,635,48,299" oya="1" hai0="82,69,24,16,60,119,75,72,47,17,127,118,66" hai1="54,22,13,109,28,123,57,89,46,35,50,65,26" hai2="88,103,117,42,43,101,41,3,107,125,31,34,6" hai3="4,1,134,83,64,20,2,56,27,70,126,85,51"/><U102/><E123/><V68/><F117/><W115/><G70/><T63/><D127/><U121/><E121/><V62/><F125/><W87/><G126/><T84/><D47/><U96/><E109/><V11/><F107/><W10/><G115/><T100/><D100/><U44/><E89/><V67/><F31/><W39/><G39/><T15/><D24/><U131/><E131/><V114/><F34/><W79/><G134/><T91/><D63/><U124/><E124/><V0/><F0/><W71/><G71/><T23/><REACH who="0" step="1"/><D17/><REACH who="0" ten="8,635,48,299" step="2"/><U73/><E46/><V132/><F114/><W93/><G27/><T108/><D108/><U77/><E44/><V58/><F132/><W29/><G29/><T97/><D97/><U120/><E96/><V38/><F38/><W33/><G51/><T133/><D133/><U8/><E102/><V111/><F111/><W25/><G25/><T80/><D80/><U40/><E120/><V105/><F105/><W135/><G135/><T9/><D9/><U106/><E8/><V59/><F103/><W78/><G83/><T130/><D130/><U37/><E106/><V74/><F101/><W7/><G10/><T86/><D86/><U32/><E28/><V92/><REACH who="2" step="1"/><F74/><AGARI ba="3,1" hai="15,16,23,60,66,69,72,74,75,82,84,91,118,119" machi="74" ten="40,2600,0" yaku="1,1,54,1,53,0" doraHai="55" doraHaiUra="98" who="0" fromWho="2" sc="8,45,635,0,48,-35,299,0" /><INIT seed="6,0,0,5,4,104" ten="53,635,13,299" oya="2" hai0="107,8,118,133,73,90,3,5,25,58,91,125,32" hai1="37,67,22,89,52,53,71,130,106,74,24,15,30" hai2="49,59,112,55,111,81,127,62,54,128,69,10,7" hai3="134,129,121,44,35,75,40,65,39,18,108,84,60"/><V43/><F112/><W6/><G75/><T87/><D107/><U99/><E74/><V94/><F128/><W63/><G84/><T123/><D123/><U80/><E37/><V27/><F127/><W131/><G18/><T98/><D73/><U57/><E130/><V100/><F111/><W109/><G6/><T16/><D125/><U42/><E42/><V9/><F43/><W124/><G35/><T14/><D133/><U47/><E47/><V38/><F38/><W103/><G103/><T36/><D36/><U33/><E71/><V23/><F69/><N who="3" m="42151" /><G124/><T61/><D118/><U21/><E33/><V12/><F81/><W26/><G26/><T120/><D120/><U82/><E106/><V88/><F100/><W0/><G0/><T135/><D98/><U95/><E67/><N who="2" m="39391" /><F49/><W116/><G121/><T28/><D87/><U83/><E57/><V41/><F41/><W64/><G116/><T13/><D135/><U110/><E110/><N who="3" m="42602" /><G134/><T119/><D119/><U1/><E1/><V31/><F10/><W17/><G17/><AGARI ba="0,0" hai="15,17,21,22,24,30,52,53,80,82,83,89,95,99" machi="17" ten="40,2600,0" yaku="8,1,54,1" doraHai="104" who="1" fromWho="3" sc="53,0,635,26,13,0,299,-26" /><INIT seed="7,0,0,3,4,56" ten="53,661,13,273" oya="3" hai0="58,65,82,5,92,51,2,26,30,107,38,8,109" hai1="11,6,16,31,104,111,93,127,10,36,7,88,28" hai2="80,105,122,27,24,66,99,67,112,129,49,133,130" hai3="87,14,77,46,55,41,52,119,43,50,86,44,68"/><W33/><G33/><T72/><D109/><U42/><E104/><V85/><F112/><W22/><G22/><T124/><D38/><U37/><E42/><V126/><F49/><W110/><G14/><T45/><D107/><U12/><E111/><V39/><F39/><W69/><G77/><T57/><D124/><U71/><E71/><V90/><F126/><W125/><G125/><T74/><D92/><U83/><E83/><V75/><F133/><W78/><G78/><T20/><D82/><U117/><E16/><V4/><F4/><W59/><G110/><T120/><D120/><U61/><E61/><V118/><F118/><W0/><G0/><T62/><D58/><U29/><E88/><V101/><F122/><W106/><G106/><T84/><D84/><U81/><E93/><V131/><REACH who="2" step="1"/><F75/><REACH who="2" ten="53,661,3,273" step="2"/><W9/><G50/><T79/><D79/><U91/><E37/><V64/><AGARI ba="0,1" hai="24,27,64,66,67,80,85,90,99,101,105,129,130,131" machi="64" ten="40,8000,1" yaku="1,1,2,1,0,1,19,1,53,0" doraHai="56" doraHaiUra="48" who="2" fromWho="2" sc="53,-20,661,-20,3,90,273,-40" owari="33,-46.7,641,74.1,93,-30.7,233,3.3" /></mjloggm>