<mjloggm ver="2.3"><GO type="169" lobby="0"/><UN n0="%62%73%64%5F%33" n1="%E9%A2%A8%E3%81%A7%E9%B3%B4%E3%81%8F" n2="%52%65%61%6C%58" n3="%E3%82%A8%E3%83%8D%E3%83%AB" dan="16,17,16,18" rate="2060.32,2192.07,2173.83,2218.88" sx="F,M,F,M"/><TAIKYOKU oya="0"/><INIT seed="0,0,0,3,3,28" ten="250,250,250,250" oya="0" hai0="94,27,22,14,75,116,25,5,86,120,65,41,40" hai1="135,0,71,38,83,56,16,18,34,61,77,85,33" hai2="87,101,82,73,88,66,43,119,44,30,109,103,60" hai3="70,102,115,51,37,13,62,63,123,100,45,12,89"/><T98/><D116/><U80/><E38/><V113/><F113/><W10/><G115/><T29/><D75/><U78/><E0/><V35/><F119/><W128/><G128/><T110/><D120/><U124/><E71/><V47/><F73/><W17/><G37/><T129/><D129/><U8/><E135/><V20/><F109/><W1/><G1/><T36/><D36/><U104/><E104/><V72/><F72/><W99/><G123/><T4/><D65/><U126/><E8/><V81/><F81/><W46/><G46/><T134/><D134/><U48/><E48/><V114/><F114/><W67/><G63/><T117/><D117/><U26/><E26/><V39/><F20/><W9/><G89/><T21/><D86/><U105/><E105/><V53/><F53/><W32/><G32/><N who="1" m="12394" /><E80/><V118/><F44/><W84/><G99/><T50/><D50/><U3/><E78/><V6/><F6/><N who="0" m="2666" /><D110/><U2/><E3/><V106/><F106/><W7/><REACH who="3" step="1"/><G84/><REACH who="3" ten="250,250,250,240" step="2"/><T112/><D112/><U130/><E2/><V122/><F118/><W132/><G132/><T95/><D98/><U31/><E130/><V121/><F122/><W64/><G64/><T15/><D41/><AGARI ba="0,1" hai="7,9,10,12,13,17,41,45,51,62,67,70,100,102" machi="41" ten="30,2000,0" yaku="1,1,7,1,53,0" doraHai="28" doraHaiUra="24" who="3" fromWho="0" sc="250,-20,250,0,250,0,240,30" /><INIT seed="1,0,0,1,4,22" ten="230,250,250,270" oya="1" hai0="124,4,83,37,121,12,9,80,67,53,129,93,81" hai1="31,48,118,7,94,26,113,71,51,86,27,120,73" hai2="108,23,45,107,115,62,68,98,74,135,59,36,25" hai3="70,13,77,132,133,38,134,66,75,104,21,102,44"/><U46/><E71/><V112/><F108/><W50/><G38/><T28/><D37/><U111/><E73/><V76/><F135/><W116/><G116/><T49/><D124/><U8/><E118/><V41/><F68/><W17/><G75/><T30/><D129/><U33/><E120/><V126/><F126/><W101/><G77/><T105/><D105/><U106/><E106/><V109/><F109/><W100/><G104/><T11/><D121/><U96/><E113/><V39/><F39/><W35/><G35/><T18/><D67/><U123/><E123/><V89/><F76/><W52/><G70/><T122/><D93/><U119/><E119/><V32/><F32/><W34/><G34/><T6/><D18/><U65/><E65/><AGARI ba="0,0" hai="13,17,21,44,50,52,65,66,100,101,102,132,133,134" machi="65" ten="50,3200,0" yaku="20,1,54,1" doraHai="22" who="3" fromWho="1" sc="230,0,250,-32,250,0,270,32" /><INIT seed="2,0,0,1,3,60" ten="230,218,250,302" oya="2" hai0="29,116,23,90,11,99,56,59,45,117,21,55,37" hai1="103,98,95,39,58,100,25,7,62,134,9,15,38" hai2="74,68,125,35,63,54,132,119,135,24,46,26,28" hai3="57,32,0,19,131,77,50,106,79,5,80,124,93"/><V48/><F119/><N who="0" m="45642" /><D11/><U73/><E134/><N who="2" m="51243" /><F74/><W78/><G106/><T84/><D99/><U83/><E100/><V8/><F125/><W109/><G124/><T44/><D59/><U61/><E61/><V104/><F104/><W129/><G109/><T10/><D10/><U123/><E123/><V121/><F121/><W126/><G0/><T111/><D111/><U86/><E73/><V76/><F76/><W130/><G5/><T87/><D87/><U22/><E86/><V4/><F26/><W18/><G32/><T114/><D114/><U69/><E69/><V122/><F122/><W88/><G80/><T120/><D29/><U47/><E47/><N who="0" m="17993" /><D37/><U113/><E83/><V105/><F105/><W128/><G126/><T40/><D40/><U27/><E27/><V82/><F82/><W72/><G72/><T81/><D120/><U101/><E101/><V17/><F17/><W91/><G91/><T133/><D133/><U64/><E113/><V66/><F8/><W108/><G108/><T1/><D1/><U49/><REACH who="1" step="1"/><E49/><AGARI ba="0,0" hai="21,23,49,55,56,81,84,90" m="17993,45642" machi="49" ten="30,1000,0" yaku="12,1" doraHai="60" who="0" fromWho="1" sc="230,10,218,-10,250,0,302,0" /><INIT seed="3,0,0,5,2,52" ten="240,208,250,302" oya="3" hai0="94,19,70,47,112,30,43,79,6,134,122,76,13" hai1="0,34,39,24,33,72,1,23,77,48,131,8,17" hai2="90,73,103,2,44,96,4,114,60,58,135,99,113" hai3="100,109,110,29,59,97,80,26,21,51,124,82,42"/><W129/><G129/><T125/><D122/><U45/><E39/><V107/><F73/><W98/><G124/><T71/><D125/><U105/><E105/><V27/><F135/><W102/><G98/><T11/><D134/><U35/><E131/><V53/><F4/><W85/><G42/><T63/><D30/><U12/><E77/><V128/><F2/><W62/><G51/><T126/><D112/><U15/><E72/><V56/><F44/><W9/><G9/><T127/><D94/><U118/><E118/><V5/><F5/><W50/><G50/><T111/><D19/><N who="1" m="8583" /><E48/><V3/><F3/><N who="1" m="1097" /><E45/><V41/><F41/><W36/><G36/><T18/><D63/><U130/><E130/><V66/><F128/><W38/><G38/><T83/><D76/><U31/><AGARI ba="0,0" hai="15,17,23,24,31,33,34,35" m="1097,8583" machi="31" ten="30,8000,1" yaku="35,5" doraHai="52" who="1" fromWho="1" sc="240,-20,208,80,250,-20,302,-40" /><INIT seed="4,0,0,1,4,117" ten="220,288,230,262" oya="0" hai0="112,30,116,43,82,67,89,75,51,127,98,59,114" hai1="9,83,111,121,124,48,76,106,92,99,125,74,101" hai2="90,69,5,102,44,31,14,109,115,126,34,15,11" hai3="119,118,17,18,28,45,32,21,61,132,135,94,46"/><T72/><D116/><N who="3" m="44585" /><G61/><N who="0" m="38335" /><D30/><U122/><E9/><V104/><F109/><W103/><G103/><T33/><D33/><U129/><E111/><V120/><F69/><W6/><G94/><N who="0" m="56655" /><D82/><U53/><E106/><V113/><F31/><W63/><G63/><T91/><D91/><U88/><E101/><V68/><F68/><W64/><G64/><T37/><D37/><U110/><E110/><V95/><F34/><W52/><G32/><T54/><D127/><N who="1" m="48715" /><E129/><V105/><F126/><W66/><G66/><T23/><D23/><U42/><E42/><V25/><F105/><W2/><G28/><T49/><D43/><U8/><E8/><V97/><F104/><W55/><G21/><T24/><D51/><U93/><E93/><V22/><F102/><W40/><G40/><T1/><D75/><U128/><E128/><V107/><F107/><W29/><G29/><T7/><D72/><U58/><AGARI ba="0,0" hai="48,53,58,74,76,83,88,92,99,121,122" m="48715" machi="58" ten="30,7900,0" yaku="18,1,52,2,54,1" doraHai="117" who="1" fromWho="1" sc="220,-39,288,79,230,-20,262,-20" /><INIT seed="5,0,0,5,5,96" ten="181,367,210,242" oya="1" hai0="132,28,34,56,103,2,99,42,41,26,5,67,115" hai1="79,36,72,118,108,81,19,87,15,62,130,80,129" hai2="1,107,53,93,90,46,125,133,69,4,123,101,68" hai3="63,52,71,10,100,16,0,39,54,104,88,29,60"/><U8/><E118/><V65/><F123/><W77/><G77/><T105/><D115/><U57/><E36/><V135/><F1/><W50/><G39/><T119/><D119/><U120/><E108/><V48/><F4/><W84/><G29/><T127/><D127/><U89/><REACH who="1" step="1"/><E120/><REACH who="1" ten="181,357,210,242" step="2"/><V33/><F125/><W17/><G71/><T121/><D121/><U32/><E32/><V98/><F33/><W20/><G0/><T122/><D122/><U30/><E30/><V37/><F37/><W75/><G75/><T102/><D34/><U110/><E110/><V112/><F112/><W128/><G128/><T27/><D28/><U116/><E116/><V45/><F69/><W40/><G17/><T3/><D3/><U109/><E109/><V70/><F68/><W66/><G16/><T92/><D2/><U106/><E106/><V58/><F70/><W117/><G104/><T9/><D105/><U12/><E12/><V86/><REACH who="2" step="1"/><F65/><AGARI ba="0,1" hai="8,15,19,57,62,65,72,79,80,81,87,89,129,130" machi="65" ten="40,2000,0" yaku="1,1,53,0" doraHai="96" doraHaiUra="114" who="1" fromWho="2" sc="181,0,357,30,210,-20,242,0" /><INIT seed="5,1,0,4,0,126" ten="181,387,190,242" oya="1" hai0="46,56,82,108,47,109,115,36,31,19,37,103,134" hai1="29,21,33,57,3,59,68,6,74,54,78,48,84" hai2="107,96,101,14,4,1,64,91,30,49,22,62,58" hai3="98,32,71,75,113,17,41,124,0,67,122,119,95"/><U44/><E68/><V10/><F91/><W120/><G41/><T87/><D115/><U34/><E74/><V85/><F85/><W79/><G67/><T77/><D134/><U40/><E57/><V106/><F49/><W20/><G71/><T15/><D31/><U63/><E29/><V116/><F116/><W45/><G45/><T80/><D103/><U51/><E21/><V129/><F129/><W61/><G61/><T5/><D5/><U7/><E51/><V9/><F9/><W72/><G17/><T38/><D82/><U114/><E114/><V133/><F133/><W12/><G12/><T16/><D19/><U97/><E97/><V11/><F11/><W131/><G20/><T135/><D135/><U69/><E69/><V55/><F55/><W13/><G13/><T93/><D93/><U92/><E3/><V130/><F130/><W86/><G0/><T83/><D83/><U118/><E118/><V132/><F132/><W104/><G32/><T105/><D105/><U70/><E70/><V60/><F60/><W117/><G113/><T26/><D26/><U121/><E121/><N who="3" m="46698" /><G104/><T43/><D56/><U99/><E34/><V39/><F39/><N who="0" m="14922" /><D47/><U88/><REACH who="1" step="1"/><E33/><REACH who="1" ten="181,377,190,242" step="2"/><V28/><F106/><W35/><G35/><T90/><D38/><U25/><E25/><N who="2" m="16439" /><F30/><W127/><G119/><T94/><D46/><U123/><E123/><V8/><F1/><W112/><G117/><T110/><D43/><U50/><E50/><V100/><F10/><W125/><G112/><T76/><D109/><U66/><E66/><V18/><F4/><W89/><G131/><RYUUKYOKU ba="1,1" sc="181,-30,377,10,190,10,242,10" hai1="6,7,40,44,48,54,59,63,78,84,88,92,99" hai2="8,14,18,58,62,64,96,100,101,107" hai3="72,75,79,86,89,95,98,124,125,127" /><INIT seed="5,2,1,4,5,97" ten="151,387,200,252" oya="1" hai0="81,21,115,69,24,131,9,104,67,72,111,25,123" hai1="48,100,124,46,135,16,74,117,32,108,57,60,10" hai2="89,38,128,36,121,65,84,130,31,76,85,106,114" hai3="62,15,12,61,98,93,83,129,79,120,35,91,94"/><U66/><E117/><V122/><F31/><W13/><G129/><N who="2" m="49769" /><F65/><W92/><G120/><N who="2" m="46185" /><F106/><W3/><G3/><T7/><D111/><U102/><E32/><V45/><F45/><W47/><G35/><T52/><D104/><U59/><E74/><V103/><F114/><W95/><REACH who="3" step="1"/><G47/><REACH who="3" ten="151,387,200,242" step="2"/><T34/><D34/><U33/><E33/><V90/><F76/><W126/><G126/><T19/><D131/><U88/><E124/><V110/><F110/><W40/><G40/><T70/><D123/><U53/><E108/><V71/><F71/><W107/><G107/><T30/><D70/><U132/><E46/><V27/><F27/><W14/><N who="3" m="3072" /><DORA hai="119" /><W26/><G26/><T127/><D24/><U4/><E4/><V82/><F36/><W50/><G50/><T78/><D127/><U54/><E10/><V133/><F38/><W68/><G68/><T116/><D116/><U1/><E1/><V64/><F133/><W118/><G118/><T5/><D25/><U28/><E135/><V125/><F125/><W56/><G56/><T2/><D2/><U55/><E132/><V134/><F134/><W101/><G101/><N who="1" m="39018" /><E28/><V8/><F8/><W96/><G96/><T39/><D30/><U22/><E16/><V43/><F43/><W49/><G49/><T86/><D39/><U99/><E22/><V105/><F105/><W44/><G44/><T80/><D19/><U17/><E17/><V0/><F0/><W63/><G63/><T112/><D21/><U113/><E113/><V77/><F103/><W87/><AGARI ba="2,2" hai="61,62,79,83,87,91,92,93,94,95,98" m="3072" machi="87" ten="50,6400,0" yaku="1,1,0,1,8,1,53,0" doraHai="97,119" doraHaiUra="29,20" who="3" fromWho="3" sc="151,-18,387,-34,200,-18,242,90" /><INIT seed="6,0,0,1,3,34" ten="133,353,182,332" oya="2" hai0="27,58,33,69,55,71,11,46,74,85,114,107,50" hai1="93,103,87,108,47,3,5,65,70,113,91,135,29" hai2="92,20,51,38,41,120,28,97,111,82,96,95,17" hai3="100,83,7,105,98,124,68,128,122,115,62,56,79"/><V18/><F120/><W81/><G122/><T1/><D74/><U35/><E108/><V125/><F38/><W121/><G121/><T84/><D107/><U14/><E113/><V42/><F111/><W116/><G116/><T21/><D33/><U9/><E135/><V109/><F109/><W57/><G115/><T16/><D114/><U24/><E103/><V86/><F125/><W129/><G7/><T52/><D1/><U133/><E133/><V60/><F60/><W127/><G68/><T61/><REACH who="0" step="1"/><D11/><REACH who="0" ten="123,353,182,332" step="2"/><U23/><E35/><V73/><F73/><W25/><G127/><T123/><D123/><U110/><E110/><V32/><F32/><W131/><G124/><T119/><D119/><U0/><REACH who="1" step="1"/><E47/><REACH who="1" ten="123,343,182,332" step="2"/><N who="2" m="26095" /><F28/><W37/><G128/><T77/><D77/><U48/><E48/><V130/><F130/><W39/><G79/><T43/><D43/><U101/><E101/><N who="2" m="60551" /><F42/><W102/><G102/><T88/><D88/><U12/><E12/><V49/><F49/><W54/><G131/><T94/><D94/><U30/><E30/><V126/><F126/><W90/><G129/><T78/><D78/><U112/><E112/><V75/><F95/><W10/><G100/><T118/><D118/><U6/><E6/><V106/><F106/><W67/><G105/><T117/><D117/><U8/><E8/><V19/><F20/><W80/><G10/><T104/><D104/><U44/><E44/><V22/><F22/><W64/><G90/><T72/><D72/><U63/><AGARI ba="0,2" hai="0,3,5,9,14,23,24,29,63,65,70,87,91,93" machi="63" ten="30,7900,0" yaku="1,1,0,1,52,2,53,0" doraHai="34" doraHaiUra="15" who="1" fromWho="1" sc="123,-20,343,99,182,-39,332,-20" /><INIT seed="7,0,0,1,3,6" ten="103,442,143,312" oya="3" hai0="26,103,124,116,22,84,36,12,47,2,135,20,97" hai1="130,123,8,10,19,4,99,92,89,87,13,49,128" hai2="0,63,117,52,59,17,134,80,122,54,91,70,85" hai3="48,88,83,62,120,108,79,133,27,115,60,33,50"/><W90/><G120/><T96/><D116/><U7/><E123/><V32/><F117/><W66/><G115/><T1/><D124/><U78/><E49/><V113/><F122/><W121/><G121/><T30/><D135/><U74/><E74/><V129/><F134/><W16/><G133/><T51/><D36/><U61/><E61/><V68/><F32/><W14/><G108/><T71/><D71/><U46/><E46/><V56/><F129/><N who="1" m="49769" /><E78/><V132/><F132/><W81/><G33/><T82/><D97/><U98/><E7/><V111/><F0/><AGARI ba="0,0" hai="0,4,8,10,13,19,87,89,92,98,99" m="49769" machi="0" ten="30,3900,0" yaku="19,1,52,2" doraHai="6" who="1" fromWho="2" sc="103,0,442,39,143,-39,312,0" owari="103,-39.7,481,58.1,104,-29.6,312,11.2" /></mjloggm>