<mjloggm ver="2.3"><GO type="169" lobby="0"/><UN n0="%45%7A%61%6B%69" n1="%6B%61%77%61%69%31%32" n2="%E3%82%AD%E3%83%B3%E3%82%B0%E3%81%82%E3%81%A4%E3%81%97" n3="%E3%83%AA%E3%83%84%E3%83%9F%E3%82%B5%E3%83%B3" dan="16,16,16,18" rate="2114.43,2081.58,2169.07,2222.10" sx="M,M,M,M"/><TAIKYOKU oya="0"/><INIT seed="0,0,0,0,0,72" ten="250,250,250,250" oya="0" hai0="41,17,128,103,39,26,112,114,81,71,24,116,131" hai1="37,12,67,31,89,22,98,32,44,129,105,87,86" hai2="76,35,135,99,10,91,80,106,117,110,46,55,30" hai3="6,59,1,93,96,124,104,134,49,8,61,75,79"/><T107/><D71/><U25/><E129/><N who="0" m="49737" /><D116/><U5/><E67/><V19/><F110/><W58/><G124/><T132/><D132/><U64/><E64/><V102/><F135/><W62/><G104/><T115/><D17/><U38/><E87/><V108/><F108/><W52/><G134/><T95/><D107/><U9/><E44/><V65/><F65/><W15/><G1/><T50/><D39/><U34/><E34/><V94/><F117/><W97/><G59/><T56/><D81/><U121/><E121/><V120/><F35/><W68/><G68/><T70/><D70/><U53/><E53/><V7/><F30/><W119/><G119/><T85/><D41/><U113/><E113/><V0/><F19/><W63/><REACH who="3" step="1"/><G93/><REACH who="3" ten="250,250,250,240" step="2"/><T40/><D56/><U92/><E105/><V21/><F106/><W3/><G3/><T20/><D95/><U90/><E32/><V130/><F130/><W66/><G66/><T123/><D115/><U69/><E69/><V133/><F133/><W126/><G126/><T125/><D114/><U11/><E92/><V2/><F2/><W47/><G47/><T18/><D125/><U74/><E38/><V78/><F94/><W16/><G16/><T54/><D18/><U27/><E37/><V28/><F46/><W14/><G14/><T73/><D112/><U83/><E12/><V122/><F0/><W82/><AGARI ba="0,1" hai="6,8,15,49,52,58,61,62,63,75,79,82,96,97" machi="82" ten="30,7900,0" yaku="1,1,0,1,52,1,54,1,53,0" doraHai="72" doraHaiUra="33" who="3" fromWho="3" sc="250,-39,250,-20,250,-20,240,89" /><INIT seed="1,0,0,3,0,42" ten="211,230,230,329" oya="1" hai0="84,81,99,33,124,125,15,116,4,20,7,68,60" hai1="93,26,3,6,94,51,86,8,32,24,63,131,52" hai2="87,66,18,48,56,2,34,55,110,61,103,120,108" hai3="90,31,76,71,0,25,62,119,47,12,105,83,73"/><U92/><E131/><V130/><F34/><W74/><G0/><T40/><D116/><U64/><E86/><V91/><F2/><W104/><G119/><T96/><D33/><U43/><E43/><V117/><F120/><W79/><G12/><T16/><D40/><U19/><E19/><V112/><F130/><W67/><G90/><T10/><D68/><U80/><E80/><V114/><F103/><W109/><G109/><N who="2" m="42089" /><F18/><W65/><G47/><T23/><D60/><U46/><REACH who="1" step="1"/><E32/><REACH who="1" ten="211,220,230,329" step="2"/><V89/><F117/><W39/><G83/><T88/><D7/><U121/><E121/><V14/><F87/><W28/><G74/><T5/><D5/><U85/><E85/><V9/><F114/><W106/><G73/><T53/><D23/><U37/><E37/><V11/><F112/><W17/><G39/><T118/><D118/><U21/><E21/><V57/><F11/><W78/><G17/><T98/><REACH who="0" step="1"/><D53/><REACH who="0" ten="201,220,230,329" step="2"/><U36/><E36/><V70/><F70/><AGARI ba="0,2" hai="3,6,8,24,26,46,51,52,63,64,70,92,93,94" machi="70" ten="40,12000,1" yaku="1,1,52,1,54,1,53,1" doraHai="42" doraHaiUra="50" who="1" fromWho="2" sc="201,0,220,140,230,-120,329,0" /><INIT seed="1,1,0,3,4,33" ten="201,360,110,329" oya="1" hai0="131,64,13,98,120,16,108,88,122,80,34,0,50" hai1="101,103,115,18,54,73,133,129,31,35,124,27,52" hai2="104,68,99,2,70,97,58,134,28,25,61,89,83" hai3="29,125,69,132,86,123,1,15,114,102,12,32,121"/><U51/><E115/><V71/><F134/><W95/><G69/><T47/><D108/><U81/><E133/><V109/><F109/><W74/><G74/><T10/><D34/><U91/><E124/><V107/><F83/><W78/><G78/><T67/><D131/><U43/><E129/><V111/><F111/><W75/><G75/><T5/><D120/><U26/><E43/><V72/><F72/><W44/><G44/><T100/><D122/><U106/><E106/><V113/><F113/><W4/><G102/><T112/><D112/><U7/><E7/><V21/><F89/><W57/><G132/><T46/><D46/><U23/><E54/><V79/><F79/><W62/><G125/><T39/><D39/><U48/><E48/><V20/><F2/><W22/><G1/><T117/><D117/><U119/><E119/><V127/><F127/><W85/><G32/><T82/><D82/><U11/><E11/><V84/><F84/><W36/><G86/><T94/><D80/><U116/><E116/><V53/><F104/><W105/><G105/><T130/><D100/><U56/><E73/><V135/><F135/><W93/><G36/><T60/><D60/><U49/><E49/><V65/><F107/><W30/><G114/><T66/><D130/><U8/><E8/><V9/><F9/><N who="3" m="4135" /><G121/><T90/><D90/><U118/><E118/><V59/><REACH who="2" step="1"/><F21/><REACH who="2" ten="201,360,100,329" step="2"/><W41/><G85/><T63/><D0/><U17/><E81/><V55/><F55/><N who="3" m="34111" /><G123/><T14/><D5/><U24/><E91/><V38/><F38/><W42/><G22/><AGARI ba="1,1" hai="17,18,22,23,24,26,27,31,35,51,52,56,101,103" machi="22" ten="40,3900,0" yaku="9,1,54,1" doraHai="33" who="1" fromWho="3" sc="201,0,360,52,100,0,329,-42" /><INIT seed="1,2,0,1,5,77" ten="201,412,100,287" oya="1" hai0="21,61,81,118,101,66,36,117,129,98,32,96,121" hai1="26,19,126,134,67,37,64,131,63,95,39,100,11" hai2="76,7,51,74,20,46,13,103,112,70,130,86,12" hai3="99,56,73,16,83,43,107,79,18,65,91,85,71"/><U0/><E131/><V29/><F70/><W24/><G71/><T42/><D121/><U14/><E126/><V9/><F130/><W34/><G43/><T124/><D129/><U45/><E134/><V119/><F119/><W50/><G34/><T94/><D32/><U15/><E0/><V23/><F74/><W57/><G24/><T53/><D124/><U48/><E26/><V44/><F29/><W127/><G127/><T108/><D108/><U84/><E15/><V115/><F103/><N who="3" m="62975" /><G65/><T123/><D123/><U62/><E39/><V82/><F46/><W2/><G2/><T92/><D53/><U128/><E37/><V68/><F68/><W40/><G40/><T4/><D4/><U38/><E38/><V30/><F30/><W120/><G120/><T122/><D122/><U28/><E28/><V102/><F102/><W3/><G3/><T89/><D21/><U1/><E1/><V78/><F78/><W87/><G87/><T88/><D42/><U33/><E33/><V93/><F13/><W59/><G50/><T97/><D36/><U113/><E113/><N who="2" m="43595" /><F93/><AGARI ba="2,0" hai="16,18,56,57,59,73,79,83,85,91,93" m="62975" machi="93" ten="30,3900,0" yaku="24,1,52,1,54,1" doraHai="77" who="3" fromWho="2" sc="201,0,412,0,100,-45,287,45" /><INIT seed="2,0,0,3,1,11" ten="201,412,55,332" oya="2" hai0="34,80,129,69,78,121,23,21,112,42,48,115,43" hai1="73,30,132,127,64,12,13,134,96,97,103,49,9" hai2="135,57,59,102,62,51,95,99,74,131,111,76,125" hai3="106,54,90,104,3,122,114,109,41,84,108,79,101"/><V5/><F135/><N who="1" m="51753" /><E73/><V110/><F131/><W26/><G3/><T8/><D121/><U37/><E37/><V91/><F125/><W117/><G41/><T20/><D34/><U22/><E127/><V83/><F5/><W88/><G54/><T65/><D129/><U92/><E64/><V107/><F51/><W4/><G26/><T45/><D42/><U38/><E38/><V47/><F47/><W60/><G60/><T123/><D123/><U75/><E75/><V2/><F2/><W40/><G40/><T130/><D130/><U98/><E49/><V67/><REACH who="2" step="1"/><F59/><REACH who="2" ten="201,412,45,332" step="2"/><W39/><G4/><T17/><D69/><U77/><E77/><V128/><F128/><W116/><G79/><T35/><D48/><U93/><E103/><V120/><F120/><W118/><G122/><T71/><D71/><U14/><E9/><V133/><F133/><W89/><G39/><T86/><D45/><U31/><E22/><V68/><F68/><W10/><G10/><T46/><D23/><U81/><E81/><V32/><F32/><W53/><G101/><T27/><D21/><U19/><E19/><V36/><F36/><W126/><G126/><T72/><D35/><U94/><AGARI ba="0,1" hai="12,13,14,30,31,92,93,94,96,97,98" m="51753" machi="94" ten="40,16000,3" yaku="29,2,28,2,20,1,52,3" doraHai="11" who="1" fromWho="1" sc="201,-40,412,170,45,-80,332,-40" owari="161,-23.9,582,68.2,-35,-53.5,292,9.2" /></mjloggm>