<mjloggm ver="2.3"><GO type="225" lobby="0"/><UN n0="%72%61%6B%33" n1="%E3%82%BC%E3%83%AB%E3%83%80%E3%81%AE%E4%BC%9D%E8%AA%AC" n2="%E7%B4%94%E6%BD%94%E3%83%94%E3%83%A9%E3%83%8B%E3%82%A2" n3="%70%68%65%6E%6F%6D%65" dan="16,17,16,16" rate="2113.92,2160.82,2185.73,2185.86" sx="M,M,M,M"/><TAIKYOKU oya="0"/><INIT seed="0,0,0,1,2,126" ten="250,250,250,250" oya="0" hai0="66,56,128,74,87,57,16,135,45,121,123,55,13" hai1="101,24,107,4,72,23,130,32,5,21,2,44,125" hai2="20,76,58,120,31,94,33,92,114,96,113,14,65" hai3="102,6,75,81,48,22,67,77,29,27,79,131,70"/><T68/><D74/><U53/><E72/><V90/><F120/><W64/><G102/><T133/><D87/><U63/><E125/><V7/><F76/><W127/><G127/><T62/><D128/><U69/><E44/><V47/><F47/><W95/><G79/><T50/><D123/><U110/><E110/><V83/><F83/><W18/><G6/><T3/><D3/><U115/><E115/><V10/><F33/><W26/><G70/><T43/><D121/><U132/><E132/><V11/><F11/><W106/><G106/><T98/><D98/><N who="1" m="61879" /><E53/><V84/><F31/><W105/><G105/><T100/><D100/><U51/><E51/><V61/><F20/><N who="1" m="7753" /><E2/><V91/><AGARI ba="0,0" hai="7,10,14,58,61,65,84,90,91,92,94,96,113,114" machi="91" ten="20,1500,0" yaku="0,1,7,1" doraHai="126" who="2" fromWho="2" sc="250,-7,250,-4,250,15,250,-4" /><INIT seed="1,0,0,5,2,59" ten="243,246,265,246" oya="1" hai0="114,6,93,52,75,22,85,79,118,105,115,77,100" hai1="120,60,76,101,109,48,111,14,123,82,69,99,64" hai2="126,20,113,97,58,5,26,9,73,104,24,38,54" hai3="98,43,71,87,25,128,66,95,13,80,96,46,89"/><U17/><E48/><V110/><F110/><N who="1" m="41993" /><E14/><V36/><F73/><W28/><G128/><T135/><D6/><U32/><E17/><V133/><F126/><W63/><G13/><T94/><D22/><U37/><E37/><V124/><F124/><W3/><G3/><T129/><D129/><U35/><E35/><V11/><F133/><W116/><G116/><T112/><D118/><U62/><E32/><V103/><F113/><W30/><G96/><N who="0" m="61575" /><D135/><U108/><N who="1" m="42001" /><U2/><DORA hai="47" /><E2/><V130/><F130/><W49/><REACH who="3" step="1"/><G25/><REACH who="3" ten="243,246,265,236" step="2"/><T23/><D115/><U40/><E40/><V19/><F26/><W121/><G121/><N who="1" m="46666" /><E69/><V91/><F9/><W44/><G44/><T67/><D114/><U68/><E68/><V21/><F11/><W90/><AGARI ba="0,1" hai="28,30,43,46,49,63,66,71,80,87,89,90,95,98" machi="90" ten="20,16000,3" yaku="1,1,0,1,7,1,52,2,53,3" doraHai="59,47" doraHaiUra="42,84" who="3" fromWho="3" sc="243,-40,246,-80,265,-40,236,170" /><INIT seed="2,0,0,2,5,22" ten="203,166,225,406" oya="2" hai0="119,58,93,79,97,40,126,5,24,57,69,51,128" hai1="17,52,75,31,113,117,50,104,56,86,6,36,4" hai2="12,43,110,25,87,46,30,10,20,106,135,72,124" hai3="15,64,116,101,65,98,11,55,39,2,83,84,114"/><V78/><F106/><W61/><G116/><T77/><D69/><U26/><E113/><V92/><F135/><W27/><G2/><T32/><D119/><U53/><E117/><V89/><F124/><W37/><G27/><T18/><D126/><U71/><E75/><V33/><F110/><W28/><G28/><T35/><D35/><U41/><E71/><V54/><F72/><W130/><G130/><T108/><D5/><U120/><E104/><V42/><F33/><W16/><G55/><T111/><D128/><U29/><E120/><V99/><F54/><W121/><G65/><T34/><D40/><U38/><E38/><V7/><REACH who="2" step="1"/><F46/><REACH who="2" ten="203,166,215,406" step="2"/><W60/><G121/><T96/><D32/><U1/><E53/><V66/><F66/><W95/><G114/><T14/><D34/><U109/><E109/><V80/><AGARI ba="0,1" hai="7,10,12,20,25,30,42,43,78,80,87,89,92,99" machi="80" ten="30,12000,1" yaku="1,1,0,1,8,1,52,1,53,1" doraHai="22" doraHaiUra="76" who="2" fromWho="2" sc="203,-40,166,-40,215,130,406,-40" /><INIT seed="2,1,0,1,1,7" ten="163,126,345,366" oya="2" hai0="61,8,116,14,1,105,108,18,15,62,23,53,57" hai1="127,73,87,118,95,49,107,55,50,5,112,78,0" hai2="91,133,114,130,69,111,124,45,96,31,81,63,34" hai3="94,6,47,54,132,43,40,120,20,70,24,65,41"/><V64/><F114/><W28/><G120/><T29/><D108/><U123/><E118/><V126/><F111/><W74/><G74/><T9/><D116/><U68/><E112/><V3/><F3/><W44/><G132/><T33/><D105/><U113/><E113/><V115/><F115/><W85/><G6/><T83/><D1/><U97/><E68/><V13/><F133/><W2/><G2/><T48/><D33/><U37/><E37/><V72/><F130/><W135/><G135/><T58/><D83/><N who="1" m="45519" /><E55/><V60/><F60/><W92/><G70/><T77/><D77/><U4/><E4/><V16/><F45/><N who="3" m="17483" /><G65/><T119/><D119/><U110/><E127/><N who="2" m="48683" /><F72/><W66/><G66/><T88/><D58/><U117/><E117/><V52/><F52/><W93/><G54/><T129/><D129/><U10/><E123/><V22/><F81/><W11/><G11/><N who="0" m="4171" /><D29/><U25/><E110/><V71/><F71/><W19/><G28/><T99/><D14/><U38/><E25/><V12/><F13/><W109/><G109/><T86/><D86/><AGARI ba="1,0" hai="19,20,24,40,41,43,85,86,92,93,94" m="17483" machi="86" ten="40,1300,0" yaku="8,1" doraHai="7" who="3" fromWho="0" sc="163,-16,126,0,345,0,366,16" /><INIT seed="3,0,0,3,3,50" ten="147,126,345,382" oya="3" hai0="73,36,40,133,11,127,87,94,65,31,97,60,19" hai1="78,21,1,72,113,15,20,95,14,103,25,51,70" hai2="112,61,105,123,38,2,52,135,23,119,102,107,110" hai3="91,8,79,90,18,101,68,126,132,58,62,114,22"/><W30/><G114/><T96/><D73/><U55/><E113/><V32/><RYUUKYOKU type="yao9" ba="0,0" sc="147,0,126,0,345,0,382,0" hai2="2,23,32,38,52,61,102,105,107,110,112,119,123,135" /><INIT seed="3,1,0,3,0,52" ten="147,126,345,382" oya="3" hai0="101,80,7,3,10,61,31,4,103,32,102,8,54" hai1="17,113,110,107,56,58,79,33,75,38,122,124,27" hai2="21,23,86,64,15,46,91,128,125,132,120,112,98" hai3="116,30,104,121,0,89,45,100,26,41,130,126,76"/><W53/><G116/><T81/><D32/><U59/><E113/><V92/><F112/><W94/><G121/><T37/><D31/><U12/><E122/><V99/><F120/><W119/><G119/><T22/><D22/><U2/><E107/><V74/><F74/><W69/><G69/><T84/><D37/><U19/><E38/><V1/><F1/><W57/><G0/><T36/><D36/><U90/><E2/><V42/><F125/><W78/><G100/><T83/><D8/><U35/><E124/><V49/><F128/><W16/><G104/><T62/><D7/><U127/><E127/><V25/><F132/><W129/><G126/><T77/><D54/><U5/><E75/><V73/><F73/><W60/><G16/><N who="1" m="6218" /><E33/><V109/><F109/><W43/><G43/><T97/><D97/><U39/><E39/><V106/><F106/><W118/><G118/><T70/><D70/><U93/><E110/><V6/><F21/><N who="3" m="15695" /><G45/><T13/><D3/><U67/><E35/><V18/><REACH who="2" step="1"/><F64/><REACH who="2" ten="147,126,335,382" step="2"/><W65/><G65/><T117/><D117/><U28/><E79/><V40/><F40/><W133/><G41/><T95/><D77/><N who="3" m="29801" /><G133/><T111/><D111/><U68/><E68/><V115/><F115/><W55/><G129/><T9/><D9/><AGARI ba="1,1" hai="6,9,15,18,23,25,42,46,49,86,91,92,98,99" machi="9" ten="40,2600,0" yaku="1,1,8,1,53,0" doraHai="52" doraHaiUra="63" who="2" fromWho="0" sc="147,-29,126,0,335,39,382,0" owari="118,-38.2,126,-27.4,374,17.4,382,48.2" /></mjloggm>