<mjloggm ver="2.3"><GO type="169" lobby="0"/><UN n0="%E4%BA%BA%E5%8F%82%E5%BD%B9%E8%80%85%E3%81%8F%E3%82%93" n1="%E2%91%A3%E3%82%BB%E3%83%B3%E3%83%81" n2="%E2%84%83%2D%75%74%65" n3="%E3%83%9F%E3%82%B2%E3%83%BC%E3%83%AB%E6%94%B9" dan="17,18,17,16" rate="2161.95,2276.35,2204.64,2192.01" sx="M,M,M,M"/><TAIKYOKU oya="0"/><INIT seed="0,0,0,5,1,10" ten="250,250,250,250" oya="0" hai0="67,99,46,94,19,74,9,58,65,95,69,27,39" hai1="101,81,3,102,111,100,36,43,97,125,33,115,24" hai2="17,130,76,75,63,26,98,118,121,90,14,129,62" hai3="73,105,116,20,113,103,61,42,104,96,80,122,48"/><T45/><D74/><U85/><E3/><V38/><F38/><W6/><G116/><T40/><D69/><U53/><E36/><V133/><F121/><W135/><G113/><T108/><D108/><U64/><E43/><V128/><F133/><W15/><G135/><T2/><D46/><U34/><E64/><V127/><F127/><W49/><G122/><T31/><D58/><U106/><E125/><V91/><F26/><W86/><G105/><T119/><D119/><U93/><E111/><V4/><F4/><W82/><G61/><N who="2" m="23049" /><F98/><W87/><G73/><T88/><D94/><U71/><E71/><V50/><F50/><W107/><G107/><T79/><D79/><U70/><E70/><V117/><F117/><W41/><G42/><T21/><REACH who="0" step="1"/><D2/><REACH who="0" ten="240,250,250,250" step="2"/><U126/><E126/><V56/><F118/><W110/><G104/><T92/><D92/><U11/><E93/><V8/><F56/><W37/><G82/><AGARI ba="0,1" hai="8,14,17,75,76,82,90,91,128,129,130" m="23049" machi="82" ten="40,2600,0" yaku="19,1,52,1" doraHai="10" who="2" fromWho="3" sc="240,0,250,0,250,36,250,-26" /><INIT seed="1,0,0,1,3,47" ten="240,250,286,224" oya="1" hai0="92,83,78,70,106,43,20,1,105,48,51,63,5" hai1="94,87,55,18,56,125,108,53,28,2,128,64,131" hai2="57,10,122,86,39,71,77,0,126,30,38,124,52" hai3="74,99,88,62,60,89,120,50,4,129,103,135,84"/><U37/><E2/><V54/><F71/><W34/><G120/><T23/><D92/><U25/><E37/><V24/><F122/><W17/><G74/><T91/><D91/><U41/><E41/><V42/><F0/><W69/><G34/><T21/><D1/><U32/><E125/><N who="2" m="48235" /><F10/><W119/><G69/><T58/><D5/><U68/><E68/><V31/><F54/><W44/><G4/><T90/><D90/><N who="3" m="34921" /><G119/><T59/><D70/><U72/><E72/><V102/><F102/><W82/><G135/><T46/><D51/><U110/><E87/><V104/><F104/><W111/><G111/><N who="1" m="42538" /><E94/><V13/><F13/><W113/><G113/><T65/><REACH who="0" step="1"/><D59/><REACH who="0" ten="230,250,286,224" step="2"/><U45/><E45/><V19/><F57/><W117/><G44/><T100/><D100/><U98/><E98/><V40/><F39/><W27/><G103/><T73/><AGARI ba="0,1" hai="20,21,23,43,46,48,58,63,65,73,78,83,105,106" machi="73" ten="30,7900,0" yaku="1,1,0,1,52,1,53,1" doraHai="47" doraHaiUra="79" who="0" fromWho="0" sc="230,89,250,-39,286,-20,224,-20" /><BYE who="2" /><UN n2="%E2%84%83%2D%75%74%65" /><INIT seed="2,0,0,0,3,43" ten="319,211,266,204" oya="2" hai0="44,12,82,46,36,89,123,3,11,57,37,30,59" hai1="33,9,29,125,113,96,62,127,53,95,31,86,90" hai2="88,28,13,83,94,38,2,66,22,118,4,25,68" hai3="128,17,93,84,52,6,21,117,78,27,15,107,69"/><V105/><F105/><W126/><G107/><T91/><D3/><U19/><E113/><V56/><F118/><W112/><G117/><T103/><D123/><U97/><E33/><V61/><F38/><W114/><G69/><T85/><D103/><U7/><E19/><V75/><F2/><W72/><G72/><T115/><D115/><N who="3" m="44073" /><G128/><T70/><D70/><U92/><E86/><V111/><F68/><W18/><G6/><T41/><D30/><U55/><E62/><V67/><F111/><W26/><G126/><N who="1" m="48138" /><E31/><V76/><F4/><W24/><G78/><T129/><D129/><U60/><E60/><V16/><F66/><W73/><G73/><T65/><D65/><U106/><E29/><V23/><REACH who="2" step="1"/><F94/><REACH who="2" ten="319,211,256,204" step="2"/><W0/><G0/><T80/><D37/><U110/><E106/><V51/><F51/><W132/><G93/><T98/><D36/><U45/><E110/><V108/><F108/><W34/><G34/><T100/><D80/><U71/><E71/><V10/><F10/><N who="3" m="6391" /><G84/><T120/><D82/><U48/><E7/><V99/><F99/><W87/><G87/><T131/><D98/><U39/><E39/><V49/><F49/><W134/><G52/><T121/><D85/><U20/><E55/><V14/><F14/><AGARI ba="0,1" hai="14,18,21,24,26,27,132,134" m="6391,44073" machi="14" ten="30,3900,0" yaku="11,1,34,2" doraHai="43" who="3" fromWho="2" sc="319,0,211,0,256,-39,204,49" /><INIT seed="3,0,0,0,2,85" ten="319,211,217,253" oya="3" hai0="29,9,4,133,40,112,53,82,78,95,47,127,34" hai1="2,94,32,67,54,43,21,118,25,60,63,70,31" hai2="107,17,74,130,91,30,65,84,120,129,104,8,55" hai3="57,48,66,23,39,12,131,90,33,81,3,59,52"/><W14/><G33/><T93/><D127/><U108/><E2/><V98/><F74/><W113/><G3/><T132/><D112/><U5/><E5/><V97/><F120/><W77/><G39/><N who="0" m="21919" /><D53/><U115/><E115/><V83/><F65/><W51/><G113/><T86/><D29/><U79/><E108/><V134/><F30/><W24/><G77/><T10/><D10/><U46/><E118/><V92/><F55/><N who="3" m="31975" /><G131/><N who="2" m="50185" /><F134/><N who="0" m="51818" /><D34/><U111/><E111/><V73/><F17/><N who="3" m="12399" /><G66/><T38/><D38/><U96/><E79/><N who="2" m="44527" /><F8/><W27/><G27/><T0/><AGARI ba="0,0" hai="0,4,9,78,82,86,93,95" m="51818,21919" machi="0" ten="30,1100,0" yaku="20,1" doraHai="85" who="0" fromWho="0" sc="319,11,211,-3,217,-3,253,-5" /><INIT seed="4,0,0,5,5,97" ten="330,208,214,248" oya="0" hai0="124,56,59,15,133,125,60,36,78,99,63,75,92" hai1="131,42,123,111,45,53,115,76,109,93,10,106,112" hai2="30,119,110,25,51,71,5,21,54,102,55,103,20" hai3="0,35,6,72,118,48,89,79,19,41,23,43,107"/><T58/><D36/><U14/><E106/><V47/><F110/><W18/><G118/><T7/><D133/><U129/><E76/><V50/><F71/><W39/><G35/><T87/><D75/><U9/><E93/><V37/><F37/><W24/><G107/><T34/><D34/><U127/><E9/><V32/><F119/><W101/><G39/><T104/><D104/><U88/><E88/><V77/><F5/><W134/><G89/><T46/><D46/><U16/><E53/><V2/><F2/><W105/><G134/><T128/><D128/><N who="1" m="49227" /><E123/><V113/><F113/><N who="1" m="43593" /><E127/><N who="0" m="48713" /><D87/><U126/><E126/><V28/><F77/><W132/><G132/><T122/><D78/><U70/><E70/><V117/><F117/><W64/><G79/><T57/><N who="0" m="14336" /><DORA hai="11" /><T66/><D122/><U27/><E27/><N who="2" m="16495" /><F32/><W83/><G72/><T33/><D33/><U17/><E17/><V98/><F98/><W81/><G6/><T82/><D7/><U114/><N who="1" m="43601" /><U95/><DORA hai="4" /><E95/><V40/><F50/><AGARI ba="0,0" hai="10,14,16,42,45,50,109,111" m="43601,49227" machi="50" ten="40,12000,2" yaku="19,1,15,1,11,1,52,2,54,1" doraHai="97,11,4" who="1" fromWho="2" sc="330,0,208,120,214,-120,248,0" /><INIT seed="5,0,0,1,1,90" ten="330,328,94,248" oya="1" hai0="117,81,28,25,78,108,8,73,27,5,84,106,40" hai1="51,129,63,38,15,29,88,48,33,58,87,114,30" hai2="3,17,26,98,79,18,132,50,100,61,45,120,103" hai3="6,104,101,96,52,89,115,74,86,67,16,112,9"/><U124/><E38/><V64/><F120/><W54/><G74/><T128/><D108/><U91/><E114/><N who="3" m="43562" /><G67/><T94/><D117/><U127/><E15/><V69/><F132/><W44/><G44/><T19/><D128/><U130/><E91/><V131/><F131/><N who="1" m="50185" /><E51/><V47/><F3/><N who="3" m="223" /><G16/><T35/><D19/><U82/><E48/><V2/><F2/><W85/><G85/><T60/><D73/><U107/><E107/><V7/><F7/><W32/><G32/><T46/><D106/><U23/><E23/><V14/><F79/><W83/><AGARI ba="0,0" hai="52,54,83,86,89,96,101,104" m="223,43562" machi="83" ten="30,2000,0" yaku="15,1,54,1" doraHai="90" who="3" fromWho="3" sc="330,-5,328,-10,94,-5,248,20" /><INIT seed="6,0,0,1,1,24" ten="325,318,89,268" oya="2" hai0="66,64,76,93,98,109,106,15,28,57,115,83,79" hai1="50,31,134,33,38,40,99,0,3,117,105,84,120" hai2="112,63,53,88,114,121,90,129,127,55,87,27,96" hai3="95,102,72,135,16,4,60,34,59,30,123,81,130"/><V65/><F121/><W37/><G123/><T113/><D106/><U78/><E50/><V41/><F41/><W5/><G59/><T61/><D109/><U128/><E84/><V14/><F129/><W43/><G60/><T104/><D104/><U110/><E78/><V82/><F127/><W111/><G111/><T107/><D107/><U69/><E99/><V125/><F125/><W94/><G94/><T73/><D79/><U6/><E31/><V58/><F14/><W101/><G81/><T119/><D119/><U26/><E26/><V47/><F47/><W29/><G72/><T75/><D75/><U54/><E54/><V13/><F13/><W18/><G34/><T21/><D66/><U132/><E6/><V1/><F1/><W116/><G130/><T85/><D73/><U108/><E40/><V19/><F96/><W25/><G116/><T62/><D62/><U23/><E23/><N who="2" m="13823" /><F90/><W7/><G37/><T68/><D68/><U74/><E0/><V36/><F36/><W89/><G43/><T124/><D15/><U52/><E110/><V91/><F91/><W8/><G135/><T51/><D98/><U42/><E42/><V56/><F56/><W80/><G8/><T35/><D57/><U32/><E132/><V12/><F12/><W133/><G80/><T92/><D83/><U22/><E22/><V126/><F126/><W49/><G133/><T86/><D21/><U11/><E11/><V118/><F118/><W77/><G77/><T67/><D76/><U100/><E134/><V39/><F39/><W2/><G4/><T131/><D124/><RYUUKYOKU ba="0,0" sc="325,-10,318,-10,89,30,268,-10" hai2="53,55,58,63,65,82,87,88,112,114" /><INIT seed="6,1,0,5,2,21" ten="315,308,119,258" oya="2" hai0="12,97,93,17,49,114,26,82,118,102,125,6,126" hai1="86,134,63,80,66,84,29,13,28,89,9,39,109" hai2="4,106,124,1,79,10,127,58,53,111,38,36,71" hai3="56,7,51,27,47,123,128,104,116,120,15,19,37"/><V78/><F71/><W54/><G116/><T11/><D114/><U43/><E109/><V133/><F111/><W131/><G104/><T108/><D108/><U129/><E129/><N who="3" m="49738" /><G7/><T130/><D130/><U62/><E134/><V88/><F106/><W31/><G37/><T92/><D118/><U8/><E39/><V61/><F133/><W0/><G0/><T55/><D82/><U107/><E43/><V14/><F1/><W74/><G74/><T94/><D6/><U59/><E107/><V25/><F25/><W73/><G73/><T87/><D26/><U69/><E86/><V112/><F112/><W33/><G47/><N who="0" m="28095" /><D87/><U68/><E8/><AGARI ba="1,0" hai="8,15,19,27,31,33,51,54,56,120,123" m="49738" machi="8" ten="30,2000,0" yaku="19,1,52,1" doraHai="21" who="3" fromWho="1" sc="315,0,308,-23,119,0,258,23" /><INIT seed="7,0,0,1,5,70" ten="315,285,119,281" oya="3" hai0="13,75,105,47,2,59,81,129,15,73,119,133,97" hai1="61,43,99,64,135,56,53,60,92,88,114,83,35" hai2="31,72,96,42,65,55,52,79,17,87,11,5,29" hai3="84,26,24,80,33,112,49,98,69,25,131,108,76"/><W22/><G33/><T51/><D119/><U44/><E114/><V45/><F65/><W6/><G69/><T127/><D2/><U86/><E135/><V39/><F87/><W66/><G112/><T4/><D129/><U85/><E35/><V115/><F115/><W91/><G131/><T27/><D127/><U116/><E116/><V124/><F124/><W106/><G108/><T28/><D59/><U10/><E10/><V128/><F128/><W122/><G122/><T71/><D71/><U90/><E61/><V23/><F96/><W38/><G38/><T103/><D133/><U14/><E14/><V54/><F17/><W9/><G66/><T37/><D37/><U82/><E64/><V95/><F95/><N who="3" m="56703" /><G106/><T132/><D132/><U34/><E34/><V123/><F23/><W67/><G67/><T110/><D110/><U3/><E3/><V101/><F101/><W120/><G120/><T12/><D4/><U48/><E86/><V1/><REACH who="2" step="1"/><F123/><REACH who="2" ten="315,285,109,281" step="2"/><W93/><G6/><T130/><D130/><U100/><E90/><V94/><F94/><AGARI ba="0,1" hai="43,44,48,53,56,60,82,83,85,88,92,94,99,100" machi="94" ten="30,3900,0" yaku="7,1,8,1,54,1" doraHai="70" who="1" fromWho="2" sc="315,0,285,49,109,-39,281,0" owari="315,11.5,334,43.4,70,-43.0,281,-11.9" /></mjloggm>