<mjloggm ver="2.3"><GO type="169" lobby="0"/><UN n0="%E3%80%90%E3%81%95%E3%81%A8%E3%81%BC%E3%83%BC%E3%80%91" n1="%53%68%69%72%6C%65%79" n2="%E6%9C%8B%E4%B9%9F%40" n3="%E6%B2%B3%E7%AB%A5%E3%81%AE%E3%83%AF%E3%82%AB%E3%83%9E%E3%83%84" dan="16,16,16,17" rate="2096.57,2097.63,2171.43,2177.37" sx="M,M,M,M"/><TAIKYOKU oya="0"/><INIT seed="0,0,0,5,0,67" ten="250,250,250,250" oya="0" hai0="124,57,119,134,66,73,32,70,41,128,4,125,23" hai1="53,74,24,72,133,55,112,93,90,81,31,89,80" hai2="5,135,84,94,132,99,7,50,75,64,45,49,63" hai3="51,77,22,59,87,83,43,27,107,100,39,82,104"/><T62/><D119/><U102/><E133/><N who="2" m="51275" /><F75/><W123/><G123/><T54/><D134/><U47/><E112/><V108/><F108/><W98/><G39/><T9/><D32/><U2/><E2/><V34/><F34/><W12/><G12/><T46/><D73/><U85/><E102/><N who="2" m="60791" /><F84/><W116/><G116/><T78/><D78/><U101/><E101/><V13/><F13/><W16/><G83/><T11/><D23/><U92/><E24/><V127/><F127/><N who="0" m="48714" /><D4/><N who="2" m="1610" /><F45/><W114/><G114/><T14/><D14/><U130/><E47/><V131/><F131/><W103/><G103/><T110/><D110/><U60/><E85/><V121/><F121/><W37/><G98/><T17/><D17/><U120/><E120/><V3/><F3/><W0/><G0/><T36/><D128/><U111/><E111/><V42/><F42/><W21/><G100/><T113/><D113/><U25/><E130/><V129/><F129/><W117/><G43/><T29/><D29/><U18/><E31/><V69/><AGARI ba="0,0" hai="49,50,63,64,69" m="1610,60791,51275" machi="69" ten="30,2000,0" yaku="20,1,52,1" doraHai="67" who="2" fromWho="2" sc="250,-10,250,-5,250,20,250,-5" /><INIT seed="1,0,0,2,4,71" ten="240,245,270,245" oya="1" hai0="91,58,75,96,10,130,73,68,105,108,45,29,119" hai1="93,89,124,118,62,121,0,112,12,70,87,85,90" hai2="133,80,34,7,95,27,54,36,79,103,134,59,123" hai3="94,30,100,24,57,25,113,33,56,125,26,74,3"/><U126/><E112/><V39/><F123/><W111/><G113/><T107/><D119/><U15/><E121/><V83/><F7/><W22/><G74/><T51/><D68/><U23/><E0/><V109/><F109/><W44/><G3/><T99/><D108/><U81/><E118/><V2/><F2/><W104/><G111/><T14/><D130/><U77/><E77/><V63/><F103/><W41/><G104/><T16/><D29/><U55/><E23/><V40/><F40/><W42/><G125/><N who="1" m="48234" /><E55/><V48/><F95/><W17/><G25/><T128/><D128/><U8/><E8/><V1/><F1/><W120/><G120/><T129/><D58/><U4/><E4/><V61/><F27/><W127/><G127/><T92/><D129/><U66/><AGARI ba="0,0" hai="12,15,62,66,70,81,85,87,89,90,93" m="48234" machi="66" ten="30,1500,0" yaku="18,1" doraHai="71" who="1" fromWho="1" sc="240,-5,245,15,270,-5,245,-5" /><INIT seed="1,1,0,1,0,89" ten="235,260,265,240" oya="1" hai0="35,110,57,55,64,18,113,107,5,98,48,32,134" hai1="63,29,83,9,72,27,46,62,119,79,100,22,132" hai2="128,82,45,111,50,127,120,135,108,39,74,17,75" hai3="90,77,21,116,6,104,4,122,97,15,11,112,106"/><U1/><E119/><V96/><F120/><W13/><G112/><T105/><D113/><U7/><E132/><V3/><F135/><W86/><G122/><T87/><D134/><U80/><E80/><V34/><F39/><W101/><G116/><T78/><D110/><N who="2" m="42026" /><F3/><W117/><G117/><T109/><D109/><U40/><REACH who="1" step="1"/><E100/><REACH who="1" ten="235,250,265,240" step="2"/><V53/><F82/><W23/><G77/><T121/><D78/><U88/><E88/><V91/><F91/><W10/><REACH who="3" step="1"/><G106/><REACH who="3" ten="235,250,265,230" step="2"/><T102/><D107/><U84/><E84/><V130/><F75/><W73/><G73/><T37/><D87/><U118/><E118/><V59/><F74/><W44/><G44/><T103/><D105/><U115/><E115/><V52/><F45/><W2/><G2/><T30/><D121/><U38/><AGARI ba="1,2" hai="1,7,9,22,27,29,38,40,46,62,63,72,79,83" machi="38" ten="20,12000,1" yaku="1,1,0,1,7,1,25,2,53,0" doraHai="89" doraHaiUra="129" who="1" fromWho="1" sc="235,-41,250,143,265,-41,230,-41" /><INIT seed="1,2,0,1,0,58" ten="194,393,224,189" oya="1" hai0="27,66,85,90,36,42,107,68,45,63,5,112,89" hai1="14,57,95,110,75,113,82,124,9,129,79,118,115" hai2="96,120,39,51,123,105,109,38,104,99,31,55,25" hai3="125,61,122,18,7,134,34,52,10,22,100,93,88"/><U33/><E118/><V78/><F78/><W60/><G122/><T133/><D112/><U41/><E129/><V6/><F6/><W131/><G34/><T98/><D133/><U43/><E33/><V72/><F72/><W47/><G100/><T94/><D5/><U106/><E106/><V3/><F3/><W17/><G131/><T97/><D107/><U20/><E20/><V102/><F109/><W56/><G134/><T108/><D108/><U127/><E110/><V81/><F81/><W24/><G47/><T54/><D27/><U70/><E70/><V49/><F25/><W29/><G61/><T91/><D91/><U80/><E80/><V65/><F65/><W11/><G125/><N who="1" m="48202" /><E95/><V26/><F26/><W46/><G46/><T50/><REACH who="0" step="1"/><D90/><REACH who="0" ten="184,393,224,189" step="2"/><U130/><E130/><V71/><F102/><W4/><G7/><T69/><D69/><U64/><E115/><V67/><F71/><W103/><G103/><T86/><D86/><U53/><E113/><V35/><F120/><W15/><G10/><T84/><D84/><AGARI ba="2,1" hai="4,11,15,17,18,22,24,29,52,56,60,84,88,93" machi="84" ten="30,8000,1" yaku="7,1,8,1,52,1,54,2" doraHai="58" who="3" fromWho="0" sc="184,-86,393,0,224,0,189,96" /><INIT seed="2,0,0,1,1,15" ten="98,393,224,285" oya="2" hai0="81,96,111,67,122,31,78,93,36,44,82,133,28" hai1="45,22,112,40,87,18,74,25,27,100,54,116,95" hai2="70,127,6,59,135,16,103,109,85,73,1,119,84" hai3="35,19,68,62,126,9,98,108,105,69,80,49,124"/><V11/><F119/><W60/><G35/><T4/><D122/><U63/><E112/><V51/><F70/><N who="3" m="27243" /><G80/><T47/><D111/><U41/><E74/><V129/><F73/><W79/><G79/><T21/><D133/><U106/><E106/><V110/><F135/><W38/><G38/><T114/><D114/><U61/><E54/><N who="2" m="32223" /><F129/><W117/><G117/><T94/><D67/><U72/><E72/><V86/><F103/><N who="3" m="62711" /><G49/><T89/><D4/><U33/><E33/><V58/><F58/><W20/><G9/><T42/><D47/><U115/><E115/><V134/><F134/><W101/><G101/><T120/><D120/><U2/><E116/><V99/><F99/><W97/><G97/><T34/><D34/><U46/><E46/><V24/><F127/><N who="3" m="48683" /><G108/><N who="2" m="41577" /><F86/><W113/><G113/><T37/><D96/><U57/><E87/><V125/><F125/><W102/><G102/><T121/><D121/><U130/><E100/><V17/><F17/><W13/><AGARI ba="0,0" hai="13,19,20,60,62" m="48683,62711,27243" machi="13" ten="30,2000,0" yaku="18,1,52,1" doraHai="15" who="3" fromWho="3" sc="98,-5,393,-5,224,-10,285,20" /><INIT seed="3,0,0,5,0,108" ten="93,388,214,305" oya="3" hai0="37,120,100,38,63,30,41,25,98,112,50,55,2" hai1="13,71,127,97,75,18,56,73,64,104,96,10,32" hai2="60,110,128,1,31,48,49,116,62,69,24,79,77" hai3="52,21,134,76,34,125,44,6,17,81,61,122,115"/><W133/><G122/><T22/><D120/><U43/><E127/><V82/><F116/><W84/><G34/><T89/><D2/><U67/><E43/><V87/><F1/><W8/><G125/><T19/><D41/><U40/><E40/><V42/><F110/><W70/><G70/><T35/><D89/><U9/><E56/><V59/><F128/><W93/><G93/><T7/><D7/><U68/><E13/><V15/><F69/><W111/><G111/><T95/><D63/><U105/><E18/><V117/><F117/><W23/><G115/><T51/><D51/><U5/><E5/><V39/><F39/><W33/><G33/><AGARI ba="0,0" hai="9,10,32,33,64,67,68,71,73,75,96,97,104,105" machi="33" ten="25,1600,0" yaku="22,2" doraHai="108" who="1" fromWho="3" sc="93,0,388,16,214,0,305,-16" /><INIT seed="4,0,0,2,3,54" ten="93,404,214,289" oya="0" hai0="18,22,19,117,109,71,72,51,123,86,69,135,23" hai1="134,14,7,93,131,76,42,94,35,97,114,103,48" hai2="84,2,64,12,52,106,88,62,47,108,53,27,58" hai3="68,17,127,92,133,101,104,79,85,128,5,9,89"/><T26/><D72/><U61/><E35/><V119/><F2/><W67/><G128/><T3/><D123/><U31/><E131/><V121/><F108/><W98/><G133/><T4/><D117/><U118/><E118/><V87/><F121/><W65/><G127/><T43/><D135/><U36/><E36/><V59/><F106/><W105/><G105/><T100/><D109/><U34/><E76/><V56/><F119/><W90/><G68/><T126/><D126/><U45/><E114/><V70/><F27/><W63/><G79/><T99/><D86/><U24/><E134/><V16/><F47/><W81/><G17/><T115/><D115/><U110/><E110/><V50/><F87/><W75/><G63/><T40/><D4/><U0/><E0/><V132/><F132/><W32/><G32/><T25/><D3/><U30/><E30/><V41/><F41/><W73/><G75/><T102/><REACH who="0" step="1"/><D51/><REACH who="0" ten="83,404,214,289" step="2"/><U111/><E48/><V13/><F13/><W38/><G73/><T46/><D46/><U113/><E14/><V10/><REACH who="2" step="1"/><F50/><REACH who="2" ten="83,404,204,289" step="2"/><W66/><G38/><T82/><D82/><AGARI ba="0,2" hai="10,12,16,52,53,56,58,59,62,64,70,82,84,88" machi="82" ten="40,16000,3" yaku="1,1,2,1,52,3,54,3,53,0" doraHai="54" doraHaiUra="129" who="2" fromWho="0" sc="83,-160,404,0,204,180,289,0" owari="-77,-57.7,404,50.4,384,18.4,289,-11.1" /></mjloggm>