<mjloggm ver="2.3"><GO type="169" lobby="0"/><UN n0="%E6%9C%AC%E5%AE%B6%E3%81%8B%E3%81%BE%E3%81%A9%E3%82%84" n1="%48%61%6C%66%73" n2="%E3%81%B1%E3%82%93%E3%81%AA%E3%81%93%E3%81%BE%E3%81%A3%E3%81%9F" n3="%6B%61%74%65%72%69%6E%61" dan="16,17,17,16" rate="2128.34,2149.39,2217.50,2117.85" sx="M,M,M,M"/><TAIKYOKU oya="0"/><INIT seed="0,0,0,1,3,41" ten="250,250,250,250" oya="0" hai0="44,131,23,132,91,110,124,26,109,9,15,78,63" hai1="96,84,104,105,92,86,21,3,45,6,11,7,16" hai2="52,19,43,71,125,112,79,14,100,121,134,111,113" hai3="13,126,37,47,74,5,73,80,50,76,57,102,48"/><T83/><D131/><U56/><E56/><V29/><F121/><W94/><G126/><T0/><D124/><U39/><E6/><V107/><F125/><W82/><G37/><T68/><D132/><U38/><E104/><V62/><F134/><W32/><G32/><T8/><D0/><U98/><E38/><V128/><F128/><W60/><G50/><T22/><D91/><U130/><E130/><V2/><F2/><W123/><G123/><T27/><D68/><U127/><E127/><V46/><F111/><N who="0" m="42506" /><D63/><U58/><E58/><V77/><F71/><W36/><G36/><T10/><D44/><U40/><E105/><V114/><F107/><W108/><G108/><T4/><D83/><U135/><E96/><V66/><F66/><W117/><G117/><T65/><D65/><U93/><E135/><V53/><F62/><W70/><G70/><T115/><D78/><U81/><E98/><V64/><F64/><W30/><G57/><T116/><D115/><U118/><E118/><V101/><F79/><W20/><G60/><T90/><D90/><U67/><E67/><V106/><F77/><W34/><G80/><T33/><D33/><U88/><E84/><V69/><F69/><W31/><G34/><T119/><D119/><U51/><E39/><V97/><F101/><W1/><G82/><T55/><D55/><U35/><E35/><V17/><F114/><W75/><G76/><T18/><D116/><U89/><E89/><V49/><F113/><W133/><G133/><T99/><D99/><U54/><E54/><V85/><F112/><W122/><G1/><RYUUKYOKU ba="0,0" sc="250,15,250,15,250,-15,250,-15" hai0="4,8,9,10,15,18,22,23,26,27" hai1="3,7,11,16,21,40,45,51,81,86,88,92,93" /><INIT seed="0,1,0,4,0,59" ten="265,265,235,235" oya="0" hai0="20,31,60,9,56,119,79,36,126,121,2,11,46" hai1="96,41,26,18,75,122,92,57,8,12,132,54,105" hai2="44,15,113,14,43,117,107,110,129,47,97,51,37" hai3="35,94,108,74,85,106,3,32,91,0,13,61,131"/><T53/><D119/><U30/><E132/><V5/><F113/><W64/><G106/><T69/><D121/><U102/><E75/><V10/><F117/><W101/><G74/><T88/><D126/><U84/><E41/><V50/><F110/><W1/><G108/><T17/><D79/><U90/><E122/><V22/><F129/><W40/><G101/><T62/><D2/><U63/><E30/><V98/><F107/><W48/><G131/><T111/><D31/><U134/><E134/><V118/><F118/><W39/><G39/><T104/><D104/><U42/><E42/><V28/><F37/><W130/><G130/><T86/><D111/><U120/><E120/><V87/><F87/><W114/><G114/><T4/><D4/><U38/><E38/><V19/><REACH who="2" step="1"/><F28/><REACH who="2" ten="265,265,225,235" step="2"/><W52/><G40/><AGARI ba="1,1" hai="5,10,14,15,19,22,40,43,44,47,50,51,97,98" machi="40" ten="30,8000,1" yaku="1,1,2,1,7,1,9,1,8,1,53,0" doraHai="59" doraHaiUra="33" who="2" fromWho="3" sc="265,0,265,0,225,93,235,-83" /><INIT seed="1,0,0,1,4,56" ten="265,265,318,152" oya="1" hai0="116,69,62,99,107,12,13,29,104,112,133,100,20" hai1="43,19,28,33,34,87,59,121,42,37,67,95,114" hai2="135,83,113,51,97,77,55,8,130,91,23,54,122" hai3="30,49,123,26,106,81,5,109,21,61,105,76,127"/><U64/><E114/><V68/><F122/><W94/><G123/><T46/><D112/><U131/><E121/><V96/><F113/><W10/><G109/><T11/><D116/><U63/><E131/><V57/><F68/><W88/><G127/><T50/><D133/><U58/><E19/><V73/><F135/><W126/><G49/><T47/><D107/><U117/><E117/><V74/><F130/><W119/><G126/><T35/><D20/><U60/><E28/><V48/><F74/><W86/><G61/><T44/><D50/><U3/><E3/><V120/><F120/><W66/><G66/><N who="0" m="41175" /><D11/><U2/><E2/><V82/><F8/><W118/><G118/><T4/><D4/><U40/><E37/><V18/><F83/><W16/><G30/><T124/><D124/><U125/><E125/><V102/><F91/><AGARI ba="0,0" hai="33,34,40,42,43,58,59,60,63,64,67,87,91,95" machi="91" ten="40,7700,0" yaku="9,1,52,2" doraHai="56" who="1" fromWho="2" sc="265,0,265,77,318,-77,152,0" /><INIT seed="1,1,0,5,1,87" ten="265,342,241,152" oya="1" hai0="123,23,85,52,94,21,106,92,66,107,74,104,73" hai1="103,48,80,125,99,121,70,120,135,8,50,51,45" hai2="44,40,11,41,118,35,59,130,3,47,67,69,24" hai3="2,129,71,100,93,105,28,98,115,84,14,5,20"/><U25/><E70/><V116/><F69/><W12/><G115/><T0/><D0/><U88/><E125/><V29/><F130/><W102/><G129/><T1/><D1/><U133/><E25/><V64/><F3/><W90/><G71/><T112/><D112/><U122/><E8/><V83/><F11/><W111/><G111/><T131/><D123/><U124/><E124/><V17/><F17/><W97/><G2/><T63/><D66/><U27/><E27/><V86/><F59/><W16/><G28/><T36/><D36/><U32/><E32/><V128/><F128/><W68/><G68/><T6/><D6/><U110/><E110/><V77/><F118/><W108/><G108/><T96/><D85/><N who="1" m="50215" /><E99/><V22/><F35/><W119/><G119/><T55/><D131/><U126/><E103/><V127/><F127/><W49/><G49/><N who="1" m="18442" /><E126/><V79/><F116/><W19/><G5/><T31/><D107/><U78/><E78/><V72/><F77/><W34/><G34/><T38/><D38/><U95/><E95/><V114/><F72/><W109/><G109/><T46/><D96/><N who="3" m="36969" /><G105/><T7/><D7/><U81/><E81/><V26/><F114/><W101/><G102/><T54/><D104/><U61/><E61/><V13/><F26/><W30/><G30/><T56/><D106/><U91/><E91/><V75/><F75/><W62/><G62/><T60/><D74/><U43/><E121/><V42/><F13/><W10/><AGARI ba="1,0" hai="10,12,14,16,19,20,84,90,93,100,101" m="36969" machi="10" ten="30,4000,0" yaku="8,1,52,1,54,1" doraHai="87" who="3" fromWho="3" sc="265,-11,342,-21,241,-11,152,43" /><INIT seed="2,0,0,5,0,39" ten="254,321,230,195" oya="2" hai0="43,71,90,76,5,26,58,6,110,86,46,126,99" hai1="47,59,10,22,19,116,28,23,124,105,73,98,128" hai2="62,121,92,63,85,8,56,13,134,25,100,130,120" hai3="14,82,102,33,108,72,48,96,129,51,103,64,32"/><V20/><F130/><W18/><G108/><T89/><D110/><U117/><E73/><V31/><F134/><W131/><G64/><T135/><D71/><U29/><E59/><V1/><F1/><W111/><G111/><T101/><D126/><U11/><E98/><V122/><F56/><W60/><G60/><T106/><D76/><U97/><E97/><V2/><F2/><W88/><G51/><T104/><D104/><U44/><E105/><V112/><F112/><W40/><G33/><T15/><D26/><U21/><E19/><V38/><F38/><W93/><G32/><T0/><D0/><U37/><E37/><V74/><F74/><W68/><G68/><T35/><D35/><U115/><E128/><N who="3" m="49226" /><G82/><T87/><D58/><U45/><E124/><V57/><F57/><W67/><G67/><T118/><D135/><U52/><E52/><V133/><F133/><W75/><G75/><T80/><D15/><U95/><E115/><V50/><F50/><W69/><G72/><T4/><D118/><U36/><E36/><V7/><REACH who="2" step="1"/><F100/><REACH who="2" ten="254,321,220,195" step="2"/><W77/><G69/><T123/><D101/><U24/><E116/><V113/><F113/><W114/><G114/><T81/><D46/><U127/><E117/><V65/><F65/><W12/><G103/><T132/><D132/><U107/><E45/><V94/><F94/><W125/><G102/><T41/><D123/><U30/><E95/><V34/><F34/><W49/><G93/><N who="0" m="56751" /><D106/><U9/><E107/><V27/><F27/><W83/><G125/><T53/><D81/><U66/><E127/><V42/><F42/><RYUUKYOKU ba="0,1" sc="254,-10,321,-10,220,30,195,-10" hai2="7,8,13,20,25,31,62,63,85,92,120,121,122" /><INIT seed="2,1,1,4,3,21" ten="244,311,250,185" oya="2" hai0="13,113,66,74,8,72,81,100,94,7,50,115,34" hai1="73,117,19,22,116,47,31,37,46,56,107,41,29" hai2="126,26,109,83,110,20,118,95,92,99,42,53,135" hai3="68,78,121,18,119,82,131,96,122,4,11,123,133"/><V129/><F118/><W62/><G119/><T12/><D34/><U60/><E107/><V36/><F126/><W77/><G131/><T33/><D33/><U9/><E73/><V91/><F129/><W28/><G133/><T39/><D39/><U98/><E98/><V67/><F135/><W105/><G28/><T97/><D66/><U132/><E46/><V103/><F67/><W134/><G134/><T16/><D50/><U1/><E132/><V104/><F83/><W124/><G124/><T49/><D49/><U85/><E85/><V127/><F127/><W114/><G114/><T38/><D38/><U30/><E9/><V59/><F42/><W101/><G18/><T27/><D27/><U79/><E79/><V43/><F43/><W51/><G51/><T58/><D58/><U23/><E23/><V111/><F36/><W102/><G102/><T6/><D6/><U128/><E1/><V24/><F20/><W84/><G62/><T93/><D94/><N who="2" m="35882" /><F91/><W44/><G68/><T45/><D74/><U3/><E3/><V0/><F0/><W40/><G78/><T112/><D72/><U54/><E128/><V87/><F87/><W70/><G70/><T55/><D81/><U32/><E32/><V89/><F89/><W80/><G80/><T90/><D90/><U48/><E37/><V15/><F15/><N who="3" m="5607" /><G40/><T64/><D115/><U25/><AGARI ba="1,1" hai="19,22,25,29,30,31,41,47,48,54,56,60,116,117" machi="25" ten="30,2000,0" yaku="0,1,52,1" doraHai="21" who="1" fromWho="1" sc="244,-6,311,33,250,-11,185,-6" /><INIT seed="3,0,0,3,0,50" ten="238,344,239,179" oya="3" hai0="18,126,46,114,26,54,92,123,25,72,60,43,19" hai1="75,89,111,78,71,8,132,28,124,52,74,65,77" hai2="30,55,5,36,116,91,15,62,10,35,96,90,135" hai3="69,82,67,33,23,119,106,131,101,100,29,107,56"/><W125/><G119/><T6/><D123/><U127/><E111/><V129/><F116/><W47/><G33/><T105/><D105/><U42/><E42/><V45/><F129/><W81/><G69/><T34/><D72/><U84/><E65/><V59/><F135/><W128/><G47/><T112/><D126/><U88/><E28/><V9/><F96/><W117/><G117/><T122/><D6/><U40/><E40/><V7/><F30/><W57/><G29/><T85/><D122/><U58/><E8/><V134/><F35/><W130/><G23/><T80/><D92/><N who="1" m="54279" /><E89/><V109/><F134/><W95/><G95/><T32/><D43/><U16/><E16/><N who="0" m="6185" /><D34/><U17/><E17/><V73/><F73/><W12/><G67/><T76/><D32/><U110/><E110/><V64/><F109/><W120/><G120/><T79/><D79/><N who="1" m="30219" /><E71/><V102/><F102/><W68/><G68/><T94/><D94/><U113/><E132/><V22/><F22/><W3/><G130/><T20/><D20/><U103/><E103/><V37/><F37/><W63/><G3/><T27/><D114/><U11/><E11/><V4/><F36/><W133/><G133/><T108/><D112/><U104/><E104/><V70/><F7/><W14/><REACH who="3" step="1"/><G125/><REACH who="3" ten="238,344,239,169" step="2"/><N who="1" m="48202" /><E113/><V21/><F21/><W118/><G118/><T48/><D108/><U99/><E99/><V121/><F121/><W86/><G86/><T39/><D39/><U24/><E24/><V38/><F38/><W97/><G97/><T31/><D31/><U44/><E44/><V66/><F70/><W51/><G51/><AGARI ba="0,1" hai="51,52,58,74,75" m="48202,30219,54279" machi="51" ten="30,8000,1" yaku="6,1,18,1,52,1,54,2" doraHai="50" who="1" fromWho="3" sc="238,0,344,90,239,0,169,-80" /><INIT seed="4,0,0,2,3,33" ten="238,434,239,89" oya="0" hai0="44,100,8,26,84,98,106,65,124,86,15,11,101" hai1="109,90,9,76,60,53,83,105,93,112,69,89,79" hai2="25,20,30,63,45,36,82,23,17,113,64,99,73" hai3="13,91,62,80,29,55,12,70,14,24,50,125,32"/><T120/><D120/><U71/><E109/><V78/><F113/><W3/><G125/><T75/><D75/><U77/><E105/><V96/><F45/><W54/><G3/><T104/><D124/><U35/><E35/><V7/><F7/><W129/><G129/><T21/><D65/><U18/><E69/><V128/><F36/><W58/><G70/><T119/><D119/><U102/><E71/><V57/><REACH who="2" step="1"/><F128/><REACH who="2" ten="238,434,229,89" step="2"/><W43/><G43/><T123/><D44/><U39/><E39/><V0/><F0/><W116/><G116/><T134/><D123/><U1/><E1/><V118/><F118/><W22/><G32/><T117/><D117/><U132/><E112/><V40/><F40/><W48/><REACH who="3" step="1"/><G55/><REACH who="3" ten="238,434,229,79" step="2"/><T135/><D134/><U38/><E53/><V114/><F114/><W92/><G92/><T72/><D135/><U126/><E93/><V87/><F87/><AGARI ba="0,2" hai="12,13,14,22,24,29,48,50,54,58,62,80,87,91" machi="87" ten="40,2600,0" yaku="1,1,8,1,53,0" doraHai="33" doraHaiUra="2" who="3" fromWho="2" sc="238,0,434,0,229,-26,79,46" /><INIT seed="5,0,0,0,2,79" ten="238,434,203,125" oya="1" hai0="33,106,99,58,5,64,70,27,53,81,63,41,35" hai1="74,117,21,12,24,42,110,95,47,119,94,90,75" hai2="113,4,37,116,125,55,120,122,72,51,25,130,18" hai3="31,0,52,93,115,20,39,71,65,22,66,59,45"/><U131/><E131/><V2/><F37/><W17/><G0/><T128/><D128/><U19/><E110/><V44/><F130/><W123/><G123/><T96/><D5/><U40/><E40/><V62/><F116/><W133/><G115/><T60/><D41/><U102/><E117/><V91/><F72/><W8/><G133/><T98/><D106/><U38/><E119/><V68/><F113/><W1/><G71/><T82/><REACH who="0" step="1"/><D27/><REACH who="0" ten="228,434,203,125" step="2"/><U108/><E24/><V73/><F4/><W32/><G1/><T61/><D61/><U9/><E42/><V6/><F6/><W77/><G39/><T80/><AGARI ba="0,1" hai="33,35,53,58,60,63,64,70,80,81,82,96,98,99" machi="80" ten="30,8000,1" yaku="1,1,0,1,52,3,53,0" doraHai="79" doraHaiUra="43" who="0" fromWho="0" sc="228,90,434,-40,203,-20,125,-20" /><INIT seed="6,0,0,4,2,61" ten="318,394,183,105" oya="2" hai0="117,56,91,111,53,72,48,132,107,9,8,106,46" hai1="116,1,97,32,77,3,16,5,127,68,15,95,83" hai2="36,17,130,87,79,115,59,62,41,28,10,64,82" hai3="14,58,96,31,34,22,135,24,12,90,57,103,49"/><V39/><F115/><W126/><G135/><T76/><D111/><U112/><E116/><V125/><F125/><W4/><G126/><T89/><D132/><U19/><E32/><V93/><F130/><W100/><G34/><T92/><D91/><U42/><E112/><V33/><F41/><W38/><G38/><T21/><D107/><U110/><E68/><V25/><F93/><W60/><G49/><T102/><D102/><U70/><E70/><V104/><F104/><W85/><G58/><T54/><D106/><U84/><E5/><V109/><F109/><W119/><G119/><T50/><D117/><U94/><E19/><V35/><F35/><W37/><G37/><T63/><D76/><U123/><E110/><V7/><REACH who="2" step="1"/><F17/><REACH who="2" ten="318,394,173,105" step="2"/><W13/><G4/><T86/><D72/><U20/><E42/><V52/><F52/><N who="3" m="33831" /><G96/><T99/><D99/><U0/><E127/><V108/><F108/><W114/><G114/><T133/><D133/><U11/><E97/><V124/><F124/><W55/><G55/><T30/><D54/><U66/><E16/><V128/><F128/><W78/><G78/><T131/><D131/><U6/><E77/><V98/><F98/><W18/><G18/><T65/><D50/><U118/><E6/><V75/><F75/><W81/><AGARI ba="0,1" hai="12,13,14,22,24,31,81,85,90,100,103" m="33831" machi="81" ten="30,2000,0" yaku="8,1,54,1" doraHai="61" who="3" fromWho="3" sc="318,-5,394,-5,173,-10,105,30" /><INIT seed="7,0,0,2,2,19" ten="313,389,163,135" oya="3" hai0="77,61,65,126,9,80,37,96,89,14,62,45,32" hai1="112,129,17,117,93,68,2,98,47,28,109,59,22" hai2="132,78,82,34,50,35,95,123,131,105,46,83,69" hai3="3,48,79,16,122,52,15,120,76,33,27,124,66"/><W99/><G3/><T26/><D126/><U21/><E109/><V72/><F105/><W103/><G124/><T10/><D37/><U75/><E68/><V107/><F107/><W86/><G66/><T4/><D45/><U49/><E75/><V44/><F69/><W56/><G33/><T108/><D108/><U110/><E112/><V100/><F131/><W71/><G71/><T23/><D32/><U64/><E117/><V81/><F132/><W43/><G27/><T7/><D89/><U133/><E129/><V101/><F123/><W67/><G67/><T118/><D96/><U84/><E84/><V73/><F83/><W40/><G120/><T12/><D65/><U41/><E2/><V135/><F95/><N who="3" m="58879" /><G122/><T127/><D127/><U74/><E74/><V24/><F24/><W20/><G86/><T38/><D38/><U13/><E133/><V1/><F135/><W18/><G18/><T11/><D118/><U115/><E115/><V8/><F1/><W114/><G114/><T60/><D80/><U30/><E110/><V58/><F35/><W63/><G63/><T31/><D77/><AGARI ba="0,0" hai="15,16,20,40,43,48,52,56,76,77,79" m="58879" machi="77" ten="30,11600,0" yaku="8,1,52,1,54,2" doraHai="19" who="3" fromWho="0" sc="313,-116,389,0,163,0,135,116" /><INIT seed="7,1,0,2,1,111" ten="197,389,163,251" oya="3" hai0="23,19,0,59,102,45,120,88,72,112,90,7,47" hai1="82,42,34,81,61,38,119,52,123,1,97,39,51" hai2="17,57,63,117,71,98,66,37,2,65,29,104,3" hai3="86,85,22,75,18,46,5,103,87,50,54,99,79"/><W122/><G122/><T125/><D125/><U115/><E34/><V101/><F37/><W91/><G5/><T32/><D72/><U130/><E115/><V31/><F117/><W127/><G127/><T73/><D73/><U8/><E130/><V113/><F113/><W56/><G75/><T21/><D32/><U43/><E61/><V69/><F17/><W134/><G79/><T89/><D112/><U109/><E109/><V9/><F9/><W106/><G134/><T48/><D102/><U60/><E60/><V78/><F78/><W68/><G68/><T107/><D107/><U116/><E97/><V92/><F66/><W70/><G70/><T24/><D120/><U15/><E1/><V26/><F31/><W55/><G55/><N who="0" m="32231" /><D7/><N who="1" m="3487" /><E81/><V64/><F64/><W27/><REACH who="3" step="1"/><G56/><REACH who="3" ten="197,389,163,241" step="2"/><T74/><D74/><U44/><E123/><V58/><F71/><W36/><G36/><T49/><D0/><U121/><E121/><V16/><F69/><W83/><AGARI ba="1,1" hai="18,22,27,46,50,54,83,85,86,87,91,99,103,106" machi="83" ten="20,3900,0" yaku="1,1,0,1,7,1,53,0" doraHai="111" doraHaiUra="114" who="3" fromWho="3" sc="197,-14,389,-14,163,-14,241,52" /><INIT seed="7,2,0,2,4,30" ten="183,375,149,293" oya="3" hai0="85,12,123,14,9,62,115,40,57,92,66,116,99" hai1="82,41,122,121,128,106,50,71,42,87,119,18,33" hai2="8,110,44,36,15,93,26,61,89,91,31,95,104" hai3="76,7,72,20,134,129,59,117,48,23,22,100,29"/><W105/><G117/><T103/><D123/><U78/><E33/><V37/><F104/><W118/><G118/><T130/><D130/><U56/><E71/><V17/><F110/><W88/><G129/><T94/><D115/><U67/><E106/><V90/><F61/><W107/><G134/><T65/><D40/><N who="1" m="15467" /><E119/><V135/><F135/><W124/><G124/><T74/><D74/><U86/><E128/><V125/><F125/><W114/><G114/><T113/><D113/><U45/><E87/><V35/><REACH who="2" step="1"/><F44/><REACH who="2" ten="183,375,139,293" step="2"/><W80/><G105/><T39/><D62/><U43/><E121/><V111/><F111/><W53/><G107/><T13/><D116/><U2/><E2/><V6/><F6/><W120/><G120/><T70/><D70/><U127/><E127/><V126/><F126/><W21/><G7/><T10/><D57/><U49/><E122/><V25/><F25/><W68/><G68/><T19/><D66/><U47/><E47/><V109/><F109/><W27/><G100/><T60/><D60/><N who="1" m="38279" /><E50/><V0/><F0/><W4/><G4/><T84/><D65/><U55/><E43/><V69/><F69/><W38/><G38/><AGARI ba="2,1" hai="8,15,17,26,31,35,36,37,38,89,90,91,93,95" machi="38" ten="40,2600,0" yaku="1,1,52,1,53,0" doraHai="30" doraHaiUra="51" who="2" fromWho="3" sc="183,0,375,0,139,42,293,-32" owari="183,-21.7,375,47.5,181,-31.9,261,6.1" /></mjloggm>