<mjloggm ver="2.3"><GO type="169" lobby="0"/><UN n0="%E9%BB%92%E6%B2%A2%E7%BE%A9%E6%98%8E" n1="%72%65%62%65%65%72" n2="%E7%A5%9E%E3%81%AE%E5%8F%B3%E5%B8%AD" n3="%E4%B8%89%E6%B2%B3%E5%B1%8B%E3%81%AE%E3%82%B5%E3%83%96" dan="17,16,16,16" rate="2190.33,2145.47,2148.36,2144.38" sx="M,M,M,M"/><TAIKYOKU oya="0"/><INIT seed="0,0,0,0,3,16" ten="250,250,250,250" oya="0" hai0="130,123,8,48,12,75,81,116,111,40,74,89,59" hai1="91,32,29,62,83,51,33,50,46,26,64,124,38" hai2="0,128,24,22,72,99,56,126,42,60,10,96,125" hai3="97,61,53,129,67,69,2,39,54,9,41,49,79"/><T6/><D116/><U85/><E124/><N who="2" m="47723" /><F72/><W114/><G114/><T63/><D123/><U36/><E33/><V108/><F42/><W31/><G129/><T68/><D130/><U132/><E132/><V27/><F27/><W52/><G79/><T44/><D68/><U11/><E11/><V86/><F86/><W98/><G31/><T94/><D111/><U57/><REACH who="1" step="1"/><E51/><REACH who="1" ten="250,240,250,250" step="2"/><V110/><F128/><W106/><G49/><T109/><D109/><N who="2" m="42090" /><F10/><W102/><G9/><T71/><D8/><U35/><E35/><V28/><F0/><W115/><G2/><T117/><D48/><U78/><E78/><V95/><F95/><W20/><G115/><T4/><D94/><U122/><E122/><V76/><F76/><W1/><G1/><T15/><D4/><U80/><E80/><V119/><F119/><W58/><G39/><T120/><D81/><U43/><AGARI ba="0,1" hai="26,29,32,36,38,43,46,50,57,62,64,83,85,91" machi="43" ten="20,2700,0" yaku="1,1,0,1,7,1,53,0" doraHai="16" doraHaiUra="5" who="1" fromWho="1" sc="250,-13,240,37,250,-7,250,-7" /><INIT seed="1,0,0,4,2,74" ten="237,277,243,243" oya="1" hai0="49,84,100,115,37,83,70,116,21,127,20,0,81" hai1="28,2,103,131,92,82,78,135,111,45,35,56,126" hai2="60,67,36,9,130,72,13,18,122,129,14,11,102" hai3="73,53,121,64,89,46,57,7,17,44,85,59,109"/><U97/><E2/><V113/><F36/><W101/><G121/><T76/><D115/><U119/><E119/><V94/><F122/><W16/><G73/><T15/><D37/><U79/><E131/><V50/><F72/><W88/><G109/><T58/><D0/><U75/><E135/><V86/><F50/><W51/><G101/><T80/><D70/><U38/><E126/><V114/><F86/><W87/><G7/><T25/><D116/><U128/><E128/><N who="2" m="49259" /><F94/><W10/><G10/><T30/><D100/><U99/><E111/><V125/><F102/><W108/><G108/><T120/><D127/><U42/><E99/><V33/><F125/><W66/><G51/><T23/><D120/><U41/><E41/><V6/><F33/><W47/><G47/><T90/><D15/><U48/><E79/><V118/><F118/><W106/><REACH who="3" step="1"/><G53/><REACH who="3" ten="237,277,243,233" step="2"/><T61/><D49/><U54/><E35/><V98/><F98/><W24/><G24/><T112/><D112/><U104/><REACH who="1" step="1"/><E28/><REACH who="1" ten="237,267,243,233" step="2"/><V1/><F1/><W62/><G62/><T12/><D61/><U91/><E91/><V134/><F134/><W95/><G95/><AGARI ba="0,2" hai="38,42,45,48,54,56,75,78,82,92,95,97,103,104" machi="95" ten="40,7700,0" yaku="1,1,52,1,53,1" doraHai="74" doraHaiUra="69" who="1" fromWho="3" sc="237,0,267,97,243,0,233,-77" /><INIT seed="1,1,0,1,0,25" ten="237,364,243,156" oya="1" hai0="23,45,5,29,67,7,55,15,123,14,18,135,31" hai1="64,6,133,100,126,9,0,125,122,134,101,121,12" hai2="50,82,86,59,120,90,60,10,40,75,84,107,28" hai3="103,102,38,74,49,34,47,16,20,56,104,26,51"/><U27/><E64/><V95/><F120/><N who="1" m="46185" /><E101/><V113/><F113/><W99/><G74/><T30/><D123/><U46/><E46/><V58/><F107/><W127/><G127/><T96/><D135/><N who="1" m="51723" /><E100/><V115/><F115/><W119/><G119/><T22/><D67/><U131/><E131/><V62/><F75/><W4/><G4/><N who="0" m="1611" /><D96/><U93/><E93/><V94/><F10/><W66/><G34/><T48/><D14/><U35/><E0/><V36/><F36/><W42/><REACH who="3" step="1"/><G103/><REACH who="3" ten="237,364,243,146" step="2"/><T2/><D2/><U117/><E117/><V130/><F130/><W73/><G73/><T57/><D45/><U129/><E129/><V85/><F82/><W98/><G98/><T105/><D105/><U80/><E80/><V88/><F86/><W21/><G21/><AGARI ba="1,1" hai="15,18,21,22,23,29,30,31,48,55,57" m="1611" machi="21" ten="30,7700,0" yaku="8,1,52,3" doraHai="25" who="0" fromWho="3" sc="237,90,364,0,243,0,146,-80" /><INIT seed="2,0,0,0,4,116" ten="327,364,243,66" oya="2" hai0="47,18,16,11,38,64,21,113,66,109,50,52,67" hai1="121,115,55,6,103,78,51,33,100,110,3,7,118" hai2="60,53,43,105,112,101,132,88,37,65,63,126,131" hai3="89,82,34,90,114,73,111,98,62,94,20,129,1"/><V0/><F112/><W91/><G34/><T85/><D113/><U24/><E118/><V70/><F0/><W124/><G114/><T117/><D117/><U133/><E115/><V71/><F105/><W68/><G1/><T45/><D109/><U120/><E78/><V41/><F101/><W56/><G68/><T84/><D38/><U29/><E110/><V58/><F131/><W48/><G111/><T31/><D45/><U15/><E3/><V80/><F126/><W134/><G129/><T79/><D79/><U8/><E6/><V26/><F132/><W122/><G124/><T46/><D46/><U17/><E133/><V44/><F43/><W13/><G134/><T76/><D76/><U123/><E7/><V108/><F26/><W128/><G128/><T86/><D11/><U39/><E39/><V9/><F9/><W130/><G130/><T36/><D36/><U12/><E12/><V10/><F10/><W19/><G73/><T95/><D95/><U125/><E125/><V22/><F22/><W49/><G122/><T2/><D2/><U28/><E28/><V107/><F107/><W74/><G74/><T102/><D102/><U59/><AGARI ba="0,0" hai="8,15,17,24,29,33,51,55,59,100,103,120,121,123" machi="59" ten="30,8000,1" yaku="0,1,13,1,52,3" doraHai="116" who="1" fromWho="1" sc="327,-20,364,80,243,-40,66,-20" /><INIT seed="3,0,0,4,2,2" ten="307,444,203,46" oya="3" hai0="3,71,5,94,100,59,135,39,25,134,109,124,78" hai1="50,73,4,1,81,116,51,57,56,52,6,45,130" hai2="103,119,35,129,82,89,0,111,37,127,10,34,23" hai3="96,15,106,32,30,33,107,122,104,42,83,114,19"/><W113/><G122/><T69/><D39/><U9/><E130/><V98/><F119/><W67/><G42/><T92/><D109/><U132/><E132/><N who="0" m="50729" /><D124/><U20/><E116/><V86/><F37/><W112/><G67/><T125/><D125/><U90/><E6/><V118/><F118/><W99/><G83/><T58/><D78/><U26/><E51/><V65/><F127/><W66/><G66/><T46/><D46/><U115/><E115/><V14/><F111/><W22/><REACH who="3" step="1"/><G30/><REACH who="3" ten="307,444,203,36" step="2"/><T85/><D69/><U55/><E55/><V75/><F65/><W64/><G64/><T95/><D71/><U40/><E40/><V121/><F121/><W63/><G63/><T61/><D61/><U87/><E73/><V91/><F75/><W18/><G18/><AGARI ba="0,1" hai="1,4,9,18,20,26,45,50,52,56,57,81,87,90" machi="18" ten="30,3900,0" yaku="7,1,52,1,54,1" doraHai="2" who="1" fromWho="3" sc="307,0,444,49,203,0,36,-39" owari="307,10.7,493,59.3,203,-19.7,-3,-50.3" /></mjloggm>