<mjloggm ver="2.3"><GO type="169" lobby="0"/><UN n0="%E5%B0%8F%E4%B8%89%E5%85%83%E5%8D%97%E5%8D%98%E9%A8%8E" n1="%E7%BC%B6%E3%82%B3%E3%83%92" n2="%E7%88%86%E7%89%8C%E3%82%A6%E3%82%B7%E3%82%B8%E3%83%9E%E3%81%8F%E3%82%93" n3="%E9%A2%A8%E7%B8%AB" dan="16,16,16,16" rate="2118.32,2020.22,2127.56,2140.59" sx="M,M,M,M"/><TAIKYOKU oya="0"/><INIT seed="0,0,0,0,3,24" ten="250,250,250,250" oya="0" hai0="32,119,48,66,74,18,41,3,65,37,64,70,116" hai1="113,87,60,14,51,135,28,93,111,123,43,23,95" hai2="20,10,80,100,61,8,29,118,25,62,81,79,4" hai3="36,72,83,125,105,5,90,58,47,110,16,126,94"/><T114/><D74/><U68/><E123/><V55/><F118/><N who="0" m="45098" /><D18/><U134/><E113/><V104/><F104/><W76/><G105/><T127/><D32/><U122/><E122/><V7/><F100/><W2/><G58/><T130/><D3/><U88/><E68/><V59/><F62/><W77/><G77/><T92/><D92/><U121/><E121/><V53/><F53/><W86/><G16/><T33/><D33/><U39/><E39/><V9/><REACH who="2" step="1"/><F81/><REACH who="2" ten="250,250,240,250" step="2"/><W84/><G110/><T52/><D114/><U45/><E60/><V91/><F91/><W19/><G90/><T30/><D66/><U131/><E111/><V106/><F106/><W71/><G94/><T13/><D65/><U27/><E131/><V73/><AGARI ba="0,1" hai="4,7,8,9,10,20,25,29,55,59,61,73,79,80" machi="73" ten="30,4000,0" yaku="1,1,0,1,52,1,53,0" doraHai="24" doraHaiUra="115" who="2" fromWho="2" sc="250,-20,250,-10,240,50,250,-10" /><INIT seed="1,0,0,3,3,67" ten="230,240,290,240" oya="1" hai0="98,131,128,95,106,59,16,105,102,88,80,0,125" hai1="45,3,41,9,11,89,54,53,27,73,12,7,81" hai2="71,79,30,43,51,83,62,110,91,33,48,130,77" hai3="52,86,118,120,75,101,65,90,19,34,119,22,68"/><U70/><E27/><V15/><F110/><W78/><G120/><T58/><D0/><U104/><E104/><V31/><F130/><N who="0" m="49706" /><D59/><U123/><E70/><V39/><F39/><W37/><G34/><T100/><D58/><U1/><E123/><V72/><F77/><W49/><G37/><T60/><D60/><U92/><E3/><V94/><F15/><N who="3" m="9599" /><G101/><N who="0" m="39019" /><D16/><U112/><E112/><V117/><F117/><N who="3" m="44555" /><G75/><T5/><D5/><U103/><E103/><V134/><F134/><W23/><G23/><T69/><D69/><U2/><E2/><V114/><F114/><W46/><G78/><T129/><D129/><U32/><E32/><V56/><F71/><W66/><G68/><T20/><D20/><U107/><E107/><N who="0" m="40969" /><D80/><AGARI ba="0,0" hai="46,49,52,65,66,80,86,90" m="44555,9599" machi="80" ten="30,2000,0" yaku="12,1,54,1" doraHai="67" who="3" fromWho="0" sc="230,-20,240,0,290,0,240,20" /><INIT seed="2,0,0,4,2,69" ten="210,240,290,260" oya="2" hai0="47,84,96,124,80,50,81,33,90,118,68,62,122" hai1="46,133,41,87,94,27,59,73,61,21,134,23,120" hai2="64,78,3,101,42,109,117,38,71,54,83,37,20" hai3="31,119,63,70,34,102,112,91,18,26,132,15,43"/><V49/><F117/><W82/><G119/><T29/><D118/><U9/><E73/><V108/><F3/><W17/><G132/><N who="1" m="50794" /><E9/><V40/><F101/><W22/><G43/><N who="2" m="16425" /><F20/><N who="1" m="7753" /><E120/><V39/><F83/><W99/><G112/><T100/><D81/><U130/><E130/><V105/><F78/><W79/><G18/><T25/><D124/><U111/><E111/><N who="2" m="42571" /><F105/><W104/><G91/><T76/><D122/><U28/><E87/><V92/><F92/><W36/><G36/><T128/><D128/><U8/><E94/><V44/><F39/><W89/><G89/><T6/><D76/><U85/><E8/><V10/><F10/><W67/><G82/><T131/><D131/><U24/><E85/><V114/><F114/><W126/><REACH who="3" step="1"/><G79/><REACH who="3" ten="210,240,290,250" step="2"/><T95/><D80/><U32/><E28/><V48/><F48/><W2/><G2/><T123/><D50/><N who="1" m="26959" /><E32/><V16/><F16/><W11/><G11/><T53/><D123/><U5/><E5/><V98/><F98/><W52/><G52/><AGARI ba="0,1" hai="24,27,52,59,61" m="26959,7753,50794" machi="52" ten="30,2000,0" yaku="20,1,54,1" doraHai="69" who="1" fromWho="3" sc="210,0,240,30,290,0,250,-20" /><INIT seed="3,0,0,0,0,135" ten="210,270,290,230" oya="3" hai0="23,100,90,20,11,72,47,92,42,63,61,29,113" hai1="28,15,124,16,79,97,5,7,36,25,128,51,46" hai2="30,13,134,1,75,68,14,122,88,60,127,112,126" hai3="57,80,102,50,10,106,52,64,3,4,41,26,109"/><W44/><G109/><T116/><D116/><U78/><E36/><V19/><F112/><W71/><G80/><T66/><D113/><U48/><E128/><V110/><F110/><W12/><G26/><T43/><D72/><U55/><E97/><V27/><F134/><W40/><G3/><T96/><D11/><U33/><E124/><N who="2" m="47659" /><F1/><W125/><G125/><T101/><D63/><U24/><E24/><V81/><F75/><W130/><G130/><T93/><D29/><U103/><E103/><V91/><F122/><W94/><G106/><T105/><D105/><U107/><E107/><V70/><F60/><N who="3" m="37903" /><G71/><N who="2" m="27177" /><F81/><W35/><G35/><T59/><D43/><U121/><E121/><V8/><F14/><W38/><G38/><T39/><REACH who="0" step="1"/><D101/><REACH who="0" ten="200,270,290,230" step="2"/><U67/><E33/><AGARI ba="0,1" hai="8,13,19,27,30,33,88,91" m="27177,47659" machi="33" ten="30,8000,1" yaku="18,1,52,3,54,1" doraHai="135" who="2" fromWho="1" sc="200,0,270,-80,290,90,230,0" /><INIT seed="4,0,0,1,3,19" ten="200,190,380,230" oya="0" hai0="8,127,9,36,98,52,40,115,73,111,23,61,119" hai1="1,32,74,130,105,22,16,89,94,12,43,124,84" hai2="110,91,0,109,135,104,6,17,25,78,75,41,56" hai3="83,11,108,62,79,7,129,24,30,77,126,48,54"/><T66/><D119/><U39/><E105/><V10/><F135/><W100/><G129/><T103/><D115/><U96/><E124/><V120/><F120/><W134/><G134/><T31/><D73/><U99/><E32/><V95/><F104/><W38/><G38/><T44/><D127/><U59/><E1/><V123/><F123/><W106/><G108/><T125/><D125/><U72/><E130/><V92/><F41/><W18/><G126/><T81/><D81/><U15/><E74/><V71/><F71/><W87/><G62/><T85/><D85/><U88/><E72/><V26/><F95/><W132/><G132/><T90/><D90/><U114/><E114/><V46/><F46/><W34/><G18/><T128/><D128/><U102/><E43/><V51/><F78/><W58/><G100/><T13/><D111/><U113/><E39/><V57/><F75/><W37/><G37/><T112/><D52/><U3/><E3/><V55/><F57/><W49/><G106/><T28/><D28/><U45/><E45/><V122/><F122/><W118/><G79/><T116/><D116/><U47/><E47/><V131/><F131/><W63/><REACH who="3" step="1"/><G118/><REACH who="3" ten="200,190,380,220" step="2"/><T5/><D112/><U70/><E113/><V42/><F110/><W60/><G60/><T117/><D117/><U2/><E102/><V53/><F109/><W107/><G107/><N who="0" m="63991" /><D61/><U67/><E70/><V14/><F17/><W93/><G93/><T33/><D36/><U97/><E16/><V50/><F92/><W86/><G86/><T68/><D68/><U121/><E121/><V20/><F51/><RYUUKYOKU ba="0,1" sc="200,-10,190,-10,380,-10,220,30" hai3="7,11,24,30,34,48,49,54,58,63,77,83,87" /><INIT seed="5,1,1,4,3,80" ten="190,180,370,250" oya="1" hai0="65,11,97,27,86,87,98,90,18,9,109,55,1" hai1="105,127,5,28,79,38,88,129,74,54,23,69,91" hai2="96,24,114,118,16,134,31,63,73,56,58,47,60" hai3="62,44,81,106,19,22,43,121,70,42,71,99,53"/><U59/><E69/><V101/><F118/><W85/><G121/><T52/><D109/><U51/><E105/><V6/><F73/><W45/><G106/><T41/><D41/><U133/><E133/><V21/><F134/><W26/><G71/><T50/><D65/><U95/><E127/><V110/><F110/><W103/><G70/><T128/><D128/><U68/><E38/><V113/><F6/><W104/><G62/><N who="2" m="23593" /><F47/><W15/><G26/><T130/><D130/><U61/><E129/><V66/><F31/><W132/><G45/><N who="0" m="27727" /><D1/><U7/><E74/><V25/><F25/><W40/><G132/><T111/><D111/><U36/><E36/><V13/><F24/><W131/><G131/><T117/><D117/><U72/><E28/><V10/><F10/><N who="0" m="3594" /><D55/><N who="1" m="34047" /><E68/><V77/><F66/><W102/><G102/><T83/><D87/><N who="1" m="52639" /><E72/><V123/><F123/><W125/><G125/><T48/><D48/><U14/><E79/><V4/><F77/><W112/><G112/><N who="2" m="43113" /><F4/><W37/><G53/><T12/><D27/><U126/><E126/><V20/><F58/><W115/><G115/><T119/><D119/><U75/><E75/><V135/><F56/><W35/><G35/><T67/><D67/><U120/><E120/><V57/><F135/><W124/><G124/><T29/><D29/><U76/><E76/><AGARI ba="1,1" hai="15,19,22,37,40,42,43,44,76,81,85,99,103,104" machi="76" ten="30,2000,0" yaku="7,1,52,1" doraHai="80" who="3" fromWho="1" sc="190,0,180,-23,370,0,250,33" /><INIT seed="6,0,0,2,3,126" ten="190,157,370,283" oya="2" hai0="62,110,80,54,106,96,115,13,120,10,90,134,67" hai1="104,82,103,122,21,63,64,133,60,20,75,86,5" hai2="108,93,47,78,1,135,38,58,65,37,83,6,29" hai3="30,98,33,8,97,91,84,26,107,125,131,35,27"/><V76/><F135/><W116/><G125/><T61/><D120/><U100/><E122/><V53/><F108/><W70/><G70/><T121/><D121/><U109/><E109/><V43/><F29/><W24/><G116/><T56/><D110/><U118/><E118/><V71/><F38/><W19/><G131/><T45/><D115/><U114/><E75/><V124/><F124/><W79/><G79/><T113/><D113/><U7/><E114/><V119/><F119/><W51/><G51/><T34/><D34/><U28/><E133/><V59/><F93/><W17/><G107/><T41/><D106/><U15/><E104/><V39/><F39/><W9/><G84/><T0/><D0/><U77/><E28/><V105/><F105/><W73/><G30/><T40/><D134/><U87/><E15/><V49/><F59/><W12/><G73/><T14/><D14/><U72/><E72/><V42/><F42/><W44/><G44/><T127/><D127/><U57/><E63/><N who="2" m="40383" /><F83/><W2/><G91/><T23/><D23/><U48/><E48/><V50/><F50/><W101/><G101/><T111/><D111/><U32/><E32/><N who="3" m="12362" /><G2/><T129/><D41/><U102/><REACH who="1" step="1"/><E87/><REACH who="1" ten="190,147,370,283" step="2"/><V4/><F1/><W94/><G12/><T89/><D13/><U46/><E46/><V117/><F117/><W123/><G123/><T66/><D45/><U95/><E95/><V22/><F47/><W128/><G94/><T3/><D3/><U36/><E36/><V69/><F37/><W99/><G128/><T130/><D130/><U16/><E16/><AGARI ba="0,1" hai="8,9,16,17,19,24,26,27,97,98,99" m="12362" machi="16" ten="40,5200,0" yaku="28,2,54,1" doraHai="126" who="3" fromWho="1" sc="190,0,147,-52,370,0,283,62" /><INIT seed="7,0,0,3,1,3" ten="190,95,370,345" oya="3" hai0="57,99,54,84,92,101,80,49,19,61,60,112,115" hai1="129,25,78,134,102,10,97,41,26,24,33,119,91" hai2="23,39,46,110,55,40,70,56,5,18,32,106,67" hai3="13,76,104,111,108,93,7,87,132,128,74,21,31"/><W20/><G104/><T27/><D27/><U79/><E33/><V44/><F110/><N who="3" m="42027" /><G132/><T109/><D109/><U38/><E134/><V75/><F106/><W122/><G122/><T8/><D19/><U113/><E113/><N who="0" m="43593" /><D8/><U95/><E129/><V4/><F75/><W12/><G128/><T114/><D114/><U68/><E68/><V135/><F32/><W28/><G74/><T9/><D9/><U130/><E130/><V52/><F135/><W59/><G59/><T118/><D118/><U89/><E41/><V1/><F56/><W58/><G58/><T34/><D34/><U117/><E38/><V42/><F70/><W131/><G131/><T88/><AGARI ba="0,0" hai="49,54,57,60,61,80,84,88,92,99,101" m="43593" machi="88" ten="30,4000,0" yaku="15,1,11,1,54,1" doraHai="3" who="0" fromWho="0" sc="190,40,95,-10,370,-10,345,-20" owari="230,-17.0,85,-41.5,360,46.0,325,12.5" /></mjloggm>