<mjloggm ver="2.3"><GO type="169" lobby="0"/><UN n0="%E6%89%8B%E6%8A%BC%E3%81%97%E8%BB%8A" n1="%E4%B8%8B%E7%B4%9A%E5%9B%BD%E6%B0%91" n2="%E4%B9%9D%E7%B4%8B%E9%BE%8D%E5%8F%B2%E9%80%B2" n3="%E3%81%9F%E3%81%BE%E5%AD%90" dan="16,17,19,16" rate="2103.92,2132.61,2308.56,2145.46" sx="M,M,M,M"/><TAIKYOKU oya="0"/><INIT seed="0,0,0,4,5,115" ten="250,250,250,250" oya="0" hai0="88,107,91,121,95,118,119,85,81,19,10,5,122" hai1="28,15,63,83,0,72,128,70,123,130,124,77,4" hai2="36,66,9,51,16,25,126,90,17,37,11,47,79" hai3="52,22,68,23,86,97,1,43,7,14,46,94,69"/><T99/><D19/><U110/><E15/><V3/><F126/><W75/><G75/><T103/><D10/><N who="1" m="2311" /><E123/><N who="0" m="47113" /><D5/><U67/><E110/><V98/><F79/><W96/><G1/><T80/><D80/><U6/><E6/><V109/><F109/><W53/><G86/><AGARI ba="0,0" hai="81,85,86,88,91,95,99,103,107,118,119" m="47113" machi="86" ten="30,12000,1" yaku="34,2,52,2,54,1" doraHai="115" who="0" fromWho="3" sc="250,120,250,0,250,0,250,-120" /><INIT seed="0,1,0,0,5,124" ten="370,250,250,130" oya="0" hai0="100,118,126,43,106,10,94,107,110,58,25,20,87" hai1="105,50,123,129,108,65,109,0,88,40,92,128,72" hai2="1,4,14,59,5,75,47,57,103,27,42,51,34" hai3="49,112,6,82,31,77,81,116,89,30,98,86,62"/><T7/><D126/><U130/><E123/><V41/><F75/><W9/><G112/><T90/><D118/><U121/><E121/><V55/><F1/><W122/><G116/><T60/><D43/><U74/><E105/><V96/><F42/><W83/><G122/><T32/><D32/><U61/><E0/><V66/><F66/><W17/><G17/><T45/><D45/><N who="1" m="25895" /><E74/><V18/><F27/><W71/><G49/><T56/><D56/><N who="1" m="37031" /><E72/><V115/><F34/><W38/><G38/><T67/><D110/><U29/><E29/><V23/><F59/><W93/><G62/><T64/><D67/><U120/><E120/><V79/><F79/><W16/><G71/><T131/><D100/><U48/><E48/><V132/><F132/><W15/><G81/><T70/><D70/><U53/><E53/><V119/><F115/><W73/><REACH who="3" step="1"/><G6/><REACH who="3" ten="370,250,250,120" step="2"/><T36/><D36/><U95/><E95/><N who="2" m="58783" /><F119/><W44/><G44/><T102/><D106/><U63/><E63/><AGARI ba="1,1" hai="4,5,14,18,23,41,47,51,55,57,63" m="58783" machi="63" ten="30,1000,0" yaku="8,1" doraHai="124" who="2" fromWho="1" sc="370,0,250,-13,250,23,120,0" /><INIT seed="1,0,0,0,2,58" ten="370,237,273,120" oya="1" hai0="115,98,46,61,54,29,63,118,130,34,11,85,59" hai1="79,25,80,27,83,45,113,8,13,89,23,39,135" hai2="94,40,19,24,67,131,87,53,71,36,124,4,35" hai3="128,5,22,129,48,120,106,72,125,78,133,26,3"/><U12/><E113/><V127/><F4/><W122/><G106/><T107/><D115/><U92/><E135/><V32/><F53/><W20/><G48/><T76/><D118/><U93/><E39/><V109/><F109/><W21/><G78/><T73/><D73/><U134/><E134/><V91/><F131/><N who="3" m="50251" /><G72/><T77/><D130/><U123/><E123/><N who="3" m="47146" /><G133/><T44/><D34/><U9/><E45/><V18/><F40/><W37/><G37/><T108/><D29/><U121/><E121/><V31/><F35/><W116/><G116/><T6/><D108/><U50/><E50/><V52/><F52/><W69/><G69/><T15/><D107/><U82/><E79/><V99/><F36/><W68/><G68/><T55/><D98/><U47/><E47/><N who="0" m="17961" /><D85/><N who="1" m="52271" /><E93/><V38/><F38/><W132/><G132/><T100/><D100/><U103/><E103/><V86/><F86/><W70/><G70/><T95/><D95/><U60/><E82/><V64/><F99/><W43/><G43/><T41/><D41/><U96/><E96/><V10/><F71/><W101/><G101/><T90/><D90/><U51/><E83/><V49/><F49/><W119/><G119/><T110/><D110/><U0/><E80/><V33/><F94/><W1/><G125/><T81/><D81/><U30/><E51/><V104/><F104/><W14/><G26/><T42/><D42/><U97/><E97/><V126/><F126/><W88/><G88/><T66/><D66/><U117/><E117/><V17/><F127/><W111/><G111/><T2/><D2/><U7/><E0/><RYUUKYOKU ba="0,0" sc="370,15,237,-15,273,-15,120,15" hai0="6,11,15,54,55,59,61,63,76,77" hai3="1,3,5,14,20,21,22" /><INIT seed="2,1,0,4,3,125" ten="385,222,258,135" oya="2" hai0="37,110,113,16,54,63,90,114,98,112,83,106,75" hai1="6,48,41,117,65,58,10,69,34,31,67,70,123" hai2="30,0,33,17,26,1,122,52,11,99,55,7,105" hai3="108,89,127,20,118,121,2,39,135,40,107,102,23"/><V115/><F115/><W59/><G118/><T19/><D37/><U95/><E34/><V79/><F122/><W94/><G121/><T129/><D75/><U66/><E31/><V25/><F79/><W80/><G2/><T103/><D110/><U71/><E123/><V74/><F74/><W22/><G108/><T84/><REACH who="0" step="1"/><D129/><REACH who="0" ten="375,222,258,135" step="2"/><U126/><E117/><V116/><F116/><W120/><G120/><T92/><D92/><U57/><E95/><V29/><F1/><W111/><G111/><T119/><D119/><U38/><E126/><V8/><F105/><W62/><G127/><T76/><D76/><U133/><E38/><V9/><F99/><W124/><G124/><T24/><D24/><U130/><E130/><V18/><F0/><W13/><G107/><T51/><D51/><U134/><E6/><V72/><F72/><W49/><G39/><T28/><D28/><U96/><E96/><V73/><F73/><W78/><G78/><T32/><D32/><U81/><E81/><V77/><F77/><W3/><G3/><T131/><D131/><U53/><E10/><V85/><F7/><W61/><G80/><T44/><D44/><N who="1" m="27783" /><E41/><V14/><F85/><W5/><G40/><T100/><D100/><U60/><E60/><V45/><F45/><W64/><G102/><T15/><D15/><U128/><E128/><V12/><F11/><N who="3" m="4335" /><G49/><T132/><D132/><AGARI ba="1,1" hai="57,58,65,66,67,69,70,71,132,133,134" m="27783" machi="132" ten="40,5200,0" yaku="20,1,34,2" doraHai="125" who="1" fromWho="0" sc="375,-55,222,65,258,0,135,0" /><INIT seed="3,0,0,0,0,39" ten="320,287,258,135" oya="3" hai0="64,69,93,46,83,119,58,98,32,95,22,42,129" hai1="134,56,130,121,60,10,81,76,66,79,133,12,33" hai2="75,18,48,74,109,15,101,89,44,84,54,40,94" hai3="21,124,104,50,26,3,85,135,20,86,65,113,14"/><W57/><G113/><T62/><D32/><U82/><E33/><V107/><F109/><W73/><G3/><T25/><D119/><U88/><E121/><V29/><F29/><W123/><G123/><T17/><D129/><U34/><E34/><V19/><F19/><N who="3" m="10359" /><G73/><T0/><D0/><U120/><E120/><V108/><F108/><W24/><G104/><T30/><D17/><U37/><E37/><V4/><F4/><W97/><G135/><N who="1" m="51722" /><E130/><V126/><F126/><W106/><G106/><T90/><D83/><N who="1" m="31755" /><E88/><V16/><F18/><AGARI ba="0,0" hai="10,12,18,56,60,66,76,79" m="31755,51722" machi="18" ten="30,1000,0" yaku="20,1" doraHai="39" who="1" fromWho="2" sc="320,0,287,10,258,-10,135,0" /><INIT seed="4,0,0,0,4,93" ten="320,297,248,135" oya="0" hai0="72,0,47,133,100,113,67,83,107,9,8,134,123" hai1="11,81,46,77,114,130,50,92,126,109,36,76,105" hai2="120,51,75,44,80,26,64,85,25,42,99,45,12" hai3="14,38,23,128,66,108,34,90,91,115,53,79,1"/><T118/><D123/><U87/><E109/><V74/><F120/><W40/><G108/><T60/><D118/><U97/><E36/><V33/><F64/><W7/><G34/><T10/><D47/><U98/><E11/><V69/><F69/><W48/><G115/><T37/><D37/><U43/><E130/><V58/><F58/><W124/><G128/><T49/><D49/><U82/><E126/><V15/><F75/><W22/><G124/><T61/><D113/><U17/><E114/><V54/><F74/><W31/><G66/><T104/><D0/><U103/><E17/><V2/><F2/><W110/><G79/><T16/><D61/><U4/><E4/><V57/><F45/><W21/><G1/><T39/><D39/><U18/><E18/><V78/><F33/><W68/><G68/><T127/><D127/><U112/><E112/><V94/><F26/><W116/><G116/><T19/><D83/><U101/><E82/><V131/><F25/><W122/><G31/><T71/><D107/><U102/><E102/><V70/><F70/><W88/><G110/><T117/><D72/><U96/><E96/><V52/><F131/><W86/><G122/><T24/><D24/><U6/><E6/><V55/><F57/><N who="3" m="32935" /><G38/><T59/><D71/><U32/><E32/><V132/><F132/><N who="0" m="50794" /><D117/><U106/><E106/><V73/><F73/><W65/><G7/><T28/><D28/><U89/><AGARI ba="0,0" hai="43,46,50,76,77,81,87,89,92,97,98,101,103,105" machi="89" ten="20,5200,0" yaku="0,1,7,1,52,2" doraHai="93" who="1" fromWho="1" sc="320,-26,297,52,248,-13,135,-13" /><INIT seed="5,0,0,3,5,71" ten="294,349,235,122" oya="1" hai0="72,101,59,76,135,80,12,39,38,74,105,107,56" hai1="53,55,44,50,117,97,16,84,36,95,49,82,10" hai2="9,47,29,68,75,70,73,128,87,42,46,45,25" hai3="6,81,93,58,21,11,60,24,43,5,1,35,123"/><U134/><E117/><V26/><F42/><W40/><G123/><T98/><D135/><U31/><E134/><V0/><F87/><W125/><G125/><T88/><D12/><N who="1" m="7191" /><E31/><V30/><F9/><W83/><G6/><T79/><D88/><N who="1" m="51223" /><E36/><V7/><F7/><W18/><G43/><T96/><D80/><U114/><E114/><V133/><F133/><W69/><G69/><T131/><REACH who="0" step="1"/><D101/><REACH who="0" ten="284,349,235,122" step="2"/><U122/><E122/><V119/><F119/><W99/><G35/><T20/><D20/><U113/><E113/><V13/><F13/><W129/><G129/><AGARI ba="0,1" hai="38,39,56,59,72,74,76,79,96,98,105,107,129,131" machi="129" ten="25,8000,1" yaku="1,1,22,2,52,2,53,0" doraHai="71" doraHaiUra="3" who="0" fromWho="3" sc="284,90,349,0,235,0,122,-80" /><INIT seed="6,0,0,1,4,70" ten="374,349,235,42" oya="2" hai0="122,85,54,10,92,9,125,114,105,49,124,75,111" hai1="132,14,46,91,89,31,129,76,77,5,6,97,23" hai2="17,66,121,27,127,32,131,93,22,123,130,28,44" hai3="80,18,30,61,56,110,81,112,7,62,107,47,87"/><V48/><F66/><W58/><G110/><T3/><D75/><U72/><E129/><N who="2" m="49163" /><F93/><W119/><G107/><T73/><D73/><U117/><E117/><V65/><F65/><W64/><G119/><T113/><D105/><U115/><E115/><N who="0" m="44041" /><D122/><N who="2" m="46602" /><F48/><W21/><G112/><T52/><D111/><U98/><E46/><V60/><F60/><W82/><G30/><T0/><D85/><U13/><E72/><V100/><F100/><W57/><G7/><T67/><D67/><U96/><E132/><V45/><F127/><N who="0" m="48714" /><D92/><U104/><E104/><V102/><F102/><W126/><G126/><T12/><D10/><U118/><E118/><V68/><F68/><W71/><G71/><T99/><D99/><U90/><E76/><V79/><F79/><W43/><G87/><T106/><D106/><U78/><E78/><V128/><N who="2" m="49171" /><V74/><DORA hai="1" /><F74/><W135/><G135/><T103/><D103/><U53/><E77/><V11/><F11/><W42/><G64/><T34/><D34/><U4/><E53/><N who="0" m="20585" /><D49/><U94/><E94/><V59/><F59/><W133/><G133/><T29/><D29/><U95/><E95/><V108/><F108/><W16/><G47/><T33/><D33/><U24/><AGARI ba="0,0" hai="4,5,6,13,14,23,24,31,89,90,91,96,97,98" machi="24" ten="40,12000,2" yaku="0,1,29,2,8,1,52,3" doraHai="70,1" who="1" fromWho="1" sc="374,-30,349,120,235,-60,42,-30" /><INIT seed="7,0,0,5,3,56" ten="344,469,175,12" oya="3" hai0="109,129,35,117,4,0,92,111,55,12,97,78,11" hai1="31,80,85,50,59,88,29,5,87,15,106,20,2" hai2="102,67,101,77,75,46,53,82,71,7,84,114,123" hai3="98,48,54,32,52,70,58,38,95,135,33,16,14"/><W83/><G135/><T65/><D35/><U30/><E106/><V113/><F123/><W68/><G38/><T79/><D117/><U34/><E2/><V42/><F53/><W24/><G83/><T47/><D129/><U41/><E34/><V74/><F7/><W22/><G33/><T23/><D109/><U120/><E120/><V62/><F101/><W126/><G126/><T112/><D111/><U122/><E122/><V63/><F63/><W100/><G32/><T21/><D112/><N who="2" m="43114" /><F102/><W94/><G94/><T110/><D110/><U132/><E87/><V107/><F107/><W45/><REACH who="3" step="1"/><G14/><REACH who="3" ten="344,469,175,2" step="2"/><T115/><D12/><U66/><E80/><V128/><F128/><W96/><G96/><T130/><D92/><U61/><E15/><V108/><F108/><W99/><G99/><T36/><D97/><U49/><E132/><V39/><AGARI ba="0,1" hai="39,42,46,62,67,71,74,75,77,82,84" m="43114" machi="39" ten="30,2000,0" yaku="15,1,52,1" doraHai="56" who="2" fromWho="2" sc="344,-5,469,-5,175,30,2,-10" owari="339,13.9,464,56.4,205,-19.5,-8,-50.8" /></mjloggm>