<mjloggm ver="2.3"><GO type="169" lobby="0"/><UN n0="%E6%9D%BE%E6%9C%AC%E5%81%A5%E7%94%B7" n1="%E3%81%95%E3%81%8F%E3%82%88%E3%81%93%E3%81%A1%E3%82%83%E3%82%93" n2="%64%69%76%61" n3="%41%6E%6B%6F%61%6E%6B%6F" dan="17,16,16,16" rate="2243.80,2058.34,2050.05,2147.71" sx="M,M,M,F"/><TAIKYOKU oya="0"/><INIT seed="0,0,0,5,2,110" ten="250,250,250,250" oya="0" hai0="45,106,82,16,132,83,74,112,54,69,37,89,115" hai1="79,76,135,111,35,49,91,18,134,75,130,39,94" hai2="25,55,123,59,30,4,105,60,1,127,124,29,0" hai3="80,47,10,97,119,46,125,5,53,77,58,2,7"/><T13/><D132/><N who="1" m="50731" /><E111/><V32/><F123/><W52/><G125/><N who="2" m="48201" /><F105/><W104/><G119/><T113/><D106/><U14/><E39/><V121/><F121/><W133/><G7/><T44/><D69/><U98/><E75/><V9/><F30/><W62/><G133/><T73/><D44/><U102/><E35/><V86/><F86/><W95/><G53/><T78/><D89/><U108/><E130/><V22/><F32/><W15/><G2/><AGARI ba="0,0" hai="0,1,2,4,9,22,25,29,55,59,60" m="48201" machi="2" ten="30,1000,0" yaku="18,1" doraHai="110" who="2" fromWho="3" sc="250,0,250,0,250,10,250,-10" /><INIT seed="1,0,0,4,3,26" ten="250,250,260,240" oya="1" hai0="78,117,6,129,47,19,84,42,127,81,33,134,8" hai1="41,54,21,67,87,114,0,64,20,119,133,115,106" hai2="17,38,56,69,86,80,85,45,95,29,102,23,70" hai3="97,28,111,44,92,101,123,25,49,110,131,82,46"/><U128/><E119/><V59/><F70/><W39/><G123/><T13/><D117/><U124/><E106/><V125/><F125/><W27/><G131/><T93/><D129/><U12/><E124/><V9/><F69/><W71/><G71/><T99/><D127/><U24/><E0/><V91/><F38/><W63/><G63/><T96/><D134/><U68/><E128/><V16/><F45/><W53/><G82/><T75/><D33/><U103/><E133/><V50/><F50/><W3/><G3/><T104/><D104/><U35/><E35/><V11/><F102/><W58/><G25/><T120/><D120/><U113/><E103/><V14/><F29/><W109/><REACH who="3" step="1"/><G39/><REACH who="3" ten="250,250,260,230" step="2"/><T88/><REACH who="0" step="1"/><D6/><REACH who="0" ten="240,250,260,230" step="2"/><U118/><E118/><V126/><F126/><W10/><G10/><T57/><D57/><U83/><E68/><V66/><F9/><W79/><G79/><T15/><D15/><U37/><E12/><V5/><F11/><W34/><AGARI ba="0,2" hai="27,28,34,44,46,49,53,58,92,97,101,109,110,111" machi="34" ten="30,7900,0" yaku="1,1,0,1,14,1,52,1,53,0" doraHai="26" doraHaiUra="4" who="3" fromWho="3" sc="240,-20,250,-39,260,-20,230,99" /><INIT seed="2,0,0,5,2,11" ten="220,211,240,329" oya="2" hai0="10,124,50,3,19,113,52,12,59,109,134,83,94" hai1="96,71,62,15,35,68,14,81,130,110,87,4,53" hai2="60,26,111,1,89,99,29,72,21,18,23,32,95" hai3="127,77,56,93,85,8,132,115,106,91,84,75,126"/><V133/><F72/><W0/><G56/><T129/><D113/><U86/><E35/><V54/><F133/><W92/><G0/><T104/><D104/><U73/><E110/><V125/><F125/><N who="3" m="47627" /><G8/><T65/><D124/><U63/><E130/><V57/><F111/><W66/><G66/><T64/><D109/><U67/><E4/><V105/><F105/><W38/><G38/><T70/><D129/><U13/><E96/><V9/><F1/><W41/><G41/><T17/><D134/><U118/><E118/><V79/><F79/><W42/><G42/><T103/><D3/><U55/><E73/><V20/><REACH who="2" step="1"/><F9/><REACH who="2" ten="220,211,230,329" step="2"/><W36/><G132/><T82/><D70/><U48/><E68/><V24/><AGARI ba="0,1" hai="18,20,21,23,24,26,29,32,54,57,60,89,95,99" machi="24" ten="20,18000,2" yaku="1,1,2,1,0,1,7,1,25,2,53,1" doraHai="11" doraHaiUra="51" who="2" fromWho="2" sc="220,-60,211,-60,230,190,329,-60" /><INIT seed="2,1,0,3,0,25" ten="160,151,420,269" oya="2" hai0="11,111,103,90,51,29,35,104,41,116,12,9,24" hai1="27,126,3,68,13,1,96,108,119,2,59,46,14" hai2="78,54,42,37,50,91,88,19,34,40,5,86,7" hai3="55,73,101,132,82,58,100,130,79,48,36,122,22"/><V107/><F107/><W39/><G122/><T133/><D111/><U92/><E119/><V16/><F34/><W106/><G132/><T125/><D133/><U56/><E68/><V4/><F37/><W76/><G130/><T33/><D116/><U47/><E108/><V89/><F78/><W120/><G120/><T97/><D125/><U84/><E84/><V53/><F86/><W93/><G106/><T123/><D123/><U17/><E126/><V71/><F71/><W32/><G32/><T0/><D0/><U38/><E27/><V94/><F94/><W67/><G67/><T15/><D35/><U115/><E115/><V98/><F98/><W57/><G79/><T105/><D105/><U52/><E56/><V114/><F114/><W113/><G113/><T117/><D117/><U118/><E38/><V60/><F60/><W49/><G22/><T135/><D135/><U72/><E72/><V121/><F121/><W102/><REACH who="3" step="1"/><G93/><REACH who="3" ten="160,151,420,259" step="2"/><T99/><D104/><U87/><E118/><V30/><F4/><W31/><G31/><T81/><D29/><U80/><E92/><V75/><F30/><W23/><G23/><T74/><D33/><U83/><E17/><V131/><F131/><W124/><G124/><T28/><D28/><U110/><E110/><V128/><F128/><W61/><G61/><T62/><D62/><U69/><E69/><V6/><F6/><W63/><G63/><T95/><D95/><U134/><E134/><V70/><F5/><W10/><G10/><T77/><D9/><U20/><E20/><V8/><F7/><W129/><G129/><RYUUKYOKU ba="1,1" sc="160,-10,151,-10,420,-10,259,30" hai3="36,39,48,49,55,57,58,73,76,82,100,101,102" /><INIT seed="3,2,1,2,3,80" ten="150,141,410,289" oya="3" hai0="110,50,98,51,131,10,4,2,116,88,121,124,95" hai1="85,34,17,115,29,54,25,36,24,46,106,132,7" hai2="107,18,102,69,122,15,68,19,97,60,43,64,86" hai3="79,127,123,0,117,27,74,6,100,135,126,12,77"/><W78/><G0/><T111/><D116/><U133/><E106/><V49/><F122/><W35/><G117/><T114/><D121/><U8/><E115/><V41/><F69/><W113/><G123/><T71/><D114/><U40/><E54/><V104/><F104/><W87/><G113/><T28/><D124/><N who="3" m="47657" /><G135/><T96/><D131/><U5/><E85/><V22/><F49/><W65/><G65/><T45/><D71/><U72/><E72/><V70/><F70/><W53/><G100/><T81/><D28/><U130/><E130/><V118/><F118/><W93/><G74/><T52/><D81/><U9/><E24/><V101/><F101/><W14/><G53/><T55/><REACH who="0" step="1"/><D98/><REACH who="0" ten="140,141,410,289" step="2"/><U76/><E133/><V37/><F97/><W58/><G6/><T48/><D48/><U23/><E132/><V128/><F128/><W129/><G129/><T94/><D94/><U47/><E29/><V57/><F68/><W89/><G58/><AGARI ba="2,2" hai="2,4,10,45,50,51,52,55,58,88,95,96,110,111" machi="58" ten="40,5200,0" yaku="1,1,54,2,53,0" doraHai="80" doraHaiUra="109" who="0" fromWho="3" sc="140,78,141,0,410,0,289,-58" /><INIT seed="4,0,0,2,2,133" ten="218,141,410,231" oya="0" hai0="103,132,108,81,84,131,119,122,11,29,128,39,94" hai1="48,45,32,6,123,13,109,60,9,112,117,106,130" hai2="7,124,33,69,77,80,135,110,1,2,15,25,107" hai3="54,3,73,89,104,79,21,26,56,49,41,38,23"/><T115/><D39/><U42/><E109/><V68/><F135/><W78/><G3/><T114/><D132/><U14/><E112/><N who="0" m="43049" /><D29/><U87/><E117/><V22/><F107/><W134/><G104/><T31/><D31/><U116/><E116/><V20/><F110/><W70/><G134/><T83/><D11/><U63/><E123/><V16/><F1/><W40/><G70/><T62/><D62/><U0/><E106/><V19/><F33/><W74/><G89/><T76/><D119/><U98/><E98/><V127/><F7/><W111/><G111/><T88/><D108/><U121/><E121/><V66/><F66/><W90/><G90/><T58/><D58/><U67/><E32/><V27/><F2/><W85/><G85/><T97/><D122/><U57/><E130/><V92/><F92/><W64/><G64/><T47/><D47/><U37/><E63/><V61/><F15/><W91/><G91/><T86/><AGARI ba="0,0" hai="76,81,83,84,86,88,94,97,103,128,131" m="43049" machi="86" ten="30,11700,0" yaku="15,1,34,2,54,1" doraHai="133" who="0" fromWho="0" sc="218,117,141,-39,410,-39,231,-39" /><INIT seed="4,1,0,1,5,9" ten="335,102,371,192" oya="0" hai0="128,102,106,11,109,85,49,21,130,56,60,51,122" hai1="78,83,41,81,2,92,29,132,72,129,98,71,1" hai2="18,14,105,28,24,58,55,34,93,126,5,70,45" hai3="17,86,40,27,44,108,118,91,124,67,80,61,127"/><T90/><D122/><U50/><E129/><V119/><F105/><W111/><G118/><T104/><D109/><U19/><E71/><V101/><F119/><W35/><G35/><T135/><D135/><U103/><E132/><V100/><F70/><W57/><G27/><T23/><D106/><U95/><E29/><V16/><F126/><N who="3" m="48171" /><G17/><T0/><D102/><U87/><E92/><V64/><F5/><W59/><G59/><T76/><D104/><U48/><E19/><V125/><F18/><W12/><G12/><T73/><D76/><U39/><E39/><AGARI ba="1,0" hai="39,40,44,57,61,67,80,86,91,108,111" m="48171" machi="39" ten="30,1000,0" yaku="18,1" doraHai="9" who="3" fromWho="1" sc="335,0,102,-13,371,0,192,13" /><INIT seed="5,0,0,3,5,27" ten="335,89,371,205" oya="1" hai0="61,90,2,57,13,55,126,114,8,123,19,29,76" hai1="101,23,14,128,36,42,5,100,88,70,43,11,53" hai2="60,6,1,7,111,31,59,95,86,74,93,92,9" hai3="77,35,89,124,32,62,44,135,99,125,69,12,127"/><U75/><E128/><V98/><F111/><W68/><G135/><T130/><D114/><U48/><E70/><N who="3" m="27242" /><G77/><T10/><D130/><U103/><E75/><V54/><F74/><W34/><G62/><T79/><D126/><U73/><E73/><V122/><F122/><W134/><G134/><T78/><D123/><U66/><E36/><V83/><F7/><W131/><G131/><T63/><D90/><U80/><E23/><V38/><F38/><W50/><G12/><T97/><D97/><U22/><E22/><V104/><F104/><W41/><G89/><T72/><D72/><U56/><REACH who="1" step="1"/><E66/><REACH who="1" ten="335,79,371,205" step="2"/><V118/><F118/><W65/><G65/><T28/><REACH who="0" step="1"/><D63/><REACH who="0" ten="325,79,371,205" step="2"/><U84/><AGARI ba="0,2" hai="5,11,14,42,43,48,53,56,80,84,88,100,101,103" machi="84" ten="30,18000,2" yaku="1,1,2,1,0,1,8,1,54,1,53,1" doraHai="27" doraHaiUra="3" who="1" fromWho="1" sc="325,-60,79,200,371,-60,205,-60" /><INIT seed="5,1,0,5,3,17" ten="265,279,311,145" oya="1" hai0="15,95,56,108,131,92,1,47,4,6,132,109,58" hai1="100,62,28,129,31,34,32,29,79,97,121,98,30" hai2="93,20,22,127,39,135,10,2,67,111,36,18,33" hai3="83,74,96,125,44,37,118,75,104,82,90,105,78"/><U42/><E121/><V60/><F111/><W84/><G37/><T116/><D1/><U102/><E129/><V26/><F33/><W112/><G44/><T64/><D47/><U76/><E42/><V128/><F128/><W7/><G7/><T48/><D131/><U113/><E113/><V91/><F135/><W11/><G11/><T69/><D69/><U110/><E110/><V115/><F115/><W117/><G112/><T66/><D15/><U120/><E120/><V59/><F127/><W81/><G125/><T45/><D45/><U23/><E62/><V55/><F2/><W50/><G50/><T8/><D8/><U70/><E70/><V119/><F119/><N who="3" m="45579" /><G78/><N who="1" m="29738" /><E32/><V89/><F89/><W51/><G51/><T134/><D116/><U13/><E34/><V0/><F67/><W130/><G130/><T123/><D48/><U53/><E53/><V99/><F0/><W27/><G27/><T124/><D124/><U101/><E13/><N who="2" m="9295" /><F10/><W40/><G40/><T71/><D71/><U43/><E43/><V21/><F21/><W46/><G46/><T88/><D123/><U16/><E29/><V103/><F36/><W52/><G52/><T19/><D19/><U77/><E77/><V3/><F3/><W87/><G96/><T5/><D5/><U65/><E65/><V25/><F39/><W35/><G35/><T114/><D114/><U12/><AGARI ba="1,0" hai="12,16,23,28,30,31,97,98,100,101,102" m="29738" machi="12" ten="40,7800,0" yaku="8,1,52,1,54,1" doraHai="17" who="1" fromWho="1" sc="265,-27,279,81,311,-27,145,-27" /><INIT seed="5,2,0,5,5,18" ten="238,360,284,118" oya="1" hai0="9,28,40,104,80,108,121,96,12,87,42,17,130" hai1="103,128,21,99,69,81,44,13,133,0,111,7,47" hai2="59,25,52,79,33,85,60,120,118,29,119,8,100" hai3="75,64,27,97,26,38,112,58,102,49,36,30,15"/><U39/><E69/><V115/><F120/><W66/><G112/><T20/><D108/><U93/><E128/><V92/><F115/><W31/><G75/><T11/><D130/><U2/><E111/><V83/><REACH who="2" step="1"/><F8/><REACH who="2" ten="238,360,274,118" step="2"/><W61/><G36/><T37/><D121/><U73/><E133/><V90/><F90/><W89/><G38/><T70/><D37/><U110/><E110/><V88/><F88/><W86/><G49/><T16/><D9/><U57/><E103/><V1/><F1/><W131/><G131/><T68/><D68/><U32/><E0/><V5/><F5/><W22/><G15/><T51/><D70/><U4/><E2/><V19/><F19/><W105/><G89/><T95/><D51/><U107/><E39/><V129/><F129/><W113/><G113/><T94/><D17/><U56/><E4/><V54/><F54/><W55/><REACH who="3" step="1"/><G86/><REACH who="3" ten="238,360,274,108" step="2"/><T43/><D87/><U63/><E13/><V34/><F34/><AGARI ba="2,2" hai="22,26,27,30,31,34,55,58,61,64,66,97,102,105" machi="34" ten="30,7700,0" yaku="1,1,2,1,7,1,52,1,53,0" doraHai="18" doraHaiUra="10" who="3" fromWho="2" sc="238,0,360,0,274,-83,108,103" /><INIT seed="6,0,0,4,5,73" ten="238,360,191,211" oya="2" hai0="74,11,89,9,113,97,59,16,122,133,36,14,68" hai1="20,49,102,105,61,51,96,127,95,28,31,18,120" hai2="83,111,130,92,67,48,52,55,110,50,86,118,22" hai3="42,80,119,12,17,3,58,23,121,134,25,131,114"/><V103/><F118/><W8/><G119/><T0/><D122/><U1/><E1/><V99/><F130/><W32/><G121/><T123/><D123/><U13/><E120/><V15/><F67/><W91/><G131/><T76/><D68/><U88/><E127/><V65/><F65/><W57/><G134/><T27/><D36/><U34/><E61/><V81/><F81/><W47/><G114/><T71/><D71/><U41/><E34/><V69/><F69/><W39/><G3/><T35/><D113/><U79/><E79/><V30/><F30/><W37/><G37/><T64/><D133/><U116/><E116/><V107/><F107/><W125/><G32/><T100/><D89/><U128/><E128/><V98/><F98/><W33/><G33/><T85/><D74/><U63/><E63/><V40/><F40/><W43/><G43/><T87/><D59/><U10/><E41/><V84/><F84/><W115/><G125/><T77/><D87/><U78/><E78/><N who="2" m="46455" /><F22/><W126/><G126/><T4/><D85/><U72/><E72/><V93/><F93/><W26/><G115/><T90/><D64/><U6/><E105/><V129/><F129/><W19/><G80/><T124/><D124/><U101/><E28/><V135/><F135/><W21/><REACH who="3" step="1"/><G91/><REACH who="3" ten="238,360,191,201" step="2"/><T53/><D90/><U5/><E88/><V2/><F2/><W106/><G106/><N who="0" m="63759" /><D77/><U60/><E102/><V75/><F75/><W54/><G54/><N who="2" m="20521" /><F15/><W44/><G44/><T132/><D76/><U108/><E13/><V117/><F117/><W66/><G66/><T109/><D132/><RYUUKYOKU ba="0,1" sc="238,-15,360,-15,191,15,201,15" hai2="48,50,92,99,103,110,111" hai3="8,12,17,19,21,23,25,26,39,42,47,57,58" /><INIT seed="6,1,1,5,5,92" ten="223,345,206,216" oya="2" hai0="75,66,115,112,4,40,24,134,81,15,131,80,79" hai1="108,64,126,27,105,74,62,106,122,39,125,5,49" hai2="29,127,104,129,111,60,88,14,13,72,16,50,51" hai3="89,26,46,91,116,19,90,9,135,53,57,6,63"/><V83/><F104/><W87/><G116/><T8/><D131/><U58/><E39/><V94/><F129/><W65/><G135/><T107/><D134/><U76/><E108/><V73/><F127/><N who="1" m="48649" /><E122/><V25/><F111/><W3/><G46/><T38/><D107/><U86/><E74/><V55/><F60/><W133/><G133/><T18/><D66/><U30/><E5/><V120/><F120/><W103/><G103/><T95/><D81/><N who="1" m="47399" /><E49/><V121/><F121/><W17/><G65/><T130/><D130/><U128/><E128/><V52/><F73/><W110/><G110/><T61/><D61/><U123/><E123/><V100/><F83/><W96/><G96/><T56/><D38/><U12/><E12/><N who="2" m="4715" /><F100/><W101/><G101/><T114/><D114/><U124/><E124/><V7/><F7/><W54/><G87/><T43/><D115/><U109/><E109/><V44/><F72/><W48/><G26/><T1/><D112/><U77/><E77/><V0/><F0/><W41/><G41/><T28/><D40/><U99/><E99/><N who="2" m="57799" /><F29/><W113/><G113/><T2/><D2/><U34/><AGARI ba="1,1" hai="27,30,34,58,62,64,105,106" m="47399,48649" machi="34" ten="30,1100,0" yaku="18,1" doraHai="92" who="1" fromWho="1" sc="223,-4,345,24,206,-6,216,-4" /><INIT seed="7,0,0,5,0,17" ten="219,369,200,212" oya="3" hai0="94,28,39,80,63,23,36,11,96,54,34,109,22" hai1="124,103,2,7,101,119,49,122,62,114,47,84,30" hai2="81,38,65,95,75,132,90,77,44,91,8,70,31" hai3="93,37,115,106,10,78,9,66,111,135,15,21,121"/><W1/><G106/><T79/><D109/><U19/><E122/><V99/><F132/><W130/><G121/><T61/><D34/><U41/><E114/><V27/><F8/><W131/><G37/><T18/><D36/><U14/><E124/><V67/><F70/><W43/><G43/><T97/><D39/><U16/><E30/><V69/><F69/><W86/><G115/><T71/><D97/><U12/><E2/><V60/><F60/><W107/><G107/><T98/><D98/><U25/><E25/><V113/><F113/><W120/><G120/><T133/><D133/><U73/><E73/><V0/><F0/><W128/><G135/><T33/><D33/><U83/><E62/><V82/><F82/><N who="3" m="47447" /><G66/><T105/><D105/><U112/><E119/><V53/><F91/><W102/><G111/><T26/><D11/><N who="3" m="4105" /><G1/><T56/><D71/><U89/><E7/><V6/><F6/><W5/><G5/><T50/><D80/><U92/><E112/><V45/><F38/><W116/><G116/><T40/><D40/><U58/><E83/><V118/><F118/><W72/><G72/><T126/><D126/><U51/><E41/><V4/><F4/><W32/><G32/><T64/><D64/><N who="2" m="24650" /><F53/><W57/><G57/><T59/><D59/><U129/><E58/><V100/><F100/><W74/><G74/><T117/><D117/><U24/><E101/><V20/><F44/><W76/><G76/><T110/><D110/><U13/><E103/><V29/><F45/><W55/><G55/><T87/><D79/><U125/><E47/><V104/><F104/><RYUUKYOKU ba="0,0" sc="219,-10,369,-10,200,30,212,-10" hai2="20,27,29,31,75,77,81,90,95,99" owari="209,-19.1,359,45.9,230,3.0,202,-29.8" /></mjloggm>