<mjloggm ver="2.3"><GO type="169" lobby="0"/><UN n0="%E5%A7%AB%E7%95%99" n1="%63%61%74%6D%65%56%47%43" n2="%E7%A8%B2%E5%A6%BB%E3%81%A1%E3%82%83%E3%81%A3%E3%81%B4%E3%83%BC" n3="%62%69%70%73%64" dan="16,18,17,18" rate="2126.88,2266.13,2159.77,2240.36" sx="M,M,M,M"/><TAIKYOKU oya="0"/><INIT seed="0,0,0,4,2,1" ten="250,250,250,250" oya="0" hai0="103,78,23,98,82,117,97,22,12,62,115,33,11" hai1="126,124,5,37,74,108,46,95,52,101,100,39,135" hai2="13,79,134,85,10,14,48,127,3,53,56,8,35" hai3="102,112,92,47,87,58,51,27,40,9,73,32,68"/><T77/><D115/><U113/><E74/><V55/><F35/><W106/><G68/><T71/><D117/><U67/><E113/><V72/><F127/><N who="1" m="48681" /><E108/><V105/><F105/><W70/><G70/><T59/><D33/><U28/><E28/><V43/><F134/><W41/><G106/><T61/><D71/><U16/><E67/><V17/><F3/><W93/><G73/><T116/><D116/><U4/><E16/><N who="2" m="8231" /><F72/><W76/><G27/><T118/><D118/><U2/><E2/><V60/><F43/><W75/><G40/><T21/><D103/><N who="1" m="39499" /><E95/><V114/><F114/><W109/><G93/><T0/><D0/><U121/><E121/><V25/><F25/><W99/><G92/><T30/><D30/><U65/><E65/><N who="2" m="39047" /><F48/><W50/><G50/><T69/><D69/><U44/><E135/><V123/><F123/><W107/><G32/><T96/><D82/><AGARI ba="0,0" hai="10,14,17,53,55,79,82,85" m="39047,8231" machi="82" ten="30,2000,0" yaku="8,1,54,1" doraHai="1" who="2" fromWho="0" sc="250,-20,250,0,250,20,250,0" /><INIT seed="1,0,0,5,0,95" ten="230,250,270,250" oya="1" hai0="23,48,27,65,90,7,11,127,40,51,17,105,125" hai1="38,60,96,61,1,94,91,57,42,36,2,9,29" hai2="6,84,35,121,122,39,43,66,15,82,112,47,70" hai3="19,99,8,77,126,115,49,128,4,63,24,93,34"/><U104/><E29/><V109/><F35/><W56/><G128/><T28/><D65/><U53/><E104/><V92/><F109/><W74/><G126/><N who="0" m="48139" /><D105/><U71/><E42/><V69/><F112/><W41/><G74/><T107/><D107/><U118/><E118/><V120/><F66/><W55/><G77/><T111/><D40/><U81/><E71/><V86/><F86/><W83/><G83/><T13/><D90/><U5/><E1/><V76/><F92/><W44/><G115/><T85/><D85/><U31/><E60/><V79/><F79/><W21/><G34/><N who="0" m="20767" /><D111/><U3/><E3/><AGARI ba="0,0" hai="3,7,11,13,17,23,48,51" m="20767,48139" machi="3" ten="30,2000,0" yaku="24,1,18,1" doraHai="95" who="0" fromWho="1" sc="230,20,250,-20,270,0,250,0" /><INIT seed="2,0,0,0,5,94" ten="250,230,270,250" oya="2" hai0="109,43,34,61,113,45,120,39,125,57,1,107,79" hai1="105,84,98,73,53,96,78,31,131,22,92,72,14" hai2="50,66,114,69,3,52,80,130,54,10,0,101,64" hai3="132,44,25,81,129,115,40,90,38,24,26,49,28"/><V74/><F114/><W30/><G115/><T104/><D113/><U65/><E131/><V71/><F130/><W133/><G129/><T15/><D120/><U110/><E110/><V103/><F80/><W122/><G122/><T2/><D109/><U17/><E65/><V82/><F82/><W59/><G38/><T127/><D34/><U124/><E124/><N who="0" m="47689" /><D15/><U134/><E134/><N who="3" m="51818" /><G59/><T85/><D85/><AGARI ba="0,0" hai="24,25,26,28,30,40,44,49,81,85,90" m="51818" machi="85" ten="30,1000,0" yaku="20,1" doraHai="94" who="3" fromWho="0" sc="250,-10,230,0,270,0,250,10" /><INIT seed="3,0,0,0,0,76" ten="240,230,270,260" oya="3" hai0="121,2,27,59,24,69,106,75,35,50,41,78,23" hai1="45,130,1,74,4,129,86,119,10,85,11,60,120" hai2="107,21,118,126,113,70,64,34,87,16,98,22,8" hai3="54,116,6,53,83,65,44,52,47,132,134,80,124"/><W31/><G116/><T14/><D121/><U127/><E74/><V68/><F113/><W79/><G124/><T30/><D69/><U32/><E32/><V67/><F34/><W37/><G65/><T97/><D2/><U108/><E120/><V5/><F118/><W101/><G31/><T94/><D106/><U103/><E119/><V15/><F126/><W110/><G110/><T71/><D71/><U131/><E127/><V13/><F68/><W17/><G6/><T19/><D78/><U12/><E108/><V109/><F109/><W117/><G117/><T18/><D75/><U89/><E103/><V7/><F70/><W29/><G29/><T81/><D81/><N who="3" m="31305" /><G79/><T84/><D84/><U38/><E60/><V123/><F87/><W49/><G101/><T104/><D104/><U72/><E89/><V112/><F107/><W43/><G17/><T135/><D18/><N who="1" m="8471" /><E72/><V122/><F112/><W88/><G88/><T63/><D19/><U128/><E130/><V105/><F105/><W96/><G96/><T56/><D30/><U40/><AGARI ba="0,0" hai="1,4,11,38,40,45,85,86,128,129,131" m="8471" machi="40" ten="40,1500,0" yaku="19,1" doraHai="76" who="1" fromWho="1" sc="240,-4,230,15,270,-4,260,-7" /><INIT seed="4,0,0,3,0,31" ten="236,245,266,253" oya="0" hai0="11,74,92,82,53,25,134,68,6,28,17,84,129" hai1="59,80,14,62,4,66,125,30,75,81,105,5,12" hai2="79,3,45,18,50,64,26,39,37,120,0,102,96" hai3="90,83,16,44,55,52,23,121,86,58,21,115,10"/><T19/><D68/><U48/><E105/><V106/><F120/><W73/><G115/><T91/><D129/><U15/><E125/><V41/><F79/><W8/><G73/><T71/><D71/><U93/><E75/><V123/><F123/><W69/><G69/><T112/><D112/><U24/><E48/><V20/><REACH who="2" step="1"/><F64/><REACH who="2" ten="236,245,256,253" step="2"/><W57/><G121/><T108/><D108/><U46/><E66/><V36/><AGARI ba="0,1" hai="0,3,18,20,26,36,37,39,41,45,50,96,102,106" machi="36" ten="30,4000,0" yaku="1,1,2,1,0,1,53,0" doraHai="31" doraHaiUra="67" who="2" fromWho="2" sc="236,-20,245,-10,256,50,253,-10" /><INIT seed="5,0,0,5,2,76" ten="216,235,306,243" oya="1" hai0="59,47,58,50,30,12,62,118,72,55,64,0,99" hai1="107,66,116,70,105,52,11,127,89,111,129,51,87" hai2="121,100,31,84,46,73,19,23,94,49,104,43,16" hai3="38,75,130,20,74,126,14,42,92,4,102,106,133"/><U78/><E116/><V69/><F121/><W125/><G38/><T5/><D118/><U39/><E39/><V79/><F69/><W82/><G42/><T131/><D131/><U33/><E33/><V25/><F73/><W91/><G4/><T32/><D72/><N who="3" m="27689" /><G14/><T90/><D32/><U93/><E127/><N who="3" m="48650" /><G20/><T101/><D30/><U6/><E111/><V44/><F104/><W68/><G68/><T67/><D0/><U40/><E129/><V29/><F46/><W26/><G26/><T7/><D90/><U110/><E78/><V113/><F113/><W27/><G27/><T119/><D119/><U8/><E8/><V41/><F41/><W36/><G36/><T71/><D12/><U112/><E112/><V65/><F65/><W15/><G15/><T123/><D123/><U3/><E110/><V124/><F31/><W96/><G133/><T114/><D114/><U135/><E40/><V22/><F22/><W35/><G35/><T80/><D71/><U54/><E54/><V24/><F24/><W56/><G56/><T109/><D109/><U98/><E98/><N who="2" m="59479" /><F124/><W120/><G120/><T17/><D58/><U115/><E135/><V53/><F43/><W57/><G57/><T37/><D37/><U95/><E115/><V128/><F128/><W48/><G130/><T9/><D67/><U34/><E34/><V85/><F29/><W108/><G108/><T134/><D134/><U88/><E66/><V81/><F19/><W21/><G21/><T122/><D17/><U61/><E70/><V77/><F77/><W86/><G106/><N who="0" m="63807" /><D64/><U1/><E1/><RYUUKYOKU ba="0,0" sc="216,-15,235,-15,306,15,243,15" hai2="16,23,25,44,49,53,79,81,84,85" hai3="48,82,86,91,92,96,102" /><INIT seed="6,1,0,3,2,60" ten="201,220,321,258" oya="2" hai0="76,121,114,111,127,86,27,133,92,126,16,10,51" hai1="65,95,9,31,117,77,80,135,32,0,8,36,88" hai2="44,40,18,79,109,108,34,45,128,49,61,85,83" hai3="94,104,123,134,24,20,113,35,4,102,38,75,97"/><V5/><F34/><W122/><G38/><T105/><D111/><N who="2" m="42570" /><F128/><W116/><G116/><T7/><D105/><U90/><E36/><V69/><F5/><W91/><G75/><T55/><D121/><U12/><E117/><V89/><F18/><W33/><G134/><T30/><D133/><U58/><E135/><V2/><F2/><W42/><G42/><T124/><D114/><U131/><E0/><V101/><F101/><W74/><G74/><T39/><D39/><U48/><E48/><V37/><F61/><W84/><G4/><T11/><D7/><U1/><E1/><V103/><F103/><W63/><G113/><T72/><D72/><U64/><E32/><V112/><F69/><W23/><G23/><N who="0" m="13799" /><D30/><U87/><E31/><V41/><F112/><W15/><G33/><T115/><D115/><U22/><E131/><V3/><F3/><W46/><G35/><T13/><D13/><U110/><E110/><V132/><F132/><W6/><G15/><T52/><D55/><U67/><E58/><V59/><F59/><W57/><G6/><T78/><D11/><U19/><REACH who="1" step="1"/><E90/><AGARI ba="1,0" hai="37,40,41,44,45,49,79,83,85,89,90" m="42570" machi="90" ten="30,1500,0" yaku="10,1" doraHai="60" who="2" fromWho="1" sc="201,0,220,-18,321,18,258,0" /><INIT seed="6,2,0,3,5,134" ten="201,202,339,258" oya="2" hai0="65,39,70,111,19,21,60,92,133,93,30,32,86" hai1="59,35,12,107,113,106,66,11,4,27,125,131,102" hai2="74,40,8,81,52,132,115,114,44,22,58,23,127" hai3="105,72,1,41,129,84,16,26,79,34,48,100,87"/><V5/><F132/><W17/><G1/><T13/><D133/><U33/><E113/><N who="2" m="43019" /><F81/><W98/><G72/><T135/><D135/><U95/><E131/><V99/><F99/><W124/><G34/><T116/><D111/><U42/><E42/><V118/><F74/><W109/><G17/><T36/><D116/><U25/><E95/><V83/><F83/><W110/><G129/><T76/><D32/><U28/><E66/><V78/><F78/><W45/><G79/><T2/><D30/><U37/><E37/><N who="2" m="21519" /><F127/><W15/><G124/><T10/><D92/><U91/><E125/><V88/><F88/><W63/><G87/><T53/><D93/><U73/><E73/><V90/><F90/><W94/><G84/><T18/><D86/><U3/><E91/><V75/><F75/><W50/><G94/><T97/><D97/><U51/><E102/><V117/><F117/><W0/><G100/><T101/><D101/><U55/><E3/><N who="2" m="63" /><F118/><W82/><G82/><T64/><D76/><U43/><E43/><V96/><F96/><W7/><G41/><T29/><D39/><U54/><E54/><V61/><AGARI ba="2,0" hai="22,23,52,58,61" m="63,21519,43019" machi="61" ten="30,3000,0" yaku="15,1,54,1" doraHai="134" who="2" fromWho="2" sc="201,-12,202,-12,339,36,258,-12" /><INIT seed="6,3,0,2,2,6" ten="189,190,375,246" oya="2" hai0="75,25,24,3,23,91,95,96,110,9,130,82,105" hai1="109,31,80,10,97,0,61,124,13,63,60,127,54" hai2="68,126,102,79,67,113,94,11,122,51,28,133,12" hai3="46,132,18,44,72,104,38,30,58,66,119,47,84"/><V87/><F122/><W16/><G72/><T85/><D110/><U15/><E109/><V117/><F117/><W106/><G38/><T64/><D130/><U35/><E80/><V93/><F113/><W59/><G119/><T111/><D111/><U120/><E120/><V70/><F28/><W36/><G36/><T125/><D125/><N who="1" m="48203" /><E97/><V1/><F1/><W49/><G30/><T26/><D64/><U69/><E69/><V40/><F133/><W118/><G106/><T116/><D116/><U42/><E42/><V41/><F41/><W52/><G104/><T27/><D105/><U8/><E0/><V128/><F128/><W73/><G73/><T83/><D75/><U88/><E88/><V121/><F121/><W86/><G132/><T134/><D134/><U21/><E54/><V48/><F70/><W76/><G118/><T37/><D37/><U5/><E35/><V92/><F102/><W43/><G43/><T98/><D83/><U74/><E74/><V131/><F131/><W129/><G129/><T17/><REACH who="0" step="1"/><D82/><REACH who="0" ten="179,190,375,246" step="2"/><U123/><E123/><V135/><F135/><W34/><G66/><T101/><D101/><U103/><E103/><V50/><F126/><W7/><G76/><T71/><D71/><U57/><E57/><V53/><F68/><W33/><G59/><T45/><D45/><U107/><E107/><V29/><F67/><W100/><G100/><T39/><D39/><U22/><E31/><V32/><F29/><W108/><G108/><T115/><D115/><U99/><E99/><V81/><F81/><W90/><G58/><T65/><D65/><RYUUKYOKU ba="3,1" sc="179,15,190,15,375,-15,246,-15" hai0="3,9,17,23,24,25,26,27,85,91,95,96,98" hai1="5,8,10,13,15,21,22,60,61,63" /><INIT seed="7,4,1,3,0,135" ten="194,205,360,231" oya="3" hai0="17,105,12,30,59,11,18,91,14,101,99,9,28" hai1="1,22,41,56,0,123,39,88,3,4,82,85,81" hai2="46,87,100,94,49,102,115,126,45,86,104,7,98" hai3="38,130,129,51,73,79,62,107,25,90,72,58,122"/><W83/><G38/><T93/><REACH who="0" step="1"/><D59/><REACH who="0" ten="184,205,360,231" step="2"/><U54/><E123/><V55/><F115/><W20/><G122/><T110/><D110/><U48/><E22/><V127/><F7/><W32/><G20/><T70/><D70/><U21/><E21/><V57/><F57/><W132/><G58/><T66/><D66/><U65/><E65/><V95/><F45/><W34/><G34/><T60/><D60/><U6/><REACH who="1" step="1"/><E82/><REACH who="1" ten="184,195,360,231" step="2"/><V52/><F46/><AGARI ba="4,3" hai="0,1,3,4,6,39,41,46,48,54,56,81,85,88" machi="46" ten="40,5200,0" yaku="1,1,2,1,54,1,53,0" doraHai="135" doraHaiUra="23" who="1" fromWho="2" sc="184,0,195,94,360,-64,231,0" /><INIT seed="8,0,0,1,2,116" ten="184,289,296,231" oya="0" hai0="49,100,66,135,107,111,48,65,39,94,8,90,132" hai1="75,110,89,60,4,103,24,32,22,55,52,36,18" hai2="46,71,95,106,38,134,20,19,76,50,96,54,115" hai3="9,99,69,45,91,58,64,113,35,119,121,5,114"/><T102/><D39/><U34/><E110/><V112/><F106/><W83/><G35/><T28/><D111/><U33/><E36/><V59/><F71/><W80/><G69/><T79/><D79/><U82/><E103/><N who="0" m="39465" /><D107/><U86/><E4/><V43/><F134/><N who="0" m="51242" /><D8/><U74/><REACH who="1" step="1"/><E60/><REACH who="1" ten="184,279,296,231" step="2"/><V104/><F104/><W126/><G114/><T40/><D28/><U37/><E37/><V85/><F112/><W120/><G113/><T72/><D72/><AGARI ba="0,1" hai="18,22,24,32,33,34,52,55,72,74,75,82,86,89" machi="72" ten="50,3200,0" yaku="1,1,54,1,53,0" doraHai="116" doraHaiUra="127" who="1" fromWho="0" sc="184,-32,279,42,296,0,231,0" owari="152,-34.8,321,42.1,296,9.6,231,-16.9" /></mjloggm>