<mjloggm ver="2.3"><GO type="225" lobby="0"/><UN n0="%E3%81%A4%E3%81%A3%E3%81%B1%E3%82%8A%E3%83%9D%E3%83%BC%E3%83%AB" n1="%E3%83%9D%E3%82%B1%E3%83%83%E3%83%88" n2="%E3%81%BE%E3%81%A8%E3%81%9F" n3="%33%74%72%65%65" dan="17,16,16,17" rate="2188.11,2052.32,2112.08,2159.19" sx="M,M,M,F"/><TAIKYOKU oya="0"/><INIT seed="0,0,0,5,1,133" ten="250,250,250,250" oya="0" hai0="25,129,49,33,84,14,11,54,64,42,34,120,23" hai1="97,62,87,70,5,74,98,125,117,63,85,122,16" hai2="52,66,124,2,73,17,104,35,93,60,76,111,109" hai3="37,95,102,101,32,29,47,121,103,127,6,58,128"/><T94/><D120/><U119/><E74/><V68/><F104/><W48/><G128/><T83/><D129/><U56/><E122/><V40/><F35/><W19/><G121/><T106/><D106/><U43/><E5/><V18/><F2/><W38/><G6/><T130/><D130/><U7/><E7/><V51/><F40/><W88/><G127/><T31/><D64/><U4/><E4/><V115/><F115/><W46/><G58/><T132/><D132/><U110/><E43/><V13/><F93/><W1/><G1/><T39/><D39/><U8/><E56/><N who="2" m="32799" /><F13/><W114/><G114/><T90/><D42/><U108/><E8/><V72/><F76/><W80/><G80/><T69/><D69/><U41/><E41/><V86/><F86/><W71/><G71/><T36/><D94/><U78/><E78/><V44/><F44/><W79/><G79/><T112/><D36/><U91/><E70/><V107/><F107/><W59/><G59/><T135/><D135/><U3/><E3/><V96/><F96/><N who="3" m="57447" /><G47/><N who="0" m="27967" /><D112/><U26/><E125/><V116/><F116/><W118/><G118/><T92/><D92/><U65/><E117/><V57/><F68/><W61/><G61/><N who="1" m="23050" /><E119/><V75/><F124/><W81/><G38/><T77/><D77/><U27/><E98/><V134/><F134/><W55/><G37/><T10/><D10/><U24/><E65/><V126/><F126/><W123/><G123/><T20/><D34/><U131/><E131/><V113/><F113/><W9/><G32/><T105/><D105/><U21/><E97/><V0/><F0/><RYUUKYOKU ba="0,0" sc="250,15,250,-15,250,15,250,-15" hai0="11,14,20,23,25,31,33,83,84,90" hai2="17,18,57,60,66,72,73,75,109,111" /><INIT seed="0,1,0,3,4,103" ten="265,235,265,235" oya="0" hai0="53,27,79,124,41,125,69,28,115,84,3,73,126" hai1="99,102,43,107,92,35,64,127,50,67,87,111,4" hai2="112,49,61,131,23,25,135,66,37,62,31,95,58" hai3="80,9,51,97,129,65,106,98,15,133,26,0,78"/><T68/><D115/><U47/><E35/><V85/><F112/><W40/><G129/><T134/><D134/><U104/><E111/><V38/><F135/><W83/><G133/><T60/><D3/><U34/><E34/><V96/><F131/><W6/><G65/><T11/><D73/><U8/><E127/><V123/><F123/><W82/><G0/><T91/><D79/><U70/><E87/><V132/><F62/><W16/><G106/><T75/><D41/><U71/><E67/><V63/><F61/><W2/><G78/><T109/><D11/><U76/><E76/><V116/><F116/><W110/><G110/><T59/><D75/><U22/><E22/><V54/><F85/><W130/><G130/><T128/><D128/><U81/><E81/><V118/><F118/><W20/><REACH who="3" step="1"/><G2/><REACH who="3" ten="265,235,265,225" step="2"/><T88/><D109/><U14/><REACH who="1" step="1"/><E64/><REACH who="1" ten="265,225,265,225" step="2"/><V10/><F132/><W52/><G52/><N who="0" m="33895" /><D126/><U29/><E29/><V119/><F119/><W33/><G33/><N who="0" m="20639" /><D53/><U74/><E74/><V48/><F54/><W57/><G57/><T13/><D125/><U113/><E113/><V24/><F58/><W45/><AGARI ba="1,2" hai="6,9,15,16,20,26,40,45,51,80,82,83,97,98" machi="45" ten="30,7900,0" yaku="1,1,0,1,8,1,54,1,53,0" doraHai="103" doraHaiUra="122" who="3" fromWho="3" sc="265,-40,225,-21,265,-21,225,102" /><INIT seed="1,0,0,3,4,78" ten="225,204,244,327" oya="1" hai0="17,43,40,98,59,104,25,103,33,79,97,35,74" hai1="118,51,30,77,32,69,64,86,88,65,20,11,50" hai2="91,100,29,6,47,82,120,73,38,117,49,75,63" hai3="5,12,24,61,84,58,83,96,31,123,107,106,19"/><U53/><E118/><V37/><F117/><W128/><G123/><T23/><D98/><U126/><E32/><V119/><F100/><W111/><G111/><T122/><D122/><U131/><E131/><V80/><F29/><W66/><G128/><T90/><D90/><U42/><E126/><V26/><F26/><W57/><G5/><T70/><D70/><U54/><E42/><V0/><F63/><W9/><G58/><T105/><D105/><U132/><E77/><V16/><F6/><W68/><G96/><T110/><D110/><U10/><E132/><V22/><F0/><W28/><G68/><T102/><D102/><U121/><E121/><V60/><F91/><W99/><G99/><T95/><D104/><U72/><E72/><V130/><F130/><W109/><G109/><T48/><D43/><U133/><E133/><V108/><F108/><W44/><G44/><T14/><D25/><N who="1" m="16679" /><E69/><V21/><F120/><W4/><G4/><T67/><D40/><U135/><E135/><V81/><F22/><W27/><G24/><T94/><D35/><U93/><E51/><V2/><F60/><W71/><G31/><T76/><D33/><U34/><E34/><V134/><F2/><W127/><G127/><T92/><D74/><N who="2" m="28170" /><F119/><W129/><G129/><T36/><D36/><U52/><E50/><V15/><F134/><W55/><G71/><T89/><D48/><U112/><E112/><V114/><F114/><W41/><G41/><T87/><D95/><U85/><E86/><V124/><F124/><W62/><G106/><T1/><D1/><U56/><E56/><RYUUKYOKU ba="0,0" sc="225,10,204,10,244,10,327,-30" hai0="14,17,23,59,67,76,79,87,89,92,94,97,103" hai1="10,11,52,53,54,64,65,85,88,93" hai2="15,16,21,37,38,47,49,80,81,82" /><INIT seed="1,1,0,3,2,20" ten="235,214,254,297" oya="1" hai0="56,65,28,36,85,21,67,16,77,38,27,70,90" hai1="23,71,64,26,66,44,100,78,73,111,32,126,114" hai2="3,37,40,118,11,102,12,51,22,82,35,89,57" hai3="79,95,130,86,52,60,41,1,134,80,88,30,115"/><U103/><E114/><V62/><F35/><W84/><G115/><T42/><D70/><U72/><E32/><V59/><F37/><W94/><G134/><T15/><D77/><U45/><E126/><V108/><F108/><W50/><G130/><T119/><D119/><U81/><E111/><V112/><F3/><W91/><G1/><T39/><D42/><U129/><E129/><V17/><F118/><W74/><G30/><T117/><D117/><U99/><E72/><V58/><F102/><W49/><G41/><T97/><D97/><U132/><E132/><V133/><F112/><W53/><G60/><T122/><D56/><U43/><E71/><V31/><F89/><W48/><AGARI ba="1,0" hai="48,49,50,52,53,74,79,80,84,86,88,91,94,95" machi="48" ten="30,7900,0" yaku="0,1,9,1,54,2" doraHai="20" who="3" fromWho="3" sc="235,-21,214,-40,254,-21,297,82" /><INIT seed="2,0,0,0,3,48" ten="214,174,233,379" oya="2" hai0="47,95,49,26,37,53,20,112,2,110,130,113,9" hai1="94,68,61,45,111,30,10,25,126,78,100,36,79" hai2="19,34,56,35,69,91,64,105,77,101,99,16,114" hai3="40,72,128,14,6,43,85,89,50,98,103,132,42"/><V71/><F114/><W55/><G72/><T97/><D110/><U129/><E111/><V75/><F56/><W115/><G132/><T63/><D130/><U96/><E129/><V70/><F64/><W12/><G128/><T29/><D37/><U123/><E126/><V59/><F59/><W28/><G28/><T17/><D63/><U21/><E123/><V102/><F102/><W119/><G119/><T73/><D73/><U74/><E74/><V66/><F66/><W51/><G115/><T122/><D122/><U32/><E21/><V1/><F1/><W27/><G27/><T44/><D44/><U117/><E117/><V13/><F91/><W93/><G6/><T57/><D47/><U5/><E36/><V41/><F19/><W3/><G3/><T46/><D46/><U39/><E68/><V82/><REACH who="2" step="1"/><F41/><REACH who="2" ten="214,174,223,379" step="2"/><W18/><G18/><T118/><D118/><U135/><E135/><V65/><F65/><W60/><G43/><T134/><D134/><U8/><E61/><V81/><F81/><N who="3" m="49327" /><G42/><T87/><D2/><N who="1" m="55" /><E39/><V62/><F62/><W52/><G60/><T58/><D113/><U11/><E45/><V67/><F67/><W4/><G40/><T116/><D112/><U86/><E78/><V125/><F125/><W90/><G103/><N who="0" m="60863" /><D116/><U121/><E121/><V33/><F33/><W80/><G90/><T106/><D58/><U124/><E124/><V88/><F88/><N who="3" m="55591" /><G80/><T0/><D0/><U109/><E109/><V127/><F127/><W83/><G83/><T76/><D17/><U133/><E133/><V15/><F15/><W38/><G14/><RYUUKYOKU ba="0,1" sc="214,-15,174,15,223,15,379,-15" hai1="10,11,25,30,32,79,86,94,96,100" hai2="13,16,34,35,69,70,71,75,77,82,99,101,105" /><INIT seed="2,1,1,0,4,62" ten="199,189,238,364" oya="2" hai0="120,119,130,6,9,109,22,123,108,45,40,19,111" hai1="84,28,0,115,61,72,14,57,11,131,25,133,7" hai2="67,42,83,97,35,37,31,39,53,3,117,82,2" hai3="26,88,105,10,21,52,103,81,54,92,5,41,113"/><V50/><F67/><W38/><G113/><T121/><D130/><U47/><E115/><V116/><F97/><W20/><G105/><T134/><D45/><U94/><E72/><V107/><F107/><W86/><G38/><T4/><D40/><U129/><E133/><V8/><F53/><W59/><G41/><T112/><D112/><U68/><E68/><V89/><F42/><W93/><G21/><T49/><D49/><U77/><E47/><V58/><F58/><W99/><G81/><T102/><D102/><U34/><E0/><V15/><F50/><W32/><G32/><T46/><D46/><U44/><E44/><V43/><F43/><W100/><G100/><T24/><D134/><U75/><E75/><V18/><F89/><W56/><G59/><T74/><D74/><U71/><E71/><V36/><F2/><W104/><G104/><T55/><D55/><U13/><E14/><V33/><F3/><W127/><G127/><T29/><D119/><U106/><E106/><V80/><REACH who="2" step="1"/><F31/><REACH who="2" ten="199,189,228,364" step="2"/><N who="3" m="17863" /><G56/><T70/><D70/><U91/><REACH who="1" step="1"/><E77/><REACH who="1" ten="199,179,228,364" step="2"/><V69/><F69/><W96/><G96/><T126/><D126/><U66/><AGARI ba="1,3" hai="7,11,13,25,28,34,57,61,66,84,91,94,129,131" machi="66" ten="30,8000,1" yaku="1,1,2,1,0,1,52,1,53,1" doraHai="62" doraHaiUra="30" who="1" fromWho="1" sc="199,-21,179,113,228,-41,364,-21" /><INIT seed="3,0,0,4,1,118" ten="178,292,187,343" oya="3" hai0="90,117,61,51,124,8,83,57,16,77,54,45,88" hai1="52,107,0,6,131,49,3,135,101,110,27,122,97" hai2="17,14,81,21,38,31,35,126,113,55,114,69,20" hai3="111,123,25,28,36,67,78,87,46,10,74,100,33"/><W82/><G123/><T125/><D117/><U59/><E110/><V11/><F69/><W84/><G111/><T93/><D16/><U19/><E131/><V60/><F38/><W91/><G67/><N who="0" m="39343" /><D8/><U89/><E135/><V121/><F121/><W41/><G91/><T79/><D93/><U103/><E122/><V26/><F81/><W134/><G134/><T29/><D29/><U12/><E27/><V115/><F55/><W68/><G68/><T132/><D132/><U43/><E43/><V64/><F60/><W133/><G133/><T15/><D15/><U48/><E48/><V39/><F64/><W53/><G100/><T108/><D108/><U72/><E6/><V65/><F65/><W18/><G53/><T23/><D23/><N who="2" m="8778" /><F39/><W129/><G129/><T2/><D2/><U4/><E4/><V56/><F56/><W30/><G30/><T13/><D13/><U34/><E34/><V32/><F32/><W95/><G95/><T105/><D105/><U120/><E120/><V70/><F70/><W127/><G28/><T119/><D119/><U5/><E5/><V7/><F7/><W40/><G25/><T58/><D58/><U80/><E101/><V128/><F128/><W1/><G1/><T112/><D112/><U130/><E130/><V22/><F35/><W75/><G33/><T73/><D79/><U63/><E63/><V106/><F106/><W76/><G78/><T94/><D94/><U71/><E71/><V99/><F99/><W104/><G76/><T9/><D9/><U96/><E107/><V47/><F47/><W50/><G104/><RYUUKYOKU ba="0,0" sc="178,15,292,-15,187,15,343,-15" hai0="45,51,54,73,77,83,88,90,124,125" hai2="11,14,17,22,26,31,113,114,115,126" owari="193,-30.7,277,7.7,202,-19.8,328,42.8" /></mjloggm>