<mjloggm ver="2.3"><GO type="169" lobby="0"/><UN n0="%E3%82%82%E3%81%BF%E3%81%95%E3%81%92" n1="%E5%B1%B1%E6%9C%AC%E6%83%A3%E4%B8%80%E6%9C%97" n2="%E3%80%90%E3%83%A1%E3%82%BF%E3%83%A9%E3%83%BC%E3%80%91" n3="%42%65%6E%63%68%69%6E%67" dan="16,17,17,16" rate="2152.47,2189.05,2140.27,2088.87" sx="M,M,M,M"/><TAIKYOKU oya="0"/><INIT seed="0,0,0,5,3,133" ten="250,250,250,250" oya="0" hai0="33,20,124,2,129,19,117,96,67,106,9,41,11" hai1="50,116,108,130,118,126,105,69,97,101,131,100,29" hai2="83,70,132,62,44,38,98,26,15,115,42,13,72" hai3="63,28,57,95,17,51,0,21,18,74,102,81,5"/><T47/><D117/><N who="1" m="45163" /><E29/><V92/><F115/><W23/><G0/><T35/><D67/><U84/><E50/><V32/><F132/><W79/><G5/><T61/><D61/><U22/><E22/><V112/><F112/><W10/><G51/><T55/><D55/><U77/><E69/><V82/><F32/><N who="0" m="12362" /><D96/><N who="1" m="61575" /><E108/><V34/><F34/><W40/><G40/><T75/><D75/><U86/><E126/><V6/><F26/><W73/><G73/><T36/><D106/><N who="1" m="63791" /><E77/><V94/><F6/><W111/><G111/><T128/><D2/><U107/><E107/><V59/><F70/><W8/><G57/><T39/><D39/><U46/><E46/><V114/><F114/><W49/><G49/><T16/><D124/><U56/><E56/><V64/><F94/><W90/><G63/><T87/><D19/><U109/><E109/><V27/><F27/><W103/><G28/><T31/><D31/><U127/><E127/><V119/><F119/><W122/><G8/><T12/><D9/><U4/><E4/><V65/><F65/><W58/><G10/><T135/><D11/><U88/><E84/><V25/><F25/><W110/><G110/><T78/><D135/><U7/><E7/><V134/><F134/><W99/><G58/><T123/><D87/><U66/><E66/><V14/><REACH who="2" step="1"/><F72/><REACH who="2" ten="250,250,240,250" step="2"/><W93/><G74/><T45/><D36/><U1/><E1/><V125/><F125/><W54/><G17/><T91/><D16/><U52/><E52/><V24/><F24/><W76/><G18/><T104/><D104/><U120/><E120/><V68/><F68/><RYUUKYOKU ba="0,1" sc="250,-15,250,15,240,15,250,-15" hai1="86,88,130,131" hai2="13,14,15,38,42,44,59,62,64,82,83,92,98" /><INIT seed="1,1,1,4,4,30" ten="235,265,255,235" oya="1" hai0="83,100,65,63,66,106,32,49,115,67,90,36,41" hai1="59,50,75,2,117,134,70,68,46,22,86,98,118" hai2="51,132,105,62,25,17,6,35,45,1,123,20,39" hai3="99,108,14,124,96,128,69,109,76,79,60,26,74"/><U7/><E75/><V135/><F105/><W103/><G14/><T37/><D100/><U19/><E134/><N who="2" m="51243" /><F39/><W113/><G113/><T18/><D106/><U92/><E59/><V21/><F62/><W48/><G124/><T85/><D115/><U24/><E86/><V91/><F91/><W28/><G48/><T120/><D120/><U54/><E2/><V97/><F97/><W38/><G38/><T112/><D112/><U52/><E7/><V42/><F21/><W87/><G87/><T11/><D63/><U33/><E33/><V119/><F119/><W9/><G9/><T64/><D32/><U114/><E114/><V43/><F35/><N who="3" m="20887" /><G99/><T95/><D95/><U3/><E3/><V111/><F111/><N who="3" m="42571" /><G128/><T130/><D130/><U10/><E10/><N who="2" m="2383" /><F123/><W107/><G74/><T89/><D89/><U122/><E54/><AGARI ba="1,1" hai="17,20,25,42,43,45,51,54" m="2383,51243" machi="54" ten="30,1000,0" yaku="20,1" doraHai="30" who="2" fromWho="1" sc="235,0,265,-13,255,23,235,0" /><INIT seed="2,0,0,3,2,7" ten="235,252,278,235" oya="2" hai0="100,3,67,93,123,45,41,111,127,135,129,59,131" hai1="130,18,113,57,65,117,80,43,106,61,13,75,87" hai2="28,0,71,34,72,81,132,39,20,11,133,19,25" hai3="33,120,26,92,60,124,54,32,118,62,14,99,64"/><V8/><F39/><W83/><G118/><T122/><D3/><U6/><E117/><V94/><F71/><W12/><G124/><T1/><D1/><U23/><E106/><V112/><F0/><W102/><G120/><T114/><D100/><U4/><E130/><N who="0" m="49673" /><D93/><U134/><E113/><V5/><F5/><W105/><G83/><T21/><D21/><U78/><E134/><N who="2" m="51819" /><F112/><W108/><G108/><T70/><D135/><U9/><E43/><V58/><F58/><W29/><G32/><T40/><D114/><U30/><REACH who="1" step="1"/><E75/><REACH who="1" ten="235,242,278,235" step="2"/><V104/><F104/><W24/><G105/><T79/><D40/><U2/><E2/><V38/><F38/><W63/><G64/><T116/><D41/><U51/><E51/><V48/><F48/><W47/><G54/><T49/><D67/><U68/><E68/><V15/><F94/><W95/><G95/><T85/><D70/><U90/><E90/><V84/><F72/><W82/><G92/><T16/><D49/><U56/><E56/><V110/><F110/><W96/><G102/><T86/><D59/><U10/><E10/><V91/><AGARI ba="0,1" hai="8,11,15,19,20,25,28,34,81,84,91" m="51819" machi="91" ten="30,6000,0" yaku="20,1,52,2" doraHai="7" who="2" fromWho="2" sc="235,-20,242,-20,278,70,235,-20" /><INIT seed="2,1,0,1,4,126" ten="215,222,348,215" oya="2" hai0="91,50,86,68,81,60,56,49,103,28,55,58,43" hai1="119,54,15,93,40,96,27,116,10,7,11,44,23" hai2="14,59,69,115,87,67,84,30,8,132,52,74,35" hai3="131,19,133,106,95,0,1,123,122,114,117,135,110"/><V127/><F115/><W97/><G117/><T18/><D28/><U51/><E11/><V118/><F118/><W83/><G19/><T121/><D121/><N who="3" m="46089" /><G114/><T29/><D29/><U13/><E13/><V102/><F74/><W64/><G64/><T32/><D32/><U124/><E124/><V9/><F127/><W4/><G4/><T20/><D68/><U38/><E23/><V111/><F111/><W66/><G66/><T16/><D103/><U104/><E27/><V101/><F132/><N who="3" m="50763" /><G110/><T92/><D43/><U130/><E104/><V41/><F67/><W21/><G21/><T80/><D18/><U71/><E130/><V65/><F65/><W62/><G62/><T76/><D58/><U22/><E22/><V120/><F69/><W88/><G106/><T99/><REACH who="0" step="1"/><D81/><REACH who="0" ten="205,222,348,215" step="2"/><U57/><E71/><V42/><F120/><W125/><G125/><T45/><D45/><U90/><AGARI ba="1,1" hai="7,10,15,38,40,44,51,54,57,90,93,96,116,119" machi="90" ten="20,1500,0" yaku="0,1,7,1" doraHai="126" who="1" fromWho="1" sc="205,-5,222,28,348,-8,215,-5" /><INIT seed="3,0,0,1,0,108" ten="200,250,340,210" oya="3" hai0="101,131,121,50,13,102,82,5,46,113,34,75,55" hai1="74,25,48,54,98,114,122,30,42,86,107,111,83" hai2="76,23,39,56,45,11,1,99,103,4,100,94,90" hai3="81,118,28,89,7,116,104,72,70,134,43,105,20"/><W3/><G20/><T22/><D121/><U16/><E122/><V124/><F124/><W15/><G15/><T6/><D34/><U52/><E74/><V60/><F76/><N who="3" m="44167" /><G28/><T69/><D69/><U40/><E111/><V109/><F109/><W38/><G89/><T58/><D131/><U33/><E114/><V57/><F57/><W53/><G53/><T65/><D113/><U14/><E54/><V77/><F77/><W67/><G134/><T110/><D110/><U64/><E64/><V29/><F45/><N who="3" m="23799" /><G67/><T12/><D82/><U71/><E71/><V129/><F39/><W26/><G26/><T132/><D75/><U95/><E107/><N who="3" m="41034" /><G70/><T127/><D132/><U9/><E95/><V36/><F129/><W115/><G115/><T93/><D93/><U68/><E98/><V0/><F36/><W87/><G87/><T62/><D127/><U96/><E96/><V123/><F1/><W8/><AGARI ba="0,0" hai="3,7,8,116,118" m="41034,23799,44167" machi="8" ten="30,3000,0" yaku="25,1,23,1" doraHai="108" who="3" fromWho="3" sc="200,-10,250,-10,340,-10,210,30" /><INIT seed="3,1,0,1,1,84" ten="190,240,330,240" oya="3" hai0="125,8,65,79,11,25,35,100,22,0,114,73,121" hai1="98,69,43,64,26,135,95,113,120,85,15,16,33" hai2="132,76,131,82,78,130,14,37,103,122,1,127,18" hai3="58,62,47,77,94,90,115,44,89,23,129,10,46"/><W118/><G118/><T68/><D121/><U60/><E120/><V128/><F1/><W5/><G115/><T49/><D35/><U124/><E113/><V59/><F37/><W88/><G129/><T80/><D114/><U50/><E124/><V7/><F7/><W86/><G77/><T116/><D116/><U53/><E43/><V56/><F122/><W24/><G10/><T20/><D125/><U6/><E6/><V32/><F32/><W40/><G5/><T92/><D0/><U28/><E85/><V99/><F132/><W112/><G40/><T55/><D65/><U109/><E109/><V21/><F127/><W111/><G111/><T2/><D68/><U66/><E135/><V71/><F71/><W105/><G105/><T9/><D2/><U107/><E107/><N who="2" m="63999" /><F78/><W74/><G74/><AGARI ba="1,0" hai="14,18,21,56,59,74,76,82,128,130,131" m="63999" machi="74" ten="30,1000,0" yaku="19,1" doraHai="84" who="2" fromWho="3" sc="190,0,240,0,330,13,240,-13" /><INIT seed="4,0,0,0,0,17" ten="190,240,343,227" oya="0" hai0="41,51,110,40,77,73,75,53,91,97,44,74,125" hai1="50,52,64,21,39,19,16,2,32,107,26,54,90" hai2="92,70,60,72,11,80,28,76,89,35,132,79,10" hai3="82,5,134,102,25,130,101,9,13,47,67,61,20"/><T68/><D68/><U88/><E39/><V103/><F79/><W59/><G134/><T46/><D77/><U113/><E2/><V36/><F36/><W116/><G130/><T111/><D125/><U0/><E0/><V8/><F103/><W131/><G131/><T96/><D53/><U23/><E32/><V1/><F132/><W22/><G116/><T27/><D27/><N who="1" m="14759" /><E107/><V12/><F12/><W24/><G47/><T48/><REACH who="0" step="1"/><D91/><REACH who="0" ten="180,240,343,227" step="2"/><N who="1" m="34859" /><E113/><V69/><F69/><W49/><G82/><T83/><D83/><U93/><E64/><V63/><F80/><W38/><G38/><T126/><D126/><U45/><E93/><V7/><F92/><W120/><G120/><T42/><D42/><AGARI ba="0,1" hai="19,23,26,42,45,50,52,54" m="34859,14759" machi="42" ten="30,12000,2" yaku="8,1,52,2,54,3" doraHai="17" who="1" fromWho="0" sc="180,-120,240,130,343,0,227,0" /><INIT seed="5,0,0,3,5,92" ten="60,370,343,227" oya="1" hai0="6,29,90,59,76,102,15,5,58,64,27,128,91" hai1="114,39,35,9,63,17,85,99,127,12,38,56,40" hai2="43,77,52,104,108,98,33,3,132,7,14,2,67" hai3="8,133,69,26,117,48,20,112,4,53,25,84,109"/><U93/><E35/><V95/><F108/><W60/><G109/><T30/><D128/><U24/><E114/><V19/><F33/><W13/><G133/><T115/><D115/><U122/><E122/><V46/><F104/><W51/><G112/><T22/><D76/><U68/><E127/><V81/><F132/><W131/><G131/><T87/><D30/><U21/><E68/><V111/><F67/><W94/><G117/><T129/><D129/><U116/><E85/><V62/><F111/><W49/><G69/><T41/><D41/><U0/><E0/><V118/><F7/><W135/><G135/><T86/><D102/><U55/><E40/><V97/><F3/><W42/><G42/><T65/><D29/><U123/><E116/><V105/><F95/><W72/><G72/><T75/><D75/><U103/><REACH who="1" step="1"/><E123/><REACH who="1" ten="60,360,343,227" step="2"/><V37/><F2/><W61/><G84/><T36/><D86/><U120/><E120/><V130/><F118/><W80/><G80/><T34/><D87/><U47/><E47/><V82/><F130/><W78/><G78/><T32/><D32/><U66/><E66/><V110/><F110/><W23/><G53/><T88/><D34/><U28/><AGARI ba="0,1" hai="9,12,17,21,24,28,38,39,55,56,63,93,99,103" machi="28" ten="20,7800,0" yaku="1,1,0,1,7,1,52,1,53,0" doraHai="92" doraHaiUra="124" who="1" fromWho="1" sc="60,-26,360,88,343,-26,227,-26" /><INIT seed="5,1,0,3,3,27" ten="34,448,317,201" oya="1" hai0="54,96,37,45,3,8,110,79,51,62,10,32,126" hai1="71,95,68,78,113,104,70,133,134,47,123,119,83" hai2="21,102,86,29,25,135,24,82,101,77,130,59,122" hai3="58,107,120,89,80,50,2,81,15,31,66,56,129"/><U112/><E119/><V0/><F122/><W23/><G2/><T88/><D110/><U7/><E104/><V128/><F0/><W118/><G107/><T49/><D126/><U30/><E123/><V20/><F135/><N who="1" m="51721" /><E7/><V14/><F14/><W124/><G129/><N who="2" m="49769" /><F59/><W34/><G124/><T100/><D37/><U63/><E47/><V60/><F60/><N who="3" m="38151" /><G34/><T109/><D32/><U65/><E95/><V105/><F105/><W9/><G118/><T87/><D109/><U19/><E19/><AGARI ba="1,0" hai="19,20,21,24,25,29,77,82,86,101,102" m="49769" machi="19" ten="30,2000,0" yaku="19,1,52,1" doraHai="27" who="2" fromWho="1" sc="34,0,448,-23,317,23,201,0" /><INIT seed="6,0,0,2,3,44" ten="34,425,340,201" oya="2" hai0="123,7,5,129,3,12,79,93,26,62,81,34,112" hai1="64,131,119,2,29,4,78,17,42,36,71,49,113" hai2="45,95,98,21,20,116,73,75,41,92,23,59,80" hai3="51,85,103,28,134,9,101,35,10,97,63,133,11"/><V87/><F116/><W107/><G85/><T96/><D123/><U105/><E105/><V83/><F59/><W25/><G101/><T14/><D112/><U122/><E119/><V39/><F95/><W56/><REACH who="3" step="1"/><G51/><REACH who="3" ten="34,425,340,191" step="2"/><T48/><D48/><U94/><E49/><V53/><F53/><AGARI ba="0,1" hai="9,10,11,25,28,35,53,56,63,97,103,107,133,134" machi="53" ten="40,2600,0" yaku="1,1,2,1,53,0" doraHai="44" doraHaiUra="70" who="3" fromWho="2" sc="34,0,425,0,340,-26,191,36" /><INIT seed="7,0,0,4,5,80" ten="34,425,314,227" oya="3" hai0="118,31,25,12,49,86,43,40,68,101,17,44,97" hai1="1,8,132,3,73,124,35,20,122,34,98,91,48" hai2="113,27,16,21,96,10,123,104,126,53,102,87,0" hai3="74,29,103,15,76,19,66,18,133,125,7,42,89"/><W57/><G125/><T13/><D118/><U62/><E73/><V111/><F111/><W107/><G133/><T77/><D68/><U94/><E122/><V70/><F123/><W127/><G127/><T38/><D38/><U50/><E124/><V46/><F113/><W32/><G74/><T130/><D130/><U6/><E132/><V47/><F70/><W24/><G76/><T95/><D40/><U41/><E1/><V22/><F126/><W45/><G107/><T90/><D77/><U72/><E72/><V60/><F22/><W56/><G103/><T106/><D17/><U105/><E105/><V5/><F60/><W108/><G108/><T61/><D61/><U93/><E50/><V2/><F2/><W54/><G66/><T112/><D112/><U81/><E81/><V36/><F53/><W28/><G28/><T75/><D75/><U78/><E78/><V120/><F120/><W129/><G129/><T9/><D9/><U67/><E20/><V39/><F39/><W109/><G109/><T114/><D114/><U134/><E93/><V83/><REACH who="2" step="1"/><F36/><REACH who="2" ten="34,425,304,227" step="2"/><W64/><G64/><T88/><D90/><AGARI ba="0,1" hai="0,5,10,16,21,27,46,47,83,87,90,96,102,104" machi="90" ten="30,8000,1" yaku="1,1,2,1,7,1,52,1,54,1,53,0" doraHai="80" doraHaiUra="26" who="2" fromWho="0" sc="34,-80,425,0,304,90,227,0" owari="-46,-54.6,425,52.5,394,19.4,227,-17.3" /></mjloggm>