<mjloggm ver="2.3"><GO type="169" lobby="0"/><UN n0="%E8%B5%A4%E6%AF%9B%E3%81%AE%E3%82%AD%E3%83%A7%E3%83%B3" n1="%E8%B5%A4%E4%BA%94%E7%AB%8B%E7%9B%B4" n2="%E2%84%83%2D%75%74%65" n3="%50%65%74%65%72%50%61%6E" dan="18,16,17,17" rate="2328.39,2144.37,2193.49,2212.61" sx="M,F,M,M"/><TAIKYOKU oya="0"/><INIT seed="0,0,0,3,5,121" ten="250,250,250,250" oya="0" hai0="109,110,41,116,7,133,128,105,125,21,4,134,89" hai1="26,93,75,69,80,17,86,87,63,64,122,70,81" hai2="12,52,85,90,3,24,10,55,62,48,124,130,46" hai3="6,47,9,103,18,112,104,94,11,27,73,106,0"/><T32/><BYE who="3" /><D116/><U33/><E122/><V65/><F130/><W126/><G126/><T118/><D118/><UN n3="%50%65%74%65%72%50%61%6E" /><U117/><E117/><V40/><F3/><W15/><G73/><T77/><D128/><U82/><E75/><V92/><F24/><W57/><G112/><T76/><D125/><U111/><E111/><N who="0" m="42505" /><D32/><U39/><E39/><V88/><F124/><W59/><G47/><T5/><D105/><U71/><E33/><V43/><F55/><W72/><G72/><T34/><D34/><U135/><E135/><N who="0" m="51721" /><D41/><U84/><E93/><V2/><F2/><W68/><G94/><T67/><D67/><U131/><E131/><V25/><F65/><W66/><G104/><T8/><D8/><U107/><E107/><V113/><F113/><W101/><G106/><T1/><D1/><U50/><E64/><V29/><F10/><W16/><G66/><T95/><D21/><N who="1" m="13615" /><E63/><V74/><F62/><W45/><G9/><T49/><D49/><AGARI ba="0,0" hai="49,50,69,70,71,80,81,82,84,86,87" m="13615" machi="49" ten="40,2600,0" yaku="29,2" doraHai="121" who="1" fromWho="0" sc="250,-26,250,26,250,0,250,0" /><INIT seed="1,0,0,2,5,42" ten="224,276,250,250" oya="1" hai0="13,71,37,46,108,79,61,93,87,55,125,131,114" hai1="126,99,45,65,113,73,57,39,102,60,5,16,70" hai2="15,67,62,111,47,135,92,7,3,50,29,26,90" hai3="123,41,95,133,130,0,76,12,8,56,17,104,83"/><U18/><E113/><V6/><F3/><W11/><G123/><T78/><D114/><U75/><E5/><V97/><F15/><W72/><G104/><T21/><D108/><U107/><E126/><V106/><F106/><W49/><G133/><T127/><D131/><U118/><E118/><V9/><F9/><W116/><G130/><T117/><D117/><U64/><E64/><V1/><F1/><W44/><G116/><T105/><D105/><U10/><E70/><V100/><F90/><W85/><G56/><T51/><D37/><U25/><E10/><V58/><F111/><W20/><G0/><T122/><D122/><U52/><E25/><V53/><REACH who="2" step="1"/><F135/><REACH who="2" ten="224,276,240,250" step="2"/><W69/><G69/><T91/><D125/><U86/><E86/><V31/><F31/><W36/><G72/><T81/><D127/><U32/><E32/><AGARI ba="0,1" hai="6,7,26,29,32,47,50,53,58,62,67,92,97,100" machi="32" ten="30,3900,0" yaku="1,1,7,1,52,1,53,0" doraHai="42" doraHaiUra="132" who="2" fromWho="1" sc="224,0,276,-39,240,49,250,0" /><INIT seed="2,0,0,1,3,29" ten="224,237,289,250" oya="2" hai0="58,75,133,56,96,109,87,57,102,80,19,121,130" hai1="44,72,67,68,95,112,84,22,11,0,105,63,85" hai2="32,64,100,51,6,26,111,134,88,13,113,27,120" hai3="91,131,126,108,97,17,74,39,83,1,55,40,41"/><V124/><F113/><W116/><G116/><T119/><D121/><U34/><E72/><V8/><F120/><W128/><G108/><T118/><D109/><U101/><E112/><V70/><F111/><W125/><G1/><T94/><D130/><N who="3" m="49705" /><G17/><T43/><D133/><U117/><E105/><V53/><F100/><W98/><G55/><T20/><D75/><U37/><E34/><V59/><F134/><W28/><G28/><T71/><D71/><U73/><E73/><V90/><F124/><N who="3" m="47723" /><G39/><T92/><D92/><U78/><E22/><V132/><F132/><W115/><G115/><T15/><REACH who="0" step="1"/><D43/><REACH who="0" ten="214,237,289,250" step="2"/><N who="3" m="16457" /><G74/><T38/><D38/><U5/><E37/><V93/><F70/><W7/><G7/><T99/><D99/><N who="3" m="37897" /><G83/><T18/><D18/><U30/><E68/><V33/><F93/><W50/><G50/><T110/><D110/><U114/><E95/><V35/><REACH who="2" step="1"/><F64/><REACH who="2" ten="214,237,279,250" step="2"/><W60/><G60/><T66/><D66/><U4/><E63/><V46/><F46/><W89/><AGARI ba="0,2" hai="89,91" m="37897,16457,47723,49705" machi="89" ten="40,8000,1" yaku="28,2,19,1,18,1" doraHai="29" who="3" fromWho="3" sc="214,-20,237,-20,279,-40,250,100" /><INIT seed="3,0,0,2,3,106" ten="194,217,239,350" oya="3" hai0="100,42,32,0,17,39,44,28,121,110,111,16,57" hai1="78,62,65,25,131,107,79,118,119,53,96,70,134" hai2="48,19,2,92,80,82,69,125,27,103,83,115,26" hai3="108,129,34,105,63,71,5,31,11,123,77,59,24"/><W120/><G129/><T67/><D121/><U58/><E131/><V114/><F69/><W116/><G116/><N who="1" m="44586" /><E134/><V98/><F2/><W87/><G105/><T128/><D128/><U112/><E112/><V46/><F125/><W135/><G71/><T45/><D0/><U33/><E33/><V56/><F56/><W84/><G135/><T18/><D100/><N who="1" m="62855" /><E25/><V97/><F97/><W36/><G36/><T89/><D45/><U86/><E86/><V61/><F61/><AGARI ba="0,0" hai="53,58,61,62,65,70,78,79" m="62855,44586" machi="61" ten="30,1000,0" yaku="12,1" doraHai="106" who="1" fromWho="2" sc="194,0,217,10,239,-10,350,0" /><INIT seed="4,0,0,1,4,77" ten="194,227,229,350" oya="0" hai0="24,32,92,115,33,58,100,126,93,117,2,84,30" hai1="109,88,64,132,71,43,134,112,89,0,41,29,55" hai2="52,95,82,133,10,78,98,80,4,94,108,105,127" hai3="5,44,96,75,125,79,47,81,25,72,57,83,73"/><T111/><D117/><U104/><E109/><V129/><F108/><W20/><G125/><T23/><D111/><U19/><E0/><V69/><F69/><W61/><G5/><T1/><D126/><U51/><E29/><V46/><F127/><W48/><G96/><T36/><D36/><U63/><E104/><V38/><F129/><W124/><G124/><T8/><D115/><U13/><E112/><V62/><F133/><N who="1" m="51305" /><E41/><V102/><F38/><W68/><G68/><T67/><D93/><U66/><E66/><V106/><F106/><W103/><G103/><T26/><D8/><N who="1" m="6567" /><E43/><V118/><F118/><W39/><G39/><T74/><D74/><U91/><E51/><V15/><F46/><W70/><G70/><T97/><D84/><U7/><E55/><V16/><F4/><AGARI ba="0,0" hai="4,7,63,64,71,88,89,91" m="6567,51305" machi="4" ten="30,2000,0" yaku="20,1,54,1" doraHai="77" who="1" fromWho="2" sc="194,0,227,20,229,-20,350,0" /><INIT seed="5,0,0,0,2,28" ten="194,247,209,350" oya="1" hai0="16,100,29,129,0,117,74,51,38,92,133,128,106" hai1="119,52,41,10,113,59,12,104,125,45,34,17,97" hai2="9,131,13,72,109,49,86,103,61,111,110,132,82" hai3="91,3,42,99,70,54,78,84,4,120,35,5,85"/><U21/><E119/><V116/><F116/><W50/><G120/><T71/><D117/><U134/><E125/><V15/><F131/><N who="0" m="50250" /><D38/><U22/><E113/><V31/><F132/><W8/><G70/><T88/><D0/><U32/><E134/><V68/><F72/><W122/><G122/><T6/><D133/><U118/><E118/><V93/><F31/><W80/><G42/><T79/><D6/><U53/><E21/><V89/><F49/><W83/><G5/><T18/><D71/><U27/><E97/><V75/><F103/><W115/><G115/><T66/><D66/><U11/><E104/><V69/><F61/><W114/><G114/><T26/><D51/><U94/><E94/><V90/><F15/><W65/><G65/><T127/><D127/><U107/><E107/><V123/><F123/><W57/><REACH who="3" step="1"/><G99/><REACH who="3" ten="194,247,209,340" step="2"/><N who="0" m="61727" /><D74/><U126/><E126/><V7/><REACH who="2" step="1"/><F75/><REACH who="2" ten="194,247,199,340" step="2"/><W96/><G96/><AGARI ba="0,2" hai="7,9,13,68,69,82,86,89,90,93,96,109,110,111" machi="96" ten="40,2600,0" yaku="1,1,2,1,53,0" doraHai="28" doraHaiUra="63" who="2" fromWho="3" sc="194,0,247,0,199,46,340,-26" /><INIT seed="6,0,0,0,3,45" ten="194,247,245,314" oya="2" hai0="16,94,111,76,66,82,108,93,79,53,128,96,118" hai1="42,14,9,1,29,127,71,91,126,20,60,125,24" hai2="8,26,104,63,7,64,36,34,120,101,70,22,119" hai3="117,87,67,4,12,88,81,58,32,27,106,33,11"/><V116/><F22/><W133/><G117/><T130/><D66/><U40/><E91/><V103/><F103/><W78/><G106/><T56/><D118/><U69/><E1/><V134/><F134/><W72/><G133/><T48/><D79/><U113/><E113/><V35/><F120/><W2/><G27/><T54/><D108/><U75/><E75/><V124/><F124/><W68/><G68/><N who="1" m="26186" /><E60/><V50/><F50/><W114/><G114/><T135/><D111/><U52/><E52/><V131/><F131/><N who="0" m="50218" /><D135/><U57/><E57/><V86/><F86/><W122/><G122/><T83/><D54/><U105/><E105/><V43/><F26/><W38/><G38/><T47/><D56/><U132/><E132/><V123/><F123/><W41/><G41/><T28/><D28/><U37/><E37/><V112/><F112/><W51/><G2/><T121/><D121/><U17/><AGARI ba="0,0" hai="9,14,17,20,24,29,40,42,125,126,127" m="26186" machi="17" ten="40,1500,0" yaku="18,1" doraHai="45" who="1" fromWho="1" sc="194,-4,247,15,245,-7,314,-4" /><INIT seed="7,0,0,1,0,108" ten="190,262,238,310" oya="3" hai0="89,32,26,38,123,36,52,35,132,82,109,27,94" hai1="45,7,87,43,19,44,24,56,39,122,22,48,58" hai2="41,74,124,105,12,15,62,5,50,120,11,57,42" hai3="67,117,85,125,20,21,77,98,81,17,93,51,1"/><W3/><G117/><T75/><D109/><U14/><E122/><V97/><F74/><W116/><G125/><T47/><D123/><U13/><E13/><V113/><F120/><W54/><G67/><T106/><D106/><U95/><E39/><V102/><F124/><W65/><G65/><T99/><D132/><U119/><E45/><V37/><F37/><W59/><G21/><T16/><D26/><U18/><E119/><V4/><F50/><W40/><G40/><T55/><D35/><U68/><E7/><V84/><F84/><W90/><G116/><T86/><D75/><U64/><E68/><V129/><F129/><W8/><G8/><T0/><D0/><U6/><E6/><V23/><F113/><W66/><G66/><T29/><D16/><U2/><E64/><V127/><F127/><W53/><G53/><T131/><D131/><U101/><E2/><V28/><F28/><W121/><G121/><T100/><REACH who="0" step="1"/><D36/><REACH who="0" ten="180,262,238,310" step="2"/><U126/><E126/><V33/><F33/><W25/><AGARI ba="0,1" hai="1,3,17,20,25,51,54,59,77,81,85,90,93,98" machi="25" ten="20,2100,0" yaku="0,1,7,1" doraHai="108" who="3" fromWho="3" sc="180,-7,262,-7,238,-7,310,31" owari="173,-32.7,255,5.5,231,-16.9,341,44.1" /></mjloggm>