<mjloggm ver="2.3"><GO type="169" lobby="0"/><UN n0="%6E%69%6E%6A%61%68" n1="%E3%82%89%E3%81%84%E3%81%B5%E3%81%8C%E3%83%BC%E3%81%A9%E3%81%99%E3%81%8D" n2="%E3%81%97%E3%82%82%E3%82%93%E3%81%AC" n3="%E3%83%A4%E3%83%8A%E3%83%AA%E3%83%B3%E3%82%B9%E3%82%AD%E3%83%BC" dan="16,17,16,17" rate="2112.38,2099.46,2158.60,2147.86" sx="M,M,M,M"/><TAIKYOKU oya="0"/><INIT seed="0,0,0,0,0,89" ten="250,250,250,250" oya="0" hai0="124,51,66,128,8,27,52,29,16,100,113,82,121" hai1="61,23,22,77,104,12,92,73,90,5,125,112,93" hai2="2,95,102,30,26,86,108,21,101,111,134,83,24" hai3="55,49,96,32,106,3,107,45,119,19,75,39,80"/><T54/><D113/><U123/><E104/><V103/><F134/><W43/><G119/><T31/><D121/><U60/><E123/><V74/><F74/><W118/><G118/><T85/><D128/><U132/><E112/><V97/><F2/><W10/><G32/><T48/><D124/><U129/><E125/><V18/><F108/><W127/><G127/><T37/><D66/><U56/><E129/><V14/><F111/><W69/><G69/><T116/><D37/><U59/><E132/><V33/><REACH who="2" step="1"/><F26/><REACH who="2" ten="250,250,240,250" step="2"/><W62/><G3/><T114/><D116/><U64/><E73/><V130/><F130/><W1/><G1/><T0/><D0/><U99/><E77/><AGARI ba="0,1" hai="14,18,21,24,30,33,77,83,86,95,97,101,102,103" machi="77" ten="30,7700,0" yaku="1,1,7,1,52,1,53,1" doraHai="89" doraHaiUra="17" who="2" fromWho="1" sc="250,0,250,-77,240,87,250,0" /><INIT seed="1,0,0,5,1,112" ten="250,173,327,250" oya="1" hai0="25,12,46,81,32,23,37,20,88,47,38,54,9" hai1="16,61,103,34,91,66,63,64,1,2,67,122,30" hai2="7,74,60,45,135,33,41,43,39,87,58,77,113" hai3="48,95,120,29,50,31,94,93,105,101,59,10,18"/><U133/><E122/><V109/><F74/><W131/><G120/><T42/><D32/><U79/><E133/><V104/><F104/><W19/><G105/><T117/><D117/><U4/><E103/><V132/><F33/><W129/><G101/><T84/><D25/><U73/><E30/><N who="3" m="11274" /><G59/><T110/><D110/><U14/><E34/><V111/><F7/><W44/><G10/><T71/><D71/><U56/><E91/><V114/><F87/><W13/><G13/><T11/><D11/><U68/><E64/><N who="2" m="38935" /><F41/><W86/><G86/><T36/><D36/><U53/><E66/><V125/><F77/><W78/><G78/><T107/><D107/><U83/><REACH who="1" step="1"/><E4/><REACH who="1" ten="250,163,327,250" step="2"/><V134/><F125/><W6/><G6/><T89/><D89/><U102/><E102/><V0/><F0/><W76/><G76/><T97/><D97/><U17/><E17/><N who="3" m="6154" /><G44/><T49/><D37/><U100/><E100/><V35/><F35/><W98/><G98/><T128/><D128/><AGARI ba="0,1" hai="48,50,93,94,95,128,129,131" m="6154,11274" machi="128" ten="40,5200,0" yaku="28,2,19,1" doraHai="112" who="3" fromWho="0" sc="250,-52,163,0,327,0,250,62" /><INIT seed="2,0,0,0,3,110" ten="198,163,327,312" oya="2" hai0="13,16,112,90,97,43,101,66,64,135,103,128,81" hai1="6,129,46,11,24,1,50,34,96,115,39,33,92" hai2="25,37,76,67,9,99,125,118,98,83,30,51,14" hai3="130,35,72,89,93,131,109,48,75,10,133,8,17"/><V12/><F118/><W69/><G69/><T27/><D128/><N who="3" m="49193" /><G109/><T45/><D135/><U2/><E129/><V132/><F37/><W42/><G35/><T124/><D124/><U20/><E39/><V57/><F125/><W38/><G38/><T4/><D4/><U84/><E84/><V65/><F132/><W21/><G133/><T108/><D27/><U82/><E82/><V85/><F12/><N who="3" m="9383" /><G42/><T47/><D108/><U18/><E1/><V58/><F58/><W26/><G48/><T36/><D45/><U3/><E3/><V40/><F65/><W94/><G26/><T23/><D112/><U116/><E116/><V52/><F67/><W19/><G94/><T60/><D66/><U77/><E77/><V121/><F40/><W105/><G105/><T80/><D90/><U73/><E115/><V62/><F51/><W29/><G29/><T127/><D127/><U28/><E28/><V59/><F59/><W106/><G106/><T70/><REACH who="0" step="1"/><D101/><REACH who="0" ten="188,163,327,312" step="2"/><U7/><E46/><V107/><F121/><W74/><G19/><T32/><D32/><U117/><E33/><V78/><F78/><W113/><G113/><T41/><D41/><U119/><E34/><V49/><F25/><W87/><AGARI ba="0,1" hai="8,10,72,74,75,87,89,93" m="9383,49193" machi="87" ten="40,1500,0" yaku="19,1" doraHai="110" who="3" fromWho="3" sc="188,-4,163,-4,327,-7,312,25" /><INIT seed="3,0,0,3,1,38" ten="184,159,320,337" oya="3" hai0="89,49,5,37,6,25,130,96,9,80,64,113,55" hai1="27,107,48,66,60,67,59,93,39,118,108,62,13" hai2="125,33,1,34,54,76,92,63,10,17,31,68,121" hai3="56,21,124,104,114,24,75,99,100,135,14,19,72"/><W91/><G114/><T106/><D113/><U134/><E107/><V123/><F125/><W90/><G124/><T7/><D37/><U116/><E39/><V3/><F76/><W18/><G135/><T43/><D130/><U12/><E134/><V35/><F31/><W30/><G19/><T78/><D64/><U71/><E108/><V79/><F79/><W81/><G56/><T97/><D25/><U22/><E93/><V32/><F92/><W109/><G109/><T111/><D111/><U46/><E118/><V70/><F54/><W84/><REACH who="3" step="1"/><G90/><REACH who="3" ten="184,159,320,327" step="2"/><T41/><D89/><U131/><E116/><V120/><F17/><W29/><G29/><T105/><D106/><U94/><E131/><V15/><F70/><W132/><G132/><T112/><D105/><U117/><E117/><V87/><F68/><W129/><G129/><T0/><D112/><U36/><E71/><V40/><F120/><W58/><G58/><T16/><D16/><U115/><E115/><V102/><F121/><W20/><AGARI ba="0,1" hai="14,18,20,21,24,30,72,75,81,84,91,99,100,104" machi="20" ten="20,3900,0" yaku="1,1,0,1,7,1,53,0" doraHai="38" doraHaiUra="61" who="3" fromWho="3" sc="184,-13,159,-13,320,-13,327,49" /><INIT seed="3,1,0,5,0,21" ten="171,146,307,376" oya="3" hai0="0,75,8,91,26,41,112,71,15,98,88,74,6" hai1="113,124,126,86,100,2,64,52,42,29,13,39,43" hai2="35,45,70,102,119,89,103,67,54,31,30,93,68" hai3="10,85,25,107,72,99,110,115,38,134,73,11,114"/><W49/><G38/><T92/><D71/><U77/><E2/><V61/><F119/><W79/><G134/><T120/><D120/><U3/><E3/><V117/><F117/><W104/><G85/><T62/><D112/><U46/><E113/><V33/><F54/><W14/><G14/><T59/><D41/><U81/><E64/><V5/><F45/><W125/><G99/><T60/><D60/><U1/><E1/><V123/><F123/><W53/><G53/><T9/><D91/><U23/><E100/><V131/><F131/><W66/><G79/><T130/><D130/><U96/><E96/><V83/><F83/><W76/><G76/><T133/><D133/><U128/><E128/><V19/><F19/><W12/><G12/><T28/><D8/><U27/><E43/><V65/><F89/><W17/><G17/><T47/><D47/><U108/><E108/><V58/><F58/><W129/><G129/><T94/><D94/><U51/><REACH who="1" step="1"/><E13/><REACH who="1" ten="171,136,307,376" step="2"/><V127/><F102/><W90/><G66/><T132/><D132/><U118/><E118/><V122/><F103/><W40/><G40/><T116/><D0/><U101/><E101/><V63/><F67/><W80/><G110/><T105/><D116/><U111/><E111/><V22/><F65/><W56/><G115/><T36/><D105/><U135/><E135/><V57/><F68/><W4/><G114/><T69/><D69/><U32/><E32/><V78/><F35/><W34/><G107/><T50/><D15/><U84/><E84/><V37/><F70/><W48/><G104/><T18/><D98/><RYUUKYOKU ba="1,1" sc="171,-10,136,30,307,-10,376,-10" hai1="23,27,29,39,42,46,51,52,77,81,86,124,126" /><INIT seed="4,2,1,2,5,121" ten="161,166,297,366" oya="0" hai0="70,88,61,73,35,23,64,120,41,36,25,47,104" hai1="129,24,27,106,63,132,31,109,113,12,1,18,58" hai2="78,76,110,39,93,115,85,74,59,22,20,131,89" hai3="126,42,87,29,96,72,128,123,21,34,3,65,10"/><T40/><D120/><U101/><E1/><V26/><F39/><W92/><G123/><T5/><D73/><U38/><E38/><V28/><F115/><W111/><G72/><T60/><D104/><U53/><E113/><V81/><F131/><W55/><G34/><T82/><D35/><U62/><E129/><V11/><F110/><W75/><G75/><T79/><D60/><U57/><E132/><V37/><F37/><W112/><G111/><T133/><D133/><U103/><E109/><V97/><F11/><W134/><G42/><T46/><D5/><U13/><E106/><V95/><F59/><W91/><G65/><T77/><D46/><U102/><E31/><V117/><F117/><W33/><G33/><T98/><D40/><U124/><E124/><V122/><F122/><W135/><G128/><T100/><D100/><U43/><E12/><V83/><REACH who="2" step="1"/><F95/><REACH who="2" ten="161,166,287,366" step="2"/><N who="3" m="54783" /><G10/><T16/><REACH who="0" step="1"/><D82/><REACH who="0" ten="151,166,287,366" step="2"/><U67/><REACH who="1" step="1"/><E43/><REACH who="1" ten="151,156,287,366" step="2"/><V68/><F68/><W108/><G108/><T2/><D2/><U107/><E107/><V71/><F71/><W49/><G3/><T105/><D105/><U90/><E90/><V14/><F14/><W8/><G112/><T51/><D51/><U6/><E6/><V7/><F7/><W114/><G114/><T17/><D17/><U118/><E118/><V19/><F19/><W0/><G0/><T130/><D130/><U9/><AGARI ba="2,4" hai="9,13,18,24,27,53,57,58,62,63,67,101,102,103" machi="9" ten="30,4000,0" yaku="1,1,0,1,8,1,53,0" doraHai="121" doraHaiUra="84" who="1" fromWho="1" sc="151,-22,156,86,287,-12,366,-12" /><INIT seed="5,0,0,3,3,99" ten="129,242,275,354" oya="1" hai0="119,7,122,72,17,60,51,103,94,4,113,63,64" hai1="19,40,106,23,110,104,116,53,108,68,66,67,109" hai2="62,29,35,50,126,5,74,37,47,117,101,70,98" hai3="128,57,15,10,89,107,91,83,121,88,78,86,18"/><U13/><E116/><V55/><F117/><W16/><G121/><T20/><D119/><U135/><E135/><V65/><F126/><W11/><G107/><N who="1" m="41002" /><E68/><V0/><F74/><W77/><G128/><T85/><D122/><U12/><E40/><V2/><F5/><W1/><G1/><T58/><D72/><U46/><E13/><V102/><F37/><W9/><G78/><T130/><D113/><U73/><E73/><V6/><F6/><W52/><G18/><T43/><D130/><U115/><E115/><V39/><F39/><W32/><G32/><T21/><D21/><U54/><E46/><V42/><F42/><W8/><G8/><T90/><D103/><U84/><E84/><V96/><F96/><W127/><G127/><T45/><REACH who="0" step="1"/><D63/><AGARI ba="0,0" hai="9,10,11,15,16,52,57,63,77,83,86,88,89,91" machi="63" ten="40,8000,1" yaku="8,1,54,3" doraHai="99" who="3" fromWho="0" sc="129,-80,242,0,275,0,354,80" /><INIT seed="6,0,0,0,0,30" ten="49,242,275,434" oya="2" hai0="45,92,79,25,110,39,23,1,104,119,61,81,134" hai1="105,94,130,91,54,46,8,75,76,65,51,124,47" hai2="97,52,13,17,56,127,63,86,32,64,68,80,133" hai3="73,96,67,41,4,20,6,72,131,15,5,103,34"/><V7/><F127/><W126/><G34/><T36/><D110/><U70/><E105/><V59/><F133/><W3/><G3/><T0/><D104/><U129/><E124/><V33/><F97/><W14/><G126/><T135/><D119/><U53/><E76/><V43/><F43/><W50/><G67/><T95/><D61/><N who="1" m="40239" /><E8/><V82/><F7/><W22/><G131/><N who="1" m="50186" /><E75/><V122/><F68/><W114/><G114/><T60/><D60/><U90/><E90/><V38/><F38/><W18/><G50/><T111/><D111/><U109/><E109/><V12/><F122/><W74/><G41/><T48/><D134/><U93/><E93/><V29/><F82/><W55/><G55/><N who="1" m="21002" /><E51/><V125/><F125/><W71/><G71/><T84/><D135/><U27/><E27/><V11/><F13/><W49/><G49/><T78/><D78/><U16/><E16/><V88/><F29/><W102/><G96/><AGARI ba="0,0" hai="46,47,91,94,96" m="21002,50186,40239" machi="96" ten="30,1000,0" yaku="19,1" doraHai="30" who="1" fromWho="3" sc="49,0,242,10,275,0,434,-10" /><INIT seed="7,0,0,4,2,113" ten="49,252,275,424" oya="3" hai0="88,119,76,114,32,77,8,92,54,107,106,87,37" hai1="12,111,29,105,127,120,40,16,48,103,68,56,75" hai2="81,28,26,109,4,18,67,45,104,14,130,132,13" hai3="36,30,99,102,43,131,57,58,35,60,128,84,3"/><W55/><G3/><T25/><D8/><U51/><E120/><V11/><F109/><W19/><G19/><T42/><D25/><U116/><E111/><V101/><F130/><W7/><G7/><T94/><D54/><N who="1" m="31815" /><E75/><V39/><F132/><W73/><G73/><T123/><D42/><U52/><E68/><V125/><F125/><W62/><G84/><T95/><D37/><U65/><E105/><N who="0" m="39945" /><D32/><U23/><E127/><V69/><F81/><W74/><G74/><T20/><D20/><N who="1" m="11271" /><E116/><V59/><F69/><W80/><G80/><N who="0" m="49255" /><D114/><U38/><E103/><V64/><F101/><W129/><G30/><T90/><D123/><U70/><E70/><V133/><F104/><N who="3" m="63583" /><G35/><T2/><D2/><U1/><E1/><V27/><F133/><W83/><G83/><T112/><D112/><U124/><E124/><V49/><F39/><W22/><G22/><T0/><D0/><U63/><E38/><V33/><F26/><W53/><G36/><T9/><D9/><U122/><E122/><V115/><F115/><W46/><G43/><T47/><D47/><AGARI ba="0,0" hai="46,47,53,55,57,58,60,62,128,129,131" m="63583" machi="47" ten="30,1500,0" yaku="19,1" doraHai="113" who="3" fromWho="0" sc="49,-15,252,0,275,0,424,15" owari="34,-46.6,252,-14.8,275,7.5,439,53.9" /></mjloggm>