<mjloggm ver="2.3"><GO type="169" lobby="0"/><UN n0="%E3%82%B4%E3%83%AB%E3%83%95%E3%82%AB%E3%83%BC%E3%83%88%E5%9B%BD%E9%81%93" n1="%E5%A4%A7%E5%9E%8B%E7%8A%AC" n2="%E3%81%A6%E3%82%93%E3%81%8F%E3%81%86" n3="%46%E5%92%B8%E9%AD%9A%E5%92%B8%E9%AD%9A%E5%92%B8" dan="16,16,16,16" rate="2095.74,2111.02,2187.45,2097.02" sx="M,M,M,M"/><TAIKYOKU oya="0"/><INIT seed="0,0,0,3,4,11" ten="250,250,250,250" oya="0" hai0="92,83,63,2,96,71,125,103,72,6,12,5,49" hai1="78,109,115,126,59,97,99,3,117,86,1,28,43" hai2="131,23,120,119,111,95,74,7,39,77,65,15,57" hai3="68,114,41,21,45,53,113,37,94,118,34,33,17"/><T112/><D112/><U27/><E117/><V29/><F120/><W81/><G118/><T52/><D125/><U130/><E126/><V101/><F119/><W127/><G127/><T58/><D2/><U88/><E115/><V10/><F39/><W9/><G114/><T76/><REACH who="0" step="1"/><D12/><REACH who="0" ten="240,250,250,250" step="2"/><U84/><E1/><V26/><F15/><W89/><G113/><T90/><D90/><U73/><E88/><V133/><F133/><W85/><G68/><T80/><D80/><U4/><E3/><V42/><F131/><W0/><G81/><T108/><D108/><U116/><E109/><V13/><F111/><W31/><G31/><T50/><D50/><U67/><E28/><V129/><F129/><W93/><G93/><T51/><D51/><U124/><E124/><V18/><F29/><W16/><G0/><T100/><D100/><U98/><E130/><V48/><F101/><W107/><G107/><T20/><D20/><U102/><E102/><V8/><F95/><W35/><G21/><T70/><D70/><U47/><E116/><V14/><F14/><W22/><G22/><T104/><D104/><U105/><E105/><V110/><F110/><W61/><G9/><T122/><D122/><U24/><E24/><V79/><F10/><W55/><G61/><T32/><D32/><U106/><E27/><V134/><F134/><W87/><G89/><T132/><D132/><U44/><E106/><V40/><F48/><W54/><G94/><T25/><D25/><U36/><E36/><V30/><F23/><W135/><G135/><T123/><D123/><U121/><E121/><RYUUKYOKU ba="0,1" sc="240,15,250,-15,250,-15,250,15" hai0="5,6,49,52,58,63,71,72,76,83,92,96,103" hai3="16,17,33,34,35,37,41,45,53,54,55,85,87" /><INIT seed="0,1,1,5,3,81" ten="255,235,235,265" oya="0" hai0="22,39,38,79,4,85,44,125,72,77,8,124,37" hai1="60,111,84,3,80,98,104,59,110,1,129,43,112" hai2="69,62,101,41,55,74,83,128,45,15,30,75,65" hai3="48,18,28,63,67,78,132,13,27,113,58,42,89"/><T35/><D35/><U16/><E43/><V64/><F128/><W123/><G113/><T106/><D106/><U102/><E129/><V71/><F101/><W54/><G123/><T56/><D72/><U26/><E112/><V133/><F30/><W2/><G132/><T34/><D34/><U36/><E36/><V97/><F97/><W14/><G2/><T93/><D44/><U40/><E40/><V135/><F15/><W95/><G78/><T20/><D56/><U57/><E1/><V119/><F119/><W23/><G42/><T88/><D79/><U33/><E3/><V82/><F55/><W51/><G28/><T5/><D77/><N who="1" m="46095" /><E60/><N who="2" m="40071" /><F83/><W17/><G17/><T108/><D108/><N who="1" m="41515" /><E33/><V0/><F82/><W120/><G120/><T31/><D31/><U46/><E46/><V52/><F0/><W86/><REACH who="3" step="1"/><G48/><REACH who="3" ten="255,235,235,255" step="2"/><T61/><D61/><U100/><E100/><V32/><F41/><W127/><G127/><N who="0" m="48715" /><D5/><U53/><E53/><V109/><F109/><W115/><G115/><T134/><D134/><N who="2" m="51210" /><F32/><W50/><G50/><AGARI ba="1,2" hai="45,50,52,62,65,71,74,75" m="51210,40071" machi="50" ten="30,2000,0" yaku="20,1,54,1" doraHai="81" who="2" fromWho="3" sc="255,0,235,0,235,43,255,-23" /><INIT seed="1,0,0,3,0,101" ten="255,235,278,232" oya="1" hai0="84,94,132,63,91,59,27,99,6,0,109,76,61" hai1="106,110,125,60,68,71,57,46,1,35,52,18,25" hai2="104,126,23,9,73,69,83,112,133,22,93,120,65" hai3="31,117,43,36,74,42,14,66,47,78,123,80,5"/><U62/><E1/><V108/><F120/><W116/><G123/><T19/><D109/><U56/><E125/><V15/><F108/><W114/><G114/><T88/><D132/><U82/><E110/><V13/><F133/><W64/><G43/><T53/><D76/><U89/><E46/><V113/><F126/><W29/><G14/><T4/><D0/><U121/><E121/><V40/><F40/><W77/><G77/><T45/><D45/><U38/><E38/><V100/><F93/><W32/><G5/><T86/><D63/><U127/><E127/><V48/><F48/><W135/><G135/><T55/><D55/><U11/><E106/><V37/><F37/><W7/><G7/><T41/><D41/><U75/><E75/><V129/><F129/><W124/><G124/><T28/><D19/><U95/><E82/><V134/><F134/><W122/><G122/><T67/><D53/><U24/><E11/><V79/><F65/><W51/><G51/><T103/><D84/><U81/><E81/><V2/><F69/><W39/><G39/><T58/><D58/><U97/><E25/><V20/><F2/><W17/><G17/><T3/><D3/><U96/><E96/><N who="2" m="61447" /><F9/><W130/><G130/><T111/><D111/><U12/><E35/><V87/><F73/><W8/><G8/><T34/><REACH who="0" step="1"/><D91/><REACH who="0" ten="245,235,278,232" step="2"/><U44/><E44/><V16/><F16/><W10/><G10/><T85/><D85/><U54/><E12/><V107/><F13/><W50/><G36/><T119/><D119/><N who="3" m="45641" /><G29/><T70/><D70/><U26/><E18/><V33/><F15/><RYUUKYOKU ba="0,1" sc="245,10,235,10,278,-30,232,10" hai0="4,6,27,28,34,59,61,67,86,88,94,99,103" hai1="24,26,52,54,56,57,60,62,68,71,89,95,97" hai3="31,32,42,47,50,64,66,74,78,80" /><INIT seed="1,1,1,4,4,121" ten="255,245,248,242" oya="1" hai0="115,78,113,107,86,94,16,133,68,23,84,100,104" hai1="28,2,50,65,97,59,52,80,20,67,26,41,39" hai2="37,106,49,124,135,29,4,8,131,47,9,117,10" hai3="130,54,92,21,43,99,66,74,46,98,33,122,93"/><U3/><E97/><V60/><F117/><W119/><G33/><T63/><D133/><U71/><E80/><V69/><F135/><W11/><G122/><T116/><D116/><U5/><E5/><V70/><F106/><W95/><G119/><T127/><D127/><U12/><E12/><V55/><F124/><W110/><G74/><T24/><D86/><U90/><E90/><V61/><F29/><W125/><G110/><T48/><D48/><U34/><E34/><V17/><F131/><W27/><G130/><T83/><D94/><U103/><E103/><V77/><F77/><W105/><G66/><T79/><D79/><U126/><E126/><V30/><F30/><W128/><G128/><T7/><D7/><U42/><E67/><V73/><F73/><W132/><G132/><T134/><D134/><U1/><REACH who="1" step="1"/><E39/><REACH who="1" ten="255,235,248,242" step="2"/><V108/><F37/><W0/><G125/><T101/><D100/><U82/><E82/><V87/><F4/><W40/><G99/><T31/><D101/><U72/><E72/><V85/><F85/><W64/><G64/><T91/><D91/><U51/><E51/><V18/><F87/><W13/><G98/><T57/><D84/><U53/><E53/><V123/><F123/><W22/><G13/><T96/><D83/><U102/><E102/><V75/><F75/><W120/><G120/><T36/><D96/><U58/><E58/><V14/><F14/><W45/><G54/><T62/><D36/><U88/><E88/><V109/><F60/><AGARI ba="1,2" hai="1,2,3,20,26,28,41,42,50,52,59,60,65,71" machi="60" ten="40,7700,0" yaku="1,1,54,1,53,1" doraHai="121" doraHaiUra="19" who="1" fromWho="2" sc="255,0,235,100,248,-80,242,0" /><INIT seed="1,2,0,4,3,93" ten="255,335,168,242" oya="1" hai0="102,82,133,110,68,2,122,45,51,114,35,73,54" hai1="3,36,95,32,97,15,86,57,8,47,43,56,85" hai2="71,44,13,14,22,29,127,42,105,27,118,31,113" hai3="103,84,89,64,78,0,58,131,17,11,100,81,49"/><U63/><E32/><V16/><F71/><W12/><G131/><T37/><RYUUKYOKU type="yao9" ba="2,0" sc="255,0,335,0,168,0,242,0" hai0="2,35,37,45,51,54,68,73,82,102,110,114,122,133" /><INIT seed="1,3,0,4,5,48" ten="255,335,168,242" oya="1" hai0="8,99,46,105,83,77,56,129,62,98,29,35,128" hai1="108,61,2,73,123,37,53,111,4,12,10,124,51" hai2="132,82,114,19,6,102,27,38,118,84,78,79,3" hai3="125,95,65,112,68,24,127,33,100,20,50,11,23"/><U116/><E116/><V57/><F38/><W126/><G112/><T131/><D105/><U13/><E123/><V42/><F114/><W86/><G11/><T49/><D8/><U122/><E122/><V47/><F132/><W110/><G110/><N who="1" m="42026" /><E37/><V119/><F102/><W76/><G33/><T120/><D120/><U91/><E124/><V54/><F79/><W5/><G5/><T90/><D90/><U34/><E34/><V17/><F3/><W113/><G113/><T63/><D29/><U81/><E61/><V45/><F6/><W15/><G15/><T107/><D35/><U31/><E31/><V94/><F94/><W52/><G24/><T14/><D14/><U7/><E7/><V30/><F17/><W88/><G76/><T1/><D1/><U97/><E73/><V121/><F19/><W133/><G100/><T104/><D104/><U55/><E55/><V70/><F121/><W67/><G133/><T39/><D39/><U59/><E81/><V28/><F28/><W60/><G67/><N who="0" m="39367" /><D63/><U69/><E69/><V18/><F70/><W40/><G40/><N who="0" m="24775" /><D107/><U72/><E72/><AGARI ba="3,0" hai="72,77,83,98,99,128,129,131" m="24775,39367" machi="72" ten="30,1000,0" yaku="19,1" doraHai="48" who="0" fromWho="1" sc="255,19,335,-19,168,0,242,0" /><INIT seed="2,0,0,5,3,70" ten="274,316,168,242" oya="2" hai0="47,97,5,11,64,25,131,94,125,108,19,29,134" hai1="129,67,100,65,107,4,69,103,48,45,7,31,18" hai2="118,21,109,54,62,135,116,105,121,96,63,55,90" hai3="91,123,128,84,12,13,52,117,34,73,36,77,71"/><V76/><F121/><W120/><G117/><T8/><D108/><U68/><E129/><V83/><F135/><W95/><G71/><T46/><D131/><U27/><E69/><V112/><F112/><W50/><G34/><T115/><D115/><U39/><E18/><V124/><F124/><W130/><G12/><T9/><D134/><U102/><E107/><V93/><F105/><W66/><G66/><T58/><D125/><U114/><E114/><V14/><F109/><W89/><G130/><T24/><D5/><U78/><E39/><V20/><F20/><W26/><G26/><N who="0" m="10347" /><D19/><U37/><E37/><V74/><F21/><W15/><G15/><T113/><D29/><U98/><E78/><V119/><REACH who="2" step="1"/><F14/><REACH who="2" ten="274,316,158,242" step="2"/><W99/><G13/><T53/><D113/><U38/><E27/><V132/><F132/><W92/><G128/><T17/><D8/><U42/><E31/><V101/><F101/><W82/><REACH who="3" step="1"/><G36/><REACH who="3" ten="274,316,158,232" step="2"/><T51/><D9/><U56/><E38/><V80/><F80/><W75/><G75/><T22/><D11/><U86/><E4/><V10/><F10/><W44/><AGARI ba="0,2" hai="44,50,52,73,77,82,84,89,91,92,95,99,120,123" machi="44" ten="20,5200,0" yaku="1,1,0,1,7,1,54,1,53,0" doraHai="70" doraHaiUra="16" who="3" fromWho="3" sc="274,-13,316,-13,158,-26,232,72" /><INIT seed="3,0,0,4,2,17" ten="261,303,132,304" oya="3" hai0="50,105,117,93,15,90,91,51,20,109,30,106,60" hai1="68,8,130,115,132,123,53,80,37,120,133,79,64" hai2="127,94,44,34,46,56,27,112,76,71,48,107,111" hai3="89,99,88,40,67,14,3,96,81,4,101,54,66"/><W6/><G40/><T31/><D117/><U58/><E115/><V97/><F71/><W5/><G3/><T26/><D109/><U110/><E110/><V45/><F107/><W61/><G14/><T135/><D135/><N who="1" m="51787" /><E37/><V59/><F112/><W25/><G25/><T116/><D116/><U122/><E8/><V134/><F134/><W16/><G16/><T102/><D15/><U24/><E24/><V126/><F76/><W83/><G54/><T121/><D121/><U36/><E36/><V73/><F73/><W22/><G4/><T9/><D9/><U118/><E118/><V114/><F114/><W33/><G33/><T42/><D42/><U39/><E39/><V55/><F111/><W92/><G61/><T87/><D31/><U1/><E1/><V23/><F34/><W125/><G92/><T57/><D91/><U21/><E130/><V98/><F59/><W47/><G47/><T10/><D10/><U113/><E113/><V7/><F7/><W75/><G75/><T77/><D77/><U72/><E68/><V19/><REACH who="2" step="1"/><F94/><REACH who="2" ten="261,303,122,304" step="2"/><W63/><G125/><AGARI ba="0,1" hai="19,23,27,44,45,46,48,55,56,97,98,125,126,127" machi="125" ten="40,8000,1" yaku="1,1,2,1,18,1,52,1,53,0" doraHai="17" doraHaiUra="62" who="2" fromWho="3" sc="261,0,303,0,122,90,304,-80" /><INIT seed="4,0,0,5,4,28" ten="261,303,212,224" oya="0" hai0="110,127,25,67,88,6,12,86,16,108,78,59,129" hai1="96,132,9,81,102,17,115,74,69,10,84,128,92" hai2="60,101,103,13,72,116,93,112,42,76,3,68,18" hai3="1,26,34,40,35,55,2,53,57,66,37,75,52"/><T31/><D129/><U46/><E128/><V105/><F116/><W135/><G75/><T22/><D127/><U82/><E69/><V87/><F3/><W4/><G135/><T20/><D6/><U38/><E132/><V113/><F42/><W125/><G125/><T23/><D78/><U41/><E115/><N who="2" m="44107" /><F72/><W39/><G26/><T51/><D67/><U100/><E100/><V89/><F76/><W121/><G121/><T118/><D118/><U54/><E74/><V109/><F105/><W73/><G73/><T47/><D22/><U71/><E71/><V63/><F109/><W70/><G70/><T94/><REACH who="0" step="1"/><D59/><REACH who="0" ten="251,303,212,224" step="2"/><U48/><E10/><N who="2" m="6455" /><F68/><W95/><G4/><T85/><D85/><U77/><E84/><V64/><F64/><W43/><G66/><T32/><D32/><U126/><E77/><V24/><F24/><W119/><G119/><T27/><D27/><U83/><E126/><V58/><F58/><W111/><G57/><T14/><D14/><U133/><E9/><V33/><F33/><W117/><G117/><T36/><D36/><U97/><E38/><V104/><F104/><W120/><G120/><T99/><D99/><U79/><E79/><V7/><F7/><W45/><G111/><T8/><D8/><U50/><E97/><V134/><F134/><W107/><G107/><T61/><D61/><AGARI ba="0,1" hai="60,61,63,87,89,93,101,103" m="6455,44107" machi="61" ten="30,1000,0" yaku="15,1" doraHai="28" who="2" fromWho="0" sc="251,-10,303,0,212,20,224,0" /><INIT seed="5,0,0,4,3,50" ten="241,303,232,224" oya="1" hai0="16,130,21,2,86,121,125,49,8,91,131,94,10" hai1="96,9,123,33,122,78,105,36,101,89,132,57,115" hai2="58,134,32,54,51,35,106,40,110,56,70,100,128" hai3="71,127,48,84,75,18,27,17,3,19,47,65,7"/><U25/><E115/><V95/><F134/><W81/><G75/><T109/><D109/><U15/><E36/><V90/><F128/><N who="0" m="49194" /><D125/><U26/><E132/><V111/><F70/><W74/><G74/><T68/><D68/><U62/><E78/><V99/><F40/><W83/><G83/><T6/><D121/><U4/><E89/><V22/><F22/><W28/><G127/><T97/><D10/><U104/><E104/><V107/><F107/><W5/><G65/><T82/><D49/><U79/><E79/><V67/><F111/><W116/><G3/><T103/><D21/><U61/><E61/><V69/><F69/><W135/><G71/><T112/><D112/><U88/><E88/><V1/><F1/><W34/><G116/><T31/><D31/><U77/><E77/><V118/><F118/><W114/><G114/><T55/><D16/><U92/><E105/><V119/><F119/><W45/><G45/><T80/><D55/><U44/><E44/><V108/><F108/><W20/><G34/><T41/><D41/><U37/><E37/><V126/><F126/><W102/><G102/><T29/><D29/><N who="1" m="19631" /><E26/><V60/><F110/><W133/><G133/><T46/><D46/><U124/><E124/><V72/><F72/><W117/><G117/><T12/><D2/><U13/><E13/><V66/><F66/><W93/><G93/><AGARI ba="0,0" hai="6,8,12,80,82,86,91,93,94,97,103" m="49194" machi="93" ten="30,1000,0" yaku="19,1" doraHai="50" who="0" fromWho="3" sc="241,10,303,0,232,0,224,-10" /><INIT seed="6,0,0,0,0,45" ten="251,303,232,214" oya="2" hai0="3,39,95,101,53,19,13,49,96,110,90,130,52" hai1="71,64,38,97,81,14,72,63,56,82,123,100,86" hai2="35,92,5,87,105,32,48,129,24,116,99,4,65" hai3="127,46,60,132,114,69,109,44,10,131,134,126,1"/><V59/><F129/><W28/><G28/><T9/><D110/><U91/><E123/><V6/><F116/><W121/><G109/><T85/><D130/><U29/><E38/><V112/><F112/><W12/><G1/><T102/><D39/><U98/><E29/><V11/><F105/><W94/><G94/><T120/><D120/><U31/><E31/><V51/><F87/><W111/><G111/><T73/><D73/><U22/><E71/><V21/><F11/><W103/><G103/><T41/><D3/><U76/><E100/><N who="0" m="38505" /><D96/><U37/><E37/><V78/><F78/><W80/><G80/><T93/><D93/><U25/><E14/><V57/><F35/><W47/><G121/><T75/><D75/><U8/><E8/><V2/><F2/><W125/><G114/><T88/><D90/><U27/><E27/><V128/><F32/><W50/><G12/><T36/><D36/><U30/><AGARI ba="0,0" hai="22,25,30,56,63,64,72,76,81,82,86,91,97,98" machi="30" ten="20,1500,0" yaku="0,1,7,1" doraHai="45" who="1" fromWho="1" sc="251,-4,303,15,232,-7,214,-4" /><INIT seed="7,0,0,1,2,23" ten="247,318,225,210" oya="3" hai0="9,117,4,134,126,114,101,75,99,5,90,41,123" hai1="35,74,106,69,38,87,103,13,3,1,20,83,16" hai2="104,49,133,10,27,97,84,39,77,46,56,0,135" hai3="34,122,92,81,116,107,14,130,18,132,100,79,19"/><W42/><G116/><T128/><D117/><U111/><E111/><V105/><F39/><W80/><G122/><T60/><D123/><U44/><E69/><V11/><F27/><W70/><G107/><N who="2" m="41033" /><F97/><W71/><G34/><T55/><D75/><U85/><E35/><V120/><F56/><W28/><G28/><T61/><D126/><U119/><E119/><V86/><F120/><W62/><G130/><T73/><D73/><U52/><E74/><V59/><F59/><W67/><G71/><T21/><D134/><N who="2" m="51210" /><F77/><W127/><G127/><T54/><D41/><U96/><E87/><N who="2" m="33323" /><F0/><W32/><G32/><T63/><D128/><U115/><E38/><V6/><F6/><W109/><G132/><T26/><D4/><U29/><E29/><V24/><F24/><W102/><G109/><T53/><D101/><U31/><E31/><V72/><F72/><W66/><G66/><T98/><D90/><U124/><E124/><V50/><F50/><W113/><G113/><T22/><D114/><U7/><E7/><V129/><F129/><W51/><G79/><T12/><D22/><U57/><E115/><V40/><AGARI ba="0,0" hai="10,11,40,46,49" m="33323,51210,41033" machi="40" ten="40,1500,0" yaku="20,1" doraHai="23" who="2" fromWho="2" sc="247,-4,318,-4,225,15,210,-7" owari="243,4.3,314,41.4,240,-16.0,203,-29.7" /></mjloggm>