<mjloggm ver="2.3"><GO type="169" lobby="0"/><UN n0="%E3%81%97%E3%82%83%E3%82%93%E3%81%8A%E3%81%98" n1="%E3%81%8B%E3%81%AA%E3%81%8D%E3%83%BC" n2="%E3%81%8A%E3%82%8D%E3%81%BD%E3%82%93%32%E5%8F%B7" n3="%E7%A9%BA%E9%96%91%E9%81%8A%E7%9C%9F" dan="17,17,17,16" rate="2158.70,2245.33,2189.26,2107.30" sx="F,F,F,F"/><TAIKYOKU oya="0"/><INIT seed="0,0,0,1,4,15" ten="250,250,250,250" oya="0" hai0="123,46,51,80,99,105,93,91,100,24,95,114,35" hai1="124,42,58,65,60,119,10,69,129,20,112,94,48" hai2="39,126,81,88,82,98,7,64,130,78,3,8,135" hai3="109,29,125,128,92,6,0,89,28,47,121,83,11"/><T72/><D114/><U53/><E119/><V96/><F130/><W132/><G128/><T76/><D123/><U120/><E129/><V31/><F135/><W63/><G132/><T16/><D35/><U4/><E120/><V68/><F126/><W33/><G121/><T21/><REACH who="0" step="1"/><D91/><REACH who="0" ten="240,250,250,250" step="2"/><U26/><E112/><V59/><F88/><W25/><G125/><T116/><D116/><U103/><E124/><V1/><F78/><W107/><G89/><T110/><D110/><U41/><E103/><V19/><F1/><W97/><G33/><T22/><D22/><U84/><E94/><V74/><F3/><W61/><G109/><T2/><D2/><U79/><E79/><V87/><F82/><W73/><G92/><T90/><D90/><U131/><E131/><V56/><F81/><W30/><G83/><T44/><D44/><U134/><E134/><V27/><F98/><W43/><G97/><T14/><D14/><U102/><E102/><V101/><F96/><W12/><G12/><T111/><D111/><U77/><E77/><V40/><F101/><W55/><G0/><T34/><D34/><U23/><E23/><V52/><F8/><W17/><G47/><T66/><D66/><U85/><E10/><V70/><F64/><W133/><G11/><T118/><D118/><U117/><E117/><V115/><F115/><W106/><G133/><T71/><D71/><U67/><E67/><V36/><F70/><W5/><G106/><T9/><D9/><U108/><E108/><V38/><F68/><W49/><G107/><T104/><D104/><U54/><E69/><RYUUKYOKU ba="0,1" sc="240,30,250,-10,250,-10,250,-10" hai0="16,21,24,46,51,72,76,80,93,95,99,100,105" /><INIT seed="0,1,1,4,2,9" ten="270,240,240,240" oya="0" hai0="10,76,116,61,0,131,78,83,121,82,11,77,4" hai1="101,102,97,6,34,120,41,22,12,54,14,74,113" hai2="52,133,8,72,25,123,114,44,88,85,37,104,107" hai3="56,51,125,21,66,69,129,128,46,55,20,24,67"/><T65/><D116/><U48/><E120/><V94/><F123/><W73/><G73/><T112/><D121/><U79/><E34/><V27/><F114/><W81/><G69/><T23/><D112/><U2/><E113/><V47/><F133/><W43/><G125/><T17/><D11/><U18/><E2/><V109/><F72/><W7/><G7/><T91/><D91/><U63/><E6/><V134/><F134/><W33/><G33/><T86/><D83/><U57/><E74/><V30/><F109/><W111/><G111/><T93/><D93/><N who="1" m="58543" /><E102/><V29/><F8/><W98/><G81/><T28/><D28/><N who="2" m="10858" /><F37/><W119/><G119/><T87/><D87/><U122/><E79/><V68/><F68/><W126/><G126/><T124/><D131/><N who="3" m="50249" /><G98/><T45/><D45/><N who="2" m="17482" /><F107/><W95/><G95/><T90/><D124/><U70/><E70/><V15/><F104/><W39/><G21/><T19/><REACH who="0" step="1"/><D23/><REACH who="0" ten="260,240,240,240" step="2"/><U26/><E122/><V96/><F85/><W127/><G127/><T59/><AGARI ba="1,2" hai="0,4,10,17,19,59,61,65,76,77,78,82,86,90" machi="59" ten="30,6000,0" yaku="1,1,2,1,0,1,53,0" doraHai="9" doraHaiUra="108" who="0" fromWho="0" sc="260,83,240,-21,240,-21,240,-21" /><INIT seed="0,2,0,5,3,75" ten="343,219,219,219" oya="0" hai0="94,105,16,133,17,45,126,127,91,95,79,106,59" hai1="33,51,96,19,4,10,100,72,135,114,90,12,88" hai2="84,65,22,124,61,24,78,42,3,60,71,70,118" hai3="14,0,2,99,37,58,26,27,104,87,13,86,44"/><T68/><D68/><U32/><E135/><V20/><F124/><N who="0" m="47658" /><D59/><U83/><E114/><V85/><F3/><W56/><G104/><N who="0" m="40043" /><D133/><U73/><E51/><V39/><F118/><W54/><G44/><T109/><D109/><U48/><E48/><V52/><F85/><W46/><G46/><T11/><D45/><U57/><E57/><V103/><F103/><W102/><G102/><T41/><D41/><U92/><E72/><V97/><F97/><W80/><G99/><N who="0" m="57823" /><D95/><U43/><E43/><V66/><F42/><W23/><G54/><T6/><D79/><U101/><E101/><V62/><F39/><W7/><G37/><T89/><D89/><U113/><E90/><V81/><F24/><W9/><G56/><AGARI ba="2,0" hai="20,22,52,56,60,61,62,65,66,70,71,78,81,84" machi="56" ten="40,5200,0" yaku="9,1,52,1,54,1" doraHai="75" who="2" fromWho="3" sc="343,0,219,0,219,58,219,-58" /><INIT seed="1,0,0,1,3,70" ten="343,219,277,161" oya="1" hai0="105,42,122,64,56,61,17,86,112,116,19,131,111" hai1="4,108,34,96,30,129,27,80,134,45,52,99,117" hai2="46,10,55,54,43,68,94,37,126,130,132,95,123" hai3="3,81,12,114,36,69,24,127,60,18,121,23,73"/><U100/><E117/><V72/><F123/><W32/><G121/><T89/><D112/><U104/><E129/><V40/><F72/><W82/><G114/><T113/><D113/><U16/><E134/><V49/><F10/><W84/><G127/><T39/><D116/><U92/><E4/><V115/><F115/><W71/><G3/><T124/><D122/><U107/><E80/><V67/><F95/><W11/><G32/><T35/><D35/><U135/><E135/><V106/><F94/><W74/><G36/><T98/><D131/><U75/><E75/><V51/><F106/><W128/><G128/><T97/><D124/><U125/><E125/><V119/><F130/><W76/><G60/><T110/><D42/><U22/><E99/><N who="0" m="37897" /><D39/><U38/><E108/><N who="0" m="41513" /><D105/><U13/><REACH who="1" step="1"/><E38/><REACH who="1" ten="343,209,277,161" step="2"/><N who="2" m="21783" /><F126/><W50/><G74/><T120/><D120/><U53/><E53/><N who="2" m="19979" /><F119/><W79/><REACH who="3" step="1"/><G50/><AGARI ba="0,1" hai="13,16,22,27,30,34,45,50,52,92,96,100,104,107" machi="50" ten="40,12000,1" yaku="1,1,54,2,53,1" doraHai="70" doraHaiUra="29" who="1" fromWho="3" sc="343,0,209,130,277,0,161,-120" /><INIT seed="1,1,0,3,5,94" ten="343,339,277,41" oya="1" hai0="68,42,77,60,16,122,82,19,10,57,13,70,30" hai1="79,115,118,83,21,63,7,39,97,47,131,27,18" hai2="100,40,28,55,96,37,34,80,130,45,56,117,43" hai3="65,35,61,109,67,91,125,87,124,123,8,88,105"/><U29/><E115/><V135/><F117/><W102/><G123/><T72/><D122/><U51/><E39/><V46/><F130/><W9/><G35/><T0/><D30/><U112/><E112/><V129/><F129/><W25/><G109/><T93/><D42/><U108/><E118/><V23/><F135/><W44/><G25/><T15/><D93/><U74/><E131/><V3/><F3/><W4/><G44/><T89/><D89/><U59/><E108/><V5/><F5/><W126/><G67/><T98/><D98/><U90/><E7/><V31/><F34/><W41/><G41/><T64/><REACH who="0" step="1"/><D0/><REACH who="0" ten="333,339,277,41" step="2"/><U58/><E29/><V132/><F80/><N who="3" m="49255" /><G91/><T53/><D53/><U116/><E90/><V133/><F31/><W78/><G78/><T99/><D99/><U62/><E97/><V52/><F55/><W106/><G102/><T113/><D113/><U85/><E116/><V76/><F76/><W66/><G106/><T69/><D69/><U95/><E95/><V54/><F54/><W2/><G105/><T38/><D38/><U32/><E32/><V127/><F43/><W12/><G124/><T86/><D86/><U14/><E85/><V128/><F127/><W6/><G125/><T111/><D111/><U36/><E36/><V84/><F84/><W48/><G126/><T20/><AGARI ba="1,1" hai="10,13,15,16,19,20,57,60,64,68,70,72,77,82" machi="20" ten="20,5200,0" yaku="1,1,0,1,7,1,54,1,53,0" doraHai="94" doraHaiUra="101" who="0" fromWho="0" sc="333,65,339,-27,277,-14,41,-14" /><INIT seed="2,0,0,0,2,22" ten="398,312,263,27" oya="2" hai0="102,58,36,6,45,96,82,83,25,62,68,125,110" hai1="55,65,77,56,67,120,112,130,94,111,85,33,69" hai2="88,7,3,64,131,108,16,107,41,76,81,47,98" hai3="19,23,8,13,44,27,51,121,135,28,12,87,113"/><V123/><F123/><W26/><G135/><T50/><D110/><U34/><E112/><V63/><F108/><W2/><G121/><T124/><D68/><U114/><E114/><V40/><F131/><W117/><G117/><T60/><D36/><U43/><E111/><V21/><F7/><W95/><G2/><T20/><D6/><U73/><E120/><V118/><F3/><W30/><G113/><T18/><D125/><U35/><E69/><V9/><F9/><W38/><G38/><T103/><D124/><U134/><E43/><V78/><F118/><W97/><G87/><T115/><D115/><U5/><E73/><V59/><F107/><W116/><G116/><T71/><D71/><U89/><E77/><N who="2" m="29803" /><F47/><W86/><G86/><T109/><D109/><U46/><E46/><V29/><F29/><W4/><G28/><T53/><D62/><U90/><E130/><V15/><F81/><N who="0" m="30730" /><D96/><U48/><E5/><V92/><AGARI ba="0,0" hai="15,16,21,40,41,59,63,64,88,92,98" m="29803" machi="92" ten="30,6000,0" yaku="8,1,54,2" doraHai="22" who="2" fromWho="2" sc="398,-20,312,-20,263,60,27,-20" /><INIT seed="2,1,0,5,2,68" ten="378,292,323,7" oya="2" hai0="103,126,88,39,57,117,45,63,1,0,76,67,27" hai1="110,71,69,11,25,104,40,8,129,127,75,85,59" hai2="9,21,20,112,131,79,14,109,60,6,16,23,32" hai3="118,134,70,125,99,77,106,15,51,50,4,48,128"/><V19/><F79/><W5/><G118/><T38/><D76/><U92/><E75/><V119/><F119/><W90/><G70/><T72/><D72/><U133/><E104/><V52/><F112/><W29/><G106/><T28/><D117/><U44/><E110/><V82/><F109/><W121/><G121/><T43/><D103/><U83/><E129/><V102/><F131/><W17/><G77/><T24/><D39/><U122/><E127/><V31/><F102/><W30/><G128/><T36/><D36/><U87/><E133/><V42/><F82/><W66/><G66/><T37/><D37/><U35/><E122/><V49/><F32/><W12/><G125/><T116/><D116/><U107/><E107/><V22/><F42/><W130/><G134/><T97/><D126/><U64/><E71/><V95/><F95/><N who="3" m="56823" /><G130/><T7/><D7/><N who="3" m="2633" /><G12/><T135/><D135/><U34/><E69/><V53/><F60/><W65/><G65/><T124/><D124/><U94/><E35/><V101/><F101/><W41/><G41/><T61/><D61/><U33/><E33/><V100/><F100/><W114/><G114/><T73/><D73/><U55/><E64/><V78/><F78/><W120/><G120/><T96/><D27/><U80/><E25/><N who="2" m="16807" /><F53/><W18/><G18/><T86/><D0/><U46/><E34/><V2/><F2/><W93/><G93/><N who="0" m="54423" /><D1/><U115/><E115/><V10/><F9/><AGARI ba="1,0" hai="9,15,17,29,30,48,50,51" m="2633,56823" machi="9" ten="30,1000,0" yaku="8,1" doraHai="68" who="3" fromWho="2" sc="378,0,292,0,323,-13,7,13" /><INIT seed="3,0,0,1,4,132" ten="378,292,310,20" oya="3" hai0="29,68,27,77,65,121,15,133,35,111,52,94,8" hai1="72,55,25,107,84,130,124,3,34,93,98,4,7" hai2="14,64,16,82,81,85,116,5,46,41,11,127,40" hai3="131,24,122,42,61,135,123,118,112,50,119,6,67"/><W32/><G6/><T19/><D121/><N who="3" m="46089" /><G32/><T108/><D77/><U12/><E72/><V30/><F116/><N who="3" m="44587" /><G24/><T113/><D133/><U38/><E38/><V134/><F134/><W126/><G135/><T60/><D113/><U49/><E3/><V58/><F127/><W21/><G21/><T45/><D94/><U54/><E124/><V36/><F40/><W91/><G91/><T26/><D26/><U110/><E34/><V31/><F81/><W73/><G73/><T70/><D70/><U76/><E25/><V89/><REACH who="2" step="1"/><F5/><REACH who="2" ten="378,292,300,20" step="2"/><W80/><G80/><T20/><D35/><U92/><E7/><V86/><F86/><W74/><G74/><T100/><D100/><U22/><E4/><V125/><F125/><W88/><G88/><T2/><D2/><U96/><E84/><V90/><F90/><W1/><G1/><T128/><D128/><U87/><E130/><V28/><F28/><W51/><G126/><T57/><REACH who="0" step="1"/><D45/><REACH who="0" ten="368,292,300,20" step="2"/><U129/><E129/><V102/><F102/><W37/><G131/><T78/><D78/><U101/><E76/><V83/><F83/><W120/><N who="3" m="46097" /><W117/><N who="3" m="44595" /><DORA hai="104" /><W13/><DORA hai="17" /><G112/><T9/><D9/><U99/><E101/><V106/><F106/><W39/><G13/><T63/><AGARI ba="0,2" hai="8,15,19,20,27,29,52,57,60,63,65,68,108,111" machi="63" ten="30,8000,1" yaku="1,1,0,1,52,1,54,1,53,1" doraHai="132,104,17" doraHaiUra="105,33,18" who="0" fromWho="0" sc="368,100,292,-20,300,-20,20,-40" owari="468,56.8,272,-12.8,280,8.0,-20,-52.0" /></mjloggm>