<mjloggm ver="2.3"><GO type="169" lobby="0"/><UN n0="%68%69%73%61%74%6F%E6%A3%92" n1="%E3%81%9F%E3%81%BE%E5%AD%90" n2="%E6%B7%B3%E5%AD%90%E3%81%A7%E3%81%99" n3="%E6%99%82%E8%A8%88%E5%9D%82%E9%9B%B6" dan="16,16,17,16" rate="2144.45,2158.85,2158.20,2163.11" sx="M,M,M,M"/><TAIKYOKU oya="0"/><INIT seed="0,0,0,1,3,110" ten="250,250,250,250" oya="0" hai0="54,28,74,39,10,83,30,127,34,9,82,107,6" hai1="59,86,115,70,66,78,111,104,60,80,101,23,106" hai2="125,62,18,79,94,29,102,41,14,37,88,89,95" hai3="12,120,73,132,21,58,119,55,71,4,118,122,33"/><T47/><D107/><U99/><E111/><V1/><F1/><W131/><G71/><T103/><D103/><U43/><E43/><V42/><F125/><W20/><G73/><T44/><D127/><U76/><E106/><V40/><F37/><W64/><G64/><T19/><D19/><U109/><E109/><V51/><F79/><W113/><G33/><T90/><D90/><U117/><E117/><V24/><F62/><W2/><G2/><T61/><D61/><U32/><E32/><V134/><F134/><W46/><G46/><T38/><D34/><U3/><E3/><V97/><F24/><W26/><G131/><T114/><D74/><U84/><E23/><V126/><F29/><W133/><G58/><T116/><D54/><U85/><E115/><V36/><F36/><W8/><G55/><T91/><D91/><U93/><E70/><V87/><F102/><W22/><G26/><T53/><D53/><U81/><REACH who="1" step="1"/><E104/><REACH who="1" ten="250,240,250,250" step="2"/><V48/><F126/><W69/><G69/><T68/><D68/><U5/><E5/><V72/><F72/><AGARI ba="0,1" hai="59,60,66,72,76,78,80,81,84,85,86,93,99,101" machi="72" ten="30,2000,0" yaku="1,1,7,1,53,0" doraHai="110" doraHaiUra="124" who="1" fromWho="2" sc="250,0,240,30,250,-20,250,0" /><INIT seed="1,0,0,2,2,34" ten="250,270,230,250" oya="1" hai0="9,44,110,107,75,117,79,84,40,25,24,22,56" hai1="63,83,96,106,111,76,55,38,74,72,28,99,47" hai2="121,3,116,112,62,39,120,5,81,89,21,109,41" hai3="37,91,135,4,101,29,45,100,77,126,134,78,54"/><U36/><E72/><V127/><F116/><W104/><G104/><T133/><D107/><U92/><E111/><V12/><F109/><W19/><G29/><T66/><D133/><U103/><E28/><V95/><F127/><W42/><G126/><T102/><D102/><U130/><E130/><V30/><F112/><W58/><G4/><T124/><D84/><U73/><E73/><V60/><F81/><W90/><G19/><T85/><D85/><U59/><REACH who="1" step="1"/><E47/><REACH who="1" ten="250,260,230,250" step="2"/><V87/><F30/><W105/><G45/><T64/><D110/><U132/><E132/><V0/><F120/><W86/><G134/><T16/><D124/><U7/><E7/><V33/><F5/><W108/><G108/><T88/><D75/><U82/><E82/><V93/><F121/><W97/><G135/><T15/><D117/><U2/><E2/><V11/><F0/><W23/><G105/><T6/><D79/><U71/><E71/><V70/><F70/><W13/><G78/><T113/><D113/><U49/><E49/><V43/><F3/><W69/><G69/><T115/><D115/><U10/><E10/><V46/><F11/><W61/><G77/><T65/><D56/><U80/><E80/><V20/><F46/><W27/><G58/><T123/><D123/><U94/><E94/><V131/><F93/><W53/><G37/><T57/><D57/><U51/><E51/><V122/><F39/><W26/><G61/><T52/><D6/><U128/><E128/><V17/><F131/><W48/><G48/><T119/><D119/><U18/><E18/><V125/><F17/><RYUUKYOKU ba="0,1" sc="250,-10,260,30,230,-10,250,-10" hai1="36,38,55,59,63,74,76,83,92,96,99,103,106" /><INIT seed="1,1,1,3,0,75" ten="240,290,220,240" oya="1" hai0="124,12,4,18,74,2,103,79,6,88,10,97,25" hai1="109,37,46,92,51,59,104,89,82,122,8,52,60" hai2="1,11,84,110,62,132,55,0,121,116,134,56,58" hai3="17,14,35,31,19,93,32,128,28,41,36,80,126"/><U21/><E122/><V65/><F116/><W5/><G36/><T71/><D71/><U33/><E33/><N who="3" m="12874" /><G41/><T72/><D72/><U3/><E104/><V114/><F121/><W135/><G80/><T125/><D25/><U40/><E109/><V86/><F110/><W100/><G93/><T29/><D29/><N who="3" m="11337" /><G100/><T9/><D103/><U95/><E21/><V22/><F22/><W67/><G67/><T16/><D74/><U66/><E8/><V129/><F11/><N who="3" m="4463" /><G135/><N who="2" m="51753" /><F129/><W105/><G105/><T13/><D97/><U85/><REACH who="1" step="1"/><E3/><REACH who="1" ten="240,280,220,240" step="2"/><V111/><F111/><W69/><G128/><T73/><D2/><U101/><E101/><V78/><F0/><W70/><G70/><AGARI ba="1,2" hai="37,40,46,51,52,59,60,66,70,82,85,89,92,95" machi="70" ten="30,18000,2" yaku="1,1,7,1,24,2,54,1,53,1" doraHai="75" doraHaiUra="83" who="1" fromWho="3" sc="240,0,280,203,220,0,240,-183" /><INIT seed="1,2,0,3,4,38" ten="240,483,220,57" oya="1" hai0="124,49,29,64,7,131,55,12,8,41,47,103,71" hai1="30,18,120,92,0,110,68,133,4,62,81,36,46" hai2="91,77,109,111,42,132,14,107,94,11,122,75,82" hai3="128,32,34,85,27,25,60,57,78,80,13,58,126"/><U102/><E120/><V104/><F122/><W121/><G121/><T37/><D131/><U45/><E133/><V23/><F23/><W66/><G128/><T125/><D103/><U135/><E135/><V130/><F132/><W123/><G123/><T1/><D29/><U61/><E30/><V33/><F33/><W127/><G13/><T54/><D1/><U10/><E110/><N who="2" m="41995" /><F42/><W26/><REACH who="3" step="1"/><G58/><REACH who="3" ten="240,483,220,47" step="2"/><T89/><D71/><U119/><E68/><V87/><F130/><W84/><G84/><T73/><D73/><U134/><E134/><V43/><F14/><W22/><G22/><T98/><D124/><AGARI ba="2,1" hai="25,26,27,32,34,57,60,66,78,80,85,124,126,127" machi="124" ten="40,2600,0" yaku="1,1,18,1,53,0" doraHai="38" doraHaiUra="2" who="3" fromWho="0" sc="240,-32,483,0,220,0,47,42" /><INIT seed="2,0,0,0,4,41" ten="208,483,220,89" oya="2" hai0="56,55,98,13,2,125,90,58,134,122,37,73,54" hai1="107,72,89,29,100,78,70,133,1,3,12,26,7" hai2="128,94,22,11,27,88,79,30,69,10,126,77,91" hai3="21,112,121,81,99,83,123,20,92,25,64,52,34"/><V102/><F128/><W80/><G64/><T35/><D2/><U117/><E117/><V115/><F126/><W86/><G86/><T130/><D73/><U36/><E89/><N who="2" m="34379" /><F69/><W82/><N who="3" m="20480" /><DORA hai="19" /><W14/><G112/><T33/><D37/><U120/><E12/><V28/><F28/><W31/><G52/><T17/><D134/><U114/><E36/><V61/><F61/><W85/><G85/><T40/><D40/><U97/><E70/><V59/><F59/><W0/><G0/><T106/><D122/><U42/><E29/><V62/><F62/><W131/><G131/><T65/><D65/><U6/><E1/><V9/><F115/><W46/><G46/><T111/><D111/><U63/><E3/><V135/><F135/><W95/><G14/><T118/><D125/><U108/><E63/><V45/><F45/><W48/><G48/><T15/><D118/><U124/><E124/><V104/><F104/><W49/><G49/><T4/><D106/><U23/><E107/><V71/><F71/><W129/><G129/><T5/><D130/><U57/><E133/><V66/><F66/><W113/><G113/><T75/><D75/><U16/><E57/><V105/><F105/><W109/><G109/><T24/><D90/><U87/><E108/><V76/><F76/><W50/><G50/><T8/><D56/><U43/><E78/><V38/><F38/><W44/><G44/><T39/><D58/><U51/><E114/><V110/><F110/><W68/><G68/><T103/><D39/><U32/><E72/><V60/><F60/><W93/><G99/><AGARI ba="0,0" hai="9,10,11,22,27,30,77,79,94,99,102" m="34379" machi="99" ten="30,11600,0" yaku="6,1,8,1,52,1,54,1" doraHai="41,19" who="2" fromWho="3" sc="208,0,483,0,220,116,89,-116" owari="208,-19.2,483,58.3,336,13.6,-27,-52.7" /></mjloggm>