<mjloggm ver="2.3"><GO type="169" lobby="0"/><UN n0="%52%59%4F%40%53%53" n1="%E8%B1%86%E8%85%90%E3%83%A1%E3%83%B3%E3%82%BF%E3%83%AB%30" n2="%E6%95%97%E5%8C%97%E8%80%85%E3%81%AD%E3%82%8B" n3="%E3%83%A9%E3%83%9E%E3%83%BC%E7%9A%87%E5%AD%90" dan="17,16,17,19" rate="2145.73,2000.25,2188.98,2283.84" sx="M,M,F,M"/><TAIKYOKU oya="0"/><INIT seed="0,0,0,3,5,127" ten="250,250,250,250" oya="0" hai0="55,101,75,8,52,98,33,121,128,113,67,107,119" hai1="78,13,70,64,17,124,130,30,89,50,60,16,118" hai2="54,76,69,84,103,68,22,48,92,7,28,65,102" hai3="24,131,23,123,9,116,29,44,94,112,63,11,126"/><T12/><D113/><U82/><E118/><V110/><F110/><W66/><G116/><T91/><D119/><U20/><E124/><V32/><F32/><W21/><G112/><T40/><D33/><U97/><E30/><V108/><F108/><W1/><G126/><T93/><D121/><U74/><E130/><V134/><F134/><W132/><G132/><T129/><D67/><U27/><E50/><V96/><F103/><W43/><G123/><T4/><D40/><U0/><E0/><V83/><F7/><W26/><G1/><T86/><REACH who="0" step="1"/><D75/><REACH who="0" ten="240,250,250,250" step="2"/><U95/><E74/><V105/><F65/><W135/><G135/><T45/><D45/><U61/><E64/><V59/><F105/><W53/><G53/><AGARI ba="0,1" hai="4,8,12,52,53,55,86,91,93,98,101,107,128,129" machi="53" ten="40,12000,1" yaku="1,1,52,2,54,1,53,1" doraHai="127" doraHaiUra="87" who="0" fromWho="3" sc="240,130,250,0,250,0,250,-120" /><INIT seed="0,1,0,2,3,19" ten="370,250,250,130" oya="0" hai0="6,0,106,87,59,93,100,75,76,72,88,91,33" hai1="81,13,26,131,73,9,62,41,1,130,63,58,30" hai2="99,123,53,17,38,124,116,67,128,82,95,29,112" hai3="34,22,65,69,134,32,31,84,80,10,36,117,114"/><T90/><D33/><U119/><E119/><V28/><F123/><W35/><G117/><T83/><D59/><U68/><E1/><V39/><F112/><W118/><G118/><T132/><D132/><U96/><E41/><V23/><F116/><W79/><G114/><T25/><D25/><U98/><E68/><V27/><F128/><W104/><G104/><T8/><D75/><U71/><E71/><V15/><F124/><W56/><G36/><T46/><D46/><U44/><E44/><V66/><F39/><W54/><G134/><T101/><D101/><U51/><E51/><V105/><F38/><W37/><G37/><T48/><D48/><U14/><E81/><V102/><F105/><W61/><G10/><T109/><D109/><U7/><E73/><V125/><F125/><W97/><G97/><AGARI ba="1,0" hai="0,6,8,72,76,83,87,88,90,91,93,97,100,106" machi="97" ten="40,7700,0" yaku="24,2,54,1" doraHai="19" who="0" fromWho="3" sc="370,80,250,0,250,0,130,-80" /><INIT seed="0,2,0,5,4,41" ten="450,250,250,50" oya="0" hai0="85,93,34,59,57,27,18,33,71,66,7,55,77" hai1="115,62,15,132,14,135,36,17,35,8,13,91,70" hai2="114,81,120,67,69,131,43,5,38,123,83,98,21" hai3="97,107,73,11,26,16,100,22,102,76,130,40,118"/><T79/><D71/><U113/><E36/><V129/><F5/><W45/><G130/><N who="2" m="49673" /><F67/><W12/><G118/><T53/><D66/><U75/><E75/><V30/><F69/><W90/><G90/><BYE who="3" /><T88/><D7/><N who="1" m="3231" /><E70/><V29/><F114/><N who="1" m="43529" /><E91/><V2/><F2/><W86/><G86/><T31/><D18/><U112/><E62/><V103/><F43/><W121/><G121/><N who="2" m="46665" /><F38/><UN n3="%E3%83%A9%E3%83%9E%E3%83%BC%E7%9A%87%E5%AD%90" /><W94/><G73/><T6/><D6/><U24/><E112/><V80/><F21/><W108/><G76/><T68/><D34/><U32/><E14/><V51/><F51/><W133/><G133/><N who="1" m="51274" /><E24/><V52/><F52/><W19/><G108/><T44/><D68/><U124/><E124/><V122/><N who="2" m="46673" /><V109/><DORA hai="39" /><F109/><W89/><REACH who="3" step="1"/><G107/><AGARI ba="2,0" hai="29,30,80,81,83,98,103,107" m="46673,49673" machi="107" ten="50,1600,0" yaku="19,1" doraHai="41,39" who="2" fromWho="3" sc="450,0,250,0,250,22,50,-22" /><INIT seed="1,0,0,1,0,99" ten="450,250,272,28" oya="1" hai0="106,67,38,125,35,68,85,78,95,109,105,116,4" hai1="69,15,126,29,90,49,76,53,123,17,65,110,48" hai2="59,100,45,13,1,41,108,104,79,102,55,112,120" hai3="12,3,6,56,42,107,86,33,7,9,2,134,10"/><U70/><E123/><V72/><F1/><W34/><G86/><T39/><D35/><U57/><E126/><V63/><F120/><W26/><G56/><T124/><D109/><U58/><E29/><V84/><F72/><W94/><G94/><T62/><D4/><U61/><E110/><V5/><F104/><N who="0" m="40042" /><D116/><U73/><E49/><N who="2" m="26799" /><F112/><W21/><G42/><T115/><D115/><U131/><E131/><V127/><F127/><N who="0" m="48714" /><D95/><U133/><E133/><V23/><F108/><W93/><G93/><T89/><D89/><U128/><E128/><V64/><F64/><W81/><G81/><AGARI ba="0,0" hai="38,39,62,67,68,78,81,85" m="48714,40042" machi="81" ten="30,1000,0" yaku="18,1" doraHai="99" who="0" fromWho="3" sc="450,10,250,0,272,0,28,-10" /><INIT seed="2,0,0,4,4,108" ten="460,250,272,18" oya="2" hai0="94,35,80,11,84,21,76,128,33,29,6,0,92" hai1="32,51,132,24,30,110,66,15,69,100,97,121,8" hai2="59,41,135,46,82,28,50,71,55,98,131,13,116" hai3="111,37,36,75,49,123,63,93,101,115,133,104,134"/><V42/><F116/><W81/><G104/><T95/><D128/><U126/><E110/><V102/><F71/><W45/><G111/><T113/><D113/><U129/><E129/><V114/><F131/><W65/><G123/><T107/><D107/><U7/><E126/><V87/><F114/><W99/><G115/><T124/><D124/><U54/><E132/><N who="3" m="50794" /><G81/><T89/><D76/><U26/><E121/><V77/><F135/><W20/><G20/><T40/><D40/><U112/><E112/><V16/><F28/><W70/><G75/><T57/><D57/><U22/><E66/><V18/><F13/><W96/><G96/><T4/><D4/><U44/><E69/><V58/><F58/><W85/><G85/><T130/><D130/><U56/><E56/><V72/><F72/><W125/><G125/><T79/><D79/><U12/><E12/><V61/><REACH who="2" step="1"/><F41/><AGARI ba="0,0" hai="36,37,41,45,49,63,65,70,93,99,101" m="50794" machi="41" ten="30,1000,0" yaku="20,1" doraHai="108" who="3" fromWho="2" sc="460,0,250,0,272,-10,18,10" /><INIT seed="3,0,0,3,2,53" ten="460,250,262,28" oya="3" hai0="44,79,7,128,84,66,32,107,120,59,112,70,54" hai1="109,110,20,133,52,72,114,92,15,22,49,82,58" hai2="88,105,1,50,94,5,37,122,23,62,85,30,55" hai3="16,91,25,65,17,96,57,21,35,127,48,135,2"/><W19/><G127/><T129/><D120/><U26/><E114/><V126/><F37/><W28/><G135/><T18/><D107/><U123/><E123/><V60/><F105/><W125/><G125/><T98/><D32/><U63/><E133/><V119/><F126/><W102/><G2/><T99/><D44/><U11/><E92/><V6/><F119/><W117/><G117/><T93/><D7/><N who="2" m="2570" /><F1/><W90/><G35/><T86/><D66/><U51/><E72/><V64/><F64/><W74/><G74/><T56/><D70/><U115/><E115/><V101/><F101/><W61/><REACH who="3" step="1"/><G48/><REACH who="3" ten="460,250,262,18" step="2"/><N who="0" m="30791" /><D112/><U97/><E49/><V95/><F122/><W78/><G78/><T81/><D79/><U73/><E51/><V131/><F131/><W42/><G42/><T83/><D129/><U45/><E73/><V24/><F95/><AGARI ba="0,1" hai="16,17,19,21,25,28,57,61,65,90,91,95,96,102" machi="95" ten="40,18000,2" yaku="1,1,25,2,8,1,52,1,54,1,53,0" doraHai="53" doraHaiUra="111" who="3" fromWho="2" sc="460,0,250,0,262,-180,18,190" /><INIT seed="3,1,0,4,4,112" ten="460,250,82,208" oya="3" hai0="99,22,40,127,123,76,100,130,35,120,0,103,23" hai1="92,135,87,18,48,79,101,31,6,102,90,1,115" hai2="126,12,54,74,64,30,95,132,5,109,70,63,24" hai3="82,27,116,29,19,8,45,68,85,108,91,97,56"/><W43/><G68/><T66/><D35/><U121/><E115/><V113/><F109/><W83/><G108/><T47/><D0/><U50/><E121/><V34/><F113/><W37/><G97/><T88/><D76/><U69/><E69/><V94/><F74/><W55/><G8/><T42/><D66/><U61/><E31/><V10/><F126/><W41/><G41/><T81/><D127/><U106/><E6/><V15/><F132/><W7/><G7/><T125/><D125/><U65/><E1/><V33/><F33/><W122/><G122/><T14/><D14/><U93/><E79/><V59/><REACH who="2" step="1"/><F15/><REACH who="2" ten="460,250,72,208" step="2"/><W77/><G116/><T25/><D123/><U4/><E135/><V13/><F13/><W118/><G118/><T9/><D120/><U78/><E4/><V16/><F16/><W58/><G19/><T71/><D130/><U110/><E18/><V84/><F84/><W98/><G98/><T51/><D99/><U104/><E87/><V46/><F46/><W75/><REACH who="3" step="1"/><G55/><REACH who="3" ten="460,250,72,198" step="2"/><N who="0" m="30207" /><D9/><U86/><E110/><V72/><F72/><W60/><G60/><AGARI ba="1,2" hai="5,10,12,24,30,34,54,59,60,63,64,70,94,95" machi="60" ten="30,3900,0" yaku="1,1,7,1,53,1" doraHai="112" doraHaiUra="20" who="2" fromWho="3" sc="460,0,250,0,72,62,198,-42" /><INIT seed="4,0,0,5,3,85" ten="460,250,134,156" oya="0" hai0="92,124,121,127,74,108,5,51,12,50,2,82,26" hai1="38,56,27,107,6,34,23,14,65,79,31,57,73" hai2="97,44,19,47,35,133,67,76,11,10,123,52,64" hai3="9,49,28,3,45,61,62,103,106,48,32,113,114"/><T129/><D121/><U37/><E107/><V131/><F123/><W43/><G32/><T81/><D2/><U8/><E73/><V110/><F35/><W70/><G28/><T126/><D129/><U96/><E79/><V40/><F110/><W13/><G3/><T75/><D26/><U66/><E96/><V16/><F131/><W60/><G103/><T91/><D108/><U100/><E100/><V109/><F109/><W78/><G106/><T130/><D130/><U22/><E22/><V98/><F76/><W20/><G20/><T68/><D68/><U21/><E21/><V134/><REACH who="2" step="1"/><F52/><REACH who="2" ten="460,250,124,156" step="2"/><W102/><G78/><T93/><D127/><U116/><E34/><V29/><F29/><W55/><G70/><T135/><D126/><U90/><E31/><V104/><F104/><W58/><REACH who="3" step="1"/><G102/><REACH who="3" ten="460,250,124,146" step="2"/><T36/><D124/><U39/><E27/><V83/><F83/><W33/><G33/><T111/><D81/><U41/><E116/><V77/><F77/><W128/><G128/><T88/><D82/><U101/><E101/><V18/><F18/><AGARI ba="0,2" hai="9,13,18,43,45,48,49,55,58,60,61,62,113,114" machi="18" ten="40,1300,0" yaku="1,1,53,0" doraHai="85" doraHaiUra="99" who="3" fromWho="2" sc="460,0,250,0,124,-13,146,33" /><INIT seed="5,0,0,2,2,18" ten="460,250,111,179" oya="1" hai0="6,92,58,113,124,31,14,104,120,106,69,57,38" hai1="20,16,45,50,102,53,121,49,80,24,133,109,44" hai2="9,60,88,107,46,132,118,43,30,74,0,67,5" hai3="98,78,12,59,100,21,36,32,66,56,130,119,71"/><U122/><E133/><V17/><F118/><W28/><G36/><T103/><D69/><U65/><E109/><V87/><F107/><W129/><G119/><T131/><D38/><U54/><E102/><V86/><F74/><W110/><G110/><T63/><D31/><U2/><E2/><V134/><F86/><W72/><G32/><T62/><D14/><U39/><E39/><V13/><F30/><W126/><G126/><T77/><D6/><U15/><E65/><V85/><F85/><W114/><G114/><T90/><D77/><U75/><E24/><V70/><F46/><W91/><G91/><T48/><D48/><U68/><E68/><V125/><F43/><W116/><G116/><T95/><D90/><U33/><E33/><V52/><F52/><W112/><G112/><T4/><D4/><U35/><E35/><V3/><F125/><W84/><G72/><T79/><D79/><AGARI ba="0,0" hai="15,16,20,44,45,49,50,53,54,75,79,80,121,122" machi="79" ten="40,7700,0" yaku="9,1,52,1,54,1" doraHai="18" who="1" fromWho="0" sc="460,-77,250,77,111,0,179,0" /><INIT seed="5,1,0,2,4,9" ten="383,327,111,179" oya="1" hai0="53,121,79,45,120,104,19,126,23,50,37,11,17" hai1="13,29,109,22,51,36,2,129,74,46,87,82,56" hai2="24,90,107,54,71,18,40,72,6,12,20,135,91" hai3="0,95,59,113,105,62,63,118,31,81,43,98,28"/><U102/><E2/><V106/><F135/><W86/><G0/><T25/><D104/><U55/><E129/><V114/><F72/><W85/><G113/><T58/><D126/><U75/><E109/><V131/><F71/><W42/><G105/><T15/><D79/><U38/><E102/><V34/><F131/><W76/><G86/><T66/><D66/><U47/><E47/><V35/><F114/><W108/><G108/><T115/><D115/><U7/><E29/><N who="3" m="11338" /><G118/><T61/><REACH who="0" step="1"/><D37/><REACH who="0" ten="373,327,111,179" step="2"/><U128/><E36/><V49/><F107/><W130/><G130/><T69/><D69/><U78/><E128/><V68/><F106/><W132/><G132/><T60/><D60/><U27/><E38/><V21/><F68/><W41/><G59/><T39/><D39/><U119/><E119/><V67/><F67/><W8/><G63/><T1/><D1/><U48/><E56/><V122/><F122/><W26/><G62/><T134/><D134/><U133/><E133/><V101/><F49/><W127/><G127/><T5/><D5/><U124/><E51/><V3/><F6/><W93/><G76/><T33/><D33/><U110/><E124/><V88/><F3/><W32/><G32/><T80/><D80/><U112/><E112/><V83/><F34/><W116/><G81/><T4/><D4/><U77/><E77/><V65/><F35/><W16/><G116/><T103/><D103/><U92/><E110/><V111/><F111/><W123/><G123/><T44/><D44/><U73/><E75/><V89/><N who="2" m="22528" /><DORA hai="117" /><V30/><F101/><W57/><G57/><RYUUKYOKU ba="1,1" sc="373,30,327,-10,111,-10,179,-10" hai0="11,15,17,19,23,25,45,50,53,58,61,120,121" /><INIT seed="6,2,1,2,2,108" ten="403,317,101,169" oya="2" hai0="130,17,33,82,45,100,131,2,70,50,23,97,128" hai1="24,92,119,135,115,72,56,25,71,90,74,57,11" hai2="3,15,95,80,125,64,123,120,22,76,35,26,86" hai3="47,77,121,117,18,111,58,60,52,20,38,110,83"/><V81/><F3/><W1/><G1/><T99/><D2/><U6/><E71/><V112/><F125/><W126/><G117/><T118/><D33/><U4/><E92/><V129/><F129/><W79/><G121/><T0/><D0/><U63/><E63/><V34/><F64/><W89/><G126/><T12/><D118/><U127/><E119/><V75/><F95/><W61/><G89/><T5/><D70/><U106/><E90/><V7/><F112/><W27/><G61/><T39/><D39/><U66/><E106/><V109/><F109/><W114/><G79/><T134/><D134/><U104/><E104/><V96/><F96/><W78/><G77/><T43/><D100/><U62/><E62/><V85/><F75/><W41/><REACH who="3" step="1"/><G114/><REACH who="3" ten="403,317,101,159" step="2"/><T113/><D113/><U84/><E127/><V105/><F123/><W54/><G54/><T93/><D131/><U132/><E115/><V103/><F120/><W68/><G68/><T53/><D53/><U31/><E66/><V94/><F76/><W28/><G28/><T42/><D130/><U21/><E31/><V67/><F67/><W19/><G19/><T55/><D17/><U59/><E135/><V8/><F7/><W32/><G32/><T14/><D5/><U49/><E132/><V65/><F65/><W36/><G36/><T51/><D55/><U101/><E4/><N who="2" m="3463" /><F34/><W98/><G98/><T46/><D128/><U124/><E6/><V40/><F35/><W87/><AGARI ba="2,2" hai="18,20,27,38,41,47,52,58,60,78,83,87,110,111" machi="87" ten="20,8000,1" yaku="1,1,0,1,7,1,54,1,53,1" doraHai="108" doraHaiUra="73" who="3" fromWho="3" sc="403,-22,317,-22,101,-42,159,106" /><INIT seed="7,0,0,1,3,135" ten="381,295,59,265" oya="3" hai0="21,69,98,121,27,23,119,31,61,130,32,82,115" hai1="90,0,109,44,112,4,89,47,7,67,48,11,63" hai2="74,33,128,111,71,64,40,123,52,88,118,80,102" hai3="95,126,99,6,97,42,81,20,108,24,2,28,34"/><W16/><G108/><T14/><D119/><U13/><E109/><V1/><F102/><W49/><G81/><T58/><D121/><U129/><E112/><V110/><F88/><W53/><G42/><T101/><D115/><U43/><E129/><V122/><F52/><W116/><G116/><T37/><D37/><U26/><E7/><V18/><F18/><W91/><G126/><T41/><D41/><U117/><E117/><V35/><F80/><W94/><G2/><T55/><D130/><U127/><E127/><V36/><F64/><W25/><G6/><T57/><D14/><U86/><E26/><V62/><F62/><W66/><G66/><N who="0" m="41167" /><D82/><U5/><E5/><V30/><F30/><W29/><G29/><T132/><D132/><U60/><E0/><V113/><F40/><W9/><G9/><T65/><D65/><U78/><E63/><V38/><F111/><W87/><REACH who="3" step="1"/><G95/><REACH who="3" ten="381,295,59,255" step="2"/><T68/><D68/><U77/><E67/><V125/><F122/><W100/><G100/><T93/><D93/><U85/><E43/><V10/><F10/><W106/><G106/><N who="0" m="63799" /><D55/><U22/><E4/><V124/><F36/><W51/><G51/><T50/><D50/><U134/><E48/><V56/><F124/><W114/><G114/><T133/><D133/><U59/><E134/><V131/><F131/><W107/><G107/><T105/><D105/><U83/><E11/><V39/><F39/><W45/><AGARI ba="0,1" hai="16,20,24,25,28,34,45,49,53,87,91,94,97,99" machi="45" ten="20,7800,0" yaku="1,1,0,1,7,1,54,1,53,0" doraHai="135" doraHaiUra="103" who="3" fromWho="3" sc="381,-26,295,-26,59,-26,255,88" /><INIT seed="7,1,0,0,0,102" ten="355,269,33,343" oya="3" hai0="59,52,116,33,56,24,127,30,37,8,41,51,64" hai1="124,22,47,119,114,110,45,35,133,66,27,79,83" hai2="34,85,128,71,99,113,36,13,58,76,122,60,54" hai3="97,19,107,84,98,121,29,53,31,12,20,39,44"/><W38/><G121/><T75/><D75/><U40/><E110/><V55/><F13/><W18/><G107/><T42/><D116/><U115/><E119/><V69/><F85/><W49/><G39/><T103/><D37/><U129/><E129/><V106/><F99/><N who="3" m="37899" /><G38/><T104/><D104/><U77/><E35/><V78/><F76/><W6/><G6/><T87/><D103/><U70/><E124/><V130/><F78/><W80/><G19/><T86/><D127/><U90/><E66/><V120/><F34/><W25/><G12/><T63/><D8/><U93/><E70/><V72/><F72/><W50/><G50/><T5/><D5/><U2/><E2/><V94/><F94/><W126/><G126/><T73/><D73/><U108/><E108/><V100/><F100/><W26/><G26/><T68/><D68/><U109/><E109/><V16/><F36/><W23/><G23/><T135/><D135/><U123/><E133/><V32/><F32/><W62/><G62/><T57/><D57/><U61/><E61/><V21/><F21/><W4/><G4/><T9/><D9/><U28/><E123/><V125/><F16/><W43/><G43/><T17/><D17/><U82/><E77/><AGARI ba="1,0" hai="18,20,25,29,31,44,49,53,77,80,84" m="37899" machi="77" ten="30,1500,0" yaku="8,1" doraHai="102" who="3" fromWho="1" sc="355,0,269,-18,33,0,343,18" owari="355,15.5,251,-14.9,33,-46.7,361,46.1" /></mjloggm>