<mjloggm ver="2.3"><GO type="169" lobby="0"/><UN n0="%E3%81%82%E3%81%BE%E3%81%82%E3%82%93" n1="%E3%82%86%E3%81%86%E3%82%8C%E3%81%84%E3%81%84%E3%81%8B" n2="%E3%81%B1%E3%82%93%E3%81%AA%E3%81%93%E3%81%BE%E3%81%A3%E3%81%9F" n3="%E9%BA%BB%E9%9B%80%49%51%31%32%30" dan="16,18,18,16" rate="2081.17,2248.25,2236.18,2091.01" sx="M,M,M,M"/><TAIKYOKU oya="0"/><INIT seed="0,0,0,4,3,99" ten="250,250,250,250" oya="0" hai0="113,83,48,86,97,101,49,91,123,42,40,80,54" hai1="122,119,35,1,61,32,52,108,7,3,126,125,81" hai2="111,129,98,50,60,56,133,15,55,58,19,134,34" hai3="53,63,64,5,73,37,47,84,118,76,23,128,90"/><T100/><D113/><U75/><E119/><V57/><F34/><N who="1" m="12841" /><E7/><V18/><F98/><W132/><G128/><T16/><D123/><U124/><E122/><V78/><F78/><W28/><G132/><N who="2" m="50793" /><F15/><W87/><G5/><T45/><D83/><U121/><E121/><V30/><F30/><W39/><G76/><T109/><D109/><U26/><E26/><V115/><F18/><W95/><G87/><T135/><D135/><U9/><E9/><V46/><F19/><W77/><G77/><T6/><D6/><U112/><E108/><V65/><F115/><W20/><G73/><T96/><D48/><U92/><E92/><V43/><F111/><W116/><G20/><T131/><D131/><U93/><E93/><V68/><F129/><W21/><G23/><T106/><REACH who="0" step="1"/><D16/><REACH who="0" ten="240,250,250,250" step="2"/><U14/><E112/><V67/><F67/><W79/><G118/><T4/><D4/><U85/><E14/><V44/><F44/><W62/><G47/><T117/><D117/><U13/><E13/><V31/><F31/><W59/><G116/><T10/><D10/><U71/><E75/><V27/><F27/><W2/><G28/><T0/><D0/><U36/><E1/><V11/><F11/><W66/><G2/><T8/><D8/><U51/><E3/><V38/><AGARI ba="0,1" hai="38,43,46,50,55,56,57,58,60,65,68" m="50793" machi="38" ten="30,7900,0" yaku="24,1,20,1,34,2" doraHai="99" who="2" fromWho="2" sc="240,-39,250,-20,250,89,250,-20" /><INIT seed="1,0,0,0,0,62" ten="201,230,339,230" oya="1" hai0="89,100,73,14,126,38,35,123,5,96,27,101,91" hai1="127,121,18,9,114,37,71,19,22,77,135,128,6" hai2="11,21,95,42,124,8,113,88,81,26,118,28,64" hai3="17,132,109,83,51,57,58,116,20,99,107,12,119"/><U16/><E121/><V110/><F118/><W108/><G132/><T7/><D38/><U72/><E114/><V45/><F113/><W122/><BYE who="2" /><G122/><T86/><D73/><UN n2="%E3%81%B1%E3%82%93%E3%81%AA%E3%81%93%E3%81%BE%E3%81%A3%E3%81%9F" /><U120/><E120/><V74/><F110/><N who="3" m="42603" /><G83/><T78/><D123/><U69/><E135/><V56/><F124/><W2/><G2/><T31/><D126/><U34/><E127/><V84/><F74/><W103/><G51/><T68/><D68/><U53/><E34/><V30/><F30/><W98/><G99/><T50/><D78/><U111/><E128/><V133/><F133/><W112/><G112/><T75/><D75/><U40/><E53/><V102/><F102/><W79/><G79/><T23/><D35/><U97/><E97/><V134/><F134/><W82/><G82/><T10/><D7/><U3/><E22/><V117/><F117/><AGARI ba="0,0" hai="12,17,20,57,58,98,103,107,116,117,119" m="42603" machi="117" ten="30,2000,0" yaku="12,1,14,1" doraHai="62" who="3" fromWho="2" sc="201,0,230,0,339,-20,230,20" /><INIT seed="2,0,0,4,4,111" ten="201,230,319,250" oya="2" hai0="19,67,65,12,8,41,82,70,62,66,60,58,13" hai1="79,31,14,71,102,103,92,125,32,56,72,115,52" hai2="73,57,100,78,55,109,40,130,4,24,93,33,127" hai3="20,45,105,39,7,35,46,22,26,6,51,42,28"/><V84/><F73/><W10/><G105/><T77/><D41/><U132/><E71/><V129/><F127/><W86/><G6/><T48/><D13/><U18/><E125/><V99/><F109/><W80/><G39/><T68/><D48/><U116/><E116/><V50/><F4/><W135/><G45/><T23/><D23/><U131/><E132/><V133/><F133/><W5/><G5/><T89/><D89/><U53/><E131/><V44/><F78/><W21/><G135/><T37/><D37/><U87/><E72/><V2/><F2/><W101/><G101/><T94/><D94/><U113/><E53/><V43/><F84/><W76/><G35/><T123/><D123/><U74/><E74/><V3/><F3/><W69/><G69/><T90/><D90/><N who="1" m="53343" /><E79/><V124/><F124/><W104/><G104/><T34/><D34/><U96/><E31/><V61/><F43/><W49/><G51/><T63/><D77/><U98/><E32/><V15/><REACH who="2" step="1"/><F15/><AGARI ba="0,0" hai="7,10,15,20,21,22,26,28,42,46,49,76,80,86" machi="15" ten="30,7700,0" yaku="7,1,25,2,8,1" doraHai="111" who="3" fromWho="2" sc="201,0,230,0,319,-77,250,77" /><INIT seed="3,0,0,2,5,123" ten="201,230,242,327" oya="3" hai0="39,27,12,35,24,107,42,45,97,13,80,32,49" hai1="100,17,4,40,78,86,34,93,3,22,84,62,55" hai2="122,9,47,128,96,36,130,106,46,19,26,87,135" hai3="18,114,88,8,92,98,101,105,6,31,44,126,64"/><W129/><G114/><T89/><D107/><U94/><E34/><V58/><F122/><W108/><G126/><T121/><D121/><U124/><E124/><V69/><F69/><W127/><G127/><T82/><D39/><U70/><E40/><V83/><F135/><W10/><G129/><N who="2" m="49769" /><F36/><W21/><G31/><T102/><D89/><U67/><E3/><V57/><F96/><W11/><G64/><T1/><D1/><U30/><E4/><V50/><F106/><W81/><G44/><T120/><D120/><U109/><E30/><V115/><F47/><W23/><G23/><T116/><D116/><U37/><E37/><V56/><F115/><W41/><G41/><T53/><D42/><U134/><E55/><V132/><F132/><W38/><G38/><T43/><D43/><U111/><E134/><V77/><F26/><W125/><G125/><T16/><D97/><N who="1" m="59439" /><E94/><V61/><F61/><W0/><G81/><T14/><D102/><U5/><E5/><V59/><N who="2" m="14336" /><DORA hai="103" /><V85/><F19/><W15/><G6/><T110/><D16/><U72/><E72/><N who="2" m="43431" /><F9/><W48/><G48/><T99/><D49/><U66/><E78/><V65/><F65/><W117/><G0/><T91/><D53/><AGARI ba="0,0" hai="46,50,53,85,87" m="43431,14336,49769" machi="53" ten="40,1300,0" yaku="19,1" doraHai="123,103" who="2" fromWho="0" sc="201,-13,230,0,242,13,327,0" /><INIT seed="4,0,0,3,3,44" ten="188,230,255,327" oya="0" hai0="80,102,2,118,60,21,129,134,15,76,41,71,34" hai1="98,16,96,10,105,103,1,89,87,11,101,75,130" hai2="47,66,5,25,82,73,97,92,104,124,46,24,113" hai3="20,107,58,74,114,17,31,7,120,133,37,85,62"/><T18/><D118/><U29/><E130/><V4/><F104/><W69/><G74/><T45/><D129/><U28/><E75/><V77/><F113/><W119/><G37/><T61/><D134/><U67/><E67/><V59/><F124/><W49/><G107/><T43/><D34/><U33/><E33/><V95/><F66/><W110/><G110/><T72/><D102/><U13/><E98/><V27/><F59/><W135/><G7/><T54/><D2/><U56/><E101/><V125/><F125/><W126/><G31/><T8/><D71/><U50/><E10/><V68/><F68/><W78/><G119/><T83/><D83/><U84/><E84/><V14/><F95/><W121/><G114/><T86/><D72/><U63/><E1/><V3/><F3/><W6/><G69/><T93/><D93/><U26/><E63/><N who="0" m="24137" /><D8/><U123/><E26/><V55/><F73/><W35/><G35/><T111/><D111/><U52/><E123/><V116/><F82/><AGARI ba="0,0" hai="11,13,16,28,29,50,52,56,82,87,89,96,103,105" machi="82" ten="30,7700,0" yaku="7,1,52,1,54,2" doraHai="44" who="1" fromWho="2" sc="188,0,230,77,255,-77,327,0" /><INIT seed="5,0,0,5,1,66" ten="188,307,178,327" oya="1" hai0="58,9,133,118,37,90,89,105,111,52,74,97,20" hai1="80,22,120,26,56,117,127,24,14,93,132,77,60" hai2="49,126,40,101,63,5,54,75,19,99,8,29,92" hai3="98,18,25,129,1,27,62,103,2,6,109,125,33"/><U50/><E117/><V86/><F126/><W53/><G109/><T23/><D111/><U59/><E120/><V21/><F75/><W65/><G6/><T67/><D118/><U48/><E127/><V88/><F29/><W78/><G78/><T134/><D37/><U0/><E0/><V3/><F40/><W42/><G129/><T130/><D74/><U106/><E106/><V44/><F63/><W51/><G42/><T123/><D67/><U121/><E121/><V12/><REACH who="2" step="1"/><F86/><REACH who="2" ten="188,307,168,327" step="2"/><W124/><G62/><N who="0" m="36167" /><D123/><U73/><E60/><V10/><F10/><W112/><G125/><T34/><D130/><U81/><E73/><V108/><F108/><W35/><G124/><T72/><D72/><U4/><E132/><N who="0" m="50793" /><D9/><U68/><E48/><V15/><F15/><W32/><G51/><T45/><D34/><U104/><E50/><V82/><F82/><W76/><G35/><T100/><D45/><U61/><E80/><V13/><F13/><W30/><G33/><T85/><D90/><AGARI ba="0,1" hai="3,5,8,12,19,21,44,49,54,88,90,92,99,101" machi="90" ten="40,5200,0" yaku="1,1,54,1,53,1" doraHai="66" doraHaiUra="47" who="2" fromWho="0" sc="188,-52,307,0,168,62,327,0" /><INIT seed="6,0,0,1,4,8" ten="136,307,230,327" oya="2" hai0="37,23,115,44,120,40,12,131,6,45,79,108,91" hai1="99,119,78,51,132,65,14,34,49,22,66,2,56" hai2="117,59,48,36,126,18,24,81,64,58,41,20,84" hai3="69,104,96,85,70,74,42,112,128,76,29,101,94"/><V95/><F126/><W124/><G128/><T127/><D120/><U90/><E34/><V19/><F117/><W0/><G0/><T133/><D108/><U87/><E2/><V5/><F36/><W83/><G112/><T9/><D131/><U77/><E132/><V98/><F5/><W4/><G4/><T7/><D127/><U60/><E99/><V89/><F64/><W100/><G100/><T121/><D121/><U114/><E66/><V61/><F61/><W21/><G42/><T43/><D115/><U111/><E111/><V1/><F1/><W32/><G32/><T30/><D133/><U54/><E114/><V71/><F71/><W63/><G63/><T47/><D7/><U46/><E51/><V135/><F135/><W86/><G86/><T39/><D79/><U11/><E22/><V102/><REACH who="2" step="1"/><F19/><REACH who="2" ten="136,307,220,327" step="2"/><W107/><G69/><T26/><D39/><U125/><E125/><V97/><F97/><W31/><G70/><T122/><D122/><U88/><E119/><V129/><F129/><W93/><G96/><T134/><D134/><U13/><E65/><V130/><F130/><W109/><G124/><T62/><D37/><U16/><E60/><V25/><F25/><W72/><G109/><T92/><REACH who="0" step="1"/><D62/><REACH who="0" ten="126,307,220,327" step="2"/><U52/><E49/><V110/><F110/><W68/><G68/><T53/><D53/><U73/><E52/><V50/><F50/><W27/><G27/><T55/><D55/><U105/><E54/><V75/><F75/><W15/><G72/><T106/><D106/><U33/><E105/><V67/><F67/><W38/><G107/><RYUUKYOKU ba="0,2" sc="126,15,307,-15,220,15,327,-15" hai0="6,9,12,23,26,30,40,43,44,45,47,91,92" hai2="18,20,24,41,48,58,59,81,84,89,95,98,102" /><INIT seed="6,1,2,3,0,37" ten="141,292,235,312" oya="2" hai0="51,94,120,122,0,67,41,10,71,127,105,97,99" hai1="114,29,70,58,44,61,121,98,66,22,28,109,130" hai2="2,106,55,119,126,49,96,129,53,79,110,88,23" hai3="46,78,39,24,132,72,81,48,54,100,104,77,50"/><V13/><F119/><W9/><G132/><T80/><D127/><U108/><E114/><V34/><F34/><W95/><G39/><T83/><D71/><U31/><E130/><V43/><F2/><W73/><G104/><T93/><D67/><U12/><E121/><V21/><F126/><W15/><G24/><T134/><D0/><U33/><E33/><V59/><F129/><W8/><G100/><T115/><D10/><U45/><E70/><V11/><F110/><W3/><G95/><T14/><D14/><U5/><E108/><V32/><F32/><W75/><G78/><T25/><D25/><N who="1" m="16439" /><E98/><V35/><F35/><W117/><G117/><T52/><D134/><U74/><E74/><V103/><F79/><W107/><G107/><T124/><D124/><U6/><E6/><V92/><F55/><W63/><G63/><T82/><D115/><U102/><E102/><V36/><F36/><W101/><G101/><T91/><D105/><U19/><E5/><V128/><F128/><W18/><G8/><T68/><D68/><U76/><E76/><V38/><F38/><W27/><G27/><T123/><D97/><U135/><E109/><V116/><F116/><W47/><G3/><T20/><D20/><N who="1" m="11367" /><E135/><V56/><F56/><W16/><G18/><T111/><D111/><U118/><E118/><V133/><F133/><W17/><G17/><T7/><D7/><U40/><E45/><N who="2" m="25791" /><F103/><W42/><AGARI ba="1,2" hai="9,15,16,42,46,47,48,50,54,72,73,75,77,81" machi="42" ten="20,5200,0" yaku="0,1,7,1,52,1,54,1" doraHai="37" who="3" fromWho="3" sc="141,-14,292,-14,235,-27,312,75" /><INIT seed="7,0,0,2,4,18" ten="127,278,208,387" oya="3" hai0="2,52,122,119,84,63,21,99,107,127,5,88,29" hai1="80,118,132,28,19,48,98,101,12,128,114,6,129" hai2="71,39,58,102,23,54,103,26,24,55,27,57,126" hai3="130,91,73,110,134,97,47,120,43,30,66,86,109"/><W108/><G130/><N who="1" m="50282" /><E114/><V116/><F116/><W72/><G134/><T83/><D119/><U104/><E118/><V0/><F0/><W92/><G120/><T25/><D122/><U93/><E132/><V4/><F71/><W8/><G30/><T62/><D127/><U68/><E68/><V111/><F39/><N who="3" m="22015" /><G66/><T82/><D82/><U67/><E67/><V81/><F4/><W50/><G50/><T3/><D5/><U17/><E28/><V78/><F126/><W38/><G38/><T94/><D99/><N who="1" m="61503" /><E80/><V40/><F111/><W76/><G8/><T69/><D107/><U124/><E48/><V22/><F40/><W113/><G113/><T13/><D83/><AGARI ba="0,0" hai="72,73,76,83,86,91,92,97,108,109,110" m="22015" machi="83" ten="30,1500,0" yaku="10,1" doraHai="18" who="3" fromWho="0" sc="127,-15,278,0,208,0,387,15" owari="112,-38.8,278,7.8,208,-19.2,402,50.2" /></mjloggm>