<mjloggm ver="2.3"><GO type="169" lobby="0"/><UN n0="%E7%BD%AA%E5%88%91%E6%B3%95%E5%AE%9A%E4%B8%BB%E7%BE%A9" n1="%31%74%61" n2="%E4%B9%9D%E7%B4%8B%E9%BE%8D%E5%8F%B2%E9%80%B2" n3="%E3%81%95%E3%81%8F%E3%82%88%E3%81%93%E3%81%A1%E3%82%83%E3%82%93" dan="17,18,19,16" rate="2233.01,2286.68,2298.48,2091.63" sx="M,M,M,F"/><TAIKYOKU oya="0"/><INIT seed="0,0,0,5,4,124" ten="250,250,250,250" oya="0" hai0="61,67,87,60,91,114,46,84,108,70,39,28,82" hai1="98,103,89,135,29,115,45,15,8,48,52,13,42" hai2="90,9,68,34,99,123,118,77,119,44,40,85,86" hai3="33,35,95,111,6,24,92,110,19,31,47,134,94"/><T69/><D114/><U7/><E135/><V72/><F68/><W26/><G134/><T37/><D28/><U38/><E115/><V112/><F34/><W27/><G6/><T81/><D46/><U78/><E29/><V23/><F112/><W104/><G104/><T2/><D2/><U74/><E89/><V0/><F123/><W132/><G132/><T79/><D108/><N who="3" m="41513" /><G31/><T66/><AGARI ba="0,0" hai="37,39,60,61,66,67,69,70,79,81,82,84,87,91" machi="66" ten="30,3000,0" yaku="0,1,9,1" doraHai="124" who="0" fromWho="0" sc="250,30,250,-10,250,-10,250,-10" /><INIT seed="0,1,0,1,4,68" ten="280,240,240,240" oya="0" hai0="73,63,17,74,56,87,50,109,70,10,133,132,95" hai1="24,16,38,30,71,119,12,115,28,120,49,5,33" hai2="107,99,121,127,111,134,46,42,86,37,89,97,2" hai3="110,23,21,8,3,112,82,79,88,85,122,128,96"/><T53/><D10/><U105/><E71/><V39/><F121/><W15/><G112/><T98/><D87/><U4/><E105/><V135/><F111/><W106/><G110/><T43/><D17/><U103/><E103/><V123/><F123/><W22/><G122/><T9/><D9/><U69/><E69/><V32/><F32/><W59/><G128/><T80/><D109/><U52/><E120/><V34/><F34/><W65/><G3/><T14/><D14/><U54/><E119/><V19/><F2/><W66/><G59/><T94/><D94/><U41/><E115/><V18/><F127/><W130/><G130/><T13/><D13/><U44/><E28/><V62/><F62/><W7/><G106/><T61/><D43/><U58/><E54/><V126/><F126/><W117/><G117/><T91/><D70/><U92/><E92/><AGARI ba="1,0" hai="7,8,15,21,22,23,65,66,79,82,85,88,92,96" machi="92" ten="40,2600,0" yaku="8,1,54,1" doraHai="68" who="3" fromWho="1" sc="280,0,240,-29,240,0,240,29" /><INIT seed="1,0,0,1,2,8" ten="280,211,240,269" oya="1" hai0="16,125,99,11,13,28,97,126,0,128,31,68,79" hai1="25,61,104,86,109,76,29,41,18,116,75,15,98" hai2="113,82,47,1,22,17,85,106,42,6,83,57,63" hai3="132,40,110,10,33,78,62,102,59,129,88,43,122"/><U111/><E116/><V120/><F106/><W48/><G122/><T60/><D79/><U108/><E41/><V105/><F105/><W64/><G110/><T53/><D0/><U77/><E75/><V9/><F113/><W101/><G33/><T80/><D80/><U121/><E121/><V46/><F120/><W124/><G124/><N who="0" m="47723" /><D128/><U24/><E61/><V56/><F83/><W95/><G132/><T115/><D115/><U52/><E86/><V103/><F103/><N who="3" m="39435" /><G78/><N who="1" m="30314" /><E29/><N who="0" m="11337" /><D53/><U114/><E114/><V4/><F4/><W127/><G127/><T118/><D118/><U92/><E52/><V117/><F117/><W19/><G48/><T70/><D70/><U55/><E55/><V38/><F46/><W94/><G94/><T87/><D87/><U81/><E81/><V49/><F49/><W96/><G129/><T135/><D135/><U107/><E107/><V65/><F85/><W130/><G130/><T35/><D35/><U45/><E45/><V44/><F44/><W32/><G32/><T74/><D74/><U112/><E104/><V67/><F82/><W3/><G3/><T84/><D84/><U37/><E37/><V21/><F65/><AGARI ba="0,0" hai="11,13,16,60,65,68,97,99" m="11337,47723" machi="65" ten="30,3900,0" yaku="18,1,52,1,54,1" doraHai="8" who="0" fromWho="2" sc="280,39,211,0,240,-39,269,0" /><INIT seed="2,0,0,2,4,82" ten="319,211,201,269" oya="2" hai0="51,27,85,12,99,6,54,15,108,19,55,109,22" hai1="37,101,16,78,110,71,1,134,2,121,102,98,42" hai2="89,13,107,64,128,57,88,36,81,59,45,123,62" hai3="72,132,83,130,68,35,79,10,80,84,11,41,122"/><V38/><F123/><W125/><G122/><T67/><D67/><U100/><E121/><V95/><F107/><W21/><G35/><T20/><D99/><U28/><E71/><V133/><F128/><W33/><G33/><T90/><D6/><U29/><E110/><N who="0" m="42601" /><D51/><U26/><E78/><V117/><F117/><W50/><G68/><T66/><D66/><U53/><E134/><V105/><F105/><W86/><G132/><T24/><D24/><U118/><E118/><V17/><F133/><W93/><G130/><T74/><D74/><U104/><E53/><N who="0" m="19977" /><D22/><U23/><E98/><V39/><F57/><W4/><G72/><T46/><D46/><U0/><REACH who="1" step="1"/><E104/><REACH who="1" ten="319,201,201,269" step="2"/><V87/><F45/><AGARI ba="0,1" hai="0,1,2,16,23,26,28,29,37,42,45,100,101,102" machi="45" ten="50,6400,0" yaku="1,1,2,1,54,1,53,0" doraHai="82" doraHaiUra="129" who="1" fromWho="2" sc="319,0,201,74,201,-64,269,0" /><INIT seed="3,0,0,5,0,109" ten="319,275,137,269" oya="3" hai0="26,113,15,70,7,117,35,135,93,30,23,121,2" hai1="22,101,91,44,75,80,128,98,111,88,71,81,47" hai2="125,16,45,102,40,104,33,66,63,65,100,76,4" hai3="56,14,118,67,64,96,78,58,55,61,90,48,95"/><W99/><G118/><T50/><D70/><U54/><E71/><V89/><F125/><W43/><G78/><T51/><D117/><U62/><E111/><V74/><F33/><W27/><G43/><T60/><D121/><U31/><E128/><V69/><F66/><W20/><G14/><T131/><D131/><U82/><E75/><V122/><F104/><W0/><G0/><T3/><D135/><U41/><E62/><V126/><F126/><W52/><REACH who="3" step="1"/><G99/><REACH who="3" ten="319,275,137,259" step="2"/><T39/><D2/><U124/><E124/><V24/><F122/><W32/><G32/><T94/><D3/><U25/><E54/><V114/><F76/><W57/><G57/><T132/><D15/><U11/><E11/><V119/><F119/><W19/><AGARI ba="0,1" hai="19,20,27,48,52,55,56,58,61,64,67,90,95,96" machi="19" ten="20,18000,2" yaku="1,1,0,1,7,1,25,2,8,1,54,1,53,0" doraHai="109" doraHaiUra="73" who="3" fromWho="3" sc="319,-60,275,-60,137,-60,259,190" /><INIT seed="3,1,0,3,4,31" ten="259,215,77,449" oya="3" hai0="115,17,109,95,111,93,101,85,89,78,29,131,90" hai1="79,126,122,59,80,135,11,92,71,68,54,61,86" hai2="112,7,81,21,129,14,118,39,116,5,23,2,9" hai3="97,91,42,50,51,24,107,58,0,84,134,104,96"/><W15/><G0/><T52/><D29/><U19/><E122/><V6/><F39/><W67/><G134/><T75/><D17/><U64/><E135/><V106/><F106/><W27/><G15/><T20/><D20/><N who="2" m="7754" /><F81/><W48/><G42/><T77/><D52/><U46/><E126/><V94/><F94/><W102/><G67/><T8/><D8/><U74/><E46/><V103/><F103/><W25/><G58/><T65/><D65/><U32/><E32/><V108/><F112/><W105/><REACH who="3" step="1"/><G102/><REACH who="3" ten="259,215,77,439" step="2"/><T66/><D66/><U88/><REACH who="1" step="1"/><E64/><REACH who="1" ten="259,205,77,439" step="2"/><V120/><F120/><W49/><N who="3" m="12288" /><DORA hai="69" /><W62/><G62/><T18/><D115/><U114/><E114/><V30/><F116/><W40/><G40/><T28/><D111/><U44/><E44/><V119/><F108/><W110/><G110/><T132/><D109/><U72/><E72/><V73/><F73/><W128/><G128/><T70/><D75/><U1/><E1/><V130/><F2/><W3/><G3/><T76/><D131/><N who="2" m="50186" /><F119/><W124/><G124/><T83/><D132/><U33/><E33/><V36/><F118/><W123/><G123/><T87/><D70/><U56/><E56/><V117/><F117/><W127/><G127/><T43/><D43/><U133/><E133/><V121/><F121/><W12/><G12/><AGARI ba="1,2" hai="11,12,19,54,59,61,68,71,74,79,80,86,88,92" machi="12" ten="40,2600,0" yaku="1,1,54,1,53,0" doraHai="31,69" doraHaiUra="45,26" who="1" fromWho="3" sc="259,0,205,49,77,0,439,-29" /><INIT seed="4,0,0,2,0,27" ten="259,254,77,410" oya="0" hai0="64,114,99,128,127,43,65,49,6,119,76,83,7" hai1="68,35,23,93,131,133,46,91,22,115,132,30,112" hai2="121,129,39,50,135,70,0,92,12,95,18,63,59" hai3="66,11,81,10,2,97,20,45,96,130,25,123,19"/><T4/><D119/><U38/><E68/><V67/><F121/><W117/><G117/><T109/><D114/><N who="1" m="43563" /><E131/><V57/><F0/><W88/><G123/><T71/><D71/><U126/><E126/><V26/><F129/><W84/><G130/><T55/><D128/><U82/><E82/><V90/><F39/><W13/><G66/><T24/><D127/><U125/><E125/><V8/><F135/><N who="1" m="51785" /><E38/><V5/><F92/><W75/><G75/><T42/><D109/><U116/><E46/><V58/><F50/><W54/><G10/><T120/><D120/><U106/><E106/><V78/><F78/><W122/><G2/><T29/><D99/><N who="1" m="57791" /><E116/><V51/><F51/><N who="3" m="29039" /><G122/><T53/><D43/><U102/><E102/><V111/><F111/><W98/><G98/><T108/><D42/><U60/><E60/><V77/><F77/><W9/><G9/><T86/><D108/><U36/><E36/><V17/><REACH who="2" step="1"/><F26/><AGARI ba="0,0" hai="22,23,26,30,35" m="57791,51785,43563" machi="26" ten="30,7700,0" yaku="15,1,11,1,20,1,52,1" doraHai="27" who="1" fromWho="2" sc="259,0,254,77,77,-77,410,0" /><INIT seed="5,0,0,2,2,46" ten="259,331,0,410" oya="1" hai0="123,80,85,53,132,8,41,78,9,120,94,26,77" hai1="16,130,57,29,54,103,62,82,74,113,125,98,102" hai2="90,76,91,14,119,4,36,68,112,71,39,18,32" hai3="48,118,22,81,44,56,127,25,1,86,115,30,75"/><U60/><E113/><V45/><F32/><W24/><G115/><T116/><D132/><U122/><E122/><V34/><F34/><W117/><G1/><T108/><D108/><U129/><E125/><V135/><F112/><W101/><G127/><T128/><D128/><N who="1" m="49259" /><E29/><V70/><F119/><N who="3" m="45579" /><G75/><T124/><D124/><U96/><E62/><V38/><F135/><W114/><G101/><N who="1" m="38410" /><E16/><V121/><F121/><W105/><G105/><T131/><D131/><U49/><E60/><V126/><F126/><W69/><G69/><T0/><D116/><U23/><E23/><V134/><F134/><W84/><G22/><T107/><D107/><U63/><E63/><V72/><F4/><W93/><G30/><T19/><D123/><U20/><E20/><V28/><F28/><W42/><G24/><T100/><D120/><U66/><E66/><V97/><F97/><W89/><G25/><T27/><D41/><U104/><E104/><V61/><F61/><W110/><G114/><T11/><D0/><U87/><E74/><V37/><F18/><W79/><G110/><T40/><D40/><U92/><E92/><V67/><F14/><W109/><G109/><T43/><D43/><U3/><E3/><V6/><F6/><W111/><G111/><T95/><D19/><U59/><E59/><AGARI ba="0,0" hai="42,44,48,56,59,79,81,84,86,89,93" m="45579" machi="59" ten="30,2000,0" yaku="12,1,52,1" doraHai="46" who="3" fromWho="1" sc="259,0,331,-20,0,0,410,20" /><INIT seed="6,0,0,4,3,109" ten="259,311,0,430" oya="2" hai0="89,106,110,123,26,46,43,116,34,69,66,132,24" hai1="14,18,88,94,65,35,12,73,97,70,115,133,76" hai2="119,72,71,23,124,17,25,105,50,60,99,77,63" hai3="51,42,19,61,67,5,95,32,108,90,129,30,10"/><V15/><F119/><W126/><G108/><T48/><D110/><U92/><E35/><V38/><F38/><W93/><G129/><T27/><D123/><U22/><E133/><V39/><F39/><W3/><G19/><T54/><D132/><U53/><E115/><V36/><F36/><W120/><G126/><T58/><D106/><U45/><E76/><V33/><F124/><W28/><G32/><T118/><D34/><U68/><E73/><V49/><F77/><W44/><G95/><T78/><D78/><U91/><E65/><N who="2" m="41383" /><F63/><W104/><G104/><T114/><D114/><U107/><E107/><V56/><F56/><W83/><G83/><T9/><D9/><U64/><E64/><V16/><F72/><W20/><G20/><T101/><D101/><U74/><E74/><V31/><F17/><W82/><G82/><T75/><D75/><U85/><E70/><V4/><F4/><W86/><G120/><T112/><D112/><U1/><E68/><AGARI ba="0,0" hai="3,5,10,28,30,42,44,51,61,67,68,86,90,93" machi="68" ten="30,1000,0" yaku="7,1" doraHai="109" who="3" fromWho="1" sc="259,0,311,-10,0,0,430,10" /><INIT seed="7,0,0,1,2,70" ten="259,301,0,440" oya="3" hai0="69,133,116,61,109,132,71,0,53,82,2,79,42" hai1="120,90,51,106,8,54,62,84,7,76,17,22,92" hai2="118,56,36,135,75,65,127,80,123,67,20,99,52" hai3="81,18,10,43,78,64,23,15,29,45,44,87,128"/><W112/><G112/><T48/><D2/><U26/><E106/><V58/><F99/><W6/><G128/><T39/><D0/><U34/><E34/><V122/><F20/><W74/><G64/><N who="0" m="41103" /><D82/><U3/><E62/><V35/><F80/><W28/><G74/><T59/><D79/><U89/><E120/><V83/><F83/><W88/><G88/><T27/><D27/><U24/><E90/><V37/><F35/><W100/><G100/><T46/><D116/><U91/><E91/><V12/><F12/><N who="3" m="9671" /><G43/><T111/><D71/><U19/><E76/><V66/><F75/><W33/><G33/><T73/><D73/><U124/><E24/><V47/><F118/><W38/><G38/><T115/><D115/><U131/><E131/><V119/><F119/><W113/><G113/><T55/><D55/><U130/><E130/><V13/><F13/><W25/><G25/><T1/><D1/><U96/><E84/><V85/><F85/><W31/><AGARI ba="0,0" hai="6,10,15,28,29,31,44,45,78,81,87" m="9671" machi="31" ten="30,1500,0" yaku="8,1" doraHai="70" who="3" fromWho="3" sc="259,-5,301,-5,0,-5,440,15" owari="254,-14.6,296,9.6,-5,-50.5,455,55.5" /></mjloggm>