<mjloggm ver="2.3"><GO type="169" lobby="0"/><UN n0="%43%65%6C%65%73%54%65" n1="%E3%81%AF%E3%81%99%E3%81%9F" n2="%E3%81%9F%E3%81%BE%E5%AD%90" n3="%53%68%69%72%6C%65%79" dan="16,17,16,16" rate="2118.14,2196.04,2147.93,2103.83" sx="M,M,M,M"/><TAIKYOKU oya="0"/><INIT seed="0,0,0,3,0,27" ten="250,250,250,250" oya="0" hai0="41,83,53,57,74,52,95,0,94,128,115,28,51" hai1="119,13,21,113,106,64,24,80,133,112,102,54,104" hai2="81,43,2,91,135,6,58,8,62,12,109,89,65" hai3="131,73,103,66,122,129,97,22,85,31,69,107,125"/><T60/><D115/><U37/><E119/><V114/><F114/><N who="1" m="44137" /><E133/><V101/><F135/><W26/><G73/><T1/><D128/><N who="3" m="49225" /><G125/><T40/><D0/><U30/><E37/><V50/><F109/><W34/><G122/><T71/><D1/><U63/><E54/><V117/><F117/><W134/><G134/><T25/><D74/><U59/><E102/><V90/><F2/><W76/><G85/><T72/><D72/><U61/><E80/><V78/><F101/><W77/><G22/><N who="0" m="15415" /><D71/><U75/><E75/><V70/><F70/><W130/><N who="3" m="49233" /><W127/><DORA hai="49" /><G127/><T93/><D83/><U7/><E61/><AGARI ba="0,0" hai="26,31,34,61,66,69,76,77,97,103,107" m="49233" machi="61" ten="40,5200,0" yaku="25,1,19,1,52,1" doraHai="27,49" who="3" fromWho="1" sc="250,0,250,-52,250,0,250,52" /><INIT seed="1,0,0,1,2,8" ten="250,198,250,302" oya="1" hai0="114,61,97,68,31,78,28,112,111,32,24,22,75" hai1="25,130,45,87,38,67,128,96,72,39,29,69,79" hai2="7,54,57,120,59,62,27,91,105,23,21,53,108" hai3="35,85,99,115,102,46,19,66,129,34,126,124,20"/><U133/><E87/><V73/><F120/><W121/><G115/><T110/><D97/><U55/><E133/><V36/><F105/><W122/><G129/><T41/><D41/><U64/><E55/><V9/><F73/><W134/><G134/><T123/><D78/><U98/><E98/><V107/><F107/><W93/><G66/><T100/><D100/><U109/><E67/><V125/><F36/><W4/><G4/><T77/><D77/><U12/><E109/><N who="0" m="41481" /><D61/><N who="1" m="40079" /><E12/><V117/><F117/><W30/><G30/><T127/><D68/><U14/><E14/><V26/><F125/><N who="3" m="48235" /><G46/><T81/><D127/><U13/><E13/><N who="2" m="5311" /><F91/><W37/><G37/><N who="1" m="13834" /><E45/><V74/><F74/><W33/><G85/><T118/><D118/><U5/><E5/><V119/><F119/><W90/><G90/><T101/><D75/><U2/><E96/><V15/><F108/><W113/><G113/><T92/><D112/><U65/><E65/><V116/><F116/><W40/><G40/><T51/><D114/><U76/><E2/><V103/><F103/><W80/><G80/><T63/><D81/><N who="1" m="45191" /><E79/><V70/><F70/><W43/><G43/><T42/><D42/><U52/><E52/><N who="2" m="20075" /><F62/><W0/><G0/><T18/><D63/><U10/><E10/><V82/><F82/><W86/><G102/><T17/><D101/><U95/><E95/><V94/><F94/><W44/><G93/><T6/><D92/><U1/><E1/><V16/><F15/><N who="3" m="9343" /><G99/><T89/><D6/><U60/><E60/><V11/><F11/><W56/><G56/><T50/><D89/><U58/><E58/><RYUUKYOKU ba="0,0" sc="250,-15,198,15,250,15,302,-15" hai1="25,29,128,130" hai2="16,21,23,26,27,57,59" /><INIT seed="1,1,0,3,3,126" ten="235,213,265,287" oya="1" hai0="96,97,9,123,94,8,124,67,14,111,58,116,88" hai1="17,39,79,6,73,104,56,12,89,78,103,19,33" hai2="121,91,113,76,62,115,37,31,26,69,36,98,118" hai3="57,63,132,125,3,74,93,23,52,120,128,131,117"/><U5/><E39/><V133/><F118/><W21/><G120/><T68/><D116/><U82/><E33/><V34/><F121/><W122/><G122/><T54/><D123/><U65/><E79/><V16/><F133/><W4/><G117/><T53/><D111/><U15/><E89/><V51/><F76/><W77/><G125/><T28/><D124/><U101/><E65/><N who="2" m="41143" /><F51/><W13/><G132/><T55/><D68/><U92/><E104/><V59/><F59/><W48/><G93/><T35/><D96/><U100/><E56/><V127/><F127/><W61/><G3/><T20/><D35/><U72/><E72/><V10/><F91/><W40/><G63/><N who="0" m="38391" /><D28/><U24/><E24/><V49/><F49/><W32/><G32/><T107/><D107/><U102/><N who="1" m="25600" /><DORA hai="30" /><U114/><E114/><N who="2" m="43531" /><F98/><W135/><G135/><T99/><D99/><U95/><E92/><V134/><F134/><W75/><G75/><T64/><D64/><U0/><E95/><V70/><F70/><W11/><G77/><T44/><D44/><U7/><REACH who="1" step="1"/><E0/><REACH who="1" ten="235,203,265,287" step="2"/><V119/><F119/><W129/><G74/><T90/><D90/><U27/><E27/><V22/><F34/><W42/><G42/><T25/><D25/><U83/><E83/><V2/><F2/><W105/><G105/><T84/><D97/><U66/><E66/><V86/><F86/><W45/><AGARI ba="1,1" hai="4,11,13,21,23,40,45,48,52,57,61,128,129,131" machi="45" ten="40,12000,2" yaku="0,1,19,1,52,3,54,1" doraHai="126,30" who="3" fromWho="3" sc="235,-31,203,-61,265,-31,287,133" /><INIT seed="2,0,0,2,3,78" ten="204,142,234,420" oya="2" hai0="116,43,92,126,71,62,37,17,47,125,66,108,53" hai1="4,5,112,77,103,114,40,85,96,134,83,0,105" hai2="51,23,39,25,57,73,50,123,113,107,30,29,91" hai3="87,88,135,55,120,26,70,89,19,97,64,93,98"/><V12/><F113/><W122/><G135/><T8/><D92/><U13/><E134/><V67/><F123/><W20/><G55/><T90/><D90/><U110/><E110/><V6/><F39/><W21/><G98/><T54/><D17/><U132/><E132/><V81/><F107/><W45/><G45/><T72/><D72/><U41/><E0/><V121/><F121/><W130/><G130/><T38/><D8/><U34/><E34/><V28/><F73/><W115/><G115/><T7/><D7/><U118/><E118/><V79/><F79/><W10/><G10/><T42/><D108/><U27/><E27/><V74/><F74/><W82/><REACH who="3" step="1"/><G20/><REACH who="3" ten="204,142,234,410" step="2"/><T3/><D116/><U9/><REACH who="1" step="1"/><E4/><REACH who="1" ten="204,132,234,410" step="2"/><V49/><F6/><W60/><AGARI ba="0,2" hai="19,21,26,60,64,70,82,87,88,89,93,97,120,122" machi="60" ten="30,8000,1" yaku="1,1,2,1,0,1,52,1,54,1,53,0" doraHai="78" doraHaiUra="124" who="3" fromWho="3" sc="204,-20,132,-20,234,-40,410,100" /><INIT seed="3,0,0,2,2,83" ten="184,112,194,510" oya="3" hai0="30,72,69,74,59,37,9,105,115,55,56,113,100" hai1="78,3,94,67,41,133,130,52,116,101,75,73,129" hai2="108,134,62,51,90,44,12,114,60,79,80,82,71" hai3="126,54,84,6,24,38,61,106,123,49,27,23,65"/><W97/><G38/><T0/><D69/><U48/><E3/><V119/><F114/><N who="0" m="43530" /><D37/><U118/><E41/><V57/><F119/><N who="1" m="45609" /><E67/><V109/><F134/><W21/><G6/><N who="0" m="1223" /><D30/><U125/><E52/><N who="2" m="29799" /><F12/><W53/><G97/><N who="0" m="61583" /><D59/><U20/><E48/><AGARI ba="0,0" hai="48,55,56,72,74" m="61583,1223,43530" machi="48" ten="30,1000,0" yaku="11,1" doraHai="83" who="0" fromWho="1" sc="184,10,112,-10,194,0,510,0" /><INIT seed="4,0,0,2,5,26" ten="194,102,194,510" oya="0" hai0="66,49,108,2,124,78,130,112,132,8,120,90,22" hai1="32,110,15,82,13,118,109,5,68,38,129,72,34" hai2="54,41,107,17,4,55,21,64,42,91,75,116,106" hai3="59,10,6,105,39,88,43,62,111,127,133,12,58"/><T3/><D120/><U87/><E68/><V71/><F75/><W9/><G111/><T57/><D112/><U98/><E72/><V65/><F4/><W0/><G105/><T77/><D124/><U35/><E38/><V86/><F116/><W97/><G127/><T56/><D130/><U23/><E98/><V83/><F106/><W104/><G133/><T20/><D132/><U101/><E101/><V134/><F107/><W69/><G104/><T84/><D108/><U45/><E45/><V81/><F81/><W93/><G69/><T1/><D8/><U25/><E87/><V31/><F134/><W70/><G70/><T103/><D103/><U36/><E82/><V63/><F64/><W135/><G135/><T67/><D49/><U37/><E36/><V60/><F60/><W53/><G53/><T30/><D3/><U95/><E95/><V85/><F85/><W99/><G99/><T33/><D84/><U14/><E37/><V16/><F55/><W131/><G62/><T96/><D96/><U122/><E118/><V18/><REACH who="2" step="1"/><F54/><REACH who="2" ten="194,102,184,510" step="2"/><W46/><G131/><T115/><D115/><U27/><E129/><V40/><F40/><W24/><G43/><T89/><D33/><U44/><E122/><V119/><F119/><W117/><G117/><T125/><D125/><U94/><E94/><V113/><F113/><W52/><G93/><T102/><D102/><U19/><E44/><V92/><F92/><W121/><G46/><T128/><D128/><U123/><E123/><V11/><F11/><N who="3" m="2503" /><G121/><T29/><AGARI ba="0,1" hai="1,2,20,22,29,30,56,57,66,67,77,78,89,90" machi="29" ten="25,12000,1" yaku="0,1,22,2,52,2" doraHai="26" who="0" fromWho="0" sc="194,130,102,-40,184,-40,510,-40" /><INIT seed="4,1,0,3,4,0" ten="324,62,144,470" oya="0" hai0="99,18,112,133,2,79,92,132,122,88,34,43,90" hai1="125,1,63,49,80,19,127,93,13,81,94,116,110" hai2="28,108,134,100,45,6,114,71,60,10,4,31,96" hai3="39,118,8,77,57,35,44,75,48,64,47,55,59"/><T106/><D122/><U58/><E110/><V84/><F108/><W105/><G105/><T42/><D34/><U33/><E116/><V62/><F114/><W25/><G25/><T74/><D2/><U103/><E33/><V91/><F134/><N who="0" m="51818" /><D18/><U89/><E1/><V11/><F45/><W54/><G35/><T123/><D123/><U9/><E49/><V124/><F124/><W111/><G77/><T130/><D112/><U20/><E127/><V30/><F71/><W107/><G107/><T5/><D5/><N who="2" m="2154" /><F96/><W38/><G75/><T36/><D36/><U82/><E125/><V3/><F100/><W24/><G8/><N who="2" m="3113" /><F3/><W17/><G111/><T37/><D37/><U98/><E9/><V72/><F72/><W83/><G118/><T65/><D106/><U50/><E50/><V121/><F121/><W119/><G119/><T27/><D74/><U120/><E120/><V70/><F70/><W51/><G51/><T87/><D43/><U68/><E68/><V21/><F21/><W85/><G38/><T86/><D42/><U40/><E40/><V117/><F117/><W12/><G48/><T26/><D99/><U126/><E126/><V73/><F73/><W32/><G44/><T113/><D113/><U76/><E103/><V129/><F129/><W41/><G47/><T15/><D86/><U102/><E102/><V69/><F69/><W101/><G85/><T14/><D87/><U7/><E7/><V23/><F23/><W66/><G39/><T53/><D130/><U52/><E20/><V104/><F104/><W56/><G101/><T67/><D79/><RYUUKYOKU ba="1,0" sc="324,-10,62,-10,144,30,470,-10" hai2="28,30,31,60,62,84,91" /><INIT seed="5,2,0,1,1,32" ten="314,52,174,460" oya="1" hai0="84,4,88,0,123,16,104,59,85,13,87,55,86" hai1="118,113,57,8,117,111,97,134,64,39,40,51,103" hai2="116,107,68,27,5,125,71,48,128,20,115,133,74" hai3="53,46,108,106,28,77,90,95,61,49,12,105,33"/><U83/><E113/><V130/><F116/><W73/><G108/><T24/><D104/><U54/><E111/><V70/><F115/><W31/><G77/><T100/><D100/><U18/><E134/><V56/><F133/><W37/><G73/><T110/><D110/><U112/><E112/><V89/><F74/><W30/><G33/><T65/><D65/><U91/><E64/><V122/><F122/><W131/><G131/><N who="2" m="50217" /><F125/><W132/><G132/><T81/><D123/><U1/><E39/><V96/><F5/><W58/><G12/><T109/><D109/><U25/><E40/><V35/><F35/><W43/><REACH who="3" step="1"/><G37/><REACH who="3" ten="314,52,174,450" step="2"/><T124/><D124/><U50/><E50/><V6/><F48/><W67/><G67/><T14/><D14/><U19/><E118/><V45/><F71/><W126/><G126/><T69/><D69/><U76/><E117/><V60/><F68/><W62/><G62/><T75/><D75/><U127/><E127/><V92/><F70/><W26/><G26/><T34/><D24/><U22/><E76/><V17/><F60/><W82/><G82/><T114/><D114/><U3/><E8/><V2/><F27/><W63/><G63/><T7/><D81/><U66/><E66/><V102/><F20/><W135/><G135/><T11/><D34/><U15/><E15/><V93/><F2/><W120/><G120/><T101/><D0/><U41/><E19/><V119/><F17/><W52/><G52/><T21/><D21/><U29/><E18/><V129/><N who="2" m="50225" /><V42/><DORA hai="98" /><F119/><W38/><G38/><T36/><D36/><RYUUKYOKU ba="2,1" sc="314,-10,52,-10,174,-10,450,30" hai3="28,30,31,43,46,49,53,58,61,90,95,105,106" /><INIT seed="6,3,1,5,2,109" ten="304,42,164,480" oya="2" hai0="8,12,22,93,19,10,53,62,131,88,113,68,105" hai1="66,45,101,121,56,122,114,98,38,124,78,30,7" hai2="40,133,84,99,48,64,108,58,61,91,96,25,3" hai3="73,43,95,50,4,26,42,63,123,9,16,55,18"/><V87/><F133/><W100/><G73/><T117/><D105/><U65/><E7/><V60/><F3/><W35/><G123/><T126/><D131/><U11/><E78/><V119/><F119/><W59/><G35/><T129/><D129/><U81/><E30/><V83/><F108/><W67/><G100/><T1/><D126/><U6/><E6/><V54/><F25/><W37/><G95/><T72/><D72/><U85/><E11/><V31/><F31/><W13/><G37/><T130/><D130/><U128/><E128/><V14/><F40/><N who="3" m="15403" /><G26/><T23/><D117/><U90/><E124/><V92/><F14/><W0/><G0/><T47/><D68/><U80/><E81/><V134/><F60/><W15/><G15/><T75/><D75/><U20/><E20/><V120/><F134/><W74/><G74/><T52/><D1/><U34/><E34/><V39/><F39/><W103/><G103/><T110/><D110/><U79/><E79/><V27/><F27/><W51/><G51/><N who="0" m="28799" /><D22/><U29/><E29/><V49/><F49/><W57/><AGARI ba="3,1" hai="4,9,13,16,18,50,55,57,59,63,67" m="15403" machi="57" ten="30,2000,0" yaku="8,1,54,1" doraHai="109" who="3" fromWho="3" sc="304,-8,42,-8,164,-13,480,39" /><INIT seed="7,0,0,4,2,1" ten="296,34,151,519" oya="3" hai0="67,32,14,25,84,73,39,112,35,53,79,124,70" hai1="130,101,65,133,34,66,132,10,106,17,71,115,31" hai2="28,103,134,47,77,29,45,8,42,56,4,86,37" hai3="46,27,20,110,41,88,128,76,51,99,21,13,26"/><W18/><G128/><T100/><D100/><U89/><E89/><V93/><F56/><W69/><G69/><T63/><D84/><U48/><E48/><V15/><F134/><W80/><G110/><T72/><D53/><U0/><E66/><V97/><F47/><W98/><G88/><T87/><D87/><U5/><E17/><V119/><F119/><W75/><G13/><T7/><D39/><U44/><E44/><V57/><F57/><W102/><G102/><T54/><D112/><U61/><E115/><V49/><F37/><W118/><G118/><T105/><D105/><U120/><E120/><V38/><REACH who="2" step="1"/><F38/><REACH who="2" ten="296,34,141,519" step="2"/><W74/><G74/><T122/><D72/><U92/><E92/><V125/><F125/><W50/><G50/><T91/><D73/><U108/><E130/><V114/><F114/><W60/><G60/><T33/><D63/><U55/><E55/><V81/><AGARI ba="0,1" hai="4,8,15,28,29,42,45,49,77,81,86,93,97,103" machi="81" ten="30,12000,2" yaku="1,1,0,1,25,2,8,1,52,1,53,0" doraHai="1" doraHaiUra="68" who="2" fromWho="2" sc="296,-30,34,-30,141,130,519,-60" owari="266,-13.4,4,-49.6,271,7.1,459,55.9" /></mjloggm>