<mjloggm ver="2.3"><GO type="169" lobby="0"/><UN n0="%E3%83%8F%E3%82%BA%E3%83%AC" n1="%E6%A2%85%E8%8E%89" n2="%E6%A3%AE%E5%B1%B1%E7%94%B0%E7%9B%B4%E5%A4%AA%E6%9C%97%E4%B9%8B%E4%BB%8B" n3="%74%73%75%6B%69%31" dan="17,18,16,16" rate="2166.57,2240.42,2199.69,2163.04" sx="M,F,M,M"/><TAIKYOKU oya="0"/><INIT seed="0,0,0,4,0,134" ten="250,250,250,250" oya="0" hai0="60,43,101,49,59,133,35,24,50,106,85,89,108" hai1="112,39,117,55,113,41,81,14,72,97,118,96,7" hai2="121,3,53,61,103,91,27,100,76,2,6,34,131" hai3="105,12,78,4,17,32,73,40,21,79,37,15,18"/><T38/><D133/><U23/><E39/><V93/><F76/><W29/><G105/><T82/><D108/><U67/><E41/><V102/><F121/><W5/><G73/><T87/><D38/><U104/><E67/><V1/><F131/><W109/><G40/><T57/><D57/><U128/><E55/><V86/><F6/><N who="3" m="2667" /><G37/><T28/><D43/><U64/><E64/><V107/><F107/><W111/><G79/><T62/><D62/><U94/><E23/><V45/><F61/><W126/><G78/><T8/><D85/><U120/><E14/><V25/><REACH who="2" step="1"/><F34/><REACH who="2" ten="250,250,240,250" step="2"/><W11/><G109/><T33/><D33/><U80/><E7/><V95/><F95/><W70/><G111/><T63/><D63/><U47/><E104/><V20/><F20/><W127/><G70/><T83/><D83/><U92/><E47/><V77/><F77/><W130/><G130/><T84/><D8/><U42/><E128/><V9/><F9/><W119/><G119/><T65/><REACH who="0" step="1"/><D87/><REACH who="0" ten="240,250,240,250" step="2"/><U90/><E118/><V69/><F69/><W116/><G116/><T58/><D58/><U31/><E117/><V88/><F88/><W0/><G0/><T74/><D74/><U125/><E90/><V114/><F114/><W124/><G32/><T123/><D123/><U122/><E72/><V16/><F16/><N who="3" m="6251" /><G11/><T71/><D71/><U115/><E115/><V75/><F75/><W135/><G135/><T44/><D44/><U52/><E113/><V68/><F68/><W129/><G129/><T26/><D26/><AGARI ba="0,2" hai="12,15,21,26,29,124,126,127" m="6251,2667" machi="26" ten="40,12000,2" yaku="18,1,34,2,52,3,54,1" doraHai="134" who="3" fromWho="0" sc="240,-120,250,0,240,0,250,140" /><INIT seed="1,0,0,1,1,13" ten="120,250,240,390" oya="1" hai0="99,135,84,75,105,3,113,83,129,109,110,98,95" hai1="28,115,122,40,133,36,74,107,116,85,31,10,64" hai2="20,69,63,58,22,24,92,101,56,5,47,7,68" hai3="43,73,108,82,60,100,23,117,106,52,120,130,90"/><U29/><E115/><V80/><F69/><W103/><G120/><T39/><D39/><U46/><E74/><V91/><F68/><W71/><G108/><N who="0" m="41579" /><D3/><U14/><E116/><V25/><F47/><W59/><G117/><T65/><D65/><U121/><E107/><V132/><F132/><W123/><G123/><T66/><D66/><U67/><E133/><V32/><F32/><W21/><G71/><T88/><D135/><U38/><E38/><V33/><F33/><W53/><G43/><T81/><D113/><U17/><E122/><V37/><F37/><W86/><G130/><T62/><D62/><U2/><E121/><V97/><F80/><N who="0" m="30794" /><D129/><U34/><E85/><V41/><F41/><W44/><G73/><T35/><D35/><U9/><REACH who="1" step="1"/><E34/><REACH who="1" ten="120,240,240,390" step="2"/><V19/><F101/><N who="3" m="38987" /><G106/><T102/><D75/><U104/><E104/><V0/><F0/><W4/><G4/><AGARI ba="0,1" hai="2,4,9,10,14,17,28,29,31,36,40,46,64,67" machi="4" ten="40,7700,0" yaku="1,1,52,1,53,1" doraHai="13" doraHaiUra="70" who="1" fromWho="3" sc="120,0,240,87,240,0,390,-77" /><INIT seed="1,1,0,1,5,76" ten="120,327,240,313" oya="1" hai0="24,57,129,134,125,20,52,83,132,70,22,108,36" hai1="38,102,79,5,113,101,42,84,89,97,43,119,121" hai2="106,47,61,98,96,78,45,51,65,41,107,95,69" hai3="54,40,81,56,10,87,15,13,46,105,68,133,117"/><U94/><E113/><V110/><F110/><W39/><G133/><N who="0" m="51307" /><D70/><U48/><E119/><V9/><F78/><W1/><G117/><T50/><D108/><U86/><E121/><V31/><F31/><W112/><G112/><T37/><D129/><U23/><E38/><N who="0" m="14953" /><D125/><U34/><E34/><V64/><F64/><W29/><G68/><T123/><D123/><U99/><E5/><V71/><F71/><W60/><G105/><T75/><D24/><U115/><E115/><V32/><F32/><W33/><G1/><T12/><D12/><U11/><E11/><V7/><F47/><W3/><G3/><T17/><D17/><U6/><E6/><V88/><REACH who="2" step="1"/><F96/><REACH who="2" ten="120,327,230,313" step="2"/><W72/><G29/><T2/><D2/><AGARI ba="1,1" hai="2,7,9,41,45,51,61,65,69,88,95,98,106,107" machi="2" ten="30,7700,0" yaku="1,1,2,1,7,1,54,1,53,0" doraHai="76" doraHaiUra="118" who="2" fromWho="0" sc="120,-80,327,0,230,90,313,0" /><INIT seed="2,0,0,1,0,57" ten="40,327,320,313" oya="2" hai0="26,10,14,93,118,30,107,86,44,61,66,51,45" hai1="21,100,134,108,34,46,55,128,126,122,135,6,103" hai2="43,77,59,29,35,68,97,15,11,89,56,105,120" hai3="98,27,95,87,113,3,54,130,104,119,22,124,117"/><V42/><F68/><W16/><G3/><T50/><D107/><U53/><E34/><V129/><F77/><W125/><G130/><T80/><D118/><U67/><E128/><V19/><F120/><W92/><G104/><T36/><D93/><U9/><E108/><V40/><F129/><W13/><G113/><T32/><D44/><U88/><E126/><N who="3" m="48746" /><G87/><T7/><D36/><U4/><E122/><V65/><F65/><W111/><G111/><T85/><D85/><U25/><E67/><V38/><F38/><W114/><G114/><T63/><D66/><U33/><E33/><V31/><F35/><W73/><G73/><T75/><D75/><U41/><E103/><V39/><F39/><W24/><G95/><T82/><D82/><U71/><E100/><V81/><F105/><W99/><G99/><T102/><D102/><U94/><E71/><V1/><F1/><W52/><G27/><T60/><REACH who="0" step="1"/><D45/><REACH who="0" ten="30,327,320,313" step="2"/><U49/><E135/><V23/><F81/><W133/><G133/><T121/><D121/><U127/><E134/><V132/><F132/><W58/><G119/><T64/><D64/><U106/><E106/><V79/><F79/><AGARI ba="0,1" hai="7,10,14,26,30,32,50,51,60,61,63,79,80,86" machi="79" ten="40,8000,1" yaku="1,1,52,3,53,0" doraHai="57" doraHaiUra="12" who="0" fromWho="2" sc="30,90,327,0,320,-80,313,0" /><INIT seed="3,0,0,4,2,57" ten="120,327,240,313" oya="3" hai0="89,134,129,87,130,28,49,19,116,25,69,109,48" hai1="65,10,103,17,70,6,117,98,41,46,18,30,121" hai2="135,81,86,85,101,120,91,75,37,106,66,94,61" hai3="63,80,104,0,132,52,118,5,16,114,7,76,38"/><W67/><G114/><T123/><D116/><U107/><E121/><V29/><F120/><W112/><G118/><T58/><D69/><U73/><E73/><V15/><F135/><W22/><G112/><T113/><D113/><U122/><E122/><V100/><F37/><W82/><G38/><T45/><D109/><U95/><E117/><V119/><F119/><W4/><G104/><T77/><D77/><U35/><E95/><V127/><F127/><W53/><G0/><T99/><D99/><U27/><E46/><V39/><F39/><W31/><G31/><T1/><D1/><N who="1" m="335" /><E41/><V108/><F108/><W131/><G131/><N who="0" m="50187" /><D134/><U68/><E68/><V26/><F15/><W14/><G132/><T24/><D123/><U92/><E92/><V133/><F75/><W3/><G3/><T128/><N who="0" m="50195" /><T40/><DORA hai="71" /><D19/><U2/><E2/><V33/><F106/><W62/><G67/><T78/><D78/><U64/><E64/><V84/><F133/><W34/><G34/><T97/><D97/><U12/><E12/><V47/><F47/><W23/><G23/><T105/><D105/><U93/><E93/><V43/><F43/><W96/><G96/><T115/><D115/><U54/><E54/><N who="3" m="21098" /><G82/><N who="0" m="49399" /><D28/><U36/><E36/><V102/><REACH who="2" step="1"/><F81/><REACH who="2" ten="120,327,230,313" step="2"/><W90/><G76/><T42/><D42/><U83/><E83/><V50/><F50/><W110/><G110/><T56/><D49/><U126/><E126/><V74/><F74/><W79/><G79/><T55/><D40/><U60/><AGARI ba="0,1" hai="17,18,27,30,35,60,65,70,98,103,107" m="335" machi="60" ten="30,2000,0" yaku="25,1,52,1" doraHai="57,71" who="1" fromWho="1" sc="120,-5,327,30,230,-5,313,-10" /><INIT seed="4,0,0,4,3,118" ten="115,357,225,303" oya="0" hai0="1,83,6,61,30,107,88,124,24,7,110,101,71" hai1="85,78,130,62,106,91,135,9,21,54,108,104,70" hai2="123,102,81,87,43,111,100,65,59,46,113,112,128" hai3="8,45,33,82,20,64,41,76,2,22,23,42,19"/><T125/><D110/><U15/><E108/><V37/><F111/><W77/><G33/><T13/><D1/><U69/><E130/><V14/><F14/><W92/><G64/><T35/><D107/><U50/><E135/><V129/><F59/><W74/><G76/><T49/><D101/><N who="2" m="39018" /><F65/><W134/><G134/><T95/><D83/><U52/><E78/><N who="2" m="46519" /><F123/><W127/><G127/><N who="0" m="48715" /><D49/><U103/><E21/><V105/><F105/><W60/><G60/><T34/><D34/><U94/><E103/><V89/><F89/><W120/><G120/><T86/><D13/><U5/><E70/><V80/><F80/><W75/><G92/><T28/><D28/><U26/><E26/><V38/><F38/><W133/><G133/><T48/><D48/><U25/><E25/><V117/><F117/><W63/><G63/><T66/><AGARI ba="0,0" hai="6,7,24,30,35,61,66,71,86,88,95" m="48715" machi="66" ten="30,3000,0" yaku="18,1,54,1" doraHai="118" who="0" fromWho="0" sc="115,30,357,-10,225,-10,303,-10" /><INIT seed="4,1,0,4,3,39" ten="145,347,215,293" oya="0" hai0="35,120,115,73,20,106,129,105,33,6,34,36,12" hai1="81,116,100,10,44,90,63,53,96,37,62,66,50" hai2="23,26,130,57,78,88,126,93,54,85,87,48,101" hai3="74,9,86,135,124,7,52,21,2,18,123,45,102"/><T11/><D120/><U125/><E116/><V103/><F130/><W47/><G74/><T71/><D129/><U107/><E125/><V56/><F126/><W95/><G124/><T15/><D115/><U29/><E29/><V76/><F57/><W109/><G109/><T19/><D71/><U118/><E118/><V17/><REACH who="2" step="1"/><F85/><REACH who="2" ten="145,347,205,293" step="2"/><W112/><G123/><T97/><D73/><U70/><E70/><V46/><F46/><W113/><G47/><T55/><D36/><U121/><E44/><V82/><F82/><W27/><G135/><T31/><D31/><U41/><E81/><V92/><F92/><W14/><G86/><T111/><D111/><U68/><E68/><V131/><F131/><W13/><G95/><T108/><D108/><U79/><E37/><V58/><F58/><W51/><REACH who="3" step="1"/><G102/><AGARI ba="1,1" hai="17,23,26,48,54,56,76,78,87,88,93,101,102,103" machi="102" ten="40,5200,0" yaku="1,1,8,1,54,1,53,0" doraHai="39" doraHaiUra="5" who="2" fromWho="3" sc="145,0,347,0,205,65,293,-55" /><INIT seed="5,0,0,0,3,19" ten="145,347,270,238" oya="1" hai0="13,33,52,41,86,94,121,45,39,135,109,29,97" hai1="77,14,1,55,104,95,72,69,108,125,18,62,24" hai2="30,82,43,114,123,112,48,46,28,88,17,124,56" hai3="93,107,12,0,101,128,99,11,89,115,40,66,44"/><U34/><E1/><V74/><F123/><W22/><G115/><N who="2" m="44073" /><F124/><W85/><G128/><T15/><D109/><U118/><E104/><V5/><F5/><W57/><G0/><T59/><D135/><U102/><E118/><V27/><F56/><W32/><G32/><T113/><D113/><U81/><E108/><V63/><F63/><W58/><G66/><T51/><D121/><U20/><E125/><V91/><F17/><W90/><G90/><N who="2" m="34345" /><F27/><W23/><G58/><T4/><D86/><U9/><E34/><V10/><F10/><W103/><G57/><T65/><D4/><U16/><E69/><V129/><F129/><W132/><G103/><T21/><D33/><U122/><E122/><V133/><F133/><W110/><G132/><T98/><D65/><U106/><E62/><V105/><F105/><W73/><G110/><T49/><D39/><U54/><REACH who="1" step="1"/><E106/><REACH who="1" ten="145,337,270,238" step="2"/><V120/><F120/><W83/><G107/><T26/><REACH who="0" step="1"/><D98/><AGARI ba="0,1" hai="9,14,16,18,20,24,54,55,72,77,81,95,98,102" machi="98" ten="40,12000,1" yaku="1,1,2,1,52,1,54,1,53,0" doraHai="19" doraHaiUra="67" who="1" fromWho="0" sc="145,-120,337,130,270,0,238,0" /><INIT seed="5,1,0,0,2,58" ten="25,467,270,238" oya="1" hai0="102,48,4,134,133,30,93,9,87,73,12,75,33" hai1="123,0,97,16,89,62,8,22,66,109,104,7,91" hai2="113,47,27,34,126,74,127,38,67,54,42,5,10" hai3="95,83,99,115,31,63,60,69,79,3,28,13,29"/><U11/><E123/><V53/><F67/><W1/><G69/><T39/><D39/><U111/><E11/><V2/><F113/><W124/><G115/><T118/><D118/><U107/><E91/><V56/><F34/><W65/><G124/><N who="2" m="47657" /><F27/><W78/><G65/><T15/><D15/><N who="1" m="9503" /><E89/><V61/><F74/><W45/><G45/><T46/><D87/><U40/><E40/><V32/><F32/><W132/><G132/><N who="0" m="50795" /><D93/><U17/><E17/><V72/><F72/><W49/><G49/><T44/><D102/><U85/><E85/><V112/><F112/><W90/><G13/><T70/><D70/><N who="1" m="42327" /><E97/><V6/><F53/><W84/><REACH who="3" step="1"/><G79/><REACH who="3" ten="25,467,270,228" step="2"/><T88/><D46/><U101/><E101/><V81/><F47/><W103/><G103/><T121/><D121/><U80/><E107/><V94/><F38/><W117/><G117/><T20/><D44/><U21/><E104/><V24/><F24/><W41/><G41/><T106/><D106/><U64/><E64/><V59/><F42/><W36/><G36/><T131/><D48/><U122/><E122/><V35/><F2/><AGARI ba="1,1" hai="1,2,3,28,29,31,60,63,78,83,84,90,95,99" machi="2" ten="40,5200,0" yaku="1,1,52,2,53,0" doraHai="58" doraHaiUra="23" who="3" fromWho="2" sc="25,0,467,0,270,-55,228,65" /><INIT seed="6,0,0,1,4,68" ten="25,467,215,293" oya="2" hai0="23,120,46,131,94,63,101,100,3,118,124,73,70" hai1="105,65,22,57,62,108,69,29,103,6,93,60,77" hai2="116,28,95,86,61,128,121,8,74,119,117,11,54" hai3="64,130,107,47,56,45,111,59,104,4,96,134,71"/><V89/><F121/><W90/><G111/><T75/><D3/><U7/><E108/><V43/><F128/><W127/><G130/><T48/><D118/><U53/><E105/><V26/><F74/><W35/><G35/><T80/><D120/><U19/><E29/><V85/><F43/><W1/><G71/><T38/><D131/><U34/><E34/><V25/><F85/><W66/><G90/><T97/><D124/><U15/><E77/><V106/><F106/><W27/><G27/><T36/><D101/><U14/><E14/><V122/><F122/><W133/><G1/><T110/><D110/><U40/><E40/><V0/><F0/><W92/><G4/><T49/><D23/><U58/><E69/><V78/><F78/><W20/><G20/><T72/><D80/><U112/><E112/><V126/><F126/><W102/><G127/><T33/><D33/><U44/><E44/><V18/><F18/><W32/><G32/><T24/><D24/><U67/><E67/><V91/><F91/><W115/><G115/><T52/><REACH who="0" step="1"/><D49/><REACH who="0" ten="15,467,215,293" step="2"/><U39/><E103/><V12/><F26/><W99/><G102/><T31/><D31/><U129/><E22/><V125/><F125/><W98/><G107/><T82/><D82/><U79/><E129/><V132/><F25/><W51/><G104/><T114/><D114/><U16/><E15/><V135/><F28/><W50/><G50/><T113/><D113/><U2/><E2/><V81/><F81/><W30/><G51/><T17/><D17/><U10/><E16/><N who="2" m="8199" /><F11/><W83/><G83/><T9/><D9/><RYUUKYOKU ba="0,1" sc="15,15,467,-15,215,15,293,-15" hai0="36,38,46,48,52,63,70,72,73,75,94,97,100" hai2="54,61,86,89,95,116,117,119,132,135" /><INIT seed="6,1,1,1,3,97" ten="30,452,230,278" oya="2" hai0="61,124,115,71,121,6,76,7,14,104,112,26,102" hai1="56,113,37,66,110,13,23,109,73,20,51,81,68" hai2="33,11,62,46,118,74,8,50,83,88,84,105,106" hai3="39,1,123,135,59,45,80,126,122,24,31,17,95"/><V0/><F118/><W55/><G1/><T40/><D121/><U128/><E37/><V125/><F33/><W130/><G130/><T114/><D124/><U134/><E128/><V38/><F125/><W29/><G126/><T96/><D40/><U94/><E113/><V101/><F62/><W64/><G64/><T36/><D36/><U2/><E2/><V92/><F38/><W86/><G135/><T48/><D48/><U18/><E134/><V89/><F0/><W131/><G131/><T53/><D76/><U3/><E3/><V9/><F101/><W111/><G111/><T54/><D26/><U99/><E68/><V78/><REACH who="2" step="1"/><F89/><REACH who="2" ten="30,452,220,278" step="2"/><W35/><G35/><T42/><D42/><AGARI ba="1,2" hai="8,9,11,42,46,50,74,78,83,84,88,92,105,106" machi="42" ten="40,7700,0" yaku="1,1,2,1,54,1,53,0" doraHai="97" doraHaiUra="117" who="2" fromWho="0" sc="30,-80,452,0,220,100,278,0" owari="-50,-55.0,452,55.2,320,12.0,278,-12.2" /></mjloggm>