<mjloggm ver="2.3"><GO type="169" lobby="0"/><UN n0="%E4%BC%8A%E5%8B%A2%E3%81%AE%E3%82%B3%E3%83%AD%E3%83%83%E3%82%B1%E5%B1%8B" n1="%E2%80%A0%E7%99%BD%E5%85%8E%E2%80%A0" n2="%72%65%2E" n3="%E5%A4%A9%E6%89%8D%E9%BA%BB%E5%B0%86%E6%99%BA%E4%B9%83" dan="16,18,16,16" rate="2090.66,2258.98,2076.59,2175.46" sx="M,M,M,M"/><TAIKYOKU oya="0"/><INIT seed="0,0,0,4,4,95" ten="250,250,250,250" oya="0" hai0="30,64,82,123,9,62,78,29,122,15,113,111,68" hai1="47,56,6,22,97,10,33,59,19,116,104,49,87" hai2="115,92,48,103,85,107,51,81,31,46,98,75,50" hai3="101,90,88,108,65,58,32,79,7,93,80,27,102"/><T61/><D113/><U63/><E33/><V128/><F128/><W109/><G7/><T41/><D111/><N who="3" m="42569" /><G65/><T69/><D41/><U94/><E116/><V5/><F115/><W57/><G32/><T91/><D91/><N who="3" m="34857" /><G27/><T124/><D124/><U125/><E125/><V38/><F31/><W16/><G16/><T37/><D37/><U23/><E87/><V53/><F75/><N who="3" m="43135" /><G93/><T84/><D29/><U132/><E94/><V24/><F92/><W112/><G112/><T67/><REACH who="0" step="1"/><D30/><REACH who="0" ten="240,250,250,250" step="2"/><U96/><E132/><V25/><F38/><W66/><G66/><T45/><D45/><U110/><E47/><V0/><F46/><W77/><G77/><T126/><D126/><U3/><E110/><V60/><F53/><W8/><G8/><T72/><D72/><U83/><E10/><V34/><F34/><W135/><G135/><T40/><D40/><U121/><E23/><V14/><F14/><W4/><G4/><AGARI ba="0,1" hai="4,9,15,61,62,64,67,68,69,78,82,84,122,123" machi="4" ten="30,12000,1" yaku="1,1,7,1,9,1,53,2" doraHai="95" doraHaiUra="118" who="0" fromWho="3" sc="240,130,250,0,250,0,250,-120" /><INIT seed="0,1,0,1,5,83" ten="370,250,250,130" oya="0" hai0="84,120,42,132,32,7,50,92,112,108,1,82,21" hai1="19,51,22,127,35,15,68,97,117,57,13,74,56" hai2="36,62,89,94,105,67,90,116,0,29,70,102,9" hai3="78,26,121,24,33,95,79,65,12,114,88,53,134"/><T47/><D112/><U11/><E117/><V44/><F116/><W93/><G114/><T46/><D32/><U64/><E74/><V3/><F29/><W106/><G106/><T10/><D120/><U104/><E35/><V115/><F115/><W23/><G121/><T40/><D132/><U49/><E127/><V58/><F105/><W16/><G134/><T133/><D133/><U41/><E68/><V63/><F102/><W61/><G53/><T20/><D92/><U109/><E109/><V124/><F124/><W54/><G54/><T55/><D108/><U135/><E135/><V131/><F131/><W118/><G118/><T129/><D129/><U110/><E110/><V75/><F75/><W31/><G26/><T98/><D98/><U128/><E128/><V91/><F9/><W103/><G95/><T122/><D122/><U59/><E64/><V101/><F36/><W2/><G2/><T6/><D6/><U100/><REACH who="1" step="1"/><E41/><REACH who="1" ten="370,240,250,130" step="2"/><V99/><REACH who="2" step="1"/><F44/><REACH who="2" ten="370,240,240,130" step="2"/><W43/><G43/><T87/><D42/><U123/><E123/><V77/><F77/><W71/><REACH who="3" step="1"/><G103/><REACH who="3" ten="370,240,240,120" step="2"/><T130/><D130/><U52/><E52/><AGARI ba="1,3" hai="0,3,52,58,62,63,67,70,89,90,91,94,99,101" machi="52" ten="40,2600,0" yaku="1,1,54,1,53,0" doraHai="83" doraHaiUra="73" who="2" fromWho="1" sc="370,0,240,-29,240,59,120,0" /><INIT seed="1,0,0,3,1,121" ten="370,211,299,120" oya="1" hai0="98,56,103,96,30,91,6,13,19,49,71,76,41" hai1="68,36,95,50,85,34,119,20,31,37,61,82,35" hai2="12,55,120,48,62,22,45,7,3,88,59,129,40" hai3="8,38,0,67,46,32,23,5,70,92,42,4,17"/><U11/><E119/><V84/><F129/><W72/><G5/><T21/><D71/><U108/><E95/><V1/><F120/><W123/><G123/><T116/><D116/><U24/><E50/><V16/><REACH who="2" step="1"/><F7/><REACH who="2" ten="370,211,289,120" step="2"/><W115/><G4/><T10/><D6/><U77/><E35/><V2/><F2/><W122/><G0/><T74/><D10/><U135/><E34/><V47/><F47/><W27/><G8/><T133/><D21/><U29/><E11/><V66/><F66/><W126/><G32/><T54/><D133/><U75/><E135/><V109/><F109/><W124/><G122/><T132/><D132/><U112/><E108/><V87/><F87/><W28/><G23/><T58/><D74/><U128/><E128/><V25/><F25/><W83/><G27/><T15/><D15/><U53/><E75/><V90/><F90/><W131/><G72/><T57/><D13/><U111/><E111/><V125/><F125/><W134/><G126/><T26/><D91/><U33/><E33/><V64/><F64/><W113/><G67/><T101/><D26/><U81/><E20/><V130/><F130/><W89/><G131/><T94/><D76/><U69/><E24/><V43/><F43/><W9/><G42/><T99/><D41/><U102/><E77/><V63/><F63/><W73/><G134/><T79/><D79/><U18/><E61/><V118/><F118/><W100/><G73/><T44/><D44/><U80/><E85/><V105/><F105/><W117/><G117/><T86/><D86/><U52/><E29/><V60/><F60/><RYUUKYOKU ba="0,1" sc="370,-10,211,-10,289,30,120,-10" hai2="1,3,12,16,22,40,45,48,55,59,62,84,88" /><INIT seed="2,1,1,5,4,48" ten="360,201,319,110" oya="2" hai0="101,112,76,74,23,14,106,71,94,103,50,90,33" hai1="52,8,63,116,104,96,20,99,95,77,124,55,46" hai2="133,0,100,131,130,70,47,83,75,117,27,53,89" hai3="86,19,5,78,85,64,44,98,29,7,67,18,32"/><V31/><F117/><W65/><G32/><T57/><D71/><U34/><E34/><V26/><F0/><W80/><G29/><T35/><D106/><U91/><E116/><V81/><F70/><W61/><G61/><T12/><D76/><U49/><E124/><V16/><F133/><W11/><G98/><T92/><D74/><U54/><E77/><V82/><F100/><W107/><G107/><T134/><D134/><U42/><E8/><V111/><F75/><W119/><G119/><T128/><D128/><N who="2" m="49194" /><F111/><W30/><G30/><T121/><D121/><U93/><E104/><V79/><F89/><W36/><G5/><T62/><D50/><U108/><E108/><V41/><F79/><W73/><G86/><T56/><D90/><N who="1" m="55351" /><E20/><N who="2" m="13575" /><F81/><W39/><G85/><T9/><D103/><U84/><E84/><V1/><F1/><N who="3" m="495" /><G39/><T68/><D101/><U88/><E91/><V6/><F6/><W51/><G51/><T120/><D94/><U115/><E115/><V132/><F132/><W45/><G45/><T109/><D92/><U13/><E13/><N who="0" m="5225" /><D112/><U59/><AGARI ba="1,1" hai="42,46,49,52,54,55,59,63,88,95,99" m="55351" machi="59" ten="30,12000,2" yaku="8,1,52,3,54,2" doraHai="48" who="1" fromWho="1" sc="360,-31,201,133,319,-61,110,-31" /><INIT seed="3,0,0,0,2,108" ten="329,334,258,79" oya="3" hai0="7,31,93,71,66,17,114,120,128,48,119,102,46" hai1="118,126,74,72,77,34,79,100,60,76,103,124,45" hai2="8,92,47,0,53,132,61,37,112,133,91,33,85" hai3="49,122,101,99,18,38,68,89,83,42,98,6,2"/><W107/><G122/><T20/><D119/><U23/><E34/><V86/><F33/><W15/><G68/><T21/><D128/><U88/><E23/><V14/><F0/><W117/><G117/><T131/><D131/><U26/><E26/><V57/><F85/><W127/><G38/><T58/><D71/><U41/><E60/><V43/><REACH who="2" step="1"/><F112/><REACH who="2" ten="329,334,248,79" step="2"/><W24/><G2/><T44/><D114/><U3/><E3/><V50/><F50/><W16/><G127/><T96/><D120/><U10/><E118/><V40/><F40/><W97/><G49/><T129/><D129/><U90/><E41/><V51/><F51/><W39/><G42/><T36/><D36/><U135/><E135/><V67/><F67/><W81/><G39/><T134/><D134/><U5/><E126/><V121/><F121/><W95/><G99/><T115/><D115/><U87/><E124/><V32/><F32/><W13/><G24/><N who="0" m="16775" /><D7/><AGARI ba="0,1" hai="7,8,14,37,43,47,53,57,61,86,91,92,132,133" machi="7" ten="40,2600,0" yaku="1,1,53,1" doraHai="108" doraHaiUra="84" who="2" fromWho="0" sc="329,-26,334,0,248,36,79,0" /><INIT seed="4,0,0,5,5,100" ten="303,334,284,79" oya="0" hai0="28,120,17,82,97,66,25,10,68,18,109,35,106" hai1="113,46,77,48,104,127,0,38,24,65,21,90,71" hai2="16,36,26,89,40,126,124,129,62,134,69,118,128" hai3="37,125,87,50,15,61,63,14,56,52,123,130,1"/><T101/><D120/><U54/><E0/><V76/><F76/><W7/><G37/><T132/><D132/><U5/><E5/><V34/><F36/><W114/><G114/><T49/><D109/><U2/><E2/><V9/><F40/><W11/><G123/><T75/><D49/><U107/><E77/><V55/><F118/><W81/><G130/><N who="2" m="50281" /><F89/><W60/><REACH who="3" step="1"/><G125/><REACH who="3" ten="303,334,284,69" step="2"/><T98/><D10/><U93/><E127/><V111/><F9/><W64/><G64/><T51/><D51/><U74/><E113/><V53/><F124/><W29/><G29/><T33/><D33/><U110/><E38/><V43/><F126/><W8/><G8/><T122/><D122/><U135/><E135/><V96/><F34/><W57/><G57/><T22/><D22/><U115/><E115/><V78/><F134/><W31/><G31/><T44/><D44/><U45/><E45/><V80/><F69/><W79/><AGARI ba="0,1" hai="1,7,11,14,15,50,52,56,60,61,63,79,81,87" machi="79" ten="30,7900,0" yaku="1,1,0,1,54,1,53,1" doraHai="100" doraHaiUra="73" who="3" fromWho="3" sc="303,-39,334,-20,284,-20,69,89" /><INIT seed="5,0,0,4,4,32" ten="264,314,264,158" oya="1" hai0="68,80,0,114,21,15,22,111,19,44,31,135,30" hai1="24,70,116,5,121,92,117,94,122,93,123,61,120" hai2="113,67,84,25,95,106,54,35,115,62,27,60,97" hai3="88,10,91,55,109,119,59,105,72,65,51,102,28"/><U74/><E74/><V128/><F128/><W134/><G109/><T104/><D68/><U50/><E121/><V63/><F106/><W13/><G134/><T20/><D104/><U6/><E50/><V129/><F129/><W46/><G119/><T112/><D80/><U87/><E87/><V49/><F84/><W64/><G72/><T7/><D44/><U42/><E42/><V77/><F77/><W39/><G28/><N who="0" m="10795" /><D111/><U47/><E24/><N who="2" m="9291" /><F67/><W1/><G1/><T125/><D125/><U3/><E3/><V52/><F49/><W23/><G23/><N who="0" m="11775" /><D135/><U89/><E89/><N who="2" m="55535" /><F35/><W33/><G33/><T34/><D34/><U53/><E47/><V69/><F69/><W78/><G78/><T75/><D75/><U58/><E70/><V96/><F96/><W132/><G132/><T45/><D45/><U38/><E38/><V101/><F101/><W2/><G39/><T118/><D118/><U4/><AGARI ba="0,0" hai="4,5,6,53,58,61,92,93,94,116,117,120,122,123" machi="4" ten="40,7800,0" yaku="0,1,29,2" doraHai="32" who="1" fromWho="1" sc="264,-26,314,78,264,-26,158,-26" /><INIT seed="5,1,0,1,3,53" ten="238,392,238,132" oya="1" hai0="111,112,20,107,127,24,88,15,94,34,56,90,75" hai1="108,47,62,73,4,6,115,104,118,120,80,38,125" hai2="3,13,92,89,23,7,48,81,66,57,69,1,64" hai3="119,43,40,79,12,21,39,58,78,41,114,65,25"/><U61/><E118/><V17/><F69/><W131/><G119/><T46/><D107/><U63/><E120/><V97/><F81/><W91/><G39/><T33/><D111/><U71/><E71/><V102/><F7/><W9/><G114/><T55/><D75/><U0/><E104/><V103/><F1/><W122/><G122/><T95/><D112/><U132/><E115/><V22/><F22/><W29/><G131/><T16/><D46/><U98/><E98/><V116/><F3/><W84/><G91/><T124/><D33/><U59/><E125/><N who="0" m="48201" /><D94/><U54/><E132/><V72/><F72/><W109/><G109/><T44/><D44/><U32/><E32/><V77/><F77/><W5/><REACH who="3" step="1"/><G84/><REACH who="3" ten="238,392,238,122" step="2"/><N who="0" m="52615" /><D90/><U68/><E38/><V60/><F116/><W96/><G96/><T52/><D56/><U31/><E59/><N who="2" m="36895" /><F66/><W85/><G85/><T105/><D105/><U30/><E108/><V28/><F102/><W83/><G83/><T121/><D121/><U126/><E80/><V45/><F103/><W76/><G76/><T51/><D51/><U42/><E126/><V87/><F97/><W113/><G113/><T18/><D34/><U82/><E82/><V101/><F101/><W49/><G49/><T36/><D36/><U14/><E73/><V26/><F57/><W70/><G70/><T130/><D130/><U11/><E68/><V86/><F86/><W106/><G106/><T74/><D74/><U110/><E110/><V19/><F48/><W27/><G27/><T135/><D135/><U8/><E63/><AGARI ba="1,1" hai="5,9,12,21,25,29,40,41,43,58,63,65,78,79" machi="63" ten="40,5200,0" yaku="1,1,8,1,52,1,53,0" doraHai="53" doraHaiUra="129" who="3" fromWho="1" sc="238,0,392,-55,238,0,122,65" /><INIT seed="6,0,0,1,1,57" ten="238,337,238,187" oya="2" hai0="37,14,107,36,26,112,20,62,120,98,134,13,40" hai1="27,78,97,77,89,127,58,50,122,4,35,81,2" hai2="12,0,88,106,90,43,18,117,130,121,73,114,3" hai3="92,7,111,99,10,52,30,71,101,124,91,135,19"/><V15/><F117/><W79/><G111/><T94/><D120/><U123/><E127/><V68/><F121/><W93/><G124/><T53/><D107/><U41/><E4/><V126/><F126/><W54/><G135/><T56/><D112/><U44/><E2/><V83/><F68/><W24/><G71/><T60/><D134/><U47/><E78/><V65/><F65/><W29/><G79/><T39/><D40/><U8/><E8/><V125/><F106/><W11/><G19/><T82/><D82/><U64/><E47/><V6/><F125/><W95/><G95/><T72/><D60/><U80/><E27/><V38/><F130/><W103/><G103/><T25/><D25/><U16/><E35/><V23/><F114/><W70/><G70/><T84/><D84/><U110/><E110/><V31/><F31/><W119/><G11/><T46/><D46/><U59/><E44/><N who="2" m="23671" /><F15/><W22/><G30/><T74/><D13/><U21/><E41/><V115/><F0/><W66/><G66/><T67/><D67/><U75/><E64/><V76/><F115/><W132/><G132/><T100/><REACH who="0" step="1"/><D14/><REACH who="0" ten="228,337,238,187" step="2"/><U28/><E123/><V128/><F128/><W51/><G119/><T9/><D9/><AGARI ba="0,1" hai="3,6,9,12,18,23,73,76,83,88,90" m="23671" machi="9" ten="30,2900,0" yaku="25,1,54,1" doraHai="57" who="2" fromWho="0" sc="228,-29,337,0,238,39,187,0" /><INIT seed="6,1,0,5,3,53" ten="199,337,277,187" oya="2" hai0="102,90,134,1,81,59,116,33,105,131,58,35,31" hai1="17,62,100,28,80,127,75,117,113,74,98,122,29" hai2="40,84,119,3,110,126,87,111,30,55,18,78,27" hai3="49,8,76,128,86,91,9,13,6,107,16,48,94"/><V51/><F119/><W114/><G107/><T123/><D1/><U120/><E117/><V70/><F3/><W36/><G36/><T47/><D123/><U63/><E113/><V106/><F106/><W69/><G128/><T95/><D116/><U26/><E17/><V54/><F70/><W41/><G114/><T115/><D115/><U129/><E127/><V67/><F126/><W101/><G101/><T61/><D131/><U97/><E129/><V125/><F67/><W45/><G69/><T23/><D134/><U135/><E80/><N who="2" m="47127" /><F18/><W132/><G132/><T11/><D11/><U38/><E38/><V19/><F19/><W71/><G71/><T82/><D47/><U133/><E26/><V83/><F40/><W104/><G104/><T109/><D109/><N who="2" m="41482" /><F51/><W92/><G76/><T85/><D105/><U72/><E72/><V20/><F125/><W39/><REACH who="3" step="1"/><G92/><REACH who="3" ten="199,337,277,177" step="2"/><T77/><D102/><AGARI ba="1,1" hai="28,29,62,63,74,75,97,98,100,102,120,122,133,135" machi="102" ten="25,1600,0" yaku="22,2" doraHai="53" who="1" fromWho="0" sc="199,-19,337,29,277,0,177,0" /><INIT seed="7,0,0,3,1,105" ten="180,366,277,177" oya="3" hai0="130,97,29,9,118,49,121,101,39,124,72,88,3" hai1="106,61,66,16,127,68,82,69,83,132,87,77,34" hai2="133,123,21,109,119,95,43,115,70,33,86,73,56" hai3="113,111,45,17,110,117,85,120,99,76,96,2,46"/><W94/><G2/><T81/><D118/><U103/><E34/><V52/><F109/><N who="3" m="41483" /><G117/><T89/><D39/><U102/><E106/><V15/><F33/><W129/><G120/><T64/><D121/><U28/><E28/><V51/><F119/><W38/><G113/><T91/><D130/><U25/><E69/><V22/><F115/><W71/><G129/><T98/><D124/><U67/><E67/><V57/><F70/><W40/><G71/><T135/><D135/><U26/><E26/><V125/><F125/><W114/><G114/><T62/><BYE who="3" /><D29/><U6/><E6/><V23/><F133/><W32/><G32/><T5/><D49/><UN n3="%E5%A4%A9%E6%89%8D%E9%BA%BB%E5%B0%86%E6%99%BA%E4%B9%83" /><U35/><E35/><V44/><F123/><W58/><G46/><T59/><REACH who="0" step="1"/><D101/><REACH who="0" ten="170,366,277,177" step="2"/><U104/><E103/><V7/><F51/><W36/><G36/><T10/><D10/><U41/><E102/><V128/><F128/><W37/><G37/><T122/><D122/><U131/><E127/><V53/><F21/><W19/><G58/><T107/><D107/><U108/><E104/><V12/><F44/><W79/><G99/><T84/><D84/><U31/><E87/><V18/><F86/><W47/><G47/><T100/><D100/><U112/><E131/><V54/><F56/><W75/><G85/><T65/><D65/><U134/><E66/><V1/><F57/><W14/><G75/><T13/><D13/><U50/><E108/><V42/><F73/><W27/><G96/><T80/><D80/><U78/><E83/><V126/><F126/><W4/><G94/><T63/><D63/><U8/><E112/><RYUUKYOKU ba="0,1" sc="170,30,366,-10,277,-10,177,-10" hai0="3,5,9,59,62,64,72,81,88,89,91,97,98" owari="200,-20.0,366,46.6,267,6.7,167,-33.3" /></mjloggm>