<mjloggm ver="2.3"><GO type="169" lobby="0"/><UN n0="%E3%83%A9%E3%83%9E%E3%83%BC%E7%9A%87%E5%AD%90" n1="%E9%81%85%E5%88%BB%E3%81%AE%E3%83%97%E3%83%AA%E3%83%B3%E3%82%B9%E2%99%AA" n2="%E3%81%BE%E3%81%A1%E3%81%8A" n3="%E5%BA%84%E5%8F%B8%E5%81%A5%E5%A4%AA%E6%9C%97" dan="19,17,16,16" rate="2289.95,2139.75,2181.01,2069.04" sx="M,F,M,M"/><TAIKYOKU oya="0"/><INIT seed="0,0,0,1,1,111" ten="250,250,250,250" oya="0" hai0="59,2,101,44,36,87,66,114,94,132,93,43,85" hai1="6,69,71,40,119,31,118,125,70,68,109,56,1" hai2="108,105,16,86,78,123,0,99,128,115,18,63,51" hai3="122,42,83,45,73,134,131,106,82,126,133,80,47"/><T27/><D132/><U3/><N who="1" m="17408" /><DORA hai="60" /><U15/><E109/><V41/><F108/><W26/><G106/><T121/><D121/><U32/><E125/><V5/><F123/><W25/><G73/><T88/><D2/><U39/><E56/><V34/><F34/><W75/><G75/><T62/><D114/><U104/><E104/><V90/><F128/><W33/><G33/><T13/><D27/><N who="1" m="18559" /><E15/><V100/><F78/><W7/><G7/><T89/><D13/><U72/><E72/><V117/><F117/><N who="1" m="44553" /><E6/><V54/><F115/><W110/><G110/><T84/><REACH who="0" step="1"/><D101/><REACH who="0" ten="240,250,250,250" step="2"/><U81/><E81/><V55/><F100/><W9/><G122/><T120/><D120/><U102/><E102/><V127/><F0/><W30/><G133/><T103/><D103/><U14/><E14/><V58/><F105/><W49/><G134/><T116/><D116/><U22/><E22/><V76/><F127/><W37/><G126/><T8/><D8/><U23/><E23/><V24/><F24/><W4/><G131/><T97/><AGARI ba="0,1" hai="36,43,44,59,62,66,84,85,87,88,89,93,94,97" machi="97" ten="20,18000,2" yaku="1,1,0,1,7,1,52,1,54,1,53,1" doraHai="111,60" doraHaiUra="50,53" who="0" fromWho="0" sc="240,190,250,-60,250,-60,250,-60" /><INIT seed="0,1,0,3,0,37" ten="430,190,190,190" oya="0" hai0="103,29,88,62,99,26,132,45,79,61,6,3,117" hai1="14,110,63,43,8,54,81,115,36,109,127,13,58" hai2="41,67,123,9,69,68,91,1,51,71,24,124,101" hai3="27,126,77,53,87,59,92,48,78,113,39,19,118"/><T23/><D117/><U57/><E127/><V134/><F123/><W30/><G113/><T34/><D132/><U122/><E122/><V20/><F134/><W105/><G105/><T32/><D79/><U97/><E115/><V96/><F124/><W11/><G126/><T12/><D45/><N who="1" m="23783" /><E81/><V31/><F91/><W70/><G70/><T83/><D34/><U28/><E28/><V49/><F67/><W106/><G106/><T76/><D103/><U94/><E58/><V38/><F38/><W107/><G107/><T130/><D130/><U95/><E95/><V0/><F9/><W42/><G118/><T18/><D99/><U56/><E56/><V98/><F98/><W50/><G39/><T60/><D88/><N who="1" m="55495" /><E8/><V86/><F86/><W44/><G92/><T74/><D61/><U2/><E2/><V131/><F131/><W102/><G102/><T17/><D17/><U111/><AGARI ba="1,0" hai="13,14,54,57,63,109,110,111" m="55495,23783" machi="111" ten="30,4000,0" yaku="14,1,52,1,54,1" doraHai="37" who="1" fromWho="1" sc="430,-21,190,43,190,-11,190,-11" /><INIT seed="1,0,0,4,2,88" ten="409,233,179,179" oya="1" hai0="101,98,127,116,38,39,22,23,99,87,78,135,27" hai1="13,19,29,82,115,128,5,61,16,32,33,44,51" hai2="106,48,72,1,2,52,86,118,123,100,36,79,92" hai3="24,8,97,60,80,56,57,75,132,120,91,108,46"/><U74/><E115/><V47/><F118/><W121/><G108/><T7/><D116/><U49/><E128/><V119/><F119/><W45/><G132/><T43/><D135/><U95/><E61/><V112/><F123/><W0/><G57/><T4/><D127/><U3/><E3/><V111/><F111/><W70/><G70/><T77/><D87/><U14/><E5/><V134/><F134/><W90/><G90/><T11/><D101/><U73/><E44/><V66/><F112/><W6/><G46/><T85/><D85/><U104/><E29/><V109/><F109/><W125/><G125/><T65/><D27/><U34/><E95/><V58/><F72/><N who="1" m="27753" /><E104/><V26/><F106/><W117/><G117/><T28/><D28/><U55/><E82/><V107/><F107/><W12/><G24/><T122/><D11/><U20/><E55/><V103/><F26/><W71/><G71/><T94/><D122/><U30/><E20/><V42/><F66/><N who="3" m="39175" /><G45/><T129/><D65/><U35/><N who="1" m="8192" /><DORA hai="59" /><U50/><E30/><V81/><REACH who="2" step="1"/><F103/><REACH who="2" ten="409,233,169,179" step="2"/><W69/><G121/><T83/><D129/><U105/><E105/><V9/><F9/><W67/><G120/><T133/><D133/><U124/><E124/><V93/><F93/><W110/><G110/><T84/><D94/><U63/><E63/><V114/><F114/><W113/><G113/><T37/><D23/><U62/><E62/><V41/><F41/><W131/><G67/><T76/><D22/><U40/><E40/><V15/><F15/><AGARI ba="0,1" hai="13,14,15,16,19,49,50,51" m="8192,27753" machi="15" ten="70,12000,1" yaku="28,2,54,1" doraHai="88,59" who="1" fromWho="2" sc="409,0,233,130,169,-120,179,0" /><INIT seed="1,1,0,5,0,127" ten="409,363,49,179" oya="1" hai0="106,25,134,27,53,31,102,15,85,39,37,114,120" hai1="56,84,76,77,108,61,112,52,58,88,44,135,72" hai2="48,19,80,62,14,49,64,104,51,126,133,10,128" hai3="66,99,74,28,68,2,103,132,90,115,95,30,42"/><U22/><E112/><V82/><F104/><W46/><G2/><T34/><D114/><U131/><E135/><V94/><F126/><W86/><G132/><T38/><D134/><U107/><E107/><V65/><F133/><W8/><G74/><T117/><D117/><U124/><E124/><V20/><F128/><W47/><G47/><T70/><D70/><U130/><E108/><V121/><F121/><W60/><G8/><T9/><D120/><U113/><E113/><V100/><F10/><W23/><G23/><T96/><D27/><U17/><E44/><V73/><F73/><W98/><G98/><T21/><D53/><U5/><E5/><V118/><F118/><W67/><G67/><N who="2" m="25673" /><F62/><W6/><G6/><T93/><D85/><U125/><E58/><V16/><F19/><W0/><G0/><T129/><D106/><U55/><E55/><V12/><F12/><W26/><G115/><T105/><D105/><U35/><E35/><V33/><F33/><W13/><G13/><T109/><D21/><U36/><E36/><V45/><F45/><W1/><G1/><T59/><D59/><U81/><E125/><V92/><F92/><W116/><G116/><T71/><D71/><U40/><E40/><V4/><F4/><W79/><G26/><T43/><D43/><U63/><E63/><V75/><F75/><W24/><G24/><T54/><D54/><U87/><E72/><V29/><F29/><W78/><G30/><T111/><D129/><N who="1" m="49163" /><E87/><V101/><F101/><W32/><G32/><T119/><D119/><U110/><E110/><V122/><F122/><RYUUKYOKU ba="1,0" sc="409,10,363,10,49,10,179,-30" hai0="9,15,25,31,34,37,38,39,93,96,102,109,111" hai1="17,22,52,56,61,76,77,81,84,88" hai2="14,16,20,48,49,51,80,82,94,100" /><INIT seed="1,2,0,5,4,31" ten="419,373,59,149" oya="1" hai0="38,109,94,108,99,123,54,11,103,20,14,65,39" hai1="35,15,66,63,59,93,1,23,101,129,16,84,80" hai2="64,91,24,52,89,104,5,49,97,117,45,98,53" hai3="18,48,6,12,95,9,121,58,133,28,76,73,60"/><U61/><E1/><V37/><F117/><W118/><G121/><T41/><D123/><U72/><E129/><V82/><F37/><W4/><G133/><T13/><D65/><U127/><E127/><V71/><F5/><W77/><G118/><T32/><D54/><U21/><E35/><V81/><F64/><W88/><G48/><T115/><D115/><U114/><E114/><V22/><F71/><W34/><G73/><T46/><D39/><U44/><E72/><V8/><F8/><W67/><G28/><T43/><D43/><U102/><E44/><V36/><F36/><W17/><G34/><T7/><D32/><U25/><E63/><V42/><F42/><W132/><G132/><T57/><D57/><U83/><E93/><V113/><F113/><W131/><G131/><T126/><D126/><U62/><E62/><V96/><F53/><W55/><G67/><T85/><D85/><U111/><E111/><N who="0" m="42569" /><D20/><U130/><E130/><V119/><F119/><W47/><G47/><T74/><D74/><U50/><E50/><V30/><REACH who="2" step="1"/><F104/><REACH who="2" ten="419,373,49,149" step="2"/><W107/><G107/><T124/><D124/><U2/><E2/><AGARI ba="2,1" hai="2,7,11,13,14,38,41,46,94,99,103" m="42569" machi="2" ten="30,1000,0" yaku="14,1" doraHai="31" who="0" fromWho="1" sc="419,26,373,-16,49,0,149,0" /><INIT seed="2,0,0,4,4,85" ten="445,357,49,149" oya="2" hai0="71,73,18,6,43,40,34,52,105,74,56,8,87" hai1="11,48,67,94,118,37,81,127,123,90,103,122,7" hai2="117,41,132,108,89,102,35,3,4,62,114,66,82" hai3="13,1,80,24,39,107,29,10,77,129,126,98,83"/><V96/><F114/><W49/><G129/><T0/><D71/><U33/><E118/><V36/><F117/><W50/><G1/><T130/><D130/><U32/><E37/><V30/><F132/><W2/><G2/><T135/><D135/><U115/><E115/><V88/><F36/><W54/><G39/><T60/><D105/><U28/><E127/><V131/><F41/><W106/><G83/><T22/><D34/><U15/><E67/><V46/><F46/><W113/><G50/><T64/><D73/><U65/><E65/><V91/><F131/><W70/><G70/><T59/><D74/><U26/><E103/><V100/><F108/><W45/><G98/><T112/><D87/><U55/><E81/><V38/><F38/><W51/><G49/><T9/><D9/><U68/><E33/><V20/><F102/><W125/><G113/><T5/><D5/><U61/><E61/><V42/><F42/><W97/><G97/><T25/><D112/><U111/><E68/><N who="2" m="42071" /><F20/><N who="3" m="15495" /><G80/><T58/><D58/><U92/><E111/><V124/><F82/><W93/><G93/><T104/><D104/><N who="3" m="39977" /><G77/><T95/><D95/><U86/><REACH who="1" step="1"/><E94/><REACH who="1" ten="445,347,49,149" step="2"/><N who="2" m="58391" /><F124/><W78/><G78/><T76/><REACH who="0" step="1"/><D76/><REACH who="0" ten="435,347,49,149" step="2"/><U12/><E12/><V57/><F35/><W101/><G126/><T21/><D21/><U119/><E119/><V75/><F75/><W53/><G125/><T120/><D120/><U72/><E72/><V121/><F121/><W23/><G23/><T14/><D14/><U16/><E16/><V19/><F19/><W63/><G13/><T79/><D79/><U69/><E69/><RYUUKYOKU ba="0,2" sc="435,15,347,15,49,-15,149,-15" hai0="0,6,8,18,22,25,40,43,52,56,59,60,64" hai1="7,11,15,26,28,32,48,55,86,90,92,122,123" /><INIT seed="3,1,2,5,4,75" ten="450,362,34,134" oya="3" hai0="47,94,46,83,80,71,3,68,110,41,122,54,114" hai1="31,59,90,45,124,64,1,23,0,116,106,13,130" hai2="135,125,82,97,72,133,33,126,81,74,69,84,86" hai3="128,88,87,26,119,6,61,16,49,93,101,134,52"/><W104/><G119/><T99/><D122/><U18/><E106/><V115/><F33/><W50/><G128/><T20/><D3/><U51/><E130/><V92/><F69/><W57/><G134/><N who="2" m="51209" /><F115/><W15/><G104/><T60/><D110/><U70/><E70/><V40/><F40/><W67/><G101/><T111/><D111/><U36/><E116/><V65/><F65/><W108/><G108/><T32/><D32/><U56/><E36/><V91/><F86/><W62/><G6/><T118/><D118/><U44/><E124/><N who="2" m="47723" /><F82/><W7/><G7/><T102/><D114/><U105/><E64/><V14/><F14/><W42/><G26/><T123/><D123/><U78/><E1/><V58/><F58/><N who="3" m="35015" /><G42/><T100/><D71/><U76/><E0/><V2/><F2/><W10/><AGARI ba="1,2" hai="10,15,16,49,50,57,62,67,87,88,93" m="35015" machi="10" ten="30,11700,0" yaku="8,1,54,3" doraHai="75" who="3" fromWho="3" sc="450,-40,362,-40,34,-40,134,140" owari="410,51.0,322,12.2,-6,-50.6,274,-12.6" /></mjloggm>