<mjloggm ver="2.3"><GO type="169" lobby="0"/><UN n0="%E7%B9%AD%E3%82%92%E8%A7%A3%E3%81%8F" n1="%4E%6F%73%75%6B%65" n2="%E3%81%86%E3%81%83%E3%82%93%E3%81%A7%E3%81%83" n3="%68%61%6B%75%30%37" dan="17,16,18,17" rate="2213.19,2137.95,2209.90,2194.71" sx="M,M,M,M"/><TAIKYOKU oya="0"/><INIT seed="0,0,0,3,5,76" ten="250,250,250,250" oya="0" hai0="86,90,37,56,92,103,14,68,0,124,126,57,98" hai1="71,51,38,28,50,102,61,111,24,49,85,113,45" hai2="27,13,107,48,2,88,15,8,31,55,16,129,99" hai3="101,127,110,5,104,116,65,93,10,64,17,4,66"/><T20/><D68/><U59/><E111/><V33/><F129/><W39/><G116/><T75/><D0/><U40/><E113/><V96/><F2/><W62/><G104/><T1/><D1/><U21/><E102/><V134/><F134/><W12/><G39/><T78/><D37/><U19/><E71/><V109/><F109/><W135/><G110/><T94/><D20/><U89/><E38/><V114/><F114/><W73/><G73/><T60/><D14/><U69/><E28/><V67/><F67/><W125/><G62/><T23/><D23/><U42/><E69/><V131/><F131/><W87/><G135/><T120/><D120/><U41/><E45/><V97/><F107/><W70/><G70/><T47/><D47/><U117/><E117/><V72/><F72/><W79/><G101/><T52/><REACH who="0" step="1"/><D57/><REACH who="0" ten="240,250,250,250" step="2"/><U36/><E36/><V7/><F13/><W29/><G29/><T9/><D9/><U18/><E21/><V46/><REACH who="2" step="1"/><F7/><REACH who="2" ten="240,250,240,250" step="2"/><W35/><G4/><T26/><D26/><U6/><E24/><V82/><F82/><AGARI ba="0,2" hai="52,56,60,75,78,82,86,90,92,94,98,103,124,126" machi="82" ten="40,7700,0" yaku="1,1,52,1,54,1,53,0" doraHai="76" doraHaiUra="63" who="0" fromWho="2" sc="240,97,250,0,240,-77,250,0" /><INIT seed="0,1,0,2,1,83" ten="337,250,163,250" oya="0" hai0="109,48,11,44,106,105,19,81,132,2,90,25,0" hai1="86,79,100,103,3,8,33,104,24,62,64,99,13" hai2="98,89,128,119,107,120,110,93,6,41,56,75,51" hai3="84,27,76,54,85,74,118,122,102,130,114,96,72"/><T37/><D37/><U9/><E103/><V78/><F120/><W126/><G54/><T70/><D70/><U38/><E38/><V112/><F112/><W39/><G27/><T101/><D132/><U111/><E111/><V88/><F119/><W58/><G58/><T131/><D131/><U57/><E3/><V43/><F110/><W127/><G39/><T73/><D73/><N who="3" m="28265" /><G114/><T16/><D109/><U61/><E61/><V21/><F128/><W31/><G31/><T28/><D105/><U32/><E24/><V95/><F107/><N who="3" m="63943" /><G130/><T115/><D106/><U18/><REACH who="1" step="1"/><E9/><REACH who="1" ten="337,240,163,250" step="2"/><V46/><F51/><W129/><G129/><T92/><D115/><U59/><E59/><V47/><F56/><W10/><G10/><T124/><D2/><U68/><E68/><V45/><F21/><W116/><G122/><T94/><D0/><U35/><E35/><V67/><F67/><W15/><G15/><T36/><D36/><U135/><E135/><V80/><REACH who="2" step="1"/><F6/><REACH who="2" ten="337,240,153,250" step="2"/><W7/><G7/><T108/><D108/><U40/><E40/><V113/><F113/><W12/><G116/><T71/><D48/><U30/><E30/><V121/><F121/><W1/><G118/><T91/><D28/><U23/><E23/><V17/><F17/><W69/><G69/><T65/><D71/><U66/><E66/><V133/><F133/><W125/><G125/><T5/><D124/><U53/><E53/><V49/><F49/><W50/><G127/><T26/><D65/><U34/><E34/><V134/><F134/><W82/><G126/><T117/><D19/><U14/><E14/><RYUUKYOKU ba="1,2" sc="337,-15,240,15,153,15,250,-15" hai1="8,13,18,32,33,57,62,64,79,86,99,100,104" hai2="41,43,45,46,47,75,78,80,88,89,93,95,98" /><INIT seed="1,2,2,2,4,79" ten="322,255,168,235" oya="1" hai0="110,126,114,35,22,21,124,34,1,41,31,127,113" hai1="64,27,46,99,108,67,28,58,115,5,9,78,71" hai2="48,133,26,76,40,6,33,39,94,104,73,121,69" hai3="122,13,4,44,60,111,72,43,103,0,80,65,11"/><U16/><E115/><N who="0" m="44041" /><D41/><U63/><E108/><V132/><F121/><W42/><G122/><T81/><D81/><U18/><E78/><V105/><F94/><W118/><G111/><T88/><D110/><U37/><E99/><V56/><F6/><W120/><G120/><T74/><D74/><U70/><E37/><V38/><F69/><W82/><G72/><T55/><D88/><U30/><E46/><N who="2" m="23831" /><F48/><W49/><G118/><T135/><D135/><N who="2" m="51786" /><F56/><N who="3" m="36999" /><G0/><T85/><D85/><U57/><E5/><V116/><F39/><W32/><G32/><N who="0" m="12331" /><D55/><U14/><E18/><V107/><F116/><W15/><G103/><T117/><D117/><U128/><E70/><V2/><F2/><W77/><G77/><T86/><D86/><U66/><E71/><V61/><F61/><W83/><G13/><T10/><D31/><U51/><E30/><N who="2" m="19671" /><F107/><W47/><G47/><T23/><D1/><U7/><E28/><V131/><F131/><W129/><G129/><T54/><D54/><AGARI ba="2,2" hai="4,11,15,42,43,44,49,54,80,82,83" m="36999" machi="54" ten="30,7700,0" yaku="8,1,52,3" doraHai="79" who="3" fromWho="0" sc="322,-83,255,0,168,0,235,103" /><INIT seed="2,0,0,4,5,84" ten="239,255,168,338" oya="2" hai0="0,71,133,135,103,116,68,85,98,20,40,42,17" hai1="56,118,94,104,127,109,21,9,35,119,115,44,11" hai2="82,67,36,110,74,53,55,6,96,123,51,19,34" hai3="3,10,62,76,90,58,60,31,52,22,121,134,93"/><V129/><F123/><W97/><G121/><T87/><D0/><U33/><E115/><V4/><F36/><W86/><G134/><N who="0" m="51211" /><D116/><U12/><E104/><V69/><F34/><W122/><G122/><T50/><D87/><U80/><E109/><V81/><F110/><W7/><G31/><T131/><D85/><U2/><E80/><V79/><F129/><W120/><G22/><T13/><D131/><U111/><E111/><V41/><F82/><W100/><G120/><T125/><D125/><U25/><E127/><V105/><F41/><N who="0" m="15978" /><D50/><U113/><E2/><V5/><F19/><W61/><REACH who="3" step="1"/><G76/><REACH who="3" ten="239,255,168,328" step="2"/><T70/><D70/><U102/><E21/><V26/><F26/><W14/><G14/><T63/><D63/><U47/><E12/><V106/><F51/><W126/><G126/><T28/><D28/><U78/><E25/><V108/><F108/><W18/><G18/><T37/><D37/><U89/><E78/><V38/><F38/><W72/><G72/><T83/><D83/><AGARI ba="0,1" hai="3,7,10,52,58,60,61,62,83,86,90,93,97,100" machi="83" ten="30,7700,0" yaku="1,1,7,1,52,1,54,1,53,0" doraHai="84" doraHaiUra="45" who="3" fromWho="0" sc="239,-77,255,0,168,0,328,87" /><INIT seed="3,0,0,1,2,2" ten="162,255,168,415" oya="3" hai0="106,71,117,46,132,86,89,31,49,23,111,57,92" hai1="50,105,78,45,121,69,67,96,103,126,70,80,52" hai2="88,18,123,94,24,63,62,81,26,109,66,33,22" hai3="127,0,64,133,44,12,113,27,75,104,83,36,9"/><W39/><G113/><T59/><D71/><U73/><E121/><V41/><F109/><W14/><G104/><T90/><D132/><U115/><E115/><V34/><F123/><W120/><G120/><T60/><D117/><U25/><E126/><V38/><F62/><W77/><G133/><T19/><D106/><U99/><E67/><V76/><F26/><W101/><G101/><T29/><D111/><U43/><E99/><V42/><F34/><W134/><G134/><T108/><D108/><U95/><E105/><V54/><F54/><W91/><G127/><T17/><D90/><U112/><E112/><V16/><F18/><W58/><G27/><T100/><D100/><U118/><E118/><V10/><F38/><W4/><G91/><T5/><D5/><U37/><REACH who="1" step="1"/><E25/><REACH who="1" ten="162,245,168,415" step="2"/><V135/><F135/><W93/><G64/><N who="0" m="38927" /><D59/><AGARI ba="0,1" hai="37,43,45,50,52,59,69,70,73,78,80,95,96,103" machi="59" ten="30,3900,0" yaku="1,1,7,1,54,1,53,0" doraHai="2" doraHaiUra="15" who="1" fromWho="0" sc="162,-39,245,49,168,0,415,0" /><INIT seed="4,0,0,4,1,6" ten="123,294,168,415" oya="0" hai0="50,26,68,17,4,115,131,2,62,122,121,29,86" hai1="107,112,78,96,43,59,114,8,99,84,24,105,45" hai2="108,71,32,5,87,90,124,92,0,58,123,100,81" hai3="54,51,130,101,133,88,129,27,60,103,98,22,91"/><T40/><D115/><N who="1" m="44075" /><E59/><V3/><F71/><W128/><G133/><T119/><D119/><U135/><E24/><V110/><F123/><W102/><G60/><T118/><D118/><U94/><E135/><V63/><F32/><W53/><G98/><T14/><D131/><U52/><E99/><V97/><F124/><W109/><G109/><T41/><D86/><U82/><E52/><N who="3" m="20074" /><G51/><T9/><D50/><N who="1" m="26943" /><E8/><V19/><F108/><W20/><G20/><N who="0" m="11319" /><D62/><U65/><E65/><V116/><F110/><W89/><G103/><AGARI ba="0,0" hai="78,82,84,94,96,103,105,107" m="26943,44075" machi="103" ten="30,2000,0" yaku="15,1,11,1" doraHai="6" who="1" fromWho="3" sc="123,0,294,20,168,0,415,-20" /><INIT seed="5,0,0,4,5,37" ten="123,314,168,395" oya="1" hai0="125,92,55,93,44,42,56,70,28,91,59,15,53" hai1="33,47,134,116,104,11,5,79,30,8,110,32,64" hai2="69,14,87,67,4,31,41,35,34,6,81,39,97" hai3="106,75,77,12,3,36,72,65,21,45,49,90,84"/><U105/><E116/><V109/><F109/><W9/><G106/><T26/><D70/><U100/><E110/><V43/><F39/><W22/><G36/><T19/><D125/><U46/><E79/><V112/><F112/><W1/><G65/><T40/><D26/><U119/><E119/><V86/><F97/><W52/><G1/><T16/><D28/><U2/><E64/><V73/><F73/><W103/><G103/><T99/><D44/><U126/><E30/><V121/><F121/><W107/><G3/><T17/><D15/><U130/><E2/><V29/><F67/><W57/><G107/><T50/><D92/><U98/><E98/><V76/><F14/><W96/><G96/><T94/><D93/><U122/><E130/><V95/><F95/><W88/><G72/><T102/><D102/><U63/><E100/><V18/><F18/><W10/><G10/><T20/><D20/><N who="3" m="7785" /><G57/><T80/><REACH who="0" step="1"/><D80/><REACH who="0" ten="113,314,168,395" step="2"/><U111/><E126/><V0/><F81/><N who="3" m="47151" /><G75/><T117/><D117/><U25/><E105/><V24/><F0/><W113/><G113/><T115/><D115/><U71/><E104/><V61/><F69/><W128/><G128/><T118/><D118/><U74/><E71/><V132/><F24/><W83/><G83/><T114/><D114/><U48/><E25/><V101/><F101/><W123/><G123/><T89/><D89/><U124/><E74/><V58/><F31/><W82/><G82/><T13/><D13/><U68/><E68/><V51/><F29/><W78/><G78/><T129/><D129/><U127/><E124/><V38/><F76/><RYUUKYOKU ba="0,1" sc="113,15,314,-15,168,-15,395,15" hai0="16,17,19,40,42,50,53,55,56,59,91,94,99" hai3="9,12,45,49,52,88,90" /><INIT seed="6,1,1,3,2,87" ten="128,299,153,410" oya="2" hai0="14,111,71,133,100,130,98,68,39,51,97,134,30" hai1="5,124,105,3,106,36,115,43,44,53,20,94,50" hai2="67,129,125,76,15,102,25,89,7,119,62,11,47" hai3="126,90,82,74,29,80,101,55,60,37,63,86,4"/><V93/><F119/><W65/><G37/><T131/><D39/><U42/><E115/><V81/><F129/><N who="0" m="49162" /><D111/><U85/><E43/><V27/><F125/><W114/><G126/><T58/><D30/><U108/><E108/><V77/><F102/><W10/><G29/><T118/><D118/><U40/><E40/><V9/><F47/><W59/><G114/><T32/><D32/><U22/><E124/><V103/><F103/><W0/><G101/><T21/><D21/><U35/><E35/><V72/><F76/><W121/><G121/><T99/><D100/><U48/><E22/><V110/><F11/><W6/><G6/><T13/><D58/><U33/><E33/><V1/><F1/><W31/><G31/><T45/><D51/><U8/><E48/><V23/><F23/><W69/><G74/><T49/><D49/><U18/><E42/><V17/><F7/><W52/><G55/><T38/><D38/><U135/><E36/><V12/><F12/><N who="0" m="4714" /><D45/><U19/><E20/><V123/><F110/><W128/><G128/><T54/><D54/><U109/><E109/><V127/><F127/><W132/><G132/><AGARI ba="1,1" hai="68,71,97,98,99,132,133,134" m="4714,49162" machi="132" ten="40,8000,1" yaku="28,2,20,1,19,1" doraHai="87" who="0" fromWho="3" sc="128,93,299,0,153,0,410,-83" /><INIT seed="7,0,0,5,1,13" ten="221,299,153,327" oya="3" hai0="79,112,59,3,36,49,33,81,31,71,98,5,134" hai1="26,83,131,64,7,107,24,100,88,119,27,4,6" hai2="130,58,61,78,30,55,63,50,103,38,128,89,86" hai3="93,39,28,54,94,126,57,95,12,90,15,118,109"/><W125/><G118/><T115/><D36/><U122/><E122/><V99/><F38/><W11/><G39/><T106/><D71/><U129/><E119/><V108/><F108/><W104/><G104/><T2/><D49/><U85/><E64/><V70/><F78/><W35/><G109/><T8/><D59/><U67/><E67/><V10/><F70/><W34/><G90/><T45/><D45/><U82/><E100/><V123/><F123/><W87/><G87/><T48/><D48/><U69/><E107/><V1/><F1/><W22/><G22/><T66/><D66/><U32/><E69/><V37/><F37/><W120/><G120/><T111/><D111/><U76/><REACH who="1" step="1"/><E32/><REACH who="1" ten="221,289,153,327" step="2"/><V56/><F128/><W96/><G96/><T43/><D98/><U97/><E97/><V117/><F130/><W53/><G34/><T41/><D106/><U113/><E113/><V74/><F117/><W44/><G35/><T77/><D115/><U60/><E60/><V133/><F133/><W0/><G126/><T73/><D134/><U135/><E135/><V18/><F74/><AGARI ba="0,1" hai="4,6,7,24,26,27,74,76,82,83,85,88,129,131" machi="74" ten="40,2600,0" yaku="1,1,54,1,53,0" doraHai="13" doraHaiUra="40" who="1" fromWho="2" sc="221,0,289,36,153,-26,327,0" owari="221,-17.9,325,12.5,127,-37.3,327,42.7" /></mjloggm>