<mjloggm ver="2.3"><GO type="169" lobby="0"/><UN n0="%E6%81%8B%E3%81%AE%E3%81%86%E3%81%9F" n1="%E5%8C%97%E6%AC%A7%E3%81%AE%E3%82%82%E3%81%93%E3%81%86" n2="%E3%82%8F%E3%81%98" n3="%6E%61%67%61%69%6D%6F" dan="17,16,16,17" rate="2202.81,2127.67,2109.30,2149.54" sx="M,M,M,M"/><TAIKYOKU oya="0"/><INIT seed="0,0,0,0,1,3" ten="250,250,250,250" oya="0" hai0="103,109,127,49,92,117,111,16,133,110,81,48,87" hai1="121,28,42,41,20,77,43,68,39,76,58,130,34" hai2="13,57,74,67,40,64,101,70,90,32,112,45,88" hai3="82,8,19,6,71,128,2,63,104,61,15,4,21"/><T72/><D117/><U29/><E121/><V84/><F74/><W78/><G104/><T95/><D133/><U38/><E68/><V96/><F32/><W44/><G128/><T22/><D72/><U79/><E34/><V17/><F112/><W69/><G71/><T108/><N who="0" m="27648" /><DORA hai="59" /><T65/><D127/><U75/><E75/><V66/><F57/><W27/><G69/><T9/><D65/><U53/><E130/><V97/><F70/><W35/><G35/><T7/><D103/><U131/><E131/><V124/><F124/><W73/><REACH who="3" step="1"/><G44/><REACH who="3" ten="250,250,250,240" step="2"/><T54/><D92/><U80/><E80/><V129/><F129/><W30/><G30/><T100/><D95/><U119/><E119/><V126/><F126/><W62/><G62/><T23/><D100/><U83/><E83/><V98/><F101/><W135/><G135/><T118/><D118/><U85/><E28/><V106/><F106/><W107/><G107/><T11/><D22/><U134/><E134/><V10/><REACH who="2" step="1"/><F84/><REACH who="2" ten="250,250,240,240" step="2"/><W115/><G115/><T46/><D87/><U31/><E85/><V55/><F55/><W25/><G25/><T60/><D54/><U33/><E33/><V0/><F0/><W50/><G50/><AGARI ba="0,2" hai="10,13,17,40,45,50,64,66,67,88,90,96,97,98" machi="50" ten="40,8000,1" yaku="1,1,8,1,54,1,53,1" doraHai="3,59" doraHaiUra="36,113" who="2" fromWho="3" sc="250,0,250,0,240,100,240,-80" /><INIT seed="1,0,0,5,3,47" ten="250,250,340,160" oya="1" hai0="100,18,57,48,40,128,65,110,34,23,92,127,56" hai1="51,133,131,80,19,130,112,101,0,113,104,82,20" hai2="86,24,89,28,97,108,5,32,12,103,53,114,30" hai3="126,69,105,84,73,7,88,45,16,36,2,22,96"/><U59/><E0/><V14/><F108/><W109/><G69/><T83/><D34/><U15/><E133/><V58/><F114/><N who="1" m="44137" /><E101/><V42/><F42/><W31/><G31/><T71/><D110/><U98/><E98/><V38/><F38/><W81/><G109/><T85/><D128/><N who="1" m="49195" /><E104/><V75/><F28/><W63/><G73/><T70/><D127/><U55/><AGARI ba="0,0" hai="15,19,20,51,55,59,80,82" m="49195,44137" machi="55" ten="40,3900,0" yaku="19,1,52,1" doraHai="47" who="1" fromWho="1" sc="250,-13,250,39,340,-13,160,-13" /><INIT seed="1,1,0,4,2,78" ten="237,289,327,147" oya="1" hai0="99,9,41,39,93,67,98,118,134,2,20,85,80" hai1="106,72,95,49,12,83,127,58,90,114,121,133,0" hai2="62,22,110,119,17,53,40,52,57,32,75,13,111" hai3="94,35,43,92,21,24,131,55,117,10,31,3,25"/><U14/><E114/><V128/><F119/><W63/><G117/><T38/><D118/><U87/><E121/><V19/><F32/><W103/><G131/><T77/><D134/><U122/><E122/><V123/><F123/><W5/><G43/><T34/><D34/><U16/><E0/><V105/><F105/><W64/><G103/><T56/><D99/><U84/><E127/><V26/><F75/><W60/><G55/><T36/><D20/><U73/><E106/><V48/><F40/><W100/><G100/><T18/><D67/><U50/><E12/><V112/><F128/><W11/><G11/><T6/><D56/><U29/><E29/><V42/><F42/><W70/><REACH who="3" step="1"/><G60/><REACH who="3" ten="237,289,327,137" step="2"/><T23/><D41/><U8/><E133/><V4/><F112/><W113/><G113/><T7/><D9/><U71/><E49/><V76/><F48/><W33/><G33/><T124/><D124/><U79/><REACH who="1" step="1"/><E71/><REACH who="1" ten="237,279,327,137" step="2"/><V51/><F51/><W89/><G89/><T109/><D39/><U96/><E96/><V86/><F110/><W91/><G91/><T27/><D109/><U37/><E37/><V69/><F111/><W130/><G130/><T129/><D129/><U82/><E82/><N who="2" m="47431" /><F69/><W81/><G81/><T46/><D38/><U108/><E108/><V61/><F61/><W47/><G47/><T97/><D36/><U68/><E68/><V132/><F132/><W116/><G116/><T54/><D98/><U102/><E102/><V88/><F88/><W104/><G104/><T59/><D46/><U45/><E45/><V30/><F62/><W28/><AGARI ba="1,2" hai="3,5,10,21,24,25,28,31,35,63,64,70,92,94" machi="28" ten="20,5200,0" yaku="1,1,5,1,0,1,7,1,53,0" doraHai="78" doraHaiUra="101" who="3" fromWho="3" sc="237,-14,279,-27,327,-14,137,75" /><INIT seed="2,0,0,4,0,123" ten="223,252,313,212" oya="2" hai0="24,118,79,13,77,44,38,105,32,103,21,135,63" hai1="0,31,56,15,26,125,111,109,67,17,90,83,52" hai2="25,35,130,46,12,108,60,127,116,48,102,41,14" hai3="6,11,115,92,88,87,72,122,119,66,124,101,110"/><V126/><F116/><W96/><G119/><T106/><D135/><U43/><E0/><V45/><F130/><W42/><G122/><T7/><D32/><U2/><E2/><V121/><F121/><W80/><G115/><T51/><D38/><U36/><E67/><V10/><F102/><W33/><G33/><T134/><D134/><U16/><E125/><N who="2" m="47627" /><F60/><W5/><G124/><T98/><D105/><U89/><E43/><N who="2" m="24639" /><F25/><W104/><G42/><T132/><D63/><U84/><E36/><N who="2" m="21799" /><F35/><W9/><G66/><T97/><D132/><U133/><E133/><V8/><F8/><W112/><G112/><T57/><D118/><U114/><E114/><V61/><F61/><W71/><G71/><T131/><D131/><U49/><E90/><V95/><F95/><W50/><G50/><T40/><D51/><U99/><E99/><V75/><F75/><W93/><G72/><T27/><D98/><U74/><E74/><V129/><F129/><W82/><G104/><T94/><D106/><U23/><REACH who="1" step="1"/><E17/><REACH who="1" ten="223,242,313,212" step="2"/><N who="2" m="8343" /><F14/><W86/><G101/><T34/><D103/><U1/><E1/><V59/><F59/><W107/><G107/><T81/><D57/><U19/><E19/><V39/><F39/><W100/><G100/><T29/><D13/><U47/><E47/><V62/><F62/><W28/><G96/><T3/><D44/><U69/><E69/><V73/><F73/><W76/><G88/><T4/><D40/><U30/><E30/><V53/><F53/><W55/><G28/><T91/><D3/><U18/><E18/><V117/><F117/><W113/><G55/><RYUUKYOKU ba="0,1" sc="223,-15,242,15,313,15,212,-15" hai1="15,16,23,26,31,49,52,56,83,84,89,109,111" hai2="108" /><INIT seed="2,1,1,3,3,74" ten="208,257,328,197" oya="2" hai0="18,77,126,20,12,93,54,35,62,57,94,7,23" hai1="99,103,124,59,80,118,134,87,91,48,108,92,3" hai2="25,112,29,100,13,5,49,123,9,53,0,106,10" hai3="55,113,44,11,115,114,85,111,28,41,125,96,36"/><V97/><F112/><W47/><G28/><T127/><D35/><U63/><E108/><V72/><F123/><W32/><G32/><T116/><D116/><U110/><E110/><V34/><F72/><W24/><G24/><T131/><D131/><U88/><E134/><V52/><REACH who="2" step="1"/><F49/><REACH who="2" ten="208,257,318,197" step="2"/><N who="3" m="29119" /><G111/><T64/><D126/><U38/><E38/><V27/><F27/><W68/><G125/><T83/><D127/><U121/><E121/><V133/><F133/><W86/><G115/><T60/><D7/><AGARI ba="1,2" hai="0,5,7,9,10,13,25,29,34,52,53,97,100,106" machi="7" ten="30,5800,0" yaku="1,1,7,1,54,1,53,0" doraHai="74" doraHaiUra="82" who="2" fromWho="0" sc="208,-61,257,0,318,81,197,0" /><INIT seed="2,2,0,0,5,95" ten="147,257,399,197" oya="2" hai0="113,64,3,125,76,124,8,17,7,65,0,87,112" hai1="2,106,103,16,74,114,90,38,59,30,101,71,117" hai2="22,92,40,94,37,85,24,61,97,25,66,18,129" hai3="45,80,34,57,46,39,107,6,1,43,27,75,41"/><V116/><F116/><W123/><G123/><T118/><D76/><U98/><E71/><V127/><F127/><N who="0" m="48714" /><D87/><U56/><E114/><N who="0" m="44137" /><D64/><U88/><E117/><V58/><F129/><W4/><G107/><T81/><D81/><U55/><E38/><V110/><F110/><W131/><G131/><T42/><D42/><U29/><E2/><N who="0" m="553" /><D65/><U102/><E106/><V72/><F72/><W35/><G57/><T132/><D118/><U109/><E74/><V26/><F40/><W52/><G52/><T48/><D48/><U14/><E109/><V69/><F37/><W11/><G80/><T104/><D104/><U86/><E86/><V50/><F50/><W126/><G126/><T12/><D132/><U49/><E56/><V47/><F47/><W135/><G135/><T77/><D77/><U20/><E90/><N who="2" m="53327" /><F69/><W10/><G75/><T60/><D60/><U73/><E73/><V51/><F51/><W133/><G133/><T79/><D79/><U33/><E33/><V23/><F61/><W83/><G83/><T91/><D91/><U9/><E20/><V63/><F22/><W62/><G62/><T128/><D128/><U120/><E120/><V44/><F44/><W54/><G46/><T99/><D99/><U130/><E130/><V19/><F23/><W100/><G45/><T134/><D134/><U32/><E32/><V115/><F115/><W105/><G105/><T82/><D82/><U67/><E67/><V108/><F108/><W84/><G39/><T68/><D68/><U53/><E53/><V89/><AGARI ba="2,0" hai="18,19,24,25,26,58,63,66,89,94,97" m="53327" machi="89" ten="30,3000,0" yaku="8,1,52,1" doraHai="95" who="2" fromWho="2" sc="147,-12,257,-12,399,36,197,-12" /><INIT seed="2,3,0,0,0,61" ten="135,245,435,185" oya="2" hai0="59,44,22,109,76,31,37,32,127,5,92,68,82" hai1="47,126,57,72,75,124,123,90,120,46,62,86,118" hai2="79,93,104,14,133,45,2,116,119,13,134,30,6" hai3="74,29,18,113,65,64,69,91,96,70,49,125,132"/><V20/><F104/><W17/><G74/><T33/><D68/><U25/><E118/><N who="2" m="45099" /><F45/><N who="1" m="16905" /><E25/><N who="2" m="16679" /><F93/><N who="3" m="56383" /><G29/><T40/><D31/><U107/><E107/><V103/><F103/><W9/><G70/><T100/><D100/><U99/><E99/><V131/><F79/><W52/><G69/><T16/><D92/><N who="1" m="54359" /><E72/><V63/><F63/><W114/><G132/><N who="2" m="50793" /><F131/><W38/><G38/><T35/><D76/><U85/><E85/><V110/><F110/><W4/><G125/><N who="1" m="48234" /><E75/><V101/><F101/><W0/><G49/><T106/><D127/><U58/><E58/><V122/><F122/><W51/><G51/><T95/><D59/><U73/><E73/><V10/><AGARI ba="3,0" hai="2,6,10,13,14" m="50793,16679,45099" machi="10" ten="40,7800,0" yaku="20,1,34,2" doraHai="61" who="2" fromWho="2" sc="135,-29,245,-29,435,87,185,-29" /><INIT seed="2,4,0,5,0,18" ten="106,216,522,156" oya="2" hai0="8,90,72,59,97,79,81,32,71,88,104,122,86" hai1="99,45,12,121,39,33,43,133,85,14,111,20,75" hai2="64,107,40,65,96,42,128,74,132,23,91,2,6" hai3="114,56,76,93,73,9,44,19,87,31,13,103,37"/><V36/><F74/><W60/><G73/><T50/><D71/><U119/><E75/><V26/><F128/><W110/><G110/><T100/><D32/><U131/><E33/><V22/><F2/><W102/><G114/><T54/><D122/><U98/><E111/><V46/><F6/><W112/><G112/><T49/><D8/><U113/><E113/><V5/><F5/><W58/><G31/><T115/><D115/><U118/><E131/><V3/><F3/><W62/><G44/><T25/><D25/><U127/><E121/><V78/><F78/><W120/><G37/><T34/><D34/><U84/><E133/><V116/><F116/><W80/><G120/><T124/><D124/><U130/><E130/><V126/><F40/><W47/><G47/><T48/><REACH who="0" step="1"/><D90/><REACH who="0" ten="96,216,522,156" step="2"/><U16/><E127/><V4/><F26/><W7/><G7/><T95/><AGARI ba="4,1" hai="48,49,50,54,59,72,79,81,86,88,95,97,100,104" machi="95" ten="20,12000,2" yaku="1,1,2,1,0,1,7,1,24,2,54,1,53,0" doraHai="18" doraHaiUra="11" who="0" fromWho="0" sc="96,142,216,-34,522,-64,156,-34" /><INIT seed="3,0,0,1,3,98" ten="238,182,458,122" oya="3" hai0="10,134,28,45,23,108,109,63,114,27,101,44,126" hai1="32,33,49,52,122,90,26,105,130,13,12,62,14" hai2="20,88,18,81,85,61,120,110,91,9,7,128,58" hai3="100,2,102,57,24,99,83,55,79,76,67,17,118"/><W113/><G2/><T43/><D134/><U89/><E122/><V92/><F120/><W129/><G113/><T64/><D126/><U36/><E36/><V66/><F110/><N who="0" m="42602" /><D10/><U127/><E105/><V3/><F128/><W104/><G118/><T51/><D45/><U38/><E38/><V30/><F30/><W94/><G129/><T72/><D72/><U71/><E130/><V82/><REACH who="2" step="1"/><F91/><REACH who="2" ten="238,182,448,122" step="2"/><W11/><G104/><T35/><D114/><U117/><E90/><V4/><F4/><W22/><G67/><T69/><D35/><U84/><E32/><V111/><F111/><W56/><G56/><T59/><D59/><U37/><E33/><V112/><F112/><W40/><G40/><T42/><D42/><U106/><E89/><V19/><F19/><W131/><G131/><T121/><D121/><U47/><E127/><V50/><F50/><W74/><G76/><T70/><D70/><U34/><E37/><V97/><F97/><W68/><G68/><T6/><D6/><U87/><E117/><V107/><F107/><W78/><G78/><T125/><D125/><U123/><E106/><V119/><F119/><W15/><G102/><AGARI ba="0,1" hai="23,27,28,43,44,51,63,64,69,101,102" m="42602" machi="102" ten="30,3900,0" yaku="14,1,52,2" doraHai="98" who="0" fromWho="3" sc="238,49,182,0,448,0,122,-39" /><INIT seed="4,0,0,4,1,51" ten="287,182,448,83" oya="0" hai0="31,7,79,33,78,110,19,25,58,133,57,83,0" hai1="72,49,48,91,120,90,85,74,10,84,60,75,37" hai2="131,40,45,95,21,100,116,126,128,98,102,34,56" hai3="97,108,94,26,11,17,96,89,118,61,2,54,93"/><T15/><D133/><U88/><E37/><V55/><F34/><W105/><G108/><T107/><D107/><U70/><E10/><V64/><F64/><W53/><G118/><T67/><D110/><U121/><E70/><V92/><F116/><W134/><G134/><T28/><D28/><U12/><E60/><V115/><F115/><W23/><G105/><T20/><D79/><U81/><E12/><V52/><F126/><W87/><G87/><N who="1" m="33354" /><E48/><V119/><F119/><W109/><G109/><T8/><REACH who="0" step="1"/><D67/><REACH who="0" ten="277,182,448,83" step="2"/><U44/><E81/><V59/><F131/><W117/><G117/><T5/><D5/><U123/><E49/><N who="2" m="26791" /><F128/><W6/><REACH who="3" step="1"/><G61/><REACH who="3" ten="277,182,448,73" step="2"/><T30/><D30/><U32/><E32/><V41/><F41/><W3/><G3/><T122/><D122/><U69/><E44/><V13/><F102/><AGARI ba="0,2" hai="2,6,11,17,23,26,53,54,89,93,94,96,97,102" machi="102" ten="30,7700,0" yaku="1,1,7,1,52,2,53,0" doraHai="51" doraHaiUra="68" who="3" fromWho="2" sc="277,0,182,0,448,-77,73,97" /><INIT seed="5,0,0,4,4,1" ten="277,182,371,170" oya="1" hai0="31,82,95,75,106,38,117,98,25,105,119,60,71" hai1="131,14,21,54,92,37,36,34,84,133,102,115,0" hai2="28,110,63,50,116,47,45,121,90,18,12,6,85" hai3="113,59,41,43,62,44,91,40,66,97,39,20,10"/><U126/><E0/><V13/><F110/><W16/><G113/><T61/><D38/><U2/><E2/><V69/><F116/><W120/><G10/><T123/><D123/><U79/><E34/><V3/><F3/><W132/><G132/><T65/><D60/><U57/><E115/><V49/><F121/><W42/><G120/><T8/><D95/><U130/><E133/><V55/><F28/><W101/><G91/><T30/><D30/><U108/><E108/><V81/><F69/><W76/><G76/><N who="0" m="44319" /><D8/><U103/><E126/><V73/><F73/><W99/><REACH who="3" step="1"/><G101/><REACH who="3" ten="277,182,371,160" step="2"/><N who="0" m="62775" /><D105/><U127/><E103/><V114/><F114/><W94/><G94/><T134/><D134/><U89/><E102/><V26/><F90/><W53/><G53/><T70/><D70/><U56/><E79/><V9/><F55/><W7/><G7/><T107/><D107/><U51/><E127/><V15/><F6/><W29/><G29/><T5/><D5/><U33/><E131/><V32/><F9/><W74/><G74/><T129/><D129/><U58/><E130/><V68/><F68/><W46/><G46/><T19/><D19/><N who="1" m="10487" /><E33/><AGARI ba="0,1" hai="25,31,33,61,65,71,117,119" m="62775,44319" machi="33" ten="30,2000,0" yaku="25,1,23,1" doraHai="1" who="0" fromWho="1" sc="277,30,182,-20,371,0,160,0" /><INIT seed="6,0,0,1,5,62" ten="307,162,371,160" oya="2" hai0="14,122,46,23,13,40,98,111,20,116,84,60,99" hai1="101,108,102,107,43,1,104,81,89,82,17,8,134" hai2="45,129,74,87,22,61,47,36,85,90,56,35,124" hai3="73,118,135,114,96,103,25,69,57,3,51,121,30"/><V97/><F35/><W131/><G57/><T18/><D111/><U41/><E108/><V70/><F70/><W132/><G51/><T49/><D122/><U133/><E8/><V0/><F74/><W86/><G73/><T65/><D116/><U50/><E1/><V64/><F0/><W7/><G121/><T67/><D84/><U113/><E50/><V29/><F124/><W19/><G19/><N who="0" m="10743" /><D60/><U37/><E37/><V48/><F129/><W100/><G118/><T27/><D27/><U78/><E17/><V6/><F6/><W120/><G120/><T94/><D98/><U83/><E78/><V15/><F36/><W112/><G69/><T31/><D31/><U76/><E76/><V55/><F45/><W119/><G86/><T4/><D4/><U72/><E72/><V53/><F97/><W71/><G71/><T110/><D110/><U11/><E11/><V77/><F87/><W125/><G119/><T88/><AGARI ba="0,0" hai="13,18,20,40,46,49,65,67,88,94,99" m="10743" machi="88" ten="30,7900,0" yaku="8,1,52,2,54,1" doraHai="62" who="0" fromWho="0" sc="307,79,162,-20,371,-39,160,-20" /><INIT seed="7,0,0,1,2,135" ten="386,142,332,140" oya="3" hai0="133,92,61,15,87,108,62,130,128,89,88,20,40" hai1="72,131,98,51,63,27,4,19,17,84,69,25,73" hai2="59,121,132,115,11,42,36,13,83,30,101,12,38" hai3="31,94,91,109,90,64,103,8,119,0,125,66,111"/><W81/><G119/><T9/><D108/><N who="3" m="41545" /><G31/><T120/><D120/><U105/><E73/><V70/><F70/><W57/><G103/><T99/><D40/><U53/><E72/><V68/><F68/><W93/><G81/><N who="0" m="49263" /><D20/><U76/><E105/><V110/><F132/><W29/><G29/><T35/><D35/><U134/><E131/><N who="0" m="50217" /><D133/><U5/><E134/><V129/><F30/><W39/><G39/><T97/><D97/><U43/><E43/><V16/><F129/><W45/><G45/><T44/><D44/><U26/><E98/><V60/><F110/><W67/><G57/><T33/><D33/><U126/><E69/><V52/><F121/><W104/><G104/><T79/><D79/><U37/><E37/><V74/><F42/><W50/><G50/><T47/><D47/><N who="1" m="27903" /><E63/><V6/><F101/><W3/><G8/><T118/><D118/><U21/><E21/><V34/><F34/><W85/><G125/><T1/><D1/><U46/><E46/><V10/><REACH who="2" step="1"/><F115/><REACH who="2" ten="386,142,322,140" step="2"/><W24/><G24/><T124/><D124/><U75/><E126/><V65/><F65/><N who="3" m="16643" /><W58/><DORA hai="56" /><G58/><T18/><AGARI ba="0,1" hai="9,15,18,61,62,89,92,99" m="50217,49263" machi="18" ten="30,7900,0" yaku="19,1,52,2,54,1" doraHai="135,56" who="0" fromWho="0" sc="386,89,142,-20,322,-20,140,-39" owari="475,57.5,122,-27.8,302,10.2,101,-39.9" /></mjloggm>