<mjloggm ver="2.3"><GO type="169" lobby="0"/><UN n0="%E7%A7%98%E6%89%93%E7%99%BD%E9%B3%A5%E3%81%AE%E6%B9%96" n1="%68%61%6B%75%30%37" n2="%E3%83%94%E3%83%B3%E3%82%B5%E3%83%AD%E5%BA%97%E5%93%A1" n3="%E3%81%82%E3%81%BE%E3%81%82%E3%82%93" dan="16,17,17,16" rate="2138.60,2194.55,2253.46,2070.41" sx="M,M,M,M"/><TAIKYOKU oya="0"/><INIT seed="0,0,0,4,3,104" ten="250,250,250,250" oya="0" hai0="73,23,46,100,119,34,79,60,19,95,65,123,30" hai1="71,11,68,13,63,29,21,12,129,9,96,32,106" hai2="53,16,134,122,97,39,20,8,70,111,37,61,25" hai3="48,114,125,89,116,78,75,91,31,26,108,76,55"/><T112/><D112/><U135/><E135/><V82/><F122/><W87/><G114/><T127/><D119/><U117/><E117/><V18/><F134/><W98/><G116/><T2/><D123/><U3/><E129/><V77/><F111/><W42/><G108/><T83/><D2/><U69/><E32/><V0/><F97/><W80/><G125/><T62/><D127/><U126/><E126/><V74/><F53/><W56/><G42/><T102/><D46/><U15/><E63/><V124/><F124/><W49/><G49/><T90/><D30/><U109/><E109/><V6/><REACH who="2" step="1"/><F18/><REACH who="2" ten="250,250,240,250" step="2"/><W131/><G131/><T115/><D115/><U17/><E96/><V52/><F52/><W27/><G98/><T101/><D65/><AGARI ba="0,1" hai="0,6,8,16,20,25,37,39,61,65,70,74,77,82" machi="65" ten="40,5200,0" yaku="1,1,52,1,54,1,53,0" doraHai="104" doraHaiUra="85" who="2" fromWho="0" sc="250,-52,250,0,240,62,250,0" /><INIT seed="1,0,0,4,0,82" ten="198,250,302,250" oya="1" hai0="104,69,76,79,19,73,93,64,110,81,88,34,4" hai1="74,65,1,44,23,90,57,135,61,7,123,86,37" hai2="120,113,125,20,70,46,122,9,126,103,129,48,39" hai3="106,131,0,26,107,71,132,60,21,16,99,54,75"/><U58/><E123/><N who="2" m="47147" /><F103/><W92/><G131/><T13/><D104/><U66/><E74/><V50/><F20/><W121/><G132/><T109/><D34/><U41/><E135/><V111/><F9/><W83/><G121/><T114/><D4/><U77/><E77/><V15/><F15/><W38/><G38/><T12/><D114/><U119/><E119/><V102/><F102/><W17/><G0/><T98/><D76/><U33/><E33/><V51/><F129/><W24/><G75/><T52/><D52/><U67/><E23/><V130/><F130/><W78/><G17/><T3/><D3/><U100/><E100/><V115/><F70/><W2/><G2/><T96/><D96/><U5/><E1/><V68/><F68/><W95/><G26/><T53/><D53/><U47/><E47/><V127/><F111/><N who="0" m="42506" /><D19/><U28/><E28/><V134/><F134/><W8/><G107/><T22/><D22/><U36/><E36/><V124/><N who="2" m="31744" /><DORA hai="105" /><V101/><F101/><W89/><G106/><T29/><D29/><U108/><E108/><V18/><F18/><W59/><G8/><T116/><D116/><U128/><E128/><V118/><F118/><W43/><G78/><T31/><D31/><U62/><REACH who="1" step="1"/><E67/><REACH who="1" ten="198,240,302,250" step="2"/><V94/><F94/><AGARI ba="0,1" hai="5,7,37,41,44,57,58,61,62,65,66,86,90,94" machi="94" ten="30,18000,2" yaku="1,1,2,1,7,1,9,1,52,1,53,2" doraHai="82,105" doraHaiUra="55,6" who="1" fromWho="2" sc="198,0,240,190,302,-180,250,0" /><INIT seed="1,1,0,4,5,61" ten="198,430,122,250" oya="1" hai0="105,72,42,2,92,33,117,8,122,129,87,124,45" hai1="97,80,60,19,10,83,54,111,56,77,114,75,66" hai2="0,128,55,116,3,125,103,79,108,12,96,82,68" hai3="109,59,53,62,104,57,35,126,50,112,24,48,22"/><U27/><E114/><V119/><F108/><W9/><G112/><T20/><D105/><U85/><E111/><V113/><F113/><W49/><G109/><T44/><D33/><U69/><E97/><V31/><F128/><W47/><G104/><T74/><D117/><U40/><E40/><V135/><F135/><W28/><G126/><T4/><D129/><U93/><E93/><V17/><F125/><W130/><G130/><T11/><D124/><U23/><E10/><V133/><F31/><W41/><G35/><T58/><D45/><U76/><REACH who="1" step="1"/><E69/><REACH who="1" ten="198,420,122,250" step="2"/><V36/><F68/><W70/><G70/><T99/><D11/><U115/><E115/><V26/><F96/><W101/><G9/><T5/><D92/><U43/><E43/><V15/><F119/><W63/><REACH who="3" step="1"/><G101/><REACH who="3" ten="198,420,122,240" step="2"/><T120/><D8/><U102/><E102/><V131/><F103/><W46/><G46/><T29/><D44/><U21/><E21/><V127/><F116/><W100/><G100/><T14/><D20/><U37/><E37/><V39/><F39/><W134/><G134/><T91/><D5/><U110/><E110/><V13/><F36/><W30/><G30/><T71/><D4/><U25/><E25/><V86/><F133/><W94/><G94/><T121/><D29/><U98/><E98/><V84/><F131/><W88/><G88/><T6/><D91/><U1/><E1/><V95/><F127/><W7/><G7/><T65/><D99/><U51/><E51/><V52/><F3/><W81/><G81/><T123/><D2/><U132/><E132/><V16/><F0/><RYUUKYOKU ba="1,2" sc="198,-15,420,15,122,-15,240,15" hai1="19,23,27,54,56,60,66,75,76,77,80,83,85" hai3="22,24,28,41,47,48,49,50,53,57,59,62,63" /><INIT seed="1,2,2,0,0,47" ten="183,435,107,255" oya="1" hai0="12,2,100,88,110,61,38,82,26,44,113,45,102" hai1="11,94,19,50,52,114,90,23,17,125,95,118,116" hai2="49,59,32,4,9,93,87,42,37,25,79,129,24" hai3="51,1,92,85,36,111,101,81,97,130,123,108,119"/><U133/><E114/><V98/><F129/><W29/><G36/><T75/><D2/><U5/><E133/><V43/><F37/><W128/><G1/><T86/><D113/><U131/><E131/><N who="3" m="50218" /><G29/><T89/><D110/><N who="3" m="42025" /><G51/><T14/><D75/><U127/><E116/><V20/><F32/><W74/><G119/><T70/><D26/><U115/><E115/><V54/><F87/><W31/><G31/><T124/><D124/><N who="1" m="47691" /><E118/><V56/><F79/><N who="3" m="46271" /><G123/><T8/><D38/><U99/><E23/><V48/><F59/><W69/><G69/><T53/><D70/><U109/><E109/><V134/><F134/><W77/><G77/><T35/><D35/><U73/><E73/><AGARI ba="2,2" hai="73,74,92,97,101" m="46271,42025,50218" machi="73" ten="30,7700,0" yaku="19,1,14,1,34,2" doraHai="47" who="3" fromWho="1" sc="183,0,435,-83,107,0,255,103" /><INIT seed="2,0,0,0,4,54" ten="183,352,107,358" oya="2" hai0="0,96,80,128,9,125,34,10,48,130,4,17,3" hai1="71,8,122,58,86,50,117,94,42,81,44,109,95" hai2="132,16,51,120,105,91,107,64,55,111,31,19,28" hai3="82,72,88,131,41,118,15,106,30,46,127,65,27"/><V114/><F114/><W21/><G118/><T57/><D125/><U84/><E71/><V66/><F120/><W7/><G106/><T92/><D34/><U69/><E69/><V5/><F5/><W61/><G127/><T53/><D80/><U112/><E112/><V38/><F38/><W70/><G131/><T33/><D33/><U124/><E124/><V74/><F74/><W89/><G7/><T113/><D113/><U87/><E117/><V39/><F39/><W29/><G29/><N who="2" m="11337" /><F107/><W90/><G15/><T1/><D17/><N who="2" m="6730" /><F105/><W134/><G134/><T35/><D35/><U67/><E122/><V49/><F132/><W23/><G23/><T133/><D133/><U99/><E109/><V25/><F111/><W14/><G14/><T135/><D135/><U24/><E8/><V20/><F91/><W2/><G2/><T121/><D121/><U60/><E24/><V18/><F51/><W129/><G129/><N who="0" m="49771" /><D4/><U75/><E75/><V100/><F100/><AGARI ba="0,0" hai="0,1,3,9,10,48,53,57,92,96,100" m="49771" machi="100" ten="40,2600,0" yaku="19,1,52,1" doraHai="54" who="0" fromWho="2" sc="183,26,352,0,107,-26,358,0" /><INIT seed="3,0,0,4,4,6" ten="209,352,81,358" oya="3" hai0="66,39,53,107,93,15,70,103,76,5,25,63,17" hai1="26,94,50,87,118,127,43,83,104,67,42,95,51" hai2="120,124,35,33,111,135,131,80,128,82,18,22,105" hai3="4,96,3,91,133,1,125,68,16,37,102,79,46"/><W52/><G68/><T44/><D107/><U121/><E104/><V24/><F105/><W134/><G79/><T115/><D115/><U30/><E121/><V116/><F82/><W109/><G91/><T132/><D132/><N who="3" m="50793" /><G125/><T59/><D76/><U19/><E67/><V31/><F80/><W126/><G126/><T110/><D110/><U106/><E106/><V86/><F86/><W108/><G96/><T74/><D74/><U78/><E118/><V13/><F135/><W61/><G102/><T8/><D25/><U0/><E0/><N who="3" m="74" /><G4/><T55/><D5/><U114/><E127/><V69/><F69/><W112/><G112/><T75/><D75/><U21/><E114/><V20/><F124/><W60/><G16/><T56/><D103/><U14/><E95/><V64/><F64/><W45/><G37/><T65/><D93/><U28/><E94/><V77/><F77/><W84/><G84/><T27/><D27/><U73/><E73/><V34/><F116/><W101/><G101/><T100/><D100/><U62/><E26/><V47/><F47/><N who="3" m="17931" /><G52/><T89/><D89/><U88/><E78/><V38/><F38/><W85/><G85/><T117/><D117/><U58/><E50/><V122/><REACH who="2" step="1"/><F111/><AGARI ba="0,0" hai="60,61,108,109,111" m="17931,74,50793" machi="111" ten="40,12000,1" yaku="28,2,14,1,10,1,20,1" doraHai="6" who="3" fromWho="2" sc="209,0,352,0,81,-120,358,120" owari="209,-19.1,352,15.2,-39,-53.9,478,57.8" /></mjloggm>