<mjloggm ver="2.3"><GO type="169" lobby="0"/><UN n0="%74%2E%6F%2E%6F%2E%73" n1="%73%61%69%63%68%61%6E%7A" n2="%E7%9C%9F%E9%BE%8D%E5%85%84%E8%B2%B4" n3="%E6%97%A5%E9%99%B0%E3%81%95%E3%82%93" dan="17,17,16,17" rate="2121.02,2139.84,2021.79,2209.80" sx="M,M,M,F"/><TAIKYOKU oya="0"/><INIT seed="0,0,0,5,4,90" ten="250,250,250,250" oya="0" hai0="131,78,38,61,91,48,116,120,37,32,52,103,101" hai1="56,86,126,51,110,29,73,1,72,27,54,64,102" hai2="107,19,21,132,89,62,36,104,130,125,121,127,81" hai3="28,112,67,53,4,7,114,20,128,118,10,46,2"/><T68/><D116/><U39/><E110/><V109/><F121/><W87/><G118/><T60/><D120/><U31/><E126/><V96/><F36/><W63/><G128/><T13/><D32/><U108/><E108/><V75/><F109/><W117/><G117/><T74/><D131/><U12/><E1/><V9/><F130/><W50/><G7/><T122/><D122/><U8/><E39/><V135/><F9/><W25/><REACH who="3" step="1"/><G87/><REACH who="3" ten="250,250,250,240" step="2"/><T84/><D84/><U14/><E86/><V115/><F125/><W98/><G98/><T111/><D111/><U71/><E73/><V18/><F75/><W5/><G5/><T24/><D74/><U79/><E72/><V69/><F127/><W82/><G82/><T100/><D100/><U30/><E102/><V58/><F81/><W26/><G26/><T106/><D103/><U97/><E97/><V42/><F96/><W94/><G94/><T41/><D101/><U76/><E27/><V6/><F6/><W35/><G35/><T66/><D24/><U65/><E12/><V34/><F34/><W40/><G40/><T57/><D41/><U16/><REACH who="1" step="1"/><E71/><AGARI ba="0,1" hai="2,4,10,20,25,28,46,50,53,63,67,71,112,114" machi="71" ten="30,2000,0" yaku="1,1,7,1,53,0" doraHai="90" doraHaiUra="133" who="3" fromWho="1" sc="250,0,250,-20,250,0,240,30" /><INIT seed="1,0,0,3,0,42" ten="250,230,250,270" oya="1" hai0="19,37,131,45,80,21,120,23,13,122,55,65,20" hai1="125,94,84,5,26,63,17,41,32,116,100,121,77" hai2="110,82,118,86,119,28,36,71,27,126,72,16,51" hai3="106,59,33,61,99,128,95,56,98,105,83,113,18"/><U31/><E116/><V70/><F36/><W111/><G113/><T60/><D131/><U129/><E121/><N who="0" m="46697" /><D80/><U9/><E9/><V15/><F72/><W34/><G111/><T3/><D3/><U134/><E134/><V24/><BYE who="1" /><F110/><W49/><G128/><T35/><D35/><U4/><E4/><V124/><F70/><UN n1="%73%61%69%63%68%61%6E%7A" /><W112/><G112/><T68/><D55/><U11/><E125/><N who="2" m="48235" /><F71/><W81/><G49/><T1/><D1/><U130/><E17/><V30/><F51/><W40/><G40/><AGARI ba="0,0" hai="13,19,20,21,23,37,40,45,60,65,68" m="46697" machi="40" ten="30,2000,0" yaku="13,1,52,1" doraHai="42" who="0" fromWho="3" sc="250,20,230,0,250,0,270,-20" /><INIT seed="2,0,0,2,2,0" ten="270,230,250,250" oya="2" hai0="85,101,70,128,120,54,127,123,97,115,16,31,45" hai1="82,133,49,41,52,25,66,6,94,86,80,103,61" hai2="98,134,130,64,17,122,4,13,110,59,116,36,44" hai3="63,19,71,30,37,73,32,78,55,112,56,53,62"/><V92/><F116/><W100/><G37/><T102/><D115/><U113/><E113/><V14/><F122/><W111/><G112/><T39/><D128/><U81/><E133/><V20/><F134/><W5/><G111/><T95/><D127/><U107/><E107/><V11/><F130/><W35/><G100/><T119/><D119/><U43/><E25/><V9/><F110/><W91/><G19/><T47/><D70/><U2/><E2/><V118/><F118/><W8/><G91/><T1/><D1/><U131/><E131/><V117/><F117/><W90/><G90/><T38/><D31/><U89/><E103/><V68/><F68/><W129/><G30/><T121/><D85/><U79/><E79/><V132/><F132/><W83/><G129/><T104/><D104/><U106/><E106/><V67/><F59/><W18/><G18/><T34/><D34/><U12/><E61/><V96/><F96/><W10/><G10/><T135/><D135/><U125/><E66/><V58/><F58/><W105/><G105/><T51/><D102/><U77/><E77/><V21/><F44/><W40/><G40/><T69/><D69/><U50/><E50/><V72/><F72/><W65/><REACH who="3" step="1"/><G55/><REACH who="3" ten="270,230,250,240" step="2"/><T93/><D16/><U60/><E43/><V15/><F36/><W114/><G114/><T87/><D38/><U124/><E41/><V29/><F29/><W74/><G74/><T76/><D39/><U126/><E124/><V109/><F109/><W46/><G46/><N who="0" m="28023" /><D76/><U57/><E49/><V33/><F17/><W22/><G22/><T42/><D42/><RYUUKYOKU ba="0,1" sc="270,10,230,10,250,-30,240,10" hai0="45,47,87,93,95,97,101,120,121,123" hai1="6,12,52,57,60,80,81,82,86,89,94,125,126" hai3="5,8,32,35,53,56,62,63,65,71,73,78,83" /><INIT seed="3,1,1,2,0,83" ten="280,240,220,250" oya="3" hai0="78,15,74,79,17,107,41,134,14,101,28,68,54" hai1="116,49,76,117,20,51,59,122,129,50,27,58,94" hai2="4,100,67,63,56,80,108,19,8,127,61,69,103" hai3="72,6,113,31,126,18,5,92,62,37,128,131,9"/><W96/><G113/><T2/><D2/><U109/><E122/><V48/><F108/><W42/><G72/><T24/><D68/><U77/><E109/><V119/><F119/><N who="1" m="45641" /><E94/><V36/><F36/><W52/><G126/><T112/><D107/><U135/><E129/><N who="3" m="49738" /><G31/><T130/><D101/><U26/><E135/><V89/><F48/><W133/><G133/><T53/><D134/><U57/><E20/><V3/><F19/><W97/><G42/><T16/><D130/><U39/><E39/><V85/><REACH who="2" step="1"/><F127/><REACH who="2" ten="280,240,210,250" step="2"/><W84/><G37/><T7/><D17/><U44/><E44/><V65/><AGARI ba="1,2" hai="3,4,8,56,61,63,65,67,69,80,85,89,100,103" machi="65" ten="20,8000,1" yaku="1,1,2,1,0,1,7,1,52,1,53,0" doraHai="83" doraHaiUra="120" who="2" fromWho="2" sc="280,-21,240,-21,210,103,250,-41" /><INIT seed="4,0,0,0,5,129" ten="259,219,313,209" oya="0" hai0="101,110,43,85,39,54,62,91,88,69,86,97,121" hai1="24,35,98,3,135,42,56,46,50,25,134,0,126" hai2="6,22,10,34,83,114,84,120,45,67,5,55,44" hai3="81,28,128,19,95,26,60,131,32,58,113,127,18"/><T78/><D121/><U125/><E98/><V112/><F34/><W8/><G113/><N who="2" m="43625" /><F120/><W122/><G122/><T119/><D119/><U9/><E56/><V133/><F67/><W15/><G127/><N who="1" m="48650" /><E9/><V13/><F6/><W20/><G81/><T102/><D110/><U63/><E63/><V65/><F65/><W118/><G95/><T27/><D78/><U12/><E12/><V53/><F22/><W16/><G118/><T70/><D27/><N who="1" m="10315" /><E35/><V82/><F82/><W36/><G36/><T115/><D115/><U132/><AGARI ba="0,0" hai="0,3,42,46,50,132,134,135" m="10315,48650" machi="132" ten="40,8000,1" yaku="20,1,18,1,52,3" doraHai="129" who="1" fromWho="1" sc="259,-40,219,80,313,-20,209,-20" /><INIT seed="5,0,0,3,2,111" ten="219,299,293,189" oya="1" hai0="118,64,89,24,80,57,11,92,130,125,53,52,39" hai1="2,112,18,85,51,108,44,70,55,94,127,97,28" hai2="4,19,38,63,134,133,93,62,22,30,27,41,103" hai3="75,13,120,74,67,47,40,88,21,78,68,119,131"/><U31/><E108/><V81/><F4/><W102/><G120/><T16/><D39/><U77/><E127/><V43/><F81/><W0/><G0/><T135/><D118/><U50/><E70/><V129/><F129/><W32/><G32/><T69/><D69/><U54/><E2/><V61/><F38/><W107/><G131/><T5/><D130/><U87/><E18/><V3/><F3/><W15/><G119/><T46/><D80/><N who="1" m="47247" /><E87/><V82/><F82/><W1/><G1/><T17/><D135/><N who="2" m="51722" /><F19/><N who="0" m="7242" /><D24/><U60/><E60/><V59/><F59/><W6/><G78/><T124/><D46/><N who="1" m="27991" /><E112/><V65/><F65/><W49/><G67/><T96/><D125/><U95/><E95/><V90/><F103/><AGARI ba="0,0" hai="28,31,44,51,55,94,97,103" m="27991,47247" machi="103" ten="30,1500,0" yaku="8,1" doraHai="111" who="1" fromWho="2" sc="219,0,299,15,293,-15,189,0" /><INIT seed="5,1,0,5,5,115" ten="219,314,278,189" oya="1" hai0="112,23,73,111,68,80,61,49,0,6,50,52,96" hai1="19,39,74,127,113,29,10,71,102,51,125,12,95" hai2="101,56,33,32,76,46,17,58,25,70,5,120,132" hai3="67,28,105,15,20,88,62,55,124,107,14,53,7"/><U4/><E39/><V116/><F70/><W42/><G124/><N who="1" m="47690" /><E74/><V122/><F5/><W59/><G42/><T2/><D111/><U85/><E71/><V11/><F76/><W106/><G7/><T87/><D112/><U93/><E113/><V30/><F33/><W21/><G28/><T82/><D96/><U89/><E29/><V133/><F101/><W37/><G37/><T77/><D23/><N who="1" m="11751" /><E51/><V64/><F46/><W99/><G20/><T18/><D18/><U128/><E128/><V110/><F110/><W134/><G134/><T45/><D6/><U16/><E16/><V31/><F31/><W131/><G131/><T35/><D35/><U117/><E117/><V119/><F17/><W44/><G21/><T104/><D104/><U100/><E95/><V121/><F11/><W43/><G43/><T90/><REACH who="0" step="1"/><D49/><REACH who="0" ten="209,314,278,189" step="2"/><U114/><E114/><V91/><F32/><W60/><G106/><T54/><D54/><U13/><AGARI ba="1,1" hai="4,10,13,85,89,93,100,102" m="11751,47690" machi="13" ten="30,1500,0" yaku="18,1" doraHai="115" who="1" fromWho="1" sc="209,-6,314,28,278,-6,189,-6" /><INIT seed="5,2,0,3,4,70" ten="203,342,272,183" oya="1" hai0="105,15,81,43,41,113,46,27,67,107,128,12,59" hai1="26,123,86,44,130,66,89,10,135,111,42,90,117" hai2="53,38,92,72,98,8,74,9,131,119,22,124,85" hai3="115,112,134,30,4,52,34,48,55,80,64,2,39"/><U13/><E117/><V50/><F119/><W106/><G106/><T69/><D69/><U11/><E123/><V99/><F131/><W77/><G134/><T24/><D81/><U133/><E130/><V96/><F124/><W14/><G2/><T78/><D128/><U127/><E127/><V100/><F72/><W56/><G64/><T125/><D125/><U93/><E66/><V102/><F74/><W121/><G121/><T17/><D67/><U84/><E26/><V5/><F38/><W87/><G39/><T110/><D59/><U23/><E23/><V79/><F22/><W60/><G30/><T51/><D78/><U88/><E111/><V108/><F108/><W95/><G95/><T61/><D61/><U76/><E76/><V114/><F114/><W31/><G31/><T75/><D75/><U68/><E68/><V54/><F54/><W19/><G4/><T45/><D110/><U25/><E25/><V1/><F9/><N who="1" m="3081" /><E13/><V0/><F0/><W94/><G94/><T18/><REACH who="0" step="1"/><D51/><REACH who="0" ten="193,342,272,183" step="2"/><N who="1" m="27031" /><E84/><V62/><F62/><W35/><G115/><AGARI ba="2,1" hai="12,15,17,18,24,27,41,43,45,46,105,107,113,115" machi="115" ten="25,3200,0" yaku="1,1,22,2,53,0" doraHai="70" doraHaiUra="129" who="0" fromWho="3" sc="193,48,342,0,272,0,183,-38" /><INIT seed="6,0,0,1,0,130" ten="241,342,272,145" oya="2" hai0="58,62,54,74,50,75,104,12,23,77,132,119,65" hai1="105,51,114,49,133,14,100,111,92,40,20,47,25" hai2="76,71,56,46,34,19,96,85,87,45,57,29,110" hai3="61,43,63,82,11,131,9,118,42,112,36,10,27"/><V93/><F71/><W31/><G118/><T101/><D119/><U35/><E105/><V53/><F110/><W122/><G122/><T28/><D77/><U97/><E111/><V98/><F34/><W33/><G131/><T102/><D104/><U99/><E114/><V13/><F29/><W94/><G82/><T30/><D74/><U6/><E97/><V38/><F96/><W135/><G94/><T134/><D75/><U86/><E86/><N who="2" m="32779" /><F38/><W24/><G112/><T5/><D5/><U4/><E35/><V68/><F68/><W44/><G42/><T120/><D120/><U107/><E107/><V55/><F57/><W17/><G27/><N who="0" m="16511" /><D12/><U21/><E21/><N who="2" m="11503" /><F55/><W90/><G90/><T72/><D30/><U124/><E14/><V39/><F39/><W78/><G78/><T123/><D72/><U52/><E6/><V116/><F76/><W22/><G33/><T48/><D123/><U79/><E4/><V69/><F69/><W95/><G95/><T108/><D108/><U3/><E3/><V115/><F116/><W83/><G83/><T128/><D128/><U0/><E0/><V106/><F115/><W37/><G37/><T59/><D48/><U73/><E79/><V60/><F106/><W113/><G113/><T7/><D7/><U64/><E73/><V117/><F117/><W84/><G84/><T16/><D16/><U127/><E25/><V88/><AGARI ba="0,0" hai="45,46,53,56,60,88,93,98" m="11503,32779" machi="88" ten="30,3000,0" yaku="8,1,54,1" doraHai="130" who="2" fromWho="2" sc="241,-10,342,-10,272,30,145,-10" /><INIT seed="6,1,0,0,1,116" ten="231,332,302,135" oya="2" hai0="11,96,25,105,47,57,53,46,49,76,58,34,31" hai1="23,9,72,130,109,128,43,51,22,126,50,79,123" hai2="110,81,38,78,37,1,35,52,13,63,85,94,62" hai3="114,55,33,39,95,10,135,3,65,18,89,44,71"/><V61/><F1/><W119/><G119/><T102/><D76/><U27/><E109/><V4/><F35/><W64/><G33/><T2/><REACH who="0" step="1"/><D46/><REACH who="0" ten="221,332,302,135" step="2"/><N who="1" m="25951" /><E79/><V29/><F110/><W60/><G135/><T73/><D73/><U124/><E72/><V56/><F29/><W17/><G114/><T30/><D30/><U101/><E130/><V117/><F117/><W24/><G65/><T7/><AGARI ba="1,1" hai="2,7,11,25,31,34,47,49,53,57,58,96,102,105" machi="7" ten="30,4000,0" yaku="1,1,0,1,53,1" doraHai="116" doraHaiUra="93" who="0" fromWho="0" sc="221,53,332,-11,302,-21,135,-11" /><INIT seed="7,0,0,2,5,16" ten="274,321,281,124" oya="3" hai0="112,115,121,109,104,10,33,88,84,73,125,35,103" hai1="127,44,101,49,34,57,7,76,132,83,15,27,60" hai2="68,22,50,4,14,97,92,2,11,86,96,78,102" hai3="70,63,65,42,28,128,51,26,66,106,8,94,29"/><W1/><G106/><T133/><D121/><U118/><E127/><V3/><F68/><W114/><G114/><N who="0" m="43563" /><D109/><U12/><E132/><V40/><F96/><W39/><G128/><T24/><D73/><U122/><E122/><V56/><F56/><W81/><G66/><T0/><D125/><U107/><E118/><V120/><F120/><W117/><G117/><T82/><D133/><U6/><E101/><V20/><F3/><W30/><G39/><T9/><D0/><U108/><E108/><V75/><F2/><W80/><G94/><T46/><D46/><U31/><E7/><V98/><F98/><W36/><G36/><T25/><D103/><U116/><E107/><V100/><F75/><W61/><G61/><T55/><D55/><U38/><E6/><V79/><F100/><W123/><G123/><T69/><D69/><U105/><E105/><V13/><F13/><W43/><G26/><N who="0" m="10347" /><D104/><U23/><E34/><AGARI ba="0,0" hai="9,10,33,34,35,82,84,88" m="10347,43563" machi="34" ten="30,3900,0" yaku="15,1,11,1,54,1" doraHai="16" who="0" fromWho="1" sc="274,39,321,-39,281,0,124,0" owari="313,41.3,282,8.2,281,-11.9,124,-37.6" /></mjloggm>