<mjloggm ver="2.3"><GO type="169" lobby="0"/><UN n0="%E4%BA%BA%E5%8F%82%E5%BD%B9%E8%80%85%E3%81%8F%E3%82%93" n1="%E3%81%82%E3%81%BE%E3%81%82%E3%82%93" n2="%52%65%61%6C%58" n3="%4E%55%44%41" dan="17,16,16,17" rate="2158.22,2089.36,2175.21,2154.92" sx="M,M,F,M"/><TAIKYOKU oya="0"/><INIT seed="0,0,0,1,2,43" ten="250,250,250,250" oya="0" hai0="6,74,98,42,48,121,128,131,126,127,95,110,113" hai1="102,92,3,51,99,62,46,58,86,29,11,101,89" hai2="124,70,44,34,83,22,82,69,87,45,80,16,96" hai3="19,55,84,66,67,20,28,50,64,78,41,77,103"/><T114/><D6/><U134/><E134/><V39/><F34/><W5/><G5/><T7/><D7/><U71/><E71/><V135/><F39/><W91/><G41/><T36/><D36/><U10/><E29/><V26/><F135/><W116/><G28/><T30/><D30/><U123/><E123/><V73/><F73/><W81/><G103/><T119/><D121/><U111/><E111/><V79/><F124/><N who="0" m="47658" /><D74/><U93/><E102/><V25/><F96/><W104/><G104/><T65/><D65/><U37/><E3/><V35/><F70/><W8/><G116/><T53/><D42/><N who="1" m="25047" /><E37/><V68/><F68/><W129/><G129/><N who="0" m="49739" /><D119/><U72/><E72/><V31/><F69/><W13/><REACH who="3" step="1"/><G20/><REACH who="3" ten="250,250,250,240" step="2"/><T23/><D23/><U122/><E122/><V100/><F100/><W12/><G12/><T24/><D24/><U112/><E112/><V21/><F35/><W109/><G109/><T97/><D110/><U63/><E101/><V125/><F125/><W76/><G76/><T130/><D130/><U90/><E90/><V85/><F83/><W32/><G32/><T54/><D114/><U9/><E89/><AGARI ba="0,1" hai="16,21,22,25,26,31,44,45,79,80,82,85,87,89" machi="89" ten="30,8000,1" yaku="7,1,8,1,52,2,54,1" doraHai="43" who="2" fromWho="1" sc="250,0,250,-80,250,90,240,0" /><INIT seed="1,0,0,2,0,88" ten="250,170,340,240" oya="1" hai0="97,26,22,77,42,69,129,3,130,120,32,107,35" hai1="6,92,98,118,119,66,102,46,99,51,105,2,134" hai2="56,19,4,64,36,18,80,9,100,1,104,48,72" hai3="49,84,10,74,59,101,28,11,91,82,20,63,95"/><U38/><E38/><V39/><F104/><W47/><G74/><T31/><D69/><U86/><E134/><V73/><F100/><W126/><G126/><T33/><D42/><U54/><E66/><V30/><F30/><W62/><G28/><T115/><D77/><U78/><E2/><V65/><F48/><W43/><G20/><T114/><D107/><U127/><E6/><V16/><F65/><N who="3" m="39135" /><G63/><T8/><D97/><AGARI ba="0,0" hai="10,11,43,47,49,82,84,91,95,97,101" m="39135" machi="97" ten="30,2000,0" yaku="8,1,52,1" doraHai="88" who="3" fromWho="0" sc="250,-20,170,0,340,0,240,20" /><INIT seed="2,0,0,1,5,70" ten="230,170,340,260" oya="2" hai0="39,66,76,3,90,14,62,64,2,73,55,84,133" hai1="116,127,68,38,122,21,47,51,81,17,29,23,13" hai2="0,126,98,111,79,120,117,106,99,83,26,88,124" hai3="119,104,41,103,25,44,89,108,71,80,19,105,131"/><V102/><F0/><W58/><G119/><T52/><D133/><U4/><E116/><V10/><F117/><W56/><G71/><T57/><D39/><U85/><E68/><V18/><F120/><W121/><G121/><T77/><D73/><U11/><E122/><V87/><F10/><W107/><G103/><T5/><D3/><U69/><E69/><V67/><F67/><N who="0" m="25642" /><D2/><U110/><E127/><N who="2" m="48683" /><F18/><W27/><G108/><T36/><D36/><U1/><E110/><V78/><F26/><W86/><G131/><T31/><D31/><U46/><E38/><V132/><F132/><W28/><G19/><T7/><D55/><U63/><E63/><V92/><F111/><W93/><G80/><N who="0" m="49415" /><D14/><U24/><REACH who="1" step="1"/><E51/><REACH who="1" ten="230,160,340,260" step="2"/><V91/><AGARI ba="0,1" hai="78,79,83,87,88,91,92,98,99,102,106" m="48683" machi="91" ten="30,11700,0" yaku="18,1,34,2,54,1" doraHai="70" who="2" fromWho="2" sc="230,-39,160,-39,340,127,260,-39" /><INIT seed="2,1,0,4,2,28" ten="191,121,467,221" oya="2" hai0="65,83,30,99,4,69,7,8,124,35,22,33,71" hai1="91,40,34,56,66,104,5,96,14,76,46,103,95" hai2="70,118,121,116,62,27,84,125,49,94,52,51,89" hai3="25,29,110,75,135,126,107,113,109,105,132,32,98"/><V117/><F121/><W6/><G75/><T2/><D124/><U58/><E76/><V80/><F80/><W20/><G126/><T120/><D120/><U57/><E66/><V114/><F114/><W54/><G54/><T79/><D7/><U0/><E0/><V3/><F3/><W10/><G113/><T106/><D22/><U43/><E34/><V36/><F36/><W53/><G53/><T31/><D31/><U61/><E61/><V97/><F125/><W13/><G98/><T90/><D30/><U17/><E5/><V92/><F27/><N who="3" m="18495" /><G105/><T15/><D15/><U102/><E104/><V78/><F78/><W63/><G63/><N who="0" m="40127" /><D90/><U73/><E73/><V111/><F111/><N who="3" m="42507" /><G107/><T129/><D71/><U24/><E24/><V59/><REACH who="2" step="1"/><F70/><REACH who="2" ten="191,121,457,221" step="2"/><W60/><G60/><T93/><D83/><U9/><REACH who="1" step="1"/><E43/><REACH who="1" ten="191,111,457,221" step="2"/><V119/><F119/><W47/><G47/><T64/><D79/><U131/><E131/><V115/><F115/><W37/><G37/><AGARI ba="1,2" hai="9,14,17,37,40,46,56,57,58,91,95,96,102,103" machi="37" ten="40,2600,0" yaku="1,1,53,1" doraHai="28" doraHaiUra="12" who="1" fromWho="3" sc="191,0,111,49,457,0,221,-29" /><INIT seed="3,0,0,1,0,28" ten="191,160,457,192" oya="3" hai0="84,74,63,76,115,120,18,121,30,26,36,102,118" hai1="128,55,10,15,34,25,113,24,135,106,6,54,9" hai2="48,109,133,60,86,49,104,78,80,47,13,134,112" hai3="23,97,103,53,119,1,12,20,71,99,81,64,82"/><W79/><G1/><T87/><D118/><U100/><E113/><V131/><F112/><W62/><G119/><T19/><D115/><U73/><E73/><V35/><F104/><W39/><G39/><T5/><D36/><U132/><E106/><V105/><F105/><W101/><G53/><T89/><D102/><U123/><E100/><V59/><F131/><W72/><G82/><T22/><D5/><N who="1" m="3503" /><E55/><V17/><F109/><W41/><G41/><T68/><D74/><U129/><E54/><V45/><F35/><W125/><G125/><T7/><D7/><U4/><E4/><V111/><F111/><W0/><G0/><T43/><D43/><U42/><E42/><V90/><F78/><W96/><REACH who="3" step="1"/><G23/><REACH who="3" ten="191,160,457,182" step="2"/><T61/><D22/><U31/><E123/><V107/><F80/><W93/><G93/><T92/><D92/><U110/><E110/><V2/><F107/><W67/><G67/><T29/><D121/><U95/><E95/><V88/><F2/><W33/><G33/><T130/><D120/><U11/><E11/><V122/><F122/><W8/><G8/><T70/><D130/><N who="1" m="50283" /><E25/><V50/><F47/><W46/><G46/><T44/><D44/><U21/><E21/><V52/><F45/><W85/><G85/><T58/><D26/><U14/><AGARI ba="0,1" hai="6,10,14,24,31,34,132,135" m="50283,3503" machi="14" ten="30,7900,0" yaku="19,1,34,2,52,1" doraHai="28" who="1" fromWho="1" sc="191,-20,160,89,457,-20,182,-39" /><INIT seed="4,0,0,5,2,21" ten="171,249,437,143" oya="0" hai0="109,111,85,98,33,17,74,133,41,100,10,26,87" hai1="135,57,50,47,64,84,68,49,16,6,113,91,46" hai2="18,55,97,25,103,37,116,131,93,35,92,29,127" hai3="24,8,38,90,72,28,107,70,40,95,48,11,9"/><T5/><D74/><U39/><E68/><V56/><F37/><W22/><G70/><T59/><D41/><U65/><E6/><V119/><F131/><W123/><G72/><T3/><D59/><U2/><E2/><V126/><F18/><W45/><G107/><T20/><D133/><U81/><E135/><V34/><F34/><W75/><G75/><T129/><D129/><U44/><E39/><V52/><F93/><W1/><G123/><T88/><D33/><U117/><E117/><N who="2" m="45131" /><F55/><W83/><G38/><T99/><D85/><U53/><E113/><V96/><F97/><W102/><G1/><T12/><D3/><U122/><E122/><V130/><F130/><W66/><G66/><N who="1" m="25706" /><E16/><V51/><AGARI ba="0,0" hai="25,29,35,51,52,56,92,96,103,126,127" m="45131" machi="51" ten="30,4000,0" yaku="12,1,52,1,54,1" doraHai="21" who="2" fromWho="2" sc="171,-20,249,-10,437,40,143,-10" /><INIT seed="5,0,0,1,1,49" ten="151,239,477,133" oya="1" hai0="86,17,110,12,115,113,132,38,68,103,11,40,20" hai1="64,39,71,81,89,6,105,70,27,35,37,134,106" hai2="97,90,69,119,66,87,128,133,67,121,125,2,15" hai3="82,34,26,93,120,48,10,45,126,33,14,65,52"/><U76/><E89/><V8/><F119/><W114/><G120/><T74/><D110/><U127/><E6/><V16/><F2/><W96/><G114/><N who="0" m="43531" /><D74/><N who="1" m="43159" /><E127/><V62/><F125/><W100/><G126/><T118/><D118/><U51/><E51/><V80/><F67/><W94/><G65/><T83/><D68/><N who="1" m="26155" /><E134/><V53/><F133/><W30/><G82/><T5/><D103/><U78/><E78/><V42/><F121/><W99/><G34/><T57/><D132/><U123/><E64/><V32/><F42/><W29/><G29/><T55/><D40/><U73/><E73/><V21/><F32/><W19/><REACH who="3" step="1"/><G96/><REACH who="3" ten="151,239,477,123" step="2"/><T122/><D122/><U22/><E123/><V130/><F97/><W92/><AGARI ba="0,1" hai="10,14,19,26,30,33,45,48,52,92,93,94,99,100" machi="92" ten="20,12000,2" yaku="1,1,2,1,0,1,7,1,52,1,54,1,53,0" doraHai="49" doraHaiUra="56" who="3" fromWho="3" sc="151,-30,239,-60,477,-30,123,130" /><INIT seed="6,0,0,4,4,28" ten="121,179,447,253" oya="2" hai0="5,125,78,126,82,6,112,132,79,114,116,33,8" hai1="45,129,23,12,92,98,110,134,7,97,53,93,64" hai2="11,65,61,72,21,58,121,24,31,27,56,46,18" hai3="109,70,84,71,133,75,135,74,42,4,76,60,50"/><V51/><F72/><N who="3" m="27691" /><G109/><T26/><D82/><U83/><E110/><V62/><F121/><W3/><G60/><T32/><D132/><N who="3" m="50761" /><G3/><N who="0" m="63" /><D6/><U128/><E134/><V104/><F104/><W77/><G4/><T119/><D78/><N who="3" m="30313" /><G84/><T96/><D96/><U122/><E7/><V49/><F46/><AGARI ba="0,0" hai="42,46,50,70,71" m="30313,50761,27691" machi="46" ten="40,1300,0" yaku="20,1" doraHai="28" who="3" fromWho="2" sc="121,0,179,0,447,-13,253,13" /><INIT seed="7,0,0,3,3,117" ten="121,179,434,266" oya="3" hai0="85,33,11,98,110,135,124,86,120,123,72,102,50" hai1="70,104,126,74,54,131,51,2,95,132,63,129,37" hai2="56,47,3,108,113,76,114,45,90,87,60,103,36" hai3="28,57,111,69,79,105,106,58,128,91,35,100,133"/><W125/><G91/><T65/><D33/><U31/><E104/><V109/><F3/><W81/><G69/><T22/><D65/><N who="1" m="41279" /><E74/><V32/><F32/><W1/><G1/><T0/><D22/><U61/><E2/><V130/><F76/><W64/><G111/><T96/><D110/><U40/><E31/><V107/><F130/><N who="1" m="49673" /><E95/><V77/><F77/><W119/><G119/><T20/><D20/><U13/><E13/><V21/><F21/><W116/><G116/><T82/><D11/><U75/><E75/><V55/><F36/><W49/><G128/><T26/><D0/><U38/><E126/><V97/><F45/><W66/><G125/><T93/><D26/><U23/><E23/><V25/><F47/><W41/><G28/><T43/><D124/><U122/><E132/><V83/><F25/><W78/><G133/><T59/><D135/><U29/><E29/><V44/><F44/><W62/><G35/><T7/><D72/><U8/><E8/><V52/><F55/><W67/><G81/><T4/><D82/><U68/><E40/><V18/><F18/><W73/><G73/><T134/><D134/><U127/><E127/><V12/><F12/><W80/><G41/><T84/><D43/><U16/><E16/><V48/><F48/><W30/><G30/><T39/><D39/><U101/><E38/><V9/><F9/><W99/><G106/><T115/><D115/><AGARI ba="0,0" hai="52,56,60,83,87,90,97,103,107,108,109,113,114,115" machi="115" ten="40,2600,0" yaku="15,1,54,1" doraHai="117" who="2" fromWho="0" sc="121,-26,179,0,434,26,266,0" owari="95,-40.5,179,-22.1,460,56.0,266,6.6" /></mjloggm>