<mjloggm ver="2.3"><GO type="169" lobby="0"/><UN n0="%E2%97%8E%E3%82%88%E3%81%97%E2%97%8E" n1="%E4%B8%83%E7%94%9F%E5%A4%95" n2="%E6%98%8E%E6%98%9F%E5%B8%82%E6%B0%91" n3="%E5%B0%8F%E5%AE%AE%E7%95%B3%E5%BA%97" dan="17,16,16,16" rate="2177.32,2104.44,2157.19,2103.23" sx="M,M,M,M"/><TAIKYOKU oya="0"/><INIT seed="0,0,0,0,2,34" ten="250,250,250,250" oya="0" hai0="55,31,21,4,121,7,45,57,94,38,111,74,71" hai1="36,126,123,73,95,11,30,52,85,128,110,68,78" hai2="79,91,54,106,43,130,115,112,108,53,46,3,103" hai3="10,70,96,41,6,49,35,24,2,62,88,109,0"/><T114/><D121/><U132/><E123/><V89/><F130/><W23/><G35/><T28/><D74/><U77/><E68/><V98/><F79/><W29/><G109/><T133/><D71/><U69/><E69/><V118/><F108/><W17/><G41/><T1/><D114/><U134/><E36/><V39/><F118/><W56/><G49/><T18/><D111/><U82/><E110/><V120/><F120/><W20/><G70/><T44/><D133/><N who="1" m="51307" /><E30/><N who="0" m="11305" /><D38/><U84/><E11/><V122/><F122/><W19/><G29/><T97/><D1/><U99/><E52/><V124/><F3/><W90/><G2/><T135/><D135/><U80/><E128/><V33/><F33/><W5/><G5/><N who="0" m="2123" /><D55/><U127/><E73/><V60/><F54/><W59/><G96/><T100/><D57/><U65/><E65/><V67/><F53/><W101/><G101/><AGARI ba="0,0" hai="77,78,80,82,84,85,95,99,101,126,127" m="51307" machi="101" ten="30,3900,0" yaku="20,1,34,2" doraHai="34" who="1" fromWho="3" sc="250,0,250,39,250,0,250,-39" /><INIT seed="1,0,0,4,4,110" ten="250,289,250,211" oya="1" hai0="5,32,24,101,52,126,58,91,49,128,2,114,90" hai1="46,94,134,68,27,73,72,104,40,33,113,102,75" hai2="124,74,8,35,106,26,69,125,59,16,86,55,57" hai3="98,84,21,19,76,9,107,60,93,65,12,67,54"/><U18/><E134/><V133/><F74/><W0/><G107/><T41/><D126/><N who="2" m="48746" /><F69/><W95/><G0/><T20/><D32/><U132/><E132/><V92/><F106/><W111/><G111/><T97/><D128/><U85/><E68/><V115/><F133/><W51/><G9/><T88/><D114/><U4/><E4/><V121/><F115/><W118/><G118/><T108/><D108/><U122/><E122/><V29/><F121/><W56/><G60/><T6/><D41/><U61/><E104/><V11/><F59/><W96/><G96/><T15/><D15/><U43/><E61/><V17/><F86/><W45/><G45/><T109/><D2/><U120/><E120/><V36/><F92/><W105/><G105/><T13/><D13/><U70/><E70/><V38/><F8/><W80/><REACH who="3" step="1"/><G93/><REACH who="3" ten="250,289,250,201" step="2"/><N who="0" m="58543" /><D109/><U83/><E94/><V10/><F10/><W116/><G116/><T63/><D63/><U81/><E46/><V117/><F11/><W77/><G77/><T3/><D3/><U123/><E123/><V1/><F1/><W66/><G66/><T99/><D99/><U53/><E83/><V71/><F117/><W127/><G127/><T37/><D37/><N who="2" m="14442" /><F71/><W42/><G42/><T23/><D5/><U64/><E43/><V7/><F7/><W131/><G131/><T39/><D6/><U79/><E40/><V119/><F119/><W89/><AGARI ba="0,1" hai="12,19,21,51,54,56,65,67,76,80,84,89,95,98" machi="89" ten="20,5200,0" yaku="1,1,0,1,7,1,8,1,53,0" doraHai="110" doraHaiUra="130" who="3" fromWho="3" sc="250,-13,289,-26,250,-13,201,62" /><INIT seed="2,0,0,5,4,80" ten="237,263,237,263" oya="2" hai0="135,129,13,8,3,21,107,75,35,19,117,77,73" hai1="28,62,41,16,118,95,105,1,56,59,2,115,25" hai2="121,58,11,90,67,110,27,100,116,81,20,60,130" hai3="23,97,72,61,70,126,134,71,111,46,123,33,34"/><V128/><F116/><W66/><G23/><T124/><D117/><U32/><E105/><V93/><F121/><W6/><G6/><T31/><D107/><U120/><E118/><V9/><F110/><W53/><G97/><T132/><D77/><U104/><E104/><V119/><F119/><W94/><G94/><T83/><D83/><U18/><E115/><V55/><F81/><W86/><G72/><T103/><D103/><U4/><E41/><V49/><F100/><W47/><G123/><T76/><D76/><U15/><E59/><V114/><F114/><W74/><G74/><T57/><D57/><U44/><E44/><V64/><F130/><W38/><G111/><T87/><D129/><U108/><E108/><V40/><F40/><W69/><G134/><N who="0" m="51243" /><D87/><U109/><E120/><V92/><F92/><W14/><G86/><T122/><D122/><U26/><E95/><V102/><F102/><W133/><G133/><T29/><D29/><U113/><E109/><V91/><F91/><W99/><G99/><T65/><D65/><U88/><E113/><V22/><F67/><W12/><G126/><T52/><D75/><U63/><E88/><V5/><F128/><W85/><G85/><T10/><D73/><U98/><E98/><N who="2" m="57655" /><F27/><W36/><G53/><T43/><D124/><U125/><E125/><V89/><F89/><W42/><G71/><T84/><D52/><N who="1" m="34055" /><E26/><V82/><F82/><W79/><G79/><T131/><D131/><U127/><E127/><V0/><F9/><W39/><G70/><T48/><D8/><N who="1" m="4487" /><E63/><V50/><F64/><W101/><G69/><RYUUKYOKU ba="0,0" sc="237,-15,263,15,237,15,263,-15" hai1="1,2,16,18,25,28,32" hai2="0,5,11,20,22,49,50,55,58,60" /><INIT seed="2,1,0,3,1,2" ten="222,278,252,248" oya="2" hai0="3,78,75,46,27,112,117,126,58,44,131,18,91" hai1="39,95,52,24,65,61,53,94,31,114,60,124,57" hai2="99,74,89,5,102,106,47,109,7,92,82,37,83" hai3="70,119,85,77,12,87,79,43,90,14,88,76,123"/><V134/><F134/><W71/><G43/><T28/><D112/><U56/><E114/><V66/><F66/><W8/><G8/><T122/><D122/><U69/><E39/><V116/><F116/><W118/><REACH who="3" step="1"/><G79/><REACH who="3" ten="222,278,252,238" step="2"/><T103/><D78/><U35/><REACH who="1" step="1"/><E124/><REACH who="1" ten="222,268,252,238" step="2"/><V26/><F109/><W0/><G0/><T59/><D3/><U81/><E81/><V93/><F82/><W111/><G111/><T108/><D108/><U84/><E84/><V110/><F110/><W125/><G125/><T62/><D126/><U128/><E128/><V15/><F83/><W20/><G20/><T42/><D131/><U54/><E54/><V80/><F80/><W1/><G1/><T16/><D117/><U30/><E30/><V36/><F74/><W49/><G49/><AGARI ba="1,2" hai="24,31,35,49,52,53,56,57,60,61,65,69,94,95" machi="49" ten="30,3900,0" yaku="1,1,7,1,54,1,53,0" doraHai="2" doraHaiUra="129" who="1" fromWho="3" sc="222,0,268,62,252,0,238,-42" /><INIT seed="3,0,0,1,1,132" ten="222,330,252,196" oya="3" hai0="102,52,2,127,119,106,50,55,68,21,76,47,34" hai1="130,125,37,104,72,71,42,92,135,117,65,115,80" hai2="53,7,41,114,38,99,59,25,56,29,79,133,45" hai3="58,22,60,51,40,43,131,121,94,1,12,39,4"/><W30/><G121/><T0/><D119/><U118/><RYUUKYOKU type="yao9" ba="0,0" sc="222,0,330,0,252,0,196,0" hai1="37,42,65,71,72,80,92,104,115,117,118,125,130,135" /><INIT seed="3,1,0,2,2,99" ten="222,330,252,196" oya="3" hai0="11,57,22,3,116,60,12,77,27,9,122,28,97" hai1="113,89,48,111,94,128,95,121,101,42,131,115,49" hai2="1,53,103,46,34,71,87,56,66,64,16,35,15" hai3="23,54,129,50,7,74,98,70,2,18,135,51,102"/><W117/><G117/><T118/><D122/><U68/><E68/><V52/><F1/><W6/><G74/><T63/><D77/><U8/><E8/><V55/><F71/><W130/><G70/><T5/><D60/><U4/><E4/><V82/><F103/><W114/><G114/><T41/><D41/><U76/><E42/><V69/><F69/><W104/><G135/><T0/><D97/><N who="1" m="59575" /><E121/><V105/><F105/><W109/><G51/><N who="1" m="19530" /><E76/><N who="2" m="46535" /><F34/><W126/><G126/><T36/><D36/><U84/><E111/><V92/><F92/><W108/><G7/><T65/><REACH who="0" step="1"/><D3/><REACH who="0" ten="212,330,252,196" step="2"/><U39/><E39/><V26/><F46/><N who="3" m="27991" /><G2/><T31/><D31/><U112/><E112/><V33/><F33/><W125/><G125/><T81/><D81/><U127/><E127/><V133/><F35/><W72/><G72/><T58/><D58/><U67/><E115/><V132/><F56/><W40/><G40/><T106/><D106/><U61/><E113/><V100/><F133/><W107/><G107/><T45/><D45/><U62/><E67/><V30/><F132/><W96/><G96/><T14/><D14/><U110/><E110/><N who="3" m="42602" /><G6/><AGARI ba="1,1" hai="0,5,6,9,11,12,22,27,28,57,63,65,116,118" machi="6" ten="30,2000,0" yaku="1,1,7,1,53,0" doraHai="99" doraHaiUra="29" who="0" fromWho="3" sc="212,33,330,0,252,0,196,-23" /><INIT seed="4,0,0,0,2,100" ten="245,330,252,173" oya="0" hai0="123,38,61,118,33,62,83,92,15,24,102,128,95" hai1="127,47,65,135,117,85,107,11,22,32,124,77,56" hai2="104,1,2,126,36,90,42,49,34,59,111,70,116" hai3="66,96,23,78,43,40,25,51,44,7,75,19,64"/><T101/><D123/><U69/><E32/><V8/><F111/><W37/><G7/><T86/><D118/><U103/><E69/><V99/><F126/><W41/><G75/><T45/><D128/><U130/><E117/><V133/><F133/><W93/><G78/><T73/><D73/><U98/><E135/><V94/><F70/><W12/><G37/><T30/><D15/><U48/><E130/><V84/><F34/><W17/><G64/><T55/><D102/><U16/><E11/><V0/><F36/><W39/><G66/><T105/><D62/><U14/><E56/><V57/><F116/><W110/><G39/><T132/><D132/><U80/><REACH who="1" step="1"/><E65/><REACH who="1" ten="245,320,252,173" step="2"/><V112/><F59/><W67/><G67/><T114/><D33/><U121/><E121/><V88/><F8/><W109/><G109/><T106/><D61/><U72/><E72/><V81/><F112/><W68/><G68/><T131/><D114/><U87/><E87/><V6/><F57/><W35/><G35/><T129/><D86/><U13/><E13/><V10/><F104/><W29/><G110/><T3/><D106/><U120/><E120/><V119/><F119/><W18/><REACH who="3" step="1"/><G12/><REACH who="3" ten="245,320,252,163" step="2"/><T53/><D129/><U9/><E9/><V58/><F10/><W46/><G46/><T97/><D131/><U89/><E89/><AGARI ba="0,2" hai="17,18,19,23,25,29,40,41,43,44,51,89,93,96" machi="89" ten="40,5200,0" yaku="1,1,8,1,53,1" doraHai="100" doraHaiUra="21" who="3" fromWho="1" sc="245,0,320,-52,252,0,163,72" /><INIT seed="5,0,0,2,1,102" ten="245,268,252,235" oya="1" hai0="51,28,37,61,5,75,11,82,70,110,9,135,77" hai1="12,44,112,122,36,85,67,42,18,57,88,103,125" hai2="87,114,121,99,65,8,29,56,53,131,119,54,26" hai3="72,93,78,118,113,79,94,31,23,97,133,89,59"/><U55/><E122/><V104/><F119/><W64/><G118/><T47/><D110/><U128/><E112/><V32/><F121/><W1/><G113/><T109/><D109/><U60/><E125/><V33/><F131/><W49/><G1/><T69/><D135/><U19/><E128/><V66/><F87/><W81/><G133/><T16/><D28/><U117/><E117/><V25/><F114/><W24/><G79/><T27/><D61/><U62/><E103/><V126/><F126/><W95/><REACH who="3" step="1"/><G49/><REACH who="3" ten="245,268,252,225" step="2"/><T115/><D115/><U15/><E15/><V134/><F134/><W30/><G30/><T106/><D51/><U105/><E12/><V73/><F29/><W58/><G58/><T52/><D70/><U41/><E41/><V0/><F56/><W111/><G111/><T91/><D69/><U45/><E45/><V74/><F0/><W6/><G6/><T101/><D5/><U34/><E57/><V127/><F127/><W71/><G71/><T50/><D37/><U20/><E44/><V46/><F46/><W132/><G132/><T129/><D129/><U100/><E42/><V22/><F26/><W123/><G123/><T14/><D27/><U86/><E36/><V2/><F25/><W83/><G83/><T48/><D48/><U96/><E62/><AGARI ba="0,1" hai="23,24,31,59,62,64,72,78,81,89,93,94,95,97" machi="62" ten="40,2600,0" yaku="1,1,53,1" doraHai="102" doraHaiUra="17" who="3" fromWho="1" sc="245,0,268,-26,252,0,225,36" /><INIT seed="6,0,0,1,1,33" ten="245,242,252,261" oya="2" hai0="100,92,80,123,79,22,105,97,75,47,35,26,98" hai1="118,38,87,46,65,85,54,10,59,135,9,126,49" hai2="60,116,73,115,56,66,37,68,72,106,90,102,25" hai3="64,8,63,15,91,88,39,61,45,53,34,18,6"/><V50/><F116/><W109/><G34/><T130/><D130/><U121/><E118/><V13/><F115/><W84/><G109/><T30/><D123/><U1/><E126/><V52/><F90/><W29/><G29/><T74/><D47/><U24/><E121/><V57/><F13/><W76/><G39/><T69/><D69/><U99/><E135/><V62/><F25/><W19/><G76/><T0/><D35/><U4/><E24/><V14/><F14/><W86/><G64/><T23/><D23/><U17/><E17/><V3/><F37/><W7/><G45/><T113/><D113/><U128/><E128/><V125/><F3/><W41/><G53/><T108/><D108/><U44/><E99/><V2/><F2/><W94/><G41/><T42/><D0/><U78/><E10/><V40/><F40/><W58/><G58/><T28/><D42/><U43/><REACH who="1" step="1"/><E78/><REACH who="1" ten="245,232,252,261" step="2"/><V70/><F125/><W96/><G96/><T48/><D30/><U51/><E51/><V20/><F20/><W55/><G19/><T11/><D11/><U36/><E36/><V32/><F32/><W127/><G127/><T132/><D132/><U110/><E110/><V89/><F50/><W93/><G55/><T81/><D48/><U82/><E82/><N who="0" m="31849" /><D79/><U5/><E5/><AGARI ba="0,1" hai="5,6,7,8,15,18,61,63,84,86,88,91,93,94" machi="5" ten="40,5200,0" yaku="9,1,8,1,54,1" doraHai="33" who="3" fromWho="1" sc="245,0,232,-52,252,0,261,62" /><INIT seed="7,0,0,1,4,38" ten="245,180,252,323" oya="3" hai0="17,112,125,7,117,57,59,41,31,51,25,121,0" hai1="47,13,44,77,28,62,32,119,120,4,79,97,21" hai2="130,61,68,100,9,66,128,16,78,23,70,72,14" hai3="1,104,64,45,95,122,3,101,129,53,94,123,69"/><W110/><G53/><T33/><D117/><U116/><E120/><N who="3" m="46122" /><G94/><T91/><D125/><U27/><E97/><V107/><F100/><W22/><G22/><T115/><D121/><U84/><E62/><V5/><F107/><W126/><G95/><T118/><D118/><U127/><E127/><V2/><F78/><W11/><G45/><N who="0" m="26031" /><D17/><U131/><E131/><N who="2" m="50219" /><F72/><W90/><G90/><T10/><D91/><U6/><E116/><V67/><F67/><W55/><G55/><T86/><D86/><U109/><E109/><V73/><F73/><W8/><G129/><T46/><D46/><U49/><E119/><V75/><F75/><W37/><G37/><T30/><D30/><U92/><E47/><V99/><F99/><N who="3" m="61503" /><G126/><T87/><D87/><U93/><E79/><V39/><F39/><W43/><G43/><T113/><AGARI ba="0,0" hai="0,7,10,25,31,33,57,59,112,113,115" m="26031" machi="113" ten="30,4000,0" yaku="15,1,11,1,52,1" doraHai="38" who="0" fromWho="0" sc="245,40,180,-10,252,-10,323,-20" owari="285,8.5,170,-33.0,242,-15.8,303,40.3" /></mjloggm>