<mjloggm ver="2.3"><GO type="225" lobby="0"/><UN n0="%6D%6F%75%77" n1="%E5%85%83%E3%82%AB%E3%83%8E%E7%B3%BB%E3%83%92%E3%83%AD%E3%82%A4%E3%83%B3" n2="%E3%81%BF%E3%81%BF%E3%81%9A" n3="%E6%A1%9C%E8%8A%B1%E9%96%83%E3%80%85" dan="16,16,17,16" rate="2115.49,2170.64,2281.84,2215.46" sx="M,M,M,M"/><TAIKYOKU oya="0"/><INIT seed="0,0,0,5,5,118" ten="250,250,250,250" oya="0" hai0="93,125,71,10,48,76,96,90,105,123,39,18,98" hai1="50,81,61,120,130,19,12,114,103,60,124,106,37" hai2="3,35,119,54,126,113,77,74,91,67,109,132,133" hai3="25,108,52,47,95,28,110,66,23,83,53,70,116"/><T0/><D39/><U41/><E37/><V63/><F113/><W26/><G116/><T17/><D71/><U85/><E114/><V121/><F119/><W33/><G95/><T46/><D125/><U45/><E124/><V88/><F126/><W4/><G4/><T55/><D76/><U2/><E2/><V36/><F109/><N who="3" m="42091" /><G83/><T38/><D38/><U21/><E130/><V7/><F35/><W89/><G89/><N who="2" m="34377" /><F54/><W16/><G47/><T112/><D112/><U92/><E106/><V43/><F43/><W101/><G101/><T11/><D0/><U44/><E120/><V42/><F42/><W79/><G79/><T62/><D123/><U111/><E111/><V27/><F27/><W15/><G26/><T75/><D75/><U84/><E45/><V5/><F36/><W100/><G100/><T40/><D98/><N who="1" m="59847" /><E81/><N who="2" m="45239" /><F3/><W80/><G80/><T72/><D72/><U129/><E129/><V78/><F78/><W1/><G1/><T22/><D105/><U30/><E30/><V122/><F5/><W102/><G102/><T58/><REACH who="0" step="1"/><D18/><REACH who="0" ten="240,250,250,250" step="2"/><U69/><E69/><N who="2" m="42239" /><F7/><W9/><G33/><T8/><D8/><U64/><E64/><V13/><F13/><AGARI ba="0,1" hai="10,11,13,17,22,40,46,48,55,58,62,90,93,96" machi="13" ten="30,5800,0" yaku="1,1,7,1,8,1,53,0" doraHai="118" doraHaiUra="31" who="0" fromWho="2" sc="240,68,250,0,250,-58,250,0" /><INIT seed="0,1,0,4,3,35" ten="308,250,192,250" oya="0" hai0="94,102,30,19,4,61,59,118,16,60,103,51,84" hai1="29,74,110,64,120,3,107,55,46,24,89,49,15" hai2="79,134,41,130,97,57,52,58,11,37,13,9,23" hai3="77,123,26,31,17,20,86,73,56,95,43,88,81"/><T42/><D118/><U92/><E120/><V47/><F130/><W114/><G123/><T40/><D30/><U22/><E107/><V53/><F134/><W14/><G114/><T135/><D4/><U12/><E74/><V98/><F79/><W80/><G43/><N who="0" m="16427" /><D135/><U32/><E110/><V76/><F76/><W62/><G73/><T45/><D61/><U18/><E64/><V119/><F119/><W117/><G77/><T63/><D63/><U71/><E71/><V100/><F23/><W44/><G44/><T121/><D121/><U99/><REACH who="1" step="1"/><E15/><REACH who="1" ten="308,240,192,250" step="2"/><V133/><F133/><W27/><G117/><T128/><D128/><U50/><E50/><V69/><F69/><W124/><G124/><T105/><D51/><U78/><E78/><V6/><F11/><N who="3" m="6367" /><G27/><T7/><D105/><U39/><E39/><V93/><REACH who="2" step="1"/><F98/><REACH who="2" ten="308,240,182,250" step="2"/><W72/><G72/><T38/><D38/><U122/><E122/><V91/><F91/><W68/><G68/><T109/><D109/><U34/><E34/><V28/><F28/><W132/><G132/><T113/><D113/><U101/><E101/><V90/><F90/><W75/><G75/><T104/><D103/><U21/><E21/><V106/><F106/><W67/><AGARI ba="1,2" hai="20,26,31,56,62,67,80,81,86,88,95" m="6367" machi="67" ten="30,2000,0" yaku="8,1,54,1" doraHai="35" who="3" fromWho="3" sc="308,-11,240,-6,182,-6,250,43" /><INIT seed="1,0,0,5,0,100" ten="297,234,176,293" oya="1" hai0="120,22,69,47,31,70,6,132,7,117,17,71,11" hai1="125,64,37,124,119,89,53,28,59,65,1,114,46" hai2="129,36,80,82,42,118,123,92,12,38,52,99,21" hai3="30,116,57,41,85,48,109,94,122,34,127,128,35"/><U135/><E114/><V77/><F118/><W106/><G122/><T19/><D117/><U103/><E119/><V78/><F123/><W110/><G116/><T43/><D6/><U29/><E1/><V58/><F129/><W68/><G68/><T76/><D120/><U62/><E103/><V90/><F42/><W115/><G115/><T75/><D31/><U9/><E9/><V79/><F36/><W88/><G128/><T45/><D45/><U134/><E89/><V96/><F38/><W44/><G127/><N who="1" m="48714" /><E28/><V18/><REACH who="2" step="1"/><F96/><REACH who="2" ten="297,234,166,293" step="2"/><W20/><G109/><T126/><D126/><U13/><E29/><V108/><F108/><W14/><G110/><T87/><D43/><N who="1" m="22895" /><E13/><V133/><F133/><AGARI ba="0,1" hai="53,59,62,64,65,133,134,135" m="22895,48714" machi="133" ten="30,11600,0" yaku="20,1,18,1,34,2" doraHai="100" who="1" fromWho="2" sc="297,0,234,126,166,-116,293,0" /><INIT seed="1,1,0,1,4,61" ten="297,360,50,293" oya="1" hai0="69,121,39,91,41,104,37,127,120,65,97,101,27" hai1="128,3,6,32,38,83,44,125,55,124,57,134,71" hai2="21,98,82,48,107,66,46,75,106,93,116,126,0" hai3="13,129,16,45,50,22,122,29,100,74,103,14,92"/><U24/><E71/><V111/><F116/><W109/><G122/><N who="0" m="47211" /><D127/><U133/><E83/><V88/><F0/><W30/><G109/><T54/><D54/><U26/><E6/><V59/><F111/><W95/><G129/><T2/><D41/><N who="1" m="22583" /><E3/><V130/><F126/><N who="1" m="48745" /><E32/><V15/><F130/><W28/><G74/><T90/><D2/><U110/><E110/><V12/><F75/><W89/><G13/><T117/><D117/><U33/><E128/><V119/><F119/><W10/><G10/><T56/><D69/><U8/><E8/><V17/><F82/><W23/><G23/><T47/><D47/><U112/><E112/><V20/><F59/><W18/><G18/><T81/><D81/><U86/><E86/><V7/><F66/><W94/><REACH who="3" step="1"/><G89/><REACH who="3" ten="297,360,50,283" step="2"/><N who="0" m="33803" /><D27/><N who="1" m="10283" /><E33/><V80/><F80/><W49/><G49/><AGARI ba="1,1" hai="49,55,57,133,134" m="10283,48745,22583" machi="49" ten="30,1500,0" yaku="18,1" doraHai="61" who="1" fromWho="3" sc="297,0,360,28,50,0,283,-18" /><INIT seed="1,2,0,3,4,38" ten="297,388,50,265" oya="1" hai0="85,72,120,48,82,124,101,83,110,70,88,53,20" hai1="24,1,94,62,32,116,58,26,90,121,103,14,66" hai2="45,7,5,21,112,39,119,25,11,104,79,47,49" hai3="17,67,128,35,89,107,122,134,3,55,69,109,77"/><U57/><E116/><V99/><F119/><W127/><RYUUKYOKU type="yao9" ba="2,0" sc="297,0,388,0,50,0,265,0" hai3="3,17,35,55,67,69,77,89,107,109,122,127,128,134" /><INIT seed="1,3,0,2,4,88" ten="297,388,50,265" oya="1" hai0="42,76,25,85,98,7,83,67,51,79,104,60,132" hai1="35,119,18,40,14,27,0,57,118,66,30,135,100" hai2="95,34,16,23,87,58,131,127,32,37,54,133,45" hai3="74,11,48,84,80,117,107,123,9,134,19,22,49"/><U99/><E40/><V90/><F127/><W36/><G123/><T81/><D132/><U130/><E135/><V103/><F133/><W111/><G134/><T92/><D104/><U105/><E130/><V68/><F131/><W31/><G74/><T112/><D112/><U82/><E82/><V46/><F68/><W63/><G36/><T29/><D7/><U102/><E102/><V47/><F37/><W120/><G107/><T17/><D17/><U65/><E0/><V110/><F110/><W77/><G120/><T93/><D98/><U43/><E43/><V4/><F4/><W55/><G111/><T2/><D2/><U62/><REACH who="1" step="1"/><E66/><REACH who="1" ten="297,378,50,265" step="2"/><V38/><F38/><W109/><G109/><T89/><D42/><U1/><E1/><V106/><F106/><W114/><G80/><T113/><D89/><U20/><AGARI ba="3,1" hai="14,18,20,27,30,35,57,62,65,99,100,105,118,119" machi="20" ten="20,3900,0" yaku="1,1,0,1,7,1,53,0" doraHai="88" doraHaiUra="71" who="1" fromWho="1" sc="297,-16,378,58,50,-16,265,-16" /><INIT seed="1,4,0,3,1,97" ten="281,436,34,249" oya="1" hai0="51,18,38,31,87,111,28,11,124,61,122,8,125" hai1="92,131,99,52,100,123,10,60,94,2,107,15,53" hai2="134,85,26,13,21,64,44,50,66,126,22,117,33" hai3="65,93,88,4,58,16,106,75,104,105,118,110,129"/><U23/><E123/><V27/><F117/><W6/><G118/><T34/><D38/><U49/><E2/><V39/><F39/><W9/><G75/><T96/><D61/><U98/><E131/><V63/><F126/><W121/><G121/><T80/><D122/><U24/><E60/><V25/><F134/><W84/><G129/><T89/><D111/><U47/><E53/><V54/><F33/><W132/><G110/><T1/><D18/><U115/><E115/><V68/><F66/><W32/><G32/><T81/><D51/><U46/><E46/><V5/><REACH who="2" step="1"/><F85/><REACH who="2" ten="281,436,24,249" step="2"/><W78/><G132/><T102/><D34/><U119/><E119/><V133/><F133/><W77/><G65/><T113/><D125/><U30/><E98/><V86/><F86/><W127/><G127/><T35/><D35/><U43/><E43/><V55/><F55/><W90/><G84/><T108/><D81/><U62/><E62/><V120/><F120/><W82/><G82/><T69/><D108/><U74/><E74/><V40/><F40/><W45/><G78/><T114/><D124/><U48/><E48/><V109/><F109/><W42/><G77/><T73/><D73/><U56/><E47/><V14/><F14/><W128/><G45/><T20/><D80/><U7/><AGARI ba="4,1" hai="7,10,15,23,24,30,49,52,56,92,94,99,100,107" machi="7" ten="20,7800,0" yaku="0,1,7,1,52,1,54,1" doraHai="97" who="1" fromWho="1" sc="281,-30,436,100,24,-30,249,-30" owari="251,5.1,536,63.6,-6,-50.6,219,-18.1" /></mjloggm>