<mjloggm ver="2.3"><GO type="169" lobby="0"/><UN n0="%E8%B5%A4%E4%BA%94%E7%AB%8B%E7%9B%B4" n1="%E6%99%82%E8%A8%88%E5%9D%82%E9%9B%B6" n2="%E3%82%B0%E3%83%AA%E3%83%B3" n3="%58%4B%58%54%4C%50" dan="16,16,16,16" rate="2163.88,2149.61,2159.70,2054.98" sx="F,M,M,M"/><TAIKYOKU oya="0"/><INIT seed="0,0,0,2,4,126" ten="250,250,250,250" oya="0" hai0="107,114,92,59,48,27,79,6,112,36,15,121,120" hai1="10,113,52,49,97,62,77,69,50,4,116,5,118" hai2="60,68,17,73,25,40,93,28,42,110,44,51,70" hai3="101,103,84,46,133,98,86,106,64,45,135,31,132"/><T108/><D107/><U80/><E113/><N who="0" m="43625" /><D79/><U16/><E97/><V38/><F110/><W102/><G64/><T124/><D92/><U26/><E49/><V109/><F109/><W72/><G72/><T32/><D36/><U58/><E118/><V89/><F73/><W75/><G75/><T85/><D85/><N who="3" m="32873" /><G31/><N who="0" m="19583" /><D59/><U125/><E125/><V76/><F17/><W21/><G21/><T20/><D48/><U83/><E116/><V34/><F76/><W130/><G106/><T0/><D124/><U115/><E115/><V123/><F123/><W61/><G98/><T63/><D63/><U111/><E77/><V134/><F60/><W87/><N who="3" m="32881" /><W128/><DORA hai="13" /><G61/><T33/><D33/><U82/><E111/><V23/><F34/><W2/><G2/><T129/><D108/><U39/><E39/><V54/><F42/><W74/><G74/><T47/><D47/><AGARI ba="0,0" hai="45,46,47,101,102,103,128,130,132,133,135" m="32881" machi="47" ten="50,8000,1" yaku="28,2,20,1,52,2" doraHai="126,13" who="3" fromWho="0" sc="250,-80,250,0,250,0,250,80" /><INIT seed="1,0,0,1,5,123" ten="170,250,250,330" oya="1" hai0="109,74,29,52,47,129,12,69,58,46,95,68,103" hai1="127,98,24,49,99,53,78,39,22,20,124,106,114" hai2="37,117,100,64,55,71,116,33,85,66,102,89,13" hai3="35,54,77,15,107,131,118,81,70,76,5,108,50"/><U90/><E39/><V105/><F33/><W82/><G107/><T88/><D74/><U43/><E43/><V16/><F37/><W126/><G70/><T87/><D129/><U92/><E78/><V72/><F72/><W36/><G36/><T41/><D47/><U135/><E135/><V11/><F117/><W62/><G35/><T60/><D29/><U67/><E67/><V10/><F116/><W120/><G120/><T0/><D0/><U18/><E114/><V83/><F105/><W128/><G118/><T125/><D125/><N who="1" m="48203" /><E22/><V25/><F25/><W38/><G38/><T30/><D30/><U63/><E63/><V56/><F10/><W9/><G126/><T61/><D61/><U104/><E99/><V121/><F121/><W4/><G62/><T44/><D44/><AGARI ba="0,0" hai="18,20,24,44,49,53,90,92,98,104,106" m="48203" machi="44" ten="30,1500,0" yaku="18,1" doraHai="123" who="1" fromWho="0" sc="170,-15,250,15,250,0,330,0" /><INIT seed="1,1,0,1,5,81" ten="155,265,250,330" oya="1" hai0="108,33,89,40,15,118,39,2,4,123,10,20,13" hai1="85,31,84,26,129,112,51,41,110,103,16,96,28" hai2="83,91,17,104,78,125,116,43,48,56,82,111,133" hai3="1,101,29,44,14,75,73,8,57,74,114,54,72"/><U121/><E121/><V71/><F71/><W55/><G114/><T98/><D118/><U130/><E112/><V66/><F116/><W106/><G1/><T35/><D40/><U42/><E110/><V105/><F111/><W127/><G127/><T5/><D39/><U69/><E69/><V107/><F133/><W58/><G29/><T92/><D108/><U117/><E117/><V67/><F125/><W132/><G132/><T63/><D123/><U21/><E31/><V18/><F91/><W122/><G122/><T27/><D63/><U97/><E28/><V60/><F82/><W38/><G101/><T86/><D5/><U53/><E130/><V77/><F77/><W12/><G73/><T7/><D7/><U94/><E97/><V46/><REACH who="2" step="1"/><F66/><REACH who="2" ten="155,265,240,330" step="2"/><W45/><G75/><AGARI ba="1,1" hai="17,18,43,46,48,56,60,67,75,78,83,104,105,107" machi="75" ten="40,2600,0" yaku="1,1,2,1,53,0" doraHai="81" doraHaiUra="134" who="2" fromWho="3" sc="155,0,265,0,240,39,330,-29" /><INIT seed="2,0,0,1,5,9" ten="155,265,279,301" oya="2" hai0="77,20,124,92,70,13,14,132,93,16,105,25,117" hai1="110,37,44,114,76,72,61,26,102,109,43,7,81" hai2="11,31,106,129,21,74,68,128,42,133,27,51,1" hai3="120,10,33,121,23,84,0,94,45,55,54,123,89"/><V99/><F68/><W134/><G33/><T47/><D105/><U58/><E114/><V6/><F74/><W57/><G134/><T22/><D132/><U75/><E75/><V2/><F42/><W67/><G67/><T71/><D124/><U101/><E26/><V4/><F51/><W19/><G45/><T39/><D77/><U135/><E135/><V53/><F53/><W3/><G10/><T104/><D104/><U103/><REACH who="1" step="1"/><E7/><REACH who="1" ten="155,255,279,301" step="2"/><V62/><F133/><W100/><G100/><T56/><D117/><U87/><E87/><V108/><F4/><W125/><G125/><T24/><D39/><U49/><E49/><V131/><F108/><W59/><G121/><T38/><D38/><U88/><E88/><V126/><F126/><W5/><G5/><T36/><D36/><U15/><E15/><N who="2" m="5623" /><F62/><W8/><G120/><T115/><D115/><U90/><E90/><V35/><F35/><W127/><G123/><T48/><D56/><U52/><AGARI ba="0,1" hai="37,43,44,52,58,61,72,76,81,101,102,103,109,110" machi="52" ten="30,4000,0" yaku="1,1,0,1,54,1,53,0" doraHai="9" doraHaiUra="82" who="1" fromWho="1" sc="155,-10,255,50,279,-20,301,-10" /><INIT seed="3,0,0,5,0,17" ten="145,305,259,291" oya="3" hai0="75,109,104,103,91,89,49,41,20,135,36,72,70" hai1="25,76,107,46,59,110,24,0,134,74,113,98,129" hai2="31,52,118,81,3,54,133,102,11,79,125,51,71" hai3="53,23,56,99,77,95,115,122,57,29,37,58,132"/><W85/><G115/><T92/><D36/><U66/><E0/><V114/><F118/><W45/><G132/><T22/><D70/><U124/><E113/><V65/><F114/><W61/><G122/><T96/><D135/><U26/><E134/><V116/><F116/><W130/><G130/><T128/><D128/><U9/><E110/><V10/><F125/><W69/><G69/><T44/><D109/><U48/><E124/><V43/><F102/><W38/><G38/><T35/><D35/><U67/><E9/><V97/><F31/><W82/><G37/><T117/><D117/><U15/><E15/><V131/><F97/><W27/><REACH who="3" step="1"/><G45/><REACH who="3" ten="145,305,259,281" step="2"/><T84/><REACH who="0" step="1"/><D91/><AGARI ba="0,1" hai="23,27,29,53,56,57,58,61,77,82,85,91,95,99" machi="91" ten="30,12000,1" yaku="1,1,2,1,7,1,8,1,52,1,53,0" doraHai="17" doraHaiUra="6" who="3" fromWho="0" sc="145,-120,305,0,259,0,281,130" /><INIT seed="3,1,0,4,3,53" ten="25,305,259,411" oya="3" hai0="28,100,10,130,52,124,24,18,36,57,61,25,23" hai1="39,66,59,68,108,82,87,29,96,113,107,13,73" hai2="58,75,49,64,50,129,121,8,30,103,90,22,72" hai3="14,132,67,33,135,5,126,102,115,110,84,70,17"/><W123/><G33/><T106/><D130/><U2/><E2/><V60/><F129/><W80/><G115/><T65/><D124/><U88/><E39/><V105/><F121/><W83/><G123/><T89/><D36/><U27/><E108/><V122/><F122/><W9/><G126/><T47/><D106/><U20/><E113/><V104/><F105/><W74/><G110/><T41/><D100/><U45/><E68/><V26/><F90/><W63/><G102/><T37/><D89/><U85/><E73/><V78/><F8/><W79/><REACH who="3" step="1"/><G5/><REACH who="3" ten="25,305,259,401" step="2"/><T11/><REACH who="0" step="1"/><D65/><REACH who="0" ten="15,305,259,401" step="2"/><U46/><E66/><V43/><F64/><W93/><G93/><T125/><D125/><U119/><E107/><V76/><F103/><W77/><AGARI ba="1,2" hai="9,14,17,63,67,70,74,77,79,80,83,84,132,135" machi="77" ten="30,3000,0" yaku="1,1,0,1,53,0" doraHai="53" doraHaiUra="55" who="3" fromWho="3" sc="15,-11,305,-11,259,-11,401,53" /><INIT seed="3,2,0,2,5,135" ten="4,294,248,454" oya="3" hai0="3,42,11,113,37,32,69,106,64,22,83,77,30" hai1="75,49,26,99,72,19,96,121,122,34,39,16,36" hai2="57,51,107,109,108,111,48,124,68,27,86,70,31" hai3="35,100,28,94,21,89,45,56,127,112,126,60,18"/><W125/><G112/><T50/><D50/><N who="2" m="18986" /><F107/><W88/><G45/><N who="0" m="23759" /><D22/><U128/><E49/><V133/><F31/><W65/><G35/><T85/><D85/><U5/><E5/><V95/><F27/><N who="3" m="16495" /><G18/><T8/><D8/><U119/><E26/><V4/><F95/><W129/><G129/><T91/><D91/><U87/><E87/><V20/><F4/><W81/><G81/><T134/><D134/><U79/><E34/><V12/><F86/><W59/><G59/><T73/><D106/><U98/><E98/><AGARI ba="2,0" hai="56,60,65,88,89,94,98,100,125,126,127" m="16495" machi="98" ten="30,18000,2" yaku="25,1,18,1,52,3,54,1" doraHai="135" who="3" fromWho="1" sc="4,0,294,-186,248,0,454,186" /><INIT seed="3,3,0,4,4,128" ten="4,108,248,640" oya="3" hai0="86,131,91,115,2,51,23,64,79,42,109,0,49" hai1="6,95,110,55,11,45,32,17,56,125,39,59,10" hai2="134,36,124,16,31,113,97,71,69,118,38,60,1" hai3="68,8,93,58,82,89,7,77,123,15,87,46,101"/><W133/><G68/><T41/><D131/><U52/><E32/><V20/><F118/><W81/><G123/><T83/><D2/><U57/><E110/><V119/><F119/><W65/><G133/><T135/><D0/><U104/><E104/><V105/><F1/><W30/><G30/><T50/><D109/><U74/><E74/><V111/><F31/><W112/><G112/><T47/><D115/><U5/><E125/><V66/><F113/><W62/><G101/><T43/><D64/><U106/><E106/><V120/><F69/><W18/><G46/><T13/><D135/><U40/><E17/><V98/><F134/><W76/><G18/><N who="0" m="10703" /><D47/><U73/><E73/><V126/><F111/><W4/><G7/><T84/><D84/><U63/><E95/><V29/><F29/><W88/><G82/><T116/><D116/><U117/><E117/><V96/><F105/><W19/><G19/><T44/><D44/><U103/><E103/><V37/><REACH who="2" step="1"/><F120/><REACH who="2" ten="4,108,238,640" step="2"/><W102/><G102/><T90/><AGARI ba="3,1" hai="41,42,43,49,50,51,79,83,86,90,91" m="10703" machi="90" ten="40,1500,0" yaku="8,1" doraHai="128" who="0" fromWho="0" sc="4,34,108,-7,238,-7,640,-10" /><INIT seed="4,0,0,3,0,23" ten="38,101,231,630" oya="0" hai0="65,108,4,12,70,115,41,26,50,59,28,66,135" hai1="127,9,64,87,73,67,56,130,117,22,11,19,120" hai2="88,79,15,45,104,68,84,131,43,90,7,27,57" hai3="0,75,97,102,80,93,133,46,40,121,83,35,122"/><T94/><D115/><U110/><E73/><V18/><F68/><W69/><G0/><T52/><D135/><U53/><E110/><V36/><F131/><W118/><G69/><T24/><D108/><U39/><E39/><V51/><F104/><W48/><G133/><T55/><D41/><U13/><E120/><N who="3" m="46186" /><G118/><T123/><D70/><U61/><E117/><V124/><F124/><W5/><G5/><T62/><D94/><U8/><E130/><V54/><F7/><W2/><G2/><T17/><D4/><U1/><E1/><V74/><F74/><W21/><G35/><T114/><D114/><U78/><E127/><V25/><F79/><W63/><G75/><T107/><D107/><U14/><E78/><V126/><F126/><W103/><G102/><T16/><D28/><U85/><E14/><V29/><F29/><W105/><G105/><T125/><D125/><U100/><E100/><V20/><F90/><W95/><G93/><AGARI ba="0,0" hai="15,18,20,25,27,36,43,45,51,54,57,84,88,93" machi="93" ten="30,12000,2" yaku="7,1,25,2,52,2,54,1" doraHai="23" who="2" fromWho="3" sc="38,0,101,0,231,120,630,-120" /><INIT seed="5,0,0,5,3,76" ten="38,101,351,510" oya="1" hai0="98,57,21,43,47,109,131,24,108,14,69,119,15" hai1="10,45,74,99,2,117,26,29,49,96,134,30,82" hai2="93,88,39,0,111,116,66,62,100,81,19,61,34" hai3="20,132,114,58,33,127,112,56,7,123,113,79,107"/><U50/><E117/><V126/><F111/><W125/><G33/><T83/><D69/><U104/><E134/><V18/><F116/><W52/><G107/><T42/><D119/><U32/><E30/><V1/><F34/><W86/><G132/><T67/><D131/><U84/><E74/><V71/><F39/><W77/><G123/><T124/><D124/><N who="3" m="47689" /><G86/><T118/><D118/><U97/><E104/><V36/><F36/><W48/><G7/><T92/><D108/><U59/><E59/><N who="3" m="22570" /><G20/><T11/><D109/><U78/><REACH who="1" step="1"/><E45/><AGARI ba="0,0" hai="45,48,52,77,79,112,113,114" m="22570,47689" machi="45" ten="40,5200,0" yaku="15,1,18,1,54,1" doraHai="76" who="3" fromWho="1" sc="38,0,101,-52,351,0,510,52" /><INIT seed="6,0,0,2,0,127" ten="38,49,351,562" oya="2" hai0="88,107,22,34,95,92,53,35,90,11,54,33,18" hai1="76,30,20,39,17,73,19,49,122,125,57,104,82" hai2="5,9,126,100,27,2,28,99,103,81,32,64,51" hai3="65,108,119,26,115,98,128,69,134,44,7,106,102"/><V78/><F126/><W117/><G108/><T105/><D11/><U89/><E39/><V56/><F51/><W80/><G134/><T109/><D109/><U83/><E104/><V59/><F64/><W6/><G115/><T101/><D101/><U60/><E125/><V10/><F9/><W23/><G80/><T129/><D129/><U112/><E112/><V4/><F4/><W38/><G128/><T58/><D105/><U111/><E111/><V84/><REACH who="2" step="1"/><F103/><REACH who="2" ten="38,49,341,562" step="2"/><N who="3" m="62839" /><G6/><T50/><D107/><AGARI ba="0,1" hai="2,5,10,27,28,32,56,59,78,81,84,99,100,107" machi="107" ten="30,2900,0" yaku="1,1,7,1,53,0" doraHai="127" doraHaiUra="8" who="2" fromWho="0" sc="38,-29,49,0,341,39,562,0" /><INIT seed="6,1,0,4,5,83" ten="9,49,380,562" oya="2" hai0="94,14,113,68,117,134,85,54,55,86,69,28,66" hai1="50,128,122,5,121,106,21,133,103,116,12,36,78" hai2="58,44,40,87,49,62,0,119,13,6,115,30,43" hai3="48,63,53,37,31,92,22,125,26,39,124,20,81"/><V52/><F115/><W74/><G63/><T46/><D113/><U47/><E36/><V77/><F119/><W126/><G22/><T76/><D117/><U127/><E116/><V98/><F0/><W4/><G4/><T131/><D131/><U123/><E128/><V90/><F30/><W101/><G101/><T45/><D134/><U91/><E133/><V72/><F72/><W112/><G112/><T57/><D28/><U51/><E78/><V34/><F34/><W73/><G92/><T88/><D68/><U135/><E135/><V107/><F77/><N who="3" m="44207" /><G74/><T7/><D66/><U8/><E21/><V97/><F107/><W59/><AGARI ba="1,0" hai="20,26,31,37,39,48,53,59,124,125,126" m="44207" machi="59" ten="30,1100,0" yaku="18,1" doraHai="83" who="3" fromWho="3" sc="9,-4,49,-4,380,-6,562,14" /><INIT seed="7,0,0,4,5,99" ten="5,45,374,576" oya="3" hai0="54,1,73,38,102,124,77,18,132,15,119,59,133" hai1="108,93,65,131,95,17,84,6,30,36,47,45,21" hai2="11,0,29,25,116,40,92,76,88,89,69,55,24" hai3="28,113,9,129,121,104,27,117,60,32,34,126,87"/><W39/><G60/><T86/><D119/><U83/><E17/><V46/><F116/><W52/><G52/><T61/><D1/><U109/><E21/><V8/><F69/><W33/><G87/><T3/><D3/><U58/><E30/><V98/><F76/><W7/><G32/><T125/><D73/><U2/><E58/><V112/><F55/><W96/><G9/><N who="2" m="3657" /><F0/><W122/><G7/><T107/><D38/><U64/><E6/><V74/><F74/><W91/><G27/><N who="2" m="10313" /><F112/><W43/><G113/><T26/><D26/><U56/><E56/><V20/><F20/><W70/><G70/><T53/><D53/><U114/><E2/><V19/><F19/><W85/><G117/><T115/><D115/><U120/><E114/><V13/><F13/><W81/><G33/><T66/><D54/><U16/><E16/><V10/><F10/><W23/><G34/><T106/><D106/><U80/><E36/><V105/><F105/><W78/><G104/><T71/><D71/><U128/><E84/><V118/><F118/><W97/><G23/><N who="0" m="11743" /><D86/><U4/><E4/><V135/><F135/><N who="0" m="51786" /><D77/><U127/><E127/><N who="0" m="48713" /><D107/><U57/><E57/><V110/><F29/><W35/><G28/><T5/><D5/><U72/><E72/><V82/><F82/><W79/><G81/><T90/><D90/><U37/><E37/><N who="2" m="21775" /><F89/><W63/><G91/><T94/><D94/><U31/><E31/><V130/><F88/><W14/><G39/><T22/><D22/><U103/><E120/><V75/><F75/><W44/><G122/><T12/><D12/><U101/><AGARI ba="0,0" hai="45,47,64,65,80,83,93,95,101,103,108,109,128,131" machi="101" ten="25,12000,2" yaku="5,1,0,1,22,2,52,2" doraHai="99" who="1" fromWho="1" sc="5,-30,45,120,374,-30,576,-60" owari="-25,-52.5,165,-23.5,344,14.4,516,61.6" /></mjloggm>