<mjloggm ver="2.3"><GO type="169" lobby="0"/><UN n0="%E6%97%A5%E9%99%B0%E3%81%95%E3%82%93" n1="%E3%81%82%E3%81%95%E3%81%B4%E3%82%93%EF%BC%A0%EF%BD%8D%EF%BD%8A" n2="%64%69%76%61" n3="%E7%9C%9F%E9%BE%8D%E5%85%84%E8%B2%B4" dan="17,18,16,16" rate="2191.53,2226.11,2037.37,2064.04" sx="F,M,M,M"/><TAIKYOKU oya="0"/><INIT seed="0,0,0,5,4,100" ten="250,250,250,250" oya="0" hai0="83,113,134,52,131,87,51,63,33,17,55,119,31" hai1="118,64,74,103,20,76,6,97,48,18,15,117,10" hai2="67,58,106,45,125,25,62,91,75,40,92,12,68" hai3="98,135,114,13,3,89,38,65,14,36,108,133,121"/><T70/><D113/><U99/><E64/><V29/><F75/><W43/><G3/><T94/><D119/><U73/><E48/><V39/><F125/><W111/><G98/><T53/><D131/><U5/><E5/><V49/><F12/><N who="3" m="4715" /><G65/><T57/><D134/><N who="3" m="51209" /><G89/><T80/><D17/><U132/><E97/><V95/><F91/><W78/><G43/><T120/><D120/><U115/><E115/><V127/><F127/><W116/><G114/><T8/><D8/><U129/><E129/><V130/><F130/><W46/><G46/><T61/><D70/><U16/><E18/><V30/><F30/><W42/><G42/><T9/><D9/><U19/><E19/><V128/><F128/><W60/><G60/><T81/><D61/><U47/><E47/><V37/><F37/><N who="3" m="14443" /><G78/><T90/><REACH who="0" step="1"/><D63/><REACH who="0" ten="240,250,250,250" step="2"/><U93/><E132/><V85/><F68/><W28/><G116/><T21/><D21/><U123/><E123/><V22/><F22/><W126/><G121/><T0/><D0/><U112/><E112/><V122/><F122/><W35/><G126/><T124/><D124/><U79/><E117/><V77/><F62/><W23/><G23/><T1/><D1/><N who="1" m="335" /><E118/><V59/><F67/><W69/><G69/><T32/><D32/><U11/><E11/><V24/><F39/><W104/><G35/><T107/><D107/><U27/><E15/><V86/><F106/><W56/><G104/><T105/><D105/><U82/><E74/><V96/><F24/><AGARI ba="0,1" hai="24,31,33,51,52,53,55,57,80,81,83,87,90,94" machi="24" ten="40,7700,0" yaku="1,1,54,1,53,1" doraHai="100" doraHaiUra="88" who="0" fromWho="2" sc="240,87,250,0,250,-77,250,0" /><INIT seed="0,1,0,5,3,90" ten="327,250,173,250" oya="0" hai0="61,135,87,73,94,7,130,97,127,116,5,14,25" hai1="41,23,69,26,95,82,67,78,63,35,81,99,40" hai2="91,30,74,24,0,51,43,52,39,84,6,37,18" hai3="77,31,98,36,72,32,42,50,105,19,66,64,93"/><T124/><D116/><U45/><E35/><V119/><F119/><W3/><G36/><T128/><D73/><U121/><E121/><V115/><F115/><W60/><G3/><T54/><D87/><U92/><E99/><V17/><F74/><W70/><G66/><T75/><D75/><U27/><E27/><V131/><F131/><N who="0" m="50218" /><D25/><U59/><E69/><V9/><F39/><W58/><G31/><T21/><D135/><U133/><E133/><V101/><F101/><W112/><G32/><T13/><D61/><U71/><E71/><V103/><F103/><W134/><G112/><T122/><D54/><U89/><E89/><V48/><F37/><W20/><G134/><T28/><D122/><U102/><E102/><V44/><F48/><W22/><G72/><T110/><D110/><U108/><E108/><V104/><F43/><N who="1" m="16457" /><E45/><V132/><F104/><W100/><G77/><T53/><D53/><U114/><E114/><V15/><F132/><W117/><G117/><T33/><D33/><U62/><E62/><V111/><F111/><W83/><G105/><T120/><D120/><U86/><E81/><V109/><F109/><W49/><G83/><T85/><D97/><U80/><E80/><N who="2" m="49543" /><F0/><W65/><G42/><T8/><D7/><U118/><E118/><V1/><F1/><W4/><G4/><T76/><D76/><U12/><E12/><V34/><F34/><W16/><G50/><T126/><D14/><U10/><E10/><V57/><F44/><W123/><G49/><T106/><D106/><U46/><E46/><V113/><F113/><W125/><G123/><RYUUKYOKU ba="1,0" sc="327,-15,250,15,173,15,250,-15" hai1="23,26,59,63,67,78,82,86,92,95" hai2="6,9,15,17,18,24,30,51,52,57" /><INIT seed="1,2,0,3,2,101" ten="312,265,188,235" oya="1" hai0="51,112,40,61,18,97,93,81,25,129,86,68,92" hai1="3,49,106,67,47,111,71,99,29,32,30,78,113" hai2="132,9,36,96,119,95,15,69,89,33,13,116,22" hai3="102,16,19,35,120,126,114,11,54,31,90,121,122"/><U41/><E113/><V76/><F33/><W104/><G114/><T94/><D112/><U123/><E123/><V73/><F132/><W26/><G126/><T24/><D129/><U23/><E3/><V10/><F69/><W8/><G90/><T7/><D7/><U98/><E32/><V52/><F36/><W124/><G124/><T84/><D68/><U50/><E78/><V77/><F22/><W20/><G54/><T79/><D61/><U5/><E5/><V66/><F66/><W42/><G42/><T0/><D0/><U63/><E111/><V59/><F73/><W115/><G115/><T117/><D117/><U128/><E128/><V55/><F55/><W65/><G65/><T27/><D86/><U85/><E85/><V70/><F70/><W74/><G74/><T46/><REACH who="0" step="1"/><D18/><REACH who="0" ten="302,265,188,235" step="2"/><U62/><E63/><N who="2" m="36327" /><F119/><W12/><REACH who="3" step="1"/><G19/><REACH who="3" ten="302,265,188,225" step="2"/><T80/><D80/><U21/><E67/><V14/><F116/><W56/><G56/><T4/><D4/><U135/><E71/><V44/><F44/><W100/><G100/><AGARI ba="2,2" hai="24,25,27,40,46,51,79,81,84,92,93,94,97,100" machi="100" ten="40,2600,0" yaku="1,1,8,1,53,0" doraHai="101" doraHaiUra="28" who="0" fromWho="3" sc="302,52,265,0,188,0,225,-32" /><INIT seed="2,0,0,5,1,29" ten="354,265,188,193" oya="2" hai0="86,15,76,104,74,116,12,121,118,25,21,112,89" hai1="97,55,37,110,125,63,28,16,17,106,90,62,4" hai2="60,38,87,96,8,57,34,64,81,100,102,129,65" hai3="9,13,130,36,70,26,133,82,43,126,22,46,1"/><V94/><F129/><W27/><G70/><T42/><D121/><U107/><E37/><V2/><F38/><W103/><G130/><T115/><D104/><U66/><E110/><V30/><F102/><W127/><G133/><T131/><D131/><U72/><E72/><V119/><F119/><N who="0" m="45610" /><D42/><U123/><E123/><V93/><F93/><W49/><G103/><T5/><D76/><U120/><E120/><V73/><F73/><W33/><G36/><T92/><D74/><U11/><E125/><V56/><F2/><W23/><G82/><T18/><D5/><U85/><E28/><V108/><F8/><W111/><G1/><T79/><D79/><U40/><E40/><V124/><F124/><N who="3" m="47659" /><G111/><T6/><D6/><U0/><E55/><V98/><F108/><W101/><G101/><T54/><D54/><U47/><E47/><V44/><F44/><W69/><G69/><T84/><D84/><U67/><E97/><V20/><F98/><W134/><G134/><T35/><D35/><U113/><E113/><AGARI ba="0,0" hai="12,15,18,21,25,86,89,92,112,113,115" m="45610" machi="113" ten="30,1000,0" yaku="12,1" doraHai="29" who="0" fromWho="1" sc="354,10,265,-10,188,0,193,0" /><INIT seed="3,0,0,3,5,18" ten="364,255,188,193" oya="3" hai0="53,115,116,5,10,82,103,126,50,129,7,92,113" hai1="73,27,77,36,131,32,105,44,9,46,61,124,52" hai2="90,72,16,20,49,123,133,114,55,63,79,51,57" hai3="15,127,40,31,78,96,86,35,122,74,95,3,128"/><W65/><G122/><T107/><D116/><U66/><E105/><V4/><F114/><N who="0" m="43530" /><D107/><U108/><E108/><V6/><F123/><W67/><G3/><T112/><D126/><U121/><E121/><V76/><F133/><W14/><G127/><T75/><D129/><U88/><E124/><V110/><F110/><W29/><G74/><T42/><D42/><U12/><E131/><V28/><F28/><N who="3" m="10827" /><G40/><T85/><D75/><U59/><E32/><V25/><F90/><W119/><G35/><T47/><D10/><U33/><E33/><V118/><F118/><W34/><G34/><T13/><D13/><N who="3" m="4617" /><G119/><T48/><D48/><N who="2" m="18506" /><F72/><W132/><G132/><T93/><D112/><U102/><E36/><V109/><F109/><W1/><G1/><T64/><D64/><N who="3" m="24649" /><G128/><T125/><D125/><U26/><E73/><V71/><F71/><W84/><G78/><AGARI ba="0,0" hai="4,6,16,20,25,55,57,63,76,78,79" m="18506" machi="78" ten="30,3900,0" yaku="8,1,52,1,54,1" doraHai="18" who="2" fromWho="3" sc="364,0,255,0,188,39,193,-39" /><INIT seed="4,0,0,3,5,57" ten="364,255,227,154" oya="0" hai0="84,26,109,21,37,12,10,39,56,90,117,80,110" hai1="116,124,107,115,93,61,49,13,78,9,99,76,6" hai2="130,52,17,88,64,3,44,30,85,89,59,134,122" hai3="14,119,98,11,135,66,55,91,42,45,87,27,22"/><T41/><D117/><U127/><E116/><V31/><F122/><W2/><G119/><T94/><D41/><U101/><E115/><V46/><F3/><W19/><G135/><T82/><D82/><U53/><E107/><V0/><F0/><W69/><G2/><T36/><D80/><U54/><E54/><V121/><F121/><W33/><G33/><T70/><D70/><U132/><E132/><V7/><F7/><W113/><G113/><T16/><REACH who="0" step="1"/><D56/><REACH who="0" ten="354,255,227,154" step="2"/><U114/><E114/><V75/><F134/><W8/><G42/><T43/><D43/><U1/><E124/><V81/><F81/><W74/><G74/><T28/><AGARI ba="0,1" hai="10,12,16,21,26,28,36,37,39,84,90,94,109,110" machi="28" ten="40,7800,0" yaku="1,1,0,1,54,1,53,0" doraHai="57" doraHaiUra="29" who="0" fromWho="0" sc="354,88,255,-26,227,-26,154,-26" /><INIT seed="4,1,0,5,3,103" ten="442,229,201,128" oya="0" hai0="116,16,7,14,44,90,51,11,57,40,9,35,105" hai1="75,101,131,53,115,109,33,119,93,122,124,48,74" hai2="27,113,82,108,0,70,72,104,32,62,49,34,6" hai3="111,121,128,22,4,85,77,78,114,87,89,2,63"/><T10/><D116/><U20/><E33/><V13/><F108/><W50/><G111/><T95/><D35/><U86/><E109/><V83/><F113/><W47/><G114/><T120/><D105/><U102/><E115/><V5/><F5/><W81/><G128/><T3/><D120/><U92/><E122/><V88/><F0/><W112/><G112/><T38/><D38/><U67/><E67/><V127/><F127/><W64/><G121/><T26/><D57/><U58/><E119/><V18/><F6/><W84/><G22/><N who="0" m="13639" /><D3/><U61/><E131/><V24/><F72/><W130/><G130/><T15/><D15/><U133/><E133/><V68/><F68/><W39/><G39/><T110/><D110/><U91/><E124/><V73/><F104/><W17/><G17/><T19/><D19/><U36/><E36/><V29/><F73/><W28/><G28/><T8/><D8/><U80/><E75/><V45/><F70/><W65/><G65/><T98/><AGARI ba="1,0" hai="7,9,10,11,14,40,44,51,90,95,98" m="13639" machi="98" ten="30,3000,0" yaku="8,1,54,1" doraHai="103" who="0" fromWho="0" sc="442,33,229,-11,201,-11,128,-11" /><INIT seed="4,2,0,1,0,130" ten="475,218,190,117" oya="0" hai0="129,29,82,118,83,55,10,68,67,94,56,13,131" hai1="18,71,53,44,17,112,58,48,47,38,70,45,111" hai2="108,132,36,97,37,54,123,100,2,72,102,19,74" hai3="104,39,62,23,85,115,33,24,105,78,28,119,128"/><T77/><D118/><U107/><E107/><V5/><F108/><W52/><G119/><T12/><D29/><U106/><E106/><V134/><F123/><W0/><G39/><N who="2" m="14921" /><F19/><W116/><G116/><T80/><D77/><U15/><E111/><V69/><F54/><W40/><G40/><T103/><D67/><U27/><E38/><V120/><F120/><W124/><G0/><T59/><D68/><U64/><E112/><V63/><F102/><W113/><G128/><N who="0" m="49227" /><D55/><U49/><E64/><N who="2" m="41119" /><F97/><W125/><G33/><T21/><D21/><N who="1" m="13743" /><E71/><V25/><F25/><W76/><G104/><T81/><D80/><U26/><E26/><V101/><F101/><W43/><G43/><T57/><D10/><N who="1" m="6519" /><E70/><V34/><F100/><W61/><G105/><T121/><D121/><U91/><E91/><V66/><F66/><W87/><G52/><AGARI ba="2,0" hai="44,45,47,48,49,52,53,58" m="6519,13743" machi="52" ten="30,2000,0" yaku="8,1,54,1" doraHai="130" who="1" fromWho="3" sc="475,0,218,26,190,0,117,-26" /><INIT seed="5,0,0,5,5,49" ten="475,244,190,91" oya="1" hai0="35,64,62,79,124,75,93,69,90,80,14,20,67" hai1="29,83,2,52,113,78,127,46,106,44,24,15,123" hai2="134,54,17,135,43,125,77,53,87,84,99,63,85" hai3="72,110,94,18,51,38,0,86,95,121,60,88,73"/><U65/><E123/><V55/><F43/><W36/><G121/><T56/><D35/><U105/><E2/><V109/><F109/><W10/><G110/><T25/><D124/><U120/><E120/><V130/><F125/><W133/><G133/><N who="2" m="50697" /><F130/><W103/><G60/><T23/><D14/><U132/><E127/><V115/><F115/><W104/><G104/><T74/><D74/><U91/><E132/><V3/><F3/><W6/><G18/><T27/><D23/><N who="1" m="15519" /><E105/><V131/><F131/><W37/><REACH who="3" step="1"/><G51/><REACH who="3" ten="475,244,190,81" step="2"/><T1/><D62/><U96/><E106/><V102/><F63/><W7/><G7/><T48/><D48/><U8/><E113/><V45/><F17/><W40/><G40/><T108/><D108/><U33/><E65/><V21/><F45/><W71/><G71/><T82/><D69/><U118/><E44/><V42/><F42/><W58/><G58/><T22/><D64/><U34/><E46/><V111/><F111/><W126/><G126/><T28/><D67/><U31/><E31/><V19/><F19/><W57/><G57/><T32/><D56/><U9/><E118/><V16/><F16/><W12/><G12/><T66/><D66/><U101/><E15/><V112/><F112/><W117/><G117/><T50/><D28/><U26/><E26/><V70/><F70/><W97/><AGARI ba="0,1" hai="0,6,10,36,37,38,72,73,86,88,94,95,97,103" machi="97" ten="40,5200,0" yaku="1,1,0,1,54,1,53,0" doraHai="49" doraHaiUra="129" who="3" fromWho="3" sc="475,-13,244,-26,190,-13,81,62" /><INIT seed="6,0,0,2,2,104" ten="462,218,177,143" oya="2" hai0="112,22,118,55,126,93,85,94,90,121,127,17,53" hai1="135,105,6,114,122,9,113,11,44,133,10,99,47" hai2="33,124,57,37,0,106,79,45,119,42,18,109,98" hai3="2,7,102,19,117,97,120,41,38,4,60,131,128"/><V1/><F119/><W115/><G117/><T21/><D121/><U8/><E122/><V24/><F124/><N who="0" m="47658" /><D118/><U30/><E30/><N who="2" m="19655" /><F18/><W84/><G120/><T107/><D107/><U3/><E105/><V63/><F79/><W25/><G84/><T70/><D70/><U32/><E32/><V103/><F57/><W40/><G19/><T82/><D112/><N who="1" m="43115" /><E99/><V46/><F46/><AGARI ba="0,0" hai="3,6,8,9,10,11,44,46,47,133,135" m="43115" machi="46" ten="40,1300,0" yaku="15,1" doraHai="104" who="1" fromWho="2" sc="462,0,218,13,177,-13,143,0" /><INIT seed="7,0,0,3,0,12" ten="462,231,164,143" oya="3" hai0="59,53,39,67,96,87,100,0,77,84,90,56,29" hai1="91,105,74,21,50,88,16,11,55,102,24,107,41" hai2="89,30,99,86,119,114,129,54,44,58,51,93,37" hai3="133,34,69,25,123,121,124,70,132,135,26,118,20"/><W3/><G118/><T127/><D39/><U36/><E74/><V10/><F119/><W13/><G69/><T117/><D117/><U18/><E36/><V61/><F114/><W15/><G70/><T110/><D110/><U4/><E41/><V130/><F37/><W98/><G98/><T65/><D0/><U122/><E122/><N who="3" m="46602" /><G3/><T63/><D29/><U104/><E102/><V103/><F30/><N who="3" m="19799" /><G124/><T79/><D127/><U82/><E82/><V71/><F71/><W35/><G35/><T80/><D87/><U106/><E106/><V95/><REACH who="2" step="1"/><F10/><REACH who="2" ten="462,231,154,143" step="2"/><W48/><G48/><N who="0" m="30759" /><D67/><AGARI ba="0,1" hai="44,51,54,58,61,67,86,89,93,95,99,103,129,130" machi="67" ten="40,2600,0" yaku="1,1,53,1" doraHai="12" doraHaiUra="94" who="2" fromWho="0" sc="462,-26,231,0,154,36,143,0" owari="436,53.6,231,3.1,190,-21.0,143,-35.7" /></mjloggm>