<mjloggm ver="2.3"><GO type="169" lobby="0"/><UN n0="%E3%81%9F%E3%81%8B%E3%81%AF%E3%81%97%E3%81%83%E3%81%83%E3%81%83" n1="%74%73%75%6B%69%31" n2="%E3%81%9B%E3%81%A9%E3%81%AA%E3%82%8A%E3%81%82%E3%82%93" n3="%E6%B2%B3%E7%AB%A5%E3%81%AE%E3%83%AF%E3%82%AB%E3%83%9E%E3%83%84" dan="19,16,17,17" rate="2235.06,2173.18,2196.11,2184.30" sx="M,M,F,M"/><TAIKYOKU oya="0"/><INIT seed="0,0,0,5,1,89" ten="250,250,250,250" oya="0" hai0="80,33,4,105,126,74,12,8,27,17,9,38,120" hai1="20,106,72,34,52,133,124,49,19,109,62,119,13" hai2="104,127,135,18,16,77,132,117,65,115,93,21,67" hai3="2,29,57,69,59,94,7,55,14,5,73,25,64"/><T71/><D71/><U42/><E119/><V61/><F104/><W103/><G73/><T54/><D120/><U58/><E34/><V122/><F115/><W63/><G2/><T131/><D105/><U39/><E106/><V37/><F37/><W113/><G113/><T118/><D118/><U41/><E72/><V46/><F117/><W6/><G14/><T125/><D38/><U53/><E109/><V30/><F77/><W134/><G134/><N who="2" m="51241" /><F46/><W60/><G69/><T1/><D54/><U50/><E133/><V68/><F67/><W130/><G130/><T28/><D80/><U129/><E124/><N who="0" m="47721" /><D74/><U66/><E39/><V3/><F3/><W43/><G43/><T44/><D44/><U81/><E81/><V107/><F107/><W26/><REACH who="3" step="1"/><G29/><REACH who="3" ten="250,250,250,240" step="2"/><N who="0" m="19647" /><D131/><U88/><E129/><V100/><F127/><W47/><G47/><T10/><D28/><U40/><E40/><V51/><F122/><W112/><G112/><T83/><D83/><U75/><E42/><V82/><F30/><W101/><G101/><T48/><D48/><N who="1" m="18539" /><E75/><V92/><F82/><W56/><G56/><T96/><D96/><AGARI ba="0,1" hai="5,6,7,25,26,55,57,59,60,63,64,94,96,103" machi="96" ten="40,8000,1" yaku="1,1,8,1,52,1,53,1" doraHai="89" doraHaiUra="90" who="3" fromWho="0" sc="250,-80,250,0,250,0,240,90" /><INIT seed="1,0,0,2,1,69" ten="170,250,250,330" oya="1" hai0="10,20,45,74,11,86,135,81,83,92,85,44,55" hai1="60,76,109,66,87,131,97,48,106,129,125,132,116" hai2="33,16,12,57,78,71,14,130,115,84,89,114,96" hai3="0,62,30,40,128,120,35,2,91,59,43,123,47"/><U51/><E116/><V75/><F71/><W38/><G128/><N who="1" m="49226" /><E132/><V121/><F33/><W118/><G118/><T67/><D135/><U53/><E125/><V112/><F130/><W80/><G43/><T90/><D67/><U101/><E109/><V1/><F1/><W73/><G30/><T127/><D127/><U15/><E53/><V18/><F121/><W134/><G35/><T100/><D74/><U113/><E113/><V13/><F96/><W105/><G105/><T102/><D20/><U99/><E97/><V36/><F57/><W122/><G134/><T107/><D107/><U17/><E87/><V3/><F3/><W111/><G111/><T68/><D68/><N who="1" m="42055" /><E76/><V98/><F98/><W70/><G70/><T29/><D55/><U65/><E65/><V124/><F124/><W50/><G91/><T82/><D29/><U5/><E5/><V42/><F78/><W49/><G62/><T56/><D56/><U119/><E119/><V8/><F75/><W54/><REACH who="3" step="1"/><G49/><REACH who="3" ten="170,250,250,320" step="2"/><T117/><D117/><U88/><E88/><V58/><F89/><W31/><G31/><T34/><D34/><U63/><E63/><V4/><F112/><W103/><G103/><T61/><D61/><U46/><E46/><N who="0" m="18025" /><D85/><U23/><AGARI ba="0,1" hai="15,17,23,48,51,99,101,106" m="42055,49226" machi="23" ten="30,1500,0" yaku="19,1" doraHai="69" who="1" fromWho="1" sc="170,-5,250,25,250,-5,320,-5" /><INIT seed="1,1,0,1,3,32" ten="165,275,245,315" oya="1" hai0="16,44,99,7,125,54,106,104,92,68,81,118,101" hai1="25,15,121,105,130,30,78,18,61,63,31,115,1" hai2="95,87,17,21,12,67,3,79,56,38,2,112,49" hai3="14,131,119,69,46,70,43,45,116,6,74,72,127"/><U107/><E115/><V110/><F38/><W75/><G14/><T126/><D118/><N who="3" m="45097" /><G6/><T76/><D68/><N who="3" m="26217" /><G43/><T111/><D7/><U36/><E36/><V122/><F122/><W85/><G85/><N who="0" m="48295" /><D54/><U100/><E121/><V42/><F112/><W53/><G53/><T8/><D44/><N who="3" m="17001" /><G131/><T64/><D64/><U84/><E130/><V11/><F42/><W20/><G20/><T132/><D8/><U19/><E15/><V97/><F11/><W109/><G109/><T52/><D52/><U103/><E84/><V50/><F110/><W82/><G82/><T51/><D51/><U22/><E22/><V10/><F87/><W113/><G113/><T13/><D111/><U48/><E48/><V120/><F120/><W37/><G37/><T35/><D13/><U60/><E61/><V66/><F50/><W71/><G71/><T58/><D58/><U80/><E80/><V94/><F49/><W39/><G39/><T24/><D35/><U83/><E83/><V0/><F79/><W96/><G127/><N who="0" m="48651" /><D132/><U5/><E5/><V33/><F33/><W123/><G123/><T34/><D34/><U4/><E4/><V62/><F67/><W129/><G129/><T93/><D93/><U9/><E78/><V26/><REACH who="2" step="1"/><F97/><AGARI ba="1,0" hai="72,74,75,96,97" m="17001,26217,45097" machi="97" ten="40,5200,0" yaku="28,2,12,1" doraHai="32" who="3" fromWho="2" sc="165,0,275,0,245,-55,315,55" /><INIT seed="2,0,0,2,5,83" ten="165,275,190,370" oya="2" hai0="81,95,75,19,78,40,61,36,22,31,26,35,94" hai1="99,49,42,52,1,72,127,67,8,89,58,45,25" hai2="12,5,104,14,114,84,41,38,70,2,51,101,86" hai3="130,21,134,43,53,71,62,24,32,90,119,112,13"/><V39/><F70/><W69/><G119/><T10/><D61/><U118/><E118/><V60/><F114/><W131/><G112/><T65/><D65/><U102/><E72/><V20/><F2/><W93/><G32/><T30/><D30/><U33/><E127/><V125/><F60/><W7/><G43/><T100/><D100/><U128/><E128/><N who="3" m="49194" /><G13/><T18/><D10/><U34/><E89/><V124/><F51/><W135/><G7/><T11/><D11/><U6/><E25/><V54/><F54/><W0/><G0/><T56/><D56/><U82/><E82/><V121/><F121/><W23/><G53/><T16/><REACH who="0" step="1"/><D35/><REACH who="0" ten="155,275,190,370" step="2"/><U64/><E34/><V87/><F101/><W77/><G62/><T98/><D98/><U92/><REACH who="1" step="1"/><E33/><REACH who="1" ten="155,265,190,370" step="2"/><V110/><F124/><W46/><G134/><T106/><D106/><U17/><E17/><V3/><F104/><W122/><G135/><T28/><D28/><U57/><E57/><V73/><F125/><W68/><G68/><T116/><D116/><U103/><E103/><V126/><F126/><W76/><G69/><T59/><D59/><U107/><E107/><V91/><F5/><W29/><G71/><T96/><D96/><U85/><E85/><V111/><F84/><W66/><G29/><T80/><D80/><U133/><E133/><V79/><F87/><W48/><G93/><T44/><AGARI ba="0,2" hai="16,18,19,22,26,31,36,40,44,75,78,81,94,95" machi="44" ten="30,4000,0" yaku="1,1,0,1,54,1,53,0" doraHai="83" doraHaiUra="129" who="0" fromWho="0" sc="155,60,265,-10,190,-20,370,-10" /><INIT seed="3,0,0,2,3,105" ten="215,255,170,360" oya="3" hai0="46,77,3,113,108,133,50,24,59,27,114,92,14" hai1="99,74,33,103,124,64,44,16,125,22,127,13,87" hai2="83,53,38,52,75,17,96,29,23,129,5,85,95" hai3="40,120,69,20,66,70,57,25,63,4,89,107,62"/><W15/><G120/><T61/><D3/><U123/><E33/><V42/><F129/><W2/><G107/><T80/><D108/><U79/><E123/><V35/><F5/><W72/><G2/><T68/><D68/><U43/><E64/><V11/><F35/><W60/><G40/><T86/><D133/><U135/><E87/><V76/><F29/><W49/><G72/><T32/><D92/><U7/><E7/><V30/><F30/><W19/><G89/><T82/><D82/><N who="1" m="45431" /><E135/><V31/><F11/><W94/><G94/><T54/><D14/><U10/><E10/><V0/><F31/><W115/><G115/><N who="0" m="44043" /><D32/><U71/><E71/><V98/><F0/><W88/><G69/><T90/><D77/><U121/><E121/><V109/><F109/><W97/><G4/><T73/><D73/><U48/><E99/><V126/><F126/><W100/><G15/><T8/><D8/><U1/><E1/><V116/><F85/><W41/><G88/><T91/><D91/><U51/><E103/><V9/><F9/><W12/><G12/><T47/><D47/><U84/><E84/><V111/><F111/><W56/><G70/><T34/><D34/><U128/><E128/><V28/><F95/><N who="3" m="58431" /><G57/><T102/><D102/><U6/><E6/><V93/><F93/><W118/><G118/><T110/><D110/><U21/><E21/><V78/><F116/><W67/><G56/><T65/><AGARI ba="0,0" hai="24,27,46,50,54,59,61,65,80,86,90" m="44043" machi="65" ten="30,1100,0" yaku="11,1" doraHai="105" who="0" fromWho="0" sc="215,11,255,-3,170,-3,360,-5" /><INIT seed="4,0,0,5,4,3" ten="226,252,167,355" oya="0" hai0="75,112,54,100,37,121,74,97,29,123,56,132,81" hai1="2,22,55,70,53,68,49,91,6,47,5,80,23" hai2="0,76,19,92,51,38,98,135,106,90,43,59,30" hai3="46,42,57,83,65,20,79,36,109,1,34,66,11"/><T77/><D112/><U60/><E2/><V72/><F135/><W35/><G109/><T9/><D132/><U103/><E103/><V93/><F30/><W116/><G116/><T89/><D37/><U64/><E70/><V62/><F38/><W16/><G34/><T84/><D29/><U40/><E55/><V87/><F0/><W18/><G35/><T63/><D9/><U95/><E80/><V114/><F114/><W115/><G115/><T99/><D99/><U8/><E8/><V108/><F108/><W129/><G129/><T41/><D41/><U88/><E91/><V58/><F106/><W50/><G50/><T12/><D12/><U131/><E40/><V32/><F32/><W127/><G127/><T130/><D130/><U125/><E125/><V24/><F72/><N who="3" m="43495" /><G57/><T86/><D86/><U67/><E67/><N who="3" m="25610" /><G20/><T73/><REACH who="0" step="1"/><D77/><REACH who="0" ten="216,252,167,355" step="2"/><U96/><REACH who="1" step="1"/><E131/><REACH who="1" ten="216,242,167,355" step="2"/><V17/><F76/><W94/><G94/><AGARI ba="0,2" hai="54,56,63,73,74,75,81,84,89,94,97,100,121,123" machi="94" ten="40,3900,0" yaku="1,1,2,1,53,0" doraHai="3" doraHaiUra="126" who="0" fromWho="3" sc="216,59,242,0,167,0,355,-39" /><INIT seed="4,1,0,0,3,128" ten="275,242,167,316" oya="0" hai0="104,22,33,100,118,45,23,90,108,124,25,50,1" hai1="101,64,84,115,58,18,39,130,11,61,79,44,43" hai2="95,49,59,88,4,72,20,106,63,67,93,55,70" hai3="38,112,113,31,85,111,99,47,75,69,126,116,60"/><T135/><D118/><U129/><E101/><V17/><F106/><W98/><G75/><T65/><D1/><U114/><E79/><V125/><F125/><W66/><G111/><T110/><D124/><U131/><E84/><V134/><F72/><W2/><G116/><T9/><D65/><U123/><E123/><V53/><F4/><W78/><G2/><T86/><D9/><U14/><AGARI ba="1,0" hai="11,14,18,39,43,44,58,61,64,114,115,129,130,131" machi="14" ten="40,2700,0" yaku="0,1,19,1" doraHai="128" who="1" fromWho="1" sc="275,-14,242,30,167,-8,316,-8" /><INIT seed="5,0,0,4,1,10" ten="261,272,159,308" oya="1" hai0="69,99,19,63,60,118,97,132,103,27,57,66,54" hai1="33,91,65,77,88,34,108,39,119,86,94,84,15" hai2="120,126,109,44,104,12,105,16,22,117,115,2,59" hai3="48,38,61,95,3,30,71,11,7,9,128,130,41"/><U73/><E39/><V127/><F117/><W24/><G48/><T62/><D118/><U81/><E119/><V135/><F120/><W67/><G95/><T64/><D132/><U35/><E108/><V123/><F123/><W25/><G9/><T37/><D37/><U134/><E65/><V111/><F2/><W72/><G72/><T107/><D97/><U76/><E134/><V106/><F135/><W47/><REACH who="3" step="1"/><G25/><REACH who="3" ten="261,272,159,298" step="2"/><T87/><D27/><U5/><REACH who="1" step="1"/><E73/><REACH who="1" ten="261,262,159,298" step="2"/><V31/><F111/><W101/><G101/><T26/><D103/><U70/><E70/><V13/><F109/><W116/><G116/><T92/><D69/><U114/><E114/><V98/><F115/><W53/><G53/><T0/><D54/><U89/><E89/><V56/><F126/><W102/><G102/><T75/><D75/><U100/><E100/><V131/><F127/><W42/><G42/><T112/><D112/><U18/><E18/><V43/><F104/><W122/><G122/><T113/><D107/><U17/><E17/><V79/><F105/><W83/><G83/><T96/><D19/><U90/><E90/><V28/><F106/><W125/><G125/><T21/><D113/><U68/><E68/><V80/><F80/><W50/><G50/><T6/><D64/><U45/><E45/><V93/><F44/><W8/><G8/><AGARI ba="0,2" hai="5,8,15,33,34,35,76,77,81,84,86,88,91,94" machi="8" ten="40,7700,0" yaku="1,1,52,1,54,1,53,0" doraHai="10" doraHaiUra="46" who="1" fromWho="3" sc="261,0,262,97,159,0,298,-77" /><INIT seed="5,1,0,0,0,108" ten="261,359,159,221" oya="1" hai0="39,96,76,55,11,56,111,59,113,26,66,13,18" hai1="101,50,58,94,79,46,4,112,17,86,5,114,92" hai2="65,87,103,124,115,35,20,134,125,83,128,91,27" hai3="132,133,29,69,8,31,12,116,54,78,47,99,52"/><U60/><E17/><V98/><F35/><W30/><G69/><T53/><D111/><U33/><E33/><V135/><F65/><W34/><G34/><T25/><D39/><U37/><E37/><V73/><F20/><W70/><G70/><T38/><D38/><U121/><E121/><V9/><F9/><W0/><G0/><T118/><D66/><U117/><E117/><V16/><F16/><N who="3" m="8199" /><G116/><T129/><D76/><U100/><E79/><N who="2" m="44527" /><F27/><W15/><G78/><T104/><D118/><U74/><E74/><V10/><F10/><W75/><G75/><T67/><D67/><N who="1" m="39319" /><E4/><V126/><F115/><N who="1" m="44073" /><E5/><V40/><F40/><W24/><G15/><T14/><D14/><U7/><E7/><V95/><F128/><W80/><G24/><T43/><D129/><U84/><E94/><AGARI ba="1,0" hai="87,91,94,95,98,103,124,125,126,134,135" m="44527" machi="94" ten="30,3900,0" yaku="18,1,34,2" doraHai="108" who="2" fromWho="1" sc="261,0,359,-42,159,42,221,0" /><INIT seed="6,0,0,5,0,113" ten="261,317,201,221" oya="2" hai0="87,107,103,133,120,119,15,100,61,132,73,80,70" hai1="78,134,93,68,45,108,24,58,123,64,4,74,37" hai2="32,62,6,56,99,89,1,83,19,115,60,55,12" hai3="90,30,47,16,14,29,102,28,126,38,9,48,34"/><V95/><F115/><W114/><G114/><T109/><D109/><U67/><E108/><V81/><F32/><W3/><G126/><T122/><D15/><U18/><E68/><V54/><F6/><W40/><G102/><N who="0" m="38955" /><D61/><U72/><E4/><V52/><F1/><W105/><G105/><T50/><D50/><U91/><E134/><N who="0" m="51817" /><D70/><U53/><E78/><V42/><F42/><W79/><G79/><N who="0" m="44143" /><D107/><U25/><E67/><N who="2" m="39303" /><F62/><W31/><G3/><T26/><D26/><U135/><E64/><V76/><F76/><W75/><G38/><T57/><D57/><U46/><E37/><V69/><F69/><W82/><G34/><T98/><D98/><U51/><E25/><V63/><F63/><W124/><G48/><T65/><D65/><U86/><E135/><V5/><F5/><W131/><G40/><T130/><D130/><U0/><E0/><V96/><F96/><W97/><G131/><T20/><D87/><U88/><E24/><V128/><F128/><W94/><N who="3" m="7168" /><DORA hai="8" /><W71/><G71/><T22/><D119/><U2/><E2/><V36/><F36/><W92/><G47/><T7/><D7/><U106/><E45/><V127/><F127/><W112/><G124/><T39/><D39/><U116/><E46/><V111/><F111/><W13/><G97/><T23/><AGARI ba="0,0" hai="20,22,23,120,122" m="44143,51817,38955" machi="23" ten="40,1500,0" yaku="20,1" doraHai="113,8" who="0" fromWho="0" sc="261,15,317,-4,201,-7,221,-4" /><INIT seed="7,0,0,4,1,129" ten="276,313,194,217" oya="3" hai0="49,126,114,79,22,14,124,134,44,54,27,63,83" hai1="61,109,70,7,133,64,89,85,119,101,77,50,33" hai2="66,105,25,80,121,28,103,37,78,120,90,81,52" hai3="53,18,107,106,75,74,62,43,72,3,35,8,17"/><W68/><G35/><T58/><D14/><U42/><E33/><V26/><F37/><W29/><G29/><T65/><D114/><U102/><E109/><V99/><F66/><W48/><G43/><T88/><D134/><U51/><E133/><V13/><F13/><W93/><G93/><T71/><D71/><U135/><E135/><V47/><F90/><W131/><G131/><T113/><D113/><U55/><E77/><V92/><F105/><W111/><G111/><T59/><D59/><U21/><E7/><V130/><F130/><W38/><G38/><T67/><D67/><U132/><E132/><V19/><F19/><W1/><G62/><T20/><D88/><U98/><E98/><V36/><F36/><W87/><G87/><N who="0" m="48639" /><D27/><U128/><E119/><V108/><F108/><W10/><G53/><T112/><D112/><U11/><E128/><V84/><F80/><W32/><G32/><T4/><D4/><U122/><E122/><N who="2" m="47211" /><F28/><W41/><G68/><T115/><D115/><U125/><E70/><V56/><F47/><N who="3" m="25711" /><G1/><T118/><D118/><U5/><E64/><V12/><F12/><N who="3" m="7303" /><G3/><T95/><D95/><U15/><E42/><V69/><F69/><W0/><G0/><T123/><D123/><U73/><E55/><V34/><F34/><W127/><G127/><AGARI ba="0,0" hai="20,22,44,49,54,58,63,65,124,126,127" m="48639" machi="127" ten="30,1000,0" yaku="18,1" doraHai="129" who="0" fromWho="3" sc="276,10,313,0,194,0,217,-10" owari="286,8.6,313,41.3,194,-30.6,207,-19.3" /></mjloggm>