<mjloggm ver="2.3"><GO type="169" lobby="0"/><UN n0="%E3%81%9B%E3%81%A9%E3%81%AA%E3%82%8A%E3%81%82%E3%82%93" n1="%E4%BA%BA%E5%8F%82%E5%BD%B9%E8%80%85%E3%81%8F%E3%82%93" n2="%E3%81%B1%E3%82%93%E3%81%AA%E3%81%93%E3%81%BE%E3%81%A3%E3%81%9F" n3="%E4%B8%96%E7%95%8C%E5%B9%B3%E5%92%8C" dan="17,17,17,16" rate="2171.60,2163.94,2237.22,2189.06" sx="F,M,M,M"/><TAIKYOKU oya="0"/><INIT seed="0,0,0,4,1,117" ten="250,250,250,250" oya="0" hai0="44,85,83,86,60,21,12,37,25,54,95,125,81" hai1="132,31,6,43,116,2,20,53,67,127,52,122,131" hai2="59,92,28,34,96,102,134,109,70,82,1,19,5" hai3="100,135,66,58,71,123,120,103,38,23,79,24,80"/><T93/><D125/><U118/><E127/><V27/><F109/><W87/><G135/><T98/><D37/><U14/><E132/><V76/><F70/><W133/><G38/><T75/><D75/><U94/><E43/><V30/><F134/><W124/><G71/><T121/><D121/><N who="3" m="46665" /><G124/><T72/><D72/><U40/><E40/><V33/><F19/><N who="3" m="12415" /><G133/><T107/><D107/><U90/><E131/><V18/><F18/><W32/><G32/><T22/><D12/><U50/><E31/><V7/><F1/><W73/><G73/><T41/><D41/><U104/><E14/><V16/><F16/><W3/><G3/><T69/><D69/><U126/><E2/><V64/><F30/><W78/><G78/><N who="0" m="46263" /><D25/><U55/><E126/><V129/><F34/><W119/><G119/><T62/><D44/><U101/><E122/><V42/><F129/><W114/><G114/><T56/><D62/><AGARI ba="0,0" hai="58,62,66,79,80,87,100,103" m="12415,46665" machi="62" ten="30,7700,0" yaku="13,1,52,3" doraHai="117" who="3" fromWho="0" sc="250,-77,250,0,250,0,250,77" /><INIT seed="1,0,0,4,0,135" ten="173,250,250,327" oya="1" hai0="32,2,66,116,51,105,27,99,19,36,13,126,40" hai1="62,8,54,127,59,1,87,123,14,34,97,114,68" hai2="60,100,81,28,3,79,38,106,4,117,94,52,43" hai3="86,45,22,98,84,57,77,58,110,90,96,0,63"/><U10/><E114/><V121/><F117/><W20/><G0/><T24/><D116/><U103/><E123/><V92/><F121/><W125/><G110/><T130/><D36/><U35/><E68/><V65/><F28/><W107/><G107/><T67/><D2/><U115/><E115/><V64/><F106/><W124/><G45/><T61/><D130/><U102/><E127/><N who="3" m="48714" /><G77/><T73/><D73/><U76/><E1/><V89/><F100/><W113/><G113/><T30/><D27/><U11/><E14/><V134/><F134/><W49/><G49/><T74/><D74/><U70/><E70/><V29/><F38/><W69/><G69/><T133/><D133/><U12/><E12/><V128/><F3/><W53/><G58/><T129/><D51/><U132/><E132/><V17/><F79/><W44/><G44/><T80/><D105/><U47/><E47/><V25/><F128/><W71/><G71/><T55/><D129/><U120/><E120/><V6/><F60/><W95/><G84/><T56/><D126/><U131/><E131/><V112/><F112/><W5/><G5/><T91/><D61/><U82/><REACH who="1" step="1"/><E103/><REACH who="1" ten="173,240,250,327" step="2"/><V9/><F4/><W41/><G41/><T50/><D40/><U93/><AGARI ba="0,1" hai="8,10,11,34,35,54,59,62,76,82,87,93,97,102" machi="93" ten="30,6000,0" yaku="1,1,2,1,0,1,53,0" doraHai="135" doraHaiUra="118" who="1" fromWho="1" sc="173,-20,240,70,250,-20,327,-20" /><INIT seed="1,1,0,2,1,119" ten="153,310,230,307" oya="1" hai0="125,1,113,34,58,110,117,78,79,108,121,69,120" hai1="134,40,46,51,91,73,63,64,22,66,8,116,5" hai2="29,7,88,87,93,92,61,82,105,37,17,65,52" hai3="10,104,100,103,84,68,38,131,109,86,72,75,80"/><U60/><E116/><V32/><F37/><W81/><G68/><T56/><D117/><U4/><E73/><N who="3" m="28234" /><G10/><T2/><D69/><U41/><E134/><V123/><F105/><W112/><G38/><T77/><D34/><U102/><E102/><N who="3" m="38954" /><G112/><T89/><D89/><U83/><E40/><V129/><F129/><W42/><G42/><T3/><D125/><U26/><E91/><V126/><F126/><W122/><G109/><N who="0" m="42091" /><D113/><U21/><E83/><N who="3" m="31818" /><G131/><T130/><D130/><U99/><E21/><V14/><F7/><W97/><G122/><AGARI ba="1,0" hai="1,2,3,56,58,77,78,79,120,121,122" m="42091" machi="122" ten="40,12000,2" yaku="28,2,13,1,14,1,52,3" doraHai="119" who="0" fromWho="3" sc="153,123,310,0,230,0,307,-123" /><INIT seed="2,0,0,5,5,101" ten="276,310,230,184" oya="2" hai0="127,66,104,94,100,130,84,18,44,53,29,85,111" hai1="28,116,47,97,32,50,112,16,77,103,81,73,96" hai2="20,41,90,0,37,58,114,63,12,119,64,38,102" hai3="132,31,43,118,13,72,17,22,51,46,121,61,108"/><V7/><F114/><W19/><G121/><T86/><D29/><U68/><E112/><V9/><F119/><W10/><G118/><T8/><D66/><U36/><E116/><V59/><F41/><W89/><G72/><T33/><D33/><U123/><E123/><V107/><F90/><W70/><G108/><T92/><D111/><U135/><E135/><V83/><F83/><W93/><G132/><T40/><D53/><U109/><E68/><V55/><F0/><W99/><G31/><T49/><D127/><U105/><E36/><V76/><F76/><W14/><REACH who="3" step="1"/><G70/><REACH who="3" ten="276,310,230,174" step="2"/><T133/><D133/><U62/><E73/><V125/><F125/><W113/><G113/><T34/><D130/><U1/><E28/><V106/><F20/><W128/><G128/><T67/><D34/><U95/><E32/><V80/><F80/><W26/><G26/><T126/><D126/><U2/><E81/><V21/><F21/><W25/><G25/><T27/><D27/><U129/><E129/><V11/><F11/><W30/><G30/><T45/><D8/><U23/><E23/><V71/><F71/><W79/><G79/><T60/><D18/><U122/><E16/><V78/><F78/><W48/><G48/><T15/><D49/><U39/><E77/><V98/><REACH who="2" step="1"/><F107/><REACH who="2" ten="276,310,220,174" step="2"/><W82/><G82/><T74/><D104/><N who="1" m="63591" /><E109/><V124/><F124/><W117/><G117/><T88/><D74/><U57/><E105/><V75/><F75/><W115/><G115/><T91/><D92/><U65/><E95/><V87/><F87/><N who="0" m="22274" /><T42/><DORA hai="54" /><D94/><U35/><E35/><RYUUKYOKU ba="0,2" sc="276,-15,310,-15,220,15,174,15" hai2="7,9,12,37,38,55,58,59,63,64,98,102,106" hai3="10,13,14,17,19,22,43,46,51,61,89,93,99" /><INIT seed="2,1,2,5,1,30" ten="261,295,235,189" oya="2" hai0="4,27,68,67,103,43,23,80,117,1,13,52,53" hai1="63,104,118,70,18,31,42,9,5,19,59,22,127" hai2="39,91,36,94,107,74,47,73,6,128,17,78,120" hai3="134,122,44,11,35,72,0,125,38,129,83,100,86"/><V84/><F120/><W92/><G122/><T130/><D1/><U135/><E118/><V79/><F128/><W25/><G125/><T114/><D114/><U69/><E104/><V2/><F107/><W37/><G134/><T90/><D117/><U54/><E135/><V24/><F6/><W33/><G129/><T124/><D124/><U131/><E127/><V93/><F2/><W29/><G35/><T81/><D103/><U82/><E31/><V88/><F47/><W8/><G72/><T115/><D115/><U95/><E42/><V55/><F55/><W96/><G44/><T41/><D68/><U102/><E82/><N who="0" m="31849" /><D67/><U62/><E62/><V98/><F17/><W64/><G64/><T76/><D76/><U46/><E19/><V16/><F16/><W58/><G58/><T14/><D90/><U123/><E46/><V20/><F20/><W32/><G32/><T108/><D108/><U106/><E106/><V49/><F49/><W60/><G60/><T126/><D126/><U57/><E57/><V34/><F24/><W110/><G110/><T85/><D85/><U21/><E123/><V121/><F121/><W26/><G26/><T109/><D109/><U12/><E131/><V71/><F71/><N who="1" m="27145" /><E18/><V50/><F50/><W133/><G133/><T28/><D130/><U101/><E101/><V111/><F111/><W87/><G87/><T65/><D65/><U40/><E40/><N who="0" m="15433" /><D4/><U77/><E77/><N who="2" m="29195" /><F34/><W15/><G0/><T56/><D53/><U116/><E116/><V10/><F10/><N who="3" m="3627" /><G15/><T3/><D3/><U105/><E105/><V61/><F61/><AGARI ba="1,2" hai="13,14,23,27,28,52,56,61" m="15433,31849" machi="61" ten="30,3900,0" yaku="6,1,8,1,54,1" doraHai="30" who="0" fromWho="2" sc="261,62,295,0,235,-42,189,0" /><INIT seed="3,0,0,4,4,0" ten="323,295,193,189" oya="3" hai0="78,100,98,9,41,124,133,37,85,72,7,73,6" hai1="64,116,118,126,111,54,1,129,11,53,38,31,15" hai2="67,26,18,121,113,50,119,22,103,49,33,71,28" hai3="75,4,130,97,16,57,12,131,10,32,68,76,105"/><W120/><G120/><T19/><D124/><U112/><E112/><V96/><F113/><W43/><G32/><T90/><D133/><U46/><E1/><V62/><F119/><N who="1" m="45609" /><E126/><V110/><F110/><W14/><G68/><T34/><D34/><U60/><E129/><N who="3" m="49162" /><G43/><T5/><D41/><N who="1" m="22839" /><E31/><V95/><REACH who="2" step="1"/><F121/><REACH who="2" ten="323,295,183,189" step="2"/><W117/><G117/><T91/><D37/><U27/><E111/><V8/><F8/><N who="3" m="6151" /><G57/><T92/><D78/><U89/><E11/><V82/><F82/><N who="3" m="45343" /><G97/><T42/><D42/><U115/><E115/><V134/><F134/><W65/><G65/><T74/><REACH who="0" step="1"/><D85/><REACH who="0" ten="313,295,183,189" step="2"/><U84/><E84/><V40/><F40/><W77/><G77/><T114/><D114/><U81/><E64/><V101/><F101/><W17/><G105/><T58/><D58/><U122/><E122/><V47/><F47/><W52/><G52/><T35/><D35/><U61/><E54/><V108/><F108/><W45/><G45/><T88/><D88/><U55/><E89/><V70/><F70/><W13/><G13/><AGARI ba="0,2" hai="5,6,7,9,13,19,72,73,74,90,91,92,98,100" machi="13" ten="50,8000,1" yaku="1,1,52,3,53,0" doraHai="0" doraHaiUra="39" who="0" fromWho="3" sc="313,100,295,0,183,0,189,-80" /><AGARI ba="0,0" hai="13,18,22,26,28,33,49,50,62,67,71,95,96,103" machi="13" ten="30,2000,0" yaku="1,1,7,1,53,0" doraHai="0" doraHaiUra="39" who="2" fromWho="3" sc="413,0,295,0,183,20,109,-20" /><INIT seed="4,0,0,1,0,109" ten="413,295,203,89" oya="0" hai0="33,56,62,57,74,130,48,0,125,63,52,120,10" hai1="30,29,77,43,127,73,88,79,80,46,94,27,45" hai2="13,105,68,4,100,6,42,135,67,83,49,121,128" hai3="124,134,39,54,8,91,115,15,84,85,19,112,92"/><T44/><D33/><U82/><E127/><V47/><F121/><W104/><G39/><T32/><D32/><U11/><E11/><V16/><F128/><W71/><G71/><T101/><D74/><U86/><E27/><V114/><F135/><W132/><G124/><T37/><D125/><U31/><REACH who="1" step="1"/><E43/><REACH who="1" ten="413,285,203,89" step="2"/><V78/><F42/><W50/><G104/><T98/><D130/><U103/><E103/><V76/><F100/><W12/><G12/><T1/><D120/><U41/><E41/><V26/><F105/><W18/><G18/><T106/><D10/><U24/><E24/><V108/><F26/><W97/><G132/><T107/><D107/><U118/><E118/><V9/><F9/><W89/><G134/><T102/><D102/><U122/><E122/><V116/><F16/><W20/><G8/><T133/><D133/><U66/><E66/><V81/><F67/><W113/><REACH who="3" step="1"/><G89/><REACH who="3" ten="413,285,203,79" step="2"/><T40/><REACH who="0" step="1"/><D37/><REACH who="0" ten="403,285,203,79" step="2"/><U123/><E123/><V17/><F116/><W61/><G61/><T126/><D126/><U99/><AGARI ba="0,3" hai="29,30,31,45,46,73,77,79,80,82,86,88,94,99" machi="99" ten="30,4000,0" yaku="1,1,0,1,54,1,53,0" doraHai="109" doraHaiUra="14" who="1" fromWho="1" sc="403,-20,285,70,203,-10,79,-10" /><INIT seed="5,0,0,0,2,34" ten="383,355,193,69" oya="1" hai0="81,115,80,69,12,17,75,118,15,20,43,114,44" hai1="7,2,64,19,30,4,98,83,117,96,9,52,128" hai2="59,99,121,22,133,37,5,10,33,56,48,116,25" hai3="29,0,62,1,79,63,93,13,70,123,50,73,39"/><U67/><E117/><V27/><F121/><W14/><G39/><T97/><D69/><U49/><E128/><V102/><F37/><W72/><G123/><T124/><D118/><U130/><E130/><V112/><F116/><W60/><G70/><T78/><D124/><U109/><E109/><V8/><F133/><W46/><G29/><T104/><D80/><U61/><E30/><V120/><F120/><W38/><G38/><T107/><D15/><U77/><E7/><V26/><F112/><N who="0" m="43050" /><D97/><U127/><E19/><V45/><F10/><W86/><G14/><T88/><D88/><U58/><E127/><V16/><F33/><W68/><G68/><T55/><D55/><U3/><E3/><V32/><F32/><W101/><G13/><T103/><D103/><U94/><E94/><V6/><F6/><W84/><G84/><T92/><D92/><U21/><E21/><V24/><F99/><W129/><G129/><T36/><AGARI ba="0,0" hai="12,17,20,36,43,44,75,78,81,104,107" m="43050" machi="36" ten="30,1100,0" yaku="15,1" doraHai="34" who="0" fromWho="0" sc="383,11,355,-5,193,-3,69,-3" /><INIT seed="6,0,0,3,5,77" ten="394,350,190,66" oya="2" hai0="116,80,133,96,59,45,122,43,110,121,15,60,130" hai1="88,104,71,4,9,105,135,23,131,95,66,129,113" hai2="58,87,125,65,27,10,29,6,126,102,94,5,75" hai3="1,67,118,111,18,40,54,92,3,120,98,0,53"/><V68/><F75/><W78/><G120/><T112/><D110/><U86/><E113/><V12/><F68/><W52/><G111/><T44/><D112/><U24/><E135/><V48/><F5/><W127/><G118/><T108/><D108/><U35/><E35/><V106/><F106/><W61/><G127/><T70/><D70/><U51/><E51/><V132/><F132/><W82/><G40/><T85/><D133/><U37/><E37/><V30/><F30/><W91/><G18/><T74/><D74/><U89/><E66/><V49/><F49/><W55/><N who="3" m="13312" /><DORA hai="84" /><W33/><G33/><T25/><D130/><N who="1" m="49675" /><E71/><V128/><F48/><W2/><N who="3" m="0" /><DORA hai="64" /><W73/><REACH who="3" step="1"/><G67/><REACH who="3" ten="394,350,190,56" step="2"/><T93/><D43/><U117/><E117/><V8/><F65/><W103/><G103/><T19/><D116/><U46/><E46/><V32/><F102/><W99/><G99/><T26/><D121/><U17/><E17/><V119/><F119/><W21/><G21/><T72/><D122/><U41/><E41/><V36/><F128/><W28/><G28/><T14/><D45/><U42/><E42/><V97/><F126/><W63/><AGARI ba="0,1" hai="61,63,73,78,82,91,92,98" m="0,13312" machi="63" ten="80,12000,2" yaku="1,1,0,1,52,2,54,1,53,1" doraHai="77,84,64" doraHaiUra="38,79,81" who="3" fromWho="3" sc="394,-30,350,-30,190,-60,56,130" /><INIT seed="7,0,0,2,3,7" ten="364,320,130,186" oya="3" hai0="12,118,98,115,84,19,28,113,82,6,63,122,87" hai1="42,89,85,38,13,71,17,103,91,26,53,79,48" hai2="20,101,11,90,36,47,119,105,102,100,95,52,94" hai3="9,83,5,32,116,121,18,22,67,51,107,126,104"/><W74/><G32/><T46/><D118/><U3/><E3/><V112/><F119/><W58/><G116/><T15/><D122/><U24/><E71/><V114/><F105/><W131/><G121/><T80/><D28/><U97/><E79/><V61/><F36/><W127/><G131/><T0/><D0/><U27/><E42/><V64/><F20/><W39/><G39/><T99/><D6/><U108/><E38/><V54/><F95/><W57/><G57/><T55/><D63/><U62/><E62/><V70/><F47/><W93/><G93/><T128/><D55/><U86/><E86/><V111/><F111/><W23/><G23/><T33/><D33/><U88/><E85/><N who="0" m="32841" /><D46/><U96/><E103/><V72/><F72/><W21/><G21/><N who="0" m="11495" /><D15/><U78/><E78/><V73/><F73/><W124/><G67/><T56/><D56/><N who="1" m="32807" /><E108/><V49/><F49/><W45/><G58/><T133/><D133/><U37/><E37/><V75/><F75/><W16/><G83/><N who="0" m="31787" /><D128/><U132/><E132/><V1/><F1/><W123/><G74/><T59/><D59/><U130/><E130/><V60/><F60/><W66/><G123/><T117/><D117/><U40/><E40/><V34/><F34/><W14/><G104/><T31/><D31/><U135/><E135/><V65/><F65/><W43/><G66/><T110/><D110/><U109/><E109/><V41/><F41/><W44/><G107/><T129/><D129/><U8/><AGARI ba="0,0" hai="8,13,17,24,26,27,88,89,91,96,97" m="32807" machi="8" ten="30,4000,0" yaku="8,1,52,1,54,1" doraHai="7" who="1" fromWho="1" sc="364,-10,320,40,130,-10,186,-20" owari="354,15.4,360,46.0,120,-38.0,166,-23.4" /></mjloggm>