<mjloggm ver="2.3"><GO type="169" lobby="0"/><UN n0="%E7%99%BE%E9%87%8E%E3%81%95%E3%82%93" n1="%E7%8F%BE%E5%A0%B4%E3%81%AD%E3%81%93" n2="%E3%82%BF%E3%82%A4%E4%BA%BA%EF%BC%A0%E3%83%90%E3%83%B3%E3%82%B3%E3%82%AF" n3="%E3%82%86%E3%81%88%EF%BC%A0%E9%9B%80%E9%AC%BC%E6%B5%81%E7%B8%9B%E3%82%8A" dan="17,16,16,17" rate="2183.38,2087.58,2164.15,2162.01" sx="M,M,M,F"/><TAIKYOKU oya="0"/><INIT seed="0,0,0,2,2,118" ten="250,250,250,250" oya="0" hai0="48,86,40,57,30,58,101,99,28,54,127,72,89" hai1="128,135,83,16,96,85,45,109,81,29,129,113,12" hai2="87,53,80,108,116,75,18,26,14,7,38,59,32" hai3="130,47,43,42,33,112,31,3,91,67,44,25,74"/><T22/><D72/><U77/><E109/><V79/><F108/><W102/><G3/><T24/><D127/><U70/><E70/><V82/><F38/><W20/><G112/><T92/><D40/><U69/><E69/><V95/><F116/><W131/><G74/><T56/><REACH who="0" step="1"/><D30/><REACH who="0" ten="240,250,250,250" step="2"/><U21/><E113/><V119/><F119/><W134/><G43/><T37/><D37/><U2/><E29/><V8/><F32/><W126/><G126/><T13/><D13/><U15/><E2/><V9/><F26/><W68/><G33/><T71/><D71/><U64/><E12/><V106/><F14/><W111/><G111/><T10/><D10/><U19/><E15/><V123/><F9/><W27/><G27/><T120/><D120/><U104/><E21/><V51/><F8/><W121/><G42/><T4/><D4/><U117/><E117/><V6/><F123/><W94/><G121/><T41/><D41/><U76/><E128/><V62/><F7/><W46/><G131/><T100/><D100/><U115/><E129/><V50/><F6/><W93/><G130/><T88/><D88/><U97/><E77/><V84/><F79/><W17/><G31/><T107/><AGARI ba="0,1" hai="22,24,28,48,54,56,57,58,86,89,92,99,101,107" machi="107" ten="20,7800,0" yaku="1,1,0,1,7,1,53,1" doraHai="118" doraHaiUra="49" who="0" fromWho="0" sc="240,88,250,-26,250,-26,250,-26" /><INIT seed="0,1,0,2,4,61" ten="328,224,224,224" oya="0" hai0="58,32,50,39,31,37,110,6,127,134,23,55,74" hai1="45,87,0,41,15,66,51,79,130,17,96,84,107" hai2="129,83,89,9,116,128,24,119,19,131,126,93,47" hai3="82,75,124,34,38,11,85,105,121,108,16,26,3"/><T36/><D32/><U102/><E130/><V4/><F47/><W70/><G85/><T25/><D74/><U12/><E0/><N who="2" m="135" /><F83/><W63/><G11/><T76/><D76/><U71/><E79/><V90/><F93/><W123/><G16/><T64/><D127/><U48/><E48/><V7/><F89/><W68/><G26/><T14/><D134/><U106/><E106/><V80/><F90/><W29/><G29/><T44/><D110/><U13/><REACH who="1" step="1"/><E17/><REACH who="1" ten="328,214,224,224" step="2"/><V101/><F126/><W120/><G124/><T59/><D6/><U100/><E100/><V10/><F101/><W43/><G3/><T109/><D109/><U40/><E40/><V92/><F92/><W30/><G105/><T125/><D125/><U77/><E77/><V86/><F80/><W122/><G121/><T88/><D88/><U104/><E104/><V115/><F86/><W46/><G82/><T69/><D39/><U8/><E8/><V111/><F111/><W2/><G108/><T133/><D37/><U28/><E28/><V135/><F135/><W49/><G2/><T65/><D133/><U78/><E78/><V103/><F103/><W114/><G38/><T53/><D36/><U21/><E21/><N who="2" m="13375" /><F115/><W52/><G114/><T98/><D98/><U56/><E56/><N who="0" m="21545" /><D69/><U118/><E118/><V112/><F112/><W20/><G68/><T99/><D99/><U132/><E132/><V27/><F119/><W18/><G70/><T81/><D81/><U97/><E97/><V117/><F116/><W35/><G122/><T5/><D50/><U22/><E22/><V95/><F117/><RYUUKYOKU ba="1,1" sc="328,-10,214,30,224,-10,224,-10" hai1="12,13,15,41,45,51,66,71,84,87,96,102,107" /><INIT seed="1,2,1,0,2,98" ten="318,244,214,214" oya="1" hai0="21,17,33,68,104,49,50,110,99,75,59,55,81" hai1="87,69,24,126,15,123,111,86,73,103,60,107,47" hai2="29,14,83,13,119,63,80,45,37,78,62,40,132" hai3="76,16,58,114,12,117,106,1,101,4,84,3,121"/><U5/><E123/><V116/><F132/><W85/><G4/><T120/><D68/><U43/><E73/><V46/><F29/><W115/><G121/><T30/><D120/><U23/><E126/><V61/><F78/><W2/><G117/><T77/><D33/><U54/><E5/><V102/><F63/><W9/><G58/><T100/><D30/><U32/><E15/><V67/><F40/><W7/><G7/><T20/><D110/><U90/><E32/><V27/><F27/><W64/><G64/><T71/><D71/><U128/><E128/><V133/><F67/><W22/><G9/><T97/><D97/><U18/><E69/><V93/><F93/><W65/><G65/><T94/><D104/><U10/><E10/><V95/><F95/><W74/><G74/><T51/><D21/><U131/><E131/><V56/><F56/><W8/><G8/><T134/><D134/><U130/><E130/><V26/><F26/><AGARI ba="2,1" hai="17,20,26,49,50,51,55,59,75,77,81,94,99,100" machi="26" ten="30,2000,0" yaku="7,1,52,1" doraHai="98" who="0" fromWho="2" sc="318,36,244,0,214,-26,214,0" /><INIT seed="2,0,0,4,4,4" ten="354,244,188,214" oya="2" hai0="44,59,42,99,114,26,102,110,120,27,103,9,100" hai1="78,28,90,34,58,84,92,133,113,77,53,25,33" hai2="67,96,30,132,87,83,130,104,82,18,94,95,97" hai3="131,12,49,14,41,20,22,68,29,62,47,36,122"/><V2/><F2/><W5/><G29/><T50/><D120/><U123/><E123/><V8/><F132/><W39/><G122/><T109/><D114/><U108/><E113/><V75/><F130/><W116/><G116/><T121/><D121/><U72/><E133/><V111/><F30/><W60/><G131/><T135/><D135/><U118/><E118/><V21/><F111/><N who="0" m="42506" /><D59/><U38/><E38/><V16/><F104/><W98/><G98/><N who="2" m="37993" /><F67/><W0/><G0/><T61/><D61/><U11/><E34/><V56/><F56/><W10/><G60/><T69/><D69/><U74/><E108/><V17/><F75/><W40/><G40/><T134/><D134/><U88/><E90/><N who="2" m="51575" /><F83/><W65/><REACH who="3" step="1"/><G14/><REACH who="3" ten="354,244,188,204" step="2"/><T115/><D115/><U1/><E72/><V6/><F21/><AGARI ba="0,1" hai="5,10,12,20,21,22,36,39,41,47,49,62,65,68" machi="21" ten="40,5200,0" yaku="1,1,2,1,52,1,53,0" doraHai="4" doraHaiUra="127" who="3" fromWho="2" sc="354,0,244,0,188,-52,204,62" /><INIT seed="3,0,0,1,4,36" ten="354,244,136,266" oya="3" hai0="5,110,69,57,51,21,92,20,30,42,67,39,52" hai1="111,102,16,104,96,84,1,53,62,63,7,37,114" hai2="2,124,19,88,108,49,66,10,91,100,3,9,29" hai3="27,133,81,26,106,86,4,126,64,103,71,11,123"/><W44/><G106/><T80/><D110/><U43/><E111/><V12/><F108/><W48/><G123/><T119/><D119/><U87/><E114/><V60/><F124/><W17/><G126/><T135/><D135/><U116/><E116/><V32/><F100/><W118/><G118/><T58/><D5/><U95/><E7/><V55/><F29/><W28/><G103/><T70/><D80/><U93/><E1/><V31/><F31/><W79/><G133/><T99/><D58/><U50/><E104/><V109/><F32/><W128/><G128/><T97/><D70/><U76/><E95/><V22/><F109/><W74/><G74/><T85/><D85/><U77/><E37/><V83/><F3/><W98/><G98/><T78/><D78/><U38/><E38/><V120/><F120/><W127/><G127/><T14/><D14/><U131/><E131/><V107/><F107/><W45/><G45/><N who="0" m="23775" /><D30/><U121/><E121/><V105/><F105/><W115/><G17/><T65/><D65/><U47/><E77/><V72/><F72/><W112/><G64/><T130/><D130/><U134/><E134/><V6/><F22/><N who="0" m="8810" /><D92/><U8/><E53/><V89/><F66/><W33/><G27/><T122/><D122/><U117/><E117/><V0/><F60/><AGARI ba="0,0" hai="51,52,57,60,67,69,97,99" m="8810,23775" machi="60" ten="30,3900,0" yaku="24,1,52,1,54,1" doraHai="36" who="0" fromWho="2" sc="354,39,244,0,136,-39,266,0" /><INIT seed="4,0,0,1,4,1" ten="393,244,97,266" oya="0" hai0="120,118,129,124,72,75,106,9,114,102,8,52,111" hai1="113,42,57,127,133,25,126,68,105,131,16,0,46" hai2="128,18,39,49,28,48,119,43,11,117,24,98,56" hai3="61,85,21,78,20,19,109,134,50,44,27,58,41"/><T101/><D118/><U14/><E105/><V45/><F128/><W12/><G78/><T104/><D120/><U121/><E121/><V60/><F98/><W86/><G134/><T63/><D129/><U93/><E68/><V22/><F117/><W47/><G47/><T17/><D114/><U79/><E0/><V35/><F119/><W54/><REACH who="3" step="1"/><G109/><REACH who="3" ten="393,244,97,256" step="2"/><T7/><D111/><U70/><E79/><V51/><F11/><W82/><G82/><T95/><D9/><U23/><E133/><V53/><REACH who="2" step="1"/><F39/><REACH who="2" ten="393,244,87,256" step="2"/><W90/><G90/><T62/><D8/><U89/><E131/><V73/><F73/><W125/><G125/><T92/><D124/><U37/><E126/><V91/><F91/><W4/><G4/><T65/><D7/><U135/><E127/><V84/><F84/><W122/><G122/><T66/><D75/><U83/><E135/><V59/><F59/><W80/><G80/><T3/><D72/><U26/><E57/><V38/><F38/><W107/><G107/><T100/><D104/><U108/><E108/><V94/><F94/><W32/><G32/><T110/><D106/><U88/><E89/><V81/><F81/><W132/><G132/><T36/><D110/><U6/><E83/><V123/><F123/><W99/><G99/><T5/><D36/><U29/><E37/><V34/><F34/><W2/><G2/><T74/><D74/><U10/><E93/><V55/><F55/><W116/><G116/><T64/><D52/><U33/><E88/><V97/><F97/><W130/><G130/><T67/><N who="0" m="16384" /><DORA hai="112" /><T115/><D95/><RYUUKYOKU ba="0,2" sc="393,-15,244,-15,87,15,256,15" hai2="18,22,24,28,35,43,45,48,49,51,53,56,60" hai3="12,19,20,21,27,41,44,50,54,58,61,85,86" /><INIT seed="5,1,2,0,0,134" ten="378,229,102,271" oya="1" hai0="51,90,52,102,110,83,55,17,50,15,33,46,118" hai1="38,1,12,27,85,97,48,60,92,56,28,132,98" hai2="36,130,43,103,0,125,41,45,44,16,22,91,81" hai3="20,108,80,7,42,124,101,40,113,66,18,71,5"/><U75/><E1/><V104/><F0/><W82/><G101/><T10/><D110/><U109/><E75/><V13/><F130/><W99/><G108/><T69/><D69/><U14/><E38/><V122/><F122/><W67/><G99/><T84/><D33/><U86/><E109/><V25/><F103/><W26/><G113/><T95/><D118/><U114/><E114/><V106/><F125/><W128/><G128/><T54/><D102/><U57/><E48/><N who="0" m="18473" /><D46/><U89/><E132/><V49/><F91/><W30/><G30/><T79/><D79/><U74/><E74/><V117/><F117/><W59/><G71/><T112/><D112/><U105/><E57/><V58/><F58/><W35/><G35/><T64/><D64/><N who="1" m="38919" /><E105/><V116/><F116/><W88/><G82/><AGARI ba="1,2" hai="10,15,17,52,54,55,82,83,84,90,95" m="18473" machi="82" ten="30,2000,0" yaku="8,1,54,1" doraHai="134" who="0" fromWho="3" sc="378,43,229,0,102,0,271,-23" /><INIT seed="6,0,0,1,3,111" ten="421,229,102,248" oya="2" hai0="82,127,11,12,59,129,115,0,46,79,22,56,14" hai1="33,98,131,96,53,67,135,133,42,112,94,27,122" hai2="52,83,113,125,119,118,65,66,110,75,95,73,54" hai3="69,86,99,76,26,5,134,87,3,85,70,90,108"/><V107/><F110/><W114/><G3/><T23/><D129/><U97/><E131/><V126/><F107/><W6/><G108/><T106/><D106/><U45/><E122/><V8/><F8/><W18/><G76/><T1/><D127/><N who="2" m="48650" /><F95/><W91/><G99/><T121/><D46/><U21/><E33/><V48/><F83/><W100/><G18/><T101/><D101/><U25/><E67/><N who="2" m="25611" /><F113/><W31/><G100/><T35/><D35/><U120/><E53/><N who="2" m="20587" /><F48/><W78/><G78/><T4/><D121/><U13/><E120/><V40/><F40/><W29/><G87/><T89/><D115/><U60/><E94/><V105/><F105/><W104/><G104/><T74/><D82/><U55/><E112/><V64/><N who="2" m="25619" /><V84/><DORA hai="77" /><F84/><W102/><G102/><T19/><D79/><U15/><E42/><V132/><F132/><W93/><G93/><T7/><D74/><AGARI ba="0,0" hai="73,74,75,118,119" m="20587,25619,48650" machi="74" ten="40,12000,1" yaku="28,2,18,1,54,1" doraHai="111,77" who="2" fromWho="0" sc="421,-120,229,0,102,120,248,0" /><INIT seed="6,1,0,3,2,68" ten="301,229,222,248" oya="2" hai0="119,31,103,14,4,73,28,133,85,55,78,80,94" hai1="95,64,54,116,91,1,118,50,52,131,35,30,101" hai2="71,120,130,36,129,67,105,111,132,75,57,128,97" hai3="5,58,99,72,100,63,39,92,104,46,45,117,74"/><V3/><RYUUKYOKU type="yao9" ba="1,0" sc="301,0,229,0,222,0,248,0" hai2="3,36,57,67,71,75,97,105,111,120,128,129,130,132" /><INIT seed="6,2,0,2,5,8" ten="301,229,222,248" oya="2" hai0="43,12,13,76,47,123,91,93,57,88,41,115,118" hai1="135,62,1,50,35,16,117,71,24,0,52,32,133" hai2="110,82,134,87,4,11,109,38,95,48,58,105,108" hai3="130,75,124,60,40,101,25,61,77,9,30,86,3"/><V96/><F38/><W78/><G101/><T111/><D123/><U7/><E117/><V97/><F105/><W63/><G124/><T128/><D111/><U73/><E73/><V70/><F70/><W72/><G130/><T107/><D107/><U100/><E100/><V23/><F134/><N who="1" m="51209" /><E71/><V125/><F125/><W85/><G40/><N who="0" m="15435" /><D128/><U45/><E62/><V120/><F120/><W27/><G9/><T103/><D115/><U20/><E7/><V59/><F23/><W132/><G132/><T19/><D76/><U98/><E98/><N who="2" m="37995" /><F95/><W46/><G46/><T92/><D103/><U2/><AGARI ba="2,0" hai="0,1,2,16,20,24,32,35,45,50,52" m="51209" machi="2" ten="40,5200,0" yaku="20,1,54,2" doraHai="8" who="1" fromWho="1" sc="301,-15,229,58,222,-28,248,-15" /><INIT seed="7,0,0,1,3,108" ten="286,287,194,233" oya="3" hai0="104,112,4,122,35,128,49,46,5,134,43,11,98" hai1="74,111,18,30,37,113,19,83,13,99,61,39,115" hai2="58,28,0,41,82,21,38,10,57,63,131,56,116" hai3="102,9,34,85,15,54,124,12,93,45,25,29,48"/><W64/><G64/><T129/><D122/><U62/><E30/><V33/><F116/><W40/><G124/><T32/><D134/><U119/><E111/><V17/><F131/><N who="0" m="50250" /><D112/><N who="1" m="43083" /><E119/><V3/><F41/><W72/><G72/><T123/><D123/><U69/><E99/><V96/><F38/><N who="1" m="14345" /><E69/><V22/><F96/><W68/><G68/><T88/><D5/><U77/><E19/><V60/><F82/><W67/><G67/><T120/><D120/><U79/><E77/><V125/><F125/><W130/><G130/><T70/><D70/><U76/><E79/><V84/><F84/><W95/><G85/><T44/><D44/><U31/><E31/><V23/><F33/><W73/><G102/><N who="0" m="62551" /><D88/><U91/><E91/><V53/><F28/><W107/><G107/><T110/><D110/><U24/><E24/><V90/><F90/><W50/><G25/><T94/><D94/><U106/><E106/><V6/><F17/><W81/><G29/><T101/><D101/><U20/><AGARI ba="0,0" hai="13,18,20,61,62,74,76,83" m="14345,43083" machi="20" ten="30,7900,0" yaku="15,1,52,3" doraHai="108" who="1" fromWho="1" sc="286,-20,287,79,194,-20,233,-39" owari="266,6.6,366,46.6,174,-32.6,194,-20.6" /></mjloggm>