<mjloggm ver="2.3"><GO type="169" lobby="0"/><UN n0="%E3%83%87%E3%83%A9%E3%82%B3%E3%83%83%E3%82%B3" n1="%E8%B5%A4%E7%BE%8E%E6%BF%83%E3%81%BE%E3%81%90%E3%82%8D" n2="%E3%81%AF%E3%81%84%E3%82%8C%E3%81%AB%E3%82%83%E3%82%93" n3="%E3%83%A1%E3%82%BF%E3%83%93%E3%83%BC%E3%83%88" dan="16,17,16,19" rate="2147.77,2203.11,2035.35,2258.48" sx="M,M,M,M"/><TAIKYOKU oya="0"/><INIT seed="0,0,0,0,5,90" ten="250,250,250,250" oya="0" hai0="121,92,127,62,19,31,71,14,113,16,100,95,114" hai1="103,56,60,63,32,72,29,52,30,64,27,28,12" hai2="89,6,107,61,101,132,131,35,1,133,119,84,117" hai3="41,22,102,17,57,109,83,128,125,85,126,70,20"/><T21/><D121/><U74/><E103/><V0/><F35/><W46/><G70/><T108/><D31/><U44/><E29/><V104/><F6/><W75/><G109/><T129/><D108/><U88/><E30/><V76/><F0/><W43/><G75/><T79/><D129/><U68/><E12/><V116/><F1/><W18/><G57/><T3/><D3/><U87/><REACH who="1" step="1"/><E44/><REACH who="1" ten="250,240,250,250" step="2"/><V59/><F101/><W91/><G102/><T94/><D100/><U49/><E49/><V45/><F45/><W15/><G128/><T48/><D48/><U51/><E51/><V123/><F131/><W77/><G46/><T40/><D40/><U97/><E97/><V78/><F107/><W54/><G41/><T26/><D127/><U96/><E96/><V120/><F104/><W112/><G43/><T81/><D62/><U9/><E9/><V105/><F105/><W66/><G125/><T135/><D135/><N who="2" m="51786" /><F123/><W67/><G126/><T115/><D71/><U98/><E98/><V82/><F120/><W5/><G15/><T23/><REACH who="0" step="1"/><D114/><REACH who="0" ten="240,240,250,250" step="2"/><U25/><E25/><V50/><F50/><W33/><G112/><T37/><D37/><U122/><E122/><V36/><F36/><W8/><G33/><T7/><D7/><U106/><E106/><V24/><F24/><W111/><G111/><T69/><D69/><U134/><E134/><V13/><F13/><W73/><G5/><T42/><D42/><U130/><E130/><V65/><AGARI ba="0,2" hai="59,61,65,76,78,82,84,89,116,117,119" m="51786" machi="65" ten="40,2700,0" yaku="12,1,20,1" doraHai="90" who="2" fromWho="2" sc="240,-13,240,-7,250,47,250,-7" /><INIT seed="1,0,0,2,3,130" ten="227,233,297,243" oya="1" hai0="85,127,29,26,133,69,39,90,72,32,13,82,95" hai1="112,38,125,45,56,101,21,37,80,66,47,115,64" hai2="70,93,120,42,83,113,35,25,2,6,129,106,18" hai3="126,87,128,104,50,7,15,132,60,77,79,110,116"/><U121/><E101/><V103/><F120/><W67/><G104/><T10/><D69/><U54/><E80/><V16/><F70/><W91/><G110/><T89/><D39/><N who="1" m="14859" /><E21/><V119/><F119/><W12/><G116/><T51/><D127/><U22/><E22/><V11/><F129/><W41/><G126/><T86/><D51/><U107/><E107/><V43/><F113/><N who="1" m="43593" /><E121/><V78/><F106/><W1/><G91/><T123/><D123/><U23/><E23/><V61/><F61/><W68/><G60/><T63/><D63/><N who="1" m="36247" /><E125/><V59/><F93/><W97/><G79/><T96/><D72/><U33/><E33/><V84/><F103/><W36/><G77/><T135/><REACH who="0" step="1"/><D96/><REACH who="0" ten="217,233,297,243" step="2"/><U57/><E57/><V105/><F84/><W8/><G87/><T118/><D118/><U122/><E122/><V9/><F59/><W73/><G97/><T24/><D24/><U34/><E34/><V102/><F25/><W17/><G73/><T100/><D100/><U131/><E131/><V62/><F35/><W74/><G74/><T14/><D14/><U58/><E58/><V49/><F102/><W3/><G15/><T20/><D20/><U99/><E99/><V0/><F2/><W109/><G1/><T4/><AGARI ba="0,1" hai="4,10,13,26,29,32,82,85,86,89,90,95,133,135" machi="4" ten="30,12000,2" yaku="1,1,0,1,52,2,53,2" doraHai="130" doraHaiUra="81" who="0" fromWho="0" sc="217,130,233,-60,297,-30,243,-30" /><INIT seed="2,0,0,5,3,65" ten="347,173,267,213" oya="2" hai0="133,22,121,60,68,53,30,51,105,82,123,108,119" hai1="38,93,62,48,134,106,56,102,107,77,31,25,5" hai2="39,9,98,41,97,50,86,115,6,89,125,42,83" hai3="34,80,11,40,114,72,2,37,109,49,45,95,135"/><V61/><F115/><W4/><G34/><T101/><D108/><U71/><E38/><V13/><F125/><W129/><G109/><T47/><D133/><U130/><E130/><V126/><F126/><W94/><G135/><T35/><D82/><U36/><E36/><V84/><F39/><W74/><G129/><T110/><D22/><U52/><E134/><V33/><F33/><W24/><G114/><T79/><D79/><U59/><E77/><V27/><F61/><W29/><G49/><T1/><D1/><U8/><E93/><V44/><F42/><W7/><G7/><T43/><D53/><U78/><E78/><V67/><F67/><W132/><G132/><T57/><D57/><U63/><E48/><V104/><F104/><W85/><G24/><N who="0" m="18887" /><D119/><U88/><E88/><V17/><F86/><W103/><G29/><T0/><D0/><U55/><E102/><V28/><REACH who="2" step="1"/><F6/><REACH who="2" ten="347,173,257,213" step="2"/><W124/><G124/><T120/><D110/><U66/><E66/><V46/><F46/><W87/><G87/><T99/><D123/><U3/><REACH who="1" step="1"/><E71/><REACH who="1" ten="347,163,257,213" step="2"/><V100/><F100/><W75/><G103/><T70/><D70/><U58/><E58/><V81/><F81/><W113/><G113/><T111/><D111/><U90/><E90/><V21/><AGARI ba="0,2" hai="9,13,17,21,27,28,41,44,50,83,84,89,97,98" machi="21" ten="20,12000,1" yaku="1,1,0,1,7,1,8,1,53,1" doraHai="65" doraHaiUra="76" who="2" fromWho="2" sc="347,-40,163,-40,257,140,213,-40" /><INIT seed="2,1,0,5,3,125" ten="307,123,397,173" oya="2" hai0="97,54,88,23,65,20,68,5,85,114,28,96,117" hai1="59,22,38,39,80,36,105,101,55,109,50,33,3" hai2="127,60,94,32,46,0,100,64,27,66,118,24,90" hai3="115,110,63,116,119,102,91,41,74,78,8,12,57"/><V62/><F118/><W77/><G110/><T18/><D114/><U87/><E109/><V29/><F127/><W34/><G115/><T98/><D5/><U73/><E73/><V40/><F0/><W108/><G108/><T69/><D117/><U131/><E3/><V7/><F7/><W45/><G34/><T42/><D42/><U72/><E72/><V47/><F100/><W58/><G102/><T9/><D65/><U84/><E33/><V129/><F129/><W75/><G74/><T11/><D69/><U44/><E131/><V56/><F27/><W26/><G26/><N who="0" m="16455" /><D54/><U17/><E105/><V19/><F19/><W86/><G58/><T48/><D48/><U104/><E104/><V135/><F135/><W10/><G10/><T112/><D68/><U61/><E101/><V95/><F47/><W52/><G75/><T51/><D51/><U79/><E87/><V21/><F32/><W123/><G123/><T81/><D112/><U15/><REACH who="1" step="1"/><E39/><REACH who="1" ten="307,113,397,173" step="2"/><V16/><F29/><W76/><G86/><T106/><D106/><U35/><E35/><V13/><F95/><W6/><REACH who="3" step="1"/><G91/><REACH who="3" ten="307,113,397,163" step="2"/><T82/><D82/><U2/><E2/><V83/><F83/><W53/><G53/><AGARI ba="1,2" hai="15,17,22,36,38,44,50,53,55,59,61,79,80,84" machi="53" ten="30,2000,0" yaku="1,1,7,1,53,0" doraHai="125" doraHaiUra="89" who="1" fromWho="3" sc="307,0,113,43,397,0,163,-23" /><INIT seed="3,0,0,4,2,16" ten="307,156,397,140" oya="3" hai0="35,76,9,82,10,73,18,99,46,47,83,102,85" hai1="44,7,124,54,17,53,37,60,19,32,80,24,110" hai2="130,70,64,23,75,105,11,14,42,77,31,133,1" hai3="119,134,0,34,12,63,22,59,89,49,36,58,97"/><W29/><G36/><T40/><D35/><U116/><E110/><V129/><F105/><W113/><G113/><T106/><D18/><U94/><E124/><V2/><F133/><W95/><G0/><T86/><D73/><U26/><E116/><V120/><F42/><W3/><G3/><T33/><D33/><U61/><E7/><V108/><F108/><W65/><G119/><T72/><D72/><U87/><E94/><V4/><F70/><W91/><G134/><T27/><D27/><N who="1" m="10283" /><E37/><V107/><F64/><W20/><G34/><T93/><D106/><U69/><E69/><V78/><F107/><W6/><G29/><T51/><REACH who="0" step="1"/><D46/><REACH who="0" ten="297,156,397,140" step="2"/><U71/><E17/><V15/><F75/><W56/><G6/><T55/><D55/><U132/><E19/><V8/><F4/><W68/><G49/><T28/><D28/><U98/><E53/><V128/><F31/><W126/><G126/><T112/><D112/><U74/><E54/><V109/><F109/><W122/><G122/><T96/><D96/><U41/><E44/><V88/><F11/><W5/><REACH who="3" step="1"/><G91/><AGARI ba="0,1" hai="9,10,40,47,51,76,82,83,85,86,91,93,99,102" machi="91" ten="30,3900,0" yaku="1,1,7,1,8,1,53,0" doraHai="16" doraHaiUra="111" who="0" fromWho="3" sc="297,49,156,0,397,0,140,-39" /><INIT seed="4,0,0,5,4,117" ten="346,156,397,101" oya="0" hai0="6,34,63,53,88,49,11,133,4,124,65,1,9" hai1="113,40,128,32,59,99,119,134,21,120,111,129,28" hai2="107,115,19,20,42,114,73,135,94,17,23,85,100" hai3="126,18,55,29,89,41,93,74,132,26,52,121,35"/><T0/><D124/><U72/><E72/><V110/><F73/><W130/><G126/><T8/><D133/><U12/><E119/><V78/><F110/><W61/><G132/><T64/><D34/><U102/><E111/><V80/><F135/><W44/><G130/><T15/><D63/><U127/><E113/><N who="2" m="43019" /><F42/><W43/><G74/><T98/><D15/><U62/><E40/><V57/><F107/><W81/><G81/><T122/><D8/><U131/><E127/><V67/><F94/><W36/><G41/><T16/><D16/><U5/><E32/><V125/><F100/><W82/><G82/><T3/><D3/><U51/><E51/><V83/><F83/><W56/><G18/><N who="2" m="6665" /><F125/><W71/><G71/><T104/><D122/><U77/><E77/><V38/><F38/><W69/><G69/><T91/><D104/><U47/><E134/><V30/><F30/><W90/><G121/><T84/><D98/><U22/><E28/><V66/><F57/><W97/><REACH who="3" step="1"/><G89/><REACH who="3" ten="346,156,397,91" step="2"/><T118/><D118/><U87/><E120/><V46/><F80/><W101/><G101/><T108/><D108/><U45/><E131/><V58/><F78/><W123/><G123/><T103/><D103/><U54/><E129/><V33/><F33/><W27/><G27/><T60/><D91/><U2/><E128/><V7/><F20/><W39/><G39/><T68/><D88/><U112/><E22/><V95/><F23/><W50/><G50/><T48/><D48/><U24/><E21/><V96/><F7/><W70/><G70/><T106/><D68/><U116/><E112/><RYUUKYOKU ba="0,1" sc="346,-10,156,-10,397,-10,91,30" hai3="26,29,35,36,43,44,52,55,56,61,90,93,97" /><INIT seed="5,1,1,0,4,70" ten="336,146,387,121" oya="1" hai0="80,28,130,51,82,84,47,120,62,40,7,69,54" hai1="132,123,24,39,36,101,76,89,112,135,79,115,60" hai2="48,109,74,71,56,111,15,3,92,33,44,23,19" hai3="99,124,25,59,64,42,31,63,4,0,102,75,67"/><U16/><E101/><V5/><F71/><W46/><G75/><T53/><D130/><U108/><E123/><V10/><F74/><W8/><G124/><T129/><D129/><U61/><E89/><V66/><F92/><W125/><G125/><T11/><D28/><U118/><E108/><V26/><F56/><W68/><G64/><T49/><D120/><U85/><E118/><V122/><F66/><W72/><G72/><T50/><D69/><U22/><E61/><V13/><F122/><W55/><G55/><T88/><D80/><N who="1" m="47239" /><E79/><V65/><F65/><W57/><G46/><T87/><D87/><U58/><E58/><V27/><F15/><W20/><REACH who="3" step="1"/><G42/><REACH who="3" ten="336,146,387,111" step="2"/><T119/><D119/><U103/><E60/><V21/><F44/><W38/><G38/><N who="1" m="14378" /><E103/><V12/><F48/><W121/><G121/><T94/><D62/><U96/><E96/><V114/><F111/><W86/><G86/><T41/><D49/><U93/><E93/><AGARI ba="1,2" hai="0,4,8,20,25,31,57,59,63,67,68,93,99,102" machi="93" ten="30,2000,0" yaku="1,1,7,1,53,0" doraHai="70" doraHaiUra="116" who="3" fromWho="1" sc="336,0,146,-23,387,0,111,43" /><INIT seed="6,0,0,0,0,78" ten="336,123,387,154" oya="2" hai0="36,95,37,47,72,26,61,84,64,92,120,117,121" hai1="21,82,122,132,0,94,129,103,56,7,28,43,123" hai2="91,31,41,68,45,59,46,30,24,20,108,88,54" hai3="116,40,119,133,96,12,8,81,73,102,39,60,135"/><V17/><F68/><W34/><G34/><T9/><D72/><U67/><E43/><V105/><F105/><W32/><G32/><T131/><D131/><U51/><E7/><V5/><F108/><W50/><G39/><T76/><D26/><N who="1" m="16463" /><E0/><V112/><F112/><W15/><G60/><T14/><D117/><U75/><E75/><V113/><F113/><W52/><G40/><T4/><D95/><U99/><E129/><V29/><F5/><W80/><G116/><T124/><D124/><U42/><E132/><N who="3" m="50762" /><G119/><T35/><D35/><U130/><E130/><V77/><F77/><N who="3" m="44079" /><G81/><T74/><D74/><U70/><E70/><V85/><F41/><W111/><G8/><T101/><D76/><U63/><E42/><V126/><F91/><W83/><G83/><T3/><D61/><U110/><E110/><V71/><F71/><W25/><G25/><T23/><D9/><U49/><E82/><N who="2" m="49207" /><F126/><W134/><N who="3" m="50770" /><W27/><DORA hai="86" /><G27/><T22/><D4/><U107/><E107/><V11/><F11/><W38/><G38/><T125/><D125/><U66/><E66/><V55/><F55/><W127/><G127/><T65/><D64/><U79/><E79/><V106/><F106/><N who="3" m="63815" /><G111/><T62/><D65/><U118/><E118/><V104/><F104/><W98/><G98/><T57/><D36/><U90/><E90/><V128/><F128/><W18/><G18/><T93/><D37/><U114/><E114/><V33/><F33/><W48/><G52/><T109/><D109/><U6/><E6/><V89/><F89/><W97/><G97/><T13/><D101/><RYUUKYOKU ba="0,0" sc="336,-30,123,10,387,10,154,10" hai1="49,51,56,63,67,94,99,103,122,123" hai2="17,20,24,29,30,31,45,46,54,59" hai3="12,15,48,50" /><INIT seed="6,1,0,0,1,0" ten="306,133,397,164" oya="2" hai0="54,129,132,104,48,97,50,4,134,25,57,29,72" hai1="17,87,20,30,103,63,119,16,1,49,115,44,28" hai2="85,3,109,75,10,96,108,101,41,64,81,22,65" hai3="128,112,117,73,89,12,135,39,6,55,32,62,79"/><V91/><F41/><W127/><G32/><T67/><D72/><U120/><E119/><V19/><F75/><W59/><G117/><T66/><D129/><U27/><E1/><V45/><F45/><W35/><G35/><T110/><D110/><U15/><E115/><V69/><F69/><W131/><G39/><T46/><D104/><U24/><E120/><V34/><F34/><W51/><G112/><T88/><D4/><U114/><E114/><V61/><F61/><W11/><G135/><N who="0" m="51755" /><D97/><U116/><E116/><V2/><F2/><W83/><G127/><T7/><D7/><U26/><E103/><V105/><F10/><W78/><G78/><T106/><D106/><U86/><E63/><V113/><F3/><W33/><G33/><N who="0" m="20655" /><D88/><U107/><E107/><V95/><F105/><W98/><G98/><T90/><D90/><U53/><E17/><V43/><F113/><W126/><G126/><T100/><D100/><U56/><E44/><V94/><F95/><W52/><REACH who="3" step="1"/><G89/><REACH who="3" ten="306,133,397,154" step="2"/><T58/><D58/><AGARI ba="1,1" hai="6,11,12,51,52,55,58,59,62,73,79,83,128,131" machi="58" ten="40,8000,1" yaku="1,1,2,1,52,1,54,1,53,0" doraHai="0" doraHaiUra="21" who="3" fromWho="0" sc="306,-83,133,0,397,0,154,93" /><INIT seed="7,0,0,1,5,134" ten="223,133,397,247" oya="3" hai0="28,97,120,21,27,124,48,73,18,24,9,0,110" hai1="84,79,71,108,7,70,133,93,55,17,33,92,65" hai2="37,59,88,29,135,127,54,69,126,119,35,46,104" hai3="87,19,132,78,128,62,66,121,34,57,106,38,39"/><W125/><G106/><T81/><D110/><U86/><E33/><V68/><F104/><W44/><G34/><N who="0" m="20743" /><D97/><U75/><E75/><V76/><F76/><W90/><G132/><T41/><D48/><U94/><E133/><V129/><F129/><W89/><G121/><T52/><D52/><U123/><E123/><V96/><F35/><W111/><G111/><T40/><D40/><U2/><E108/><V22/><F29/><W122/><G122/><T15/><D41/><U98/><E98/><V83/><F22/><W131/><G89/><T91/><D73/><U102/><E102/><V5/><F5/><W67/><G78/><T99/><D99/><U101/><E101/><V3/><F3/><W49/><G67/><T8/><D81/><U58/><E65/><V82/><F119/><W64/><G38/><T130/><D91/><U14/><E7/><V109/><F109/><W114/><G39/><T51/><D51/><U11/><E2/><V25/><F25/><W20/><G64/><T115/><D120/><U80/><E71/><V56/><F69/><W95/><G128/><T85/><D85/><U105/><E70/><V112/><F68/><W12/><G131/><T118/><D118/><U107/><E107/><V42/><F112/><W50/><G114/><T63/><D130/><U103/><E105/><V13/><F88/><W4/><G90/><T26/><D115/><U53/><E103/><V100/><F100/><W6/><G87/><N who="1" m="33322" /><E58/><V61/><F135/><W10/><G57/><T16/><D0/><U116/><E116/><V32/><F37/><W43/><G66/><RYUUKYOKU ba="0,0" sc="223,-10,133,30,397,-10,247,-10" hai1="11,14,17,53,55,79,80,92,93,94" owari="213,-18.7,163,-33.7,387,48.7,237,3.7" /></mjloggm>