<mjloggm ver="2.3"><GO type="169" lobby="0"/><UN n0="%E3%81%99%E3%81%91%E3%81%B4%E3%82%87%E3%82%93" n1="%E9%A2%A8%E3%81%A7%E9%B3%B4%E3%81%8F" n2="%E3%81%8D%E3%81%84%E3%81%AA" n3="%E3%81%A1%E3%82%83%E3%81%B0%E3%82%8A%E3%83%BC%E3%82%84" dan="16,16,17,16" rate="2129.14,2164.68,2173.15,2097.08" sx="M,M,F,M"/><TAIKYOKU oya="0"/><INIT seed="0,0,0,0,4,87" ten="250,250,250,250" oya="0" hai0="64,98,27,57,92,20,90,36,94,82,6,132,70" hai1="42,12,58,129,122,117,78,75,97,69,45,99,84" hai2="62,50,123,38,110,44,112,91,72,77,119,60,120" hai3="100,80,109,47,125,81,32,26,51,108,88,9,11"/><T96/><D36/><U93/><E69/><V85/><F112/><W37/><G37/><T7/><D70/><U41/><E75/><V16/><F38/><W43/><G100/><T5/><D132/><U114/><E117/><V105/><F105/><W52/><G125/><T18/><D82/><U14/><E122/><V89/><F110/><N who="3" m="42603" /><G81/><T46/><D46/><U49/><E42/><V59/><F72/><W134/><G134/><T10/><D10/><U79/><E97/><V0/><F0/><W106/><G106/><T118/><D118/><U73/><E73/><V63/><F119/><W76/><G76/><T126/><D126/><U111/><E129/><V124/><F124/><W23/><G32/><T54/><D64/><U102/><E114/><V33/><F59/><W113/><G43/><T39/><D39/><U67/><E111/><V8/><F33/><W55/><G55/><T21/><D21/><U107/><E79/><V13/><F123/><W3/><G3/><T128/><D128/><U86/><E107/><V130/><F130/><W28/><G113/><T4/><D4/><U34/><E34/><V103/><F103/><W95/><G80/><T61/><D7/><U1/><E1/><V115/><F115/><W135/><G135/><T116/><D116/><U35/><E35/><V30/><F120/><W121/><G121/><T133/><D133/><U2/><E2/><V25/><F77/><W17/><G28/><T19/><D19/><U131/><E78/><V83/><F30/><W56/><G47/><T48/><D48/><U71/><E71/><V68/><F68/><RYUUKYOKU ba="0,0" sc="250,15,250,-15,250,-15,250,15" hai0="5,6,18,20,27,54,57,61,90,92,94,96,98" hai3="9,11,17,23,26,51,52,56,88,95" /><INIT seed="0,1,0,0,5,36" ten="265,235,235,265" oya="0" hai0="130,122,90,74,4,7,93,116,10,78,56,43,44" hai1="19,103,26,101,42,68,117,61,22,55,25,92,88" hai2="99,111,73,114,1,70,17,107,11,30,100,127,15" hai3="51,132,60,20,32,24,6,40,14,52,0,34,85"/><T39/><D122/><U38/><E117/><V121/><F114/><W47/><G132/><T49/><D116/><U66/><E55/><V83/><F121/><W119/><G119/><T46/><D130/><U113/><E113/><V81/><F111/><W13/><G0/><T75/><D56/><U9/><E9/><V18/><F127/><W115/><G115/><T69/><D69/><U63/><E63/><V28/><F70/><W37/><G60/><T59/><D59/><U64/><E64/><V12/><F1/><W105/><G105/><T128/><D128/><U79/><E79/><V129/><F129/><W29/><G85/><T23/><D23/><U104/><E104/><V118/><F118/><W135/><G135/><T45/><D45/><U89/><E89/><V108/><F108/><W80/><G80/><T67/><D67/><U94/><E94/><V102/><F102/><W21/><G13/><T84/><D78/><U71/><E26/><V112/><F112/><W31/><G31/><T53/><REACH who="0" step="1"/><D7/><REACH who="0" ten="255,235,235,265" step="2"/><U87/><REACH who="1" step="1"/><E71/><REACH who="1" ten="255,225,235,265" step="2"/><V76/><REACH who="2" step="1"/><F81/><REACH who="2" ten="255,225,225,265" step="2"/><W97/><G32/><T77/><D77/><U110/><E110/><V91/><F91/><W41/><G34/><T124/><D124/><U125/><E125/><V35/><F35/><W58/><G58/><T131/><D131/><U126/><E126/><V62/><F62/><W82/><G82/><T96/><D96/><U106/><E106/><V48/><F48/><W27/><G97/><T50/><D50/><U109/><E109/><V33/><F33/><W133/><G51/><T16/><D16/><U5/><E5/><RYUUKYOKU ba="1,3" sc="255,10,225,10,225,10,265,-30" hai0="4,10,39,43,44,46,49,53,74,75,84,90,93" hai1="19,22,25,38,42,61,66,68,87,88,92,101,103" hai2="11,12,15,17,18,28,30,73,76,83,99,100,107" /><INIT seed="0,2,3,5,0,46" ten="265,235,235,235" oya="0" hai0="6,15,135,9,99,58,11,30,101,132,106,100,95" hai1="83,39,4,1,92,86,76,60,111,29,73,96,134" hai2="89,28,16,81,49,48,105,90,57,94,8,129,97" hai3="103,74,44,37,75,82,131,130,43,23,42,125,52"/><T33/><D58/><U115/><E39/><V67/><F105/><W79/><G125/><T64/><D64/><U69/><E111/><V3/><F28/><W93/><G75/><T27/><D106/><U118/><E118/><V18/><F129/><N who="3" m="49163" /><G37/><T108/><D108/><U14/><E1/><V61/><F3/><W71/><G71/><T24/><D24/><U32/><E32/><V22/><F8/><W127/><G127/><T126/><D126/><U112/><E29/><V121/><F121/><W45/><G23/><T21/><D33/><U68/><E134/><N who="0" m="51241" /><D11/><N who="1" m="4455" /><E86/><N who="2" m="50383" /><F18/><W53/><G44/><T78/><D78/><U5/><E60/><V34/><F34/><W2/><G2/><T12/><D12/><AGARI ba="2,3" hai="12,16,22,48,49,57,61,67,90,94,97" m="50383" machi="12" ten="30,7700,0" yaku="8,1,52,2,54,1" doraHai="46" who="2" fromWho="0" sc="265,-83,235,0,235,113,235,0" /><INIT seed="1,0,0,3,5,5" ten="182,235,348,235" oya="1" hai0="130,117,108,75,8,71,133,119,18,129,37,93,31" hai1="134,35,91,9,135,120,63,95,39,112,55,54,20" hai2="74,6,62,1,86,2,23,36,58,64,7,79,47" hai3="61,90,121,49,27,53,34,42,92,46,22,123,115"/><U14/><E35/><V13/><F74/><W118/><G34/><T17/><D75/><U3/><E39/><V131/><F131/><W132/><G115/><T99/><D37/><U87/><E120/><V38/><F38/><W128/><G132/><N who="1" m="50730" /><E112/><V68/><F68/><W44/><G128/><N who="0" m="49259" /><D71/><U126/><E126/><V124/><F124/><W102/><G102/><T41/><D41/><U10/><E3/><V67/><F67/><W101/><G101/><N who="0" m="60655" /><D133/><U21/><E21/><V114/><F114/><W100/><G100/><T82/><D31/><U84/><E84/><V28/><F2/><W98/><G118/><T125/><D125/><U94/><E94/><V72/><F1/><W51/><REACH who="3" step="1"/><G61/><REACH who="3" ten="182,235,348,225" step="2"/><T88/><D117/><U113/><E113/><V110/><F62/><W97/><G97/><T76/><D119/><U107/><E107/><V116/><F116/><W56/><G56/><T52/><D108/><U40/><E63/><V29/><F58/><W80/><G80/><T103/><D103/><U19/><E40/><V85/><F110/><W105/><G105/><T109/><D109/><U15/><E20/><V12/><F23/><W50/><G50/><T4/><D82/><U106/><E106/><V48/><F36/><W25/><G25/><T78/><D78/><U122/><E122/><V0/><F48/><W96/><G96/><T33/><D76/><U32/><E32/><V30/><F79/><W24/><G24/><T66/><D33/><U65/><E65/><V26/><F64/><W127/><G127/><T57/><D66/><U11/><E15/><V45/><F13/><RYUUKYOKU ba="0,1" sc="182,-15,235,15,348,-15,225,15" hai1="9,10,11,14,19,54,55,87,91,95" hai3="22,27,42,44,46,49,51,53,90,92,98,121,123" /><INIT seed="1,1,1,4,2,77" ten="167,250,333,240" oya="1" hai0="81,65,40,116,19,113,126,51,125,52,98,95,82" hai1="129,11,69,105,26,119,55,25,135,123,8,22,1" hai2="101,130,112,109,16,30,62,66,39,15,3,35,23" hai3="68,58,131,12,54,99,91,7,67,13,80,4,117"/><U84/><E69/><V50/><F39/><W46/><G131/><T106/><D106/><U38/><E38/><V132/><F3/><W45/><G117/><T63/><D40/><U96/><E119/><V86/><F109/><W107/><G68/><T76/><D116/><U102/><E123/><V43/><F132/><W2/><G2/><T31/><D113/><U10/><E129/><V53/><F43/><W5/><G67/><T72/><D31/><U61/><E135/><V33/><F112/><W24/><G24/><T29/><D29/><U114/><E114/><V64/><F64/><W6/><N who="3" m="1024" /><DORA hai="100" /><W97/><G107/><T85/><D19/><U17/><E1/><V127/><F127/><W34/><G34/><T32/><D32/><U134/><E134/><V108/><F108/><W73/><G73/><T118/><D118/><U28/><E84/><V74/><F74/><W14/><G99/><T115/><D115/><U56/><REACH who="1" step="1"/><E8/><REACH who="1" ten="167,240,333,240" step="2"/><V42/><F86/><N who="3" m="50631" /><G97/><T93/><D98/><U79/><E79/><V122/><F122/><W89/><G89/><N who="0" m="51375" /><D65/><U0/><E0/><V92/><F66/><W49/><AGARI ba="1,2" hai="12,13,14,45,46,49,54,58" m="50631,1024" machi="49" ten="50,3200,0" yaku="8,1,52,1" doraHai="77,100" who="3" fromWho="3" sc="167,-9,240,-17,333,-9,240,55" /><INIT seed="2,0,0,3,5,105" ten="158,223,324,295" oya="2" hai0="121,60,85,79,80,89,11,9,22,81,38,74,82" hai1="1,103,31,35,91,29,14,100,90,2,129,95,34" hai2="21,24,69,72,59,30,126,131,96,63,62,36,113" hai3="75,26,102,101,110,15,6,98,20,124,33,7,19"/><V111/><F113/><W4/><G110/><T123/><D38/><U130/><REACH who="1" step="1"/><E95/><REACH who="1" ten="158,213,324,295" step="2"/><V65/><F111/><W99/><G124/><T135/><D135/><U94/><E94/><V40/><F126/><W51/><G102/><T116/><D116/><U47/><E47/><V57/><F131/><W56/><G101/><T77/><D60/><U78/><E78/><V120/><F63/><W37/><G99/><T106/><D106/><U64/><E64/><V18/><F96/><W134/><G98/><T114/><D114/><U125/><E125/><V55/><F65/><W39/><G134/><T44/><D44/><U122/><E122/><V67/><F120/><W83/><G83/><T50/><D50/><U128/><E128/><V108/><F108/><W115/><G115/><T86/><D121/><U42/><E42/><V53/><F40/><W45/><G37/><T84/><D123/><U119/><E119/><V127/><F36/><W117/><G117/><T17/><REACH who="0" step="1"/><D84/><REACH who="0" ten="148,213,324,295" step="2"/><U46/><E46/><V23/><F127/><W16/><G39/><T71/><D71/><U12/><AGARI ba="0,2" hai="1,2,12,14,29,31,34,35,90,91,100,103,129,130" machi="12" ten="25,8000,1" yaku="21,2,0,1,22,2,53,0" doraHai="105" doraHaiUra="13" who="1" fromWho="1" sc="148,-20,213,100,324,-40,295,-20" /><INIT seed="3,0,0,2,4,94" ten="128,313,284,275" oya="3" hai0="129,8,7,72,85,106,76,32,23,78,37,28,89" hai1="52,12,21,121,130,73,13,26,34,40,54,19,51" hai2="69,99,81,64,126,131,25,112,17,104,62,117,31" hai3="92,57,71,113,33,93,107,82,79,50,84,49,36"/><W60/><G36/><T123/><D37/><U48/><E73/><V97/><F112/><W124/><G113/><T15/><D123/><U127/><E121/><V61/><F117/><W47/><G71/><T5/><D129/><U42/><E130/><V18/><F131/><W118/><G118/><T1/><D72/><U108/><E108/><V135/><F126/><W9/><G107/><T4/><D106/><U3/><E3/><V122/><F122/><W95/><G124/><T39/><D39/><U115/><E115/><V27/><F135/><W125/><G125/><T56/><D56/><N who="1" m="32839" /><E34/><V24/><F31/><W119/><G33/><T111/><D111/><U0/><E0/><V114/><F114/><W20/><G119/><T45/><D45/><N who="1" m="27759" /><E127/><V100/><F81/><W87/><G87/><T90/><D32/><U88/><E88/><N who="0" m="33897" /><D1/><U68/><E68/><V98/><F104/><W35/><G35/><T63/><D63/><N who="2" m="24074" /><F100/><W14/><G47/><T74/><D74/><U43/><AGARI ba="0,0" hai="12,13,19,21,26,40,42,43" m="27759,32839" machi="43" ten="30,2000,0" yaku="8,1,54,1" doraHai="94" who="1" fromWho="1" sc="128,-5,313,20,284,-5,275,-10" /><INIT seed="4,0,0,4,3,98" ten="123,333,279,265" oya="0" hai0="125,74,53,52,42,3,111,91,12,93,119,28,126" hai1="122,4,8,46,104,21,99,16,56,134,65,58,79" hai2="61,101,63,29,80,54,37,118,9,14,102,64,10" hai3="5,133,72,6,19,95,68,127,20,15,107,84,39"/><T13/><D74/><U112/><E122/><V73/><F37/><W38/><G127/><N who="0" m="48651" /><D3/><U106/><E134/><V94/><F118/><W92/><G133/><T0/><D0/><U105/><E79/><V100/><F29/><W49/><G72/><T75/><D75/><U108/><E108/><V76/><F54/><N who="0" m="21098" /><D119/><U97/><E112/><V121/><F121/><W66/><G107/><T47/><D28/><U50/><E97/><V11/><F94/><W103/><G49/><N who="0" m="26871" /><D111/><U124/><E99/><AGARI ba="0,0" hai="12,13,91,93,99" m="26871,21098,48651" machi="99" ten="30,2900,0" yaku="18,1,54,1" doraHai="98" who="0" fromWho="1" sc="123,29,333,-29,279,0,265,0" /><INIT seed="4,1,0,1,0,116" ten="152,304,279,265" oya="0" hai0="76,13,20,135,77,83,57,34,124,63,31,130,112" hai1="115,21,1,103,10,84,59,114,127,126,102,44,123" hai2="60,74,16,46,121,85,22,25,11,8,87,17,55" hai3="113,95,108,32,14,133,47,38,120,3,52,6,42"/><T18/><D124/><N who="1" m="47659" /><E123/><V2/><F74/><W105/><G108/><T81/><D130/><U89/><E21/><V131/><F131/><W97/><G32/><T61/><D135/><U104/><E104/><V33/><F33/><W88/><G133/><T37/><D37/><U118/><E118/><V72/><F72/><W111/><G111/><T109/><D109/><U70/><E70/><V107/><F107/><W96/><G113/><N who="1" m="43018" /><E59/><N who="2" m="34943" /><F2/><W65/><G3/><T117/><D117/><U94/><E44/><V5/><F5/><AGARI ba="1,0" hai="1,5,10,84,89,94,102,103" m="43018,47659" machi="5" ten="30,3900,0" yaku="18,1,15,1,11,1" doraHai="116" who="1" fromWho="2" sc="152,0,304,42,279,-42,265,0" /><INIT seed="5,0,0,2,0,104" ten="152,346,237,265" oya="1" hai0="61,102,74,122,117,33,22,110,83,29,16,121,86" hai1="31,39,72,45,56,127,50,44,88,9,5,60,93" hai2="109,57,129,133,64,40,120,4,47,12,6,107,124" hai3="106,89,115,19,1,32,55,103,15,123,7,36,0"/><U49/><E127/><V119/><F109/><W76/><G123/><T125/><D110/><U71/><E71/><V66/><F119/><W46/><G115/><T113/><D117/><U34/><E34/><V78/><F120/><N who="0" m="46186" /><D113/><U42/><E31/><V101/><F124/><W41/><G32/><T28/><D125/><U53/><E72/><V70/><F70/><W21/><G89/><T24/><D102/><U85/><REACH who="1" step="1"/><E45/><REACH who="1" ten="152,336,237,265" step="2"/><V18/><F47/><W11/><G46/><T38/><D74/><U82/><E82/><V128/><F128/><W99/><G36/><T30/><D38/><U3/><AGARI ba="0,1" hai="3,5,9,39,42,44,49,50,53,56,60,85,88,93" machi="3" ten="20,7800,0" yaku="1,1,0,1,7,1,54,1,53,0" doraHai="104" doraHaiUra="98" who="1" fromWho="1" sc="152,-26,336,88,237,-26,265,-26" /><INIT seed="5,1,0,0,4,119" ten="126,424,211,239" oya="1" hai0="7,29,48,81,5,69,11,67,71,132,44,130,92" hai1="63,103,114,65,16,128,57,84,26,3,43,111,74" hai2="47,0,121,117,96,75,72,51,68,129,90,50,134" hai3="107,126,23,135,85,80,49,52,70,42,41,60,61"/><U95/><E114/><V54/><F117/><W4/><G126/><T88/><D130/><U94/><E3/><V21/><F129/><W131/><G135/><T6/><D132/><U45/><E74/><V73/><F134/><W133/><G131/><T46/><D29/><U35/><E128/><V116/><F116/><W99/><G133/><T64/><D81/><U101/><E111/><V83/><F68/><W24/><G4/><T110/><D110/><U32/><E32/><V112/><F0/><W19/><G107/><T124/><D124/><U34/><E34/><V104/><F112/><W15/><G99/><T30/><D30/><U127/><E127/><V108/><F108/><W62/><G24/><T105/><D105/><U39/><E35/><V9/><F9/><W10/><G23/><T33/><D33/><U20/><REACH who="1" step="1"/><E84/><REACH who="1" ten="126,414,211,239" step="2"/><V76/><F73/><W13/><G70/><T28/><D69/><U55/><E55/><V59/><F75/><W91/><REACH who="3" step="1"/><G15/><REACH who="3" ten="126,414,211,229" step="2"/><T53/><D71/><U82/><E82/><V125/><F125/><W1/><G1/><T118/><D118/><U113/><E113/><V109/><F109/><W40/><G40/><T120/><D53/><U12/><E12/><V27/><F54/><W89/><G89/><T17/><D88/><U37/><E37/><V31/><F90/><W14/><G14/><T100/><D64/><U18/><E18/><V115/><F83/><W97/><G97/><T79/><D67/><U86/><E86/><V98/><F96/><W102/><G102/><AGARI ba="1,2" hai="16,20,26,39,43,45,57,63,65,94,95,101,102,103" machi="102" ten="40,3900,0" yaku="1,1,54,1,53,0" doraHai="119" doraHaiUra="93" who="1" fromWho="3" sc="126,0,414,62,211,0,229,-42" /><INIT seed="5,2,0,4,3,8" ten="126,476,211,187" oya="1" hai0="56,122,58,23,133,19,121,108,97,10,4,94,129" hai1="76,134,49,2,92,60,14,118,85,22,116,29,6" hai2="113,48,46,93,83,81,130,126,35,77,132,21,74" hai3="98,57,13,42,45,39,86,51,123,127,65,59,114"/><U17/><E134/><V44/><F35/><W71/><G123/><N who="0" m="47115" /><D108/><U80/><E29/><V16/><F126/><W37/><G127/><T102/><D133/><U63/><E2/><V70/><F70/><W32/><G32/><T64/><D64/><U7/><E116/><V91/><F132/><W106/><G86/><T128/><D10/><U95/><E118/><V15/><F130/><N who="0" m="50282" /><D4/><N who="1" m="1579" /><E49/><V25/><F83/><W68/><G114/><T78/><D78/><U112/><E112/><V135/><F135/><W119/><G119/><T73/><D73/><U72/><E72/><V105/><F105/><W27/><G65/><T101/><D101/><U62/><AGARI ba="2,0" hai="14,17,22,60,62,63,76,80,85,92,95" m="1579" machi="62" ten="30,3000,0" yaku="8,1,52,1" doraHai="8" who="1" fromWho="1" sc="126,-12,476,36,211,-12,187,-12" /><INIT seed="5,3,0,5,2,108" ten="114,512,199,175" oya="1" hai0="15,66,42,6,28,47,37,64,60,115,38,44,73" hai1="83,30,104,4,56,107,127,69,59,39,87,21,84" hai2="13,20,92,112,131,10,86,105,19,45,33,132,98" hai3="2,123,77,43,134,23,29,3,118,68,90,9,50"/><U8/><E39/><V67/><F33/><W79/><G123/><T1/><D15/><U100/><E69/><V52/><F132/><W76/><G68/><T31/><D73/><U99/><E104/><V22/><F131/><W119/><G134/><T116/><D116/><N who="3" m="44585" /><G90/><T51/><D51/><U85/><E127/><V72/><F72/><W62/><G62/><T7/><D60/><U133/><E133/><V135/><F135/><W36/><G36/><T49/><D49/><U63/><E56/><V114/><F67/><W40/><G9/><T70/><D70/><U97/><E97/><V12/><F105/><W25/><G50/><T101/><D101/><U61/><E61/><V109/><F86/><W24/><G25/><T124/><D124/><U14/><E21/><V94/><F109/><W32/><G32/><T54/><D42/><AGARI ba="3,0" hai="2,3,23,24,29,40,42,43,76,77,79" m="44585" machi="42" ten="30,1000,0" yaku="12,1" doraHai="108" who="3" fromWho="0" sc="114,-19,512,0,199,0,175,19" /><INIT seed="6,0,0,1,0,115" ten="95,512,199,194" oya="2" hai0="68,5,49,10,54,59,92,21,79,109,126,51,135" hai1="4,39,134,0,3,40,98,122,26,22,83,130,97" hai2="64,47,129,18,35,43,67,132,20,52,76,24,99" hai3="78,13,88,38,108,127,116,123,50,48,81,72,120"/><V25/><F129/><W74/><G38/><T104/><D104/><U103/><E97/><V77/><F132/><W32/><G32/><T75/><D68/><U37/><E4/><V133/><F133/><W124/><G48/><T125/><D135/><U100/><E98/><V117/><F117/><W53/><G108/><T111/><D92/><U15/><E40/><V110/><F110/><W46/><G72/><T7/><D21/><U2/><E15/><V56/><F35/><W42/><G116/><T113/><D113/><U93/><E93/><V33/><F99/><W44/><G13/><T82/><D7/><U85/><E130/><V62/><F33/><W86/><G44/><T89/><D89/><U45/><E45/><V105/><F105/><W128/><G42/><T101/><D101/><U17/><E134/><V121/><F121/><W96/><G96/><T11/><D51/><U63/><E63/><V12/><F24/><W69/><G69/><T60/><D60/><U6/><E122/><V106/><F106/><W84/><G74/><T1/><REACH who="0" step="1"/><D11/><REACH who="0" ten="85,512,199,194" step="2"/><U102/><REACH who="1" step="1"/><E6/><REACH who="1" ten="85,502,199,194" step="2"/><V66/><REACH who="2" step="1"/><F25/><REACH who="2" ten="85,502,189,194" step="2"/><W61/><G128/><T114/><D114/><U55/><E55/><V112/><F112/><W131/><G131/><T27/><D27/><U71/><E71/><V30/><F30/><W87/><G123/><T107/><D107/><U65/><E65/><V28/><F28/><W9/><G120/><T58/><D58/><U91/><AGARI ba="0,3" hai="0,2,3,17,22,26,37,39,83,85,91,100,102,103" machi="91" ten="40,2700,0" yaku="1,1,0,1,53,0" doraHai="115" doraHaiUra="119" who="1" fromWho="1" sc="85,-7,502,57,189,-13,194,-7" /><INIT seed="7,0,0,0,5,85" ten="78,559,176,187" oya="3" hai0="16,22,105,66,75,116,54,11,70,18,31,1,123" hai1="135,68,72,51,39,34,103,27,133,4,30,64,92" hai2="6,73,80,106,77,71,76,36,96,111,58,21,26" hai3="49,109,62,41,57,24,82,65,45,10,97,59,131"/><W112/><G112/><T102/><D75/><U119/><E72/><V52/><F111/><W0/><G109/><T110/><D110/><U7/><E39/><V132/><F71/><W23/><G131/><T46/><D123/><U50/><E119/><V28/><F132/><N who="1" m="50761" /><E92/><V84/><F36/><W48/><G82/><T38/><D116/><U15/><E103/><V17/><F6/><N who="1" m="2089" /><E15/><V55/><F106/><W83/><G10/><T120/><D120/><U35/><E35/><V81/><F96/><W134/><G0/><T128/><D128/><U93/><E93/><V5/><F5/><W100/><G83/><T127/><D1/><U99/><E99/><V95/><F95/><W129/><G129/><T114/><D114/><U88/><E88/><V130/><F130/><W89/><G89/><T125/><D105/><U101/><E101/><V2/><F2/><W91/><G91/><T56/><D38/><U25/><E25/><V14/><F58/><N who="3" m="37079" /><G49/><T61/><D61/><BYE who="0" /><AGARI ba="0,0" hai="27,30,34,50,51,61,64,68" m="2089,50761" machi="61" ten="30,1000,0" yaku="20,1" doraHai="85" who="1" fromWho="0" sc="78,-10,559,10,176,0,187,0" owari="68,-43.2,569,66.9,176,-22.4,187,-1.3" /></mjloggm>