<mjloggm ver="2.3"><GO type="169" lobby="0"/><UN n0="%E3%81%9F%E3%81%8C%E3%82%84%E3%81%99" n1="%E3%81%A8%E3%81%B3%E3%81%BE%E3%81%93" n2="%E3%81%A5%E3%81%8B%E5%AD%90" n3="%62%73%64%5F%33" dan="16,16,16,17" rate="2178.19,2176.83,2148.19,2146.79" sx="M,M,M,F"/><TAIKYOKU oya="0"/><INIT seed="0,0,0,2,0,15" ten="250,250,250,250" oya="0" hai0="82,100,75,95,45,42,4,48,50,118,102,90,68" hai1="130,93,112,119,32,126,34,89,76,2,5,6,7" hai2="124,85,111,23,18,12,1,63,73,61,25,92,71" hai3="64,20,80,77,132,135,108,79,52,113,58,91,96"/><T29/><D68/><U129/><E76/><V16/><F73/><W40/><G113/><T38/><D118/><U53/><E53/><V117/><F1/><W65/><G108/><T99/><D29/><U59/><E59/><V22/><F124/><W127/><G40/><T70/><D70/><U3/><E93/><V17/><F117/><W134/><G127/><T31/><D31/><U104/><E89/><N who="2" m="53295" /><F71/><W116/><G116/><T131/><D131/><N who="1" m="50187" /><E104/><V114/><F114/><W123/><G123/><T49/><REACH who="0" step="1"/><D4/><REACH who="0" ten="240,250,250,250" step="2"/><U106/><E119/><V128/><F128/><W115/><G115/><T110/><D110/><U19/><E112/><V30/><F111/><W87/><G135/><T13/><D13/><U88/><E126/><V44/><F44/><W98/><G134/><T47/><D47/><U109/><E109/><V74/><F74/><W26/><G132/><T54/><D54/><U133/><E133/><V41/><F41/><W27/><G65/><T35/><D35/><U78/><E32/><V101/><F101/><W67/><G67/><T46/><D46/><U66/><E34/><V125/><F125/><W107/><G64/><T121/><D121/><U105/><E3/><V28/><F28/><W86/><G26/><T36/><D36/><U103/><E2/><V62/><AGARI ba="0,1" hai="12,16,17,18,22,23,25,30,61,62,63" m="53295" machi="62" ten="30,8000,1" yaku="8,1,52,3,54,1" doraHai="15" who="2" fromWho="2" sc="240,-40,250,-20,250,90,250,-20" /><INIT seed="1,0,0,5,5,34" ten="200,230,340,230" oya="1" hai0="93,128,36,24,38,29,66,76,18,10,22,50,13" hai1="61,17,94,45,68,104,54,7,39,100,32,129,59" hai2="82,99,58,43,89,41,98,79,112,125,127,132,117" hai3="101,103,40,92,51,62,0,69,25,133,21,56,63"/><U122/><E32/><V85/><F117/><W27/><G133/><T67/><D38/><U15/><E122/><V116/><F116/><W30/><G69/><T48/><D36/><U20/><E104/><V81/><F58/><W134/><G134/><T124/><D128/><U119/><E119/><V5/><F132/><W77/><G77/><T37/><D37/><U90/><E129/><V110/><F5/><W60/><G0/><T12/><D124/><N who="2" m="47690" /><F110/><W6/><G6/><T120/><D120/><U47/><E39/><V88/><F112/><W135/><G135/><T35/><D76/><U74/><E74/><N who="2" m="43255" /><F41/><W28/><G92/><T57/><D93/><U115/><E115/><V131/><F131/><W83/><G83/><T44/><D57/><U106/><E68/><V19/><F43/><W71/><G71/><T8/><D35/><U75/><E75/><V121/><F19/><W78/><G78/><T107/><D107/><U53/><E53/><V105/><F121/><W87/><G87/><T65/><REACH who="0" step="1"/><D44/><REACH who="0" ten="190,230,340,230" step="2"/><U73/><E73/><V96/><F89/><W102/><G56/><T95/><D95/><U16/><E106/><AGARI ba="0,1" hai="82,85,88,96,98,99,105,106" m="43255,47690" machi="106" ten="30,7700,0" yaku="18,1,34,2,54,1" doraHai="34" who="2" fromWho="1" sc="190,0,230,-77,340,87,230,0" /><INIT seed="2,0,0,0,0,48" ten="190,153,427,230" oya="2" hai0="57,78,119,15,117,47,55,36,118,75,35,28,72" hai1="124,105,112,22,33,23,41,65,77,52,114,13,20" hai2="95,68,50,2,34,113,102,3,135,56,6,134,5" hai3="17,123,32,49,120,7,83,89,100,58,126,60,92"/><V99/><F68/><W39/><G39/><T80/><D15/><U19/><E105/><V108/><F113/><W93/><G126/><T31/><D72/><U69/><E33/><V43/><F34/><W8/><G32/><T45/><D35/><U71/><E124/><V51/><F108/><W130/><G130/><T91/><D91/><U67/><E41/><V94/><F43/><W107/><G107/><T96/><D96/><U104/><E104/><V27/><F27/><W98/><G83/><T44/><REACH who="0" step="1"/><D36/><REACH who="0" ten="180,153,427,230" step="2"/><U129/><E77/><V1/><F99/><W116/><G89/><T88/><D88/><U9/><E129/><V24/><F24/><W42/><G98/><T73/><D73/><U122/><E114/><V81/><F1/><W64/><G100/><T38/><D38/><U97/><E97/><V121/><F102/><W18/><G7/><T14/><D14/><U37/><E37/><V0/><F2/><W103/><G103/><T54/><D54/><U12/><E112/><V29/><F0/><W4/><G4/><T61/><AGARI ba="0,1" hai="28,31,44,45,47,55,57,61,75,78,80,117,118,119" machi="61" ten="40,8000,1" yaku="1,1,0,1,12,1,52,1,53,0" doraHai="48" doraHaiUra="86" who="0" fromWho="0" sc="180,90,153,-20,427,-40,230,-20" /><INIT seed="3,0,0,5,3,2" ten="270,133,387,210" oya="3" hai0="66,100,37,32,108,72,120,94,29,134,112,107,97" hai1="39,78,81,128,22,93,9,19,36,58,57,12,28" hai2="106,77,122,17,51,34,85,62,91,130,59,54,126" hai3="20,64,115,48,68,133,38,127,63,125,3,71,27"/><W21/><G38/><T135/><D37/><U25/><E39/><V46/><F130/><W87/><G115/><T11/><D120/><U76/><E36/><V23/><F126/><N who="3" m="48139" /><G3/><T80/><D112/><U84/><E128/><V49/><F34/><W110/><G133/><T111/><D66/><U118/><E118/><V86/><F106/><W109/><G68/><T69/><D69/><U99/><REACH who="1" step="1"/><E78/><REACH who="1" ten="270,123,387,210" step="2"/><V41/><F77/><W132/><G132/><T24/><D135/><U82/><E82/><V42/><F122/><W96/><G110/><T18/><D134/><U117/><E117/><V65/><F91/><AGARI ba="0,1" hai="9,12,19,22,25,28,57,58,76,81,84,91,93,99" machi="91" ten="30,7700,0" yaku="1,1,7,1,8,1,53,1" doraHai="2" doraHaiUra="7" who="1" fromWho="2" sc="270,0,123,87,387,-77,210,0" /><INIT seed="4,0,0,3,4,3" ten="270,210,310,210" oya="0" hai0="122,90,51,94,77,15,87,126,128,7,49,110,74" hai1="53,16,102,31,66,9,67,133,98,100,35,81,99" hai2="39,18,65,33,97,61,38,40,11,88,92,73,50" hai3="95,8,37,20,103,109,125,113,120,107,114,26,75"/><T119/><D74/><U32/><E81/><V134/><F33/><W64/><G109/><T118/><D122/><U132/><E9/><V63/><F73/><W17/><G107/><T34/><D34/><U135/><E31/><V58/><F134/><W93/><G120/><T45/><D126/><U130/><E53/><V4/><F18/><W78/><G37/><T106/><D106/><U104/><E130/><V22/><F22/><W68/><G125/><T91/><D77/><U105/><REACH who="1" step="1"/><E132/><REACH who="1" ten="270,200,310,210" step="2"/><V79/><F79/><W19/><G8/><T48/><D128/><U62/><E62/><V96/><F63/><W124/><G78/><T55/><D110/><U83/><E83/><V54/><F54/><W44/><G75/><T43/><D55/><U70/><E70/><V117/><F117/><W29/><G124/><T12/><D119/><U129/><E129/><V46/><REACH who="2" step="1"/><F96/><REACH who="2" ten="270,200,300,210" step="2"/><W41/><G64/><T111/><D118/><U36/><E36/><V60/><F60/><W42/><G42/><T24/><D111/><U57/><E57/><V86/><F86/><W59/><G59/><T10/><D43/><U116/><E116/><V6/><F6/><W72/><G72/><T108/><D108/><U112/><E112/><V0/><AGARI ba="0,2" hai="0,4,11,38,39,40,46,50,58,61,65,88,92,97" machi="0" ten="20,8000,1" yaku="1,1,0,1,7,1,52,1,54,1,53,0" doraHai="3" doraHaiUra="23" who="2" fromWho="2" sc="270,-40,200,-20,300,100,210,-20" /><INIT seed="5,0,0,0,5,130" ten="230,180,400,190" oya="1" hai0="107,66,56,40,61,111,103,35,13,127,125,46,109" hai1="27,113,106,121,59,0,38,116,112,26,16,85,42" hai2="65,3,15,2,41,76,18,108,134,97,80,74,92" hai3="84,120,8,133,96,37,14,119,70,78,5,39,117"/><U93/><E106/><V99/><F108/><W81/><G120/><T124/><D35/><U10/><E116/><N who="3" m="44618" /><G70/><T105/><D13/><N who="1" m="7223" /><E0/><V51/><F134/><W45/><G96/><N who="0" m="61671" /><D107/><U4/><E121/><V17/><F17/><W48/><G133/><T62/><D62/><U12/><E59/><V102/><F65/><W128/><G128/><T60/><D60/><U31/><E42/><AGARI ba="0,0" hai="5,8,14,37,39,42,45,48,78,81,84" m="44618" machi="42" ten="30,2000,0" yaku="25,1,12,1" doraHai="130" who="3" fromWho="1" sc="230,0,180,-20,400,0,190,20" /><INIT seed="6,0,0,1,0,71" ten="230,160,400,210" oya="2" hai0="33,30,60,69,66,125,10,37,100,58,102,47,84" hai1="115,128,67,87,89,0,52,41,135,134,16,3,75" hai2="122,99,129,19,27,81,57,94,97,123,48,77,121" hai3="91,7,107,46,44,126,8,95,9,50,31,38,79"/><V64/><F129/><W108/><G108/><T111/><D84/><U74/><E67/><V132/><F132/><N who="1" m="50729" /><E41/><V131/><F131/><W113/><G107/><T55/><D111/><U98/><E98/><V24/><F19/><W28/><G79/><T6/><D125/><U116/><E128/><V12/><F12/><W110/><G126/><T112/><D112/><U14/><E115/><V65/><F99/><W29/><G110/><T86/><D86/><U106/><E106/><V117/><F117/><W36/><G9/><T45/><D45/><U35/><E35/><V5/><F5/><W133/><G46/><T68/><D68/><U130/><E116/><V101/><F65/><W83/><G83/><T42/><D33/><U13/><E13/><V51/><F64/><W96/><G113/><T109/><D109/><U2/><E52/><V104/><F104/><W127/><G127/><T53/><D53/><U61/><E61/><V78/><F57/><W59/><G59/><T120/><D69/><U73/><E130/><V88/><F101/><W70/><G70/><T62/><D102/><U40/><E40/><V124/><F124/><W114/><G114/><T103/><D103/><U105/><E105/><V20/><F123/><W32/><G32/><T92/><D120/><U80/><E2/><V21/><F122/><W25/><G133/><T49/><D66/><U15/><E15/><V26/><F121/><W118/><G118/><T39/><D62/><U4/><E4/><V43/><F43/><N who="3" m="24863" /><G25/><T72/><D42/><U22/><AGARI ba="0,0" hai="0,3,14,16,22,73,74,75,80,87,89" m="50729" machi="22" ten="40,2700,0" yaku="20,1,54,1" doraHai="71" who="1" fromWho="1" sc="230,-7,160,27,400,-13,210,-7" /><INIT seed="7,0,0,1,4,1" ten="223,187,387,203" oya="3" hai0="19,132,76,34,11,29,64,92,51,108,17,56,50" hai1="111,98,99,83,130,104,119,127,77,105,120,43,96" hai2="55,10,122,5,66,101,31,135,117,28,129,86,21" hai3="33,79,38,30,94,68,82,40,3,2,39,75,126"/><W103/><G68/><T18/><D76/><U71/><E71/><V20/><F117/><W37/><G126/><T54/><D108/><U78/><E43/><V88/><F129/><W53/><G40/><T85/><D34/><U73/><E111/><V70/><F135/><W23/><G23/><T42/><D29/><U36/><E36/><V107/><F122/><W62/><G53/><T115/><D115/><U84/><E120/><V14/><F107/><N who="1" m="41033" /><E130/><V134/><F101/><W63/><G2/><T109/><D132/><U106/><E127/><V124/><F124/><W65/><G3/><T112/><D112/><U121/><E121/><V118/><F118/><W113/><G113/><T128/><D128/><U69/><E69/><V100/><F100/><W44/><G44/><N who="0" m="25879" /><D64/><U125/><E125/><V47/><F134/><W0/><G0/><T89/><D109/><U131/><E131/><V22/><F66/><W97/><REACH who="3" step="1"/><G65/><REACH who="3" ten="223,187,387,193" step="2"/><T60/><D60/><U32/><E119/><V93/><F70/><W4/><G4/><T24/><D11/><U27/><E32/><V41/><F55/><W7/><G7/><T59/><D59/><U46/><E46/><V90/><F41/><W48/><G48/><T116/><D116/><U67/><E67/><V13/><F47/><W6/><G6/><T81/><D51/><U15/><E15/><V16/><F22/><W87/><G87/><N who="0" m="52287" /><D54/><U133/><E133/><V49/><F49/><W80/><G80/><T72/><D56/><U74/><E27/><AGARI ba="0,1" hai="27,30,33,37,38,39,62,63,75,79,82,94,97,103" machi="27" ten="40,7700,0" yaku="1,1,53,2" doraHai="1" doraHaiUra="57" who="3" fromWho="1" sc="223,0,187,-77,387,0,193,87" /><INIT seed="7,1,0,1,4,59" ten="223,110,387,280" oya="3" hai0="87,101,112,24,82,21,94,90,50,62,65,57,42" hai1="2,52,83,127,78,133,86,68,113,135,17,38,79" hai2="43,92,84,72,23,15,44,48,71,88,77,12,104" hai3="134,9,129,69,34,37,95,64,111,122,25,123,11"/><W115/><G115/><T109/><D101/><U60/><E2/><V35/><F35/><W7/><G37/><T106/><D106/><U8/><E38/><V132/><F71/><W114/><G114/><T20/><D112/><U3/><E113/><V47/><F132/><W22/><G134/><T53/><D109/><U110/><E110/><V40/><F104/><W49/><G111/><T105/><D105/><U125/><E3/><V31/><F72/><W67/><G34/><T14/><D42/><U18/><E68/><V131/><F77/><W89/><G129/><T97/><D14/><U33/><E33/><V98/><F98/><W6/><G49/><T116/><D116/><U117/><E117/><V27/><F131/><W19/><G69/><T28/><D21/><U41/><E41/><V85/><F84/><W66/><G11/><T10/><D10/><U56/><E79/><V70/><F70/><W32/><G32/><T36/><D36/><AGARI ba="1,0" hai="12,15,23,27,31,36,40,43,44,47,48,85,88,92" machi="36" ten="30,2000,0" yaku="7,1,54,1" doraHai="59" who="2" fromWho="0" sc="223,-23,110,0,387,23,280,0" owari="200,-20.0,110,-39.0,410,51.0,280,8.0" /></mjloggm>