<mjloggm ver="2.3"><GO type="169" lobby="0"/><UN n0="%73%61%6E%67%6F%64%64%6F" n1="%74%6F%72%69%30%36%31%32" n2="%4E%45%49%6E%73%6F" n3="%6D%79%6D%65%6C%6F%58%58" dan="17,18,16,17" rate="2173.65,2181.45,2043.14,2201.69" sx="M,M,M,M"/><TAIKYOKU oya="0"/><INIT seed="0,0,0,4,1,52" ten="250,250,250,250" oya="0" hai0="82,114,135,96,122,126,81,39,11,97,12,8,99" hai1="49,43,127,6,120,60,21,72,110,112,125,90,87" hai2="89,78,117,79,67,123,64,61,66,119,40,108,31" hai3="20,100,46,51,98,3,115,107,69,53,76,73,1"/><T33/><D114/><U86/><E72/><V111/><F123/><W10/><G115/><T91/><D122/><U18/><E120/><V0/><F0/><W93/><G69/><T129/><D126/><N who="1" m="48139" /><E110/><N who="2" m="42027" /><F31/><W58/><G107/><T56/><D129/><U103/><E103/><V124/><F124/><W16/><G10/><T34/><D135/><U38/><E38/><V5/><F5/><W102/><G102/><T131/><D39/><U84/><E6/><V28/><F28/><W22/><G22/><T42/><D42/><U62/><E90/><V94/><F40/><W30/><G30/><T25/><D25/><N who="1" m="14519" /><E112/><V134/><F134/><W48/><G76/><N who="2" m="29225" /><F61/><W65/><G73/><T85/><D131/><U9/><E9/><V75/><F75/><W105/><G105/><T32/><D82/><U45/><AGARI ba="0,0" hai="43,45,49,60,62,84,86,87" m="14519,48139" machi="45" ten="40,1500,0" yaku="18,1" doraHai="52" who="1" fromWho="1" sc="250,-7,250,15,250,-4,250,-4" /><INIT seed="1,0,0,2,0,63" ten="243,265,246,246" oya="1" hai0="90,134,36,31,18,69,59,61,102,49,28,10,125" hai1="117,25,33,84,96,3,95,51,43,79,109,7,98" hai2="26,73,5,23,72,42,46,27,4,40,8,65,1" hai3="19,22,123,74,21,39,94,83,70,127,17,113,93"/><U92/><E117/><V68/><F4/><W12/><G123/><T47/><D125/><U2/><E33/><V52/><F27/><W110/><G127/><T107/><D134/><U105/><E105/><V37/><F40/><W9/><G113/><T13/><D107/><U66/><E7/><V89/><F89/><W64/><G39/><T78/><D102/><U103/><E25/><V38/><F38/><W114/><G114/><T121/><D121/><U16/><E16/><V106/><F106/><W104/><G104/><T122/><D78/><U97/><E109/><V32/><F52/><W101/><G110/><T120/><D122/><U108/><E108/><V81/><F81/><W35/><G35/><T56/><D56/><U57/><E3/><V133/><F133/><W126/><G101/><T55/><D120/><U11/><E11/><V30/><F23/><W20/><G19/><T118/><D118/><U54/><E2/><V15/><F15/><W119/><G126/><T111/><D111/><U129/><E43/><V99/><F99/><W58/><G119/><T41/><REACH who="0" step="1"/><D90/><REACH who="0" ten="233,265,246,246" step="2"/><N who="1" m="53319" /><E79/><V87/><F87/><W130/><G70/><T14/><D14/><U53/><E98/><V45/><F46/><W48/><G12/><T112/><D112/><U135/><E97/><V116/><F116/><W6/><G6/><T24/><D24/><U80/><E135/><V85/><F85/><W71/><G71/><T91/><D91/><U131/><E103/><V86/><F86/><W132/><G132/><T29/><D29/><U77/><E77/><V128/><F128/><N who="1" m="49225" /><E96/><V44/><F45/><RYUUKYOKU ba="0,1" sc="233,15,265,-15,246,15,246,-15" hai0="10,13,18,28,31,36,41,47,49,55,59,61,69" hai2="1,5,8,26,30,32,37,42,44,65,68,72,73" /><INIT seed="2,1,1,5,4,66" ten="248,250,261,231" oya="2" hai0="72,34,88,77,25,49,84,104,124,9,11,92,32" hai1="2,89,112,0,125,1,16,81,93,38,6,19,20" hai2="68,101,8,29,78,48,110,65,85,57,63,86,54" hai3="132,67,105,73,39,116,106,114,108,5,96,28,33"/><V120/><F120/><W79/><G5/><T135/><D104/><U115/><E38/><V128/><F128/><W95/><G39/><T61/><D124/><U30/><E81/><V40/><F110/><W129/><G67/><T13/><D135/><U100/><E100/><V117/><F117/><W22/><G22/><T36/><D36/><U99/><E125/><V21/><F40/><W102/><G28/><T119/><D119/><U94/><E94/><V31/><F101/><W74/><G33/><T80/><D49/><U64/><E30/><V41/><F41/><W134/><G116/><T60/><D9/><U122/><E19/><V27/><F78/><W10/><G10/><T17/><REACH who="0" step="1"/><D25/><REACH who="0" ten="238,250,261,231" step="2"/><U107/><E107/><V126/><F126/><W55/><G106/><T24/><D24/><U75/><E122/><V47/><F31/><W131/><G108/><T127/><D127/><U113/><E113/><V35/><F8/><W37/><G37/><T42/><D42/><U82/><E6/><V83/><F35/><AGARI ba="1,2" hai="11,13,17,32,34,35,60,61,72,77,80,84,88,92" machi="35" ten="40,2600,0" yaku="1,1,54,1,53,0" doraHai="66" doraHaiUra="50" who="0" fromWho="2" sc="238,49,250,0,261,-29,231,0" /><INIT seed="3,0,0,4,1,119" ten="287,250,232,231" oya="3" hai0="21,100,14,135,128,114,127,28,25,131,54,10,40" hai1="68,126,95,104,67,79,3,77,29,93,56,5,91" hai2="51,63,46,111,98,73,70,105,16,47,125,53,64" hai3="97,121,65,49,36,44,43,4,89,90,122,0,87"/><W118/><G118/><T117/><D117/><U37/><E104/><V38/><F73/><W113/><G113/><T34/><D40/><U130/><E68/><V75/><F75/><W99/><G65/><T31/><D54/><U18/><E37/><V108/><F105/><W61/><G61/><T27/><D100/><U76/><E29/><V132/><F98/><W85/><G36/><T109/><D114/><U82/><E3/><V12/><F125/><W112/><G112/><T129/><D127/><U11/><E5/><V103/><F103/><W35/><G35/><T41/><D41/><U59/><E130/><V39/><F132/><W107/><G107/><T134/><REACH who="0" step="1"/><D109/><REACH who="0" ten="277,250,232,231" step="2"/><N who="2" m="42058" /><F46/><W124/><G124/><T94/><D94/><U81/><E95/><V30/><F30/><W133/><G133/><T6/><AGARI ba="0,1" hai="6,10,14,21,25,27,28,31,34,128,129,131,134,135" machi="6" ten="40,12000,2" yaku="1,1,0,1,19,1,34,3,53,0" doraHai="119" doraHaiUra="15" who="0" fromWho="0" sc="277,130,250,-30,232,-30,231,-60" /><INIT seed="4,0,0,2,2,30" ten="407,220,202,171" oya="0" hai0="18,77,70,117,110,20,52,92,85,108,33,56,112" hai1="66,126,121,69,118,34,46,71,17,9,75,111,43" hai2="93,31,127,72,47,41,49,73,59,21,5,106,37" hai3="2,98,26,120,74,90,55,53,29,39,48,134,102"/><T8/><D117/><U15/><E111/><N who="0" m="42537" /><D70/><U64/><E121/><V132/><F106/><W44/><G120/><T123/><D123/><U135/><E75/><V91/><F127/><W113/><G113/><T58/><D112/><U128/><E118/><V60/><F132/><W82/><G134/><T130/><D130/><U76/><E76/><V10/><F37/><W122/><G122/><T42/><D42/><U78/><E78/><V114/><F114/><W7/><G39/><T86/><D8/><U25/><E128/><V27/><F91/><W3/><G7/><T62/><D77/><U38/><E126/><V36/><F36/><W104/><G55/><N who="0" m="34079" /><D92/><U22/><E135/><V124/><F93/><W79/><REACH who="3" step="1"/><G90/><REACH who="3" ten="407,220,202,161" step="2"/><T101/><D101/><U116/><E116/><V6/><F124/><W11/><G11/><T68/><D68/><U16/><E71/><V61/><F6/><W19/><G19/><T119/><D119/><U45/><E69/><V95/><F5/><W81/><G81/><T115/><D115/><U80/><E80/><V57/><F10/><W0/><G0/><T133/><D133/><U129/><E129/><V1/><F1/><W32/><AGARI ba="0,1" hai="2,3,26,29,32,44,48,53,74,79,82,98,102,104" machi="32" ten="20,5200,0" yaku="1,1,0,1,7,1,52,1,53,0" doraHai="30" doraHaiUra="83" who="3" fromWho="3" sc="407,-26,220,-13,202,-13,161,62" /><INIT seed="5,0,0,1,5,25" ten="381,207,189,223" oya="1" hai0="49,74,22,50,39,129,5,106,77,83,19,41,3" hai1="119,60,14,102,7,114,6,20,107,96,45,69,21" hai2="122,0,66,87,51,117,53,98,103,79,85,93,130" hai3="86,100,132,26,105,82,40,95,36,12,35,111,133"/><U13/><E119/><V24/><F117/><W120/><G40/><T80/><D106/><U113/><E45/><V31/><F122/><W91/><G36/><T44/><D129/><U123/><E123/><V56/><F0/><W61/><G12/><N who="1" m="4714" /><E69/><V64/><F130/><W23/><G35/><T97/><D97/><U109/><E60/><V72/><F72/><W121/><G61/><T16/><D80/><U128/><E128/><V18/><F18/><N who="0" m="6698" /><D22/><N who="1" m="8811" /><E109/><V94/><F85/><W1/><G1/><T108/><D108/><U27/><E27/><V116/><F116/><W10/><G105/><T89/><D89/><U84/><E84/><V127/><F127/><W42/><G111/><T38/><D38/><U81/><E81/><V29/><F24/><W124/><G124/><T32/><D32/><U15/><E15/><V43/><F43/><W99/><G42/><T88/><D88/><U48/><E48/><V11/><F11/><AGARI ba="0,0" hai="3,5,11,39,41,44,49,50,74,77,83" m="6698" machi="11" ten="30,2000,0" yaku="25,1,54,1" doraHai="25" who="0" fromWho="2" sc="381,20,207,0,189,-20,223,0" /><INIT seed="6,0,0,1,2,89" ten="401,207,169,223" oya="2" hai0="58,120,92,4,70,59,30,34,87,14,64,33,13" hai1="98,84,125,9,47,88,95,1,83,24,134,96,63" hai2="131,69,56,43,2,29,16,99,108,75,67,23,50" hai3="119,112,48,52,77,122,132,102,111,116,44,51,36"/><V135/><F75/><W71/><G77/><T57/><D120/><U80/><E125/><V12/><F2/><W0/><G0/><T79/><D30/><U106/><E134/><V114/><F69/><W15/><G122/><T53/><D53/><U42/><E24/><V10/><F135/><W107/><G36/><T133/><D4/><U38/><E63/><N who="2" m="38375" /><F114/><W73/><G73/><T49/><D49/><U115/><E115/><V41/><F131/><W8/><G71/><T128/><D79/><U121/><E121/><V105/><F105/><W17/><G132/><T31/><D64/><U86/><E106/><V28/><F108/><W113/><G111/><T81/><D70/><U19/><E83/><V20/><F99/><W32/><G32/><T22/><D33/><U126/><E126/><V25/><F50/><W91/><G113/><T26/><D34/><U103/><E103/><V78/><F78/><W5/><G112/><T104/><D104/><U100/><E98/><V6/><F29/><W7/><G102/><T40/><D128/><U124/><E86/><V61/><F61/><W62/><G62/><T74/><D74/><U18/><REACH who="1" step="1"/><E124/><REACH who="1" ten="401,197,169,223" step="2"/><V123/><F123/><W82/><G107/><T109/><D87/><U65/><E65/><V66/><F66/><W130/><G130/><T129/><D129/><U101/><E101/><V3/><F3/><W45/><G119/><T60/><D133/><U37/><E37/><V94/><F94/><W21/><G116/><T54/><D92/><U46/><E46/><V35/><F35/><W72/><G72/><T97/><D97/><RYUUKYOKU ba="0,1" sc="401,-15,197,15,169,15,223,-15" hai1="1,9,18,19,38,42,47,80,84,88,95,96,100" hai2="6,10,12,16,20,23,25,28,41,43" /><INIT seed="6,1,1,4,0,112" ten="386,212,184,208" oya="2" hai0="84,34,103,87,74,110,17,49,85,125,4,43,73" hai1="102,109,61,24,50,106,22,29,28,82,97,66,80" hai2="20,38,39,45,126,89,93,119,40,92,75,14,135" hai3="83,69,32,21,57,116,127,53,111,25,130,79,78"/><V113/><F75/><W134/><G111/><T35/><D110/><U124/><E109/><V96/><F113/><W64/><G32/><T98/><D4/><U100/><E124/><V123/><F123/><W6/><G127/><T131/><D17/><U72/><E72/><V13/><F126/><W56/><G69/><T11/><D11/><U62/><E62/><V133/><F38/><W132/><G6/><T33/><D131/><U68/><E102/><V48/><F119/><W27/><G130/><T44/><REACH who="0" step="1"/><D125/><REACH who="0" ten="376,212,184,208" step="2"/><U95/><E29/><V41/><F39/><W18/><G18/><T10/><D10/><U31/><E31/><V36/><F36/><W63/><G116/><T60/><D60/><U16/><E50/><V12/><F20/><W114/><G114/><T117/><D117/><U77/><E77/><V129/><F129/><W101/><G21/><T90/><D90/><U37/><E37/><V42/><REACH who="2" step="1"/><F93/><AGARI ba="1,2" hai="33,34,35,43,44,49,73,74,84,85,87,93,98,103" machi="93" ten="50,1600,0" yaku="1,1,53,0" doraHai="112" doraHaiUra="9" who="0" fromWho="2" sc="376,39,212,0,184,-19,208,0" /><INIT seed="7,0,0,3,5,3" ten="415,212,165,208" oya="3" hai0="63,76,126,109,17,38,110,50,101,67,125,65,115" hai1="100,53,30,121,13,61,106,19,133,68,18,114,60" hai2="47,54,118,89,64,36,122,116,82,24,69,81,132" hai3="73,105,26,103,25,99,97,87,39,130,21,70,91"/><W45/><G70/><T20/><D38/><U113/><E121/><V59/><F122/><W98/><G73/><T8/><D101/><U88/><E133/><V93/><F132/><W5/><G130/><T128/><D76/><U49/><E30/><V77/><F24/><W35/><G35/><T23/><D115/><N who="1" m="44043" /><E19/><V58/><F58/><W104/><G5/><T51/><D65/><U124/><E124/><V57/><F57/><W14/><G14/><T31/><D23/><N who="1" m="11727" /><E88/><V9/><F9/><W131/><G131/><T16/><D51/><U12/><E12/><V22/><F22/><W78/><G78/><T127/><D50/><U85/><E85/><V135/><F135/><W120/><G120/><T107/><D107/><U34/><E34/><V112/><F112/><W90/><G90/><T119/><D119/><U80/><E80/><V52/><F81/><W11/><G11/><T6/><D31/><U43/><E43/><V62/><F36/><W123/><G123/><T84/><D84/><U74/><E74/><V46/><F116/><W1/><G1/><N who="0" m="79" /><D128/><U92/><E106/><V29/><F29/><W56/><G105/><T102/><D102/><U28/><E28/><V83/><F118/><W7/><G103/><T66/><D66/><U37/><E37/><V4/><F82/><W41/><G104/><T40/><D40/><U42/><E42/><V96/><F4/><W134/><G7/><T95/><D95/><U44/><E68/><V108/><F108/><N who="0" m="41578" /><D20/><U15/><E15/><V71/><F71/><AGARI ba="0,0" hai="16,17,63,67,71,125,126,127" m="41578,79" machi="71" ten="40,5200,0" yaku="18,1,52,1,54,1" doraHai="3" who="0" fromWho="2" sc="415,52,212,0,165,-52,208,0" owari="467,56.7,212,1.2,113,-38.7,208,-19.2" /></mjloggm>