<mjloggm ver="2.3"><GO type="169" lobby="0"/><UN n0="%31%74%61" n1="%E3%81%BE%E3%81%88%E3%81%9F" n2="%4D%41%54%59%55%49%E2%98%86" n3="%E6%89%8B%E6%8A%BC%E3%81%97%E8%BB%8A" dan="18,17,17,16" rate="2272.99,2172.81,2195.71,2112.61" sx="M,F,M,M"/><TAIKYOKU oya="0"/><INIT seed="0,0,0,4,1,93" ten="250,250,250,250" oya="0" hai0="11,22,133,80,124,55,40,12,85,127,60,31,115" hai1="21,59,104,63,43,129,117,103,53,100,37,34,134" hai2="64,48,99,75,121,126,39,2,0,3,106,16,46" hai3="32,49,111,83,118,119,17,101,24,131,33,97,44"/><T86/><D115/><U76/><E117/><V78/><F121/><W73/><G111/><T57/><D40/><U28/><E134/><V120/><F120/><W107/><G131/><T1/><D1/><U50/><E129/><V105/><F126/><N who="0" m="48170" /><D133/><U67/><E34/><V98/><F39/><W69/><G33/><T92/><D92/><U108/><E108/><V66/><F78/><W42/><G69/><T4/><D80/><U9/><E76/><V14/><F75/><W135/><G135/><T26/><AGARI ba="0,0" hai="4,11,12,22,26,31,55,57,60,85,86" m="48170" machi="26" ten="30,1500,0" yaku="18,1" doraHai="93" who="0" fromWho="0" sc="250,15,250,-5,250,-5,250,-5" /><INIT seed="0,1,0,4,3,133" ten="265,245,245,245" oya="0" hai0="64,95,113,121,48,42,125,35,116,3,71,24,132" hai1="38,37,36,127,103,117,83,77,47,21,81,67,46" hai2="53,85,135,107,92,86,96,91,59,31,126,17,50" hai3="34,134,124,123,11,90,120,130,58,108,74,49,54"/><T28/><D113/><U79/><E117/><V84/><F135/><W115/><G34/><T29/><D116/><U5/><E5/><V97/><F31/><W7/><G134/><T119/><D119/><U65/><E103/><V62/><F126/><W2/><G115/><T0/><D132/><U61/><E21/><V57/><F107/><W88/><G74/><T100/><D121/><N who="3" m="46665" /><G124/><T94/><D125/><U19/><E19/><V105/><F105/><W98/><G130/><T66/><D48/><U22/><E22/><V72/><F72/><W51/><G108/><T56/><D56/><U14/><E14/><V13/><F97/><W69/><G69/><T44/><D71/><U33/><E127/><V60/><REACH who="2" step="1"/><F59/><REACH who="2" ten="265,245,235,245" step="2"/><W99/><G99/><T41/><D35/><U18/><E33/><V63/><F63/><W25/><G98/><T89/><D29/><U122/><E61/><V52/><F52/><N who="3" m="32015" /><G25/><T43/><D28/><U16/><E122/><V40/><F40/><W10/><G10/><AGARI ba="1,1" hai="10,13,17,50,53,57,60,62,84,85,86,91,92,96" machi="10" ten="40,2600,0" yaku="1,1,8,1,53,0" doraHai="133" doraHaiUra="110" who="2" fromWho="3" sc="265,0,245,0,235,39,245,-29" /><INIT seed="1,0,0,5,1,91" ten="265,245,274,216" oya="1" hai0="123,79,14,102,57,77,43,135,67,76,51,70,3" hai1="84,114,28,128,134,46,62,7,8,11,27,52,88" hai2="92,5,98,107,30,25,17,97,56,95,131,38,49" hai3="94,132,99,33,85,75,119,130,122,61,58,22,71"/><U105/><E105/><V117/><F38/><W86/><G75/><T26/><D3/><U4/><E114/><V55/><F107/><W66/><G33/><T120/><D70/><U45/><E134/><V0/><F117/><W50/><G132/><T80/><D135/><U69/><E128/><V37/><F37/><W24/><G119/><T83/><D102/><U40/><E69/><V34/><F131/><W12/><G12/><T116/><D116/><U78/><E78/><V127/><F127/><W118/><G122/><N who="0" m="46635" /><D14/><U41/><E8/><V90/><F17/><W82/><G130/><T115/><D115/><U110/><E110/><V18/><F18/><W121/><G121/><T74/><D26/><U19/><E19/><V39/><F39/><W59/><G118/><T44/><D74/><U64/><E64/><V113/><F113/><W133/><G133/><T35/><D35/><U109/><E109/><V42/><F42/><N who="1" m="16489" /><E28/><V87/><F5/><N who="1" m="2121" /><E11/><V60/><F0/><W124/><G124/><T10/><D10/><U129/><E27/><V54/><F54/><N who="3" m="32087" /><G71/><T111/><D111/><U73/><E73/><V16/><F16/><N who="3" m="12359" /><G82/><T101/><D83/><N who="1" m="49183" /><E129/><V20/><F34/><W93/><G93/><T1/><D1/><U89/><E89/><AGARI ba="0,0" hai="59,61,66,85,86,89,94,99" m="12359,32087" machi="89" ten="30,3900,0" yaku="8,1,52,1,54,1" doraHai="91" who="3" fromWho="1" sc="265,0,245,-39,274,0,216,39" /><INIT seed="2,0,0,1,4,4" ten="265,206,274,255" oya="2" hai0="75,130,80,118,97,59,92,116,60,107,72,101,129" hai1="95,94,120,126,71,16,85,124,83,10,45,8,31" hai2="14,109,7,33,121,62,64,15,67,18,24,42,2" hai3="37,89,40,5,77,134,66,61,49,27,113,52,90"/><V128/><F121/><W111/><G113/><T19/><D19/><U131/><E71/><V73/><F73/><N who="0" m="28234" /><D59/><U54/><E120/><V132/><F132/><W76/><G134/><T1/><D1/><U29/><E131/><N who="0" m="50185" /><D60/><U106/><E106/><V28/><F128/><W56/><G111/><T125/><D125/><N who="1" m="48235" /><E54/><V88/><F42/><W96/><G37/><T104/><D80/><U81/><E45/><V13/><F109/><W34/><G40/><T3/><D3/><U98/><E81/><V65/><F62/><W122/><G122/><T133/><D133/><U12/><E8/><V112/><F112/><W25/><G5/><T102/><D102/><N who="1" m="60759" /><E95/><V36/><F36/><W20/><G34/><T6/><D6/><U38/><E38/><V21/><F88/><AGARI ba="0,0" hai="10,12,16,29,31,83,85,88" m="60759,48235" machi="88" ten="30,7700,0" yaku="18,1,52,1,54,2" doraHai="4" who="1" fromWho="2" sc="265,0,206,77,274,-77,255,0" /><INIT seed="3,0,0,5,0,45" ten="265,283,197,255" oya="3" hai0="55,112,111,88,68,50,119,53,41,130,71,24,80" hai1="105,103,110,109,25,2,12,13,85,92,64,29,118" hai2="56,107,10,11,46,83,78,57,9,102,72,108,3" hai3="75,121,84,42,98,131,81,37,28,106,44,127,115"/><W134/><G121/><T38/><D119/><U126/><E2/><V93/><F108/><N who="1" m="41577" /><E126/><V67/><F107/><W100/><G127/><T0/><D0/><U87/><E64/><V63/><F3/><W104/><G104/><T128/><D111/><U15/><E105/><V94/><F102/><W120/><G120/><T96/><D112/><U7/><E7/><V73/><F73/><W49/><G115/><T122/><D122/><U5/><E5/><V27/><F57/><W20/><G75/><T82/><D24/><U66/><E66/><V54/><REACH who="2" step="1"/><F27/><REACH who="2" ten="265,283,187,255" step="2"/><W48/><G134/><T30/><D71/><U76/><E118/><V36/><F36/><W14/><G131/><T132/><D132/><U69/><E69/><V43/><F43/><W18/><REACH who="3" step="1"/><G28/><REACH who="3" ten="265,283,187,245" step="2"/><T4/><D30/><U124/><E124/><V135/><F135/><W34/><G34/><T1/><D130/><U129/><E129/><V89/><F89/><AGARI ba="0,2" hai="14,18,20,37,42,44,48,49,81,84,89,98,100,106" machi="89" ten="30,12000,1" yaku="1,1,7,1,52,2,53,1" doraHai="45" doraHaiUra="99" who="3" fromWho="2" sc="265,0,283,0,187,-120,245,140" /><INIT seed="3,1,0,5,5,72" ten="265,283,67,385" oya="3" hai0="40,60,37,113,45,48,38,79,95,84,5,87,52" hai1="88,47,77,86,71,0,102,82,127,74,130,134,92" hai2="8,101,93,78,35,126,31,104,75,110,80,116,28" hai3="3,108,27,24,115,50,49,18,43,13,132,39,105"/><W100/><G3/><T67/><D113/><U17/><E71/><V14/><F116/><W2/><G2/><T10/><D95/><U81/><E0/><V36/><F110/><W119/><G115/><T131/><D131/><U65/><E65/><V57/><F126/><W117/><G39/><T121/><D121/><U120/><E47/><V59/><F36/><W111/><G105/><T98/><D98/><N who="1" m="59719" /><E17/><V9/><F104/><W69/><G69/><T55/><D38/><U118/><E120/><V85/><F8/><W124/><G100/><T33/><D33/><U11/><E11/><V25/><F31/><W91/><G124/><T29/><D29/><U112/><E127/><V4/><REACH who="2" step="1"/><F85/><REACH who="2" ten="265,283,57,385" step="2"/><W16/><G119/><T68/><D87/><N who="1" m="50287" /><E118/><V123/><F123/><W12/><G117/><T26/><D37/><U133/><E112/><V90/><F90/><W7/><G91/><T125/><D125/><U61/><E130/><V30/><F30/><W44/><G132/><N who="1" m="50794" /><E61/><V62/><F62/><W89/><G50/><T122/><D122/><U58/><E58/><V114/><F114/><W107/><G111/><T1/><D60/><U109/><E109/><V23/><F23/><W21/><G108/><T54/><D68/><U66/><E66/><V56/><F56/><W19/><G107/><T20/><D67/><U32/><E32/><V41/><F41/><W46/><G43/><T99/><D20/><U129/><E129/><V53/><F53/><W63/><G21/><T51/><D40/><U97/><E86/><V128/><F128/><W83/><G49/><T73/><D48/><RYUUKYOKU ba="1,1" sc="265,-15,283,15,57,15,385,-15" hai1="74,77,82,97" hai2="4,9,14,25,28,35,57,59,75,78,80,93,101" /><INIT seed="4,2,1,5,3,118" ten="250,298,72,370" oya="0" hai0="100,33,133,62,127,27,0,119,5,66,77,91,32" hai1="36,46,16,63,56,112,101,107,115,81,114,50,58" hai2="43,35,8,40,103,7,128,26,93,117,97,124,85" hai3="76,23,104,1,69,116,17,105,73,109,111,38,51"/><T99/><D119/><U121/><E36/><V78/><F117/><W82/><G38/><T29/><D133/><U15/><E81/><V2/><F128/><W18/><G69/><T70/><D127/><U84/><E84/><V59/><F124/><W52/><G1/><T3/><D91/><U53/><E121/><V13/><F2/><W19/><G116/><T44/><D77/><U134/><E134/><V92/><F35/><W24/><G104/><N who="0" m="63519" /><D5/><U22/><REACH who="1" step="1"/><E63/><REACH who="1" ten="250,288,72,370" step="2"/><V57/><F78/><W9/><G109/><T30/><D44/><U110/><E110/><V61/><F61/><W102/><G111/><T75/><D75/><U83/><E83/><V4/><F85/><W55/><G9/><T14/><D14/><U20/><E20/><V72/><F72/><W65/><G51/><T25/><AGARI ba="2,2" hai="0,3,25,27,29,30,32,33,62,66,70" m="63519" machi="25" ten="30,6000,0" yaku="25,1,33,2" doraHai="118" who="0" fromWho="0" sc="250,86,288,-22,72,-22,370,-22" /><INIT seed="4,3,0,2,0,36" ten="336,266,50,348" oya="0" hai0="3,66,121,23,51,37,94,68,116,52,103,67,75" hai1="80,98,126,21,102,77,60,76,87,55,6,88,26" hai2="114,130,119,123,7,70,128,131,17,93,83,2,50" hai3="59,45,110,95,61,124,54,72,115,73,13,49,35"/><T104/><D116/><U30/><E126/><V27/><F70/><W129/><G35/><T90/><D3/><U107/><E6/><V19/><F123/><W69/><G124/><T81/><D121/><U108/><E108/><V78/><F119/><W133/><G110/><T89/><D37/><U46/><E60/><V56/><F114/><W109/><G115/><T86/><D68/><U0/><E0/><V28/><F93/><W10/><G69/><T82/><D104/><U1/><E1/><V41/><F7/><W64/><G109/><T9/><D9/><U122/><E122/><V39/><F39/><W96/><G133/><T63/><D63/><U134/><E134/><V4/><F4/><W33/><G33/><T101/><D23/><U118/><E118/><V24/><F2/><W65/><G129/><T100/><D75/><U18/><E55/><V14/><F56/><W44/><G44/><N who="0" m="27751" /><D81/><U79/><E46/><N who="2" m="25935" /><F14/><W31/><G31/><T99/><AGARI ba="3,0" hai="66,67,82,86,89,90,94,99,100,101,103" m="27751" machi="99" ten="30,3000,0" yaku="8,1,54,1" doraHai="36" who="0" fromWho="0" sc="336,39,266,-13,50,-13,348,-13" /><INIT seed="4,4,0,4,3,39" ten="375,253,37,335" oya="0" hai0="129,80,108,131,93,47,85,63,100,14,16,76,52" hai1="69,54,36,19,89,123,122,8,116,56,132,21,10" hai2="97,37,72,88,45,99,44,78,82,61,102,65,35" hai3="74,48,110,0,20,13,17,1,50,64,107,5,91"/><T42/><D108/><U28/><E69/><V114/><F114/><W73/><G107/><T133/><D133/><U38/><E116/><V55/><F35/><W46/><G110/><T95/><D63/><U134/><E28/><V124/><F124/><W12/><G64/><T41/><D100/><U81/><E81/><V62/><F62/><W49/><G46/><T7/><D7/><U60/><E89/><V51/><F102/><W121/><G121/><N who="1" m="46090" /><E38/><V120/><F120/><W4/><G91/><T25/><D25/><N who="1" m="14527" /><E36/><V106/><F106/><W32/><G32/><T75/><D75/><U68/><E68/><V57/><REACH who="2" step="1"/><F88/><REACH who="2" ten="375,253,27,335" step="2"/><W70/><G70/><T94/><D131/><U6/><E6/><V26/><F26/><W112/><G112/><T117/><D129/><U11/><E60/><V115/><F115/><W83/><G5/><T22/><D117/><U79/><E79/><V98/><F98/><W103/><G103/><T101/><D101/><U118/><E118/><V109/><F109/><W43/><G4/><T34/><D34/><U125/><E125/><V58/><F58/><W130/><G130/><T104/><D104/><U29/><E134/><V2/><F2/><W15/><G1/><T9/><D22/><U24/><E132/><V23/><F23/><W30/><G0/><T87/><D87/><U3/><E3/><V31/><F31/><W113/><G30/><T90/><D76/><U53/><E56/><V92/><F92/><W135/><G135/><T111/><D111/><U27/><E27/><V126/><F126/><W59/><G113/><T105/><D105/><RYUUKYOKU ba="4,1" sc="375,10,253,10,27,10,335,-30" hai0="9,14,16,41,42,47,52,80,85,90,93,94,95" hai1="8,10,11,24,29,53,54" hai2="37,44,45,51,55,57,61,65,72,78,82,97,99" /><INIT seed="4,5,1,0,5,111" ten="385,263,37,305" oya="0" hai0="48,97,41,52,8,78,87,31,112,117,23,116,108" hai1="15,74,79,93,84,132,113,106,66,100,0,29,61" hai2="98,65,123,5,46,43,102,114,20,62,121,30,92" hai3="76,72,35,63,120,105,10,11,80,58,24,99,77"/><T26/><D112/><U59/><E0/><V16/><F5/><W94/><G76/><T39/><D108/><U7/><E132/><V88/><F30/><W9/><G105/><T42/><D39/><U134/><E134/><V1/><F1/><W83/><G83/><N who="0" m="47607" /><D117/><U122/><E122/><V124/><F124/><W14/><G120/><T13/><D97/><U125/><E29/><V3/><F3/><W96/><G35/><T54/><D116/><U4/><E125/><V51/><F102/><W37/><G37/><T82/><D82/><N who="1" m="45431" /><E15/><V28/><F28/><W50/><G24/><T53/><D48/><U70/><E70/><V17/><F17/><AGARI ba="5,1" hai="8,13,17,23,26,31,41,42,52,53,54" m="47607" machi="17" ten="30,2900,0" yaku="8,1,54,1" doraHai="111" who="0" fromWho="2" sc="385,54,263,0,37,-44,305,0" owari="439,53.9,263,-13.7,-7,-50.7,305,10.5" /></mjloggm>