<mjloggm ver="2.3"><GO type="225" lobby="0"/><UN n0="%E3%82%A2%E3%83%9E%E3%83%9D%EF%BD%9E%EF%BD%9E%E3%83%A9" n1="%E8%B5%A4%E3%81%84%E8%9B%99%31%31" n2="%E3%81%BF%E3%81%BF%E3%81%9A" n3="%33%74%72%65%65" dan="17,16,17,17" rate="2129.63,2089.58,2268.50,2174.57" sx="M,M,M,F"/><TAIKYOKU oya="0"/><INIT seed="0,0,0,1,0,133" ten="250,250,250,250" oya="0" hai0="39,70,22,10,60,112,0,1,9,63,11,108,26" hai1="78,135,34,115,14,110,88,4,5,35,102,47,33" hai2="117,124,103,29,31,109,38,27,52,8,53,90,69" hai3="20,119,56,121,126,75,28,55,86,132,94,6,12"/><T42/><D112/><U21/><E135/><V123/><F117/><W24/><G119/><T127/><D108/><U76/><E110/><V93/><F109/><W67/><G132/><T65/><D127/><U125/><E102/><V74/><F74/><W96/><G75/><T17/><REACH who="0" step="1"/><D60/><REACH who="0" ten="240,250,250,250" step="2"/><U98/><E125/><V79/><F124/><W104/><G126/><T120/><D120/><U40/><E115/><V134/><F134/><W37/><G121/><T41/><D41/><U97/><E40/><V36/><F123/><W15/><G37/><T32/><D32/><U85/><E34/><V118/><F36/><W59/><G104/><T73/><D73/><U95/><E35/><V80/><F38/><W43/><G43/><T49/><D49/><U50/><E33/><V101/><F118/><W46/><G86/><T89/><D89/><U62/><E62/><V99/><F69/><W100/><G6/><T18/><D18/><N who="1" m="10455" /><E4/><V77/><F31/><W84/><G84/><T2/><D2/><U129/><E5/><V81/><F29/><W111/><G111/><T92/><D92/><U130/><E130/><V54/><F90/><W114/><G114/><T51/><D51/><U72/><E72/><V83/><F103/><W91/><G91/><T128/><D128/><U57/><E129/><V45/><F101/><W87/><G87/><T16/><D16/><U44/><E85/><V64/><F93/><W68/><G94/><T3/><D3/><U13/><E95/><V58/><F77/><N who="1" m="29801" /><E88/><V113/><F79/><W66/><G100/><T107/><D107/><U131/><E131/><RYUUKYOKU ba="0,1" sc="240,30,250,-10,250,-10,250,-10" hai0="0,1,9,10,11,17,22,26,39,42,63,65,70" /><INIT seed="0,1,1,4,3,99" ten="270,240,240,240" oya="0" hai0="71,106,57,125,37,56,118,24,109,27,135,76,33" hai1="43,92,113,16,78,5,123,32,12,81,31,122,72" hai2="100,48,25,49,82,53,54,4,93,11,45,7,64" hai3="9,38,107,34,59,121,98,73,3,89,1,130,28"/><T41/><D118/><U127/><E127/><V66/><F82/><W97/><G59/><T62/><D125/><U61/><E5/><V115/><F115/><W46/><G89/><T90/><D135/><U108/><E108/><V36/><F36/><W114/><G97/><T102/><D76/><U87/><E113/><V67/><F25/><N who="3" m="18703" /><G114/><T132/><D24/><U26/><E43/><V110/><F110/><W83/><G9/><T19/><D132/><U55/><E72/><V60/><F60/><W91/><G91/><T29/><D109/><U52/><E92/><V35/><F35/><W42/><G130/><T13/><D90/><U51/><E61/><V104/><F104/><W134/><G121/><T94/><D94/><U58/><E55/><V6/><F93/><W95/><G95/><T30/><D30/><U80/><E80/><V126/><F126/><W119/><G134/><T133/><D133/><U105/><E105/><V112/><F112/><W128/><G128/><T86/><D86/><U74/><E74/><V0/><REACH who="2" step="1"/><F100/><REACH who="2" ten="270,240,230,240" step="2"/><N who="3" m="62871" /><G119/><T75/><D102/><U131/><REACH who="1" step="1"/><E131/><REACH who="1" ten="270,230,230,240" step="2"/><V111/><F111/><W8/><G83/><T15/><D106/><U68/><E68/><V18/><F18/><W23/><G73/><T44/><D75/><U88/><E88/><V120/><F120/><W10/><G38/><T84/><D71/><U117/><E117/><V63/><F63/><W17/><G17/><T70/><D19/><U77/><E77/><V47/><AGARI ba="1,3" hai="0,4,6,7,11,45,47,48,49,53,54,64,66,67" machi="47" ten="30,4000,0" yaku="1,1,0,1,9,1,53,0" doraHai="99" doraHaiUra="101" who="2" fromWho="2" sc="270,-21,230,-11,230,73,240,-11" /><INIT seed="1,0,0,5,0,89" ten="249,219,303,229" oya="1" hai0="22,90,14,33,73,84,5,134,91,61,79,96,30" hai1="100,107,52,48,114,93,39,130,115,31,12,44,57" hai2="7,102,69,59,105,103,25,109,2,83,46,9,110" hai3="40,18,41,24,28,116,80,45,118,95,111,64,133"/><U82/><E130/><V120/><F120/><W135/><G111/><N who="2" m="42505" /><F69/><W6/><G6/><T16/><D73/><U88/><E31/><V56/><F83/><W10/><G64/><T113/><D113/><U54/><E107/><V34/><F46/><W8/><G80/><N who="0" m="47135" /><D33/><U81/><E100/><N who="2" m="38443" /><F105/><W71/><G71/><T0/><D0/><U128/><E128/><V132/><F132/><N who="3" m="50763" /><G95/><N who="0" m="56439" /><D134/><U127/><E127/><V35/><F35/><N who="3" m="20871" /><G41/><T94/><D61/><N who="1" m="36007" /><E39/><V62/><F62/><W19/><G118/><T26/><D5/><U37/><E37/><V75/><F75/><W124/><G124/><T85/><D30/><AGARI ba="0,0" hai="2,7,9,25,30,34,56,59" m="38443,42505" machi="30" ten="30,1000,0" yaku="14,1" doraHai="89" who="2" fromWho="0" sc="249,-10,219,0,303,10,229,0" /><INIT seed="2,0,0,3,4,79" ten="239,219,313,229" oya="2" hai0="88,41,56,53,52,84,43,81,128,65,120,83,121" hai1="123,99,2,72,63,111,113,22,95,57,109,85,74" hai2="32,26,133,126,58,127,62,39,14,112,27,4,7" hai3="66,20,12,82,94,93,134,47,96,76,87,67,15"/><V68/><F112/><W107/><G134/><T23/><D128/><U21/><E113/><V71/><F39/><W69/><G107/><T24/><D65/><N who="3" m="24585" /><G69/><N who="2" m="26697" /><F133/><W103/><G47/><T91/><D121/><U110/><E2/><V45/><F45/><W77/><G77/><T117/><D117/><U17/><E123/><V73/><F73/><W86/><G20/><T75/><D120/><U46/><E46/><V70/><F14/><W16/><G16/><N who="0" m="12391" /><D75/><N who="1" m="28715" /><E85/><V131/><F32/><W89/><AGARI ba="0,0" hai="12,15,76,82,86,87,89,93,94,96,103" m="24585" machi="89" ten="30,2000,0" yaku="8,1,52,1" doraHai="79" who="3" fromWho="3" sc="239,-5,219,-5,313,-10,229,20" /><INIT seed="3,0,0,3,2,112" ten="234,214,303,249" oya="3" hai0="70,91,81,127,35,71,22,11,115,73,10,122,17" hai1="116,27,57,49,13,134,50,53,132,58,87,67,30" hai2="80,104,121,120,102,61,40,60,26,89,133,33,110" hai3="59,64,23,79,99,15,65,28,51,14,97,2,39"/><W4/><G39/><T117/><D127/><U5/><E87/><N who="2" m="50407" /><F110/><W62/><G2/><T94/><D35/><U45/><E5/><V103/><F40/><W90/><G79/><T0/><D122/><N who="2" m="47210" /><F133/><N who="1" m="51305" /><E13/><V63/><F104/><W123/><G123/><T101/><D101/><U66/><E27/><V29/><AGARI ba="0,0" hai="26,29,33,60,61,63,102,103" m="47210,50407" machi="29" ten="40,1500,0" yaku="13,1" doraHai="112" who="2" fromWho="2" sc="234,-4,214,-4,303,15,249,-7" owari="230,-17.0,210,-29.0,318,41.8,242,4.2" /></mjloggm>