<mjloggm ver="2.3"><GO type="225" lobby="0"/><UN n0="%33%74%72%65%65" n1="%E3%81%BF%E3%81%BF%E3%81%9A" n2="%E7%B4%94%E6%BD%94%E3%83%94%E3%83%A9%E3%83%8B%E3%82%A2" n3="%77%72%77%72%77%72%77%72" dan="17,17,16,17" rate="2155.30,2234.80,2199.11,2124.92" sx="F,M,M,M"/><TAIKYOKU oya="0"/><INIT seed="0,0,0,2,3,131" ten="250,250,250,250" oya="0" hai0="37,10,51,56,53,36,78,85,93,21,34,95,3" hai1="113,15,90,80,104,122,124,114,112,81,23,43,70" hai2="97,69,117,71,11,20,9,86,50,52,79,32,76" hai3="5,107,128,35,58,132,73,31,24,99,66,96,8"/><T60/><D34/><U65/><E122/><V102/><F32/><W44/><G128/><T101/><D21/><U42/><E104/><V129/><F117/><W27/><G73/><T87/><D37/><U45/><E124/><V115/><F115/><W22/><G107/><T121/><D36/><U57/><E70/><V125/><F125/><W118/><G118/><T16/><D121/><U74/><E90/><V77/><F86/><N who="0" m="32778" /><D3/><U120/><E120/><V0/><F20/><W47/><G132/><T84/><D101/><U30/><E74/><V134/><F134/><W55/><G66/><T2/><D2/><U111/><E111/><V46/><F129/><W110/><G110/><T119/><D60/><N who="1" m="38031" /><E42/><V123/><F123/><W59/><G59/><T133/><D119/><U82/><E15/><V89/><F89/><W72/><G72/><T127/><D133/><U1/><E1/><V14/><F0/><W19/><G99/><T135/><D127/><U67/><E67/><V39/><F39/><W29/><G96/><T49/><D135/><U38/><E23/><V54/><F54/><W92/><G92/><T94/><N who="0" m="32786" /><T4/><DORA hai="130" /><D78/><U18/><E30/><V91/><F91/><W26/><G8/><T40/><D40/><U106/><E106/><V83/><F11/><W98/><G98/><T75/><D75/><U61/><E61/><V108/><F108/><W48/><G5/><T62/><D4/><U105/><E105/><N who="2" m="63695" /><F69/><W17/><G29/><T33/><D33/><U88/><E88/><V116/><F116/><W28/><G28/><T68/><D68/><RYUUKYOKU ba="0,0" sc="250,10,250,10,250,-30,250,10" hai0="10,16,49,51,53,56,62,93,94,95" hai1="18,38,43,45,80,81,82,112,113,114" hai3="17,19,22,24,26,27,31,35,44,47,48,55,58" /><INIT seed="0,1,0,4,2,73" ten="260,260,220,260" oya="0" hai0="62,108,32,0,102,29,51,89,28,81,134,35,3" hai1="24,45,131,70,130,127,100,46,10,105,2,18,96" hai2="66,36,124,120,34,15,38,65,31,93,123,1,44" hai3="113,4,8,79,118,11,133,84,106,77,33,56,72"/><T7/><D134/><U40/><E70/><V60/><F1/><W97/><G113/><T50/><D102/><U128/><E127/><V129/><F34/><W42/><G72/><T82/><D62/><U104/><E104/><V22/><F124/><W111/><G33/><T16/><D7/><N who="1" m="1399" /><E40/><V68/><F129/><N who="1" m="33025" /><U13/><DORA hai="54" /><E24/><V103/><F65/><W107/><G118/><T63/><D63/><U110/><E110/><V61/><F61/><W59/><G111/><T47/><D108/><U48/><E48/><V98/><F44/><W91/><G42/><T95/><D47/><U99/><E96/><V117/><F117/><W132/><G97/><T41/><D41/><U25/><E25/><V71/><F71/><W86/><G91/><T19/><D89/><U17/><E17/><V116/><F116/><W9/><G9/><AGARI ba="1,0" hai="9,13,18,45,46,99,100,105" m="33025,1399" machi="9" ten="40,1300,0" yaku="19,1" doraHai="73,54" who="1" fromWho="3" sc="260,0,260,16,220,0,260,-16" /><INIT seed="1,0,0,4,2,129" ten="260,276,220,244" oya="1" hai0="64,12,26,95,50,61,51,67,72,31,21,98,34" hai1="63,79,104,111,4,65,115,46,71,116,62,112,85" hai2="53,54,124,11,17,70,97,42,47,68,28,35,128" hai3="5,14,39,25,99,66,134,19,69,33,16,2,52"/><U76/><E116/><V1/><F128/><W131/><G39/><T103/><D72/><U6/><E104/><V84/><F124/><W32/><G131/><T96/><D34/><U122/><E122/><V109/><F109/><W8/><G134/><T132/><D132/><U77/><E85/><V113/><F113/><W107/><G52/><T82/><D67/><U83/><E83/><V81/><F97/><W78/><G78/><T18/><D82/><U110/><E46/><V93/><F93/><W89/><G89/><T7/><D7/><N who="1" m="2603" /><E71/><V135/><F135/><W10/><G19/><T90/><D98/><U118/><E118/><V60/><F1/><W24/><G32/><T45/><D45/><U20/><E20/><V40/><F35/><W73/><G73/><T102/><D102/><U43/><E43/><V13/><F28/><W127/><G127/><T94/><D94/><U130/><E65/><V120/><F120/><W121/><G121/><T29/><D103/><U58/><E58/><V91/><F68/><W80/><G80/><T133/><D133/><U106/><E106/><V22/><F22/><W86/><G86/><T92/><D92/><U119/><E130/><V48/><F70/><W74/><G74/><T3/><D3/><U125/><E119/><V44/><REACH who="2" step="1"/><F60/><REACH who="2" ten="260,276,210,244" step="2"/><N who="1" m="23081" /><E125/><V101/><F101/><N who="3" m="62911" /><G33/><T117/><D117/><U100/><E100/><V27/><F27/><N who="3" m="10315" /><G69/><N who="0" m="42127" /><D31/><U56/><E56/><V30/><F30/><W49/><G66/><T57/><D57/><U87/><E87/><V37/><AGARI ba="0,1" hai="11,13,17,37,40,42,44,47,48,53,54,81,84,91" machi="37" ten="20,2700,0" yaku="1,1,0,1,7,1,53,0" doraHai="129" doraHaiUra="75" who="2" fromWho="2" sc="260,-7,276,-13,210,37,244,-7" /><INIT seed="2,0,0,3,1,28" ten="253,263,247,237" oya="2" hai0="37,100,65,4,19,81,44,32,105,95,126,119,77" hai1="12,18,25,94,70,49,71,113,73,13,62,51,128" hai2="8,42,63,33,91,98,16,34,69,14,106,110,97" hai3="130,59,58,35,117,123,112,26,72,89,132,54,124"/><V87/><F42/><W134/><G117/><T120/><D19/><U0/><E0/><V50/><F50/><W109/><G123/><T102/><D102/><U9/><E73/><V84/><F84/><W47/><G72/><N who="0" m="43175" /><D95/><U60/><E128/><V55/><F110/><W133/><G109/><T75/><D120/><U6/><E25/><V30/><F30/><N who="3" m="19927" /><G112/><T83/><D65/><U80/><E94/><V21/><F21/><W114/><G114/><T115/><D4/><U131/><E131/><V82/><F69/><W107/><G107/><T86/><D86/><U64/><E80/><V15/><F15/><W36/><G130/><T101/><D101/><U90/><E90/><V68/><F68/><W31/><G124/><T45/><D45/><U74/><E74/><V99/><REACH who="2" step="1"/><F106/><REACH who="2" ten="253,263,237,237" step="2"/><W129/><G129/><T29/><D115/><U5/><E113/><V121/><F121/><W24/><G36/><T127/><D127/><U67/><E5/><V104/><F104/><W108/><G108/><T61/><D126/><U46/><E46/><V52/><F52/><W27/><G47/><T3/><D44/><U103/><E103/><V22/><F22/><AGARI ba="0,1" hai="6,9,12,13,18,22,49,51,60,62,64,67,70,71" machi="22" ten="30,2000,0" yaku="7,1,9,1" doraHai="28" who="1" fromWho="2" sc="253,0,263,30,237,-20,237,0" /><INIT seed="3,0,0,5,0,39" ten="253,293,217,237" oya="3" hai0="108,61,86,121,8,68,109,45,47,83,15,95,122" hai1="4,85,1,62,113,73,119,31,44,76,56,125,40" hai2="126,3,52,42,92,65,36,116,98,118,79,25,82" hai3="63,10,54,71,89,53,90,50,13,46,77,69,94"/><W132/><G132/><T133/><D95/><U26/><E113/><V75/><F65/><W64/><G77/><T0/><D0/><U9/><E85/><V120/><F120/><W99/><G71/><T129/><D61/><U114/><E114/><V55/><F126/><W111/><G111/><N who="0" m="42571" /><D68/><U88/><E88/><V33/><F3/><W87/><G53/><T91/><D129/><U93/><E93/><V34/><F116/><W35/><G35/><T102/><D102/><U67/><E125/><V27/><F118/><W30/><G30/><T72/><D72/><U5/><E5/><V43/><F36/><W101/><REACH who="3" step="1"/><G87/><REACH who="3" ten="253,293,217,227" step="2"/><T105/><D133/><U59/><E76/><V32/><F55/><W16/><AGARI ba="0,1" hai="10,13,16,46,50,54,63,64,69,89,90,94,99,101" machi="16" ten="20,18000,2" yaku="1,1,2,1,0,1,7,1,54,1,53,1" doraHai="39" doraHaiUra="66" who="3" fromWho="3" sc="253,-60,293,-60,217,-60,227,190" owari="193,-20.7,233,3.3,157,-34.3,417,51.7" /></mjloggm>