<mjloggm ver="2.3"><GO type="169" lobby="0"/><UN n0="%E4%B8%96%E7%95%8C%E5%B9%B3%E5%92%8C" n1="%69%6E%64%69%61%3D" n2="%E6%97%A5%E9%99%B0%E3%81%95%E3%82%93" n3="%E3%81%95%E3%81%8F%E3%82%88%E3%81%93%E3%81%A1%E3%82%83%E3%82%93" dan="16,16,17,16" rate="2160.31,2068.51,2196.88,2078.06" sx="M,M,F,M"/><TAIKYOKU oya="0"/><INIT seed="0,0,0,0,0,22" ten="250,250,250,250" oya="0" hai0="5,64,128,4,44,69,76,101,12,50,15,42,110" hai1="135,125,29,108,131,130,7,103,47,52,84,98,24" hai2="11,26,78,134,90,99,6,79,81,74,113,112,19" hai3="59,132,126,14,96,17,118,34,129,77,36,92,61"/><T46/><D128/><N who="1" m="49195" /><E108/><V87/><F134/><W51/><G118/><T133/><D133/><U89/><E135/><V115/><F99/><W45/><G132/><T123/><D123/><U31/><E7/><V9/><F74/><W25/><G36/><T121/><D121/><U37/><E125/><V39/><F39/><W86/><G129/><T120/><D120/><U114/><E114/><V68/><F68/><W21/><G126/><T80/><D110/><U35/><E31/><V32/><F9/><W65/><G34/><T0/><D101/><U2/><E2/><V40/><F40/><N who="3" m="24999" /><G14/><T109/><D109/><U97/><E103/><V116/><F116/><W13/><G13/><T8/><D4/><U67/><E67/><V57/><F57/><W54/><G65/><T10/><D10/><U28/><E28/><V124/><F124/><W127/><G127/><T60/><REACH who="0" step="1"/><D46/><REACH who="0" ten="240,250,250,250" step="2"/><U43/><E52/><V82/><F6/><W75/><G54/><T122/><D122/><U83/><AGARI ba="0,1" hai="24,29,35,37,43,47,83,84,89,97,98" m="49195" machi="83" ten="30,2000,0" yaku="19,1,52,1" doraHai="22" who="1" fromWho="1" sc="240,-10,250,30,250,-5,250,-5" /><INIT seed="1,0,0,0,1,107" ten="230,280,245,245" oya="1" hai0="91,85,0,24,114,58,106,73,99,80,51,119,12" hai1="133,66,132,20,128,105,72,43,129,94,46,6,22" hai2="117,41,109,92,64,89,95,77,78,86,111,53,15" hai3="42,44,29,62,16,120,134,69,97,21,65,35,61"/><U10/><E105/><V93/><F64/><W52/><G120/><T74/><D0/><U87/><E66/><V9/><F41/><W57/><G134/><N who="1" m="51818" /><E72/><N who="0" m="27753" /><D51/><N who="1" m="27103" /><E87/><V33/><F33/><W130/><G130/><N who="1" m="50282" /><E94/><V38/><F38/><W76/><G76/><N who="2" m="29289" /><F53/><W27/><G97/><T98/><D106/><U14/><AGARI ba="0,0" hai="6,10,14,20,22" m="50282,27103,51818" machi="14" ten="30,3000,0" yaku="20,1,19,1" doraHai="107" who="1" fromWho="1" sc="230,-10,280,30,245,-10,245,-10" /><INIT seed="1,1,0,5,2,34" ten="220,310,235,235" oya="1" hai0="124,63,96,43,77,122,78,86,17,12,15,104,45" hai1="64,74,10,79,76,94,107,36,6,109,85,127,87" hai2="73,56,62,116,51,35,30,67,18,117,92,80,105" hai3="25,120,135,113,31,125,102,22,48,16,21,40,65"/><U95/><E36/><V9/><F105/><W131/><G120/><T60/><D124/><U121/><E64/><V128/><F128/><W106/><G125/><T81/><D122/><U1/><E121/><V42/><F35/><W24/><G113/><T93/><D104/><U49/><E127/><V41/><F30/><W28/><G131/><T99/><D12/><U26/><E107/><V29/><F29/><W129/><G129/><T110/><D78/><U47/><E109/><V19/><F92/><W14/><G135/><T68/><D110/><U91/><E74/><V88/><F42/><W98/><G65/><T82/><D82/><U71/><E71/><V103/><F103/><W66/><G66/><T0/><D0/><U112/><E26/><V7/><F19/><W119/><G119/><T52/><D68/><U11/><E11/><V33/><F18/><W54/><G40/><T38/><D52/><U126/><E112/><V50/><F33/><W108/><G108/><T132/><D132/><U83/><E126/><V32/><F32/><W23/><G48/><T8/><REACH who="0" step="1"/><D99/><REACH who="0" ten="210,310,235,235" step="2"/><U89/><REACH who="1" step="1"/><E83/><REACH who="1" ten="210,300,235,235" step="2"/><V5/><F80/><W53/><AGARI ba="1,2" hai="14,16,21,22,23,24,25,28,31,53,54,98,102,106" machi="53" ten="30,4000,0" yaku="0,1,9,1,54,1" doraHai="34" who="3" fromWho="3" sc="210,-11,300,-21,235,-11,235,63" /><INIT seed="2,0,0,5,3,61" ten="199,279,224,298" oya="2" hai0="118,63,114,126,40,108,90,116,104,81,130,5,53" hai1="48,103,119,105,93,13,124,86,80,49,51,6,34" hai2="66,60,101,129,35,50,0,83,78,15,64,70,20" hai3="109,132,117,91,33,16,87,31,73,79,95,39,76"/><V92/><F0/><W22/><G117/><T26/><D104/><U120/><E119/><V112/><F112/><W23/><G109/><T28/><D108/><U88/><E124/><V72/><F35/><W59/><G39/><T131/><D40/><U123/><E34/><V52/><F129/><N who="0" m="49162" /><D5/><U27/><E27/><V111/><F111/><W68/><G68/><T77/><D90/><U125/><E125/><V2/><F2/><W113/><G132/><T38/><D38/><U43/><E43/><V57/><F70/><W97/><G73/><N who="0" m="43183" /><D114/><U99/><REACH who="1" step="1"/><E105/><REACH who="1" ten="199,269,224,298" step="2"/><V89/><F101/><W14/><G113/><T85/><D126/><U133/><E133/><V102/><F102/><W121/><G33/><T18/><D26/><U107/><E107/><V55/><F15/><W36/><G14/><T32/><D32/><U10/><AGARI ba="0,1" hai="6,10,13,48,49,51,80,86,88,93,99,103,120,123" machi="10" ten="30,7900,0" yaku="1,1,0,1,54,1,53,1" doraHai="61" doraHaiUra="3" who="1" fromWho="1" sc="199,-20,269,89,224,-39,298,-20" /><INIT seed="3,0,0,2,4,63" ten="179,358,185,278" oya="3" hai0="100,47,45,90,28,6,131,56,77,54,104,46,134" hai1="119,117,50,9,23,30,22,76,26,35,105,58,40" hai2="121,0,110,20,2,82,71,75,68,7,10,89,72" hai3="99,108,81,41,87,42,27,124,21,4,132,11,39"/><W59/><G124/><T13/><D131/><U53/><E105/><V19/><F110/><W3/><G132/><T111/><D111/><U92/><E76/><V120/><F2/><W102/><G108/><T97/><D134/><U38/><E9/><V64/><F75/><W129/><G59/><T116/><D116/><N who="1" m="44619" /><E92/><V34/><F34/><W98/><G39/><T5/><D77/><U107/><E107/><V31/><F31/><W12/><G3/><T24/><D90/><U37/><E40/><N who="3" m="15466" /><G102/><T1/><D1/><U95/><E95/><V125/><F125/><W79/><G129/><T43/><D43/><U36/><AGARI ba="0,0" hai="22,23,26,30,35,36,37,38,50,53,58" m="44619" machi="36" ten="40,1500,0" yaku="12,1" doraHai="63" who="1" fromWho="1" sc="179,-4,358,15,185,-4,278,-7" /><INIT seed="4,0,0,5,1,86" ten="175,373,181,271" oya="0" hai0="73,24,80,29,5,21,118,57,72,115,123,13,93" hai1="91,4,102,105,83,25,92,64,49,1,30,17,23" hai2="60,2,120,122,78,70,84,31,108,121,35,34,127" hai3="98,46,75,125,8,106,27,32,37,20,109,26,51"/><T99/><D118/><U6/><E1/><V85/><F2/><W55/><G109/><T131/><D123/><U111/><E111/><V59/><F108/><W103/><G75/><T113/><D131/><U16/><E64/><V135/><F70/><W117/><G117/><T107/><D107/><U95/><E105/><V114/><F114/><N who="0" m="43530" /><D80/><U67/><E67/><V126/><F135/><W43/><G125/><N who="2" m="47625" /><F31/><W22/><G8/><N who="0" m="4239" /><D57/><U28/><E49/><V36/><F36/><W87/><G87/><N who="2" m="33353" /><F78/><W132/><G132/><T15/><D15/><U97/><E83/><V14/><F14/><W45/><G27/><T3/><D3/><U41/><E41/><V81/><F81/><W116/><G116/><T69/><D69/><U133/><E133/><V18/><F18/><N who="1" m="7273" /><E30/><V9/><F9/><W47/><G26/><T77/><D77/><U76/><E76/><V101/><F101/><AGARI ba="0,0" hai="21,24,29,72,73,93,99,101" m="4239,43530" machi="101" ten="30,1500,0" yaku="15,1" doraHai="86" who="0" fromWho="2" sc="175,15,373,0,181,-15,271,0" /><INIT seed="4,1,0,2,2,126" ten="190,373,166,271" oya="0" hai0="5,100,4,121,123,120,107,23,128,108,48,59,116" hai1="21,24,74,81,97,80,94,61,41,29,114,16,73" hai2="56,32,118,52,26,125,17,95,79,66,36,96,71" hai3="40,43,130,135,33,122,3,30,87,119,45,88,106"/><T54/><D116/><U132/><E132/><V76/><F36/><W65/><G119/><T92/><D107/><U50/><E61/><V102/><F118/><W62/><G106/><T104/><D104/><U8/><E114/><V117/><F117/><W83/><G3/><T60/><D108/><U19/><E73/><V124/><F66/><W27/><G135/><T90/><D100/><U113/><E113/><V20/><F71/><W13/><G130/><T99/><D128/><U68/><E68/><V0/><F0/><W25/><G122/><T22/><D22/><U9/><E74/><V89/><F32/><W7/><G27/><T82/><D82/><N who="1" m="31851" /><E50/><V77/><REACH who="2" step="1"/><F102/><REACH who="2" ten="190,373,156,271" step="2"/><W70/><G70/><T46/><REACH who="0" step="1"/><D23/><REACH who="0" ten="180,373,156,271" step="2"/><U12/><E21/><V134/><F134/><W57/><G33/><T67/><AGARI ba="1,2" hai="4,5,46,48,54,59,60,67,90,92,99,120,121,123" machi="67" ten="30,6000,0" yaku="1,1,2,1,0,1,53,0" doraHai="126" doraHaiUra="98" who="0" fromWho="0" sc="180,83,373,-21,156,-21,271,-21" /><INIT seed="4,2,0,2,4,62" ten="263,352,135,250" oya="0" hai0="45,14,99,31,91,25,76,109,71,131,43,92,72" hai1="42,40,125,17,13,36,1,47,33,10,49,101,126" hai2="133,27,39,124,82,29,78,98,24,132,23,117,112" hai3="103,60,86,89,75,68,100,88,115,90,15,3,64"/><T9/><D131/><U116/><E116/><V51/><F39/><W106/><G3/><T53/><D109/><U11/><E33/><V134/><F117/><W56/><G75/><T130/><D130/><U69/><E69/><V30/><F112/><W83/><G115/><T21/><D71/><U16/><E101/><N who="3" m="38986" /><G106/><T54/><D76/><U57/><E40/><V80/><F124/><N who="1" m="47721" /><E1/><V50/><F98/><W34/><G34/><T70/><D70/><U97/><E97/><V129/><F129/><W19/><G68/><T12/><D72/><U108/><E108/><V6/><F6/><W77/><G77/><T93/><D93/><U66/><E36/><V121/><F121/><W20/><AGARI ba="2,0" hai="15,19,20,56,60,64,83,86,88,89,90" m="38986" machi="20" ten="30,4000,0" yaku="8,1,52,1,54,1" doraHai="62" who="3" fromWho="3" sc="263,-22,352,-12,135,-12,250,46" /><INIT seed="5,0,0,3,4,44" ten="241,340,123,296" oya="1" hai0="40,133,37,50,78,27,25,97,73,103,94,4,22" hai1="32,77,43,87,14,128,55,62,68,35,126,112,38" hai2="0,65,90,120,71,105,30,54,42,12,75,114,92" hai3="83,33,84,122,8,85,106,82,132,9,26,66,20"/><U74/><E74/><V7/><F120/><W89/><G122/><T23/><D133/><U18/><E112/><V59/><F105/><W95/><G106/><T61/><D37/><U52/><E126/><V124/><F75/><W51/><G33/><T101/><D4/><U28/><E128/><V76/><F76/><W63/><G51/><T6/><D6/><U47/><E28/><V110/><F110/><W80/><G85/><T104/><D104/><U134/><E134/><V109/><F109/><W131/><G131/><T86/><D73/><U39/><E39/><V100/><F100/><W2/><G2/><T41/><D61/><U49/><E68/><V13/><F42/><W16/><REACH who="3" step="1"/><G132/><REACH who="3" ten="241,340,123,286" step="2"/><T64/><D50/><U36/><E36/><V19/><F0/><W15/><G15/><T10/><D41/><U69/><E35/><V111/><F111/><W93/><G93/><T108/><D94/><U102/><E32/><V81/><F92/><W135/><G135/><T3/><D40/><U72/><E72/><V70/><F13/><W119/><G119/><T67/><D86/><U56/><E38/><V34/><F12/><W98/><G98/><T121/><D97/><U99/><E43/><V58/><F34/><W1/><G1/><T115/><D3/><U113/><E99/><V127/><F124/><W129/><G129/><T117/><D117/><U107/><E107/><V29/><F127/><W91/><G91/><T46/><D121/><U79/><E14/><V123/><F90/><W5/><G5/><T130/><D108/><U88/><E88/><V48/><F123/><RYUUKYOKU ba="0,1" sc="241,-10,340,-10,123,-10,286,30" hai3="8,9,16,20,26,63,66,80,82,83,84,89,95" /><INIT seed="6,1,1,2,3,80" ten="231,330,113,316" oya="2" hai0="46,20,82,87,109,105,22,77,97,69,45,110,33" hai1="102,57,113,89,112,133,12,27,4,0,23,120,11" hai2="72,31,24,107,32,135,28,5,37,59,101,132,126" hai3="62,25,84,6,51,122,63,30,79,14,66,119,88"/><V35/><F72/><W83/><G119/><T130/><D33/><U10/><E133/><N who="2" m="51275" /><F37/><W98/><G122/><T50/><D69/><U103/><E57/><V65/><F5/><W134/><G134/><T91/><D130/><U81/><E120/><V73/><F126/><W3/><G3/><T96/><D46/><U67/><E67/><V125/><F125/><W78/><G51/><T40/><D97/><U127/><E127/><V21/><F73/><W128/><G128/><T70/><D70/><U2/><E81/><V7/><F7/><W36/><G36/><T61/><D61/><N who="3" m="23049" /><G98/><T108/><REACH who="0" step="1"/><D91/><REACH who="0" ten="221,330,113,316" step="2"/><U26/><E89/><V34/><F59/><W116/><G116/><T1/><D1/><U17/><E0/><V76/><F65/><W9/><G66/><T29/><D29/><U100/><REACH who="1" step="1"/><E27/><REACH who="1" ten="221,320,113,316" step="2"/><N who="2" m="16495" /><F76/><W129/><G129/><T56/><D56/><U68/><E68/><V85/><F101/><AGARI ba="1,3" hai="20,22,40,45,50,77,82,87,96,101,105,108,109,110" machi="101" ten="40,2600,0" yaku="1,1,52,1,53,0" doraHai="80" doraHaiUra="117" who="0" fromWho="2" sc="221,59,320,0,113,-29,316,0" /><INIT seed="7,0,0,1,2,26" ten="280,320,84,316" oya="3" hai0="108,29,112,133,56,118,44,93,49,114,53,106,10" hai1="68,9,7,12,74,67,25,19,48,104,50,95,119" hai2="110,127,85,123,92,99,63,52,43,4,89,58,116" hai3="8,120,22,42,64,111,125,23,70,40,103,17,69"/><W27/><G120/><T45/><D106/><U51/><E104/><V61/><F110/><W65/><G111/><T39/><D108/><U5/><E74/><V55/><F116/><W24/><G125/><T109/><D109/><U97/><E119/><V107/><F123/><W15/><G103/><T121/><D118/><U57/><E68/><V80/><F127/><W18/><G69/><T30/><D121/><U76/><E76/><V124/><F124/><W33/><G33/><T105/><D105/><U86/><E86/><V35/><F35/><W100/><G100/><T60/><D133/><U117/><E117/><V90/><F107/><W91/><G91/><T77/><D77/><U101/><E25/><V59/><F43/><N who="3" m="16427" /><G70/><T66/><D44/><U135/><E135/><V98/><REACH who="2" step="1"/><F4/><AGARI ba="0,0" hai="4,8,15,17,18,22,23,24,27,64,65" m="16427" machi="4" ten="30,1500,0" yaku="8,1" doraHai="26" who="3" fromWho="2" sc="280,0,320,0,84,-15,316,15" owari="280,-12.0,320,12.0,69,-43.1,331,43.1" /></mjloggm>