<mjloggm ver="2.3"><GO type="169" lobby="0"/><UN n0="%E7%BC%B6%E3%82%B3%E3%83%92" n1="%72%65%62%6F%75%6E%64" n2="%E7%99%BD%E7%9F%B3%E5%A5%88%E5%A5%88" n3="%72%65%62%65%65%72" dan="16,16,16,16" rate="2055.83,2118.55,2087.93,2175.00" sx="M,M,M,M"/><TAIKYOKU oya="0"/><INIT seed="0,0,0,1,2,59" ten="250,250,250,250" oya="0" hai0="60,103,87,126,53,82,119,76,123,75,134,63,132" hai1="25,62,14,51,49,101,33,66,21,113,6,58,11" hai2="69,39,124,0,115,9,23,80,7,85,57,107,73" hai3="45,89,98,120,26,30,78,128,5,125,24,104,3"/><T43/><D119/><U111/><E111/><V61/><F115/><W2/><G78/><T47/><D123/><U40/><E113/><V114/><F114/><W81/><G128/><T122/><D122/><U17/><E40/><V105/><F69/><W86/><G125/><T64/><D126/><U44/><E44/><V135/><F124/><W92/><G104/><T129/><D129/><U127/><E127/><V130/><F130/><W110/><G110/><T54/><D103/><U1/><REACH who="1" step="1"/><E101/><REACH who="1" ten="250,240,250,250" step="2"/><V121/><F121/><W13/><G45/><T20/><D75/><U46/><E46/><V27/><F39/><W55/><G120/><T29/><D43/><U34/><E34/><V16/><F73/><W68/><G2/><T118/><D118/><U83/><E83/><V93/><F135/><N who="0" m="51754" /><D47/><U117/><E117/><V74/><F74/><W8/><G3/><T131/><D131/><U67/><E67/><V18/><F93/><W35/><G35/><T50/><D64/><U109/><E109/><V38/><F38/><W4/><G92/><T99/><D99/><U15/><E15/><V88/><F18/><W42/><G98/><T12/><D12/><U97/><E97/><V77/><F77/><W41/><G41/><T96/><D96/><U91/><E91/><V108/><F108/><W79/><G81/><T28/><D53/><AGARI ba="0,1" hai="0,7,9,16,23,27,53,57,61,80,85,88,105,107" machi="53" ten="30,7700,0" yaku="7,1,52,1,54,2" doraHai="59" who="2" fromWho="0" sc="250,-77,240,0,250,87,250,0" /><INIT seed="1,0,0,3,5,101" ten="173,240,337,250" oya="1" hai0="67,59,62,50,4,24,105,75,98,125,1,72,0" hai1="49,44,112,107,92,103,45,12,63,89,96,36,2" hai2="118,131,102,69,60,8,6,16,17,40,11,126,38" hai3="10,23,54,121,18,47,83,30,64,111,88,53,91"/><U85/><E2/><V113/><F118/><W14/><G121/><T15/><D125/><U94/><E112/><V33/><F126/><W70/><G111/><T84/><D1/><U21/><E36/><V32/><F113/><W29/><G70/><T95/><D105/><U130/><E130/><V31/><F131/><W22/><G64/><T100/><D0/><U78/><E78/><V116/><F116/><W106/><G106/><T110/><D110/><U87/><E63/><V127/><F102/><W71/><G71/><T124/><D124/><U66/><E66/><V133/><F133/><W7/><G23/><T76/><D76/><U19/><E49/><V9/><F6/><W65/><G65/><T26/><D84/><U132/><E132/><V55/><F69/><W37/><G37/><T90/><D100/><U57/><E57/><V123/><F123/><W27/><G83/><T81/><D81/><U43/><E43/><V79/><F79/><W13/><G27/><T58/><D75/><U128/><REACH who="1" step="1"/><E128/><REACH who="1" ten="173,230,337,250" step="2"/><V97/><F127/><W52/><REACH who="3" step="1"/><G47/><REACH who="3" ten="173,230,337,240" step="2"/><T41/><D72/><U134/><E134/><V115/><F38/><W25/><G25/><T77/><D26/><U119/><E119/><V122/><F115/><W104/><G104/><T109/><D24/><U51/><E51/><V42/><F122/><W135/><G135/><T120/><D120/><U48/><E48/><V93/><F60/><W39/><G39/><T86/><D50/><U73/><E73/><V35/><F42/><W114/><G114/><T3/><D41/><U129/><E129/><V20/><F40/><RYUUKYOKU ba="0,2" sc="173,-15,230,15,337,-15,240,15" hai1="12,19,21,44,45,85,87,89,92,94,96,103,107" hai3="7,10,13,14,18,22,29,30,52,53,54,88,91" /><INIT seed="1,1,2,2,4,112" ten="158,245,322,255" oya="1" hai0="56,82,53,74,125,58,105,25,37,59,117,29,123" hai1="78,76,121,47,113,122,97,44,35,27,38,61,72" hai2="81,63,92,13,66,49,77,111,124,108,128,120,133" hai3="84,60,119,42,17,70,88,68,85,2,21,79,43"/><U9/><E113/><V106/><F120/><W64/><G2/><T102/><D37/><U80/><E78/><V31/><F106/><W20/><G79/><T15/><D125/><U28/><E61/><V23/><F124/><W8/><G8/><T109/><D109/><N who="2" m="42058" /><F133/><W5/><G5/><T83/><D123/><U1/><E97/><V110/><F110/><W45/><G70/><T54/><D117/><U50/><E47/><V91/><F49/><W16/><G84/><T4/><D74/><U99/><E50/><V3/><F3/><W89/><G119/><T130/><D130/><U73/><E73/><V51/><F51/><W132/><G132/><T65/><D65/><U55/><E55/><V30/><F13/><W71/><G85/><T36/><D36/><U107/><E107/><V48/><F48/><W115/><G115/><T87/><D105/><U126/><E126/><V116/><F23/><W46/><G60/><T24/><D15/><U118/><E118/><V127/><F128/><W90/><G90/><T57/><D4/><N who="1" m="1167" /><E99/><N who="2" m="57759" /><F116/><W39/><G39/><T98/><D29/><U94/><E94/><V34/><F34/><W33/><G33/><T40/><D40/><AGARI ba="1,2" hai="27,28,35,38,40,44,72,76,80,121,122" m="1167" machi="40" ten="30,2900,0" yaku="25,1,23,1" doraHai="112" who="1" fromWho="0" sc="158,-32,245,52,322,0,255,0" /><INIT seed="1,2,0,1,3,82" ten="126,297,322,255" oya="1" hai0="36,20,73,87,104,89,84,134,52,88,30,9,29" hai1="40,121,66,44,126,50,114,41,59,54,48,129,47" hai2="5,12,19,58,100,78,7,131,92,122,99,71,63" hai3="90,32,22,13,107,93,97,16,27,15,34,6,4"/><U2/><E121/><V96/><F71/><W64/><G107/><T123/><D36/><U94/><E2/><V108/><F122/><W83/><G64/><T120/><D73/><U95/><E95/><V81/><F131/><W68/><G68/><T110/><D104/><U17/><E129/><V37/><F99/><W11/><REACH who="3" step="1"/><G83/><REACH who="3" ten="126,297,322,245" step="2"/><N who="0" m="49183" /><D123/><U10/><E66/><V115/><F115/><W46/><G46/><T118/><D120/><U112/><E126/><V74/><F108/><W98/><G98/><T75/><D110/><U80/><E80/><V119/><F119/><W102/><G102/><T132/><D118/><U24/><E94/><V79/><F78/><W77/><G77/><T76/><D76/><U31/><E112/><V43/><F100/><W128/><G128/><T72/><D72/><U101/><E101/><V56/><F96/><W49/><G49/><T45/><D75/><U33/><E114/><V105/><F105/><W125/><G125/><T60/><D45/><U57/><REACH who="1" step="1"/><E54/><REACH who="1" ten="126,287,322,245" step="2"/><N who="2" m="34199" /><F92/><W124/><G124/><T65/><D134/><U55/><E55/><V42/><F81/><W116/><G116/><T117/><D117/><U109/><E109/><V53/><F79/><W91/><G91/><T127/><D132/><U3/><E3/><V111/><F111/><W69/><G69/><N who="0" m="42151" /><D127/><U0/><E0/><V70/><F70/><W18/><G18/><T113/><D113/><U23/><E23/><N who="2" m="11751" /><F74/><W8/><AGARI ba="2,2" hai="4,6,8,11,13,15,16,22,27,32,34,90,93,97" machi="8" ten="30,7900,0" yaku="1,1,0,1,9,1,54,1,53,0" doraHai="82" doraHaiUra="67" who="3" fromWho="3" sc="126,-22,287,-41,322,-22,245,105" /><INIT seed="2,0,0,0,0,98" ten="104,246,300,350" oya="2" hai0="54,130,107,48,49,18,101,119,68,100,15,16,60" hai1="67,87,78,97,55,114,17,133,118,105,59,62,94" hai2="10,81,65,103,35,31,117,41,104,8,40,13,39" hai3="5,11,32,95,52,102,24,34,79,14,75,37,29"/><V110/><F117/><W46/><G75/><T135/><D107/><U27/><E114/><V71/><F110/><W131/><G79/><T22/><D130/><U33/><E118/><V106/><F106/><W126/><G126/><T134/><D119/><U113/><E113/><V121/><F81/><W64/><G64/><T120/><D120/><U38/><E133/><N who="0" m="50697" /><D68/><U80/><E38/><V47/><F41/><W26/><G131/><T132/><N who="0" m="50705" /><T92/><DORA hai="111" /><D60/><U72/><E105/><V128/><F121/><W83/><G83/><T69/><D69/><U12/><E27/><N who="2" m="18943" /><F13/><W77/><G77/><T4/><D4/><U96/><E33/><V122/><F122/><W51/><G37/><T20/><D92/><U42/><E42/><V7/><F7/><W44/><G26/><N who="0" m="14615" /><D49/><U21/><E72/><V56/><F128/><W74/><G74/><T99/><D99/><U115/><E115/><V19/><F19/><W88/><G34/><T0/><D0/><U63/><REACH who="1" step="1"/><E94/><REACH who="1" ten="104,236,300,350" step="2"/><V53/><F104/><W93/><G93/><T28/><D28/><U108/><E108/><V73/><F73/><W89/><G29/><T58/><AGARI ba="0,1" hai="15,16,22,48,54,58,100,101" m="14615,50705" machi="58" ten="40,8000,1" yaku="20,1,52,2,54,1" doraHai="98,111" who="0" fromWho="0" sc="104,90,236,-20,300,-40,350,-20" /><INIT seed="3,0,0,0,2,4" ten="194,216,260,330" oya="3" hai0="94,8,2,106,65,40,69,46,135,63,60,18,34" hai1="85,16,108,28,31,67,12,126,56,123,113,25,19" hai2="42,92,121,71,96,55,81,50,93,33,127,88,1" hai3="129,30,120,97,102,3,59,66,87,20,11,27,43"/><W104/><G120/><T91/><D106/><U17/><E123/><V22/><F121/><W26/><G129/><T111/><D135/><U132/><E132/><V64/><F33/><W117/><G117/><T5/><D34/><U32/><E108/><V61/><F127/><W116/><G116/><T101/><D111/><U23/><E126/><V7/><F42/><W9/><G3/><T131/><D131/><U122/><E122/><V114/><F114/><W90/><G43/><T57/><D101/><U82/><E31/><V78/><F22/><W6/><G6/><T37/><D18/><U79/><E113/><V118/><F93/><W45/><G45/><T14/><D2/><U41/><E41/><V38/><F38/><W72/><G72/><T21/><D21/><U74/><E74/><V125/><F125/><W130/><G27/><T84/><REACH who="0" step="1"/><D60/><REACH who="0" ten="184,216,260,330" step="2"/><U98/><REACH who="1" step="1"/><E98/><REACH who="1" ten="184,206,260,330" step="2"/><V110/><F110/><W86/><G130/><T35/><D35/><U51/><E51/><V75/><F118/><W70/><G97/><T48/><D48/><U73/><E73/><V13/><F50/><W128/><G128/><T62/><D62/><AGARI ba="0,2" hai="12,16,17,19,23,25,28,32,56,62,67,79,82,85" machi="62" ten="40,2600,0" yaku="1,1,54,1,53,0" doraHai="4" doraHaiUra="133" who="1" fromWho="0" sc="184,-26,206,46,260,0,330,0" /><INIT seed="4,0,0,0,0,85" ten="158,252,260,330" oya="0" hai0="35,48,30,52,102,19,87,121,14,27,114,98,43" hai1="119,83,77,110,135,62,60,84,94,131,3,1,66" hai2="58,79,71,8,130,33,105,69,49,18,37,89,103" hai3="68,82,70,54,134,59,20,86,15,21,90,126,55"/><T64/><D121/><U76/><E119/><V9/><F37/><W39/><G39/><T101/><D114/><U61/><E110/><V38/><F38/><W72/><G72/><T67/><D101/><U95/><E135/><V17/><F33/><W120/><G134/><T122/><D43/><U26/><E66/><V73/><F73/><W29/><G126/><T4/><D4/><U118/><E118/><V113/><F79/><W44/><G21/><T16/><D19/><U125/><E125/><V109/><F109/><W46/><G70/><T40/><D40/><U22/><E131/><V106/><F49/><W23/><G55/><T75/><D75/><U42/><E42/><V112/><F58/><W34/><G34/><T74/><D74/><U7/><E7/><V97/><F103/><W111/><G68/><T6/><D6/><U53/><E53/><V132/><F97/><W99/><G99/><T80/><D122/><U31/><REACH who="1" step="1"/><E77/><REACH who="1" ten="158,242,260,330" step="2"/><V51/><F132/><W129/><G120/><T100/><D64/><U32/><E32/><V92/><F130/><W28/><G129/><T128/><D67/><U116/><E116/><V10/><F113/><W107/><G111/><T41/><D41/><U57/><E57/><V0/><F112/><W88/><G46/><N who="0" m="27671" /><D128/><U81/><E81/><V91/><F71/><W133/><G44/><T65/><D65/><U45/><E45/><V24/><F69/><W13/><G133/><T117/><D117/><U2/><AGARI ba="0,1" hai="1,2,3,22,26,31,60,61,62,76,83,84,94,95" machi="2" ten="40,2700,0" yaku="1,1,0,1,53,0" doraHai="85" doraHaiUra="63" who="1" fromWho="1" sc="158,-13,242,37,260,-7,330,-7" /><INIT seed="5,0,0,1,1,34" ten="145,279,253,323" oya="1" hai0="56,17,4,20,5,89,14,33,127,98,8,108,16" hai1="63,112,80,126,128,131,101,44,72,26,27,30,25" hai2="88,22,121,3,55,83,70,84,118,120,67,59,64" hai3="129,110,86,71,18,93,7,23,38,61,13,95,78"/><U37/><E30/><V105/><F118/><W42/><G110/><T92/><D108/><U97/><E112/><V99/><F22/><W103/><G38/><T62/><D127/><U52/><E126/><V90/><F3/><W135/><G42/><T35/><D35/><U114/><E114/><V28/><F28/><W100/><G7/><T94/><D33/><U109/><E109/><V0/><F0/><W113/><G71/><T43/><D43/><U125/><E125/><V21/><F21/><W49/><G49/><T116/><D92/><U73/><E80/><V81/><F70/><W79/><G61/><T60/><D60/><U19/><E19/><V96/><F105/><W15/><G23/><T85/><D85/><U10/><E10/><V107/><F107/><W51/><G51/><T122/><D122/><U87/><E87/><N who="2" m="50287" /><F120/><W124/><G124/><T65/><REACH who="0" step="1"/><D116/><REACH who="0" ten="135,279,253,323" step="2"/><U29/><E128/><V58/><F121/><W31/><G93/><T47/><D47/><U9/><E131/><V39/><F39/><W76/><G95/><T36/><D36/><U40/><E44/><V50/><F67/><W104/><G104/><T123/><D123/><U24/><E63/><AGARI ba="0,1" hai="50,55,58,59,63,64,83,84,90,96,99" m="50287" machi="63" ten="30,2000,0" yaku="8,1,54,1" doraHai="34" who="2" fromWho="1" sc="135,0,279,-20,253,30,323,0" /><INIT seed="6,0,0,1,2,125" ten="135,259,283,323" oya="2" hai0="13,86,27,18,9,55,82,111,31,126,79,132,20" hai1="35,45,60,41,25,49,67,56,119,104,76,21,0" hai2="112,72,94,64,3,17,121,29,15,22,96,24,59" hai3="65,42,84,38,118,95,23,44,47,32,51,36,10"/><V68/><F72/><W88/><G32/><T85/><D111/><U8/><E119/><V123/><F68/><W134/><G118/><T103/><D126/><U71/><E104/><V78/><F78/><W117/><G117/><T90/><D132/><U43/><E35/><V97/><F3/><W40/><G134/><T114/><D114/><U107/><E107/><V69/><F69/><W14/><G23/><T127/><D127/><U73/><E73/><V50/><F112/><W16/><G51/><T62/><D103/><U6/><E76/><V135/><F135/><W98/><G65/><T120/><D120/><U102/><E102/><V130/><F130/><W5/><G5/><T93/><D62/><U131/><E71/><V1/><F1/><W34/><G34/><T81/><REACH who="0" step="1"/><D55/><REACH who="0" ten="125,259,283,323" step="2"/><U70/><E41/><V133/><F133/><W26/><G26/><T2/><D2/><U46/><E25/><V52/><F64/><W63/><G63/><T37/><D37/><U89/><E0/><V19/><F121/><W109/><G109/><T92/><AGARI ba="0,1" hai="9,13,18,20,27,31,79,81,82,85,86,90,92,93" machi="92" ten="30,7900,0" yaku="1,1,0,1,8,1,53,1" doraHai="125" doraHaiUra="11" who="0" fromWho="0" sc="125,89,259,-20,283,-39,323,-20" /><INIT seed="7,0,0,4,4,120" ten="214,239,244,303" oya="3" hai0="100,69,101,2,67,112,84,45,10,71,58,86,114" hai1="25,8,32,126,60,76,127,0,49,87,119,4,117" hai2="66,75,123,16,98,40,30,132,43,5,78,19,54" hai3="44,9,14,124,48,17,74,82,57,83,39,41,130"/><W97/><G130/><T34/><D34/><U7/><E60/><V15/><F123/><W31/><G124/><N who="1" m="47658" /><E49/><V85/><F75/><W64/><G31/><T90/><D45/><U118/><E87/><N who="0" m="33321" /><D90/><U105/><E76/><V21/><F66/><W103/><G74/><T59/><D10/><U94/><E94/><V55/><F132/><W121/><G121/><T133/><D2/><U70/><E70/><N who="0" m="26633" /><D133/><U56/><E56/><N who="0" m="21545" /><D67/><U79/><E79/><V68/><F68/><W113/><G83/><T99/><D99/><U96/><E96/><V3/><F98/><W111/><G82/><T131/><D131/><U63/><E63/><V52/><F30/><W22/><G9/><T11/><D11/><U51/><E51/><V91/><F78/><W128/><G128/><T6/><D6/><N who="1" m="1095" /><E105/><V23/><F3/><W26/><G48/><T1/><D1/><U62/><E62/><V37/><F5/><W108/><G57/><T125/><D125/><U20/><E32/><V95/><F37/><W36/><G36/><T65/><D65/><U12/><E12/><AGARI ba="0,0" hai="12,15,16,19,21,23,40,43,52,54,55,85,91,95" machi="12" ten="40,8000,1" yaku="9,1,8,1,54,2" doraHai="120" who="2" fromWho="1" sc="214,0,239,-80,244,80,303,0" owari="214,-18.6,159,-34.1,324,42.4,303,10.3" /></mjloggm>