<mjloggm ver="2.3"><GO type="169" lobby="0"/><UN n0="%E3%81%BE%E3%81%88%E3%81%9F" n1="%41%2E%53%74%61%72%73" n2="%E7%94%9F%E5%BE%92%E4%BC%9A%E3%80%90%E5%BA%8F%E3%80%91" n3="%E3%83%AB%E3%82%AB%E3%83%AB%E3%83%88" dan="16,16,17,16" rate="2186.65,2064.33,2175.71,2186.71" sx="F,M,M,M"/><TAIKYOKU oya="0"/><INIT seed="0,0,0,5,1,61" ten="250,250,250,250" oya="0" hai0="105,99,129,51,98,65,63,134,44,9,75,48,8" hai1="94,32,10,59,58,38,25,79,87,53,93,133,68" hai2="74,120,28,124,26,29,64,125,43,34,82,106,97" hai3="56,109,73,22,67,52,123,80,66,12,128,113,13"/><T103/><D75/><U71/><E133/><V90/><F120/><W40/><G113/><T0/><D134/><U16/><E38/><V35/><F43/><W116/><G116/><T86/><D129/><U91/><E79/><V95/><F106/><W130/><G123/><T20/><D0/><U27/><E71/><V108/><F108/><W119/><G119/><T54/><D99/><U112/><E68/><V7/><F7/><W5/><G40/><T114/><D114/><U31/><E112/><V41/><F41/><W33/><G33/><T101/><D101/><U126/><E126/><V115/><F115/><W46/><G46/><T24/><D51/><U39/><E39/><V50/><F50/><W102/><G102/><T17/><REACH who="0" step="1"/><D86/><REACH who="0" ten="240,250,250,250" step="2"/><U14/><E53/><V15/><F74/><W42/><G130/><T19/><D19/><U6/><E6/><V121/><F121/><W11/><G128/><T122/><D122/><U21/><E94/><V107/><F97/><W117/><G117/><T135/><D135/><U127/><E127/><V132/><F95/><W84/><G73/><T110/><D110/><U83/><E93/><V49/><F132/><W81/><G109/><T92/><D92/><U111/><E111/><V47/><F124/><W88/><G42/><T72/><D72/><U57/><REACH who="1" step="1"/><E27/><REACH who="1" ten="240,240,250,250" step="2"/><V96/><F26/><W4/><G4/><T2/><D2/><U45/><E45/><V18/><F47/><W62/><G80/><T104/><D104/><U131/><E131/><V76/><F107/><W30/><G13/><T118/><D118/><U69/><E69/><AGARI ba="0,2" hai="8,9,17,20,24,44,48,54,63,65,69,98,103,105" machi="69" ten="30,11600,0" yaku="1,1,6,1,7,1,52,1,53,0" doraHai="61" doraHaiUra="85" who="0" fromWho="1" sc="240,136,240,-116,250,0,250,0" /><INIT seed="0,1,0,3,3,131" ten="376,124,250,250" oya="0" hai0="105,72,93,23,4,5,91,89,8,64,106,47,49" hai1="119,20,48,101,66,79,127,69,70,32,92,6,15" hai2="34,45,62,27,56,65,111,13,18,58,59,80,0" hai3="12,124,46,84,7,39,88,14,110,77,74,87,83"/><T53/><D72/><U1/><E119/><V104/><F0/><W35/><G35/><T90/><D93/><U95/><E32/><V85/><F104/><W99/><G110/><T113/><D113/><U126/><E1/><V21/><F111/><W82/><G124/><N who="1" m="47658" /><E79/><V116/><F116/><W107/><G7/><T57/><D23/><U67/><E48/><V17/><F34/><W98/><G39/><T2/><D4/><U9/><E20/><V51/><F18/><W31/><G31/><T112/><D112/><U11/><E11/><V122/><F27/><W78/><G46/><T38/><D38/><U50/><E50/><V29/><F29/><W117/><G117/><T132/><D105/><U128/><E128/><V42/><REACH who="2" step="1"/><F122/><REACH who="2" ten="376,124,240,250" step="2"/><W43/><G107/><T37/><D106/><U55/><E101/><V28/><F28/><W125/><G125/><T22/><D2/><U115/><E115/><V75/><F75/><N who="3" m="43327" /><G12/><T120/><D120/><U81/><E15/><V76/><AGARI ba="1,1" hai="13,17,21,42,45,51,56,58,59,62,65,76,80,85" machi="76" ten="20,8000,1" yaku="1,1,0,1,7,1,8,1,53,1" doraHai="131" doraHaiUra="10" who="2" fromWho="2" sc="376,-41,124,-21,240,93,250,-21" /><INIT seed="1,0,0,1,2,101" ten="335,103,333,229" oya="1" hai0="104,125,40,78,55,43,130,127,23,38,133,116,95" hai1="99,75,100,102,105,9,129,84,52,92,77,117,73" hai2="45,3,123,14,94,60,83,89,109,20,98,134,112" hai3="64,49,124,26,31,2,65,29,90,4,32,8,6"/><U81/><E117/><V53/><F3/><W25/><G124/><N who="0" m="47691" /><D116/><U16/><E129/><V71/><F123/><W114/><G114/><T36/><D78/><U47/><E75/><V39/><F112/><W18/><G6/><T5/><D5/><U97/><E73/><V87/><F134/><W1/><G1/><T19/><D133/><U10/><REACH who="1" step="1"/><E16/><REACH who="1" ten="335,93,333,229" step="2"/><N who="2" m="10263" /><F109/><W103/><G18/><T13/><D130/><U7/><E7/><V59/><F71/><W34/><G4/><T111/><D111/><U62/><E62/><V21/><F39/><W58/><G2/><T126/><D126/><U108/><E108/><V132/><F132/><W57/><G8/><T24/><D38/><U121/><E121/><V11/><F11/><W66/><G49/><AGARI ba="0,1" hai="9,10,47,49,52,77,81,84,92,97,99,100,102,105" machi="49" ten="40,7700,0" yaku="1,1,52,1,54,1,53,0" doraHai="101" doraHaiUra="68" who="1" fromWho="3" sc="335,0,93,87,333,0,229,-77" /><INIT seed="1,1,0,2,1,39" ten="335,180,333,152" oya="1" hai0="57,38,53,83,18,107,134,89,3,33,119,131,9" hai1="2,23,13,71,6,47,78,108,45,92,111,27,75" hai2="59,112,70,130,85,91,68,32,49,66,65,56,54" hai3="1,114,106,16,129,50,121,110,51,67,103,82,10"/><U8/><E71/><V94/><F32/><W14/><G121/><T117/><D33/><U5/><E92/><V40/><F130/><W36/><G114/><T35/><D35/><U0/><E78/><V90/><F112/><W42/><G129/><T24/><D107/><U25/><E75/><V123/><F123/><W132/><G110/><N who="1" m="42026" /><E47/><V87/><F40/><W19/><G103/><T60/><D131/><U97/><E45/><V105/><F105/><W124/><G36/><T84/><D38/><U118/><E97/><V62/><REACH who="2" step="1"/><F66/><REACH who="2" ten="335,180,323,152" step="2"/><W133/><G67/><T63/><D119/><U4/><E118/><V76/><F76/><W120/><G106/><T29/><D117/><U95/><E95/><AGARI ba="1,1" hai="49,54,56,59,62,65,68,70,85,87,90,91,94,95" machi="95" ten="30,3900,0" yaku="1,1,7,1,9,1,53,0" doraHai="39" doraHaiUra="93" who="2" fromWho="1" sc="335,0,180,-42,323,52,152,0" /><INIT seed="2,0,0,4,2,64" ten="335,138,375,152" oya="2" hai0="49,10,87,103,25,84,53,95,3,77,132,106,67" hai1="36,23,59,41,37,102,72,85,4,5,73,110,29" hai2="100,40,0,31,112,78,127,47,75,6,46,80,35" hai3="7,70,15,83,11,69,105,48,79,38,97,30,39"/><V117/><F112/><W135/><G135/><T65/><D106/><U119/><E102/><V1/><F117/><W94/><G30/><T56/><D132/><U131/><E41/><V9/><F127/><W89/><G105/><T2/><D2/><U62/><E85/><V122/><F122/><W123/><G123/><T76/><D3/><U27/><E119/><V108/><F108/><W114/><G114/><T120/><D10/><U82/><E110/><V45/><F100/><W22/><G22/><T19/><D67/><U101/><E131/><V8/><F8/><W58/><G58/><T61/><D103/><U107/><E37/><V81/><F81/><W74/><REACH who="3" step="1"/><G48/><REACH who="3" ten="335,138,375,142" step="2"/><T50/><D49/><U55/><E36/><AGARI ba="0,1" hai="7,11,15,36,38,39,69,70,74,79,83,89,94,97" machi="36" ten="40,8000,1" yaku="1,1,2,1,52,2,53,0" doraHai="64" doraHaiUra="115" who="3" fromWho="1" sc="335,0,138,-80,375,0,142,90" /><INIT seed="3,0,0,5,1,60" ten="335,58,375,232" oya="3" hai0="14,76,97,64,11,73,43,48,109,77,132,7,127" hai1="91,129,69,6,42,44,32,118,2,17,119,20,38" hai2="88,81,23,101,87,49,51,133,78,93,45,99,40" hai3="34,92,1,12,130,84,89,105,28,122,31,54,68"/><W29/><G122/><T15/><D109/><U115/><E115/><V113/><F133/><W95/><G105/><T30/><D132/><U96/><E129/><V70/><F70/><W71/><G1/><T13/><D127/><U131/><E131/><V117/><F117/><N who="1" m="44553" /><E32/><V75/><F113/><W39/><G130/><T128/><D30/><U85/><E96/><V61/><F61/><W72/><G72/><T50/><D73/><U24/><E69/><V57/><F23/><W22/><G34/><T111/><D97/><U82/><E6/><V25/><F25/><W21/><G39/><T0/><D128/><U52/><E52/><N who="2" m="31887" /><F75/><W19/><G22/><T56/><D111/><U8/><E8/><V27/><F27/><W94/><G71/><T10/><D11/><U66/><E2/><V110/><F110/><W107/><G107/><T33/><D33/><U18/><E18/><V4/><F4/><W98/><G68/><T100/><D0/><U37/><E37/><V55/><F40/><W58/><REACH who="3" step="1"/><G98/><REACH who="3" ten="335,58,375,222" step="2"/><T35/><D35/><U114/><E114/><V104/><F104/><W67/><G67/><AGARI ba="0,1" hai="17,20,24,38,42,44,66,67,82,85,91" m="44553" machi="67" ten="30,3900,0" yaku="12,1,52,2" doraHai="60" who="1" fromWho="3" sc="335,0,58,49,375,0,222,-39" /><INIT seed="4,0,0,3,5,40" ten="335,107,375,183" oya="0" hai0="117,46,14,133,132,99,37,103,50,64,38,70,107" hai1="27,95,23,94,45,120,17,102,80,125,84,105,55" hai2="1,4,39,88,48,112,108,128,83,66,79,97,62" hai3="113,104,26,63,16,29,121,35,85,18,61,12,20"/><T91/><D117/><U92/><E120/><V8/><F108/><W2/><G104/><T0/><D0/><U5/><E125/><V58/><F128/><W67/><G121/><T51/><D51/><N who="1" m="29167" /><E105/><V93/><F39/><W36/><G113/><T31/><D31/><U21/><E5/><V134/><F112/><W68/><G36/><T56/><D70/><U106/><E106/><V114/><F114/><W130/><G130/><T111/><D111/><U74/><E74/><V9/><F134/><N who="0" m="51818" /><D14/><N who="1" m="9399" /><E102/><V32/><F32/><W115/><G115/><T122/><D91/><N who="1" m="51591" /><E95/><V110/><F110/><W76/><G2/><T118/><D118/><U127/><E127/><V135/><F135/><W73/><G73/><T19/><D122/><U25/><E25/><V116/><F116/><W49/><G18/><AGARI ba="0,0" hai="18,23,27,92,94" m="51591,9399,29167" machi="18" ten="30,2000,0" yaku="8,1,52,1" doraHai="40" who="1" fromWho="3" sc="335,0,107,20,375,0,183,-20" /><INIT seed="5,0,0,5,1,52" ten="335,127,375,163" oya="1" hai0="44,55,16,54,30,67,39,116,83,131,91,8,89" hai1="11,48,50,7,35,99,12,90,25,27,93,85,9" hai2="66,119,74,125,26,101,18,51,70,22,114,53,58" hai3="128,62,78,120,10,65,64,126,45,118,5,133,41"/><U129/><E129/><V60/><F74/><W109/><G109/><T73/><D131/><U87/><E35/><V103/><F125/><W80/><G128/><T37/><D30/><U72/><E72/><V132/><F119/><W108/><G108/><T111/><D73/><U105/><E105/><V135/><REACH who="2" step="1"/><F114/><REACH who="2" ten="335,127,365,163" step="2"/><W19/><G126/><T97/><D116/><U95/><E11/><V122/><F122/><W115/><G115/><T47/><D8/><U6/><E6/><V4/><F4/><W20/><G118/><T29/><D39/><U79/><E79/><V33/><F33/><W2/><G120/><T88/><D37/><U117/><E117/><V102/><AGARI ba="0,1" hai="18,22,26,51,53,58,60,66,70,101,102,103,132,135" machi="102" ten="30,4000,0" yaku="1,1,0,1,52,1,53,0" doraHai="52" doraHaiUra="69" who="2" fromWho="2" sc="335,-10,127,-20,365,50,163,-10" /><INIT seed="6,0,0,5,4,123" ten="325,107,415,153" oya="2" hai0="98,106,35,103,111,7,25,0,18,4,71,49,27" hai1="1,128,3,91,12,15,16,121,96,114,31,117,92" hai2="105,135,58,76,10,125,118,89,82,90,56,67,101" hai3="132,46,39,75,77,36,120,13,73,60,52,102,8"/><V107/><F118/><W34/><G120/><T122/><D122/><U57/><E117/><V17/><F125/><W29/><G132/><T64/><D49/><U53/><E128/><V61/><F135/><W11/><G102/><T50/><D50/><U119/><E114/><V55/><F101/><W86/><G8/><T68/><D68/><U19/><E119/><V59/><F107/><W99/><G99/><T51/><D51/><U134/><E134/><V94/><F105/><W14/><G14/><T21/><D0/><U47/><E121/><V37/><F37/><W129/><G129/><T104/><D104/><U9/><E31/><V133/><F133/><W84/><G34/><T95/><D95/><U2/><E47/><V126/><F126/><W38/><G29/><N who="0" m="19887" /><D111/><U40/><E40/><V20/><F10/><W83/><G86/><T127/><D127/><U30/><E30/><V69/><F55/><W6/><REACH who="3" step="1"/><G46/><REACH who="3" ten="325,107,415,143" step="2"/><T81/><D98/><U66/><E66/><V48/><F67/><W24/><G24/><T32/><D103/><U116/><E116/><V109/><F20/><W22/><G22/><T130/><D27/><U113/><E113/><V88/><F17/><W79/><G79/><T54/><D21/><U43/><E43/><V108/><F76/><W63/><G63/><T93/><D18/><U112/><E112/><V115/><F61/><W72/><G72/><T87/><D64/><U131/><E131/><V26/><F115/><W85/><G85/><T74/><D32/><U41/><E41/><V124/><F124/><W33/><G33/><T28/><D130/><RYUUKYOKU ba="0,1" sc="325,-10,107,-10,415,-10,143,30" hai3="6,11,13,36,38,39,52,60,73,75,77,83,84" /><INIT seed="7,1,1,1,1,72" ten="315,97,405,173" oya="3" hai0="24,3,71,117,59,13,0,123,92,5,126,99,103" hai1="50,109,128,68,89,54,98,10,29,100,14,116,119" hai2="15,74,104,70,48,83,44,22,106,81,26,121,87" hai3="79,65,43,118,36,96,84,86,85,75,129,20,127"/><W94/><G118/><T122/><D117/><U95/><E109/><V35/><F70/><W62/><G127/><T120/><D71/><U76/><E128/><V17/><F121/><W6/><G129/><T2/><D126/><U66/><E119/><V45/><F45/><W111/><G111/><T16/><D24/><U135/><E135/><V78/><F35/><W47/><G6/><T38/><D38/><U30/><E116/><V80/><F80/><W57/><G20/><T110/><D110/><U102/><E66/><V61/><F61/><W49/><G75/><T4/><REACH who="0" step="1"/><D59/><REACH who="0" ten="305,97,405,173" step="2"/><U91/><E68/><V108/><F108/><W112/><G36/><T63/><D63/><U53/><E30/><V124/><F124/><W113/><G112/><T105/><D105/><U31/><E31/><V40/><F26/><W131/><G113/><T18/><D18/><U133/><E29/><V21/><F106/><W56/><G57/><T97/><D97/><U52/><E133/><V27/><F104/><W39/><G39/><T77/><D77/><U33/><E33/><V73/><F27/><W88/><G131/><T101/><D101/><U51/><E102/><V42/><F78/><AGARI ba="1,2" hai="43,47,49,56,62,65,78,79,84,85,86,88,94,96" machi="78" ten="40,12000,1" yaku="8,1,52,2,54,1" doraHai="72" who="3" fromWho="2" sc="305,0,97,0,405,-123,173,143" owari="305,10.5,97,-40.3,282,-11.8,316,41.6" /></mjloggm>