<mjloggm ver="2.3"><GO type="169" lobby="0"/><UN n0="%E8%88%B9%E8%B6%8A%E8%8B%B1%E4%B8%80%E9%83%8E" n1="%E3%82%A4%E3%82%AB%E3%81%AB%E3%82%82%E6%9D%B1%E5%8C%97" n2="%E8%A1%A8%E7%A4%BA%E4%BE%A1%E6%A0%BC%E3%82%88%E3%82%8A%E5%8D%8A%E9%A1%8D" n3="%E7%9C%9F%E3%81%AE%E9%9B%80%E5%A3%AB%E3%81%86%E3%81%BE%E3%81%9F%E3%82%93" dan="17,16,16,16" rate="2132.09,2157.15,2059.54,2087.52" sx="M,M,M,M"/><TAIKYOKU oya="0"/><INIT seed="0,0,0,2,0,10" ten="250,250,250,250" oya="0" hai0="91,42,118,80,114,53,135,122,37,123,75,15,64" hai1="67,27,5,16,13,82,78,39,79,117,38,34,87" hai2="101,99,60,129,43,58,20,84,110,36,111,127,126" hai3="0,56,124,130,32,25,17,12,54,31,57,11,49"/><T98/><D118/><U97/><E117/><V76/><F36/><W73/><G73/><T52/><D114/><U47/><E67/><V133/><F43/><W1/><G130/><T94/><D135/><U121/><E121/><V81/><F20/><W55/><REACH who="3" step="1"/><G124/><REACH who="3" ten="250,250,250,240" step="2"/><N who="2" m="47657" /><F133/><W70/><G70/><T113/><D113/><U19/><E39/><V8/><F129/><W66/><G66/><T65/><D122/><U92/><E38/><V115/><F115/><W30/><G30/><T120/><D123/><U128/><E128/><V41/><F41/><W95/><G95/><T4/><D120/><U69/><E92/><N who="2" m="58599" /><F8/><W28/><G28/><T24/><D65/><AGARI ba="0,1" hai="58,60,65,76,81,84,110,111" m="58599,47657" machi="65" ten="30,1000,0" yaku="18,1" doraHai="10" who="2" fromWho="0" sc="250,-10,250,0,250,20,240,0" /><INIT seed="1,0,0,3,3,113" ten="240,250,270,240" oya="1" hai0="35,70,94,11,41,67,95,57,1,120,10,58,39" hai1="42,103,33,37,133,124,6,62,18,83,54,52,111" hai2="55,130,89,108,14,46,74,101,90,77,25,34,50" hai3="97,135,86,48,131,132,20,80,72,119,114,128,51"/><U29/><E124/><V75/><F108/><W56/><G114/><T129/><D35/><U27/><E133/><N who="3" m="51274" /><G72/><T125/><D70/><U4/><E111/><V60/><F101/><W109/><G109/><T65/><D125/><U44/><E103/><V61/><F130/><N who="3" m="49707" /><G97/><T21/><D129/><U47/><E18/><V66/><F61/><W104/><G104/><T87/><D120/><U38/><E83/><V59/><F14/><W107/><G107/><T23/><D41/><U127/><E127/><V116/><F77/><N who="3" m="46351" /><G56/><T43/><D43/><U106/><E106/><V99/><F75/><W82/><G82/><T30/><D87/><U69/><E37/><V118/><F74/><W81/><G81/><T76/><D76/><U16/><E69/><V79/><F79/><W115/><G115/><T22/><D39/><U17/><E54/><V121/><F99/><W71/><G71/><T68/><D68/><U15/><E47/><V12/><F121/><W102/><G102/><T117/><D58/><U98/><E98/><V126/><F126/><W40/><G20/><T85/><D23/><U63/><E63/><V9/><F90/><W100/><G100/><T112/><D22/><U105/><E105/><V84/><F89/><W0/><G0/><T5/><D1/><U8/><REACH who="1" step="1"/><E4/><REACH who="1" ten="240,240,270,240" step="2"/><V91/><F84/><W13/><G40/><T7/><D85/><U122/><E122/><V93/><F91/><W19/><G51/><T64/><D112/><U123/><E123/><V88/><F88/><W49/><G48/><T73/><D73/><U31/><E31/><N who="2" m="19823" /><F93/><W36/><G36/><RYUUKYOKU ba="0,1" sc="240,-15,240,15,270,15,240,-15" hai1="6,8,15,16,17,27,29,33,38,42,44,52,62" hai2="9,12,46,50,55,59,60,66,116,118" /><INIT seed="1,1,1,2,5,88" ten="225,255,285,225" oya="1" hai0="77,120,102,133,65,55,53,109,108,25,50,18,49" hai1="84,105,13,59,112,14,8,48,128,21,66,62,7" hai2="132,56,39,47,19,117,28,15,98,5,3,69,36" hai3="107,31,9,87,76,126,24,127,30,99,54,10,119"/><U71/><E112/><V111/><F117/><W61/><G119/><T35/><D77/><U113/><E113/><V52/><F69/><W122/><G122/><T106/><D106/><U32/><E32/><V116/><F116/><W129/><G129/><T46/><D102/><U17/><E105/><V43/><F132/><W80/><G107/><T86/><D120/><U135/><E128/><V16/><F28/><W124/><G99/><T104/><D104/><U101/><E135/><V72/><F72/><W0/><G0/><T51/><D133/><U63/><E101/><V26/><F39/><W29/><REACH who="3" step="1"/><G24/><REACH who="3" ten="225,255,285,215" step="2"/><T91/><D25/><U45/><E84/><V73/><F98/><W75/><G75/><T44/><D86/><U118/><E118/><V85/><F26/><W79/><G79/><T89/><D108/><U97/><E97/><V37/><F111/><W27/><G27/><T121/><D109/><U67/><E71/><V74/><F85/><W57/><AGARI ba="1,2" hai="9,10,29,30,31,54,57,61,76,80,87,124,126,127" machi="57" ten="40,5200,0" yaku="1,1,0,1,18,1,53,0" doraHai="88" doraHaiUra="131" who="3" fromWho="3" sc="225,-14,255,-27,285,-14,215,75" /><INIT seed="2,0,0,3,4,34" ten="211,228,271,290" oya="2" hai0="18,103,42,28,29,20,120,102,107,15,0,16,125" hai1="82,61,95,33,35,86,76,12,23,30,83,70,124" hai2="97,53,78,135,89,90,73,85,1,129,72,77,75" hai3="93,106,130,40,11,6,2,56,55,10,68,121,36"/><V98/><F129/><W47/><G121/><T99/><D120/><U57/><E124/><V92/><F53/><W43/><G130/><T134/><D125/><U114/><E114/><V87/><F135/><W127/><G106/><T105/><D134/><U31/><E70/><V21/><F21/><W63/><G127/><T112/><D112/><U80/><E35/><V58/><F58/><W64/><G40/><T38/><D0/><U19/><E33/><V94/><F1/><W45/><G45/><T81/><D81/><U118/><E118/><V24/><F24/><W116/><G93/><T59/><D59/><U13/><E13/><V113/><F113/><W49/><REACH who="3" step="1"/><G11/><REACH who="3" ten="211,228,271,280" step="2"/><T101/><D105/><U71/><E95/><V128/><F128/><W115/><G115/><T91/><D107/><U133/><E133/><V39/><F39/><W111/><G111/><T96/><D38/><U32/><E76/><AGARI ba="0,1" hai="72,73,75,76,77,78,85,87,89,90,92,94,97,98" machi="76" ten="40,18000,2" yaku="9,1,35,6" doraHai="34" who="2" fromWho="1" sc="211,0,228,-180,271,190,280,0" /><INIT seed="2,1,0,3,0,92" ten="211,48,461,280" oya="2" hai0="9,119,4,93,113,5,132,73,135,23,50,34,44" hai1="46,134,103,126,84,112,115,116,12,72,87,31,55" hai2="27,67,43,32,95,102,41,125,58,57,91,20,51" hai3="123,98,13,122,89,88,59,64,56,39,69,129,2"/><V105/><F125/><W16/><G2/><T97/><D113/><U53/><E116/><V28/><F32/><W29/><G39/><T127/><D34/><U70/><E72/><V17/><F105/><W101/><G129/><T60/><D127/><U80/><E70/><V118/><F118/><W35/><G59/><T78/><D119/><U49/><E126/><V47/><F102/><W114/><G56/><T65/><D23/><U3/><E3/><V30/><F43/><W66/><G114/><T74/><D78/><U111/><E111/><V96/><F58/><W117/><G117/><T100/><D73/><U104/><E134/><N who="0" m="51241" /><D9/><U52/><E31/><V61/><AGARI ba="1,0" hai="17,20,27,28,30,41,47,51,57,61,67,91,95,96" machi="61" ten="30,6000,0" yaku="0,1,8,1,52,1" doraHai="92" who="2" fromWho="2" sc="211,-21,48,-21,461,63,280,-21" /><INIT seed="2,2,0,4,5,50" ten="190,27,524,259" oya="2" hai0="108,18,123,128,117,53,15,99,39,23,127,65,132" hai1="14,60,89,47,88,97,48,17,57,64,71,124,20" hai2="101,107,55,79,43,16,38,119,31,9,94,40,109" hai3="98,59,81,80,131,25,118,27,58,133,129,52,135"/><V69/><F119/><W85/><G98/><T62/><D123/><U63/><E124/><V82/><F107/><W33/><G118/><T13/><D117/><U46/><E97/><V93/><F31/><N who="3" m="19695" /><G27/><T84/><D127/><U32/><E32/><V121/><F121/><W21/><G21/><T96/><D39/><U6/><E6/><V61/><F38/><W30/><G58/><T114/><D114/><U111/><E111/><V100/><F109/><W87/><G87/><T110/><D110/><U102/><E102/><V1/><F101/><W51/><G30/><T120/><D120/><U41/><REACH who="1" step="1"/><E46/><REACH who="1" ten="190,17,524,259" step="2"/><V103/><F100/><W122/><G122/><T125/><D99/><U36/><E36/><V130/><F103/><W83/><G85/><T112/><D84/><U28/><E28/><V113/><F113/><W3/><G3/><T22/><D96/><U72/><E72/><V90/><F1/><W8/><G8/><T54/><D112/><U34/><E34/><V4/><F4/><W74/><G74/><T77/><D125/><U91/><E91/><V70/><F90/><W11/><G11/><T104/><D104/><U116/><E116/><V7/><F9/><W76/><G76/><T115/><D77/><U86/><E86/><V10/><F10/><W73/><G73/><T24/><D115/><U12/><E12/><V42/><F7/><W56/><G83/><T45/><D15/><U78/><E78/><V105/><F82/><W67/><G81/><T44/><D108/><U92/><E92/><V2/><F79/><W68/><G80/><T106/><D106/><RYUUKYOKU ba="2,1" sc="190,-10,17,30,524,-10,259,-10" hai1="14,17,20,41,47,48,57,60,63,64,71,88,89" /><INIT seed="3,3,1,3,0,124" ten="180,47,514,249" oya="3" hai0="30,49,117,16,40,97,106,19,85,72,20,56,25" hai1="81,12,118,37,47,101,60,133,63,52,58,34,95" hai2="24,91,21,80,79,46,108,27,43,134,111,26,135" hai3="114,31,103,11,8,5,112,42,129,29,82,119,90"/><W55/><G119/><T3/><D72/><U130/><E34/><V65/><F65/><W94/><G42/><T59/><D3/><U92/><E118/><V110/><F91/><W4/><G103/><T35/><D117/><U123/><E123/><V86/><F21/><W93/><G82/><T84/><D106/><U54/><E133/><V126/><F126/><W131/><G90/><T74/><D74/><U50/><E37/><AGARI ba="3,1" hai="24,26,27,37,43,46,79,80,86,108,110,111,134,135" machi="37" ten="50,1600,0" yaku="14,1" doraHai="124" who="2" fromWho="1" sc="180,0,47,-25,514,35,249,0" /><INIT seed="4,0,0,4,2,83" ten="180,22,549,249" oya="0" hai0="15,110,64,87,48,106,113,90,61,21,25,104,72" hai1="109,16,37,46,67,0,117,93,36,130,42,100,119" hai2="92,60,129,131,38,122,22,26,120,10,29,121,53" hai3="108,39,34,12,107,31,18,28,59,98,14,69,8"/><T118/><D118/><U24/><E109/><V127/><F92/><W116/><G116/><T85/><D110/><U44/><E0/><V111/><F38/><W20/><G39/><T124/><D72/><U71/><E130/><N who="2" m="49675" /><F111/><W3/><G69/><T91/><D113/><U128/><E128/><V77/><F77/><W5/><G59/><T97/><D124/><U81/><E67/><V62/><F127/><W134/><G98/><T132/><D132/><U49/><E71/><V65/><F65/><W40/><G40/><T6/><D48/><U75/><E37/><V126/><F126/><W135/><G107/><T4/><D104/><U94/><E94/><V99/><F99/><W103/><G103/><T58/><D106/><U80/><E93/><V78/><F78/><W114/><G114/><T2/><D2/><U125/><E100/><V33/><F10/><N who="3" m="2367" /><G108/><T19/><D97/><U56/><E125/><V54/><F33/><W55/><G55/><AGARI ba="0,0" hai="22,26,29,53,54,55,60,62,120,121,122" m="49675" machi="55" ten="40,1300,0" yaku="19,1" doraHai="83" who="2" fromWho="3" sc="180,0,22,0,549,13,249,-13" /><INIT seed="5,0,0,5,0,65" ten="180,22,562,236" oya="1" hai0="29,94,68,58,128,4,45,15,112,48,105,6,2" hai1="83,67,62,88,81,54,34,70,103,124,19,42,63" hai2="99,108,84,40,87,0,74,39,25,24,110,134,18" hai3="43,107,17,95,52,129,46,3,21,79,50,61,131"/><U111/><E34/><V77/><F134/><W115/><G107/><T51/><D105/><U47/><E124/><V91/><F0/><W12/><G3/><T30/><D68/><U14/><E111/><V35/><F40/><W98/><G79/><T55/><D2/><U5/><E5/><V22/><F39/><W85/><G115/><T133/><D112/><U86/><E103/><V78/><F99/><W66/><G85/><T130/><D133/><U90/><E62/><V73/><F35/><W69/><REACH who="3" step="1"/><G43/><REACH who="3" ten="180,22,562,226" step="2"/><T1/><D1/><U26/><E26/><V122/><F84/><W132/><G132/><T60/><D128/><U121/><E121/><V10/><F78/><W93/><G93/><T96/><D130/><U92/><E90/><AGARI ba="0,1" hai="12,17,21,46,50,52,61,66,69,90,95,98,129,131" machi="90" ten="40,5200,0" yaku="1,1,52,1,54,1,53,0" doraHai="65" doraHaiUra="113" who="3" fromWho="1" sc="180,0,22,-52,562,0,226,62" owari="180,-22.0,-30,-53.0,562,66.2,288,8.8" /></mjloggm>