<mjloggm ver="2.3"><GO type="169" lobby="0"/><UN n0="%E2%91%A3%E3%82%BB%E3%83%B3%E3%83%81" n1="%E5%A4%A7%E4%BB%81%E7%94%B0%E8%96%84" n2="%E2%84%83%2D%75%74%65" n3="%74%73%75%6B%69%31" dan="18,17,17,16" rate="2320.13,2198.58,2203.27,2195.18" sx="M,M,M,M"/><TAIKYOKU oya="0"/><INIT seed="0,0,0,1,2,5" ten="250,250,250,250" oya="0" hai0="115,42,85,15,95,125,36,127,120,64,32,82,108" hai1="92,16,62,50,6,26,31,8,33,25,133,111,135" hai2="65,83,48,46,54,61,117,94,56,78,105,63,21" hai3="47,81,20,57,100,75,27,93,91,106,79,109,116"/><T128/><D32/><U126/><E62/><V11/><F105/><W74/><G116/><T101/><D64/><U114/><E111/><V90/><F21/><W41/><G109/><T124/><D108/><U40/><E92/><V52/><F117/><W69/><G69/><T3/><D3/><N who="1" m="95" /><E50/><V119/><F119/><W84/><G57/><T39/><D115/><U58/><E58/><V107/><F107/><W72/><G106/><T45/><D128/><U134/><E40/><V44/><F11/><W118/><G100/><T77/><D120/><U73/><E73/><V4/><F4/><W113/><G113/><T130/><D130/><U28/><E114/><V13/><F13/><W121/><G121/><T12/><REACH who="0" step="1"/><D39/><REACH who="0" ten="240,250,250,250" step="2"/><U97/><E126/><V34/><F34/><W29/><G118/><T23/><D23/><N who="1" m="15423" /><E97/><AGARI ba="0,1" hai="12,15,36,42,45,77,82,85,95,97,101,124,125,127" machi="97" ten="40,3900,0" yaku="1,1,18,1,53,0" doraHai="5" doraHaiUra="30" who="0" fromWho="1" sc="240,49,250,-39,250,0,250,0" /><INIT seed="0,1,0,5,1,83" ten="289,211,250,250" oya="0" hai0="61,59,104,68,49,9,66,21,73,51,8,88,113" hai1="37,95,86,60,54,135,115,23,12,87,80,77,32" hai2="4,16,1,27,72,26,67,5,2,129,109,111,71" hai3="40,131,125,118,50,117,55,10,63,47,134,96,102"/><T64/><D113/><U105/><E32/><V44/><F72/><W38/><G10/><T6/><D73/><U14/><E105/><V128/><F44/><W108/><G108/><N who="2" m="41545" /><F67/><W25/><G131/><N who="2" m="50249" /><F71/><W52/><G125/><T70/><D104/><U57/><E135/><V120/><F120/><W99/><G134/><T28/><D9/><U100/><E37/><V107/><F107/><W127/><G127/><T33/><D33/><U130/><E130/><V89/><F89/><W31/><G63/><T36/><D36/><U11/><E115/><V29/><F16/><W34/><G55/><T56/><D68/><U81/><E23/><N who="2" m="15583" /><F27/><W15/><G15/><T13/><D70/><U91/><E11/><V101/><F101/><W65/><G65/><T106/><D106/><U45/><E45/><V43/><F43/><W110/><G110/><T46/><D46/><U74/><REACH who="1" step="1"/><E100/><REACH who="1" ten="289,201,250,250" step="2"/><V42/><F42/><W112/><G102/><T90/><D8/><U123/><E123/><V3/><AGARI ba="1,1" hai="1,2,3,4,5" m="15583,50249,41545" machi="3" ten="40,8000,1" yaku="14,1,19,1,34,2" doraHai="83" who="2" fromWho="2" sc="289,-41,201,-21,250,93,250,-21" /><INIT seed="1,0,0,0,2,40" ten="248,180,343,229" oya="1" hai0="89,122,52,23,55,27,25,131,29,7,107,126,85" hai1="73,96,124,105,102,46,45,62,13,49,112,9,120" hai2="106,100,36,95,135,108,94,80,43,111,133,82,68" hai3="64,24,81,4,83,54,127,63,5,51,58,18,22"/><U71/><E120/><V44/><F68/><W70/><REACH who="3" step="1"/><G127/><REACH who="3" ten="248,180,343,219" step="2"/><T11/><D126/><U99/><E124/><V8/><F108/><W88/><G88/><T65/><D122/><U132/><E112/><V114/><F111/><W78/><G78/><T38/><D131/><U97/><E73/><V98/><F114/><W57/><G57/><T116/><D116/><U90/><E132/><V75/><F75/><W47/><G47/><T128/><D128/><U31/><E31/><V77/><F77/><W56/><G56/><T119/><D119/><U72/><E72/><V39/><F44/><W20/><G20/><T110/><D110/><U79/><E79/><V35/><F135/><W6/><AGARI ba="0,1" hai="4,5,6,18,22,24,51,54,58,63,64,70,81,83" machi="6" ten="30,4000,0" yaku="21,2,0,1,53,0" doraHai="40" doraHaiUra="33" who="3" fromWho="3" sc="248,-10,180,-20,343,-10,219,50" /><INIT seed="2,0,0,2,5,94" ten="238,160,333,269" oya="2" hai0="13,120,67,101,22,43,134,36,34,68,41,53,33" hai1="121,64,3,81,21,88,8,29,0,110,32,23,73" hai2="63,66,48,35,97,93,132,58,113,85,74,82,86" hai3="124,46,20,109,127,11,5,27,112,71,50,25,122"/><V114/><F132/><W107/><G71/><T7/><D120/><U135/><E64/><V116/><F116/><W19/><G122/><T76/><D76/><U26/><E121/><V105/><F35/><W42/><G107/><T90/><D36/><U44/><E110/><V75/><F105/><W104/><G104/><T10/><D101/><U6/><E0/><V129/><F129/><W70/><G70/><T69/><D134/><U39/><E135/><V80/><F48/><W15/><G109/><T31/><D53/><U91/><E23/><V79/><F113/><W128/><G128/><T102/><D102/><U61/><E61/><V37/><F37/><W56/><G112/><T111/><D111/><U51/><E32/><V99/><F114/><W24/><REACH who="3" step="1"/><G56/><REACH who="3" ten="238,160,333,259" step="2"/><T83/><D68/><U54/><REACH who="1" step="1"/><E39/><REACH who="1" ten="238,150,333,259" step="2"/><V118/><F118/><W9/><G9/><T14/><D10/><U125/><E125/><AGARI ba="0,2" hai="5,11,15,19,20,24,25,27,42,46,50,124,125,127" machi="125" ten="40,2600,0" yaku="1,1,18,1,53,0" doraHai="94" doraHaiUra="123" who="3" fromWho="1" sc="238,0,150,-26,333,0,259,46" /><INIT seed="3,0,0,1,0,132" ten="238,124,333,305" oya="3" hai0="122,79,135,43,28,53,31,89,133,90,5,116,35" hai1="65,30,52,113,67,128,60,2,63,21,24,126,15" hai2="10,1,48,78,92,115,0,62,91,47,58,41,103" hai3="124,61,84,36,102,19,123,44,20,26,98,76,64"/><W50/><G123/><T57/><D122/><U105/><E113/><V111/><F115/><W49/><G36/><T108/><D116/><U42/><E2/><V34/><F34/><W82/><G124/><T93/><D43/><U55/><E105/><V74/><F103/><W107/><REACH who="3" step="1"/><G44/><REACH who="3" ten="238,124,333,295" step="2"/><T6/><D135/><U12/><E126/><V88/><F47/><W70/><AGARI ba="0,1" hai="19,20,26,49,50,61,64,70,76,82,84,98,102,107" machi="70" ten="20,7800,0" yaku="1,1,2,1,0,1,7,1,53,0" doraHai="132" doraHaiUra="37" who="3" fromWho="3" sc="238,-26,124,-26,333,-26,295,88" /><INIT seed="3,1,0,3,4,42" ten="212,98,307,383" oya="3" hai0="6,13,73,132,120,60,62,53,4,44,71,3,22" hai1="99,59,101,7,52,61,91,21,14,116,104,134,128" hai2="66,84,86,31,17,48,85,130,127,23,67,36,2" hai3="121,10,115,38,83,58,111,50,47,76,37,5,43"/><W102/><G121/><T20/><D120/><U72/><E128/><V129/><F36/><W96/><G115/><T122/><D122/><U100/><E134/><V49/><F2/><W32/><G32/><T70/><D3/><U110/><E110/><V82/><F31/><W75/><G58/><T95/><D73/><U79/><E116/><V54/><F82/><W107/><REACH who="3" step="1"/><G111/><REACH who="3" ten="212,98,307,373" step="2"/><T108/><D108/><U26/><E104/><V77/><F129/><W87/><G87/><T92/><D132/><U123/><E123/><V118/><F85/><W24/><G24/><T88/><D71/><U135/><E135/><V25/><F86/><W33/><G33/><T46/><D70/><U90/><E72/><V41/><F84/><W93/><G93/><T29/><D95/><N who="1" m="56823" /><E79/><V0/><F77/><W74/><G74/><T117/><D92/><U126/><E126/><V112/><F127/><W40/><G40/><T15/><D117/><U124/><E124/><V114/><F41/><W105/><G105/><T19/><D53/><U64/><E64/><V94/><F54/><W16/><G16/><T103/><D19/><N who="1" m="12607" /><E91/><V57/><F67/><W125/><G125/><T97/><D88/><U35/><E35/><V30/><F66/><W51/><G51/><T28/><D97/><U12/><E7/><V131/><F131/><W98/><G98/><T113/><D113/><U56/><E59/><V80/><F130/><W1/><AGARI ba="1,1" hai="1,5,10,37,38,43,47,50,75,76,83,96,102,107" machi="1" ten="20,12000,1" yaku="1,1,0,1,7,1,52,1,53,1" doraHai="42" doraHaiUra="106" who="3" fromWho="3" sc="212,-41,98,-41,307,-41,373,133" /><INIT seed="3,2,0,0,5,69" ten="171,57,266,506" oya="3" hai0="42,114,81,107,116,89,108,104,60,128,135,85,133" hai1="70,125,71,126,15,102,56,26,16,10,115,76,41" hai2="99,88,24,86,8,105,77,58,31,113,122,121,98" hai3="63,101,67,12,111,48,17,51,110,9,18,83,91"/><W29/><G29/><T129/><D42/><U97/><E115/><V109/><F113/><W96/><G18/><T68/><D60/><U80/><E56/><V127/><F109/><N who="3" m="41483" /><G83/><T40/><D40/><U119/><E119/><V39/><F127/><N who="1" m="48649" /><E26/><V95/><F58/><N who="3" m="37367" /><G91/><T4/><D68/><U93/><E41/><V38/><F8/><W5/><G5/><T49/><D49/><U2/><E2/><V90/><F77/><W54/><G54/><T103/><D4/><U118/><E118/><V82/><F99/><W75/><G75/><AGARI ba="2,0" hai="10,15,16,70,71,75,76,80,93,97,102" m="48649" machi="75" ten="30,2000,0" yaku="18,1,54,1" doraHai="69" who="1" fromWho="3" sc="171,0,57,26,266,0,506,-26" /><INIT seed="4,0,0,1,0,64" ten="171,83,266,480" oya="0" hai0="58,115,73,57,45,129,124,65,1,8,104,112,83" hai1="78,2,95,38,105,119,135,61,96,133,128,116,22" hai2="54,107,15,85,120,30,90,123,27,18,31,114,62" hai3="72,99,10,93,43,117,71,40,88,126,51,20,98"/><T17/><D104/><U5/><E38/><V26/><F107/><W94/><G72/><T53/><D124/><U19/><E105/><V106/><F114/><N who="0" m="43562" /><D129/><U28/><E28/><V77/><F77/><W56/><G117/><T111/><D111/><U35/><E35/><V36/><F36/><W63/><G126/><T23/><D65/><U131/><E78/><V11/><F106/><W48/><G71/><T125/><D83/><U110/><E110/><V80/><F120/><W108/><G10/><T91/><D91/><U86/><E86/><V66/><F54/><W34/><G34/><T29/><D29/><U74/><E74/><V0/><F0/><W103/><G108/><T92/><D92/><U79/><E79/><V101/><F101/><W130/><G130/><N who="1" m="49706" /><E61/><V60/><F123/><W67/><G20/><T121/><D73/><U21/><E21/><V127/><F127/><W76/><G76/><T33/><D33/><U49/><E49/><AGARI ba="0,0" hai="40,43,48,49,51,56,63,67,88,93,94,98,99,103" machi="49" ten="40,2600,0" yaku="8,1,54,1" doraHai="64" who="3" fromWho="1" sc="171,0,83,-26,266,0,480,26" /><INIT seed="5,0,0,4,0,22" ten="171,57,266,506" oya="1" hai0="118,15,102,35,2,101,95,48,107,38,39,52,120" hai1="117,11,42,54,59,14,86,91,1,109,44,129,69" hai2="9,80,18,94,70,133,29,90,5,85,0,76,32" hai3="37,50,135,111,49,67,24,105,28,19,46,127,130"/><U88/><E117/><V123/><F70/><W128/><G105/><T92/><D2/><U110/><E69/><V121/><F133/><W81/><G111/><N who="1" m="42506" /><E1/><V75/><F29/><W82/><G37/><T74/><D74/><U20/><E129/><V61/><F32/><W97/><G19/><T3/><D3/><U16/><E11/><V134/><F134/><W126/><G67/><T89/><D107/><U71/><E71/><V31/><F31/><W98/><G135/><T41/><D35/><U124/><E124/><N who="3" m="47658" /><G98/><T7/><D41/><U103/><E103/><V36/><F61/><W25/><G97/><T63/><D120/><U26/><E14/><V122/><F18/><W112/><G112/><T100/><D63/><N who="1" m="36343" /><E86/><V60/><F60/><W47/><G130/><T131/><D118/><U125/><E125/><V62/><F62/><W13/><G13/><T10/><D131/><U87/><E87/><V84/><F84/><W106/><G128/><T72/><D72/><U43/><E43/><V66/><F66/><W4/><G4/><T34/><D34/><U77/><E77/><V21/><F21/><W45/><G106/><T104/><D104/><U115/><E115/><V6/><F6/><W108/><G108/><T55/><D55/><U17/><E17/><V53/><F53/><W116/><G116/><T65/><D65/><U68/><E68/><V93/><F121/><W58/><G28/><T78/><D78/><U12/><E12/><V73/><F123/><W113/><G113/><T40/><D40/><U56/><E56/><V79/><F122/><W119/><G119/><RYUUKYOKU ba="0,0" sc="171,-10,57,30,266,-10,506,-10" hai1="16,20,26,42,44,88,91" /><INIT seed="5,1,0,2,2,135" ten="161,87,256,496" oya="1" hai0="106,124,25,110,18,12,123,1,104,65,36,70,66" hai1="67,34,63,40,52,21,45,54,42,46,134,128,94" hai2="37,72,102,2,84,98,85,8,118,73,6,20,75" hai3="132,114,11,31,48,115,80,23,14,57,17,112,111"/><U101/><E34/><V55/><F118/><W130/><G132/><T16/><D110/><U79/><E134/><V26/><F37/><W81/><G111/><T91/><D1/><U93/><E128/><V87/><F55/><N who="1" m="21033" /><E79/><V92/><REACH who="2" step="1"/><F73/><REACH who="2" ten="161,87,246,496" step="2"/><W97/><G130/><T59/><D36/><U64/><E21/><V103/><F103/><W38/><G38/><T69/><D66/><N who="1" m="25131" /><E63/><V22/><F22/><W43/><G23/><T105/><D65/><U62/><E62/><V129/><F129/><W44/><G114/><T24/><D70/><U56/><E56/><V4/><F4/><W61/><G115/><T9/><D59/><U51/><E101/><V113/><F113/><W19/><G112/><T28/><D69/><U125/><E125/><V10/><F10/><W89/><G61/><T7/><D124/><U5/><E5/><V39/><F39/><W41/><G57/><T107/><D7/><U122/><E122/><V83/><F83/><W109/><G109/><T13/><D123/><U90/><E90/><V131/><F131/><W116/><G80/><T15/><D9/><U95/><E51/><V82/><F82/><W77/><G81/><T88/><D91/><U71/><E71/><V119/><F119/><W33/><G116/><T117/><D117/><U96/><E96/><V50/><F50/><W49/><G49/><T30/><N who="0" m="26624" /><DORA hai="60" /><T76/><D88/><U133/><E133/><V108/><F108/><W3/><G97/><T78/><D78/><U53/><N who="1" m="21041" /><U74/><DORA hai="68" /><E74/><V32/><F32/><W27/><G77/><T121/><D76/><RYUUKYOKU ba="1,1" sc="161,-15,87,15,246,15,496,-15" hai1="40,42,45,46,93,94,95" hai2="2,6,8,20,26,72,75,84,85,87,92,98,102" /><INIT seed="5,2,1,1,5,32" ten="146,102,261,481" oya="1" hai0="74,40,118,127,33,102,93,61,59,25,24,96,82" hai1="69,111,131,18,87,34,64,130,125,110,133,78,122" hai2="76,105,37,52,119,14,2,43,16,3,55,128,19" hai3="56,86,15,91,5,23,62,22,47,100,106,6,109"/><U70/><E34/><V68/><F105/><W0/><G109/><N who="1" m="41482" /><E122/><V41/><F68/><N who="1" m="26217" /><E64/><V12/><F76/><W124/><G124/><T27/><D118/><U108/><N who="1" m="41490" /><U29/><DORA hai="10" /><E29/><V81/><F81/><W113/><G113/><T38/><D127/><U121/><E121/><V107/><F107/><W35/><G35/><T9/><D38/><U73/><E125/><V98/><F98/><W85/><G106/><T77/><D40/><U117/><E117/><V126/><F126/><W49/><G100/><T97/><D97/><U129/><E133/><V26/><F26/><W1/><G86/><T92/><D92/><U11/><E87/><V95/><F95/><W135/><G135/><T7/><D33/><U72/><E78/><V51/><F51/><W101/><G49/><T28/><D28/><U112/><E112/><V83/><F83/><W67/><G85/><T120/><D120/><U48/><E48/><V115/><F37/><W114/><G67/><T99/><D99/><U66/><E66/><V57/><F115/><W79/><G79/><T39/><D39/><U134/><E134/><V116/><F57/><W123/><G56/><T94/><D94/><U46/><E46/><V13/><F13/><AGARI ba="2,1" hai="11,13,18,72,73,129,130,131" m="26217,41490" machi="13" ten="50,9600,0" yaku="19,1,10,1,52,1" doraHai="32,10" who="1" fromWho="2" sc="146,0,102,112,261,-102,481,0" /><INIT seed="5,3,0,4,1,28" ten="146,214,159,481" oya="1" hai0="34,54,131,101,114,29,10,120,75,57,60,112,86" hai1="19,30,110,35,21,32,108,115,53,107,4,85,47" hai2="127,94,128,46,6,88,31,26,134,70,81,80,38" hai3="33,40,59,18,69,1,72,44,132,63,45,11,130"/><U58/><E107/><V129/><F70/><W91/><G69/><T50/><D75/><U87/><E47/><V43/><F134/><W82/><G33/><N who="1" m="12874" /><E30/><V14/><F127/><W49/><G72/><T116/><D116/><U23/><E4/><V102/><F102/><W39/><G132/><T16/><D120/><U126/><E126/><V7/><F80/><W37/><G37/><T24/><D101/><U52/><E115/><N who="0" m="44073" /><D86/><N who="1" m="32779" /><E58/><V111/><F111/><N who="1" m="42537" /><E19/><V93/><F81/><W89/><G18/><T67/><D16/><U55/><AGARI ba="3,0" hai="21,23,52,53,55" m="42537,32779,12874" machi="55" ten="40,18000,2" yaku="28,2,10,1,52,3,54,1" doraHai="28" who="1" fromWho="1" sc="146,-63,214,189,159,-63,481,-63" /><INIT seed="5,4,0,4,5,94" ten="83,403,96,418" oya="1" hai0="38,76,68,70,48,0,129,71,83,125,89,96,62" hai1="12,30,112,130,8,39,59,82,104,31,74,84,91" hai2="28,115,37,123,54,55,35,14,61,100,49,20,110" hai3="111,135,93,50,73,52,63,60,126,25,101,45,80"/><U22/><E112/><V2/><F37/><W116/><G111/><T122/><D38/><U18/><E130/><V95/><F123/><W7/><G135/><T103/><D0/><U44/><E104/><V90/><F2/><W88/><G126/><T119/><D119/><U85/><E74/><V102/><F35/><W42/><G7/><T9/><D125/><U75/><E75/><V69/><F110/><W29/><G116/><T113/><D113/><U109/><E109/><V40/><F40/><W118/><G101/><T6/><D89/><U107/><E107/><V121/><F121/><W108/><G108/><T5/><D129/><U4/><E59/><V26/><F14/><W67/><G118/><T127/><D127/><U11/><E11/><V24/><F24/><W97/><G67/><T32/><D32/><U131/><E131/><V21/><F21/><N who="3" m="15535" /><G73/><T47/><D62/><N who="3" m="23593" /><G80/><T117/><D117/><U34/><E34/><V33/><F33/><W72/><G72/><T3/><D6/><U36/><E36/><V133/><F133/><W46/><G46/><T64/><D64/><U78/><E44/><N who="2" m="27943" /><F115/><W15/><G15/><T86/><D122/><U1/><REACH who="1" step="1"/><E39/><REACH who="1" ten="83,393,96,418" step="2"/><V134/><F134/><W65/><G65/><T13/><D3/><U17/><E17/><V41/><F28/><W99/><G42/><N who="0" m="24695" /><D71/><U124/><E124/><V16/><F69/><W57/><G45/><T23/><D23/><U132/><E132/><V43/><F43/><W98/><AGARI ba="4,1" hai="50,52,57,88,93,97,98,99" m="23593,15535" machi="98" ten="30,12000,2" yaku="8,1,52,3,54,2" doraHai="94" who="3" fromWho="3" sc="83,-34,393,-64,96,-34,418,142" /><INIT seed="6,0,0,4,2,21" ten="49,329,62,560" oya="2" hai0="114,107,75,11,36,12,84,57,30,56,20,103,87" hai1="54,15,16,65,39,60,89,119,63,101,2,29,0" hai2="9,81,66,5,46,128,127,105,76,82,135,7,33" hai3="102,50,25,34,93,13,73,94,69,45,55,80,134"/><V10/><F105/><W122/><G69/><T71/><D71/><U96/><E39/><V97/><F33/><W41/><G122/><T131/><D75/><U22/><E119/><V77/><F66/><W72/><G72/><T104/><D36/><U1/><E89/><V126/><F97/><W123/><G123/><T28/><D103/><U35/><E54/><V117/><F46/><W115/><G102/><T17/><D114/><U48/><E48/><V112/><F112/><W61/><G13/><N who="0" m="9263" /><D131/><U37/><E37/><V23/><F23/><W4/><G4/><T90/><D87/><U110/><E110/><V62/><F62/><W99/><G134/><T79/><D79/><U40/><E40/><V92/><F92/><W70/><G94/><N who="0" m="54599" /><D107/><U130/><E130/><V88/><F128/><W3/><G61/><T109/><D104/><U91/><E91/><V67/><F67/><W31/><G55/><T116/><D116/><U95/><REACH who="1" step="1"/><E65/><REACH who="1" ten="49,319,62,560" step="2"/><V108/><F88/><N who="3" m="55719" /><G50/><T113/><D109/><U44/><E44/><V27/><F108/><W86/><G45/><T98/><D113/><U19/><E19/><V59/><F117/><W121/><G115/><T83/><D98/><U129/><E129/><V111/><F111/><W47/><G47/><T38/><D38/><U42/><E42/><V51/><F51/><W49/><G49/><T43/><D43/><U8/><E8/><V100/><F100/><W124/><G41/><T53/><D53/><U14/><E14/><V74/><F10/><W24/><G121/><T132/><D11/><U85/><E85/><V120/><F9/><RYUUKYOKU ba="0,1" sc="49,-10,319,30,62,-10,560,-10" hai1="0,1,2,15,16,22,29,35,60,63,95,96,101" /><INIT seed="7,1,1,1,1,48" ten="39,349,52,550" oya="3" hai0="97,65,117,116,25,35,6,100,105,71,134,98,112" hai1="37,67,14,101,107,40,24,96,58,113,51,115,30" hai2="70,85,124,80,75,129,10,74,62,50,77,32,0" hai3="36,73,23,104,130,38,109,42,29,114,66,18,12"/><W57/><G104/><T92/><D6/><U41/><E37/><V9/><F32/><W89/><G73/><T119/><D134/><U7/><E7/><V132/><F0/><W46/><G114/><T22/><D112/><U1/><E1/><V131/><F132/><W61/><G130/><N who="2" m="49673" /><F124/><W83/><G29/><N who="0" m="19887" /><D22/><U28/><E28/><V90/><F50/><W13/><G109/><T84/><D84/><U54/><E113/><V87/><F87/><W82/><G36/><T127/><D127/><U53/><E67/><N who="2" m="41335" /><F75/><W99/><G12/><T88/><D119/><U16/><E115/><V79/><F79/><W126/><G126/><T17/><D17/><U34/><E54/><V20/><F20/><AGARI ba="1,1" hai="14,16,20,24,30,34,40,41,51,53,58,96,101,107" machi="20" ten="30,3900,0" yaku="7,1,52,1,54,1" doraHai="48" who="1" fromWho="2" sc="39,0,349,52,52,-42,550,0" owari="39,-36.1,401,20.1,10,-49.0,550,65.0" /></mjloggm>