<mjloggm ver="2.3"><GO type="169" lobby="0"/><UN n0="%E3%82%BF%E3%82%A4%E4%BA%BA%EF%BC%A0%E3%83%90%E3%83%B3%E3%82%B3%E3%82%AF" n1="%37%34%31%34%4E%6D%73%6C" n2="%E3%81%82%E3%81%95%E3%81%B4%E3%82%93%EF%BC%A0%EF%BD%8D%EF%BD%8A" n3="%E4%BA%8C%E9%9A%8E%E5%A0%82%E7%9C%9F%E7%B4%85%E3%81%A1%E3%82%83%E3%82%93" dan="16,16,18,16" rate="2109.49,2039.48,2308.15,2108.13" sx="M,M,M,M"/><TAIKYOKU oya="0"/><INIT seed="0,0,0,3,0,90" ten="250,250,250,250" oya="0" hai0="134,63,45,6,129,135,39,0,22,42,114,58,9" hai1="104,117,97,96,26,44,99,126,82,1,127,4,73" hai2="94,50,120,80,81,65,112,130,123,60,78,128,24" hai3="25,54,121,118,70,59,38,10,115,102,8,23,84"/><T12/><D114/><U119/><E44/><V5/><F112/><W133/><G70/><T77/><D129/><N who="2" m="49770" /><F5/><W46/><G118/><N who="1" m="45066" /><E26/><V28/><F50/><W14/><G121/><N who="2" m="46665" /><F78/><W37/><G37/><T27/><D77/><N who="1" m="44335" /><E4/><V35/><F94/><W87/><G38/><T107/><D107/><U62/><E62/><V53/><F53/><W21/><G54/><T66/><REACH who="0" step="1"/><D0/><REACH who="0" ten="240,250,250,250" step="2"/><U85/><E1/><V122/><F122/><W71/><G115/><T92/><D92/><U29/><E104/><V49/><F49/><W68/><G133/><T108/><D108/><U109/><E109/><V13/><F13/><W69/><G14/><T89/><D89/><U30/><E30/><AGARI ba="0,1" hai="6,9,12,22,27,30,39,42,45,58,63,66,134,135" machi="30" ten="40,2000,0" yaku="1,1,53,0" doraHai="90" doraHaiUra="33" who="0" fromWho="1" sc="240,30,250,-20,250,0,250,0" /><INIT seed="0,1,0,1,1,48" ten="270,230,250,250" oya="0" hai0="108,114,14,42,31,73,36,44,71,37,25,97,62" hai1="85,112,78,28,127,81,27,4,52,88,98,115,67" hai2="109,12,18,105,24,19,102,111,33,104,2,131,61" hai3="51,76,32,119,46,66,8,1,121,89,0,3,96"/><T38/><D114/><N who="1" m="43563" /><E127/><V93/><F2/><W106/><G119/><T118/><D118/><U15/><E67/><V34/><F93/><W91/><G32/><N who="2" m="12393" /><F102/><W75/><G66/><T56/><D73/><U17/><E4/><V113/><F113/><W100/><G8/><T129/><D129/><U128/><E128/><V21/><F61/><W54/><REACH who="3" step="1"/><G121/><REACH who="3" ten="270,230,250,240" step="2"/><T7/><D108/><N who="2" m="41546" /><F131/><W134/><G134/><T40/><D71/><U103/><E28/><V60/><F60/><W53/><G53/><T47/><D38/><U123/><E123/><V43/><F43/><W29/><G29/><T55/><D31/><U45/><E78/><V68/><F68/><W86/><G86/><T87/><D87/><U110/><E110/><V49/><F49/><W133/><G133/><T57/><D62/><U20/><E98/><V122/><F122/><W132/><G132/><T126/><D97/><U90/><E103/><V72/><F72/><W64/><G64/><T80/><D37/><U9/><E9/><AGARI ba="1,1" hai="9,12,18,19,21,24,104,105" m="41546,12393" machi="9" ten="30,1000,0" yaku="14,1" doraHai="48" who="2" fromWho="1" sc="270,0,230,-13,250,23,240,0" /><INIT seed="1,0,0,2,2,39" ten="270,217,273,240" oya="1" hai0="79,80,130,98,103,55,77,122,82,15,67,66,21" hai1="88,64,76,106,44,85,45,56,94,10,20,128,107" hai2="124,26,121,22,127,61,100,92,104,37,101,14,78" hai3="89,16,11,50,75,91,90,41,48,110,35,68,3"/><U81/><E128/><V118/><F118/><W25/><G110/><T99/><D130/><U135/><E135/><V36/><F104/><W32/><G68/><T58/><D122/><U42/><E20/><V7/><F121/><W74/><G50/><T70/><D70/><U116/><E116/><V111/><F78/><W52/><G41/><T40/><D40/><U53/><E64/><V47/><F61/><W86/><G86/><T9/><D21/><U6/><E53/><V125/><F111/><W5/><G16/><T18/><D82/><U4/><E56/><V87/><F87/><W63/><G63/><T23/><D9/><U120/><E45/><V114/><F114/><W102/><G102/><N who="2" m="39529" /><F92/><W1/><G1/><T69/><D69/><U51/><E120/><V60/><F60/><W38/><G38/><T29/><D29/><U8/><E8/><N who="2" m="4383" /><F47/><W17/><G17/><AGARI ba="0,0" hai="17,22,26,36,37,124,125,127" m="4383,39529" machi="17" ten="30,1000,0" yaku="18,1" doraHai="39" who="2" fromWho="3" sc="270,0,217,0,273,10,240,-10" /><INIT seed="2,0,0,3,3,13" ten="270,217,283,230" oya="2" hai0="107,131,11,110,31,85,92,30,18,41,117,56,129" hai1="135,94,37,40,91,16,75,33,71,80,20,14,95" hai2="6,82,0,105,55,96,70,127,53,64,23,130,97" hai3="58,44,90,25,19,47,38,128,79,104,42,114,59"/><V124/><F82/><W84/><G128/><N who="0" m="49227" /><D107/><U106/><E106/><V57/><F130/><W32/><G114/><T24/><D110/><U5/><E33/><V132/><F105/><W100/><G79/><T69/><D69/><U68/><E135/><V93/><F70/><W2/><G2/><T28/><D41/><U86/><E95/><V89/><F132/><W43/><G32/><N who="0" m="20487" /><D56/><U9/><E40/><V39/><F39/><W66/><G66/><T121/><D121/><U51/><E51/><V1/><F96/><W116/><G116/><T125/><D117/><U63/><E63/><N who="2" m="37999" /><F23/><W78/><G104/><T15/><D125/><N who="2" m="48202" /><F6/><W98/><G38/><T108/><D108/><U34/><E34/><V72/><F72/><W112/><G112/><T113/><D113/><U126/><E37/><V118/><F118/><W77/><G42/><T109/><D109/><U133/><E133/><V115/><F115/><W27/><G43/><T103/><D85/><U62/><E62/><V8/><F8/><W7/><G84/><T73/><D73/><U123/><E123/><V29/><F29/><N who="0" m="10762" /><D92/><U48/><E48/><V74/><F74/><W87/><G87/><T12/><D103/><U111/><E111/><V119/><F119/><W17/><G100/><T22/><D11/><U88/><E126/><V99/><F99/><W60/><G98/><T65/><D65/><U50/><E50/><V120/><F120/><W61/><G90/><T76/><D76/><N who="1" m="44063" /><E91/><V45/><F45/><W46/><G46/><T49/><D49/><U102/><E102/><V35/><F35/><W122/><G122/><RYUUKYOKU ba="0,0" sc="270,0,217,0,283,0,230,0" hai0="12,15,18,22" hai1="5,9,14,16,20,68,71,86,88,94" hai2="0,1,53,55,89,93,97" hai3="7,17,19,25,27,44,47,58,59,60,61,77,78" /><INIT seed="2,1,0,0,3,21" ten="270,217,283,230" oya="2" hai0="56,58,80,100,11,101,51,94,41,22,60,109,96" hai1="44,30,130,75,125,67,20,126,16,55,129,36,117" hai2="18,120,2,95,99,71,6,91,79,46,104,119,114" hai3="128,123,62,0,45,118,31,40,78,61,57,3,82"/><V5/><F114/><W43/><G118/><T102/><D109/><U74/><E117/><V63/><F119/><W124/><G123/><T13/><D80/><U39/><E30/><V52/><F120/><W85/><G128/><N who="1" m="49258" /><E67/><V90/><F104/><W77/><G124/><N who="1" m="47722" /><E55/><V81/><F2/><W106/><G3/><T121/><D121/><U111/><E111/><V92/><F71/><W33/><G0/><T8/><D41/><N who="1" m="22567" /><E39/><V7/><F63/><W38/><G62/><T107/><D51/><U108/><E108/><V1/><F52/><W53/><G43/><T113/><D113/><U66/><E66/><V26/><F46/><W14/><G31/><T9/><D107/><U19/><E19/><V24/><F1/><W73/><G106/><T105/><D105/><U17/><E17/><V64/><F64/><W54/><G54/><N who="0" m="33815" /><D58/><U83/><E83/><V68/><F68/><W23/><G45/><T27/><D13/><AGARI ba="1,0" hai="13,16,20,74,75" m="22567,47722,49258" machi="13" ten="30,3900,0" yaku="19,1,18,1,54,1" doraHai="21" who="1" fromWho="0" sc="270,-42,217,42,283,0,230,0" /><INIT seed="3,0,0,0,3,22" ten="228,259,283,230" oya="3" hai0="39,74,58,117,81,126,79,109,54,28,21,37,77" hai1="40,3,43,78,83,48,118,7,47,80,51,127,31" hai2="115,132,50,25,106,33,19,68,87,57,111,15,131" hai3="121,75,134,2,16,114,133,29,105,23,14,20,119"/><W52/><G105/><T123/><D117/><U95/><E118/><V91/><F68/><W38/><G119/><T102/><D123/><U34/><E127/><V17/><F115/><W125/><G75/><T76/><D109/><U46/><E95/><V96/><F111/><W18/><G38/><T116/><D116/><U101/><E101/><V6/><F131/><W10/><G114/><T0/><D0/><U63/><E63/><V42/><F132/><N who="3" m="50795" /><G52/><T59/><D126/><U45/><E45/><V61/><F50/><W135/><N who="3" m="50803" /><W122/><DORA hai="70" /><G125/><T9/><D102/><U97/><E97/><V11/><F42/><W60/><G60/><T86/><D9/><U73/><E83/><V90/><F106/><W32/><G2/><T35/><D35/><U107/><E107/><V66/><F96/><W112/><G112/><T84/><D59/><U88/><E3/><V82/><REACH who="2" step="1"/><F91/><REACH who="2" ten="228,259,273,230" step="2"/><W24/><G32/><T104/><D104/><U36/><E88/><V64/><F64/><W93/><G93/><T69/><D69/><U113/><E113/><V108/><F108/><W13/><AGARI ba="0,1" hai="10,13,14,16,18,20,23,24,29,121,122" m="50803" machi="13" ten="40,12000,1" yaku="20,1,34,2,52,1,54,1" doraHai="22,70" who="3" fromWho="3" sc="228,-40,259,-40,273,-40,230,130" /><INIT seed="3,1,0,4,3,104" ten="188,219,233,360" oya="3" hai0="44,36,91,43,131,31,95,57,50,10,94,115,121" hai1="59,129,1,19,87,66,54,11,63,126,130,60,108" hai2="133,134,100,16,113,25,99,21,132,109,98,114,45" hai3="27,26,125,64,89,93,15,84,5,56,124,135,127"/><W3/><G3/><T80/><D121/><U39/><E39/><V120/><F120/><W83/><G135/><T78/><D115/><U86/><E108/><V55/><F109/><W116/><G116/><T70/><D70/><U2/><E126/><V33/><F33/><W53/><G64/><T48/><D131/><N who="1" m="50187" /><E19/><V28/><F28/><W62/><G5/><T71/><D71/><N who="1" m="42439" /><E11/><V17/><F17/><W49/><G15/><T77/><D31/><U111/><E111/><V68/><F68/><W90/><REACH who="3" step="1"/><G62/><REACH who="3" ten="188,219,233,350" step="2"/><T92/><D10/><U46/><E2/><V38/><F113/><W106/><G106/><T96/><D36/><U37/><E1/><V67/><F67/><W34/><G34/><T65/><D65/><U85/><E37/><V82/><F114/><W74/><G74/><T103/><D50/><U123/><E123/><V4/><F4/><W23/><G23/><T12/><D12/><U81/><E46/><V112/><F112/><W73/><G73/><T0/><D0/><U14/><E14/><V76/><F38/><W13/><G13/><T18/><D57/><U8/><E8/><V58/><F45/><W35/><G35/><T9/><D9/><U119/><E119/><V40/><F58/><W102/><G102/><T61/><D61/><U20/><E20/><V24/><F100/><W101/><G101/><T75/><D75/><U41/><E63/><V105/><F105/><W97/><AGARI ba="1,1" hai="26,27,49,53,56,83,84,89,90,93,97,124,125,127" machi="97" ten="30,11700,0" yaku="1,1,0,1,18,1,53,1" doraHai="104" doraHaiUra="51" who="3" fromWho="3" sc="188,-40,219,-40,233,-40,350,130" /><INIT seed="3,2,0,2,2,24" ten="148,179,193,480" oya="3" hai0="45,60,87,109,10,36,65,44,23,37,76,57,17" hai1="62,25,129,34,73,89,40,98,77,120,4,12,30" hai2="82,13,123,3,46,7,108,61,74,55,32,115,116" hai3="42,99,122,50,53,126,121,91,22,111,110,2,134"/><W127/><G2/><T94/><D109/><N who="3" m="41481" /><G91/><T131/><D131/><U39/><E120/><N who="3" m="46186" /><G99/><T100/><D10/><U68/><E129/><V114/><F108/><W78/><G78/><T56/><D37/><U58/><E77/><V20/><F3/><W27/><G134/><T8/><D36/><U0/><E73/><V105/><F74/><W106/><G106/><T128/><D8/><U1/><E89/><V107/><F107/><W66/><G66/><T70/><D128/><U21/><E98/><V59/><F105/><W119/><G42/><T48/><D100/><U38/><E40/><V86/><F86/><W5/><G5/><T80/><D94/><U83/><E83/><V92/><F7/><W88/><G88/><T35/><D76/><U102/><E102/><V96/><F96/><W41/><G41/><T29/><D80/><U104/><E104/><V101/><F92/><W64/><G64/><T117/><D87/><U67/><E0/><V71/><F82/><W90/><G90/><T18/><D65/><U6/><E6/><V85/><F85/><W84/><G84/><T19/><D70/><U33/><E68/><V51/><F71/><W93/><G93/><T14/><D14/><U133/><E133/><V81/><F13/><W112/><G112/><T75/><D75/><U118/><E34/><V31/><F114/><W125/><G119/><T9/><D117/><U113/><E118/><V135/><F116/><W47/><G127/><T103/><D103/><U79/><E79/><V26/><F123/><W124/><G126/><T63/><D9/><N who="1" m="2191" /><E113/><V52/><F115/><RYUUKYOKU ba="2,0" sc="148,-15,179,15,193,-15,480,15" hai1="12,21,25,30,33,38,39,58,62,67" hai3="22,27,47,50,53,124,125" /><INIT seed="3,3,0,3,1,79" ten="133,194,178,495" oya="3" hai0="38,114,110,22,85,14,49,119,17,50,16,46,103" hai1="97,43,20,78,122,77,107,42,4,59,92,94,112" hai2="6,75,104,52,10,117,19,71,125,30,132,95,89" hai3="0,128,116,36,8,98,31,111,126,41,47,129,58"/><W44/><G116/><T70/><D119/><U73/><E112/><V13/><F117/><W99/><G31/><T63/><D114/><U90/><E122/><V3/><F104/><W48/><G0/><T130/><D110/><U55/><E107/><V106/><F106/><W57/><G8/><T40/><D130/><N who="3" m="50281" /><G126/><T45/><D103/><U121/><E121/><V118/><F118/><W74/><G74/><T101/><D101/><U133/><E133/><V83/><F71/><W124/><G124/><T61/><D70/><U123/><E4/><V33/><F125/><W21/><G21/><T60/><D46/><U56/><E56/><N who="3" m="21610" /><G111/><T69/><D69/><U108/><E123/><V134/><F30/><W102/><G102/><T87/><D38/><U65/><E65/><V66/><F66/><W23/><G23/><T84/><D50/><U27/><E94/><V81/><F75/><W113/><G113/><T51/><D51/><U15/><E15/><V67/><F67/><W7/><G7/><T91/><REACH who="0" step="1"/><D17/><REACH who="0" ten="123,194,178,495" step="2"/><N who="1" m="12687" /><E108/><V11/><F132/><W80/><G47/><T18/><D18/><U62/><E73/><V53/><F134/><W28/><G36/><T105/><D105/><U68/><E68/><V86/><REACH who="2" step="1"/><F33/><REACH who="2" ten="123,194,168,495" step="2"/><W127/><G127/><T29/><D29/><U12/><E62/><V72/><F72/><W100/><G28/><T34/><D34/><U64/><E64/><V93/><F93/><AGARI ba="3,2" hai="14,16,22,40,45,49,60,61,63,84,85,87,91,93" machi="93" ten="40,8000,1" yaku="1,1,8,1,54,1,53,1" doraHai="79" doraHaiUra="9" who="0" fromWho="2" sc="123,109,194,0,168,-89,495,0" /><INIT seed="4,0,0,1,1,91" ten="232,194,79,495" oya="0" hai0="110,119,22,102,133,71,87,67,135,123,118,86,127" hai1="124,99,29,30,89,100,23,79,33,116,95,16,44" hai2="40,3,82,92,70,24,12,58,54,32,94,7,13" hai3="14,85,53,52,97,45,6,128,28,46,37,93,65"/><T75/><D71/><U38/><E116/><N who="0" m="44585" /><D67/><U49/><E38/><V31/><F70/><W108/><G108/><T107/><D22/><U61/><E79/><V56/><F40/><W130/><G28/><T47/><D47/><N who="3" m="17929" /><G37/><T103/><D123/><U112/><E124/><V55/><F82/><W126/><G65/><T69/><D69/><U96/><E61/><V59/><F3/><W1/><G1/><T25/><D25/><U21/><E33/><V26/><F7/><W72/><G72/><T18/><D18/><U129/><E23/><N who="2" m="15775" /><F26/><W15/><G126/><T68/><D68/><U81/><E129/><V60/><F32/><W2/><G2/><T125/><D75/><U111/><E111/><V66/><F66/><W4/><G4/><T51/><D51/><U50/><E50/><N who="2" m="30807" /><F58/><W73/><G73/><T114/><D110/><U8/><E8/><V41/><F41/><W10/><G15/><AGARI ba="0,0" hai="12,13,15,55,59,60,92,94" m="30807,15775" machi="15" ten="30,3900,0" yaku="8,1,52,2" doraHai="91" who="2" fromWho="3" sc="232,0,194,0,79,39,495,-39" /><INIT seed="5,0,0,1,0,58" ten="232,194,118,456" oya="1" hai0="103,122,111,50,123,131,94,12,90,119,113,42,9" hai1="85,82,87,19,53,60,84,74,11,120,116,0,46" hai2="1,127,86,112,133,65,33,14,128,54,102,45,49" hai3="114,134,18,106,52,43,23,121,76,110,31,92,126"/><U124/><E120/><N who="0" m="46121" /><D111/><U30/><E116/><V77/><F1/><W16/><G106/><T70/><D119/><U95/><E124/><V73/><F33/><W44/><G110/><T4/><D70/><U10/><E30/><V80/><F127/><W75/><G75/><T129/><D103/><U40/><E95/><V38/><F128/><W17/><G76/><T108/><D113/><U125/><E125/><V104/><F133/><W88/><G134/><T36/><D36/><U98/><E98/><V27/><F27/><W68/><G68/><T28/><D28/><U99/><E99/><V93/><F38/><W8/><G43/><T135/><D135/><U66/><E53/><V81/><F104/><W107/><G107/><T41/><D108/><U37/><E0/><V117/><F117/><W118/><G114/><T48/><D42/><U79/><REACH who="1" step="1"/><E19/><REACH who="1" ten="232,184,118,456" step="2"/><V22/><F93/><W13/><G118/><T39/><D131/><U47/><E47/><V51/><F112/><W69/><G44/><N who="0" m="23615" /><D129/><U78/><E78/><V32/><F77/><W35/><G92/><T2/><D2/><U61/><E61/><V96/><F45/><W55/><G55/><T97/><AGARI ba="0,1" hai="4,9,12,48,50,90,94,97" m="23615,46121" machi="97" ten="30,1100,0" yaku="13,1" doraHai="58" who="0" fromWho="0" sc="232,21,184,-5,118,-3,456,-3" /><INIT seed="6,0,0,3,4,135" ten="253,179,115,453" oya="2" hai0="55,125,31,23,113,25,48,61,1,91,122,104,66" hai1="108,33,79,89,85,12,87,124,24,30,67,26,82" hai2="3,51,71,127,78,60,49,13,69,109,73,40,128" hai3="129,44,90,5,83,126,95,4,6,131,57,27,94"/><V65/><F3/><W96/><G126/><T36/><D125/><U84/><E108/><V88/><F127/><W39/><G57/><T38/><D1/><U119/><E119/><V7/><F109/><W47/><G83/><T34/><D104/><U22/><E124/><V81/><F128/><N who="3" m="49227" /><G39/><T112/><D34/><U2/><E2/><V118/><F118/><W97/><G27/><T114/><D91/><AGARI ba="0,0" hai="4,5,6,44,47,90,91,94,95,96,97" m="49227" machi="91" ten="30,1000,0" yaku="19,1" doraHai="135" who="3" fromWho="0" sc="253,-10,179,0,115,0,453,10" /><INIT seed="7,0,0,2,1,7" ten="243,179,115,463" oya="3" hai0="69,40,12,62,59,116,90,27,127,88,21,35,63" hai1="130,78,46,22,36,20,115,106,124,64,117,135,91" hai2="82,89,32,70,96,73,34,65,105,28,57,98,60" hai3="38,10,25,99,0,53,42,110,131,66,111,125,68"/><W56/><G99/><T118/><D35/><U77/><E106/><V71/><F96/><W30/><G25/><T37/><D12/><U128/><E115/><V17/><F70/><W75/><G30/><T121/><D40/><N who="1" m="22791" /><E124/><V50/><F73/><W108/><G10/><T93/><D37/><U114/><E114/><V104/><F104/><W119/><G0/><T15/><D15/><U29/><E135/><V100/><F32/><W92/><G92/><T94/><D21/><N who="1" m="8299" /><E29/><V83/><F17/><W52/><G75/><T103/><D27/><U85/><E64/><V74/><F74/><W33/><G33/><T86/><D103/><U109/><E109/><V19/><F19/><W11/><G66/><T43/><D43/><U84/><E85/><V2/><F2/><W134/><G42/><T95/><D86/><U5/><E5/><V107/><F107/><W122/><G125/><T23/><D23/><U101/><E101/><V113/><F113/><W24/><G134/><T16/><D16/><U79/><E117/><V61/><F50/><W112/><G119/><T58/><D95/><U81/><E77/><V6/><F6/><W120/><G111/><T129/><D127/><U1/><E1/><V44/><F44/><W4/><G108/><T13/><D121/><U132/><E132/><V123/><F123/><W87/><G120/><T26/><D69/><U48/><E48/><V76/><F76/><W39/><G68/><T102/><D102/><U3/><E3/><V55/><REACH who="2" step="1"/><F89/><REACH who="2" ten="243,179,105,463" step="2"/><N who="0" m="34410" /><D118/><U14/><E78/><V47/><F47/><W126/><G110/><T45/><D116/><RYUUKYOKU ba="0,1" sc="243,-10,179,-10,105,30,463,-10" hai2="28,34,55,57,60,61,65,71,82,83,98,100,105" owari="233,3.3,169,-23.1,135,-36.5,463,56.3" /></mjloggm>