<mjloggm ver="2.3"><GO type="169" lobby="0"/><UN n0="%E4%BE%8D" n1="%E3%81%A1%E3%82%83%E3%82%93%E3%81%AE%E3%81%B6" n2="%70%6F%72%66%65%76%72%65" n3="%E3%82%88%E3%81%B4" dan="17,17,16,17" rate="2228.49,2152.99,2132.09,2135.88" sx="M,M,M,M"/><TAIKYOKU oya="0"/><INIT seed="0,0,0,4,5,2" ten="250,250,250,250" oya="0" hai0="73,33,122,58,60,83,44,95,94,50,23,68,89" hai1="43,125,130,20,46,5,110,25,12,96,121,128,87" hai2="99,79,77,109,80,52,129,51,131,114,127,97,107" hai3="3,39,111,112,126,11,22,28,7,30,108,47,74"/><T84/><D33/><U64/><E121/><V6/><F114/><W71/><G71/><T18/><D68/><U124/><E64/><V106/><F109/><W14/><G74/><T100/><D73/><U48/><E110/><N who="3" m="42026" /><G39/><T13/><D122/><U90/><E96/><N who="2" m="36939" /><F6/><W102/><G102/><T40/><REACH who="0" step="1"/><D100/><REACH who="0" ten="240,250,250,250" step="2"/><U101/><E101/><V55/><F127/><W27/><G126/><T57/><D57/><U135/><E124/><V61/><F107/><W35/><G47/><T16/><D16/><U56/><E56/><N who="2" m="34951" /><F106/><W78/><G30/><T62/><D62/><U104/><E125/><V38/><F38/><W66/><G66/><AGARI ba="0,1" hai="13,18,23,40,44,50,58,60,66,83,84,89,94,95" machi="66" ten="30,11600,0" yaku="1,1,7,1,8,1,53,1" doraHai="2" doraHaiUra="76" who="0" fromWho="3" sc="240,126,250,0,250,0,250,-116" /><INIT seed="0,1,0,3,1,27" ten="366,250,250,134" oya="0" hai0="58,122,135,16,6,95,17,94,24,132,53,18,73" hai1="20,60,51,113,25,69,77,63,133,44,70,15,78" hai2="80,67,106,107,46,50,99,103,4,83,84,36,5" hai3="28,55,11,127,115,114,1,116,120,76,130,47,109"/><T134/><D122/><U22/><E133/><V72/><F36/><W52/><G116/><T90/><D73/><U14/><E113/><V35/><F35/><W41/><G109/><T13/><D24/><U102/><E25/><V121/><F121/><W32/><G120/><T89/><D6/><U81/><E102/><V33/><F33/><W100/><G100/><T21/><D94/><U111/><E51/><V123/><F106/><W88/><G32/><T79/><D90/><U104/><E81/><V101/><F101/><W98/><G47/><T97/><REACH who="0" step="1"/><D79/><REACH who="0" ten="356,250,250,134" step="2"/><U119/><E78/><V92/><F72/><W38/><G88/><T42/><D42/><U49/><E77/><V87/><F5/><W37/><G41/><T117/><D117/><U68/><E119/><V40/><F4/><W86/><G76/><T66/><D66/><U8/><E104/><V31/><F123/><W61/><G55/><T128/><D128/><U19/><E111/><V59/><F92/><W75/><G52/><T85/><D85/><U74/><E74/><V57/><F67/><W10/><G86/><T54/><D54/><U129/><E129/><V82/><F84/><W2/><G75/><T26/><D26/><U126/><E44/><V48/><F87/><W34/><G34/><T39/><D39/><U118/><E118/><V45/><F40/><W30/><G130/><T108/><D108/><U112/><E112/><V64/><F64/><W7/><G7/><T62/><AGARI ba="1,1" hai="13,16,17,18,21,53,58,62,89,95,97,132,134,135" machi="62" ten="30,12000,1" yaku="1,1,0,1,20,1,54,1,53,1" doraHai="27" doraHaiUra="56" who="0" fromWho="0" sc="356,133,250,-41,250,-41,134,-41" /><INIT seed="0,2,0,3,5,49" ten="489,209,209,93" oya="0" hai0="40,98,65,27,122,47,124,29,15,58,31,126,16" hai1="3,89,64,117,73,46,105,6,8,85,132,107,119" hai2="100,57,7,118,0,92,10,26,97,1,48,5,81" hai3="96,12,80,79,17,45,103,54,59,32,61,67,18"/><T120/><D98/><U72/><E64/><V83/><F118/><W68/><G32/><T33/><D65/><U14/><E132/><V44/><F57/><W2/><G2/><T34/><D58/><U86/><E3/><V114/><F114/><W84/><G45/><T91/><D91/><U116/><E46/><V56/><F56/><W9/><G18/><T60/><D60/><U127/><E127/><N who="0" m="48681" /><D47/><U28/><E28/><N who="0" m="10825" /><D40/><U25/><E25/><V43/><F26/><W130/><G130/><T11/><D27/><U111/><E107/><V102/><F100/><W55/><REACH who="3" step="1"/><G68/><REACH who="3" ten="489,209,209,83" step="2"/><T104/><D104/><AGARI ba="2,1" hai="9,12,17,54,55,59,61,67,79,80,84,96,103,104" machi="104" ten="30,8000,1" yaku="1,1,2,1,7,1,52,2,53,0" doraHai="49" doraHaiUra="125" who="3" fromWho="0" sc="489,-86,209,0,209,0,83,96" /><INIT seed="1,0,0,3,0,19" ten="403,209,209,179" oya="1" hai0="39,0,89,131,8,37,9,92,127,42,10,91,67" hai1="12,6,40,68,81,83,101,49,65,70,109,64,107" hai2="56,36,35,62,23,53,90,71,38,112,30,80,130" hai3="126,104,118,13,18,84,21,125,82,129,58,94,34"/><U5/><E107/><V123/><F123/><W121/><G104/><T17/><D0/><U86/><E101/><V110/><F35/><W99/><G34/><T3/><D3/><U61/><E109/><V41/><F110/><W50/><G121/><T97/><D131/><U2/><E2/><V74/><F130/><W119/><G129/><T55/><D127/><N who="3" m="48649" /><G58/><T47/><D67/><U7/><E12/><V48/><F112/><W85/><G50/><T63/><D91/><U22/><E86/><N who="3" m="33386" /><G82/><T105/><D105/><U25/><E68/><V102/><F102/><AGARI ba="0,0" hai="13,18,21,94,99,102,118,119" m="33386,48649" machi="102" ten="30,2000,0" yaku="18,1,52,1" doraHai="19" who="3" fromWho="2" sc="403,0,209,0,209,-20,179,20" /><INIT seed="2,0,0,0,1,38" ten="403,209,189,199" oya="2" hai0="2,125,23,48,133,114,122,94,45,116,52,91,74" hai1="55,105,135,95,44,14,106,58,17,90,84,86,63" hai2="117,93,19,82,66,30,4,126,53,34,27,5,64" hai3="92,79,96,51,103,118,21,1,120,113,47,100,28"/><V75/><F117/><W3/><G120/><T88/><D114/><U89/><E135/><V13/><F126/><W0/><G118/><T43/><D116/><U15/><E15/><V129/><F129/><W50/><G79/><T33/><D122/><U68/><E68/><V62/><F93/><W108/><G108/><T32/><D2/><U31/><E31/><V59/><F66/><W128/><G51/><T36/><D74/><U18/><E18/><V67/><F67/><W112/><G103/><T110/><D110/><U56/><E56/><V61/><F82/><W87/><G87/><T57/><D133/><U107/><E44/><V124/><F75/><W41/><G128/><T42/><D42/><U46/><E46/><V111/><F124/><W83/><G83/><T6/><D6/><U20/><REACH who="1" step="1"/><E106/><REACH who="1" ten="403,199,189,199" step="2"/><V65/><F111/><W60/><G1/><T98/><D125/><U10/><E10/><V78/><F65/><W115/><G28/><T16/><D91/><U73/><E73/><V35/><F35/><W134/><G134/><T9/><D9/><U130/><E130/><V49/><F78/><W81/><G3/><T131/><D131/><U39/><E39/><V123/><F123/><W119/><G0/><T85/><D85/><U77/><E77/><V99/><F99/><W132/><G132/><T54/><D54/><U121/><E121/><V104/><F104/><W40/><G119/><T72/><D72/><U76/><E76/><V102/><F64/><W71/><G113/><T37/><D36/><U12/><E12/><AGARI ba="0,1" hai="12,16,23,32,33,37,43,45,48,52,57,88,94,98" machi="12" ten="30,8000,1" yaku="7,1,52,1,54,3" doraHai="38" who="0" fromWho="1" sc="403,90,199,-80,189,0,199,0" /><INIT seed="3,0,0,1,5,50" ten="493,119,189,199" oya="3" hai0="132,61,48,55,125,123,28,94,11,47,7,88,98" hai1="89,10,115,97,79,82,86,57,5,80,75,41,32" hai2="77,126,6,60,3,104,51,134,26,65,112,72,56" hai3="127,23,1,15,59,54,64,31,70,81,73,95,52"/><W85/><G1/><T2/><D123/><U92/><E32/><V66/><F112/><W58/><G73/><T99/><D125/><U33/><E33/><V93/><F104/><W19/><G70/><T120/><D120/><U29/><E115/><V129/><F126/><W83/><G31/><T14/><D132/><U17/><E29/><V107/><F107/><W114/><G114/><T12/><D28/><U62/><E41/><V117/><F117/><W101/><G64/><T111/><D111/><U20/><E10/><V25/><F134/><W24/><G24/><T96/><D61/><U108/><E5/><V0/><F0/><W45/><G45/><T63/><D63/><U105/><E108/><V109/><F109/><W130/><G130/><T102/><D99/><U27/><E105/><AGARI ba="0,0" hai="2,7,11,12,14,47,48,55,88,94,96,98,102,105" machi="105" ten="30,3900,0" yaku="7,1,52,1,54,1" doraHai="50" who="0" fromWho="1" sc="493,39,119,-39,189,0,199,0" /><INIT seed="4,0,0,4,5,75" ten="532,80,189,199" oya="0" hai0="92,128,116,10,88,41,24,108,30,67,33,117,65" hai1="86,46,31,34,37,119,16,104,115,6,17,4,13" hai2="39,66,132,87,18,44,40,38,134,47,124,118,123" hai3="27,100,90,91,56,14,70,50,96,131,8,103,106"/><T7/><D128/><U11/><E104/><V57/><F18/><W122/><G70/><T22/><D108/><U129/><E37/><V64/><F87/><W3/><G3/><T82/><D82/><U54/><E119/><V58/><F124/><W35/><G103/><T71/><D41/><U48/><E129/><V78/><F123/><W83/><G131/><T25/><D67/><U59/><E115/><V79/><REACH who="2" step="1"/><F40/><REACH who="2" ten="532,80,179,199" step="2"/><W89/><G122/><T53/><D117/><AGARI ba="0,1" hai="38,39,44,47,57,58,64,66,78,79,117,118,132,134" machi="117" ten="25,12000,2" yaku="1,1,2,1,22,2,52,2,53,0" doraHai="75" doraHaiUra="9" who="2" fromWho="0" sc="532,-120,80,0,179,130,199,0" /><INIT seed="5,0,0,1,2,127" ten="412,80,309,199" oya="1" hai0="29,93,105,67,75,10,117,19,59,83,96,77,129" hai1="98,133,123,108,54,39,101,7,30,27,60,87,99" hai2="57,124,118,86,81,90,62,37,134,24,32,45,128" hai3="94,34,11,18,6,76,5,116,35,0,135,47,109"/><U61/><E123/><V14/><F118/><W73/><G109/><T15/><D117/><U112/><E39/><V31/><F124/><W43/><G135/><T104/><D129/><U12/><E133/><V80/><F128/><W95/><G6/><T58/><D29/><U85/><E112/><V106/><F106/><W53/><G53/><T84/><D67/><U25/><E108/><V8/><F134/><W49/><G94/><T22/><D104/><U122/><E122/><V20/><F45/><W21/><G95/><T121/><D121/><U65/><E54/><V70/><F70/><W44/><G116/><T55/><D55/><U120/><E120/><V63/><F81/><W103/><G103/><N who="0" m="62695" /><D10/><U119/><E119/><V110/><F110/><W132/><G44/><T125/><D125/><U42/><E101/><V38/><F63/><W48/><G48/><T89/><AGARI ba="0,0" hai="15,19,22,58,59,75,77,83,84,89,93" m="62695" machi="89" ten="30,1100,0" yaku="24,1" doraHai="127" who="0" fromWho="0" sc="412,11,80,-5,309,-3,199,-3" /><INIT seed="6,0,0,5,1,30" ten="423,75,306,196" oya="2" hai0="60,101,107,97,33,125,44,65,10,122,71,49,135" hai1="111,11,35,124,93,55,42,108,1,52,18,85,74" hai2="14,115,46,114,8,79,118,96,131,95,20,2,7" hai3="116,22,117,129,41,100,80,121,110,127,102,63,56"/><V0/><F118/><W88/><G110/><T5/><D125/><U23/><E74/><V38/><F131/><W70/><G70/><T37/><D135/><U98/><E124/><V24/><F79/><W47/><G121/><T36/><D33/><U29/><E42/><V66/><F66/><W39/><G127/><T128/><D128/><U26/><E85/><V69/><F69/><W6/><G129/><T9/><D9/><U134/><E134/><V77/><F77/><W57/><G57/><T64/><D65/><U75/><E75/><V76/><F76/><W54/><G100/><T61/><D60/><U83/><E83/><V31/><F46/><W99/><G22/><T17/><D17/><U12/><E108/><V25/><F38/><W84/><REACH who="3" step="1"/><G6/><REACH who="3" ten="423,75,306,186" step="2"/><T58/><D58/><U53/><E111/><V4/><F7/><W104/><AGARI ba="0,1" hai="39,41,47,54,56,63,80,84,88,99,102,104,116,117" machi="104" ten="20,12000,2" yaku="1,1,2,1,0,1,7,1,54,1,53,1" doraHai="30" doraHaiUra="48" who="3" fromWho="3" sc="423,-30,75,-30,306,-60,186,130" /><INIT seed="7,0,0,2,1,1" ten="393,45,246,316" oya="3" hai0="108,66,11,82,101,48,10,61,121,133,112,14,117" hai1="68,74,132,25,76,109,104,81,21,17,6,33,38" hai2="98,12,43,107,115,2,52,9,125,131,31,92,113" hai3="30,27,54,39,95,75,94,5,97,77,126,106,44"/><W128/><G75/><T26/><D108/><U50/><E109/><V51/><F43/><W13/><G77/><T49/><D117/><U123/><E123/><V36/><F36/><W122/><G122/><T102/><D121/><U16/><E132/><V59/><F2/><W72/><G72/><T105/><D133/><U60/><E104/><V129/><F107/><W110/><G128/><T96/><D102/><U89/><E38/><V46/><F31/><W35/><G126/><T4/><D112/><U45/><E33/><V83/><F46/><W118/><G118/><T34/><D11/><U120/><E120/><V100/><F125/><W87/><G87/><T23/><D82/><U116/><E116/><V57/><F59/><W88/><G95/><T24/><D24/><U7/><E17/><V22/><F22/><W103/><G110/><T58/><D34/><U8/><E8/><V62/><F51/><W78/><G78/><T40/><D40/><U79/><E79/><V37/><F83/><W84/><G39/><T91/><D91/><U18/><E18/><AGARI ba="0,0" hai="4,10,14,18,23,26,48,49,58,61,66,96,101,105" machi="18" ten="30,2000,0" yaku="7,1,52,1" doraHai="1" who="0" fromWho="1" sc="393,20,45,-20,246,0,316,0" owari="413,51.3,25,-47.5,246,-15.4,316,11.6" /></mjloggm>