<mjloggm ver="2.3"><GO type="169" lobby="0"/><UN n0="%E8%B5%A4%E7%BE%8E%E6%BF%83%E3%81%BE%E3%81%90%E3%82%8D" n1="%E3%81%82%E3%81%BE%E3%81%82%E3%82%93" n2="%E3%81%A1%E3%82%83%E3%81%B0%E3%82%8A%E3%83%BC%E3%82%84" n3="%E3%83%9E%E3%82%B9%E3%82%BF%E3%83%BC%E3%83%93%E3%83%BC%E3%83%AB" dan="16,17,16,16" rate="2194.20,2119.60,2101.53,2190.78" sx="M,M,M,M"/><TAIKYOKU oya="0"/><INIT seed="0,0,0,0,1,36" ten="250,250,250,250" oya="0" hai0="80,115,70,5,12,6,51,41,48,42,127,121,16" hai1="99,82,72,87,40,39,20,77,23,69,116,106,25" hai2="56,104,125,50,65,113,71,7,97,44,84,134,79" hai3="76,95,54,81,24,33,90,38,52,43,2,0,63"/><T17/><D70/><U59/><E69/><V102/><F113/><W18/><G33/><T120/><D80/><U86/><E116/><V123/><F123/><W83/><G2/><T111/><D127/><U26/><E59/><V10/><F125/><W60/><G0/><T61/><D61/><U27/><E106/><V67/><F134/><W108/><G108/><T135/><D135/><U57/><E57/><V114/><F114/><W68/><G76/><T58/><D115/><U30/><E99/><V11/><F11/><W128/><G128/><T75/><D75/><U91/><E91/><V131/><F56/><W22/><G68/><T66/><D58/><U4/><E4/><V85/><F131/><W129/><G129/><T74/><D74/><U46/><REACH who="1" step="1"/><E26/><REACH who="1" ten="250,240,250,250" step="2"/><V34/><F71/><W98/><G63/><T122/><D111/><U92/><E92/><V19/><F7/><N who="0" m="2570" /><D66/><U47/><E47/><V117/><F44/><W96/><G60/><T53/><D12/><U73/><E73/><V93/><F65/><W126/><G126/><T45/><D53/><U8/><E8/><V3/><F10/><W62/><G62/><T37/><D37/><U15/><E15/><V119/><F67/><W29/><G54/><T112/><D112/><U55/><E55/><V49/><F119/><W132/><G52/><T78/><D78/><U103/><E103/><V1/><F117/><W100/><G132/><T124/><D124/><U32/><E32/><V105/><F34/><W64/><G64/><T133/><D133/><U107/><E107/><V21/><F79/><W9/><G38/><RYUUKYOKU ba="0,1" sc="250,15,240,15,250,-15,250,-15" hai0="16,17,41,42,45,48,51,120,121,122" hai1="20,23,25,27,30,39,40,46,72,77,82,86,87" /><INIT seed="0,1,1,3,2,100" ten="265,255,235,235" oya="0" hai0="18,62,14,16,80,131,21,93,28,38,74,126,3" hai1="44,118,56,114,39,122,25,103,129,108,22,117,104" hai2="10,47,86,92,116,58,120,54,79,71,97,66,69" hai3="106,110,109,65,134,67,102,40,130,121,119,1,87"/><T95/><D38/><U32/><E122/><V31/><F120/><W60/><G1/><T43/><D43/><U30/><E108/><V68/><F116/><W37/><G87/><T113/><D113/><U111/><E111/><V11/><F31/><W107/><G121/><T123/><D123/><U88/><E114/><V52/><F66/><W5/><G5/><T133/><D3/><U83/><E129/><V84/><F47/><N who="3" m="23951" /><G102/><T50/><D131/><U41/><E32/><V48/><F54/><W127/><G119/><T12/><D28/><U63/><E83/><V98/><F98/><W24/><G130/><T125/><D50/><U33/><E33/><V77/><F86/><W29/><G67/><T59/><D133/><U34/><E34/><V17/><F84/><W90/><G90/><T57/><D80/><U76/><E88/><V99/><F99/><W0/><G134/><T82/><D82/><U7/><E7/><V46/><F46/><W45/><G45/><T70/><D70/><U35/><E35/><V101/><REACH who="2" step="1"/><F17/><REACH who="2" ten="265,255,225,235" step="2"/><W64/><G64/><T75/><D62/><U81/><E118/><V13/><F13/><W89/><G60/><T115/><D115/><U96/><E117/><V49/><F49/><W42/><G109/><T6/><REACH who="0" step="1"/><D6/><REACH who="0" ten="255,255,225,235" step="2"/><U91/><E63/><V124/><F124/><W27/><G127/><T94/><D94/><U112/><E112/><V51/><F51/><W15/><G29/><T8/><D8/><AGARI ba="1,3" hai="8,10,11,48,52,58,68,69,71,77,79,92,97,101" machi="8" ten="40,2600,0" yaku="1,1,54,1,53,0" doraHai="100" doraHaiUra="9" who="2" fromWho="0" sc="255,-29,255,0,225,59,235,0" /><INIT seed="1,0,0,3,5,6" ten="226,255,284,235" oya="1" hai0="37,61,112,57,104,66,3,48,22,63,84,25,113" hai1="18,39,103,93,76,88,7,46,55,35,31,8,56" hai2="32,49,27,12,36,85,23,17,73,105,100,74,33" hai3="44,129,122,20,132,5,9,50,68,11,60,69,19"/><U94/><E76/><V43/><F36/><W40/><G122/><T4/><D37/><U101/><E35/><V75/><F85/><W116/><G132/><T97/><D48/><U118/><E118/><V82/><F82/><W111/><G116/><T29/><D84/><U80/><E31/><V91/><F91/><W128/><G111/><T52/><D104/><U79/><E18/><V108/><F108/><W106/><G106/><T30/><D30/><U134/><E134/><V16/><F43/><W114/><G114/><T107/><D4/><U34/><E34/><V90/><F90/><W45/><G45/><T117/><D3/><U78/><E46/><V0/><F0/><W53/><G40/><T47/><D117/><U119/><E39/><V121/><F49/><W70/><G60/><T58/><REACH who="0" step="1"/><D47/><REACH who="0" ten="216,255,284,235" step="2"/><U10/><E7/><V127/><F121/><W133/><G133/><T62/><D62/><N who="1" m="36127" /><E119/><V38/><F38/><W102/><G5/><T51/><D51/><U65/><E94/><V96/><REACH who="2" step="1"/><F127/><REACH who="2" ten="216,255,274,235" step="2"/><W83/><G50/><T81/><D81/><U131/><E80/><V99/><F99/><W15/><G83/><T71/><D71/><U95/><E78/><V72/><N who="2" m="18432" /><DORA hai="26" /><V123/><F123/><W21/><G69/><T130/><D130/><U77/><E131/><V120/><F120/><W2/><G68/><T86/><D86/><N who="1" m="52375" /><E77/><V115/><F115/><W98/><G70/><T1/><D1/><U89/><E79/><V41/><F41/><W54/><G128/><T67/><D67/><U59/><E65/><V87/><F87/><W64/><G129/><RYUUKYOKU ba="0,2" sc="216,15,255,-15,274,15,235,-15" hai0="22,25,29,52,57,58,61,63,66,97,107,112,113" hai2="12,16,17,23,27,32,33,96,100,105" /><INIT seed="2,1,2,0,2,39" ten="231,240,289,220" oya="2" hai0="114,92,27,19,54,101,106,55,43,115,30,11,90" hai1="125,124,77,94,63,12,50,120,86,8,123,121,0" hai2="99,47,74,34,10,69,68,105,98,62,32,111,41" hai3="126,48,132,15,82,42,67,51,127,108,81,97,70"/><V49/><F74/><W45/><G108/><T80/><D106/><U9/><E0/><V79/><F111/><W16/><G132/><T76/><D101/><U118/><E118/><V59/><F79/><W72/><G97/><T64/><D64/><U24/><E24/><V36/><F36/><W104/><G104/><T37/><D19/><U33/><E33/><V31/><F10/><W52/><G70/><T21/><D11/><U100/><E63/><V4/><F4/><W112/><G67/><T130/><D130/><U96/><E50/><V40/><F40/><W75/><G112/><T29/><D29/><U113/><E113/><V23/><F23/><N who="3" m="11679" /><G75/><T18/><D30/><U14/><E14/><V129/><F129/><W122/><G72/><T6/><D6/><U109/><E109/><V60/><F105/><W46/><G122/><T25/><D25/><U38/><E38/><V35/><F31/><W22/><G22/><T93/><D115/><U44/><E8/><V28/><F28/><W26/><G26/><T65/><D65/><U71/><E71/><V83/><F69/><W107/><G107/><T2/><D2/><U84/><E9/><V78/><F68/><W119/><G119/><T116/><D116/><U102/><E12/><V3/><F3/><W131/><G131/><T5/><D5/><U7/><E7/><V17/><F17/><W91/><G91/><T20/><D20/><U95/><E123/><V103/><F103/><W88/><G88/><T13/><D27/><U73/><E121/><V58/><F35/><W61/><G61/><T1/><D114/><RYUUKYOKU ba="1,2" sc="231,-10,240,-10,289,-10,220,30" hai3="42,45,46,48,51,52,81,82,126,127" /><INIT seed="3,2,2,2,0,56" ten="221,230,279,250" oya="3" hai0="119,90,129,2,131,5,41,35,82,17,38,48,128" hai1="52,109,43,19,55,67,80,64,102,1,95,61,22" hai2="134,40,15,32,86,78,73,25,77,24,100,125,7" hai3="112,70,62,115,113,27,117,132,75,116,79,133,94"/><W18/><G75/><T104/><D119/><N who="3" m="45641" /><G79/><T60/><D104/><U53/><E109/><V107/><F73/><W16/><G94/><T66/><D35/><U58/><E1/><V29/><F125/><W111/><G70/><T92/><D82/><U127/><E127/><V68/><F134/><N who="3" m="51819" /><G111/><T9/><D17/><U10/><E10/><V89/><F40/><W51/><G51/><T83/><D83/><U126/><E126/><V63/><F107/><W28/><G62/><T13/><D48/><U23/><E43/><V114/><F100/><W45/><G45/><T97/><D41/><U37/><E37/><V57/><F68/><W76/><G76/><T101/><D38/><U44/><E80/><V3/><F78/><W20/><AGARI ba="2,2" hai="16,18,20,27,28,112,113,115" m="51819,45641" machi="20" ten="40,12000,1" yaku="20,1,34,2,54,1" doraHai="56" who="3" fromWho="3" sc="221,-42,230,-42,279,-42,250,146" /><INIT seed="3,3,0,4,0,110" ten="179,188,237,396" oya="3" hai0="40,11,80,4,41,123,34,83,76,118,129,5,106" hai1="30,46,95,119,42,3,13,90,32,14,114,121,19" hai2="24,23,99,77,55,39,28,20,130,22,68,69,89" hai3="128,15,1,117,9,88,116,82,65,107,56,101,21"/><W86/><G128/><T122/><D106/><U73/><E121/><V37/><F130/><W66/><G107/><T0/><D34/><U93/><E3/><V102/><F77/><W63/><G101/><T127/><D118/><U111/><E73/><V17/><F89/><W44/><G1/><T59/><D129/><U50/><E111/><V25/><F55/><W58/><G21/><T43/><D127/><U100/><E119/><V12/><F69/><W29/><G29/><T7/><D0/><U48/><E114/><V81/><F68/><W109/><G44/><T103/><D103/><U36/><E100/><V132/><F81/><W133/><G133/><T91/><D11/><U79/><E79/><V33/><F132/><W71/><G109/><T16/><D91/><U115/><E115/><V72/><F72/><W84/><G71/><T49/><D16/><U38/><E30/><V134/><F134/><W78/><G58/><T112/><D112/><U124/><E32/><V53/><F53/><W113/><G66/><T87/><D83/><U47/><E90/><V18/><REACH who="2" step="1"/><F33/><REACH who="2" ten="179,188,227,396" step="2"/><W67/><G113/><T70/><D70/><U51/><E124/><V57/><F57/><W35/><G35/><T135/><D135/><U96/><E42/><V62/><F62/><W60/><G60/><T45/><D59/><U64/><E64/><V98/><F98/><W104/><G67/><T74/><REACH who="0" step="1"/><D74/><REACH who="0" ten="169,188,227,396" step="2"/><U108/><E108/><V94/><AGARI ba="3,2" hai="12,17,18,20,22,23,24,25,28,37,39,94,99,102" machi="94" ten="20,5200,0" yaku="1,1,0,1,7,1,53,1" doraHai="110" doraHaiUra="27" who="2" fromWho="2" sc="169,-16,188,-16,227,81,396,-29" /><INIT seed="4,0,0,4,5,90" ten="153,172,308,367" oya="0" hai0="114,35,5,108,58,8,20,41,134,111,129,123,48" hai1="132,104,131,94,19,9,75,10,53,54,62,117,99" hai2="39,81,106,23,97,56,103,24,93,128,50,133,116" hai3="33,110,13,38,107,118,42,105,130,17,92,0,68"/><T71/><D35/><U37/><E117/><V113/><F39/><W83/><G68/><T96/><D71/><U27/><E104/><V21/><F116/><W112/><G0/><T34/><D34/><U7/><E37/><V102/><F113/><W45/><G110/><N who="0" m="42027" /><D123/><U64/><E75/><V66/><F128/><W52/><G130/><T127/><D129/><U18/><E131/><V28/><F133/><W98/><G112/><T11/><D134/><U78/><E78/><V31/><F81/><W101/><G33/><T63/><D114/><U44/><E132/><V29/><F106/><W80/><G118/><T100/><D20/><N who="1" m="13719" /><E7/><V82/><F82/><W59/><G107/><N who="0" m="63879" /><D127/><U126/><E126/><V89/><F28/><W47/><G105/><T55/><D5/><U79/><E79/><V40/><F40/><W124/><G124/><T61/><D41/><U2/><E2/><V135/><F135/><W125/><G125/><T69/><D69/><U57/><E19/><V49/><F31/><W87/><G42/><T25/><D25/><U74/><E74/><V30/><F30/><W32/><G32/><T3/><D3/><U85/><E85/><V72/><F72/><W109/><G109/><T16/><D16/><U26/><E26/><V46/><F21/><W12/><G12/><T84/><D84/><U6/><E6/><V14/><F14/><W119/><G119/><T22/><D22/><U76/><E76/><V60/><F49/><N who="3" m="31119" /><G87/><T36/><D36/><U4/><E4/><V122/><F122/><W88/><G38/><T43/><D43/><U91/><E64/><RYUUKYOKU ba="0,0" sc="153,10,172,10,308,10,367,-30" hai0="8,11,48,55,58,61,63" hai1="9,10,44,53,54,57,62,91,94,99" hai2="23,24,29,46,50,56,60,66,89,93,97,102,103" /><INIT seed="4,1,0,2,4,3" ten="163,182,318,337" oya="0" hai0="4,6,41,85,70,86,56,25,64,132,48,105,8" hai1="75,65,67,40,83,59,55,2,87,26,11,133,9" hai2="110,7,99,119,20,113,57,81,134,35,91,102,53" hai3="90,77,126,88,130,122,107,116,79,82,17,43,78"/><T24/><D105/><U29/><E75/><V94/><F110/><W108/><G108/><T1/><D70/><U54/><E133/><V84/><F134/><W106/><G116/><T37/><D37/><U51/><E40/><V104/><F119/><W63/><G43/><T66/><D132/><U42/><E42/><V124/><F113/><W73/><G63/><T93/><D1/><U58/><E9/><V45/><F124/><W76/><G126/><T13/><D6/><U14/><E2/><V19/><F35/><W125/><G125/><T38/><D38/><U60/><E26/><N who="0" m="10345" /><D93/><U28/><E28/><V68/><F68/><W71/><G71/><T50/><D50/><U123/><E29/><V101/><F45/><W5/><G5/><T36/><D36/><U97/><E97/><V39/><F39/><W32/><G32/><T96/><D96/><U80/><E123/><V128/><F104/><N who="3" m="39979" /><G17/><T109/><D109/><U12/><E12/><N who="2" m="9319" /><F7/><W92/><G122/><T15/><D15/><U31/><E31/><V115/><F115/><W103/><G130/><T100/><D100/><U89/><REACH who="1" step="1"/><E80/><REACH who="1" ten="163,172,318,337" step="2"/><V10/><F128/><W33/><G33/><T23/><D23/><U27/><E27/><V118/><F118/><W121/><G121/><T129/><D129/><U46/><E46/><V30/><F30/><W135/><G135/><T0/><D0/><U114/><E114/><V44/><F44/><W72/><G72/><T16/><D4/><AGARI ba="1,1" hai="4,11,14,51,54,55,58,59,60,65,67,83,87,89" machi="4" ten="30,7700,0" yaku="1,1,7,1,8,1,52,1,53,0" doraHai="3" doraHaiUra="120" who="1" fromWho="0" sc="163,-80,172,90,318,0,337,0" /><INIT seed="5,0,0,2,0,98" ten="83,262,318,337" oya="1" hai0="57,61,97,31,19,22,69,73,23,114,66,36,88" hai1="37,16,104,32,78,60,33,107,108,121,59,79,111" hai2="25,52,122,77,64,38,17,110,10,8,40,39,132" hai3="43,7,112,83,4,115,96,53,51,76,103,109,85"/><U56/><E37/><V91/><F110/><W18/><G109/><T20/><D36/><U0/><E0/><V123/><F64/><W58/><G43/><T30/><D73/><U116/><E60/><V127/><F77/><W84/><G84/><T82/><D114/><N who="3" m="43561" /><G18/><T134/><D134/><U15/><E15/><V28/><F127/><W75/><G75/><T113/><D113/><U55/><E55/><V44/><F38/><W99/><G99/><T117/><D117/><U93/><E93/><AGARI ba="0,0" hai="4,7,51,53,58,76,83,85,93,96,103" m="43561" machi="93" ten="30,2000,0" yaku="15,1,52,1" doraHai="98" who="3" fromWho="1" sc="83,0,262,-20,318,0,337,20" /><INIT seed="6,0,0,1,3,36" ten="83,242,318,357" oya="2" hai0="37,0,44,39,3,32,25,76,92,75,55,104,134" hai1="86,118,101,41,43,24,132,88,9,73,28,127,102" hai2="46,72,109,29,133,19,59,128,11,45,68,97,48" hai3="69,38,110,100,87,51,16,82,22,47,105,130,40"/><V27/><F68/><W49/><G110/><T71/><D92/><N who="1" m="54295" /><E73/><V64/><F72/><W90/><G69/><T99/><D55/><U50/><E118/><V42/><F109/><W66/><G66/><T23/><D23/><N who="1" m="15391" /><E127/><V4/><F19/><W8/><G130/><T103/><D134/><U79/><E132/><V35/><F133/><W125/><G125/><T61/><D76/><U10/><E79/><V53/><F128/><W91/><G105/><T57/><D57/><U34/><E34/><V26/><F64/><W13/><G100/><N who="1" m="38506" /><E50/><V94/><F35/><W33/><G33/><T131/><D75/><U112/><E112/><V20/><F27/><W108/><G108/><T115/><D115/><U18/><E9/><V1/><F11/><W122/><G122/><T129/><D131/><U67/><E67/><V124/><F124/><W106/><G106/><T74/><D74/><U119/><E119/><V80/><F1/><W95/><G8/><T30/><D129/><U135/><E135/><V111/><F111/><W77/><G77/><T52/><D39/><U58/><E58/><V60/><F48/><W5/><G38/><T14/><D14/><AGARI ba="0,0" hai="10,14,18,41,43" m="38506,15391,54295" machi="14" ten="30,7700,0" yaku="8,1,52,2,54,1" doraHai="36" who="1" fromWho="0" sc="83,-77,242,77,318,0,357,0" /><INIT seed="7,0,0,5,2,62" ten="6,319,318,357" oya="3" hai0="114,105,72,59,87,95,107,96,65,115,40,42,23" hai1="45,16,19,92,7,83,33,134,78,46,49,58,124" hai2="81,15,70,75,103,30,69,29,20,17,47,8,37" hai3="1,22,10,90,101,34,6,109,91,84,31,126,121"/><W13/><G121/><T118/><D72/><U43/><E33/><V135/><F135/><W25/><G126/><T98/><D23/><U85/><E124/><V94/><F37/><W68/><G68/><T28/><D59/><U93/><E134/><V2/><F47/><W9/><G109/><T51/><D87/><U3/><E58/><V24/><F29/><W129/><G129/><T97/><D28/><U26/><E26/><V77/><REACH who="2" step="1"/><F2/><REACH who="2" ten="6,319,308,357" step="2"/><W60/><G1/><T128/><D128/><U63/><E46/><V110/><F110/><W38/><G38/><T113/><D118/><U123/><E123/><V73/><F73/><W89/><G31/><T21/><D21/><U48/><E48/><V100/><F100/><W11/><G101/><T56/><D51/><U119/><E119/><V104/><F104/><W39/><G34/><T18/><D18/><N who="1" m="6699" /><E3/><V41/><F41/><W27/><G22/><T79/><D79/><U116/><E116/><V35/><F35/><W102/><G39/><T50/><D50/><U131/><E131/><V67/><F67/><W64/><G64/><T44/><D44/><U133/><E133/><V5/><F5/><W106/><G6/><T61/><D95/><N who="1" m="36427" /><E7/><V99/><AGARI ba="0,1" hai="8,15,17,20,24,30,69,70,75,77,81,94,99,103" machi="99" ten="30,2000,0" yaku="1,1,0,1,53,0" doraHai="62" doraHaiUra="52" who="2" fromWho="2" sc="6,-5,319,-5,308,30,357,-10" owari="1,-49.9,314,-8.6,338,13.8,347,44.7" /></mjloggm>