<mjloggm ver="2.3"><GO type="169" lobby="0"/><UN n0="%E6%81%8B%E3%81%AE%E3%81%86%E3%81%9F" n1="%44%61%6C%69" n2="%73%61%6E%64%69%72%69%73" n3="%E3%83%9F%E3%82%B2%E3%83%BC%E3%83%AB%E6%94%B9" dan="17,17,17,16" rate="2211.50,2192.17,2221.51,2218.10" sx="M,M,M,M"/><TAIKYOKU oya="0"/><INIT seed="0,0,0,2,4,91" ten="250,250,250,250" oya="0" hai0="103,55,25,31,99,57,66,78,95,129,40,104,9" hai1="101,45,44,11,61,75,135,126,60,114,124,37,87" hai2="92,100,80,81,34,29,88,33,85,5,13,109,130" hai3="127,118,83,21,93,76,134,133,30,10,116,23,132"/><T106/><D129/><U1/><E75/><V42/><F130/><W20/><G10/><T19/><D40/><U50/><E101/><V56/><F109/><W123/><G127/><N who="1" m="48682" /><E87/><V7/><F42/><W102/><G30/><T111/><D66/><U48/><E11/><V46/><F46/><N who="1" m="18025" /><E1/><V15/><F29/><W70/><G70/><T119/><D119/><U112/><E37/><V86/><F56/><W58/><G58/><T94/><D78/><U122/><E122/><V89/><F100/><W2/><G2/><T54/><D111/><U59/><E135/><V32/><F32/><W128/><G128/><T65/><D104/><U14/><E14/><V96/><F96/><N who="3" m="59663" /><G123/><T117/><D117/><U73/><E73/><AGARI ba="0,0" hai="20,21,23,73,76,83,116,118,132,133,134" m="59663" machi="73" ten="40,2600,0" yaku="20,1,52,1" doraHai="91" who="3" fromWho="1" sc="250,0,250,-26,250,0,250,26" /><INIT seed="1,0,0,1,4,9" ten="250,224,250,276" oya="1" hai0="88,58,62,19,91,102,106,116,70,76,68,69,82" hai1="42,108,100,18,0,33,122,3,83,113,74,51,26" hai2="2,93,89,23,57,105,132,96,87,36,50,98,92" hai3="47,130,4,109,55,103,79,71,12,90,56,114,13"/><U22/><E113/><V54/><F132/><W121/><G114/><T11/><D116/><U78/><E122/><V52/><F2/><W133/><G121/><T59/><D106/><U104/><E108/><V46/><F105/><W29/><G109/><T38/><D38/><U86/><E33/><V99/><F36/><W72/><G71/><T21/><D11/><U127/><E127/><V37/><F37/><W28/><G4/><T101/><D58/><U120/><E120/><V135/><F135/><W124/><G47/><T126/><D126/><U10/><E74/><V81/><REACH who="2" step="1"/><F23/><REACH who="2" ten="250,224,240,276" step="2"/><W131/><G124/><T1/><D1/><U8/><E3/><V77/><F77/><W5/><G133/><T14/><D102/><U112/><E0/><V63/><AGARI ba="0,1" hai="46,50,52,54,57,63,81,87,89,92,93,96,98,99" machi="63" ten="30,7900,0" yaku="1,1,0,1,8,1,54,1,53,0" doraHai="9" doraHaiUra="107" who="2" fromWho="2" sc="250,-20,224,-39,240,89,276,-20" /><INIT seed="2,0,0,5,0,25" ten="230,185,329,256" oya="2" hai0="72,62,124,11,78,29,50,63,100,111,80,112,121" hai1="84,13,74,1,49,34,28,0,105,2,10,24,67" hai2="130,20,68,32,65,134,61,107,31,47,95,77,114" hai3="69,39,33,92,128,71,106,88,23,133,35,7,3"/><V5/><F114/><W117/><G117/><T123/><D112/><U122/><E74/><V12/><F134/><W102/><G39/><T73/><D111/><U17/><E105/><V89/><F130/><W56/><G133/><T52/><D124/><U8/><E67/><V45/><F107/><W118/><G118/><T55/><D100/><U115/><E115/><V87/><F77/><W85/><G128/><T135/><D135/><U41/><E122/><V22/><F32/><W127/><G69/><T42/><D42/><U113/><E113/><V75/><F75/><W104/><G71/><T57/><D72/><U27/><E84/><V93/><F93/><W15/><G106/><T83/><D83/><U90/><E90/><V4/><F22/><W76/><G3/><T48/><D11/><N who="1" m="6335" /><E49/><V66/><F66/><W36/><G36/><T110/><D110/><U81/><E81/><V18/><F47/><W14/><G35/><T131/><D131/><U103/><E103/><V91/><F45/><W40/><G33/><T86/><D73/><U6/><E41/><V119/><F119/><W98/><G40/><T38/><D38/><U79/><E79/><V30/><REACH who="2" step="1"/><F91/><REACH who="2" ten="230,185,319,256" step="2"/><W54/><G76/><T60/><D121/><U59/><E59/><V132/><F132/><W26/><G127/><T116/><D123/><U46/><E46/><V19/><F19/><W129/><G7/><AGARI ba="0,1" hai="4,5,7,12,18,20,30,31,61,65,68,87,89,95" machi="7" ten="40,12000,1" yaku="1,1,52,2,53,1" doraHai="25" doraHaiUra="82" who="2" fromWho="3" sc="230,0,185,0,319,130,256,-120" /><INIT seed="2,1,0,0,2,35" ten="230,185,449,136" oya="2" hai0="19,79,64,114,133,121,99,32,26,22,122,25,103" hai1="62,42,94,30,43,27,23,24,106,71,130,118,59" hai2="52,132,37,119,17,20,15,41,3,69,70,31,47" hai3="107,44,131,105,66,76,109,45,90,97,60,0,28"/><V55/><F119/><W34/><G34/><T83/><D114/><U77/><E106/><V75/><F75/><W89/><G28/><T129/><D129/><U112/><E118/><V125/><F125/><W102/><G131/><T78/><D133/><U13/><E112/><V127/><F127/><W135/><G76/><T2/><D64/><U87/><E71/><V108/><F132/><W8/><G135/><T1/><D79/><U96/><E130/><V5/><F108/><W29/><G29/><T10/><D26/><U67/><E13/><V21/><F21/><W58/><G107/><T57/><D57/><U46/><E27/><V73/><F73/><W39/><G109/><T16/><D32/><U65/><E65/><V80/><F80/><W38/><G38/><T98/><D19/><U124/><E124/><V84/><F84/><W61/><G61/><T115/><D99/><U11/><E11/><V4/><F4/><W110/><G110/><T6/><D2/><U126/><E126/><V54/><REACH who="2" step="1"/><F31/><REACH who="2" ten="230,185,439,136" step="2"/><W120/><G120/><T40/><D115/><U9/><E87/><V50/><F50/><W7/><REACH who="3" step="1"/><G39/><REACH who="3" ten="230,185,439,126" step="2"/><T82/><D121/><U123/><E123/><V134/><F134/><W53/><G53/><T95/><D122/><U68/><E30/><V93/><F93/><W86/><G86/><T92/><D92/><U72/><E94/><V85/><F85/><W48/><G48/><T116/><D116/><U12/><E77/><V51/><F51/><W88/><AGARI ba="1,2" hai="0,7,8,44,45,58,60,66,88,89,90,97,102,105" machi="88" ten="30,7900,0" yaku="1,1,0,1,52,1,54,1,53,0" doraHai="35" doraHaiUra="113" who="3" fromWho="3" sc="230,-21,185,-21,439,-40,126,102" /><INIT seed="3,0,0,1,5,11" ten="209,164,399,228" oya="3" hai0="86,5,108,17,110,69,25,92,100,2,123,79,91" hai1="53,77,119,19,51,96,18,72,94,85,82,120,31" hai2="24,90,7,41,127,76,75,81,20,50,21,126,64" hai3="105,124,129,55,128,78,97,102,47,49,27,1,58"/><W101/><G1/><T98/><D69/><U15/><E120/><V59/><F7/><W60/><G78/><T12/><D123/><U112/><E112/><V54/><F64/><W29/><G101/><T38/><D38/><U109/><E109/><N who="0" m="42089" /><D25/><U71/><E71/><V118/><F118/><W107/><G105/><T73/><D5/><U14/><E119/><V134/><F134/><W66/><REACH who="3" step="1"/><G124/><REACH who="3" ten="209,164,399,218" step="2"/><T95/><D2/><U103/><E72/><V133/><F127/><W4/><G4/><T3/><D3/><U61/><E31/><V44/><F126/><W115/><G115/><T131/><D79/><U114/><E114/><V113/><F113/><W52/><G52/><T117/><D117/><U43/><E43/><V93/><F133/><W36/><G36/><T0/><D0/><U67/><E67/><V32/><F41/><W83/><G83/><T121/><D121/><U26/><E19/><V116/><F116/><W56/><G56/><T45/><D17/><U28/><E18/><V9/><F59/><W80/><G80/><T35/><D100/><U8/><E8/><V13/><F93/><W70/><G70/><T125/><D92/><U23/><E61/><V99/><F9/><W30/><G30/><T22/><D125/><U65/><E65/><V122/><F122/><W6/><G6/><T48/><D95/><U57/><AGARI ba="0,1" hai="14,15,23,26,28,51,53,57,77,82,85,94,96,103" machi="57" ten="20,8000,1" yaku="0,1,7,1,8,1,52,2" doraHai="11" who="1" fromWho="1" sc="209,-20,164,90,399,-20,218,-40" /><INIT seed="4,0,0,0,1,40" ten="189,254,379,178" oya="0" hai0="109,61,37,26,21,104,120,95,77,27,105,82,75" hai1="86,79,42,0,32,56,55,124,65,129,122,5,128" hai2="16,14,116,103,19,96,113,6,22,83,76,24,131" hai3="47,134,62,100,59,81,18,51,20,50,101,72,110"/><T57/><D120/><U127/><E32/><V23/><F113/><W45/><G110/><T84/><D37/><U88/><E122/><V111/><F131/><N who="1" m="50249" /><E65/><V58/><F116/><W73/><G81/><T54/><D26/><U115/><E79/><V52/><F111/><W68/><G68/><T94/><D109/><U34/><E34/><V35/><F35/><W98/><G73/><T15/><D15/><U133/><E42/><V39/><F39/><W97/><G72/><T114/><D114/><U117/><E117/><V66/><F6/><W85/><G85/><T30/><REACH who="0" step="1"/><D75/><REACH who="0" ten="179,254,379,178" step="2"/><U108/><E115/><V36/><F36/><W33/><G33/><T123/><D123/><U90/><E108/><V17/><F14/><N who="3" m="9303" /><G134/><T119/><D119/><U89/><E133/><V87/><F24/><W91/><G91/><T67/><D67/><U125/><E86/><V3/><F66/><N who="3" m="39263" /><G98/><T126/><D126/><U46/><E90/><V29/><F3/><W1/><G1/><T49/><D49/><N who="3" m="18441" /><G97/><T13/><D13/><U9/><E89/><V107/><REACH who="2" step="1"/><F29/><REACH who="2" ten="179,254,369,178" step="2"/><W2/><G2/><T41/><D41/><U31/><E31/><V44/><F44/><AGARI ba="0,2" hai="44,45,47,100,101" m="18441,39263,9303" machi="44" ten="30,7700,0" yaku="8,1,52,3" doraHai="40" who="3" fromWho="2" sc="179,0,254,0,369,-77,178,97" /><INIT seed="5,0,0,4,5,67" ten="179,254,292,275" oya="1" hai0="34,99,94,38,57,115,69,23,11,68,134,31,101" hai1="65,92,7,78,14,80,60,106,81,89,83,9,129" hai2="105,6,45,36,116,93,118,3,39,40,41,22,53" hai3="100,55,1,21,16,113,73,13,111,37,96,26,28"/><U48/><E129/><V62/><F105/><W126/><G111/><T91/><D38/><U54/><E106/><V46/><F22/><W85/><G73/><T87/><D115/><U50/><E78/><V98/><F6/><W130/><G37/><T70/><D134/><U8/><E8/><V124/><F3/><W76/><G1/><T19/><D57/><U44/><E50/><V66/><F124/><W29/><G113/><T2/><D34/><U5/><E5/><V132/><F132/><W121/><G121/><T90/><D31/><U25/><E25/><V77/><F77/><W84/><G126/><T17/><D2/><U27/><E27/><V42/><F53/><W117/><G76/><T51/><D51/><U103/><E103/><V102/><REACH who="2" step="1"/><F42/><REACH who="2" ten="179,254,282,275" step="2"/><W107/><G55/><T49/><D11/><U110/><E110/><V133/><F133/><W108/><G108/><T18/><D49/><U32/><E32/><V64/><F64/><W4/><G4/><T127/><D127/><U95/><REACH who="1" step="1"/><E89/><REACH who="1" ten="179,244,282,275" step="2"/><V75/><F75/><W43/><G107/><T104/><REACH who="0" step="1"/><D91/><REACH who="0" ten="169,244,282,275" step="2"/><U61/><E61/><V58/><AGARI ba="0,3" hai="36,39,40,41,45,46,58,62,66,93,98,102,116,118" machi="58" ten="20,5200,0" yaku="1,1,0,1,7,1,9,1,53,0" doraHai="67" doraHaiUra="35" who="2" fromWho="2" sc="169,-13,244,-26,282,82,275,-13" /><INIT seed="6,0,0,3,1,99" ten="156,218,364,262" oya="2" hai0="37,55,134,62,95,3,11,133,110,26,129,131,118" hai1="111,87,30,59,98,6,47,71,45,25,79,20,36" hai2="15,61,93,38,13,43,18,73,106,105,41,50,33" hai3="58,103,72,101,130,123,56,48,126,7,49,113,69"/><V81/><F38/><W60/><G123/><T1/><D37/><U67/><E71/><V84/><F33/><W104/><G104/><T66/><D55/><U40/><E111/><V28/><F28/><W35/><G72/><T19/><D62/><U29/><E45/><V116/><F116/><W65/><G35/><T112/><D95/><U89/><E6/><V23/><F73/><W78/><G78/><T91/><D91/><U100/><E79/><V22/><F93/><W88/><G7/><T122/><D66/><U76/><E76/><V127/><F127/><W114/><G126/><T4/><D110/><U57/><E30/><V0/><F0/><W31/><G31/><T107/><D107/><U74/><E74/><V8/><F61/><N who="3" m="38071" /><G69/><T9/><D122/><U96/><E96/><V10/><F50/><N who="3" m="19563" /><G130/><N who="0" m="49675" /><D118/><U24/><E24/><V77/><F106/><W27/><G27/><T16/><D112/><N who="3" m="43113" /><G88/><T121/><D121/><U108/><E108/><V117/><F105/><W52/><AGARI ba="0,0" hai="52,56,60,101,103" m="43113,19563,38071" machi="52" ten="30,8000,1" yaku="15,1,11,1,52,2,54,1" doraHai="99" who="3" fromWho="3" sc="156,-20,218,-20,364,-40,262,80" /><INIT seed="7,0,0,1,1,46" ten="136,198,324,342" oya="3" hai0="113,4,62,131,83,115,107,59,119,120,82,91,106" hai1="11,24,15,50,5,20,47,133,61,58,42,57,121" hai2="1,95,100,64,32,99,127,18,63,94,66,118,79" hai3="101,2,71,80,103,76,90,12,104,0,27,65,13"/><W135/><G135/><T111/><D4/><U25/><E133/><V116/><F127/><W41/><G41/><T68/><D68/><U97/><E121/><V109/><F109/><W33/><G90/><T105/><D111/><U7/><E7/><V51/><F1/><W8/><G12/><T124/><D120/><U17/><E97/><V43/><F32/><W98/><G103/><T87/><D119/><U128/><E128/><V60/><F79/><W132/><G13/><T38/><D38/><U130/><E130/><V89/><F116/><W56/><G56/><T35/><D35/><U54/><REACH who="1" step="1"/><E58/><REACH who="1" ten="136,188,324,342" step="2"/><V75/><F99/><N who="3" m="61503" /><G132/><T23/><D131/><U112/><E112/><N who="0" m="43081" /><D124/><U102/><E102/><V110/><F100/><W26/><G98/><T19/><D59/><U29/><E29/><V21/><F110/><W14/><G71/><T6/><D6/><U40/><E40/><V39/><F43/><W77/><G33/><T44/><D44/><U10/><E10/><V74/><F118/><W134/><G8/><T129/><D129/><U85/><E85/><V123/><F123/><W81/><G134/><T122/><D122/><U84/><E84/><V55/><F75/><W49/><G2/><AGARI ba="0,1" hai="2,5,11,15,17,20,24,25,42,47,50,54,57,61" machi="2" ten="30,7700,0" yaku="1,1,7,1,52,1,53,1" doraHai="46" doraHaiUra="9" who="1" fromWho="3" sc="136,0,188,87,324,0,342,-77" owari="136,-36.4,275,7.5,324,42.4,265,-13.5" /></mjloggm>