<mjloggm ver="2.3"><GO type="169" lobby="0"/><UN n0="%E4%BC%8A%E5%8B%A2%E3%81%AE%E3%82%B3%E3%83%AD%E3%83%83%E3%82%B1%E5%B1%8B" n1="%E3%82%AB%E3%83%AB%E3%83%94%E3%82%B9%E3%82%B5%E3%83%AF%E3%83%BC" n2="%73%61%69%63%68%61%6E%7A" n3="%E9%A6%AC%E3%81%AE%E8%80%B3%E3%81%AB%E5%BF%B5%E4%BB%8F" dan="16,17,17,17" rate="2086.60,2227.70,2154.83,2160.64" sx="M,M,M,M"/><TAIKYOKU oya="0"/><INIT seed="0,0,0,2,2,121" ten="250,250,250,250" oya="0" hai0="62,79,93,5,130,117,125,98,66,135,97,69,60" hai1="118,37,61,32,41,78,76,25,47,85,65,30,87" hai2="64,113,124,120,48,18,49,127,101,73,35,29,83" hai3="102,80,9,46,96,42,57,88,23,119,126,58,14"/><T90/><D117/><U86/><REACH who="1" step="1"/><E118/><REACH who="1" ten="250,240,250,250" step="2"/><V16/><F124/><W31/><G119/><T104/><D125/><U6/><E6/><V4/><F127/><W7/><G126/><T8/><D130/><U74/><E74/><V100/><F4/><W105/><G31/><T116/><D116/><U68/><AGARI ba="0,1" hai="25,30,32,37,41,47,61,65,68,76,78,85,86,87" machi="68" ten="30,7900,0" yaku="21,2,0,1,53,1" doraHai="121" doraHaiUra="56" who="1" fromWho="1" sc="250,-39,240,89,250,-20,250,-20" /><INIT seed="1,0,0,0,5,56" ten="211,329,230,230" oya="1" hai0="22,32,121,24,44,61,8,57,95,76,108,117,62" hai1="48,94,120,127,99,128,70,55,15,119,129,49,87" hai2="45,103,134,33,118,66,112,104,123,83,82,13,115" hai3="4,75,111,17,105,63,43,100,98,42,71,133,130"/><U7/><E119/><V124/><F118/><W54/><G111/><T116/><D32/><U68/><E120/><V58/><F123/><W86/><G75/><T109/><D121/><U40/><E127/><V19/><F33/><W3/><G133/><T85/><D44/><N who="1" m="25607" /><E87/><V93/><F104/><W122/><G122/><T1/><D117/><U60/><E15/><V23/><F45/><W20/><G130/><N who="1" m="50282" /><E7/><V53/><F124/><W107/><G107/><T101/><D116/><U30/><E30/><V79/><F134/><W34/><G34/><T18/><D1/><U38/><E38/><V78/><F79/><W114/><G114/><T59/><D8/><U31/><E31/><V125/><F125/><W16/><G4/><T9/><D9/><U12/><E12/><V132/><F132/><W126/><G126/><T135/><D135/><U110/><E110/><N who="0" m="42601" /><D76/><U21/><E21/><V27/><F78/><W131/><G3/><T46/><D46/><N who="1" m="28087" /><E60/><N who="0" m="23145" /><D85/><U90/><AGARI ba="0,0" hai="68,70,90,94,99" m="28087,50282,25607" machi="90" ten="30,1500,0" yaku="19,1" doraHai="56" who="1" fromWho="1" sc="211,-5,329,15,230,-5,230,-5" /><INIT seed="1,1,0,5,3,39" ten="206,344,225,225" oya="1" hai0="109,121,65,42,46,117,20,23,68,30,107,34,64" hai1="17,3,62,135,76,95,77,8,50,38,0,134,40" hai2="104,70,25,60,58,49,5,122,11,112,119,72,128" hai3="124,16,99,67,27,31,132,129,52,120,48,130,6"/><U63/><E38/><V37/><F119/><W108/><G120/><T56/><D117/><U125/><E95/><V44/><F122/><W59/><G108/><T92/><D109/><U22/><E125/><V94/><F104/><W21/><G124/><T81/><D107/><U133/><E62/><V15/><F72/><W32/><G132/><T53/><D34/><U103/><E103/><V90/><F128/><W35/><G6/><T116/><D116/><U97/><E97/><V96/><F37/><W61/><G99/><T78/><D92/><U45/><E63/><V12/><F112/><W66/><G35/><T24/><D20/><U123/><E123/><V105/><F105/><W10/><G10/><T93/><D93/><U101/><E101/><V88/><F25/><W43/><G43/><T100/><D100/><U1/><REACH who="1" step="1"/><E8/><REACH who="1" ten="206,334,225,225" step="2"/><N who="2" m="4111" /><F94/><W114/><G114/><T55/><D121/><U91/><E91/><V13/><F96/><W102/><G102/><T57/><D78/><U26/><AGARI ba="1,1" hai="0,1,3,17,22,26,40,45,50,76,77,133,134,135" machi="26" ten="40,12000,1" yaku="1,1,0,1,20,1,52,1,53,1" doraHai="39" doraHaiUra="36" who="1" fromWho="1" sc="206,-41,334,133,225,-41,225,-41" /><INIT seed="1,2,0,0,5,114" ten="165,467,184,184" oya="1" hai0="104,129,96,14,75,54,122,63,8,24,83,22,77" hai1="45,112,13,70,99,135,85,41,117,60,127,66,27" hai2="65,47,0,49,12,23,53,133,123,6,102,87,89" hai3="124,119,71,16,125,69,109,108,39,7,25,64,28"/><U56/><E112/><V95/><F123/><W57/><G64/><T110/><D110/><N who="3" m="42601" /><G39/><T84/><D129/><U40/><E127/><N who="3" m="48714" /><G7/><T3/><D3/><U68/><E135/><V80/><F133/><W4/><G4/><T42/><D122/><U88/><E117/><V1/><F65/><W91/><G57/><T93/><D42/><U74/><E74/><V73/><F73/><W121/><G121/><T44/><D104/><U2/><E2/><V50/><F50/><W59/><G59/><T101/><D75/><U76/><E13/><V10/><F23/><N who="3" m="13543" /><G28/><T128/><D128/><U34/><E56/><V131/><F131/><W38/><G38/><T18/><D63/><U33/><E60/><V106/><F106/><W92/><G119/><T62/><D62/><U130/><E66/><V105/><F105/><W58/><G58/><T79/><D44/><U97/><E45/><V21/><F21/><W26/><G26/><T118/><D118/><U78/><E27/><V90/><F102/><W5/><G5/><T67/><D67/><U113/><E130/><V98/><AGARI ba="2,0" hai="0,1,6,10,12,47,49,53,80,87,89,90,95,98" machi="98" ten="20,1500,0" yaku="0,1,7,1" doraHai="114" who="2" fromWho="2" sc="165,-6,467,-9,184,21,184,-6" /><INIT seed="2,0,0,3,0,135" ten="159,458,205,178" oya="2" hai0="107,43,64,84,13,123,10,42,16,119,69,125,3" hai1="67,27,33,55,60,66,82,1,91,52,108,2,32" hai2="29,5,112,114,110,97,70,100,85,4,111,126,14" hai3="71,53,57,124,109,95,51,35,129,104,47,24,96"/><V83/><F70/><W12/><G109/><N who="2" m="41481" /><F29/><W39/><G71/><T23/><D123/><U93/><E108/><V49/><F49/><W103/><G129/><T102/><D119/><U94/><E60/><V19/><F19/><W90/><G12/><T76/><D102/><U99/><E27/><V37/><F37/><W92/><G39/><T34/><D107/><U74/><E32/><V130/><F130/><W79/><G79/><T98/><D98/><U89/><E33/><V7/><F14/><W58/><G104/><T48/><D34/><U131/><E131/><V127/><F85/><W18/><G18/><T22/><D69/><U6/><E6/><V106/><F83/><W62/><G24/><T30/><D48/><U113/><E82/><V117/><F117/><W44/><G35/><T68/><D84/><U36/><E36/><V118/><F118/><W133/><G133/><T78/><D68/><U25/><E25/><V61/><F61/><W40/><G62/><T77/><D30/><U63/><E63/><V26/><F26/><W101/><G51/><T132/><D132/><U8/><E67/><V128/><F128/><W86/><G86/><T59/><D64/><U80/><E66/><V87/><F87/><W21/><G21/><T121/><D23/><U120/><E80/><V11/><F11/><W50/><G50/><T46/><D22/><U88/><E8/><V38/><F38/><W134/><G134/><T75/><D10/><U0/><E0/><V41/><F41/><W116/><G40/><T17/><D3/><U15/><E1/><V115/><AGARI ba="0,0" hai="4,5,7,97,100,106,112,114,115,126,127" m="41481" machi="115" ten="40,12000,1" yaku="5,1,14,1,10,1,52,2" doraHai="135" who="2" fromWho="2" sc="159,-40,458,-40,205,120,178,-40" /><INIT seed="2,1,0,0,1,118" ten="119,418,325,138" oya="2" hai0="36,53,28,104,32,96,42,135,75,35,3,41,90" hai1="102,101,76,11,0,91,52,134,17,7,84,129,34" hai2="82,98,65,81,115,39,46,89,57,125,4,47,70" hai3="54,9,18,10,63,64,62,43,37,22,113,132,108"/><V67/><F115/><W6/><G108/><T126/><D75/><U38/><E38/><V78/><F125/><W50/><G132/><T83/><D3/><U29/><E134/><V49/><F4/><W13/><G113/><T61/><D135/><U74/><E129/><V124/><F124/><W45/><G64/><T93/><D104/><U97/><E74/><V40/><F70/><W111/><G111/><T15/><D83/><U33/><E76/><V60/><F67/><W110/><G10/><T133/><D133/><U88/><E101/><V56/><F56/><W87/><G87/><T80/><D80/><U26/><E33/><V94/><REACH who="2" step="1"/><F78/><REACH who="2" ten="119,418,315,138" step="2"/><W120/><G110/><T73/><D126/><U103/><E7/><V114/><F114/><W130/><G130/><T27/><D35/><U85/><E34/><V69/><F69/><W105/><G105/><T122/><D122/><U1/><E0/><V23/><F23/><W79/><G79/><T109/><D109/><U51/><E1/><V116/><F116/><W24/><REACH who="3" step="1"/><G120/><REACH who="3" ten="119,418,315,128" step="2"/><T99/><D32/><U14/><E11/><V119/><F119/><W20/><G20/><T131/><D131/><U117/><E117/><V44/><F44/><AGARI ba="1,2" hai="6,9,13,18,22,24,37,43,44,45,50,54,62,63" machi="44" ten="30,2000,0" yaku="1,1,7,1,53,0" doraHai="118" doraHaiUra="77" who="3" fromWho="2" sc="119,0,418,0,315,-23,128,43" /><INIT seed="3,0,0,2,2,55" ten="119,418,292,171" oya="3" hai0="66,5,109,71,117,37,79,50,45,43,27,103,116" hai1="47,61,17,63,60,7,122,133,41,81,49,127,52" hai2="6,3,33,130,132,19,78,107,53,99,126,87,134" hai3="69,98,21,92,1,16,72,120,23,64,14,65,42"/><W58/><G120/><T121/><D79/><U102/><E122/><V135/><F33/><W118/><G118/><T20/><D121/><U95/><E127/><V31/><F31/><W83/><G1/><T110/><D5/><U44/><E133/><V108/><F19/><W24/><G69/><T12/><D12/><U125/><E125/><V68/><F126/><W105/><G105/><T4/><D4/><U119/><E119/><V54/><F68/><W9/><G42/><T48/><D103/><U30/><E30/><V93/><F130/><W56/><G83/><T10/><D10/><U97/><E7/><V75/><F108/><N who="0" m="41578" /><D20/><N who="3" m="7753" /><G72/><T115/><D27/><U15/><E81/><N who="2" m="47543" /><F107/><W106/><G106/><T59/><D115/><U128/><E128/><V25/><F25/><W82/><G82/><T35/><D35/><U28/><E28/><V124/><F75/><W91/><G24/><T101/><D101/><U86/><E86/><V57/><F124/><W22/><N who="3" m="7761" /><W88/><DORA hai="85" /><G91/><T77/><D77/><U0/><E0/><V32/><F32/><W36/><G36/><T129/><D129/><U114/><E114/><V100/><F3/><W123/><G123/><T8/><D8/><N who="1" m="6375" /><E41/><V96/><F132/><W89/><G89/><T94/><D37/><U2/><E2/><V76/><F76/><W70/><G70/><T111/><D111/><U40/><E40/><V39/><F135/><W67/><AGARI ba="0,0" hai="9,14,16,56,58,64,65,67,88,92,98" m="7761" machi="67" ten="40,18000,2" yaku="8,1,52,3,54,2" doraHai="55,85" who="3" fromWho="3" sc="119,-60,418,-60,292,-60,171,180" /><INIT seed="3,1,0,0,0,18" ten="59,358,232,351" oya="3" hai0="128,97,120,122,12,110,85,104,8,7,70,50,95" hai1="123,82,116,0,112,39,41,34,69,32,3,20,87" hai2="114,75,80,79,33,53,38,2,113,133,86,59,72" hai3="106,57,84,6,10,52,131,96,126,132,46,129,76"/><W121/><G121/><T49/><D70/><U60/><E123/><V61/><F133/><W16/><G132/><T98/><D128/><N who="3" m="49225" /><G46/><T103/><D110/><U4/><E112/><V24/><F2/><W21/><G96/><T105/><D105/><U64/><E116/><V109/><F109/><W15/><G106/><T130/><D130/><U63/><E63/><V58/><F38/><W30/><G30/><T135/><D135/><U124/><E124/><V45/><F45/><W118/><G126/><T94/><D50/><U73/><E0/><V1/><F1/><N who="3" m="335" /><G118/><T55/><D85/><U68/><E87/><V127/><F127/><W102/><G102/><T62/><D104/><U11/><E68/><V47/><F47/><W26/><G84/><T78/><D78/><U29/><E29/><V67/><F72/><W5/><G5/><T83/><D122/><U51/><E4/><V19/><F75/><W44/><G44/><T101/><D120/><U117/><E117/><V13/><F113/><W89/><G89/><T37/><D37/><U88/><E39/><V100/><F100/><W99/><G99/><T35/><D97/><U77/><E73/><V107/><F107/><W90/><G90/><T36/><D36/><U65/><E88/><V93/><F93/><W91/><G91/><T74/><D95/><U115/><E115/><V42/><F114/><W25/><G76/><N who="0" m="44439" /><D103/><U125/><E77/><V134/><F134/><W48/><AGARI ba="1,0" hai="15,16,21,25,26,48,52,57" m="335,49225" machi="48" ten="30,11700,0" yaku="19,1,52,1,54,2" doraHai="18" who="3" fromWho="3" sc="59,-40,358,-40,232,-40,351,120" /><INIT seed="3,2,0,2,2,34" ten="19,318,192,471" oya="3" hai0="85,67,135,117,0,108,116,106,130,71,91,49,114" hai1="119,25,90,107,36,3,2,47,22,74,79,30,69" hai2="112,89,133,76,6,80,23,78,14,54,111,68,5" hai3="113,37,11,35,87,24,40,44,126,100,4,12,61"/><W28/><G113/><T81/><D106/><U27/><E69/><V86/><F112/><W102/><G126/><T120/><D120/><U97/><E119/><V132/><F111/><W9/><G61/><T128/><D114/><U75/><E25/><V123/><F123/><W99/><G87/><T94/><D108/><U58/><E58/><V55/><F68/><W70/><G70/><T59/><D135/><N who="2" m="51786" /><F23/><W118/><G118/><N who="0" m="45675" /><D71/><U122/><E122/><V39/><F39/><W26/><G99/><T98/><D67/><U121/><E121/><V124/><F124/><W103/><G24/><T83/><D49/><U105/><E90/><V63/><F14/><W73/><REACH who="3" step="1"/><G11/><REACH who="3" ten="19,318,192,461" step="2"/><T129/><D59/><U8/><E8/><V115/><F63/><W62/><G62/><T66/><D66/><U7/><E97/><V72/><F86/><W93/><G93/><N who="0" m="54511" /><D0/><U96/><E2/><V42/><F115/><W64/><G64/><T52/><D52/><U56/><E56/><V38/><F55/><W77/><G77/><T33/><D33/><U65/><E79/><V43/><F76/><W17/><G17/><T10/><D10/><N who="1" m="2431" /><E65/><V101/><F78/><W21/><G21/><T84/><D84/><U32/><E22/><V45/><F54/><W18/><G18/><T41/><D41/><N who="1" m="22951" /><E96/><V88/><F42/><W60/><G60/><T20/><D20/><U57/><E57/><V127/><F127/><W1/><G1/><T29/><D29/><U48/><E105/><V109/><F43/><W46/><G46/><T51/><D51/><U13/><E48/><V125/><F125/><RYUUKYOKU ba="2,1" sc="19,15,318,-15,192,-15,461,15" hai0="81,83,94,98,128,129,130" hai3="4,9,12,26,28,35,37,40,44,73,100,102,103" /><INIT seed="3,3,1,3,3,25" ten="34,303,177,476" oya="3" hai0="3,41,74,119,51,56,67,110,81,6,130,85,39" hai1="34,11,44,98,132,59,126,88,72,38,26,89,87" hai2="65,62,90,133,112,93,36,122,129,54,58,47,17" hai3="5,91,2,9,53,40,24,63,21,69,23,100,71"/><W82/><G100/><T107/><D119/><U113/><E113/><V8/><F112/><W131/><G131/><T70/><D107/><U27/><E72/><V118/><F118/><W28/><G40/><T13/><D110/><U106/><E126/><V78/><F129/><W22/><G53/><T134/><D134/><U96/><E132/><V97/><F133/><W102/><G102/><T114/><D114/><U109/><E109/><V128/><F128/><W95/><G82/><T14/><D130/><U10/><E106/><V31/><F122/><W121/><G121/><T60/><D74/><U73/><E73/><V117/><F117/><W83/><G83/><T66/><D66/><U101/><E101/><V125/><F125/><W7/><G7/><T30/><D3/><U43/><E59/><V76/><F31/><W84/><REACH who="3" step="1"/><G63/><REACH who="3" ten="34,303,177,466" step="2"/><T37/><D6/><U111/><E43/><V15/><F36/><W103/><G103/><T0/><D39/><U32/><E38/><V1/><F1/><W18/><G18/><T29/><D0/><U135/><E135/><V86/><F54/><W108/><G108/><T33/><D37/><U52/><E111/><V57/><F62/><W49/><G49/><T55/><D41/><U20/><E52/><V46/><F76/><W116/><G116/><T127/><D127/><U79/><E79/><V77/><F17/><W48/><G48/><T45/><D45/><U124/><E124/><V42/><F47/><W75/><G75/><T94/><D51/><U99/><E44/><V4/><F46/><W50/><G50/><T92/><D55/><RYUUKYOKU ba="3,2" sc="34,-10,303,-10,177,-10,466,30" hai3="2,5,9,21,22,23,24,28,69,71,84,91,95" /><INIT seed="3,4,2,3,5,86" ten="24,293,167,496" oya="3" hai0="76,55,16,5,77,32,44,3,31,73,19,128,35" hai1="85,60,64,33,108,90,80,130,133,30,40,102,127" hai2="11,81,92,29,51,104,87,75,72,24,125,107,129" hai3="59,113,97,22,54,68,99,69,112,37,20,47,17"/><W27/><G113/><T93/><D128/><U95/><E130/><V120/><F129/><W61/><G112/><T53/><D3/><U105/><E108/><V56/><F125/><W114/><G114/><T98/><D5/><U132/><E127/><V18/><F120/><W26/><G69/><T9/><D73/><U117/><E117/><V109/><F109/><W42/><REACH who="3" step="1"/><G68/><REACH who="3" ten="24,293,167,486" step="2"/><T50/><D35/><U74/><E33/><N who="2" m="20647" /><F107/><W15/><G15/><N who="0" m="7279" /><D32/><U106/><E106/><V79/><F104/><W57/><G57/><T110/><D110/><U111/><E105/><V0/><F56/><W46/><G46/><T23/><D31/><AGARI ba="4,3" hai="17,20,22,26,27,31,37,42,47,54,59,61,97,99" machi="31" ten="30,2900,0" yaku="1,1,7,1,53,0" doraHai="86" doraHaiUra="119" who="3" fromWho="0" sc="24,-41,293,0,167,0,486,71" owari="-17,-51.7,293,9.3,167,-23.3,557,65.7" /></mjloggm>