<mjloggm ver="2.3"><GO type="225" lobby="0"/><UN n0="%E3%81%BF%E3%81%BF%E3%81%9A" n1="%E3%83%96%E3%83%83%E3%83%91%E3%82%AA%E3%83%96%E3%83%81%E3%82%AD%E3%83%B3" n2="%E6%B4%BE%E9%81%A3%E3%81%AE%E3%82%B8%E3%83%A3%E3%83%83%E3%82%AF" n3="%E3%81%BE%E3%81%A8%E3%81%9F" dan="17,16,17,16" rate="2230.83,2132.72,2189.23,2106.29" sx="M,M,M,M"/><TAIKYOKU oya="0"/><INIT seed="0,0,0,0,0,26" ten="250,250,250,250" oya="0" hai0="57,75,18,21,130,122,4,69,68,40,62,110,24" hai1="85,133,72,50,17,93,128,120,60,102,36,104,31" hai2="113,89,45,10,87,54,114,82,5,88,132,7,38" hai3="107,118,127,116,1,74,32,20,33,56,105,84,48"/><T103/><D122/><U77/><E120/><V35/><F35/><W44/><G74/><T108/><D75/><U78/><E36/><V16/><F132/><W97/><G1/><T95/><D130/><U91/><E133/><V22/><F89/><W119/><G56/><T46/><D4/><U34/><E128/><V112/><F10/><W83/><G127/><T81/><D81/><N who="1" m="45223" /><E78/><V73/><F73/><W6/><G6/><T47/><D95/><U92/><E17/><V135/><F135/><W126/><G126/><T117/><D103/><U129/><E93/><V121/><F121/><W51/><G51/><N who="0" m="27079" /><D47/><U99/><E129/><V15/><REACH who="2" step="1"/><F54/><REACH who="2" ten="250,250,240,250" step="2"/><W19/><G33/><T61/><D117/><U8/><E34/><V90/><F90/><W58/><G32/><T25/><D61/><U3/><E60/><V27/><F27/><W14/><G118/><T86/><D86/><U2/><E85/><V12/><F12/><W37/><G119/><T67/><D24/><U59/><E2/><V23/><F23/><W28/><G20/><T109/><AGARI ba="0,1" hai="18,21,25,57,62,67,68,69,108,109,110" m="27079" machi="109" ten="30,3000,0" yaku="14,1,10,1" doraHai="26" who="0" fromWho="0" sc="250,40,250,-10,240,-10,250,-10" /><INIT seed="0,1,0,5,4,117" ten="290,240,230,240" oya="0" hai0="53,110,1,61,66,62,87,64,106,41,14,39,63" hai1="121,135,17,18,56,107,109,130,94,22,54,59,68" hai2="47,49,124,80,60,3,104,0,93,48,89,27,134" hai3="31,115,51,67,95,46,103,9,126,21,34,65,43"/><T38/><D1/><U102/><E109/><V15/><F104/><W74/><G34/><T113/><D106/><U129/><E68/><V8/><F124/><W96/><G115/><T86/><D113/><U35/><E35/><V73/><F134/><W36/><G74/><T24/><D14/><U127/><E127/><V122/><F60/><N who="0" m="23146" /><D24/><U99/><E135/><V88/><F27/><W50/><G126/><T23/><D23/><U125/><E125/><V5/><F122/><W25/><REACH who="3" step="1"/><G9/><REACH who="3" ten="290,240,230,230" step="2"/><T105/><D110/><U20/><E129/><V81/><F73/><W4/><G4/><T30/><D30/><U112/><E130/><V84/><F3/><W44/><G44/><T12/><D64/><AGARI ba="1,1" hai="21,25,31,36,43,46,50,51,64,65,67,95,96,103" machi="64" ten="40,1300,0" yaku="1,1,53,0" doraHai="117" doraHaiUra="55" who="3" fromWho="0" sc="290,-16,240,0,230,0,230,26" /><INIT seed="1,0,0,4,4,39" ten="274,240,230,256" oya="1" hai0="70,100,61,26,6,55,37,71,2,58,109,134,125" hai1="46,87,130,23,35,57,15,32,54,101,73,85,108" hai2="14,10,52,20,131,118,4,44,72,116,27,38,110" hai3="16,66,121,36,28,114,78,13,81,128,132,29,0"/><U48/><E73/><V89/><F72/><W75/><G121/><T80/><D37/><U113/><E113/><V126/><F110/><W129/><G114/><T22/><D109/><U34/><E130/><N who="3" m="50282" /><G0/><T45/><D125/><U79/><E108/><V115/><F115/><W40/><G66/><T1/><D134/><U102/><E102/><V124/><F131/><W127/><G132/><T77/><D100/><U98/><E79/><V92/><F116/><W3/><G3/><T12/><D1/><U62/><E23/><V59/><F118/><W96/><G96/><T7/><D2/><U95/><REACH who="1" step="1"/><E15/><REACH who="1" ten="274,230,230,256" step="2"/><V33/><F33/><W112/><G112/><T111/><D12/><U107/><E107/><V93/><F20/><N who="3" m="11279" /><G127/><T30/><D111/><U43/><AGARI ba="0,1" hai="32,34,35,43,46,48,54,57,62,85,87,95,98,101" machi="43" ten="30,11700,0" yaku="1,1,0,1,52,1,53,1" doraHai="39" doraHaiUra="41" who="1" fromWho="1" sc="274,-39,230,127,230,-39,256,-39" /><INIT seed="1,1,0,0,3,63" ten="235,357,191,217" oya="1" hai0="101,69,121,124,81,59,106,50,122,77,90,107,29" hai1="39,114,27,24,111,22,9,83,66,98,64,133,53" hai2="79,23,97,6,84,73,1,99,45,33,102,135,52" hai3="57,87,37,110,75,12,2,123,25,4,18,120,30"/><U108/><E114/><V119/><F119/><W20/><G75/><T86/><D69/><U117/><E117/><V40/><F33/><W82/><G37/><T51/><D29/><U55/><E39/><V118/><F118/><W91/><G110/><N who="1" m="42026" /><E133/><V113/><F135/><W56/><G56/><T44/><D124/><U72/><E9/><V54/><F113/><W0/><G0/><T112/><D112/><U92/><E83/><V5/><F23/><W41/><G41/><T100/><D59/><U34/><E72/><V26/><F26/><N who="1" m="9769" /><E22/><V36/><F73/><W132/><G132/><T46/><D77/><U71/><E34/><V62/><F1/><W105/><G57/><T60/><D81/><U103/><E71/><V68/><F6/><W76/><G76/><T32/><D32/><U7/><E7/><V16/><F5/><W78/><G78/><T67/><D121/><U17/><E17/><V89/><F16/><W19/><G19/><T116/><D122/><U94/><E92/><V85/><F79/><W42/><G4/><T93/><D93/><U127/><E127/><V48/><F36/><W130/><G2/><T109/><D109/><U65/><AGARI ba="1,0" hai="53,55,64,65,66,94,98,103" m="9769,42026" machi="65" ten="40,12000,1" yaku="14,1,10,1,52,3" doraHai="63" who="1" fromWho="1" sc="235,-41,357,123,191,-41,217,-41" /><INIT seed="1,2,0,5,0,87" ten="194,480,150,176" oya="1" hai0="106,108,62,43,68,90,38,92,109,125,76,120,124" hai1="33,14,78,40,69,42,66,83,12,61,75,34,58" hai2="39,65,28,13,24,51,41,126,97,133,52,29,130" hai3="36,123,117,84,59,45,16,7,17,57,115,56,121"/><U119/><E119/><V49/><F126/><N who="0" m="48746" /><D106/><U27/><E69/><V86/><F130/><W77/><G115/><T9/><D76/><U64/><E75/><V73/><F73/><W95/><G7/><T79/><D79/><U94/><E78/><V127/><F127/><W112/><G112/><T98/><D120/><U99/><E83/><V111/><F111/><N who="0" m="42570" /><D9/><U46/><E66/><V10/><F65/><W85/><G77/><T100/><D62/><U54/><E34/><V88/><F97/><W63/><G63/><T105/><D68/><U3/><E3/><V23/><F133/><W48/><G36/><T129/><D129/><U1/><E1/><V132/><F132/><W47/><G117/><T32/><D32/><U82/><E82/><N who="2" m="49239" /><F39/><W44/><G95/><T103/><D105/><U70/><E33/><V128/><F128/><W19/><G48/><T15/><D15/><U2/><E2/><V114/><F114/><W81/><G81/><T74/><D74/><U0/><E0/><V5/><F23/><W113/><G113/><T71/><D71/><U134/><E134/><V11/><F11/><W135/><G135/><T101/><D38/><U25/><E70/><V4/><F4/><W110/><G110/><T37/><D37/><U72/><E72/><V53/><F49/><W107/><G107/><T102/><N who="0" m="25600" /><DORA hai="21" /><T104/><D104/><U50/><E50/><V8/><F8/><W6/><G6/><T31/><D98/><U35/><E99/><V91/><F51/><W80/><G80/><T122/><D122/><AGARI ba="2,0" hai="16,17,19,44,45,47,56,57,59,84,85,121,122,123" machi="122" ten="50,8000,1" yaku="29,2,28,2,54,1" doraHai="87,21" who="3" fromWho="0" sc="194,-86,480,0,150,0,176,86" /><INIT seed="2,0,0,3,4,78" ten="108,480,150,262" oya="2" hai0="81,33,42,108,65,67,19,32,13,11,85,71,113" hai1="104,47,46,5,10,103,129,14,49,56,2,30,130" hai2="122,126,9,112,118,41,120,132,54,74,125,96,111" hai3="55,53,20,115,133,110,86,95,31,93,121,109,36"/><V123/><F41/><W0/><G0/><T77/><D113/><U35/><E104/><V58/><F74/><W25/><G121/><T52/><D108/><N who="3" m="41577" /><G36/><T27/><D42/><U134/><E103/><V89/><F111/><W45/><G45/><T80/><D71/><U66/><E134/><V59/><F112/><W83/><G133/><T98/><D98/><U107/><E107/><V87/><F132/><W88/><G115/><T61/><D33/><U73/><E73/><V101/><F9/><W117/><G117/><T64/><D32/><U70/><E70/><V48/><F118/><W12/><G12/><T34/><D34/><U16/><E66/><V102/><F59/><W72/><G72/><T8/><D27/><N who="1" m="18911" /><E56/><V116/><F116/><W28/><G28/><T40/><D40/><N who="1" m="24775" /><E47/><V91/><F91/><N who="3" m="51679" /><G95/><T3/><D81/><U135/><E135/><V68/><F68/><W100/><G100/><T119/><D119/><U43/><E43/><V23/><F23/><AGARI ba="0,0" hai="2,5,10,14,16,23,129,130" m="24775,18911" machi="23" ten="30,2000,0" yaku="24,1,54,1" doraHai="78" who="1" fromWho="2" sc="108,0,480,20,150,-20,262,0" /><INIT seed="3,0,0,4,3,1" ten="108,500,130,262" oya="3" hai0="85,29,73,53,23,93,58,66,39,116,3,119,70" hai1="28,129,87,126,98,31,7,111,97,42,4,61,6" hai2="43,60,84,52,26,65,24,67,27,0,17,83,107" hai3="14,110,57,113,75,74,64,12,2,106,101,81,13"/><W96/><G113/><T32/><D73/><U131/><E111/><V68/><F0/><W21/><G2/><T100/><D32/><U8/><E126/><V109/><F109/><W15/><G110/><T128/><D39/><U130/><E42/><V95/><F107/><W45/><G45/><T134/><D70/><U122/><E122/><V40/><F95/><W103/><G103/><T80/><D3/><U54/><E8/><V77/><F17/><W18/><G81/><T102/><D128/><U19/><E19/><V46/><F67/><W94/><G106/><T41/><D134/><U59/><E87/><V90/><F90/><W104/><G104/><T89/><D41/><U5/><N who="1" m="1024" /><DORA hai="76" /><U123/><E123/><V79/><F79/><W71/><G71/><T63/><D53/><U78/><REACH who="1" step="1"/><E78/><REACH who="1" ten="108,490,130,262" step="2"/><V49/><AGARI ba="0,1" hai="24,26,27,40,43,46,49,52,60,65,68,77,83,84" machi="49" ten="30,4000,0" yaku="0,1,52,1,54,1" doraHai="1,76" who="2" fromWho="2" sc="108,-10,490,-10,130,50,262,-20" owari="98,-40.2,480,58.0,180,-22.0,242,4.2" /></mjloggm>