<mjloggm ver="2.3"><GO type="169" lobby="0"/><UN n0="%E9%AD%94%E7%A5%9E%E2%80%A0%E6%B8%8B%E5%B7%9D%E6%9D%B1%E5%A0%B4%E2%80%A0" n1="%56%45%54%54%45%4C" n2="%73%61%69%63%68%61%6E%7A" n3="%E8%8F%85%E7%94%B0%E5%B0%86%E6%9A%89%28%E5%81%BD%E7%89%A9%29" dan="16,16,16,16" rate="2109.81,2141.31,2135.73,2152.74" sx="M,M,M,M"/><TAIKYOKU oya="0"/><INIT seed="0,0,0,1,2,48" ten="250,250,250,250" oya="0" hai0="64,100,68,65,66,99,39,103,53,37,36,22,129" hai1="27,127,121,20,97,95,63,86,47,77,122,26,80" hai2="71,52,72,3,124,59,78,42,2,54,29,91,125" hai3="135,4,105,126,85,106,24,92,104,83,1,82,50"/><T34/><D129/><U113/><E127/><N who="2" m="48715" /><F71/><W116/><G126/><T38/><D34/><U13/><E113/><V56/><F42/><W62/><G116/><T35/><D35/><U118/><E118/><V101/><F29/><W33/><G135/><T58/><D22/><U25/><E47/><V75/><F101/><W57/><G50/><T130/><D130/><U110/><E110/><V44/><F44/><W31/><G4/><T45/><D103/><U23/><E63/><N who="2" m="36231" /><F91/><W10/><G10/><T16/><D16/><N who="1" m="10255" /><E122/><V9/><F9/><W69/><G1/><N who="2" m="9" /><F78/><W119/><G69/><T109/><D109/><U111/><E111/><V132/><F132/><W55/><REACH who="3" step="1"/><G119/><REACH who="3" ten="250,250,250,240" step="2"/><T14/><D68/><U46/><E121/><V89/><F89/><AGARI ba="0,1" hai="24,31,33,55,57,62,82,83,85,89,92,104,105,106" machi="89" ten="40,8000,1" yaku="1,1,2,1,52,1,53,1" doraHai="48" doraHaiUra="81" who="3" fromWho="2" sc="250,0,250,0,250,-80,240,90" /><INIT seed="1,0,0,4,0,33" ten="250,250,170,330" oya="1" hai0="113,11,30,7,45,14,119,76,96,121,15,10,70" hai1="130,116,104,78,135,64,77,27,37,107,132,117,127" hai2="38,34,2,126,9,105,73,40,3,21,16,55,49" hai3="101,124,93,92,72,19,53,83,84,120,41,110,75"/><U20/><E37/><V106/><F34/><W65/><G120/><T134/><D70/><U43/><E43/><V17/><F73/><W69/><G110/><T47/><D121/><U122/><E64/><V79/><F79/><N who="1" m="30217" /><E122/><V88/><F126/><W100/><G124/><T115/><D119/><N who="1" m="45643" /><E127/><V29/><F29/><W52/><G84/><T98/><D76/><U8/><E8/><V60/><F60/><W12/><G83/><T50/><D30/><U39/><E39/><V61/><F61/><W26/><G12/><T57/><D57/><U118/><N who="1" m="45651" /><U51/><DORA hai="87" /><E51/><V99/><F40/><W4/><G41/><T66/><D66/><U68/><E68/><V25/><F38/><W114/><G65/><T111/><D50/><U89/><E20/><V0/><F17/><W35/><G35/><T42/><D42/><U71/><E27/><V125/><F9/><W48/><G48/><T91/><D111/><U13/><E13/><V28/><F28/><W74/><G74/><T6/><REACH who="0" step="1"/><D91/><REACH who="0" ten="240,250,170,330" step="2"/><U18/><E71/><V112/><F125/><W32/><G69/><T63/><D63/><U103/><E130/><V54/><F112/><W80/><G114/><T109/><D109/><U94/><E18/><V44/><REACH who="2" step="1"/><F55/><REACH who="2" ten="240,250,160,330" step="2"/><W82/><G19/><T81/><D81/><U123/><E123/><V102/><F102/><W85/><G72/><T62/><D62/><U46/><E103/><V86/><F86/><W24/><G75/><T95/><D95/><AGARI ba="0,2" hai="0,2,3,16,21,25,44,49,54,88,95,99,105,106" machi="95" ten="40,16000,3" yaku="1,1,52,4,54,2,53,1" doraHai="33,87" doraHaiUra="90,128" who="2" fromWho="0" sc="240,-160,250,0,160,180,330,0" /><INIT seed="2,0,0,4,1,50" ten="80,250,340,330" oya="2" hai0="10,28,105,115,110,100,107,72,42,114,30,64,135" hai1="130,70,89,49,93,79,7,106,43,15,33,78,25" hai2="129,4,0,92,6,38,22,1,54,113,121,12,109" hai3="103,63,125,94,74,80,131,39,13,134,123,24,116"/><V66/><F113/><W61/><G116/><T9/><D110/><U58/><E106/><V17/><F38/><W52/><G123/><T3/><D72/><U84/><E70/><V62/><F121/><W98/><G39/><T90/><D135/><U2/><E2/><V19/><F129/><W124/><G131/><T99/><D42/><U27/><E130/><V77/><F109/><W31/><G13/><T91/><D3/><U21/><E33/><V81/><F92/><W112/><G134/><T85/><D64/><U86/><E86/><V69/><F0/><W67/><G112/><T133/><D133/><U132/><E132/><V53/><F19/><W83/><G74/><T23/><D85/><U95/><E95/><V118/><F118/><W88/><G67/><T34/><D23/><U71/><E71/><V55/><REACH who="2" step="1"/><F1/><REACH who="2" ten="80,250,330,330" step="2"/><W56/><G103/><T122/><D122/><U128/><E128/><V47/><F47/><W111/><G111/><T76/><D115/><U46/><E7/><V51/><F51/><N who="3" m="30751" /><G125/><T14/><D114/><U11/><E93/><V37/><F37/><W20/><G124/><T101/><D107/><U16/><E46/><V40/><F40/><W57/><G57/><T102/><D105/><U60/><E58/><V44/><F44/><W26/><G63/><T82/><D102/><U18/><E60/><V108/><F108/><W41/><G61/><T127/><D127/><U59/><E59/><V117/><F117/><W35/><G41/><T75/><D101/><U68/><E43/><V97/><F97/><W96/><G98/><T73/><D99/><RYUUKYOKU ba="0,1" sc="80,-15,250,-15,330,15,330,15" hai2="4,6,12,17,22,53,54,55,62,66,69,77,81" hai3="20,24,26,31,35,80,83,88,94,96" /><INIT seed="2,1,1,2,3,3" ten="65,235,345,345" oya="2" hai0="47,112,97,133,10,30,119,109,81,37,38,24,55" hai1="51,76,59,96,110,56,125,82,131,35,34,27,42" hai2="66,88,89,12,124,104,84,32,67,128,22,18,60" hai3="0,77,63,41,126,114,111,11,54,74,28,57,120"/><V129/><F104/><W113/><G120/><T80/><D112/><N who="3" m="43113" /><G111/><T123/><D123/><U115/><E115/><V25/><F124/><W121/><G121/><T43/><D109/><U52/><E110/><V14/><F67/><W98/><G126/><T86/><D133/><U116/><E116/><V46/><F46/><W7/><G28/><T61/><D119/><U39/><E125/><V107/><F107/><W132/><G132/><T21/><D37/><U117/><E117/><V53/><F53/><W68/><G41/><T73/><D97/><U20/><E131/><N who="2" m="50251" /><F32/><W100/><G68/><T8/><D73/><U106/><E59/><N who="2" m="37151" /><F89/><W108/><G108/><T36/><D36/><U118/><E118/><V16/><F18/><W93/><G74/><T101/><D101/><U1/><E106/><V29/><F29/><W135/><G135/><T65/><D55/><U72/><E42/><V33/><F33/><W2/><G77/><T23/><D65/><U17/><E34/><V105/><F105/><W75/><G75/><T78/><D43/><U87/><E35/><V64/><F64/><W103/><G100/><T85/><D30/><U102/><E72/><V31/><F31/><W70/><G70/><T44/><D38/><U4/><E39/><V48/><F48/><W26/><G26/><T122/><D122/><U94/><E1/><AGARI ba="1,1" hai="0,1,2,7,11,54,57,63,93,98,103" m="43113" machi="1" ten="30,2000,0" yaku="11,1,52,1" doraHai="3" who="3" fromWho="1" sc="65,0,235,-23,345,0,345,33" /><INIT seed="3,0,0,1,2,54" ten="65,212,345,378" oya="3" hai0="7,62,29,124,8,110,48,11,1,106,46,73,0" hai1="103,128,33,123,61,32,80,68,64,28,12,95,100" hai2="17,96,31,134,99,58,15,41,27,71,56,126,16" hai3="133,87,114,23,112,97,98,67,120,13,4,14,101"/><W105/><G120/><T44/><D106/><U121/><E128/><V49/><F71/><W77/><G133/><T40/><D73/><U111/><E111/><V135/><F126/><W19/><G67/><T115/><D110/><U59/><E121/><V18/><F15/><W55/><G98/><N who="2" m="37417" /><F41/><W122/><G122/><T86/><D124/><U119/><E123/><V9/><F49/><W2/><G2/><T57/><D115/><U53/><E119/><V25/><F9/><W22/><G55/><T5/><D29/><U127/><E127/><V102/><F102/><W3/><G3/><T34/><D34/><U74/><E95/><V94/><F94/><W26/><G14/><T75/><D75/><U78/><E12/><V131/><F131/><W113/><G4/><T109/><D109/><U70/><E70/><V125/><F125/><W39/><G39/><T116/><D116/><U45/><E45/><V89/><F89/><W52/><G52/><T37/><D86/><U104/><E104/><V132/><F27/><W47/><G47/><T107/><D107/><U84/><E74/><V35/><AGARI ba="0,0" hai="16,17,18,25,31,35,56,58,132,134,135" m="37417" machi="35" ten="40,8000,1" yaku="20,1,52,2,54,1" doraHai="54" who="2" fromWho="2" sc="65,-20,212,-20,345,80,378,-40" /><INIT seed="4,0,0,2,0,49" ten="45,192,425,338" oya="0" hai0="43,82,54,92,70,14,45,130,5,17,64,33,22" hai1="44,20,120,128,76,79,39,42,29,30,108,125,97" hai2="13,52,73,35,32,37,55,6,117,18,93,46,84" hai3="27,115,99,127,7,21,65,116,8,48,109,126,9"/><T24/><D130/><U62/><E120/><V11/><F73/><W89/><G116/><T107/><D107/><U124/><E108/><V3/><F117/><W41/><G109/><T28/><D82/><U77/><E128/><V58/><F84/><W26/><G65/><T114/><D114/><U134/><E134/><V88/><F37/><W0/><G115/><T34/><D5/><U106/><E62/><V112/><F112/><W135/><G135/><T75/><D75/><U94/><E106/><V59/><F46/><N who="3" m="25679" /><G9/><T71/><D34/><U98/><E98/><N who="2" m="57639" /><F32/><W12/><G99/><T1/><D1/><U31/><REACH who="1" step="1"/><E20/><REACH who="1" ten="45,182,425,338" step="2"/><V95/><F35/><W67/><G21/><T85/><D64/><U40/><E40/><V101/><F6/><W47/><G7/><T74/><D74/><U122/><E122/><V63/><F63/><W25/><G126/><T81/><D43/><U111/><E111/><V80/><F3/><W86/><G127/><T131/><D131/><U68/><E68/><V69/><F69/><W110/><G0/><T56/><D45/><U133/><E133/><V96/><F80/><N who="3" m="49351" /><G110/><T2/><D2/><U60/><E60/><V129/><F129/><W103/><G47/><T57/><D57/><AGARI ba="0,1" hai="11,13,18,52,55,57,58,59,95,96,101" m="57639" machi="57" ten="30,8000,1" yaku="8,1,52,2,54,2" doraHai="49" who="2" fromWho="0" sc="45,-80,182,0,425,90,338,0" owari="-35,-53.5,182,-21.8,515,61.5,338,13.8" /></mjloggm>