<mjloggm ver="2.3"><GO type="169" lobby="0"/><UN n0="%E3%83%8F%E3%83%B3%E3%83%81%E3%83%A7%E3%82%A6%E5%A4%A7%E6%A7%BB" n1="%E3%81%86%E3%81%AA%E3%81%8E%E9%BA%BA" n2="%6B%61%77%61%69%31%32" n3="%E2%97%8E%E3%82%88%E3%81%97%E2%97%8E" dan="16,17,16,17" rate="2098.62,2188.56,2093.06,2194.26" sx="M,M,M,M"/><TAIKYOKU oya="0"/><INIT seed="0,0,0,0,2,29" ten="250,250,250,250" oya="0" hai0="11,35,72,96,130,129,89,13,23,134,112,108,114" hai1="51,105,0,2,126,25,42,88,30,10,12,39,26" hai2="59,68,127,65,87,3,111,97,120,61,40,1,102" hai3="107,99,113,31,69,4,115,38,133,86,79,55,70"/><T85/><D72/><U94/><E105/><V131/><F120/><W24/><G38/><T117/><D96/><U109/><E39/><V83/><F127/><W135/><G4/><T73/><D73/><U116/><E109/><V8/><F111/><W57/><G86/><T64/><D108/><U123/><E116/><V81/><F131/><N who="0" m="50186" /><D117/><U34/><E26/><V45/><F8/><W7/><G7/><T104/><D104/><U48/><E126/><V119/><F68/><W43/><G79/><T92/><D64/><U21/><E21/><V132/><F132/><N who="3" m="50763" /><G43/><T49/><D134/><U53/><E42/><V93/><F83/><W19/><G99/><T74/><D74/><U125/><E123/><V98/><F98/><W15/><G107/><T76/><D76/><U52/><E51/><V56/><F59/><W14/><G70/><T128/><N who="0" m="50194" /><T78/><DORA hai="90" /><D78/><U47/><E53/><V32/><F119/><W28/><G69/><T106/><D106/><U33/><E33/><V54/><F32/><N who="3" m="20487" /><G31/><T80/><D35/><U75/><E75/><V95/><F65/><W84/><G84/><T60/><D112/><N who="3" m="43081" /><G19/><N who="0" m="10735" /><D114/><U6/><E125/><V27/><F87/><AGARI ba="0,0" hai="0,2,6,10,12,25,30,34,47,48,52,87,88,94" machi="87" ten="30,8000,1" yaku="7,1,52,2,54,2" doraHai="29,90" who="1" fromWho="2" sc="250,0,250,80,250,-80,250,0" /><INIT seed="1,0,0,4,3,78" ten="250,330,170,250" oya="1" hai0="111,34,46,98,94,72,32,30,118,109,26,128,56" hai1="64,23,82,99,125,29,90,12,65,21,44,79,130" hai2="117,38,15,132,126,93,4,7,31,83,113,13,101" hai3="35,14,112,76,25,91,75,74,119,42,9,129,95"/><U105/><E125/><V1/><F117/><W127/><G112/><T37/><D118/><U51/><E130/><V96/><F38/><W43/><G119/><T28/><D72/><U108/><E108/><N who="0" m="41545" /><D128/><U57/><E29/><N who="0" m="11369" /><D26/><U115/><E115/><V69/><F69/><W2/><G25/><T73/><D73/><U100/><E90/><V20/><F113/><W81/><G35/><T6/><D6/><N who="2" m="2090" /><F1/><W71/><G75/><T49/><D56/><U61/><E12/><V62/><F62/><W77/><G2/><T16/><D16/><U0/><E65/><V123/><F123/><W121/><G121/><T86/><D86/><U3/><E3/><V45/><F126/><W87/><G127/><T10/><D10/><U67/><E67/><V52/><F132/><W103/><G71/><T134/><D37/><U41/><REACH who="1" step="1"/><E0/><REACH who="1" ten="250,320,170,250" step="2"/><V54/><F15/><W66/><G14/><T40/><D134/><U102/><E102/><AGARI ba="0,1" hai="32,34,40,46,49,94,98,102" m="11369,41545" machi="102" ten="30,1000,0" yaku="14,1" doraHai="78" who="0" fromWho="1" sc="250,20,320,-10,170,0,250,0" /><INIT seed="2,0,0,4,1,89" ten="270,310,170,250" oya="2" hai0="15,127,135,84,118,40,4,87,59,44,95,94,121" hai1="65,17,128,10,61,45,74,34,133,98,113,124,25" hai2="26,2,22,80,120,99,52,79,90,71,55,132,69" hai3="12,116,49,3,28,73,42,86,32,104,70,91,48"/><V85/><F120/><W6/><G3/><T92/><D121/><U33/><E74/><V47/><F132/><W72/><G104/><T18/><D135/><U126/><E113/><V106/><F2/><W105/><G105/><T63/><D4/><U111/><E133/><V100/><F69/><W81/><G70/><T27/><D27/><U51/><E111/><V5/><F71/><W67/><G67/><T60/><D63/><U38/><E38/><V50/><F5/><W11/><G116/><T20/><D127/><N who="1" m="48683" /><E98/><V36/><F36/><W41/><G28/><T110/><D110/><U14/><E25/><V24/><F55/><W123/><G32/><T7/><D7/><U43/><E128/><V88/><REACH who="2" step="1"/><F26/><REACH who="2" ten="270,310,160,250" step="2"/><W82/><G123/><T119/><D119/><U19/><E19/><AGARI ba="0,1" hai="19,22,24,47,50,52,79,80,85,88,90,99,100,106" machi="19" ten="30,12000,1" yaku="1,1,2,1,7,1,54,2,53,0" doraHai="89" doraHaiUra="115" who="2" fromWho="1" sc="270,0,310,-120,160,130,250,0" /><INIT seed="2,1,0,0,4,95" ten="270,190,290,250" oya="2" hai0="30,64,116,54,3,77,50,68,17,25,129,122,93" hai1="24,35,59,12,133,114,1,108,73,16,104,125,47" hai2="43,5,101,19,67,109,62,117,8,34,71,41,7" hai3="75,113,87,10,22,82,135,52,4,9,32,130,94"/><V86/><F117/><W91/><G32/><T15/><D122/><U81/><E114/><V128/><F34/><W115/><G130/><T112/><D3/><U89/><E1/><V83/><F128/><W2/><G135/><T37/><D37/><U48/><E133/><V102/><F109/><W134/><G134/><T36/><D36/><U61/><E104/><V119/><F119/><W118/><G118/><T21/><D116/><U26/><E108/><V6/><F19/><W103/><G10/><T120/><D120/><U53/><E125/><V121/><F8/><W11/><G11/><T29/><D129/><U79/><E89/><V110/><F110/><W70/><G70/><T132/><D132/><U27/><E35/><V92/><F121/><W42/><G42/><T69/><D77/><U111/><E111/><V124/><F124/><W23/><G75/><T88/><D112/><N who="3" m="43081" /><G52/><T28/><D64/><U44/><REACH who="1" step="1"/><E61/><REACH who="1" ten="270,180,290,250" step="2"/><V100/><REACH who="2" step="1"/><F92/><REACH who="2" ten="270,180,280,250" step="2"/><W65/><G94/><T84/><REACH who="0" step="1"/><D25/><REACH who="0" ten="260,180,280,250" step="2"/><U60/><E60/><V105/><F105/><W13/><G2/><T96/><D96/><U127/><E127/><V0/><F0/><W51/><G4/><T49/><D49/><U80/><E80/><V99/><F99/><W78/><G51/><T58/><AGARI ba="1,3" hai="15,17,21,28,29,30,50,54,58,68,69,84,88,93" machi="58" ten="30,8000,1" yaku="1,1,0,1,25,2,54,1,53,0" doraHai="95" doraHaiUra="131" who="0" fromWho="0" sc="260,113,180,-21,280,-41,250,-21" /><INIT seed="3,0,0,3,1,127" ten="373,159,239,229" oya="3" hai0="16,15,20,22,135,24,75,96,79,113,9,81,126" hai1="47,64,10,67,72,54,55,115,29,76,1,134,91" hai2="82,32,28,85,19,49,108,122,112,69,23,5,57" hai3="133,35,87,11,94,60,118,31,130,56,46,42,25"/><W116/><G133/><T66/><D126/><U95/><E115/><V44/><F112/><W0/><G130/><T97/><D135/><U93/><E134/><V73/><F69/><W80/><G94/><T14/><D113/><U71/><E29/><V53/><F108/><W125/><G125/><T121/><D121/><U74/><E1/><V99/><F73/><W124/><G124/><T39/><D39/><U70/><E76/><V109/><F109/><W2/><G2/><T34/><D34/><U88/><E10/><V65/><F32/><W50/><G11/><T43/><D43/><U123/><REACH who="1" step="1"/><E47/><REACH who="1" ten="373,149,239,229" step="2"/><V114/><F28/><W6/><G0/><T12/><D79/><U62/><E62/><N who="2" m="38095" /><F114/><W3/><G3/><T41/><D9/><U26/><E26/><V21/><F122/><AGARI ba="0,1" hai="54,55,64,67,70,71,72,74,88,91,93,95,122,123" machi="122" ten="25,6400,0" yaku="1,1,22,2,54,1,53,0" doraHai="127" doraHaiUra="8" who="1" fromWho="2" sc="373,0,149,74,239,-64,229,0" /><INIT seed="4,0,0,5,5,107" ten="373,223,175,229" oya="0" hai0="75,127,88,98,100,38,53,112,114,48,94,106,3" hai1="19,73,125,78,76,4,22,16,27,128,124,28,30" hai2="93,65,96,12,135,1,92,25,99,132,50,121,71" hai3="70,44,46,7,29,9,77,47,74,69,34,115,42"/><T68/><D38/><U110/><E110/><V85/><F1/><W35/><G115/><N who="0" m="44075" /><D3/><U63/><E63/><V18/><F121/><W43/><G29/><T49/><D68/><U130/><E4/><V118/><F118/><W24/><G24/><T60/><D127/><N who="1" m="48715" /><E78/><V13/><F71/><W117/><G117/><T39/><D39/><U90/><E90/><V54/><F65/><W86/><G86/><N who="0" m="52503" /><D75/><U5/><E5/><V37/><F37/><W2/><G70/><T45/><D49/><U23/><E76/><V10/><F25/><W102/><G69/><T52/><D60/><U101/><E101/><V67/><F67/><W61/><G102/><T31/><D31/><N who="1" m="11819" /><E73/><V66/><F66/><W81/><REACH who="3" step="1"/><G61/><REACH who="3" ten="373,223,175,219" step="2"/><T104/><D104/><U33/><E33/><AGARI ba="0,1" hai="2,7,9,33,34,35,42,43,44,46,47,74,77,81" machi="33" ten="40,5200,0" yaku="1,1,2,1,52,1,53,0" doraHai="107" doraHaiUra="59" who="3" fromWho="1" sc="373,0,223,-52,175,0,219,62" /><INIT seed="5,0,0,4,4,98" ten="373,171,175,281" oya="1" hai0="59,107,52,97,123,12,49,4,113,127,58,11,6" hai1="83,47,28,75,42,112,31,54,46,1,26,88,0" hai2="125,21,8,77,41,44,122,7,94,79,82,126,104" hai3="85,73,124,29,66,84,62,61,90,121,9,128,87"/><U50/><E112/><V67/><F104/><W25/><G73/><T19/><D123/><U81/><E81/><V56/><F122/><W76/><G121/><T89/><D127/><U15/><E15/><V22/><F94/><W3/><G124/><N who="2" m="47721" /><F56/><W133/><G128/><T111/><D111/><U57/><E47/><V103/><F67/><W17/><G133/><T27/><D27/><U116/><E116/><V114/><F114/><W106/><G106/><T64/><D113/><U43/><E43/><V32/><F32/><W72/><G62/><N who="0" m="37975" /><D107/><U68/><E68/><V10/><F103/><W23/><G72/><T65/><D65/><U95/><E83/><V14/><F8/><W86/><G76/><N who="2" m="29257" /><F82/><W93/><G3/><T109/><D109/><U16/><E75/><V117/><F117/><W69/><REACH who="3" step="1"/><G9/><REACH who="3" ten="373,171,175,271" step="2"/><T36/><D36/><AGARI ba="0,1" hai="7,10,14,21,22,36,41,44" m="29257,47721" machi="36" ten="30,1000,0" yaku="18,1" doraHai="98" who="2" fromWho="0" sc="373,-10,171,0,175,20,271,0" /><INIT seed="6,0,0,0,3,58" ten="363,171,195,271" oya="2" hai0="64,50,45,37,11,88,30,82,72,117,10,111,25" hai1="9,29,129,81,127,109,3,5,70,35,69,90,6" hai2="112,130,124,0,16,87,83,96,32,34,31,131,41" hai3="79,27,86,12,104,113,18,123,108,59,103,97,101"/><V116/><F116/><W102/><G108/><T38/><D111/><U56/><E109/><V85/><F0/><W40/><G123/><T67/><D38/><U21/><E127/><V95/><F124/><W89/><G113/><T106/><D106/><U49/><E129/><N who="2" m="49163" /><F112/><W135/><G27/><T7/><D37/><U53/><E35/><V19/><F41/><W114/><G114/><T20/><D117/><U115/><E115/><V63/><F63/><W36/><G135/><T51/><D11/><U94/><E81/><V120/><F120/><W33/><G33/><N who="2" m="12905" /><F31/><W75/><G40/><T39/><D39/><U1/><E1/><V28/><F28/><W134/><G36/><T44/><D72/><U128/><E128/><V17/><F83/><W100/><G134/><T110/><D110/><U73/><E73/><V84/><F96/><W126/><G126/><T132/><D132/><U105/><E105/><V22/><F95/><W8/><G59/><T98/><D51/><U122/><E122/><V118/><F118/><W93/><G103/><T55/><D82/><AGARI ba="0,0" hai="8,12,18,75,79,82,86,89,93,97,100,101,102,104" machi="82" ten="40,2600,0" yaku="24,2" doraHai="58" who="3" fromWho="0" sc="363,-26,171,0,195,0,271,26" /><INIT seed="7,0,0,2,5,122" ten="337,171,195,297" oya="3" hai0="97,11,132,38,16,35,95,93,117,109,15,17,20" hai1="2,60,65,73,19,0,135,106,127,57,36,115,130" hai2="89,102,77,64,49,92,125,50,27,85,54,33,67" hai3="101,22,40,110,61,13,21,42,134,66,119,45,88"/><W1/><G1/><T98/><D109/><U62/><E106/><V24/><F125/><W118/><G110/><T31/><D38/><U81/><E127/><V126/><F126/><W34/><G34/><T105/><D105/><U37/><E115/><V26/><F33/><W72/><G101/><N who="0" m="60591" /><D35/><U94/><E130/><V70/><F70/><W6/><G72/><T10/><D132/><U120/><E120/><V18/><F102/><W8/><G134/><T131/><D131/><U58/><E135/><V91/><F77/><W74/><G74/><T108/><D108/><U128/><E128/><V80/><F18/><W28/><G42/><T124/><D117/><U123/><E123/><V29/><F29/><W32/><G32/><T96/><D124/><U99/><E19/><V79/><F50/><W78/><G78/><T25/><D95/><U12/><E12/><AGARI ba="0,0" hai="10,11,12,15,16,17,20,25,31,96,98" m="60591" machi="12" ten="30,2000,0" yaku="8,1,54,1" doraHai="122" who="0" fromWho="1" sc="337,20,171,-20,195,0,297,0" owari="357,45.7,151,-34.9,195,-20.5,297,9.7" /></mjloggm>