<mjloggm ver="2.3"><GO type="169" lobby="0"/><UN n0="%E3%81%BD%E3%81%A3%E3%81%91%E3%81%95%E3%82%93" n1="%E3%82%80%E3%83%BC%E3%82%93%E3%81%82%E3%81%84%E3%81%9A" n2="%E3%81%A1%E3%82%83%E3%82%93%E3%81%AE%E3%81%B6" n3="%E6%99%82%E8%A8%88%E5%9D%82%E9%9B%B6" dan="17,16,17,16" rate="2201.95,2126.46,2133.36,2144.25" sx="M,M,M,M"/><TAIKYOKU oya="0"/><INIT seed="0,0,0,5,3,82" ten="250,250,250,250" oya="0" hai0="83,33,25,92,54,120,101,52,61,95,55,113,45" hai1="76,62,77,60,28,41,111,99,124,73,129,84,81" hai2="119,115,2,3,35,8,112,89,106,86,53,11,51" hai3="19,44,39,70,34,132,14,40,117,27,13,26,59"/><T97/><D113/><U80/><E111/><V7/><F106/><W0/><G70/><T37/><D120/><U79/><E129/><V108/><F35/><W125/><G117/><T78/><D95/><U135/><E79/><V130/><F108/><W50/><G0/><T118/><D118/><U56/><E124/><V98/><F98/><W85/><G132/><T128/><D128/><U66/><E135/><V47/><F119/><W36/><G125/><T32/><D61/><U18/><E28/><V94/><REACH who="2" step="1"/><F130/><REACH who="2" ten="250,250,240,250" step="2"/><W109/><G109/><T46/><D25/><U48/><E99/><V29/><F29/><W12/><G34/><T69/><D69/><U10/><E73/><V107/><F107/><W68/><G68/><T67/><D33/><U100/><E100/><V91/><F91/><W16/><G27/><T6/><D32/><U23/><E77/><V87/><F87/><W131/><G131/><T102/><D102/><U64/><E84/><V122/><F122/><W72/><G72/><T22/><D97/><U42/><E76/><V43/><F43/><W38/><G26/><T88/><D88/><U1/><E42/><V126/><F126/><W71/><G71/><T121/><D78/><U116/><E116/><V123/><F123/><W58/><REACH who="3" step="1"/><G85/><REACH who="3" ten="250,250,240,240" step="2"/><T31/><D121/><U24/><E24/><V30/><F30/><W5/><G5/><AGARI ba="0,2" hai="2,3,5,7,8,11,47,51,53,86,89,94,112,115" machi="5" ten="40,5200,0" yaku="1,1,9,1,52,1,53,0" doraHai="82" doraHaiUra="20" who="2" fromWho="3" sc="250,0,250,0,240,72,240,-52" /><INIT seed="1,0,0,2,3,4" ten="250,250,312,188" oya="1" hai0="65,10,47,11,0,66,130,9,58,49,91,70,101" hai1="114,37,46,64,94,61,41,112,33,17,83,32,71" hai2="93,55,29,113,116,21,97,35,19,8,23,77,18" hai3="60,67,86,69,129,128,31,89,39,5,68,92,22"/><U34/><E94/><V105/><F116/><W122/><G122/><T95/><D70/><U100/><E17/><V121/><F121/><W59/><G39/><T124/><D0/><U3/><E100/><V54/><F105/><W96/><G69/><T63/><D130/><U27/><E27/><V98/><F35/><W24/><G68/><T111/><D111/><U72/><REACH who="1" step="1"/><E3/><REACH who="1" ten="250,240,312,188" step="2"/><V2/><F2/><W133/><G133/><T52/><D101/><U40/><E40/><V120/><F19/><W80/><REACH who="3" step="1"/><G5/><REACH who="3" ten="250,240,312,178" step="2"/><T103/><D103/><AGARI ba="0,2" hai="22,24,31,59,60,67,80,86,89,92,96,103,128,129" machi="103" ten="40,8000,1" yaku="1,1,2,1,25,2,53,0" doraHai="4" doraHaiUra="117" who="3" fromWho="0" sc="250,-80,240,0,312,0,178,100" /><INIT seed="2,0,0,5,4,8" ten="170,240,312,278" oya="2" hai0="60,95,120,13,1,96,118,38,105,53,123,59,44" hai1="135,88,89,48,24,4,129,42,126,86,65,32,0" hai2="54,130,49,106,45,103,30,2,41,10,92,37,51" hai3="47,40,46,3,27,82,111,125,68,81,84,127,16"/><V74/><F74/><W85/><G3/><T110/><D1/><U102/><E129/><V36/><F106/><W80/><G68/><T39/><D105/><U17/><E102/><V55/><F130/><W69/><G69/><T77/><D77/><U22/><E65/><V104/><F104/><W15/><G27/><T76/><D76/><U6/><E126/><N who="3" m="48138" /><G111/><T14/><D110/><U75/><E75/><V7/><F30/><W28/><G28/><T108/><D108/><U72/><E72/><V67/><F67/><W12/><G12/><T31/><D31/><U114/><E32/><V107/><F107/><W93/><G93/><T91/><D118/><U21/><E114/><V29/><F29/><W115/><G115/><T35/><D35/><U73/><E73/><V5/><F5/><W66/><G66/><T122/><REACH who="0" step="1"/><D39/><REACH who="0" ten="160,240,312,278" step="2"/><U26/><E0/><V11/><F37/><N who="3" m="21775" /><G47/><T78/><D78/><U112/><E112/><V34/><F34/><W18/><G18/><T57/><D57/><U56/><E56/><V100/><F36/><W133/><G133/><T109/><D109/><U25/><E135/><V99/><F41/><AGARI ba="0,1" hai="13,14,38,41,44,53,59,60,91,95,96,120,122,123" machi="41" ten="40,8000,1" yaku="1,1,52,2,53,1" doraHai="8" doraHaiUra="90" who="0" fromWho="2" sc="160,90,240,0,312,-80,278,0" /><INIT seed="3,0,0,5,1,86" ten="250,240,232,278" oya="3" hai0="55,46,41,49,15,57,77,4,53,68,127,35,43" hai1="87,118,14,71,120,51,97,116,100,24,113,26,18" hai2="124,33,21,102,27,45,54,130,28,63,125,106,82" hai3="105,40,10,94,3,84,109,101,42,75,103,128,119"/><W31/><G119/><N who="1" m="45610" /><E120/><V96/><F130/><W59/><G75/><T132/><D35/><U73/><E73/><V112/><F112/><W37/><G37/><T16/><D68/><U131/><E71/><V93/><F82/><W88/><G128/><T11/><D127/><N who="2" m="48714" /><F33/><W99/><G109/><T123/><D123/><U80/><E51/><N who="2" m="29039" /><F63/><W58/><G31/><T48/><D132/><U47/><E47/><V129/><F129/><W114/><G114/><T32/><D32/><U83/><E83/><V69/><F69/><W79/><G79/><T122/><D122/><U91/><E131/><V2/><F2/><W90/><G103/><T34/><D34/><U19/><E113/><V134/><F134/><W66/><G66/><T36/><D77/><U52/><E19/><V111/><F111/><W50/><G3/><T7/><D43/><U62/><E62/><V65/><F65/><W38/><G38/><T126/><D126/><U98/><E52/><V89/><F106/><W17/><G42/><T56/><AGARI ba="0,0" hai="4,7,11,15,16,36,41,46,48,49,53,55,56,57" machi="56" ten="20,5200,0" yaku="0,1,7,1,9,1,54,1" doraHai="86" who="0" fromWho="0" sc="250,52,240,-13,232,-13,278,-26" /><INIT seed="4,0,0,4,2,116" ten="302,227,219,252" oya="0" hai0="81,24,86,41,114,103,68,112,128,111,19,53,132" hai1="104,65,109,57,88,28,74,67,37,29,102,79,80" hai2="43,127,93,83,82,90,55,85,25,62,16,97,56" hai3="84,27,40,54,89,124,107,100,22,66,117,20,23"/><T73/><D68/><U30/><E109/><V108/><F127/><W2/><G2/><T18/><D73/><U34/><E37/><V1/><F108/><W12/><G117/><T106/><D41/><U77/><E34/><V98/><F1/><W39/><G124/><T13/><D111/><U35/><E35/><V87/><F43/><W130/><G130/><T17/><D128/><U42/><E79/><V99/><REACH who="2" step="1"/><F85/><REACH who="2" ten="302,227,209,252" step="2"/><W50/><G40/><T91/><D86/><U133/><E42/><V76/><F76/><W3/><G3/><T26/><D112/><U63/><E77/><V10/><F10/><W49/><G84/><T9/><D114/><U121/><E74/><V122/><F122/><W4/><G39/><T32/><D9/><U15/><E121/><V120/><F120/><W21/><G12/><T123/><D13/><U134/><E15/><V59/><F59/><W131/><G131/><T38/><D38/><U14/><E14/><V118/><F118/><W110/><G110/><T105/><D123/><U61/><E57/><V71/><F71/><W72/><G72/><T125/><D125/><U31/><E133/><V75/><F75/><W135/><G135/><T45/><D132/><U60/><E134/><V5/><F5/><W119/><G4/><T6/><D6/><U69/><E69/><V47/><F47/><W7/><G7/><T58/><D45/><U51/><N who="1" m="7168" /><DORA hai="78" /><U52/><E67/><V64/><F64/><W70/><G66/><T126/><D58/><U94/><E65/><V11/><F11/><W101/><G70/><T96/><D126/><RYUUKYOKU ba="0,1" sc="302,-10,227,-10,209,30,252,-10" hai2="16,25,55,56,62,82,83,87,90,93,97,98,99" /><INIT seed="5,1,1,1,2,3" ten="292,217,239,242" oya="1" hai0="71,14,106,116,101,97,103,40,11,51,41,99,80" hai1="85,60,104,53,2,9,63,128,32,25,43,89,82" hai2="86,124,133,48,68,34,55,121,132,130,122,39,66" hai3="23,27,91,38,47,65,7,73,84,135,16,36,17"/><U42/><E128/><V90/><F34/><W57/><G73/><T10/><D71/><U119/><E119/><V21/><F130/><W24/><G135/><N who="2" m="51785" /><F39/><W12/><G47/><T67/><D67/><U88/><E104/><V4/><F124/><W100/><G100/><T72/><D116/><U76/><E32/><V102/><F102/><W46/><G46/><T114/><D114/><U129/><E129/><V64/><F21/><W19/><G38/><T87/><D72/><U70/><E25/><N who="3" m="9802" /><G36/><T8/><D51/><U1/><E1/><V95/><F4/><W112/><G112/><T22/><D22/><U110/><E110/><V26/><F26/><W18/><G7/><T77/><REACH who="0" step="1"/><D14/><REACH who="0" ten="282,217,239,242" step="2"/><U69/><E69/><V111/><F111/><W79/><G65/><N who="2" m="25193" /><F68/><W56/><G79/><T105/><AGARI ba="1,2" hai="8,10,11,40,41,77,80,87,97,99,101,103,105,106" machi="105" ten="30,4000,0" yaku="1,1,0,1,9,1,53,0" doraHai="3" doraHaiUra="44" who="0" fromWho="0" sc="282,63,217,-21,239,-11,242,-11" /><INIT seed="6,0,0,2,2,34" ten="345,196,228,231" oya="2" hai0="108,93,45,52,103,110,27,19,124,32,5,127,86" hai1="0,101,126,16,25,96,1,30,42,99,49,71,132" hai2="104,131,7,21,98,77,57,43,113,81,97,51,24" hai3="10,56,60,39,84,58,129,121,135,128,125,115,79"/><V119/><F119/><W31/><G39/><T69/><D69/><U44/><E132/><V72/><F113/><W22/><G121/><T68/><D68/><U122/><E71/><V63/><F131/><N who="3" m="50251" /><G135/><T53/><D5/><U55/><E122/><V83/><F7/><W62/><G125/><N who="0" m="48203" /><D19/><U20/><E126/><V91/><F104/><W8/><G115/><T111/><D45/><U13/><E42/><V26/><F26/><N who="3" m="16855" /><G84/><T95/><D86/><U18/><E18/><V46/><F83/><W37/><G79/><T120/><D120/><U28/><E28/><V17/><REACH who="2" step="1"/><F91/><REACH who="2" ten="345,196,218,231" step="2"/><W80/><G80/><T116/><D116/><U76/><E76/><V134/><F134/><W54/><G37/><T65/><D27/><U102/><E102/><V107/><F107/><W88/><G88/><T106/><D106/><U11/><REACH who="1" step="1"/><E101/><REACH who="1" ten="345,186,218,231" step="2"/><V114/><F114/><W92/><G92/><T50/><D103/><U9/><E9/><V73/><F73/><W67/><AGARI ba="0,2" hai="8,10,54,56,58,60,62,67" m="16855,50251" machi="67" ten="30,1100,0" yaku="19,1" doraHai="34" who="3" fromWho="3" sc="345,-3,186,-3,218,-5,231,31" /><INIT seed="7,0,0,5,3,72" ten="342,183,213,262" oya="3" hai0="101,17,70,122,32,81,69,43,42,44,54,103,16" hai1="9,1,66,74,108,78,5,7,52,28,125,132,35" hai2="93,113,121,61,77,14,40,13,120,97,60,127,84" hai3="79,24,34,22,18,134,128,47,12,4,96,118,8"/><W89/><G118/><T20/><D32/><U65/><E108/><V73/><F113/><W27/><G128/><T37/><D122/><N who="2" m="47210" /><F73/><W57/><G134/><T68/><D43/><U106/><E132/><V71/><F40/><W33/><G57/><T62/><D17/><U129/><E129/><V26/><F26/><W0/><G47/><T119/><D119/><U92/><E106/><V55/><F55/><W29/><G96/><T80/><D54/><U105/><E105/><V130/><F127/><W30/><G89/><T31/><D31/><U94/><E125/><V59/><F71/><W45/><G45/><T82/><REACH who="0" step="1"/><D62/><REACH who="0" ten="332,183,213,262" step="2"/><U90/><E7/><V25/><F61/><W49/><G49/><T116/><D116/><U104/><E104/><V86/><F130/><W39/><G39/><T131/><D131/><U133/><E133/><V38/><F38/><W46/><G46/><T110/><D110/><U123/><E123/><V124/><F124/><W95/><G29/><T98/><D98/><N who="1" m="57623" /><E52/><N who="2" m="33895" /><F97/><W48/><G33/><T23/><D23/><U135/><E135/><V56/><F56/><W87/><G34/><T63/><D63/><U115/><E115/><V2/><F2/><W112/><G112/><T64/><D64/><U15/><E1/><V58/><F58/><W109/><G30/><T75/><D75/><U36/><E36/><V85/><F93/><W50/><G95/><T114/><D114/><U53/><E94/><V91/><F86/><W6/><G87/><T11/><D11/><U21/><E53/><V126/><F126/><W102/><G0/><T3/><D3/><RYUUKYOKU ba="0,1" sc="332,30,183,-10,213,-10,262,-10" hai0="16,20,37,42,44,68,69,70,80,81,82,101,103" owari="372,47.2,173,-32.7,203,-19.7,252,5.2" /></mjloggm>