<mjloggm ver="2.3"><GO type="169" lobby="0"/><UN n0="%E3%82%82%E3%82%8A%E3%82%8A%E3%82%93%E3%82%82%E3%82%8A%E3%82%82%E3%82%8A" n1="%E3%81%82%E3%81%BE%E3%81%82%E3%82%93" n2="%E3%81%86%E3%81%9A%E3%82%89%E5%8D%B5%E3%83%95%E3%83%A9%E3%82%A4" n3="%E7%BD%AA%E5%88%91%E6%B3%95%E5%AE%9A%E4%B8%BB%E7%BE%A9" dan="16,16,16,17" rate="2098.43,2077.48,2038.77,2228.80" sx="M,M,M,M"/><TAIKYOKU oya="0"/><INIT seed="0,0,0,1,2,72" ten="250,250,250,250" oya="0" hai0="84,73,47,92,111,124,108,61,104,4,43,90,51" hai1="77,119,116,112,2,86,55,58,57,133,64,14,60" hai2="25,23,88,63,70,27,134,101,54,6,115,87,52" hai3="75,3,5,126,34,85,62,93,132,20,9,81,109"/><T53/><D104/><U83/><E2/><V120/><F115/><W69/><G34/><T22/><D124/><U39/><E112/><V95/><F120/><W67/><G126/><T106/><D106/><U105/><E133/><V8/><F134/><W13/><G132/><T21/><D4/><U15/><E39/><V50/><F101/><W123/><G109/><N who="0" m="42059" /><D73/><U33/><E33/><V49/><F70/><W102/><G123/><T12/><D12/><U89/><E105/><V80/><F95/><W125/><G125/><T117/><D117/><U114/><E114/><V97/><F97/><W121/><G121/><T40/><D40/><U74/><E119/><V30/><F25/><W31/><G75/><T44/><D61/><U59/><E116/><V48/><REACH who="2" step="1"/><F63/><REACH who="2" ten="250,250,240,250" step="2"/><W78/><G102/><T82/><D92/><U42/><E42/><V56/><F56/><W32/><G93/><T135/><D135/><U100/><E100/><V110/><F110/><W76/><G32/><T130/><D130/><U122/><E122/><V26/><F26/><W10/><G62/><T29/><D29/><U45/><E59/><V65/><F65/><W113/><G67/><T0/><D0/><AGARI ba="0,1" hai="0,6,8,23,27,30,48,49,50,52,54,80,87,88" machi="0" ten="40,5200,0" yaku="1,1,54,2,53,0" doraHai="72" doraHaiUra="96" who="2" fromWho="0" sc="250,-52,250,0,240,62,250,0" /><INIT seed="1,0,0,2,5,11" ten="198,250,302,250" oya="1" hai0="8,88,107,34,50,78,58,4,95,53,26,73,103" hai1="134,110,54,121,36,17,10,49,0,33,108,43,29" hai2="87,118,23,126,113,92,104,68,116,38,16,35,61" hai3="28,124,18,15,52,133,76,60,83,86,21,57,22"/><U74/><E121/><V127/><F35/><W94/><G133/><T75/><D78/><U106/><E106/><V56/><F104/><W117/><G124/><N who="2" m="47657" /><F68/><W46/><G117/><T123/><D123/><U114/><E114/><V5/><F5/><W90/><G46/><T93/><D107/><U130/><E74/><V44/><F113/><W105/><G105/><T79/><D79/><U80/><E134/><V63/><F44/><W37/><G37/><T91/><D103/><U40/><E36/><V64/><F63/><W67/><G28/><T48/><D26/><N who="1" m="18615" /><E80/><V42/><F42/><W128/><G128/><T99/><D34/><U9/><E130/><V109/><F109/><N who="1" m="42089" /><E0/><V102/><F38/><W51/><G22/><T129/><D129/><U47/><E10/><V82/><F92/><W59/><G76/><T81/><D81/><AGARI ba="0,0" hai="15,18,21,51,52,57,59,60,67,81,83,86,90,94" machi="81" ten="40,8000,1" yaku="25,2,8,1,52,1,54,1" doraHai="11" who="3" fromWho="0" sc="198,-80,250,0,302,0,250,80" /><INIT seed="2,0,0,5,5,4" ten="118,250,302,330" oya="2" hai0="31,83,114,23,36,55,80,125,42,24,45,103,62" hai1="66,18,5,14,86,98,38,135,85,75,95,122,28" hai2="108,100,25,58,37,9,119,92,12,120,128,126,74" hai3="7,78,26,134,50,129,53,76,72,60,54,22,106"/><V73/><F119/><W61/><G106/><T48/><D114/><U40/><E135/><V64/><F120/><W43/><G134/><T46/><D125/><U16/><E122/><V11/><F37/><W111/><G111/><T33/><D103/><U34/><E75/><V117/><F117/><W113/><G113/><T65/><REACH who="0" step="1"/><D33/><REACH who="0" ten="108,250,302,330" step="2"/><U123/><E123/><V127/><F108/><W107/><G129/><T6/><D6/><U29/><E34/><V0/><F128/><W32/><G7/><T47/><D47/><U118/><E118/><V57/><F100/><W39/><G32/><T93/><D93/><U3/><E5/><V132/><F92/><W41/><G107/><T110/><D110/><U104/><E95/><V91/><F132/><W2/><G2/><T13/><D13/><U71/><E3/><V67/><F0/><W81/><G39/><T131/><D131/><U27/><E38/><V99/><F12/><W44/><G78/><T88/><D88/><U133/><E133/><V35/><F35/><W15/><G15/><T101/><D101/><U68/><E104/><V97/><F25/><W116/><G116/><T51/><D51/><U130/><E130/><V20/><F91/><W19/><G61/><T59/><AGARI ba="0,1" hai="23,24,31,36,42,45,46,48,55,59,62,65,80,83" machi="59" ten="20,2700,0" yaku="1,1,0,1,7,1,53,0" doraHai="4" doraHaiUra="87" who="0" fromWho="0" sc="108,37,250,-7,302,-13,330,-7" /><INIT seed="3,0,0,1,0,99" ten="145,243,289,323" oya="3" hai0="24,75,22,74,103,42,10,62,48,38,41,67,125" hai1="81,124,110,31,69,98,27,126,45,130,34,50,133" hai2="37,129,89,65,80,63,92,120,61,115,7,39,84" hai3="52,13,83,35,70,104,64,87,19,121,26,54,23"/><W132/><G121/><T0/><D125/><U49/><E110/><V33/><F115/><W18/><G104/><T105/><D48/><U131/><E69/><V108/><F120/><W135/><G64/><T106/><D106/><U79/><E81/><V4/><F108/><W128/><G70/><T8/><D41/><U16/><E79/><V118/><F118/><W95/><G95/><T78/><D78/><U122/><E122/><V71/><F33/><W12/><G128/><N who="1" m="49194" /><E45/><V76/><F129/><W86/><G35/><T36/><D36/><U100/><E16/><V134/><F134/><N who="3" m="51243" /><G26/><T51/><D51/><N who="1" m="19467" /><E133/><V88/><F39/><W94/><G94/><AGARI ba="0,0" hai="27,31,34,94,98,100,124,126" m="19467,49194" machi="94" ten="30,2000,0" yaku="19,1,52,1" doraHai="99" who="1" fromWho="3" sc="145,0,243,20,289,0,323,-20" /><INIT seed="4,0,0,4,5,88" ten="145,263,289,303" oya="0" hai0="131,135,40,3,0,118,123,71,126,63,81,24,115" hai1="106,79,32,84,34,62,51,107,21,58,37,47,20" hai2="46,52,101,80,114,95,116,124,1,122,127,132,66" hai3="6,31,44,98,16,41,83,55,112,96,134,94,39"/><T25/><D118/><U70/><E37/><V53/><F122/><W42/><G112/><T87/><D123/><U105/><E70/><V49/><F114/><W43/><G6/><T8/><D115/><U109/><E109/><V61/><F1/><W30/><G134/><T27/><D135/><U86/><E21/><V91/><F132/><W59/><G83/><T11/><D40/><U78/><E20/><V60/><F101/><W121/><G121/><T73/><D73/><U15/><E15/><V97/><F116/><W120/><G120/><T129/><D126/><N who="2" m="48170" /><F80/><W28/><G98/><T110/><D110/><U103/><E103/><V64/><F53/><W38/><G38/><T13/><D63/><AGARI ba="0,0" hai="46,49,52,60,61,63,64,66,91,95,97" m="48170" machi="63" ten="30,3900,0" yaku="18,1,52,1,54,1" doraHai="88" who="2" fromWho="0" sc="145,-39,263,0,289,39,303,0" /><INIT seed="5,0,0,1,0,75" ten="106,263,328,303" oya="1" hai0="83,54,78,131,76,77,122,50,106,7,104,53,13" hai1="23,96,33,64,82,111,97,52,113,0,43,17,37" hai2="1,94,45,85,31,48,59,26,16,102,69,62,79" hai3="90,134,55,19,12,98,66,34,93,61,63,27,107"/><U115/><E33/><V47/><F69/><W15/><G134/><T92/><D83/><U109/><E0/><V110/><F110/><N who="1" m="41993" /><E64/><V46/><F1/><W30/><G55/><T116/><D116/><U39/><E82/><N who="2" m="47327" /><F31/><W14/><G63/><T71/><D71/><U130/><E130/><V44/><F94/><W87/><G107/><T58/><D131/><U100/><E43/><N who="2" m="24607" /><F102/><W51/><G51/><T125/><D125/><U117/><E117/><V10/><F10/><W118/><G118/><T99/><D122/><U127/><E127/><V91/><F91/><W88/><G90/><T4/><D54/><U95/><E97/><V108/><F108/><W72/><G72/><T89/><REACH who="0" step="1"/><D13/><REACH who="0" ten="96,263,328,303" step="2"/><N who="1" m="9647" /><E52/><N who="2" m="34151" /><F47/><W128/><G128/><T70/><D70/><U129/><E129/><V133/><F133/><W60/><G66/><T73/><D73/><U42/><E42/><V11/><F26/><W20/><G12/><AGARI ba="0,1" hai="11,12,16,45,46" m="34151,24607,47327" machi="12" ten="30,7700,0" yaku="8,1,52,1,54,2" doraHai="75" who="2" fromWho="3" sc="96,0,263,0,328,87,303,-77" /><INIT seed="6,0,0,3,1,9" ten="96,263,415,226" oya="2" hai0="39,92,12,122,87,66,98,76,80,126,79,15,11" hai1="41,129,46,55,28,96,135,125,35,20,108,99,32" hai2="51,62,29,47,113,52,110,119,68,40,127,85,107" hai3="49,114,56,7,81,21,121,78,93,10,64,88,83"/><V84/><F107/><W128/><G121/><T5/><D122/><U120/><E108/><V111/><F119/><W59/><G128/><T53/><D39/><U30/><E120/><V18/><F113/><W90/><G114/><T60/><D126/><U4/><E125/><V37/><F127/><W70/><G70/><T75/><D75/><U2/><E129/><V105/><F105/><W3/><G90/><T106/><D106/><U61/><E2/><V130/><F29/><W91/><G91/><T36/><D36/><U65/><E4/><V69/><F130/><W116/><G116/><T19/><D53/><U48/><E135/><V1/><F1/><W94/><G93/><T42/><D42/><U132/><E132/><V74/><F74/><W57/><G64/><T104/><D76/><U58/><E32/><V50/><F18/><W27/><G49/><N who="2" m="18441" /><F84/><W54/><G54/><T115/><D115/><U6/><E6/><V24/><F24/><W112/><G78/><T97/><D104/><U8/><E35/><V95/><F95/><W33/><G33/><T44/><D92/><U117/><E117/><V86/><F86/><W118/><G118/><T16/><D44/><U89/><E30/><V67/><F85/><W43/><G43/><T73/><D73/><U123/><E123/><V134/><F134/><W101/><G101/><T82/><D82/><U71/><E89/><V124/><F124/><W22/><G112/><T131/><D131/><U14/><E41/><V31/><F40/><W25/><G25/><T72/><D72/><U63/><E46/><V17/><F47/><RYUUKYOKU ba="0,0" sc="96,0,263,0,415,0,226,0" /><INIT seed="7,1,0,4,0,21" ten="96,263,415,226" oya="3" hai0="98,56,6,112,12,60,96,28,116,62,48,43,117" hai1="111,104,91,130,5,40,122,76,36,132,71,114,135" hai2="126,50,51,45,100,16,1,33,118,46,93,78,133" hai3="59,79,18,120,17,85,72,103,68,32,0,92,109"/><W65/><G120/><T37/><D96/><U54/><E111/><V47/><F33/><W53/><G32/><T39/><D6/><U124/><E122/><V74/><F1/><W102/><G0/><T52/><D98/><U64/><E104/><V113/><F118/><W9/><G72/><T27/><D12/><U134/><E114/><V106/><F106/><W29/><G29/><T25/><D28/><U125/><E76/><V14/><F78/><W69/><G109/><T38/><D112/><U44/><E5/><V67/><F67/><W2/><G2/><T110/><D110/><U19/><E130/><V105/><F105/><W26/><G9/><T99/><D99/><U7/><E7/><V86/><F100/><N who="3" m="38443" /><G69/><T42/><D116/><U31/><E31/><V81/><F74/><W119/><G68/><T73/><D73/><U70/><E19/><N who="3" m="7178" /><G119/><T11/><D11/><U30/><E30/><V34/><F34/><W41/><G41/><T115/><D115/><U35/><E35/><V121/><F121/><W127/><G65/><T90/><D90/><U123/><E123/><V128/><F113/><W3/><G127/><N who="1" m="48714" /><E64/><V61/><F126/><W77/><G3/><T108/><D108/><U55/><E91/><V89/><F89/><N who="3" m="53295" /><G26/><N who="0" m="9739" /><D117/><U97/><E97/><V129/><F129/><W8/><G8/><T82/><D82/><U101/><E101/><V107/><F81/><W95/><G95/><T24/><N who="0" m="9747" /><T22/><DORA hai="75" /><D22/><U10/><E10/><V80/><F93/><W87/><G87/><T58/><D48/><AGARI ba="1,0" hai="48,53,59,77,79" m="53295,7178,38443" machi="48" ten="30,5800,0" yaku="8,1,52,2" doraHai="21,75" who="3" fromWho="0" sc="96,-61,263,0,415,0,226,61" /><INIT seed="7,2,0,0,2,95" ten="35,263,415,287" oya="3" hai0="12,67,101,11,31,116,96,19,14,38,4,28,43" hai1="3,27,115,129,30,91,120,52,29,25,88,133,131" hai2="102,64,23,99,126,6,110,15,18,51,8,135,45" hai3="97,73,63,130,17,62,21,83,122,108,37,69,26"/><W125/><G122/><T132/><D38/><U93/><E120/><V80/><F110/><W94/><G37/><T92/><D43/><U109/><E109/><V50/><F135/><W105/><G105/><T128/><D128/><N who="1" m="49227" /><E133/><V117/><F117/><W61/><G108/><T65/><D132/><U68/><E115/><V49/><F126/><W40/><G130/><T70/><D116/><U100/><E68/><V107/><F80/><W76/><G125/><T35/><D70/><U2/><E100/><V34/><F64/><W44/><G69/><T114/><D114/><U59/><E27/><V90/><F90/><N who="1" m="34345" /><E93/><V124/><F34/><W60/><N who="3" m="15360" /><DORA hai="78" /><W56/><G56/><T54/><D54/><U20/><E30/><V32/><F32/><W118/><G118/><T127/><D127/><U24/><E24/><V48/><F48/><AGARI ba="2,0" hai="2,3,20,25,29,48,52,59" m="34345,49227" machi="48" ten="30,3900,0" yaku="19,1,54,2" doraHai="95,78" who="1" fromWho="2" sc="35,0,263,45,415,-45,287,0" owari="35,-46.5,308,10.8,370,47.0,287,-11.3" /></mjloggm>