<mjloggm ver="2.3"><GO type="225" lobby="0"/><UN n0="%E3%83%A9%E3%82%B9%E7%8E%87%EF%BC%93%E5%89%B2" n1="%E5%BA%84%E5%8F%B8%E5%81%A5%E5%A4%AA%E6%9C%97" n2="%E3%83%A9%E3%83%BC%E3%83%A1%E3%83%B3%E4%BA%94%E9%83%8E" n3="%E3%81%BE%E3%81%A8%E3%81%9F" dan="17,16,16,16" rate="2196.11,2046.39,2068.84,2072.76" sx="F,M,M,M"/><TAIKYOKU oya="0"/><INIT seed="0,0,0,3,2,111" ten="250,250,250,250" oya="0" hai0="61,45,5,41,39,19,115,49,36,87,11,33,21" hai1="123,63,3,82,124,52,17,75,60,88,10,38,130" hai2="50,107,99,85,64,73,116,66,135,14,34,15,58" hai3="79,22,31,128,25,129,9,90,69,76,48,35,77"/><T62/><D33/><U98/><E123/><V106/><F73/><W117/><G117/><T70/><D39/><U2/><E38/><V59/><F34/><W109/><G109/><T95/><D36/><U46/><E75/><V28/><F28/><W78/><G69/><T105/><D105/><U96/><E130/><V126/><F116/><W54/><N who="3" m="19456" /><DORA hai="74" /><W55/><G9/><T8/><D115/><U97/><E3/><V81/><F99/><W27/><G90/><N who="0" m="53727" /><D70/><U37/><E37/><V72/><F72/><W7/><G7/><T94/><D94/><U18/><E124/><V108/><F126/><W118/><G118/><T57/><D5/><U132/><E132/><V131/><F135/><W101/><G101/><T30/><D30/><U122/><E2/><V32/><F32/><W112/><G112/><T89/><D89/><U40/><E122/><V23/><F23/><W114/><G114/><T56/><D56/><U103/><E103/><V93/><F58/><W71/><G71/><T0/><D62/><U100/><E100/><V67/><F59/><W134/><G134/><T104/><D104/><U47/><E63/><V83/><F106/><W133/><G133/><T26/><D0/><U120/><E120/><V127/><F107/><W6/><G6/><T110/><D110/><U84/><E60/><V53/><F108/><W121/><G121/><T43/><D43/><U13/><E40/><V29/><F127/><W102/><G102/><T4/><D4/><N who="1" m="3271" /><E46/><N who="2" m="27863" /><F131/><N who="3" m="50251" /><G48/><AGARI ba="0,0" hai="17,18,47,48,52,82,84,88,96,97,98" m="3271" machi="48" ten="30,3900,0" yaku="8,1,54,2" doraHai="111,74" who="1" fromWho="3" sc="250,0,250,39,250,0,250,-39" /><INIT seed="1,0,0,1,2,105" ten="250,289,250,211" oya="1" hai0="22,54,121,26,116,12,93,111,7,95,113,4,123" hai1="55,72,90,126,73,6,102,14,8,41,106,29,44" hai2="120,89,77,74,133,134,19,30,94,80,33,84,82" hai3="112,24,31,62,28,83,135,108,85,101,107,65,42"/><U78/><E78/><V34/><F120/><N who="0" m="46154" /><D113/><U59/><E126/><V57/><F57/><W43/><G108/><T47/><D116/><U63/><E29/><V60/><F60/><W70/><G31/><T51/><D111/><U129/><E129/><V115/><F115/><W58/><G135/><N who="2" m="51721" /><F30/><W124/><G58/><T81/><D81/><U15/><E90/><N who="2" m="51463" /><F19/><W10/><G10/><N who="0" m="4167" /><D7/><U35/><E35/><V91/><F91/><W118/><G124/><T48/><D48/><U0/><E0/><V66/><F66/><W86/><G118/><T3/><D3/><U56/><E15/><V122/><F122/><W49/><G112/><T69/><D69/><U110/><E110/><V127/><F127/><W88/><G49/><T17/><AGARI ba="0,0" hai="17,22,26,47,51,54,93,95" m="4167,46154" machi="17" ten="30,1100,0" yaku="13,1" doraHai="105" who="0" fromWho="0" sc="250,11,289,-5,250,-3,211,-3" /><INIT seed="2,0,0,3,2,15" ten="261,284,247,208" oya="2" hai0="59,10,125,122,23,1,28,24,96,71,123,60,89" hai1="8,121,78,84,31,104,13,91,127,9,94,85,133" hai2="128,2,86,80,4,82,98,126,55,18,37,116,35" hai3="66,81,135,20,113,108,5,21,30,119,33,132,106"/><V120/><F116/><W26/><G66/><T83/><D71/><U77/><E104/><V0/><F120/><W102/><G81/><T45/><D125/><U99/><E127/><V43/><F126/><W16/><G102/><T72/><D45/><U63/><E133/><N who="3" m="51274" /><G106/><T79/><D10/><N who="1" m="4203" /><E31/><V130/><F35/><W47/><G47/><T103/><D1/><N who="2" m="618" /><F4/><W109/><G119/><T64/><REACH who="0" step="1"/><D89/><REACH who="0" ten="251,284,247,208" step="2"/><U111/><E121/><V107/><F130/><W118/><G118/><T11/><D11/><U87/><E111/><N who="3" m="42570" /><G113/><T88/><D88/><U27/><E78/><V36/><F128/><W51/><G51/><T112/><D112/><U97/><E77/><V69/><F69/><W56/><G56/><T90/><D90/><U52/><E99/><V95/><F98/><W58/><G58/><T57/><D57/><U50/><E50/><V48/><F48/><W40/><G5/><T3/><D3/><U100/><E91/><V65/><F37/><W6/><G6/><T124/><D124/><U32/><E97/><V110/><F110/><W70/><G70/><T49/><D49/><U68/><E68/><V134/><F134/><W105/><G105/><AGARI ba="0,1" hai="23,24,28,59,60,64,72,79,83,96,103,105,122,123" machi="105" ten="30,3900,0" yaku="1,1,7,1,53,1" doraHai="15" doraHaiUra="54" who="0" fromWho="3" sc="251,49,284,0,247,0,208,-39" /><INIT seed="3,0,0,5,1,94" ten="300,284,247,169" oya="3" hai0="18,93,19,87,5,69,45,64,82,118,127,61,41" hai1="95,42,60,54,102,83,6,104,34,130,108,36,1" hai2="65,129,44,28,56,109,27,15,17,76,57,47,3" hai3="78,37,51,10,110,24,125,53,7,22,38,120,123"/><W99/><G125/><T79/><D118/><U58/><E34/><V81/><F3/><W14/><G78/><T4/><D127/><U72/><E104/><V100/><F109/><W43/><G110/><T29/><D29/><U80/><E130/><V133/><F129/><W33/><G33/><T16/><REACH who="0" step="1"/><D93/><REACH who="0" ten="290,284,247,169" step="2"/><U103/><E108/><V26/><F28/><W97/><G38/><AGARI ba="0,1" hai="4,5,16,18,19,38,41,45,61,64,69,79,82,87" machi="38" ten="40,5200,0" yaku="1,1,2,1,54,1,53,0" doraHai="94" doraHaiUra="21" who="0" fromWho="3" sc="290,62,284,0,247,0,169,-52" owari="352,45.2,284,8.4,247,-15.3,117,-38.3" /></mjloggm>