<mjloggm ver="2.3"><GO type="169" lobby="0"/><UN n0="%45%72%77%69%6E%52%64" n1="%E5%A4%A9%E6%89%8D%E9%BA%BB%E5%B0%86%E6%99%BA%E4%B9%83" n2="%52%65%61%6C%58" n3="%E3%81%93%E3%81%9A" dan="16,16,16,17" rate="2158.43,2148.11,2177.69,2217.82" sx="M,M,F,M"/><TAIKYOKU oya="0"/><INIT seed="0,0,0,1,4,70" ten="250,250,250,250" oya="0" hai0="87,81,112,32,115,15,110,79,55,24,77,42,37" hai1="56,84,117,101,65,119,98,106,25,67,127,75,72" hai2="80,35,118,28,54,6,64,17,13,132,48,1,124" hai3="74,57,111,34,83,4,29,30,43,69,76,130,133"/><T121/><D121/><U107/><E25/><V8/><F118/><W31/><G69/><T45/><D110/><U26/><E26/><N who="2" m="18839" /><F64/><W123/><G111/><T36/><D55/><U104/><E67/><V51/><F124/><W120/><G130/><T90/><D15/><U20/><E20/><N who="2" m="11311" /><F132/><W114/><G114/><T103/><D103/><U125/><E56/><V92/><F80/><W95/><G133/><T10/><D10/><U99/><E65/><V22/><F92/><W39/><G57/><T96/><D36/><U38/><E38/><V2/><F2/><W85/><G4/><T60/><D60/><U63/><E63/><V129/><F129/><W109/><G109/><T88/><D90/><U61/><E61/><V7/><F7/><W93/><G34/><T105/><D105/><U86/><E107/><V89/><F22/><W3/><G3/><T18/><D18/><U19/><E19/><V135/><F135/><W53/><G53/><T100/><D100/><AGARI ba="0,0" hai="72,75,84,86,98,99,100,101,104,106,117,119,125,127" machi="100" ten="25,8000,1" yaku="22,2,34,3" doraHai="70" who="1" fromWho="0" sc="250,-80,250,80,250,0,250,0" /><INIT seed="1,0,0,4,3,46" ten="170,330,250,250" oya="1" hai0="10,45,40,17,68,100,11,4,89,58,37,78,51" hai1="8,19,56,28,98,79,24,0,57,93,80,50,35" hai2="110,48,102,119,87,81,32,38,33,22,123,42,30" hai3="72,26,16,14,63,6,75,66,130,25,122,86,7"/><U82/><E0/><V126/><F119/><W105/><G122/><T85/><D68/><U135/><E135/><V114/><F123/><W118/><G130/><T15/><D100/><U92/><E8/><V107/><F110/><W128/><G118/><T116/><D116/><U23/><E82/><V90/><F126/><W12/><G105/><T76/><D58/><U112/><E112/><V41/><F114/><W95/><G128/><T120/><D120/><U121/><E121/><V61/><F38/><W127/><G127/><T31/><D31/><U73/><E93/><V20/><F42/><W134/><G134/><T9/><D37/><U43/><E43/><V83/><F83/><W132/><G132/><T47/><D47/><U18/><E18/><V84/><F84/><W106/><G106/><T39/><D39/><U59/><E19/><V54/><F102/><W113/><G113/><T74/><D74/><U13/><E13/><V88/><F90/><W101/><G75/><T36/><D36/><U133/><E133/><V77/><F77/><W3/><G72/><T60/><D60/><U2/><E2/><V1/><F1/><W67/><G3/><T53/><D40/><U103/><REACH who="1" step="1"/><E35/><REACH who="1" ten="170,320,250,250" step="2"/><V34/><F107/><W117/><G117/><T115/><D115/><U91/><E91/><V111/><F33/><W55/><G16/><T109/><D109/><U27/><E27/><N who="2" m="18527" /><F34/><W52/><G95/><T99/><D17/><U129/><E129/><V29/><F111/><W44/><G26/><T70/><D10/><U5/><E5/><V62/><F41/><W69/><G25/><RYUUKYOKU ba="0,1" sc="170,-10,320,30,250,-10,250,-10" hai1="23,24,28,50,56,57,59,73,79,80,92,98,103" /><INIT seed="1,1,1,4,2,79" ten="160,350,240,240" oya="1" hai0="121,124,2,55,32,17,108,88,48,112,129,80,35" hai1="84,125,71,66,10,61,104,21,53,22,9,103,76" hai2="110,13,54,98,134,31,97,83,74,109,44,102,107" hai3="42,34,91,78,58,89,132,59,123,16,100,5,15"/><U26/><E125/><V131/><F31/><W49/><G123/><T114/><D2/><U47/><E104/><V37/><F131/><W63/><G132/><T81/><D129/><U36/><E103/><V30/><F134/><W90/><G34/><T116/><D116/><U117/><E117/><V65/><F65/><W3/><G100/><T62/><D124/><U0/><E0/><V8/><F97/><W67/><G3/><T68/><D121/><U46/><E22/><V99/><F99/><W101/><G101/><T115/><D108/><N who="2" m="41578" /><F30/><W94/><G78/><T19/><D62/><U45/><E36/><V111/><F111/><W75/><G5/><T85/><D68/><U28/><REACH who="1" step="1"/><E53/><REACH who="1" ten="160,340,240,240" step="2"/><V43/><F54/><N who="3" m="32079" /><G75/><T69/><D32/><U25/><E25/><V70/><F74/><W52/><G42/><T56/><D35/><U38/><E38/><V113/><F43/><W50/><G67/><T95/><REACH who="0" step="1"/><D69/><REACH who="0" ten="150,340,240,240" step="2"/><U119/><E119/><V64/><F70/><W11/><G63/><T6/><D6/><U51/><E51/><V87/><F37/><W127/><G127/><T86/><D86/><AGARI ba="1,3" hai="11,15,16,50,52,59,86,89,90,91,94" m="32079" machi="86" ten="30,3900,0" yaku="8,1,54,2" doraHai="79" who="3" fromWho="0" sc="150,-42,340,0,240,0,240,72" /><INIT seed="2,0,0,3,0,15" ten="108,340,240,312" oya="2" hai0="28,107,123,62,14,80,133,9,101,48,91,31,67" hai1="110,17,73,134,11,3,60,82,61,2,43,49,13" hai2="103,8,59,69,74,88,66,76,35,96,63,75,100" hai3="36,30,5,55,16,72,86,44,132,1,85,105,128"/><V120/><F120/><W70/><G70/><T83/><D123/><U114/><E114/><V51/><F35/><W81/><G105/><T40/><D133/><U131/><E134/><V33/><F33/><W77/><G30/><T94/><D107/><U106/><E106/><V108/><F108/><W64/><G64/><T102/><D31/><U130/><E110/><V21/><F8/><N who="3" m="2095" /><G55/><T104/><D28/><U93/><E93/><V45/><F76/><W124/><G124/><T46/><D104/><U89/><E2/><V121/><F121/><W111/><G128/><N who="1" m="49194" /><E3/><V56/><F100/><W84/><G132/><T34/><D34/><U127/><E127/><V112/><F103/><W6/><G6/><T18/><D101/><U126/><E126/><V19/><F112/><W24/><G111/><T95/><D102/><U109/><E109/><V129/><F129/><W115/><G115/><T90/><D94/><U29/><E29/><V38/><F38/><W37/><G37/><T116/><D116/><U119/><E119/><V65/><F65/><W7/><G7/><T58/><REACH who="0" step="1"/><D90/><REACH who="0" ten="98,340,240,312" step="2"/><U25/><E89/><V87/><F88/><W41/><G24/><T98/><AGARI ba="0,1" hai="9,14,18,40,46,48,58,62,67,80,83,91,95,98" machi="98" ten="20,12000,2" yaku="1,1,2,1,0,1,7,1,8,1,52,1,53,0" doraHai="15" doraHaiUra="135" who="0" fromWho="0" sc="98,130,340,-30,240,-60,312,-30" /><INIT seed="3,0,0,5,1,68" ten="228,310,180,282" oya="3" hai0="13,91,93,65,130,119,28,102,27,6,98,92,81" hai1="135,101,94,89,60,0,43,50,86,70,129,103,22" hai2="48,80,46,19,107,77,17,120,31,39,82,63,41" hai3="9,71,76,7,109,3,108,114,14,73,53,16,11"/><W67/><G114/><T134/><D119/><U126/><E0/><V42/><F107/><W40/><G53/><T79/><D130/><U116/><E129/><V104/><F104/><W8/><G8/><T44/><D134/><U56/><E126/><V96/><F120/><W85/><G73/><T12/><D65/><U75/><E135/><V33/><F96/><W4/><G4/><T62/><D62/><U88/><E75/><V21/><F63/><W24/><G24/><T112/><D112/><U99/><E116/><V55/><F42/><W118/><G118/><T123/><D123/><U25/><E70/><V30/><F33/><W131/><G131/><T5/><D44/><U49/><E43/><V124/><F80/><W66/><G71/><T64/><D64/><N who="1" m="38919" /><E101/><V52/><F55/><W121/><G40/><T78/><D5/><U133/><E133/><V29/><F21/><W100/><G100/><T51/><D51/><N who="1" m="19467" /><E86/><V105/><F105/><W37/><G37/><T38/><D38/><U132/><E132/><V127/><F127/><W117/><G117/><T2/><D2/><U47/><E47/><V26/><F124/><W125/><G125/><T87/><D6/><U115/><E115/><V20/><F19/><AGARI ba="0,0" hai="19,22,25,88,89,94,99,103" m="19467,38919" machi="19" ten="30,2000,0" yaku="8,1,54,1" doraHai="68" who="1" fromWho="2" sc="228,0,310,20,180,-20,282,0" /><INIT seed="4,0,0,2,4,33" ten="228,330,160,282" oya="0" hai0="112,129,108,83,15,30,63,101,17,127,32,85,107" hai1="52,120,20,113,131,48,23,29,51,99,70,41,58" hai2="50,121,106,100,126,0,125,38,22,117,82,55,123" hai3="2,87,61,10,39,134,114,46,67,72,12,119,40"/><T3/><D3/><U60/><E120/><V116/><F38/><W53/><G119/><N who="2" m="45641" /><F22/><W26/><G134/><T25/><D112/><U59/><E70/><V96/><F55/><W56/><G114/><T45/><D127/><N who="2" m="48650" /><F50/><W124/><G72/><T19/><D129/><U115/><E131/><V88/><F0/><W97/><G97/><T102/><D107/><U65/><E29/><V77/><F88/><W13/><G26/><T47/><D108/><U16/><E115/><V135/><F135/><W68/><G124/><T35/><D35/><U110/><E110/><V31/><F31/><W54/><G54/><T27/><D63/><U89/><E113/><V122/><F122/><W94/><G2/><T34/><D45/><N who="1" m="25647" /><E16/><V8/><F8/><W7/><G13/><T79/><D47/><U109/><E109/><V92/><F92/><AGARI ba="0,0" hai="20,23,51,52,58,59,60,65,89,92,99" m="25647" machi="92" ten="30,2000,0" yaku="8,1,54,1" doraHai="33" who="1" fromWho="2" sc="228,0,330,20,160,-20,282,0" /><INIT seed="5,0,0,2,1,87" ten="228,350,140,282" oya="1" hai0="39,122,96,40,28,124,49,113,45,21,47,118,121" hai1="112,57,10,97,107,62,42,99,129,131,52,104,73" hai2="1,7,92,32,59,90,68,50,74,16,37,133,89" hai3="125,105,38,58,17,31,100,135,126,23,25,101,66"/><U120/><E120/><N who="0" m="46185" /><D118/><U29/><E73/><V48/><F68/><W102/><G135/><T13/><D96/><N who="1" m="36939" /><E112/><V117/><F117/><W84/><G38/><T8/><D113/><U98/><E29/><V75/><F37/><W63/><G105/><T76/><D76/><U114/><E114/><V95/><F32/><W91/><REACH who="3" step="1"/><G31/><REACH who="3" ten="228,350,140,272" step="2"/><T130/><D28/><U19/><E104/><V132/><F7/><W115/><G115/><T85/><D39/><U3/><E107/><V103/><F1/><W78/><G78/><T119/><D119/><U60/><E3/><V34/><F103/><W51/><G51/><T83/><D49/><U41/><E131/><V79/><F79/><W70/><G70/><T110/><D130/><U36/><E129/><V2/><F2/><W106/><G106/><T86/><D110/><U35/><E36/><V44/><F59/><W5/><G5/><T46/><D46/><U108/><E108/><V43/><F34/><W27/><G27/><T15/><D47/><U14/><E35/><V72/><F16/><W24/><G24/><T88/><D45/><U128/><E128/><V22/><F22/><W9/><G9/><T20/><D8/><U0/><E0/><V53/><F43/><W33/><G33/><T94/><D40/><U116/><E116/><V77/><F77/><W81/><AGARI ba="0,1" hai="17,23,25,58,63,66,81,84,91,100,101,102,125,126" machi="81" ten="30,4000,0" yaku="1,1,0,1,52,1,53,0" doraHai="87" doraHaiUra="6" who="3" fromWho="3" sc="228,-10,350,-20,140,-10,272,50" /><INIT seed="6,0,0,4,3,60" ten="218,330,130,322" oya="2" hai0="79,122,17,99,118,5,75,58,62,24,72,28,74" hai1="53,44,49,36,121,116,135,14,119,111,92,109,77" hai2="102,34,110,84,66,55,61,19,112,125,2,89,51" hai3="16,33,100,104,114,15,98,107,69,48,133,105,127"/><V126/><F112/><W0/><G0/><T91/><D122/><U6/><E77/><V93/><F34/><W8/><G114/><T11/><D118/><N who="1" m="45099" /><E92/><V82/><F2/><W71/><G127/><N who="2" m="48649" /><F110/><N who="1" m="41993" /><E14/><V59/><F19/><W50/><G133/><T83/><D17/><U12/><E12/><V65/><F51/><W97/><G33/><T9/><D91/><U38/><E6/><V80/><F102/><W132/><G132/><T46/><D99/><U85/><E85/><N who="2" m="52399" /><F82/><W7/><G7/><T131/><D9/><U41/><E135/><V95/><F95/><W52/><G50/><T22/><D11/><U47/><E121/><V26/><F26/><W134/><G134/><T88/><D5/><U87/><E87/><V32/><F32/><W103/><G105/><T81/><D46/><AGARI ba="0,0" hai="8,15,16,46,48,52,69,71,97,98,100,103,104,107" machi="46" ten="30,7700,0" yaku="7,1,9,1,54,2" doraHai="60" who="3" fromWho="0" sc="218,-77,330,0,130,0,322,77" /><INIT seed="7,0,0,4,0,62" ten="141,330,130,399" oya="3" hai0="112,129,133,21,98,81,125,72,37,32,5,89,109" hai1="103,73,20,93,68,43,55,26,117,84,118,25,78" hai2="128,131,127,65,113,119,40,49,90,106,34,64,102" hai3="15,10,124,16,74,111,108,28,91,46,56,41,23"/><W80/><G124/><T13/><D32/><U96/><E73/><V6/><F119/><W79/><G91/><T86/><D109/><N who="3" m="42057" /><G56/><T33/><D33/><U67/><E43/><V36/><F34/><W31/><G10/><T18/><D37/><AGARI ba="0,0" hai="15,16,23,28,31,37,41,46,74,79,80" m="42057" machi="37" ten="30,2900,0" yaku="10,1,54,1" doraHai="62" who="3" fromWho="0" sc="141,-29,330,0,130,0,399,29" owari="112,-38.8,330,13.0,130,-27.0,428,52.8" /></mjloggm>