<mjloggm ver="2.3"><GO type="225" lobby="0"/><UN n0="%E6%9C%88%E5%B3%B6%E5%9F%BA" n1="%E7%B4%94%E6%BD%94%E3%83%94%E3%83%A9%E3%83%8B%E3%82%A2" n2="%33%74%72%65%65" n3="%E3%82%A2%E3%83%9E%E3%83%9D%EF%BD%9E%EF%BD%9E%E3%83%A9" dan="17,16,17,17" rate="2221.99,2182.79,2161.30,2101.03" sx="M,M,F,M"/><TAIKYOKU oya="0"/><INIT seed="0,0,0,0,0,13" ten="250,250,250,250" oya="0" hai0="51,118,74,55,99,53,77,41,78,127,48,79,10" hai1="71,16,124,85,106,86,36,19,57,15,116,131,82" hai2="33,20,103,0,1,93,17,58,70,91,107,73,122" hai3="123,63,100,30,114,87,66,25,50,65,128,22,28"/><T35/><D118/><U133/><E71/><V24/><F122/><W21/><G123/><T102/><D35/><U98/><E36/><V5/><F70/><W47/><G128/><T112/><D112/><U109/><E131/><V92/><F73/><W81/><G100/><T37/><D127/><U72/><E124/><V97/><F33/><W120/><G114/><T80/><D37/><U64/><E116/><V126/><F126/><W60/><G120/><T95/><D41/><U132/><E109/><V3/><F58/><W29/><G63/><T129/><D129/><U101/><E72/><V104/><REACH who="2" step="1"/><F5/><REACH who="2" ten="250,250,240,250" step="2"/><W46/><G46/><T18/><D74/><U119/><E119/><V94/><F94/><W115/><G115/><T108/><D108/><U6/><E57/><V69/><F69/><W135/><G135/><N who="1" m="51786" /><E85/><AGARI ba="0,1" hai="0,1,3,17,20,24,85,91,92,93,97,103,104,107" machi="85" ten="40,5200,0" yaku="1,1,52,1,53,1" doraHai="13" doraHaiUra="84" who="2" fromWho="1" sc="250,0,250,-52,240,62,250,0" /><INIT seed="1,0,0,4,2,65" ten="250,198,302,250" oya="1" hai0="96,105,32,1,84,27,69,103,43,126,127,91,89" hai1="131,29,47,99,92,8,59,25,50,78,37,134,31" hai2="34,121,23,75,106,3,120,85,40,118,12,129,133" hai3="5,28,24,81,21,86,82,18,122,35,108,19,53"/><U52/><E131/><V109/><RYUUKYOKU type="yao9" ba="0,0" sc="250,0,198,0,302,0,250,0" hai2="3,12,23,34,40,75,85,106,109,118,120,121,129,133" /><INIT seed="1,1,0,0,5,132" ten="250,198,302,250" oya="1" hai0="90,74,119,95,4,10,11,52,53,117,30,92,18" hai1="106,27,73,26,19,23,134,63,9,115,65,112,42" hai2="102,122,84,8,64,50,75,103,135,38,130,44,2" hai3="97,21,61,108,37,60,13,120,43,25,51,98,91"/><U111/><E134/><V14/><F122/><W3/><G3/><T86/><D74/><U81/><E106/><V131/><F75/><W70/><G108/><T40/><D30/><U100/><E100/><V28/><F135/><W33/><G37/><T125/><D40/><U72/><E72/><V7/><F38/><W94/><G33/><T78/><D78/><U31/><E42/><N who="2" m="24855" /><F28/><W93/><G70/><T80/><D125/><U1/><E111/><V113/><F113/><W68/><G68/><T6/><D18/><U104/><E104/><V99/><F64/><W12/><G51/><T66/><D66/><U57/><E1/><V36/><F36/><W124/><G124/><T121/><D121/><U56/><E56/><V128/><F99/><W114/><G43/><T41/><D41/><U127/><E127/><V39/><F39/><W16/><G114/><T29/><D29/><U47/><E47/><V15/><F84/><W69/><G120/><T82/><D86/><U107/><E107/><V49/><F49/><W110/><G110/><T116/><D116/><U105/><E105/><V87/><F87/><W101/><G69/><T20/><D90/><U123/><E123/><V109/><F109/><W0/><G0/><T34/><D34/><U79/><REACH who="1" step="1"/><E9/><REACH who="1" ten="250,188,302,250" step="2"/><N who="2" m="4415" /><F2/><W88/><G101/><T83/><D11/><U48/><E48/><V59/><F59/><W24/><G21/><AGARI ba="1,1" hai="19,21,23,26,27,31,57,63,65,73,79,81,112,115" machi="21" ten="30,2900,0" yaku="1,1,7,1,53,0" doraHai="132" doraHaiUra="5" who="1" fromWho="3" sc="250,0,188,42,302,0,250,-32" /><INIT seed="1,2,0,0,1,58" ten="250,230,302,218" oya="1" hai0="86,79,2,16,21,35,32,116,14,56,54,47,130" hai1="72,30,6,111,83,38,4,108,127,25,100,57,24" hai2="0,119,99,40,50,33,22,120,77,29,65,36,135" hai3="107,81,55,121,115,7,27,106,18,70,41,45,122"/><U42/><E100/><V84/><F119/><W11/><G115/><T95/><D116/><U85/><E72/><V46/><F120/><W17/><G70/><T113/><D113/><U20/><E127/><V71/><F0/><W104/><G55/><T91/><D2/><U109/><E38/><V48/><F135/><W96/><G96/><T67/><D130/><U131/><E131/><V133/><F133/><W10/><G81/><T82/><D47/><U112/><E112/><V73/><F33/><W28/><G28/><T15/><D15/><U89/><E42/><V126/><F73/><W51/><G27/><T132/><D67/><U98/><E98/><V9/><F9/><W37/><G37/><T60/><REACH who="0" step="1"/><D132/><REACH who="0" ten="240,230,302,218" step="2"/><U52/><REACH who="1" step="1"/><E24/><REACH who="1" ten="240,220,302,218" step="2"/><V59/><F126/><W94/><G122/><T80/><D80/><U34/><E34/><V19/><F36/><W66/><G121/><T105/><D105/><U23/><E23/><V78/><F22/><W117/><G117/><T26/><D26/><U88/><E88/><V63/><F77/><W101/><G106/><T93/><D93/><U128/><E128/><V110/><F78/><W43/><G107/><T76/><D76/><U90/><E90/><V125/><F125/><W129/><G104/><T118/><D118/><U39/><E39/><V87/><F40/><W61/><G129/><T92/><D92/><U53/><E53/><V74/><F74/><AGARI ba="2,2" hai="14,16,21,32,35,54,56,60,74,79,82,86,91,95" machi="74" ten="30,7700,0" yaku="1,1,7,1,52,1,54,1,53,0" doraHai="58" doraHaiUra="5" who="0" fromWho="2" sc="240,103,220,0,302,-83,218,0" /><INIT seed="2,0,0,5,2,19" ten="343,220,219,218" oya="2" hai0="109,120,87,7,32,118,25,91,28,13,126,20,101" hai1="14,104,2,12,51,86,79,26,43,8,39,63,74" hai2="40,102,107,112,35,10,92,37,17,22,9,60,58" hai3="21,97,68,49,122,1,24,115,128,48,135,16,99"/><V106/><F112/><W0/><G122/><T73/><D73/><U108/><E108/><V29/><F35/><W33/><G115/><T124/><D120/><U103/><E39/><V89/><F29/><W94/><G128/><T38/><D38/><U41/><E74/><V88/><F107/><W71/><G135/><T44/><D109/><U95/><E2/><V100/><F106/><W64/><G33/><T75/><D75/><U81/><E104/><V50/><F37/><W90/><G99/><T117/><D44/><U61/><E26/><N who="2" m="14671" /><F50/><W54/><G49/><T114/><D101/><N who="2" m="39018" /><F40/><N who="1" m="15433" /><E51/><V70/><F70/><W93/><G93/><N who="0" m="54527" /><D114/><U76/><E76/><V36/><F36/><W27/><G27/><T23/><D32/><U65/><E65/><N who="2" m="39063" /><F89/><W84/><G71/><T52/><D118/><U72/><E72/><V82/><F82/><W129/><G129/><T110/><D110/><U45/><E45/><V56/><F56/><W59/><REACH who="3" step="1"/><G84/><AGARI ba="0,0" hai="9,10,84,88,92" m="39063,39018,14671" machi="84" ten="30,5800,0" yaku="8,1,52,1,54,1" doraHai="19" who="2" fromWho="3" sc="343,0,220,0,219,58,218,-58" /><INIT seed="2,1,0,2,5,94" ten="343,220,277,160" oya="2" hai0="125,37,55,47,40,112,95,39,98,10,132,68,61" hai1="44,17,16,2,8,110,133,106,122,33,96,92,70" hai2="86,123,113,19,84,71,27,85,74,52,26,6,100" hai3="18,1,114,23,62,48,124,45,5,103,79,20,29"/><V135/><F113/><W108/><G114/><T11/><D112/><U7/><E70/><V90/><F123/><W121/><G121/><T53/><D39/><U89/><E122/><V115/><F115/><W134/><G108/><T99/><D125/><U57/><E110/><V88/><F74/><W46/><G124/><T42/><D132/><U36/><E33/><V31/><F71/><W65/><G134/><T107/><D42/><U43/><E133/><V105/><F6/><W118/><G118/><T80/><D80/><U24/><E24/><V93/><F105/><W82/><G103/><T13/><D11/><U49/><E106/><V119/><F119/><W32/><G23/><T109/><D109/><U22/><E22/><N who="2" m="15831" /><F135/><W50/><G29/><T128/><D128/><U117/><E117/><V51/><F19/><W91/><G32/><T120/><D120/><U12/><REACH who="1" step="1"/><E2/><REACH who="1" ten="343,210,277,160" step="2"/><V111/><F27/><W81/><G1/><T14/><D68/><U130/><E130/><V38/><F111/><W66/><G20/><T75/><D107/><U41/><E41/><V67/><F38/><W0/><G0/><T34/><D40/><U64/><E64/><V104/><F67/><W97/><G66/><T127/><D37/><U30/><E30/><V25/><F25/><W126/><G65/><T15/><D34/><U63/><E63/><V73/><F104/><W131/><G131/><T54/><D61/><U101/><E101/><V9/><F100/><W102/><G102/><T60/><D60/><U28/><E28/><V116/><F116/><W69/><G69/><T78/><D127/><RYUUKYOKU ba="1,1" sc="343,-10,210,30,277,-10,160,-10" hai1="7,8,12,16,17,36,43,44,49,57,89,92,96" /><INIT seed="3,2,1,4,4,13" ten="333,240,267,150" oya="3" hai0="97,74,67,2,66,49,39,75,100,122,90,111,45" hai1="123,101,72,88,127,82,43,60,25,7,46,26,126" hai2="52,63,114,130,30,91,11,113,94,62,70,4,38" hai3="132,22,23,28,83,119,128,105,33,99,9,109,73"/><W98/><G119/><T55/><D122/><U10/><E101/><V57/><F38/><W108/><G128/><T24/><D2/><N who="1" m="375" /><E60/><V107/><F107/><W80/><G132/><T31/><D39/><N who="1" m="21887" /><E123/><V120/><F120/><W116/><G116/><T48/><D111/><N who="3" m="42569" /><G9/><T44/><D90/><U124/><E72/><V20/><F130/><W89/><G33/><T121/><D75/><U53/><E53/><V6/><F6/><W92/><G28/><T85/><D85/><AGARI ba="2,1" hai="25,26,82,85,88,124,126,127" m="21887,375" machi="85" ten="30,2000,0" yaku="18,1,54,1" doraHai="13" who="1" fromWho="0" sc="333,-26,240,36,267,0,150,0" owari="307,40.7,276,7.6,267,-13.3,150,-35.0" /></mjloggm>