<mjloggm ver="2.3"><GO type="169" lobby="0"/><UN n0="%E4%B8%89%E6%B2%B3%E5%B1%8B%E3%81%AE%E3%82%B5%E3%83%96" n1="%E3%82%A2%E3%83%B3%E3%81%95%E3%82%93" n2="%4B%6F%74%61%38%31%36" n3="%E3%81%9B%E3%81%A9%E3%81%AA%E3%82%8A%E3%81%82%E3%82%93" dan="16,18,17,17" rate="2143.95,2200.44,2177.57,2208.19" sx="M,M,M,F"/><TAIKYOKU oya="0"/><INIT seed="0,0,0,2,5,51" ten="250,250,250,250" oya="0" hai0="92,59,108,12,74,9,131,39,61,133,85,103,96" hai1="8,90,55,95,24,18,127,57,31,106,99,7,20" hai2="63,2,27,119,102,66,72,35,70,79,109,75,3" hai3="28,56,40,46,19,80,93,6,89,120,116,122,25"/><T94/><D74/><U15/><E127/><V54/><F109/><W30/><G116/><T111/><D39/><U110/><E110/><N who="0" m="42025" /><D131/><U132/><E132/><V44/><F119/><W134/><G6/><N who="0" m="3127" /><D133/><U100/><E106/><V130/><F130/><W17/><G80/><T32/><D32/><U0/><E0/><V47/><F47/><W77/><G77/><T52/><D85/><U84/><E84/><V36/><F75/><W41/><G134/><T11/><D11/><U33/><E33/><V21/><F35/><W38/><G38/><T10/><D10/><U62/><REACH who="1" step="1"/><E100/><REACH who="1" ten="250,240,250,250" step="2"/><V29/><F2/><W67/><G122/><T123/><D123/><U4/><AGARI ba="0,1" hai="4,7,8,15,18,20,24,31,55,57,62,90,95,99" machi="4" ten="30,8000,1" yaku="1,1,2,1,0,1,8,1,52,1,53,0" doraHai="51" doraHaiUra="65" who="1" fromWho="1" sc="250,-40,240,90,250,-20,250,-20" /><INIT seed="1,0,0,1,5,67" ten="210,330,230,230" oya="1" hai0="83,117,114,97,77,12,129,52,17,68,1,89,85" hai1="42,10,94,40,53,27,84,109,69,99,72,56,24" hai2="7,50,112,5,46,121,19,41,131,22,78,115,75" hai3="105,18,71,20,127,79,55,123,76,70,81,9,108"/><U65/><E72/><V90/><F121/><W66/><G123/><T3/><D114/><N who="2" m="43562" /><F131/><W54/><G105/><T96/><D117/><U59/><E109/><V125/><F125/><W60/><G108/><T120/><D120/><U16/><E69/><V118/><F118/><W119/><G119/><T122/><D122/><U57/><E65/><V0/><F0/><W49/><G127/><T34/><D34/><U38/><E38/><V124/><F124/><W58/><G9/><T28/><D28/><U21/><E84/><V100/><F100/><W98/><G98/><T64/><D129/><U44/><E10/><V88/><F78/><W11/><G11/><T103/><D97/><U73/><E73/><V45/><F45/><W82/><G55/><T104/><D52/><U26/><E53/><V80/><F75/><W36/><G36/><T106/><D106/><U126/><E126/><V47/><F47/><W25/><G81/><T37/><D37/><U133/><E133/><V32/><F32/><W111/><G111/><T134/><D134/><U101/><REACH who="1" step="1"/><E44/><REACH who="1" ten="210,320,230,230" step="2"/><V15/><F80/><W43/><G43/><AGARI ba="0,1" hai="16,21,24,26,27,40,42,43,56,57,59,94,99,101" machi="43" ten="40,12000,1" yaku="1,1,2,1,8,1,54,1,53,0" doraHai="67" doraHaiUra="51" who="1" fromWho="3" sc="210,0,320,130,230,0,230,-120" /><INIT seed="1,1,0,5,5,114" ten="210,450,230,110" oya="1" hai0="3,38,41,86,107,22,45,58,44,90,108,42,131" hai1="46,73,56,118,48,97,78,12,31,76,92,57,70" hai2="71,84,4,110,91,7,5,65,122,13,43,1,106" hai3="115,98,82,24,77,111,18,85,49,124,120,66,104"/><U72/><E70/><V113/><F1/><W96/><G120/><T94/><D108/><U6/><E31/><V30/><F122/><W37/><G37/><T126/><D131/><U117/><E12/><V75/><F75/><W17/><G115/><T2/><D126/><U9/><E9/><V52/><F113/><W23/><G111/><T74/><D107/><U33/><E33/><V20/><F106/><W27/><G124/><T123/><D123/><U130/><E6/><V63/><F43/><W112/><G112/><T19/><D58/><U50/><E92/><V14/><F110/><W93/><G104/><T133/><D74/><U95/><E95/><V80/><F30/><W47/><G66/><T129/><D133/><U132/><E46/><V25/><F25/><W34/><G34/><T79/><D79/><U26/><E26/><V88/><F20/><W55/><REACH who="3" step="1"/><G93/><REACH who="3" ten="210,450,230,100" step="2"/><T8/><D129/><U105/><E105/><V11/><F11/><W127/><G127/><T51/><REACH who="0" step="1"/><D8/><REACH who="0" ten="200,450,230,100" step="2"/><U102/><E130/><V40/><F65/><W99/><G99/><T121/><D121/><U0/><E97/><V101/><F84/><W87/><G87/><T39/><D39/><U67/><E73/><V62/><F71/><W28/><G28/><T116/><D116/><U134/><E72/><V103/><F7/><W21/><AGARI ba="1,2" hai="17,18,21,23,24,27,47,49,55,77,82,85,96,98" machi="21" ten="30,7900,0" yaku="1,1,0,1,9,1,8,1,53,0" doraHai="114" doraHaiUra="36" who="3" fromWho="3" sc="200,-21,450,-40,230,-21,100,102" /><INIT seed="2,0,0,0,1,60" ten="179,410,209,202" oya="2" hai0="125,50,101,135,0,78,68,81,15,124,100,27,24" hai1="103,119,19,114,116,99,3,74,105,33,121,109,87" hai2="45,62,35,95,86,92,42,46,115,67,4,57,61" hai3="22,20,80,108,102,71,73,112,2,56,84,82,64"/><V40/><F115/><W110/><G2/><T18/><D0/><U47/><E109/><N who="3" m="42090" /><G71/><T48/><D68/><U83/><E114/><V39/><F35/><W130/><G112/><T93/><D135/><U123/><E3/><V66/><F4/><W37/><G37/><T23/><D93/><U129/><E33/><V30/><F30/><W29/><G102/><N who="0" m="39531" /><D48/><U32/><E74/><V12/><F12/><W26/><G130/><T89/><D50/><U97/><E32/><V13/><F13/><W17/><G73/><N who="0" m="43215" /><D89/><U77/><E129/><V117/><F86/><W55/><G84/><T127/><AGARI ba="0,0" hai="15,18,23,24,27,124,125,127" m="43215,39531" machi="127" ten="40,1500,0" yaku="18,1" doraHai="60" who="0" fromWho="0" sc="179,15,410,-4,209,-7,202,-4" /><INIT seed="3,0,0,5,4,23" ten="194,406,202,198" oya="3" hai0="108,33,55,13,91,14,105,5,21,111,16,134,80" hai1="93,15,43,81,36,65,51,87,85,52,77,38,26" hai2="69,28,56,74,96,115,128,12,123,39,18,101,53" hai3="29,97,37,10,132,75,54,11,66,90,135,57,73"/><W130/><G37/><T133/><D105/><U24/><E38/><V113/><F74/><N who="3" m="28171" /><G66/><T30/><D55/><U1/><E1/><V20/><F39/><W31/><G97/><T60/><D60/><U126/><E126/><V76/><F76/><W58/><G90/><T34/><D80/><U102/><E36/><V7/><F69/><W95/><G95/><T22/><D91/><N who="1" m="53487" /><E102/><V59/><F123/><W27/><G130/><T120/><D120/><U63/><E15/><V107/><F128/><W3/><G3/><T119/><D119/><U125/><E125/><V98/><F98/><W46/><G46/><T89/><D89/><U99/><E99/><V110/><F56/><N who="3" m="21611" /><G54/><T82/><D82/><U67/><E43/><V104/><F104/><W8/><G27/><N who="1" m="10282" /><E63/><V45/><F107/><W131/><G131/><T44/><D44/><AGARI ba="0,0" hai="44,51,52,65,67,77,81,87" m="10282,53487" machi="44" ten="30,8000,1" yaku="8,1,52,3,54,1" doraHai="23" who="1" fromWho="0" sc="194,-80,406,80,202,0,198,0" /><INIT seed="4,0,0,2,1,74" ten="114,486,202,198" oya="0" hai0="109,105,84,10,75,55,112,41,48,89,86,100,103" hai1="101,117,39,115,88,68,52,44,37,19,26,79,126" hai2="38,99,132,85,62,111,16,131,4,9,108,66,110" hai3="97,128,122,5,7,15,114,106,121,3,129,72,21"/><T58/><D75/><U31/><E117/><V36/><F131/><N who="3" m="50251" /><G72/><T11/><D112/><U92/><E68/><V18/><F132/><W14/><G106/><T13/><D109/><U135/><E101/><N who="0" m="38985" /><D105/><U43/><E37/><V40/><F99/><W83/><G97/><T73/><D73/><U25/><E135/><V57/><F85/><N who="0" m="32874" /><D41/><U113/><E39/><V81/><F81/><W24/><G83/><T120/><D120/><N who="3" m="46185" /><G114/><T76/><D89/><U70/><E88/><V28/><F28/><N who="3" m="17423" /><G3/><T77/><D10/><U133/><E113/><V35/><F38/><W56/><G56/><T119/><D119/><U65/><E115/><V1/><F36/><W127/><G127/><T51/><D51/><U80/><E70/><V23/><F108/><W0/><G0/><T27/><D27/><U67/><E25/><V116/><F110/><W34/><G34/><T47/><D47/><U42/><E126/><V104/><F35/><W59/><G59/><T32/><D32/><U30/><E26/><V94/><F104/><W134/><G134/><T63/><D63/><U125/><E133/><V8/><F111/><W53/><G53/><T20/><D20/><U130/><E125/><V96/><F116/><W64/><G64/><T12/><D12/><AGARI ba="0,0" hai="5,7,12,14,15" m="17423,46185,50251" machi="12" ten="30,7700,0" yaku="19,1,13,1,34,2" doraHai="74" who="3" fromWho="0" sc="114,-77,486,0,202,0,198,77" /><INIT seed="5,0,0,5,1,84" ten="37,486,202,275" oya="1" hai0="26,20,115,73,41,49,3,8,68,29,109,89,114" hai1="80,91,113,99,75,7,39,11,37,117,47,119,134" hai2="118,70,50,28,135,35,81,33,106,77,82,23,54" hai3="13,46,63,21,131,25,6,128,120,107,83,14,5"/><U94/><E113/><V62/><F118/><W125/><G107/><T110/><D68/><U87/><E134/><V130/><F106/><W59/><G120/><T96/><D73/><U105/><E105/><V55/><F130/><N who="3" m="49707" /><G46/><T18/><D41/><U30/><E30/><V112/><F135/><W16/><G83/><T93/><D49/><U132/><E75/><V24/><F81/><W133/><G133/><T32/><D115/><U19/><E132/><V61/><F112/><W129/><N who="3" m="49715" /><W66/><DORA hai="44" /><G125/><T38/><D38/><U42/><E37/><V101/><F101/><W78/><G78/><T126/><D126/><U31/><E19/><V57/><F62/><W72/><G72/><T90/><D114/><U86/><E31/><V124/><F124/><W12/><AGARI ba="0,0" hai="5,6,12,13,14,16,21,25,59,63,66" m="49715" machi="12" ten="50,3200,0" yaku="19,1,54,1" doraHai="84,44" who="3" fromWho="3" sc="37,-8,486,-16,202,-8,275,32" /><INIT seed="6,0,0,0,1,60" ten="29,470,194,307" oya="2" hai0="111,98,70,63,101,34,14,66,37,131,0,129,83" hai1="78,11,86,55,17,84,9,53,39,50,105,10,90" hai2="13,97,46,99,123,51,127,62,115,24,107,68,2" hai3="35,69,103,112,102,133,119,87,54,76,16,8,81"/><V36/><F2/><W126/><G119/><T116/><D111/><U33/><E39/><V121/><F36/><W128/><G35/><T65/><D116/><U22/><E105/><V132/><F115/><W94/><G69/><T31/><D0/><U47/><E33/><V77/><F132/><W135/><G126/><T125/><D125/><U7/><E7/><V28/><F127/><W85/><G128/><T122/><D122/><U79/><E55/><V89/><F77/><W75/><G54/><T44/><D14/><U4/><E4/><V40/><F13/><N who="3" m="7207" /><G112/><T92/><D83/><U106/><E106/><V67/><F89/><N who="3" m="53551" /><G75/><T20/><D20/><U118/><E118/><V61/><F61/><W49/><G49/><T72/><D72/><U6/><E6/><V52/><F40/><W48/><G48/><T130/><D70/><U56/><E79/><V57/><F68/><W114/><G114/><T42/><REACH who="0" step="1"/><D63/><REACH who="0" ten="19,470,194,307" step="2"/><U96/><E22/><V23/><REACH who="2" step="1"/><F107/><REACH who="2" ten="19,470,184,307" step="2"/><W124/><G124/><T3/><D3/><U32/><E78/><V18/><F18/><W19/><G19/><T104/><D104/><U30/><E17/><V109/><F109/><W5/><G5/><T45/><D45/><U82/><E47/><V113/><F113/><W88/><G76/><T38/><D38/><U108/><E108/><V93/><F93/><W64/><G133/><T74/><D74/><U43/><E82/><V95/><F95/><W41/><G135/><T91/><D91/><U25/><E43/><V12/><F12/><W100/><G41/><T110/><D110/><U73/><E73/><RYUUKYOKU ba="0,2" sc="19,0,470,0,184,0,307,0" hai0="31,34,37,42,44,65,66,92,98,101,129,130,131" hai1="9,10,11,25,30,32,50,53,56,84,86,90,96" hai2="23,24,28,46,51,52,57,62,67,97,99,121,123" hai3="64,81,87,88,100,102,103" /><INIT seed="6,1,2,5,4,69" ten="19,470,184,307" oya="2" hai0="113,6,39,62,24,67,28,23,93,98,38,9,44" hai1="117,126,102,81,135,123,3,40,52,119,64,121,11" hai2="116,48,43,21,92,101,1,59,17,50,133,26,132" hai3="54,88,106,32,85,55,47,4,122,35,82,70,75"/><V94/><F1/><W56/><G70/><T71/><D44/><U12/><E3/><V78/><F116/><W79/><G122/><N who="1" m="46602" /><E135/><N who="2" m="51787" /><F78/><W96/><G47/><T134/><D113/><U0/><E0/><V91/><F43/><W99/><G4/><T127/><D127/><U42/><E64/><V86/><F59/><W45/><G45/><T105/><D105/><U80/><E102/><V66/><F66/><W7/><G7/><T114/><D114/><U104/><E126/><V130/><F130/><W60/><G54/><T120/><D120/><U129/><E52/><V2/><F2/><W51/><G60/><T131/><D131/><U112/><E112/><V68/><F68/><W18/><G18/><T84/><D84/><U89/><E42/><V125/><F125/><W111/><G99/><AGARI ba="1,2" hai="17,21,26,48,50,86,91,92,94,99,101" m="51787" machi="99" ten="30,1500,0" yaku="20,1" doraHai="69" who="2" fromWho="3" sc="19,0,470,0,184,38,307,-18" /><INIT seed="6,2,0,1,2,100" ten="19,470,222,289" oya="2" hai0="82,76,67,102,35,92,42,72,124,50,133,36,122" hai1="112,131,70,87,1,57,132,45,30,51,29,80,53" hai2="41,11,98,71,96,22,94,74,66,34,15,27,28" hai3="118,16,26,19,12,103,73,134,77,31,39,69,64"/><V7/><F74/><W117/><G39/><T2/><D50/><U115/><E70/><V32/><F41/><W55/><G134/><T105/><D67/><U37/><E1/><V43/><F43/><W49/><G103/><T40/><D40/><N who="1" m="22671" /><E131/><V130/><F130/><W68/><G19/><T129/><D42/><U18/><E18/><V114/><F114/><N who="1" m="43561" /><E132/><V119/><F119/><W93/><G93/><T120/><D35/><U38/><E38/><V107/><F71/><W5/><G5/><T48/><D48/><U17/><E17/><V101/><REACH who="2" step="1"/><F66/><REACH who="2" ten="19,470,212,289" step="2"/><W95/><G64/><T85/><D36/><U78/><AGARI ba="2,1" hai="29,30,51,53,57,78,80,87" m="43561,22671" machi="78" ten="30,1100,0" yaku="15,1" doraHai="100" who="1" fromWho="1" sc="19,-5,470,27,212,-7,289,-5" /><INIT seed="7,0,0,0,4,118" ten="14,497,205,284" oya="3" hai0="116,99,84,43,15,34,133,21,49,30,94,80,61" hai1="63,87,39,95,123,102,129,32,105,3,122,4,72" hai2="67,46,60,91,7,53,111,17,135,100,124,115,22" hai3="20,69,33,16,5,119,9,44,70,127,131,101,96"/><W26/><G119/><T54/><D116/><U41/><E72/><V8/><F111/><W11/><G127/><T79/><D34/><U58/><E105/><V62/><F124/><W76/><G131/><T51/><D133/><U35/><E35/><V112/><F135/><W0/><G76/><T68/><D68/><U29/><E41/><V106/><F91/><W1/><G44/><T110/><D110/><U98/><E39/><V42/><F53/><W66/><G66/><T97/><D97/><U125/><E87/><V31/><F31/><W83/><G83/><T128/><D128/><U117/><E117/><V27/><F100/><W6/><REACH who="3" step="1"/><G33/><REACH who="3" ten="14,497,205,274" step="2"/><T77/><D77/><U107/><E32/><V65/><F65/><W81/><G81/><T88/><D43/><U109/><E129/><V45/><F45/><W14/><G14/><T23/><D23/><U59/><E125/><V19/><F22/><W75/><G75/><T85/><D99/><U57/><E109/><V134/><F134/><W93/><AGARI ba="0,1" hai="0,1,5,6,9,11,16,20,26,69,70,93,96,101" machi="93" ten="20,12000,1" yaku="1,1,0,1,7,1,9,1,54,1,53,0" doraHai="118" doraHaiUra="56" who="3" fromWho="3" sc="14,-40,497,-40,205,-40,274,130" owari="-26,-52.6,457,55.7,165,-23.5,404,20.4" /></mjloggm>