<mjloggm ver="2.3"><GO type="169" lobby="0"/><UN n0="%E3%81%9F%E3%81%AA%E3%81%8B%E6%95%99%E7%A5%96" n1="%43%68%61%72%6F%2E" n2="%E6%8C%91%E6%88%A6%E8%80%85%EF%BC%81" n3="%E3%80%90%E3%83%A1%E3%82%BF%E3%83%A9%E3%83%BC%E3%80%91" dan="17,17,17,17" rate="2172.99,2191.58,2180.70,2146.13" sx="M,M,M,M"/><TAIKYOKU oya="0"/><INIT seed="0,0,0,4,3,2" ten="250,250,250,250" oya="0" hai0="92,62,79,96,88,97,78,53,76,120,75,6,128" hai1="37,46,9,36,48,12,0,105,133,84,35,107,116" hai2="93,11,67,10,64,25,22,7,71,89,38,82,70" hai3="131,83,127,102,23,129,135,124,118,40,72,8,65"/><T56/><D120/><U114/><E116/><V117/><F38/><W100/><G118/><T17/><D128/><N who="3" m="49225" /><G40/><T63/><D75/><U49/><E0/><V3/><F117/><W74/><G65/><T73/><D73/><N who="3" m="28265" /><G23/><T31/><D31/><U28/><E28/><V111/><F111/><W24/><G24/><T45/><D45/><U108/><E35/><V68/><F82/><W104/><G8/><T134/><D134/><U18/><E133/><V47/><F10/><W42/><G42/><T52/><D17/><U110/><E48/><V132/><F47/><W66/><G66/><T15/><D97/><U59/><E84/><V30/><REACH who="2" step="1"/><F132/><REACH who="2" ten="250,250,240,250" step="2"/><W87/><G135/><T95/><D95/><U94/><E94/><V69/><N who="2" m="17408" /><DORA hai="101" /><V86/><AGARI ba="0,1" hai="3,7,11,22,25,30,64,67,86,89,93" m="17408" machi="86" ten="60,8000,1" yaku="1,1,4,1,0,1,52,1,53,1" doraHai="2,101" doraHaiUra="26,106" who="2" fromWho="2" sc="250,-40,250,-20,240,90,250,-20" /><INIT seed="1,0,0,1,3,43" ten="210,230,330,230" oya="1" hai0="0,121,79,109,62,53,87,123,107,20,4,73,72" hai1="9,27,89,69,68,129,85,86,118,126,98,119,106" hai2="19,51,7,49,127,128,80,93,117,13,66,30,55" hai3="26,131,56,65,46,37,110,74,57,58,104,24,71"/><U115/><E115/><V90/><F117/><W31/><G74/><T25/><D107/><U132/><E9/><V114/><F128/><W34/><G110/><T5/><D109/><U120/><E120/><N who="0" m="46153" /><D87/><U63/><E63/><V22/><F127/><W60/><G131/><T10/><D5/><U3/><E3/><V108/><F108/><W12/><G12/><T52/><D79/><U6/><E6/><V14/><F114/><W1/><G1/><T75/><D62/><U41/><E129/><V48/><F66/><W44/><G37/><T61/><D61/><U133/><E126/><V84/><F30/><AGARI ba="0,0" hai="0,4,10,20,25,30,52,53,72,73,75" m="46153" machi="30" ten="40,2600,0" yaku="13,1,54,1" doraHai="43" who="0" fromWho="2" sc="210,26,230,0,330,-26,230,0" /><INIT seed="2,0,0,3,1,99" ten="236,230,304,230" oya="2" hai0="107,90,30,42,51,100,125,56,50,45,88,26,0" hai1="113,29,109,49,11,84,9,24,53,87,114,110,35" hai2="76,71,66,94,10,31,70,1,106,98,101,68,92" hai3="18,20,86,111,3,74,83,103,13,67,16,61,93"/><V37/><F37/><W104/><G111/><N who="1" m="42506" /><E87/><V59/><F76/><W130/><G130/><T82/><D0/><U96/><E96/><V21/><F10/><N who="1" m="3593" /><E84/><V57/><F1/><W5/><G104/><T54/><D125/><U14/><E14/><V33/><F33/><W34/><G34/><T117/><D117/><U40/><E40/><V15/><F15/><W69/><G3/><T65/><D65/><U64/><E64/><V8/><F8/><W32/><G32/><T36/><D36/><U41/><E41/><V44/><F44/><AGARI ba="0,0" hai="24,29,35,44,49,53,113,114" m="3593,42506" machi="44" ten="30,1000,0" yaku="14,1" doraHai="99" who="1" fromWho="2" sc="236,0,230,10,304,-10,230,0" /><INIT seed="3,0,0,5,1,72" ten="236,240,294,230" oya="3" hai0="60,39,133,106,40,115,86,57,38,67,22,36,98" hai1="16,21,19,31,96,13,34,134,123,46,12,92,126" hai2="18,59,102,9,47,17,5,27,49,75,132,128,93" hai3="89,20,54,122,100,82,135,78,91,116,114,85,32"/><W33/><G114/><T110/><D115/><U66/><E123/><V28/><F75/><W120/><G116/><T111/><D86/><U124/><E66/><V56/><F128/><W69/><G69/><T70/><D22/><U8/><E46/><V105/><F105/><W73/><G135/><T58/><D98/><U45/><E45/><V88/><F102/><W35/><G100/><T76/><D76/><U2/><E2/><V7/><F132/><W0/><G0/><T97/><D97/><U30/><E134/><V104/><F104/><W51/><G20/><T68/><D106/><U52/><E52/><N who="2" m="29759" /><F28/><W94/><REACH who="3" step="1"/><G91/><REACH who="3" ten="236,240,294,220" step="2"/><T74/><D133/><U63/><E34/><V6/><F9/><W108/><G108/><N who="0" m="41515" /><D74/><U11/><E21/><N who="2" m="13743" /><F18/><W26/><G26/><T112/><D112/><U81/><E30/><V87/><AGARI ba="0,1" hai="5,6,7,56,59,87,88,93" m="13743,29759" machi="87" ten="30,4000,0" yaku="8,1,54,2" doraHai="72" who="2" fromWho="2" sc="236,-10,240,-10,294,50,220,-20" /><INIT seed="4,0,0,1,3,65" ten="226,230,344,200" oya="0" hai0="95,135,21,34,46,50,7,42,74,103,27,43,90" hai1="85,64,51,71,15,122,109,10,66,114,69,30,116" hai2="131,37,55,86,89,0,54,105,128,58,13,94,12" hai3="59,53,84,101,88,100,92,20,119,129,76,6,61"/><T11/><D74/><U19/><E109/><V106/><F0/><W40/><G119/><T3/><D135/><U31/><E116/><V26/><F37/><W18/><G129/><N who="2" m="49737" /><F26/><W79/><G6/><T35/><D103/><U123/><E51/><N who="2" m="31071" /><F55/><W52/><G40/><T125/><D125/><U102/><E102/><N who="3" m="39530" /><G53/><T5/><D5/><U67/><E114/><V80/><F94/><W124/><G124/><T45/><D45/><U23/><E85/><V22/><F22/><W87/><G87/><T107/><D107/><AGARI ba="0,0" hai="12,13,80,86,89,105,106,107" m="31071,49737" machi="107" ten="30,1000,0" yaku="19,1" doraHai="65" who="2" fromWho="0" sc="226,-10,230,0,344,10,200,0" /><INIT seed="5,0,0,5,5,28" ten="216,230,354,200" oya="1" hai0="104,40,101,67,77,68,118,33,83,114,4,126,119" hai1="42,19,54,65,81,128,120,7,12,58,79,14,70" hai2="117,24,3,131,21,20,15,31,84,47,6,60,11" hai3="90,94,130,110,85,87,113,13,112,25,106,116,53"/><U9/><E120/><V96/><F117/><W74/><G116/><T93/><D114/><N who="3" m="44137" /><G25/><T63/><D126/><U51/><E128/><V92/><F131/><W5/><G13/><T41/><D93/><U78/><E42/><V108/><F108/><W135/><G5/><T46/><D40/><U64/><E70/><V26/><F47/><W61/><G61/><T8/><D101/><U105/><E105/><V99/><F60/><W121/><G53/><T124/><D104/><U69/><E69/><V91/><REACH who="2" step="1"/><F3/><REACH who="2" ten="216,230,344,200" step="2"/><W73/><G130/><T30/><D119/><U71/><E71/><V134/><F134/><W76/><G110/><T133/><D133/><U111/><E111/><V10/><F10/><W122/><G135/><T39/><D118/><U115/><E115/><V49/><F49/><W98/><G106/><T103/><D63/><U72/><REACH who="1" step="1"/><E78/><REACH who="1" ten="216,220,344,200" step="2"/><V100/><F100/><W107/><G76/><T34/><D77/><U75/><E75/><N who="3" m="28682" /><G107/><T109/><D109/><U82/><E82/><V45/><F45/><W1/><G1/><T23/><D83/><U22/><AGARI ba="0,2" hai="7,9,12,14,19,22,51,54,58,64,65,72,79,81" machi="22" ten="20,3900,0" yaku="1,1,0,1,7,1,53,0" doraHai="28" doraHaiUra="35" who="1" fromWho="1" sc="216,-13,220,59,344,-13,200,-13" /><INIT seed="5,1,0,5,2,97" ten="203,279,331,187" oya="1" hai0="83,57,70,23,60,120,58,131,102,8,49,106,110" hai1="33,122,9,87,1,119,4,134,34,85,98,13,48" hai2="91,77,105,2,94,113,68,56,100,76,18,115,26" hai3="42,112,82,11,73,21,47,99,27,111,51,71,41"/><U67/><E119/><V84/><F68/><W5/><G111/><T38/><D110/><U53/><E122/><V31/><F2/><W117/><G112/><N who="2" m="43081" /><F56/><W24/><G117/><T114/><D114/><U36/><E36/><V118/><F18/><W46/><G71/><T108/><D108/><U74/><E74/><V40/><F40/><W126/><G126/><T121/><D38/><U6/><E134/><V55/><F55/><W17/><G99/><N who="0" m="61791" /><D23/><U69/><E6/><V116/><F116/><W43/><G27/><T92/><D92/><U16/><E67/><V124/><F124/><W0/><G82/><T104/><D104/><U72/><E72/><V32/><F118/><W132/><G73/><T133/><D83/><U127/><E69/><V81/><F105/><W101/><G132/><T125/><D125/><U107/><E127/><V63/><F63/><W129/><G47/><T135/><D8/><U3/><E3/><V35/><F35/><W44/><G44/><T7/><D7/><U65/><E65/><V19/><F19/><W10/><G10/><T130/><D70/><U86/><E4/><V123/><F123/><N who="0" m="47178" /><D49/><U52/><E1/><V109/><F109/><W80/><G80/><T45/><D45/><U39/><E39/><V78/><F100/><W12/><G101/><T64/><D57/><U20/><E20/><V15/><F15/><W25/><G25/><T66/><D64/><U29/><E48/><V103/><F103/><W96/><G24/><T79/><D79/><U62/><E33/><V61/><F61/><W128/><G96/><AGARI ba="1,0" hai="26,31,32,76,77,78,81,84,91,94,96" m="43081" machi="96" ten="30,2000,0" yaku="15,1,11,1" doraHai="97" who="2" fromWho="3" sc="203,0,279,0,331,23,187,-23" /><INIT seed="6,0,0,3,0,87" ten="203,279,354,164" oya="2" hai0="44,113,52,132,8,50,122,14,126,72,20,107,77" hai1="21,99,22,118,9,128,131,70,18,98,111,51,116" hai2="100,48,133,26,7,1,124,34,120,112,129,19,55" hai3="4,134,67,65,90,40,25,76,85,78,101,16,10"/><V38/><F38/><W2/><G134/><T95/><D122/><U27/><E70/><V135/><F120/><W80/><G40/><T42/><D107/><U39/><E39/><V32/><F100/><W28/><G101/><T43/><D132/><U29/><E51/><V82/><F129/><N who="1" m="49737" /><E98/><V108/><F124/><W66/><REACH who="3" step="1"/><G16/><REACH who="3" ten="203,279,354,154" step="2"/><T62/><D43/><U6/><E111/><V103/><F19/><W58/><G58/><T75/><D42/><U92/><E18/><V0/><F103/><W13/><G13/><T30/><D14/><U63/><E118/><V45/><F135/><W49/><G49/><T12/><D12/><U46/><E116/><V114/><F48/><W73/><G73/><T11/><D75/><U59/><E59/><V110/><F133/><W56/><G56/><T24/><D72/><U64/><E46/><V81/><F45/><W3/><G3/><T37/><D50/><U54/><E63/><V36/><F0/><W102/><G102/><T88/><D62/><U74/><E74/><V104/><F1/><W106/><G106/><T68/><D44/><U31/><E6/><V109/><F7/><W105/><G105/><T89/><D37/><U91/><E9/><V93/><F36/><W79/><G79/><T115/><D11/><U53/><E64/><V119/><F110/><W60/><G60/><T123/><D8/><U47/><E47/><V121/><F109/><W61/><G61/><T41/><D41/><U117/><E117/><V69/><F119/><W57/><G57/><T86/><D123/><U33/><E31/><V17/><F108/><RYUUKYOKU ba="0,1" sc="203,-15,279,15,354,-15,154,15" hai1="21,22,27,29,33,53,54,91,92,99" hai3="2,4,10,25,28,65,66,67,76,78,80,85,90" /><INIT seed="7,1,1,4,1,24" ten="188,294,339,169" oya="3" hai0="30,103,36,111,83,35,74,104,16,28,123,54,29" hai1="61,96,102,132,128,73,86,17,126,125,7,14,52" hai2="98,44,51,82,20,116,90,64,6,120,59,40,15" hai3="49,118,43,121,127,69,101,8,37,66,48,80,67"/><W81/><G118/><T124/><D111/><U76/><E73/><V113/><F116/><W114/><G121/><T63/><D123/><U106/><E7/><V57/><F113/><W55/><G114/><T85/><D36/><U87/><E128/><V0/><F0/><W21/><G37/><T84/><D124/><U47/><E132/><V56/><F120/><W79/><G127/><N who="1" m="48650" /><E76/><V65/><F20/><W88/><G69/><T122/><D122/><U58/><E47/><V89/><F98/><W110/><G110/><T26/><D74/><U135/><E135/><V72/><F72/><W19/><G101/><T91/><D103/><U33/><E33/><V134/><F134/><W45/><G8/><T62/><D104/><U1/><E1/><V99/><F99/><W95/><G79/><N who="0" m="46207" /><D35/><U109/><E109/><V41/><F41/><W92/><G92/><N who="0" m="54383" /><D54/><U117/><E117/><V31/><F82/><N who="3" m="31851" /><G55/><T97/><D97/><U27/><E27/><V60/><F65/><W107/><G107/><T39/><D39/><U77/><E77/><V105/><F105/><W34/><G34/><T2/><D2/><U32/><E32/><V131/><F131/><W112/><G112/><T71/><D71/><U5/><E5/><V68/><F68/><W75/><G75/><T130/><D130/><U108/><E108/><V70/><F70/><W11/><G11/><AGARI ba="1,1" hai="11,14,17,52,58,61,86,87,96,102,106" m="48650" machi="11" ten="30,2000,0" yaku="18,1,54,1" doraHai="24" who="1" fromWho="3" sc="188,0,294,33,339,0,169,-23" owari="188,-21.2,327,12.7,339,43.9,146,-35.4" /></mjloggm>