<mjloggm ver="2.3"><GO type="169" lobby="0"/><UN n0="%61%6D%61%69%6B%61" n1="%E7%B5%B6%E5%AF%BE%E9%98%B2%E5%BE%A1%E5%B0%86%E8%BB%8D" n2="%63%61%72%6C%6F%73%6E" n3="%E3%81%BE%E3%81%8B%E3%81%B7%E3%82%93" dan="16,16,17,16" rate="2145.93,2124.59,2177.71,2082.95" sx="M,M,M,M"/><TAIKYOKU oya="0"/><INIT seed="0,0,0,5,0,21" ten="250,250,250,250" oya="0" hai0="70,8,31,2,25,58,40,74,19,45,65,126,128" hai1="117,100,49,39,55,73,43,44,35,5,1,88,22" hai2="63,129,36,124,116,93,69,15,47,99,127,61,24" hai3="90,30,110,67,6,118,48,86,33,130,54,60,32"/><T94/><D74/><U91/><E35/><V37/><F129/><W34/><G118/><T68/><D128/><U29/><E117/><V107/><F107/><W95/><G110/><T114/><D114/><U42/><E73/><V105/><F105/><W109/><G6/><T7/><D126/><N who="2" m="48170" /><F15/><W113/><G109/><T9/><D94/><U76/><E76/><V131/><F131/><W123/><G123/><T112/><D112/><U87/><E100/><N who="2" m="60527" /><F116/><W14/><G113/><T41/><D41/><U132/><E132/><V111/><F111/><W122/><G14/><T103/><D103/><U80/><E91/><V18/><F47/><W46/><G122/><T50/><D19/><U135/><E135/><V83/><F83/><W12/><G12/><T119/><D9/><U115/><E115/><V81/><F81/><W3/><G3/><T20/><REACH who="0" step="1"/><D119/><REACH who="0" ten="240,250,250,250" step="2"/><U85/><E42/><V108/><F108/><W0/><G130/><T75/><D75/><U17/><E43/><V4/><F4/><W121/><G121/><T27/><D27/><U79/><E5/><V82/><F82/><W133/><G133/><T23/><D23/><U51/><E22/><V98/><F18/><W11/><G11/><T92/><D92/><U134/><E17/><V28/><F24/><N who="3" m="18503" /><G0/><T106/><D106/><U72/><E80/><V59/><F37/><W84/><G84/><T26/><D26/><U78/><E39/><V62/><F36/><W57/><G33/><T64/><D64/><U77/><E85/><V56/><F98/><N who="3" m="57719" /><G34/><T101/><D101/><U53/><E87/><V71/><F28/><RYUUKYOKU ba="0,1" sc="240,10,250,-30,250,10,250,10" hai0="2,7,8,20,25,31,40,45,50,58,65,68,70" hai2="56,59,61,62,63,69,71" hai3="46,48,54,57,60,67,86" /><INIT seed="0,1,1,5,3,2" ten="250,220,260,260" oya="0" hai0="119,12,48,14,20,4,76,87,104,109,73,112,72" hai1="106,34,66,88,74,63,68,78,113,92,71,133,110" hai2="23,18,46,70,29,15,27,55,64,128,100,38,49" hai3="105,16,93,97,6,45,8,65,9,126,17,130,122"/><T134/><D119/><U54/><E110/><V98/><F128/><W33/><G105/><T40/><D112/><U114/><E106/><V89/><F38/><W103/><G33/><T43/><D104/><U62/><E34/><V41/><F89/><W94/><G130/><T22/><D134/><U102/><E102/><V59/><F70/><W0/><G126/><T28/><D109/><U21/><E133/><V67/><F98/><W127/><G127/><T117/><D117/><U32/><E32/><V51/><REACH who="2" step="1"/><F100/><REACH who="2" ten="250,220,250,260" step="2"/><W129/><G129/><T44/><D76/><U24/><E71/><V86/><F86/><W13/><G103/><T56/><D87/><U26/><E78/><V1/><F1/><W10/><G97/><T80/><D73/><U19/><E74/><V79/><F79/><W96/><G96/><T135/><D72/><U124/><E124/><V131/><F131/><W3/><G3/><T115/><D135/><U37/><E37/><V125/><F125/><W30/><G0/><T95/><D115/><U120/><E114/><V121/><F121/><W107/><G122/><T111/><D111/><U81/><E113/><V11/><AGARI ba="1,2" hai="11,15,18,23,27,29,41,46,49,51,55,59,64,67" machi="11" ten="20,5200,0" yaku="1,1,0,1,7,1,8,1,53,0" doraHai="2" doraHaiUra="99" who="2" fromWho="2" sc="250,-27,220,-14,250,75,260,-14" /><INIT seed="1,0,0,2,1,79" ten="223,206,325,246" oya="1" hai0="111,81,62,21,46,63,13,131,30,92,9,51,101" hai1="110,78,34,18,14,88,35,33,135,105,49,94,102" hai2="64,104,39,11,90,82,23,45,65,132,60,38,98" hai3="68,72,122,120,42,121,56,32,99,44,61,80,71"/><U2/><E2/><V133/><F64/><W66/><G32/><T108/><D131/><U130/><E130/><V5/><F23/><W27/><G27/><N who="0" m="16751" /><D92/><U47/><E135/><N who="2" m="51787" /><F104/><W74/><G99/><T86/><D101/><U25/><E110/><N who="0" m="42025" /><D51/><U40/><E78/><V93/><F45/><W100/><G100/><T41/><D41/><U8/><E102/><V113/><F82/><W129/><G129/><T128/><D46/><U70/><E105/><V48/><F48/><W116/><G116/><T126/><D126/><U91/><E70/><N who="2" m="42279" /><F113/><W7/><G7/><N who="0" m="3263" /><D128/><U84/><REACH who="1" step="1"/><E91/><AGARI ba="0,0" hai="62,63,81,86,91" m="3263,42025,16751" machi="91" ten="30,2000,0" yaku="14,1,52,1" doraHai="79" who="0" fromWho="1" sc="223,20,206,-20,325,0,246,0" /><INIT seed="2,0,0,5,0,114" ten="243,186,325,246" oya="2" hai0="96,106,32,33,76,122,103,1,94,70,112,47,52" hai1="2,19,133,81,30,101,38,71,43,79,25,27,90" hai2="78,84,93,45,3,67,63,69,0,130,119,116,95" hai3="10,18,66,129,135,46,85,117,125,60,132,88,97"/><V8/><F130/><W105/><G129/><T61/><D122/><U26/><E133/><N who="3" m="51274" /><G125/><T21/><D112/><U87/><E71/><V128/><F128/><W56/><G46/><T9/><D76/><U82/><E2/><V54/><F95/><N who="3" m="54671" /><G117/><T124/><D124/><U23/><E101/><V4/><F3/><W113/><G113/><T51/><D21/><U92/><E82/><V57/><F45/><W17/><G10/><T127/><D127/><U75/><E38/><V13/><F0/><W49/><G49/><T24/><D24/><U102/><E43/><V5/><F5/><W48/><G48/><T74/><D74/><U55/><E30/><V110/><F110/><W120/><G120/><T11/><D106/><U62/><E102/><AGARI ba="0,0" hai="17,18,56,60,66,97,102,105" m="54671,51274" machi="102" ten="30,2000,0" yaku="20,1,54,1" doraHai="114" who="3" fromWho="1" sc="243,0,186,-20,325,0,246,20" /><INIT seed="3,0,0,2,1,108" ten="243,166,325,266" oya="3" hai0="36,34,134,30,38,124,45,60,58,97,39,125,8" hai1="32,56,15,75,119,128,40,84,96,123,95,47,12" hai2="3,51,2,11,66,102,35,78,76,62,16,71,52" hai3="20,65,98,5,131,86,85,64,21,93,101,31,121"/><W109/><G121/><T23/><D34/><U49/><E75/><V122/><F35/><W127/><G109/><T81/><D134/><U68/><E68/><V63/><F63/><W92/><G127/><N who="0" m="48715" /><D8/><U114/><E32/><V130/><F122/><W37/><G37/><T48/><D81/><U115/><E123/><V46/><F130/><W57/><G131/><T94/><D23/><N who="3" m="8777" /><G31/><T135/><D30/><U88/><E128/><V9/><F102/><W10/><G93/><T99/><D135/><U42/><E42/><V24/><F9/><W0/><G0/><T87/><D87/><N who="3" m="33289" /><G5/><T26/><D26/><U44/><E119/><V25/><F25/><W116/><G116/><T73/><D73/><U83/><E47/><V100/><F100/><W107/><G107/><T61/><D58/><U29/><E29/><V74/><F24/><W132/><G132/><T43/><D97/><U106/><E106/><V129/><F129/><W41/><G41/><T18/><D18/><U13/><REACH who="1" step="1"/><E56/><REACH who="1" ten="243,156,325,266" step="2"/><V14/><REACH who="2" step="1"/><F74/><REACH who="2" ten="243,156,315,266" step="2"/><W67/><G10/><T103/><AGARI ba="0,2" hai="36,38,39,43,45,48,60,61,94,99,103" m="48715" machi="103" ten="40,1500,0" yaku="18,1" doraHai="108" who="0" fromWho="0" sc="243,35,156,-4,315,-4,266,-7" /><INIT seed="4,0,0,3,4,36" ten="278,152,311,259" oya="0" hai0="27,52,28,112,82,4,3,38,133,83,135,70,93" hai1="23,124,98,128,22,10,12,8,113,121,62,87,78" hai2="32,64,74,123,115,34,60,118,5,24,59,20,110" hai3="61,119,77,109,91,81,48,126,35,41,73,11,19"/><T18/><D70/><U69/><E121/><V49/><F110/><W107/><G119/><T71/><D71/><U39/><E39/><V40/><F123/><W0/><G107/><T16/><D38/><U54/><E124/><V99/><F74/><W94/><G109/><T57/><D112/><U96/><E128/><V75/><F75/><W103/><G35/><T45/><D45/><U58/><E69/><V17/><F115/><W106/><G126/><T105/><D105/><U76/><E113/><V130/><F130/><W132/><G132/><N who="0" m="50763" /><D93/><U37/><E37/><V14/><F118/><W114/><G61/><N who="0" m="36007" /><D4/><U88/><E22/><V80/><F80/><N who="0" m="30762" /><D3/><U25/><E78/><V21/><F5/><W13/><G0/><T63/><D63/><U127/><E76/><V55/><F34/><AGARI ba="0,0" hai="16,18,27,28,34" m="30762,36007,50763" machi="34" ten="30,5800,0" yaku="20,1,54,2" doraHai="36" who="0" fromWho="2" sc="278,58,152,0,311,-58,259,0" /><INIT seed="4,1,0,5,5,50" ten="336,152,253,259" oya="0" hai0="79,95,91,37,74,58,115,103,63,20,130,114,64" hai1="61,77,94,5,110,45,106,101,118,92,69,125,117" hai2="119,46,82,53,134,9,102,56,16,13,52,39,109" hai3="85,76,75,100,3,80,104,116,19,86,112,2,87"/><T10/><D37/><U97/><E5/><V122/><F122/><W4/><G116/><T65/><D103/><U67/><E110/><V120/><F120/><W84/><G112/><N who="0" m="43051" /><D130/><U73/><E125/><V68/><F68/><W83/><G19/><T47/><D47/><U72/><E94/><V12/><F109/><W132/><G132/><T135/><D135/><U15/><E15/><V124/><F134/><W90/><REACH who="3" step="1"/><G4/><REACH who="3" ten="336,152,253,249" step="2"/><T96/><D10/><U78/><E118/><V34/><F119/><W108/><G108/><T36/><D36/><U26/><E117/><V60/><F39/><W21/><G21/><T59/><D20/><U111/><E111/><V6/><F124/><W89/><G89/><T8/><D8/><U105/><E78/><V113/><F34/><W98/><AGARI ba="1,1" hai="2,3,75,76,80,83,84,85,86,87,90,98,100,104" machi="98" ten="30,2000,0" yaku="1,1,0,1,53,0" doraHai="50" doraHaiUra="128" who="3" fromWho="3" sc="336,-11,152,-6,253,-6,249,33" /><INIT seed="5,0,0,2,2,0" ten="325,146,247,282" oya="1" hai0="131,53,55,15,124,108,104,130,62,8,16,73,120" hai1="60,118,32,113,31,119,40,51,79,6,125,121,83" hai2="2,85,80,82,98,7,59,33,96,10,81,72,36" hai3="21,67,63,56,4,106,77,61,71,110,46,117,111"/><U86/><E121/><V30/><F36/><W42/><G106/><T78/><D108/><N who="3" m="41513" /><G4/><T97/><D120/><U75/><E113/><V134/><F72/><W91/><G21/><T90/><D124/><U88/><E125/><V49/><F85/><W123/><G91/><T58/><D78/><U112/><E112/><V5/><F134/><W44/><G77/><T116/><D73/><U89/><E89/><V94/><F98/><W129/><G123/><T26/><D116/><U122/><E122/><V37/><F37/><N who="3" m="21583" /><G129/><N who="0" m="49163" /><D26/><U27/><E60/><V45/><F30/><W34/><G34/><T115/><D115/><U84/><E75/><V135/><F33/><W102/><G102/><N who="0" m="62543" /><D90/><U22/><E32/><V43/><F135/><W105/><G105/><T19/><D55/><U133/><E133/><V93/><F93/><W14/><G14/><T126/><D126/><U24/><E24/><V101/><F2/><W74/><G74/><T52/><D53/><U25/><E25/><V20/><F20/><W132/><G132/><T23/><D23/><U3/><E40/><V12/><F59/><W70/><G117/><T128/><D128/><U100/><E100/><V54/><F43/><W114/><G114/><T92/><D92/><U47/><E84/><V48/><F48/><W99/><G99/><T57/><D57/><U13/><E79/><V1/><F1/><W64/><G46/><T35/><D35/><U9/><REACH who="1" step="1"/><E3/><REACH who="1" ten="325,136,247,282" step="2"/><V41/><F41/><W69/><AGARI ba="0,1" hai="56,61,63,64,67,69,70,71" m="21583,41513" machi="69" ten="30,2000,0" yaku="34,2" doraHai="0" who="3" fromWho="3" sc="325,-5,136,-10,247,-5,282,30" /><INIT seed="6,0,0,3,4,66" ten="320,126,242,312" oya="2" hai0="125,95,117,47,78,83,131,119,89,0,40,5,58" hai1="60,10,68,30,44,86,46,132,14,57,126,61,51" hai2="84,17,127,97,13,91,43,31,80,104,59,55,33" hai3="103,18,113,35,38,135,73,122,19,75,74,11,15"/><V96/><F127/><W22/><G122/><T108/><D108/><U71/><E126/><V28/><F43/><W52/><G135/><T24/><D125/><U45/><E30/><N who="2" m="11307" /><F104/><W134/><G134/><T79/><D24/><U4/><E132/><V128/><F33/><W49/><G35/><T64/><D131/><U76/><E51/><N who="2" m="31231" /><F128/><W77/><G38/><T8/><D58/><U36/><E36/><V12/><F12/><W101/><G77/><T129/><D64/><U115/><E115/><V39/><F39/><W70/><G70/><T29/><D29/><U94/><E61/><V53/><F53/><W34/><G34/><T121/><D121/><U9/><E9/><AGARI ba="0,0" hai="9,13,17,80,84,91,96,97" m="31231,11307" machi="9" ten="30,1500,0" yaku="8,1" doraHai="66" who="2" fromWho="1" sc="320,0,126,-15,242,15,312,0" /><INIT seed="6,1,0,1,2,31" ten="320,111,257,312" oya="2" hai0="37,132,122,43,29,38,5,60,94,117,130,86,41" hai1="20,135,119,46,2,84,107,103,70,53,19,28,24" hai2="23,1,118,71,6,101,75,79,133,96,58,116,97" hai3="95,27,61,120,10,129,30,36,44,50,26,99,113"/><V11/><F71/><W66/><G120/><T0/><D122/><U111/><E119/><V45/><F133/><W104/><G36/><T89/><D132/><U83/><E70/><V72/><F97/><W93/><G129/><T18/><D29/><U63/><E2/><V13/><F58/><W3/><G113/><T98/><D130/><U131/><E135/><V76/><F45/><W114/><G114/><T35/><D35/><U9/><E111/><V88/><F76/><W62/><G104/><T110/><D110/><U78/><E131/><V106/><F79/><W134/><G134/><T33/><D33/><U39/><E107/><V65/><F65/><W69/><G62/><T4/><D117/><U102/><E39/><V121/><F121/><W77/><G77/><T92/><D18/><U123/><E123/><V56/><F56/><W85/><G85/><T67/><D38/><U81/><E81/><V42/><F42/><N who="0" m="15882" /><D0/><U34/><E34/><V115/><F115/><W52/><G30/><T80/><D94/><U17/><E17/><N who="2" m="10671" /><F118/><W54/><G54/><T73/><D73/><U12/><E63/><V14/><F116/><W91/><REACH who="3" step="1"/><G95/><REACH who="3" ten="320,111,257,302" step="2"/><T22/><D37/><U15/><REACH who="1" step="1"/><E15/><REACH who="1" ten="320,101,257,302" step="2"/><V59/><F14/><W47/><G47/><T49/><D60/><U68/><E68/><V21/><F106/><W105/><G105/><T57/><D92/><U109/><E109/><V16/><F1/><W74/><G74/><T125/><D49/><AGARI ba="1,2" hai="9,12,19,20,24,28,46,49,53,78,83,84,102,103" machi="49" ten="40,2600,0" yaku="1,1,8,1,53,0" doraHai="31" doraHaiUra="87" who="1" fromWho="0" sc="320,-29,101,49,257,0,302,0" /><INIT seed="7,0,0,4,5,89" ten="291,150,257,302" oya="3" hai0="84,12,5,124,20,36,61,108,1,78,109,115,58" hai1="73,119,70,93,32,76,96,128,52,68,133,62,98" hai2="132,42,83,54,117,60,53,51,69,3,91,134,2" hai3="59,92,113,80,7,131,19,18,127,112,34,86,85"/><W17/><G131/><T102/><D36/><U110/><E110/><V56/><F117/><W23/><G127/><T35/><D35/><U16/><E32/><V30/><F30/><W29/><G7/><T106/><D1/><U90/><E128/><V38/><F83/><W40/><G40/><T55/><D124/><U10/><E133/><N who="2" m="51307" /><F91/><N who="3" m="53359" /><G34/><T67/><D115/><N who="3" m="44105" /><G59/><T33/><D33/><U97/><E119/><V65/><F3/><W79/><G29/><T43/><D43/><U6/><E73/><V46/><F2/><W135/><G135/><T31/><D31/><U114/><E76/><V9/><F9/><W105/><G105/><T77/><D67/><U27/><E114/><V14/><F14/><AGARI ba="0,0" hai="14,17,18,19,23,79,80,86" m="44105,53359" machi="14" ten="30,2900,0" yaku="15,1,52,1" doraHai="89" who="3" fromWho="2" sc="291,0,150,0,257,-29,302,29" owari="291,9.1,150,-35.0,228,-17.2,331,43.1" /></mjloggm>