<mjloggm ver="2.3"><GO type="169" lobby="0"/><UN n0="%E7%B9%AD%E3%82%92%E8%A7%A3%E3%81%8F" n1="%E6%A4%9B%E5%8D%97" n2="%E5%A4%A9%E6%89%8D%E3%82%A4%E3%83%99%E3%83%AA%E3%82%B3%E8%B1%9A" n3="%E3%83%A9%E3%83%B3%E3%82%B0%E3%83%A9" dan="17,18,16,16" rate="2213.90,2208.68,2077.96,2071.91" sx="M,F,F,M"/><TAIKYOKU oya="0"/><INIT seed="0,0,0,3,0,75" ten="250,250,250,250" oya="0" hai0="43,17,13,33,32,15,26,127,111,125,115,50,112" hai1="113,7,108,107,97,51,116,77,58,65,24,46,68" hai2="129,57,124,11,21,37,102,25,12,30,39,19,62" hai3="95,56,72,121,87,41,110,134,16,0,90,64,31"/><T60/><D60/><U23/><E113/><N who="0" m="43593" /><D50/><U79/><E108/><V8/><F129/><W117/><G117/><T59/><D59/><U53/><E116/><V101/><F124/><N who="0" m="47690" /><D43/><U82/><E7/><V80/><F37/><W114/><G114/><T131/><D131/><U29/><E82/><V18/><F39/><W52/><G110/><T6/><D111/><U133/><E133/><V9/><F80/><W123/><G134/><T92/><D92/><U99/><E68/><V84/><F19/><W91/><G41/><T55/><D55/><U35/><E35/><N who="0" m="13385" /><D6/><U63/><E107/><V4/><F84/><W61/><G72/><T105/><D105/><U78/><AGARI ba="0,0" hai="23,24,29,46,51,53,58,63,65,77,78,79,97,99" machi="78" ten="30,8000,1" yaku="0,1,8,1,52,3" doraHai="75" who="1" fromWho="1" sc="250,-40,250,80,250,-20,250,-20" /><INIT seed="1,0,0,3,5,55" ten="210,330,230,230" oya="1" hai0="80,105,66,44,64,124,69,132,47,91,84,67,71" hai1="61,60,54,43,7,122,33,9,94,17,27,34,16" hai2="52,133,116,123,39,63,5,106,65,78,36,113,51" hai3="35,72,100,90,85,104,107,96,41,129,53,75,131"/><U110/><E122/><V74/><F116/><W130/><G41/><T118/><D118/><U93/><E43/><V83/><F123/><W58/><G35/><T127/><D105/><U19/><E110/><V28/><F133/><W82/><REACH who="3" step="1"/><G107/><REACH who="3" ten="210,330,230,220" step="2"/><T117/><D132/><U11/><E34/><V125/><F106/><W98/><G98/><T48/><D117/><U95/><E11/><V68/><F113/><W112/><G112/><T46/><REACH who="0" step="1"/><D48/><AGARI ba="0,1" hai="48,53,58,72,75,82,85,90,96,100,104,129,130,131" machi="48" ten="40,5200,0" yaku="1,1,19,1,52,1,53,0" doraHai="55" doraHaiUra="56" who="3" fromWho="0" sc="210,-52,330,0,230,0,220,62" /><INIT seed="2,0,0,4,3,52" ten="158,330,230,282" oya="2" hai0="60,58,40,59,81,17,86,101,85,76,93,128,112" hai1="115,67,66,9,21,95,35,111,30,25,133,11,125" hai2="120,121,54,57,88,37,22,39,68,102,20,135,80" hai3="23,117,61,119,123,73,89,14,103,110,7,44,116"/><V107/><F135/><W2/><G123/><T132/><D112/><U96/><E111/><V27/><F68/><W104/><G110/><T48/><D132/><U100/><E133/><V10/><F22/><W1/><G73/><T109/><D109/><U50/><E125/><V122/><F102/><W53/><G89/><T130/><D40/><U126/><E126/><V26/><F10/><W3/><G103/><T51/><D17/><U41/><E35/><V113/><F107/><W69/><G104/><T28/><D28/><U71/><E115/><V65/><F65/><N who="1" m="24585" /><E71/><V33/><F33/><W79/><G79/><T108/><D108/><U75/><E75/><V82/><F82/><W15/><G69/><T6/><D6/><U98/><E96/><V29/><F27/><W62/><G7/><T18/><D18/><U46/><AGARI ba="0,0" hai="9,11,21,25,30,41,46,50,95,98,100" m="24585" machi="46" ten="30,1100,0" yaku="8,1" doraHai="52" who="1" fromWho="1" sc="158,-3,330,11,230,-5,282,-3" /><INIT seed="3,0,0,1,4,133" ten="155,341,225,279" oya="3" hai0="131,24,9,66,85,117,81,90,135,132,36,103,108" hai1="107,39,57,124,21,112,6,127,87,26,5,37,19" hai2="134,77,47,35,115,31,3,70,98,84,28,18,109" hai3="14,23,129,4,78,76,59,45,94,69,13,58,113"/><W53/><G69/><T38/><D117/><U104/><E112/><V54/><F109/><W121/><G113/><T41/><D108/><U110/><E110/><V80/><F115/><W120/><G129/><T123/><D123/><U71/><E71/><V64/><F3/><W55/><G23/><T72/><D131/><U22/><E87/><V56/><F134/><W82/><G94/><T67/><D103/><U52/><E6/><V51/><F35/><W119/><G45/><T61/><D67/><U33/><E5/><V101/><F18/><W15/><G4/><T1/><D1/><U20/><E19/><V60/><REACH who="2" step="1"/><F70/><REACH who="2" ten="155,341,215,279" step="2"/><W73/><G119/><T27/><D135/><U99/><E33/><V88/><F88/><W34/><G34/><T100/><D132/><U116/><E116/><V128/><F128/><W10/><G10/><T92/><D9/><U49/><E26/><V96/><F96/><W29/><G29/><T75/><D27/><U118/><E118/><V93/><AGARI ba="0,1" hai="28,31,47,51,54,56,60,64,77,80,84,93,98,101" machi="93" ten="20,12000,2" yaku="1,1,0,1,7,1,8,1,53,2" doraHai="133" doraHaiUra="25" who="2" fromWho="2" sc="155,-30,341,-30,215,130,279,-60" /><INIT seed="4,0,0,3,4,52" ten="125,311,345,219" oya="0" hai0="86,59,53,25,20,65,63,47,111,87,27,108,112" hai1="134,94,15,83,67,70,91,115,79,93,72,132,90" hai2="89,55,104,71,22,97,44,120,113,66,50,23,11" hai3="92,38,114,95,80,81,21,37,74,102,14,2,0"/><T3/><D112/><U124/><E70/><V30/><F120/><W101/><G14/><T8/><D3/><U73/><E67/><V78/><F113/><W110/><G114/><T96/><D8/><U60/><E60/><V54/><F66/><W75/><REACH who="3" step="1"/><G21/><REACH who="3" ten="125,311,345,209" step="2"/><T88/><D108/><AGARI ba="0,1" hai="0,2,37,38,74,75,80,81,92,95,101,102,108,110" machi="108" ten="25,6400,0" yaku="1,1,2,1,22,2,53,0" doraHai="52" doraHaiUra="39" who="3" fromWho="0" sc="125,-64,311,0,345,0,209,74" /><INIT seed="5,0,0,3,5,73" ten="61,311,345,283" oya="1" hai0="45,38,70,24,126,120,116,69,49,3,10,53,124" hai1="83,80,108,27,94,93,89,60,87,35,23,4,59" hai2="117,52,121,1,21,13,128,101,123,86,134,97,96" hai3="41,102,11,88,91,104,109,79,67,72,129,130,36"/><U57/><E35/><V15/><F117/><W26/><G109/><T118/><D24/><U63/><E108/><V103/><F1/><W43/><G67/><T92/><D92/><U64/><E83/><V55/><F21/><W31/><G11/><T51/><D10/><U17/><REACH who="1" step="1"/><E4/><REACH who="1" ten="61,301,345,283" step="2"/><V0/><F128/><W84/><G130/><T112/><D3/><U66/><AGARI ba="0,1" hai="17,23,27,57,59,60,63,64,66,80,87,89,93,94" machi="66" ten="20,18000,2" yaku="1,1,2,1,0,1,7,1,9,1,8,1,53,0" doraHai="73" doraHaiUra="48" who="1" fromWho="1" sc="61,-60,301,190,345,-60,283,-60" /><INIT seed="5,1,0,1,0,66" ten="1,491,285,223" oya="1" hai0="104,83,118,29,127,5,11,65,87,79,107,74,38" hai1="16,72,98,2,84,19,32,101,99,128,125,86,110" hai2="115,134,7,53,108,100,114,69,63,112,106,70,50" hai3="0,88,90,18,48,116,46,130,123,62,58,111,42"/><U82/><E2/><V45/><F106/><W56/><G123/><T52/><D127/><U126/><E32/><V131/><F100/><W36/><G111/><T120/><D120/><U76/><E128/><V71/><F131/><W49/><G130/><T8/><D118/><U60/><E110/><V96/><F96/><W91/><G0/><T80/><D11/><U97/><E101/><V81/><F108/><W13/><G116/><T30/><D30/><U23/><E60/><V15/><F81/><W35/><G35/><T117/><D29/><U68/><E68/><V26/><F26/><W43/><G43/><T12/><D117/><U119/><E19/><V122/><F122/><W89/><N who="3" m="22528" /><DORA hai="93" /><W103/><G103/><T135/><D135/><U132/><E132/><V121/><F134/><W61/><G61/><T21/><D21/><U77/><E119/><V44/><F121/><W124/><G124/><N who="1" m="47722" /><E77/><V41/><F63/><W31/><G31/><T92/><D92/><U27/><AGARI ba="1,0" hai="16,23,27,72,76,82,84,86,97,98,99" m="47722" machi="27" ten="30,12000,1" yaku="18,1,52,3,54,1" doraHai="66,93" who="1" fromWho="1" sc="1,-41,491,123,285,-41,223,-41" owari="-40,-54.0,614,71.4,244,4.4,182,-21.8" /></mjloggm>