<mjloggm ver="2.3"><GO type="169" lobby="0"/><UN n0="%E9%B7%BA%E5%AE%AE%E6%85%A7%E5%A4%AA" n1="%E3%81%AF%E3%81%BE%E3%81%A1%E3%83%AA%E3%83%BC%E3%82%B0" n2="%E3%81%99%E3%83%BC%5F%E9%88%B4%E6%9C%A8%E6%B5%A9%E5%B9%B3" n3="%E5%9C%A7%E5%80%92%E7%9A%84%E3%83%9D%E3%83%B3" dan="16,17,16,17" rate="2111.61,2141.28,2102.24,2202.43" sx="M,M,M,M"/><TAIKYOKU oya="0"/><INIT seed="0,0,0,3,2,85" ten="250,250,250,250" oya="0" hai0="95,36,37,69,132,81,59,122,55,73,134,71,10" hai1="5,34,33,8,49,127,64,76,53,133,135,91,42" hai2="106,32,131,62,108,87,94,78,44,117,63,100,25" hai3="128,113,57,35,126,114,74,79,107,38,129,6,47"/><T90/><D122/><U19/><E76/><V101/><F108/><W61/><G107/><T97/><D10/><U15/><E64/><V105/><F131/><N who="3" m="50251" /><G35/><T124/><D124/><U17/><E127/><V99/><F117/><W84/><G74/><T93/><D93/><U0/><E42/><V86/><F44/><W118/><G126/><T54/><D81/><U39/><E39/><N who="0" m="14921" /><D73/><U70/><E70/><N who="0" m="26633" /><D59/><N who="1" m="33199" /><E91/><V125/><F125/><W51/><G6/><T16/><D16/><N who="1" m="6219" /><E15/><V115/><F78/><W41/><G79/><T13/><D13/><U109/><E33/><V14/><F14/><W23/><G23/><T22/><D22/><U50/><E34/><V11/><F32/><W24/><G24/><T26/><D26/><U12/><E12/><V67/><F25/><W60/><G84/><T83/><D83/><U29/><E5/><V27/><F27/><W121/><G118/><T72/><D72/><U9/><E9/><V110/><F11/><W43/><G121/><T40/><D40/><U52/><E8/><V68/><F106/><W111/><G43/><T46/><D46/><U102/><E29/><V119/><F105/><W56/><G38/><T123/><D123/><U103/><E103/><V7/><F101/><W66/><G111/><T80/><D80/><U116/><E109/><V4/><F110/><W30/><G30/><T1/><D1/><U65/><E0/><V120/><F120/><W112/><G112/><T98/><D98/><U77/><E116/><V82/><F119/><W104/><G104/><T18/><D18/><U75/><E77/><V89/><F4/><RYUUKYOKU ba="0,0" sc="250,15,250,-15,250,-15,250,15" hai0="54,55,90,95,97,132,134" hai3="41,47,51,56,57,60,61,66,113,114" /><INIT seed="0,1,0,2,5,11" ten="265,235,235,265" oya="0" hai0="34,127,49,36,14,63,94,117,15,1,3,82,9" hai1="79,113,29,40,7,67,95,19,4,38,28,8,119" hai2="66,92,102,12,91,42,71,0,70,112,5,33,73" hai3="43,32,10,106,110,90,104,58,37,115,46,56,96"/><T6/><D117/><U65/><E119/><V99/><F73/><W131/><G32/><T16/><D36/><U97/><E113/><V59/><F33/><W98/><G115/><T107/><D107/><U120/><E120/><V26/><F112/><W86/><G131/><T132/><D34/><U35/><E79/><V13/><F42/><W128/><G128/><T93/><D132/><U64/><E40/><V111/><F111/><W114/><G114/><T133/><D133/><U62/><E62/><V61/><F26/><W57/><G110/><T48/><D127/><U135/><E38/><V88/><F0/><W81/><G98/><T103/><D1/><U100/><E35/><V85/><F91/><W50/><G37/><T121/><D3/><U126/><E126/><V21/><F21/><W129/><G129/><T101/><D63/><U124/><E124/><V44/><F44/><W122/><G122/><T83/><D121/><U41/><E41/><V87/><F87/><W52/><G43/><T77/><D94/><U109/><E135/><V39/><F39/><W2/><REACH who="3" step="1"/><G96/><REACH who="3" ten="265,235,235,255" step="2"/><N who="0" m="59535" /><D103/><U78/><E109/><V89/><F99/><W72/><G72/><T105/><D105/><U75/><E75/><V22/><F85/><W18/><G18/><T118/><D118/><U17/><E17/><V47/><F5/><AGARI ba="1,1" hai="2,5,10,46,50,52,56,57,58,81,86,90,104,106" machi="5" ten="40,8000,1" yaku="1,1,54,1,53,3" doraHai="11" doraHaiUra="53" who="3" fromWho="2" sc="265,0,235,0,235,-83,255,93" /><INIT seed="1,0,0,4,4,5" ten="265,235,152,348" oya="1" hai0="112,92,129,102,29,26,107,105,88,30,84,80,52" hai1="56,47,111,117,42,32,123,94,1,134,87,16,39" hai2="0,110,4,55,15,90,70,122,12,23,115,40,116" hai3="9,109,124,126,51,89,27,25,22,97,66,83,95"/><U18/><E117/><V135/><F116/><W38/><G38/><T67/><D112/><U37/><E123/><V20/><F70/><W98/><G109/><T24/><D67/><U81/><E32/><V8/><F40/><W36/><G36/><T108/><D108/><U13/><E1/><V63/><F110/><W28/><G66/><T60/><D129/><U65/><E111/><V120/><F90/><W106/><G83/><T71/><D71/><U96/><E134/><V125/><F63/><W58/><G27/><T49/><D60/><U14/><E39/><V82/><F55/><W69/><G69/><T114/><D114/><U73/><E73/><V50/><F50/><W21/><G21/><N who="2" m="8265" /><F82/><W113/><G113/><T131/><D131/><U31/><E31/><N who="0" m="11785" /><D107/><U133/><E133/><V64/><F64/><W19/><G106/><T121/><D105/><U76/><E56/><V6/><F115/><W72/><G72/><T53/><D121/><N who="2" m="46698" /><F135/><W86/><G51/><T43/><D43/><U99/><E65/><V11/><F125/><N who="3" m="48235" /><G58/><N who="0" m="33039" /><D53/><U7/><E37/><V85/><F85/><W57/><G57/><T75/><D75/><U127/><E127/><V104/><F104/><W128/><G128/><T79/><D79/><U130/><E130/><V91/><F91/><W44/><G44/><T17/><D102/><U118/><E118/><V2/><AGARI ba="0,0" hai="0,2,4,6,8,11,12,15" m="46698,8265" machi="2" ten="30,7900,0" yaku="34,2,52,2" doraHai="5" who="2" fromWho="2" sc="265,-20,235,-39,152,79,348,-20" /><INIT seed="2,0,0,3,3,65" ten="245,196,231,328" oya="2" hai0="100,79,80,82,129,59,13,32,76,121,34,1,36" hai1="55,6,99,43,130,85,52,107,87,104,58,72,95" hai2="33,119,91,28,132,70,18,57,45,69,46,35,26" hai3="38,102,125,112,93,124,42,67,127,0,21,131,17"/><V71/><F119/><W23/><G0/><T133/><D121/><U86/><E72/><V118/><F118/><W120/><G120/><T92/><D1/><U78/><E43/><V60/><F35/><W81/><G131/><T61/><D36/><U50/><E130/><V101/><F101/><W31/><G112/><T77/><D129/><U116/><E116/><V16/><F132/><W111/><G111/><T53/><D133/><U40/><E40/><V90/><F91/><W44/><G67/><T108/><D108/><U8/><E55/><V63/><F90/><W56/><G56/><T9/><D32/><U20/><E20/><V98/><F98/><N who="3" m="59727" /><G31/><T62/><D62/><U39/><E39/><V109/><F109/><W4/><G4/><T97/><REACH who="0" step="1"/><D34/><REACH who="0" ten="235,196,231,328" step="2"/><U84/><N who="1" m="21504" /><DORA hai="12" /><U128/><E128/><V66/><REACH who="2" step="1"/><F60/><REACH who="2" ten="235,196,221,328" step="2"/><W27/><G81/><T106/><D106/><U113/><E113/><V73/><F73/><W19/><G127/><T135/><D135/><U5/><E107/><V30/><F30/><W15/><G125/><T122/><D122/><U74/><E104/><V49/><F49/><N who="3" m="26775" /><G124/><T54/><D54/><U7/><E74/><V126/><F126/><W83/><G38/><T75/><D75/><U110/><E110/><V117/><F117/><W11/><G83/><T24/><D24/><U115/><E115/><V25/><F25/><W89/><G27/><T22/><D22/><U3/><REACH who="1" step="1"/><E78/><REACH who="1" ten="235,186,221,328" step="2"/><V64/><F64/><W96/><G23/><T10/><D10/><U134/><E134/><V48/><F48/><W123/><G21/><T68/><D68/><RYUUKYOKU ba="0,3" sc="235,10,186,10,221,10,328,-30" hai0="9,13,53,59,61,76,77,79,80,82,92,97,100" hai1="3,5,6,7,8,50,52,58,95,99" hai2="16,18,26,28,33,45,46,57,63,66,69,70,71" /><INIT seed="2,1,3,0,5,38" ten="245,196,231,298" oya="2" hai0="63,89,77,72,8,20,7,116,128,35,54,117,81" hai1="100,78,101,59,51,11,4,52,92,94,113,50,80" hai2="105,39,62,45,98,102,107,86,96,85,103,93,53" hai3="14,119,23,6,88,108,21,76,18,61,134,82,99"/><V12/><F93/><N who="1" m="35945" /><E113/><V2/><F2/><W13/><G119/><N who="0" m="45643" /><D128/><U132/><E132/><V3/><F3/><W74/><G108/><T67/><D35/><U84/><E50/><V71/><F12/><AGARI ba="1,3" hai="4,11,12,51,52,59,78,80,84,100,101" m="35945" machi="12" ten="30,2000,0" yaku="8,1,54,1" doraHai="38" who="1" fromWho="2" sc="245,0,196,53,231,-23,298,0" /><INIT seed="3,0,0,2,5,117" ten="245,249,208,298" oya="3" hai0="127,38,31,4,66,27,14,110,53,61,84,133,82" hai1="58,128,6,102,106,51,76,75,105,96,80,97,124" hai2="15,7,67,71,16,108,69,60,56,103,73,63,33" hai3="125,13,40,81,26,121,1,19,100,8,92,55,57"/><W34/><G40/><T114/><D38/><U18/><E6/><V130/><F73/><W37/><G37/><T120/><D120/><U32/><E32/><V113/><F113/><W22/><G125/><T5/><D127/><U123/><E124/><V50/><F33/><W46/><G46/><T0/><D0/><U65/><E128/><V99/><F130/><W129/><G129/><T74/><D74/><U11/><E123/><V86/><F108/><W70/><G70/><T64/><D110/><U115/><E115/><V116/><F116/><W45/><G45/><T119/><D114/><U36/><E36/><V109/><F7/><W79/><G1/><T122/><D122/><U90/><E90/><V59/><F50/><W83/><G34/><T21/><D119/><U30/><E30/><V25/><F86/><W107/><G107/><T28/><D28/><U43/><E43/><V118/><F25/><W41/><G41/><T20/><D133/><U112/><E112/><V68/><F109/><W77/><G77/><N who="0" m="46159" /><D53/><N who="1" m="32063" /><E65/><N who="0" m="25193" /><D61/><U29/><E29/><V23/><F118/><W10/><G79/><T17/><AGARI ba="0,0" hai="4,5,14,17,20,21,27,31" m="25193,46159" machi="17" ten="30,1100,0" yaku="8,1" doraHai="117" who="0" fromWho="0" sc="245,11,249,-3,208,-3,298,-5" /><INIT seed="4,0,0,3,5,77" ten="256,246,205,293" oya="0" hai0="130,78,108,104,29,135,84,2,90,33,24,114,66" hai1="57,47,91,53,70,111,83,50,116,44,54,30,10" hai2="71,109,92,7,127,61,49,97,55,98,32,43,82" hai3="39,64,99,79,121,28,112,11,45,15,107,103,129"/><T35/><D104/><U75/><E111/><V4/><F109/><W85/><G121/><T58/><D108/><U134/><E70/><V56/><F32/><W63/><G112/><T95/><D114/><U117/><E134/><V37/><F127/><W26/><G129/><T120/><D120/><U100/><E100/><V113/><F113/><W93/><G39/><T0/><D130/><U22/><E44/><N who="2" m="23663" /><F82/><W62/><G45/><T48/><D35/><U67/><E67/><N who="2" m="41455" /><F98/><W102/><G102/><AGARI ba="0,0" hai="4,7,49,55,56,92,97,102" m="41455,23663" machi="102" ten="30,1000,0" yaku="24,1" doraHai="77" who="2" fromWho="3" sc="256,0,246,0,205,10,293,-10" /><INIT seed="5,0,0,0,3,123" ten="256,246,215,283" oya="1" hai0="95,85,49,6,83,97,91,2,75,88,133,81,54" hai1="76,96,114,44,41,3,7,117,39,59,11,127,67" hai2="62,80,37,77,18,56,24,119,105,115,111,50,131" hai3="1,121,102,52,69,109,116,129,118,107,45,25,66"/><U19/><E117/><V60/><F119/><N who="3" m="45611" /><G1/><T63/><D133/><U48/><E114/><V26/><F37/><W132/><G121/><T47/><D63/><U99/><E127/><V34/><F105/><W12/><G102/><T10/><REACH who="0" step="1"/><D75/><REACH who="0" ten="246,246,215,283" step="2"/><U4/><E67/><V17/><F62/><W43/><G132/><T46/><D46/><U94/><E44/><V30/><F60/><W14/><G66/><T98/><D98/><U110/><E99/><V125/><F125/><W38/><G69/><T93/><AGARI ba="0,1" hai="2,6,10,47,49,54,81,83,85,88,91,93,95,97" machi="93" ten="20,5200,0" yaku="1,1,0,1,7,1,54,1,53,0" doraHai="123" doraHaiUra="55" who="0" fromWho="0" sc="246,62,246,-26,215,-13,283,-13" /><INIT seed="6,0,0,4,4,46" ten="308,220,202,270" oya="2" hai0="11,15,21,99,75,5,84,33,85,82,59,63,18" hai1="88,32,26,104,118,125,111,110,72,48,105,69,114" hai2="16,4,23,92,62,38,107,119,112,51,27,130,74" hai3="93,135,87,22,115,131,91,101,19,122,117,70,25"/><V57/><F107/><W34/><G122/><T53/><D33/><U29/><E118/><V47/><F119/><W52/><G117/><T103/><D75/><U54/><E72/><V129/><F74/><W58/><G131/><N who="2" m="50185" /><F92/><W35/><G135/><T71/><D71/><U97/><E69/><V24/><F4/><W116/><G70/><T20/><D82/><U83/><E114/><V56/><F38/><W94/><G116/><T14/><D21/><U133/><E133/><V55/><F112/><W7/><G7/><T123/><D123/><U67/><E67/><N who="2" m="39367" /><F57/><W126/><G126/><T31/><D31/><U60/><E60/><V128/><N who="2" m="50193" /><V106/><DORA hai="109" /><F106/><AGARI ba="0,0" hai="5,11,14,15,18,20,53,59,63,84,85,99,103,106" machi="106" ten="30,1000,0" yaku="7,1" doraHai="46,109" who="0" fromWho="2" sc="308,10,220,0,202,-10,270,0" /><INIT seed="7,0,0,3,3,18" ten="318,220,192,270" oya="3" hai0="90,122,133,88,4,121,12,56,17,27,23,0,97" hai1="36,117,21,106,87,9,53,126,69,73,34,105,8" hai2="64,100,26,33,40,104,93,50,11,62,123,54,51" hai3="10,61,48,30,108,38,32,45,29,129,13,134,67"/><W77/><G38/><T5/><D133/><U102/><E73/><V81/><F123/><W111/><G134/><T71/><D71/><U58/><E34/><V22/><F33/><W89/><G77/><T125/><D125/><U2/><E69/><V65/><F104/><W52/><G129/><T59/><D0/><U1/><E36/><V37/><F81/><W7/><G89/><T79/><D79/><U120/><E120/><V72/><F72/><W107/><G107/><T130/><D130/><U124/><E87/><V132/><F132/><W82/><G82/><T74/><D74/><U135/><E135/><V98/><F37/><W44/><G44/><T70/><D70/><U57/><E102/><V28/><F40/><W78/><G78/><T42/><D42/><U116/><E53/><V115/><F115/><W80/><G80/><T6/><D122/><U68/><E68/><V55/><F11/><W35/><G35/><T113/><D113/><U112/><REACH who="1" step="1"/><E21/><REACH who="1" ten="318,210,192,270" step="2"/><V39/><F39/><W118/><G32/><T101/><D121/><U60/><E60/><V85/><F85/><W25/><G111/><T15/><D101/><U114/><AGARI ba="0,1" hai="1,2,8,9,57,58,105,106,112,114,116,117,124,126" machi="114" ten="25,6400,0" yaku="1,1,0,1,22,2,53,0" doraHai="18" doraHaiUra="19" who="1" fromWho="1" sc="318,-16,210,74,192,-16,270,-32" owari="302,40.2,284,8.4,176,-32.4,238,-16.2" /></mjloggm>