<mjloggm ver="2.3"><GO type="169" lobby="0"/><UN n0="%E9%B3%B4%E8%8C%B6" n1="%E2%91%A3%E3%82%BB%E3%83%B3%E3%83%81" n2="%E8%80%81%E6%A5%BD" n3="%E6%9C%88%E5%A4%9C%E3%81%AB%E9%A2%A8" dan="16,18,17,16" rate="2148.20,2246.30,2187.71,2076.05" sx="M,M,M,M"/><TAIKYOKU oya="0"/><INIT seed="0,0,0,1,2,101" ten="250,250,250,250" oya="0" hai0="121,96,27,67,103,91,115,28,46,35,92,132,133" hai1="118,131,112,9,33,130,6,119,79,124,11,88,22" hai2="90,48,15,44,45,93,127,13,82,60,20,108,78" hai3="57,134,71,5,12,129,109,3,106,8,53,77,110"/><T98/><D115/><U42/><E79/><V87/><F108/><N who="3" m="41579" /><G129/><N who="1" m="49162" /><E42/><V84/><F127/><W0/><G71/><T50/><D67/><U25/><E88/><V43/><F20/><W95/><G134/><N who="0" m="51819" /><D121/><U128/><N who="1" m="49170" /><U72/><DORA hai="89" /><E72/><V58/><REACH who="2" step="1"/><F44/><REACH who="2" ten="250,250,240,250" step="2"/><W120/><G120/><T32/><D32/><U10/><E33/><V49/><F49/><W66/><G8/><N who="1" m="3178" /><E124/><V52/><AGARI ba="0,1" hai="13,15,43,45,48,52,58,60,78,82,84,87,90,93" machi="52" ten="20,12000,2" yaku="1,1,0,1,7,1,8,1,52,1,54,1,53,0" doraHai="101,89" doraHaiUra="26,94" who="2" fromWho="2" sc="250,-60,250,-30,240,130,250,-30" /><INIT seed="1,0,0,2,0,30" ten="190,220,370,220" oya="1" hai0="13,131,130,104,100,101,81,134,91,20,19,53,96" hai1="127,67,83,46,84,129,114,42,7,107,79,34,110" hai2="43,62,70,108,4,85,5,97,36,23,25,24,77" hai3="76,123,135,55,103,132,80,69,122,112,61,56,44"/><U121/><E114/><V22/><F108/><W90/><G103/><T120/><D134/><N who="3" m="51241" /><G90/><T125/><D125/><U82/><E121/><N who="3" m="46090" /><G80/><T86/><D120/><U33/><E107/><V128/><F128/><W39/><G76/><T48/><REACH who="0" step="1"/><D101/><REACH who="0" ten="180,220,370,220" step="2"/><U35/><E127/><V60/><F77/><W17/><G112/><T92/><D92/><U9/><E129/><V124/><F124/><W11/><G69/><T51/><D51/><U105/><E105/><V71/><F70/><W1/><G39/><T118/><D118/><U72/><E110/><V59/><F71/><W32/><G44/><AGARI ba="0,1" hai="13,19,20,44,48,53,81,86,91,96,100,104,130,131" machi="44" ten="40,1300,0" yaku="1,1,53,0" doraHai="30" doraHaiUra="28" who="0" fromWho="3" sc="180,23,220,0,370,0,220,-13" /><INIT seed="2,0,0,2,1,66" ten="203,220,370,207" oya="2" hai0="86,48,135,36,88,72,73,34,77,128,60,134,109" hai1="117,95,10,75,56,99,51,93,123,101,47,106,71" hai2="79,89,74,27,65,57,44,121,83,112,23,22,125" hai3="33,61,43,114,119,81,16,18,113,132,85,133,26"/><V98/><F112/><N who="3" m="43115" /><G43/><T105/><D36/><U130/><E117/><V68/><F121/><W46/><G46/><T115/><D115/><U52/><E75/><V50/><F125/><W124/><G119/><T107/><D34/><U8/><E71/><V32/><F32/><W111/><G111/><T96/><D48/><U69/><E69/><V17/><F57/><W127/><G61/><T55/><D60/><U3/><E130/><V67/><F68/><W41/><G41/><T97/><D55/><U7/><E123/><V110/><F110/><W39/><G39/><T38/><D38/><U13/><REACH who="1" step="1"/><E47/><REACH who="1" ten="203,210,370,207" step="2"/><V62/><F44/><W14/><G127/><T24/><D128/><U129/><E129/><V59/><F74/><N who="0" m="28778" /><D109/><U78/><E78/><V54/><F79/><N who="3" m="46271" /><G124/><T40/><D77/><U118/><E118/><V49/><F67/><W0/><G0/><T12/><D40/><U37/><E37/><V102/><F65/><W80/><G80/><N who="0" m="49223" /><D12/><U42/><E42/><V53/><F83/><W35/><G26/><T90/><D24/><U63/><E63/><V76/><F62/><W91/><G14/><T100/><D90/><U4/><AGARI ba="0,1" hai="3,4,7,8,10,13,51,52,56,93,95,99,101,106" machi="4" ten="20,5200,0" yaku="1,1,0,1,7,1,54,1,53,0" doraHai="66" doraHaiUra="116" who="1" fromWho="1" sc="203,-13,210,62,370,-26,207,-13" /><INIT seed="3,0,0,0,4,76" ten="190,272,344,194" oya="3" hai0="58,49,102,110,72,17,122,53,41,73,10,32,115" hai1="90,98,119,101,18,38,37,71,28,11,105,5,52" hai2="31,14,3,33,47,36,120,64,40,118,134,91,2" hai3="108,35,86,96,46,45,7,84,131,75,79,104,77"/><W66/><G35/><T82/><D122/><U95/><E71/><V67/><F118/><W114/><G114/><T62/><D32/><U93/><E119/><V89/><F14/><W125/><G131/><T123/><D123/><U60/><E28/><V57/><F57/><W55/><G125/><T65/><D115/><U15/><E105/><V74/><F74/><W78/><G66/><T135/><D72/><U116/><E116/><V68/><F47/><W1/><G75/><T94/><D41/><U29/><E29/><V130/><F36/><W80/><G108/><T56/><D110/><U111/><E111/><V81/><F40/><W92/><G104/><T133/><D10/><U83/><E5/><V85/><F85/><W6/><G79/><T126/><D17/><U4/><E4/><N who="3" m="1578" /><G55/><T24/><D24/><U87/><REACH who="1" step="1"/><E95/><REACH who="1" ten="190,262,344,194" step="2"/><V99/><F68/><W19/><G1/><T61/><D126/><U121/><E121/><V63/><F2/><W9/><G19/><T107/><D107/><U27/><E27/><V103/><F3/><W30/><G30/><T70/><D94/><U97/><E97/><V16/><F120/><W106/><G106/><T112/><D112/><U25/><E25/><V127/><F31/><W26/><G26/><T39/><D70/><U129/><E129/><V117/><F130/><W51/><G96/><T20/><D135/><U113/><E113/><V132/><F134/><W43/><G92/><T88/><D133/><U23/><E23/><V13/><F132/><W50/><G9/><T8/><D8/><U54/><E54/><V124/><F124/><RYUUKYOKU ba="0,1" sc="190,-10,262,30,344,-10,194,-10" hai1="11,15,18,37,38,52,60,83,87,90,93,98,101" /><INIT seed="4,1,1,5,1,39" ten="180,292,334,184" oya="0" hai0="131,79,53,71,101,132,12,76,112,106,10,15,35" hai1="61,73,81,24,107,43,48,94,80,83,58,45,32" hai2="114,97,62,69,40,126,30,96,82,60,21,28,99" hai3="5,133,129,68,130,87,18,3,86,59,75,91,104"/><T46/><D35/><U37/><E107/><V13/><F114/><W100/><G68/><T117/><D117/><U67/><E32/><V77/><F126/><W118/><G118/><T50/><D112/><U78/><E24/><V54/><F40/><W6/><G75/><T20/><D71/><U135/><E135/><V109/><F109/><W84/><G133/><T102/><D131/><U14/><E94/><V27/><F30/><W63/><G91/><T51/><D106/><U25/><E25/><V7/><F54/><W55/><G18/><N who="0" m="10311" /><D132/><U120/><E120/><V1/><F1/><W57/><G3/><T72/><D72/><U88/><E88/><V41/><F41/><W2/><G2/><T64/><D64/><U98/><E98/><V19/><F7/><W124/><G124/><T47/><D101/><U29/><E29/><V26/><F26/><W16/><G100/><T105/><D102/><U23/><REACH who="1" step="1"/><E37/><REACH who="1" ten="180,282,334,184" step="2"/><V122/><F122/><W0/><G104/><T44/><D105/><U89/><E89/><V66/><F28/><W115/><G115/><T90/><D90/><U17/><AGARI ba="1,2" hai="14,17,23,43,45,48,58,61,67,73,78,80,81,83" machi="17" ten="30,4000,0" yaku="1,1,0,1,52,1,53,0" doraHai="39" doraHaiUra="34" who="1" fromWho="1" sc="180,-21,282,63,334,-11,184,-11" /><INIT seed="5,0,0,0,0,14" ten="159,345,323,173" oya="1" hai0="26,80,69,86,81,109,51,25,112,77,60,96,36" hai1="10,34,4,33,30,132,64,68,50,5,21,71,127" hai2="93,124,18,130,79,115,103,121,13,95,128,114,66" hai3="3,47,126,39,133,8,104,54,42,83,117,31,35"/><U59/><E64/><V22/><F121/><W90/><G126/><T24/><D109/><U20/><E50/><V113/><F124/><W88/><G133/><T23/><D36/><U100/><E59/><V85/><F66/><W16/><G104/><T97/><D112/><U58/><E58/><V61/><F61/><W118/><G54/><T62/><D69/><U82/><E82/><N who="0" m="31849" /><D77/><U15/><E100/><V41/><F41/><W110/><G110/><T105/><D105/><U40/><E40/><V11/><F79/><W6/><G31/><T91/><D51/><U119/><E119/><N who="3" m="45578" /><G35/><T84/><D23/><U67/><E21/><V73/><F73/><W70/><G83/><N who="0" m="49567" /><D86/><U108/><E20/><V76/><F76/><W44/><G70/><T106/><D106/><U55/><E34/><V111/><F111/><W72/><G72/><T32/><D32/><U52/><E33/><V38/><F38/><W129/><G47/><T48/><D48/><U102/><E71/><V107/><F22/><W56/><G56/><T134/><D134/><U49/><E68/><V45/><F45/><W122/><G122/><T78/><D78/><U29/><E49/><V116/><F116/><W0/><G3/><T125/><D125/><U7/><E127/><V87/><F107/><W92/><G92/><N who="2" m="35401" /><F103/><W75/><G75/><T57/><D62/><U98/><E132/><V2/><F2/><W37/><G37/><T65/><AGARI ba="0,0" hai="24,25,26,57,60,65,96,97" m="49567,31849" machi="65" ten="30,1100,0" yaku="8,1" doraHai="14" who="0" fromWho="0" sc="159,11,345,-5,323,-3,173,-3" /><INIT seed="6,0,0,3,0,113" ten="170,340,320,170" oya="2" hai0="122,28,125,75,97,92,23,57,116,119,48,112,47" hai1="14,51,15,87,26,98,50,42,29,77,82,120,27" hai2="45,6,109,3,1,117,2,99,86,128,68,46,135" hai3="132,93,52,110,4,107,88,64,60,134,108,94,11"/><V58/><F68/><W129/><G107/><T79/><D122/><U30/><E120/><V105/><F128/><W56/><G94/><T5/><D112/><U39/><E39/><V69/><F69/><W72/><G72/><T74/><D5/><U36/><E36/><V41/><F135/><N who="3" m="51755" /><G64/><T67/><D125/><U121/><E121/><V59/><F109/><W8/><G129/><T106/><D106/><U130/><E98/><V62/><F117/><N who="0" m="45130" /><D79/><U126/><E126/><V44/><F86/><N who="3" m="52375" /><G11/><T13/><D57/><U22/><E130/><V63/><F6/><W124/><G124/><T114/><D67/><U24/><E24/><V123/><F123/><W127/><G127/><T55/><D114/><U89/><E77/><V49/><F59/><W33/><G33/><T73/><D28/><U32/><E32/><V111/><F111/><W38/><G38/><T131/><D131/><U16/><E30/><V20/><F58/><W95/><G95/><T133/><D133/><U31/><E31/><V0/><F105/><W71/><G71/><T102/><D13/><AGARI ba="0,0" hai="4,8,13,52,56,60,108,110" m="52375,51755" machi="13" ten="30,3900,0" yaku="20,1,54,2" doraHai="113" who="3" fromWho="0" sc="170,-39,340,0,320,0,170,39" /><INIT seed="7,0,0,3,4,35" ten="131,340,320,209" oya="3" hai0="97,61,62,78,80,50,68,31,83,88,132,55,34" hai1="134,2,82,104,135,63,18,11,36,54,112,101,118" hai2="41,1,89,113,65,3,95,22,71,125,45,38,90" hai3="56,84,52,73,14,99,130,100,10,58,103,77,79"/><W20/><G73/><T81/><D132/><N who="1" m="50731" /><E36/><V69/><F113/><W60/><G130/><T19/><D68/><U123/><E112/><V57/><F125/><W59/><G20/><T17/><D78/><U15/><E2/><V43/><F43/><W133/><G133/><T24/><D62/><U30/><E30/><V96/><F71/><W53/><G84/><T108/><D61/><U39/><E39/><V92/><F69/><W27/><G27/><T64/><D64/><U23/><E82/><V0/><F65/><W115/><G115/><T9/><D108/><U121/><E118/><V5/><F57/><W122/><G122/><T124/><D124/><U106/><E23/><V131/><F22/><W129/><G129/><T66/><D66/><U42/><E42/><V126/><F131/><W13/><G59/><T105/><D105/><N who="1" m="40555" /><E101/><V117/><F117/><W94/><G103/><T37/><D37/><U8/><E8/><V16/><F16/><N who="3" m="8247" /><G14/><T44/><REACH who="0" step="1"/><D9/><REACH who="0" ten="121,340,320,209" step="2"/><U29/><E11/><V86/><F126/><W116/><G116/><T26/><D26/><U40/><E123/><V33/><F5/><W32/><G79/><T4/><D4/><U72/><E121/><V98/><F33/><W75/><G77/><T128/><D128/><U74/><E63/><V47/><F47/><W70/><G32/><T107/><D107/><U67/><E67/><V111/><F111/><W6/><G70/><T51/><D51/><U7/><E7/><V119/><F119/><W21/><G6/><T46/><D46/><U85/><E15/><V91/><F95/><W87/><G94/><RYUUKYOKU ba="0,1" sc="121,15,340,-15,320,15,209,-15" hai0="17,19,24,31,34,44,50,55,80,81,83,88,97" hai2="0,1,3,38,41,45,86,89,90,91,92,96,98" owari="136,-36.4,325,12.5,345,44.5,194,-20.6" /></mjloggm>