<mjloggm ver="2.3"><GO type="169" lobby="0"/><UN n0="%E4%BE%8D" n1="%E3%81%B5%E3%82%8D%E3%82%93" n2="%6C%61%79%65%72%38%31" n3="%E3%81%9B%E3%81%A9%E3%81%AA%E3%82%8A%E3%81%82%E3%82%93" dan="17,17,17,17" rate="2238.41,2204.68,2145.71,2160.65" sx="M,M,M,F"/><TAIKYOKU oya="0"/><INIT seed="0,0,0,5,4,127" ten="250,250,250,250" oya="0" hai0="111,80,19,70,41,1,2,23,100,37,81,44,58" hai1="69,14,64,84,128,96,107,6,0,132,126,113,45" hai2="125,124,121,91,53,43,33,18,95,72,60,66,89" hai3="105,120,131,119,77,109,59,79,74,24,22,108,62"/><T110/><D70/><U51/><E0/><V114/><F121/><W98/><G119/><T73/><D100/><U13/><E132/><V94/><F114/><W30/><G120/><T61/><D1/><U102/><E126/><N who="2" m="48747" /><F72/><W78/><G74/><T49/><D2/><U115/><E84/><V106/><F106/><W118/><G118/><T10/><D10/><U83/><E83/><V87/><F33/><W97/><G105/><T3/><D3/><U67/><E6/><V68/><F43/><W122/><G122/><T25/><D37/><U65/><E69/><V86/><F18/><W39/><G39/><T101/><D101/><U47/><E128/><V112/><F112/><N who="1" m="43081" /><E45/><V12/><F12/><W55/><REACH who="3" step="1"/><G131/><REACH who="3" ten="250,250,250,240" step="2"/><T82/><REACH who="0" step="1"/><D73/><REACH who="0" ten="240,250,250,240" step="2"/><U135/><E135/><V8/><F8/><W21/><G21/><T35/><D35/><U46/><E46/><V16/><F68/><W117/><G117/><T4/><D4/><U20/><E20/><V129/><F129/><W9/><G9/><T50/><D50/><U76/><E51/><V31/><F60/><W56/><G56/><T63/><D63/><U134/><E47/><V32/><F32/><W38/><G38/><T29/><D29/><U36/><E36/><V88/><F31/><W85/><G85/><T40/><D40/><U123/><E134/><V99/><F87/><W26/><G26/><T75/><D75/><U7/><E123/><V34/><F34/><W52/><G52/><AGARI ba="0,2" hai="19,23,25,41,44,49,52,58,61,80,81,82,110,111" machi="52" ten="40,3900,0" yaku="1,1,54,1,53,0" doraHai="127" doraHaiUra="11" who="0" fromWho="3" sc="240,59,250,0,250,0,240,-39" /><INIT seed="0,1,0,0,0,9" ten="299,250,250,201" oya="0" hai0="4,8,68,128,7,117,125,60,23,63,90,76,77" hai1="109,13,129,59,135,16,100,20,0,28,95,134,46" hai2="78,71,133,123,50,55,112,70,1,12,29,34,19" hai3="42,121,31,119,69,2,54,3,56,32,97,26,57"/><T33/><D117/><U102/><E0/><V52/><F123/><W35/><G69/><T96/><D33/><U85/><E109/><V62/><F112/><W15/><G119/><T36/><D36/><U120/><E120/><V47/><F1/><W101/><G121/><T43/><D43/><U61/><E28/><V111/><F111/><W124/><G42/><T72/><D128/><U11/><E46/><V17/><F133/><N who="1" m="50697" /><E129/><V41/><F78/><W30/><G124/><T126/><D23/><U79/><E11/><V40/><F29/><W106/><G56/><T37/><D37/><U130/><E130/><V25/><F34/><W6/><G6/><T80/><D76/><U88/><E79/><V81/><F81/><W122/><G122/><T75/><D75/><U21/><E21/><N who="2" m="13487" /><F71/><W22/><G32/><T115/><D115/><U44/><E44/><V58/><F70/><W53/><G53/><AGARI ba="1,0" hai="13,16,20,53,59,61,85,88,95,100,102" m="50697" machi="53" ten="30,7700,0" yaku="20,1,52,1,54,2" doraHai="9" who="1" fromWho="3" sc="299,0,250,80,250,0,201,-80" /><INIT seed="1,0,0,0,3,79" ten="299,330,250,121" oya="1" hai0="7,20,61,104,2,8,112,120,10,85,66,83,127" hai1="103,96,62,101,23,22,108,49,93,118,115,80,1" hai2="68,132,91,48,47,50,53,76,130,92,33,52,36" hai3="69,3,60,59,37,42,89,87,28,34,12,75,19"/><U35/><E115/><V97/><F130/><W126/><G3/><T124/><D112/><U95/><E118/><V0/><F132/><W63/><G75/><T24/><D104/><U54/><E35/><V134/><F134/><W113/><G113/><T81/><D85/><U29/><E1/><V100/><F68/><W21/><G126/><N who="0" m="48171" /><D8/><U18/><E108/><V56/><F36/><W58/><G37/><T94/><D94/><U77/><E62/><V121/><F121/><W26/><G42/><T99/><D99/><U110/><E29/><V9/><F33/><W16/><G19/><N who="0" m="12319" /><D120/><U25/><E23/><V74/><F0/><W11/><G34/><T82/><D61/><N who="3" m="23625" /><G69/><T27/><D27/><U117/><E110/><V129/><F129/><W107/><G107/><T102/><D102/><U133/><E133/><V17/><F76/><W98/><G98/><T86/><D86/><N who="1" m="48399" /><E117/><V119/><F74/><W114/><G114/><T67/><AGARI ba="0,0" hai="2,7,10,66,67,81,82,83" m="12319,48171" machi="67" ten="40,8000,1" yaku="18,1,52,3" doraHai="79" who="0" fromWho="0" sc="299,80,330,-40,250,-20,121,-20" /><INIT seed="2,0,0,0,0,91" ten="379,290,230,101" oya="2" hai0="44,55,52,21,80,5,100,111,122,67,132,20,16" hai1="69,28,130,4,40,72,42,59,71,61,36,109,87" hai2="30,10,106,54,8,93,1,50,115,27,38,127,24" hai3="79,119,117,77,135,83,113,32,34,66,14,53,49"/><V123/><F115/><W29/><G66/><T88/><D122/><U26/><E72/><V103/><F127/><W73/><G113/><T17/><D111/><U48/><E4/><V104/><F38/><W86/><G135/><T121/><D121/><U120/><E120/><V116/><F116/><W75/><G14/><N who="0" m="9239" /><D132/><U112/><E87/><V128/><F128/><W107/><G107/><T126/><D126/><U37/><E26/><V82/><F27/><W90/><G29/><T64/><D100/><U114/><E28/><V33/><F123/><W81/><G117/><T125/><D5/><U101/><E101/><V98/><F1/><W56/><REACH who="3" step="1"/><G119/><REACH who="3" ten="379,290,230,91" step="2"/><T62/><D125/><U94/><E112/><V124/><F124/><W97/><G97/><T89/><D64/><U19/><E114/><V41/><F106/><W57/><G57/><N who="0" m="37327" /><D44/><U96/><E59/><V46/><F104/><W15/><G15/><N who="0" m="9407" /><D80/><AGARI ba="0,1" hai="32,34,49,53,56,73,75,77,79,80,81,83,86,90" machi="80" ten="30,3900,0" yaku="1,1,7,1,9,1,53,0" doraHai="91" doraHaiUra="13" who="3" fromWho="0" sc="379,-39,290,0,230,0,91,49" /><INIT seed="3,0,0,3,0,117" ten="340,290,230,140" oya="3" hai0="51,116,32,88,125,40,106,100,69,30,28,57,24" hai1="123,134,128,80,86,2,93,68,135,56,132,126,3" hai2="105,127,97,52,111,120,60,8,16,43,11,61,124" hai3="114,77,92,48,95,81,102,118,79,94,18,34,75"/><W115/><G34/><T14/><D116/><U27/><E68/><V89/><F111/><W44/><G118/><T129/><D125/><N who="2" m="48202" /><F43/><W98/><G18/><T87/><D129/><U54/><E126/><V110/><F110/><W35/><G35/><T99/><D30/><U63/><E128/><V25/><F120/><W78/><G48/><T53/><D69/><U103/><E27/><V36/><F36/><W70/><G44/><T71/><D71/><U9/><E9/><V67/><F67/><W83/><G70/><T66/><D66/><U37/><E37/><V29/><F61/><W108/><G108/><T26/><D26/><U113/><E113/><V10/><F29/><W4/><G4/><T107/><D14/><U33/><E33/><V62/><F52/><W96/><G75/><T112/><D112/><N who="3" m="43049" /><G102/><T39/><D39/><U21/><E103/><N who="2" m="62703" /><F89/><W41/><G41/><T17/><D40/><U23/><E63/><N who="2" m="24107" /><F25/><W31/><G31/><T72/><D72/><U64/><E64/><V45/><F45/><W58/><G58/><T90/><D90/><U49/><E56/><V0/><F0/><W13/><G13/><AGARI ba="0,0" hai="8,10,11,13,16" m="24107,62703,48202" machi="13" ten="30,2000,0" yaku="18,1,54,1" doraHai="117" who="2" fromWho="3" sc="340,0,290,0,230,20,140,-20" /><INIT seed="4,0,0,1,5,58" ten="340,290,250,120" oya="0" hai0="41,116,39,134,118,130,115,74,109,110,103,50,54" hai1="95,112,62,21,40,102,17,106,79,121,27,127,6" hai2="107,3,75,72,31,33,64,71,13,63,46,25,4" hai3="26,126,135,2,34,133,122,10,98,94,37,69,113"/><T55/><D103/><U76/><E121/><V77/><F13/><W70/><G94/><T100/><D100/><U56/><E127/><V99/><F46/><W108/><G98/><T38/><D74/><U89/><E112/><V15/><F15/><W85/><G85/><T91/><D91/><U43/><E6/><V12/><F12/><W5/><G70/><T97/><D97/><N who="1" m="57583" /><E106/><V84/><F84/><W29/><G37/><N who="0" m="13835" /><D115/><U44/><E102/><N who="2" m="62943" /><F77/><N who="1" m="29769" /><E44/><V24/><F24/><W32/><G69/><T82/><D82/><U42/><E42/><V52/><F52/><AGARI ba="0,0" hai="17,21,27,40,43,52,56,62" m="29769,57583" machi="52" ten="30,7700,0" yaku="25,1,8,1,52,1,54,1" doraHai="58" who="1" fromWho="2" sc="340,0,290,77,250,-77,120,0" /><INIT seed="5,0,0,5,0,126" ten="340,367,173,120" oya="1" hai0="87,89,28,48,79,109,63,127,7,117,29,9,40" hai1="65,66,112,43,104,23,61,113,123,14,56,11,13" hai2="119,52,44,102,118,132,135,39,81,108,15,67,41" hai3="50,57,90,121,122,16,3,73,35,27,107,0,38"/><U94/><E104/><V19/><F102/><W2/><G38/><T60/><D109/><U71/><E123/><V88/><F67/><W31/><G73/><T46/><D127/><U98/><E43/><V18/><F108/><W62/><G107/><T131/><D117/><U64/><E23/><V21/><F19/><W76/><G76/><T82/><D131/><U24/><E24/><V86/><REACH who="2" step="1"/><F52/><REACH who="2" ten="340,367,163,120" step="2"/><W134/><G121/><T17/><D17/><U47/><E66/><V34/><F34/><W84/><G122/><T54/><D54/><U129/><E65/><V120/><F120/><W100/><G100/><T92/><D63/><U110/><E61/><V1/><F1/><W99/><G62/><T85/><D60/><U59/><E59/><V6/><F6/><W75/><G57/><T68/><D68/><U74/><E56/><V72/><F72/><W101/><G75/><T77/><D79/><U78/><E78/><V36/><F36/><W69/><G69/><T42/><D40/><U103/><E103/><V96/><F96/><W95/><G50/><T25/><D25/><U105/><E98/><V10/><F10/><W55/><G55/><T115/><REACH who="0" step="1"/><D115/><REACH who="0" ten="330,367,163,120" step="2"/><U4/><E112/><V80/><F80/><W124/><G124/><T70/><D70/><U114/><E113/><V12/><F12/><AGARI ba="0,2" hai="7,9,12,28,29,42,46,48,77,82,85,87,89,92" machi="12" ten="30,8000,1" yaku="1,1,7,1,25,2,8,1,53,0" doraHai="126" doraHaiUra="111" who="0" fromWho="2" sc="330,100,367,0,163,-80,120,0" /><INIT seed="6,0,0,4,4,41" ten="430,367,83,120" oya="2" hai0="103,6,5,108,111,55,96,39,44,12,124,30,50" hai1="35,66,94,46,52,93,123,42,48,106,19,64,23" hai2="86,18,68,9,92,81,104,7,78,99,130,76,71" hai3="24,82,10,0,119,37,88,33,21,16,125,74,112"/><V91/><F130/><W102/><G119/><T114/><D30/><U27/><E106/><V65/><F18/><W131/><G102/><T63/><D39/><U11/><E123/><V3/><F65/><W62/><G131/><T126/><D63/><U75/><E75/><V133/><F133/><W80/><G33/><T1/><D12/><U132/><E132/><V49/><F49/><W60/><G37/><T101/><D101/><U13/><E35/><V51/><F104/><W45/><G125/><N who="0" m="48235" /><D114/><U134/><E134/><V59/><REACH who="2" step="1"/><F76/><REACH who="2" ten="430,367,73,120" step="2"/><W121/><G16/><T32/><D111/><U129/><E129/><V15/><F15/><W110/><G110/><T135/><D108/><U107/><E107/><V47/><F47/><W34/><G45/><T98/><D135/><U20/><E64/><V40/><F40/><W31/><G112/><T14/><D14/><U36/><E66/><V117/><F117/><W116/><G116/><T43/><D43/><U70/><E70/><V85/><F85/><W73/><G73/><T83/><D50/><U84/><E84/><V58/><F58/><W128/><G128/><T122/><D44/><U22/><REACH who="1" step="1"/><E27/><REACH who="1" ten="430,357,73,120" step="2"/><V79/><F79/><W113/><G74/><T67/><D67/><U115/><E115/><V38/><F38/><W105/><G113/><T109/><D109/><U17/><E17/><V4/><F4/><W61/><G24/><T127/><D127/><U57/><AGARI ba="0,2" hai="11,13,19,20,22,23,36,42,46,48,52,57,93,94" machi="57" ten="30,7900,0" yaku="1,1,0,1,52,1,54,1,53,0" doraHai="41" doraHaiUra="72" who="1" fromWho="1" sc="430,-20,357,99,73,-39,120,-20" /><INIT seed="7,0,0,4,4,5" ten="410,456,34,100" oya="3" hai0="45,10,71,39,122,104,82,121,8,43,116,24,55" hai1="19,64,106,13,99,54,108,2,68,60,98,44,32" hai2="40,33,127,30,6,110,15,132,126,29,42,77,83" hai3="70,103,62,21,101,36,76,11,50,63,84,125,112"/><W94/><G36/><T80/><D116/><U12/><E108/><V91/><F91/><W41/><G112/><T90/><D104/><U85/><E2/><V46/><F42/><W66/><G125/><T35/><D71/><U49/><E32/><V88/><F110/><W53/><G21/><T51/><D122/><U134/><E134/><V124/><F132/><W31/><G31/><T61/><D121/><U97/><E13/><V130/><F130/><W38/><G62/><T81/><D61/><U118/><E118/><V56/><F56/><W3/><G94/><T113/><D113/><U0/><E0/><V79/><F33/><W111/><G84/><T1/><D1/><U58/><E85/><V129/><F129/><W65/><G65/><T17/><D90/><U67/><E106/><V73/><F77/><W9/><G3/><T109/><D109/><U25/><E25/><V22/><F88/><W48/><G48/><T102/><D102/><N who="3" m="38921" /><G76/><T86/><D86/><U7/><E7/><V107/><F107/><W16/><G16/><T34/><D34/><U128/><E128/><V28/><F22/><W74/><G74/><T27/><D17/><U72/><E72/><V115/><F115/><W47/><G111/><T52/><D55/><N who="1" m="30119" /><E68/><V37/><REACH who="2" step="1"/><F30/><REACH who="2" ten="410,456,24,100" step="2"/><W100/><G100/><T133/><D133/><U69/><E69/><V4/><F4/><W59/><AGARI ba="0,1" hai="9,11,38,41,47,50,53,59,63,66,70" m="38921" machi="59" ten="30,6000,0" yaku="24,1,52,2" doraHai="5" who="3" fromWho="3" sc="410,-20,456,-20,24,-20,100,70" /><INIT seed="7,1,0,0,2,114" ten="390,436,4,170" oya="3" hai0="63,21,100,96,84,81,31,79,71,22,11,66,1" hai1="24,37,105,131,125,111,9,56,133,30,51,40,59" hai2="69,93,90,60,99,97,129,55,110,12,39,62,103" hai3="19,124,94,32,135,67,49,116,104,6,107,113,122"/><W102/><G122/><T33/><D1/><U36/><E105/><V130/><F110/><W98/><G32/><T2/><D2/><U108/><E9/><V83/><F39/><N who="1" m="14921" /><E24/><V43/><F43/><W92/><G135/><T54/><D11/><U26/><E26/><V25/><F12/><W38/><G113/><T126/><D126/><U35/><E30/><V58/><F83/><W65/><G38/><T95/><D54/><U46/><E35/><V123/><F123/><W128/><G128/><T134/><D134/><U77/><E77/><V78/><F78/><W44/><G6/><T89/><D33/><U45/><E133/><V64/><F25/><W73/><G73/><T115/><D115/><U10/><E10/><V34/><F34/><W120/><G116/><T0/><D0/><U72/><E72/><V7/><F7/><W13/><G124/><T53/><D31/><U101/><E101/><V52/><F55/><W86/><G120/><T74/><REACH who="0" step="1"/><D53/><REACH who="0" ten="380,436,4,170" step="2"/><N who="1" m="29943" /><E125/><V87/><F129/><W47/><G13/><T41/><D41/><U121/><E121/><V29/><F29/><W106/><G19/><T68/><D68/><U14/><E14/><V16/><F16/><W76/><G76/><T70/><D70/><U20/><E131/><V127/><F127/><W42/><G42/><T50/><D50/><N who="1" m="26919" /><E111/><V5/><F5/><W3/><G3/><T61/><D61/><U8/><E108/><V48/><F130/><W57/><G49/><T118/><D118/><U15/><E8/><V17/><F17/><W82/><G82/><AGARI ba="1,1" hai="21,22,63,66,71,74,79,81,82,84,89,95,96,100" machi="82" ten="30,3900,0" yaku="1,1,7,1,53,1" doraHai="114" doraHaiUra="85" who="0" fromWho="3" sc="380,52,436,0,4,0,170,-42" owari="432,23.2,436,53.6,4,-49.6,128,-27.2" /></mjloggm>