<mjloggm ver="2.3"><GO type="169" lobby="0"/><UN n0="%E7%89%A7%E5%A0%B4%E3%81%AE%E5%B0%8F%E5%A5%B3" n1="%E6%B3%A2%E4%B9%83%E7%90%86" n2="%E3%81%AF%E3%81%BE%E3%81%A1%E3%83%AA%E3%83%BC%E3%82%B0" n3="%3E%5F%30%40%E6%9D%8F%E6%9D%8F%E8%BB%8D%E5%9C%98" dan="16,16,17,16" rate="2172.62,2135.08,2152.59,2148.26" sx="F,M,M,F"/><TAIKYOKU oya="0"/><INIT seed="0,0,0,4,2,55" ten="250,250,250,250" oya="0" hai0="57,65,44,78,46,62,19,4,22,6,81,90,47" hai1="88,111,77,9,110,53,127,3,80,119,21,93,61" hai2="63,16,54,56,121,98,133,114,128,42,101,86,67" hai3="36,73,134,28,51,120,26,5,11,69,84,29,70"/><T23/><D90/><U1/><E119/><V91/><F121/><W32/><G28/><T116/><D116/><U126/><E9/><V131/><F114/><W87/><G120/><T130/><D130/><N who="2" m="49706" /><F42/><W100/><G134/><T12/><REACH who="0" step="1"/><D22/><REACH who="0" ten="240,250,250,250" step="2"/><U49/><E21/><V34/><F133/><W103/><G100/><T8/><D8/><U94/><E3/><V117/><F117/><W7/><G103/><T33/><D33/><U109/><E1/><V10/><F34/><W96/><G11/><T72/><AGARI ba="0,1" hai="4,6,12,19,23,44,46,47,57,62,65,72,78,81" machi="72" ten="30,6000,0" yaku="1,1,0,1,52,1,53,0" doraHai="55" doraHaiUra="102" who="0" fromWho="0" sc="240,70,250,-20,250,-20,250,-20" /><INIT seed="0,1,0,3,4,93" ten="310,230,230,230" oya="0" hai0="94,96,77,117,130,83,76,89,98,81,104,14,135" hai1="13,47,134,51,106,125,18,107,5,120,30,82,133" hai2="111,87,103,34,3,129,56,62,88,127,68,101,22" hai3="25,1,113,95,124,31,78,102,71,100,118,26,67"/><T99/><D117/><U105/><E120/><V97/><F34/><W119/><G113/><T79/><D135/><N who="1" m="51723" /><E125/><V91/><F127/><W108/><G124/><T61/><D130/><U2/><E30/><V44/><F68/><W128/><G1/><T20/><D61/><U63/><E82/><N who="0" m="31241" /><D104/><U132/><N who="1" m="51731" /><U27/><DORA hai="75" /><E27/><V10/><F22/><W92/><G67/><T122/><D122/><U28/><E28/><V29/><F29/><W4/><G31/><T58/><D58/><U6/><E63/><V38/><F56/><W72/><G72/><T52/><D52/><N who="1" m="29823" /><E2/><V19/><F62/><W70/><G4/><T53/><D53/><U16/><E18/><AGARI ba="1,0" hai="14,18,20,76,77,79,89,94,96,98,99" m="31241" machi="18" ten="30,18000,2" yaku="8,1,52,6" doraHai="93,75" who="0" fromWho="1" sc="310,183,230,-183,230,0,230,0" /><INIT seed="0,2,0,3,3,95" ten="493,47,230,230" oya="0" hai0="114,1,34,80,97,96,52,103,87,117,72,9,110" hai1="118,14,32,45,60,109,86,37,106,112,31,127,57" hai2="101,39,104,90,123,0,26,16,30,115,84,105,88" hai3="64,100,71,99,15,92,102,38,65,12,66,27,7"/><T67/><D114/><U124/><E86/><V59/><F123/><W120/><G38/><T126/><D117/><U76/><E76/><V68/><F68/><W22/><G120/><T25/><D72/><U17/><E118/><V93/><F115/><W82/><G71/><T40/><D67/><U48/><E106/><V91/><F0/><W77/><G7/><T134/><D40/><U119/><E119/><V128/><F39/><W4/><G4/><T46/><D134/><U58/><E112/><V79/><F128/><W47/><G47/><T33/><D126/><N who="1" m="48171" /><E31/><V51/><F79/><W35/><G102/><T10/><D110/><U24/><E24/><V36/><F36/><W6/><G6/><T73/><D73/><U41/><E32/><V19/><F104/><W23/><G35/><T63/><D1/><U56/><E14/><V122/><F101/><W98/><G98/><T78/><D103/><U2/><E2/><V54/><F105/><W111/><G111/><T81/><D81/><U108/><E17/><V29/><F122/><W11/><G11/><N who="0" m="4107" /><D33/><U13/><E13/><V74/><F74/><W113/><G113/><T21/><D34/><U50/><E60/><V129/><F129/><W85/><G23/><T69/><D69/><U83/><E83/><V42/><F29/><AGARI ba="2,0" hai="12,15,22,27,29,64,65,66,77,82,85,92,99,100" machi="29" ten="40,2600,0" yaku="8,1,52,1" doraHai="95" who="3" fromWho="2" sc="493,0,47,0,230,-32,230,32" /><INIT seed="1,0,0,1,2,45" ten="493,47,198,262" oya="1" hai0="29,39,120,50,10,90,66,133,134,9,1,102,83" hai1="91,88,33,22,8,63,131,52,93,116,92,122,46" hai2="115,44,85,74,128,98,108,113,36,62,17,42,99" hai3="95,105,107,124,32,94,70,84,72,19,112,57,101"/><U103/><E33/><V104/><F74/><W41/><G70/><T64/><D39/><U78/><E122/><V53/><F108/><W67/><G32/><T65/><D120/><U13/><E116/><V16/><F128/><W81/><G41/><T26/><D102/><U3/><E3/><V35/><F35/><W38/><G38/><T20/><D50/><N who="1" m="28759" /><E78/><V110/><F110/><W114/><G19/><N who="2" m="7241" /><F85/><W23/><G23/><T75/><D1/><U97/><E22/><V100/><F98/><N who="3" m="59615" /><G57/><T130/><D130/><U61/><E131/><V12/><F12/><W76/><G67/><T127/><D127/><U121/><E121/><V49/><F62/><N who="1" m="23561" /><E93/><V25/><F25/><W96/><G124/><T21/><D21/><U15/><E15/><V2/><F2/><W6/><G114/><N who="2" m="43529" /><F36/><W111/><G112/><T27/><D134/><U79/><E79/><V82/><F82/><N who="3" m="45319" /><G111/><T58/><D133/><U71/><E71/><V5/><F104/><W31/><G107/><T40/><D40/><U123/><E123/><V30/><F42/><W56/><G81/><T34/><D58/><U87/><E87/><V14/><F14/><W132/><G56/><T86/><D75/><U117/><E117/><V118/><F118/><W24/><G132/><T7/><D7/><AGARI ba="0,0" hai="7,8,13,88,91,92,97,103" m="23561,28759" machi="7" ten="30,11600,0" yaku="8,1,52,1,54,2" doraHai="45" who="1" fromWho="0" sc="493,-116,47,116,198,0,262,0" /><INIT seed="1,1,0,3,4,71" ten="377,163,198,262" oya="1" hai0="50,125,52,7,11,48,33,132,97,16,60,91,36" hai1="56,90,54,98,24,66,106,4,12,64,37,47,115" hai2="80,1,59,3,112,43,124,14,130,100,26,53,18" hai3="129,121,63,95,110,96,58,92,5,62,49,79,120"/><U55/><E115/><V105/><F112/><W82/><G129/><T135/><D33/><U102/><E24/><V108/><F130/><W13/><G110/><T42/><D125/><U6/><E55/><V128/><F128/><W65/><G92/><T118/><D118/><U10/><E90/><V116/><F116/><W113/><G113/><T127/><D127/><U73/><E73/><V117/><F117/><W103/><G49/><T89/><D60/><U0/><E0/><V41/><F108/><W38/><G38/><T34/><D34/><U126/><E4/><V114/><F105/><W74/><G5/><T109/><D109/><U99/><E99/><V83/><F3/><W44/><G44/><N who="0" m="23623" /><D48/><U32/><E32/><V87/><F1/><W21/><G13/><N who="0" m="7231" /><D97/><U131/><E131/><V94/><F43/><W22/><G21/><T19/><D19/><U70/><E70/><V61/><F18/><W88/><G22/><T111/><D7/><U23/><E23/><V31/><F124/><W86/><REACH who="3" step="1"/><G62/><REACH who="3" ten="377,163,198,252" step="2"/><T45/><D111/><U9/><E126/><V67/><F61/><W15/><G15/><T30/><D30/><U35/><E35/><V84/><F14/><W2/><G2/><T51/><D50/><N who="1" m="30807" /><E10/><V68/><F114/><W123/><G123/><T134/><AGARI ba="1,1" hai="45,51,52,89,91,132,134,135" m="7231,23623" machi="134" ten="30,7900,0" yaku="20,1,52,1,54,2" doraHai="71" who="0" fromWho="0" sc="377,92,163,-40,198,-21,252,-21" /><INIT seed="2,0,0,0,5,21" ten="469,123,177,231" oya="2" hai0="99,6,57,109,126,113,93,34,119,107,79,24,128" hai1="129,58,26,89,56,2,35,4,81,8,118,38,123" hai2="1,76,130,70,23,75,120,11,97,46,36,65,135" hai3="12,90,132,48,32,68,117,121,61,94,31,7,9"/><V10/><F120/><W64/><G121/><T66/><D113/><U105/><E123/><V98/><F130/><W133/><G117/><T5/><D107/><U131/><E105/><V33/><F135/><W134/><G48/><T95/><D119/><U42/><E118/><V127/><F127/><W27/><G94/><T112/><D109/><U71/><E71/><V114/><F33/><W96/><G90/><T50/><D79/><U84/><E42/><N who="2" m="22855" /><F11/><W29/><G29/><T85/><D128/><N who="1" m="49227" /><E38/><V41/><F41/><W15/><REACH who="3" step="1"/><G96/><REACH who="3" ten="469,123,177,221" step="2"/><T106/><D50/><U3/><E2/><AGARI ba="0,1" hai="2,7,9,12,15,27,31,32,61,64,68,132,133,134" machi="2" ten="40,8000,1" yaku="1,1,2,1,20,1,52,1,53,0" doraHai="21" doraHaiUra="110" who="3" fromWho="1" sc="469,0,123,-80,177,0,221,90" /><INIT seed="3,0,0,2,4,109" ten="469,43,177,311" oya="3" hai0="113,14,12,75,7,2,93,36,91,59,6,51,81" hai1="87,63,38,125,19,67,112,90,70,10,69,18,64" hai2="101,33,102,60,66,16,62,29,21,48,72,23,122" hai3="5,65,88,41,32,17,37,134,71,11,8,77,127"/><W34/><G127/><T110/><D110/><U53/><E125/><V57/><F72/><W74/><G134/><T103/><D36/><U61/><E38/><V118/><F118/><W119/><G119/><T89/><D103/><U56/><E10/><V50/><F33/><W107/><G17/><T129/><D129/><U42/><E42/><V86/><F122/><W100/><G11/><T85/><D113/><U25/><E25/><N who="2" m="16559" /><F62/><W44/><G88/><T79/><D89/><U76/><E76/><V133/><F133/><W131/><G131/><T117/><D117/><U124/><E124/><V96/><F86/><W24/><G24/><T115/><D115/><U121/><E121/><V126/><F126/><W0/><G65/><T80/><D80/><U99/><E99/><V39/><F39/><W22/><G22/><T58/><D58/><U105/><E105/><V1/><F1/><W92/><G92/><T135/><D135/><U30/><E30/><V13/><F96/><N who="3" m="61831" /><G71/><T130/><D130/><U28/><E28/><V104/><F104/><W94/><G94/><T27/><D27/><U98/><E98/><V95/><F95/><W120/><G120/><T83/><D93/><U108/><E108/><V49/><AGARI ba="0,0" hai="13,16,23,48,49,50,57,60,66,101,102" m="16559" machi="49" ten="30,2000,0" yaku="8,1,54,1" doraHai="109" who="2" fromWho="2" sc="469,-5,43,-5,177,20,311,-10" /><INIT seed="4,0,0,5,3,129" ten="464,38,197,301" oya="0" hai0="44,39,17,76,40,109,37,111,52,124,70,89,123" hai1="84,101,114,15,61,107,10,77,117,58,125,16,119" hai2="120,75,116,133,8,131,27,53,18,115,54,113,31" hai3="4,57,94,110,29,1,33,92,14,21,99,118,51"/><T71/><D76/><U48/><E125/><V83/><F120/><W67/><G110/><N who="0" m="41995" /><D89/><U30/><E30/><V34/><F131/><W69/><G118/><T50/><D17/><U80/><E107/><V90/><F116/><W132/><G132/><T56/><D123/><U6/><E101/><V32/><F133/><W93/><G69/><N who="0" m="26123" /><D124/><U108/><E108/><V20/><F8/><N who="3" m="4359" /><G1/><T25/><D25/><U85/><E85/><N who="2" m="50495" /><F75/><W86/><G33/><N who="2" m="12905" /><F18/><W0/><G0/><T103/><D103/><U36/><E36/><AGARI ba="0,0" hai="36,37,39,40,44,50,52,56" m="26123,41995" machi="36" ten="30,11600,0" yaku="10,1,34,2,54,1" doraHai="129" who="0" fromWho="1" sc="464,116,38,-116,197,0,301,0" owari="580,68.0,-78,-57.8,197,-20.3,301,10.1" /></mjloggm>