<mjloggm ver="2.3"><GO type="169" lobby="0"/><UN n0="%E3%82%88%E3%82%8B%E3%81%A8%E3%81%AE%E4%BA%BA%E7%94%9F%E3%83%BC" n1="%E6%9C%88%E5%A4%9C%E3%81%AB%E9%A2%A8" n2="%E3%81%A8%E3%82%8D%E3%82%8D%E3%81%9D%E3%81%B0" n3="%70%6F%6E%2D%65%6E" dan="16,16,17,16" rate="2079.73,2059.15,2250.64,2147.61" sx="M,M,M,F"/><TAIKYOKU oya="0"/><INIT seed="0,0,0,3,0,28" ten="250,250,250,250" oya="0" hai0="133,43,66,109,121,39,102,95,1,110,51,27,76" hai1="26,97,89,6,69,104,31,80,103,115,35,30,5" hai2="12,61,38,59,134,13,135,63,20,116,132,83,72" hai3="29,54,91,90,46,48,53,9,119,82,74,17,37"/><T40/><D121/><U64/><E115/><V122/><F122/><W32/><G119/><T65/><D1/><U47/><E31/><V85/><F38/><W60/><G37/><T93/><D76/><U24/><E24/><V106/><F116/><W25/><G74/><T44/><D102/><U2/><E47/><V10/><F72/><W123/><G123/><T0/><D0/><U19/><E19/><V92/><F106/><W3/><G82/><T34/><D95/><U78/><E89/><V23/><F92/><W16/><G3/><T11/><D11/><U62/><REACH who="1" step="1"/><E2/><REACH who="1" ten="250,240,250,250" step="2"/><V120/><F120/><W130/><G17/><T73/><D27/><U101/><E101/><V75/><F13/><W108/><G16/><T22/><D44/><U107/><E107/><V70/><F12/><W118/><G46/><T88/><D88/><U86/><AGARI ba="0,1" hai="5,6,26,30,35,62,64,69,78,80,86,97,103,104" machi="86" ten="20,12000,2" yaku="1,1,0,1,7,1,25,2,52,1,53,0" doraHai="28" doraHaiUra="126" who="1" fromWho="1" sc="250,-60,240,130,250,-30,250,-30" /><INIT seed="1,0,0,4,1,115" ten="190,370,220,220" oya="1" hai0="63,125,33,0,28,42,16,99,98,47,72,111,132" hai1="58,118,8,56,48,66,84,73,77,49,43,113,52" hai2="101,70,87,71,90,54,131,53,112,107,45,23,92" hai3="64,79,89,69,57,12,14,80,95,106,4,76,15"/><U97/><E73/><V29/><F112/><W127/><G127/><T88/><D125/><U130/><E113/><V103/><F131/><W134/><G106/><T44/><D72/><U100/><E130/><V83/><F107/><W6/><G69/><T31/><D0/><U65/><E118/><V128/><F128/><W19/><G134/><T78/><D78/><N who="3" m="29737" /><G80/><T7/><D7/><N who="3" m="2601" /><G57/><T2/><D2/><U91/><E77/><V121/><F121/><W119/><G64/><T85/><D132/><U67/><E8/><V102/><F71/><W3/><G3/><T50/><D33/><U60/><E43/><V74/><F70/><W35/><G35/><T55/><D63/><U116/><E116/><V13/><F74/><W124/><G119/><T120/><D120/><U27/><E48/><V5/><F5/><W22/><G124/><T81/><D111/><U86/><E27/><V11/><F11/><W51/><G51/><T114/><D114/><U9/><E9/><V18/><F29/><W117/><G117/><T104/><D104/><U25/><E25/><V93/><F45/><W26/><G26/><T21/><D31/><U36/><E36/><V82/><F82/><W75/><G75/><T123/><D28/><U61/><E49/><V37/><F37/><W94/><G94/><AGARI ba="0,0" hai="13,18,23,53,54,83,87,90,92,93,94,101,102,103" machi="94" ten="40,1300,0" yaku="8,1" doraHai="115" who="2" fromWho="3" sc="190,0,370,0,220,13,220,-13" /><INIT seed="2,0,0,0,3,57" ten="190,370,233,207" oya="2" hai0="111,107,74,93,55,77,89,16,24,7,72,29,81" hai1="70,115,64,131,3,5,119,13,2,87,35,124,133" hai2="105,25,134,103,114,52,102,98,91,33,22,108,18" hai3="76,20,10,68,69,66,104,127,21,47,53,6,130"/><V101/><F114/><W110/><G110/><T45/><D111/><U122/><E122/><V61/><F108/><W97/><G127/><T113/><D113/><U128/><E128/><V67/><F134/><W31/><G130/><T15/><D7/><U34/><E87/><V43/><F43/><W1/><G76/><T49/><D107/><U50/><E50/><V17/><F33/><W51/><G31/><T27/><D72/><U132/><E64/><V78/><F78/><W92/><G104/><T12/><D29/><U126/><E70/><V135/><F135/><W46/><G46/><T28/><D28/><U9/><E119/><V106/><F17/><W120/><G120/><T30/><D30/><U14/><E9/><V86/><F106/><W65/><G65/><T38/><D38/><U117/><E131/><V8/><F8/><W54/><G54/><T79/><D79/><U11/><E11/><V71/><REACH who="2" step="1"/><F52/><REACH who="2" ten="190,370,223,207" step="2"/><W129/><G129/><T118/><D118/><U84/><E115/><V125/><F125/><W123/><G123/><T41/><D41/><U26/><E117/><V4/><F4/><W82/><G21/><T60/><D16/><U0/><E5/><V36/><F36/><W40/><G20/><T59/><D45/><U80/><E132/><V37/><F37/><W88/><G40/><T90/><D49/><U85/><E133/><V32/><F32/><W56/><G82/><AGARI ba="0,1" hai="18,22,25,61,67,71,82,86,91,98,101,102,103,105" machi="82" ten="30,5800,0" yaku="1,1,7,1,52,1,53,0" doraHai="57" doraHaiUra="48" who="2" fromWho="3" sc="190,0,370,0,223,68,207,-58" /><INIT seed="2,1,0,3,3,88" ten="190,370,291,149" oya="2" hai0="125,119,24,48,81,100,106,80,7,118,86,62,131" hai1="8,59,37,42,79,127,92,115,38,3,13,21,46" hai2="97,10,129,103,126,56,52,71,63,84,72,130,99" hai3="76,87,133,94,96,11,82,74,26,70,15,22,112"/><V95/><F72/><W89/><G133/><T120/><D120/><U128/><E115/><V18/><F126/><W20/><G112/><T17/><D125/><U41/><E128/><V16/><F71/><W109/><G109/><T101/><D131/><N who="2" m="50186" /><F84/><W51/><G70/><T110/><D7/><U57/><E79/><V43/><F43/><W102/><G51/><T121/><D121/><U105/><E105/><N who="2" m="63727" /><F10/><W116/><G26/><T23/><D86/><U39/><E3/><V135/><F135/><W68/><G116/><T25/><D24/><U4/><E127/><V66/><F66/><W1/><G68/><T134/><D134/><U12/><E39/><V113/><F113/><W54/><G54/><T77/><D119/><U117/><E117/><V58/><F56/><W107/><G1/><T28/><D118/><U34/><E34/><V60/><F60/><W122/><G122/><T104/><D62/><U33/><E33/><V50/><F63/><W73/><G73/><T45/><D110/><U27/><E42/><V98/><F98/><W114/><G114/><T123/><D123/><U132/><E132/><V31/><F31/><W108/><G108/><T65/><D28/><U124/><E38/><V44/><F58/><N who="1" m="22025" /><E124/><V14/><F14/><W0/><G0/><T93/><D65/><U32/><E13/><V2/><F2/><W5/><AGARI ba="1,0" hai="5,11,15,20,22,74,76,82,87,89,94,96,102,107" machi="5" ten="20,8000,1" yaku="0,1,7,1,24,2,52,1" doraHai="88" who="3" fromWho="3" sc="190,-21,370,-21,291,-41,149,83" /><INIT seed="3,0,0,5,2,80" ten="169,349,250,232" oya="3" hai0="117,13,74,110,121,116,38,86,24,118,115,54,97" hai1="47,16,67,50,3,41,20,0,2,33,102,5,128" hai2="11,30,10,40,39,83,31,61,79,49,34,63,14" hai3="135,46,103,95,130,6,12,9,92,77,87,43,21"/><W17/><G130/><T84/><D38/><U23/><E128/><V108/><F39/><W1/><G135/><T35/><D121/><U81/><E33/><V124/><F108/><W88/><G77/><T44/><D110/><U100/><E67/><V123/><F124/><W37/><REACH who="3" step="1"/><G103/><REACH who="3" ten="169,349,250,222" step="2"/><T78/><D78/><U26/><E102/><V15/><F123/><W133/><G133/><T42/><D117/><U113/><E100/><V76/><F76/><W48/><G48/><T70/><D118/><U114/><E114/><V132/><F132/><W112/><G112/><T131/><D115/><U51/><E113/><V134/><F134/><W59/><G59/><T57/><D116/><U69/><E51/><V7/><F49/><W94/><AGARI ba="0,1" hai="1,6,9,12,17,21,37,43,46,87,88,92,94,95" machi="94" ten="20,12000,1" yaku="1,1,0,1,7,1,52,1,54,1,53,0" doraHai="80" doraHaiUra="120" who="3" fromWho="3" sc="169,-40,349,-40,250,-40,222,130" /><INIT seed="3,1,0,3,3,88" ten="129,309,210,352" oya="3" hai0="94,77,72,133,134,85,73,27,91,31,56,81,41" hai1="54,100,58,32,99,14,26,18,112,128,43,117,106" hai2="119,111,102,1,17,116,120,132,20,87,123,74,19" hai3="23,63,92,75,40,24,57,125,13,122,35,36,21"/><W12/><G125/><T10/><D41/><U60/><E112/><V105/><F74/><W118/><G118/><T79/><D10/><U50/><E117/><N who="2" m="45131" /><F105/><W121/><G35/><T66/><D66/><U114/><E128/><V89/><F102/><W37/><G75/><T46/><D46/><U103/><E114/><V97/><F97/><W90/><G121/><N who="2" m="46665" /><F1/><W15/><G122/><T3/><D56/><U71/><E103/><V9/><F132/><W51/><G51/><T69/><D69/><U8/><E71/><V82/><F111/><W29/><G40/><T16/><D3/><U70/><E70/><V64/><F64/><W126/><G126/><T6/><D6/><U28/><REACH who="1" step="1"/><E43/><REACH who="1" ten="129,299,210,352" step="2"/><V47/><F47/><W55/><REACH who="3" step="1"/><G23/><REACH who="3" ten="129,299,210,342" step="2"/><T127/><D127/><U115/><E115/><V83/><F20/><W84/><AGARI ba="1,2" hai="12,13,15,21,24,29,36,37,55,57,63,84,90,92" machi="84" ten="30,11700,0" yaku="1,1,2,1,0,1,52,1,53,0" doraHai="88" doraHaiUra="4" who="3" fromWho="3" sc="129,-40,299,-40,210,-40,342,140" /><INIT seed="3,2,0,1,1,109" ten="89,259,170,482" oya="3" hai0="14,79,47,5,16,82,125,4,7,78,58,70,96" hai1="45,111,52,74,100,95,73,124,50,94,129,87,115" hai2="36,81,28,18,92,23,98,17,84,29,6,119,134" hai3="10,66,1,71,126,103,49,64,105,34,90,62,89"/><W77/><G126/><T93/><D70/><U121/><E121/><V120/><F36/><W12/><G1/><T37/><D125/><U123/><E123/><V55/><F119/><W133/><G133/><T41/><D58/><U60/><E124/><V27/><F134/><W72/><G64/><T39/><D37/><U130/><E111/><V101/><F120/><W57/><G77/><T19/><D14/><U117/><E117/><V68/><F68/><W33/><G72/><T135/><D135/><U13/><E115/><V54/><F6/><W30/><G57/><T113/><D113/><U99/><E60/><V46/><F29/><W32/><G49/><T102/><REACH who="0" step="1"/><D78/><REACH who="0" ten="79,259,170,482" step="2"/><U2/><E13/><V22/><F46/><W8/><G12/><T24/><D24/><U65/><E2/><V0/><F0/><W25/><G8/><T76/><D76/><U106/><E65/><V114/><F114/><W51/><G10/><T118/><D118/><U80/><E130/><V11/><F11/><W86/><G51/><T91/><D91/><U97/><E129/><V59/><F59/><W31/><G90/><T122/><D122/><U26/><E26/><N who="2" m="14671" /><F28/><W53/><G31/><T69/><D69/><U56/><E45/><V83/><F83/><W128/><G128/><T107/><D107/><U104/><E106/><V110/><F110/><W44/><G44/><T131/><D131/><U116/><E116/><V20/><F20/><W108/><G108/><T88/><D88/><AGARI ba="2,1" hai="18,23,27,54,55,81,84,88,92,98,101" m="14671" machi="88" ten="30,2000,0" yaku="8,1,54,1" doraHai="109" who="2" fromWho="0" sc="79,-26,259,0,170,36,482,0" /><INIT seed="4,0,0,0,3,69" ten="53,259,206,482" oya="0" hai0="133,11,30,104,8,130,61,75,117,71,10,16,49" hai1="26,0,23,68,81,18,38,55,20,109,51,122,28" hai2="97,33,105,73,64,127,19,110,27,74,1,86,111" hai3="5,3,24,39,52,6,12,53,66,56,96,95,44"/><T50/><D117/><U2/><E109/><V41/><F86/><W131/><G3/><T59/><D130/><U100/><E122/><V40/><F19/><W45/><G66/><T31/><D133/><U67/><E38/><V57/><F57/><W72/><G72/><T83/><D71/><U125/><E125/><V88/><F127/><W118/><G131/><T48/><D104/><U14/><E100/><V116/><F116/><W90/><G118/><T32/><D32/><U80/><E0/><V106/><F1/><W132/><G132/><T112/><D112/><U82/><E2/><V126/><F64/><W62/><G24/><T128/><D128/><U91/><E67/><V114/><F27/><W113/><G113/><T134/><D134/><U129/><E68/><V13/><F13/><W7/><G39/><T94/><D94/><U85/><E129/><V54/><F126/><W108/><G108/><T58/><D16/><U46/><AGARI ba="0,0" hai="14,18,20,23,26,28,46,51,55,80,81,82,85,91" machi="46" ten="20,2700,0" yaku="0,1,7,1,8,1" doraHai="69" who="1" fromWho="1" sc="53,-13,259,27,206,-7,482,-7" /><INIT seed="5,0,0,5,2,114" ten="40,286,199,475" oya="1" hai0="64,62,56,119,108,23,45,35,111,102,74,42,29" hai1="68,52,28,81,80,4,95,89,91,75,122,131,92" hai2="129,79,26,117,54,51,135,85,33,37,105,112,36" hai3="125,17,65,116,5,70,19,47,38,39,106,55,66"/><U15/><E122/><V2/><F105/><W76/><G106/><T118/><D35/><U58/><E131/><V127/><F2/><W124/><G116/><N who="0" m="44587" /><D29/><U96/><E68/><V123/><F123/><W24/><G5/><T32/><D23/><U30/><E75/><V69/><F69/><W121/><G24/><T78/><D32/><U53/><E15/><V27/><F117/><W100/><G19/><T14/><D14/><U73/><E73/><V63/><F129/><W6/><G17/><T113/><D113/><U0/><E4/><V22/><F112/><W130/><G6/><T50/><D102/><U44/><E44/><V21/><F33/><W59/><G47/><N who="0" m="25975" /><D78/><U8/><E8/><V132/><F79/><W109/><G100/><T86/><D86/><U88/><E0/><V9/><F85/><W12/><G76/><T61/><D74/><U31/><E58/><V120/><F9/><W48/><G59/><N who="0" m="36927" /><D45/><U110/><E96/><V18/><F22/><W10/><G12/><T34/><D34/><U11/><E11/><V41/><F27/><W43/><G10/><T7/><D7/><U94/><E110/><V1/><F1/><W49/><G109/><T107/><D107/><U13/><E13/><V133/><F26/><W72/><G72/><T90/><D90/><U134/><E134/><V128/><F21/><W104/><G104/><T101/><D101/><U83/><AGARI ba="0,0" hai="28,30,31,52,53,80,81,83,88,89,91,92,94,95" machi="83" ten="40,48000,5" yakuman="40" doraHai="114" who="1" fromWho="1" sc="40,-160,286,480,199,-160,475,-160" owari="-120,-62.0,766,86.6,39,-36.1,315,11.5" /></mjloggm>