<mjloggm ver="2.3"><GO type="225" lobby="0"/><UN n0="%E3%81%BF%E3%81%BF%E3%81%9A" n1="%E3%81%94%E3%83%BC%E3%81%A9%E3%82%93" n2="%E3%83%A9%E3%82%B9%E7%8E%87%EF%BC%93%E5%89%B2" n3="%E3%83%96%E3%83%83%E3%83%91%E3%82%AA%E3%83%96%E3%83%81%E3%82%AD%E3%83%B3" dan="17,16,17,16" rate="2243.87,2088.33,2195.41,2135.84" sx="M,M,F,M"/><TAIKYOKU oya="0"/><INIT seed="0,0,0,2,4,55" ten="250,250,250,250" oya="0" hai0="123,78,79,62,7,19,1,92,69,29,100,66,26" hai1="74,125,73,10,32,94,25,63,112,85,18,60,111" hai2="39,135,4,119,97,2,127,27,22,5,108,126,0" hai3="65,20,53,12,129,41,8,17,102,57,15,90,13"/><T93/><D123/><U99/><E111/><V23/><F39/><W88/><G129/><T51/><D19/><U48/><E125/><N who="2" m="47627" /><F97/><W86/><G102/><T89/><D100/><U40/><E112/><V67/><F67/><W11/><G41/><T105/><D105/><U82/><E74/><V80/><F80/><W38/><G38/><T14/><D1/><N who="2" m="618" /><F108/><W116/><G116/><T33/><D92/><U95/><E73/><V6/><F119/><W16/><G65/><T96/><REACH who="0" step="1"/><D51/><REACH who="0" ten="240,250,250,250" step="2"/><U70/><E48/><V76/><F76/><W84/><G90/><T75/><D75/><U59/><E95/><V30/><F135/><W77/><G77/><T83/><D83/><U131/><E82/><V56/><F56/><W50/><REACH who="3" step="1"/><G88/><REACH who="3" ten="240,250,250,240" step="2"/><T133/><D133/><U43/><E131/><V3/><F3/><W64/><G64/><T117/><D117/><U68/><E68/><V54/><F54/><W24/><G24/><T46/><D46/><U106/><E25/><V113/><F113/><W45/><G45/><T49/><D49/><U124/><E70/><V132/><F132/><W34/><G34/><AGARI ba="0,2" hai="4,5,6,22,23,27,30,34" m="618,47627" machi="34" ten="40,5200,0" yaku="18,1,34,2" doraHai="55" who="2" fromWho="3" sc="240,0,250,0,250,72,240,-52" /><INIT seed="1,0,0,2,3,50" ten="240,250,322,188" oya="1" hai0="43,81,8,49,46,91,70,37,64,74,105,106,63" hai1="55,17,39,111,67,121,78,109,96,85,7,101,118" hai2="115,20,88,18,3,27,95,6,47,134,29,19,13" hai3="92,128,122,97,113,44,9,34,12,36,58,79,10"/><U26/><E118/><V132/><F115/><W61/><G122/><T99/><D99/><U65/><E121/><V117/><F117/><W62/><G113/><T120/><D120/><U14/><E39/><V11/><F47/><W66/><G128/><T21/><D21/><N who="1" m="11447" /><E7/><V0/><F95/><W93/><G34/><T42/><D91/><U22/><E85/><V72/><F88/><W124/><G124/><T83/><D43/><U84/><E84/><V60/><F60/><W5/><G79/><T28/><D28/><N who="1" m="17495" /><E78/><V32/><F72/><W75/><G75/><T94/><D94/><N who="1" m="58519" /><E55/><V116/><F116/><W59/><G97/><T51/><D51/><U68/><E68/><V4/><F19/><W131/><G131/><T73/><D83/><U25/><E25/><V87/><F87/><W135/><G135/><N who="2" m="51753" /><F6/><W76/><G76/><N who="0" m="44175" /><D74/><U90/><E90/><V56/><F56/><W127/><G127/><T52/><D8/><U41/><E41/><V102/><F102/><W69/><G69/><T45/><D45/><U89/><E89/><V100/><F100/><W16/><G44/><N who="0" m="23631" /><D106/><U1/><E1/><AGARI ba="0,0" hai="0,1,3,4,11,13,18,20,27,29,32" m="51753" machi="1" ten="30,7700,0" yaku="24,1,20,1,34,2" doraHai="50" who="2" fromWho="1" sc="240,0,250,-77,322,77,188,0" /><INIT seed="2,0,0,5,5,79" ten="240,173,399,188" oya="2" hai0="26,20,31,100,30,58,96,63,2,33,89,119,118" hai1="17,65,126,22,127,8,85,54,128,93,97,91,72" hai2="117,4,50,95,29,70,68,32,110,84,13,45,10" hai3="41,25,90,61,76,19,98,69,3,135,104,9,86"/><V88/><F117/><W116/><G116/><T1/><D118/><U60/><E128/><V38/><F38/><W14/><G135/><T83/><D119/><U115/><E115/><V123/><F123/><W73/><G3/><T49/><D49/><U107/><E72/><V16/><F110/><W87/><G41/><T103/><D103/><U82/><E54/><V43/><F32/><W113/><G113/><T55/><D31/><U108/><E8/><V112/><F29/><W53/><G73/><T67/><D33/><U101/><E107/><V64/><F112/><W109/><G109/><T131/><D131/><U124/><E108/><V28/><F28/><W129/><G129/><T47/><D47/><U99/><E99/><V56/><REACH who="2" step="1"/><F4/><REACH who="2" ten="240,173,389,188" step="2"/><W102/><G104/><T6/><D6/><U94/><E94/><V27/><F27/><W42/><G25/><T81/><D26/><U39/><E39/><V66/><F66/><W5/><G5/><T18/><D30/><U111/><E111/><V34/><F34/><W35/><G35/><T122/><D67/><U125/><N who="1" m="31744" /><DORA hai="12" /><U21/><REACH who="1" step="1"/><E17/><REACH who="1" ten="240,163,389,188" step="2"/><V0/><F0/><W37/><G19/><T15/><D1/><U134/><E134/><V78/><F78/><W23/><G76/><T11/><D2/><U106/><E106/><V62/><AGARI ba="0,2" hai="10,13,16,43,45,50,56,62,64,68,70,84,88,95" machi="62" ten="30,12000,1" yaku="1,1,0,1,52,1,54,2,53,0" doraHai="79,12" doraHaiUra="48,105" who="2" fromWho="2" sc="240,-40,163,-40,389,140,188,-40" /><INIT seed="2,1,0,0,5,92" ten="200,123,529,148" oya="2" hai0="98,94,25,15,104,45,110,115,49,35,102,28,133" hai1="37,90,131,22,38,119,108,10,62,75,101,111,80" hai2="26,81,107,18,32,114,1,16,113,55,78,124,103" hai3="85,70,116,46,23,5,68,43,61,52,74,7,77"/><V123/><F123/><W19/><G116/><T11/><D110/><U96/><E119/><V93/><F124/><W64/><G74/><T50/><D133/><U56/><E131/><V30/><F1/><W132/><G70/><T14/><D115/><U84/><E75/><V54/><F107/><W83/><G132/><T40/><D104/><U130/><E130/><V39/><F39/><W42/><G52/><T95/><D95/><N who="1" m="58527" /><E22/><V27/><F55/><W134/><G134/><T3/><D3/><U128/><E10/><V91/><F103/><W13/><G43/><T76/><D76/><U4/><E4/><V121/><F54/><W59/><G68/><T73/><D15/><U41/><E41/><V33/><F121/><W97/><REACH who="3" step="1"/><G97/><REACH who="3" ten="200,123,529,138" step="2"/><T67/><D73/><U88/><E128/><V20/><F114/><W6/><G6/><N who="0" m="3447" /><D50/><AGARI ba="1,1" hai="5,7,13,19,23,42,46,50,59,61,64,77,83,85" machi="50" ten="30,3900,0" yaku="1,1,7,1,8,1,53,0" doraHai="92" doraHaiUra="122" who="3" fromWho="0" sc="200,-42,123,0,529,0,138,52" /><INIT seed="3,0,0,4,5,21" ten="158,123,529,190" oya="3" hai0="86,60,63,97,53,22,94,3,128,108,93,39,111" hai1="118,72,1,16,6,124,107,11,27,20,35,23,54" hai2="109,4,44,30,57,117,26,112,36,76,2,116,52" hai3="64,70,101,24,121,99,122,102,125,134,34,56,38"/><W19/><G38/><T12/><D39/><U45/><E107/><V66/><F112/><W49/><G134/><T13/><D3/><U89/><E124/><V40/><F109/><N who="0" m="42058" /><D128/><U96/><E72/><V14/><F2/><W46/><G125/><T126/><D126/><U73/><E73/><V114/><F76/><W50/><G102/><N who="0" m="60719" /><D53/><U51/><E118/><V61/><F114/><W115/><G115/><T67/><D22/><U133/><E133/><V15/><F4/><W42/><G34/><T84/><D60/><U28/><REACH who="1" step="1"/><E16/><REACH who="1" ten="158,113,529,190" step="2"/><V0/><F117/><W29/><G19/><T82/><D94/><AGARI ba="0,1" hai="1,6,11,20,23,27,28,35,45,51,54,89,94,96" machi="94" ten="40,5200,0" yaku="1,1,2,1,52,1,53,0" doraHai="21" doraHaiUra="65" who="1" fromWho="0" sc="158,-52,113,62,529,0,190,0" owari="106,-39.4,175,-22.5,529,62.9,190,-1.0" /></mjloggm>