<mjloggm ver="2.3"><GO type="169" lobby="0"/><UN n0="%E3%81%9F%E3%81%8B%E3%81%AF%E3%81%97%E3%81%83%E3%81%83%E3%81%83" n1="%E8%A1%A8%E7%A4%BA%E4%BE%A1%E6%A0%BC%E3%82%88%E3%82%8A%E5%8D%8A%E9%A1%8D" n2="%E3%83%8F%E3%82%BF%E3%83%A2%E3%83%88%E3%83%92%E3%83%AD" n3="%E3%81%A8%E3%81%B3%E3%81%BE%E3%81%93" dan="19,16,17,16" rate="2235.81,2097.94,2165.21,2199.26" sx="M,M,M,M"/><TAIKYOKU oya="0"/><INIT seed="0,0,0,0,5,53" ten="250,250,250,250" oya="0" hai0="103,46,60,127,111,107,9,32,123,115,102,5,110" hai1="35,55,54,41,24,45,14,3,58,91,74,132,82" hai2="8,121,134,68,98,33,78,75,16,11,133,6,25" hai3="20,88,27,70,21,66,86,10,125,15,17,108,64"/><T96/><D115/><U18/><E3/><V77/><F68/><W83/><G108/><N who="0" m="41515" /><D123/><U51/><E132/><N who="2" m="50795" /><F121/><W19/><G125/><T93/><D32/><U61/><E24/><V128/><F128/><W118/><G70/><T79/><D127/><U131/><E131/><V40/><F40/><W80/><G118/><T81/><D46/><U0/><E0/><N who="2" m="71" /><F75/><W56/><G83/><T95/><D102/><U129/><E35/><V44/><F44/><W36/><G36/><T84/><D60/><U101/><E101/><V100/><F33/><W12/><REACH who="3" step="1"/><G56/><REACH who="3" ten="250,250,250,240" step="2"/><T49/><D49/><U50/><E129/><V117/><F117/><W28/><AGARI ba="0,1" hai="10,12,15,17,19,20,21,27,28,64,66,80,86,88" machi="28" ten="20,12000,2" yaku="1,1,2,1,0,1,7,1,8,1,54,1,53,0" doraHai="53" doraHaiUra="39" who="3" fromWho="3" sc="250,-60,250,-30,250,-30,240,130" /><INIT seed="1,0,0,4,3,126" ten="190,220,220,370" oya="1" hai0="26,110,113,34,86,87,99,11,103,81,74,33,66" hai1="123,24,107,43,92,28,21,122,44,22,135,3,18" hai2="37,38,10,63,80,68,76,35,64,94,1,62,116" hai3="20,70,6,83,39,75,60,53,29,132,46,59,95"/><U72/><E107/><V128/><F116/><W129/><G132/><T124/><D113/><U114/><E3/><V65/><F35/><W50/><G6/><T104/><D124/><U93/><E135/><V32/><F32/><W27/><G95/><T12/><D110/><U40/><E114/><V36/><F94/><W23/><G23/><T89/><D66/><U79/><E79/><V106/><F106/><W57/><G57/><T4/><D74/><U115/><E115/><V102/><F102/><W15/><G15/><T17/><D86/><U48/><E72/><V121/><F121/><W105/><G105/><T51/><D51/><U82/><E82/><V98/><F98/><W16/><G29/><T45/><D45/><U19/><E28/><V13/><F128/><W90/><G129/><T58/><D58/><U109/><E109/><V0/><F13/><W108/><G108/><T130/><D130/><U77/><E77/><V61/><F61/><W88/><G83/><T117/><D117/><U8/><E8/><V5/><F0/><W54/><G75/><T71/><D71/><U131/><E131/><V133/><F133/><W69/><REACH who="3" step="1"/><G39/><REACH who="3" ten="190,220,220,360" step="2"/><T67/><D33/><U2/><E93/><V100/><F37/><W55/><G55/><T120/><D67/><U112/><E92/><V14/><F14/><W84/><G84/><T73/><D73/><U41/><E112/><V97/><F80/><W127/><G127/><T118/><D118/><U85/><E85/><V49/><F38/><W31/><G31/><N who="0" m="19831" /><D4/><U119/><E119/><V96/><F36/><W111/><G111/><RYUUKYOKU ba="0,1" sc="190,15,220,-15,220,-15,360,15" hai0="11,12,17,81,87,89,99,103,104,120" hai3="16,20,27,46,50,53,54,59,60,69,70,88,90" /><INIT seed="2,1,1,4,0,48" ten="205,205,205,375" oya="2" hai0="28,5,20,86,1,114,81,24,61,121,105,45,13" hai1="109,26,58,94,92,53,4,85,66,11,91,79,87" hai2="43,117,78,56,82,115,41,129,74,47,60,16,46" hai3="77,31,124,63,62,69,80,23,132,103,12,130,44"/><V33/><F115/><W65/><G124/><T98/><D114/><U57/><E109/><V50/><F117/><W30/><G130/><T10/><D121/><U131/><E26/><V90/><F129/><W32/><G32/><T8/><D61/><U100/><E131/><V9/><F33/><W113/><G132/><T52/><D105/><U67/><E58/><V40/><F90/><W88/><G103/><T59/><D98/><U127/><E127/><V97/><F97/><W73/><G113/><T95/><D95/><U112/><E112/><V104/><F104/><W76/><G76/><T42/><D8/><U17/><E17/><V22/><F9/><W119/><G44/><T27/><D27/><U6/><E100/><V7/><F7/><N who="1" m="2601" /><E11/><V89/><F89/><W118/><G63/><N who="0" m="36327" /><D1/><U37/><E37/><V51/><F43/><W21/><G12/><T36/><D36/><U68/><E68/><V133/><F133/><W83/><G119/><T84/><D81/><N who="1" m="47295" /><E92/><V116/><F116/><W18/><G118/><T3/><D3/><U64/><E64/><V101/><F101/><W25/><REACH who="3" step="1"/><G21/><REACH who="3" ten="205,205,205,365" step="2"/><T107/><D107/><U125/><E125/><V15/><F60/><AGARI ba="1,2" hai="53,57,60,66,67,87,91,94" m="47295,2601" machi="60" ten="30,2000,0" yaku="8,1,52,1" doraHai="48" who="1" fromWho="2" sc="205,0,205,43,205,-23,365,0" /><INIT seed="3,0,0,5,5,134" ten="205,248,182,365" oya="3" hai0="32,133,6,70,110,68,9,115,51,11,108,125,73" hai1="55,13,130,124,64,65,129,39,86,90,18,74,56" hai2="112,48,67,58,114,20,43,45,5,15,99,30,93" hai3="98,89,87,50,102,33,41,27,127,126,66,131,106"/><W91/><G131/><N who="1" m="50186" /><E74/><V2/><F2/><W116/><G116/><T117/><D117/><U23/><E39/><V113/><F5/><W21/><G33/><T10/><D133/><U120/><E124/><N who="3" m="47658" /><G66/><T36/><D36/><U71/><E71/><V105/><F105/><W80/><G50/><T26/><D51/><N who="1" m="30847" /><E120/><V119/><F119/><W34/><G34/><T132/><D32/><U17/><E17/><V46/><F46/><W62/><G62/><T104/><D125/><U59/><E59/><V76/><F67/><W4/><G4/><T63/><D68/><U69/><E69/><V79/><F58/><W128/><G128/><T53/><D70/><U49/><E49/><V109/><F109/><W92/><G41/><T25/><D6/><U123/><E123/><V54/><F43/><W78/><G106/><T107/><D104/><U81/><AGARI ba="0,0" hai="13,18,23,64,65,81,86,90" m="30847,50186" machi="81" ten="30,1100,0" yaku="19,1" doraHai="134" who="1" fromWho="1" sc="205,-3,248,11,182,-3,365,-5" /><INIT seed="4,0,0,2,3,120" ten="202,259,179,360" oya="0" hai0="38,126,1,31,17,22,15,89,20,114,103,51,100" hai1="127,25,104,117,102,41,67,46,3,33,134,83,10" hai2="112,19,130,43,16,56,73,78,90,32,45,44,28" hai3="97,107,92,111,125,27,5,119,128,81,50,77,82"/><T96/><D38/><U12/><E117/><V124/><F130/><W131/><G5/><T91/><D1/><U61/><E3/><V58/><F112/><W54/><G107/><T66/><D114/><U2/><E2/><V76/><F73/><W71/><G71/><T39/><D39/><U53/><E53/><V75/><F75/><W7/><G7/><T11/><D126/><U86/><E102/><N who="0" m="38953" /><D66/><U57/><E104/><V135/><F124/><W63/><G125/><T118/><D118/><U55/><E127/><V36/><F135/><W34/><G63/><T60/><D60/><U0/><E0/><V132/><F132/><W65/><G65/><T101/><D51/><U113/><E113/><V110/><F36/><W80/><G77/><T4/><D31/><U106/><E106/><V68/><F28/><W79/><G79/><T95/><D4/><U72/><E72/><V88/><F43/><W69/><G69/><T109/><D109/><U94/><E33/><V30/><F30/><W74/><G111/><T84/><N who="0" m="38961" /><T9/><DORA hai="64" /><D9/><U18/><E67/><V116/><F116/><W121/><G119/><T87/><D96/><U48/><E134/><V108/><F68/><W99/><G99/><T37/><D37/><U70/><E70/><V13/><F13/><W35/><G74/><T42/><D42/><U26/><REACH who="1" step="1"/><E94/><AGARI ba="0,0" hai="11,15,17,20,22,84,87,89,91,94,95" m="38961" machi="94" ten="30,1500,0" yaku="8,1" doraHai="120,64" who="0" fromWho="1" sc="202,15,259,-15,179,0,360,0" /><INIT seed="4,1,0,2,2,13" ten="217,244,179,360" oya="0" hai0="60,124,119,31,122,34,8,117,66,129,40,17,104" hai1="70,42,14,97,111,79,47,53,85,125,106,101,133" hai2="121,29,91,1,4,76,82,49,86,83,123,130,95" hai3="69,6,10,24,126,100,73,105,57,110,67,44,0"/><T127/><D104/><U9/><E111/><V58/><F130/><W107/><G110/><T59/><D122/><U98/><E125/><N who="0" m="48201" /><D129/><U22/><E70/><V113/><F113/><W96/><G57/><T15/><D40/><U41/><E98/><V75/><F29/><W55/><G55/><T88/><D88/><U16/><E133/><V37/><F37/><W64/><G67/><T131/><D131/><U80/><REACH who="1" step="1"/><E9/><REACH who="1" ten="217,234,179,360" step="2"/><V132/><F132/><W45/><G10/><T12/><D12/><U56/><E56/><V61/><F1/><W92/><G69/><T62/><D62/><U115/><E115/><V93/><F123/><W39/><G0/><T28/><D34/><U20/><E20/><V90/><F121/><W48/><G96/><T77/><D77/><U135/><E135/><V2/><F61/><W52/><G126/><T11/><D8/><U5/><E5/><V26/><F4/><W54/><G6/><T118/><AGARI ba="1,1" hai="11,15,17,28,31,59,60,66,117,118,119" m="48201" machi="118" ten="40,3900,0" yaku="18,1,52,1" doraHai="13" who="0" fromWho="0" sc="217,52,234,-14,179,-14,360,-14" /><INIT seed="4,2,0,0,5,69" ten="269,220,165,346" oya="0" hai0="98,15,1,130,63,70,97,43,37,81,22,112,19" hai1="42,101,16,12,45,86,124,51,126,13,131,105,75" hai2="74,61,32,95,10,89,29,91,8,25,41,115,34" hai3="134,18,111,38,99,114,58,6,7,26,40,128,100"/><T82/><D1/><U64/><E75/><V76/><F115/><W4/><G111/><T119/><D119/><U60/><E105/><V21/><F74/><W55/><G114/><T96/><D112/><U23/><E101/><V9/><F76/><W108/><G108/><T121/><D121/><U103/><E103/><V127/><F127/><N who="1" m="48681" /><E86/><V36/><F61/><W44/><G128/><T80/><D130/><U135/><E131/><V3/><F3/><W66/><G66/><T67/><REACH who="0" step="1"/><D43/><REACH who="0" ten="259,220,165,346" step="2"/><U49/><E135/><V83/><F83/><W117/><G134/><T123/><D123/><U116/><E116/><V56/><F56/><W120/><G40/><T133/><D133/><U92/><E42/><V46/><REACH who="2" step="1"/><F89/><REACH who="2" ten="259,220,155,346" step="2"/><W0/><G58/><T71/><D71/><U79/><E45/><V93/><F93/><W50/><G44/><T30/><D30/><U31/><E92/><V24/><F24/><W52/><G26/><T39/><AGARI ba="2,2" hai="15,19,22,37,39,63,67,70,80,81,82,96,97,98" machi="39" ten="40,12000,1" yaku="1,1,0,1,52,2,53,0" doraHai="69" doraHaiUra="28" who="0" fromWho="0" sc="259,146,220,-42,155,-42,346,-42" /><INIT seed="4,3,0,3,2,24" ten="405,178,113,304" oya="0" hai0="83,92,105,130,19,114,42,75,40,97,135,57,121" hai1="16,86,129,103,51,39,30,102,14,46,68,69,77" hai2="96,113,45,133,72,79,116,49,5,44,37,54,119" hai3="13,18,55,67,89,61,95,78,91,120,125,28,100"/><T43/><D121/><U0/><E0/><V56/><F5/><W50/><G125/><T27/><D105/><U58/><E129/><V6/><F6/><W111/><G111/><T32/><D114/><U131/><E39/><V4/><F4/><W128/><G78/><T25/><D130/><U8/><E131/><V35/><F35/><W53/><G53/><T52/><D135/><U65/><E68/><V134/><F96/><W20/><G120/><T10/><D83/><N who="1" m="47471" /><E30/><V118/><F79/><W82/><G82/><T64/><D64/><U41/><E69/><V66/><F72/><W106/><G106/><T2/><D75/><U81/><E81/><V22/><F22/><W132/><G28/><T124/><D2/><U94/><E94/><V34/><F34/><W36/><G36/><T12/><D124/><U104/><E104/><V108/><F108/><W71/><G132/><N who="2" m="50793" /><F113/><W127/><G127/><T15/><D15/><U85/><E85/><V112/><F112/><W109/><G109/><T1/><D1/><U62/><AGARI ba="3,0" hai="8,14,16,41,46,51,58,62,65,102,103" m="47471" machi="62" ten="30,2000,0" yaku="8,1,54,1" doraHai="24" who="1" fromWho="1" sc="405,-13,178,29,113,-8,304,-8" /><INIT seed="5,0,0,1,4,93" ten="392,207,105,296" oya="1" hai0="56,87,131,86,31,132,69,63,49,113,84,109,133" hai1="4,20,65,42,10,115,92,48,119,128,53,29,57" hai2="79,67,77,85,112,125,21,36,60,94,120,44,14" hai3="118,80,12,66,129,74,124,61,114,134,104,9,38"/><U122/><E119/><V82/><F120/><W83/><G104/><T110/><D113/><U28/><E115/><V126/><F112/><W40/><G114/><T91/><D131/><U3/><E122/><V59/><F79/><W62/><G129/><T95/><D31/><U75/><E75/><V55/><F21/><W54/><G124/><T123/><D49/><U45/><E128/><V98/><F14/><W111/><G111/><T23/><D23/><U102/><E65/><V96/><F94/><W117/><G134/><N who="0" m="51819" /><D69/><U90/><E102/><V71/><F36/><W43/><G54/><N who="0" m="34199" /><D123/><U78/><E78/><V37/><F126/><W24/><G38/><T11/><D11/><U0/><E0/><V16/><F16/><W30/><G43/><T25/><D25/><U101/><E101/><V105/><F105/><W103/><G40/><T73/><D73/><U100/><E100/><V47/><F125/><W107/><G103/><T116/><D116/><U1/><E20/><V7/><F7/><W68/><G107/><T17/><D17/><U39/><REACH who="1" step="1"/><E1/><REACH who="1" ten="392,197,105,296" step="2"/><V106/><F106/><W70/><G118/><T41/><D110/><U15/><E15/><V26/><F26/><W127/><G74/><T5/><D109/><U64/><E64/><V121/><F121/><W50/><G127/><T130/><D130/><U32/><E32/><V19/><F19/><W33/><G117/><T89/><D89/><U135/><E135/><V97/><REACH who="2" step="1"/><F37/><REACH who="2" ten="392,197,95,296" step="2"/><W34/><G24/><T18/><D18/><U76/><E76/><V2/><F2/><W81/><G12/><T22/><D22/><RYUUKYOKU ba="0,2" sc="392,-15,197,15,95,15,296,-15" hai1="3,4,10,28,29,39,42,45,48,53,57,90,92" hai2="44,47,55,59,60,67,71,77,82,85,96,97,98" /><INIT seed="5,1,2,0,3,92" ten="377,212,110,281" oya="1" hai0="124,58,91,67,24,68,120,29,31,21,122,61,56" hai1="80,81,52,51,45,39,9,123,121,19,108,88,12" hai2="25,34,18,113,60,50,11,10,3,116,74,90,2" hai3="65,104,76,32,63,69,98,48,46,95,5,87,127"/><U118/><E118/><V22/><F60/><W7/><G32/><T79/><D124/><U36/><E108/><V96/><F50/><W26/><G127/><T33/><D79/><U73/><E81/><V71/><F71/><W94/><G104/><T111/><D111/><U77/><REACH who="1" step="1"/><E88/><REACH who="1" ten="377,202,110,281" step="2"/><V114/><F74/><W126/><G126/><T83/><D91/><U43/><E43/><V41/><F41/><W112/><G76/><T42/><D83/><U129/><E129/><V38/><F38/><AGARI ba="1,3" hai="9,12,19,36,38,39,45,51,52,73,77,80,121,123" machi="38" ten="40,12000,1" yaku="1,1,54,1,53,3" doraHai="92" doraHaiUra="70" who="1" fromWho="2" sc="377,0,202,153,110,-123,281,0" owari="377,47.7,355,15.5,-13,-51.3,281,-11.9" /></mjloggm>