<mjloggm ver="2.3"><GO type="169" lobby="0"/><UN n0="%E6%97%A5%E9%99%B0%E3%81%95%E3%82%93" n1="%E3%81%86%E3%81%91%E3%81%AA%E3%81%8C%E3%81%97%E3%81%BE%E3%81%9B%E3%82%93" n2="%62%73%64%5F%33" n3="%E7%91%9E%E5%8E%9F%E3%83%B4%E3%82%A1%E3%82%AE%E3%83%8A" dan="17,17,16,16" rate="2175.93,2249.64,2067.31,2065.29" sx="F,F,F,M"/><TAIKYOKU oya="0"/><INIT seed="0,0,0,0,0,20" ten="250,250,250,250" oya="0" hai0="8,97,108,37,115,47,118,70,80,52,18,134,65" hai1="69,25,74,7,116,113,61,92,101,68,98,130,53" hai2="22,34,127,54,88,26,109,43,46,11,38,96,123" hai3="106,35,104,0,102,63,19,12,112,60,42,119,86"/><T78/><D115/><U103/><E116/><V94/><F123/><W83/><G119/><T1/><D118/><U64/><E113/><V129/><F109/><W5/><G112/><T105/><D134/><U58/><E74/><V10/><F129/><W50/><G35/><T117/><D117/><U121/><E121/><V23/><F127/><W27/><G0/><T57/><D108/><U82/><E130/><V29/><F23/><N who="3" m="13823" /><G102/><T99/><D105/><U24/><E103/><V79/><F79/><N who="3" m="46463" /><G106/><T56/><D56/><U21/><E7/><V122/><F122/><W28/><G28/><T9/><D9/><U77/><E69/><V90/><F54/><W110/><G104/><T111/><D111/><U72/><REACH who="1" step="1"/><E21/><REACH who="1" ten="250,240,250,250" step="2"/><V75/><F75/><W131/><G131/><T62/><D70/><U89/><E89/><V49/><F34/><W13/><G110/><T87/><D1/><U128/><E128/><V85/><REACH who="2" step="1"/><F38/><REACH who="2" ten="250,240,240,250" step="2"/><W39/><G39/><T14/><REACH who="0" step="1"/><D37/><REACH who="0" ten="240,240,240,250" step="2"/><U126/><E126/><V51/><F51/><AGARI ba="0,3" hai="8,14,18,47,51,52,57,62,65,78,80,87,97,99" machi="51" ten="40,12000,1" yaku="1,1,2,1,8,1,54,1,53,0" doraHai="20" doraHaiUra="30" who="0" fromWho="2" sc="240,150,240,0,240,-120,250,0" /><AGARI ba="0,0" hai="24,25,51,53,58,61,64,68,72,77,82,92,98,101" machi="51" ten="30,7700,0" yaku="1,1,7,1,52,2,53,0" doraHai="20" doraHaiUra="30" who="1" fromWho="2" sc="390,0,240,77,120,-77,250,0" /><INIT seed="0,1,0,1,2,37" ten="390,317,43,250" oya="0" hai0="19,12,13,123,22,38,30,50,85,105,111,15,23" hai1="55,130,92,18,128,100,53,126,134,14,33,114,41" hai2="20,129,97,122,93,101,110,74,76,42,112,94,113" hai3="108,64,61,124,28,117,79,86,58,132,95,7,69"/><T40/><D105/><U106/><E33/><V59/><F59/><W133/><G117/><T43/><D123/><U51/><E106/><V32/><F32/><W75/><G75/><T63/><D111/><U60/><E114/><V119/><F20/><W88/><G108/><T3/><D3/><U109/><E109/><V87/><F110/><W46/><G124/><T27/><D38/><U125/><E100/><V8/><F8/><W6/><G79/><T16/><D63/><U52/><E60/><V121/><F119/><W131/><G131/><N who="1" m="50218" /><E92/><V57/><F57/><W77/><G77/><T65/><D65/><U73/><E73/><V67/><F67/><W54/><G28/><T17/><D85/><U98/><E98/><V102/><F129/><W70/><G46/><T10/><D50/><U47/><E134/><N who="3" m="51818" /><G70/><T89/><D89/><U11/><AGARI ba="1,0" hai="11,14,18,41,47,51,52,53,55,125,126" m="50218" machi="11" ten="40,5200,0" yaku="19,1,52,1,54,1" doraHai="37" who="1" fromWho="1" sc="390,-27,317,55,43,-14,250,-14" /><INIT seed="1,0,0,5,2,39" ten="363,372,29,236" oya="1" hai0="22,82,109,126,47,103,33,93,4,75,44,112,129" hai1="130,66,117,67,37,41,121,80,20,98,118,111,49" hai2="65,53,115,10,32,27,14,63,71,26,12,55,6" hai3="108,128,34,72,81,83,76,69,42,62,85,105,48"/><U38/><E98/><V123/><F123/><W116/><G34/><T127/><D33/><U77/><E121/><V7/><F115/><W79/><G105/><T101/><D112/><U24/><E38/><V0/><F0/><W64/><G108/><T110/><D4/><U114/><E114/><V35/><F35/><W125/><G128/><T113/><D113/><U52/><E111/><N who="0" m="42505" /><D22/><U28/><E130/><V57/><F55/><W18/><G125/><N who="0" m="47627" /><D129/><U21/><E21/><V43/><F32/><W133/><G133/><T100/><D93/><U54/><E54/><V31/><F31/><W124/><G124/><T40/><D40/><U5/><E5/><V68/><F68/><W36/><G116/><T51/><D51/><U61/><E37/><V8/><REACH who="2" step="1"/><F43/><REACH who="2" ten="363,372,19,236" step="2"/><W50/><REACH who="3" step="1"/><G18/><REACH who="3" ten="363,372,19,226" step="2"/><T122/><D122/><U86/><E118/><V11/><F11/><W9/><G9/><T90/><D75/><U30/><E117/><V99/><F99/><W60/><G60/><AGARI ba="0,2" hai="6,7,8,10,12,14,26,27,53,57,60,63,65,71" machi="60" ten="30,3900,0" yaku="1,1,7,1,9,1,53,0" doraHai="39" doraHaiUra="46" who="2" fromWho="3" sc="363,0,372,0,19,59,226,-39" /><INIT seed="2,0,0,4,0,102" ten="363,372,78,187" oya="2" hai0="27,43,8,129,67,89,53,30,9,24,14,52,65" hai1="75,35,21,117,85,38,31,108,23,106,94,87,127" hai2="17,78,71,28,104,107,1,110,80,18,46,48,134" hai3="93,32,33,95,99,56,42,126,76,26,4,69,92"/><V47/><F71/><W13/><G69/><T25/><D129/><U49/><E117/><V0/><F28/><W88/><G126/><T79/><D79/><U57/><E38/><V45/><F48/><W2/><G2/><T19/><D43/><U125/><E75/><V6/><F134/><W124/><G124/><N who="1" m="47690" /><E106/><V119/><F119/><W72/><G42/><T90/><D30/><U74/><E74/><V133/><F133/><W60/><G76/><T73/><D73/><U54/><E108/><V36/><F36/><W77/><G77/><T39/><D39/><U98/><E35/><V62/><F62/><W82/><G72/><T63/><D9/><U61/><E49/><V118/><F118/><W12/><G26/><T116/><D116/><U111/><E111/><V86/><F110/><W58/><G82/><T120/><D120/><U40/><E40/><V59/><F59/><W97/><G93/><T122/><D122/><U55/><E54/><N who="0" m="21097" /><D63/><U7/><E7/><V103/><F6/><W91/><G4/><T29/><D29/><U64/><E55/><V22/><F18/><W44/><REACH who="3" step="1"/><G60/><REACH who="3" ten="363,372,78,177" step="2"/><T113/><D113/><U10/><E61/><V83/><F83/><W132/><G132/><T112/><D112/><U50/><E50/><V131/><F131/><W96/><G96/><T11/><D25/><U37/><E37/><V81/><F81/><W5/><G5/><N who="0" m="3343" /><D27/><U66/><E57/><V135/><F135/><W68/><G68/><T128/><D128/><U109/><E109/><V100/><F0/><W70/><G70/><T121/><D121/><U84/><E66/><RYUUKYOKU ba="0,1" sc="363,-10,372,-10,78,-10,177,30" hai3="12,13,32,33,44,56,58,88,91,92,95,97,99" /><INIT seed="3,1,1,5,2,71" ten="353,362,68,207" oya="3" hai0="11,21,35,129,3,49,93,131,94,120,50,122,90" hai1="27,53,18,104,12,114,84,37,7,82,26,100,109" hai2="130,128,66,38,6,19,63,91,39,29,108,127,13" hai3="101,56,59,33,5,99,40,112,72,16,116,14,41"/><W30/><G112/><T60/><D35/><U113/><E109/><V65/><F108/><W32/><G116/><T17/><D60/><U69/><E69/><V134/><F134/><W96/><G72/><T126/><D126/><U61/><E37/><N who="2" m="13835" /><F127/><W62/><G5/><T46/><D11/><U0/><E27/><V133/><F133/><W111/><G111/><T123/><D3/><U34/><E100/><V97/><F29/><W115/><G115/><T51/><D46/><U4/><E104/><V45/><F45/><W103/><G30/><T68/><D68/><U79/><E7/><V121/><F6/><W70/><G70/><T64/><D64/><U44/><E4/><V118/><F118/><W102/><G102/><T76/><BYE who="3" /><D76/><U107/><E107/><V83/><F63/><W125/><G125/><T92/><REACH who="0" step="1"/><D90/><REACH who="0" ten="343,362,68,207" step="2"/><U28/><E0/><V105/><F66/><W52/><G52/><T22/><D22/><U87/><E61/><V9/><F65/><UN n3="%E7%91%9E%E5%8E%9F%E3%83%B4%E3%82%A1%E3%82%AE%E3%83%8A" /><W78/><G78/><T95/><N who="0" m="23552" /><DORA hai="132" /><T2/><D2/><U117/><E117/><V106/><F83/><W73/><G62/><T119/><D119/><U24/><E44/><V20/><F91/><W124/><G124/><T54/><D54/><U85/><E53/><V15/><F121/><W74/><G33/><T36/><D36/><U48/><E34/><V110/><F110/><W43/><G32/><T135/><D135/><U47/><E114/><V80/><F80/><W81/><G81/><T75/><D75/><N who="3" m="28681" /><G103/><T88/><D88/><U98/><E113/><V23/><F23/><N who="3" m="11671" /><G101/><T89/><D89/><RYUUKYOKU ba="1,2" sc="343,15,362,-15,68,-15,207,15" hai0="17,21,49,50,51,120,122,123,129,131" hai3="40,41,43,56,59,96,99" /><INIT seed="3,2,2,0,0,97" ten="358,347,53,222" oya="3" hai0="91,6,85,132,7,55,19,44,101,30,66,130,108" hai1="36,42,41,112,57,12,52,98,73,107,37,69,33" hai2="103,5,81,14,10,15,38,67,54,48,135,22,120" hai3="109,20,28,32,87,84,127,125,129,24,59,51,94"/><W0/><G0/><T93/><D108/><U72/><E33/><V61/><F38/><W63/><G129/><T104/><D130/><U115/><E69/><V11/><F135/><W1/><G1/><T68/><D132/><U79/><E12/><V131/><F131/><W16/><G51/><T119/><D30/><U46/><E79/><V78/><F120/><W74/><G74/><T39/><D19/><U90/><E73/><V99/><F22/><W25/><G109/><T82/><D104/><U114/><E72/><V116/><F116/><W60/><G60/><T71/><D119/><U102/><E90/><V89/><F89/><W23/><G32/><T96/><D55/><U31/><E31/><V17/><F78/><W106/><G106/><BYE who="3" /><T9/><D66/><U110/><E110/><V50/><F54/><W113/><G113/><T75/><D75/><U122/><E122/><UN n3="%E7%91%9E%E5%8E%9F%E3%83%B4%E3%82%A1%E3%82%AE%E3%83%8A" /><V92/><REACH who="2" step="1"/><F81/><REACH who="2" ten="358,347,43,222" step="2"/><W29/><G29/><T128/><D128/><U45/><E115/><V126/><F126/><W2/><G127/><T64/><D64/><U134/><E134/><V34/><F34/><W40/><G125/><T105/><D82/><U13/><E13/><V77/><F77/><W123/><G123/><T8/><D39/><U124/><E124/><V18/><F18/><W53/><G2/><T43/><D91/><U49/><AGARI ba="2,3" hai="36,37,41,42,45,46,49,52,57,98,102,107,112,114" machi="49" ten="20,8000,1" yaku="0,1,7,1,9,1,52,1,54,1" doraHai="97" who="1" fromWho="1" sc="358,-22,347,116,43,-22,222,-42" /><INIT seed="4,0,0,2,3,131" ten="336,463,21,180" oya="0" hai0="81,97,70,1,17,35,82,14,46,122,114,31,26" hai1="37,33,7,94,93,135,4,109,2,104,110,91,130" hai2="134,19,113,11,90,21,15,6,12,78,47,22,38" hai3="34,80,48,124,96,72,129,58,107,65,85,53,88"/><T77/><D122/><U64/><E37/><V25/><F78/><W79/><G129/><T63/><D1/><U67/><E130/><V87/><F113/><W89/><G34/><T60/><D114/><U9/><E104/><V73/><F73/><W69/><G124/><T101/><BYE who="3" /><D46/><UN n3="%E7%91%9E%E5%8E%9F%E3%83%B4%E3%82%A1%E3%82%AE%E3%83%8A" /><U3/><E33/><V59/><F59/><W23/><G69/><T51/><D51/><U43/><E9/><V0/><F0/><W55/><G65/><T120/><D120/><U66/><E66/><V24/><F38/><W41/><G41/><T125/><D125/><U99/><E91/><V5/><F47/><W100/><G23/><T42/><D42/><U10/><E10/><V84/><F90/><W103/><G103/><T83/><D77/><U44/><E99/><V32/><F32/><W92/><G89/><T95/><REACH who="0" step="1"/><D70/><REACH who="0" ten="326,463,21,180" step="2"/><U40/><E44/><V18/><REACH who="2" step="1"/><F11/><AGARI ba="0,1" hai="11,14,17,26,31,35,60,63,81,82,83,95,97,101" machi="11" ten="40,7700,0" yaku="1,1,2,1,53,1" doraHai="131" doraHaiUra="29" who="0" fromWho="2" sc="326,87,463,0,21,-77,180,0" owari="413,21.3,463,56.3,-56,-55.6,180,-22.0" /></mjloggm>