<mjloggm ver="2.3"><GO type="169" lobby="0"/><UN n0="%79%7A%68%61%6E%67" n1="%E8%A3%8F%E7%9F%A5%E3%82%89%E3%81%9A" n2="%C2%A7%E7%8D%85%E5%AD%90%E5%8E%9F%E7%88%BD" n3="%53%68%69%4C%50%59%6F" dan="16,17,18,17" rate="2179.12,2193.02,2250.93,2144.17" sx="M,M,F,M"/><TAIKYOKU oya="0"/><INIT seed="0,0,0,5,3,14" ten="250,250,250,250" oya="0" hai0="101,119,103,135,120,50,3,91,39,88,48,85,28" hai1="12,95,77,118,54,74,99,44,32,70,40,96,25" hai2="24,129,22,52,33,21,127,107,73,58,29,59,93" hai3="47,113,41,90,134,68,51,38,122,1,11,30,8"/><T104/><D39/><U83/><E118/><V82/><F107/><W49/><G113/><T121/><D119/><U105/><E105/><V133/><F133/><W89/><G134/><T130/><D3/><U2/><E2/><V75/><F129/><W36/><G68/><T56/><D135/><U46/><E70/><V131/><F131/><W125/><G125/><T17/><D130/><U61/><E25/><V0/><F127/><W26/><G122/><T106/><D56/><U13/><E99/><V37/><F37/><W132/><G132/><T15/><D15/><U65/><E65/><V35/><F0/><W87/><G38/><T45/><D85/><U63/><E32/><V16/><F93/><W53/><G1/><T5/><D28/><U126/><E54/><V86/><F59/><N who="3" m="33199" /><G36/><T109/><D5/><U62/><E126/><V57/><F57/><W43/><G43/><T112/><D45/><U81/><E46/><V76/><F22/><N who="3" m="15703" /><G89/><T7/><D7/><U114/><E114/><V111/><F111/><W78/><G78/><T67/><D67/><U97/><E77/><V115/><F115/><W18/><G18/><T9/><D112/><U55/><E74/><V100/><F100/><W94/><AGARI ba="0,0" hai="8,11,41,47,51,87,90,94" m="15703,33199" machi="94" ten="30,1100,0" yaku="8,1" doraHai="14" who="3" fromWho="3" sc="250,-5,250,-3,250,-3,250,11" /><INIT seed="1,0,0,1,2,19" ten="245,247,247,261" oya="1" hai0="17,132,31,26,1,86,10,98,82,65,117,114,112" hai1="56,71,22,92,128,14,134,87,109,9,41,129,49" hai2="4,54,35,60,66,28,99,116,43,13,61,90,5" hai3="115,47,11,36,81,68,29,44,108,32,103,79,76"/><U113/><E71/><V34/><F116/><W75/><G115/><T21/><D117/><U33/><E33/><V100/><F43/><W40/><G68/><T12/><D132/><U67/><E113/><V53/><F90/><W93/><G108/><T16/><D65/><U124/><E124/><V72/><F72/><W8/><G76/><T42/><D1/><U96/><E87/><V95/><F61/><W27/><REACH who="3" step="1"/><G44/><REACH who="3" ten="245,247,247,251" step="2"/><T46/><D98/><AGARI ba="0,1" hai="8,11,27,29,32,36,40,47,75,79,81,93,98,103" machi="98" ten="40,5200,0" yaku="1,1,2,1,53,1" doraHai="19" doraHaiUra="78" who="3" fromWho="0" sc="245,-52,247,0,247,0,251,62" /><INIT seed="2,0,0,4,0,115" ten="193,247,247,313" oya="2" hai0="89,52,43,66,3,40,10,24,16,65,18,28,111" hai1="112,68,1,90,21,61,60,11,133,45,33,80,46" hai2="59,82,97,51,104,67,81,56,71,74,114,93,110" hai3="105,94,119,29,117,57,127,48,73,85,101,17,125"/><V42/><F114/><W102/><G29/><T76/><D111/><U35/><E21/><V14/><F104/><W9/><G73/><T109/><D109/><U0/><E11/><V38/><F110/><W20/><G9/><T23/><D76/><U4/><E68/><V113/><F113/><W124/><G57/><T47/><D89/><U54/><E90/><V53/><F56/><W22/><G48/><N who="0" m="28703" /><D3/><U126/><E54/><V13/><F81/><W96/><G20/><T118/><D118/><N who="3" m="45065" /><G85/><T116/><D116/><U135/><E112/><V75/><F82/><W58/><G58/><T122/><D122/><U15/><E80/><V99/><F75/><W79/><G79/><T91/><D91/><U128/><E35/><V34/><F34/><W69/><G69/><T7/><D7/><U78/><E33/><V19/><F74/><W12/><G102/><T129/><D129/><U86/><E128/><V49/><F71/><W41/><G41/><N who="0" m="15947" /><D10/><U26/><E78/><V87/><F87/><W88/><G88/><T63/><D63/><U44/><E60/><V121/><F121/><W31/><G31/><T36/><D36/><U27/><E61/><V72/><F38/><W6/><G6/><T32/><D32/><U84/><E4/><V83/><F72/><W134/><G134/><T62/><D62/><U5/><E5/><V64/><F83/><W130/><G130/><T100/><D100/><U70/><E70/><V103/><F103/><W2/><G2/><T106/><D106/><AGARI ba="0,0" hai="12,17,22,94,96,101,105,106,124,125,127" m="45065" machi="106" ten="40,8000,1" yaku="18,1,52,3" doraHai="115" who="3" fromWho="0" sc="193,-80,247,0,247,0,313,80" /><INIT seed="3,0,0,3,3,7" ten="113,247,247,393" oya="3" hai0="109,76,23,69,22,108,9,110,68,107,128,50,41" hai1="67,34,3,47,95,81,125,2,59,60,56,44,112" hai2="64,88,123,54,26,111,80,114,57,97,6,100,106" hai3="13,11,35,37,55,46,24,1,72,16,89,92,25"/><W135/><G72/><T39/><D107/><U116/><E34/><V28/><F114/><W120/><G120/><T20/><D128/><U33/><E33/><V98/><F111/><W63/><G135/><T21/><N who="0" m="5120" /><DORA hai="103" /><T38/><D76/><U132/><E95/><V84/><F123/><W86/><G1/><T134/><D134/><U48/><E81/><V102/><F64/><W117/><G117/><T99/><D99/><U104/><E125/><V12/><F26/><W94/><G35/><T45/><REACH who="0" step="1"/><D9/><REACH who="0" ten="103,247,247,393" step="2"/><U58/><E104/><V43/><F106/><W133/><G133/><T74/><D74/><U101/><E132/><V131/><F131/><W5/><G92/><T17/><D17/><U71/><E116/><V79/><F79/><W82/><G94/><T119/><D119/><U4/><E4/><V126/><F98/><W115/><G115/><T118/><D118/><U19/><E112/><V0/><F97/><W93/><G93/><T66/><D66/><U96/><E19/><V10/><F6/><W124/><G124/><T78/><D78/><U113/><E96/><V42/><F126/><W85/><G5/><T31/><D31/><U30/><E30/><V8/><F28/><W77/><G77/><T91/><D91/><U105/><E105/><V32/><F102/><W122/><G122/><T65/><D65/><U27/><E67/><V129/><F100/><W70/><G11/><T52/><D52/><U121/><E101/><V15/><F129/><W29/><G55/><T18/><D18/><U90/><E121/><V61/><F88/><W36/><G89/><RYUUKYOKU ba="0,1" sc="103,30,247,-10,247,-10,393,-10" hai0="38,39,41,45,50,68,69,108,109,110" /><INIT seed="4,1,1,2,1,45" ten="133,237,237,383" oya="0" hai0="111,78,119,17,135,16,22,12,118,69,44,132,20" hai1="68,0,123,128,70,105,31,90,24,87,131,107,55" hai2="7,121,124,106,36,73,63,92,47,134,41,100,52" hai3="129,104,96,76,42,122,11,43,58,126,101,127,53"/><T40/><D69/><N who="1" m="26731" /><E0/><V133/><F106/><W37/><G129/><N who="1" m="49738" /><E55/><V46/><F73/><W57/><G122/><T115/><D78/><U33/><E123/><V112/><F121/><W116/><G116/><T108/><D44/><U50/><E50/><N who="2" m="28767" /><F112/><W4/><G76/><T93/><D93/><AGARI ba="1,1" hai="24,31,33,87,90,93,105,107" m="49738,26731" machi="93" ten="30,1000,0" yaku="19,1" doraHai="45" who="1" fromWho="0" sc="133,-13,237,23,237,0,383,0" /><INIT seed="5,0,0,5,0,106" ten="120,260,237,383" oya="1" hai0="31,67,80,62,82,128,9,93,53,6,89,26,36" hai1="87,35,96,38,25,98,45,105,114,108,86,48,12" hai2="124,63,125,99,103,133,76,104,90,107,34,49,41" hai3="69,3,110,100,58,129,118,16,44,115,113,88,70"/><U126/><E38/><V40/><F34/><W32/><G110/><T92/><D36/><U0/><E0/><V30/><F30/><W78/><G118/><T23/><D128/><U73/><E73/><V14/><F107/><W135/><G3/><T79/><D53/><U54/><E126/><N who="2" m="48747" /><F76/><W65/><G32/><T111/><D111/><U57/><E114/><N who="3" m="43530" /><G129/><T22/><D22/><U33/><E108/><V81/><F133/><W71/><G135/><T74/><D89/><U95/><E12/><V117/><F117/><W109/><G109/><T134/><D80/><U101/><E45/><V122/><F63/><N who="3" m="38135" /><G78/><T29/><D29/><U17/><E35/><V43/><F14/><W42/><G100/><T102/><D102/><U7/><E7/><V66/><F66/><W119/><G16/><T4/><D134/><U1/><E1/><V85/><F122/><W39/><G119/><T15/><REACH who="0" step="1"/><D4/><REACH who="0" ten="110,260,237,383" step="2"/><U5/><E5/><V51/><AGARI ba="0,1" hai="40,41,43,49,51,81,85,90,99,103,104" m="48747" machi="51" ten="40,1500,0" yaku="18,1" doraHai="106" who="2" fromWho="2" sc="110,-4,260,-7,237,25,383,-4" /><INIT seed="6,0,0,4,3,79" ten="106,253,262,379" oya="2" hai0="74,63,20,115,47,104,2,3,27,128,17,110,13" hai1="14,86,25,50,44,75,93,16,98,99,57,4,107" hai2="67,48,87,102,97,15,85,32,77,118,72,92,116" hai3="38,134,83,23,10,90,46,123,82,84,31,78,30"/><V66/><F32/><W0/><G123/><T108/><D104/><U40/><E75/><V59/><F72/><N who="3" m="43335" /><G134/><T55/><D74/><U41/><E41/><V127/><F127/><W45/><G23/><T100/><D100/><U35/><E4/><V122/><F122/><W60/><G60/><T21/><D63/><U94/><E107/><V80/><F118/><W69/><G45/><T43/><D55/><U76/><E25/><V103/><F116/><W36/><G36/><T56/><D56/><U125/><E35/><V54/><F103/><W12/><G12/><T51/><D115/><U70/><E70/><V65/><F15/><W130/><G130/><T132/><D132/><U6/><E6/><V1/><F1/><W39/><G39/><T29/><REACH who="0" step="1"/><D128/><REACH who="0" ten="96,253,262,379" step="2"/><U135/><E135/><V24/><F66/><W105/><G105/><T53/><D53/><U22/><E57/><V119/><F119/><W52/><G52/><T96/><D96/><U101/><E98/><V88/><F24/><W129/><G129/><T34/><D34/><U112/><E112/><V49/><F49/><W117/><G117/><T71/><D71/><U28/><E50/><V26/><F26/><W109/><G69/><T37/><D37/><U133/><E101/><V64/><F65/><W62/><G38/><T33/><D33/><U61/><E133/><V124/><F124/><W7/><G62/><T8/><D8/><U120/><E125/><V126/><F126/><W113/><G10/><T11/><D11/><U73/><E61/><V131/><F131/><W58/><G113/><T91/><D91/><RYUUKYOKU ba="0,1" sc="96,15,253,-15,262,15,379,-15" hai0="2,3,13,17,20,21,27,29,43,47,51,108,110" hai2="48,54,59,64,67,77,80,85,87,88,92,97,102" /><INIT seed="6,1,1,2,3,25" ten="111,238,277,364" oya="2" hai0="99,135,116,43,112,130,84,16,37,83,55,54,1" hai1="0,79,104,42,68,91,17,59,44,113,56,72,97" hai2="4,132,41,11,78,66,57,93,69,35,14,100,62" hai3="67,129,108,85,30,74,53,45,5,52,106,122,117"/><V58/><F132/><W65/><G74/><T48/><D135/><U131/><E68/><V128/><F128/><W70/><G106/><T26/><D130/><U38/><E113/><V20/><F35/><W7/><G108/><T61/><D1/><U32/><E91/><V64/><F78/><W105/><G105/><T33/><D112/><U40/><E40/><V81/><F81/><W47/><G122/><T119/><D37/><U23/><E32/><V98/><F41/><W76/><G129/><T36/><D36/><U126/><E126/><V134/><F134/><W10/><G117/><N who="0" m="45131" /><D99/><U94/><E104/><V109/><F109/><W89/><G76/><N who="0" m="46183" /><D61/><U9/><E131/><V24/><F66/><N who="3" m="25099" /><G30/><AGARI ba="1,1" hai="4,11,14,20,24,30,57,58,62,64,69,93,98,100" machi="30" ten="30,2900,0" yaku="7,1,52,1" doraHai="25" who="2" fromWho="3" sc="111,0,238,0,277,42,364,-32" /><INIT seed="6,2,0,0,2,100" ten="111,238,319,332" oya="2" hai0="116,77,98,75,108,29,113,8,7,64,89,52,11" hai1="127,104,17,102,70,128,5,83,46,25,42,122,88" hai2="22,130,124,43,68,69,48,76,65,39,131,67,121" hai3="18,114,87,120,24,95,71,125,81,129,30,86,33"/><V133/><F76/><W61/><G120/><T96/><D108/><U79/><E70/><N who="2" m="27243" /><F22/><W57/><G125/><T72/><D64/><N who="2" m="24650" /><F121/><W20/><G71/><T111/><D111/><U115/><E5/><V44/><F124/><W109/><G129/><N who="2" m="49161" /><F133/><W56/><G109/><T118/><D7/><U134/><E79/><V34/><F34/><W110/><G110/><T13/><D77/><U6/><E6/><V14/><F14/><W99/><G114/><T40/><D13/><U66/><E115/><V45/><F45/><W135/><G135/><T63/><D113/><U38/><E46/><V107/><F107/><W123/><G123/><T0/><D89/><U19/><E104/><V28/><F28/><W60/><G33/><T59/><D29/><U62/><E127/><V85/><F85/><N who="3" m="32267" /><G81/><T80/><D80/><U54/><E83/><V97/><F97/><W101/><G30/><T31/><D31/><U90/><E134/><V41/><F41/><W36/><G36/><AGARI ba="2,0" hai="36,39,43,44,48" m="49161,24650,27243" machi="36" ten="40,7700,0" yaku="19,1,34,2" doraHai="100" who="2" fromWho="3" sc="111,0,238,0,319,83,332,-83" /><INIT seed="6,3,0,3,0,133" ten="111,238,402,249" oya="2" hai0="126,92,127,35,101,90,18,123,94,10,95,91,85" hai1="79,88,23,53,122,58,84,4,103,8,49,15,81" hai2="28,46,111,72,22,61,89,62,99,37,65,76,109" hai3="20,50,31,125,66,80,41,5,57,82,21,67,34"/><V56/><F72/><W118/><G118/><T104/><D35/><U105/><E122/><V120/><F120/><W87/><G5/><T63/><D63/><U97/><REACH who="1" step="1"/><E23/><REACH who="1" ten="111,228,402,249" step="2"/><V77/><F22/><W60/><G20/><T75/><D123/><U96/><E96/><V102/><F99/><W45/><G34/><T24/><D10/><U3/><E3/><V130/><F111/><W71/><G125/><N who="0" m="47627" /><D24/><U29/><E29/><V54/><F28/><W108/><G21/><T52/><D18/><U6/><E6/><V40/><F109/><W36/><G31/><T128/><D128/><U117/><E117/><V78/><F130/><W113/><G108/><T121/><D121/><U12/><E12/><V14/><F14/><W11/><G11/><T27/><D27/><U64/><E64/><V134/><F65/><W26/><G66/><T74/><D52/><U70/><E70/><V112/><F54/><N who="3" m="31959" /><G26/><T48/><D48/><U30/><E30/><V114/><F61/><W9/><G9/><T107/><D101/><U135/><E135/><V106/><F102/><W100/><G100/><T129/><D129/><U44/><E44/><V25/><F46/><W47/><G45/><T17/><D17/><U132/><E132/><V13/><F62/><W115/><G60/><T0/><D0/><U83/><E83/><N who="3" m="31786" /><G67/><T59/><D59/><U1/><E1/><V98/><F56/><W16/><G71/><T43/><D43/><U32/><E32/><V73/><F40/><W119/><G119/><T39/><D39/><U38/><E38/><V2/><F134/><W7/><G36/><RYUUKYOKU ba="3,1" sc="111,-10,228,30,402,-10,249,-10" hai1="4,8,15,49,53,58,79,81,84,88,97,103,105" /><INIT seed="7,4,1,0,2,52" ten="101,258,392,239" oya="3" hai0="19,40,82,32,22,65,37,31,15,59,95,89,51" hai1="57,107,49,75,114,63,132,38,30,127,133,4,8" hai2="81,92,25,90,94,13,93,18,84,72,85,116,74" hai3="78,56,106,5,24,14,26,119,20,54,79,69,98"/><W122/><G69/><T39/><D82/><U10/><E38/><V101/><F116/><W112/><G122/><T66/><D32/><U21/><E107/><V99/><F25/><N who="3" m="9835" /><G106/><T103/><D31/><U44/><E75/><V28/><F28/><W121/><G121/><T131/><D131/><U105/><E105/><V120/><F120/><W102/><G119/><T125/><D125/><U104/><E104/><V108/><F108/><W45/><G112/><T77/><D77/><U42/><E21/><V111/><F111/><W88/><G45/><T86/><D103/><U135/><E30/><V113/><F113/><W16/><G102/><T129/><D129/><U6/><E127/><V27/><F27/><W29/><G5/><N who="1" m="2154" /><E114/><V96/><F72/><W33/><G33/><T110/><D110/><U1/><E1/><V130/><F74/><W68/><G68/><T124/><D124/><U91/><E91/><N who="2" m="51599" /><F130/><W64/><G64/><AGARI ba="4,1" hai="8,10,42,44,49,57,63,64,132,133,135" m="2154" machi="64" ten="30,2000,0" yaku="20,1,52,1" doraHai="52" who="1" fromWho="3" sc="101,0,258,42,392,0,239,-32" owari="101,-39.9,300,10.0,392,49.2,207,-19.3" /></mjloggm>