<mjloggm ver="2.3"><GO type="169" lobby="0"/><UN n0="%E3%81%93%E3%81%AB" n1="%73%65%69%67%65%6E" n2="%E3%81%9B%E3%81%A9%E3%81%AA%E3%82%8A%E3%81%82%E3%82%93" n3="%E6%B7%B3%E5%AD%90%E3%81%A7%E3%81%99" dan="16,17,17,17" rate="2141.04,2189.69,2183.46,2208.39" sx="M,M,F,M"/><TAIKYOKU oya="0"/><INIT seed="0,0,0,0,1,135" ten="250,250,250,250" oya="0" hai0="111,1,21,18,46,64,60,129,99,90,116,122,12" hai1="107,73,71,92,84,95,30,27,39,127,43,131,22" hai2="17,54,87,34,55,5,89,94,15,130,74,119,31" hai3="57,96,62,112,82,91,123,93,16,106,61,33,47"/><T50/><D116/><U14/><E107/><V29/><F119/><W78/><G112/><T23/><D122/><U104/><E104/><V11/><F74/><W132/><G132/><T0/><D129/><U44/><E73/><V67/><F130/><W42/><G123/><T65/><D111/><U2/><E2/><V36/><F36/><W75/><G33/><T72/><D65/><U13/><E131/><V41/><F41/><W32/><G32/><T114/><D114/><U70/><E127/><V53/><F67/><W80/><G80/><T108/><D72/><U79/><E79/><V8/><REACH who="2" step="1"/><F34/><REACH who="2" ten="250,250,240,250" step="2"/><W97/><G42/><T24/><D108/><U37/><E37/><V51/><F51/><W4/><G75/><T128/><D128/><U115/><E115/><V35/><F35/><W26/><G62/><T98/><D60/><U69/><E39/><V38/><F38/><W88/><G61/><T101/><D64/><U66/><E66/><V63/><F63/><W6/><G57/><T121/><D121/><U117/><E117/><V113/><F113/><W126/><G47/><T85/><D50/><U105/><E44/><V86/><F86/><W100/><G96/><T77/><D46/><U83/><E43/><V103/><F103/><W81/><G97/><T52/><D98/><U56/><E84/><V102/><F102/><W59/><G100/><T58/><D99/><U49/><E49/><V45/><F45/><W3/><G59/><T124/><D101/><U7/><E56/><V20/><F20/><W133/><G133/><T76/><D85/><U110/><E22/><RYUUKYOKU ba="0,1" sc="250,-10,250,-10,240,30,250,-10" hai2="5,8,11,15,17,29,31,53,54,55,87,89,94" /><INIT seed="1,1,1,0,4,127" ten="240,240,270,240" oya="1" hai0="62,61,79,0,134,98,25,86,21,39,124,43,6" hai1="58,15,90,83,24,80,67,68,108,125,121,102,126" hai2="2,123,110,3,51,29,93,7,96,5,135,69,92" hai3="11,50,99,101,13,16,33,131,44,75,109,63,8"/><U54/><E121/><V57/><F123/><W81/><G109/><T116/><D116/><U103/><E108/><V94/><F110/><W77/><G33/><T89/><D124/><N who="1" m="47723" /><E68/><V38/><F38/><W30/><G30/><T88/><D134/><U27/><E67/><V46/><F69/><W97/><G131/><T133/><D133/><U28/><E15/><V115/><F135/><W72/><G72/><T85/><D39/><U19/><E19/><V114/><F57/><W82/><G82/><N who="1" m="31274" /><E90/><V128/><F96/><W64/><G11/><T53/><D98/><U32/><E24/><V130/><F29/><W65/><G65/><T117/><D25/><U18/><E18/><V26/><F26/><W129/><G129/><N who="2" m="49769" /><F5/><W12/><G12/><T119/><D6/><U76/><E76/><V120/><F120/><W20/><G8/><T42/><D79/><U84/><E84/><V122/><F122/><W100/><G99/><T10/><D10/><U73/><E73/><V31/><F31/><W87/><G97/><T36/><D117/><U111/><E111/><V78/><F78/><W113/><G75/><T52/><D119/><U107/><E107/><V132/><F132/><W118/><G118/><T106/><D106/><U105/><E105/><V23/><F23/><W4/><G4/><T1/><D21/><U35/><E35/><V71/><F71/><W112/><G100/><T55/><D36/><U70/><E70/><V66/><F66/><W45/><G101/><T22/><D22/><U47/><E58/><V37/><F37/><W60/><G64/><T95/><D86/><RYUUKYOKU ba="1,1" sc="240,-10,240,30,270,-10,240,-10" hai1="27,28,32,47,54,102,103" /><INIT seed="1,2,1,3,3,121" ten="230,270,260,230" oya="1" hai0="39,36,20,46,68,40,109,116,88,49,69,99,28" hai1="102,124,22,122,67,87,120,71,59,61,94,34,66" hai2="0,78,51,45,114,52,12,106,43,63,128,56,25" hai3="74,3,93,104,92,127,101,103,54,123,7,42,112"/><U85/><E34/><V70/><F0/><W14/><G3/><T57/><D116/><U13/><E124/><V133/><F106/><W53/><G42/><T32/><D32/><U10/><E122/><V98/><F128/><W4/><G14/><T65/><D28/><U17/><E120/><V38/><F133/><W26/><G123/><T41/><D20/><U129/><E129/><V126/><F126/><W79/><G26/><T11/><D11/><U110/><E110/><V6/><F78/><W82/><G79/><T50/><D88/><U75/><E75/><V76/><F76/><W27/><G27/><T83/><D99/><N who="1" m="59767" /><E71/><N who="0" m="27209" /><D83/><U47/><E47/><V35/><F114/><W118/><G82/><T96/><D96/><U24/><E67/><V117/><F117/><W18/><G74/><T8/><D8/><U44/><E44/><V84/><F98/><W125/><G112/><T19/><D19/><AGARI ba="2,1" hai="10,13,17,19,22,24,59,61,66,85,87" m="59767" machi="19" ten="30,1500,0" yaku="8,1" doraHai="121" who="1" fromWho="0" sc="230,-21,270,31,260,0,230,0" /><INIT seed="1,3,0,3,1,3" ten="209,301,260,230" oya="1" hai0="104,9,14,75,44,62,131,51,106,10,73,128,100" hai1="123,29,102,91,37,94,0,80,79,99,71,34,65" hai2="120,59,105,122,41,110,1,50,85,25,15,87,58" hai3="69,13,86,134,22,26,74,96,60,11,38,57,68"/><U7/><E123/><V90/><F1/><W78/><G74/><T93/><D62/><U16/><E37/><V97/><F110/><W18/><G38/><T52/><D93/><U98/><E34/><V5/><F25/><W115/><G134/><T70/><D70/><U129/><E29/><V77/><F77/><W33/><G33/><T101/><D10/><U107/><E129/><N who="0" m="49737" /><D100/><U108/><E108/><V88/><F105/><N who="0" m="40554" /><D101/><U76/><E65/><V133/><F97/><W42/><G96/><T112/><D112/><U4/><E71/><V48/><F15/><W83/><G115/><T66/><D66/><U17/><E0/><V82/><F41/><W67/><REACH who="3" step="1"/><G42/><REACH who="3" ten="209,301,260,220" step="2"/><T92/><D92/><U95/><E107/><V118/><F133/><W125/><G125/><T40/><D40/><U61/><E61/><V124/><F124/><W116/><G116/><T30/><D30/><AGARI ba="3,1" hai="11,13,18,22,26,30,57,60,67,68,69,78,83,86" machi="30" ten="30,2000,0" yaku="1,1,7,1,53,0" doraHai="3" doraHaiUra="103" who="3" fromWho="0" sc="209,-29,301,0,260,0,220,39" /><INIT seed="2,0,0,0,5,53" ten="180,301,260,259" oya="2" hai0="114,92,90,117,111,56,27,34,78,116,86,75,15" hai1="88,83,44,132,71,0,49,124,17,1,4,18,7" hai2="123,127,10,60,52,76,45,125,6,84,119,69,66" hai3="65,73,39,67,32,122,98,31,26,59,107,133,87"/><V63/><F119/><N who="0" m="45642" /><D114/><U29/><E71/><V62/><F123/><W51/><G73/><T120/><D120/><U118/><E118/><V11/><F76/><W24/><G39/><T72/><D111/><U82/><E29/><V37/><F84/><W101/><G133/><T97/><D15/><U3/><E132/><V12/><F10/><W68/><G68/><T91/><D27/><U23/><E124/><N who="2" m="47691" /><F37/><W16/><G87/><T100/><D34/><U43/><E88/><N who="0" m="33833" /><D56/><U55/><E18/><V96/><F96/><W14/><G122/><T20/><D20/><U77/><E43/><V48/><AGARI ba="0,0" hai="6,11,12,45,48,52,60,62,63,66,69" m="47691" machi="48" ten="30,3000,0" yaku="18,1,54,1" doraHai="53" who="2" fromWho="2" sc="180,-10,301,-10,260,30,259,-10" /><INIT seed="2,1,0,0,4,9" ten="170,291,290,249" oya="2" hai0="121,68,21,32,135,46,28,62,89,39,5,73,45" hai1="23,118,98,70,128,122,94,129,87,44,105,48,96" hai2="127,34,97,8,101,17,81,7,124,57,66,108,74" hai3="12,10,107,31,79,134,58,38,49,91,22,90,35"/><V104/><F34/><W132/><G38/><T54/><D121/><U123/><E118/><V80/><F17/><W71/><G107/><T102/><D73/><U1/><E70/><V29/><F29/><W75/><G71/><T84/><D32/><U13/><E1/><V59/><F108/><W72/><G35/><T14/><D39/><U133/><E87/><V53/><F66/><W120/><G120/><N who="1" m="46122" /><E105/><V4/><F4/><W16/><G79/><T2/><D2/><U69/><E69/><V11/><F11/><W15/><G31/><T95/><D135/><N who="3" m="51753" /><G72/><T19/><D68/><U47/><E98/><V56/><F53/><N who="3" m="32047" /><G75/><T65/><D102/><N who="1" m="60695" /><E133/><V33/><F33/><W50/><G50/><T30/><D54/><N who="1" m="29959" /><E47/><V26/><F74/><W86/><G86/><T18/><D46/><U0/><E0/><V24/><F56/><W85/><G85/><T131/><D45/><U83/><E83/><N who="2" m="31819" /><F57/><W78/><G78/><T51/><D84/><U55/><E55/><V40/><F59/><W130/><G130/><N who="1" m="50282" /><E23/><V67/><F40/><W20/><G22/><T3/><D131/><U93/><E93/><V64/><F64/><W88/><G90/><T77/><D89/><U119/><E119/><V42/><F67/><W43/><G43/><T126/><D95/><U52/><E52/><V113/><F42/><W37/><G37/><T117/><D117/><U103/><E103/><V82/><F82/><W99/><G99/><T6/><D65/><U60/><E60/><V110/><F110/><W109/><G109/><T41/><D62/><U116/><E116/><V115/><F97/><RYUUKYOKU ba="1,0" sc="170,-15,291,15,290,-15,249,15" hai1="13" hai3="10,12,15,16,20,88,91" /><INIT seed="3,2,0,3,3,34" ten="155,306,275,264" oya="3" hai0="130,27,23,68,39,32,36,47,52,109,20,29,84" hai1="123,103,98,21,81,26,102,133,17,90,111,56,88" hai2="129,71,35,108,49,122,7,93,87,14,124,91,33" hai3="114,119,3,104,9,135,92,127,41,43,72,113,5"/><W67/><G104/><T11/><D109/><U65/><E111/><V62/><F108/><W24/><G119/><T89/><D130/><U18/><E133/><V75/><F75/><W1/><G72/><T101/><D68/><U2/><E123/><V66/><F129/><W85/><G67/><T76/><D76/><U37/><E37/><V10/><F124/><W100/><G127/><T115/><D115/><U74/><E103/><V96/><F122/><W80/><G135/><T120/><D120/><U30/><E2/><V107/><F49/><W125/><G125/><T83/><D101/><U25/><E74/><V44/><F44/><W16/><G1/><T42/><D39/><U95/><E81/><V40/><F40/><W61/><G61/><T132/><D132/><U38/><E38/><V46/><F46/><W126/><G41/><T78/><D78/><U134/><E134/><V59/><F71/><W77/><G43/><T28/><D28/><U97/><E26/><V116/><F116/><W118/><G118/><T73/><D73/><U54/><E65/><V60/><F60/><W106/><G106/><T0/><REACH who="0" step="1"/><D52/><REACH who="0" ten="145,306,275,264" step="2"/><U121/><E121/><V69/><F69/><W6/><G126/><T15/><D15/><U94/><E102/><V31/><F31/><W105/><G114/><T82/><D82/><U55/><E54/><V70/><F70/><W58/><G113/><T110/><D110/><U22/><E22/><V128/><F128/><W50/><G100/><T19/><D19/><U86/><E86/><V117/><F117/><W64/><G77/><T63/><D63/><AGARI ba="2,1" hai="17,18,21,25,30,55,56,63,88,90,94,95,97,98" machi="63" ten="30,8000,1" yaku="6,1,7,1,9,1,8,1,54,1" doraHai="34" who="1" fromWho="0" sc="145,-86,306,96,275,0,264,0" /><INIT seed="4,0,0,3,0,63" ten="59,402,275,264" oya="0" hai0="76,10,12,22,19,90,7,27,61,13,97,82,100" hai1="70,88,75,40,83,74,68,9,42,48,127,0,126" hai2="115,25,124,112,120,29,85,60,50,65,122,78,116" hai3="35,93,110,2,119,135,86,134,107,58,14,26,104"/><T37/><D37/><U8/><E70/><V84/><F50/><W113/><G2/><T38/><D38/><U87/><E68/><N who="2" m="42023" /><F124/><N who="1" m="47657" /><E9/><V11/><F11/><W118/><G110/><T47/><D47/><N who="1" m="25703" /><E42/><V55/><F55/><W99/><G86/><N who="2" m="33385" /><F78/><W73/><G73/><T3/><D90/><U79/><E79/><V39/><F39/><W46/><G46/><T103/><D103/><U81/><E81/><V30/><F30/><W69/><G69/><T62/><D62/><U128/><E128/><V77/><F77/><W6/><G58/><T32/><D32/><U96/><E96/><V15/><F15/><W98/><G35/><T33/><D33/><U24/><E24/><V105/><F105/><W59/><G26/><T125/><D125/><U45/><E45/><V31/><F31/><W89/><G59/><T80/><D80/><U108/><E108/><V71/><F71/><W91/><G93/><T106/><REACH who="0" step="1"/><D61/><REACH who="0" ten="49,402,275,264" step="2"/><U109/><E109/><V51/><F51/><W44/><G89/><T43/><D43/><U53/><E53/><V18/><F122/><W4/><G91/><T28/><D28/><U92/><E83/><V111/><F29/><W66/><G44/><T94/><D94/><U130/><E130/><V56/><F120/><W23/><G104/><T34/><D34/><U101/><E101/><V52/><F111/><W114/><G107/><T67/><D67/><U133/><E133/><V1/><F52/><W21/><G66/><T123/><D123/><U49/><E49/><V64/><F64/><W36/><G36/><T95/><D95/><U41/><E41/><RYUUKYOKU ba="0,1" sc="49,10,402,10,275,-30,264,10" hai0="3,7,10,12,13,19,22,27,76,82,97,100,106" hai1="0,8,74,75,87,88,92" hai3="4,6,14,21,23,98,99,113,114,118,119,134,135" /><INIT seed="4,1,1,1,4,18" ten="59,412,245,274" oya="0" hai0="74,122,57,130,125,14,10,72,37,46,62,92,124" hai1="21,45,6,135,35,30,70,65,128,53,81,96,89" hai2="69,67,15,79,82,86,0,133,40,76,8,113,12" hai3="120,27,94,32,97,88,29,112,3,71,13,116,107"/><T73/><D122/><U134/><E35/><V93/><F40/><W44/><G3/><T64/><D130/><U132/><E6/><V95/><F113/><W48/><G116/><T108/><D108/><U54/><E128/><V60/><F133/><W77/><G112/><T87/><D37/><U58/><E70/><V127/><F127/><N who="0" m="48714" /><D46/><U50/><E65/><V33/><F33/><W49/><G71/><T105/><D105/><U98/><E81/><V115/><F115/><W114/><G107/><T43/><D43/><U102/><E89/><V56/><F76/><W17/><G77/><T51/><D51/><N who="1" m="28911" /><E102/><V23/><F0/><W25/><G120/><T52/><D92/><U42/><E42/><V63/><F63/><W123/><G48/><N who="0" m="30855" /><D87/><U2/><E2/><V109/><F69/><W34/><G123/><T11/><D14/><U4/><E4/><N who="2" m="3079" /><F109/><W1/><G1/><T47/><D47/><U91/><E91/><V7/><F7/><W110/><G110/><T59/><AGARI ba="1,1" hai="10,11,59,62,64,72,73,74" m="30855,48714" machi="59" ten="40,3900,0" yaku="18,1,54,1" doraHai="18" who="0" fromWho="0" sc="59,52,412,-14,245,-14,274,-14" /><INIT seed="4,2,0,5,4,74" ten="111,398,231,260" oya="0" hai0="118,117,105,127,120,42,89,79,51,44,126,114,92" hai1="60,93,131,116,76,43,9,40,1,134,47,100,110" hai2="70,48,41,112,10,61,68,15,16,49,125,56,21" hai3="115,132,130,124,50,38,8,4,113,96,18,35,64"/><T66/><D120/><U94/><E110/><V27/><F112/><W22/><G38/><T53/><D105/><U17/><E116/><V31/><F125/><N who="0" m="47626" /><D114/><U122/><E122/><V63/><F63/><W12/><G35/><T86/><D66/><U121/><E121/><V123/><F123/><W45/><G130/><T36/><D79/><U77/><E131/><V13/><F41/><W129/><G132/><T75/><D75/><U82/><E134/><V95/><F68/><W133/><G129/><T37/><D37/><U11/><E1/><V102/><F70/><W83/><G133/><T106/><D106/><U33/><E33/><V19/><F102/><W119/><G124/><T91/><D89/><U90/><E100/><V55/><REACH who="2" step="1"/><F95/><REACH who="2" ten="111,398,221,260" step="2"/><W52/><G115/><T3/><D3/><U85/><E94/><V2/><F2/><W25/><G113/><T135/><D135/><U32/><E93/><V46/><F46/><AGARI ba="2,1" hai="36,42,44,46,51,53,86,91,92,117,118" m="47626" machi="46" ten="30,1500,0" yaku="18,1" doraHai="74" who="0" fromWho="2" sc="111,31,398,0,221,-21,260,0" /><INIT seed="4,3,0,3,0,113" ten="142,398,200,260" oya="0" hai0="46,26,73,22,10,128,51,79,86,96,88,3,74" hai1="34,45,99,23,126,47,127,112,72,62,83,115,58" hai2="81,7,31,59,133,92,54,98,130,122,71,40,94" hai3="111,36,37,100,57,18,80,105,20,70,35,61,104"/><T27/><D128/><U125/><E34/><V1/><F122/><W8/><G111/><T29/><D96/><U11/><E23/><V124/><F71/><W21/><G35/><T85/><D85/><U63/><E11/><V110/><F110/><W93/><G70/><T90/><D79/><N who="1" m="44519" /><E63/><V114/><F124/><W6/><G80/><T42/><D90/><U116/><E116/><V107/><F133/><W56/><G56/><T77/><D77/><U13/><E13/><V75/><F114/><N who="1" m="43561" /><E99/><V33/><F33/><W28/><G20/><T5/><REACH who="0" step="1"/><D27/><REACH who="0" ten="132,398,200,260" step="2"/><U120/><E120/><V41/><F98/><W25/><G25/><T65/><D65/><AGARI ba="3,1" hai="45,47,58,62,65,125,126,127" m="43561,44519" machi="65" ten="40,5200,0" yaku="18,1,15,1,11,1" doraHai="113" who="1" fromWho="0" sc="132,-61,398,71,200,0,260,0" /><INIT seed="5,0,0,4,5,133" ten="71,469,200,260" oya="1" hai0="81,26,64,68,2,49,25,116,11,108,106,52,85" hai1="50,40,124,6,4,32,120,19,66,99,101,33,8" hai2="58,29,97,37,27,69,102,127,119,38,79,21,76" hai3="14,122,20,35,55,36,100,63,24,73,86,57,10"/><U98/><E120/><V128/><F69/><W9/><G36/><T90/><D108/><U131/><E131/><V112/><F119/><W65/><G73/><T126/><D106/><U60/><E19/><V5/><F5/><W107/><G35/><T74/><D116/><U109/><E109/><V51/><F128/><W96/><G122/><T41/><D41/><U92/><E6/><V129/><F129/><W23/><G23/><T46/><D74/><U47/><E99/><V44/><F112/><W134/><G134/><T22/><D26/><U83/><E83/><V117/><F117/><W130/><G130/><T7/><D68/><U31/><E31/><V71/><F71/><W84/><G65/><T0/><D64/><U93/><E93/><V3/><F3/><W61/><G63/><T91/><D126/><U70/><E124/><V67/><F37/><W56/><G56/><T95/><D0/><AGARI ba="0,0" hai="0,4,8,32,33,40,47,50,60,66,70,92,98,101" machi="0" ten="30,1500,0" yaku="7,1" doraHai="133" who="1" fromWho="0" sc="71,-15,469,15,200,0,260,0" /><INIT seed="5,1,0,2,3,18" ten="56,484,200,260" oya="1" hai0="96,33,109,84,5,8,111,17,23,88,29,20,119" hai1="135,93,132,57,6,21,28,115,114,74,110,46,116" hai2="10,124,19,85,91,112,38,48,106,34,104,125,37" hai3="47,25,24,61,103,71,49,58,70,67,27,9,105"/><U64/><E74/><V131/><F34/><W63/><G105/><N who="2" m="40553" /><F48/><W123/><G103/><T99/><D119/><U94/><E116/><V127/><F131/><W75/><G75/><T134/><D134/><U92/><E6/><V62/><F62/><W51/><G123/><T80/><D109/><U133/><E110/><V7/><F19/><W4/><G49/><T90/><D111/><U79/><E79/><V120/><F120/><W41/><REACH who="3" step="1"/><G61/><REACH who="3" ten="56,484,200,250" step="2"/><T65/><D65/><U81/><E64/><V86/><F37/><W129/><G129/><T97/><D17/><U44/><E135/><V2/><F38/><W13/><AGARI ba="1,1" hai="4,9,13,24,25,27,41,47,51,58,63,67,70,71" machi="13" ten="30,2000,0" yaku="1,1,0,1,53,0" doraHai="18" doraHaiUra="130" who="3" fromWho="3" sc="56,-6,484,-11,200,-6,250,33" /><INIT seed="6,0,0,4,1,72" ten="50,473,194,283" oya="2" hai0="115,4,26,131,123,95,37,23,48,63,101,126,46" hai1="76,19,3,27,30,78,29,113,11,43,71,133,102" hai2="10,50,100,40,99,22,41,135,84,108,117,28,67" hai3="96,54,24,69,127,70,32,128,1,47,0,16,129"/><V75/><F117/><W62/><G127/><T68/><D123/><U107/><E71/><V88/><F75/><W109/><G109/><T104/><D131/><N who="3" m="50249" /><G96/><T6/><D115/><U66/><E66/><V118/><F118/><W130/><G130/><T86/><D104/><U90/><E43/><V12/><F67/><N who="3" m="41207" /><G70/><T80/><D126/><U59/><E102/><V91/><F135/><W93/><G93/><T57/><D37/><U105/><E107/><V39/><F39/><W15/><G24/><T60/><D68/><U132/><E105/><V38/><F38/><W31/><G31/><T52/><D63/><U87/><E30/><V2/><F2/><W92/><G92/><T42/><D95/><U35/><E3/><V134/><F134/><W18/><G18/><T34/><D34/><U122/><E133/><V58/><F99/><W94/><G94/><T89/><REACH who="0" step="1"/><D101/><REACH who="0" ten="40,473,194,283" step="2"/><U97/><E132/><V119/><F100/><W85/><G32/><T33/><D33/><U82/><E35/><V114/><F114/><W14/><G0/><T36/><D36/><U79/><E113/><V74/><F119/><W77/><G1/><T53/><D53/><U55/><E55/><V7/><F41/><W116/><G54/><T8/><D8/><U45/><E11/><V110/><F40/><W49/><G49/><T56/><D56/><U5/><E59/><V44/><F50/><W13/><G47/><T81/><D81/><U103/><E45/><V120/><F44/><W65/><G65/><T125/><D125/><U51/><E51/><V25/><F58/><W61/><G61/><RYUUKYOKU ba="0,1" sc="40,30,473,-10,194,-10,283,-10" hai0="4,6,23,26,42,46,48,52,57,60,80,86,89" /><INIT seed="7,1,1,5,0,41" ten="70,463,184,273" oya="3" hai0="25,4,83,107,86,134,45,67,64,24,75,35,61" hai1="101,15,131,51,58,56,38,8,52,92,84,97,129" hai2="88,95,34,127,73,62,39,82,104,18,90,114,46" hai3="89,117,28,105,66,68,47,13,111,110,17,118,74"/><W85/><G74/><T106/><D134/><U29/><E38/><V31/><F104/><W122/><G28/><T103/><D75/><U6/><E29/><V49/><F39/><W100/><G66/><T76/><D4/><U120/><E120/><V57/><F114/><W43/><G68/><T33/><D103/><U12/><E58/><V50/><F50/><N who="3" m="27007" /><G100/><T130/><D130/><N who="1" m="49675" /><E84/><V93/><F127/><W123/><G105/><T36/><D36/><U65/><E65/><V109/><F109/><N who="3" m="41483" /><G122/><T94/><D94/><U60/><E60/><V22/><F31/><W5/><G5/><T119/><D119/><U112/><E112/><V98/><F34/><W115/><G123/><T128/><D128/><U7/><E7/><V96/><F73/><W32/><G32/><T80/><D61/><U70/><E70/><V124/><F124/><W23/><G115/><T14/><D86/><U40/><E40/><V21/><F18/><W10/><G23/><T135/><D135/><U132/><E132/><V91/><F21/><W19/><G17/><T99/><D76/><U3/><AGARI ba="1,1" hai="3,6,8,12,15,51,52,56,92,97,101" m="49675" machi="3" ten="30,2000,0" yaku="19,1,54,1" doraHai="41" who="1" fromWho="1" sc="70,-6,463,33,184,-6,273,-11" owari="64,-43.6,496,59.6,178,-22.2,262,6.2" /></mjloggm>