<mjloggm ver="2.3"><GO type="169" lobby="0"/><UN n0="%E3%81%B5%E3%81%8B" n1="%E4%B9%9D%E7%B4%8B%E9%BE%8D%E5%8F%B2%E9%80%B2" n2="%E9%BE%8D%31%30" n3="%E9%B3%B3%E5%8D%97%E3%81%AE%E3%81%B6%E3%81%9F%E3%81%95%E3%82%93" dan="17,19,16,18" rate="2225.80,2287.94,2123.11,2239.31" sx="M,M,M,M"/><TAIKYOKU oya="0"/><INIT seed="0,0,0,3,2,121" ten="250,250,250,250" oya="0" hai0="106,126,28,57,48,69,50,117,7,2,15,20,35" hai1="52,66,58,24,100,73,11,123,75,21,111,40,37" hai2="9,1,62,10,33,132,51,60,4,79,125,128,45" hai3="72,6,49,92,87,63,104,38,55,42,82,134,135"/><T26/><D69/><U103/><E123/><V71/><F125/><W3/><G104/><T46/><D117/><U41/><E66/><V116/><F128/><W105/><G105/><T119/><D119/><U32/><E32/><V120/><F116/><W43/><G63/><T93/><D106/><U22/><E11/><V84/><F120/><W16/><G72/><T99/><D126/><U131/><E131/><V108/><F33/><W64/><G92/><T81/><D81/><U47/><E40/><V54/><F132/><N who="3" m="50731" /><G38/><T85/><D85/><U89/><E22/><V30/><F71/><W12/><G6/><T80/><D80/><U56/><E56/><V5/><F30/><W97/><G97/><T19/><D57/><U36/><E37/><V70/><F70/><W129/><G3/><T83/><D83/><U76/><E89/><V94/><F79/><N who="3" m="46559" /><G64/><T77/><D77/><U78/><E76/><V8/><F1/><W118/><G129/><T95/><D99/><U59/><E78/><V122/><F122/><W124/><G124/><T44/><D48/><U61/><E75/><V18/><F94/><N who="0" m="35850" /><D50/><U130/><E73/><V98/><F84/><W110/><G118/><T53/><D53/><U101/><E130/><V13/><F98/><W112/><G42/><T114/><D114/><U25/><E59/><V109/><F62/><W74/><G74/><T29/><D29/><U17/><REACH who="1" step="1"/><E25/><REACH who="1" ten="250,240,250,250" step="2"/><V23/><REACH who="2" step="1"/><F60/><REACH who="2" ten="250,240,240,250" step="2"/><W88/><G88/><T65/><D65/><U102/><N who="1" m="25600" /><DORA hai="31" /><U115/><E115/><V113/><F113/><W96/><G112/><T127/><D127/><RYUUKYOKU ba="0,2" sc="250,10,240,10,240,10,250,-30" hai0="2,7,15,19,20,26,28,35,44,46" hai1="17,21,24,36,41,47,52,58,61,111" hai2="4,5,8,9,10,13,18,23,45,51,54,108,109" /><INIT seed="0,1,2,4,3,112" ten="260,250,250,220" oya="0" hai0="108,19,120,43,98,32,20,79,73,110,10,101,119" hai1="114,129,25,28,123,83,74,36,24,16,35,58,82" hai2="31,12,100,15,75,50,13,65,97,113,87,78,1" hai3="0,91,4,66,46,69,125,92,94,33,117,107,61"/><T22/><D32/><U96/><E123/><V109/><F75/><W62/><G107/><T131/><D120/><U126/><E36/><V111/><F1/><W67/><G33/><T93/><D131/><U77/><E114/><V68/><F31/><W105/><G105/><T135/><D135/><U133/><E133/><V72/><F72/><W95/><G125/><T38/><D10/><U27/><E126/><V14/><F113/><W5/><G0/><T127/><D127/><U130/><E83/><V70/><F50/><W30/><G30/><T55/><D55/><U85/><E74/><V39/><F39/><W7/><G46/><N who="0" m="23927" /><D19/><U102/><E58/><V54/><F54/><W44/><G44/><T49/><D49/><U81/><E81/><N who="2" m="47543" /><F65/><W103/><G103/><T128/><D128/><N who="1" m="49259" /><E16/><V52/><F52/><W116/><REACH who="3" step="1"/><G91/><REACH who="3" ten="260,250,250,210" step="2"/><T71/><D101/><U11/><E11/><V115/><F115/><W37/><G37/><T99/><D22/><U63/><E63/><V106/><N who="2" m="3072" /><DORA hai="89" /><V21/><F21/><W47/><G47/><T42/><D20/><U104/><AGARI ba="1,3" hai="24,25,27,28,35,77,82,85,96,102,104" m="49259" machi="104" ten="30,1100,0" yaku="19,1" doraHai="112,89" who="1" fromWho="1" sc="260,-6,250,44,250,-4,210,-4" /><INIT seed="1,0,0,2,2,123" ten="254,294,246,206" oya="1" hai0="42,82,60,38,72,95,41,103,94,57,119,69,99" hai1="19,15,73,110,68,127,84,56,124,133,83,111,81" hai2="59,67,122,47,79,70,0,101,126,50,7,134,40" hai3="37,29,13,53,105,74,49,5,12,46,130,30,25"/><U51/><E68/><V48/><F122/><W52/><G74/><T91/><D119/><U113/><E113/><V44/><F79/><W28/><G105/><T75/><D69/><U11/><E133/><V118/><F101/><W90/><G130/><T120/><D120/><U76/><E51/><V4/><F118/><W129/><G129/><T36/><D36/><U116/><E56/><V18/><F0/><W131/><G131/><T14/><D14/><U27/><E27/><V2/><F70/><W80/><G37/><T114/><D114/><U9/><E9/><V107/><F107/><W21/><G53/><T39/><D39/><U93/><E93/><V32/><F2/><W97/><G5/><T24/><D24/><U89/><E116/><V61/><F32/><W86/><REACH who="3" step="1"/><G97/><REACH who="3" ten="254,294,246,196" step="2"/><T112/><D38/><U66/><REACH who="1" step="1"/><E66/><REACH who="1" ten="254,284,246,196" step="2"/><V117/><F117/><W58/><G58/><T106/><D112/><U54/><E54/><V8/><F59/><W98/><G98/><T63/><D57/><U22/><E22/><V109/><F67/><W55/><G55/><T87/><D106/><U85/><E85/><V20/><F40/><W31/><AGARI ba="0,2" hai="12,13,21,25,28,29,30,31,46,49,52,80,86,90" machi="31" ten="30,8000,1" yaku="1,1,0,1,8,1,54,1,53,1" doraHai="123" doraHaiUra="16" who="3" fromWho="3" sc="254,-20,284,-40,246,-20,196,100" /><INIT seed="2,0,0,4,3,130" ten="234,244,226,296" oya="2" hai0="4,116,123,132,56,81,84,111,21,11,87,73,102" hai1="43,100,62,97,20,90,71,127,79,107,66,77,65" hai2="80,61,75,24,78,1,8,57,72,34,38,3,118" hai3="53,112,31,9,104,28,76,10,30,6,60,99,103"/><V119/><F38/><W27/><G112/><T128/><D123/><U126/><E65/><V18/><F75/><W105/><G76/><T135/><D128/><U88/><E43/><V125/><F125/><N who="1" m="47625" /><E20/><V48/><F48/><W46/><G104/><T0/><D111/><U44/><E44/><V113/><F113/><W129/><G129/><T120/><D120/><U15/><E15/><V108/><F108/><W67/><G9/><T131/><D131/><U19/><E19/><V63/><F61/><W69/><G53/><T114/><D114/><U54/><E54/><V124/><F124/><W115/><G46/><T42/><D116/><U109/><E109/><V12/><F3/><W95/><G95/><T91/><D102/><U45/><E45/><V101/><F101/><W36/><G36/><T82/><D42/><U68/><E68/><V122/><F1/><W40/><G40/><T16/><D56/><U7/><E7/><V51/><F51/><W55/><G55/><T85/><D73/><U2/><E2/><V29/><REACH who="2" step="1"/><F122/><REACH who="2" ten="234,244,216,296" step="2"/><W47/><G115/><T52/><D52/><AGARI ba="0,1" hai="8,12,18,24,29,34,52,57,63,72,78,80,118,119" machi="52" ten="30,11600,0" yaku="1,1,2,1,7,1,54,1,53,0" doraHai="130" doraHaiUra="98" who="2" fromWho="0" sc="234,-116,244,0,216,126,296,0" /><INIT seed="2,1,0,3,0,76" ten="118,244,342,296" oya="2" hai0="128,55,114,133,56,107,102,9,15,134,87,35,95" hai1="10,2,67,71,23,1,104,12,33,97,132,77,62" hai2="47,86,28,88,125,131,42,119,108,34,59,135,109" hai3="11,63,93,90,6,78,111,79,14,68,84,0,27"/><V106/><F119/><W124/><G111/><N who="2" m="42569" /><F131/><W103/><G124/><T99/><D114/><U130/><E130/><V21/><F125/><W24/><G0/><T122/><D128/><U57/><E132/><N who="0" m="50793" /><D35/><U74/><E33/><V92/><F106/><W70/><G68/><T52/><D122/><U22/><E71/><V26/><F135/><W53/><G103/><T25/><D25/><N who="3" m="9801" /><G70/><T3/><D3/><U50/><E2/><V123/><F59/><AGARI ba="1,0" hai="6,11,14,53,59,63,78,79,84,90,93" m="9801" machi="59" ten="30,1000,0" yaku="8,1" doraHai="76" who="3" fromWho="2" sc="118,0,244,0,342,-13,296,13" /><INIT seed="3,0,0,0,3,22" ten="118,244,329,309" oya="3" hai0="59,57,134,77,14,30,24,42,60,49,9,36,71" hai1="70,11,27,133,63,117,50,95,64,47,132,25,16" hai2="38,1,96,46,86,31,32,18,5,73,81,43,4" hai3="135,85,87,109,53,83,99,125,6,103,35,61,91"/><W21/><G35/><T90/><D134/><N who="1" m="51819" /><E117/><V128/><F73/><W110/><G135/><T40/><D36/><U124/><E95/><V7/><F128/><W115/><G115/><T118/><D118/><U97/><E97/><V74/><F74/><W26/><G6/><T29/><D77/><U127/><E11/><V89/><F18/><W80/><G61/><T113/><D113/><U23/><E25/><V62/><F96/><W82/><G53/><AGARI ba="0,0" hai="16,23,27,47,50,53,63,64,70,124,127" m="51819" machi="53" ten="30,3900,0" yaku="20,1,52,1,54,1" doraHai="22" who="1" fromWho="3" sc="118,0,244,39,329,0,309,-39" /><INIT seed="4,0,0,3,5,88" ten="118,283,329,270" oya="0" hai0="48,54,6,124,75,47,64,50,13,10,62,55,51" hai1="11,114,72,15,101,23,39,95,122,97,32,16,110" hai2="102,56,37,74,96,59,123,130,60,94,43,132,67" hai3="135,105,63,86,76,103,28,70,68,118,112,17,18"/><T89/><D124/><U38/><E110/><V71/><F123/><W104/><G118/><T45/><D75/><U109/><E109/><V120/><F74/><W41/><G41/><T73/><D73/><U1/><E122/><V58/><F120/><W84/><G28/><T22/><D22/><U133/><E72/><V52/><F130/><W119/><G63/><T20/><D20/><U85/><E32/><V117/><F132/><W106/><G103/><T14/><D89/><U93/><E133/><V40/><F117/><W92/><G119/><T35/><D35/><U113/><E85/><V7/><F7/><W98/><G135/><T116/><D116/><U24/><E1/><V82/><F82/><W134/><G134/><T91/><D91/><U127/><E95/><V79/><F79/><W108/><G104/><T4/><D51/><U83/><E83/><V131/><F131/><W111/><G98/><T26/><D26/><U90/><E101/><V8/><F8/><W46/><G46/><T78/><D78/><U126/><E39/><V34/><F34/><W129/><G76/><T65/><D62/><U31/><E38/><V2/><F2/><W49/><G49/><T36/><D36/><U33/><E33/><V19/><F19/><W0/><G129/><T61/><D61/><U80/><E80/><V9/><F9/><AGARI ba="0,0" hai="4,6,9,10,13,14,45,47,48,50,54,55,64,65" machi="9" ten="40,12000,1" yaku="32,3,8,1" doraHai="88" who="0" fromWho="2" sc="118,120,283,0,329,-120,270,0" /><INIT seed="4,1,0,2,0,109" ten="238,283,209,270" oya="0" hai0="113,6,95,1,12,75,34,133,73,80,69,42,14" hai1="3,129,89,33,38,117,93,10,53,32,115,5,54" hai2="36,44,2,78,19,81,60,98,91,18,24,106,58" hai3="51,123,108,116,7,50,15,100,71,72,22,30,68"/><T64/><D34/><U16/><E117/><V135/><F2/><W52/><G108/><T25/><D25/><U43/><E129/><V37/><F135/><W111/><G111/><T41/><D133/><U88/><E43/><N who="0" m="16393" /><D1/><U61/><E38/><V0/><F44/><W20/><G72/><N who="0" m="27723" /><D80/><U126/><E126/><V101/><F0/><W57/><G116/><T120/><D95/><U4/><E3/><V66/><F91/><W112/><G30/><T13/><D6/><U29/><E93/><V127/><F127/><W84/><G7/><T121/><D64/><U102/><E29/><V28/><F36/><W87/><G100/><T59/><D59/><U96/><E102/><V8/><F8/><W118/><G57/><T119/><D119/><U132/><E132/><V99/><F98/><W26/><G26/><T47/><D47/><U82/><E82/><V27/><F37/><W90/><G118/><T107/><D69/><U83/><E83/><V21/><REACH who="2" step="1"/><F27/><REACH who="2" ten="238,283,199,270" step="2"/><W103/><G90/><T63/><D14/><U31/><E96/><V134/><F134/><W122/><G15/><T94/><D13/><U48/><E10/><V85/><AGARI ba="1,1" hai="18,19,21,24,28,58,60,66,78,81,85,99,101,106" machi="85" ten="20,5200,0" yaku="1,1,0,1,7,1,53,1" doraHai="109" doraHaiUra="76" who="2" fromWho="2" sc="238,-27,283,-14,199,65,270,-14" /><INIT seed="5,0,0,5,3,113" ten="211,269,264,256" oya="1" hai0="103,67,95,97,27,79,26,122,47,117,76,8,93" hai1="55,110,84,73,68,25,14,64,86,12,11,82,30" hai2="63,57,129,17,94,56,37,116,29,78,77,54,112" hai3="19,2,21,87,51,38,85,92,24,100,88,9,50"/><U20/><E110/><V46/><F112/><W41/><G38/><T60/><D122/><U48/><E73/><V16/><F116/><W10/><G2/><T127/><D127/><U98/><E68/><V15/><F29/><W22/><G100/><T36/><D117/><U111/><E64/><V81/><F129/><W125/><G125/><T74/><D8/><U32/><E111/><V121/><F121/><W83/><G21/><T120/><D120/><U43/><E43/><V58/><F17/><W118/><G118/><T80/><D76/><U91/><E32/><V130/><F78/><W96/><G85/><T34/><D93/><U101/><E86/><N who="2" m="48431" /><F46/><N who="3" m="25935" /><G51/><T89/><D34/><U6/><E12/><V7/><F37/><W23/><G23/><T135/><D103/><U59/><E101/><V69/><F7/><W52/><G52/><T72/><D72/><U119/><E119/><V107/><F107/><W49/><G49/><T31/><D31/><U124/><E124/><V75/><F75/><W102/><AGARI ba="0,0" hai="9,10,19,22,24,83,87,88,92,96,102" m="25935" machi="102" ten="30,2000,0" yaku="8,1,54,1" doraHai="113" who="3" fromWho="3" sc="211,-5,269,-10,264,-5,256,20" /><INIT seed="6,0,0,0,3,91" ten="206,259,259,276" oya="2" hai0="116,98,115,21,107,80,48,62,125,104,124,68,66" hai1="12,75,55,61,54,58,16,90,135,44,25,118,100" hai2="63,35,99,93,113,26,72,117,10,132,57,109,28" hai3="8,122,49,31,14,79,52,134,121,17,127,130,126"/><V81/><F117/><W111/><G111/><T1/><D116/><U105/><E118/><V51/><F109/><W88/><G79/><T53/><D115/><U56/><E75/><V45/><F113/><W24/><G130/><T78/><D1/><U123/><E135/><V74/><F10/><W0/><G0/><T46/><D21/><U73/><E73/><V18/><F81/><W84/><G134/><T30/><D30/><U128/><E128/><V38/><F18/><W41/><G41/><T133/><D133/><U22/><E123/><V13/><F13/><W114/><G114/><T76/><D76/><U87/><E44/><V23/><F38/><W2/><G2/><T3/><D3/><U103/><E105/><V85/><F35/><W106/><G106/><T129/><D129/><U82/><REACH who="1" step="1"/><E25/><REACH who="1" ten="206,249,259,276" step="2"/><V95/><F132/><W43/><G24/><T83/><D107/><U15/><E15/><V131/><F74/><W7/><G122/><T120/><D120/><U40/><E40/><N who="2" m="24999" /><F72/><W92/><G43/><T96/><D104/><U108/><E108/><V9/><F131/><W6/><G121/><T36/><D36/><U42/><E42/><V19/><F9/><W77/><G127/><T110/><D110/><U4/><E4/><V39/><F39/><W11/><G126/><T50/><D124/><U60/><AGARI ba="0,1" hai="12,16,22,54,55,56,58,60,61,82,87,90,100,103" machi="60" ten="20,12000,2" yaku="1,1,0,1,7,1,9,1,8,1,54,1,53,0" doraHai="91" doraHaiUra="67" who="1" fromWho="1" sc="206,-30,249,130,259,-60,276,-30" /><INIT seed="7,0,0,3,2,100" ten="176,379,199,246" oya="3" hai0="93,76,82,61,13,29,59,127,128,41,113,77,64" hai1="71,123,114,90,85,83,91,58,98,135,32,88,53" hai2="97,78,30,33,39,2,112,115,43,34,0,44,104" hai3="110,119,14,35,40,26,87,109,92,117,75,103,15"/><W3/><G75/><T73/><D128/><U36/><E123/><V124/><F78/><W111/><G40/><T48/><D127/><U50/><E32/><N who="2" m="12395" /><F30/><N who="3" m="19927" /><G87/><T56/><D29/><U51/><E36/><V62/><F62/><W24/><G92/><T65/><D13/><N who="3" m="4617" /><G103/><T79/><D113/><N who="2" m="43594" /><F124/><W27/><G3/><N who="2" m="1065" /><F97/><W120/><G120/><T11/><D11/><U42/><E71/><V121/><F121/><W31/><G24/><T1/><D1/><U102/><E114/><V49/><F49/><W129/><G129/><T38/><D38/><U17/><E51/><V130/><F130/><W94/><G94/><T23/><D23/><AGARI ba="0,0" hai="23,27,31,109,110,111,117,119" m="4617,19927" machi="23" ten="30,5800,0" yaku="10,1,34,2" doraHai="100" who="3" fromWho="0" sc="176,-58,379,0,199,0,246,58" /><INIT seed="7,1,0,0,1,55" ten="118,379,199,304" oya="3" hai0="86,1,73,56,52,129,113,101,99,4,77,29,11" hai1="126,10,41,61,54,80,128,98,7,112,0,20,108" hai2="130,85,91,124,111,12,48,51,63,105,47,71,35" hai3="81,114,59,42,36,19,95,116,24,2,100,46,97"/><W74/><G114/><T39/><D129/><U70/><E108/><V14/><F35/><W38/><G116/><T49/><D113/><U79/><E112/><V16/><F105/><W125/><G125/><T121/><D121/><U8/><E128/><V69/><F111/><W103/><G2/><T6/><D39/><U22/><E126/><V37/><F124/><W118/><G118/><T89/><D4/><U119/><E119/><V25/><F37/><W76/><G36/><T115/><D115/><U13/><E41/><V33/><F130/><W94/><G24/><T60/><D29/><U131/><E98/><V28/><F12/><W45/><G45/><T127/><D127/><U67/><E54/><V93/><F51/><W120/><G19/><T15/><D73/><U66/><E66/><V110/><F63/><W50/><G120/><T78/><D1/><U43/><E43/><V31/><F31/><W133/><G133/><T3/><D3/><U88/><E88/><V134/><F134/><W107/><G103/><T117/><D117/><U135/><E131/><V68/><F110/><W82/><G82/><T34/><D34/><U53/><E53/><V83/><F83/><W62/><REACH who="3" step="1"/><G38/><REACH who="3" ten="118,379,199,294" step="2"/><T96/><D49/><U84/><E135/><V123/><F25/><W64/><AGARI ba="1,1" hai="42,46,50,59,62,64,74,76,81,94,95,97,100,107" machi="64" ten="20,12000,1" yaku="1,1,2,1,0,1,7,1,52,1,53,0" doraHai="55" doraHaiUra="87" who="3" fromWho="3" sc="118,-41,379,-41,199,-41,294,133" owari="77,-42.3,338,13.8,158,-24.2,427,52.7" /></mjloggm>