<mjloggm ver="2.3"><GO type="169" lobby="0"/><UN n0="%E8%91%B5%E3%81%A1%E3%82%83%E3%82%93" n1="%E7%B4%94%E5%85%A8%E5%B8%AF%E4%B8%89%E8%89%B2" n2="%E3%83%9F%E3%83%88%E3%83%A9%32" n3="%E3%81%9F%E3%81%8C%E3%82%84%E3%81%99" dan="18,16,16,16" rate="2218.37,2102.86,2075.28,2179.66" sx="F,M,M,M"/><TAIKYOKU oya="0"/><INIT seed="0,0,0,0,0,51" ten="250,250,250,250" oya="0" hai0="39,62,53,99,6,36,111,41,55,15,126,85,19" hai1="37,13,28,118,102,81,25,117,98,112,68,65,104" hai2="14,77,116,106,113,1,107,97,64,94,4,18,21" hai3="52,96,32,0,119,16,132,124,108,134,49,71,89"/><T90/><D126/><U115/><E13/><V127/><F113/><N who="1" m="43593" /><E37/><V54/><F127/><W110/><G0/><T120/><D120/><U22/><E81/><V70/><F77/><W31/><G71/><T59/><D6/><U26/><E26/><V63/><F116/><N who="1" m="44649" /><E65/><V84/><F84/><W82/><G119/><T133/><D133/><N who="3" m="51305" /><G124/><T17/><D111/><U48/><E48/><V135/><F135/><W109/><G31/><T60/><D85/><U47/><E47/><V129/><F129/><W103/><G32/><T5/><D5/><U83/><E83/><V11/><REACH who="2" step="1"/><F54/><REACH who="2" ten="250,250,240,250" step="2"/><W35/><G110/><T87/><D55/><U74/><E68/><V66/><F66/><W128/><G128/><T79/><D87/><U9/><E9/><V38/><F38/><W100/><G109/><T58/><D39/><U67/><E67/><V42/><F42/><W12/><G108/><T27/><D41/><U34/><E74/><V33/><F33/><AGARI ba="0,1" hai="22,25,28,33,34,98,102,104" m="44649,43593" machi="33" ten="30,1000,0" yaku="11,1" doraHai="51" who="1" fromWho="2" sc="250,0,250,20,240,-10,250,0" /><INIT seed="1,0,0,4,5,70" ten="250,270,230,250" oya="1" hai0="107,71,9,93,7,129,58,36,8,1,81,30,46" hai1="10,18,59,0,80,52,24,114,42,122,68,110,134" hai2="133,14,130,66,15,115,69,64,63,105,123,87,55" hai3="118,89,135,98,77,25,103,67,13,108,54,27,95"/><U53/><E122/><V4/><F123/><W26/><G77/><T47/><D107/><U128/><E114/><V37/><F115/><W29/><G118/><T121/><D121/><U97/><E68/><V22/><F105/><W84/><G108/><T2/><D71/><U117/><E117/><V12/><F66/><W60/><G135/><T113/><D113/><U17/><E134/><V88/><F133/><W101/><G54/><T74/><D30/><U44/><E128/><V62/><F130/><W102/><G13/><T32/><D32/><U90/><E110/><V112/><F112/><W3/><G3/><T19/><D129/><U49/><E0/><V21/><F4/><W92/><REACH who="3" step="1"/><G29/><REACH who="3" ten="250,270,230,240" step="2"/><T83/><D1/><U76/><E53/><V119/><F119/><W16/><G16/><T127/><D19/><U106/><E10/><V131/><F131/><W33/><G33/><T111/><D9/><U39/><E24/><V82/><F55/><W91/><G91/><T48/><D111/><U73/><REACH who="1" step="1"/><E90/><REACH who="1" ten="250,260,230,240" step="2"/><V109/><F109/><W94/><G94/><T65/><D93/><U51/><E51/><V104/><F88/><W99/><G99/><T124/><D48/><U96/><E96/><V86/><F63/><W20/><G20/><T132/><D8/><U50/><E50/><V6/><F22/><W85/><G85/><T116/><D2/><U61/><E61/><V75/><F21/><W34/><G34/><T35/><D116/><U5/><E5/><V78/><F86/><W28/><G28/><T57/><D7/><U72/><E72/><V41/><F75/><RYUUKYOKU ba="0,2" sc="250,-15,260,15,230,-15,240,15" hai1="17,18,39,42,44,49,52,59,73,76,80,97,106" hai3="25,26,27,60,67,84,89,92,95,98,101,102,103" /><INIT seed="1,1,2,3,5,44" ten="235,275,215,255" oya="1" hai0="130,106,17,37,76,23,110,58,90,101,95,48,94" hai1="123,50,115,108,60,54,4,16,49,125,78,40,46" hai2="61,41,43,11,69,91,113,65,5,7,67,92,84" hai3="25,81,53,83,33,105,118,119,63,74,57,80,38"/><U35/><E35/><V82/><F113/><W114/><G105/><T89/><D37/><U30/><E115/><V112/><F112/><W66/><G114/><T116/><D116/><N who="3" m="44585" /><G38/><T102/><D110/><U111/><E123/><V79/><F67/><W55/><G74/><T124/><D76/><U131/><E30/><AGARI ba="1,2" hai="25,30,33,53,55,57,63,66,80,81,83" m="44585" machi="30" ten="30,1000,0" yaku="12,1" doraHai="44" who="3" fromWho="1" sc="235,0,275,-13,215,0,255,33" /><INIT seed="2,0,0,0,1,128" ten="235,262,215,288" oya="2" hai0="8,15,115,84,47,110,44,41,78,42,68,132,16" hai1="14,90,91,52,86,10,61,119,87,82,134,92,5" hai2="20,43,31,38,98,104,124,71,64,11,58,4,18" hai3="36,34,120,40,83,135,62,122,22,93,99,130,103"/><V59/><F71/><W69/><G34/><T3/><D115/><U32/><E32/><V121/><F121/><W19/><G130/><T48/><D68/><U0/><E119/><V73/><F73/><W105/><G36/><T76/><D110/><U57/><REACH who="1" step="1"/><E0/><REACH who="1" ten="235,252,215,288" step="2"/><V25/><F124/><W129/><G129/><T66/><D3/><U30/><E30/><V126/><F126/><W88/><G122/><T133/><D66/><U101/><E101/><V81/><F64/><W33/><G33/><T51/><REACH who="0" step="1"/><D84/><REACH who="0" ten="225,252,215,288" step="2"/><U70/><E70/><V75/><F75/><W35/><G69/><T54/><D54/><U37/><E37/><V117/><F38/><W23/><G120/><T55/><D55/><U12/><E12/><V60/><F117/><W107/><G40/><T111/><D111/><U109/><E109/><V96/><F43/><W77/><G103/><T127/><D127/><U113/><E113/><V114/><F114/><W49/><G105/><T79/><AGARI ba="0,2" hai="8,15,16,41,42,44,47,48,51,76,78,79,132,133" machi="79" ten="30,12000,2" yaku="1,1,0,1,9,1,52,2,54,1,53,0" doraHai="128" doraHaiUra="1" who="0" fromWho="0" sc="225,140,252,-30,215,-60,288,-30" /><INIT seed="3,0,0,3,4,109" ten="365,222,155,258" oya="3" hai0="108,72,58,13,80,35,31,36,43,87,120,129,49" hai1="134,123,52,121,22,29,23,21,0,60,64,27,125" hai2="100,81,82,92,7,75,132,103,110,30,28,39,10" hai3="76,8,105,18,46,90,12,93,47,77,3,57,118"/><W15/><G105/><T33/><D120/><U50/><E0/><V101/><F110/><W124/><G3/><T2/><D108/><U41/><E41/><V38/><F132/><W131/><G124/><T96/><D2/><U11/><E134/><V66/><F92/><W45/><G131/><T42/><D72/><U98/><E125/><V79/><F66/><W67/><G118/><T61/><D36/><U65/><E11/><V89/><F89/><W34/><G34/><T122/><D122/><U6/><E6/><V53/><F53/><W62/><REACH who="3" step="1"/><G15/><REACH who="3" ten="365,222,155,248" step="2"/><T32/><D13/><U24/><E121/><V85/><F75/><W126/><G126/><T40/><D33/><U116/><E123/><V97/><F38/><W69/><G69/><T135/><D35/><U102/><E116/><V1/><F39/><W99/><AGARI ba="0,1" hai="8,12,18,45,46,47,57,62,67,76,77,90,93,99" machi="99" ten="30,6000,0" yaku="1,1,0,1,8,1,53,0" doraHai="109" doraHaiUra="37" who="3" fromWho="3" sc="365,-20,222,-20,155,-20,248,70" /><INIT seed="3,1,0,5,2,13" ten="345,202,135,318" oya="3" hai0="95,99,89,47,55,76,112,127,42,119,2,102,126" hai1="84,106,121,26,90,69,80,134,110,63,60,59,12" hai2="125,35,43,24,5,100,4,135,0,105,124,81,1" hai3="36,111,73,88,16,65,101,30,104,74,50,19,33"/><W128/><G36/><T40/><D119/><U32/><E110/><V122/><F43/><W91/><G50/><N who="0" m="29151" /><D2/><N who="2" m="1130" /><F81/><W58/><G58/><T130/><D130/><U41/><E134/><V85/><F85/><W34/><G128/><T77/><D112/><U18/><E121/><V14/><F100/><W49/><G49/><T39/><D89/><U17/><E41/><N who="0" m="15977" /><D39/><U123/><E123/><V61/><F61/><W27/><G111/><T92/><D92/><U11/><E106/><V75/><F75/><N who="3" m="28683" /><G34/><T45/><D45/><U86/><E69/><V107/><F122/><W57/><G57/><T132/><D132/><U113/><E113/><V64/><F135/><W67/><G91/><T129/><D129/><U83/><E32/><V78/><F35/><W28/><G88/><T116/><D116/><U96/><E96/><V25/><F78/><W114/><G114/><T56/><D56/><U109/><E109/><V6/><F64/><W103/><G33/><T131/><D131/><U79/><E59/><V52/><F52/><W70/><G70/><T87/><D87/><U62/><E26/><N who="2" m="10347" /><F105/><W54/><G104/><T98/><D98/><U9/><E9/><N who="2" m="4391" /><F107/><W22/><G67/><T53/><D53/><U37/><E37/><V3/><N who="2" m="1138" /><V15/><DORA hai="7" /><F15/><N who="3" m="9503" /><G54/><T23/><D77/><U68/><E68/><V94/><F94/><W66/><G66/><T44/><D76/><U120/><E120/><V118/><F118/><W108/><G65/><T82/><D82/><U93/><E83/><V51/><F51/><W31/><G108/><T46/><D102/><U133/><E133/><RYUUKYOKU ba="1,0" sc="345,-30,202,10,135,10,318,10" hai1="11,12,17,18,60,62,63,79,80,84,86,90,93" hai2="5,6,124,125" hai3="19,27,28,30,31,101,103" /><INIT seed="3,2,0,4,1,104" ten="315,212,145,328" oya="3" hai0="77,133,85,90,120,121,61,47,37,22,96,19,57" hai1="89,64,88,1,76,98,45,75,74,125,31,26,117" hai2="83,92,30,116,51,44,119,94,25,110,97,128,80" hai3="40,107,68,123,12,100,14,109,23,5,72,114,135"/><W49/><G68/><T7/><D133/><U59/><E1/><V15/><F110/><W50/><G123/><T29/><D29/><U8/><E76/><V10/><F128/><W52/><G100/><T4/><D77/><U127/><E8/><V82/><F119/><W124/><G107/><T111/><D111/><U11/><E11/><V36/><F36/><W32/><G32/><T113/><D113/><U58/><E45/><V129/><F129/><W6/><G23/><T132/><D132/><U28/><E64/><V2/><F2/><W79/><G40/><T3/><D96/><U115/><E26/><V66/><F66/><W27/><G27/><T106/><D106/><U34/><E98/><V53/><F97/><W87/><G87/><T122/><D3/><U41/><E41/><V71/><F71/><W86/><G86/><T62/><D47/><U65/><E65/><V95/><F116/><W69/><G69/><T24/><D37/><U112/><E117/><V63/><F63/><W46/><G109/><T67/><REACH who="0" step="1"/><D62/><REACH who="0" ten="305,212,145,328" step="2"/><U70/><E70/><V42/><F42/><W54/><G135/><T108/><D108/><U17/><E17/><V93/><N who="2" m="23552" /><DORA hai="56" /><V105/><F105/><W126/><G114/><T118/><D118/><U103/><REACH who="1" step="1"/><E34/><REACH who="1" ten="305,202,145,328" step="2"/><V55/><F30/><W9/><G46/><T13/><D13/><U0/><E0/><V78/><F44/><W130/><G79/><T35/><D35/><U38/><E38/><V20/><F78/><W84/><G14/><T91/><D91/><U39/><E39/><V43/><F15/><W73/><G12/><RYUUKYOKU ba="2,2" sc="305,15,202,15,145,-15,328,-15" hai0="4,7,19,22,24,57,61,67,85,90,120,121,122" hai1="28,31,58,59,74,75,88,89,103,112,115,125,127" /><INIT seed="4,3,2,4,4,65" ten="320,217,130,313" oya="0" hai0="6,105,0,71,4,32,27,111,107,67,132,90,24" hai1="89,29,98,64,52,84,74,28,54,106,66,124,16" hai2="26,128,55,14,99,25,9,118,78,120,7,33,3" hai3="109,15,46,59,18,135,80,41,115,116,102,77,91"/><T23/><D32/><U85/><E74/><V2/><F120/><W129/><G102/><T38/><D38/><U76/><E106/><V94/><F118/><W83/><G109/><T10/><D111/><U40/><E40/><V72/><F128/><W134/><G116/><T126/><D126/><U60/><E124/><V36/><F36/><W63/><G91/><T53/><D132/><N who="3" m="50729" /><G115/><T113/><D113/><U5/><E5/><V103/><F26/><W69/><G69/><T13/><D53/><N who="1" m="20587" /><E76/><V8/><F55/><N who="3" m="34303" /><G77/><T82/><D105/><U97/><E85/><V47/><F47/><W58/><G58/><T101/><D107/><U68/><E68/><V12/><F78/><W21/><G129/><T75/><D71/><U125/><E125/><V123/><F72/><W131/><G131/><T51/><D75/><U92/><E60/><V114/><F123/><W130/><G130/><T70/><D70/><U19/><E64/><V56/><F56/><W39/><AGARI ba="3,2" hai="15,18,21,39,41,46,80,83" m="34303,50729" machi="39" ten="30,1100,0" yaku="20,1" doraHai="65" who="3" fromWho="3" sc="320,-8,217,-6,130,-6,313,40" /><INIT seed="5,0,0,3,4,50" ten="312,211,124,353" oya="1" hai0="78,105,48,17,1,101,28,27,118,9,126,129,7" hai1="108,4,114,111,120,55,124,133,121,106,16,14,6" hai2="60,49,44,11,57,56,12,123,107,70,19,93,36" hai3="104,64,103,86,26,38,31,90,47,52,40,135,43"/><U125/><E106/><V127/><F123/><N who="1" m="47177" /><E55/><V109/><F107/><W59/><G103/><T91/><D78/><U79/><E79/><V20/><F36/><W71/><G104/><T74/><D91/><U29/><E29/><V92/><F127/><N who="1" m="48713" /><E114/><V113/><F113/><W37/><G43/><T35/><D28/><U32/><E32/><V18/><F70/><W131/><G38/><T62/><D35/><U83/><E83/><V82/><F82/><W22/><G71/><T51/><D105/><U13/><E133/><V65/><F57/><W112/><G112/><T10/><D51/><U122/><N who="1" m="47185" /><U115/><DORA hai="88" /><E115/><V23/><F11/><W95/><G135/><T34/><D48/><U5/><E14/><V76/><F76/><W3/><G3/><T98/><D34/><U8/><AGARI ba="0,0" hai="4,5,6,8,13,16,108,111" m="48713,47185" machi="8" ten="50,12000,1" yaku="18,1,34,2,54,1" doraHai="50,88" who="1" fromWho="1" sc="312,-40,211,120,124,-40,353,-40" /><INIT seed="5,1,0,5,2,59" ten="272,331,84,313" oya="1" hai0="50,113,32,5,17,49,22,64,48,79,85,131,25" hai1="39,134,54,109,111,112,28,67,93,14,16,58,62" hai2="87,21,102,129,6,12,114,8,97,60,1,116,10" hai3="53,2,88,121,92,81,43,35,23,19,33,63,18"/><U44/><E112/><V105/><F116/><W46/><G2/><T72/><D72/><U125/><E28/><V66/><F129/><W80/><G121/><T47/><D113/><U34/><E34/><V75/><F75/><W100/><G100/><T40/><D131/><U96/><E125/><V15/><F114/><W4/><G4/><T132/><D132/><U123/><E123/><V26/><F87/><W124/><G33/><T41/><D32/><U3/><E3/><V117/><F10/><W57/><G35/><T122/><D122/><U52/><E134/><V120/><F117/><W86/><G124/><T83/><D41/><U69/><E44/><V9/><F9/><W7/><G7/><T55/><D64/><U20/><E39/><V24/><F24/><W73/><G73/><T108/><D108/><N who="1" m="41547" /><E69/><V89/><F89/><AGARI ba="1,0" hai="14,16,20,52,54,58,62,67,89,93,96" m="41547" machi="89" ten="30,11600,0" yaku="10,1,52,1,54,2" doraHai="59" who="1" fromWho="2" sc="272,0,331,119,84,-119,313,0" owari="272,-12.8,450,55.0,-35,-53.5,313,11.3" /></mjloggm>