<mjloggm ver="2.3"><GO type="169" lobby="0"/><UN n0="%E5%8D%83%E5%B9%B4%E5%B0%8F%E5%A6%96" n1="%E6%84%9A%E5%85%84%E3%81%8C%E6%84%9A%E5%BD%A2" n2="%E3%81%8B%E3%82%81%E3%81%98%E3%82%8D%E3%81%86" n3="%E3%81%AE%E3%81%AF%E3%81%A3%E3%81%A1" dan="16,18,17,16" rate="2092.26,2210.77,2221.84,2151.30" sx="M,M,M,M"/><TAIKYOKU oya="0"/><INIT seed="0,0,0,3,4,65" ten="250,250,250,250" oya="0" hai0="135,29,30,53,114,15,49,126,54,69,105,76,132" hai1="124,33,81,94,106,122,40,52,117,32,4,42,63" hai2="111,25,134,5,125,56,129,91,64,36,93,74,101" hai3="13,23,35,108,45,88,60,110,89,119,77,9,116"/><T62/><D114/><U41/><E106/><V24/><F36/><W120/><G35/><T14/><D105/><U28/><E117/><V123/><F123/><W86/><G120/><T102/><D102/><U38/><E38/><V2/><F74/><W100/><G100/><T50/><D76/><U70/><E122/><V112/><F112/><W78/><G23/><T57/><D126/><U1/><E81/><V98/><F125/><W83/><G45/><T18/><D15/><U85/><E28/><V34/><F129/><W6/><G77/><T96/><D96/><U58/><E124/><V73/><F73/><W113/><G113/><T51/><D54/><U92/><E92/><V121/><F121/><W0/><G0/><T48/><N who="0" m="12288" /><DORA hai="72" /><T66/><D53/><U84/><E84/><V67/><F134/><N who="0" m="51242" /><D57/><U3/><E3/><V95/><F67/><W31/><G116/><T8/><AGARI ba="0,0" hai="8,14,18,29,30,62,66,69" m="51242,12288" machi="8" ten="50,4800,0" yaku="20,1,52,1" doraHai="65,72" who="0" fromWho="0" sc="250,48,250,-16,250,-16,250,-16" /><INIT seed="0,1,0,0,2,63" ten="298,234,234,234" oya="0" hai0="118,107,17,49,51,61,73,77,97,86,48,134,50" hai1="28,47,59,18,37,12,69,119,101,130,112,19,88" hai2="25,20,120,71,85,39,106,98,24,32,79,5,57" hai3="128,109,46,108,114,68,27,42,110,29,54,45,52"/><T105/><D118/><U3/><E119/><V113/><F120/><W81/><G114/><T23/><D73/><U15/><E3/><V115/><F39/><W55/><G128/><T74/><D74/><U41/><E69/><V7/><F71/><W62/><G81/><T44/><D134/><U123/><E123/><V94/><F106/><W102/><G102/><T36/><D36/><U82/><E130/><V99/><F32/><W14/><G14/><T129/><D97/><U6/><E101/><V10/><F79/><W53/><G42/><T33/><D33/><U72/><E28/><V11/><F57/><W83/><G83/><N who="0" m="47471" /><D105/><U26/><E112/><V133/><F85/><W90/><G90/><T131/><D107/><U122/><E122/><V16/><F133/><W80/><G80/><T104/><D104/><U60/><E72/><V100/><F99/><W111/><N who="3" m="27648" /><DORA hai="8" /><W2/><G2/><T93/><D93/><U103/><E103/><V95/><F95/><W31/><G31/><T58/><D131/><U4/><E26/><V35/><F25/><W67/><N who="3" m="13312" /><DORA hai="89" /><W84/><REACH who="3" step="1"/><G84/><REACH who="3" ten="298,234,234,224" step="2"/><T116/><D129/><U132/><E82/><V78/><F78/><W38/><G38/><T40/><D116/><U21/><E88/><V1/><F35/><AGARI ba="1,1" hai="27,29,35,45,46,62,67,68" m="13312,27648" machi="35" ten="80,16000,3" yaku="1,1,14,1,52,1,54,1,53,4" doraHai="63,8,89" doraHaiUra="75,121,117" who="3" fromWho="2" sc="298,0,234,0,234,-163,224,173" /><INIT seed="1,0,0,4,1,87" ten="298,234,71,397" oya="1" hai0="79,76,61,48,3,55,130,6,7,19,97,43,98" hai1="100,120,81,78,50,73,111,131,26,107,53,72,122" hai2="49,14,102,59,65,5,96,39,129,116,99,133,67" hai3="42,27,124,22,38,52,104,128,103,132,62,10,71"/><U126/><E126/><V20/><F116/><W64/><G128/><T17/><D130/><U68/><E131/><V91/><F129/><W123/><G123/><T84/><D43/><U134/><E68/><V30/><F39/><W115/><G115/><T58/><D3/><U34/><E134/><V9/><F133/><W89/><G124/><T57/><D17/><U94/><E72/><V37/><F37/><W41/><G38/><T44/><D19/><U13/><E111/><V60/><F49/><W119/><G10/><T108/><D108/><U24/><E13/><V4/><F4/><N who="0" m="1578" /><D44/><U16/><E107/><V11/><F11/><W114/><G114/><T90/><D76/><U33/><E24/><N who="2" m="16647" /><F67/><W112/><G119/><T85/><D85/><U101/><E33/><V135/><F135/><W23/><G64/><N who="0" m="38959" /><D79/><U35/><E35/><V54/><F54/><W63/><G71/><T127/><D127/><U88/><E34/><V56/><F56/><W113/><G104/><T105/><D105/><U82/><E122/><V31/><F31/><W28/><G28/><T77/><D77/><U69/><E69/><V1/><F1/><W74/><G74/><T12/><D12/><U66/><E120/><V2/><F2/><W15/><G15/><T29/><D29/><U45/><E66/><V118/><F118/><W106/><G106/><T0/><D0/><U40/><E40/><V70/><F70/><W95/><G132/><T21/><D21/><N who="1" m="13607" /><E73/><V46/><F46/><W25/><G113/><T93/><AGARI ba="0,0" hai="48,55,58,84,90,93,97,98" m="38959,1578" machi="93" ten="30,2000,0" yaku="8,1,52,1" doraHai="87" who="0" fromWho="0" sc="298,20,234,-10,71,-5,397,-5" /><INIT seed="2,0,0,4,2,54" ten="318,224,66,392" oya="2" hai0="53,90,134,15,60,35,102,131,18,11,98,49,75" hai1="3,43,38,52,61,66,88,26,41,96,62,17,67" hai2="104,24,94,7,64,42,103,120,130,6,91,108,65" hai3="13,84,12,79,122,111,76,58,125,83,124,40,72"/><V36/><F120/><W19/><G122/><T55/><D131/><U50/><E3/><V56/><F130/><W44/><G111/><T47/><D134/><U119/><E119/><V118/><F118/><W5/><G5/><T8/><D35/><U97/><E38/><V70/><F70/><W121/><G121/><T89/><D75/><U20/><E97/><V80/><F80/><W73/><G58/><N who="0" m="34895" /><D8/><U57/><E50/><V21/><F108/><W133/><G133/><T100/><D90/><U69/><E67/><V48/><F103/><W71/><G71/><T92/><AGARI ba="0,0" hai="11,15,18,47,49,55,89,92,98,100,102" m="34895" machi="92" ten="30,2000,0" yaku="8,1,52,1" doraHai="54" who="0" fromWho="0" sc="318,20,224,-5,66,-10,392,-5" /><INIT seed="3,0,0,5,3,28" ten="338,219,56,387" oya="3" hai0="32,25,8,55,98,39,118,49,124,104,115,134,66" hai1="100,81,29,135,54,68,119,40,126,46,62,90,122" hai2="108,58,85,116,106,65,110,51,123,23,10,129,16" hai3="80,26,125,14,61,48,130,17,13,84,83,50,67"/><W92/><G130/><T96/><D118/><U63/><E122/><V12/><F116/><W22/><G125/><T105/><D39/><U31/><E126/><V88/><F106/><W95/><G80/><T94/><D124/><U97/><E119/><V73/><F73/><W19/><G92/><T52/><D134/><U79/><E90/><V87/><F129/><W2/><G2/><T30/><D55/><U45/><E135/><V21/><F123/><W102/><G95/><T114/><D66/><U131/><E131/><V35/><F35/><W101/><G101/><T70/><D8/><U112/><E112/><N who="0" m="43049" /><D70/><U64/><E62/><N who="2" m="38103" /><F85/><W7/><G102/><N who="0" m="60695" /><D98/><U43/><E54/><V44/><F110/><W53/><G7/><T36/><D36/><U128/><E128/><V38/><F38/><W56/><G17/><T72/><D72/><U76/><E97/><V11/><F11/><W133/><G133/><T1/><D1/><U18/><E100/><V77/><F77/><W121/><G121/><T4/><D4/><U42/><E79/><V74/><F74/><W5/><G5/><T82/><D82/><U59/><E68/><V20/><F108/><W33/><G83/><T9/><D9/><U107/><E107/><V78/><F78/><W57/><G84/><T103/><D103/><U89/><E76/><V69/><F69/><W113/><G113/><T47/><AGARI ba="0,0" hai="25,30,32,47,49,52,104,105" m="60695,43049" machi="47" ten="30,4000,0" yaku="11,1,52,1,54,1" doraHai="28" who="0" fromWho="0" sc="338,40,219,-10,56,-10,387,-20" /><INIT seed="4,0,0,3,0,2" ten="378,209,46,367" oya="0" hai0="87,118,40,104,42,92,83,71,121,82,54,78,48" hai1="50,18,100,32,64,107,85,88,35,66,13,36,123" hai2="11,46,23,109,97,26,17,49,12,125,69,56,3" hai3="108,63,28,129,47,31,60,65,95,30,39,33,124"/><T34/><D118/><U133/><E36/><V57/><F109/><W134/><G108/><T7/><D121/><U102/><E133/><V120/><F120/><W1/><G124/><T29/><D104/><U132/><E132/><V96/><F69/><W45/><G129/><T58/><D71/><U80/><E123/><V19/><F125/><W77/><G33/><T128/><D128/><U103/><E107/><V52/><F3/><W72/><G1/><T91/><D83/><U101/><N who="1" m="25600" /><DORA hai="0" /><U93/><E93/><V90/><F90/><W105/><G105/><T106/><D106/><U21/><REACH who="1" step="1"/><E50/><REACH who="1" ten="378,199,46,367" step="2"/><V74/><REACH who="2" step="1"/><F74/><REACH who="2" ten="378,199,36,367" step="2"/><W76/><G72/><T117/><D117/><U59/><E59/><AGARI ba="0,2" hai="11,12,17,19,23,26,46,49,52,56,57,59,96,97" machi="59" ten="40,8000,1" yaku="1,1,2,1,8,1,54,1,53,0" doraHai="2,0" doraHaiUra="68,81" who="2" fromWho="1" sc="378,0,199,-80,36,100,367,0" /><INIT seed="5,0,0,0,4,29" ten="378,119,136,367" oya="1" hai0="108,14,116,47,83,115,51,6,99,78,126,65,64" hai1="91,105,4,95,119,58,114,26,54,62,7,79,104" hai2="85,32,73,89,17,69,128,3,28,130,84,42,41" hai3="0,107,16,35,33,38,48,19,50,77,9,135,71"/><U55/><E114/><V124/><F73/><W112/><G38/><T39/><D108/><U102/><E119/><V53/><F69/><W57/><G71/><T111/><D111/><U25/><E79/><V63/><F3/><W131/><G107/><T122/><D116/><U59/><E102/><V74/><F74/><W2/><G77/><T129/><D39/><U11/><E104/><V34/><F124/><W8/><G57/><T40/><D115/><U24/><E105/><V80/><F17/><W44/><G44/><T68/><D68/><U82/><E82/><V134/><F134/><W49/><G49/><T37/><D126/><U23/><E23/><V81/><F53/><W15/><G15/><T113/><D129/><N who="2" m="49770" /><F63/><W103/><G131/><T87/><D37/><U92/><E11/><V93/><F28/><W13/><G13/><T121/><D99/><U101/><E101/><V98/><F84/><W117/><G103/><T120/><D113/><U100/><E100/><N who="2" m="60495" /><F81/><W46/><G112/><T76/><D78/><U127/><E127/><V106/><F106/><W60/><G60/><T123/><D121/><U96/><REACH who="1" step="1"/><E92/><REACH who="1" ten="378,109,136,367" step="2"/><V125/><F125/><W86/><G117/><T27/><D122/><U94/><E94/><V97/><F97/><W5/><G135/><T66/><D120/><U52/><E52/><V67/><F67/><W72/><G8/><N who="0" m="4375" /><D123/><U118/><E118/><V21/><F21/><W132/><G9/><T56/><D65/><U61/><AGARI ba="0,1" hai="4,7,24,25,26,54,55,58,59,61,62,91,95,96" machi="61" ten="30,11700,0" yaku="1,1,0,1,9,1,8,1,53,0" doraHai="29" doraHaiUra="75" who="1" fromWho="1" sc="378,-39,109,127,136,-39,367,-39" /><INIT seed="5,1,0,2,0,86" ten="339,236,97,328" oya="1" hai0="118,8,95,111,65,61,78,7,67,52,27,104,4" hai1="106,15,12,49,6,33,43,3,36,74,94,107,13" hai2="60,56,25,119,26,32,127,130,54,91,35,114,81" hai3="50,108,31,124,132,101,135,1,88,17,79,19,46"/><U57/><E33/><V0/><F119/><W58/><G108/><T64/><D118/><U92/><E74/><V62/><F0/><W30/><G1/><T71/><D104/><U83/><E36/><V116/><F116/><W29/><G79/><T102/><D111/><U134/><E134/><N who="3" m="51242" /><G58/><N who="0" m="35015" /><D71/><U125/><E125/><V22/><F127/><W10/><G101/><T87/><D8/><U11/><E83/><V122/><F122/><W53/><G10/><T90/><D102/><U39/><E39/><V66/><F130/><W84/><G124/><T18/><D78/><U80/><E80/><AGARI ba="1,0" hai="17,19,29,30,31,46,50,53,80,84,88" m="51242" machi="80" ten="30,3900,0" yaku="20,1,52,1,54,1" doraHai="86" who="3" fromWho="1" sc="339,0,236,-42,97,0,328,42" /><INIT seed="6,0,0,5,0,33" ten="339,194,97,370" oya="2" hai0="58,72,35,117,89,105,132,56,52,23,79,3,11" hai1="57,111,99,112,123,98,108,104,94,1,103,26,18" hai2="14,54,19,63,121,101,124,83,109,65,93,44,91" hai3="12,22,51,86,84,25,38,88,97,92,17,90,131"/><V69/><F124/><W50/><G131/><T37/><D35/><U74/><E74/><V118/><F118/><W29/><G38/><T107/><D37/><U134/><E112/><V70/><F121/><W135/><G135/><T30/><D132/><U128/><E134/><V114/><F114/><W16/><G17/><T42/><D42/><U39/><E39/><V125/><F125/><W126/><G126/><T47/><D47/><U76/><E76/><V102/><F70/><W61/><G61/><T4/><D58/><U122/><E57/><V43/><F109/><W7/><G7/><T62/><D117/><U67/><E67/><V113/><F83/><W0/><G0/><T68/><D68/><U49/><E49/><V120/><F120/><N who="1" m="46121" /><E1/><V21/><F113/><W95/><G97/><T20/><D79/><U130/><E18/><V10/><F54/><W66/><G66/><T46/><D72/><U34/><E26/><V115/><F115/><W27/><G27/><T48/><D30/><U28/><E28/><V100/><F10/><AGARI ba="0,0" hai="10,12,16,22,25,29,50,51,84,86,88,90,92,95" machi="10" ten="30,8000,1" yaku="7,1,9,1,8,1,54,2" doraHai="33" who="3" fromWho="2" sc="339,0,194,0,97,-80,370,80" /><INIT seed="7,0,0,0,1,5" ten="339,194,17,450" oya="3" hai0="123,1,8,130,73,119,124,16,45,19,75,88,6" hai1="17,126,13,115,18,99,35,70,0,65,134,48,38" hai2="42,10,41,30,87,11,14,46,93,59,96,122,125" hai3="117,50,36,37,54,61,33,118,135,106,26,107,3"/><W110/><G3/><T72/><D119/><U101/><E38/><V113/><F125/><W98/><G61/><T97/><D123/><U112/><E48/><V109/><F109/><W23/><G33/><T133/><D124/><U22/><E126/><V71/><F71/><W120/><G120/><T121/><D121/><U91/><E70/><V34/><F122/><W90/><G135/><T66/><D133/><U111/><E65/><V21/><F113/><W52/><G90/><T74/><D130/><U63/><E63/><V24/><F34/><W95/><G95/><T80/><D66/><U86/><E134/><V77/><F14/><W9/><G9/><T84/><N who="0" m="18432" /><DORA hai="79" /><T32/><D32/><U104/><E0/><V129/><F129/><W67/><G67/><T4/><D4/><U76/><E76/><V62/><F42/><W81/><G110/><T57/><D57/><U83/><E111/><V49/><F77/><W39/><G36/><T64/><D64/><U44/><E44/><V132/><F132/><W47/><G47/><T40/><REACH who="0" step="1"/><D97/><REACH who="0" ten="329,194,17,450" step="2"/><U127/><E127/><V29/><F87/><W56/><G56/><T114/><D114/><U20/><REACH who="1" step="1"/><E35/><REACH who="1" ten="329,184,17,450" step="2"/><V69/><F69/><W31/><G98/><T131/><D131/><U2/><E2/><V51/><F51/><AGARI ba="0,2" hai="1,6,8,16,19,40,45,51,80,84,88" m="18432" machi="51" ten="70,8000,1" yaku="1,1,52,2,54,2,53,0" doraHai="5,79" doraHaiUra="58,55" who="0" fromWho="2" sc="329,100,184,0,17,-80,450,0" owari="429,22.9,184,-21.6,-63,-56.3,450,55.0" /></mjloggm>