<mjloggm ver="2.3"><GO type="169" lobby="0"/><UN n0="%E3%81%AF%E3%81%9F%E3%82%86%E3%81%86" n1="%E4%BA%9C%E6%9C%88" n2="%E9%BA%BB%E9%9B%80%49%51%31%32%30" n3="%58%E7%8C%AB" dan="16,17,16,16" rate="2156.69,2179.05,2091.16,2058.25" sx="M,M,M,M"/><TAIKYOKU oya="0"/><INIT seed="0,0,0,4,4,32" ten="250,250,250,250" oya="0" hai0="34,33,105,110,85,9,18,79,60,2,26,43,90" hai1="42,122,89,50,7,75,104,51,6,67,132,130,37" hai2="20,40,102,5,45,100,58,83,134,84,114,93,71" hai3="72,24,106,13,62,117,77,113,70,111,11,115,74"/><T38/><D105/><U69/><E122/><V76/><F134/><W116/><G24/><T15/><D79/><U53/><E75/><V127/><F127/><W129/><G77/><T23/><D110/><U30/><E104/><V57/><F71/><W68/><G62/><T63/><D43/><U4/><E30/><V120/><F114/><W56/><G56/><T35/><D38/><U124/><E130/><V28/><F120/><W27/><G27/><T95/><REACH who="0" step="1"/><D2/><REACH who="0" ten="240,250,250,250" step="2"/><U94/><E37/><V65/><F76/><W81/><G106/><T47/><D47/><U123/><E42/><V61/><F45/><W92/><G111/><T108/><D108/><U78/><E78/><V131/><F40/><W19/><G129/><T125/><D125/><U91/><E124/><V98/><F131/><W3/><G113/><T109/><D109/><U112/><E112/><V54/><F102/><W88/><G115/><T31/><AGARI ba="0,1" hai="9,15,18,23,26,31,33,34,35,60,63,85,90,95" machi="31" ten="30,3000,0" yaku="1,1,0,1,53,0" doraHai="32" doraHaiUra="121" who="0" fromWho="0" sc="240,40,250,-10,250,-10,250,-10" /><INIT seed="0,1,0,1,3,26" ten="280,240,240,240" oya="0" hai0="96,71,134,7,79,16,124,75,130,70,10,93,12" hai1="65,4,5,112,68,27,116,87,132,63,122,58,81" hai2="9,125,104,31,114,43,115,118,119,60,66,22,128" hai3="47,18,55,39,109,133,98,2,78,129,35,23,24"/><T53/><D134/><U6/><E116/><N who="2" m="44587" /><F104/><W90/><G2/><T14/><D130/><U67/><E122/><V64/><F128/><W77/><G129/><T56/><D79/><U34/><E132/><V15/><F43/><W121/><G133/><T76/><D76/><U127/><E127/><V73/><F73/><W13/><G109/><T21/><D75/><U135/><E135/><V120/><F120/><W62/><G121/><T48/><REACH who="0" step="1"/><D124/><REACH who="0" ten="270,240,240,240" step="2"/><U54/><E112/><V61/><F125/><W40/><G78/><T33/><D33/><U49/><E34/><V83/><F115/><W59/><G77/><T41/><D41/><U8/><E5/><V85/><F114/><W38/><G35/><T113/><D113/><U52/><E6/><V108/><F108/><W95/><REACH who="3" step="1"/><G13/><REACH who="3" ten="270,240,240,230" step="2"/><T36/><D36/><AGARI ba="1,2" hai="18,23,24,36,38,39,40,47,55,59,62,90,95,98" machi="36" ten="30,12000,2" yaku="1,1,2,1,7,1,25,2,53,1" doraHai="26" doraHaiUra="94" who="3" fromWho="0" sc="270,-123,240,0,240,0,230,143" /><INIT seed="1,0,0,2,4,51" ten="147,240,240,373" oya="1" hai0="130,28,129,101,12,60,103,69,126,132,56,97,100" hai1="32,15,49,1,59,35,53,128,91,79,54,27,34" hai2="108,88,52,31,22,5,4,10,29,48,131,114,39" hai3="44,65,116,37,30,134,42,104,19,3,20,99,16"/><U38/><E1/><V112/><F108/><W74/><G74/><T66/><D132/><U26/><E38/><V2/><F131/><N who="0" m="50186" /><D126/><U120/><E120/><V86/><F4/><W21/><G3/><T85/><D28/><U14/><E79/><V61/><F61/><W47/><G134/><T24/><D24/><U36/><E36/><V67/><F67/><W106/><G116/><T76/><D12/><U40/><E40/><V117/><F39/><W77/><G77/><T89/><D76/><U110/><E128/><V102/><F102/><W113/><G113/><N who="2" m="43625" /><F22/><W98/><G37/><T111/><D111/><U78/><E78/><V8/><F8/><W46/><G42/><T17/><D17/><U122/><E122/><V127/><F127/><W13/><G30/><T9/><D9/><U41/><E110/><V124/><F117/><W125/><G125/><T87/><D69/><U33/><E35/><V82/><F124/><W81/><G106/><T25/><D25/><U62/><E34/><V43/><F43/><W95/><G104/><T123/><D123/><U18/><E41/><V119/><F119/><W63/><G21/><T135/><D135/><U72/><E33/><V109/><F109/><W23/><G23/><T45/><D45/><AGARI ba="0,0" hai="2,5,10,29,31,45,48,52,82,86,88" m="43625" machi="45" ten="30,7700,0" yaku="11,1,52,1,54,2" doraHai="51" who="2" fromWho="0" sc="147,-77,240,0,240,77,373,0" /><INIT seed="2,0,0,0,0,49" ten="70,240,317,373" oya="2" hai0="18,130,6,40,73,5,64,125,13,66,32,77,82" hai1="123,83,65,91,81,14,31,116,59,97,34,87,56" hai2="108,15,16,117,85,70,42,46,110,25,129,79,93" hai3="43,115,94,105,119,95,54,17,107,20,53,11,62"/><V104/><F117/><W61/><G119/><T133/><D32/><U68/><E116/><V26/><F104/><W7/><G43/><T44/><D133/><U51/><E123/><V1/><F129/><W9/><G115/><T134/><D134/><U47/><E68/><V92/><F1/><W106/><G20/><T74/><D74/><U118/><E118/><V28/><F70/><W48/><G48/><T127/><D130/><U122/><E97/><V76/><F28/><W39/><G17/><T80/><D80/><U60/><E122/><V100/><F100/><W67/><G39/><N who="0" m="21535" /><D6/><U90/><E14/><V4/><F4/><W102/><G102/><T78/><D5/><U12/><E12/><V84/><F46/><W41/><G41/><T2/><D78/><U38/><E38/><V98/><F42/><W71/><G7/><T103/><D103/><U88/><E59/><V58/><F58/><W75/><G75/><T99/><D99/><U63/><E83/><V120/><F98/><W135/><G135/><T126/><D2/><U23/><E34/><V55/><F15/><W52/><REACH who="3" step="1"/><G62/><REACH who="3" ten="70,240,317,363" step="2"/><T8/><AGARI ba="0,1" hai="8,13,18,64,66,73,77,82,125,126,127" m="21535" machi="8" ten="30,1100,0" yaku="18,1" doraHai="49" who="0" fromWho="0" sc="70,21,240,-3,317,-5,363,-3" /><INIT seed="3,0,0,4,1,12" ten="91,237,312,360" oya="3" hai0="10,49,110,93,129,69,65,95,47,59,35,97,57" hai1="18,115,54,36,28,68,66,46,44,76,38,56,60" hai2="19,39,114,135,22,26,45,51,107,3,72,42,134" hai3="127,124,62,34,96,106,128,55,6,99,48,90,29"/><W125/><G128/><T108/><D35/><U86/><E28/><V13/><F114/><W58/><G6/><T1/><D129/><U2/><E76/><V17/><F3/><W112/><G112/><T130/><D130/><U103/><E86/><V43/><F72/><W27/><G106/><T120/><D120/><U94/><E94/><V37/><F107/><W81/><G62/><T41/><D95/><U85/><E85/><AGARI ba="0,0" hai="27,29,34,48,55,58,81,85,90,96,99,124,125,127" machi="85" ten="40,2000,0" yaku="18,1" doraHai="12" who="3" fromWho="1" sc="91,0,237,-20,312,0,360,20" /><INIT seed="3,1,0,2,1,18" ten="91,217,312,380" oya="3" hai0="121,41,71,24,104,66,53,89,111,11,42,23,75" hai1="45,26,97,94,62,21,36,16,1,54,96,14,103" hai2="37,90,86,51,105,59,13,3,76,106,69,38,32" hai3="87,80,85,9,81,25,115,98,107,117,126,28,79"/><W50/><G117/><T65/><D121/><U2/><E36/><V72/><F3/><W22/><G115/><T99/><D75/><U19/><E97/><V131/><F32/><W27/><G126/><T43/><D111/><U82/><E82/><V47/><F69/><W122/><G122/><T114/><D114/><U130/><E130/><V29/><F29/><W61/><G9/><T0/><D71/><U135/><E135/><V60/><F72/><W109/><G61/><T132/><D132/><U88/><E103/><V133/><F76/><W68/><G68/><T56/><D11/><N who="1" m="6623" /><E45/><V8/><F131/><W31/><G50/><T63/><D0/><U100/><E100/><V113/><F37/><W46/><G46/><T91/><D104/><U48/><E48/><V102/><F102/><W58/><G58/><AGARI ba="1,0" hai="1,2,16,21,26,54,58,62,88,94,96" m="6623" machi="58" ten="30,7700,0" yaku="25,1,52,1,54,2" doraHai="18" who="1" fromWho="3" sc="91,0,217,80,312,0,380,-80" /><INIT seed="4,0,0,5,5,46" ten="91,297,312,300" oya="0" hai0="1,43,66,8,54,34,48,114,125,26,135,71,61" hai1="103,113,17,75,105,39,58,59,72,116,95,0,112" hai2="129,99,10,119,96,109,91,84,41,79,12,6,73" hai3="83,47,52,60,111,64,101,56,100,27,33,115,36"/><T78/><D135/><U3/><E116/><V35/><F109/><W28/><G111/><T62/><D125/><U133/><E105/><V120/><F120/><W98/><G115/><N who="1" m="44106" /><E133/><V22/><F35/><W124/><G124/><T126/><D126/><U49/><E39/><V77/><F73/><N who="1" m="28233" /><E17/><V86/><F119/><W134/><G134/><T102/><D78/><U82/><E82/><V117/><F77/><W32/><G83/><T21/><D34/><U16/><E16/><V20/><F20/><W107/><G101/><T85/><D102/><U45/><E95/><V51/><F22/><W97/><G97/><T92/><D62/><U80/><E80/><N who="2" m="47135" /><F117/><W9/><G9/><T76/><D43/><N who="1" m="24767" /><E103/><V23/><F23/><W121/><G121/><T65/><D65/><U63/><E59/><V15/><F99/><W14/><G33/><T128/><D114/><U69/><E69/><V53/><F96/><W57/><G14/><T110/><D110/><U19/><E19/><V123/><F15/><W37/><REACH who="3" step="1"/><G47/><REACH who="3" ten="91,297,312,290" step="2"/><T118/><D118/><U89/><E89/><V30/><F91/><W25/><G25/><T108/><D108/><U44/><E44/><V24/><F41/><W67/><G67/><AGARI ba="0,1" hai="0,3,58,63,67" m="24767,28233,44106" machi="67" ten="30,3900,0" yaku="15,1,11,1,52,1" doraHai="46" who="1" fromWho="3" sc="91,0,297,49,312,0,290,-39" /><INIT seed="5,0,0,2,1,134" ten="91,346,312,251" oya="1" hai0="125,103,128,65,25,107,116,13,2,97,19,60,0" hai1="69,76,90,132,22,82,95,6,56,44,49,67,72" hai2="102,55,130,27,92,45,112,5,71,57,58,17,41" hai3="12,15,29,78,63,80,7,52,135,39,133,33,74"/><U53/><E132/><N who="3" m="50762" /><G39/><T30/><D116/><U101/><E6/><V59/><F71/><W110/><G110/><T81/><D81/><U35/><E35/><V88/><F130/><W43/><G43/><T89/><D89/><U119/><E119/><V100/><F55/><W117/><G117/><T50/><D50/><U11/><E11/><V51/><F112/><W108/><G108/><T4/><D4/><U123/><E123/><V77/><F77/><W32/><G29/><T106/><D106/><U93/><E69/><V70/><F70/><W127/><G127/><T18/><D18/><U79/><E79/><V21/><REACH who="2" step="1"/><F5/><REACH who="2" ten="91,346,302,251" step="2"/><W20/><G7/><T120/><D128/><U54/><E76/><V23/><F23/><W47/><G20/><T86/><D120/><U38/><E22/><V75/><F75/><W124/><G33/><T48/><D2/><U118/><E54/><V10/><F10/><W3/><G32/><T16/><D0/><U61/><E53/><V83/><F83/><W113/><G3/><T73/><D73/><U121/><E82/><V87/><AGARI ba="0,1" hai="17,21,27,41,45,51,57,58,59,87,88,92,100,102" machi="87" ten="30,12000,2" yaku="1,1,0,1,8,1,54,1,53,2" doraHai="134" doraHaiUra="99" who="2" fromWho="2" sc="91,-30,346,-60,302,130,251,-30" /><INIT seed="6,0,0,1,3,4" ten="61,286,432,221" oya="2" hai0="73,33,80,67,64,14,63,115,37,116,74,55,97" hai1="52,1,134,56,71,79,130,89,26,16,13,98,88" hai2="35,82,46,119,9,124,41,95,24,129,132,91,106" hai3="47,105,45,125,102,53,75,114,66,133,8,29,10"/><V18/><F106/><W96/><G75/><T51/><D37/><U81/><E71/><V28/><F124/><W20/><G66/><T40/><D33/><U43/><E1/><V48/><F129/><W87/><G87/><T94/><D116/><U86/><E134/><V118/><F82/><W123/><G123/><T62/><D40/><U60/><E130/><V68/><F68/><W42/><G53/><T25/><D25/><U61/><E43/><V7/><F18/><W21/><G47/><T39/><D39/><U110/><E110/><V30/><F30/><W15/><G21/><T23/><D80/><U17/><E98/><V69/><F69/><W108/><G108/><T6/><D115/><U12/><E26/><V58/><F58/><W54/><G54/><T104/><D104/><U90/><E61/><V111/><F132/><W38/><G133/><T92/><D73/><U57/><E57/><V32/><F32/><W5/><G5/><T27/><D74/><U77/><E77/><V83/><F83/><W128/><G128/><T44/><D94/><U3/><E3/><V76/><F76/><W11/><G125/><T122/><D122/><U135/><E135/><V117/><F111/><W127/><G127/><T113/><D113/><U85/><E85/><V34/><F34/><W112/><G29/><N who="0" m="17663" /><D67/><U103/><E103/><V65/><F65/><W84/><G84/><T131/><D64/><U107/><E107/><V59/><F119/><W100/><G100/><N who="0" m="60455" /><D131/><U50/><E79/><V49/><F118/><W22/><G15/><T121/><D121/><U19/><E81/><RYUUKYOKU ba="0,0" sc="61,15,286,-15,432,-15,221,15" hai0="6,14,44,51,55,62,63" hai3="8,10,11,20,22,38,42,45,96,102,105,112,114" /><INIT seed="7,1,0,5,0,1" ten="76,271,417,236" oya="3" hai0="9,33,112,108,43,64,60,123,66,52,3,92,116" hai1="40,57,59,113,80,34,73,85,102,134,125,105,51" hai2="94,53,10,97,72,38,47,133,58,50,130,27,93" hai3="23,30,8,31,14,98,37,29,48,19,131,91,106"/><W135/><G37/><T5/><D116/><U36/><E73/><V4/><F130/><W114/><G131/><T119/><D119/><U118/><E118/><V83/><F133/><W88/><G114/><T54/><D108/><U69/><E69/><V61/><F38/><W90/><G135/><T35/><D123/><U65/><E34/><V82/><F27/><W49/><G106/><T32/><D112/><U46/><E125/><V28/><F28/><W71/><G71/><T87/><D43/><U45/><E65/><V127/><F127/><W99/><REACH who="3" step="1"/><G8/><REACH who="3" ten="76,271,417,226" step="2"/><T104/><D104/><U22/><E105/><V25/><F10/><W24/><G24/><T101/><D66/><U128/><E36/><V13/><F25/><W75/><G75/><T70/><REACH who="0" step="1"/><D101/><REACH who="0" ten="66,271,417,226" step="2"/><U120/><E102/><V77/><F72/><W55/><G55/><T67/><D67/><U39/><E113/><V109/><F53/><W26/><G26/><T126/><D126/><U12/><E128/><V117/><F117/><W18/><G18/><T16/><D16/><U44/><E134/><V74/><F74/><W81/><G81/><T15/><D15/><U121/><E80/><V111/><F13/><W122/><G122/><T56/><D56/><U68/><E59/><V129/><F83/><W2/><G2/><T78/><D78/><U100/><E57/><V20/><F82/><W110/><G110/><T84/><D84/><U11/><E85/><V7/><F111/><W63/><G63/><T132/><D132/><U62/><E62/><V86/><F109/><W96/><AGARI ba="1,2" hai="14,19,23,29,30,31,48,49,88,90,91,96,98,99" machi="96" ten="40,18000,2" yaku="1,1,0,1,29,2,8,1,54,1,53,0" doraHai="1" doraHaiUra="107" who="3" fromWho="3" sc="66,-61,271,-61,417,-61,226,203" owari="5,-49.5,210,-19.0,356,15.6,429,52.9" /></mjloggm>