<mjloggm ver="2.3"><GO type="169" lobby="0"/><UN n0="%70%6F%6E%2D%65%6E" n1="%41%2E%53%74%61%72%73" n2="%E2%84%83%2D%75%74%65" n3="%E7%94%9F%E4%BD%93%E3%81%AE%E6%A7%8B%E9%80%A0%31" dan="16,16,17,17" rate="2116.67,2058.78,2194.18,2164.43" sx="F,M,M,M"/><TAIKYOKU oya="0"/><INIT seed="0,0,0,4,5,123" ten="250,250,250,250" oya="0" hai0="82,42,135,122,40,126,74,0,98,108,105,111,2" hai1="71,125,100,79,54,109,15,65,22,102,5,114,19" hai2="34,96,115,53,124,48,27,60,119,129,32,17,44" hai3="52,14,90,106,88,75,107,3,128,120,4,20,56"/><T33/><D122/><U39/><E125/><V133/><F115/><W16/><G120/><T131/><D126/><U87/><E39/><V70/><F124/><W13/><G75/><T7/><D33/><U121/><E121/><V24/><F129/><W68/><G68/><T81/><D131/><U73/><E73/><V1/><F1/><W101/><G3/><T46/><D135/><U49/><E114/><V51/><F133/><W45/><G45/><T80/><D74/><U63/><E5/><V29/><F119/><W47/><G47/><T113/><D113/><U6/><E6/><V25/><F96/><W55/><G128/><T83/><N who="0" m="20480" /><DORA hai="110" /><T36/><D40/><U9/><E22/><V11/><F70/><W21/><G4/><T104/><D2/><U84/><E79/><V57/><F29/><W61/><G101/><T62/><D62/><U31/><E31/><V76/><F76/><W127/><G127/><T89/><D89/><U77/><E77/><V95/><F95/><W85/><G55/><T67/><D67/><U41/><E41/><V94/><F94/><W93/><G90/><T28/><D28/><U66/><E66/><V116/><F116/><W78/><G78/><T91/><D91/><U30/><E30/><V97/><F97/><W118/><G118/><T35/><D35/><U86/><REACH who="1" step="1"/><E109/><REACH who="1" ten="250,240,250,250" step="2"/><N who="0" m="42057" /><D98/><U117/><E117/><V38/><F34/><W59/><G59/><AGARI ba="0,1" hai="9,15,19,49,54,59,63,65,71,84,86,87,100,102" machi="59" ten="40,1300,0" yaku="1,1,53,0" doraHai="123,110" doraHaiUra="130,43" who="1" fromWho="3" sc="250,0,240,23,250,0,250,-13" /><INIT seed="1,0,0,3,2,91" ten="250,263,250,237" oya="1" hai0="2,127,16,43,97,133,19,26,28,11,126,14,47" hai1="94,57,123,60,8,71,48,84,67,88,37,73,75" hai2="124,3,83,134,10,53,103,24,82,118,100,40,107" hai3="6,111,102,104,32,81,131,29,42,68,87,129,106"/><U63/><E123/><V64/><F118/><W115/><G68/><T54/><D54/><U9/><E37/><V50/><F134/><W125/><G115/><T45/><D97/><U116/><E116/><V130/><F130/><N who="3" m="49675" /><G111/><T18/><D133/><U77/><E48/><V65/><F40/><W21/><G32/><N who="0" m="20503" /><D45/><U113/><E113/><V0/><F24/><N who="3" m="16527" /><G102/><T34/><D34/><U78/><E75/><V17/><F17/><N who="0" m="6762" /><D47/><U135/><E135/><V15/><F15/><W1/><G42/><T114/><D43/><U7/><E73/><V112/><F112/><W92/><G125/><N who="0" m="47627" /><D114/><U46/><E46/><V95/><F124/><W66/><G66/><T12/><D12/><U5/><E77/><V51/><F53/><W110/><G104/><T120/><D2/><U119/><E78/><V55/><F55/><W128/><G106/><T4/><D4/><U22/><E119/><V101/><F101/><W89/><G128/><T93/><D93/><U72/><E72/><V59/><F107/><W23/><G6/><T105/><D105/><U98/><E98/><V85/><F65/><W52/><G1/><T36/><D36/><U79/><E79/><V49/><F64/><W121/><G52/><T69/><D69/><U99/><E99/><V62/><F0/><W76/><G76/><T44/><D44/><U86/><E7/><V122/><F3/><W58/><G92/><T25/><D25/><U39/><E5/><V61/><F95/><W132/><G132/><T35/><D35/><U31/><E94/><V117/><F117/><W13/><G13/><T108/><D108/><RYUUKYOKU ba="0,0" sc="250,30,263,-10,250,-10,237,-10" hai0="11,14,19,120" /><INIT seed="2,1,0,1,3,124" ten="280,253,240,227" oya="2" hai0="90,2,19,69,105,33,80,70,16,36,47,48,22" hai1="100,132,128,59,17,81,11,24,9,120,66,55,76" hai2="84,109,106,63,14,57,126,114,113,54,29,20,97" hai3="46,6,77,129,23,67,37,131,87,21,121,82,112"/><V68/><F126/><W123/><G112/><T4/><D33/><U15/><E132/><V117/><F117/><W92/><G67/><T101/><D36/><U50/><E120/><N who="3" m="46154" /><G6/><T25/><D2/><U49/><E128/><N who="3" m="49226" /><G92/><T95/><D4/><U60/><E100/><V42/><F109/><W27/><G27/><T5/><D101/><U79/><E24/><V104/><F68/><W71/><G71/><T75/><D95/><U86/><E76/><V133/><F133/><W51/><G37/><T108/><D69/><U94/><E94/><V110/><F110/><W52/><AGARI ba="1,0" hai="21,23,46,51,52,77,82,87" m="49226,46154" machi="52" ten="30,8000,1" yaku="19,1,52,3,54,1" doraHai="124" who="3" fromWho="3" sc="280,-21,253,-21,240,-41,227,83" /><INIT seed="3,0,0,4,2,39" ten="259,232,199,310" oya="3" hai0="128,121,112,101,130,89,7,43,114,53,97,84,62" hai1="56,93,124,61,4,99,16,65,75,126,100,72,28" hai2="38,120,74,47,85,64,118,24,21,67,34,25,95" hai3="26,57,117,42,92,105,11,33,3,36,104,78,134"/><W2/><G117/><T6/><D62/><U32/><E4/><V87/><F74/><W59/><G134/><T19/><D19/><U51/><E51/><V125/><F118/><W69/><G69/><T91/><D53/><U9/><E32/><V37/><F95/><W8/><G78/><T54/><D54/><U71/><E71/><V131/><F47/><W0/><G92/><N who="0" m="58535" /><D6/><U98/><E98/><V50/><F50/><W108/><G108/><T76/><D7/><U110/><E110/><V15/><F15/><W73/><G73/><T29/><D29/><U94/><E94/><V18/><F18/><W127/><G127/><N who="1" m="48682" /><E28/><V68/><F125/><W70/><G70/><T119/><D43/><U31/><E31/><V40/><F68/><W90/><G90/><N who="0" m="34315" /><D121/><U81/><E81/><V55/><F120/><W41/><G36/><T23/><D23/><U107/><E93/><V27/><F21/><W82/><G82/><N who="0" m="47175" /><D119/><U135/><E135/><V30/><F30/><W22/><G33/><T113/><AGARI ba="0,0" hai="112,113,114,128,130" m="47175,34315,58535" machi="113" ten="40,5200,0" yaku="11,1,34,2" doraHai="39" who="0" fromWho="0" sc="259,52,232,-13,199,-13,310,-26" /><INIT seed="4,0,0,0,2,113" ten="311,219,186,284" oya="0" hai0="14,68,3,100,46,125,95,33,43,17,38,115,61" hai1="10,25,67,1,111,101,44,58,20,88,39,120,52" hai2="117,4,19,78,60,131,114,89,51,112,9,133,8" hai3="47,54,24,16,107,126,76,41,26,124,2,129,42"/><T87/><D3/><U99/><E111/><V77/><F131/><W63/><G107/><T106/><D33/><U45/><E120/><V13/><F133/><W119/><G2/><T65/><D115/><U116/><E67/><V103/><F103/><W110/><G110/><T21/><D125/><N who="3" m="48233" /><G129/><T135/><D135/><U105/><E116/><V7/><F19/><W15/><G76/><T81/><D106/><U40/><E45/><V34/><F34/><W29/><G119/><T6/><D6/><U85/><E10/><V82/><F60/><W64/><G54/><T56/><D95/><U122/><E1/><V18/><F18/><W37/><G41/><T104/><D100/><U108/><E122/><V70/><F70/><N who="3" m="42271" /><G29/><T75/><D75/><U27/><E20/><AGARI ba="0,0" hai="15,16,20,24,26,37,42,47" m="42271,48233" machi="20" ten="30,2000,0" yaku="18,1,54,1" doraHai="113" who="3" fromWho="1" sc="311,0,219,-20,186,0,284,20" /><INIT seed="5,0,0,4,2,69" ten="311,199,186,304" oya="1" hai0="90,92,86,54,29,70,91,113,41,99,56,35,30" hai1="55,34,19,109,0,79,63,101,77,61,76,102,24" hai2="74,73,115,104,96,87,10,82,105,9,132,33,46" hai3="21,37,120,111,62,8,65,38,13,107,20,14,3"/><U89/><E0/><V103/><F33/><W80/><G111/><T25/><D70/><U66/><E109/><V45/><F115/><W93/><G120/><T130/><D113/><U125/><E125/><V50/><F132/><W100/><G107/><T72/><D130/><U27/><E34/><V39/><F104/><W15/><G80/><T129/><D129/><U121/><E121/><V59/><F59/><W31/><G3/><T84/><D72/><U6/><E6/><V124/><F124/><W23/><G8/><T116/><D30/><U127/><E127/><V48/><F39/><W22/><N who="3" m="5120" /><DORA hai="71" /><W32/><G93/><T97/><D41/><U95/><E55/><V128/><F128/><W114/><G100/><N who="1" m="38506" /><E19/><V117/><F117/><W68/><REACH who="3" step="1"/><G114/><REACH who="3" ten="311,199,186,294" step="2"/><T119/><D119/><U64/><E27/><AGARI ba="0,1" hai="13,14,15,27,31,32,37,38,62,65,68" m="5120" machi="27" ten="60,16000,3" yaku="1,1,2,1,52,4,53,4" doraHai="69,71" doraHaiUra="17,5" who="3" fromWho="1" sc="311,0,199,-160,186,0,294,170" /><INIT seed="6,0,0,0,4,122" ten="311,39,186,464" oya="2" hai0="40,66,132,94,76,70,56,110,102,54,1,129,104" hai1="61,92,119,118,52,21,36,39,81,12,65,43,103" hai2="30,10,17,64,124,11,71,95,28,5,82,51,106" hai3="117,59,109,35,97,7,134,121,115,23,60,105,85"/><V107/><F51/><W88/><G35/><T24/><D1/><U75/><E119/><V80/><F95/><W14/><G117/><T87/><D129/><U27/><E118/><V55/><F55/><W114/><G121/><T100/><D104/><U112/><E112/><N who="3" m="43050" /><G109/><T20/><D110/><U86/><E75/><V18/><F64/><N who="3" m="38943" /><G134/><T133/><D40/><U0/><E0/><V50/><F50/><W57/><G57/><T131/><D131/><U74/><E74/><V125/><F5/><W91/><G85/><T84/><D70/><AGARI ba="0,0" hai="10,11,17,18,28,30,70,71,80,82,106,107,124,125" machi="70" ten="25,2400,0" yaku="22,2" doraHai="122" who="2" fromWho="0" sc="311,-24,39,0,186,24,464,0" /><INIT seed="6,1,0,1,0,71" ten="287,39,210,464" oya="2" hai0="93,39,61,19,76,106,89,72,108,35,38,47,3" hai1="112,135,88,51,110,120,125,87,13,68,34,74,90" hai2="58,80,20,8,1,55,25,67,69,42,128,6,28" hai3="96,4,104,78,29,97,57,133,59,111,30,41,21"/><V27/><F128/><W40/><G111/><T86/><D35/><U24/><E110/><V109/><F109/><W2/><G2/><T48/><D3/><U132/><E68/><V114/><F114/><W75/><G75/><T17/><D108/><U92/><E74/><V117/><F117/><W134/><G78/><T66/><D106/><U14/><E112/><V15/><F42/><W63/><G104/><T18/><D76/><U105/><E105/><V0/><F80/><W65/><G21/><T77/><D77/><U36/><E36/><V46/><F46/><W83/><G83/><T31/><D31/><U44/><E125/><V37/><F37/><W49/><G49/><T73/><D73/><U53/><E120/><V91/><F91/><W7/><G63/><T23/><D23/><U116/><E116/><V43/><F43/><W64/><AGARI ba="1,0" hai="4,7,29,30,40,41,57,59,64,65,96,97,133,134" machi="64" ten="25,3200,0" yaku="0,1,22,2" doraHai="71" who="3" fromWho="3" sc="287,-9,39,-9,210,-17,464,35" /><INIT seed="7,0,0,3,5,54" ten="278,30,193,499" oya="3" hai0="121,100,116,7,41,16,97,87,125,118,94,8,47" hai1="35,73,75,20,4,117,74,103,17,65,84,39,45" hai2="24,56,134,53,48,80,72,31,21,132,112,22,67" hai3="102,81,29,82,129,88,91,61,38,27,126,69,18"/><W36/><G129/><T28/><D28/><U44/><E35/><V34/><F112/><W51/><G126/><T114/><D16/><U68/><E103/><V96/><F96/><W42/><G102/><T55/><D55/><U59/><E68/><V57/><F80/><W2/><G2/><T52/><D87/><U3/><E117/><V106/><F72/><W43/><G18/><T10/><D121/><U89/><E4/><V66/><F106/><W131/><G131/><T15/><D10/><U124/><E3/><V26/><F34/><W109/><G109/><T78/><D78/><U33/><E33/><V108/><F108/><W104/><G104/><T32/><D118/><U6/><E6/><V128/><F128/><W0/><G0/><T23/><D125/><U40/><E45/><V107/><F107/><W122/><G122/><T64/><D100/><U110/><E110/><V25/><F25/><W77/><G69/><T135/><D114/><U123/><E123/><V85/><F85/><W115/><G61/><T60/><D60/><U120/><E120/><V9/><F9/><W113/><G27/><T90/><D8/><U92/><E124/><V46/><F46/><W105/><G105/><T93/><D47/><U95/><E95/><V101/><F101/><W119/><G119/><T76/><D94/><U127/><E127/><V86/><F86/><W1/><G1/><T30/><D93/><U98/><E98/><V12/><F12/><W5/><G5/><T13/><D7/><U11/><E11/><V83/><F83/><W70/><G115/><T62/><D116/><RYUUKYOKU ba="0,0" sc="278,0,30,0,193,0,499,0" owari="278,7.8,30,-47.0,193,-20.7,499,59.9" /></mjloggm>