<mjloggm ver="2.3"><GO type="169" lobby="0"/><UN n0="%4E%45%49%6E%73%6F" n1="%E9%AB%AD%E9%AF%A8" n2="%E3%81%82%E3%81%8B%E3%82%8A%E3%82%8D%E3%82%93" n3="%E3%81%8A%E3%81%98%E3%81%95%E3%82%93" dan="16,16,16,17" rate="2054.35,2127.02,2175.31,2217.39" sx="M,M,F,M"/><TAIKYOKU oya="0"/><INIT seed="0,0,0,2,2,63" ten="250,250,250,250" oya="0" hai0="35,111,5,55,38,51,69,85,46,53,66,101,80" hai1="6,0,122,64,128,99,12,94,114,11,29,89,90" hai2="72,83,1,41,22,27,16,71,102,108,113,56,2" hai3="50,49,65,19,127,81,115,54,30,7,14,15,10"/><T93/><D35/><U26/><E122/><V59/><F113/><W126/><G115/><T98/><D38/><U13/><E128/><V125/><F71/><W8/><G30/><T131/><D131/><U100/><E114/><V105/><F125/><W40/><G40/><T123/><D123/><U33/><E64/><V134/><F134/><W32/><G32/><T107/><D111/><U36/><E36/><V129/><F108/><W132/><G132/><T82/><D5/><U21/><REACH who="1" step="1"/><E12/><REACH who="1" ten="250,240,250,250" step="2"/><V67/><F129/><W103/><G65/><T52/><D66/><U4/><E4/><V119/><F67/><W92/><G127/><T28/><D69/><U87/><E87/><V124/><F124/><W95/><G126/><T18/><D85/><U43/><E43/><V116/><F41/><W58/><G7/><T24/><D107/><U23/><E23/><V91/><F105/><W20/><G14/><T39/><D39/><U62/><E62/><V135/><F135/><W77/><G20/><N who="0" m="13335" /><D28/><U60/><E60/><V34/><F34/><W47/><G8/><T79/><D79/><U37/><E37/><V75/><F1/><W133/><G133/><T76/><D76/><U86/><E86/><N who="2" m="50655" /><F2/><W70/><G70/><T106/><D106/><U117/><E117/><V104/><F116/><W120/><G120/><T45/><D55/><U42/><E42/><V68/><F119/><W61/><G54/><T57/><D53/><U109/><E109/><V73/><F68/><W110/><G77/><T130/><D130/><U96/><E96/><N who="2" m="61511" /><F72/><W118/><G110/><T9/><D9/><RYUUKYOKU ba="0,1" sc="250,10,240,10,250,10,250,-30" hai0="45,46,51,52,57,80,82,93,98,101" hai1="0,6,11,13,21,26,29,33,89,90,94,99,100" hai2="16,22,27,56,59,73,75" /><INIT seed="0,1,1,2,5,78" ten="260,250,260,220" oya="0" hai0="99,13,121,61,111,35,37,125,80,98,6,50,2" hai1="17,36,18,70,100,3,95,74,133,32,56,60,122" hai2="45,116,81,131,112,72,118,132,130,22,89,27,54" hai3="108,101,52,93,79,90,33,43,31,82,126,127,4"/><T110/><D121/><U92/><E122/><V21/><F112/><W34/><G43/><T46/><D35/><U40/><E70/><V53/><F132/><W115/><G115/><T64/><D37/><U7/><E133/><V107/><F107/><W63/><G101/><T135/><D135/><U105/><E32/><V77/><F89/><W97/><G108/><N who="0" m="41515" /><D2/><U123/><E74/><V76/><F76/><W28/><G4/><T5/><D125/><N who="3" m="47625" /><G34/><T55/><D80/><U119/><E119/><N who="2" m="45611" /><F21/><W11/><G11/><N who="0" m="4335" /><D6/><U15/><E123/><V96/><F96/><W62/><G33/><T39/><D39/><U12/><E7/><V129/><F45/><W23/><G23/><T109/><N who="0" m="41523" /><T102/><DORA hai="73" /><D102/><U8/><E3/><V94/><F94/><W117/><G117/><T58/><AGARI ba="1,1" hai="46,50,55,58,61,64,98,99" m="4335,41523" machi="58" ten="40,3900,0" yaku="14,1,10,1" doraHai="78,73" who="0" fromWho="0" sc="260,52,250,-14,260,-14,220,-14" /><INIT seed="0,2,0,0,2,130" ten="312,236,246,206" oya="0" hai0="51,14,3,89,133,45,37,4,105,65,98,96,114" hai1="31,80,29,46,119,99,88,23,2,121,125,72,57" hai2="13,69,79,103,40,85,5,91,113,90,17,117,32" hai3="100,24,78,131,42,38,28,107,102,55,77,48,118"/><T112/><D37/><U111/><E119/><V128/><F113/><W75/><G118/><T70/><D3/><U124/><E121/><V12/><F117/><W87/><G75/><T59/><D70/><U127/><E2/><V50/><F32/><W101/><G107/><T9/><D105/><U0/><E0/><V110/><F69/><W93/><G131/><T35/><D35/><U134/><E111/><V135/><F110/><W7/><G7/><T56/><D133/><U20/><E57/><V82/><F128/><W25/><G42/><T49/><D112/><U81/><E46/><N who="2" m="25927" /><F103/><W47/><G38/><T73/><D73/><U21/><E72/><V108/><F108/><W53/><G53/><N who="0" m="31791" /><D89/><U74/><E74/><V129/><F129/><W64/><G64/><T95/><D95/><N who="1" m="56807" /><E134/><V67/><F67/><W52/><G55/><N who="0" m="30191" /><D114/><U18/><E18/><V71/><F71/><W30/><G93/><T44/><D44/><U33/><E33/><V61/><F135/><W26/><REACH who="3" step="1"/><G87/><REACH who="3" ten="312,236,246,196" step="2"/><T86/><D86/><U19/><E19/><V22/><F85/><W122/><G122/><T63/><AGARI ba="2,1" hai="4,9,14,59,63,65,96,98" m="30191,31791" machi="63" ten="30,1500,0" yaku="8,1" doraHai="130" who="0" fromWho="0" sc="312,31,236,-7,246,-7,196,-7" /><INIT seed="0,3,0,1,2,116" ten="343,229,239,189" oya="0" hai0="24,46,91,103,23,113,127,106,61,14,132,4,38" hai1="57,47,81,30,56,93,70,97,105,36,126,134,125" hai2="0,72,17,10,16,5,34,79,135,19,48,64,71" hai3="98,90,59,37,35,83,49,27,55,68,1,80,58"/><T11/><D113/><U119/><E119/><V63/><F135/><W20/><G68/><T88/><D132/><U31/><E70/><V85/><F34/><W133/><G35/><T84/><D127/><N who="1" m="48651" /><E105/><V66/><F66/><W96/><G1/><T82/><D61/><U67/><E81/><V86/><REACH who="2" step="1"/><F48/><REACH who="2" ten="343,229,229,189" step="2"/><W40/><G133/><T76/><D38/><U7/><E67/><V2/><F2/><W73/><G37/><T77/><D46/><U87/><E47/><V42/><F42/><W102/><G40/><T12/><D76/><U33/><E36/><V9/><F9/><W89/><G49/><T111/><D111/><U69/><E33/><V3/><F3/><W131/><G55/><T122/><D77/><U53/><E53/><V121/><F121/><W110/><G110/><T28/><D122/><U101/><E134/><V51/><F51/><W39/><G39/><T8/><D8/><U92/><E69/><V62/><F62/><W44/><G44/><T52/><D11/><U115/><E115/><V65/><F65/><W41/><G41/><T18/><D23/><U100/><E56/><V75/><F75/><W78/><G59/><T54/><D54/><U94/><E57/><V29/><F29/><N who="3" m="17639" /><G58/><T95/><D52/><U26/><E31/><V109/><F109/><W6/><G73/><T74/><D74/><U120/><E30/><V104/><F104/><W60/><G78/><T22/><D28/><U118/><E120/><V32/><F32/><W45/><G45/><T129/><D106/><U99/><E118/><V112/><F112/><W124/><G60/><RYUUKYOKU ba="3,1" sc="343,-10,229,-10,229,30,189,-10" hai2="0,5,10,16,17,19,63,64,71,72,79,85,86" /><INIT seed="1,4,1,1,2,14" ten="333,219,259,179" oya="1" hai0="22,134,85,50,92,47,110,95,123,74,127,32,111" hai1="17,76,96,120,88,115,128,11,54,100,73,35,4" hai2="2,94,64,44,13,6,16,27,57,20,77,30,109" hai3="18,28,65,116,49,42,72,119,69,71,104,132,86"/><U101/><E115/><V62/><F109/><N who="0" m="41482" /><D32/><U126/><E120/><V33/><F77/><W15/><G72/><T1/><D74/><U55/><E35/><V21/><F94/><W117/><G104/><T103/><D1/><U53/><E128/><V112/><F112/><W80/><G28/><T26/><D123/><U83/><E126/><V97/><F97/><W25/><G25/><T34/><D34/><U122/><E122/><V48/><F21/><W68/><G132/><T84/><D127/><U99/><E99/><V125/><F125/><W114/><G114/><T56/><D56/><U40/><E40/><V7/><REACH who="2" step="1"/><F2/><REACH who="2" ten="333,219,249,179" step="2"/><W89/><G42/><AGARI ba="4,2" hai="6,7,13,16,20,27,30,33,42,44,48,57,62,64" machi="42" ten="30,8000,1" yaku="1,1,2,1,7,1,52,1,54,1,53,0" doraHai="14" doraHaiUra="79" who="2" fromWho="3" sc="333,0,219,0,249,112,179,-92" /><INIT seed="2,0,0,5,4,33" ten="333,219,361,87" oya="2" hai0="81,31,5,57,7,79,106,23,50,99,54,58,51" hai1="8,59,74,39,37,119,126,27,129,82,53,103,49" hai2="117,29,112,21,132,96,121,61,42,56,95,36,28" hai3="24,105,2,130,116,62,0,3,127,30,135,108,118"/><V48/><F112/><W128/><G105/><T80/><D106/><U44/><E119/><N who="3" m="45610" /><G62/><T47/><D99/><U1/><E103/><V107/><F117/><W94/><G94/><T111/><D111/><U76/><E27/><V34/><F121/><W65/><G65/><T6/><D79/><U19/><E129/><N who="3" m="49770" /><G108/><T25/><REACH who="0" step="1"/><D58/><REACH who="0" ten="323,219,361,87" step="2"/><U64/><E59/><V35/><F107/><W15/><G135/><T91/><D91/><U14/><E126/><V32/><F132/><W38/><G127/><T20/><D20/><U92/><E76/><V123/><F21/><N who="3" m="15631" /><G38/><T71/><D71/><U75/><E39/><V60/><F36/><W125/><G125/><T16/><D16/><U83/><E19/><V40/><F56/><W131/><N who="3" m="49778" /><W4/><DORA hai="102" /><G15/><T98/><D98/><U115/><E14/><V41/><F96/><W73/><G73/><T100/><D100/><U89/><E75/><V87/><F87/><W85/><G85/><T120/><D120/><U67/><E74/><V104/><F123/><W63/><G63/><T124/><D124/><U69/><E37/><V72/><F72/><W113/><G113/><T13/><D13/><U86/><E115/><V78/><F104/><W88/><G88/><T93/><D93/><U26/><E69/><V43/><F78/><W12/><G12/><T45/><D45/><U110/><E110/><V134/><F134/><W109/><G109/><T122/><D122/><U77/><E77/><V46/><F95/><W84/><G84/><T10/><D10/><AGARI ba="0,1" hai="0,2,3,4,10" m="15631,49778,45610" machi="10" ten="50,12000,2" yaku="19,1,34,2,52,3" doraHai="33,102" who="3" fromWho="0" sc="323,-120,219,0,361,0,87,130" /><INIT seed="3,0,0,2,1,91" ten="203,219,361,217" oya="3" hai0="29,105,9,90,115,79,112,97,24,71,5,120,53" hai1="3,12,63,86,30,1,74,122,57,55,96,42,6" hai2="50,108,134,106,83,22,15,73,4,14,87,48,123" hai3="131,116,98,78,39,107,37,46,51,119,11,130,33"/><W76/><G33/><T49/><D120/><U100/><E122/><V128/><F123/><W44/><G11/><T117/><D117/><N who="3" m="45129" /><G98/><T101/><D79/><N who="3" m="30249" /><G51/><T121/><D121/><U41/><E74/><V59/><F106/><W82/><G82/><T69/><D90/><U72/><E72/><V13/><F73/><W47/><G107/><T110/><D110/><U31/><E86/><V28/><F108/><W88/><G88/><T2/><D71/><U135/><E3/><V61/><F87/><W68/><G68/><T58/><REACH who="0" step="1"/><D69/><REACH who="0" ten="193,219,361,217" step="2"/><U113/><E113/><V19/><F83/><W0/><G0/><T18/><D18/><U16/><E1/><V70/><F19/><W81/><G81/><T26/><D26/><U45/><E30/><V17/><F28/><W80/><G80/><T20/><AGARI ba="0,1" hai="2,5,9,20,24,29,49,53,58,97,101,105,112,115" machi="20" ten="30,2000,0" yaku="1,1,0,1,53,0" doraHai="91" doraHaiUra="77" who="0" fromWho="0" sc="193,30,219,-5,361,-5,217,-10" /><INIT seed="4,0,0,2,3,52" ten="223,214,356,207" oya="0" hai0="4,105,39,49,114,33,12,63,72,40,56,116,85" hai1="24,0,108,126,123,23,51,120,128,111,124,1,8" hai2="80,71,44,50,115,36,65,22,110,121,10,53,95" hai3="62,89,6,104,60,9,118,125,77,127,107,11,81"/><T94/><D116/><U76/><E76/><V31/><F110/><N who="1" m="42025" /><E51/><V35/><F121/><N who="1" m="46665" /><E128/><V133/><F115/><W96/><G118/><T101/><D72/><U109/><N who="1" m="42033" /><U54/><DORA hai="25" /><E54/><V112/><F112/><W102/><G107/><T47/><D114/><U122/><N who="1" m="46673" /><U135/><DORA hai="97" /><E135/><V37/><F133/><W82/><G89/><T43/><D105/><U106/><E106/><V68/><F53/><W88/><G88/><T17/><D39/><U90/><E90/><V57/><F50/><W69/><G82/><T27/><D40/><U83/><E83/><V19/><F80/><W129/><G129/><T131/><D131/><U13/><E13/><V34/><F36/><W98/><G98/><N who="0" m="59607" /><D85/><U28/><E8/><V61/><F10/><W132/><G132/><T99/><D99/><U75/><E75/><V42/><F42/><W48/><G48/><T41/><D41/><U26/><E26/><V87/><F87/><N who="3" m="48559" /><G11/><N who="0" m="4199" /><D27/><U119/><E119/><V30/><F37/><W93/><G104/><T3/><D43/><U55/><E55/><V84/><F84/><W29/><G9/><T18/><D49/><U74/><E74/><V45/><F44/><W2/><G96/><T78/><D47/><U15/><E15/><V21/><F45/><W70/><G102/><T59/><D78/><U7/><E7/><V134/><F134/><W86/><G6/><T32/><D63/><U73/><E73/><V92/><F61/><W100/><G62/><T16/><D3/><AGARI ba="0,0" hai="0,1,3,23,24,28,124,126" m="46673,42033" machi="3" ten="60,7700,0" yaku="34,2,52,1" doraHai="52,25,97" who="1" fromWho="0" sc="223,-77,214,77,356,0,207,0" /><INIT seed="5,0,0,0,0,3" ten="146,291,356,207" oya="1" hai0="130,124,86,48,94,43,69,13,4,55,63,123,91" hai1="25,119,56,112,133,95,114,75,87,115,14,103,126" hai2="32,20,23,9,38,132,79,8,97,54,134,41,27" hai3="92,106,72,62,40,16,88,22,36,47,17,129,26"/><U35/><E119/><V51/><F79/><W71/><G129/><T121/><D130/><U102/><E75/><V81/><F81/><W73/><G106/><T80/><D124/><U18/><E126/><V11/><F97/><W125/><G125/><T31/><D31/><N who="1" m="19951" /><E56/><V74/><F74/><W117/><G117/><T118/><D118/><U30/><E30/><N who="2" m="19551" /><F41/><W52/><G17/><T101/><D43/><U83/><E95/><V0/><F0/><W29/><G29/><T66/><D101/><U6/><E133/><N who="2" m="51307" /><F38/><W49/><G71/><T131/><D131/><U59/><E59/><AGARI ba="0,0" hai="8,9,11,20,23,51,54,59" m="51307,19551" machi="59" ten="30,1000,0" yaku="20,1" doraHai="3" who="2" fromWho="1" sc="146,0,291,-10,356,10,207,0" /><INIT seed="6,0,0,0,3,46" ten="146,281,366,207" oya="2" hai0="115,104,7,0,125,121,133,103,5,28,13,25,37" hai1="108,35,38,15,111,20,89,98,95,16,29,114,78" hai2="128,110,14,130,67,116,94,56,8,73,10,97,52" hai3="124,112,53,65,17,135,107,33,49,134,54,100,62"/><V72/><F116/><W60/><G33/><T23/><D37/><U36/><E114/><V9/><F67/><W109/><G107/><T117/><D121/><U131/><E78/><V113/><F113/><W69/><G100/><T26/><D115/><U4/><E131/><N who="2" m="50219" /><F14/><W51/><G112/><T81/><D81/><U76/><E76/><V50/><F110/><W118/><G118/><T66/><D117/><U75/><E75/><V120/><F120/><W59/><G17/><N who="0" m="12527" /><D66/><U45/><E4/><N who="0" m="1609" /><D103/><AGARI ba="0,0" hai="8,9,10,50,52,56,72,73,94,97,103" m="50219" machi="103" ten="30,5800,0" yaku="19,1,52,1,54,1" doraHai="46" who="2" fromWho="0" sc="146,-58,281,0,366,58,207,0" /><INIT seed="6,1,0,2,4,11" ten="88,281,424,207" oya="2" hai0="62,96,59,93,84,36,114,6,99,48,89,70,74" hai1="34,66,64,9,100,115,65,0,19,7,28,94,109" hai2="125,32,44,61,29,110,43,105,20,45,10,33,22" hai3="79,73,35,83,12,15,88,91,14,85,58,130,39"/><V133/><F105/><W106/><G39/><T123/><D123/><U3/><E109/><V122/><F122/><W111/><G111/><T60/><D36/><U2/><E115/><V67/><F125/><W77/><G35/><T53/><D74/><U30/><E19/><V63/><F133/><W27/><G106/><T41/><D114/><U71/><E71/><V37/><F10/><W21/><G130/><T69/><D69/><U120/><E120/><V47/><F43/><W56/><G91/><T50/><D70/><U87/><E34/><V113/><F45/><W112/><G112/><T82/><D6/><U116/><E116/><V135/><F113/><W49/><G49/><T134/><D134/><U16/><E16/><V81/><F81/><W4/><G4/><T17/><D99/><U104/><E104/><V90/><F135/><W107/><G107/><T54/><D41/><U31/><E100/><V119/><F33/><W40/><G40/><T108/><D17/><U97/><E97/><V8/><F32/><W52/><G73/><T95/><D108/><U26/><E26/><V132/><F132/><W127/><G127/><T55/><D95/><U131/><E131/><V101/><F101/><W23/><G23/><T51/><REACH who="0" step="1"/><D59/><REACH who="0" ten="78,281,424,207" step="2"/><U128/><E128/><V57/><F57/><N who="3" m="22123" /><G52/><T72/><D72/><U76/><E94/><V68/><F68/><W1/><G1/><T86/><D86/><U98/><E98/><V124/><F110/><W25/><G21/><T18/><D18/><U5/><E5/><V38/><F22/><W117/><G117/><T121/><D121/><RYUUKYOKU ba="1,1" sc="78,10,281,10,424,-30,207,10" hai0="48,50,51,53,54,55,60,62,82,84,89,93,96" hai1="0,2,3,7,9,28,30,31,64,65,66,76,87" hai3="12,14,15,25,27,77,79,83,85,88" /><INIT seed="7,2,1,0,3,117" ten="88,291,394,217" oya="3" hai0="29,67,4,12,57,110,49,15,8,132,69,126,64" hai1="26,125,2,63,28,113,52,58,0,83,100,11,134" hai2="17,40,133,14,5,6,124,131,37,1,21,127,42" hai3="22,62,122,54,61,36,23,16,85,99,97,81,41"/><W10/><G122/><T102/><D110/><U43/><E113/><V73/><F131/><W38/><G38/><T98/><D132/><U79/><E134/><V32/><F133/><W121/><G121/><T7/><D126/><N who="2" m="48170" /><F32/><W55/><G36/><T88/><D29/><U129/><E129/><V87/><F73/><W119/><G41/><T3/><D69/><U105/><E43/><V25/><F37/><W74/><G74/><T115/><D115/><U108/><E108/><V51/><F51/><W66/><G10/><T56/><D3/><U24/><E24/><V90/><F1/><W68/><G23/><T80/><D102/><U31/><E31/><V82/><F5/><W72/><G72/><T13/><D8/><AGARI ba="2,1" hai="6,8,14,17,21,25,40,42,82,87,90" m="48170" machi="8" ten="30,1000,0" yaku="18,1" doraHai="117" who="2" fromWho="0" sc="88,-16,291,0,394,26,217,0" owari="72,-42.8,291,9.1,420,52.0,217,-18.3" /></mjloggm>