<mjloggm ver="2.3"><GO type="169" lobby="0"/><UN n0="%E3%83%A8%E3%82%B7%E3%83%86%E3%83%AB%37%30%38" n1="%68%69%73%61%74%6F%E6%A3%92" n2="%E6%A8%99" n3="%E8%B6%85%E6%94%BB%E6%92%83%E9%BA%BB%E9%9B%80" dan="16,16,16,16" rate="2099.97,2122.00,2147.03,2163.49" sx="M,M,M,M"/><TAIKYOKU oya="0"/><INIT seed="0,0,0,3,5,131" ten="250,250,250,250" oya="0" hai0="43,48,28,31,9,105,5,13,97,90,122,82,111" hai1="20,103,21,96,112,102,91,80,8,114,135,110,53" hai2="45,54,60,34,121,14,32,115,88,125,92,62,72" hai3="79,25,1,98,83,0,3,19,61,58,101,2,86"/><T47/><D122/><U133/><E53/><V52/><F121/><W129/><G129/><T17/><D111/><U56/><E56/><V127/><F72/><W104/><N who="3" m="0" /><DORA hai="33" /><W123/><G123/><T11/><D105/><U6/><E80/><V41/><F14/><W29/><G19/><T36/><D36/><U38/><E38/><V132/><F115/><N who="1" m="44073" /><E91/><V15/><F15/><W40/><G40/><T37/><D37/><U134/><E110/><V57/><F132/><W64/><G25/><T63/><D63/><U116/><E116/><V89/><F41/><W87/><REACH who="3" step="1"/><G29/><REACH who="3" ten="250,250,250,240" step="2"/><T126/><D31/><U10/><E6/><V119/><F119/><W24/><G24/><T23/><D5/><U95/><E102/><V69/><F125/><W128/><G128/><T75/><D126/><U49/><E49/><V26/><F127/><W99/><G99/><T27/><D97/><U66/><E66/><V130/><F26/><W77/><G77/><T70/><D48/><U118/><E118/><V51/><F130/><W124/><G124/><T93/><D43/><U76/><E76/><V55/><F55/><W4/><G4/><T35/><D27/><U78/><E78/><V81/><F32/><W109/><G109/><T46/><D35/><U94/><E96/><N who="2" m="57359" /><F34/><W106/><G106/><T71/><D28/><U65/><E65/><V50/><F51/><W18/><G18/><T84/><D17/><U22/><E103/><V73/><F50/><W12/><G12/><T30/><D13/><U39/><E39/><V108/><F60/><W67/><G67/><T85/><D30/><RYUUKYOKU ba="0,1" sc="250,-15,250,15,250,-15,240,15" hai1="8,10,20,21,22,94,95,133,134,135" hai3="58,61,64,79,83,86,87,98,101,104" /><INIT seed="1,1,1,1,0,127" ten="235,265,235,255" oya="1" hai0="116,130,121,51,82,95,101,3,129,59,0,35,111" hai1="4,34,18,11,124,17,68,83,91,38,113,9,106" hai2="12,85,24,132,5,84,109,14,57,89,53,39,104" hai3="79,22,28,27,66,44,13,96,29,92,94,8,19"/><U45/><E68/><V133/><F39/><W2/><G2/><T117/><D35/><U86/><E106/><V70/><F70/><W30/><G79/><T55/><D111/><U110/><E34/><V71/><F71/><W16/><G66/><T108/><D108/><U119/><E119/><V131/><F104/><W48/><REACH who="3" step="1"/><G96/><REACH who="3" ten="235,265,235,245" step="2"/><N who="0" m="59551" /><D117/><U97/><E110/><V99/><F99/><W107/><G107/><T6/><D116/><U26/><E97/><V21/><F132/><W134/><G134/><T61/><D121/><U54/><E124/><V31/><F109/><W128/><G128/><N who="0" m="49259" /><D6/><U100/><E4/><V36/><F5/><W118/><G118/><T115/><D115/><U25/><E113/><V123/><F131/><W98/><G98/><T60/><D82/><U37/><E100/><V72/><F133/><W63/><G63/><AGARI ba="1,2" hai="0,3,51,55,59,60,61,63" m="49259,59551" machi="63" ten="30,7700,0" yaku="19,1,52,3" doraHai="127" who="0" fromWho="3" sc="235,100,265,0,235,0,245,-80" /><INIT seed="2,0,0,3,5,1" ten="335,265,235,165" oya="2" hai0="78,25,84,74,3,37,44,129,75,125,124,70,19" hai1="106,94,34,54,98,47,24,86,48,39,99,7,88" hai2="65,33,4,116,105,32,114,90,97,20,103,51,18" hai3="104,64,80,73,52,21,108,8,50,68,2,120,101"/><V127/><F116/><W85/><G120/><T83/><D70/><U63/><E39/><V46/><F114/><W133/><G108/><T29/><D19/><U134/><E134/><V135/><F135/><W36/><G36/><T0/><D84/><U123/><E106/><V66/><F127/><N who="0" m="48714" /><D75/><U15/><E63/><V10/><F90/><W126/><G126/><T100/><D100/><U40/><E40/><V23/><F23/><W14/><G133/><T119/><D129/><U117/><E117/><V16/><F18/><W60/><G73/><T77/><D77/><U79/><E79/><V87/><F87/><W22/><G2/><T55/><D55/><U53/><E53/><V17/><F17/><W6/><G104/><T61/><D61/><U45/><E45/><V67/><F46/><W38/><G38/><T69/><D69/><U27/><E123/><V72/><F51/><W96/><G96/><N who="1" m="36906" /><E34/><V9/><F72/><W109/><G101/><T89/><D89/><U110/><E110/><V26/><REACH who="2" step="1"/><F10/><AGARI ba="0,0" hai="7,10,15,24,27,47,48,54,86,88,94" m="36906" machi="10" ten="30,3900,0" yaku="8,1,52,1,54,1" doraHai="1" who="1" fromWho="2" sc="335,0,265,39,235,-39,165,0" /><INIT seed="3,0,0,1,0,94" ten="335,304,196,165" oya="3" hai0="115,98,33,54,67,32,84,134,66,110,86,106,48" hai1="1,13,120,118,91,72,112,16,124,78,55,65,116" hai2="125,114,56,53,107,3,39,93,113,99,23,18,135" hai3="101,51,117,19,132,70,21,38,14,63,62,130,34"/><W0/><G117/><T104/><D110/><U71/><E1/><V123/><F135/><W83/><G38/><T88/><D134/><U29/><E124/><V2/><F125/><W20/><G34/><T46/><D33/><U122/><E29/><V43/><F123/><W24/><G132/><T111/><D32/><U17/><E78/><V8/><F107/><W74/><G130/><T68/><D111/><U127/><E72/><V45/><F8/><W58/><G0/><T95/><D115/><U5/><E112/><V102/><F113/><W30/><G70/><T109/><D109/><U28/><E28/><V87/><F87/><W6/><G6/><T50/><D68/><U37/><E65/><V11/><F11/><W126/><G126/><T81/><D106/><U47/><E37/><V128/><F128/><W64/><G63/><T26/><D104/><U36/><E36/><V12/><REACH who="2" step="1"/><F114/><REACH who="2" ten="335,304,186,165" step="2"/><W103/><REACH who="3" step="1"/><G51/><AGARI ba="0,1" hai="2,3,12,18,23,39,43,45,51,53,56,93,99,102" machi="51" ten="30,7700,0" yaku="1,1,2,1,7,1,52,1,53,0" doraHai="94" doraHaiUra="133" who="2" fromWho="3" sc="335,0,304,0,186,87,165,-77" /><INIT seed="4,0,0,3,0,1" ten="335,304,273,88" oya="0" hai0="28,19,73,43,61,6,71,74,32,98,24,54,113" hai1="122,14,116,53,75,96,20,8,70,124,93,133,82" hai2="33,80,131,101,83,40,62,44,120,81,130,10,23" hai3="0,22,51,76,47,132,45,103,7,57,38,90,2"/><T110/><D113/><U89/><E20/><V55/><F33/><W85/><G38/><T27/><D43/><U99/><E70/><V16/><F120/><W128/><G128/><N who="2" m="49193" /><F101/><W87/><G132/><T48/><D110/><U4/><E124/><V42/><F10/><W129/><G129/><T58/><D6/><U118/><E122/><V78/><F78/><W11/><G2/><T59/><D71/><U102/><E133/><V126/><F126/><W15/><G103/><T114/><D114/><U5/><E5/><V109/><F109/><W119/><G119/><T115/><D115/><U97/><E97/><V121/><F121/><W29/><G76/><T3/><D3/><U67/><E67/><V39/><F42/><W125/><G125/><T104/><D104/><U111/><E111/><V12/><F62/><W56/><G47/><T66/><D98/><U50/><E75/><V79/><F79/><W112/><G87/><T106/><D106/><U117/><E82/><V134/><F55/><W36/><G36/><T49/><D49/><U65/><E65/><V84/><F84/><W100/><G100/><T105/><D105/><U86/><E102/><V18/><F18/><W72/><G72/><T123/><D123/><U35/><E35/><V127/><F127/><W92/><G112/><T64/><D64/><U25/><E25/><V88/><F134/><W26/><REACH who="3" step="1"/><G0/><REACH who="3" ten="335,304,273,78" step="2"/><T60/><D74/><U135/><E135/><V95/><F39/><W91/><G91/><T34/><D73/><U69/><E116/><V52/><F44/><W94/><G94/><T46/><D46/><RYUUKYOKU ba="0,1" sc="335,-10,304,-10,273,-10,78,30" hai3="7,11,15,22,26,29,45,51,56,57,85,90,92" /><INIT seed="5,1,1,4,5,0" ten="325,294,263,108" oya="1" hai0="5,104,65,118,37,67,78,124,102,80,96,32,115" hai1="66,54,113,43,70,24,64,97,42,30,130,4,128" hai2="106,14,31,27,74,87,55,107,92,19,119,11,135" hai3="72,58,111,85,9,56,49,76,26,84,33,28,68"/><U73/><E73/><V50/><F74/><W59/><G68/><T38/><D118/><U62/><E66/><V132/><F119/><W91/><G111/><T123/><D115/><U100/><E54/><V16/><F19/><W63/><G72/><T89/><D89/><U69/><E69/><V8/><F8/><W39/><G39/><T88/><D32/><N who="1" m="20551" /><E4/><V90/><F132/><W112/><G112/><T35/><D5/><U23/><E23/><V117/><F135/><W122/><G122/><T83/><D35/><U71/><E71/><V21/><F117/><W2/><G76/><T1/><D123/><U94/><E94/><V101/><F101/><W51/><G63/><T6/><D67/><U40/><E113/><V126/><F126/><W57/><N who="3" m="14336" /><DORA hai="61" /><W129/><G129/><N who="1" m="49770" /><E97/><V17/><F17/><W86/><REACH who="3" step="1"/><G91/><REACH who="3" ten="325,294,263,98" step="2"/><T127/><D88/><U81/><E62/><V20/><F90/><W121/><G121/><T125/><D65/><U7/><E64/><V109/><F109/><W13/><G13/><T114/><D114/><U134/><E70/><V60/><F14/><W48/><G48/><T77/><D77/><U82/><E134/><V131/><F60/><W46/><G46/><T116/><D116/><U45/><E45/><V29/><F131/><W105/><G105/><T133/><D133/><U95/><E95/><V75/><F92/><W34/><G34/><T18/><D80/><U3/><E100/><V52/><F107/><W36/><G36/><T15/><D83/><U44/><E44/><V120/><F106/><W10/><G10/><AGARI ba="1,2" hai="3,7,10,40,42,43,81,82" m="49770,20551" machi="10" ten="30,2900,0" yaku="19,1,52,1" doraHai="0,61" who="1" fromWho="3" sc="325,0,294,52,263,0,98,-32" /><INIT seed="5,2,0,3,1,73" ten="325,346,263,66" oya="1" hai0="88,23,8,0,102,98,45,11,30,13,15,62,97" hai1="56,31,37,72,105,47,129,109,52,95,60,61,25" hai2="96,132,131,18,44,100,67,3,133,83,33,5,55" hai3="9,22,119,110,87,107,71,81,128,89,66,38,24"/><U114/><E105/><V99/><F33/><W41/><G110/><T26/><D0/><U4/><E114/><V82/><F67/><W54/><G128/><T126/><D126/><U78/><E4/><V42/><F131/><W48/><G119/><T86/><D62/><U17/><E17/><V36/><F55/><W50/><G107/><T113/><D113/><U64/><E95/><V93/><F99/><N who="0" m="37898" /><D45/><U6/><E6/><V84/><F18/><W111/><G111/><T121/><D102/><U12/><E12/><N who="0" m="4681" /><D121/><U122/><E122/><V69/><F69/><W34/><G34/><T65/><D65/><U68/><E129/><V46/><F46/><W2/><G38/><T117/><D117/><U127/><E127/><V118/><F118/><W29/><G41/><T124/><D124/><U49/><E37/><V14/><F3/><W90/><G50/><T16/><D30/><U85/><E72/><V43/><F43/><W91/><G2/><T39/><D39/><U112/><E112/><V58/><F58/><W21/><G9/><T134/><D134/><N who="2" m="51818" /><F84/><W116/><G116/><T32/><D32/><U103/><E103/><V53/><F53/><W120/><G120/><T74/><D74/><U104/><E104/><V115/><F115/><W77/><G22/><T75/><D75/><U108/><E68/><V20/><F20/><W106/><G106/><T27/><D27/><U28/><E60/><V80/><F5/><W123/><G123/><T70/><D70/><U1/><E1/><V10/><F10/><N who="0" m="3626" /><D86/><U101/><E108/><V92/><F14/><W35/><G71/><RYUUKYOKU ba="2,0" sc="325,15,346,-15,263,15,66,-15" hai0="16,23,26,88" hai2="36,42,44,80,82,83,92,93,96,100" /><INIT seed="6,3,0,0,4,42" ten="340,331,278,51" oya="2" hai0="0,39,75,120,89,16,34,26,13,80,117,60,106" hai1="46,27,126,104,109,123,6,84,52,4,128,121,113" hai2="37,92,20,30,125,115,95,59,25,93,1,81,62" hai3="101,86,32,90,135,51,105,129,94,65,97,73,3"/><V29/><F125/><W7/><G32/><T2/><D106/><U19/><E104/><V21/><F1/><W72/><G65/><T67/><D39/><U96/><E96/><V133/><F115/><W68/><G68/><T78/><D120/><N who="1" m="46155" /><E109/><V99/><F133/><W58/><G135/><T82/><D117/><U43/><E43/><V8/><F37/><W64/><G129/><T98/><D26/><U66/><E66/><V36/><F36/><W76/><G73/><T55/><D55/><U10/><E126/><V111/><F111/><W44/><G7/><T91/><D91/><U9/><E84/><V22/><F8/><N who="1" m="3177" /><E128/><V48/><F81/><W114/><G3/><T79/><D89/><U118/><E118/><V119/><F119/><W33/><G33/><T23/><D34/><U41/><E41/><V47/><F99/><W124/><G124/><T130/><D98/><U83/><E83/><V102/><F102/><W112/><G58/><T100/><D100/><U107/><E107/><V69/><F69/><W45/><G64/><T15/><D130/><U103/><E103/><V56/><F62/><W49/><G49/><T18/><D82/><U110/><E110/><V88/><F88/><W116/><G116/><T61/><D79/><U132/><E113/><N who="3" m="43626" /><G51/><T127/><D127/><U35/><E35/><V5/><F5/><W54/><G54/><T31/><D61/><U122/><E132/><V57/><F25/><W87/><G87/><T12/><D60/><U63/><E122/><V17/><F17/><N who="0" m="6762" /><D67/><U71/><E71/><V24/><F24/><W131/><G131/><RYUUKYOKU ba="3,0" sc="340,10,331,-30,278,10,51,10" hai0="0,2,12,13,15,23,31,75,78,80" hai2="20,21,22,29,30,47,48,56,57,59,92,93,95" hai3="44,45,72,76,86,90,94,97,101,105" /><INIT seed="6,4,0,0,5,103" ten="350,301,288,61" oya="2" hai0="68,38,75,27,5,77,71,69,80,24,76,131,72" hai1="132,121,94,49,53,12,116,11,98,8,82,34,79" hai2="25,107,109,33,50,120,61,124,102,43,65,20,1" hai3="128,40,123,90,87,95,112,117,66,122,4,86,130"/><V2/><F120/><W85/><G4/><T44/><D131/><N who="3" m="50217" /><G66/><T78/><D5/><U32/><E132/><V126/><F109/><W84/><G40/><T28/><D80/><U74/><E121/><N who="3" m="46090" /><G112/><T9/><D9/><U133/><E11/><V96/><F50/><W99/><N who="3" m="21504" /><DORA hai="52" /><W37/><G37/><T97/><D44/><U89/><E116/><AGARI ba="4,0" hai="90,95,99,116,117" m="21504,46090,50217" machi="116" ten="50,6400,0" yaku="19,1,34,2" doraHai="103,52" who="3" fromWho="1" sc="350,0,301,-76,288,0,61,76" /><INIT seed="7,0,0,5,5,89" ten="350,225,288,137" oya="3" hai0="134,112,102,41,6,62,116,53,83,69,86,131,18" hai1="108,61,43,55,12,90,31,20,114,105,56,11,47" hai2="36,124,58,107,45,59,28,78,127,77,98,32,115" hai3="106,4,7,76,91,75,0,54,15,82,52,2,10"/><W84/><G106/><T73/><D73/><U27/><E105/><V110/><F110/><W100/><G100/><T37/><D6/><U49/><E114/><V34/><F115/><W71/><G71/><T46/><D116/><U63/><E108/><V29/><F107/><W30/><G30/><T8/><D102/><U14/><E61/><V5/><F5/><W33/><G33/><T65/><D131/><U72/><E72/><V132/><F98/><W119/><G119/><T21/><D134/><U22/><E22/><V95/><F45/><W48/><G7/><T103/><D103/><U35/><E35/><V126/><F126/><W19/><G4/><T92/><D8/><U129/><E11/><V39/><F132/><W13/><G13/><T57/><D92/><AGARI ba="0,0" hai="28,29,32,34,36,39,58,59,77,78,92,95,124,127" machi="92" ten="25,6400,0" yaku="22,2,52,2" doraHai="89" who="2" fromWho="0" sc="350,-64,225,0,288,64,137,0" owari="286,8.6,225,-17.5,352,45.2,137,-36.3" /></mjloggm>