<mjloggm ver="2.3"><GO type="169" lobby="0"/><UN n0="%E3%81%93%E3%81%94%E3%81%A6%E3%81%83%E3%83%BC" n1="%E3%81%9B%E3%81%A9%E3%81%AA%E3%82%8A%E3%81%82%E3%82%93" n2="%6B%75%72%69%73%75" n3="%E5%9B%9B%E5%AE%AE%E7%B4%85%E8%BC%9D" dan="16,17,16,18" rate="2038.71,2137.37,2168.79,2199.46" sx="M,F,F,F"/><TAIKYOKU oya="0"/><INIT seed="0,0,0,2,5,97" ten="250,250,250,250" oya="0" hai0="6,117,31,78,43,84,69,28,29,25,105,101,129" hai1="5,1,65,81,130,118,119,24,100,18,104,64,12" hai2="133,112,59,126,107,132,15,4,134,103,32,120,74" hai3="27,48,92,26,39,8,135,16,35,88,42,21,67"/><T121/><D121/><U122/><E122/><V58/><F112/><W87/><G135/><T86/><D117/><U72/><E130/><V85/><F74/><W90/><G39/><T17/><D69/><U76/><E24/><V93/><F32/><W108/><G108/><T99/><D129/><U115/><E115/><V102/><F126/><W51/><G35/><T60/><D43/><U95/><E104/><V116/><F116/><W53/><G67/><T127/><D127/><U113/><E113/><V20/><F107/><W3/><G3/><T41/><D41/><U106/><E106/><V46/><F46/><N who="3" m="25687" /><G8/><T111/><D111/><U110/><E110/><V96/><F85/><W82/><G27/><T19/><D6/><U94/><E94/><V10/><F120/><W62/><G62/><T49/><D49/><U2/><E2/><V55/><F20/><W71/><G71/><T91/><D60/><U45/><E5/><V80/><F80/><W73/><G73/><T109/><D109/><U54/><E1/><V123/><F123/><W56/><G90/><T66/><D66/><U36/><E36/><V44/><F44/><W47/><G47/><T13/><D25/><U22/><E64/><V7/><F7/><W11/><G11/><T52/><D52/><U33/><E65/><V75/><F75/><W61/><G61/><T38/><D13/><U98/><E33/><V70/><F70/><W68/><G68/><T89/><D38/><U0/><E0/><V125/><F125/><W30/><G30/><T50/><D31/><U114/><E114/><V128/><F128/><RYUUKYOKU ba="0,0" sc="250,-15,250,15,250,-15,250,15" hai1="12,18,22,45,54,72,76,81,95,98,100,118,119" hai3="16,21,26,51,53,56,82,87,88,92" /><INIT seed="1,1,0,0,1,53" ten="235,265,235,265" oya="1" hai0="23,133,121,117,34,106,135,1,119,68,131,42,43" hai1="134,122,70,69,81,115,29,33,103,86,129,100,31" hai2="2,96,47,3,112,66,93,132,72,51,60,64,49" hai3="59,18,17,126,57,79,90,37,39,56,65,116,113"/><U88/><E115/><V120/><F120/><W85/><G113/><T77/><D106/><U111/><E122/><V6/><F112/><W44/><G126/><T84/><D121/><U46/><E129/><V76/><F132/><W101/><G116/><T75/><D34/><U73/><E134/><N who="0" m="51209" /><D75/><U104/><E111/><V15/><F64/><W58/><G79/><T16/><D1/><U130/><E130/><V30/><F30/><W91/><G101/><T8/><D8/><U128/><E128/><V26/><F26/><W82/><G90/><T105/><D105/><U19/><E33/><V10/><F76/><W20/><G44/><T110/><D68/><U13/><E73/><V89/><F72/><W5/><G5/><T38/><D131/><U35/><E35/><V63/><F63/><W78/><G78/><T27/><D38/><U21/><E69/><V24/><F24/><W80/><G80/><N who="0" m="47119" /><D110/><U28/><E70/><V54/><F49/><W55/><G65/><T118/><AGARI ba="1,0" hai="16,23,27,42,43,117,118,119" m="47119,51209" machi="118" ten="40,2700,0" yaku="20,1,54,1" doraHai="53" who="0" fromWho="0" sc="235,30,265,-14,235,-8,265,-8" /><INIT seed="2,0,0,0,1,126" ten="265,251,227,257" oya="2" hai0="85,84,71,131,22,33,132,121,7,32,2,35,58" hai1="23,48,79,87,127,20,14,101,12,36,6,134,128" hai2="78,93,34,60,112,117,54,39,130,44,55,8,102" hai3="133,42,27,70,89,18,75,83,56,115,26,30,41"/><V21/><F34/><W92/><G70/><T124/><D71/><U68/><E36/><V135/><F112/><W17/><G115/><T65/><D121/><U61/><E127/><V88/><F117/><W19/><G133/><T120/><D120/><U80/><E134/><V31/><F135/><W63/><G75/><T103/><D7/><U67/><E101/><V46/><F102/><W10/><G83/><T77/><D2/><U118/><E118/><V116/><F116/><W73/><G73/><T62/><D124/><U51/><E128/><V94/><F78/><W47/><G10/><T91/><D131/><U59/><E68/><V110/><F130/><W113/><G113/><T13/><D77/><U29/><E29/><V1/><F94/><W104/><G104/><T5/><D85/><U114/><E114/><V64/><F110/><W15/><G15/><N who="1" m="5674" /><E6/><V9/><F1/><W99/><G47/><N who="2" m="17961" /><F39/><W43/><REACH who="3" step="1"/><G30/><REACH who="3" ten="265,251,227,247" step="2"/><T11/><D11/><U98/><E80/><V123/><F123/><W57/><G57/><T45/><D58/><U74/><E74/><V122/><F122/><W100/><G100/><T40/><D45/><U109/><E59/><N who="2" m="36895" /><F8/><W97/><G97/><T50/><D103/><U129/><E98/><N who="2" m="57639" /><F9/><W81/><G81/><T24/><D132/><U86/><E129/><V49/><F49/><W107/><G107/><T76/><D50/><U108/><E48/><V125/><F125/><W111/><G111/><N who="1" m="42570" /><E51/><V37/><F37/><W28/><G28/><T25/><D5/><U90/><E87/><V16/><F31/><W4/><G4/><T3/><D84/><RYUUKYOKU ba="0,1" sc="265,-15,251,-15,227,15,247,15" hai2="16,21,54,55" hai3="17,18,19,26,27,41,42,43,56,63,89,92,99" /><INIT seed="2,1,1,2,4,132" ten="250,236,242,262" oya="2" hai0="94,124,8,109,102,103,4,128,35,135,44,115,3" hai1="99,16,10,122,29,12,134,117,121,53,96,55,13" hai2="98,104,113,70,60,112,77,84,110,87,69,39,63" hai3="83,50,46,65,7,64,79,21,68,88,120,89,75"/><V81/><F39/><W38/><G120/><N who="1" m="46186" /><E117/><V27/><F27/><W19/><G38/><T107/><D115/><U33/><E33/><V92/><F104/><W54/><G7/><T72/><D35/><U51/><E29/><V43/><F43/><W118/><G118/><T76/><D109/><U80/><E134/><V125/><F110/><W37/><G37/><T22/><D94/><U97/><E80/><V17/><F17/><W15/><REACH who="3" step="1"/><G68/><REACH who="3" ten="250,236,242,252" step="2"/><T93/><D4/><N who="1" m="3143" /><E51/><V2/><F70/><W26/><G26/><T82/><D135/><U74/><E74/><V100/><F69/><W106/><G106/><T78/><D72/><U67/><E67/><AGARI ba="1,2" hai="15,19,21,46,50,54,64,65,67,75,79,83,88,89" machi="67" ten="40,2600,0" yaku="1,1,54,1,53,0" doraHai="132" doraHaiUra="111" who="3" fromWho="1" sc="250,0,236,-29,242,0,252,49" /><INIT seed="3,0,0,1,0,8" ten="250,207,242,301" oya="3" hai0="9,2,10,39,88,55,56,65,95,93,78,124,37" hai1="89,132,75,84,105,81,13,32,63,29,79,116,18" hai2="25,42,36,120,114,130,1,60,67,115,61,117,123" hai3="47,28,109,94,7,131,53,101,64,4,106,70,122"/><W111/><G122/><N who="2" m="46633" /><F1/><W108/><G131/><T59/><D124/><U135/><E116/><V96/><F25/><W17/><G106/><T54/><D78/><U57/><E105/><V126/><F96/><N who="3" m="59543" /><G28/><T99/><D65/><U73/><E29/><V125/><F117/><W30/><G30/><T23/><D23/><U68/><E68/><N who="2" m="42087" /><F130/><W16/><G64/><T113/><D113/><N who="2" m="43018" /><F61/><W92/><G70/><T14/><D2/><U83/><E32/><V11/><F11/><W77/><G77/><T22/><D22/><U58/><E75/><V48/><F48/><N who="3" m="28831" /><G92/><T98/><REACH who="0" step="1"/><D14/><REACH who="0" ten="240,207,242,301" step="2"/><U40/><E63/><V52/><F52/><W85/><G85/><T5/><D5/><AGARI ba="0,1" hai="4,5,7,16,17,108,109,111" m="28831,59543" machi="5" ten="30,5800,0" yaku="14,1,10,1,54,1" doraHai="8" who="3" fromWho="0" sc="240,-58,207,0,242,0,301,68" /><INIT seed="3,1,0,4,4,20" ten="182,207,242,369" oya="3" hai0="16,29,58,133,39,92,5,51,112,94,41,24,127" hai1="106,103,100,108,34,126,76,131,89,130,59,85,101" hai2="47,26,17,48,135,68,3,116,25,52,99,129,80" hai3="23,124,75,93,61,91,13,95,90,123,62,53,122"/><W33/><G33/><T40/><D133/><U119/><E34/><V19/><F116/><W98/><G75/><T43/><D39/><U27/><E59/><V79/><F68/><W57/><G124/><T64/><D127/><U87/><E126/><V7/><F135/><W30/><G62/><N who="0" m="37975" /><D112/><U60/><E60/><V83/><F129/><N who="1" m="49161" /><E27/><N who="2" m="10251" /><F3/><W97/><G30/><T96/><D5/><U118/><E108/><V134/><F7/><W84/><G84/><N who="1" m="32330" /><E76/><V46/><F134/><W54/><G54/><T78/><D78/><U65/><E65/><V42/><F99/><W72/><G72/><T81/><D81/><N who="2" m="31306" /><F79/><W121/><G121/><T120/><D120/><U44/><E44/><V105/><F105/><W55/><G122/><T31/><D51/><AGARI ba="1,0" hai="17,19,42,46,47,48,51,52" m="31306,10251" machi="51" ten="30,8000,1" yaku="8,1,52,3,54,1" doraHai="20" who="2" fromWho="0" sc="182,-83,207,0,242,83,369,0" /><INIT seed="4,0,0,3,0,134" ten="99,207,325,369" oya="0" hai0="124,84,66,46,133,130,126,44,47,80,89,57,71" hai1="75,121,49,21,29,15,113,125,115,22,123,94,81" hai2="9,32,131,76,23,74,87,24,132,72,52,31,64" hai3="101,19,42,109,25,73,30,77,2,58,4,92,119"/><T114/><D71/><U67/><E67/><V82/><F132/><W100/><G109/><T6/><D133/><U117/><E117/><V88/><F131/><W39/><G19/><T62/><D130/><U68/><E68/><V91/><F64/><W37/><G58/><T118/><D118/><U106/><E106/><V40/><F40/><W45/><G39/><T111/><D111/><U135/><E135/><V50/><F32/><W38/><G92/><T128/><D128/><U0/><E0/><V12/><F74/><W85/><G85/><T122/><D122/><U41/><E94/><V116/><F72/><W5/><G38/><T63/><D63/><U7/><E7/><N who="2" m="3135" /><F116/><W11/><G4/><T3/><REACH who="0" step="1"/><D114/><REACH who="0" ten="89,207,325,369" step="2"/><U33/><E121/><V70/><F70/><W110/><G110/><T55/><D55/><U90/><E123/><V95/><F95/><W129/><G129/><T93/><D93/><U108/><E108/><V78/><F78/><W96/><G119/><T83/><D83/><U43/><E113/><V53/><F53/><W107/><G107/><T1/><D1/><U18/><E115/><V17/><F31/><W112/><G112/><T13/><D13/><U34/><E81/><V16/><F17/><W28/><G28/><T26/><D26/><U20/><E29/><V14/><F24/><W56/><G25/><T51/><D51/><U10/><E49/><V98/><F98/><W79/><G30/><T60/><D60/><U54/><E54/><V27/><F27/><W120/><G120/><T36/><D36/><U8/><E18/><V104/><F104/><RYUUKYOKU ba="0,1" sc="89,15,207,-15,325,15,369,-15" hai0="3,6,44,46,47,57,62,66,80,84,89,124,126" hai2="14,16,23,50,52,76,82,87,88,91" /><INIT seed="4,1,1,5,3,26" ten="104,192,340,354" oya="0" hai0="41,82,98,81,134,27,54,79,100,116,96,105,68" hai1="66,92,44,94,131,33,127,69,55,128,48,53,95" hai2="24,115,8,34,32,83,108,86,106,124,126,125,42" hai3="110,0,129,102,39,12,73,20,11,13,9,88,89"/><T49/><D116/><U51/><E33/><V109/><F106/><W74/><G39/><T67/><D134/><U121/><E121/><V45/><F8/><W60/><G0/><T119/><D119/><U38/><E38/><N who="2" m="21719" /><F115/><W28/><G60/><T30/><D41/><U80/><E127/><N who="2" m="32515" /><V35/><DORA hai="10" /><F24/><W133/><G110/><T91/><D67/><U25/><E80/><V56/><F56/><W122/><G102/><T130/><D68/><U17/><E66/><V132/><F132/><W78/><G78/><AGARI ba="1,1" hai="32,34,35,78,83,86,108,109" m="32515,21719" machi="78" ten="50,1600,0" yaku="18,1" doraHai="26,10" who="2" fromWho="3" sc="104,0,192,0,340,29,354,-19" /><INIT seed="5,0,0,1,3,63" ten="104,192,369,335" oya="1" hai0="27,80,115,23,94,123,91,22,10,70,46,12,59" hai1="64,57,133,104,78,116,17,105,55,93,103,98,2" hai2="89,7,134,50,79,14,75,44,53,42,60,77,85" hai3="65,95,81,86,9,0,39,54,121,56,109,58,61"/><U40/><E116/><V82/><F134/><W114/><G109/><T117/><D117/><U127/><E2/><V87/><F75/><W8/><G121/><T66/><D123/><U131/><E127/><V33/><F33/><W6/><G39/><T99/><D115/><U129/><E133/><V25/><F25/><W35/><G35/><T113/><D113/><U112/><E40/><V74/><F74/><W3/><G95/><T130/><D46/><U43/><E43/><V97/><F97/><W101/><G101/><T71/><D80/><U73/><E112/><V119/><F87/><W76/><G114/><T32/><D32/><U135/><E135/><V62/><F119/><W92/><G92/><T118/><D130/><N who="1" m="49675" /><E17/><V13/><F60/><W34/><G34/><T111/><D111/><U126/><E126/><V31/><F31/><W5/><REACH who="3" step="1"/><G54/><REACH who="3" ten="104,192,369,325" step="2"/><T30/><D118/><U24/><E55/><V1/><F53/><W37/><G37/><T69/><D23/><U125/><E125/><V51/><F42/><W20/><G20/><T122/><D122/><U4/><E93/><V18/><F82/><W124/><G124/><T15/><REACH who="0" step="1"/><D10/><REACH who="0" ten="94,192,369,325" step="2"/><U45/><E45/><V72/><F44/><W68/><AGARI ba="0,2" hai="0,3,5,6,8,9,56,58,61,65,68,76,81,86" machi="68" ten="20,8000,1" yaku="1,1,0,1,7,1,9,1,52,1,53,0" doraHai="63" doraHaiUra="26" who="3" fromWho="3" sc="94,-20,192,-40,369,-20,325,100" /><INIT seed="6,0,0,4,3,38" ten="74,152,349,425" oya="2" hai0="46,11,99,115,124,12,94,50,9,90,104,110,123" hai1="73,100,24,105,17,55,32,67,131,121,95,21,39" hai2="56,93,16,30,127,59,84,40,28,63,128,125,120" hai3="97,33,66,118,7,1,75,23,20,114,42,80,107"/><V5/><F120/><W29/><G118/><T89/><D110/><U81/><E105/><V58/><F5/><W6/><G66/><T96/><D123/><U48/><E39/><V112/><F112/><W134/><G134/><T18/><D115/><U27/><E121/><V133/><F133/><W0/><G75/><T53/><D124/><N who="2" m="47690" /><F128/><W41/><G80/><T26/><D26/><U22/><E67/><V129/><F63/><W72/><G72/><T86/><D99/><U25/><E32/><V47/><F16/><W31/><G97/><T77/><D77/><U2/><E2/><V15/><F15/><W51/><G51/><T13/><D104/><U87/><E73/><V132/><F129/><W65/><G65/><T52/><D53/><U101/><E131/><V19/><F19/><W37/><G37/><T74/><D74/><U116/><E116/><V4/><F4/><W43/><G107/><T122/><D122/><U135/><E135/><V60/><F60/><W103/><G114/><T64/><D64/><U78/><E17/><V130/><F130/><W3/><G33/><T85/><D90/><U62/><E62/><V83/><F93/><W45/><G6/><AGARI ba="0,0" hai="6,9,11,12,13,18,46,50,52,85,86,89,94,96" machi="6" ten="30,3900,0" yaku="7,1,8,1,54,1" doraHai="38" who="0" fromWho="3" sc="74,39,152,0,349,0,425,-39" /><INIT seed="7,0,0,1,3,16" ten="113,152,349,386" oya="3" hai0="23,73,43,66,74,54,93,15,121,127,69,17,100" hai1="59,61,18,88,82,51,47,9,48,68,101,120,41" hai2="124,19,110,97,76,44,22,77,84,37,119,72,67" hai3="34,32,95,50,27,115,131,70,31,133,26,11,128"/><W106/><G106/><T86/><D121/><U52/><E120/><V116/><F110/><W92/><G70/><T122/><D122/><U108/><E108/><V5/><F72/><W20/><G115/><T39/><D127/><U33/><E33/><N who="3" m="12906" /><G27/><T6/><D6/><U79/><E101/><V56/><F124/><W107/><G107/><T81/><D43/><U57/><E68/><V4/><F97/><W129/><G133/><T114/><D39/><U21/><E9/><V24/><F37/><W25/><G25/><T91/><D114/><U104/><E104/><V30/><F44/><W125/><G125/><T89/><D54/><U0/><E0/><V36/><F36/><W38/><G38/><T45/><D45/><N who="1" m="25647" /><E79/><N who="2" m="30283" /><F119/><W42/><G11/><T80/><D100/><U94/><E82/><V1/><F1/><W75/><G75/><T78/><D69/><U118/><E61/><N who="2" m="38311" /><F116/><W105/><G105/><T134/><D74/><U3/><E3/><V103/><F103/><W83/><G83/><T40/><D40/><U130/><E130/><V98/><F98/><W55/><G42/><T126/><D126/><U113/><E113/><V60/><F60/><W65/><G65/><T109/><D109/><U28/><E28/><V90/><F30/><W12/><G131/><T7/><D66/><U29/><E29/><V87/><F87/><W132/><G129/><T85/><REACH who="0" step="1"/><D7/><REACH who="0" ten="103,152,349,386" step="2"/><U2/><E52/><V71/><F71/><W102/><G128/><T8/><D8/><U49/><E47/><V53/><F53/><W111/><G111/><T112/><D112/><U46/><E46/><RYUUKYOKU ba="0,1" sc="103,15,152,-15,349,15,386,-15" hai0="15,17,23,73,78,80,81,85,86,89,91,93,134" hai2="4,5,19,22,24,84,90" owari="118,-38.2,137,-26.3,364,16.4,381,48.1" /></mjloggm>