<mjloggm ver="2.3"><GO type="169" lobby="0"/><UN n0="%E2%91%A3%E3%82%BB%E3%83%B3%E3%83%81" n1="%E3%81%A1%E3%82%83%E3%82%93%E3%81%AE%E3%81%B6" n2="%E8%B5%A4%E6%9C%A8%E3%81%97%E3%81%92%E3%82%8B" n3="%E5%A4%A9%E7%A9%BA%E3%81%AE%E6%8A%80" dan="18,17,16,16" rate="2264.83,2151.96,2055.49,2125.10" sx="M,M,M,M"/><TAIKYOKU oya="0"/><INIT seed="0,0,0,5,1,58" ten="250,250,250,250" oya="0" hai0="98,123,38,84,24,105,44,12,129,55,39,13,126" hai1="73,5,133,103,30,124,83,56,72,34,110,97,100" hai2="78,9,6,106,29,131,25,130,61,80,120,87,107" hai3="49,88,92,77,111,64,94,109,7,115,67,71,48"/><T17/><D123/><U85/><E5/><V122/><F25/><W54/><G77/><T63/><D126/><U90/><E30/><V117/><F29/><W57/><G7/><T40/><D129/><N who="2" m="49162" /><F9/><W119/><G119/><T79/><D39/><U32/><E32/><V114/><F6/><W20/><G20/><T28/><D79/><U68/><E68/><V112/><F117/><W70/><G115/><N who="2" m="44073" /><F61/><N who="3" m="37935" /><G92/><T95/><D105/><AGARI ba="0,0" hai="78,80,87,105,106,107,120,122" m="44073,49162" machi="105" ten="40,5200,0" yaku="19,1,34,2" doraHai="58" who="2" fromWho="0" sc="250,-52,250,0,250,52,250,0" /><INIT seed="1,0,0,4,2,114" ten="198,250,302,250" oya="1" hai0="67,132,44,96,27,89,11,87,55,53,6,86,5" hai1="25,20,14,22,134,78,109,103,117,66,35,48,63" hai2="7,31,29,38,81,83,18,123,82,131,124,92,24" hai3="76,54,64,120,57,122,13,73,90,60,104,28,72"/><U94/><E134/><V15/><F38/><W101/><G28/><T8/><D67/><U26/><E35/><V58/><F131/><W59/><G76/><T70/><D70/><U79/><E109/><V1/><F124/><W51/><G101/><T62/><D62/><U33/><E33/><V71/><F71/><W121/><G104/><T115/><D44/><U107/><E107/><V102/><F123/><W110/><G110/><T19/><D96/><U46/><E14/><V16/><F1/><W23/><G23/><T40/><D40/><U128/><E128/><V84/><F58/><W80/><G13/><T32/><D32/><U93/><E63/><V118/><F118/><W105/><G105/><T88/><D19/><N who="2" m="7210" /><F24/><W74/><G80/><T3/><D27/><U106/><E106/><V116/><F116/><W129/><REACH who="3" step="1"/><G90/><REACH who="3" ten="198,250,302,240" step="2"/><T77/><D77/><U39/><E103/><V111/><F111/><W126/><G126/><T2/><REACH who="0" step="1"/><D115/><REACH who="0" ten="188,250,302,240" step="2"/><U10/><E79/><V37/><F102/><W97/><G97/><T17/><D17/><U43/><E78/><V45/><F31/><W99/><G99/><T69/><D69/><U4/><E26/><V68/><F29/><W0/><G0/><T125/><D125/><U41/><E25/><V34/><F68/><W42/><G42/><T75/><D75/><U36/><E43/><N who="2" m="22767" /><F34/><W100/><G100/><T98/><D98/><U61/><E36/><V47/><F7/><W65/><G65/><T21/><D21/><N who="1" m="8299" /><E39/><V130/><F81/><W56/><G56/><T91/><D91/><U49/><E66/><V133/><F82/><RYUUKYOKU ba="0,2" sc="188,15,250,-15,302,-15,240,15" hai0="2,3,5,6,8,11,53,55,86,87,88,89,132" hai3="51,54,57,59,60,64,72,73,74,120,121,122,129" /><INIT seed="2,1,2,2,4,101" ten="203,235,287,255" oya="2" hai0="22,77,74,50,17,54,2,115,68,126,118,127,62" hai1="89,63,87,91,13,41,104,7,128,78,31,18,121" hai2="43,84,88,30,102,55,37,82,134,109,90,53,99" hai3="108,38,94,67,26,112,72,51,25,14,59,133,95"/><V105/><F134/><W19/><G38/><T124/><D2/><U28/><E121/><V116/><F116/><W24/><G72/><T42/><D77/><U64/><E128/><V80/><F109/><W34/><G34/><T58/><D74/><U8/><E41/><V20/><F30/><N who="1" m="11305" /><E104/><V1/><F1/><W100/><G108/><T57/><D115/><U103/><E103/><V39/><F20/><W111/><G111/><T119/><D42/><U132/><E132/><V73/><F43/><W56/><G112/><T86/><D86/><U49/><E49/><V70/><F70/><W96/><G133/><T113/><D68/><U93/><E78/><V48/><F55/><W35/><G35/><T110/><D110/><U129/><E129/><V120/><F120/><W23/><G67/><N who="0" m="39383" /><D113/><U45/><E45/><V11/><F11/><BYE who="2" /><W21/><G21/><T60/><D50/><U47/><E47/><V44/><F44/><W5/><G51/><T33/><D33/><U36/><E36/><V71/><F71/><W10/><REACH who="3" step="1"/><G95/><REACH who="3" ten="203,235,287,245" step="2"/><UN n2="%E8%B5%A4%E6%9C%A8%E3%81%97%E3%81%92%E3%82%8B" /><T4/><D4/><U27/><E63/><V61/><F61/><W29/><G29/><T106/><D106/><U0/><E64/><V135/><F135/><W12/><AGARI ba="1,3" hai="5,10,12,14,19,23,24,25,26,56,59,94,96,100" machi="12" ten="30,4000,0" yaku="1,1,0,1,8,1,53,0" doraHai="101" doraHaiUra="65" who="3" fromWho="3" sc="203,-11,235,-11,287,-21,245,73" /><INIT seed="3,0,0,5,5,45" ten="192,224,266,318" oya="3" hai0="8,68,121,51,89,23,94,83,81,111,34,1,129" hai1="20,125,76,49,95,72,85,22,54,62,33,109,0" hai2="117,37,90,71,126,32,16,61,7,56,67,82,36" hai3="127,106,97,103,110,65,74,58,40,30,120,5,57"/><W79/><G120/><T46/><D34/><U25/><E0/><V48/><F32/><W13/><G127/><T38/><D121/><U60/><E72/><V114/><F126/><W11/><G30/><T96/><D68/><U63/><E109/><V124/><F124/><W123/><G123/><T12/><D38/><U102/><E125/><V104/><F104/><W134/><G134/><T93/><D1/><U50/><E33/><V47/><F114/><W59/><G40/><T9/><D129/><U99/><E54/><V17/><F7/><W77/><G110/><T52/><D111/><U39/><E39/><V87/><F117/><W133/><G133/><T91/><D23/><U80/><REACH who="1" step="1"/><E22/><REACH who="1" ten="192,214,266,318" step="2"/><V100/><F36/><W118/><G118/><T86/><REACH who="0" step="1"/><D9/><REACH who="0" ten="182,214,266,318" step="2"/><U84/><E84/><V28/><F37/><W6/><G11/><T10/><D10/><U66/><E66/><V4/><F67/><W26/><G65/><T131/><D131/><U116/><E116/><V98/><F87/><W115/><G74/><T101/><D101/><U19/><AGARI ba="0,2" hai="19,20,25,49,50,60,62,63,76,80,85,95,99,102" machi="19" ten="30,12000,2" yaku="1,1,0,1,8,1,52,2,53,1" doraHai="45" doraHaiUra="18" who="1" fromWho="1" sc="182,-30,214,140,266,-30,318,-60" /><INIT seed="4,0,0,4,4,56" ten="152,354,236,258" oya="0" hai0="54,37,7,135,110,128,10,74,50,92,41,101,40" hai1="14,129,47,59,33,68,69,9,98,23,28,71,116" hai2="120,5,124,57,0,73,39,4,63,119,49,109,70" hai3="122,97,64,61,6,32,90,76,104,15,96,133,78"/><T114/><D74/><U27/><E116/><V19/><F73/><W94/><G32/><T99/><D37/><U17/><E129/><V62/><F109/><W126/><G133/><T82/><D135/><U52/><E47/><V111/><F39/><W65/><G126/><T29/><D128/><U38/><E38/><V91/><F120/><W130/><G65/><T31/><D114/><U12/><E98/><V24/><F111/><W36/><G36/><T112/><D82/><U123/><E123/><V121/><F0/><W72/><G72/><T127/><D127/><U30/><E30/><N who="0" m="11273" /><D112/><U93/><E93/><V43/><F70/><W1/><G122/><T113/><D113/><U83/><E83/><V103/><F119/><W89/><G130/><T86/><D86/><U13/><REACH who="1" step="1"/><E33/><REACH who="1" ten="152,344,236,258" step="2"/><V134/><F121/><W58/><G94/><T45/><D110/><U84/><E84/><V48/><F124/><W11/><G104/><T107/><D107/><U85/><E85/><V44/><F134/><W25/><G96/><T81/><D81/><U95/><E95/><V108/><F108/><W3/><G97/><T34/><D34/><U80/><E80/><V55/><F103/><W67/><G78/><T26/><D26/><U100/><E100/><V21/><F91/><N who="3" m="34827" /><G76/><T53/><D41/><U131/><E131/><V79/><F79/><W46/><G25/><T8/><D7/><AGARI ba="0,1" hai="4,5,7,19,21,24,43,44,48,49,55,57,62,63" machi="7" ten="40,5200,0" yaku="8,1,52,2" doraHai="56" who="2" fromWho="0" sc="152,-52,344,0,236,62,258,0" /><INIT seed="5,0,0,4,1,12" ten="100,344,298,258" oya="1" hai0="48,100,76,29,109,77,60,46,102,94,39,118,32" hai1="38,0,85,115,20,9,62,93,89,86,95,4,41" hai2="119,47,79,49,78,64,114,70,13,63,72,42,105" hai3="14,103,133,34,18,99,10,130,6,56,73,128,74"/><U75/><E115/><V3/><F105/><W134/><G34/><T106/><D109/><U81/><E62/><V28/><F3/><W107/><G56/><T104/><D39/><U88/><E75/><N who="3" m="28682" /><G6/><T68/><D118/><U44/><REACH who="1" step="1"/><E20/><REACH who="1" ten="100,334,298,258" step="2"/><V17/><F119/><W31/><G130/><T127/><D60/><U57/><E57/><V124/><F114/><W125/><G128/><T65/><D68/><U117/><E117/><V45/><F72/><W24/><G134/><T25/><D32/><U1/><E1/><V92/><F28/><W61/><G31/><T37/><D29/><U33/><E33/><V53/><F124/><W36/><G61/><T2/><D127/><U55/><E55/><V59/><F47/><W23/><G125/><T122/><D2/><U126/><E126/><V7/><F7/><W69/><G69/><T120/><D46/><U26/><E26/><V91/><F70/><W82/><G133/><T27/><D27/><U19/><E19/><V8/><REACH who="2" step="1"/><F53/><REACH who="2" ten="100,334,288,258" step="2"/><W21/><G18/><T71/><D71/><U50/><E50/><V11/><F11/><W35/><G10/><T51/><D51/><U123/><E123/><V116/><F116/><W111/><G36/><T52/><D48/><U84/><E84/><AGARI ba="0,2" hai="8,13,17,42,45,49,59,63,64,78,79,84,91,92" machi="84" ten="30,8000,1" yaku="1,1,7,1,8,1,52,1,53,1" doraHai="12" doraHaiUra="58" who="2" fromWho="1" sc="100,0,334,-80,288,100,258,0" /><INIT seed="6,0,0,2,1,56" ten="100,254,388,258" oya="2" hai0="108,31,99,9,3,35,76,135,41,127,117,118,42" hai1="71,25,2,7,81,89,26,40,60,17,27,21,1" hai2="51,43,73,44,97,0,48,46,75,28,80,14,70" hai3="102,53,65,52,132,82,45,107,49,55,29,103,100"/><V92/><F70/><W90/><G132/><T79/><D99/><U86/><E40/><V101/><F0/><W74/><G107/><T24/><D42/><U98/><E7/><V33/><F33/><W4/><BYE who="2" /><G4/><N who="0" m="1183" /><D79/><U129/><E129/><V38/><F38/><W104/><G104/><T134/><D76/><U113/><E113/><V122/><F122/><W128/><G128/><T83/><D83/><U34/><E34/><UN n2="%E8%B5%A4%E6%9C%A8%E3%81%97%E3%81%92%E3%82%8B" /><V37/><F28/><W130/><G130/><T112/><D41/><U77/><E2/><V32/><F32/><W96/><G74/><T20/><D108/><U116/><E1/><V64/><F64/><W124/><G124/><T123/><D123/><U121/><E121/><V10/><F37/><W23/><G65/><T54/><D54/><U72/><E98/><V87/><F48/><W11/><G11/><T12/><D112/><U69/><E69/><V126/><F46/><W6/><G6/><T105/><D105/><U119/><E71/><V47/><F47/><W66/><G66/><T59/><D59/><U95/><REACH who="1" step="1"/><E60/><REACH who="1" ten="100,244,388,258" step="2"/><V94/><F97/><W13/><G96/><T78/><D127/><U85/><E85/><V111/><F87/><W93/><G49/><T68/><D68/><U36/><E36/><V5/><F51/><W18/><G45/><T22/><D35/><U114/><E114/><V61/><F44/><W39/><G39/><T8/><D135/><U15/><AGARI ba="0,1" hai="15,17,21,25,26,27,72,77,81,86,89,95,116,119" machi="15" ten="30,2000,0" yaku="1,1,0,1,53,0" doraHai="56" doraHaiUra="62" who="1" fromWho="1" sc="100,-5,244,30,388,-10,258,-5" /><INIT seed="7,0,0,3,3,62" ten="95,274,378,253" oya="3" hai0="53,129,130,65,49,22,81,18,2,47,90,73,3" hai1="78,13,91,80,83,25,115,82,70,33,74,107,100" hai2="5,30,14,41,103,89,20,60,39,56,54,16,105" hai3="58,0,119,86,4,66,125,122,10,135,68,75,59"/><W118/><G122/><T94/><D73/><U28/><E115/><V38/><F41/><W123/><G123/><T21/><D130/><U112/><E112/><V117/><F117/><W71/><G75/><T35/><D35/><U23/><E91/><V11/><F105/><W109/><G109/><T29/><D129/><U97/><E70/><V95/><F103/><W37/><G37/><T15/><D3/><U127/><E127/><V116/><F30/><W96/><G96/><T111/><D2/><U87/><E87/><V8/><F8/><W101/><G86/><T85/><D111/><U108/><E108/><V31/><F31/><W93/><G101/><T102/><D29/><U104/><E107/><V17/><F17/><W126/><G93/><T9/><REACH who="0" step="1"/><D65/><REACH who="0" ten="85,274,378,253" step="2"/><U51/><E74/><V24/><F116/><W61/><G119/><T88/><D88/><U52/><E33/><V67/><F67/><W113/><G118/><T79/><D79/><U77/><E28/><V133/><F133/><W46/><G135/><T44/><D44/><U131/><E78/><V124/><F124/><N who="3" m="47723" /><G113/><T76/><D76/><U99/><E77/><V98/><AGARI ba="0,1" hai="5,11,14,16,20,24,38,39,54,56,60,89,95,98" machi="98" ten="20,8000,1" yaku="0,1,7,1,25,2,54,1" doraHai="62" who="2" fromWho="2" sc="85,-20,274,-20,378,90,253,-40" owari="65,-43.5,254,5.4,468,56.8,213,-18.7" /></mjloggm>