<mjloggm ver="2.3"><GO type="169" lobby="0"/><UN n0="%44%61%6C%69" n1="%E3%81%97%E3%82%83%E3%82%93%E3%81%8A%E3%81%98" n2="%E3%82%A4%E3%82%A7%E3%83%83%E3%82%BF%E3%82%A4%E3%82%AC%E3%83%BC" n3="%E6%88%B8%E9%83%B7%E7%BF%94%E5%BE%81" dan="17,17,16,17" rate="2196.74,2171.24,2123.16,2199.32" sx="M,F,M,M"/><TAIKYOKU oya="0"/><INIT seed="0,0,0,1,3,99" ten="250,250,250,250" oya="0" hai0="22,123,29,88,133,82,40,120,134,71,66,108,122" hai1="74,44,32,61,26,59,91,53,12,50,9,90,30" hai2="64,24,62,135,98,73,49,8,84,51,94,113,105" hai3="130,25,10,129,118,20,35,5,101,104,76,78,106"/><T68/><D40/><U107/><E107/><V127/><F113/><W100/><G35/><T75/><D75/><U103/><E74/><V47/><F73/><W39/><G39/><T13/><D108/><U43/><REACH who="1" step="1"/><E103/><REACH who="1" ten="250,240,250,250" step="2"/><N who="3" m="39498" /><G104/><T95/><D123/><U116/><E116/><V124/><F105/><W17/><G106/><T19/><D122/><U77/><E77/><V119/><F119/><W79/><G118/><T60/><D120/><U131/><E131/><N who="3" m="50186" /><G79/><T121/><D121/><U93/><E93/><V111/><F94/><W65/><G65/><T72/><D72/><U69/><E69/><V55/><F64/><W37/><G37/><T102/><D71/><U45/><E45/><V112/><F47/><W67/><G67/><T54/><D68/><U80/><E80/><V15/><F112/><W28/><G28/><T70/><D29/><U57/><E57/><V7/><F111/><W36/><G36/><T96/><REACH who="0" step="1"/><D54/><REACH who="0" ten="240,240,250,250" step="2"/><U6/><AGARI ba="0,2" hai="6,9,12,26,30,32,43,44,50,53,59,61,90,91" machi="6" ten="20,5200,0" yaku="1,1,0,1,7,1,53,1" doraHai="99" doraHaiUra="0" who="1" fromWho="1" sc="240,-26,240,72,250,-13,250,-13" /><INIT seed="1,0,0,5,5,79" ten="214,312,237,237" oya="1" hai0="24,6,99,45,50,106,110,52,18,129,65,33,93" hai1="3,130,46,62,9,35,66,36,117,34,72,73,54" hai2="85,44,60,2,118,96,61,43,5,58,28,49,78" hai3="98,135,111,122,69,16,40,115,76,84,113,132,56"/><U31/><E117/><V51/><F118/><W133/><G69/><T48/><D110/><U55/><E130/><V29/><F96/><W97/><G122/><T89/><D129/><U112/><E112/><V116/><F116/><W108/><G40/><T80/><D65/><U20/><E20/><V109/><F109/><N who="3" m="42059" /><G56/><T39/><D39/><U95/><E95/><V123/><F123/><W102/><G16/><T21/><D33/><N who="1" m="12299" /><E31/><V88/><F78/><W12/><G12/><T91/><D106/><U114/><E55/><N who="2" m="32111" /><F2/><W68/><G68/><T119/><D119/><U37/><E54/><V77/><F77/><W105/><G98/><T81/><D6/><N who="1" m="1247" /><E114/><V15/><F5/><W107/><G107/><T27/><D27/><U32/><E32/><V7/><F7/><W4/><G4/><T41/><D91/><U67/><E67/><V13/><F28/><W53/><G53/><T126/><D99/><U71/><E36/><V127/><F29/><W90/><G76/><T83/><D126/><U57/><E57/><V8/><F127/><W14/><G14/><N who="2" m="5129" /><F8/><W134/><G134/><T86/><D93/><AGARI ba="0,0" hai="43,44,51,60,61,85,88,93" m="5129,32111" machi="93" ten="30,2000,0" yaku="8,1,54,1" doraHai="79" who="2" fromWho="0" sc="214,-20,312,0,237,20,237,0" /><AGARI ba="0,0" hai="84,90,93,97,102,105,113,115,132,133,135" m="42059" machi="93" ten="40,8000,1" yaku="20,1,14,1,34,2" doraHai="79" who="3" fromWho="0" sc="194,-80,312,0,257,0,237,80" /><INIT seed="2,0,0,4,3,11" ten="114,312,257,317" oya="2" hai0="105,48,55,23,125,49,66,119,126,0,88,123,16" hai1="87,28,1,13,37,7,91,75,70,100,15,38,59" hai2="93,116,57,110,79,63,82,131,73,103,20,94,27" hai3="77,2,124,104,33,50,17,24,122,14,45,3,22"/><V120/><F116/><W106/><G122/><T92/><D105/><U90/><E70/><V34/><F120/><W51/><G124/><N who="0" m="47723" /><D0/><U112/><E75/><V19/><F110/><W67/><G77/><T35/><D35/><U30/><E1/><V40/><F40/><W21/><G33/><T58/><D119/><U42/><E100/><V60/><F131/><W96/><G67/><T130/><D130/><U98/><E112/><V26/><F103/><W69/><G69/><T65/><D49/><U81/><E37/><V46/><F46/><W72/><G72/><T129/><D123/><U117/><E38/><V107/><F107/><W114/><G114/><T78/><D78/><U127/><E117/><V12/><F63/><W43/><G106/><T133/><D133/><U99/><E42/><V36/><F36/><W86/><G86/><N who="0" m="52247" /><D129/><U135/><E135/><V132/><F132/><W6/><G51/><T108/><D108/><U109/><E109/><V115/><F115/><W8/><G104/><T10/><D10/><U5/><E127/><V111/><F111/><W74/><G74/><T85/><D85/><U134/><E134/><V53/><REACH who="2" step="1"/><F27/><AGARI ba="0,0" hai="16,23,27,48,55,58,65,66" m="52247,47723" machi="27" ten="30,3900,0" yaku="18,1,54,2" doraHai="11" who="0" fromWho="2" sc="114,39,312,0,257,-39,317,0" /><INIT seed="3,0,0,5,5,33" ten="153,312,218,317" oya="3" hai0="71,43,46,73,38,80,16,24,69,91,6,25,83" hai1="113,52,101,48,37,64,99,123,81,108,100,13,19" hai2="124,66,5,72,7,49,31,78,23,94,22,56,79" hai3="63,105,117,36,93,95,75,61,21,132,85,53,134"/><W27/><G117/><T35/><D6/><N who="2" m="2058" /><F72/><W135/><G75/><T77/><D35/><U129/><E113/><V109/><F109/><W126/><G105/><T28/><D28/><U32/><E32/><V18/><F124/><W104/><G104/><T131/><D131/><U55/><E123/><V20/><F31/><W102/><G36/><T59/><D59/><U98/><E37/><V2/><F2/><W60/><G126/><T84/><REACH who="0" step="1"/><D25/><REACH who="0" ten="143,312,218,317" step="2"/><U57/><E129/><V120/><F120/><W89/><G132/><T92/><D92/><U42/><E108/><V26/><F94/><W65/><G134/><T67/><D67/><U107/><E64/><V58/><F56/><W39/><G65/><T17/><D17/><U40/><E81/><V128/><F128/><W88/><G102/><T110/><D110/><U1/><E57/><V68/><F68/><W87/><G135/><T47/><D47/><U50/><E107/><V51/><F58/><N who="3" m="34895" /><G39/><T119/><D119/><U125/><E125/><V0/><F66/><W11/><G11/><T106/><D106/><U41/><E101/><V114/><F26/><W29/><AGARI ba="0,1" hai="21,27,29,61,63,85,87,88,89,93,95" m="34895" machi="29" ten="30,3000,0" yaku="8,1,54,1" doraHai="33" who="3" fromWho="3" sc="143,-10,312,-10,218,-10,317,40" /><INIT seed="3,1,0,0,0,27" ten="133,302,208,357" oya="3" hai0="120,25,86,127,129,128,105,115,77,123,110,45,50" hai1="17,64,97,109,74,22,125,48,89,100,40,122,58" hai2="90,16,47,57,113,112,72,81,99,61,124,92,68" hai3="94,76,104,71,95,126,65,79,106,130,5,14,80"/><W34/><G34/><T23/><D110/><U75/><E122/><V78/><F124/><W69/><G126/><T63/><D105/><U53/><E109/><V4/><F4/><W73/><G65/><T66/><D127/><U35/><E35/><V133/><F133/><W33/><G33/><T36/><D77/><U51/><E64/><V107/><F68/><W84/><G5/><T60/><D86/><U119/><E125/><V43/><F107/><N who="3" m="41003" /><G14/><T116/><D116/><U93/><E119/><V101/><F101/><W85/><G71/><T32/><D32/><U37/><E37/><V12/><F57/><W38/><G38/><T103/><D103/><U135/><E135/><V62/><F112/><W91/><G69/><T7/><D7/><U56/><E100/><V39/><REACH who="2" step="1"/><F113/><REACH who="2" ten="133,302,198,357" step="2"/><W132/><G132/><T41/><D115/><U46/><E58/><V30/><F30/><W26/><G130/><T108/><D128/><U18/><E18/><V134/><F134/><W31/><G31/><T13/><D129/><U111/><E111/><V131/><F131/><W121/><G121/><T6/><D108/><U117/><E117/><V98/><F98/><W55/><G55/><T87/><D120/><U20/><E17/><V19/><F19/><W44/><G44/><T102/><D123/><U83/><E56/><V0/><F0/><W8/><G8/><AGARI ba="1,1" hai="8,12,16,39,43,47,61,62,72,78,81,90,92,99" machi="8" ten="30,3900,0" yaku="1,1,7,1,54,1,53,0" doraHai="27" doraHaiUra="67" who="2" fromWho="3" sc="133,0,302,0,198,52,357,-42" /><INIT seed="4,0,0,2,1,11" ten="133,302,250,315" oya="0" hai0="51,96,70,7,118,94,56,85,132,128,15,26,109" hai1="126,78,24,115,101,14,37,134,39,93,112,123,113" hai2="72,91,17,13,45,54,79,64,35,25,99,131,82" hai3="87,89,74,98,92,86,122,34,88,38,110,6,62"/><T75/><D118/><U84/><E123/><V111/><F111/><W50/><G110/><T125/><D109/><U55/><E134/><V46/><F131/><W119/><G38/><T31/><D75/><U53/><E126/><V8/><F64/><W120/><G119/><T40/><D70/><U20/><E101/><V116/><F116/><W68/><G34/><T73/><D73/><U57/><E55/><V80/><F54/><W63/><G74/><T106/><D128/><U95/><E78/><V47/><F35/><W71/><G98/><T43/><D125/><U9/><E37/><V103/><F25/><W27/><G27/><T5/><D132/><U66/><E66/><V69/><F69/><W97/><G97/><T114/><D114/><U121/><E39/><V48/><F48/><W135/><G6/><T104/><D106/><U77/><E121/><N who="3" m="46698" /><G50/><T29/><D104/><U44/><E44/><V22/><F80/><N who="3" m="49351" /><G135/><T32/><D7/><N who="1" m="3391" /><E84/><V2/><F2/><W130/><G130/><T28/><D85/><U105/><E77/><V58/><F58/><W76/><G76/><T42/><D56/><U60/><E105/><V117/><F117/><W61/><AGARI ba="0,0" hai="61,62,63,68,71,87,88,92" m="49351,46698" machi="61" ten="30,2000,0" yaku="13,1,54,1" doraHai="11" who="3" fromWho="3" sc="133,-10,302,-5,250,-5,315,20" /><INIT seed="5,0,0,4,2,35" ten="123,297,245,335" oya="1" hai0="17,54,48,124,49,58,126,104,128,88,89,23,116" hai1="108,36,70,68,0,28,12,62,94,21,53,99,47" hai2="61,19,91,82,29,13,7,11,63,117,40,33,90" hai3="39,131,65,72,45,26,85,97,59,80,93,107,66"/><U92/><E108/><V18/><F117/><W32/><G131/><T51/><D116/><U76/><E76/><V127/><F127/><W75/><G107/><T52/><D104/><U86/><E0/><V100/><F100/><W67/><G39/><T2/><D2/><U106/><E106/><V24/><F40/><W81/><G81/><T105/><D105/><U57/><E86/><V102/><F102/><W27/><G45/><T69/><D69/><U120/><E92/><V37/><F37/><W1/><G1/><T71/><D71/><U114/><E120/><V133/><F133/><W6/><G6/><T14/><D128/><U30/><E114/><V9/><F82/><W41/><G41/><T42/><D42/><U55/><E36/><V95/><F90/><W20/><G32/><T113/><D113/><U132/><E132/><V4/><F61/><W64/><G72/><T96/><D51/><N who="1" m="28927" /><E70/><V44/><F44/><W46/><G46/><T74/><D74/><U50/><E50/><V119/><F63/><N who="3" m="38015" /><G20/><T123/><D123/><U31/><E68/><V43/><F43/><W15/><G15/><T56/><D96/><U98/><E94/><V110/><F110/><W77/><G75/><T122/><D122/><U121/><E121/><V112/><F112/><W101/><AGARI ba="0,0" hai="26,27,65,66,67,77,80,85,93,97,101" m="38015" machi="101" ten="30,1100,0" yaku="8,1" doraHai="35" who="3" fromWho="3" sc="123,-3,297,-5,245,-3,335,11" /><INIT seed="6,0,0,5,0,49" ten="120,292,242,346" oya="2" hai0="105,81,39,31,109,113,93,27,6,45,69,25,119" hai1="122,64,117,68,85,17,55,129,28,63,125,110,78" hai2="59,77,47,80,126,3,92,52,90,111,135,70,115" hai3="132,112,131,58,0,65,54,32,121,83,12,91,4"/><V38/><F3/><W71/><G121/><T23/><D105/><U88/><E110/><V86/><F111/><W62/><G131/><T50/><D109/><U74/><E117/><V16/><F135/><W19/><G32/><T1/><D119/><U35/><E129/><V96/><F70/><W123/><G132/><T42/><D69/><U89/><E74/><V60/><F126/><W116/><G123/><T8/><D113/><U107/><E107/><V18/><REACH who="2" step="1"/><F115/><REACH who="2" ten="120,292,232,346" step="2"/><W36/><G112/><T128/><D128/><U84/><E125/><V133/><F133/><W95/><G0/><T82/><D39/><U11/><E122/><V79/><F79/><W114/><G36/><T24/><D24/><U34/><E78/><V57/><F57/><W46/><G71/><T40/><D40/><AGARI ba="0,1" hai="16,18,38,40,47,52,59,60,77,80,86,90,92,96" machi="40" ten="40,12000,1" yaku="1,1,52,1,54,2,53,0" doraHai="49" doraHaiUra="102" who="2" fromWho="0" sc="120,-120,292,0,232,130,346,0" /><INIT seed="6,1,0,2,4,122" ten="0,292,362,346" oya="2" hai0="115,105,26,22,133,68,58,49,77,114,54,55,96" hai1="42,23,14,116,130,1,56,39,34,44,94,95,0" hai2="51,12,25,132,84,53,11,86,93,70,21,33,76" hai3="90,50,124,125,88,40,102,83,109,57,118,101,28"/><V91/><F70/><W92/><G118/><T30/><D68/><U104/><E34/><V81/><F132/><W65/><G28/><T61/><D133/><U64/><E104/><V43/><F33/><W29/><G29/><T108/><D108/><U31/><E116/><V103/><F103/><W80/><G109/><T120/><D77/><U100/><E130/><V97/><F43/><W62/><G40/><T113/><D120/><U66/><E14/><V126/><F126/><N who="3" m="48747" /><G50/><T18/><D105/><U119/><E119/><V110/><F110/><W123/><G123/><T4/><D4/><U63/><E64/><V3/><F3/><W45/><G45/><N who="0" m="27951" /><D96/><N who="1" m="59415" /><E95/><V10/><F12/><W69/><G69/><T2/><D2/><U128/><E128/><V112/><F112/><N who="0" m="28674" /><T71/><DORA hai="129" /><D71/><U134/><E134/><V47/><F97/><N who="3" m="57479" /><G90/><T98/><D98/><U9/><E9/><V117/><F117/><W8/><G8/><T74/><D74/><U75/><E75/><V135/><F135/><W52/><G65/><T82/><D30/><AGARI ba="1,0" hai="10,11,21,25,30,47,51,53,76,81,84,86,91,93" machi="30" ten="30,2900,0" yaku="7,1,8,1" doraHai="122,129" who="2" fromWho="0" sc="0,-32,292,0,362,32,346,0" owari="-32,-53.2,292,-10.8,394,49.4,346,14.6" /></mjloggm>