<mjloggm ver="2.3"><GO type="169" lobby="0"/><UN n0="%E5%A4%A9%E6%89%8D%E9%BA%BB%E5%B0%86%E6%99%BA%E4%B9%83" n1="%6D%69%6E%65%72%61%6C%32" n2="%E9%BA%BB%E9%9B%80%49%51%31%32%30" n3="%E6%9C%88%E5%A4%9C%E3%81%AB%E9%A2%A8" dan="16,18,16,16" rate="2183.76,2297.45,2088.34,2090.62" sx="M,M,M,M"/><TAIKYOKU oya="0"/><INIT seed="0,0,0,3,4,48" ten="250,250,250,250" oya="0" hai0="20,104,107,46,45,78,50,123,29,30,86,102,100" hai1="92,3,108,61,91,35,25,77,121,66,132,19,18" hai2="135,67,120,134,44,98,26,49,105,126,85,43,76" hai3="11,72,2,94,40,23,75,1,103,82,14,122,5"/><T41/><D123/><U56/><E108/><V10/><F120/><W115/><G115/><T31/><D20/><U114/><E121/><V128/><F67/><W93/><G122/><T116/><D116/><U96/><E132/><V64/><F64/><W21/><G103/><T13/><D13/><U99/><E114/><V69/><F69/><W58/><G40/><T87/><D78/><U7/><E77/><V17/><F105/><W111/><G111/><T27/><D27/><U113/><E113/><V124/><F98/><W59/><G14/><T62/><D62/><U79/><E79/><V28/><F17/><W130/><G11/><T129/><D129/><U90/><E7/><V24/><F10/><W51/><G51/><T6/><D6/><U36/><E36/><V89/><F76/><W125/><G5/><T65/><D65/><BYE who="0" /><U38/><E38/><V74/><F74/><UN n0="%E5%A4%A9%E6%89%8D%E9%BA%BB%E5%B0%86%E6%99%BA%E4%B9%83" /><W109/><G109/><T73/><D73/><U32/><E3/><V133/><F128/><W52/><G82/><T37/><D104/><U16/><REACH who="1" step="1"/><E25/><REACH who="1" ten="250,240,250,250" step="2"/><V33/><F24/><W95/><G130/><T9/><D37/><U47/><E47/><V53/><REACH who="2" step="1"/><F43/><REACH who="2" ten="250,240,240,250" step="2"/><W118/><G75/><T12/><D41/><U39/><E39/><V131/><F131/><W88/><G72/><T70/><D70/><U80/><E80/><AGARI ba="0,2" hai="26,28,33,44,49,53,80,85,89,124,126,133,134,135" machi="80" ten="40,5200,0" yaku="1,1,20,1,52,1,53,0" doraHai="48" doraHaiUra="106" who="2" fromWho="1" sc="250,0,240,-52,240,72,250,0" /><INIT seed="1,0,0,5,0,20" ten="250,188,312,250" oya="1" hai0="102,96,2,24,67,35,125,108,77,91,66,44,48" hai1="23,33,5,46,73,113,61,122,130,43,25,123,19" hai2="109,29,116,1,135,98,55,34,79,88,93,110,59" hai3="8,72,3,16,7,12,42,120,41,134,6,100,105"/><U14/><E113/><V132/><F1/><W28/><G120/><T36/><D2/><U18/><E73/><V52/><F116/><W74/><G134/><N who="2" m="51241" /><F79/><W50/><G7/><T38/><D77/><U51/><E130/><V128/><F128/><W124/><G124/><T70/><D108/><U56/><E5/><V133/><F55/><W103/><G28/><T119/><D119/><U32/><E32/><V85/><F85/><W10/><G42/><T118/><D91/><U62/><E62/><N who="2" m="36199" /><F133/><W84/><G84/><T78/><D78/><U115/><E115/><V92/><F92/><W54/><G41/><T76/><D76/><U64/><REACH who="1" step="1"/><E33/><REACH who="1" ten="250,178,312,250" step="2"/><V9/><F110/><W60/><G74/><T131/><D131/><U13/><E13/><V65/><F109/><W31/><G72/><T47/><D35/><U114/><E114/><V71/><F34/><W68/><G12/><T89/><D118/><U21/><AGARI ba="0,1" hai="14,18,19,21,23,25,43,46,51,56,61,64,122,123" machi="21" ten="20,7800,0" yaku="1,1,0,1,7,1,52,1,53,0" doraHai="20" doraHaiUra="83" who="1" fromWho="1" sc="250,-26,178,88,312,-26,250,-26" /><INIT seed="1,1,0,3,3,58" ten="224,266,286,224" oya="1" hai0="39,61,87,77,42,38,54,134,17,114,88,89,112" hai1="56,95,7,69,85,73,24,19,103,123,86,67,84" hai2="62,90,14,125,94,81,65,124,49,130,70,110,46" hai3="127,26,22,43,50,108,0,72,126,131,132,93,118"/><U64/><E123/><V1/><F1/><W52/><G108/><T82/><D134/><U45/><E73/><V71/><F110/><W20/><G132/><T128/><D128/><U11/><E69/><V18/><F130/><W78/><G131/><T3/><D3/><U83/><E45/><V104/><F104/><W28/><G0/><T37/><D42/><U100/><E83/><V55/><F71/><W116/><G43/><T41/><D41/><U35/><E35/><V111/><F111/><W36/><G36/><T133/><D133/><U97/><E103/><V53/><F53/><W10/><G10/><T33/><D33/><U40/><E40/><V75/><F75/><W129/><G129/><T102/><D102/><U105/><E105/><V76/><F76/><W8/><G8/><T15/><D114/><U44/><E44/><V48/><F48/><W29/><G93/><T59/><REACH who="0" step="1"/><D112/><REACH who="0" ten="214,266,286,224" step="2"/><U91/><E100/><V135/><F135/><W21/><G118/><T30/><D30/><U101/><E101/><V12/><F125/><N who="3" m="47627" /><G116/><T122/><D122/><U23/><REACH who="1" step="1"/><E56/><REACH who="1" ten="214,256,286,224" step="2"/><V13/><F124/><W99/><G29/><T34/><D34/><U106/><E106/><V119/><F119/><W117/><G28/><T115/><D115/><U66/><E66/><V68/><F68/><W79/><G117/><T2/><D2/><AGARI ba="1,2" hai="2,7,11,19,23,24,64,67,84,85,86,91,95,97" machi="2" ten="40,2000,0" yaku="1,1,53,0" doraHai="58" doraHaiUra="113" who="1" fromWho="0" sc="214,-23,256,43,286,0,224,0" /><INIT seed="1,2,0,0,0,83" ten="191,299,286,224" oya="1" hai0="95,108,55,29,120,75,15,26,60,104,40,132,122" hai1="96,107,119,100,35,18,10,93,79,94,20,91,5" hai2="133,125,52,12,13,0,99,134,59,34,23,124,51" hai3="112,64,8,58,6,102,77,126,67,14,80,84,4"/><U53/><E119/><V121/><F34/><W54/><G112/><T88/><D104/><U101/><E35/><V74/><F121/><W11/><G102/><T22/><D108/><U33/><E33/><V98/><F0/><W19/><G126/><N who="2" m="48745" /><F74/><W127/><G127/><T135/><D75/><U71/><E79/><V42/><F42/><W106/><G106/><T24/><D40/><U39/><E39/><V117/><F117/><W113/><G113/><T45/><D15/><N who="2" m="5706" /><F23/><W72/><G72/><T49/><D60/><U43/><E43/><V31/><F31/><W131/><G131/><T44/><D44/><U89/><E71/><V118/><F118/><W82/><G82/><T103/><D103/><U81/><E20/><V69/><F69/><W32/><G32/><T3/><D3/><U48/><E18/><V128/><F128/><W115/><G115/><T73/><D26/><U85/><E107/><V68/><F68/><W86/><G11/><T38/><D38/><U36/><E36/><V47/><F47/><W27/><G27/><T37/><D37/><U62/><E10/><V16/><F16/><W129/><G129/><T61/><D73/><U57/><E5/><N who="3" m="2154" /><G80/><T25/><D25/><U130/><E130/><V63/><F63/><N who="3" m="36311" /><G77/><T76/><D76/><N who="1" m="46247" /><E62/><V1/><F1/><W28/><G28/><T66/><D61/><U78/><E78/><V90/><F90/><W56/><G56/><T70/><D70/><U114/><E114/><V92/><F92/><W105/><G105/><T109/><D120/><U41/><E41/><V65/><F65/><AGARI ba="2,0" hai="8,14,19,64,65,67,84,86" m="36311,2154" machi="65" ten="30,3900,0" yaku="8,1,52,2" doraHai="83" who="3" fromWho="2" sc="191,0,299,0,286,-45,224,45" /><INIT seed="2,0,0,5,5,25" ten="191,299,241,269" oya="2" hai0="77,36,124,19,9,118,132,78,3,22,12,59,93" hai1="76,135,131,114,35,103,53,119,75,81,49,27,101" hai2="39,51,107,120,100,82,55,128,113,71,20,57,74" hai3="60,133,63,121,23,37,44,130,48,17,11,125,68"/><V79/><F113/><W14/><G121/><T73/><D132/><U88/><E119/><V80/><F120/><W40/><G133/><T94/><D124/><U32/><E114/><V87/><F128/><W86/><G125/><T0/><D36/><U54/><E135/><V16/><F39/><W62/><G130/><T127/><D127/><U15/><E131/><V58/><F71/><W111/><G111/><T69/><D69/><U30/><E35/><V89/><F107/><W67/><G37/><T13/><D118/><U45/><E15/><V129/><F129/><W50/><G50/><T5/><D3/><U61/><E61/><V84/><F100/><W2/><REACH who="3" step="1"/><G86/><REACH who="3" ten="191,299,241,259" step="2"/><T66/><D73/><U21/><E32/><V43/><F74/><W126/><G126/><T6/><D5/><AGARI ba="0,1" hai="2,5,11,14,17,23,40,44,48,60,62,63,67,68" machi="5" ten="40,2600,0" yaku="1,1,53,1" doraHai="25" doraHaiUra="18" who="3" fromWho="0" sc="191,-26,299,0,241,0,259,36" /><INIT seed="3,0,0,2,1,15" ten="165,299,241,295" oya="3" hai0="57,2,110,101,32,21,24,54,69,104,59,73,93" hai1="6,23,67,11,5,65,90,31,53,82,74,77,86" hai2="97,120,28,44,115,103,50,46,17,99,45,48,130" hai3="58,16,60,117,12,100,107,83,62,78,39,66,1"/><W55/><G117/><T56/><D69/><U52/><E5/><V119/><F115/><W30/><G1/><T41/><D32/><U105/><E105/><V9/><F130/><W10/><G39/><T75/><D104/><U79/><E31/><V87/><F120/><W61/><G30/><T88/><D101/><U64/><E23/><V114/><F114/><W122/><G122/><T123/><D123/><U113/><E113/><V35/><F119/><W95/><G107/><T131/><D131/><U81/><REACH who="1" step="1"/><E79/><REACH who="1" ten="165,289,241,295" step="2"/><V33/><F28/><W38/><G66/><T132/><D21/><U102/><E102/><V4/><F103/><W116/><G116/><T63/><D2/><AGARI ba="0,1" hai="2,6,11,52,53,64,65,67,74,77,81,82,86,90" machi="2" ten="40,5200,0" yaku="1,1,54,1,53,1" doraHai="15" doraHaiUra="84" who="1" fromWho="0" sc="165,-52,289,62,241,0,295,0" /><INIT seed="4,0,0,1,0,128" ten="113,351,241,295" oya="0" hai0="42,64,85,113,75,110,106,43,131,52,10,31,72" hai1="38,30,122,127,119,24,135,47,129,7,103,70,102" hai2="81,63,59,130,19,69,4,54,73,29,6,44,37" hai3="93,98,17,27,18,133,90,8,3,35,57,88,65"/><T15/><D106/><U126/><E70/><V66/><F130/><W132/><G35/><T84/><D131/><U51/><E129/><V9/><F29/><W25/><G90/><T120/><D120/><U115/><E122/><V21/><F73/><W46/><G46/><T28/><D113/><U62/><E119/><V125/><F81/><W86/><G86/><N who="0" m="33387" /><D64/><U56/><E38/><V14/><F125/><N who="1" m="47625" /><E7/><V50/><REACH who="2" step="1"/><F9/><REACH who="2" ten="113,351,231,295" step="2"/><W41/><G8/><T107/><D75/><U22/><E115/><V134/><F134/><N who="3" m="51819" /><G3/><T77/><D72/><U95/><E135/><V74/><F74/><W61/><G41/><AGARI ba="0,1" hai="4,6,14,19,21,37,41,44,50,54,59,63,66,69" machi="41" ten="40,5200,0" yaku="1,1,24,2,53,0" doraHai="128" doraHaiUra="96" who="2" fromWho="3" sc="113,0,351,0,231,62,295,-52" /><INIT seed="5,0,0,2,3,53" ten="113,351,293,243" oya="1" hai0="89,59,116,49,57,29,135,17,20,125,25,28,122" hai1="19,34,50,90,45,94,1,96,46,39,55,8,75" hai2="65,74,92,11,44,126,9,68,124,119,47,3,42" hai3="111,22,127,64,71,107,23,95,106,30,5,110,73"/><U31/><E75/><V16/><F119/><W24/><G73/><T48/><D116/><U66/><E66/><V102/><F74/><W86/><G127/><T133/><D125/><U134/><E134/><N who="0" m="51209" /><D122/><U83/><E83/><V82/><F82/><W112/><G112/><T118/><D118/><U104/><E104/><V70/><F65/><W61/><G5/><T128/><D128/><U100/><E34/><V113/><F102/><W41/><G41/><T56/><D89/><U80/><E31/><AGARI ba="0,0" hai="17,20,25,28,29,31,48,49,56,57,59" m="51209" machi="31" ten="30,7700,0" yaku="20,1,52,3" doraHai="53" who="0" fromWho="1" sc="113,77,351,-77,293,0,243,0" /><INIT seed="6,0,0,3,2,52" ten="190,274,293,243" oya="2" hai0="115,102,116,97,2,38,67,27,30,66,135,39,81" hai1="127,87,25,36,42,31,62,78,88,65,125,114,5" hai2="9,1,100,47,106,55,23,79,133,22,59,82,56" hai3="68,43,48,32,14,124,41,3,118,74,70,101,6"/><V122/><F122/><W86/><G74/><T24/><D2/><U128/><E5/><V121/><F121/><W95/><G124/><N who="1" m="47690" /><E78/><V107/><F100/><W126/><G3/><T29/><D115/><U130/><E42/><V129/><F22/><W20/><G32/><T76/><D135/><U33/><E36/><V83/><F23/><W117/><G126/><T119/><D76/><U64/><E114/><V123/><F83/><W54/><G70/><T91/><D102/><U18/><E18/><V10/><F133/><W40/><G68/><T103/><D103/><U71/><E64/><V16/><F9/><W37/><G37/><T110/><D81/><AGARI ba="0,0" hai="25,31,33,62,65,71,81,87,88,128,130" m="47690" machi="81" ten="30,2000,0" yaku="18,1,54,1" doraHai="52" who="1" fromWho="0" sc="190,-20,274,20,293,0,243,0" /><INIT seed="7,0,0,4,1,24" ten="170,294,293,243" oya="3" hai0="38,127,107,36,41,87,73,53,108,49,32,102,48" hai1="85,99,77,116,29,106,121,40,67,114,25,76,34" hai2="6,11,26,122,65,131,20,109,117,54,119,1,19" hai3="21,120,42,31,51,112,5,58,47,78,15,43,93"/><W63/><G120/><T95/><D73/><U59/><E121/><V22/><F122/><W45/><G112/><T126/><D108/><U100/><BYE who="3" /><E114/><UN n3="%E6%9C%88%E5%A4%9C%E3%81%AB%E9%A2%A8" /><V28/><F109/><W98/><G78/><T89/><D32/><U129/><E129/><V104/><F104/><W74/><G74/><T113/><D113/><U105/><E116/><V50/><F65/><W133/><G133/><T90/><D41/><U82/><E40/><V66/><F66/><W35/><G35/><T70/><D70/><U118/><E118/><V111/><F131/><W68/><G68/><T37/><D107/><U55/><E67/><V8/><F8/><W115/><G115/><T62/><D102/><U103/><E103/><V84/><F84/><W2/><G2/><T0/><D0/><U86/><E106/><V23/><F23/><W17/><G5/><T4/><D4/><U132/><E132/><V12/><F111/><W44/><G31/><T69/><D69/><U80/><E59/><AGARI ba="0,0" hai="1,6,11,12,19,20,22,26,28,50,54,59,117,119" machi="59" ten="30,2000,0" yaku="7,1,52,1" doraHai="24" who="2" fromWho="1" sc="170,0,294,-20,293,20,243,0" owari="170,-33.0,274,7.4,313,41.3,243,-15.7" /></mjloggm>