<mjloggm ver="2.3"><GO type="169" lobby="0"/><UN n0="%E3%81%8B%E3%81%AA%E3%81%8D%E3%83%BC" n1="%E3%83%95%E3%82%AF%E3%83%AD%E3%82%A6%E3%82%B5%E3%83%B3" n2="%44%61%6C%69" n3="%64%69%76%61" dan="17,17,17,16" rate="2212.86,2201.92,2191.49,2045.41" sx="F,M,M,M"/><TAIKYOKU oya="0"/><INIT seed="0,0,0,1,1,71" ten="250,250,250,250" oya="0" hai0="30,2,59,75,85,128,45,101,35,19,104,43,82" hai1="78,111,22,57,40,74,7,126,123,109,33,118,6" hai2="3,12,77,31,42,68,10,134,76,112,52,44,102" hai3="121,20,95,107,58,4,99,1,90,60,130,91,27"/><T49/><D128/><U66/><E33/><V28/><F68/><W36/><G130/><T96/><D2/><U37/><E22/><V115/><F3/><W129/><G129/><T18/><D75/><U24/><E24/><V41/><F134/><W125/><G125/><T53/><D30/><N who="2" m="11306" /><F112/><W117/><G117/><T15/><D15/><U54/><E78/><N who="2" m="30315" /><F102/><W81/><G1/><T92/><D104/><U46/><E74/><V131/><F115/><W55/><G4/><T64/><D64/><U11/><E6/><N who="2" m="3159" /><F131/><W38/><G121/><T79/><REACH who="0" step="1"/><D35/><REACH who="0" ten="240,250,250,250" step="2"/><U80/><E66/><V72/><F72/><W103/><G107/><T16/><D16/><U0/><E0/><V122/><F122/><W21/><G27/><T48/><AGARI ba="0,1" hai="18,19,43,45,48,49,53,59,79,82,85,92,96,101" machi="48" ten="20,7800,0" yaku="1,1,0,1,7,1,8,1,53,0" doraHai="71" doraHaiUra="69" who="0" fromWho="0" sc="240,88,250,-26,250,-26,250,-26" /><INIT seed="0,1,0,1,2,128" ten="328,224,224,224" oya="0" hai0="71,15,101,125,72,135,62,132,32,4,77,123,131" hai1="64,16,119,105,56,129,12,51,92,130,81,74,35" hai2="108,29,106,52,8,120,9,86,5,57,133,97,102" hai3="65,13,7,50,23,10,78,42,111,27,104,45,85"/><T53/><D123/><U46/><E105/><V48/><F120/><W115/><G111/><T88/><D32/><U83/><E35/><V107/><F108/><W2/><G115/><T33/><D33/><U14/><E119/><V49/><F107/><W70/><G2/><T22/><D101/><U61/><E92/><V67/><F133/><N who="0" m="51274" /><D131/><N who="1" m="50187" /><E74/><V39/><F39/><W25/><G104/><T90/><D125/><U37/><E37/><V118/><F118/><W36/><G36/><T79/><D22/><N who="1" m="11527" /><E14/><V60/><F29/><W99/><G99/><T84/><D72/><U126/><E126/><V58/><F86/><W69/><G25/><T116/><D116/><U41/><AGARI ba="1,0" hai="41,46,51,56,61,64,81,83" m="11527,50187" machi="41" ten="30,2000,0" yaku="19,1,54,1" doraHai="128" who="1" fromWho="1" sc="328,-11,224,23,224,-6,224,-6" /><INIT seed="1,0,0,5,0,7" ten="317,247,218,218" oya="1" hai0="84,119,38,67,15,81,132,87,80,91,21,49,37" hai1="112,97,9,58,25,61,34,29,13,116,88,110,45" hai2="79,93,128,12,17,134,14,70,96,107,54,2,127" hai3="90,98,117,4,48,69,100,86,32,1,3,111,57"/><U18/><E112/><V109/><F2/><W99/><G32/><T52/><D119/><U47/><E116/><V113/><F113/><W122/><G122/><T27/><D132/><U39/><E39/><V76/><F134/><W23/><G117/><T8/><D67/><U51/><E110/><V114/><F114/><W85/><G69/><T106/><D106/><U43/><E47/><V121/><F121/><W118/><G118/><T104/><D104/><U124/><E124/><V92/><F107/><W135/><G135/><T30/><D87/><U65/><E97/><V73/><F70/><W126/><G126/><T71/><D81/><U130/><E130/><V94/><F127/><W53/><G111/><T31/><D31/><U64/><REACH who="1" step="1"/><E88/><REACH who="1" ten="317,237,218,218" step="2"/><V35/><F109/><W123/><G99/><T108/><D108/><U60/><E60/><V40/><F128/><W44/><G123/><T105/><D37/><U75/><E75/><V129/><F73/><W28/><G98/><T95/><D38/><U133/><E133/><V6/><F129/><W19/><G90/><T101/><D80/><U72/><E72/><V131/><F131/><W33/><G44/><T22/><D84/><U125/><E125/><V42/><F96/><W82/><G82/><T20/><D91/><U66/><AGARI ba="0,1" hai="9,13,18,25,29,34,43,45,51,58,61,64,65,66" machi="66" ten="20,12000,1" yaku="1,1,0,1,7,1,52,1,53,1" doraHai="7" doraHaiUra="24" who="1" fromWho="1" sc="317,-40,237,130,218,-40,218,-40" /><INIT seed="1,1,0,2,1,105" ten="277,367,178,178" oya="1" hai0="73,74,65,32,98,128,108,28,29,21,62,133,64" hai1="116,110,122,69,44,0,37,57,20,68,58,127,54" hai2="82,79,6,97,60,91,75,87,61,19,130,59,104" hai3="39,55,8,9,14,40,117,35,66,76,18,27,112"/><U90/><E0/><V119/><F119/><W118/><G112/><T71/><D108/><U3/><E3/><V96/><F130/><W24/><G76/><T23/><D128/><U42/><E20/><V124/><F124/><W46/><G66/><T17/><D133/><U115/><E90/><V132/><F132/><W135/><G135/><T93/><D64/><U85/><E85/><V99/><F6/><W38/><G38/><T25/><D23/><U121/><E115/><V31/><F31/><W2/><G35/><T50/><D50/><N who="1" m="30935" /><E116/><N who="3" m="44650" /><G55/><T113/><D113/><U43/><E127/><V80/><F19/><W11/><G2/><T134/><D134/><U51/><E110/><V101/><REACH who="2" step="1"/><F61/><REACH who="2" ten="277,367,168,178" step="2"/><W77/><G8/><T49/><D29/><U86/><E121/><V126/><F126/><W15/><G77/><T100/><REACH who="0" step="1"/><D49/><REACH who="0" ten="267,367,168,178" step="2"/><U1/><E51/><V114/><F114/><W34/><G34/><T89/><D89/><U45/><E37/><V36/><F36/><W72/><G39/><T94/><D94/><U16/><E122/><V102/><F102/><W120/><G120/><T13/><AGARI ba="1,2" hai="13,17,21,25,28,32,62,65,71,73,74,93,98,100" machi="13" ten="20,8000,1" yaku="1,1,0,1,7,1,52,2,53,0" doraHai="105" doraHaiUra="84" who="0" fromWho="0" sc="267,103,367,-41,168,-21,178,-21" /><INIT seed="2,0,0,2,4,7" ten="370,326,147,157" oya="2" hai0="99,56,17,28,106,97,118,4,16,120,14,62,11" hai1="91,29,20,31,76,59,58,6,12,25,113,108,45" hai2="15,88,101,124,71,105,128,32,68,9,115,73,103" hai3="24,40,69,22,36,50,80,78,81,79,130,35,90"/><V18/><F115/><W70/><G130/><T2/><D120/><U111/><E76/><V86/><F128/><W95/><G35/><T8/><D118/><U0/><E113/><V61/><F124/><W55/><G36/><T131/><D131/><U19/><E45/><V84/><F73/><W21/><G40/><T122/><D122/><U100/><E100/><V133/><F133/><W89/><G50/><T102/><D28/><U119/><E91/><V38/><F38/><W13/><G13/><T129/><D129/><U60/><E119/><V121/><F121/><W57/><G57/><T96/><D17/><U85/><E85/><V92/><F32/><W43/><G43/><T34/><D34/><N who="1" m="20783" /><E31/><V10/><F105/><W114/><G114/><T51/><D51/><U42/><E42/><V123/><F123/><W74/><G24/><T134/><D134/><U46/><E46/><V66/><F71/><W41/><G41/><T67/><AGARI ba="0,0" hai="2,4,8,11,14,16,56,62,67,96,97,99,102,106" machi="67" ten="20,8000,1" yaku="0,1,7,1,52,2,54,1" doraHai="7" who="0" fromWho="0" sc="370,80,326,-20,147,-40,157,-20" /><INIT seed="3,0,0,3,4,107" ten="450,306,107,137" oya="3" hai0="106,63,28,52,104,75,69,60,3,1,58,62,29" hai1="70,126,121,6,40,51,113,99,12,132,117,15,77" hai2="65,127,130,81,30,33,14,86,123,32,59,76,56" hai3="22,45,57,2,11,25,134,108,105,47,67,74,82"/><W129/><G129/><T26/><D75/><U4/><E70/><V85/><F130/><W10/><G105/><T68/><D106/><U98/><E77/><V110/><F127/><W119/><G119/><T133/><D104/><U38/><E51/><V35/><F123/><W72/><G2/><T78/><D78/><U49/><E49/><V90/><F110/><W0/><G0/><T27/><D133/><U53/><E53/><V34/><N who="2" m="8192" /><DORA hai="115" /><V84/><F30/><W18/><G108/><T46/><D46/><U89/><E89/><V21/><F65/><W111/><G111/><T44/><D44/><U71/><E71/><V55/><F59/><W118/><G118/><T95/><D95/><U23/><E40/><V9/><F21/><W48/><G134/><T16/><D16/><U8/><E38/><V36/><F36/><W73/><G82/><T128/><D128/><U20/><E132/><V116/><F116/><W112/><G112/><T50/><D69/><U88/><E88/><V39/><F39/><W66/><G47/><T122/><D68/><U101/><E117/><V13/><F90/><W17/><G17/><T41/><D41/><U114/><E126/><V61/><REACH who="2" step="1"/><F9/><REACH who="2" ten="450,306,97,137" step="2"/><W125/><G125/><T124/><D28/><U5/><E8/><V79/><F79/><W42/><REACH who="3" step="1"/><G67/><REACH who="3" ten="450,306,97,127" step="2"/><T96/><D124/><U100/><E114/><V92/><F92/><W19/><G19/><T43/><D29/><U83/><E113/><V93/><F93/><W54/><G54/><T80/><D52/><U135/><E135/><V7/><F7/><W64/><G64/><RYUUKYOKU ba="0,2" sc="450,-15,306,-15,97,15,127,15" hai2="13,14,55,56,61,76,81,84,85,86" hai3="10,11,18,22,25,42,45,48,57,66,72,73,74" /><INIT seed="3,1,2,2,0,109" ten="435,291,112,142" oya="3" hai0="76,40,51,2,92,52,24,59,97,134,74,100,77" hai1="41,127,111,49,104,29,31,60,72,10,79,46,88" hai2="48,26,105,125,110,95,115,69,58,8,23,22,106" hai3="44,12,75,19,14,71,107,9,78,37,94,34,122"/><W21/><G122/><T93/><D2/><U28/><E104/><V32/><F110/><W13/><G107/><T129/><D129/><U38/><E111/><V113/><F69/><W33/><G71/><T120/><D134/><U50/><E127/><V27/><F125/><W55/><G13/><T116/><D116/><U70/><E70/><V121/><F121/><W63/><G63/><T30/><D74/><U103/><E103/><V61/><F8/><W101/><G75/><T47/><D93/><U124/><E60/><V90/><F48/><W45/><G78/><T123/><D123/><U17/><E124/><V67/><F32/><W82/><G82/><T7/><D7/><U66/><E66/><V117/><F117/><W36/><G36/><T102/><D102/><U62/><E62/><V98/><F105/><W15/><G15/><T20/><D120/><U87/><E17/><V54/><F67/><W114/><G114/><N who="2" m="43529" /><F106/><W130/><G130/><T43/><D43/><U118/><E118/><V16/><F16/><N who="3" m="8207" /><G37/><AGARI ba="1,2" hai="20,24,30,37,40,47,51,52,59,76,77,92,97,100" machi="37" ten="30,2000,0" yaku="7,1,54,1" doraHai="109" who="0" fromWho="3" sc="435,43,291,0,112,0,142,-23" /><INIT seed="4,0,0,2,4,1" ten="478,291,112,119" oya="0" hai0="94,83,64,119,2,37,122,116,107,131,82,38,118" hai1="69,25,42,10,54,111,21,20,126,8,67,57,66" hai2="34,28,89,96,120,27,97,19,49,18,76,30,11" hai3="86,70,93,13,104,91,43,85,71,132,130,81,51"/><T129/><D2/><U99/><E111/><V114/><F120/><W59/><G130/><N who="0" m="49675" /><D122/><U9/><E126/><V55/><F114/><W56/><G104/><T72/><D107/><U44/><E99/><V90/><F76/><W63/><G132/><T39/><D64/><N who="1" m="24619" /><E69/><V84/><F30/><W0/><G0/><T22/><D72/><U100/><E100/><V101/><F11/><W110/><G110/><T68/><D68/><U50/><E25/><V61/><F61/><AGARI ba="0,0" hai="8,9,10,20,21,42,44,50,54,57,61" m="24619" machi="61" ten="30,1000,0" yaku="8,1" doraHai="1" who="1" fromWho="2" sc="478,0,291,10,112,-10,119,0" /><INIT seed="5,0,0,4,2,9" ten="478,301,102,119" oya="1" hai0="86,42,115,94,100,1,113,74,63,13,43,10,68" hai1="108,54,133,79,12,103,58,118,122,93,34,131,123" hai2="7,48,2,114,52,16,81,21,84,128,120,121,104" hai3="22,97,126,88,31,77,45,20,112,99,127,62,44"/><U50/><E118/><V92/><F104/><W41/><G77/><T51/><D1/><U69/><E69/><V33/><F114/><N who="0" m="43530" /><D74/><U4/><E34/><V109/><F33/><W29/><G112/><T132/><D132/><U76/><E133/><V14/><F109/><W18/><G62/><T27/><D27/><U82/><E108/><V24/><F128/><W101/><G101/><T116/><D51/><U110/><E110/><V107/><F107/><W125/><G45/><T0/><D0/><U37/><E37/><V83/><F2/><W15/><G99/><N who="0" m="59511" /><D86/><U70/><E70/><V28/><F120/><W65/><G22/><T23/><D23/><U106/><E106/><V66/><F66/><W55/><G65/><N who="0" m="41023" /><D116/><U11/><E131/><V30/><F121/><W19/><G55/><T35/><D35/><U47/><E79/><N who="2" m="46143" /><F83/><W134/><G134/><T117/><D117/><U32/><E32/><V46/><F92/><N who="3" m="56455" /><G19/><AGARI ba="0,0" hai="10,13,19,42,43" m="41023,59511,43530" machi="19" ten="30,2000,0" yaku="15,1,52,1" doraHai="9" who="0" fromWho="3" sc="478,20,301,0,102,0,119,-20" /><INIT seed="6,0,0,2,4,4" ten="498,301,102,99" oya="2" hai0="32,100,125,11,130,24,120,110,39,15,89,57,134" hai1="59,106,84,81,129,52,60,18,29,93,116,111,46" hai2="55,102,121,14,133,8,87,103,101,90,3,53,92" hai3="86,56,74,27,61,97,36,79,108,95,10,67,73"/><V51/><F121/><W82/><G36/><T9/><D110/><U62/><E111/><V88/><F3/><W54/><G108/><T16/><D130/><U128/><E106/><V47/><F133/><W37/><G37/><T72/><D72/><U44/><E116/><V75/><F75/><W20/><G54/><T68/><D68/><U96/><E29/><V91/><F55/><W45/><G45/><T99/><D125/><U28/><E28/><V104/><F104/><W135/><G135/><T63/><D32/><U69/><E18/><AGARI ba="0,0" hai="8,14,18,47,51,53,87,88,90,91,92,101,102,103" machi="18" ten="40,7700,0" yaku="8,1,52,1,54,1" doraHai="4" who="2" fromWho="1" sc="498,0,301,-77,102,77,99,0" /><INIT seed="6,1,0,0,4,122" ten="498,224,179,99" oya="2" hai0="44,94,31,42,114,5,103,119,54,25,51,87,99" hai1="133,58,90,34,29,110,3,124,130,113,8,125,81" hai2="112,123,72,61,82,95,73,46,126,71,117,13,86" hai3="116,59,48,97,49,64,26,6,79,101,20,75,7"/><V100/><F117/><W105/><G116/><T78/><D119/><U89/><E110/><V127/><F123/><W77/><G75/><T15/><D114/><U107/><E107/><V4/><F112/><W135/><G135/><T50/><D5/><N who="1" m="1087" /><E113/><V28/><F28/><W2/><G2/><T131/><D15/><U57/><E133/><V92/><F46/><W83/><G83/><T106/><D131/><U38/><E38/><V47/><F47/><W88/><G48/><T129/><D129/><U41/><E41/><V55/><F4/><W12/><G12/><T67/><D67/><U69/><E69/><V84/><F13/><W121/><G121/><T1/><D1/><U62/><E57/><V40/><F40/><W134/><G134/><T9/><D9/><U65/><E81/><V14/><F14/><W115/><G115/><T18/><D18/><U19/><E19/><V53/><F71/><W102/><G6/><T22/><D78/><U118/><E118/><V45/><F45/><W24/><G7/><T120/><D120/><U104/><E104/><V80/><F61/><W37/><G37/><T74/><D74/><U39/><E39/><V21/><F21/><W43/><G43/><T52/><D50/><U27/><E130/><V85/><F85/><W128/><G128/><T109/><D87/><U11/><E11/><V96/><F96/><W98/><G20/><T10/><D42/><U66/><E66/><V132/><F132/><W0/><G64/><T63/><D22/><U56/><E56/><V76/><F76/><W60/><G77/><T111/><D44/><RYUUKYOKU ba="1,0" sc="498,-15,224,15,179,15,99,-15" hai1="27,29,34,58,62,65,89,90,124,125" hai2="53,55,72,73,80,82,84,86,92,95,100,126,127" /><INIT seed="6,2,0,1,0,23" ten="483,239,194,84" oya="2" hai0="84,118,56,121,43,63,94,106,61,115,135,114,122" hai1="32,113,133,96,45,44,98,87,88,3,40,74,67" hai2="125,124,48,51,119,50,49,91,11,128,76,104,12" hai3="38,130,22,1,85,26,14,57,34,39,112,30,18"/><V127/><F119/><W27/><G130/><T4/><D106/><U102/><E74/><V20/><F104/><W55/><G112/><N who="0" m="43051" /><D118/><U46/><E32/><V70/><F128/><W37/><G1/><T13/><D135/><U73/><E73/><V24/><F70/><W17/><G85/><T86/><D43/><U99/><E3/><V89/><N who="2" m="12288" /><DORA hai="109" /><V42/><F76/><W69/><G69/><T103/><D63/><U129/><E133/><V82/><F42/><W21/><REACH who="3" step="1"/><G38/><REACH who="3" ten="483,239,194,74" step="2"/><T111/><D84/><U116/><E116/><V110/><F110/><W105/><G105/><T83/><D86/><U95/><E129/><V66/><F82/><W77/><G77/><T120/><D83/><U41/><E87/><V2/><F2/><W36/><G36/><T126/><D111/><U0/><E113/><V59/><F59/><W117/><G117/><T107/><D56/><U79/><E79/><V132/><F132/><W80/><G80/><T54/><D107/><U90/><E0/><V19/><REACH who="2" step="1"/><F66/><REACH who="2" ten="483,239,184,74" step="2"/><W53/><G53/><T92/><D54/><U25/><E67/><V64/><F64/><W52/><G52/><T97/><D120/><U15/><E40/><V16/><AGARI ba="2,2" hai="11,12,16,19,20,24,89,91,124,125,127" m="12288" machi="16" ten="50,18000,2" yaku="1,1,0,1,18,1,52,1,54,1,53,1" doraHai="23,109" doraHaiUra="33,6" who="2" fromWho="2" sc="483,-62,239,-62,184,206,74,-62" /><INIT seed="6,3,0,1,0,20" ten="421,177,390,12" oya="2" hai0="3,56,23,123,97,16,31,69,21,55,85,108,117" hai1="24,48,19,131,49,22,113,112,53,86,44,6,73" hai2="106,121,63,105,90,65,111,130,119,50,1,118,81" hai3="42,45,116,75,115,60,92,128,30,29,38,107,102"/><V96/><F1/><W78/><G116/><T14/><D123/><U109/><E109/><V122/><F50/><W89/><G128/><T79/><D108/><U114/><E73/><V8/><F111/><W82/><G115/><T76/><D69/><U127/><E131/><V54/><F130/><W4/><G4/><T37/><D37/><U17/><E127/><V88/><F54/><W59/><G107/><N who="2" m="40969" /><F8/><W34/><G102/><T104/><D104/><U99/><E99/><V43/><F43/><W36/><G34/><T134/><D97/><U33/><E33/><V52/><F52/><W51/><G36/><T103/><D103/><U132/><E132/><V41/><F41/><W77/><G77/><T0/><D134/><U40/><E6/><V18/><F18/><W84/><REACH who="3" step="1"/><G38/><REACH who="3" ten="421,177,390,2" step="2"/><T57/><D117/><U110/><E110/><V12/><F118/><W120/><G120/><T64/><D79/><U93/><E114/><V7/><F119/><W66/><AGARI ba="3,1" hai="29,30,42,45,51,59,60,66,75,78,82,84,89,92" machi="66" ten="20,2700,0" yaku="1,1,0,1,7,1,53,0" doraHai="20" doraHaiUra="13" who="3" fromWho="3" sc="421,-10,177,-10,390,-16,2,46" /><INIT seed="7,0,0,3,5,9" ten="411,167,374,48" oya="3" hai0="32,112,82,131,57,50,22,18,133,124,86,47,83" hai1="43,46,0,117,20,65,49,54,5,33,30,107,134" hai2="132,53,6,100,31,21,3,96,70,123,108,19,115" hai3="1,40,61,88,29,38,85,37,120,105,11,58,125"/><W113/><G120/><T77/><D32/><U62/><E107/><V111/><F70/><W4/><G113/><T95/><D112/><U60/><E33/><V91/><F91/><W55/><G125/><T121/><D121/><U52/><E134/><V39/><F53/><N who="1" m="20585" /><E0/><V84/><F39/><W81/><G40/><T101/><D131/><U68/><E5/><V16/><F84/><W114/><G114/><T73/><D133/><U135/><E135/><V92/><F132/><W64/><G105/><T116/><D116/><U110/><E110/><V74/><F123/><W35/><REACH who="3" step="1"/><G64/><REACH who="3" ten="411,167,374,38" step="2"/><T89/><D124/><U26/><E117/><V8/><F115/><W10/><G10/><T78/><D47/><N who="1" m="25855" /><E65/><V94/><F108/><W128/><G128/><T13/><D50/><U102/><E46/><V93/><F111/><W45/><G45/><T75/><D57/><U24/><E68/><V119/><F119/><W34/><G34/><T7/><D7/><U104/><E104/><V63/><F8/><W109/><G109/><T12/><D101/><U27/><E102/><V72/><F100/><W14/><G14/><AGARI ba="0,1" hai="12,13,14,18,22,73,75,77,78,82,83,86,89,95" machi="14" ten="30,8000,1" yaku="7,1,9,1,52,3" doraHai="9" who="0" fromWho="3" sc="411,90,167,0,374,0,38,-80" owari="501,60.1,167,-23.3,374,17.4,-42,-54.2" /></mjloggm>