<mjloggm ver="2.3"><GO type="169" lobby="0"/><UN n0="%E5%85%83%E3%82%AB%E3%83%8E%E7%B3%BB%E3%83%92%E3%83%AD%E3%82%A4%E3%83%B3" n1="%E7%A5%9E%E3%81%AE%E5%8F%B3%E5%B8%AD" n2="%7A%6F%6F%31%39%36%34" n3="%E2%91%A3%E3%82%BB%E3%83%B3%E3%83%81" dan="16,16,17,18" rate="2170.43,2158.19,2201.44,2269.57" sx="M,M,M,M"/><TAIKYOKU oya="0"/><INIT seed="0,0,0,1,3,4" ten="250,250,250,250" oya="0" hai0="16,70,91,25,124,34,74,123,116,18,107,98,86" hai1="32,129,23,79,35,112,56,76,88,47,57,104,83" hai2="9,36,5,50,49,30,59,19,29,103,60,85,106" hai3="15,75,0,39,58,8,95,82,120,66,77,114,67"/><T37/><D116/><U96/><E129/><V84/><F36/><W44/><G114/><T111/><D123/><U71/><E71/><V113/><F113/><W14/><G120/><T1/><D74/><U53/><E112/><V62/><F19/><W13/><G95/><T108/><D70/><U102/><E47/><V46/><F106/><W126/><G126/><T24/><D37/><U38/><E38/><V122/><F103/><W31/><G31/><T3/><D124/><U90/><E57/><V33/><F33/><W2/><G2/><N who="0" m="523" /><D98/><U94/><E90/><V105/><F105/><W135/><G135/><T81/><D107/><U92/><E92/><V119/><F119/><W40/><G58/><T26/><D34/><U121/><E121/><V109/><F59/><W22/><G22/><T45/><D45/><U41/><E41/><V78/><F46/><W51/><G51/><T55/><D55/><U132/><E132/><V61/><F78/><W11/><REACH who="3" step="1"/><G0/><REACH who="3" ten="250,250,250,240" step="2"/><T87/><D87/><U42/><E35/><V99/><F122/><W115/><G115/><T110/><AGARI ba="0,1" hai="16,18,24,25,26,81,86,91,108,110,111" m="523" machi="110" ten="40,7800,0" yaku="14,1,10,1,54,1" doraHai="4" who="0" fromWho="0" sc="250,88,250,-26,250,-26,240,-26" /><INIT seed="0,1,0,1,3,28" ten="338,224,224,214" oya="0" hai0="8,18,31,71,22,19,49,65,38,46,87,79,105" hai1="84,40,135,117,96,58,104,102,15,32,85,23,43" hai2="55,29,113,93,82,69,121,80,50,1,48,41,67" hai3="26,112,47,6,92,63,127,4,57,98,103,115,109"/><T129/><D105/><U101/><E117/><V83/><F121/><W56/><G109/><T36/><D129/><U12/><E135/><V0/><F113/><W125/><G47/><T35/><D71/><U68/><E68/><V81/><F69/><W77/><G77/><T52/><D65/><U59/><E23/><V62/><F93/><W73/><G73/><T74/><D74/><U128/><E96/><V17/><F17/><W89/><G57/><T13/><D31/><U124/><E104/><V44/><F29/><W10/><G6/><T7/><D35/><U90/><E90/><V45/><F62/><W2/><G26/><T75/><D75/><U34/><REACH who="1" step="1"/><E124/><REACH who="1" ten="338,214,224,214" step="2"/><N who="3" m="47690" /><G89/><T114/><D114/><U61/><E61/><V25/><F25/><W110/><G110/><T54/><D22/><U88/><E88/><V42/><F83/><W123/><G123/><T70/><D70/><U66/><E66/><AGARI ba="1,1" hai="2,4,10,56,63,66,92,98,103,112,115" m="47690" machi="66" ten="30,1000,0" yaku="18,1" doraHai="28" who="3" fromWho="1" sc="338,0,214,-13,224,0,214,23" /><INIT seed="1,0,0,0,2,7" ten="338,201,224,237" oya="1" hai0="61,81,56,26,87,65,71,29,5,98,70,9,44" hai1="42,128,47,105,103,80,58,96,107,132,2,110,67" hai2="55,22,4,34,32,100,45,15,46,91,62,41,94" hai3="43,57,54,31,125,90,11,95,127,123,74,10,99"/><U116/><E116/><V119/><F119/><W30/><G74/><T3/><D44/><U114/><E114/><V135/><F100/><W6/><G43/><T50/><D50/><U24/><E128/><V51/><F135/><W75/><G75/><T133/><D133/><U104/><E132/><V39/><F62/><W92/><G123/><T12/><D3/><U68/><E58/><V59/><F46/><W109/><G109/><T113/><D98/><U52/><E110/><V73/><F73/><W1/><G95/><T122/><D122/><U21/><E2/><V19/><REACH who="2" step="1"/><F4/><REACH who="2" ten="338,201,214,237" step="2"/><W64/><G64/><T69/><D113/><U102/><E103/><V101/><F101/><W82/><G6/><T134/><D134/><U84/><E67/><V18/><F18/><W14/><G1/><T60/><D60/><U33/><E68/><V23/><F23/><W115/><G115/><T13/><D70/><U48/><E33/><V38/><F38/><W106/><G106/><T108/><D108/><U121/><E121/><V8/><F8/><W131/><G11/><T20/><REACH who="0" step="1"/><D13/><REACH who="0" ten="328,201,214,237" step="2"/><U111/><E111/><V72/><F72/><W16/><G14/><T49/><D49/><U118/><E118/><V89/><F89/><AGARI ba="0,2" hai="5,9,12,20,26,29,56,61,65,69,71,81,87,89" machi="89" ten="30,7700,0" yaku="1,1,7,1,52,1,53,1" doraHai="7" doraHaiUra="77" who="0" fromWho="2" sc="328,97,201,0,214,-77,237,0" /><INIT seed="2,0,0,2,1,26" ten="425,201,137,237" oya="2" hai0="59,40,94,22,117,113,67,65,127,128,21,108,77" hai1="5,0,121,73,11,14,83,110,7,84,116,35,111" hai2="2,79,81,100,90,92,6,12,78,37,62,89,19" hai3="76,45,88,69,4,107,42,71,32,102,1,30,96"/><V103/><F37/><N who="3" m="21711" /><G88/><N who="2" m="33897" /><F2/><W3/><G76/><N who="2" m="29225" /><F6/><W58/><G58/><T74/><D113/><U131/><E73/><V105/><F105/><W86/><G86/><T50/><D128/><U61/><E84/><V41/><F41/><W95/><G95/><T70/><D127/><U123/><E83/><V87/><F92/><W82/><G82/><T104/><D117/><U55/><E35/><V91/><F62/><W51/><G51/><T43/><D70/><N who="3" m="26633" /><G4/><T99/><D50/><U48/><E61/><V17/><F17/><W15/><G15/><T39/><D43/><U54/><E48/><V56/><F56/><W129/><G129/><T27/><D40/><U60/><E60/><V29/><F29/><W101/><G101/><T75/><D94/><U28/><E28/><V20/><AGARI ba="0,0" hai="12,19,20,81,87,91,100,103" m="29225,33897" machi="20" ten="30,3000,0" yaku="8,1,54,1" doraHai="26" who="2" fromWho="2" sc="425,-10,201,-10,137,30,237,-10" /><INIT seed="2,1,0,4,2,13" ten="415,191,167,227" oya="2" hai0="22,59,64,41,112,131,73,6,83,129,124,26,2" hai1="27,94,7,100,88,1,37,44,133,135,19,110,10" hai2="74,130,89,38,14,134,81,4,127,92,98,123,8" hai3="76,56,9,115,106,33,77,102,120,48,93,96,87"/><V80/><F123/><W62/><G120/><T20/><D112/><U128/><E100/><V63/><F38/><W21/><G33/><T82/><D124/><U71/><E71/><V99/><F127/><W103/><G115/><T95/><D41/><U72/><E72/><V113/><F113/><W11/><G103/><T86/><D2/><U75/><E75/><V30/><F130/><W12/><G106/><T31/><D6/><U15/><E128/><V118/><F118/><W109/><G48/><T28/><D73/><U32/><E110/><V90/><F134/><N who="1" m="51209" /><E27/><V40/><F74/><W50/><G50/><T0/><D0/><U69/><E69/><V122/><F122/><W5/><G109/><T53/><D64/><U101/><E101/><V3/><F40/><W52/><G87/><T23/><D95/><U29/><E29/><V57/><F30/><W25/><REACH who="3" step="1"/><G11/><REACH who="3" ten="415,191,167,217" step="2"/><T36/><D86/><N who="1" m="52503" /><E32/><V116/><F116/><W105/><G105/><T84/><D84/><U97/><E97/><V49/><F99/><W111/><G111/><T35/><D131/><U126/><E126/><V104/><F104/><W91/><G91/><T45/><D129/><U58/><E37/><V18/><F90/><W119/><G119/><T132/><D132/><U54/><E44/><V117/><F117/><W17/><AGARI ba="1,1" hai="5,9,12,17,21,25,52,56,62,76,77,93,96,102" machi="17" ten="20,12000,2" yaku="1,1,0,1,7,1,8,1,52,1,54,1,53,0" doraHai="13" doraHaiUra="70" who="3" fromWho="3" sc="415,-31,191,-31,167,-61,217,133" /><INIT seed="3,0,0,4,0,41" ten="384,160,106,350" oya="3" hai0="105,80,15,16,109,120,35,132,13,110,90,106,118" hai1="135,63,0,2,48,115,129,24,70,60,85,32,81" hai2="116,42,5,119,77,61,34,44,100,28,55,7,122" hai3="96,14,103,76,99,84,69,91,31,108,82,30,62"/><W67/><G108/><N who="0" m="41579" /><D118/><U66/><E115/><V8/><F122/><W126/><G126/><T123/><D132/><U125/><E135/><V6/><F100/><W4/><G99/><T3/><D3/><U114/><E114/><V57/><F77/><W56/><G69/><T33/><D80/><U50/><E129/><V43/><F43/><W88/><G4/><T89/><D89/><U20/><E32/><N who="0" m="12361" /><D90/><U68/><E125/><V111/><F8/><W21/><G31/><T121/><D16/><U134/><E134/><V23/><F34/><W97/><G97/><T59/><D59/><U130/><E130/><V95/><F111/><W73/><G73/><T19/><D19/><U37/><E2/><V1/><F1/><W46/><G14/><AGARI ba="0,0" hai="13,14,15,105,106,120,121,123" m="12361,41579" machi="14" ten="40,5200,0" yaku="28,2,14,1" doraHai="41" who="0" fromWho="3" sc="384,52,160,0,106,0,350,-52" /><INIT seed="4,0,0,1,5,13" ten="436,160,106,298" oya="0" hai0="49,104,100,121,37,124,60,27,92,106,58,48,8" hai1="133,11,85,135,22,130,83,105,23,82,38,61,129" hai2="26,41,99,134,42,132,80,55,107,0,39,101,54" hai3="108,30,81,123,115,6,111,16,15,20,119,102,35"/><T127/><D37/><U32/><E38/><V77/><F0/><W86/><G119/><T18/><D121/><U46/><E46/><V65/><F65/><W112/><G102/><T33/><D92/><U51/><E51/><V79/><F26/><N who="3" m="18903" /><G123/><T88/><D88/><N who="1" m="51255" /><E32/><V17/><F39/><W70/><G70/><T24/><D33/><U25/><E105/><V71/><F71/><W66/><G66/><T21/><D8/><U2/><E61/><V62/><F62/><W131/><G131/><N who="1" m="50186" /><E83/><V45/><F80/><W12/><G81/><T96/><D104/><U53/><E53/><V9/><F55/><W118/><G118/><T75/><D75/><U50/><E50/><N who="2" m="29007" /><F42/><W120/><G120/><T31/><D48/><U10/><E23/><V4/><F41/><W110/><G86/><T89/><D49/><U7/><E10/><AGARI ba="0,0" hai="6,10,12,15,16,20,108,110,111,112,115" m="18903" machi="10" ten="40,8000,1" yaku="34,2,52,1,54,1" doraHai="13" who="3" fromWho="1" sc="436,0,160,-80,106,0,298,80" /><INIT seed="5,0,0,4,4,104" ten="436,80,106,378" oya="1" hai0="110,40,74,36,0,25,33,126,48,24,63,44,42" hai1="46,111,108,49,68,76,117,64,95,129,4,14,97" hai2="127,8,83,128,62,1,82,116,22,11,2,56,43" hai3="93,101,88,5,125,81,61,45,91,99,133,118,50"/><U86/><E117/><V79/><F116/><W102/><G118/><T29/><D110/><N who="1" m="42027" /><E129/><V71/><F71/><W34/><G34/><T13/><D0/><U107/><E107/><V100/><F100/><W66/><G125/><T65/><D74/><U106/><E106/><V51/><F128/><W131/><G131/><T32/><D126/><U75/><E86/><V53/><F127/><W114/><G114/><T3/><D3/><U96/><E64/><V105/><F105/><W90/><G133/><T123/><D123/><U52/><E68/><V10/><F22/><W35/><G35/><T122/><D122/><U26/><E26/><V30/><F30/><W17/><G5/><T130/><D130/><U78/><E97/><V47/><REACH who="2" step="1"/><F83/><REACH who="2" ten="436,80,96,378" step="2"/><W89/><G81/><T72/><D29/><U31/><E31/><V60/><F60/><W119/><G119/><T37/><D63/><U67/><E67/><V98/><F98/><W18/><G61/><T73/><D65/><U120/><E120/><V121/><F121/><W55/><G66/><T115/><D115/><U85/><E85/><AGARI ba="0,1" hai="1,2,8,10,11,43,47,51,53,56,62,79,82,85" machi="85" ten="40,8000,1" yaku="1,1,53,3" doraHai="104" doraHaiUra="7" who="2" fromWho="1" sc="436,0,80,-80,96,90,378,0" /><INIT seed="6,0,0,1,5,114" ten="436,0,186,378" oya="2" hai0="116,104,112,44,26,49,46,99,110,100,57,69,47" hai1="111,55,97,134,124,60,135,108,113,122,12,81,59" hai2="103,58,53,5,36,43,129,68,54,95,105,3,64" hai3="37,121,20,77,90,79,123,72,87,23,17,30,27"/><V50/><F105/><W9/><G37/><T25/><D110/><N who="1" m="42027" /><E97/><V16/><F3/><W91/><G72/><T83/><D69/><U126/><E81/><V119/><F5/><W128/><G128/><T11/><D112/><U8/><E12/><V102/><F129/><W101/><G101/><T120/><D120/><U51/><E8/><V117/><F54/><W2/><G91/><T130/><D130/><U75/><E75/><V76/><F76/><W133/><G133/><N who="1" m="50698" /><E113/><V13/><F102/><W70/><G70/><T18/><D83/><U82/><E82/><V21/><F95/><W41/><G79/><T38/><D38/><U62/><E122/><V29/><F29/><W96/><G96/><T74/><D74/><U106/><E106/><V88/><F88/><W66/><G77/><T92/><D104/><U65/><E65/><V98/><F98/><W127/><G66/><T14/><D99/><U94/><E94/><V131/><F103/><W63/><G87/><T28/><D92/><U15/><E15/><V85/><F85/><W22/><G90/><T19/><D14/><U4/><E4/><V1/><F1/><W107/><G107/><T56/><D11/><U73/><E73/><V31/><F31/><W84/><G30/><T39/><D28/><U125/><AGARI ba="0,0" hai="51,55,59,60,62,124,125,126" m="50698,42027" machi="125" ten="40,8000,1" yaku="18,1,20,1,34,2" doraHai="114" who="1" fromWho="1" sc="436,-20,0,80,186,-40,378,-20" /><INIT seed="7,0,0,1,1,92" ten="416,80,146,358" oya="3" hai0="39,93,23,46,42,125,25,113,105,96,119,87,84" hai1="0,65,61,38,134,17,15,131,60,35,130,108,72" hai2="97,5,116,32,135,49,21,52,133,43,102,109,107" hai3="9,91,2,40,77,98,22,110,55,48,121,115,30"/><W67/><G121/><T112/><D105/><U88/><E108/><V126/><F109/><W117/><G110/><T51/><D119/><U41/><E0/><V90/><F116/><W79/><G117/><T68/><D68/><U75/><E35/><V53/><F32/><W106/><G40/><T80/><D39/><U44/><E134/><N who="2" m="51211" /><F126/><W128/><G67/><T11/><D11/><U122/><E122/><V7/><F21/><W129/><G115/><N who="0" m="44107" /><D80/><U16/><E17/><V111/><F90/><W73/><G73/><T63/><D63/><U27/><E27/><V50/><F43/><W99/><G106/><T28/><D125/><U123/><E123/><V62/><F62/><W74/><G91/><AGARI ba="0,0" hai="23,25,28,42,46,51,84,87,91,93,96" m="44107" machi="91" ten="30,3900,0" yaku="15,1,11,1,52,1" doraHai="92" who="0" fromWho="3" sc="416,39,80,0,146,0,358,-39" owari="455,55.5,80,-42.0,146,-25.4,319,11.9" /></mjloggm>