<mjloggm ver="2.3"><GO type="169" lobby="0"/><UN n0="%E3%81%95%E3%81%8F%E3%82%88%E3%81%93%E3%81%A1%E3%82%83%E3%82%93" n1="%53%68%69%72%6C%65%79" n2="%E8%B5%A4%E5%BA%A7%E3%81%82%E3%81%8B%E3%82%8A%45%58" n3="%6D%6F%75%77" dan="16,16,16,16" rate="2060.30,2090.80,2126.28,2124.13" sx="M,M,M,M"/><TAIKYOKU oya="0"/><INIT seed="0,0,0,5,1,133" ten="250,250,250,250" oya="0" hai0="74,30,60,122,108,45,70,53,25,73,10,13,127" hai1="50,12,79,85,88,105,118,49,119,81,58,84,16" hai2="112,2,8,31,48,114,67,32,19,83,17,117,52" hai3="61,62,121,33,100,75,115,102,91,131,132,80,107"/><T64/><D122/><U18/><E105/><V47/><F117/><W41/><G33/><T123/><D123/><U35/><E35/><V126/><F67/><W6/><G6/><T129/><D129/><U7/><E7/><V89/><F2/><W37/><G62/><T24/><D108/><U44/><E118/><V90/><F19/><W21/><G21/><T106/><D106/><U124/><E124/><V57/><F57/><W34/><G61/><T93/><D93/><U14/><E58/><V63/><F63/><W5/><G41/><T43/><D53/><U97/><E97/><V135/><F135/><W116/><G37/><T22/><D25/><U96/><E96/><V98/><F98/><W54/><G54/><T56/><D127/><U82/><E119/><V59/><F59/><W86/><G34/><T87/><D87/><U71/><E71/><V66/><F66/><W125/><G5/><T36/><REACH who="0" step="1"/><D70/><REACH who="0" ten="240,250,250,250" step="2"/><U78/><E44/><V38/><F126/><W104/><G125/><T128/><D128/><U111/><E111/><V94/><F94/><W15/><G121/><T65/><D65/><U101/><E101/><V23/><F47/><W1/><G131/><T42/><D42/><U40/><E40/><V27/><F52/><W95/><G107/><T109/><D109/><U130/><E130/><V3/><F27/><W68/><G104/><T51/><D51/><U4/><REACH who="1" step="1"/><E4/><AGARI ba="0,1" hai="4,10,13,22,24,30,36,43,45,56,60,64,73,74" machi="4" ten="30,2900,0" yaku="1,1,7,1,53,0" doraHai="133" doraHaiUra="77" who="0" fromWho="1" sc="240,39,250,-29,250,0,250,0" /><INIT seed="0,1,0,5,2,58" ten="279,221,250,250" oya="0" hai0="61,135,46,41,101,132,21,29,107,108,24,99,3" hai1="70,30,79,22,121,18,63,13,51,60,35,118,4" hai2="83,33,16,62,47,66,128,116,8,120,50,81,80" hai3="6,20,53,17,0,106,77,72,115,64,105,86,88"/><T25/><D3/><U19/><E118/><V65/><F120/><W87/><G115/><T102/><D102/><U32/><E70/><V111/><F33/><W126/><G72/><T45/><D108/><U42/><E121/><V133/><F111/><W40/><G86/><T28/><D61/><N who="1" m="23627" /><E32/><V34/><F34/><W69/><G87/><T56/><D56/><U85/><E35/><V76/><F76/><W75/><G17/><T100/><D100/><U93/><E30/><V97/><F97/><W131/><G20/><N who="0" m="15367" /><D41/><U113/><E113/><V103/><F103/><W95/><G53/><T54/><D54/><U2/><E2/><V5/><F5/><W78/><G6/><T94/><D107/><U129/><E129/><V7/><F128/><W96/><G40/><T26/><D26/><U11/><E22/><V44/><F116/><W91/><G69/><T68/><D68/><U104/><E104/><V124/><F66/><W92/><G64/><T57/><D57/><U74/><E74/><V48/><F65/><W59/><G59/><T130/><D130/><U73/><E73/><V9/><F62/><W114/><G75/><T117/><D117/><U89/><E79/><V52/><F52/><W15/><G0/><T1/><D1/><U55/><E55/><V112/><F112/><W12/><G131/><T27/><D27/><U37/><E37/><V31/><F31/><W125/><G114/><T119/><D119/><U123/><E123/><V43/><F43/><W134/><G134/><AGARI ba="1,0" hai="21,25,29,45,46,94,99,101,132,134,135" m="15367" machi="134" ten="30,1500,0" yaku="20,1" doraHai="58" who="0" fromWho="3" sc="279,18,221,0,250,0,250,-18" /><INIT seed="0,2,0,2,1,30" ten="297,221,250,232" oya="0" hai0="17,118,101,58,65,89,5,119,113,31,36,106,46" hai1="135,116,108,88,24,72,114,123,122,64,48,19,76" hai2="69,96,131,38,56,110,68,22,51,102,78,87,1" hai3="117,47,111,92,39,42,37,8,35,0,9,95,115"/><T29/><D113/><U61/><E116/><V26/><F38/><W50/><G117/><T120/><D120/><U62/><E114/><V82/><F1/><W32/><G115/><T60/><D5/><U20/><E108/><V91/><F131/><W99/><G111/><T57/><D89/><U55/><E76/><V112/><F112/><W130/><G130/><T107/><D36/><U71/><E72/><V33/><F110/><W77/><G77/><T7/><D7/><U73/><E73/><V59/><F91/><W75/><G75/><T85/><D85/><U25/><E135/><V97/><F97/><W126/><G50/><T27/><D46/><U105/><E105/><V84/><F84/><W127/><G47/><T23/><D58/><U41/><E41/><V6/><F6/><W81/><G99/><T133/><D133/><U93/><E61/><V104/><F33/><W28/><G28/><T86/><D86/><U53/><E24/><V103/><F103/><W52/><G52/><T34/><D31/><U12/><E25/><V3/><F3/><W10/><G10/><T94/><D118/><U13/><E13/><V129/><F129/><W14/><G14/><N who="0" m="9655" /><D119/><U100/><E100/><V21/><F21/><W128/><G128/><T54/><D54/><N who="1" m="20491" /><E48/><V63/><F51/><W18/><G42/><T15/><D15/><U40/><E40/><V132/><F132/><W90/><G0/><T79/><D79/><U70/><E70/><N who="2" m="27243" /><F63/><W49/><G49/><T134/><D134/><U80/><E80/><V74/><F74/><W4/><G39/><T44/><D44/><RYUUKYOKU ba="2,0" sc="297,10,221,10,250,10,232,-30" hai0="27,29,34,57,60,65,94,101,106,107" hai1="12,19,20,62,64,71,88,93,122,123" hai2="22,26,56,59,78,82,87,96,102,104" /><INIT seed="0,3,0,0,3,122" ten="307,231,260,202" oya="0" hai0="116,44,101,9,105,104,38,2,58,52,126,90,76" hai1="120,23,79,60,50,57,47,125,72,103,97,34,18" hai2="24,88,98,84,95,12,118,92,132,55,63,20,81" hai3="131,15,102,14,40,31,78,85,130,16,114,53,17"/><T133/><D116/><U25/><E120/><V129/><F129/><W43/><G114/><T67/><D126/><U0/><E0/><V113/><F113/><W108/><G31/><T54/><D133/><U41/><E125/><V46/><F132/><W45/><G53/><T32/><D32/><U111/><E34/><V49/><F118/><W83/><G102/><T11/><D76/><U80/><E111/><V121/><F121/><W19/><G108/><T6/><D11/><U117/><E117/><V28/><F63/><W134/><G134/><T71/><D90/><U69/><E69/><V100/><REACH who="2" step="1"/><F12/><REACH who="2" ten="307,231,250,202" step="2"/><W107/><G107/><AGARI ba="3,1" hai="20,24,28,46,49,55,81,84,88,92,95,98,100,107" machi="107" ten="30,8000,1" yaku="1,1,2,1,7,1,54,1,53,1" doraHai="122" doraHaiUra="51" who="2" fromWho="3" sc="307,0,231,0,250,99,202,-89" /><INIT seed="1,0,0,4,1,6" ten="307,231,349,113" oya="1" hai0="95,123,85,114,72,122,82,24,21,57,126,54,66" hai1="134,130,12,64,13,112,20,34,14,1,60,40,101" hai2="127,73,90,46,117,2,83,9,103,4,81,35,71" hai3="80,38,37,49,61,121,87,50,97,45,100,27,86"/><U51/><E112/><V108/><F117/><W18/><G121/><T129/><D114/><U120/><E34/><V5/><F35/><W76/><G61/><T43/><D129/><U107/><E1/><V36/><F71/><W104/><G50/><T128/><D128/><U53/><E130/><V10/><F108/><W116/><G116/><T78/><D126/><U88/><E40/><V106/><F127/><W59/><G59/><T131/><D131/><U22/><E134/><V67/><F67/><W47/><G47/><T91/><D43/><U110/><E101/><V8/><F5/><W125/><G125/><T11/><D11/><U69/><E107/><V124/><F124/><W74/><G87/><T55/><D66/><U132/><E132/><V52/><F90/><W109/><G109/><T29/><REACH who="0" step="1"/><D54/><REACH who="0" ten="297,231,349,113" step="2"/><U28/><E110/><V62/><F10/><W41/><G41/><T77/><D77/><U115/><E115/><V93/><F9/><W25/><G76/><T56/><D56/><U79/><E79/><V75/><F8/><W15/><G45/><T135/><D135/><U133/><E133/><V58/><F4/><W30/><G38/><T119/><D119/><U44/><E120/><V92/><F36/><W23/><G37/><T26/><D26/><U105/><E105/><V102/><F58/><W63/><G27/><T32/><D32/><U3/><E3/><V33/><F2/><W17/><G15/><T39/><D39/><U98/><REACH who="1" step="1"/><E28/><REACH who="1" ten="297,221,349,113" step="2"/><V19/><F33/><N who="3" m="20687" /><G104/><T96/><D96/><U94/><AGARI ba="0,2" hai="12,13,14,20,22,44,51,53,60,64,69,88,94,98" machi="94" ten="30,11700,0" yaku="1,1,0,1,54,1,53,1" doraHai="6" doraHaiUra="42" who="1" fromWho="1" sc="297,-39,221,137,349,-39,113,-39" /><INIT seed="1,1,0,1,5,64" ten="258,358,310,74" oya="1" hai0="35,60,118,125,43,51,130,83,79,61,95,126,40" hai1="75,28,50,32,58,116,97,23,94,102,0,89,19" hai2="72,37,53,12,120,3,124,56,31,80,42,5,62" hai3="65,69,82,96,123,13,131,7,90,78,121,44,86"/><U101/><E116/><V59/><F120/><W14/><G131/><T54/><D35/><U30/><E75/><V68/><F31/><N who="1" m="11817" /><E0/><V115/><F124/><N who="0" m="47722" /><D95/><U49/><E32/><V134/><F12/><W9/><G96/><T63/><D130/><U47/><E58/><V21/><F21/><W18/><G90/><T16/><D16/><U73/><E73/><V52/><F134/><W85/><G85/><N who="0" m="48383" /><D118/><U135/><E135/><V93/><F93/><W55/><G18/><T36/><D36/><U1/><E1/><V100/><F3/><W87/><G14/><T92/><D92/><U128/><E128/><V11/><F5/><W113/><G13/><T132/><D132/><U46/><E19/><V39/><F72/><W99/><G7/><T81/><D81/><U103/><E23/><V4/><F80/><W24/><G82/><T105/><D105/><U67/><E67/><V77/><F4/><W133/><G78/><T10/><D10/><U104/><E104/><V8/><F77/><W109/><G9/><T71/><D71/><U45/><AGARI ba="1,0" hai="45,46,47,49,50,89,94,97,101,102,103" m="11817" machi="45" ten="40,2100,0" yaku="8,1" doraHai="64" who="1" fromWho="1" sc="258,-8,358,24,310,-8,74,-8" /><INIT seed="1,2,0,0,5,72" ten="250,382,302,66" oya="1" hai0="131,105,64,85,13,106,27,75,92,118,30,9,53" hai1="6,107,127,82,21,95,125,5,11,24,109,133,67" hai2="51,28,39,40,59,89,61,112,73,25,62,102,3" hai3="55,84,122,71,43,31,80,132,135,14,69,128,110"/><U29/><E107/><V38/><F3/><W93/><G122/><T76/><D118/><U57/><E133/><V86/><F73/><W0/><G0/><T124/><D124/><N who="1" m="47691" /><E109/><V42/><F102/><W10/><G43/><T94/><D75/><U87/><E95/><V78/><F112/><W36/><G36/><T99/><D64/><U121/><E121/><V4/><F4/><W97/><G31/><T50/><D131/><U130/><E130/><V83/><F39/><W46/><G110/><T111/><D111/><U134/><E134/><V47/><F89/><W108/><G108/><T33/><D76/><N who="1" m="46535" /><E11/><V2/><F2/><W81/><G10/><T96/><D85/><U68/><E68/><V44/><REACH who="2" step="1"/><F59/><REACH who="2" ten="250,382,292,66" step="2"/><W41/><G132/><T119/><D119/><U49/><E5/><V120/><F120/><W15/><G135/><T23/><D105/><U100/><E100/><V91/><F91/><N who="3" m="55487" /><G128/><T37/><D37/><U90/><E6/><V123/><F123/><W129/><G129/><T79/><D106/><U35/><E90/><V22/><AGARI ba="2,1" hai="22,25,28,38,40,42,44,47,51,61,62,78,83,86" machi="22" ten="20,5200,0" yaku="1,1,0,1,7,1,52,1,53,0" doraHai="72" doraHaiUra="98" who="2" fromWho="2" sc="250,-15,382,-28,292,68,66,-15" /><INIT seed="2,0,0,0,5,5" ten="235,354,360,51" oya="2" hai0="85,3,97,89,33,122,70,50,83,35,66,133,63" hai1="6,104,79,86,11,100,61,74,18,25,77,92,105" hai2="132,26,28,121,78,53,72,15,47,17,73,126,64" hai3="32,99,116,23,9,22,49,14,60,134,39,40,84"/><V106/><F121/><W20/><G134/><T75/><D122/><U101/><E61/><V57/><F106/><W30/><G116/><T90/><D133/><U120/><E25/><V135/><F126/><W13/><G39/><T41/><D75/><U65/><E65/><V67/><F47/><W56/><G32/><T8/><D50/><U36/><E18/><V58/><F78/><W42/><G30/><T71/><D41/><U0/><E36/><V87/><F87/><W110/><G110/><T131/><D71/><U7/><E0/><V117/><F117/><W95/><G84/><T21/><D21/><U88/><E120/><V102/><F102/><W43/><G49/><T91/><D131/><U52/><E74/><V76/><F76/><W1/><G1/><T45/><D45/><U114/><E92/><V81/><F26/><W108/><G108/><T103/><D33/><U55/><E86/><V51/><F28/><W48/><G48/><T119/><D35/><U54/><E54/><V111/><F111/><W82/><G82/><T69/><D69/><U24/><E24/><V124/><F81/><W129/><G129/><T16/><D119/><U4/><E114/><V37/><F37/><W118/><G118/><T68/><D68/><U31/><E31/><V12/><F51/><W127/><G127/><T2/><D2/><U98/><E98/><V130/><F124/><W107/><G60/><T10/><D3/><U27/><E27/><V109/><F109/><W94/><G56/><T113/><D113/><U38/><E38/><V80/><F132/><W112/><G112/><RYUUKYOKU ba="0,0" sc="235,0,354,0,360,0,51,0" /><INIT seed="3,1,0,3,1,72" ten="235,354,360,51" oya="3" hai0="122,53,63,31,38,97,68,50,134,61,66,47,127" hai1="22,131,113,4,37,21,69,125,98,85,82,5,11" hai2="55,130,29,32,64,42,56,35,77,79,132,59,8" hai3="78,65,96,10,84,70,135,126,71,30,120,121,88"/><W1/><G135/><T60/><D31/><U26/><E113/><V41/><F132/><W6/><G126/><T36/><D97/><U25/><E125/><V52/><F29/><W33/><G121/><T28/><D28/><U111/><E69/><V73/><F73/><W123/><G123/><T87/><D87/><U46/><E111/><V12/><F64/><W93/><G120/><T7/><D7/><U15/><E5/><V16/><F130/><W100/><G65/><T110/><D110/><U62/><E62/><N who="0" m="24169" /><D134/><U102/><E46/><V18/><F12/><W57/><G57/><N who="0" m="32951" /><D127/><U58/><E37/><N who="0" m="14441" /><D122/><U90/><E131/><V67/><F67/><W14/><G1/><T48/><D48/><U39/><E39/><V89/><F89/><W94/><REACH who="3" step="1"/><G78/><REACH who="3" ten="235,354,360,41" step="2"/><T45/><AGARI ba="1,1" hai="45,47,63,66,68" m="14441,32951,24169" machi="45" ten="30,8000,1" yaku="35,5" doraHai="72" who="0" fromWho="0" sc="235,93,354,-21,360,-21,41,-41" /><INIT seed="4,0,0,3,3,46" ten="328,333,339,0" oya="0" hai0="23,132,50,120,90,12,20,62,8,125,58,68,25" hai1="27,88,75,98,94,54,16,109,116,9,48,131,22" hai2="60,29,69,63,33,74,123,118,83,100,124,44,104" hai3="31,121,41,40,17,129,81,18,30,99,92,38,11"/><T134/><D120/><U73/><E109/><V128/><F123/><W42/><G121/><T115/><D115/><U34/><E116/><V96/><F118/><W113/><G38/><T35/><D125/><U59/><E131/><V133/><F128/><W93/><G129/><T19/><D68/><U45/><E34/><V91/><F124/><W79/><G113/><T49/><D90/><U47/><E9/><V85/><F133/><N who="0" m="51306" /><D35/><U108/><E108/><V105/><F105/><W43/><N who="3" m="10240" /><DORA hai="80" /><W87/><G93/><T103/><D103/><U117/><E117/><V0/><F0/><W39/><G39/><T101/><D101/><U28/><E28/><N who="3" m="10794" /><G11/><T119/><D119/><U55/><E45/><V67/><F44/><W97/><G97/><T135/><N who="0" m="51314" /><T76/><DORA hai="71" /><D76/><U102/><E102/><AGARI ba="0,0" hai="17,18,79,81,87,92,99,102" m="10794,10240" machi="102" ten="40,2600,0" yaku="8,1,52,1" doraHai="46,80,71" who="3" fromWho="1" sc="328,0,333,-26,339,0,0,26" /><INIT seed="5,0,0,5,0,129" ten="328,307,339,26" oya="1" hai0="19,124,134,47,58,133,38,115,73,31,75,82,12" hai1="23,53,21,56,120,91,36,52,69,61,84,90,45" hai2="65,67,11,42,35,86,114,130,66,87,57,109,89" hai3="33,3,17,111,71,101,105,10,85,30,96,41,14"/><U116/><E120/><V123/><F123/><W81/><G111/><T54/><D124/><U77/><E116/><V15/><F109/><W100/><G100/><T107/><D107/><U119/><E119/><V43/><F35/><W44/><G71/><T7/><D115/><U24/><E69/><V98/><F130/><W92/><G3/><T16/><D31/><U127/><E127/><V13/><F57/><W97/><G33/><T83/><D7/><U121/><E121/><V88/><F98/><W22/><G97/><T29/><D29/><U51/><E36/><V63/><F63/><W0/><G105/><T78/><D47/><U60/><E60/><V55/><F55/><W25/><G0/><T118/><D38/><U28/><E23/><V74/><F74/><W32/><G32/><T80/><D19/><U72/><E72/><V126/><F126/><W1/><G1/><T95/><D95/><U34/><E34/><V94/><F114/><W46/><REACH who="3" step="1"/><G41/><REACH who="3" ten="328,307,339,16" step="2"/><T70/><D70/><U117/><E117/><V93/><F15/><W135/><G135/><N who="0" m="51723" /><D118/><U8/><E8/><V128/><F128/><W104/><G104/><T76/><D75/><U6/><E6/><AGARI ba="0,1" hai="6,11,13,42,43,65,66,67,86,87,88,89,93,94" machi="6" ten="40,5200,0" yaku="9,1,8,1,54,1" doraHai="129" who="2" fromWho="1" sc="328,0,307,-52,339,62,16,0" /><INIT seed="6,0,0,0,4,101" ten="328,255,401,16" oya="2" hai0="96,97,109,66,73,13,82,11,64,135,70,104,90" hai1="113,81,124,87,100,46,119,91,56,5,72,122,68" hai2="34,16,76,134,30,25,10,84,126,27,47,115,60" hai3="49,85,18,86,9,99,83,40,39,131,33,130,6"/><V132/><F115/><W105/><G39/><T112/><D109/><U74/><E113/><V116/><F116/><W19/><G33/><T12/><D112/><U28/><E68/><V35/><F126/><W92/><G40/><T45/><D135/><N who="2" m="51754" /><F60/><W57/><G57/><T41/><D13/><U106/><E119/><V44/><F76/><W121/><G49/><T23/><D23/><U58/><E124/><V4/><F84/><W125/><G19/><T42/><D42/><U79/><E72/><V8/><F47/><W48/><G48/><T75/><D97/><N who="1" m="61711" /><E122/><V29/><F44/><W95/><G18/><T32/><D32/><U129/><E129/><N who="3" m="49162" /><G9/><N who="2" m="3689" /><F16/><W67/><G67/><T127/><D127/><U3/><E46/><V53/><F53/><W123/><G6/><AGARI ba="0,0" hai="4,6,25,27,29,30,34,35" m="3689,51754" machi="6" ten="30,5800,0" yaku="20,1,34,2" doraHai="101" who="2" fromWho="3" sc="328,0,255,0,401,58,16,-58" owari="328,12.8,255,-14.5,459,55.9,-42,-54.2" /></mjloggm>