<mjloggm ver="2.3"><GO type="169" lobby="0"/><UN n0="%E3%82%86%E3%81%86%E3%82%86%E3%81%8D" n1="%E3%82%A8%E3%82%B0%E3%83%81%E3%80%81" n2="%54%61%6B%61%79%61%40" n3="%48%41%43%4F" dan="16,17,16,16" rate="2203.77,2185.83,2099.69,2058.65" sx="M,M,M,M"/><TAIKYOKU oya="0"/><INIT seed="0,0,0,5,4,48" ten="250,250,250,250" oya="0" hai0="61,87,53,19,43,4,116,2,102,76,112,90,118" hai1="73,98,3,121,41,113,81,110,30,131,78,68,83" hai2="0,105,109,40,64,75,52,51,107,16,28,119,96" hai3="66,6,91,8,12,50,44,39,125,22,124,70,84"/><T33/><D112/><U5/><E121/><V85/><F75/><W7/><G39/><T71/><D33/><U122/><E122/><V69/><F119/><W89/><G7/><T10/><D43/><U42/><E113/><V126/><F126/><W88/><G66/><T120/><D120/><U65/><E110/><V79/><F0/><W132/><G70/><T130/><D130/><U9/><E131/><V21/><F40/><W57/><G57/><T99/><D76/><U135/><E135/><V123/><F109/><W27/><G132/><T104/><D19/><U20/><E83/><V25/><F123/><W77/><G77/><T14/><D2/><U47/><E42/><V13/><F96/><W86/><G50/><T15/><D15/><U117/><E98/><V24/><F24/><W58/><G58/><T67/><REACH who="0" step="1"/><D53/><REACH who="0" ten="240,250,250,250" step="2"/><U127/><E127/><N who="3" m="48714" /><G44/><T115/><D115/><U106/><E117/><V80/><F64/><W26/><G26/><T103/><D103/><U97/><E65/><V93/><F69/><W134/><G134/><T101/><D101/><N who="1" m="62767" /><E68/><V133/><F133/><W17/><AGARI ba="0,1" hai="6,8,12,17,22,27,84,86,88,89,91" m="48714" machi="17" ten="30,2000,0" yaku="18,1,54,1" doraHai="48" who="3" fromWho="3" sc="240,-10,250,-5,250,-5,250,30" /><INIT seed="1,0,0,1,4,48" ten="230,245,245,280" oya="1" hai0="57,101,39,24,68,131,113,112,77,78,53,50,73" hai1="34,21,27,70,93,46,74,80,72,2,132,123,89" hai2="35,66,47,10,15,59,61,6,107,134,28,8,91" hai3="67,11,83,42,58,97,31,4,22,69,99,13,33"/><U17/><E123/><V49/><F134/><W20/><G69/><T30/><D131/><U86/><E132/><V32/><F107/><W3/><G42/><T79/><D73/><U90/><E70/><V122/><F122/><W55/><G67/><T100/><D68/><U124/><E124/><V130/><F130/><W95/><G33/><T85/><D39/><U108/><E108/><V98/><F28/><W63/><G99/><T125/><D125/><U71/><E71/><V110/><F110/><W38/><G38/><T37/><D37/><U62/><E62/><V103/><F91/><W65/><G3/><T96/><D85/><U105/><E105/><V88/><F103/><W115/><G115/><T102/><REACH who="0" step="1"/><D96/><REACH who="0" ten="220,245,245,280" step="2"/><U36/><E74/><V75/><F75/><W133/><G133/><T92/><D92/><U127/><E72/><V52/><REACH who="2" step="1"/><F10/><REACH who="2" ten="220,245,235,280" step="2"/><W116/><G11/><T119/><D119/><U117/><E117/><V56/><F56/><W76/><G116/><T64/><D64/><U16/><E127/><V19/><F19/><W128/><G65/><T109/><D109/><U41/><E17/><V84/><F84/><W135/><G97/><T87/><D87/><U94/><E94/><AGARI ba="0,2" hai="6,8,15,32,35,47,49,52,59,61,66,88,94,98" machi="94" ten="40,8000,1" yaku="1,1,52,1,54,2,53,0" doraHai="48" doraHaiUra="104" who="2" fromWho="1" sc="220,0,245,-80,235,100,280,0" /><INIT seed="2,0,0,0,1,114" ten="220,165,335,280" oya="2" hai0="4,36,26,41,103,25,16,72,49,12,92,135,127" hai1="77,124,57,109,118,76,22,56,79,48,19,18,7" hai2="120,121,64,110,66,31,123,0,129,107,52,21,1" hai3="9,29,74,68,100,84,44,14,8,50,46,102,5"/><V38/><F107/><W134/><G68/><T91/><D127/><U108/><E124/><V65/><F38/><W33/><G74/><T10/><D135/><U54/><E7/><V99/><F129/><W27/><G134/><T90/><D72/><U75/><E75/><V119/><F99/><W81/><G44/><N who="0" m="25743" /><D36/><U116/><E57/><V32/><F32/><W95/><G9/><T43/><D43/><U20/><E20/><V23/><F119/><N who="1" m="45609" /><E22/><V69/><F69/><W113/><G95/><T112/><D112/><U87/><E87/><V106/><F106/><W125/><G113/><T51/><D51/><U37/><E37/><V126/><F126/><W117/><G117/><T98/><D4/><U67/><E67/><V17/><F31/><W53/><REACH who="3" step="1"/><G125/><REACH who="3" ten="220,165,335,270" step="2"/><T101/><D101/><U39/><E39/><V15/><F23/><W11/><G11/><T24/><AGARI ba="0,1" hai="10,12,16,24,25,26,90,91,92,98,103" m="25743" machi="24" ten="30,2000,0" yaku="8,1,54,1" doraHai="114" who="0" fromWho="0" sc="220,30,165,-5,335,-10,270,-5" /><INIT seed="3,0,0,2,5,9" ten="250,160,325,265" oya="3" hai0="28,54,75,23,134,95,77,29,103,92,127,2,90" hai1="52,108,36,82,59,60,3,74,87,135,37,69,101" hai2="7,11,73,19,0,116,16,86,79,43,96,41,84" hai3="122,93,66,100,22,39,53,94,56,46,114,6,49"/><W32/><G114/><T71/><D127/><U26/><E108/><V131/><F116/><W76/><G122/><T111/><D111/><U5/><E135/><V38/><F131/><W57/><G32/><T61/><D2/><U17/><E74/><V78/><F96/><W129/><G129/><T128/><D75/><U15/><E101/><V14/><F19/><W21/><G76/><T121/><D77/><U10/><E69/><V72/><F72/><W48/><G39/><T55/><D128/><U113/><E26/><V83/><F79/><W102/><G6/><T58/><D71/><U119/><E113/><V25/><F25/><W42/><G66/><T24/><D121/><U91/><REACH who="1" step="1"/><E119/><REACH who="1" ten="250,150,325,265" step="2"/><V133/><F133/><W18/><G102/><T115/><D24/><U105/><E105/><V81/><F73/><W80/><G100/><T47/><D103/><U106/><E106/><V27/><F27/><W33/><G33/><T8/><D115/><U104/><E104/><V125/><F125/><W68/><G68/><T109/><D134/><U132/><E132/><V126/><F126/><W88/><G80/><T97/><D109/><U130/><E130/><V117/><F117/><W35/><G35/><T123/><D123/><U64/><E64/><V98/><F83/><W13/><G94/><T44/><D95/><U118/><E118/><V65/><F81/><W30/><G30/><T51/><D29/><U12/><E12/><V62/><F65/><W112/><G112/><T31/><D31/><U107/><E107/><V4/><F0/><W70/><G70/><T99/><D28/><RYUUKYOKU ba="0,1" sc="250,-10,150,30,325,-10,265,-10" hai1="3,5,10,15,17,36,37,52,59,60,82,87,91" /><INIT seed="4,1,1,2,1,72" ten="240,180,315,255" oya="0" hai0="83,112,21,47,86,79,121,102,60,123,38,12,71" hai1="100,5,40,11,130,127,110,119,50,87,131,31,2" hai2="105,89,54,115,109,48,9,18,95,84,36,92,90" hai3="4,120,74,30,51,64,59,33,77,78,20,34,68"/><T45/><D112/><U62/><E110/><V19/><F109/><W0/><G74/><T8/><D102/><U69/><E119/><V93/><F105/><W14/><G68/><T117/><D117/><U134/><E134/><V22/><F36/><W82/><G34/><T44/><D38/><U73/><E73/><V135/><F135/><W39/><G39/><T6/><REACH who="0" step="1"/><D21/><REACH who="0" ten="230,180,315,255" step="2"/><U63/><E131/><V17/><F115/><W75/><G20/><T35/><D35/><U88/><E130/><V133/><F133/><W1/><G33/><T101/><D101/><U80/><E127/><V61/><F22/><W56/><G120/><T85/><D85/><U32/><E100/><V66/><F84/><W98/><G75/><T10/><D10/><U70/><E32/><V94/><F9/><N who="3" m="4391" /><G98/><T23/><D23/><U67/><E31/><V42/><F42/><W46/><G30/><T125/><D125/><U96/><E96/><V104/><F104/><W52/><G0/><T29/><D29/><U53/><E40/><V107/><F107/><W43/><G1/><T65/><AGARI ba="1,2" hai="6,8,12,44,45,47,60,65,71,79,83,86,121,123" machi="65" ten="30,11700,0" yaku="1,1,0,1,52,1,53,1" doraHai="72" doraHaiUra="7" who="0" fromWho="0" sc="230,140,180,-40,315,-40,255,-40" /><INIT seed="4,2,0,5,5,22" ten="370,140,275,215" oya="0" hai0="34,101,126,135,63,130,83,115,41,127,119,57,91" hai1="103,58,7,106,131,78,5,35,114,10,50,44,45" hai2="36,66,51,125,54,33,77,67,87,3,68,29,25" hai3="71,121,43,19,79,120,21,76,27,132,9,122,110"/><T98/><D119/><U2/><E131/><V74/><F74/><W6/><G71/><T134/><D41/><U69/><E69/><V56/><F3/><W88/><G110/><T82/><D34/><U38/><E114/><V4/><F4/><W49/><G132/><N who="0" m="50731" /><D57/><U40/><E35/><V23/><F36/><W20/><G20/><T72/><D63/><U55/><E7/><V85/><F125/><N who="0" m="47626" /><D115/><U113/><E113/><V133/><F133/><W24/><G88/><T93/><D72/><U129/><E129/><V84/><F77/><N who="3" m="29771" /><G49/><T105/><D130/><U60/><E78/><V108/><F108/><W123/><G43/><T80/><D105/><U15/><E106/><V8/><F8/><W86/><G123/><T30/><D30/><U102/><REACH who="1" step="1"/><E2/><REACH who="1" ten="370,130,275,215" step="2"/><V118/><F118/><W1/><G122/><T52/><D52/><AGARI ba="2,1" hai="5,10,15,38,40,44,45,50,52,55,58,60,102,103" machi="52" ten="30,7700,0" yaku="1,1,2,1,7,1,54,1,53,0" doraHai="22" doraHaiUra="109" who="1" fromWho="0" sc="370,-83,130,93,275,0,215,0" /><INIT seed="5,0,0,3,0,81" ten="287,223,275,215" oya="1" hai0="6,123,133,127,79,117,14,22,91,96,112,16,101" hai1="19,115,51,44,5,26,1,65,0,107,95,122,75" hai2="135,103,62,85,77,17,118,32,23,111,72,69,106" hai3="64,2,71,134,84,78,99,120,104,116,86,102,28"/><U61/><E107/><V68/><F111/><W59/><G71/><T100/><D117/><U110/><E122/><V109/><F109/><W10/><G120/><T20/><D123/><U124/><E110/><V132/><F32/><W80/><G116/><T87/><D112/><U13/><E115/><V45/><F72/><W126/><G126/><T24/><D133/><N who="2" m="51274" /><F62/><W97/><G28/><N who="0" m="17415" /><D127/><U93/><E75/><V98/><F45/><W113/><G113/><T48/><D6/><U31/><E124/><V67/><F67/><W108/><G108/><T63/><D63/><U90/><E5/><V50/><F50/><W52/><G64/><T70/><D70/><U12/><E61/><V114/><F114/><W3/><G10/><T73/><D73/><U55/><E65/><V128/><F128/><W4/><G4/><T129/><D48/><U131/><E131/><V18/><F18/><W41/><G41/><T83/><D129/><U130/><E130/><V9/><F9/><W21/><G134/><T40/><D40/><U46/><E46/><V56/><F56/><W105/><G21/><T49/><D49/><U39/><E39/><V29/><F29/><W47/><G47/><T27/><D27/><U82/><E0/><V125/><F125/><W8/><G8/><T76/><D76/><U74/><E1/><V54/><F54/><W58/><G58/><T11/><D11/><N who="1" m="6559" /><E13/><N who="2" m="9647" /><F118/><W119/><G119/><T66/><D66/><U15/><E15/><V89/><F77/><N who="3" m="46095" /><G3/><T42/><D42/><U94/><E74/><V25/><F25/><W92/><G2/><T88/><D79/><RYUUKYOKU ba="0,0" sc="287,15,223,-15,275,15,215,-15" hai0="14,16,22,83,87,88,91,96,100,101" hai2="68,69,85,89,98,103,106" /><INIT seed="6,1,0,0,1,10" ten="302,208,290,200" oya="2" hai0="113,135,43,20,86,127,54,105,115,13,44,111,11" hai1="104,109,55,2,0,6,68,126,60,101,25,51,132" hai2="66,47,57,123,112,32,71,90,40,48,130,36,91" hai3="83,49,62,119,39,118,93,30,12,82,46,134,117"/><V129/><F32/><W133/><G39/><T24/><D105/><U52/><E109/><V18/><F123/><W89/><G30/><T3/><D3/><U116/><E116/><V96/><F112/><W131/><G131/><N who="2" m="50185" /><F96/><W34/><G62/><T9/><D9/><U122/><E122/><V5/><F5/><W102/><G102/><T19/><D127/><U107/><E126/><V15/><F71/><W35/><G35/><T128/><D111/><U79/><E132/><N who="3" m="50794" /><G34/><T37/><D135/><U53/><E6/><V50/><F66/><W58/><G58/><T81/><D54/><U8/><E53/><N who="2" m="31911" /><F36/><W29/><G29/><T98/><D128/><U87/><E55/><V73/><F73/><W99/><G49/><T72/><D98/><U22/><E60/><V100/><F100/><W14/><G46/><T17/><REACH who="0" step="1"/><D72/><REACH who="0" ten="292,208,290,200" step="2"/><U41/><E107/><V78/><F78/><AGARI ba="1,1" hai="11,13,17,19,20,24,37,43,44,78,81,86,113,115" machi="78" ten="40,5200,0" yaku="1,1,2,1,52,1,53,0" doraHai="10" doraHaiUra="94" who="0" fromWho="2" sc="292,65,208,0,290,-55,200,0" /><INIT seed="7,0,0,5,2,60" ten="357,208,235,200" oya="3" hai0="28,13,55,34,85,107,51,59,86,8,12,123,75" hai1="108,133,110,115,88,27,95,96,65,20,132,92,32" hai2="106,14,100,79,21,129,111,103,114,2,37,128,25" hai3="39,130,121,93,102,69,17,41,64,31,9,26,33"/><W38/><G121/><T4/><D75/><U46/><E32/><V97/><F2/><W124/><G41/><T119/><D107/><U66/><E115/><V47/><F111/><N who="1" m="42537" /><E95/><V30/><F114/><W127/><G130/><T42/><D119/><U5/><E46/><V53/><F79/><W57/><G69/><T58/><D123/><U116/><E5/><V35/><F103/><W104/><G104/><T76/><D28/><N who="1" m="17511" /><E116/><V61/><F37/><W63/><G17/><T82/><D34/><U45/><E45/><V29/><F29/><W23/><G9/><N who="0" m="4135" /><D86/><U22/><E22/><V118/><F118/><W54/><G54/><T134/><D134/><AGARI ba="0,0" hai="65,66,88,92,96,132,133,134" m="17511,42537" machi="134" ten="30,7700,0" yaku="20,1,52,2,54,1" doraHai="60" who="1" fromWho="0" sc="357,-77,208,77,235,0,200,0" /><INIT seed="8,0,0,2,1,40" ten="280,285,235,200" oya="0" hai0="124,125,127,104,98,17,92,73,21,122,90,97,53" hai1="123,115,79,94,24,22,77,61,83,48,116,75,26" hai2="46,55,11,84,78,50,65,107,49,62,72,102,47" hai3="58,80,126,82,9,109,134,133,45,76,112,42,34"/><T36/><D122/><U44/><E123/><V37/><F37/><W111/><G34/><T25/><D36/><U117/><E115/><V118/><F72/><W64/><G9/><T70/><D70/><U106/><E106/><V31/><F31/><W14/><G14/><T33/><D73/><U130/><E130/><V39/><F39/><N who="3" m="21727" /><G82/><T95/><D53/><N who="1" m="29831" /><E79/><V100/><F107/><W121/><G80/><T135/><D135/><N who="3" m="51721" /><G76/><T71/><D71/><U13/><E94/><V60/><F118/><N who="1" m="45673" /><E61/><N who="2" m="23659" /><F65/><W89/><G89/><N who="0" m="55439" /><D104/><U6/><E22/><V56/><F11/><AGARI ba="0,0" hai="6,11,13,24,26,75,77,83" m="45673,29831" machi="11" ten="30,2000,0" yaku="16,1,52,1" doraHai="40" who="1" fromWho="2" sc="280,0,285,20,235,-20,200,0" owari="280,8.0,305,40.5,215,-18.5,200,-30.0" /></mjloggm>