<mjloggm ver="2.3"><GO type="225" lobby="0"/><UN n0="%E6%A1%9C%E8%8A%B1%E9%96%83%E3%80%85" n1="%E5%91%A8%E6%9D%B1" n2="%E3%81%BF%E3%81%BF%E3%81%9A" n3="%E3%81%82%E3%81%97%E3%82%85%E3%82%8A%E3%82%93" dan="16,16,17,16" rate="2236.24,2146.84,2287.86,2142.90" sx="M,M,M,M"/><TAIKYOKU oya="0"/><INIT seed="0,0,0,4,1,82" ten="250,250,250,250" oya="0" hai0="58,106,116,42,111,120,81,83,10,72,55,20,22" hai1="93,61,125,2,53,105,62,52,37,96,28,86,56" hai2="27,8,122,78,17,66,4,115,59,98,23,101,134" hai3="91,68,15,39,92,24,26,1,127,13,119,84,70"/><T76/><D116/><U5/><E125/><V45/><F122/><W57/><G119/><T102/><D120/><U133/><E133/><V40/><F115/><W34/><G1/><T69/><D69/><U44/><E28/><V130/><F134/><W123/><G39/><T3/><D42/><U54/><E2/><V9/><F130/><W48/><G123/><T77/><D111/><U100/><E5/><V7/><F78/><W73/><G73/><T89/><D89/><U11/><E11/><V131/><F131/><W32/><G127/><T74/><D102/><U75/><E75/><V90/><F90/><W87/><G48/><T0/><D106/><U30/><E30/><V47/><F59/><W33/><G57/><T113/><D113/><U16/><E16/><V79/><F66/><W117/><G117/><T63/><REACH who="0" step="1"/><D0/><REACH who="0" ten="240,250,250,250" step="2"/><U6/><E105/><V43/><F79/><W21/><G91/><T67/><D67/><U103/><E103/><V65/><F65/><W35/><G70/><T97/><D97/><U129/><E129/><V19/><F98/><W135/><G68/><T94/><D94/><U107/><E107/><V110/><F101/><W18/><G92/><T60/><D60/><U88/><E62/><V50/><F110/><W132/><G132/><T41/><D41/><U12/><E100/><V114/><F114/><W118/><G135/><T126/><D126/><U49/><E96/><V109/><F109/><W31/><REACH who="3" step="1"/><G118/><REACH who="3" ten="240,250,250,240" step="2"/><T85/><D85/><AGARI ba="0,2" hai="13,15,18,21,24,26,31,32,33,34,35,84,85,87" machi="85" ten="40,8000,1" yaku="1,1,2,1,52,3,53,0" doraHai="82" doraHaiUra="51" who="3" fromWho="0" sc="240,-80,250,0,250,0,240,100" /><INIT seed="1,0,0,3,5,131" ten="160,250,250,340" oya="1" hai0="31,109,114,108,23,117,20,66,65,91,0,107,86" hai1="134,25,2,92,88,12,72,51,67,19,110,11,7" hai2="27,118,47,97,125,93,119,6,122,111,5,79,49" hai3="40,84,16,95,105,75,44,58,81,42,3,78,63"/><U64/><E72/><V24/><F122/><W89/><G3/><T34/><D114/><U1/><E110/><V54/><F111/><N who="0" m="42570" /><D107/><U62/><E134/><V41/><F125/><W38/><G42/><T60/><D0/><U22/><E51/><N who="2" m="27119" /><F79/><W98/><G16/><T37/><D37/><U87/><REACH who="1" step="1"/><E67/><REACH who="1" ten="160,240,250,340" step="2"/><V104/><F119/><W57/><G63/><T53/><D117/><U116/><E116/><V30/><F118/><W77/><G77/><T13/><D66/><U9/><E9/><V32/><F104/><W80/><G105/><T83/><D53/><U33/><E33/><V21/><F32/><W56/><REACH who="3" step="1"/><G81/><REACH who="3" ten="160,240,250,330" step="2"/><T103/><D83/><U82/><E82/><V35/><F35/><W15/><G15/><T96/><D13/><U94/><E94/><V43/><F43/><W127/><G127/><T120/><D34/><U59/><AGARI ba="0,2" hai="1,2,7,11,12,19,22,25,59,62,64,87,88,92" machi="59" ten="20,7800,0" yaku="1,1,0,1,7,1,54,1,53,0" doraHai="131" doraHaiUra="113" who="1" fromWho="1" sc="160,-26,240,98,250,-26,330,-26" /><INIT seed="1,1,0,1,1,95" ten="134,338,224,304" oya="1" hai0="83,43,48,106,86,128,116,50,127,52,113,36,27" hai1="45,63,120,132,101,13,133,109,60,74,51,85,47" hai2="46,62,107,3,26,14,131,21,123,110,56,4,64" hai3="134,97,69,102,58,38,115,54,25,119,20,77,39"/><U22/><E74/><V111/><F123/><W0/><G115/><T57/><D113/><U82/><E120/><V98/><F131/><W67/><G0/><T42/><D116/><U23/><E109/><N who="2" m="41483" /><F3/><W24/><G24/><T12/><D128/><U71/><E101/><N who="2" m="62903" /><F46/><W130/><G134/><N who="1" m="51818" /><E47/><V7/><F14/><W61/><G77/><T18/><D127/><U72/><E72/><V84/><F84/><W37/><G119/><T99/><D27/><U8/><E71/><V96/><F96/><W75/><G75/><T100/><D48/><U32/><E32/><V122/><F122/><W105/><G130/><T73/><D36/><U135/><E135/><V104/><F104/><W118/><G118/><T41/><D73/><U33/><E33/><V35/><F35/><W78/><G78/><T11/><REACH who="0" step="1"/><D42/><REACH who="0" ten="124,338,224,304" step="2"/><N who="1" m="25015" /><E63/><V30/><AGARI ba="1,1" hai="4,7,21,26,30,56,62,64" m="62903,41483" machi="30" ten="30,2000,0" yaku="14,1,52,1" doraHai="95" who="2" fromWho="2" sc="124,-6,338,-11,224,33,304,-6" /><INIT seed="2,0,0,1,3,95" ten="118,327,257,298" oya="2" hai0="40,117,93,109,76,80,125,12,114,101,66,48,25" hai1="44,56,7,63,100,129,122,42,72,126,38,70,49" hai2="88,107,29,85,130,113,103,127,108,91,86,128,50" hai3="15,5,26,121,61,2,77,92,46,71,52,39,36"/><V55/><F113/><W19/><G121/><T99/><D109/><U131/><E72/><V22/><F108/><W64/><G2/><T18/><D125/><U84/><E7/><V116/><F116/><W94/><G5/><T11/><D114/><U58/><E100/><V68/><F68/><W32/><G77/><T3/><D117/><U34/><E34/><V133/><F127/><W0/><G0/><T53/><D3/><U135/><E126/><V90/><F133/><W57/><G26/><T102/><D66/><N who="1" m="41311" /><E84/><V16/><F29/><W79/><G79/><T10/><D40/><U119/><E119/><V62/><F62/><W104/><G104/><T112/><D112/><U120/><E135/><V123/><F123/><N who="1" m="47145" /><E38/><V47/><F103/><W14/><G14/><T67/><D67/><U75/><E75/><V33/><F107/><W20/><G32/><T132/><D132/><U110/><E110/><V96/><F96/><W31/><G31/><T134/><D134/><U89/><E89/><V28/><F28/><W30/><G30/><T1/><D25/><U17/><E17/><V118/><F118/><W74/><G74/><T8/><D102/><U98/><E98/><V105/><F105/><W27/><G27/><T35/><D35/><U106/><E106/><V65/><F33/><W13/><G13/><T111/><D111/><U78/><E78/><V51/><F51/><N who="3" m="30879" /><G39/><T23/><D1/><U60/><E60/><V41/><F41/><AGARI ba="0,0" hai="15,19,20,36,41,46,61,64,71,92,94" m="30879" machi="41" ten="30,2000,0" yaku="24,1,54,1" doraHai="95" who="3" fromWho="2" sc="118,0,327,0,257,-20,298,20" /><INIT seed="3,0,0,5,2,107" ten="118,327,237,318" oya="3" hai0="98,24,40,132,28,22,99,54,129,116,87,68,122" hai1="11,5,117,123,35,10,38,79,50,20,55,13,12" hai2="91,114,45,88,124,126,120,69,104,86,6,31,106" hai3="102,47,0,121,29,1,80,34,7,39,110,62,14"/><W73/><G121/><T133/><D122/><U101/><E38/><V65/><F120/><W130/><G102/><T97/><D116/><U118/><E123/><V36/><F31/><W103/><G103/><T64/><D40/><U49/><E35/><V100/><F6/><W134/><G14/><T2/><D2/><U4/><E101/><V131/><F100/><W46/><G46/><T89/><D54/><U127/><E127/><V92/><F114/><W43/><G130/><T33/><D33/><U85/><E20/><V74/><F131/><W93/><G93/><T70/><D129/><U111/><E111/><V57/><F69/><W119/><G119/><N who="1" m="45578" /><E55/><V42/><F91/><W9/><G62/><T82/><D64/><U18/><E5/><V53/><F65/><W76/><G134/><T105/><D105/><U135/><E135/><V96/><F96/><W59/><G59/><T77/><D133/><U15/><E15/><V113/><F113/><W21/><G34/><T128/><D132/><U94/><E94/><V75/><F106/><W84/><G1/><T67/><D128/><U30/><E30/><V3/><F104/><W27/><G110/><T16/><D67/><U48/><E48/><N who="2" m="30887" /><F3/><W23/><G23/><T95/><REACH who="0" step="1"/><D28/><REACH who="0" ten="108,327,237,318" step="2"/><U115/><E115/><V112/><F112/><W61/><G61/><T60/><D60/><U26/><E26/><V52/><F52/><W8/><G8/><T63/><D63/><U44/><E44/><V72/><F126/><W71/><G71/><T125/><D125/><U81/><AGARI ba="0,1" hai="4,10,11,12,13,18,49,50,79,81,85" m="45578" machi="81" ten="30,1100,0" yaku="12,1" doraHai="107" who="1" fromWho="1" sc="108,-3,327,21,237,-3,318,-5" owari="105,-39.5,348,44.8,234,-16.6,313,11.3" /></mjloggm>