<mjloggm ver="2.3"><GO type="169" lobby="0"/><UN n0="%7A%6F%6F%31%39%36%34" n1="%E7%9C%9F%E4%B8%80" n2="%43%65%6C%65%73%54%65" n3="%E3%83%80%E3%82%AF%E3%82%BF%E3%83%BC%E3%82%AF%E3%83%AA%E3%83%83%E3%83%97" dan="17,17,16,19" rate="2206.06,2261.71,2124.60,2261.59" sx="M,M,M,M"/><TAIKYOKU oya="0"/><INIT seed="0,0,0,3,3,129" ten="250,250,250,250" oya="0" hai0="14,87,59,31,25,3,17,86,61,37,29,23,43" hai1="132,111,20,41,76,100,107,75,124,2,80,110,34" hai2="121,85,122,84,64,88,114,133,78,1,128,92,74" hai3="95,18,69,135,42,6,91,32,30,120,60,101,72"/><T77/><D3/><U70/><E34/><V49/><F1/><W40/><G72/><T106/><D106/><U96/><E70/><V131/><F64/><W82/><G6/><T63/><D31/><U90/><E2/><V21/><F21/><W54/><G120/><N who="2" m="46185" /><F49/><W45/><G82/><T57/><D43/><U103/><E41/><V55/><F55/><W48/><G101/><T35/><D77/><U56/><E56/><V62/><F62/><W53/><G18/><T117/><D117/><U26/><E124/><V83/><F114/><W38/><G42/><T98/><D98/><N who="1" m="61847" /><E20/><V99/><F133/><W50/><G135/><T73/><D73/><U47/><E26/><V79/><F79/><W10/><G10/><T134/><D37/><U130/><E47/><V104/><F104/><W71/><G60/><T7/><D7/><U67/><E67/><V113/><F113/><W118/><G118/><T4/><D4/><U51/><E51/><V0/><F0/><W5/><G5/><T66/><REACH who="0" step="1"/><D134/><REACH who="0" ten="240,250,250,250" step="2"/><U44/><E132/><V105/><F105/><W16/><G40/><T13/><D13/><U109/><E76/><V19/><F19/><W89/><G16/><T24/><D24/><U12/><E12/><V123/><F123/><W65/><G38/><T68/><D68/><U112/><E112/><V22/><F22/><W97/><G71/><T58/><D58/><U125/><E111/><V8/><F8/><W116/><G69/><T39/><D39/><U33/><E110/><V11/><F11/><W28/><G116/><T36/><D36/><U126/><E109/><RYUUKYOKU ba="0,1" sc="240,15,250,-15,250,15,250,-15" hai0="14,17,23,25,29,35,57,59,61,63,66,86,87" hai2="74,78,83,84,85,88,92,99,128,131" /><INIT seed="0,1,1,3,4,94" ten="255,235,265,235" oya="0" hai0="58,105,91,35,11,123,43,93,69,56,39,73,6" hai1="40,17,134,111,27,48,132,95,55,46,68,23,107" hai2="82,14,41,131,135,64,116,100,18,15,30,86,52" hai3="130,36,31,22,38,26,113,44,10,70,98,78,119"/><T20/><D35/><U49/><E107/><V75/><F75/><W115/><G119/><T1/><D123/><U5/><E68/><V2/><F2/><W89/><G70/><T53/><D69/><U127/><E111/><V120/><F120/><W4/><G78/><T79/><D105/><U90/><E5/><V50/><F131/><W24/><G130/><T108/><D108/><U45/><REACH who="1" step="1"/><E127/><REACH who="1" ten="255,225,265,235" step="2"/><V42/><F116/><W102/><G113/><T122/><D122/><U106/><E106/><V62/><F135/><W133/><G115/><T51/><D39/><U65/><E65/><V60/><F64/><W63/><G4/><T87/><D43/><U103/><E103/><V101/><F41/><W61/><G102/><T109/><D109/><U21/><E21/><V118/><F42/><W8/><G22/><T13/><D20/><U83/><E83/><V32/><F118/><W92/><G133/><T7/><D7/><U34/><E34/><V84/><F100/><W12/><G38/><T59/><REACH who="0" step="1"/><D1/><REACH who="0" ten="245,225,265,235" step="2"/><U129/><E129/><V77/><F32/><W112/><G36/><T54/><D54/><U97/><AGARI ba="1,3" hai="17,23,27,40,45,46,48,49,55,90,95,97,132,134" machi="97" ten="30,4000,0" yaku="1,1,0,1,52,1,53,0" doraHai="94" doraHaiUra="57" who="1" fromWho="1" sc="245,-21,225,73,265,-11,235,-11" /><INIT seed="1,0,0,5,4,51" ten="224,298,254,224" oya="1" hai0="24,87,66,83,50,130,71,105,108,127,90,95,31" hai1="125,48,121,123,14,126,115,19,54,88,36,122,131" hai2="64,107,6,98,44,114,55,92,96,69,76,16,29" hai3="129,40,62,89,47,113,82,74,111,18,13,12,86"/><U73/><E36/><V22/><F114/><W0/><G111/><T52/><D105/><U99/><E73/><V23/><F107/><W118/><G129/><T80/><D108/><U35/><E35/><V39/><F76/><W103/><G118/><T84/><D130/><U72/><E72/><V53/><F6/><W132/><G132/><T119/><D119/><U9/><E115/><V124/><F124/><N who="1" m="47721" /><E131/><V116/><F116/><W11/><G0/><T46/><D127/><U70/><E70/><V15/><F64/><W93/><G113/><T7/><D7/><U68/><E68/><V58/><F69/><W75/><G62/><T56/><D71/><U61/><E61/><N who="2" m="36047" /><F39/><W135/><G135/><T134/><D134/><U49/><E54/><V10/><F29/><W110/><G110/><T21/><D66/><U41/><E41/><V120/><F120/><N who="1" m="30721" /><U30/><DORA hai="79" /><E30/><V3/><F3/><W102/><G75/><T59/><D95/><AGARI ba="0,0" hai="9,14,19,48,49,88,95,99" m="30721,47721" machi="95" ten="50,4800,0" yaku="18,1,54,1" doraHai="51,79" who="1" fromWho="0" sc="224,-48,298,48,254,0,224,0" /><INIT seed="1,1,0,4,4,127" ten="176,346,254,224" oya="1" hai0="31,11,89,27,60,83,78,130,66,49,48,110,17" hai1="104,82,15,131,25,53,80,101,44,81,88,22,40" hai2="135,52,26,115,90,57,39,32,134,128,50,70,56" hai3="33,68,37,54,18,99,62,8,12,43,94,96,16"/><U85/><E131/><V109/><F90/><W93/><G33/><T42/><D110/><U100/><E53/><V87/><F87/><W3/><G3/><T69/><D130/><U107/><E15/><V51/><F26/><W19/><G37/><T124/><D124/><U4/><E4/><V64/><F32/><W120/><G120/><T114/><D114/><U20/><E107/><V74/><F74/><W71/><G43/><T58/><D89/><U125/><E125/><V103/><F103/><N who="3" m="60815" /><G68/><T108/><D108/><U14/><E14/><V72/><F72/><W5/><G71/><T106/><D106/><U122/><E122/><V117/><F109/><W86/><G86/><T45/><D69/><U21/><E25/><V118/><F128/><W30/><G30/><T129/><D129/><U113/><E113/><V79/><F79/><W111/><G111/><T23/><D11/><U116/><E116/><N who="2" m="44651" /><F39/><W34/><G34/><T7/><D7/><U132/><E132/><N who="2" m="50731" /><F115/><W76/><G76/><T28/><REACH who="0" step="1"/><D49/><REACH who="0" ten="166,346,254,224" step="2"/><N who="1" m="26759" /><E104/><V38/><F38/><W73/><G5/><T35/><D35/><U77/><E77/><V105/><F105/><W95/><G8/><T24/><D24/><U55/><E101/><V46/><F51/><W75/><G95/><T84/><AGARI ba="1,1" hai="17,23,27,28,31,42,45,48,58,60,66,78,83,84" machi="84" ten="20,5200,0" yaku="1,1,0,1,7,1,8,1,53,0" doraHai="127" doraHaiUra="119" who="0" fromWho="0" sc="166,65,346,-27,254,-14,224,-14" /><INIT seed="2,0,0,4,2,99" ten="231,319,240,210" oya="2" hai0="121,55,102,92,34,43,96,118,15,127,116,8,88" hai1="2,17,24,106,81,132,124,129,80,134,114,101,13" hai2="48,73,36,9,110,112,131,11,84,51,94,83,45" hai3="27,22,47,59,71,76,85,54,120,0,107,126,56"/><V30/><F112/><W26/><G120/><T63/><D121/><U93/><E114/><V35/><F73/><W82/><G71/><T6/><D34/><U10/><E106/><V67/><F131/><W103/><G126/><T1/><D127/><U115/><E115/><V72/><F72/><W74/><G0/><T60/><D43/><U52/><E124/><V77/><F110/><W64/><G74/><T97/><D1/><U49/><E2/><V66/><F36/><W119/><G119/><N who="0" m="45611" /><D55/><U41/><E41/><V122/><F122/><W91/><G76/><T21/><D21/><U113/><E24/><V53/><F30/><W44/><G27/><T109/><D109/><U104/><E104/><AGARI ba="0,0" hai="6,8,15,60,63,88,92,96,97,102,104" m="45611" machi="104" ten="30,3900,0" yaku="12,1,52,1,54,1" doraHai="99" who="0" fromWho="1" sc="231,39,319,-39,240,0,210,0" /><INIT seed="3,0,0,4,1,65" ten="270,280,240,210" oya="3" hai0="105,13,100,9,0,21,41,14,34,114,8,87,93" hai1="54,109,64,121,55,40,101,27,111,29,74,46,69" hai2="103,107,52,57,62,81,85,92,60,95,10,63,117" hai3="84,99,116,120,73,94,106,42,4,131,133,3,118"/><W108/><G3/><T33/><D105/><U11/><E121/><V30/><F117/><W47/><G4/><N who="0" m="1031" /><D87/><U98/><E74/><V36/><F36/><W24/><G120/><T112/><D41/><U76/><E76/><V53/><F30/><W122/><G73/><T115/><D93/><U49/><E11/><V50/><F10/><W119/><G122/><T86/><D86/><U70/><E64/><V23/><F23/><W125/><G125/><T104/><D100/><U78/><E78/><V83/><F83/><W110/><G133/><T80/><D104/><U102/><E27/><V6/><F6/><W128/><G24/><T88/><D88/><U67/><E29/><V44/><F107/><W124/><G124/><T129/><D80/><U96/><E67/><V5/><F5/><W130/><G84/><T37/><D37/><U91/><E91/><V2/><F2/><W43/><G106/><T26/><D129/><U71/><E40/><V39/><F39/><N who="3" m="21983" /><G43/><T45/><D45/><U75/><E75/><V56/><F103/><AGARI ba="0,0" hai="94,99,103,108,110,116,118,119,128,130,131" m="21983" machi="103" ten="40,2000,0" yaku="19,1" doraHai="65" who="3" fromWho="2" sc="270,0,280,0,240,-20,210,20" /><INIT seed="3,1,0,2,4,118" ten="270,280,220,230" oya="3" hai0="119,61,77,135,20,132,8,47,66,104,134,0,1" hai1="35,124,3,79,59,33,114,12,90,52,6,133,40" hai2="121,4,105,74,96,113,68,98,108,16,7,130,29" hai3="34,88,36,55,91,111,116,28,115,72,107,89,43"/><W46/><G115/><T42/><D119/><U5/><E3/><V11/><F113/><W41/><G116/><T69/><D20/><U32/><E114/><V75/><F68/><W123/><G123/><T67/><D8/><U70/><E70/><V122/><F108/><W15/><G111/><T54/><D67/><U17/><E133/><V128/><F29/><W102/><G72/><N who="2" m="27689" /><F16/><W58/><G43/><T65/><D65/><U10/><E124/><V103/><F98/><W125/><G125/><T83/><D54/><U93/><E79/><V94/><F94/><W97/><G15/><T106/><D83/><U21/><E40/><V120/><F7/><W95/><G28/><T37/><D77/><U31/><E31/><V48/><F48/><W109/><G34/><T57/><D57/><U38/><E38/><V18/><F18/><W49/><REACH who="3" step="1"/><G109/><REACH who="3" ten="270,280,220,220" step="2"/><T23/><D23/><U64/><E10/><V63/><F63/><W45/><G45/><T101/><REACH who="0" step="1"/><D101/><REACH who="0" ten="260,280,220,220" step="2"/><U26/><E32/><V24/><F24/><W71/><G71/><T81/><D81/><U129/><E33/><V30/><F30/><W9/><G9/><T25/><D25/><U50/><E35/><V44/><F44/><W85/><AGARI ba="1,2" hai="36,41,46,49,55,58,85,88,89,91,95,97,102,107" machi="85" ten="20,7800,0" yaku="1,1,0,1,7,1,54,1,53,0" doraHai="118" doraHaiUra="2" who="3" fromWho="3" sc="260,-27,280,-27,220,-27,220,101" /><INIT seed="3,2,0,2,2,4" ten="233,253,193,321" oya="3" hai0="94,19,64,78,128,67,43,59,90,93,76,32,135" hai1="81,49,44,131,31,117,111,132,18,71,85,39,24" hai2="75,103,89,66,35,109,80,133,127,121,124,13,83" hai3="88,100,87,36,91,70,130,60,99,96,97,62,6"/><W68/><G36/><T61/><D32/><U48/><E71/><V42/><F35/><W104/><G130/><T5/><D128/><U52/><E131/><V63/><F42/><W118/><G118/><T53/><D135/><U2/><E2/><V74/><F13/><W54/><G91/><T116/><D116/><U21/><E111/><V16/><F16/><W72/><G72/><N who="2" m="27689" /><F63/><W106/><G6/><T0/><D43/><U113/><E113/><V8/><F8/><W77/><G77/><T126/><D94/><U65/><E132/><V82/><F66/><W27/><G27/><T29/><D29/><U112/><E112/><V101/><F133/><W110/><G110/><T58/><D19/><U86/><E39/><V10/><F10/><W45/><G106/><T50/><D67/><U37/><E37/><V98/><F109/><W30/><G30/><T17/><D17/><U79/><E65/><V55/><F55/><W92/><G45/><T38/><D38/><U11/><E117/><V25/><F25/><W73/><G73/><T102/><D0/><U115/><E115/><V41/><F41/><W123/><G123/><T57/><D57/><U125/><E48/><V15/><F15/><W47/><G47/><T119/><D5/><U22/><E44/><V105/><F121/><W120/><G120/><T134/><D134/><U107/><E31/><V20/><F20/><W33/><G33/><T95/><D119/><U3/><E22/><V46/><F46/><W51/><G68/><T7/><D7/><U108/><E108/><V34/><F34/><W1/><G1/><RYUUKYOKU ba="2,0" sc="233,0,253,0,193,0,321,0" /><INIT seed="4,3,0,5,5,113" ten="233,253,193,321" oya="0" hai0="131,48,51,112,75,55,93,0,19,13,100,24,114" hai1="7,110,66,33,17,96,11,4,50,133,118,60,25" hai2="125,92,23,111,5,65,30,98,2,58,12,101,27" hai3="18,3,16,20,62,6,49,15,29,69,134,73,34"/><T64/><D0/><U97/><E110/><V38/><F38/><W10/><G73/><T45/><D75/><U83/><E133/><V35/><F125/><W37/><G37/><T126/><D126/><U132/><E132/><V122/><F122/><W103/><G134/><T116/><D131/><U128/><E128/><V119/><F111/><W21/><G49/><T117/><D24/><U86/><E118/><V130/><F130/><W54/><G103/><T90/><D64/><U108/><E108/><V121/><F121/><W88/><G88/><T31/><D31/><U89/><E4/><V63/><F35/><W53/><G62/><T80/><D100/><U57/><E50/><V47/><F47/><W22/><G69/><T107/><D107/><U41/><E41/><V105/><F105/><W32/><G53/><T76/><D51/><U84/><E84/><V36/><F36/><W56/><G56/><T8/><D76/><U109/><E109/><V82/><F82/><W124/><G54/><T106/><D106/><U77/><E77/><V87/><F87/><W70/><G70/><T129/><D129/><U52/><E66/><V79/><F79/><W61/><G61/><T135/><D135/><U26/><E33/><N who="3" m="12906" /><G124/><T78/><D78/><U99/><REACH who="1" step="1"/><E17/><REACH who="1" ten="233,243,193,321" step="2"/><N who="3" m="6762" /><G29/><T67/><D67/><U9/><E9/><V115/><F30/><W120/><G120/><T74/><D74/><U127/><E127/><V59/><F65/><W95/><G95/><T39/><D39/><U14/><AGARI ba="3,1" hai="7,11,14,25,26,52,57,60,83,86,89,96,97,99" machi="14" ten="30,7900,0" yaku="1,1,0,1,8,1,54,1,53,0" doraHai="113" doraHaiUra="72" who="1" fromWho="1" sc="233,-42,243,98,193,-23,321,-23" /><INIT seed="5,0,0,2,3,26" ten="191,341,170,298" oya="1" hai0="107,105,118,5,94,117,40,102,108,75,97,111,88" hai1="113,18,89,90,56,135,62,41,25,42,116,120,64" hai2="28,95,98,80,53,29,7,39,49,126,44,52,2" hai3="76,81,112,23,68,48,3,84,50,55,96,114,31"/><U134/><E116/><N who="0" m="44649" /><D5/><U100/><E120/><V57/><F126/><W32/><G3/><T74/><D40/><N who="1" m="15467" /><E100/><V37/><F37/><W34/><G68/><T131/><D131/><U127/><E113/><N who="3" m="43626" /><G96/><N who="0" m="57415" /><D105/><U103/><E103/><V6/><F39/><W47/><G48/><T54/><D54/><U33/><E127/><V14/><F80/><W99/><G99/><T119/><N who="0" m="44657" /><T101/><DORA hai="121" /><D101/><U13/><E33/><V69/><F69/><W72/><G84/><T8/><D8/><N who="1" m="6439" /><E25/><AGARI ba="0,0" hai="23,25,31,32,34,47,50,55,72,76,81" m="43626" machi="25" ten="30,2000,0" yaku="15,1,52,1" doraHai="26,121" who="3" fromWho="1" sc="191,0,341,-20,170,0,298,20" /><INIT seed="6,0,0,2,5,73" ten="191,321,170,318" oya="2" hai0="52,36,108,119,98,90,12,131,115,10,80,16,110" hai1="104,120,28,68,133,86,81,21,30,97,106,91,128" hai2="32,55,43,102,4,85,57,39,135,1,48,122,2" hai3="15,72,58,13,23,34,105,118,0,76,37,31,26"/><V42/><F122/><W5/><G118/><T71/><D71/><U20/><E68/><V111/><F32/><W114/><G105/><T100/><D36/><U38/><E38/><V44/><F135/><W18/><G15/><T74/><D119/><U94/><E120/><V84/><F111/><W93/><G37/><T62/><D115/><U65/><E133/><V53/><F102/><W125/><G125/><T40/><D40/><U77/><E128/><V126/><F126/><W70/><G70/><T54/><D131/><U60/><E104/><V117/><F117/><W19/><G19/><T25/><D25/><U113/><E113/><V45/><F2/><W89/><G58/><T78/><D90/><U29/><E106/><V50/><REACH who="2" step="1"/><F42/><REACH who="2" ten="191,321,160,318" step="2"/><W6/><G0/><T67/><D110/><U121/><E121/><V79/><F79/><W127/><G127/><T69/><D108/><U112/><E112/><V46/><F46/><W35/><G34/><T87/><D74/><U132/><E132/><V41/><F41/><W129/><G114/><T75/><D75/><U88/><E77/><V8/><AGARI ba="0,1" hai="1,4,8,39,43,44,45,48,50,53,55,57,84,85" machi="8" ten="30,3000,0" yaku="1,1,0,1,53,0" doraHai="73" doraHaiUra="61" who="2" fromWho="2" sc="191,-10,321,-10,160,40,318,-10" /><INIT seed="6,1,0,0,4,107" ten="181,311,200,308" oya="2" hai0="13,32,91,5,81,118,85,98,6,71,23,106,10" hai1="101,60,46,15,0,116,9,94,76,56,117,4,64" hai2="54,122,108,31,124,126,130,77,66,109,17,51,134" hai3="70,14,29,27,53,16,132,121,30,67,36,45,21"/><V37/><F31/><W8/><G121/><T88/><D32/><U20/><E76/><V75/><F122/><W129/><G129/><T123/><D123/><U47/><E116/><V59/><F130/><W79/><G132/><T120/><D120/><U35/><E35/><V28/><F28/><W102/><G102/><T84/><D71/><U78/><E117/><V114/><F114/><W19/><G70/><T68/><D68/><U41/><E78/><V93/><F134/><W52/><G67/><T3/><D118/><U57/><E0/><V104/><F104/><W111/><G111/><N who="2" m="42569" /><F17/><W61/><G79/><T2/><D6/><U65/><E20/><V83/><F93/><W69/><G69/><T33/><D33/><U42/><E65/><V103/><F103/><W39/><G39/><T127/><D127/><N who="2" m="48682" /><F66/><W22/><G30/><T49/><D23/><U25/><E94/><V89/><F89/><W95/><G95/><T73/><D106/><U99/><E101/><V62/><F37/><W7/><G36/><T128/><D128/><U12/><E64/><V63/><AGARI ba="1,0" hai="51,54,59,62,63,75,77,83" m="48682,42569" machi="63" ten="40,7800,0" yaku="10,1,18,1,52,1" doraHai="107" who="2" fromWho="2" sc="181,-27,311,-27,200,81,308,-27" /><INIT seed="6,2,0,3,2,98" ten="154,284,281,281" oya="2" hai0="109,78,26,50,100,65,127,91,126,41,4,70,6" hai1="49,112,79,88,17,25,33,74,104,69,19,116,31" hai2="52,75,22,83,42,96,119,53,111,94,38,34,20" hai3="71,29,115,3,62,95,93,60,48,47,107,73,27"/><V64/><F119/><W87/><G73/><T131/><D109/><U125/><E116/><V105/><F105/><W23/><G107/><T80/><D131/><U18/><E69/><V44/><F34/><W85/><G3/><T128/><D128/><U0/><E0/><V11/><F64/><W72/><G72/><T16/><D91/><U123/><E112/><V121/><F121/><W1/><G1/><T66/><D41/><U77/><E104/><V55/><F111/><W90/><G71/><T51/><D70/><U9/><E9/><V135/><F11/><W120/><G115/><T36/><D36/><U132/><E125/><V76/><REACH who="2" step="1"/><F135/><REACH who="2" ten="154,284,271,281" step="2"/><W82/><G120/><T43/><D66/><U37/><E123/><V40/><F40/><N who="3" m="24679" /><G95/><T8/><D65/><U84/><E132/><V86/><F86/><W124/><G124/><T12/><D43/><U106/><E106/><V118/><F118/><W13/><G93/><T39/><D127/><U134/><E134/><V15/><F15/><W130/><G130/><T68/><D126/><U97/><E74/><V61/><F61/><W24/><G13/><T58/><D12/><U99/><E84/><V117/><F117/><W63/><G87/><T7/><D8/><U103/><E33/><V14/><F14/><W28/><G63/><T56/><D4/><U110/><E110/><V113/><F113/><W30/><G27/><T81/><D6/><U54/><E25/><V59/><F59/><W10/><G10/><T35/><D7/><U122/><E122/><V101/><AGARI ba="2,1" hai="20,22,38,42,44,52,53,55,75,76,83,94,96,101" machi="101" ten="30,11700,0" yaku="1,1,0,1,52,1,54,1,53,0" doraHai="98" doraHaiUra="45" who="2" fromWho="2" sc="154,-41,284,-41,271,133,281,-41" /><INIT seed="6,3,0,0,0,53" ten="113,243,404,240" oya="2" hai0="103,132,127,46,131,54,61,108,57,51,63,49,68" hai1="79,6,97,25,4,115,56,74,81,128,33,126,85" hai2="9,75,100,2,42,48,129,34,52,87,89,17,8" hai3="111,70,59,124,99,5,101,10,62,78,41,93,88"/><V47/><F75/><W43/><G111/><T31/><D103/><U135/><E115/><V39/><F129/><W35/><G35/><T30/><D108/><U55/><E128/><V114/><F114/><W104/><G70/><T66/><D131/><U71/><E71/><V58/><F34/><W92/><G124/><T12/><D132/><U109/><E109/><V40/><F100/><W130/><G78/><T37/><D127/><U50/><E126/><V90/><F42/><W32/><G32/><T72/><D72/><U13/><E135/><V86/><F2/><W3/><G130/><T105/><D105/><U84/><E97/><V16/><F87/><W24/><G24/><T77/><D77/><U125/><E125/><V107/><F107/><W7/><G7/><T120/><D120/><U82/><E13/><V11/><REACH who="2" step="1"/><F89/><REACH who="2" ten="113,243,394,240" step="2"/><W123/><G104/><T106/><D106/><U118/><E74/><V67/><F67/><W83/><G123/><T64/><D37/><U96/><E118/><V36/><F36/><W133/><G133/><T69/><REACH who="0" step="1"/><D12/><REACH who="0" ten="103,243,394,240" step="2"/><U122/><E122/><V0/><F0/><W38/><G38/><T1/><D1/><U22/><E79/><V65/><F65/><W27/><G3/><T102/><D102/><U19/><E33/><V14/><F14/><W15/><G101/><T28/><D28/><U23/><E4/><V76/><F76/><W45/><G5/><T121/><D121/><U29/><E6/><V95/><AGARI ba="3,2" hai="8,9,11,16,17,39,40,47,48,52,58,86,90,95" machi="95" ten="30,12000,1" yaku="1,1,0,1,52,1,54,2,53,0" doraHai="53" doraHaiUra="60" who="2" fromWho="2" sc="103,-43,243,-43,394,149,240,-43" /><INIT seed="6,4,0,5,2,89" ten="60,200,543,197" oya="2" hai0="56,130,49,107,124,82,132,46,103,54,119,128,102" hai1="74,131,5,116,43,36,78,110,62,17,111,1,97" hai2="83,4,68,64,20,48,10,118,86,37,7,55,126" hai3="72,92,23,51,129,73,19,45,30,6,88,81,67"/><V53/><F126/><W127/><G6/><T34/><D34/><U28/><E116/><V101/><F118/><W120/><G120/><T125/><D119/><U65/><E17/><V31/><F37/><W100/><G30/><T77/><D107/><U108/><E28/><V24/><F101/><W95/><G67/><T13/><D103/><U33/><E33/><V57/><F68/><W0/><G0/><T16/><D102/><U114/><E97/><V38/><F38/><W117/><G129/><T85/><D132/><U112/><E131/><V79/><F64/><W63/><G63/><T135/><D135/><U133/><E133/><V96/><F96/><N who="3" m="59399" /><G72/><T71/><D71/><U9/><E62/><V115/><F115/><W39/><G39/><T52/><D130/><U113/><E65/><V66/><F66/><W69/><G73/><T59/><D128/><U12/><E12/><V22/><F22/><W26/><G127/><N who="0" m="48715" /><D54/><U41/><E36/><V14/><F53/><N who="3" m="29935" /><G69/><T87/><D85/><U35/><E35/><V11/><F11/><AGARI ba="4,0" hai="11,13,16,46,49,52,56,59,77,82,87" m="48715" machi="11" ten="30,3900,0" yaku="18,1,54,2" doraHai="89" who="0" fromWho="2" sc="60,51,200,0,543,-51,197,0" /><INIT seed="7,0,0,3,4,67" ten="111,200,492,197" oya="3" hai0="112,116,65,42,11,129,132,121,15,109,114,130,9" hai1="71,125,100,79,32,131,49,6,56,120,16,39,88" hai2="87,28,123,60,36,70,2,94,103,61,90,5,128" hai3="21,124,68,126,30,35,8,53,20,82,33,77,113"/><W59/><G113/><N who="0" m="43627" /><D42/><U3/><E71/><V93/><F36/><W80/><G68/><T50/><D50/><U106/><E39/><V63/><F128/><N who="0" m="49258" /><D65/><U14/><E32/><N who="3" m="12362" /><G8/><N who="0" m="3147" /><D109/><U45/><E49/><V84/><F123/><W17/><G30/><T117/><D121/><U48/><E48/><V13/><F2/><W97/><G97/><T1/><D1/><U22/><E3/><V95/><F28/><W27/><G21/><T52/><D52/><U37/><E22/><V23/><F70/><W108/><G108/><T72/><D72/><U96/><E37/><V41/><F41/><W135/><G135/><T101/><D101/><U92/><E100/><V134/><F134/><W7/><G7/><T91/><D91/><U57/><E6/><V58/><F58/><W102/><G102/><T38/><D38/><U66/><E56/><V104/><F104/><W12/><G53/><T10/><D132/><U0/><E66/><V46/><F46/><W83/><G59/><T85/><D85/><U26/><E57/><V34/><F34/><W115/><G115/><T54/><D54/><U25/><E88/><N who="2" m="53383" /><F5/><W118/><G83/><T29/><D29/><U75/><E75/><V133/><F133/><W43/><G80/><T64/><D64/><U107/><E131/><V98/><F23/><W89/><G20/><T19/><AGARI ba="0,0" hai="10,15,19,116,117" m="3147,49258,43627" machi="19" ten="40,8000,1" yaku="15,1,11,1,19,1,34,2" doraHai="67" who="0" fromWho="0" sc="111,80,200,-20,492,-20,197,-40" owari="191,-0.9,180,-22.0,472,57.2,157,-34.3" /></mjloggm>