<mjloggm ver="2.3"><GO type="169" lobby="0"/><UN n0="%E3%81%9F%E3%81%AA%E3%81%8B%E6%95%99%E7%A5%96" n1="%73%70%69%63%61%32%34" n2="%E9%A6%AC%E3%81%AE%E8%80%B3%E3%81%AB%E5%BF%B5%E4%BB%8F" n3="%E7%BD%AA%E5%88%91%E6%B3%95%E5%AE%9A%E4%B8%BB%E7%BE%A9" dan="17,16,17,17" rate="2144.45,2052.90,2173.90,2207.07" sx="M,M,M,M"/><TAIKYOKU oya="0"/><INIT seed="0,0,0,1,1,6" ten="250,250,250,250" oya="0" hai0="71,26,123,104,28,30,90,127,89,106,40,16,118" hai1="63,102,66,47,56,81,130,84,108,119,37,1,92" hai2="13,11,114,75,128,25,113,133,107,96,117,77,62" hai3="69,53,124,94,131,74,132,58,82,52,61,68,33"/><T85/><D118/><U21/><E119/><V48/><F117/><W86/><G33/><T3/><D3/><U38/><E1/><V19/><F133/><W7/><G132/><T99/><D71/><U59/><E108/><V54/><F128/><W116/><G116/><T79/><D123/><U115/><E115/><V2/><F62/><W101/><G131/><T76/><D127/><U36/><E130/><V4/><F25/><W32/><G32/><T8/><D40/><U93/><E56/><V31/><F31/><N who="0" m="11818" /><D106/><U43/><E21/><V120/><F120/><W24/><G24/><T67/><D104/><U57/><E57/><V51/><F75/><W80/><G74/><T110/><D67/><U65/><E65/><V22/><F77/><W88/><G124/><T15/><D110/><U9/><E9/><V105/><F105/><W64/><G7/><T18/><D99/><U135/><E135/><V34/><F34/><W10/><G10/><N who="0" m="6263" /><D90/><U14/><E102/><V55/><F54/><N who="3" m="21099" /><G69/><T35/><D35/><U126/><E126/><V27/><F2/><W91/><G68/><T23/><D8/><U44/><E38/><V112/><REACH who="2" step="1"/><F55/><REACH who="2" ten="250,250,240,250" step="2"/><W72/><G72/><T134/><D134/><U97/><E63/><V111/><F111/><W20/><G61/><T73/><D73/><U29/><E66/><V5/><F5/><W70/><G64/><T41/><D41/><U78/><E43/><V109/><F109/><W83/><G70/><T17/><D17/><U42/><E42/><V49/><F49/><W50/><G50/><T0/><D0/><U39/><E39/><RYUUKYOKU ba="0,1" sc="250,15,250,-15,240,15,250,-15" hai0="18,23,26,76,79,85,89" hai2="4,11,13,19,22,27,48,51,96,107,112,113,114" /><INIT seed="0,1,1,1,0,23" ten="265,235,255,235" oya="0" hai0="24,132,57,79,20,94,108,39,104,102,105,84,66" hai1="6,91,46,75,88,117,8,80,100,86,114,38,47" hai2="69,37,92,40,107,31,42,26,12,33,73,126,111" hai3="64,9,71,11,119,50,89,43,68,120,34,106,110"/><T29/><D39/><U128/><E117/><V25/><F107/><W15/><G119/><T65/><D132/><U32/><E32/><V45/><F73/><W118/><G118/><T116/><D116/><U18/><E128/><V63/><F111/><W96/><G34/><T54/><D108/><U70/><E70/><V77/><F77/><W44/><G110/><T59/><D104/><U121/><E121/><V0/><F0/><W115/><G115/><T58/><D105/><U55/><E114/><V61/><F12/><W48/><G120/><T101/><D54/><U103/><E75/><V35/><F92/><W90/><G106/><T60/><D66/><U127/><E127/><V62/><F126/><W78/><G78/><T16/><D29/><U74/><E74/><V87/><F87/><W72/><G72/><T109/><D109/><U85/><E18/><V2/><F2/><W27/><G64/><T30/><D30/><U36/><E36/><V21/><F35/><W17/><G96/><N who="0" m="59543" /><D102/><U97/><E38/><V133/><F40/><W13/><G43/><T52/><D65/><U129/><E129/><V4/><F133/><W28/><G28/><T113/><D113/><U125/><E125/><V19/><REACH who="2" step="1"/><F4/><REACH who="2" ten="265,235,245,235" step="2"/><W131/><G131/><T130/><D130/><U7/><E6/><V67/><AGARI ba="1,2" hai="19,21,25,26,31,33,37,42,45,61,62,63,67,69" machi="67" ten="30,8000,1" yaku="1,1,2,1,0,1,52,2,53,0" doraHai="23" doraHaiUra="3" who="2" fromWho="2" sc="265,-41,235,-21,245,103,235,-21" /><INIT seed="1,0,0,5,0,62" ten="224,214,348,214" oya="1" hai0="0,111,15,25,109,117,112,52,1,27,107,39,64" hai1="6,93,16,118,92,103,10,78,74,113,18,65,114" hai2="116,83,22,95,28,37,85,46,35,119,126,81,3" hai3="133,106,66,57,49,33,7,129,54,70,76,130,67"/><U80/><E118/><V47/><F35/><W34/><G106/><T100/><D39/><U23/><E65/><N who="3" m="24586" /><G70/><T75/><D75/><U9/><E9/><V20/><F3/><W31/><G31/><T43/><D112/><U8/><E8/><V123/><F28/><W56/><G7/><T102/><D43/><U89/><E103/><V124/><F37/><W58/><G76/><T120/><D117/><U63/><E63/><V42/><F42/><W101/><G101/><T4/><D4/><U105/><E105/><V12/><F123/><W128/><G133/><T19/><D107/><U104/><E104/><V17/><F119/><W60/><G60/><T11/><D120/><U97/><E92/><V127/><F116/><W2/><G2/><T73/><D73/><U45/><E45/><AGARI ba="0,0" hai="33,34,45,49,54,56,57,58,128,129,130" m="24586" machi="45" ten="40,8000,1" yaku="19,1,52,3" doraHai="62" who="3" fromWho="1" sc="224,0,214,-80,348,0,214,80" /><INIT seed="2,0,0,3,3,65" ten="224,134,348,294" oya="2" hai0="59,0,28,93,106,121,32,100,120,30,81,23,89" hai1="71,79,87,13,110,134,26,41,12,124,42,4,36" hai2="80,11,72,67,63,73,130,70,74,8,103,44,108" hai3="47,131,112,46,49,22,98,69,132,35,5,62,27"/><V119/><F119/><W15/><G131/><T84/><D0/><U125/><E110/><V51/><F130/><W21/><G132/><T116/><D32/><U115/><E115/><V68/><F108/><W95/><G112/><T92/><D116/><U101/><E134/><V37/><F37/><W3/><G3/><T43/><D43/><U16/><E101/><V77/><F103/><W24/><G35/><T83/><D106/><U2/><E2/><V38/><F38/><W57/><G69/><T78/><D83/><N who="1" m="47615" /><E71/><V122/><F70/><W40/><G46/><T20/><D120/><U129/><E129/><V104/><F104/><W105/><G105/><T55/><D121/><U61/><E61/><V82/><F122/><W76/><G76/><T109/><D109/><U53/><E53/><V99/><F99/><W66/><G5/><T114/><D114/><U54/><E54/><V17/><F80/><W6/><G6/><T133/><D133/><U60/><E60/><V118/><F118/><W123/><G123/><T126/><D100/><U18/><E26/><N who="3" m="9770" /><G15/><N who="1" m="5706" /><E4/><V14/><REACH who="2" step="1"/><F8/><REACH who="2" ten="224,134,338,294" step="2"/><W10/><G10/><T96/><D96/><U102/><E102/><AGARI ba="0,1" hai="21,22,40,47,49,57,62,66,95,98,102" m="9770" machi="102" ten="30,1000,0" yaku="8,1" doraHai="65" who="3" fromWho="1" sc="224,0,134,-10,338,0,294,20" /><INIT seed="3,0,0,4,5,39" ten="224,124,338,314" oya="3" hai0="71,133,68,35,125,41,6,37,60,31,66,10,69" hai1="20,109,23,36,48,118,72,18,81,16,15,50,28" hai2="130,122,27,98,63,19,100,49,101,57,91,62,55" hai3="4,7,89,110,14,40,85,32,2,134,103,111,33"/><W21/><G103/><T123/><D123/><U106/><E106/><V82/><F130/><W112/><G89/><T46/><D133/><U29/><E36/><V126/><F126/><W86/><G112/><T54/><D125/><U78/><E109/><N who="3" m="41482" /><G134/><T77/><D54/><U99/><E118/><V42/><F122/><W119/><G119/><T51/><D51/><U61/><E61/><V84/><F101/><W17/><G86/><T132/><D132/><U38/><E38/><V12/><F27/><W107/><G107/><T96/><D96/><U34/><E99/><V64/><F64/><W0/><G85/><T53/><D53/><U114/><E114/><V128/><F128/><W108/><N who="3" m="41490" /><W127/><DORA hai="13" /><G40/><T5/><D5/><N who="3" m="2121" /><G127/><T94/><D94/><U11/><E34/><AGARI ba="0,0" hai="0,2,14,17,21,32,33,34" m="2121,41490" machi="34" ten="50,12000,1" yaku="14,1,10,1,34,2,52,1" doraHai="39,13" who="3" fromWho="1" sc="224,0,124,-120,338,0,314,120" /><INIT seed="3,1,0,3,0,78" ten="224,4,338,434" oya="3" hai0="103,70,115,43,18,68,16,42,123,75,79,13,92" hai1="30,96,74,101,119,34,71,112,81,27,36,90,125" hai2="21,9,116,14,64,22,58,82,4,72,46,102,7" hai3="80,87,51,28,47,53,86,11,32,17,128,84,99"/><W122/><G122/><T33/><D123/><U77/><E112/><V120/><F116/><W132/><G132/><T54/><D33/><U98/><E36/><V108/><F108/><W38/><G128/><T0/><D0/><U3/><E3/><V97/><F120/><W48/><G38/><T135/><D115/><U35/><E35/><V12/><F46/><N who="3" m="27799" /><G32/><T100/><D135/><U106/><E119/><V104/><F72/><W61/><G28/><T63/><D18/><U130/><E130/><V49/><F64/><W50/><G61/><T134/><D134/><U26/><E26/><V85/><F58/><W40/><G99/><T56/><D70/><U57/><E57/><V93/><F104/><W126/><G51/><T6/><D6/><U65/><E125/><V25/><F49/><W8/><G126/><T52/><D68/><U62/><E96/><V107/><F107/><W59/><G59/><T89/><D54/><U55/><E90/><V133/><F133/><W20/><G80/><T1/><D1/><U129/><E129/><V114/><F114/><W69/><G69/><T73/><D100/><U67/><E67/><V95/><F25/><W5/><G5/><T76/><D103/><U23/><E23/><V19/><F95/><W60/><G60/><T109/><D109/><U131/><E131/><V121/><F121/><W44/><G44/><T124/><D124/><U118/><E118/><V91/><F4/><W41/><G41/><N who="0" m="15371" /><D73/><U45/><E45/><V37/><F37/><W39/><G39/><T31/><D75/><U29/><E29/><V10/><AGARI ba="1,0" hai="7,9,10,12,14,19,21,22,82,85,91,93,97,102" machi="10" ten="20,8000,1" yaku="5,1,0,1,7,1,8,1,52,1" doraHai="78" who="2" fromWho="2" sc="224,-21,4,-21,338,83,434,-41" owari="203,-19.7,-17,-51.7,421,52.1,393,19.3" /></mjloggm>