<mjloggm ver="2.3"><GO type="169" lobby="0"/><UN n0="%4B%69%74%61%6D%75%72%61" n1="%63%61%74%6D%65%56%47%43" n2="%E3%81%A6%E3%81%BE%E3%81%A1" n3="%E9%B3%B4%E8%8C%B6" dan="18,18,17,16" rate="2299.95,2281.13,2136.72,2165.39" sx="F,M,M,M"/><TAIKYOKU oya="0"/><INIT seed="0,0,0,5,5,55" ten="250,250,250,250" oya="0" hai0="133,67,104,100,126,6,87,60,2,22,82,121,75" hai1="65,89,63,24,1,127,62,38,101,59,36,72,131" hai2="25,18,4,130,53,49,114,80,97,94,48,85,31" hai3="113,46,35,71,103,26,123,37,81,111,30,5,41"/><T134/><D121/><U84/><E72/><V58/><F114/><W64/><G113/><T47/><D126/><U23/><E1/><V115/><F115/><W128/><G123/><T76/><D22/><U110/><E110/><V28/><F130/><W106/><G111/><T21/><D21/><U83/><E131/><V40/><F4/><W132/><G128/><T33/><D33/><U9/><E9/><V73/><F73/><W112/><G112/><T108/><D108/><U45/><E45/><N who="2" m="25639" /><F18/><W129/><G129/><T0/><D47/><U12/><E12/><V43/><F43/><W54/><G81/><T17/><D17/><U27/><E27/><V93/><F93/><W105/><G5/><T13/><D13/><U66/><E101/><N who="2" m="60599" /><F25/><W102/><G105/><T117/><D75/><U50/><E50/><V52/><F53/><W29/><G54/><T79/><D6/><U120/><E127/><V109/><F109/><W57/><G30/><T77/><D2/><U14/><E14/><V95/><F95/><W51/><G106/><T10/><D104/><U56/><E120/><V107/><F107/><W122/><G122/><T78/><D0/><U125/><E125/><V61/><F61/><N who="3" m="40335" /><G132/><T44/><D134/><U42/><E42/><V11/><F11/><W124/><G124/><T99/><D10/><U118/><E118/><V92/><F92/><W15/><G15/><T98/><D117/><U20/><E20/><V7/><F7/><W69/><G69/><N who="0" m="42215" /><D133/><U88/><E89/><AGARI ba="0,0" hai="28,31,49,52,58,80,85,89" m="60599,25639" machi="89" ten="30,3900,0" yaku="8,1,52,1,54,1" doraHai="55" who="2" fromWho="1" sc="250,0,250,-39,250,39,250,0" /><INIT seed="1,0,0,5,4,101" ten="250,211,289,250" oya="1" hai0="115,16,52,129,113,85,48,86,134,63,45,62,2" hai1="37,108,135,107,82,104,60,124,68,106,42,4,105" hai2="96,22,130,110,94,64,5,95,114,46,111,121,70" hai3="56,97,120,38,74,3,23,15,18,65,81,36,35"/><U119/><N who="1" m="26624" /><DORA hai="123" /><U84/><E119/><V0/><F130/><W116/><G120/><T39/><D2/><U50/><E124/><V44/><F121/><W90/><G3/><T109/><D129/><U92/><E4/><V9/><F114/><W80/><G35/><T125/><D125/><U11/><E11/><V53/><F94/><W99/><G116/><T27/><D134/><U26/><E135/><V13/><F64/><W132/><G132/><T127/><D127/><U43/><E108/><N who="2" m="41515" /><F53/><W128/><G56/><T89/><D109/><U30/><E92/><V75/><F75/><W66/><G74/><T51/><D52/><U49/><E60/><V72/><F70/><W47/><G97/><T55/><D55/><U117/><E68/><V24/><F72/><W133/><G99/><T12/><D63/><U77/><E117/><V71/><F71/><W73/><G66/><T33/><D62/><U93/><E93/><V14/><F14/><W103/><G15/><T57/><D12/><U25/><E25/><V17/><F0/><W41/><G65/><T7/><D115/><U32/><REACH who="1" step="1"/><E43/><REACH who="1" ten="250,201,289,250" step="2"/><V31/><F5/><W28/><G41/><T6/><D6/><U88/><E88/><AGARI ba="0,1" hai="9,13,17,22,24,31,44,46,88,95,96" m="41515" machi="88" ten="30,8000,1" yaku="14,1,52,3,54,1" doraHai="101,123" who="2" fromWho="1" sc="250,0,201,-80,289,90,250,0" /><INIT seed="2,0,0,0,5,35" ten="250,121,379,250" oya="2" hai0="79,83,43,16,123,13,86,87,95,55,36,30,99" hai1="125,80,59,61,100,62,116,132,9,44,130,18,88" hai2="3,78,111,112,85,65,103,51,72,69,0,129,5" hai3="24,96,27,53,90,120,46,75,12,104,37,108,89"/><V135/><F112/><W2/><G120/><T101/><D123/><U33/><E33/><V47/><F72/><W49/><G75/><T41/><D30/><U31/><E31/><V107/><F5/><W63/><G108/><T77/><D36/><U15/><E116/><V23/><F23/><W60/><G37/><T28/><D28/><U38/><E130/><V26/><F26/><W133/><G133/><T67/><D67/><U73/><E125/><V102/><F65/><W10/><G27/><T124/><D124/><U56/><E100/><V40/><F69/><W74/><G24/><T82/><D55/><U118/><E118/><V115/><F115/><W113/><G74/><T110/><D110/><U58/><E132/><V66/><F66/><W91/><G113/><T48/><D48/><U50/><E38/><V34/><F34/><W93/><G104/><T94/><D94/><U76/><E76/><V109/><F135/><W21/><G2/><N who="2" m="553" /><F107/><W57/><G21/><AGARI ba="0,0" hai="13,16,21,41,43,77,79,82,83,86,87,95,99,101" machi="21" ten="30,7700,0" yaku="7,1,9,1,8,1,54,1" doraHai="35" who="0" fromWho="3" sc="250,77,121,0,379,0,250,-77" /><INIT seed="3,0,0,0,5,45" ten="327,121,379,173" oya="3" hai0="12,79,94,30,20,37,34,7,26,40,131,127,69" hai1="38,72,5,15,80,52,32,58,13,109,28,59,50" hai2="53,51,117,39,36,95,87,2,108,1,102,33,103" hai3="88,27,66,118,99,134,84,10,114,81,60,104,21"/><W31/><G114/><T49/><D69/><U62/><E38/><V71/><F33/><W125/><G118/><T25/><D131/><U8/><E109/><V44/><F117/><W98/><G134/><T132/><D132/><U133/><E133/><V0/><F71/><W129/><G129/><T41/><D127/><U130/><E130/><V119/><F119/><W70/><G125/><T86/><D37/><U75/><E80/><V42/><F108/><W105/><REACH who="3" step="1"/><G10/><REACH who="3" ten="327,121,379,163" step="2"/><T123/><D123/><U91/><E15/><V112/><F112/><W11/><G11/><T64/><D12/><U67/><REACH who="1" step="1"/><E91/><REACH who="1" ten="327,111,379,163" step="2"/><V124/><F124/><W93/><G93/><T6/><D94/><U48/><E48/><V16/><F95/><W126/><G126/><T82/><D49/><U111/><E111/><V22/><F39/><W135/><G135/><T4/><REACH who="0" step="1"/><D64/><REACH who="0" ten="317,111,379,163" step="2"/><U56/><E56/><V61/><F51/><W68/><G68/><T17/><AGARI ba="0,3" hai="4,6,7,17,20,25,26,30,34,40,41,79,82,86" machi="17" ten="30,4000,0" yaku="1,1,2,1,0,1,53,0" doraHai="45" doraHaiUra="43" who="0" fromWho="0" sc="317,70,111,-10,379,-10,163,-20" /><INIT seed="4,0,0,4,4,105" ten="387,101,369,143" oya="0" hai0="8,128,7,97,118,69,9,91,23,36,27,21,86" hai1="55,13,88,89,72,18,11,46,132,47,54,70,116" hai2="32,108,62,90,114,122,93,71,12,131,103,123,92" hai3="3,60,5,45,61,115,87,120,130,1,101,6,78"/><T17/><D118/><U15/><E116/><V67/><F108/><W10/><G101/><T77/><D128/><U22/><E70/><V29/><F114/><W0/><G115/><T41/><D69/><U48/><E132/><V121/><F131/><W31/><G130/><T26/><D36/><U112/><E72/><V74/><F74/><W59/><G120/><T19/><D41/><U85/><E112/><V80/><F103/><W113/><G113/><T95/><D7/><U57/><E55/><V129/><F129/><W83/><G31/><T82/><AGARI ba="0,0" hai="8,9,17,19,21,23,26,27,77,82,86,91,95,97" machi="82" ten="30,6000,0" yaku="0,1,9,1,8,1" doraHai="105" who="0" fromWho="0" sc="387,60,101,-20,369,-20,143,-20" /><INIT seed="4,1,0,3,3,106" ten="447,81,349,123" oya="0" hai0="39,122,98,3,45,30,46,84,115,42,34,120,17" hai1="102,132,109,105,74,90,70,107,85,73,67,112,93" hai2="79,95,80,94,44,131,12,114,76,91,55,16,50" hai3="27,49,64,97,36,4,22,25,119,81,60,118,54"/><T116/><D116/><U92/><E70/><V1/><F114/><W69/><G36/><T71/><D3/><U104/><E67/><V13/><F131/><W57/><G4/><T21/><D71/><U48/><E48/><V83/><F12/><W26/><G22/><T28/><D115/><U32/><E32/><V82/><F1/><W0/><G0/><T52/><D34/><U66/><E66/><V33/><F33/><W11/><G11/><T110/><D110/><U128/><E112/><V5/><F5/><W77/><REACH who="3" step="1"/><G97/><REACH who="3" ten="447,81,349,113" step="2"/><T65/><D98/><N who="1" m="59719" /><E109/><V8/><REACH who="2" step="1"/><F95/><REACH who="2" ten="447,81,339,113" step="2"/><W134/><G134/><T24/><D21/><U125/><E132/><V56/><F56/><W75/><AGARI ba="1,2" hai="25,26,27,49,54,57,60,64,69,75,77,81,118,119" machi="75" ten="30,4000,0" yaku="1,1,0,1,52,1,53,0" doraHai="106" doraHaiUra="129" who="3" fromWho="3" sc="447,-21,81,-11,339,-11,113,63" /><INIT seed="5,0,0,0,2,93" ten="426,70,328,176" oya="1" hai0="50,8,110,80,26,12,77,109,86,88,122,19,40" hai1="59,85,112,34,60,119,125,111,48,116,25,42,126" hai2="5,95,79,27,56,35,52,131,18,71,130,47,92" hai3="49,7,102,121,72,73,98,66,108,11,36,54,89"/><U97/><E112/><V37/><F71/><W9/><G108/><T21/><D122/><U57/><E111/><V16/><F5/><W1/><G121/><T4/><D88/><U43/><E85/><V117/><F79/><W114/><G36/><T10/><D10/><U51/><E34/><V103/><F117/><W70/><G114/><T31/><D31/><U0/><E25/><V13/><F47/><AGARI ba="0,0" hai="4,8,12,19,21,26,40,47,50,77,80,86,109,110" machi="47" ten="40,2600,0" yaku="25,2" doraHai="93" who="0" fromWho="2" sc="426,26,70,0,328,-26,176,0" /><INIT seed="6,0,0,1,3,1" ten="452,70,302,176" oya="2" hai0="51,93,105,4,118,123,29,131,129,133,130,55,58" hai1="46,79,21,135,64,22,11,92,71,37,8,35,33" hai2="56,0,99,13,60,84,73,3,115,50,26,61,38" hai3="80,87,52,57,103,49,117,42,39,44,109,23,132"/><V82/><F38/><W31/><G109/><T24/><D123/><U10/><E79/><V108/><F73/><W97/><G132/><T40/><D133/><U63/><E135/><V91/><F115/><W9/><G117/><T119/><D105/><U28/><E37/><V66/><F108/><W125/><G125/><T134/><D134/><U126/><E126/><V53/><F26/><W15/><G23/><N who="0" m="15519" /><D40/><U78/><E78/><V107/><F60/><W76/><G31/><T47/><D47/><U14/><E46/><V88/><F13/><W86/><G87/><T121/><D121/><U127/><E127/><V124/><F124/><W12/><REACH who="3" step="1"/><G9/><REACH who="3" ten="452,70,302,166" step="2"/><T83/><D119/><U95/><E28/><V120/><F120/><W101/><G101/><T2/><D118/><U65/><E65/><V111/><F111/><W72/><G72/><T74/><D74/><U30/><E30/><V62/><F84/><W68/><G68/><T104/><D131/><U96/><E96/><V54/><F99/><W32/><G32/><T70/><D70/><U85/><E85/><V67/><F67/><W41/><G41/><T89/><D130/><U25/><E25/><V128/><F66/><W59/><G59/><T100/><D58/><U27/><E27/><V98/><F56/><W7/><G7/><T106/><D4/><U69/><E69/><V20/><F98/><W5/><G5/><T19/><D100/><U116/><E116/><V114/><F128/><W90/><G90/><T77/><D89/><U6/><E6/><V112/><F91/><W122/><G122/><T43/><D129/><RYUUKYOKU ba="0,1" sc="452,-10,70,-10,302,-10,166,30" hai3="12,15,39,42,44,49,52,57,76,80,86,97,103" /><INIT seed="7,1,1,1,0,66" ten="442,60,292,196" oya="3" hai0="94,134,16,35,37,10,113,124,5,26,104,99,48" hai1="68,82,115,75,13,52,100,97,15,64,34,20,51" hai2="120,118,90,18,11,89,30,50,121,4,28,57,23" hai3="103,74,46,71,111,42,59,110,80,76,95,81,114"/><W91/><G59/><T33/><D37/><U112/><E34/><V38/><F38/><W83/><G103/><T25/><D104/><U0/><E0/><V27/><F118/><W102/><G102/><T79/><D79/><U7/><E7/><V73/><F73/><W131/><G114/><T3/><D113/><U60/><E115/><V116/><F116/><W85/><G131/><T126/><D48/><U106/><E112/><V92/><F89/><W77/><G71/><T56/><D56/><U9/><E20/><V2/><F50/><W41/><G46/><T8/><D134/><U93/><E106/><V6/><F6/><W108/><REACH who="3" step="1"/><G81/><REACH who="3" ten="442,60,292,186" step="2"/><T61/><D126/><U123/><E123/><N who="2" m="47179" /><F57/><W88/><G88/><T17/><D124/><U127/><E127/><V107/><F107/><W14/><G14/><T22/><D3/><U36/><E36/><V69/><F69/><W53/><G53/><T129/><D129/><U72/><E82/><V55/><F55/><W1/><G1/><T32/><D94/><U70/><E68/><V125/><F125/><W45/><G45/><T86/><D61/><U133/><E133/><V132/><F132/><W105/><G105/><T128/><D128/><U84/><E84/><AGARI ba="1,2" hai="2,4,11,18,23,27,28,30,84,90,92" m="47179" machi="84" ten="30,1000,0" yaku="13,1" doraHai="66" who="2" fromWho="1" sc="442,0,60,-13,292,33,186,0" /><AGARI ba="1,0" hai="41,42,74,76,77,80,83,84,85,91,95,108,110,111" machi="84" ten="40,3900,0" yaku="1,1,10,1,53,0" doraHai="66" doraHaiUra="12" who="3" fromWho="1" sc="442,0,47,-39,325,0,186,39" /><INIT seed="7,2,0,3,5,73" ten="442,8,325,225" oya="3" hai0="86,12,96,21,64,123,108,52,30,34,125,70,49" hai1="0,62,126,41,87,79,112,20,63,98,71,54,120" hai2="16,113,37,91,57,116,35,45,43,109,25,22,23" hai3="4,102,121,94,82,47,124,5,10,107,117,7,101"/><W67/><G121/><T26/><D123/><U118/><E20/><V15/><F109/><W55/><G117/><T29/><D108/><U51/><E87/><V50/><F116/><W104/><G124/><T84/><D125/><U9/><E9/><V76/><F113/><W105/><G67/><T74/><D74/><U88/><E98/><V3/><F3/><W2/><G2/><T100/><D30/><U110/><E51/><V81/><F35/><W93/><G10/><T78/><D78/><U131/><E54/><V99/><F37/><W58/><G47/><T13/><D13/><U92/><E92/><N who="2" m="56735" /><F57/><W48/><REACH who="3" step="1"/><G82/><REACH who="3" ten="442,8,325,215" step="2"/><T8/><D8/><U106/><E41/><V38/><F38/><W80/><G80/><T85/><D64/><U122/><E62/><V89/><F81/><W44/><G44/><T77/><D70/><U111/><E63/><V33/><F45/><W130/><G130/><T18/><D49/><U42/><E42/><V83/><F50/><W46/><G46/><T32/><D52/><U135/><E122/><V53/><F83/><W40/><G40/><T128/><D128/><U11/><E11/><V6/><F53/><W90/><G90/><T56/><D56/><U31/><E88/><V114/><F89/><W133/><G133/><T127/><D127/><U60/><E60/><V14/><F43/><W69/><G69/><T17/><D86/><U28/><E120/><V95/><F114/><W59/><G59/><T68/><D68/><U24/><E71/><V1/><F1/><W115/><G115/><T66/><D66/><U119/><E112/><RYUUKYOKU ba="2,1" sc="442,-10,8,-10,325,-10,215,30" hai3="4,5,7,48,55,58,93,94,101,102,104,105,107" owari="442,54.2,-2,-50.2,315,11.5,245,-15.5" /></mjloggm>