<mjloggm ver="2.3"><GO type="169" lobby="0"/><UN n0="%E3%81%BE%E3%81%88%E3%81%9F" n1="%73%69%65%72%61%34%30%31" n2="%E3%83%96%E3%83%BC%E3%83%93%E3%83%BC" n3="%70%6F%6E%2D%65%6E" dan="17,17,16,16" rate="2202.05,2249.08,2217.04,2114.32" sx="F,F,M,F"/><TAIKYOKU oya="0"/><INIT seed="0,0,0,3,4,99" ten="250,250,250,250" oya="0" hai0="108,84,38,81,66,1,92,128,107,105,42,125,25" hai1="26,68,131,47,24,134,118,93,89,121,28,27,83" hai2="130,127,116,12,106,13,109,117,80,18,44,79,72" hai3="123,133,126,48,37,2,110,52,40,96,132,57,53"/><T5/><D125/><U114/><E118/><N who="2" m="45675" /><F127/><W21/><G2/><T8/><D128/><U70/><E121/><V98/><F130/><W88/><G126/><T65/><D108/><U95/><E131/><V20/><F109/><W50/><G110/><T135/><D135/><N who="3" m="51785" /><G123/><T113/><D113/><U49/><E134/><V111/><F111/><W115/><G115/><T75/><D25/><U112/><E28/><V119/><N who="2" m="45683" /><V58/><DORA hai="61" /><F58/><N who="3" m="33031" /><G21/><T67/><D92/><U36/><E93/><V104/><F44/><N who="3" m="23567" /><G96/><T82/><D82/><U43/><E83/><V86/><F98/><W51/><G88/><T90/><REACH who="0" step="1"/><D75/><REACH who="0" ten="240,250,250,250" step="2"/><U7/><E112/><V63/><F72/><W9/><G9/><T35/><D35/><U11/><E114/><V30/><F80/><W34/><G34/><T0/><D0/><U41/><E11/><V46/><F104/><W14/><G14/><T23/><D23/><U124/><E124/><V45/><F106/><W91/><G91/><T17/><D17/><U6/><E89/><V60/><F18/><W103/><G103/><T32/><D32/><U3/><E95/><V77/><F12/><W39/><G39/><T74/><D74/><U78/><E3/><V100/><F100/><W15/><G15/><T87/><D87/><U31/><E27/><N who="2" m="16743" /><F86/><W122/><G122/><T59/><D59/><U56/><E26/><V85/><F13/><W64/><G51/><T120/><D120/><U94/><E24/><V33/><F33/><W29/><G29/><T129/><D129/><U62/><E31/><V97/><F85/><W4/><G4/><RYUUKYOKU ba="0,1" sc="240,15,250,-15,250,-15,250,15" hai0="1,5,8,38,42,65,66,67,81,84,90,105,107" hai3="50,53,57,64" /><INIT seed="0,1,1,3,0,19" ten="255,235,235,265" oya="0" hai0="90,13,69,14,37,54,116,100,105,66,86,53,0" hai1="132,134,122,56,65,119,57,34,6,24,126,95,85" hai2="120,12,28,58,72,79,68,49,50,106,127,130,62" hai3="77,21,40,43,99,25,64,128,87,91,39,115,78"/><T88/><D0/><U123/><E85/><V3/><F3/><W81/><G39/><T11/><D37/><U84/><E84/><V101/><F120/><N who="1" m="46121" /><E95/><V89/><F130/><W111/><G115/><T104/><D116/><U1/><E65/><V47/><F68/><W31/><G111/><T107/><D100/><U71/><E56/><V45/><F28/><W42/><G128/><T80/><D90/><U114/><E57/><V4/><F127/><W51/><G64/><T94/><D94/><U35/><E71/><V20/><F4/><W74/><G74/><T52/><REACH who="0" step="1"/><D11/><REACH who="0" ten="245,235,235,265" step="2"/><N who="1" m="2511" /><E119/><V103/><F89/><W9/><G99/><T131/><D131/><U17/><E126/><V61/><F106/><W59/><G9/><T102/><D102/><U48/><E114/><V98/><F103/><W41/><N who="3" m="10240" /><DORA hai="133" /><W117/><G117/><T5/><D5/><U110/><E110/><V60/><F101/><W27/><REACH who="3" step="1"/><G25/><REACH who="3" ten="245,235,235,255" step="2"/><T7/><D7/><U10/><E10/><V96/><F96/><W44/><G44/><T63/><AGARI ba="1,3" hai="13,14,52,53,54,63,66,69,80,86,88,104,105,107" machi="63" ten="40,12000,1" yaku="1,1,0,1,54,2,53,0" doraHai="19,133" doraHaiUra="36,118" who="0" fromWho="0" sc="245,153,235,-41,235,-41,255,-41" /><INIT seed="0,2,0,5,1,105" ten="398,194,194,214" oya="0" hai0="26,63,60,64,57,112,79,87,7,5,43,20,133" hai1="28,101,53,94,48,135,98,2,14,122,58,131,99" hai2="73,114,68,125,21,29,109,110,9,41,11,121,71" hai3="46,132,44,18,56,38,86,12,49,130,55,80,52"/><T106/><D106/><U120/><E2/><V123/><F114/><W107/><G107/><T84/><D112/><U91/><E131/><V70/><F41/><W69/><G69/><T27/><D133/><U13/><E135/><V116/><F116/><W85/><G130/><T42/><D20/><U78/><E28/><V45/><F45/><N who="3" m="27695" /><G38/><T90/><D90/><U25/><E25/><V127/><F21/><N who="3" m="11463" /><G132/><T115/><D115/><U103/><E91/><V111/><F29/><W54/><G54/><T32/><D57/><U81/><E120/><N who="2" m="46155" /><F73/><W15/><G15/><T126/><D64/><U8/><E122/><V62/><F62/><N who="3" m="36127" /><G86/><T83/><D32/><U129/><E129/><V128/><F128/><W108/><G108/><T76/><REACH who="0" step="1"/><D83/><REACH who="0" ten="388,194,194,214" step="2"/><U17/><E81/><V72/><F9/><W40/><G40/><T77/><D77/><AGARI ba="2,1" hai="44,46,77,80,85" m="36127,11463,27695" machi="77" ten="30,2000,0" yaku="8,1,54,1" doraHai="105" who="3" fromWho="0" sc="388,-26,194,0,194,0,214,36" /><INIT seed="1,0,0,4,1,118" ten="362,194,194,250" oya="1" hai0="48,25,129,62,40,115,30,35,43,108,37,88,113" hai1="120,17,10,104,77,117,27,90,130,16,94,109,67" hai2="105,28,32,112,5,106,87,85,80,92,81,95,134" hai3="79,78,124,19,18,58,125,74,82,97,72,7,65"/><U127/><E117/><V93/><F5/><W56/><G7/><T29/><D108/><U71/><E104/><N who="2" m="40043" /><F28/><W131/><G97/><T11/><D129/><U70/><E130/><V64/><F64/><W46/><G46/><T36/><D48/><U51/><E127/><V44/><F44/><W98/><G98/><T122/><D62/><U73/><E109/><V75/><F32/><W20/><G82/><T34/><D25/><U21/><E67/><V101/><F112/><W4/><G4/><T99/><D99/><U3/><E51/><V63/><F63/><W49/><G49/><T107/><D107/><U50/><E50/><V119/><F119/><W1/><G65/><T2/><D11/><U23/><E10/><V33/><F33/><W86/><G86/><N who="2" m="32777" /><F134/><W132/><G20/><T128/><D128/><U84/><E3/><V57/><F57/><W68/><G131/><T89/><D2/><U26/><REACH who="1" step="1"/><E120/><AGARI ba="0,0" hai="29,30,34,35,36,37,40,43,88,89,113,115,120,122" machi="120" ten="25,8000,1" yaku="22,2,52,2,54,1" doraHai="118" who="0" fromWho="1" sc="362,80,194,-80,194,0,250,0" /><INIT seed="2,0,0,4,4,116" ten="442,114,194,250" oya="2" hai0="82,85,61,24,63,128,38,51,83,56,131,135,108" hai1="33,99,43,122,41,86,8,117,45,32,87,118,12" hai2="3,21,79,84,67,5,14,2,60,30,54,88,95" hai3="107,58,120,121,126,77,110,96,73,119,62,52,34"/><V134/><F134/><W104/><G119/><T76/><D38/><U114/><E114/><V42/><F42/><W129/><G34/><T27/><D108/><U112/><E112/><V0/><F54/><W103/><G110/><T40/><D135/><U50/><E99/><V64/><F79/><W13/><G107/><T65/><D82/><U101/><E101/><V92/><F92/><W57/><G126/><T91/><D76/><U66/><E66/><V115/><F115/><W105/><G105/><T18/><D61/><U48/><E12/><V35/><F35/><W89/><G129/><N who="0" m="49739" /><D18/><U11/><REACH who="1" step="1"/><E45/><AGARI ba="0,0" hai="24,27,40,45,51,56,63,65,83,85,91" m="49739" machi="45" ten="30,1000,0" yaku="19,1" doraHai="116" who="0" fromWho="1" sc="442,10,114,-10,194,0,250,0" /><INIT seed="3,0,0,5,2,103" ten="452,104,194,250" oya="3" hai0="61,111,92,24,66,68,114,48,53,88,91,76,82" hai1="30,29,131,116,19,31,81,100,2,123,45,59,128" hai2="70,37,115,54,134,125,79,106,119,86,109,98,121" hai3="132,120,10,69,87,40,102,41,16,101,62,32,130"/><W90/><G32/><T110/><D114/><U42/><E123/><V14/><RYUUKYOKU type="yao9" ba="0,0" sc="452,0,104,0,194,0,250,0" hai2="14,37,54,70,79,86,98,106,109,115,119,121,125,134" /><INIT seed="3,1,0,5,5,96" ten="452,104,194,250" oya="3" hai0="17,13,12,81,92,59,60,49,9,15,128,25,32" hai1="21,48,116,103,115,42,53,99,90,119,6,80,105" hai2="78,88,74,77,61,133,45,43,57,58,85,106,87" hai3="29,11,16,70,18,127,98,100,71,135,26,28,114"/><W35/><G114/><T34/><D128/><U94/><E42/><V107/><F74/><W66/><G127/><T75/><D49/><U38/><E38/><V1/><F1/><W101/><G135/><T79/><D34/><U2/><E21/><V121/><F121/><W8/><G98/><T118/><D118/><N who="1" m="45099" /><E6/><V73/><F73/><W41/><G66/><T22/><D32/><U10/><E10/><V31/><F31/><W130/><G35/><T44/><D92/><U3/><E80/><V125/><F133/><W72/><G72/><T4/><D44/><N who="1" m="27783" /><E115/><V124/><F45/><W19/><G19/><T23/><D23/><U33/><E33/><V40/><REACH who="2" step="1"/><F61/><REACH who="2" ten="452,104,184,250" step="2"/><W27/><REACH who="3" step="1"/><G41/><REACH who="3" ten="452,104,184,240" step="2"/><T112/><D112/><U126/><E126/><V46/><F46/><W5/><G5/><T104/><D75/><U76/><E76/><V56/><F56/><W52/><G52/><T120/><D59/><U134/><E134/><V51/><F51/><W20/><G20/><T111/><D22/><U37/><E37/><V97/><F97/><AGARI ba="1,2" hai="2,3,90,94,97,99,103,105" m="27783,45099" machi="97" ten="30,2000,0" yaku="12,1,52,1" doraHai="96" who="1" fromWho="2" sc="452,0,104,43,184,-23,240,0" /><INIT seed="4,0,0,1,1,55" ten="452,147,161,240" oya="0" hai0="24,134,36,79,43,70,30,34,109,20,126,46,135" hai1="22,13,39,19,6,58,8,25,89,127,120,29,81" hai2="74,4,3,67,108,88,121,40,117,42,69,62,125" hai3="2,5,101,92,61,51,47,114,105,72,82,27,17"/><T133/><D126/><U73/><E120/><V23/><F121/><W11/><G114/><T103/><D109/><U53/><E39/><V15/><F74/><W57/><G105/><T28/><D70/><U91/><E127/><V41/><F117/><W32/><G72/><T35/><D79/><U7/><E73/><V49/><F108/><W87/><G101/><T1/><D1/><U100/><E100/><V54/><F3/><W75/><G92/><T94/><D30/><U14/><E81/><V18/><F125/><W80/><G75/><T78/><D78/><U132/><E132/><V21/><F4/><W86/><G32/><T12/><D12/><U115/><E115/><V95/><F23/><W84/><G17/><T111/><D111/><U112/><E112/><V97/><REACH who="2" step="1"/><F41/><REACH who="2" ten="452,147,151,240" step="2"/><W113/><G113/><T90/><D20/><N who="1" m="15527" /><E6/><V9/><F9/><W83/><G27/><T77/><D35/><U104/><E104/><V50/><F50/><AGARI ba="0,1" hai="7,8,13,14,19,22,50,53,58,89,91" m="15527" machi="50" ten="30,2000,0" yaku="8,1,52,1" doraHai="55" who="1" fromWho="2" sc="452,0,147,30,151,-20,240,0" /><INIT seed="5,0,0,5,2,31" ten="452,177,131,240" oya="1" hai0="83,113,6,29,133,87,16,61,78,38,41,94,28" hai1="34,129,89,70,67,96,49,116,23,37,26,73,35" hai2="82,56,36,91,3,58,52,85,45,130,54,11,7" hai3="43,128,132,105,99,15,68,124,66,88,93,74,24"/><U8/><E116/><V90/><F130/><W63/><G128/><T98/><D133/><U101/><E37/><V76/><F45/><W2/><G2/><T127/><D113/><U32/><E129/><V60/><REACH who="2" step="1"/><F36/><REACH who="2" ten="452,177,121,240" step="2"/><W27/><G132/><T125/><D38/><U102/><E73/><V1/><F1/><W64/><G124/><T13/><D127/><U109/><E109/><V39/><F39/><W9/><G74/><T118/><D125/><U120/><E120/><V134/><F134/><W59/><G68/><T42/><D118/><U112/><E112/><V10/><F10/><W115/><G9/><T80/><D42/><U5/><E70/><V30/><F30/><W71/><G43/><T107/><D41/><U117/><E117/><V55/><F55/><W18/><G71/><T21/><D29/><U62/><E67/><V110/><F110/><W44/><G44/><T72/><D28/><U12/><E49/><AGARI ba="0,1" hai="3,7,11,49,52,54,56,58,60,76,82,85,90,91" machi="49" ten="30,3900,0" yaku="1,1,7,1,54,1,53,0" doraHai="31" doraHaiUra="20" who="2" fromWho="1" sc="452,0,177,-39,121,49,240,0" /><INIT seed="6,0,0,0,4,135" ten="452,138,170,240" oya="2" hai0="10,119,40,37,125,108,133,56,52,103,127,21,27" hai1="70,124,107,51,126,32,78,19,82,80,44,4,30" hai2="121,132,62,76,6,96,118,14,88,115,54,91,11" hai3="31,73,99,68,122,75,66,117,110,106,94,25,39"/><V2/><F118/><W5/><G110/><T83/><D108/><U33/><E107/><V100/><F121/><W1/><G39/><T109/><D109/><U12/><E70/><V134/><F76/><W104/><G94/><T111/><D111/><U123/><E4/><V105/><F115/><W64/><G64/><T20/><D119/><U93/><E93/><V29/><F29/><W102/><G106/><T58/><D58/><U50/><E123/><V26/><F26/><W59/><G59/><T28/><D103/><U77/><E30/><V48/><F62/><N who="3" m="40023" /><G117/><T42/><D21/><U79/><E12/><V9/><F134/><W113/><G113/><T98/><D98/><U112/><E19/><V74/><F74/><W46/><G46/><T45/><D40/><U69/><E69/><V23/><F23/><W15/><G15/><T95/><D95/><U38/><E38/><V13/><F132/><W17/><G17/><T43/><D43/><U90/><E90/><V130/><F130/><W18/><G18/><T131/><D131/><U35/><E112/><V36/><F36/><W61/><G61/><T47/><D45/><U41/><REACH who="1" step="1"/><E51/><REACH who="1" ten="452,128,170,240" step="2"/><V116/><F116/><W101/><G101/><T81/><D133/><U120/><E120/><V16/><F2/><W53/><G122/><T89/><D89/><U24/><E24/><V128/><F128/><W22/><G25/><T87/><D37/><U49/><E49/><V84/><F84/><W7/><G1/><T114/><D87/><U3/><E3/><V65/><F91/><W57/><G102/><T86/><D86/><RYUUKYOKU ba="0,1" sc="452,-10,128,30,170,-10,240,-10" hai1="32,33,35,41,44,50,77,78,79,80,82,124,126" /><INIT seed="7,1,1,4,5,119" ten="442,158,160,230" oya="3" hai0="73,76,98,135,122,132,72,7,13,21,33,106,91" hai1="30,22,38,3,19,50,114,81,124,59,61,66,83" hai2="43,54,101,11,49,41,92,90,84,108,103,14,1" hai3="2,5,78,23,4,15,110,133,104,34,109,58,82"/><W94/><G104/><T79/><D33/><U95/><E38/><V35/><F108/><W16/><G34/><T120/><D21/><U68/><E3/><V125/><F125/><W100/><G58/><T32/><D32/><U51/><E124/><V107/><F1/><W130/><G2/><T115/><D115/><U80/><E114/><V25/><F25/><W63/><G63/><T26/><D26/><N who="1" m="16727" /><E68/><V12/><F35/><W105/><G94/><N who="0" m="56671" /><D106/><U10/><E95/><V42/><F107/><W74/><G100/><N who="2" m="38473" /><F11/><W65/><G65/><T17/><D7/><U117/><E117/><V71/><F71/><W96/><G96/><T28/><D28/><U45/><E45/><AGARI ba="1,1" hai="12,14,41,42,43,45,49,54,84,90,92" m="38473" machi="45" ten="30,1000,0" yaku="8,1" doraHai="119" who="2" fromWho="1" sc="442,0,158,-13,160,23,230,0" owari="442,54.2,145,-35.5,183,-21.7,230,3.0" /></mjloggm>