<mjloggm ver="2.3"><GO type="169" lobby="0"/><UN n0="%E9%BB%92%E6%B2%A2%E7%BE%A9%E6%98%8E" n1="%E9%95%B7%E5%B1%B1%E5%A4%A7%E6%A8%B9" n2="%6F%6B%61%62%65%73%68%69" n3="%E3%81%8B%E3%81%AA%E3%81%8D%E3%83%BC" dan="17,17,17,17" rate="2195.54,2127.51,2201.36,2224.16" sx="M,M,M,F"/><TAIKYOKU oya="0"/><INIT seed="0,0,0,0,4,67" ten="250,250,250,250" oya="0" hai0="58,22,133,44,109,56,47,101,27,115,130,91,64" hai1="21,13,65,94,126,79,93,110,74,31,57,14,117" hai2="106,2,77,122,24,66,4,10,123,20,5,8,99" hai3="51,113,18,60,17,111,50,98,82,119,92,7,69"/><T97/><D115/><U84/><E117/><V131/><F77/><W63/><G119/><T87/><D130/><U83/><E110/><V68/><F131/><W41/><G113/><T40/><D133/><U49/><E126/><V129/><F129/><W33/><G33/><T78/><D78/><U29/><E74/><V81/><F81/><W34/><G34/><T107/><D109/><U108/><E108/><V48/><F48/><W30/><G30/><N who="1" m="11274" /><E49/><V32/><F20/><W103/><G111/><T59/><D64/><U11/><E21/><V89/><F89/><W95/><G7/><T72/><D72/><U121/><E121/><V25/><F32/><W0/><G0/><T52/><D52/><U54/><E65/><V114/><F24/><W125/><G82/><T6/><D6/><U88/><E79/><V102/><F25/><W45/><G125/><T96/><D96/><U61/><E14/><V104/><F114/><W35/><G35/><T75/><D75/><U71/><E71/><V105/><F122/><W43/><G69/><T55/><D55/><U76/><E76/><V46/><F46/><N who="3" m="25935" /><G95/><T73/><D73/><U135/><E135/><V90/><F90/><W15/><G18/><AGARI ba="0,0" hai="11,13,18,54,57,61,83,84,88,93,94" m="11274" machi="18" ten="30,2000,0" yaku="8,1,54,1" doraHai="67" who="1" fromWho="3" sc="250,0,250,20,250,0,250,-20" /><INIT seed="1,0,0,1,2,87" ten="250,270,250,230" oya="1" hai0="76,38,7,62,0,6,28,68,9,48,45,75,92" hai1="12,34,125,119,22,11,96,53,74,72,88,90,55" hai2="77,61,54,63,82,120,64,129,39,131,118,110,122" hai3="67,33,95,73,134,46,31,32,66,117,69,99,70"/><U89/><E119/><V116/><F82/><W106/><G117/><N who="2" m="45161" /><F77/><W115/><G115/><T104/><D104/><U42/><E34/><V102/><F102/><W91/><G134/><T18/><D28/><U35/><E35/><V113/><F39/><W36/><G73/><T86/><D7/><U94/><E125/><V16/><F16/><W80/><G80/><T81/><D18/><N who="1" m="8479" /><E72/><V133/><F54/><N who="1" m="20489" /><E74/><V83/><F83/><W15/><G106/><T78/><D78/><U8/><E8/><V14/><F14/><W121/><G32/><T56/><D68/><U59/><E42/><V93/><F93/><W43/><G70/><T111/><D38/><U60/><E22/><V20/><F20/><W13/><G69/><T29/><D29/><U97/><E97/><V47/><F113/><W51/><G36/><T65/><D75/><U44/><E44/><V128/><F133/><W3/><G3/><T103/><D45/><U124/><E124/><V24/><F24/><W30/><G30/><T79/><D79/><U108/><E108/><V37/><F110/><W123/><G31/><T132/><D132/><U130/><E130/><V27/><F27/><W21/><G33/><T114/><D114/><U17/><E17/><V41/><F64/><AGARI ba="0,0" hai="59,60,64,88,89,90,94,96" m="20489,8479" machi="64" ten="30,12000,1" yaku="8,1,52,3,54,1" doraHai="87" who="1" fromWho="2" sc="250,0,270,120,250,-120,230,0" /><INIT seed="1,1,0,2,0,135" ten="250,390,130,230" oya="1" hai0="52,105,20,80,83,104,64,96,1,30,58,48,36" hai1="82,35,81,71,7,19,126,37,133,130,72,100,14" hai2="57,67,43,39,49,108,23,98,62,128,69,25,97" hai3="4,6,65,0,44,16,120,84,132,131,129,94,12"/><U78/><E71/><V60/><F128/><N who="3" m="49227" /><G120/><T109/><D1/><U127/><E130/><V101/><F108/><W90/><G132/><T107/><D36/><U116/><E133/><V88/><F39/><W61/><G44/><T5/><D5/><U99/><E116/><V55/><F43/><W111/><G0/><T15/><D109/><U123/><E123/><V53/><F101/><W112/><G112/><T8/><D64/><U115/><E115/><V28/><F88/><W41/><G41/><T118/><D118/><U113/><E113/><V121/><REACH who="2" step="1"/><F121/><REACH who="2" ten="250,390,120,230" step="2"/><W46/><G111/><T87/><D96/><U134/><E37/><V2/><F2/><W91/><G91/><T79/><D107/><U29/><E134/><V85/><F85/><W9/><G46/><AGARI ba="1,1" hai="23,25,28,46,49,53,55,57,60,62,67,69,97,98" machi="46" ten="30,2000,0" yaku="1,1,7,1,53,0" doraHai="135" doraHaiUra="106" who="2" fromWho="3" sc="250,0,390,0,120,33,230,-23" /><INIT seed="2,0,0,2,0,109" ten="250,390,153,207" oya="2" hai0="66,105,76,79,116,118,13,122,70,48,15,42,22" hai1="126,67,58,29,85,132,123,64,14,53,124,88,18" hai2="65,50,47,43,115,38,26,0,93,23,31,46,37" hai3="77,63,103,87,110,107,131,89,51,108,83,27,6"/><V10/><F65/><W84/><G6/><T57/><D122/><U95/><E132/><V40/><F115/><W5/><G5/><T24/><D105/><U34/><E123/><V4/><REACH who="2" step="1"/><F93/><REACH who="2" ten="250,390,143,207" step="2"/><W119/><G108/><T134/><D66/><U7/><E67/><V74/><F74/><W125/><G110/><T128/><D134/><U133/><E64/><V69/><F69/><W16/><G119/><T129/><D70/><U106/><E133/><V91/><F91/><W75/><G89/><T41/><D116/><U20/><E106/><V2/><F2/><W9/><G75/><T28/><D118/><U61/><REACH who="1" step="1"/><E7/><REACH who="1" ten="250,380,143,207" step="2"/><V49/><AGARI ba="0,2" hai="0,4,10,23,26,31,37,38,40,43,46,47,49,50" machi="49" ten="20,12000,1" yaku="1,1,0,1,7,1,9,1,53,1" doraHai="109" doraHaiUra="33" who="2" fromWho="2" sc="250,-40,380,-40,143,140,207,-40" /><INIT seed="2,1,0,4,4,74" ten="210,340,283,167" oya="2" hai0="31,6,59,87,67,10,34,102,128,109,7,73,57" hai1="22,85,95,93,135,113,101,72,11,133,119,114,89" hai2="107,76,60,79,106,82,18,49,8,56,14,65,96" hai3="120,52,50,58,129,103,127,88,70,33,100,19,126"/><V122/><F122/><W0/><G120/><T104/><D73/><U115/><E11/><V25/><F82/><W94/><G70/><T5/><D109/><U98/><E22/><V86/><F86/><W4/><G33/><T26/><D128/><U78/><E119/><V68/><F107/><W61/><G129/><T112/><D112/><U131/><E131/><V41/><F25/><W43/><G19/><T134/><D134/><N who="1" m="51211" /><E72/><V35/><F35/><W45/><G4/><T90/><D10/><U99/><E78/><N who="2" m="29739" /><F68/><W24/><G24/><T47/><D67/><U69/><E69/><V42/><F106/><W108/><G0/><T66/><D66/><U91/><E99/><V53/><F96/><N who="3" m="57415" /><G108/><T64/><D64/><U118/><E118/><V124/><F124/><AGARI ba="1,0" hai="43,45,50,52,58,61,100,103,124,126,127" m="57415" machi="124" ten="30,3900,0" yaku="18,1,54,2" doraHai="74" who="3" fromWho="2" sc="210,0,340,0,283,-42,167,42" /><INIT seed="3,0,0,0,4,28" ten="210,340,241,209" oya="3" hai0="55,94,113,46,103,98,7,10,119,11,33,133,32" hai1="116,97,106,27,84,135,68,99,48,65,75,114,57" hai2="111,67,0,118,14,12,31,56,40,87,8,91,1" hai3="35,121,42,95,24,53,134,13,39,52,9,90,70"/><W15/><G121/><T102/><D119/><U79/><E114/><V78/><F118/><W92/><G70/><T64/><D113/><U128/><E75/><V50/><F111/><W38/><G134/><T129/><D133/><U3/><E3/><V58/><F78/><W81/><G81/><T77/><D129/><U20/><E106/><V126/><F126/><W89/><G24/><T63/><D77/><U47/><E68/><V44/><F0/><W19/><G42/><T108/><D108/><U71/><E71/><V115/><F1/><W117/><G117/><T123/><D123/><U6/><E6/><V120/><F31/><W112/><G112/><T122/><D103/><U18/><E128/><V104/><F104/><W110/><G110/><T5/><D122/><U30/><E135/><V83/><F115/><W54/><G35/><T125/><D125/><U82/><E116/><V4/><F120/><W124/><G15/><T85/><D85/><U37/><E37/><V130/><F130/><W16/><G19/><T2/><D11/><U69/><E69/><V74/><F74/><W100/><G100/><T51/><REACH who="0" step="1"/><D7/><REACH who="0" ten="200,340,241,209" step="2"/><U105/><E79/><V41/><F4/><W49/><G124/><T88/><D88/><U73/><E84/><V36/><F8/><W80/><G90/><T86/><D86/><U34/><E73/><V25/><F87/><N who="3" m="50407" /><G38/><T43/><D43/><U23/><E82/><V109/><F36/><W60/><G39/><T76/><D76/><U72/><E72/><V59/><F40/><W96/><G9/><T131/><D131/><U107/><E97/><RYUUKYOKU ba="0,1" sc="200,30,340,-10,241,-10,209,-10" hai0="2,5,10,32,33,46,51,55,63,64,94,98,102" /><INIT seed="4,1,1,5,5,78" ten="230,330,231,199" oya="0" hai0="47,28,114,39,5,18,48,76,81,124,27,98,68" hai1="89,26,83,2,42,44,31,23,69,100,75,4,62" hai2="22,110,45,13,119,125,67,85,24,86,55,127,106" hai3="93,61,96,118,10,7,122,107,103,111,37,77,130"/><T120/><D120/><U115/><E100/><V105/><F110/><W97/><G111/><T3/><D68/><U92/><E115/><V117/><F67/><W82/><G118/><N who="2" m="45065" /><F13/><W123/><G130/><T101/><D114/><U79/><E69/><V104/><F45/><W99/><G37/><T49/><D124/><N who="2" m="47690" /><F55/><W16/><G61/><T131/><D131/><U54/><E4/><V91/><F22/><W25/><G7/><T6/><D18/><U0/><E54/><V33/><F33/><W109/><G109/><T46/><D39/><U21/><E21/><V52/><F24/><W84/><G25/><T9/><D6/><U65/><E62/><V14/><F52/><W50/><G50/><T94/><D47/><U1/><E65/><V51/><F14/><N who="3" m="7255" /><G107/><N who="2" m="41033" /><F51/><W134/><G123/><T12/><D3/><U58/><E58/><V88/><N who="2" m="41041" /><V56/><DORA hai="57" /><F56/><W63/><G63/><T19/><D5/><U71/><E71/><V20/><F20/><W74/><G122/><T72/><REACH who="0" step="1"/><D46/><REACH who="0" ten="220,330,231,199" step="2"/><U102/><E1/><V11/><F11/><W95/><G103/><T17/><D17/><U35/><E102/><V135/><F135/><W132/><G132/><T43/><D43/><U90/><E0/><V66/><F66/><W38/><G134/><T59/><D59/><U60/><E2/><V70/><F70/><W34/><G38/><T108/><D108/><U15/><E60/><V40/><F40/><W113/><G113/><T41/><D41/><U8/><E42/><V80/><F86/><W129/><G84/><T53/><D53/><U116/><E116/><RYUUKYOKU ba="1,2" sc="220,15,330,-15,231,15,199,-15" hai0="9,12,19,27,28,48,49,72,76,81,94,98,101" hai2="80,85,88,91" /><INIT seed="4,2,2,4,0,61" ten="235,315,246,184" oya="0" hai0="29,97,132,18,85,44,59,25,128,46,72,79,0" hai1="60,111,66,55,36,71,12,133,1,121,42,45,113" hai2="76,57,23,19,135,84,34,35,104,87,33,110,75" hai3="38,53,54,94,98,80,24,10,125,100,50,15,86"/><T68/><D68/><U106/><E1/><V73/><F110/><W49/><G125/><T31/><D0/><U2/><E2/><V124/><F104/><W13/><G38/><T81/><D128/><U40/><E106/><V83/><F124/><W123/><G123/><T99/><D132/><U4/><E111/><V7/><F135/><W16/><G24/><T5/><D5/><U101/><E133/><V22/><F7/><W64/><G64/><T96/><D72/><U43/><E101/><V88/><F57/><W89/><G15/><T78/><D78/><U82/><E121/><V102/><F102/><W134/><G134/><T105/><D105/><U17/><E4/><V91/><F76/><W65/><G65/><T67/><D18/><U77/><E55/><AGARI ba="2,2" hai="10,13,16,49,50,53,54,55,80,86,89,94,98,100" machi="55" ten="40,2600,0" yaku="8,1,54,1" doraHai="61" who="3" fromWho="1" sc="235,0,315,-32,246,0,184,52" /><INIT seed="5,0,0,5,1,40" ten="235,283,246,236" oya="1" hai0="65,133,54,90,20,120,37,57,23,35,108,28,47" hai1="135,60,109,98,44,48,131,92,71,102,123,130,83" hai2="1,15,0,86,62,64,104,29,121,78,24,6,19" hai3="3,32,70,39,76,27,101,59,72,69,11,56,106"/><U21/><E123/><V34/><F121/><W82/><G59/><T99/><D108/><U79/><E109/><V36/><F36/><W127/><G56/><T63/><D120/><U73/><E135/><V30/><F30/><N who="3" m="19551" /><G39/><T125/><D133/><U105/><E21/><V50/><F6/><N who="3" m="1503" /><G127/><T46/><D125/><U129/><E105/><V17/><F104/><W74/><G74/><T114/><D114/><U124/><E124/><V53/><F19/><W52/><G52/><T87/><D99/><AGARI ba="0,0" hai="69,70,72,76,82,99,101,106" m="1503,19551" machi="99" ten="30,2000,0" yaku="33,2" doraHai="40" who="3" fromWho="0" sc="235,-20,283,0,246,0,236,20" /><INIT seed="6,0,0,5,1,77" ten="215,283,246,256" oya="2" hai0="67,16,93,127,85,17,109,47,95,84,102,120,80" hai1="2,68,110,100,98,39,7,73,89,87,65,88,26" hai2="60,96,125,90,45,32,99,36,82,38,128,28,43" hai3="119,0,122,107,11,13,18,21,64,35,75,22,52"/><V57/><F125/><W103/><G119/><T117/><D109/><U105/><E73/><V9/><F128/><W70/><G122/><T12/><D120/><U123/><E123/><V23/><F32/><W108/><G108/><T111/><D111/><U37/><E110/><V83/><F36/><W5/><G75/><T58/><D127/><U24/><E2/><V3/><F99/><W114/><G103/><T10/><D117/><U15/><E89/><V42/><F42/><W133/><G107/><T118/><D118/><U124/><E124/><V121/><F121/><W74/><G74/><T27/><D47/><U71/><E39/><V6/><F96/><W113/><G35/><T34/><D85/><U31/><E37/><V8/><F90/><W97/><G97/><T79/><D102/><U106/><E106/><V55/><REACH who="2" step="1"/><F8/><REACH who="2" ten="215,283,236,256" step="2"/><W78/><G11/><T59/><D34/><U101/><E101/><V86/><F86/><W48/><G78/><T134/><D134/><U76/><E76/><V49/><F49/><W51/><G51/><T66/><D84/><U62/><E88/><V132/><F132/><W69/><G48/><T20/><D79/><U116/><E87/><V72/><F72/><W29/><G133/><T40/><D40/><U19/><E116/><V126/><F126/><W61/><G114/><T104/><D104/><U115/><E105/><V129/><F129/><W131/><G113/><T14/><D10/><U130/><E115/><V4/><F4/><W56/><G5/><T1/><D80/><U30/><E130/><V54/><F54/><W41/><G52/><RYUUKYOKU ba="0,1" sc="215,-10,283,-10,236,30,256,-10" hai2="3,6,9,23,28,38,43,45,55,57,60,82,83" /><INIT seed="6,1,1,3,0,8" ten="205,273,266,246" oya="2" hai0="112,55,134,47,15,30,127,117,40,5,18,110,84" hai1="71,132,69,28,68,51,77,85,13,106,124,120,21" hai2="10,26,7,107,25,90,44,46,24,62,65,19,92" hai3="37,36,105,115,97,49,56,114,2,111,6,52,125"/><V60/><F107/><W108/><G125/><T91/><D110/><N who="3" m="42025" /><G2/><T83/><D127/><U113/><E124/><V86/><F19/><W48/><G6/><T78/><D112/><N who="3" m="43049" /><G48/><T133/><D117/><U79/><E132/><V76/><F76/><W126/><G126/><T23/><D30/><U89/><E120/><V45/><REACH who="2" step="1"/><F65/><REACH who="2" ten="205,273,256,246" step="2"/><W104/><G104/><T96/><D5/><U22/><E106/><V80/><F80/><W81/><G81/><T4/><D4/><U59/><E79/><V99/><F99/><W63/><G97/><T64/><D64/><U3/><E77/><V93/><F93/><W98/><G98/><T82/><D96/><U43/><E113/><V41/><F41/><W75/><G105/><T116/><D116/><U67/><E43/><V101/><F101/><W88/><G88/><T119/><D119/><U53/><E67/><V27/><N who="2" m="6144" /><DORA hai="122" /><V95/><F95/><W12/><G75/><T58/><D82/><U1/><E89/><V33/><F33/><W129/><G129/><T102/><D102/><U123/><E123/><V135/><F135/><W74/><G74/><T29/><D78/><U73/><E73/><V34/><F34/><W121/><G121/><T61/><REACH who="0" step="1"/><D29/><REACH who="0" ten="195,273,256,246" step="2"/><U118/><E118/><V42/><F42/><W39/><G39/><AGARI ba="1,3" hai="15,18,23,39,40,47,55,58,61,83,84,91,133,134" machi="39" ten="40,8000,1" yaku="1,1,2,1,52,1,53,1" doraHai="8,122" doraHaiUra="57,94" who="0" fromWho="3" sc="195,113,273,0,256,0,246,-83" /><INIT seed="7,0,0,4,1,99" ten="308,273,256,163" oya="3" hai0="48,33,42,90,102,8,4,0,126,65,89,93,54" hai1="123,78,132,76,79,24,22,73,83,45,57,64,120" hai2="30,29,125,135,103,60,82,112,16,20,133,131,14" hai3="87,53,23,88,127,56,95,80,96,101,104,61,21"/><W86/><REACH who="3" step="1"/><G127/><REACH who="3" ten="308,273,256,153" step="2"/><T19/><D126/><U94/><E120/><V110/><F125/><W13/><G13/><T55/><D0/><U97/><E123/><V134/><F131/><W128/><G128/><T85/><D33/><U71/><E132/><V35/><F112/><W58/><G58/><T32/><D32/><U105/><E57/><V51/><F110/><W68/><G68/><T119/><D119/><U3/><E3/><V52/><F35/><W50/><G50/><T31/><D48/><U49/><E71/><V91/><F60/><W47/><G47/><T117/><D117/><U41/><E49/><V62/><F62/><W28/><G28/><T75/><D31/><U27/><E45/><V107/><F29/><W84/><G84/><T113/><D85/><U12/><E12/><V106/><F30/><W98/><G98/><T67/><D113/><U130/><E97/><V124/><F124/><W100/><G100/><T10/><D102/><U108/><E108/><V63/><F63/><W115/><G115/><T114/><D114/><U36/><E130/><V44/><F103/><W2/><G2/><T109/><D109/><U59/><E59/><V77/><F91/><AGARI ba="0,1" hai="21,23,53,56,61,80,86,87,88,91,95,96,101,104" machi="91" ten="30,12000,1" yaku="21,2,7,1,52,1,54,1,53,0" doraHai="99" doraHaiUra="72" who="3" fromWho="2" sc="308,0,273,0,256,-120,153,130" /><INIT seed="7,1,0,4,4,114" ten="308,273,136,283" oya="3" hai0="94,79,121,13,23,130,11,70,43,91,69,67,12" hai1="113,65,96,10,133,84,15,3,135,7,14,98,42" hai2="27,132,109,87,58,100,60,37,63,8,86,9,64" hai3="126,53,110,16,95,29,52,20,36,129,80,59,34"/><W74/><G36/><T104/><D104/><U66/><E42/><V31/><F37/><W82/><G129/><T78/><D121/><U2/><E84/><V85/><F109/><W40/><G126/><T33/><D33/><U88/><E113/><V55/><F132/><N who="1" m="50761" /><E98/><V92/><F60/><W30/><G74/><T117/><D117/><U73/><E73/><V112/><F112/><W124/><G40/><T97/><D43/><U127/><E127/><V83/><F55/><W57/><G110/><T47/><D47/><U128/><E128/><V21/><REACH who="2" step="1"/><F83/><REACH who="2" ten="308,273,126,283" step="2"/><W101/><G82/><T107/><D130/><U102/><E66/><V71/><F71/><W111/><G80/><T68/><D67/><U24/><E65/><V106/><F106/><W5/><G111/><T116/><D107/><U81/><E81/><V75/><F75/><W39/><G39/><T131/><D131/><U51/><E51/><V77/><F77/><W32/><G53/><T62/><D62/><U41/><E41/><V118/><F118/><W134/><G52/><T22/><D116/><U44/><E2/><V4/><F4/><W54/><G5/><N who="0" m="3183" /><D79/><U90/><E7/><V19/><F19/><W18/><G134/><T25/><D78/><U99/><E3/><V108/><F108/><W119/><G119/><T48/><D48/><U61/><E61/><V0/><F0/><W115/><G115/><T35/><D70/><U120/><E120/><V6/><F6/><W1/><G1/><T56/><D69/><U89/><E44/><V125/><F125/><W28/><G124/><T38/><D38/><RYUUKYOKU ba="1,1" sc="308,-10,273,-10,126,30,283,-10" hai2="8,9,21,27,31,58,63,64,85,86,87,92,100" /><INIT seed="8,2,1,3,1,85" ten="298,263,156,273" oya="0" hai0="81,131,120,27,49,122,7,5,110,29,88,46,75" hai1="8,48,124,119,109,62,14,42,52,65,89,77,106" hai2="68,45,16,100,12,125,0,70,34,28,98,114,19" hai3="59,54,121,94,69,95,111,23,60,73,53,86,76"/><T78/><D131/><U31/><E109/><V126/><F45/><W30/><G73/><T87/><D110/><U26/><E106/><V128/><F98/><W1/><G1/><T18/><D18/><U24/><E119/><V92/><F92/><W3/><G3/><T47/><D122/><U63/><E42/><V113/><F100/><W71/><G71/><T116/><D120/><U25/><E124/><N who="2" m="47723" /><F68/><W123/><G69/><T102/><D102/><U38/><E38/><V41/><F41/><W32/><G32/><T82/><D116/><U13/><E77/><V127/><F70/><W105/><G105/><T67/><D67/><U80/><E31/><V10/><N who="2" m="47731" /><V83/><DORA hai="11" /><F83/><N who="3" m="47463" /><G111/><T115/><D115/><N who="2" m="44042" /><F0/><W108/><G108/><T33/><D47/><U55/><E65/><V101/><F101/><W56/><G123/><T6/><D6/><N who="1" m="3223" /><E80/><V44/><F44/><W64/><G121/><T17/><D17/><U50/><E89/><V74/><F74/><W91/><G59/><T40/><AGARI ba="2,1" hai="5,7,27,29,33,40,46,49,75,78,81,82,87,88" machi="40" ten="20,7800,0" yaku="0,1,7,1,52,1,54,1" doraHai="85,11" who="0" fromWho="0" sc="298,94,263,-28,156,-28,273,-28" owari="392,49.2,235,-16.5,128,-37.2,245,4.5" /></mjloggm>