<mjloggm ver="2.3"><GO type="169" lobby="0"/><UN n0="%E7%99%BD%E7%8C%AB%E3%82%A8%E3%83%AB" n1="%73%61%69%63%68%61%6E%7A" n2="%E6%B2%B3%E7%AB%A5%E3%81%AE%E3%83%AF%E3%82%AB%E3%83%9E%E3%83%84" n3="%E3%81%8D%E3%81%B3%E3%81%A0%E3%82%93%E3%81%94%CE%B1" dan="16,17,17,17" rate="2179.59,2147.50,2197.50,2134.57" sx="M,M,M,M"/><TAIKYOKU oya="0"/><INIT seed="0,0,0,1,1,68" ten="250,250,250,250" oya="0" hai0="91,85,123,52,99,56,8,78,95,106,39,14,4" hai1="135,130,113,80,6,89,131,27,64,53,83,28,73" hai2="61,84,13,129,67,94,72,20,71,32,88,12,36" hai3="66,76,11,5,103,17,60,81,86,2,63,101,87"/><T37/><D123/><U48/><E135/><V120/><F120/><W3/><G3/><T50/><REACH who="0" step="1"/><D78/><REACH who="0" ten="240,250,250,250" step="2"/><N who="1" m="44111" /><E130/><V7/><F129/><W77/><G17/><T125/><D125/><U62/><E131/><V98/><F72/><W1/><G1/><T24/><D24/><U45/><E27/><V133/><F133/><W79/><G79/><T93/><D93/><U19/><E19/><V100/><F7/><W127/><G127/><T57/><D57/><U90/><E6/><V105/><F32/><W108/><G108/><T46/><D46/><U96/><E45/><V55/><F12/><W40/><G40/><T54/><D54/><U65/><E53/><V114/><F55/><W59/><G63/><T38/><D38/><U15/><E62/><V132/><F132/><W82/><AGARI ba="0,1" hai="2,5,11,59,60,66,76,77,81,82,86,87,101,103" machi="82" ten="30,2000,0" yaku="0,1,9,1" doraHai="68" who="3" fromWho="3" sc="240,-10,250,-5,250,-5,250,30" /><INIT seed="1,0,0,0,2,56" ten="230,245,245,280" oya="1" hai0="61,2,11,50,103,64,9,92,44,112,34,35,88" hai1="95,131,24,70,69,93,53,62,125,60,47,55,67" hai2="20,97,45,57,110,119,58,117,91,25,14,66,46" hai3="26,28,5,109,73,71,114,31,84,104,18,6,121"/><U89/><E125/><V81/><F110/><W33/><G73/><T32/><D112/><U78/><E131/><V87/><F117/><W22/><G104/><T40/><D103/><U63/><E78/><V72/><F119/><W82/><G71/><T21/><D2/><U42/><E24/><V0/><F0/><W118/><G118/><T38/><D21/><U130/><E130/><V16/><F72/><W98/><G114/><T83/><D83/><U127/><E127/><V13/><F97/><W10/><G121/><T51/><D11/><U59/><E55/><V102/><F102/><W129/><G109/><T111/><D9/><U115/><E115/><V39/><F39/><W106/><G6/><T107/><D107/><U65/><REACH who="1" step="1"/><E89/><REACH who="1" ten="230,235,245,280" step="2"/><V75/><F75/><W108/><G129/><T120/><D111/><U12/><E12/><N who="2" m="4715" /><F66/><W68/><G108/><T80/><D120/><U99/><E99/><V1/><F1/><W41/><G98/><T90/><D90/><U135/><E135/><V23/><F20/><W77/><G22/><T8/><D8/><U79/><E79/><V76/><F76/><W3/><G77/><T85/><REACH who="0" step="1"/><D80/><REACH who="0" ten="220,235,245,280" step="2"/><U37/><AGARI ba="0,2" hai="37,42,47,53,59,60,62,63,65,67,69,70,93,95" machi="37" ten="20,18000,2" yaku="1,1,0,1,7,1,9,1,52,3,53,0" doraHai="56" doraHaiUra="124" who="1" fromWho="1" sc="220,-60,235,200,245,-60,280,-60" /><INIT seed="1,1,0,2,5,93" ten="160,435,185,220" oya="1" hai0="11,49,61,75,78,17,133,113,0,120,52,134,39" hai1="56,96,118,132,123,89,128,110,42,105,99,90,50" hai2="83,30,6,10,4,111,18,35,85,80,119,62,64" hai3="104,25,33,12,15,114,5,117,125,22,58,7,107"/><U129/><E118/><V27/><F119/><W92/><G117/><T29/><D113/><U32/><E123/><V38/><F38/><W48/><G33/><T102/><D29/><U106/><E32/><V26/><F111/><W73/><G73/><T74/><D120/><U24/><E110/><V45/><F45/><W51/><G125/><T66/><D39/><U13/><E24/><V71/><F80/><W77/><G77/><T95/><D0/><U127/><E127/><V34/><F34/><W14/><G92/><T40/><D40/><U46/><E132/><N who="0" m="50793" /><D78/><U135/><E135/><V82/><F82/><W36/><G36/><T131/><D11/><U8/><E56/><V126/><F126/><W43/><G43/><T76/><D17/><U87/><E105/><V79/><REACH who="2" step="1"/><F10/><REACH who="2" ten="160,435,175,220" step="2"/><W2/><G114/><T63/><D76/><U65/><E8/><V108/><F108/><W88/><G22/><AGARI ba="1,1" hai="4,6,18,22,26,27,30,35,62,64,71,79,83,85" machi="22" ten="40,1300,0" yaku="1,1,53,0" doraHai="93" doraHaiUra="122" who="2" fromWho="3" sc="160,0,435,0,175,26,220,-16" /><INIT seed="2,0,0,2,2,79" ten="160,435,201,204" oya="2" hai0="65,22,80,111,75,70,128,68,57,92,127,62,121" hai1="49,9,3,106,46,91,123,110,108,112,44,8,60" hai2="81,122,61,115,41,39,77,4,71,120,83,89,34" hai3="95,0,25,82,36,2,47,15,135,16,85,1,53"/><V27/><F115/><W54/><G135/><T11/><D121/><U130/><E112/><V20/><F34/><W118/><G118/><T32/><D32/><U40/><E123/><V97/><F4/><W84/><G25/><T88/><D111/><N who="1" m="42539" /><E130/><V31/><F41/><W126/><G126/><T90/><D127/><U96/><E3/><V102/><F39/><W114/><G114/><T67/><D128/><U100/><E60/><V69/><F69/><W72/><G72/><T24/><D11/><N who="1" m="4171" /><E46/><V73/><F61/><W101/><G36/><T98/><D67/><U38/><E91/><V66/><F71/><W52/><G47/><T51/><D51/><AGARI ba="0,0" hai="38,40,44,49,51,96,100,106" m="4171,42539" machi="51" ten="30,1000,0" yaku="14,1" doraHai="79" who="1" fromWho="0" sc="160,-10,435,10,201,0,204,0" /><INIT seed="3,0,0,0,5,64" ten="150,445,201,204" oya="3" hai0="94,85,54,46,130,79,40,4,29,129,116,106,125" hai1="131,5,49,98,73,105,68,108,90,21,71,134,118" hai2="42,33,67,36,110,88,126,11,86,72,48,14,95" hai3="34,3,43,30,45,24,132,37,51,128,117,70,41"/><W114/><G114/><T135/><D116/><U10/><E118/><V12/><F33/><W76/><G117/><T107/><D29/><U52/><E73/><V122/><F72/><W115/><G115/><T50/><D125/><U26/><E108/><V77/><F36/><W47/><G76/><T35/><D135/><U69/><E134/><V78/><F110/><W102/><G132/><T16/><D35/><U124/><E124/><V84/><F126/><W27/><G3/><T23/><D4/><U121/><E121/><V60/><F122/><W111/><G111/><T22/><D22/><U32/><E32/><V56/><F84/><W7/><G7/><T87/><D40/><U66/><E66/><V96/><F96/><W38/><G128/><N who="0" m="49259" /><D79/><U97/><E105/><N who="0" m="39945" /><D94/><U80/><E131/><V6/><REACH who="2" step="1"/><F14/><AGARI ba="0,0" hai="14,16,23,46,50,54,85,87" m="39945,49259" machi="14" ten="30,2000,0" yaku="19,1,54,1" doraHai="64" who="0" fromWho="2" sc="150,20,445,0,201,-20,204,0" /><INIT seed="4,0,0,0,4,38" ten="170,445,181,204" oya="0" hai0="28,132,45,81,131,41,88,98,114,122,2,11,73" hai1="8,57,93,54,22,135,107,42,92,44,101,9,123" hai2="80,50,129,53,21,108,5,127,17,96,39,125,20" hai3="120,82,65,48,40,52,59,55,10,13,109,78,112"/><T14/><D122/><U51/><E123/><V64/><F108/><W63/><G112/><T79/><D114/><U118/><E118/><V119/><F119/><W86/><G109/><T133/><D131/><U70/><E70/><V72/><F129/><W67/><G120/><T60/><D28/><U111/><E111/><V19/><F39/><W36/><G36/><N who="0" m="21671" /><D60/><U75/><E75/><V76/><F64/><W110/><G110/><T124/><D124/><N who="2" m="47690" /><F5/><W99/><G99/><T58/><D58/><U90/><E107/><V95/><F17/><W104/><G104/><T49/><D49/><U29/><E101/><N who="2" m="60575" /><F19/><N who="3" m="8631" /><G40/><T117/><D117/><U85/><E93/><V100/><F100/><W74/><G74/><T62/><D62/><U32/><E32/><V69/><F69/><W116/><G116/><T105/><D105/><U25/><REACH who="1" step="1"/><E135/><REACH who="1" ten="170,435,181,204" step="2"/><V47/><AGARI ba="0,1" hai="20,21,47,50,53,72,76,80" m="60575,47690" machi="47" ten="30,1100,0" yaku="18,1" doraHai="38" who="2" fromWho="2" sc="170,-5,435,-3,181,21,204,-3" /><INIT seed="5,0,0,1,2,57" ten="165,432,202,201" oya="1" hai0="93,66,0,86,20,105,80,31,40,46,117,122,23" hai1="28,133,30,56,123,62,4,5,27,39,128,61,17" hai2="24,130,94,96,29,87,25,60,33,52,125,42,48" hai3="59,111,49,83,45,135,107,127,102,9,22,101,41"/><U34/><E123/><V47/><F130/><W53/><G111/><T6/><D122/><U2/><E39/><V10/><F125/><W100/><G127/><T38/><D117/><U8/><E128/><V72/><F72/><W115/><G115/><T7/><D105/><U114/><E114/><V44/><F10/><W88/><G135/><T131/><D66/><U134/><E5/><V26/><F87/><N who="3" m="50303" /><G107/><T124/><D131/><U32/><E17/><V132/><F132/><N who="1" m="50793" /><E56/><V126/><F126/><W119/><G119/><T71/><D71/><U15/><E2/><V11/><F11/><W109/><G109/><T118/><D0/><U68/><E68/><V85/><F85/><W79/><G9/><T13/><D118/><U67/><E67/><V97/><F97/><W98/><G98/><T112/><D112/><U95/><E95/><V89/><REACH who="2" step="1"/><F60/><REACH who="2" ten="165,432,192,201" step="2"/><N who="1" m="23145" /><E30/><V81/><F81/><W69/><G69/><T104/><D80/><U84/><E84/><V43/><F43/><W76/><G41/><T55/><D86/><U21/><AGARI ba="0,1" hai="4,8,15,21,27,28,32,34" m="23145,50793" machi="21" ten="30,11700,0" yaku="20,1,52,3" doraHai="57" who="1" fromWho="1" sc="165,-39,432,127,192,-39,201,-39" /><INIT seed="5,1,0,4,0,42" ten="126,559,153,162" oya="1" hai0="37,57,0,64,24,14,46,6,32,49,71,58,3" hai1="130,17,5,91,35,102,97,86,69,41,52,111,117" hai2="62,129,65,127,63,75,8,27,36,30,13,128,10" hai3="96,88,87,78,74,33,103,16,34,122,101,1,19"/><U40/><E117/><V121/><F121/><W26/><G1/><T93/><D32/><U107/><E111/><V61/><F75/><W15/><G122/><T112/><D112/><U85/><E130/><N who="2" m="50283" /><F36/><W84/><G26/><T38/><D24/><U28/><E5/><N who="2" m="3215" /><F10/><W56/><G56/><T110/><D110/><U134/><E134/><V109/><F109/><W50/><G50/><T12/><D49/><U106/><E106/><V4/><F4/><W53/><G53/><T67/><D6/><U99/><E69/><N who="2" m="42159" /><F127/><W133/><G133/><T92/><REACH who="0" step="1"/><D71/><REACH who="0" ten="116,559,153,162" step="2"/><U105/><E35/><AGARI ba="1,1" hai="27,30,35,62,63" m="42159,3215,50283" machi="35" ten="30,1000,0" yaku="19,1" doraHai="42" who="2" fromWho="1" sc="116,0,559,-13,153,23,162,0" /><INIT seed="6,0,0,0,3,73" ten="116,546,176,162" oya="2" hai0="15,58,3,31,38,90,128,97,114,65,99,92,7" hai1="41,118,70,124,49,20,112,116,0,86,13,5,103" hai2="47,45,98,83,111,19,42,59,84,129,100,30,121" hai3="105,78,34,119,32,35,37,67,126,12,133,104,87"/><V108/><F121/><W33/><G119/><T93/><D128/><U94/><E70/><V11/><F30/><W102/><G37/><T14/><D38/><U82/><E112/><V135/><F59/><W55/><G133/><T115/><D3/><U61/><E124/><V39/><F45/><W62/><G126/><T28/><D58/><U2/><E61/><V36/><F36/><W127/><G35/><T8/><D65/><U79/><E0/><V57/><F57/><W10/><G55/><T68/><D68/><U69/><E2/><V53/><F53/><W71/><G102/><T125/><D125/><U9/><E20/><V88/><F135/><W134/><G134/><T17/><D115/><U132/><E69/><V81/><F81/><W109/><G109/><T16/><D114/><U110/><E110/><V26/><F129/><W46/><G46/><T25/><D25/><U1/><E1/><V27/><F27/><W56/><G71/><T21/><D7/><U117/><E132/><V95/><F11/><W23/><G23/><T48/><D48/><U52/><E41/><V60/><F60/><W96/><G127/><T22/><D8/><U123/><E123/><V29/><REACH who="2" step="1"/><F19/><REACH who="2" ten="116,546,166,162" step="2"/><W63/><G62/><T122/><D122/><U18/><E18/><V77/><F77/><W75/><G63/><T50/><D50/><U40/><E52/><V85/><F85/><W51/><G51/><T130/><D130/><U24/><E24/><V66/><F66/><W64/><G64/><T107/><D107/><U74/><E117/><V131/><F131/><W6/><G67/><RYUUKYOKU ba="0,1" sc="116,15,546,-15,166,15,162,-15" hai0="14,15,16,17,21,22,28,31,90,92,93,97,99" hai2="26,29,39,42,47,83,84,88,95,98,100,108,111" /><INIT seed="6,1,1,2,1,64" ten="131,531,181,147" oya="2" hai0="73,32,31,30,57,96,132,8,121,109,37,127,115" hai1="19,56,51,13,120,118,101,124,114,71,21,27,93" hai2="10,59,126,58,49,92,131,81,112,105,135,44,5" hai3="117,20,9,134,82,66,17,3,12,26,97,52,0"/><V130/><F105/><W1/><G117/><T74/><D96/><N who="1" m="59535" /><E71/><V95/><F81/><W111/><G111/><T122/><D8/><U89/><E118/><V24/><F24/><W87/><G134/><T65/><D65/><U128/><E114/><V48/><F112/><W18/><G66/><T28/><D57/><U116/><E116/><V110/><F135/><W94/><G52/><T99/><D99/><U72/><E124/><V35/><F126/><W11/><G11/><T4/><D4/><U67/><E128/><N who="2" m="49195" /><F35/><W38/><G38/><T106/><D31/><U123/><E72/><V119/><F110/><W62/><G62/><T23/><D127/><U129/><E129/><V25/><F25/><W125/><G125/><T83/><D132/><U113/><E113/><V39/><F39/><W61/><G61/><T133/><D133/><U107/><E107/><V34/><F34/><W85/><REACH who="3" step="1"/><G82/><REACH who="3" ten="131,531,181,137" step="2"/><T47/><D83/><U100/><E67/><V102/><F119/><W55/><G55/><T69/><D109/><U40/><E40/><V33/><F49/><W68/><G68/><T6/><D37/><U70/><E51/><V15/><F59/><W16/><G16/><T42/><D42/><U45/><E70/><V103/><F58/><W53/><G53/><T88/><D69/><U98/><E56/><V50/><F48/><W91/><AGARI ba="1,2" hai="0,1,3,9,12,17,18,20,26,85,87,91,94,97" machi="91" ten="30,2000,0" yaku="1,1,0,1,53,0" doraHai="64" doraHaiUra="76" who="3" fromWho="3" sc="131,-6,531,-6,181,-11,137,43" /><INIT seed="7,0,0,5,3,66" ten="125,525,170,180" oya="3" hai0="11,6,60,15,77,102,64,48,37,24,116,49,127" hai1="70,30,55,118,119,27,76,123,113,109,46,69,108" hai2="135,101,115,110,97,133,3,17,16,10,0,74,7" hai3="86,35,56,9,58,130,67,132,25,2,114,51,13"/><W73/><G73/><T124/><D116/><N who="1" m="44587" /><E76/><V34/><F110/><N who="1" m="42601" /><E123/><V28/><F0/><W129/><G2/><T20/><D37/><U71/><E113/><V39/><F39/><W107/><G107/><T92/><D77/><U38/><E38/><V32/><F74/><W44/><G132/><N who="2" m="50761" /><F115/><W103/><G103/><T21/><D21/><N who="1" m="15727" /><E55/><V117/><F117/><W89/><G114/><T31/><D124/><U131/><E131/><V40/><F40/><W75/><G75/><T87/><D127/><U62/><E46/><V59/><F59/><W88/><G58/><T47/><D47/><U98/><E98/><V41/><F41/><W82/><G56/><T134/><D134/><U65/><AGARI ba="0,0" hai="62,65,69,70,71" m="15727,42601,44587" machi="65" ten="40,8000,1" yaku="12,1,52,3" doraHai="66" who="1" fromWho="1" sc="125,-20,525,80,170,-20,180,-40" owari="105,-39.5,605,70.5,150,-5.0,140,-26.0" /></mjloggm>