<mjloggm ver="2.3"><GO type="169" lobby="0"/><UN n0="%E7%8F%BE%E5%A0%B4%E3%81%AD%E3%81%93" n1="%E8%87%AA%E6%91%B8%E3%81%AE%E3%81%BF" n2="%74%6B%34%32" n3="%E3%80%90%E7%BD%AA%E6%AD%8C%E3%80%91" dan="16,16,16,17" rate="2088.47,2101.16,2069.88,2141.39" sx="M,M,M,M"/><TAIKYOKU oya="0"/><INIT seed="0,0,0,3,2,53" ten="250,250,250,250" oya="0" hai0="41,85,40,1,116,14,23,33,76,88,133,97,55" hai1="68,7,43,78,60,83,130,73,26,105,39,87,82" hai2="67,100,134,92,113,125,118,12,74,96,56,80,32" hai3="112,71,18,126,30,21,95,8,77,28,17,15,0"/><T72/><D72/><BYE who="0" /><U36/><E130/><V129/><F113/><W11/><G71/><T115/><D115/><U84/><E105/><UN n0="%E7%8F%BE%E5%A0%B4%E3%81%AD%E3%81%93" /><V3/><BYE who="0" /><F3/><W65/><G112/><T90/><D90/><U111/><E111/><V20/><F32/><UN n0="%E7%8F%BE%E5%A0%B4%E3%81%AD%E3%81%93" /><W57/><G126/><T22/><D33/><U62/><E26/><V75/><F125/><W70/><G70/><T121/><D1/><U69/><E7/><V128/><F134/><W59/><G77/><T93/><D116/><U102/><E102/><V127/><F127/><W27/><G65/><T79/><D121/><U124/><E124/><V99/><F99/><W29/><REACH who="3" step="1"/><G95/><REACH who="3" ten="250,250,250,240" step="2"/><T106/><D133/><U34/><E78/><V48/><F67/><W13/><G13/><T89/><D106/><U61/><E73/><V98/><F56/><W109/><G109/><T64/><D64/><U58/><E69/><V42/><F74/><W110/><G110/><T25/><D79/><U114/><E68/><V103/><F92/><W132/><G132/><T45/><D76/><U31/><E114/><V49/><F75/><W101/><G101/><T122/><D122/><U16/><E83/><V37/><F12/><W2/><G2/><T38/><D14/><U108/><E82/><V117/><F80/><W104/><G104/><T63/><D25/><U24/><E24/><V44/><F100/><W50/><G50/><N who="0" m="26919" /><D85/><U6/><E87/><V135/><F103/><W123/><G123/><T46/><D89/><U91/><E84/><V94/><F135/><W4/><AGARI ba="0,1" hai="0,4,8,11,15,17,18,21,27,28,29,30,57,59" machi="4" ten="30,7900,0" yaku="1,1,0,1,52,2,53,0" doraHai="53" doraHaiUra="51" who="3" fromWho="3" sc="250,-39,250,-20,250,-20,240,89" /><INIT seed="1,0,0,1,1,67" ten="211,230,230,329" oya="1" hai0="110,44,53,88,62,90,89,70,130,127,17,43,1" hai1="48,54,55,126,119,66,18,19,27,28,98,82,104" hai2="113,122,81,133,78,14,3,96,37,83,129,125,57" hai3="20,50,35,24,46,105,42,61,12,30,112,72,16"/><U101/><E119/><V39/><F14/><W128/><G112/><T76/><D1/><U51/><E126/><V32/><F57/><W56/><G128/><T97/><D130/><U108/><E66/><V68/><F83/><W4/><G105/><T36/><D127/><U33/><E82/><V80/><F96/><W109/><G109/><T22/><D110/><U34/><E108/><V111/><F81/><W9/><G72/><T58/><D76/><U134/><E134/><V49/><F49/><W60/><REACH who="3" step="1"/><G56/><REACH who="3" ten="211,230,230,319" step="2"/><T11/><D70/><U10/><E34/><V21/><F78/><W135/><G135/><T74/><D74/><U69/><E69/><V2/><F68/><W52/><G52/><T41/><D41/><U59/><REACH who="1" step="1"/><E10/><REACH who="1" ten="211,220,230,319" step="2"/><V132/><F111/><W40/><G40/><T92/><REACH who="0" step="1"/><D11/><REACH who="0" ten="201,220,230,319" step="2"/><U8/><E8/><V86/><F125/><W124/><G124/><T95/><D95/><U6/><E6/><V31/><F129/><W71/><G71/><T94/><D94/><U107/><E107/><V15/><F132/><W117/><G117/><T7/><D7/><U26/><E26/><AGARI ba="0,3" hai="4,9,12,16,20,24,26,30,35,42,46,50,60,61" machi="26" ten="30,3900,0" yaku="1,1,7,1,54,1,53,0" doraHai="67" doraHaiUra="79" who="3" fromWho="1" sc="201,0,220,-39,230,0,319,69" /><AGARI ba="0,0" hai="17,22,26,36,43,44,53,58,62,88,89,90,92,97" machi="26" ten="30,8000,1" yaku="1,1,7,1,25,2,54,1,53,0" doraHai="67" doraHaiUra="79" who="0" fromWho="1" sc="201,80,181,-80,230,0,388,0" /><INIT seed="2,0,0,3,0,3" ten="281,101,230,388" oya="2" hai0="76,109,101,12,42,36,118,34,127,96,111,55,95" hai1="131,69,119,21,65,100,35,107,94,115,133,113,90" hai2="6,4,19,129,83,52,89,18,33,59,64,60,88" hai3="125,117,46,79,61,102,40,135,43,123,45,71,72"/><V24/><F129/><W85/><G72/><T108/><D127/><U5/><E119/><V2/><F2/><W11/><G123/><T31/><D118/><U92/><E131/><V56/><F33/><W32/><G32/><T110/><D76/><U53/><E35/><V121/><F121/><W124/><G102/><T73/><D73/><U27/><E133/><V29/><F29/><W9/><G117/><T120/><D120/><U130/><E130/><V54/><F64/><N who="3" m="41359" /><G79/><T82/><D82/><U99/><E53/><V114/><F114/><W122/><G85/><T112/><D112/><U26/><E26/><V68/><F68/><W81/><G81/><T77/><D77/><U48/><E48/><V50/><F24/><W8/><G122/><T13/><D31/><U1/><E107/><V17/><F83/><W80/><G80/><T14/><D34/><U97/><E65/><V44/><F44/><N who="3" m="17003" /><G135/><T128/><D128/><U7/><E69/><V47/><F47/><W38/><G38/><T58/><D36/><U126/><E126/><AGARI ba="0,0" hai="8,9,11,40,43,124,125,126" m="17003,41359" machi="126" ten="30,1000,0" yaku="18,1" doraHai="3" who="3" fromWho="1" sc="281,0,101,-10,230,0,388,10" /><INIT seed="3,0,0,5,1,35" ten="281,91,230,398" oya="3" hai0="14,99,123,82,115,21,116,9,27,8,129,98,47" hai1="71,48,49,40,24,2,13,0,1,38,65,58,10" hai2="114,54,75,79,134,102,86,74,130,30,25,72,105" hai3="67,88,128,81,43,131,31,119,101,100,39,121,66"/><W11/><G121/><T36/><D116/><U91/><E71/><V55/><F114/><W51/><G39/><T77/><D123/><U15/><E38/><V133/><F130/><W57/><G31/><T6/><D129/><U52/><E24/><V108/><F108/><W73/><G119/><T46/><D115/><U135/><E135/><N who="2" m="51723" /><F105/><W18/><G73/><T106/><D106/><U93/><E65/><V41/><F41/><W16/><G66/><T34/><D34/><U117/><E117/><V95/><F102/><W42/><G131/><T92/><D9/><U20/><E20/><N who="2" m="15655" /><F95/><W69/><G69/><T26/><D36/><U80/><E80/><AGARI ba="0,0" hai="54,55,72,74,75,79,80,86" m="15655,51723" machi="80" ten="40,1300,0" yaku="20,1" doraHai="35" who="2" fromWho="1" sc="281,0,91,-13,230,13,398,0" /><INIT seed="4,0,0,5,1,8" ten="281,78,243,398" oya="0" hai0="37,78,20,58,89,4,70,48,87,85,114,52,94" hai1="96,117,59,109,128,19,62,41,46,77,123,57,101" hai2="65,22,12,100,75,113,84,34,111,102,99,91,76" hai3="66,129,30,42,106,25,28,23,1,82,35,132,83"/><T71/><D114/><U54/><E117/><V61/><F111/><W24/><G106/><T21/><D37/><U67/><E109/><V115/><F34/><W133/><G129/><T118/><D118/><U74/><E123/><V44/><F44/><W135/><G1/><T0/><D0/><U105/><E128/><V63/><F76/><W92/><G42/><T13/><D70/><U98/><E98/><V32/><F32/><W93/><G66/><T97/><D71/><U131/><E131/><V69/><F63/><W122/><G122/><T55/><D55/><U31/><E31/><V103/><F75/><W126/><G126/><T50/><D50/><U49/><E77/><V17/><REACH who="2" step="1"/><F99/><REACH who="2" ten="281,78,233,398" step="2"/><W81/><AGARI ba="0,1" hai="23,24,25,28,30,35,81,82,83,92,93,132,133,135" machi="81" ten="40,2700,0" yaku="0,1,20,1" doraHai="8" who="3" fromWho="3" sc="281,-13,78,-7,233,-7,398,37" /><INIT seed="5,0,0,2,0,76" ten="268,71,226,435" oya="1" hai0="50,116,21,57,69,49,128,64,14,78,131,61,11" hai1="5,56,101,62,134,109,27,1,83,85,25,53,110" hai2="90,80,66,13,114,52,35,72,9,92,47,104,18" hai3="130,42,77,0,24,122,54,51,39,19,111,12,48"/><U102/><E134/><V30/><F104/><W117/><G122/><T34/><D34/><U6/><E1/><V105/><F105/><W4/><G117/><T103/><D116/><U96/><E25/><V29/><F114/><W15/><G39/><T132/><D132/><U135/><E135/><V28/><F66/><W63/><G0/><T113/><D113/><U121/><E27/><V108/><F108/><N who="1" m="41577" /><E121/><V2/><F2/><W10/><G77/><T97/><D21/><U125/><E125/><V100/><F100/><N who="1" m="38505" /><E96/><V65/><F65/><W98/><G98/><T79/><D97/><U87/><E87/><N who="2" m="50535" /><F92/><W55/><G24/><T8/><D103/><U91/><AGARI ba="0,0" hai="5,6,53,56,62,83,85,91" m="38505,41577" machi="91" ten="30,3000,0" yaku="10,1,52,1" doraHai="76" who="1" fromWho="1" sc="268,-10,71,30,226,-10,435,-10" /><INIT seed="5,1,0,1,2,93" ten="258,101,216,425" oya="1" hai0="17,68,6,5,1,130,32,124,14,13,50,10,92" hai1="15,100,111,127,73,69,49,116,105,82,120,106,113" hai2="48,44,118,36,76,84,9,126,97,41,51,24,3" hai3="42,107,28,135,37,131,129,63,59,122,27,81,112"/><U123/><E49/><V103/><F118/><W55/><G122/><T78/><D68/><U134/><E15/><V40/><F126/><W102/><G112/><T35/><D78/><U95/><E69/><V65/><F65/><W20/><G135/><T30/><D124/><U31/><E31/><V86/><F24/><W58/><G81/><T38/><D38/><U89/><E127/><V39/><F39/><W121/><G121/><N who="1" m="46666" /><E116/><V26/><F76/><W23/><G102/><T64/><D64/><U11/><E11/><V74/><F74/><W80/><G107/><N who="1" m="40970" /><E134/><V2/><F36/><W8/><G8/><T79/><D30/><U60/><E60/><V4/><F26/><W110/><G63/><T52/><D1/><U101/><E113/><V66/><F66/><W33/><G27/><T56/><D5/><U77/><E111/><V71/><F71/><W62/><G62/><T133/><D133/><U132/><E132/><V34/><F34/><W91/><G33/><T18/><D6/><U117/><E117/><V46/><F3/><W94/><G110/><T12/><D12/><U67/><E67/><V109/><REACH who="2" step="1"/><F109/><REACH who="2" ten="258,101,206,425" step="2"/><W75/><G37/><T108/><D108/><U90/><E90/><V87/><F87/><AGARI ba="1,1" hai="73,77,82,87,89,95,100,101" m="40970,46666" machi="87" ten="30,2900,0" yaku="34,2" doraHai="93" who="1" fromWho="2" sc="258,0,101,42,206,-32,425,0" /><INIT seed="5,2,0,4,3,10" ten="258,143,174,425" oya="1" hai0="104,62,5,98,43,130,70,65,95,48,11,16,13" hai1="45,117,66,112,17,47,118,32,125,27,90,133,110" hai2="122,58,57,115,114,73,39,50,60,84,51,9,1" hai3="53,101,40,108,69,30,0,61,97,67,121,129,81"/><U68/><E112/><N who="2" m="43051" /><F73/><W132/><G121/><T26/><D130/><U89/><E125/><V2/><F122/><W134/><G129/><T135/><D135/><U127/><E127/><V56/><F39/><W131/><G131/><T41/><D104/><U44/><E133/><N who="3" m="51306" /><G0/><N who="2" m="105" /><F9/><W46/><G30/><T59/><D26/><U72/><E72/><V19/><F19/><W22/><G22/><T18/><D70/><U4/><E4/><V119/><F119/><W54/><G81/><T103/><D48/><N who="2" m="18474" /><F84/><W109/><G101/><T38/><D38/><U74/><E74/><V14/><F14/><W83/><G83/><T42/><AGARI ba="2,0" hai="5,11,13,16,18,41,42,43,59,62,65,95,98,103" machi="42" ten="30,7900,0" yaku="0,1,8,1,52,1,54,1" doraHai="10" who="0" fromWho="0" sc="258,85,143,-41,174,-22,425,-22" /><INIT seed="6,0,0,1,4,98" ten="343,102,152,403" oya="2" hai0="34,32,24,0,35,97,117,78,111,44,55,68,18" hai1="105,22,31,128,10,123,74,100,96,113,39,106,95" hai2="86,6,79,89,101,38,70,48,61,71,73,69,33" hai3="46,15,64,51,3,47,23,109,126,41,9,119,124"/><V80/><F38/><W83/><G119/><T84/><D111/><U92/><E39/><V45/><F33/><W112/><G109/><T65/><D0/><U8/><E113/><V93/><F6/><W121/><G121/><T19/><D117/><U42/><E42/><V134/><F134/><W58/><G3/><T99/><D68/><U75/><E31/><V115/><F115/><W11/><G112/><T63/><D65/><U104/><E22/><V16/><F61/><N who="3" m="37943" /><G46/><T49/><D63/><U82/><E10/><V91/><F91/><W131/><G131/><T57/><D44/><U67/><E67/><V127/><F127/><N who="3" m="48683" /><G83/><T28/><D19/><AGARI ba="0,0" hai="9,11,15,19,23,41,47,51" m="48683,37943" machi="19" ten="30,1000,0" yaku="18,1" doraHai="98" who="3" fromWho="0" sc="343,-10,102,0,152,0,403,10" /><INIT seed="7,0,0,3,1,9" ten="333,102,152,413" oya="3" hai0="51,71,94,44,43,53,81,129,20,108,57,112,91" hai1="85,46,97,48,102,64,22,76,96,16,103,37,74" hai2="2,26,10,89,124,92,93,122,117,38,78,131,90" hai3="88,17,120,109,98,121,118,62,32,67,41,107,84"/><W60/><G118/><T28/><D108/><U77/><E37/><V36/><F117/><W68/><G109/><T55/><D71/><U1/><E1/><V66/><F66/><W105/><G105/><T59/><D129/><U87/><E64/><V104/><F104/><W6/><G6/><T82/><D112/><U23/><E74/><V70/><F70/><W73/><G73/><T49/><D20/><U134/><E134/><V125/><F78/><W27/><G41/><T80/><D28/><U54/><E23/><V69/><F69/><W18/><G62/><T13/><D13/><N who="1" m="9487" /><E77/><V7/><F26/><W75/><G75/><T135/><D135/><U25/><E25/><V79/><F79/><W111/><G18/><T33/><D33/><U40/><E40/><V130/><F122/><W42/><G17/><T100/><D100/><N who="1" m="38443" /><E76/><V115/><F115/><W101/><G42/><T72/><D72/><U29/><E29/><V5/><F10/><W11/><G11/><T63/><REACH who="0" step="1"/><D82/><REACH who="0" ten="323,102,152,413" step="2"/><U35/><E35/><V127/><F127/><W126/><G126/><T86/><AGARI ba="0,1" hai="43,44,49,51,53,55,57,59,63,80,81,86,91,94" machi="86" ten="20,8000,1" yaku="1,1,2,1,0,1,7,1,8,1,53,0" doraHai="9" doraHaiUra="61" who="0" fromWho="0" sc="323,90,102,-20,152,-20,413,-40" owari="413,51.3,82,-41.8,132,-26.8,373,17.3" /></mjloggm>