<mjloggm ver="2.3"><GO type="169" lobby="0"/><UN n0="%2E%67%61%74%79" n1="%E5%85%A9%E5%84%80%E4%B8%B6%E5%BC%8F" n2="%E3%82%AB%E3%83%A9%E6%9D%BE" n3="%62%73%64%5F%33" dan="17,16,17,16" rate="2143.88,2155.84,2123.73,2044.57" sx="M,M,M,F"/><TAIKYOKU oya="0"/><INIT seed="0,0,0,5,0,61" ten="250,250,250,250" oya="0" hai0="95,92,100,135,5,36,4,101,90,108,54,22,72" hai1="122,38,120,8,130,64,125,99,62,13,81,109,9" hai2="30,3,96,20,111,58,59,80,87,127,55,49,43" hai3="48,102,33,63,40,11,94,82,25,79,129,44,46"/><T75/><D36/><U103/><E38/><V84/><F3/><W88/><G129/><T34/><D34/><U91/><E109/><V14/><F111/><W32/><G102/><T10/><D108/><U41/><E41/><V12/><F127/><W114/><G114/><T68/><D135/><U123/><E130/><V69/><F69/><W57/><G25/><T74/><D68/><U117/><E117/><V0/><F0/><W27/><G46/><T89/><D22/><U86/><E125/><V131/><F131/><W17/><G27/><T28/><D54/><U31/><E31/><V133/><F133/><W105/><G105/><T42/><D42/><U118/><E118/><V119/><F119/><W126/><G17/><T51/><D51/><U7/><E8/><V85/><F43/><W21/><G21/><T104/><D104/><U107/><REACH who="1" step="1"/><E120/><REACH who="1" ten="250,240,250,250" step="2"/><V29/><F30/><W121/><G11/><T106/><D10/><U115/><E115/><V124/><F124/><W65/><G121/><T70/><D28/><U47/><E47/><V19/><F29/><W132/><G132/><T73/><D4/><U53/><E53/><V78/><F55/><W77/><G126/><T93/><D5/><U1/><E1/><V113/><F113/><W37/><G37/><T67/><D106/><U98/><E98/><V45/><F96/><N who="3" m="57415" /><G33/><T71/><D100/><U56/><AGARI ba="0,1" hai="7,9,13,56,62,64,81,86,91,99,103,107,122,123" machi="56" ten="20,8000,1" yaku="1,1,0,1,7,1,52,1,53,1" doraHai="61" doraHaiUra="76" who="1" fromWho="1" sc="250,-40,240,90,250,-20,250,-20" /><INIT seed="1,0,0,3,5,116" ten="210,330,230,230" oya="1" hai0="121,9,103,41,48,60,104,122,0,91,100,3,109" hai1="134,115,59,127,71,94,45,27,87,15,79,23,35" hai2="76,98,70,22,14,72,111,2,110,132,124,44,17" hai3="106,123,18,53,120,118,105,93,40,89,52,84,58"/><U61/><E71/><V96/><F70/><W113/><G113/><T66/><D109/><N who="2" m="41482" /><F2/><N who="0" m="554" /><D104/><U39/><E127/><V99/><F124/><W114/><G114/><T42/><D9/><U95/><E134/><V78/><F132/><W69/><G118/><T63/><D91/><U81/><E115/><V30/><F72/><W62/><G69/><T49/><D49/><U19/><E35/><V77/><F44/><W32/><G32/><T55/><D55/><U29/><E45/><V28/><AGARI ba="0,0" hai="14,17,22,28,30,76,77,78,96,98,99" m="41482" machi="28" ten="40,1500,0" yaku="14,1" doraHai="116" who="2" fromWho="2" sc="210,-4,330,-7,230,15,230,-4" /><INIT seed="2,0,0,5,3,70" ten="206,323,245,226" oya="2" hai0="57,114,2,35,77,14,75,135,17,56,131,25,72" hai1="68,71,66,47,73,98,74,63,64,55,78,6,0" hai2="122,83,130,94,105,121,125,126,20,115,89,88,58" hai3="41,100,32,97,104,99,95,60,87,48,116,7,52"/><V15/><F58/><W96/><G116/><T36/><D114/><U69/><E98/><N who="2" m="57671" /><F20/><W53/><G32/><T16/><D2/><U103/><E103/><V82/><F15/><W120/><G120/><N who="2" m="46185" /><F115/><W40/><G87/><T112/><D112/><U50/><E6/><V1/><F1/><W84/><G84/><T19/><D36/><U62/><E0/><V110/><F105/><W42/><G104/><T26/><D14/><U107/><E107/><V21/><F21/><W113/><G113/><T54/><D35/><U13/><E13/><V132/><F132/><W93/><G7/><T34/><D135/><U109/><E109/><V30/><F30/><W85/><G100/><T127/><D34/><U3/><E3/><V134/><F134/><W12/><G12/><T102/><D26/><U18/><E18/><V5/><F5/><W92/><G60/><T80/><D17/><U49/><E68/><V124/><F110/><W111/><G111/><T8/><D8/><U91/><E49/><V128/><F89/><N who="3" m="53295" /><G53/><T86/><D54/><U133/><E133/><V23/><F23/><W67/><G67/><T101/><D19/><U39/><E39/><V27/><F27/><W81/><G81/><AGARI ba="0,0" hai="81,82,83,124,125,126,128,130" m="46185,57671" machi="81" ten="40,12000,1" yaku="18,1,34,2,54,1" doraHai="70" who="2" fromWho="3" sc="206,0,323,0,245,120,226,-120" /><INIT seed="2,1,0,3,5,41" ten="206,323,365,106" oya="2" hai0="70,81,23,83,16,135,116,128,124,3,107,115,15" hai1="46,80,5,42,51,118,93,21,86,89,36,61,55" hai2="66,101,105,29,45,64,47,9,6,52,92,122,75" hai3="25,12,49,32,14,99,120,11,72,134,74,65,35"/><V22/><F105/><W125/><G120/><T73/><RYUUKYOKU type="yao9" ba="1,0" sc="206,0,323,0,365,0,106,0" hai0="3,15,16,23,70,73,81,83,107,115,116,124,128,135" /><INIT seed="2,2,0,0,0,21" ten="206,323,365,106" oya="2" hai0="40,42,10,38,19,69,119,35,56,100,127,98,103" hai1="68,23,73,88,111,60,4,57,125,39,116,77,130" hai2="132,20,24,95,108,109,106,22,96,102,36,16,52" hai3="74,76,34,81,0,26,84,27,113,114,101,25,93"/><V133/><F36/><W126/><G0/><T131/><D69/><U120/><E116/><V58/><F106/><W123/><G123/><T83/><D127/><U59/><E39/><V28/><F28/><N who="3" m="19727" /><G126/><T18/><D131/><U124/><E130/><V104/><F22/><W44/><G44/><T61/><D119/><U75/><E120/><V92/><F92/><W15/><G15/><T37/><D35/><U63/><E4/><V45/><F45/><W134/><G134/><N who="2" m="51817" /><F95/><W62/><G62/><AGARI ba="2,0" hai="16,20,24,52,58,62,96,102,104,108,109" m="51817" machi="62" ten="30,11600,0" yaku="20,1,52,1,54,2" doraHai="21" who="2" fromWho="3" sc="206,0,323,0,365,122,106,-122" owari="206,-19.4,323,12.3,487,58.7,-16,-51.6" /></mjloggm>