<mjloggm ver="2.3"><GO type="169" lobby="0"/><UN n0="%E5%B0%8F%E4%B8%89%E5%85%83%E5%8D%97%E5%8D%98%E9%A8%8E" n1="%72%65%2E" n2="%E3%81%BF%E3%81%8B%E3%82%93%EF%BC%A0%E3%82%8F%E3%81%8B%E3%82%81%E3%81%A6" n3="%E3%83%9C%E3%82%A4%E3%83%AD%E5%B0%86%E6%A3%8B%E9%83%A8%E5%93%A1" dan="16,16,16,17" rate="2108.89,2078.96,2140.94,2162.40" sx="M,M,M,M"/><TAIKYOKU oya="0"/><INIT seed="0,0,0,3,2,118" ten="250,250,250,250" oya="0" hai0="24,99,34,80,120,105,132,110,68,35,53,75,88" hai1="135,66,52,9,6,43,44,127,78,95,51,5,10" hai2="30,36,61,25,4,86,39,119,128,115,62,84,100" hai3="20,33,29,3,112,104,2,60,16,26,131,129,63"/><T56/><D132/><U94/><E127/><V8/><F115/><W117/><G104/><T111/><D68/><U124/><E124/><V70/><F119/><W14/><G117/><T54/><D54/><U123/><E135/><V74/><F74/><W0/><REACH who="3" step="1"/><G112/><REACH who="3" ten="250,250,250,240" step="2"/><T38/><D105/><U12/><E94/><V18/><F128/><AGARI ba="0,1" hai="0,2,3,14,16,20,26,29,33,60,63,128,129,131" machi="128" ten="50,8000,1" yaku="1,1,2,1,19,1,54,1,53,0" doraHai="118" doraHaiUra="109" who="3" fromWho="2" sc="250,0,250,0,250,-80,240,90" /><INIT seed="1,0,0,1,4,63" ten="250,250,170,330" oya="1" hai0="19,82,106,101,113,62,99,84,111,44,78,1,83" hai1="57,42,114,5,26,68,55,69,13,126,122,100,53" hai2="105,24,109,102,6,32,86,34,21,39,66,103,97" hai3="33,36,119,80,30,59,47,115,79,12,29,104,98"/><U31/><E114/><V123/><F123/><W14/><G115/><T15/><D113/><U49/><E122/><V20/><F109/><W118/><G59/><T90/><D111/><U4/><E126/><V46/><F103/><N who="3" m="62583" /><G12/><T81/><D1/><U110/><E110/><V2/><F20/><W131/><G14/><T75/><D44/><U7/><E42/><V116/><F116/><N who="3" m="44587" /><G33/><T58/><D82/><U65/><E100/><V37/><F6/><W51/><G36/><T27/><D27/><U52/><E13/><V120/><F2/><W18/><G18/><T124/><D124/><U108/><E108/><V132/><F120/><W16/><G16/><T41/><D41/><U130/><E130/><V56/><F21/><W133/><G133/><T77/><D77/><U125/><E125/><V43/><F132/><W50/><G50/><T3/><D3/><U121/><E121/><V85/><F39/><W72/><G131/><T61/><REACH who="0" step="1"/><D58/><REACH who="0" ten="240,250,170,330" step="2"/><U0/><E0/><V112/><F112/><W71/><G71/><T11/><AGARI ba="0,1" hai="11,15,19,61,62,75,78,81,83,84,90,99,101,106" machi="11" ten="20,5200,0" yaku="1,1,2,1,0,1,7,1,53,0" doraHai="63" doraHaiUra="117" who="0" fromWho="0" sc="240,62,250,-26,170,-13,330,-13" /><INIT seed="2,0,0,0,3,96" ten="302,224,157,317" oya="2" hai0="39,46,23,127,111,131,74,33,94,72,0,43,76" hai1="14,117,132,48,69,120,67,16,91,21,95,26,5" hai2="63,25,61,49,82,92,27,35,133,90,2,112,113" hai3="65,57,66,47,77,4,88,44,10,34,32,119,15"/><V130/><F133/><W100/><G119/><T3/><D111/><U54/><E132/><V59/><F130/><W70/><G70/><T102/><D23/><U87/><E120/><V37/><F37/><W124/><G77/><T50/><D131/><U6/><E117/><V135/><F135/><W103/><G124/><T105/><D94/><U29/><E67/><N who="3" m="25610" /><G32/><T89/><D89/><U42/><E42/><V9/><F82/><W83/><G57/><T18/><D18/><U108/><E108/><V1/><F49/><W125/><G34/><T98/><D127/><U28/><E28/><V115/><F59/><W79/><G79/><T11/><D50/><U126/><E126/><V36/><F36/><W128/><G128/><T60/><D60/><N who="2" m="23114" /><F9/><W52/><G52/><T51/><D51/><U85/><E85/><V93/><F90/><W134/><G134/><T97/><D11/><U8/><REACH who="1" step="1"/><E69/><REACH who="1" ten="302,214,157,317" step="2"/><V22/><F35/><W64/><G64/><T45/><D33/><U86/><E86/><V80/><F115/><W118/><G118/><T38/><D43/><U129/><E129/><V17/><F113/><W24/><G125/><T75/><D74/><U73/><E73/><V13/><F112/><W122/><G122/><T40/><D40/><U58/><AGARI ba="0,1" hai="5,6,8,14,16,21,26,29,48,54,58,87,91,95" machi="58" ten="20,8000,1" yaku="1,1,0,1,7,1,8,1,54,1,53,0" doraHai="96" doraHaiUra="56" who="1" fromWho="1" sc="302,-20,214,90,157,-40,317,-20" /><INIT seed="3,0,0,2,1,99" ten="282,304,117,297" oya="3" hai0="61,26,62,27,60,80,49,86,43,78,35,91,111" hai1="59,119,116,1,0,9,73,56,16,8,77,101,52" hai2="76,57,90,126,97,31,29,115,32,14,48,39,47" hai3="2,71,37,82,54,89,114,21,67,44,30,66,63"/><W41/><G114/><T95/><D111/><U84/><E73/><V128/><F115/><W20/><G2/><T19/><D35/><U51/><E56/><V92/><F126/><W22/><G67/><T58/><D19/><U46/><E8/><V79/><F128/><W42/><G42/><T100/><D100/><U25/><E101/><V55/><F32/><W13/><G54/><T5/><D5/><U24/><E59/><V12/><F39/><W33/><G33/><T64/><D64/><U68/><E68/><V53/><F29/><W110/><G110/><T7/><D7/><U6/><E0/><V133/><F31/><W28/><REACH who="3" step="1"/><G13/><REACH who="3" ten="282,304,117,287" step="2"/><T3/><D3/><U50/><E1/><V127/><F127/><W132/><G132/><T81/><D43/><U70/><E116/><V129/><F133/><W93/><G93/><T102/><D80/><N who="1" m="47119" /><E119/><V135/><F135/><W96/><G96/><T125/><D125/><U15/><E70/><V11/><F14/><W122/><G122/><T107/><D81/><U121/><E121/><V123/><F123/><W98/><G98/><T112/><D95/><U104/><E104/><V4/><REACH who="2" step="1"/><F129/><REACH who="2" ten="282,304,107,287" step="2"/><W65/><G65/><T85/><D112/><U124/><E124/><V69/><F69/><W131/><G131/><T18/><D107/><U106/><E106/><V94/><F94/><W36/><G36/><T23/><D78/><U72/><E15/><V117/><F117/><W34/><G34/><T75/><D27/><U83/><E24/><V17/><F17/><W40/><G40/><T87/><D26/><U105/><E105/><RYUUKYOKU ba="0,2" sc="282,-15,304,-15,107,15,287,15" hai2="4,11,12,47,48,53,55,57,76,79,90,92,97" hai3="20,21,22,28,30,37,41,44,63,66,71,82,89" /><INIT seed="3,1,2,3,4,35" ten="267,289,122,302" oya="3" hai0="2,92,64,71,116,55,41,62,96,28,13,46,37" hai1="5,27,59,58,104,51,19,3,98,0,74,11,78" hai2="9,65,44,70,14,128,117,120,47,115,32,108,133" hai3="25,24,1,127,67,122,90,68,100,89,109,54,81"/><W23/><G122/><T77/><D116/><U10/><E74/><V33/><F115/><W18/><G127/><T125/><D125/><U66/><E78/><V111/><F117/><W53/><G109/><N who="2" m="42057" /><F120/><W102/><G68/><T123/><D123/><U79/><E79/><V76/><F133/><W6/><G67/><T99/><D28/><U85/><E104/><V129/><F76/><W91/><G81/><T34/><D34/><N who="2" m="13418" /><F65/><W97/><G102/><T8/><D77/><U36/><E36/><V7/><F70/><W45/><G24/><T60/><D92/><U87/><E98/><V57/><F57/><W15/><G25/><T132/><D132/><U22/><E66/><V107/><F107/><W83/><G83/><T103/><D103/><U95/><E95/><V73/><F73/><W20/><G45/><AGARI ba="1,2" hai="7,9,14,44,45,47,128,129" m="13418,42057" machi="45" ten="40,1300,0" yaku="14,1" doraHai="35" who="2" fromWho="3" sc="267,0,289,0,122,36,302,-16" /><INIT seed="4,0,0,1,5,127" ten="267,289,158,286" oya="0" hai0="95,30,26,103,65,86,74,28,63,75,39,73,5" hai1="57,32,92,41,6,27,100,111,2,62,78,55,71" hai2="10,7,93,110,44,114,96,4,118,20,105,9,70" hai3="117,67,58,99,123,77,34,126,131,115,130,18,69"/><T51/><D39/><U104/><E111/><V129/><F110/><W121/><G117/><T102/><D5/><U106/><E78/><V87/><F70/><W17/><G126/><T80/><D51/><U133/><E133/><V13/><F118/><W22/><G34/><T120/><D120/><N who="3" m="46153" /><G115/><T1/><D1/><U113/><E113/><V11/><F114/><W59/><G77/><T23/><D30/><U107/><E71/><V12/><F129/><N who="3" m="49163" /><G99/><T35/><D95/><U132/><E32/><V112/><F112/><W21/><G69/><T122/><D35/><U47/><E132/><V125/><F125/><W48/><G67/><T76/><REACH who="0" step="1"/><D122/><REACH who="0" ten="257,289,158,286" step="2"/><U124/><E124/><V25/><F105/><W89/><G48/><T33/><D33/><U8/><E104/><V81/><F44/><W56/><G89/><T90/><D90/><U84/><E107/><V116/><F116/><W43/><G43/><T60/><D60/><U91/><E106/><V72/><F4/><W37/><G37/><T109/><D109/><U16/><E100/><V54/><F7/><W3/><G3/><T66/><D66/><U98/><E41/><V135/><F135/><W19/><AGARI ba="0,1" hai="17,18,19,21,22,56,58,59" m="49163,46153" machi="19" ten="40,12000,2" yaku="28,2,13,1,19,1,52,3" doraHai="127" who="3" fromWho="3" sc="257,-60,289,-30,158,-30,286,130" /><INIT seed="5,0,0,1,5,85" ten="197,259,128,416" oya="1" hai0="87,74,81,19,15,121,30,127,106,52,66,35,88" hai1="29,125,9,37,53,45,128,31,129,130,46,17,13" hai2="51,64,80,133,82,90,118,44,32,104,92,8,50" hai3="93,122,47,124,119,65,89,26,114,103,131,110,1"/><U67/><E125/><V94/><F118/><W7/><G110/><T20/><D127/><U132/><E132/><V116/><F116/><W6/><G119/><T4/><D121/><U0/><E0/><V3/><F32/><W5/><G122/><T16/><D106/><U135/><E135/><V108/><F108/><W75/><G124/><T100/><D66/><U68/><E45/><V105/><F64/><W27/><G75/><T60/><D100/><U115/><E115/><V11/><F44/><W99/><G1/><T10/><D74/><U25/><E67/><V77/><F3/><W42/><G131/><T79/><D35/><U57/><E68/><V120/><F133/><W96/><G114/><T73/><D30/><U83/><E83/><V49/><F49/><N who="3" m="26871" /><G65/><T117/><D117/><U22/><E46/><V76/><REACH who="2" step="1"/><F120/><REACH who="2" ten="197,259,118,416" step="2"/><W78/><G78/><T39/><D39/><U41/><E37/><V109/><F109/><W70/><G70/><T134/><D134/><U28/><E41/><V2/><F2/><W112/><G112/><T123/><D123/><U34/><E34/><V54/><F54/><W38/><G38/><T97/><D52/><U63/><AGARI ba="0,1" hai="9,13,17,22,25,28,29,31,53,57,63,128,129,130" machi="63" ten="30,3000,0" yaku="0,1,19,1" doraHai="85" who="1" fromWho="1" sc="197,-10,259,40,118,-10,416,-10" /><INIT seed="5,1,0,3,0,2" ten="187,299,108,406" oya="1" hai0="46,69,116,119,91,133,85,33,39,93,8,117,67" hai1="114,44,30,99,58,22,10,3,63,23,75,73,41" hai2="106,16,82,126,97,127,68,87,20,9,64,81,130" hai3="26,78,66,62,52,132,12,5,98,55,84,36,103"/><U4/><E114/><V109/><F109/><W18/><G36/><T74/><D133/><U111/><E111/><V34/><F34/><W83/><G5/><T37/><D33/><U27/><E99/><V107/><F68/><W89/><G26/><T13/><D74/><U0/><E23/><V88/><F64/><W110/><G78/><T125/><D125/><N who="2" m="47626" /><F130/><W96/><G132/><T45/><D45/><U129/><E0/><V70/><F70/><W105/><G96/><T59/><D69/><U31/><E31/><V7/><F82/><W61/><G110/><T19/><D46/><U102/><E102/><V38/><F38/><W51/><G66/><T104/><D104/><N who="2" m="39978" /><F97/><W14/><G55/><T77/><D77/><U32/><E32/><V90/><F90/><W28/><G28/><T86/><D86/><U29/><E29/><V135/><F135/><W121/><G89/><T50/><D67/><U42/><E129/><V60/><F60/><W57/><G83/><T40/><D39/><U122/><E122/><V11/><F7/><W47/><G62/><T118/><D37/><U134/><E134/><V49/><F49/><W15/><G121/><T94/><D119/><U24/><E24/><AGARI ba="1,0" hai="9,11,16,20,24,81,87,88" m="39978,47626" machi="24" ten="30,3900,0" yaku="18,1,54,2" doraHai="2" who="2" fromWho="1" sc="187,0,299,-42,108,42,406,0" /><INIT seed="6,0,0,3,4,56" ten="187,257,150,406" oya="2" hai0="27,108,70,95,103,46,38,2,6,69,8,127,93" hai1="121,25,21,50,126,15,20,60,111,7,13,49,130" hai2="12,83,9,31,32,3,36,19,44,64,109,87,0" hai3="120,78,23,55,89,110,119,16,72,67,61,99,114"/><V53/><F109/><W17/><G119/><T30/><D108/><U112/><E111/><V48/><F36/><W101/><G120/><T22/><D127/><U88/><E126/><V11/><F11/><W54/><G114/><T134/><D134/><U26/><E112/><V39/><F39/><W122/><G122/><T52/><D38/><U14/><E130/><V66/><F66/><W113/><G113/><T117/><D117/><U125/><E125/><V58/><F32/><W35/><G35/><T77/><D77/><U100/><E100/><V57/><F31/><W90/><G78/><T102/><D102/><U133/><E7/><V34/><F34/><W5/><G72/><T96/><REACH who="0" step="1"/><D95/><REACH who="0" ten="177,257,150,406" step="2"/><U82/><E133/><V131/><F131/><W86/><G101/><T115/><D115/><U45/><E121/><V28/><F28/><W76/><G76/><T65/><D65/><U1/><E49/><AGARI ba="0,1" hai="2,6,8,22,27,30,46,49,52,69,70,93,96,103" machi="49" ten="40,5200,0" yaku="1,1,54,1,53,1" doraHai="56" doraHaiUra="40" who="0" fromWho="1" sc="177,62,257,-52,150,0,406,0" /><INIT seed="7,0,0,3,2,15" ten="239,205,150,406" oya="3" hai0="29,26,28,81,97,131,38,72,80,57,17,48,33" hai1="107,128,135,114,120,34,70,101,84,105,65,20,100" hai2="124,40,91,83,133,103,9,63,94,16,125,95,11" hai3="127,53,118,116,23,55,78,74,50,5,32,75,19"/><W90/><G32/><T10/><D38/><U35/><E120/><V132/><F40/><W85/><G5/><T51/><D72/><U79/><E20/><V8/><F63/><W126/><G78/><T37/><D37/><U98/><E114/><V61/><F61/><W45/><G55/><N who="0" m="31975" /><D33/><U130/><E135/><N who="2" m="51787" /><F83/><N who="3" m="49471" /><G75/><T134/><D81/><N who="1" m="47167" /><E65/><V14/><F103/><W31/><G31/><T30/><D131/><N who="1" m="50219" /><E70/><V52/><F52/><W62/><G62/><T44/><D80/><U67/><E67/><V71/><F71/><W21/><G21/><T96/><D134/><U47/><E47/><V0/><F0/><W18/><G74/><T27/><D27/><U89/><E89/><V36/><F36/><W2/><G2/><T106/><D26/><U66/><E66/><V60/><F60/><W49/><G49/><T111/><D111/><U121/><E121/><V117/><F117/><N who="3" m="45163" /><G23/><T86/><D51/><U115/><E101/><V99/><F95/><W110/><G110/><T104/><D44/><U102/><E102/><V73/><F73/><W93/><G93/><T76/><D106/><U13/><E105/><V69/><F69/><W39/><G39/><T119/><D104/><U64/><E64/><V4/><F4/><W82/><G82/><N who="0" m="47431" /><D119/><U1/><E1/><V3/><F3/><W129/><G129/><T87/><D87/><U123/><E123/><V54/><F54/><W59/><G45/><T92/><D92/><U43/><E43/><V68/><F68/><W46/><G46/><T109/><D109/><U12/><E107/><V58/><F58/><W88/><G59/><RYUUKYOKU ba="0,0" sc="239,15,205,-15,150,15,406,-15" hai0="10,17,28,29,30,96,97" hai2="8,9,11,14,16,91,94,99,124,125" owari="254,5.4,190,-21.0,165,-33.5,391,49.1" /></mjloggm>