<mjloggm ver="2.3"><GO type="169" lobby="0"/><UN n0="%E7%89%A7%E5%A0%B4%E3%81%AE%E5%B0%8F%E5%A5%B3" n1="%E3%83%A9%E3%83%B3%E3%82%B0%E3%83%A9" n2="%E3%81%95%E3%81%8D%E3%81%8A%E3%80%82" n3="%41%6D%69%63%68%61%6E" dan="17,16,16,16" rate="2204.47,2066.51,2140.44,2083.35" sx="F,M,M,F"/><TAIKYOKU oya="0"/><INIT seed="0,0,0,0,4,42" ten="250,250,250,250" oya="0" hai0="45,95,114,49,69,26,87,109,107,47,20,68,112" hai1="51,56,96,11,40,1,73,35,0,100,134,126,18" hai2="22,75,7,58,59,124,93,132,94,38,80,98,43" hai3="105,72,52,99,34,85,2,116,127,121,83,16,89"/><T110/><D107/><U23/><E35/><V32/><F32/><W133/><G116/><T28/><D69/><U82/><E134/><V129/><F129/><W5/><G133/><T104/><D104/><U111/><E111/><N who="0" m="42505" /><D68/><U70/><E70/><V61/><F124/><W86/><G127/><T37/><D37/><U53/><E126/><V103/><F132/><W60/><G34/><T115/><D49/><U27/><E40/><V19/><F7/><W117/><G117/><T21/><D20/><U57/><E57/><V125/><F125/><W9/><G121/><T64/><D64/><U30/><E30/><V92/><F59/><W63/><G72/><T17/><D28/><U46/><E56/><V14/><F75/><W128/><G128/><T74/><D74/><U50/><E50/><V90/><F38/><W101/><G86/><T55/><D55/><U71/><E71/><V79/><F43/><W24/><REACH who="3" step="1"/><G52/><REACH who="3" ten="250,250,250,240" step="2"/><T48/><D48/><U44/><E73/><V67/><F79/><W25/><G25/><T119/><D119/><U108/><E108/><V4/><F4/><W91/><G91/><AGARI ba="0,1" hai="17,21,26,45,47,87,91,95,112,114,115" m="42505" machi="91" ten="40,12000,1" yaku="14,1,10,1,52,2" doraHai="42" who="0" fromWho="3" sc="250,130,250,0,250,0,240,-120" /><INIT seed="0,1,0,5,1,90" ten="380,250,250,120" oya="0" hai0="114,53,93,126,51,17,134,52,124,102,21,69,135" hai1="91,80,41,45,29,40,63,103,31,11,12,119,109" hai2="113,127,50,75,60,56,2,13,116,55,33,65,38" hai3="42,88,39,43,96,132,59,16,110,99,8,112,19"/><T64/><D114/><U97/><E109/><V46/><F2/><W66/><G112/><T10/><D10/><U95/><E119/><V68/><F113/><W105/><G110/><T5/><D5/><U130/><E130/><V117/><F75/><W98/><G132/><N who="0" m="50731" /><D64/><U20/><E63/><V125/><F13/><N who="3" m="7207" /><G105/><T6/><D6/><U62/><E62/><V36/><F33/><W18/><G39/><T76/><D76/><U44/><E80/><V4/><F4/><W86/><G66/><T101/><D69/><U15/><E20/><V37/><F68/><W115/><G59/><N who="0" m="33183" /><D53/><U128/><E128/><V35/><REACH who="2" step="1"/><F35/><REACH who="2" ten="380,250,240,120" step="2"/><W78/><G115/><T9/><D9/><U121/><E11/><V25/><F25/><W7/><G7/><T58/><D58/><U131/><E131/><V14/><F14/><W133/><G133/><T77/><D126/><AGARI ba="1,1" hai="36,37,38,46,50,55,56,60,65,116,117,125,126,127" machi="126" ten="50,12000,2" yaku="1,1,18,1,34,3,53,1" doraHai="90" doraHaiUra="47" who="2" fromWho="0" sc="380,-123,250,0,240,133,120,0" /><INIT seed="1,0,0,1,3,98" ten="257,250,373,120" oya="1" hai0="102,28,35,70,42,131,85,4,45,40,65,47,10" hai1="63,68,53,36,34,37,27,32,18,81,25,96,113" hai2="134,6,74,33,30,132,23,44,29,9,88,124,106" hai3="48,62,20,109,78,0,2,22,71,8,93,51,107"/><U116/><E113/><V75/><F106/><W11/><G107/><T110/><D110/><U66/><E116/><V60/><F33/><W3/><G109/><T135/><D135/><N who="2" m="51754" /><F124/><W105/><G105/><T7/><D131/><U104/><E81/><V64/><F44/><W43/><G78/><T130/><D130/><U84/><E84/><V121/><F121/><W49/><G93/><T59/><D70/><U128/><E128/><V89/><F23/><N who="3" m="8747" /><G43/><T56/><D85/><U111/><E111/><V16/><F29/><W112/><G112/><T19/><D28/><N who="1" m="19471" /><E53/><V12/><F6/><W41/><G41/><T115/><D35/><U57/><E57/><N who="2" m="36879" /><F30/><W83/><G83/><T125/><D125/><U91/><E18/><V120/><F120/><W52/><G71/><T5/><D115/><U38/><E91/><AGARI ba="0,0" hai="9,12,16,74,75,88,89,91" m="36879,51754" machi="91" ten="30,3900,0" yaku="20,1,54,2" doraHai="98" who="2" fromWho="1" sc="257,0,250,-39,373,39,120,0" /><INIT seed="2,0,0,4,1,16" ten="257,211,412,120" oya="2" hai0="39,42,63,94,126,68,8,71,72,79,40,121,18" hai1="120,45,74,36,76,59,41,96,107,75,124,104,53" hai2="2,106,110,70,114,134,117,88,118,130,3,37,13" hai3="109,60,19,78,22,80,43,135,27,127,38,20,66"/><V48/><RYUUKYOKU type="yao9" ba="0,0" sc="257,0,211,0,412,0,120,0" hai2="2,3,13,37,48,70,88,106,110,114,117,118,130,134" /><INIT seed="2,1,0,0,2,119" ten="257,211,412,120" oya="2" hai0="42,41,130,52,6,70,54,75,106,10,123,0,50" hai1="105,32,35,111,17,65,16,120,135,43,107,78,125" hai2="103,29,23,127,1,18,72,33,46,92,74,45,36" hai3="89,99,87,85,22,94,69,79,113,39,132,20,100"/><V77/><F127/><W31/><G69/><T26/><D130/><U128/><E128/><V84/><F1/><W7/><G39/><T108/><D108/><U81/><E111/><V73/><F33/><W116/><G116/><T83/><D106/><U48/><E125/><V12/><F29/><W134/><G7/><T76/><D70/><U30/><E135/><N who="3" m="51754" /><G31/><T133/><D133/><U37/><E37/><V64/><F64/><W114/><G20/><T104/><D104/><U112/><E112/><N who="3" m="43114" /><G22/><T118/><D118/><U93/><E65/><V24/><F24/><W40/><G40/><T117/><D117/><U28/><E93/><V59/><F59/><W57/><G57/><T95/><D123/><U60/><E81/><V131/><F131/><W14/><G14/><T9/><D26/><U55/><E78/><V68/><F68/><W122/><G122/><T124/><D124/><U96/><E96/><V11/><F23/><W129/><G129/><T67/><D67/><U86/><E86/><N who="3" m="32778" /><G79/><T38/><D38/><U109/><E109/><V97/><REACH who="2" step="1"/><F36/><REACH who="2" ten="257,211,402,120" step="2"/><W56/><G56/><T58/><D0/><U115/><E30/><V88/><F88/><AGARI ba="1,1" hai="88,89,94,99,100" m="32778,43114,51754" machi="88" ten="40,8000,1" yaku="20,1,11,1,34,2,54,1" doraHai="119" who="3" fromWho="2" sc="257,0,211,0,402,-83,120,93" /><INIT seed="3,0,0,3,5,125" ten="257,211,319,213" oya="3" hai0="104,52,123,74,107,85,79,105,0,57,31,43,10" hai1="89,127,82,130,69,131,112,133,12,95,15,87,132" hai2="3,38,5,29,135,94,80,28,47,64,44,32,70" hai3="101,23,99,21,124,13,24,91,63,108,56,106,61"/><W113/><G113/><T26/><D123/><U14/><E69/><V58/><F135/><N who="1" m="51785" /><E127/><V2/><F94/><W114/><G114/><T84/><D43/><U86/><E112/><V115/><F115/><W117/><G124/><T27/><D74/><U76/><AGARI ba="0,0" hai="12,14,15,76,82,86,87,89,95,130,131" m="51785" machi="76" ten="40,5200,0" yaku="20,1,52,2" doraHai="125" who="1" fromWho="1" sc="257,-13,211,52,319,-13,213,-26" /><INIT seed="4,0,0,1,1,53" ten="244,263,306,187" oya="0" hai0="106,56,128,125,94,79,95,93,57,47,20,115,21" hai1="63,85,70,120,46,134,84,129,72,14,130,132,127" hai2="55,123,100,33,18,78,35,69,111,74,101,112,12" hai3="61,29,36,9,89,99,133,42,117,109,135,91,118"/><T107/><D47/><U86/><E72/><V24/><F69/><W65/><G29/><T52/><D79/><U119/><E119/><V66/><F111/><W2/><G42/><T87/><D87/><U76/><E76/><V96/><F66/><W73/><G36/><T4/><D4/><U43/><E120/><V27/><F112/><W48/><G73/><T44/><D115/><U50/><E14/><V32/><F123/><W126/><G48/><N who="0" m="28679" /><D128/><N who="1" m="49259" /><E127/><V19/><F78/><W54/><G54/><T5/><D125/><U1/><E1/><V23/><F74/><W102/><G126/><T45/><D45/><U114/><E114/><V34/><F55/><W62/><G109/><T30/><D5/><U88/><E88/><N who="3" m="33866" /><G9/><T64/><D64/><AGARI ba="0,0" hai="43,46,50,63,64,70,84,85,86,132,134" m="49259" machi="64" ten="40,1300,0" yaku="19,1" doraHai="53" who="1" fromWho="0" sc="244,-13,263,13,306,0,187,0" /><INIT seed="5,0,0,1,2,91" ten="231,276,306,187" oya="1" hai0="70,15,101,127,126,9,76,121,65,20,114,67,120" hai1="46,98,1,39,106,77,68,28,134,71,131,27,85" hai2="21,8,54,62,123,53,13,133,42,89,130,31,44" hai3="48,51,78,52,37,36,47,118,14,41,57,107,83"/><U29/><E29/><V3/><F123/><N who="0" m="47178" /><D76/><U73/><E85/><V50/><F130/><W12/><G118/><T109/><D109/><U60/><E131/><V4/><F133/><W75/><G107/><T22/><D101/><N who="1" m="62775" /><E134/><V63/><F89/><W40/><REACH who="3" step="1"/><G51/><REACH who="3" ten="231,276,306,177" step="2"/><T32/><D126/><U128/><E128/><V116/><F116/><W124/><G124/><T59/><D127/><U49/><E49/><V104/><F104/><W23/><G23/><T93/><D20/><U135/><E135/><V64/><F62/><W79/><G79/><T80/><D22/><U16/><E60/><V115/><F115/><W96/><G96/><T38/><D114/><U84/><E77/><V129/><F129/><W24/><G24/><T19/><D32/><U122/><E27/><V105/><F105/><W99/><G99/><T92/><D38/><U18/><E122/><V103/><F103/><W86/><G86/><T11/><D11/><U61/><E61/><V113/><F113/><W35/><G35/><T7/><D9/><U87/><E84/><V112/><F112/><W66/><G66/><T132/><D65/><U74/><E87/><V69/><F31/><W58/><G58/><T2/><D59/><U108/><E28/><V45/><F45/><AGARI ba="0,1" hai="12,14,36,37,40,41,45,47,48,52,57,75,78,83" machi="45" ten="40,5200,0" yaku="1,1,9,1,54,1,53,0" doraHai="91" doraHaiUra="125" who="3" fromWho="2" sc="231,0,276,0,306,-52,177,62" /><INIT seed="6,0,0,5,4,131" ten="231,276,254,239" oya="2" hai0="65,97,39,111,54,18,17,14,40,99,69,74,35" hai1="92,86,61,34,44,108,124,23,48,3,31,135,21" hai2="56,0,101,62,10,117,79,96,109,93,133,4,49" hai3="5,118,98,106,70,38,9,43,57,113,37,25,81"/><V76/><F117/><W125/><G118/><T2/><D2/><U89/><E108/><V107/><F109/><W22/><G70/><T103/><D111/><U67/><E3/><V91/><F49/><W29/><G125/><T127/><D74/><U15/><E124/><V112/><F112/><W121/><G121/><T6/><D35/><U26/><E15/><V73/><F73/><W72/><G113/><T46/><D127/><U8/><E8/><V122/><F122/><W105/><G57/><T128/><D128/><U41/><REACH who="1" step="1"/><E135/><REACH who="1" ten="231,266,254,239" step="2"/><V58/><F133/><W130/><G130/><T55/><D14/><U36/><E36/><V78/><REACH who="2" step="1"/><F62/><REACH who="2" ten="231,266,244,239" step="2"/><W104/><G38/><T85/><D39/><U68/><AGARI ba="0,2" hai="21,23,26,31,34,41,44,48,61,67,68,86,89,92" machi="68" ten="20,5200,0" yaku="1,1,0,1,7,1,53,1" doraHai="131" doraHaiUra="88" who="1" fromWho="1" sc="231,-13,266,72,244,-26,239,-13" /><INIT seed="7,0,0,3,1,13" ten="218,338,218,226" oya="3" hai0="108,31,78,8,97,41,40,113,58,107,130,128,3" hai1="7,104,118,129,32,87,131,84,37,112,1,86,114" hai2="98,96,88,56,57,19,10,24,29,123,9,125,17" hai3="50,28,126,12,59,63,55,5,53,65,109,64,14"/><W21/><G126/><T79/><D108/><U69/><E69/><V25/><F125/><W62/><G109/><T76/><D31/><U80/><E104/><V73/><F29/><W6/><G28/><T106/><D58/><U18/><E37/><V93/><F73/><W2/><G2/><T4/><D113/><N who="1" m="43627" /><E32/><V105/><F105/><N who="0" m="39946" /><D97/><U124/><E124/><V43/><F43/><W46/><G64/><T15/><D3/><U34/><E34/><V111/><F111/><W22/><G22/><T38/><D38/><U48/><E118/><V77/><F77/><W33/><G33/><T23/><D23/><U83/><E48/><V74/><F74/><W127/><G127/><T101/><D101/><U0/><E18/><V45/><F45/><W66/><G66/><T82/><D82/><N who="1" m="31275" /><E0/><V117/><F117/><W133/><G65/><T20/><D20/><U49/><E49/><V91/><REACH who="2" step="1"/><F93/><REACH who="2" ten="218,338,208,226" step="2"/><W52/><G46/><T67/><D40/><U36/><E36/><V61/><F61/><W90/><G63/><T27/><D41/><U39/><E39/><V121/><AGARI ba="0,1" hai="9,10,17,19,24,25,56,57,88,91,96,98,121,123" machi="121" ten="25,12000,2" yaku="1,1,0,1,22,2,52,2,54,1,53,0" doraHai="13" doraHaiUra="51" who="2" fromWho="2" sc="218,-30,338,-30,208,130,226,-60" owari="188,-21.2,308,10.8,338,43.8,166,-33.4" /></mjloggm>