<mjloggm ver="2.3"><GO type="225" lobby="0"/><UN n0="%E3%81%94%E3%83%BC%E3%81%A9%E3%82%93" n1="%E4%BF%BA%E3%81%A8%E5%A6%96%E5%A4%A2" n2="%70%6F%69%73%6F%6E%30%32" n3="%E6%B4%BE%E9%81%A3%E3%81%AE%E3%82%B8%E3%83%A3%E3%83%83%E3%82%AF" dan="16,16,16,17" rate="2084.93,2128.99,2126.33,2167.30" sx="M,F,M,M"/><TAIKYOKU oya="0"/><INIT seed="0,0,0,3,1,48" ten="250,250,250,250" oya="0" hai0="1,126,43,93,41,58,123,89,119,55,94,23,122" hai1="108,30,9,62,102,6,12,113,69,35,127,121,42" hai2="22,106,92,71,130,107,0,29,40,76,128,100,46" hai3="91,99,111,104,75,72,18,101,77,65,98,13,38"/><T79/><D119/><U50/><E121/><V134/><F0/><W24/><G38/><T57/><D1/><U45/><E108/><V20/><F71/><W64/><G111/><T11/><D11/><U105/><E127/><V87/><F134/><W49/><G24/><T28/><D79/><U53/><E113/><V59/><F29/><W131/><G131/><N who="2" m="50217" /><F76/><W88/><G49/><T51/><D126/><U133/><E133/><V67/><F87/><W135/><G135/><T86/><D58/><U97/><E30/><V124/><F124/><W80/><G75/><T32/><D32/><U26/><E26/><V95/><F22/><W83/><G98/><T73/><D73/><U27/><E27/><V3/><F20/><W60/><G83/><T17/><D28/><U39/><E35/><V34/><F34/><W117/><G65/><T132/><D132/><U78/><E78/><V120/><F120/><W66/><G64/><T4/><D4/><U36/><REACH who="1" step="1"/><E69/><REACH who="1" ten="250,240,250,250" step="2"/><V81/><F3/><W47/><G117/><T125/><D125/><U90/><E90/><V5/><F100/><W70/><REACH who="3" step="1"/><G47/><REACH who="3" ten="250,240,250,240" step="2"/><T109/><D109/><U96/><E96/><V115/><F115/><W10/><AGARI ba="0,2" hai="10,13,18,60,66,70,72,77,80,88,91,99,101,104" machi="10" ten="20,12000,2" yaku="1,1,2,1,0,1,7,1,54,1,53,1" doraHai="48" doraHaiUra="15" who="3" fromWho="3" sc="250,-60,240,-30,250,-30,240,140" /><INIT seed="1,0,0,4,1,82" ten="190,210,220,380" oya="1" hai0="33,114,91,37,103,18,28,126,43,8,56,47,88" hai1="73,21,52,10,107,127,119,3,80,117,46,71,96" hai2="120,116,89,36,38,24,60,100,97,41,85,93,118" hai3="62,124,102,26,15,49,63,70,44,105,121,135,13"/><U79/><E71/><V106/><F120/><W77/><G121/><T84/><D114/><U125/><E21/><V72/><F72/><W40/><G77/><T66/><D126/><N who="1" m="48139" /><E3/><V55/><F24/><W99/><G135/><T25/><D103/><N who="1" m="62951" /><E10/><V64/><F55/><W75/><G75/><T81/><D66/><U6/><E6/><V4/><F4/><W17/><G124/><T130/><D56/><U115/><E115/><V32/><F32/><W1/><G1/><T7/><D18/><U2/><E2/><V92/><F106/><W98/><G98/><T109/><D109/><U78/><E78/><V58/><REACH who="2" step="1"/><F41/><REACH who="2" ten="190,210,210,380" step="2"/><W83/><G40/><T128/><REACH who="0" step="1"/><D91/><REACH who="0" ten="180,210,210,380" step="2"/><U123/><E123/><V67/><F67/><W132/><G102/><T61/><D61/><U30/><E30/><V11/><F11/><W111/><G63/><T57/><D57/><U90/><E90/><V20/><F20/><W131/><G62/><T54/><D54/><U45/><E52/><V48/><F48/><W108/><G49/><T134/><D134/><U42/><E42/><V27/><F27/><W34/><G132/><T94/><D94/><U35/><E35/><V14/><F14/><AGARI ba="0,2" hai="7,8,14,25,28,33,37,43,47,81,84,88,128,130" machi="14" ten="40,5200,0" yaku="1,1,52,1,54,1,53,0" doraHai="82" doraHaiUra="95" who="0" fromWho="2" sc="180,72,210,0,210,-52,380,0" /><INIT seed="2,0,0,1,4,111" ten="252,210,158,380" oya="2" hai0="100,56,38,67,14,131,97,30,53,68,4,113,28" hai1="8,42,69,82,86,16,88,103,130,26,75,37,17" hai2="57,59,21,13,55,125,0,116,107,62,126,85,22" hai3="6,23,76,102,45,101,80,41,12,43,49,71,24"/><V20/><F107/><W115/><G71/><T35/><D38/><U15/><E69/><V114/><F0/><W79/><G115/><T119/><D119/><U52/><E130/><V9/><F116/><W47/><G6/><T78/><D131/><U66/><E66/><V104/><F104/><W65/><G12/><T10/><D78/><U108/><E108/><V96/><F96/><W72/><G65/><T58/><D58/><U54/><E75/><V7/><F114/><W39/><G76/><T27/><D30/><AGARI ba="0,0" hai="23,24,30,39,41,43,45,47,49,72,79,80,101,102" machi="30" ten="30,1000,0" yaku="7,1" doraHai="111" who="3" fromWho="0" sc="252,-10,210,0,158,0,380,10" /><INIT seed="3,0,0,5,5,80" ten="242,210,158,390" oya="3" hai0="118,119,93,117,90,7,69,2,57,20,38,9,1" hai1="10,27,92,39,32,94,127,97,107,101,29,61,121" hai2="108,100,21,115,59,53,78,72,37,0,28,123,50" hai3="44,3,84,76,113,133,52,62,66,47,6,120,96"/><W83/><G113/><T8/><D69/><U65/><E121/><V85/><F115/><W24/><G133/><T64/><D38/><U54/><E127/><V132/><F108/><W95/><G24/><T77/><D20/><U89/><E39/><V126/><F123/><W34/><G34/><T71/><D57/><U105/><E54/><V46/><F132/><W87/><G52/><T81/><D90/><U124/><E124/><V4/><F126/><W106/><G83/><T102/><D93/><U60/><E60/><V40/><F100/><W22/><G95/><T131/><D102/><U13/><E107/><V125/><F125/><W26/><G26/><T41/><D41/><U88/><E94/><V99/><F99/><W103/><G22/><T49/><D49/><U70/><REACH who="1" step="1"/><E92/><REACH who="1" ten="242,200,158,390" step="2"/><V86/><F28/><W31/><G62/><N who="0" m="40343" /><D118/><U116/><E116/><V128/><F128/><W45/><G31/><T35/><D119/><U58/><E58/><V112/><F112/><W36/><G36/><T67/><D67/><U23/><E23/><V15/><F21/><W16/><G66/><T111/><D35/><U114/><E114/><V75/><F78/><W11/><G76/><T91/><D77/><U19/><AGARI ba="0,1" hai="10,13,19,27,29,32,61,65,70,88,89,97,101,105" machi="19" ten="20,12000,2" yaku="1,1,0,1,7,1,25,2,54,1,53,0" doraHai="80" doraHaiUra="110" who="1" fromWho="1" sc="242,-30,200,130,158,-30,390,-60" owari="212,-18.8,330,43.0,128,-37.2,330,13.0" /></mjloggm>