<mjloggm ver="2.3"><GO type="169" lobby="0"/><UN n0="%E3%81%AF%E3%81%9F%E3%82%86%E3%81%86" n1="%E5%B0%8F%E6%B1%A0%E7%BE%8E%E6%B3%A2%E2%8A%BF" n2="%6C%6E%61%69" n3="%78%6F%E9%9B%80" dan="16,16,16,17" rate="2126.12,2187.31,2051.90,2222.61" sx="M,M,M,M"/><TAIKYOKU oya="0"/><INIT seed="0,0,0,4,3,1" ten="250,250,250,250" oya="0" hai0="11,9,30,111,14,130,125,86,49,135,91,48,118" hai1="114,128,67,56,73,43,68,7,70,63,98,103,89" hai2="26,40,29,19,17,133,92,24,37,65,75,101,18" hai3="84,2,129,28,117,41,122,90,47,119,64,77,94"/><T100/><D118/><U6/><E73/><V110/><F75/><W51/><G129/><T0/><D135/><U87/><E128/><V104/><F104/><W3/><G122/><T15/><D130/><U95/><E114/><V81/><F110/><W96/><G64/><T93/><D0/><U62/><E43/><V12/><F133/><W127/><G127/><T60/><D125/><U108/><E108/><V38/><F65/><W124/><G124/><T112/><D112/><U52/><REACH who="1" step="1"/><E68/><REACH who="1" ten="250,240,250,250" step="2"/><V83/><F40/><W53/><G41/><T97/><D111/><U55/><E55/><V78/><F38/><W102/><G117/><T115/><D115/><U109/><E109/><V57/><F37/><W23/><G119/><T113/><D113/><U88/><E88/><V106/><F78/><W36/><G77/><T46/><D30/><U5/><E5/><V132/><F29/><W72/><G72/><T131/><D131/><U74/><E74/><V13/><F132/><W58/><G36/><T45/><D100/><U21/><E21/><V25/><F101/><W80/><G28/><T120/><D120/><U32/><E32/><V31/><F31/><W54/><REACH who="3" step="1"/><G23/><REACH who="3" ten="250,240,250,240" step="2"/><T27/><D91/><U10/><E10/><V99/><F25/><W34/><G34/><T4/><D27/><U69/><E69/><V22/><F26/><W44/><G44/><T33/><D33/><U123/><E123/><V134/><F134/><W35/><G35/><T116/><D116/><U82/><AGARI ba="0,2" hai="6,7,52,56,62,63,67,70,82,87,89,95,98,103" machi="82" ten="20,12000,2" yaku="1,1,0,1,7,1,52,2,54,1,53,0" doraHai="1" doraHaiUra="71" who="1" fromWho="1" sc="250,-60,240,140,250,-30,240,-30" /><INIT seed="1,0,0,2,4,95" ten="190,380,220,210" oya="1" hai0="3,73,111,89,35,107,17,87,25,131,86,129,46" hai1="33,32,23,78,79,52,64,59,91,109,104,75,98" hai2="102,62,115,31,103,6,5,112,48,130,18,36,74" hai3="117,124,7,11,63,16,65,97,100,133,71,106,93"/><U114/><E114/><N who="2" m="43563" /><F36/><W34/><G133/><T28/><D3/><U29/><E64/><V47/><F74/><W10/><G124/><T70/><D70/><U38/><E38/><V37/><F37/><W101/><G117/><T56/><D73/><U22/><E109/><V132/><F132/><W53/><G53/><T61/><D111/><U41/><E41/><V118/><F118/><W76/><G76/><T68/><D68/><U96/><E75/><V13/><F31/><W15/><G34/><T72/><D107/><U0/><E0/><V9/><F62/><W67/><G67/><T125/><D72/><U99/><E104/><V50/><F50/><W121/><G121/><T1/><D1/><U122/><E122/><V126/><F130/><W82/><G82/><T116/><D125/><U83/><E33/><V51/><F51/><W40/><G40/><T44/><D116/><U14/><E32/><V127/><F126/><W19/><REACH who="3" step="1"/><G11/><REACH who="3" ten="190,380,220,200" step="2"/><T39/><D131/><U60/><E78/><V88/><F127/><W49/><G49/><T123/><D39/><U8/><E79/><V30/><F48/><W134/><G134/><T80/><D129/><U20/><E83/><V119/><F119/><W42/><G42/><T108/><D108/><U135/><E135/><V128/><F128/><W27/><G27/><T24/><D123/><U113/><E113/><V84/><F9/><W81/><G81/><T43/><D43/><U77/><E77/><V54/><F54/><W66/><G66/><T45/><D35/><U2/><E8/><V12/><F47/><W94/><G94/><RYUUKYOKU ba="0,1" sc="190,-10,380,-10,220,-10,200,30" hai3="7,10,15,16,19,63,65,71,93,97,100,101,106" /><INIT seed="2,1,1,5,2,95" ten="180,370,210,230" oya="2" hai0="50,7,118,111,85,116,105,62,16,36,40,110,128" hai1="81,43,12,30,37,61,23,31,73,114,1,108,56" hai2="29,65,104,8,41,120,122,5,83,93,58,87,0" hai3="129,71,35,22,6,53,24,28,57,49,64,72,70"/><V18/><F104/><W68/><G129/><T21/><D36/><U52/><E1/><V126/><F126/><W132/><G132/><T45/><D128/><U125/><E114/><V121/><F29/><W54/><G72/><T102/><D7/><U63/><E125/><V113/><F113/><W2/><G54/><T92/><D62/><U3/><E3/><V99/><F41/><W80/><G80/><T14/><D105/><U26/><E108/><N who="0" m="41513" /><D85/><U79/><E12/><V112/><F112/><W48/><G48/><T10/><D10/><U25/><E43/><V67/><F18/><W77/><G77/><T94/><D102/><U117/><E117/><AGARI ba="1,1" hai="14,16,21,40,45,50,92,94,116,117,118" m="41513" machi="117" ten="30,3900,0" yaku="12,1,14,1,54,1" doraHai="95" who="0" fromWho="1" sc="180,52,370,-42,210,0,230,0" /><INIT seed="3,0,0,4,1,57" ten="232,328,210,230" oya="3" hai0="106,119,40,129,128,98,110,38,29,31,26,83,88" hai1="72,56,123,15,84,59,39,78,85,16,127,48,5" hai2="17,75,108,122,14,67,92,2,8,114,77,62,131" hai3="51,90,132,70,105,21,80,60,94,10,96,101,107"/><W32/><G132/><T7/><D119/><U35/><E39/><V133/><F114/><W36/><G36/><T124/><D110/><U61/><E123/><V19/><F108/><W12/><G32/><T73/><D124/><U116/><E35/><V22/><F133/><W68/><G21/><T30/><D7/><U9/><E72/><V102/><F131/><N who="0" m="50250" /><D40/><U89/><E127/><V13/><F122/><W117/><G117/><T134/><D38/><U63/><E116/><V25/><F75/><W76/><G51/><T33/><D134/><U34/><E34/><V113/><F77/><W121/><G121/><T69/><D69/><U118/><E118/><V50/><F113/><W79/><G76/><N who="0" m="44431" /><D106/><U27/><E78/><V87/><F50/><W58/><G70/><T47/><D47/><U23/><E48/><V86/><F2/><W74/><G68/><T125/><D125/><U43/><E43/><V11/><F102/><W46/><G46/><T71/><D71/><U82/><E85/><V44/><F44/><W95/><G101/><T130/><D130/><U97/><E97/><V53/><F92/><AGARI ba="0,0" hai="26,29,30,31,33,88,92,98" m="44431,50250" machi="92" ten="30,2000,0" yaku="19,1,54,1" doraHai="57" who="0" fromWho="2" sc="232,20,328,0,210,-20,230,0" /><INIT seed="4,0,0,5,0,45" ten="252,328,190,230" oya="0" hai0="1,98,18,104,44,109,128,132,127,48,21,116,120" hai1="42,53,69,92,65,67,135,40,103,50,38,68,28" hai2="90,99,94,46,74,39,22,133,16,32,6,59,118" hai3="2,129,80,15,9,14,3,72,81,31,76,0,124"/><T126/><D1/><U112/><E28/><V115/><F32/><W134/><G134/><T105/><D116/><U64/><E103/><V17/><F74/><W58/><G129/><T83/><D120/><U37/><E92/><V75/><F75/><W29/><G124/><N who="0" m="47659" /><D132/><U73/><E73/><V33/><F133/><W41/><G41/><N who="1" m="15978" /><E112/><V84/><F33/><W8/><G58/><T12/><D128/><U86/><E86/><V70/><F70/><N who="1" m="27241" /><E135/><V20/><F115/><W77/><G3/><T49/><D44/><AGARI ba="0,0" hai="37,38,44,50,53,64,65,67" m="27241,15978" machi="44" ten="30,12000,2" yaku="35,5,52,1" doraHai="45" who="1" fromWho="0" sc="252,-120,328,120,190,0,230,0" /><INIT seed="5,0,0,4,1,119" ten="132,448,190,230" oya="1" hai0="85,132,36,69,96,111,34,135,71,75,114,5,59" hai1="46,4,21,31,20,67,7,86,23,125,25,92,103" hai2="18,58,98,41,70,37,106,33,42,123,94,28,22" hai3="115,19,134,45,122,116,32,93,74,79,29,72,54"/><U49/><E125/><V76/><F70/><W39/><G19/><T16/><D111/><U50/><E67/><V38/><F106/><W109/><G93/><T105/><D75/><U83/><E103/><V62/><F76/><W124/><G54/><T0/><D36/><U3/><E92/><V61/><F37/><W99/><G99/><T113/><D34/><U126/><E126/><V8/><F38/><W108/><G79/><T68/><D85/><U77/><E3/><V80/><F80/><W110/><G124/><T26/><D59/><U12/><E50/><V101/><F61/><W117/><G115/><N who="0" m="44043" /><D5/><U82/><E82/><V97/><F123/><W10/><G74/><T11/><D0/><U35/><REACH who="1" step="1"/><E12/><REACH who="1" ten="132,438,190,230" step="2"/><V56/><F94/><W112/><G112/><T73/><D73/><U104/><E104/><V65/><F65/><W84/><G72/><T40/><D40/><AGARI ba="0,1" hai="4,7,20,21,23,25,31,35,40,46,49,77,83,86" machi="40" ten="40,2000,0" yaku="1,1,53,0" doraHai="119" doraHaiUra="66" who="1" fromWho="0" sc="132,-20,438,30,190,0,230,0" /><INIT seed="5,1,0,0,5,106" ten="112,468,190,230" oya="1" hai0="22,25,32,98,12,104,9,132,70,48,126,44,3" hai1="10,75,58,19,31,131,2,112,17,101,124,13,11" hai2="62,116,85,82,83,0,88,21,30,56,63,128,61" hai3="92,79,100,18,6,42,69,16,67,114,99,134,64"/><U35/><E101/><V24/><F116/><W91/><G114/><T47/><D132/><U45/><E45/><V14/><F0/><W65/><G134/><T105/><D126/><U109/><E58/><V51/><F128/><W36/><G6/><T108/><D70/><U93/><E93/><V113/><F113/><W81/><G69/><T117/><D32/><U8/><E112/><V87/><F14/><W46/><REACH who="3" step="1"/><G100/><REACH who="3" ten="112,468,190,220" step="2"/><T50/><D117/><U68/><E68/><V23/><F51/><W73/><AGARI ba="1,1" hai="16,18,36,42,46,64,65,67,73,79,81,91,92,99" machi="73" ten="30,8000,1" yaku="1,1,2,1,0,1,52,1,54,1,53,0" doraHai="106" doraHaiUra="33" who="3" fromWho="3" sc="112,-21,468,-41,190,-21,220,93" /><INIT seed="6,0,0,1,3,10" ten="91,427,169,313" oya="2" hai0="18,113,122,76,34,77,32,39,15,90,109,70,79" hai1="42,58,7,43,131,17,107,78,125,20,82,4,96" hai2="94,124,89,26,31,129,102,5,86,100,59,103,45" hai3="24,23,128,75,74,132,30,52,120,55,117,11,95"/><V99/><F124/><W38/><G117/><T118/><D122/><U101/><E125/><V16/><F129/><W56/><G120/><T87/><D70/><U134/><E131/><V115/><F115/><W65/><G128/><T130/><D39/><U71/><E71/><V133/><F133/><W112/><G38/><T12/><D130/><U50/><E134/><V41/><F5/><W127/><G127/><T64/><D64/><U104/><E107/><V9/><F59/><W69/><G132/><T1/><D1/><U61/><E50/><N who="2" m="26927" /><F31/><W121/><G121/><T49/><D109/><U6/><E61/><V73/><F73/><W37/><G37/><T35/><D113/><U22/><E22/><N who="2" m="13639" /><F9/><W40/><G74/><T116/><D49/><U29/><E29/><V36/><F36/><W51/><G75/><T98/><D98/><AGARI ba="0,0" hai="86,89,94,98,99,100,102,103" m="13639,26927" machi="98" ten="30,2900,0" yaku="8,1,54,1" doraHai="10" who="2" fromWho="0" sc="91,-29,427,0,169,29,313,0" /><INIT seed="6,1,0,5,0,106" ten="62,427,198,313" oya="2" hai0="17,67,40,18,88,90,60,132,82,107,49,123,116" hai1="135,87,19,44,119,75,71,120,4,11,125,8,50" hai2="51,95,103,122,98,29,133,113,112,61,127,96,94" hai3="104,81,39,121,130,42,20,114,128,25,36,58,66"/><V110/><F122/><W59/><G104/><T105/><D123/><U80/><E119/><V14/><F127/><W38/><G121/><T57/><D132/><U9/><E120/><V27/><F133/><W2/><G2/><T115/><D115/><N who="2" m="44106" /><F110/><W93/><G114/><T0/><D0/><U129/><E71/><V21/><F61/><W46/><G93/><N who="2" m="35337" /><F103/><W111/><G111/><T68/><D116/><U101/><E135/><V91/><F91/><W47/><G81/><T72/><D107/><U108/><E101/><V78/><F78/><W15/><G66/><T34/><D34/><U28/><E125/><V1/><F1/><W31/><G15/><T22/><D105/><U24/><E80/><V52/><F14/><W64/><G64/><T16/><D22/><U70/><E108/><V84/><F84/><W126/><G126/><T109/><D109/><U26/><E87/><V45/><AGARI ba="1,0" hai="21,27,29,45,51,52,96,98" m="35337,44106" machi="45" ten="30,3000,0" yaku="15,1,54,1" doraHai="106" who="2" fromWho="2" sc="62,-11,427,-11,198,33,313,-11" /><INIT seed="6,2,0,5,5,92" ten="51,416,231,302" oya="2" hai0="54,37,11,22,24,127,45,40,118,14,76,3,64" hai1="87,83,82,50,113,91,88,109,108,19,15,119,110" hai2="115,27,44,0,114,12,33,125,41,111,6,51,63" hai3="39,86,49,53,78,103,48,59,124,132,79,36,73"/><V84/><F0/><W7/><G73/><T8/><D118/><U16/><E119/><V25/><F125/><W74/><G74/><T105/><D127/><U34/><E34/><V10/><F111/><W66/><G124/><T117/><D117/><U135/><E135/><V47/><F63/><W107/><G7/><T2/><D105/><U129/><E113/><N who="2" m="43019" /><F33/><W112/><G112/><T97/><D76/><U134/><E134/><V71/><F71/><W4/><G66/><T21/><D64/><U89/><E129/><V23/><F23/><W131/><G131/><T94/><D54/><U68/><E68/><V42/><F84/><W80/><G132/><T93/><D93/><U85/><E50/><AGARI ba="2,0" hai="6,10,12,25,27,41,42,44,47,50,51" m="43019" machi="50" ten="30,1500,0" yaku="15,1" doraHai="92" who="2" fromWho="1" sc="51,0,416,-21,231,21,302,0" /><INIT seed="6,3,0,3,1,133" ten="51,395,252,302" oya="2" hai0="46,122,114,20,18,33,9,69,14,25,95,105,115" hai1="121,131,128,135,74,34,127,108,92,40,28,27,116" hai2="86,58,53,64,44,106,84,3,16,5,79,50,59" hai3="97,94,22,52,12,82,17,31,35,76,32,38,85"/><V117/><F117/><W48/><G31/><T0/><D105/><U55/><E116/><V39/><F106/><W132/><G38/><T37/><D69/><U11/><E135/><V63/><F3/><W13/><G13/><T99/><D122/><U126/><E121/><V72/><F5/><W41/><G41/><T130/><D130/><N who="1" m="49707" /><E108/><V118/><F118/><W98/><G132/><T26/><D37/><U7/><E74/><V75/><F75/><W83/><G83/><T107/><D107/><U10/><E40/><V51/><F39/><W88/><REACH who="3" step="1"/><G98/><REACH who="3" ten="51,395,252,292" step="2"/><T60/><D0/><U4/><E28/><V101/><F101/><W68/><G68/><T67/><D14/><U119/><E34/><V125/><F125/><W71/><G71/><T54/><D33/><U112/><E119/><V89/><F89/><W78/><G78/><T111/><D26/><U93/><E27/><V1/><F1/><W80/><G80/><T42/><D42/><U90/><E90/><V113/><F79/><W70/><G70/><T129/><D129/><U73/><E127/><V45/><F72/><W66/><G66/><T21/><D67/><U77/><E73/><V100/><F100/><W43/><G43/><T123/><D123/><U24/><E77/><V8/><F113/><W110/><G110/><T96/><D111/><U103/><E24/><V124/><F124/><W23/><G23/><T47/><D115/><U57/><E103/><V19/><F8/><N who="1" m="3113" /><E126/><V56/><F19/><W36/><G36/><T109/><D109/><U134/><E134/><V15/><F16/><W49/><G49/><RYUUKYOKU ba="3,1" sc="51,-10,395,-10,252,-10,292,30" hai3="12,17,22,32,35,48,52,76,82,85,88,94,97" /><INIT seed="7,4,1,5,4,95" ten="41,385,242,322" oya="3" hai0="84,9,25,103,37,38,10,85,88,31,17,120,54" hai1="5,47,121,33,12,50,22,97,42,66,135,40,19" hai2="70,126,124,133,62,80,92,27,74,59,26,131,15" hai3="67,111,72,106,105,125,14,30,53,1,78,45,73"/><W90/><G1/><T127/><D120/><U87/><E121/><V119/><F119/><W13/><G67/><T114/><D127/><U20/><E33/><V61/><F131/><W100/><G30/><T82/><D103/><U52/><E135/><V6/><F133/><W108/><G125/><T57/><D38/><U117/><E117/><V96/><F124/><W65/><G65/><T55/><D37/><U51/><E5/><V29/><F126/><W18/><G90/><T21/><D114/><U48/><E66/><V71/><F26/><W116/><G116/><T8/><D84/><U98/><E87/><V43/><F43/><N who="1" m="16425" /><E22/><V130/><F130/><W7/><G7/><T109/><D109/><N who="3" m="42057" /><G78/><T75/><D75/><N who="3" m="28745" /><G100/><T115/><D115/><U129/><E129/><V0/><F0/><W28/><G28/><T69/><D69/><U134/><E134/><V34/><F74/><W86/><G86/><T110/><D110/><U89/><E89/><V60/><F80/><W91/><G91/><T77/><D77/><U128/><E128/><V107/><F6/><W36/><G36/><T3/><D3/><U49/><AGARI ba="4,1" hai="12,19,20,47,48,49,50,51,52,97,98" m="16425" machi="49" ten="30,7900,0" yaku="8,1,52,2,54,1" doraHai="95" who="1" fromWho="1" sc="41,-24,385,101,242,-24,322,-43" owari="17,-48.3,486,58.6,218,-18.2,279,7.9" /></mjloggm>