<mjloggm ver="2.3"><GO type="169" lobby="0"/><UN n0="%43%55%4B%45%59" n1="%E8%B5%A4%E5%BA%A7%E3%81%82%E3%81%8B%E3%82%8A%45%58" n2="%E6%8E%A8%E3%81%99%E3%81%97%E3%81%8B%E3%81%AD%E3%81%87%E3%81%AE%E3%81%A7" n3="%E3%81%8A%E9%AB%98" dan="16,16,16,18" rate="2065.37,2159.10,2064.98,2250.29" sx="M,M,M,M"/><TAIKYOKU oya="0"/><INIT seed="0,0,0,1,5,79" ten="250,250,250,250" oya="0" hai0="114,103,17,85,0,48,60,18,89,88,64,70,24" hai1="108,56,90,8,31,95,61,109,122,16,29,126,100" hai2="102,82,13,128,111,34,14,46,86,115,124,41,84" hai3="121,91,73,53,7,22,42,51,125,52,120,71,75"/><T35/><D114/><U97/><E122/><N who="3" m="47210" /><G71/><T65/><D0/><U47/><E126/><V87/><F115/><W130/><G125/><T81/><D103/><U3/><E47/><V25/><F124/><W106/><G106/><T101/><D65/><U119/><E119/><V118/><F118/><W21/><G7/><T54/><D89/><U72/><E72/><V131/><F111/><N who="1" m="42569" /><E100/><V28/><F102/><W9/><G9/><T132/><D132/><U93/><E95/><V69/><F69/><W36/><G36/><T5/><D5/><N who="1" m="1087" /><E16/><V49/><REACH who="2" step="1"/><F82/><REACH who="2" ten="250,250,240,250" step="2"/><W113/><G113/><T32/><D101/><U43/><E43/><V33/><F33/><W11/><G42/><T38/><D38/><U96/><E96/><V83/><F83/><W10/><G73/><T104/><D104/><U123/><E123/><V117/><F117/><W23/><G75/><T59/><REACH who="0" step="1"/><D35/><REACH who="0" ten="240,250,240,250" step="2"/><U127/><E127/><V66/><F66/><AGARI ba="0,2" hai="29,31,56,61,66,90,93,97" m="1087,42569" machi="66" ten="30,1000,0" yaku="14,1" doraHai="79" who="1" fromWho="2" sc="240,0,250,30,240,-10,250,0" /><INIT seed="1,0,0,1,5,129" ten="240,280,230,250" oya="1" hai0="36,70,31,106,95,135,109,131,86,46,56,13,39" hai1="76,0,118,1,59,21,35,121,30,98,7,130,45" hai2="113,40,73,9,90,103,55,122,60,4,115,87,20" hai3="47,97,19,124,3,52,37,72,88,5,53,11,62"/><U79/><E118/><V42/><F122/><W123/><G123/><T127/><D70/><U43/><E121/><V133/><F73/><W82/><G124/><T44/><D131/><U66/><E35/><V78/><F78/><N who="3" m="44359" /><G19/><T92/><D106/><U61/><E130/><V120/><F103/><W6/><G6/><T81/><D31/><U99/><E79/><V80/><F20/><W64/><G97/><T63/><D109/><U71/><E71/><V26/><F26/><W8/><G8/><T107/><D107/><U117/><E76/><V74/><F74/><W10/><G10/><T119/><D39/><U89/><E117/><V49/><F60/><W23/><G23/><T104/><D104/><U114/><E114/><N who="2" m="43531" /><F133/><W12/><G12/><T16/><D135/><U125/><E125/><V102/><F102/><W134/><G134/><T108/><D108/><U54/><E66/><V85/><F87/><W2/><G2/><T101/><D36/><U22/><E22/><V91/><F91/><W38/><G88/><N who="0" m="51279" /><D127/><U132/><E132/><V68/><F68/><N who="3" m="42007" /><G37/><T33/><D33/><U50/><E7/><V110/><F120/><W25/><G25/><T15/><D119/><U24/><REACH who="1" step="1"/><E99/><REACH who="1" ten="240,270,230,250" step="2"/><V65/><F65/><W67/><G67/><N who="0" m="39399" /><D13/><U48/><E48/><V105/><F110/><W93/><G38/><T32/><D32/><U126/><E126/><V28/><F9/><W27/><G27/><T128/><D128/><U111/><E111/><V57/><F49/><W29/><G11/><N who="0" m="6271" /><D101/><U116/><E116/><V94/><F4/><W75/><G5/><T41/><D41/><RYUUKYOKU ba="0,1" sc="240,15,270,15,230,-15,250,-15" hai0="44,46,92,95" hai1="0,1,21,24,30,43,45,50,54,59,61,89,98" /><INIT seed="1,1,1,3,0,132" ten="255,285,215,235" oya="1" hai0="101,105,119,51,96,114,99,45,13,40,112,81,75" hai1="36,23,28,52,116,50,35,6,64,10,26,94,110" hai2="2,120,33,90,16,5,41,103,43,89,14,47,7" hai3="44,107,53,30,24,12,9,38,21,134,73,92,27"/><U18/><E116/><V84/><F120/><W113/><G107/><T25/><D119/><U22/><E36/><V68/><F68/><W58/><G113/><T131/><D131/><U31/><E64/><V98/><F33/><W0/><G73/><T135/><D135/><U19/><E94/><N who="2" m="58839" /><F2/><W130/><G0/><T3/><D3/><U37/><E37/><V80/><F89/><W85/><G130/><T95/><D25/><U34/><E52/><V100/><F100/><W129/><G24/><T79/><D13/><N who="1" m="5335" /><E50/><N who="2" m="26991" /><F43/><W117/><G38/><T109/><D109/><U82/><E82/><V77/><F77/><W32/><G44/><T127/><D127/><U126/><E126/><V8/><AGARI ba="1,1" hai="5,7,8,14,16,80,84,90" m="26991,58839" machi="8" ten="30,2000,0" yaku="8,1,54,1" doraHai="132" who="2" fromWho="2" sc="255,-6,285,-11,215,33,235,-6" /><INIT seed="2,0,0,1,0,67" ten="249,274,248,229" oya="2" hai0="77,31,76,113,40,32,99,49,1,105,35,38,65" hai1="104,125,14,72,116,39,115,81,17,20,119,33,82" hai2="75,135,112,87,124,103,51,133,47,15,26,5,13" hai3="52,80,12,42,121,84,62,89,7,37,56,27,74"/><V102/><F112/><W43/><G121/><T9/><D113/><U59/><E104/><V34/><F75/><W23/><G37/><T91/><D38/><U79/><E115/><V129/><F124/><W18/><G74/><T110/><D65/><U50/><E39/><V131/><F87/><W83/><G83/><T127/><D127/><U8/><E33/><V95/><F34/><W114/><G114/><T28/><D91/><U123/><E123/><V93/><F26/><W4/><REACH who="3" step="1"/><G12/><REACH who="3" ten="249,274,248,219" step="2"/><T63/><D1/><U132/><E82/><V61/><F15/><W120/><G120/><T111/><D111/><U108/><E108/><V100/><F13/><W85/><G85/><T10/><D110/><U0/><E125/><V2/><F2/><W41/><AGARI ba="0,1" hai="4,7,18,23,27,41,42,43,52,56,62,80,84,89" machi="41" ten="30,7900,0" yaku="1,1,0,1,8,1,54,1,53,0" doraHai="67" doraHaiUra="73" who="3" fromWho="3" sc="249,-20,274,-20,248,-39,219,89" /><INIT seed="3,0,0,5,0,2" ten="229,254,209,308" oya="3" hai0="83,65,84,51,50,126,54,55,47,29,99,93,37" hai1="92,56,132,82,90,73,134,68,102,22,77,12,13" hai2="44,8,101,115,53,106,9,100,48,135,96,116,5" hai3="16,43,23,113,133,32,17,25,120,85,4,20,97"/><W105/><G113/><T88/><D126/><U78/><E68/><V3/><F115/><W123/><G133/><N who="1" m="51306" /><E102/><V28/><F135/><W7/><G43/><T80/><D37/><U30/><E78/><V40/><F116/><W89/><G32/><T19/><D29/><U86/><E56/><V31/><F101/><W41/><G41/><T63/><D19/><U52/><E52/><V59/><REACH who="2" step="1"/><F9/><REACH who="2" ten="229,254,199,308" step="2"/><W60/><G123/><T14/><D14/><U79/><E79/><V121/><F121/><W95/><G120/><T21/><D21/><U70/><E12/><V62/><AGARI ba="0,1" hai="3,5,8,28,31,40,44,48,53,59,62,96,100,106" machi="62" ten="20,5200,0" yaku="1,1,0,1,7,1,52,1,53,0" doraHai="2" doraHaiUra="119" who="2" fromWho="2" sc="229,-13,254,-13,199,62,308,-26" /><INIT seed="4,0,0,1,2,90" ten="216,241,261,282" oya="0" hai0="77,89,33,37,108,109,26,40,21,133,62,64,14" hai1="121,86,111,11,134,71,47,57,12,22,85,67,30" hai2="10,28,105,52,34,2,66,0,8,132,3,72,123" hai3="44,107,112,1,114,65,55,130,95,128,92,113,94"/><T16/><D133/><U125/><E111/><N who="0" m="42569" /><D77/><U68/><E121/><V110/><F110/><W83/><G107/><T50/><D37/><U59/><E134/><V74/><F132/><W24/><G1/><T70/><D40/><U36/><E125/><V53/><F105/><W127/><G127/><T96/><D50/><U38/><E22/><V49/><F123/><W61/><G83/><T5/><D5/><U46/><E12/><V117/><F117/><W18/><G55/><T51/><D51/><U58/><E30/><V7/><F66/><W106/><G106/><T135/><D135/><U43/><E11/><V91/><F91/><W63/><G44/><T124/><D124/><U75/><E75/><V6/><F2/><W25/><G61/><T13/><D33/><U88/><E43/><V27/><F53/><W103/><G103/><T98/><D98/><U101/><E101/><V87/><F87/><W39/><G39/><T126/><D126/><U82/><E86/><V116/><F116/><W119/><G119/><T99/><D99/><U9/><E36/><V78/><F78/><W120/><G120/><T60/><D60/><U102/><E38/><V20/><REACH who="2" step="1"/><F34/><REACH who="2" ten="216,241,251,282" step="2"/><W29/><G65/><T79/><D79/><U76/><E76/><V56/><AGARI ba="0,1" hai="0,3,6,7,8,10,20,27,28,49,52,56,72,74" machi="56" ten="20,12000,2" yaku="1,1,2,1,0,1,7,1,9,1,54,1,53,1" doraHai="90" doraHaiUra="54" who="2" fromWho="2" sc="216,-60,241,-30,251,130,282,-30" /><INIT seed="5,0,0,4,4,65" ten="156,211,381,252" oya="1" hai0="92,48,31,67,2,29,13,11,37,93,30,68,19" hai1="18,85,44,117,27,43,22,128,120,114,9,35,131" hai2="34,135,54,6,116,51,132,4,90,86,10,42,109" hai3="60,61,121,89,40,75,70,45,41,36,103,100,102"/><U32/><E85/><V87/><F109/><W23/><G121/><T55/><D37/><U134/><E44/><N who="2" m="26007" /><F34/><N who="1" m="12841" /><E43/><V83/><F116/><W20/><G75/><T74/><D74/><U129/><E117/><V104/><F104/><W99/><G40/><T64/><D2/><U80/><E80/><N who="2" m="49479" /><F10/><W52/><G60/><T119/><D119/><U5/><E114/><V115/><F115/><W28/><G28/><T91/><D93/><U133/><E120/><V98/><F98/><W110/><G110/><T39/><D39/><U1/><AGARI ba="0,0" hai="1,5,9,18,22,27,128,129,131,133,134" m="12841" machi="1" ten="40,7800,0" yaku="19,1,34,2" doraHai="65" who="1" fromWho="1" sc="156,-26,211,78,381,-26,252,-26" /><INIT seed="5,1,0,5,3,15" ten="130,289,355,226" oya="1" hai0="18,51,49,96,72,87,94,110,97,60,70,12,27" hai1="83,40,48,11,9,115,118,59,75,129,134,25,36" hai2="82,50,21,80,26,73,68,44,62,38,76,116,103" hai3="0,45,121,47,104,99,69,52,53,125,64,55,128"/><U119/><E115/><V61/><F116/><W77/><G0/><T107/><D72/><U34/><E129/><V6/><F38/><W117/><G77/><T93/><D110/><U95/><E134/><V91/><F6/><W124/><G99/><T5/><D5/><U90/><E36/><V10/><F10/><W43/><G104/><T37/><D37/><U39/><E39/><V113/><F103/><W58/><G117/><T57/><D70/><U66/><E66/><V92/><F80/><W4/><G4/><T42/><D27/><U74/><E9/><V102/><F102/><W30/><G30/><T32/><D32/><U13/><E25/><V127/><F68/><W41/><G69/><T78/><D107/><U19/><E34/><V35/><F127/><N who="3" m="48715" /><G121/><T63/><D78/><U106/><E106/><V24/><F113/><W16/><G16/><T109/><D109/><U14/><E14/><V3/><F26/><W120/><G120/><T54/><D87/><U29/><E29/><V130/><F3/><W84/><G84/><T86/><D86/><N who="1" m="52695" /><E83/><V81/><F82/><W79/><G79/><T65/><D97/><U135/><E75/><V1/><F1/><W131/><G58/><N who="0" m="37015" /><D96/><U31/><E74/><V100/><F35/><W132/><G64/><T123/><D123/><U88/><E118/><V67/><F67/><W112/><G112/><T22/><D63/><U23/><E119/><V133/><F73/><W46/><G132/><T98/><D98/><U33/><E33/><V71/><F133/><W89/><G89/><T126/><D126/><U2/><E135/><RYUUKYOKU ba="1,0" sc="130,15,289,-15,355,-15,226,15" hai0="12,18,22,42,49,51,54,57,93,94" hai3="41,43,45,46,47,52,53,55,128,131" /><INIT seed="6,2,0,2,2,126" ten="145,274,340,241" oya="2" hai0="100,99,109,130,37,121,113,120,33,108,115,133,63" hai1="38,75,84,127,59,68,60,36,50,107,58,55,104" hai2="98,79,117,64,61,112,21,132,7,78,29,48,52" hai3="1,51,96,88,85,76,25,30,92,45,41,56,57"/><V114/><F117/><W69/><G69/><T31/><D37/><N who="1" m="14443" /><E75/><V81/><F7/><W87/><G1/><T66/><D33/><U15/><E15/><V101/><F132/><W27/><G27/><T123/><D31/><U90/><E90/><V102/><F29/><W17/><G17/><T32/><D32/><U72/><E84/><V86/><F21/><N who="3" m="15663" /><G85/><T128/><D99/><U39/><E72/><V134/><F79/><W8/><G8/><T3/><D100/><U125/><E39/><V16/><F134/><W23/><G23/><T111/><D3/><U12/><E12/><V47/><F16/><W5/><G5/><T14/><D14/><U9/><E9/><V67/><F102/><N who="3" m="60679" /><G76/><T6/><D6/><U70/><E104/><V54/><F54/><W106/><G106/><T82/><D82/><AGARI ba="2,0" hai="41,45,51,56,57,82,87,88" m="60679,15663" machi="82" ten="30,2000,0" yaku="8,1,54,1" doraHai="126" who="3" fromWho="0" sc="145,-26,274,0,340,0,241,26" /><INIT seed="7,0,0,0,0,20" ten="119,274,340,267" oya="3" hai0="27,112,33,114,125,8,17,39,28,87,124,62,88" hai1="32,100,9,94,36,16,81,74,56,66,0,47,73" hai2="103,2,48,107,5,51,118,64,52,77,21,67,106" hai3="80,61,85,128,108,71,60,4,1,131,102,119,86"/><W96/><G119/><T31/><D39/><U63/><E32/><V105/><F103/><W127/><G127/><N who="0" m="48715" /><D62/><U78/><E74/><V7/><F77/><W83/><G108/><T117/><D117/><U90/><E100/><V25/><F118/><W79/><G71/><T19/><D31/><U92/><E90/><V35/><F35/><W129/><G4/><T95/><D95/><U109/><E109/><V22/><F25/><W38/><G38/><T44/><D44/><U130/><E92/><V40/><F107/><N who="3" m="63943" /><G1/><T37/><D37/><U45/><E94/><V46/><F46/><W93/><G93/><T14/><D87/><U69/><E47/><V134/><F40/><W42/><G42/><T76/><D76/><AGARI ba="0,0" hai="60,61,76,79,80,83,85,86,128,129,131" m="63943" machi="76" ten="30,1500,0" yaku="19,1" doraHai="20" who="3" fromWho="0" sc="119,-15,274,0,340,0,267,15" /><INIT seed="7,1,0,4,0,77" ten="104,274,340,282" oya="3" hai0="118,83,65,13,41,38,95,98,105,88,75,106,26" hai1="46,72,52,103,20,113,87,70,61,35,78,109,49" hai2="21,53,17,91,3,51,127,73,86,40,29,37,25" hai3="82,31,15,12,5,27,2,66,42,47,134,19,85"/><W76/><G134/><T120/><D120/><U129/><E109/><V10/><F73/><W124/><G124/><T117/><D65/><U100/><E35/><V57/><F127/><W92/><G66/><T80/><D26/><U1/><E1/><V123/><F123/><W14/><G92/><T111/><D13/><U30/><E72/><V122/><F122/><W93/><G93/><T4/><D4/><U112/><E129/><V125/><F125/><W110/><G110/><T54/><D54/><U69/><E30/><V50/><F37/><W22/><G2/><T34/><D34/><U7/><E20/><N who="2" m="15527" /><F10/><W119/><G119/><N who="0" m="45579" /><D41/><U132/><E132/><V32/><F32/><W23/><REACH who="3" step="1"/><G5/><REACH who="3" ten="104,274,340,272" step="2"/><T115/><D111/><U67/><E7/><V36/><F3/><W130/><G130/><T16/><D115/><N who="1" m="44107" /><E70/><V33/><F33/><W68/><G68/><T45/><D45/><U97/><E97/><V59/><F59/><W107/><G107/><N who="0" m="40971" /><D38/><AGARI ba="1,1" hai="12,14,15,19,22,23,27,31,38,42,47,76,82,85" machi="38" ten="30,12000,1" yaku="1,1,7,1,52,1,53,2" doraHai="77" doraHaiUra="18" who="3" fromWho="0" sc="104,-123,274,0,340,0,272,133" owari="-19,-51.9,274,-12.6,340,14.0,405,50.5" /></mjloggm>