<mjloggm ver="2.3"><GO type="225" lobby="0"/><UN n0="%73%68%75%6D%70" n1="%E5%91%A8%E6%9D%B1" n2="%E3%81%BF%E3%81%BF%E3%81%9A" n3="%E3%82%B3%E3%83%90%E3%83%AC%E3%82%A4" dan="16,16,17,16" rate="2122.81,2184.85,2217.18,2155.08" sx="M,M,M,M"/><TAIKYOKU oya="0"/><INIT seed="0,0,0,2,3,27" ten="250,250,250,250" oya="0" hai0="20,16,5,103,18,48,63,59,9,51,135,130,35" hai1="80,45,2,77,42,57,55,31,122,69,95,64,47" hai2="12,81,119,110,13,7,40,28,127,86,126,120,134" hai3="89,38,121,129,128,115,4,30,32,34,125,79,39"/><T96/><D35/><N who="3" m="13353" /><G89/><T101/><D130/><N who="3" m="50281" /><G79/><T72/><D135/><U93/><E122/><V87/><F120/><W1/><G121/><T15/><D72/><U52/><E2/><V23/><F134/><W102/><G102/><T78/><D78/><U75/><E31/><V106/><F106/><W43/><G43/><T10/><D18/><U90/><E47/><V65/><F40/><W8/><G115/><T44/><D10/><U112/><E112/><V17/><F110/><W73/><G73/><T0/><D44/><U11/><E11/><N who="2" m="4223" /><F119/><W117/><G117/><T83/><D83/><U105/><E105/><V94/><F94/><W24/><G125/><N who="2" m="47625" /><F65/><W74/><G74/><T50/><REACH who="0" step="1"/><D96/><REACH who="0" ten="240,250,250,250" step="2"/><N who="1" m="57399" /><E75/><V76/><F87/><W61/><G8/><T37/><D37/><U22/><E80/><V19/><F17/><W114/><G38/><T113/><D113/><U131/><E77/><V41/><F41/><W58/><G39/><T25/><D25/><U53/><E131/><V62/><F28/><W91/><G114/><T6/><D6/><U123/><E123/><V118/><F118/><W97/><G4/><T82/><D82/><U54/><E42/><V66/><F76/><W92/><G24/><T21/><D21/><U68/><E22/><V98/><F98/><W107/><G30/><T85/><D85/><U104/><E45/><V133/><F81/><W56/><G97/><T88/><D88/><U49/><E49/><V116/><F86/><W29/><G29/><T132/><D132/><U60/><E60/><V108/><F133/><W70/><G61/><T3/><D3/><RYUUKYOKU ba="0,1" sc="240,30,250,-10,250,-10,250,-10" hai0="0,5,9,15,16,20,48,50,51,59,63,101,103" /><INIT seed="0,1,1,0,0,94" ten="270,240,240,240" oya="0" hai0="101,103,90,115,44,23,95,72,34,67,118,114,22" hai1="21,52,24,81,15,107,47,113,98,64,53,130,7" hai2="43,32,100,97,134,84,19,73,87,108,41,45,110" hai3="0,38,37,30,40,117,25,28,122,120,66,93,1"/><T26/><D118/><U83/><E130/><V74/><F32/><W14/><G117/><T121/><D121/><N who="3" m="46697" /><G66/><T105/><D72/><N who="2" m="27754" /><F19/><W62/><G62/><T56/><D34/><U10/><E113/><V4/><F4/><W124/><G124/><T31/><D44/><U9/><E64/><V79/><F41/><W123/><G123/><T89/><D22/><U2/><E2/><N who="3" m="1130" /><G40/><T104/><D104/><U29/><E9/><V5/><F5/><W48/><G48/><T59/><D105/><U70/><E70/><V129/><F79/><W46/><G46/><T92/><D114/><U102/><REACH who="1" step="1"/><E47/><REACH who="1" ten="270,230,240,240" step="2"/><V119/><F129/><W128/><G128/><T8/><D115/><U80/><AGARI ba="1,2" hai="7,10,15,21,24,29,52,53,80,81,83,98,102,107" machi="80" ten="30,8000,1" yaku="1,1,2,1,0,1,52,1,54,1,53,0" doraHai="94" doraHaiUra="82" who="1" fromWho="1" sc="270,-41,230,103,240,-21,240,-21" /><INIT seed="1,0,0,2,0,61" ten="229,333,219,219" oya="1" hai0="87,122,22,18,93,5,25,129,43,78,36,116,54" hai1="48,107,30,27,72,95,21,125,118,58,15,85,131" hai2="68,55,123,35,109,97,16,42,39,108,10,132,34" hai3="133,4,6,79,83,52,94,105,113,29,46,124,101"/><U91/><E125/><V81/><F123/><W45/><G105/><T126/><D116/><U80/><E131/><V28/><F132/><W84/><G133/><T33/><D126/><U128/><E128/><V19/><F68/><W31/><G124/><T37/><D122/><U23/><E107/><V69/><F69/><W3/><G3/><T12/><D43/><U57/><E118/><V127/><F127/><W11/><G113/><T51/><D129/><U8/><E23/><V135/><F135/><W74/><G74/><T70/><D70/><U71/><E71/><V90/><F55/><W60/><G11/><T64/><D64/><U75/><E75/><V40/><F28/><W47/><G29/><T120/><D120/><U92/><E72/><V65/><F65/><W121/><G31/><T49/><D49/><U50/><E48/><V0/><F0/><W106/><G106/><T13/><D13/><U98/><E50/><V119/><F119/><W1/><G1/><T130/><D130/><U59/><REACH who="1" step="1"/><E98/><REACH who="1" ten="229,323,219,219" step="2"/><V9/><F97/><N who="3" m="59575" /><G121/><T20/><D20/><U32/><E32/><V66/><F39/><W111/><G47/><N who="0" m="28031" /><D33/><U73/><E73/><V134/><F134/><W56/><G46/><T114/><D37/><U38/><E38/><V7/><F34/><W17/><G45/><T82/><D36/><U88/><E88/><V62/><F35/><W41/><G41/><T14/><D22/><U102/><E102/><V110/><F42/><W99/><G99/><T112/><D112/><U26/><E26/><V115/><F40/><W53/><G79/><T86/><D114/><RYUUKYOKU ba="0,1" sc="229,-10,323,30,219,-10,219,-10" hai1="8,15,21,27,30,57,58,59,80,85,91,92,95" /><INIT seed="1,1,1,1,1,39" ten="219,353,209,209" oya="1" hai0="76,66,67,107,91,8,47,93,111,74,37,106,96" hai1="21,52,9,88,71,35,19,1,10,110,104,36,122" hai2="109,126,2,23,112,42,64,41,130,99,90,92,32" hai3="25,98,28,60,49,113,43,24,54,119,0,128,116"/><U115/><E122/><V63/><F32/><W84/><G0/><T6/><D111/><U114/><E104/><V65/><F2/><W72/><G72/><T55/><D107/><U69/><E35/><V78/><F109/><W102/><G113/><T18/><D18/><U56/><E110/><V83/><F112/><W82/><G128/><T103/><D55/><U5/><E10/><V11/><F130/><W38/><G60/><T133/><D133/><U30/><E30/><V124/><F11/><W97/><G38/><T134/><D134/><U89/><E36/><V120/><F23/><W135/><G135/><T48/><D37/><U86/><E114/><V7/><F7/><W131/><G43/><N who="2" m="16393" /><F63/><W22/><G25/><T31/><D31/><U12/><E115/><V125/><F120/><W94/><G98/><T75/><D8/><U118/><E118/><V73/><AGARI ba="1,1" hai="64,65,73,78,83,90,92,99,124,125,126" m="16393" machi="73" ten="40,8000,1" yaku="18,1,52,3" doraHai="39" who="2" fromWho="2" sc="219,-21,353,-41,209,93,209,-21" /><INIT seed="2,0,0,0,0,24" ten="198,312,302,188" oya="2" hai0="4,16,41,117,90,76,43,130,0,116,35,67,44" hai1="50,17,59,18,126,49,84,89,10,88,85,27,58" hai2="31,100,40,78,60,21,125,105,48,107,122,109,134" hai3="33,95,29,13,62,64,92,15,72,69,135,87,128"/><V93/><F122/><W57/><G72/><T98/><D35/><U5/><E126/><V1/><F125/><W6/><G135/><T32/><D76/><U108/><E108/><V112/><F112/><W80/><G128/><T47/><D67/><U110/><E110/><V119/><F109/><W77/><G69/><T83/><D130/><U42/><E42/><V2/><F78/><W123/><G123/><T53/><D53/><U114/><E27/><V103/><F119/><W81/><G15/><T56/><D56/><U118/><E5/><V94/><F21/><W66/><G64/><T68/><D32/><U52/><E118/><V54/><F54/><W70/><G70/><T14/><D68/><U91/><E114/><V115/><F115/><W20/><G81/><T3/><D4/><U71/><E71/><V34/><F34/><W132/><G132/><T63/><D0/><U7/><E50/><V96/><F48/><W45/><G33/><T23/><D3/><U39/><E59/><V51/><F51/><W106/><G106/><T37/><D63/><U129/><E39/><V11/><F60/><W99/><G99/><T38/><D83/><U61/><E61/><V25/><F40/><W12/><G45/><T120/><D120/><U111/><E129/><V22/><F134/><W19/><G29/><T86/><REACH who="0" step="1"/><D98/><REACH who="0" ten="188,312,302,188" step="2"/><U9/><E111/><V73/><F1/><W65/><G66/><T46/><D46/><U127/><E127/><V113/><F113/><W55/><G65/><T102/><D102/><U30/><E52/><V104/><F2/><W97/><G97/><RYUUKYOKU ba="0,1" sc="188,15,312,-15,302,-15,188,15" hai0="14,16,23,37,38,41,43,44,47,86,90,116,117" hai3="6,12,13,19,20,55,57,62,77,80,87,92,95" /><INIT seed="3,1,1,3,1,38" ten="203,297,287,203" oya="3" hai0="27,67,117,109,71,58,24,21,99,9,101,118,15" hai1="124,31,73,57,65,22,85,83,46,43,61,104,74" hai2="4,123,110,77,0,69,6,34,17,81,79,42,87" hai3="19,106,98,119,36,41,95,14,10,25,20,18,105"/><W103/><REACH who="3" step="1"/><G119/><REACH who="3" ten="203,297,287,193" step="2"/><T39/><D118/><U93/><E124/><V89/><F110/><W82/><G82/><T60/><D117/><U102/><E83/><V8/><F123/><W5/><G5/><T132/><D109/><U131/><E131/><V125/><F125/><W49/><G49/><T45/><D132/><U129/><E129/><V130/><F130/><W32/><G32/><T53/><D21/><U23/><E22/><V50/><F34/><W66/><G66/><T92/><D39/><U112/><E65/><V127/><F4/><W126/><G126/><T97/><D71/><U44/><E23/><V121/><F127/><W90/><G90/><T48/><D99/><U1/><E112/><V91/><F121/><W37/><G37/><T55/><D67/><U62/><E102/><V134/><F134/><W30/><G30/><T135/><REACH who="0" step="1"/><D135/><REACH who="0" ten="193,297,287,193" step="2"/><U96/><E96/><V51/><F69/><W47/><AGARI ba="1,3" hai="10,14,18,19,20,25,36,41,47,95,98,103,105,106" machi="47" ten="30,11700,0" yaku="21,2,0,1,52,1,53,0" doraHai="38" doraHaiUra="78" who="3" fromWho="3" sc="193,-40,297,-40,287,-40,193,150" owari="153,-34.7,257,5.7,247,-15.3,343,44.3" /></mjloggm>