<mjloggm ver="2.3"><GO type="169" lobby="0"/><UN n0="%E7%B9%AD%E3%82%92%E8%A7%A3%E3%81%8F" n1="%E9%AD%94%E7%A5%9E%E2%80%A0%E6%B8%8B%E5%B7%9D%E6%9D%B1%E5%A0%B4%E2%80%A0" n2="%E3%82%BF%E3%82%A4%E4%BA%BA%EF%BC%A0%E3%83%90%E3%83%B3%E3%82%B3%E3%82%AF" n3="%79%61%73%73%61%6E" dan="17,16,16,16" rate="2222.08,2111.53,2146.63,2188.29" sx="M,M,M,M"/><TAIKYOKU oya="0"/><INIT seed="0,0,0,1,0,88" ten="250,250,250,250" oya="0" hai0="115,14,110,128,26,40,15,124,98,44,92,33,62" hai1="20,49,81,67,133,68,105,82,6,0,3,72,28" hai2="31,117,59,53,69,108,111,63,19,60,50,102,32" hai3="47,18,130,65,80,86,93,73,36,9,125,34,51"/><T127/><D115/><U61/><E133/><V21/><F117/><W132/><G34/><T39/><D128/><U23/><E105/><V71/><F31/><W4/><G125/><N who="0" m="48203" /><D62/><N who="2" m="23594" /><F32/><W129/><G65/><T131/><D131/><U43/><E49/><V22/><F102/><W114/><G114/><T84/><D84/><U85/><E81/><V99/><F99/><W113/><G132/><T87/><D87/><U91/><E72/><V90/><F90/><W5/><G113/><T76/><D76/><U35/><E43/><V29/><F29/><W64/><G64/><T24/><D110/><N who="2" m="42026" /><F19/><W74/><G129/><T75/><D75/><U104/><E35/><V56/><F21/><W106/><G130/><T107/><D107/><U54/><E104/><V89/><F89/><W101/><G106/><T38/><D38/><U77/><E91/><V70/><F22/><W116/><G36/><T78/><D78/><U94/><E20/><V1/><F1/><W45/><G116/><T11/><D33/><U120/><E23/><V48/><F48/><W121/><G51/><T57/><D57/><AGARI ba="0,0" hai="50,53,56,57,59,69,70,71" m="42026,23594" machi="57" ten="40,5200,0" yaku="14,1,34,2" doraHai="88" who="2" fromWho="0" sc="250,-52,250,0,250,52,250,0" /><INIT seed="1,0,0,0,1,83" ten="198,250,302,250" oya="1" hai0="121,7,76,9,108,89,81,92,107,104,90,79,45" hai1="113,41,131,68,29,133,12,52,115,127,33,60,13" hai2="48,85,128,57,15,36,73,80,111,105,51,31,117" hai3="72,66,67,110,2,49,64,116,95,44,34,91,40"/><U132/><E127/><V54/><F117/><W126/><G116/><T118/><D118/><U97/><E131/><V58/><F36/><W59/><G126/><T124/><D124/><U101/><E41/><V102/><F73/><W53/><G34/><T122/><D45/><U71/><E33/><V61/><F128/><W114/><G2/><T32/><D32/><U3/><E29/><V100/><F31/><W123/><G72/><T55/><D55/><U134/><E3/><V96/><F102/><W46/><G114/><N who="1" m="43530" /><E52/><V75/><F75/><W74/><G74/><T0/><D108/><U28/><E28/><V125/><F111/><W17/><G123/><N who="0" m="47115" /><D79/><U50/><E50/><V20/><F125/><W23/><G110/><T130/><D76/><U129/><E129/><V106/><F106/><W19/><G44/><T38/><D38/><U62/><E97/><V43/><F43/><W63/><REACH who="3" step="1"/><G23/><REACH who="3" ten="198,250,302,240" step="2"/><T18/><D130/><U82/><E101/><V93/><F20/><W112/><G112/><T42/><D42/><U109/><E109/><V78/><F105/><W25/><G25/><T69/><D107/><U30/><E134/><V26/><F26/><W56/><G56/><T88/><D104/><U98/><E133/><V8/><REACH who="2" step="1"/><F58/><REACH who="2" ten="198,250,292,240" step="2"/><W70/><G70/><T4/><D69/><U86/><E68/><V84/><F84/><AGARI ba="0,2" hai="17,19,40,46,49,53,59,63,64,66,67,84,91,95" machi="84" ten="40,5200,0" yaku="1,1,8,1,52,1,53,0" doraHai="83" doraHaiUra="65" who="3" fromWho="2" sc="198,0,250,0,292,-52,240,72" /><INIT seed="2,0,0,0,2,10" ten="198,250,240,312" oya="2" hai0="87,43,95,116,2,134,15,11,55,7,48,8,76" hai1="70,39,97,34,51,52,42,27,98,90,103,113,24" hai2="101,23,54,81,80,78,32,29,92,37,61,58,122" hai3="30,19,132,115,25,77,88,111,127,93,133,53,131"/><V73/><F122/><W49/><G77/><T123/><D123/><U38/><E113/><V102/><F37/><W14/><G115/><T110/><D110/><U20/><E70/><V9/><F32/><W45/><G111/><T0/><D134/><U84/><E34/><V107/><F107/><W118/><G118/><T125/><D125/><U21/><E42/><V3/><F81/><W100/><G100/><T75/><D116/><U114/><E114/><V17/><F92/><W89/><G131/><T1/><D75/><U85/><E103/><V12/><REACH who="2" step="1"/><F29/><REACH who="2" ten="198,250,230,312" step="2"/><W16/><G127/><T83/><D95/><U60/><E39/><V128/><F128/><W63/><G132/><T28/><D28/><U119/><E38/><V4/><AGARI ba="0,1" hai="3,4,9,12,17,23,54,58,61,73,78,80,101,102" machi="4" ten="30,12000,1" yaku="1,1,0,1,52,1,53,2" doraHai="10" doraHaiUra="96" who="2" fromWho="2" sc="198,-40,250,-40,230,130,312,-40" /><INIT seed="2,1,0,4,5,95" ten="158,210,360,272" oya="2" hai0="125,56,127,7,122,105,116,49,5,6,32,4,102" hai1="13,111,113,68,40,25,64,89,112,15,123,131,117" hai2="44,54,96,90,65,31,69,29,77,11,47,70,93" hai3="19,17,109,60,71,52,92,80,81,94,24,100,34"/><V23/><F77/><W59/><G109/><T74/><N who="0" m="1024" /><DORA hai="48" /><T3/><D3/><U108/><E89/><V58/><F70/><W30/><G71/><T26/><D74/><U10/><E40/><V28/><F69/><W57/><G92/><T97/><D122/><U107/><E107/><V37/><F65/><W50/><G17/><T83/><D83/><U35/><E64/><V39/><F11/><W121/><G19/><T63/><D49/><U72/><E72/><V85/><F23/><N who="3" m="15647" /><G121/><T130/><D130/><U79/><E68/><V73/><F73/><W126/><G34/><T124/><D116/><U76/><E123/><V129/><F129/><W91/><G100/><T18/><D18/><N who="1" m="8503" /><E117/><V14/><F14/><W128/><G126/><T9/><D9/><U27/><E35/><V118/><F118/><W55/><G128/><T61/><REACH who="0" step="1"/><D56/><REACH who="0" ten="148,210,360,272" step="2"/><U82/><E82/><N who="2" m="49463" /><F37/><W21/><G21/><T0/><D0/><U53/><E131/><V99/><F39/><W67/><G67/><T42/><D42/><U12/><E111/><V20/><F20/><W45/><G59/><T133/><D133/><U119/><E108/><V2/><F2/><W120/><G120/><T84/><D84/><AGARI ba="1,1" hai="45,50,52,55,57,60,80,81,84,91,94" m="15647" machi="84" ten="30,7700,0" yaku="8,1,52,2,54,1" doraHai="95,48" who="3" fromWho="0" sc="148,-80,210,0,360,0,272,90" /><INIT seed="3,0,0,0,1,86" ten="68,210,360,362" oya="3" hai0="50,108,52,78,24,125,33,69,34,114,63,0,112" hai1="23,106,14,29,79,71,130,99,27,54,93,51,85" hai2="132,15,4,74,100,131,38,45,10,36,32,81,28" hai3="75,19,66,122,61,124,2,92,35,17,116,117,95"/><W119/><G122/><T73/><D0/><U98/><E130/><V53/><F132/><W118/><G124/><T57/><D125/><U115/><E71/><V76/><F131/><W6/><G35/><T47/><D108/><U62/><E115/><V120/><F120/><W135/><G75/><T59/><D69/><U82/><E62/><V87/><F100/><W65/><G135/><T68/><D68/><U13/><E106/><V104/><F104/><W46/><G46/><T41/><D78/><U127/><E99/><V113/><F113/><W3/><G118/><T133/><D73/><U39/><E39/><V44/><F28/><W67/><G61/><T18/><D133/><U26/><E26/><V89/><F32/><W123/><G123/><T110/><D110/><U7/><E7/><V40/><F53/><W121/><G121/><T1/><D1/><N who="3" m="9" /><G6/><T126/><D126/><U22/><E22/><V91/><REACH who="2" step="1"/><F74/><REACH who="2" ten="68,210,350,362" step="2"/><W60/><G60/><T96/><D114/><U97/><E127/><V77/><F77/><W55/><G55/><T43/><D112/><U37/><E37/><V30/><F30/><W101/><G101/><T31/><D34/><U109/><E109/><V83/><F83/><W56/><G56/><T25/><D59/><U11/><E29/><V129/><F129/><W12/><G92/><T103/><D57/><N who="1" m="32991" /><E93/><V64/><F64/><W8/><G95/><N who="0" m="58783" /><D63/><U70/><E70/><V48/><F48/><W5/><G117/><T9/><D25/><U128/><E128/><V16/><F16/><N who="3" m="6219" /><G116/><T102/><D102/><U42/><E79/><V88/><F88/><RYUUKYOKU ba="0,1" sc="68,10,210,-30,350,10,362,10" hai0="9,18,24,31,33,41,43,47,50,52" hai2="4,10,15,36,38,40,44,45,76,81,87,89,91" hai3="5,8,12,65,66,67,119" /><INIT seed="3,1,1,2,3,114" ten="78,180,360,372" oya="3" hai0="40,12,6,8,42,77,49,3,91,70,95,17,99" hai1="23,39,126,52,62,89,106,51,35,100,128,73,81" hai2="60,64,74,115,68,127,78,102,125,48,14,71,80" hai3="66,116,132,55,29,135,36,94,86,19,22,90,67"/><W37/><G29/><T112/><D112/><U61/><E35/><V65/><F115/><W117/><G55/><T85/><D70/><U96/><E39/><N who="3" m="14922" /><G22/><T103/><D77/><U31/><E128/><V84/><F102/><W10/><G10/><T72/><D72/><U83/><E83/><V27/><F27/><W75/><G19/><T98/><D98/><U63/><E126/><N who="2" m="48139" /><F48/><W33/><G33/><T104/><REACH who="0" step="1"/><D49/><REACH who="0" ten="68,180,360,372" step="2"/><U2/><E73/><V38/><F74/><W18/><G75/><T119/><D119/><N who="3" m="45641" /><G18/><T54/><D54/><U108/><E52/><V56/><F71/><W101/><G101/><T21/><AGARI ba="1,2" hai="3,6,8,12,17,21,40,42,85,91,95,99,103,104" machi="21" ten="20,2700,0" yaku="1,1,0,1,7,1,53,0" doraHai="114" doraHaiUra="76" who="0" fromWho="0" sc="68,50,180,-8,360,-8,372,-14" /><INIT seed="4,0,0,2,3,91" ten="118,172,352,358" oya="0" hai0="89,9,127,60,5,90,0,104,36,54,70,94,122" hai1="43,49,71,135,101,25,28,17,24,46,31,134,8" hai2="115,56,38,129,16,20,92,107,119,21,132,32,59" hai3="78,111,41,51,83,68,124,84,37,50,73,67,27"/><T53/><D122/><U97/><E71/><V75/><F107/><W39/><G111/><T125/><D104/><N who="1" m="63535" /><E8/><V117/><F75/><W86/><G124/><N who="0" m="47691" /><D36/><U82/><E82/><V130/><F32/><W102/><G102/><T62/><D90/><U76/><E76/><V87/><F38/><W61/><G73/><T4/><D4/><U128/><E128/><N who="2" m="49259" /><F21/><W88/><G27/><N who="1" m="10314" /><E17/><V114/><F132/><AGARI ba="0,0" hai="28,31,43,46,49,132,134,135" m="10314,63535" machi="132" ten="30,1000,0" yaku="20,1" doraHai="91" who="1" fromWho="2" sc="118,0,172,10,352,-10,358,0" /><INIT seed="5,0,0,1,1,132" ten="118,182,342,358" oya="1" hai0="6,117,114,14,32,27,88,87,56,60,59,94,106" hai1="118,35,51,61,95,80,28,71,23,121,99,69,21" hai2="85,93,8,11,75,7,83,3,16,100,12,104,125" hai3="55,2,34,91,64,86,19,29,126,119,96,33,120"/><U110/><E121/><V46/><F75/><W135/><G120/><T63/><D114/><U26/><E118/><V123/><F104/><W113/><G135/><T131/><D117/><U25/><E110/><V78/><F125/><W134/><G126/><T107/><D131/><U38/><E38/><V65/><F65/><W79/><G2/><T18/><D6/><U68/><E51/><V109/><F109/><W115/><G64/><T17/><D32/><U39/><E39/><V102/><F123/><W128/><G128/><T45/><D107/><U81/><E61/><N who="0" m="23625" /><D106/><U62/><E62/><V42/><F93/><W0/><G55/><T37/><D37/><AGARI ba="0,0" hai="3,7,8,11,12,16,37,42,46,78,83,85,100,102" machi="37" ten="30,2000,0" yaku="7,1,54,1" doraHai="132" who="2" fromWho="0" sc="118,-20,182,0,342,20,358,0" /><INIT seed="6,0,0,3,1,89" ten="98,182,362,358" oya="2" hai0="74,40,125,31,114,6,83,101,70,39,43,5,92" hai1="98,102,22,4,32,42,81,23,63,2,24,36,106" hai2="104,111,86,73,110,48,60,91,19,16,72,12,10" hai3="88,127,103,11,82,123,121,77,30,3,131,21,46"/><V59/><F104/><W130/><G103/><T67/><D114/><U34/><E23/><V55/><F19/><W27/><G46/><T128/><D128/><N who="3" m="49193" /><G127/><T80/><D125/><U64/><E81/><V94/><REACH who="2" step="1"/><F48/><REACH who="2" ten="98,182,352,358" step="2"/><W66/><G123/><T69/><D6/><U99/><E106/><V107/><F107/><W90/><G121/><T108/><D5/><U38/><E4/><V71/><F71/><W116/><G116/><T112/><D70/><U17/><E17/><V41/><F41/><W118/><G118/><T35/><D69/><U124/><E42/><V62/><F62/><W26/><G3/><T117/><D43/><U84/><E63/><V122/><F122/><W25/><G66/><T93/><D67/><U135/><E64/><V109/><AGARI ba="0,1" hai="10,12,16,55,59,60,72,73,86,91,94,109,110,111" machi="109" ten="30,18000,2" yaku="1,1,0,1,10,1,52,1,54,1,53,1" doraHai="89" doraHaiUra="9" who="2" fromWho="2" sc="98,-60,182,-60,352,190,358,-60" /><INIT seed="6,1,0,0,4,71" ten="38,122,542,298" oya="2" hai0="79,14,76,85,125,119,106,80,18,62,64,118,48" hai1="57,9,23,70,58,17,89,47,72,60,31,27,42" hai2="129,105,78,12,107,49,115,101,68,39,61,123,7" hai3="92,2,6,5,41,56,16,15,22,103,91,90,33"/><V65/><F123/><W114/><G33/><T28/><D125/><U37/><E72/><V109/><F115/><W40/><G114/><T36/><D106/><U4/><E70/><V132/><F132/><W26/><G2/><T50/><D28/><U117/><E117/><V88/><F78/><W87/><G103/><T35/><D35/><U120/><E120/><V10/><F39/><W77/><G77/><T44/><D79/><U0/><E60/><V19/><F129/><W124/><G124/><T1/><D1/><U102/><E102/><V82/><F101/><W133/><G133/><T97/><D97/><U122/><E122/><V69/><F69/><W67/><G91/><T74/><D74/><U45/><E45/><V24/><F49/><W86/><G86/><T43/><D119/><U73/><E73/><V34/><F109/><W55/><G67/><T95/><D118/><U126/><E126/><V121/><F121/><W84/><G87/><T53/><D95/><U113/><E113/><V29/><F88/><W116/><G116/><T99/><D99/><U32/><E89/><V127/><F82/><W13/><G5/><T110/><D110/><U93/><E93/><V81/><F81/><W3/><G3/><T131/><D131/><U130/><E130/><V25/><F127/><W112/><G112/><T98/><D98/><U66/><E66/><V8/><F24/><AGARI ba="1,0" hai="0,4,9,17,23,24,27,31,32,37,42,47,57,58" machi="24" ten="30,2000,0" yaku="7,1,52,1" doraHai="71" who="1" fromWho="2" sc="38,0,122,23,542,-23,298,0" /><INIT seed="7,0,0,5,3,30" ten="38,145,519,298" oya="3" hai0="47,90,100,77,124,112,113,71,2,33,8,41,102" hai1="131,42,73,76,29,114,39,83,95,133,82,4,36" hai2="28,48,69,45,26,40,7,132,130,38,34,119,96" hai3="14,129,108,27,84,115,18,118,80,49,20,110,78"/><W19/><G118/><T117/><D90/><U79/><E114/><N who="0" m="44137" /><D100/><U24/><E131/><V105/><F130/><W121/><G121/><T35/><D102/><U116/><E133/><V72/><F132/><W107/><G107/><T74/><D117/><U5/><E116/><V11/><F72/><W56/><G129/><T15/><D71/><U6/><E95/><V1/><F48/><W23/><G115/><T135/><D135/><U0/><E0/><V70/><F119/><W66/><G108/><T126/><D77/><U98/><E98/><V94/><F105/><W43/><G110/><T111/><D74/><U101/><E101/><AGARI ba="0,0" hai="1,7,11,26,28,34,38,40,45,69,70,94,96,101" machi="101" ten="30,2000,0" yaku="7,1,52,1" doraHai="30" who="2" fromWho="1" sc="38,0,145,-20,519,20,298,0" owari="38,-46.2,125,-27.5,539,63.9,298,9.8" /></mjloggm>