<mjloggm ver="2.3"><GO type="169" lobby="0"/><UN n0="%E3%81%BE%E3%81%A1%E3%81%8A" n1="%41%4C%50%45%52%49%4E" n2="%E4%BA%BA%E5%93%81%E3%81%AA%E3%81%97" n3="%E3%83%A4%E3%83%8A%E3%83%AA%E3%83%B3%E3%82%B9%E3%82%AD%E3%83%BC" dan="16,17,17,17" rate="2161.53,2181.09,2183.64,2171.83" sx="M,M,M,M"/><TAIKYOKU oya="0"/><INIT seed="0,0,0,2,1,46" ten="250,250,250,250" oya="0" hai0="65,44,133,30,1,125,79,90,93,69,7,126,102" hai1="70,106,28,85,49,134,76,48,131,29,103,112,135" hai2="86,71,67,105,55,88,92,37,129,73,26,0,12" hai3="60,130,41,47,45,15,57,123,66,43,128,97,36"/><T84/><D133/><N who="1" m="50699" /><E70/><V17/><F0/><W61/><G97/><T114/><D114/><U115/><E131/><N who="3" m="50218" /><G15/><T58/><D69/><U94/><E106/><V87/><F129/><W27/><G27/><T4/><D30/><N who="1" m="11883" /><E103/><V96/><F73/><W19/><G19/><T6/><D102/><U68/><E68/><V16/><F37/><N who="3" m="21679" /><G61/><N who="0" m="38071" /><D79/><U18/><E18/><V39/><F39/><W122/><AGARI ba="0,0" hai="36,43,47,57,60,66,122,123" m="21679,50218" machi="122" ten="30,4000,0" yaku="19,1,34,2" doraHai="46" who="3" fromWho="3" sc="250,-20,250,-10,250,-10,250,40" /><INIT seed="1,0,0,3,2,34" ten="230,240,240,290" oya="1" hai0="108,22,88,81,44,101,98,63,82,76,131,67,30" hai1="135,64,125,91,25,7,113,99,38,70,15,100,133" hai2="130,59,36,106,49,45,126,103,56,2,13,9,102" hai3="62,42,20,124,27,105,89,78,50,94,54,57,24"/><U19/><E38/><V60/><F126/><W77/><G105/><T1/><D108/><U93/><E125/><V129/><F36/><W65/><G124/><T122/><D131/><N who="2" m="50186" /><F106/><W47/><G65/><T61/><D122/><U31/><E113/><V3/><F102/><W119/><G119/><T5/><D44/><U132/><E7/><N who="2" m="3263" /><F103/><W72/><G72/><T4/><D82/><U33/><E91/><V41/><F60/><W127/><G127/><T104/><D63/><U86/><E86/><V123/><F123/><W37/><G37/><T43/><D43/><U10/><REACH who="1" step="1"/><E64/><REACH who="1" ten="230,230,240,290" step="2"/><V32/><F32/><W71/><G71/><AGARI ba="0,1" hai="10,15,19,25,31,33,70,71,93,99,100,132,133,135" machi="71" ten="40,7700,0" yaku="1,1,2,1,20,1,53,0" doraHai="34" doraHaiUra="69" who="1" fromWho="3" sc="230,0,230,87,240,0,290,-77" /><INIT seed="1,1,0,3,0,14" ten="230,317,240,213" oya="1" hai0="95,126,31,60,45,19,113,106,114,133,67,42,73" hai1="117,93,127,16,70,82,28,121,7,58,118,92,57" hai2="49,134,1,87,66,9,52,64,69,35,79,48,25" hai3="62,22,4,24,30,65,94,122,119,86,89,54,97"/><U115/><E115/><V96/><F134/><W72/><G122/><T26/><D106/><U110/><E121/><V91/><F69/><W32/><G119/><T107/><D107/><U105/><E70/><V125/><F125/><W112/><G112/><T40/><D73/><U63/><E105/><V130/><F130/><W68/><G72/><T116/><D116/><U12/><E127/><V50/><F79/><W0/><G54/><T135/><D126/><U123/><E123/><V61/><F96/><W88/><G4/><T43/><D95/><N who="1" m="36427" /><E110/><V46/><F64/><W2/><REACH who="3" step="1"/><G32/><REACH who="3" ten="230,317,240,203" step="2"/><T101/><D114/><U5/><E118/><V104/><F66/><W23/><G23/><T103/><D113/><U102/><E117/><V11/><F35/><W132/><G132/><T3/><D135/><U33/><E33/><V131/><F52/><W84/><G84/><T29/><D133/><U80/><E7/><V51/><F87/><W6/><G6/><T76/><D67/><U41/><E5/><V75/><F75/><W111/><G111/><T77/><D43/><U90/><E41/><V56/><F1/><W17/><G17/><T78/><D3/><U36/><E16/><V34/><F9/><W71/><G71/><T100/><D42/><U21/><E21/><V99/><F11/><W55/><G55/><T59/><D40/><U85/><E28/><V98/><F34/><W39/><G39/><T74/><D74/><U128/><E36/><V10/><F10/><W129/><G129/><T44/><D31/><U83/><E128/><V124/><N who="2" m="12288" /><DORA hai="18" /><V27/><F131/><RYUUKYOKU ba="1,1" sc="230,-10,317,-10,240,-10,203,30" hai3="0,2,22,24,30,62,65,68,86,88,89,94,97" /><INIT seed="2,2,1,5,4,7" ten="220,307,230,233" oya="2" hai0="17,21,108,111,33,113,72,54,41,116,45,133,26" hai1="114,28,12,79,119,94,82,68,92,3,69,19,16" hai2="71,5,32,60,122,6,85,14,0,67,48,70,58" hai3="1,130,25,112,96,90,52,86,106,13,24,131,38"/><V83/><F122/><W125/><G1/><T105/><D113/><U53/><E119/><V8/><F32/><W30/><G38/><T135/><D72/><U98/><E3/><V109/><F109/><N who="0" m="42058" /><D105/><U66/><E114/><V46/><F6/><W76/><G112/><T103/><D103/><U124/><E124/><V134/><F134/><N who="0" m="51210" /><D33/><U62/><E28/><V78/><REACH who="2" step="1"/><F0/><REACH who="2" ten="220,307,220,233" step="2"/><W64/><G125/><T107/><D116/><U51/><E69/><V95/><F95/><W121/><G121/><T20/><D107/><U115/><E94/><V29/><F29/><W65/><G30/><T18/><D18/><U129/><E115/><V40/><AGARI ba="2,2" hai="5,8,14,40,46,48,58,60,67,70,71,78,83,85" machi="40" ten="20,18000,2" yaku="1,1,0,1,7,1,25,2,52,1,53,0" doraHai="7" doraHaiUra="89" who="2" fromWho="2" sc="220,-62,307,-62,220,206,233,-62" /><INIT seed="2,3,0,4,5,107" ten="158,245,426,171" oya="2" hai0="25,93,129,108,123,46,15,77,65,92,36,58,120" hai1="39,126,67,114,79,80,84,2,83,124,119,130,94" hai2="42,88,86,71,35,81,117,73,97,76,29,122,40" hai3="5,34,6,125,50,4,59,52,37,56,16,95,104"/><V115/><F115/><W54/><G104/><T111/><D25/><U106/><E39/><V118/><F122/><W51/><G125/><N who="1" m="48234" /><E2/><V14/><F71/><W101/><G37/><T116/><D15/><U45/><E45/><V112/><F112/><W132/><G34/><T19/><D19/><U57/><E57/><V13/><F97/><N who="3" m="59583" /><G132/><T33/><D33/><U62/><E62/><V63/><F63/><W11/><G4/><T28/><D28/><U91/><E67/><V109/><F109/><N who="0" m="42058" /><D129/><U99/><E114/><V69/><F69/><W60/><G60/><N who="0" m="38039" /><D116/><U55/><E55/><V17/><F13/><AGARI ba="3,0" hai="5,6,11,13,16,50,51,52,54,56,59" m="59583" machi="13" ten="30,3900,0" yaku="8,1,54,2" doraHai="107" who="3" fromWho="2" sc="158,0,245,0,426,-48,171,48" /><INIT seed="3,0,0,4,0,100" ten="158,245,378,219" oya="3" hai0="62,122,80,125,1,52,33,93,116,49,19,124,28" hai1="130,81,47,48,88,113,38,85,55,35,121,98,60" hai2="69,89,22,40,74,54,79,44,101,111,127,82,42" hai3="117,59,132,126,50,68,10,9,56,24,37,104,97"/><W32/><G68/><T114/><D116/><U71/><E113/><V13/><F127/><N who="0" m="48714" /><D122/><U39/><E121/><V83/><F111/><W110/><G117/><T70/><D1/><U15/><E130/><V129/><F129/><W95/><G126/><T63/><D114/><U5/><E35/><V133/><F133/><W0/><G37/><T134/><D134/><U105/><E5/><V90/><F69/><W76/><G132/><T20/><D70/><U30/><E30/><V27/><F13/><W25/><G76/><T108/><D108/><U58/><E71/><V99/><F54/><W86/><G110/><T87/><D93/><U73/><E15/><V109/><F42/><W92/><G32/><T102/><D102/><U45/><E73/><V29/><F83/><W51/><G86/><T112/><D28/><U66/><REACH who="1" step="1"/><E47/><REACH who="1" ten="158,235,378,219" step="2"/><V6/><F6/><W84/><G0/><T16/><D33/><U14/><E14/><V96/><F109/><W75/><G75/><T103/><D112/><U36/><E36/><V3/><F3/><W31/><G31/><T135/><D135/><U23/><E23/><V123/><F123/><W115/><G115/><T8/><D8/><U77/><E77/><V78/><F79/><W72/><G72/><T107/><D20/><U4/><E4/><V34/><F34/><W67/><G9/><T94/><D19/><U2/><E2/><V128/><F128/><W65/><G10/><T91/><D16/><U61/><E61/><V11/><F11/><W41/><G24/><T118/><D63/><U106/><E106/><V43/><F27/><RYUUKYOKU ba="0,1" sc="158,-10,235,30,378,-10,219,-10" hai1="38,39,45,48,55,58,60,66,81,85,88,98,105" /><INIT seed="4,1,1,3,1,121" ten="148,265,368,209" oya="0" hai0="59,70,87,82,100,64,23,90,65,133,60,102,56" hai1="68,104,74,20,63,61,130,80,93,123,58,25,28" hai2="19,115,67,9,31,91,128,49,122,77,21,84,45" hai3="50,134,14,55,22,39,71,18,117,6,125,17,3"/><T11/><D133/><U79/><E104/><V120/><F115/><W48/><G39/><T98/><D11/><U40/><E123/><V15/><F128/><W53/><G117/><T89/><D23/><U12/><E130/><V26/><F77/><W46/><G134/><T69/><D69/><U16/><E68/><V24/><F24/><W10/><G71/><T111/><D111/><U30/><E40/><V99/><F99/><W27/><G125/><T34/><D34/><U124/><E124/><V29/><F67/><W51/><G3/><T101/><REACH who="0" step="1"/><D65/><REACH who="0" ten="138,265,368,209" step="2"/><U42/><E20/><V135/><F135/><W54/><REACH who="3" step="1"/><G46/><REACH who="3" ten="138,265,368,199" step="2"/><T108/><D108/><U4/><E58/><V72/><F120/><W105/><G105/><T131/><D131/><U73/><E4/><AGARI ba="1,3" hai="4,6,10,14,17,18,22,27,48,50,51,53,54,55" machi="4" ten="40,2600,0" yaku="1,1,8,1,53,0" doraHai="121" doraHaiUra="32" who="3" fromWho="1" sc="138,0,265,-29,368,0,199,59" /><INIT seed="5,0,0,2,2,132" ten="138,236,368,258" oya="1" hai0="63,44,19,8,75,85,119,81,26,52,97,47,80" hai1="68,61,104,2,106,122,24,57,27,18,22,35,94" hai2="74,131,84,30,113,92,135,107,13,59,48,33,125" hai3="45,60,123,0,108,114,117,112,86,79,49,41,111"/><U29/><E122/><V9/><F125/><W53/><G0/><T15/><D119/><U115/><E115/><N who="3" m="44074" /><G86/><T73/><D97/><U88/><E68/><V6/><F107/><W14/><G14/><T72/><D26/><U83/><E83/><V20/><F135/><W43/><G79/><T67/><D85/><U124/><E124/><V98/><F131/><W87/><G87/><T130/><D130/><U128/><E2/><V11/><F74/><W105/><G105/><T42/><D42/><N who="3" m="15881" /><G123/><T25/><D25/><U17/><E17/><V3/><F84/><W32/><G32/><T133/><D133/><U129/><E129/><V71/><F33/><W82/><G82/><T78/><D81/><U46/><E46/><V5/><F20/><W95/><G95/><T76/><D80/><U120/><E120/><V96/><F30/><W40/><G117/><T1/><D1/><U36/><E36/><V91/><F113/><W56/><AGARI ba="0,0" hai="40,45,49,53,56,60,108,111" m="15881,44074" machi="56" ten="30,4000,0" yaku="15,1,34,2" doraHai="132" who="3" fromWho="3" sc="138,-10,236,-20,368,-10,258,40" /><INIT seed="6,0,0,5,5,90" ten="128,216,358,298" oya="2" hai0="76,67,127,109,133,44,48,102,51,92,16,103,79" hai1="113,0,65,52,114,131,23,98,8,19,88,35,41" hai2="46,87,62,50,39,40,37,54,4,74,130,96,119" hai3="129,58,6,28,93,80,82,111,3,97,17,112,132"/><V126/><F119/><W86/><G111/><T20/><D109/><U61/><E35/><V27/><F74/><W101/><G129/><T64/><D127/><U75/><E75/><V2/><F126/><W89/><G132/><T29/><D29/><U106/><E131/><V7/><F130/><W30/><G112/><N who="1" m="43114" /><E41/><V69/><F2/><W70/><G70/><T33/><D33/><U83/><E106/><V115/><F115/><W13/><G3/><T34/><D34/><U128/><E128/><V26/><F87/><N who="3" m="50407" /><G58/><T77/><D133/><U10/><E0/><V100/><F39/><W71/><G6/><T47/><D79/><U53/><E10/><V99/><F4/><W11/><G71/><T55/><D20/><U104/><E8/><V56/><F7/><W135/><G135/><T134/><D134/><U15/><E104/><V121/><F121/><W105/><G105/><T73/><D73/><U63/><E83/><V60/><F37/><W49/><G49/><T59/><D59/><N who="1" m="37055" /><E63/><V25/><F69/><W85/><G82/><T22/><D22/><U116/><E116/><V24/><F62/><W118/><G118/><T12/><D55/><U14/><E14/><V122/><F122/><W31/><AGARI ba="0,0" hai="11,13,17,28,30,31,85,86,93,97,101" m="50407" machi="31" ten="30,2000,0" yaku="8,1,52,1" doraHai="90" who="3" fromWho="3" sc="128,-5,216,-5,358,-10,298,20" /><INIT seed="7,0,0,4,0,116" ten="123,211,348,318" oya="3" hai0="48,120,105,111,106,112,13,4,12,37,69,33,126" hai1="70,26,9,50,128,51,94,96,110,109,49,23,117" hai2="134,82,132,93,78,24,86,90,21,83,80,32,64" hai3="88,73,95,98,108,68,135,113,58,81,102,131,99"/><W2/><G68/><T114/><D48/><U127/><E70/><V103/><F64/><W18/><G2/><T27/><D69/><U124/><E9/><V72/><F32/><W79/><G113/><N who="0" m="43627" /><D37/><U1/><E1/><V14/><F14/><N who="0" m="5738" /><D106/><U119/><E51/><V57/><F57/><W92/><G18/><T42/><D42/><U65/><E65/><V75/><F103/><W22/><G22/><T28/><D105/><U5/><E23/><V107/><F107/><W43/><G43/><T97/><D97/><U84/><E96/><V60/><F60/><W59/><G59/><T52/><D52/><U53/><E53/><V19/><F93/><W0/><G58/><T40/><D40/><U74/><E94/><V6/><F6/><W118/><G79/><AGARI ba="0,0" hai="19,21,24,72,75,78,79,80,82,83,86,90,132,134" machi="79" ten="40,1300,0" yaku="9,1" doraHai="116" who="2" fromWho="3" sc="123,0,211,0,348,13,318,-13" owari="123,-37.7,211,-18.9,361,46.1,305,10.5" /></mjloggm>