<mjloggm ver="2.3"><GO type="169" lobby="0"/><UN n0="%E7%B4%94%E6%BD%94%E3%83%94%E3%83%A9%E3%83%8B%E3%82%A2" n1="%E2%80%A0%E7%99%BD%E5%85%8E%E2%80%A0" n2="%E5%9C%A7%E5%80%92%E7%9A%84%E3%83%9D%E3%83%B3" n3="%E3%81%B1%E3%82%93%E3%81%AA%E3%81%93%E3%81%BE%E3%81%A3%E3%81%9F" dan="16,17,17,17" rate="2183.38,2221.26,2228.47,2246.23" sx="M,M,M,M"/><TAIKYOKU oya="0"/><INIT seed="0,0,0,3,3,133" ten="250,250,250,250" oya="0" hai0="6,42,80,0,83,38,121,20,100,54,127,41,10" hai1="71,74,5,44,78,113,77,79,55,122,73,14,134" hai2="75,92,23,52,39,1,120,91,8,95,57,128,118" hai3="114,84,72,116,86,37,31,64,93,63,19,87,18"/><T30/><D121/><U59/><E122/><V9/><F75/><W22/><G114/><T129/><D129/><U88/><E71/><V43/><F128/><W40/><G116/><T81/><D38/><U24/><E134/><V107/><F107/><W76/><G72/><T11/><D11/><U82/><E44/><V47/><F118/><W51/><G37/><T33/><D33/><U35/><E113/><V132/><F132/><W70/><G76/><T45/><D100/><U106/><E106/><V16/><F95/><W97/><G31/><T90/><D90/><U26/><E35/><V7/><F120/><W99/><G99/><T108/><D108/><U68/><E68/><V50/><F7/><W60/><G18/><T49/><REACH who="0" step="1"/><D127/><REACH who="0" ten="240,250,250,250" step="2"/><U130/><E130/><V15/><REACH who="2" step="1"/><F1/><REACH who="2" ten="240,250,240,250" step="2"/><W65/><G93/><T13/><D13/><U28/><E14/><V111/><F111/><W105/><G105/><T110/><D110/><U98/><E74/><V125/><F125/><W61/><G70/><T46/><D46/><U85/><E73/><V2/><F2/><W115/><G115/><T25/><AGARI ba="0,2" hai="0,6,10,20,25,30,41,42,45,49,54,80,81,83" machi="25" ten="30,3000,0" yaku="1,1,0,1,53,0" doraHai="133" doraHaiUra="69" who="0" fromWho="0" sc="240,50,250,-10,240,-10,250,-10" /><INIT seed="0,1,0,0,5,37" ten="290,240,230,240" oya="0" hai0="78,102,64,121,97,120,31,42,90,85,101,22,88" hai1="117,24,82,107,134,16,76,44,59,130,105,92,109" hai2="95,113,50,86,112,93,114,94,71,89,0,127,13" hai3="7,123,126,84,3,51,45,68,124,25,48,110,122"/><T27/><D64/><U5/><E117/><V81/><F71/><W75/><G75/><T100/><D78/><U29/><E109/><V62/><F0/><W106/><G106/><T91/><D85/><U43/><E5/><V103/><F62/><W80/><G68/><T14/><D97/><U8/><E130/><V118/><F118/><W4/><G25/><T72/><D72/><U1/><E92/><V63/><F63/><W34/><G34/><T133/><D133/><U33/><E59/><V2/><F2/><W40/><G51/><T11/><REACH who="0" step="1"/><D42/><REACH who="0" ten="280,240,230,240" step="2"/><U111/><E43/><V52/><F127/><N who="3" m="48683" /><G110/><T99/><D99/><U17/><E111/><V131/><F131/><W61/><G3/><T65/><D65/><U128/><E1/><V55/><F103/><W60/><G123/><T83/><D83/><U98/><E82/><V58/><F55/><W96/><G122/><T36/><D36/><U74/><E74/><V70/><F70/><W12/><G96/><T73/><D73/><U9/><E128/><V66/><F66/><W41/><G41/><T28/><D28/><U15/><E98/><V87/><F87/><W54/><G54/><T19/><AGARI ba="1,1" hai="11,14,19,22,27,31,88,90,91,100,101,102,120,121" machi="19" ten="30,6000,0" yaku="1,1,0,1,54,1,53,0" doraHai="37" doraHaiUra="132" who="0" fromWho="0" sc="280,73,240,-21,230,-21,240,-21" /><INIT seed="0,2,0,2,1,72" ten="353,219,209,219" oya="0" hai0="87,10,93,95,38,113,29,14,132,133,119,22,27" hai1="66,4,23,58,47,32,78,6,104,26,97,98,86" hai2="103,110,125,1,49,18,100,76,16,53,43,20,114" hai3="70,57,30,124,55,112,63,41,118,73,35,54,84"/><T81/><D38/><U79/><E32/><V74/><F114/><W36/><G73/><T123/><D123/><U94/><E104/><V116/><F116/><W11/><G112/><T65/><D119/><U122/><E122/><V111/><F1/><W105/><G118/><T7/><D65/><U64/><E47/><V126/><F43/><W3/><G105/><T44/><D113/><U52/><E86/><V62/><F62/><W45/><G70/><T17/><D44/><U12/><E98/><V92/><F92/><W131/><G124/><N who="2" m="47721" /><F18/><W40/><G131/><T9/><D132/><U75/><E75/><V88/><F88/><W48/><G36/><T115/><D133/><U46/><E46/><N who="2" m="27831" /><F74/><W109/><G84/><T60/><D60/><N who="1" m="35911" /><E66/><V130/><F130/><W42/><G41/><T56/><D56/><U77/><E12/><N who="2" m="9223" /><F76/><W117/><G42/><T134/><D134/><U39/><E64/><V8/><F8/><W68/><G40/><T25/><D115/><U2/><E2/><V33/><F33/><W101/><G3/><T80/><D80/><U99/><E39/><V91/><F91/><W61/><G35/><T121/><D121/><U31/><E99/><V28/><F28/><W107/><G30/><T34/><D9/><U15/><E15/><V135/><F135/><W59/><G11/><T51/><D51/><U89/><AGARI ba="2,0" hai="4,6,23,26,31,77,78,79,89,94,97" m="35911" machi="89" ten="30,8000,1" yaku="8,1,52,3,54,1" doraHai="72" who="1" fromWho="1" sc="353,-42,219,86,209,-22,219,-22" /><INIT seed="1,0,0,2,0,111" ten="311,305,187,197" oya="1" hai0="13,59,42,3,16,91,33,10,38,31,95,97,122" hai1="124,106,78,102,82,110,22,117,17,29,105,88,47" hai2="21,71,107,126,92,2,26,70,64,127,39,135,56" hai3="101,30,113,14,48,73,43,46,103,8,99,120,18"/><U6/><E117/><V36/><F107/><W37/><G120/><T84/><D122/><U52/><E110/><V11/><F92/><W85/><G73/><T77/><D3/><U35/><E124/><N who="2" m="47659" /><F56/><W87/><G113/><T100/><D77/><U93/><E6/><N who="2" m="1495" /><F135/><W75/><G75/><T44/><D33/><U83/><E35/><V125/><N who="2" m="47667" /><V7/><DORA hai="134" /><F7/><W128/><G128/><T9/><D31/><U121/><E29/><N who="2" m="17615" /><F64/><W130/><G130/><T98/><D59/><U115/><E106/><V32/><F32/><W23/><G103/><T67/><D67/><U60/><E102/><V133/><F133/><W112/><G101/><T19/><D100/><U0/><E105/><V129/><F129/><W63/><G63/><T108/><D108/><U49/><E60/><V27/><F27/><W76/><G46/><T81/><D95/><U114/><E0/><V94/><F94/><W4/><G4/><T55/><D97/><U28/><E93/><V104/><F104/><W69/><G99/><T90/><D98/><U123/><E123/><V20/><F20/><W15/><G23/><T79/><D9/><U119/><E121/><V34/><F34/><W54/><G8/><T62/><D19/><U24/><E17/><V118/><F118/><W41/><G18/><T51/><D62/><U53/><E119/><V96/><F96/><W50/><G14/><T68/><D68/><AGARI ba="0,0" hai="36,39,68,70,71" m="17615,1495,47667" machi="68" ten="40,8000,1" yaku="18,1,52,4" doraHai="111,134" who="2" fromWho="0" sc="311,-80,305,0,187,80,197,0" /><INIT seed="2,0,0,1,1,9" ten="231,305,267,197" oya="2" hai0="47,59,50,77,55,103,88,46,51,31,133,75,108" hai1="3,38,100,7,122,134,37,45,13,54,35,74,28" hai2="66,44,112,98,93,107,92,132,82,34,40,39,99" hai3="96,116,60,26,84,70,49,42,135,18,5,91,58"/><V24/><F112/><W131/><G116/><T78/><D108/><U97/><E74/><V15/><F132/><W85/><G135/><T14/><D133/><U101/><E3/><V80/><F66/><W65/><G131/><T41/><D75/><U119/><E119/><V56/><F56/><W23/><G5/><T113/><D113/><U62/><E101/><V52/><F107/><W121/><G121/><T117/><D103/><U16/><E7/><V118/><F118/><W87/><G96/><T67/><D31/><U89/><E89/><V4/><F34/><W105/><G105/><T120/><D120/><U125/><E125/><V73/><F24/><W95/><REACH who="3" step="1"/><G70/><REACH who="3" ten="231,305,267,187" step="2"/><T22/><D117/><U110/><E97/><V104/><F104/><W8/><G8/><T2/><D2/><U102/><E134/><V33/><F99/><W81/><G81/><T115/><D115/><U19/><E122/><V90/><F93/><W43/><G43/><T20/><D41/><U94/><E94/><V123/><F123/><W126/><G126/><T130/><D130/><U72/><E102/><V79/><F82/><W69/><G69/><T10/><D10/><U64/><E100/><V63/><F4/><W127/><G127/><T129/><D129/><U114/><E114/><V32/><F40/><W30/><G30/><T27/><D78/><U124/><E28/><V61/><F79/><W68/><G68/><T21/><D77/><U48/><E124/><V76/><F98/><W25/><G25/><T71/><D71/><U57/><E110/><V12/><F76/><W1/><G1/><RYUUKYOKU ba="0,1" sc="231,-10,305,-10,267,-10,187,30" hai3="18,23,26,42,49,58,60,65,84,85,87,91,95" /><INIT seed="3,1,1,0,0,127" ten="221,295,257,217" oya="3" hai0="79,65,27,132,23,83,49,89,47,45,88,90,93" hai1="66,53,52,131,120,107,7,80,9,41,2,19,75" hai2="57,8,42,82,74,60,73,104,62,76,68,116,48" hai3="50,63,121,77,122,44,32,59,56,96,37,36,100"/><W12/><G32/><T95/><D132/><U18/><E120/><V102/><F116/><W6/><G77/><T119/><D119/><U46/><E107/><V72/><F62/><W78/><G78/><T133/><D133/><U17/><E66/><V87/><F68/><W126/><G126/><T0/><D0/><U110/><E131/><V61/><F8/><W91/><G91/><T97/><D65/><U67/><E67/><V35/><F35/><W58/><G63/><T1/><D1/><U103/><E103/><V71/><F71/><W125/><G125/><T64/><D64/><U24/><E24/><V101/><F101/><W21/><G122/><T111/><D111/><U4/><E4/><V81/><F81/><W84/><G84/><T70/><D70/><U14/><E14/><V39/><F39/><W69/><G69/><T124/><D124/><U10/><E10/><V129/><F42/><W29/><G121/><T106/><D106/><U135/><E110/><V26/><F26/><W113/><G113/><T85/><D49/><U115/><E115/><V114/><F114/><W15/><G15/><T117/><D117/><U98/><E98/><N who="2" m="61527" /><F48/><W5/><G5/><T11/><D11/><U55/><E135/><V43/><F43/><N who="3" m="24863" /><G6/><T130/><D130/><U108/><E108/><V38/><F129/><W3/><G3/><T33/><D33/><U123/><E123/><V20/><F38/><W118/><G118/><T31/><D89/><U86/><E41/><V13/><F57/><N who="3" m="14595" /><W16/><DORA hai="94" /><G29/><T92/><D79/><N who="1" m="46367" /><E46/><AGARI ba="1,1" hai="23,27,31,45,46,47,83,85,88,90,92,93,95,97" machi="46" ten="40,5200,0" yaku="8,1,52,1,54,1" doraHai="127,94" who="0" fromWho="1" sc="221,65,295,-55,257,0,217,0" /><INIT seed="4,0,0,5,4,129" ten="286,240,257,217" oya="0" hai0="51,127,71,67,111,110,121,38,2,109,7,126,93" hai1="96,114,39,73,78,37,132,30,131,66,63,116,113" hai2="50,77,36,80,55,88,117,1,42,61,75,68,52" hai3="119,48,58,70,15,104,107,13,105,72,59,12,76"/><T54/><D2/><U65/><E116/><V43/><F1/><W27/><G70/><T135/><D7/><U46/><E131/><V34/><F34/><W122/><G119/><T6/><D6/><U99/><E30/><V97/><F117/><W83/><G122/><T134/><D38/><U31/><E31/><V115/><F115/><N who="1" m="44041" /><E66/><V17/><F36/><N who="1" m="13897" /><E46/><V106/><F106/><W25/><REACH who="3" step="1"/><G48/><REACH who="3" ten="286,240,257,207" step="2"/><T90/><D121/><U33/><E33/><V103/><F68/><W87/><G87/><N who="0" m="52447" /><D71/><N who="1" m="42431" /><E132/><N who="0" m="50729" /><D67/><U10/><E73/><V120/><F120/><W82/><G82/><T20/><D20/><U112/><E112/><V60/><F75/><W94/><G94/><T86/><D86/><U84/><E10/><V91/><F80/><AGARI ba="0,1" hai="78,80,84,96,99" m="42431,13897,44041" machi="80" ten="30,2000,0" yaku="15,1,11,1" doraHai="129" who="1" fromWho="2" sc="286,0,240,30,257,-20,207,0" /><INIT seed="5,0,0,0,3,14" ten="286,270,237,207" oya="1" hai0="93,50,4,13,53,126,123,124,83,127,26,97,78" hai1="130,35,64,105,46,18,6,117,69,21,12,9,116" hai2="57,28,5,76,91,84,101,82,59,7,125,103,86" hai3="17,119,94,108,70,79,113,88,120,128,110,34,58"/><U33/><E105/><V80/><F125/><W89/><G70/><T134/><D134/><U2/><E46/><V11/><F28/><W111/><G120/><T98/><D26/><U45/><E45/><V122/><F122/><W74/><G34/><N who="1" m="12810" /><E64/><V1/><F7/><W109/><N who="3" m="27648" /><DORA hai="31" /><W54/><G113/><T81/><D123/><U131/><E69/><V65/><REACH who="2" step="1"/><F65/><REACH who="2" ten="286,270,227,207" step="2"/><W67/><G67/><T56/><D4/><U19/><E19/><V15/><F15/><W49/><G128/><AGARI ba="0,1" hai="2,6,9,12,18,21,116,117,128,130,131" m="12810" machi="128" ten="30,18000,2" yaku="19,1,34,2,52,4" doraHai="14,31" who="1" fromWho="3" sc="286,0,270,190,227,0,207,-180" /><INIT seed="5,1,0,3,5,30" ten="286,460,227,27" oya="1" hai0="117,103,71,120,27,28,26,38,32,79,18,59,118" hai1="51,107,62,66,24,134,22,43,21,114,61,48,82" hai2="16,63,20,85,70,6,9,52,65,56,98,23,41" hai3="29,72,37,49,84,36,86,91,12,80,69,104,125"/><U130/><E114/><V126/><F126/><W135/><G69/><T116/><D71/><U53/><E107/><V68/><F41/><W58/><G125/><T33/><D38/><U109/><E130/><V99/><F70/><W1/><G1/><T94/><D79/><U57/><E134/><V73/><F73/><W15/><G135/><T129/><D59/><U101/><E101/><V95/><F85/><W113/><G113/><T102/><D94/><U31/><E109/><V81/><F81/><W75/><G104/><T14/><D120/><U93/><E93/><V64/><F99/><W110/><G110/><T97/><D97/><U112/><E112/><V42/><F42/><W92/><G29/><T4/><D129/><U96/><E96/><V115/><F115/><W35/><G35/><T133/><D133/><U47/><E21/><V25/><F23/><W124/><G124/><T88/><D88/><U7/><E7/><V55/><F55/><W44/><G58/><T2/><D103/><U39/><E82/><V74/><F68/><AGARI ba="1,0" hai="22,24,31,39,43,47,48,51,53,57,61,62,66,68" machi="68" ten="30,1500,0" yaku="7,1" doraHai="30" who="1" fromWho="2" sc="286,0,460,18,227,-18,27,0" /><INIT seed="5,2,0,1,5,42" ten="286,478,209,27" oya="1" hai0="17,72,102,53,35,111,105,29,132,59,122,33,75" hai1="97,50,16,60,135,130,47,80,45,40,13,118,11" hai2="107,46,9,22,94,14,36,31,15,117,131,68,25" hai3="19,121,30,114,92,81,6,2,51,10,28,89,18"/><U54/><E118/><V24/><F107/><W85/><G121/><T129/><D17/><U104/><E130/><V113/><F68/><W65/><G114/><T112/><D29/><U3/><E135/><V12/><F117/><W133/><G133/><T49/><D49/><U20/><E80/><V66/><F66/><W55/><G65/><T109/><D53/><U21/><E3/><V84/><F131/><W67/><G67/><T57/><D102/><U103/><E60/><V58/><F58/><W108/><G108/><T127/><D59/><U34/><E34/><V100/><F113/><W116/><G116/><T44/><D44/><U125/><E125/><V62/><F25/><W87/><G30/><T98/><D98/><U90/><E90/><V0/><F0/><W5/><G28/><T99/><D99/><U63/><E63/><V48/><F36/><AGARI ba="2,0" hai="11,13,16,20,21,36,40,45,47,50,54,97,103,104" machi="36" ten="30,11600,0" yaku="7,1,52,2,54,1" doraHai="42" who="1" fromWho="2" sc="286,0,478,122,209,-122,27,0" /><INIT seed="5,3,0,5,0,48" ten="286,600,87,27" oya="1" hai0="65,9,0,126,103,15,8,11,118,42,20,119,49" hai1="84,107,124,32,72,96,135,101,78,5,53,61,55" hai2="51,133,112,115,94,69,6,45,73,14,100,109,113" hai3="85,38,111,59,21,104,26,132,120,90,89,105,46"/><U97/><E32/><V50/><F73/><W87/><G111/><T19/><D65/><U76/><E72/><V114/><F69/><W2/><G120/><T79/><D79/><U108/><E108/><V71/><F71/><W117/><G132/><T129/><D103/><U41/><E124/><V66/><F66/><W37/><G2/><T63/><D63/><U16/><E5/><V62/><F62/><W1/><G1/><T127/><D42/><U86/><E41/><V18/><F6/><W29/><G117/><N who="0" m="44555" /><D49/><U36/><E135/><V30/><F30/><W68/><G68/><T131/><D0/><U82/><E36/><V128/><F133/><W67/><G67/><T123/><D123/><U10/><E97/><N who="2" m="59447" /><F109/><W47/><G29/><T91/><D91/><U35/><E61/><V24/><F24/><W80/><G26/><T27/><D27/><U134/><E134/><V88/><F128/><AGARI ba="3,0" hai="8,9,11,15,19,20,126,127,128,129,131" m="44555" machi="128" ten="40,5200,0" yaku="19,1,34,2" doraHai="48" who="0" fromWho="2" sc="286,61,600,0,87,-61,27,0" /><INIT seed="6,0,0,2,0,5" ten="347,600,26,27" oya="2" hai0="62,103,50,18,41,29,112,36,71,12,97,51,20" hai1="28,25,125,130,132,84,64,4,92,118,55,114,15" hai2="70,61,45,43,30,76,49,104,63,119,134,47,56" hai3="122,68,83,17,95,39,110,116,74,19,85,58,80"/><V11/><F119/><W90/><G68/><T44/><D112/><U133/><E118/><V115/><F104/><W37/><G110/><T105/><D29/><U65/><E114/><V59/><F115/><W38/><G116/><T79/><D79/><U8/><E130/><V24/><F76/><W2/><G122/><T129/><D129/><U60/><E125/><V3/><F134/><W22/><G2/><T89/><D89/><N who="1" m="53287" /><E55/><V121/><F121/><W108/><G108/><T87/><D87/><U106/><E60/><V32/><F45/><W10/><G74/><T9/><D20/><N who="1" m="15399" /><E106/><V48/><F48/><W14/><REACH who="3" step="1"/><G58/><REACH who="3" ten="347,600,26,17" step="2"/><T54/><D71/><U100/><E100/><V109/><F109/><W102/><G102/><T23/><D103/><U72/><E72/><V99/><F70/><W131/><G131/><T52/><D105/><U96/><E96/><V117/><F117/><W82/><G82/><T127/><D97/><U16/><E133/><V101/><F99/><W93/><G93/><T98/><D98/><U1/><E1/><V88/><F101/><W6/><G6/><T81/><D81/><U66/><E132/><V111/><F111/><W124/><G124/><T26/><D127/><U126/><E126/><V7/><F59/><W135/><G135/><T33/><D33/><U123/><E123/><V21/><F32/><W113/><G113/><T75/><D75/><U46/><E46/><V57/><F57/><W34/><G34/><T69/><D69/><U86/><E86/><V35/><F35/><W78/><G78/><T27/><D44/><U107/><E107/><RYUUKYOKU ba="0,1" sc="347,-15,600,15,26,-15,17,15" hai1="4,8,15,16,64,65,66" hai3="10,14,17,19,22,37,38,39,80,83,85,90,95" /><INIT seed="7,1,1,0,3,21" ten="332,615,11,32" oya="3" hai0="7,47,95,105,92,115,94,35,90,122,43,118,132" hai1="126,75,96,71,48,91,88,2,19,50,33,42,87" hai2="117,39,36,109,73,61,108,103,13,37,49,10,101" hai3="0,129,66,9,69,89,80,124,111,135,3,52,125"/><W110/><G129/><T53/><D105/><U100/><E75/><V121/><F117/><W12/><G135/><T133/><D35/><U11/><E71/><V131/><F73/><W6/><G66/><T41/><D7/><U127/><E33/><V70/><F131/><W97/><G69/><T18/><D18/><U44/><E50/><V34/><F34/><W26/><G52/><T5/><D5/><N who="1" m="1463" /><E87/><V78/><F78/><W93/><G80/><T107/><D115/><U55/><E19/><V79/><F79/><W120/><G120/><T58/><D107/><N who="1" m="63879" /><E42/><V74/><F74/><W51/><G51/><T8/><D47/><U62/><E62/><V23/><F121/><W116/><G116/><T82/><D82/><U24/><E24/><V77/><F77/><W64/><G64/><T98/><D8/><U57/><E57/><V68/><F23/><W4/><G26/><T60/><D122/><U38/><E38/><V99/><F49/><W31/><G31/><T54/><D54/><U128/><E128/><V86/><F86/><W83/><G83/><T59/><D59/><U28/><E28/><V130/><F130/><W45/><G45/><T113/><D113/><U123/><E123/><V32/><F32/><W67/><G67/><T15/><D118/><U76/><E76/><V102/><F99/><W20/><G20/><T29/><D29/><U40/><E55/><V25/><F25/><W56/><G56/><T119/><D119/><U27/><E27/><V106/><F106/><W30/><G30/><T22/><D132/><U85/><E85/><V72/><F72/><RYUUKYOKU ba="1,1" sc="332,-10,615,30,11,-10,32,-10" hai1="40,44,48,88,91,126,127" owari="322,12.2,655,75.5,1,-49.9,22,-37.8" /></mjloggm>