<mjloggm ver="2.3"><GO type="169" lobby="0"/><UN n0="%E4%BA%9C%E6%9C%88" n1="%E3%81%82%E3%81%95%E3%81%B4%E3%82%93%EF%BC%A0%EF%BD%8D%EF%BD%8A" n2="%73%79%75%70%6F%6E" n3="%E3%81%9F%E3%81%91%E3%81%B4%E3%83%BC%40%55%4E%50" dan="17,18,17,17" rate="2188.67,2295.99,2218.15,2200.60" sx="M,M,M,M"/><TAIKYOKU oya="0"/><INIT seed="0,0,0,4,2,58" ten="250,250,250,250" oya="0" hai0="102,83,57,7,125,37,31,93,70,29,56,39,16" hai1="53,8,126,106,11,75,62,47,124,40,127,109,92" hai2="110,91,97,112,55,1,26,121,95,105,25,5,122" hai3="48,111,43,45,128,13,131,85,67,59,135,0,49"/><T15/><D70/><U38/><E106/><V94/><F112/><W132/><G0/><T72/><D125/><U119/><E119/><V108/><F1/><W10/><G85/><T20/><D7/><U80/><E109/><N who="2" m="42091" /><F5/><W14/><G111/><T50/><D39/><U9/><E92/><N who="2" m="56479" /><F55/><N who="3" m="32231" /><G14/><T84/><D37/><U61/><E53/><V82/><F105/><W44/><G67/><T76/><D72/><U96/><E96/><V6/><F6/><N who="3" m="3287" /><G45/><T77/><D77/><AGARI ba="0,0" hai="8,9,11,38,40,47,61,62,75,77,80,124,126,127" machi="77" ten="50,6400,0" yaku="18,1,52,2" doraHai="58" who="1" fromWho="0" sc="250,-64,250,64,250,0,250,0" /><INIT seed="1,0,0,5,5,86" ten="186,314,250,250" oya="1" hai0="65,96,134,1,46,53,119,0,135,123,117,26,80" hai1="61,15,32,104,10,73,31,93,2,38,103,98,120" hai2="4,118,35,78,97,67,45,72,91,112,64,25,129" hai3="85,18,54,105,90,48,127,111,99,5,44,51,66"/><U62/><E120/><V79/><F118/><W71/><G111/><T37/><D65/><U69/><E38/><V23/><F35/><W20/><G127/><T68/><D68/><U77/><E2/><V41/><F129/><W124/><G124/><T14/><D123/><U130/><E130/><V109/><F109/><W55/><G5/><T12/><D80/><U42/><E42/><V82/><F78/><W122/><G122/><T108/><D96/><U133/><E133/><N who="0" m="50697" /><D26/><U43/><E43/><V60/><F4/><W28/><G28/><T132/><D132/><U126/><E126/><V13/><F13/><N who="0" m="5226" /><D108/><U52/><E69/><V87/><F97/><W50/><G66/><T81/><D81/><U59/><E31/><V19/><F112/><W95/><G71/><T21/><D21/><U114/><E32/><V63/><F67/><W116/><G116/><N who="0" m="44619" /><D37/><U11/><E114/><V40/><F64/><W33/><G33/><T88/><D46/><U49/><E10/><V128/><F40/><W39/><G39/><T125/><D53/><U115/><E115/><V84/><F128/><W102/><REACH who="3" step="1"/><G55/><REACH who="3" ten="186,314,250,240" step="2"/><T56/><D125/><U22/><E22/><V9/><F9/><W107/><G107/><T75/><D1/><U6/><E104/><V89/><F23/><W100/><G100/><T101/><D101/><U113/><E113/><V57/><F41/><W131/><G131/><T106/><D106/><U3/><E3/><V58/><F19/><W24/><AGARI ba="0,1" hai="18,20,24,44,48,50,51,54,85,90,95,99,102,105" machi="24" ten="20,8000,1" yaku="1,1,0,1,7,1,52,1,53,1" doraHai="86" doraHaiUra="17" who="3" fromWho="3" sc="186,-20,314,-40,250,-20,240,90" /><INIT seed="2,0,0,0,2,21" ten="166,274,230,330" oya="2" hai0="58,110,103,51,97,123,43,54,77,113,104,132,116" hai1="112,3,63,27,28,131,124,107,62,7,118,68,69" hai2="32,9,5,1,61,31,10,130,80,85,45,18,84" hai3="100,47,88,55,23,52,8,2,48,108,129,134,24"/><V81/><F130/><W90/><G129/><T71/><D123/><U13/><E131/><V135/><F135/><W14/><G2/><T72/><D113/><U49/><E112/><V60/><F45/><W128/><G128/><T36/><D132/><U11/><E118/><V25/><F10/><W74/><G134/><T38/><D110/><U91/><E107/><V76/><REACH who="2" step="1"/><F18/><REACH who="2" ten="166,274,220,330" step="2"/><N who="3" m="12407" /><G108/><T35/><D116/><U87/><E11/><V42/><F42/><W133/><G133/><T39/><D43/><U67/><E7/><V92/><F92/><W64/><G8/><T50/><D104/><U127/><E127/><V20/><F20/><W96/><G47/><T4/><D4/><U30/><E124/><V111/><F111/><W19/><G19/><T22/><D22/><U115/><E115/><V120/><F120/><W83/><G14/><T6/><D6/><U117/><E13/><V106/><F106/><W73/><G73/><T122/><D72/><U29/><E117/><V66/><F66/><W34/><G74/><T102/><D122/><U33/><E3/><V16/><F16/><W17/><G17/><T98/><D35/><U44/><E44/><V78/><AGARI ba="0,1" hai="1,5,9,25,31,32,60,61,76,78,80,81,84,85" machi="78" ten="20,12000,1" yaku="1,1,0,1,7,1,9,1,52,1,53,0" doraHai="21" doraHaiUra="119" who="2" fromWho="2" sc="166,-40,274,-40,220,130,330,-40" /><INIT seed="2,1,0,1,2,64" ten="126,234,350,290" oya="2" hai0="125,61,112,70,100,66,20,114,77,80,93,113,24" hai1="58,69,75,89,73,51,18,88,2,83,48,12,84" hai2="81,31,30,62,37,7,106,40,118,57,17,117,132" hai3="44,99,115,120,35,124,41,131,49,97,98,92,68"/><V54/><F106/><W11/><G120/><T56/><D125/><U0/><E69/><V52/><F132/><W76/><G35/><T65/><D100/><U129/><E129/><V26/><F7/><W123/><G123/><T46/><D46/><U90/><E73/><V45/><F81/><W108/><G131/><T87/><D93/><U127/><E75/><V28/><REACH who="2" step="1"/><F54/><REACH who="2" ten="126,234,340,290" step="2"/><W19/><G124/><T104/><D104/><U27/><E127/><V8/><F8/><W59/><G11/><T105/><D105/><U135/><E135/><V9/><F9/><W79/><G115/><T55/><REACH who="0" step="1"/><D70/><REACH who="0" ten="116,234,340,290" step="2"/><U94/><E94/><V116/><F116/><W29/><G68/><T130/><D130/><U1/><E83/><V32/><F32/><W95/><G92/><T53/><D53/><U72/><E0/><V23/><AGARI ba="1,2" hai="17,23,26,28,30,31,37,40,45,52,57,62,117,118" machi="23" ten="30,6000,0" yaku="1,1,0,1,54,1,53,0" doraHai="64" doraHaiUra="122" who="2" fromWho="2" sc="116,-21,234,-21,340,83,290,-21" /><INIT seed="2,2,0,1,5,3" ten="95,213,423,269" oya="2" hai0="77,105,101,0,82,52,66,34,33,42,27,41,87" hai1="15,95,122,43,107,50,30,55,11,59,72,58,96" hai2="125,97,51,75,54,124,32,76,118,9,104,120,121" hai3="40,81,127,84,132,56,48,25,45,1,73,130,88"/><V91/><F32/><W36/><G130/><T23/><D0/><U134/><E72/><V62/><F62/><W69/><G132/><T98/><D66/><U78/><E134/><V112/><F9/><W22/><G127/><N who="2" m="48713" /><F51/><W85/><G69/><T46/><D34/><U24/><E107/><V80/><F54/><W29/><G73/><T49/><REACH who="0" step="1"/><D33/><REACH who="0" ten="85,213,423,269" step="2"/><U31/><E122/><V109/><F121/><W113/><G1/><T83/><D83/><U12/><E31/><AGARI ba="2,1" hai="23,27,31,41,42,46,49,52,77,82,87,98,101,105" machi="31" ten="30,7700,0" yaku="1,1,7,1,54,1,53,1" doraHai="3" doraHaiUra="93" who="0" fromWho="1" sc="85,93,213,-83,423,0,269,0" /><INIT seed="3,0,0,0,4,135" ten="178,130,423,269" oya="3" hai0="55,38,11,32,23,114,14,78,60,61,27,62,118" hai1="112,45,67,73,24,15,41,134,101,36,79,82,2" hai2="130,35,97,127,124,64,58,42,126,17,18,90,92" hai3="110,105,6,19,49,53,88,66,74,30,125,56,9"/><W115/><G105/><T25/><D118/><U113/><E134/><V71/><F130/><W68/><G115/><T95/><D38/><U52/><E67/><V84/><F35/><W120/><G120/><T43/><D43/><U99/><E15/><V123/><F123/><W100/><G74/><T104/><D104/><U94/><E24/><V109/><F109/><W12/><G100/><T3/><D3/><U75/><E75/><V48/><F71/><W40/><G110/><T116/><D116/><U93/><E93/><N who="2" m="54471" /><F42/><W69/><G30/><T119/><D78/><U28/><E28/><V107/><F107/><W96/><G40/><T128/><D128/><U54/><REACH who="1" step="1"/><E2/><REACH who="1" ten="178,120,423,269" step="2"/><V10/><F64/><W5/><G66/><T37/><D25/><U70/><E70/><V31/><F31/><W33/><G68/><T76/><D27/><U4/><E4/><V87/><F92/><W106/><G69/><T121/><D121/><U129/><E129/><V132/><F132/><W80/><G106/><T50/><D119/><U91/><E91/><V16/><F18/><W117/><G117/><T77/><D95/><U85/><E85/><V22/><F87/><N who="3" m="50279" /><G96/><T72/><D72/><U39/><E39/><V122/><F97/><W46/><G19/><T83/><D37/><U26/><E26/><V81/><F17/><W133/><G6/><T102/><D77/><U20/><E20/><V103/><F22/><W47/><G133/><T63/><D23/><U7/><E7/><V0/><F0/><W44/><G33/><T65/><D76/><U51/><E51/><V111/><F48/><RYUUKYOKU ba="0,1" sc="178,-15,120,15,423,-15,269,15" hai1="36,41,45,52,54,73,79,82,94,99,101,112,113" hai3="5,9,12,44,46,47,49,53,56,125" /><INIT seed="3,1,1,2,0,54" ten="163,135,408,284" oya="3" hai0="131,103,70,35,126,62,30,114,104,123,13,69,59" hai1="117,7,121,81,40,22,67,116,18,82,33,124,8" hai2="79,45,78,72,25,95,88,1,50,127,133,2,125" hai3="49,21,31,129,41,52,58,119,96,29,6,91,55"/><W73/><G119/><N who="1" m="45642" /><E33/><V48/><F133/><W53/><G73/><T34/><D123/><U32/><E32/><V90/><F25/><W100/><G129/><T77/><D131/><U39/><E121/><V92/><F45/><N who="3" m="25775" /><G6/><T94/><D126/><U65/><E124/><V75/><AGARI ba="1,1" hai="1,2,48,50,72,75,78,79,88,90,92,95,125,127" machi="75" ten="25,6400,0" yaku="0,1,22,2,54,1" doraHai="54" who="2" fromWho="2" sc="163,-17,135,-17,408,77,284,-33" /><INIT seed="4,0,0,4,2,2" ten="146,118,485,251" oya="0" hai0="101,67,52,10,100,14,106,109,24,70,84,21,34" hai1="80,104,40,3,113,66,33,74,72,13,131,1,93" hai2="50,57,125,44,115,108,62,86,46,91,43,129,88" hai3="48,110,28,39,73,53,19,17,79,56,107,11,4"/><T60/><D34/><U114/><E104/><V96/><F108/><W0/><G110/><T41/><D41/><U54/><E33/><V132/><F115/><N who="1" m="44041" /><E40/><V123/><F123/><W68/><G68/><T25/><D106/><U124/><E66/><V22/><F129/><W92/><G107/><T64/><D109/><U36/><E36/><V77/><F132/><W99/><G39/><T89/><D64/><U112/><N who="1" m="44049" /><U130/><DORA hai="119" /><E124/><V116/><F46/><W87/><G73/><N who="1" m="28266" /><E80/><V42/><F42/><W85/><G28/><T90/><D67/><U55/><E93/><V20/><F43/><W126/><G126/><T81/><D70/><U61/><E13/><V127/><F127/><W9/><G92/><T63/><D14/><U120/><E120/><V117/><F125/><W15/><G15/><T5/><D81/><U82/><E82/><V133/><F117/><W59/><G0/><N who="1" m="74" /><E61/><V23/><F62/><W32/><G32/><T102/><D63/><U47/><E47/><V135/><F44/><W111/><G111/><T37/><D37/><U65/><E65/><V134/><F133/><W103/><G87/><T7/><D84/><U35/><E35/><V27/><F86/><W98/><G85/><T97/><D60/><U30/><E30/><V45/><F134/><W49/><G99/><T94/><D97/><U83/><E83/><V26/><F135/><W31/><G98/><T121/><D94/><U122/><E122/><V18/><F96/><W95/><G31/><T78/><D121/><U71/><E71/><V128/><F45/><W16/><G95/><RYUUKYOKU ba="0,0" sc="146,-10,118,30,485,-10,251,-10" hai1="54,55,130,131" /><INIT seed="5,1,0,4,1,74" ten="136,148,475,241" oya="1" hai0="85,115,45,15,55,49,92,22,121,58,104,10,80" hai1="2,72,122,38,117,75,109,57,16,0,50,98,83" hai2="36,101,48,110,53,94,133,62,63,84,46,60,119" hai3="3,12,34,67,70,8,78,40,91,131,120,21,43"/><U82/><E122/><V68/><F110/><W18/><G120/><T107/><D115/><U102/><E38/><V111/><F111/><W44/><G131/><T37/><D121/><U54/><E117/><V112/><F119/><W7/><G70/><T24/><D92/><U6/><E109/><V87/><F68/><W52/><G67/><T105/><D37/><U77/><E6/><V64/><F36/><W125/><G125/><T59/><D22/><U89/><E16/><V116/><F116/><W29/><G78/><T27/><D27/><U126/><E126/><V42/><F133/><W129/><G91/><T103/><D103/><U33/><E33/><V93/><F42/><W11/><G11/><T128/><D24/><U130/><E130/><V14/><F14/><W35/><G129/><T23/><D23/><U76/><E89/><V88/><F112/><W96/><G96/><T106/><N who="0" m="26624" /><DORA hai="79" /><T113/><D113/><U95/><AGARI ba="1,0" hai="0,2,50,54,57,72,75,76,77,82,83,95,98,102" machi="95" ten="20,18000,2" yaku="0,1,7,1,9,1,52,4" doraHai="74,79" who="1" fromWho="1" sc="136,-61,148,183,475,-61,241,-61" /><INIT seed="5,2,0,1,0,110" ten="75,331,414,180" oya="1" hai0="108,98,41,68,6,30,99,14,114,11,23,27,94" hai1="132,49,29,58,67,104,56,28,35,54,25,87,50" hai2="126,51,72,0,3,134,95,31,77,42,121,125,20" hai3="12,26,71,85,97,128,36,57,66,120,84,127,92"/><U107/><E132/><V32/><F32/><W7/><G120/><T122/><D108/><U47/><E29/><V80/><F121/><W43/><G71/><T131/><D131/><U21/><E35/><V15/><F134/><W89/><G128/><T130/><D130/><U83/><E67/><V74/><F74/><W62/><G127/><N who="2" m="48649" /><F95/><W101/><G36/><T88/><D122/><U40/><REACH who="1" step="1"/><E58/><REACH who="1" ten="75,321,414,180" step="2"/><V55/><F31/><W48/><G57/><T118/><D118/><U34/><E34/><V79/><F42/><W116/><G43/><T93/><D68/><U4/><E4/><V113/><F113/><W2/><G66/><T59/><D41/><U78/><AGARI ba="2,1" hai="21,25,28,40,47,49,50,54,56,78,83,87,104,107" machi="78" ten="20,3900,0" yaku="1,1,0,1,7,1,53,0" doraHai="110" doraHaiUra="106" who="1" fromWho="1" sc="75,-15,321,55,414,-15,180,-15" /><INIT seed="5,3,0,0,4,126" ten="60,376,399,165" oya="1" hai0="62,7,128,106,16,114,116,107,118,99,46,105,121" hai1="31,97,56,10,3,29,86,123,50,9,82,65,131" hai2="127,52,40,109,0,53,64,32,71,14,68,94,4" hai3="36,51,54,70,60,66,25,27,13,22,98,111,119"/><U96/><E123/><V6/><F109/><W81/><G111/><T1/><D114/><U19/><E3/><V59/><F32/><W102/><G119/><T92/><D121/><U2/><E2/><V30/><F0/><W132/><G132/><T87/><D46/><U101/><E131/><V85/><F127/><W88/><G36/><T41/><D41/><U90/><E50/><V20/><F40/><W24/><G13/><T89/><D62/><N who="1" m="38087" /><E19/><N who="2" m="10359" /><F30/><N who="1" m="11273" /><E101/><V75/><F75/><W11/><G11/><AGARI ba="3,0" hai="9,10,11,82,86,90,96,97" m="11273,38087" machi="11" ten="30,1500,0" yaku="8,1" doraHai="126" who="1" fromWho="3" sc="60,0,376,24,399,0,165,-24" /><INIT seed="5,4,0,1,1,134" ten="60,400,399,141" oya="1" hai0="127,98,128,61,18,40,23,79,101,66,76,94,34" hai1="102,86,65,120,132,48,85,82,53,125,31,17,104" hai2="26,93,21,42,39,62,27,67,10,115,8,81,123" hai3="80,105,126,100,113,32,89,25,59,78,30,43,119"/><U54/><E120/><V49/><F123/><W129/><G113/><T36/><D34/><U135/><E31/><V55/><F115/><W24/><G129/><T73/><D73/><U114/><E114/><V118/><F118/><W68/><G119/><T15/><D128/><U109/><E109/><V91/><F81/><W50/><G68/><T130/><D130/><U71/><E17/><V72/><F72/><W57/><G89/><T3/><D3/><U1/><E1/><V5/><F42/><W9/><G25/><T97/><D36/><U108/><E108/><V2/><F39/><W45/><G126/><T99/><D40/><U106/><E65/><V56/><F10/><W51/><G51/><T16/><D127/><U52/><E71/><V122/><F21/><W90/><G90/><T70/><D98/><N who="1" m="61527" /><E106/><V7/><F7/><W12/><G100/><T95/><REACH who="0" step="1"/><D18/><REACH who="0" ten="50,400,399,141" step="2"/><U110/><E110/><V75/><F122/><W116/><G116/><T77/><D77/><U4/><E4/><V107/><F75/><W20/><G32/><T124/><D124/><U84/><E125/><V44/><REACH who="2" step="1"/><F107/><REACH who="2" ten="50,400,389,141" step="2"/><W41/><G105/><T103/><AGARI ba="4,2" hai="15,16,23,61,66,70,76,79,94,95,97,99,101,103" machi="103" ten="20,8000,1" yaku="1,1,0,1,7,1,9,1,54,1,53,0" doraHai="134" doraHaiUra="112" who="0" fromWho="0" sc="50,112,400,-44,389,-24,141,-24" /><INIT seed="6,0,0,3,2,64" ten="162,356,365,117" oya="2" hai0="2,79,74,101,27,22,6,7,39,18,119,127,47" hai1="97,113,91,25,105,131,117,58,49,1,17,100,69" hai2="28,29,104,70,103,20,73,107,13,26,41,134,80" hai3="33,121,89,93,132,96,43,130,14,120,60,125,77"/><V19/><F134/><W45/><G132/><T36/><D127/><U21/><E117/><V44/><F103/><W99/><G125/><T48/><D119/><U114/><E1/><V124/><F124/><W129/><G33/><T111/><D111/><U0/><E0/><V55/><F29/><W87/><G14/><T12/><D2/><U88/><E69/><V68/><F55/><W122/><G60/><T84/><D74/><U62/><E49/><V59/><F59/><W118/><G118/><T98/><D39/><U15/><E131/><V53/><F53/><W3/><G3/><T9/><D36/><U123/><E123/><V135/><F135/><W5/><G5/><N who="0" m="3119" /><D98/><U63/><E63/><V115/><F115/><N who="1" m="44041" /><E25/><V57/><F57/><W112/><G112/><T95/><D101/><U67/><AGARI ba="0,0" hai="15,17,21,58,62,67,88,91,97,100,105" m="44041" machi="67" ten="30,2000,0" yaku="15,1,54,1" doraHai="64" who="1" fromWho="1" sc="162,-5,356,20,365,-10,117,-5" /><INIT seed="7,0,0,3,2,107" ten="157,376,355,112" oya="3" hai0="97,94,1,74,18,85,64,84,50,76,5,101,10" hai1="36,92,72,24,117,79,123,98,52,112,121,42,133" hai2="87,8,88,48,105,9,114,0,68,120,41,113,60" hai3="95,62,34,108,49,23,124,29,32,70,51,12,110"/><W56/><G70/><T20/><D64/><U131/><E112/><N who="2" m="43115" /><F105/><W25/><G124/><T129/><D129/><U2/><E131/><V80/><F120/><W90/><G108/><T77/><D77/><U89/><E133/><V86/><F0/><W45/><G110/><T58/><D74/><U115/><E115/><V83/><F41/><W43/><G51/><T122/><D76/><U63/><E2/><V119/><F119/><W127/><G12/><T47/><D58/><U116/><E42/><V99/><F99/><W73/><G127/><T13/><D122/><U125/><E36/><V65/><F48/><W46/><G46/><T3/><D3/><U40/><E40/><AGARI ba="0,0" hai="1,5,10,13,18,20,40,47,50,84,85,94,97,101" machi="40" ten="30,1000,0" yaku="7,1" doraHai="107" who="0" fromWho="1" sc="157,10,376,-10,355,0,112,0" owari="167,-23.3,366,46.6,355,15.5,112,-38.8" /></mjloggm>