<mjloggm ver="2.3"><GO type="169" lobby="0"/><UN n0="%E3%81%A8%E3%81%B3%E3%81%BE%E3%81%93" n1="%E3%81%9F%E3%81%BE%E3%82%82%E3%82%84%E3%82%93" n2="%E3%82%8A%E3%82%93%E3%81%94%32%32%36" n3="%E6%81%8B%E3%81%AE%E3%81%86%E3%81%9F" dan="16,16,17,17" rate="2166.21,2100.63,2199.67,2244.32" sx="M,F,M,M"/><TAIKYOKU oya="0"/><INIT seed="0,0,0,1,0,96" ten="250,250,250,250" oya="0" hai0="7,29,85,103,74,60,8,101,57,92,91,0,109" hai1="106,82,24,56,100,76,25,135,15,77,89,94,132" hai2="1,5,18,99,53,87,131,83,4,115,75,133,10" hai3="86,36,46,59,61,58,21,114,22,16,9,72,47"/><T116/><D74/><U67/><E15/><V23/><F131/><W134/><G72/><T50/><D116/><U63/><E25/><V128/><F133/><N who="1" m="51273" /><E24/><V122/><F128/><W30/><G114/><T123/><D123/><U64/><E64/><V68/><F68/><W127/><G127/><T6/><D109/><U54/><E54/><V108/><F115/><W39/><G134/><T90/><D29/><U110/><E110/><V37/><F37/><W119/><G86/><T81/><D50/><U49/><E49/><V66/><F75/><W105/><G105/><T11/><D92/><U124/><E82/><V112/><F5/><W52/><G119/><T104/><D91/><U84/><E124/><V125/><F66/><W95/><G30/><T102/><D104/><U121/><E121/><V20/><F53/><W98/><G36/><T130/><D130/><U45/><E45/><N who="3" m="16906" /><G59/><T13/><REACH who="0" step="1"/><D103/><REACH who="0" ten="240,250,250,250" step="2"/><U51/><E51/><V62/><F108/><W14/><G39/><T44/><D44/><U12/><E100/><AGARI ba="0,1" hai="9,14,16,21,22,52,58,61,95,98,100" m="16906" machi="100" ten="30,7700,0" yaku="8,1,52,1,54,2" doraHai="96" who="3" fromWho="1" sc="240,0,250,-77,250,0,250,87" /><INIT seed="1,0,0,4,4,92" ten="240,173,250,337" oya="1" hai0="26,22,67,77,76,74,97,56,73,123,55,0,41" hai1="125,75,120,71,4,35,82,38,86,114,5,7,31" hai2="94,33,95,6,72,78,59,90,10,124,70,16,52" hai3="18,2,46,111,131,63,44,60,42,88,23,81,84"/><U40/><E120/><V48/><F124/><W13/><G111/><T17/><D0/><U117/><E117/><V93/><F70/><W79/><G2/><T9/><D123/><U127/><E75/><V104/><F104/><W135/><G131/><T89/><D41/><U69/><E114/><V51/><F33/><W64/><G135/><T129/><D129/><U109/><E109/><V130/><F130/><W25/><G79/><T101/><D67/><U80/><E80/><V14/><F78/><W133/><G133/><T116/><D116/><U83/><E83/><V102/><F72/><W118/><G118/><T99/><D9/><U98/><E98/><N who="2" m="59727" /><F95/><W65/><G25/><T1/><D1/><U103/><E103/><V96/><F48/><W61/><REACH who="3" step="1"/><G46/><REACH who="3" ten="240,173,250,327" step="2"/><T3/><D3/><U27/><E125/><V85/><F85/><W113/><G113/><T91/><D74/><U28/><E127/><V87/><F87/><W105/><G105/><T45/><D73/><U19/><E27/><V24/><F24/><W50/><AGARI ba="0,1" hai="13,18,23,42,44,50,60,61,63,64,65,81,84,88" machi="50" ten="30,7900,0" yaku="1,1,0,1,8,1,54,1,53,0" doraHai="92" doraHaiUra="54" who="3" fromWho="3" sc="240,-20,173,-39,250,-20,327,89" /><INIT seed="2,0,0,0,5,128" ten="220,134,230,416" oya="2" hai0="88,59,57,132,9,98,116,37,55,135,58,99,64" hai1="100,47,121,36,93,61,7,54,3,101,103,72,108" hai2="27,122,63,31,33,118,125,35,23,32,22,21,6" hai3="66,29,111,85,14,10,68,46,41,1,39,120,17"/><V2/><F118/><W89/><G111/><T133/><D37/><U69/><E72/><V38/><F38/><W95/><G120/><T0/><D116/><U117/><E108/><V26/><F63/><W123/><G123/><T4/><D64/><U90/><E7/><V97/><F97/><N who="0" m="36874" /><D88/><U25/><E3/><V81/><F81/><W104/><G29/><T115/><D115/><U127/><E127/><V134/><F134/><W45/><G104/><T80/><D80/><U113/><E113/><V53/><F53/><AGARI ba="0,0" hai="0,4,9,53,55,57,58,59,132,133,135" m="36874" machi="53" ten="40,8000,1" yaku="20,1,52,3" doraHai="128" who="0" fromWho="2" sc="220,80,134,0,230,-80,416,0" /><INIT seed="3,0,0,1,1,20" ten="300,134,150,416" oya="3" hai0="103,62,21,8,112,77,96,19,113,12,108,106,47" hai1="56,132,23,51,41,88,2,128,118,30,99,91,58" hai2="95,98,33,32,35,69,7,52,107,5,100,79,93" hai3="73,135,119,71,25,10,68,39,117,115,101,36,85"/><W46/><G85/><T18/><D108/><U54/><E128/><V31/><F69/><W126/><G101/><T59/><D77/><U116/><E2/><V75/><F31/><W76/><G10/><T72/><D72/><U24/><E132/><V48/><F95/><W121/><G76/><T49/><D49/><U63/><E99/><V4/><F107/><W1/><G46/><T104/><D47/><N who="1" m="26095" /><E58/><V60/><F60/><W11/><G11/><T34/><D34/><U42/><E42/><V94/><F94/><W111/><G71/><T92/><D113/><U131/><E131/><V80/><REACH who="2" step="1"/><F35/><REACH who="2" ten="300,134,140,416" step="2"/><W28/><G68/><T83/><D112/><U86/><E86/><V3/><F3/><W110/><G115/><T50/><D106/><U6/><E6/><V17/><F17/><W9/><G1/><T89/><D104/><U45/><E118/><V38/><F38/><W14/><G39/><T55/><D103/><U26/><E116/><V66/><F66/><W114/><G114/><T70/><D70/><U43/><E30/><V40/><F40/><W87/><G119/><T109/><D109/><U57/><E43/><V122/><F122/><W0/><G111/><T102/><D102/><U74/><E63/><V127/><F127/><W133/><G126/><T97/><D97/><U44/><E54/><V37/><F37/><W134/><G110/><T27/><D50/><U13/><E74/><V78/><F78/><W15/><G73/><T29/><D29/><U124/><E124/><V16/><F16/><W82/><G117/><T65/><D65/><U22/><E91/><RYUUKYOKU ba="0,1" sc="300,15,134,-15,140,15,416,-15" hai0="8,12,18,19,21,27,55,59,62,83,89,92,96" hai2="4,5,7,32,33,48,52,75,79,80,93,98,100" /><INIT seed="4,1,1,5,4,33" ten="315,119,155,401" oya="0" hai0="78,0,73,94,76,63,4,17,64,59,12,115,32" hai1="117,45,71,86,38,39,99,21,18,16,107,37,69" hai2="104,74,120,91,113,121,72,36,15,131,93,88,66" hai3="62,58,44,2,116,98,60,46,7,127,77,89,85"/><T75/><D32/><U48/><E117/><V23/><F36/><W47/><G116/><T25/><D25/><U124/><E124/><V82/><F66/><W53/><G127/><T1/><D4/><U123/><E123/><N who="2" m="47179" /><F23/><W19/><G77/><T87/><D115/><U42/><E86/><N who="2" m="50263" /><F15/><W11/><G98/><T108/><D108/><U8/><E8/><V114/><F104/><W126/><G126/><T43/><D43/><U122/><E122/><V125/><F125/><W84/><G89/><T128/><D128/><U55/><E42/><V132/><F131/><W40/><G40/><T22/><D78/><U106/><E106/><V130/><F130/><W65/><REACH who="3" step="1"/><G19/><REACH who="3" ten="315,119,155,391" step="2"/><T135/><D76/><U102/><REACH who="1" step="1"/><E18/><REACH who="1" ten="315,109,155,391" step="2"/><V51/><F132/><W49/><G49/><T50/><D50/><U52/><E52/><V100/><F51/><W67/><G67/><T9/><D135/><U95/><E95/><V96/><F100/><W29/><G29/><T6/><D94/><U54/><E54/><V13/><F13/><AGARI ba="1,3" hai="13,16,21,37,38,39,45,48,55,69,71,99,102,107" machi="13" ten="40,2600,0" yaku="1,1,54,1,53,0" doraHai="33" doraHaiUra="90" who="1" fromWho="2" sc="315,0,109,59,155,-29,391,0" /><INIT seed="5,0,0,2,1,35" ten="315,168,126,391" oya="1" hai0="86,123,51,48,82,79,114,93,38,58,14,76,29" hai1="6,61,43,42,44,4,31,80,106,132,46,10,81" hai2="91,83,3,85,53,105,0,135,101,23,55,21,13" hai3="115,33,124,131,17,5,92,107,36,121,125,28,113"/><U39/><E132/><V104/><F135/><W119/><G107/><T54/><D38/><U71/><E106/><V45/><F105/><W117/><G36/><T8/><D114/><N who="3" m="43529" /><G92/><T40/><D123/><U50/><E31/><V134/><F134/><W78/><G78/><T133/><D133/><U94/><E94/><V129/><F129/><W112/><G112/><T62/><D29/><U89/><E89/><V25/><F13/><W74/><G74/><T128/><D128/><U7/><REACH who="1" step="1"/><E10/><REACH who="1" ten="315,158,126,391" step="2"/><V100/><F104/><W118/><G131/><T95/><D93/><U11/><E11/><V9/><F9/><W73/><G28/><T22/><D95/><U127/><E127/><V103/><F23/><W18/><G33/><T24/><D22/><U108/><E108/><V63/><F21/><W90/><G90/><T87/><D8/><U37/><E37/><V16/><F16/><W68/><G17/><T15/><D82/><U59/><E59/><V57/><REACH who="2" step="1"/><F25/><REACH who="2" ten="315,158,116,391" step="2"/><W67/><G18/><T130/><D24/><U47/><E47/><V60/><F60/><W56/><G124/><T2/><D62/><U52/><E52/><V41/><F41/><W19/><G125/><T77/><D40/><U97/><E97/><V98/><F98/><W84/><G19/><T102/><D130/><U12/><E12/><V116/><F116/><W126/><G119/><T69/><D15/><U34/><E34/><V96/><F96/><W111/><G117/><T120/><D14/><U1/><E1/><V70/><F70/><W110/><G118/><T99/><D2/><U64/><AGARI ba="0,2" hai="4,6,7,39,42,43,44,46,50,61,64,71,80,81" machi="64" ten="30,6000,0" yaku="1,1,5,1,0,1,53,0" doraHai="35" doraHaiUra="32" who="1" fromWho="1" sc="315,-20,158,80,116,-20,391,-20" /><INIT seed="5,1,0,2,0,32" ten="295,238,96,371" oya="1" hai0="60,11,105,110,56,25,64,2,58,27,107,85,98" hai1="28,61,108,92,109,129,44,111,100,88,46,4,26" hai2="55,97,135,91,118,62,99,72,16,39,50,84,101" hai3="126,132,19,59,17,0,79,7,38,6,77,34,75"/><U127/><E127/><V69/><F72/><W82/><G34/><T29/><D110/><U133/><E129/><V45/><F135/><W103/><G103/><T40/><D40/><U73/><E73/><V90/><F39/><W102/><G102/><T124/><D85/><U119/><E119/><V121/><F121/><W1/><G59/><T120/><D120/><U13/><E100/><V128/><F128/><W115/><G115/><T20/><D124/><U43/><E133/><V106/><F118/><W113/><G126/><T74/><D98/><U53/><E13/><V36/><F36/><W131/><G38/><T81/><D56/><N who="1" m="34959" /><E4/><V116/><F116/><W93/><G113/><T12/><D2/><U80/><E80/><V87/><F69/><W37/><G82/><T96/><D25/><U54/><E54/><V9/><F62/><W22/><G75/><T89/><D74/><U65/><E65/><V33/><F33/><W94/><G37/><T41/><D41/><U3/><E3/><V112/><F112/><W130/><G22/><T47/><D81/><U95/><E95/><V63/><F63/><W70/><G132/><T117/><D117/><U30/><E43/><V86/><REACH who="2" step="1"/><F97/><REACH who="2" ten="295,238,86,371" step="2"/><W67/><G67/><T57/><D64/><U125/><E125/><V21/><F21/><W76/><G76/><T123/><D96/><U35/><E111/><V8/><F8/><W68/><AGARI ba="1,1" hai="0,1,6,7,17,19,68,70,77,79,93,94,130,131" machi="68" ten="25,8000,1" yaku="0,1,22,2,52,2" doraHai="32" who="3" fromWho="3" sc="295,-21,238,-41,86,-21,371,93" /><INIT seed="6,0,0,0,5,68" ten="274,197,65,464" oya="2" hai0="107,32,0,11,85,129,18,25,93,74,125,67,45" hai1="75,104,57,21,91,12,114,131,36,46,90,29,42" hai2="33,95,13,53,87,72,117,24,60,96,54,88,97" hai3="27,79,134,61,7,109,121,59,128,16,106,41,58"/><V47/><F117/><W8/><G109/><T116/><D107/><U40/><E114/><V10/><F72/><W55/><G121/><T31/><D74/><U38/><E104/><V22/><F33/><W119/><G134/><T6/><D67/><U51/><E131/><V89/><F47/><W127/><G55/><T35/><D85/><U73/><E12/><V78/><F78/><W82/><G127/><T98/><D93/><U101/><E21/><V100/><F60/><W17/><G106/><T99/><D99/><U28/><E46/><V103/><F97/><W81/><G41/><T102/><D102/><U108/><E101/><V56/><F100/><W3/><G82/><T83/><D83/><U19/><E19/><V5/><F56/><W115/><G128/><T105/><D105/><U70/><E51/><V118/><F118/><W120/><G120/><T2/><D98/><U113/><E113/><V111/><F111/><W52/><G115/><T34/><D45/><U126/><E57/><V124/><F124/><W63/><G27/><T122/><D122/><U37/><E37/><V62/><F62/><W76/><G76/><T9/><D129/><U23/><E70/><V1/><F1/><W123/><G123/><T14/><D125/><U71/><E71/><V77/><F77/><W15/><G3/><N who="0" m="223" /><D116/><U94/><E126/><V130/><F130/><W4/><G119/><T48/><D48/><U50/><E50/><V92/><REACH who="2" step="1"/><F103/><REACH who="2" ten="274,197,55,464" step="2"/><W84/><G61/><T39/><D2/><U132/><E108/><V44/><F44/><W49/><G63/><T133/><D0/><RYUUKYOKU ba="0,1" sc="274,-10,197,-10,55,30,464,-10" hai2="5,10,13,22,24,53,54,87,88,89,92,95,96" /><INIT seed="6,1,1,5,1,104" ten="264,187,85,454" oya="2" hai0="37,93,0,116,50,95,53,118,89,101,88,45,30" hai1="71,62,44,66,3,91,56,39,84,132,8,108,51" hai2="114,33,26,133,86,75,60,125,77,27,112,90,121" hai3="74,20,109,80,126,31,111,29,98,14,48,25,73"/><V67/><F121/><W99/><G14/><T122/><D0/><U47/><E132/><V42/><F42/><W5/><G5/><T103/><D37/><U28/><E108/><V72/><F77/><W35/><G20/><T2/><D2/><U127/><E127/><V128/><F128/><W135/><G48/><T105/><D105/><U123/><E28/><N who="2" m="19607" /><F27/><W69/><G25/><T107/><D107/><U4/><E123/><V61/><F133/><W131/><G135/><T63/><D63/><N who="2" m="24138" /><F67/><W7/><G131/><T129/><D122/><U100/><E39/><V24/><F24/><W79/><G79/><T34/><D34/><U6/><E71/><V85/><F125/><W76/><G76/><T78/><D78/><U11/><E100/><V58/><F58/><W106/><G106/><T18/><D18/><U83/><REACH who="1" step="1"/><E51/><REACH who="1" ten="264,177,85,454" step="2"/><V70/><F70/><W10/><G69/><T110/><D30/><U97/><E97/><V87/><F90/><W124/><G109/><T43/><D110/><U17/><E17/><V49/><F49/><W64/><G111/><T46/><D129/><U119/><E119/><V120/><F120/><W13/><G126/><T59/><D50/><U113/><E113/><AGARI ba="1,2" hai="72,75,85,86,87,112,113,114" m="24138,19607" machi="113" ten="30,5800,0" yaku="15,1,52,2" doraHai="104" who="2" fromWho="1" sc="264,0,177,-61,85,81,454,0" /><INIT seed="6,2,0,4,1,97" ten="264,116,166,454" oya="2" hai0="118,65,111,92,31,79,15,62,11,93,63,32,45" hai1="77,56,121,9,112,123,94,66,126,23,51,107,68" hai2="114,61,72,14,40,130,67,117,129,88,54,43,7" hai3="73,53,22,59,24,10,74,69,99,4,85,81,8"/><V29/><F117/><W35/><G69/><T76/><D111/><U25/><E107/><V89/><F72/><W30/><G10/><T12/><D32/><U28/><E112/><V20/><F54/><W104/><G99/><T120/><D31/><U16/><E126/><V98/><F7/><W52/><G104/><T21/><D21/><U71/><E77/><V105/><F114/><W135/><G135/><T101/><D120/><N who="1" m="46155" /><E94/><N who="2" m="56647" /><F89/><W6/><G53/><T115/><D45/><U86/><E86/><V109/><F105/><W50/><G4/><T127/><D11/><U33/><E9/><V116/><F116/><W78/><G35/><T131/><D65/><U96/><E96/><V75/><F75/><W125/><G125/><T36/><D36/><U55/><E66/><V38/><F38/><W13/><AGARI ba="2,0" hai="6,8,13,22,24,30,50,52,59,73,74,78,81,85" machi="13" ten="20,2700,0" yaku="0,1,7,1,54,1" doraHai="97" who="3" fromWho="3" sc="264,-9,116,-9,166,-15,454,33" /><INIT seed="7,0,0,5,1,40" ten="255,107,151,487" oya="3" hai0="113,115,67,130,43,6,7,78,64,2,114,110,82" hai1="77,11,116,129,69,25,127,22,19,45,36,31,97" hai2="75,39,108,17,91,72,71,109,90,112,10,119,50" hai3="53,3,132,26,57,124,30,41,89,70,18,125,27"/><W123/><G53/><T103/><D103/><U34/><E127/><V37/><F119/><W99/><G18/><T16/><D110/><U48/><E129/><V0/><F50/><W13/><G13/><T120/><D130/><U106/><E116/><V47/><F17/><W59/><G123/><T118/><D118/><U58/><E69/><V29/><F29/><W12/><G12/><T117/><D117/><U96/><E77/><V94/><F71/><W65/><G3/><T83/><D16/><U81/><E81/><V35/><F35/><W54/><G54/><T105/><D105/><U92/><E106/><V51/><F10/><W42/><G89/><T52/><D43/><N who="3" m="16393" /><G99/><T126/><D52/><N who="1" m="29711" /><E36/><V68/><F68/><W5/><G26/><T62/><D2/><U56/><E34/><V55/><F0/><W128/><G27/><T24/><D24/><U104/><E104/><V74/><F37/><W131/><G70/><T88/><D120/><U101/><E97/><V46/><F39/><W134/><G5/><T100/><D7/><U28/><E11/><V107/><F107/><W38/><G38/><T49/><D6/><U87/><E87/><V1/><F1/><W66/><G128/><T95/><D83/><U111/><E111/><V15/><F72/><W102/><G131/><T61/><D82/><U8/><E8/><V85/><F74/><W14/><G14/><T9/><D9/><U76/><E76/><V133/><F75/><W4/><G124/><T84/><D126/><U23/><E31/><V33/><F109/><W86/><G125/><T60/><D78/><RYUUKYOKU ba="0,0" sc="255,-10,107,30,151,-10,487,-10" hai1="19,22,23,25,28,56,58,92,96,101" owari="245,4.5,137,-36.3,141,-25.9,477,57.7" /></mjloggm>