<mjloggm ver="2.3"><GO type="169" lobby="0"/><UN n0="%65%76%69%61%6E%36%31%39" n1="%E3%81%8B%E3%82%81%E3%81%98%E3%82%8D%E3%81%86" n2="%41%75%73%74%75%72%38" n3="%53%6F%6C%69%64" dan="16,16,16,17" rate="2116.45,2130.72,2096.05,2144.97" sx="M,M,M,M"/><TAIKYOKU oya="0"/><INIT seed="0,0,0,5,2,108" ten="250,250,250,250" oya="0" hai0="128,35,46,28,18,76,6,133,94,43,119,10,120" hai1="21,81,66,2,84,92,14,44,100,93,3,37,131" hai2="29,56,87,88,40,5,79,64,134,74,71,107,111" hai3="0,63,24,115,32,59,135,53,25,126,45,4,58"/><T75/><D119/><U82/><E131/><V62/><F111/><W118/><G118/><T96/><D128/><U122/><E122/><V8/><F107/><W124/><G135/><T98/><D133/><U31/><E66/><V116/><F134/><W19/><G45/><T112/><D120/><U127/><E127/><N who="3" m="48682" /><G32/><T85/><D18/><U42/><E81/><V38/><F74/><W54/><G19/><T65/><D65/><U114/><E114/><V48/><F79/><W49/><G115/><T61/><D61/><U101/><E2/><V7/><F29/><W110/><G110/><T89/><D28/><U103/><E3/><V86/><F86/><W16/><G16/><T30/><D30/><U51/><E37/><V80/><F116/><W57/><G58/><T77/><D35/><U104/><E104/><V36/><F5/><W68/><G68/><T132/><D112/><U34/><E34/><V106/><F106/><W102/><G102/><T55/><D75/><U47/><E47/><V9/><F9/><AGARI ba="0,0" hai="0,4,9,24,25,49,53,54,57,59,63" m="48682" machi="9" ten="30,1000,0" yaku="18,1" doraHai="108" who="3" fromWho="2" sc="250,0,250,0,250,-10,250,10" /><INIT seed="1,0,0,2,4,69" ten="250,250,240,260" oya="1" hai0="81,116,108,133,40,66,67,98,64,5,75,88,57" hai1="110,55,100,36,61,19,121,80,8,84,131,70,14" hai2="49,93,29,41,18,97,2,120,107,106,124,15,103" hai3="101,27,87,50,127,52,47,92,56,114,21,45,16"/><U94/><E121/><V102/><F2/><W134/><G114/><T46/><D108/><U23/><E131/><V39/><F120/><W73/><G73/><T86/><D133/><U30/><E110/><V128/><F124/><W126/><G134/><T123/><D123/><U68/><E36/><V26/><F128/><W3/><G3/><T105/><D116/><U99/><E61/><V58/><F39/><W78/><G126/><T76/><D5/><U122/><E122/><V95/><F107/><W72/><G72/><T9/><D9/><U62/><E62/><V32/><F102/><W6/><G6/><T60/><D98/><U112/><E112/><V96/><F96/><N who="3" m="59527" /><G127/><T31/><D31/><U11/><E11/><V44/><REACH who="2" step="1"/><F58/><REACH who="2" ten="250,250,230,260" step="2"/><W7/><G7/><T10/><D105/><U63/><E70/><V71/><F71/><W117/><G117/><T34/><D57/><N who="1" m="35263" /><E68/><V24/><F24/><W129/><G129/><T132/><D132/><U48/><E48/><V38/><F38/><W1/><G1/><T13/><D67/><U85/><E80/><AGARI ba="0,1" hai="16,21,27,45,47,50,52,56,78,80,87" m="59527" machi="80" ten="30,3900,0" yaku="8,1,54,2" doraHai="69" who="3" fromWho="1" sc="250,0,250,-39,230,0,260,49" /><INIT seed="2,0,0,3,1,65" ten="250,211,230,309" oya="2" hai0="47,10,94,124,15,19,133,9,32,5,59,61,57" hai1="83,112,49,114,123,30,99,28,46,73,40,69,44" hai2="76,108,91,7,58,71,48,55,52,135,17,88,79" hai3="127,85,13,34,60,41,36,84,72,98,115,77,109"/><V111/><F135/><W86/><G115/><T27/><D124/><U89/><E123/><V38/><F38/><W105/><G34/><T104/><D104/><U117/><E117/><V53/><F71/><W93/><G127/><T118/><D133/><U67/><E73/><V95/><F7/><W20/><G105/><T3/><D118/><U64/><E83/><V25/><F91/><W131/><G131/><T18/><D47/><U113/><E89/><V119/><F119/><W12/><G109/><N who="2" m="42057" /><F17/><W122/><G122/><T54/><D19/><U22/><E99/><N who="2" m="57831" /><F25/><W1/><G36/><T23/><D94/><U56/><E69/><V134/><F134/><W81/><G93/><T116/><D116/><U121/><E121/><V68/><F68/><W50/><G81/><T90/><D90/><U92/><E92/><V11/><F11/><W97/><G97/><T78/><D78/><AGARI ba="0,0" hai="48,52,53,55,58,76,78,79" m="57831,42057" machi="78" ten="30,11600,0" yaku="14,1,10,1,54,2" doraHai="65" who="2" fromWho="0" sc="250,-116,211,0,230,116,309,0" /><INIT seed="2,1,0,4,5,70" ten="134,211,346,309" oya="2" hai0="38,46,37,56,116,103,49,14,16,23,98,11,89" hai1="51,19,108,134,62,135,13,55,20,15,45,91,61" hai2="106,47,68,63,1,50,7,71,31,83,85,95,24" hai3="53,128,97,87,130,120,30,72,35,0,112,99,114"/><V94/><F106/><W127/><G0/><T80/><D116/><U64/><E108/><V88/><F1/><W28/><G72/><T121/><D121/><U32/><E32/><V125/><F7/><W21/><G120/><T117/><D117/><U66/><E91/><V81/><F125/><W100/><G127/><T118/><D118/><U42/><E15/><V115/><F94/><W90/><G35/><T48/><D56/><N who="1" m="36935" /><E19/><V119/><F115/><N who="3" m="44075" /><G53/><T2/><D89/><U6/><E13/><V73/><F63/><W34/><G34/><T25/><D80/><U104/><E20/><V12/><F12/><W8/><G8/><T27/><D27/><U74/><E74/><V126/><F81/><N who="3" m="49519" /><G99/><T57/><D57/><N who="1" m="37167" /><E6/><V10/><F126/><W110/><G110/><T44/><D2/><U101/><E101/><V133/><F119/><W129/><G21/><T3/><D3/><U77/><E77/><V65/><F73/><W54/><G54/><T43/><D98/><U113/><E104/><AGARI ba="1,0" hai="28,30,97,100,104,128,129,130" m="49519,44075" machi="104" ten="40,2600,0" yaku="19,1,11,1" doraHai="70" who="3" fromWho="1" sc="134,0,211,-29,346,0,309,29" /><INIT seed="3,0,0,4,2,91" ten="134,182,346,338" oya="3" hai0="47,55,21,60,12,68,10,97,134,65,64,19,50" hai1="57,105,89,27,100,135,132,96,30,126,121,49,124" hai2="123,33,104,102,92,56,109,129,128,66,34,98,73" hai3="86,107,58,83,120,130,9,40,133,127,6,115,74"/><W53/><G115/><T71/><D134/><U82/><E121/><V14/><F73/><W8/><G107/><T93/><D65/><U77/><E57/><V79/><F79/><W2/><G133/><N who="1" m="51274" /><E49/><V69/><F109/><W67/><G127/><N who="1" m="48682" /><E27/><V75/><F75/><W46/><G130/><N who="2" m="50281" /><F123/><W39/><G120/><T0/><D0/><U131/><E30/><V70/><F14/><W59/><G74/><T32/><D32/><N who="2" m="12394" /><F104/><W116/><G116/><T62/><D62/><AGARI ba="0,0" hai="56,62,66,69,70,92,98,102" m="12394,50281" machi="62" ten="30,2000,0" yaku="19,1,52,1" doraHai="91" who="2" fromWho="0" sc="134,-20,182,0,346,20,338,0" /><INIT seed="4,0,0,1,0,5" ten="114,182,366,338" oya="0" hai0="64,73,71,36,116,37,12,38,77,49,35,111,67" hai1="48,129,27,22,70,21,59,76,118,84,132,31,55" hai2="131,105,117,2,103,26,39,60,112,3,119,33,93" hai3="72,86,65,81,41,98,114,94,127,102,52,11,115"/><T69/><D12/><U53/><E118/><V96/><F39/><N who="0" m="9986" /><T79/><DORA hai="10" /><D35/><U91/><E70/><N who="0" m="26633" /><D73/><U125/><E125/><V100/><F26/><W110/><G127/><T6/><D6/><U88/><E132/><V20/><F20/><W0/><G72/><T15/><D15/><U24/><E129/><V75/><F131/><W74/><G74/><T66/><D116/><U122/><E122/><V121/><F121/><W29/><G29/><T30/><D30/><N who="1" m="17679" /><E55/><V101/><F33/><W134/><G134/><T23/><D23/><U126/><E126/><V17/><F2/><W25/><G25/><T123/><D123/><U43/><E43/><V14/><F3/><W107/><G0/><T85/><D85/><U13/><E13/><V18/><F14/><W40/><G11/><T130/><D130/><U63/><E63/><V19/><F60/><W57/><G107/><T44/><D79/><U104/><E104/><V113/><F75/><W108/><G86/><T135/><D77/><U45/><E45/><V68/><F68/><W62/><G41/><N who="0" m="24719" /><D135/><U109/><E76/><V51/><F105/><W7/><G7/><T32/><D32/><U46/><E84/><V128/><F128/><W89/><G81/><T58/><D111/><U83/><E109/><V34/><F34/><W28/><G28/><T1/><D1/><U78/><E78/><V54/><F119/><W133/><G133/><T42/><D42/><N who="1" m="24663" /><E83/><V82/><F82/><W16/><G40/><T87/><D87/><U80/><E80/><V92/><F117/><W90/><G108/><T95/><D95/><RYUUKYOKU ba="0,0" sc="114,15,182,15,366,-15,338,-15" hai0="58,64,66,67" hai1="22,27,31,53,59,88,91" /><INIT seed="4,1,0,3,1,80" ten="129,197,351,323" oya="0" hai0="12,76,85,10,36,109,101,46,18,20,110,1,27" hai1="106,52,45,54,79,11,14,96,42,102,17,73,69" hai2="51,128,22,92,67,23,68,4,58,65,48,121,90" hai3="89,50,71,126,55,19,88,82,78,53,60,25,72"/><T86/><D76/><U111/><E111/><N who="0" m="42505" /><D1/><U59/><E69/><V103/><F121/><W95/><G126/><T116/><D116/><U39/><E73/><V132/><F4/><W7/><G7/><N who="0" m="3167" /><D101/><U66/><REACH who="1" step="1"/><E79/><REACH who="1" ten="129,187,351,323" step="2"/><V134/><F68/><W115/><G72/><T124/><D124/><U26/><E26/><V100/><F134/><W112/><G78/><T119/><D119/><U56/><E56/><V2/><F58/><W30/><G71/><T77/><D77/><U43/><E43/><AGARI ba="1,1" hai="18,20,27,36,43,46,85,86" m="3167,42505" machi="43" ten="30,5800,0" yaku="10,1,52,2" doraHai="80" who="0" fromWho="1" sc="129,71,187,-61,351,0,323,0" /><INIT seed="4,2,0,0,2,109" ten="200,126,351,323" oya="0" hai0="105,62,38,74,0,24,73,135,70,100,21,1,117" hai1="104,30,79,102,69,130,71,80,76,54,49,134,15" hai2="66,107,78,41,33,128,58,120,6,86,108,91,82" hai3="90,32,44,8,47,67,26,129,126,63,14,56,53"/><T11/><D117/><U4/><E130/><V114/><F108/><W124/><G129/><T118/><D118/><U10/><E134/><V19/><F120/><W61/><G90/><T50/><D38/><U75/><E30/><V16/><F107/><W13/><G26/><T133/><D50/><U125/><E125/><N who="3" m="48234" /><G32/><T51/><D51/><U94/><E104/><V112/><F128/><W65/><G14/><T40/><D40/><U3/><E79/><V28/><F41/><W45/><G63/><T132/><D62/><U122/><E122/><V31/><F6/><AGARI ba="2,0" hai="6,8,13,44,45,47,53,56,61,65,67" m="48234" machi="6" ten="30,1000,0" yaku="18,1" doraHai="109" who="3" fromWho="2" sc="200,0,126,0,351,-16,323,16" /><INIT seed="5,0,0,3,5,10" ten="200,126,335,339" oya="1" hai0="115,43,5,48,60,11,0,97,7,13,101,93,6" hai1="98,112,89,69,51,110,76,1,72,108,31,4,26" hai2="3,83,78,28,56,42,36,57,46,34,117,106,122" hai3="135,45,104,92,53,134,82,74,21,17,73,128,107"/><U116/><E116/><V132/><F122/><W114/><G114/><T130/><D115/><U100/><E112/><V49/><F106/><W109/><G109/><T59/><D130/><U18/><E69/><V118/><F132/><N who="3" m="50731" /><G128/><T12/><D0/><U54/><E89/><V66/><F3/><W129/><G129/><T125/><D125/><U119/><E119/><V84/><F34/><W15/><G92/><T14/><D11/><U20/><E76/><V65/><F28/><W40/><G53/><T70/><D70/><U2/><E72/><N who="3" m="27754" /><G82/><T133/><D133/><U99/><E99/><V64/><REACH who="2" step="1"/><F57/><REACH who="2" ten="200,126,325,339" step="2"/><W131/><G131/><T86/><D86/><U41/><E31/><V90/><F90/><W39/><AGARI ba="0,1" hai="15,17,21,39,40,45,104,107" m="27754,50731" machi="39" ten="30,2000,0" yaku="20,1,52,1" doraHai="10" who="3" fromWho="3" sc="200,-5,126,-10,325,-5,339,30" /><INIT seed="6,0,0,1,5,73" ten="195,116,320,369" oya="2" hai0="34,77,72,93,23,39,87,55,78,44,69,132,43" hai1="116,26,130,54,92,97,22,38,89,99,28,96,101" hai2="95,82,102,83,134,37,98,68,45,57,67,135,129" hai3="0,109,21,25,79,112,121,133,122,106,16,115,9"/><V75/><F68/><W107/><G79/><T48/><D34/><U113/><E116/><V58/><F129/><W84/><G84/><T33/><D33/><U88/><E130/><V128/><F128/><W76/><G76/><T74/><D69/><U8/><E113/><N who="3" m="43594" /><G109/><T63/><D132/><N who="2" m="50730" /><F75/><W5/><G133/><T60/><D93/><U32/><E38/><V42/><F67/><W53/><G53/><T124/><D87/><U118/><E118/><V61/><F61/><W94/><G94/><T103/><D103/><U71/><E71/><V11/><F11/><W117/><G117/><T40/><D72/><U29/><E8/><V12/><F12/><W111/><G111/><T27/><D39/><U105/><E54/><V3/><F3/><W64/><G64/><T30/><D74/><U1/><E1/><V100/><F100/><W125/><G125/><T70/><D124/><U52/><E89/><V91/><F91/><W62/><G62/><N who="0" m="23595" /><D70/><U127/><E127/><V51/><F37/><W108/><G108/><T10/><D10/><U41/><E41/><AGARI ba="0,0" hai="23,27,30,40,41,43,44,48,55,77,78" m="23595" machi="41" ten="30,3900,0" yaku="8,1,52,2" doraHai="73" who="0" fromWho="1" sc="195,39,116,-39,320,0,369,0" /><INIT seed="7,0,0,5,3,126" ten="234,77,320,369" oya="3" hai0="120,88,34,98,77,27,105,11,5,71,63,46,82" hai1="8,6,43,67,44,84,75,24,38,103,39,15,65" hai2="135,56,41,58,124,23,30,40,28,117,132,125,52" hai3="31,114,81,48,74,26,102,7,9,122,49,92,121"/><W36/><G36/><T115/><D120/><U21/><E75/><V110/><F110/><W111/><G121/><T131/><D46/><U4/><E39/><V69/><F69/><W97/><G122/><T86/><D27/><U106/><E106/><V100/><F100/><W32/><G114/><T93/><D34/><U66/><E103/><V19/><F117/><W89/><G111/><T62/><D71/><U22/><E24/><V95/><F95/><W116/><G116/><T1/><D115/><U35/><E35/><V53/><F23/><W79/><G102/><T55/><D55/><U29/><E29/><V91/><F91/><W133/><G133/><T112/><D112/><U118/><E6/><V85/><F85/><W59/><G59/><T87/><D87/><U94/><E38/><V14/><F14/><AGARI ba="0,0" hai="7,9,14,26,31,32,48,49,74,79,81,89,92,97" machi="14" ten="30,1500,0" yaku="7,1" doraHai="126" who="3" fromWho="2" sc="234,0,77,0,320,-15,369,15" owari="234,-16.6,77,-42.3,305,10.5,384,48.4" /></mjloggm>