<mjloggm ver="2.3"><GO type="225" lobby="0"/><UN n0="%E3%82%A2%E3%83%9E%E3%83%9D%EF%BD%9E%EF%BD%9E%E3%83%A9" n1="%E3%81%A4%E3%81%A3%E3%81%B1%E3%82%8A%E3%83%9D%E3%83%BC%E3%83%AB" n2="%E7%B4%94%E6%BD%94%E3%83%94%E3%83%A9%E3%83%8B%E3%82%A2" n3="%72%61%6B%33" dan="17,17,16,16" rate="2112.84,2166.45,2164.28,2077.02" sx="M,M,M,M"/><TAIKYOKU oya="0"/><INIT seed="0,0,0,0,2,117" ten="250,250,250,250" oya="0" hai0="72,19,107,125,71,4,2,129,114,124,6,116,82" hai1="61,56,69,64,18,97,35,50,119,31,60,133,84" hai2="99,37,92,30,43,110,130,67,78,10,134,135,33" hai3="9,96,11,79,46,40,7,83,98,22,14,36,86"/><T70/><D116/><U95/><E119/><V21/><F110/><W85/><G22/><T23/><D107/><U1/><E133/><N who="2" m="50699" /><F67/><W42/><G42/><T66/><D114/><U15/><E1/><V94/><F33/><W39/><G39/><T25/><D129/><U68/><E50/><V112/><F112/><W87/><REACH who="3" step="1"/><G11/><REACH who="3" ten="250,250,250,240" step="2"/><T29/><D23/><U52/><E35/><V131/><F10/><W27/><G27/><T90/><D25/><U24/><E24/><V91/><F43/><W120/><G120/><T47/><D125/><U89/><E31/><V3/><F37/><W65/><G65/><T57/><D66/><U109/><E109/><V115/><F21/><W102/><G102/><T26/><D124/><U128/><E128/><V122/><F30/><W121/><G121/><T48/><D26/><U81/><E69/><V54/><F122/><W100/><G100/><T88/><D29/><U53/><E53/><V101/><F54/><W73/><AGARI ba="0,1" hai="7,9,14,36,40,46,73,79,83,85,86,87,96,98" machi="73" ten="30,2000,0" yaku="1,1,0,1,53,0" doraHai="117" doraHaiUra="123" who="3" fromWho="3" sc="250,-10,250,-5,250,-5,240,30" /><INIT seed="1,0,0,1,4,82" ten="240,245,245,270" oya="1" hai0="18,10,7,98,90,49,63,19,64,33,78,51,37" hai1="108,99,35,21,65,93,103,36,5,133,8,23,20" hai2="54,27,34,9,62,30,94,40,41,61,120,121,3" hai3="68,48,100,32,44,128,122,46,74,70,14,55,101"/><U80/><E133/><V96/><F40/><W97/><G122/><T77/><D33/><U129/><E129/><V47/><F3/><W42/><G128/><T24/><D37/><U110/><E35/><V83/><F9/><W117/><G74/><T88/><D24/><U124/><E124/><V11/><F11/><W125/><G125/><T38/><D38/><U26/><E36/><V89/><F83/><W106/><G117/><T111/><D111/><N who="1" m="42539" /><E65/><V75/><F75/><W60/><G32/><T67/><D10/><U43/><E43/><V45/><F41/><W81/><G101/><T118/><D98/><U12/><E80/><V0/><F0/><W28/><G81/><T4/><REACH who="0" step="1"/><D63/><REACH who="0" ten="230,245,245,270" step="2"/><U105/><E105/><V113/><F113/><W6/><G60/><T109/><D109/><U16/><AGARI ba="0,1" hai="5,8,12,16,20,21,23,26,93,99,103" m="42539" machi="16" ten="30,6000,0" yaku="14,1,10,1,54,1" doraHai="82" who="1" fromWho="1" sc="230,-20,245,70,245,-20,270,-20" /><INIT seed="1,1,0,1,5,11" ten="210,315,225,250" oya="1" hai0="130,98,104,128,105,34,116,41,109,25,46,1,67" hai1="135,73,131,21,108,134,27,90,37,3,72,29,59" hai2="24,94,20,97,125,88,126,92,50,8,113,61,122" hai3="22,70,14,17,118,12,69,64,57,40,52,80,31"/><U66/><E131/><N who="0" m="50217" /><D116/><U119/><E119/><V123/><F50/><W63/><G118/><T13/><D1/><U49/><E37/><V79/><F113/><W120/><G120/><T74/><D74/><U26/><E3/><V10/><F79/><W48/><G70/><T54/><D67/><U18/><E108/><V0/><F92/><W86/><G31/><N who="0" m="19823" /><D54/><N who="1" m="32207" /><E90/><V91/><F91/><W42/><REACH who="3" step="1"/><G14/><REACH who="3" ten="210,315,225,240" step="2"/><T35/><D109/><U44/><E29/><V19/><F122/><W117/><G117/><T43/><D35/><U58/><E135/><V95/><F123/><W93/><G93/><T87/><D105/><U68/><E134/><V16/><F94/><W9/><G9/><T5/><D104/><U89/><E68/><V129/><F129/><W51/><G51/><T45/><D13/><U2/><E2/><V82/><F82/><W103/><G103/><T6/><D6/><U101/><E101/><V121/><F121/><W76/><AGARI ba="1,1" hai="12,17,22,40,42,48,52,57,63,64,69,76,80,86" machi="76" ten="20,8000,1" yaku="1,1,0,1,7,1,52,1,54,1,53,0" doraHai="11" doraHaiUra="99" who="3" fromWho="3" sc="210,-21,315,-41,225,-21,240,93" /><INIT seed="2,0,0,4,4,52" ten="189,274,204,333" oya="2" hai0="72,44,114,95,39,65,49,130,89,118,60,46,18" hai1="54,125,69,103,83,14,56,25,88,20,16,108,61" hai2="41,21,116,85,105,6,92,64,134,112,13,19,119" hai3="71,100,59,124,67,122,51,26,32,120,128,123,62"/><V86/><F105/><W121/><G121/><T97/><D114/><U91/><E108/><V129/><F112/><W126/><G100/><T74/><D130/><U36/><E36/><V102/><F129/><W87/><G128/><T94/><D118/><U77/><E125/><N who="3" m="48234" /><G87/><T7/><D7/><U70/><E103/><V2/><F41/><W37/><G37/><T101/><D18/><U110/><E110/><V58/><F134/><W113/><G113/><T79/><D79/><U3/><E3/><V34/><F34/><W111/><G111/><T38/><D74/><U66/><E25/><V82/><F2/><W10/><G10/><T132/><D72/><U84/><E70/><V33/><F33/><W98/><G98/><T1/><D1/><U15/><E15/><V106/><F106/><W24/><G32/><T63/><D63/><AGARI ba="0,0" hai="14,16,20,54,56,61,63,66,69,77,83,84,88,91" machi="63" ten="30,7700,0" yaku="7,1,52,1,54,2" doraHai="52" who="1" fromWho="0" sc="189,-77,274,77,204,0,333,0" /><INIT seed="3,0,0,1,3,36" ten="112,351,204,333" oya="3" hai0="124,131,82,46,106,117,61,4,19,113,5,121,35" hai1="52,97,112,80,7,38,25,125,58,56,48,2,18" hai2="3,9,23,88,51,65,116,135,103,22,67,44,83" hai3="118,15,87,85,109,64,42,99,47,32,71,26,41"/><W55/><G118/><T8/><D106/><U17/><E38/><V107/><F103/><W59/><G109/><T120/><D117/><U62/><E112/><V127/><F23/><W126/><G126/><T60/><D113/><U27/><E125/><V12/><F107/><W110/><G110/><T114/><D114/><U33/><E33/><V21/><F135/><W104/><G71/><T57/><D35/><U14/><E2/><V40/><F3/><W72/><G72/><T69/><D124/><U95/><E80/><V28/><F116/><W53/><G64/><T119/><D119/><U34/><E7/><V39/><F39/><W134/><G134/><T49/><D69/><U20/><E18/><V77/><F22/><W133/><G133/><T84/><D131/><U31/><E27/><V115/><F115/><W101/><G15/><T75/><D75/><U132/><E132/><V122/><F122/><W105/><G105/><T54/><D121/><U78/><E78/><V24/><F127/><W13/><G13/><T93/><D120/><U1/><E1/><V50/><F50/><W45/><G45/><T63/><D93/><U16/><E14/><V102/><F102/><W128/><G128/><T79/><D19/><U76/><E76/><V81/><F77/><W130/><G130/><T98/><D98/><U66/><E34/><V108/><F108/><W68/><G68/><T11/><D46/><U73/><E73/><V0/><F0/><W94/><G104/><T91/><REACH who="0" step="1"/><D79/><REACH who="0" ten="102,351,204,333" step="2"/><U123/><E123/><V89/><F44/><W29/><G47/><T30/><D30/><RYUUKYOKU ba="0,1" sc="102,15,351,15,204,-15,333,-15" hai0="4,5,8,11,49,54,57,60,61,63,82,84,91" hai1="16,17,20,25,31,48,52,56,58,62,66,95,97" owari="117,-38.3,376,47.6,189,-21.1,318,11.8" /></mjloggm>