<mjloggm ver="2.3"><GO type="169" lobby="0"/><UN n0="%E3%82%B7%E3%83%AB%E3%83%90%E3%83%BC%E3%83%96%E3%83%AC%E3%83%83%E3%83%88" n1="%65%76%31%36%33%38%34" n2="%E4%BA%9C%E6%9C%88" n3="%E3%82%89%E3%81%84%E3%81%B5%E3%81%8C%E3%83%BC%E3%81%A9%E3%81%99%E3%81%8D" dan="16,17,17,17" rate="2198.67,2150.03,2182.81,2085.35" sx="M,M,M,M"/><TAIKYOKU oya="0"/><INIT seed="0,0,0,4,4,39" ten="250,250,250,250" oya="0" hai0="78,60,38,2,84,47,125,70,25,76,41,32,103" hai1="6,97,105,116,113,48,61,37,16,55,118,34,90" hai2="91,124,108,10,42,23,53,40,44,24,12,96,102" hai3="77,99,109,115,71,7,119,3,126,63,86,46,79"/><T29/><D125/><U89/><E37/><V14/><F108/><W11/><G115/><T73/><D73/><U64/><E34/><V112/><F112/><W74/><G119/><T128/><D2/><U106/><E6/><V30/><F124/><W58/><G126/><T65/><D128/><U4/><E4/><V52/><F14/><W111/><G71/><T129/><D129/><U100/><E113/><V127/><F127/><W114/><G114/><T21/><D84/><U132/><E106/><V18/><F91/><W28/><G74/><T43/><D41/><N who="2" m="15978" /><F44/><W13/><G13/><T69/><D70/><U107/><E107/><V104/><F104/><W17/><G79/><T117/><D117/><U88/><E132/><V15/><F15/><W94/><G77/><T110/><D110/><U50/><E118/><V56/><F56/><W75/><G46/><T81/><D103/><U85/><E116/><V83/><F83/><W36/><G36/><T62/><D32/><U68/><E90/><V95/><AGARI ba="0,0" hai="10,12,18,23,24,30,52,53,95,96,102" m="15978" machi="95" ten="30,8000,1" yaku="8,1,52,3,54,1" doraHai="39" who="2" fromWho="2" sc="250,-40,250,-20,250,80,250,-20" /><INIT seed="1,0,0,4,3,49" ten="210,230,330,230" oya="1" hai0="56,132,93,23,12,77,81,98,1,72,30,48,75" hai1="29,51,76,124,120,39,59,9,111,95,109,128,3" hai2="22,7,135,4,79,65,13,52,32,88,16,33,126" hai3="37,8,78,68,121,133,89,46,17,24,107,90,42"/><U84/><E39/><V53/><F126/><W70/><G121/><T41/><D1/><U35/><E120/><V2/><F135/><W47/><G133/><T67/><D132/><U83/><E124/><V99/><F79/><W106/><G78/><T18/><D30/><U91/><E128/><V96/><F65/><W61/><G8/><T101/><D41/><U130/><E130/><V40/><F40/><W125/><G125/><T82/><D82/><U102/><E102/><V118/><F118/><W110/><G110/><T134/><D134/><U116/><E116/><V115/><F115/><W62/><G42/><T57/><D57/><U108/><E29/><V28/><F33/><W94/><G94/><T114/><D114/><U5/><E35/><V129/><F129/><W19/><REACH who="3" step="1"/><G24/><REACH who="3" ten="210,230,330,220" step="2"/><T55/><REACH who="0" step="1"/><D67/><REACH who="0" ten="200,230,330,220" step="2"/><U92/><REACH who="1" step="1"/><E76/><REACH who="1" ten="200,220,330,220" step="2"/><V20/><F28/><W27/><G27/><T80/><D80/><U60/><E60/><V38/><F38/><AGARI ba="0,3" hai="17,19,37,38,46,47,61,62,68,70,89,90,106,107" machi="38" ten="25,3200,0" yaku="1,1,22,2,53,0" doraHai="49" doraHaiUra="44" who="3" fromWho="2" sc="200,0,220,0,330,-32,220,62" /><INIT seed="2,0,0,4,0,111" ten="200,220,298,282" oya="2" hai0="76,108,44,128,87,96,121,4,98,17,13,62,14" hai1="54,100,123,88,40,18,30,1,11,67,68,122,28" hai2="27,124,55,104,82,15,130,81,63,29,78,53,89" hai3="97,20,126,37,43,9,35,25,103,46,92,61,131"/><V110/><F104/><W49/><G131/><T10/><D108/><U48/><E40/><V118/><F118/><W134/><G126/><T105/><D121/><N who="1" m="46091" /><E100/><V21/><F110/><W31/><G134/><T47/><D128/><U101/><E101/><V71/><F124/><W59/><G9/><T77/><D62/><N who="1" m="40055" /><E88/><V65/><F130/><W22/><REACH who="3" step="1"/><G37/><REACH who="3" ten="200,220,298,272" step="2"/><T52/><D10/><U93/><E11/><V19/><F81/><W38/><G38/><T60/><D4/><U133/><E133/><V51/><F82/><W107/><G107/><T75/><D105/><U0/><E0/><V58/><F78/><W6/><G6/><T39/><D39/><U66/><E1/><V115/><F71/><W116/><G116/><T113/><D77/><U7/><E7/><V33/><F33/><W132/><G132/><T36/><D36/><U79/><E79/><V26/><F21/><W95/><G95/><T112/><D76/><U23/><E93/><V16/><F29/><W50/><G50/><T85/><D17/><U3/><E3/><V34/><F51/><W74/><G74/><T80/><D80/><U109/><E109/><V2/><F34/><W94/><G94/><T102/><D75/><U135/><E135/><V56/><F2/><W41/><G41/><T127/><D127/><U119/><E119/><V83/><F19/><W114/><G114/><T120/><D120/><U42/><E42/><V117/><F16/><W5/><G5/><T72/><D72/><U64/><E30/><V73/><F117/><W12/><G12/><T129/><D129/><U106/><E28/><RYUUKYOKU ba="0,1" sc="200,-10,220,-10,298,-10,272,30" hai3="20,22,25,31,35,43,46,49,59,61,92,97,103" /><INIT seed="3,1,1,1,3,113" ten="190,210,288,302" oya="3" hai0="62,47,67,4,56,111,53,76,108,17,63,72,129" hai1="41,5,54,135,71,25,106,65,24,66,61,52,132" hai2="27,127,14,49,121,96,7,23,115,94,86,73,125" hai3="107,9,118,80,133,35,92,110,19,134,112,30,36"/><W95/><G112/><T34/><D34/><U131/><E106/><V46/><F73/><W126/><G107/><T11/><D17/><U45/><E5/><V83/><F115/><W31/><G126/><N who="2" m="48137" /><F14/><N who="3" m="7631" /><G36/><T43/><D129/><U100/><E100/><V60/><F60/><W16/><G80/><T21/><D21/><U18/><E131/><V104/><F7/><W12/><G110/><T51/><D76/><U37/><E66/><V114/><F121/><W101/><G101/><T0/><REACH who="0" step="1"/><D72/><REACH who="0" ten="180,210,288,302" step="2"/><U74/><E74/><V58/><F23/><N who="3" m="11655" /><G35/><T59/><AGARI ba="1,2" hai="0,4,11,43,47,51,53,56,59,62,63,67,108,111" machi="59" ten="30,2000,0" yaku="1,1,0,1,53,0" doraHai="113" doraHaiUra="69" who="0" fromWho="0" sc="180,43,210,-6,288,-6,302,-11" /><INIT seed="4,0,0,0,2,61" ten="223,204,282,291" oya="0" hai0="101,73,125,135,9,79,123,31,129,8,84,95,36" hai1="124,102,6,85,16,50,54,52,99,55,44,32,91" hai2="12,2,127,90,37,108,15,14,76,88,18,64,110" hai3="130,60,98,58,106,111,5,67,107,121,25,126,78"/><T56/><D123/><U45/><E32/><V41/><F2/><W82/><G111/><T46/><D129/><U30/><E30/><V62/><F127/><W134/><G126/><T10/><D135/><U47/><E124/><V28/><F28/><W43/><G134/><T57/><D125/><U133/><E6/><V34/><F34/><W65/><G130/><T75/><D31/><U20/><E133/><V103/><F76/><W80/><G43/><T53/><D75/><U1/><E1/><V100/><F18/><W7/><G121/><T49/><D73/><U51/><E99/><V35/><F35/><W97/><G60/><T71/><D71/><U117/><E102/><V104/><F41/><W24/><G58/><N who="0" m="22635" /><D36/><U19/><E117/><V63/><F37/><W48/><G48/><N who="1" m="18474" /><E20/><V42/><F42/><W23/><G78/><T105/><D105/><U115/><E115/><V112/><F112/><W119/><REACH who="3" step="1"/><G23/><REACH who="3" ten="223,204,282,281" step="2"/><T120/><D120/><U26/><E26/><V92/><F110/><W109/><G109/><T21/><D21/><U74/><E74/><V13/><F108/><W94/><G94/><AGARI ba="0,1" hai="16,19,44,45,47,52,54,55,85,91,94" m="18474" machi="94" ten="30,3900,0" yaku="8,1,54,2" doraHai="61" who="1" fromWho="3" sc="223,0,204,49,282,0,281,-39" /><INIT seed="5,0,0,2,2,97" ten="223,253,282,242" oya="1" hai0="111,89,104,120,65,80,100,12,19,17,96,20,61" hai1="72,73,23,91,58,99,46,77,48,135,95,57,62" hai2="6,126,5,47,36,22,24,131,88,11,83,41,45" hai3="86,109,87,27,67,92,84,107,124,38,127,15,0"/><U26/><E135/><V53/><F131/><W64/><G0/><T116/><D111/><U14/><E14/><V105/><F126/><N who="3" m="48171" /><G107/><T8/><D116/><U28/><E77/><V114/><F105/><W103/><G38/><T74/><D120/><U1/><E1/><V35/><F35/><W129/><G109/><T2/><D2/><U134/><E134/><V82/><F114/><W121/><G121/><T40/><D40/><U119/><E119/><V76/><F11/><W63/><G129/><T4/><D20/><U43/><REACH who="1" step="1"/><E58/><REACH who="1" ten="223,243,282,242" step="2"/><V29/><F76/><W37/><G15/><T30/><D74/><U106/><E106/><V122/><F122/><W7/><G7/><T42/><D4/><U56/><E56/><V94/><F5/><W115/><G115/><T3/><D3/><U21/><E21/><V117/><F6/><W71/><G27/><T69/><D12/><U102/><E102/><V49/><F117/><W60/><G37/><T16/><D8/><U18/><E18/><V25/><F25/><W39/><G39/><T33/><D19/><U34/><E34/><V59/><F59/><N who="3" m="36895" /><G103/><T93/><D104/><U133/><E133/><V31/><F31/><W10/><G10/><T112/><D112/><U70/><E70/><V98/><AGARI ba="0,1" hai="22,24,29,36,41,45,47,49,53,82,83,88,94,98" machi="98" ten="20,2700,0" yaku="0,1,7,1,54,1" doraHai="97" who="2" fromWho="2" sc="223,-7,243,-13,282,37,242,-7" /><INIT seed="6,0,0,4,1,78" ten="216,230,319,235" oya="2" hai0="97,34,64,116,13,11,81,45,9,108,95,75,72" hai1="118,31,101,92,41,84,57,106,20,59,89,26,127" hai2="124,129,51,82,42,105,130,14,24,52,29,62,74" hai3="102,27,48,66,100,94,86,49,113,76,80,103,18"/><V2/><F2/><W25/><G113/><T68/><D108/><U121/><E118/><V36/><F105/><W10/><G66/><T47/><D34/><U65/><E121/><V0/><F0/><W60/><G60/><T5/><D116/><U87/><E127/><V40/><F124/><W77/><G77/><T107/><D107/><U37/><E37/><V120/><F120/><W16/><G94/><T69/><D64/><U6/><E6/><V15/><F62/><W43/><G10/><T112/><D112/><U3/><E41/><V125/><F125/><W123/><G123/><T8/><D13/><U38/><E38/><V61/><F61/><W33/><G33/><T73/><D5/><U44/><E44/><N who="0" m="16969" /><D95/><U117/><E117/><V79/><F14/><W131/><G131/><N who="2" m="50185" /><F15/><W96/><G43/><T132/><D97/><U35/><E3/><V115/><F115/><W28/><G96/><T58/><D58/><U135/><E59/><N who="2" m="33183" /><F36/><W63/><G63/><T46/><N who="0" m="16977" /><T67/><DORA hai="134" /><D67/><U1/><E65/><V7/><F7/><W88/><G49/><T133/><D81/><U22/><E57/><V12/><F12/><W111/><G48/><T126/><D126/><U23/><E1/><V30/><F42/><W71/><G71/><AGARI ba="0,0" hai="8,9,11,68,69,71,72,73,75,132,133" m="16977" machi="71" ten="50,3200,0" yaku="28,2" doraHai="78,134" who="0" fromWho="3" sc="216,32,230,0,319,0,235,-32" /><INIT seed="7,0,0,5,0,133" ten="248,230,319,203" oya="3" hai0="66,21,125,42,40,47,119,88,73,6,104,50,4" hai1="117,10,90,68,63,134,0,111,61,23,128,18,130" hai2="103,41,45,106,9,60,12,110,107,84,38,37,94" hai3="11,17,101,5,22,121,13,8,54,53,43,109,96"/><W116/><G121/><T100/><D125/><U49/><E111/><V69/><F38/><W67/><G109/><T72/><D66/><U29/><E134/><V83/><F103/><W36/><G116/><T16/><D119/><U59/><E117/><V81/><F94/><W15/><G67/><T92/><D100/><U75/><E75/><V102/><F102/><W64/><G64/><T33/><D33/><U62/><E29/><V129/><F69/><W126/><G126/><T80/><D104/><U65/><E90/><V51/><F60/><W86/><G86/><N who="0" m="50247" /><D73/><U95/><E95/><V44/><F83/><W14/><G43/><N who="0" m="24959" /><D92/><U87/><E10/><V97/><F107/><W98/><G36/><T99/><D99/><N who="3" m="37929" /><G101/><T124/><D72/><U27/><E87/><V127/><F97/><W114/><G114/><T7/><D124/><U115/><E0/><V120/><F127/><W132/><G132/><T1/><D1/><U20/><E115/><V25/><F106/><W93/><G93/><T32/><D32/><U70/><E70/><V118/><F118/><W112/><G112/><T82/><D82/><U56/><E68/><V48/><F110/><W39/><G39/><T30/><D30/><N who="1" m="17767" /><E65/><V71/><F37/><W77/><G77/><T78/><D78/><U3/><E3/><V85/><F71/><W108/><G108/><T19/><D19/><AGARI ba="0,0" hai="5,8,11,13,14,15,17,19,22,53,54" m="37929" machi="19" ten="30,1500,0" yaku="8,1" doraHai="133" who="3" fromWho="0" sc="248,-15,230,0,319,0,203,15" /><INIT seed="7,1,0,1,2,40" ten="233,230,319,218" oya="3" hai0="94,112,117,121,131,111,71,92,82,63,119,134,104" hai1="124,17,74,13,80,14,87,44,41,72,6,101,93" hai2="81,76,11,27,29,28,62,116,49,68,51,25,126" hai3="15,67,114,77,123,7,4,48,50,10,58,22,125"/><W84/><G123/><T8/><D8/><U32/><E32/><V37/><F37/><W34/><G125/><T65/><D104/><U129/><E124/><V110/><F116/><N who="0" m="44618" /><D94/><U61/><E129/><V55/><F110/><W90/><G114/><T39/><D92/><U30/><E30/><V100/><F100/><W128/><G128/><T42/><D82/><U95/><E61/><V57/><F68/><W98/><G34/><T18/><D18/><U115/><E115/><V132/><F11/><W96/><G77/><T113/><D131/><U88/><E6/><V20/><F81/><N who="3" m="49423" /><G7/><T12/><D12/><U5/><E5/><V60/><F76/><W89/><G22/><T73/><D73/><U78/><E74/><V135/><F126/><W16/><G4/><T21/><D21/><U86/><E17/><V91/><F20/><W31/><G31/><T103/><D103/><U56/><E56/><V66/><F29/><W1/><G1/><T53/><D121/><U54/><E54/><V59/><F28/><W19/><G19/><T105/><D53/><U26/><E26/><V64/><F55/><W97/><G89/><AGARI ba="1,0" hai="25,27,49,51,57,59,60,62,64,66,89,91,132,135" machi="89" ten="25,1600,0" yaku="22,2" doraHai="40" who="2" fromWho="3" sc="233,0,230,0,319,19,218,-19" owari="233,3.3,230,-17.0,338,43.8,199,-30.1" /></mjloggm>