<mjloggm ver="2.3"><GO type="169" lobby="0"/><UN n0="%E7%A5%9E%E3%81%AE%E5%8F%B3%E5%B8%AD" n1="%63%6C%75%74%63%68%37%33" n2="%46%E5%92%B8%E9%AD%9A%E5%92%B8%E9%AD%9A%E5%92%B8" n3="%6B%61%77%61%69%31%32" dan="16,17,16,16" rate="2146.83,2271.46,2067.85,2088.45" sx="M,M,M,M"/><TAIKYOKU oya="0"/><INIT seed="0,0,0,0,5,113" ten="250,250,250,250" oya="0" hai0="99,1,106,14,97,65,82,37,42,108,90,23,112" hai1="102,49,117,111,46,133,41,104,79,0,118,73,120" hai2="134,20,129,122,119,56,54,17,28,94,62,123,58" hai3="114,116,52,68,47,30,128,12,13,48,64,16,9"/><T32/><D32/><U88/><E120/><V125/><F129/><W21/><G114/><T110/><D1/><U91/><E111/><N who="0" m="42537" /><D112/><U109/><E109/><V100/><F134/><W60/><G128/><T103/><D65/><U71/><E133/><V78/><F125/><W8/><G116/><T126/><D126/><U89/><E71/><V135/><F135/><W39/><G30/><T72/><D42/><U5/><E102/><V55/><F28/><W40/><REACH who="3" step="1"/><G13/><REACH who="3" ten="250,250,250,240" step="2"/><T74/><D14/><U10/><REACH who="1" step="1"/><E104/><REACH who="1" ten="250,240,250,240" step="2"/><V127/><F122/><W115/><G115/><T69/><D106/><U105/><E105/><V80/><F123/><W98/><G98/><T132/><D99/><U131/><E131/><V92/><F127/><W18/><G18/><T85/><D132/><U76/><E76/><V22/><F17/><W67/><G67/><T25/><D97/><U15/><E15/><V44/><F78/><W61/><G61/><T35/><D103/><U19/><E19/><V59/><F100/><W107/><G107/><T121/><D121/><U81/><AGARI ba="0,2" hai="0,5,10,41,46,49,73,79,81,88,89,91,117,118" machi="81" ten="30,16000,3" yaku="1,1,0,1,52,2,54,1,53,3" doraHai="113" doraHaiUra="86" who="1" fromWho="1" sc="250,-80,240,180,250,-40,240,-40" /><INIT seed="1,0,0,3,2,128" ten="170,420,210,200" oya="1" hai0="80,3,53,26,76,48,77,66,47,54,132,73,8" hai1="86,120,115,34,100,96,108,46,39,82,116,119,70" hai2="84,49,129,50,97,81,110,7,11,62,25,63,40" hai3="101,5,44,1,89,92,121,67,14,21,0,91,33"/><U135/><E70/><V31/><F110/><W9/><G33/><T71/><D77/><U133/><E34/><V72/><F72/><W12/><G121/><T58/><D71/><U112/><E39/><V65/><F97/><W18/><G67/><T51/><D66/><U59/><E59/><V32/><F40/><W19/><G101/><T87/><D73/><U107/><E46/><V24/><F24/><W57/><G57/><T118/><D118/><N who="1" m="45099" /><E120/><V88/><F129/><W94/><G44/><T20/><D3/><U10/><E10/><V113/><F113/><N who="1" m="43593" /><E108/><V127/><F127/><W69/><G69/><T36/><D8/><U38/><E38/><V106/><F106/><W124/><G124/><T43/><D36/><U111/><E111/><V102/><F102/><W45/><G45/><T35/><D35/><U52/><E52/><V117/><F117/><W123/><G123/><T41/><REACH who="0" step="1"/><D132/><REACH who="0" ten="160,420,210,200" step="2"/><U90/><AGARI ba="0,1" hai="82,86,90,96,100,107,133,135" m="43593,45099" machi="90" ten="40,12000,1" yaku="34,2,52,2" doraHai="128" who="1" fromWho="1" sc="160,-40,420,130,210,-40,200,-40" /><INIT seed="1,1,0,4,4,2" ten="120,550,170,160" oya="1" hai0="76,39,46,17,104,47,65,54,11,113,40,121,26" hai1="25,37,106,52,122,23,69,105,66,36,116,51,32" hai2="45,128,19,126,101,57,38,89,60,87,13,75,18" hai3="74,82,41,44,70,48,56,34,16,83,63,62,93"/><U49/><E122/><V97/><F75/><W35/><G70/><T1/><D104/><U15/><E116/><V92/><F128/><W90/><G63/><T7/><D113/><U28/><E51/><V100/><F126/><W102/><G102/><T108/><D108/><U119/><E119/><V84/><F101/><W3/><G3/><T132/><D65/><U71/><E71/><V109/><F109/><W22/><G34/><T103/><D103/><U114/><E114/><V135/><F135/><W20/><G35/><T123/><D76/><U67/><E67/><V117/><F117/><W111/><G22/><T4/><D132/><U59/><E106/><V129/><F129/><W118/><G118/><T78/><D78/><U43/><E43/><V112/><F112/><W64/><G74/><T80/><D80/><U5/><E105/><V8/><F19/><W12/><REACH who="3" step="1"/><G111/><REACH who="3" ten="120,550,170,150" step="2"/><T130/><D130/><U27/><E69/><V85/><F100/><W77/><G77/><T9/><D121/><U42/><E66/><V98/><F60/><W33/><G33/><T120/><D120/><U88/><E88/><V127/><F89/><W6/><G6/><T96/><D123/><U81/><E5/><V30/><F127/><W68/><G68/><T73/><D73/><U10/><E23/><V99/><F8/><N who="0" m="3146" /><D1/><U133/><E10/><V115/><F115/><W131/><G131/><T14/><D7/><U110/><E32/><V53/><F92/><W61/><G61/><T31/><D4/><U124/><E124/><V29/><F57/><W86/><AGARI ba="1,1" hai="12,16,20,41,44,48,56,62,64,82,83,86,90,93" machi="86" ten="20,8000,1" yaku="1,1,0,1,7,1,8,1,54,1,53,0" doraHai="2" doraHaiUra="95" who="3" fromWho="3" sc="120,-21,550,-41,170,-21,150,93" /><INIT seed="2,0,0,3,0,84" ten="99,509,149,243" oya="2" hai0="28,45,69,14,24,92,110,133,63,34,47,39,59" hai1="15,115,31,8,101,135,58,114,121,16,126,42,26" hai2="127,43,32,38,11,64,122,40,116,80,86,97,19" hai3="62,20,33,123,72,73,89,131,65,49,77,83,117"/><V90/><F122/><W76/><G33/><T35/><D110/><U91/><E101/><V98/><F116/><W30/><G117/><T61/><D133/><U50/><E135/><V29/><F127/><W106/><G106/><T27/><D14/><U82/><E126/><V94/><F98/><W129/><G123/><T18/><D39/><U78/><E121/><V1/><F38/><W124/><G124/><T75/><D75/><U60/><E50/><V108/><F108/><W46/><G20/><T71/><D92/><U3/><E42/><V23/><F64/><W67/><G30/><T21/><D35/><U66/><E3/><V7/><F29/><W119/><G119/><T22/><D34/><U130/><E91/><V55/><F55/><W25/><G25/><T70/><REACH who="0" step="1"/><D63/><REACH who="0" ten="89,509,149,243" step="2"/><U125/><E125/><V56/><F32/><W96/><G62/><T0/><D0/><U105/><E105/><V113/><F113/><W9/><G73/><T6/><D6/><U103/><E115/><V88/><REACH who="2" step="1"/><F56/><REACH who="2" ten="89,509,139,243" step="2"/><W93/><G131/><T54/><AGARI ba="0,2" hai="18,21,22,24,27,28,45,47,54,59,61,69,70,71" machi="54" ten="30,4000,0" yaku="1,1,0,1,53,1" doraHai="84" doraHaiUra="57" who="0" fromWho="0" sc="89,60,509,-10,139,-20,243,-10" /><INIT seed="3,0,0,2,4,24" ten="149,499,119,233" oya="3" hai0="95,43,103,61,112,9,0,98,5,35,114,82,64" hai1="23,51,106,91,45,83,20,125,80,40,25,54,100" hai2="86,12,111,76,78,121,44,47,134,70,96,127,38" hai3="49,123,122,65,129,6,19,69,128,88,104,113,62"/><W1/><G104/><T89/><D35/><U84/><E125/><V107/><F111/><W29/><G19/><T108/><D108/><U133/><E133/><V8/><F70/><W124/><G113/><N who="0" m="43627" /><D43/><U79/><E106/><V71/><F71/><W135/><G135/><T99/><D82/><U102/><E40/><V101/><F134/><W105/><G105/><N who="0" m="63735" /><D61/><U72/><E23/><V94/><F127/><W21/><G124/><T15/><D64/><U37/><E37/><V73/><F121/><W52/><G6/><T18/><D18/><AGARI ba="0,0" hai="18,20,25,45,51,54,72,79,80,83,84,91,100,102" machi="18" ten="30,1000,0" yaku="7,1" doraHai="24" who="1" fromWho="0" sc="149,-10,499,10,119,0,233,0" /><INIT seed="4,0,0,2,0,59" ten="139,509,119,233" oya="0" hai0="84,5,75,34,128,61,117,70,51,115,74,17,102" hai1="23,58,63,110,113,111,7,24,109,120,132,124,71" hai2="93,30,50,78,104,119,116,52,97,129,22,0,73" hai3="134,20,112,46,12,122,88,39,72,81,107,37,114"/><T18/><D117/><N who="2" m="45130" /><F0/><W85/><G107/><T43/><D34/><U28/><E120/><V53/><F129/><W38/><G134/><T82/><D128/><U33/><E71/><V9/><F104/><W69/><G69/><T42/><D102/><U15/><E132/><V131/><F131/><W101/><G122/><T87/><D5/><U100/><E100/><N who="2" m="60463" /><F9/><W57/><G101/><T83/><D70/><U56/><E56/><V99/><F99/><W27/><G72/><T76/><D51/><U96/><E96/><V8/><F8/><W29/><G12/><T1/><D1/><U64/><E124/><V106/><F106/><W77/><G77/><T31/><D31/><U6/><E113/><N who="3" m="43626" /><G57/><T127/><D115/><U45/><E45/><AGARI ba="0,0" hai="20,27,29,37,38,39,45,46,81,85,88" m="43626" machi="45" ten="40,2600,0" yaku="15,1,54,1" doraHai="59" who="3" fromWho="1" sc="139,0,509,-26,119,0,233,26" /><INIT seed="5,0,0,4,1,4" ten="139,483,119,259" oya="1" hai0="118,116,122,42,106,47,129,23,5,85,80,111,28" hai1="67,48,70,105,131,103,81,16,112,73,31,30,53" hai2="58,126,86,127,125,75,51,101,68,107,61,121,65" hai3="39,21,49,69,64,84,77,90,60,119,15,95,133"/><U8/><E112/><V124/><F75/><W135/><G39/><T99/><D111/><U134/><E131/><V98/><N who="2" m="31744" /><DORA hai="56" /><V9/><F121/><W13/><G119/><T38/><D129/><U50/><E50/><V110/><F110/><W20/><G77/><T78/><D122/><U102/><E67/><V14/><F86/><W79/><G79/><T10/><D23/><U7/><E70/><V114/><F114/><W36/><G36/><T71/><D28/><U92/><E105/><V83/><F83/><W91/><G91/><T109/><D71/><U45/><E81/><V117/><F117/><W100/><G100/><T18/><D18/><U12/><E73/><V29/><F29/><W24/><G49/><T63/><D109/><U115/><E115/><V19/><F51/><W26/><G21/><T46/><D46/><U57/><E45/><V32/><F32/><W54/><G54/><T93/><D63/><U62/><E48/><V96/><F96/><W33/><G33/><T43/><D106/><U130/><E134/><N who="3" m="51210" /><G24/><T52/><D52/><U34/><E34/><V41/><F41/><W2/><G2/><T128/><D43/><U120/><E120/><V25/><F25/><W44/><G44/><T88/><REACH who="0" step="1"/><D128/><REACH who="0" ten="129,483,119,259" step="2"/><U37/><E130/><V11/><F68/><W97/><G20/><AGARI ba="0,1" hai="9,11,14,19,20,58,61,65,98,101,107" m="31744" machi="20" ten="70,8000,1" yaku="18,1,52,3" doraHai="4,56" who="2" fromWho="3" sc="129,0,483,0,119,90,259,-80" /><INIT seed="6,0,0,1,2,116" ten="129,483,209,179" oya="2" hai0="63,30,2,109,119,126,71,10,101,23,133,64,94" hai1="9,37,24,50,112,27,104,39,29,49,129,58,51" hai2="134,60,80,100,91,78,96,67,123,106,38,113,107" hai3="66,47,68,14,110,117,93,57,59,56,125,18,25"/><V70/><F123/><W48/><G117/><T12/><D109/><U61/><E112/><V127/><F113/><W124/><G110/><T16/><D126/><N who="3" m="48745" /><G93/><T65/><D133/><U45/><E104/><V36/><F107/><W69/><G25/><T89/><D119/><U98/><E98/><V86/><F134/><W5/><G5/><T77/><D101/><U131/><E9/><V21/><F21/><W26/><G26/><T4/><D30/><U75/><E75/><V44/><F44/><W1/><G1/><T20/><D65/><N who="1" m="39095" /><E27/><V79/><F127/><W73/><G73/><T120/><D77/><U114/><E45/><V115/><F115/><W6/><G6/><T82/><D82/><U0/><E0/><V15/><F15/><W62/><G14/><T31/><D31/><U54/><E54/><V46/><F46/><W92/><G18/><T84/><REACH who="0" step="1"/><D23/><REACH who="0" ten="119,483,209,179" step="2"/><N who="1" m="15519" /><E114/><V88/><F78/><W32/><G32/><T28/><D28/><U128/><AGARI ba="0,1" hai="37,39,49,50,51,128,129,131" m="15519,39095" machi="128" ten="40,1500,0" yaku="19,1" doraHai="116" who="1" fromWho="1" sc="119,-4,483,25,209,-7,179,-4" /><INIT seed="7,0,0,1,5,99" ten="115,508,202,175" oya="3" hai0="34,22,86,57,63,44,111,80,82,37,113,91,126" hai1="17,54,33,65,77,100,59,52,73,81,31,120,6" hai2="109,48,42,93,115,71,25,110,134,72,131,67,41" hai3="53,11,123,114,26,61,90,104,103,70,79,0,49"/><W1/><G123/><T36/><D111/><U9/><E100/><V51/><F72/><W68/><G114/><T88/><D34/><U96/><E96/><V18/><F93/><W30/><G79/><T95/><D126/><U28/><E65/><V45/><F18/><W116/><G116/><T102/><D113/><U47/><E33/><V94/><F25/><W55/><G90/><T76/><D44/><U107/><E107/><V13/><F94/><W3/><G11/><T92/><D82/><U14/><E47/><N who="2" m="25711" /><F13/><W108/><G108/><N who="2" m="41577" /><F115/><W129/><G129/><T117/><D117/><U69/><E54/><V75/><F75/><W16/><G61/><T83/><D22/><U43/><E69/><V7/><F7/><W87/><G30/><T125/><D125/><U85/><E43/><V50/><F131/><W23/><G87/><T127/><D127/><U15/><E73/><V2/><F2/><W133/><G133/><T106/><D106/><U12/><E12/><V122/><F134/><W66/><G66/><T39/><D83/><U132/><E120/><V27/><F27/><W29/><G29/><T46/><D46/><U112/><E112/><V128/><F128/><W8/><G8/><T130/><D130/><U101/><E101/><V19/><F122/><W5/><G23/><T60/><D102/><U118/><E118/><V74/><F74/><W40/><G103/><T24/><D24/><U56/><E132/><V97/><F45/><W62/><G26/><T38/><N who="0" m="9216" /><DORA hai="84" /><T35/><D35/><U21/><E59/><V32/><F32/><W78/><G104/><RYUUKYOKU ba="0,0" sc="115,-10,508,30,202,-10,175,-10" hai1="6,9,14,15,17,21,28,31,52,56,77,81,85" owari="105,-39.5,538,63.8,192,-0.8,165,-23.5" /></mjloggm>