<mjloggm ver="2.3"><GO type="169" lobby="0"/><UN n0="%62%73%64%5F%33" n1="%E3%81%95%E3%81%8B%E3%81%8D" n2="%E3%83%AD%E3%83%99%E3%83%AB%E3%82%BF%E3%81%95%E3%82%93%EF%BC%A0" n3="%E6%81%8B%E3%81%AE%E3%81%86%E3%81%9F" dan="17,16,16,17" rate="2104.85,2138.08,2125.57,2233.14" sx="F,M,F,M"/><TAIKYOKU oya="0"/><INIT seed="0,0,0,5,1,96" ten="250,250,250,250" oya="0" hai0="24,5,49,34,104,108,59,118,18,39,94,21,79" hai1="132,128,27,29,107,31,32,15,46,33,44,10,43" hai2="19,131,113,48,41,20,2,78,97,75,7,103,55" hai3="67,76,82,47,109,120,126,133,54,114,8,17,110"/><T16/><D39/><U89/><E128/><V73/><F131/><W56/><G114/><T28/><D104/><U61/><E132/><V69/><F78/><W1/><G133/><T66/><D118/><U68/><E107/><V13/><F69/><W65/><G47/><T9/><D79/><U22/><E46/><V0/><F41/><W12/><G1/><T111/><D94/><U63/><E89/><V26/><F26/><W25/><G126/><T60/><D49/><U30/><E68/><V14/><F14/><W53/><G53/><T112/><D112/><U11/><E63/><V93/><F113/><W87/><G120/><T135/><D135/><U74/><E61/><V123/><F123/><W71/><G71/><T95/><D95/><U58/><E58/><V37/><F37/><W64/><REACH who="3" step="1"/><G25/><REACH who="3" ten="250,250,250,240" step="2"/><T62/><D62/><AGARI ba="0,1" hai="8,12,17,54,56,62,64,65,67,76,82,87,109,110" machi="62" ten="40,2600,0" yaku="1,1,2,1,53,0" doraHai="96" doraHaiUra="45" who="3" fromWho="0" sc="250,-26,250,0,250,0,240,36" /><INIT seed="1,0,0,2,0,100" ten="224,250,250,276" oya="1" hai0="68,87,95,41,80,63,119,111,62,129,38,115,57" hai1="30,44,14,43,112,25,4,125,104,3,131,33,9" hai2="114,103,97,26,49,128,16,24,18,45,5,78,37" hai3="71,72,51,27,82,88,54,79,92,11,122,64,74"/><U6/><E112/><V8/><F128/><W65/><G122/><T53/><D115/><U42/><E131/><V56/><F37/><W12/><G72/><T59/><D119/><U130/><E130/><V34/><F78/><W101/><G101/><T28/><D129/><U19/><E125/><V93/><F56/><W60/><G27/><T32/><D68/><U81/><E104/><V107/><F93/><W134/><G134/><T47/><D111/><U20/><E6/><V99/><F99/><W135/><G135/><T124/><D124/><U110/><E110/><V76/><F76/><W48/><G64/><T17/><D17/><U113/><E113/><V91/><F91/><W120/><G54/><T85/><D95/><U35/><E35/><V106/><F106/><W50/><G120/><T22/><D32/><U96/><E96/><V89/><F89/><W75/><G75/><T0/><D0/><U69/><E69/><V126/><F126/><W116/><G116/><T132/><D132/><U1/><E1/><V23/><F34/><W70/><G70/><T102/><D102/><U7/><E7/><V61/><F61/><W46/><G46/><T117/><D117/><U31/><E31/><V36/><F36/><W67/><G67/><N who="0" m="39375" /><D80/><U2/><E2/><V15/><F114/><W83/><G83/><T86/><D28/><U94/><E94/><V73/><F73/><W118/><G118/><T21/><D21/><U52/><E81/><V40/><REACH who="2" step="1"/><F26/><REACH who="2" ten="224,250,240,276" step="2"/><W127/><G127/><T108/><D108/><U98/><E98/><V13/><F13/><W133/><G133/><RYUUKYOKU ba="0,1" sc="224,10,250,10,240,10,276,-30" hai0="22,38,41,47,53,59,63,85,86,87" hai1="3,4,9,14,19,20,25,30,33,42,43,44,52" hai2="5,8,15,16,18,23,24,40,45,49,97,103,107" /><INIT seed="1,1,1,4,1,55" ten="234,260,250,246" oya="1" hai0="27,46,41,23,134,22,45,111,68,29,69,73,28" hai1="75,128,40,20,92,95,56,42,24,43,123,67,63" hai2="118,8,125,6,108,54,30,114,119,51,5,100,11" hai3="129,52,16,0,47,2,21,31,60,124,37,97,93"/><U19/><E123/><V132/><F108/><W53/><G129/><T72/><D111/><U87/><E75/><V48/><F132/><W58/><G31/><T79/><D134/><U36/><E36/><V126/><F54/><W112/><G112/><T14/><D14/><U130/><REACH who="1" step="1"/><E87/><REACH who="1" ten="234,250,250,246" step="2"/><V74/><F74/><W89/><G124/><T106/><D73/><U64/><E64/><V32/><F114/><W10/><G37/><T77/><D72/><U81/><E81/><V25/><F126/><W70/><G70/><T99/><D69/><U9/><E9/><V84/><F84/><W61/><G10/><T76/><D68/><U82/><E82/><V133/><F11/><W17/><G60/><T103/><D41/><U62/><E62/><V3/><F8/><W4/><G4/><T80/><D80/><U116/><E116/><V102/><F6/><W121/><G121/><T66/><D66/><U120/><E120/><V83/><F5/><W59/><G47/><T104/><D104/><U65/><E65/><V113/><F83/><W90/><G61/><T122/><D122/><U50/><E50/><V117/><F51/><W107/><G107/><T15/><D106/><U26/><E26/><V94/><F48/><W96/><G93/><AGARI ba="1,2" hai="19,20,24,40,42,43,56,63,67,92,93,95,128,130" machi="93" ten="40,3900,0" yaku="1,1,52,1,53,0" doraHai="55" doraHaiUra="109" who="1" fromWho="3" sc="234,0,250,62,250,0,246,-42" /><INIT seed="1,2,0,2,2,57" ten="234,312,250,204" oya="1" hai0="103,91,88,72,69,60,106,119,54,87,8,127,135" hai1="6,126,118,109,101,51,35,16,85,20,61,22,100" hai2="120,24,98,53,113,77,130,45,122,47,128,70,62" hai3="63,78,121,50,7,112,66,134,14,52,68,83,23"/><U36/><E36/><V96/><F77/><W46/><G134/><T123/><D72/><U27/><E118/><V25/><F53/><W42/><G121/><T71/><D119/><U56/><E35/><V97/><F70/><W38/><G112/><T58/><D135/><U44/><E126/><V15/><F15/><W59/><G23/><T105/><D127/><U75/><E75/><V2/><F97/><W116/><G116/><T89/><D123/><U29/><E6/><V90/><F90/><W81/><REACH who="3" step="1"/><G78/><REACH who="3" ten="234,312,250,194" step="2"/><T67/><D8/><AGARI ba="2,1" hai="7,8,14,38,42,46,50,52,59,63,66,68,81,83" machi="8" ten="40,12000,2" yaku="1,1,2,1,24,2,52,1,54,1,53,0" doraHai="57" doraHaiUra="30" who="3" fromWho="0" sc="234,-126,312,0,250,0,194,136" /><INIT seed="2,0,0,2,0,53" ten="108,312,250,330" oya="2" hai0="23,32,56,106,19,117,50,95,77,93,43,119,45" hai1="97,111,115,57,129,109,73,24,47,20,78,113,82" hai2="27,61,116,89,102,122,135,63,48,49,128,84,88" hai3="40,99,98,108,132,79,36,1,126,83,85,21,130"/><V44/><F128/><W2/><G108/><N who="1" m="41546" /><E129/><V91/><F135/><W125/><G130/><T121/><D121/><U33/><E33/><V64/><F116/><N who="0" m="44618" /><D106/><U66/><E47/><V92/><F122/><W68/><G68/><T26/><D32/><U8/><E8/><V15/><F49/><W62/><G132/><T11/><D77/><U52/><E66/><V14/><F27/><W4/><G21/><T123/><D123/><U81/><E97/><V90/><F102/><W3/><G4/><T13/><D56/><U65/><E65/><V7/><F7/><AGARI ba="0,0" hai="7,11,13,19,23,26,43,45,50,93,95" m="44618" machi="7" ten="30,1000,0" yaku="12,1" doraHai="53" who="0" fromWho="2" sc="108,10,312,0,250,-10,330,0" /><INIT seed="3,0,0,1,1,10" ten="118,312,240,330" oya="3" hai0="22,55,19,111,77,127,114,120,92,78,44,27,62" hai1="94,40,75,54,43,66,109,18,123,73,42,108,1" hai2="103,135,30,95,115,129,20,84,60,117,0,121,65" hai3="106,98,57,72,15,52,76,90,59,41,86,80,68"/><W51/><G68/><T119/><D119/><U25/><E123/><V104/><F0/><W11/><G41/><T53/><D120/><U102/><E1/><V70/><F129/><W61/><G106/><T113/><D111/><N who="1" m="42571" /><E66/><V69/><F135/><W7/><G98/><T49/><D127/><U88/><E102/><V134/><F104/><W14/><G14/><T125/><D125/><U101/><E54/><V85/><F103/><W89/><G72/><T110/><D110/><U48/><E48/><V105/><F85/><W128/><G128/><T46/><D92/><U132/><E132/><V50/><F84/><W87/><G87/><T33/><D33/><U36/><E36/><V6/><F69/><W122/><G122/><T35/><D35/><U45/><E45/><V79/><F70/><W124/><G124/><T31/><D31/><U67/><E67/><AGARI ba="0,0" hai="7,11,15,51,52,57,59,61,67,76,80,86,89,90" machi="67" ten="30,11600,0" yaku="7,1,8,1,52,1,54,1" doraHai="10" who="3" fromWho="1" sc="118,0,312,-116,240,0,330,116" /><INIT seed="3,1,0,5,0,36" ten="118,196,240,446" oya="3" hai0="104,118,84,2,73,39,3,34,61,33,35,127,100" hai1="13,87,88,20,130,75,55,97,109,107,80,8,133" hai2="24,90,108,38,91,25,103,132,85,120,46,0,16" hai3="7,45,54,125,122,134,98,95,5,128,15,6,49"/><W58/><G122/><T96/><D84/><U77/><E109/><V28/><F108/><W76/><G128/><T43/><D127/><U135/><E20/><V19/><F132/><N who="1" m="50761" /><E55/><V94/><F0/><W123/><G125/><T50/><D50/><U41/><E41/><V69/><F69/><W51/><G123/><T113/><D118/><U22/><E22/><V82/><F103/><W79/><G15/><T112/><D73/><U78/><E130/><V14/><F120/><W44/><G134/><T93/><D93/><N who="1" m="54431" /><E78/><N who="3" m="29738" /><G49/><T110/><D61/><U30/><E30/><V114/><F114/><N who="0" m="44138" /><D110/><U40/><E40/><V21/><F19/><W57/><G45/><AGARI ba="1,0" hai="2,3,33,34,35,39,43,45,96,100,104" m="44138" machi="45" ten="40,5200,0" yaku="11,1,23,1,52,1" doraHai="36" who="0" fromWho="3" sc="118,55,196,0,240,0,446,-55" /><INIT seed="4,0,0,4,2,29" ten="173,196,240,391" oya="0" hai0="38,94,39,33,45,55,116,66,79,7,49,96,35" hai1="25,22,86,11,65,2,105,71,115,118,114,26,135" hai2="12,59,85,75,41,62,133,64,13,88,117,40,57" hai3="95,124,113,131,0,128,73,50,129,76,132,89,90"/><T69/><D116/><U60/><E105/><V82/><F133/><W6/><G113/><N who="1" m="43018" /><E118/><V91/><F75/><W4/><G124/><T108/><D108/><U42/><E135/><V77/><F117/><W14/><G0/><T100/><D79/><U21/><E42/><N who="2" m="16491" /><F59/><W83/><G132/><T48/><D7/><N who="3" m="2601" /><G14/><AGARI ba="0,0" hai="12,13,14,57,62,64,77,82,85,88,91" m="16491" machi="14" ten="30,2000,0" yaku="8,1,54,1" doraHai="29" who="2" fromWho="3" sc="173,0,196,0,240,20,391,-20" /><INIT seed="5,0,0,3,5,77" ten="173,196,260,371" oya="1" hai0="89,49,46,14,9,83,11,8,121,72,130,12,79" hai1="32,22,126,112,6,47,44,53,54,10,63,125,132" hai2="21,55,52,115,58,87,68,7,38,20,50,110,13" hai3="100,80,95,122,99,5,129,108,45,109,71,113,56"/><U31/><E32/><V48/><F110/><W88/><G71/><T1/><D130/><U104/><E104/><V116/><F116/><W60/><G122/><T84/><D121/><U94/><E112/><V133/><F133/><W51/><G5/><T127/><D1/><U111/><E132/><V39/><F68/><W36/><G36/><T2/><D2/><U19/><E31/><V28/><F115/><W90/><G113/><T17/><D127/><N who="1" m="48651" /><E94/><V98/><F98/><W40/><G129/><T67/><D67/><U107/><E107/><V123/><F123/><W76/><G108/><T70/><D70/><U62/><E111/><V128/><F128/><W117/><G117/><T37/><D37/><U118/><E118/><V18/><F7/><W73/><G109/><T65/><D65/><AGARI ba="0,0" hai="40,45,51,56,60,65,73,76,80,88,90,95,99,100" machi="65" ten="30,3900,0" yaku="7,1,52,1,54,1" doraHai="77" who="3" fromWho="0" sc="173,-39,196,0,260,0,371,39" /><INIT seed="6,0,0,5,2,76" ten="134,196,260,410" oya="2" hai0="85,40,57,20,45,65,62,89,6,79,68,64,14" hai1="30,91,29,111,73,87,22,24,12,100,83,86,44" hai2="131,117,55,41,0,94,119,102,125,39,60,124,113" hai3="93,51,95,59,66,132,128,3,82,35,27,5,61"/><V7/><F7/><W77/><G128/><T122/><D122/><U15/><E111/><V19/><F19/><W28/><G132/><T46/><D68/><U74/><E74/><V80/><F0/><W37/><G37/><T31/><D79/><U114/><E73/><V70/><F94/><W10/><G51/><T48/><D65/><U25/><E114/><V81/><F102/><W52/><G66/><T63/><D63/><U92/><E44/><N who="2" m="23615" /><F113/><W118/><G118/><N who="2" m="45065" /><F131/><W49/><G61/><T135/><D135/><U98/><REACH who="1" step="1"/><E87/><AGARI ba="0,0" hai="3,5,10,27,28,35,49,52,59,77,82,87,93,95" machi="87" ten="30,3900,0" yaku="7,1,52,1,54,1" doraHai="76" who="3" fromWho="1" sc="134,0,196,-39,260,0,410,39" /><INIT seed="7,0,0,2,5,61" ten="134,157,260,449" oya="3" hai0="23,118,128,46,76,5,70,51,66,34,24,62,101" hai1="121,58,129,22,25,2,14,123,88,103,36,65,84" hai2="59,37,15,98,49,53,125,27,135,35,91,16,50" hai3="26,74,19,108,38,127,95,117,93,1,97,45,18"/><W56/><G117/><T106/><D118/><U96/><E2/><V83/><F37/><W17/><G17/><T47/><D128/><U60/><E36/><V100/><F135/><W92/><G19/><T41/><D76/><U10/><E129/><V77/><F91/><W109/><G18/><T0/><D23/><U133/><E133/><V132/><F125/><W32/><G56/><T8/><D46/><U68/><E68/><V57/><F35/><W13/><G13/><T4/><D4/><U44/><E44/><V3/><F27/><W30/><G74/><T79/><D79/><U110/><E110/><N who="3" m="42602" /><G1/><T134/><D134/><U89/><E123/><V78/><F3/><W39/><G127/><T104/><REACH who="0" step="1"/><D101/><REACH who="0" ten="124,157,260,449" step="2"/><U86/><E121/><V7/><F7/><W99/><G38/><T107/><D107/><U85/><E22/><V72/><F78/><W131/><G131/><T130/><D130/><U42/><E25/><V73/><F77/><W111/><G111/><T29/><AGARI ba="0,1" hai="0,5,8,24,29,34,41,47,51,62,66,70,104,106" machi="29" ten="30,4000,0" yaku="1,1,0,1,52,1,53,0" doraHai="61" doraHaiUra="112" who="0" fromWho="0" sc="124,50,157,-10,260,-10,449,-20" owari="174,-22.6,147,-35.3,250,5.0,429,52.9" /></mjloggm>