<mjloggm ver="2.3"><GO type="169" lobby="0"/><UN n0="%E3%81%AF%E3%81%BE%E3%81%A1%E3%83%AA%E3%83%BC%E3%82%B0" n1="%E3%82%89%E3%81%84%E3%81%82%E3%82%93%E3%81%98%E3%82%83%E3%82%93" n2="%E3%83%94%E3%83%B3%E3%82%B5%E3%83%AD%E5%BA%97%E5%93%A1" n3="%E3%81%A8%E3%81%B3%E3%81%BE%E3%81%93" dan="17,17,17,16" rate="2161.21,2191.58,2208.44,2182.93" sx="M,M,M,M"/><TAIKYOKU oya="0"/><INIT seed="0,0,0,5,3,74" ten="250,250,250,250" oya="0" hai0="31,123,101,23,72,131,59,47,4,120,102,67,96" hai1="118,108,91,11,115,104,18,93,5,81,51,134,56" hai2="83,129,100,1,117,44,55,2,26,86,57,0,82" hai3="12,75,119,8,125,22,37,50,39,88,33,62,30"/><T111/><D72/><U66/><E118/><V35/><F117/><W78/><G119/><T13/><D131/><U48/><E104/><V27/><F129/><W6/><G125/><T10/><D102/><U42/><E108/><V60/><F100/><W65/><G50/><T63/><D47/><U34/><E34/><V76/><F35/><W14/><G33/><T94/><REACH who="0" step="1"/><D111/><REACH who="0" ten="240,250,250,250" step="2"/><U68/><E115/><V69/><F44/><W92/><G39/><T99/><D99/><U71/><E68/><V19/><F69/><W49/><G37/><T45/><D45/><U20/><E71/><V110/><F110/><W41/><G75/><T21/><D21/><U46/><E20/><V79/><REACH who="2" step="1"/><F19/><REACH who="2" ten="240,250,240,250" step="2"/><W17/><G30/><T87/><D87/><AGARI ba="0,2" hai="0,1,2,26,27,55,57,60,76,79,82,83,86,87" machi="87" ten="40,8000,1" yaku="1,1,2,1,9,1,52,2,53,0" doraHai="74" doraHaiUra="128" who="2" fromWho="0" sc="240,-80,250,0,240,100,250,0" /><INIT seed="1,0,0,1,2,51" ten="160,250,340,250" oya="1" hai0="95,91,57,96,63,71,58,11,18,110,78,20,124" hai1="40,113,120,104,72,6,80,125,23,132,44,19,55" hai2="54,42,94,87,134,69,135,62,53,24,85,13,0" hai3="45,48,86,14,103,30,47,130,115,38,101,92,9"/><U26/><E113/><V129/><F0/><W10/><G115/><T97/><D110/><U61/><E120/><V70/><F42/><W36/><G30/><T27/><D124/><U105/><E132/><N who="2" m="50731" /><F129/><W81/><G130/><T122/><D122/><U117/><E125/><V12/><F24/><W100/><G92/><T83/><D97/><U89/><E6/><V99/><F87/><W112/><G47/><T8/><D71/><N who="2" m="27146" /><F85/><W118/><G118/><T22/><D22/><U68/><E117/><V75/><F75/><W114/><G10/><T52/><D57/><U109/><E109/><V29/><F29/><W4/><G114/><T46/><D46/><U74/><E74/><AGARI ba="0,0" hai="8,11,18,20,27,52,58,63,74,78,83,91,95,96" machi="74" ten="30,8000,1" yaku="7,1,25,2,52,1,54,1" doraHai="51" who="0" fromWho="1" sc="160,80,250,-80,340,0,250,0" /><INIT seed="2,0,0,0,0,71" ten="240,170,340,250" oya="2" hai0="36,10,97,105,118,132,59,14,24,53,35,113,40" hai1="2,56,79,103,82,69,114,64,99,31,7,33,90" hai2="83,120,115,125,101,29,102,135,76,70,104,111,88" hai3="37,43,44,93,30,18,73,42,119,107,47,60,80"/><V6/><F70/><W78/><G107/><T85/><D113/><U75/><E114/><V116/><F115/><W45/><G119/><T23/><D35/><U95/><E56/><V66/><F66/><W87/><G30/><T63/><D118/><U112/><E112/><V39/><F116/><W133/><G133/><T46/><D132/><U67/><E7/><V25/><F120/><W58/><G18/><T134/><D134/><U16/><E2/><V27/><F135/><W91/><REACH who="3" step="1"/><G43/><REACH who="3" ten="240,170,340,240" step="2"/><T11/><D105/><U28/><E28/><V122/><F104/><W98/><G98/><T126/><D97/><U32/><E31/><V12/><F29/><W5/><G5/><T84/><D40/><U17/><E17/><V9/><F6/><W15/><G15/><T123/><D14/><U117/><E117/><V121/><F12/><W20/><G20/><T100/><D23/><U65/><E16/><V21/><F21/><W8/><G8/><T77/><D11/><U62/><E32/><V129/><F9/><W81/><G81/><T0/><D10/><U74/><E33/><V127/><F83/><W41/><G41/><T22/><D22/><U110/><E99/><V92/><F25/><W108/><G108/><T26/><D26/><U96/><E110/><V131/><F27/><W130/><G130/><T72/><D24/><U61/><E69/><V4/><F4/><W54/><AGARI ba="0,1" hai="37,42,44,45,47,54,58,60,73,78,80,87,91,93" machi="54" ten="20,5200,0" yaku="1,1,0,1,7,1,52,1,53,0" doraHai="71" doraHaiUra="94" who="3" fromWho="3" sc="240,-13,170,-13,340,-26,240,62" /><INIT seed="3,0,0,4,1,19" ten="227,157,314,302" oya="3" hai0="32,104,72,63,17,60,92,126,99,52,107,111,130" hai1="128,115,27,22,23,6,79,21,2,73,29,42,8" hai2="36,122,31,33,127,129,97,65,66,0,87,49,112" hai3="57,88,94,55,109,135,102,124,108,18,100,43,117"/><W45/><G117/><T121/><D121/><U34/><E42/><V101/><F36/><W134/><G124/><T38/><D38/><U40/><E40/><V119/><F112/><W56/><G45/><T106/><D32/><U75/><E115/><V15/><F0/><W1/><G1/><T125/><D72/><U58/><E128/><V83/><F119/><W69/><G69/><T67/><D130/><U93/><E79/><V86/><F129/><W98/><G43/><T110/><D17/><U133/><E133/><N who="3" m="50698" /><G18/><T3/><D3/><U54/><REACH who="1" step="1"/><E93/><REACH who="1" ten="227,147,314,302" step="2"/><V62/><F122/><W95/><G95/><T78/><D78/><U5/><E5/><V46/><F127/><W84/><G98/><T64/><D126/><U35/><E35/><V9/><F33/><W85/><G84/><T91/><D125/><U131/><E131/><V30/><F87/><W105/><G105/><T71/><REACH who="0" step="1"/><D52/><REACH who="0" ten="217,147,314,302" step="2"/><U44/><E44/><V80/><F46/><W11/><G55/><T39/><D39/><U25/><E25/><V90/><F15/><W13/><G13/><T120/><D120/><U118/><E118/><V132/><F132/><W53/><G53/><T103/><D103/><N who="3" m="39465" /><G11/><T51/><D51/><AGARI ba="0,2" hai="2,6,8,21,22,23,27,29,34,51,54,58,73,75" machi="51" ten="40,8000,1" yaku="1,1,52,3,53,1" doraHai="19" doraHaiUra="4" who="1" fromWho="0" sc="217,-80,147,100,314,0,302,0" /><INIT seed="4,0,0,3,2,37" ten="137,247,314,302" oya="0" hai0="83,134,2,1,20,4,38,41,130,129,36,56,76" hai1="47,28,85,95,66,24,35,120,27,123,16,125,73" hai2="32,18,131,21,91,89,70,59,72,0,7,80,92" hai3="33,111,43,104,109,13,65,30,90,101,93,17,81"/><T102/><D102/><U67/><E73/><V26/><F70/><W42/><G65/><T78/><D56/><U84/><E125/><V34/><F131/><N who="0" m="50186" /><D36/><U52/><E120/><V106/><F106/><W94/><G81/><T113/><D113/><U96/><E123/><V44/><F7/><W116/><G116/><T22/><D134/><U9/><E66/><V69/><F0/><N who="0" m="106" /><D4/><U64/><E67/><V118/><F69/><W97/><G104/><T75/><D78/><U60/><E64/><V127/><F127/><W53/><G53/><T86/><D75/><U39/><E39/><V14/><F59/><W8/><G111/><T15/><D15/><U133/><E133/><V117/><F14/><W126/><G109/><T3/><N who="0" m="114" /><T119/><DORA hai="82" /><D119/><U87/><E60/><V50/><F118/><W100/><G126/><T19/><D19/><U40/><E16/><V25/><F117/><W74/><G74/><T49/><D49/><U98/><E52/><V23/><F50/><W46/><G46/><AGARI ba="0,0" hai="20,22,38,41,46,76,83,86" m="114,50186" machi="46" ten="50,9600,0" yaku="19,1,52,2" doraHai="37,82" who="0" fromWho="3" sc="137,96,247,0,314,0,302,-96" /><INIT seed="4,1,0,0,0,133" ten="233,247,314,206" oya="0" hai0="78,77,93,56,3,92,119,26,104,131,88,0,27" hai1="7,101,66,64,32,103,63,91,49,60,18,12,105" hai2="50,87,51,67,116,53,23,2,132,54,34,9,22" hai3="75,4,98,81,30,17,125,70,19,112,59,37,15"/><T42/><D104/><U48/><E32/><V35/><F67/><W11/><G70/><T43/><D56/><U8/><E105/><V31/><F132/><W99/><G37/><T69/><D131/><U94/><E66/><V84/><F9/><W127/><G30/><T55/><D55/><U36/><E36/><V57/><F31/><W33/><G33/><T74/><D74/><U28/><E28/><V61/><F57/><W16/><G59/><T79/><D79/><U14/><E49/><V134/><F134/><W107/><G112/><T126/><D88/><U40/><E48/><V52/><F54/><W80/><G75/><T113/><D113/><U97/><E40/><V117/><REACH who="2" step="1"/><F2/><REACH who="2" ten="233,247,304,206" step="2"/><W111/><G111/><T46/><D0/><U122/><E64/><V82/><F82/><N who="3" m="31851" /><G107/><T44/><D3/><U95/><E8/><V29/><F29/><W76/><G76/><T45/><D45/><U128/><E128/><V123/><F123/><W13/><G13/><T114/><D114/><U90/><E122/><V25/><F25/><W62/><G62/><AGARI ba="1,1" hai="22,23,34,35,50,51,52,53,61,62,84,87,116,117" machi="62" ten="25,6400,0" yaku="1,1,22,2,54,1,53,0" doraHai="133" doraHaiUra="135" who="2" fromWho="3" sc="233,0,247,0,304,77,206,-67" /><INIT seed="5,0,0,2,5,44" ten="233,247,381,139" oya="1" hai0="122,135,112,32,98,93,50,84,66,19,8,77,16" hai1="23,28,72,18,36,37,116,119,103,27,123,26,64" hai2="110,25,102,9,59,3,79,55,61,69,4,87,71" hai3="127,132,11,117,125,86,74,43,52,17,65,99,30"/><U39/><E123/><V5/><F110/><W68/><G74/><T105/><D32/><U78/><E103/><V94/><F5/><W12/><G132/><T124/><D135/><U46/><E64/><V34/><F79/><W104/><G117/><T29/><D29/><U95/><E95/><V76/><F76/><W48/><G43/><T128/><D122/><U91/><E91/><V58/><F34/><W129/><G30/><T82/><D112/><U114/><E114/><V107/><F107/><W118/><G118/><T22/><D128/><U33/><REACH who="1" step="1"/><E46/><REACH who="1" ten="233,237,381,139" step="2"/><V97/><F94/><W13/><G129/><T106/><D106/><U133/><E133/><V7/><F102/><W40/><G40/><T89/><D66/><U111/><E111/><V6/><F71/><W62/><G104/><T53/><D105/><U115/><E115/><V100/><F69/><W130/><G130/><T80/><D80/><AGARI ba="0,1" hai="18,23,26,27,28,33,36,37,39,72,78,80,116,119" machi="80" ten="40,2000,0" yaku="1,1,53,0" doraHai="44" doraHaiUra="121" who="1" fromWho="0" sc="233,-20,237,30,381,0,139,0" /><INIT seed="5,1,0,0,4,118" ten="213,267,381,139" oya="1" hai0="116,79,100,47,99,88,90,132,46,71,64,125,39" hai1="2,135,75,84,16,3,22,94,38,42,101,27,49" hai2="43,69,30,4,105,117,129,54,32,56,74,60,115" hai3="53,80,92,31,76,123,66,0,128,50,126,65,73"/><U86/><E75/><V104/><F117/><W24/><G0/><T40/><D116/><U111/><E38/><V78/><F4/><W19/><G126/><T130/><D125/><U61/><E135/><V67/><F129/><W41/><G128/><T55/><D130/><U91/><E111/><V106/><F115/><W7/><G7/><T95/><D132/><U36/><E36/><V109/><F109/><W87/><G41/><T26/><D79/><U119/><E101/><V107/><F107/><W81/><G92/><T133/><D133/><U83/><E119/><V124/><F43/><W63/><G19/><T37/><D37/><U29/><E61/><V51/><F124/><W114/><G63/><T20/><D64/><U120/><E120/><V48/><F48/><W127/><G123/><T13/><D13/><U14/><E49/><V8/><F8/><W9/><G9/><T103/><D71/><U102/><E42/><V98/><F98/><W82/><G82/><T17/><D103/><U62/><E62/><V6/><F6/><W70/><G70/><T44/><REACH who="0" step="1"/><D55/><REACH who="0" ten="203,267,381,139" step="2"/><U12/><E12/><V59/><F78/><N who="3" m="44111" /><G127/><T35/><D35/><U85/><E102/><V122/><F69/><W58/><G114/><T34/><D34/><U21/><REACH who="1" step="1"/><E83/><REACH who="1" ten="203,257,381,139" step="2"/><V15/><F15/><W121/><G121/><T108/><D108/><U52/><E52/><V25/><F74/><W72/><G72/><T18/><D18/><U96/><AGARI ba="1,2" hai="2,3,14,16,21,22,27,29,84,85,86,91,94,96" machi="96" ten="30,6000,0" yaku="1,1,0,1,54,1,53,0" doraHai="118" doraHaiUra="113" who="1" fromWho="1" sc="203,-21,257,83,381,-21,139,-21" /><INIT seed="5,2,0,1,4,108" ten="182,340,360,118" oya="1" hai0="10,115,95,33,111,22,87,54,17,35,133,5,102" hai1="132,19,112,73,40,101,66,55,106,126,42,83,92" hai2="120,61,20,58,117,118,62,30,128,52,16,84,64" hai3="31,21,44,11,114,69,60,134,75,6,135,28,74"/><U41/><E126/><V50/><F120/><W78/><G44/><T46/><D111/><U29/><E132/><N who="3" m="50730" /><G69/><T27/><D115/><U107/><E112/><V103/><F128/><W121/><G121/><T2/><D133/><U100/><E66/><V0/><F0/><N who="3" m="455" /><G60/><T122/><D122/><U90/><E29/><N who="3" m="11338" /><G21/><T96/><REACH who="0" step="1"/><D87/><REACH who="0" ten="172,340,360,118" step="2"/><U131/><E73/><N who="3" m="27658" /><G78/><T123/><D123/><U88/><E131/><V43/><F84/><W23/><G23/><T12/><D12/><U68/><E40/><V51/><F43/><W32/><G32/><T71/><D71/><U76/><E41/><V105/><F20/><W129/><G129/><T59/><D59/><U18/><E42/><V72/><F58/><W86/><G86/><T26/><D26/><U25/><E25/><V63/><F72/><W15/><G15/><T124/><D124/><U53/><E68/><V81/><F64/><W110/><G110/><T85/><D85/><U36/><E36/><V56/><F56/><W47/><G47/><T125/><D125/><U119/><E53/><V80/><F52/><W3/><G3/><T67/><D67/><U98/><E55/><V79/><F79/><W93/><G93/><T77/><D77/><U13/><E76/><V116/><F116/><W109/><G109/><T70/><D70/><U89/><E119/><V82/><F118/><W99/><G114/><T1/><D1/><U38/><E13/><V37/><F117/><W45/><G45/><T39/><D39/><U57/><E38/><V127/><F37/><W49/><G49/><AGARI ba="2,1" hai="2,5,10,17,22,27,33,35,46,49,54,95,96,102" machi="49" ten="40,2600,0" yaku="1,1,53,1" doraHai="108" doraHaiUra="91" who="0" fromWho="3" sc="172,42,340,0,360,0,118,-32" /><INIT seed="6,0,0,5,5,56" ten="214,340,360,86" oya="2" hai0="84,3,42,53,47,114,36,6,16,71,97,59,75" hai1="33,31,21,94,38,30,107,78,82,109,9,125,130" hai2="99,14,92,115,1,96,45,132,104,66,83,54,41" hai3="133,88,128,25,23,43,26,85,120,76,74,19,40"/><V102/><F1/><W67/><G120/><T105/><D114/><U69/><E109/><V135/><F115/><W34/><G128/><T64/><D75/><U24/><E130/><V100/><F54/><W90/><G133/><T58/><D84/><U28/><E107/><V57/><F14/><W49/><G74/><T129/><D129/><U20/><E125/><V35/><F35/><W63/><G34/><T134/><D134/><U81/><E38/><V55/><F66/><W93/><G76/><T39/><D39/><U18/><E69/><V127/><F83/><W80/><G26/><T52/><D6/><U46/><E46/><V62/><REACH who="2" step="1"/><F127/><REACH who="2" ten="214,340,350,86" step="2"/><W89/><G49/><AGARI ba="0,1" hai="41,45,49,55,57,62,92,96,99,100,102,104,132,135" machi="49" ten="40,12000,1" yaku="1,1,2,1,52,1,53,1" doraHai="56" doraHaiUra="50" who="2" fromWho="3" sc="214,0,340,0,350,130,86,-120" owari="214,-18.6,340,14.0,480,58.0,-34,-53.4" /></mjloggm>