<mjloggm ver="2.3"><GO type="169" lobby="0"/><UN n0="%41%52%44%45%4E" n1="%E3%82%86%E3%81%A3%E3%81%8F%E3%82%8A%E5%A6%96%E5%A4%A2" n2="%68%69%73%61%74%6F%E6%A3%92" n3="%E3%83%AD%E3%83%99%E3%83%AB%E3%82%BF%E3%81%95%E3%82%93%EF%BC%A0" dan="16,17,16,16" rate="2078.84,2172.19,2130.40,2121.86" sx="F,M,M,F"/><TAIKYOKU oya="0"/><INIT seed="0,0,0,0,4,4" ten="250,250,250,250" oya="0" hai0="119,51,96,129,123,64,47,29,7,130,80,131,9" hai1="24,75,30,49,3,72,85,109,28,19,14,120,15" hai2="90,6,1,33,59,91,44,133,21,68,22,12,84" hai3="104,60,110,38,23,58,83,25,125,107,99,45,86"/><T87/><D119/><U63/><E3/><V18/><F68/><W81/><G110/><T69/><D123/><U112/><E120/><V37/><F22/><W50/><G38/><T46/><D29/><U61/><E109/><V100/><F100/><W122/><G125/><T128/><N who="0" m="32768" /><DORA hai="16" /><T124/><D124/><U134/><E30/><V93/><F59/><W76/><G83/><T31/><D31/><U11/><E134/><V36/><F33/><W108/><G99/><T27/><D27/><U88/><E112/><V26/><F1/><W121/><G108/><T106/><D51/><U17/><E49/><V20/><F44/><W35/><G35/><T13/><D96/><U115/><E75/><V70/><F70/><W117/><G117/><T89/><REACH who="0" step="1"/><D106/><REACH who="0" ten="240,250,250,250" step="2"/><U66/><E115/><V53/><F133/><W118/><G118/><T71/><D71/><U54/><E24/><V5/><F36/><W67/><G121/><T82/><D82/><U78/><E28/><V103/><F37/><W62/><G122/><T52/><D52/><U57/><E54/><V74/><F53/><W92/><G107/><T55/><D55/><U2/><E63/><AGARI ba="0,1" hai="7,9,13,46,47,63,64,69,80,87,89" m="32768" machi="63" ten="70,12000,1" yaku="1,1,19,1,52,1,53,1" doraHai="4,16" doraHaiUra="101,77" who="0" fromWho="1" sc="240,130,250,-120,250,0,250,0" /><INIT seed="0,1,0,4,0,22" ten="370,130,250,250" oya="0" hai0="14,70,93,115,4,80,20,39,31,32,100,96,52" hai1="59,110,68,126,58,104,65,18,119,60,63,26,106" hai2="16,75,97,72,46,54,101,109,36,29,124,6,121" hai3="10,41,66,8,19,88,13,30,43,7,98,49,12"/><T111/><D115/><U114/><E119/><V129/><F109/><W127/><G127/><T89/><D39/><U91/><E110/><V76/><F6/><W78/><G78/><T45/><D111/><U122/><E122/><V67/><F67/><W125/><G125/><T135/><D70/><U47/><E114/><V53/><F129/><W55/><G30/><T27/><D135/><U50/><E126/><V74/><F29/><W61/><G98/><T113/><D113/><U95/><E68/><V79/><F121/><W44/><REACH who="3" step="1"/><G88/><REACH who="3" ten="370,130,250,240" step="2"/><T51/><D80/><U57/><E104/><V134/><F76/><W34/><G34/><T2/><D32/><U64/><E106/><V123/><F79/><W105/><G105/><T81/><D81/><U108/><E108/><V132/><F123/><W85/><G85/><T23/><D2/><U62/><E91/><V133/><F124/><W48/><G48/><T87/><D87/><U71/><E95/><V73/><F97/><W0/><G0/><T131/><D131/><U37/><E37/><V3/><F3/><W94/><G94/><T102/><D20/><N who="1" m="13591" /><E71/><AGARI ba="1,1" hai="7,8,10,12,13,19,41,43,44,49,55,61,66,71" machi="71" ten="30,2000,0" yaku="1,1,7,1,53,0" doraHai="22" doraHaiUra="69" who="3" fromWho="1" sc="370,0,130,-23,250,0,240,33" /><INIT seed="1,0,0,0,2,48" ten="370,107,250,273" oya="1" hai0="58,49,40,26,29,32,35,122,126,1,118,55,0" hai1="96,25,75,16,83,42,119,34,59,51,57,8,7" hai2="86,72,91,117,22,33,120,89,64,37,9,41,129" hai3="79,106,46,43,20,99,44,85,80,81,52,15,82"/><U6/><E119/><V90/><F33/><W128/><G128/><T95/><D118/><U131/><E131/><V88/><F72/><W31/><G46/><T127/><D35/><U73/><E96/><V68/><F120/><W133/><G133/><T69/><D69/><U124/><E124/><N who="0" m="47657" /><D122/><U45/><E75/><V135/><F135/><W60/><G43/><T19/><D19/><U87/><E73/><V115/><F115/><W10/><G99/><T114/><D114/><U123/><E123/><V38/><F41/><W110/><G106/><T78/><D78/><U36/><E36/><V94/><F22/><W67/><G67/><T76/><D76/><N who="1" m="46567" /><E34/><V132/><F132/><W65/><G110/><T74/><D74/><U92/><E92/><V47/><F47/><W23/><G65/><T104/><D104/><U130/><E130/><V61/><F129/><W98/><G98/><T12/><D12/><N who="1" m="7175" /><E25/><V5/><REACH who="2" step="1"/><F117/><REACH who="2" ten="370,107,240,273" step="2"/><W121/><G121/><T84/><D40/><U54/><E42/><V134/><F134/><W108/><G108/><T113/><D113/><U17/><E17/><V27/><F27/><N who="3" m="16871" /><G23/><T50/><D32/><U111/><E111/><V4/><F4/><AGARI ba="0,1" hai="4,6,7,45,51,54,57,59" m="7175,46567" machi="4" ten="30,5800,0" yaku="8,1,52,1,54,1" doraHai="48" who="1" fromWho="2" sc="370,0,107,68,240,-58,273,0" /><INIT seed="1,1,0,4,3,68" ten="370,175,182,273" oya="1" hai0="97,83,128,74,44,9,93,4,6,70,24,130,52" hai1="111,13,134,7,81,19,131,116,98,115,124,105,112" hai2="33,62,32,61,20,102,58,78,26,118,64,17,47" hai3="126,84,45,117,67,133,73,3,41,107,82,48,56"/><U2/><E81/><V90/><F78/><W60/><G133/><T15/><D70/><U53/><E53/><V54/><F102/><W0/><G126/><T91/><D24/><U132/><E98/><V94/><F118/><W46/><G73/><T120/><D120/><U14/><E105/><V27/><F27/><W36/><G107/><T25/><D25/><U43/><E43/><V125/><F47/><W75/><G75/><T16/><D74/><U39/><E39/><V122/><F125/><W8/><G8/><T10/><D83/><U5/><E124/><V71/><REACH who="2" step="1"/><F122/><REACH who="2" ten="370,175,172,273" step="2"/><W69/><G117/><T110/><D110/><U22/><E116/><V85/><AGARI ba="1,1" hai="17,20,26,32,33,54,58,61,62,64,71,85,90,94" machi="85" ten="20,8000,1" yaku="1,1,2,1,0,1,7,1,53,1" doraHai="68" doraHaiUra="18" who="2" fromWho="2" sc="370,-21,175,-41,172,93,273,-21" /><INIT seed="2,0,0,3,1,116" ten="349,134,265,252" oya="2" hai0="97,5,113,119,65,123,14,21,43,87,130,49,7" hai1="91,36,93,59,12,61,120,112,4,78,42,80,128" hai2="69,88,64,31,75,39,73,89,124,19,17,104,56" hai3="98,51,32,101,50,79,129,46,3,85,35,44,99"/><V108/><F69/><W6/><G85/><T82/><D113/><U30/><E112/><V125/><F39/><W110/><G6/><T103/><D119/><U57/><E128/><V29/><F56/><W81/><G81/><T62/><D130/><U76/><E30/><V15/><F15/><W115/><G115/><T27/><D123/><U84/><E36/><V22/><F22/><W18/><G79/><T106/><D43/><U34/><E34/><V26/><F26/><W94/><G94/><T107/><D49/><U134/><E134/><V55/><F55/><W45/><G101/><T127/><D127/><U11/><E120/><V48/><F48/><W58/><G44/><T74/><D74/><U20/><E42/><V117/><F117/><W40/><G40/><T100/><D100/><U2/><E78/><V71/><F71/><W33/><G33/><T96/><D96/><U37/><E37/><V54/><F54/><W24/><G24/><T111/><D107/><U60/><E2/><V105/><REACH who="2" step="1"/><F108/><REACH who="2" ten="349,134,255,252" step="2"/><W70/><G70/><T41/><D111/><U121/><E20/><V90/><F90/><W135/><G58/><N who="1" m="22026" /><E121/><V25/><F25/><W132/><G110/><T63/><D14/><U10/><E10/><V133/><F133/><W68/><G68/><T66/><D41/><U92/><E91/><V1/><F1/><W131/><G3/><T72/><D21/><U95/><AGARI ba="0,1" hai="4,11,12,60,61,76,80,84,92,93,95" m="22026" machi="95" ten="30,1100,0" yaku="8,1" doraHai="116" who="1" fromWho="1" sc="349,-3,134,21,255,-5,252,-3" /><INIT seed="3,0,0,4,1,18" ten="346,155,250,249" oya="3" hai0="70,98,30,115,134,47,79,44,95,6,42,106,77" hai1="102,101,23,83,21,29,80,37,56,13,25,36,35" hai2="39,48,91,1,32,2,5,60,93,12,114,88,4" hai3="19,111,78,20,67,82,96,68,94,123,131,61,11"/><W105/><G131/><T72/><D70/><U3/><E3/><V127/><F39/><W34/><G123/><T40/><D106/><U59/><E13/><V126/><F32/><W50/><G111/><T113/><D134/><U27/><E35/><V62/><F12/><W108/><G108/><T107/><D6/><U132/><REACH who="1" step="1"/><E29/><REACH who="1" ten="346,145,250,249" step="2"/><V116/><F1/><W57/><G34/><T52/><D30/><U86/><E86/><V117/><F2/><W99/><G11/><T120/><D72/><U97/><E97/><V124/><F114/><W9/><G9/><T15/><D98/><U7/><E7/><V49/><F124/><W64/><G99/><T65/><D15/><U119/><E119/><V26/><F26/><W81/><G96/><T92/><D107/><U43/><E43/><V109/><F109/><W53/><G105/><T103/><D40/><U71/><E71/><V122/><F122/><W31/><G68/><T10/><D42/><U0/><E0/><V73/><F73/><W14/><G31/><T129/><D10/><U135/><AGARI ba="0,1" hai="21,23,25,27,36,37,56,59,80,83,101,102,132,135" machi="135" ten="25,12000,2" yaku="1,1,0,1,22,2,52,2,53,0" doraHai="18" doraHaiUra="38" who="1" fromWho="1" sc="346,-30,145,130,250,-30,249,-60" /><INIT seed="4,0,0,5,4,37" ten="316,275,220,189" oya="0" hai0="50,87,67,19,117,76,121,124,70,80,3,29,75" hai1="107,51,96,95,54,68,59,48,131,22,64,83,42" hai2="105,56,106,78,109,90,7,127,108,97,85,74,38" hai3="125,46,92,114,66,72,1,23,0,20,30,61,134"/><T93/><D121/><U44/><E107/><V130/><F38/><W122/><G114/><T128/><D117/><U89/><E131/><V21/><F21/><W17/><G134/><T24/><D3/><U88/><E68/><V82/><F7/><W26/><G125/><T32/><D128/><U27/><E64/><V103/><F56/><W35/><G72/><T45/><D124/><U62/><E83/><V47/><F47/><W57/><G122/><T129/><D129/><U9/><E9/><V91/><F130/><W132/><G132/><T40/><D19/><U71/><E71/><V69/><F69/><W120/><G120/><T102/><D102/><U16/><E89/><N who="2" m="33803" /><F127/><W18/><G92/><T31/><D93/><U65/><E65/><V100/><F108/><W53/><G35/><T5/><D5/><U135/><E135/><V6/><F6/><W116/><G30/><T79/><D29/><U123/><E123/><V98/><F109/><W4/><G4/><T101/><D101/><U10/><E10/><V55/><F55/><W8/><G8/><T119/><D119/><U99/><E99/><V15/><F15/><W2/><G116/><T34/><D76/><U58/><E58/><V63/><F63/><AGARI ba="0,0" hai="16,22,27,42,44,48,51,54,59,62,63,88,95,96" machi="63" ten="40,8000,1" yaku="8,1,52,1,54,2" doraHai="37" who="1" fromWho="2" sc="316,0,275,80,220,-80,189,0" /><INIT seed="5,0,0,1,3,130" ten="316,355,140,189" oya="1" hai0="82,122,53,34,23,29,91,110,72,33,129,65,125" hai1="32,123,67,102,15,121,124,99,49,54,7,60,77" hai2="64,81,40,120,11,26,68,52,109,14,27,86,88" hai3="107,74,96,21,13,70,12,30,38,108,10,59,51"/><U18/><E32/><V3/><F3/><W133/><G38/><T66/><D110/><U55/><E7/><V17/><F40/><W131/><G70/><T58/><D129/><U97/><E77/><V47/><F120/><W69/><G69/><T6/><D125/><U76/><E76/><V22/><F109/><W92/><G107/><T78/><D6/><U104/><E124/><V42/><F42/><W80/><G131/><T87/><D122/><U101/><E60/><N who="2" m="39943" /><F22/><W62/><G74/><T37/><D37/><U1/><E67/><V28/><F28/><W73/><G73/><T36/><D36/><U132/><E1/><V61/><F61/><W106/><G106/><T126/><D126/><U25/><E25/><V45/><F45/><W56/><G80/><T79/><D79/><U105/><E49/><AGARI ba="0,0" hai="11,14,17,26,27,47,49,52,81,86,88" m="39943" machi="49" ten="30,3900,0" yaku="25,1,54,2" doraHai="130" who="2" fromWho="1" sc="316,0,355,-39,140,39,189,0" /><INIT seed="6,0,0,4,3,9" ten="316,316,179,189" oya="2" hai0="40,15,27,3,62,24,65,43,34,134,60,135,104" hai1="114,123,11,72,110,17,76,73,25,77,6,51,33" hai2="130,120,19,28,106,64,53,84,7,52,0,32,88" hai3="82,45,39,63,26,37,116,42,49,58,61,36,113"/><V35/><F106/><W70/><G26/><T38/><D3/><U18/><E110/><V99/><F99/><W14/><G14/><T1/><D1/><U103/><E103/><V109/><F120/><W122/><G82/><T68/><D104/><U129/><E114/><V30/><F64/><N who="3" m="41247" /><G116/><T47/><D60/><U132/><E129/><V89/><F130/><W55/><G122/><T12/><D43/><U57/><E132/><N who="0" m="50729" /><D24/><U92/><E25/><V107/><F107/><W83/><G83/><T118/><D118/><U117/><E117/><V90/><F84/><W71/><G113/><T91/><D91/><U29/><E76/><V2/><F19/><W4/><G4/><T22/><D34/><U31/><E33/><V127/><F109/><W111/><G111/><T74/><D74/><U125/><E77/><V66/><F66/><AGARI ba="0,0" hai="36,37,39,42,45,49,55,58,61,66,71" m="41247" machi="66" ten="30,12000,2" yaku="24,1,35,5" doraHai="9" who="3" fromWho="2" sc="316,0,316,0,179,-120,189,120" /><INIT seed="7,0,0,1,0,110" ten="316,316,59,309" oya="3" hai0="63,65,32,96,114,26,127,5,66,134,17,84,90" hai1="69,120,76,79,108,126,74,59,0,81,94,55,23" hai2="100,98,25,38,107,116,20,135,119,106,14,44,35" hai3="15,122,104,29,131,30,33,49,51,133,111,88,118"/><W102/><G118/><T105/><D114/><U24/><E108/><V64/><F14/><W101/><G122/><T42/><D127/><U21/><E120/><V8/><F8/><W47/><G111/><T121/><D121/><U117/><E69/><V31/><F20/><W109/><G109/><T2/><D134/><U4/><E126/><V91/><F91/><W28/><G104/><T112/><D112/><U19/><E117/><V80/><F80/><W115/><G33/><T10/><D42/><U132/><E132/><V92/><F92/><W6/><G115/><T54/><D54/><U97/><E79/><V36/><F107/><W18/><G131/><T50/><D50/><U62/><E23/><V11/><F11/><N who="3" m="4599" /><G133/><T37/><D37/><U99/><E99/><V113/><F113/><W58/><G58/><T93/><D63/><U85/><E4/><V12/><F12/><W71/><G71/><T95/><D105/><U70/><E70/><V89/><F89/><W48/><G47/><T123/><D123/><U125/><E125/><V53/><F135/><W3/><G3/><T128/><D128/><U124/><E124/><V13/><F13/><W68/><G68/><T34/><D34/><U83/><E0/><V57/><F64/><W56/><G56/><T72/><D72/><U129/><E129/><V22/><F35/><W87/><G18/><T16/><D32/><U130/><E130/><V7/><F7/><W27/><G27/><T52/><D52/><U46/><E46/><V39/><F44/><W60/><G60/><T77/><D26/><U103/><E74/><RYUUKYOKU ba="0,0" sc="316,-30,316,10,59,10,309,10" hai1="19,21,24,55,59,62,76,81,83,85,94,97,103" hai2="22,25,31,36,38,39,53,57,98,100,106,116,119" hai3="28,29,30,48,49,51,87,88,101,102" /><INIT seed="7,1,0,0,0,13" ten="286,326,69,319" oya="3" hai0="115,105,10,94,103,67,65,17,54,41,127,0,58" hai1="124,57,125,68,98,126,40,8,2,19,118,50,52" hai2="82,72,28,131,51,102,107,116,104,130,36,5,4" hai3="110,114,29,96,74,22,88,87,55,108,121,122,78"/><W59/><G114/><T45/><D115/><U34/><E34/><V23/><F36/><W99/><G74/><T113/><D105/><U31/><E118/><V86/><F72/><W101/><G78/><T73/><D73/><U44/><E68/><V66/><F51/><N who="3" m="31231" /><G22/><T3/><D113/><U120/><E120/><N who="3" m="46186" /><G29/><T1/><D127/><U71/><E71/><V76/><F23/><W111/><G101/><T91/><D103/><U7/><E31/><V38/><F28/><W15/><G15/><T48/><D10/><U61/><E19/><V46/><F116/><W37/><G37/><T84/><REACH who="0" step="1"/><D17/><REACH who="0" ten="276,326,69,319" step="2"/><U25/><E25/><V9/><F102/><W24/><G24/><T123/><D123/><U97/><AGARI ba="1,1" hai="2,7,8,40,44,50,52,57,61,97,98,124,125,126" machi="97" ten="40,5200,0" yaku="0,1,18,1,54,1" doraHai="13" who="1" fromWho="1" sc="276,-14,326,65,69,-14,319,-27" owari="262,-13.8,391,49.1,55,-44.5,292,9.2" /></mjloggm>