<mjloggm ver="2.3"><GO type="169" lobby="0"/><UN n0="%E4%B8%89%E6%B2%B3%E5%B1%8B%E3%81%AE%E3%82%B5%E3%83%96" n1="%E9%9B%AA%E3%81%AE%E8%8F%AF" n2="%E7%94%98%E5%A4%8F%E3%81%BF%E3%81%8B%E3%82%93" n3="%E3%81%95%E3%81%8F%E3%82%88%E3%81%93%E3%81%A1%E3%82%83%E3%82%93" dan="16,16,16,16" rate="2146.53,2102.81,2149.54,2032.82" sx="M,F,M,M"/><TAIKYOKU oya="0"/><INIT seed="0,0,0,4,1,68" ten="250,250,250,250" oya="0" hai0="33,78,23,67,16,3,40,65,82,29,48,133,10" hai1="129,26,104,114,63,53,22,72,59,100,111,105,106" hai2="56,94,9,127,64,55,18,98,122,7,13,8,131" hai3="118,93,87,121,6,132,90,39,108,14,24,76,130"/><T1/><D133/><U92/><E111/><V11/><F122/><W128/><G121/><T88/><D33/><U4/><E72/><V38/><F131/><N who="3" m="50219" /><G118/><T91/><D29/><U17/><E114/><V120/><F120/><W19/><G108/><T37/><D48/><U58/><E129/><V0/><F127/><W45/><G132/><T115/><D115/><U73/><E73/><V116/><F64/><W46/><G76/><T30/><D30/><U102/><E4/><V85/><F85/><W89/><G39/><T44/><D65/><U86/><E92/><V117/><F11/><N who="3" m="4471" /><G89/><T97/><D67/><U70/><E70/><V49/><REACH who="2" step="1"/><F38/><REACH who="2" ten="250,250,240,250" step="2"/><W107/><G107/><T103/><D10/><U32/><E86/><V79/><F79/><W119/><G119/><T134/><D134/><U71/><E71/><V42/><F42/><W126/><G126/><T36/><D36/><U77/><E77/><V20/><F20/><AGARI ba="0,1" hai="19,20,24,45,46,87,90,93" m="4471,50219" machi="20" ten="30,1000,0" yaku="19,1" doraHai="68" who="3" fromWho="2" sc="250,0,250,0,240,-10,250,20" /><INIT seed="1,0,0,3,4,34" ten="250,250,230,270" oya="1" hai0="116,7,69,91,55,129,111,11,81,132,117,29,61" hai1="46,123,33,54,14,83,72,82,63,130,77,113,18" hai2="106,92,124,44,1,85,36,78,118,74,135,35,3" hai3="47,103,13,27,119,115,10,49,21,42,102,98,24"/><U87/><E123/><V0/><F118/><W22/><G115/><T30/><D111/><U89/><E33/><V16/><F106/><W9/><G119/><T73/><D129/><U122/><E130/><V20/><F35/><W131/><G131/><T121/><D121/><U97/><E122/><V94/><F135/><W84/><G84/><T64/><D132/><U56/><E113/><V62/><F124/><W80/><G80/><T40/><D117/><U88/><E46/><V8/><F62/><W19/><G13/><T126/><D116/><U41/><E41/><N who="2" m="22567" /><F94/><W133/><G133/><T23/><D126/><U48/><E97/><V53/><F53/><W110/><G110/><T50/><D40/><U86/><E72/><V70/><F70/><W108/><G108/><T127/><D23/><U45/><E77/><V105/><F92/><N who="3" m="58695" /><G103/><T4/><D4/><U51/><E45/><V101/><F85/><W26/><G26/><T25/><D25/><U17/><E17/><AGARI ba="0,0" hai="9,10,17,19,21,22,24,27,42,47,49" m="58695" machi="17" ten="30,1000,0" yaku="8,1" doraHai="34" who="3" fromWho="1" sc="250,0,250,-10,230,0,270,10" /><INIT seed="2,0,0,1,5,23" ten="250,240,230,280" oya="2" hai0="124,38,44,4,19,80,84,119,7,13,66,61,26" hai1="40,68,126,3,93,117,79,129,57,110,51,135,50" hai2="41,9,95,106,18,2,100,45,81,125,15,103,35" hai3="71,92,90,118,82,91,65,29,131,127,134,36,107"/><V49/><F125/><W121/><G29/><T22/><D124/><U99/><E126/><V30/><F106/><W88/><G65/><T55/><D119/><U53/><E117/><V10/><F81/><W5/><G5/><T104/><D104/><U33/><E3/><V115/><F115/><W74/><G82/><T32/><D32/><U62/><E110/><V46/><F46/><W101/><G101/><T27/><D38/><U52/><E68/><V116/><F116/><W60/><G60/><T70/><D4/><U113/><E33/><V34/><F34/><W43/><G43/><T54/><D7/><U69/><E113/><V109/><F109/><W31/><G31/><T14/><D14/><U132/><E79/><V73/><F73/><W108/><G92/><T112/><D112/><U56/><E69/><V28/><F28/><W1/><G91/><T111/><D111/><U63/><E129/><V76/><F76/><W12/><G88/><T72/><D72/><U133/><E40/><V58/><F95/><W87/><G90/><AGARI ba="0,0" hai="50,51,52,53,56,57,62,63,90,93,99,132,133,135" machi="90" ten="40,5200,0" yaku="9,1,20,1,54,1" doraHai="23" who="1" fromWho="3" sc="250,0,240,52,230,0,280,-52" /><INIT seed="3,0,0,1,5,63" ten="250,292,230,228" oya="3" hai0="51,77,124,83,75,55,0,117,49,44,97,82,65" hai1="114,40,100,7,110,67,96,99,131,3,66,125,113" hai2="94,6,34,33,62,29,107,104,128,43,73,23,86" hai3="14,1,45,76,35,10,102,61,103,30,26,78,60"/><W130/><G130/><T70/><D117/><U53/><E110/><V58/><F73/><W24/><G1/><T95/><D124/><U112/><E40/><V135/><F128/><W89/><G24/><T88/><D0/><U28/><E28/><V56/><F135/><W90/><G45/><T5/><D5/><U12/><E3/><V134/><F134/><W126/><G126/><T121/><D121/><U74/><E74/><V13/><F43/><W8/><G26/><T115/><D115/><U59/><E131/><V79/><F58/><W119/><G14/><T132/><D132/><U39/><E39/><V111/><F111/><W37/><G30/><T81/><REACH who="0" step="1"/><D51/><REACH who="0" ten="240,292,230,228" step="2"/><U38/><E125/><V109/><F6/><W2/><G2/><T120/><D120/><U129/><E129/><V47/><F109/><W36/><REACH who="3" step="1"/><G35/><REACH who="3" ten="240,292,230,218" step="2"/><T71/><D71/><U80/><E112/><V15/><F33/><W87/><G87/><T105/><D105/><U98/><E113/><V92/><F107/><W31/><G31/><T42/><D42/><U50/><E114/><V22/><F104/><W123/><G123/><T127/><D127/><U85/><E38/><V106/><F106/><W116/><AGARI ba="0,2" hai="8,10,36,37,60,61,76,78,89,90,102,103,116,119" machi="116" ten="25,9600,0" yaku="1,1,0,1,22,2,53,0" doraHai="63" doraHaiUra="64" who="3" fromWho="3" sc="240,-32,292,-32,230,-32,218,116" /><INIT seed="3,1,0,2,5,20" ten="208,260,198,334" oya="3" hai0="55,82,44,90,130,125,31,40,119,104,97,98,93" hai1="62,3,73,47,29,74,61,122,111,66,76,91,18" hai2="108,21,42,64,134,51,67,56,135,114,54,116,53" hai3="59,9,112,105,50,23,28,115,80,71,123,27,124"/><W99/><G71/><T33/><D119/><U63/><E122/><V12/><F116/><W88/><G123/><T106/><D130/><U16/><E3/><V110/><F12/><W11/><G124/><T94/><D125/><U7/><E7/><V100/><F100/><W120/><G120/><T89/><D55/><U17/><E76/><V24/><F114/><W117/><G117/><T132/><D132/><N who="2" m="50730" /><F42/><W32/><G32/><T36/><REACH who="0" step="1"/><D82/><REACH who="0" ten="198,260,198,334" step="2"/><U77/><E111/><N who="2" m="42539" /><F54/><W129/><G80/><T133/><D133/><U0/><E66/><V35/><F35/><W34/><G34/><T102/><D102/><U101/><E101/><V78/><F78/><W121/><G129/><T68/><D68/><U6/><E77/><V85/><F85/><W8/><G115/><T127/><D127/><U87/><E73/><V4/><F4/><W118/><G112/><T57/><D57/><U2/><E74/><V26/><F21/><W5/><G23/><T84/><D84/><U45/><E6/><V126/><F126/><W95/><G5/><T14/><D14/><U43/><E43/><V69/><F67/><W113/><G113/><T19/><D19/><U103/><E103/><V72/><F72/><W70/><G70/><T81/><D81/><N who="1" m="49647" /><E0/><V92/><F92/><W65/><G118/><T131/><D131/><U10/><E2/><V49/><F64/><W13/><G121/><T1/><D1/><U96/><E10/><V128/><F128/><W75/><G75/><T22/><D22/><U79/><E17/><V25/><F69/><W30/><G65/><T39/><D39/><RYUUKYOKU ba="1,1" sc="198,15,260,-15,198,15,334,-15" hai0="31,33,36,40,44,89,90,93,94,97,98,104,106" hai2="24,25,26,49,51,53,56" /><INIT seed="4,2,1,4,0,114" ten="213,245,213,319" oya="0" hai0="67,124,78,69,101,113,123,99,63,109,9,103,70" hai1="6,52,104,19,54,96,76,87,8,108,35,120,88" hai2="116,37,118,36,59,50,28,64,130,45,60,83,49" hai3="65,15,0,72,95,66,25,94,80,48,5,31,11"/><T44/><D123/><U41/><E108/><V12/><F28/><W110/><G110/><T26/><D109/><U33/><E120/><V117/><F130/><W18/><G48/><T61/><D113/><U105/><E41/><V85/><F12/><W134/><G134/><T125/><D78/><U42/><E42/><N who="2" m="22727" /><F37/><W90/><G72/><T13/><D44/><U55/><E76/><AGARI ba="2,1" hai="49,50,59,60,64,76,83,85,116,117,118" m="22727" machi="76" ten="30,7700,0" yaku="12,1,52,3" doraHai="114" who="2" fromWho="1" sc="213,0,245,-83,213,93,319,0" /><INIT seed="5,0,0,1,4,37" ten="213,162,306,319" oya="1" hai0="121,96,103,100,19,62,5,53,41,60,51,28,54" hai1="119,99,20,126,94,44,29,9,17,120,52,42,18" hai2="71,112,89,24,108,80,36,75,22,34,46,45,111" hai3="15,114,109,0,77,122,101,79,74,84,70,76,91"/><U11/><E119/><V67/><F34/><W102/><G0/><T21/><D121/><U38/><E120/><V86/><F75/><W2/><G2/><T104/><D5/><U105/><E126/><V16/><F112/><W78/><G15/><T12/><D103/><U87/><E105/><V131/><F131/><W4/><G4/><T23/><D53/><U64/><E64/><V68/><F67/><W124/><G70/><T66/><D41/><U135/><E135/><V43/><REACH who="2" step="1"/><F46/><REACH who="2" ten="213,162,296,319" step="2"/><W82/><G114/><T116/><D66/><U97/><E29/><V130/><F130/><W92/><G122/><T56/><D116/><U1/><E1/><V133/><F133/><W13/><G124/><T95/><REACH who="0" step="1"/><D104/><REACH who="0" ten="203,162,296,319" step="2"/><U14/><E52/><V93/><F93/><W69/><G92/><T73/><D73/><U59/><E59/><V10/><F10/><W81/><G74/><T125/><D125/><U132/><E132/><V30/><F30/><W63/><G69/><AGARI ba="0,2" hai="16,22,24,36,43,45,68,69,71,80,86,89,108,111" machi="69" ten="40,5200,0" yaku="1,1,52,1,54,1,53,0" doraHai="37" doraHaiUra="115" who="2" fromWho="3" sc="203,0,162,0,296,72,319,-52" /><INIT seed="6,0,0,1,1,96" ten="203,162,368,267" oya="2" hai0="99,22,113,20,107,21,97,9,128,118,24,17,49" hai1="0,13,81,68,32,18,4,117,37,89,69,122,38" hai2="104,74,73,27,54,130,129,50,7,15,78,127,59" hai3="57,3,61,33,66,14,93,48,70,86,106,101,80"/><V51/><F127/><W64/><G3/><T79/><D113/><U133/><E117/><V26/><F104/><W23/><G33/><T121/><D121/><U112/><E32/><V90/><F90/><W116/><G116/><T46/><D118/><U44/><E112/><V103/><F78/><W6/><G106/><T123/><D123/><U45/><E122/><V2/><F2/><W91/><G48/><T53/><D128/><U132/><E4/><V131/><F51/><W35/><G35/><T62/><D79/><U1/><E89/><V43/><F43/><W76/><G101/><T110/><D110/><U52/><E81/><V34/><F103/><W11/><G23/><N who="0" m="8779" /><D107/><U25/><E25/><N who="2" m="9227" /><F34/><W119/><G119/><T65/><D9/><AGARI ba="0,0" hai="7,9,15,50,54,59,73,74,129,130,131" m="9227" machi="9" ten="40,2000,0" yaku="19,1" doraHai="96" who="2" fromWho="0" sc="203,-20,162,0,368,20,267,0" /><INIT seed="6,1,0,4,1,10" ten="183,162,388,267" oya="2" hai0="42,71,100,112,126,38,60,25,87,61,107,106,105" hai1="21,45,108,120,50,26,17,68,98,92,15,72,66" hai2="69,95,125,44,11,109,39,24,84,3,37,47,117" hai3="80,52,76,135,73,99,13,121,119,22,49,54,83"/><V94/><F117/><W93/><G121/><T55/><D112/><U82/><E108/><V29/><F69/><W116/><G83/><T104/><D126/><U8/><E120/><V14/><F3/><W118/><G135/><T110/><D110/><U56/><E68/><V70/><F70/><W6/><G49/><T75/><D75/><U4/><E82/><V133/><F133/><W53/><G6/><T115/><D115/><U36/><E72/><V28/><F28/><W123/><G123/><T65/><D87/><U32/><E32/><V111/><F125/><W101/><REACH who="3" step="1"/><G118/><REACH who="3" ten="183,162,388,257" step="2"/><T81/><D81/><U23/><E36/><V79/><F39/><W18/><AGARI ba="1,1" hai="13,18,22,52,53,54,73,76,80,93,99,101,116,119" machi="18" ten="30,12000,2" yaku="1,1,2,1,0,1,52,1,54,1,53,1" doraHai="10" doraHaiUra="77" who="3" fromWho="3" sc="183,-31,162,-31,388,-61,257,133" /><INIT seed="7,0,0,4,5,59" ten="152,131,327,390" oya="3" hai0="73,16,66,102,40,7,115,1,124,23,8,70,27" hai1="47,75,61,82,67,72,91,55,52,25,113,14,105" hai2="34,135,97,68,48,108,86,38,99,89,54,110,9" hai3="17,44,57,56,36,4,84,94,24,26,45,51,87"/><W65/><G4/><T0/><D124/><U100/><E113/><V133/><F34/><W88/><G36/><T28/><D115/><U106/><E14/><V132/><F38/><W98/><G45/><T60/><D73/><U10/><E10/><V130/><BYE who="1" /><F130/><W90/><G17/><UN n1="%E9%9B%AA%E3%81%AE%E8%8F%AF" /><T93/><D40/><U33/><E105/><V95/><F68/><W64/><G98/><T127/><D127/><U42/><E100/><V49/><F9/><W83/><G57/><T116/><D116/><U21/><E106/><V32/><F32/><W15/><G15/><T79/><D79/><U53/><E33/><V29/><F29/><W13/><G13/><T128/><D128/><U129/><E129/><V77/><F54/><N who="3" m="31839" /><G44/><T85/><D0/><U31/><E91/><V101/><F48/><W74/><G74/><T126/><D126/><U3/><E3/><V63/><F49/><W114/><G114/><T96/><REACH who="0" step="1"/><D85/><REACH who="0" ten="142,131,327,390" step="2"/><U107/><E107/><N who="2" m="63919" /><F63/><W22/><G22/><T19/><AGARI ba="0,1" hai="1,7,8,16,19,23,27,28,60,66,70,93,96,102" machi="19" ten="30,7900,0" yaku="1,1,0,1,52,1,54,1,53,0" doraHai="59" doraHaiUra="109" who="0" fromWho="0" sc="142,89,131,-20,327,-20,390,-39" owari="231,-16.9,111,-38.9,307,10.7,351,45.1" /></mjloggm>