<mjloggm ver="2.3"><GO type="169" lobby="0"/><UN n0="%61%6B%69%62%61%62%61%6E" n1="%72%65%6E%6A%69%38%33" n2="%43%72%37" n3="%37%34%31%34%4E%6D%73%6C" dan="17,17,18,16" rate="2157.67,2217.88,2221.30,2051.89" sx="M,M,M,M"/><TAIKYOKU oya="0"/><INIT seed="0,0,0,0,0,124" ten="250,250,250,250" oya="0" hai0="57,14,2,26,30,119,71,77,38,19,76,12,89" hai1="75,86,43,126,65,88,116,31,133,125,11,34,29" hai2="3,66,106,28,104,97,55,60,10,42,94,32,48" hai3="56,40,113,108,6,80,5,120,98,81,27,87,54"/><T41/><D71/><U69/><E116/><V79/><F42/><W128/><G113/><T0/><D119/><U22/><E75/><V61/><F79/><W78/><G108/><T85/><D0/><U35/><E133/><V105/><F32/><N who="1" m="12329" /><E43/><V7/><F28/><W122/><G40/><T33/><D2/><U118/><E118/><V70/><F61/><W135/><G135/><T74/><D74/><U63/><E22/><V58/><REACH who="2" step="1"/><F106/><REACH who="2" ten="250,250,240,250" step="2"/><W8/><G120/><T52/><D41/><U53/><E53/><V111/><F111/><W100/><G122/><T131/><D77/><U49/><E49/><V110/><F110/><W21/><G54/><T24/><D76/><U47/><E29/><V90/><AGARI ba="0,1" hai="3,7,10,48,55,58,60,66,70,90,94,97,104,105" machi="90" ten="20,5200,0" yaku="1,1,0,1,7,1,53,1" doraHai="124" doraHaiUra="62" who="2" fromWho="2" sc="250,-26,250,-13,240,62,250,-13" /><INIT seed="1,0,0,1,1,85" ten="224,237,302,237" oya="1" hai0="32,107,48,0,100,125,128,6,38,84,87,112,102" hai1="124,36,93,121,83,55,56,120,77,26,81,86,95" hai2="115,133,53,29,108,117,110,78,88,4,135,126,97" hai3="116,20,42,19,99,68,80,14,75,11,114,45,61"/><U49/><E36/><V104/><F117/><W28/><G114/><T113/><D38/><U5/><E124/><V111/><F126/><W63/><G116/><T89/><D125/><U127/><E127/><V65/><F115/><W59/><G68/><T70/><D32/><U50/><E5/><V66/><F78/><W129/><G129/><T82/><D70/><U27/><E120/><V123/><F123/><W37/><G63/><T90/><D6/><U58/><E121/><V15/><F29/><W69/><G69/><T60/><D60/><U7/><E7/><V34/><F34/><W35/><G35/><T106/><D48/><U131/><E131/><V22/><F53/><W39/><G39/><T43/><D43/><U96/><E83/><V67/><F104/><N who="0" m="39978" /><D0/><U18/><E93/><N who="2" m="56487" /><F22/><W13/><G80/><N who="0" m="49287" /><D128/><U16/><E58/><V101/><F101/><AGARI ba="0,0" hai="82,87,90,100,101,102,112,113" m="49287,39978" machi="101" ten="30,7700,0" yaku="34,2,52,2" doraHai="85" who="0" fromWho="2" sc="224,77,237,0,302,-77,237,0" /><INIT seed="2,0,0,4,5,122" ten="301,237,225,237" oya="2" hai0="89,92,129,84,99,2,44,65,105,87,116,98,75" hai1="80,53,127,126,66,18,58,76,60,49,19,38,107" hai2="33,27,90,23,68,50,10,69,13,128,78,112,93" hai3="41,25,96,77,16,56,64,109,15,8,113,82,28"/><V57/><F112/><W55/><G113/><T35/><D2/><U71/><E107/><V72/><F33/><W95/><G41/><T85/><D35/><U12/><E38/><V0/><F0/><W125/><G125/><N who="1" m="47626" /><E12/><V110/><F128/><W43/><G43/><T70/><D70/><U134/><E134/><V115/><F115/><W119/><G119/><T101/><D65/><U83/><E83/><V59/><F72/><AGARI ba="0,0" hai="18,19,49,53,58,60,66,71,72,76,80" m="47626" machi="72" ten="30,1000,0" yaku="18,1" doraHai="122" who="1" fromWho="2" sc="301,0,237,10,225,-10,237,0" /><INIT seed="3,0,0,0,4,5" ten="301,247,215,237" oya="3" hai0="48,109,17,88,50,33,73,82,27,38,119,97,98" hai1="34,111,77,114,129,61,132,8,15,69,53,95,89" hai2="46,103,36,28,55,67,78,57,13,91,83,108,22" hai3="18,44,49,86,122,100,14,12,128,52,90,32,96"/><W30/><G122/><T4/><D119/><U70/><E114/><V105/><F108/><W120/><G120/><T29/><D109/><U131/><E34/><V126/><F126/><W135/><G128/><N who="1" m="49226" /><E111/><V68/><F91/><W93/><G135/><T104/><D38/><U107/><E107/><V81/><F105/><W54/><G32/><T31/><D31/><U84/><E132/><V87/><F103/><W125/><G30/><T127/><D127/><U35/><E35/><V65/><F68/><W76/><G76/><T6/><D17/><N who="1" m="8423" /><E77/><V66/><F83/><W56/><G125/><T7/><D73/><U9/><E9/><V115/><F115/><W92/><REACH who="3" step="1"/><G18/><REACH who="3" ten="301,247,215,227" step="2"/><T0/><D0/><U102/><E102/><V51/><F28/><W63/><AGARI ba="0,1" hai="12,14,44,49,52,54,56,63,86,90,92,93,96,100" machi="63" ten="20,18000,2" yaku="1,1,2,1,0,1,7,1,8,1,54,1,53,1" doraHai="5" doraHaiUra="43" who="3" fromWho="3" sc="301,-60,247,-60,215,-60,227,190" /><INIT seed="3,1,0,0,1,13" ten="241,187,155,417" oya="3" hai0="72,85,120,17,84,71,76,79,135,70,75,9,89" hai1="44,29,11,31,64,83,111,6,77,69,21,40,4" hai2="37,101,98,48,5,8,25,74,131,15,34,23,68" hai3="36,16,46,93,115,107,99,121,130,106,87,12,62"/><W123/><G115/><T56/><D120/><U122/><E122/><V39/><F131/><W10/><G130/><T94/><D135/><U38/><E111/><V0/><F74/><W92/><G123/><T86/><D56/><U65/><E6/><V32/><F68/><W117/><G117/><T105/><D70/><U96/><E96/><V28/><F48/><W114/><G114/><T67/><D67/><U27/><E31/><V24/><F34/><W118/><G118/><T102/><D71/><U100/><E100/><V110/><F110/><W53/><G36/><T20/><D9/><U66/><E69/><V45/><F45/><W43/><G121/><T81/><D17/><U50/><E65/><V49/><F49/><W22/><G22/><T116/><D20/><U59/><E59/><V47/><F47/><W112/><G112/><T124/><D124/><U18/><E29/><V119/><F25/><W60/><G87/><N who="0" m="33355" /><D116/><U35/><E35/><V108/><F108/><W104/><G43/><T129/><D129/><U126/><E126/><V133/><F133/><W78/><G78/><N who="0" m="44255" /><D72/><N who="1" m="43431" /><E50/><V80/><F119/><W54/><G46/><T55/><D55/><U33/><E33/><V91/><F0/><AGARI ba="1,0" hai="0,4,11,18,21,27,38,40,44,64,66" m="43431" machi="0" ten="30,2000,0" yaku="25,1,52,1" doraHai="13" who="1" fromWho="2" sc="241,0,187,23,155,-23,417,0" /><INIT seed="4,0,0,2,1,97" ten="241,210,132,417" oya="0" hai0="123,4,85,79,96,28,131,98,78,74,70,62,116" hai1="49,59,37,126,129,38,30,53,39,132,29,36,125" hai2="102,118,32,65,17,35,43,108,82,104,31,115,113" hai3="25,51,135,95,61,124,55,110,22,77,134,45,11"/><T5/><D116/><U13/><E129/><V58/><F108/><W87/><G110/><T83/><D131/><U54/><E132/><N who="3" m="50730" /><G124/><N who="1" m="47722" /><E38/><V66/><F43/><W117/><G117/><T111/><D123/><U67/><E67/><V106/><F118/><W40/><G11/><T84/><D111/><U20/><E53/><V10/><F82/><N who="3" m="47567" /><G95/><T99/><D28/><U93/><E93/><V7/><F17/><AGARI ba="0,0" hai="13,17,20,29,30,36,37,39,49,54,59" m="47722" machi="17" ten="40,1300,0" yaku="18,1" doraHai="97" who="1" fromWho="2" sc="241,0,210,13,132,-13,417,0" /><INIT seed="5,0,0,3,3,26" ten="241,223,119,417" oya="1" hai0="100,129,99,37,79,107,27,71,102,50,124,55,56" hai1="57,111,49,22,89,108,134,63,17,23,132,74,83" hai2="80,29,127,104,126,36,78,73,110,113,30,115,11" hai3="120,20,3,35,31,85,15,97,122,42,112,51,131"/><U103/><E103/><V52/><F110/><N who="1" m="42025" /><E49/><V98/><F36/><W9/><G112/><N who="2" m="43081" /><F11/><W34/><G97/><T84/><D129/><U121/><E121/><V118/><F118/><W130/><G85/><T86/><D124/><N who="2" m="47658" /><F52/><W16/><G42/><T61/><D100/><AGARI ba="0,0" hai="29,30,73,78,80,98,100,104" m="47658,43081" machi="100" ten="30,8000,1" yaku="15,1,11,1,18,1,52,2" doraHai="26" who="2" fromWho="0" sc="241,-80,223,0,119,80,417,0" /><INIT seed="6,0,0,3,4,83" ten="161,223,199,417" oya="2" hai0="26,52,53,34,65,103,86,113,127,116,96,19,107" hai1="104,109,23,51,134,105,74,59,130,79,132,37,82" hai2="21,29,133,38,40,118,58,78,89,129,90,125,30" hai3="25,123,41,91,69,122,56,12,31,9,36,72,93"/><V117/><F78/><W48/><G69/><T2/><D2/><U32/><E32/><V62/><F129/><W35/><G36/><T101/><D113/><U135/><E109/><V76/><F76/><W108/><G72/><T10/><D127/><U94/><E37/><V64/><F125/><W87/><G108/><T114/><D114/><U13/><E130/><V63/><F133/><W81/><G93/><T22/><D116/><U27/><E13/><V43/><F38/><W16/><REACH who="3" step="1"/><G56/><REACH who="3" ten="161,223,199,407" step="2"/><T3/><D101/><U84/><E94/><V131/><F131/><W70/><G70/><T17/><D34/><U39/><E39/><V61/><F58/><W119/><G119/><T57/><D65/><U18/><E74/><V92/><F64/><W80/><G80/><T1/><D57/><U0/><E59/><V28/><F92/><W71/><G71/><T102/><D102/><U49/><E105/><V120/><F118/><W121/><G121/><T100/><D100/><U85/><E104/><V47/><F120/><W126/><G126/><T98/><D98/><U6/><E85/><V46/><F117/><W99/><G99/><T11/><D86/><U77/><E77/><V128/><F128/><W66/><G66/><T4/><REACH who="0" step="1"/><D17/><REACH who="0" ten="151,223,199,407" step="2"/><U95/><E18/><V8/><F63/><W7/><G7/><AGARI ba="0,2" hai="1,3,4,7,10,11,19,22,26,52,53,96,103,107" machi="7" ten="40,8000,1" yaku="1,1,2,1,9,1,54,1,53,1" doraHai="83" doraHaiUra="15" who="0" fromWho="3" sc="151,100,223,0,199,0,407,-80" /><INIT seed="7,0,0,5,0,33" ten="251,223,199,327" oya="3" hai0="22,88,61,102,4,38,37,57,21,39,114,116,41" hai1="85,97,84,60,9,105,125,46,74,71,13,16,93" hai2="70,15,104,55,54,10,5,121,99,29,134,19,129" hai3="0,31,3,77,127,27,111,91,126,132,115,53,25"/><W90/><G115/><T107/><D116/><U68/><E74/><V95/><F70/><W28/><G132/><T59/><D41/><U69/><E125/><N who="3" m="47626" /><G77/><T83/><D102/><U51/><E105/><V118/><F118/><W122/><G122/><T108/><D107/><U45/><E60/><V117/><F117/><W89/><G111/><T103/><D103/><U1/><E1/><N who="3" m="586" /><G53/><T131/><D108/><U100/><REACH who="1" step="1"/><E45/><REACH who="1" ten="251,213,199,327" step="2"/><V106/><F104/><W86/><G86/><T67/><D114/><U32/><E32/><V73/><F106/><W8/><G8/><T124/><D124/><U82/><E82/><V44/><F44/><W110/><G110/><T133/><D83/><U112/><E112/><V26/><F73/><W79/><G79/><T30/><D133/><U24/><E24/><AGARI ba="0,1" hai="24,25,27,28,31,89,90,91" m="586,47626" machi="24" ten="40,18000,2" yaku="28,2,18,1,52,3" doraHai="33" who="3" fromWho="1" sc="251,0,213,-180,199,0,327,190" owari="251,5.1,33,-46.7,199,-20.1,517,61.7" /></mjloggm>