<mjloggm ver="2.3"><GO type="169" lobby="0"/><UN n0="%65%6B%61%72%75%74%65" n1="%E3%83%9D%E3%83%B3%E3%81%98%E3%81%84%E3%81%95%E3%82%93" n2="%E3%83%90%E3%82%AD" n3="%E3%81%82%E3%81%A3%E3%81%8D%EF%BD%9E%E2%99%AA" dan="16,16,16,16" rate="2094.31,2095.88,2179.68,2076.48" sx="M,F,M,M"/><TAIKYOKU oya="0"/><INIT seed="0,0,0,2,2,5" ten="250,250,250,250" oya="0" hai0="27,55,0,28,126,53,2,111,71,24,21,14,113" hai1="106,80,6,91,118,37,112,25,79,125,122,49,65" hai2="63,127,13,75,116,74,117,88,66,90,84,77,109" hai3="64,36,128,54,133,23,39,105,43,92,94,35,61"/><T58/><D113/><U32/><E112/><V70/><F109/><W3/><G133/><T83/><D71/><U34/><E118/><N who="2" m="45675" /><F127/><W18/><G128/><T123/><D123/><U41/><E49/><V114/><F114/><W119/><G35/><T68/><D68/><U101/><E91/><N who="2" m="34859" /><F13/><W62/><G105/><T26/><D126/><U107/><E65/><V17/><F17/><W135/><G135/><T124/><D124/><U46/><E122/><V19/><F19/><W38/><G3/><T73/><D2/><U131/><E131/><V8/><F8/><W9/><G119/><T11/><D0/><U10/><E125/><V51/><F51/><W47/><G9/><T76/><D111/><U42/><E42/><V52/><F52/><W104/><G104/><T48/><REACH who="0" step="1"/><D55/><REACH who="0" ten="240,250,250,250" step="2"/><U97/><E107/><V85/><F77/><W98/><G54/><T4/><AGARI ba="0,1" hai="4,11,14,21,24,26,27,28,48,53,58,73,76,83" machi="4" ten="20,12000,1" yaku="1,1,2,1,0,1,7,1,52,1,53,0" doraHai="5" doraHaiUra="81" who="0" fromWho="0" sc="240,130,250,-40,250,-40,250,-40" /><INIT seed="0,1,0,1,4,36" ten="370,210,210,210" oya="0" hai0="120,89,62,11,83,94,134,59,25,131,70,34,100" hai1="60,68,55,111,46,124,28,57,35,14,76,47,87" hai2="17,63,106,73,40,96,5,85,95,43,67,3,64" hai3="114,135,19,78,88,39,23,80,37,81,66,41,104"/><T130/><D120/><U6/><E111/><V65/><F73/><W42/><G114/><T92/><D70/><U112/><E124/><V75/><F75/><W105/><G135/><T127/><D134/><U79/><E112/><V122/><F122/><W133/><G133/><T115/><D115/><U18/><E35/><V128/><F128/><W50/><G66/><T4/><D127/><U26/><E6/><V0/><F63/><W10/><G10/><T77/><D100/><U1/><E1/><V30/><F30/><W13/><G39/><T61/><D61/><U69/><E69/><V21/><F85/><W51/><G37/><T129/><D89/><U22/><E68/><V84/><F84/><N who="3" m="50191" /><G105/><T32/><D83/><U108/><E108/><V97/><F106/><W86/><G104/><T125/><D77/><U53/><E87/><V2/><F5/><W107/><G107/><T29/><D34/><U58/><E79/><V7/><F7/><W121/><G121/><T56/><D125/><U90/><E90/><V116/><F116/><W54/><G51/><T15/><REACH who="0" step="1"/><D59/><AGARI ba="1,0" hai="13,19,23,41,42,50,54,59,78,80,86" m="50191" machi="59" ten="30,7700,0" yaku="8,1,52,2,54,1" doraHai="36" who="3" fromWho="0" sc="370,-80,210,0,210,0,210,80" /><INIT seed="1,0,0,4,0,32" ten="290,210,210,290" oya="1" hai0="6,5,64,58,123,63,61,3,56,50,76,96,78" hai1="51,4,41,126,54,33,9,85,82,122,36,31,106" hai2="12,66,127,88,71,27,59,60,108,20,55,113,39" hai3="119,1,125,99,103,28,94,79,83,91,131,45,46"/><U116/><E116/><V107/><F107/><W49/><G119/><T18/><D123/><U120/><E106/><V48/><F108/><W112/><G112/><T2/><D50/><U13/><E126/><V132/><F127/><W87/><G125/><T93/><D18/><U80/><E36/><V14/><F132/><W0/><G131/><T37/><D37/><U8/><E82/><V16/><F113/><W19/><G28/><T117/><D93/><U90/><E41/><V25/><F39/><W105/><G19/><T109/><D117/><U92/><E92/><V134/><F134/><W135/><G135/><T22/><D22/><U62/><E62/><V29/><REACH who="2" step="1"/><F88/><REACH who="2" ten="290,210,200,290" step="2"/><W73/><REACH who="3" step="1"/><G45/><REACH who="3" ten="290,210,200,280" step="2"/><T95/><D109/><U11/><E122/><V101/><F101/><W77/><G77/><T42/><D78/><U128/><E120/><V17/><F17/><W121/><G121/><T57/><D76/><U30/><E128/><V38/><F38/><W70/><G70/><T133/><D133/><U75/><E75/><V97/><F97/><W104/><G104/><T72/><D96/><U102/><E102/><V89/><F89/><W68/><G68/><T65/><D72/><U43/><E30/><V111/><F111/><W15/><G15/><T118/><D118/><U23/><E13/><V81/><F81/><W129/><G129/><T98/><D98/><U52/><E80/><V110/><F110/><W84/><G84/><T74/><D74/><U53/><E85/><V69/><F69/><W7/><G7/><T130/><D130/><U124/><E4/><V26/><F26/><RYUUKYOKU ba="0,2" sc="290,-15,210,-15,200,15,280,15" hai2="12,14,16,20,25,27,29,48,55,59,60,66,71" hai3="0,1,46,49,73,79,83,87,91,94,99,103,105" /><INIT seed="2,1,2,1,0,43" ten="275,195,215,295" oya="2" hai0="131,58,79,46,7,24,110,102,47,78,29,11,76" hai1="126,2,96,54,8,77,48,91,5,22,108,20,10" hai2="107,114,123,122,52,98,72,105,90,32,65,31,80" hai3="133,61,53,84,25,30,113,74,112,18,118,97,16"/><V55/><F114/><N who="3" m="44139" /><G118/><T134/><D110/><U75/><E108/><V121/><F65/><W23/><G133/><T87/><D134/><U50/><E126/><V1/><F1/><W35/><G74/><T19/><D131/><U103/><E75/><V92/><F31/><W14/><G97/><T106/><D106/><U69/><E77/><V3/><F32/><W67/><G84/><T127/><D127/><U117/><E69/><V85/><F3/><W99/><G99/><T64/><D19/><U0/><E91/><V59/><F72/><W66/><G18/><T15/><D102/><U73/><E50/><V62/><REACH who="2" step="1"/><F55/><REACH who="2" ten="275,195,205,295" step="2"/><W13/><G13/><T104/><D64/><U124/><E73/><V93/><F93/><W12/><G12/><T33/><D104/><U135/><E135/><V28/><F28/><W100/><G100/><AGARI ba="1,3" hai="52,59,62,80,85,90,92,98,100,105,107,121,122,123" machi="100" ten="40,7700,0" yaku="1,1,54,1,53,1" doraHai="43" doraHaiUra="89" who="2" fromWho="3" sc="275,0,195,0,205,110,295,-80" /><INIT seed="2,2,0,0,5,127" ten="275,195,315,215" oya="2" hai0="2,106,120,72,45,132,44,84,116,55,111,0,39" hai1="64,13,26,74,17,67,77,14,130,25,108,41,57" hai2="69,40,73,20,18,34,95,83,112,36,65,1,7" hai3="125,94,105,101,51,24,135,102,30,35,121,76,91"/><V70/><F112/><W134/><G125/><T128/><RYUUKYOKU type="yao9" ba="2,0" sc="275,0,195,0,315,0,215,0" hai0="0,2,39,44,45,55,72,84,106,111,116,120,128,132" /><INIT seed="2,3,0,3,4,70" ten="275,195,315,215" oya="2" hai0="80,5,9,122,28,12,21,94,127,133,110,31,65" hai1="116,100,43,105,118,33,62,90,108,77,30,0,73" hai2="76,78,115,47,85,114,81,126,112,54,52,19,113" hai3="101,97,29,27,69,89,134,83,63,22,60,44,131"/><V23/><N who="2" m="28672" /><DORA hai="79" /><V72/><F126/><W55/><G134/><T129/><D122/><U98/><E108/><V92/><F47/><W107/><G131/><T132/><D110/><U95/><E0/><V16/><F19/><W102/><G102/><T103/><D129/><U45/><E62/><V34/><F34/><W68/><G63/><T48/><D65/><U39/><E30/><V74/><F92/><W11/><G11/><T84/><D127/><U53/><E53/><V24/><F85/><W57/><REACH who="3" step="1"/><G44/><REACH who="3" ten="275,195,315,205" step="2"/><T40/><D132/><U8/><E8/><V20/><REACH who="2" step="1"/><F23/><REACH who="2" ten="275,195,305,205" step="2"/><W120/><G120/><T128/><D21/><U50/><E33/><V82/><AGARI ba="3,2" hai="16,20,24,52,54,72,74,76,78,81,82" m="28672" machi="82" ten="60,48000,5" yaku="1,1,2,1,0,1,9,1,52,2,54,2,53,6" doraHai="70,79" doraHaiUra="109,75" who="2" fromWho="2" sc="275,-163,195,-163,305,509,205,-163" /><INIT seed="2,4,0,0,3,95" ten="112,32,814,42" oya="2" hai0="125,22,110,93,38,81,116,45,16,129,112,105,114" hai1="123,134,82,109,63,34,65,121,85,28,132,78,1" hai2="13,23,70,37,14,133,27,48,117,135,50,61,124" hai3="98,52,115,130,17,67,53,4,66,69,5,76,47"/><V43/><F117/><W21/><G130/><T84/><D105/><U7/><E109/><V32/><F32/><W35/><G115/><T36/><D110/><U8/><E28/><V15/><F124/><W2/><G35/><T122/><D122/><N who="1" m="46603" /><E34/><V42/><F70/><AGARI ba="4,0" hai="1,7,8,63,65,70,78,82,85,132,134" m="46603" machi="70" ten="30,1000,0" yaku="13,1" doraHai="95" who="1" fromWho="2" sc="112,0,32,22,814,-22,42,0" /><INIT seed="3,0,0,1,5,19" ten="112,54,792,42" oya="3" hai0="123,131,25,8,0,91,38,9,128,21,28,54,113" hai1="48,26,11,5,29,72,104,77,10,112,129,43,120" hai2="69,40,115,36,32,87,27,30,85,107,99,23,33" hai3="133,62,53,79,41,34,1,122,17,75,114,35,37"/><W116/><G114/><T24/><D38/><U20/><E120/><V64/><F115/><W61/><G122/><T80/><D123/><U130/><E104/><V124/><F124/><W49/><G116/><T92/><D113/><U70/><E70/><V82/><F40/><W127/><G127/><T119/><D119/><U16/><E112/><V97/><F36/><W100/><G133/><T103/><D0/><U111/><E111/><V134/><F134/><W135/><G1/><T13/><D103/><U42/><E72/><V55/><F55/><W44/><G135/><T81/><D54/><U7/><E77/><V84/><F33/><W93/><G79/><T66/><D66/><U15/><E48/><V45/><F45/><W63/><G75/><T12/><D92/><U47/><E47/><V60/><F23/><W94/><G17/><T109/><D91/><U89/><E89/><N who="2" m="51351" /><F97/><W76/><G76/><T102/><D102/><AGARI ba="0,0" hai="27,30,32,60,64,69,85,87,99,102,107" m="51351" machi="102" ten="30,1000,0" yaku="25,1" doraHai="19" who="2" fromWho="0" sc="112,-10,54,0,792,10,42,0" /><INIT seed="4,0,0,4,0,53" ten="102,54,802,42" oya="0" hai0="90,48,17,116,33,15,102,55,81,24,54,67,79" hai1="120,76,131,113,119,132,135,117,1,128,85,12,21" hai2="35,37,95,22,125,112,82,83,7,94,121,111,32" hai3="27,74,70,14,93,91,4,26,73,99,51,28,49"/><T47/><D116/><U105/><E105/><V36/><F111/><W96/><G70/><T68/><D102/><U44/><E1/><V127/><F22/><W58/><G99/><T88/><D68/><U134/><E44/><V133/><F7/><W19/><G4/><T34/><D67/><U75/><E75/><V46/><F46/><W118/><G118/><N who="1" m="45066" /><E76/><V103/><F103/><W87/><G96/><T30/><D55/><U61/><E85/><V56/><F133/><W107/><G107/><T40/><D34/><U104/><E104/><V45/><F112/><W25/><G28/><T42/><D42/><U110/><E110/><V126/><F126/><W62/><G74/><T80/><D40/><U101/><E101/><V129/><F45/><W109/><G73/><T86/><REACH who="0" step="1"/><D80/><REACH who="0" ten="92,54,802,42" step="2"/><U18/><E113/><V3/><F82/><W11/><G109/><T100/><D100/><U123/><E61/><V124/><F83/><W97/><G97/><T64/><D64/><AGARI ba="0,1" hai="11,14,19,25,26,27,49,51,58,62,64,87,91,93" machi="64" ten="40,2600,0" yaku="8,1,52,1" doraHai="53" who="3" fromWho="0" sc="92,-26,54,0,802,0,42,36" /><INIT seed="5,0,0,2,2,70" ten="66,54,802,78" oya="1" hai0="50,86,122,99,114,97,58,4,73,110,100,27,18" hai1="49,104,91,66,19,6,89,7,117,29,75,61,53" hai2="67,121,72,60,3,116,10,38,98,63,88,55,85" hai3="103,36,127,111,34,24,13,57,120,39,52,105,8"/><U93/><E117/><V43/><F72/><W22/><G120/><T107/><D110/><U12/><E104/><V78/><F121/><W90/><G127/><T28/><D122/><U20/><E75/><V84/><F116/><W32/><G111/><T92/><D73/><U115/><E115/><V80/><F98/><W40/><G90/><T128/><D114/><U102/><E102/><V45/><F55/><W109/><G109/><T131/><D4/><U30/><E91/><V54/><F54/><W9/><G103/><T0/><D0/><U133/><E133/><V76/><F78/><W17/><G105/><T35/><D18/><U134/><E134/><V112/><F112/><W11/><G40/><T31/><D31/><N who="1" m="11787" /><E61/><V59/><F63/><W124/><G124/><T82/><D50/><U118/><E66/><V129/><F129/><N who="0" m="49738" /><D58/><N who="1" m="33071" /><E118/><V96/><F3/><W5/><G5/><T48/><D48/><U26/><E26/><V25/><F25/><W62/><REACH who="3" step="1"/><G24/><REACH who="3" ten="66,54,802,68" step="2"/><T68/><D107/><U101/><E101/><V135/><F135/><W47/><G47/><T77/><D99/><AGARI ba="0,1" hai="6,7,12,19,20,89,93,99" m="33071,11787" machi="99" ten="30,1500,0" yaku="8,1" doraHai="70" who="1" fromWho="0" sc="66,-15,54,25,802,0,68,0" /><INIT seed="5,1,0,4,4,122" ten="51,79,802,68" oya="1" hai0="7,93,18,1,13,55,2,79,23,25,27,108,106" hai1="66,9,120,111,126,19,132,36,34,37,88,46,48" hai2="38,45,50,123,116,31,121,113,54,96,104,105,110" hai3="98,41,74,15,89,118,21,39,102,109,71,17,76"/><U30/><E120/><V16/><F110/><W73/><G118/><T52/><D106/><U107/><E107/><V82/><F116/><W42/><G109/><T75/><D108/><U0/><E111/><V4/><F31/><W68/><G89/><T29/><D75/><U5/><E132/><V8/><F105/><W70/><G39/><T92/><D79/><U58/><E126/><V135/><F135/><W130/><G130/><T72/><D72/><U85/><E19/><V119/><F119/><W59/><G74/><T134/><D134/><U91/><E91/><V6/><F6/><W103/><G103/><T43/><D43/><U51/><E30/><V57/><F82/><W99/><G99/><T67/><D67/><U28/><E28/><V131/><F16/><W114/><G114/><T26/><D29/><U84/><E84/><V115/><F131/><W32/><G32/><T94/><REACH who="0" step="1"/><D1/><REACH who="0" ten="41,79,802,68" step="2"/><U49/><E34/><V22/><F123/><W35/><G35/><T81/><D81/><U69/><E46/><V127/><F121/><W56/><G76/><T77/><D77/><U87/><E37/><V125/><F38/><W78/><G78/><T100/><D100/><U33/><E36/><V97/><F45/><W47/><G73/><T124/><D124/><N who="2" m="47690" /><F104/><N who="3" m="63575" /><G47/><T3/><D3/><U101/><E33/><V95/><F95/><W11/><G42/><T53/><D53/><U44/><E101/><V86/><F115/><W61/><G41/><T133/><D133/><U112/><E112/><V117/><F113/><W14/><G61/><T83/><D83/><U128/><E44/><RYUUKYOKU ba="1,1" sc="41,15,79,-15,802,-15,68,15" hai0="2,7,13,18,23,25,26,27,52,55,92,93,94" hai3="11,14,15,17,21,56,59,68,70,71" /><INIT seed="6,2,1,3,5,37" ten="56,64,787,83" oya="2" hai0="109,73,103,20,10,87,92,38,53,47,114,98,123" hai1="76,125,31,24,13,36,81,35,52,75,29,90,28" hai2="65,135,118,54,66,100,62,8,18,121,96,104,77" hai3="119,107,97,102,57,79,22,68,127,16,71,101,5"/><V69/><F118/><W56/><G119/><T44/><D123/><U50/><E36/><V55/><F121/><W131/><G131/><T60/><D109/><U99/><E125/><V7/><F135/><W6/><G127/><T15/><D73/><U11/><E99/><V132/><F132/><W3/><G79/><T34/><D34/><U4/><REACH who="1" step="1"/><E90/><REACH who="1" ten="56,54,787,83" step="2"/><V74/><F66/><W105/><G97/><T110/><D38/><U26/><E26/><V89/><F89/><W23/><G102/><T115/><D110/><U45/><AGARI ba="2,2" hai="4,11,13,24,28,29,31,35,45,50,52,75,76,81" machi="45" ten="20,5200,0" yaku="1,1,0,1,7,1,54,1,53,0" doraHai="37" doraHaiUra="82" who="1" fromWho="1" sc="56,-15,54,78,787,-28,83,-15" /><INIT seed="7,0,0,0,0,10" ten="41,132,759,68" oya="3" hai0="85,115,107,36,69,104,129,124,29,51,24,77,26" hai1="120,61,22,27,59,19,101,113,119,33,54,46,58" hai2="102,111,88,94,64,2,71,9,74,75,91,57,126" hai3="131,95,76,44,32,14,35,28,47,42,112,41,34"/><W67/><G112/><T86/><D36/><U90/><E120/><V17/><F111/><W93/><G131/><T1/><D1/><U108/><E108/><V98/><F71/><W39/><G28/><T31/><D69/><U92/><E33/><V37/><F37/><W105/><G105/><T8/><D129/><U15/><E113/><V128/><F128/><W130/><G130/><T52/><D115/><U23/><E101/><V97/><F126/><W96/><G67/><T0/><D124/><U16/><E119/><V56/><F2/><W63/><G63/><T99/><D0/><U25/><E25/><N who="0" m="9833" /><D104/><U73/><E73/><V78/><F78/><W30/><G30/><N who="0" m="11275" /><D107/><U5/><E5/><V89/><F89/><W123/><G123/><T55/><D99/><U20/><E20/><V134/><F91/><W6/><G76/><T82/><D86/><U80/><E80/><V11/><F134/><W3/><G3/><T116/><D116/><U40/><E40/><V18/><F88/><W132/><G132/><T65/><D65/><U53/><E92/><V4/><F4/><W70/><G70/><T68/><D68/><U84/><E84/><V38/><F94/><W125/><G125/><T50/><D8/><U83/><E90/><V100/><F38/><N who="3" m="21559" /><G96/><T109/><D109/><U118/><E118/><V81/><F64/><W135/><G135/><T106/><D106/><U87/><E87/><V72/><F72/><W79/><G79/><T48/><AGARI ba="0,0" hai="48,50,51,52,55,77,82,85" m="11275,9833" machi="48" ten="30,2000,0" yaku="8,1,54,1" doraHai="10" who="0" fromWho="0" sc="41,20,132,-5,759,-5,68,-10" owari="61,-33.9,127,-7.3,754,85.4,58,-44.2" /></mjloggm>