<mjloggm ver="2.3"><GO type="169" lobby="0"/><UN n0="%E8%B6%85%E7%B5%B6%E5%82%99%E9%95%B7%E7%82%AD" n1="%E3%81%95%E3%81%8D%E3%81%8A%E3%80%82" n2="%E7%94%9F%E4%BD%93%E3%81%AE%E6%A7%8B%E9%80%A0%31" n3="%E3%81%BD%E3%81%A3%E3%81%91%E3%81%95%E3%82%93" dan="17,16,17,16" rate="2127.79,2139.69,2152.40,2138.82" sx="M,M,M,M"/><TAIKYOKU oya="0"/><INIT seed="0,0,0,0,2,62" ten="250,250,250,250" oya="0" hai0="95,35,130,107,110,47,108,109,46,33,39,63,32" hai1="68,64,11,102,44,48,50,19,61,72,14,45,135" hai2="77,5,6,131,73,58,57,120,8,122,128,15,0" hai3="16,126,99,104,97,65,12,3,28,96,84,89,17"/><T98/><D107/><U101/><E72/><V80/><F6/><W86/><G3/><T7/><D7/><U85/><E135/><V69/><F69/><W29/><G104/><T113/><D113/><U81/><E48/><V87/><F73/><W127/><G12/><T27/><D130/><N who="2" m="49706" /><F0/><W103/><G103/><T26/><D63/><U52/><REACH who="1" step="1"/><E45/><REACH who="1" ten="250,240,250,250" step="2"/><N who="0" m="16905" /><D39/><U132/><E132/><V60/><F58/><W34/><G34/><T133/><D133/><U25/><E25/><V115/><F115/><W123/><G123/><T100/><AGARI ba="0,1" hai="26,27,32,33,35,95,98,100,108,109,110" m="16905" machi="100" ten="40,3900,0" yaku="14,1,10,1" doraHai="62" who="0" fromWho="0" sc="250,49,240,-13,250,-13,250,-13" /><INIT seed="0,1,0,0,0,67" ten="299,227,237,237" oya="0" hai0="9,122,121,100,44,96,45,5,77,94,43,39,105" hai1="42,24,56,17,124,106,129,92,66,115,64,30,113" hai2="50,123,78,22,75,72,47,52,10,91,84,120,16" hai3="60,0,132,88,28,26,112,118,86,131,63,4,87"/><T33/><D33/><U104/><E17/><V81/><F10/><W119/><G112/><N who="1" m="43082" /><E129/><V103/><F103/><W82/><G131/><T102/><D45/><U7/><E7/><V85/><F85/><W48/><G132/><T8/><D8/><U76/><E124/><V108/><F108/><W79/><G48/><T19/><D19/><U35/><E42/><V125/><F125/><W62/><G4/><T18/><D18/><U80/><E92/><V21/><F21/><W93/><REACH who="3" step="1"/><G0/><REACH who="3" ten="299,227,237,227" step="2"/><T89/><D105/><N who="1" m="40555" /><E56/><V38/><F38/><W27/><G27/><T36/><D36/><U130/><E130/><V107/><F107/><W98/><G98/><T73/><D121/><U34/><E34/><AGARI ba="1,1" hai="26,28,34,60,62,63,79,82,86,87,88,93,118,119" machi="34" ten="40,2600,0" yaku="1,1,54,1,53,0" doraHai="67" doraHaiUra="70" who="3" fromWho="1" sc="299,0,227,-29,237,0,227,39" /><INIT seed="1,0,0,0,4,37" ten="299,198,237,266" oya="1" hai0="66,111,3,112,50,92,36,67,28,4,58,30,68" hai1="46,94,118,24,45,116,33,78,103,135,44,108,2" hai2="81,15,51,65,97,109,130,6,123,84,22,72,86" hai3="54,59,43,26,60,14,17,48,71,62,88,0,55"/><U114/><E114/><V76/><F123/><W47/><G0/><T49/><D36/><U8/><E135/><V127/><F109/><W115/><G115/><T7/><D68/><U63/><E78/><V73/><F130/><W19/><G71/><T61/><D112/><U132/><E132/><V104/><F127/><W69/><G69/><T52/><D111/><U31/><E63/><V113/><F113/><W53/><G60/><T75/><D75/><U5/><REACH who="1" step="1"/><E108/><REACH who="1" ten="299,188,237,266" step="2"/><V34/><F76/><W102/><G102/><T124/><D124/><U82/><E82/><V1/><F81/><W105/><G105/><T91/><D67/><U96/><AGARI ba="0,1" hai="2,5,8,24,31,33,44,45,46,94,96,103,116,118" machi="96" ten="30,3000,0" yaku="1,1,0,1,53,0" doraHai="37" doraHaiUra="38" who="1" fromWho="1" sc="299,-10,188,40,237,-10,266,-10" /><INIT seed="1,1,0,3,5,64" ten="289,228,227,256" oya="1" hai0="49,67,102,82,40,111,30,117,35,105,115,93,89" hai1="55,43,73,20,54,119,99,1,80,85,5,38,81" hai2="76,60,17,68,123,135,79,96,126,94,84,101,109" hai3="12,56,104,4,42,110,0,52,58,120,98,10,106"/><U95/><E119/><V97/><F123/><W77/><G120/><T11/><D117/><U18/><E73/><V29/><F109/><W14/><G110/><T74/><D115/><U92/><E1/><V83/><F126/><W66/><G42/><T51/><D111/><U22/><E5/><V47/><F135/><W75/><G58/><T2/><D40/><U63/><E38/><V6/><F6/><W86/><G66/><T132/><D11/><U33/><E43/><V45/><F29/><W118/><G75/><T113/><D2/><U53/><E33/><V121/><F121/><W129/><G129/><T15/><D15/><U116/><E116/><V133/><F133/><W78/><G118/><T7/><D7/><U19/><E63/><V71/><F79/><W46/><G46/><T103/><D113/><U114/><E114/><V8/><F97/><W88/><G78/><T9/><D9/><U59/><E59/><V122/><F122/><W26/><G26/><T34/><D132/><U39/><E39/><V37/><F37/><W61/><G77/><T32/><D74/><U100/><E85/><V3/><F3/><W16/><G98/><T44/><D44/><N who="2" m="16970" /><F60/><W130/><G130/><T131/><D131/><U125/><E125/><V23/><F8/><N who="3" m="6151" /><G0/><T48/><D105/><U25/><REACH who="1" step="1"/><E92/><REACH who="1" ten="289,218,227,256" step="2"/><V134/><F134/><W50/><G61/><T24/><D35/><U128/><E128/><V107/><F107/><W90/><G86/><N who="0" m="50391" /><D34/><U72/><E72/><V31/><F94/><W36/><G36/><T70/><D93/><U69/><E69/><V21/><F71/><RYUUKYOKU ba="1,1" sc="289,10,218,10,227,-30,256,10" hai0="24,30,32,48,49,51,67,70,102,103" hai1="18,19,20,22,25,53,54,55,80,81,95,99,100" hai3="4,10,14,50,52,56,88,90,104,106" /><INIT seed="1,2,1,3,4,70" ten="299,228,197,266" oya="1" hai0="47,8,12,82,63,114,17,31,38,127,22,37,133" hai1="102,79,112,124,78,43,52,80,36,105,87,101,106" hai2="9,128,42,24,59,5,61,88,107,29,25,120,121" hai3="54,125,71,41,83,130,132,97,7,108,90,14,50"/><U86/><E112/><V117/><F117/><W123/><G123/><T65/><D114/><U49/><E124/><V39/><F107/><W93/><G125/><T62/><D127/><U73/><E73/><V48/><F128/><W6/><G130/><T2/><D133/><U15/><E15/><V58/><F39/><W46/><G71/><T115/><D115/><U3/><E3/><V66/><F25/><W19/><G132/><T122/><D122/><U118/><E118/><V68/><F68/><W40/><G108/><T103/><D47/><U27/><E27/><V69/><F69/><W10/><G83/><T13/><D2/><U89/><E89/><V67/><F42/><AGARI ba="2,1" hai="6,7,10,14,19,40,41,42,46,50,54,90,93,97" machi="42" ten="40,1300,0" yaku="8,1" doraHai="70" who="3" fromWho="2" sc="299,0,228,0,197,-19,266,29" /><INIT seed="2,0,0,0,1,54" ten="299,228,178,295" oya="2" hai0="108,70,8,99,118,32,106,58,73,104,88,53,77" hai1="59,68,69,131,66,51,121,12,83,94,84,116,119" hai2="27,62,127,33,125,2,60,130,78,109,47,3,74" hai3="16,132,19,37,18,134,52,122,1,126,85,46,40"/><V80/><F130/><W61/><G122/><T81/><D32/><U92/><E131/><V123/><F123/><W29/><G126/><N who="2" m="48137" /><F109/><W9/><G29/><T114/><D70/><U55/><E121/><V75/><F75/><W20/><G85/><T48/><D114/><U34/><E34/><V110/><F47/><W105/><G105/><T15/><D108/><U4/><E68/><V135/><F135/><N who="3" m="51755" /><G1/><N who="2" m="9" /><F110/><W98/><G98/><T28/><D28/><AGARI ba="0,0" hai="27,28,33,60,62,74,78,80" m="9,48137" machi="28" ten="30,1500,0" yaku="18,1" doraHai="54" who="2" fromWho="0" sc="299,-15,228,0,178,15,295,0" /><INIT seed="2,1,0,1,2,95" ten="284,228,193,295" oya="2" hai0="96,110,73,94,123,125,99,133,78,19,98,63,29" hai1="72,56,121,124,0,84,107,129,135,40,127,74,11" hai2="9,130,118,80,15,89,113,60,65,36,116,30,38" hai3="108,57,35,81,91,104,59,126,70,21,46,132,111"/><V12/><F113/><W1/><G35/><T22/><D123/><U68/><E68/><V52/><F130/><W134/><G1/><T2/><D2/><U103/><E121/><V23/><F52/><W8/><G8/><T51/><D110/><N who="3" m="42025" /><G70/><T79/><D73/><U50/><E84/><V14/><F9/><W55/><G104/><T18/><D133/><U13/><E135/><V44/><F80/><W34/><G34/><T42/><D94/><U90/><E90/><V101/><F101/><W43/><G59/><T109/><D109/><U131/><E0/><V27/><F89/><W117/><G117/><T76/><D125/><N who="1" m="48203" /><E72/><V26/><F26/><W4/><G4/><T66/><D51/><U61/><E74/><V83/><F83/><W100/><G100/><T114/><D42/><U58/><E40/><V115/><F115/><W120/><G120/><T102/><D102/><U105/><E50/><V69/><REACH who="2" step="1"/><F44/><REACH who="2" ten="284,228,183,295" step="2"/><W122/><G122/><T3/><D114/><U93/><E131/><V106/><F106/><W85/><G126/><T86/><D3/><U53/><E129/><V10/><F10/><W87/><G81/><N who="0" m="47399" /><D79/><U75/><E105/><V37/><AGARI ba="1,1" hai="12,14,15,23,27,30,36,37,38,60,65,69,116,118" machi="37" ten="40,7800,0" yaku="1,1,0,1,53,1" doraHai="95" doraHaiUra="64" who="2" fromWho="2" sc="284,-27,228,-27,183,91,295,-27" /><INIT seed="2,2,0,1,2,89" ten="257,201,274,268" oya="2" hai0="23,125,118,25,64,70,40,92,79,72,82,14,111" hai1="99,129,0,13,76,47,62,124,115,88,39,132,30" hai2="75,87,35,69,101,58,123,4,2,119,122,84,43" hai3="18,98,61,33,48,108,67,126,42,130,134,128,27"/><V86/><F119/><W104/><G108/><T135/><D111/><U105/><E0/><V55/><F69/><W94/><G104/><T63/><D118/><U46/><E115/><V68/><F68/><W90/><G126/><T54/><D125/><U110/><E76/><V113/><F113/><W107/><G107/><T83/><D135/><U37/><E124/><V17/><F75/><W45/><G134/><T66/><D66/><U102/><E132/><V109/><F35/><W16/><G33/><T10/><D40/><U60/><E30/><V11/><F109/><W52/><G42/><T34/><D34/><U38/><E110/><V117/><F117/><W120/><G120/><T116/><D116/><U3/><E3/><V9/><F43/><W29/><G29/><T100/><D54/><U19/><E129/><N who="3" m="49770" /><G27/><T97/><D79/><U59/><E60/><V112/><F101/><W95/><G94/><T44/><D44/><U49/><E49/><V103/><F103/><W28/><G28/><T121/><D72/><U81/><E59/><AGARI ba="2,0" hai="16,18,45,48,52,59,61,67,90,95,98" m="49770" machi="59" ten="30,7700,0" yaku="19,1,52,1,54,2" doraHai="89" who="3" fromWho="1" sc="257,0,201,-83,274,0,268,83" /><INIT seed="3,0,0,3,2,117" ten="257,118,274,351" oya="3" hai0="75,127,56,45,124,102,34,37,51,2,6,130,27" hai1="96,38,14,17,74,70,72,118,85,81,30,98,35" hai2="64,88,84,68,120,103,52,60,4,0,40,54,47" hai3="71,55,1,73,62,13,129,90,23,128,42,49,28"/><W116/><G1/><T100/><D75/><U67/><E38/><V46/><F103/><W111/><G116/><T132/><D37/><U8/><E118/><V105/><F105/><W32/><G32/><T22/><D34/><U26/><E72/><V134/><F134/><W89/><G73/><T92/><D56/><U108/><E74/><V121/><F4/><W126/><G126/><N who="0" m="48171" /><D92/><U39/><E39/><V115/><F115/><W15/><G42/><N who="0" m="25015" /><D132/><U59/><E108/><V33/><F33/><W107/><G107/><T133/><D133/><U10/><E70/><V69/><F0/><W50/><G111/><T99/><D99/><U25/><E25/><V80/><F69/><W94/><G71/><T86/><D86/><U43/><E43/><V12/><F12/><W101/><G62/><T125/><D125/><U109/><E109/><V31/><F31/><W113/><G28/><N who="0" m="17527" /><D130/><U36/><E36/><N who="2" m="21767" /><F47/><W20/><G94/><T104/><D104/><U63/><REACH who="1" step="1"/><E8/><AGARI ba="0,0" hai="2,6,8,100,102" m="17527,25015,48171" machi="8" ten="30,1000,0" yaku="18,1" doraHai="117" who="0" fromWho="1" sc="257,10,118,-10,274,0,351,0" /><INIT seed="4,0,0,5,3,103" ten="267,108,274,351" oya="0" hai0="17,68,109,99,40,98,55,91,36,23,107,130,72" hai1="102,100,132,10,94,65,59,41,57,37,113,84,75" hai2="118,51,122,42,27,105,71,39,53,88,82,43,87" hai3="22,92,29,34,52,9,63,54,12,79,8,131,86"/><T123/><D72/><U11/><E75/><V74/><F122/><W3/><G3/><T78/><D78/><U20/><E132/><V110/><F71/><W7/><G131/><T97/><D68/><U32/><E32/><V124/><F110/><W46/><G34/><T28/><D28/><U85/><E37/><V127/><F118/><W31/><G9/><T18/><D123/><U60/><E41/><V61/><F61/><W119/><G119/><T120/><D120/><U56/><E113/><V1/><F1/><W111/><G111/><T15/><D109/><U112/><E112/><V66/><F66/><W19/><G63/><T44/><D130/><U126/><E126/><N who="2" m="48171" /><F39/><W49/><G54/><T76/><D76/><U47/><E47/><N who="2" m="27903" /><F74/><W135/><G135/><T64/><D64/><U45/><E45/><V93/><F105/><W50/><G50/><T106/><D55/><U35/><E35/><V6/><F6/><W121/><G121/><T90/><REACH who="0" step="1"/><D18/><REACH who="0" ten="257,108,274,351" step="2"/><U16/><E65/><V2/><F43/><W115/><G115/><T14/><D14/><U81/><E60/><V128/><F42/><W108/><G108/><T133/><D133/><U77/><E16/><V95/><F128/><W24/><G79/><T33/><D33/><U21/><E77/><V4/><F27/><W116/><G116/><T125/><D125/><U69/><E69/><V0/><F0/><W104/><G104/><AGARI ba="0,1" hai="15,17,23,36,40,44,90,91,97,98,99,104,106,107" machi="104" ten="40,12000,1" yaku="1,1,52,3,53,0" doraHai="103" doraHaiUra="80" who="0" fromWho="3" sc="257,130,108,0,274,0,351,-120" /><INIT seed="4,1,0,0,2,61" ten="387,108,274,231" oya="0" hai0="18,9,70,42,75,34,62,7,120,86,76,85,130" hai1="134,74,3,65,43,56,72,14,60,77,47,37,89" hai2="8,73,107,100,128,84,127,101,93,20,102,24,66" hai3="28,4,103,83,63,46,125,55,27,81,11,95,98"/><T40/><D34/><U99/><E134/><V22/><F73/><W13/><G125/><T79/><D120/><U32/><E32/><V54/><F127/><W33/><G46/><T1/><D18/><U31/><E3/><V116/><F107/><W111/><G111/><T104/><D104/><U118/><E31/><V50/><F128/><W39/><REACH who="3" step="1"/><G39/><REACH who="3" ten="387,108,274,221" step="2"/><T41/><D130/><U92/><E118/><V26/><F116/><W135/><G135/><T52/><D42/><U105/><E105/><V58/><F8/><W68/><G68/><T132/><D70/><U17/><REACH who="1" step="1"/><E77/><REACH who="1" ten="387,98,274,221" step="2"/><V119/><F119/><W129/><G129/><T36/><D79/><U88/><E88/><V123/><F123/><W0/><G0/><T29/><D132/><U108/><E108/><V109/><F109/><W112/><G112/><T122/><D122/><U25/><E25/><V69/><F26/><W126/><G126/><T44/><D76/><U10/><AGARI ba="1,2" hai="10,14,17,37,43,47,56,60,65,72,74,89,92,99" machi="10" ten="20,5200,0" yaku="1,1,0,1,7,1,52,1,53,0" doraHai="61" doraHaiUra="30" who="1" fromWho="1" sc="387,-27,98,75,274,-14,221,-14" /><INIT seed="5,0,0,0,5,132" ten="360,173,260,207" oya="1" hai0="51,108,95,18,91,121,59,129,14,112,55,75,22" hai1="109,8,63,23,101,49,77,128,21,127,66,114,0" hai2="78,28,117,56,72,62,84,35,2,54,99,48,46" hai3="34,90,40,52,70,36,53,69,71,98,32,102,113"/><U124/><E114/><V3/><F117/><W86/><G113/><T27/><D112/><U11/><E128/><V103/><F72/><W61/><G36/><T100/><D75/><U30/><E77/><V1/><F35/><W16/><G40/><T45/><D129/><U20/><E49/><V47/><F28/><W111/><G111/><T87/><D108/><U126/><E109/><V125/><F125/><W24/><G61/><T68/><D68/><U67/><E30/><V89/><F78/><W29/><G34/><T85/><D100/><U107/><E0/><V41/><F46/><W12/><G86/><T6/><D121/><U123/><E123/><V105/><REACH who="2" step="1"/><F2/><REACH who="2" ten="360,173,250,207" step="2"/><W106/><REACH who="3" step="1"/><G90/><REACH who="3" ten="360,173,250,197" step="2"/><T135/><D91/><U5/><E5/><V43/><F43/><W50/><G50/><T57/><D6/><U80/><E80/><AGARI ba="0,2" hai="1,3,41,47,48,54,56,62,80,84,89,99,103,105" machi="80" ten="30,3900,0" yaku="1,1,7,1,53,1" doraHai="132" doraHaiUra="93" who="2" fromWho="1" sc="360,0,173,-39,250,59,197,0" /><INIT seed="6,0,0,3,3,53" ten="360,134,309,197" oya="2" hai0="123,126,132,28,36,44,105,21,65,110,109,104,73" hai1="133,81,27,94,113,51,15,67,5,40,112,87,7" hai2="101,130,76,12,88,72,60,85,29,23,33,102,111" hai3="10,124,108,96,129,115,13,107,95,8,75,69,24"/><V134/><F130/><W127/><G108/><T119/><D73/><U79/><E133/><V20/><F134/><W17/><G75/><T46/><D36/><U42/><E27/><N who="2" m="16615" /><F33/><W54/><G107/><T41/><D105/><U131/><E131/><V39/><F39/><W66/><G129/><T71/><D71/><U22/><E94/><N who="2" m="54543" /><F72/><W56/><G115/><T4/><D104/><U0/><E0/><V70/><F70/><W35/><G69/><T62/><D119/><U103/><E103/><V31/><F76/><W3/><G66/><T34/><D34/><U48/><E67/><V38/><F38/><W116/><G116/><T90/><D132/><U18/><E112/><V128/><F128/><W16/><G3/><T122/><D110/><U59/><E113/><V118/><F118/><W43/><G35/><T114/><D109/><U97/><E97/><V92/><F111/><W52/><G24/><T135/><D135/><U121/><E121/><V6/><F92/><W30/><G30/><T84/><D122/><U14/><E14/><V91/><F91/><W93/><G13/><T89/><D123/><U99/><E99/><V26/><F60/><W125/><G124/><T19/><D126/><U57/><E5/><V68/><F68/><W32/><G32/><T55/><D114/><U25/><E7/><V82/><F82/><W106/><G106/><T86/><D4/><U120/><E25/><V83/><F83/><W117/><G96/><T58/><D86/><U64/><E120/><V61/><F61/><W98/><G98/><T37/><D84/><U77/><E87/><RYUUKYOKU ba="0,0" sc="360,-10,134,-10,309,30,197,-10" hai2="6,12,23,26,31,101,102" /><INIT seed="6,1,0,2,5,12" ten="350,124,339,187" oya="2" hai0="84,32,0,65,89,28,100,88,74,46,6,61,121" hai1="72,78,18,7,76,83,91,127,20,73,135,124,2" hai2="30,133,106,52,134,99,60,27,63,97,17,9,59" hai3="129,4,21,41,128,132,92,131,39,43,48,14,15"/><V105/><F63/><W71/><G39/><T35/><D74/><U125/><E135/><N who="2" m="51723" /><F106/><W62/><G132/><T44/><D121/><U113/><E113/><V49/><F105/><W33/><G33/><T110/><D35/><U19/><E20/><N who="2" m="15719" /><F60/><W86/><G15/><AGARI ba="1,0" hai="9,15,17,49,52,59,97,99" m="15719,51723" machi="15" ten="30,5800,0" yaku="20,1,52,1,54,1" doraHai="12" who="2" fromWho="3" sc="350,0,124,0,339,61,187,-61" /><INIT seed="6,2,0,3,1,72" ten="350,124,400,126" oya="2" hai0="106,102,41,119,39,89,128,135,76,31,42,19,3" hai1="129,125,79,44,61,38,95,46,70,14,49,8,0" hai2="24,51,35,78,68,118,97,91,115,32,107,77,81" hai3="127,54,85,103,90,88,5,58,73,62,20,48,4"/><V87/><F118/><W63/><G73/><T11/><D39/><U60/><E0/><V110/><F68/><W113/><G127/><T114/><D31/><U7/><E125/><V130/><F115/><W16/><G103/><T55/><D114/><U134/><E134/><V36/><F36/><W126/><G113/><T57/><D135/><U47/><E38/><V124/><F124/><W67/><G90/><T80/><D89/><U98/><E129/><V132/><F132/><W15/><G126/><T65/><D65/><U121/><E70/><V26/><F130/><W109/><G109/><T43/><D128/><U25/><E25/><V12/><F110/><W86/><G86/><T83/><D83/><U108/><E108/><V101/><F12/><W92/><G63/><N who="1" m="24138" /><E121/><V75/><F51/><W99/><G99/><T100/><D106/><U112/><E112/><V93/><F78/><W66/><G67/><T28/><D3/><U9/><E9/><V30/><F24/><W40/><G40/><T120/><D120/><U111/><E111/><V23/><AGARI ba="2,0" hai="23,26,30,32,35,75,77,81,87,91,93,97,101,107" machi="23" ten="20,12000,1" yaku="0,1,7,1,24,2,52,1" doraHai="72" who="2" fromWho="2" sc="350,-42,124,-42,400,126,126,-42" /><INIT seed="6,3,0,2,0,66" ten="308,82,526,84" oya="2" hai0="105,29,44,77,13,3,129,49,56,11,127,18,24" hai1="38,87,36,40,42,121,27,0,6,90,75,111,57" hai2="73,115,2,72,51,68,104,53,26,94,28,46,86" hai3="39,109,4,34,98,63,84,19,106,133,67,117,79"/><V69/><F104/><W17/><G117/><T78/><D105/><U33/><E75/><V135/><F2/><W5/><G34/><T81/><D129/><U43/><E111/><V96/><F115/><W60/><G39/><T1/><D56/><U74/><E74/><V32/><F135/><W23/><G109/><T102/><D102/><U64/><E121/><V45/><F73/><W110/><G133/><T92/><D92/><U101/><E101/><V55/><F72/><W107/><G110/><T128/><D128/><U25/><E6/><V37/><F86/><W97/><G67/><T130/><D130/><U50/><E0/><V16/><F16/><W59/><G59/><T131/><D131/><U12/><E12/><V20/><F32/><W103/><G103/><T52/><D127/><U126/><E126/><V93/><F93/><W47/><G23/><T9/><D3/><U122/><E122/><V108/><F108/><W95/><G95/><T30/><D81/><U100/><E100/><V48/><F37/><W65/><G65/><T76/><D1/><U91/><E36/><V70/><F94/><W132/><G132/><T80/><D80/><U99/><E38/><V54/><F96/><W61/><G84/><T89/><D89/><N who="1" m="33803" /><E99/><N who="3" m="37898" /><G79/><T35/><D11/><U8/><E8/><V41/><AGARI ba="3,0" hai="20,26,28,41,45,46,48,51,53,54,55,68,69,70" machi="41" ten="30,11700,0" yaku="0,1,52,3" doraHai="66" who="2" fromWho="2" sc="308,-42,82,-42,526,126,84,-42" /><INIT seed="6,4,0,2,0,126" ten="266,40,652,42" oya="2" hai0="39,125,54,53,65,66,114,95,62,91,121,46,89" hai1="133,50,111,110,22,51,5,6,15,55,32,105,73" hai2="79,82,25,113,78,23,81,132,76,29,21,130,59" hai3="30,102,109,72,74,44,45,71,49,41,75,101,10"/><V120/><F130/><W20/><G109/><T35/><D35/><U112/><E32/><V86/><F120/><W9/><G71/><T108/><D108/><U96/><E73/><V14/><F113/><W52/><G30/><T17/><D114/><U61/><E112/><V37/><F37/><W123/><G20/><T60/><D17/><U127/><E127/><V57/><F132/><W80/><G80/><T103/><D125/><U48/><E133/><V128/><F128/><W42/><G123/><T135/><D135/><U94/><E105/><V134/><F134/><W124/><G124/><T68/><D121/><U92/><E110/><V8/><F23/><W117/><G117/><T33/><D33/><U64/><E64/><V84/><REACH who="2" step="1"/><F78/><REACH who="2" ten="266,40,642,42" step="2"/><W77/><G77/><T122/><D39/><U36/><E36/><V4/><AGARI ba="4,1" hai="4,8,14,21,25,29,57,59,76,79,81,82,84,86" machi="4" ten="20,18000,2" yaku="1,1,2,1,0,1,7,1,9,1,8,1,53,0" doraHai="126" doraHaiUra="118" who="2" fromWho="2" sc="266,-64,40,-64,642,202,42,-64" owari="202,0.2,-24,-52.4,844,94.4,-22,-42.2" /></mjloggm>