<mjloggm ver="2.3"><GO type="169" lobby="0"/><UN n0="%E6%88%BF%E5%B7%9E%73%75%6E" n1="%53%68%69%72%6C%65%79" n2="%E5%BA%84%E5%8F%B8%E5%81%A5%E5%A4%AA%E6%9C%97" n3="%E3%82%A6%E3%82%A9%E3%83%AB%E3%83%AD%E3%83%83%E3%83%88" dan="17,16,16,18" rate="2197.43,2098.65,2072.39,2206.10" sx="M,M,M,M"/><TAIKYOKU oya="0"/><INIT seed="0,0,0,3,1,88" ten="250,250,250,250" oya="0" hai0="64,60,85,25,80,0,56,113,43,92,134,69,96" hai1="48,130,119,127,35,87,15,13,133,83,59,3,107" hai2="49,37,111,53,46,23,117,44,124,32,66,26,68" hai3="52,7,115,67,47,22,14,63,121,71,84,120,97"/><T39/><D113/><U24/><E119/><V125/><F32/><W6/><G115/><T106/><D0/><U54/><E130/><V33/><F33/><W5/><G84/><T1/><D1/><U21/><E3/><V86/><F86/><W41/><G52/><T78/><D134/><U2/><E2/><V76/><F76/><W12/><G97/><T42/><D106/><U118/><E133/><V102/><F102/><W128/><G128/><T108/><D108/><U75/><E75/><V72/><F72/><W103/><G103/><T129/><D129/><U27/><E107/><V135/><F135/><W110/><G110/><T116/><D116/><U34/><E27/><V45/><F111/><W89/><G89/><T91/><D39/><U4/><E127/><N who="2" m="48715" /><F37/><W28/><G28/><T101/><D78/><U17/><E13/><V109/><F109/><W31/><G31/><T9/><D25/><U77/><E118/><V100/><F100/><W82/><G82/><T16/><REACH who="0" step="1"/><D69/><REACH who="0" ten="240,250,250,250" step="2"/><U62/><E24/><V104/><F104/><W8/><G121/><T65/><D65/><U38/><E38/><V95/><F117/><W81/><G120/><T105/><D105/><U112/><E112/><V90/><F68/><W131/><G131/><T36/><D36/><U123/><E123/><V79/><F66/><W29/><G67/><T51/><D51/><U20/><E48/><V61/><F79/><W40/><G71/><T58/><D58/><U126/><E126/><V70/><F70/><W57/><G57/><T30/><D30/><U10/><E77/><V114/><F114/><RYUUKYOKU ba="0,1" sc="240,30,250,-10,250,-10,250,-10" hai0="9,16,42,43,56,60,64,80,85,91,92,96,101" /><INIT seed="0,1,1,4,2,123" ten="270,240,240,240" oya="0" hai0="84,62,112,94,81,115,100,90,55,46,119,47,126" hai1="130,14,29,85,133,39,50,13,32,27,64,117,73" hai2="1,125,122,54,53,131,116,79,41,106,104,101,20" hai3="59,65,124,57,31,107,91,60,21,99,43,113,108"/><T30/><D119/><U56/><E117/><V52/><F122/><W2/><G2/><T78/><D126/><U22/><E73/><V25/><F116/><W98/><G124/><T49/><D30/><U80/><E39/><V63/><F1/><W7/><G113/><T16/><D62/><U129/><E133/><V61/><F125/><W75/><G75/><T83/><D83/><U42/><E64/><V10/><F79/><W88/><G43/><T24/><D100/><U135/><E135/><V93/><F41/><W34/><G34/><T68/><D68/><U58/><E58/><V3/><F131/><N who="1" m="50185" /><E32/><V38/><F38/><W77/><G77/><T0/><D0/><U19/><E19/><V6/><F93/><W89/><G107/><T69/><D69/><U96/><E96/><V82/><F82/><W40/><G40/><T120/><D120/><U5/><E5/><V71/><F101/><W51/><G7/><T36/><D36/><U66/><E66/><V97/><F97/><W76/><G76/><T15/><D47/><N who="1" m="25975" /><E56/><V45/><F45/><W109/><G59/><T18/><D18/><U44/><E44/><V110/><F71/><W128/><G51/><T23/><REACH who="0" step="1"/><D24/><REACH who="0" ten="260,240,240,240" step="2"/><U67/><E67/><V35/><F63/><W70/><G70/><T74/><AGARI ba="1,2" hai="15,16,23,46,49,55,74,78,81,84,90,94,112,115" machi="74" ten="20,18000,2" yaku="1,1,2,1,0,1,7,1,54,1,53,1" doraHai="123" doraHaiUra="9" who="0" fromWho="0" sc="260,203,240,-61,240,-61,240,-61" /><INIT seed="0,2,0,5,4,40" ten="463,179,179,179" oya="0" hai0="47,89,58,113,48,42,124,49,27,106,46,72,25" hai1="7,121,57,85,133,36,19,68,53,78,126,15,54" hai2="100,32,24,50,117,69,26,120,96,12,116,20,80" hai3="125,81,10,105,8,99,86,83,74,91,62,59,109"/><T63/><D106/><U35/><E121/><V76/><F120/><W60/><G109/><T34/><D72/><U70/><E35/><V118/><F69/><W31/><G125/><T55/><D113/><U97/><E133/><V73/><F32/><W43/><G31/><T93/><D34/><U128/><E7/><V4/><F50/><W44/><G105/><T11/><D11/><U41/><E128/><V75/><F73/><W64/><G99/><T22/><D22/><U82/><E97/><V23/><F20/><W0/><G0/><T79/><D79/><U108/><E108/><V71/><F71/><W84/><G62/><T88/><D89/><U38/><E54/><V5/><F12/><W122/><G74/><T65/><D124/><U21/><E126/><V130/><F26/><W95/><G95/><T13/><D13/><U52/><E53/><V98/><F130/><W56/><G56/><T30/><D30/><U45/><REACH who="1" step="1"/><E36/><REACH who="1" ten="463,169,179,179" step="2"/><V77/><F98/><AGARI ba="2,1" hai="25,27,42,46,47,48,49,55,58,63,65,88,93,98" machi="98" ten="30,12000,1" yaku="7,1,8,1,52,2,54,1" doraHai="40" who="0" fromWho="2" sc="463,136,169,0,179,-126,179,0" /><INIT seed="0,3,0,5,5,30" ten="599,169,53,179" oya="0" hai0="3,25,118,98,95,49,97,76,75,70,46,16,101" hai1="53,107,69,27,94,93,35,122,4,120,1,132,125" hai2="71,67,85,57,7,135,99,45,88,23,0,18,44" hai3="5,65,128,47,113,112,106,134,64,90,83,124,80"/><T72/><D118/><U68/><E107/><V104/><F71/><W111/><G106/><T24/><D3/><U115/><E132/><V103/><F135/><W19/><G134/><T131/><D70/><U74/><E74/><V133/><F133/><W82/><G111/><T87/><D131/><U109/><E109/><V41/><F7/><W28/><G5/><T36/><D36/><U17/><E1/><V32/><F0/><W110/><G110/><T89/><D76/><U15/><E4/><V100/><F103/><W2/><G2/><T26/><D98/><U127/><E53/><V20/><F32/><W13/><G28/><T9/><D9/><U123/><E115/><V121/><F121/><W33/><G33/><T21/><D75/><U6/><E6/><V55/><F67/><W12/><G90/><T81/><REACH who="0" step="1"/><D72/><REACH who="0" ten="589,169,53,179" step="2"/><U34/><E122/><V56/><F85/><W31/><G128/><T117/><D117/><U116/><E116/><V84/><F84/><W78/><G78/><T11/><D11/><U40/><E68/><V10/><F88/><W96/><G96/><T91/><D91/><U60/><E69/><V39/><F10/><W51/><G113/><T108/><D108/><U8/><E8/><V38/><F39/><W79/><G79/><T50/><D50/><U37/><E37/><V66/><F38/><W63/><G51/><T114/><D114/><U77/><E77/><V105/><F99/><W54/><G112/><T58/><D58/><U42/><E120/><V92/><F57/><W52/><G47/><T119/><D119/><U129/><E123/><RYUUKYOKU ba="3,1" sc="589,30,169,-10,53,-10,179,-10" hai0="16,21,24,25,26,46,49,81,87,89,95,97,101" /><INIT seed="0,4,1,2,5,47" ten="619,159,43,169" oya="0" hai0="7,18,127,63,119,95,60,37,73,86,35,52,11" hai1="42,89,17,61,68,134,62,121,65,29,113,19,108" hai2="75,83,114,116,43,76,48,104,110,40,46,24,70" hai3="33,44,78,132,87,123,9,125,94,130,106,92,53"/><T84/><D73/><U72/><E121/><V56/><F114/><W10/><G33/><T0/><D119/><U79/><E108/><V2/><F110/><W8/><G106/><T31/><D37/><U20/><E134/><V13/><F70/><W80/><G132/><T91/><D127/><U30/><E113/><V112/><F112/><W81/><G125/><T54/><D86/><U66/><E89/><V4/><F104/><W85/><G130/><T90/><D91/><U82/><E42/><V101/><F2/><W55/><G123/><T133/><D133/><U39/><E39/><V99/><F40/><W71/><G71/><T122/><D122/><U27/><E29/><V1/><F1/><W21/><G21/><T128/><D128/><U49/><E49/><V109/><F24/><W3/><G3/><T58/><D18/><U36/><E36/><V118/><F109/><W38/><G38/><T26/><D54/><N who="3" m="20489" /><G44/><T51/><AGARI ba="4,1" hai="0,7,11,26,31,35,51,52,58,60,63,84,90,95" machi="51" ten="20,7800,0" yaku="0,1,7,1,52,1,54,1" doraHai="47" who="0" fromWho="0" sc="619,100,159,-30,43,-30,169,-30" /><INIT seed="0,5,0,3,0,55" ten="719,129,13,139" oya="0" hai0="79,31,85,62,35,18,82,66,63,57,133,115,123" hai1="37,21,126,48,120,44,131,51,16,52,15,124,29" hai2="65,103,81,40,34,26,2,72,76,113,19,4,127" hai3="64,106,43,36,42,107,27,119,94,129,38,1,118"/><T114/><D123/><U134/><E134/><V3/><F113/><W67/><G27/><T102/><D133/><U8/><E120/><V23/><F127/><N who="1" m="48681" /><E131/><V91/><F103/><W108/><G94/><T41/><D41/><N who="3" m="15369" /><G1/><T71/><D102/><U60/><E37/><N who="3" m="14442" /><G108/><T83/><D18/><N who="1" m="8551" /><E29/><V97/><F40/><W122/><G122/><T5/><D5/><U17/><E60/><V20/><F34/><W92/><G92/><T121/><D121/><U130/><E130/><V54/><F4/><W98/><G98/><T24/><REACH who="0" step="1"/><D83/><REACH who="0" ten="709,129,13,139" step="2"/><U88/><E17/><V53/><F65/><AGARI ba="5,1" hai="24,31,35,57,62,63,65,66,71,79,82,85,114,115" machi="65" ten="30,11600,0" yaku="1,1,2,1,7,1,52,1,53,0" doraHai="55" doraHaiUra="117" who="0" fromWho="2" sc="709,141,129,0,13,-131,139,0" owari="850,95.0,129,-27.1,-118,-61.8,139,-6.1" /></mjloggm>