<mjloggm ver="2.3"><GO type="225" lobby="0"/><UN n0="%6C%61%6D%62" n1="%E3%82%A2%E3%83%9E%E3%83%9D%EF%BD%9E%EF%BD%9E%E3%83%A9" n2="%E3%81%82%E3%81%84%E3%81%82%E3%81%8A%E3%81%84" n3="%E8%B5%A4%E3%81%84%E8%9B%99%31%31" dan="16,17,18,16" rate="2254.06,2134.99,2245.40,2089.07" sx="M,M,M,M"/><TAIKYOKU oya="0"/><INIT seed="0,0,0,3,4,7" ten="250,250,250,250" oya="0" hai0="134,4,75,23,95,41,46,53,3,104,71,18,33" hai1="119,48,57,116,129,1,89,24,72,0,107,44,132" hai2="109,32,91,77,55,31,85,126,63,56,115,111,73" hai3="30,128,45,65,6,99,68,113,130,93,70,96,21"/><T121/><D104/><U102/><E129/><N who="3" m="49770" /><G113/><T87/><D75/><U112/><E132/><V52/><F115/><W47/><G6/><T16/><D33/><U8/><E24/><V60/><F126/><W100/><G96/><T105/><D105/><U131/><E89/><V124/><F124/><W84/><G84/><T103/><D121/><U80/><E102/><V12/><F31/><W106/><G106/><T67/><D53/><U42/><E107/><V51/><F32/><W79/><G79/><T34/><D34/><U59/><E80/><V19/><F77/><W40/><G65/><T98/><D134/><U43/><E72/><V20/><F73/><W92/><G92/><T38/><D87/><U61/><E112/><V11/><F20/><W49/><G47/><T82/><D82/><U54/><E131/><V117/><F117/><W14/><G14/><T13/><D18/><U74/><E74/><V110/><F55/><W5/><G5/><T15/><D3/><U86/><E86/><V9/><F11/><W133/><G133/><T26/><REACH who="0" step="1"/><D4/><REACH who="0" ten="240,250,250,250" step="2"/><N who="1" m="1031" /><E1/><V127/><F127/><W50/><G30/><T122/><D122/><U39/><E119/><V125/><F125/><W35/><G35/><T76/><D76/><U17/><E17/><V58/><F56/><W108/><G70/><T10/><D10/><U83/><E116/><V69/><F69/><W36/><G68/><T118/><D118/><U88/><E59/><V22/><F9/><W97/><G21/><T2/><D2/><U94/><E83/><AGARI ba="0,1" hai="12,19,22,51,52,58,60,63,83,85,91,109,110,111" machi="83" ten="40,2600,0" yaku="14,1,54,1" doraHai="7" who="2" fromWho="1" sc="240,0,250,-26,250,36,250,0" /><INIT seed="1,0,0,4,2,94" ten="240,224,286,250" oya="1" hai0="110,126,8,96,70,87,12,62,50,92,121,66,11" hai1="72,49,74,130,64,25,18,19,39,54,60,99,30" hai2="7,24,125,128,101,46,75,37,133,10,123,0,78" hai3="68,77,113,53,114,41,81,13,132,35,95,29,20"/><U44/><E130/><V26/><F123/><W2/><G68/><T38/><D38/><U85/><E39/><V28/><F128/><W122/><G2/><T45/><D121/><U65/><E74/><V32/><F125/><W112/><G41/><T84/><D110/><U104/><E72/><V73/><F133/><W131/><G122/><T76/><D76/><U59/><E65/><V47/><F101/><W89/><G131/><T108/><D108/><U69/><E44/><V43/><F78/><W100/><G100/><T14/><D14/><U129/><E85/><V127/><F127/><W5/><G35/><T90/><D8/><U9/><E9/><V107/><F107/><W88/><G132/><T17/><REACH who="0" step="1"/><D126/><REACH who="0" ten="230,224,286,250" step="2"/><U102/><REACH who="1" step="1"/><E129/><REACH who="1" ten="230,214,286,250" step="2"/><V106/><F37/><W34/><G114/><T22/><D22/><AGARI ba="0,2" hai="18,19,22,25,30,49,54,59,60,64,69,99,102,104" machi="22" ten="30,11600,0" yaku="1,1,2,1,7,1,52,1,53,0" doraHai="94" doraHaiUra="135" who="1" fromWho="0" sc="230,-116,214,136,286,0,250,0" /><INIT seed="1,1,0,2,1,79" ten="114,350,286,250" oya="1" hai0="85,67,23,58,5,45,129,127,48,22,71,93,9" hai1="41,89,50,64,31,10,14,27,119,82,101,2,38" hai2="63,92,40,69,43,125,91,18,96,104,54,47,20" hai3="122,126,24,112,21,19,103,17,77,115,28,74,53"/><U128/><E119/><V55/><F125/><W76/><G122/><T11/><D71/><U39/><E2/><V42/><F104/><W66/><G66/><T87/><D129/><U34/><E101/><V56/><F69/><W46/><G126/><T35/><D35/><U99/><E64/><V97/><F97/><W4/><G103/><T32/><D32/><U75/><E99/><V94/><F94/><W102/><G102/><T121/><D121/><U120/><E128/><V132/><F132/><W80/><G4/><T81/><D93/><U100/><E100/><V86/><F86/><W70/><G70/><T6/><D127/><U65/><E65/><V13/><REACH who="2" step="1"/><F55/><REACH who="2" ten="114,350,276,250" step="2"/><W133/><G133/><T49/><D85/><U114/><E120/><V26/><F26/><W117/><G117/><T12/><D87/><U51/><E27/><V106/><F106/><W15/><G115/><T0/><D81/><U111/><E114/><V62/><F62/><W134/><G112/><T30/><D30/><U3/><E31/><V84/><F84/><W124/><G124/><T95/><D95/><U105/><E82/><V59/><F59/><W118/><G134/><T8/><D67/><U68/><E68/><V73/><F73/><W108/><G118/><T135/><D135/><U61/><E75/><V123/><F123/><W88/><G74/><T83/><D83/><U72/><E72/><V107/><F107/><W78/><G28/><T131/><D131/><U90/><E105/><V25/><F25/><W60/><G80/><T110/><D58/><U44/><E61/><V116/><F116/><RYUUKYOKU ba="1,1" sc="114,-10,350,-10,276,30,250,-10" hai2="13,18,20,40,42,43,47,54,56,63,91,92,96" /><INIT seed="2,2,1,0,5,105" ten="104,340,306,240" oya="2" hai0="80,22,123,48,130,124,25,106,75,53,51,42,77" hai1="28,18,126,39,68,52,81,86,1,104,69,45,23" hai2="26,99,61,112,116,62,35,32,114,21,88,63,101" hai3="59,0,74,4,50,16,49,72,121,100,117,73,2"/><V40/><F116/><W10/><G121/><T78/><D106/><U82/><E104/><V14/><F40/><W96/><G117/><T133/><D123/><U103/><E103/><V31/><F88/><W118/><G118/><T111/><D111/><U128/><E1/><V13/><F13/><W19/><G2/><T87/><D130/><U115/><E28/><V129/><F129/><W135/><G135/><T98/><D124/><U113/><E39/><V110/><F110/><W131/><G131/><T36/><D133/><U60/><E82/><V107/><REACH who="2" step="1"/><F14/><REACH who="2" ten="104,340,296,240" step="2"/><W70/><G70/><T12/><D12/><U30/><E69/><V5/><F5/><W29/><G4/><T46/><D98/><U84/><E68/><V109/><F109/><W57/><G0/><T33/><D33/><AGARI ba="2,2" hai="21,26,31,32,33,35,61,62,63,99,101,107,112,114" machi="33" ten="40,2000,0" yaku="1,1,53,0" doraHai="105" doraHaiUra="134" who="2" fromWho="0" sc="104,-26,340,0,296,46,240,0" /><INIT seed="2,3,0,2,3,77" ten="78,340,342,240" oya="2" hai0="57,35,75,85,56,94,103,6,112,80,95,121,38" hai1="108,132,51,43,91,133,82,104,65,8,32,53,135" hai2="5,84,19,114,60,123,131,93,50,22,76,113,100" hai3="67,87,24,64,15,3,68,105,63,33,120,110,46"/><V27/><F123/><W119/><G120/><T70/><D70/><U107/><E108/><V40/><F131/><W10/><G3/><T71/><D71/><U29/><E65/><V17/><F5/><W41/><G110/><T74/><D38/><U45/><E8/><V21/><F60/><W106/><G67/><T55/><D121/><U116/><E116/><V124/><F124/><W78/><G119/><T59/><D35/><U101/><E101/><V26/><F100/><W66/><G66/><T86/><D112/><U9/><E9/><V127/><F127/><W79/><G79/><T12/><D55/><U2/><E2/><V23/><F22/><W1/><G1/><T96/><D6/><U14/><E14/><V31/><F31/><W34/><G34/><T69/><D69/><U11/><E11/><V39/><F39/><W128/><G128/><T81/><D12/><U98/><E43/><V49/><F76/><W99/><G24/><T125/><D125/><U92/><E82/><N who="0" m="31849" /><D74/><U44/><E107/><V28/><F28/><W54/><G33/><T72/><D72/><U7/><E104/><V129/><F129/><W20/><G54/><T36/><D36/><U13/><E7/><V126/><F126/><W118/><G68/><T122/><D122/><U97/><E13/><V111/><F111/><W0/><G118/><T62/><D75/><U25/><E44/><N who="2" m="25735" /><F114/><W83/><G0/><T73/><D73/><U37/><E37/><V4/><F4/><W90/><G15/><T30/><D30/><U88/><E133/><V18/><F113/><W48/><G10/><RYUUKYOKU ba="3,0" sc="78,-10,340,30,342,-10,240,-10" hai1="25,29,32,45,51,53,88,91,92,97,98,132,135" /><INIT seed="3,4,0,0,0,124" ten="68,370,332,230" oya="3" hai0="119,113,125,94,95,2,89,135,116,24,58,98,4" hai1="106,34,41,23,109,83,112,64,79,10,128,69,77" hai2="80,91,40,97,85,33,37,20,78,1,15,38,16" hai3="74,31,0,117,81,55,66,131,32,111,26,100,72"/><W6/><G117/><T108/><D2/><U73/><E23/><V51/><F33/><W52/><G66/><T82/><D4/><U28/><E109/><V18/><F1/><W101/><G111/><T13/><D13/><U96/><E79/><V114/><F114/><W35/><G35/><T60/><D24/><N who="1" m="18695" /><E10/><V103/><F78/><W90/><G0/><T48/><D48/><U92/><E92/><V133/><F133/><W57/><G6/><T42/><D42/><U118/><E41/><V127/><F127/><W120/><G120/><T71/><D125/><U126/><E126/><V84/><F84/><W5/><G5/><T70/><D82/><U121/><E112/><V22/><F51/><W61/><G55/><T43/><D43/><U36/><E36/><V107/><REACH who="2" step="1"/><F40/><REACH who="2" ten="68,370,322,230" step="2"/><W115/><G115/><T67/><D113/><U30/><E118/><V59/><F59/><W9/><G9/><T44/><D135/><U3/><E3/><V99/><F99/><W11/><G11/><T68/><D108/><U12/><E96/><V123/><F123/><W56/><G56/><T65/><D44/><U62/><E121/><V88/><F88/><W8/><G8/><T25/><D25/><AGARI ba="4,1" hai="15,16,18,20,22,25,37,38,80,85,91,97,103,107" machi="25" ten="30,7700,0" yaku="1,1,7,1,54,1,53,1" doraHai="124" doraHaiUra="21" who="2" fromWho="0" sc="68,-89,370,0,322,99,230,0" owari="-21,-52.1,370,17.0,421,52.1,230,-17.0" /></mjloggm>