<mjloggm ver="2.3"><GO type="169" lobby="0"/><UN n0="%61%73%61%64%61%31%32" n1="%E3%81%82%E3%81%BE%E3%81%82%E3%82%93" n2="%E9%AB%AD%E9%AF%A8" n3="%E3%81%88%E3%81%84%E3%81%8D%E3%81%A1%40%35%6D%66" dan="17,16,16,17" rate="2201.65,2099.66,2146.07,2213.83" sx="M,M,M,M"/><TAIKYOKU oya="0"/><INIT seed="0,0,0,1,3,9" ten="250,250,250,250" oya="0" hai0="54,133,106,130,44,2,134,21,118,115,86,111,38" hai1="122,94,107,69,62,26,36,22,31,25,10,97,117" hai2="16,124,8,120,0,47,50,18,81,83,126,56,49" hai3="119,129,103,6,76,87,88,72,7,132,61,30,135"/><T28/><D115/><U82/><E117/><V128/><F120/><W19/><G119/><T4/><D118/><U17/><E122/><V58/><F0/><W89/><G129/><T96/><D130/><U57/><E36/><V95/><F128/><W71/><G103/><T63/><D2/><U32/><E82/><V79/><F95/><W33/><G72/><T40/><D4/><U43/><E43/><V112/><F47/><W52/><G76/><T13/><D111/><U108/><E108/><V64/><F8/><W109/><G109/><T84/><D28/><U46/><E46/><V59/><F64/><W55/><G19/><N who="2" m="7209" /><F79/><W11/><G6/><T14/><D21/><U35/><E10/><V74/><F74/><W34/><G89/><T37/><D96/><U77/><E77/><V93/><F93/><N who="3" m="54431" /><G71/><T39/><D106/><U60/><E107/><V23/><F23/><W29/><G34/><T24/><D24/><U121/><E121/><V67/><F67/><W123/><G123/><T27/><D27/><U51/><E69/><V5/><F5/><W48/><G33/><T102/><D102/><U68/><E68/><V80/><F112/><W99/><G99/><T1/><D1/><U131/><E35/><V42/><F42/><W75/><G75/><T45/><D40/><U90/><E131/><V53/><F53/><W3/><G29/><T20/><D20/><U101/><E101/><V98/><F98/><W78/><G30/><T110/><D110/><U12/><E25/><V70/><F70/><W116/><G116/><T41/><D38/><U125/><E125/><AGARI ba="0,0" hai="49,50,56,58,59,80,81,83,124,125,126" m="7209" machi="125" ten="40,8000,1" yaku="6,1,28,2,18,1,54,1" doraHai="9" who="2" fromWho="1" sc="250,0,250,-80,250,80,250,0" /><INIT seed="1,0,0,2,1,102" ten="250,170,330,250" oya="1" hai0="110,22,42,95,74,83,35,93,124,123,90,2,70" hai1="98,116,85,79,84,40,62,106,56,118,99,113,103" hai2="134,126,96,107,88,29,100,4,51,130,76,9,23" hai3="108,3,44,94,7,53,14,63,127,104,21,58,121"/><U10/><E113/><V41/><F130/><W16/><G121/><T91/><D35/><U28/><E40/><V34/><F126/><W111/><G127/><T128/><D2/><U60/><E28/><V17/><F134/><W38/><G94/><T54/><D42/><U31/><E31/><V1/><F76/><W97/><G38/><T37/><D37/><U8/><E79/><V72/><F72/><W77/><G77/><T13/><D74/><U11/><E99/><V92/><F29/><W67/><G3/><T26/><D70/><U27/><E27/><V133/><F133/><W109/><G7/><T18/><D83/><U46/><E46/><V55/><F41/><W68/><G44/><T80/><D80/><U89/><E60/><V78/><F78/><W47/><G47/><T43/><D43/><U122/><E122/><V33/><F55/><W105/><G97/><T86/><D128/><U39/><E39/><V81/><F81/><W71/><G71/><T15/><D123/><U87/><REACH who="1" step="1"/><E89/><REACH who="1" ten="250,160,330,250" step="2"/><V114/><F114/><W20/><G20/><T69/><D124/><U45/><E45/><V73/><F73/><W75/><G75/><T125/><D125/><U120/><E120/><V131/><F131/><W19/><G19/><T61/><D18/><U52/><AGARI ba="0,1" hai="8,10,11,52,56,62,84,85,87,98,103,106,116,118" machi="52" ten="30,11700,0" yaku="1,1,0,1,52,1,54,1,53,0" doraHai="102" doraHaiUra="135" who="1" fromWho="1" sc="250,-39,160,127,330,-39,250,-39" /><INIT seed="1,1,0,3,4,25" ten="211,287,291,211" oya="1" hai0="40,54,42,19,24,21,97,100,83,133,47,129,44" hai1="85,72,14,4,49,67,77,113,20,70,131,132,115" hai2="87,66,6,127,59,78,90,99,68,26,104,93,119" hai3="94,12,31,23,36,81,88,92,0,53,118,27,122"/><U69/><E72/><V108/><F119/><W1/><G122/><T62/><D129/><U111/><E131/><V98/><F108/><W50/><G36/><T117/><D133/><U112/><E132/><V46/><F127/><W79/><G118/><T135/><D117/><U71/><E111/><V86/><F6/><W43/><G43/><T63/><D135/><U109/><E109/><V39/><F68/><W9/><G79/><T30/><D83/><U73/><E73/><V33/><F39/><W37/><G37/><T13/><D54/><U7/><E67/><V123/><F46/><N who="3" m="27863" /><G0/><T34/><D44/><U48/><E20/><V128/><F123/><W51/><G51/><N who="1" m="19530" /><E14/><V102/><F128/><W110/><G1/><T15/><D47/><U89/><E77/><V18/><F78/><W45/><G45/><T106/><D62/><U3/><E3/><V107/><F107/><W95/><G110/><T38/><D38/><U124/><E124/><V91/><F91/><W82/><G88/><T61/><D61/><U116/><E116/><V28/><REACH who="2" step="1"/><F18/><AGARI ba="1,0" hai="9,12,18,23,27,31,81,82,92,94,95" m="27863" machi="18" ten="30,2000,0" yaku="8,1,52,1" doraHai="25" who="3" fromWho="2" sc="211,0,287,0,291,-23,211,23" /><INIT seed="2,0,0,5,0,84" ten="211,287,268,234" oya="2" hai0="45,29,55,65,79,72,26,96,68,115,89,106,28" hai1="24,3,134,1,88,104,123,33,95,128,40,111,87" hai2="58,35,63,57,15,37,60,14,131,71,76,90,103" hai3="101,108,97,125,12,43,135,56,107,110,69,17,67"/><V74/><F71/><W41/><G69/><T5/><D115/><U47/><E104/><V129/><F37/><W112/><G112/><T82/><D5/><U91/><E111/><N who="3" m="42538" /><G125/><T124/><D124/><U16/><E128/><N who="2" m="49227" /><F35/><W7/><G135/><T85/><D68/><U70/><E70/><V52/><F103/><W18/><G7/><T54/><D65/><U8/><E134/><V44/><F44/><W105/><G105/><T2/><D2/><U81/><E123/><V117/><F117/><W130/><G130/><T77/><D29/><U9/><E33/><V49/><F49/><W80/><G80/><T122/><D122/><U31/><E31/><V34/><F34/><W30/><G30/><T127/><D127/><U19/><E1/><V23/><F23/><N who="3" m="11687" /><G18/><N who="1" m="6698" /><E24/><V73/><F76/><W64/><G64/><T0/><D0/><U92/><E3/><V4/><F4/><W93/><G107/><T109/><D79/><U21/><E21/><V83/><F15/><W10/><G10/><T38/><D109/><U75/><E75/><V13/><F14/><W100/><G100/><N who="0" m="62727" /><D26/><U78/><E78/><V32/><F13/><W27/><G27/><T62/><D28/><U121/><E121/><V50/><F32/><W114/><G114/><T98/><D62/><AGARI ba="0,0" hai="41,43,56,62,67,93,97,101" m="11687,42538" machi="62" ten="30,1000,0" yaku="14,1" doraHai="84" who="3" fromWho="0" sc="211,-10,287,0,268,0,234,10" /><INIT seed="3,0,0,4,1,115" ten="201,287,268,244" oya="3" hai0="110,63,11,26,15,103,49,100,119,45,98,114,131" hai1="6,81,18,14,47,2,33,85,95,73,22,90,37" hai2="62,76,13,124,48,118,56,30,135,123,61,58,126" hai3="132,72,120,88,50,5,80,44,41,105,35,20,104"/><W125/><G120/><T109/><D114/><U71/><E71/><V133/><F76/><W116/><G35/><T102/><D131/><U86/><E33/><V53/><F30/><W17/><G125/><N who="2" m="48233" /><F13/><W34/><G34/><T84/><D26/><U79/><E95/><V134/><F123/><W94/><G132/><T97/><D63/><N who="2" m="24074" /><F118/><W112/><G112/><T83/><D119/><U82/><E82/><V67/><F58/><W40/><G116/><T117/><D117/><U107/><E107/><V89/><F89/><W27/><G5/><T29/><D29/><U1/><E90/><V65/><AGARI ba="0,0" hai="48,53,56,65,67,133,134,135" m="24074,48233" machi="65" ten="40,8000,1" yaku="20,1,18,1,34,2" doraHai="115" who="2" fromWho="2" sc="201,-20,287,-20,268,80,244,-40" /><INIT seed="4,0,0,0,3,18" ten="181,267,348,204" oya="0" hai0="67,23,42,65,9,10,1,38,131,33,111,108,98" hai1="106,97,8,103,117,41,82,76,78,60,128,19,123" hai2="114,100,133,99,25,84,79,50,46,34,130,11,115" hai3="107,63,0,105,102,109,74,69,22,68,5,45,4"/><T21/><D33/><U35/><E117/><V81/><F133/><W57/><G109/><N who="0" m="42059" /><D131/><U20/><E123/><V96/><F130/><W118/><G118/><T12/><D42/><U16/><E128/><V37/><F37/><W72/><G45/><T58/><D38/><U83/><E35/><V87/><F11/><N who="0" m="4106" /><D1/><U55/><E41/><V49/><F34/><W17/><G0/><T119/><D119/><U3/><E76/><V75/><F25/><W93/><G93/><T121/><D121/><U24/><E78/><V73/><F46/><W29/><G29/><T2/><D2/><U53/><E19/><V125/><F79/><W56/><G17/><T104/><D12/><U101/><E101/><V27/><F27/><W116/><G102/><N who="0" m="62551" /><D58/><U14/><E3/><V122/><F100/><W88/><G116/><T61/><D61/><U129/><E129/><V89/><F122/><W135/><G63/><T86/><D86/><U120/><E120/><V30/><F75/><W95/><G95/><T92/><D92/><N who="1" m="58791" /><E60/><V91/><F73/><W6/><G6/><T94/><D94/><U80/><E106/><V39/><F39/><W70/><G70/><T127/><D127/><U124/><E124/><V48/><F125/><W52/><G135/><T90/><D90/><U47/><E47/><V77/><F89/><W13/><G88/><T40/><D40/><U113/><E113/><N who="2" m="43019" /><F30/><W64/><G74/><T110/><N who="0" m="42067" /><T85/><DORA hai="36" /><D85/><U54/><E8/><V62/><F62/><W66/><G72/><T134/><D134/><U15/><AGARI ba="0,0" hai="14,15,16,20,24,53,54,55,80,82,83" m="58791" machi="15" ten="40,5200,0" yaku="8,1,52,1,54,1" doraHai="18,36" who="1" fromWho="1" sc="181,-26,267,52,348,-13,204,-13" /><INIT seed="5,0,0,4,2,95" ten="155,319,335,191" oya="1" hai0="48,65,109,49,16,107,59,96,62,66,116,61,132" hai1="21,126,123,60,130,113,117,33,82,54,26,32,114" hai2="88,67,53,41,106,94,111,71,22,84,104,37,40" hai3="45,69,99,23,122,9,11,81,15,128,73,78,98"/><U24/><E117/><V103/><F111/><W135/><G122/><T68/><D116/><U51/><E123/><V3/><F3/><W12/><G69/><T35/><D109/><U43/><E130/><V118/><F118/><W85/><G128/><T110/><D110/><U121/><E121/><V63/><F37/><W97/><G135/><T31/><D132/><U119/><E119/><V89/><F106/><W112/><G112/><T28/><D28/><U129/><E129/><V87/><F103/><W133/><G133/><T10/><D10/><U92/><E126/><V13/><F104/><W90/><G45/><T30/><D30/><U27/><E21/><V56/><F13/><N who="3" m="5195" /><G73/><T18/><D49/><U20/><E20/><V120/><F22/><W42/><G42/><T105/><D48/><U58/><E82/><V108/><F108/><W75/><G75/><T1/><D1/><U47/><REACH who="1" step="1"/><E92/><REACH who="1" ten="155,309,335,191" step="2"/><V46/><F120/><W29/><G78/><T91/><D107/><U131/><E131/><V102/><F102/><W79/><G79/><T39/><D91/><U93/><E93/><V64/><F89/><W77/><G77/><T0/><D105/><U57/><E57/><V134/><F134/><W25/><AGARI ba="0,1" hai="9,11,23,25,29,81,85,90,97,98,99" m="5195" machi="25" ten="30,7900,0" yaku="8,1,52,3" doraHai="95" who="3" fromWho="3" sc="155,-20,309,-39,335,-20,191,89" /><INIT seed="6,0,0,0,2,133" ten="135,270,315,280" oya="2" hai0="95,31,131,34,8,75,90,89,99,104,111,57,25" hai1="19,93,9,63,67,132,78,0,37,6,1,39,12" hai2="77,84,23,125,59,38,2,54,80,102,15,11,24" hai3="42,3,66,135,121,94,13,52,76,73,123,118,49"/><V33/><F38/><W17/><G118/><T109/><D75/><U20/><E132/><V51/><F125/><W26/><G135/><T21/><D131/><U88/><E78/><V127/><F127/><W53/><G3/><T45/><D45/><U86/><REACH who="1" step="1"/><E0/><REACH who="1" ten="135,260,315,280" step="2"/><V40/><F2/><W122/><G76/><T47/><D111/><U32/><E32/><V110/><F110/><W79/><G79/><T69/><D109/><U7/><E7/><V64/><F33/><W97/><G73/><T68/><D34/><U48/><E48/><V61/><F40/><W116/><G116/><T72/><D72/><U14/><E14/><V50/><F102/><W29/><G42/><T105/><D105/><U70/><AGARI ba="0,1" hai="1,6,9,12,19,20,37,39,63,67,70,86,88,93" machi="70" ten="20,5200,0" yaku="1,1,0,1,7,1,54,1,53,0" doraHai="133" doraHaiUra="46" who="1" fromWho="1" sc="135,-13,260,62,315,-26,280,-13" /><INIT seed="7,0,0,5,1,133" ten="122,322,289,267" oya="3" hai0="17,60,54,111,42,9,41,32,85,16,92,107,44" hai1="37,89,68,83,100,115,36,62,20,93,101,132,29" hai2="1,15,47,49,76,12,45,80,51,95,23,53,71" hai3="128,69,126,114,113,52,59,110,99,75,18,63,134"/><W123/><G123/><T84/><D107/><U40/><E132/><V6/><F71/><W56/><G134/><T64/><D32/><U135/><E135/><V73/><F1/><W57/><G75/><T106/><D106/><U105/><E105/><V21/><F95/><W77/><G77/><T43/><D111/><U5/><E5/><V117/><F117/><W24/><G110/><T10/><D64/><U72/><E115/><N who="3" m="44042" /><G128/><T81/><D92/><U109/><E40/><V34/><F34/><W2/><G2/><T14/><D60/><U127/><E72/><V79/><F73/><W67/><G99/><T70/><D70/><U122/><E68/><V4/><F80/><W112/><N who="3" m="44050" /><W74/><DORA hai="102" /><G74/><T30/><D30/><U38/><E29/><V116/><F116/><W35/><G126/><T119/><D119/><U50/><E127/><V94/><F94/><W7/><G7/><T124/><D124/><U25/><E83/><V46/><F46/><W58/><G35/><T0/><D0/><U78/><E78/><V97/><F53/><W61/><G18/><T108/><D108/><U86/><E109/><V66/><F66/><N who="3" m="41167" /><G24/><T3/><D3/><U131/><E131/><V22/><F22/><W26/><G26/><T118/><D118/><U33/><E33/><V91/><F91/><W98/><G98/><AGARI ba="0,0" hai="4,6,12,15,21,23,45,47,49,51,76,79,97,98" machi="98" ten="25,3200,0" yaku="22,2,8,1" doraHai="133,102" who="2" fromWho="3" sc="122,0,322,0,289,32,267,-32" owari="122,-37.8,322,42.2,321,12.1,235,-16.5" /></mjloggm>