<mjloggm ver="2.3"><GO type="225" lobby="0"/><UN n0="%E8%91%B1%E9%96%93%E8%91%B1%E6%8A%9C" n1="%E3%81%BF%E3%81%BF%E3%81%9A" n2="%E6%9C%88%E5%B3%B6%E5%9F%BA" n3="%70%68%65%6E%6F%6D%65" dan="16,17,17,16" rate="2093.76,2248.88,2212.06,2183.85" sx="F,M,M,M"/><TAIKYOKU oya="0"/><INIT seed="0,0,0,3,2,41" ten="250,250,250,250" oya="0" hai0="86,31,57,60,27,51,75,59,134,112,132,76,20" hai1="74,73,32,84,11,110,72,16,1,65,34,80,39" hai2="38,18,48,111,89,49,2,106,71,129,128,4,108" hai3="64,101,98,78,107,93,105,88,24,135,46,33,22"/><T102/><D112/><U104/><E104/><V43/><F106/><W13/><G135/><N who="0" m="51755" /><D102/><U52/><E39/><V122/><F122/><W126/><G126/><T94/><D75/><U14/><E110/><N who="2" m="42027" /><F71/><W58/><G78/><T95/><D51/><N who="2" m="19530" /><F18/><W127/><G127/><T117/><D117/><U8/><E52/><V63/><F89/><W30/><G46/><T3/><D3/><U36/><E65/><V10/><F63/><W133/><G133/><T25/><D25/><U120/><E36/><V42/><F38/><W56/><G64/><N who="0" m="38927" /><D59/><U109/><E120/><V0/><F0/><W91/><G105/><T45/><D45/><U79/><REACH who="1" step="1"/><E109/><REACH who="1" ten="250,240,250,250" step="2"/><V44/><F44/><W67/><G67/><T6/><D6/><AGARI ba="0,1" hai="1,6,8,11,14,16,32,34,72,73,74,79,80,84" machi="6" ten="40,5200,0" yaku="1,1,2,1,54,1,53,0" doraHai="41" doraHaiUra="121" who="1" fromWho="0" sc="250,-52,240,62,250,0,250,0" /><INIT seed="1,0,0,1,0,23" ten="198,302,250,250" oya="1" hai0="53,99,46,56,45,29,34,3,119,7,32,8,4" hai1="47,61,133,105,30,80,19,104,11,106,13,130,77" hai2="90,26,60,96,25,102,81,78,17,68,2,116,69" hai3="97,22,72,100,124,21,121,88,10,64,122,37,59"/><U85/><E130/><V84/><F116/><W15/><G37/><T63/><D119/><U27/><E133/><V41/><F2/><W43/><G72/><T109/><D109/><U134/><E134/><V111/><F111/><W20/><G43/><T98/><D4/><U79/><E47/><V57/><F41/><W36/><G36/><T55/><D45/><U40/><E40/><V92/><F68/><W129/><G124/><T123/><D123/><U44/><E44/><V48/><F48/><W132/><G129/><T117/><D117/><U67/><E79/><V120/><F69/><W9/><G9/><T70/><D70/><U42/><E42/><V74/><F17/><W62/><G88/><T115/><D115/><U101/><E101/><V49/><F49/><W54/><G64/><T1/><D1/><U95/><E95/><V73/><F120/><W83/><G83/><T112/><D112/><U33/><REACH who="1" step="1"/><E105/><REACH who="1" ten="198,292,250,250" step="2"/><N who="2" m="63687" /><F74/><W50/><G132/><T94/><D29/><U131/><E131/><V103/><F103/><W93/><REACH who="3" step="1"/><G50/><REACH who="3" ten="198,292,250,240" step="2"/><T24/><D94/><U75/><E75/><V113/><F113/><W86/><G86/><T52/><D98/><U16/><E16/><AGARI ba="0,2" hai="10,15,16,20,21,22,54,59,62,93,97,100,121,122" machi="16" ten="40,2600,0" yaku="1,1,54,1,53,0" doraHai="23" doraHaiUra="71" who="3" fromWho="1" sc="198,0,292,-26,250,0,240,46" /><INIT seed="2,0,0,4,4,116" ten="198,266,250,286" oya="2" hai0="39,102,65,59,57,56,15,124,52,31,27,19,109" hai1="96,64,122,20,134,112,61,5,77,72,101,44,70" hai2="110,45,129,29,16,18,17,21,11,119,53,125,58" hai3="75,8,76,71,131,117,106,135,107,97,80,127,0"/><V35/><F119/><W37/><RYUUKYOKU type="yao9" ba="0,0" sc="198,0,266,0,250,0,286,0" hai3="0,8,37,71,75,76,80,97,106,107,117,127,131,135" /><INIT seed="2,1,0,5,5,18" ten="198,266,250,286" oya="2" hai0="61,55,105,77,43,30,81,20,89,115,11,35,96" hai1="34,120,51,58,48,45,133,93,5,44,1,126,76" hai2="80,66,56,107,102,104,26,7,57,41,71,62,9" hai3="68,69,101,39,78,122,16,123,0,85,4,21,113"/><V15/><F41/><W28/><G39/><T109/><D115/><U75/><E34/><V40/><F40/><W13/><G113/><T60/><D109/><U94/><E126/><V24/><F71/><W130/><G130/><T27/><D43/><U2/><E58/><V14/><F102/><W65/><G101/><T125/><D125/><U127/><E127/><V42/><F42/><W79/><G28/><T82/><D35/><U110/><E110/><V3/><F3/><W12/><G0/><T37/><D37/><U64/><E64/><V117/><F117/><W87/><G16/><N who="0" m="12679" /><D105/><U72/><E133/><V29/><F80/><N who="0" m="30826" /><D77/><U36/><E36/><V10/><F24/><W59/><G59/><N who="0" m="34943" /><D30/><U98/><E76/><V92/><F92/><W54/><G54/><T86/><D61/><U88/><E120/><V135/><F135/><W129/><G129/><T74/><D74/><U50/><E75/><V38/><F38/><W83/><G122/><T67/><D11/><U70/><E72/><V49/><F104/><W22/><G123/><T119/><D119/><U112/><E70/><V118/><F107/><W73/><G73/><T84/><D67/><U114/><E2/><V131/><F118/><W100/><G65/><T47/><D47/><N who="1" m="17995" /><E114/><V31/><F131/><W90/><G69/><T132/><D132/><U32/><E112/><V91/><F66/><W6/><G68/><T111/><D111/><U19/><E32/><V46/><F46/><W128/><G128/><T108/><D108/><U124/><E124/><V106/><F106/><W53/><G79/><T23/><D23/><RYUUKYOKU ba="1,0" sc="198,30,266,-10,250,-10,286,-10" hai0="84,86,89,96" /><INIT seed="3,2,0,3,3,68" ten="228,256,240,276" oya="3" hai0="81,19,106,104,11,91,96,101,134,41,57,1,67" hai1="4,50,5,77,78,64,23,120,93,109,49,135,125" hai2="52,28,111,26,37,122,56,7,58,113,69,53,27" hai3="38,70,84,2,13,92,63,40,117,76,132,87,60"/><W48/><G2/><T36/><D134/><U66/><E120/><V15/><F113/><W130/><G117/><T105/><D67/><U10/><E135/><V129/><F69/><W39/><G132/><T131/><D131/><U118/><E109/><V88/><F111/><W17/><G130/><T100/><D57/><N who="2" m="22122" /><F37/><W35/><G35/><T55/><D55/><N who="2" m="21066" /><F122/><W98/><G48/><T0/><D19/><U24/><E125/><V83/><F28/><W12/><G12/><T82/><D11/><U8/><E23/><V6/><F129/><W14/><G70/><T128/><D128/><U79/><E24/><N who="2" m="9259" /><F15/><W29/><G29/><T119/><D119/><U61/><E118/><V127/><F127/><W116/><G116/><T86/><D82/><U9/><E61/><V20/><F20/><W90/><G14/><T94/><REACH who="0" step="1"/><D101/><REACH who="0" ten="218,256,240,276" step="2"/><U44/><E66/><V114/><F114/><W34/><G17/><T89/><D89/><U74/><E64/><V123/><F123/><W75/><G90/><T46/><AGARI ba="2,1" hai="0,1,36,41,46,81,86,91,94,96,100,104,105,106" machi="46" ten="40,5200,0" yaku="1,1,0,1,52,1,53,0" doraHai="68" doraHaiUra="45" who="0" fromWho="0" sc="218,68,256,-15,240,-15,276,-28" /><INIT seed="4,0,0,1,5,88" ten="286,241,225,248" oya="0" hai0="50,52,119,21,70,22,42,124,102,122,64,16,4" hai1="7,112,41,69,82,18,28,58,53,35,83,15,68" hai2="12,39,73,78,47,75,37,59,96,97,132,89,1" hai3="129,128,48,115,25,65,104,23,38,49,110,10,85"/><T135/><D119/><U76/><E41/><V103/><F1/><W9/><G38/><T81/><D122/><U111/><E111/><V92/><F132/><W62/><G104/><T91/><D135/><U30/><E7/><V118/><F118/><W63/><G110/><T99/><D124/><U94/><E112/><V126/><F126/><W116/><G116/><T14/><D42/><U66/><E35/><V71/><F71/><W36/><G36/><T32/><D32/><U121/><E121/><V86/><F47/><W11/><G85/><N who="0" m="50607" /><D70/><U29/><E66/><V54/><F12/><W17/><G63/><T5/><D64/><U45/><E45/><V95/><F86/><W55/><G115/><T117/><D117/><U105/><E105/><V20/><F20/><N who="0" m="7786" /><D99/><U101/><E68/><V19/><F19/><W77/><G65/><T80/><D80/><U90/><E69/><V93/><F93/><W84/><G62/><T43/><D102/><U131/><E101/><V56/><F54/><W108/><G108/><T120/><D43/><U109/><E109/><V113/><F113/><W51/><G55/><T26/><D26/><U130/><E83/><N who="2" m="45519" /><F75/><W79/><G84/><T60/><D60/><N who="1" m="35919" /><E82/><V67/><F67/><W87/><G87/><T125/><D125/><U134/><E134/><V8/><F8/><W27/><G25/><T57/><D120/><U13/><E76/><V33/><F33/><W74/><G74/><T61/><D61/><U98/><E18/><V0/><F0/><W107/><G107/><T72/><D72/><U46/><E46/><V123/><F123/><RYUUKYOKU ba="0,0" sc="286,0,241,0,225,0,248,0" hai0="4,5,14,16,50,52,57" hai1="13,15,28,29,30,90,94,98,130,131" hai2="37,39,56,59,89,92,95,96,97,103" hai3="9,10,11,17,23,27,48,49,51,77,79,128,129" /><INIT seed="4,1,0,3,0,95" ten="286,241,225,248" oya="0" hai0="100,22,33,12,2,32,125,91,50,3,13,104,121" hai1="21,81,135,134,66,65,123,1,119,51,101,34,127" hai2="115,58,64,69,102,113,97,42,90,47,87,85,41" hai3="96,40,124,86,122,16,108,129,57,25,28,99,23"/><T43/><D121/><U19/><E119/><V60/><F69/><W54/><G108/><T52/><D125/><U30/><E123/><V17/><F17/><W75/><G122/><T84/><D43/><N who="2" m="16394" /><F47/><W67/><G75/><T79/><D79/><U9/><E127/><V7/><F7/><W103/><G124/><T112/><D112/><N who="2" m="43082" /><F90/><W83/><G129/><T98/><D32/><U61/><E51/><V94/><AGARI ba="1,0" hai="58,60,64,85,87,94,97,102" m="43082,16394" machi="94" ten="30,2000,0" yaku="15,1,52,1" doraHai="95" who="2" fromWho="2" sc="286,-11,241,-6,225,23,248,-6" /><INIT seed="5,0,0,2,1,57" ten="275,235,248,242" oya="1" hai0="19,97,133,29,100,115,117,88,44,64,127,63,68" hai1="74,1,23,129,31,24,55,48,118,81,123,14,91" hai2="135,26,25,15,54,122,13,89,70,93,98,80,67" hai3="116,72,132,60,39,96,17,131,82,111,33,58,16"/><U42/><E118/><V106/><F122/><W114/><G111/><T71/><D117/><U134/><E123/><V36/><F36/><W6/><G116/><T51/><D115/><U94/><E1/><V79/><F106/><W78/><G114/><T126/><D133/><U109/><E134/><V121/><F121/><W66/><G132/><T53/><D29/><U59/><E109/><V103/><F135/><W130/><G33/><T62/><D19/><U95/><E129/><N who="3" m="49162" /><G39/><T11/><D88/><U128/><E128/><V86/><F70/><N who="0" m="26666" /><D11/><U34/><E34/><V104/><F67/><W45/><G6/><T32/><D32/><U5/><E42/><V87/><F54/><W37/><G96/><T18/><D18/><U4/><E74/><V27/><AGARI ba="0,0" hai="13,15,25,26,27,79,80,86,87,89,93,98,103,104" machi="27" ten="30,1100,0" yaku="0,1" doraHai="57" who="2" fromWho="2" sc="275,-3,235,-5,248,11,242,-3" /><INIT seed="6,0,0,5,5,127" ten="272,230,259,239" oya="2" hai0="66,114,65,77,99,61,1,90,38,22,113,58,48" hai1="56,128,40,95,27,57,79,121,11,84,80,24,122" hai2="13,69,92,14,101,98,46,118,59,15,133,75,5" hai3="100,106,34,3,43,0,94,126,81,104,132,124,33"/><V123/><F118/><W26/><G43/><T110/><D110/><U63/><E40/><V68/><F123/><N who="1" m="47113" /><E128/><V39/><F75/><W6/><G81/><T41/><D1/><N who="3" m="585" /><G6/><T62/><D77/><U85/><E11/><V70/><F133/><W10/><G10/><T83/><D38/><U131/><E131/><V73/><F73/><W21/><G94/><N who="0" m="56791" /><D22/><U116/><E116/><V25/><F5/><W108/><G108/><T76/><D41/><U82/><E95/><V97/><F39/><W30/><G100/><T130/><D48/><U107/><E107/><N who="3" m="41002" /><G132/><T125/><D130/><U55/><E56/><V23/><F59/><W16/><G30/><T32/><D125/><AGARI ba="0,0" hai="16,21,26,33,34,124,125,126" m="41002,585" machi="125" ten="40,2600,0" yaku="18,1,54,1" doraHai="127" who="3" fromWho="0" sc="272,-26,230,0,259,0,239,26" /><INIT seed="7,0,0,4,3,25" ten="246,230,259,265" oya="3" hai0="108,122,124,1,29,54,118,82,49,71,134,33,74" hai1="121,101,85,55,113,130,94,133,112,107,0,66,103" hai2="104,109,72,129,41,52,73,96,78,105,97,8,50" hai3="59,98,57,15,21,12,18,111,16,63,43,35,53"/><W75/><G111/><T99/><RYUUKYOKU type="yao9" ba="0,0" sc="246,0,230,0,259,0,265,0" hai0="1,29,33,49,54,71,74,82,99,108,118,122,124,134" /><INIT seed="7,1,0,3,0,80" ten="246,230,259,265" oya="3" hai0="70,117,8,60,111,37,71,3,11,79,56,35,47" hai1="21,15,25,42,7,24,48,95,94,75,43,88,122" hai2="58,44,62,33,19,73,6,100,18,83,92,39,51" hai3="118,85,17,23,121,67,54,16,40,112,135,86,46"/><W127/><G118/><T99/><D111/><U89/><E122/><V103/><F39/><W110/><G121/><T97/><D117/><U13/><E75/><V9/><F33/><W81/><G110/><T115/><D35/><U131/><E131/><V87/><F73/><W119/><G119/><T90/><D115/><U102/><E102/><N who="2" m="38955" /><F6/><W30/><G112/><T77/><D37/><U45/><E7/><V50/><F92/><N who="1" m="35369" /><E42/><N who="2" m="24855" /><F51/><N who="3" m="27079" /><G67/><N who="0" m="39303" /><D47/><U59/><E59/><V10/><F10/><N who="0" m="3626" /><D3/><U27/><E21/><V124/><F9/><W2/><G2/><T98/><D70/><U74/><E74/><V20/><F20/><W125/><G127/><T1/><D71/><U65/><E65/><N who="2" m="39127" /><F124/><W76/><G125/><T78/><D1/><U128/><E128/><V114/><F114/><W129/><G129/><T29/><D29/><U84/><E89/><AGARI ba="1,0" hai="18,19,83,87,89" m="39127,24855,38955" machi="89" ten="30,2000,0" yaku="8,1,52,1" doraHai="80" who="2" fromWho="1" sc="246,0,230,-23,259,23,265,0" /><AGARI ba="1,0" hai="77,78,79,89,90,97,98,99" m="3626,39303" machi="89" ten="40,1300,0" yaku="8,1" doraHai="80" who="0" fromWho="1" sc="246,13,207,-13,282,0,265,0" owari="259,-14.1,194,-30.6,282,38.2,265,6.5" /></mjloggm>