<mjloggm ver="2.3"><GO type="169" lobby="0"/><UN n0="%E3%82%AD%E3%83%B3%E3%82%B0%E3%81%82%E3%81%A4%E3%81%97" n1="%E3%81%A9%E3%82%93%E3%81%9F%E3%82%83%E3%82%93" n2="%65%76%31%36%33%38%34" n3="%E3%81%B5%E3%82%8D%E3%82%93" dan="16,16,17,17" rate="2172.77,2180.25,2144.85,2214.76" sx="M,F,M,M"/><TAIKYOKU oya="0"/><INIT seed="0,0,0,4,5,120" ten="250,250,250,250" oya="0" hai0="55,42,88,134,113,119,27,32,108,60,37,50,72" hai1="11,126,63,130,121,36,10,62,78,87,13,127,29" hai2="71,117,133,40,57,53,26,110,95,49,23,52,89" hai3="68,101,51,61,65,125,105,104,90,39,103,100,16"/><T0/><D119/><U25/><E121/><V75/><F75/><W84/><G39/><T69/><D113/><U123/><E123/><V35/><F117/><W115/><G115/><T73/><D0/><U41/><E130/><V19/><F133/><W131/><G131/><T112/><D112/><U67/><E41/><V15/><F71/><W3/><G3/><T38/><D134/><U1/><E36/><V24/><F110/><W92/><G125/><N who="1" m="47626" /><E1/><V81/><F81/><W116/><G116/><T85/><D38/><U59/><E63/><V45/><F35/><W64/><G64/><N who="0" m="41095" /><D27/><U98/><E98/><V74/><F74/><W28/><G28/><T30/><D30/><U44/><E44/><V48/><REACH who="2" step="1"/><F40/><REACH who="2" ten="250,250,240,250" step="2"/><W46/><REACH who="3" step="1"/><G16/><REACH who="3" ten="250,250,240,240" step="2"/><T96/><D32/><N who="1" m="20527" /><E13/><V6/><F6/><W58/><G58/><T54/><D108/><U86/><E59/><V22/><F22/><W8/><G8/><T109/><D109/><U31/><E10/><V91/><F91/><W66/><G66/><T56/><D88/><U132/><E11/><V107/><F107/><W94/><G94/><T93/><D93/><U80/><E132/><V122/><F122/><W17/><G17/><T118/><D56/><N who="1" m="37319" /><E31/><V128/><F128/><W18/><G18/><T21/><D118/><U33/><E33/><V135/><F135/><W43/><AGARI ba="0,2" hai="43,46,51,61,65,68,84,90,92,100,101,103,104,105" machi="43" ten="30,4000,0" yaku="1,1,0,1,53,1" doraHai="120" doraHaiUra="47" who="3" fromWho="3" sc="250,-20,250,-10,240,-10,240,60" /><INIT seed="1,0,0,5,1,118" ten="230,240,230,300" oya="1" hai0="54,49,74,10,2,62,11,60,134,4,79,31,44" hai1="35,131,59,68,16,75,5,133,39,120,97,24,19" hai2="55,128,132,102,67,37,51,110,69,30,56,33,114" hai3="72,107,95,21,28,115,117,87,90,15,119,63,45"/><U105/><E75/><V99/><F110/><W40/><G115/><T22/><D134/><U29/><E39/><V70/><F132/><W26/><G107/><T111/><D111/><U7/><E133/><V14/><F128/><W1/><G1/><T64/><D74/><U124/><E131/><V23/><F37/><W98/><G72/><T41/><D79/><U129/><E129/><V65/><F114/><W34/><G63/><T86/><D86/><U82/><E68/><V18/><F70/><W76/><G34/><T52/><D60/><U112/><E112/><V47/><F69/><W61/><G61/><T108/><D108/><U81/><E124/><V0/><F0/><W135/><G15/><T130/><D11/><U38/><E38/><V96/><F96/><W36/><G135/><T92/><D92/><U106/><E97/><V78/><F78/><W85/><G85/><T127/><D127/><U93/><E93/><N who="2" m="58735" /><F30/><W91/><REACH who="3" step="1"/><G76/><REACH who="3" ten="230,240,230,290" step="2"/><T13/><D130/><U32/><E32/><V104/><F104/><W80/><AGARI ba="0,1" hai="21,26,28,36,40,45,80,87,90,91,95,98,117,119" machi="80" ten="30,4000,0" yaku="1,1,2,1,0,1,53,0" doraHai="118" doraHaiUra="100" who="3" fromWho="3" sc="230,-10,240,-20,230,-10,290,50" /><INIT seed="2,0,0,1,5,8" ten="220,220,220,340" oya="2" hai0="70,85,52,74,88,47,16,42,25,104,107,5,96" hai1="55,30,6,56,57,35,41,79,38,50,118,101,12" hai2="44,131,128,46,68,11,40,116,63,121,58,69,26" hai3="49,9,48,129,66,83,133,105,27,98,94,36,20"/><V14/><F26/><W21/><G36/><T73/><D70/><U122/><E118/><V114/><F116/><W65/><G105/><T127/><D5/><U45/><E122/><V31/><F31/><W110/><G110/><T93/><D127/><U81/><E101/><V54/><F121/><W125/><G129/><N who="2" m="49737" /><F114/><W95/><G133/><T59/><D74/><U18/><E6/><N who="2" m="3447" /><F46/><W119/><G27/><T106/><D73/><U78/><E30/><V37/><AGARI ba="0,0" hai="37,40,44,54,58,63,68,69" m="3447,49737" machi="37" ten="30,3000,0" yaku="19,1,52,1" doraHai="8" who="2" fromWho="2" sc="220,-10,220,-10,220,30,340,-10" /><INIT seed="2,1,0,3,1,29" ten="210,210,250,330" oya="2" hai0="17,92,7,101,63,35,115,126,114,80,112,134,41" hai1="52,62,75,25,133,108,42,113,49,36,12,22,2" hai2="86,11,27,109,99,119,53,90,58,30,20,71,87" hai3="5,24,128,43,47,8,123,31,85,44,56,65,39"/><V122/><F71/><W61/><G128/><T94/><D7/><U106/><E2/><V69/><F69/><W74/><G123/><T84/><D41/><U130/><E113/><V66/><F122/><W15/><G74/><T28/><D17/><U64/><E75/><V91/><F119/><W76/><G47/><T57/><D126/><U78/><E78/><V118/><F118/><W16/><G5/><T98/><D134/><U73/><E73/><V68/><F68/><W125/><G125/><T0/><D0/><U3/><E3/><V67/><F99/><W103/><G103/><T38/><D38/><U105/><E108/><V23/><F11/><W100/><G100/><T83/><D94/><U6/><E130/><V70/><F70/><W4/><G4/><T72/><D72/><U93/><E93/><N who="2" m="54487" /><F23/><W33/><G85/><T51/><D51/><U96/><E96/><V110/><F110/><W107/><REACH who="3" step="1"/><G76/><REACH who="3" ten="210,210,250,320" step="2"/><T40/><D84/><U88/><E6/><V46/><F46/><W1/><G1/><T129/><D129/><U9/><E133/><V60/><F109/><W18/><G18/><T19/><D19/><U124/><E124/><V135/><F135/><W117/><G117/><T10/><D112/><U32/><E106/><AGARI ba="1,1" hai="8,15,16,24,31,33,39,43,44,56,61,65,106,107" machi="106" ten="40,8000,1" yaku="1,1,52,1,54,1,53,1" doraHai="29" doraHaiUra="13" who="3" fromWho="1" sc="210,0,210,-83,250,0,320,93" /><INIT seed="3,0,0,5,2,100" ten="210,127,250,413" oya="3" hai0="17,50,25,3,28,89,24,29,65,9,68,40,6" hai1="122,96,101,97,14,110,109,74,112,121,35,117,59" hai2="126,91,111,51,18,98,102,38,116,10,60,120,93" hai3="61,15,82,43,21,67,118,124,76,70,54,52,42"/><W94/><G118/><T92/><D68/><U57/><E35/><V55/><F38/><W36/><G124/><T103/><D65/><U81/><E14/><V16/><F116/><W34/><G34/><T32/><D103/><U48/><E117/><V130/><F126/><W5/><G94/><T37/><D37/><U115/><E48/><V135/><F111/><N who="1" m="42505" /><E57/><V104/><F135/><W95/><G95/><T8/><D50/><U7/><E7/><V77/><F77/><W33/><G33/><T133/><D40/><U69/><E59/><V72/><F72/><W123/><G123/><N who="1" m="47114" /><E69/><V114/><F120/><W27/><G15/><T12/><D133/><U73/><E97/><V53/><F114/><N who="1" m="43561" /><E81/><V63/><F55/><W20/><G5/><T129/><D32/><U119/><E119/><V127/><F127/><W0/><G0/><T64/><D6/><U58/><E58/><V85/><F10/><W108/><G108/><T83/><D9/><U99/><E99/><V79/><F51/><W26/><G42/><T66/><D83/><U125/><E125/><V22/><F98/><W23/><G43/><T87/><D3/><U90/><E90/><V80/><F91/><W107/><G36/><T1/><D1/><U2/><E2/><V30/><F80/><W113/><G113/><T106/><D12/><U132/><E132/><V13/><F13/><W39/><G39/><T49/><D8/><U19/><E19/><V105/><F16/><W78/><G54/><T31/><D17/><U88/><E88/><V45/><F53/><W41/><G52/><T86/><D89/><RYUUKYOKU ba="0,0" sc="210,-10,127,30,250,-10,413,-10" hai1="73,74,96,101" /><INIT seed="4,1,0,0,0,84" ten="200,157,240,403" oya="0" hai0="58,122,46,2,68,0,112,32,27,36,65,69,35" hai1="16,19,22,124,89,11,93,56,71,25,126,62,91" hai2="116,75,45,66,28,123,48,74,125,98,88,3,78" hai3="76,114,61,130,99,1,49,95,81,110,23,4,117"/><T21/><D122/><U42/><E71/><V73/><F123/><W85/><G117/><T15/><D58/><U29/><E42/><V64/><F3/><N who="0" m="1066" /><D46/><U134/><E134/><V44/><F116/><W41/><G110/><T128/><D65/><N who="1" m="39111" /><E93/><V39/><F78/><W129/><G114/><T79/><D79/><U77/><E77/><V131/><F28/><W90/><G61/><T121/><D36/><U94/><E94/><V111/><F111/><W51/><G41/><T6/><D69/><U118/><E118/><V72/><F39/><W63/><G63/><T10/><D68/><U43/><E43/><V82/><F131/><N who="3" m="50187" /><G23/><T120/><D128/><U40/><E40/><V54/><F125/><N who="1" m="48233" /><E11/><AGARI ba="1,0" hai="1,4,11,49,51,76,81,85,90,95,99" m="50187" machi="11" ten="30,2000,0" yaku="19,1,52,1" doraHai="84" who="3" fromWho="1" sc="200,0,157,-23,240,0,403,23" /><INIT seed="5,0,0,2,3,109" ten="200,134,240,426" oya="1" hai0="98,75,20,56,121,12,70,58,100,16,95,116,6" hai1="9,91,122,65,111,38,127,51,134,29,93,40,84" hai2="43,36,123,59,68,112,110,55,39,79,61,128,0" hai3="52,119,17,94,86,107,46,30,5,71,18,67,57"/><U72/><E122/><V103/><F0/><W24/><G107/><T15/><D116/><U74/><E38/><V14/><F79/><W125/><G125/><T21/><D70/><U19/><E127/><V49/><F103/><W133/><G133/><T60/><D75/><U54/><E134/><V28/><F28/><W124/><G5/><T2/><D121/><U10/><E40/><V97/><F97/><W101/><G71/><T130/><D130/><U106/><E106/><V83/><F83/><W47/><G67/><T82/><D2/><U77/><E111/><V45/><F123/><W22/><G119/><T114/><D114/><U33/><E65/><N who="2" m="41007" /><F110/><W50/><G124/><T37/><D37/><N who="2" m="14410" /><F14/><W105/><G105/><T42/><D82/><U69/><E69/><V92/><F92/><W73/><G73/><T25/><D15/><U7/><E77/><V80/><F80/><W41/><G17/><T48/><D95/><U64/><E19/><V113/><F128/><W102/><G30/><T81/><D81/><U118/><E118/><V132/><F132/><W31/><G31/><T85/><D98/><U4/><E4/><V26/><F26/><W44/><G94/><T115/><D100/><N who="3" m="38505" /><G86/><T87/><D6/><U13/><E9/><V120/><F120/><W23/><G23/><T11/><D85/><U32/><E29/><V108/><F108/><W76/><G76/><T63/><D87/><U53/><E74/><V104/><F104/><W78/><G78/><T1/><D20/><U62/><E72/><V117/><F117/><W135/><G135/><T27/><D21/><RYUUKYOKU ba="0,0" sc="200,-15,134,-15,240,15,426,15" hai2="43,45,49,55,59,112,113" hai3="18,22,24,41,44,46,47,50,52,57" /><INIT seed="6,1,0,3,1,8" ten="185,119,255,441" oya="2" hai0="40,12,72,1,37,19,61,79,14,103,114,68,86" hai1="129,34,111,51,122,71,18,31,113,123,75,127,59" hai2="7,10,28,134,15,91,67,45,6,5,125,95,21" hai3="89,57,3,22,116,76,118,23,63,11,90,36,93"/><V87/><F134/><W74/><G36/><T2/><D72/><U41/><E75/><V101/><F125/><W33/><G33/><T42/><D103/><U13/><E71/><V99/><F67/><W65/><G3/><T66/><D114/><U135/><E41/><V44/><F21/><W117/><G11/><T120/><D120/><N who="1" m="46123" /><E51/><V9/><F28/><W55/><G76/><T97/><D42/><U70/><E70/><V53/><F53/><W47/><G74/><T110/><D40/><U81/><E81/><V94/><REACH who="2" step="1"/><F6/><REACH who="2" ten="185,119,245,441" step="2"/><W77/><G65/><T48/><D66/><U43/><E135/><V25/><F25/><W54/><G22/><T96/><D68/><U78/><E127/><V121/><F121/><W80/><G23/><T27/><D27/><U60/><E31/><V52/><F52/><W29/><G29/><T24/><D24/><U92/><E34/><V56/><F56/><W39/><G55/><T126/><D126/><U50/><E59/><V26/><F26/><W130/><G57/><T133/><D133/><U58/><E58/><V46/><F46/><W73/><G47/><T49/><D61/><U0/><E60/><V105/><F105/><W100/><G63/><T32/><D32/><U131/><E43/><V102/><F102/><W20/><G54/><T85/><D49/><U119/><E50/><V107/><F107/><W82/><G100/><T84/><D48/><U64/><E64/><V83/><F83/><N who="3" m="45487" /><G20/><T35/><D35/><U108/><E131/><V17/><F17/><W38/><G130/><T4/><D19/><U30/><E129/><RYUUKYOKU ba="1,1" sc="185,-10,119,-10,245,30,441,-10" hai2="5,7,9,10,15,44,45,87,91,94,95,99,101" /><INIT seed="6,2,1,3,1,13" ten="175,109,275,431" oya="2" hai0="68,64,20,69,101,121,16,124,39,33,80,91,58" hai1="6,116,4,95,77,42,76,70,22,111,110,107,103" hai2="115,60,3,51,61,25,5,43,34,55,38,48,59" hai3="83,99,12,31,109,87,18,133,108,67,41,49,135"/><V86/><F115/><W97/><G31/><T90/><D121/><U130/><E107/><V93/><F38/><W62/><G49/><T85/><D33/><U44/><E70/><V120/><F120/><W35/><G41/><T63/><D39/><U65/><E65/><V17/><F34/><W10/><G35/><T119/><D124/><U53/><E116/><V66/><F3/><W74/><G74/><T82/><D119/><U73/><E130/><V125/><F5/><W126/><G99/><T127/><D127/><U94/><E53/><V122/><F122/><W21/><G97/><T102/><D68/><U52/><E52/><V40/><F125/><W2/><G126/><T118/><D69/><U47/><E22/><N who="2" m="13519" /><F66/><W23/><G2/><T92/><D118/><U28/><E28/><V106/><F106/><W46/><G109/><T8/><D8/><U45/><E45/><N who="2" m="25639" /><F43/><W32/><G32/><T132/><D132/><U105/><E42/><V54/><F54/><W128/><G108/><T113/><D113/><U79/><E79/><V78/><F78/><W30/><G133/><T1/><D1/><U7/><E7/><V29/><F29/><W14/><G30/><T88/><D82/><U131/><E105/><V57/><F57/><N who="3" m="37327" /><G135/><T71/><D71/><U19/><E131/><V72/><F72/><W100/><G128/><T56/><D56/><U81/><E73/><V27/><F27/><W134/><G134/><T24/><D80/><U50/><E81/><V98/><F98/><W112/><G112/><T37/><D37/><U89/><E110/><V114/><F114/><RYUUKYOKU ba="2,1" sc="175,15,109,-15,275,15,431,-15" hai0="16,20,24,58,63,64,85,88,90,91,92,101,102" hai2="51,55,59,60,61,86,93" /><INIT seed="6,3,1,1,1,77" ten="190,94,290,416" oya="2" hai0="135,76,91,53,134,130,52,40,15,127,64,61,115" hai1="73,81,12,43,63,8,108,106,65,25,51,75,93" hai2="13,11,86,72,112,2,85,7,44,124,34,14,98" hai3="36,41,35,74,123,30,70,29,59,101,107,109,47"/><V126/><F72/><W49/><G109/><T18/><D115/><U120/><E106/><V89/><F34/><W9/><G123/><T1/><D1/><U6/><E108/><V90/><F112/><W117/><G117/><T133/><D127/><N who="2" m="48682" /><F98/><W84/><G84/><N who="2" m="32361" /><F44/><W102/><G74/><T31/><D76/><U62/><E120/><V20/><F20/><W45/><G70/><T96/><D130/><U60/><E93/><V80/><F80/><W67/><G9/><N who="0" m="6511" /><D31/><U92/><E92/><V39/><F39/><W119/><G47/><T105/><D40/><U121/><E121/><V56/><F56/><W3/><G102/><N who="0" m="62663" /><D91/><AGARI ba="3,1" hai="2,7,11,13,14,89,90,91" m="32361,48682" machi="91" ten="30,1500,0" yaku="18,1" doraHai="77" who="2" fromWho="0" sc="190,-24,94,0,290,34,416,0" /><INIT seed="6,4,0,5,0,79" ten="166,94,324,416" oya="2" hai0="125,108,115,53,81,56,119,7,92,78,52,47,132" hai1="0,32,122,68,61,41,80,33,113,60,38,25,17" hai2="21,112,123,3,28,16,107,5,69,126,24,22,44" hai3="111,35,66,102,105,58,98,99,46,73,6,51,48"/><V120/><F69/><W106/><G111/><T59/><D108/><U27/><E0/><V1/><F107/><W97/><G35/><T57/><D115/><U124/><E113/><V129/><F44/><W90/><G73/><T133/><D125/><U20/><E124/><V85/><F112/><W63/><G6/><T10/><D92/><U26/><E122/><V103/><F126/><W30/><G30/><T65/><D65/><U76/><E41/><V8/><F103/><W134/><G134/><N who="0" m="51819" /><D47/><U101/><E38/><V70/><F70/><W114/><G114/><T83/><D119/><U130/><E130/><V94/><F3/><W11/><G11/><T131/><D131/><U127/><E127/><V13/><REACH who="2" step="1"/><F129/><REACH who="2" ten="166,94,314,416" step="2"/><W118/><G105/><T23/><D59/><U50/><E101/><V34/><F34/><W9/><G106/><T117/><D57/><U82/><E68/><V109/><F109/><W71/><G58/><T110/><D56/><U2/><E2/><V121/><F121/><W43/><G102/><T72/><D110/><U54/><E33/><V86/><F86/><W89/><G118/><T55/><D117/><U14/><E32/><V19/><F19/><W93/><G46/><T39/><D7/><U88/><E50/><V77/><F77/><W18/><G51/><T31/><D39/><U15/><E17/><V4/><F4/><W116/><G116/><T128/><D128/><U96/><E76/><V87/><F87/><N who="3" m="52415" /><G48/><T29/><D78/><U62/><E61/><V67/><F67/><W84/><G18/><T37/><D37/><U135/><E135/><RYUUKYOKU ba="4,1" sc="166,-10,94,-10,314,30,416,-10" hai2="1,5,8,13,16,21,22,24,28,85,94,120,123" /><INIT seed="6,5,1,0,0,54" ten="156,84,344,406" oya="2" hai0="0,25,22,85,94,78,40,103,131,121,112,47,89" hai1="114,132,71,100,123,108,59,113,35,44,135,41,14" hai2="91,92,24,74,125,53,129,23,17,116,117,45,4" hai3="119,98,18,101,20,43,81,69,82,65,68,27,127"/><V96/><F129/><W87/><G119/><T126/><D121/><U57/><E35/><V106/><F125/><W12/><G127/><T67/><D126/><U55/><E123/><V58/><F74/><W95/><G43/><T30/><D0/><U56/><E100/><V11/><F45/><W93/><G65/><T133/><D112/><N who="1" m="43115" /><E71/><V16/><F17/><W51/><G51/><N who="0" m="27111" /><D133/><N who="1" m="51275" /><E14/><V61/><F106/><W130/><G130/><T64/><D131/><U109/><E55/><V33/><F33/><W118/><G118/><T66/><D78/><U97/><E97/><V34/><F34/><W77/><G69/><T63/><D103/><U102/><E102/><V46/><F46/><W29/><G68/><T42/><D42/><U76/><E76/><V62/><F62/><AGARI ba="5,1" hai="22,25,30,62,63,64,66,67,85,89,94" m="27111" machi="62" ten="30,1000,0" yaku="8,1" doraHai="54" who="0" fromWho="2" sc="156,35,84,0,344,-25,406,0" /><INIT seed="7,0,0,3,3,47" ten="191,84,319,406" oya="3" hai0="7,25,49,5,3,68,22,46,66,117,31,102,76" hai1="29,86,42,0,28,118,81,9,74,121,34,90,2" hai2="110,43,44,71,72,56,40,50,82,115,128,89,69" hai3="100,79,39,37,52,59,61,124,20,4,97,133,111"/><W58/><G133/><T108/><D108/><U73/><E86/><V38/><F89/><W126/><G79/><T18/><D117/><U13/><E90/><V32/><F32/><W70/><G70/><N who="2" m="26633" /><F82/><W135/><G135/><T125/><D125/><N who="3" m="48233" /><G111/><T65/><D68/><U36/><E81/><V17/><F17/><W113/><G113/><T122/><D122/><U53/><E42/><V14/><F14/><W78/><G78/><T114/><D114/><U101/><E13/><V131/><F72/><W51/><G20/><T127/><D127/><U105/><E53/><N who="2" m="31799" /><F110/><W129/><G129/><N who="2" m="49737" /><F43/><W63/><G4/><T91/><D5/><U99/><E34/><V93/><F93/><N who="3" m="58415" /><G63/><T21/><D7/><U123/><E101/><V19/><F19/><W64/><AGARI ba="0,0" hai="37,39,51,52,58,59,61,64" m="58415,48233" machi="64" ten="30,6000,0" yaku="18,1,52,1,54,1" doraHai="47" who="3" fromWho="3" sc="191,-20,84,-20,319,-20,406,60" owari="171,-22.9,64,-43.6,299,9.9,466,56.6" /></mjloggm>