<mjloggm ver="2.3"><GO type="169" lobby="0"/><UN n0="%E6%9C%88%E5%A4%9C%E3%81%AB%E9%A2%A8" n1="%E7%BC%B6%E3%82%B3%E3%83%92" n2="%E3%81%82%E3%81%95%E3%81%B4%E3%82%93%EF%BC%A0%EF%BD%8D%EF%BD%8A" n3="%E6%8C%91%E6%88%A6%E8%80%85%EF%BC%81" dan="16,16,18,17" rate="2074.34,2035.86,2303.55,2183.58" sx="M,M,M,M"/><TAIKYOKU oya="0"/><INIT seed="0,0,0,4,3,68" ten="250,250,250,250" oya="0" hai0="51,91,125,132,38,105,122,113,127,103,22,117,9" hai1="65,56,29,83,26,60,16,2,11,14,134,118,115" hai2="44,39,121,66,96,95,13,32,124,98,64,21,45" hai3="0,57,61,99,84,80,88,40,42,24,8,106,50"/><T110/><D113/><U37/><E118/><V49/><F32/><W47/><G0/><T87/><D117/><U78/><E115/><V74/><F74/><W72/><G72/><T43/><D122/><U114/><E114/><V33/><F33/><W100/><G8/><T128/><D132/><U135/><E2/><V123/><F49/><W97/><G97/><T75/><D75/><U18/><E18/><V52/><F95/><W86/><G86/><T62/><D128/><U59/><E37/><V76/><F21/><W10/><G10/><T77/><D77/><U7/><E7/><V89/><F89/><W20/><G42/><T81/><D110/><U31/><E59/><V12/><F52/><W36/><G50/><T129/><D129/><U23/><REACH who="1" step="1"/><E31/><REACH who="1" ten="250,240,250,250" step="2"/><V94/><F39/><W55/><G24/><T58/><D38/><U90/><E90/><V6/><F6/><W19/><G19/><T130/><D91/><U108/><E108/><V4/><F4/><W53/><REACH who="3" step="1"/><G20/><REACH who="3" ten="250,240,250,240" step="2"/><T28/><D22/><U79/><E79/><V54/><F76/><W5/><G5/><T133/><D9/><U82/><E82/><V85/><F12/><W109/><G109/><T34/><D81/><U92/><E92/><V30/><F13/><W35/><G35/><T116/><D34/><U69/><E69/><V131/><F94/><W3/><G3/><T48/><D116/><U107/><E107/><V41/><F131/><W111/><G111/><T63/><D105/><U1/><E1/><V112/><F112/><W67/><AGARI ba="0,2" hai="36,40,47,53,55,57,61,67,80,84,88,99,100,106" machi="67" ten="20,8000,1" yaku="1,1,0,1,7,1,52,1,54,1,53,0" doraHai="68" doraHaiUra="27" who="3" fromWho="3" sc="250,-40,240,-20,250,-20,240,100" /><INIT seed="1,0,0,5,0,1" ten="210,220,230,340" oya="1" hai0="7,50,48,83,121,124,60,52,127,108,74,122,17" hai1="113,44,61,41,89,45,102,71,53,128,12,115,75" hai2="81,62,39,58,109,99,32,33,97,119,116,37,30" hai3="14,87,10,118,123,16,42,21,4,82,88,79,43"/><U23/><E128/><V28/><F81/><W131/><G123/><N who="0" m="47115" /><D108/><U54/><E102/><V2/><F2/><W65/><G131/><T107/><D107/><U51/><E75/><V9/><F9/><W78/><G65/><T57/><D17/><U24/><E89/><V56/><REACH who="2" step="1"/><F62/><REACH who="2" ten="210,220,220,340" step="2"/><W67/><G118/><T125/><D83/><U35/><E113/><V105/><F105/><W26/><G67/><T13/><D74/><U36/><E115/><V40/><F40/><AGARI ba="0,1" hai="4,10,14,16,21,26,40,42,43,78,79,82,87,88" machi="40" ten="40,8000,1" yaku="8,1,52,1,54,2" doraHai="1" who="3" fromWho="2" sc="210,0,220,0,220,-80,340,90" /><INIT seed="2,0,0,5,5,105" ten="210,220,140,430" oya="2" hai0="119,31,18,42,95,127,135,130,103,81,97,30,129" hai1="27,93,10,134,19,117,62,47,131,107,14,44,26" hai2="83,8,101,76,73,51,104,106,61,122,67,121,113" hai3="84,5,71,32,132,45,50,120,126,98,38,11,52"/><V49/><F113/><W59/><G120/><T80/><D42/><U7/><E107/><V28/><F121/><W21/><G32/><T99/><D18/><U94/><E117/><V111/><F122/><W70/><G126/><T66/><D66/><U75/><E131/><N who="0" m="50185" /><D30/><U118/><E118/><V39/><F39/><W40/><G132/><T64/><D64/><U125/><E134/><V3/><F111/><W57/><G57/><T88/><D31/><U90/><E62/><V78/><F28/><W110/><G110/><T43/><D43/><U12/><E125/><V115/><F115/><W68/><G21/><T53/><D53/><U63/><E63/><V109/><F109/><W56/><G56/><T24/><D24/><N who="1" m="9259" /><E93/><V74/><F101/><W86/><REACH who="3" step="1"/><G98/><REACH who="3" ten="210,220,140,420" step="2"/><T9/><D127/><U46/><E46/><V82/><F51/><W37/><G37/><T17/><D135/><U16/><E47/><V116/><F116/><W72/><G72/><T41/><D119/><U112/><E75/><V124/><F124/><W133/><G133/><T1/><D99/><U35/><E35/><V15/><F49/><W13/><AGARI ba="0,1" hai="5,11,13,38,40,45,50,52,59,68,70,71,84,86" machi="13" ten="30,4000,0" yaku="1,1,0,1,54,1,53,0" doraHai="105" doraHaiUra="89" who="3" fromWho="3" sc="210,-10,220,-10,140,-20,420,50" /><INIT seed="3,0,0,3,2,46" ten="200,210,120,470" oya="3" hai0="53,87,14,55,21,119,36,110,45,40,126,90,100" hai1="120,12,13,89,83,78,94,72,1,19,122,102,39" hai2="58,79,121,67,70,93,118,75,38,98,23,66,123" hai3="127,20,73,104,61,54,128,76,8,59,9,24,15"/><W29/><G104/><T28/><D119/><U77/><E1/><V26/><F118/><W7/><G127/><T97/><D110/><U22/><E39/><V92/><F38/><W16/><G128/><T63/><D63/><U2/><E2/><V109/><F70/><W84/><G73/><T117/><D126/><U52/><E78/><V82/><F109/><W27/><G8/><T5/><D117/><U35/><E35/><V10/><F10/><W80/><REACH who="3" step="1"/><G24/><REACH who="3" ten="200,210,120,460" step="2"/><T42/><D5/><AGARI ba="0,1" hai="5,7,9,15,16,20,27,29,54,59,61,76,80,84" machi="5" ten="40,12000,1" yaku="1,1,2,1,8,1,54,1,53,0" doraHai="46" doraHaiUra="85" who="3" fromWho="0" sc="200,-120,210,0,120,0,460,130" /><INIT seed="3,1,0,0,1,18" ten="80,210,120,590" oya="3" hai0="60,2,100,71,44,14,23,104,129,84,51,95,37" hai1="91,3,79,81,109,54,48,39,36,127,35,70,38" hai2="111,22,82,118,108,8,120,90,98,66,27,6,42" hai3="92,4,20,40,41,0,5,11,116,132,78,52,16"/><W88/><G116/><T19/><D129/><U1/><E35/><V63/><F118/><W29/><G132/><T126/><D126/><U114/><E70/><V30/><F42/><W131/><G131/><T94/><D2/><U75/><E114/><V43/><F43/><W97/><G78/><T86/><D37/><U123/><E123/><V25/><F120/><W93/><G4/><T61/><D104/><U117/><E109/><N who="2" m="42059" /><F27/><W73/><G73/><T65/><D61/><U68/><E68/><V135/><F135/><W67/><G67/><T85/><REACH who="0" step="1"/><D100/><REACH who="0" ten="70,210,120,590" step="2"/><U74/><E127/><V21/><F63/><W77/><G77/><T87/><N who="0" m="21504" /><DORA hai="49" /><T12/><D12/><U57/><E117/><V62/><F62/><W31/><G93/><T89/><D89/><U72/><E91/><V134/><F134/><W15/><G41/><AGARI ba="1,1" hai="14,19,23,41,44,51,60,65,71,94,95" m="21504" machi="41" ten="50,3200,0" yaku="1,1,52,1,53,0" doraHai="18,49" doraHaiUra="50,124" who="0" fromWho="3" sc="70,45,210,0,120,0,590,-35" /><INIT seed="4,0,0,5,5,11" ten="115,210,120,555" oya="0" hai0="16,24,2,6,66,71,96,41,5,113,93,65,61" hai1="74,64,34,53,38,88,107,86,116,63,115,105,81" hai2="73,49,7,83,126,77,82,103,102,3,110,26,30" hai3="117,120,118,43,134,94,9,123,13,104,68,70,62"/><T37/><D113/><U50/><E38/><V125/><F110/><W114/><G104/><T90/><D66/><U60/><E116/><V1/><F49/><W23/><G114/><T80/><D2/><N who="2" m="522" /><F7/><W98/><G43/><T131/><D131/><U22/><E115/><V42/><F82/><W54/><G23/><T91/><D41/><U4/><E4/><V0/><F42/><W75/><G75/><T10/><D37/><U58/><E74/><V121/><F121/><N who="3" m="46667" /><G134/><T28/><D90/><U112/><E112/><V79/><F79/><W48/><G62/><T27/><D80/><U108/><E108/><V128/><F0/><W45/><G118/><T119/><D119/><U31/><E34/><N who="2" m="20823" /><F128/><W59/><G59/><T85/><D85/><U56/><REACH who="1" step="1"/><E50/><REACH who="1" ten="115,200,120,555" step="2"/><V52/><F73/><W106/><G117/><T44/><D44/><U67/><E67/><V8/><F126/><W99/><G48/><T33/><REACH who="0" step="1"/><D27/><AGARI ba="0,1" hai="22,27,31,53,56,58,60,63,64,81,86,88,105,107" machi="27" ten="40,5200,0" yaku="1,1,54,1,53,1" doraHai="11" doraHaiUra="51" who="1" fromWho="0" sc="115,-52,200,62,120,0,555,0" /><INIT seed="5,0,0,1,0,104" ten="63,262,120,555" oya="1" hai0="32,123,73,10,65,51,44,60,91,39,81,89,24" hai1="35,53,109,111,78,106,11,77,90,58,52,55,21" hai2="80,6,125,124,56,117,72,23,34,3,18,70,96" hai3="49,2,94,25,47,46,114,113,127,92,135,12,134"/><U45/><E35/><V128/><F70/><W59/><G2/><T64/><D123/><U118/><E118/><V79/><F34/><W7/><G127/><N who="2" m="48713" /><F117/><W71/><G71/><T4/><D39/><U95/><E106/><V19/><F128/><W37/><G25/><T57/><D65/><U107/><E107/><V129/><F129/><W108/><G108/><N who="1" m="41546" /><E11/><N who="2" m="2527" /><F23/><W132/><G59/><T120/><D120/><U115/><E115/><N who="3" m="44042" /><G37/><T133/><D133/><U85/><E21/><V121/><F121/><W63/><G63/><T36/><D36/><U43/><E58/><V8/><F96/><W102/><G102/><T103/><D103/><U28/><E28/><V88/><F56/><W0/><G0/><T31/><D57/><U66/><E66/><V62/><F62/><W15/><G46/><T116/><D116/><U69/><E69/><V16/><F8/><N who="3" m="4127" /><G15/><T87/><D60/><U5/><E5/><V100/><F100/><W97/><G97/><T48/><D64/><U83/><E45/><V98/><F19/><W112/><G112/><T105/><D44/><U13/><E13/><V22/><F22/><W110/><G110/><T61/><D61/><U40/><E40/><AGARI ba="0,0" hai="40,47,49,92,94,132,134,135" m="4127,44042" machi="40" ten="40,2600,0" yaku="20,1,15,1" doraHai="104" who="3" fromWho="1" sc="63,0,262,-26,120,0,555,26" /><INIT seed="6,0,0,4,5,114" ten="63,236,120,581" oya="2" hai0="12,52,18,117,87,16,29,116,90,106,20,45,64" hai1="61,122,129,124,82,111,14,76,99,103,67,32,89" hai2="130,37,10,22,65,51,66,85,15,105,43,62,17" hai3="44,81,86,11,70,0,133,55,24,42,34,98,53"/><V91/><F105/><W78/><G70/><T123/><D123/><U100/><E32/><V121/><F121/><W7/><G133/><T102/><D64/><U4/><E111/><V118/><F130/><W57/><G98/><T48/><D29/><U97/><E89/><V94/><F37/><W93/><G93/><T56/><D45/><U84/><E124/><V13/><F118/><N who="0" m="45674" /><D18/><U41/><E129/><V131/><F131/><W8/><G8/><T119/><N who="0" m="45682" /><T30/><DORA hai="5" /><D30/><U88/><E67/><V60/><F65/><W113/><G113/><T92/><D102/><U120/><E100/><V110/><F110/><W128/><G128/><T46/><D46/><U47/><E47/><N who="2" m="26111" /><F66/><W63/><G24/><T107/><AGARI ba="0,0" hai="12,16,20,48,52,56,87,90,92,106,107" m="45682" machi="107" ten="40,16000,3" yaku="25,1,12,1,52,4,54,2" doraHai="114,5" who="0" fromWho="0" sc="63,160,236,-40,120,-80,581,-40" /><INIT seed="7,0,0,3,4,54" ten="223,196,40,541" oya="3" hai0="56,19,55,91,109,128,61,125,63,31,86,127,57" hai1="133,84,134,99,64,16,18,123,95,65,90,21,23" hai2="22,60,24,122,130,9,38,8,14,15,17,119,40" hai3="101,96,124,0,113,4,81,93,112,126,132,48,67"/><W131/><G132/><N who="1" m="50794" /><E123/><V104/><F104/><W121/><G121/><T41/><D109/><U70/><E70/><V34/><F38/><W74/><G131/><T62/><D128/><U77/><E77/><V52/><F122/><W5/><G67/><T78/><D41/><U110/><E110/><V7/><F130/><W1/><G48/><T58/><D31/><U35/><E35/><V108/><F108/><W36/><G36/><T11/><D78/><U135/><N who="1" m="50802" /><U88/><DORA hai="45" /><E21/><V73/><F73/><W129/><G129/><T71/><D71/><U83/><E18/><V107/><F107/><W117/><G117/><T10/><D55/><U44/><E44/><V43/><F34/><W47/><G47/><T25/><D25/><AGARI ba="0,0" hai="16,23,25,64,65,83,84,88,90,95,99" m="50802" machi="25" ten="40,5200,0" yaku="20,1,54,2" doraHai="54,45" who="1" fromWho="0" sc="223,-52,196,52,40,0,541,0" owari="171,-22.9,248,4.8,40,-46.0,541,64.1" /></mjloggm>