<mjloggm ver="2.3"><GO type="169" lobby="0"/><UN n0="%E3%82%84%E3%81%BE%E6%82%A0%59%59%59%59" n1="%E6%88%90%E5%A4%9A%E5%98%89%E6%99%BA" n2="%E3%82%A4%E3%82%AB%E3%81%AB%E3%82%82%E6%9D%B1%E5%8C%97" n3="%73%6F%72%75%6B%61%6E%6F" dan="17,18,16,16" rate="2217.17,2178.28,2159.72,2132.37" sx="M,M,M,M"/><TAIKYOKU oya="0"/><INIT seed="0,0,0,4,0,64" ten="250,250,250,250" oya="0" hai0="51,93,59,8,34,129,19,74,9,118,68,45,24" hai1="67,117,92,17,102,7,16,40,69,99,131,60,41" hai2="66,39,123,20,98,75,77,132,130,31,133,58,53" hai3="135,18,62,104,65,55,37,134,44,82,106,36,121"/><T113/><D113/><U11/><E131/><V6/><F123/><W80/><G121/><T87/><D118/><U28/><E117/><V122/><F122/><W96/><G18/><T27/><D74/><U124/><E124/><V110/><F39/><W125/><G125/><T72/><D72/><U21/><E28/><V56/><F6/><W95/><G55/><T4/><D34/><U15/><REACH who="1" step="1"/><E17/><REACH who="1" ten="250,240,250,250" step="2"/><V42/><F31/><W83/><G134/><T81/><D19/><U48/><E48/><V46/><F130/><W61/><G135/><T35/><D51/><U1/><AGARI ba="0,1" hai="1,7,11,15,16,21,40,41,60,67,69,92,99,102" machi="1" ten="20,12000,2" yaku="1,1,0,1,7,1,52,1,54,1,53,1" doraHai="64" doraHaiUra="0" who="1" fromWho="1" sc="250,-60,240,130,250,-30,250,-30" /><INIT seed="1,0,0,3,0,135" ten="190,370,220,220" oya="1" hai0="42,44,28,60,77,67,129,29,111,121,21,84,30" hai1="61,63,22,107,59,65,80,92,12,81,115,13,133" hai2="106,120,36,97,105,72,1,96,134,94,50,104,102" hai3="82,19,132,69,76,103,15,123,16,128,110,33,43"/><U83/><E107/><V112/><F36/><W6/><G123/><T49/><D121/><U109/><E115/><V0/><F120/><W117/><G132/><T41/><D111/><U8/><E133/><V7/><F134/><W20/><G33/><T88/><D129/><U116/><E116/><V70/><F70/><W4/><G110/><T38/><D38/><U68/><E109/><V52/><F72/><W131/><G69/><T122/><D122/><U10/><E92/><V74/><F74/><W23/><G117/><T95/><D77/><U89/><E89/><V56/><F112/><W130/><G43/><T126/><D126/><U127/><E127/><V32/><F32/><W14/><REACH who="3" step="1"/><G103/><REACH who="3" ten="190,370,220,210" step="2"/><T58/><REACH who="0" step="1"/><D41/><REACH who="0" ten="180,370,220,210" step="2"/><U34/><E34/><V114/><F114/><W2/><G2/><T79/><D79/><U46/><E68/><V90/><F0/><W51/><G51/><T124/><D124/><U87/><E63/><V37/><F37/><W66/><G66/><T31/><D31/><U125/><E61/><V39/><F39/><W108/><G108/><T93/><D93/><U119/><E65/><V99/><F1/><W57/><G57/><T18/><D18/><U27/><E59/><V54/><F106/><W85/><AGARI ba="0,2" hai="4,6,14,15,16,19,20,23,76,82,85,128,130,131" machi="85" ten="30,12000,2" yaku="1,1,0,1,9,1,19,1,54,1,53,1" doraHai="135" doraHaiUra="73" who="3" fromWho="3" sc="180,-30,370,-60,220,-30,210,140" /><INIT seed="2,0,0,5,0,18" ten="150,310,190,350" oya="2" hai0="56,9,101,6,80,2,104,74,125,78,38,124,23" hai1="77,73,60,93,67,15,131,40,127,91,82,32,114" hai2="116,17,36,66,121,105,4,110,92,83,19,106,90" hai3="39,84,107,100,70,111,29,1,71,133,119,16,69"/><V59/><F116/><W88/><G119/><T98/><D56/><U14/><E32/><V24/><F121/><W35/><G111/><T28/><REACH who="0" step="1"/><D38/><REACH who="0" ten="140,310,190,350" step="2"/><U0/><E114/><V76/><F36/><W94/><G39/><T118/><D118/><U41/><E127/><V122/><F59/><W46/><G71/><T112/><D112/><U45/><E131/><V13/><F122/><W50/><G70/><T132/><D132/><U34/><E45/><V43/><F110/><W47/><G47/><T44/><D44/><U126/><E126/><V85/><F66/><W62/><G69/><T31/><D31/><U27/><E67/><V55/><F55/><W72/><G29/><T120/><D120/><U103/><E60/><V87/><F43/><W68/><G62/><T135/><D135/><U96/><E41/><V21/><REACH who="2" step="1"/><F4/><REACH who="2" ten="140,310,180,350" step="2"/><W108/><G108/><T53/><D53/><U115/><E40/><V79/><F79/><W42/><G42/><T128/><D128/><U129/><E129/><V64/><F64/><W52/><G68/><T102/><D102/><U113/><E103/><V26/><F26/><AGARI ba="0,2" hai="2,6,9,23,26,28,74,78,80,98,101,104,124,125" machi="26" ten="40,2600,0" yaku="1,1,52,1,53,0" doraHai="18" doraHaiUra="58" who="0" fromWho="2" sc="140,46,310,0,180,-26,350,0" /><INIT seed="3,0,0,5,2,108" ten="186,310,154,350" oya="3" hai0="27,24,94,102,88,23,89,83,111,93,56,4,40" hai1="16,100,72,128,92,91,115,130,35,62,80,60,32" hai2="45,11,30,57,21,112,8,79,48,6,132,46,20" hai3="104,75,41,129,117,52,74,18,81,113,12,19,121"/><W65/><G117/><T103/><D111/><U82/><E100/><V55/><F132/><W107/><G121/><T106/><D106/><U50/><E50/><V122/><F122/><W133/><G133/><T110/><D110/><U76/><E115/><V9/><F112/><W1/><G1/><T97/><D83/><U37/><E37/><V66/><F6/><W29/><G29/><T124/><D124/><U63/><E80/><V28/><F79/><W135/><G65/><T69/><D69/><U26/><E16/><V42/><F66/><W105/><G41/><T71/><D71/><U2/><E26/><V7/><F7/><W10/><G113/><T99/><D4/><U58/><E58/><V109/><F109/><W123/><G123/><T119/><D40/><U95/><E95/><V25/><REACH who="2" step="1"/><F42/><REACH who="2" ten="186,310,144,350" step="2"/><W77/><G135/><T70/><D119/><U90/><E2/><V44/><F44/><W67/><G67/><T68/><D56/><U96/><E91/><V126/><F126/><W84/><G77/><T127/><D127/><U47/><E47/><V34/><F34/><W14/><G75/><T120/><D120/><U59/><E59/><V114/><F114/><W101/><G74/><T54/><D54/><U86/><E72/><V17/><F17/><W61/><G19/><T53/><D53/><U78/><E78/><V15/><F15/><W22/><G14/><T38/><D38/><U13/><E13/><V3/><F3/><W31/><G12/><T87/><D23/><U51/><E32/><V134/><F134/><W39/><G39/><T36/><D36/><RYUUKYOKU ba="0,1" sc="186,15,310,-15,144,15,350,-15" hai0="24,27,68,70,87,88,89,93,94,97,99,102,103" hai2="8,9,11,20,21,25,28,30,45,46,48,55,57" /><INIT seed="4,1,1,4,2,65" ten="201,295,159,335" oya="0" hai0="57,27,34,48,10,71,117,9,115,8,12,77,108" hai1="16,13,50,132,26,106,84,17,104,45,72,93,59" hai2="67,58,38,18,125,133,75,19,40,126,100,96,43" hai3="29,6,47,11,101,66,7,81,127,91,105,121,82"/><T4/><D117/><U49/><E72/><V131/><F75/><W0/><G127/><N who="2" m="48649" /><F131/><W87/><G121/><T63/><D115/><U92/><E132/><V35/><F35/><W36/><G7/><T62/><D108/><U124/><E124/><V21/><F133/><W28/><G66/><T134/><D134/><U112/><E112/><V80/><F80/><W85/><G101/><T99/><D77/><U20/><E106/><N who="2" m="63751" /><F38/><W89/><G105/><T110/><D110/><U3/><E3/><V54/><F19/><W116/><G116/><T122/><D122/><U129/><E104/><V83/><F83/><W32/><G32/><T23/><D34/><U51/><E129/><V55/><F55/><W73/><G73/><T135/><D135/><U37/><E84/><V123/><F67/><W128/><G128/><T61/><D99/><U95/><E59/><V111/><F123/><W119/><G119/><T88/><D57/><U97/><E37/><V103/><F103/><W33/><G33/><T24/><D4/><U107/><E107/><V76/><F76/><W25/><G25/><T94/><D27/><U42/><REACH who="1" step="1"/><E97/><REACH who="1" ten="201,285,159,335" step="2"/><V14/><F111/><W1/><G0/><T98/><D98/><U52/><E52/><V53/><F53/><W44/><G36/><T113/><D113/><U102/><E102/><V118/><F118/><W86/><G87/><T68/><D94/><U15/><E15/><V74/><F74/><W39/><G39/><T31/><D12/><U78/><E78/><V30/><F30/><AGARI ba="1,2" hai="1,6,11,28,29,30,44,47,81,82,85,86,89,91" machi="30" ten="40,1300,0" yaku="9,1" doraHai="65" who="3" fromWho="2" sc="201,0,285,0,159,-16,335,36" /><INIT seed="5,0,0,0,5,72" ten="201,285,143,371" oya="1" hai0="29,121,40,54,93,63,48,100,2,66,62,125,30" hai1="105,59,104,97,58,1,25,53,110,46,17,8,69" hai2="23,89,108,35,99,106,101,87,107,3,18,55,71" hai3="42,75,21,32,128,88,41,94,103,34,132,82,38"/><U64/><E110/><V68/><F108/><W6/><G128/><T16/><D2/><U20/><E69/><V70/><F35/><W84/><G103/><T102/><D125/><U5/><E64/><V119/><F119/><W26/><G132/><T37/><D40/><U90/><E46/><V77/><F3/><W33/><G6/><T85/><D37/><U9/><E9/><V123/><F123/><W73/><G73/><T28/><D121/><U56/><E105/><V109/><F109/><W86/><G75/><T45/><D62/><U27/><E27/><V129/><F129/><W114/><G114/><T61/><D61/><U81/><E81/><V52/><F107/><W51/><G51/><T130/><D130/><U49/><REACH who="1" step="1"/><E90/><REACH who="1" ten="201,275,143,371" step="2"/><V115/><F115/><W79/><REACH who="3" step="1"/><G38/><REACH who="3" ten="201,275,143,361" step="2"/><T95/><D102/><AGARI ba="0,2" hai="1,5,8,17,20,25,49,53,56,58,59,97,102,104" machi="102" ten="40,3900,0" yaku="1,1,2,1,53,0" doraHai="72" doraHaiUra="80" who="1" fromWho="0" sc="201,-39,275,59,143,0,361,0" /><INIT seed="5,1,0,3,0,111" ten="162,334,143,361" oya="1" hai0="11,16,110,83,19,114,21,46,37,44,30,122,76" hai1="70,91,72,116,130,41,118,49,23,133,32,57,106" hai2="98,66,0,55,64,17,62,27,86,51,126,99,103" hai3="28,128,82,13,36,34,38,15,88,124,25,80,105"/><U39/><E32/><V77/><F0/><W135/><G124/><T100/><D110/><U131/><E106/><V112/><F126/><W4/><G105/><T121/><D30/><U75/><E91/><V78/><F86/><W33/><G128/><N who="1" m="49194" /><E23/><V92/><F99/><W61/><G135/><T31/><D31/><U104/><E104/><V59/><F66/><W6/><G28/><T8/><D100/><U94/><E94/><V96/><F96/><W65/><G65/><T58/><D58/><U48/><E72/><V54/><F54/><W84/><G84/><T63/><D63/><U67/><E75/><V127/><F127/><W47/><G61/><T52/><D37/><U102/><E102/><V1/><F1/><W97/><G97/><T26/><D114/><U24/><E24/><V134/><F134/><W20/><G25/><T22/><D83/><U95/><E95/><V56/><REACH who="2" step="1"/><F112/><REACH who="2" ten="162,334,133,361" step="2"/><W129/><G129/><T42/><D52/><U3/><E133/><V93/><F93/><W101/><G82/><T50/><D76/><U108/><E3/><V35/><F35/><W89/><G80/><T10/><REACH who="0" step="1"/><D46/><REACH who="0" ten="152,334,133,361" step="2"/><U18/><E108/><V7/><F7/><W71/><G4/><T132/><D132/><U43/><E67/><V53/><F53/><W74/><G6/><T9/><N who="0" m="2048" /><DORA hai="85" /><T115/><D115/><U60/><E118/><V40/><F40/><W14/><G47/><T119/><D119/><U45/><E116/><V120/><F120/><W69/><G69/><T107/><D107/><U5/><E43/><V2/><F2/><W12/><G71/><RYUUKYOKU ba="1,2" sc="152,15,334,-15,133,15,361,-15" hai0="16,19,21,22,26,42,44,50,121,122" hai2="17,27,51,55,56,59,62,64,77,78,92,98,103" /><INIT seed="6,2,2,4,5,123" ten="167,319,148,346" oya="2" hai0="61,105,22,33,121,48,111,15,108,54,120,55,25" hai1="122,6,32,68,34,116,58,135,83,112,47,89,133" hai2="35,85,3,67,7,42,88,40,70,95,74,37,64" hai3="93,110,36,82,8,117,10,45,51,29,13,104,72"/><V132/><F74/><W1/><G110/><T5/><D33/><U73/><E122/><V27/><F132/><W78/><G104/><T20/><D105/><U39/><E68/><V96/><F3/><W102/><G117/><T21/><D61/><U99/><E116/><V56/><F7/><W103/><G29/><T84/><D25/><U41/><E112/><V77/><F70/><W106/><G106/><T46/><D121/><U87/><E6/><V98/><F37/><W79/><G36/><T130/><D120/><U115/><E115/><V62/><F67/><W50/><G79/><T81/><D130/><U59/><E99/><V4/><F4/><W9/><G1/><T30/><D55/><U91/><E91/><V2/><F2/><W44/><G13/><T69/><D30/><U109/><E109/><V38/><F38/><W124/><G124/><T11/><REACH who="0" step="1"/><D69/><REACH who="0" ten="157,319,148,346" step="2"/><U12/><E32/><V107/><F107/><W26/><G26/><T0/><D0/><U65/><E34/><V14/><F14/><W60/><G60/><T119/><D119/><U52/><E12/><V76/><F35/><W134/><G134/><T49/><D49/><U97/><E39/><V19/><F27/><W18/><G51/><T125/><D125/><U86/><E135/><V23/><F42/><W101/><G50/><T28/><D28/><U90/><E41/><V57/><F40/><W17/><G17/><T75/><D75/><U43/><E43/><V128/><F128/><W131/><G18/><T126/><D126/><U92/><E133/><V53/><F19/><W100/><G131/><RYUUKYOKU ba="2,3" sc="157,15,319,-15,148,-15,346,15" hai0="5,11,15,20,21,22,46,48,54,81,84,108,111" hai3="8,9,10,44,45,72,78,82,93,100,101,102,103" /><INIT seed="7,3,3,1,2,20" ten="172,304,133,361" oya="3" hai0="95,39,69,30,73,68,133,99,36,12,92,125,81" hai1="62,108,54,72,55,29,35,47,110,57,84,79,11" hai2="131,71,15,59,43,16,44,63,75,49,105,65,76" hai3="42,87,117,7,100,6,115,124,28,40,94,88,85"/><W91/><G117/><T19/><D30/><U130/><E72/><V126/><F105/><W135/><G115/><T123/><D123/><U90/><E79/><V122/><F122/><W119/><G119/><T113/><D113/><U50/><E130/><V109/><F109/><W0/><G124/><T34/><D34/><U107/><E107/><V33/><F33/><W82/><G135/><T38/><D133/><U45/><E11/><V2/><F2/><W104/><G28/><T1/><D1/><U70/><E70/><V102/><F102/><W23/><G0/><T97/><D125/><U52/><E35/><V106/><F106/><W60/><G104/><T41/><D41/><N who="3" m="15977" /><G100/><T18/><D81/><U64/><E29/><V22/><F126/><W78/><G23/><T53/><D73/><U127/><E127/><V31/><F31/><W48/><G60/><T96/><D53/><U32/><E32/><V56/><REACH who="2" step="1"/><F131/><REACH who="2" ten="172,304,123,361" step="2"/><W9/><G6/><T129/><D129/><U37/><E37/><V93/><F93/><N who="0" m="35914" /><D12/><U21/><E110/><V120/><F120/><W66/><G94/><T101/><D101/><U24/><E108/><V128/><F128/><W17/><G7/><T10/><D10/><U5/><E47/><V4/><F4/><W134/><G9/><T112/><D112/><U13/><E5/><V26/><F26/><W67/><G134/><T116/><D116/><U77/><E24/><V46/><F46/><W51/><G82/><AGARI ba="3,4" hai="15,16,22,43,44,49,56,59,63,65,71,75,76,82" machi="82" ten="40,2600,0" yaku="1,1,54,1,53,0" doraHai="20" doraHaiUra="111" who="2" fromWho="3" sc="172,0,304,0,123,75,361,-35" owari="172,-32.8,304,10.4,198,-20.2,326,42.6" /></mjloggm>