<mjloggm ver="2.3"><GO type="169" lobby="0"/><UN n0="%E4%B9%9D%E7%B4%8B%E9%BE%8D%E5%8F%B2%E9%80%B2" n1="%E3%81%A9%E3%82%93%E3%81%9F%E3%82%83%E3%82%93" n2="%79%6D%6C%73%67%61%6D%65" n3="%E6%95%97%E5%8C%97%E8%80%85%E3%81%AD%E3%82%8B" dan="19,16,16,17" rate="2294.88,2170.43,2139.57,2196.19" sx="M,F,F,F"/><TAIKYOKU oya="0"/><INIT seed="0,0,0,2,4,132" ten="250,250,250,250" oya="0" hai0="83,115,58,69,123,15,105,81,98,27,116,103,67" hai1="51,93,49,44,108,85,42,47,43,128,127,117,4" hai2="75,56,107,39,53,86,101,134,78,82,14,97,54" hai3="112,124,45,62,65,24,126,23,30,120,36,135,114"/><T20/><D115/><U46/><E117/><V41/><F134/><W59/><G135/><T77/><D116/><U17/><E108/><V94/><F14/><W113/><REACH who="3" step="1"/><G120/><REACH who="3" ten="250,250,250,240" step="2"/><T106/><D123/><U104/><E128/><V95/><F75/><W130/><G130/><T21/><D69/><U38/><E42/><AGARI ba="0,1" hai="23,24,30,36,42,45,59,62,65,112,113,114,124,126" machi="42" ten="50,6400,0" yaku="1,1,52,2,53,0" doraHai="132" doraHaiUra="96" who="3" fromWho="1" sc="250,0,250,-64,250,0,240,74" /><INIT seed="1,0,0,3,5,30" ten="250,186,250,314" oya="1" hai0="130,79,57,17,9,87,75,67,41,132,53,11,39" hai1="102,20,126,124,23,117,56,4,135,29,51,82,35" hai2="74,63,118,14,32,48,116,108,105,129,122,94,68" hai3="42,112,98,95,33,77,5,103,64,37,80,113,133"/><U134/><E117/><V88/><F74/><W22/><G133/><N who="1" m="50698" /><E102/><V120/><F105/><W16/><G33/><T3/><D132/><U83/><E4/><V128/><F108/><W85/><G5/><T25/><D130/><N who="2" m="50282" /><F48/><W2/><G2/><T15/><D75/><U47/><E56/><V13/><F32/><W97/><G64/><T6/><D67/><U60/><E60/><V28/><F28/><W93/><G42/><T18/><D41/><N who="1" m="25071" /><E35/><V21/><F68/><W52/><G52/><T84/><D39/><U92/><E92/><V123/><F63/><W90/><REACH who="3" step="1"/><G37/><REACH who="3" ten="250,186,250,304" step="2"/><T107/><D6/><U115/><E115/><V73/><F118/><W99/><G99/><T114/><D3/><U19/><E29/><V43/><F116/><W12/><AGARI ba="0,1" hai="12,16,22,77,80,85,90,93,95,97,98,103,112,113" machi="12" ten="20,5200,0" yaku="1,1,0,1,7,1,54,1,53,0" doraHai="30" doraHaiUra="36" who="3" fromWho="3" sc="250,-13,186,-26,250,-13,304,62" /><INIT seed="2,0,0,3,4,47" ten="237,160,237,366" oya="2" hai0="48,26,124,123,56,24,85,93,120,20,32,103,101" hai1="28,7,84,72,94,39,82,25,90,79,64,13,45" hai2="89,130,43,128,77,65,2,9,21,76,3,116,102" hai3="67,8,92,70,71,74,111,100,129,36,50,40,57"/><V6/><F116/><W1/><G74/><T107/><D124/><U98/><E64/><V61/><F102/><W38/><G1/><T75/><D75/><U46/><E39/><N who="3" m="14890" /><G8/><T112/><D112/><U4/><E4/><V95/><F43/><W18/><G18/><T19/><D107/><U51/><E7/><V113/><F113/><W127/><G92/><T88/><D123/><U14/><E72/><V10/><F21/><W68/><G100/><N who="0" m="38475" /><D32/><U106/><E46/><V5/><F128/><W115/><G127/><T49/><D120/><U108/><E108/><V41/><F41/><W52/><G115/><T104/><D104/><U80/><E80/><V97/><REACH who="2" step="1"/><F130/><REACH who="2" ten="237,160,227,366" step="2"/><W15/><G129/><T91/><D24/><U33/><REACH who="1" step="1"/><E106/><REACH who="1" ten="237,150,227,366" step="2"/><V99/><F99/><W122/><G111/><T35/><D35/><U86/><E86/><V23/><F23/><W37/><G122/><T34/><D34/><U109/><E109/><V133/><F133/><W125/><G125/><T60/><D91/><U31/><E31/><V131/><F131/><W63/><G15/><T118/><D118/><U29/><E29/><V16/><F16/><W119/><G119/><T126/><D126/><U87/><E87/><V73/><F73/><W62/><G37/><T44/><D44/><AGARI ba="0,2" hai="40,44,50,52,57,62,63,67,68,70,71" m="14890" machi="44" ten="30,12000,2" yaku="35,5,52,1,54,1" doraHai="47" who="3" fromWho="0" sc="237,-120,150,0,227,0,366,140" /><INIT seed="3,0,0,5,3,40" ten="117,150,227,506" oya="3" hai0="79,36,56,103,127,84,66,97,58,64,125,104,39" hai1="86,130,114,12,47,135,93,70,42,27,45,95,15" hai2="21,119,33,41,82,118,133,10,53,71,107,34,54" hai3="52,65,43,106,22,128,32,5,88,108,68,0,50"/><W126/><G106/><T123/><D123/><U110/><E114/><V55/><F107/><W26/><G32/><T74/><D74/><U116/><E70/><V69/><F10/><W122/><G122/><T121/><D121/><U132/><E110/><V51/><F133/><N who="1" m="51273" /><E130/><V9/><F9/><W76/><G76/><T99/><D79/><U60/><E60/><V134/><F134/><W62/><G108/><T24/><D84/><U81/><E27/><V89/><F21/><W102/><G102/><T63/><D24/><U8/><E116/><V35/><F89/><W17/><G128/><T113/><D113/><U92/><E42/><V59/><F82/><W61/><G61/><N who="0" m="37927" /><D99/><U48/><E48/><V115/><F115/><W2/><G126/><AGARI ba="0,0" hai="36,39,58,63,66,97,103,104,125,126,127" m="37927" machi="126" ten="30,1000,0" yaku="18,1" doraHai="40" who="0" fromWho="3" sc="117,10,150,0,227,0,506,-10" /><INIT seed="4,0,0,2,1,18" ten="127,150,227,496" oya="0" hai0="121,64,124,21,50,102,105,55,86,87,77,3,46" hai1="132,131,16,106,11,9,72,7,37,40,96,62,19" hai2="94,57,24,103,34,120,125,115,71,0,70,61,109" hai3="83,35,129,101,89,122,81,5,99,107,100,113,31"/><T76/><D121/><U54/><E72/><V73/><F109/><W10/><G101/><T56/><D3/><U74/><E74/><V114/><F120/><W95/><G122/><T58/><D124/><U59/><E132/><V27/><F73/><W67/><G113/><N who="2" m="43017" /><F0/><W48/><G129/><T130/><D130/><U135/><E135/><V23/><F125/><W110/><G110/><T41/><D102/><U32/><E32/><V63/><F34/><W44/><G67/><T1/><D105/><U13/><E131/><V69/><F57/><W42/><G31/><T111/><D1/><U51/><E37/><V68/><N who="2" m="17408" /><DORA hai="14" /><V52/><F52/><W127/><G35/><T29/><D111/><U25/><E25/><N who="2" m="9803" /><F23/><W85/><G127/><T117/><D21/><U30/><E30/><V65/><F65/><W8/><G8/><T38/><D29/><U26/><E26/><V88/><F103/><W116/><G116/><T17/><D117/><U133/><E133/><V104/><F104/><W82/><G107/><T92/><D64/><U49/><E40/><V112/><N who="2" m="43025" /><V126/><DORA hai="108" /><F126/><W79/><G79/><T43/><D43/><U90/><E106/><V98/><AGARI ba="0,0" hai="61,63,88,94,98" m="9803,17408,43025" machi="98" ten="80,12000,2" yaku="15,1,52,4,54,1" doraHai="18,14,108" who="2" fromWho="2" sc="127,-60,150,-30,227,120,496,-30" /><INIT seed="5,0,0,0,3,94" ten="67,120,347,466" oya="1" hai0="58,120,121,1,14,91,50,73,19,7,123,108,118" hai1="88,37,67,109,20,72,99,9,130,78,104,40,101" hai2="2,13,82,122,39,61,76,6,52,26,110,125,56" hai3="54,18,112,127,103,28,48,107,70,34,68,74,24"/><U57/><E130/><V5/><F122/><W3/><G74/><T25/><D73/><U66/><E109/><V51/><F110/><W22/><G3/><T117/><D108/><U64/><E9/><V44/><F125/><W29/><G127/><T116/><D91/><U97/><E20/><V131/><F131/><W46/><G112/><T30/><D58/><U41/><E37/><V126/><F126/><W53/><G28/><T17/><D50/><U102/><E88/><V75/><F2/><W8/><G8/><N who="0" m="4383" /><D1/><U11/><E11/><V84/><F39/><W95/><G107/><T62/><D62/><U47/><E47/><V111/><F111/><W31/><G54/><T59/><D59/><U83/><REACH who="1" step="1"/><E57/><REACH who="1" ten="67,110,347,466" step="2"/><V27/><F56/><W4/><G22/><AGARI ba="0,1" hai="17,19,22,25,30,116,117,118,120,121,123" m="4383" machi="22" ten="40,5200,0" yaku="13,1,34,2" doraHai="94" who="0" fromWho="3" sc="67,62,110,0,347,0,466,-52" /><INIT seed="6,0,0,5,0,64" ten="129,110,347,414" oya="2" hai0="72,24,35,56,50,20,71,101,1,80,131,39,3" hai1="106,33,4,103,38,127,57,126,0,54,15,2,59" hai2="79,134,65,18,45,111,112,43,7,10,123,90,31" hai3="9,87,75,88,30,135,95,124,26,76,27,13,32"/><V17/><F123/><W108/><G108/><T36/><D35/><U66/><E38/><V91/><F111/><W48/><G124/><N who="1" m="47658" /><E33/><V21/><F112/><W73/><G135/><T47/><D131/><U34/><E34/><V12/><F134/><W42/><G76/><T5/><D71/><U130/><E130/><V16/><F79/><W28/><G28/><T110/><D36/><U104/><E66/><V107/><F107/><N who="1" m="41001" /><E103/><V62/><F31/><W122/><G26/><T41/><D101/><U96/><E96/><V77/><F77/><W84/><G122/><T81/><D72/><U8/><E59/><V44/><F21/><W94/><G84/><T113/><D113/><U115/><E115/><V60/><F60/><AGARI ba="0,0" hai="0,2,4,8,15,54,57,60" m="41001,47658" machi="60" ten="30,1000,0" yaku="18,1" doraHai="64" who="1" fromWho="2" sc="129,0,110,10,347,-10,414,0" /><INIT seed="7,0,0,2,4,17" ten="129,120,337,414" oya="3" hai0="58,36,133,109,48,27,66,35,51,101,97,63,60" hai1="88,135,111,78,1,106,128,72,75,91,71,24,53" hai2="44,14,102,21,112,0,100,116,46,2,120,19,130" hai3="5,93,30,26,107,117,74,50,37,121,85,59,108"/><W129/><G37/><T56/><D36/><U83/><E71/><V68/><F116/><W45/><G74/><N who="1" m="28202" /><E1/><V98/><F112/><W54/><G107/><T84/><D109/><U52/><E111/><V99/><F130/><W55/><G117/><T95/><D133/><U94/><E24/><V90/><F68/><W77/><G129/><T15/><D15/><U3/><E3/><V76/><F76/><W20/><G121/><T11/><D11/><U34/><E34/><V39/><F90/><N who="1" m="34345" /><E128/><V41/><F46/><W49/><G108/><T119/><D119/><U114/><E106/><V104/><REACH who="2" step="1"/><F120/><REACH who="2" ten="129,120,327,414" step="2"/><W43/><G77/><T18/><D84/><N who="1" m="48247" /><E94/><AGARI ba="0,1" hai="0,2,14,19,21,39,41,44,94,98,99,100,102,104" machi="94" ten="30,3900,0" yaku="1,1,7,1,52,1,53,0" doraHai="17" doraHaiUra="125" who="2" fromWho="1" sc="129,0,120,-39,327,49,414,0" owari="129,-27.1,81,-41.9,376,17.6,414,51.4" /></mjloggm>