<mjloggm ver="2.3"><GO type="169" lobby="0"/><UN n0="%E4%B8%89%E5%8D%81%E7%94%BB%E7%94%9F" n1="%4A%4F%4B%45%52%52%52%52" n2="%E7%8C%AA%E7%8B%A9%E5%AE%88" n3="%72%65%62%65%65%72" dan="16,16,17,16" rate="2129.97,2123.32,2192.05,2163.08" sx="M,M,M,M"/><TAIKYOKU oya="0"/><INIT seed="0,0,0,3,2,21" ten="250,250,250,250" oya="0" hai0="119,128,74,123,117,38,42,58,88,132,3,69,12" hai1="109,106,35,0,2,80,73,118,68,20,72,24,43" hai2="29,79,30,113,91,133,31,87,71,14,46,23,105" hai3="45,96,8,131,25,17,121,7,55,32,134,116,47"/><T94/><D123/><U39/><E118/><V101/><F113/><W51/><G116/><T33/><D3/><U85/><E35/><V4/><F133/><W127/><G134/><T78/><D69/><U135/><E106/><V82/><F71/><W130/><G127/><T48/><D132/><U10/><E68/><V11/><F105/><W64/><G64/><T36/><D128/><N who="3" m="49193" /><G96/><T110/><D110/><U19/><E109/><V67/><F101/><W15/><G121/><T34/><D117/><U103/><E103/><V9/><F67/><W104/><G104/><T92/><D92/><U97/><E97/><V53/><F9/><W22/><G32/><T70/><D70/><U122/><E122/><V16/><F46/><AGARI ba="0,0" hai="7,8,15,17,22,25,45,46,47,51,55" m="49193" machi="46" ten="30,2000,0" yaku="19,1,52,1" doraHai="21" who="3" fromWho="2" sc="250,0,250,0,250,-20,250,20" /><INIT seed="1,0,0,0,3,97" ten="250,250,230,270" oya="1" hai0="39,61,71,129,123,135,43,20,46,116,30,36,40" hai1="41,94,115,44,74,16,87,107,72,8,77,13,79" hai2="65,66,105,70,112,98,14,23,81,56,92,26,42" hai3="91,21,7,111,118,85,104,101,106,125,128,55,52"/><U2/><E115/><V120/><F120/><W102/><G106/><T0/><D0/><U18/><E107/><V114/><F105/><W90/><G104/><T33/><D20/><U49/><E2/><V5/><F70/><W54/><G111/><T4/><D4/><U37/><E37/><V50/><F81/><W17/><G125/><T93/><D93/><U86/><E18/><V131/><F131/><W133/><G128/><T31/><D31/><U126/><E126/><V48/><F42/><W34/><G133/><T15/><D15/><U122/><E122/><V68/><F68/><W96/><G34/><T117/><D123/><U28/><E28/><V109/><F109/><W25/><G7/><T99/><D99/><U73/><REACH who="1" step="1"/><E94/><REACH who="1" ten="250,240,230,270" step="2"/><V82/><F112/><W108/><G108/><T95/><D95/><U10/><E10/><V84/><F114/><W121/><G121/><T76/><D129/><U119/><E119/><V83/><F5/><W130/><G130/><T12/><D117/><U78/><AGARI ba="0,1" hai="8,13,16,41,44,49,72,73,74,77,78,79,86,87" machi="78" ten="40,7800,0" yaku="1,1,0,1,54,1,53,0" doraHai="97" doraHaiUra="22" who="1" fromWho="1" sc="250,-26,240,88,230,-26,270,-26" /><INIT seed="1,1,0,3,3,58" ten="224,328,204,244" oya="1" hai0="123,9,25,66,19,26,131,124,11,62,75,5,34" hai1="129,116,35,22,65,41,130,52,50,98,101,87,45" hai2="128,64,99,85,23,20,81,40,47,57,13,119,31" hai3="89,109,56,112,14,82,44,93,96,48,95,63,78"/><U115/><E115/><V60/><F119/><W17/><G109/><T92/><D131/><N who="1" m="50187" /><E35/><V27/><F128/><W61/><G112/><T39/><D124/><U88/><E65/><V103/><F13/><W33/><G33/><T90/><D75/><U91/><E116/><V70/><F20/><W12/><G56/><T83/><D39/><N who="1" m="21695" /><E22/><V94/><F70/><W42/><G93/><T3/><D83/><U2/><E87/><V117/><F117/><W110/><G110/><T100/><D100/><U108/><E2/><V73/><F73/><W30/><G30/><T77/><D77/><U105/><E108/><V8/><F8/><W114/><G114/><T32/><D123/><U43/><E43/><V69/><F69/><W80/><G12/><T125/><D125/><U7/><E7/><V132/><F132/><W59/><G59/><AGARI ba="1,0" hai="50,52,59,88,91,98,101,105" m="21695,50187" machi="59" ten="30,5800,0" yaku="19,1,54,2" doraHai="58" who="1" fromWho="3" sc="224,0,328,61,204,0,244,-61" /><INIT seed="1,2,0,3,4,63" ten="224,389,204,183" oya="1" hai0="79,8,30,85,38,66,77,70,28,105,10,58,33" hai1="104,100,5,91,92,17,65,53,84,64,62,131,101" hai2="41,3,112,119,114,88,2,116,135,51,43,34,16" hai3="127,20,22,26,82,46,4,86,32,27,97,78,69"/><U123/><E123/><V80/><F34/><W40/><G127/><T130/><D38/><U59/><E5/><V128/><F128/><W75/><G69/><T107/><D70/><U110/><E131/><V14/><F135/><W108/><G108/><T68/><D68/><U94/><E110/><V54/><F2/><W126/><G126/><T57/><D130/><U37/><E37/><V72/><F3/><W47/><G32/><T122/><D122/><U87/><E17/><V121/><F121/><W13/><G97/><T125/><D125/><U31/><E31/><V7/><F7/><W44/><G75/><T102/><D102/><N who="1" m="39531" /><E104/><V115/><F116/><W52/><G40/><T35/><REACH who="0" step="1"/><D85/><REACH who="0" ten="214,389,204,183" step="2"/><U0/><E0/><V124/><F124/><W1/><G1/><T21/><D21/><U96/><E87/><N who="2" m="50279" /><F72/><W132/><G132/><T6/><D6/><U129/><E129/><V9/><F119/><W111/><G111/><T74/><D74/><U113/><E113/><V83/><F83/><W25/><G22/><T133/><D133/><U18/><E18/><V42/><F42/><W15/><G15/><T50/><D50/><U39/><E39/><V117/><F117/><W120/><G120/><T55/><D55/><U103/><AGARI ba="2,1" hai="53,59,62,64,65,84,91,92,94,96,103" m="39531" machi="103" ten="30,6000,0" yaku="8,1,52,2" doraHai="63" who="1" fromWho="1" sc="214,-22,389,76,204,-22,183,-22" /><INIT seed="1,3,0,4,0,87" ten="192,465,182,161" oya="1" hai0="9,94,64,99,74,39,24,27,31,112,56,53,37" hai1="116,70,41,101,93,38,44,115,7,20,82,61,80" hai2="5,62,106,88,105,117,50,85,47,0,107,55,135" hai3="4,104,60,32,26,121,109,128,46,13,122,103,35"/><U28/><E115/><V96/><F117/><W1/><G109/><T75/><D27/><U110/><E116/><V34/><F34/><W130/><G46/><T59/><D112/><U129/><E7/><V91/><F135/><W132/><G60/><T84/><D9/><U127/><E129/><N who="3" m="49770" /><G132/><T65/><D84/><U126/><E110/><V18/><F18/><W120/><G13/><T63/><D75/><U98/><E61/><V78/><F62/><W14/><G14/><T123/><D74/><U118/><E118/><V45/><F45/><W54/><G54/><T119/><D123/><U2/><E2/><V77/><F96/><N who="3" m="61543" /><G26/><T17/><D119/><U95/><E70/><V58/><F58/><W30/><G30/><T113/><D113/><U133/><E133/><V86/><F5/><W22/><G22/><N who="0" m="13391" /><D31/><U89/><E20/><V3/><F0/><W92/><G92/><T12/><D12/><U36/><E28/><V73/><F3/><W131/><N who="3" m="49778" /><W8/><AGARI ba="3,0" hai="1,4,8,32,35,120,121,122" m="61543,49778" machi="8" ten="50,6400,0" yaku="4,1,19,1,23,1" doraHai="87" who="3" fromWho="3" sc="192,-19,465,-35,182,-19,161,73" /><INIT seed="2,0,0,0,2,121" ten="173,430,163,234" oya="2" hai0="126,0,85,73,74,17,19,18,134,36,13,27,1" hai1="107,79,50,7,102,104,113,82,24,59,78,20,6" hai2="61,70,67,105,2,52,111,22,108,90,94,15,132" hai3="127,31,30,130,38,62,131,83,68,64,80,89,106"/><V120/><F120/><W118/><G118/><T44/><D126/><U5/><E113/><V29/><F105/><W57/><G38/><T96/><D134/><U43/><E102/><V100/><F100/><W92/><G106/><T51/><D36/><U123/><E79/><V93/><F2/><W99/><G68/><T110/><D96/><U32/><E32/><V114/><F114/><W46/><G46/><T26/><D13/><U116/><E116/><V4/><F132/><W95/><G95/><T119/><D119/><U14/><E14/><V33/><F33/><W109/><G127/><T103/><D103/><U122/><E107/><V125/><F125/><W69/><G69/><T129/><D85/><U58/><E104/><V56/><F29/><N who="3" m="10763" /><G109/><N who="2" m="42057" /><F90/><W10/><G10/><T54/><D110/><U39/><E122/><V28/><F28/><W71/><G71/><T81/><D1/><U35/><E35/><V25/><F25/><W55/><G64/><T76/><D0/><U16/><E123/><V53/><F53/><W9/><G9/><T124/><D124/><U23/><E24/><V47/><F47/><W101/><G101/><T97/><D27/><U72/><E78/><V21/><F21/><W41/><G41/><T87/><D26/><U65/><E23/><V37/><F37/><W86/><G89/><T115/><D115/><U34/><E39/><V40/><F40/><W11/><G11/><T112/><D112/><U45/><E43/><V98/><F98/><W42/><G42/><T49/><D97/><U133/><E34/><V3/><F3/><W77/><G99/><RYUUKYOKU ba="0,0" sc="173,0,430,0,163,0,234,0" /><INIT seed="3,1,0,2,2,128" ten="173,430,163,234" oya="3" hai0="8,62,133,46,58,104,57,109,77,107,42,105,126" hai1="23,30,36,72,38,55,79,132,113,99,95,54,82" hai2="47,45,97,93,121,34,60,120,31,24,21,9,101" hai3="124,114,131,0,27,20,85,13,22,123,81,70,100"/><W59/><G123/><N who="2" m="47177" /><F9/><W15/><G114/><T129/><D129/><U78/><E113/><V89/><F60/><W66/><G70/><T2/><D109/><U88/><E132/><V68/><F68/><W17/><G0/><T14/><D126/><U26/><REACH who="1" step="1"/><E79/><REACH who="1" ten="173,420,163,234" step="2"/><V118/><F118/><W96/><G131/><T75/><D133/><U112/><E112/><V134/><F134/><W11/><G124/><T73/><D77/><U16/><E16/><V130/><F130/><W25/><G66/><T44/><D73/><U19/><E19/><V12/><F34/><W63/><G25/><T40/><D75/><U122/><E122/><V37/><F37/><AGARI ba="1,1" hai="23,26,30,36,37,38,54,55,72,78,82,88,95,99" machi="37" ten="40,8000,1" yaku="1,1,54,1,53,3" doraHai="128" doraHaiUra="69" who="1" fromWho="2" sc="173,0,420,93,163,-83,234,0" /><INIT seed="4,0,0,1,4,131" ten="173,513,80,234" oya="0" hai0="7,12,55,74,75,28,38,133,66,98,94,108,16" hai1="63,29,87,123,134,62,3,73,1,128,15,93,77" hai2="13,56,83,109,79,17,5,48,52,21,20,129,19" hai3="70,106,89,127,61,34,39,88,85,31,33,25,41"/><T90/><D108/><U101/><E123/><V23/><F109/><W9/><G127/><T58/><D38/><U26/><E73/><V111/><F111/><W68/><G106/><T14/><D133/><U112/><E134/><V97/><F129/><W122/><G34/><T37/><D37/><U82/><E112/><V105/><F5/><W0/><G122/><T43/><D43/><U8/><E3/><V121/><F121/><W135/><G135/><T35/><D66/><U76/><E1/><V91/><F105/><W120/><G61/><T72/><D72/><U116/><E77/><V84/><F97/><W100/><G100/><T42/><D42/><U32/><E116/><V130/><F130/><W67/><G67/><T40/><D40/><U69/><E69/><V107/><F107/><W46/><G89/><T71/><D71/><U125/><E125/><V126/><F126/><W18/><G120/><T118/><D118/><U27/><E27/><V102/><F102/><W115/><G115/><T113/><D113/><U53/><E53/><V114/><F114/><W78/><G78/><T59/><D74/><U80/><E80/><V57/><F57/><W95/><REACH who="3" step="1"/><G18/><REACH who="3" ten="173,513,80,224" step="2"/><T103/><D103/><U30/><E101/><V124/><F124/><W99/><G99/><T104/><D104/><U65/><E65/><V51/><F51/><W54/><G54/><T4/><D55/><U22/><E63/><V64/><F64/><W86/><G86/><T119/><D119/><U44/><E62/><V47/><F79/><W96/><G96/><T6/><D98/><U11/><E128/><RYUUKYOKU ba="0,1" sc="173,-10,513,-10,80,-10,224,30" hai3="0,9,25,31,33,39,41,46,68,70,85,88,95" /><INIT seed="5,1,1,4,5,66" ten="163,503,70,254" oya="1" hai0="102,44,34,4,123,83,11,81,60,40,108,131,59" hai1="37,7,120,80,89,125,5,20,19,133,0,96,10" hai2="115,52,32,91,36,31,93,132,50,109,114,112,26" hai3="49,116,22,71,48,79,14,39,85,1,27,126,135"/><U23/><E37/><V61/><F109/><W97/><G1/><T88/><D108/><U110/><E120/><V127/><F36/><W65/><G39/><T82/><D34/><U113/><E113/><V45/><F132/><W38/><G38/><T92/><D131/><U117/><E117/><V28/><F127/><W6/><G135/><T46/><D102/><U130/><E130/><V8/><F8/><W77/><G77/><T121/><D40/><U107/><E125/><V55/><F28/><W51/><G97/><T17/><D17/><U128/><E128/><V78/><F78/><W15/><G126/><T13/><D123/><U106/><E110/><V47/><F61/><W101/><G101/><T30/><D30/><U73/><E73/><V63/><F63/><W105/><G65/><T99/><REACH who="0" step="1"/><D121/><REACH who="0" ten="153,503,70,254" step="2"/><U3/><E133/><V70/><F70/><W122/><G71/><T54/><AGARI ba="1,2" hai="4,11,13,44,46,54,59,60,81,82,83,88,92,99" machi="54" ten="30,8000,1" yaku="1,1,2,1,0,1,8,1,54,1,53,0" doraHai="66" doraHaiUra="134" who="0" fromWho="0" sc="153,103,503,-41,70,-21,254,-21" /><INIT seed="6,0,0,4,2,99" ten="256,462,49,233" oya="2" hai0="125,69,84,93,73,9,34,80,71,6,102,55,52" hai1="120,46,66,39,104,37,32,60,111,0,85,119,4" hai2="49,112,53,2,59,110,83,45,106,50,129,12,29" hai3="51,116,96,126,43,16,5,27,95,8,56,75,22"/><V77/><F112/><W13/><G75/><T48/><D34/><U14/><E14/><V87/><F2/><W103/><G126/><T19/><D125/><U118/><E85/><V97/><F129/><W76/><G116/><T17/><D73/><U7/><E46/><V62/><F110/><W128/><G128/><T20/><D71/><U98/><E7/><V40/><F29/><W41/><G76/><T33/><D69/><N who="1" m="42183" /><E32/><V44/><F12/><W31/><G51/><T26/><D19/><U65/><E65/><V123/><F123/><W133/><G133/><T72/><D33/><U54/><E54/><V107/><REACH who="2" step="1"/><F97/><REACH who="2" ten="256,462,39,233" step="2"/><W1/><REACH who="3" step="1"/><G56/><REACH who="3" ten="256,462,39,223" step="2"/><N who="0" m="32775" /><D26/><U121/><E120/><V74/><F74/><W70/><G70/><T100/><D72/><U30/><E121/><V42/><AGARI ba="0,2" hai="40,42,44,45,49,50,53,59,62,77,83,87,106,107" machi="42" ten="20,7800,0" yaku="1,1,0,1,7,1,9,1,53,0" doraHai="99" doraHaiUra="94" who="2" fromWho="2" sc="256,-26,462,-26,39,98,223,-26" /><INIT seed="6,1,0,3,0,84" ten="230,436,137,197" oya="2" hai0="69,20,135,101,22,118,134,14,38,10,59,13,34" hai1="8,12,52,117,71,81,64,70,88,6,80,78,33" hai2="5,128,3,1,67,85,96,35,32,23,28,4,66" hai3="107,56,54,104,19,72,98,99,30,57,75,110,105"/><V91/><F96/><W127/><G110/><T116/><D69/><U122/><E33/><V106/><F106/><W124/><G30/><T129/><D38/><U58/><E117/><N who="0" m="45161" /><D101/><U83/><E122/><V21/><F85/><W82/><G19/><N who="0" m="8631" /><D34/><U111/><E111/><V18/><F128/><W43/><G43/><T47/><D47/><U29/><E29/><V74/><F74/><N who="3" m="28203" /><G57/><T87/><D129/><U24/><E78/><V15/><F91/><W51/><G51/><T16/><D59/><U63/><E24/><N who="2" m="16399" /><F67/><W27/><G27/><N who="0" m="14727" /><D87/><U120/><E120/><V94/><F66/><W53/><G56/><T100/><D100/><U68/><REACH who="1" step="1"/><E88/><REACH who="1" ten="230,426,137,197" step="2"/><V115/><F35/><W11/><G82/><T55/><D135/><U95/><E95/><V130/><F94/><W36/><G99/><T112/><D134/><U119/><E119/><V65/><F32/><W26/><G98/><T131/><D131/><U89/><E89/><V42/><F130/><W61/><G105/><T48/><D112/><U86/><E86/><V50/><F115/><W97/><G97/><T102/><D102/><U92/><E92/><V62/><F1/><W126/><G104/><T17/><D14/><U40/><E40/><V44/><F3/><W108/><G107/><T7/><D55/><AGARI ba="1,1" hai="6,8,12,52,55,58,63,64,68,70,71,80,81,83" machi="55" ten="50,3200,0" yaku="1,1,54,1,53,0" doraHai="84" doraHaiUra="39" who="1" fromWho="0" sc="230,-35,426,45,137,0,197,0" /><INIT seed="7,0,0,2,3,79" ten="195,471,137,197" oya="3" hai0="106,50,66,14,134,92,67,17,128,69,112,59,119" hai1="57,18,85,109,133,11,21,39,78,115,54,93,114" hai2="41,44,37,130,111,117,16,40,77,51,3,43,19" hai3="52,86,104,129,29,87,126,120,34,105,56,31,58"/><W83/><G120/><T95/><D119/><U124/><E39/><V13/><F117/><W103/><G126/><T91/><D106/><U26/><E109/><V53/><F3/><W46/><G129/><T131/><D134/><U121/><E133/><V62/><F130/><N who="0" m="49706" /><D112/><U98/><E121/><V84/><F111/><W81/><G103/><T76/><D76/><U122/><E122/><V25/><F37/><W127/><G127/><T94/><D69/><U36/><E36/><V5/><F25/><W4/><G4/><T49/><D91/><U27/><E11/><N who="2" m="4335" /><F62/><W71/><G71/><T20/><D59/><N who="3" m="22569" /><G34/><T135/><D135/><U102/><E124/><V108/><F108/><W32/><G32/><T15/><D15/><U65/><E114/><V88/><F77/><N who="3" m="46383" /><G105/><T80/><D80/><AGARI ba="0,0" hai="16,19,40,41,43,44,51,53,80,84,88" m="4335" machi="80" ten="30,7700,0" yaku="8,1,52,1,54,2" doraHai="79" who="2" fromWho="0" sc="195,-77,471,0,137,77,197,0" owari="118,-38.2,471,57.1,214,1.4,197,-20.3" /></mjloggm>