<mjloggm ver="2.3"><GO type="169" lobby="0"/><UN n0="%E3%83%A1%E3%82%BF%E3%82%B9%E3%82%B3%E3%82%A2" n1="%E3%81%BD%E3%81%A3%E3%81%91%E3%81%95%E3%82%93" n2="%E3%83%AD%E3%83%AD%E3%82%93" n3="%6B%61%74%65%72%69%6E%61" dan="17,16,16,16" rate="2124.30,2141.23,2147.68,2110.45" sx="M,M,M,M"/><TAIKYOKU oya="0"/><INIT seed="0,0,0,5,0,1" ten="250,250,250,250" oya="0" hai0="15,111,2,85,5,46,34,40,38,98,99,96,42" hai1="126,131,64,50,72,13,27,84,103,78,101,9,129" hai2="115,106,95,86,63,45,48,54,23,17,25,24,88" hai3="28,113,8,60,132,82,44,31,94,69,125,116,123"/><T121/><D121/><U62/><E72/><V105/><F115/><W134/><G116/><T74/><D34/><U92/><E50/><V43/><F63/><W83/><G113/><T81/><D74/><U122/><E27/><V104/><REACH who="2" step="1"/><F25/><REACH who="2" ten="250,250,240,250" step="2"/><W80/><G60/><T67/><D111/><U30/><E62/><V4/><F4/><W108/><G123/><T97/><D2/><U52/><E122/><V20/><F20/><W32/><G108/><T14/><D67/><U87/><E64/><V93/><F93/><W51/><G94/><T47/><N who="0" m="24576" /><DORA hai="58" /><T3/><D3/><U79/><E92/><V49/><F49/><W100/><G51/><T66/><D66/><U6/><E6/><V112/><F112/><W75/><G32/><T107/><D5/><U10/><E103/><V12/><F12/><W77/><G100/><T133/><D133/><U73/><E13/><V91/><F91/><W68/><G132/><T127/><D107/><U61/><E61/><V109/><F109/><W11/><G134/><T135/><D135/><U21/><E21/><V29/><F29/><W18/><G31/><T124/><D14/><U33/><E30/><V19/><F19/><W71/><G28/><T16/><D16/><U90/><E33/><V70/><F70/><W130/><G18/><T57/><D15/><U119/><E101/><V56/><F56/><W120/><G120/><T39/><REACH who="0" step="1"/><D57/><REACH who="0" ten="240,250,240,250" step="2"/><U53/><E10/><V37/><F37/><W22/><G11/><T118/><D118/><U35/><E9/><V76/><F76/><AGARI ba="0,2" hai="38,39,40,42,46,47,76,81,85,124,127" m="24576" machi="76" ten="50,4800,0" yaku="1,1,9,1,53,0" doraHai="1,58" doraHaiUra="110,26" who="0" fromWho="2" sc="240,68,250,0,240,-48,250,0" /><INIT seed="0,1,0,3,5,31" ten="308,250,192,250" oya="0" hai0="14,122,39,113,50,96,77,111,3,37,35,15,53" hai1="132,123,30,57,94,20,2,46,7,41,110,119,100" hai2="43,108,23,99,101,80,130,34,104,84,21,64,131" hai3="72,66,33,60,38,124,67,79,42,58,52,62,12"/><T114/><D122/><U92/><E123/><V93/><F108/><W65/><G124/><T4/><D77/><U36/><E119/><V69/><F43/><W48/><G33/><T27/><D111/><U133/><E110/><V82/><F82/><W98/><G98/><T112/><D3/><U115/><E115/><V0/><F0/><W59/><G12/><T95/><D4/><U73/><E57/><V97/><F64/><N who="3" m="24683" /><G79/><T78/><D78/><U10/><E73/><V63/><F63/><N who="3" m="38391" /><G72/><T102/><D39/><U51/><E36/><V103/><F69/><W76/><G76/><T90/><D37/><U128/><E128/><N who="2" m="49195" /><F34/><W17/><G17/><T83/><D83/><U54/><E41/><V88/><AGARI ba="1,0" hai="21,23,80,84,88,93,97,99,101,103,104" m="49195" machi="88" ten="30,2000,0" yaku="19,1,54,1" doraHai="31" who="2" fromWho="2" sc="308,-11,250,-6,192,23,250,-6" /><INIT seed="1,0,0,1,4,124" ten="297,244,215,244" oya="1" hai0="23,117,102,55,121,46,56,75,105,18,104,21,37" hai1="35,126,44,47,100,63,76,51,0,7,11,20,53" hai2="1,108,16,93,60,112,5,45,43,116,113,110,80" hai3="49,98,4,57,72,134,115,109,90,71,52,127,32"/><U79/><E35/><V26/><F60/><W13/><G115/><N who="2" m="44105" /><F93/><N who="3" m="56631" /><G72/><T82/><D117/><U64/><E126/><V84/><F116/><W69/><G32/><T42/><D121/><U54/><E100/><V118/><F118/><W62/><G127/><T9/><D102/><U34/><E34/><V81/><F5/><W28/><G71/><T58/><D9/><U130/><E20/><N who="2" m="13575" /><F1/><W14/><G69/><T125/><D125/><U111/><E111/><N who="2" m="42539" /><F84/><W129/><G109/><T17/><D104/><U8/><E8/><V106/><F106/><W27/><G4/><T122/><D105/><U40/><E130/><V39/><AGARI ba="0,0" hai="39,43,45,80,81" m="42539,13575,44105" machi="39" ten="30,4000,0" yaku="11,1,14,1,54,1" doraHai="124" who="2" fromWho="2" sc="297,-10,244,-20,215,40,244,-10" /><INIT seed="2,0,0,0,3,77" ten="287,224,255,234" oya="2" hai0="3,117,31,98,102,1,134,6,11,94,130,71,55" hai1="48,54,0,121,75,5,44,122,126,32,36,37,110" hai2="50,111,78,7,58,10,60,61,85,29,92,63,69" hai3="42,107,112,73,2,70,120,104,108,115,34,129,20"/><V119/><F119/><W25/><RYUUKYOKU type="yao9" ba="0,0" sc="287,0,224,0,255,0,234,0" hai3="2,20,25,34,42,70,73,104,107,108,112,115,120,129" /><INIT seed="2,1,0,4,2,42" ten="287,224,255,234" oya="2" hai0="71,32,91,66,123,34,40,118,47,131,133,18,11" hai1="43,50,37,49,46,38,103,31,30,97,12,60,48" hai2="120,113,111,61,101,53,90,13,4,117,41,72,26" hai3="19,121,62,116,10,6,45,86,9,69,67,2,56"/><V39/><F117/><W81/><G121/><T64/><D123/><U102/><E38/><V7/><F120/><W105/><G116/><T74/><D131/><U99/><E60/><V29/><F101/><W100/><G69/><T59/><D133/><U134/><E134/><V79/><F113/><W125/><G125/><T63/><D74/><U78/><E78/><V73/><F111/><W33/><G33/><T132/><D132/><U104/><REACH who="1" step="1"/><E12/><REACH who="1" ten="287,214,255,234" step="2"/><V17/><F79/><W15/><G105/><AGARI ba="1,1" hai="30,31,37,43,46,48,49,50,97,99,102,103,104,105" machi="105" ten="40,8000,1" yaku="1,1,2,1,9,1,52,1,53,0" doraHai="42" doraHaiUra="84" who="1" fromWho="3" sc="287,0,214,93,255,0,234,-83" /><INIT seed="3,0,0,4,2,98" ten="287,307,255,151" oya="3" hai0="132,22,96,66,70,131,112,126,117,75,118,8,107" hai1="16,19,69,88,100,68,67,135,113,114,122,32,46" hai2="123,130,54,79,53,55,56,63,18,76,134,40,59" hai3="77,13,84,4,14,106,21,74,89,1,97,95,115"/><W82/><G115/><T35/><RYUUKYOKU type="yao9" ba="0,0" sc="287,0,307,0,255,0,151,0" hai0="8,22,35,66,70,75,96,107,112,117,118,126,131,132" /><INIT seed="3,1,0,5,4,36" ten="287,307,255,151" oya="3" hai0="95,8,64,14,39,111,129,43,57,1,134,101,91" hai1="41,115,99,15,75,118,53,28,70,107,19,73,110" hai2="42,25,90,32,130,18,81,44,45,116,104,132,48" hai3="2,50,89,30,49,16,61,86,6,9,124,100,121"/><W62/><G121/><T117/><D117/><U126/><E28/><V68/><F68/><W37/><G37/><T71/><D1/><U83/><E115/><V29/><F104/><W34/><G124/><T74/><D74/><U21/><E70/><V7/><F132/><W31/><G100/><T94/><D134/><U35/><E35/><V125/><F125/><W84/><G34/><T119/><D119/><U58/><E126/><V59/><F130/><W67/><G84/><T105/><D105/><U131/><E131/><V108/><F108/><W38/><G38/><T128/><D111/><U122/><E122/><V72/><F7/><W109/><G109/><T54/><D71/><U106/><E118/><V63/><F45/><W5/><G5/><T97/><D64/><U120/><E120/><V0/><F0/><W133/><G133/><T80/><D80/><U13/><E110/><V96/><F96/><W113/><G113/><T78/><D78/><U27/><E99/><V92/><F92/><W60/><G67/><T98/><D39/><U11/><E15/><V65/><F116/><W82/><REACH who="3" step="1"/><G16/><REACH who="3" ten="287,307,255,141" step="2"/><N who="0" m="8263" /><D129/><U69/><E75/><V76/><F18/><W135/><G135/><T103/><D128/><U17/><E17/><V23/><F32/><W3/><G3/><T4/><D4/><U87/><E73/><V127/><F127/><W52/><G52/><T55/><D103/><U46/><E53/><V66/><F66/><W12/><G12/><T93/><D55/><U33/><E33/><V24/><F24/><W114/><G114/><T47/><D101/><U102/><E102/><RYUUKYOKU ba="1,1" sc="287,-15,307,-15,255,15,141,15" hai2="23,25,29,42,44,48,59,63,65,72,76,81,90" hai3="2,6,9,30,31,49,50,60,61,62,82,86,89" /><INIT seed="3,2,1,1,4,80" ten="272,292,270,156" oya="3" hai0="135,8,13,9,113,45,82,10,66,28,119,100,109" hai1="85,108,76,53,46,98,3,111,116,94,88,19,25" hai2="91,36,97,58,121,93,42,71,78,126,51,29,5" hai3="105,31,114,112,106,12,27,127,49,89,132,103,37"/><W104/><G37/><T47/><D119/><U75/><E3/><V118/><F118/><W57/><G132/><T70/><D109/><N who="1" m="42059" /><E116/><V2/><F126/><W129/><G103/><T54/><D135/><U34/><E75/><V22/><F71/><W77/><G127/><T32/><D113/><U92/><E76/><V128/><F128/><W4/><G129/><T64/><D100/><N who="1" m="60487" /><E19/><V20/><F78/><W90/><G77/><T15/><D32/><U95/><E95/><V30/><F36/><W18/><G4/><T69/><D28/><N who="1" m="19727" /><E46/><V55/><F42/><W123/><G123/><T96/><D96/><U79/><E79/><V65/><F65/><W130/><G130/><T56/><D54/><AGARI ba="2,1" hai="53,54,85,88,94" m="19727,60487,42059" machi="54" ten="30,3900,0" yaku="14,1,52,1,54,1" doraHai="80" who="1" fromWho="0" sc="272,-45,292,55,270,0,156,0" /><INIT seed="4,0,0,1,1,43" ten="227,347,270,156" oya="0" hai0="5,127,53,62,29,58,128,66,10,26,78,101,28" hai1="54,55,13,117,71,31,90,116,17,102,1,85,135" hai2="118,73,44,3,46,20,11,112,57,119,40,84,99" hai3="115,106,72,76,126,81,87,33,96,2,59,82,61"/><T114/><D114/><U110/><E1/><V103/><F112/><W129/><G115/><T36/><D127/><U52/><E110/><V18/><F73/><W111/><G111/><T79/><D128/><U15/><E71/><V14/><F84/><W45/><G129/><T89/><D36/><U0/><E0/><V130/><F57/><W19/><G126/><T48/><D101/><U133/><E31/><V80/><F80/><W47/><G2/><T75/><D89/><U65/><E65/><V83/><F83/><W86/><G33/><T4/><D75/><U120/><E102/><V39/><F130/><W12/><G96/><T105/><D105/><U60/><E60/><V38/><F3/><W42/><G106/><T49/><D49/><U6/><E6/><N who="0" m="2665" /><D10/><U94/><E120/><V50/><F11/><N who="3" m="6559" /><G42/><T93/><D93/><U132/><E13/><V27/><F27/><W113/><G72/><T122/><D122/><U131/><E131/><V97/><F97/><W63/><G113/><T7/><N who="0" m="2673" /><T51/><DORA hai="24" /><D51/><U74/><REACH who="1" step="1"/><E74/><REACH who="1" ten="227,337,270,156" step="2"/><V109/><F109/><W68/><G68/><T32/><D32/><U23/><AGARI ba="0,1" hai="15,17,23,52,54,55,85,90,94,116,117,132,133,135" machi="23" ten="40,8000,1" yaku="1,1,2,1,0,1,20,1,54,1,53,0" doraHai="43,24" doraHaiUra="70,22" who="1" fromWho="1" sc="227,-40,337,90,270,-20,156,-20" /><INIT seed="5,0,0,1,0,58" ten="187,427,250,136" oya="1" hai0="26,11,101,115,135,79,72,129,1,17,14,68,39" hai1="124,80,25,130,19,81,2,110,7,132,6,50,13" hai2="15,40,61,104,59,122,12,30,57,91,49,5,133" hai3="98,93,73,0,36,111,63,105,94,43,125,31,33"/><U77/><E2/><V70/><F104/><W100/><G111/><T119/><D119/><U69/><E110/><V4/><F133/><W29/><G73/><T126/><D39/><U54/><E132/><V109/><F109/><W88/><G0/><T42/><D42/><U64/><E25/><V22/><F70/><W48/><G36/><T106/><D135/><U56/><E130/><V118/><F118/><W103/><G125/><T107/><D68/><U71/><E124/><V8/><F91/><W82/><G105/><T95/><D1/><U113/><E113/><V66/><F122/><W27/><G31/><T86/><D115/><U32/><E32/><V21/><F30/><W45/><G82/><T44/><D44/><U18/><E18/><V41/><F49/><W53/><REACH who="3" step="1"/><G94/><REACH who="3" ten="187,427,250,126" step="2"/><T127/><D129/><U60/><E80/><V131/><F131/><W128/><G128/><T108/><D108/><U134/><E134/><V51/><F41/><W83/><G83/><T74/><D74/><U96/><E81/><V62/><F40/><W89/><G89/><T76/><D72/><U10/><E77/><V35/><F35/><W120/><G120/><T28/><D79/><U117/><E117/><V123/><F123/><W85/><G85/><T20/><D86/><U97/><E97/><V90/><F90/><W55/><G55/><T9/><D76/><U67/><E96/><V65/><F51/><W92/><G92/><T87/><D87/><U84/><E84/><V37/><F37/><W75/><G75/><T16/><D126/><U99/><E99/><V121/><F121/><RYUUKYOKU ba="0,1" sc="187,-30,427,10,250,10,126,10" hai1="6,7,10,13,19,50,54,56,60,64,67,69,71" hai2="4,5,8,12,15,21,22,57,59,61,62,65,66" hai3="27,29,33,43,45,48,53,63,88,93,98,100,103" /><INIT seed="5,1,1,4,2,79" ten="157,437,260,136" oya="1" hai0="67,97,134,17,87,115,39,11,43,16,49,58,48" hai1="117,131,132,99,109,122,121,64,120,98,12,84,36" hai2="33,124,27,76,31,93,63,71,108,0,23,72,100" hai3="18,107,75,135,90,116,26,1,88,119,65,106,62"/><U45/><E117/><N who="3" m="45130" /><G1/><T51/><D115/><U15/><E132/><V6/><F108/><W4/><G4/><T7/><D134/><U70/><E109/><V22/><F124/><W85/><G75/><T50/><D39/><U103/><E131/><V29/><F93/><W13/><G26/><T112/><D112/><U28/><E28/><V102/><F76/><W8/><G135/><T37/><D37/><U5/><E5/><V46/><F46/><W25/><G25/><T54/><D67/><U30/><E30/><V114/><F72/><W47/><G47/><T68/><D68/><U125/><E125/><V113/><F63/><W60/><G60/><T42/><D97/><U101/><E70/><V118/><F118/><W81/><G90/><T91/><D43/><U38/><E64/><V56/><F6/><W105/><G107/><T77/><D77/><U34/><E45/><V35/><F27/><W10/><G10/><T52/><D54/><U110/><E110/><V21/><F21/><W24/><G24/><T53/><D53/><U104/><E34/><V130/><F71/><AGARI ba="1,1" hai="8,13,18,62,65,71,81,85,88,105,106" m="45130" machi="71" ten="30,3900,0" yaku="12,1,52,1,54,1" doraHai="79" who="3" fromWho="2" sc="157,0,437,0,260,-42,136,52" /><INIT seed="6,0,0,1,3,8" ten="157,437,218,188" oya="2" hai0="84,71,57,47,120,88,44,26,28,116,10,30,119" hai1="132,111,46,102,82,107,50,5,3,66,68,49,117" hai2="93,112,18,19,74,37,21,61,91,134,129,128,130" hai3="127,100,39,101,86,83,114,36,87,58,48,80,40"/><V20/><F37/><W76/><G127/><T108/><D120/><U45/><E82/><V9/><F74/><W67/><G114/><T109/><D71/><U35/><E102/><V115/><F61/><N who="3" m="38327" /><G39/><T11/><D57/><U54/><E5/><V105/><F105/><W62/><G62/><T31/><D26/><U123/><E3/><V13/><F134/><W103/><G36/><T94/><D10/><U64/><E54/><V75/><F75/><W53/><G40/><T14/><D47/><U42/><E35/><V41/><F41/><W12/><G12/><T121/><D44/><U43/><E107/><V51/><F51/><W55/><G48/><T90/><D90/><AGARI ba="0,0" hai="53,55,76,80,83,86,87,90,100,101,103" m="38327" machi="90" ten="30,1000,0" yaku="8,1" doraHai="8" who="3" fromWho="0" sc="157,-10,437,0,218,0,188,10" /><INIT seed="7,0,0,2,4,112" ten="147,437,218,198" oya="3" hai0="70,109,66,84,44,85,122,64,102,46,53,79,108" hai1="131,17,51,59,8,26,39,56,113,14,94,132,48" hai2="82,33,75,93,99,77,24,100,135,10,133,3,119" hai3="7,71,115,87,41,124,95,16,130,74,129,21,31"/><W125/><G74/><T20/><D122/><U120/><E120/><V62/><F62/><W103/><G71/><T25/><D102/><U78/><E39/><V35/><F24/><W72/><G72/><T73/><D73/><U22/><E113/><V28/><F28/><W32/><G115/><T110/><D70/><U128/><E78/><V47/><F47/><W80/><G41/><T38/><D38/><U105/><E105/><V5/><F119/><W76/><G7/><T30/><D79/><U52/><E94/><V34/><AGARI ba="0,0" hai="3,5,10,33,34,35,75,77,82,93,99,100,133,135" machi="34" ten="40,1500,0" yaku="0,1" doraHai="112" who="2" fromWho="2" sc="147,-4,437,-4,218,15,198,-7" owari="143,-35.7,433,53.3,233,3.3,191,-20.9" /></mjloggm>