<mjloggm ver="2.3"><GO type="169" lobby="0"/><UN n0="%E8%A6%9A%E9%86%92%E3%81%97%E3%81%9F%E3%81%A8%E3%81%BE%E3%81%A8" n1="%E6%B2%B3%E7%AB%A5%E3%81%AE%E3%83%AF%E3%82%AB%E3%83%9E%E3%83%84" n2="%E3%81%BE%E3%81%88%E3%81%9F" n3="%E3%83%9E%E3%82%B9%E3%82%BF%E3%83%BC%E3%83%93%E3%83%BC%E3%83%AB" dan="16,17,16,16" rate="2114.85,2204.75,2188.49,2180.07" sx="M,M,F,M"/><TAIKYOKU oya="0"/><INIT seed="0,0,0,2,2,8" ten="250,250,250,250" oya="0" hai0="113,45,53,73,2,71,18,11,128,69,38,7,130" hai1="84,47,85,3,77,25,127,95,97,36,27,105,100" hai2="49,32,102,12,79,107,10,110,24,48,72,108,5" hai3="1,126,112,81,94,78,101,31,35,106,21,28,99"/><T133/><D113/><U14/><E3/><V56/><F72/><W4/><G112/><T90/><D133/><U51/><E36/><V9/><F79/><W91/><G126/><T124/><D124/><U0/><E0/><V6/><F102/><W87/><G35/><T93/><D73/><U111/><E111/><N who="2" m="42539" /><F107/><W50/><G21/><T34/><D34/><U135/><E135/><V63/><F24/><W30/><G50/><N who="0" m="28879" /><D38/><U22/><E127/><V117/><F32/><W125/><G125/><T64/><D64/><U20/><E105/><V82/><F82/><W52/><G52/><T103/><D18/><N who="1" m="10327" /><E77/><V29/><F29/><W80/><G1/><T134/><D103/><U129/><E129/><N who="0" m="49769" /><D134/><U123/><E123/><V19/><F117/><W70/><G4/><N who="2" m="1641" /><F9/><W131/><G131/><T62/><D62/><U44/><E25/><V41/><F41/><W92/><REACH who="3" step="1"/><G70/><REACH who="3" ten="250,250,250,240" step="2"/><T60/><D60/><U118/><E118/><V61/><F63/><W33/><G33/><T122/><D122/><U120/><E120/><V55/><AGARI ba="0,1" hai="10,12,19,48,49,55,56,61" m="1641,42539" machi="55" ten="30,2000,0" yaku="14,1,52,1" doraHai="8" who="2" fromWho="2" sc="250,-10,250,-5,250,30,240,-5" /><INIT seed="1,0,0,0,3,77" ten="240,245,280,235" oya="1" hai0="32,27,2,56,69,22,107,92,10,52,21,72,116" hai1="130,55,35,38,25,17,43,24,11,18,131,63,54" hai2="83,96,49,16,113,3,29,85,117,78,125,101,88" hai3="76,50,127,4,121,64,5,61,129,134,53,122,103"/><U132/><E132/><V94/><F117/><W119/><G134/><T1/><D116/><U82/><E43/><V58/><F3/><W75/><G119/><T90/><D107/><U109/><E38/><V8/><F125/><W14/><G127/><T91/><D72/><U66/><E109/><V44/><F113/><W133/><G129/><T114/><D69/><U12/><E35/><V84/><F29/><W9/><G103/><T104/><D104/><U68/><E82/><V123/><F123/><W39/><G5/><T26/><D32/><U71/><E71/><V81/><F58/><W46/><G39/><T51/><D114/><U7/><E17/><V87/><F87/><W31/><G31/><T30/><D10/><U6/><E7/><V74/><F74/><W36/><G36/><T45/><D91/><U106/><E106/><V62/><F62/><W110/><G110/><T99/><REACH who="0" step="1"/><D56/><REACH who="0" ten="230,245,280,235" step="2"/><U126/><E126/><V128/><F128/><N who="1" m="49193" /><E6/><V65/><F65/><W108/><G108/><T0/><D0/><U13/><E13/><N who="2" m="7207" /><F44/><W124/><G124/><T115/><D115/><U67/><E67/><V37/><F37/><W34/><G34/><T42/><D42/><U95/><E55/><V89/><F49/><W98/><G133/><T112/><D112/><U47/><E54/><V93/><F101/><W80/><G64/><T86/><D86/><U40/><E95/><AGARI ba="0,1" hai="78,81,83,84,85,88,89,93,94,95,96" m="7207" machi="95" ten="30,8000,1" yaku="8,1,52,2,54,2" doraHai="77" who="2" fromWho="1" sc="230,0,245,-80,280,90,235,0" /><INIT seed="2,0,0,0,3,103" ten="230,165,370,235" oya="2" hai0="128,55,132,114,135,16,72,1,74,19,37,14,102" hai1="45,127,91,13,33,41,26,56,67,3,110,31,28" hai2="22,122,44,0,35,59,116,105,108,120,39,131,42" hai3="68,129,54,62,20,104,36,123,84,34,4,17,78"/><V49/><F35/><W43/><G34/><T73/><D114/><U96/><E3/><V76/><F0/><W121/><G4/><T85/><D1/><U65/><E110/><V5/><F5/><W30/><G30/><T124/><D124/><U2/><E2/><V100/><F116/><W97/><G43/><T12/><D128/><U66/><E31/><V63/><F131/><W47/><G36/><T50/><D37/><U11/><E127/><V80/><F108/><W113/><G113/><T57/><D102/><U10/><E56/><V106/><F22/><W89/><G78/><T115/><D115/><U69/><E69/><V32/><F32/><W25/><G129/><T79/><D85/><U27/><E27/><V109/><F39/><W83/><G47/><T51/><D79/><U130/><E130/><V23/><F23/><W86/><G86/><T58/><D74/><U82/><E13/><V134/><F134/><W125/><G125/><T133/><D132/><U88/><E82/><V15/><F15/><W9/><G9/><T107/><REACH who="0" step="1"/><D55/><REACH who="0" ten="220,165,370,235" step="2"/><U112/><E112/><V7/><F109/><W92/><G54/><T99/><D99/><U18/><E96/><V21/><F100/><N who="3" m="62479" /><G123/><T24/><D24/><N who="1" m="18567" /><E91/><V60/><F122/><W90/><G121/><T94/><D94/><U29/><E88/><V38/><F120/><W117/><G90/><T6/><D6/><U81/><E81/><V40/><F7/><W75/><G75/><T71/><D71/><U101/><E101/><V70/><F76/><W111/><G111/><T119/><D119/><U98/><E98/><RYUUKYOKU ba="0,1" sc="220,30,165,-10,370,-10,235,-10" hai0="12,14,16,19,50,51,57,58,72,73,107,133,135" /><INIT seed="3,1,1,4,0,61" ten="250,155,360,225" oya="3" hai0="30,131,123,24,8,104,129,79,97,42,108,12,121" hai1="82,87,27,134,93,117,114,68,132,120,96,66,119" hai2="128,4,6,88,18,3,51,32,95,11,76,37,14" hai3="105,34,98,35,2,7,111,59,127,39,101,41,130"/><W23/><G127/><T92/><D104/><U84/><E27/><V54/><F37/><W16/><G130/><N who="0" m="49675" /><D42/><U19/><E19/><V77/><F128/><W44/><G111/><T26/><D79/><N who="2" m="30282" /><F32/><W90/><G90/><N who="0" m="55447" /><D108/><U48/><E114/><V73/><F73/><W106/><G106/><T102/><D102/><U115/><E120/><N who="0" m="46153" /><D30/><U74/><E115/><V22/><F11/><W65/><G2/><T46/><D46/><U71/><E74/><V50/><F3/><W75/><G75/><T60/><D60/><U21/><E93/><V133/><F133/><W25/><REACH who="3" step="1"/><G7/><AGARI ba="1,1" hai="7,8,12,24,26" m="46153,55447,49675" machi="7" ten="30,1000,0" yaku="19,1" doraHai="61" who="0" fromWho="3" sc="250,23,155,0,360,0,225,-13" /><INIT seed="4,0,0,3,4,59" ten="273,155,360,212" oya="0" hai0="62,48,97,28,67,11,72,95,17,85,93,56,77" hai1="106,18,125,64,87,5,32,128,96,111,81,129,41" hai2="134,126,116,13,49,40,45,36,91,135,130,43,80" hai3="20,21,123,24,84,33,115,83,101,3,79,46,19"/><T121/><D121/><U51/><E111/><V54/><F116/><W112/><G33/><T105/><D72/><U78/><E32/><V124/><F13/><W119/><G119/><T57/><D105/><U10/><E18/><V86/><F130/><W2/><G123/><T31/><D48/><U52/><E41/><N who="2" m="15947" /><F36/><W27/><G101/><T102/><D56/><U7/><E125/><AGARI ba="0,0" hai="45,49,54,80,86,91,124,125,126,134,135" m="15947" machi="125" ten="30,1000,0" yaku="18,1" doraHai="59" who="2" fromWho="1" sc="273,0,155,-10,360,10,212,0" /><INIT seed="5,0,0,3,5,33" ten="273,145,370,212" oya="1" hai0="122,6,30,107,117,56,45,104,74,87,126,9,8" hai1="60,112,99,13,25,75,58,57,38,78,95,133,1" hai2="100,135,127,54,131,39,3,20,32,118,88,85,7" hai3="121,97,29,37,125,42,67,73,48,46,19,105,55"/><U98/><E38/><V35/><F118/><W90/><G121/><T36/><D122/><U111/><E1/><V12/><F39/><W108/><G108/><T22/><D74/><U65/><E111/><V92/><F135/><W14/><G73/><T28/><D117/><U44/><E133/><V123/><F123/><W96/><G125/><T116/><D116/><U40/><E112/><V69/><F69/><W26/><G67/><T5/><D126/><U72/><E78/><V4/><F127/><W62/><G62/><T83/><D56/><U47/><E13/><V79/><F131/><W66/><G66/><T114/><D114/><U41/><E25/><V81/><F100/><W52/><G105/><T93/><D93/><U21/><E21/><V63/><F32/><W103/><G103/><T110/><D110/><U0/><E0/><V86/><F3/><W59/><G90/><T24/><D45/><U76/><E76/><V34/><F34/><W61/><G26/><T43/><D43/><U11/><E11/><N who="0" m="4169" /><D30/><U49/><E58/><N who="2" m="35287" /><F35/><W115/><G29/><T2/><D2/><U84/><E75/><V68/><F68/><W130/><G115/><T50/><D50/><N who="1" m="26887" /><E72/><V17/><AGARI ba="0,0" hai="4,7,12,17,20,79,81,85,86,88,92" m="35287" machi="17" ten="30,2000,0" yaku="8,1,54,1" doraHai="33" who="2" fromWho="2" sc="273,-5,145,-10,370,20,212,-5" /><INIT seed="6,0,0,5,1,70" ten="268,135,390,207" oya="2" hai0="45,55,71,107,68,9,85,95,82,21,49,10,36" hai1="50,61,99,97,121,130,123,117,106,58,115,52,88" hai2="28,30,46,7,64,126,122,16,79,109,59,124,93" hai3="65,38,43,39,104,111,48,32,84,80,131,5,0"/><V134/><F122/><N who="1" m="46601" /><E117/><V47/><F7/><W81/><G111/><T73/><D107/><U17/><E106/><V31/><F79/><W76/><G32/><T13/><D73/><U24/><E130/><V3/><F3/><W127/><G104/><T119/><D119/><U41/><E41/><V56/><F134/><W110/><G110/><T15/><D21/><N who="1" m="13359" /><E50/><V12/><F93/><W11/><G131/><T120/><D95/><N who="1" m="56551" /><E99/><V132/><F132/><W19/><G48/><T94/><D120/><U118/><E118/><V112/><F109/><W54/><G43/><T60/><D94/><U133/><E133/><V33/><F33/><W35/><G35/><T26/><D49/><U6/><E6/><V57/><F64/><W96/><G96/><T128/><D128/><U100/><E115/><V67/><F112/><W89/><G65/><T135/><D135/><U1/><E1/><V18/><F67/><W105/><G105/><T23/><D82/><U103/><AGARI ba="0,0" hai="52,58,61,100,103" m="56551,13359,46601" machi="103" ten="30,7900,0" yaku="25,1,13,1,54,2" doraHai="70" who="1" fromWho="1" sc="268,-20,135,79,390,-39,207,-20" /><INIT seed="7,0,0,1,0,74" ten="248,214,351,187" oya="3" hai0="129,24,64,26,2,43,33,35,50,45,106,94,5" hai1="127,4,116,119,67,113,15,54,12,48,122,78,111" hai2="34,89,83,96,47,70,46,82,81,105,120,115,13" hai3="3,118,71,1,65,61,59,80,128,103,17,123,31"/><W133/><G118/><N who="1" m="45098" /><E111/><V114/><F70/><W52/><G123/><T79/><D106/><U93/><E122/><V29/><F120/><W21/><G128/><T131/><D64/><U57/><E113/><N who="2" m="43019" /><F13/><W107/><G31/><T124/><D124/><U84/><E127/><V126/><F126/><W6/><G133/><T63/><D63/><N who="1" m="38383" /><E4/><V68/><F68/><W72/><G6/><T28/><D5/><U37/><E37/><V98/><F89/><W66/><G107/><T97/><D2/><U41/><E41/><V132/><F132/><W60/><G103/><T11/><D11/><U85/><E93/><V75/><F75/><W27/><REACH who="3" step="1"/><G65/><REACH who="3" ten="248,214,351,177" step="2"/><T9/><D28/><U99/><E99/><V36/><F98/><W16/><G16/><T0/><D97/><U104/><E104/><V53/><F96/><W77/><AGARI ba="0,1" hai="1,3,17,21,27,52,59,60,61,66,71,72,77,80" machi="77" ten="30,11700,0" yaku="1,1,0,1,52,1,54,1,53,0" doraHai="74" doraHaiUra="130" who="3" fromWho="3" sc="248,-39,214,-39,351,-39,177,127" /><INIT seed="7,1,0,1,4,11" ten="209,175,312,304" oya="3" hai0="45,81,80,25,46,94,106,84,100,16,105,37,116" hai1="17,59,47,55,110,20,107,74,56,89,0,7,69" hai2="128,33,93,87,18,43,73,120,104,36,96,21,98" hai3="99,34,127,29,121,86,129,126,82,130,85,97,133"/><W12/><G121/><T77/><D116/><U65/><E110/><V13/><F33/><W15/><G29/><T66/><D66/><U103/><E74/><V57/><F73/><W52/><G34/><T64/><D64/><U27/><E69/><V101/><F120/><W78/><G52/><T44/><D37/><U124/><E124/><N who="3" m="47658" /><G133/><T51/><D51/><U111/><E111/><V88/><F128/><N who="3" m="49259" /><G86/><T2/><D2/><U62/><E47/><V60/><F43/><W49/><G49/><T10/><D81/><U1/><E89/><V95/><F36/><W58/><G58/><T32/><D32/><U28/><E28/><V119/><F119/><W75/><G75/><T22/><REACH who="0" step="1"/><D10/><REACH who="0" ten="199,175,312,304" step="2"/><U50/><REACH who="1" step="1"/><E7/><REACH who="1" ten="199,165,312,304" step="2"/><V134/><F134/><W125/><G125/><T61/><D61/><U92/><E92/><V67/><F104/><W39/><G39/><T71/><D71/><U91/><E91/><V35/><F35/><W112/><G112/><T117/><D117/><U135/><E135/><V79/><F79/><W23/><G23/><T113/><D113/><U42/><E42/><V6/><F6/><W131/><G131/><T109/><D109/><U5/><E5/><V90/><F90/><W8/><G8/><T14/><D14/><AGARI ba="1,2" hai="12,14,15,78,82,85,97,99" m="49259,47658" machi="14" ten="30,12000,1" yaku="18,1,19,1,52,3" doraHai="11" who="3" fromWho="0" sc="199,-123,165,0,312,0,304,143" owari="76,-42.4,165,-23.5,312,11.2,447,54.7" /></mjloggm>