<mjloggm ver="2.3"><GO type="169" lobby="0"/><UN n0="%E3%81%9F%E3%81%BE%E5%AD%90" n1="%62%73%64%5F%33" n2="%E8%99%9A%E6%B7%B5%E7%8E%84" n3="%E9%B3%B4%E8%8C%B6" dan="16,16,17,16" rate="2163.67,2081.29,2226.83,2161.97" sx="M,F,M,M"/><TAIKYOKU oya="0"/><INIT seed="0,0,0,3,5,81" ten="250,250,250,250" oya="0" hai0="3,52,124,14,57,0,118,19,55,76,99,92,79" hai1="56,120,107,126,112,87,125,113,135,103,70,129,98" hai2="97,22,49,9,25,7,110,90,64,72,8,82,93" hai3="132,43,4,95,101,117,102,121,37,41,119,39,131"/><T108/><D118/><N who="3" m="45065" /><G95/><T16/><D124/><N who="1" m="47723" /><E70/><V10/><F110/><W60/><G4/><T59/><D108/><U34/><E34/><V122/><F122/><W54/><G60/><T40/><D40/><N who="3" m="15433" /><G54/><T83/><D92/><U46/><E46/><V42/><F64/><W91/><G91/><T111/><D111/><U51/><E120/><V115/><F115/><N who="1" m="44105" /><E135/><V28/><F72/><W85/><G121/><T15/><D83/><U130/><E56/><V127/><F127/><W67/><G67/><T75/><D99/><U31/><E31/><V74/><F74/><AGARI ba="0,0" hai="0,3,14,15,16,19,52,55,57,59,74,75,76,79" machi="74" ten="25,9600,0" yaku="22,2,54,2" doraHai="81" who="0" fromWho="2" sc="250,96,250,0,250,-96,250,0" /><INIT seed="0,1,0,5,2,116" ten="346,250,154,250" oya="0" hai0="120,101,68,73,44,106,79,30,41,112,10,96,108" hai1="75,88,129,70,14,91,32,67,128,37,86,45,19" hai2="46,64,77,78,90,0,131,16,48,124,89,27,24" hai3="104,49,63,15,29,11,135,61,31,83,130,2,93"/><T94/><D112/><U39/><E32/><V62/><F0/><W3/><G104/><T4/><D30/><U103/><E75/><V17/><F131/><N who="1" m="50249" /><E103/><V95/><F124/><W9/><G130/><T122/><D68/><U42/><E70/><V18/><F62/><W6/><G135/><T133/><D94/><N who="1" m="54551" /><E91/><N who="2" m="34827" /><F64/><W20/><G93/><T74/><D133/><U50/><E67/><V117/><F117/><W76/><G2/><N who="0" m="279" /><D108/><U119/><E119/><V25/><F95/><W113/><G113/><T111/><D111/><U22/><AGARI ba="1,0" hai="14,19,22,37,39,42,45,50" m="54551,50249" machi="22" ten="30,2000,0" yaku="19,1,54,1" doraHai="116" who="1" fromWho="1" sc="346,-11,250,23,154,-6,250,-6" /><INIT seed="1,0,0,2,2,78" ten="335,273,148,244" oya="1" hai0="26,100,30,66,133,2,70,65,90,22,89,95,20" hai1="67,29,106,134,99,84,72,81,130,117,51,105,5" hai2="127,102,27,91,112,73,53,114,52,120,17,31,110" hai3="57,128,7,132,60,118,39,3,107,58,48,80,24"/><U21/><E117/><V93/><F120/><W10/><G39/><T38/><D38/><U98/><E72/><V28/><F102/><W46/><G107/><T77/><D2/><U40/><E134/><V19/><F73/><W119/><G132/><T82/><D133/><U47/><E130/><V75/><F75/><W96/><G128/><T85/><D70/><U121/><E121/><V64/><F64/><N who="0" m="24682" /><D20/><U129/><E129/><V35/><F110/><W131/><G131/><T124/><D124/><U56/><E5/><V123/><F123/><W111/><G111/><T113/><D113/><N who="2" m="43626" /><F31/><W32/><G60/><T115/><D115/><U68/><E68/><V23/><F127/><W33/><G96/><AGARI ba="0,0" hai="22,26,30,77,82,85,89,90,95,96,100" m="24682" machi="96" ten="30,2000,0" yaku="8,1,52,1" doraHai="78" who="0" fromWho="3" sc="335,20,273,0,148,0,244,-20" /><INIT seed="2,0,0,0,1,85" ten="355,273,148,224" oya="2" hai0="52,102,31,65,128,87,39,67,56,60,9,105,22" hai1="38,40,133,55,14,76,74,88,93,127,120,118,25" hai2="84,79,123,73,15,0,34,19,6,92,80,101,20" hai3="103,104,129,64,95,94,13,122,28,131,41,23,91"/><V3/><F123/><W21/><G122/><T81/><D39/><U47/><E118/><V135/><F135/><W97/><G41/><T112/><D112/><U117/><E117/><V98/><F34/><W10/><G64/><T99/><D128/><N who="3" m="49225" /><G28/><T30/><D9/><U124/><E120/><V77/><F77/><W116/><G116/><T71/><D22/><N who="3" m="8201" /><G91/><T53/><D67/><U111/><E111/><V113/><F113/><W8/><G8/><T100/><D100/><U78/><E133/><V51/><F6/><AGARI ba="0,0" hai="6,10,13,94,95,97,103,104" m="8201,49225" machi="6" ten="30,1000,0" yaku="19,1" doraHai="85" who="3" fromWho="2" sc="355,0,273,0,148,-10,224,10" /><INIT seed="3,0,0,3,3,50" ten="355,273,138,234" oya="3" hai0="37,90,118,135,36,117,112,72,63,71,54,110,95" hai1="109,1,78,52,82,27,61,66,102,107,79,12,132" hai2="75,29,86,28,104,101,25,4,80,40,83,99,67" hai3="113,30,87,20,39,47,48,73,111,70,53,131,13"/><W15/><G73/><T46/><D72/><U124/><E1/><V9/><F40/><W134/><G113/><T100/><D100/><U81/><E109/><V133/><F133/><W129/><G70/><T3/><D3/><U34/><E132/><V116/><F116/><W8/><G134/><T91/><D135/><U94/><E107/><V18/><F67/><W42/><G87/><T55/><D110/><U6/><E34/><V92/><F18/><W59/><G111/><T41/><D112/><U64/><E27/><V105/><F80/><N who="1" m="30825" /><E124/><V49/><F49/><W84/><G84/><T122/><D122/><U126/><E12/><V119/><F119/><N who="0" m="45578" /><D95/><U89/><E6/><V128/><F128/><N who="3" m="49227" /><G8/><T65/><D91/><U19/><E19/><V127/><F127/><W51/><G39/><N who="0" m="14923" /><D90/><U44/><E102/><V125/><F125/><W85/><G85/><T93/><D93/><U76/><E126/><V35/><F75/><W106/><G106/><T33/><D33/><U14/><E14/><V68/><F104/><W115/><G115/><T108/><D108/><U7/><E7/><V120/><F105/><W11/><G11/><T32/><D32/><U31/><E31/><V16/><F29/><W57/><G30/><T62/><D62/><U114/><E114/><V17/><F120/><W38/><G20/><T69/><D69/><U60/><E60/><V5/><F68/><W96/><G96/><T77/><D77/><U45/><E61/><V121/><F121/><W26/><G26/><T130/><D130/><U98/><E44/><V58/><F35/><W10/><G10/><RYUUKYOKU ba="0,0" sc="355,10,273,10,138,-30,234,10" hai0="41,46,54,55,63,65,71" hai1="45,52,64,66,76,78,79,89,94,98" hai3="13,15,38,42,47,48,51,53,57,59" /><INIT seed="3,1,0,1,0,81" ten="365,283,108,244" oya="3" hai0="43,107,29,66,100,78,98,73,115,112,133,51,93" hai1="65,42,63,23,9,75,102,20,47,72,114,15,8" hai2="58,37,39,130,50,128,34,21,118,125,7,54,25" hai3="111,110,19,113,116,89,79,84,71,61,62,121,85"/><W109/><G113/><N who="0" m="43595" /><D133/><U18/><E114/><V67/><F34/><W57/><G121/><T30/><D66/><U76/><E102/><V33/><F33/><W64/><G116/><T105/><D78/><U129/><E129/><N who="2" m="49771" /><F7/><W127/><G127/><T94/><D73/><U48/><E76/><V38/><F21/><W80/><G19/><T135/><D93/><U70/><E23/><V3/><F25/><W35/><G35/><T17/><D17/><U1/><E1/><V90/><F90/><W10/><G10/><T108/><D108/><U41/><E41/><V2/><F2/><W134/><G134/><T117/><D117/><U22/><E22/><V68/><F3/><W132/><G132/><T24/><D135/><U31/><E9/><V44/><F118/><W45/><G45/><N who="0" m="26047" /><D24/><U4/><E31/><AGARI ba="1,0" hai="29,30,31,94,98,100,105,107" m="26047,43595" machi="31" ten="30,1000,0" yaku="11,1" doraHai="81" who="0" fromWho="1" sc="365,13,283,-13,108,0,244,0" /><INIT seed="4,0,0,1,2,105" ten="378,270,108,244" oya="0" hai0="46,124,104,29,10,107,0,112,83,79,23,101,33" hai1="91,56,4,108,22,31,82,16,65,120,7,123,43" hai2="35,81,61,130,99,51,1,59,84,70,86,6,134" hai3="63,98,54,27,85,73,72,114,37,24,12,117,39"/><T44/><D33/><U21/><E108/><V55/><F130/><W76/><G114/><T71/><D71/><U97/><E43/><V42/><F134/><W102/><G117/><T26/><D112/><U47/><E47/><V18/><F35/><W121/><G85/><T30/><D30/><U2/><E2/><V45/><F1/><W66/><G54/><T126/><D44/><U41/><E41/><V103/><F6/><W80/><G12/><T109/><D109/><U57/><E123/><V110/><F110/><W9/><G9/><T8/><D46/><U69/><E69/><V48/><F70/><N who="3" m="42335" /><G27/><T122/><D122/><U127/><E127/><N who="0" m="48681" /><D101/><U135/><E135/><V92/><F18/><W28/><G121/><T93/><D93/><U60/><E57/><V36/><REACH who="2" step="1"/><F84/><REACH who="2" ten="378,270,98,244" step="2"/><W96/><G98/><T88/><D0/><U128/><E97/><V50/><F50/><W5/><G5/><T17/><D17/><U32/><E4/><V133/><F133/><W38/><G96/><T116/><D116/><U68/><E7/><V49/><F49/><W95/><G102/><T3/><D3/><U13/><E128/><V15/><F15/><W111/><G111/><T77/><D29/><U40/><E68/><V52/><F52/><W25/><G28/><T67/><D67/><U19/><E120/><V119/><F119/><W20/><G39/><T125/><D125/><U89/><E32/><V129/><F129/><W64/><G38/><T118/><D118/><U34/><E34/><V131/><F131/><W14/><G37/><T115/><D115/><U87/><E31/><RYUUKYOKU ba="0,1" sc="378,-10,270,-10,98,30,244,-10" hai2="36,42,45,48,51,55,59,61,81,86,92,99,103" /><INIT seed="5,1,1,1,5,34" ten="368,260,128,234" oya="1" hai0="73,15,9,102,12,88,76,48,6,122,30,91,115" hai1="83,134,42,13,20,16,81,74,52,14,21,87,60" hai2="18,131,99,113,55,79,27,86,90,1,41,53,114" hai3="116,98,65,124,43,5,69,28,66,92,93,25,117"/><U33/><E33/><V123/><F123/><W50/><G124/><T133/><D122/><U95/><E134/><V127/><F127/><W0/><G50/><T38/><D38/><U35/><E35/><V19/><F79/><W89/><G43/><T46/><D133/><U80/><E74/><V40/><F99/><W105/><G105/><T2/><D115/><N who="2" m="44042" /><F131/><W59/><G69/><T58/><D58/><N who="1" m="34887" /><E42/><N who="2" m="16491" /><F1/><W3/><G5/><T78/><D73/><U17/><E95/><N who="2" m="54743" /><F27/><W36/><G36/><T106/><D78/><AGARI ba="1,1" hai="13,14,16,17,20,21,78,80,81,83,87" m="34887" machi="78" ten="30,5800,0" yaku="8,1,54,2" doraHai="34" who="1" fromWho="0" sc="368,-61,260,71,128,0,234,0" /><INIT seed="5,2,0,4,4,18" ten="307,331,128,234" oya="1" hai0="48,97,107,89,6,131,82,127,104,64,20,76,72" hai1="56,77,22,9,113,1,37,90,75,109,61,15,29" hai2="59,121,46,130,33,30,10,114,50,135,94,133,13" hai3="99,36,17,3,78,93,129,23,34,132,81,49,65"/><U31/><E37/><V116/><F116/><W5/><G36/><T58/><D131/><U70/><E113/><V41/><F121/><W126/><G129/><T67/><D6/><U112/><E112/><V63/><F130/><W66/><G34/><T42/><D127/><U26/><E70/><V87/><F114/><W79/><G126/><T40/><D67/><N who="3" m="25609" /><G3/><T83/><D83/><U101/><E1/><V52/><F33/><W80/><G5/><T117/><D117/><U88/><E109/><V12/><F30/><W53/><G132/><T4/><D4/><N who="1" m="3495" /><E75/><V28/><F28/><W105/><G105/><T74/><D74/><U115/><E115/><V123/><F123/><W11/><G11/><T98/><D107/><U21/><E77/><V32/><F32/><W19/><G79/><T71/><D71/><U57/><E101/><V96/><F87/><N who="3" m="48535" /><G81/><T2/><D2/><U85/><E90/><V8/><F8/><W118/><G118/><T24/><D89/><U43/><E43/><V108/><F108/><W39/><G39/><T106/><D106/><U35/><E35/><V45/><F10/><W111/><G111/><T122/><D122/><U16/><E31/><V84/><F84/><W62/><G17/><N who="0" m="12303" /><D104/><U103/><E103/><N who="2" m="60823" /><F46/><W95/><G19/><T68/><D98/><U44/><E44/><V51/><F135/><W54/><G99/><T0/><D97/><U124/><E124/><V91/><F133/><W125/><G125/><T102/><D0/><U73/><E73/><V134/><F134/><W128/><G128/><T55/><D102/><U14/><E61/><AGARI ba="2,0" hai="40,42,48,55,58,61,64,68,72,76,82" m="12303" machi="61" ten="30,2000,0" yaku="6,1,52,1" doraHai="18" who="0" fromWho="1" sc="307,26,331,-26,128,0,234,0" /><INIT seed="6,0,0,4,1,8" ten="333,305,128,234" oya="2" hai0="46,9,133,108,39,19,49,18,83,129,78,72,58" hai1="111,117,95,100,32,86,4,16,110,74,122,1,56" hai2="125,114,35,116,44,47,113,89,65,31,124,82,127" hai3="85,76,88,2,70,21,92,40,6,11,29,54,135"/><V107/><F107/><W13/><G135/><T67/><D108/><U66/><E117/><V53/><F31/><W59/><G70/><T15/><D133/><U33/><E74/><V105/><F105/><W3/><G40/><T97/><D129/><U69/><E69/><V77/><F35/><W115/><G115/><N who="2" m="44041" /><F89/><W126/><G126/><N who="2" m="32257" /><V75/><DORA hai="25" /><F116/><W34/><G76/><T118/><D78/><U101/><E33/><V80/><F65/><W71/><G71/><T93/><D67/><U130/><E66/><V112/><N who="2" m="44049" /><V7/><DORA hai="17" /><F80/><W99/><G34/><T20/><D83/><U60/><E32/><V43/><F7/><W64/><G64/><T87/><D118/><U55/><E4/><V42/><F53/><W84/><G2/><T38/><D93/><U91/><E55/><V79/><F79/><W37/><G37/><T41/><D38/><U132/><E91/><V23/><F23/><W103/><G3/><T52/><D20/><U121/><E1/><V120/><F120/><W63/><G103/><T30/><D52/><U27/><E100/><V68/><F68/><W36/><REACH who="3" step="1"/><G36/><REACH who="3" ten="333,305,128,224" step="2"/><T22/><D39/><U96/><E101/><V24/><F24/><AGARI ba="0,1" hai="6,11,13,21,24,29,54,59,63,84,85,88,92,99" machi="24" ten="40,16000,3" yaku="1,1,2,1,8,1,52,3,54,1,53,2" doraHai="8,25,17" doraHaiUra="26,14,57" who="3" fromWho="2" sc="333,0,305,0,128,-160,224,170" owari="333,13.3,305,-9.5,-32,-53.2,394,49.4" /></mjloggm>