<mjloggm ver="2.3"><GO type="169" lobby="0"/><UN n0="%E3%81%A6%E3%82%93%E3%81%8F%E3%81%86" n1="%E9%B3%B4%E8%8C%B6" n2="%E3%83%94%E3%83%B3%E3%82%B5%E3%83%AD%E5%BA%97%E5%93%A1" n3="%E3%81%9F%E3%81%8B%E3%81%AA" dan="16,16,17,19" rate="2182.90,2163.91,2246.27,2207.75" sx="M,M,M,M"/><TAIKYOKU oya="0"/><INIT seed="0,0,0,5,4,118" ten="250,250,250,250" oya="0" hai0="34,32,105,68,131,51,120,86,63,127,72,132,1" hai1="35,98,17,122,96,70,48,3,5,28,130,36,42" hai2="104,60,82,11,8,100,21,74,113,64,99,54,14" hai3="95,111,19,39,92,117,125,114,50,109,29,40,52"/><T58/><RYUUKYOKU type="yao9" ba="0,0" sc="250,0,250,0,250,0,250,0" hai0="1,32,34,51,58,63,68,72,86,105,120,127,131,132" /><INIT seed="0,1,0,5,0,40" ten="250,250,250,250" oya="0" hai0="29,45,120,122,37,84,86,38,75,39,127,48,121" hai1="92,60,76,64,88,54,110,118,14,42,68,87,73" hai2="20,134,1,31,9,106,80,129,10,112,109,16,107" hai3="62,119,0,90,27,104,126,36,49,4,130,50,59"/><T41/><D127/><U74/><E118/><V128/><F112/><W3/><G119/><T47/><D75/><U117/><E117/><V96/><F109/><W93/><G104/><T69/><D69/><U28/><E110/><V66/><F134/><W102/><G36/><T15/><D29/><U114/><E114/><V101/><F107/><W100/><G130/><N who="2" m="50281" /><F1/><W124/><G27/><T77/><D15/><U58/><E42/><V7/><F7/><W13/><G13/><T34/><D34/><U19/><E28/><V91/><F66/><W125/><G100/><T26/><D26/><U17/><E76/><V78/><F91/><W24/><G24/><T97/><D77/><U61/><REACH who="1" step="1"/><E19/><REACH who="1" ten="250,240,250,250" step="2"/><V67/><F31/><W103/><G124/><T132/><D132/><U5/><E5/><V131/><F131/><W53/><G4/><T18/><D18/><U6/><E6/><V11/><F16/><W30/><G125/><T94/><REACH who="0" step="1"/><D45/><REACH who="0" ten="240,240,250,250" step="2"/><U71/><E71/><V57/><F78/><W63/><G126/><T51/><D51/><U56/><E56/><V33/><F57/><W72/><G30/><T123/><N who="0" m="30720" /><DORA hai="22" /><T25/><D25/><U115/><E115/><V105/><F33/><W79/><G79/><T81/><D81/><U55/><E55/><V85/><F80/><W35/><G59/><T2/><D2/><U83/><E83/><V43/><F43/><W116/><G35/><T8/><D8/><AGARI ba="1,2" hai="8,14,17,54,58,60,61,64,68,73,74,87,88,92" machi="8" ten="30,3900,0" yaku="1,1,7,1,54,1,53,0" doraHai="40,22" doraHaiUra="32,70" who="1" fromWho="0" sc="240,-42,240,62,250,0,250,0" /><INIT seed="1,0,0,0,5,47" ten="198,302,250,250" oya="1" hai0="99,44,20,87,120,73,78,71,19,16,68,86,85" hai1="111,112,34,91,104,98,41,49,89,10,3,64,94" hai2="23,54,100,108,51,4,29,55,125,31,121,96,0" hai3="93,66,59,127,82,42,5,102,43,24,122,130,8"/><U28/><E112/><V119/><F119/><W21/><G122/><T69/><D120/><U84/><E64/><V17/><F121/><W46/><G127/><T50/><D99/><U77/><E77/><V63/><F108/><W101/><G130/><T67/><D67/><U72/><E72/><V2/><F125/><W57/><G82/><T81/><REACH who="0" step="1"/><D20/><REACH who="0" ten="188,302,250,250" step="2"/><U105/><E111/><V26/><F96/><W103/><G66/><T74/><D74/><U62/><E105/><V65/><F100/><W39/><G102/><T27/><D27/><U52/><E104/><V128/><F128/><W79/><G101/><T6/><D6/><U134/><E98/><V15/><F4/><W113/><G21/><T117/><D117/><U33/><E34/><V30/><F26/><W14/><G24/><T95/><D95/><U115/><E33/><V70/><REACH who="2" step="1"/><F55/><AGARI ba="0,1" hai="16,19,44,50,55,68,69,71,73,78,81,85,86,87" machi="55" ten="50,6400,0" yaku="1,1,52,1,54,1,53,0" doraHai="47" doraHaiUra="56" who="0" fromWho="2" sc="188,74,302,0,250,-64,250,0" /><INIT seed="2,0,0,3,1,48" ten="262,302,186,250" oya="2" hai0="89,116,94,126,72,64,6,103,113,121,29,81,20" hai1="35,95,14,15,9,54,109,3,84,120,105,131,10" hai2="68,21,55,17,125,130,133,83,123,33,0,111,110" hai3="127,104,102,73,92,16,98,26,44,36,93,39,79"/><V58/><F123/><W45/><G127/><T96/><D121/><U19/><E120/><V53/><F68/><W1/><G1/><T11/><D113/><U52/><E105/><V13/><F125/><W114/><G114/><T40/><D126/><U124/><E124/><V76/><F33/><W23/><G79/><T22/><D116/><U118/><E118/><V87/><F130/><W129/><G73/><T107/><D64/><U32/><E3/><V60/><F133/><W117/><G117/><T34/><D40/><U4/><E131/><V70/><F70/><W31/><G129/><T8/><D8/><U7/><E109/><N who="2" m="41483" /><F0/><W101/><G31/><T97/><D29/><U18/><E95/><V77/><F77/><W91/><G104/><T99/><D34/><U135/><REACH who="1" step="1"/><E84/><REACH who="1" ten="262,292,186,250" step="2"/><V24/><F13/><W2/><G2/><T106/><D106/><U12/><E12/><V71/><F71/><W85/><REACH who="3" step="1"/><G101/><REACH who="3" ten="262,292,186,240" step="2"/><T74/><D103/><U66/><E66/><AGARI ba="0,2" hai="17,21,24,53,55,58,60,66,76,83,87" m="41483" machi="66" ten="30,11600,0" yaku="14,1,10,1,52,2" doraHai="48" who="2" fromWho="1" sc="262,0,292,-116,186,136,240,0" /><INIT seed="2,1,0,0,5,78" ten="262,176,322,240" oya="2" hai0="90,26,108,67,98,29,123,3,79,125,64,134,36" hai1="63,6,84,32,22,94,18,99,38,59,133,61,86" hai2="109,129,34,40,75,91,112,45,135,83,77,55,71" hai3="30,128,111,23,120,130,76,11,72,4,53,105,102"/><V47/><F112/><W122/><G53/><T9/><D123/><U37/><E133/><V62/><F34/><W124/><G105/><T44/><D134/><U24/><E32/><V68/><F135/><W121/><G102/><T69/><D69/><U43/><E6/><V28/><F28/><W35/><G111/><T0/><D79/><U50/><E38/><V49/><F129/><N who="3" m="49771" /><G76/><T25/><D125/><U5/><E37/><V116/><F116/><W7/><G72/><T19/><D36/><U65/><E5/><V8/><F109/><W103/><G103/><T70/><D70/><U81/><E63/><V80/><F8/><W95/><G95/><T117/><D9/><U46/><REACH who="1" step="1"/><E81/><REACH who="1" ten="262,166,322,240" step="2"/><V85/><F62/><W131/><G131/><T51/><D117/><U20/><E20/><V100/><F100/><AGARI ba="1,1" hai="18,22,24,43,46,50,59,61,65,84,86,94,99,100" machi="100" ten="30,3900,0" yaku="1,1,7,1,8,1,53,0" doraHai="78" doraHaiUra="115" who="1" fromWho="2" sc="262,0,166,52,322,-42,240,0" /><INIT seed="3,0,0,3,0,123" ten="262,218,280,240" oya="3" hai0="38,61,33,79,37,80,125,76,70,120,78,82,44" hai1="4,103,12,56,21,31,53,27,63,24,39,18,91" hai2="34,15,129,98,95,117,96,107,57,92,109,100,93" hai3="26,62,99,104,77,48,128,135,88,29,115,89,41"/><W74/><G115/><T35/><D120/><U20/><E39/><N who="0" m="14857" /><D44/><U65/><E4/><V28/><F117/><W46/><G128/><T105/><D61/><U83/><E103/><V55/><F129/><W85/><G135/><T43/><D70/><U1/><E1/><V134/><F134/><W86/><G74/><T113/><D113/><U111/><E111/><V132/><F132/><W32/><G62/><T130/><D130/><U22/><E83/><N who="0" m="31785" /><D43/><U68/><E91/><V59/><F98/><W71/><G71/><T81/><D81/><U9/><REACH who="1" step="1"/><E27/><REACH who="1" ten="262,208,280,240" step="2"/><V75/><F100/><W6/><G6/><T40/><D105/><U5/><E5/><V64/><F107/><W23/><G77/><T25/><D25/><U60/><AGARI ba="0,1" hai="9,12,18,20,21,22,24,31,53,56,60,63,65,68" machi="60" ten="20,2700,0" yaku="1,1,0,1,7,1,53,0" doraHai="123" doraHaiUra="114" who="1" fromWho="1" sc="262,-7,208,37,280,-7,240,-13" /><INIT seed="4,0,0,1,2,95" ten="255,245,273,227" oya="0" hai0="22,69,134,47,28,120,101,126,4,82,21,114,76" hai1="55,40,132,46,36,90,121,7,18,135,16,2,32" hai2="43,93,77,75,125,84,127,65,104,14,72,109,129" hai3="130,20,13,26,103,116,110,23,8,33,48,133,39"/><T113/><D120/><U44/><E121/><V12/><F109/><W97/><G39/><T74/><D69/><U24/><E90/><N who="2" m="53447" /><F104/><W106/><G110/><T51/><D134/><N who="1" m="51243" /><E2/><V86/><F43/><W117/><G133/><T61/><D126/><N who="2" m="48138" /><F65/><W31/><G130/><T107/><D61/><U99/><E7/><V94/><F12/><W68/><G48/><T3/><D28/><N who="1" m="19463" /><E99/><V124/><N who="2" m="48146" /><V27/><DORA hai="78" /><F14/><W6/><REACH who="3" step="1"/><G68/><REACH who="3" ten="255,245,273,217" step="2"/><T35/><D51/><AGARI ba="0,1" hai="16,18,36,40,44,46,51,55" m="19463,51243" machi="51" ten="30,2000,0" yaku="20,1,54,1" doraHai="95,78" who="1" fromWho="0" sc="255,-20,245,30,273,0,217,0" /><INIT seed="5,0,0,3,2,56" ten="235,275,273,217" oya="1" hai0="51,133,40,79,131,127,10,36,80,91,89,39,33" hai1="103,116,78,2,14,112,98,32,115,26,113,135,48" hai2="0,4,25,70,97,35,90,132,34,93,124,55,50" hai3="126,82,43,30,15,7,52,1,75,87,38,41,64"/><U123/><E123/><V61/><F132/><W134/><G134/><T9/><D133/><U125/><E135/><V104/><F124/><W13/><G126/><T88/><D127/><U21/><E125/><V120/><F120/><W81/><G30/><T102/><D33/><U8/><E116/><V31/><F104/><W72/><G1/><T29/><D29/><U65/><E78/><V73/><F73/><W114/><G114/><T122/><D122/><U105/><E2/><V62/><F35/><W110/><G110/><T74/><D102/><U17/><E32/><V101/><F70/><W76/><G64/><T60/><D131/><U66/><REACH who="1" step="1"/><E48/><REACH who="1" ten="235,265,273,217" step="2"/><V96/><F0/><W77/><G38/><T57/><D51/><U119/><E119/><V129/><F129/><W100/><G76/><T92/><D36/><U108/><E108/><V63/><F4/><AGARI ba="0,1" hai="4,8,14,17,21,26,65,66,98,103,105,112,113,115" machi="4" ten="40,3900,0" yaku="1,1,15,1,53,0" doraHai="56" doraHaiUra="128" who="1" fromWho="2" sc="235,0,265,49,273,-39,217,0" /><INIT seed="5,1,0,1,4,51" ten="235,314,234,217" oya="1" hai0="97,110,93,82,101,42,121,5,131,113,9,15,48" hai1="91,63,35,125,86,19,116,17,114,79,24,39,133" hai2="61,2,8,37,88,96,80,72,45,52,111,94,90" hai3="102,122,10,46,49,100,58,40,1,89,30,135,36"/><U54/><E116/><V99/><F111/><W33/><G122/><T47/><D113/><U22/><E114/><V127/><F127/><W126/><G126/><T16/><D131/><U4/><E125/><V76/><F37/><W44/><G135/><T74/><D110/><U20/><E39/><V73/><F73/><W66/><G89/><T68/><D68/><U108/><E35/><V25/><F25/><W12/><G1/><T62/><D121/><U43/><E133/><V109/><F109/><W28/><G58/><T118/><D118/><U60/><E43/><V26/><F26/><W83/><G66/><T130/><D130/><U105/><E105/><V119/><F119/><W32/><G83/><T21/><D62/><U6/><E79/><V77/><F77/><W55/><G32/><T95/><D82/><N who="1" m="49623" /><E108/><V59/><F45/><W81/><G81/><T104/><REACH who="0" step="1"/><D74/><REACH who="0" ten="225,314,234,217" step="2"/><U3/><E63/><V115/><F115/><W0/><G0/><AGARI ba="1,1" hai="0,5,9,15,16,21,42,47,48,93,95,97,101,104" machi="0" ten="30,7700,0" yaku="1,1,2,1,7,1,54,1,53,0" doraHai="51" doraHaiUra="124" who="0" fromWho="3" sc="225,90,314,0,234,0,217,-80" /><INIT seed="6,0,0,4,5,57" ten="315,314,234,137" oya="2" hai0="41,78,65,82,85,127,45,113,69,4,128,114,105" hai1="66,104,21,13,134,88,37,33,62,80,3,79,5" hai2="106,8,83,23,101,64,123,129,119,86,108,91,28" hai3="56,89,120,61,71,116,124,81,12,27,7,52,98"/><V34/><F119/><W77/><G116/><T59/><D105/><U95/><E104/><V75/><F123/><W110/><G110/><T92/><D128/><U30/><E134/><V107/><F129/><W97/><G120/><T132/><D132/><U93/><E37/><V131/><F131/><W121/><G121/><T22/><D127/><U130/><E130/><V74/><F34/><W111/><G111/><T16/><D4/><U63/><E33/><V72/><F108/><W48/><G124/><T115/><D69/><U9/><E66/><V20/><F8/><W17/><G7/><T0/><D0/><U103/><E103/><V109/><F109/><W122/><G27/><N who="0" m="14791" /><D92/><N who="1" m="35403" /><E79/><V2/><F2/><W117/><G89/><T24/><D24/><N who="1" m="16655" /><E3/><V18/><F28/><W68/><G117/><T10/><D10/><U94/><E80/><V70/><F101/><W118/><G118/><T84/><D84/><AGARI ba="0,0" hai="5,9,13,62,63,84,88,94" m="16655,35403" machi="84" ten="30,7700,0" yaku="8,1,52,2,54,1" doraHai="57" who="1" fromWho="0" sc="315,-77,314,77,234,0,137,0" /><INIT seed="7,0,0,5,5,69" ten="238,391,234,137" oya="3" hai0="83,40,91,1,45,42,41,92,47,5,35,129,74" hai1="61,125,98,13,52,57,17,8,109,113,117,27,44" hai2="29,131,48,96,30,7,46,28,100,68,81,71,114" hai3="12,80,124,25,36,11,133,4,59,62,82,3,70"/><W18/><G124/><T87/><D129/><U120/><E109/><V111/><F111/><W123/><G123/><T38/><D35/><U53/><E120/><V39/><F39/><W116/><G116/><T54/><D54/><N who="1" m="33975" /><E113/><V128/><F7/><W19/><G133/><T64/><D64/><U94/><E125/><V130/><F81/><W97/><G70/><N who="2" m="26665" /><F114/><W104/><G36/><T79/><D45/><U22/><E44/><V72/><F72/><W108/><G108/><T49/><D49/><U6/><E117/><V107/><F30/><W33/><G104/><T99/><D99/><U66/><E66/><V31/><F31/><N who="3" m="19695" /><G19/><T90/><D90/><AGARI ba="0,0" hai="6,8,13,17,22,27,52,53,90,94,98" m="33975" machi="90" ten="30,3900,0" yaku="25,1,8,1,54,1" doraHai="69" who="1" fromWho="0" sc="238,-39,391,39,234,0,137,0" owari="199,-20.1,430,53.0,234,3.4,137,-36.3" /></mjloggm>