<mjloggm ver="2.3"><GO type="169" lobby="0"/><UN n0="%E3%81%8B%E3%82%81%E3%81%98%E3%82%8D%E3%81%86" n1="%73%61%6E%64%69%72%69%73" n2="%E9%AB%AD%E9%AF%A8" n3="%E3%83%8A%E3%82%AB%E3%81%AB%E3%81%97" dan="16,17,16,17" rate="2147.25,2225.44,2153.92,2248.29" sx="M,M,M,M"/><TAIKYOKU oya="0"/><INIT seed="0,0,0,2,3,71" ten="250,250,250,250" oya="0" hai0="11,104,61,32,43,16,83,59,123,49,26,80,119" hai1="90,87,109,30,22,114,52,31,89,44,129,21,3" hai2="93,36,6,92,29,76,111,65,19,60,113,5,126" hai3="39,18,1,131,58,94,64,9,77,45,122,105,34"/><T107/><D119/><U73/><E73/><V128/><F113/><W121/><G105/><T88/><D123/><N who="3" m="47113" /><G34/><T130/><D130/><U12/><E3/><V63/><F111/><W134/><G131/><T85/><D32/><U53/><E129/><V42/><F128/><W72/><G94/><N who="0" m="54543" /><D107/><U69/><E69/><V96/><F29/><N who="1" m="10761" /><E109/><V17/><F42/><N who="3" m="22751" /><G134/><T4/><D104/><U103/><E114/><V0/><F76/><W14/><G1/><T37/><D37/><U102/><E90/><V46/><F46/><W101/><G101/><N who="1" m="38410" /><E44/><V95/><F95/><W13/><G13/><N who="0" m="5351" /><D43/><U100/><N who="1" m="38418" /><U10/><DORA hai="47" /><E22/><V25/><F0/><W57/><G64/><N who="0" m="38975" /><D49/><U82/><E21/><AGARI ba="0,0" hai="16,21,26,80,83" m="38975,5351,54543" machi="21" ten="30,5800,0" yaku="8,1,54,2" doraHai="71,47" who="0" fromWho="1" sc="250,58,250,-58,250,0,250,0" /><INIT seed="0,1,0,1,0,6" ten="308,192,250,250" oya="0" hai0="19,123,4,125,98,107,51,21,40,129,121,76,3" hai1="124,29,10,48,74,1,72,128,104,39,27,90,105" hai2="15,103,13,99,31,22,110,5,75,7,62,33,8" hai3="109,41,16,115,55,9,101,78,12,93,86,120,53"/><T63/><D125/><U25/><E48/><V92/><F75/><N who="1" m="28713" /><E90/><V77/><F77/><W85/><G115/><T26/><D129/><U58/><E58/><V65/><F110/><W88/><G109/><T47/><D76/><U100/><E27/><N who="2" m="16887" /><F33/><W71/><G71/><T60/><D121/><U66/><E124/><V102/><F102/><W18/><G120/><T30/><D123/><U20/><E20/><V122/><F122/><W37/><G101/><T82/><D82/><U81/><E128/><V80/><F80/><N who="3" m="47255" /><G37/><T14/><D98/><N who="1" m="61463" /><E66/><V135/><F135/><W84/><G41/><T34/><REACH who="0" step="1"/><D107/><REACH who="0" ten="298,192,250,250" step="2"/><U54/><E81/><V17/><F13/><N who="3" m="7215" /><G86/><T64/><D64/><U46/><E105/><V131/><F131/><W69/><G69/><T106/><D106/><U45/><E1/><V87/><F87/><W61/><G61/><T24/><D24/><U70/><E25/><V95/><F95/><W52/><G55/><T68/><D68/><U113/><E54/><V133/><F133/><W96/><G84/><T73/><D73/><U11/><E70/><V132/><F132/><W28/><G28/><T0/><D0/><U57/><E29/><V38/><F65/><W112/><G112/><T83/><D83/><U97/><E113/><V127/><F62/><W79/><G79/><T56/><D56/><U114/><E57/><V94/><F127/><W67/><G67/><T43/><D43/><N who="1" m="22783" /><E114/><V23/><F92/><W50/><G50/><T2/><D2/><U32/><E97/><V91/><F99/><W44/><G44/><T111/><D111/><U118/><E46/><RYUUKYOKU ba="1,1" sc="298,15,192,-15,250,-15,250,15" hai0="3,4,14,19,21,26,30,34,40,47,51,60,63" hai3="12,18,52,53,88,93,96" /><INIT seed="0,2,1,2,4,3" ten="313,177,235,265" oya="0" hai0="97,56,30,123,91,17,4,79,41,63,103,132,88" hai1="80,0,54,61,129,72,66,39,124,40,32,37,10" hai2="67,82,87,31,29,2,92,27,5,53,100,101,109" hai3="93,71,133,15,62,119,8,25,111,6,12,126,114"/><T22/><D123/><U99/><E129/><V122/><F109/><W102/><G114/><T60/><D132/><U105/><E54/><V52/><F67/><W113/><G113/><T115/><D115/><U48/><E48/><V50/><F53/><W85/><G119/><T24/><D79/><N who="1" m="44135" /><E124/><V135/><F135/><W81/><G133/><T7/><D41/><U89/><E89/><N who="0" m="34377" /><D17/><U118/><E118/><V43/><F43/><W95/><G111/><T14/><D14/><U108/><E108/><V36/><F36/><W78/><G126/><T128/><D128/><U90/><E90/><V65/><F122/><W73/><G73/><T23/><D23/><U131/><E131/><V68/><F29/><W130/><G130/><T69/><D69/><N who="1" m="42191" /><E32/><V117/><F117/><W34/><G102/><T18/><D18/><U44/><E39/><V76/><F101/><W46/><G71/><T35/><D35/><U134/><E134/><V121/><F100/><W51/><G62/><N who="0" m="23595" /><D56/><U120/><E120/><V74/><F121/><W110/><G110/><T116/><D116/><U75/><E75/><V21/><F74/><W86/><G86/><T112/><D112/><U11/><E0/><V45/><F68/><W57/><G57/><T84/><D84/><U70/><E70/><V13/><F65/><W16/><G34/><T94/><AGARI ba="2,1" hai="4,7,22,24,30,94,97,103" m="23595,34377" machi="94" ten="30,11700,0" yaku="8,1,52,2,54,1" doraHai="3" who="0" fromWho="0" sc="313,133,177,-41,235,-41,265,-41" /><INIT seed="0,3,0,2,3,80" ten="446,136,194,224" oya="0" hai0="27,90,67,126,24,125,13,59,110,75,88,132,100" hai1="77,17,111,87,40,95,16,113,22,51,72,98,108" hai2="79,78,25,34,37,118,21,109,14,5,130,94,85" hai3="44,46,70,57,129,28,82,121,102,123,10,81,18"/><T7/><D75/><U96/><E113/><V20/><F109/><N who="1" m="42057" /><E72/><V114/><F130/><W93/><G70/><T86/><D110/><U133/><E133/><V3/><F37/><W66/><G129/><T48/><D132/><U36/><E36/><V6/><F118/><W45/><G28/><T26/><D100/><N who="1" m="60447" /><E98/><V84/><F34/><W23/><G10/><N who="0" m="4319" /><D90/><U15/><E17/><N who="2" m="10295" /><F3/><W11/><G11/><T29/><D67/><U4/><E4/><N who="2" m="1643" /><F114/><W42/><G42/><T120/><D120/><N who="3" m="46153" /><G93/><N who="0" m="54423" /><D125/><U35/><E35/><V32/><F32/><W8/><G8/><T68/><D68/><U9/><E9/><V134/><F134/><W41/><G102/><T12/><D126/><U2/><E2/><V116/><F116/><W64/><G64/><T99/><D99/><U89/><E77/><N who="2" m="29195" /><F94/><W56/><G66/><T122/><D122/><U105/><E105/><V38/><F38/><W73/><G73/><T131/><D131/><U119/><E119/><V31/><AGARI ba="3,0" hai="21,25,31,84,85" m="29195,1643,10295" machi="31" ten="30,4000,0" yaku="8,1,52,2" doraHai="80" who="2" fromWho="2" sc="446,-23,136,-13,194,49,224,-13" /><INIT seed="1,0,0,3,0,122" ten="423,123,243,211" oya="1" hai0="97,114,34,55,64,130,37,121,75,7,27,65,101" hai1="12,2,29,73,74,118,60,102,105,84,115,116,89" hai2="123,59,120,21,45,80,82,96,68,56,129,15,108" hai3="61,88,49,93,44,106,125,110,86,134,54,57,38"/><U91/><E2/><V113/><F21/><W99/><G134/><T107/><D114/><U33/><E12/><V104/><F15/><W83/><G125/><T51/><D37/><U35/><E60/><V40/><F96/><W22/><G38/><T66/><D121/><U76/><E29/><V81/><F45/><W28/><G106/><T5/><D75/><N who="1" m="28683" /><E33/><V48/><F104/><W69/><G69/><T95/><D130/><U19/><E19/><V70/><F129/><W78/><G110/><T92/><D34/><U71/><E71/><V119/><F48/><W23/><REACH who="3" step="1"/><G28/><REACH who="3" ten="423,123,243,201" step="2"/><T4/><REACH who="0" step="1"/><D27/><REACH who="0" ten="413,123,243,201" step="2"/><U85/><E115/><V103/><F113/><W100/><G100/><T26/><D26/><U63/><E102/><V111/><F103/><W32/><G32/><T47/><AGARI ba="0,2" hai="4,5,7,47,51,55,64,65,66,92,95,97,101,107" machi="47" ten="30,2000,0" yaku="1,1,0,1,53,0" doraHai="122" doraHaiUra="20" who="0" fromWho="0" sc="413,40,123,-10,243,-5,201,-5" /><INIT seed="2,0,0,5,1,43" ten="453,113,238,196" oya="2" hai0="69,63,107,89,59,49,131,61,12,14,111,134,79" hai1="102,10,78,42,127,73,95,31,91,121,57,116,86" hai2="8,16,38,7,62,32,76,72,87,92,133,77,93" hai3="13,94,35,98,19,5,48,1,28,55,39,23,75"/><V17/><F133/><W109/><G75/><T129/><D107/><U103/><E116/><V54/><F72/><W90/><G39/><T51/><D79/><U64/><E127/><V40/><F32/><W108/><G1/><T36/><D36/><U6/><E121/><V60/><F38/><W56/><G5/><T33/><D33/><U122/><E122/><V45/><F40/><W124/><G124/><T11/><D134/><U18/><E31/><V125/><F125/><W83/><G83/><T71/><D89/><U113/><E113/><V4/><F54/><W128/><G128/><T126/><D126/><U41/><E18/><V135/><F135/><W112/><G112/><T101/><D101/><N who="1" m="38411" /><E78/><V119/><F8/><W118/><G118/><T100/><D100/><U53/><E64/><V29/><F29/><W66/><G66/><T27/><D27/><U9/><E73/><V132/><F132/><W85/><REACH who="3" step="1"/><G98/><REACH who="3" ten="453,113,238,186" step="2"/><T115/><D115/><U106/><E6/><V34/><F119/><W2/><G2/><T3/><D3/><U96/><E96/><V67/><F67/><W47/><G47/><T88/><D129/><U82/><E82/><V37/><F37/><W26/><AGARI ba="0,1" hai="13,19,23,26,28,35,48,55,56,85,90,94,108,109" machi="26" ten="30,8000,1" yaku="1,1,0,1,25,2,53,1" doraHai="43" doraHaiUra="22" who="3" fromWho="3" sc="453,-20,113,-20,238,-40,186,90" /><INIT seed="3,0,0,2,4,96" ten="433,93,198,276" oya="3" hai0="79,2,81,21,44,117,36,52,71,12,70,129,33" hai1="114,31,127,100,124,27,120,22,115,104,6,49,126" hai2="56,53,8,121,69,82,80,84,102,58,39,131,66" hai3="77,90,133,45,48,116,67,62,112,1,0,7,17"/><W54/><G112/><T68/><D117/><U83/><E120/><V130/><F39/><W64/><G116/><T16/><D33/><U76/><E6/><V72/><F69/><W30/><G133/><T35/><D35/><U87/><REACH who="1" step="1"/><E49/><REACH who="1" ten="433,83,198,276" step="2"/><N who="2" m="30767" /><F121/><W42/><G7/><T101/><D36/><U93/><E93/><V134/><F134/><W5/><G5/><T108/><D2/><U118/><E118/><V107/><F131/><W55/><G1/><T113/><D129/><U32/><E32/><V86/><F130/><W20/><G0/><T57/><D113/><U9/><E9/><V19/><F8/><W110/><G48/><T109/><D44/><U122/><E122/><V47/><F47/><W60/><G45/><T89/><D108/><U75/><E75/><V91/><F72/><W34/><G110/><T40/><D109/><U41/><E41/><V28/><F82/><W3/><G42/><T59/><D40/><U43/><E43/><V13/><F80/><W105/><G3/><T97/><D81/><U125/><N who="1" m="31744" /><DORA hai="37" /><U38/><E38/><V94/><F94/><W135/><G34/><T18/><D21/><U128/><E128/><V132/><F132/><W11/><G20/><T74/><D74/><U63/><E63/><V123/><F123/><W88/><G11/><T25/><D68/><U23/><E23/><V111/><F111/><W78/><G62/><T46/><D70/><U61/><E61/><V73/><F73/><W24/><G60/><T51/><D71/><U29/><E29/><V98/><F28/><W99/><G135/><T4/><D51/><RYUUKYOKU ba="0,1" sc="433,-10,83,30,198,-10,276,-10" hai1="22,27,31,76,83,87,100,104,114,115" /><INIT seed="4,1,1,2,5,88" ten="423,113,188,266" oya="0" hai0="99,5,62,23,3,118,1,114,102,12,95,26,101" hai1="49,15,43,121,48,103,89,64,77,47,69,125,91" hai2="14,116,13,58,22,74,27,36,113,30,130,35,122" hai3="37,11,124,7,76,56,41,110,33,2,98,90,106"/><T112/><D118/><U25/><E121/><V59/><F36/><W18/><G110/><T133/><D133/><U86/><E125/><V28/><F74/><W10/><G33/><T51/><D102/><U119/><E119/><V97/><F122/><W52/><G124/><T70/><D51/><U72/><E103/><V17/><F116/><W40/><G76/><T126/><D126/><U60/><E72/><V57/><F113/><N who="0" m="43626" /><D70/><U79/><E25/><V129/><F30/><W54/><G37/><T32/><D62/><U8/><E49/><V45/><F45/><W108/><G108/><T80/><D80/><U73/><E73/><V55/><F55/><W84/><G54/><T19/><D5/><U50/><E50/><V34/><F34/><W39/><G39/><T127/><D127/><U85/><E91/><V87/><F13/><W83/><G98/><T29/><AGARI ba="1,1" hai="1,3,12,19,23,26,29,32,95,99,101" m="43626" machi="29" ten="30,3000,0" yaku="15,1,52,1" doraHai="88" who="0" fromWho="0" sc="423,43,113,-11,188,-11,266,-11" /><INIT seed="4,2,0,1,3,123" ten="466,102,177,255" oya="0" hai0="35,104,11,25,49,16,62,65,17,76,89,112,43" hai1="26,38,4,91,18,1,48,27,109,113,115,78,128" hai2="131,102,81,68,42,47,92,15,61,110,5,44,134" hai3="39,31,75,77,58,32,54,85,87,90,106,135,50"/><T28/><D112/><N who="1" m="43083" /><E38/><V7/><F134/><W55/><G39/><T13/><D104/><U103/><E103/><V66/><F131/><W74/><G106/><T88/><D76/><U99/><E78/><V14/><F110/><W94/><G135/><T36/><D36/><U124/><E48/><V8/><F81/><W0/><G0/><T86/><D17/><U133/><E133/><V6/><F42/><W125/><G125/><T73/><D73/><U22/><E91/><V34/><F34/><W41/><G41/><T98/><D98/><U95/><E95/><V56/><F68/><W40/><G40/><T60/><D60/><U108/><E99/><N who="2" m="59751" /><F14/><W29/><G32/><T3/><D86/><U118/><E118/><V130/><F130/><W45/><G75/><T96/><D96/><U53/><E53/><V84/><F84/><W63/><REACH who="3" step="1"/><G74/><REACH who="3" ten="466,102,177,245" step="2"/><T105/><D105/><U83/><E128/><V80/><F80/><AGARI ba="2,1" hai="29,31,45,50,54,55,58,63,77,80,85,87,90,94" machi="80" ten="40,5200,0" yaku="1,1,2,1,8,1,53,0" doraHai="123" doraHaiUra="126" who="3" fromWho="2" sc="466,0,102,0,177,-58,245,68" /><INIT seed="5,0,0,2,0,118" ten="466,102,119,313" oya="1" hai0="88,45,47,63,30,28,76,130,97,124,119,59,42" hai1="112,16,18,117,68,43,61,70,6,40,80,111,32" hai2="71,129,125,66,41,52,86,99,121,75,49,7,3" hai3="127,108,51,90,132,56,85,123,20,60,2,113,29"/><U37/><E117/><V39/><F75/><W95/><G108/><T46/><D119/><U102/><E32/><V82/><F129/><W78/><G2/><T19/><D130/><U53/><E112/><V64/><F125/><W1/><G1/><T34/><D124/><U38/><E6/><V131/><F131/><W25/><G127/><T98/><D76/><U74/><E102/><V77/><F121/><W109/><G109/><T5/><D5/><U15/><E111/><V84/><F99/><W36/><G36/><T83/><D42/><U72/><E15/><V79/><F39/><W12/><G113/><T126/><D19/><U94/><E94/><V116/><F41/><W96/><G132/><T135/><D135/><U22/><E22/><V73/><F116/><W13/><G123/><T65/><D126/><U91/><E61/><V103/><F103/><W21/><G51/><T9/><D9/><U27/><E91/><V120/><F120/><W89/><G21/><T11/><D11/><U24/><REACH who="1" step="1"/><E53/><REACH who="1" ten="466,92,119,313" step="2"/><V4/><F52/><N who="3" m="33799" /><G78/><T50/><D34/><U10/><E10/><V48/><F3/><W101/><G101/><T133/><D133/><U93/><E93/><AGARI ba="0,1" hai="12,13,20,25,29,85,89,90,93,95,96" m="33799" machi="93" ten="30,2000,0" yaku="8,1,54,1" doraHai="118" who="3" fromWho="1" sc="466,0,92,-20,119,0,313,30" /><INIT seed="6,0,0,0,3,47" ten="466,72,119,343" oya="2" hai0="96,5,113,38,128,83,85,131,33,72,39,12,41" hai1="112,28,45,65,8,70,84,1,119,130,109,94,63" hai2="21,23,55,26,64,13,123,78,121,95,87,40,48" hai3="16,100,3,93,101,4,25,90,46,82,37,36,56"/><V71/><F40/><W66/><G82/><T44/><D33/><U52/><E109/><V67/><F13/><W106/><G106/><T32/><D32/><U110/><E110/><V120/><F71/><W17/><G4/><T97/><D39/><U58/><E119/><V108/><F108/><W31/><G3/><T51/><D72/><U54/><E112/><V62/><F62/><W60/><G37/><T133/><D133/><U111/><E111/><V18/><F23/><N who="3" m="15807" /><G36/><T134/><D134/><U77/><E130/><N who="0" m="49705" /><D113/><U104/><E104/><V118/><F118/><W49/><G100/><T24/><D24/><U57/><E28/><V69/><F69/><W86/><G101/><T20/><D38/><U126/><E126/><V114/><F114/><W59/><G59/><T102/><D102/><U132/><E132/><V7/><F7/><W76/><G76/><N who="0" m="46311" /><D20/><U116/><E116/><V27/><F27/><W117/><G117/><T79/><D79/><U122/><E122/><V115/><F115/><W74/><G74/><T129/><D129/><U9/><E77/><V81/><REACH who="2" step="1"/><F95/><REACH who="2" ten="466,72,109,343" step="2"/><W92/><G93/><T50/><D5/><U43/><E1/><V11/><F11/><W73/><G73/><T98/><D12/><U68/><E68/><V135/><F135/><W107/><G107/><T127/><D127/><U29/><E8/><V91/><F91/><W0/><G0/><T35/><D35/><U19/><E9/><V6/><F6/><W80/><G92/><T30/><D30/><U10/><E29/><V99/><F99/><W61/><G61/><T22/><D22/><RYUUKYOKU ba="0,1" sc="466,10,72,-30,109,10,343,10" hai0="41,44,50,51,96,97,98" hai2="18,21,26,48,55,64,67,78,81,87,120,121,123" hai3="16,17,46,49,56,60,66,80,86,90" /><INIT seed="6,1,1,5,4,64" ten="476,42,119,353" oya="2" hai0="84,106,60,78,95,104,23,68,130,40,65,82,93" hai1="62,126,11,99,42,77,0,31,28,76,85,17,69" hai2="25,49,6,71,81,125,70,48,55,41,103,119,50" hai3="12,45,56,117,114,133,94,89,47,92,110,74,24"/><V132/><F119/><W46/><G117/><T127/><D130/><U16/><E126/><V21/><F125/><W115/><G110/><T30/><D127/><U14/><E0/><V13/><F132/><W109/><G109/><T124/><D124/><U5/><E99/><V43/><F103/><W97/><G74/><T101/><D40/><U36/><E36/><V58/><F81/><W9/><G133/><T3/><D3/><U67/><E42/><V37/><F43/><W72/><G72/><T87/><D87/><U53/><E53/><V66/><F37/><W111/><G111/><T129/><D129/><U63/><E63/><V7/><F66/><W96/><G56/><T83/><D83/><U1/><E17/><V116/><F116/><W86/><G24/><T34/><D23/><U18/><E18/><V26/><F26/><W90/><REACH who="3" step="1"/><G86/><REACH who="3" ten="476,42,119,343" step="2"/><T107/><D84/><U75/><E75/><V19/><F25/><W27/><G27/><T122/><D122/><U131/><E131/><V128/><F128/><W121/><G121/><T123/><D123/><U52/><E85/><V118/><F118/><W10/><G10/><T2/><D82/><U20/><REACH who="1" step="1"/><E52/><REACH who="1" ten="476,32,119,343" step="2"/><V88/><F55/><W100/><G100/><T134/><D101/><U113/><E113/><V102/><F102/><W108/><G108/><T4/><D134/><U91/><E91/><V44/><F88/><W22/><G22/><T98/><D98/><U59/><E59/><V73/><F58/><W8/><G8/><T61/><D106/><U32/><E32/><V29/><F73/><W80/><G80/><RYUUKYOKU ba="1,3" sc="476,-15,32,15,119,-15,343,15" hai1="1,5,11,14,16,20,28,31,62,67,69,76,77" hai3="9,12,45,46,47,89,90,92,94,96,97,114,115" /><INIT seed="7,2,3,0,3,12" ten="461,47,104,358" oya="3" hai0="110,95,67,30,87,73,42,31,34,44,74,20,117" hai1="52,81,57,48,77,135,5,130,107,45,33,21,88" hai2="2,118,55,86,96,82,0,85,53,90,43,125,46" hai3="62,79,8,108,10,83,71,116,78,1,58,133,54"/><W18/><G116/><T104/><D110/><U66/><E33/><V39/><F118/><W7/><G133/><T105/><D117/><U36/><E107/><V49/><F125/><W22/><G108/><T9/><D95/><U93/><E135/><V102/><F86/><W63/><G10/><T98/><D87/><N who="1" m="48559" /><E36/><V121/><F121/><W50/><G71/><T126/><D20/><U40/><E130/><V51/><F39/><W112/><G112/><T29/><D34/><U115/><E115/><V60/><F60/><W129/><G129/><T119/><D9/><U103/><E5/><V3/><REACH who="2" step="1"/><F51/><REACH who="2" ten="461,47,94,358" step="2"/><W6/><G79/><T101/><D126/><U61/><E21/><V13/><F13/><W106/><G106/><AGARI ba="2,4" hai="0,2,3,43,46,49,53,55,82,85,90,96,102,106" machi="106" ten="40,2600,0" yaku="1,1,53,1" doraHai="12" doraHaiUra="92" who="2" fromWho="3" sc="461,0,47,0,94,72,358,-32" owari="461,56.1,47,-45.3,166,-23.4,326,12.6" /></mjloggm>