<mjloggm ver="2.3"><GO type="169" lobby="0"/><UN n0="%E2%97%8E%E3%82%88%E3%81%97%E2%97%8E" n1="%31%32%33%35%37%38%35" n2="%74%73%75%6B%69%31" n3="%E5%8B%98%E5%BC%81%E3%81%97%E3%81%A6%E3%82%88" dan="17,16,16,17" rate="2180.03,2051.41,2207.33,2221.60" sx="M,M,M,M"/><TAIKYOKU oya="0"/><INIT seed="0,0,0,5,2,74" ten="250,250,250,250" oya="0" hai0="132,58,119,73,14,82,39,57,103,84,63,123,109" hai1="26,122,19,11,17,66,116,10,92,44,30,29,43" hai2="7,21,22,51,1,76,16,12,125,50,121,68,94" hai3="64,86,88,118,13,95,35,115,90,62,131,89,46"/><T104/><D123/><U78/><E122/><V105/><F105/><W117/><G35/><T59/><D119/><U129/><E66/><V85/><F68/><W67/><G115/><T113/><D113/><U72/><E116/><V49/><F121/><W0/><G0/><T37/><D132/><U38/><E92/><V71/><F71/><W31/><G131/><T5/><D73/><U79/><E72/><V81/><F125/><W102/><G31/><T69/><D109/><U4/><E30/><V48/><F1/><W41/><G67/><T96/><D69/><U9/><E4/><V70/><F70/><W107/><G107/><T32/><D32/><U106/><E106/><V33/><F33/><W100/><G100/><T60/><D5/><U2/><E2/><V101/><F7/><W61/><G117/><T42/><D14/><U34/><REACH who="1" step="1"/><E129/><REACH who="1" ten="250,240,250,250" step="2"/><V127/><F127/><W97/><G64/><T52/><D42/><U110/><E110/><V23/><N who="2" m="12288" /><DORA hai="36" /><V87/><REACH who="2" step="1"/><F85/><REACH who="2" ten="250,240,240,250" step="2"/><W47/><G118/><T54/><REACH who="0" step="1"/><D59/><REACH who="0" ten="240,240,240,250" step="2"/><U128/><E128/><V130/><F130/><W20/><G46/><T75/><D75/><U65/><E65/><V25/><F25/><W77/><G47/><T80/><D80/><U55/><E55/><V114/><F114/><W135/><G41/><T3/><D3/><U40/><E40/><V56/><F56/><W134/><G134/><T124/><D124/><U108/><E108/><V91/><F91/><AGARI ba="0,3" hai="37,39,52,54,57,58,60,63,82,84,91,96,103,104" machi="91" ten="30,12000,1" yaku="1,1,7,1,9,1,54,1,53,1" doraHai="74,36" doraHaiUra="99,24" who="0" fromWho="2" sc="240,150,240,0,240,-120,250,0" /><INIT seed="0,1,0,5,3,110" ten="390,240,120,250" oya="0" hai0="56,103,99,131,69,2,51,77,96,72,42,47,111" hai1="126,74,28,88,101,34,113,117,25,120,7,132,37" hai2="81,115,116,75,4,70,79,41,67,32,0,98,57" hai3="119,123,54,29,59,6,121,95,106,55,52,87,86"/><T8/><D131/><U128/><RYUUKYOKU type="yao9" ba="1,0" sc="390,0,240,0,120,0,250,0" hai1="7,25,28,34,37,74,88,101,113,117,120,126,128,132" /><INIT seed="0,2,0,0,2,40" ten="390,240,120,250" oya="0" hai0="14,13,116,53,64,115,37,73,90,135,24,32,103" hai1="120,28,129,72,76,25,98,1,126,33,86,21,80" hai2="128,8,27,38,3,89,57,106,127,67,55,63,18" hai3="36,102,132,78,58,92,41,12,91,93,71,87,124"/><T118/><D115/><U61/><E120/><V70/><F106/><W62/><G71/><T133/><D73/><U47/><E1/><V16/><F38/><W48/><G36/><T15/><D64/><U109/><E109/><V75/><BYE who="1" /><F75/><W29/><G124/><T5/><D103/><U49/><E49/><V65/><F127/><W54/><G132/><N who="0" m="50763" /><D90/><U107/><E107/><V81/><F128/><W100/><G29/><N who="0" m="19495" /><D37/><U83/><E83/><V56/><F70/><W7/><G78/><T6/><D53/><U85/><E85/><UN n1="%31%32%33%35%37%38%35" /><V60/><F55/><W94/><G102/><T10/><D6/><U114/><E114/><V131/><F131/><W84/><G100/><T104/><D104/><U110/><E110/><V112/><F112/><W119/><G119/><AGARI ba="2,0" hai="5,10,13,14,15,116,118,119" m="19495,50763" machi="119" ten="30,5800,0" yaku="20,1,34,2" doraHai="40" who="0" fromWho="3" sc="390,64,240,0,120,0,250,-64" /><INIT seed="0,3,0,5,2,132" ten="454,240,120,186" oya="0" hai0="102,14,114,15,111,113,49,70,75,56,105,57,84" hai1="134,47,88,62,36,11,51,65,10,116,127,78,13" hai2="30,40,97,2,54,104,89,96,46,115,95,123,52" hai3="79,64,5,29,38,85,31,68,16,129,26,76,20"/><T69/><D75/><U58/><E116/><V128/><F115/><N who="0" m="44042" /><D84/><U93/><E134/><V24/><F123/><W119/><G119/><T107/><D102/><U33/><E33/><V25/><F2/><W61/><G129/><T67/><D67/><U12/><E127/><V98/><F128/><W86/><G38/><T91/><D49/><U117/><E36/><V122/><F122/><W0/><G86/><T53/><D53/><U8/><E78/><V48/><F24/><W55/><G0/><T34/><D91/><U45/><E45/><V39/><F104/><N who="0" m="40010" /><D34/><U126/><E126/><V63/><F63/><W82/><G5/><T4/><D4/><U43/><REACH who="1" step="1"/><E117/><REACH who="1" ten="454,230,120,186" step="2"/><V59/><REACH who="2" step="1"/><F54/><REACH who="2" ten="454,230,110,186" step="2"/><W92/><G55/><T42/><D42/><U131/><E131/><V60/><F60/><W121/><G121/><T17/><D111/><U21/><E21/><AGARI ba="3,2" hai="21,25,30,39,40,46,48,52,59,89,95,96,97,98" machi="21" ten="30,3900,0" yaku="1,1,7,1,54,1,53,0" doraHai="132" doraHaiUra="1" who="2" fromWho="1" sc="454,0,230,-48,110,68,186,0" /><INIT seed="1,0,0,5,3,43" ten="454,182,178,186" oya="1" hai0="63,62,24,94,80,125,6,60,131,16,77,15,31" hai1="47,124,13,70,89,100,23,101,66,69,17,10,41" hai2="116,74,8,67,65,86,58,87,40,105,132,36,26" hai3="127,18,32,102,82,115,98,48,118,84,122,46,108"/><U51/><E124/><V0/><F74/><W120/><G32/><T117/><D131/><U34/><E34/><V78/><F105/><W57/><G115/><T45/><D117/><U128/><E128/><V25/><F116/><W121/><G108/><T1/><D94/><U103/><E66/><V112/><F112/><W33/><G33/><T123/><D123/><U129/><E129/><V19/><F67/><W76/><G118/><T109/><D109/><U73/><E73/><V81/><F132/><W9/><G127/><T119/><D6/><U2/><E2/><V22/><F87/><W111/><G111/><T130/><D1/><U11/><REACH who="1" step="1"/><E89/><REACH who="1" ten="454,172,178,186" step="2"/><V54/><F65/><W114/><G114/><T3/><D3/><U28/><E28/><V134/><F0/><W83/><G121/><T91/><D91/><U4/><E4/><V35/><F35/><W49/><G122/><T75/><D125/><U113/><E113/><V20/><F134/><W61/><G120/><T99/><D31/><U5/><E5/><V55/><F19/><W71/><G18/><T85/><D75/><U106/><E106/><V29/><F29/><W53/><G71/><AGARI ba="0,1" hai="10,11,13,17,23,41,47,51,69,70,71,100,101,103" machi="71" ten="40,3900,0" yaku="1,1,52,1,53,0" doraHai="43" doraHaiUra="93" who="1" fromWho="3" sc="454,0,172,49,178,0,186,-39" /><INIT seed="1,1,0,5,2,7" ten="454,221,178,147" oya="1" hai0="101,118,97,125,19,96,9,6,107,29,41,75,51" hai1="23,68,22,25,83,11,74,99,3,71,60,55,88" hai2="122,63,120,26,44,131,4,112,67,0,76,98,117" hai3="86,133,108,69,42,128,100,39,12,56,20,36,105"/><U73/><E23/><V95/><F117/><W28/><G69/><T114/><D75/><U13/><E3/><V40/><F131/><W17/><G108/><T94/><D114/><U37/><E37/><V49/><F76/><W57/><G128/><T5/><D29/><U32/><E32/><V33/><F112/><W81/><G133/><T35/><D125/><U78/><E73/><V27/><F33/><W48/><G28/><T113/><D35/><U79/><E79/><V91/><F122/><W135/><G135/><T119/><D113/><U61/><E68/><V121/><F121/><W127/><G127/><T93/><D107/><U110/><E55/><V72/><F72/><W77/><G39/><T21/><D6/><U30/><E71/><V38/><F38/><W111/><G111/><T92/><D92/><U24/><E24/><V103/><F103/><W10/><G36/><T124/><D51/><U65/><E65/><V87/><F98/><W16/><G100/><T1/><D41/><U89/><E89/><V46/><F120/><W126/><G105/><T34/><D34/><U54/><E54/><V45/><F27/><N who="3" m="14727" /><G126/><T47/><D47/><AGARI ba="1,0" hai="10,12,17,42,47,48,56,57,77,81,86" m="14727" machi="47" ten="30,3900,0" yaku="8,1,52,1,54,1" doraHai="7" who="3" fromWho="0" sc="454,-42,221,0,178,0,147,42" /><INIT seed="2,0,0,5,4,131" ten="412,221,178,189" oya="2" hai0="109,38,25,18,80,67,115,98,26,101,108,60,97" hai1="35,8,74,122,135,78,55,77,63,107,120,86,40" hai2="103,5,130,105,3,93,10,11,12,102,99,57,113" hai3="52,15,119,81,9,46,43,16,96,47,32,87,33"/><V6/><F113/><W127/><G119/><T59/><D115/><U75/><E35/><V0/><F130/><W4/><G127/><T20/><D38/><U68/><E40/><V54/><F12/><W42/><G96/><T126/><D126/><U34/><E34/><V66/><F66/><W95/><G95/><T125/><D125/><U116/><E8/><V23/><F23/><W36/><G4/><T114/><D114/><U44/><E107/><V39/><F39/><W94/><G94/><N who="0" m="58551" /><D80/><U91/><E68/><V50/><REACH who="2" step="1"/><F105/><REACH who="2" ten="412,221,168,189" step="2"/><W56/><G33/><T70/><D20/><U73/><E120/><V49/><F49/><W89/><G32/><T29/><D67/><U85/><E122/><V129/><F129/><W117/><G117/><T24/><D24/><U111/><E116/><V128/><F128/><W13/><G13/><T17/><D26/><U88/><E63/><V90/><AGARI ba="0,1" hai="0,3,5,6,10,11,50,54,57,90,93,99,102,103" machi="90" ten="20,12000,1" yaku="1,1,0,1,7,1,9,1,53,1" doraHai="131" doraHaiUra="53" who="2" fromWho="2" sc="412,-40,221,-40,168,130,189,-40" /><INIT seed="2,1,0,2,4,65" ten="372,181,298,149" oya="2" hai0="105,43,28,29,64,52,40,75,91,22,112,15,100" hai1="34,24,131,80,94,89,11,95,133,17,69,77,3" hai2="26,101,39,45,23,47,73,132,108,0,125,53,9" hai3="56,14,60,33,25,116,85,88,31,92,36,4,59"/><V109/><F73/><W83/><G116/><T111/><D75/><U78/><E133/><V48/><F132/><W44/><G36/><T61/><D112/><U30/><E131/><V27/><F101/><W76/><G44/><T49/><D91/><U82/><E3/><V12/><F0/><W97/><G4/><T57/><D111/><N who="2" m="42570" /><F125/><W70/><G14/><T98/><D15/><U79/><E11/><V115/><F115/><W81/><G81/><T110/><D110/><U19/><E89/><V87/><F87/><W20/><G33/><T10/><D10/><U113/><E79/><V5/><F23/><W130/><G130/><T66/><D66/><U114/><E34/><V55/><F53/><W86/><REACH who="3" step="1"/><G86/><REACH who="3" ten="372,181,298,139" step="2"/><T121/><D121/><U62/><E80/><V120/><F120/><W51/><G51/><T2/><D2/><U72/><E113/><V104/><F104/><W46/><G46/><T37/><D37/><U13/><E114/><V119/><F119/><W135/><G135/><T99/><D105/><U6/><E82/><V41/><AGARI ba="1,1" hai="5,9,12,26,27,39,41,45,47,48,55" m="42570" machi="41" ten="30,3000,0" yaku="14,1,10,1" doraHai="65" who="2" fromWho="2" sc="372,-11,181,-11,298,43,139,-11" /><INIT seed="2,2,0,4,2,72" ten="361,170,341,128" oya="2" hai0="94,31,23,43,132,32,46,58,63,14,52,110,74" hai1="20,113,39,91,133,120,84,44,117,119,96,10,50" hai2="86,114,82,16,34,70,41,36,115,29,102,40,30" hai3="67,27,54,68,53,17,59,66,116,4,124,134,107"/><V38/><F70/><W81/><G107/><T87/><D110/><U128/><E113/><V130/><F102/><W109/><G4/><T1/><D132/><U69/><E69/><V73/><F73/><W2/><G2/><T33/><D1/><U62/><E39/><V131/><F34/><W37/><G116/><T98/><D74/><U106/><E128/><V123/><F123/><W80/><G27/><T35/><D87/><U26/><E62/><V9/><F86/><W45/><G17/><T12/><D23/><U93/><E10/><V3/><F3/><W75/><G75/><T49/><REACH who="0" step="1"/><D31/><REACH who="0" ten="351,170,341,128" step="2"/><U56/><E133/><V5/><F9/><W6/><G134/><T19/><D19/><U85/><E120/><V65/><F16/><W135/><G135/><T99/><D99/><U122/><E122/><V57/><F5/><W22/><G6/><T100/><AGARI ba="2,1" hai="12,14,32,33,35,43,46,49,52,58,63,94,98,100" machi="100" ten="30,4000,0" yaku="1,1,0,1,54,1,53,0" doraHai="72" doraHaiUra="60" who="0" fromWho="0" sc="351,56,170,-12,341,-22,128,-12" /><INIT seed="3,0,0,4,2,83" ten="407,158,319,116" oya="3" hai0="131,100,31,110,1,74,27,54,68,16,0,41,85" hai1="22,60,128,122,34,7,113,81,99,53,102,11,127" hai2="92,67,36,94,116,135,51,5,129,3,21,125,77" hai3="107,84,105,17,134,132,130,82,47,49,119,106,8"/><W104/><N who="3" m="26624" /><DORA hai="33" /><W15/><G119/><T2/><D74/><U89/><E34/><V12/><F36/><W63/><G63/><T109/><D68/><U61/><E122/><V18/><F116/><W23/><G130/><T50/><D131/><U87/><E113/><V73/><F129/><W46/><G23/><N who="0" m="13799" /><D41/><U95/><E127/><V44/><F67/><W98/><G98/><T6/><D100/><U86/><E22/><V10/><F135/><N who="3" m="51755" /><G49/><T57/><D31/><U111/><E111/><N who="0" m="42505" /><D85/><N who="1" m="50351" /><E128/><V65/><F125/><W115/><G115/><T80/><D80/><U75/><E75/><V114/><F114/><W45/><G46/><T32/><D32/><U70/><E70/><V38/><F38/><W55/><G55/><T66/><D66/><U71/><E71/><V79/><F65/><W72/><G72/><T97/><D97/><U90/><E102/><V25/><F73/><W39/><G39/><T118/><D118/><U69/><E69/><V59/><F44/><W28/><G28/><T52/><D54/><U9/><E61/><V112/><F112/><W78/><AGARI ba="0,0" hai="8,15,17,45,47,78,82,84" m="51755,26624" machi="78" ten="60,6000,0" yaku="20,1,52,1" doraHai="83,33" who="3" fromWho="3" sc="407,-20,158,-20,319,-20,116,60" /><INIT seed="3,1,0,0,3,109" ten="387,138,299,176" oya="3" hai0="114,28,74,121,108,17,104,61,75,97,35,9,82" hai1="85,16,54,68,6,4,45,63,19,48,135,21,99" hai2="10,113,133,51,83,29,71,36,132,0,14,123,18" hai3="46,40,69,98,55,80,84,88,110,116,15,70,129"/><W78/><G116/><T8/><D108/><U125/><E125/><V12/><F36/><W39/><G110/><T90/><D121/><U127/><E127/><V95/><F71/><W102/><G129/><T93/><D104/><U87/><E135/><V38/><F38/><W103/><G55/><T106/><D106/><U73/><E73/><V100/><F123/><W81/><G15/><T131/><D131/><U118/><E99/><V58/><F0/><W3/><G3/><T119/><D28/><U76/><E19/><V59/><F29/><W62/><G62/><T24/><D35/><U37/><E37/><V52/><F113/><W120/><G103/><T134/><D114/><U20/><E20/><V50/><F83/><W92/><REACH who="3" step="1"/><G120/><REACH who="3" ten="387,138,299,166" step="2"/><T60/><D60/><U86/><E118/><V101/><F12/><W128/><G128/><T43/><D61/><U126/><E126/><V89/><F133/><W96/><G96/><T49/><D97/><U124/><E124/><V91/><F132/><W117/><G117/><T56/><D119/><U26/><REACH who="1" step="1"/><E76/><REACH who="1" ten="387,128,299,166" step="2"/><V77/><F77/><W64/><G64/><AGARI ba="1,2" hai="4,6,16,21,26,45,48,54,63,64,68,85,86,87" machi="64" ten="40,5200,0" yaku="1,1,2,1,54,1,53,0" doraHai="109" doraHaiUra="105" who="1" fromWho="3" sc="387,0,128,75,299,0,166,-55" /><INIT seed="4,0,0,5,3,72" ten="387,203,299,111" oya="0" hai0="59,123,117,60,48,107,15,69,101,73,103,19,1" hai1="38,70,133,126,35,53,65,74,30,21,113,116,50" hai2="64,2,5,131,75,96,118,84,120,32,42,24,34" hai3="85,88,3,100,78,7,106,128,10,104,87,46,83"/><T90/><D117/><U25/><E116/><V56/><F75/><W20/><G128/><T4/><D73/><U81/><E38/><V124/><F120/><W86/><G86/><T14/><D1/><U28/><E126/><V29/><F118/><W6/><G6/><T105/><D69/><U40/><E40/><V122/><F122/><W18/><G46/><T102/><D48/><U36/><E36/><V82/><F42/><W108/><G100/><T99/><D4/><U41/><E133/><V52/><F64/><W43/><G43/><T54/><D15/><U47/><E113/><V95/><F131/><W94/><REACH who="3" step="1"/><G108/><REACH who="3" ten="387,203,299,101" step="2"/><T44/><D123/><U63/><E41/><V66/><F5/><W92/><G92/><T93/><D44/><U89/><E74/><V61/><F124/><W17/><G17/><T130/><D130/><U0/><E0/><V45/><F2/><W9/><G9/><T119/><D119/><U68/><E30/><V71/><F29/><W37/><G37/><T91/><D91/><U111/><E111/><V8/><F45/><W97/><G97/><T129/><D129/><U109/><E109/><V57/><F8/><W112/><G112/><T135/><D135/><U62/><E89/><V132/><F132/><W77/><G77/><T134/><D134/><U79/><E79/><N who="2" m="46175" /><F95/><W115/><G115/><T23/><AGARI ba="0,1" hai="14,19,23,54,59,60,90,93,99,101,102,103,105,107" machi="23" ten="30,1500,0" yaku="0,1" doraHai="72" who="0" fromWho="0" sc="387,25,203,-5,299,-5,101,-5" /><INIT seed="4,1,0,3,4,121" ten="412,198,294,96" oya="0" hai0="9,13,110,18,12,38,72,99,111,78,49,123,26" hai1="42,10,120,60,28,81,132,17,62,82,80,125,94" hai2="90,50,118,70,1,39,21,2,55,104,127,7,20" hai3="109,47,34,57,76,14,68,69,86,105,37,65,91"/><T3/><D123/><U63/><E120/><V85/><F70/><W113/><G105/><T97/><D38/><U56/><E132/><V24/><F39/><W54/><G34/><T15/><D78/><U117/><E117/><V40/><F40/><W48/><G113/><T102/><D72/><U106/><E106/><V114/><F104/><W23/><G76/><T128/><D128/><U103/><E125/><V25/><F114/><W75/><G75/><T74/><D74/><U83/><E28/><V51/><F51/><W33/><G33/><T112/><D112/><U131/><E42/><V30/><F7/><W119/><G119/><T89/><D89/><U93/><E80/><V71/><F71/><W35/><G35/><T77/><D77/><U61/><E103/><V92/><F127/><W0/><G0/><T129/><D49/><U124/><E131/><V88/><F90/><W52/><G109/><N who="0" m="41483" /><D129/><U58/><E124/><V44/><F118/><W27/><G37/><T36/><D36/><U84/><E63/><V43/><F43/><W6/><G68/><T116/><D116/><U31/><E31/><AGARI ba="1,0" hai="1,2,20,21,24,25,30,31,44,50,55,85,88,92" machi="31" ten="30,3900,0" yaku="7,1,9,1,54,1" doraHai="121" who="2" fromWho="1" sc="412,0,198,-42,294,42,96,0" /><INIT seed="5,0,0,3,5,119" ten="412,156,336,96" oya="1" hai0="126,25,91,70,19,58,51,36,125,0,57,2,85" hai1="92,73,134,127,133,15,135,4,108,72,24,89,113" hai2="32,39,54,29,7,65,90,98,117,26,45,120,59" hai3="130,95,30,12,13,47,83,61,80,69,23,63,21"/><U18/><E113/><V40/><F117/><W97/><G69/><T9/><D36/><U16/><E127/><N who="0" m="48649" /><D70/><U34/><E108/><V33/><F7/><W55/><G130/><T44/><D25/><U82/><E4/><V78/><F78/><W75/><G75/><N who="1" m="28746" /><E82/><V11/><F11/><W76/><G76/><T112/><D112/><U121/><E15/><V52/><F120/><W110/><G110/><T68/><D68/><U50/><E50/><V35/><F65/><W41/><G83/><N who="0" m="49599" /><D19/><U88/><E89/><V100/><F90/><W6/><G80/><T116/><D116/><U79/><E79/><V37/><F37/><W101/><G30/><T27/><D27/><U46/><E46/><V74/><F74/><W105/><G105/><T43/><D9/><U77/><E121/><V87/><F87/><W8/><G13/><T129/><D129/><U104/><E104/><V14/><F14/><W131/><G131/><T118/><D118/><U107/><E107/><V60/><REACH who="2" step="1"/><F54/><REACH who="2" ten="412,156,326,96" step="2"/><W103/><G103/><T71/><D71/><U10/><E10/><V5/><F5/><W106/><G55/><T128/><D128/><U114/><E77/><V53/><F53/><W38/><G38/><T17/><D0/><U94/><E114/><V122/><BYE who="3" /><F122/><W49/><G49/><T81/><D2/><U115/><E115/><V132/><F132/><W1/><G1/><T31/><D51/><U20/><E88/><V124/><F124/><W64/><G64/><T99/><D44/><UN n3="%E5%8B%98%E5%BC%81%E3%81%97%E3%81%A6%E3%82%88" /><U56/><E134/><V28/><F28/><W66/><G66/><T111/><D31/><RYUUKYOKU ba="0,1" sc="412,-10,156,-10,326,30,96,-10" hai2="26,29,32,33,35,39,40,45,52,59,60,98,100" /><INIT seed="6,1,1,3,5,34" ten="402,146,356,86" oya="2" hai0="77,31,25,71,82,112,88,122,11,56,16,79,135" hai1="84,49,45,119,127,85,75,105,76,118,62,60,19" hai2="133,32,55,70,63,29,57,131,65,2,36,59,68" hai3="41,58,22,38,0,67,51,123,1,37,99,101,64"/><V40/><F32/><W104/><G123/><T115/><D71/><N who="2" m="27178" /><F29/><W72/><G64/><T74/><D122/><U81/><E105/><V126/><F2/><W93/><G72/><T13/><D135/><U92/><E127/><V87/><F87/><W117/><G117/><T111/><D111/><U23/><E75/><V30/><F30/><W12/><G104/><T21/><D56/><U109/><E109/><V6/><F6/><W54/><G67/><T89/><REACH who="0" step="1"/><D79/><REACH who="0" ten="392,146,356,86" step="2"/><U61/><E118/><V20/><F133/><W8/><G22/><T14/><D14/><U78/><E119/><V102/><F20/><W24/><G24/><T33/><D33/><U110/><E110/><V35/><F35/><W69/><G69/><T86/><D86/><U125/><E125/><V66/><F126/><W134/><G134/><T52/><D52/><N who="1" m="29743" /><E78/><V17/><F59/><W95/><G41/><T15/><D15/><N who="1" m="9727" /><E60/><V9/><F40/><W132/><G132/><T47/><D47/><U4/><E61/><V130/><F36/><W50/><G50/><T107/><D107/><U43/><E62/><V97/><F66/><W7/><REACH who="3" step="1"/><G95/><REACH who="3" ten="392,146,356,76" step="2"/><T27/><D27/><U103/><E43/><V94/><F65/><W100/><G100/><T124/><D124/><U3/><E103/><V113/><F102/><W73/><G73/><T48/><D48/><U128/><E92/><V98/><F94/><W121/><G121/><T10/><D10/><N who="1" m="2335" /><E84/><V80/><F63/><W114/><G114/><AGARI ba="1,3" hai="11,13,16,21,25,31,74,77,82,88,89,112,114,115" machi="114" ten="40,8000,1" yaku="1,1,15,1,54,2,53,0" doraHai="34" doraHaiUra="90" who="0" fromWho="3" sc="392,113,146,0,356,0,76,-83" owari="505,60.5,146,-25.4,356,15.6,-7,-50.7" /></mjloggm>