<mjloggm ver="2.3"><GO type="169" lobby="0"/><UN n0="%48%61%6C%66%73" n1="%E3%81%A8%E3%82%8D%E3%82%8D%E3%81%9D%E3%81%B0" n2="%E3%82%A2%E3%83%B3%E3%81%95%E3%82%93" n3="%E5%85%AD%E9%83%A8%E5%9C%AD" dan="17,17,18,16" rate="2135.99,2241.26,2229.99,2127.58" sx="M,M,M,M"/><TAIKYOKU oya="0"/><INIT seed="0,0,0,5,2,128" ten="250,250,250,250" oya="0" hai0="117,26,57,116,35,1,4,134,110,14,39,88,34" hai1="112,5,67,54,6,99,98,66,59,48,68,123,64" hai2="107,21,77,76,72,63,7,3,129,83,53,2,16" hai3="50,20,52,109,87,122,120,65,125,132,73,133,27"/><T131/><D131/><U124/><E123/><N who="3" m="47146" /><G73/><T119/><D39/><U49/><E124/><V71/><F129/><W40/><G125/><T0/><D57/><U69/><E112/><V42/><F107/><W130/><G130/><T17/><D110/><U15/><E15/><V32/><F32/><N who="0" m="12330" /><D88/><U61/><E99/><V43/><F77/><W102/><G109/><T62/><D62/><U13/><E98/><V86/><F72/><W47/><G65/><T33/><N who="0" m="12338" /><T81/><DORA hai="12" /><D81/><U51/><REACH who="1" step="1"/><E13/><REACH who="1" ten="250,240,250,250" step="2"/><V91/><F2/><W113/><G113/><T97/><D97/><U22/><E22/><V56/><F71/><AGARI ba="0,1" hai="5,6,48,49,51,54,59,61,64,66,67,68,69,71" machi="71" ten="50,8000,1" yaku="1,1,53,3" doraHai="128,12" doraHaiUra="114,60" who="1" fromWho="2" sc="250,0,240,90,250,-80,250,0" /><INIT seed="1,0,0,3,4,95" ten="250,330,170,250" oya="1" hai0="89,80,26,71,0,15,62,44,53,50,33,37,118" hai1="124,31,109,55,23,132,20,111,125,66,45,61,14" hai2="58,11,36,7,32,17,2,18,69,51,46,96,84" hai3="107,112,75,93,76,35,10,119,13,100,24,6,40"/><U127/><E132/><V59/><F69/><W116/><G112/><T12/><D0/><U88/><E31/><V106/><F32/><W63/><G107/><T126/><D118/><U101/><E101/><V57/><F36/><W77/><G40/><T115/><D126/><U1/><E1/><V42/><REACH who="2" step="1"/><F84/><REACH who="2" ten="250,330,160,250" step="2"/><W104/><G35/><T5/><D37/><U73/><E73/><V65/><F65/><W52/><G75/><T19/><D71/><U98/><E66/><V113/><F113/><W78/><G116/><T105/><D33/><U129/><E129/><V49/><F49/><W97/><G119/><T34/><D34/><U47/><E61/><V16/><F16/><W92/><REACH who="3" step="1"/><G24/><REACH who="3" ten="250,330,160,240" step="2"/><T25/><D26/><U30/><E127/><V68/><F68/><W67/><G67/><T102/><D25/><U54/><E125/><V114/><F114/><W130/><G130/><T22/><D115/><U94/><E124/><V60/><F60/><W134/><G134/><T117/><D62/><U135/><E135/><V120/><F120/><W9/><G9/><T74/><D74/><U28/><E23/><V128/><F128/><W103/><G103/><AGARI ba="0,2" hai="2,7,11,17,18,42,46,51,57,58,59,96,103,106" machi="103" ten="40,5200,0" yaku="1,1,52,1,53,1" doraHai="95" doraHaiUra="43" who="2" fromWho="3" sc="250,0,330,0,160,72,240,-52" /><INIT seed="2,0,0,0,3,113" ten="250,330,232,188" oya="2" hai0="39,40,125,26,115,79,43,9,112,105,57,13,74" hai1="135,104,102,16,4,2,21,118,7,58,121,100,14" hai2="27,96,106,76,103,37,69,61,101,34,89,119,124" hai3="107,128,38,28,78,65,47,87,5,62,1,12,123"/><V31/><F124/><W122/><G107/><T110/><D105/><U131/><E135/><V109/><F103/><W54/><G1/><T11/><D125/><U130/><E121/><V71/><F37/><W75/><G75/><T46/><D110/><U0/><E58/><V98/><F76/><W29/><G128/><N who="1" m="49194" /><E118/><V53/><F53/><W60/><G122/><T56/><D11/><N who="1" m="2439" /><E104/><V22/><F22/><W77/><G123/><T8/><D8/><AGARI ba="0,0" hai="2,7,8,14,16,21,100,102" m="2439,49194" machi="8" ten="30,2000,0" yaku="19,1,54,1" doraHai="113" who="1" fromWho="0" sc="250,-20,330,20,232,0,188,0" /><INIT seed="3,0,0,3,1,65" ten="230,350,232,188" oya="3" hai0="33,90,24,97,63,14,18,121,82,100,124,4,34" hai1="98,117,133,0,10,119,73,91,105,53,128,16,57" hai2="42,12,96,101,86,103,51,126,135,66,110,54,43" hai3="104,60,28,109,37,79,55,2,115,122,93,52,58"/><W29/><G104/><T46/><D121/><U130/><E73/><V131/><F110/><W87/><G122/><T102/><D124/><U62/><E133/><V78/><F126/><W27/><G115/><T44/><D4/><U127/><E127/><V84/><F131/><N who="1" m="50217" /><E0/><V11/><F135/><W64/><G2/><T75/><D100/><N who="1" m="62615" /><E91/><V77/><F66/><W1/><G1/><T35/><D24/><U45/><E45/><V125/><F125/><W70/><G37/><T7/><D7/><U31/><E31/><V15/><F51/><W13/><G109/><T5/><D5/><U6/><E6/><V56/><F96/><W50/><G13/><AGARI ba="0,0" hai="10,13,16,53,57,62,117,119" m="62615,50217" machi="13" ten="30,2000,0" yaku="19,1,54,1" doraHai="65" who="1" fromWho="3" sc="230,0,350,20,232,0,188,-20" /><INIT seed="4,0,0,5,2,7" ten="230,370,232,168" oya="0" hai0="35,81,70,39,60,79,113,19,32,64,129,105,98" hai1="122,83,56,26,42,71,75,92,77,120,27,96,106" hai2="91,112,62,29,102,131,101,118,104,84,124,108,88" hai3="74,28,128,78,36,76,61,99,2,85,49,41,44"/><T121/><D121/><U51/><E71/><V43/><F43/><W89/><G2/><T16/><D113/><U82/><E106/><V66/><F108/><W130/><G28/><T55/><D129/><N who="3" m="49769" /><G74/><T123/><D123/><U109/><E109/><V68/><F131/><W40/><G99/><T97/><D39/><U22/><E83/><V25/><F112/><W34/><G34/><T110/><D110/><U48/><E27/><V107/><F124/><W133/><G133/><T115/><D115/><U58/><E58/><V127/><F127/><W63/><G41/><T17/><D55/><U33/><E33/><V11/><F11/><W30/><G30/><T100/><REACH who="0" step="1"/><D98/><REACH who="0" ten="220,370,232,168" step="2"/><U65/><E122/><V116/><F118/><W69/><G36/><T134/><D134/><U59/><E120/><V45/><F116/><W24/><G24/><T52/><D52/><U72/><E42/><V3/><F25/><W80/><G63/><T37/><D37/><U117/><E117/><V46/><F62/><W90/><G61/><T132/><D132/><U18/><E65/><V125/><F125/><W15/><G40/><T23/><D23/><U126/><E126/><V21/><F21/><W10/><G49/><T119/><D119/><U114/><E114/><V94/><F66/><W93/><G69/><T111/><D111/><U20/><E20/><V31/><F68/><W103/><G44/><T57/><D57/><N who="1" m="22091" /><E51/><V13/><F46/><W9/><G103/><T8/><D8/><N who="3" m="3177" /><G15/><T1/><D1/><U53/><E48/><V6/><F102/><W67/><G67/><T14/><D14/><RYUUKYOKU ba="0,1" sc="220,15,370,-15,232,-15,168,15" hai0="16,17,19,32,35,60,64,70,79,81,97,100,105" hai3="76,78,80,85,89,90,93" /><INIT seed="4,1,1,3,4,69" ten="235,355,217,183" oya="0" hai0="115,129,71,109,121,78,102,97,105,126,8,57,56" hai1="89,30,99,82,47,65,95,113,32,48,132,33,11" hai2="103,10,68,45,67,26,2,133,64,53,36,21,124" hai3="19,91,54,16,73,25,51,49,42,85,83,66,4"/><T81/><D121/><U34/><E132/><V84/><F133/><W50/><G73/><T43/><D115/><U107/><E107/><V128/><F128/><W74/><G74/><T7/><D129/><U119/><E119/><V24/><F124/><W86/><G42/><T93/><D126/><U22/><E65/><V6/><F103/><W59/><G66/><T35/><D71/><U5/><E113/><V13/><F84/><W79/><G4/><T70/><D70/><U100/><E22/><V62/><F67/><W52/><G25/><T77/><D35/><U120/><E120/><V127/><F127/><W17/><G59/><T63/><D109/><U46/><E46/><V15/><F24/><W104/><G104/><T117/><D117/><U3/><E30/><V27/><F26/><W80/><AGARI ba="1,1" hai="16,17,19,49,50,51,52,54,79,80,83,85,86,91" machi="80" ten="40,8000,1" yaku="0,1,8,1,54,2" doraHai="69" who="3" fromWho="3" sc="235,-41,355,-21,217,-21,183,93" /><INIT seed="5,0,0,5,4,41" ten="194,334,196,276" oya="1" hai0="132,114,91,59,7,68,123,55,5,90,61,119,121" hai1="33,122,64,72,19,44,18,135,88,87,100,71,120" hai2="124,37,106,1,75,86,113,79,99,105,4,39,112" hai3="14,25,8,85,81,130,48,60,26,34,24,38,9"/><U126/><E72/><V57/><F1/><W80/><G38/><T50/><D114/><N who="2" m="44138" /><F4/><N who="0" m="1610" /><D119/><U12/><E33/><V117/><F117/><W69/><G34/><T17/><D132/><U77/><E135/><V83/><F57/><W32/><G32/><T108/><D108/><U15/><E77/><V23/><F23/><W94/><G130/><T46/><D68/><U70/><E100/><N who="2" m="62623" /><F106/><W62/><G94/><T74/><D74/><U53/><E71/><V63/><F63/><W67/><G62/><T30/><D30/><U56/><E70/><V116/><F116/><W20/><G20/><T0/><D0/><U42/><E64/><V95/><F124/><W128/><G128/><T84/><D84/><U82/><E126/><V16/><F16/><N who="1" m="6185" /><E122/><N who="0" m="46601" /><D17/><U47/><E120/><V131/><F131/><W65/><G85/><T35/><D35/><U58/><E58/><V54/><F54/><AGARI ba="0,0" hai="46,50,54,55,59,61,90,91" m="46601,1610" machi="54" ten="30,2000,0" yaku="13,1,52,1" doraHai="41" who="0" fromWho="2" sc="194,20,334,0,196,-20,276,0" /><INIT seed="6,0,0,0,3,16" ten="214,334,176,276" oya="2" hai0="119,105,39,124,107,95,85,67,58,62,116,36,128" hai1="15,93,35,46,41,131,77,111,82,22,26,32,61" hai2="96,102,25,37,33,30,50,11,43,73,74,76,57" hai3="123,4,106,0,122,75,18,113,7,51,99,60,21"/><V117/><F117/><N who="0" m="45130" /><D124/><U66/><E111/><V130/><F130/><W90/><G75/><T108/><D108/><U9/><E93/><V126/><F126/><W115/><G60/><T89/><D128/><U83/><E131/><V34/><F37/><AGARI ba="0,0" hai="36,37,39,58,62,67,85,89,95,105,107" m="45130" machi="37" ten="30,1000,0" yaku="12,1" doraHai="16" who="0" fromWho="2" sc="214,10,334,0,176,-10,276,0" /><INIT seed="7,0,0,0,0,112" ten="224,334,166,276" oya="3" hai0="48,59,35,26,127,108,98,46,50,10,111,130,134" hai1="71,21,80,45,52,29,34,122,14,118,99,67,119" hai2="19,104,132,12,25,73,11,30,93,68,63,78,76" hai3="32,87,133,100,39,114,97,24,82,107,117,126,55"/><W33/><G39/><T85/><D130/><U69/><E122/><V4/><F132/><W96/><G114/><T18/><D134/><U101/><E34/><V86/><F104/><W131/><G133/><T75/><D75/><U115/><E80/><V83/><F76/><W121/><G121/><T77/><D127/><U16/><E29/><V84/><F4/><W15/><G131/><T66/><D35/><U102/><E102/><V37/><F37/><W94/><G126/><T72/><D72/><U57/><E45/><V41/><F41/><W81/><G15/><T8/><D98/><U65/><E67/><V125/><F125/><W9/><G9/><T38/><D38/><U74/><E74/><V123/><F123/><W43/><G43/><T44/><D44/><U120/><E65/><V92/><F73/><W79/><G55/><N who="0" m="32247" /><D66/><U3/><E3/><V109/><F109/><W0/><G24/><T95/><D108/><U5/><E5/><V47/><F47/><W36/><G0/><T7/><D7/><U56/><E56/><V105/><F105/><W49/><G49/><T40/><D111/><U128/><E128/><V61/><F68/><W6/><G6/><T27/><D77/><U60/><E115/><V113/><F113/><W2/><G2/><T17/><D8/><U129/><E120/><V28/><F28/><W89/><G36/><T135/><D135/><U103/><E129/><V51/><F51/><W54/><G79/><T1/><D1/><U91/><E71/><V62/><F86/><W90/><G107/><T42/><D42/><U64/><E69/><RYUUKYOKU ba="0,0" sc="224,-10,334,-10,166,30,276,-10" hai2="11,12,19,25,30,61,62,63,78,83,84,92,93" owari="214,-18.6,324,42.4,196,-30.4,266,6.6" /></mjloggm>