<mjloggm ver="2.3"><GO type="169" lobby="0"/><UN n0="%E5%85%83%E3%82%AB%E3%83%8E%E7%B3%BB%E3%83%92%E3%83%AD%E3%82%A4%E3%83%B3" n1="%E8%99%B9%E8%89%B2%E3%82%B8%E3%83%A7%E3%83%BC%E3%82%AB%E3%83%BC" n2="%E6%AF%94%E5%98%89%E6%84%9B%E6%9C%AA" n3="%41%2E%53%74%61%72%73" dan="16,17,19,16" rate="2193.37,2189.32,2274.74,2052.75" sx="M,M,F,M"/><TAIKYOKU oya="0"/><INIT seed="0,0,0,1,3,54" ten="250,250,250,250" oya="0" hai0="73,128,111,7,66,100,70,46,59,86,16,9,101" hai1="78,11,26,19,122,12,117,47,44,0,71,79,118" hai2="97,32,57,38,52,133,23,88,102,56,55,40,123" hai3="135,98,25,120,116,61,5,27,130,126,34,63,49"/><T113/><D113/><U6/><E122/><V90/><F32/><W14/><G120/><T112/><D112/><U36/><E71/><V62/><F123/><W17/><G116/><T20/><D73/><U15/><E26/><V110/><F110/><W24/><G126/><T60/><D128/><U50/><E36/><V84/><F133/><W2/><G135/><T74/><D74/><U3/><E50/><V93/><F38/><W104/><G130/><T121/><D121/><U58/><E19/><V80/><F40/><W42/><G34/><T51/><D111/><U124/><E6/><V31/><F31/><W106/><G5/><T129/><D129/><U95/><E95/><V83/><F23/><W119/><G2/><T134/><D134/><U64/><E64/><V109/><F109/><W87/><G119/><T75/><D75/><U105/><E105/><V18/><F18/><W114/><G114/><T82/><D70/><U76/><E76/><N who="2" m="46087" /><F83/><W13/><G104/><T35/><D35/><U94/><E94/><V48/><AGARI ba="0,0" hai="48,52,55,56,57,62,88,90,93,97,102" m="46087" machi="48" ten="30,8000,1" yaku="8,1,52,2,54,2" doraHai="54" who="2" fromWho="2" sc="250,-40,250,-20,250,80,250,-20" /><INIT seed="1,0,0,3,0,129" ten="210,230,330,230" oya="1" hai0="13,105,75,72,74,17,94,23,112,120,59,65,93" hai1="44,49,81,98,29,76,85,135,68,82,41,133,35" hai2="48,97,123,57,2,130,63,88,1,67,121,101,18" hai3="8,0,109,126,87,4,58,33,39,40,122,108,42"/><U111/><E68/><V6/><F130/><W12/><G122/><T124/><D112/><U32/><E111/><N who="3" m="42570" /><G126/><T24/><D105/><U5/><E5/><V66/><F1/><W119/><G119/><T3/><D3/><U30/><E98/><V110/><F110/><W38/><G33/><N who="1" m="12874" /><E81/><V51/><F2/><W86/><G58/><T79/><D124/><U53/><E41/><N who="3" m="15978" /><G12/><T9/><D79/><U21/><E21/><V113/><F6/><W89/><G87/><T71/><D71/><U73/><E73/><V96/><F113/><W28/><G28/><T47/><D47/><U127/><E127/><V34/><F34/><W131/><G131/><T102/><D120/><U62/><E62/><V22/><F63/><W107/><G107/><T7/><REACH who="0" step="1"/><D102/><REACH who="0" ten="200,230,330,230" step="2"/><U104/><E104/><V90/><F101/><W69/><G69/><T19/><D19/><U16/><E16/><V115/><F18/><W52/><G52/><T91/><D91/><U46/><E46/><V10/><F115/><W92/><AGARI ba="0,1" hai="0,4,8,38,39,86,89,92" m="15978,42570" machi="92" ten="30,1100,0" yaku="14,1" doraHai="129" who="3" fromWho="3" sc="200,-3,230,-5,330,-3,230,21" /><INIT seed="2,0,0,0,5,130" ten="197,225,327,251" oya="2" hai0="66,63,18,117,10,12,94,110,43,62,83,120,114" hai1="8,89,21,48,2,64,87,15,19,67,25,100,53" hai2="85,40,96,123,56,55,98,103,79,58,3,1,23" hai3="32,49,113,80,106,45,125,60,73,65,0,131,54"/><V134/><F123/><W102/><G131/><T26/><D120/><U16/><E100/><V72/><F72/><W91/><G125/><T124/><D114/><U35/><E35/><V84/><F23/><W57/><G113/><T71/><D124/><U51/><E2/><V108/><F55/><W97/><G0/><T34/><D110/><U128/><E128/><V17/><F17/><W13/><G32/><T70/><D117/><U46/><REACH who="1" step="1"/><E51/><REACH who="1" ten="197,215,327,251" step="2"/><V14/><F103/><W4/><G102/><T44/><D34/><U77/><E77/><V95/><F79/><W9/><G106/><T105/><D105/><U30/><E30/><V36/><F1/><W31/><G31/><T68/><D68/><U118/><E118/><V135/><F3/><W61/><G73/><T126/><D126/><U127/><E127/><V39/><F108/><W86/><G61/><T37/><D63/><U92/><AGARI ba="0,1" hai="8,15,16,19,21,25,46,48,53,64,67,87,89,92" machi="92" ten="20,12000,2" yaku="1,1,0,1,7,1,8,1,54,1,53,1" doraHai="130" doraHaiUra="42" who="1" fromWho="1" sc="197,-30,215,130,327,-60,251,-30" /><INIT seed="3,0,0,1,5,119" ten="167,345,267,221" oya="3" hai0="68,39,125,89,78,56,48,124,45,23,121,4,43" hai1="100,34,70,62,126,77,51,47,2,52,1,102,72" hai2="24,35,8,58,104,93,59,117,74,54,49,97,88" hai3="53,130,101,81,87,106,112,86,135,27,122,42,95"/><W14/><G112/><T111/><D78/><U73/><E34/><V133/><F117/><W90/><G135/><T6/><D111/><U94/><E126/><N who="0" m="48745" /><D68/><U11/><E77/><V132/><F74/><W61/><G130/><T3/><D3/><U16/><E2/><V98/><F8/><W12/><G42/><T40/><D89/><U46/><E46/><V85/><F58/><N who="3" m="35023" /><G122/><T67/><D23/><U82/><E82/><V15/><F15/><N who="3" m="5675" /><G106/><T60/><D121/><U22/><E73/><V69/><F69/><W99/><G87/><T120/><D120/><U96/><E72/><V20/><F35/><W29/><G29/><T9/><D9/><U50/><E11/><V32/><F32/><W30/><G30/><T107/><D107/><U64/><E1/><V55/><F104/><W37/><G37/><T18/><D18/><U108/><E108/><V63/><F132/><W134/><G134/><T10/><D10/><U65/><E51/><V31/><F133/><W76/><G27/><T38/><D38/><U129/><E129/><V13/><F13/><W5/><G5/><T105/><D105/><U116/><E116/><V110/><F110/><W71/><G71/><T7/><D39/><U33/><E33/><V83/><F83/><W79/><AGARI ba="0,0" hai="76,79,81,86,90,95,99,101" m="5675,35023" machi="79" ten="30,1500,0" yaku="8,1" doraHai="119" who="3" fromWho="3" sc="167,-5,345,-5,267,-5,221,15" /><INIT seed="3,1,0,1,4,45" ten="162,340,262,236" oya="3" hai0="52,106,108,127,42,122,126,80,53,39,76,14,12" hai1="99,18,118,29,77,6,78,85,111,28,30,69,25" hai2="55,120,121,97,46,33,134,94,11,22,9,24,130" hai3="95,96,26,37,65,104,51,93,13,62,8,35,0"/><W44/><G0/><T4/><D122/><N who="2" m="47210" /><F33/><W98/><G37/><T57/><D106/><U135/><E69/><V87/><F87/><W103/><G35/><T5/><D108/><U74/><E118/><V36/><F134/><W81/><G26/><T100/><D100/><U66/><E66/><V2/><F130/><W90/><G81/><T114/><D42/><U56/><E6/><N who="0" m="2665" /><D39/><U16/><E74/><V60/><F2/><W112/><G112/><T40/><D40/><U43/><E43/><N who="2" m="22887" /><F55/><N who="0" m="21066" /><D57/><U107/><E56/><V88/><F60/><W10/><G104/><T82/><D114/><U113/><E111/><V115/><F115/><W92/><G92/><T31/><D31/><AGARI ba="1,0" hai="9,11,22,24,31,88,94,97" m="22887,47210" machi="31" ten="30,2000,0" yaku="13,1,54,1" doraHai="45" who="2" fromWho="0" sc="162,-23,340,0,262,23,236,0" /><INIT seed="4,0,0,3,0,106" ten="139,340,285,236" oya="0" hai0="44,53,60,131,47,40,28,3,135,129,11,7,108" hai1="51,18,69,67,78,126,116,90,57,27,119,99,20" hai2="37,111,61,32,38,130,112,110,82,2,30,70,124" hai3="33,55,117,97,58,52,48,74,72,132,14,79,121"/><T45/><D135/><U114/><E126/><V23/><F23/><W22/><G117/><T127/><D127/><U0/><E0/><V113/><F124/><W95/><G132/><T128/><D108/><U41/><E78/><V43/><F2/><W118/><G33/><T5/><D5/><U13/><E69/><V75/><F130/><W1/><G1/><T24/><D60/><U94/><E114/><N who="2" m="44139" /><F30/><W6/><G118/><T10/><D10/><U42/><E119/><V89/><F32/><W64/><G121/><T68/><D68/><U105/><E105/><V26/><F26/><W123/><G123/><T15/><D53/><N who="1" m="31935" /><E67/><N who="2" m="41327" /><F89/><W66/><G79/><T91/><D91/><U36/><E36/><N who="2" m="13931" /><F43/><N who="1" m="16393" /><E116/><V62/><F62/><W31/><G66/><T96/><D3/><U92/><E92/><V54/><F54/><W4/><G64/><T65/><D65/><U21/><E21/><V81/><F81/><W35/><G35/><N who="0" m="20871" /><D96/><U102/><E90/><V50/><F50/><AGARI ba="0,0" hai="7,11,15,40,44,45,47,50,128,129,131" m="20871" machi="50" ten="30,1500,0" yaku="19,1" doraHai="106" who="0" fromWho="2" sc="139,15,340,0,285,-15,236,0" /><INIT seed="4,1,0,3,5,46" ten="154,340,270,236" oya="0" hai0="68,77,56,34,14,89,60,16,121,28,36,12,67" hai1="87,2,107,65,76,20,125,1,19,126,58,21,129" hai2="132,124,11,102,26,49,135,23,71,64,100,47,62" hai3="61,42,5,29,112,99,57,85,110,113,24,117,15"/><T111/><D121/><U133/><E107/><V39/><F39/><W83/><G117/><T50/><D36/><U69/><E69/><V108/><F108/><W44/><G110/><T43/><D111/><U53/><E65/><V9/><F124/><N who="1" m="47721" /><E133/><N who="2" m="51275" /><F102/><W10/><G99/><T122/><D122/><U97/><E97/><V134/><F100/><W130/><G130/><T105/><D105/><U75/><E75/><V6/><F6/><W120/><G120/><T31/><D77/><U0/><E129/><V8/><N who="2" m="51283" /><V59/><DORA hai="98" /><F71/><W30/><G57/><T35/><D89/><U95/><E19/><N who="2" m="12671" /><F8/><W106/><G61/><T73/><D73/><U91/><E76/><V72/><F72/><W37/><G106/><T115/><D115/><N who="3" m="44105" /><G24/><T18/><D34/><U63/><AGARI ba="1,0" hai="0,1,2,20,21,53,58,63,87,91,95" m="47721" machi="63" ten="40,1500,0" yaku="18,1" doraHai="46,98" who="1" fromWho="1" sc="154,-8,340,18,270,-5,236,-5" /><INIT seed="5,0,0,3,2,133" ten="146,358,265,231" oya="1" hai0="51,33,130,47,29,126,46,116,121,111,118,35,115" hai1="79,71,112,78,15,1,3,12,45,52,93,67,37" hai2="101,64,74,127,7,69,72,124,70,66,32,9,122" hai3="77,119,103,90,125,123,98,26,76,81,104,109,114"/><U63/><E112/><V2/><F122/><W17/><G123/><T57/><D121/><U68/><E37/><V21/><F21/><W80/><G26/><T28/><D51/><U31/><E31/><V134/><F134/><W113/><G17/><T49/><D49/><U20/><E93/><V99/><F32/><W108/><G119/><T110/><D57/><U24/><E67/><V34/><F34/><W106/><G90/><T62/><D62/><U18/><E63/><N who="2" m="40095" /><F66/><W120/><G120/><T6/><D6/><U56/><E56/><V100/><F100/><W14/><G14/><T95/><D130/><U27/><E20/><V102/><F102/><W87/><G106/><T58/><D58/><U22/><E22/><V92/><F70/><W88/><G77/><T36/><D36/><U91/><E91/><V86/><F86/><N who="3" m="48391" /><G125/><AGARI ba="0,0" hai="2,7,9,72,74,92,99,101,124,125,127" m="40095" machi="125" ten="30,7700,0" yaku="18,1,52,3" doraHai="133" who="2" fromWho="3" sc="146,0,358,0,265,77,231,-77" /><INIT seed="6,0,0,5,3,55" ten="146,358,342,154" oya="2" hai0="20,3,49,107,113,29,73,84,114,64,5,30,118" hai1="33,2,129,15,128,80,133,45,124,63,134,116,98" hai2="100,13,21,35,62,120,37,90,50,76,17,132,58" hai3="28,23,0,105,122,112,16,95,31,65,43,9,104"/><V123/><F37/><W61/><G122/><T108/><D108/><U91/><E2/><V131/><F131/><N who="1" m="50249" /><E33/><V96/><F35/><W44/><G112/><N who="0" m="43115" /><D73/><U4/><E116/><V38/><F38/><W71/><G104/><T72/><D72/><U82/><E45/><V47/><F76/><W12/><G105/><T79/><D118/><U126/><E63/><V115/><F115/><W135/><G135/><N who="1" m="51722" /><E98/><V93/><F132/><W19/><G95/><T1/><D107/><U66/><E66/><N who="2" m="39255" /><F123/><W83/><G83/><N who="1" m="31786" /><E91/><V70/><F120/><W109/><G109/><T40/><D64/><U54/><E54/><N who="2" m="30047" /><F70/><W27/><REACH who="3" step="1"/><G0/><REACH who="3" ten="146,358,342,144" step="2"/><T106/><D106/><U14/><E4/><V117/><F117/><W85/><G85/><T121/><D121/><U52/><E52/><V67/><F67/><W69/><G69/><T125/><D5/><U81/><E81/><V24/><F90/><W127/><G127/><AGARI ba="0,1" hai="14,15,124,126,127" m="31786,51722,50249" machi="127" ten="40,32000,5" yakuman="39" doraHai="55" who="1" fromWho="3" sc="146,0,358,330,342,0,144,-320" owari="146,-25.4,688,78.8,342,14.2,-176,-67.6" /></mjloggm>