<mjloggm ver="2.3"><GO type="169" lobby="0"/><UN n0="%41%72%69%61" n1="%E3%81%8D%E3%81%84%E3%81%AA" n2="%68%69%74%6F%6D%69" n3="%E3%81%AA%E3%81%8B%E3%81%AE%E3%81%86%E3%81%88" dan="16,17,16,16" rate="2133.77,2182.72,2103.94,2155.64" sx="F,F,F,M"/><TAIKYOKU oya="0"/><INIT seed="0,0,0,1,0,71" ten="250,250,250,250" oya="0" hai0="22,112,1,102,132,10,93,27,103,80,92,12,53" hai1="42,88,43,90,50,65,115,129,66,56,58,28,23" hai2="24,33,131,122,61,18,113,37,25,39,100,124,95" hai3="111,59,38,69,81,41,120,32,89,109,60,83,3"/><T94/><D112/><U64/><E115/><V7/><F113/><W75/><G69/><T6/><D132/><U118/><E118/><V4/><F122/><W0/><G32/><T20/><D1/><U62/><E129/><V44/><F131/><W74/><G120/><T121/><D121/><U47/><E43/><V11/><F124/><W2/><G89/><T96/><D80/><N who="3" m="30793" /><G41/><T51/><D103/><U34/><E34/><V108/><F108/><N who="3" m="41547" /><G38/><T63/><D63/><U54/><REACH who="1" step="1"/><E58/><REACH who="1" ten="250,240,250,250" step="2"/><V87/><F44/><W98/><G98/><T130/><D130/><U79/><E79/><V15/><F61/><W49/><G49/><T8/><D8/><U55/><E55/><AGARI ba="0,1" hai="0,2,3,55,59,60,74,75" m="41547,30793" machi="55" ten="40,1300,0" yaku="14,1" doraHai="71" who="3" fromWho="1" sc="250,0,240,-13,250,0,250,23" /><INIT seed="1,0,0,4,1,133" ten="250,227,250,273" oya="1" hai0="61,4,110,11,30,33,99,84,83,95,40,103,26" hai1="22,37,49,2,43,44,112,115,47,6,55,119,69" hai2="130,32,72,19,17,74,107,23,92,91,96,36,78" hai3="77,80,108,129,120,122,45,97,8,100,76,94,87"/><U41/><E2/><V128/><F128/><W62/><G129/><T35/><D110/><U64/><E6/><V117/><F130/><W24/><G108/><T135/><D135/><U106/><E106/><V66/><F32/><W7/><G77/><T121/><D121/><U9/><E9/><V58/><F36/><W51/><G24/><T123/><D123/><U34/><E34/><V75/><F117/><W124/><G62/><T81/><D35/><U12/><E12/><V86/><F19/><W0/><REACH who="3" step="1"/><G124/><REACH who="3" ten="250,227,250,263" step="2"/><T18/><D61/><N who="1" m="40079" /><E119/><V70/><F78/><W1/><G1/><T53/><D26/><U21/><E22/><V3/><F3/><W101/><G101/><T27/><D27/><U48/><E21/><V114/><F23/><W14/><G14/><T127/><D33/><U79/><E79/><V67/><F75/><W89/><G89/><T90/><D127/><U88/><E88/><V116/><F74/><W131/><G131/><T59/><D103/><U73/><E73/><V42/><F72/><W56/><G56/><AGARI ba="0,1" hai="37,41,43,44,47,48,49,55,56,112,115" m="40079" machi="56" ten="30,5800,0" yaku="24,1,34,2" doraHai="133" who="1" fromWho="3" sc="250,0,227,68,250,0,263,-58" /><INIT seed="1,1,0,3,3,66" ten="250,295,250,205" oya="1" hai0="117,104,101,80,131,48,81,11,30,65,52,123,41" hai1="105,99,60,122,25,74,134,95,49,124,62,2,91" hai2="33,10,119,110,16,106,37,28,77,89,53,71,5" hai3="20,98,86,22,114,18,109,17,29,111,56,100,72"/><U125/><E122/><V0/><F110/><W54/><G72/><T46/><D117/><U59/><E2/><V23/><F119/><W78/><G114/><T129/><D104/><U83/><E134/><V90/><F37/><W126/><G126/><N who="1" m="48746" /><E105/><V14/><F106/><W133/><G29/><T135/><D101/><U67/><E25/><N who="2" m="18575" /><F77/><W44/><G44/><T39/><D30/><U58/><E49/><V27/><F27/><W9/><G100/><T121/><D11/><U42/><E42/><V88/><F53/><W51/><G54/><T118/><D81/><U63/><E59/><V93/><F71/><W35/><G56/><N who="0" m="32775" /><D80/><U3/><E3/><V38/><F38/><W40/><G51/><T87/><D118/><U128/><E128/><N who="0" m="49225" /><D87/><AGARI ba="1,0" hai="0,5,10,14,16,23,87,88,89,90,93" m="18575" machi="87" ten="30,3900,0" yaku="24,1,54,2" doraHai="66" who="2" fromWho="0" sc="250,-42,295,0,250,42,205,0" /><INIT seed="2,0,0,0,2,3" ten="208,295,292,205" oya="2" hai0="129,123,15,47,0,33,65,90,39,81,19,122,10" hai1="37,101,4,46,22,20,49,104,134,99,95,29,102" hai2="79,85,76,44,36,108,82,110,57,72,35,5,45" hai3="78,114,80,52,98,103,105,50,93,127,16,117,88"/><V31/><F35/><W55/><G117/><T69/><D33/><U58/><E134/><V121/><F121/><W125/><G114/><T92/><D129/><U8/><E37/><V133/><F31/><W107/><G16/><T94/><D94/><U23/><E58/><V83/><F133/><W6/><G6/><T113/><D113/><U131/><E131/><V51/><F57/><W61/><G61/><T12/><D0/><U24/><E102/><V67/><F67/><W124/><G103/><T2/><D2/><U70/><E104/><N who="3" m="40010" /><G50/><T56/><D69/><U97/><E97/><V25/><F25/><W115/><G115/><T111/><D39/><U38/><E38/><V91/><F5/><W100/><G100/><T18/><D47/><U53/><REACH who="1" step="1"/><E70/><REACH who="1" ten="208,285,292,205" step="2"/><V126/><F36/><W74/><AGARI ba="0,1" hai="52,55,74,78,80,88,93,98,124,125,127" m="40010" machi="74" ten="40,5200,0" yaku="18,1,54,2" doraHai="3" who="3" fromWho="3" sc="208,-13,285,-13,292,-26,205,62" /><INIT seed="3,0,0,5,3,110" ten="195,272,266,267" oya="3" hai0="40,115,3,134,122,22,32,39,72,34,28,80,111" hai1="130,42,102,1,75,35,95,76,104,71,46,6,105" hai2="25,29,60,108,98,16,62,9,119,8,132,83,70" hai3="131,20,36,57,106,90,43,109,54,64,94,49,78"/><W133/><G106/><T11/><D111/><U18/><E130/><V84/><F119/><W99/><G133/><T73/><D122/><U63/><E18/><V4/><F132/><W124/><G124/><T68/><D134/><U87/><E87/><V30/><F108/><W96/><G131/><T101/><D22/><U61/><E95/><V50/><F70/><W24/><G109/><T128/><D101/><U120/><E35/><V33/><F30/><W129/><G129/><T93/><D93/><U74/><E120/><V107/><F50/><W13/><G78/><N who="0" m="44103" /><D68/><U97/><E104/><V17/><F9/><W51/><G36/><T10/><D10/><U38/><E76/><V53/><F107/><W100/><G64/><T92/><D92/><U58/><E63/><V56/><F62/><W123/><G13/><T86/><D86/><U114/><E74/><V26/><F98/><N who="3" m="57687" /><G100/><T0/><D73/><U19/><E75/><V91/><REACH who="2" step="1"/><F26/><REACH who="2" ten="195,272,256,267" step="2"/><W121/><G121/><T116/><D116/><U113/><E71/><V127/><F127/><W44/><G123/><T45/><D28/><AGARI ba="0,1" hai="20,24,28,43,44,49,51,54,57,96,99" m="57687" machi="28" ten="30,1500,0" yaku="8,1" doraHai="110" who="3" fromWho="0" sc="195,-15,272,0,256,0,267,25" /><INIT seed="3,1,0,5,2,51" ten="180,272,256,292" oya="3" hai0="44,74,91,96,0,130,89,84,117,127,56,42,6" hai1="103,82,69,4,86,72,78,53,81,101,32,1,37" hai2="119,59,16,8,49,61,64,41,28,126,108,90,33" hai3="112,118,129,80,34,106,24,116,105,5,88,55,21"/><W60/><G34/><T71/><D117/><U26/><E69/><V43/><F108/><W17/><G112/><T65/><D74/><U11/><E37/><V12/><F119/><W92/><G129/><T68/><D130/><U114/><E114/><V46/><F126/><W47/><G106/><T10/><D127/><U35/><E35/><V131/><F131/><W97/><G105/><T52/><D96/><U54/><E32/><V19/><F33/><W99/><G99/><T30/><D30/><U120/><E120/><V50/><F28/><W3/><G80/><T128/><D128/><U20/><E101/><V98/><F50/><W85/><G85/><T124/><D65/><U95/><E95/><N who="2" m="56695" /><F19/><W93/><G93/><T102/><D102/><U66/><E66/><V83/><F83/><W123/><G47/><T9/><D9/><U7/><E7/><V107/><F107/><W94/><G94/><T63/><D124/><U13/><E1/><V40/><AGARI ba="1,0" hai="8,12,16,40,41,43,46,49,59,61,64" m="56695" machi="40" ten="30,2000,0" yaku="8,1,54,1" doraHai="51" who="2" fromWho="2" sc="180,-6,272,-6,256,23,292,-11" /><INIT seed="4,0,0,5,1,73" ten="174,266,279,281" oya="0" hai0="54,97,87,102,43,36,27,55,12,42,112,117,20" hai1="83,70,41,72,58,35,17,116,51,47,130,111,11" hai2="30,67,31,59,45,6,19,105,32,33,119,95,84" hai3="96,40,23,135,10,93,134,80,118,37,127,133,108"/><T82/><D112/><U103/><E70/><V120/><F105/><W13/><G108/><T99/><D117/><U22/><E111/><V7/><F120/><W106/><G127/><T91/><D12/><U69/><E116/><V68/><F68/><W21/><G106/><T131/><D131/><U26/><E69/><V79/><F119/><W18/><G118/><T34/><D34/><U86/><E72/><V110/><F33/><W61/><G61/><T9/><D9/><U89/><E130/><V52/><F32/><W64/><G64/><T44/><D43/><U15/><E35/><V0/><F0/><W128/><G80/><T77/><D91/><U113/><E113/><V121/><F121/><W126/><G126/><T115/><D115/><U56/><REACH who="1" step="1"/><E103/><REACH who="1" ten="174,256,279,281" step="2"/><V16/><F110/><W76/><G128/><T78/><D99/><U66/><E66/><V81/><F67/><W109/><G109/><T2/><D2/><U25/><E25/><V104/><F104/><W46/><REACH who="3" step="1"/><G76/><REACH who="3" ten="174,256,279,271" step="2"/><T65/><D65/><U62/><E62/><V88/><F79/><W8/><G8/><T75/><D78/><U100/><E100/><AGARI ba="0,2" hai="10,13,18,21,23,37,40,46,93,96,100,133,134,135" machi="100" ten="40,5200,0" yaku="1,1,20,1,53,1" doraHai="73" doraHaiUra="14" who="3" fromWho="1" sc="174,0,256,-52,279,0,271,72" /><INIT seed="5,0,0,2,2,47" ten="174,204,279,343" oya="1" hai0="39,32,48,69,51,92,27,46,128,21,82,107,50" hai1="33,10,24,42,15,16,104,76,105,113,57,96,28" hai2="2,45,119,1,100,20,78,3,65,87,64,99,74" hai3="17,12,114,55,6,93,132,29,43,88,36,77,53"/><U85/><E113/><V84/><F119/><W121/><G121/><T13/><D107/><U106/><E42/><V111/><F111/><W54/><G132/><T101/><D69/><U118/><E118/><V120/><F120/><W83/><G6/><T127/><D32/><U41/><E41/><V94/><F74/><W26/><G43/><T95/><D39/><U131/><E131/><V40/><F20/><N who="3" m="15559" /><G36/><T35/><D35/><U25/><E25/><V60/><F78/><W116/><G114/><T14/><D128/><U62/><E96/><V125/><F125/><W66/><G66/><T109/><D109/><U124/><E124/><V86/><REACH who="2" step="1"/><F60/><REACH who="2" ten="174,204,269,343" step="2"/><W38/><G77/><T44/><D127/><U68/><E68/><V115/><F115/><W52/><G116/><T102/><D82/><U56/><REACH who="1" step="1"/><E62/><REACH who="1" ten="174,194,269,343" step="2"/><V91/><F91/><W9/><G88/><T23/><D51/><AGARI ba="0,2" hai="1,2,3,40,45,51,64,65,84,86,87,94,99,100" machi="51" ten="50,3200,0" yaku="1,1,52,1,53,0" doraHai="47" doraHaiUra="73" who="2" fromWho="0" sc="174,-32,194,0,269,52,343,0" /><INIT seed="6,0,0,2,1,20" ten="142,194,321,343" oya="2" hai0="99,114,94,23,104,30,76,62,4,98,132,103,96" hai1="124,131,68,48,100,75,33,34,119,7,86,44,117" hai2="125,65,29,32,73,60,22,122,118,24,25,47,35" hai3="10,27,90,39,53,134,95,123,106,15,16,70,59"/><V5/><F118/><W135/><G106/><T49/><D114/><U105/><E75/><V69/><F122/><W84/><G70/><T45/><D132/><N who="3" m="50729" /><G39/><T82/><D4/><U52/><E124/><V57/><F125/><W18/><G123/><T56/><D104/><U92/><E131/><V66/><F73/><W80/><G80/><T97/><D82/><U116/><E68/><V43/><F5/><N who="3" m="3535" /><G27/><T28/><D76/><U19/><E7/><V63/><F25/><W11/><G11/><T14/><D14/><U107/><E105/><V112/><F112/><W72/><G72/><T93/><D23/><U87/><E107/><V61/><F61/><AGARI ba="0,0" hai="16,18,53,59,61,84,90,95" m="3535,50729" machi="61" ten="30,2000,0" yaku="20,1,54,1" doraHai="20" who="3" fromWho="2" sc="142,0,194,0,321,-20,343,20" /><INIT seed="7,0,0,4,0,57" ten="142,194,301,363" oya="3" hai0="38,92,101,2,45,80,124,78,52,122,125,54,49" hai1="106,73,75,105,91,95,56,63,82,48,110,46,109" hai2="13,112,111,71,87,114,0,67,32,99,96,130,40" hai3="103,90,53,128,83,66,120,11,127,93,26,1,97"/><W61/><G53/><T50/><D122/><U68/><E68/><V14/><F111/><W89/><G127/><T121/><D121/><U18/><E105/><V74/><F0/><W129/><G26/><T123/><D123/><U119/><E106/><V36/><F74/><W79/><G11/><T17/><D38/><U77/><E75/><V133/><F32/><W39/><G39/><T9/><D101/><U37/><E37/><V115/><F133/><W33/><G33/><T131/><D92/><U31/><E31/><V34/><F34/><W24/><G24/><T134/><D134/><U21/><E119/><V62/><F130/><N who="3" m="50283" /><G1/><T76/><D131/><U85/><E48/><V27/><F27/><W4/><G4/><T81/><D2/><U132/><E46/><V8/><F36/><W65/><G65/><T5/><D17/><U86/><E132/><V16/><F40/><W107/><G93/><T28/><D28/><U70/><E95/><V42/><F42/><W84/><G120/><T94/><D94/><U6/><E6/><N who="2" m="3223" /><F87/><W59/><AGARI ba="0,0" hai="59,61,66,79,83,84,89,90,97,103,107" m="50283" machi="59" ten="30,3000,0" yaku="19,1,52,1" doraHai="57" who="3" fromWho="3" sc="142,-10,194,-10,301,-10,363,30" owari="132,-36.8,184,-21.6,291,9.1,393,49.3" /></mjloggm>