<mjloggm ver="2.3"><GO type="169" lobby="0"/><UN n0="%E5%8F%97%E3%81%91%E5%85%A5%E3%82%8C%E9%87%8D%E8%A6%96" n1="%E3%83%A9%E3%83%A0%E3%83%9E%E3%82%B8%E5%A4%A9%E4%BD%BF" n2="%45%72%77%69%6E%52%64" n3="%E3%82%A2%E3%83%92%E3%83%AB%E3%83%84%E3%83%AB%E3%82%AE%E3%83%BC" dan="16,17,16,16" rate="2166.94,2171.72,2148.02,2159.97" sx="M,M,M,M"/><TAIKYOKU oya="0"/><INIT seed="0,0,0,2,3,34" ten="250,250,250,250" oya="0" hai0="127,36,37,18,132,90,75,113,119,118,23,29,49" hai1="16,98,93,7,72,1,39,130,56,71,17,9,12" hai2="87,13,101,88,122,42,10,11,81,86,74,80,100" hai3="131,108,112,25,94,28,77,121,106,82,48,95,54"/><T115/><D75/><U103/><E71/><V14/><F74/><W45/><G112/><T76/><D76/><U24/><E72/><V110/><F110/><W32/><G108/><T35/><D127/><U20/><E130/><V102/><F122/><W96/><G131/><T31/><D132/><U52/><E39/><V123/><F123/><W111/><G111/><T19/><D49/><U97/><E97/><V105/><F105/><W91/><G121/><T135/><D23/><U43/><E43/><V120/><F120/><W26/><G26/><T62/><D62/><U104/><E104/><V40/><F101/><W3/><G106/><T5/><D5/><U22/><E22/><V44/><F44/><W70/><G70/><T78/><D78/><U125/><E125/><V73/><F73/><W33/><G94/><T51/><D51/><U109/><E109/><V68/><F68/><W67/><G67/><T0/><D90/><AGARI ba="0,0" hai="10,11,13,14,40,42,80,81,86,87,88,90,100,102" machi="90" ten="25,6400,0" yaku="22,2,8,1,54,1" doraHai="34" who="2" fromWho="0" sc="250,-64,250,0,250,64,250,0" /><INIT seed="1,0,0,0,3,82" ten="186,250,314,250" oya="1" hai0="4,118,116,78,12,81,26,69,59,53,120,11,72" hai1="100,133,107,113,96,93,134,88,16,49,36,45,114" hai2="94,129,42,9,95,132,15,109,30,55,47,83,43" hai3="131,23,44,77,64,76,52,104,119,91,54,87,51"/><U135/><E36/><V5/><F109/><W19/><G131/><T35/><D69/><U66/><E66/><V28/><F129/><W111/><G111/><T127/><D127/><U90/><E16/><V50/><F132/><W102/><G64/><T108/><D108/><U34/><E34/><V123/><F123/><W31/><G31/><N who="2" m="11817" /><F83/><W56/><G102/><T3/><D120/><U46/><E49/><N who="2" m="26871" /><F43/><W40/><G104/><T29/><REACH who="0" step="1"/><D3/><REACH who="0" ten="176,250,314,250" step="2"/><U2/><E2/><V84/><F84/><W62/><G119/><T115/><D115/><U10/><E114/><V60/><F60/><AGARI ba="0,1" hai="4,11,12,26,29,35,53,59,60,72,78,81,116,118" machi="60" ten="30,2000,0" yaku="1,1,7,1,53,0" doraHai="82" doraHaiUra="125" who="0" fromWho="2" sc="176,30,250,0,314,-20,250,0" /><INIT seed="2,0,0,1,5,11" ten="206,250,294,250" oya="2" hai0="55,90,109,75,27,35,123,127,23,99,120,20,97" hai1="110,82,125,56,41,69,115,8,19,135,6,31,7" hai2="59,15,89,16,132,131,94,126,34,61,128,62,83" hai3="80,67,96,50,88,74,57,48,40,73,42,49,107"/><V111/><F34/><W21/><G107/><T26/><D35/><U12/><E69/><V108/><F126/><W24/><G73/><T43/><D75/><U60/><E125/><V102/><F83/><W46/><G74/><T22/><D127/><U65/><E110/><N who="2" m="42027" /><F102/><W33/><G33/><T58/><D109/><U101/><E135/><V28/><F28/><W45/><G67/><T134/><D43/><U29/><E115/><V39/><F39/><W72/><G72/><T130/><D134/><U9/><E41/><V85/><F132/><W3/><G3/><T87/><D130/><N who="2" m="49706" /><F59/><W104/><G104/><T4/><D4/><U70/><E101/><V103/><F103/><W81/><G57/><T44/><D44/><U53/><E82/><V124/><F124/><W78/><G78/><T10/><D120/><U76/><E76/><V95/><F94/><N who="3" m="56391" /><G49/><T86/><D123/><U116/><E116/><V38/><F38/><W92/><G92/><T71/><D71/><U14/><E19/><AGARI ba="0,0" hai="19,21,24,40,42,45,46,48,50,80,81" m="56391" machi="19" ten="30,2000,0" yaku="8,1,54,1" doraHai="11" who="3" fromWho="1" sc="206,0,250,-20,294,0,250,20" /><INIT seed="3,0,0,1,0,111" ten="206,230,294,270" oya="3" hai0="24,18,52,25,72,56,134,58,57,30,17,103,105" hai1="53,46,90,71,66,118,116,64,70,77,110,121,107" hai2="48,126,73,84,67,83,117,95,26,32,7,123,68" hai3="85,82,47,8,102,51,0,61,49,22,93,20,1"/><W75/><G75/><T42/><D72/><U96/><E77/><V89/><F117/><N who="1" m="45161" /><E90/><V9/><F126/><W44/><G61/><T74/><D74/><U125/><E125/><V127/><F127/><W81/><G102/><T106/><D42/><U101/><E121/><V76/><F123/><W98/><G98/><T104/><D103/><U91/><E91/><V11/><F48/><W88/><G0/><T114/><D134/><U15/><E110/><V60/><REACH who="2" step="1"/><F7/><REACH who="2" ten="206,230,284,270" step="2"/><W34/><G51/><T62/><D62/><U43/><E107/><V16/><F16/><W135/><G135/><T132/><D132/><U128/><E128/><V10/><F10/><W36/><G36/><T108/><D108/><U33/><E43/><V133/><F133/><W50/><G50/><T63/><D17/><U19/><E19/><V65/><F65/><W87/><G47/><T41/><D41/><U54/><E66/><V79/><F79/><W131/><G131/><T28/><D18/><U55/><E64/><V40/><F40/><W122/><G122/><T99/><D105/><U59/><E46/><V3/><F3/><W86/><G8/><T80/><D106/><U113/><E15/><V2/><F2/><W29/><G1/><T21/><D104/><U27/><E54/><V124/><F124/><W23/><G49/><T112/><D52/><U78/><E55/><V45/><F45/><W5/><G5/><T130/><D130/><U120/><E53/><V31/><AGARI ba="0,1" hai="9,11,26,31,32,60,67,68,73,76,83,84,89,95" machi="31" ten="30,2000,0" yaku="1,1,0,1,53,0" doraHai="111" doraHaiUra="100" who="2" fromWho="2" sc="206,-5,230,-5,284,30,270,-10" /><INIT seed="4,0,0,3,5,47" ten="201,225,314,260" oya="0" hai0="3,48,21,60,28,100,66,128,75,59,131,93,76" hai1="16,57,105,51,111,86,68,103,63,81,7,25,56" hai2="12,18,101,72,135,42,123,95,33,87,83,40,14" hai3="129,82,53,22,96,64,23,104,9,109,112,71,43"/><T62/><D3/><U124/><E111/><V55/><F123/><W69/><G109/><T29/><D62/><U94/><E124/><V54/><F33/><W35/><G35/><T61/><D61/><U5/><E105/><V36/><F135/><W8/><G43/><N who="2" m="16425" /><F72/><W70/><G64/><T74/><D100/><U117/><E117/><V10/><F36/><W27/><G129/><N who="0" m="49739" /><D93/><U24/><E68/><V50/><F12/><W80/><G112/><T67/><D67/><U31/><E63/><V84/><F55/><W49/><G96/><T44/><D76/><U99/><E57/><N who="2" m="32983" /><F83/><W73/><G104/><T119/><D119/><U30/><E81/><V38/><F38/><W114/><G114/><T0/><D0/><U2/><E2/><V92/><F92/><W15/><G73/><N who="0" m="27659" /><D21/><N who="1" m="13351" /><E86/><V115/><F115/><W127/><G23/><T130/><N who="0" m="49747" /><T106/><DORA hai="116" /><D106/><U39/><E39/><V97/><AGARI ba="0,0" hai="10,14,18,84,87,95,97,101" m="32983,16425" machi="97" ten="30,2000,0" yaku="8,1,52,1" doraHai="47,116" who="2" fromWho="2" sc="201,-10,225,-5,314,20,260,-5" /><INIT seed="5,0,0,4,0,95" ten="191,220,334,255" oya="1" hai0="42,72,28,65,126,22,114,85,67,104,69,112,101" hai1="125,66,77,25,110,80,33,45,76,118,100,89,64" hai2="73,34,81,87,31,97,109,5,0,57,24,54,59" hai3="82,40,124,127,16,63,84,37,115,10,93,21,130"/><U123/><E118/><V58/><F73/><W46/><G115/><T13/><D72/><U86/><E123/><V51/><F109/><W75/><G130/><T133/><D126/><U98/><E125/><N who="3" m="48202" /><G63/><T83/><D133/><U12/><E110/><V6/><F0/><W117/><G117/><T62/><D67/><U53/><E12/><V92/><F5/><W17/><G10/><T14/><D42/><U29/><E45/><V99/><F6/><W71/><G71/><T55/><D55/><U50/><E66/><V56/><REACH who="2" step="1"/><F92/><REACH who="2" ten="191,220,324,255" step="2"/><W78/><G93/><T116/><D116/><U1/><E1/><V122/><F122/><W30/><G75/><T23/><D114/><U39/><E39/><V74/><F74/><W26/><AGARI ba="0,1" hai="16,17,21,26,30,37,40,46,78,82,84" m="48202" machi="26" ten="30,2000,0" yaku="18,1,54,1" doraHai="95" who="3" fromWho="3" sc="191,-5,220,-10,324,-5,255,30" /><INIT seed="6,0,0,2,1,22" ten="186,210,319,285" oya="2" hai0="120,70,117,124,101,116,128,5,69,9,49,87,107" hai1="118,25,64,59,63,92,75,28,129,61,55,57,32" hai2="95,6,41,20,46,80,60,122,84,112,109,56,24" hai3="12,123,76,111,79,85,50,31,33,72,94,38,67"/><V121/><F112/><W100/><G123/><T48/><D120/><U89/><E129/><V77/><F6/><W93/><G38/><T135/><D128/><U65/><E118/><N who="0" m="45673" /><D124/><U40/><E40/><V119/><F109/><W16/><G111/><T62/><D135/><U134/><E134/><V99/><F119/><W74/><G67/><N who="0" m="41207" /><D70/><U54/><REACH who="1" step="1"/><E75/><REACH who="1" ten="186,200,319,285" step="2"/><V4/><F121/><W51/><G74/><T125/><D125/><U103/><E103/><V131/><F122/><W11/><G72/><T0/><D87/><AGARI ba="0,1" hai="25,28,32,54,55,57,59,61,63,64,65,87,89,92" machi="87" ten="30,7700,0" yaku="1,1,7,1,9,1,52,1,53,0" doraHai="22" doraHaiUra="114" who="1" fromWho="0" sc="186,-77,200,87,319,0,285,0" /><INIT seed="7,0,0,3,2,27" ten="109,287,319,285" oya="3" hai0="86,94,17,87,24,1,75,35,67,23,56,102,28" hai1="21,55,57,125,101,42,44,103,13,88,12,18,38" hai2="2,127,106,109,7,29,124,74,76,135,46,41,0" hai3="47,11,131,62,71,119,6,49,22,20,83,64,132"/><W31/><G119/><T14/><D75/><U126/><E12/><V105/><F109/><W96/><G131/><T134/><D134/><U129/><E129/><V72/><F135/><W68/><G132/><T108/><D108/><U59/><E59/><V9/><F29/><W133/><G133/><T26/><D1/><U78/><E78/><V112/><F112/><W61/><G96/><T93/><D26/><U19/><E19/><V39/><F0/><W40/><G83/><T82/><D102/><U52/><E55/><V15/><F15/><W53/><G31/><T123/><D123/><U60/><REACH who="1" step="1"/><E88/><REACH who="1" ten="109,277,319,285" step="2"/><V10/><F76/><W122/><G122/><T79/><REACH who="0" step="1"/><D86/><REACH who="0" ten="99,277,319,285" step="2"/><U50/><E50/><V92/><F72/><W114/><G114/><T48/><D48/><U5/><E5/><V65/><F74/><W51/><G62/><AGARI ba="0,2" hai="14,17,23,24,28,35,56,62,67,79,82,87,93,94" machi="62" ten="40,2600,0" yaku="1,1,52,1,53,0" doraHai="27" doraHaiUra="85" who="0" fromWho="3" sc="99,46,277,0,319,0,285,-26" owari="145,-35.5,277,7.7,319,41.9,259,-14.1" /></mjloggm>