<mjloggm ver="2.3"><GO type="169" lobby="0"/><UN n0="%42%65%6E%63%68%69%6E%67" n1="%E8%A3%8F%E7%9F%A5%E3%82%89%E3%81%9A" n2="%6F%67%75%6B%65%6E" n3="%E3%83%96%E3%83%BC%E3%83%93%E3%83%BC" dan="16,17,16,16" rate="2091.85,2200.30,2157.82,2209.97" sx="M,M,M,M"/><TAIKYOKU oya="0"/><INIT seed="0,0,0,5,1,97" ten="250,250,250,250" oya="0" hai0="64,32,4,37,100,0,87,102,78,130,2,65,105" hai1="57,122,127,59,36,108,6,18,31,70,12,82,124" hai2="119,24,131,92,110,61,111,90,84,55,98,20,114" hai3="112,53,23,75,10,72,118,93,45,109,35,132,125"/><T33/><D37/><U81/><E70/><V7/><F114/><W52/><G35/><T30/><D130/><U29/><E6/><V21/><F131/><W39/><G118/><T106/><D87/><U85/><E108/><N who="2" m="41515" /><F119/><W60/><G23/><T49/><D49/><U113/><E36/><V26/><F7/><W22/><G22/><N who="2" m="8809" /><F84/><W9/><G9/><T47/><D4/><U96/><E113/><V104/><F104/><N who="0" m="40042" /><D47/><U25/><E85/><V101/><F90/><W11/><G45/><T63/><D78/><U28/><E25/><V88/><F88/><W79/><G79/><T74/><D63/><U15/><E81/><V126/><F126/><W120/><G60/><T27/><D74/><U16/><E82/><V42/><F42/><W1/><G75/><T94/><D94/><U51/><E51/><V91/><F91/><W121/><G93/><T77/><D77/><U117/><E117/><V3/><F3/><N who="0" m="1066" /><D27/><U62/><E124/><V89/><F89/><W56/><G125/><T123/><D123/><U50/><E122/><V134/><F26/><W8/><G1/><T38/><D38/><U128/><E128/><V135/><F24/><W13/><G39/><T14/><D14/><U67/><E127/><V107/><F107/><W133/><G72/><T129/><D129/><U5/><E5/><V83/><F83/><W68/><G109/><T43/><D43/><U73/><E73/><V95/><F95/><W54/><G13/><N who="1" m="5194" /><E96/><V71/><F71/><W116/><G121/><T58/><D30/><U48/><E48/><V40/><F40/><W44/><G120/><RYUUKYOKU ba="0,0" sc="250,-15,250,15,250,15,250,-15" hai1="16,18,28,29,31,50,57,59,62,67" hai2="55,61,92,98,101,134,135" /><INIT seed="1,1,0,0,0,42" ten="235,265,265,235" oya="1" hai0="61,28,89,25,60,77,37,135,106,39,115,80,59" hai1="0,71,126,94,82,23,103,72,54,83,65,62,122" hai2="84,134,24,17,21,51,99,6,66,8,123,110,74" hai3="14,48,81,101,30,57,40,2,85,92,70,98,116"/><U63/><E122/><V118/><F118/><W102/><G70/><T16/><D135/><U104/><E0/><V93/><F123/><W49/><G2/><T26/><D115/><U41/><E104/><V56/><F74/><W108/><G116/><T5/><D106/><U3/><E3/><V120/><F120/><W43/><G108/><T88/><D5/><U117/><E117/><V12/><F134/><W31/><G102/><T125/><D125/><U53/><E126/><V50/><F110/><W34/><G14/><T96/><D28/><N who="3" m="10793" /><G34/><T97/><D77/><U33/><E41/><N who="3" m="15946" /><G57/><T87/><D59/><U45/><E33/><V91/><REACH who="2" step="1"/><F99/><REACH who="2" ten="235,265,255,235" step="2"/><N who="0" m="37962" /><D37/><U79/><E72/><V36/><F36/><W44/><G44/><T32/><D39/><U29/><E45/><V1/><F1/><W100/><G100/><T129/><D32/><U55/><E103/><V109/><F109/><W18/><G18/><T114/><D114/><U90/><E29/><V119/><F119/><W69/><G69/><T131/><D16/><U124/><E71/><V47/><F47/><W27/><G27/><N who="0" m="10251" /><D89/><AGARI ba="1,1" hai="48,49,81,85,89,92,98,101" m="15946,10793" machi="89" ten="30,1000,0" yaku="8,1" doraHai="42" who="3" fromWho="0" sc="235,-13,265,0,255,0,235,23" /><INIT seed="2,0,0,0,0,54" ten="222,265,255,258" oya="2" hai0="104,100,120,30,28,47,74,66,34,18,135,58,7" hai1="38,81,124,101,133,92,15,59,29,56,83,103,98" hai2="123,84,32,87,72,27,118,48,21,95,114,134,52" hai3="40,45,102,35,39,110,26,23,113,22,73,62,14"/><V69/><F114/><W20/><G113/><T31/><D120/><U65/><E38/><V75/><F118/><W10/><G73/><T37/><D135/><U93/><E133/><V42/><F123/><W12/><G110/><T16/><D74/><U70/><E124/><V46/><F69/><W11/><G102/><T107/><D34/><U94/><E29/><V76/><F32/><W6/><G62/><N who="0" m="38231" /><D37/><U77/><E70/><V33/><F33/><W5/><REACH who="3" step="1"/><G35/><REACH who="3" ten="222,265,255,248" step="2"/><T55/><D107/><U97/><E65/><V125/><F134/><W4/><G4/><T85/><D104/><U9/><E94/><V50/><F75/><W19/><AGARI ba="0,1" hai="5,6,10,11,12,14,19,20,22,23,26,39,40,45" machi="19" ten="20,12000,2" yaku="1,1,0,1,7,1,9,1,53,2" doraHai="54" doraHaiUra="0" who="3" fromWho="3" sc="222,-30,265,-30,255,-60,248,130" /><INIT seed="3,0,0,2,0,36" ten="192,235,195,378" oya="3" hai0="129,77,127,42,107,38,9,134,13,83,58,47,17" hai1="39,56,33,27,74,16,86,85,121,43,0,82,18" hai2="65,76,46,92,41,100,29,32,118,14,28,114,106" hai3="67,50,63,109,54,101,113,11,112,75,72,62,71"/><W68/><G101/><T87/><D129/><U95/><E121/><V22/><F114/><W64/><G109/><T104/><D134/><U133/><E0/><V70/><F118/><W52/><G50/><T116/><D116/><U37/><E56/><V94/><F76/><W19/><G19/><T51/><REACH who="0" step="1"/><D127/><REACH who="0" ten="182,235,195,378" step="2"/><U6/><E133/><V10/><F32/><W60/><REACH who="3" step="1"/><G63/><REACH who="3" ten="182,235,195,368" step="2"/><T55/><AGARI ba="0,2" hai="9,13,17,38,42,47,51,55,58,77,83,87,104,107" machi="55" ten="30,8000,1" yaku="1,1,2,1,0,1,52,1,53,1" doraHai="36" doraHaiUra="8" who="0" fromWho="0" sc="182,100,235,-20,195,-20,368,-40" /><INIT seed="4,0,0,0,1,37" ten="282,215,175,328" oya="0" hai0="108,104,22,60,11,93,10,76,18,36,43,13,35" hai1="125,47,19,78,98,71,41,20,112,33,56,135,44" hai2="48,75,127,103,69,15,77,82,68,84,96,119,40" hai3="116,128,121,118,97,80,115,83,105,120,95,61,86"/><T52/><D104/><U51/><E71/><V3/><F3/><W27/><G27/><T25/><D108/><U49/><E33/><V89/><F127/><W124/><G61/><T28/><D76/><U130/><E125/><V129/><F129/><W87/><G124/><T6/><D93/><U46/><E130/><V4/><F119/><W57/><G57/><N who="0" m="34855" /><D36/><U85/><E135/><V91/><F91/><N who="3" m="51679" /><G105/><T111/><D111/><U133/><E112/><V126/><F126/><W113/><G128/><T109/><D109/><U8/><E8/><V123/><F123/><N who="3" m="47179" /><G118/><T58/><D58/><U102/><E133/><V31/><F31/><W45/><G45/><T38/><D38/><U14/><E56/><V70/><F4/><W114/><BYE who="0" /><G116/><T1/><D1/><U117/><E117/><V63/><F15/><UN n0="%42%65%6E%63%68%69%6E%67" /><W92/><G97/><T53/><D53/><U26/><E51/><V50/><F63/><W90/><AGARI ba="0,0" hai="80,87,90,92,95,113,114,115" m="47179,51679" machi="90" ten="40,8000,1" yaku="15,1,13,1,34,2" doraHai="37" who="3" fromWho="3" sc="282,-40,215,-20,175,-20,328,80" /><INIT seed="5,0,0,3,2,106" ten="242,195,155,408" oya="1" hai0="79,47,77,37,134,54,71,104,131,63,111,65,59" hai1="124,67,26,46,57,23,14,99,39,69,8,108,12" hai2="119,9,103,92,52,114,53,18,6,11,32,78,38" hai3="4,15,115,3,56,35,100,10,110,44,93,17,5"/><U81/><BYE who="0" /><E69/><V16/><F119/><W1/><G110/><T98/><D98/><U20/><E108/><UN n0="%42%65%6E%63%68%69%6E%67" /><V50/><F38/><W135/><G35/><T13/><D111/><U55/><E124/><V31/><F78/><W64/><G135/><T129/><D104/><U94/><E67/><V66/><F66/><W21/><G115/><T45/><D13/><U109/><E81/><V83/><F83/><W75/><G75/><T116/><D79/><U58/><E58/><V27/><F114/><W24/><G44/><T73/><D77/><U95/><E95/><V122/><F122/><W29/><G1/><T70/><D73/><U87/><E87/><V49/><F49/><W36/><G36/><T22/><D22/><U91/><E109/><V19/><F6/><W126/><G3/><T113/><D113/><U43/><E8/><V61/><F61/><N who="3" m="37927" /><G126/><T33/><D33/><U82/><E23/><V121/><F121/><W117/><G117/><T7/><D7/><U128/><E82/><V72/><F72/><W133/><G133/><T90/><D90/><U127/><E128/><N who="0" m="49225" /><D116/><U97/><E97/><AGARI ba="0,0" hai="4,5,10,15,17,21,24,29,93,97,100" m="37927" machi="97" ten="30,2000,0" yaku="25,1,8,1" doraHai="106" who="3" fromWho="1" sc="242,0,195,-20,155,0,408,20" /><INIT seed="6,0,0,3,1,110" ten="242,175,155,428" oya="2" hai0="75,126,53,82,127,132,31,22,97,14,34,43,133" hai1="102,103,46,72,18,76,63,71,25,130,104,131,20" hai2="86,108,84,129,94,19,116,80,105,8,96,122,106" hai3="68,115,90,124,11,77,55,42,117,21,123,35,101"/><V78/><F19/><W125/><G35/><T60/><D43/><U91/><E104/><N who="2" m="40043" /><F8/><W17/><G101/><T67/><D97/><U87/><E46/><V7/><F7/><W98/><G77/><N who="0" m="44351" /><D53/><U36/><E18/><V3/><F3/><W79/><G117/><T28/><D14/><U54/><E20/><V109/><F116/><W73/><G68/><N who="0" m="42087" /><D22/><U121/><E54/><V32/><F32/><W27/><G79/><T30/><D34/><U47/><E76/><V66/><F66/><W59/><G73/><T13/><D13/><U62/><E72/><N who="2" m="43079" /><F122/><W107/><G27/><T114/><D114/><U4/><E121/><V100/><F129/><W41/><G115/><T49/><D49/><U64/><E130/><V48/><F48/><W99/><G11/><T83/><D83/><U88/><E131/><V44/><F44/><W65/><G65/><T119/><D119/><U118/><E118/><V2/><F2/><W111/><G123/><T113/><D113/><U52/><E25/><V1/><F1/><W37/><G37/><T74/><D74/><U95/><E4/><V50/><F50/><W93/><G42/><T10/><D10/><U40/><REACH who="1" step="1"/><E91/><REACH who="1" ten="242,165,155,428" step="2"/><V12/><F12/><W134/><G17/><T92/><D92/><U23/><E23/><V57/><F57/><AGARI ba="0,1" hai="36,40,47,52,57,62,63,64,71,87,88,95,102,103" machi="57" ten="40,8000,1" yaku="1,1,54,2,53,2" doraHai="110" doraHaiUra="56" who="1" fromWho="2" sc="242,0,165,90,155,-80,428,0" /><INIT seed="7,0,0,1,3,68" ten="242,255,75,428" oya="3" hai0="46,30,64,109,81,13,50,110,25,51,107,133,36" hai1="76,100,94,104,60,71,14,70,20,95,52,121,120" hai2="8,3,98,78,53,1,26,85,106,97,66,18,103" hai3="17,127,42,79,6,47,99,124,54,115,122,31,48"/><W125/><G122/><T132/><D107/><U114/><E76/><V55/><F66/><W21/><G115/><T77/><D64/><U44/><E114/><V128/><F128/><W80/><G6/><T129/><D13/><U105/><E20/><V135/><F135/><N who="0" m="51786" /><D129/><U116/><E14/><V32/><F32/><W117/><G99/><T56/><D56/><U37/><E116/><V82/><F3/><W38/><G117/><T118/><D118/><U126/><E70/><V33/><F33/><W86/><G31/><T130/><D130/><U75/><E75/><V74/><F98/><W123/><G123/><T91/><D91/><U72/><E72/><V119/><F119/><W69/><G69/><T5/><D5/><U92/><E126/><V19/><F1/><W34/><G34/><N who="0" m="20815" /><D36/><U102/><E105/><V23/><F8/><W87/><G87/><N who="0" m="48559" /><D50/><N who="1" m="28743" /><E37/><V89/><REACH who="2" step="1"/><F18/><REACH who="2" ten="242,255,65,428" step="2"/><W43/><G38/><T113/><D113/><U39/><E121/><V62/><F62/><W24/><AGARI ba="0,1" hai="17,21,24,42,43,47,48,54,79,80,86,124,125,127" machi="24" ten="30,3000,0" yaku="0,1,18,1" doraHai="68" who="3" fromWho="3" sc="242,-10,255,-10,65,-10,428,40" owari="232,-16.8,245,4.5,55,-44.5,468,56.8" /></mjloggm>