<mjloggm ver="2.3"><GO type="169" lobby="0"/><UN n0="%E4%B8%96%E7%95%8C%E5%B9%B3%E5%92%8C" n1="%53%69%6C%76%65%72%44%46" n2="%E5%B8%B0%E3%82%8A%E3%81%9F%E3%81%84%E3%80%82" n3="%E9%9B%AA%E3%81%AE%E8%8F%AF" dan="16,17,19,16" rate="2173.91,2235.37,2231.48,2088.75" sx="M,M,M,F"/><TAIKYOKU oya="0"/><INIT seed="0,0,0,4,2,61" ten="250,250,250,250" oya="0" hai0="127,11,90,13,111,120,46,108,52,116,20,0,7" hai1="98,23,130,19,78,29,109,72,32,126,37,100,81" hai2="77,99,48,110,79,15,106,104,60,86,33,85,129" hai3="59,24,91,113,122,22,14,27,112,83,39,55,94"/><T63/><D120/><U40/><E109/><N who="0" m="42057" /><D116/><U92/><E130/><V50/><F33/><W44/><G122/><T57/><D127/><U101/><E126/><V6/><F110/><W128/><G128/><T135/><D135/><U76/><E76/><V124/><F124/><W69/><G69/><T121/><D121/><U2/><E2/><V131/><F60/><W42/><G83/><T73/><D73/><U26/><E40/><V56/><F15/><W18/><G112/><T47/><D90/><U30/><E37/><V28/><F56/><W8/><G113/><T117/><D117/><U62/><E100/><V87/><F87/><W114/><G8/><T49/><D49/><U80/><E80/><V35/><F35/><W10/><G10/><N who="0" m="2407" /><D20/><U95/><E95/><V54/><F6/><AGARI ba="0,0" hai="6,11,13,46,47,52,57,63" m="2407,42057" machi="6" ten="30,5800,0" yaku="14,1,10,1,54,1" doraHai="61" who="0" fromWho="2" sc="250,58,250,0,250,-58,250,0" /><INIT seed="0,1,0,1,3,23" ten="308,250,192,250" oya="0" hai0="80,124,107,24,1,111,127,101,27,18,21,26,84" hai1="0,59,39,106,120,50,48,69,43,55,32,41,109" hai2="42,16,91,122,118,66,28,75,57,93,9,105,13" hai3="35,104,86,12,68,88,92,130,25,17,46,128,126"/><T34/><D1/><U78/><E106/><V77/><F122/><W95/><G104/><T15/><D111/><U125/><E0/><V96/><F118/><W5/><G126/><N who="0" m="48171" /><D107/><U60/><E125/><V79/><F42/><N who="1" m="15881" /><E78/><V37/><F37/><W81/><G68/><T117/><D117/><U76/><E76/><V7/><F28/><N who="3" m="19855" /><G5/><T45/><D101/><U85/><E85/><V113/><F113/><W102/><G46/><T40/><D34/><U71/><E32/><V56/><F105/><W100/><G100/><T38/><D15/><U89/><E89/><AGARI ba="1,0" hai="18,21,24,26,27,38,40,45,80,84,89" m="48171" machi="89" ten="30,11600,0" yaku="18,1,52,3" doraHai="23" who="0" fromWho="1" sc="308,119,250,-119,192,0,250,0" /><INIT seed="0,2,0,2,2,16" ten="427,131,192,250" oya="0" hai0="75,120,25,43,109,67,12,88,111,73,63,60,87" hai1="45,86,106,1,99,80,61,21,117,27,126,53,90" hai2="110,83,132,19,108,15,14,57,68,7,44,23,10" hai3="40,6,35,93,65,94,5,113,130,71,70,76,11"/><T9/><D120/><U58/><E126/><V66/><F68/><W112/><G35/><T36/><D43/><U81/><E117/><V59/><F132/><W31/><G130/><T114/><D36/><U129/><E129/><V84/><F66/><W100/><G76/><T26/><D114/><U77/><E1/><V96/><F96/><W134/><G31/><T29/><D73/><U125/><E125/><V47/><F110/><N who="0" m="41994" /><D75/><U20/><E27/><N who="0" m="10249" /><D29/><U122/><E122/><V72/><F72/><W38/><G40/><T121/><D67/><U135/><E135/><V131/><F131/><W50/><G65/><T52/><D121/><U32/><E32/><V116/><F116/><W0/><G38/><T30/><D30/><U42/><E106/><V103/><F103/><W62/><G134/><T37/><D37/><U18/><E18/><V8/><F8/><W79/><G11/><T115/><D52/><U89/><E99/><V22/><F22/><N who="1" m="8809" /><E81/><V98/><F98/><W74/><G113/><T92/><D115/><U101/><E101/><V41/><F108/><W97/><G112/><T119/><D119/><U127/><E127/><V24/><F24/><W95/><G100/><T105/><D105/><U54/><E42/><V82/><F82/><W107/><G107/><T46/><D46/><N who="2" m="17450" /><F41/><W28/><G28/><T33/><D33/><U69/><E69/><V3/><F3/><W91/><G71/><T102/><D102/><U85/><E85/><V13/><F13/><W124/><G70/><T104/><D104/><U128/><E128/><V133/><F133/><W34/><G124/><RYUUKYOKU ba="2,0" sc="427,10,131,10,192,10,250,-30" hai0="9,12,60,63,87,88,92" hai1="45,53,54,58,61,77,80,86,89,90" hai2="7,10,14,15,19,23,57,59,83,84" /><INIT seed="0,3,0,2,1,133" ten="437,141,202,220" oya="0" hai0="116,117,76,105,45,119,32,118,66,104,40,135,23" hai1="102,17,42,50,61,88,114,60,86,33,37,85,26" hai2="22,106,82,6,87,124,49,28,79,83,98,7,34" hai3="96,71,91,110,2,53,99,8,84,0,46,57,38"/><T103/><D117/><U73/><E73/><V95/><F34/><W18/><G71/><T100/><D32/><U12/><E37/><V101/><F124/><W92/><G110/><T20/><D76/><U75/><E75/><V16/><F28/><W109/><G109/><T123/><D66/><U51/><E114/><V56/><F106/><W54/><G0/><T39/><D135/><U24/><E102/><V97/><F97/><W9/><G2/><T120/><D116/><U64/><E86/><V74/><F49/><N who="1" m="18441" /><E42/><V4/><F56/><W15/><G38/><T107/><D107/><U1/><E1/><V130/><F130/><W128/><G128/><T58/><D58/><N who="1" m="36887" /><E61/><V19/><REACH who="2" step="1"/><F22/><REACH who="2" ten="437,141,192,220" step="2"/><W11/><G57/><T78/><D39/><U80/><E33/><V5/><N who="2" m="1024" /><DORA hai="89" /><V113/><F113/><W43/><G43/><T68/><D40/><U131/><E131/><V94/><F94/><W67/><G46/><T13/><D45/><U127/><E127/><V14/><F14/><W65/><G15/><T3/><D13/><U70/><E70/><V36/><F36/><W30/><G30/><T29/><D29/><U72/><E72/><V48/><F48/><W122/><G122/><T90/><D68/><U35/><E35/><V21/><F21/><AGARI ba="3,1" hai="12,17,21,24,26,80,85,88" m="36887,18441" machi="21" ten="30,2000,0" yaku="8,1,54,1" doraHai="133,89" who="1" fromWho="2" sc="437,0,141,39,192,-29,220,0" /><INIT seed="1,0,0,4,5,6" ten="437,180,163,220" oya="1" hai0="26,117,77,93,76,111,8,57,107,102,83,79,85" hai1="0,65,40,69,91,82,99,130,60,45,3,21,115" hai2="15,97,64,53,33,47,125,120,2,17,66,124,100" hai3="116,78,34,68,104,19,81,11,123,96,129,10,22"/><U109/><E115/><V103/><F2/><W52/><G68/><T59/><D107/><U133/><E133/><V27/><F120/><W119/><G123/><T37/><D37/><U46/><E130/><V44/><F33/><W71/><G34/><T23/><D111/><U108/><E21/><V25/><F53/><W114/><G71/><T58/><D117/><N who="3" m="45129" /><G114/><T127/><D127/><N who="2" m="48714" /><F47/><N who="1" m="17929" /><E40/><V132/><F44/><W61/><G129/><T5/><D93/><N who="1" m="56767" /><E82/><V105/><F103/><N who="3" m="62567" /><G52/><T121/><D102/><U54/><E54/><V31/><F132/><W101/><G61/><T50/><D50/><U42/><E42/><V118/><F118/><W113/><G101/><T80/><D80/><U95/><E95/><V48/><F48/><W106/><G106/><T16/><REACH who="0" step="1"/><D121/><REACH who="0" ten="427,180,163,220" step="2"/><U84/><E109/><V20/><F105/><W38/><G38/><T18/><D18/><U122/><E108/><V112/><F112/><W24/><G113/><T29/><D29/><U49/><E49/><V92/><F31/><W72/><AGARI ba="0,1" hai="10,11,19,22,24,72,78,81" m="62567,45129" machi="72" ten="30,4000,0" yaku="12,1,52,2" doraHai="6" who="3" fromWho="3" sc="427,-10,180,-20,163,-10,220,50" /><INIT seed="2,0,0,4,2,33" ten="417,160,153,270" oya="2" hai0="18,31,69,78,97,68,19,104,66,1,54,7,34" hai1="83,89,105,55,37,99,17,9,86,107,27,38,36" hai2="118,41,75,106,11,49,114,87,60,124,8,127,120" hai3="119,32,52,48,39,110,116,57,103,29,67,58,10"/><V76/><F114/><W82/><G110/><T79/><D54/><U126/><E126/><N who="2" m="48171" /><F118/><W93/><G39/><T23/><D19/><U20/><E55/><V6/><F106/><W115/><G115/><T125/><D125/><U47/><E47/><N who="2" m="25839" /><F120/><W74/><G29/><T102/><D78/><U132/><E132/><V131/><F131/><W12/><G32/><T3/><D79/><U96/><REACH who="1" step="1"/><E9/><REACH who="1" ten="417,150,153,270" step="2"/><V43/><F11/><W4/><G116/><T70/><D66/><U84/><E84/><V113/><F113/><W122/><G119/><T109/><D109/><U133/><E133/><V50/><F87/><W71/><G122/><T56/><D97/><AGARI ba="0,1" hai="17,20,27,36,37,38,83,86,89,96,97,99,105,107" machi="97" ten="40,2600,0" yaku="1,1,53,1" doraHai="33" doraHaiUra="13" who="1" fromWho="0" sc="417,-26,150,36,153,0,270,0" /><INIT seed="3,0,0,4,1,132" ten="391,186,153,270" oya="3" hai0="3,125,90,52,126,93,56,115,51,114,23,65,11" hai1="75,55,128,103,78,69,129,109,120,119,54,118,123" hai2="50,1,99,25,27,81,84,79,42,97,10,76,57" hai3="44,135,131,12,101,71,46,33,17,67,26,31,86"/><W122/><G131/><N who="1" m="50250" /><E103/><V40/><F1/><W105/><G135/><T107/><D107/><U49/><E78/><V134/><F134/><W121/><G86/><N who="0" m="52439" /><D23/><U64/><E75/><V92/><F10/><W124/><G124/><N who="0" m="47723" /><D65/><U58/><E109/><V16/><F76/><W43/><G67/><T8/><D3/><U80/><E80/><V117/><F117/><N who="1" m="44553" /><E55/><N who="2" m="31991" /><F27/><W5/><G26/><T108/><D108/><U21/><E21/><N who="2" m="13479" /><F99/><W47/><G105/><T39/><D39/><U94/><E94/><V62/><F62/><AGARI ba="0,0" hai="49,54,58,62,64,69,120,123" m="44553,50250" machi="62" ten="30,7700,0" yaku="19,1,12,1,34,2" doraHai="132" who="1" fromWho="2" sc="391,0,186,77,153,-77,270,0" /><INIT seed="4,0,0,3,5,25" ten="391,263,76,270" oya="0" hai0="126,27,111,51,71,77,11,131,34,29,38,132,58" hai1="8,43,106,70,24,1,128,57,119,30,33,130,79" hai2="47,40,98,93,96,18,13,87,36,35,52,74,122" hai3="2,103,92,22,68,7,3,112,99,101,66,134,125"/><T26/><D126/><U4/><E70/><V60/><F74/><W116/><G116/><T124/><D124/><U23/><E119/><V83/><F122/><W64/><G125/><T49/><D38/><U75/><E106/><V17/><F35/><W104/><G134/><T44/><D71/><U12/><E43/><V109/><F109/><W82/><G112/><T56/><D132/><U59/><E79/><V114/><F114/><W10/><G2/><T32/><D131/><N who="1" m="50219" /><E75/><V39/><F39/><W120/><G120/><T94/><D77/><U73/><E73/><V46/><F93/><W28/><G68/><T135/><D135/><U108/><E108/><V105/><F105/><W133/><G133/><T113/><D11/><U42/><E42/><V55/><F55/><W110/><G110/><T97/><D113/><U69/><E69/><V67/><F67/><W107/><G82/><T37/><D37/><U117/><E117/><V50/><F60/><W80/><G80/><T85/><D85/><U9/><E33/><V76/><REACH who="2" step="1"/><F18/><AGARI ba="0,0" hai="1,4,8,9,12,18,23,24,30,57,59" m="50219" machi="18" ten="30,2000,0" yaku="19,1,52,1" doraHai="25" who="1" fromWho="2" sc="391,0,263,20,76,-20,270,0" /><INIT seed="5,0,0,3,5,46" ten="391,283,56,270" oya="1" hai0="80,17,28,52,74,104,2,20,14,128,124,125,127" hai1="22,35,72,3,15,0,7,117,94,135,34,9,92" hai2="57,23,97,108,4,87,30,77,39,33,65,109,123" hai3="44,75,66,47,27,71,45,82,61,5,10,91,48"/><U110/><E72/><V122/><F33/><N who="1" m="12297" /><E94/><V37/><F30/><W51/><G75/><T43/><D104/><U112/><E92/><V16/><F4/><W129/><G27/><N who="0" m="16487" /><D128/><U6/><E117/><V36/><F97/><W101/><G129/><T115/><D43/><U42/><E42/><V21/><F65/><W120/><G120/><T59/><D2/><N who="1" m="555" /><E112/><V89/><F23/><W85/><REACH who="3" step="1"/><G101/><REACH who="3" ten="391,283,56,260" step="2"/><T131/><D131/><U60/><E110/><V41/><F122/><W31/><G31/><T118/><D74/><U83/><E135/><V68/><F123/><W70/><G70/><T19/><D115/><U25/><E60/><V134/><F68/><W133/><G133/><T86/><D118/><U32/><E32/><V105/><F134/><W111/><G111/><T12/><D124/><U64/><E64/><V53/><F109/><W102/><G102/><T62/><D125/><U76/><E76/><V11/><F77/><W67/><G67/><T13/><D127/><U29/><E83/><V119/><F108/><W26/><G26/><T1/><D1/><AGARI ba="0,1" hai="1,5,10,44,45,47,48,51,61,66,71,82,85,91" machi="1" ten="40,5200,0" yaku="1,1,52,2,53,0" doraHai="46" doraHaiUra="114" who="3" fromWho="0" sc="391,-52,283,0,56,0,260,62" /><INIT seed="6,0,0,4,3,54" ten="339,283,56,322" oya="2" hai0="8,110,115,109,118,31,102,47,4,63,105,74,68" hai1="16,73,15,34,78,44,53,9,126,77,101,133,57" hai2="131,100,27,96,25,32,6,95,46,76,60,49,37" hai3="17,128,39,116,21,89,71,50,67,117,75,64,94"/><V92/><F131/><W38/><G75/><T84/><D74/><U19/><E34/><V124/><F124/><W108/><G108/><T107/><D118/><U121/><E126/><V58/><F37/><W86/><G71/><T22/><D115/><U132/><E121/><V33/><F6/><W122/><G122/><T7/><D7/><U66/><E101/><V125/><F125/><W10/><G128/><T26/><D105/><U127/><E127/><V43/><F76/><N who="1" m="29289" /><E73/><V134/><F134/><N who="1" m="51817" /><E66/><V114/><F114/><W23/><G10/><T36/><D84/><U11/><E44/><V130/><F130/><W5/><G5/><T113/><D113/><U29/><E29/><V97/><F33/><W87/><G50/><T1/><D102/><U28/><E28/><V62/><F62/><W13/><G89/><T83/><D83/><U59/><E53/><N who="2" m="33871" /><F32/><W79/><G79/><T104/><D109/><U120/><E120/><V93/><F93/><W51/><G94/><T30/><D30/><U99/><E99/><V70/><F70/><W52/><G38/><T135/><D110/><U81/><E81/><V65/><F65/><N who="3" m="25163" /><G39/><T20/><D135/><U91/><E91/><AGARI ba="0,0" hai="25,27,43,46,49,91,92,95,96,97,100" m="33871" machi="91" ten="30,2900,0" yaku="8,1,52,1" doraHai="54" who="2" fromWho="1" sc="339,0,283,-29,56,29,322,0" /><INIT seed="6,1,0,3,4,83" ten="339,254,85,322" oya="2" hai0="6,71,103,72,112,74,56,111,8,17,92,87,34" hai1="119,31,59,107,7,3,46,69,105,127,131,116,21" hai2="41,115,28,49,20,2,27,57,97,114,70,96,9" hai3="118,30,10,130,55,29,75,86,1,117,125,40,0"/><V53/><F70/><W4/><G75/><T61/><D71/><U77/><E69/><V104/><F41/><W22/><G130/><T14/><D34/><U110/><E110/><V91/><F104/><W68/><G68/><T82/><D112/><N who="2" m="43050" /><F91/><W109/><G109/><T85/><D111/><U93/><E107/><V90/><F90/><W52/><G125/><T128/><D128/><U126/><E105/><V124/><F124/><W48/><G0/><T135/><D74/><U26/><E131/><V94/><F94/><W33/><G33/><T106/><D72/><U42/><E93/><V62/><F62/><W13/><G1/><T88/><D135/><U101/><E42/><V47/><F57/><W132/><G132/><T65/><D106/><U18/><E59/><V23/><F23/><W19/><G118/><T12/><D103/><U113/><E101/><V134/><F134/><W133/><G133/><T84/><D92/><U24/><E113/><V102/><F102/><W60/><G117/><N who="1" m="45130" /><E46/><V37/><F37/><W78/><G40/><T15/><D15/><U73/><E77/><V38/><F38/><W51/><G60/><T35/><D35/><N who="1" m="20967" /><E73/><V123/><F123/><W99/><G48/><T54/><D54/><N who="3" m="20521" /><G51/><T120/><D120/><U36/><E36/><V79/><F79/><W122/><G122/><T11/><AGARI ba="1,0" hai="6,8,11,12,14,17,56,61,65,82,84,85,87,88" machi="11" ten="20,12000,2" yaku="0,1,7,1,8,1,52,3,54,1" doraHai="83" who="0" fromWho="0" sc="339,123,254,-31,85,-61,322,-31" /><INIT seed="7,0,0,1,2,3" ten="462,223,24,291" oya="3" hai0="78,114,0,61,67,64,74,32,66,125,25,41,112" hai1="115,88,47,28,46,69,131,103,124,53,4,89,21" hai2="102,48,118,7,100,81,12,40,70,17,11,44,129" hai3="19,36,39,132,127,62,91,5,14,85,106,63,76"/><W94/><G106/><T31/><D125/><U90/><E69/><V107/><F129/><W35/><G127/><T119/><D119/><U2/><E124/><V16/><F118/><W9/><G132/><T26/><D0/><U133/><E133/><V15/><F70/><W130/><G130/><T24/><D41/><U50/><E131/><V116/><F116/><W111/><G111/><T123/><D123/><U117/><E117/><V60/><F60/><W71/><G35/><T42/><D42/><U23/><E115/><N who="0" m="44073" /><D61/><U52/><E103/><V68/><F68/><W73/><G71/><T135/><D135/><U72/><E72/><V37/><F37/><W108/><G108/><T86/><D74/><U38/><E28/><V22/><F107/><W82/><G36/><T6/><D6/><U98/><E98/><V57/><F57/><W93/><G39/><T113/><D113/><U33/><E33/><V110/><F110/><W59/><G59/><T55/><D55/><U77/><E77/><V30/><F30/><W45/><G45/><T79/><D79/><U20/><E38/><V10/><REACH who="2" step="1"/><F81/><AGARI ba="0,0" hai="24,25,26,31,32,64,66,67,78,81,86" m="44073" machi="81" ten="30,2000,0" yaku="15,1,11,1" doraHai="3" who="0" fromWho="2" sc="462,20,223,0,24,-20,291,0" owari="482,58.2,223,-17.7,4,-49.6,291,9.1" /></mjloggm>