<mjloggm ver="2.3"><GO type="225" lobby="0"/><UN n0="%E3%81%BD%E3%81%A1%E3%81%9F%E3%81%93%E3%82%84" n1="%E8%B5%A4%E3%81%84%E8%9B%99%31%31" n2="%E6%98%93%E5%88%A9%E8%96%A9%E4%BC%AF" n3="%E3%81%A4%E3%81%A3%E3%81%B1%E3%82%8A%E3%83%9D%E3%83%BC%E3%83%AB" dan="17,16,17,17" rate="2118.27,2094.44,2211.32,2160.39" sx="M,M,F,M"/><TAIKYOKU oya="0"/><INIT seed="0,0,0,3,0,52" ten="250,250,250,250" oya="0" hai0="12,133,36,19,66,134,115,128,70,29,102,88,43" hai1="117,114,24,73,116,50,11,131,51,119,35,94,53" hai2="79,113,112,99,121,25,106,2,109,75,86,38,100" hai3="10,118,76,90,4,64,85,111,92,40,83,81,45"/><T61/><D115/><U27/><E114/><V39/><F109/><W14/><G111/><T74/><D74/><U89/><E73/><V26/><F121/><W30/><G118/><T124/><D128/><U68/><E68/><V23/><F2/><W18/><G30/><T37/><D102/><U78/><E78/><V44/><F26/><W71/><G71/><T46/><D29/><U63/><E131/><V48/><F75/><W127/><G127/><T108/><D108/><U58/><E11/><V93/><F113/><W72/><G64/><T62/><D124/><U96/><REACH who="1" step="1"/><E35/><REACH who="1" ten="250,240,250,250" step="2"/><V123/><F112/><W57/><G72/><T20/><D20/><U55/><E55/><V77/><F79/><W97/><G76/><T69/><D69/><U67/><E67/><V56/><F77/><W105/><G4/><T129/><D129/><U87/><E87/><V84/><F84/><W80/><G85/><T54/><D70/><U34/><E34/><V120/><F120/><W9/><G9/><N who="0" m="6543" /><D66/><U3/><E3/><V126/><F123/><W42/><G42/><N who="0" m="22855" /><D54/><U135/><E135/><V21/><F126/><W95/><G40/><T15/><D133/><U103/><E103/><V65/><F23/><W47/><G10/><T16/><D134/><U6/><E6/><V125/><F125/><W13/><G81/><T60/><D43/><U41/><E41/><V8/><F8/><W59/><G80/><T130/><D130/><U22/><E22/><V101/><F21/><W107/><G83/><T0/><D0/><U33/><E33/><V98/><F101/><W104/><G97/><RYUUKYOKU ba="0,1" sc="250,-10,240,30,250,-10,250,-10" hai1="24,27,50,51,53,58,63,89,94,96,116,117,119" /><INIT seed="1,1,1,1,3,66" ten="240,270,240,240" oya="1" hai0="127,8,73,122,77,103,21,19,71,23,41,123,67" hai1="135,89,90,47,119,99,121,92,46,43,49,75,14" hai2="65,115,53,20,131,25,130,95,110,82,32,113,39" hai3="61,112,5,1,11,60,45,97,105,79,12,2,126"/><U76/><E135/><V109/><F82/><W38/><G112/><N who="2" m="43081" /><F95/><W62/><G126/><T17/><D41/><U58/><E119/><V50/><F32/><W54/><G79/><T35/><D103/><U80/><E121/><N who="0" m="46089" /><D67/><U57/><E90/><V134/><F25/><W26/><G26/><T6/><D77/><U72/><E72/><V42/><F20/><N who="0" m="7754" /><D73/><U4/><REACH who="1" step="1"/><E46/><REACH who="1" ten="240,260,240,240" step="2"/><N who="2" m="23903" /><F134/><W55/><G45/><T88/><D88/><U107/><E107/><V104/><F104/><W3/><G38/><T106/><D106/><U27/><E27/><V40/><F40/><W36/><G36/><T15/><D127/><U48/><E48/><V93/><F93/><W44/><REACH who="3" step="1"/><G44/><REACH who="3" ten="240,260,240,230" step="2"/><T69/><D35/><U37/><E37/><V18/><F131/><W86/><G86/><T102/><D102/><AGARI ba="1,3" hai="1,2,3,5,11,12,54,55,60,61,62,97,102,105" machi="102" ten="50,1600,0" yaku="1,1,53,0" doraHai="66" doraHaiUra="124" who="3" fromWho="0" sc="240,-19,260,0,240,0,230,49" /><INIT seed="2,0,0,2,2,46" ten="221,260,240,279" oya="2" hai0="44,49,67,77,115,58,72,15,99,59,13,91,109" hai1="61,111,26,29,114,24,117,90,31,25,43,42,14" hai2="103,57,34,21,69,78,65,16,88,92,120,35,83" hai3="45,107,129,33,80,41,20,4,3,108,12,95,82"/><V94/><F69/><W63/><G107/><T135/><D115/><U39/><E117/><V84/><F120/><W87/><G33/><T131/><D109/><U53/><E39/><V79/><F35/><W8/><G108/><T93/><D131/><U76/><E111/><V85/><F34/><W19/><G129/><T30/><D135/><U127/><E76/><V96/><F65/><W7/><G7/><T37/><D37/><U48/><E127/><V55/><F94/><W134/><G134/><T10/><D30/><U118/><E118/><V100/><F85/><W112/><G112/><T54/><D67/><U75/><E75/><V40/><F40/><W123/><G123/><T105/><D105/><U56/><E114/><V106/><F79/><W17/><G63/><T86/><D72/><U22/><E90/><V62/><F106/><W38/><G87/><T71/><D71/><U6/><E61/><V23/><F23/><W119/><G119/><T73/><D73/><U98/><E98/><V52/><F55/><W110/><G110/><T0/><D0/><U36/><E36/><V113/><F113/><W32/><G32/><T122/><D15/><AGARI ba="0,0" hai="15,16,21,52,57,62,78,83,84,88,92,96,100,103" machi="15" ten="30,12000,1" yaku="7,1,8,1,54,3" doraHai="46" who="2" fromWho="0" sc="221,-120,260,0,240,120,279,0" /><INIT seed="2,1,0,5,3,118" ten="101,260,360,279" oya="2" hai0="7,90,64,70,121,55,134,103,19,88,120,14,66" hai1="37,21,96,44,102,83,59,50,86,43,106,48,30" hai2="97,113,33,126,41,12,124,16,23,56,6,94,67" hai3="51,8,36,130,99,47,11,109,3,115,2,4,133"/><V117/><F113/><W35/><G35/><T20/><D103/><U127/><E127/><N who="2" m="48683" /><F33/><W38/><G115/><T79/><D79/><U95/><E106/><V60/><F41/><W78/><G78/><T15/><D134/><U131/><E131/><V98/><F117/><W110/><G133/><T100/><D100/><U40/><E59/><V108/><F108/><N who="3" m="41579" /><G99/><T87/><D55/><U123/><E40/><V77/><F77/><W114/><G130/><T39/><D39/><N who="3" m="14889" /><G114/><T132/><D132/><U89/><E30/><V63/><F6/><N who="3" m="1111" /><G51/><T58/><D70/><U26/><E37/><V27/><F27/><W84/><G84/><T68/><D68/><U112/><E112/><V22/><F22/><W29/><G29/><T42/><D42/><U13/><E48/><V101/><F98/><W25/><G25/><T107/><D107/><U17/><E26/><V69/><F69/><W135/><G135/><T18/><D7/><U119/><E119/><V65/><F65/><W32/><G32/><T49/><D49/><U57/><E57/><V122/><F122/><N who="0" m="47210" /><D58/><U45/><E123/><V125/><F125/><W104/><G104/><T111/><D111/><U129/><E129/><V76/><F76/><W92/><G47/><AGARI ba="1,0" hai="13,17,21,43,44,45,47,50,83,86,89,95,96,102" machi="47" ten="40,1300,0" yaku="8,1" doraHai="118" who="1" fromWho="3" sc="101,0,260,16,360,0,279,-16" /><INIT seed="3,0,0,1,5,120" ten="101,276,360,263" oya="3" hai0="82,84,7,36,72,24,31,121,64,48,23,108,88" hai1="69,17,111,4,16,8,62,6,71,83,68,100,73" hai2="128,43,13,14,9,10,75,103,80,123,19,117,131" hai3="50,55,28,42,96,102,134,132,106,107,57,78,87"/><W46/><G106/><T49/><D121/><U93/><E111/><V5/><F123/><W109/><G28/><T56/><D36/><U89/><E100/><V133/><F117/><W113/><G113/><T124/><D124/><U79/><E62/><V59/><F133/><N who="3" m="51307" /><G78/><T37/><D37/><U47/><E47/><V101/><F43/><W53/><G87/><T77/><D7/><U33/><E33/><V116/><F116/><W85/><G85/><T122/><D122/><U67/><E67/><V91/><F59/><W97/><G97/><T112/><D112/><U119/><E119/><V94/><F80/><W39/><G55/><T127/><D127/><U44/><E44/><V135/><F75/><W126/><G126/><T25/><D25/><U58/><E58/><V90/><F135/><W118/><G118/><T115/><D115/><U32/><E32/><V63/><F94/><W98/><G96/><T54/><D64/><U0/><REACH who="1" step="1"/><E6/><REACH who="1" ten="101,266,360,263" step="2"/><V30/><F5/><W65/><G65/><T15/><D15/><U41/><E41/><V76/><F14/><W74/><G74/><T38/><D38/><U18/><E18/><V45/><F19/><W52/><G53/><T21/><D48/><U129/><E129/><V51/><F128/><W11/><G11/><T40/><D40/><U22/><E22/><V20/><F10/><W99/><G109/><T60/><D60/><U70/><N who="1" m="17408" /><DORA hai="1" /><U95/><E95/><V66/><F63/><W2/><G2/><T61/><D61/><U125/><E125/><V29/><F131/><W12/><G12/><T105/><D108/><RYUUKYOKU ba="0,1" sc="101,-15,266,15,360,-15,263,15" hai1="0,4,8,16,17,73,79,83,89,93" hai3="39,42,46,50,52,57,98,99,102,107" /><INIT seed="3,1,1,1,1,133" ten="86,281,345,278" oya="3" hai0="121,60,56,79,95,11,80,104,55,32,27,85,42" hai1="111,64,74,84,14,109,106,119,2,96,126,20,89" hai2="66,30,118,69,49,124,127,108,33,110,1,134,122" hai3="8,36,75,34,4,35,135,43,12,128,70,107,6"/><W15/><G107/><T40/><D32/><N who="3" m="12329" /><G75/><T83/><D121/><U99/><E2/><V92/><F118/><W112/><G70/><T44/><D104/><U17/><E64/><V67/><F1/><N who="3" m="15" /><G43/><T62/><D27/><U103/><E119/><V113/><F134/><W68/><G36/><T71/><D71/><U5/><E5/><V130/><F113/><W78/><G68/><T73/><D95/><U48/><E74/><V105/><F105/><W38/><G38/><T21/><D21/><U18/><E48/><V93/><F49/><W117/><G78/><T123/><D123/><U76/><E99/><V102/><F122/><W86/><G112/><T97/><D97/><U7/><E76/><V101/><F69/><W129/><G86/><T45/><D11/><U59/><E59/><V51/><F51/><W82/><G82/><T39/><D62/><U50/><E50/><V98/><F33/><W47/><G47/><N who="0" m="17995" /><D39/><U52/><E106/><V24/><F101/><W28/><G117/><T31/><D31/><U116/><E103/><V0/><F93/><W10/><G135/><T61/><D61/><U26/><E84/><V88/><F102/><W87/><G87/><T22/><D22/><U54/><E20/><V94/><F94/><W58/><G28/><T77/><D40/><U81/><E81/><V120/><F92/><W25/><G25/><T3/><D42/><U100/><E100/><V46/><F24/><W125/><G10/><T91/><D77/><U114/><E26/><V19/><F98/><W90/><G12/><T132/><D132/><U37/><E37/><RYUUKYOKU ba="1,1" sc="86,30,281,-10,345,-10,278,-10" hai0="3,55,56,60,73,79,80,83,85,91" owari="116,-38.4,271,7.1,345,44.5,268,-13.2" /></mjloggm>