<mjloggm ver="2.3"><GO type="169" lobby="0"/><UN n0="%52%65%61%6C%58" n1="%E7%99%BE%E9%87%8E%E3%81%95%E3%82%93" n2="%E7%89%A7%E5%A0%B4%E3%81%AE%E5%B0%8F%E5%A5%B3" n3="%E8%A6%9A%E9%86%92%E3%81%97%E3%81%9F%E3%81%A8%E3%81%BE%E3%81%A8" dan="16,17,17,16" rate="2166.68,2194.88,2181.72,2119.18" sx="F,M,F,M"/><TAIKYOKU oya="0"/><INIT seed="0,0,0,4,3,119" ten="250,250,250,250" oya="0" hai0="58,75,111,117,116,100,40,99,114,131,101,9,67" hai1="110,23,48,39,104,46,2,3,73,94,42,30,35" hai2="57,65,6,24,106,77,123,34,55,134,105,33,88" hai3="128,86,63,90,8,56,83,7,51,93,84,50,22"/><T38/><D114/><U129/><E104/><V76/><F6/><W121/><G128/><T20/><D131/><U5/><E110/><V120/><F65/><W53/><G121/><T98/><D75/><U36/><E129/><V47/><F47/><W17/><G8/><T60/><D111/><U25/><E73/><V49/><F134/><W32/><G32/><T37/><D20/><U21/><E3/><V41/><F41/><W45/><G7/><T1/><D1/><U4/><E4/><V66/><F66/><W69/><G69/><T82/><D82/><U97/><E39/><V109/><F109/><W14/><REACH who="3" step="1"/><G45/><REACH who="3" ten="250,250,250,240" step="2"/><T81/><D9/><U61/><E5/><V91/><F33/><W115/><G115/><T118/><D116/><U70/><E2/><V78/><F34/><W15/><G15/><T85/><D117/><U13/><E13/><V103/><F24/><W72/><G72/><T0/><D0/><U95/><E70/><V11/><F11/><W19/><G19/><T96/><D118/><U122/><E122/><V89/><REACH who="2" step="1"/><F106/><REACH who="2" ten="250,250,240,240" step="2"/><W127/><G127/><T87/><D40/><U71/><E35/><V12/><F12/><W52/><G52/><T16/><D38/><U80/><E36/><V29/><F29/><W28/><G28/><T112/><D37/><U133/><E30/><V74/><F74/><W132/><G132/><T27/><D112/><U126/><E133/><V135/><F135/><W79/><AGARI ba="0,2" hai="14,17,22,50,51,53,56,63,79,83,84,86,90,93" machi="79" ten="20,8000,1" yaku="1,1,0,1,7,1,8,1,53,1" doraHai="119" doraHaiUra="18" who="3" fromWho="3" sc="250,-40,250,-20,240,-20,240,100" /><INIT seed="1,0,0,2,1,78" ten="210,230,220,340" oya="1" hai0="89,105,82,129,116,130,3,125,2,13,66,31,9" hai1="121,46,40,109,21,118,39,128,16,23,96,95,17" hai2="84,26,0,45,101,8,92,131,5,100,41,127,35" hai3="83,98,65,55,73,77,32,87,110,56,53,37,75"/><U85/><E118/><V67/><F131/><N who="0" m="50186" /><D105/><U12/><E121/><V81/><F127/><W11/><G110/><T63/><D116/><U18/><E128/><V71/><F92/><W29/><G37/><T60/><D31/><U54/><E109/><V36/><F71/><W14/><G65/><T115/><D115/><U80/><E54/><V134/><F67/><W133/><G133/><T34/><D34/><U90/><REACH who="1" step="1"/><E23/><REACH who="1" ten="210,220,220,340" step="2"/><V20/><F35/><W42/><G55/><T94/><D125/><U122/><E122/><V74/><F134/><W69/><G53/><T99/><D66/><U50/><E50/><V61/><F61/><W76/><G32/><T49/><D49/><U108/><E108/><V111/><F111/><W47/><G42/><T119/><D119/><U117/><E117/><V70/><F41/><W58/><G47/><T27/><D63/><U132/><E132/><V24/><F20/><W33/><G33/><T10/><D60/><U25/><E25/><V123/><F24/><W91/><G29/><T62/><D27/><U126/><E126/><V106/><F26/><W15/><G69/><T6/><D62/><U72/><E72/><V104/><F70/><W135/><G75/><T59/><D59/><U68/><E68/><V120/><F74/><W38/><G73/><T7/><D3/><U97/><E97/><V48/><F123/><W103/><G135/><T51/><D51/><U44/><E44/><V52/><F120/><W102/><G58/><T113/><D113/><U1/><E1/><V79/><F36/><W86/><G38/><T4/><D2/><RYUUKYOKU ba="0,1" sc="210,-15,220,15,220,15,340,-15" hai1="12,16,17,18,21,39,40,46,80,85,90,95,96" hai2="0,5,8,45,48,52,79,81,84,100,101,104,106" /><INIT seed="1,1,1,0,0,100" ten="195,235,235,325" oya="1" hai0="8,77,103,53,32,25,27,81,11,43,73,104,30" hai1="62,38,109,41,6,111,19,59,110,78,0,119,4" hai2="18,106,47,7,36,133,66,69,37,115,45,101,96" hai3="13,5,130,12,80,16,89,22,17,82,1,84,39"/><U23/><E119/><V91/><F133/><W70/><G130/><T15/><D43/><U20/><E78/><V63/><F115/><W98/><G39/><T113/><D113/><U65/><E0/><V131/><F131/><W51/><G70/><T55/><D27/><U48/><E38/><V127/><F127/><W29/><G29/><T49/><D49/><U26/><E23/><V33/><F7/><W61/><G61/><T105/><D103/><U134/><E134/><V46/><F18/><W76/><G1/><T87/><D73/><U120/><E120/><V121/><F121/><W28/><G28/><T67/><D67/><U118/><E118/><V54/><F33/><W92/><G82/><T99/><D99/><U72/><E72/><V116/><F116/><W108/><G108/><T74/><D74/><U94/><E94/><V64/><F64/><W117/><G117/><T83/><D83/><U34/><E34/><V57/><REACH who="2" step="1"/><F91/><REACH who="2" ten="195,235,225,325" step="2"/><W126/><G126/><T35/><D32/><U79/><E79/><V40/><F40/><W86/><G5/><T102/><D102/><U85/><REACH who="1" step="1"/><E85/><REACH who="1" ten="195,225,225,325" step="2"/><V95/><F95/><W132/><G132/><T3/><D3/><U97/><E97/><V124/><F124/><W93/><G86/><T90/><D77/><U88/><E88/><V128/><F128/><W9/><G93/><T107/><REACH who="0" step="1"/><D11/><REACH who="0" ten="185,225,225,325" step="2"/><U24/><E24/><V129/><F129/><W75/><G75/><T112/><D112/><U56/><E56/><V50/><AGARI ba="1,4" hai="36,37,45,46,47,50,54,57,63,66,69,96,101,106" machi="50" ten="30,7900,0" yaku="1,1,0,1,52,1,53,1" doraHai="100" doraHaiUra="58" who="2" fromWho="2" sc="185,-21,225,-40,225,122,325,-21" /><INIT seed="2,0,0,4,4,62" ten="164,185,347,304" oya="2" hai0="128,92,41,7,73,10,6,106,132,1,17,129,55" hai1="54,85,5,36,89,90,104,130,68,86,23,60,98" hai2="44,119,48,64,32,135,91,78,59,51,21,116,79" hai3="101,29,112,93,22,110,12,88,42,131,75,37,0"/><V113/><F32/><W24/><G110/><T111/><D111/><U76/><E36/><V126/><F113/><W3/><G112/><T103/><D106/><U69/><E130/><V114/><F114/><W14/><G131/><T102/><D73/><U118/><E118/><V46/><F91/><W45/><G75/><T77/><D41/><U25/><E5/><V33/><F33/><W117/><G101/><T70/><D132/><U9/><E9/><V127/><F21/><W31/><G117/><N who="2" m="45129" /><F78/><W83/><G83/><T87/><D77/><U124/><E76/><V74/><F79/><W95/><G95/><T15/><D102/><U27/><E104/><V40/><F74/><W2/><REACH who="3" step="1"/><G31/><REACH who="3" ten="164,185,347,294" step="2"/><T43/><D103/><U19/><E124/><V67/><F135/><W57/><G57/><T121/><D92/><U38/><E68/><V16/><F59/><W35/><G35/><T115/><D70/><U47/><E69/><V61/><F127/><W20/><G20/><T18/><D115/><U82/><E23/><V28/><F28/><W30/><G30/><T122/><D128/><U56/><E82/><V13/><F126/><W107/><G107/><T80/><D129/><U50/><E90/><V58/><F58/><W109/><G109/><T133/><D133/><U8/><E89/><V125/><F125/><W84/><AGARI ba="0,1" hai="0,2,3,12,14,22,24,29,37,42,45,84,88,93" machi="84" ten="30,4000,0" yaku="1,1,0,1,54,1,53,0" doraHai="62" doraHaiUra="99" who="3" fromWho="3" sc="164,-10,185,-10,347,-20,294,50" /><INIT seed="3,0,0,1,3,81" ten="154,175,327,344" oya="3" hai0="125,18,37,42,94,118,68,54,76,26,51,99,45" hai1="82,33,111,90,35,69,119,102,133,77,55,67,56" hai2="107,130,24,120,112,8,117,85,108,84,27,61,4" hai3="46,110,70,11,124,65,59,48,23,109,71,122,132"/><W97/><G11/><T12/><D118/><U66/><E111/><N who="3" m="42506" /><G97/><T13/><D68/><N who="3" m="26153" /><G23/><T83/><D125/><U10/><E119/><V80/><F117/><W14/><G14/><T44/><D26/><U62/><E66/><V91/><F108/><W113/><G113/><T86/><REACH who="0" step="1"/><D18/><REACH who="0" ten="144,175,327,344" step="2"/><U57/><E33/><V17/><F17/><W121/><G124/><T123/><D123/><N who="3" m="47113" /><G132/><T63/><D63/><U96/><E35/><V32/><F61/><N who="3" m="38079" /><G48/><T106/><D106/><U20/><E133/><V9/><F24/><W21/><G21/><T64/><D64/><U0/><E20/><V38/><F27/><W78/><G78/><T6/><D6/><U47/><E77/><V129/><F4/><W2/><G2/><T7/><D7/><U60/><E0/><V22/><F107/><W126/><G126/><T72/><D72/><U19/><E67/><V73/><F22/><W50/><G50/><T15/><D15/><U134/><E69/><V116/><F32/><W49/><G49/><T89/><AGARI ba="0,1" hai="12,13,37,42,44,45,51,54,76,83,86,89,94,99" machi="89" ten="20,8000,1" yaku="1,1,0,1,7,1,52,1,53,1" doraHai="81" doraHaiUra="75" who="0" fromWho="0" sc="144,90,175,-20,327,-20,344,-40" /><INIT seed="4,0,0,3,0,110" ten="234,155,307,304" oya="0" hai0="114,48,96,38,129,62,132,124,106,86,14,94,2" hai1="40,127,79,34,87,111,60,97,95,10,128,25,118" hai2="112,108,104,120,76,18,44,22,53,131,100,103,82" hai3="32,89,46,41,6,33,93,29,71,39,31,133,122"/><T70/><D38/><U92/><E111/><V11/><F108/><W135/><G122/><T105/><D2/><U4/><E118/><V113/><F120/><W59/><G71/><T91/><D124/><U75/><E127/><V88/><F131/><W3/><G6/><T119/><D119/><U109/><E109/><V66/><F66/><W26/><G3/><T54/><D129/><U55/><E128/><V50/><F11/><W19/><G59/><T37/><D37/><U23/><E34/><V13/><F88/><W43/><G19/><T9/><D132/><N who="3" m="50761" /><G43/><T35/><D35/><N who="3" m="13385" /><G26/><T85/><D114/><N who="2" m="44138" /><F104/><W74/><G74/><AGARI ba="0,0" hai="13,18,22,44,50,53,74,76,82,100,103" m="44138" machi="74" ten="30,7700,0" yaku="15,1,52,3" doraHai="110" who="2" fromWho="3" sc="234,0,155,0,307,77,304,-77" /><INIT seed="5,0,0,3,4,119" ten="234,155,384,227" oya="1" hai0="11,114,54,66,39,93,68,78,4,61,134,27,107" hai1="99,62,1,28,36,45,32,101,94,7,57,133,46" hai2="25,95,40,127,18,111,58,135,63,47,49,79,44" hai3="109,51,74,120,38,0,69,87,15,113,110,105,48"/><U35/><E133/><V122/><F111/><W29/><G0/><T130/><D114/><U5/><E36/><V131/><F122/><W33/><G113/><T59/><D134/><U12/><E1/><V55/><F135/><W125/><G105/><T80/><D130/><U9/><E7/><V10/><F127/><W108/><G74/><T116/><D116/><U73/><E73/><V23/><F131/><W112/><G112/><T56/><D39/><U132/><E132/><V60/><F79/><W118/><G118/><T13/><D107/><U97/><E35/><V22/><F10/><W124/><G69/><T64/><D27/><U75/><E75/><V84/><F47/><W20/><G120/><T86/><D68/><U102/><E28/><V128/><F128/><W6/><G33/><T96/><REACH who="0" step="1"/><D59/><REACH who="0" ten="224,155,384,227" step="2"/><U42/><E32/><V104/><F104/><W37/><G38/><T19/><D19/><U14/><E42/><V52/><F25/><W71/><G37/><T115/><D115/><U8/><E12/><V88/><F18/><W100/><G71/><T65/><D65/><U21/><E9/><V3/><F3/><W41/><G110/><T81/><D81/><U43/><E43/><V34/><F34/><W117/><G109/><T92/><D92/><N who="1" m="58535" /><E21/><V85/><F22/><W31/><G108/><T2/><D2/><U24/><E24/><V90/><F23/><W26/><G117/><T121/><D121/><U106/><E106/><V76/><F40/><W129/><G129/><T70/><D70/><U72/><E72/><V98/><F58/><W103/><G125/><RYUUKYOKU type="nm" ba="0,1" sc="224,-20,155,-40,384,-20,227,80" hai0="4,11,13,54,56,61,64,66,78,80,86,93,96" hai1="5,8,14,45,46,57,62,94,99,102" /><INIT seed="5,1,1,2,2,4" ten="204,115,364,307" oya="1" hai0="30,104,80,79,5,15,124,106,98,16,96,91,134" hai1="25,121,129,100,58,69,44,2,110,111,75,35,27" hai2="115,74,87,18,21,76,28,45,82,117,93,1,54" hai3="53,39,70,68,135,23,47,51,48,11,73,22,31"/><U109/><E121/><V122/><F117/><W34/><G135/><T59/><D134/><U0/><E69/><V108/><F108/><N who="1" m="27649" /><U38/><DORA hai="127" /><E75/><V9/><F28/><W24/><G73/><T77/><D124/><U97/><E58/><V65/><F65/><W90/><G39/><T42/><D30/><N who="1" m="19919" /><E27/><V123/><F115/><W6/><G70/><T126/><D126/><U112/><E112/><V103/><F74/><W41/><G90/><T26/><D79/><U105/><E129/><V116/><F116/><W83/><G83/><T94/><D96/><U92/><E92/><V118/><F118/><W32/><G68/><T55/><D26/><U8/><E8/><V72/><F72/><W130/><G130/><T81/><D81/><U60/><E60/><V114/><F114/><W52/><G34/><T120/><D104/><U113/><E113/><V86/><F93/><W84/><G84/><T33/><D33/><U125/><E125/><V131/><F86/><W101/><G101/><T85/><D106/><U89/><E89/><V37/><F103/><W7/><G7/><T10/><D5/><U19/><E19/><V40/><F131/><W43/><G23/><T3/><D120/><U107/><E107/><V20/><F123/><W66/><G32/><T49/><D3/><U102/><E102/><V132/><F122/><W64/><G64/><T29/><D29/><U17/><E17/><V14/><F132/><W67/><G66/><T128/><D128/><U119/><E119/><V62/><F1/><N who="3" m="463" /><G67/><T78/><D78/><U99/><E99/><V46/><F62/><RYUUKYOKU ba="1,1" sc="204,0,115,0,364,0,307,0" hai0="10,15,16,42,49,55,59,77,80,85,91,94,98" hai1="0,2,38,44,97,100,105" hai2="9,14,18,20,21,37,40,45,46,54,76,82,87" hai3="22,24,31,41,43,47,48,51,52,53" /><INIT seed="5,2,1,1,2,69" ten="204,115,364,307" oya="1" hai0="88,91,133,80,39,26,64,35,76,6,0,97,31" hai1="129,86,108,48,68,19,131,74,52,85,43,117,56" hai2="100,50,132,23,81,101,119,21,1,116,94,63,17" hai3="112,87,89,125,44,3,66,121,27,12,70,59,124"/><U46/><E74/><V104/><F1/><W110/><G110/><T109/><D109/><U25/><E68/><V134/><F81/><W93/><G121/><T114/><D114/><U36/><E108/><V57/><F50/><W42/><G3/><T126/><D126/><N who="3" m="48745" /><G112/><T79/><D133/><N who="2" m="51306" /><F94/><W28/><G12/><T62/><D39/><U54/><E117/><N who="2" m="45131" /><F104/><W20/><G70/><T24/><D79/><U78/><E78/><V71/><F23/><W51/><G59/><T22/><D80/><U14/><E25/><N who="2" m="14511" /><F71/><W99/><G66/><AGARI ba="2,1" hai="57,63,66,100,101" m="14511,45131,51306" machi="66" ten="30,1000,0" yaku="20,1" doraHai="69" who="2" fromWho="3" sc="204,0,115,0,364,26,307,-16" /><INIT seed="6,0,0,2,0,49" ten="204,115,390,291" oya="2" hai0="22,93,131,81,61,39,13,86,73,17,113,30,135" hai1="66,19,120,15,111,112,9,24,25,72,57,117,134" hai2="41,89,36,14,122,60,63,103,74,106,116,109,46" hai3="27,4,69,48,2,37,26,32,50,3,102,77,11"/><V84/><F116/><W107/><G37/><T95/><D113/><U40/><E117/><V76/><F122/><W28/><G69/><T10/><D131/><U0/><E111/><V12/><F109/><W35/><G77/><T100/><D135/><U119/><E119/><V54/><F76/><W71/><G71/><T58/><D39/><U78/><E112/><V127/><F74/><W68/><G68/><T91/><D73/><U79/><E134/><V20/><F127/><W80/><G80/><T52/><D100/><U42/><E120/><V8/><F103/><W108/><G108/><T132/><D132/><U38/><E0/><V121/><F106/><W82/><G82/><T56/><D56/><U101/><E101/><V124/><F124/><W43/><G43/><T99/><D99/><U65/><E72/><V16/><F54/><W33/><G3/><T67/><D67/><U53/><E38/><V118/><F118/><W83/><G83/><T130/><D130/><U96/><E96/><V87/><F121/><W21/><G27/><AGARI ba="0,0" hai="10,13,17,22,27,30,52,58,61,81,86,91,93,95" machi="27" ten="40,5200,0" yaku="8,1,52,1,54,1" doraHai="49" who="0" fromWho="3" sc="204,52,115,0,390,0,291,-52" /><INIT seed="7,0,0,4,4,15" ten="256,115,390,239" oya="3" hai0="66,39,109,122,87,34,129,8,61,116,103,55,84" hai1="3,97,23,96,30,104,105,24,14,74,134,4,119" hai2="44,19,16,56,82,45,29,76,21,93,37,52,128" hai3="27,77,115,133,135,10,94,12,107,35,59,72,64"/><W49/><G115/><T99/><D116/><U17/><E119/><V63/><F128/><W38/><G107/><T88/><D122/><U1/><E74/><V117/><F117/><W118/><G118/><T83/><D109/><U67/><E134/><N who="3" m="51210" /><G38/><T132/><D34/><U31/><E104/><V131/><F131/><W92/><G77/><T48/><D39/><U58/><E105/><V79/><F37/><W86/><G72/><T110/><D129/><U78/><E78/><N who="2" m="29739" /><F82/><W25/><G86/><T26/><D87/><U22/><E3/><V85/><F29/><N who="3" m="19887" /><G27/><T47/><D26/><U127/><E127/><V126/><F126/><W73/><G73/><T71/><D110/><U33/><E23/><V46/><F21/><W11/><G11/><T54/><D8/><U9/><REACH who="1" step="1"/><E31/><REACH who="1" ten="256,105,390,239" step="2"/><V75/><F75/><W18/><G64/><T114/><D132/><U90/><E90/><AGARI ba="0,1" hai="16,19,44,45,46,52,56,63,85,90,93" m="29739" machi="90" ten="30,8000,1" yaku="8,1,52,2,54,2" doraHai="15" who="2" fromWho="1" sc="256,0,105,-80,390,90,239,0" owari="256,5.6,25,-47.5,480,58.0,239,-16.1" /></mjloggm>