<mjloggm ver="2.3"><GO type="225" lobby="0"/><UN n0="%E5%91%A8%E6%9D%B1" n1="%E6%9C%88%E5%A4%9C%E3%81%AB%E9%A2%A8" n2="%E4%BF%BA%E3%81%A8%E5%A6%96%E5%A4%A2" n3="%72%61%6B%33" dan="16,16,16,16" rate="2188.70,2086.94,2137.60,2096.27" sx="M,M,F,M"/><TAIKYOKU oya="0"/><INIT seed="0,0,0,0,0,67" ten="250,250,250,250" oya="0" hai0="39,112,38,42,78,77,105,65,94,102,59,120,10" hai1="121,61,115,25,23,19,130,131,92,1,124,117,70" hai2="109,91,48,88,126,47,16,64,34,31,114,85,2" hai3="106,82,37,95,32,50,12,20,36,58,110,86,27"/><T101/><D120/><U45/><E121/><V7/><F114/><W96/><G110/><T30/><D112/><U98/><E117/><V11/><F109/><W83/><G106/><T123/><D105/><U99/><E115/><V87/><F126/><W104/><G104/><T49/><D38/><U100/><E1/><V132/><F132/><W127/><G127/><T73/><D73/><U118/><E118/><V60/><F34/><W125/><G125/><T89/><D39/><U57/><E45/><V40/><F31/><W74/><G32/><T52/><D123/><U75/><E75/><V3/><F3/><W93/><G12/><T113/><D113/><U46/><E46/><V103/><F103/><N who="0" m="39434" /><D65/><U68/><E99/><V14/><F87/><W54/><G74/><T66/><D66/><N who="1" m="39215" /><E124/><V63/><F85/><W26/><G83/><T69/><D69/><U81/><E81/><V13/><F2/><W9/><G36/><T107/><D107/><U53/><E53/><V33/><F33/><W122/><G37/><T51/><D30/><U41/><E41/><V79/><F79/><N who="0" m="30218" /><D10/><U17/><E17/><V29/><F29/><W97/><G9/><T111/><D111/><U80/><E80/><V6/><F6/><W71/><G122/><T0/><D0/><U133/><E133/><V15/><F15/><W128/><G82/><T24/><D24/><U43/><E43/><V62/><F64/><W56/><G26/><T21/><D21/><AGARI ba="0,0" hai="7,11,13,14,16,21,40,47,48,60,62,63,88,91" machi="21" ten="40,5200,0" yaku="8,1,54,2" doraHai="67" who="2" fromWho="0" sc="250,-52,250,0,250,52,250,0" /><INIT seed="1,0,0,5,5,110" ten="198,250,302,250" oya="1" hai0="124,10,54,83,66,99,23,43,126,113,46,104,8" hai1="116,6,30,16,92,31,53,91,17,13,62,98,14" hai2="90,71,120,95,96,119,111,33,101,128,87,9,24" hai3="19,48,133,127,85,7,114,74,3,63,102,117,84"/><U56/><E116/><V67/><F119/><W64/><G74/><T5/><D66/><U29/><E6/><V61/><F120/><W94/><G117/><T50/><D113/><U93/><E93/><V4/><F111/><W81/><G127/><T2/><D10/><U88/><E91/><V12/><F128/><W131/><G133/><T107/><D83/><U40/><E40/><V26/><REACH who="2" step="1"/><F33/><REACH who="2" ten="198,250,292,250" step="2"/><W86/><G131/><T11/><D126/><U97/><E97/><V1/><F1/><W39/><G3/><T25/><D124/><U115/><E115/><V73/><F73/><W34/><G34/><T82/><D99/><U130/><E130/><V89/><F89/><W75/><G75/><T21/><D2/><U35/><E35/><V28/><F28/><W106/><G114/><T105/><D5/><U132/><E132/><V36/><F36/><W79/><G39/><T118/><D118/><U58/><E58/><V108/><F108/><W135/><G7/><T18/><D82/><AGARI ba="0,1" hai="4,9,12,24,26,61,67,71,82,87,90,95,96,101" machi="82" ten="30,3900,0" yaku="1,1,7,1,53,1" doraHai="110" doraHaiUra="57" who="2" fromWho="0" sc="198,-39,250,0,292,49,250,0" /><INIT seed="2,0,0,4,5,83" ten="159,250,341,250" oya="2" hai0="88,40,85,125,31,124,123,114,23,119,98,128,99" hai1="11,3,108,2,62,104,51,97,90,112,42,84,134" hai2="127,17,73,46,32,105,56,80,93,55,38,68,109" hai3="4,81,78,50,91,60,126,13,0,70,43,92,102"/><V129/><F105/><W12/><G126/><T61/><D123/><U130/><E112/><V117/><F117/><W115/><G115/><T95/><D114/><U106/><E108/><V94/><F68/><W1/><G102/><T15/><D40/><U96/><E130/><V6/><F32/><W75/><G43/><T72/><D72/><U18/><E134/><V9/><F46/><W26/><G50/><T131/><D61/><U52/><E62/><V53/><F38/><W47/><G47/><T19/><D31/><U7/><E42/><V101/><F127/><N who="0" m="48714" /><D119/><U24/><E2/><V29/><F29/><W66/><G26/><T64/><D64/><U36/><E36/><V20/><F101/><W45/><G45/><T34/><D34/><U5/><E5/><V30/><F30/><W28/><G28/><T135/><D135/><U71/><E71/><V63/><F55/><W120/><G120/><T8/><D8/><U110/><E110/><V57/><F57/><W49/><G49/><T118/><D118/><U133/><E133/><V14/><F129/><AGARI ba="0,0" hai="15,19,23,85,88,95,98,99,128,129,131" m="48714" machi="129" ten="30,7700,0" yaku="19,1,18,1,52,1,54,1" doraHai="83" who="0" fromWho="2" sc="159,77,250,0,341,-77,250,0" /><INIT seed="3,0,0,5,0,8" ten="236,250,264,250" oya="3" hai0="40,125,113,67,43,36,122,83,116,111,32,114,89" hai1="55,34,81,16,91,51,133,4,127,96,79,126,58" hai2="23,59,108,47,129,5,63,95,41,103,0,52,62" hai3="21,76,64,73,56,46,39,78,101,30,110,80,75"/><W49/><G110/><T35/><D116/><U104/><E34/><N who="0" m="12841" /><D122/><U25/><E133/><V65/><F108/><W60/><G39/><T72/><D111/><U97/><E4/><V109/><F109/><W119/><G119/><T71/><D89/><U107/><E91/><V15/><F129/><W84/><G101/><T132/><D132/><U105/><E127/><V131/><F131/><W42/><REACH who="3" step="1"/><G78/><REACH who="3" ten="236,250,264,240" step="2"/><N who="0" m="44487" /><D125/><U115/><E126/><V1/><F103/><W44/><G44/><N who="0" m="23559" /><D43/><U19/><E115/><V57/><F47/><W45/><G45/><T100/><D100/><U14/><E79/><V85/><F41/><W10/><G10/><T29/><D29/><U27/><E107/><V120/><F120/><W24/><AGARI ba="0,1" hai="21,24,30,42,46,49,56,60,64,73,75,76,80,84" machi="24" ten="30,3000,0" yaku="1,1,0,1,53,0" doraHai="8" doraHaiUra="6" who="3" fromWho="3" sc="236,-10,250,-10,264,-10,240,40" /><INIT seed="3,1,0,4,5,31" ten="226,240,254,280" oya="3" hai0="82,66,112,93,96,59,27,84,26,55,33,30,34" hai1="83,1,99,80,57,98,76,9,22,85,78,49,88" hai2="72,39,3,50,14,10,28,125,2,52,38,8,104" hai3="92,108,25,65,51,11,119,16,71,73,126,17,29"/><W95/><G119/><T43/><D43/><U131/><E131/><V116/><F116/><W54/><G73/><T62/><D112/><U132/><E132/><V109/><F72/><W81/><G108/><T64/><D27/><U135/><E135/><V46/><F104/><W115/><G115/><T133/><D133/><U110/><E110/><V56/><F109/><W13/><G126/><T127/><D127/><U121/><E121/><V75/><F75/><W21/><G81/><T94/><D34/><U86/><E22/><V105/><F105/><W24/><G65/><T120/><D120/><U58/><E49/><V74/><F74/><W15/><G71/><T67/><REACH who="0" step="1"/><D96/><REACH who="0" ten="216,240,254,280" step="2"/><U134/><E134/><V87/><F125/><W77/><G24/><T123/><D123/><U18/><E99/><V68/><F38/><W69/><G69/><T42/><D42/><U12/><E1/><V89/><F68/><W40/><G40/><T106/><D106/><U70/><E70/><V122/><F122/><W61/><G77/><AGARI ba="1,1" hai="26,30,33,55,59,62,64,66,67,77,82,84,93,94" machi="77" ten="40,2600,0" yaku="1,1,52,1,53,0" doraHai="31" doraHaiUra="118" who="0" fromWho="3" sc="216,39,240,0,254,0,280,-29" /><INIT seed="4,0,0,4,1,90" ten="255,240,254,251" oya="0" hai0="1,95,25,4,51,50,121,12,58,104,39,110,72" hai1="120,13,11,86,92,128,88,32,75,10,135,3,23" hai2="63,26,112,98,85,64,127,129,66,122,40,118,77" hai3="22,93,78,109,53,131,113,81,117,24,15,91,107"/><T38/><D104/><U57/><E120/><V17/><F122/><W31/><G107/><T48/><D121/><U84/><E32/><V87/><F112/><W97/><G113/><T20/><D72/><U133/><E128/><V116/><F129/><W111/><G131/><T71/><D71/><U6/><E75/><V134/><F40/><W73/><G117/><T94/><D1/><U46/><E46/><V29/><F134/><N who="1" m="51209" /><E57/><V5/><F5/><W68/><G68/><T9/><D110/><U80/><E23/><V43/><F43/><W56/><REACH who="3" step="1"/><G15/><REACH who="3" ten="255,240,254,241" step="2"/><T108/><D108/><U82/><E86/><V103/><F87/><W16/><G16/><AGARI ba="0,1" hai="3,6,10,11,13,16,80,82,84,88,92" m="51209" machi="16" ten="30,7700,0" yaku="20,1,52,1,54,2" doraHai="90" who="1" fromWho="3" sc="255,0,240,87,254,0,241,-77" owari="255,5.5,327,42.7,254,-14.6,164,-33.6" /></mjloggm>