<mjloggm ver="2.3"><GO type="169" lobby="0"/><UN n0="%E5%A4%A9%E6%89%8D%E9%BA%BB%E5%B0%86%E6%99%BA%E4%B9%83" n1="%E2%97%8E%E3%82%88%E3%81%97%E2%97%8E" n2="%E5%A4%A9%E6%89%8D%E3%82%A4%E3%83%99%E3%83%AA%E3%82%B3%E8%B1%9A" n3="%E3%81%93%E3%81%9A" dan="16,17,16,17" rate="2167.44,2191.58,2074.15,2220.00" sx="M,M,F,M"/><TAIKYOKU oya="0"/><INIT seed="0,0,0,1,2,70" ten="250,250,250,250" oya="0" hai0="45,135,87,133,132,112,89,97,59,134,55,94,95" hai1="73,116,120,22,54,67,96,40,92,5,80,57,6" hai2="53,19,58,3,12,62,27,84,24,72,11,66,75" hai3="60,124,127,126,69,25,28,32,48,26,16,30,44"/><T103/><N who="0" m="33792" /><DORA hai="128" /><T18/><D112/><U119/><E54/><V21/><F3/><W68/><G60/><N who="0" m="35967" /><D18/><U33/><E6/><V78/><F27/><W93/><G93/><N who="0" m="54463" /><D45/><U105/><E5/><V117/><F117/><W85/><G85/><T17/><D17/><U51/><E116/><V106/><F106/><AGARI ba="0,0" hai="94,95,97,103,106" m="54463,35967,33792" machi="106" ten="60,12000,1" yaku="20,1,52,4" doraHai="70,128" who="0" fromWho="2" sc="250,120,250,0,250,-120,250,0" /><INIT seed="0,1,0,3,1,67" ten="370,250,130,250" oya="0" hai0="112,127,48,96,30,73,49,33,23,71,98,36,100" hai1="75,78,134,50,3,24,26,120,2,126,41,118,123" hai2="11,131,25,28,93,66,46,5,20,1,44,101,69" hai3="35,65,76,17,8,64,79,81,116,91,74,119,21"/><T82/><D36/><U53/><E118/><V56/><F131/><W135/><G35/><T54/><D112/><U97/><E41/><V128/><F128/><W34/><G34/><T106/><D23/><U113/><E126/><V103/><F103/><W72/><G8/><T61/><D127/><U102/><E134/><V121/><F69/><W105/><G105/><T18/><D18/><U84/><E75/><V107/><F107/><W117/><G135/><T92/><D82/><U37/><E37/><V115/><F121/><W27/><G91/><N who="0" m="55327" /><D54/><U9/><E113/><V6/><F6/><W77/><REACH who="3" step="1"/><G81/><REACH who="3" ten="370,250,130,240" step="2"/><T15/><D33/><U45/><E9/><V130/><F115/><W13/><G13/><T80/><D80/><U22/><E3/><V133/><F130/><W51/><G51/><T70/><D15/><U111/><E2/><V59/><F133/><W86/><G86/><T32/><D73/><AGARI ba="1,1" hai="17,21,27,64,65,72,73,74,76,77,79,116,117,119" machi="73" ten="50,1600,0" yaku="1,1,53,0" doraHai="67" doraHaiUra="55" who="3" fromWho="0" sc="370,-19,250,0,130,0,240,29" /><INIT seed="1,0,0,1,3,70" ten="351,250,130,269" oya="1" hai0="51,48,103,12,86,132,23,40,7,133,34,134,79" hai1="52,124,81,112,127,30,120,22,32,83,49,95,6" hai2="105,85,82,16,74,87,9,45,78,43,91,44,93" hai3="88,90,68,20,61,76,102,126,15,97,116,28,14"/><U58/><E120/><V69/><F69/><W114/><G114/><T118/><D118/><U54/><E112/><V41/><F105/><W33/><G33/><T108/><D34/><U3/><E32/><V2/><F2/><W99/><G116/><T50/><D108/><U47/><E95/><V65/><F65/><W123/><G123/><T8/><D103/><U75/><E75/><V96/><F45/><W25/><G76/><T104/><D104/><U125/><E6/><V29/><F43/><W115/><G115/><T36/><D23/><U38/><E3/><V101/><F29/><W122/><G126/><T128/><D128/><U67/><E67/><V117/><F101/><W62/><G122/><T71/><D71/><U98/><E98/><N who="3" m="37386" /><G102/><T5/><D5/><U94/><E94/><V37/><REACH who="2" step="1"/><F117/><REACH who="2" ten="351,250,120,269" step="2"/><W35/><G68/><T107/><D107/><U129/><E129/><V84/><F84/><W31/><G31/><T24/><D86/><U110/><E110/><V106/><F106/><W18/><G35/><T89/><D40/><N who="1" m="22935" /><E54/><V66/><F66/><W77/><G28/><T4/><D134/><U130/><E130/><V53/><F53/><W27/><G27/><AGARI ba="0,1" hai="22,27,30,49,52,58,81,83,124,125,127" m="22935" machi="27" ten="30,5800,0" yaku="18,1,52,1,54,1" doraHai="70" who="1" fromWho="3" sc="351,0,250,68,120,0,269,-58" /><INIT seed="1,1,0,2,5,31" ten="351,318,120,211" oya="1" hai0="93,133,123,126,67,111,57,44,63,80,10,7,33" hai1="115,108,45,110,71,30,16,23,82,21,132,101,130" hai2="56,62,11,39,106,83,48,41,42,131,68,49,66" hai3="129,78,65,113,91,102,64,5,120,76,94,15,3"/><U87/><E115/><V105/><F11/><N who="3" m="4591" /><G113/><T58/><D111/><N who="1" m="42539" /><E71/><V77/><F131/><W40/><G120/><T117/><D117/><U29/><E130/><V97/><F106/><W4/><G3/><T92/><D123/><U107/><E132/><V25/><F105/><W2/><G2/><T72/><D133/><U55/><E23/><V6/><F6/><W81/><G4/><T121/><D121/><U95/><E107/><V22/><F97/><N who="3" m="59703" /><G40/><T28/><D126/><U124/><E124/><V75/><F41/><W96/><G129/><T116/><D116/><U13/><E101/><V47/><REACH who="2" step="1"/><F68/><REACH who="2" ten="351,318,110,211" step="2"/><W99/><G99/><T85/><D7/><U118/><E118/><V34/><F34/><W135/><G96/><T70/><D33/><U24/><E95/><V8/><F8/><W128/><G128/><T53/><D93/><U74/><E74/><V89/><F89/><W46/><G135/><T119/><D92/><U112/><E112/><V84/><F84/><N who="3" m="50575" /><G46/><T38/><D72/><U100/><E100/><V43/><F43/><W125/><G125/><T103/><D103/><U35/><E87/><V19/><AGARI ba="1,1" hai="19,22,25,39,42,47,48,49,56,62,66,75,77,83" machi="19" ten="20,5200,0" yaku="1,1,0,1,7,1,53,1" doraHai="31" doraHaiUra="12" who="2" fromWho="2" sc="351,-14,318,-27,110,65,211,-14" /><INIT seed="2,0,0,1,4,90" ten="337,291,175,197" oya="2" hai0="129,117,16,34,68,22,50,125,17,5,134,29,124" hai1="109,85,60,57,64,98,14,11,44,132,41,92,23" hai2="56,43,15,7,133,104,103,118,55,49,123,83,58" hai3="113,9,116,51,46,119,91,112,2,42,24,89,32"/><V127/><F118/><W28/><G91/><T97/><D68/><U78/><E109/><V82/><F123/><W74/><G74/><T65/><D65/><U61/><E132/><V39/><F127/><N who="0" m="48714" /><D117/><U52/><E23/><V76/><F133/><W122/><G122/><T87/><D134/><U102/><E78/><V26/><F83/><W20/><G32/><T106/><D129/><U66/><E85/><V71/><F71/><W53/><G42/><T27/><D5/><U19/><REACH who="1" step="1"/><E61/><REACH who="1" ten="337,281,175,197" step="2"/><V30/><F76/><W31/><G116/><T110/><D110/><U77/><E77/><V73/><F73/><W33/><G119/><T0/><D87/><U10/><E10/><V126/><F82/><W96/><G20/><T105/><D22/><U38/><AGARI ba="0,1" hai="11,14,19,38,41,44,52,57,60,64,66,92,98,102" machi="38" ten="20,12000,2" yaku="1,1,0,1,7,1,52,1,54,1,53,1" doraHai="90" doraHaiUra="48" who="1" fromWho="1" sc="337,-30,281,130,175,-60,197,-30" /><INIT seed="3,0,0,4,0,36" ten="307,411,115,167" oya="3" hai0="35,135,10,57,120,44,19,38,3,111,70,50,17" hai1="103,92,74,0,25,114,68,14,7,66,45,96,85" hai2="116,31,82,46,124,76,49,100,41,134,26,78,4" hai3="93,53,126,108,99,72,83,9,104,54,11,127,95"/><W1/><G104/><T105/><D70/><U15/><E74/><V27/><F116/><W119/><G119/><T107/><D35/><U64/><E114/><V98/><F124/><N who="3" m="47659" /><G108/><T77/><D120/><U130/><E130/><V122/><F122/><W125/><N who="3" m="47667" /><W109/><DORA hai="115" /><G109/><T29/><D29/><U73/><E73/><V34/><F134/><W89/><G95/><T123/><D123/><U22/><E0/><V32/><F4/><N who="3" m="1167" /><G11/><T62/><D135/><U97/><E7/><V63/><F63/><W61/><G61/><T113/><D113/><U91/><E97/><V65/><F65/><W5/><G5/><T13/><D111/><U8/><E68/><V118/><F118/><W132/><G132/><T101/><D3/><U87/><E8/><V69/><F69/><W56/><G56/><T16/><D107/><U42/><E66/><V12/><F12/><W71/><G71/><T2/><D2/><U79/><E64/><V24/><F78/><AGARI ba="0,0" hai="53,54,72,78,83,89,93,99" m="1167,47667" machi="78" ten="40,2000,0" yaku="18,1" doraHai="36,115" who="3" fromWho="2" sc="307,0,411,0,115,-20,167,20" /><INIT seed="3,1,0,1,4,4" ten="307,411,95,187" oya="3" hai0="125,134,63,54,13,123,5,48,61,132,32,78,96" hai1="41,87,72,120,111,29,99,7,62,131,23,42,90" hai2="129,67,121,34,100,77,30,28,86,2,103,108,104" hai3="130,37,128,31,11,75,51,105,45,124,113,8,22"/><W135/><G113/><T80/><D32/><U84/><E72/><V83/><F108/><W44/><G75/><T70/><D123/><U10/><E120/><V97/><F129/><N who="3" m="49771" /><G124/><T126/><D96/><U95/><E111/><V43/><F121/><W68/><G68/><T60/><D70/><U55/><E131/><V12/><F2/><W119/><G119/><T1/><D13/><U0/><E41/><V93/><F34/><W89/><G105/><T56/><D5/><U81/><E42/><V117/><F117/><W110/><G110/><T21/><D21/><U3/><E3/><V76/><F76/><W52/><G135/><N who="0" m="51755" /><D1/><U92/><E23/><V114/><F114/><W36/><G89/><T106/><D106/><U25/><E81/><V69/><F43/><N who="3" m="22631" /><G37/><T109/><D109/><U79/><E79/><V58/><F69/><W17/><G31/><T91/><D91/><U39/><E39/><V66/><F103/><W19/><G19/><T98/><D98/><U107/><E107/><V85/><F104/><W47/><G47/><T27/><D78/><U102/><E29/><V26/><F28/><W18/><G18/><T20/><D80/><U71/><E71/><V133/><F133/><W6/><G6/><T24/><D24/><AGARI ba="1,0" hai="8,11,17,22,24,45,51,52" m="22631,49771" machi="24" ten="30,11600,0" yaku="19,1,52,2,54,1" doraHai="4" who="3" fromWho="0" sc="307,-119,411,0,95,0,187,119" /><INIT seed="3,2,0,2,4,91" ten="188,411,95,306" oya="3" hai0="45,117,122,6,119,39,70,71,104,24,33,78,63" hai1="10,134,48,90,22,86,130,50,21,54,37,61,89" hai2="124,58,65,18,0,73,101,19,135,34,7,111,72" hai3="121,44,30,36,51,112,102,120,53,84,99,125,113"/><W98/><G36/><T81/><D122/><U2/><E37/><V40/><F111/><W80/><G30/><N who="0" m="19655" /><D104/><U29/><E130/><V15/><F135/><W12/><G125/><T64/><D70/><U68/><E134/><V79/><F124/><W107/><G99/><T103/><D103/><U132/><E132/><V118/><F118/><W59/><G120/><T77/><D6/><U128/><E128/><V87/><F34/><W26/><G26/><T55/><D78/><U116/><E116/><V97/><F40/><W75/><G75/><N who="0" m="43199" /><D55/><U60/><E68/><V105/><F19/><W14/><G121/><T126/><D126/><U5/><E89/><V62/><F0/><W83/><G83/><T96/><D96/><U93/><E50/><V129/><F7/><W127/><G127/><T25/><D25/><U114/><E114/><V110/><F129/><W43/><G12/><T67/><D67/><U109/><E109/><V46/><F110/><W47/><G14/><T11/><D11/><U115/><E115/><V131/><F131/><W32/><G32/><T9/><D9/><U106/><E106/><V38/><F87/><W95/><G107/><T8/><D8/><U108/><E108/><V27/><F27/><W82/><G82/><T35/><D35/><U52/><E29/><V85/><F85/><W42/><G112/><T123/><D123/><U69/><E69/><V17/><F79/><N who="3" m="46111" /><G113/><T88/><D88/><U20/><E54/><V66/><F66/><W41/><AGARI ba="2,0" hai="41,42,43,44,47,51,53,59,95,98,102" m="46111" machi="41" ten="30,3000,0" yaku="8,1,52,1" doraHai="91" who="3" fromWho="3" sc="188,-12,411,-12,95,-12,306,36" /><INIT seed="3,3,0,2,3,73" ten="176,399,83,342" oya="3" hai0="90,118,131,105,111,32,50,7,91,85,125,61,53" hai1="88,5,119,123,19,41,49,3,13,83,35,8,28" hai2="56,4,81,57,29,10,71,24,132,59,114,127,89" hai3="0,38,103,42,70,68,44,104,9,135,58,86,133"/><W43/><G104/><T93/><D105/><U122/><E119/><V6/><F114/><W65/><G103/><T113/><D32/><U82/><E82/><V96/><F127/><W121/><G86/><T26/><D26/><U17/><E41/><V47/><F132/><N who="3" m="50763" /><G0/><T40/><D7/><U51/><E17/><V124/><F71/><N who="3" m="27179" /><G9/><T52/><D91/><U46/><E51/><V63/><F124/><W39/><G121/><T74/><D74/><U129/><E129/><V66/><F47/><N who="3" m="24023" /><G58/><T107/><D107/><U27/><E83/><V97/><F6/><W23/><G23/><T2/><D2/><U98/><E98/><V112/><F112/><W126/><G65/><T134/><D134/><U60/><E88/><V72/><F96/><W31/><G31/><T77/><D90/><U108/><E122/><V18/><F18/><W36/><G36/><T87/><D87/><U106/><E123/><V21/><F97/><W92/><G92/><T78/><D93/><U80/><E106/><V110/><F89/><W117/><G117/><T84/><D118/><U48/><E80/><V33/><F21/><W99/><G99/><T30/><D30/><U25/><E28/><V67/><F66/><W34/><G34/><T100/><D100/><U37/><E35/><V116/><F116/><W64/><G64/><T76/><D85/><U14/><E5/><V94/><F94/><W75/><G75/><T115/><D84/><U130/><E3/><N who="2" m="287" /><F81/><W11/><G11/><T95/><D95/><U12/><E8/><V102/><F67/><W55/><G126/><T20/><D125/><RYUUKYOKU ba="3,0" sc="176,-10,399,-10,83,-10,342,30" hai3="39,43,44,55" /><INIT seed="3,4,0,0,2,50" ten="166,389,73,372" oya="3" hai0="30,123,118,29,87,34,28,119,78,125,85,124,109" hai1="76,116,59,135,6,126,121,128,41,75,40,134,127" hai2="19,102,79,111,44,84,96,42,4,70,31,55,46" hai3="94,23,92,95,91,5,120,52,122,17,25,14,8"/><W35/><G35/><T12/><D34/><U57/><E6/><V53/><F111/><W80/><G120/><T58/><D109/><U10/><E10/><V27/><F70/><W62/><G122/><T81/><D123/><U56/><E121/><V26/><F4/><W98/><G80/><T74/><D12/><U48/><E76/><V61/><F61/><W49/><REACH who="3" step="1"/><G62/><REACH who="3" ten="166,389,73,362" step="2"/><T11/><D119/><U47/><E116/><V13/><F46/><AGARI ba="4,1" hai="5,8,14,17,23,25,46,49,52,91,92,94,95,98" machi="46" ten="30,18000,2" yaku="1,1,2,1,7,1,8,1,52,1,54,1,53,1" doraHai="50" doraHaiUra="9" who="3" fromWho="2" sc="166,0,389,0,73,-192,362,202" owari="166,-23.4,389,18.9,-119,-61.9,564,66.4" /></mjloggm>