<mjloggm ver="2.3"><GO type="169" lobby="0"/><UN n0="%E6%95%97%E5%8C%97%E8%80%85%E3%81%AD%E3%82%8B" n1="%52%59%4F%40%53%53" n2="%E2%84%83%2D%75%74%65" n3="%E6%B8%85%E9%A2%A8%E5%8C%97" dan="17,17,17,16" rate="2156.47,2150.48,2197.41,2176.87" sx="F,M,M,F"/><TAIKYOKU oya="0"/><INIT seed="0,0,0,3,3,124" ten="250,250,250,250" oya="0" hai0="103,0,96,89,11,35,71,36,112,41,119,86,3" hai1="84,74,72,90,127,51,87,111,55,29,5,75,4" hai2="62,66,132,109,76,123,129,27,95,83,60,53,30" hai3="98,47,17,93,92,19,73,8,78,94,21,2,37"/><T40/><D112/><U99/><E127/><V125/><F125/><W115/><G115/><T68/><D119/><U80/><E111/><V65/><F123/><W81/><G98/><T85/><D35/><U25/><E99/><V9/><F109/><W108/><G21/><T64/><D85/><U61/><E61/><V39/><F39/><W57/><G57/><T15/><D0/><U82/><E55/><V88/><F132/><W128/><G108/><T100/><D3/><U1/><E51/><V104/><F104/><W14/><G128/><T133/><D103/><U91/><REACH who="1" step="1"/><E1/><REACH who="1" ten="250,240,250,250" step="2"/><V46/><F62/><W79/><G2/><T121/><D121/><U122/><E122/><V117/><F60/><W12/><G37/><T113/><D113/><U26/><E26/><V134/><F53/><W70/><G14/><T107/><D133/><U54/><E54/><V105/><F27/><W69/><G12/><T59/><D64/><U97/><E97/><V45/><F66/><W101/><G70/><T28/><D36/><U130/><E130/><V23/><F65/><W56/><G69/><T33/><D68/><U16/><E16/><V7/><F129/><W110/><G19/><T24/><D71/><U135/><E135/><V67/><F67/><W63/><G17/><N who="0" m="8447" /><D59/><U38/><E38/><V58/><F58/><W18/><G56/><T20/><D33/><AGARI ba="0,1" hai="4,5,25,29,33,72,74,75,80,82,84,87,90,91" machi="33" ten="40,2600,0" yaku="1,1,9,1,53,0" doraHai="124" doraHaiUra="50" who="1" fromWho="0" sc="250,-26,240,36,250,0,250,0" /><INIT seed="1,0,0,1,5,112" ten="224,276,250,250" oya="1" hai0="70,88,131,82,17,102,108,0,84,134,4,1,122" hai1="59,132,48,66,47,114,29,94,67,120,30,110,14" hai2="5,2,8,73,18,6,87,80,39,135,63,21,77" hai3="49,41,105,53,27,10,123,60,64,107,93,31,37"/><U118/><E114/><V95/><F135/><W113/><G123/><T32/><D70/><U72/><E120/><V61/><F6/><W91/><G113/><T79/><D32/><U121/><E121/><V127/><F127/><W96/><G10/><T52/><D122/><U89/><E72/><V103/><F39/><W101/><G41/><T116/><D116/><U133/><E118/><V78/><F78/><W128/><G37/><T50/><D134/><N who="1" m="51819" /><E14/><V42/><F42/><W75/><G75/><T3/><D108/><U106/><E106/><V83/><F83/><W40/><G40/><T16/><D131/><U68/><E59/><V35/><F35/><W43/><G43/><T46/><D4/><U44/><E110/><V92/><F92/><W23/><G91/><T71/><D71/><U129/><E129/><V109/><F109/><W33/><G128/><T104/><REACH who="0" step="1"/><D79/><REACH who="0" ten="214,276,250,250" step="2"/><U100/><E68/><V130/><F130/><W90/><G33/><T13/><D13/><U97/><E89/><V81/><F77/><W15/><G90/><T76/><D76/><U111/><E111/><V57/><F73/><W55/><G15/><T115/><D115/><U117/><E117/><V54/><F5/><W9/><G27/><T45/><D45/><U26/><E47/><V34/><F34/><W69/><G69/><T7/><D7/><U12/><E12/><V119/><F119/><W85/><G9/><T58/><D58/><U20/><E26/><V126/><F57/><W86/><G23/><T28/><D28/><N who="1" m="10859" /><E20/><V99/><F21/><W124/><G31/><T36/><D36/><RYUUKYOKU ba="0,1" sc="214,15,276,15,250,-15,250,-15" hai0="0,1,3,16,17,46,50,52,82,84,88,102,104" hai1="44,48,66,67,94,97,100" /><INIT seed="1,1,1,4,5,115" ten="229,291,235,235" oya="1" hai0="84,24,98,132,86,29,120,126,52,119,2,76,116" hai1="113,33,35,93,25,80,6,68,90,101,27,124,56" hai2="47,21,69,10,26,97,89,45,16,42,108,44,72" hai3="65,112,106,96,15,117,18,110,78,128,48,83,67"/><U88/><E68/><V111/><F69/><W74/><G112/><T103/><D2/><U133/><E113/><V39/><F72/><W14/><G110/><N who="2" m="42025" /><F10/><W100/><G128/><T32/><D126/><U49/><E124/><V63/><F63/><W36/><G36/><T34/><D132/><U79/><E6/><V53/><F53/><W9/><G117/><T109/><D109/><U99/><E133/><V77/><F77/><W22/><REACH who="3" step="1"/><G48/><REACH who="3" ten="229,291,235,225" step="2"/><T70/><D120/><U118/><E118/><V5/><F5/><AGARI ba="1,2" hai="5,9,14,15,18,22,65,67,74,78,83,96,100,106" machi="5" ten="30,3900,0" yaku="1,1,2,1,7,1,53,0" doraHai="115" doraHaiUra="41" who="3" fromWho="2" sc="229,0,291,0,235,-42,225,62" /><INIT seed="2,0,0,3,4,59" ten="229,291,193,287" oya="2" hai0="98,16,12,133,44,105,57,108,128,121,32,114,34" hai1="78,87,74,14,8,62,9,102,120,89,33,20,90" hai2="2,132,130,1,77,17,69,11,38,84,56,54,51" hai3="42,73,123,7,80,75,104,41,88,116,134,37,85"/><V82/><F130/><W117/><G123/><T79/><D121/><U40/><E33/><V0/><F132/><W72/><G134/><T64/><D114/><U131/><E131/><V25/><F38/><W36/><G104/><T24/><D133/><U76/><E74/><V68/><REACH who="2" step="1"/><F25/><REACH who="2" ten="229,291,183,287" step="2"/><W63/><G37/><T52/><D128/><U46/><E120/><V30/><F30/><W81/><G36/><T83/><D24/><U113/><E113/><V53/><F53/><W60/><G117/><T97/><D108/><U48/><E40/><V4/><F4/><W19/><G7/><T125/><D125/><U99/><E46/><V71/><F71/><W65/><G42/><T126/><D44/><U22/><E48/><V122/><F122/><W35/><G41/><T23/><D126/><U112/><E112/><V43/><F43/><W109/><G116/><T45/><D45/><U58/><E58/><V47/><F47/><W28/><G109/><T127/><D127/><U106/><E106/><V49/><F49/><W66/><G28/><T27/><D27/><U31/><E31/><V6/><F6/><W13/><G35/><T107/><D64/><U94/><E14/><AGARI ba="0,1" hai="0,1,2,11,14,17,51,54,56,68,69,77,82,84" machi="14" ten="40,2000,0" yaku="1,1,53,0" doraHai="59" doraHaiUra="96" who="2" fromWho="1" sc="229,0,291,-20,183,30,287,0" /><INIT seed="2,1,0,4,2,62" ten="229,271,213,287" oya="2" hai0="133,26,6,14,34,74,73,17,47,75,12,33,72" hai1="127,9,45,35,64,31,123,99,97,19,42,126,117" hai2="38,125,104,107,88,54,131,92,86,78,96,1,29" hai3="93,120,89,113,4,116,2,122,23,63,76,13,22"/><V91/><F1/><W114/><G116/><T43/><N who="0" m="18432" /><DORA hai="51" /><T5/><D133/><U87/><E117/><V80/><F38/><W27/><G76/><T69/><D69/><U100/><E123/><N who="3" m="47146" /><G63/><T65/><D65/><U134/><E134/><V3/><F3/><W79/><G79/><T8/><D26/><U57/><E87/><V28/><F131/><W70/><G70/><T98/><D98/><U32/><E99/><V130/><F130/><W129/><G129/><T61/><D61/><N who="1" m="37935" /><E31/><V0/><F0/><W71/><G71/><T128/><D128/><U60/><E60/><V94/><F125/><N who="1" m="47625" /><E19/><V135/><F135/><W66/><G66/><T50/><REACH who="0" step="1"/><D5/><REACH who="0" ten="219,271,213,287" step="2"/><U85/><E97/><V103/><F107/><W90/><G4/><T84/><D84/><U112/><E85/><V46/><F104/><W111/><G27/><T102/><D102/><U110/><E100/><V121/><F103/><W68/><G68/><T21/><AGARI ba="1,1" hai="6,8,12,14,17,21,33,34,43,47,50" m="18432" machi="21" ten="60,7900,0" yaku="1,1,0,1,53,1" doraHai="62,51" doraHaiUra="132,39" who="0" fromWho="0" sc="219,92,271,-21,213,-40,287,-21" /><INIT seed="3,0,0,2,4,90" ten="311,250,173,266" oya="3" hai0="97,44,117,7,38,74,6,115,51,28,111,36,43" hai1="8,31,109,76,20,110,1,33,105,3,81,25,47" hai2="107,102,96,35,93,10,92,118,126,101,80,64,69" hai3="50,83,5,37,58,100,27,135,106,94,113,131,21"/><W66/><G113/><T29/><D117/><U124/><E105/><V56/><F118/><W2/><G37/><T22/><D74/><U45/><E124/><V16/><F35/><W53/><G131/><T59/><D115/><U104/><E104/><V13/><F126/><W123/><G106/><T57/><D111/><N who="1" m="42507" /><E33/><V119/><F119/><W49/><G123/><T133/><D133/><U82/><E82/><V128/><F128/><W32/><G32/><T122/><D122/><U70/><E70/><V0/><F0/><N who="1" m="73" /><E8/><V54/><F80/><W99/><G135/><T103/><D36/><U17/><E17/><V52/><F107/><W75/><G5/><T120/><D120/><U12/><E12/><V121/><F69/><W67/><G2/><T46/><D6/><U4/><E4/><V87/><F121/><W73/><G50/><T98/><D7/><U71/><E71/><V78/><F78/><W62/><G67/><T48/><D38/><U108/><N who="1" m="42515" /><U26/><DORA hai="55" /><E26/><V14/><F14/><W42/><G42/><T65/><D65/><U39/><E39/><V19/><F19/><W84/><G83/><T116/><D116/><U91/><E91/><N who="2" m="53375" /><F102/><W24/><G24/><T77/><D77/><U72/><AGARI ba="0,0" hai="20,25,31,45,47,72,76,81" m="73,42515" machi="72" ten="50,1600,0" yaku="14,1" doraHai="90,55" who="1" fromWho="1" sc="311,-4,250,16,173,-4,266,-8" /><INIT seed="4,0,0,4,5,135" ten="307,266,169,258" oya="0" hai0="89,128,52,55,56,63,81,23,9,87,3,91,60" hai1="6,70,16,105,50,2,85,133,45,79,8,26,116" hai2="57,28,10,48,129,96,126,77,130,1,75,124,88" hai3="84,92,131,39,7,74,134,100,110,107,29,40,108"/><T64/><D128/><N who="2" m="49258" /><F28/><W14/><G134/><T32/><D32/><U24/><E133/><V123/><F123/><W69/><G69/><T12/><D3/><U33/><E116/><V93/><F77/><W95/><G74/><T86/><D23/><U127/><E105/><V37/><F75/><W42/><G29/><T90/><D60/><U111/><E70/><V68/><F68/><W120/><G131/><T38/><D38/><U49/><E111/><V104/><F37/><W117/><G117/><T27/><D27/><U19/><E50/><V53/><F104/><W72/><G72/><T101/><D101/><U15/><E33/><V59/><F59/><W109/><G39/><T66/><D66/><U18/><E2/><V51/><F51/><W13/><G120/><T103/><D103/><U80/><REACH who="1" step="1"/><E127/><REACH who="1" ten="307,256,169,258" step="2"/><N who="2" m="48683" /><F10/><W67/><G107/><T73/><D73/><U0/><E0/><AGARI ba="0,1" hai="0,1,48,53,57,88,93,96" m="48683,49258" machi="0" ten="30,12000,2" yaku="19,1,18,1,52,3,54,1" doraHai="135" who="2" fromWho="1" sc="307,0,256,-120,169,130,258,0" /><INIT seed="5,0,0,1,0,93" ten="307,136,299,258" oya="1" hai0="123,77,22,10,111,113,112,81,5,17,51,18,12" hai1="33,86,44,134,110,37,56,82,114,28,67,73,102" hai2="57,96,36,92,11,24,15,60,58,88,75,35,19" hai3="117,101,16,61,105,128,78,121,108,70,14,41,119"/><U98/><E114/><N who="0" m="44137" /><D111/><U48/><E134/><V38/><F75/><W55/><G108/><T68/><D68/><U71/><E110/><V99/><F58/><N who="3" m="35039" /><G41/><T133/><D133/><U49/><E73/><V118/><F118/><N who="3" m="45067" /><G70/><T130/><D130/><U127/><E127/><V116/><F116/><W62/><G62/><T1/><D123/><U21/><E33/><V120/><F120/><W9/><G121/><T53/><D17/><U90/><E71/><V97/><F35/><W34/><G34/><T135/><D135/><U3/><E3/><V85/><REACH who="2" step="1"/><F24/><REACH who="2" ten="307,136,289,258" step="2"/><W74/><G128/><T40/><D40/><U131/><E131/><V115/><F115/><W23/><G74/><T122/><D122/><U13/><E56/><V83/><F83/><W32/><G32/><T124/><D124/><U2/><E67/><AGARI ba="0,1" hai="11,15,19,36,38,57,60,67,85,88,92,96,97,99" machi="67" ten="40,12000,2" yaku="1,1,52,3,54,1,53,1" doraHai="93" doraHaiUra="6" who="2" fromWho="1" sc="307,0,136,-120,289,130,258,0" /><INIT seed="6,0,0,4,0,33" ten="307,16,419,258" oya="2" hai0="102,111,83,113,87,12,82,20,31,34,123,100,120" hai1="106,27,101,48,114,58,13,69,47,92,45,3,130" hai2="132,133,66,81,129,105,93,26,74,25,112,51,1" hai3="125,37,0,128,41,97,90,46,73,115,32,63,85"/><V118/><F105/><W108/><G32/><T11/><D111/><U116/><E13/><V50/><F93/><W30/><G108/><T6/><D113/><U9/><E27/><V77/><F118/><W15/><G30/><T134/><D134/><U70/><E92/><V55/><F112/><W56/><G73/><T99/><D34/><U89/><E89/><V39/><F39/><W91/><G115/><T76/><D82/><U72/><E101/><V98/><F98/><W67/><G128/><T24/><REACH who="0" step="1"/><D102/><REACH who="0" ten="297,16,419,258" step="2"/><U117/><E114/><V103/><F103/><W124/><G97/><T78/><D78/><U65/><E130/><V4/><F81/><W110/><G110/><T80/><D80/><U60/><E72/><V21/><F77/><W135/><G135/><T44/><D44/><U28/><E47/><V35/><F74/><W86/><G15/><T38/><D38/><U59/><E117/><V94/><F35/><W71/><G71/><T96/><D96/><U64/><E116/><V22/><F132/><W126/><REACH who="3" step="1"/><G0/><REACH who="3" ten="297,16,419,248" step="2"/><T53/><D53/><U131/><E131/><V95/><F55/><W119/><G119/><T61/><D61/><U49/><E3/><V29/><F1/><W79/><G79/><T18/><D18/><U17/><E17/><V2/><F2/><W84/><AGARI ba="0,2" hai="37,41,46,56,63,67,84,85,86,90,91,124,125,126" machi="84" ten="40,5200,0" yaku="1,1,0,1,18,1,53,0" doraHai="33" doraHaiUra="8" who="3" fromWho="3" sc="297,-13,16,-13,419,-26,248,72" /><INIT seed="7,0,0,1,3,58" ten="284,3,393,320" oya="3" hai0="91,113,63,60,21,124,40,75,103,94,97,36,7" hai1="102,111,12,15,51,39,49,130,24,8,16,74,114" hai2="116,83,11,29,105,50,18,89,117,71,101,99,41" hai3="135,127,68,22,80,132,17,95,86,2,133,48,10"/><W100/><G68/><T28/><D75/><U14/><E51/><V34/><F71/><W3/><G127/><T115/><D124/><U26/><E49/><V93/><F29/><W106/><G106/><T107/><D7/><U66/><E66/><V56/><F34/><W122/><G122/><T67/><D40/><U79/><E102/><V98/><F83/><W82/><G48/><T5/><D5/><U73/><E79/><V72/><F72/><W123/><G123/><T25/><D36/><U65/><E65/><V112/><F112/><N who="0" m="43082" /><D67/><U46/><E46/><V92/><F105/><W44/><G44/><T31/><D31/><U84/><E84/><AGARI ba="0,0" hai="21,25,28,60,63,84,91,94,97,103,107" m="43082" machi="84" ten="30,7700,0" yaku="15,1,11,1,52,2" doraHai="58" who="0" fromWho="1" sc="284,77,3,-77,393,0,320,0" owari="361,16.1,-74,-57.4,393,49.3,320,-8.0" /></mjloggm>