<mjloggm ver="2.3"><GO type="169" lobby="0"/><UN n0="%E3%82%88%E3%81%B4" n1="%E6%81%8B%E3%81%AE%E3%81%86%E3%81%9F" n2="%E5%8C%97%E6%AC%A7%E3%81%AE%E3%82%82%E3%81%93%E3%81%86" n3="%64%69%76%61" dan="17,17,16,16" rate="2131.83,2232.23,2126.62,2061.02" sx="M,M,M,M"/><TAIKYOKU oya="0"/><INIT seed="0,0,0,4,0,131" ten="250,250,250,250" oya="0" hai0="119,1,110,126,85,133,96,56,34,81,111,70,100" hai1="0,75,61,118,27,124,52,91,78,121,7,123,95" hai2="129,42,90,58,77,18,135,127,92,30,86,57,93" hai3="82,48,47,117,130,76,10,13,125,103,97,22,63"/><T113/><D70/><U99/><E118/><V83/><F129/><W37/><G37/><T98/><D34/><U36/><E36/><V74/><F42/><W40/><G117/><T4/><D119/><U80/><E124/><V3/><F3/><W68/><G130/><T102/><D4/><U33/><E0/><V44/><F44/><W26/><G125/><T24/><D24/><U19/><E7/><V107/><F127/><W28/><G68/><T16/><D56/><N who="1" m="34951" /><E33/><V65/><F30/><W79/><G63/><T114/><D1/><U50/><E50/><V29/><F29/><W108/><G108/><T64/><D64/><U59/><E59/><V15/><F107/><W132/><G82/><T9/><D126/><U116/><E116/><V51/><F93/><W94/><G79/><T72/><D72/><U46/><E46/><V134/><F57/><W39/><G76/><T43/><D43/><U45/><E45/><V62/><REACH who="2" step="1"/><F51/><REACH who="2" ten="250,250,240,250" step="2"/><W21/><G39/><T73/><D111/><U71/><E71/><V60/><F60/><W20/><G48/><T49/><D49/><U6/><E6/><V89/><F89/><W106/><G47/><T32/><D110/><U14/><E14/><V53/><F53/><W5/><G40/><T66/><D66/><U101/><E101/><V105/><F105/><W84/><G106/><T69/><D100/><U54/><E54/><V17/><F17/><W55/><G55/><T8/><D16/><U109/><E109/><V11/><AGARI ba="0,1" hai="11,15,18,58,62,65,74,77,83,86,90,92,134,135" machi="11" ten="30,7900,0" yaku="1,1,0,1,52,2,53,0" doraHai="131" doraHaiUra="23" who="2" fromWho="2" sc="250,-39,250,-20,240,89,250,-20" /><INIT seed="1,0,0,3,1,124" ten="211,230,329,230" oya="1" hai0="13,41,98,127,94,2,131,52,115,135,24,119,56" hai1="84,129,25,125,31,12,91,55,20,70,118,96,0" hai2="65,71,114,35,27,89,66,123,37,11,116,42,100" hai3="117,63,76,80,4,78,88,101,121,28,102,107,108"/><U93/><E118/><V51/><F89/><W19/><G117/><T75/><D2/><U44/><E70/><V120/><F11/><W49/><G121/><T95/><D75/><U54/><E0/><V73/><F100/><W18/><G108/><T34/><D41/><U132/><E132/><V6/><F6/><W99/><G102/><T74/><D74/><U16/><E129/><V68/><F27/><W61/><G4/><T33/><D131/><U110/><E125/><V82/><F82/><W67/><G61/><T38/><D38/><U122/><E122/><V32/><F73/><W128/><G128/><T86/><D115/><U113/><E113/><V50/><F114/><W40/><G40/><T81/><D24/><U97/><E110/><V14/><F42/><W1/><G49/><T126/><D135/><U15/><E15/><V45/><F14/><W9/><G9/><T29/><D13/><U43/><E96/><V62/><F116/><W39/><G39/><T47/><D98/><U133/><E97/><V60/><F37/><W59/><G1/><T69/><D69/><U23/><REACH who="1" step="1"/><E133/><REACH who="1" ten="211,220,329,230" step="2"/><V106/><F123/><W58/><G99/><T17/><D119/><U8/><E8/><V109/><F120/><W3/><G3/><T72/><D126/><U53/><E53/><V104/><F109/><W21/><G101/><T7/><D52/><U85/><E85/><V112/><F112/><W57/><G67/><T46/><D127/><U26/><E26/><V5/><F5/><W111/><G111/><T103/><D7/><U83/><E83/><V79/><F71/><RYUUKYOKU ba="0,1" sc="211,-10,220,30,329,-10,230,-10" hai1="12,16,20,23,25,31,43,44,54,55,84,91,93" /><INIT seed="1,1,1,5,4,12" ten="201,250,319,220" oya="1" hai0="16,85,51,128,89,117,99,15,100,24,115,36,84" hai1="76,86,37,135,80,41,111,30,9,22,49,74,26" hai2="69,50,83,116,71,5,46,87,108,14,92,43,3" hai3="20,67,60,72,13,23,8,133,93,121,134,59,38"/><U70/><E70/><V130/><F108/><W10/><G121/><T61/><D36/><U65/><E135/><N who="3" m="51722" /><G38/><T104/><D128/><U32/><E65/><V6/><F116/><W31/><G72/><T78/><D117/><U105/><E105/><V62/><F130/><W4/><G31/><T90/><D24/><U11/><E37/><V7/><F3/><N who="3" m="31" /><G93/><T27/><D27/><U57/><E74/><V95/><F69/><W101/><G101/><T81/><D115/><U125/><E125/><V1/><F1/><W114/><G114/><T0/><D0/><U55/><E111/><V94/><F71/><W129/><G129/><T119/><D119/><U123/><E123/><V77/><REACH who="2" step="1"/><F62/><REACH who="2" ten="201,250,309,220" step="2"/><W131/><G131/><T88/><D61/><U109/><E109/><V2/><F2/><W53/><G67/><T34/><D34/><U39/><E32/><V132/><F132/><W33/><G33/><T48/><REACH who="0" step="1"/><D85/><REACH who="0" ten="191,250,309,220" step="2"/><U44/><AGARI ba="1,3" hai="9,11,22,26,30,39,41,44,49,55,57,76,80,86" machi="44" ten="30,1500,0" yaku="0,1" doraHai="12" who="1" fromWho="1" sc="191,-6,250,48,309,-6,220,-6" /><INIT seed="1,2,0,3,2,122" ten="185,298,303,214" oya="1" hai0="50,28,41,57,13,90,74,65,9,77,69,126,18" hai1="37,87,121,64,86,29,36,61,80,52,68,35,95" hai2="118,119,103,44,135,4,94,15,23,99,134,31,128" hai3="0,108,67,89,102,101,93,84,130,10,98,75,62"/><U53/><E121/><V47/><F128/><W110/><G75/><T21/><D74/><U66/><E35/><V124/><F124/><W120/><G120/><T51/><D77/><U55/><E29/><V1/><F1/><W58/><G130/><T96/><D69/><U76/><REACH who="1" step="1"/><E64/><REACH who="1" ten="185,288,303,214" step="2"/><V46/><F31/><W7/><REACH who="3" step="1"/><G102/><REACH who="3" ten="185,288,303,204" step="2"/><T83/><D126/><U19/><E19/><N who="2" m="10751" /><F4/><W24/><G24/><T109/><D18/><U79/><E79/><V3/><F3/><W43/><G43/><T113/><D41/><U123/><E123/><V125/><F125/><W71/><G71/><T5/><D5/><U88/><AGARI ba="2,2" hai="36,37,52,53,55,61,66,68,76,80,86,87,88,95" machi="88" ten="30,11700,0" yaku="1,1,0,1,54,2,53,0" doraHai="122" doraHaiUra="111" who="1" fromWho="1" sc="185,-41,288,143,303,-41,204,-41" /><INIT seed="1,3,0,4,1,17" ten="144,431,262,163" oya="1" hai0="94,98,25,58,116,43,50,23,117,80,7,104,100" hai1="90,38,22,96,66,12,40,113,126,115,72,56,128" hai2="33,11,123,131,55,111,81,62,21,82,129,47,71" hai3="51,87,88,6,14,89,103,35,106,102,127,77,61"/><U16/><E72/><V54/><F33/><W28/><G127/><T18/><D7/><U76/><E76/><V69/><F123/><W112/><G112/><T133/><D133/><U46/><E128/><V92/><F111/><W52/><G35/><T91/><D80/><U67/><E126/><V124/><F124/><W118/><G28/><T13/><D25/><U41/><E41/><V2/><F92/><W97/><G118/><T75/><D75/><U42/><E42/><V79/><F2/><W110/><G110/><T1/><D1/><U34/><E34/><V99/><F11/><W9/><G103/><T45/><REACH who="0" step="1"/><D58/><REACH who="0" ten="134,431,262,163" step="2"/><U36/><E56/><V74/><F82/><W49/><G77/><T121/><D121/><U15/><E113/><V37/><F81/><W109/><G109/><T44/><D44/><U10/><E115/><V105/><F79/><W20/><G89/><T3/><D3/><U0/><E0/><V85/><F74/><W19/><G88/><T53/><D53/><U27/><E12/><V95/><F54/><W48/><G87/><AGARI ba="3,1" hai="13,18,23,43,45,50,87,91,94,98,100,104,116,117" machi="87" ten="30,3900,0" yaku="1,1,7,1,52,1,53,0" doraHai="17" doraHaiUra="120" who="0" fromWho="3" sc="134,58,431,0,262,0,163,-48" /><INIT seed="2,0,0,1,3,9" ten="192,431,262,115" oya="2" hai0="90,77,99,68,50,115,5,19,96,41,65,129,69" hai1="117,8,46,32,13,105,15,119,98,73,51,127,128" hai2="78,85,135,106,23,101,29,93,49,38,67,122,4" hai3="75,109,62,11,76,30,0,110,54,79,124,89,112"/><V118/><F38/><W120/><G120/><T102/><D77/><U21/><E32/><V97/><F118/><W42/><G112/><T125/><D65/><U39/><E73/><V18/><F122/><W25/><G124/><T116/><D5/><U70/><E70/><V95/><F135/><W31/><G76/><T111/><D50/><U91/><E128/><V37/><F37/><W64/><G42/><T16/><D41/><U61/><E105/><V48/><F29/><W6/><G54/><T40/><D40/><U133/><E127/><V33/><F33/><W12/><G89/><T44/><D44/><U81/><E39/><V2/><F67/><W104/><G104/><T94/><D94/><U114/><E114/><V1/><F4/><W126/><G126/><T22/><D90/><U53/><E133/><V80/><F95/><W20/><G31/><T3/><D3/><U121/><E121/><V84/><F84/><W34/><G79/><T56/><D99/><U47/><E117/><V103/><F103/><W130/><G130/><T28/><D96/><U10/><E98/><V100/><F100/><W92/><G92/><T74/><D102/><U55/><E119/><V14/><REACH who="2" step="1"/><F106/><REACH who="2" ten="192,431,252,115" step="2"/><W123/><G123/><T107/><D107/><U66/><E66/><V7/><F7/><W27/><G75/><T134/><D74/><U113/><E113/><V82/><F82/><W71/><REACH who="3" step="1"/><G0/><AGARI ba="0,1" hai="0,1,2,14,18,23,48,49,78,80,85,93,97,101" machi="0" ten="40,7700,0" yaku="1,1,52,1,53,1" doraHai="9" doraHaiUra="17" who="2" fromWho="3" sc="192,0,431,0,252,87,115,-77" /><INIT seed="2,1,0,0,0,5" ten="192,431,339,38" oya="2" hai0="94,78,43,120,117,81,72,84,20,28,24,27,97" hai1="64,101,52,15,7,134,36,69,63,18,31,60,77" hai2="73,121,87,105,3,115,56,99,82,124,102,80,55" hai3="10,34,44,35,14,79,130,41,109,89,111,62,85"/><V37/><F115/><W123/><G123/><T30/><D120/><U88/><E36/><V32/><F121/><W67/><G130/><T4/><D117/><U83/><E7/><V39/><F3/><W29/><G79/><T114/><D114/><U51/><E134/><V47/><F124/><W40/><G40/><T11/><D43/><U125/><E31/><V108/><F108/><N who="3" m="41547" /><G29/><T90/><D72/><U128/><E101/><V49/><F32/><W126/><G126/><T127/><D127/><U91/><E63/><V45/><F73/><W70/><G85/><T118/><D118/><U71/><E71/><V92/><F105/><W61/><G89/><T0/><D27/><U17/><E17/><AGARI ba="1,0" hai="0,4,11,17,20,24,28,30,78,81,84,90,94,97" machi="17" ten="30,2000,0" yaku="7,1,52,1" doraHai="5" who="0" fromWho="1" sc="192,23,431,-23,339,0,38,0" /><INIT seed="3,0,0,3,3,37" ten="215,408,339,38" oya="3" hai0="121,4,126,16,127,74,56,0,98,18,66,93,54" hai1="71,41,7,75,46,53,90,109,8,9,58,22,15" hai2="64,55,13,117,52,113,57,96,12,76,30,112,134" hai3="95,23,48,73,63,51,86,105,115,21,50,40,84"/><W25/><G115/><T123/><D66/><U72/><E71/><V49/><F117/><W67/><G73/><T70/><D4/><U101/><E109/><V107/><F134/><W118/><G118/><T61/><D0/><U28/><E101/><V102/><F64/><W114/><G105/><T43/><D43/><U133/><E8/><V59/><F30/><W83/><G114/><T38/><D38/><U45/><E45/><V44/><F76/><W33/><G33/><T87/><D87/><U2/><E90/><V68/><F68/><W62/><G95/><T78/><D78/><U36/><E133/><V29/><F29/><W5/><G5/><T120/><D70/><U10/><E22/><N who="3" m="8202" /><G25/><T14/><D14/><U32/><E32/><V106/><F106/><W69/><G69/><T130/><D74/><U110/><E110/><V80/><F113/><W97/><G97/><T27/><D27/><U116/><E28/><V99/><F99/><W17/><G17/><T131/><D16/><U35/><E35/><V111/><F112/><W92/><G67/><T39/><D18/><U60/><E116/><V128/><F111/><W135/><G135/><T34/><D34/><U11/><E11/><V132/><F132/><W124/><G124/><N who="0" m="47659" /><D39/><U31/><E31/><V24/><F24/><W77/><G40/><T104/><D104/><U100/><E100/><AGARI ba="0,0" hai="54,56,61,93,98,100,120,121,123,130,131" m="47659" machi="100" ten="40,1300,0" yaku="18,1" doraHai="37" who="0" fromWho="1" sc="215,13,408,-13,339,0,38,0" /><INIT seed="4,0,0,5,3,65" ten="228,395,339,38" oya="0" hai0="69,64,116,33,67,112,90,76,134,54,34,125,80" hai1="26,23,114,88,25,105,115,107,13,46,19,22,103" hai2="50,31,99,86,122,59,18,79,44,9,48,95,131" hai3="27,55,133,74,8,92,32,7,15,0,108,63,56"/><T20/><D116/><U83/><E46/><V128/><F122/><W61/><G108/><T29/><D76/><U120/><E120/><V98/><F31/><W73/><G133/><T5/><D5/><U38/><E38/><V28/><F28/><W123/><G123/><T6/><D6/><U81/><E103/><V89/><F59/><W52/><G0/><T104/><D29/><U62/><E62/><V53/><F79/><W101/><G32/><T85/><D104/><U119/><E119/><V78/><F78/><W68/><G27/><T36/><D36/><U109/><E109/><V45/><F9/><W51/><G68/><T102/><D69/><U4/><E4/><V17/><F86/><W84/><G63/><T124/><D102/><U21/><E13/><V91/><F95/><W70/><G70/><T82/><D20/><U110/><E110/><V135/><F53/><W12/><G12/><T100/><D100/><U106/><E19/><V72/><F72/><W94/><G94/><T14/><D14/><U77/><E88/><V35/><F35/><W113/><G113/><N who="1" m="43018" /><E77/><V58/><F58/><W71/><G71/><T126/><D112/><U37/><E37/><V129/><F129/><W111/><G111/><T43/><D34/><U10/><E10/><V118/><F118/><W42/><G42/><T3/><D43/><U11/><E11/><V121/><F121/><W1/><G1/><T93/><D3/><U2/><E2/><V96/><F96/><N who="3" m="59527" /><G84/><T75/><D85/><U66/><E66/><N who="0" m="25129" /><D125/><U97/><E97/><V30/><F135/><W127/><G127/><RYUUKYOKU ba="0,0" sc="228,-30,395,10,339,10,38,10" hai1="21,22,23,25,26,81,83,105,106,107" hai2="17,18,30,44,45,48,50,89,91,98,99,128,131" hai3="7,8,15,51,52,55,56,61,73,74" /><INIT seed="5,1,0,5,1,58" ten="198,405,349,48" oya="1" hai0="21,110,76,82,9,40,101,56,54,122,126,63,94" hai1="51,61,17,114,115,97,7,106,95,107,4,83,87" hai2="69,20,46,127,30,16,62,108,116,31,130,71,98" hai3="124,53,14,111,77,74,129,72,96,105,117,15,134"/><U32/><E32/><V22/><F116/><W84/><G111/><T66/><D126/><U19/><E51/><V11/><F108/><W89/><G117/><T113/><D113/><N who="1" m="43019" /><E7/><V29/><F127/><W125/><G53/><T10/><D40/><U27/><E4/><V112/><F130/><W92/><G129/><T81/><D122/><U119/><E27/><V65/><F69/><W13/><G134/><T93/><D81/><U85/><E119/><V102/><F112/><W91/><G77/><T6/><D101/><N who="1" m="60607" /><E87/><V67/><F67/><W109/><G109/><T52/><D10/><U26/><E26/><V45/><F20/><W133/><G133/><T48/><D21/><U24/><E24/><V131/><F11/><W35/><G35/><T79/><D66/><U135/><E61/><V60/><F62/><W88/><G125/><T73/><D110/><U99/><E135/><V103/><F103/><W128/><G128/><T57/><D76/><N who="1" m="46311" /><E99/><V86/><F86/><W75/><REACH who="3" step="1"/><G124/><REACH who="3" ten="198,405,349,38" step="2"/><T5/><D5/><U47/><E47/><V3/><F131/><W55/><G55/><T42/><D42/><U78/><E78/><V90/><F46/><W41/><G41/><T23/><D23/><U120/><E120/><V2/><F45/><W33/><G33/><T64/><D54/><U38/><E38/><V59/><F22/><W18/><G18/><AGARI ba="1,1" hai="17,18,19,106,107" m="46311,60607,43019" machi="18" ten="30,1500,0" yaku="15,1" doraHai="58" who="1" fromWho="3" sc="198,0,405,28,349,0,38,-18" /><INIT seed="5,2,0,5,5,91" ten="198,433,349,20" oya="1" hai0="5,16,122,118,81,46,112,53,40,47,30,57,49" hai1="56,13,125,39,132,113,45,42,34,62,65,84,74" hai2="43,97,126,135,101,89,44,80,104,61,102,67,77" hai3="19,71,28,9,79,59,85,133,119,103,3,36,115"/><U128/><E74/><V120/><F120/><W18/><G71/><T38/><D112/><U35/><E113/><V37/><F135/><W60/><G115/><T29/><D122/><U82/><E128/><V10/><F126/><W12/><G36/><T69/><D69/><U78/><E125/><V121/><F121/><W75/><G75/><T31/><D5/><U11/><REACH who="1" step="1"/><E132/><REACH who="1" ten="198,423,349,20" step="2"/><V130/><F130/><W23/><G133/><T55/><D118/><U94/><E94/><V110/><F110/><W95/><G119/><T41/><D81/><U7/><AGARI ba="2,1" hai="7,11,13,34,35,39,42,45,56,62,65,78,82,84" machi="7" ten="20,7800,0" yaku="1,1,0,1,7,1,53,1" doraHai="91" doraHaiUra="0" who="1" fromWho="1" sc="198,-28,423,94,349,-28,20,-28" owari="170,-23.0,517,61.7,321,12.1,-8,-50.8" /></mjloggm>