<mjloggm ver="2.3"><GO type="225" lobby="0"/><UN n0="%E5%85%83%E3%82%AB%E3%83%8E%E7%B3%BB%E3%83%92%E3%83%AD%E3%82%A4%E3%83%B3" n1="%E3%83%A9%E3%83%BC%E3%83%A1%E3%83%B3%E4%BA%94%E9%83%8E" n2="%E7%B4%94%E6%BD%94%E3%83%94%E3%83%A9%E3%83%8B%E3%82%A2" n3="%E3%81%BF%E3%81%BF%E3%81%9A" dan="16,16,16,17" rate="2166.60,2072.97,2176.82,2259.05" sx="M,M,M,M"/><TAIKYOKU oya="0"/><INIT seed="0,0,0,3,5,20" ten="250,250,250,250" oya="0" hai0="94,85,9,45,71,40,95,43,81,6,128,38,42" hai1="96,109,31,79,58,108,116,72,68,99,135,25,14" hai2="107,49,87,52,29,1,12,115,103,21,80,27,34" hai3="50,44,23,74,120,15,126,131,36,89,122,22,119"/><T28/><D71/><U70/><E116/><V13/><F115/><W41/><G119/><T105/><D105/><U100/><E135/><V57/><F1/><W8/><G74/><T0/><D128/><U4/><E79/><V90/><F107/><W33/><G33/><T98/><D28/><U11/><E72/><V88/><F103/><W46/><G131/><T133/><D133/><U10/><E10/><V86/><F34/><W121/><G89/><T19/><D19/><U18/><E58/><V37/><F37/><W24/><G126/><T67/><D67/><U64/><E4/><V112/><F112/><W106/><G106/><T56/><D56/><U123/><E123/><V39/><F39/><W63/><G63/><T114/><D95/><AGARI ba="0,0" hai="12,13,21,27,29,49,52,57,80,86,87,88,90,95" machi="95" ten="30,8000,1" yaku="7,1,8,1,52,1,54,2" doraHai="20" who="2" fromWho="0" sc="250,-80,250,0,250,80,250,0" /><INIT seed="1,0,0,2,2,23" ten="170,250,330,250" oya="1" hai0="15,83,18,43,45,84,107,74,102,49,59,120,7" hai1="48,65,26,60,32,99,126,5,73,92,21,118,116" hai2="8,91,24,46,0,27,135,127,88,51,40,61,38" hai3="122,11,111,37,114,17,10,36,28,25,95,1,134"/><U98/><E73/><V9/><F38/><W68/><G122/><T34/><D74/><U119/><E32/><V42/><F127/><W94/><G114/><T31/><D120/><U14/><E126/><V129/><F135/><W112/><G112/><T4/><D107/><U133/><E133/><V63/><F129/><W96/><G134/><T50/><D102/><U123/><E123/><V12/><F0/><W77/><G68/><T82/><D82/><U125/><E125/><V41/><F61/><W69/><G69/><T22/><D34/><U89/><E48/><V55/><F63/><W76/><G111/><T97/><D97/><U75/><E75/><V58/><F58/><W35/><G94/><T13/><D31/><U3/><E3/><V6/><F9/><W20/><G37/><T56/><D49/><U29/><E99/><V70/><F70/><W64/><G64/><T108/><D108/><U54/><E54/><V57/><F57/><W19/><G19/><T79/><REACH who="0" step="1"/><D4/><REACH who="0" ten="160,250,330,250" step="2"/><U101/><E101/><V104/><F104/><W113/><G36/><T52/><D52/><U39/><E39/><V131/><F131/><W121/><G113/><T106/><D106/><U71/><E5/><V90/><AGARI ba="0,1" hai="6,8,12,24,27,40,41,42,46,51,55,88,90,91" machi="90" ten="30,8000,1" yaku="0,1,8,1,52,2,54,1" doraHai="23" who="2" fromWho="2" sc="160,-20,250,-40,330,90,250,-20" /><INIT seed="2,0,0,2,0,18" ten="140,210,420,230" oya="2" hai0="3,14,25,122,83,16,117,22,53,7,27,118,111" hai1="134,34,63,56,5,123,88,96,9,86,32,130,131" hai2="31,54,109,97,64,85,48,119,114,89,60,98,43" hai3="99,95,81,67,84,105,42,125,75,13,71,49,102"/><V46/><F114/><W4/><G125/><T2/><D53/><N who="1" m="34191" /><E96/><V15/><F119/><N who="0" m="45578" /><D83/><N who="1" m="49247" /><E134/><V10/><F31/><W52/><G71/><T92/><D92/><U23/><E23/><V26/><F26/><N who="0" m="9738" /><D122/><U76/><E76/><V124/><F43/><W1/><G1/><N who="0" m="11" /><D7/><U28/><E123/><V6/><F124/><W12/><G67/><T106/><D106/><U30/><E34/><V24/><F24/><W132/><G42/><T126/><D126/><U29/><E32/><V66/><F66/><W110/><G4/><T40/><D40/><U58/><E58/><V33/><F33/><W104/><G105/><T113/><D111/><U127/><E127/><V44/><F46/><W107/><G110/><T121/><D121/><U21/><E29/><V47/><F44/><N who="3" m="27687" /><G107/><T82/><D82/><U38/><E30/><V128/><F109/><W39/><G39/><T19/><D19/><U90/><E38/><V35/><F35/><W55/><G55/><T94/><D94/><U79/><E79/><V36/><F36/><W100/><G100/><T73/><D73/><U20/><E28/><V116/><F116/><W120/><G120/><T80/><D80/><U91/><E91/><V57/><F89/><N who="3" m="51343" /><G75/><T65/><D65/><U8/><E90/><V129/><F85/><W68/><G104/><T0/><N who="0" m="19" /><T62/><DORA hai="45" /><D62/><U87/><E5/><V78/><F78/><W103/><G102/><T74/><D74/><U135/><E87/><V11/><F6/><W77/><G77/><T115/><AGARI ba="0,0" hai="14,16,22,113,115" m="19,9738,45578" machi="115" ten="50,8000,1" yaku="12,1,34,2,52,1,54,1" doraHai="18,45" who="0" fromWho="0" sc="140,80,210,-20,420,-40,230,-20" /><INIT seed="3,0,0,5,3,115" ten="220,190,380,210" oya="3" hai0="21,92,29,101,108,60,70,113,35,38,26,127,33" hai1="47,94,72,63,124,87,118,125,28,121,80,67,122" hai2="54,97,49,10,69,23,65,62,18,52,15,128,81" hai3="11,4,95,98,114,133,99,6,44,61,13,120,104"/><W46/><G114/><T112/><D38/><U55/><E72/><V126/><F128/><W3/><G120/><T77/><D112/><U59/><E28/><V14/><F126/><N who="1" m="48745" /><E94/><V76/><F97/><W68/><G133/><T57/><D70/><N who="1" m="42367" /><E87/><V20/><F49/><W100/><G68/><T16/><D108/><U105/><E80/><V74/><F23/><W89/><REACH who="3" step="1"/><G61/><REACH who="3" ten="220,190,380,200" step="2"/><T103/><D60/><N who="1" m="35967" /><E105/><V39/><F39/><W66/><G66/><T43/><D127/><U32/><E118/><V30/><F30/><W102/><G102/><T91/><D29/><U5/><E32/><V45/><F45/><W131/><G131/><T58/><D33/><U93/><E47/><V48/><F48/><W36/><G36/><T85/><D35/><U84/><E5/><AGARI ba="0,1" hai="5,10,14,15,18,20,52,54,62,65,69,74,76,81" machi="5" ten="30,2000,0" yaku="7,1,54,1" doraHai="115" who="2" fromWho="1" sc="220,0,190,-20,380,30,200,0" owari="220,2.0,170,-33.0,410,51.0,200,-20.0" /></mjloggm>