<mjloggm ver="2.3"><GO type="169" lobby="0"/><UN n0="%4D%41%54%59%55%49%E2%98%86" n1="%E6%9D%91%E4%BA%95%E3%82%A2%E3%83%9E%E3%82%A6%E3%83%AA" n2="%E5%85%A9%E5%84%80%E4%B8%B6%E5%BC%8F" n3="%E3%81%94%E3%83%BC%E3%81%A9%E3%82%93" dan="17,16,16,16" rate="2182.47,2073.00,2130.77,2103.01" sx="M,M,M,M"/><TAIKYOKU oya="0"/><INIT seed="0,0,0,1,2,114" ten="250,250,250,250" oya="0" hai0="107,128,28,6,46,104,76,92,87,127,2,68,60" hai1="36,103,131,129,125,1,44,116,41,52,9,53,40" hai2="20,72,32,133,12,88,132,79,34,54,91,37,31" hai3="115,16,55,47,89,35,105,64,102,126,122,106,51"/><T94/><D28/><U100/><E125/><V21/><F37/><W61/><G115/><T18/><D46/><U43/><E1/><V120/><F120/><W108/><G126/><T58/><D68/><U48/><E9/><V15/><F54/><N who="1" m="21097" /><E103/><V95/><F79/><W112/><G112/><T14/><D127/><U82/><E82/><V83/><F83/><W74/><G108/><T29/><D29/><U17/><E17/><V130/><F95/><W135/><G135/><T66/><D128/><N who="1" m="49227" /><E100/><V65/><F130/><W121/><G35/><T62/><D6/><U7/><E7/><V97/><F31/><W30/><G30/><T3/><D76/><U134/><E134/><V73/><F97/><W75/><G102/><T113/><D113/><U57/><E116/><V124/><F124/><W8/><G122/><T22/><D94/><U25/><E25/><V39/><F39/><W96/><G121/><T78/><D78/><U111/><E111/><V98/><F98/><W119/><G119/><T81/><D81/><U19/><E19/><V70/><F65/><W77/><G77/><T117/><D117/><U63/><E36/><V4/><F4/><W42/><G16/><T33/><D33/><U59/><E59/><V93/><F93/><N who="3" m="56367" /><G8/><T27/><D27/><U26/><E26/><V56/><REACH who="2" step="1"/><F56/><REACH who="2" ten="250,250,240,250" step="2"/><N who="3" m="34975" /><G64/><AGARI ba="0,1" hai="40,41,43,44,48,57,63,64" m="49227,21097" machi="64" ten="30,7700,0" yaku="19,1,34,2,54,1" doraHai="114" who="1" fromWho="3" sc="250,0,250,87,240,0,250,-77" /><INIT seed="1,0,0,4,2,48" ten="250,337,240,173" oya="1" hai0="9,120,87,62,78,76,73,119,10,80,35,133,33" hai1="56,14,61,0,104,4,19,2,44,64,67,7,86" hai2="124,55,36,83,58,98,128,53,16,45,112,89,110" hai3="111,79,85,88,107,25,65,27,101,93,125,82,72"/><U123/><E104/><V66/><F110/><W122/><G111/><T116/><D133/><U12/><E123/><V47/><F128/><W109/><G109/><T96/><D120/><U49/><E86/><N who="2" m="50399" /><F124/><W13/><G125/><T91/><D62/><U20/><E67/><V127/><F36/><W28/><G122/><T34/><D96/><U5/><REACH who="1" step="1"/><E12/><REACH who="1" ten="250,327,240,173" step="2"/><V50/><F127/><W81/><G65/><T113/><D87/><U23/><E23/><V103/><F112/><W77/><G13/><T11/><D113/><U134/><E134/><V92/><F66/><W51/><G51/><T17/><D73/><U63/><E63/><N who="2" m="36303" /><F16/><W26/><G107/><T75/><D17/><U29/><E29/><V21/><F21/><W6/><G6/><T42/><D75/><U121/><E121/><V97/><F97/><W102/><REACH who="3" step="1"/><G28/><REACH who="3" ten="250,327,240,163" step="2"/><T132/><D132/><U69/><E69/><V95/><F95/><W41/><G41/><AGARI ba="0,2" hai="0,2,4,5,7,14,19,20,41,44,49,56,61,64" machi="41" ten="40,2000,0" yaku="1,1,53,0" doraHai="48" doraHaiUra="118" who="1" fromWho="3" sc="250,0,327,40,240,0,163,-20" /><INIT seed="1,1,0,5,4,20" ten="250,367,240,143" oya="1" hai0="117,114,84,80,26,8,39,118,73,94,37,116,71" hai1="89,81,65,78,102,50,90,100,106,98,9,103,22" hai2="1,77,60,52,21,122,83,58,79,99,121,110,70" hai3="93,31,24,87,38,49,27,56,6,128,34,47,104"/><U125/><E125/><V59/><F1/><W66/><G104/><T25/><D114/><U16/><E65/><V53/><F70/><W15/><G128/><T109/><D71/><U127/><E127/><V69/><F69/><W30/><G38/><T7/><D73/><U135/><E135/><V32/><F32/><W62/><G87/><T95/><D109/><U14/><E50/><V46/><F110/><W112/><G112/><T96/><D39/><U61/><E61/><V111/><F111/><W10/><G93/><T97/><D37/><U132/><E132/><V42/><F99/><W129/><G129/><T41/><D41/><U123/><E123/><V72/><F79/><W5/><G5/><T131/><D131/><U28/><E28/><V134/><F134/><W17/><G6/><T23/><D23/><U43/><E43/><V33/><F33/><W0/><G0/><T133/><D133/><U86/><E90/><V44/><F21/><W54/><G34/><T68/><D68/><U124/><E124/><V107/><F107/><W40/><G40/><T19/><D19/><U45/><E45/><V57/><F57/><W85/><G85/><T108/><D108/><U115/><E115/><V29/><F29/><AGARI ba="1,0" hai="10,15,17,24,27,29,30,31,47,49,54,56,62,66" machi="29" ten="40,5200,0" yaku="8,1,52,2" doraHai="20" who="3" fromWho="2" sc="250,0,367,0,240,-55,143,55" /><INIT seed="2,0,0,5,0,65" ten="250,367,185,198" oya="2" hai0="115,46,93,79,71,52,64,87,116,50,14,48,53" hai1="5,3,117,12,84,17,26,112,35,103,123,88,27" hai2="58,132,60,9,124,29,91,80,42,98,83,10,66" hai3="47,8,57,128,108,129,61,135,37,31,105,100,28"/><V51/><F124/><W41/><G108/><T97/><D115/><U36/><E117/><V45/><F132/><W16/><G135/><T33/><D33/><U127/><E36/><V130/><F130/><N who="3" m="50283" /><G100/><T121/><D121/><U21/><E27/><V40/><F29/><W104/><G31/><T96/><D116/><U75/><E75/><V44/><F83/><W81/><G81/><T4/><D79/><U131/><E112/><V89/><F89/><W13/><G28/><T76/><D76/><U107/><E107/><V109/><F109/><W63/><G63/><T22/><D87/><U102/><E123/><V72/><F72/><W11/><G11/><T69/><D64/><AGARI ba="0,0" hai="8,13,16,37,41,47,57,61,64,104,105" m="50283" machi="64" ten="30,2000,0" yaku="19,1,54,1" doraHai="65" who="3" fromWho="0" sc="250,-20,367,0,185,0,198,20" /><INIT seed="3,0,0,4,5,3" ten="230,367,185,218" oya="3" hai0="122,1,105,65,78,51,36,128,89,92,112,110,4" hai1="77,52,98,58,55,53,117,40,72,45,69,108,23" hai2="132,57,22,29,46,120,81,95,0,99,87,84,49" hai3="96,71,88,93,24,118,35,68,67,39,50,59,2"/><W66/><G118/><T9/><D122/><U126/><E72/><V134/><F0/><W91/><G39/><T70/><D36/><N who="1" m="21639" /><E98/><V107/><F107/><W20/><G2/><T18/><D105/><U100/><E100/><V17/><F29/><N who="3" m="17543" /><G35/><T83/><D110/><U13/><E77/><V123/><F57/><W28/><G71/><T102/><D102/><U19/><E108/><V124/><F124/><W31/><G68/><T80/><D128/><U106/><E106/><V121/><F49/><W94/><G66/><T104/><D104/><U130/><E69/><V44/><F46/><W11/><G11/><T119/><D119/><U32/><E32/><V111/><F44/><W12/><G12/><T133/><D112/><U25/><E13/><N who="2" m="9519" /><F111/><W131/><G131/><T21/><D70/><U97/><E117/><V41/><F41/><W75/><G75/><T82/><D65/><U7/><E126/><V16/><F16/><W103/><G103/><T60/><D18/><U61/><E55/><V125/><F125/><W86/><G50/><T127/><D51/><U129/><E129/><V113/><F113/><W27/><G27/><T47/><D127/><U64/><E25/><V63/><F63/><AGARI ba="0,0" hai="28,31,59,63,67,86,88,91,93,94,96" m="17543" machi="63" ten="30,2900,0" yaku="8,1,54,1" doraHai="3" who="3" fromWho="2" sc="230,0,367,0,185,-29,218,29" /><INIT seed="3,1,0,0,3,10" ten="230,367,156,247" oya="3" hai0="45,92,100,18,44,99,96,42,90,94,129,98,15" hai1="133,131,78,58,107,26,126,109,125,64,37,5,103" hai2="54,40,60,111,19,27,70,20,14,102,35,118,87" hai3="65,74,105,75,80,56,47,121,61,59,13,83,67"/><W114/><G114/><T24/><D129/><U72/><E109/><V97/><F118/><W117/><G117/><T33/><D99/><N who="1" m="61951" /><E37/><V25/><F111/><W43/><G121/><T48/><D33/><U57/><E64/><V0/><F0/><W7/><G105/><T39/><D24/><U84/><E26/><V9/><F40/><W130/><G130/><T46/><REACH who="0" step="1"/><D39/><REACH who="0" ten="220,367,156,247" step="2"/><U134/><E131/><V41/><F35/><W76/><G75/><T119/><D119/><U34/><E72/><V23/><F27/><W86/><G74/><T16/><D16/><U104/><E34/><V89/><F25/><W52/><G7/><T116/><D116/><U77/><E5/><V22/><F97/><W124/><G124/><T1/><D1/><U12/><E126/><V123/><F123/><W21/><G65/><T8/><AGARI ba="1,1" hai="8,15,18,42,44,45,46,48,90,92,94,96,98,100" machi="8" ten="20,8000,1" yaku="1,1,0,1,7,1,8,1,52,1,53,0" doraHai="10" doraHaiUra="32" who="0" fromWho="0" sc="220,93,367,-21,156,-21,247,-41" /><INIT seed="4,0,0,3,3,117" ten="313,346,135,206" oya="0" hai0="31,97,116,109,119,75,95,70,5,88,38,77,74" hai1="122,13,16,32,71,80,65,125,107,121,114,41,12" hai2="6,72,113,34,102,8,82,132,76,85,17,7,14" hai3="23,35,60,106,28,94,18,24,55,120,89,134,58"/><T43/><D70/><U26/><E41/><V25/><F113/><W27/><G134/><T105/><D31/><N who="1" m="19575" /><E80/><V4/><F132/><W128/><G128/><T56/><D56/><U42/><E42/><V45/><F102/><W46/><G106/><T49/><D49/><U51/><E51/><V33/><F45/><W59/><G59/><T92/><D5/><U40/><E40/><V96/><F96/><W112/><G46/><T115/><D43/><U91/><E91/><V36/><F36/><W108/><G108/><T66/><D66/><U64/><E64/><V101/><F101/><W37/><G37/><T20/><D20/><N who="1" m="11271" /><E13/><V130/><F130/><W84/><REACH who="3" step="1"/><G112/><REACH who="3" ten="313,346,135,196" step="2"/><T11/><D115/><U126/><E114/><V44/><F44/><W19/><G19/><T68/><D38/><U57/><E57/><V79/><F72/><W124/><G124/><N who="1" m="47722" /><E107/><V2/><F4/><W53/><G53/><T103/><D105/><U127/><E127/><V86/><F6/><W69/><G69/><T3/><D68/><U104/><E104/><V93/><F7/><W15/><G15/><T10/><D74/><U29/><E29/><V83/><F14/><W73/><G73/><T98/><D75/><U110/><E110/><V133/><F133/><W67/><G67/><T81/><D109/><U129/><E129/><V123/><F123/><AGARI ba="0,1" hai="18,23,24,27,28,35,55,58,60,84,89,94,120,123" machi="123" ten="40,5200,0" yaku="1,1,52,2,53,0" doraHai="117" doraHaiUra="39" who="3" fromWho="2" sc="313,0,346,0,135,-52,196,62" /><INIT seed="5,0,0,5,1,63" ten="313,346,83,258" oya="1" hai0="88,19,131,65,127,117,108,79,90,17,119,14,101" hai1="92,115,113,21,73,71,100,53,110,39,5,46,23" hai2="91,38,59,24,16,43,129,126,122,1,6,7,121" hai3="3,25,84,12,87,86,18,112,44,4,67,135,20"/><U109/><E73/><V26/><F129/><W47/><G135/><T78/><D14/><U102/><E5/><V15/><F126/><W55/><G112/><N who="1" m="43082" /><E71/><V134/><F91/><W103/><G103/><N who="1" m="39466" /><E92/><V124/><F124/><W42/><G3/><T95/><D101/><U28/><E28/><V33/><F59/><W31/><G4/><N who="2" m="1577" /><F43/><W111/><G111/><N who="1" m="42506" /><E53/><V98/><F98/><W125/><G55/><T80/><D108/><U72/><E72/><V34/><F38/><W30/><G125/><T60/><D95/><U81/><E81/><V68/><F68/><W85/><N who="3" m="21504" /><DORA hai="133" /><W2/><G30/><T8/><D80/><U94/><E94/><V96/><F96/><W35/><G2/><T83/><D83/><U76/><E76/><V114/><F114/><W48/><REACH who="3" step="1"/><G44/><REACH who="3" ten="313,346,83,248" step="2"/><T27/><D127/><U128/><E128/><V74/><F1/><W10/><G10/><T106/><D8/><U37/><E46/><V64/><F64/><AGARI ba="0,1" hai="12,18,20,25,31,35,42,47,48,64,67" m="21504" machi="64" ten="50,6400,0" yaku="1,1,52,2,53,0" doraHai="63,133" doraHaiUra="70,93" who="3" fromWho="2" sc="313,0,346,0,83,-64,248,74" /><INIT seed="6,0,0,3,2,118" ten="313,346,19,322" oya="2" hai0="88,110,133,69,103,66,71,24,91,22,80,37,100" hai1="9,114,64,75,84,12,121,45,39,20,76,63,120" hai2="40,94,53,34,112,57,61,119,4,101,0,104,87" hai3="10,8,17,27,73,129,83,55,48,32,1,18,90"/><V46/><F34/><W122/><G122/><N who="1" m="47210" /><E114/><V54/><F112/><W6/><G129/><T67/><D110/><U70/><E75/><V86/><F119/><W98/><G10/><T58/><D37/><U115/><E115/><V44/><F104/><W132/><G132/><T127/><D133/><U51/><E39/><V23/><F0/><W59/><G98/><T74/><D127/><U116/><E116/><V50/><F4/><W117/><G117/><T7/><D7/><N who="1" m="3135" /><E20/><V49/><REACH who="2" step="1"/><F23/><REACH who="2" ten="313,346,9,322" step="2"/><W97/><G1/><T107/><D107/><U31/><E31/><V13/><F13/><W128/><G6/><T19/><D22/><U105/><E105/><V5/><F5/><W60/><G32/><T82/><D24/><U111/><E111/><V42/><F42/><W52/><G27/><T124/><D124/><U125/><E125/><V30/><F30/><W134/><G134/><T85/><D19/><U102/><E102/><V41/><F41/><W135/><G17/><T106/><D106/><U65/><E65/><V3/><F3/><W130/><G18/><T95/><D100/><U77/><E84/><V43/><F43/><AGARI ba="0,1" hai="43,45,51,63,64,70,76,77" m="3135,47210" machi="43" ten="30,7700,0" yaku="13,1,52,3" doraHai="118" who="1" fromWho="2" sc="313,0,346,87,9,-77,322,0" owari="313,-8.7,433,53.3,-68,-56.8,322,12.2" /></mjloggm>