<mjloggm ver="2.3"><GO type="169" lobby="0"/><UN n0="%6D%79%6D%65%6C%6F%58%58" n1="%E3%82%AB%E3%82%B6%E3%83%A9%E3%82%AD" n2="%E3%82%B0%E3%83%AA%E3%83%B3" n3="%65%76%69%61%6E%36%31%39" dan="17,17,16,16" rate="2224.45,2212.20,2181.68,2108.44" sx="M,M,M,M"/><TAIKYOKU oya="0"/><INIT seed="0,0,0,3,2,13" ten="250,250,250,250" oya="0" hai0="36,23,98,72,70,87,63,14,93,91,104,69,54" hai1="84,24,19,106,102,28,78,77,64,20,59,4,52" hai2="125,71,74,116,99,113,57,17,73,68,27,9,49" hai3="111,53,114,132,103,18,65,58,45,12,6,83,39"/><T67/><D36/><U108/><E108/><V120/><F120/><W35/><G111/><T42/><D42/><U76/><E4/><V118/><F113/><W126/><G126/><T38/><D38/><U105/><E64/><V95/><F125/><W135/><G35/><T33/><D33/><U34/><E102/><V8/><F9/><W97/><G114/><T119/><D119/><N who="2" m="45610" /><F49/><W122/><G6/><T134/><D134/><U117/><E84/><V127/><F57/><W46/><G83/><T79/><D54/><U60/><REACH who="1" step="1"/><E117/><REACH who="1" ten="250,240,250,250" step="2"/><V82/><F127/><W1/><G65/><T40/><D67/><U31/><E31/><V3/><F74/><W130/><G1/><T115/><D72/><U90/><E90/><V15/><F3/><W56/><G122/><T124/><D124/><U48/><E48/><V41/><F73/><W109/><G39/><T107/><D115/><U88/><E88/><N who="2" m="55783" /><F41/><W55/><G109/><T32/><D40/><U0/><E0/><V26/><F82/><W85/><G85/><T62/><D87/><U96/><E96/><V47/><F47/><W121/><G121/><T37/><D98/><U133/><E133/><V101/><F101/><W22/><G135/><T75/><D75/><U10/><E10/><V81/><F81/><W21/><G132/><T94/><D37/><U112/><E112/><V129/><F129/><W89/><G130/><T131/><D131/><U7/><E7/><V29/><F29/><W43/><G43/><T61/><D70/><AGARI ba="0,1" hai="8,15,17,26,27,68,70,71" m="55783,45610" machi="70" ten="30,3900,0" yaku="12,1,52,1,54,1" doraHai="13" who="2" fromWho="0" sc="250,-39,240,0,250,49,250,0" /><INIT seed="1,0,0,1,5,1" ten="211,240,299,250" oya="1" hai0="15,86,52,121,24,59,128,106,134,54,64,129,101" hai1="88,72,73,26,5,17,104,50,120,21,97,123,57" hai2="51,68,56,127,80,69,42,29,75,53,84,132,11" hai3="49,113,25,16,109,70,83,63,33,6,7,4,34"/><U58/><E72/><V91/><F127/><W28/><G70/><T39/><D39/><U66/><E73/><V96/><F132/><W94/><G83/><T45/><D134/><U65/><E104/><V111/><F111/><W135/><G135/><T93/><D121/><U36/><E36/><V13/><F29/><W35/><G49/><T2/><D2/><U0/><E123/><V43/><F75/><W118/><G63/><T77/><D24/><U67/><E120/><V27/><F27/><W10/><G94/><T74/><D45/><U116/><E116/><V125/><F125/><W31/><G109/><T40/><D40/><U41/><E0/><V115/><F115/><W12/><G113/><T37/><D37/><U119/><E119/><V8/><F8/><W100/><G100/><T46/><D46/><N who="1" m="25935" /><E5/><N who="3" m="2154" /><G118/><T44/><D44/><U14/><E14/><V47/><F69/><W85/><G85/><T32/><D106/><U133/><E133/><V87/><F84/><W82/><G82/><T103/><D74/><U76/><E76/><N who="2" m="46471" /><F68/><W62/><G62/><T105/><D105/><U92/><AGARI ba="0,0" hai="17,21,26,57,58,65,66,67,88,92,97" m="25935" machi="92" ten="30,3000,0" yaku="8,1,54,1" doraHai="1" who="1" fromWho="1" sc="211,-10,240,30,299,-10,250,-10" /><INIT seed="1,1,0,3,5,106" ten="201,270,289,240" oya="1" hai0="90,135,104,129,110,11,103,99,25,21,41,40,131" hai1="120,134,38,33,58,126,13,1,66,98,60,96,78" hai2="69,29,34,123,91,46,20,55,53,114,119,43,107" hai3="16,73,37,94,9,18,17,54,68,27,30,92,86"/><U128/><E120/><V24/><F119/><W115/><G68/><T19/><D110/><U4/><E33/><V56/><F123/><W22/><G37/><T127/><D127/><U113/><E113/><V67/><F107/><W81/><G115/><T57/><D135/><U3/><E38/><V42/><F114/><W130/><G130/><N who="0" m="49675" /><D90/><U132/><E128/><V2/><F2/><W64/><G64/><T133/><D133/><N who="1" m="51307" /><E78/><V32/><F55/><W124/><G124/><T14/><D57/><U62/><E126/><V100/><F100/><W118/><G118/><T50/><D50/><U122/><E122/><V28/><F46/><W93/><G54/><T71/><D71/><U31/><E31/><AGARI ba="1,0" hai="11,14,19,21,25,31,40,41,99,103,104" m="49675" machi="31" ten="30,1000,0" yaku="19,1" doraHai="106" who="0" fromWho="1" sc="201,13,270,-13,289,0,240,0" /><INIT seed="2,0,0,2,5,26" ten="214,257,289,240" oya="2" hai0="4,42,114,108,80,32,45,107,38,41,66,82,122" hai1="62,24,9,65,106,130,93,35,31,36,44,51,98" hai2="83,40,59,23,90,20,75,3,85,92,126,135,57" hai3="19,28,105,81,14,30,117,2,70,33,29,25,47"/><V39/><F126/><W79/><G117/><T97/><D114/><U7/><E130/><V27/><F135/><W73/><G2/><T1/><D122/><U102/><E36/><V132/><F132/><W16/><G70/><T49/><D108/><U123/><E123/><V78/><F3/><W58/><G105/><T104/><D32/><U133/><E133/><V69/><F69/><W64/><G47/><T101/><D107/><U10/><E93/><V87/><F20/><W131/><G131/><T100/><D100/><U91/><E91/><V84/><F40/><W112/><G112/><T115/><D115/><U34/><E34/><V120/><F39/><W74/><G74/><T54/><D66/><U37/><E37/><V43/><F43/><W55/><G19/><T53/><D42/><U60/><E60/><V110/><F110/><W128/><G64/><T5/><D54/><U111/><E111/><V56/><REACH who="2" step="1"/><F120/><REACH who="2" ten="214,257,279,240" step="2"/><W125/><G125/><T63/><D1/><U50/><E10/><V22/><F22/><W118/><G128/><T8/><D8/><U89/><E44/><V134/><F134/><W96/><G118/><T0/><D38/><U124/><E124/><V52/><F52/><W18/><G33/><T99/><D0/><U129/><E129/><V11/><F11/><N who="3" m="6239" /><G73/><T71/><D71/><N who="1" m="42423" /><E9/><V127/><F127/><W109/><G109/><T86/><D41/><U88/><E7/><V68/><F68/><W116/><G116/><T6/><D6/><U67/><E67/><V113/><F113/><W15/><G55/><T46/><D5/><U94/><E35/><RYUUKYOKU ba="0,1" sc="214,-10,257,-10,279,30,240,-10" hai2="23,27,56,57,59,75,78,83,84,85,87,90,92" /><INIT seed="2,1,1,3,4,46" ten="204,247,309,230" oya="2" hai0="69,29,89,108,111,90,74,79,10,118,30,101,102" hai1="60,33,28,72,120,16,61,7,71,6,124,3,92" hai2="14,117,45,31,84,76,119,13,2,100,59,51,38" hai3="132,68,54,56,134,42,105,129,11,57,128,94,36"/><V65/><F2/><W96/><G11/><T58/><D69/><U70/><E72/><V83/><F38/><W0/><G0/><T109/><D10/><U66/><E124/><V125/><F125/><W110/><G105/><T43/><D43/><U4/><E120/><V88/><F100/><N who="0" m="38506" /><D58/><U87/><E28/><N who="0" m="10857" /><D118/><U15/><E33/><V78/><F119/><W8/><G8/><T107/><D107/><U25/><E25/><V5/><F31/><W62/><G94/><T53/><D53/><U55/><E3/><V98/><F117/><W41/><G96/><T135/><D135/><N who="3" m="51753" /><G68/><T127/><D127/><U86/><E92/><N who="2" m="56583" /><F76/><W47/><G110/><T49/><D49/><U37/><E37/><V85/><F84/><W112/><G112/><T73/><D79/><U121/><E121/><V1/><F5/><W24/><G24/><T80/><D80/><U116/><E116/><V20/><F1/><W21/><G21/><T99/><D99/><U114/><E114/><V64/><F20/><W44/><G57/><T122/><D122/><U115/><E115/><V34/><F34/><W32/><G32/><T91/><AGARI ba="1,1" hai="73,74,89,90,91,108,109,111" m="10857,38506" machi="91" ten="40,5200,0" yaku="28,2,14,1" doraHai="46" who="0" fromWho="0" sc="204,65,247,-14,309,-27,230,-14" /><INIT seed="3,0,0,5,1,24" ten="269,233,282,216" oya="3" hai0="100,101,8,108,39,114,19,99,130,4,25,133,52" hai1="92,131,129,116,121,88,68,102,83,62,123,76,86" hai2="128,45,34,69,127,119,104,32,103,94,33,97,44" hai3="31,64,23,73,30,12,71,20,43,106,98,36,0"/><W132/><G0/><T7/><D108/><U15/><E68/><V55/><F119/><W65/><G73/><T51/><D39/><U89/><E62/><V37/><F127/><W26/><G71/><T10/><D130/><N who="1" m="49675" /><E116/><V96/><F128/><W27/><G132/><T58/><D133/><U6/><E6/><N who="0" m="2089" /><D114/><U84/><E15/><V53/><F69/><W124/><G124/><T50/><D50/><U111/><E111/><V35/><N who="2" m="8192" /><DORA hai="91" /><V78/><F78/><W2/><G2/><T135/><D135/><U48/><E48/><V17/><F17/><W113/><G113/><T134/><D134/><U9/><E9/><N who="0" m="3689" /><D99/><N who="1" m="59751" /><E76/><V79/><F79/><W120/><G120/><T18/><D18/><U87/><E87/><V93/><F104/><W66/><G98/><T49/><D49/><U81/><AGARI ba="0,0" hai="81,83,84,86,88,89,121,123" m="59751,49675" machi="81" ten="30,8000,1" yaku="19,1,34,2,52,1,54,1" doraHai="24,91" who="1" fromWho="1" sc="269,-20,233,80,282,-20,216,-40" /><INIT seed="4,0,0,5,4,114" ten="249,313,262,176" oya="0" hai0="40,112,45,23,76,75,58,4,111,49,69,89,128" hai1="78,26,47,103,116,91,65,68,51,124,86,108,66" hai2="39,24,95,0,42,73,135,61,97,126,71,92,56" hai3="62,100,13,21,38,107,9,132,20,84,41,131,115"/><T16/><D112/><U83/><E108/><V70/><F126/><W11/><G115/><T79/><D69/><U30/><E124/><V14/><F0/><W17/><G132/><T129/><D111/><U36/><E36/><V46/><F73/><W122/><G131/><N who="0" m="50251" /><D75/><U118/><E103/><V57/><F56/><W82/><G122/><T2/><D89/><U72/><E68/><V106/><F106/><W18/><G100/><T74/><D74/><U87/><E66/><V32/><F135/><W7/><G107/><T60/><D4/><U25/><E65/><V123/><F123/><W64/><G41/><T117/><D2/><U48/><E48/><V88/><F95/><W77/><G38/><T96/><D96/><U59/><E59/><V3/><F3/><W44/><G44/><T15/><D117/><U120/><E25/><V37/><F37/><W94/><G94/><T102/><D102/><U35/><E120/><V125/><F125/><W104/><G104/><T54/><AGARI ba="0,0" hai="15,16,23,40,45,49,54,58,60,76,79" m="50251" machi="54" ten="30,3000,0" yaku="19,1,54,1" doraHai="114" who="0" fromWho="0" sc="249,30,313,-10,262,-10,176,-10" /><INIT seed="4,1,0,2,3,42" ten="279,303,252,166" oya="0" hai0="49,96,23,30,105,130,50,71,57,55,103,133,102" hai1="31,69,47,82,11,0,7,20,74,73,45,76,79" hai2="33,40,85,92,43,101,81,67,114,109,80,86,93" hai3="66,98,97,99,68,78,17,38,14,8,108,12,36"/><T120/><D120/><U128/><E69/><V39/><F33/><W25/><G108/><T18/><D130/><U88/><E128/><V60/><F109/><W123/><G123/><T22/><D133/><U107/><E107/><V116/><F116/><W63/><G78/><T13/><D71/><U34/><E34/><V117/><F114/><W111/><G111/><T61/><REACH who="0" step="1"/><D103/><REACH who="0" ten="269,303,252,166" step="2"/><U26/><E88/><V135/><F101/><W3/><G3/><T87/><D87/><U84/><REACH who="1" step="1"/><E79/><REACH who="1" ten="269,293,252,166" step="2"/><V58/><F117/><W6/><REACH who="3" step="1"/><G25/><AGARI ba="1,2" hai="13,18,22,23,25,30,49,50,55,57,61,96,102,105" machi="25" ten="40,2000,0" yaku="1,1,53,0" doraHai="42" doraHaiUra="65" who="0" fromWho="3" sc="269,43,293,0,252,0,166,-23" /><INIT seed="4,2,0,1,5,51" ten="312,293,252,143" oya="0" hai0="82,86,134,132,114,99,95,87,57,122,30,44,49" hai1="92,71,4,55,35,12,100,59,93,102,52,6,107" hai2="130,119,53,33,32,2,88,68,70,16,1,97,43" hai3="63,91,9,104,21,74,18,105,54,39,73,89,131"/><T11/><D122/><U101/><E107/><V34/><F130/><W58/><G39/><T8/><D114/><U14/><E71/><V7/><F119/><W48/><G131/><T90/><D30/><U72/><E35/><V17/><F43/><W37/><G37/><T13/><D57/><U19/><E72/><V81/><F68/><W10/><G105/><T84/><D132/><U31/><E31/><V40/><F40/><W109/><G104/><T98/><D98/><U38/><E38/><V47/><F70/><W65/><G109/><T69/><D69/><U5/><E14/><V106/><F106/><W83/><G74/><T60/><D60/><U96/><E92/><V126/><F126/><W123/><G123/><T36/><D36/><U103/><E59/><V125/><F125/><W24/><G73/><T23/><D23/><AGARI ba="2,0" hai="4,5,6,12,19,23,52,55,93,96,100,101,102,103" machi="23" ten="40,8000,1" yaku="8,1,52,2,54,1" doraHai="51" who="1" fromWho="0" sc="312,-86,293,86,252,0,143,0" /><INIT seed="5,0,0,5,0,107" ten="226,379,252,143" oya="1" hai0="87,48,68,108,11,32,129,59,123,43,54,119,120" hai1="13,89,7,5,53,114,71,70,118,105,124,63,128" hai2="134,72,20,39,126,14,2,38,99,50,31,51,109" hai3="1,127,77,28,96,132,110,6,100,82,19,90,102"/><U117/><E105/><V111/><F2/><W65/><G110/><T64/><D32/><U44/><E89/><V36/><F126/><W55/><G132/><T57/><D108/><U47/><E13/><V97/><F134/><W75/><G127/><T125/><D125/><U46/><E124/><V9/><F111/><W83/><G65/><T92/><D119/><U106/><E106/><V69/><F69/><N who="1" m="26121" /><E5/><V130/><F130/><W78/><G55/><T22/><D129/><U113/><E7/><V60/><F60/><W93/><G28/><T86/><D68/><U45/><E128/><V24/><F72/><W29/><G29/><T80/><D11/><U79/><E79/><V0/><F0/><W84/><REACH who="3" step="1"/><G19/><REACH who="3" ten="226,379,252,133" step="2"/><T88/><D64/><U10/><E118/><V49/><REACH who="2" step="1"/><F109/><REACH who="2" ten="226,379,242,133" step="2"/><W95/><G95/><T21/><D92/><U18/><E117/><V91/><F91/><W94/><G94/><T42/><D88/><U17/><E114/><V25/><F25/><W15/><G15/><T61/><D120/><U103/><E113/><V131/><F131/><W85/><G85/><T101/><D123/><U116/><E116/><V26/><F26/><W27/><G27/><T98/><D87/><U40/><E40/><V67/><F67/><W37/><G37/><T35/><D86/><U12/><E12/><V73/><F73/><W30/><G30/><T33/><D98/><U112/><E112/><V74/><F74/><W8/><AGARI ba="0,2" hai="1,6,8,75,77,78,82,83,84,90,93,96,100,102" machi="8" ten="30,7900,0" yaku="1,1,0,1,52,1,53,1" doraHai="107" doraHaiUra="4" who="3" fromWho="3" sc="226,-20,379,-39,242,-20,133,99" /><INIT seed="6,0,0,0,2,122" ten="206,340,222,232" oya="2" hai0="92,6,104,48,21,3,93,40,80,16,100,134,2" hai1="30,60,13,29,89,44,108,85,107,62,88,90,38" hai2="43,118,27,98,46,114,12,103,73,102,20,120,65" hai3="86,75,119,49,96,22,69,116,23,110,87,25,56"/><V36/><F120/><W1/><G69/><T94/><D134/><U101/><E108/><V0/><F0/><W82/><G1/><T34/><D34/><U109/><E109/><V54/><F118/><W41/><G110/><T129/><D129/><U113/><E113/><V42/><F73/><W91/><G75/><T19/><D80/><U81/><E101/><V14/><F42/><W8/><G8/><T115/><D115/><U53/><E107/><V68/><F114/><W112/><G96/><T106/><D100/><U45/><E13/><V128/><F128/><W123/><G123/><T50/><D93/><U78/><E38/><V55/><F103/><W58/><G112/><T57/><D40/><U135/><E135/><V79/><F79/><W97/><G97/><T83/><D83/><U117/><E117/><V125/><F65/><W32/><G32/><T84/><D21/><U130/><E130/><V76/><F76/><N who="3" m="46407" /><G22/><T4/><D57/><N who="1" m="34863" /><E62/><V124/><F68/><W127/><G127/><N who="2" m="48713" /><F102/><W59/><G119/><T111/><D111/><U5/><E5/><V39/><F98/><W18/><G116/><T131/><D131/><U33/><E33/><V7/><F39/><W10/><G10/><T72/><D72/><U37/><E37/><V9/><F14/><W133/><G133/><T52/><D84/><U63/><E63/><V61/><F61/><W24/><G87/><T105/><D105/><U74/><E74/><V77/><F77/><W35/><G35/><T28/><D52/><U51/><E51/><V132/><F132/><W99/><G99/><T47/><D47/><AGARI ba="0,0" hai="29,30,44,45,47,78,81,85,88,89,90" m="34863" machi="47" ten="30,3900,0" yaku="6,1,8,1,54,1" doraHai="122" who="1" fromWho="0" sc="206,-39,340,39,222,0,232,0" /><INIT seed="7,0,0,3,1,54" ten="167,379,222,232" oya="3" hai0="65,42,34,41,32,79,56,121,28,63,107,97,26" hai1="133,70,91,127,22,48,74,27,83,58,109,95,52" hai2="45,99,90,88,131,43,115,110,104,36,120,72,5" hai3="38,40,82,64,105,23,119,14,50,3,87,101,25"/><W37/><G3/><T123/><D34/><U126/><E70/><V111/><F115/><W71/><G119/><T15/><D79/><U92/><E109/><V135/><F72/><W57/><G71/><T129/><D129/><U66/><E66/><V2/><F131/><W125/><G125/><N who="1" m="47626" /><E133/><V93/><F135/><W134/><G14/><T132/><D132/><U96/><E95/><V76/><F104/><W18/><G101/><T13/><D13/><U51/><E83/><V86/><F76/><W108/><G105/><T33/><D33/><U0/><E74/><V98/><F120/><W89/><G108/><T49/><D15/><U94/><E94/><V59/><F99/><W1/><G1/><T46/><REACH who="0" step="1"/><D42/><REACH who="0" ten="157,379,222,232" step="2"/><U29/><E0/><V6/><F2/><W122/><G134/><T73/><D73/><U100/><E100/><V113/><F111/><W67/><G122/><T9/><D9/><U84/><E96/><V81/><F110/><W55/><G40/><T102/><AGARI ba="0,1" hai="26,28,32,41,46,49,56,63,65,97,102,107,121,123" machi="102" ten="30,8000,1" yaku="1,1,0,1,52,1,53,2" doraHai="54" doraHaiUra="118" who="0" fromWho="0" sc="157,90,379,-20,222,-20,232,-40" owari="247,4.7,359,45.9,202,-19.8,192,-30.8" /></mjloggm>