<mjloggm ver="2.3"><GO type="169" lobby="0"/><UN n0="%E5%AE%87%E5%AE%99%E7%89%A9%E7%90%86" n1="%E3%81%82%E3%81%95%E3%81%B4%E3%82%93%EF%BC%A0%EF%BD%8D%EF%BD%8A" n2="%E5%B9%B3%E5%92%8C%6E%6F%6D%69" n3="%E5%9C%A7%E5%80%92%E7%9A%84%E3%83%9D%E3%83%B3" dan="16,18,16,17" rate="2097.56,2298.63,2066.16,2215.62" sx="F,M,M,M"/><TAIKYOKU oya="0"/><INIT seed="0,0,0,5,1,71" ten="250,250,250,250" oya="0" hai0="122,111,5,30,130,59,67,96,85,20,61,87,86" hai1="48,7,37,88,14,113,78,72,117,75,26,42,68" hai2="101,106,45,70,62,32,31,49,133,94,69,92,64" hai3="18,28,105,12,6,100,40,134,124,54,112,116,98"/><T11/><D122/><U79/><E117/><V57/><F133/><W77/><G116/><T118/><D118/><U114/><E68/><V10/><F10/><W66/><G112/><N who="1" m="43114" /><E48/><V52/><F70/><W16/><G66/><T97/><D130/><U93/><E26/><N who="2" m="18551" /><F45/><W2/><G28/><T121/><D121/><U19/><E7/><V41/><F41/><W29/><G29/><T132/><D132/><U76/><E42/><V95/><F95/><W84/><G134/><T109/><D20/><N who="1" m="11383" /><E37/><V17/><F17/><W123/><G123/><T135/><D30/><U44/><E44/><V24/><F24/><W63/><G40/><T83/><D135/><U126/><E126/><V47/><F47/><W102/><G124/><T0/><REACH who="0" step="1"/><D83/><REACH who="0" ten="240,250,250,250" step="2"/><U58/><E58/><V129/><F129/><W127/><G127/><T13/><D13/><U33/><E33/><V56/><F56/><W22/><G22/><T73/><D73/><U128/><E128/><V99/><AGARI ba="0,1" hai="49,52,57,62,64,69,92,94,99,101,106" m="18551" machi="99" ten="30,2000,0" yaku="25,1,54,1" doraHai="71" who="2" fromWho="2" sc="240,-10,250,-5,250,30,250,-5" /><INIT seed="1,0,0,1,1,51" ten="230,245,280,245" oya="1" hai0="63,77,56,26,133,57,92,19,28,43,59,34,47" hai1="102,30,52,31,53,62,85,44,66,0,55,21,6" hai2="101,4,18,10,93,87,98,24,50,112,115,117,16" hai3="69,79,119,108,81,36,78,113,13,37,29,106,61"/><U80/><E0/><V42/><F117/><W121/><G79/><T33/><D133/><U109/><E6/><V114/><F24/><W96/><G113/><T48/><D77/><U126/><E126/><V3/><REACH who="2" step="1"/><F87/><REACH who="2" ten="230,245,270,245" step="2"/><W17/><G119/><T118/><D118/><U99/><E109/><V127/><F127/><W14/><G108/><T22/><D33/><U72/><E72/><V97/><F97/><W15/><G96/><T11/><D34/><U74/><E74/><V107/><F107/><W122/><G106/><T94/><D63/><U76/><E44/><AGARI ba="0,1" hai="3,4,10,16,18,42,44,50,93,98,101,112,114,115" machi="44" ten="40,5200,0" yaku="1,1,11,1,54,1,53,0" doraHai="51" doraHaiUra="8" who="2" fromWho="1" sc="230,0,245,-52,270,62,245,0" /><INIT seed="2,0,0,1,5,126" ten="230,193,332,245" oya="2" hai0="88,39,1,90,14,77,111,3,132,120,97,73,123" hai1="69,52,130,127,79,92,134,121,85,4,128,81,104" hai2="124,105,44,20,70,30,28,13,0,37,38,47,91" hai3="61,55,23,89,76,135,34,66,7,80,102,94,82"/><V48/><F0/><W72/><G34/><T10/><D39/><U122/><E104/><V36/><F70/><W98/><G135/><T106/><D132/><U103/><E134/><V96/><F124/><W40/><G40/><T43/><D43/><U101/><E69/><V116/><F116/><W9/><G55/><T25/><D111/><U112/><E127/><V115/><F115/><W21/><G82/><T8/><D25/><U99/><E112/><V67/><F67/><W49/><G49/><T32/><D32/><U19/><E4/><V29/><F48/><W35/><G35/><T133/><D133/><U95/><E19/><V118/><F118/><W16/><G102/><N who="1" m="38922" /><E52/><V51/><F51/><W86/><G72/><T75/><D14/><U68/><E68/><V114/><F114/><W65/><G61/><T27/><D27/><U62/><E62/><V58/><F58/><W108/><G108/><T6/><D6/><U59/><E59/><V5/><F105/><W74/><G74/><T24/><D24/><U54/><E54/><V71/><F71/><W46/><G46/><T78/><REACH who="0" step="1"/><D106/><REACH who="0" ten="220,193,332,245" step="2"/><U56/><E56/><V83/><F5/><W12/><G23/><T87/><D87/><U125/><E125/><V113/><F113/><W107/><G107/><T31/><D31/><U50/><E50/><V17/><F96/><AGARI ba="0,1" hai="1,3,8,10,73,75,77,78,88,90,96,97,120,123" machi="96" ten="25,6400,0" yaku="1,1,22,2,54,1,53,0" doraHai="126" doraHaiUra="22" who="0" fromWho="2" sc="220,74,193,0,332,-64,245,0" /><INIT seed="3,0,0,5,5,83" ten="294,193,268,245" oya="3" hai0="121,59,134,2,76,23,53,10,3,117,133,112,63" hai1="106,77,48,15,108,31,56,8,42,41,68,130,22" hai2="128,45,12,25,119,50,24,30,51,19,127,105,91" hai3="46,101,89,65,39,123,102,44,79,88,132,98,0"/><W67/><G123/><T61/><D121/><U60/><E106/><V35/><F119/><W40/><G0/><T122/><D122/><U131/><E68/><V110/><F110/><W66/><G132/><N who="0" m="50795" /><D117/><U96/><E108/><V82/><F105/><W13/><G79/><T74/><D112/><U80/><E96/><V109/><F109/><W116/><G116/><T62/><D23/><U47/><E42/><V111/><F111/><W118/><G118/><T90/><D90/><U36/><E36/><V99/><F128/><W37/><G13/><T113/><D113/><U72/><E22/><V103/><F127/><W28/><G28/><T107/><D107/><U18/><REACH who="1" step="1"/><E31/><REACH who="1" ten="294,183,268,245" step="2"/><V1/><F30/><W7/><G98/><T84/><D10/><U38/><E38/><V55/><F99/><W9/><G39/><T49/><D74/><U86/><E86/><V57/><F25/><W94/><G37/><T126/><D126/><U20/><E20/><V70/><F24/><W26/><G26/><T11/><D11/><U43/><E43/><V114/><F70/><W14/><G40/><T92/><D92/><U5/><E5/><V93/><F93/><W64/><G94/><T54/><D54/><AGARI ba="0,1" hai="8,15,18,41,47,48,54,56,60,72,77,80,130,131" machi="54" ten="40,1300,0" yaku="1,1,53,0" doraHai="83" doraHaiUra="21" who="1" fromWho="0" sc="294,-13,183,23,268,0,245,0" /><INIT seed="4,0,0,4,4,32" ten="281,206,268,245" oya="0" hai0="34,104,19,41,128,84,102,55,93,9,30,21,117" hai1="124,112,81,33,6,115,5,92,23,24,73,100,54" hai2="45,28,70,42,97,69,111,57,8,22,20,98,76" hai3="106,103,113,38,37,66,130,78,82,118,99,43,36"/><T77/><D117/><U101/><E33/><V91/><F111/><W15/><G118/><T86/><D104/><U59/><E73/><V25/><F76/><W10/><G113/><N who="1" m="43594" /><E81/><V110/><F110/><W11/><G130/><T79/><D128/><U17/><E124/><V85/><F69/><W56/><G43/><T51/><D41/><U47/><E47/><V40/><F70/><W35/><G35/><T46/><D9/><U96/><E100/><V132/><F132/><W29/><G29/><T133/><D133/><U27/><E27/><V1/><F42/><W12/><G66/><T108/><D108/><U60/><AGARI ba="0,0" hai="5,6,17,23,24,54,59,60,92,96,101" m="43594" machi="60" ten="30,2000,0" yaku="15,1,11,1" doraHai="32" who="1" fromWho="1" sc="281,-10,206,20,268,-5,245,-5" /><INIT seed="5,0,0,0,3,103" ten="271,226,263,240" oya="1" hai0="112,7,34,25,51,126,125,87,100,73,46,19,78" hai1="0,22,21,65,53,66,75,88,45,50,24,82,14" hai2="1,99,52,31,40,54,123,107,131,11,113,33,118" hai3="77,80,15,111,26,35,116,81,44,89,29,117,109"/><U60/><E0/><V95/><F118/><N who="3" m="45675" /><G44/><T28/><D73/><U37/><E37/><V93/><F123/><W10/><G89/><T91/><D78/><U41/><E75/><V96/><F131/><W134/><G134/><T119/><D119/><U16/><E41/><V128/><F128/><W133/><G133/><T2/><D112/><U114/><E114/><V70/><F70/><W76/><G81/><T4/><D100/><U55/><E55/><V18/><F40/><W61/><G61/><T102/><D102/><U64/><E82/><V38/><F38/><W101/><G101/><T67/><D67/><U59/><REACH who="1" step="1"/><E88/><REACH who="1" ten="271,216,263,240" step="2"/><V9/><F54/><W84/><G77/><T17/><D2/><U8/><E8/><V127/><F52/><W36/><G36/><T108/><D91/><U98/><E98/><V115/><F1/><W42/><G42/><T135/><D135/><U23/><E23/><V104/><F33/><W43/><G43/><T94/><D34/><U39/><E39/><V62/><F96/><W71/><G111/><T130/><D108/><U86/><E86/><V57/><F99/><W32/><G109/><T13/><D87/><U121/><E121/><V110/><F110/><W27/><G35/><T90/><D90/><U79/><E79/><V48/><F9/><W92/><G76/><T97/><D97/><U3/><E3/><V6/><F11/><W5/><G80/><T20/><D20/><U129/><E129/><V132/><F132/><W58/><G84/><T120/><D130/><U12/><E12/><V56/><F113/><W63/><G32/><RYUUKYOKU ba="0,1" sc="271,-10,216,30,263,-10,240,-10" hai1="14,16,21,22,24,45,50,53,59,60,64,65,66" /><INIT seed="5,1,1,5,5,20" ten="261,246,253,230" oya="1" hai0="122,26,12,107,3,87,119,24,30,127,93,35,70" hai1="27,120,28,114,123,128,50,132,67,46,61,85,92" hai2="117,71,38,11,41,80,64,110,105,21,31,89,15" hai3="45,72,102,32,16,17,84,130,1,116,36,0,97"/><U106/><E106/><V25/><F105/><W129/><G72/><T108/><D119/><U134/><E114/><V109/><F117/><W90/><G116/><T79/><D108/><U39/><E39/><V48/><F38/><W56/><G32/><T57/><D70/><N who="1" m="42351" /><E92/><V131/><F131/><N who="3" m="50187" /><G56/><T118/><D118/><U68/><E85/><V4/><F71/><W47/><G36/><T5/><D107/><U103/><E103/><V2/><F64/><W74/><G74/><T18/><D127/><U113/><E113/><V33/><F80/><N who="3" m="49415" /><G47/><T112/><D57/><U60/><E60/><V29/><F89/><W59/><G59/><T19/><D35/><N who="1" m="20895" /><E68/><V95/><F95/><N who="3" m="58687" /><G45/><T100/><D112/><U73/><E73/><V96/><F96/><W49/><G49/><T58/><D58/><U53/><E128/><V69/><F69/><W44/><G44/><T78/><D87/><U86/><E86/><V99/><F99/><W40/><G40/><T91/><D79/><U82/><E82/><V52/><F41/><W121/><G121/><T23/><D78/><U55/><E55/><V42/><F42/><W104/><G104/><T111/><D122/><U14/><E120/><V135/><F48/><W115/><G115/><T125/><D93/><U63/><E63/><V34/><F52/><W65/><G65/><T94/><D94/><U101/><E101/><V9/><F34/><W6/><G6/><T10/><D100/><U66/><E66/><V98/><F98/><W7/><G7/><T124/><D5/><U22/><E123/><V51/><F51/><W8/><G8/><RYUUKYOKU ba="1,1" sc="261,-15,246,15,253,-15,230,15" hai1="14,22,46,50,53,132,134" hai3="0,1,16,17" /><INIT seed="5,2,1,1,2,81" ten="246,261,238,245" oya="1" hai0="82,57,98,60,52,75,59,130,88,116,0,90,132" hai1="38,69,2,93,123,47,15,134,11,14,86,33,95" hai2="107,1,13,50,79,135,85,46,49,87,48,120,4" hai3="45,124,129,106,108,111,44,9,25,21,18,3,43"/><U76/><E123/><V92/><F107/><W64/><G106/><T66/><D116/><U7/><E69/><V61/><F120/><W110/><G124/><T68/><D0/><U54/><E33/><V121/><F121/><W23/><G129/><T91/><D130/><U34/><E34/><V119/><F1/><W115/><G64/><T94/><D132/><U41/><E134/><V30/><F119/><W20/><G115/><T102/><D68/><U78/><E54/><V73/><F73/><W27/><G43/><T29/><D29/><U112/><E112/><V105/><F105/><W133/><G133/><T42/><D42/><U62/><E62/><V96/><F79/><W127/><G127/><T70/><D70/><U17/><E2/><V36/><F36/><W126/><G126/><T83/><D75/><U8/><REACH who="1" step="1"/><E95/><REACH who="1" ten="246,251,238,245" step="2"/><V109/><F61/><AGARI ba="2,2" hai="52,57,59,60,61,66,82,83,88,90,91,94,98,102" machi="61" ten="40,5200,0" yaku="8,1,54,2" doraHai="81" who="0" fromWho="2" sc="246,78,251,0,238,-58,245,0" /><INIT seed="6,0,0,4,3,131" ten="324,251,180,245" oya="2" hai0="14,115,24,110,108,114,31,15,85,2,84,69,50" hai1="0,130,78,119,116,94,79,33,132,40,16,36,28" hai2="53,44,71,82,95,99,9,97,63,5,54,52,45" hai3="109,27,3,93,68,129,89,30,23,75,77,65,86"/><V42/><F82/><W12/><G109/><T34/><D69/><U25/><E0/><V70/><F97/><W87/><G129/><T112/><D50/><U90/><E130/><V56/><F70/><W125/><G125/><T92/><D92/><U13/><E40/><V91/><F71/><W17/><G3/><T18/><D2/><U4/><E4/><V127/><F127/><W29/><G75/><T64/><D64/><U76/><E36/><V111/><F111/><N who="0" m="42538" /><D14/><U121/><E121/><V88/><F91/><W98/><G30/><T66/><D66/><U48/><E48/><V46/><REACH who="2" step="1"/><F42/><REACH who="2" ten="324,251,170,245" step="2"/><W43/><G43/><T59/><D115/><U60/><E90/><V118/><F118/><W47/><G77/><T103/><D114/><U105/><E116/><V22/><F22/><W107/><G107/><T96/><D96/><U32/><E119/><V58/><F58/><W133/><G47/><T81/><D59/><U83/><E83/><V55/><F55/><W10/><G68/><T41/><D81/><U74/><E105/><V61/><F61/><W26/><G65/><T126/><D41/><U113/><E60/><V11/><F11/><W135/><G98/><T19/><D112/><U122/><E113/><V20/><F20/><W67/><G67/><T134/><D126/><U39/><E78/><V49/><F49/><W8/><G8/><T57/><D57/><U123/><E79/><V62/><F62/><W37/><G10/><T72/><D85/><U73/><E76/><V7/><F7/><W100/><G87/><T80/><D84/><U38/><E94/><RYUUKYOKU ba="0,1" sc="324,-10,251,-10,170,30,245,-10" hai2="5,9,44,45,46,52,53,54,56,63,88,95,99" /><INIT seed="6,1,1,5,1,53" ten="314,241,200,235" oya="2" hai0="55,28,10,72,78,67,77,91,33,17,12,100,73" hai1="109,45,114,9,8,66,41,61,65,88,1,84,19" hai2="98,7,71,69,131,105,49,132,15,5,89,48,46" hai3="4,93,116,76,124,135,83,120,130,70,123,85,95"/><V14/><F131/><W121/><G70/><T43/><D100/><U37/><E109/><V103/><F132/><W63/><G4/><T96/><D43/><U62/><E114/><V107/><F89/><W25/><G116/><T119/><D119/><U57/><E19/><V40/><F105/><W102/><G130/><T133/><D133/><U112/><E1/><V3/><F3/><W90/><G135/><T38/><D38/><U68/><REACH who="1" step="1"/><E112/><REACH who="1" ten="314,231,200,235" step="2"/><V110/><F110/><W54/><G123/><T59/><D17/><U58/><E58/><V27/><F69/><W86/><G121/><T32/><D59/><U11/><E11/><V16/><F71/><W52/><G120/><T117/><D10/><U79/><E79/><V2/><F2/><W22/><G124/><T35/><D78/><U128/><E128/><V118/><F118/><W50/><G63/><T20/><D77/><U18/><E18/><V24/><F15/><W29/><G50/><T44/><D12/><U87/><E87/><V6/><REACH who="2" step="1"/><F48/><REACH who="2" ten="314,231,190,235" step="2"/><W108/><G108/><T74/><D117/><U26/><E26/><V127/><F127/><W113/><G113/><T75/><D91/><U111/><E111/><V47/><F47/><W134/><G134/><T97/><D44/><U115/><E115/><V101/><F101/><W31/><G102/><T51/><D51/><U30/><E30/><V42/><F42/><W34/><G31/><T125/><D28/><U60/><E60/><V126/><F126/><W106/><G29/><T39/><D125/><U81/><AGARI ba="1,3" hai="8,9,37,41,45,57,61,62,65,66,68,81,84,88" machi="81" ten="20,8000,1" yaku="1,1,0,1,7,1,52,1,54,1,53,0" doraHai="53" doraHaiUra="92" who="1" fromWho="1" sc="314,-21,231,113,190,-41,235,-21" /><INIT seed="7,0,0,0,5,94" ten="293,344,149,214" oya="3" hai0="33,84,117,89,71,21,4,93,9,104,57,20,46" hai1="59,121,133,97,129,54,55,87,42,39,112,52,27" hai2="115,92,40,73,63,7,98,10,62,131,78,24,75" hai3="122,13,96,103,102,36,64,86,41,105,125,45,72"/><W88/><G122/><T79/><D117/><U32/><E121/><V56/><F115/><W65/><G125/><T128/><D71/><U118/><E112/><V35/><F131/><W48/><G72/><T101/><D33/><U134/><E129/><V23/><F35/><W30/><G30/><T108/><D128/><U6/><E6/><V11/><F40/><W95/><G103/><T76/><D108/><U109/><E109/><V60/><F56/><W114/><G114/><T106/><D46/><N who="1" m="23903" /><E87/><V107/><F107/><W132/><G132/><N who="1" m="50794" /><E97/><V116/><F116/><W19/><G36/><T51/><D106/><U1/><E1/><V17/><F78/><W69/><REACH who="3" step="1"/><G69/><REACH who="3" ten="293,344,149,204" step="2"/><T110/><D101/><U22/><E118/><V44/><F44/><W82/><G82/><T15/><D110/><U26/><E32/><V43/><F43/><W119/><G119/><T16/><D104/><U67/><E22/><AGARI ba="0,1" hai="13,19,22,41,45,48,64,65,86,88,95,96,102,105" machi="22" ten="30,11600,0" yaku="1,1,7,1,52,1,54,1,53,0" doraHai="94" doraHaiUra="111" who="3" fromWho="1" sc="293,0,344,-116,149,0,204,126" owari="293,9.3,228,-17.2,149,-35.1,330,43.0" /></mjloggm>