<mjloggm ver="2.3"><GO type="169" lobby="0"/><UN n0="%E8%B5%A4%E4%BA%94%E7%AB%8B%E7%9B%B4" n1="%6E%61%67%61%69%6D%6F" n2="%E3%81%AA%E3%82%93%E3%81%93%E3%81%86" n3="%E3%83%8F%E3%82%BB%E3%81%B9" dan="16,16,16,16" rate="2181.46,2128.89,2063.64,2008.15" sx="F,M,M,M"/><TAIKYOKU oya="0"/><INIT seed="0,0,0,5,4,54" ten="250,250,250,250" oya="0" hai0="62,67,27,13,48,94,55,92,85,11,42,41,90" hai1="10,84,58,83,81,18,46,17,86,127,93,71,15" hai2="70,95,135,97,60,0,72,36,23,56,50,120,134" hai3="130,47,91,68,113,49,20,101,99,116,121,124,87"/><T126/><D126/><U118/><E71/><V7/><F120/><W88/><G124/><T102/><D27/><U12/><E118/><V89/><F36/><W77/><G68/><T39/><D39/><U125/><E93/><V100/><F72/><W69/><G69/><T22/><D67/><U123/><E46/><V26/><F70/><W132/><G116/><T43/><D62/><U31/><E31/><V33/><F50/><W14/><G121/><T38/><D38/><U5/><E5/><V4/><F33/><W75/><G75/><T6/><D22/><U80/><E123/><V63/><F63/><W24/><G14/><T112/><D112/><U30/><E30/><N who="2" m="17759" /><F89/><W108/><G113/><T25/><D25/><U44/><E44/><V1/><F1/><W34/><G34/><T128/><D128/><U65/><E127/><V78/><F78/><W109/><G77/><T19/><D6/><U133/><E133/><N who="2" m="50699" /><F0/><W64/><G64/><AGARI ba="0,0" hai="4,7,56,60,64,95,97,100" m="50699,17759" machi="64" ten="30,3900,0" yaku="25,1,20,1,52,1" doraHai="54" who="2" fromWho="3" sc="250,0,250,0,250,39,250,-39" /><INIT seed="1,0,0,2,5,23" ten="250,250,289,211" oya="1" hai0="77,84,4,109,35,51,61,122,85,58,62,38,47" hai1="103,50,69,5,118,28,9,67,133,89,25,74,19" hai2="45,73,80,92,116,131,76,105,110,112,7,11,13" hai3="101,106,3,57,135,75,68,65,32,104,129,123,119"/><U18/><E74/><V59/><F116/><W66/><RYUUKYOKU type="yao9" ba="0,0" sc="250,0,250,0,289,0,211,0" hai3="3,32,57,65,66,68,75,101,104,106,119,123,129,135" /><INIT seed="1,1,0,0,0,62" ten="250,250,289,211" oya="1" hai0="34,47,114,105,45,118,7,115,28,106,107,24,84" hai1="86,51,63,53,103,38,92,132,112,50,121,117,131" hai2="74,73,111,100,48,21,59,125,78,108,83,72,120" hai3="57,134,52,39,46,81,128,0,68,110,1,113,99"/><U76/><E38/><V22/><F120/><W77/><G113/><T2/><D118/><U130/><E117/><V61/><F125/><W44/><G68/><T42/><D84/><U93/><E112/><V66/><F100/><W119/><G119/><T75/><D47/><U135/><E121/><V91/><F91/><W41/><G134/><N who="1" m="51242" /><E76/><V6/><F6/><W85/><G128/><N who="1" m="49194" /><E103/><V109/><REACH who="2" step="1"/><F48/><REACH who="2" ten="250,250,279,211" step="2"/><N who="1" m="18473" /><E86/><AGARI ba="1,1" hai="21,22,59,61,66,72,73,74,78,83,86,108,109,111" machi="86" ten="50,6400,0" yaku="1,1,14,1,52,1,53,0" doraHai="62" doraHaiUra="43" who="2" fromWho="1" sc="250,0,250,-67,279,77,211,0" /><INIT seed="2,0,0,2,1,125" ten="250,183,356,211" oya="2" hai0="84,110,23,128,56,2,89,114,41,60,71,116,53" hai1="22,124,70,29,90,115,32,38,112,1,111,103,68" hai2="14,126,26,93,130,105,85,108,94,81,51,97,99" hai3="75,45,132,33,31,88,6,73,72,18,92,20,13"/><V0/><F0/><W135/><G6/><T104/><D114/><U61/><E32/><V47/><F126/><W48/><G31/><T9/><D110/><U109/><E1/><V44/><F108/><N who="1" m="41545" /><E103/><V101/><F130/><W54/><REACH who="3" step="1"/><G33/><REACH who="3" ten="250,183,356,201" step="2"/><T91/><D116/><U78/><E124/><V63/><F105/><W36/><G36/><T74/><D104/><U12/><E38/><V82/><F63/><W17/><G17/><T121/><D60/><U40/><E61/><V113/><F113/><W4/><G4/><T49/><D121/><U39/><E115/><V16/><F51/><W134/><G134/><T65/><D49/><U129/><E112/><V76/><F26/><W27/><G27/><T64/><D2/><U96/><E39/><V107/><F107/><W77/><G77/><T133/><D133/><U25/><E78/><V83/><F76/><W122/><G122/><T119/><D119/><U19/><E29/><V62/><F62/><W86/><AGARI ba="0,1" hai="13,18,20,45,48,54,72,73,75,86,88,92,132,135" machi="86" ten="40,5200,0" yaku="1,1,0,1,54,1,53,0" doraHai="125" doraHaiUra="58" who="3" fromWho="3" sc="250,-13,183,-13,356,-26,201,62" /><INIT seed="3,0,0,2,4,67" ten="237,170,330,263" oya="3" hai0="71,103,128,102,117,90,111,86,92,121,21,126,97" hai1="17,3,58,63,14,41,66,15,11,106,74,82,35" hai2="99,89,38,87,70,135,50,81,116,93,113,22,83" hai3="53,18,48,65,112,78,109,19,0,9,108,37,96"/><W119/><G37/><T76/><D121/><U40/><E106/><V54/><F38/><W30/><G30/><T134/><D117/><U25/><E3/><V5/><F116/><W120/><G78/><T91/><D21/><U32/><E74/><V57/><F113/><W69/><G120/><T2/><D2/><U59/><E82/><V61/><F135/><W47/><G112/><T10/><D10/><U104/><E104/><V4/><F81/><W127/><G96/><T114/><D134/><U98/><E98/><V110/><F110/><N who="3" m="42603" /><G119/><T131/><D71/><U24/><E66/><V72/><F72/><W51/><G51/><T7/><D7/><U100/><E63/><V62/><F62/><N who="3" m="40119" /><G127/><T123/><D111/><U107/><E107/><V46/><F70/><W44/><G44/><T8/><D123/><U115/><E115/><V80/><F80/><W88/><G88/><N who="0" m="55431" /><D114/><U39/><E39/><V129/><F129/><N who="0" m="49738" /><D8/><U56/><E56/><V34/><F22/><W45/><G45/><T124/><D76/><U84/><E11/><V20/><F20/><W118/><G118/><T55/><D55/><U105/><E105/><V36/><F34/><W42/><G53/><T68/><D68/><U26/><E35/><V85/><F36/><W125/><G125/><N who="0" m="48235" /><D91/><U133/><E32/><V132/><F132/><W16/><G0/><T122/><D122/><U1/><E1/><V130/><F130/><W79/><G79/><T33/><D33/><U73/><E133/><V101/><F54/><W64/><G64/><T13/><D13/><AGARI ba="0,0" hai="9,13,16,18,19,42,47,48" m="40119,42603" machi="13" ten="30,11600,0" yaku="14,1,10,1,52,1,54,1" doraHai="67" who="3" fromWho="0" sc="237,-116,170,0,330,0,263,116" /><INIT seed="3,1,0,1,0,10" ten="121,170,330,379" oya="3" hai0="28,107,83,97,86,41,64,38,36,96,79,123,65" hai1="134,53,33,108,66,87,82,13,4,85,45,15,113" hai2="5,37,102,52,30,105,127,59,73,135,50,72,35" hai3="19,117,131,115,17,14,80,126,116,104,20,103,68"/><W101/><G68/><T12/><D123/><U90/><E33/><V47/><F135/><W111/><G104/><T98/><D107/><U27/><E113/><V29/><F127/><W92/><G115/><T128/><D128/><U125/><E134/><V18/><F5/><W84/><G126/><T32/><D32/><U130/><E125/><V88/><F105/><W124/><G131/><T1/><D1/><U54/><E130/><V26/><F102/><W71/><G71/><T75/><D28/><U49/><E108/><V122/><F29/><W120/><G120/><T3/><D3/><U16/><E66/><V9/><F122/><W118/><G124/><T60/><D65/><U21/><E4/><V78/><F78/><W46/><G111/><T22/><D75/><U95/><E54/><V7/><F18/><W76/><G92/><T62/><D41/><U132/><E132/><V31/><F31/><W2/><G2/><T81/><D81/><U121/><E121/><V100/><F100/><W0/><G0/><T129/><D129/><U34/><E34/><V77/><F77/><AGARI ba="1,0" hai="13,15,16,21,27,45,49,53,77,82,85,87,90,95" machi="77" ten="30,8000,1" yaku="7,1,8,1,52,2,54,1" doraHai="10" who="1" fromWho="2" sc="121,0,170,83,330,-83,379,0" /><INIT seed="4,0,0,5,0,103" ten="121,253,247,379" oya="0" hai0="55,115,77,61,102,93,107,34,56,24,135,40,111" hai1="37,28,89,8,90,7,71,30,5,73,131,36,65" hai2="121,17,116,21,49,9,35,39,84,98,88,10,6" hai3="109,134,2,74,76,66,44,63,104,75,16,83,128"/><T120/><D120/><U69/><E73/><V125/><F39/><W118/><G118/><T133/><D115/><U124/><E8/><V105/><F35/><W130/><G2/><T43/><D77/><U32/><E65/><V20/><F121/><W25/><G104/><T78/><D78/><U46/><E46/><V85/><F125/><W91/><G91/><T62/><D111/><U92/><E92/><N who="2" m="56583" /><F105/><W59/><G109/><T41/><D93/><U122/><E122/><V113/><F113/><W0/><G0/><T101/><D61/><U53/><E32/><V81/><F6/><W11/><G134/><N who="0" m="51211" /><D107/><U57/><E57/><V26/><F116/><W14/><G75/><T31/><AGARI ba="0,0" hai="24,31,34,40,41,43,55,56,62,101,102" m="51211" machi="31" ten="40,2100,0" yaku="20,1" doraHai="103" who="0" fromWho="0" sc="121,21,253,-7,247,-7,379,-7" /><INIT seed="4,1,0,4,1,18" ten="142,246,240,372" oya="0" hai0="109,6,8,71,0,135,124,129,40,36,78,23,9" hai1="14,30,86,70,60,97,123,56,35,42,13,76,1" hai2="64,17,81,118,98,120,90,39,77,130,44,102,73" hai3="51,74,128,85,5,96,132,21,20,37,116,127,11"/><T24/><D71/><U121/><E1/><V91/><F120/><W12/><G74/><T3/><D129/><U7/><E70/><V134/><F130/><W27/><G116/><T113/><D113/><U62/><E42/><V122/><F122/><W43/><G37/><T119/><D119/><U106/><E76/><V112/><F118/><W41/><G127/><T49/><D124/><U32/><E86/><V50/><F39/><W68/><G68/><T115/><D115/><U61/><E56/><V87/><F134/><W31/><G132/><T66/><D135/><U47/><E47/><V55/><F64/><W34/><G96/><T25/><D36/><U94/><E106/><V99/><F99/><W93/><G128/><T19/><D66/><U80/><E80/><V126/><F126/><W63/><G63/><T4/><D78/><U72/><E72/><V28/><F28/><W110/><G110/><T29/><D49/><U75/><E75/><V133/><F133/><W2/><G51/><T10/><D40/><U54/><E54/><V22/><F73/><W65/><G65/><T67/><D67/><U83/><E83/><V89/><F112/><W114/><G114/><T26/><D109/><U105/><E105/><V58/><F58/><W16/><G21/><N who="0" m="15503" /><D10/><N who="1" m="4319" /><E123/><V131/><F131/><W38/><G38/><T103/><D103/><N who="1" m="60855" /><E121/><V82/><F102/><W101/><G101/><T48/><D48/><U100/><E100/><V92/><F82/><W88/><AGARI ba="1,0" hai="2,5,11,12,16,20,27,31,34,41,43,85,88,93" machi="88" ten="30,12000,2" yaku="0,1,24,2,52,1,54,2" doraHai="18" who="3" fromWho="3" sc="142,-61,246,-31,240,-31,372,123" /><INIT seed="5,0,0,0,5,24" ten="81,215,209,495" oya="1" hai0="134,46,63,115,28,103,84,106,29,90,132,32,48" hai1="94,95,16,62,116,21,125,93,126,49,133,79,109" hai2="17,130,122,70,36,56,91,44,19,72,15,117,12" hai3="101,43,118,47,52,100,114,75,7,83,8,33,82"/><U2/><E2/><V30/><F122/><W80/><G33/><T9/><D115/><U20/><E116/><V86/><F117/><W77/><G114/><T37/><D32/><U34/><E34/><V64/><F70/><W53/><G83/><T50/><D63/><U87/><E133/><N who="0" m="51305" /><D9/><U0/><E0/><V124/><F72/><W58/><G82/><N who="0" m="49431" /><D37/><U111/><E87/><V120/><F120/><W35/><G35/><T98/><D50/><U96/><E79/><V97/><F130/><W74/><G74/><T31/><D48/><U110/><E49/><V128/><F97/><W10/><G10/><T112/><D112/><U41/><E41/><V69/><F128/><W104/><G104/><N who="0" m="63607" /><D46/><U38/><E38/><V88/><F69/><W14/><G53/><T131/><D131/><U102/><E62/><N who="2" m="37959" /><F36/><W54/><G54/><T68/><D106/><N who="1" m="63815" /><E21/><V73/><F44/><W3/><G14/><AGARI ba="0,0" hai="14,16,20,93,94,95,109,110,111,125,126" m="63815" machi="14" ten="40,3900,0" yaku="10,1,54,1" doraHai="24" who="1" fromWho="3" sc="81,0,215,39,209,0,495,-39" /><INIT seed="5,1,0,3,4,95" ten="81,254,209,456" oya="1" hai0="133,41,15,115,13,2,85,91,44,77,119,130,47" hai1="46,123,83,59,43,74,50,114,73,10,108,100,121" hai2="109,118,24,65,38,76,36,51,84,71,27,75,64" hai3="69,88,56,126,68,116,96,7,106,52,127,128,131"/><U9/><E114/><V57/><F109/><W60/><G7/><T20/><D119/><U120/><E108/><V54/><F118/><W110/><G110/><T25/><D2/><U16/><E59/><V103/><F75/><W33/><G33/><T113/><D130/><N who="3" m="49705" /><G116/><T29/><D133/><U12/><E83/><V122/><F122/><W117/><G117/><T94/><D115/><U101/><E101/><V125/><F103/><N who="3" m="62823" /><G88/><T89/><D77/><U102/><E102/><V111/><F125/><AGARI ba="1,0" hai="52,56,60,68,69,125,126,127" m="62823,49705" machi="125" ten="30,7700,0" yaku="18,1,19,1,52,1,54,1" doraHai="95" who="3" fromWho="2" sc="81,0,254,0,209,-80,456,80" /><INIT seed="6,0,0,5,0,7" ten="81,254,129,536" oya="2" hai0="20,43,1,94,58,59,104,13,135,93,77,70,124" hai1="38,3,89,75,32,30,96,0,42,105,17,127,85" hai2="79,15,51,108,56,18,119,61,71,27,91,10,117" hai3="110,73,128,88,99,57,60,126,82,5,41,46,4"/><V36/><F36/><W122/><G110/><T121/><D121/><U125/><E75/><V40/><F71/><W101/><G122/><T66/><D104/><U25/><E38/><V68/><F68/><W95/><G126/><N who="1" m="48138" /><E42/><V16/><F108/><W123/><G128/><T130/><D130/><U49/><E49/><V34/><F79/><W83/><G83/><T86/><D1/><U103/><E17/><V90/><F119/><W87/><G73/><T133/><D124/><U109/><E109/><V21/><F34/><W115/><G115/><T2/><D2/><U112/><E112/><V53/><F117/><W80/><G80/><AGARI ba="0,0" hai="0,3,25,30,32,80,85,89,96,103,105" m="48138" machi="80" ten="30,1000,0" yaku="18,1" doraHai="7" who="1" fromWho="3" sc="81,0,254,10,129,0,536,-10" /><INIT seed="7,0,0,0,1,5" ten="81,264,129,526" oya="3" hai0="108,37,10,103,134,11,82,41,44,123,31,121,14" hai1="54,130,96,112,87,93,26,135,28,110,24,63,91" hai2="35,115,133,116,107,60,23,124,109,32,12,39,67" hai3="118,70,17,66,15,25,113,30,79,40,62,22,27"/><W127/><G113/><T119/><D108/><U51/><E110/><V126/><F39/><W86/><G118/><T55/><D119/><U97/><E112/><V7/><F109/><W49/><G127/><N who="2" m="48681" /><F107/><W64/><G64/><T125/><D125/><U65/><E135/><V100/><F116/><W128/><G128/><T75/><D134/><U74/><E74/><V83/><F100/><W84/><G79/><T36/><D103/><U20/><E130/><V33/><F115/><W111/><G111/><T85/><D75/><U114/><E114/><V19/><F133/><W81/><G81/><T72/><D72/><U47/><E24/><V104/><F104/><W57/><G27/><T99/><D99/><U48/><E48/><V101/><F101/><W76/><G76/><T18/><D36/><U2/><E2/><V8/><F83/><W68/><G68/><AGARI ba="0,0" hai="20,26,28,47,51,54,63,65,68,87,91,93,96,97" machi="68" ten="30,1000,0" yaku="7,1" doraHai="5" who="1" fromWho="3" sc="81,0,264,10,129,0,526,-10" owari="81,-41.9,274,7.4,129,-27.1,516,61.6" /></mjloggm>