<mjloggm ver="2.3"><GO type="169" lobby="0"/><UN n0="%E3%82%8A%E3%81%93%E3%82%8A%E3%82%93%E3%81%94" n1="%E6%81%8B%E3%81%AE%E3%81%86%E3%81%9F" n2="%E6%84%9B%E3%81%AF%E6%AD%A3%E7%BE%A9" n3="%E3%81%99%E3%83%BC%5F%E9%88%B4%E6%9C%A8%E6%B5%A9%E5%B9%B3" dan="17,17,16,16" rate="2150.52,2219.23,2092.84,2092.33" sx="M,M,F,M"/><TAIKYOKU oya="0"/><INIT seed="0,0,0,4,3,63" ten="250,250,250,250" oya="0" hai0="15,4,128,101,46,58,10,30,86,129,24,111,102" hai1="127,108,89,84,8,74,59,95,119,39,60,13,81" hai2="2,66,55,21,22,0,82,122,90,37,3,98,36" hai3="94,27,43,110,29,104,135,68,12,113,116,48,121"/><T31/><D111/><U25/><E127/><V126/><F122/><W78/><G104/><T117/><D117/><U49/><E39/><V33/><F126/><W11/><G116/><T79/><D58/><U125/><E125/><V106/><F33/><W123/><G68/><T96/><D46/><U7/><E119/><V9/><F9/><W114/><G110/><T35/><D31/><U45/><E74/><V93/><F106/><W56/><G78/><T23/><D35/><U20/><E108/><V118/><F55/><N who="3" m="31847" /><G43/><T92/><REACH who="0" step="1"/><D101/><REACH who="0" ten="240,250,250,250" step="2"/><U38/><E45/><V107/><F118/><W16/><G135/><T72/><D72/><U103/><E103/><V76/><F37/><W67/><G114/><T88/><D88/><U120/><E38/><V51/><F36/><W52/><G113/><T65/><D65/><U85/><E49/><V80/><F66/><W47/><G67/><T61/><D61/><U130/><E59/><V64/><F51/><W70/><G29/><T124/><D124/><U77/><E60/><V32/><F64/><W28/><G28/><T87/><D87/><U18/><E120/><V75/><F32/><W54/><G123/><T41/><D41/><U131/><AGARI ba="0,1" hai="7,8,13,18,20,25,77,81,84,85,89,95,130,131" machi="131" ten="30,1100,0" yaku="0,1" doraHai="63" who="1" fromWho="1" sc="240,-5,250,21,250,-3,250,-3" /><INIT seed="1,0,0,5,1,106" ten="235,271,247,247" oya="1" hai0="12,98,14,41,53,124,70,126,11,121,74,58,88" hai1="55,114,119,48,8,24,71,69,99,94,47,49,17" hai2="61,52,127,32,95,73,50,51,84,15,34,132,102" hai3="103,13,82,62,83,37,30,66,25,54,44,16,67"/><U116/><E114/><V35/><F73/><W18/><G103/><T23/><D70/><U33/><E33/><V0/><F0/><W45/><G67/><T97/><D121/><U46/><E24/><V118/><F118/><W100/><G100/><T29/><D41/><U110/><E110/><V21/><F132/><W42/><G45/><T112/><D112/><U130/><E130/><V56/><F127/><N who="0" m="48682" /><D74/><U109/><E109/><V38/><F38/><W125/><G54/><T75/><D75/><U72/><E71/><V1/><F1/><W108/><G108/><T90/><D29/><U60/><E69/><V86/><F86/><W79/><G125/><T85/><D23/><U57/><E119/><V22/><F22/><W65/><G66/><T76/><D76/><U31/><E116/><V36/><F36/><W5/><G5/><N who="0" m="3183" /><D14/><N who="1" m="7367" /><E31/><V68/><F68/><W3/><G79/><T59/><D59/><U26/><E26/><V111/><F111/><W96/><G3/><T101/><D85/><U27/><E27/><V104/><F104/><W113/><G113/><T115/><D98/><U20/><E20/><V128/><F128/><W105/><G105/><N who="0" m="63663" /><D115/><U78/><E78/><V40/><F40/><W77/><G77/><T91/><D91/><N who="1" m="55775" /><E72/><V135/><F135/><W89/><G25/><T107/><D107/><U80/><E47/><V7/><F102/><W39/><G44/><T117/><D117/><U122/><E122/><V43/><F43/><W63/><G42/><T120/><D120/><U131/><E131/><V6/><F84/><W93/><G37/><T129/><D129/><RYUUKYOKU ba="0,0" sc="235,30,271,-10,247,-10,247,-10" hai0="53,58,88,90" /><INIT seed="2,1,0,0,0,113" ten="265,261,237,237" oya="2" hai0="79,65,126,99,44,22,106,125,91,12,47,67,17" hai1="53,49,60,134,117,122,127,121,89,62,8,116,61" hai2="2,59,104,32,92,28,129,107,78,45,15,27,74" hai3="19,130,95,103,34,37,135,3,80,64,26,132,109"/><V5/><F129/><W77/><G37/><T21/><D79/><U128/><E128/><V76/><F2/><W112/><G130/><T93/><D106/><U87/><E8/><V41/><F92/><W4/><G112/><T118/><D118/><N who="1" m="45675" /><E87/><V88/><F88/><W38/><G38/><T35/><D35/><U84/><E84/><V43/><F59/><W14/><G64/><T114/><D114/><U73/><E73/><V25/><F25/><W29/><G109/><T31/><D31/><U96/><E96/><V30/><F30/><W83/><G80/><T81/><D81/><U46/><E89/><V24/><F24/><W52/><G103/><T58/><D22/><U124/><E134/><V63/><F63/><W111/><G95/><T120/><D120/><AGARI ba="1,0" hai="46,49,53,60,61,62,120,121,122,124,127" m="45675" machi="120" ten="40,12000,2" yaku="13,1,34,2,52,3" doraHai="113" who="1" fromWho="0" sc="265,-123,261,123,237,0,237,0" /><INIT seed="3,0,0,5,3,47" ten="142,384,237,237" oya="3" hai0="42,100,117,11,120,50,36,113,126,78,77,84,111" hai1="125,30,39,132,35,83,63,112,44,129,80,0,26" hai2="109,12,37,40,33,45,93,122,89,73,106,25,94" hai3="56,62,66,97,43,68,19,103,88,86,76,58,91"/><W124/><G124/><T60/><D117/><U104/><E112/><V130/><F109/><W74/><G43/><T48/><D120/><U4/><E104/><V16/><F122/><W118/><G118/><T135/><D111/><U105/><E105/><V8/><F130/><W7/><G7/><T24/><D126/><U98/><E125/><V82/><F106/><W41/><G41/><T13/><D113/><U116/><E129/><V101/><F101/><W22/><G74/><T96/><D135/><U71/><E98/><V72/><F82/><W57/><G76/><T102/><D60/><U32/><E32/><V123/><F123/><W92/><REACH who="3" step="1"/><G86/><REACH who="3" ten="142,384,237,227" step="2"/><T127/><D127/><U85/><E4/><V134/><F134/><W64/><G64/><T20/><D84/><U128/><E128/><V108/><F108/><W133/><G133/><T90/><D78/><U69/><E132/><V51/><F37/><W61/><G61/><T18/><D77/><U67/><E63/><V17/><F73/><W70/><G70/><T87/><D42/><U28/><E71/><V59/><F72/><W14/><AGARI ba="0,1" hai="14,19,22,56,57,58,62,66,68,88,91,92,97,103" machi="14" ten="30,6000,0" yaku="1,1,0,1,54,1,53,0" doraHai="47" doraHaiUra="75" who="3" fromWho="3" sc="142,-20,384,-20,237,-20,227,70" /><INIT seed="3,1,0,3,0,20" ten="122,364,217,297" oya="3" hai0="85,8,28,130,31,82,18,36,78,9,89,107,45" hai1="22,43,124,17,49,98,63,93,13,35,2,90,10" hai2="66,131,81,121,1,103,11,53,16,72,37,95,56" hai3="71,134,119,105,64,54,24,29,48,117,67,99,83"/><W23/><G134/><T40/><D107/><U97/><E35/><V88/><F121/><W57/><G83/><T65/><D130/><U96/><E124/><V70/><F131/><W62/><REACH who="3" step="1"/><G64/><REACH who="3" ten="122,364,217,287" step="2"/><T44/><D82/><U51/><E63/><V125/><F125/><W112/><G112/><T3/><D78/><U12/><E2/><V94/><F66/><W38/><G38/><T75/><D36/><U50/><REACH who="1" step="1"/><E43/><REACH who="1" ten="122,354,217,287" step="2"/><V59/><F1/><W110/><G110/><T30/><D40/><U106/><E106/><V132/><F132/><W114/><G114/><T126/><D3/><U111/><E111/><V76/><F53/><W69/><G69/><T129/><D126/><U0/><E0/><V113/><F70/><W58/><G58/><T42/><D129/><U79/><E79/><V120/><F59/><W39/><G39/><T133/><D42/><U32/><E32/><V19/><F56/><W80/><G80/><T91/><D133/><U74/><E74/><V128/><F37/><W6/><G6/><AGARI ba="1,2" hai="6,10,12,13,17,22,49,50,51,90,93,96,97,98" machi="6" ten="40,2600,0" yaku="1,1,8,1,53,0" doraHai="20" doraHaiUra="123" who="1" fromWho="3" sc="122,0,354,49,217,0,287,-29" /><INIT seed="4,0,0,0,0,26" ten="122,403,217,258" oya="0" hai0="20,19,82,85,47,102,71,62,9,38,98,110,37" hai1="83,117,89,54,70,40,121,72,15,43,59,127,7" hai2="36,69,131,106,108,14,96,16,52,116,80,107,27" hai3="103,115,124,1,87,45,0,132,11,90,63,76,97"/><T112/><D112/><U51/><E70/><V58/><F108/><W24/><G115/><T135/><D135/><U56/><E117/><V73/><F116/><W67/><G76/><T31/><D110/><U30/><E121/><V53/><F131/><W128/><G128/><T21/><D9/><N who="1" m="4543" /><E72/><V10/><F69/><W68/><G132/><T95/><D31/><U3/><E3/><V129/><F129/><W79/><G79/><T104/><D104/><U60/><E30/><V100/><F36/><W109/><G109/><T88/><D47/><U66/><E127/><V5/><F107/><W4/><G124/><T64/><REACH who="0" step="1"/><D21/><REACH who="0" ten="112,403,217,258" step="2"/><U101/><E101/><V55/><F5/><W93/><G45/><T65/><D65/><U105/><E105/><V2/><F2/><W123/><G123/><T42/><D42/><U41/><E41/><V8/><F8/><W113/><G113/><T46/><D46/><U12/><E40/><V122/><F122/><W25/><REACH who="3" step="1"/><G0/><REACH who="3" ten="112,403,217,248" step="2"/><T81/><D81/><AGARI ba="0,2" hai="1,4,11,24,25,63,67,68,81,87,90,93,97,103" machi="81" ten="30,3900,0" yaku="1,1,2,1,7,1,53,0" doraHai="26" doraHaiUra="134" who="3" fromWho="0" sc="112,-39,403,0,217,0,248,59" /><INIT seed="5,0,0,3,1,33" ten="73,403,217,307" oya="1" hai0="69,49,76,123,78,67,114,113,66,6,21,22,17" hai1="11,15,110,93,63,88,125,106,60,18,23,51,94" hai2="91,14,53,59,103,52,2,127,81,108,3,7,47" hai3="119,26,41,92,45,44,96,58,65,30,4,61,24"/><U117/><E106/><V72/><F108/><W129/><G129/><T43/><D123/><U42/><E117/><V29/><F127/><W46/><G119/><T126/><D126/><U50/><E93/><V20/><F103/><W13/><G41/><T12/><D6/><U83/><E83/><V122/><F122/><W31/><G4/><T131/><D131/><U32/><E32/><V87/><F72/><W48/><G13/><T74/><D22/><U135/><E135/><V133/><F133/><W73/><G73/><T99/><D99/><U98/><E110/><V80/><F80/><W77/><G77/><T85/><D74/><U124/><E124/><V35/><F35/><W0/><G0/><T120/><D120/><U86/><E125/><V5/><F5/><W9/><G9/><T62/><D67/><U16/><E98/><V104/><F104/><W116/><G48/><N who="1" m="18474" /><E42/><V105/><F105/><W10/><G10/><T79/><REACH who="0" step="1"/><D85/><REACH who="0" ten="63,403,217,307" step="2"/><U89/><E89/><V75/><F75/><W39/><G116/><T100/><D100/><U70/><E70/><V128/><F128/><W107/><G96/><T101/><D101/><U134/><E134/><V90/><F90/><W36/><G65/><T19/><D19/><U38/><E18/><N who="2" m="10327" /><F7/><W111/><G111/><T102/><D102/><U118/><E118/><V84/><F84/><W115/><G107/><T130/><D130/><U64/><E64/><V71/><F71/><W55/><G31/><T37/><D37/><U28/><E38/><N who="3" m="14378" /><G30/><T40/><D40/><U27/><AGARI ba="0,1" hai="11,15,16,23,27,28,60,63,86,88,94" m="18474" machi="27" ten="30,6000,0" yaku="8,1,54,2" doraHai="33" who="1" fromWho="1" sc="63,-20,403,70,217,-20,307,-20" /><INIT seed="5,1,0,0,0,5" ten="43,473,197,287" oya="1" hai0="75,119,44,87,7,132,34,37,125,86,80,118,133" hai1="84,65,120,21,99,43,123,10,85,2,36,53,101" hai2="26,74,54,73,16,112,15,40,60,127,107,66,46" hai3="25,28,55,8,52,76,71,108,93,41,78,17,130"/><U29/><E65/><V105/><F127/><W91/><G71/><T23/><D34/><U63/><E63/><V56/><F112/><W67/><G67/><T39/><D7/><U104/><E84/><N who="0" m="32297" /><D23/><U126/><E85/><V131/><F131/><W51/><G108/><T6/><D6/><U35/><E21/><V50/><F26/><W49/><G130/><T24/><D24/><U38/><E2/><V9/><F74/><W62/><G41/><T18/><D18/><U20/><E43/><V70/><REACH who="2" step="1"/><F73/><REACH who="2" ten="43,473,187,287" step="2"/><W1/><G25/><T11/><D125/><U109/><E126/><V59/><F59/><W42/><G78/><N who="0" m="44127" /><D44/><U77/><E77/><V134/><F134/><N who="0" m="51818" /><D11/><U96/><E10/><V122/><F122/><W64/><G76/><T114/><D114/><U4/><E120/><V97/><F97/><W0/><G8/><T45/><D45/><U128/><E123/><V13/><F13/><W113/><G113/><T92/><D92/><U98/><E128/><V116/><F116/><AGARI ba="1,1" hai="37,39,116,118,119" m="51818,44127,32297" machi="116" ten="30,1000,0" yaku="20,1" doraHai="5" who="0" fromWho="2" sc="43,23,473,0,187,-13,287,0" /><INIT seed="6,0,0,0,2,5" ten="66,473,174,287" oya="2" hai0="111,26,75,126,49,119,55,62,79,54,91,25,85" hai1="39,81,47,82,18,15,16,89,22,129,63,127,40" hai2="60,1,115,4,114,56,134,131,74,45,98,107,104" hai3="32,48,130,53,133,68,57,100,52,43,59,27,66"/><V87/><F74/><W65/><G133/><T61/><D111/><U108/><E108/><V46/><F134/><W13/><G130/><T30/><D126/><U8/><E129/><V70/><F70/><W135/><G43/><T6/><D119/><U116/><E116/><V72/><F72/><W78/><G135/><T31/><D6/><U38/><E38/><V118/><F118/><W112/><G112/><N who="2" m="43049" /><F131/><W51/><G78/><T36/><D36/><U10/><E127/><V0/><F87/><W83/><G68/><T109/><D109/><U92/><E63/><V44/><F98/><W14/><G83/><T12/><D12/><U33/><E33/><V29/><F29/><W99/><G32/><T105/><D105/><N who="2" m="40522" /><F4/><W125/><G27/><T102/><D102/><U76/><E18/><V132/><F132/><W122/><G125/><T24/><D79/><U41/><E81/><V120/><F120/><W128/><G122/><T103/><D103/><U69/><E69/><V20/><F20/><W106/><REACH who="3" step="1"/><G128/><REACH who="3" ten="66,473,174,277" step="2"/><T84/><D26/><U121/><E121/><V34/><F34/><W42/><G42/><T97/><D25/><U3/><E40/><V23/><F23/><W58/><G58/><T110/><D24/><U73/><E22/><V2/><F56/><W50/><G50/><T35/><D49/><U86/><E39/><V11/><F60/><W113/><G113/><T17/><D62/><U71/><E71/><V64/><F64/><AGARI ba="0,1" hai="13,14,48,51,52,53,57,59,64,65,66,99,100,106" machi="64" ten="40,5200,0" yaku="1,1,9,1,54,1,53,0" doraHai="5" doraHaiUra="7" who="3" fromWho="2" sc="66,0,473,0,174,-52,277,62" /><INIT seed="7,0,0,4,4,53" ten="66,473,122,339" oya="3" hai0="134,109,132,9,44,28,25,19,34,21,95,59,93" hai1="80,52,57,17,82,7,5,106,65,41,64,4,117" hai2="126,119,72,98,2,50,108,112,27,15,14,68,125" hai3="90,91,79,83,32,123,46,88,0,24,29,43,48"/><W31/><G123/><T107/><D107/><U26/><E41/><V102/><F119/><W36/><G0/><T76/><D109/><U101/><E117/><V129/><F108/><W74/><REACH who="3" step="1"/><G31/><REACH who="3" ten="66,473,122,329" step="2"/><T55/><D134/><U113/><E113/><V6/><F2/><W20/><G20/><T127/><D132/><U1/><E1/><V42/><F112/><W3/><G3/><T30/><D127/><U122/><E122/><V56/><F125/><W92/><G92/><T45/><D30/><U61/><E106/><V33/><F126/><W121/><G121/><T22/><D34/><U35/><E35/><V47/><F33/><W62/><G62/><T103/><D9/><U86/><E101/><V89/><F102/><W128/><G128/><T75/><D103/><U97/><E97/><V66/><F98/><W87/><G87/><T37/><D95/><U81/><E86/><V115/><F129/><W135/><G135/><T49/><D93/><U99/><E99/><V85/><F85/><W84/><G84/><T58/><D75/><U94/><E94/><V60/><F72/><W111/><G111/><T70/><D76/><U105/><E105/><V40/><F115/><W67/><G67/><T100/><D100/><U54/><E65/><V38/><F66/><W77/><G77/><T69/><D22/><AGARI ba="0,1" hai="4,5,7,17,22,26,52,54,57,61,64,80,81,82" machi="22" ten="40,5200,0" yaku="8,1,52,1,54,1" doraHai="53" who="1" fromWho="0" sc="66,-52,473,62,122,0,329,0" owari="14,-48.6,535,63.5,122,-27.8,329,12.9" /></mjloggm>