<mjloggm ver="2.3"><GO type="169" lobby="0"/><UN n0="%4B%6F%74%61%38%31%36" n1="%E3%82%A2%E3%83%AA%E3%82%A2%E3%83%B3%E3%83%AD%E3%83%BC%E3%83%89" n2="%41%72%69%61" n3="%E3%82%AB%E3%83%A9%E6%9D%BE" dan="17,16,16,17" rate="2181.33,2108.32,2169.57,2177.61" sx="M,F,F,M"/><TAIKYOKU oya="0"/><INIT seed="0,0,0,4,5,78" ten="250,250,250,250" oya="0" hai0="115,34,52,113,118,122,26,106,123,127,45,32,108" hai1="89,10,74,1,92,68,51,36,112,66,107,24,9" hai2="49,3,44,70,94,126,114,133,12,56,33,101,88" hai3="134,131,91,0,25,83,62,17,57,21,65,105,23"/><T28/><D106/><U130/><E36/><V54/><F3/><W53/><G105/><T37/><D37/><U67/><E74/><V48/><F114/><W81/><G0/><T14/><D45/><U63/><E130/><V19/><F70/><W61/><G131/><T90/><D90/><U87/><E112/><N who="0" m="43081" /><D52/><U120/><E120/><N who="0" m="46121" /><D127/><U8/><E66/><V77/><F33/><W20/><G134/><T42/><D42/><U71/><E107/><V95/><F133/><W35/><G35/><T129/><D129/><U64/><E51/><V16/><F77/><W43/><G43/><T85/><D85/><U100/><E100/><V18/><F126/><W72/><G72/><T103/><D103/><U84/><E24/><V124/><F95/><W99/><G99/><T15/><D34/><U117/><E87/><N who="2" m="52511" /><F101/><W73/><G73/><T80/><D80/><N who="3" m="30793" /><G91/><T98/><D98/><U40/><E40/><N who="2" m="24583" /><F124/><W132/><G132/><T7/><D118/><U119/><E1/><V58/><F58/><AGARI ba="0,0" hai="17,20,21,23,25,53,57,58,61,62,65" m="30793" machi="58" ten="30,7700,0" yaku="8,1,52,3" doraHai="78" who="3" fromWho="2" sc="250,0,250,0,250,-77,250,77" /><INIT seed="1,0,0,4,2,99" ten="250,250,173,327" oya="1" hai0="64,34,96,120,57,134,13,62,89,104,115,122,71" hai1="20,82,131,91,73,25,128,116,117,43,24,103,66" hai2="81,97,32,124,1,114,69,130,17,48,67,74,132" hai3="33,6,59,107,41,72,58,14,135,113,8,2,127"/><U93/><E43/><V94/><F1/><W110/><G113/><T112/><D13/><U105/><E66/><V129/><F32/><W36/><G107/><T54/><D134/><U86/><E24/><V119/><F69/><W49/><G135/><T65/><D34/><U98/><E20/><V133/><F67/><W3/><G33/><T95/><D104/><U46/><E46/><V106/><F114/><W16/><G110/><T9/><D9/><U28/><E28/><V60/><F60/><W15/><G36/><T35/><D35/><U121/><E25/><V31/><F119/><N who="1" m="45641" /><E121/><N who="0" m="46697" /><D64/><U0/><E0/><V52/><F31/><W27/><G27/><T77/><D77/><AGARI ba="0,0" hai="73,77,82,86,91,93,98,103,105,128,131" m="45641" machi="77" ten="30,11600,0" yaku="24,1,34,2,52,1" doraHai="99" who="1" fromWho="0" sc="250,-116,250,116,173,0,327,0" /><INIT seed="1,1,0,1,2,9" ten="134,366,173,327" oya="1" hai0="105,8,49,76,106,121,44,48,0,92,15,86,125" hai1="64,42,17,41,33,96,82,12,111,47,18,62,133" hai2="16,119,83,115,50,75,6,27,128,20,85,101,109" hai3="93,66,1,78,100,14,65,87,2,60,56,132,51"/><U71/><E33/><V55/><F119/><W104/><G132/><T58/><D125/><U36/><E133/><V57/><F109/><W127/><G127/><T35/><D35/><U45/><E111/><V25/><F128/><W73/><G66/><T10/><D121/><U131/><E131/><V81/><F115/><W22/><G73/><T123/><D123/><U118/><E118/><V97/><F75/><W30/><G104/><T38/><D38/><U21/><E82/><V61/><F6/><W68/><G68/><T46/><D58/><U113/><E96/><V98/><F83/><W19/><G78/><T31/><D31/><U29/><E29/><V103/><F103/><W80/><G80/><T134/><D76/><U24/><E113/><V89/><F101/><W110/><G110/><T39/><D39/><U3/><E3/><V107/><F107/><W122/><G122/><T99/><D86/><U13/><REACH who="1" step="1"/><E18/><REACH who="1" ten="134,356,173,327" step="2"/><V117/><F117/><W95/><G30/><T28/><D28/><U102/><E102/><V72/><F72/><W116/><G116/><T23/><D0/><U4/><E4/><V74/><F74/><W5/><G2/><T7/><D7/><U129/><E129/><V91/><F98/><W43/><G1/><T88/><D134/><U84/><E84/><V53/><F97/><N who="3" m="59439" /><G5/><T120/><D120/><U26/><E26/><N who="2" m="14599" /><F91/><W63/><G87/><T70/><D105/><U67/><E67/><V124/><F124/><W90/><G65/><T135/><D135/><U11/><E11/><N who="0" m="4137" /><D106/><U94/><E94/><V108/><F108/><W37/><G95/><RYUUKYOKU ba="1,1" sc="134,-15,356,15,173,15,327,-15" hai1="12,13,17,21,24,36,41,42,45,47,62,64,71" hai2="25,27,50,53,55,57,61,81,85,89" /><INIT seed="1,2,1,2,2,119" ten="119,371,188,312" oya="1" hai0="31,88,33,118,105,109,116,132,56,90,86,58,92" hai1="46,5,127,115,51,39,123,19,101,83,131,104,93" hai2="25,53,84,125,34,102,67,48,24,65,69,100,43" hai3="47,13,52,8,108,128,79,95,68,62,111,122,121"/><U71/><E71/><V66/><F69/><W82/><G128/><T106/><D109/><N who="3" m="42057" /><G95/><T0/><D0/><U57/><E39/><V135/><F135/><W94/><G94/><T76/><D92/><U14/><E5/><V91/><F125/><W49/><G62/><T12/><D12/><U60/><E127/><V42/><F34/><W28/><G28/><T61/><D33/><U89/><E115/><V110/><F110/><W113/><G68/><T38/><D38/><U18/><E131/><V87/><F91/><W26/><G26/><N who="2" m="10345" /><F53/><W11/><G113/><T55/><D86/><N who="2" m="32810" /><F48/><W27/><G27/><T2/><D31/><U17/><E104/><V7/><F7/><N who="3" m="3231" /><G11/><T74/><D2/><U81/><E89/><V15/><F15/><W9/><G9/><T78/><D61/><U120/><E14/><V73/><F73/><AGARI ba="2,1" hai="47,49,52,73,79,82,121,122" m="3231,42057" machi="73" ten="30,7700,0" yaku="14,1,52,2,54,1" doraHai="119" who="3" fromWho="2" sc="119,0,371,0,188,-83,312,93" /><INIT seed="2,0,0,4,5,40" ten="119,371,105,405" oya="2" hai0="103,12,34,42,94,24,126,97,110,88,4,21,90" hai1="49,101,70,60,6,115,31,89,65,74,120,13,45" hai2="35,61,16,43,64,11,100,25,36,15,1,107,66" hai3="73,86,33,29,96,84,57,55,28,58,5,67,22"/><V62/><F107/><W104/><G73/><T106/><D126/><U26/><E115/><V91/><F100/><W77/><G33/><T17/><D110/><U50/><E74/><V76/><F76/><W63/><G5/><T46/><D106/><U8/><E120/><V105/><F105/><W38/><G38/><T127/><D127/><U54/><E101/><V80/><F1/><W114/><G114/><T52/><D52/><U102/><E102/><V3/><F3/><W39/><G39/><T19/><D4/><U75/><E75/><V7/><F35/><W9/><G96/><T112/><D112/><U51/><REACH who="1" step="1"/><E89/><REACH who="1" ten="119,361,105,405" step="2"/><V47/><F91/><W92/><G104/><T134/><D134/><U118/><E118/><V123/><F123/><W32/><G77/><T111/><D111/><U131/><E131/><V79/><F66/><W41/><G67/><T53/><D53/><U87/><E87/><V95/><F64/><W68/><G84/><T23/><REACH who="0" step="1"/><D34/><AGARI ba="0,1" hai="6,8,13,26,31,34,45,49,50,51,54,60,65,70" machi="34" ten="30,3900,0" yaku="1,1,7,1,52,1,53,0" doraHai="40" doraHaiUra="128" who="1" fromWho="0" sc="119,-39,361,49,105,0,405,0" /><INIT seed="3,0,0,1,1,75" ten="80,410,105,405" oya="3" hai0="49,69,76,55,24,48,39,2,128,51,8,71,100" hai1="129,15,6,97,126,110,50,95,20,104,47,31,130" hai2="5,18,64,46,115,72,7,45,40,114,131,66,124" hai3="99,105,87,119,68,53,113,43,32,44,123,36,79"/><W12/><G119/><T121/><D121/><U101/><E110/><V57/><F72/><W65/><G123/><T112/><D39/><U98/><E126/><V16/><F57/><W33/><G113/><T125/><D125/><U127/><E127/><V22/><F124/><W67/><G67/><T103/><D128/><N who="1" m="49259" /><E31/><V135/><F131/><W35/><G12/><T77/><D55/><U120/><E120/><V132/><F22/><W85/><G53/><T70/><D24/><U62/><E62/><V82/><F82/><W74/><G105/><T107/><D112/><U134/><E134/><V81/><F81/><W118/><G118/><T37/><D37/><U108/><E108/><V25/><F25/><W91/><G68/><T58/><D58/><U63/><E63/><V111/><F111/><W13/><G65/><T80/><D80/><U1/><E1/><V90/><F90/><W83/><REACH who="3" step="1"/><G13/><REACH who="3" ten="80,410,105,395" step="2"/><T21/><D107/><U52/><E15/><V17/><F17/><W42/><G42/><AGARI ba="0,1" hai="5,7,16,18,40,42,45,46,64,66,114,115,132,135" machi="42" ten="25,3200,0" yaku="22,2,54,1" doraHai="75" who="2" fromWho="3" sc="80,0,410,0,105,42,395,-32" /><INIT seed="4,0,0,2,1,58" ten="80,410,147,363" oya="0" hai0="67,7,81,26,15,84,108,105,77,16,109,110,25" hai1="62,51,75,23,85,60,97,10,4,11,128,41,71" hai2="14,32,87,39,49,37,33,126,112,123,3,74,107" hai3="88,57,55,2,102,5,79,28,125,120,64,135,13"/><T114/><D114/><U24/><E75/><V113/><F87/><W18/><G125/><T111/><N who="0" m="27648" /><DORA hai="86" /><T119/><D119/><U72/><E72/><V8/><F74/><W6/><G64/><T44/><D105/><U36/><E71/><V131/><F107/><W63/><G79/><T98/><D98/><U96/><E36/><V89/><F3/><W121/><G102/><T118/><D118/><U12/><E11/><V132/><F131/><W95/><G28/><T19/><D67/><U53/><E41/><V65/><F132/><W68/><G68/><T133/><D133/><U50/><E50/><V45/><F65/><W78/><G78/><T70/><D70/><U83/><E128/><V73/><F73/><W99/><G135/><T106/><D106/><U90/><E96/><V27/><F37/><W104/><G104/><T21/><D44/><N who="1" m="27879" /><E97/><V129/><F129/><W38/><G38/><T122/><D122/><N who="3" m="47209" /><G2/><T22/><REACH who="0" step="1"/><D7/><REACH who="0" ten="70,410,147,363" step="2"/><U93/><E83/><V0/><F123/><W43/><G43/><T1/><D1/><U116/><E116/><V82/><F0/><W101/><G101/><T42/><D42/><U127/><E127/><V47/><F126/><W35/><G35/><T61/><D61/><U76/><E76/><V46/><F33/><W17/><G5/><T31/><D31/><AGARI ba="0,1" hai="4,10,12,23,24,31,60,62,85,90,93" m="27879" machi="31" ten="30,7700,0" yaku="8,1,52,3" doraHai="58,86" who="1" fromWho="0" sc="70,-77,410,87,147,0,363,0" owari="-7,-50.7,497,59.7,147,-25.3,363,16.3" /></mjloggm>