<mjloggm ver="2.3"><GO type="169" lobby="0"/><UN n0="%E3%81%AF%E3%81%99%E3%81%9F" n1="%E3%83%88%E3%83%B3%E3%83%8D%E3%83%AB%E5%A4%A9%E5%9B%BD" n2="%E3%81%A1%E3%82%83%E3%82%8B%E3%82%81%E3%82%89" n3="%E3%81%9B%E3%81%A9%E3%81%AA%E3%82%8A%E3%81%82%E3%82%93" dan="17,17,17,17" rate="2215.09,2145.87,2217.88,2197.62" sx="M,M,M,F"/><TAIKYOKU oya="0"/><INIT seed="0,0,0,2,2,28" ten="250,250,250,250" oya="0" hai0="9,54,63,84,58,127,41,85,11,95,104,44,34" hai1="94,16,105,18,27,72,38,14,70,99,5,79,43" hai2="113,96,118,12,83,29,10,68,102,74,81,67,131" hai3="20,6,88,4,119,35,40,8,132,47,15,133,3"/><T108/><D104/><U129/><E70/><V103/><F118/><W110/><G119/><T134/><D127/><U122/><E122/><V7/><F113/><W69/><G69/><T77/><D134/><N who="3" m="51817" /><G110/><T92/><D108/><U86/><E129/><V19/><F131/><W52/><G20/><T23/><D34/><U78/><E38/><V53/><F103/><W71/><G71/><T39/><D23/><N who="1" m="13799" /><E72/><V82/><F74/><W45/><G4/><T33/><D33/><U121/><E105/><V51/><F29/><W130/><G130/><T17/><D11/><U31/><E43/><V42/><F42/><W30/><G3/><T120/><D120/><U135/><E121/><V106/><F67/><W73/><G73/><T59/><D59/><U75/><E75/><V90/><F68/><W62/><G88/><T76/><D85/><U48/><E5/><V101/><F101/><W91/><G91/><T36/><D39/><U2/><E2/><V111/><F111/><W66/><G66/><T89/><REACH who="0" step="1"/><D95/><REACH who="0" ten="240,250,250,250" step="2"/><U64/><E94/><N who="2" m="58647" /><F7/><W26/><G40/><T50/><D50/><U128/><E48/><V125/><F125/><W21/><G21/><T124/><D124/><U93/><E135/><V97/><F106/><W13/><G13/><AGARI ba="0,1" hai="9,13,17,36,41,44,54,58,63,76,77,84,89,92" machi="13" ten="40,3900,0" yaku="1,1,53,1" doraHai="28" doraHaiUra="49" who="0" fromWho="3" sc="240,49,250,0,250,0,250,-39" /><INIT seed="0,1,0,4,4,71" ten="289,250,250,211" oya="0" hai0="106,53,11,61,3,90,91,131,119,59,56,111,116" hai1="97,47,107,26,60,27,134,69,21,122,110,124,20" hai2="0,79,112,25,4,118,80,6,19,7,96,51,86" hai3="55,2,100,102,92,34,104,5,28,39,46,35,123"/><T89/><D131/><U54/><E122/><V31/><F112/><W128/><G128/><T76/><D106/><U87/><E110/><V114/><F114/><W117/><G117/><T103/><D103/><U127/><E134/><V57/><F118/><W81/><G123/><T41/><D76/><U42/><E87/><V17/><F0/><W45/><G92/><T49/><D111/><U85/><E85/><V14/><F96/><W67/><G67/><T68/><D68/><U33/><E33/><V15/><F31/><W125/><G55/><T98/><D98/><U48/><E26/><V43/><F25/><W8/><G125/><N who="1" m="48202" /><E27/><V82/><F82/><W62/><G62/><T29/><D29/><U93/><E107/><V64/><F43/><W44/><G81/><T58/><D41/><U52/><E54/><N who="2" m="31967" /><F64/><W105/><G28/><T130/><D130/><U83/><E83/><V32/><F32/><W129/><G129/><T108/><D108/><U23/><E69/><V95/><F95/><W88/><G104/><T10/><D116/><U120/><E120/><V113/><F113/><W30/><G30/><T13/><D119/><U24/><E24/><V99/><F99/><W77/><G105/><T37/><D3/><U63/><E42/><V40/><F40/><W132/><G34/><T72/><D72/><U73/><E73/><V109/><F109/><W22/><G35/><T36/><D13/><AGARI ba="1,0" hai="4,6,7,13,14,15,17,19,79,80,86" m="31967" machi="13" ten="30,1000,0" yaku="8,1" doraHai="71" who="2" fromWho="0" sc="289,-13,250,0,250,13,211,0" /><INIT seed="1,0,0,1,5,34" ten="276,250,263,211" oya="1" hai0="107,83,110,67,81,74,47,23,127,16,63,72,134" hai1="76,71,0,43,78,98,117,73,33,29,123,3,91" hai2="84,101,2,17,105,135,4,61,15,115,18,24,94" hai3="132,55,102,32,21,53,41,69,70,95,82,64,108"/><U30/><E117/><V22/><F135/><W80/><G32/><T45/><D134/><U109/><E123/><V26/><F105/><W60/><G132/><T39/><D110/><U87/><E71/><V116/><F116/><W100/><G41/><T37/><D107/><U113/><E113/><V44/><F115/><W54/><G108/><T119/><D119/><U86/><E109/><V77/><F2/><W42/><G42/><T25/><D127/><U96/><E43/><V122/><F4/><W8/><G21/><T88/><D81/><U27/><E33/><V49/><F61/><W50/><G50/><T125/><D125/><U13/><E13/><V93/><F122/><W103/><G95/><T62/><D63/><U111/><E111/><V97/><F18/><W104/><G104/><T9/><D9/><U129/><E91/><N who="2" m="53479" /><F77/><W40/><G40/><AGARI ba="0,0" hai="15,17,22,24,26,40,44,49,94,97,101" m="53479" machi="40" ten="30,1000,0" yaku="8,1" doraHai="34" who="2" fromWho="3" sc="276,0,250,0,263,10,211,-10" /><INIT seed="2,0,0,3,3,17" ten="276,250,273,201" oya="2" hai0="76,63,129,48,11,94,53,87,88,6,107,30,19" hai1="59,118,61,84,35,110,23,66,55,116,29,44,96" hai2="117,112,102,101,14,135,77,85,132,79,98,40,104" hai3="45,7,18,99,50,69,80,128,92,74,125,54,16"/><V83/><F40/><W22/><G69/><T33/><D129/><U65/><E110/><V72/><F14/><W10/><G128/><T12/><D107/><U78/><E35/><V26/><F26/><W93/><G125/><T120/><D120/><U134/><E134/><N who="2" m="51243" /><F112/><W58/><G74/><T57/><D33/><U38/><E66/><V42/><F42/><W47/><G80/><T113/><D113/><U131/><E131/><V108/><F117/><W124/><G124/><T70/><D30/><U105/><E116/><V8/><F8/><W73/><G73/><T122/><D122/><U100/><E118/><V37/><F37/><W71/><G71/><T114/><D114/><U119/><E119/><V60/><F60/><W15/><G18/><T21/><D76/><U106/><E38/><V62/><F62/><W103/><REACH who="3" step="1"/><G92/><REACH who="3" ten="276,250,273,191" step="2"/><T0/><REACH who="0" step="1"/><D70/><REACH who="0" ten="266,250,273,191" step="2"/><U91/><E29/><V52/><F108/><W67/><G67/><T81/><D81/><U90/><E65/><V13/><F79/><W97/><G97/><T41/><D41/><U56/><E78/><V126/><F126/><W89/><G89/><T24/><D24/><AGARI ba="0,2" hai="7,10,15,16,22,24,45,47,50,54,58,93,99,103" machi="24" ten="30,12000,2" yaku="1,1,7,1,8,1,52,1,54,1,53,2" doraHai="17" doraHaiUra="43" who="3" fromWho="0" sc="266,-120,250,0,273,0,191,140" /><INIT seed="3,0,0,5,0,107" ten="146,250,273,331" oya="3" hai0="89,106,60,16,126,94,51,95,116,37,117,103,74" hai1="123,42,115,32,69,35,6,114,92,102,31,90,135" hai2="17,12,58,8,72,64,48,77,34,61,124,112,62" hai3="80,87,71,134,33,97,1,52,7,11,109,10,36"/><W0/><G71/><T67/><D37/><U121/><E69/><V131/><F112/><W44/><G33/><T14/><D126/><U13/><E42/><V100/><F124/><W65/><G65/><T101/><D51/><U59/><E102/><V9/><F34/><W50/><G134/><T68/><D106/><U5/><E59/><V84/><F131/><W30/><G30/><T15/><D15/><U4/><E13/><V57/><F100/><W63/><G63/><T119/><D95/><U108/><E92/><V21/><F72/><W110/><G36/><T39/><D39/><U98/><E98/><V111/><F111/><N who="3" m="42507" /><G97/><T86/><REACH who="0" step="1"/><D74/><REACH who="0" ten="136,250,273,331" step="2"/><U66/><E108/><V28/><F48/><W91/><G10/><AGARI ba="0,1" hai="10,14,16,60,67,68,86,89,94,101,103,116,117,119" machi="10" ten="40,5200,0" yaku="1,1,2,1,54,1,53,0" doraHai="107" doraHaiUra="130" who="0" fromWho="3" sc="136,62,250,0,273,0,331,-52" /><INIT seed="4,0,0,0,1,84" ten="198,250,273,279" oya="0" hai0="5,115,31,22,13,92,32,120,45,46,60,85,98" hai1="7,109,81,61,10,123,71,27,68,113,125,4,89" hai2="100,99,97,66,6,40,55,132,134,15,21,23,95" hai3="16,73,11,30,63,3,20,80,76,51,124,105,57"/><T47/><D115/><U12/><E109/><V106/><F66/><W53/><G105/><T121/><D120/><U56/><E123/><V101/><F40/><W37/><G37/><T35/><D121/><U117/><E117/><V131/><F131/><W135/><G124/><T48/><D35/><U72/><E125/><V103/><F103/><W64/><G135/><N who="2" m="51753" /><F55/><W118/><G118/><T96/><D32/><U62/><E7/><V108/><F108/><W52/><G30/><T129/><D129/><U110/><E110/><V128/><F128/><W41/><G3/><T58/><D48/><U34/><E62/><V39/><F39/><W116/><G11/><AGARI ba="0,0" hai="6,11,15,21,23,95,97,99,100,101,106" m="51753" machi="11" ten="30,1000,0" yaku="20,1" doraHai="84" who="2" fromWho="3" sc="198,0,250,0,273,10,279,-10" /><INIT seed="5,0,0,2,1,107" ten="198,250,283,269" oya="1" hai0="102,16,105,30,63,6,98,19,59,20,67,1,22" hai1="125,51,35,117,18,75,74,91,73,48,41,93,83" hai2="86,5,38,88,108,47,79,121,89,94,111,110,40" hai3="11,32,60,65,72,3,53,8,76,54,135,112,85"/><U119/><E35/><V45/><F121/><W4/><G32/><T71/><D71/><U77/><E125/><V132/><F132/><W113/><G135/><T37/><D37/><U100/><E100/><V29/><F29/><W12/><G85/><T44/><D44/><U70/><E70/><V31/><F31/><W82/><G65/><T14/><D30/><U96/><E18/><V39/><F5/><N who="3" m="1087" /><G60/><T118/><D118/><U27/><E27/><V25/><F25/><W131/><G131/><T50/><D50/><U133/><E133/><V49/><F79/><W24/><G24/><T23/><REACH who="0" step="1"/><D1/><REACH who="0" ten="188,250,283,269" step="2"/><U26/><E51/><V62/><F62/><W61/><G61/><T81/><D81/><U126/><E126/><V9/><F47/><W134/><G134/><T13/><D13/><U114/><E114/><AGARI ba="0,1" hai="4,11,12,53,54,72,76,82,112,113,114" m="1087" machi="114" ten="30,2000,0" yaku="15,1,52,1" doraHai="107" who="3" fromWho="1" sc="188,0,250,-20,283,0,269,30" /><INIT seed="6,0,0,2,1,28" ten="188,230,283,299" oya="2" hai0="75,78,2,52,107,23,49,89,128,118,18,80,85" hai1="15,123,79,105,113,56,131,110,119,30,6,104,38" hai2="102,24,135,81,7,67,62,132,90,108,9,70,61" hai3="60,116,29,22,91,25,27,84,133,43,42,10,11"/><V112/><F112/><W103/><G116/><T83/><D118/><U5/><E119/><V114/><F114/><W54/><G133/><N who="2" m="51273" /><F102/><W111/><G111/><T20/><D2/><U4/><E113/><V8/><F108/><W19/><G103/><T50/><D107/><U126/><E110/><V74/><F61/><W125/><G125/><T53/><D128/><U1/><E38/><V31/><F7/><W69/><G10/><T95/><D83/><U59/><E1/><V26/><F26/><W87/><G87/><T115/><D115/><U100/><E131/><V121/><F121/><W122/><G122/><T71/><D71/><U130/><E130/><V44/><F44/><W88/><G91/><T39/><D39/><U124/><E6/><V68/><F68/><W41/><G11/><T92/><D95/><U98/><E100/><V36/><F36/><W73/><G73/><T58/><REACH who="0" step="1"/><D18/><REACH who="0" ten="178,230,283,299" step="2"/><U45/><E104/><V72/><F72/><W40/><G69/><T21/><D21/><U127/><E105/><V34/><F90/><W37/><G88/><T55/><D55/><U99/><E124/><V77/><AGARI ba="0,1" hai="8,9,24,31,34,62,67,70,74,77,81" m="51273" machi="77" ten="30,3000,0" yaku="20,1,52,1" doraHai="28" who="2" fromWho="2" sc="178,-10,230,-10,283,40,299,-10" /><INIT seed="6,1,0,1,5,24" ten="168,220,323,289" oya="2" hai0="20,132,51,59,103,107,53,1,64,15,28,57,47" hai1="13,80,45,31,131,121,7,6,23,76,111,44,114" hai2="77,119,3,99,19,27,4,70,30,85,87,54,117" hai3="42,84,133,16,63,115,2,61,109,102,82,118,48"/><V38/><F38/><W130/><G109/><T71/><D1/><U52/><E111/><V11/><F70/><W120/><G118/><T39/><D132/><U135/><E135/><V17/><F119/><W33/><G2/><T124/><D124/><U62/><E114/><V75/><F75/><W56/><G120/><T50/><D39/><U21/><E131/><V127/><F127/><W125/><G33/><T69/><D15/><U126/><E126/><V14/><F117/><W55/><G133/><T108/><D108/><U26/><E21/><V60/><F99/><W81/><G102/><T25/><D107/><U41/><E13/><V74/><F74/><W112/><G82/><T66/><D103/><U104/><E104/><V37/><F37/><W97/><G97/><T128/><D128/><U0/><E121/><V18/><F77/><W65/><G42/><T36/><D36/><U46/><E0/><V72/><F72/><W79/><G130/><T101/><D101/><U134/><E41/><V8/><F8/><W89/><G79/><T93/><D93/><U129/><E134/><V90/><F3/><W22/><G125/><T113/><D113/><N who="3" m="43593" /><G65/><T83/><D83/><U34/><E34/><V105/><F105/><W122/><G122/><T9/><D9/><U35/><E35/><V68/><F90/><W43/><G43/><T94/><D94/><U78/><E129/><V116/><F116/><W49/><G49/><T86/><D86/><N who="1" m="48391" /><E78/><V67/><F54/><W12/><AGARI ba="1,0" hai="12,16,22,48,55,56,61,63,81,84,89" m="43593" machi="12" ten="30,4000,0" yaku="15,1,11,1,54,1" doraHai="24" who="3" fromWho="3" sc="168,-11,220,-11,323,-21,289,43" /><INIT seed="7,0,0,5,4,129" ten="157,209,302,332" oya="3" hai0="98,57,116,17,14,34,40,80,109,103,92,77,56" hai1="47,83,39,16,95,0,84,9,64,13,122,82,110" hai2="106,45,114,125,49,25,91,86,126,75,42,35,111" hai3="73,51,128,67,18,30,134,113,72,115,120,87,65"/><W23/><G134/><T79/><D116/><U74/><E110/><V50/><F111/><W121/><G128/><T29/><D109/><U96/><E122/><N who="3" m="47210" /><G30/><T108/><D108/><U38/><E74/><N who="3" m="28778" /><G51/><T117/><D117/><U132/><E132/><V59/><F75/><W11/><G87/><T71/><D71/><U15/><E64/><V24/><F106/><W94/><G94/><T89/><D34/><U104/><E104/><V48/><F114/><N who="3" m="43531" /><G11/><T55/><D29/><U27/><E84/><V3/><F35/><W63/><G63/><T127/><D127/><U26/><E9/><V52/><F49/><W133/><G133/><T41/><D89/><U62/><E62/><V123/><F123/><W112/><G112/><T130/><D130/><U53/><E95/><V28/><F28/><W20/><G20/><T81/><D57/><U10/><E10/><V68/><F68/><W4/><G4/><T37/><D37/><U90/><E90/><V107/><F107/><W100/><G100/><T105/><D105/><U88/><E88/><V99/><F86/><W131/><G131/><T2/><D2/><U60/><E0/><V21/><F3/><W119/><G119/><T7/><D7/><U12/><E39/><V70/><F70/><W54/><G54/><T61/><D79/><U58/><E38/><V135/><F135/><W101/><G101/><T5/><D5/><U44/><E58/><V85/><F85/><W78/><G78/><T19/><D77/><U33/><E33/><V6/><F6/><W22/><G18/><T118/><D118/><U46/><E16/><RYUUKYOKU ba="0,0" sc="157,-10,209,-10,302,-10,332,30" hai3="22,23,65,67" owari="147,-35.3,199,-20.1,292,9.2,362,46.2" /></mjloggm>