<mjloggm ver="2.3"><GO type="169" lobby="0"/><UN n0="%43%68%61%72%6F%2E" n1="%E3%81%88%E3%81%84%E3%81%8D%E3%81%A1%40%35%6D%66" n2="%E3%81%93%E3%81%94%E3%81%A6%E3%81%83%E3%83%BC" n3="%E9%A4%8A%E5%88%86%E4%B8%B8" dan="17,17,16,17" rate="2170.45,2212.67,2026.52,2252.62" sx="M,M,M,M"/><TAIKYOKU oya="0"/><INIT seed="0,0,0,4,2,44" ten="250,250,250,250" oya="0" hai0="15,35,24,16,7,59,43,28,67,71,88,72,108" hai1="25,85,80,53,120,97,66,19,94,56,47,98,30" hai2="111,0,57,107,64,61,87,119,113,81,58,65,51" hai3="68,125,91,55,2,46,92,18,134,82,132,23,60"/><T127/><D127/><U106/><E120/><V63/><F0/><W22/><G2/><T36/><D72/><U100/><E19/><V83/><F107/><W31/><G125/><T78/><D78/><U116/><E116/><V38/><F113/><W133/><G82/><T9/><D108/><U131/><E131/><V76/><F38/><W103/><G103/><T75/><D75/><U79/><E47/><V29/><F29/><W70/><G31/><T48/><D71/><U34/><E66/><V6/><F6/><W130/><G130/><T126/><D126/><U118/><E118/><V5/><F5/><W52/><G23/><T21/><D36/><U128/><E128/><V124/><F124/><W73/><G73/><T123/><D123/><U20/><E34/><V135/><F135/><W27/><G46/><T49/><D43/><U11/><E11/><V101/><F101/><W50/><G60/><T3/><D88/><U129/><E129/><V84/><F111/><W102/><G102/><T89/><D89/><U45/><E45/><V121/><F121/><W42/><G42/><T41/><D41/><U54/><E56/><V122/><F122/><W62/><G62/><AGARI ba="0,0" hai="3,7,9,15,16,21,24,28,35,48,49,59,62,67" machi="62" ten="40,12000,1" yaku="24,2,52,2,54,1" doraHai="44" who="0" fromWho="3" sc="250,120,250,0,250,0,250,-120" /><INIT seed="0,1,0,3,4,51" ten="370,250,250,130" oya="0" hai0="88,18,129,80,82,121,47,34,83,42,118,77,120" hai1="53,21,36,59,65,8,90,58,106,112,44,0,92" hai2="104,55,25,61,10,46,95,131,6,50,29,54,20" hai3="97,128,91,23,45,72,99,22,67,14,69,37,93"/><T114/><D118/><U2/><E106/><V113/><F113/><W38/><G72/><T31/><D114/><U33/><E33/><V26/><F104/><W28/><G128/><T41/><D129/><U85/><E112/><V110/><F131/><W127/><G127/><T49/><D77/><U109/><E109/><V43/><F110/><W48/><G99/><T84/><D42/><U63/><E8/><V79/><F79/><W16/><G69/><T76/><D18/><U125/><E125/><V64/><F95/><W100/><G67/><T73/><REACH who="0" step="1"/><D80/><REACH who="0" ten="360,250,250,130" step="2"/><U70/><E36/><V68/><REACH who="2" step="1"/><F26/><AGARI ba="1,1" hai="26,31,34,41,47,49,73,76,82,83,84,88,120,121" machi="26" ten="40,7700,0" yaku="1,1,2,1,54,1,53,0" doraHai="51" doraHaiUra="19" who="0" fromWho="2" sc="360,90,250,0,250,-80,130,0" /><INIT seed="0,2,0,1,3,49" ten="450,250,170,130" oya="0" hai0="52,106,34,4,23,43,27,18,128,20,21,117,60" hai1="134,67,104,69,131,97,0,51,44,82,12,59,124" hai2="6,101,111,15,129,119,29,96,89,61,74,95,70" hai3="39,122,33,78,62,13,30,113,54,118,105,46,99"/><T85/><D117/><U42/><E0/><V26/><F74/><W53/><G113/><T120/><D120/><U72/><E131/><V87/><F129/><W45/><G118/><T14/><D128/><U123/><E123/><V17/><F111/><W76/><G122/><T107/><D43/><U83/><E69/><V40/><F40/><W88/><G105/><T22/><D4/><U126/><E134/><V25/><F119/><W38/><G33/><T114/><D114/><U93/><E104/><V35/><F26/><W28/><G13/><T116/><D116/><U65/><E12/><V84/><F6/><W66/><G62/><T55/><D85/><U1/><E1/><V5/><F5/><W2/><G2/><T86/><D86/><U81/><E72/><V57/><F70/><W48/><G48/><T135/><D135/><U24/><E24/><V47/><F47/><W100/><G100/><T90/><D90/><N who="1" m="55479" /><E59/><V79/><F79/><W68/><G68/><T37/><D37/><U32/><E32/><V102/><F87/><W19/><G99/><T98/><D60/><U109/><E109/><V132/><F84/><W77/><G77/><T7/><D7/><U3/><E3/><V125/><F132/><W50/><G50/><T133/><D133/><U41/><E41/><V112/><F112/><W94/><G94/><T56/><D56/><U130/><E130/><V92/><F92/><W16/><G88/><T63/><D63/><U110/><E110/><V31/><F89/><W9/><G9/><T64/><D107/><U71/><E71/><V11/><F101/><RYUUKYOKU ba="2,0" sc="450,-15,250,15,170,-15,130,15" hai1="42,44,51,65,67,81,82,83,124,126" hai3="16,19,28,30,38,39,45,46,53,54,66,76,78" /><INIT seed="1,3,0,1,1,48" ten="435,265,155,145" oya="1" hai0="110,90,86,126,108,24,79,19,92,82,127,53,133" hai1="96,58,8,124,134,80,6,84,87,38,31,9,1" hai2="101,33,64,10,7,131,62,13,120,18,88,35,94" hai3="97,132,20,72,66,112,74,121,106,100,46,73,122"/><U57/><E38/><V89/><F120/><W25/><G112/><T56/><D24/><U114/><E114/><V5/><F131/><W99/><G132/><T22/><D22/><U130/><E134/><V21/><F101/><W61/><G99/><T77/><D19/><U50/><E130/><V29/><F29/><W68/><REACH who="3" step="1"/><G46/><REACH who="3" ten="435,265,155,135" step="2"/><T15/><D133/><U47/><E96/><V102/><F102/><W104/><G104/><T40/><D127/><U41/><E124/><V71/><F7/><W107/><G107/><T0/><D126/><U32/><E6/><V105/><F105/><W85/><G85/><T43/><D110/><U70/><E87/><V12/><REACH who="2" step="1"/><F89/><REACH who="2" ten="435,265,145,135" step="2"/><W63/><G63/><T113/><D108/><U27/><E31/><AGARI ba="3,2" hai="20,25,31,61,66,68,72,73,74,97,100,106,121,122" machi="31" ten="40,2600,0" yaku="1,1,53,1" doraHai="48" doraHaiUra="59" who="3" fromWho="1" sc="435,0,265,-35,145,0,135,55" /><INIT seed="2,0,0,1,0,103" ten="435,230,145,190" oya="2" hai0="65,128,106,129,22,94,15,93,118,47,3,78,67" hai1="45,113,4,97,108,76,59,48,107,20,132,52,84" hai2="12,28,82,18,130,70,110,101,119,92,33,42,37" hai3="29,34,117,115,77,85,56,90,126,125,69,81,24"/><V6/><F119/><W120/><G117/><T123/><D118/><U134/><E113/><V80/><F70/><W96/><G120/><T38/><D3/><U60/><E108/><V35/><F42/><W14/><G69/><T11/><D123/><U73/><E73/><V5/><F37/><W31/><G115/><T83/><D22/><U46/><E4/><N who="2" m="1643" /><F101/><W105/><G31/><T10/><D47/><U121/><E121/><V122/><F92/><W89/><G14/><T43/><D43/><U53/><E97/><V32/><F82/><W19/><G19/><T44/><D44/><U104/><E20/><N who="2" m="11335" /><F80/><W127/><G56/><T57/><D38/><U91/><E76/><V79/><F79/><W0/><G0/><T21/><D21/><U99/><E45/><V87/><F87/><W54/><G54/><T86/><D93/><N who="1" m="56767" /><E84/><V1/><F1/><W40/><G40/><T41/><D94/><U30/><E30/><V109/><F122/><W62/><G62/><T68/><D68/><U100/><E100/><AGARI ba="0,0" hai="24,29,34,77,81,85,89,90,96,100,105,125,126,127" machi="100" ten="40,2600,0" yaku="18,1,52,1" doraHai="103" who="3" fromWho="1" sc="435,0,230,-26,145,0,190,26" /><INIT seed="3,0,0,1,2,91" ten="435,204,145,216" oya="3" hai0="82,116,12,92,7,47,111,27,63,59,93,77,52" hai1="22,40,131,30,65,62,118,119,8,60,110,67,61" hai2="105,17,75,26,54,41,132,14,36,122,94,127,104" hai3="10,31,90,50,102,33,69,134,43,68,34,29,51"/><W123/><G123/><T18/><D111/><U28/><E110/><V39/><F75/><W66/><G90/><T100/><D116/><N who="1" m="44587" /><E131/><V46/><F122/><W85/><G85/><N who="0" m="48335" /><D100/><U80/><E40/><V0/><F0/><W37/><G102/><T120/><D120/><U49/><E49/><V3/><F3/><W38/><G43/><T83/><D83/><U124/><E124/><V13/><F127/><W117/><G117/><T88/><D7/><U135/><E135/><V76/><F76/><W42/><G42/><T21/><D47/><U125/><E125/><V73/><F73/><W56/><G56/><T128/><D128/><U114/><E114/><V109/><F109/><W20/><G20/><N who="0" m="11335" /><D88/><U126/><E126/><V97/><F39/><W25/><G10/><T16/><AGARI ba="0,0" hai="16,21,27,52,59,63,92,93" m="11335,48335" machi="16" ten="30,8000,1" yaku="8,1,52,2,54,2" doraHai="91" who="0" fromWho="0" sc="435,80,204,-20,145,-20,216,-40" /><INIT seed="4,0,0,4,0,114" ten="515,184,125,176" oya="0" hai0="71,29,78,116,91,86,14,115,73,100,7,26,22" hai1="44,5,123,94,120,95,121,83,111,21,132,81,20" hai2="55,80,107,119,97,30,131,104,103,130,39,43,74" hai3="3,122,64,66,0,53,51,58,19,54,108,60,42"/><T59/><D116/><U105/><E105/><V113/><F30/><W8/><G108/><T32/><D71/><U124/><E124/><V47/><BYE who="1" /><F55/><W6/><G42/><T75/><D115/><U61/><E61/><V56/><F56/><W48/><G122/><T72/><D100/><U10/><E10/><V25/><F25/><W52/><G3/><T110/><D110/><U18/><E18/><V98/><F113/><W23/><REACH who="3" step="1"/><G66/><REACH who="3" ten="515,184,125,166" step="2"/><UN n1="%E3%81%88%E3%81%84%E3%81%8D%E3%81%A1%40%35%6D%66" /><T12/><D73/><U84/><E111/><V134/><F134/><W9/><G9/><T45/><D72/><U77/><E132/><V2/><F2/><W28/><G28/><T106/><D75/><U49/><E120/><V118/><F74/><W89/><G89/><T36/><D91/><U68/><E121/><V67/><F67/><W35/><G35/><T31/><D31/><U85/><E123/><V82/><F82/><W92/><G92/><T70/><D29/><U87/><E95/><V27/><F80/><W16/><G16/><T96/><D32/><U99/><E5/><V63/><F130/><W38/><G38/><T76/><D36/><U13/><E83/><V79/><F131/><W126/><G126/><T4/><D4/><U37/><E37/><V46/><F39/><W34/><G34/><T93/><D7/><U11/><E81/><V109/><F43/><W117/><G117/><T135/><D93/><U128/><E128/><V65/><F109/><W40/><G40/><T33/><D33/><U15/><E94/><V41/><F41/><W17/><G17/><T127/><D135/><U102/><E11/><RYUUKYOKU ba="0,1" sc="515,-10,184,-10,125,-10,166,30" hai3="0,6,8,19,23,48,51,52,53,54,58,60,64" /><INIT seed="5,1,1,4,4,24" ten="505,174,115,196" oya="1" hai0="33,45,112,56,129,22,6,51,88,37,34,25,11" hai1="41,128,84,59,48,121,8,109,85,103,92,127,97" hai2="18,46,99,61,16,47,74,38,81,15,36,64,90" hai3="122,1,12,27,72,21,110,125,118,40,19,83,86"/><U135/><E121/><V10/><F38/><W89/><G110/><T107/><D112/><U73/><E73/><V63/><F36/><W130/><G122/><T32/><D107/><U23/><E109/><V70/><F74/><W131/><G1/><T29/><D129/><N who="3" m="49161" /><G125/><T35/><D37/><U50/><E128/><V30/><F63/><W54/><G40/><T113/><D113/><U49/><E127/><V102/><F81/><W106/><G106/><T115/><D115/><U0/><E135/><V126/><F90/><W104/><G104/><T17/><D56/><U111/><E111/><V114/><F114/><W60/><G72/><T96/><N who="0" m="8192" /><DORA hai="82" /><T117/><D117/><U71/><E71/><V66/><F66/><W123/><G123/><T100/><D100/><U53/><E23/><V119/><F119/><W94/><G118/><T77/><D77/><U44/><REACH who="1" step="1"/><E49/><REACH who="1" ten="505,164,115,196" step="2"/><V67/><F70/><W79/><G27/><T55/><D11/><U108/><E108/><V28/><F10/><W31/><G21/><T87/><D51/><U120/><E120/><V52/><F126/><W65/><G79/><T26/><D22/><U14/><E14/><V62/><F15/><W7/><G12/><T116/><D116/><U3/><E3/><V68/><F68/><W20/><G20/><T132/><D132/><U58/><E58/><V69/><F69/><W124/><G124/><T134/><D134/><U75/><E75/><V39/><F39/><W78/><G78/><T13/><D13/><U76/><E76/><V101/><F99/><W42/><G86/><T133/><D96/><RYUUKYOKU ba="1,2" sc="505,-15,164,15,115,15,196,-15" hai1="0,8,41,44,48,50,53,59,84,85,92,97,103" hai2="16,18,28,30,46,47,52,61,62,64,67,101,102" /><INIT seed="5,2,2,1,5,113" ten="490,179,130,181" oya="1" hai0="82,51,129,60,9,133,15,48,123,92,32,47,69" hai1="127,77,117,83,120,106,43,135,85,8,84,5,57" hai2="42,21,74,20,78,46,90,63,73,38,65,87,54" hai3="10,62,115,59,94,25,102,19,75,31,101,108,119"/><U40/><E120/><V97/><F54/><W53/><G108/><T39/><D123/><U71/><E71/><V81/><F97/><W4/><G75/><T110/><D110/><U1/><E106/><V58/><REACH who="2" step="1"/><F74/><REACH who="2" ten="490,179,120,181" step="2"/><W134/><G53/><T107/><D129/><U111/><E111/><V45/><F45/><W17/><G115/><T44/><D44/><U98/><E98/><V99/><F99/><W30/><G102/><T24/><D47/><U61/><E43/><V34/><F34/><W35/><G35/><T26/><D32/><U22/><E40/><V93/><AGARI ba="2,3" hai="20,21,38,42,46,58,63,65,73,78,81,87,90,93" machi="93" ten="20,5200,0" yaku="1,1,0,1,7,1,53,1" doraHai="113" doraHaiUra="37" who="2" fromWho="2" sc="490,-15,179,-28,120,88,181,-15" /><INIT seed="6,0,0,0,0,7" ten="475,151,208,166" oya="2" hai0="82,80,11,113,5,28,32,10,127,101,97,29,55" hai1="109,104,31,96,44,72,70,20,73,39,99,23,119" hai2="122,120,71,51,22,107,86,42,21,93,46,110,41" hai3="135,106,64,17,8,19,18,126,43,132,61,49,27"/><V89/><F107/><W12/><G106/><T102/><D113/><U87/><E119/><V56/><F71/><W85/><G126/><T133/><D127/><U58/><E70/><V74/><F74/><W3/><G3/><T128/><D32/><U35/><E109/><V16/><F110/><W103/><G103/><T38/><D38/><U40/><E35/><V69/><F69/><W48/><G27/><T37/><D37/><U67/><E87/><V108/><F22/><W112/><G85/><T47/><D133/><N who="3" m="51273" /><G112/><T62/><D128/><U76/><E31/><N who="0" m="11849" /><D5/><U52/><E67/><V125/><F125/><W81/><G81/><N who="0" m="31339" /><D97/><U13/><E76/><V34/><F34/><W114/><G114/><T65/><D65/><U33/><E33/><V94/><F108/><W124/><G124/><T9/><D62/><U36/><E39/><V78/><F78/><W0/><G0/><T59/><D59/><U116/><E116/><V88/><F56/><N who="3" m="36903" /><G43/><T111/><D111/><U75/><E104/><V1/><F1/><W63/><G63/><T4/><D4/><AGARI ba="0,0" hai="4,8,12,17,18,19,48,49" m="36903,51273" machi="4" ten="30,2000,0" yaku="20,1,52,1" doraHai="7" who="3" fromWho="0" sc="475,-20,151,0,208,0,166,20" /><INIT seed="7,0,0,4,4,11" ten="455,151,208,186" oya="3" hai0="33,120,58,49,108,83,63,92,60,125,73,131,132" hai1="111,65,134,109,36,37,82,130,7,135,15,89,93" hai2="101,95,77,23,71,70,61,27,20,46,47,31,32" hai3="45,119,103,75,1,74,16,34,54,25,38,3,68"/><W69/><G119/><T41/><D33/><U87/><E65/><V114/><F71/><W9/><G103/><T79/><D108/><N who="1" m="41547" /><E36/><V76/><F70/><W126/><G126/><T90/><D120/><U107/><E37/><V78/><F114/><W50/><G38/><T2/><D2/><U8/><E107/><V17/><F61/><W118/><G118/><T110/><D132/><N who="1" m="50731" /><E130/><V106/><F32/><W57/><G69/><T117/><D125/><U18/><E82/><V4/><F4/><W85/><G68/><T66/><D131/><U6/><AGARI ba="0,0" hai="6,7,8,15,18,87,89,93" m="50731,41547" machi="6" ten="40,2700,0" yaku="20,1,52,1" doraHai="11" who="1" fromWho="1" sc="455,-7,151,27,208,-7,186,-13" owari="448,54.8,178,-22.2,201,0.1,173,-32.7" /></mjloggm>