<mjloggm ver="2.3"><GO type="169" lobby="0"/><UN n0="%E3%82%A4%E3%82%A7%E3%83%83%E3%82%BF%E3%82%A4%E3%82%AC%E3%83%BC" n1="%E4%B8%83%E7%94%9F%E5%A4%95" n2="%E3%81%93%E3%81%A1" n3="%E3%81%9D%E3%82%93%E3%81%97%E6%A7%98" dan="16,16,17,17" rate="2120.89,2130.33,2211.54,2232.04" sx="M,M,F,M"/><TAIKYOKU oya="0"/><INIT seed="0,0,0,1,3,120" ten="250,250,250,250" oya="0" hai0="36,95,22,26,77,38,13,48,70,46,103,50,10" hai1="28,19,33,98,41,82,25,104,15,111,45,60,127" hai2="8,37,133,57,35,108,3,76,105,59,30,67,14" hai3="112,79,69,92,110,53,129,24,32,11,27,17,85"/><T134/><D134/><U29/><E127/><V52/><F3/><W132/><G69/><T131/><D131/><U56/><E29/><V54/><F37/><W4/><G53/><T121/><D121/><U90/><E104/><V88/><F105/><W34/><G92/><T118/><D118/><U18/><E111/><V101/><F101/><W7/><G85/><T43/><D70/><U87/><E98/><V114/><F114/><W2/><G79/><T115/><D115/><U124/><E124/><V81/><F133/><W128/><G112/><T109/><D77/><U9/><E19/><V64/><F30/><W75/><G75/><T23/><D109/><U20/><E56/><N who="2" m="21579" /><F35/><N who="3" m="13355" /><G132/><T62/><D62/><U100/><E100/><V91/><F76/><W31/><G110/><T117/><D117/><U63/><REACH who="1" step="1"/><E33/><REACH who="1" ten="250,240,250,250" step="2"/><V65/><F108/><W21/><G4/><N who="0" m="3271" /><D103/><U68/><E68/><V1/><F1/><W96/><G96/><T86/><D46/><U113/><E113/><V12/><F12/><N who="3" m="9383" /><G31/><T119/><D119/><U40/><E40/><V107/><F107/><W58/><G58/><T93/><D43/><U49/><AGARI ba="0,1" hai="9,15,18,20,25,28,41,45,49,60,63,82,87,90" machi="49" ten="20,5200,0" yaku="1,1,0,1,7,1,8,1,53,0" doraHai="120" doraHaiUra="89" who="1" fromWho="1" sc="250,-26,240,62,250,-13,250,-13" /><INIT seed="1,0,0,4,4,119" ten="224,302,237,237" oya="1" hai0="107,19,127,41,115,98,122,42,62,88,12,55,53" hai1="65,87,89,17,15,79,64,8,32,34,10,73,21" hai2="50,90,114,31,7,47,68,118,59,113,106,124,100" hai3="40,74,36,66,25,129,83,20,110,33,92,67,29"/><U18/><E73/><V57/><F68/><W131/><G110/><T30/><D115/><U120/><E79/><V2/><F118/><W77/><G33/><T14/><D30/><U61/><E120/><V60/><F124/><W84/><G40/><T78/><D78/><U35/><E18/><V52/><F31/><W125/><G36/><T16/><D127/><U121/><E121/><V23/><F23/><W102/><G125/><T58/><D122/><U5/><E10/><N who="2" m="2423" /><F90/><N who="3" m="53319" /><G102/><T44/><D107/><U69/><E64/><V46/><F100/><W4/><G4/><T6/><D6/><U123/><E123/><V112/><F106/><W56/><G56/><N who="0" m="35087" /><D44/><U99/><E99/><V76/><F76/><W0/><G0/><T49/><D14/><U13/><REACH who="1" step="1"/><E35/><REACH who="1" ten="224,292,237,237" step="2"/><V97/><F97/><W43/><G67/><AGARI ba="0,1" hai="46,47,50,52,57,59,60,67,112,113,114" m="2423" machi="67" ten="30,2000,0" yaku="11,1,54,1" doraHai="119" who="2" fromWho="3" sc="224,0,292,0,237,30,237,-20" /><INIT seed="2,0,0,2,0,22" ten="224,292,267,217" oya="2" hai0="4,42,17,2,110,10,18,82,88,125,128,28,98" hai1="132,5,78,73,76,7,14,109,62,47,25,121,8" hai2="15,34,120,13,83,68,6,111,87,50,63,90,39" hai3="84,56,93,130,45,11,27,49,60,123,103,32,44"/><V112/><F112/><W65/><G123/><T66/><D125/><U19/><E109/><V119/><F119/><W12/><G130/><T85/><D128/><U61/><E132/><V37/><F120/><W52/><G32/><T67/><D110/><U21/><E121/><V118/><F118/><W129/><G129/><T43/><D98/><U53/><E7/><V55/><F34/><W75/><G75/><T57/><D28/><U108/><E108/><V36/><F111/><W91/><G103/><T126/><D126/><U31/><E73/><V100/><F100/><W131/><G131/><T135/><D135/><U48/><REACH who="1" step="1"/><E31/><REACH who="1" ten="224,282,267,217" step="2"/><V106/><F6/><W86/><G86/><T97/><D97/><U1/><E1/><V69/><F106/><W79/><G79/><AGARI ba="0,1" hai="5,8,14,19,21,25,47,48,53,61,62,76,78,79" machi="79" ten="40,5200,0" yaku="1,1,8,1,52,1,53,0" doraHai="22" doraHaiUra="96" who="1" fromWho="3" sc="224,0,282,62,267,0,217,-52" /><INIT seed="3,0,0,2,3,103" ten="224,344,267,165" oya="3" hai0="61,112,5,71,118,123,114,23,36,37,48,121,16" hai1="75,44,101,88,110,84,65,102,49,98,54,86,82" hai2="21,20,50,70,52,46,22,122,58,130,116,62,38" hai3="99,119,128,79,106,45,35,39,64,115,120,24,108"/><W96/><G115/><N who="0" m="44075" /><D5/><U117/><E110/><V9/><F116/><W11/><G119/><T124/><D118/><U19/><E75/><V76/><F130/><W42/><G120/><N who="0" m="46155" /><D48/><U94/><E117/><V92/><F122/><W17/><G128/><T72/><D72/><U30/><E30/><V18/><F38/><W134/><G134/><T97/><D97/><U15/><E65/><V34/><F34/><W10/><G108/><T31/><D31/><U26/><E26/><V131/><F70/><W29/><G96/><T57/><D124/><U133/><E133/><V81/><F92/><W111/><G111/><T132/><D132/><U95/><E95/><V51/><F131/><W104/><G79/><T125/><D125/><U135/><E135/><V69/><F69/><W32/><G32/><T78/><D78/><N who="1" m="46167" /><E98/><V127/><F127/><W40/><G40/><T105/><D105/><N who="3" m="40553" /><G99/><T27/><D71/><U0/><E0/><V25/><F9/><AGARI ba="0,0" hai="9,15,19,44,49,54,86,88,94,101,102" m="46167" machi="9" ten="30,2000,0" yaku="8,1,54,1" doraHai="103" who="1" fromWho="2" sc="224,0,344,20,267,-20,165,0" /><INIT seed="4,0,0,5,1,109" ten="224,364,247,165" oya="0" hai0="29,11,79,40,65,122,5,75,6,39,93,27,77" hai1="103,2,64,111,108,31,116,129,114,63,24,125,42" hai2="99,131,36,68,82,35,23,90,62,13,100,41,105" hai3="14,9,59,30,47,113,22,96,80,121,104,101,134"/><T98/><D122/><U91/><E116/><V46/><F131/><W8/><G134/><T130/><D130/><U17/><E2/><V48/><F35/><W4/><G121/><T69/><D69/><U85/><E129/><V32/><F32/><W88/><G9/><T60/><D75/><U1/><E1/><V128/><F128/><W78/><G59/><T95/><D40/><U56/><E42/><V38/><F90/><W70/><G70/><T135/><D39/><U0/><E0/><V16/><REACH who="2" step="1"/><F82/><REACH who="2" ten="224,364,237,165" step="2"/><W73/><G88/><N who="0" m="55591" /><D135/><U124/><E108/><V58/><F58/><W49/><G30/><T102/><D102/><U133/><E103/><V33/><F33/><W84/><G73/><T112/><D95/><U37/><E31/><V76/><F76/><N who="0" m="29258" /><D29/><U12/><E111/><V123/><F123/><W3/><G3/><T53/><D65/><AGARI ba="0,1" hai="13,16,23,36,38,41,46,48,62,65,68,99,100,105" machi="65" ten="40,2600,0" yaku="1,1,54,1,53,0" doraHai="109" doraHaiUra="54" who="2" fromWho="0" sc="224,-26,364,0,237,36,165,0" /><INIT seed="5,0,0,5,5,7" ten="198,364,273,165" oya="1" hai0="122,131,91,119,103,28,41,59,114,66,0,29,38" hai1="76,84,39,35,120,57,116,2,58,71,6,17,62" hai2="123,78,105,111,75,46,23,30,22,55,69,104,87" hai3="31,8,61,98,125,27,11,85,80,42,99,100,118"/><U3/><E35/><V113/><F111/><W50/><G125/><T51/><D0/><U101/><E39/><V97/><F123/><W52/><G118/><T130/><D119/><U48/><E101/><V134/><F69/><W77/><G61/><N who="0" m="38207" /><D103/><U102/><E102/><V4/><F75/><W1/><G42/><T73/><D73/><U32/><E71/><V109/><F109/><W117/><G117/><T124/><D91/><U132/><E32/><V21/><F30/><W92/><G98/><T72/><D72/><U54/><E3/><V9/><F97/><W112/><G112/><T106/><D106/><U18/><E132/><V115/><F134/><W43/><G43/><T68/><D28/><U110/><E120/><V96/><F96/><W63/><G63/><T19/><D19/><U127/><E18/><V82/><F46/><W129/><G129/><N who="0" m="49163" /><D29/><U33/><E17/><V74/><F55/><W135/><G1/><T108/><D108/><U47/><E54/><V37/><F74/><W44/><G135/><T5/><D5/><U89/><E6/><V10/><F4/><W128/><G128/><T26/><D26/><U79/><E2/><V126/><F126/><W13/><G13/><T90/><D90/><U64/><E127/><V15/><F15/><W36/><G36/><T94/><D124/><U70/><E110/><V93/><F37/><W107/><G107/><N who="2" m="41033" /><F93/><W20/><AGARI ba="0,0" hai="8,11,20,27,31,44,50,52,77,80,85,92,99,100" machi="20" ten="20,12000,2" yaku="0,1,7,1,8,1,52,2,54,1" doraHai="7" who="3" fromWho="3" sc="198,-30,364,-60,273,-30,165,120" /><INIT seed="6,0,0,4,5,63" ten="168,304,243,285" oya="2" hai0="83,53,118,103,105,71,51,91,36,78,107,6,22" hai1="101,108,86,38,73,100,92,116,72,132,98,115,18" hai2="44,135,89,130,0,123,93,20,95,29,77,19,99" hai3="90,58,64,85,15,120,28,16,2,127,125,128,24"/><V11/><F123/><W112/><G2/><T126/><D36/><U94/><E38/><V12/><F130/><W25/><G128/><T111/><D111/><U69/><E69/><V31/><F135/><W84/><G112/><T59/><D126/><U110/><E18/><V131/><F131/><W41/><G41/><T79/><D118/><U32/><E32/><V46/><F0/><W42/><G42/><T60/><D6/><U106/><E116/><V17/><F77/><W102/><G102/><T70/><D103/><U1/><E1/><V52/><F95/><W133/><G133/><T8/><D8/><U3/><E3/><V75/><F75/><N who="1" m="28745" /><E132/><V68/><F68/><W9/><G120/><T37/><D37/><U117/><E117/><V74/><F74/><W113/><G113/><T57/><D22/><U97/><E115/><V21/><F11/><W109/><G109/><N who="1" m="42090" /><E86/><V48/><REACH who="2" step="1"/><F46/><REACH who="2" ten="168,304,233,285" step="2"/><W61/><G127/><T33/><D71/><U121/><E121/><V55/><F55/><W50/><G125/><T129/><D70/><U43/><E43/><V54/><F54/><W134/><G134/><T65/><D129/><U81/><E81/><V76/><F76/><W27/><G9/><T49/><D79/><U122/><E122/><V96/><F96/><W30/><G84/><T35/><D78/><U10/><E10/><V7/><F7/><W13/><G85/><N who="0" m="50623" /><D49/><U5/><E5/><V124/><F124/><W47/><G50/><T88/><D88/><U56/><E56/><V39/><F39/><W23/><G90/><T82/><D82/><U67/><E98/><RYUUKYOKU ba="0,1" sc="168,15,304,-15,233,15,285,-15" hai0="33,35,51,53,57,59,60,65,105,107" hai2="12,17,19,20,21,29,31,44,48,52,89,93,99" /><INIT seed="6,1,1,4,4,103" ten="183,289,248,270" oya="2" hai0="58,4,63,96,39,31,121,24,29,69,26,57,131" hai1="91,113,132,50,54,117,15,112,59,22,19,72,77" hai2="94,80,114,32,125,105,123,115,37,0,107,99,82" hai3="84,9,111,23,3,25,52,13,81,33,64,79,116"/><V110/><F123/><W88/><G116/><T7/><D121/><U30/><E117/><V11/><F32/><W126/><G111/><T128/><D39/><U68/><E68/><V10/><F37/><W87/><G126/><T36/><D36/><U135/><E30/><V109/><F125/><W2/><G33/><T65/><D96/><U134/><E91/><N who="2" m="55775" /><F10/><W83/><G64/><T27/><D69/><U130/><E130/><V53/><F53/><W48/><G25/><T43/><D43/><U8/><E8/><V108/><F11/><W74/><G74/><T40/><D40/><U78/><REACH who="1" step="1"/><E72/><REACH who="1" ten="183,279,248,270" step="2"/><V102/><F0/><W5/><G23/><T122/><D122/><U42/><E42/><V101/><F101/><W18/><G5/><N who="0" m="2123" /><D65/><U28/><E28/><N who="0" m="10825" /><D63/><U127/><E127/><V124/><F124/><W75/><G75/><T66/><D66/><U73/><E73/><V47/><F102/><W62/><G62/><T90/><D90/><U49/><E49/><V20/><F20/><W89/><G89/><T100/><D100/><U98/><E98/><V14/><F110/><W93/><G2/><T6/><N who="0" m="2131" /><T133/><DORA hai="34" /><D133/><U97/><E97/><V41/><F109/><W17/><G3/><T51/><D51/><U44/><E44/><V67/><F67/><W106/><G48/><T119/><D119/><U16/><E16/><V45/><F108/><W95/><G18/><T46/><D46/><U129/><E129/><AGARI ba="1,2" hai="24,26,27,57,58,128,129,131" m="10825,2131" machi="129" ten="40,5200,0" yaku="28,2,19,1" doraHai="103,34" who="0" fromWho="1" sc="183,75,279,-55,248,0,270,0" /><INIT seed="7,0,0,2,1,101" ten="258,224,248,270" oya="3" hai0="102,46,74,45,82,120,71,4,25,118,39,91,17" hai1="79,64,85,63,60,24,44,8,77,132,133,34,125" hai2="21,123,38,23,73,58,18,131,90,61,62,135,112" hai3="29,49,36,40,16,6,14,105,19,116,20,41,26"/><W72/><G105/><T108/><D118/><U88/><E125/><V129/><F38/><W87/><G72/><T67/><D108/><U95/><E44/><V43/><F73/><W81/><G36/><T68/><D120/><U76/><E8/><V48/><F123/><W31/><G6/><T100/><D4/><U83/><E83/><V134/><F90/><N who="3" m="51567" /><G116/><T57/><D39/><U110/><E110/><V2/><F2/><W56/><G56/><T69/><D57/><U119/><E119/><V130/><F112/><W52/><G52/><T104/><D67/><U107/><E107/><V70/><F70/><W106/><G106/><T124/><D124/><U42/><E42/><N who="3" m="16490" /><G49/><T1/><D1/><U59/><REACH who="1" step="1"/><E63/><REACH who="1" ten="258,214,248,270" step="2"/><N who="2" m="24075" /><F21/><AGARI ba="0,1" hai="14,16,19,20,21,26,29,31" m="16490,51567" machi="21" ten="30,2900,0" yaku="8,1,54,1" doraHai="101" who="3" fromWho="2" sc="258,0,214,0,248,-29,270,39" owari="258,5.8,214,-28.6,219,-18.1,309,40.9" /></mjloggm>