<mjloggm ver="2.3"><GO type="169" lobby="0"/><UN n0="%E9%BA%BB%E5%80%89%E8%91%89" n1="%E3%83%80%E3%82%AF%E3%82%BF%E3%83%BC%E3%82%AF%E3%83%AA%E3%83%83%E3%83%97" n2="%E3%83%94%E3%83%B3%E3%82%B5%E3%83%AD%E5%BA%97%E5%93%A1" n3="%E3%80%8C%E3%82%AD%E3%82%BF%E3%80%8D" dan="16,19,17,16" rate="2148.46,2258.43,2272.34,2046.79" sx="M,M,M,M"/><TAIKYOKU oya="0"/><INIT seed="0,0,0,1,1,130" ten="250,250,250,250" oya="0" hai0="63,121,65,80,44,30,67,35,45,101,23,28,113" hai1="100,96,82,110,21,135,76,60,26,87,90,98,14" hai2="70,95,9,17,47,86,4,71,3,61,119,131,31" hai3="58,105,62,93,68,27,59,129,120,49,39,125,22"/><T127/><D113/><U52/><E110/><V114/><F114/><W122/><G105/><T94/><D121/><U116/><E116/><V128/><F119/><W118/><G118/><T25/><D127/><U16/><E135/><V73/><F73/><W29/><G39/><T89/><D65/><U56/><E100/><V33/><F47/><W8/><G129/><N who="2" m="49737" /><F17/><W134/><G134/><T36/><D36/><U84/><REACH who="1" step="1"/><E26/><REACH who="1" ten="250,240,250,250" step="2"/><N who="2" m="18679" /><F61/><W42/><G62/><T111/><D111/><U75/><E75/><V109/><F109/><W2/><G122/><T43/><D101/><U38/><E38/><V115/><F115/><W20/><G120/><T83/><D63/><U126/><E126/><V64/><F64/><W108/><G125/><T40/><D67/><U72/><E72/><V24/><F24/><W53/><G27/><T18/><D30/><U7/><E7/><V133/><F133/><W6/><G29/><T92/><D28/><U13/><E13/><V46/><F4/><W79/><G6/><T41/><D35/><U0/><E0/><V54/><F3/><W12/><G2/><T88/><D25/><U97/><E97/><V106/><F71/><W74/><G68/><T15/><D15/><U69/><E69/><V50/><F70/><W91/><G74/><T99/><D18/><U132/><E132/><V66/><F66/><W48/><G12/><T11/><D11/><U77/><E77/><V1/><F9/><W19/><G79/><T78/><D23/><U123/><E123/><V10/><F10/><W112/><G8/><T124/><D124/><U102/><E102/><RYUUKYOKU ba="0,1" sc="250,-10,240,30,250,-10,250,-10" hai1="14,16,21,52,56,60,76,82,84,87,90,96,98" /><INIT seed="1,1,1,3,1,65" ten="240,270,240,240" oya="1" hai0="13,83,71,82,18,54,1,55,62,118,7,91,72" hai1="8,39,111,48,123,81,38,98,129,73,100,87,90" hai2="88,120,27,128,99,67,37,19,0,108,50,116,20" hai3="42,58,75,92,6,106,25,30,125,43,9,34,24"/><U96/><E123/><V77/><F120/><W117/><G106/><T135/><D118/><U17/><E129/><V35/><F37/><W22/><G75/><T12/><D1/><U119/><E119/><V2/><F116/><W102/><G125/><T60/><D7/><U74/><E98/><V26/><F128/><W80/><G80/><T11/><D72/><U57/><E111/><V86/><F108/><W104/><G104/><T105/><D105/><U132/><E132/><V66/><F77/><W51/><G102/><T36/><D36/><U61/><E74/><V101/><F50/><W89/><G58/><T78/><D91/><U29/><E29/><V84/><F84/><W121/><G51/><T115/><D11/><U44/><E73/><V69/><F67/><W95/><G95/><T31/><D31/><U124/><E124/><V15/><F35/><W112/><G112/><T5/><D5/><U21/><E8/><V126/><F126/><W114/><G114/><T28/><D28/><U10/><E10/><V59/><F59/><W97/><G121/><T63/><D18/><U47/><E47/><V79/><F79/><W68/><G117/><T33/><D33/><U94/><E57/><V76/><F76/><W14/><G68/><T133/><D78/><U103/><E103/><V113/><F113/><W56/><G56/><T23/><D115/><U52/><REACH who="1" step="1"/><E61/><REACH who="1" ten="240,260,240,240" step="2"/><N who="2" m="40143" /><F99/><W64/><G30/><T45/><D45/><U49/><E49/><V127/><F127/><W93/><G97/><T107/><D63/><U109/><E109/><V130/><F130/><W70/><G34/><RYUUKYOKU ba="1,2" sc="240,-10,260,30,240,-10,240,-10" hai1="17,21,38,39,44,48,52,81,87,90,94,96,100" /><INIT seed="1,2,2,4,5,81" ten="230,290,230,230" oya="1" hai0="43,118,39,96,33,2,117,107,67,106,104,3,87" hai1="16,130,105,80,29,94,92,103,116,114,53,46,82" hai2="27,26,134,30,131,48,88,76,100,45,115,0,7" hai3="93,1,25,52,84,90,51,124,9,32,23,123,72"/><U83/><E114/><V44/><F115/><W17/><G124/><T10/><D96/><N who="1" m="59783" /><E105/><V69/><F69/><W8/><G1/><T71/><D33/><U110/><E116/><V113/><F113/><W5/><G72/><T50/><D50/><N who="1" m="28887" /><E130/><V97/><F131/><W62/><G123/><T31/><D31/><U89/><E110/><V135/><F76/><W129/><G129/><T85/><D3/><U125/><E125/><V24/><F30/><W4/><G32/><T95/><D95/><U65/><E29/><V19/><F19/><W14/><G62/><T38/><D38/><U120/><E120/><V102/><F7/><N who="3" m="3359" /><G9/><T61/><D10/><U127/><E127/><V47/><F48/><W64/><G64/><T15/><D2/><U57/><E16/><V99/><F0/><W73/><G73/><T128/><D128/><U22/><E22/><V132/><REACH who="2" step="1"/><F88/><REACH who="2" ten="230,290,220,230" step="2"/><W37/><G37/><T126/><D126/><U21/><E21/><V133/><N who="2" m="33792" /><DORA hai="60" /><V119/><F119/><W86/><G5/><T122/><D122/><U66/><E57/><V108/><F108/><W63/><G4/><T112/><D112/><U101/><E101/><AGARI ba="2,3" hai="24,26,27,44,45,47,97,99,100,101,102" m="33792" machi="101" ten="80,16000,3" yaku="1,1,29,2,28,2,20,1,53,3" doraHai="81,60" doraHaiUra="41,91" who="2" fromWho="1" sc="230,0,290,-166,220,196,230,0" /><INIT seed="2,0,0,3,5,79" ten="230,124,416,230" oya="2" hai0="16,18,108,134,130,59,95,91,111,63,129,113,26" hai1="99,34,69,81,132,64,33,24,120,83,2,42,56" hai2="66,54,104,46,6,38,126,116,96,119,127,44,55" hai3="78,121,112,49,133,57,12,53,45,124,43,80,87"/><V20/><F6/><W48/><G124/><N who="2" m="47657" /><F20/><W17/><G133/><T93/><D113/><U52/><E2/><V100/><F66/><W68/><G112/><T90/><D134/><U61/><E132/><V15/><F15/><W73/><G68/><T82/><D26/><U102/><E120/><V71/><F71/><W19/><G121/><T13/><D93/><U7/><E42/><N who="2" m="22615" /><F46/><W94/><G73/><T35/><D35/><U89/><E7/><V8/><F8/><W114/><G114/><T36/><D36/><U98/><E98/><V101/><F101/><W84/><G12/><T107/><D107/><N who="1" m="63967" /><E89/><AGARI ba="0,0" hai="17,19,43,45,48,49,53,57,78,80,84,87,89,94" machi="89" ten="40,2600,0" yaku="8,1,52,1" doraHai="79" who="3" fromWho="1" sc="230,0,124,-26,416,0,230,26" /><INIT seed="3,0,0,4,3,97" ten="230,98,416,256" oya="3" hai0="48,132,51,76,124,104,37,27,20,31,70,62,46" hai1="16,105,65,32,110,134,39,89,82,14,93,19,35" hai2="85,73,135,49,106,0,122,84,125,131,88,24,102" hai3="59,92,98,8,38,34,107,26,83,69,100,5,111"/><W30/><G38/><T22/><D124/><U57/><E110/><V115/><F0/><W86/><G111/><T9/><D132/><U1/><E1/><V109/><F109/><W58/><G69/><T112/><D104/><U13/><E105/><V78/><F49/><W72/><G72/><T74/><D22/><U66/><E39/><V127/><F24/><W113/><G107/><T94/><D112/><U52/><E82/><N who="2" m="45391" /><F115/><W79/><REACH who="3" step="1"/><G113/><REACH who="3" ten="230,98,416,246" step="2"/><T133/><D70/><U114/><E114/><V81/><F135/><W96/><G96/><T50/><D74/><U54/><E134/><V56/><F106/><W17/><G17/><T43/><D133/><U55/><E32/><V25/><F127/><W99/><G99/><T87/><D37/><U95/><E35/><V103/><F125/><W41/><G41/><T42/><D43/><U108/><E108/><V116/><F85/><W68/><G68/><T45/><D42/><U118/><E118/><V6/><F84/><W21/><G21/><T36/><D36/><U121/><E121/><V33/><F122/><W3/><AGARI ba="0,1" hai="3,5,8,26,30,34,58,59,79,83,86,92,98,100" machi="3" ten="20,7800,0" yaku="1,1,0,1,7,1,52,1,53,0" doraHai="97" doraHaiUra="128" who="3" fromWho="3" sc="230,-26,98,-26,416,-26,246,88" /><INIT seed="3,1,0,5,1,32" ten="204,72,390,334" oya="3" hai0="34,105,128,42,44,29,11,51,36,55,133,52,118" hai1="5,25,67,109,3,69,33,117,57,84,113,87,7" hai2="110,64,120,62,107,71,9,135,129,89,40,23,18" hai3="116,45,37,39,108,103,102,92,21,65,1,122,27"/><W100/><G116/><T24/><D118/><U26/><E117/><V96/><F110/><W35/><G122/><T75/><D133/><U14/><E113/><V123/><F135/><W47/><G35/><T93/><D105/><U73/><E33/><V74/><F74/><W61/><G108/><T112/><D128/><U58/><E109/><V38/><F129/><W59/><G92/><T81/><D112/><U63/><E14/><V56/><F9/><W124/><G124/><T115/><D115/><U106/><E106/><V41/><F71/><W68/><G68/><T50/><D93/><U83/><E69/><V46/><F41/><W12/><G12/><T43/><D36/><U94/><E73/><V22/><F89/><W130/><G130/><T48/><D48/><U8/><E7/><V119/><F119/><W132/><G132/><T16/><D11/><U131/><E131/><V101/><REACH who="2" step="1"/><F23/><REACH who="2" ten="204,72,380,334" step="2"/><W60/><G21/><N who="0" m="13351" /><D34/><U86/><E83/><V30/><F30/><W98/><G103/><T111/><D29/><U70/><REACH who="1" step="1"/><E94/><REACH who="1" ten="204,62,380,334" step="2"/><V6/><F6/><W114/><G114/><T66/><D75/><U85/><N who="1" m="21504" /><DORA hai="72" /><U82/><E82/><V20/><F20/><W126/><G126/><T15/><D81/><U53/><E53/><V49/><F49/><W13/><G39/><T127/><D127/><U17/><E17/><V121/><F121/><W31/><G37/><T78/><D111/><U0/><E0/><V91/><F91/><W80/><G1/><T76/><D55/><U77/><E77/><N who="0" m="29801" /><D51/><U54/><E54/><V125/><F125/><W104/><G80/><RYUUKYOKU ba="1,2" sc="204,-15,62,15,380,15,334,-15" hai1="3,5,8,25,26,57,58,63,67,70" hai2="18,22,38,40,46,56,62,64,96,101,107,120,123" /><INIT seed="4,2,2,2,0,84" ten="189,77,395,319" oya="0" hai0="113,14,21,0,11,67,46,126,41,130,55,22,91" hai1="103,47,125,78,61,107,35,26,12,88,57,99,73" hai2="13,100,44,37,8,86,124,104,128,59,3,118,110" hai3="5,94,112,45,27,109,127,33,70,89,117,65,50"/><T123/><D123/><U53/><E125/><V82/><F110/><W2/><G109/><T87/><D113/><U75/><E78/><V95/><F124/><W64/><G117/><T4/><D130/><U122/><E122/><V58/><F3/><W93/><G112/><T120/><D126/><U48/><E12/><V63/><F104/><W38/><G38/><T25/><D120/><U66/><E35/><V30/><F128/><W121/><G121/><T54/><D67/><U19/><E19/><V52/><F118/><W77/><G77/><T98/><D98/><U29/><REACH who="1" step="1"/><E88/><REACH who="1" ten="189,67,395,319" step="2"/><N who="2" m="51287" /><F30/><W31/><G127/><T116/><D0/><U32/><AGARI ba="2,3" hai="26,29,32,47,48,53,57,61,66,73,75,99,103,107" machi="32" ten="20,2700,0" yaku="1,1,0,1,7,1,53,0" doraHai="84" doraHaiUra="132" who="1" fromWho="1" sc="189,-15,67,63,395,-9,319,-9" /><INIT seed="5,0,0,3,1,89" ten="174,130,386,310" oya="1" hai0="16,67,61,31,56,102,43,69,98,83,66,19,13" hai1="6,49,35,135,34,129,38,45,47,132,21,75,8" hai2="0,3,120,36,104,9,59,119,17,78,10,123,125" hai3="30,96,50,55,131,68,101,26,118,44,126,84,54"/><U86/><E75/><V85/><F119/><W40/><G126/><T2/><D2/><U124/><E124/><V81/><F125/><W22/><G131/><T110/><D110/><U91/><E129/><V64/><F36/><W52/><G68/><T65/><D43/><U62/><E62/><V1/><F104/><W58/><G118/><T12/><D31/><U41/><E21/><V90/><F64/><W127/><G84/><T20/><D83/><U14/><E135/><V94/><F59/><W95/><REACH who="3" step="1"/><G127/><REACH who="3" ten="174,130,386,300" step="2"/><T46/><D69/><U80/><REACH who="1" step="1"/><E132/><REACH who="1" ten="174,120,386,300" step="2"/><V4/><F123/><W74/><G74/><T60/><D60/><AGARI ba="0,2" hai="22,26,30,40,44,50,52,54,55,58,60,95,96,101" machi="60" ten="30,12000,2" yaku="1,1,7,1,8,1,52,1,54,1,53,1" doraHai="89" doraHaiUra="88" who="3" fromWho="0" sc="174,-120,120,0,386,0,300,140" /><INIT seed="6,0,0,0,3,54" ten="54,120,386,440" oya="2" hai0="118,133,95,113,18,115,26,106,65,28,42,87,60" hai1="78,128,7,79,6,29,12,112,15,97,19,62,76" hai2="36,17,33,71,46,5,61,105,111,43,2,89,86" hai3="22,77,8,45,127,121,3,14,68,58,70,122,25"/><V44/><F105/><W98/><G3/><T132/><D87/><U85/><E112/><N who="0" m="43081" /><D95/><U93/><E128/><V51/><F33/><W66/><G127/><T91/><D91/><N who="1" m="55487" /><E29/><V125/><F125/><W55/><G45/><T131/><D18/><U32/><E32/><V110/><F17/><W40/><G40/><T37/><D26/><U69/><E69/><V53/><F71/><W56/><G77/><N who="1" m="29802" /><E62/><V11/><REACH who="2" step="1"/><F61/><REACH who="2" ten="54,120,376,440" step="2"/><W34/><G34/><T16/><D28/><U126/><E126/><V84/><F84/><W117/><G70/><N who="0" m="42279" /><D16/><U130/><E85/><V107/><F107/><W13/><G68/><T80/><D106/><U27/><E19/><V81/><AGARI ba="0,1" hai="2,5,11,36,43,44,46,51,53,81,86,89,110,111" machi="81" ten="30,3000,0" yaku="1,1,0,1,53,0" doraHai="54" doraHaiUra="94" who="2" fromWho="2" sc="54,-10,120,-10,376,40,440,-10" /><INIT seed="6,1,0,4,5,78" ten="44,110,416,430" oya="2" hai0="51,21,24,0,55,108,46,66,92,130,88,15,10" hai1="9,118,26,12,19,67,128,121,81,125,69,135,16" hai2="41,1,50,58,37,111,61,110,43,134,4,54,133" hai3="105,93,107,87,2,23,123,30,104,126,103,14,35"/><V109/><F4/><W101/><G2/><T65/><D108/><U42/><E118/><V127/><F1/><W74/><G123/><T91/><D130/><U59/><E128/><V34/><F34/><W60/><G74/><T18/><D0/><U86/><E69/><V119/><F119/><W96/><G126/><T95/><D92/><U38/><E135/><N who="2" m="51723" /><F37/><W100/><G35/><T89/><REACH who="0" step="1"/><D95/><REACH who="0" ten="34,110,416,430" step="2"/><U117/><E117/><V47/><F127/><W77/><G107/><T5/><AGARI ba="1,1" hai="5,10,15,18,21,24,46,51,55,65,66,88,89,91" machi="5" ten="30,12000,2" yaku="1,1,2,1,0,1,8,1,54,1,53,1" doraHai="78" doraHaiUra="49" who="0" fromWho="0" sc="34,133,110,-31,416,-61,430,-31" /><INIT seed="7,0,0,4,5,127" ten="167,79,355,399" oya="3" hai0="51,60,61,85,45,104,47,40,101,5,79,29,70" hai1="110,67,44,111,62,118,57,100,92,108,55,96,84" hai2="3,76,91,109,56,65,30,23,106,132,117,33,13" hai3="54,124,7,19,58,15,31,113,80,21,107,38,43"/><W48/><G107/><T77/><D70/><U27/><E118/><V28/><F109/><W88/><G124/><T114/><D101/><U20/><E84/><V95/><F117/><W94/><G113/><T133/><D104/><U16/><E44/><V81/><F3/><W112/><G112/><T42/><D29/><U135/><E135/><V36/><F36/><W130/><G130/><T128/><D128/><U25/><E25/><V126/><F106/><W46/><G31/><T49/><D114/><U134/><E134/><V125/><F33/><W74/><G7/><T120/><D120/><U63/><REACH who="1" step="1"/><E110/><REACH who="1" ten="167,69,355,399" step="2"/><V4/><F132/><W121/><G121/><T105/><D133/><U37/><E37/><V52/><F65/><W93/><G74/><T24/><D85/><U69/><AGARI ba="0,1" hai="16,20,27,55,57,62,63,67,69,92,96,100,108,111" machi="69" ten="20,8000,1" yaku="1,1,0,1,7,1,54,1,53,1" doraHai="127" doraHaiUra="99" who="1" fromWho="1" sc="167,-20,69,90,355,-20,399,-40" owari="147,-35.3,159,-24.1,335,13.5,359,45.9" /></mjloggm>