<mjloggm ver="2.3"><GO type="169" lobby="0"/><UN n0="%E3%82%A4%E3%82%AB%E3%81%AB%E3%82%82%E6%9D%B1%E5%8C%97" n1="%E3%82%AB%E3%83%AB%E3%83%94%E3%82%B9%E3%82%B5%E3%83%AF%E3%83%BC" n2="%E3%81%BE%E3%81%88%E3%81%9F" n3="%E9%A6%99%E6%A4%8E%E4%BE%91%E5%BF%97" dan="16,17,17,16" rate="2150.91,2245.66,2170.89,2103.34" sx="M,M,F,M"/><TAIKYOKU oya="0"/><INIT seed="0,0,0,2,3,117" ten="250,250,250,250" oya="0" hai0="41,73,55,66,86,74,98,89,37,38,53,132,22" hai1="23,129,125,3,108,71,122,24,18,25,29,121,58" hai2="96,9,5,82,111,50,114,79,34,112,133,6,33" hai3="35,109,107,87,94,57,11,17,83,120,0,60,28"/><T103/><D132/><U49/><E71/><V88/><F111/><W64/><G107/><T42/><D66/><U105/><E105/><V76/><F133/><W75/><G109/><T31/><D38/><U67/><E108/><V81/><F50/><W56/><G75/><T10/><D74/><U51/><E3/><V128/><F9/><W44/><G94/><T61/><D73/><U92/><E129/><V101/><F96/><W84/><G87/><T45/><D41/><U113/><E125/><V15/><F15/><W102/><G102/><T43/><D42/><U95/><E113/><V65/><F65/><W127/><G44/><T40/><D40/><U4/><E4/><V131/><REACH who="2" step="1"/><F88/><REACH who="2" ten="250,250,240,250" step="2"/><N who="3" m="51231" /><G11/><T26/><D10/><U135/><E135/><V16/><F16/><W27/><G17/><T93/><REACH who="0" step="1"/><D61/><REACH who="0" ten="240,250,240,250" step="2"/><U104/><E67/><V70/><F70/><W78/><G60/><T46/><D46/><U68/><E68/><V14/><F14/><W106/><G64/><T124/><D124/><U116/><E51/><V63/><F63/><W91/><G127/><T118/><D118/><U123/><E116/><V54/><F54/><W13/><G13/><T8/><D8/><U80/><E49/><V39/><F39/><W77/><G56/><T32/><D32/><U72/><E58/><V130/><F130/><W119/><G119/><T90/><D90/><U12/><E12/><V7/><F7/><W47/><G91/><T19/><D19/><U110/><E110/><V59/><F59/><W126/><G126/><T21/><D21/><U69/><E23/><V30/><F30/><RYUUKYOKU ba="0,2" sc="240,15,250,-15,240,15,250,-15" hai0="22,26,31,37,43,45,53,55,86,89,93,98,103" hai2="5,6,33,34,76,79,81,82,101,112,114,128,131" /><INIT seed="0,1,2,3,0,12" ten="255,235,255,235" oya="0" hai0="25,36,10,13,114,48,115,120,18,89,11,98,126" hai1="64,97,118,4,76,108,85,131,71,39,74,135,123" hai2="45,78,63,112,104,130,67,94,70,84,109,92,111" hai3="79,95,29,8,0,27,57,113,66,56,122,33,103"/><T19/><D120/><U90/><E39/><V31/><F104/><W37/><G113/><T43/><D36/><U23/><E118/><V96/><F112/><W9/><G37/><T15/><D126/><U54/><E123/><V32/><F130/><W62/><G122/><T99/><D25/><U68/><E74/><V28/><F45/><W125/><G125/><T16/><D115/><U110/><E131/><V34/><F28/><W51/><G79/><T7/><D114/><U116/><E116/><V83/><F94/><W30/><G0/><T128/><D128/><U41/><E41/><V81/><F81/><W105/><G105/><T24/><D24/><U106/><E135/><V80/><F80/><W22/><G30/><T117/><D117/><U50/><E4/><V42/><F42/><W77/><G77/><T133/><D133/><U5/><E5/><V46/><F46/><W35/><G35/><T40/><D40/><U121/><E76/><V2/><F2/><W73/><G73/><T100/><D89/><U52/><E90/><N who="2" m="55319" /><F31/><W101/><G33/><T17/><D100/><N who="3" m="38473" /><G95/><T26/><D26/><U14/><E106/><V20/><F20/><W88/><G88/><T21/><D21/><U3/><E23/><V38/><F38/><W53/><AGARI ba="1,2" hai="8,9,22,27,29,51,53,56,57,62,66" m="38473" machi="53" ten="30,1100,0" yaku="8,1" doraHai="12" who="3" fromWho="3" sc="255,-6,235,-4,255,-4,235,34" /><INIT seed="1,0,0,0,3,15" ten="249,231,251,269" oya="1" hai0="84,22,130,59,35,6,127,52,134,58,41,91,9" hai1="80,43,128,55,116,113,69,111,121,37,120,68,76" hai2="100,51,23,39,75,85,4,86,101,44,67,109,20" hai3="72,3,74,40,133,78,26,18,88,132,125,62,123"/><U63/><E80/><V65/><F75/><W46/><G123/><N who="1" m="47178" /><E76/><V49/><F39/><W124/><G3/><T71/><D35/><U87/><E87/><V89/><F89/><W31/><G62/><T77/><D71/><N who="1" m="27211" /><E113/><V54/><F54/><W106/><G106/><T93/><D77/><U115/><E115/><V122/><F122/><W97/><G18/><T107/><D107/><U98/><E98/><V42/><F44/><W117/><G117/><T45/><D130/><U30/><E30/><V36/><F36/><W83/><G72/><T21/><D134/><N who="3" m="51817" /><G97/><T135/><D127/><N who="3" m="48713" /><G88/><T34/><D135/><U73/><E73/><V5/><F42/><W61/><G61/><T38/><D34/><U50/><E128/><V99/><F99/><W104/><G104/><T103/><D103/><U12/><E12/><V53/><F53/><W10/><G10/><T0/><REACH who="0" step="1"/><D59/><REACH who="0" ten="239,231,251,269" step="2"/><U13/><E116/><V82/><F82/><W60/><G83/><T8/><D8/><U81/><E81/><V66/><F100/><W131/><G131/><T24/><D24/><U57/><E57/><V102/><F101/><W129/><G129/><T2/><D2/><U90/><E90/><V96/><F102/><W14/><G78/><T126/><D126/><U118/><E118/><V114/><F114/><W112/><G112/><T16/><D16/><U17/><E17/><V19/><F19/><W95/><G74/><T48/><AGARI ba="0,1" hai="0,6,9,21,22,38,41,45,48,52,58,84,91,93" machi="48" ten="20,8000,1" yaku="1,1,0,1,7,1,54,1,53,1" doraHai="15" doraHaiUra="7" who="0" fromWho="0" sc="239,90,231,-40,251,-20,269,-20" /><INIT seed="2,0,0,0,4,103" ten="329,191,231,249" oya="2" hai0="44,69,114,42,118,123,20,7,41,95,124,11,27" hai1="127,61,130,5,84,17,48,121,63,53,102,80,112" hai2="115,96,78,94,99,19,128,21,76,8,56,132,117" hai3="109,6,32,73,23,25,38,28,72,46,79,88,29"/><V54/><F115/><W35/><G109/><T3/><D123/><U90/><E112/><V133/><F117/><W26/><G6/><T89/><D114/><U18/><E130/><V64/><F64/><W113/><G113/><T75/><D69/><U81/><E127/><V62/><F8/><W111/><G111/><T97/><D124/><U34/><E34/><V71/><F71/><W82/><G23/><T131/><D131/><U22/><E121/><V116/><F116/><W83/><G88/><T2/><D75/><U47/><E5/><V108/><F108/><W65/><G65/><T33/><D118/><U43/><E102/><V66/><F66/><W51/><G38/><T0/><D33/><U104/><E104/><V57/><F57/><W86/><REACH who="3" step="1"/><G82/><REACH who="3" ten="329,191,231,239" step="2"/><T105/><D3/><U24/><E80/><V98/><F128/><W120/><G120/><T50/><D0/><U4/><E4/><V45/><F45/><W36/><G36/><T129/><D129/><U13/><REACH who="1" step="1"/><E43/><AGARI ba="0,1" hai="25,26,28,29,32,35,43,46,51,72,73,79,83,86" machi="43" ten="30,3900,0" yaku="1,1,7,1,9,1,53,0" doraHai="103" doraHaiUra="9" who="3" fromWho="1" sc="329,0,191,-39,231,0,239,49" /><INIT seed="3,0,0,3,2,100" ten="329,152,231,288" oya="3" hai0="90,134,21,44,27,40,117,104,130,5,120,52,96" hai1="32,45,73,91,62,6,121,36,95,4,13,116,53" hai2="43,23,8,82,114,92,125,1,39,66,103,110,80" hai3="85,68,12,37,64,108,133,57,78,0,33,25,75"/><W59/><G0/><T71/><D117/><U105/><E121/><V31/><F66/><W15/><G75/><T55/><D120/><U20/><E32/><V16/><F110/><W81/><G37/><T46/><D71/><U48/><E73/><V79/><F125/><W11/><G108/><T101/><D130/><U50/><E36/><V49/><F39/><W102/><G133/><T84/><D5/><U28/><E116/><V111/><F111/><W88/><G102/><T74/><D74/><U47/><E62/><V14/><F114/><W35/><G15/><T112/><D112/><U129/><E105/><V29/><F1/><W10/><G11/><T115/><D134/><U132/><E129/><V72/><F82/><W3/><G78/><T86/><D86/><U60/><E60/><V94/><F94/><W42/><G42/><T99/><D99/><U67/><E67/><V34/><F34/><W63/><G3/><T41/><D46/><U107/><E107/><V131/><F131/><W65/><G65/><T127/><D127/><U24/><E13/><V69/><F69/><W56/><REACH who="3" step="1"/><G25/><REACH who="3" ten="329,152,231,278" step="2"/><T26/><D26/><U89/><E132/><V128/><F128/><W83/><G83/><N who="0" m="49439" /><D40/><U2/><E2/><V106/><F72/><W93/><G93/><T77/><D77/><U97/><REACH who="1" step="1"/><E89/><REACH who="1" ten="329,142,231,278" step="2"/><V38/><F106/><W123/><G123/><T61/><D115/><U51/><E51/><V22/><F49/><W58/><N who="3" m="14336" /><DORA hai="76" /><W122/><G122/><T124/><D124/><U118/><E118/><V87/><F38/><W7/><AGARI ba="0,2" hai="7,10,12,33,35,63,64,68,81,85,88" m="14336" machi="7" ten="40,24000,3" yaku="1,1,0,1,52,1,54,1,53,4" doraHai="100,76" doraHaiUra="54,126" who="3" fromWho="3" sc="329,-80,142,-80,231,-80,278,260" /><INIT seed="3,1,0,2,2,91" ten="249,62,151,538" oya="3" hai0="52,63,135,88,112,99,30,101,75,50,127,107,41" hai1="46,66,65,111,126,122,6,58,45,90,43,14,11" hai2="38,125,105,34,27,134,109,29,96,72,23,103,0" hai3="33,12,128,62,28,69,9,102,71,132,18,74,64"/><W113/><G113/><T7/><D75/><U35/><E122/><V106/><F109/><W116/><G116/><T61/><D112/><U77/><E35/><V73/><F125/><W82/><G128/><T100/><D127/><U37/><E126/><V13/><F134/><W36/><G36/><T81/><D135/><U42/><E111/><V70/><F13/><W119/><G119/><T3/><D41/><U76/><E90/><V78/><F23/><W133/><G69/><T94/><D30/><U84/><E58/><V21/><F21/><W51/><G102/><N who="0" m="39531" /><D7/><U115/><E115/><V67/><F105/><W118/><G118/><T5/><D5/><U49/><REACH who="1" step="1"/><E76/><REACH who="1" ten="249,52,151,538" step="2"/><V2/><F78/><N who="3" m="44375" /><G33/><T80/><D3/><N who="2" m="1066" /><F38/><W8/><G132/><T20/><D107/><U87/><E87/><V26/><F26/><W117/><G117/><T120/><D120/><U108/><E108/><V44/><F44/><W59/><G133/><T53/><D88/><U10/><E10/><V124/><F124/><W93/><G8/><T22/><D22/><U129/><E129/><V55/><F73/><W68/><G68/><T48/><D20/><U16/><E16/><V79/><F79/><W86/><G71/><T121/><D121/><U1/><E1/><V4/><F72/><W110/><G110/><T19/><D19/><U131/><E131/><V39/><F4/><W24/><G24/><T83/><D63/><U40/><E40/><V89/><F27/><W25/><G25/><T57/><D61/><U123/><E123/><V47/><F34/><W85/><G62/><N who="0" m="36135" /><D53/><U114/><E114/><RYUUKYOKU ba="1,1" sc="249,15,52,15,151,-15,538,-15" hai0="48,50,80,81,83,94,99" hai1="6,11,14,37,42,43,45,46,49,65,66,77,84" /><INIT seed="4,2,1,3,4,129" ten="264,67,136,523" oya="0" hai0="68,23,88,42,99,34,50,111,36,113,123,108,43" hai1="103,79,38,1,65,116,17,26,120,75,30,78,115" hai2="124,48,135,20,112,18,102,106,57,32,105,27,28" hai3="62,15,74,104,134,125,128,82,126,16,97,121,87"/><T5/><D123/><U8/><E116/><V61/><F124/><W94/><G128/><T66/><D34/><U44/><E120/><V92/><F112/><W96/><G121/><T53/><D5/><U24/><E103/><V107/><F48/><W33/><G74/><T60/><D23/><U54/><E65/><V80/><F80/><W71/><G104/><T35/><D35/><U83/><E79/><V63/><F135/><W10/><G134/><T41/><D113/><U73/><E115/><V100/><F92/><W40/><G40/><T7/><D7/><U14/><E73/><V0/><F0/><W46/><G46/><N who="0" m="23847" /><D88/><U132/><E132/><V51/><F51/><W25/><G25/><T109/><D99/><U93/><E93/><V19/><F19/><W118/><G33/><T64/><D64/><U95/><E95/><V117/><F63/><W52/><G118/><T9/><D9/><U37/><E1/><V58/><F58/><AGARI ba="2,1" hai="42,43,50,53,58,60,66,68,108,109,111" m="23847" machi="58" ten="30,11600,0" yaku="24,1,10,1,34,2" doraHai="129" who="0" fromWho="2" sc="264,132,67,0,136,-122,523,0" /><INIT seed="4,3,0,5,3,129" ten="396,67,14,523" oya="0" hai0="109,34,53,122,101,37,19,106,49,121,27,61,39" hai1="15,111,8,103,110,29,135,108,124,28,10,86,90" hai2="114,89,112,22,35,93,83,80,18,25,51,41,115" hai3="125,2,66,63,72,45,96,98,11,84,107,85,1"/><T44/><D109/><U13/><E103/><V97/><REACH who="2" step="1"/><F35/><REACH who="2" ten="396,67,4,523" step="2"/><W120/><G120/><T65/><D34/><U105/><E110/><V123/><F123/><W119/><G125/><T95/><D122/><U23/><E124/><V67/><F67/><W21/><G66/><T50/><D65/><U48/><E108/><V24/><F24/><W76/><G119/><T9/><D27/><U47/><E111/><V116/><F116/><W134/><G2/><T40/><D121/><U58/><E15/><V77/><F77/><W104/><G76/><T73/><D39/><U31/><E13/><V91/><F91/><W87/><G1/><T71/><D37/><U26/><E90/><V132/><F132/><W70/><G134/><T12/><D12/><U3/><E135/><V99/><F99/><W131/><G96/><T4/><D101/><U57/><E3/><V42/><F42/><W55/><G98/><T64/><D40/><U130/><E26/><V69/><F69/><W32/><G70/><T128/><D64/><U59/><E130/><V46/><AGARI ba="3,1" hai="18,22,25,41,46,51,80,83,89,93,97,112,114,115" machi="46" ten="40,8000,1" yaku="21,2,0,1,15,1,53,0" doraHai="129" doraHaiUra="126" who="2" fromWho="2" sc="396,-43,67,-23,4,99,523,-23" /><INIT seed="5,0,0,4,2,74" ten="353,44,103,500" oya="1" hai0="11,120,133,35,45,130,6,115,112,10,71,15,55" hai1="53,95,134,1,7,62,121,100,33,129,13,81,56" hai2="93,40,87,85,77,76,90,113,70,105,8,98,83" hai3="17,31,96,109,39,69,126,30,4,66,54,131,41"/><U117/><E117/><V57/><F70/><W47/><G109/><T24/><D71/><U32/><E121/><V80/><F40/><W0/><G126/><T63/><D63/><U92/><E1/><V25/><F113/><N who="0" m="43594" /><D55/><U21/><E129/><V65/><F105/><W37/><G37/><T9/><D45/><U2/><E134/><V12/><F25/><W61/><G131/><T108/><D108/><U27/><E2/><V16/><F57/><W104/><G96/><T110/><D110/><U36/><E36/><V34/><F34/><W26/><G104/><T50/><D50/><U22/><E32/><V60/><F60/><W125/><G54/><T46/><D46/><U102/><E33/><V3/><F3/><W49/><G49/><T132/><D120/><U51/><E81/><V101/><F65/><W52/><G52/><T29/><D130/><U124/><E124/><V114/><F114/><W107/><G125/><T14/><D10/><N who="1" m="4319" /><E51/><V106/><F106/><W89/><G107/><T23/><D35/><U135/><E135/><V64/><F64/><W44/><G39/><T118/><D118/><U20/><E27/><V91/><AGARI ba="0,0" hai="8,12,16,76,77,80,83,85,87,90,91,93,98,101" machi="91" ten="20,12000,2" yaku="0,1,7,1,9,1,8,1,52,2,54,1" doraHai="74" who="2" fromWho="2" sc="353,-30,44,-60,103,120,500,-30" owari="323,12.3,-16,-51.6,223,-17.7,470,57.0" /></mjloggm>