<mjloggm ver="2.3"><GO type="169" lobby="0"/><UN n0="%6C%6E%61%69" n1="%4A%4B%E3%81%97%E3%82%8D%E3%81%BE%E3%82%8B" n2="%6F%6B%62%6F%6B%62" n3="%E8%B5%A4%E7%BE%8E%E6%BF%83%E3%81%BE%E3%81%90%E3%82%8D" dan="16,16,17,17" rate="2044.47,2133.26,2204.52,2203.23" sx="M,F,M,M"/><TAIKYOKU oya="0"/><INIT seed="0,0,0,5,1,34" ten="250,250,250,250" oya="0" hai0="36,90,74,113,51,18,107,0,115,70,42,24,53" hai1="127,38,35,64,102,49,131,31,45,98,61,109,20" hai2="25,82,52,119,29,4,108,3,9,100,94,66,57" hai3="27,39,17,41,72,73,21,91,125,132,76,84,80"/><T1/><D107/><U13/><E109/><V5/><F5/><W67/><G125/><T63/><D74/><U23/><E38/><V10/><F10/><W55/><G132/><T48/><D90/><U85/><E131/><V26/><F119/><W37/><G67/><T62/><D24/><U105/><E127/><V50/><F108/><W47/><G39/><T101/><D101/><U88/><E13/><V19/><F19/><W93/><REACH who="3" step="1"/><G55/><REACH who="3" ten="250,250,250,240" step="2"/><T96/><D36/><U6/><E64/><V92/><F66/><W99/><AGARI ba="0,1" hai="17,21,27,37,41,47,72,73,76,80,84,91,93,99" machi="99" ten="20,8000,1" yaku="1,1,2,1,0,1,7,1,53,1" doraHai="34" doraHaiUra="89" who="3" fromWho="3" sc="250,-40,250,-20,250,-20,240,90" /><INIT seed="1,0,0,3,2,27" ten="210,230,230,330" oya="1" hai0="117,121,10,93,101,5,107,19,55,105,24,132,18" hai1="125,49,80,50,65,78,38,131,97,73,90,52,53" hai2="28,31,11,127,109,12,57,47,86,36,116,91,17" hai3="15,66,3,33,32,70,74,62,76,34,99,71,64"/><U9/><E38/><V129/><F116/><W51/><G3/><T75/><D117/><U37/><E37/><V113/><F109/><W128/><G128/><T95/><D75/><U44/><E131/><V42/><F129/><W134/><G134/><T119/><D119/><U54/><E125/><V58/><F127/><W46/><G15/><T60/><D132/><U16/><E65/><V118/><F118/><W56/><G99/><T106/><D121/><U98/><E90/><V7/><F113/><W108/><G108/><T21/><D101/><U114/><E114/><V120/><F120/><W22/><G22/><T68/><D19/><U96/><REACH who="1" step="1"/><E44/><REACH who="1" ten="210,220,230,330" step="2"/><V59/><REACH who="2" step="1"/><F7/><REACH who="2" ten="210,220,220,330" step="2"/><W87/><G66/><T84/><D5/><U94/><E94/><AGARI ba="0,2" hai="11,12,17,28,31,36,42,47,57,58,59,86,91,94" machi="94" ten="40,8000,1" yaku="1,1,2,1,52,2,53,1" doraHai="27" doraHaiUra="13" who="2" fromWho="1" sc="210,0,220,-80,220,100,330,0" /><INIT seed="2,0,0,2,4,67" ten="210,140,320,330" oya="2" hai0="69,66,37,18,72,57,115,88,93,59,73,8,47" hai1="43,16,104,50,120,24,80,84,95,33,15,124,10" hai2="131,106,9,97,91,54,45,76,48,51,13,12,116" hai3="82,100,79,85,125,32,31,28,55,86,39,121,101"/><V5/><F116/><W112/><G121/><T42/><D115/><U90/><E104/><V65/><F131/><W132/><G39/><T17/><D69/><U63/><E120/><V123/><F123/><W22/><G32/><T49/><D59/><U4/><E124/><V117/><F117/><W35/><G35/><T74/><D8/><U134/><E134/><V89/><F76/><W83/><G112/><T29/><D29/><U70/><E33/><V108/><F108/><W81/><G132/><T110/><D110/><U94/><E70/><V23/><F65/><W52/><G125/><T1/><D1/><U99/><E63/><V58/><F106/><W7/><G7/><T130/><D130/><U62/><E62/><V20/><F97/><W44/><G83/><T109/><D109/><U71/><E71/><V118/><F118/><W135/><G135/><T78/><D78/><U14/><E24/><V133/><F133/><W38/><G38/><T126/><D126/><U75/><E75/><V111/><F111/><W53/><G44/><T114/><D114/><U113/><E113/><V87/><F13/><W102/><REACH who="3" step="1"/><G22/><REACH who="3" ten="210,140,320,320" step="2"/><N who="2" m="8233" /><F87/><W56/><G56/><T11/><D37/><U60/><E99/><V6/><F5/><W2/><G2/><T34/><D34/><U30/><E4/><V3/><F3/><W92/><G92/><T98/><D57/><U46/><E95/><V41/><AGARI ba="0,1" hai="6,9,12,41,45,48,51,54,58,89,91" m="8233" machi="41" ten="30,1500,0" yaku="8,1" doraHai="67" who="2" fromWho="2" sc="210,-5,140,-5,320,25,320,-5" /><INIT seed="2,1,0,4,4,54" ten="205,135,345,315" oya="2" hai0="68,85,107,97,127,82,67,120,115,125,50,69,93" hai1="52,15,133,123,113,18,80,23,31,30,134,26,1" hai2="91,70,99,71,34,13,39,131,106,11,43,10,108" hai3="98,62,95,79,0,48,7,130,29,22,118,101,37"/><V117/><F117/><W132/><G118/><T4/><D120/><U17/><E80/><V87/><F34/><W126/><G37/><T74/><D115/><U20/><E113/><V55/><F131/><W124/><G130/><T28/><D28/><U119/><E119/><V6/><F43/><W14/><G0/><T21/><D4/><U64/><E64/><V72/><F39/><W76/><G132/><N who="1" m="50794" /><E123/><V44/><F72/><W135/><G135/><T51/><D107/><U24/><E1/><V102/><F108/><W92/><G48/><T84/><D74/><U32/><E52/><V73/><F73/><W53/><G7/><T63/><D69/><U77/><E77/><V66/><F66/><W2/><G2/><T103/><D50/><U86/><E86/><V81/><F10/><W128/><G128/><T122/><D122/><U116/><E116/><V88/><F44/><W78/><G95/><T114/><D114/><U61/><E61/><V9/><F55/><W5/><G5/><T83/><D51/><U40/><E40/><V112/><F112/><W56/><REACH who="3" step="1"/><G14/><REACH who="3" ten="205,135,345,305" step="2"/><T109/><D109/><U104/><E104/><V19/><F91/><W59/><G59/><T65/><D93/><U47/><E47/><V33/><F33/><W35/><G35/><T25/><D68/><U36/><E36/><V16/><F6/><W75/><G75/><T41/><D82/><U27/><E32/><V129/><F129/><W3/><G3/><T12/><D83/><U45/><E45/><V57/><F57/><W58/><G58/><T42/><D12/><AGARI ba="1,1" hai="12,15,17,18,20,23,24,26,27,30,31" m="50794" machi="12" ten="30,3900,0" yaku="20,1,34,2" doraHai="54" who="1" fromWho="0" sc="205,-42,135,52,345,0,305,0" /><AGARI ba="1,0" hai="9,11,12,13,16,19,70,71,81,87,88,99,102,106" machi="12" ten="40,7700,0" yaku="9,1,54,2" doraHai="54" who="2" fromWho="0" sc="163,-77,187,0,345,77,305,0" /><INIT seed="2,2,0,5,2,79" ten="86,187,422,305" oya="2" hai0="6,91,113,96,38,52,94,1,132,28,80,0,83" hai1="121,102,99,16,10,44,134,67,115,98,107,124,75" hai2="11,110,64,3,133,13,93,31,36,39,87,128,46" hai3="78,32,12,22,104,54,15,95,2,85,61,120,26"/><V18/><F133/><W43/><G104/><T112/><D38/><U58/><E115/><V73/><F128/><W59/><G120/><T66/><D132/><U8/><E134/><V17/><F73/><W47/><G32/><T19/><D66/><U21/><E121/><V125/><F125/><W41/><G2/><T5/><D28/><U123/><E124/><V62/><F31/><W49/><G43/><T20/><D112/><U77/><E99/><V4/><F46/><W68/><G68/><T50/><D113/><U9/><E123/><V129/><F129/><W111/><G111/><T135/><D0/><U101/><E101/><V60/><F60/><W74/><G74/><T40/><D40/><U76/><E75/><V114/><F114/><W14/><G95/><T105/><D105/><U117/><E44/><V116/><F17/><W57/><G57/><N who="0" m="32919" /><D1/><U63/><REACH who="1" step="1"/><E117/><REACH who="1" ten="86,177,422,305" step="2"/><V35/><F116/><W122/><G122/><T89/><D135/><U48/><E48/><V90/><F110/><W24/><G49/><T108/><D108/><U27/><AGARI ba="2,1" hai="8,9,10,16,21,27,58,63,67,76,77,98,102,107" machi="27" ten="30,7900,0" yaku="1,1,0,1,54,1,53,1" doraHai="79" doraHaiUra="23" who="1" fromWho="1" sc="86,-22,177,95,422,-41,305,-22" /><INIT seed="3,0,0,4,0,103" ten="64,272,381,283" oya="3" hai0="115,19,68,33,85,98,62,102,89,76,38,108,61" hai1="75,120,119,77,57,15,74,66,65,117,110,69,88" hai2="91,24,131,59,96,40,83,36,79,35,81,122,82" hai3="113,45,94,2,106,23,60,70,22,18,29,43,32"/><W133/><G113/><T126/><D38/><U13/><E69/><V56/><F131/><W92/><G133/><T14/><D33/><U7/><E120/><V128/><F128/><W78/><G2/><T41/><D41/><U86/><E77/><V71/><F71/><W34/><G78/><T107/><D115/><U31/><E31/><V132/><F132/><W52/><G106/><T112/><D112/><U0/><E0/><V8/><F8/><W6/><G6/><T111/><D76/><U5/><E57/><V10/><F10/><W39/><G23/><T101/><D101/><U135/><E135/><V109/><F109/><N who="0" m="42058" /><D68/><U55/><E110/><V93/><F122/><W121/><G121/><T105/><D105/><U67/><E55/><V104/><F40/><W12/><G70/><T16/><D126/><U20/><E20/><V37/><F37/><W127/><G127/><T90/><D90/><U80/><E7/><V99/><F36/><W54/><G54/><T118/><D118/><N who="1" m="45067" /><E5/><V63/><F79/><W49/><G60/><N who="0" m="23147" /><D14/><AGARI ba="0,0" hai="13,14,15,65,66,67,74,75,80,86,88" m="45067" machi="14" ten="30,2000,0" yaku="12,1,54,1" doraHai="103" who="1" fromWho="0" sc="64,-20,272,20,381,0,283,0" /><INIT seed="4,0,0,0,0,29" ten="44,292,381,283" oya="0" hai0="97,75,126,43,124,20,133,34,122,0,128,84,3" hai1="101,9,16,103,58,104,55,45,125,7,47,91,134" hai2="105,61,110,24,41,98,35,114,71,99,67,100,69" hai3="2,36,54,17,76,8,123,109,86,129,19,121,4"/><T1/><D122/><U48/><E134/><V132/><F132/><W12/><G36/><T14/><D133/><U83/><E125/><N who="0" m="48233" /><D75/><U66/><E104/><V38/><F98/><W95/><G109/><T73/><D73/><U32/><E32/><V11/><F11/><W94/><G129/><T102/><D128/><U131/><E131/><V82/><F82/><W49/><G95/><N who="0" m="58687" /><D43/><U50/><E66/><V72/><F72/><W21/><G19/><N who="0" m="10359" /><D84/><N who="1" m="50591" /><E7/><V130/><F130/><W127/><G127/><T90/><D90/><U5/><E5/><V63/><F110/><W64/><G64/><T96/><D96/><U135/><E135/><V92/><F92/><W111/><G111/><T68/><D68/><U78/><E78/><V62/><F69/><W28/><G76/><T118/><D118/><U57/><E103/><V89/><F89/><N who="3" m="53559" /><G28/><T39/><D39/><U115/><E101/><V15/><F114/><W6/><G6/><T10/><D10/><U116/><E116/><V117/><F117/><W42/><G42/><T120/><D120/><U87/><E87/><V31/><F15/><W26/><G26/><T93/><D93/><U30/><E115/><V74/><F74/><W13/><G13/><T56/><D56/><AGARI ba="0,0" hai="2,4,8,12,17,21,49,54,56,121,123" m="53559" machi="56" ten="30,1000,0" yaku="25,1" doraHai="29" who="3" fromWho="0" sc="44,-10,292,0,381,0,283,10" /><INIT seed="5,0,0,2,5,0" ten="34,292,381,293" oya="1" hai0="102,6,114,20,130,99,118,85,38,88,121,19,47" hai1="31,113,5,17,40,91,18,13,60,126,57,86,44" hai2="117,41,15,98,64,75,11,37,129,23,34,74,110" hai3="45,50,59,67,71,89,132,105,65,120,80,115,112"/><U127/><E31/><V111/><F34/><W32/><G105/><T124/><D118/><U9/><E113/><N who="3" m="43594" /><G32/><T72/><D114/><U82/><E127/><V104/><F117/><W1/><G1/><T134/><D72/><U29/><E29/><V16/><F64/><N who="3" m="24651" /><G120/><T54/><D124/><U133/><E133/><V128/><F41/><W53/><G71/><T7/><D134/><U97/><E126/><V58/><F37/><W135/><G89/><T27/><D121/><U107/><E107/><V83/><F58/><W106/><G106/><T36/><D130/><N who="2" m="50282" /><F83/><W68/><G68/><T26/><D26/><U35/><E35/><V109/><F11/><W92/><G92/><T51/><D38/><U122/><E122/><V49/><F49/><N who="3" m="31151" /><G80/><T62/><D36/><U77/><E57/><V8/><F8/><W24/><G24/><T39/><D39/><U2/><E2/><V30/><F30/><W125/><G125/><T43/><D102/><AGARI ba="0,0" hai="15,16,23,74,75,98,102,104,109,110,111" m="50282" machi="102" ten="40,2600,0" yaku="19,1,54,1" doraHai="0" who="2" fromWho="0" sc="34,-26,292,0,381,26,293,0" /><INIT seed="6,0,0,0,4,3" ten="8,292,407,293" oya="2" hai0="124,58,57,6,129,93,41,38,92,13,100,78,117" hai1="76,46,80,119,73,115,51,82,50,90,23,128,70" hai2="113,42,2,109,59,87,114,0,83,103,26,45,104" hai3="133,40,16,32,44,52,56,18,54,29,94,132,66"/><V47/><F109/><W88/><G66/><T20/><D124/><U12/><E70/><V11/><F47/><W98/><G32/><T65/><D129/><U123/><E119/><V17/><F59/><W69/><G69/><T74/><D117/><U108/><E108/><V62/><F62/><N who="3" m="36103" /><G54/><T25/><D100/><U112/><E128/><V95/><F104/><W64/><G29/><T39/><D74/><U135/><E135/><N who="3" m="51786" /><G64/><T91/><D65/><U120/><E51/><AGARI ba="0,0" hai="16,18,40,44,51,88,94,98" m="51786,36103" machi="51" ten="30,7700,0" yaku="20,1,54,3" doraHai="3" who="3" fromWho="1" sc="8,0,292,-77,407,0,293,77" /><INIT seed="7,0,0,1,0,26" ten="8,215,407,370" oya="3" hai0="124,7,16,91,28,95,61,115,102,94,56,100,86" hai1="75,55,1,121,15,96,70,66,49,110,78,52,72" hai2="47,88,122,135,46,45,31,21,53,39,132,22,24" hai3="54,114,129,40,120,43,30,73,116,71,112,123,81"/><W92/><G116/><T58/><D124/><U62/><E1/><V29/><F122/><N who="3" m="46635" /><G71/><T19/><D115/><N who="3" m="44073" /><G129/><T32/><D32/><U27/><E110/><V8/><F8/><W9/><G9/><T106/><D106/><U38/><E15/><V23/><F39/><W42/><G92/><T57/><D57/><U25/><E121/><V12/><F12/><W97/><G97/><T65/><D86/><U84/><E38/><V63/><F88/><W85/><G73/><T127/><D127/><U131/><E131/><V83/><F83/><W50/><G30/><N who="2" m="11273" /><F24/><W17/><G17/><T104/><D28/><U13/><E13/><V68/><F68/><W118/><G118/><T105/><D91/><U108/><E108/><V113/><F113/><W44/><G81/><T60/><D65/><U107/><E66/><V103/><F103/><W99/><G85/><T10/><D10/><U98/><E84/><V0/><F0/><W35/><G99/><T87/><D87/><U67/><E78/><V34/><F34/><AGARI ba="0,0" hai="34,35,40,42,43,44,50,54" m="44073,46635" machi="34" ten="40,2000,0" yaku="15,1" doraHai="26" who="3" fromWho="2" sc="8,0,215,0,407,-20,370,20" owari="8,-49.2,215,-18.5,387,18.7,390,49.0" /></mjloggm>