<mjloggm ver="2.3"><GO type="169" lobby="0"/><UN n0="%E3%81%A0%E3%81%A3" n1="%E6%81%8B%E3%81%AE%E3%81%86%E3%81%9F" n2="%E3%81%97%E3%82%82%E3%82%93%E3%81%AC" n3="%E3%83%8F%E3%82%BF%E3%83%A2%E3%83%88%E3%83%92%E3%83%AD" dan="16,17,16,16" rate="2187.16,2251.10,2183.61,2137.85" sx="F,M,M,M"/><TAIKYOKU oya="0"/><INIT seed="0,0,0,0,1,126" ten="250,250,250,250" oya="0" hai0="15,40,33,45,73,113,88,121,10,2,52,53,18" hai1="37,107,127,133,72,131,79,112,97,34,117,66,47" hai2="78,43,109,58,86,84,83,51,130,32,26,7,105" hai3="106,64,35,28,103,57,27,48,75,101,81,44,92"/><T76/><D121/><U17/><RYUUKYOKU type="yao9" ba="0,0" sc="250,0,250,0,250,0,250,0" hai1="17,34,37,47,66,72,79,97,107,112,117,127,131,133" /><INIT seed="0,1,0,0,2,35" ten="250,250,250,250" oya="0" hai0="102,125,43,36,62,20,53,111,117,66,5,134,132" hai1="76,50,21,85,98,82,69,45,128,23,123,24,34" hai2="17,29,22,60,88,107,64,72,65,38,81,109,15" hai3="73,101,103,105,80,39,42,57,108,95,7,47,26"/><T130/><D102/><U55/><E128/><V71/><F109/><W14/><G108/><T54/><D111/><U86/><E69/><V10/><F107/><W127/><G95/><T3/><D20/><U2/><E123/><V12/><F38/><W25/><G127/><T83/><D83/><U97/><E2/><V52/><F65/><W92/><G105/><T49/><D5/><U133/><E133/><N who="0" m="51305" /><D3/><U93/><E34/><V68/><F68/><W87/><G73/><T63/><D117/><U58/><E21/><V122/><F122/><W6/><G6/><T96/><D96/><U31/><E58/><V106/><F106/><W56/><G103/><T112/><D112/><U13/><E13/><V90/><F29/><W120/><G92/><T18/><D18/><U119/><E119/><V110/><F110/><W4/><G4/><T27/><D27/><U94/><REACH who="1" step="1"/><E94/><REACH who="1" ten="250,240,250,250" step="2"/><V32/><F32/><W28/><G14/><T77/><D130/><U104/><E104/><V126/><F126/><W135/><G135/><T46/><D125/><U48/><E48/><V40/><F15/><W113/><G120/><T121/><D121/><U79/><E79/><V51/><F22/><W16/><G26/><T61/><D77/><U75/><E75/><V100/><F72/><W118/><G25/><T84/><D84/><U59/><E59/><V8/><F71/><W33/><G57/><N who="0" m="37167" /><D49/><U91/><AGARI ba="1,1" hai="23,24,31,45,50,55,76,82,85,86,91,93,97,98" machi="91" ten="30,4000,0" yaku="1,1,0,1,8,1,53,0" doraHai="35" doraHaiUra="1" who="1" fromWho="1" sc="250,-21,240,53,250,-11,250,-11" /><INIT seed="1,0,0,2,5,127" ten="229,293,239,239" oya="1" hai0="70,99,28,115,105,38,79,59,104,18,57,52,112" hai1="130,44,84,12,133,0,47,87,7,117,91,80,31" hai2="85,10,119,75,55,98,90,116,27,48,111,67,74" hai3="83,32,102,123,42,50,54,25,100,56,15,6,41"/><U36/><E117/><V125/><F111/><W51/><G123/><T1/><D1/><U122/><E122/><V29/><F125/><W120/><G32/><T77/><D70/><U16/><E133/><V129/><F67/><W126/><G25/><T121/><D121/><U17/><E0/><V107/><F10/><N who="3" m="4567" /><G126/><T95/><D38/><U81/><E130/><V135/><F135/><W20/><G20/><T63/><D28/><U46/><E36/><V19/><F19/><W108/><G108/><T4/><D4/><U33/><E33/><V53/><F129/><W96/><G83/><T21/><D105/><U128/><E128/><V64/><F64/><W30/><G30/><T3/><D104/><U113/><E113/><V89/><F107/><W58/><G96/><T13/><D3/><U103/><E103/><N who="3" m="39466" /><G120/><T97/><D115/><U37/><E37/><V40/><F29/><W72/><G72/><T65/><D112/><U39/><E39/><V76/><F98/><N who="0" m="37386" /><D95/><U124/><E31/><V78/><F27/><W45/><G41/><T106/><D106/><U14/><E124/><V35/><F35/><W62/><G62/><AGARI ba="0,0" hai="13,18,21,52,57,59,62,63,65,77,79" m="37386" machi="62" ten="30,2000,0" yaku="8,1,54,1" doraHai="127" who="0" fromWho="3" sc="229,20,293,0,239,0,239,-20" /><INIT seed="2,0,0,2,3,6" ten="249,293,239,219" oya="2" hai0="50,5,134,74,39,22,27,126,18,29,12,42,121" hai1="47,33,13,88,67,34,122,109,44,76,96,32,106" hai2="36,81,102,87,82,38,129,37,55,56,132,53,97" hai3="63,99,75,57,100,0,90,61,64,94,120,52,65"/><V131/><F132/><W71/><G120/><T79/><D39/><U23/><E76/><V133/><F133/><W77/><G0/><T70/><D70/><U119/><E119/><V108/><F108/><W14/><G77/><T86/><D74/><U107/><E67/><V135/><F135/><W7/><G75/><T95/><D134/><U78/><E78/><V116/><F116/><W26/><G26/><T35/><D121/><U83/><E122/><V89/><F82/><W111/><G111/><T19/><D126/><U45/><E109/><V101/><F101/><W11/><G65/><T98/><D42/><U114/><E114/><V93/><REACH who="2" step="1"/><F56/><REACH who="2" ten="249,293,229,219" step="2"/><W104/><REACH who="3" step="1"/><G90/><REACH who="3" ten="249,293,229,209" step="2"/><T30/><D79/><U112/><E88/><V28/><F28/><W113/><G113/><T103/><D29/><U54/><E112/><V123/><F123/><W40/><G40/><T66/><D30/><U49/><E33/><V4/><F4/><W3/><G3/><T125/><D5/><U15/><E34/><V21/><F21/><W10/><G10/><T31/><D35/><U69/><E23/><V110/><F110/><W118/><G118/><T127/><D31/><U117/><E117/><V1/><F1/><W130/><G130/><AGARI ba="0,2" hai="36,37,38,53,55,81,87,89,93,97,102,129,130,131" machi="130" ten="50,12000,1" yaku="1,1,19,1,53,2" doraHai="6" doraHaiUra="51" who="2" fromWho="3" sc="249,0,293,0,229,140,209,-120" /><INIT seed="2,1,0,1,3,98" ten="249,293,369,89" oya="2" hai0="3,54,24,120,27,108,114,75,118,60,121,7,9" hai1="79,1,5,14,48,6,73,2,25,15,96,43,82" hai2="34,40,124,55,99,127,39,38,19,69,90,23,129" hai3="66,102,113,18,78,130,47,111,77,33,125,92,49"/><V32/><F69/><W17/><G33/><T84/><D75/><U123/><E123/><V101/><F129/><W36/><G36/><N who="2" m="13865" /><F40/><W35/><G35/><T106/><D114/><U88/><E25/><N who="2" m="14591" /><F90/><W95/><G113/><T97/><D118/><U132/><E132/><V107/><F55/><W117/><G66/><T110/><D84/><U20/><E48/><V11/><F11/><W52/><G130/><T91/><D121/><U41/><E41/><V46/><F46/><W109/><G125/><AGARI ba="1,0" hai="32,34,99,101,107,124,125,127" m="14591,13865" machi="125" ten="30,2900,0" yaku="18,1,52,1" doraHai="98" who="2" fromWho="3" sc="249,0,293,0,369,32,89,-32" /><INIT seed="2,2,0,1,1,54" ten="249,293,401,57" oya="2" hai0="60,51,37,132,32,96,7,84,47,68,22,52,70" hai1="122,48,120,116,105,123,80,35,43,31,55,69,29" hai2="2,42,5,3,133,63,62,4,74,50,40,26,99" hai3="8,113,131,124,57,118,73,106,77,111,130,59,109"/><V79/><F79/><W89/><G118/><T20/><D32/><U107/><E116/><V66/><F74/><W82/><G106/><N who="1" m="40458" /><E69/><V17/><F99/><W16/><G113/><T100/><D132/><U64/><E64/><V91/><F91/><W71/><G71/><T0/><D37/><U11/><E43/><V101/><F17/><W24/><G124/><T75/><D0/><U41/><E41/><V114/><F26/><W39/><G39/><T6/><D70/><U86/><E11/><V65/><F50/><W78/><G89/><T95/><D75/><U15/><E15/><V93/><F93/><W38/><G38/><T28/><D68/><U94/><E94/><V117/><F117/><W10/><G77/><T1/><D1/><U45/><E35/><V46/><F101/><W90/><G90/><AGARI ba="2,0" hai="29,31,45,48,55,80,86,90,120,122,123" m="40458" machi="90" ten="40,1300,0" yaku="13,1" doraHai="54" who="1" fromWho="3" sc="249,0,293,19,401,0,57,-19" /><INIT seed="3,0,0,2,1,114" ten="249,312,401,38" oya="3" hai0="67,110,20,43,65,16,12,103,85,71,112,32,118" hai1="78,107,22,39,30,48,42,60,21,89,100,76,54" hai2="4,38,104,121,49,50,122,77,111,126,134,132,66" hai3="11,69,98,27,83,94,1,88,73,15,106,63,68"/><W82/><G1/><T53/><D112/><U19/><E39/><V119/><F104/><W124/><G124/><T91/><D32/><U62/><E42/><V41/><F77/><N who="1" m="29801" /><E107/><V33/><F33/><W36/><G36/><T101/><D110/><U17/><E100/><V61/><F4/><W131/><G131/><T14/><D43/><U37/><E30/><V13/><F13/><W99/><G73/><T95/><D118/><U120/><E120/><N who="2" m="46187" /><F111/><W135/><G135/><N who="2" m="51753" /><F119/><W2/><G2/><T93/><D71/><U51/><E37/><V81/><F81/><W44/><G27/><T52/><D12/><N who="1" m="9575" /><E48/><V115/><F115/><W92/><G106/><T26/><D26/><N who="1" m="14639" /><E89/><V24/><F24/><W113/><G113/><T59/><D53/><U40/><E40/><V8/><F8/><W129/><G129/><T96/><D101/><U90/><E90/><V18/><F18/><W105/><G105/><T117/><D117/><U130/><E130/><V5/><F5/><W79/><G79/><T47/><D47/><AGARI ba="0,0" hai="47,51,54,60,62" m="14639,9575,29801" machi="47" ten="30,1000,0" yaku="8,1" doraHai="114" who="1" fromWho="0" sc="249,-10,312,10,401,0,38,0" /><INIT seed="4,0,0,0,4,86" ten="239,322,401,38" oya="0" hai0="8,29,66,0,42,35,31,9,12,15,108,110,87" hai1="3,7,63,48,121,82,22,77,54,64,135,25,128" hai2="43,93,123,114,71,113,56,98,26,53,34,129,105" hai3="18,61,58,126,40,55,79,51,13,131,112,67,134"/><T39/><D66/><U65/><E121/><V74/><F123/><W16/><G131/><T2/><D39/><U96/><E135/><V59/><F71/><W116/><G126/><T27/><D42/><U33/><E33/><V23/><F129/><W133/><G116/><T91/><D87/><U76/><E3/><V6/><F74/><W21/><G112/><T92/><D92/><U10/><E128/><V52/><F34/><W80/><G40/><T89/><D35/><U62/><E96/><V117/><F105/><W130/><G130/><T45/><D45/><U46/><E82/><V38/><F6/><W49/><G18/><T17/><D17/><U111/><E111/><V127/><F127/><W107/><G107/><T109/><D109/><U28/><E64/><V44/><F56/><W69/><REACH who="3" step="1"/><G51/><REACH who="3" ten="239,322,401,28" step="2"/><T103/><D110/><U106/><E106/><V95/><F117/><W88/><G88/><T72/><D108/><U90/><E90/><V84/><F114/><W37/><G37/><T104/><D104/><U100/><E100/><V81/><F38/><W50/><G50/><T30/><D103/><U60/><E65/><V85/><F43/><W19/><G19/><T1/><D91/><U32/><E32/><V24/><F113/><W57/><G57/><T73/><D89/><U124/><E124/><V97/><F59/><W119/><G119/><T75/><D27/><U115/><E115/><V83/><F44/><W78/><G78/><T118/><D118/><U36/><E36/><V132/><F132/><W122/><G122/><T41/><D41/><U47/><E47/><RYUUKYOKU ba="0,1" sc="239,0,322,0,401,0,28,0" hai0="0,1,2,8,9,12,15,29,30,31,72,73,75" hai1="7,10,22,25,28,46,48,54,60,62,63,76,77" hai2="23,24,26,52,53,81,83,84,85,93,95,97,98" hai3="13,16,21,49,55,58,61,67,69,79,80,133,134" /><BYE who="1" /><UN n1="%E6%81%8B%E3%81%AE%E3%81%86%E3%81%9F" /><INIT seed="4,1,1,4,3,93" ten="239,322,401,28" oya="0" hai0="46,30,24,125,77,61,115,78,92,108,33,105,36" hai1="38,41,26,11,1,85,124,134,39,132,98,48,76" hai2="116,119,19,23,47,42,75,104,58,62,25,63,71" hai3="6,59,3,29,103,74,100,55,60,0,16,87,49"/><T50/><D105/><U9/><E124/><V14/><F75/><W129/><G74/><T20/><D125/><U80/><E26/><V130/><F130/><W66/><G129/><T135/><D36/><N who="1" m="13867" /><E1/><V13/><F104/><W7/><G29/><T106/><D106/><U68/><E68/><V27/><F27/><W22/><G0/><T56/><D33/><U79/><E48/><V53/><F71/><W54/><G54/><T107/><D107/><U28/><E41/><V35/><F63/><W133/><G133/><N who="1" m="51306" /><E28/><V99/><F35/><W97/><G87/><T131/><D115/><U67/><E67/><V122/><F122/><W4/><G3/><T126/><D131/><U69/><E69/><V102/><F13/><W91/><G91/><T40/><D108/><U113/><E76/><V121/><F25/><W120/><G120/><T31/><D31/><U34/><E34/><V8/><F121/><W70/><REACH who="3" step="1"/><G97/><REACH who="3" ten="239,322,401,18" step="2"/><T82/><D135/><U12/><E98/><V65/><F99/><W5/><N who="3" m="1024" /><DORA hai="112" /><W127/><G127/><T21/><D126/><U117/><E113/><V95/><F53/><W18/><G18/><T118/><D30/><U52/><E52/><V128/><F19/><W114/><G114/><T110/><D77/><U84/><E84/><V2/><F2/><W101/><G101/><T109/><D78/><U111/><E85/><V94/><F102/><W64/><G64/><N who="0" m="38951" /><D109/><U32/><E111/><V45/><F128/><W86/><G86/><T123/><D110/><U51/><E79/><V44/><F65/><W81/><G81/><T96/><D96/><RYUUKYOKU ba="1,2" sc="239,-10,322,-10,401,-10,18,30" hai3="16,22,49,55,59,60,66,70,100,103" /><INIT seed="5,2,2,1,4,68" ten="229,312,391,48" oya="1" hai0="110,132,71,72,57,50,125,0,133,66,33,126,54" hai1="121,61,129,52,79,3,116,25,128,127,30,2,53" hai2="5,10,13,37,120,118,115,135,12,87,32,93,56" hai3="31,97,77,123,42,24,8,103,48,113,114,41,58"/><U82/><E116/><V106/><F118/><W91/><G123/><T4/><D33/><U75/><E121/><V65/><F120/><W119/><G119/><T15/><D72/><U46/><E127/><N who="0" m="48649" /><D0/><N who="1" m="43" /><E61/><V18/><F106/><W112/><G77/><T27/><D27/><U90/><E90/><V19/><F32/><W84/><G8/><N who="0" m="4487" /><D110/><U62/><E62/><AGARI ba="2,2" hai="50,54,57,62,66,71,132,133" m="4487,48649" machi="62" ten="30,1000,0" yaku="18,1" doraHai="68" who="0" fromWho="1" sc="229,36,312,-16,391,0,48,0" /><INIT seed="6,0,0,2,3,17" ten="265,296,391,48" oya="2" hai0="78,64,107,35,115,11,96,2,82,9,39,4,129" hai1="66,8,19,103,127,20,132,116,108,50,104,40,91" hai2="97,63,5,59,14,12,38,61,27,125,28,131,36" hai3="118,84,68,100,76,86,46,121,29,69,114,70,21"/><V126/><F131/><W98/><G118/><T79/><D35/><U31/><E108/><V87/><F87/><W62/><G121/><T33/><D33/><U120/><E116/><V48/><F97/><W89/><G76/><T51/><D39/><U13/><E132/><V44/><F5/><W10/><G10/><T73/><D115/><U7/><E127/><V54/><F36/><W72/><G72/><T18/><D64/><U88/><E104/><V135/><F38/><W109/><G109/><T94/><D107/><U124/><E124/><N who="2" m="47723" /><F135/><W16/><G29/><T90/><D78/><U93/><E120/><V83/><F83/><W81/><G114/><T47/><D129/><U130/><E130/><V53/><F63/><W111/><G111/><T99/><D99/><N who="1" m="59887" /><E66/><V77/><F77/><W74/><G74/><T101/><D101/><U25/><E7/><V133/><F133/><W0/><G0/><T30/><D4/><U57/><E40/><V42/><F42/><W95/><G84/><T23/><D2/><U41/><E41/><V45/><F45/><W128/><G128/><T80/><D47/><U85/><E85/><V67/><F67/><W32/><G32/><AGARI ba="0,0" hai="12,14,27,28,32,44,48,53,54,59,61" m="47723" machi="32" ten="30,1500,0" yaku="18,1" doraHai="17" who="2" fromWho="3" sc="265,0,296,0,391,15,48,-15" /><INIT seed="6,1,0,5,3,75" ten="265,296,406,33" oya="2" hai0="123,83,97,135,57,47,1,20,72,125,88,48,34" hai1="45,98,60,101,93,29,30,71,16,64,37,106,49" hai2="81,24,67,122,4,9,25,124,42,86,103,46,59" hai3="36,61,105,44,0,116,22,62,69,107,113,3,12"/><V40/><F124/><W126/><G116/><T23/><D34/><U108/><E108/><V14/><F122/><W87/><G126/><T51/><D1/><U92/><E37/><V134/><F134/><W17/><G69/><T130/><D125/><U109/><E109/><V114/><F114/><W43/><G113/><T50/><D123/><U127/><E127/><V133/><F133/><W99/><G62/><T70/><D70/><U119/><E119/><V121/><F103/><W18/><G61/><T38/><D38/><U19/><E106/><V65/><F40/><W73/><G73/><T39/><D39/><U90/><E29/><V54/><F24/><W77/><G107/><T56/><D130/><U53/><REACH who="1" step="1"/><E30/><REACH who="1" ten="265,286,406,33" step="2"/><V79/><F121/><W63/><G105/><T89/><D135/><U80/><E80/><V8/><F81/><W41/><G36/><T82/><D82/><U66/><E66/><V112/><F65/><W85/><G0/><T27/><D72/><U120/><E120/><V28/><F67/><W21/><G3/><T111/><D83/><U118/><E118/><V110/><F28/><W95/><G43/><T7/><D111/><U58/><E58/><V132/><F59/><W26/><G41/><T78/><D57/><U68/><E68/><V94/><F42/><W11/><G44/><T96/><D56/><U115/><E115/><V100/><F112/><W35/><G63/><T32/><D47/><U5/><E5/><V15/><F4/><W129/><G17/><T117/><D7/><U6/><E6/><V91/><F110/><W2/><G2/><RYUUKYOKU ba="1,1" sc="265,-10,286,30,406,-10,33,-10" hai1="16,19,45,49,53,60,64,71,90,92,93,98,101" /><INIT seed="7,2,1,0,1,106" ten="255,316,396,23" oya="3" hai0="59,11,77,96,102,41,78,111,133,112,82,55,4" hai1="1,40,13,67,131,37,28,36,49,2,56,92,127" hai2="6,58,62,38,64,61,39,52,119,53,86,128,91" hai3="117,31,3,60,43,129,120,5,23,107,84,15,130"/><W108/><G107/><T45/><D111/><U103/><E131/><N who="3" m="50186" /><G43/><T34/><D34/><U20/><E127/><V124/><F128/><W57/><G117/><T87/><D133/><U115/><E115/><V134/><F119/><W118/><G118/><T48/><D112/><U29/><E1/><V99/><F134/><W94/><G120/><T90/><D102/><U7/><E2/><V101/><F6/><W32/><G108/><T113/><D113/><U80/><E37/><V35/><F35/><W74/><G32/><T93/><D77/><U24/><E36/><V85/><F124/><W116/><G116/><T100/><D100/><U21/><E80/><V22/><F22/><W110/><G110/><T75/><D11/><U12/><E7/><V70/><F53/><N who="3" m="33839" /><G3/><T27/><D4/><U47/><E20/><V104/><F85/><W122/><G122/><T46/><D27/><U98/><E28/><V88/><F91/><N who="3" m="53607" /><G31/><T71/><D71/><U126/><E126/><V89/><F89/><W50/><G50/><T105/><D105/><U33/><E33/><V72/><F38/><W0/><G0/><T8/><D8/><U63/><AGARI ba="2,1" hai="12,13,21,24,29,40,47,49,56,63,67,92,98,103" machi="63" ten="30,7900,0" yaku="0,1,25,2,8,1" doraHai="106" who="1" fromWho="1" sc="255,-22,316,95,396,-22,23,-41" owari="233,-16.7,411,51.1,374,17.4,-18,-51.8" /></mjloggm>