<mjloggm ver="2.3"><GO type="169" lobby="0"/><UN n0="%E5%A4%A7%E7%A9%BA%E3%82%B9%E3%83%90%E3%83%AB%E2%98%86" n1="%E3%82%B7%E3%83%AB%E3%83%90%E3%83%BC%E3%83%96%E3%83%AC%E3%83%83%E3%83%88" n2="%50%65%74%65%72%50%61%6E" n3="%74%6B%34%32" dan="16,16,17,16" rate="2110.93,2192.83,2229.60,2108.65" sx="F,M,M,M"/><TAIKYOKU oya="0"/><INIT seed="0,0,0,2,4,83" ten="250,250,250,250" oya="0" hai0="104,76,6,66,119,71,95,116,20,19,24,8,44" hai1="58,1,62,54,37,4,32,126,11,63,86,50,97" hai2="72,93,68,56,46,49,90,33,129,121,70,131,118" hai3="80,102,45,112,27,22,67,84,61,79,127,38,94"/><T25/><D104/><U53/><E126/><V39/><F121/><W78/><G112/><T91/><D76/><U36/><E32/><V87/><F118/><W73/><G127/><T92/><D92/><U28/><E28/><V21/><F33/><W89/><G102/><T82/><D82/><U14/><E97/><V65/><F72/><W114/><G114/><T31/><D44/><U100/><E100/><V2/><F2/><W43/><G78/><T74/><D74/><U109/><E109/><V51/><F39/><W105/><G105/><T30/><D19/><U130/><E130/><N who="2" m="49675" /><F21/><W110/><G110/><T132/><D132/><U88/><E1/><V107/><F107/><W10/><G10/><T135/><D135/><U120/><E120/><V41/><F51/><W134/><G134/><T7/><D66/><U0/><E0/><V3/><F3/><W60/><REACH who="3" step="1"/><G67/><REACH who="3" ten="250,250,250,240" step="2"/><T101/><D101/><U12/><E11/><V29/><F29/><AGARI ba="0,1" hai="22,27,29,38,43,45,60,61,73,79,80,84,89,94" machi="29" ten="30,8000,1" yaku="1,1,2,1,7,1,52,1,53,1" doraHai="83" doraHaiUra="81" who="3" fromWho="2" sc="250,0,250,0,250,-80,240,90" /><INIT seed="1,0,0,2,5,50" ten="250,250,170,330" oya="1" hai0="28,106,128,62,0,36,13,103,73,67,59,44,85" hai1="10,118,98,127,31,115,41,6,102,3,22,131,95" hai2="24,2,70,97,111,120,33,27,74,58,32,109,51" hai3="87,132,57,82,55,1,65,75,11,7,15,20,129"/><U43/><E118/><V64/><F120/><W47/><G129/><T48/><D0/><U53/><E115/><V94/><F74/><W25/><G132/><T18/><D73/><U134/><E127/><V39/><F39/><W124/><G75/><T78/><D128/><U34/><E131/><V88/><F2/><W60/><G124/><T54/><D36/><U45/><E34/><V5/><F5/><W40/><G1/><T84/><D78/><U96/><E134/><V130/><F130/><W108/><G108/><N who="2" m="41545" /><F70/><W121/><G121/><T125/><D125/><U135/><E135/><V122/><F122/><W49/><G65/><T71/><D28/><U86/><E86/><V83/><F83/><W23/><REACH who="3" step="1"/><G25/><REACH who="3" ten="250,250,170,320" step="2"/><N who="2" m="9801" /><F64/><W112/><G112/><T90/><D71/><U68/><E68/><V30/><F30/><W63/><G63/><T52/><D67/><U38/><E31/><V91/><F91/><AGARI ba="0,1" hai="7,11,15,20,23,40,47,49,55,57,60,82,87,91" machi="91" ten="30,7700,0" yaku="1,1,7,1,8,1,52,1,53,0" doraHai="50" doraHaiUra="66" who="3" fromWho="2" sc="250,0,250,0,170,-77,320,87" /><INIT seed="2,0,0,0,1,8" ten="250,250,93,407" oya="2" hai0="9,130,100,5,57,36,30,80,132,123,66,68,86" hai1="73,22,92,69,95,70,125,82,32,47,89,40,118" hai2="124,99,23,65,56,15,42,26,84,28,6,37,135" hai3="64,129,58,119,116,55,35,13,51,111,76,98,50"/><V77/><F124/><W46/><G35/><T83/><D36/><U74/><E32/><V31/><F135/><W93/><G111/><T75/><D123/><U44/><E22/><V88/><F31/><W27/><G129/><T128/><D132/><U122/><E82/><V45/><F99/><W96/><G27/><T133/><D68/><U43/><E89/><V4/><F77/><W62/><G76/><T29/><D100/><U33/><E33/><V71/><F71/><W101/><G96/><T106/><D106/><U38/><E38/><V107/><F107/><W121/><G121/><T110/><D110/><U105/><E105/><V103/><F103/><W52/><G13/><T61/><D83/><U17/><E17/><V41/><F41/><W112/><REACH who="3" step="1"/><G112/><REACH who="3" ten="250,250,93,397" step="2"/><T14/><D133/><U91/><E122/><V78/><F78/><W126/><G126/><T109/><D109/><U72/><E125/><V21/><F15/><W19/><G19/><T0/><D75/><U18/><E18/><V134/><F134/><W12/><G12/><T127/><D127/><U53/><E74/><V54/><F23/><W1/><G1/><T131/><D0/><U60/><E73/><V2/><F2/><W49/><G49/><T114/><D114/><U87/><E72/><V10/><F10/><W39/><G39/><T7/><D7/><U48/><E48/><V120/><F120/><W97/><G97/><T108/><D108/><U16/><E16/><V115/><F115/><W117/><G117/><T59/><D131/><U79/><E118/><V113/><F113/><W34/><G34/><RYUUKYOKU ba="0,1" sc="250,-10,250,-10,93,-10,397,30" hai3="46,50,51,52,55,58,62,64,93,98,101,116,119" /><INIT seed="3,1,1,5,1,70" ten="240,240,83,427" oya="3" hai0="66,27,38,55,125,122,78,84,20,92,46,75,94" hai1="83,74,1,21,3,59,71,124,76,99,30,4,39" hai2="116,47,105,93,104,108,61,17,41,85,9,36,5" hai3="103,111,28,95,35,43,24,2,135,77,88,96,32"/><W73/><G135/><T115/><D75/><U53/><E71/><V106/><F116/><W119/><G119/><T90/><D125/><U123/><E123/><V6/><F108/><W48/><G2/><T80/><D122/><U7/><E124/><V81/><F93/><W57/><G35/><T91/><D115/><U109/><E109/><V79/><REACH who="2" step="1"/><F61/><REACH who="2" ten="240,240,73,427" step="2"/><W65/><G111/><T12/><D94/><U63/><E63/><V44/><F44/><W37/><G103/><T22/><D92/><U110/><E110/><V10/><F10/><W113/><G113/><T45/><D45/><U51/><E99/><V114/><F114/><W100/><G100/><T132/><D46/><U0/><E39/><V56/><F56/><W31/><G37/><T19/><D38/><U16/><REACH who="1" step="1"/><E30/><REACH who="1" ten="240,230,73,427" step="2"/><V15/><AGARI ba="1,3" hai="5,6,9,15,17,36,41,47,79,81,85,104,105,106" machi="15" ten="40,5200,0" yaku="1,1,0,1,52,1,53,0" doraHai="70" doraHaiUra="23" who="2" fromWho="2" sc="240,-14,230,-14,73,85,427,-27" /><INIT seed="4,0,0,3,4,60" ten="226,216,158,400" oya="0" hai0="56,66,130,97,77,71,54,80,1,123,107,63,23" hai1="46,45,25,84,102,122,6,31,75,116,58,29,12" hai2="135,50,85,118,20,53,98,62,124,69,67,28,88" hai3="17,0,92,128,13,83,32,106,125,33,104,30,55"/><T24/><D123/><U9/><E75/><V76/><F124/><W19/><G0/><T114/><D1/><U95/><E116/><V42/><F118/><W37/><G125/><T117/><D117/><U127/><E122/><V109/><F135/><W3/><G3/><T72/><D114/><U105/><E105/><V111/><F42/><W47/><G128/><T40/><D40/><U87/><E127/><V100/><F76/><W78/><G92/><T38/><D38/><U43/><E58/><V68/><F68/><W112/><G19/><T2/><D2/><U41/><E102/><V73/><F73/><W64/><G64/><T91/><D130/><U22/><E31/><V8/><F8/><W52/><G55/><T10/><D10/><U35/><E35/><V44/><F20/><W103/><G103/><T61/><D107/><U119/><E119/><V129/><F28/><W14/><G14/><T5/><D5/><U39/><REACH who="1" step="1"/><E95/><REACH who="1" ten="226,206,158,400" step="2"/><V120/><F120/><W51/><G32/><T49/><D72/><U11/><E11/><V101/><F129/><W65/><G30/><T26/><D71/><U110/><E110/><V121/><F121/><W7/><G33/><T15/><D23/><U86/><E86/><V27/><F101/><W113/><G106/><T59/><D59/><U79/><E79/><V132/><F132/><W16/><G104/><T36/><D56/><U18/><E18/><V131/><F131/><W108/><G108/><T94/><D77/><U96/><E96/><V90/><F109/><W34/><G34/><T115/><D97/><U57/><E57/><RYUUKYOKU ba="0,1" sc="226,-10,206,30,158,-10,400,-10" hai1="6,9,12,22,25,29,39,41,43,45,46,84,87" /><INIT seed="5,1,1,4,4,131" ten="216,236,148,390" oya="1" hai0="73,4,117,48,77,123,9,112,74,29,0,76,49" hai1="15,86,93,113,11,85,55,19,23,40,59,5,60" hai2="30,17,32,97,34,106,71,126,121,124,35,128,122" hai3="132,65,87,104,18,58,38,111,2,47,26,14,109"/><U7/><E113/><V33/><F71/><W125/><G2/><T89/><D117/><U101/><E40/><V50/><F50/><W44/><G104/><T28/><D112/><U83/><E83/><V96/><F96/><W37/><G26/><T102/><D102/><U99/><REACH who="1" step="1"/><E7/><REACH who="1" ten="216,226,148,390" step="2"/><V75/><F122/><W66/><G111/><T95/><D4/><U1/><AGARI ba="1,2" hai="1,5,11,15,19,23,55,59,60,85,86,93,99,101" machi="1" ten="20,7800,0" yaku="1,1,2,1,0,1,7,1,53,0" doraHai="131" doraHaiUra="46" who="1" fromWho="1" sc="216,-27,226,101,148,-27,390,-27" /><INIT seed="5,2,0,1,2,112" ten="189,327,121,363" oya="1" hai0="114,0,76,116,125,35,27,67,80,23,128,58,69" hai1="54,71,121,34,81,87,56,37,113,8,46,79,36" hai2="40,90,1,6,130,120,62,131,53,38,52,30,126" hai3="39,61,100,88,102,95,134,20,93,28,18,110,101"/><U89/><E113/><V14/><F120/><W63/><G110/><T26/><D114/><U29/><E121/><V104/><F104/><W47/><G134/><T45/><D0/><U70/><E34/><V123/><F123/><W68/><G28/><T16/><D69/><U17/><E29/><V107/><F107/><W59/><G68/><T91/><D125/><U65/><E65/><V73/><F126/><W2/><G2/><T13/><D128/><N who="2" m="49194" /><F73/><W135/><G135/><T92/><D35/><U94/><E8/><N who="2" m="2127" /><F30/><W72/><G72/><T42/><D116/><U105/><E17/><V122/><F122/><W51/><G39/><T7/><D7/><U82/><E82/><V86/><F14/><N who="3" m="9303" /><G59/><T106/><D106/><U43/><E37/><V12/><F12/><W15/><G15/><T124/><D124/><U49/><REACH who="1" step="1"/><E105/><REACH who="1" ten="189,317,121,363" step="2"/><V83/><F62/><W32/><G32/><T132/><D132/><U97/><AGARI ba="2,1" hai="36,43,46,49,54,56,70,71,79,81,87,89,94,97" machi="97" ten="20,7800,0" yaku="1,1,2,1,0,1,7,1,53,0" doraHai="112" doraHaiUra="9" who="1" fromWho="1" sc="189,-28,317,94,121,-28,363,-28" /><INIT seed="5,3,0,2,4,50" ten="161,411,93,335" oya="1" hai0="92,8,3,135,46,95,65,132,104,47,60,100,23" hai1="106,40,22,85,97,124,55,74,57,81,67,109,29" hai2="30,110,13,42,105,98,120,9,63,32,69,45,33" hai3="25,2,24,48,70,73,1,51,39,27,101,107,86"/><U20/><E124/><V114/><F120/><W43/><G73/><T5/><D23/><U89/><E109/><V82/><F110/><W102/><G70/><T87/><D104/><U96/><E74/><V113/><F82/><W36/><G86/><T53/><D100/><U44/><E67/><V28/><F63/><W21/><G21/><T6/><D6/><U54/><E22/><V75/><F69/><W103/><G107/><T76/><D65/><U111/><E111/><V59/><F59/><W10/><G10/><T52/><D60/><U123/><E123/><V119/><F119/><W4/><G4/><T118/><D118/><U83/><E83/><V116/><F116/><W31/><G43/><T134/><D76/><U108/><E108/><V64/><F64/><W125/><G31/><N who="2" m="11817" /><F75/><W122/><G125/><T17/><D17/><U41/><E57/><V72/><F72/><W11/><G11/><T71/><D71/><U58/><E58/><V94/><F105/><W49/><REACH who="3" step="1"/><G122/><REACH who="3" ten="161,411,93,325" step="2"/><T99/><D87/><U18/><E29/><V66/><F42/><N who="1" m="16489" /><E106/><V117/><F117/><W128/><G128/><T79/><D79/><U88/><E97/><V61/><F98/><W14/><G14/><T34/><D34/><U77/><E96/><V37/><F32/><W90/><G90/><N who="1" m="34922" /><E44/><N who="0" m="16937" /><D99/><U56/><E56/><V91/><F33/><W12/><G12/><AGARI ba="3,1" hai="12,18,20,54,55,77,81,85" m="34922,16489" machi="12" ten="30,11600,0" yaku="8,1,52,2,54,1" doraHai="50" who="1" fromWho="3" sc="161,0,411,135,93,0,325,-125" /><INIT seed="5,4,0,4,2,9" ten="161,546,93,200" oya="1" hai0="28,74,96,129,90,88,117,14,94,37,52,79,7" hai1="2,18,110,109,115,97,26,29,39,84,91,62,76" hai2="60,54,17,116,121,3,119,38,0,11,13,86,73" hai3="8,122,101,85,20,36,49,57,35,45,31,103,21"/><U77/><E115/><V40/><F73/><W64/><G122/><T108/><D37/><U123/><E123/><V135/><F121/><W27/><G36/><T33/><D108/><N who="1" m="41579" /><E2/><V63/><F135/><W114/><G114/><T72/><D117/><U34/><E39/><V95/><F3/><W80/><G8/><T111/><D111/><U46/><E97/><V43/><F0/><W41/><G21/><T16/><D7/><U125/><E125/><V44/><F43/><W48/><G35/><T128/><D90/><U112/><E112/><V53/><F60/><N who="3" m="37903" /><G49/><T113/><D113/><U22/><E46/><V6/><F6/><W71/><G71/><T133/><D133/><U134/><E62/><V10/><F10/><W127/><G127/><T120/><D120/><U82/><E134/><V67/><F116/><W50/><G50/><T15/><D79/><AGARI ba="4,0" hai="20,27,31,41,45,48,79,80,85,101,103" m="37903" machi="79" ten="30,1000,0" yaku="8,1" doraHai="9" who="3" fromWho="0" sc="161,-22,546,0,93,0,200,22" /><INIT seed="6,0,0,0,5,61" ten="139,546,93,222" oya="2" hai0="67,81,43,42,105,113,95,36,84,1,21,130,34" hai1="83,44,118,41,124,88,59,73,46,31,9,38,101" hai2="80,12,125,104,134,53,93,70,100,51,87,116,108" hai3="40,58,76,16,49,110,109,22,60,86,82,10,35"/><V27/><F116/><W112/><G35/><T129/><D34/><U28/><E101/><V69/><F125/><W55/><G112/><T47/><D105/><U66/><E124/><V64/><F104/><W106/><G106/><T2/><D113/><U62/><E118/><V63/><F134/><W3/><G40/><T45/><D95/><U123/><E123/><V102/><F108/><W19/><G49/><T128/><D21/><U74/><E74/><V117/><F117/><W133/><G133/><T29/><D29/><U25/><E46/><V4/><F70/><W89/><G76/><T18/><D18/><U127/><E127/><V75/><F75/><W0/><G0/><T15/><D15/><U111/><E111/><V54/><F27/><W85/><G85/><T71/><D67/><U68/><E9/><V90/><F53/><W115/><G115/><T17/><D17/><U33/><E31/><V26/><F26/><W24/><G3/><T72/><D71/><U77/><E88/><V65/><F65/><W135/><G135/><T120/><D120/><U50/><E68/><V7/><F80/><W121/><G121/><T23/><D23/><U13/><E13/><V39/><F39/><W11/><G11/><T57/><D57/><U119/><E119/><V91/><F91/><W122/><G122/><T98/><D98/><U114/><E114/><V56/><REACH who="2" step="1"/><F12/><REACH who="2" ten="139,546,83,222" step="2"/><W20/><G10/><T37/><D72/><N who="1" m="43431" /><E38/><V132/><F132/><W32/><G32/><T6/><D6/><AGARI ba="0,1" hai="4,6,7,51,54,56,63,64,69,87,90,93,100,102" machi="6" ten="40,3900,0" yaku="1,1,52,1,53,0" doraHai="61" doraHaiUra="131" who="2" fromWho="0" sc="139,-39,546,0,83,49,222,0" /><INIT seed="6,1,0,5,0,7" ten="100,546,132,222" oya="2" hai0="98,107,103,24,17,5,133,106,117,120,12,95,80" hai1="37,67,2,114,90,22,97,123,75,71,113,25,14" hai2="87,57,26,43,6,11,13,96,101,131,64,30,109" hai3="118,48,83,56,112,77,94,50,27,111,32,40,35"/><V63/><F131/><W124/><G111/><T29/><D120/><U19/><E2/><V21/><F109/><W85/><G118/><T73/><D133/><U38/><E75/><V10/><F43/><W54/><G124/><T134/><D134/><U18/><E67/><V86/><REACH who="2" step="1"/><F11/><REACH who="2" ten="100,546,122,222" step="2"/><W44/><G112/><T116/><D5/><U127/><E114/><V130/><F130/><W89/><G27/><T28/><D117/><U47/><E25/><V51/><F51/><W45/><G45/><T58/><D116/><U93/><E47/><V126/><F126/><W60/><G48/><T125/><D125/><U84/><E113/><V42/><F42/><W53/><G40/><T15/><D24/><U78/><E127/><V135/><F135/><W102/><G102/><T68/><D29/><U1/><E38/><V55/><F55/><W31/><G31/><T122/><D28/><U100/><E37/><V20/><F20/><W121/><G121/><T39/><D122/><U69/><E22/><V72/><F72/><AGARI ba="1,1" hai="32,35,44,50,53,54,56,60,72,77,83,85,89,94" machi="72" ten="30,1000,0" yaku="7,1" doraHai="7" who="3" fromWho="2" sc="100,0,546,0,122,-13,222,23" /><INIT seed="7,0,0,1,2,134" ten="100,546,109,245" oya="3" hai0="8,29,133,15,114,106,56,55,84,59,33,123,79" hai1="26,95,128,31,39,0,41,82,36,12,93,116,121" hai2="69,73,74,64,30,109,37,2,100,52,113,49,23" hai3="20,72,7,111,120,131,88,71,94,5,58,112,38"/><W122/><G71/><T22/><D106/><U10/><E121/><V45/><F109/><W97/><G111/><T16/><D123/><U118/><E0/><V91/><F2/><W19/><G112/><T17/><D133/><U44/><E82/><V110/><F110/><W98/><G72/><T34/><D114/><U61/><E61/><N who="2" m="40079" /><F100/><W85/><G131/><T115/><D115/><U101/><E39/><V35/><F35/><W66/><G38/><T62/><D29/><U125/><E125/><V6/><F6/><N who="3" m="2059" /><G122/><T13/><D79/><U21/><E128/><V75/><F91/><W4/><N who="3" m="2067" /><W9/><DORA hai="76" /><G9/><T99/><D99/><U60/><E60/><V92/><F92/><W89/><G89/><T130/><D130/><U80/><E80/><V104/><F104/><W127/><G127/><T102/><D102/><U77/><E77/><V25/><F113/><W42/><G42/><T108/><D108/><U81/><E81/><V126/><F126/><W105/><G105/><T124/><D124/><U51/><E36/><V48/><F48/><W96/><G120/><T103/><D103/><U54/><E41/><N who="2" m="22703" /><F75/><W63/><G85/><T43/><D43/><U117/><E101/><V1/><F1/><W90/><G94/><T119/><D119/><U14/><E14/><AGARI ba="0,0" hai="14,19,20,58,63,66,88,90,96,97,98" m="2067" machi="14" ten="40,3900,0" yaku="8,1,54,1" doraHai="134,76" who="3" fromWho="1" sc="100,0,546,-39,109,0,245,39" /><INIT seed="7,1,0,3,5,36" ten="100,507,109,284" oya="3" hai0="121,107,3,29,77,14,5,28,103,33,1,43,114" hai1="45,27,44,7,26,12,106,61,40,82,69,111,53" hai2="110,32,119,113,118,46,112,42,23,75,108,122,101" hai3="41,91,19,132,135,134,86,51,123,15,99,18,130"/><W124/><G123/><T13/><D121/><U10/><E111/><N who="2" m="42539" /><F32/><W133/><N who="3" m="33792" /><DORA hai="4" /><W60/><G130/><T85/><D107/><U100/><E82/><V83/><F101/><W105/><G124/><T102/><D114/><N who="2" m="44138" /><F23/><W104/><G60/><T66/><D33/><U25/><E45/><V35/><F35/><W47/><G99/><T109/><D109/><U117/><E53/><V126/><F126/><W74/><G74/><T17/><D66/><U68/><E61/><V34/><F34/><W80/><REACH who="3" step="1"/><G19/><REACH who="3" ten="100,507,109,274" step="2"/><T11/><D103/><U72/><E72/><V38/><F122/><W71/><G71/><T88/><D102/><U115/><E69/><V76/><AGARI ba="1,1" hai="38,42,46,75,76,83,118,119" m="44138,42539" machi="76" ten="40,5200,0" yaku="15,1,23,1,52,1" doraHai="36,4" who="2" fromWho="2" sc="100,-14,507,-14,109,65,274,-27" owari="86,-41.4,493,59.3,174,-22.6,247,4.7" /></mjloggm>