<mjloggm ver="2.3"><GO type="169" lobby="0"/><UN n0="%E3%83%8A%E3%82%AB%E3%81%AB%E3%81%97" n1="%E7%9C%9F%E9%BE%8D%E5%85%84%E8%B2%B4" n2="%E3%81%9B%E3%81%A9%E3%81%AA%E3%82%8A%E3%81%82%E3%82%93" n3="%E9%B3%B4%E3%81%8D%E3%81%AE%E3%81%99%E3%83%BC%E3%81%95%E3%82%93" dan="17,16,17,17" rate="2229.15,2039.51,2203.91,2176.42" sx="M,M,F,M"/><TAIKYOKU oya="0"/><INIT seed="0,0,0,2,5,40" ten="250,250,250,250" oya="0" hai0="0,25,24,124,87,33,88,97,31,58,115,109,43" hai1="83,91,13,14,99,46,121,1,114,28,102,30,15" hai2="57,77,38,120,94,4,128,73,78,65,86,104,45" hai3="39,72,9,126,71,117,64,42,7,98,21,11,41"/><T61/><D115/><U113/><E1/><V2/><F120/><W110/><G72/><T3/><D124/><U74/><E121/><V51/><F104/><W89/><G117/><T90/><D109/><U75/><E91/><V81/><F128/><W54/><G71/><T76/><D25/><U20/><E20/><V95/><F38/><W35/><G64/><T17/><D17/><U118/><E118/><V106/><F106/><W111/><G21/><T135/><D135/><U59/><E59/><V100/><F2/><W50/><G35/><T19/><D76/><U10/><E10/><V32/><F32/><W6/><G11/><T34/><D19/><U123/><E123/><V8/><F100/><W55/><G6/><T122/><D122/><U47/><E83/><V127/><F73/><N who="1" m="27657" /><E99/><V82/><F127/><W18/><G18/><T37/><D97/><U129/><E102/><V92/><F81/><W119/><G55/><T85/><D85/><U63/><E63/><N who="2" m="38127" /><F78/><W62/><G62/><T12/><D12/><U29/><E129/><V101/><F101/><W107/><G107/><T36/><D90/><U112/><AGARI ba="0,0" hai="13,14,15,28,29,30,46,47,112,113,114" m="27657" machi="112" ten="50,12000,2" yaku="29,2,28,2,11,1,52,2" doraHai="40" who="1" fromWho="1" sc="250,-60,250,120,250,-30,250,-30" /><INIT seed="1,0,0,1,2,74" ten="190,370,220,220" oya="1" hai0="130,92,22,94,112,78,73,88,97,59,34,104,127" hai1="47,122,38,131,126,45,42,27,86,41,61,31,111" hai2="3,93,82,121,36,48,16,89,120,129,6,44,49" hai3="13,79,96,57,101,119,2,20,32,65,115,4,85"/><U14/><E126/><V24/><F36/><W71/><G32/><T67/><D34/><U80/><E131/><V21/><F129/><W108/><G115/><T19/><D130/><U1/><E1/><V95/><F48/><W98/><G108/><T56/><D112/><U7/><E111/><V125/><F125/><W62/><G2/><T12/><D127/><U128/><E128/><V33/><F33/><W51/><G96/><T107/><D94/><U72/><E72/><V77/><F6/><W28/><G4/><T64/><D59/><U60/><E122/><V134/><F134/><W117/><G51/><T53/><D107/><U110/><E110/><V76/><F3/><W99/><G99/><T35/><D104/><U18/><E7/><V0/><F0/><W29/><G71/><T68/><D68/><U8/><E27/><V106/><F106/><W15/><G117/><T91/><D91/><U102/><E31/><N who="3" m="11850" /><G20/><T114/><D35/><U66/><E102/><V133/><F133/><W87/><G87/><T55/><D114/><U123/><E123/><V132/><F132/><W52/><G65/><T40/><D40/><U135/><E66/><V109/><F109/><W39/><G39/><T83/><REACH who="0" step="1"/><D55/><REACH who="0" ten="180,370,220,220" step="2"/><U124/><E124/><V103/><F121/><W46/><G119/><T69/><D69/><U10/><E135/><V37/><F120/><W81/><G46/><T70/><D70/><U118/><E118/><V54/><F103/><W105/><G105/><T113/><D113/><U5/><E45/><V11/><F44/><W58/><G58/><T23/><D23/><RYUUKYOKU ba="0,1" sc="180,15,370,-15,220,-15,220,15" hai0="12,19,22,53,56,64,67,73,78,83,88,92,97" hai3="13,15,52,57,62,79,81,85,98,101" /><INIT seed="2,1,1,3,5,85" ten="195,355,205,235" oya="2" hai0="17,84,126,102,87,130,1,58,104,42,63,123,6" hai1="5,100,105,19,128,77,46,55,65,82,7,12,114" hai2="73,27,26,32,124,135,57,21,56,70,16,49,78" hai3="47,118,4,33,9,74,106,35,22,127,131,86,61"/><V11/><F70/><W43/><G74/><T64/><D123/><U60/><E114/><V37/><F37/><W80/><G118/><T98/><D130/><U72/><E128/><V2/><F124/><W79/><G127/><T44/><D126/><U31/><E31/><V23/><F32/><W75/><G106/><T89/><D17/><U15/><E15/><V20/><F135/><W53/><G22/><T108/><D108/><U62/><E100/><V48/><F73/><W18/><G18/><T119/><D119/><U29/><E29/><V96/><F78/><W97/><G97/><T95/><D1/><U125/><E105/><V121/><F121/><W132/><G132/><T51/><D6/><U113/><E113/><V10/><F96/><AGARI ba="1,1" hai="42,44,51,58,63,64,84,87,89,95,96,98,102,104" machi="96" ten="30,2000,0" yaku="7,1,52,1" doraHai="85" who="0" fromWho="2" sc="195,33,355,0,205,-23,235,0" /><INIT seed="3,0,0,1,5,52" ten="228,355,182,235" oya="3" hai0="56,116,37,130,101,24,90,102,128,32,0,20,62" hai1="29,124,98,89,109,38,14,91,134,125,127,5,99" hai2="10,86,17,123,131,4,41,58,110,19,88,18,83" hai3="81,59,129,119,103,31,51,118,7,36,40,65,113"/><W57/><G103/><T55/><D116/><U33/><E38/><V107/><F107/><W49/><G7/><T2/><D32/><U78/><E78/><V23/><F110/><W95/><G31/><T9/><D37/><U122/><E109/><V6/><F131/><N who="0" m="50218" /><D90/><N who="1" m="34315" /><E122/><V39/><F123/><W111/><G95/><T74/><D74/><U43/><E43/><V69/><F69/><W77/><G77/><T22/><D22/><U21/><E134/><V82/><F82/><W97/><G81/><T72/><D72/><U3/><E33/><V108/><F108/><W60/><G111/><T133/><D133/><U68/><E68/><V42/><F23/><W30/><G30/><N who="0" m="17671" /><D9/><N who="1" m="4399" /><E3/><AGARI ba="0,0" hai="0,2,3,55,56,62,101,102" m="17671,50218" machi="3" ten="30,2000,0" yaku="19,1,52,1" doraHai="52" who="0" fromWho="1" sc="228,20,355,-20,182,0,235,0" /><INIT seed="4,0,0,1,1,35" ten="248,335,182,235" oya="0" hai0="53,24,135,121,106,25,42,122,132,30,99,82,6" hai1="52,98,127,84,85,125,75,114,22,8,117,54,60" hai2="46,37,56,27,123,70,131,91,2,63,40,32,107" hai3="1,83,3,90,21,105,76,4,7,29,19,89,119"/><T103/><D42/><U96/><E75/><V111/><F123/><W86/><G105/><T77/><D53/><U5/><E117/><V62/><F111/><W120/><G119/><T14/><D14/><U129/><E129/><V116/><F116/><W100/><G100/><T47/><D47/><U11/><E114/><V10/><F107/><W64/><G29/><T101/><D6/><U65/><E22/><V87/><F131/><W102/><G102/><T133/><D103/><U95/><E84/><V59/><F32/><W45/><G120/><T38/><D38/><U88/><E85/><V78/><F78/><W50/><G64/><T20/><REACH who="0" step="1"/><D24/><REACH who="0" ten="238,335,182,235" step="2"/><U55/><E5/><V69/><F27/><W113/><G7/><T93/><D93/><U61/><E55/><V74/><F46/><W43/><G4/><T17/><D17/><U41/><E41/><V94/><F40/><W51/><G51/><T79/><D79/><U39/><E95/><V12/><F37/><W18/><G18/><T36/><D36/><U48/><E39/><V16/><F16/><W71/><G50/><T124/><D124/><U73/><E48/><V126/><F12/><W115/><G45/><T33/><D33/><U57/><E54/><V0/><F126/><W67/><G76/><T92/><D92/><U68/><E125/><V15/><F15/><W97/><G43/><T58/><D58/><U104/><E57/><V130/><F56/><W44/><G44/><T110/><D110/><U112/><E52/><V118/><F59/><W134/><G19/><T26/><D26/><U108/><E127/><RYUUKYOKU ba="0,1" sc="238,30,335,-10,182,-10,235,-10" hai0="20,25,30,77,82,99,101,106,121,122,132,133,135" /><INIT seed="4,1,1,4,2,20" ten="268,325,172,225" oya="0" hai0="47,107,6,78,31,115,64,86,82,101,43,105,125" hai1="23,9,94,131,114,85,67,128,19,15,100,87,25" hai2="102,42,56,33,30,116,60,104,112,13,36,133,62" hai3="79,46,81,72,134,26,16,124,1,51,8,110,12"/><T73/><D115/><U117/><E117/><V27/><F112/><W103/><G134/><T76/><D125/><U69/><E114/><V61/><F133/><W109/><G124/><T91/><D64/><U127/><E127/><V14/><F116/><W53/><G1/><T4/><D78/><U45/><E67/><V75/><F75/><W55/><G103/><T21/><D31/><U93/><E69/><V106/><F56/><W135/><G135/><T77/><D77/><U32/><E32/><V22/><F102/><W121/><G121/><T129/><D21/><U118/><E118/><V84/><F84/><N who="1" m="32329" /><E45/><V41/><F36/><W58/><REACH who="3" step="1"/><G26/><REACH who="3" ten="268,325,172,215" step="2"/><T37/><D129/><N who="1" m="49739" /><E100/><V98/><F13/><W126/><G126/><T18/><D107/><U49/><E49/><AGARI ba="1,2" hai="8,12,16,46,49,51,53,55,58,72,79,81,109,110" machi="49" ten="30,7700,0" yaku="1,1,7,1,54,1,53,1" doraHai="20" doraHaiUra="5" who="3" fromWho="1" sc="268,0,325,-80,172,0,215,100" /><INIT seed="5,0,0,4,0,64" ten="268,245,172,315" oya="1" hai0="24,86,90,19,76,15,103,11,135,48,1,57,99" hai1="79,29,94,97,119,41,102,44,106,6,33,47,5" hai2="105,126,78,3,62,45,60,7,85,13,18,12,23" hai3="112,10,111,69,116,98,50,74,40,51,114,101,100"/><U91/><E119/><V121/><F126/><W89/><G111/><T28/><D135/><U38/><E79/><V92/><F105/><W130/><G74/><T37/><D37/><U31/><E47/><V117/><F3/><W26/><G69/><T118/><D118/><U129/><E129/><V72/><F121/><W66/><G66/><T75/><D76/><U84/><REACH who="1" step="1"/><E33/><REACH who="1" ten="268,235,172,315" step="2"/><V80/><F117/><W87/><G130/><T46/><D46/><U61/><E61/><V34/><F34/><W73/><G116/><T115/><D75/><U83/><E83/><V123/><F123/><W122/><G73/><T16/><D115/><U17/><E17/><V43/><F72/><W88/><G112/><T68/><D19/><U0/><E0/><V4/><F4/><AGARI ba="0,1" hai="4,5,6,29,31,38,41,44,84,91,94,97,102,106" machi="4" ten="40,3900,0" yaku="1,1,53,1" doraHai="64" doraHaiUra="42" who="1" fromWho="2" sc="268,0,235,49,172,-39,315,0" /><INIT seed="5,1,0,4,1,25" ten="268,284,133,315" oya="1" hai0="134,67,78,37,41,53,130,10,60,69,81,8,133" hai1="103,21,123,73,129,127,117,58,38,6,26,75,110" hai2="119,124,131,5,48,3,97,19,29,135,33,101,55" hai3="89,35,13,126,24,27,28,40,56,7,74,106,87"/><U125/><E117/><V50/><F119/><W71/><G71/><T23/><D130/><U47/><E123/><V57/><F131/><W72/><G106/><T65/><D23/><U96/><E129/><V92/><F124/><N who="1" m="47689" /><E6/><V30/><F33/><W34/><G126/><T63/><D53/><U15/><E15/><V108/><F108/><W54/><G40/><T0/><D41/><N who="1" m="22967" /><E58/><V14/><F135/><N who="0" m="51722" /><D37/><U2/><E2/><V122/><F122/><W84/><G13/><T68/><D0/><U113/><E113/><V102/><F102/><W62/><G7/><T16/><D16/><N who="1" m="12583" /><E110/><V85/><F3/><W36/><G36/><T94/><D8/><U43/><E43/><V39/><F5/><W98/><G35/><T128/><D10/><U120/><E120/><V82/><F39/><W88/><G24/><T79/><D128/><U66/><E66/><V80/><F50/><W90/><REACH who="3" step="1"/><G98/><REACH who="3" ten="268,284,133,305" step="2"/><T9/><D69/><U86/><E86/><AGARI ba="1,1" hai="27,28,34,54,56,62,72,74,84,86,87,88,89,90" machi="86" ten="40,8000,1" yaku="1,1,2,1,52,1,54,1,53,1" doraHai="25" doraHaiUra="52" who="3" fromWho="1" sc="268,0,284,-83,133,0,305,93" /><INIT seed="6,0,0,1,3,73" ten="268,201,133,398" oya="2" hai0="77,6,127,50,103,86,122,85,128,14,107,41,69" hai1="59,35,87,114,40,39,75,15,88,100,18,16,71" hai2="30,20,53,131,45,10,56,7,133,80,112,51,47" hai3="28,83,130,58,105,70,22,74,101,48,66,72,84"/><V89/><F112/><W104/><G130/><T94/><D69/><U124/><E71/><V109/><F133/><W38/><G22/><T60/><D122/><U99/><E35/><V13/><F131/><W82/><G82/><T91/><D128/><U123/><E123/><V52/><F109/><W57/><G28/><T55/><D107/><U106/><E114/><V17/><F30/><W117/><G38/><T110/><D127/><U26/><E124/><V63/><F89/><W34/><G74/><T98/><D110/><U33/><E75/><V12/><REACH who="2" step="1"/><F80/><REACH who="2" ten="268,201,123,398" step="2"/><W27/><G83/><T1/><D91/><U79/><E88/><V21/><F21/><W129/><G34/><T120/><D120/><U2/><E33/><V93/><F93/><W31/><G105/><T5/><D94/><U29/><E29/><V108/><F108/><W44/><G31/><T78/><D103/><U0/><E100/><V90/><F90/><W95/><G101/><T111/><D111/><U54/><E106/><V132/><F132/><W36/><G95/><T92/><D92/><U68/><E99/><V126/><F126/><W9/><G104/><T3/><D98/><U46/><E2/><V135/><F135/><W115/><G115/><T11/><D3/><U121/><E0/><V37/><F37/><W76/><G36/><T102/><D1/><U116/><E121/><V64/><F64/><W125/><G66/><T119/><D102/><U65/><E65/><V49/><F49/><W8/><G125/><T19/><D50/><U97/><E97/><V4/><F4/><W113/><G129/><RYUUKYOKU ba="0,1" sc="268,-10,201,-10,123,30,398,-10" hai2="7,10,12,13,17,20,45,47,51,52,53,56,63" /><INIT seed="6,1,1,1,0,9" ten="258,191,153,388" oya="2" hai0="113,97,133,84,46,64,22,31,63,24,28,89,95" hai1="101,43,90,12,65,69,13,88,123,87,2,110,121" hai2="36,40,126,83,48,72,61,29,70,52,104,5,132" hai3="10,76,71,16,93,75,77,50,109,108,49,34,114"/><V100/><F29/><W92/><G71/><T60/><D113/><U58/><E69/><V106/><F126/><W27/><G75/><T51/><D133/><U20/><E2/><V85/><F72/><W53/><G34/><T73/><D73/><U41/><E110/><V11/><F132/><W14/><G114/><T21/><D64/><U54/><E101/><V124/><F124/><W7/><G49/><T112/><D112/><U6/><E65/><V44/><F100/><W39/><G39/><T74/><D74/><U127/><E127/><V81/><F61/><W38/><G38/><T125/><D125/><U3/><E3/><V107/><F70/><W115/><G108/><T55/><D84/><U105/><E105/><V45/><REACH who="2" step="1"/><F85/><REACH who="2" ten="258,191,143,388" step="2"/><W35/><G115/><T99/><D99/><U25/><E87/><V135/><F135/><W8/><G109/><T116/><D116/><U4/><E121/><V78/><F78/><W57/><G76/><T56/><D63/><U94/><E123/><V26/><F26/><W102/><G77/><T111/><D111/><U122/><E122/><V129/><F129/><W117/><G102/><T119/><D119/><U80/><E25/><V96/><F96/><W130/><G117/><T118/><D118/><U134/><E134/><V30/><F30/><N who="0" m="11306" /><D24/><U37/><E90/><V59/><F59/><W82/><G27/><T62/><D62/><U131/><E58/><V19/><F19/><W42/><G35/><T91/><D91/><U17/><E88/><V68/><F68/><W1/><G57/><T86/><D86/><U120/><E120/><RYUUKYOKU ba="1,2" sc="258,15,191,-15,143,15,388,-15" hai0="21,22,46,51,55,56,60,89,95,97" hai2="5,11,36,40,44,45,48,52,81,83,104,106,107" /><INIT seed="6,2,2,5,5,78" ten="273,176,158,373" oya="2" hai0="113,81,93,40,72,99,5,95,121,122,45,83,127" hai1="46,26,80,126,96,69,131,33,13,3,48,89,61" hai2="120,21,18,36,118,108,1,57,8,34,105,76,42" hai3="85,6,27,100,74,86,125,14,70,12,130,112,7"/><V132/><F118/><W128/><G74/><T23/><D113/><U51/><E3/><V68/><F120/><W116/><G70/><T54/><D127/><U29/><E126/><V58/><F68/><W62/><G116/><T19/><D5/><N who="3" m="1545" /><G112/><T88/><D54/><U50/><E131/><N who="3" m="50218" /><G100/><N who="0" m="60527" /><D72/><U98/><E13/><N who="3" m="5226" /><G125/><T9/><D9/><U101/><E101/><V111/><F8/><W37/><G37/><T110/><D110/><N who="2" m="42026" /><F1/><W65/><G27/><N who="0" m="14847" /><D122/><U24/><E24/><V114/><F114/><W67/><G62/><T71/><D71/><U55/><E69/><V28/><F36/><W49/><G49/><N who="0" m="26791" /><D121/><U97/><REACH who="1" step="1"/><E61/><REACH who="1" ten="273,166,158,373" step="2"/><V2/><F2/><W66/><AGARI ba="2,3" hai="65,66,67,85,86" m="5226,50218,1545" machi="66" ten="40,5200,0" yaku="28,2,19,1" doraHai="78" who="3" fromWho="3" sc="273,-15,166,-15,158,-28,373,88" /><INIT seed="7,0,0,0,4,20" ten="258,151,130,461" oya="3" hai0="98,22,6,104,75,80,73,25,132,74,50,84,46" hai1="60,71,131,62,129,120,122,64,36,70,4,78,119" hai2="33,49,88,31,9,97,116,101,52,124,11,103,134" hai3="125,107,16,2,17,130,1,133,128,40,126,77,85"/><W10/><G107/><T19/><D6/><U7/><E78/><V21/><F33/><W69/><G69/><N who="1" m="26122" /><E36/><V3/><F116/><W72/><G72/><T44/><D132/><U109/><E119/><V38/><F124/><W106/><G128/><N who="1" m="49226" /><E109/><V12/><F134/><W118/><G10/><N who="2" m="3593" /><F3/><W112/><G85/><T110/><D110/><U41/><E41/><V94/><F38/><W35/><G77/><T117/><D117/><U0/><E0/><V5/><F5/><N who="1" m="2121" /><E62/><V45/><F31/><W100/><G40/><T61/><D61/><U135/><E135/><V121/><F121/><W58/><G118/><T56/><D74/><U65/><E60/><V47/><F47/><W63/><G58/><T89/><D46/><U81/><E81/><V83/><F83/><W30/><G63/><T82/><D56/><U32/><E32/><V39/><F39/><W66/><G126/><T111/><D82/><U8/><E8/><V59/><F45/><W108/><G66/><AGARI ba="0,0" hai="64,65,66,120,122" m="2121,49226,26122" machi="66" ten="40,5200,0" yaku="28,2,19,1" doraHai="20" who="1" fromWho="3" sc="258,0,151,52,130,0,461,-52" owari="258,5.8,203,-19.7,130,-37.0,409,50.9" /></mjloggm>