<mjloggm ver="2.3"><GO type="169" lobby="0"/><UN n0="%E3%81%A5%E3%81%8B%E5%AD%90" n1="%E4%BA%8C%E9%9A%8E%E5%A0%82%E7%9C%9F%E7%B4%85%E3%81%A1%E3%82%83%E3%82%93" n2="%E4%B9%9D%E7%B4%8B%E9%BE%8D%E5%8F%B2%E9%80%B2" n3="%52%65%61%6C%58" dan="16,16,19,16" rate="2136.49,2162.66,2293.80,2185.25" sx="M,M,M,F"/><TAIKYOKU oya="0"/><INIT seed="0,0,0,2,3,128" ten="250,250,250,250" oya="0" hai0="17,105,133,5,127,131,42,50,85,44,96,52,90" hai1="25,61,29,80,125,22,51,56,70,119,75,122,117" hai2="82,54,16,69,76,40,1,49,33,12,58,3,72" hai3="112,46,108,71,130,93,79,109,91,2,120,24,14"/><T30/><D131/><U45/><E122/><V83/><F33/><W103/><G71/><T55/><D127/><U21/><E70/><V132/><F132/><W9/><G2/><T116/><D116/><U20/><E125/><V124/><F124/><W47/><G112/><T123/><D123/><U66/><E75/><V111/><F111/><W101/><G130/><T118/><D118/><U6/><E6/><V113/><F113/><W7/><G79/><T4/><D30/><U77/><E119/><V13/><F69/><W64/><G64/><T27/><D133/><U97/><E117/><V34/><F34/><W41/><G24/><T115/><D115/><U110/><E110/><N who="3" m="42602" /><G120/><T114/><D114/><U73/><REACH who="1" step="1"/><E97/><REACH who="1" ten="250,240,250,250" step="2"/><V135/><F135/><W59/><G59/><T78/><D96/><U63/><E63/><V37/><F58/><W88/><G47/><T38/><D44/><U65/><E65/><V134/><F134/><W84/><G91/><T89/><D89/><U48/><E48/><AGARI ba="0,1" hai="7,9,14,41,46,48,84,88,93,101,103" m="42602" machi="48" ten="30,2000,0" yaku="14,1,54,1" doraHai="128" who="3" fromWho="1" sc="250,0,240,-20,250,0,250,30" /><INIT seed="1,0,0,1,4,132" ten="250,220,250,280" oya="1" hai0="101,88,52,116,105,54,115,120,50,113,100,25,7" hai1="83,18,47,131,106,73,1,118,90,69,36,84,92" hai2="13,80,37,75,77,58,53,63,119,79,22,85,94" hai3="89,66,33,123,20,12,96,45,17,4,128,99,56"/><U91/><E69/><V19/><F119/><W121/><G33/><T39/><D116/><U49/><E36/><V26/><F37/><W98/><G128/><T111/><D39/><U2/><E118/><V8/><F94/><W76/><G76/><T97/><D111/><U38/><E38/><V23/><F75/><W42/><G4/><T125/><D120/><U62/><E62/><V28/><REACH who="2" step="1"/><F79/><REACH who="2" ten="250,220,240,280" step="2"/><W112/><G121/><T59/><D113/><U35/><E73/><V29/><F29/><W44/><G112/><T109/><D115/><U103/><E92/><V110/><F110/><W102/><G123/><T108/><D108/><U126/><E106/><V51/><F51/><W93/><G102/><T31/><D109/><U74/><E103/><V55/><F55/><W27/><G42/><T81/><D101/><U117/><E74/><V87/><F87/><W71/><G93/><T78/><D54/><U64/><E49/><V32/><AGARI ba="0,1" hai="8,13,19,22,23,26,28,32,53,58,63,77,80,85" machi="32" ten="20,5200,0" yaku="1,1,0,1,7,1,53,1" doraHai="132" doraHaiUra="14" who="2" fromWho="2" sc="250,-13,220,-26,240,62,280,-13" /><INIT seed="2,0,0,2,3,5" ten="237,194,302,267" oya="2" hai0="26,118,64,111,78,67,104,125,82,52,73,97,135" hai1="43,101,62,47,14,33,115,92,51,108,28,21,48" hai2="89,12,4,17,24,10,74,58,36,8,88,126,95" hai3="42,123,103,127,30,134,49,3,34,106,22,116,86"/><V100/><F36/><W50/><G123/><T109/><D125/><U81/><E33/><V110/><F74/><W18/><G116/><T71/><D135/><U16/><E115/><V129/><F126/><W46/><G127/><T55/><D118/><U83/><E108/><N who="0" m="41545" /><D26/><U63/><E28/><V25/><F110/><W94/><G3/><T44/><D44/><U102/><E51/><V75/><F75/><W80/><G106/><T20/><D20/><U120/><E120/><V114/><F114/><W70/><G70/><T29/><D29/><U7/><E7/><V107/><F129/><W9/><G134/><T38/><D38/><U6/><E6/><V96/><F58/><W66/><G66/><N who="0" m="25131" /><D71/><U65/><E63/><V91/><REACH who="2" step="1"/><F107/><REACH who="2" ten="237,194,292,267" step="2"/><W0/><G34/><T119/><D119/><U1/><E1/><AGARI ba="0,1" hai="1,4,8,10,12,17,24,25,88,89,91,95,96,100" machi="1" ten="40,12000,1" yaku="1,1,2,1,52,2,54,1,53,0" doraHai="5" doraHaiUra="131" who="2" fromWho="1" sc="237,0,194,-120,292,130,267,0" /><INIT seed="2,1,0,5,3,16" ten="237,74,422,267" oya="2" hai0="89,40,114,30,134,106,3,6,37,92,88,46,75" hai1="83,119,53,87,10,112,122,61,126,59,67,25,104" hai2="58,123,38,56,115,124,108,65,47,18,62,28,49" hai3="86,63,22,71,125,84,33,64,51,105,107,73,66"/><V0/><F0/><W91/><G73/><T4/><D114/><U95/><E104/><V13/><F115/><W41/><G33/><T12/><D106/><U19/><E119/><V48/><F123/><W24/><G125/><T2/><D75/><U45/><E126/><V50/><F124/><W32/><G32/><T60/><D134/><U57/><E122/><V120/><F28/><W81/><G66/><T80/><D30/><U26/><E95/><V94/><F120/><W17/><REACH who="3" step="1"/><G86/><REACH who="3" ten="237,74,422,257" step="2"/><T116/><D116/><U74/><E74/><V127/><F127/><W79/><G79/><T118/><D118/><U72/><E72/><V27/><F65/><W21/><G21/><T69/><D2/><U34/><E34/><V14/><F108/><W55/><G55/><T29/><D3/><U76/><E112/><V90/><F58/><W42/><G42/><T9/><D40/><U68/><E68/><V70/><F56/><W54/><G54/><T132/><D69/><U121/><E121/><V20/><F70/><W131/><G131/><T7/><D132/><U97/><E45/><AGARI ba="1,1" hai="17,22,24,41,45,51,63,64,71,81,84,91,105,107" machi="45" ten="40,2600,0" yaku="1,1,52,1,53,0" doraHai="16" doraHaiUra="111" who="3" fromWho="1" sc="237,0,74,-29,422,0,257,39" /><INIT seed="3,0,0,5,5,43" ten="237,45,422,296" oya="3" hai0="85,76,67,110,128,17,101,27,65,11,44,98,39" hai1="8,45,40,94,109,75,2,36,117,79,113,3,29" hai2="96,63,131,24,118,108,13,26,66,103,53,124,127" hai3="71,51,107,69,47,91,25,33,116,52,20,123,62"/><W22/><G123/><T129/><D110/><U55/><E113/><V95/><F108/><W122/><G122/><T15/><D27/><U121/><E109/><V9/><F118/><W114/><G114/><T42/><D76/><U31/><E3/><V30/><F53/><W49/><G107/><T119/><D85/><U5/><E121/><V1/><F1/><W84/><G51/><T46/><D119/><U10/><E10/><V41/><F41/><W32/><G20/><T18/><D18/><U68/><E68/><V106/><F131/><W87/><G87/><T0/><D0/><U70/><E70/><N who="2" m="42335" /><F95/><W7/><G7/><T93/><REACH who="0" step="1"/><D44/><REACH who="0" ten="227,45,422,296" step="2"/><U135/><E117/><V126/><F30/><W134/><G116/><T125/><D125/><U81/><E135/><V97/><F96/><W78/><G78/><T21/><D21/><U73/><E73/><V58/><F58/><W16/><G134/><T12/><D12/><U77/><E77/><V54/><F26/><W28/><G71/><T80/><D80/><U133/><E133/><V34/><F24/><W99/><G99/><T104/><D104/><U57/><REACH who="1" step="1"/><E94/><REACH who="1" ten="227,35,422,296" step="2"/><V83/><F127/><W111/><G111/><T23/><D23/><U74/><E74/><V60/><F126/><W90/><G33/><T37/><D37/><U38/><E38/><V130/><F34/><W64/><G84/><T72/><D72/><U56/><E56/><N who="2" m="34839" /><F124/><W100/><G32/><T82/><D82/><U92/><E92/><V88/><F83/><W105/><G28/><T6/><D6/><U19/><E19/><V48/><F106/><RYUUKYOKU ba="0,2" sc="227,10,35,10,422,-30,296,10" hai0="11,15,17,39,42,46,65,67,93,98,101,128,129" hai1="2,5,8,29,31,36,40,45,55,57,75,79,81" hai3="16,22,25,47,49,52,62,64,69,90,91,100,105" /><INIT seed="3,1,2,3,0,78" ten="237,45,392,306" oya="3" hai0="121,111,129,59,10,134,19,4,135,33,50,74,70" hai1="131,133,79,51,30,116,76,104,91,122,89,56,29" hai2="44,62,57,53,125,132,97,120,126,17,24,75,100" hai3="22,3,0,61,65,105,77,46,35,117,16,106,94"/><W6/><G117/><T68/><D121/><U20/><E104/><V84/><F75/><W31/><G77/><N who="1" m="29770" /><E122/><V42/><F120/><W98/><G46/><T112/><D112/><U67/><E133/><N who="0" m="50697" /><D74/><U18/><E131/><V128/><F132/><W109/><G109/><T43/><D129/><U127/><E127/><N who="2" m="48651" /><F84/><W48/><G48/><T14/><D33/><U34/><E34/><V23/><F128/><W123/><G123/><T60/><D111/><U101/><E101/><V21/><F17/><W47/><G47/><N who="0" m="25983" /><D4/><U115/><E115/><V113/><F24/><W8/><G0/><T90/><D90/><N who="1" m="34315" /><E116/><V72/><F72/><W110/><G110/><T28/><D28/><U58/><E51/><N who="2" m="27031" /><F113/><W7/><G7/><T108/><D108/><U5/><E5/><V124/><F124/><W69/><G31/><N who="1" m="11786" /><E67/><AGARI ba="1,2" hai="10,14,19,59,60,67,68,70" m="25983,50697" machi="67" ten="30,1000,0" yaku="20,1" doraHai="78" who="0" fromWho="1" sc="237,33,45,-13,392,0,306,0" /><INIT seed="4,0,0,2,5,76" ten="270,32,392,306" oya="0" hai0="73,29,24,89,70,59,91,75,113,20,131,71,33" hai1="56,132,86,12,102,90,40,42,100,37,9,117,130" hai2="82,106,85,114,17,52,77,92,28,95,122,5,61" hai3="96,27,134,2,68,105,51,87,8,64,53,119,135"/><T46/><D113/><U79/><E117/><V14/><F122/><W126/><G119/><T65/><D131/><U107/><E132/><V111/><F111/><W101/><G126/><T41/><D59/><U1/><E1/><V84/><F106/><W103/><G103/><T60/><D70/><U99/><E102/><V55/><F114/><W32/><G64/><T21/><D73/><U81/><E130/><V35/><F5/><W128/><G128/><T129/><D75/><U120/><E120/><V72/><F28/><W62/><G8/><T123/><D123/><U78/><E56/><V63/><F35/><W97/><G97/><T19/><D129/><U36/><E42/><V116/><F72/><W44/><G2/><T4/><D4/><U11/><E11/><N who="2" m="6367" /><F116/><W3/><G3/><T39/><REACH who="0" step="1"/><D33/><REACH who="0" ten="260,32,392,306" step="2"/><U25/><E25/><AGARI ba="0,1" hai="19,20,21,24,25,29,39,41,46,60,65,71,89,91" machi="25" ten="30,5800,0" yaku="1,1,2,1,7,1,53,0" doraHai="76" doraHaiUra="7" who="0" fromWho="1" sc="260,68,32,-58,392,0,306,0" owari="328,12.8,-26,-52.6,392,49.2,306,-9.4" /></mjloggm>