<mjloggm ver="2.3"><GO type="225" lobby="0"/><UN n0="%E3%83%96%E3%83%83%E3%83%91%E3%82%AA%E3%83%96%E3%83%81%E3%82%AD%E3%83%B3" n1="%E3%82%BC%E3%83%AB%E3%83%80%E3%81%AE%E4%BC%9D%E8%AA%AC" n2="%E3%81%BF%E3%81%BF%E3%81%9A" n3="%E4%BF%BA%E3%81%A8%E5%A6%96%E5%A4%A2" dan="16,17,17,16" rate="2134.33,2149.26,2230.54,2118.61" sx="M,M,M,F"/><TAIKYOKU oya="0"/><INIT seed="0,0,0,0,0,44" ten="250,250,250,250" oya="0" hai0="132,61,115,48,37,103,50,6,20,63,70,55,90" hai1="40,102,111,3,99,92,1,71,72,127,114,17,129" hai2="43,105,101,57,7,2,62,91,54,134,23,35,13" hai3="45,39,82,67,41,34,4,83,120,31,113,52,28"/><T46/><D115/><U51/><E71/><V80/><F35/><W77/><G113/><T93/><D37/><U119/><E114/><V96/><F134/><W56/><G120/><T33/><D33/><U76/><E119/><V81/><F2/><W97/><G34/><T84/><D132/><U21/><E111/><V94/><F43/><W26/><G26/><T59/><D70/><U108/><E108/><V0/><F0/><W78/><G4/><T19/><D103/><U116/><E116/><V130/><F130/><W124/><G124/><T118/><D6/><U109/><E109/><V85/><F7/><W49/><G97/><T86/><D86/><U75/><E127/><V74/><F74/><W8/><G8/><T107/><D107/><U24/><E129/><V88/><F91/><W65/><G82/><T58/><D118/><U64/><E64/><V104/><REACH who="2" step="1"/><F105/><REACH who="2" ten="250,250,240,250" step="2"/><W53/><G77/><T15/><D59/><U32/><E32/><V11/><F11/><W98/><G56/><T16/><D19/><AGARI ba="0,1" hai="13,19,23,54,57,62,80,81,85,88,94,96,101,104" machi="19" ten="40,2600,0" yaku="1,1,54,1,53,0" doraHai="44" doraHaiUra="126" who="2" fromWho="0" sc="250,-26,250,0,240,36,250,0" /><INIT seed="1,0,0,4,1,11" ten="224,250,276,250" oya="1" hai0="95,97,8,17,99,52,29,12,123,51,35,120,0" hai1="5,122,131,45,18,57,71,6,128,81,40,13,127" hai2="46,20,111,126,67,65,4,108,116,112,66,1,69" hai3="124,47,7,58,129,9,22,130,10,70,134,135,44"/><U78/><E71/><V32/><F116/><W96/><G70/><T61/><D61/><U133/><E122/><N who="0" m="46633" /><D0/><U86/><E127/><V85/><F32/><W105/><G58/><N who="0" m="33055" /><D95/><U30/><E30/><V63/><F126/><W79/><G79/><T33/><D33/><U91/><E133/><N who="3" m="50698" /><G124/><T101/><D101/><U24/><E24/><AGARI ba="0,0" hai="8,12,17,24,29,35,97,99" m="33055,46633" machi="24" ten="30,3900,0" yaku="13,1,52,1,54,1" doraHai="11" who="0" fromWho="1" sc="224,39,250,-39,276,0,250,0" /><INIT seed="2,0,0,4,0,56" ten="263,211,276,250" oya="2" hai0="128,53,94,93,0,64,117,86,84,69,112,83,43" hai1="25,27,35,105,1,16,38,3,36,104,52,48,73" hai2="60,12,47,121,114,63,21,54,20,44,131,37,130" hai3="108,7,74,55,32,5,40,82,46,123,101,87,62"/><V10/><F114/><W2/><G2/><BYE who="3" /><T96/><D0/><U80/><E73/><V66/><F121/><W135/><G135/><T98/><D43/><U120/><E120/><V119/><F119/><W115/><G115/><T68/><D53/><U39/><E80/><V124/><F124/><W85/><G85/><T132/><D112/><U58/><E3/><V116/><F116/><W57/><G57/><T65/><D117/><U59/><E1/><V100/><F100/><W9/><G9/><T61/><D132/><U102/><E102/><V15/><F66/><W4/><G4/><T77/><D128/><N who="2" m="49194" /><F54/><W49/><G49/><T72/><D72/><UN n3="%E4%BF%BA%E3%81%A8%E5%A6%96%E5%A4%A2" /><U103/><E103/><V91/><F91/><W113/><G32/><T90/><REACH who="0" step="1"/><D94/><REACH who="0" ten="253,211,276,250" step="2"/><U31/><REACH who="1" step="1"/><E58/><REACH who="1" ten="253,201,276,250" step="2"/><V134/><F134/><W78/><G113/><T106/><D106/><U71/><E71/><V33/><F44/><W75/><G46/><T6/><D6/><U111/><E111/><V30/><F47/><W129/><G108/><T45/><D45/><U34/><E34/><V42/><F42/><W8/><G129/><T118/><D118/><U70/><E70/><V97/><F33/><W107/><G40/><T18/><D18/><U99/><E99/><V126/><F97/><N who="3" m="61871" /><G123/><T19/><D19/><U13/><E13/><V67/><F15/><N who="3" m="5519" /><G7/><T22/><D22/><AGARI ba="0,2" hai="16,22,25,27,31,35,36,38,39,48,52,59,104,105" machi="22" ten="40,5200,0" yaku="1,1,54,2,53,0" doraHai="56" doraHaiUra="125" who="1" fromWho="0" sc="253,-52,201,72,276,0,250,0" /><INIT seed="3,0,0,1,3,64" ten="201,273,276,250" oya="3" hai0="25,123,102,21,70,68,121,43,12,8,22,131,28" hai1="65,76,113,30,132,74,18,42,130,6,15,26,126" hai2="2,67,19,122,51,99,119,115,60,24,23,124,127" hai3="13,120,16,52,134,45,101,112,57,105,29,111,94"/><W86/><G112/><T36/><D22/><U50/><E113/><V35/><F115/><W14/><G120/><T33/><D21/><U117/><E6/><V49/><F119/><W109/><G29/><T58/><D102/><U17/><E117/><V56/><F2/><W129/><G129/><T72/><D58/><U63/><E130/><V83/><F122/><N who="0" m="46602" /><D12/><U75/><E126/><N who="2" m="48171" /><F99/><N who="3" m="61631" /><G13/><T107/><D131/><U40/><E76/><V0/><F0/><W89/><G45/><N who="0" m="23783" /><D107/><U11/><E18/><V91/><F35/><W62/><G62/><T10/><D10/><U98/><E50/><V71/><F56/><W108/><G134/><T34/><D8/><U53/><E132/><V69/><F69/><N who="0" m="26730" /><D34/><U92/><E11/><V110/><F49/><N who="3" m="30863" /><G14/><T118/><D118/><U84/><E15/><V5/><F51/><W32/><G32/><T128/><D128/><U103/><E17/><AGARI ba="0,0" hai="16,17,86,89,94,108,109,111" m="30863,61631" machi="17" ten="30,11600,0" yaku="14,1,10,1,54,2" doraHai="64" who="3" fromWho="1" sc="201,0,273,-116,276,0,250,116" owari="201,-19.9,157,-34.3,276,7.6,366,46.6" /></mjloggm>