<mjloggm ver="2.3"><GO type="169" lobby="0"/><UN n0="%6B%61%74%65%72%69%6E%61" n1="%68%61%79%61%74%6F%E2%98%86" n2="%E3%83%94%E3%83%B3%E3%82%B5%E3%83%AD%E5%BA%97%E5%93%A1" n3="%E3%83%9D%E3%83%B3%E3%81%98%E3%81%84%E3%81%95%E3%82%93" dan="17,16,17,16" rate="2243.28,2071.45,2254.20,2105.69" sx="M,M,M,F"/><TAIKYOKU oya="0"/><INIT seed="0,0,0,2,1,68" ten="250,250,250,250" oya="0" hai0="83,135,21,4,22,92,12,19,106,43,104,3,95" hai1="54,88,63,73,64,96,58,24,82,72,97,133,79" hai2="10,42,108,126,44,37,40,71,81,66,103,62,89" hai3="78,57,65,8,123,47,60,118,84,50,39,111,129"/><T67/><D135/><U124/><E124/><V91/><F126/><W109/><G118/><T53/><D67/><U20/><E133/><V115/><F115/><W120/><G78/><T132/><D132/><U114/><E114/><V41/><F108/><N who="3" m="41547" /><G84/><T16/><D83/><U9/><E9/><V107/><F10/><W119/><G119/><T131/><D131/><U7/><E7/><V2/><F2/><W34/><G34/><T14/><D53/><U122/><E122/><N who="3" m="46634" /><G8/><T23/><D43/><U56/><E72/><V25/><F25/><W26/><G26/><T29/><D23/><U87/><E79/><V45/><F42/><N who="3" m="23007" /><G50/><T121/><D121/><U90/><E73/><V77/><F77/><W113/><G113/><T59/><D29/><N who="1" m="17543" /><E90/><V31/><F31/><W17/><G17/><T38/><D4/><U93/><E82/><V76/><F76/><W6/><G6/><T117/><D117/><U110/><E110/><V32/><F32/><W18/><G18/><T116/><D116/><U0/><E0/><V46/><F81/><W70/><G129/><T51/><D3/><U11/><E11/><V86/><F86/><W125/><G125/><T80/><D80/><U30/><E30/><V61/><F91/><W69/><AGARI ba="0,0" hai="57,60,65,69,70" m="23007,46634,41547" machi="69" ten="40,8000,1" yaku="14,1,13,1,34,2,52,1" doraHai="68" who="3" fromWho="3" sc="250,-40,250,-20,250,-20,250,80" /><INIT seed="1,0,0,5,1,70" ten="210,230,230,330" oya="1" hai0="61,96,125,105,25,104,12,37,45,100,127,35,86" hai1="32,73,18,15,109,102,1,52,10,3,11,101,48" hai2="28,0,123,71,88,68,112,30,7,131,17,78,113" hai3="4,98,115,64,58,67,56,40,81,54,106,33,82"/><U24/><E73/><V38/><F123/><W97/><G33/><T126/><D86/><U119/><E119/><V89/><F78/><W99/><G106/><T44/><D12/><U2/><E109/><V29/><F131/><W69/><G69/><N who="2" m="26697" /><F17/><W107/><G107/><N who="0" m="63879" /><D45/><U20/><E32/><V63/><F63/><W103/><G103/><T34/><D61/><U117/><E117/><V110/><F110/><W9/><G58/><T129/><D35/><U51/><E51/><V27/><F27/><W95/><G95/><T55/><D55/><U108/><E108/><V90/><F7/><W135/><G56/><T74/><D74/><U13/><E15/><V83/><F83/><W5/><G54/><T19/><D129/><U87/><E87/><V120/><F120/><W8/><G98/><T91/><D91/><U77/><E77/><V31/><N who="2" m="7168" /><DORA hai="6" /><V62/><F62/><W41/><REACH who="3" step="1"/><G135/><REACH who="3" ten="210,230,230,320" step="2"/><T92/><D92/><U76/><E102/><V130/><F130/><W65/><G65/><T114/><D34/><U122/><E101/><V111/><F111/><W84/><G84/><T79/><D105/><U50/><E122/><V21/><F112/><AGARI ba="0,1" hai="4,5,8,9,40,41,64,67,81,82,97,99,112,115" machi="112" ten="25,12000,2" yaku="1,1,22,2,52,2,53,2" doraHai="70,6" doraHaiUra="36,121" who="3" fromWho="2" sc="210,0,230,0,230,-120,320,130" /><INIT seed="2,0,0,2,3,130" ten="210,230,110,450" oya="2" hai0="30,103,128,108,73,67,114,120,19,57,17,38,104" hai1="86,121,123,105,80,27,13,91,64,119,9,135,34" hai2="122,124,69,12,56,6,110,95,96,33,125,1,49" hai3="5,129,133,18,102,20,4,109,62,87,92,98,14"/><V47/><F122/><N who="1" m="46601" /><E119/><V82/><F69/><W100/><G109/><T65/><D120/><U52/><E105/><V115/><F115/><W85/><G129/><T28/><D114/><U63/><E34/><V134/><F33/><W70/><G102/><T25/><D128/><U54/><E27/><V60/><F1/><W127/><G87/><T40/><D73/><U10/><E10/><V31/><F31/><W90/><G127/><N who="2" m="48713" /><F82/><W24/><G24/><T44/><D30/><U84/><E84/><V39/><F39/><W36/><G36/><T59/><D108/><U7/><E135/><V66/><F110/><W106/><G133/><T32/><D59/><AGARI ba="0,0" hai="7,9,13,52,54,59,63,64,80,86,91" m="46601" machi="59" ten="30,2000,0" yaku="13,1,54,1" doraHai="130" who="1" fromWho="0" sc="210,-20,230,20,110,0,450,0" /><INIT seed="3,0,0,3,5,110" ten="190,250,110,450" oya="3" hai0="66,76,123,127,53,105,62,8,93,37,106,97,75" hai1="69,133,54,5,50,51,81,24,32,131,108,125,135" hai2="126,72,26,49,71,61,10,94,33,77,122,95,35" hai3="89,4,47,11,59,19,63,52,28,104,9,132,101"/><W60/><G132/><T120/><D37/><U117/><E5/><V38/><F38/><W88/><G28/><T119/><D119/><U41/><E81/><V14/><F126/><W56/><G104/><T112/><D127/><U18/><E18/><V73/><F122/><W48/><G101/><T111/><D111/><U40/><E24/><V23/><F49/><W30/><G30/><T12/><D53/><U107/><E32/><V124/><F124/><W0/><G19/><T84/><D75/><U7/><E7/><V17/><F35/><W65/><REACH who="3" step="1"/><G11/><REACH who="3" ten="190,250,110,440" step="2"/><T118/><D106/><U67/><E107/><V6/><F33/><W90/><G90/><T74/><D105/><U100/><E100/><V113/><F10/><W20/><G20/><T87/><D8/><U116/><E125/><V29/><F17/><W134/><G134/><T130/><D123/><U16/><E16/><V55/><F23/><W115/><G115/><T99/><D112/><U102/><E102/><V46/><F29/><W25/><G25/><T27/><D27/><U83/><E108/><V13/><F113/><W79/><G79/><T70/><D76/><U80/><E133/><V68/><F77/><W86/><G86/><T34/><D87/><U1/><E135/><V21/><F21/><W36/><G36/><T42/><D84/><U3/><E117/><V78/><F78/><W45/><G45/><T2/><D120/><U43/><E116/><V109/><F46/><W85/><G85/><T39/><D118/><U114/><E114/><V15/><F26/><W58/><G58/><T57/><D57/><RYUUKYOKU ba="0,1" sc="190,-10,250,-10,110,-10,440,30" hai3="0,4,9,47,48,52,56,59,60,63,65,88,89" /><INIT seed="3,1,1,2,5,43" ten="180,240,100,470" oya="3" hai0="46,124,52,111,135,5,110,27,103,19,129,30,21" hai1="84,9,38,3,74,42,107,90,28,26,41,62,93" hai2="89,101,0,58,12,6,57,70,126,130,39,85,131" hai3="36,79,29,50,32,82,53,8,63,25,128,1,109"/><W47/><G128/><N who="2" m="49193" /><F70/><W33/><G109/><N who="0" m="41483" /><D129/><U76/><E107/><V88/><F0/><W16/><G36/><T18/><D135/><U100/><E100/><V31/><F126/><W125/><G125/><T75/><D75/><U65/><E76/><V121/><F121/><W72/><G63/><T86/><D124/><U106/><E106/><V11/><F101/><W51/><G51/><N who="0" m="28791" /><D103/><U92/><E92/><N who="2" m="54287" /><F39/><W34/><REACH who="3" step="1"/><G1/><REACH who="3" ten="180,240,100,460" step="2"/><T134/><D134/><U59/><E38/><V91/><F31/><W60/><G60/><T95/><D5/><U44/><E3/><V127/><F127/><W114/><G114/><T96/><D30/><U45/><E28/><V69/><F69/><W23/><G23/><T61/><D61/><U105/><E62/><V7/><F7/><W37/><G37/><T118/><D18/><U14/><E14/><AGARI ba="1,2" hai="8,14,16,25,29,32,33,34,47,50,53,72,79,82" machi="14" ten="40,7700,0" yaku="1,1,52,1,54,1,53,0" doraHai="43" doraHaiUra="17" who="3" fromWho="1" sc="180,0,240,-80,100,0,460,100" /><INIT seed="3,2,0,4,3,4" ten="180,160,100,560" oya="3" hai0="13,0,66,132,97,78,54,49,58,98,44,103,31" hai1="24,17,27,56,113,34,82,96,19,115,55,119,7" hai2="73,77,134,52,28,94,6,105,86,135,111,37,67" hai3="93,102,107,9,118,91,60,50,57,22,43,20,109"/><W130/><G118/><T26/><D0/><U59/><E119/><V80/><F111/><W122/><G130/><T131/><D131/><U8/><E82/><V88/><F37/><W14/><G102/><T68/><D68/><U83/><E83/><V16/><F67/><W12/><G107/><T117/><D117/><U38/><E38/><V75/><F28/><W45/><G14/><T99/><D132/><N who="2" m="50730" /><F6/><W33/><G33/><T121/><D121/><U61/><E96/><N who="2" m="57415" /><F105/><W124/><G109/><T35/><D78/><U95/><E34/><V53/><F16/><W32/><G32/><T104/><D13/><U76/><E76/><V92/><F92/><W46/><G93/><T11/><D11/><U65/><E95/><V74/><AGARI ba="2,0" hai="52,53,73,74,75,77,80,86" m="57415,50730" machi="74" ten="40,5200,0" yaku="20,1,54,2" doraHai="4" who="2" fromWho="2" sc="180,-15,160,-15,100,58,560,-28" /><INIT seed="4,0,0,4,4,119" ten="165,145,158,532" oya="0" hai0="109,67,18,40,76,75,97,12,103,70,85,9,63" hai1="58,96,11,91,55,130,4,23,128,50,0,107,33" hai2="65,35,87,82,83,8,27,90,30,45,117,56,64" hai3="43,124,105,44,16,112,54,19,95,51,14,21,81"/><T127/><D127/><U32/><E91/><V101/><F117/><W110/><G105/><T134/><D134/><U113/><E23/><V100/><F45/><W22/><G110/><T106/><D109/><U62/><E113/><V115/><F115/><W129/><G129/><N who="1" m="49770" /><E62/><V5/><F83/><W132/><G132/><T15/><D40/><U135/><E135/><V133/><F133/><W57/><G124/><T41/><D41/><U47/><E47/><V111/><F111/><W6/><G6/><T99/><D99/><U49/><E49/><V29/><F29/><W46/><G112/><T104/><D75/><U122/><E122/><V31/><F31/><W34/><G34/><T39/><D39/><U1/><E1/><V78/><F90/><W13/><G95/><T25/><D25/><U61/><E61/><V74/><F74/><W3/><G3/><T79/><D104/><U77/><E77/><V66/><REACH who="2" step="1"/><F56/><REACH who="2" ten="165,145,148,532" step="2"/><W10/><G46/><T80/><D79/><U52/><E58/><V7/><F7/><W42/><G81/><T28/><D28/><U131/><E4/><V73/><F73/><W120/><G43/><T68/><D68/><U126/><E131/><V123/><F123/><W102/><G120/><T84/><D80/><U121/><E121/><V98/><F98/><W59/><G102/><T72/><D72/><U69/><E96/><V20/><F20/><W88/><G22/><N who="0" m="11591" /><D76/><U2/><E126/><V89/><F89/><W92/><G42/><T118/><D118/><U94/><E33/><V86/><F86/><AGARI ba="0,1" hai="10,13,14,16,19,21,44,51,54,57,59,86,88,92" machi="86" ten="30,7700,0" yaku="7,1,8,1,54,2" doraHai="119" who="3" fromWho="2" sc="165,0,145,0,148,-77,532,87" /><INIT seed="5,0,0,0,0,127" ten="165,145,71,619" oya="1" hai0="40,47,88,75,69,82,101,91,42,45,130,73,97" hai1="98,23,66,61,57,32,83,5,100,86,24,102,2" hai2="94,44,89,30,38,131,125,4,0,93,71,68,64" hai3="120,118,31,72,52,18,124,107,134,78,119,114,135"/><U9/><E32/><V113/><F125/><W95/><G107/><T115/><D69/><U51/><E51/><V58/><F30/><W104/><G104/><T25/><D115/><U33/><E33/><V79/><F79/><W92/><G31/><T20/><D130/><U22/><E24/><V110/><F110/><W123/><G18/><T129/><D129/><U21/><REACH who="1" step="1"/><E98/><REACH who="1" ten="165,135,71,619" step="2"/><V74/><F131/><W49/><G124/><T46/><D97/><U27/><E27/><V84/><F113/><W15/><G114/><T60/><D25/><U70/><E70/><V7/><F68/><W132/><G132/><T1/><D42/><U108/><E108/><V133/><F71/><W85/><G135/><T59/><D40/><U55/><E55/><V65/><F133/><W128/><G52/><T29/><D29/><U19/><E19/><V37/><F64/><W56/><G128/><T16/><D16/><U12/><E12/><V10/><F65/><W8/><G15/><T48/><D48/><U3/><E3/><V50/><F50/><W87/><G49/><T63/><D1/><U99/><E99/><V105/><F0/><W14/><G14/><T43/><D43/><U26/><E26/><V117/><F37/><W54/><G134/><T77/><D47/><U35/><E35/><V106/><F44/><W39/><G54/><T41/><D46/><U103/><E103/><V96/><F96/><W121/><G39/><T81/><D45/><U11/><E11/><V116/><F10/><W80/><G8/><T126/><D41/><U62/><E62/><V76/><F38/><RYUUKYOKU ba="0,1" sc="165,-10,135,30,71,-10,619,-10" hai1="2,5,9,21,22,23,57,61,66,83,86,100,102" /><INIT seed="5,1,1,2,0,132" ten="155,165,61,609" oya="1" hai0="50,101,81,19,109,27,59,86,17,62,129,115,8" hai1="92,38,16,80,1,75,28,37,57,49,7,69,74" hai2="87,113,128,5,21,13,48,9,127,110,83,55,124" hai3="35,60,44,34,102,3,52,118,130,30,98,88,78"/><U84/><E84/><V11/><F110/><W134/><G3/><T0/><D109/><U56/><E56/><V15/><F128/><W68/><G78/><T93/><D129/><U43/><E43/><V64/><F21/><W36/><G134/><T66/><D115/><U107/><E107/><V135/><F64/><W70/><G88/><T14/><D0/><U112/><E112/><V54/><F135/><W71/><G118/><T47/><D93/><U91/><E91/><V122/><F122/><W65/><G35/><T58/><D101/><U23/><E23/><V105/><F105/><N who="3" m="63703" /><G52/><N who="0" m="29791" /><D58/><U42/><E69/><V22/><F22/><W32/><G32/><T45/><D45/><U82/><E57/><V63/><F63/><W103/><G103/><T6/><D27/><U123/><E92/><V126/><F113/><W18/><G18/><T12/><D12/><U4/><E1/><V114/><F114/><W67/><G67/><T77/><AGARI ba="1,1" hai="6,8,14,17,19,59,62,66,77,81,86" m="29791" machi="77" ten="30,2000,0" yaku="8,1,54,1" doraHai="132" who="0" fromWho="0" sc="155,33,165,-11,61,-6,609,-6" /><INIT seed="6,0,0,4,2,11" ten="188,154,55,603" oya="2" hai0="119,58,61,108,122,99,94,10,37,8,1,9,80" hai1="2,39,59,47,87,54,114,65,118,73,88,23,67" hai2="83,22,101,27,3,103,71,45,62,133,29,34,32" hai3="111,123,124,110,41,104,113,40,38,25,26,57,6"/><V36/><F3/><W129/><G104/><T33/><D108/><U53/><E118/><V63/><F133/><W60/><G123/><T30/><D122/><U15/><E73/><V109/><F109/><W81/><G6/><T121/><D121/><U98/><E2/><V84/><F36/><W17/><G113/><T100/><D37/><U112/><E98/><V44/><F71/><W126/><G129/><T69/><D69/><U20/><E39/><V42/><F34/><W5/><G5/><T102/><D119/><U97/><E97/><V19/><F32/><W18/><G38/><T24/><D80/><U95/><E53/><V7/><F7/><W55/><G81/><T16/><D1/><U92/><E92/><V48/><F44/><W49/><G49/><T0/><D0/><U46/><E23/><V12/><F29/><W35/><G35/><T70/><D70/><U116/><E116/><V127/><F27/><W86/><G55/><T43/><D43/><U68/><E68/><V125/><F125/><W78/><G60/><N who="2" m="23081" /><F127/><W82/><G57/><T134/><D134/><U51/><E114/><V107/><F107/><W4/><G4/><T130/><D130/><U105/><E105/><V131/><F131/><W120/><G120/><T77/><D33/><U56/><E112/><V64/><F64/><N who="1" m="24649" /><E59/><V115/><F115/><W50/><G126/><T106/><D30/><U76/><E76/><AGARI ba="0,0" hai="12,19,22,42,45,48,76,83,84,101,103" m="23081" machi="76" ten="30,2900,0" yaku="8,1,52,1" doraHai="11" who="2" fromWho="1" sc="188,0,154,-29,55,29,603,0" /><INIT seed="6,1,0,0,5,101" ten="188,125,84,603" oya="2" hai0="90,7,135,55,121,6,79,83,62,17,1,127,94" hai1="64,47,42,116,25,20,16,102,26,49,87,51,124" hai2="123,24,88,110,114,4,19,41,78,120,15,86,59" hai3="0,92,131,40,129,58,44,91,11,2,117,122,97"/><V107/><F114/><W56/><G117/><T103/><D121/><U35/><E116/><V21/><F110/><W65/><G122/><T109/><D109/><U76/><E124/><V53/><F78/><W8/><G2/><T71/><D127/><U60/><E102/><V134/><F134/><W45/><G45/><T34/><D135/><U118/><E118/><V81/><F41/><W18/><G11/><T36/><D36/><U100/><E100/><V61/><REACH who="2" step="1"/><F107/><REACH who="2" ten="188,125,74,603" step="2"/><W63/><G40/><T108/><D108/><U73/><E73/><V39/><F39/><W111/><G111/><T70/><D79/><U95/><E76/><V3/><F3/><W89/><G0/><T30/><D1/><U54/><E42/><V31/><F31/><W130/><G130/><T50/><D30/><U28/><E49/><V84/><F84/><W133/><G133/><T14/><D50/><U9/><E87/><V23/><F23/><W32/><G131/><T52/><D34/><U126/><E126/><V132/><F132/><W125/><G32/><T128/><D128/><U112/><E112/><V119/><F119/><W93/><G125/><T43/><D43/><U48/><E48/><V75/><F75/><W22/><G22/><T33/><D33/><U77/><E77/><V115/><F115/><W67/><G129/><T29/><D29/><U69/><E9/><AGARI ba="1,1" hai="4,9,15,19,21,24,53,59,61,81,86,88,120,123" machi="9" ten="40,3900,0" yaku="1,1,54,1,53,0" doraHai="101" doraHaiUra="38" who="2" fromWho="1" sc="188,0,125,-42,74,52,603,0" /><INIT seed="6,2,0,5,0,61" ten="188,83,126,603" oya="2" hai0="26,102,50,23,65,79,109,7,21,67,38,119,97" hai1="15,99,80,0,92,52,117,106,104,40,74,69,78" hai2="118,115,81,124,116,60,39,29,59,134,35,68,135" hai3="45,77,19,22,17,94,95,113,62,51,105,49,5"/><V112/><F81/><W108/><G105/><T89/><D38/><U14/><E0/><V18/><F18/><W123/><G108/><T84/><D109/><U32/><E117/><N who="2" m="45163" /><F29/><W111/><G111/><T128/><D119/><U132/><E32/><V31/><F31/><W129/><G5/><T114/><D79/><U75/><E75/><V3/><F35/><W93/><G123/><T25/><D7/><U28/><E28/><V121/><F3/><W125/><G51/><T133/><D50/><U42/><E132/><N who="2" m="50731" /><F121/><W64/><G19/><T33/><D133/><U53/><E104/><V12/><F12/><W103/><G17/><T44/><D33/><U48/><E106/><V57/><F39/><W86/><G22/><T76/><D76/><U34/><E34/><V37/><F37/><W85/><G77/><T63/><D26/><U131/><E15/><V101/><F101/><W126/><G103/><T20/><D25/><U43/><E14/><V1/><F1/><W6/><G6/><T30/><D30/><U70/><E131/><V120/><F120/><W82/><G95/><T58/><D128/><U54/><REACH who="1" step="1"/><E48/><REACH who="1" ten="188,73,126,603" step="2"/><V72/><F72/><W4/><G49/><T56/><D23/><U10/><E10/><V73/><F73/><W66/><G129/><T110/><D21/><U107/><E107/><V11/><F11/><W83/><G4/><T90/><D20/><U24/><E24/><V47/><F115/><W127/><G113/><T122/><D114/><U16/><E16/><V91/><F112/><W88/><G126/><T87/><D110/><U8/><E8/><RYUUKYOKU ba="2,1" sc="188,-10,73,30,126,-10,603,-10" hai1="40,42,43,52,53,54,69,70,74,78,80,92,99" /><INIT seed="7,3,1,2,1,99" ten="178,103,116,593" oya="3" hai0="49,132,75,105,15,10,26,53,73,64,104,28,91" hai1="69,3,6,71,13,51,72,87,50,80,93,67,90" hai2="25,123,113,77,128,8,92,74,29,76,110,52,14" hai3="112,116,81,129,0,43,62,119,101,79,39,32,84"/><W24/><G0/><T70/><D104/><U46/><E3/><V34/><F110/><W133/><G112/><T82/><D105/><U63/><E71/><V31/><F113/><W94/><G129/><T61/><D132/><U47/><E72/><V27/><F128/><W36/><G36/><T111/><D111/><U95/><E6/><V59/><F92/><W55/><G55/><T1/><D1/><U135/><E135/><V45/><F45/><W107/><G94/><T102/><D91/><U41/><E13/><V118/><F118/><W103/><G107/><T18/><D82/><U12/><E12/><V30/><F123/><W57/><G43/><AGARI ba="3,1" hai="41,43,46,47,50,51,63,67,69,80,87,90,93,95" machi="43" ten="30,2000,0" yaku="7,1,9,1" doraHai="99" who="1" fromWho="3" sc="178,0,103,39,116,0,593,-29" owari="178,-2.2,142,-25.8,116,-38.4,564,66.4" /></mjloggm>