<mjloggm ver="2.3"><GO type="169" lobby="0"/><UN n0="%69%6B%61%6D%6F%66%75%40" n1="%E3%81%91%E3%82%93%E3%81%9E%E3%83%BC%E3%83%99%E3%82%A4" n2="%E3%82%88%E3%81%86%E3%81%B8%E3%83%BC%58" n3="%48%61%6C%66%73" dan="17,16,17,17" rate="2218.28,2083.93,2235.29,2179.56" sx="M,M,M,M"/><TAIKYOKU oya="0"/><INIT seed="0,0,0,1,4,57" ten="250,250,250,250" oya="0" hai0="89,112,110,135,43,133,37,54,128,45,121,122,72" hai1="48,39,30,44,82,83,29,103,115,116,63,33,19" hai2="68,107,96,7,105,100,114,91,79,52,76,129,9" hai3="51,80,130,104,60,132,90,58,66,36,108,69,15"/><T73/><D112/><U102/><E116/><V28/><F114/><W46/><G104/><T13/><D128/><U1/><E39/><V20/><F129/><W88/><G130/><T84/><D54/><U85/><E1/><V74/><F107/><W31/><G108/><T120/><D13/><U127/><E127/><V50/><F68/><W55/><G132/><N who="0" m="50763" /><D110/><U11/><E82/><AGARI ba="0,0" hai="37,43,45,72,73,82,84,89,120,121,122" m="50763" machi="82" ten="40,2000,0" yaku="20,1" doraHai="57" who="0" fromWho="1" sc="250,20,250,-20,250,0,250,0" /><INIT seed="0,1,0,2,3,43" ten="270,230,250,250" oya="0" hai0="95,16,1,82,38,18,61,55,84,67,64,83,103" hai1="31,24,115,102,135,129,25,52,97,99,86,62,119" hai2="104,128,134,50,106,111,23,9,14,117,19,109,66" hai3="41,63,75,81,85,13,108,79,7,127,36,65,57"/><T54/><D38/><U51/><E119/><V131/><F66/><N who="0" m="25130" /><D1/><U110/><E62/><V8/><F117/><W40/><G108/><N who="2" m="41545" /><F134/><W15/><G127/><T30/><D30/><U22/><E135/><V118/><F118/><W59/><G75/><T10/><D82/><U28/><E129/><N who="2" m="49739" /><F50/><W17/><G36/><T0/><D0/><U2/><E2/><V90/><F90/><W113/><G59/><N who="0" m="35063" /><D55/><U122/><E122/><V73/><F73/><W27/><G113/><T44/><D10/><AGARI ba="1,0" hai="8,9,10,14,19,23,104,106" m="49739,41545" machi="10" ten="30,2000,0" yaku="14,1,19,1" doraHai="43" who="2" fromWho="0" sc="270,-23,230,0,250,23,250,0" /><INIT seed="1,0,0,5,0,24" ten="247,230,273,250" oya="1" hai0="28,58,1,27,20,94,133,54,123,0,89,112,53" hai1="84,113,46,34,98,40,118,61,108,60,97,86,30" hai2="29,107,49,17,95,68,18,85,42,19,4,7,3" hai3="119,41,121,22,120,135,37,8,101,80,88,129,125"/><U134/><E113/><V45/><F107/><W82/><G129/><T92/><D133/><U38/><E118/><V43/><F68/><W105/><G135/><T106/><D106/><U115/><E134/><V117/><F117/><W50/><G37/><T21/><D123/><U81/><E115/><V93/><F3/><W56/><G125/><T32/><D112/><U114/><E114/><V103/><F43/><W76/><G101/><T36/><D36/><U14/><E86/><V2/><F2/><W130/><G105/><T99/><D54/><U70/><E108/><V47/><F47/><W124/><G8/><T87/><D0/><U128/><E14/><V131/><F131/><W71/><G71/><T102/><REACH who="0" step="1"/><D1/><REACH who="0" ten="237,230,273,250" step="2"/><U90/><E128/><V5/><F103/><W52/><G120/><T67/><D67/><U96/><REACH who="1" step="1"/><E70/><REACH who="1" ten="237,220,273,250" step="2"/><V132/><F132/><W111/><G130/><T100/><D100/><U9/><E9/><V126/><F126/><W39/><G124/><T104/><D104/><U15/><E15/><V91/><F95/><W11/><G11/><T10/><D10/><U66/><E66/><V116/><F116/><W16/><G119/><T122/><D122/><U83/><E83/><V77/><F77/><W26/><G76/><T48/><AGARI ba="0,2" hai="20,21,27,28,32,48,53,58,87,89,92,94,99,102" machi="48" ten="20,5200,0" yaku="1,1,0,1,7,1,52,1,53,0" doraHai="24" doraHaiUra="64" who="0" fromWho="0" sc="237,72,220,-26,273,-13,250,-13" /><INIT seed="2,0,0,1,1,50" ten="309,194,260,237" oya="2" hai0="124,9,118,134,84,24,109,72,39,3,92,19,38" hai1="66,62,115,110,13,40,74,133,44,91,51,31,11" hai2="82,18,101,117,127,41,65,89,17,45,35,97,81" hai3="99,10,12,30,37,26,103,1,105,88,98,53,121"/><V8/><F117/><W63/><G37/><T71/><D72/><U0/><E115/><V119/><F119/><W93/><G1/><T48/><D71/><U34/><E0/><V32/><F127/><W57/><G121/><T56/><D109/><U120/><E110/><V94/><F65/><W6/><G105/><T21/><D124/><U43/><E133/><V33/><F8/><W130/><G130/><T70/><D70/><U123/><E74/><V42/><F42/><W54/><G99/><T67/><D134/><U104/><E104/><V135/><F135/><W126/><G126/><T79/><D67/><U36/><E91/><V131/><F131/><W14/><G14/><T76/><D76/><U85/><E85/><V95/><F81/><W23/><G103/><T47/><D9/><U64/><E64/><AGARI ba="0,0" hai="6,10,12,23,26,30,53,54,57,63,64,88,93,98" machi="64" ten="30,8000,1" yaku="7,1,8,1,52,2,54,1" doraHai="50" who="3" fromWho="1" sc="309,0,194,-80,260,0,237,80" /><INIT seed="3,0,0,4,2,11" ten="309,114,260,317" oya="3" hai0="37,39,7,118,83,62,68,38,23,48,111,110,105" hai1="96,72,126,113,90,21,74,43,122,18,8,17,80" hai2="107,47,81,104,78,117,70,129,71,94,101,98,33" hai3="52,128,49,30,51,25,14,58,103,16,119,27,60"/><W73/><G119/><T116/><D83/><U82/><E122/><V135/><F117/><N who="0" m="45162" /><D23/><U36/><E113/><V26/><F135/><W1/><G73/><T89/><D89/><U29/><E29/><V95/><F129/><W19/><G1/><T5/><D105/><U9/><E21/><V42/><F107/><W12/><G103/><T28/><D28/><U92/><E43/><V77/><F77/><W15/><G128/><T75/><D75/><U34/><E36/><V127/><F127/><W20/><G27/><T54/><D7/><U10/><E34/><V35/><F94/><W88/><G88/><T3/><D5/><U65/><E65/><V86/><F95/><W99/><G99/><T85/><D85/><U56/><E56/><V32/><REACH who="2" step="1"/><F26/><REACH who="2" ten="309,114,250,317" step="2"/><W131/><G131/><T31/><D110/><U57/><E126/><V53/><F53/><N who="3" m="32063" /><G60/><T13/><D54/><U40/><E40/><V79/><F79/><W84/><G84/><T109/><D62/><U24/><E24/><V132/><F132/><W87/><G87/><T67/><D111/><U64/><E74/><V106/><F106/><W44/><AGARI ba="0,1" hai="12,14,15,16,19,20,25,30,44,49,52" m="32063" machi="44" ten="30,18000,2" yaku="8,1,52,3,54,2" doraHai="11" who="3" fromWho="3" sc="309,-60,114,-60,250,-60,317,190" /><INIT seed="3,1,0,5,1,24" ten="249,54,190,507" oya="3" hai0="77,112,46,64,109,50,87,95,4,91,23,6,55" hai1="57,81,73,89,60,33,124,134,129,88,74,92,31" hai2="133,18,16,67,30,120,35,62,117,51,94,131,69" hai3="105,9,41,101,110,40,86,3,122,70,25,84,126"/><W104/><G122/><T5/><D109/><U7/><E129/><V48/><F117/><W22/><G70/><T38/><D112/><U19/><E134/><V32/><F131/><W72/><G72/><T65/><D38/><U17/><E124/><V52/><F133/><W130/><G126/><T21/><REACH who="0" step="1"/><D77/><REACH who="0" ten="239,54,190,507" step="2"/><U98/><E7/><V107/><F120/><W42/><G110/><T75/><D75/><U111/><E111/><V2/><F51/><W26/><G130/><T121/><D121/><U29/><E74/><V135/><F135/><W83/><G105/><T123/><D123/><U102/><E73/><V28/><F107/><W118/><G104/><T14/><D14/><U27/><E81/><V15/><F2/><W39/><G83/><T68/><D68/><U108/><E108/><V34/><F94/><W96/><G39/><T125/><D125/><U116/><E116/><V93/><F93/><W49/><G118/><T0/><D0/><U80/><E80/><V128/><F128/><W59/><G3/><T106/><D106/><U103/><E103/><V12/><F12/><W56/><G101/><T1/><D1/><U11/><E102/><V20/><REACH who="2" step="1"/><F18/><REACH who="2" ten="239,54,180,507" step="2"/><W43/><G49/><T53/><D53/><U79/><E92/><V115/><F115/><W85/><G41/><T82/><D82/><U76/><E19/><V45/><AGARI ba="1,2" hai="15,16,20,28,30,32,34,35,45,48,52,62,67,69" machi="45" ten="30,12000,2" yaku="1,1,0,1,52,2,54,2,53,0" doraHai="24" doraHaiUra="119" who="2" fromWho="2" sc="239,-31,54,-31,180,143,507,-61" /><INIT seed="4,0,0,1,1,111" ten="208,23,323,446" oya="0" hai0="1,102,15,45,5,105,53,74,120,3,31,124,85" hai1="93,7,17,34,76,42,81,121,57,28,129,75,36" hai2="58,97,135,4,122,72,0,25,131,51,32,52,79" hai3="23,71,21,84,9,61,26,92,24,115,89,80,73"/><T86/><D120/><U38/><E121/><V44/><F122/><W67/><G115/><T11/><D74/><U37/><E129/><V46/><F131/><W110/><G110/><T16/><D124/><U100/><E17/><V64/><F135/><W98/><G73/><T20/><D1/><U106/><E93/><V70/><F97/><W35/><G9/><T116/><D116/><U77/><E57/><V68/><F4/><W49/><G49/><T117/><D117/><U94/><E94/><V63/><F0/><W114/><G114/><T6/><D6/><U91/><E91/><V59/><F25/><W48/><G48/><T123/><D123/><U119/><E77/><V87/><F87/><W33/><G23/><T90/><D90/><U109/><E119/><V50/><F32/><W78/><G26/><T62/><D31/><AGARI ba="0,0" hai="21,24,31,33,35,61,67,71,78,80,84,89,92,98" machi="31" ten="30,1000,0" yaku="7,1" doraHai="111" who="3" fromWho="0" sc="208,-10,23,0,323,0,446,10" /><INIT seed="5,0,0,0,1,83" ten="198,23,323,456" oya="1" hai0="121,22,47,53,69,94,36,0,51,82,90,96,70" hai1="114,12,80,16,106,100,112,33,11,18,20,46,58" hai2="129,61,98,134,120,55,13,35,117,127,14,9,72" hai3="77,68,92,23,115,75,74,71,1,126,79,101,108"/><U21/><E33/><V133/><F72/><W104/><G108/><T102/><D0/><U113/><E100/><V38/><F38/><W29/><G68/><T10/><D121/><U95/><E106/><V57/><F120/><W124/><G71/><T44/><D10/><U65/><E46/><V116/><F35/><W25/><G1/><T24/><D36/><U128/><E128/><V130/><F98/><N who="3" m="59591" /><G115/><T85/><REACH who="0" step="1"/><D44/><REACH who="0" ten="188,23,323,456" step="2"/><U67/><E11/><V4/><F117/><W54/><G124/><T111/><D111/><U19/><E95/><V73/><F116/><W91/><G126/><T59/><D59/><U8/><E8/><V119/><F119/><W49/><G104/><T34/><D34/><U56/><E80/><V132/><F127/><W15/><G23/><N who="1" m="8778" /><E12/><V103/><F14/><W7/><G15/><T109/><D109/><U2/><E2/><V31/><F13/><W40/><G7/><T66/><D66/><AGARI ba="0,1" hai="16,18,19,56,58,65,66,67,112,113,114" m="8778" machi="66" ten="40,12000,1" yaku="28,2,15,1,54,1" doraHai="83" who="1" fromWho="0" sc="188,-120,23,130,323,0,456,0" /><INIT seed="5,1,0,1,5,95" ten="68,153,323,456" oya="1" hai0="19,109,70,49,43,111,88,103,87,32,61,4,20" hai1="105,131,78,3,104,22,16,79,51,26,123,11,10" hai2="31,24,74,75,40,85,36,30,17,14,41,39,27" hai3="94,37,64,132,100,57,127,68,133,76,12,117,124"/><U77/><E123/><V42/><F85/><W35/><G37/><N who="2" m="14409" /><F14/><W8/><G68/><T82/><D32/><U126/><E126/><N who="3" m="48170" /><G76/><T15/><D4/><U18/><E131/><V33/><F17/><W7/><G35/><T92/><D70/><U86/><E3/><V96/><F33/><W97/><G117/><T98/><REACH who="0" step="1"/><D61/><AGARI ba="1,0" hai="7,8,12,57,61,64,94,97,100,132,133" m="48170" machi="61" ten="30,2000,0" yaku="18,1,52,1" doraHai="95" who="3" fromWho="0" sc="68,-23,153,0,323,0,456,23" /><INIT seed="6,0,0,3,1,47" ten="45,153,323,479" oya="2" hai0="62,50,85,33,39,57,49,21,99,128,19,90,74" hai1="109,129,34,119,110,0,111,23,107,22,91,31,77" hai2="1,118,59,51,35,117,103,30,72,123,2,81,78" hai3="83,66,80,113,25,18,131,16,28,4,41,71,122"/><V32/><F123/><W3/><G131/><T93/><D128/><U17/><E129/><V61/><F103/><W105/><G105/><T58/><D74/><U101/><E77/><V100/><F100/><W24/><G113/><T87/><D39/><U27/><E91/><V55/><F30/><W69/><G41/><T70/><D70/><U112/><E101/><V11/><F11/><W43/><G43/><T102/><D33/><U64/><E64/><V84/><F35/><W65/><G28/><T10/><D10/><U108/><E107/><V12/><F12/><W95/><G95/><T75/><D75/><U106/><E106/><V97/><F97/><W104/><G104/><T8/><D8/><U116/><E112/><V130/><F32/><W82/><G4/><T29/><D29/><U38/><E38/><V73/><F130/><W126/><G126/><T98/><D58/><U52/><E0/><V56/><F73/><W88/><G3/><T40/><D40/><U135/><E34/><V46/><F59/><W53/><G122/><T120/><D87/><U45/><E111/><V60/><F60/><W121/><G121/><T54/><D120/><U115/><E115/><V124/><F124/><W36/><G69/><T76/><D76/><U94/><E110/><V7/><F72/><W89/><G24/><N who="0" m="14399" /><D99/><U5/><E108/><V6/><F2/><W26/><G71/><T37/><D37/><U125/><E125/><V96/><F96/><W92/><G36/><T134/><D134/><U127/><E135/><V44/><F1/><W67/><G26/><T48/><D98/><RYUUKYOKU ba="0,0" sc="45,30,153,-10,323,-10,479,-10" hai0="48,49,50,54,57,62,85,90,93,102" /><INIT seed="7,1,0,5,3,32" ten="75,143,313,469" oya="3" hai0="67,77,7,132,63,48,100,120,38,30,70,91,85" hai1="46,101,80,19,108,115,102,117,24,23,21,76,13" hai2="131,79,36,34,114,99,57,22,40,129,59,118,43" hai3="60,119,39,50,84,28,8,52,2,31,27,127,18"/><W61/><G39/><T15/><D120/><U14/><E108/><V17/><F34/><W128/><G119/><T106/><D132/><U74/><E115/><V92/><F79/><W111/><G127/><T64/><D38/><U4/><E117/><V96/><F118/><W73/><G73/><T10/><D77/><U37/><E13/><V33/><F33/><W97/><G84/><T113/><D113/><U126/><E126/><V107/><F36/><W112/><G2/><T110/><D110/><U104/><E104/><V78/><F78/><W44/><G128/><T5/><D30/><U25/><E25/><V87/><F87/><W98/><G28/><T29/><D29/><U122/><E122/><V41/><F107/><W42/><G42/><T47/><D67/><U20/><E20/><V93/><F114/><W72/><G72/><T121/><D121/><U62/><E62/><V94/><F22/><W88/><G98/><T95/><D100/><U69/><E69/><V49/><F17/><W51/><G111/><T134/><D106/><U86/><E74/><V83/><F83/><W12/><G31/><T3/><D134/><U0/><E23/><V135/><F135/><W65/><G112/><T54/><REACH who="0" step="1"/><D7/><REACH who="0" ten="65,143,313,469" step="2"/><U16/><E4/><V58/><F49/><W133/><G51/><T53/><D53/><U71/><E102/><V26/><F26/><W103/><G133/><T66/><D66/><U1/><E101/><V130/><AGARI ba="1,1" hai="40,41,43,57,58,59,92,93,94,96,99,129,130,131" machi="130" ten="50,32000,5" yakuman="40" doraHai="32" who="2" fromWho="2" sc="65,-81,143,-81,313,333,469,-161" owari="-16,-51.6,62,-33.8,646,74.6,308,10.8" /></mjloggm>