<mjloggm ver="2.3"><GO type="169" lobby="0"/><UN n0="%E9%A2%A8%E3%81%A7%E9%B3%B4%E3%81%8F" n1="%E2%80%A0%E7%99%BD%E5%85%8E%E2%80%A0" n2="%E5%9B%9B%E5%89%AF%E9%9C%B2%E5%8D%98%E9%A8%8E" n3="%E3%83%8F%E3%82%BF%E3%83%A2%E3%83%88%E3%83%92%E3%83%AD" dan="17,17,16,16" rate="2207.09,2228.68,2052.40,2145.40" sx="M,M,F,M"/><TAIKYOKU oya="0"/><INIT seed="0,0,0,5,0,97" ten="250,250,250,250" oya="0" hai0="28,44,70,135,127,0,38,124,68,118,53,114,134" hai1="89,98,24,12,22,2,32,101,43,14,15,85,115" hai2="119,57,75,30,36,11,91,83,131,3,19,77,128" hai3="106,40,27,56,93,1,60,35,9,129,121,103,7"/><T26/><D0/><U72/><E72/><V132/><F132/><N who="0" m="50730" /><D118/><U66/><E115/><V64/><F119/><W49/><G106/><T29/><D29/><U102/><E2/><V5/><F30/><W8/><G121/><T39/><D114/><U71/><E32/><V13/><F91/><W48/><G129/><T16/><D16/><N who="1" m="12359" /><E71/><N who="0" m="27177" /><D53/><U117/><E117/><V52/><F64/><W95/><G9/><T74/><D74/><U45/><E98/><V86/><F36/><N who="0" m="13866" /><D44/><U107/><E107/><V94/><F3/><W125/><G1/><T126/><D28/><U4/><E66/><V112/><F112/><W79/><G27/><AGARI ba="0,0" hai="26,27,124,126,127" m="13866,27177,50730" machi="27" ten="50,12000,1" yaku="28,2,18,1,20,1" doraHai="97" who="0" fromWho="3" sc="250,120,250,0,250,0,250,-120" /><INIT seed="0,1,0,3,2,83" ten="370,250,250,130" oya="0" hai0="39,84,67,6,45,55,73,38,92,111,72,119,50" hai1="24,135,82,87,128,91,121,13,106,105,66,74,61" hai2="116,30,120,79,75,19,68,16,101,134,48,69,113" hai3="54,60,129,0,58,40,52,11,12,20,109,78,4"/><T17/><D119/><U44/><E121/><V7/><F113/><W49/><G129/><T86/><D6/><U98/><E128/><V42/><F30/><W28/><G109/><T89/><D111/><U63/><E135/><V33/><F33/><W124/><G124/><T94/><D67/><U133/><E133/><V29/><F29/><W65/><G78/><T76/><D76/><U1/><E1/><V125/><F101/><W110/><G110/><T71/><D71/><U90/><E74/><V8/><F134/><W95/><G0/><T122/><D122/><U107/><E24/><V18/><F120/><W47/><G28/><T10/><D10/><U102/><E61/><V131/><F131/><W127/><G127/><T43/><D17/><U59/><E13/><V37/><F48/><W15/><G20/><T80/><D80/><U126/><E126/><V14/><F116/><W34/><G34/><T108/><D108/><U56/><E56/><V99/><F99/><W88/><G12/><T5/><D5/><U93/><REACH who="1" step="1"/><E44/><REACH who="1" ten="370,240,250,130" step="2"/><V104/><F125/><W2/><REACH who="3" step="1"/><G2/><REACH who="3" ten="370,240,250,120" step="2"/><T21/><D73/><U117/><E117/><V81/><F14/><W118/><G118/><T64/><D72/><U35/><E35/><V100/><F75/><W62/><G62/><T31/><D21/><U96/><AGARI ba="1,2" hai="59,63,66,82,87,90,91,93,96,98,102,105,106,107" machi="96" ten="20,12000,2" yaku="1,1,0,1,7,1,52,1,53,2" doraHai="83" doraHaiUra="85" who="1" fromWho="1" sc="370,-61,240,143,250,-31,120,-31" /><INIT seed="1,0,0,2,0,48" ten="309,383,219,89" oya="1" hai0="40,89,14,10,133,112,26,118,94,101,56,39,57" hai1="79,4,78,81,90,115,53,128,104,127,107,27,96" hai2="66,93,6,116,7,2,70,29,47,126,28,74,61" hai3="77,122,23,31,8,95,64,36,113,76,15,13,22"/><U100/><E115/><V97/><F116/><W123/><G36/><T99/><D118/><U134/><E128/><V46/><F74/><W69/><G64/><T65/><D65/><U68/><E68/><V130/><F130/><W82/><G69/><T67/><D67/><U3/><E127/><V0/><F126/><W11/><G95/><T125/><D125/><U55/><E134/><V86/><F86/><W24/><G82/><T21/><D112/><U44/><E107/><V135/><F135/><W30/><G113/><T41/><D89/><U18/><E4/><V120/><F120/><W38/><G38/><T32/><D32/><U129/><E3/><V19/><F19/><W105/><REACH who="3" step="1"/><G24/><REACH who="3" ten="309,383,219,79" step="2"/><T12/><D26/><U20/><E129/><V132/><F93/><W84/><G84/><T35/><D94/><U102/><E102/><V33/><F66/><W54/><G54/><T124/><D101/><U9/><E55/><V110/><F70/><W75/><G75/><T88/><D39/><U62/><E81/><V51/><F132/><W91/><G91/><T73/><D88/><U72/><E90/><V103/><F103/><W119/><G119/><T37/><D73/><U34/><E72/><V59/><F97/><W52/><G52/><T1/><D99/><U42/><E79/><V87/><F87/><W117/><G117/><T98/><D37/><N who="1" m="21583" /><E78/><V25/><F25/><W108/><G108/><T17/><D124/><U131/><E131/><V109/><F109/><W111/><G111/><T83/><D133/><U121/><E96/><V49/><F110/><W114/><G114/><RYUUKYOKU ba="0,1" sc="309,-10,383,-10,219,-10,79,30" hai3="8,11,13,15,22,23,30,31,76,77,105,122,123" /><INIT seed="2,1,1,2,1,72" ten="299,373,209,109" oya="2" hai0="123,45,2,35,67,111,82,80,93,107,15,115,124" hai1="47,27,41,42,120,118,24,25,116,91,30,90,106" hai2="33,64,84,92,104,56,74,87,130,0,55,17,101" hai3="86,16,68,13,126,110,10,79,76,81,113,105,59"/><V20/><F33/><W60/><G68/><T134/><D35/><U19/><E106/><V4/><F74/><W14/><G105/><T52/><D107/><U39/><E30/><V71/><F104/><W37/><G37/><T125/><D2/><U9/><E120/><V12/><F130/><W127/><G110/><T69/><D67/><U29/><E29/><V98/><F71/><W1/><G1/><T66/><D123/><U108/><E108/><V99/><F64/><W18/><G113/><T7/><D93/><U85/><E42/><V36/><F36/><W62/><G79/><T94/><D94/><U131/><E131/><V129/><F99/><W8/><G59/><T3/><D3/><U38/><E38/><V54/><F129/><W26/><G26/><T58/><D45/><U70/><E70/><V77/><F77/><W102/><G102/><T51/><D134/><U50/><E91/><V28/><F54/><W73/><G73/><T135/><D115/><U128/><E39/><V97/><F97/><W5/><G5/><T63/><D135/><U75/><E75/><V78/><F78/><W53/><G53/><T88/><D88/><U95/><E128/><V57/><F28/><W6/><G6/><T109/><D111/><U48/><E48/><N who="2" m="30823" /><F57/><W117/><REACH who="3" step="1"/><G117/><REACH who="3" ten="299,373,209,99" step="2"/><T112/><D112/><U11/><E118/><V34/><F0/><W96/><G96/><T44/><D109/><U43/><E116/><V65/><F4/><W121/><G121/><T103/><D103/><U46/><E43/><V89/><F101/><W22/><G22/><T114/><D114/><RYUUKYOKU ba="1,2" sc="299,-10,373,-10,209,-10,99,30" hai3="8,10,13,14,16,18,60,62,76,81,86,126,127" /><INIT seed="3,2,2,3,1,85" ten="289,363,199,129" oya="3" hai0="125,101,77,12,69,72,55,2,39,65,43,44,107" hai1="58,81,105,35,25,122,83,5,3,32,76,60,21" hai2="7,132,131,116,31,84,110,27,99,24,108,92,66" hai3="94,111,38,80,87,100,46,106,56,112,82,50,93"/><W10/><G112/><T118/><D118/><U68/><E68/><V86/><F116/><W127/><G38/><T119/><D119/><U109/><E105/><V91/><F131/><W52/><G106/><T90/><D125/><U45/><E122/><V30/><F132/><W29/><G127/><T97/><D12/><U36/><E83/><V63/><F7/><W135/><G135/><T114/><D114/><U89/><E89/><V98/><F63/><W88/><G111/><N who="2" m="42537" /><F66/><W73/><G29/><N who="2" m="10761" /><F84/><W13/><G56/><T33/><D33/><U95/><E5/><V49/><F49/><W133/><G133/><T4/><D90/><U123/><E32/><V59/><F59/><W64/><G64/><T22/><D55/><U48/><E35/><V70/><F70/><W14/><G14/><T37/><D37/><U8/><E36/><V113/><F113/><W47/><G46/><T102/><D65/><U53/><E45/><V104/><F104/><W124/><G124/><T96/><D69/><U120/><E60/><V129/><F129/><W19/><G100/><T103/><D107/><U17/><E109/><V115/><F115/><W54/><G54/><T67/><D67/><U61/><E61/><V41/><F41/><W28/><G28/><T117/><D117/><U57/><E57/><V121/><F121/><W79/><AGARI ba="2,2" hai="10,13,19,47,50,52,73,79,80,82,87,88,93,94" machi="79" ten="30,18000,2" yaku="0,1,25,2,52,1,54,2" doraHai="85" who="3" fromWho="3" sc="289,-62,363,-62,199,-62,129,206" /><INIT seed="3,3,0,3,2,90" ten="227,301,137,335" oya="3" hai0="40,122,32,23,132,15,3,81,102,41,93,58,34" hai1="117,125,116,12,75,50,99,0,77,5,52,106,13" hai2="1,110,121,131,22,80,25,94,17,129,42,95,120" hai3="101,14,4,2,124,109,16,39,6,65,11,108,78"/><W24/><G39/><T103/><D3/><U67/><E67/><V18/><F1/><W107/><G78/><T44/><D40/><U33/><E33/><V105/><F105/><W26/><G65/><T71/><D71/><U49/><E49/><V30/><F42/><W21/><G101/><T45/><D45/><U28/><E28/><V19/><F80/><W38/><G107/><T43/><D43/><U66/><E66/><V27/><F110/><N who="3" m="42603" /><G38/><T55/><D81/><N who="1" m="45247" /><E125/><V104/><F104/><W36/><G36/><T74/><D74/><U133/><E133/><V29/><F18/><W10/><G124/><T87/><D103/><U54/><E54/><V69/><REACH who="2" step="1"/><F22/><REACH who="2" ten="227,301,127,335" step="2"/><W111/><G111/><T92/><D23/><U76/><E106/><V98/><F98/><W57/><G57/><T82/><D58/><U118/><E99/><V51/><F51/><W85/><G85/><T70/><D87/><U8/><E76/><V73/><F73/><W63/><G63/><T91/><D70/><AGARI ba="3,1" hai="17,19,25,27,29,30,69,70,94,95,120,121,129,131" machi="70" ten="25,8000,1" yaku="1,1,22,2,52,2,53,0" doraHai="90" doraHaiUra="31" who="2" fromWho="0" sc="227,-89,301,0,127,99,335,0" /><INIT seed="4,0,0,1,2,120" ten="138,301,226,335" oya="0" hai0="116,73,111,36,41,56,64,23,66,75,79,130,18" hai1="74,97,54,124,95,4,132,31,84,38,53,69,128" hai2="22,43,117,19,106,16,96,24,3,45,108,72,127" hai3="47,129,25,82,87,115,125,89,10,5,122,88,14"/><T28/><D116/><U68/><E74/><V52/><F3/><W121/><G129/><T107/><D107/><U13/><E38/><V12/><F72/><W21/><G125/><T80/><D75/><U76/><E31/><V51/><F127/><W29/><G115/><T6/><D130/><U11/><E128/><V85/><F117/><W33/><G47/><T46/><D28/><U114/><E132/><V135/><F135/><W30/><G30/><T99/><D99/><U49/><E54/><V78/><F108/><W55/><G55/><T131/><D131/><U61/><E61/><V63/><F106/><W59/><G59/><T7/><D111/><U102/><E114/><V126/><F126/><W40/><G40/><T67/><REACH who="0" step="1"/><D56/><REACH who="0" ten="128,301,226,335" step="2"/><U83/><E124/><V86/><F96/><W104/><G104/><T90/><D90/><U15/><E69/><V58/><REACH who="2" step="1"/><F78/><REACH who="2" ten="128,301,216,335" step="2"/><W134/><G134/><T112/><D112/><U98/><E98/><V8/><AGARI ba="0,2" hai="8,12,16,19,22,24,43,45,51,52,58,63,85,86" machi="8" ten="20,16000,3" yaku="1,1,2,1,0,1,7,1,8,1,54,2,53,1" doraHai="120" doraHaiUra="50" who="2" fromWho="2" sc="128,-80,301,-40,216,180,335,-40" /><INIT seed="5,0,0,3,4,40" ten="48,261,396,295" oya="1" hai0="108,121,61,78,59,72,119,47,57,110,22,62,56" hai1="131,134,86,37,95,90,98,13,73,91,123,103,11" hai2="124,92,28,113,83,115,1,48,19,14,6,35,49" hai3="94,0,9,20,82,16,15,43,105,80,66,55,25"/><U10/><E123/><V67/><F124/><W39/><G105/><T88/><D78/><U69/><E69/><V29/><F67/><W58/><G66/><T97/><D72/><U122/><E122/><V87/><F92/><W74/><G0/><T45/><D121/><U84/><E73/><V129/><F129/><W71/><G71/><T104/><D104/><U12/><E37/><V75/><F75/><W33/><G33/><T132/><D119/><U51/><E134/><V31/><F35/><W130/><G130/><T52/><D132/><U112/><E112/><N who="2" m="43083" /><F6/><W8/><G8/><T32/><D32/><U70/><E70/><V101/><F101/><W44/><G94/><N who="0" m="56519" /><D110/><U21/><E131/><V3/><F3/><W109/><G109/><T102/><D108/><U81/><E21/><N who="2" m="11511" /><F1/><W79/><G82/><T118/><D118/><U77/><E10/><V117/><F117/><W5/><G5/><T27/><D102/><U111/><E111/><V53/><F53/><W127/><G127/><T76/><D76/><AGARI ba="0,0" hai="28,29,31,48,49,76,83,87" m="11511,43083" machi="76" ten="30,2000,0" yaku="15,1,11,1" doraHai="40" who="2" fromWho="0" sc="48,-20,261,0,396,20,295,0" /><INIT seed="6,0,0,4,3,72" ten="28,261,416,295" oya="2" hai0="129,39,14,2,122,37,45,40,97,127,42,111,56" hai1="123,124,66,53,10,51,80,29,6,110,58,27,24" hai2="100,9,48,49,69,25,22,89,30,63,7,112,26" hai3="91,87,18,38,41,17,4,113,81,31,118,95,125"/><V104/><F112/><W98/><G118/><T120/><D14/><U21/><E110/><V92/><F100/><W64/><G125/><T115/><D97/><U12/><E124/><V19/><F104/><W68/><G113/><T103/><D103/><U132/><E132/><V133/><F133/><W105/><G105/><T77/><D2/><U20/><E123/><V33/><F69/><W96/><G4/><T70/><D115/><U130/><E130/><V85/><REACH who="2" step="1"/><F63/><REACH who="2" ten="28,261,406,295" step="2"/><W55/><G68/><T16/><D70/><U114/><E114/><V83/><F83/><W59/><G81/><T23/><D127/><U121/><E80/><V5/><F5/><W128/><G128/><T50/><D129/><U82/><E82/><V108/><F108/><W61/><G61/><T107/><D111/><U109/><E109/><V65/><F65/><W57/><G64/><T74/><D107/><U62/><E121/><V13/><AGARI ba="0,1" hai="7,9,13,19,22,25,26,30,33,48,49,85,89,92" machi="13" ten="20,3900,0" yaku="1,1,0,1,7,1,53,0" doraHai="72" doraHaiUra="73" who="2" fromWho="2" sc="28,-13,261,-13,406,49,295,-13" /><INIT seed="6,1,0,5,5,41" ten="15,248,455,282" oya="2" hai0="127,117,124,43,47,110,132,30,90,4,118,67,94" hai1="63,16,45,34,100,28,126,81,46,72,87,101,106" hai2="79,65,59,78,74,18,73,77,38,115,23,14,22" hai3="89,8,31,49,10,116,19,1,103,104,109,57,80"/><V29/><F38/><W119/><G109/><T95/><D95/><U66/><E72/><V114/><F65/><W37/><G31/><T61/><D94/><U55/><E126/><N who="0" m="48169" /><D90/><U122/><E122/><V121/><F121/><W26/><G10/><T68/><D4/><U75/><E75/><V123/><F123/><W52/><G37/><N who="0" m="21999" /><D30/><U13/><E34/><V54/><F23/><W120/><G120/><T9/><D9/><N who="1" m="6191" /><E66/><V35/><F35/><W32/><G103/><N who="1" m="39498" /><E28/><V105/><F105/><W42/><G104/><T91/><D91/><N who="1" m="51695" /><E106/><V70/><F70/><W40/><G1/><T82/><D82/><U2/><E2/><V48/><F29/><W24/><G80/><T86/><D86/><U36/><E36/><V56/><F56/><AGARI ba="1,0" hai="45,46,55,56,63" m="51695,39498,6191" machi="56" ten="30,7700,0" yaku="8,1,52,2,54,1" doraHai="41" who="1" fromWho="2" sc="15,0,248,80,455,-80,282,0" /><INIT seed="7,0,0,3,4,129" ten="15,328,375,282" oya="3" hai0="9,66,39,53,17,73,58,12,113,70,75,110,61" hai1="94,37,15,51,131,4,127,56,116,11,124,2,83" hai2="34,1,20,133,125,43,24,89,10,52,41,98,5" hai3="63,54,55,82,108,46,67,33,95,3,65,71,59"/><W21/><G33/><T130/><D130/><U100/><E131/><V107/><F34/><W28/><G3/><T8/><D110/><U117/><E37/><V18/><F133/><W57/><G108/><T122/><D122/><U30/><E83/><V23/><F125/><N who="1" m="48201" /><E30/><V135/><F135/><W85/><G95/><T72/><D39/><U132/><E132/><V49/><F20/><W45/><G71/><T99/><D113/><U42/><E2/><V115/><F115/><W90/><G45/><T38/><D38/><U25/><E25/><V35/><F35/><W78/><G46/><T50/><D99/><N who="1" m="59511" /><E56/><V88/><F107/><W14/><G78/><T105/><D105/><U111/><E111/><V76/><F76/><W96/><G96/><T26/><D26/><U114/><E114/><V84/><F98/><W69/><G69/><T40/><D40/><U128/><E128/><V87/><F87/><W31/><G31/><T64/><D64/><U123/><E123/><V79/><F79/><W16/><REACH who="3" step="1"/><G28/><REACH who="3" ten="15,328,375,272" step="2"/><T74/><N who="0" m="18432" /><DORA hai="106" /><T6/><REACH who="0" step="1"/><D8/><REACH who="0" ten="5,328,375,272" step="2"/><U32/><E11/><V86/><F10/><W119/><G119/><T68/><D68/><U27/><E117/><V7/><F89/><W44/><G44/><T36/><D36/><U62/><E116/><V93/><F88/><W121/><G121/><T81/><D81/><U104/><E104/><V92/><F92/><W97/><G97/><T22/><D22/><U80/><E80/><V112/><F93/><W13/><G13/><T118/><D118/><U29/><E15/><V134/><F23/><W126/><G126/><RYUUKYOKU ba="0,2" sc="5,15,328,-15,375,-15,272,15" hai0="6,9,12,17,50,53,58,61,66,70" hai3="14,16,21,54,55,57,59,63,65,67,82,85,90" /><INIT seed="7,1,2,0,5,95" ten="20,313,360,287" oya="3" hai0="12,129,131,51,81,68,114,13,55,35,6,4,58" hai1="104,113,31,84,70,15,66,32,106,61,77,44,93" hai2="20,69,18,63,34,127,102,103,82,119,21,130,57" hai3="105,14,98,54,3,8,10,52,59,115,121,1,19"/><W112/><G121/><T43/><D35/><U28/><E113/><N who="3" m="43594" /><G10/><T64/><D114/><U133/><E133/><V85/><F34/><W118/><G118/><T86/><D129/><U134/><E134/><V88/><F119/><W94/><G105/><T120/><D131/><U72/><E72/><V5/><F130/><W117/><G117/><T40/><D120/><U109/><E109/><V24/><F127/><W0/><G59/><T47/><D43/><U71/><E71/><V126/><F69/><W128/><G128/><T74/><D74/><U23/><E32/><V83/><F126/><W29/><G29/><T132/><D132/><U99/><E31/><N who="2" m="17799" /><F5/><W125/><G125/><T79/><D6/><U33/><E33/><V45/><F45/><W11/><G11/><T56/><D56/><U65/><E65/><N who="2" m="39151" /><F82/><W80/><G80/><T50/><D50/><U53/><E106/><V111/><F111/><W73/><G73/><T116/><D116/><U49/><E104/><V9/><F9/><W87/><G87/><T78/><D78/><U67/><E84/><V101/><F101/><AGARI ba="1,2" hai="0,1,3,8,14,19,52,54,94,98,101" m="43594" machi="101" ten="40,7700,0" yaku="15,1,52,1,54,1" doraHai="95" who="3" fromWho="2" sc="20,0,313,0,360,-80,287,100" owari="20,-48.0,313,11.3,280,-12.0,387,48.7" /></mjloggm>